|j|☆uwontwinprobably
|j|☆AllegianceIs2UrMom
|t:|1758319681
|gametype|singles
|player|p1|uwontwinprobably|acetrainer-gen4dp|1599
|player|p2|AllegianceIs2UrMom|170|1542
|gen|9
|tier|[Gen 9] OU
|rated|
|rule|HP Percentage Mod: HP is shown in percentages
|rule|Endless Battle Clause: Forcing endless battles is banned
|rule|Species Clause: Limit one of each Pokémon
|rule|OHKO Clause: OHKO moves are banned
|rule|Evasion Items Clause: Evasion items are banned
|rule|Evasion Moves Clause: Evasion moves are banned
|rule|Evasion Abilities Clause: Evasion abilities are banned
|rule|Sleep Moves Clause: Sleep-inducing moves are banned
|clearpoke
|poke|p1|Heatran, M|
|poke|p1|Zamazenta-*|
|poke|p1|Enamorus, F|
|poke|p1|Ursaluna, F|
|poke|p1|Ogerpon-Wellspring, F|
|poke|p1|Kyurem|
|poke|p2|Metagross|
|poke|p2|Hatterene, F|
|poke|p2|Iron Hands|
|poke|p2|Toedscruel, F|
|poke|p2|Pelipper, M|
|poke|p2|Ursaluna, M|
|teampreview
|
|t:|1758319702
|teamsize|p1|6
|teamsize|p2|6
|start
|switch|p1a: Enamorus|Enamorus, F|100/100
|switch|p2a: Pelipper|Pelipper, M|100/100
|-weather|RainDance|[from] ability: Drizzle|[of] p2a: Pelipper
|turn|1
|inactive|Battle timer is ON: inactive players will automatically lose when time's up. (requested by AllegianceIs2UrMom)
|
|t:|1758319708
|move|p1a: Enamorus|Moonblast|p2a: Pelipper
|-damage|p2a: Pelipper|6/100
|-damage|p1a: Enamorus|90/100|[from] item: Life Orb
|move|p2a: Pelipper|Weather Ball|p1a: Enamorus
|-damage|p1a: Enamorus|0 fnt
|faint|p1a: Enamorus
|
|-weather|RainDance|[upkeep]
|upkeep
|inactive|uwontwinprobably has 120 seconds left.
|
|t:|1758319741
|switch|p1a: Heatran|Heatran, M|100/100
|turn|2
|
|t:|1758319750
|switch|p2a: Hatterene|Hatterene, F|100/100
|move|p1a: Heatran|Heat Wave|p2a: Hatterene
|-damage|p2a: Hatterene|73/100
|
|-weather|RainDance|[upkeep]
|-heal|p2a: Hatterene|79/100|[from] item: Leftovers
|upkeep
|turn|3
|
|t:|1758319754
|move|p1a: Heatran|Heat Wave|p2a: Hatterene
|-damage|p2a: Hatterene|53/100
|-status|p2a: Hatterene|brn
|move|p2a: Hatterene|Trick Room|p2a: Hatterene
|-fieldstart|move: Trick Room|[of] p2a: Hatterene
|
|-weather|RainDance|[upkeep]
|-heal|p2a: Hatterene|59/100 brn|[from] item: Leftovers
|-damage|p2a: Hatterene|53/100 brn|[from] brn
|upkeep
|turn|4
|
|t:|1758319760
|switch|p2a: Ursaluna|Ursaluna, M|100/100
|move|p1a: Heatran|Heat Wave|p2a: Ursaluna
|-damage|p2a: Ursaluna|80/100
|
|-weather|RainDance|[upkeep]
|-status|p2a: Ursaluna|brn|[from] item: Flame Orb
|upkeep
|turn|5
|
|t:|1758319765
|move|p2a: Ursaluna|Facade|p1a: Heatran
|-resisted|p1a: Heatran
|-damage|p1a: Heatran|38/100
|move|p1a: Heatran|Heat Wave|p2a: Ursaluna
|-damage|p2a: Ursaluna|56/100 brn
|
|-weather|none
|-damage|p2a: Ursaluna|50/100 brn|[from] brn
|upkeep
|turn|6
|
|t:|1758319768
|move|p2a: Ursaluna|Facade|p1a: Heatran
|-resisted|p1a: Heatran
|-damage|p1a: Heatran|0 fnt
|faint|p1a: Heatran
|
|-damage|p2a: Ursaluna|44/100 brn|[from] brn
|upkeep
|
|t:|1758319771
|switch|p1a: Zamazenta|Zamazenta|100/100
|-ability|p1a: Zamazenta|Dauntless Shield|boost
|-boost|p1a: Zamazenta|def|1
|turn|7
|
|t:|1758319778
|move|p2a: Ursaluna|Facade|p1a: Zamazenta
|-damage|p1a: Zamazenta|16/100
|move|p1a: Zamazenta|Close Combat|p2a: Ursaluna
|-supereffective|p2a: Ursaluna
|-damage|p2a: Ursaluna|0 fnt
|-unboost|p1a: Zamazenta|def|1
|-unboost|p1a: Zamazenta|spd|1
|faint|p2a: Ursaluna
|-damage|p1a: Zamazenta|7/100|[from] item: Life Orb
|
|-fieldend|move: Trick Room
|upkeep
|
|t:|1758319784
|switch|p2a: Hatterene|Hatterene, F|53/100 brn
|turn|8
|
|t:|1758319787
|move|p1a: Zamazenta|Iron Head|p2a: Hatterene
|-supereffective|p2a: Hatterene
|-damage|p2a: Hatterene|0 fnt
|faint|p2a: Hatterene
|-damage|p1a: Zamazenta|0 fnt|[from] item: Life Orb
|faint|p1a: Zamazenta
|
|upkeep
|
|t:|1758319799
|switch|p1a: Kyurem|Kyurem|100/100
|switch|p2a: Toedscruel|Toedscruel, F|100/100
|-ability|p1a: Kyurem|Pressure
|turn|9
|
|t:|1758319806
|move|p1a: Kyurem|Freeze-Dry|p2a: Toedscruel
|-supereffective|p2a: Toedscruel
|-damage|p2a: Toedscruel|4/100
|move|p2a: Toedscruel|Trick Room|p2a: Toedscruel
|-fieldstart|move: Trick Room|[of] p2a: Toedscruel
|
|-heal|p2a: Toedscruel|10/100|[from] item: Leftovers
|upkeep
|turn|10
|
|t:|1758319811
|move|p2a: Toedscruel|Earth Power|p1a: Kyurem
|-damage|p1a: Kyurem|78/100
|move|p1a: Kyurem|Freeze-Dry|p2a: Toedscruel
|-supereffective|p2a: Toedscruel
|-damage|p2a: Toedscruel|0 fnt
|faint|p2a: Toedscruel
|
|upkeep
|
|t:|1758319815
|switch|p2a: Iron Hands|Iron Hands|100/100
|turn|11
|
|t:|1758319819
|move|p2a: Iron Hands|Swords Dance|p2a: Iron Hands
|-boost|p2a: Iron Hands|atk|2
|move|p1a: Kyurem|Freeze-Dry|p2a: Iron Hands
|-damage|p2a: Iron Hands|64/100
|
|-heal|p2a: Iron Hands|70/100|[from] item: Leftovers
|upkeep
|turn|12
|
|t:|1758319822
|move|p2a: Iron Hands|Drain Punch|p1a: Kyurem
|-supereffective|p1a: Kyurem
|-damage|p1a: Kyurem|0 fnt
|-heal|p2a: Iron Hands|99/100|[from] drain|[of] p1a: Kyurem
|faint|p1a: Kyurem
|
|-heal|p2a: Iron Hands|100/100|[from] item: Leftovers
|upkeep
|
|t:|1758319832
|switch|p1a: Ursaluna|Ursaluna, F|100/100
|turn|13
|
|t:|1758319845
|-terastallize|p1a: Ursaluna|Dragon
|move|p2a: Iron Hands|Drain Punch|p1a: Ursaluna
|-damage|p1a: Ursaluna|26/100
|move|p1a: Ursaluna|Earthquake|p2a: Iron Hands
|-supereffective|p2a: Iron Hands
|-damage|p2a: Iron Hands|48/100
|
|-heal|p2a: Iron Hands|54/100|[from] item: Leftovers
|-fieldend|move: Trick Room
|-status|p1a: Ursaluna|brn|[from] item: Flame Orb
|upkeep
|turn|14
|
|t:|1758319857
|-terastallize|p2a: Iron Hands|Flying
|move|p1a: Ursaluna|Earthquake|p2a: Iron Hands
|-immune|p2a: Iron Hands
|move|p2a: Iron Hands|Drain Punch|p1a: Ursaluna
|-damage|p1a: Ursaluna|0 fnt
|-heal|p2a: Iron Hands|64/100|[from] drain|[of] p1a: Ursaluna
|faint|p1a: Ursaluna
|
|-heal|p2a: Iron Hands|70/100|[from] item: Leftovers
|upkeep
|
|t:|1758319860
|switch|p1a: Ogerpon|Ogerpon-Wellspring, F|100/100
|turn|15
|
|t:|1758319863
|move|p1a: Ogerpon|Ivy Cudgel|p2a: Iron Hands|[anim] Ivy Cudgel Water
|-damage|p2a: Iron Hands|35/100
|move|p2a: Iron Hands|Supercell Slam|p1a: Ogerpon
|-damage|p1a: Ogerpon|0 fnt
|faint|p1a: Ogerpon
|
|win|AllegianceIs2UrMom
|raw|uwontwinprobably's rating: 1599 &rarr; <strong>1576</strong><br />(-23 for losing)
|raw|AllegianceIs2UrMom's rating: 1542 &rarr; <strong>1565</strong><br />(+23 for winning)
|l|☆AllegianceIs2UrMom
|player|p2|
|l|☆uwontwinprobably
|player|p1|
