|j|☆Coquito mojito
|j|☆valkyr999
|t:|1758350565
|gametype|singles
|player|p1|Coquito mojito|101|1216
|player|p2|valkyr999|plasmagrunt-gen5bw|1174
|gen|9
|tier|[Gen 9] OU
|rated|
|rule|HP Percentage Mod: HP is shown in percentages
|rule|Endless Battle Clause: Forcing endless battles is banned
|rule|Species Clause: Limit one of each Pokémon
|rule|OHKO Clause: OHKO moves are banned
|rule|Evasion Items Clause: Evasion items are banned
|rule|Evasion Moves Clause: Evasion moves are banned
|rule|Evasion Abilities Clause: Evasion abilities are banned
|rule|Sleep Moves Clause: Sleep-inducing moves are banned
|clearpoke
|poke|p1|Dragapult, M|
|poke|p1|Ogerpon-Wellspring, F|
|poke|p1|Zamazenta-*|
|poke|p1|Clefable, M|
|poke|p1|Corviknight, M|
|poke|p1|Ting-Lu|
|poke|p2|Gyarados, M|
|poke|p2|Zapdos|
|poke|p2|Landorus-Therian, M|
|poke|p2|Iron Boulder|
|poke|p2|Dragonite, F|
|poke|p2|Blissey, F|
|teampreview
|inactive|Battle timer is ON: inactive players will automatically lose when time's up. (requested by valkyr999)
|c|☆valkyr999|joue fdp
|inactive|Coquito mojito has 120 seconds left.
|
|t:|1758350605
|teamsize|p1|6
|teamsize|p2|6
|start
|switch|p1a: Ting-Lu|Ting-Lu|100/100
|switch|p2a: Landorus|Landorus-Therian, M|100/100
|-ability|p2a: Landorus|Intimidate|boost
|-unboost|p1a: Ting-Lu|atk|1
|-ability|p1a: Ting-Lu|Vessel of Ruin
|turn|1
|
|t:|1758350620
|move|p2a: Landorus|Taunt|p1a: Ting-Lu
|-start|p1a: Ting-Lu|move: Taunt
|move|p1a: Ting-Lu|Ruination|p2a: Landorus
|-damage|p2a: Landorus|50/100
|
|upkeep
|turn|2
|
|t:|1758350627
|move|p2a: Landorus|Stealth Rock|p1a: Ting-Lu
|-sidestart|p1: Coquito mojito|move: Stealth Rock
|move|p1a: Ting-Lu|Rock Tomb|p2a: Landorus
|-damage|p2a: Landorus|41/100
|-unboost|p2a: Landorus|spe|1
|
|upkeep
|turn|3
|
|t:|1758350637
|switch|p1a: Corviknight|Corviknight, M|100/100
|-damage|p1a: Corviknight|88/100|[from] Stealth Rock
|-ability|p1a: Corviknight|Pressure
|move|p2a: Landorus|U-turn|p1a: Corviknight
|-resisted|p1a: Corviknight
|-damage|p1a: Corviknight|84/100
|-damage|p2a: Landorus|25/100|[from] item: Rocky Helmet|[of] p1a: Corviknight
|
|t:|1758350650
|switch|p2a: Godefroy Bouillon|Zapdos|100/100|[from] U-turn
|
|upkeep
|turn|4
|
|t:|1758350657
|switch|p1a: Ting-Lu|Ting-Lu|100/100
|-damage|p1a: Ting-Lu|94/100|[from] Stealth Rock
|-ability|p1a: Ting-Lu|Vessel of Ruin
|move|p2a: Godefroy Bouillon|Discharge|p1a: Ting-Lu
|-immune|p1a: Ting-Lu
|
|upkeep
|turn|5
|
|t:|1758350668
|move|p2a: Godefroy Bouillon|U-turn|p1a: Ting-Lu
|-supereffective|p1a: Ting-Lu
|-damage|p1a: Ting-Lu|79/100
|
|t:|1758350671
|switch|p2a: Gyarados|Gyarados, M|100/100|[from] U-turn
|move|p1a: Ting-Lu|Ruination|p2a: Gyarados
|-damage|p2a: Gyarados|51/100
|
|upkeep
|turn|6
|
|t:|1758350682
|switch|p1a: Clefable|Clefable, M|100/100
|move|p2a: Gyarados|Dragon Dance|p2a: Gyarados
|-boost|p2a: Gyarados|atk|1
|-boost|p2a: Gyarados|spe|1
|
|upkeep
|turn|7
|
|t:|1758350693
|move|p2a: Gyarados|Waterfall|p1a: Clefable
|-damage|p1a: Clefable|28/100
|-damage|p2a: Gyarados|34/100|[from] item: Rocky Helmet|[of] p1a: Clefable
|move|p1a: Clefable|Thunder Wave|p2a: Gyarados
|-status|p2a: Gyarados|par
|
|upkeep
|turn|8
|
|t:|1758350702
|switch|p1a: Corviknight|Corviknight, M|84/100
|-damage|p1a: Corviknight|72/100|[from] Stealth Rock
|-ability|p1a: Corviknight|Pressure
|move|p2a: Gyarados|Waterfall|p1a: Corviknight
|-damage|p1a: Corviknight|34/100
|-damage|p2a: Gyarados|17/100 par|[from] item: Rocky Helmet|[of] p1a: Corviknight
|
|upkeep
|turn|9
|
|t:|1758350723
|switch|p2a: Blissey|Blissey, F|100/100
|move|p1a: Corviknight|Roost|p1a: Corviknight
|-heal|p1a: Corviknight|84/100
|-singleturn|p1a: Corviknight|move: Roost
|
|upkeep
|turn|10
|
|t:|1758350738
|move|p1a: Corviknight|U-turn|p2a: Blissey
|-damage|p2a: Blissey|70/100
|
|t:|1758350751
|switch|p1a: Clefable|Clefable, M|28/100|[from] U-turn
|move|p2a: Blissey|Fire Blast|p1a: Clefable
|-damage|p1a: Clefable|10/100
|
|-heal|p2a: Blissey|76/100|[from] item: Leftovers
|upkeep
|turn|11
|
|t:|1758350761
|move|p1a: Clefable|Moonlight|p1a: Clefable
|-heal|p1a: Clefable|60/100
|move|p2a: Blissey|Seismic Toss|p1a: Clefable
|-damage|p1a: Clefable|35/100
|-damage|p2a: Blissey|60/100|[from] item: Rocky Helmet|[of] p1a: Clefable
|
|-heal|p2a: Blissey|66/100|[from] item: Leftovers
|upkeep
|turn|12
|
|t:|1758350775
|switch|p2a: Du Gueclin|Iron Boulder|100/100
|-enditem|p2a: Du Gueclin|Booster Energy
|-activate|p2a: Du Gueclin|ability: Quark Drive|[fromitem]
|-start|p2a: Du Gueclin|quarkdrivespe
|move|p1a: Clefable|Moonlight|p1a: Clefable
|-heal|p1a: Clefable|85/100
|
|upkeep
|turn|13
|
|t:|1758350786
|move|p2a: Du Gueclin|Swords Dance|p2a: Du Gueclin
|-boost|p2a: Du Gueclin|atk|2
|move|p1a: Clefable|Thunder Wave|p2a: Du Gueclin
|-status|p2a: Du Gueclin|par
|
|upkeep
|turn|14
|
|t:|1758350797
|move|p2a: Du Gueclin|Swords Dance|p2a: Du Gueclin
|-boost|p2a: Du Gueclin|atk|2
|move|p1a: Clefable|Moonblast|p2a: Du Gueclin
|-damage|p2a: Du Gueclin|67/100 par
|-unboost|p2a: Du Gueclin|spa|1
|
|upkeep
|turn|15
|
|t:|1758350808
|cant|p2a: Du Gueclin|par
|move|p1a: Clefable|Moonblast|p2a: Du Gueclin
|-damage|p2a: Du Gueclin|34/100 par
|
|upkeep
|turn|16
|
|t:|1758350815
|move|p2a: Du Gueclin|Mighty Cleave|p1a: Clefable
|-damage|p1a: Clefable|0 fnt
|-damage|p2a: Du Gueclin|18/100 par|[from] item: Rocky Helmet|[of] p1a: Clefable
|faint|p1a: Clefable
|
|upkeep
|
|t:|1758350824
|switch|p1a: Corviknight|Corviknight, M|84/100
|-damage|p1a: Corviknight|72/100|[from] Stealth Rock
|-ability|p1a: Corviknight|Pressure
|turn|17
|
|t:|1758350829
|move|p2a: Du Gueclin|Mighty Cleave|p1a: Corviknight
|-damage|p1a: Corviknight|0 fnt
|-damage|p2a: Du Gueclin|1/100 par|[from] item: Rocky Helmet|[of] p1a: Corviknight
|faint|p1a: Corviknight
|
|upkeep
|
|t:|1758350850
|switch|p1a: Dragapult|Dragapult, M|100/100
|-damage|p1a: Dragapult|88/100|[from] Stealth Rock
|turn|18
|
|t:|1758350876
|move|p1a: Dragapult|U-turn|p2a: Du Gueclin
|-supereffective|p2a: Du Gueclin
|-damage|p2a: Du Gueclin|0 fnt
|faint|p2a: Du Gueclin
|-end|p2a: Du Gueclin|Quark Drive|[silent]
|
|t:|1758350880
|switch|p1a: Ting-Lu|Ting-Lu|79/100|[from] U-turn
|-damage|p1a: Ting-Lu|72/100|[from] Stealth Rock
|-ability|p1a: Ting-Lu|Vessel of Ruin
|
|upkeep
|
|t:|1758350891
|switch|p2a: Gyarados|Gyarados, M|17/100 par
|turn|19
|
|t:|1758350894
|move|p2a: Gyarados|Waterfall|p1a: Ting-Lu
|-supereffective|p1a: Ting-Lu
|-damage|p1a: Ting-Lu|26/100
|move|p1a: Ting-Lu|Rock Tomb|p2a: Gyarados|[miss]
|-miss|p1a: Ting-Lu|p2a: Gyarados
|
|upkeep
|turn|20
|
|t:|1758350901
|switch|p1a: Ogerpon|Ogerpon-Wellspring, F|100/100
|-damage|p1a: Ogerpon|88/100|[from] Stealth Rock
|cant|p2a: Gyarados|par
|
|upkeep
|turn|21
|
|t:|1758350912
|switch|p2a: Landorus|Landorus-Therian, M|25/100
|-ability|p2a: Landorus|Intimidate|boost
|-unboost|p1a: Ogerpon|atk|1
|move|p1a: Ogerpon|Encore||[still]
|-fail|p1a: Ogerpon
|
|upkeep
|turn|22
|
|t:|1758350923
|move|p1a: Ogerpon|Ivy Cudgel|p2a: Landorus|[anim] Ivy Cudgel Water
|-supereffective|p2a: Landorus
|-damage|p2a: Landorus|0 fnt
|faint|p2a: Landorus
|
|upkeep
|
|t:|1758350930
|switch|p2a: Godefroy Bouillon|Zapdos|100/100
|turn|23
|
|t:|1758350936
|switch|p1a: Ting-Lu|Ting-Lu|26/100
|-damage|p1a: Ting-Lu|19/100|[from] Stealth Rock
|-ability|p1a: Ting-Lu|Vessel of Ruin
|move|p2a: Godefroy Bouillon|Hurricane|p1a: Ting-Lu
|-damage|p1a: Ting-Lu|7/100
|-start|p1a: Ting-Lu|confusion
|
|upkeep
|turn|24
|
|t:|1758350945
|move|p2a: Godefroy Bouillon|U-turn|p1a: Ting-Lu
|-supereffective|p1a: Ting-Lu
|-damage|p1a: Ting-Lu|0 fnt
|faint|p1a: Ting-Lu
|
|t:|1758350953
|switch|p2a: Dragonite|Dragonite, F|100/100|[from] U-turn
|
|upkeep
|
|t:|1758350958
|switch|p1a: Zamazenta|Zamazenta|100/100
|-damage|p1a: Zamazenta|94/100|[from] Stealth Rock
|-ability|p1a: Zamazenta|Dauntless Shield|boost
|-boost|p1a: Zamazenta|def|1
|turn|25
|
|t:|1758350968
|switch|p2a: Godefroy Bouillon|Zapdos|100/100
|move|p1a: Zamazenta|Crunch|p2a: Godefroy Bouillon
|-damage|p2a: Godefroy Bouillon|74/100
|
|upkeep
|turn|26
|
|t:|1758350994
|move|p1a: Zamazenta|Crunch|p2a: Godefroy Bouillon
|-damage|p2a: Godefroy Bouillon|45/100
|move|p2a: Godefroy Bouillon|Hurricane|p1a: Zamazenta
|-supereffective|p1a: Zamazenta
|-damage|p1a: Zamazenta|5/100
|-start|p1a: Zamazenta|confusion
|
|upkeep
|turn|27
|
|t:|1758351001
|-activate|p1a: Zamazenta|confusion
|-damage|p1a: Zamazenta|0 fnt|[from] confusion
|faint|p1a: Zamazenta
|move|p2a: Godefroy Bouillon|Roost|p2a: Godefroy Bouillon
|-heal|p2a: Godefroy Bouillon|95/100
|-singleturn|p2a: Godefroy Bouillon|move: Roost
|
|upkeep
|
|t:|1758351006
|switch|p1a: Dragapult|Dragapult, M|88/100
|-damage|p1a: Dragapult|76/100|[from] Stealth Rock
|turn|28
|
|t:|1758351013
|move|p1a: Dragapult|Draco Meteor|p2a: Godefroy Bouillon
|-damage|p2a: Godefroy Bouillon|15/100
|-unboost|p1a: Dragapult|spa|2
|move|p2a: Godefroy Bouillon|Discharge|p1a: Dragapult
|-resisted|p1a: Dragapult
|-damage|p1a: Dragapult|54/100
|
|upkeep
|turn|29
|
|t:|1758351025
|move|p1a: Dragapult|Draco Meteor|p2a: Godefroy Bouillon
|-damage|p2a: Godefroy Bouillon|0 fnt
|-unboost|p1a: Dragapult|spa|2
|faint|p2a: Godefroy Bouillon
|
|upkeep
|
|t:|1758351034
|switch|p2a: Dragonite|Dragonite, F|100/100
|turn|30
|
|t:|1758351039
|-terastallize|p2a: Dragonite|Normal
|move|p1a: Dragapult|Draco Meteor|p2a: Dragonite|[miss]
|-miss|p1a: Dragapult|p2a: Dragonite
|move|p2a: Dragonite|Dragon Dance|p2a: Dragonite
|-boost|p2a: Dragonite|atk|1
|-boost|p2a: Dragonite|spe|1
|
|upkeep
|turn|31
|-message|Coquito mojito forfeited.
|
|win|valkyr999
