|j|☆samohi0
|j|☆bidofest
|t:|1758254497
|gametype|singles
|player|p1|samohi0|hoopster|1724
|player|p2|bidofest|1|1768
|gen|9
|tier|[Gen 9] OU
|rated|
|rule|HP Percentage Mod: HP is shown in percentages
|rule|Endless Battle Clause: Forcing endless battles is banned
|rule|Species Clause: Limit one of each Pokémon
|rule|OHKO Clause: OHKO moves are banned
|rule|Evasion Items Clause: Evasion items are banned
|rule|Evasion Moves Clause: Evasion moves are banned
|rule|Evasion Abilities Clause: Evasion abilities are banned
|rule|Sleep Moves Clause: Sleep-inducing moves are banned
|clearpoke
|poke|p1|Mamoswine, M|
|poke|p1|Glimmora, M|
|poke|p1|Iron Crown|
|poke|p1|Zamazenta-*|
|poke|p1|Sinistcha|
|poke|p1|Samurott-Hisui, M|
|poke|p2|Gholdengo|
|poke|p2|Weavile, M|
|poke|p2|Moltres|
|poke|p2|Clefable, F|
|poke|p2|Great Tusk|
|poke|p2|Samurott-Hisui, F|
|teampreview
|j| lamebiz
|l| lamebiz
|
|t:|1758254520
|teamsize|p1|6
|teamsize|p2|6
|start
|switch|p1a: Samurott|Samurott-Hisui, M, shiny|100/100
|switch|p2a: Samurott|Samurott-Hisui, F|100/100
|turn|1
|
|t:|1758254530
|switch|p2a: Great Tusk|Great Tusk|100/100
|move|p1a: Samurott|Ceaseless Edge|p2a: Great Tusk
|-resisted|p2a: Great Tusk
|-damage|p2a: Great Tusk|83/100
|-damage|p1a: Samurott|84/100|[from] item: Rocky Helmet|[of] p2a: Great Tusk
|-sidestart|p2: bidofest|Spikes
|
|upkeep
|turn|2
|
|t:|1758254539
|move|p2a: Great Tusk|Knock Off|p1a: Samurott
|-resisted|p1a: Samurott
|-damage|p1a: Samurott|67/100
|-enditem|p1a: Samurott|Black Glasses|[from] move: Knock Off|[of] p2a: Great Tusk
|move|p1a: Samurott|Flip Turn|p2a: Great Tusk
|-supereffective|p2a: Great Tusk
|-damage|p2a: Great Tusk|46/100
|-damage|p1a: Samurott|50/100|[from] item: Rocky Helmet|[of] p2a: Great Tusk
|
|t:|1758254552
|switch|p1a: Iron Crown|Iron Crown|100/100|[from] Flip Turn
|
|upkeep
|turn|3
|
|t:|1758254564
|-end|p2a: Great Tusk|Protosynthesis|[silent]
|switch|p2a: Moltres|Moltres|100/100
|move|p1a: Iron Crown|Tachyon Cutter|p2a: Moltres
|-resisted|p2a: Moltres
|-damage|p2a: Moltres|87/100
|-resisted|p2a: Moltres
|-damage|p2a: Moltres|75/100
|-hitcount|p2a: Moltres|2
|
|upkeep
|turn|4
|
|t:|1758254574
|-end|p1a: Iron Crown|Quark Drive|[silent]
|switch|p1a: Samurott|Samurott-Hisui, M, shiny|50/100
|move|p2a: Moltres|U-turn|p1a: Samurott
|-supereffective|p1a: Samurott
|-damage|p1a: Samurott|11/100
|
|t:|1758254585
|switch|p2a: Great Tusk|Great Tusk|46/100|[from] U-turn
|-damage|p2a: Great Tusk|33/100|[from] Spikes
|
|upkeep
|turn|5
|
|t:|1758254591
|switch|p1a: Sinistcha|Sinistcha, shiny|100/100
|move|p2a: Great Tusk|Knock Off|p1a: Sinistcha
|-supereffective|p1a: Sinistcha
|-damage|p1a: Sinistcha|63/100
|-enditem|p1a: Sinistcha|Heavy-Duty Boots|[from] move: Knock Off|[of] p2a: Great Tusk
|
|upkeep
|turn|6
|
|t:|1758254604
|-end|p2a: Great Tusk|Protosynthesis|[silent]
|switch|p2a: Clefable|Clefable, F|100/100
|move|p1a: Sinistcha|Shadow Ball|p2a: Clefable
|-damage|p2a: Clefable|68/100
|
|upkeep
|turn|7
|
|t:|1758254609
|move|p1a: Sinistcha|Matcha Gotcha|p2a: Clefable
|-damage|p2a: Clefable|40/100
|-heal|p1a: Sinistcha|80/100|[from] drain|[of] p2a: Clefable
|-status|p2a: Clefable|brn
|move|p2a: Clefable|Thunder Wave|p1a: Sinistcha
|-status|p1a: Sinistcha|par
|
|-damage|p2a: Clefable|33/100 brn|[from] brn
|upkeep
|turn|8
|
|t:|1758254616
|switch|p1a: Iron Crown|Iron Crown|100/100
|move|p2a: Clefable|Moonlight|p2a: Clefable
|-heal|p2a: Clefable|83/100 brn
|
|-damage|p2a: Clefable|77/100 brn|[from] brn
|upkeep
|turn|9
|
|t:|1758254627
|switch|p2a: Great Tusk|Great Tusk|33/100
|-damage|p2a: Great Tusk|21/100|[from] Spikes
|move|p1a: Iron Crown|Volt Switch|p2a: Great Tusk
|-immune|p2a: Great Tusk
|
|upkeep
|turn|10
|inactive|Battle timer is ON: inactive players will automatically lose when time's up. (requested by bidofest)
|
|t:|1758254648
|-end|p1a: Iron Crown|Quark Drive|[silent]
|switch|p1a: Sinistcha|Sinistcha, shiny|80/100 par
|-end|p2a: Great Tusk|Protosynthesis|[silent]
|switch|p2a: Gholdengo|Gholdengo|100/100
|-damage|p2a: Gholdengo|88/100|[from] Spikes
|
|upkeep
|turn|11
|
|t:|1758254661
|switch|p1a: Samurott|Samurott-Hisui, M, shiny|11/100
|move|p2a: Gholdengo|Make It Rain|p1a: Samurott
|-resisted|p1a: Samurott
|-damage|p1a: Samurott|0 fnt
|-unboost|p2a: Gholdengo|spa|1
|faint|p1a: Samurott
|
|upkeep
|inactive|samohi0 has 120 seconds left.
|
|t:|1758254708
|switch|p1a: Iron Crown|Iron Crown|100/100
|turn|12
|
|t:|1758254730
|switch|p2a: Samurott|Samurott-Hisui, F|100/100
|-damage|p2a: Samurott|88/100|[from] Spikes
|move|p1a: Iron Crown|Tachyon Cutter|p2a: Samurott
|-resisted|p2a: Samurott
|-damage|p2a: Samurott|58/100
|-resisted|p2a: Samurott
|-damage|p2a: Samurott|31/100
|-hitcount|p2a: Samurott|2
|
|upkeep
|turn|13
|inactive|samohi0 has 120 seconds left.
|
|t:|1758254737
|move|p2a: Samurott|Ceaseless Edge|p1a: Iron Crown|[miss]
|-miss|p2a: Samurott|p1a: Iron Crown
|move|p1a: Iron Crown|Tachyon Cutter|p2a: Samurott
|-resisted|p2a: Samurott
|-damage|p2a: Samurott|1/100
|-resisted|p2a: Samurott
|-damage|p2a: Samurott|0 fnt
|faint|p2a: Samurott
|-hitcount|p2: Samurott|2
|
|upkeep
|
|t:|1758254751
|switch|p2a: Gholdengo|Gholdengo|88/100
|-damage|p2a: Gholdengo|76/100|[from] Spikes
|turn|14
|inactive|samohi0 has 120 seconds left.
|
|t:|1758254767
|-end|p1a: Iron Crown|Quark Drive|[silent]
|switch|p1a: Glimmora|Glimmora, M, shiny|100/100
|move|p2a: Gholdengo|Recover|p2a: Gholdengo
|-heal|p2a: Gholdengo|100/100
|
|upkeep
|turn|15
|
|t:|1758254774
|switch|p1a: Iron Crown|Iron Crown|100/100
|move|p2a: Gholdengo|Make It Rain|p1a: Iron Crown
|-resisted|p1a: Iron Crown
|-damage|p1a: Iron Crown|61/100
|-unboost|p2a: Gholdengo|spa|1
|
|upkeep
|turn|16
|
|t:|1758254782
|move|p1a: Iron Crown|Tachyon Cutter|p2a: Gholdengo
|-resisted|p2a: Gholdengo
|-damage|p2a: Gholdengo|77/100
|-resisted|p2a: Gholdengo
|-damage|p2a: Gholdengo|54/100
|-hitcount|p2a: Gholdengo|2
|move|p2a: Gholdengo|Recover|p2a: Gholdengo
|-heal|p2a: Gholdengo|100/100
|
|upkeep
|turn|17
|
|t:|1758254789
|switch|p2a: Moltres|Moltres|75/100
|move|p1a: Iron Crown|Tachyon Cutter|p2a: Moltres
|-resisted|p2a: Moltres
|-damage|p2a: Moltres|61/100
|-resisted|p2a: Moltres
|-damage|p2a: Moltres|49/100
|-hitcount|p2a: Moltres|2
|
|upkeep
|turn|18
|
|t:|1758254793
|-end|p1a: Iron Crown|Quark Drive|[silent]
|switch|p1a: Glimmora|Glimmora, M, shiny|100/100
|move|p2a: Moltres|Roost|p2a: Moltres
|-heal|p2a: Moltres|99/100
|-singleturn|p2a: Moltres|move: Roost
|
|upkeep
|turn|19
|
|t:|1758254815
|switch|p2a: Gholdengo|Gholdengo|100/100
|-damage|p2a: Gholdengo|88/100|[from] Spikes
|move|p1a: Glimmora|Power Gem|p2a: Gholdengo
|-resisted|p2a: Gholdengo
|-damage|p2a: Gholdengo|69/100
|
|upkeep
|turn|20
|
|t:|1758254827
|switch|p2a: Moltres|Moltres|99/100
|move|p1a: Glimmora|Earth Power|p2a: Moltres
|-immune|p2a: Moltres
|
|upkeep
|turn|21
|j| fffggghhhh
|inactive|bidofest has 120 seconds left.
|
|t:|1758254859
|switch|p2a: Clefable|Clefable, F|77/100 brn
|move|p1a: Glimmora|Stealth Rock|p2a: Clefable
|-sidestart|p2: bidofest|move: Stealth Rock
|
|-damage|p2a: Clefable|71/100 brn|[from] brn
|upkeep
|turn|22
|inactive|bidofest has 120 seconds left.
|
|t:|1758254868
|switch|p1a: Iron Crown|Iron Crown|61/100
|move|p2a: Clefable|Thunder Wave|p1a: Iron Crown
|-status|p1a: Iron Crown|par
|
|-damage|p2a: Clefable|65/100 brn|[from] brn
|upkeep
|turn|23
|
|t:|1758254877
|switch|p2a: Gholdengo|Gholdengo|69/100
|-damage|p2a: Gholdengo|57/100|[from] Spikes
|-damage|p2a: Gholdengo|51/100|[from] Stealth Rock
|move|p1a: Iron Crown|Psychic Noise|p2a: Gholdengo
|-resisted|p2a: Gholdengo
|-damage|p2a: Gholdengo|20/100
|-start|p2a: Gholdengo|move: Heal Block
|
|upkeep
|turn|24
|
|t:|1758254889
|switch|p2a: Weavile|Weavile, M|100/100
|-end|p1a: Iron Crown|Quark Drive|[silent]
|switch|p1a: Sinistcha|Sinistcha, shiny|80/100 par
|
|upkeep
|turn|25
|
|t:|1758254894
|switch|p1a: Zamazenta|Zamazenta, shiny|100/100
|-ability|p1a: Zamazenta|Dauntless Shield|boost
|-boost|p1a: Zamazenta|def|1
|move|p2a: Weavile|Triple Axel|p1a: Zamazenta|[miss]
|-miss|p2a: Weavile|p1a: Zamazenta
|
|upkeep
|turn|26
|
|t:|1758254901
|switch|p2a: Moltres|Moltres|99/100
|move|p1a: Zamazenta|Stone Edge|p2a: Moltres
|-supereffective|p2a: Moltres
|-damage|p2a: Moltres|0 fnt
|faint|p2a: Moltres
|
|upkeep
|
|t:|1758254906
|switch|p2a: Clefable|Clefable, F|65/100 brn
|turn|27
|
|t:|1758254914
|switch|p1a: Mamoswine|Mamoswine, M, shiny|100/100
|switch|p2a: Great Tusk|Great Tusk|21/100
|-damage|p2a: Great Tusk|8/100|[from] Spikes
|-damage|p2a: Great Tusk|5/100|[from] Stealth Rock
|
|upkeep
|turn|28
|
|t:|1758254924
|move|p1a: Mamoswine|Ice Shard|p2a: Great Tusk
|-supereffective|p2a: Great Tusk
|-damage|p2a: Great Tusk|0 fnt
|faint|p2a: Great Tusk
|-end|p2a: Great Tusk|Protosynthesis|[silent]
|
|upkeep
|
|t:|1758254933
|switch|p2a: Weavile|Weavile, M|100/100
|turn|29
|
|t:|1758254965
|switch|p1a: Glimmora|Glimmora, M, shiny|100/100
|move|p2a: Weavile|Triple Axel|p1a: Glimmora|[miss]
|-miss|p2a: Weavile|p1a: Glimmora
|
|upkeep
|turn|30
|c|☆samohi0|oof
|
|t:|1758254976
|-terastallize|p2a: Weavile|Ice
|move|p2a: Weavile|Triple Axel|p1a: Glimmora
|-damage|p1a: Glimmora|87/100
|-activate|p1a: Glimmora|ability: Toxic Debris
|-sidestart|p2: bidofest|move: Toxic Spikes
|-damage|p1a: Glimmora|63/100
|-activate|p1a: Glimmora|ability: Toxic Debris
|-sidestart|p2: bidofest|move: Toxic Spikes
|-damage|p1a: Glimmora|26/100
|-hitcount|p1a: Glimmora|3
|-enditem|p1a: Glimmora|Red Card|[of] p2a: Weavile
|drag|p2a: Gholdengo|Gholdengo|20/100
|-damage|p2a: Gholdengo|8/100|[from] Spikes
|-damage|p2a: Gholdengo|2/100|[from] Stealth Rock
|move|p1a: Glimmora|Power Gem|p2a: Gholdengo
|-resisted|p2a: Gholdengo
|-damage|p2a: Gholdengo|0 fnt
|faint|p2a: Gholdengo
|
|upkeep
|inactive|bidofest has 120 seconds left.
|
|t:|1758254996
|switch|p2a: Weavile|Weavile, M, tera:Ice|100/100
|turn|31
|
|t:|1758255000
|move|p2a: Weavile|Triple Axel|p1a: Glimmora
|-damage|p1a: Glimmora|14/100
|-hitcount|p1a: Glimmora|1
|move|p1a: Glimmora|Power Gem|p2a: Weavile
|-supereffective|p2a: Weavile
|-damage|p2a: Weavile|7/100
|
|upkeep
|turn|32
|c|☆bidofest|damn
|c|☆bidofest|gg
|c|☆samohi0|oof
|
|t:|1758255009
|move|p2a: Weavile|Triple Axel|p1a: Glimmora|[miss]
|-miss|p2a: Weavile|p1a: Glimmora
|move|p1a: Glimmora|Power Gem|p2a: Weavile
|-supereffective|p2a: Weavile
|-damage|p2a: Weavile|0 fnt
|faint|p2a: Weavile
|
|upkeep
|c|☆bidofest|LOL
|-message|bidofest forfeited.
|
|win|samohi0
|raw|samohi0's rating: 1724 &rarr; <strong>1747</strong><br />(+23 for winning)
|raw|bidofest's rating: 1768 &rarr; <strong>1745</strong><br />(-23 for losing)
|l|☆bidofest
|player|p2|
|l|☆samohi0
|player|p1|
