|j|☆king gimmick
|j|☆WeTheMonoKid
|t:|1758315399
|gametype|singles
|player|p1|king gimmick|fisherman-gen4|1138
|player|p2|WeTheMonoKid|cyrano|1177
|gen|9
|tier|[Gen 9] OU
|rated|
|rule|HP Percentage Mod: HP is shown in percentages
|rule|Endless Battle Clause: Forcing endless battles is banned
|rule|Species Clause: Limit one of each Pokémon
|rule|OHKO Clause: OHKO moves are banned
|rule|Evasion Items Clause: Evasion items are banned
|rule|Evasion Moves Clause: Evasion moves are banned
|rule|Evasion Abilities Clause: Evasion abilities are banned
|rule|Sleep Moves Clause: Sleep-inducing moves are banned
|clearpoke
|poke|p1|Clodsire, M|
|poke|p1|Hawlucha, F|
|poke|p1|Metagross|
|poke|p1|Azumarill, F|
|poke|p1|Greninja-*, M|
|poke|p1|Skeledirge, F|
|poke|p2|Morpeko, M|
|poke|p2|Rotom-Wash|
|poke|p2|Magnezone|
|poke|p2|Iron Hands|
|poke|p2|Sandy Shocks|
|poke|p2|Zapdos|
|teampreview
|inactive|Battle timer is ON: inactive players will automatically lose when time's up. (requested by WeTheMonoKid)
|inactive|king gimmick also wants the timer to be on.
|inactive|king gimmick has 120 seconds left.
|
|t:|1758315442
|teamsize|p1|6
|teamsize|p2|6
|start
|switch|p1a: Hawlucha|Hawlucha, F, shiny|100/100
|switch|p2a: PM7|Sandy Shocks|100/100
|turn|1
|
|t:|1758315460
|-terastallize|p1a: Hawlucha|Normal
|move|p1a: Hawlucha|Body Slam|p2a: PM7
|-enditem|p1a: Hawlucha|Normal Gem|[from] gem
|-damage|p2a: PM7|47/100
|move|p2a: PM7|Volt Switch|p1a: Hawlucha
|-damage|p1a: Hawlucha|40/100
|
|t:|1758315477
|-end|p2a: PM7|Protosynthesis|[silent]
|switch|p2a: Employees|Rotom-Wash|100/100|[from] Volt Switch
|
|upkeep
|turn|2
|
|t:|1758315487
|move|p1a: Hawlucha|Body Slam|p2a: Employees
|-damage|p2a: Employees|74/100
|move|p2a: Employees|Will-O-Wisp|p1a: Hawlucha
|-status|p1a: Hawlucha|brn
|
|-heal|p2a: Employees|80/100|[from] item: Leftovers
|-damage|p1a: Hawlucha|34/100 brn|[from] brn
|upkeep
|turn|3
|
|t:|1758315497
|move|p1a: Hawlucha|Swords Dance|p1a: Hawlucha
|-boost|p1a: Hawlucha|atk|2
|move|p2a: Employees|Volt Switch|p1a: Hawlucha
|-damage|p1a: Hawlucha|0 fnt
|faint|p1a: Hawlucha
|
|t:|1758315506
|switch|p2a: Dee Dee|Morpeko, M|100/100|[from] Volt Switch
|
|-formechange|p2a: Dee Dee|Morpeko-Hangry||[from] ability: Hunger Switch
|upkeep
|
|t:|1758315531
|switch|p1a: Azumarill|Azumarill, F|100/100
|turn|4
|
|t:|1758315546
|move|p2a: Dee Dee|Parting Shot|p1a: Azumarill
|-unboost|p1a: Azumarill|atk|1
|-unboost|p1a: Azumarill|spa|1
|
|t:|1758315566
|switch|p2a: Wild Charg|Zapdos|100/100|[from] Parting Shot
|move|p1a: Azumarill|Belly Drum|p1a: Azumarill
|-damage|p1a: Azumarill|50/100
|-setboost|p1a: Azumarill|atk|6|[from] move: Belly Drum
|-enditem|p1a: Azumarill|Sitrus Berry|[eat]
|-heal|p1a: Azumarill|75/100|[from] item: Sitrus Berry
|
|upkeep
|turn|5
|
|t:|1758315579
|move|p1a: Azumarill|Aqua Jet|p2a: Wild Charg
|-damage|p2a: Wild Charg|34/100
|-status|p1a: Azumarill|par|[from] ability: Static|[of] p2a: Wild Charg
|move|p2a: Wild Charg|Volt Switch|p1a: Azumarill
|-supereffective|p1a: Azumarill
|-damage|p1a: Azumarill|5/100 par
|
|t:|1758315593
|switch|p2a: Employees|Rotom-Wash|80/100|[from] Volt Switch
|
|-heal|p2a: Employees|87/100|[from] item: Leftovers
|upkeep
|turn|6
|
|t:|1758315600
|move|p1a: Azumarill|Aqua Jet|p2a: Employees
|-resisted|p2a: Employees
|-damage|p2a: Employees|47/100
|move|p2a: Employees|Volt Switch|p1a: Azumarill
|-supereffective|p1a: Azumarill
|-damage|p1a: Azumarill|0 fnt
|faint|p1a: Azumarill
|
|t:|1758315611
|switch|p2a: Dee Dee|Morpeko, M|100/100|[from] Volt Switch
|
|-formechange|p2a: Dee Dee|Morpeko-Hangry||[from] ability: Hunger Switch
|upkeep
|
|t:|1758315633
|switch|p1a: Metagross|Metagross|100/100
|turn|7
|inactive|WeTheMonoKid has 120 seconds left.
|
|t:|1758315663
|-terastallize|p2a: Dee Dee|Dark
|move|p2a: Dee Dee|Aura Wheel|p1a: Metagross
|-supereffective|p1a: Metagross
|-damage|p1a: Metagross|0 fnt
|-boost|p2a: Dee Dee|spe|1
|faint|p1a: Metagross
|
|upkeep
|
|t:|1758315681
|switch|p1a: Greninja|Greninja, M|100/100
|turn|8
|
|t:|1758315688
|move|p2a: Dee Dee|Parting Shot|p1a: Greninja
|-unboost|p1a: Greninja|atk|1
|-unboost|p1a: Greninja|spa|1
|
|t:|1758315692
|switch|p2a: Employees|Rotom-Wash|47/100|[from] Parting Shot
|move|p1a: Greninja|Ice Beam|p2a: Employees
|-resisted|p2a: Employees
|-damage|p2a: Employees|38/100
|
|-heal|p2a: Employees|44/100|[from] item: Leftovers
|upkeep
|turn|9
|
|t:|1758315703
|switch|p1a: Clodsire|Clodsire, M|100/100
|move|p2a: Employees|Pain Split|p1a: Clodsire
|-sethp|p1a: Clodsire|64/100|[from] move: Pain Split|[silent]
|-sethp|p2a: Employees|100/100|[from] move: Pain Split
|
|upkeep
|turn|10
|
|t:|1758315714
|move|p2a: Employees|Will-O-Wisp|p1a: Clodsire
|-status|p1a: Clodsire|brn
|move|p1a: Clodsire|Stealth Rock|p2a: Employees
|-sidestart|p2: WeTheMonoKid|move: Stealth Rock
|
|-damage|p1a: Clodsire|58/100 brn|[from] brn
|upkeep
|turn|11
|
|t:|1758315725
|switch|p2a: PM7|Sandy Shocks|47/100
|switch|p1a: Skeledirge|Skeledirge, F|100/100
|
|upkeep
|turn|12
|
|t:|1758315738
|move|p2a: PM7|Volt Switch|p1a: Skeledirge
|-damage|p1a: Skeledirge|68/100
|
|t:|1758315744
|-end|p2a: PM7|Protosynthesis|[silent]
|switch|p2a: Wild Charg|Zapdos|34/100|[from] Volt Switch
|move|p1a: Skeledirge|Flame Charge|p2a: Wild Charg
|-damage|p2a: Wild Charg|26/100
|-boost|p1a: Skeledirge|spe|1
|
|upkeep
|turn|13
|
|t:|1758315752
|move|p1a: Skeledirge|Torch Song|p2a: Wild Charg
|-damage|p2a: Wild Charg|0 fnt
|-boost|p1a: Skeledirge|spa|1
|faint|p2a: Wild Charg
|-enditem|p1a: Skeledirge|Throat Spray
|-boost|p1a: Skeledirge|spa|1|[from] item: Throat Spray
|
|upkeep
|
|t:|1758315761
|switch|p2a: Reverse|Magnezone|100/100
|-damage|p2a: Reverse|94/100|[from] Stealth Rock
|turn|14
|
|t:|1758315766
|move|p1a: Skeledirge|Torch Song|p2a: Reverse
|-supereffective|p2a: Reverse
|-damage|p2a: Reverse|9/100
|-boost|p1a: Skeledirge|spa|1
|move|p2a: Reverse|Thunderbolt|p1a: Skeledirge
|-damage|p1a: Skeledirge|1/100
|
|upkeep
|turn|15
|
|t:|1758315778
|move|p1a: Skeledirge|Flame Charge|p2a: Reverse
|-supereffective|p2a: Reverse
|-damage|p2a: Reverse|0 fnt
|-boost|p1a: Skeledirge|spe|1
|faint|p2a: Reverse
|
|upkeep
|
|t:|1758315795
|switch|p2a: Employees|Rotom-Wash|100/100
|-damage|p2a: Employees|88/100|[from] Stealth Rock
|turn|16
|
|t:|1758315801
|move|p1a: Skeledirge|Slack Off|p1a: Skeledirge
|-heal|p1a: Skeledirge|51/100
|move|p2a: Employees|Volt Switch|p1a: Skeledirge
|-damage|p1a: Skeledirge|28/100
|
|t:|1758315808
|switch|p2a: Thunderbolt|Iron Hands|100/100|[from] Volt Switch
|-damage|p2a: Thunderbolt|94/100|[from] Stealth Rock
|
|upkeep
|turn|17
|
|t:|1758315816
|move|p1a: Skeledirge|Slack Off|p1a: Skeledirge
|-heal|p1a: Skeledirge|78/100
|move|p2a: Thunderbolt|Thunder Punch|p1a: Skeledirge
|-damage|p1a: Skeledirge|32/100
|
|upkeep
|turn|18
|
|t:|1758315826
|move|p1a: Skeledirge|Slack Off|p1a: Skeledirge
|-heal|p1a: Skeledirge|82/100
|move|p2a: Thunderbolt|Thunder Punch|p1a: Skeledirge
|-damage|p1a: Skeledirge|40/100
|
|upkeep
|turn|19
|
|t:|1758315832
|move|p1a: Skeledirge|Slack Off|p1a: Skeledirge
|-heal|p1a: Skeledirge|90/100
|move|p2a: Thunderbolt|Thunder Punch|p1a: Skeledirge
|-damage|p1a: Skeledirge|46/100
|
|upkeep
|turn|20
|
|t:|1758315841
|move|p1a: Skeledirge|Slack Off|p1a: Skeledirge
|-heal|p1a: Skeledirge|96/100
|move|p2a: Thunderbolt|Swords Dance|p2a: Thunderbolt
|-boost|p2a: Thunderbolt|atk|2
|
|upkeep
|turn|21
|
|t:|1758315853
|move|p1a: Skeledirge|Alluring Voice|p2a: Thunderbolt
|-supereffective|p2a: Thunderbolt
|-damage|p2a: Thunderbolt|13/100
|move|p2a: Thunderbolt|Thunder Punch|p1a: Skeledirge
|-damage|p1a: Skeledirge|56/100
|
|upkeep
|turn|22
|-message|WeTheMonoKid forfeited.
|
|win|king gimmick
|raw|king gimmick's rating: 1138 &rarr; <strong>1166</strong><br />(+28 for winning)
|raw|WeTheMonoKid's rating: 1177 &rarr; <strong>1149</strong><br />(-28 for losing)
|l|☆WeTheMonoKid
|player|p2|
