|j|☆itkenreiza
|j|☆MrDrProfFuckface
|t:|1758243897
|gametype|singles
|player|p1|itkenreiza|1|1515
|player|p2|MrDrProfFuckface|swimmer-gen4dp|1467
|gen|9
|tier|[Gen 9] OU
|rated|
|rule|HP Percentage Mod: HP is shown in percentages
|rule|Endless Battle Clause: Forcing endless battles is banned
|rule|Species Clause: Limit one of each Pokémon
|rule|OHKO Clause: OHKO moves are banned
|rule|Evasion Items Clause: Evasion items are banned
|rule|Evasion Moves Clause: Evasion moves are banned
|rule|Evasion Abilities Clause: Evasion abilities are banned
|rule|Sleep Moves Clause: Sleep-inducing moves are banned
|clearpoke
|poke|p1|Enamorus, F|
|poke|p1|Basculegion, M|
|poke|p1|Politoed, M|
|poke|p1|Iron Treads|
|poke|p1|Toxicroak, M|
|poke|p1|Tornadus-Therian, M|
|poke|p2|Raging Bolt|
|poke|p2|Great Tusk|
|poke|p2|Muk-Alola, M|
|poke|p2|Dondozo, M|
|poke|p2|Ceruledge, M|
|poke|p2|Hatterene, F|
|teampreview
|inactive|Battle timer is ON: inactive players will automatically lose when time's up. (requested by MrDrProfFuckface)
|inactive|itkenreiza also wants the timer to be on.
|inactive|MrDrProfFuckface has 120 seconds left.
|
|t:|1758243937
|teamsize|p1|6
|teamsize|p2|6
|start
|switch|p1a: Toxicroak|Toxicroak, M|100/100
|switch|p2a: Muk|Muk-Alola, M, shiny|100/100
|turn|1
|
|t:|1758243941
|move|p1a: Toxicroak|Knock Off|p2a: Muk
|-resisted|p2a: Muk
|-damage|p2a: Muk|89/100
|-enditem|p2a: Muk|Assault Vest|[from] move: Knock Off|[of] p1a: Toxicroak
|move|p2a: Muk|Knock Off|p1a: Toxicroak
|-resisted|p1a: Toxicroak
|-damage|p1a: Toxicroak|81/100
|-damage|p2a: Muk|72/100|[from] item: Rocky Helmet|[of] p1a: Toxicroak
|-enditem|p1a: Toxicroak|Rocky Helmet|[from] move: Knock Off|[of] p2a: Muk
|
|upkeep
|turn|2
|
|t:|1758243950
|move|p1a: Toxicroak|Drain Punch|p2a: Muk
|-damage|p2a: Muk|43/100
|-heal|p1a: Toxicroak|98/100|[from] drain|[of] p2a: Muk
|move|p2a: Muk|Gunk Shot|p1a: Toxicroak|[miss]
|-miss|p2a: Muk|p1a: Toxicroak
|
|upkeep
|turn|3
|
|t:|1758243958
|switch|p2a: Hatterene|Hatterene, F, shiny|100/100
|move|p1a: Toxicroak|Drain Punch|p2a: Hatterene
|-resisted|p2a: Hatterene
|-damage|p2a: Hatterene|94/100
|-heal|p1a: Toxicroak|100/100|[from] drain|[of] p2a: Hatterene
|
|upkeep
|turn|4
|
|t:|1758243967
|switch|p1a: Iron Treads|Iron Treads|100/100
|-terastallize|p2a: Hatterene|Steel
|move|p2a: Hatterene|Psyshock|p1a: Iron Treads
|-resisted|p1a: Iron Treads
|-damage|p1a: Iron Treads|84/100
|
|upkeep
|turn|5
|
|t:|1758243971
|move|p1a: Iron Treads|Earthquake|p2a: Hatterene
|-supereffective|p2a: Hatterene
|-damage|p2a: Hatterene|12/100
|move|p2a: Hatterene|Mystical Fire|p1a: Iron Treads
|-supereffective|p1a: Iron Treads
|-damage|p1a: Iron Treads|0 fnt
|faint|p1a: Iron Treads
|-end|p1a: Iron Treads|Quark Drive|[silent]
|
|upkeep
|
|t:|1758243980
|switch|p1a: Politoed|Politoed, M|100/100
|-weather|RainDance|[from] ability: Drizzle|[of] p1a: Politoed
|turn|6
|
|t:|1758243988
|switch|p2a: Dondozo|Dondozo, M, shiny|100/100
|move|p1a: Politoed|Surf|p2a: Dondozo
|-resisted|p2a: Dondozo
|-damage|p2a: Dondozo|81/100
|
|-weather|RainDance|[upkeep]
|upkeep
|turn|7
|
|t:|1758243996
|switch|p2a: Great Tusk|Great Tusk, shiny|100/100
|move|p1a: Politoed|Surf|p2a: Great Tusk
|-supereffective|p2a: Great Tusk
|-damage|p2a: Great Tusk|0 fnt
|faint|p2a: Great Tusk
|-end|p2a: Great Tusk|Protosynthesis|[silent]
|
|-weather|RainDance|[upkeep]
|upkeep
|
|t:|1758244002
|switch|p2a: Raging Bolt|Raging Bolt|100/100
|turn|8
|
|t:|1758244010
|switch|p1a: Toxicroak|Toxicroak, M|100/100
|move|p2a: Raging Bolt|Volt Switch|p1a: Toxicroak
|-damage|p1a: Toxicroak|25/100
|
|t:|1758244026
|-end|p2a: Raging Bolt|Protosynthesis|[silent]
|switch|p2a: Ceruledge|Ceruledge, M, shiny|100/100|[from] Volt Switch
|
|-weather|RainDance|[upkeep]
|-heal|p1a: Toxicroak|37/100|[from] ability: Dry Skin
|upkeep
|turn|9
|
|t:|1758244036
|move|p2a: Ceruledge|Poltergeist||[still]
|-fail|p2a: Ceruledge
|move|p1a: Toxicroak|Toxic|p2a: Ceruledge
|-status|p2a: Ceruledge|tox
|
|-weather|RainDance|[upkeep]
|-heal|p1a: Toxicroak|50/100|[from] ability: Dry Skin
|-damage|p2a: Ceruledge|94/100 tox|[from] psn
|upkeep
|turn|10
|
|t:|1758244040
|move|p2a: Ceruledge|Bitter Blade|p1a: Toxicroak
|-damage|p1a: Toxicroak|24/100
|-heal|p2a: Ceruledge|100/100 tox|[from] drain|[of] p1a: Toxicroak
|move|p1a: Toxicroak|Knock Off|p2a: Ceruledge
|-supereffective|p2a: Ceruledge
|-damage|p2a: Ceruledge|31/100 tox
|-ability|p2a: Ceruledge|Weak Armor|boost
|-unboost|p2a: Ceruledge|def|1
|-boost|p2a: Ceruledge|spe|2
|-enditem|p2a: Ceruledge|Focus Sash|[from] move: Knock Off|[of] p1a: Toxicroak
|
|-weather|RainDance|[upkeep]
|-heal|p1a: Toxicroak|36/100|[from] ability: Dry Skin
|-damage|p2a: Ceruledge|19/100 tox|[from] psn
|upkeep
|turn|11
|
|t:|1758244046
|move|p1a: Toxicroak|Protect|p1a: Toxicroak
|-singleturn|p1a: Toxicroak|Protect
|move|p2a: Ceruledge|Bitter Blade|p1a: Toxicroak
|-activate|p1a: Toxicroak|move: Protect
|
|-weather|RainDance|[upkeep]
|-heal|p1a: Toxicroak|49/100|[from] ability: Dry Skin
|-damage|p2a: Ceruledge|0 fnt|[from] psn
|faint|p2a: Ceruledge
|upkeep
|
|t:|1758244057
|switch|p2a: Raging Bolt|Raging Bolt|100/100
|turn|12
|
|t:|1758244063
|move|p2a: Raging Bolt|Thunderclap||[still]
|-fail|p2a: Raging Bolt
|move|p1a: Toxicroak|Toxic|p2a: Raging Bolt
|-status|p2a: Raging Bolt|tox
|
|-weather|RainDance|[upkeep]
|-heal|p1a: Toxicroak|61/100|[from] ability: Dry Skin
|-damage|p2a: Raging Bolt|94/100 tox|[from] psn
|upkeep
|turn|13
|-message|MrDrProfFuckface forfeited.
|
|win|itkenreiza
|raw|itkenreiza's rating: 1515 &rarr; <strong>1532</strong><br />(+17 for winning)
|raw|MrDrProfFuckface's rating: 1467 &rarr; <strong>1450</strong><br />(-17 for losing)
|l|☆MrDrProfFuckface
|player|p2|
|l|☆itkenreiza
|player|p1|
