|j|☆Oracleman
|j|‽SkyN64
|t:|1758349810
|gametype|singles
|player|p1|Oracleman|ramos|1205
|player|p2|SkyN64|roxie|1202
|gen|9
|tier|[Gen 9] OU
|rated|
|rule|HP Percentage Mod: HP is shown in percentages
|rule|Endless Battle Clause: Forcing endless battles is banned
|rule|Species Clause: Limit one of each Pokémon
|rule|OHKO Clause: OHKO moves are banned
|rule|Evasion Items Clause: Evasion items are banned
|rule|Evasion Moves Clause: Evasion moves are banned
|rule|Evasion Abilities Clause: Evasion abilities are banned
|rule|Sleep Moves Clause: Sleep-inducing moves are banned
|clearpoke
|poke|p1|Kingambit, M|
|poke|p1|Gliscor, M|
|poke|p1|Moltres|
|poke|p1|Dragapult, F|
|poke|p1|Iron Valiant|
|poke|p1|Ogerpon-Wellspring, F|
|poke|p2|Salamence, F|
|poke|p2|Mienshao, F|
|poke|p2|Darkrai|
|poke|p2|Hatterene, F|
|poke|p2|Corviknight, F|
|poke|p2|Primarina, F|
|teampreview
|inactive|Battle timer is ON: inactive players will automatically lose when time's up. (requested by SkyN64)
|
|t:|1758349837
|teamsize|p1|6
|teamsize|p2|6
|start
|switch|p1a: Dragapult|Dragapult, F|100/100
|switch|p2a: Darkrai|Darkrai|100/100
|turn|1
|
|t:|1758349859
|switch|p1a: Kingambit|Kingambit, M|100/100
|move|p2a: Darkrai|Dark Pulse|p1a: Kingambit
|-resisted|p1a: Kingambit
|-damage|p1a: Kingambit|74/100
|-damage|p2a: Darkrai|91/100|[from] item: Life Orb
|
|upkeep
|turn|2
|
|t:|1758349874
|move|p2a: Darkrai|Thunder Wave|p1a: Kingambit
|-status|p1a: Kingambit|par
|cant|p1a: Kingambit|par
|
|upkeep
|turn|3
|
|t:|1758349882
|move|p2a: Darkrai|Dark Pulse|p1a: Kingambit
|-resisted|p1a: Kingambit
|-damage|p1a: Kingambit|50/100 par
|-damage|p2a: Darkrai|81/100|[from] item: Life Orb
|move|p1a: Kingambit|Low Kick|p2a: Darkrai
|-supereffective|p2a: Darkrai
|-damage|p2a: Darkrai|0 fnt
|faint|p2a: Darkrai
|
|upkeep
|
|t:|1758349900
|switch|p2a: Salamence|Salamence, F|100/100
|turn|4
|
|t:|1758349916
|move|p2a: Salamence|Dragon Dance|p2a: Salamence
|-boost|p2a: Salamence|atk|1
|-boost|p2a: Salamence|spe|1
|move|p1a: Kingambit|Swords Dance|p1a: Kingambit
|-boost|p1a: Kingambit|atk|2
|-enditem|p2a: Salamence|Mirror Herb
|-boost|p2a: Salamence|atk|2|[from] item: Mirror Herb
|
|upkeep
|turn|5
|
|t:|1758349928
|move|p1a: Kingambit|Sucker Punch|p2a: Salamence
|-damage|p2a: Salamence|0 fnt
|faint|p2a: Salamence
|
|upkeep
|
|t:|1758349933
|switch|p2a: Corviknight|Corviknight, F|100/100
|-ability|p2a: Corviknight|Pressure
|turn|6
|
|t:|1758349944
|move|p2a: Corviknight|Body Press|p1a: Kingambit
|-supereffective|p1a: Kingambit
|-damage|p1a: Kingambit|0 fnt
|faint|p1a: Kingambit
|-end|p1a: Kingambit|fallenundefined|[silent]
|
|upkeep
|
|t:|1758349951
|switch|p1a: Moltres|Moltres|100/100
|turn|7
|
|t:|1758349956
|switch|p2a: Primarina|Primarina, F, shiny|100/100
|move|p1a: Moltres|Will-O-Wisp|p2a: Primarina
|-status|p2a: Primarina|brn
|
|-damage|p2a: Primarina|94/100 brn|[from] brn
|upkeep
|turn|8
|
|t:|1758349968
|switch|p1a: Ogerpon|Ogerpon-Wellspring, F|100/100
|move|p2a: Primarina|Substitute|p2a: Primarina
|-start|p2a: Primarina|Substitute
|-damage|p2a: Primarina|70/100 brn
|
|-heal|p2a: Primarina|76/100 brn|[from] item: Leftovers
|-damage|p2a: Primarina|70/100 brn|[from] brn
|upkeep
|turn|9
|
|t:|1758349978
|move|p1a: Ogerpon|Horn Leech|p2a: Primarina
|-supereffective|p2a: Primarina
|-end|p2a: Primarina|Substitute
|move|p2a: Primarina|Draining Kiss|p1a: Ogerpon
|-damage|p1a: Ogerpon|76/100
|-heal|p2a: Primarina|85/100 brn|[from] drain|[of] p1a: Ogerpon
|
|-heal|p2a: Primarina|91/100 brn|[from] item: Leftovers
|-damage|p2a: Primarina|85/100 brn|[from] brn
|upkeep
|turn|10
|
|t:|1758349989
|switch|p2a: Corviknight|Corviknight, F|100/100
|-ability|p2a: Corviknight|Pressure
|move|p1a: Ogerpon|Swords Dance|p1a: Ogerpon
|-boost|p1a: Ogerpon|atk|2
|
|upkeep
|turn|11
|
|t:|1758350005
|move|p1a: Ogerpon|Ivy Cudgel|p2a: Corviknight|[anim] Ivy Cudgel Water
|-damage|p2a: Corviknight|25/100
|move|p2a: Corviknight|Brave Bird|p1a: Ogerpon
|-supereffective|p1a: Ogerpon
|-damage|p1a: Ogerpon|0 fnt
|faint|p1a: Ogerpon
|-damage|p2a: Corviknight|7/100|[from] Recoil
|
|upkeep
|
|t:|1758350014
|switch|p1a: Dragapult|Dragapult, F|100/100
|turn|12
|
|t:|1758350022
|move|p1a: Dragapult|U-turn|p2a: Corviknight
|-resisted|p2a: Corviknight
|-damage|p2a: Corviknight|4/100
|-damage|p1a: Dragapult|84/100|[from] item: Rocky Helmet|[of] p2a: Corviknight
|
|t:|1758350026
|switch|p1a: Moltres|Moltres|100/100|[from] U-turn
|move|p2a: Corviknight|Brave Bird|p1a: Moltres
|-damage|p1a: Moltres|74/100
|-damage|p2a: Corviknight|0 fnt|[from] Recoil
|faint|p2a: Corviknight
|
|upkeep
|
|t:|1758350039
|switch|p2a: Primarina|Primarina, F, shiny|85/100 brn
|turn|13
|inactive|Oracleman has 120 seconds left.
|
|t:|1758350071
|-terastallize|p1a: Moltres|Fairy
|move|p1a: Moltres|Roost|p1a: Moltres
|-heal|p1a: Moltres|100/100
|move|p2a: Primarina|Substitute|p2a: Primarina
|-start|p2a: Primarina|Substitute
|-damage|p2a: Primarina|60/100 brn
|
|-heal|p2a: Primarina|66/100 brn|[from] item: Leftovers
|-damage|p2a: Primarina|60/100 brn|[from] brn
|upkeep
|turn|14
|inactive|Oracleman has 120 seconds left.
|
|t:|1758350083
|move|p2a: Primarina|Calm Mind|p2a: Primarina
|-boost|p2a: Primarina|spa|1
|-boost|p2a: Primarina|spd|1
|move|p1a: Moltres|Roar|p2a: Primarina
|drag|p2a: Hatterene|Hatterene, F|100/100
|
|upkeep
|turn|15
|inactive|Oracleman has 120 seconds left.
|
|t:|1758350100
|move|p1a: Moltres|Flamethrower|p2a: Hatterene
|-damage|p2a: Hatterene|61/100
|move|p2a: Hatterene|Nuzzle|p1a: Moltres
|-damage|p1a: Moltres|98/100
|-status|p1a: Moltres|par
|
|-heal|p2a: Hatterene|67/100|[from] item: Leftovers
|upkeep
|turn|16
|inactive|Oracleman has 120 seconds left.
|
|t:|1758350110
|move|p1a: Moltres|Flamethrower|p2a: Hatterene
|-damage|p2a: Hatterene|24/100
|move|p2a: Hatterene|Calm Mind|p2a: Hatterene
|-boost|p2a: Hatterene|spa|1
|-boost|p2a: Hatterene|spd|1
|
|-heal|p2a: Hatterene|30/100|[from] item: Leftovers
|upkeep
|turn|17
|
|t:|1758350119
|move|p1a: Moltres|Flamethrower|p2a: Hatterene
|-damage|p2a: Hatterene|2/100
|move|p2a: Hatterene|Draining Kiss|p1a: Moltres
|-damage|p1a: Moltres|61/100 par
|-heal|p2a: Hatterene|36/100|[from] drain|[of] p1a: Moltres
|-status|p2a: Hatterene|brn|[from] ability: Flame Body|[of] p1a: Moltres
|
|-heal|p2a: Hatterene|42/100 brn|[from] item: Leftovers
|-damage|p2a: Hatterene|36/100 brn|[from] brn
|upkeep
|turn|18
|
|t:|1758350134
|move|p2a: Hatterene|Draining Kiss|p1a: Moltres
|-damage|p1a: Moltres|25/100 par
|-heal|p2a: Hatterene|68/100 brn|[from] drain|[of] p1a: Moltres
|move|p1a: Moltres|Roar|p2a: Hatterene
|move|p2a: Hatterene|Roar|p1a: Moltres|[from] ability: Magic Bounce
|drag|p1a: Dragapult|Dragapult, F|84/100
|
|-heal|p2a: Hatterene|74/100 brn|[from] item: Leftovers
|-damage|p2a: Hatterene|68/100 brn|[from] brn
|upkeep
|turn|19
|inactive|Oracleman has 120 seconds left.
|
|t:|1758350152
|-terastallize|p2a: Hatterene|Water
|move|p1a: Dragapult|Shadow Ball|p2a: Hatterene
|-damage|p2a: Hatterene|28/100 brn
|move|p2a: Hatterene|Draining Kiss|p1a: Dragapult
|-supereffective|p1a: Dragapult
|-damage|p1a: Dragapult|0 fnt
|-heal|p2a: Hatterene|91/100 brn|[from] drain|[of] p1a: Dragapult
|faint|p1a: Dragapult
|
|-heal|p2a: Hatterene|97/100 brn|[from] item: Leftovers
|-damage|p2a: Hatterene|91/100 brn|[from] brn
|upkeep
|inactive|Oracleman has 120 seconds left.
|
|t:|1758350177
|switch|p1a: Moltres|Moltres, tera:Fairy|25/100 par
|turn|20
|
|t:|1758350182
|move|p1a: Moltres|Roost|p1a: Moltres
|-heal|p1a: Moltres|75/100 par
|move|p2a: Hatterene|Calm Mind|p2a: Hatterene
|-boost|p2a: Hatterene|spa|1
|-boost|p2a: Hatterene|spd|1
|
|-heal|p2a: Hatterene|97/100 brn|[from] item: Leftovers
|-damage|p2a: Hatterene|91/100 brn|[from] brn
|upkeep
|turn|21
|inactive|Oracleman has 120 seconds left.
|
|t:|1758350201
|move|p1a: Moltres|Flamethrower|p2a: Hatterene
|-resisted|p2a: Hatterene
|-damage|p2a: Hatterene|81/100 brn
|move|p2a: Hatterene|Draining Kiss|p1a: Moltres
|-damage|p1a: Moltres|30/100 par
|-heal|p2a: Hatterene|100/100 brn|[from] drain|[of] p1a: Moltres
|
|-damage|p2a: Hatterene|95/100 brn|[from] brn
|upkeep
|turn|22
|
|t:|1758350211
|move|p1a: Moltres|Roost|p1a: Moltres
|-heal|p1a: Moltres|80/100 par
|move|p2a: Hatterene|Future Sight|p1a: Moltres
|-start|p2a: Hatterene|move: Future Sight
|
|-heal|p2a: Hatterene|100/100 brn|[from] item: Leftovers
|-damage|p2a: Hatterene|95/100 brn|[from] brn
|upkeep
|turn|23
|inactive|Oracleman has 120 seconds left.
|
|t:|1758350220
|move|p1a: Moltres|Flamethrower|p2a: Hatterene
|-resisted|p2a: Hatterene
|-damage|p2a: Hatterene|84/100 brn
|move|p2a: Hatterene|Draining Kiss|p1a: Moltres
|-damage|p1a: Moltres|35/100 par
|-heal|p2a: Hatterene|100/100 brn|[from] drain|[of] p1a: Moltres
|
|-damage|p2a: Hatterene|95/100 brn|[from] brn
|upkeep
|turn|24
|
|t:|1758350230
|move|p1a: Moltres|Roost|p1a: Moltres
|-heal|p1a: Moltres|85/100 par
|move|p2a: Hatterene|Calm Mind|p2a: Hatterene
|-boost|p2a: Hatterene|spa|1
|-boost|p2a: Hatterene|spd|1
|
|-end|p1a: Moltres|move: Future Sight
|-damage|p1a: Moltres|0 fnt
|faint|p1a: Moltres
|-heal|p2a: Hatterene|100/100 brn|[from] item: Leftovers
|-damage|p2a: Hatterene|95/100 brn|[from] brn
|upkeep
|inactive|Oracleman has 120 seconds left.
|
|t:|1758350267
|switch|p1a: Gliscor|Gliscor, M|100/100
|turn|25
|
|t:|1758350271
|move|p1a: Gliscor|Knock Off|p2a: Hatterene
|-damage|p2a: Hatterene|76/100 brn
|-enditem|p2a: Hatterene|Leftovers|[from] move: Knock Off|[of] p1a: Gliscor
|move|p2a: Hatterene|Future Sight|p1a: Gliscor
|-start|p2a: Hatterene|move: Future Sight
|
|-damage|p2a: Hatterene|70/100 brn|[from] brn
|-status|p1a: Gliscor|tox|[from] item: Toxic Orb
|upkeep
|turn|26
|
|t:|1758350281
|move|p1a: Gliscor|Earthquake|p2a: Hatterene
|-damage|p2a: Hatterene|40/100 brn
|move|p2a: Hatterene|Draining Kiss|p1a: Gliscor
|-damage|p1a: Gliscor|48/100 tox
|-heal|p2a: Hatterene|84/100 brn|[from] drain|[of] p1a: Gliscor
|
|-heal|p1a: Gliscor|60/100 tox|[from] ability: Poison Heal
|-damage|p2a: Hatterene|78/100 brn|[from] brn
|upkeep
|turn|27
|
|t:|1758350292
|move|p1a: Gliscor|Protect|p1a: Gliscor
|-singleturn|p1a: Gliscor|Protect
|move|p2a: Hatterene|Draining Kiss|p1a: Gliscor
|-activate|p1a: Gliscor|move: Protect
|
|-end|p1a: Gliscor|move: Future Sight
|-damage|p1a: Gliscor|0 fnt
|faint|p1a: Gliscor
|-damage|p2a: Hatterene|72/100 brn|[from] brn
|upkeep
|
|t:|1758350300
|switch|p1a: Iron Valiant|Iron Valiant|100/100
|-enditem|p1a: Iron Valiant|Booster Energy
|-activate|p1a: Iron Valiant|ability: Quark Drive|[fromitem]
|-start|p1a: Iron Valiant|quarkdrivespe
|turn|28
|inactive|Oracleman has 120 seconds left.
|
|t:|1758350316
|move|p1a: Iron Valiant|Swords Dance|p1a: Iron Valiant
|-boost|p1a: Iron Valiant|atk|2
|move|p2a: Hatterene|Draining Kiss|p1a: Iron Valiant
|-supereffective|p1a: Iron Valiant
|-damage|p1a: Iron Valiant|0 fnt
|-heal|p2a: Hatterene|100/100 brn|[from] drain|[of] p1a: Iron Valiant
|faint|p1a: Iron Valiant
|-end|p1a: Iron Valiant|Quark Drive|[silent]
|
|win|SkyN64
|raw|Oracleman's rating: 1205 &rarr; <strong>1180</strong><br />(-25 for losing)
|raw|SkyN64's rating: 1202 &rarr; <strong>1227</strong><br />(+25 for winning)
|l|☆Oracleman
|player|p1|
|l|‽SkyN64
|player|p2|
