|j|☆TeamNorthKorea
|j|☆the goobchamponing
|t:|1758299515
|gametype|singles
|player|p1|TeamNorthKorea|dawn|1504
|player|p2|the goobchamponing|koga|1541
|gen|9
|tier|[Gen 9] OU
|rated|
|rule|HP Percentage Mod: HP is shown in percentages
|rule|Endless Battle Clause: Forcing endless battles is banned
|rule|Species Clause: Limit one of each Pokémon
|rule|OHKO Clause: OHKO moves are banned
|rule|Evasion Items Clause: Evasion items are banned
|rule|Evasion Moves Clause: Evasion moves are banned
|rule|Evasion Abilities Clause: Evasion abilities are banned
|rule|Sleep Moves Clause: Sleep-inducing moves are banned
|clearpoke
|poke|p1|Porygon-Z|
|poke|p1|Great Tusk|
|poke|p1|Kingambit, F|
|poke|p1|Rillaboom, M|
|poke|p1|Dragapult, F|
|poke|p1|Heatran, F|
|poke|p2|Ting-Lu|
|poke|p2|Ogerpon-Wellspring, F|
|poke|p2|Gholdengo|
|poke|p2|Moltres|
|poke|p2|Primarina, F|
|poke|p2|Dragapult, F|
|teampreview
|inactive|Battle timer is ON: inactive players will automatically lose when time's up. (requested by the goobchamponing)
|inactive|TeamNorthKorea also wants the timer to be on.
|
|t:|1758299525
|teamsize|p1|6
|teamsize|p2|6
|start
|switch|p1a: Dragapult|Dragapult, F|100/100
|switch|p2a: Ting-Lu|Ting-Lu|100/100
|-ability|p2a: Ting-Lu|Vessel of Ruin
|turn|1
|
|t:|1758299530
|move|p1a: Dragapult|Hydro Pump|p2a: Ting-Lu
|-supereffective|p2a: Ting-Lu
|-damage|p2a: Ting-Lu|63/100
|move|p2a: Ting-Lu|Stealth Rock|p1a: Dragapult
|-sidestart|p1: TeamNorthKorea|move: Stealth Rock
|
|-heal|p2a: Ting-Lu|69/100|[from] item: Leftovers
|upkeep
|turn|2
|
|t:|1758299533
|move|p1a: Dragapult|Hydro Pump|p2a: Ting-Lu
|-supereffective|p2a: Ting-Lu
|-damage|p2a: Ting-Lu|26/100
|move|p2a: Ting-Lu|Ruination|p1a: Dragapult
|-damage|p1a: Dragapult|51/100
|
|-heal|p2a: Ting-Lu|32/100|[from] item: Leftovers
|upkeep
|turn|3
|
|t:|1758299536
|switch|p2a: Primarina|Primarina, F|100/100
|move|p1a: Dragapult|Hydro Pump|p2a: Primarina
|-resisted|p2a: Primarina
|-damage|p2a: Primarina|79/100
|
|upkeep
|turn|4
|
|t:|1758299539
|switch|p1a: Rillaboom|Rillaboom, M|100/100
|-damage|p1a: Rillaboom|88/100|[from] Stealth Rock
|-fieldstart|move: Grassy Terrain|[from] ability: Grassy Surge|[of] p1a: Rillaboom
|move|p2a: Primarina|Draining Kiss|p1a: Rillaboom
|-damage|p1a: Rillaboom|61/100
|-heal|p2a: Primarina|98/100|[from] drain|[of] p1a: Rillaboom
|
|-heal|p1a: Rillaboom|68/100|[from] Grassy Terrain
|-heal|p2a: Primarina|100/100|[from] Grassy Terrain
|upkeep
|turn|5
|
|t:|1758299544
|switch|p2a: Moltres|Moltres|100/100
|move|p1a: Rillaboom|Knock Off|p2a: Moltres
|-damage|p2a: Moltres|67/100
|-status|p1a: Rillaboom|brn|[from] ability: Flame Body|[of] p2a: Moltres
|-enditem|p2a: Moltres|Heavy-Duty Boots|[from] move: Knock Off|[of] p1a: Rillaboom
|
|-heal|p1a: Rillaboom|74/100 brn|[from] Grassy Terrain
|-damage|p1a: Rillaboom|68/100 brn|[from] brn
|upkeep
|turn|6
|
|t:|1758299546
|switch|p1a: Heatran|Heatran, F|100/100
|-damage|p1a: Heatran|88/100|[from] Stealth Rock
|move|p2a: Moltres|U-turn|p1a: Heatran
|-resisted|p1a: Heatran
|-damage|p1a: Heatran|85/100
|
|t:|1758299549
|switch|p2a: Ting-Lu|Ting-Lu|32/100|[from] U-turn
|-ability|p2a: Ting-Lu|Vessel of Ruin
|
|-heal|p1a: Heatran|91/100|[from] Grassy Terrain
|-heal|p1a: Heatran|97/100|[from] item: Leftovers
|-heal|p2a: Ting-Lu|39/100|[from] Grassy Terrain
|-heal|p2a: Ting-Lu|45/100|[from] item: Leftovers
|upkeep
|turn|7
|
|t:|1758299552
|move|p1a: Heatran|Stealth Rock|p2a: Ting-Lu
|-sidestart|p2: the goobchamponing|move: Stealth Rock
|move|p2a: Ting-Lu|Ruination|p1a: Heatran
|-damage|p1a: Heatran|49/100
|
|-heal|p1a: Heatran|55/100|[from] Grassy Terrain
|-heal|p1a: Heatran|61/100|[from] item: Leftovers
|-heal|p2a: Ting-Lu|51/100|[from] Grassy Terrain
|-heal|p2a: Ting-Lu|57/100|[from] item: Leftovers
|upkeep
|turn|8
|
|t:|1758299559
|switch|p1a: Massive Tusk|Great Tusk|100/100
|-damage|p1a: Massive Tusk|98/100|[from] Stealth Rock
|-enditem|p1a: Massive Tusk|Booster Energy
|-activate|p1a: Massive Tusk|ability: Protosynthesis|[fromitem]
|-start|p1a: Massive Tusk|protosynthesisatk
|move|p2a: Ting-Lu|Ruination|p1a: Massive Tusk
|-damage|p1a: Massive Tusk|49/100
|
|-heal|p1a: Massive Tusk|55/100|[from] Grassy Terrain
|-heal|p2a: Ting-Lu|64/100|[from] Grassy Terrain
|-heal|p2a: Ting-Lu|70/100|[from] item: Leftovers
|-fieldend|move: Grassy Terrain
|upkeep
|turn|9
|
|t:|1758299562
|switch|p2a: Gholdengo|Gholdengo|100/100
|-damage|p2a: Gholdengo|94/100|[from] Stealth Rock
|move|p1a: Massive Tusk|Headlong Rush|p2a: Gholdengo
|-supereffective|p2a: Gholdengo
|-damage|p2a: Gholdengo|0 fnt
|-unboost|p1a: Massive Tusk|def|1
|-unboost|p1a: Massive Tusk|spd|1
|faint|p2a: Gholdengo
|
|upkeep
|
|t:|1758299564
|switch|p2a: Ogerpon|Ogerpon-Wellspring, F|100/100
|-damage|p2a: Ogerpon|88/100|[from] Stealth Rock
|turn|10
|
|t:|1758299569
|-end|p1a: Massive Tusk|Protosynthesis|[silent]
|switch|p1a: Rillaboom|Rillaboom, M|68/100 brn
|-damage|p1a: Rillaboom|55/100 brn|[from] Stealth Rock
|-fieldstart|move: Grassy Terrain|[from] ability: Grassy Surge|[of] p1a: Rillaboom
|move|p2a: Ogerpon|Swords Dance|p2a: Ogerpon
|-boost|p2a: Ogerpon|atk|2
|
|-heal|p2a: Ogerpon|94/100|[from] Grassy Terrain
|-heal|p1a: Rillaboom|61/100 brn|[from] Grassy Terrain
|-damage|p1a: Rillaboom|55/100 brn|[from] brn
|upkeep
|turn|11
|
|t:|1758299571
|move|p2a: Ogerpon|Trailblaze|p1a: Rillaboom
|-resisted|p1a: Rillaboom
|-damage|p1a: Rillaboom|11/100 brn
|-boost|p2a: Ogerpon|spe|1
|move|p1a: Rillaboom|U-turn|p2a: Ogerpon
|-supereffective|p2a: Ogerpon
|-damage|p2a: Ogerpon|47/100
|
|t:|1758299582
|switch|p1a: Heatran|Heatran, F|61/100|[from] U-turn
|-damage|p1a: Heatran|49/100|[from] Stealth Rock
|
|-heal|p2a: Ogerpon|53/100|[from] Grassy Terrain
|-heal|p1a: Heatran|55/100|[from] Grassy Terrain
|-heal|p1a: Heatran|61/100|[from] item: Leftovers
|upkeep
|turn|12
|
|t:|1758299585
|-terastallize|p1a: Heatran|Flying
|move|p2a: Ogerpon|Ivy Cudgel|p1a: Heatran|[anim] Ivy Cudgel Water
|-damage|p1a: Heatran|0 fnt
|faint|p1a: Heatran
|
|-heal|p2a: Ogerpon|59/100|[from] Grassy Terrain
|upkeep
|
|t:|1758299589
|switch|p1a: Bail Out|Kingambit, F|100/100
|-damage|p1a: Bail Out|94/100|[from] Stealth Rock
|-activate|p1a: Bail Out|ability: Supreme Overlord
|-start|p1a: Bail Out|fallen1|[silent]
|turn|13
|
|t:|1758299591
|move|p1a: Bail Out|Sucker Punch||[still]
|-fail|p1a: Bail Out
|move|p2a: Ogerpon|Synthesis|p2a: Ogerpon
|-heal|p2a: Ogerpon|100/100
|
|-heal|p1a: Bail Out|100/100|[from] Grassy Terrain
|upkeep
|turn|14
|
|t:|1758299594
|-terastallize|p2a: Ogerpon|Water
|detailschange|p2a: Ogerpon|Ogerpon-Wellspring-Tera, F, tera:Water
|-ability|p2a: Ogerpon|Embody Aspect (Wellspring)|boost
|-boost|p2a: Ogerpon|spd|1
|move|p1a: Bail Out|Sucker Punch|p2a: Ogerpon
|-damage|p2a: Ogerpon|27/100
|move|p2a: Ogerpon|Ivy Cudgel|p1a: Bail Out|[anim] Ivy Cudgel Water
|-damage|p1a: Bail Out|0 fnt
|faint|p1a: Bail Out
|-end|p1a: Bail Out|fallen1|[silent]
|
|-heal|p2a: Ogerpon|33/100|[from] Grassy Terrain
|-fieldend|move: Grassy Terrain
|upkeep
|
|t:|1758299602
|switch|p1a: Dragapult|Dragapult, F|51/100
|-damage|p1a: Dragapult|38/100|[from] Stealth Rock
|turn|15
|
|t:|1758299605
|move|p2a: Ogerpon|Synthesis|p2a: Ogerpon
|-heal|p2a: Ogerpon|83/100
|move|p1a: Dragapult|Shadow Ball|p2a: Ogerpon
|-damage|p2a: Ogerpon|45/100
|
|upkeep
|turn|16
|
|t:|1758299612
|move|p2a: Ogerpon|Ivy Cudgel|p1a: Dragapult|[anim] Ivy Cudgel Water
|-resisted|p1a: Dragapult
|-damage|p1a: Dragapult|0 fnt
|faint|p1a: Dragapult
|
|upkeep
|
|t:|1758299613
|switch|p1a: NUKE|Porygon-Z|100/100
|-damage|p1a: NUKE|88/100|[from] Stealth Rock
|turn|17
|
|t:|1758299615
|move|p2a: Ogerpon|Ivy Cudgel|p1a: NUKE|[anim] Ivy Cudgel Water
|-damage|p1a: NUKE|0 fnt
|faint|p1a: NUKE
|
|upkeep
|-message|TeamNorthKorea forfeited.
|
|win|the goobchamponing
|raw|TeamNorthKorea's rating: 1488 &rarr; <strong>1471</strong><br />(-17 for losing)
|raw|the goobchamponing's rating: 1541 &rarr; <strong>1558</strong><br />(+17 for winning)
|l|☆TeamNorthKorea
|player|p1|
|l|☆the goobchamponing
|player|p2|
