|j|☆acechemicals22
|j|☆5 player games
|inactive|Battle timer is ON: inactive players will automatically lose when time's up.
|t:|1758258046
|gametype|singles
|player|p1|acechemicals22|byron|
|player|p2|5 player games|169|
|gen|9
|tier|[Gen 9] OU
|rated|Tournament battle
|rule|HP Percentage Mod: HP is shown in percentages
|rule|Endless Battle Clause: Forcing endless battles is banned
|rule|Species Clause: Limit one of each Pokémon
|rule|OHKO Clause: OHKO moves are banned
|rule|Evasion Items Clause: Evasion items are banned
|rule|Evasion Moves Clause: Evasion moves are banned
|rule|Evasion Abilities Clause: Evasion abilities are banned
|rule|Sleep Moves Clause: Sleep-inducing moves are banned
|raw|<div class="infobox"><details class="readmore" open><summary><strong>1 custom rule:</strong></summary> -wobbuffet</details></div>
|clearpoke
|poke|p1|Weavile, F|
|poke|p1|Rockruff, M|
|poke|p1|Cottonee, F|
|poke|p2|Kilowattrel, M|
|poke|p2|Pawmi, M|
|poke|p2|Barraskewda, M|
|teampreview
|j|*Lady Monita ☀
|
|t:|1758258075
|teamsize|p1|3
|teamsize|p2|3
|start
|switch|p1a: Rocky|Rockruff, M|100/100
|switch|p2a: Pawmi|Pawmi, M|100/100
|turn|1
|
|t:|1758258080
|move|p2a: Pawmi|Nuzzle|p1a: Rocky
|-damage|p1a: Rocky|86/100
|-status|p1a: Rocky|par
|move|p1a: Rocky|Stone Edge|p2a: Pawmi|[miss]
|-miss|p1a: Rocky|p2a: Pawmi
|
|upkeep
|turn|2
|
|t:|1758258090
|move|p2a: Pawmi|Wild Charge|p1a: Rocky
|-damage|p1a: Rocky|14/100 par
|-damage|p2a: Pawmi|78/100|[from] Recoil
|move|p1a: Rocky|Stone Edge|p2a: Pawmi
|-damage|p2a: Pawmi|0 fnt
|faint|p2a: Pawmi
|
|upkeep
|
|t:|1758258095
|switch|p2a: Barraskewda|Barraskewda, M|100/100
|turn|3
|
|t:|1758258099
|move|p2a: Barraskewda|Liquidation|p1a: Rocky
|-supereffective|p1a: Rocky
|-damage|p1a: Rocky|0 fnt
|faint|p1a: Rocky
|
|upkeep
|
|t:|1758258101
|switch|p1a: Coton|Cottonee, F|100/100
|turn|4
|
|t:|1758258112
|move|p2a: Barraskewda|Liquidation|p1a: Coton
|-resisted|p1a: Coton
|-damage|p1a: Coton|71/100
|move|p1a: Coton|Dazzling Gleam|p2a: Barraskewda
|-damage|p2a: Barraskewda|70/100
|
|upkeep
|turn|5
|
|t:|1758258116
|move|p2a: Barraskewda|Liquidation|p1a: Coton
|-resisted|p1a: Coton
|-damage|p1a: Coton|43/100
|-unboost|p1a: Coton|def|1
|move|p1a: Coton|Giga Drain|p2a: Barraskewda
|-supereffective|p2a: Barraskewda
|-damage|p2a: Barraskewda|17/100
|-heal|p1a: Coton|68/100|[from] drain|[of] p2a: Barraskewda
|
|upkeep
|turn|6
|
|t:|1758258119
|move|p1a: Coton|Leech Seed|p2a: Barraskewda
|-start|p2a: Barraskewda|move: Leech Seed
|move|p2a: Barraskewda|Liquidation|p1a: Coton
|-resisted|p1a: Coton
|-damage|p1a: Coton|29/100
|
|-damage|p2a: Barraskewda|5/100|[from] Leech Seed|[of] p1a: Coton
|-heal|p1a: Coton|40/100|[silent]
|upkeep
|turn|7
|
|t:|1758258121
|move|p2a: Barraskewda|Liquidation|p1a: Coton
|-resisted|p1a: Coton
|-damage|p1a: Coton|0 fnt
|faint|p1a: Coton
|
|upkeep
|
|t:|1758258124
|switch|p1a: Wea|Weavile, F|100/100
|-ability|p1a: Wea|Pressure
|turn|8
|
|t:|1758258135
|move|p1a: Wea|Fake Out|p2a: Barraskewda
|-damage|p2a: Barraskewda|0 fnt
|faint|p2a: Barraskewda
|
|upkeep
|
|t:|1758258137
|switch|p2a: Kilowattrel|Kilowattrel, M|100/100
|turn|9
|
|t:|1758258141
|-terastallize|p2a: Kilowattrel|Stellar
|move|p1a: Wea|Icicle Spear|p2a: Kilowattrel
|-supereffective|p2a: Kilowattrel
|-damage|p2a: Kilowattrel|58/100
|-supereffective|p2a: Kilowattrel
|-damage|p2a: Kilowattrel|10/100
|-supereffective|p2a: Kilowattrel
|-damage|p2a: Kilowattrel|0 fnt
|faint|p2a: Kilowattrel
|-hitcount|p2: Kilowattrel|3
|
|win|acechemicals22
|n|☆acechemicals22|acechemicals22
|n|☆5 player games|5playergames
|n|*Lady Monita ☀|ladymonita
