|j|☆saskou
|j|☆Jute main
|t:|1758295921
|gametype|singles
|player|p1|saskou|roxie|1338
|player|p2|Jute main|riley|1339
|gen|9
|tier|[Gen 9] OU
|rated|
|rule|HP Percentage Mod: HP is shown in percentages
|rule|Endless Battle Clause: Forcing endless battles is banned
|rule|Species Clause: Limit one of each Pokémon
|rule|OHKO Clause: OHKO moves are banned
|rule|Evasion Items Clause: Evasion items are banned
|rule|Evasion Moves Clause: Evasion moves are banned
|rule|Evasion Abilities Clause: Evasion abilities are banned
|rule|Sleep Moves Clause: Sleep-inducing moves are banned
|clearpoke
|poke|p1|Pikachu, F|
|poke|p1|Araquanid, M|
|poke|p1|Pelipper, M|
|poke|p1|Moltres-Galar|
|poke|p1|Clodsire, F|
|poke|p1|Clefable, M|
|poke|p2|Primarina, M|
|poke|p2|Great Tusk|
|poke|p2|Clefable, M|
|poke|p2|Iron Moth|
|poke|p2|Raging Bolt|
|poke|p2|Ogerpon-Wellspring, F|
|teampreview
|c|☆saskou|glhf
|c|☆Jute main|gl
|inactive|Battle timer is ON: inactive players will automatically lose when time's up. (requested by saskou)
|
|t:|1758295934
|teamsize|p1|6
|teamsize|p2|6
|start
|switch|p1a: Araquanid|Araquanid, M|100/100
|switch|p2a: Primarina|Primarina, M|100/100
|turn|1
|
|t:|1758295940
|move|p2a: Primarina|Substitute|p2a: Primarina
|-start|p2a: Primarina|Substitute
|-damage|p2a: Primarina|76/100
|move|p1a: Araquanid|Sticky Web|p2a: Primarina
|-sidestart|p2: Jute main|move: Sticky Web
|
|-heal|p2a: Primarina|82/100|[from] item: Leftovers
|upkeep
|turn|2
|
|t:|1758295944
|move|p2a: Primarina|Calm Mind|p2a: Primarina
|-boost|p2a: Primarina|spa|1
|-boost|p2a: Primarina|spd|1
|move|p1a: Araquanid|Surf|p2a: Primarina
|-resisted|p2a: Primarina
|-activate|p2a: Primarina|move: Substitute|[damage]
|
|-heal|p2a: Primarina|88/100|[from] item: Leftovers
|upkeep
|turn|3
|
|t:|1758295948
|move|p2a: Primarina|Calm Mind|p2a: Primarina
|-boost|p2a: Primarina|spa|1
|-boost|p2a: Primarina|spd|1
|move|p1a: Araquanid|Surf|p2a: Primarina
|-resisted|p2a: Primarina
|-end|p2a: Primarina|Substitute
|
|-heal|p2a: Primarina|94/100|[from] item: Leftovers
|upkeep
|turn|4
|
|t:|1758295954
|move|p2a: Primarina|Substitute|p2a: Primarina
|-start|p2a: Primarina|Substitute
|-damage|p2a: Primarina|69/100
|move|p1a: Araquanid|Endeavor|p2a: Primarina
|-immune|p2a: Primarina
|
|-heal|p2a: Primarina|76/100|[from] item: Leftovers
|upkeep
|turn|5
|
|t:|1758295958
|move|p2a: Primarina|Calm Mind|p2a: Primarina
|-boost|p2a: Primarina|spa|1
|-boost|p2a: Primarina|spd|1
|move|p1a: Araquanid|Surf|p2a: Primarina
|-resisted|p2a: Primarina
|-activate|p2a: Primarina|move: Substitute|[damage]
|
|-heal|p2a: Primarina|82/100|[from] item: Leftovers
|upkeep
|turn|6
|
|t:|1758295963
|move|p2a: Primarina|Calm Mind|p2a: Primarina
|-boost|p2a: Primarina|spa|1
|-boost|p2a: Primarina|spd|1
|move|p1a: Araquanid|Surf|p2a: Primarina
|-resisted|p2a: Primarina
|-activate|p2a: Primarina|move: Substitute|[damage]
|
|-heal|p2a: Primarina|88/100|[from] item: Leftovers
|upkeep
|turn|7
|
|t:|1758295967
|move|p2a: Primarina|Calm Mind|p2a: Primarina
|-boost|p2a: Primarina|spa|1
|-boost|p2a: Primarina|spd|1
|move|p1a: Araquanid|Surf|p2a: Primarina
|-resisted|p2a: Primarina
|-activate|p2a: Primarina|move: Substitute|[damage]
|
|-heal|p2a: Primarina|94/100|[from] item: Leftovers
|upkeep
|turn|8
|
|t:|1758295970
|move|p2a: Primarina|Calm Mind|p2a: Primarina
|-boost|p2a: Primarina|spa|1
|-boost|p2a: Primarina|spd|1
|move|p1a: Araquanid|Surf|p2a: Primarina
|-resisted|p2a: Primarina
|-end|p2a: Primarina|Substitute
|
|-heal|p2a: Primarina|100/100|[from] item: Leftovers
|upkeep
|turn|9
|
|t:|1758295978
|move|p2a: Primarina|Substitute|p2a: Primarina
|-start|p2a: Primarina|Substitute
|-damage|p2a: Primarina|76/100
|move|p1a: Araquanid|Endeavor|p2a: Primarina
|-immune|p2a: Primarina
|
|-heal|p2a: Primarina|82/100|[from] item: Leftovers
|upkeep
|turn|10
|
|t:|1758295985
|move|p1a: Araquanid|Endure|p1a: Araquanid
|-singleturn|p1a: Araquanid|move: Endure
|move|p2a: Primarina|Moonblast|p1a: Araquanid
|-activate|p1a: Araquanid|move: Endure
|-damage|p1a: Araquanid|1/100
|
|-heal|p2a: Primarina|88/100|[from] item: Leftovers
|upkeep
|turn|11
|-enditem|p1a: Araquanid|Custap Berry|[eat]
|-activate|p1a: Araquanid|item: Custap Berry|[consumed]
|
|t:|1758295989
|move|p1a: Araquanid|Endeavor|p2a: Primarina
|-end|p2a: Primarina|Substitute
|move|p2a: Primarina|Moonblast|p1a: Araquanid
|-crit|p1a: Araquanid
|-damage|p1a: Araquanid|0 fnt
|faint|p1a: Araquanid
|
|-heal|p2a: Primarina|94/100|[from] item: Leftovers
|upkeep
|
|t:|1758296003
|switch|p1a: Clefable|Clefable, M|100/100
|turn|12
|
|t:|1758296011
|move|p2a: Primarina|Surf|p1a: Clefable
|-damage|p1a: Clefable|51/100
|move|p1a: Clefable|Calm Mind|p1a: Clefable
|-boost|p1a: Clefable|spa|1
|-boost|p1a: Clefable|spd|1
|
|-heal|p2a: Primarina|100/100|[from] item: Leftovers
|upkeep
|turn|13
|
|t:|1758296017
|move|p2a: Primarina|Moonblast|p1a: Clefable
|-damage|p1a: Clefable|15/100
|-unboost|p1a: Clefable|spa|1
|move|p1a: Clefable|Moonlight|p1a: Clefable
|-heal|p1a: Clefable|65/100
|
|upkeep
|turn|14
|
|t:|1758296023
|move|p2a: Primarina|Moonblast|p1a: Clefable
|-damage|p1a: Clefable|32/100
|move|p1a: Clefable|Moonlight|p1a: Clefable
|-heal|p1a: Clefable|82/100
|
|upkeep
|turn|15
|
|t:|1758296030
|switch|p2a: Clefable|Clefable, M|100/100
|move|p1a: Clefable|Thunder Wave|p2a: Clefable
|-status|p2a: Clefable|par
|
|upkeep
|turn|16
|
|t:|1758296036
|switch|p1a: Pelipper|Pelipper, M|100/100
|-weather|RainDance|[from] ability: Drizzle|[of] p1a: Pelipper
|cant|p2a: Clefable|par
|
|-weather|RainDance|[upkeep]
|upkeep
|turn|17
|
|t:|1758296046
|switch|p2a: Raging Bolt|Raging Bolt|100/100
|-activate|p2a: Raging Bolt|move: Sticky Web
|-unboost|p2a: Raging Bolt|spe|1
|move|p1a: Pelipper|Knock Off|p2a: Raging Bolt
|-damage|p2a: Raging Bolt|91/100
|-enditem|p2a: Raging Bolt|Choice Specs|[from] move: Knock Off|[of] p1a: Pelipper
|
|-weather|RainDance|[upkeep]
|upkeep
|turn|18
|
|t:|1758296054
|switch|p1a: Clodsire|Clodsire, F|100/100
|move|p2a: Raging Bolt|Draco Meteor|p1a: Clodsire
|-damage|p1a: Clodsire|61/100
|-unboost|p2a: Raging Bolt|spa|2
|
|-weather|RainDance|[upkeep]
|upkeep
|turn|19
|
|t:|1758296062
|-end|p2a: Raging Bolt|Protosynthesis|[silent]
|switch|p2a: Great Tusk|Great Tusk|100/100
|-activate|p2a: Great Tusk|move: Sticky Web
|-unboost|p2a: Great Tusk|spe|1
|move|p1a: Clodsire|Toxic|p2a: Great Tusk
|-status|p2a: Great Tusk|tox
|
|-weather|RainDance|[upkeep]
|-damage|p2a: Great Tusk|94/100 tox|[from] psn
|upkeep
|turn|20
|
|t:|1758296076
|switch|p1a: Moltres|Moltres-Galar|100/100
|move|p2a: Great Tusk|Rapid Spin|p1a: Moltres
|-damage|p1a: Moltres|83/100
|-boost|p2a: Great Tusk|spe|1
|-sideend|p2: Jute main|Sticky Web|[from] move: Rapid Spin|[of] p2a: Great Tusk
|
|-weather|RainDance|[upkeep]
|-damage|p2a: Great Tusk|82/100 tox|[from] psn
|upkeep
|turn|21
|
|t:|1758296087
|move|p2a: Great Tusk|Close Combat|p1a: Moltres
|-damage|p1a: Moltres|18/100
|-unboost|p2a: Great Tusk|def|1
|-unboost|p2a: Great Tusk|spd|1
|-ability|p1a: Moltres|Berserk|boost
|-boost|p1a: Moltres|spa|1
|-enditem|p1a: Moltres|Sitrus Berry|[eat]
|-heal|p1a: Moltres|43/100|[from] item: Sitrus Berry
|move|p1a: Moltres|Agility|p1a: Moltres
|-boost|p1a: Moltres|spe|2
|
|-weather|RainDance|[upkeep]
|-damage|p2a: Great Tusk|63/100 tox|[from] psn
|upkeep
|turn|22
|
|t:|1758296096
|move|p1a: Moltres|Hurricane|p2a: Great Tusk
|-supereffective|p2a: Great Tusk
|-damage|p2a: Great Tusk|0 fnt
|faint|p2a: Great Tusk
|-end|p2a: Great Tusk|Protosynthesis|[silent]
|
|-weather|RainDance|[upkeep]
|upkeep
|
|t:|1758296100
|switch|p2a: Raging Bolt|Raging Bolt|91/100
|turn|23
|
|t:|1758296104
|move|p1a: Moltres|Nasty Plot|p1a: Moltres
|-boost|p1a: Moltres|spa|2
|move|p2a: Raging Bolt|Volt Switch|p1a: Moltres
|-supereffective|p1a: Moltres
|-damage|p1a: Moltres|0 fnt
|faint|p1a: Moltres
|
|t:|1758296111
|-end|p2a: Raging Bolt|Protosynthesis|[silent]
|switch|p2a: Primarina|Primarina, M|100/100|[from] Volt Switch
|
|-weather|none
|upkeep
|
|t:|1758296115
|switch|p1a: Pikachu|Pikachu, F|100/100
|turn|24
|
|t:|1758296121
|switch|p2a: Raging Bolt|Raging Bolt|91/100
|move|p1a: Pikachu|Thunder|p2a: Raging Bolt
|-resisted|p2a: Raging Bolt
|-damage|p2a: Raging Bolt|78/100
|
|upkeep
|turn|25
|
|t:|1758296133
|move|p1a: Pikachu|Volt Switch|p2a: Raging Bolt
|-resisted|p2a: Raging Bolt
|-damage|p2a: Raging Bolt|70/100
|
|t:|1758296138
|switch|p1a: Clefable|Clefable, M|82/100|[from] Volt Switch
|move|p2a: Raging Bolt|Draco Meteor|p1a: Clefable
|-immune|p1a: Clefable
|
|upkeep
|turn|26
|
|t:|1758296145
|move|p2a: Raging Bolt|Volt Switch|p1a: Clefable
|-damage|p1a: Clefable|41/100
|
|t:|1758296150
|-end|p2a: Raging Bolt|Protosynthesis|[silent]
|switch|p2a: Clefable|Clefable, M|100/100 par|[from] Volt Switch
|move|p1a: Clefable|Calm Mind|p1a: Clefable
|-boost|p1a: Clefable|spa|1
|-boost|p1a: Clefable|spd|1
|
|upkeep
|turn|27
|
|t:|1758296157
|switch|p1a: Clodsire|Clodsire, F|61/100
|move|p2a: Clefable|Thunder Wave|p1a: Clodsire
|-immune|p1a: Clodsire
|
|upkeep
|turn|28
|
|t:|1758296168
|cant|p2a: Clefable|par
|move|p1a: Clodsire|Recover|p1a: Clodsire
|-heal|p1a: Clodsire|100/100
|
|upkeep
|turn|29
|
|t:|1758296173
|switch|p1a: Pelipper|Pelipper, M|100/100
|-weather|RainDance|[from] ability: Drizzle|[of] p1a: Pelipper
|move|p2a: Clefable|Wish|p2a: Clefable
|
|-weather|RainDance|[upkeep]
|upkeep
|turn|30
|
|t:|1758296181
|switch|p2a: Raging Bolt|Raging Bolt|70/100
|move|p1a: Pelipper|Hurricane|p2a: Raging Bolt
|-resisted|p2a: Raging Bolt
|-damage|p2a: Raging Bolt|55/100
|
|-weather|RainDance|[upkeep]
|-heal|p2a: Raging Bolt|98/100|[from] move: Wish|[wisher] Clefable
|upkeep
|turn|31
|
|t:|1758296196
|switch|p1a: Pikachu|Pikachu, F|100/100
|move|p2a: Raging Bolt|Draco Meteor|p1a: Pikachu
|-damage|p1a: Pikachu|0 fnt
|-unboost|p2a: Raging Bolt|spa|2
|faint|p1a: Pikachu
|
|-weather|RainDance|[upkeep]
|upkeep
|-message|saskou forfeited.
|
|win|Jute main
|raw|saskou's rating: 1338 &rarr; <strong>1318</strong><br />(-20 for losing)
|raw|Jute main's rating: 1339 &rarr; <strong>1359</strong><br />(+20 for winning)
|l|☆saskou
|player|p1|
|l|☆Jute main
|player|p2|
