|j|☆Paofficial
|j|☆zast3133
|t:|1758357057
|gametype|singles
|player|p1|Paofficial|leon|1398
|player|p2|zast3133|nate|1330
|gen|9
|tier|[Gen 9] OU
|rated|
|rule|HP Percentage Mod: HP is shown in percentages
|rule|Endless Battle Clause: Forcing endless battles is banned
|rule|Species Clause: Limit one of each Pokémon
|rule|OHKO Clause: OHKO moves are banned
|rule|Evasion Items Clause: Evasion items are banned
|rule|Evasion Moves Clause: Evasion moves are banned
|rule|Evasion Abilities Clause: Evasion abilities are banned
|rule|Sleep Moves Clause: Sleep-inducing moves are banned
|clearpoke
|poke|p1|Maushold-Four|
|poke|p1|Clawitzer, M|
|poke|p1|Tsareena, F|
|poke|p1|Armarouge, F|
|poke|p1|Corviknight, M|
|poke|p1|Garchomp, M|
|poke|p2|Raging Bolt|
|poke|p2|Dondozo, M|
|poke|p2|Iron Crown|
|poke|p2|Araquanid, M|
|poke|p2|Scizor, M|
|poke|p2|Great Tusk|
|teampreview
|inactive|Battle timer is ON: inactive players will automatically lose when time's up. (requested by Paofficial)
|
|t:|1758357067
|teamsize|p1|6
|teamsize|p2|6
|start
|switch|p1a: Garchomp|Garchomp, M|100/100
|switch|p2a: Araquanid|Araquanid, M|100/100
|turn|1
|
|t:|1758357075
|move|p1a: Garchomp|Swords Dance|p1a: Garchomp
|-boost|p1a: Garchomp|atk|2
|move|p2a: Araquanid|Sticky Web|p1a: Garchomp
|-sidestart|p1: Paofficial|move: Sticky Web
|
|upkeep
|turn|2
|
|t:|1758357083
|move|p1a: Garchomp|Stealth Rock|p2a: Araquanid
|-sidestart|p2: zast3133|move: Stealth Rock
|move|p2a: Araquanid|Surf|p1a: Garchomp
|-damage|p1a: Garchomp|41/100
|
|upkeep
|turn|3
|
|t:|1758357090
|move|p1a: Garchomp|Scale Shot|p2a: Araquanid
|-damage|p2a: Araquanid|71/100
|-damage|p2a: Araquanid|41/100
|-damage|p2a: Araquanid|9/100
|-damage|p2a: Araquanid|0 fnt
|faint|p2a: Araquanid
|-hitcount|p2: Araquanid|4
|-unboost|p1a: Garchomp|def|1
|-boost|p1a: Garchomp|spe|1
|
|upkeep
|
|t:|1758357109
|switch|p2a: Great Tusk|Great Tusk, shiny|100/100
|-damage|p2a: Great Tusk|98/100|[from] Stealth Rock
|turn|4
|
|t:|1758357119
|move|p1a: Garchomp|Scale Shot|p2a: Great Tusk
|-damage|p2a: Great Tusk|77/100
|-damage|p2a: Great Tusk|57/100
|-damage|p2a: Great Tusk|36/100
|-damage|p2a: Great Tusk|16/100
|-hitcount|p2a: Great Tusk|4
|-unboost|p1a: Garchomp|def|1
|-boost|p1a: Garchomp|spe|1
|move|p2a: Great Tusk|Ice Spinner|p1a: Garchomp
|-supereffective|p1a: Garchomp
|-damage|p1a: Garchomp|0 fnt
|-damage|p2a: Great Tusk|4/100|[from] ability: Rough Skin|[of] p1a: Garchomp
|faint|p1a: Garchomp
|
|upkeep
|
|t:|1758357136
|switch|p1a: Corviknight|Corviknight, M|100/100
|turn|5
|
|t:|1758357140
|move|p2a: Great Tusk|Rapid Spin|p1a: Corviknight
|-resisted|p1a: Corviknight
|-damage|p1a: Corviknight|95/100
|-boost|p2a: Great Tusk|spe|1
|-damage|p2a: Great Tusk|0 fnt|[from] item: Rocky Helmet|[of] p1a: Corviknight
|faint|p2a: Great Tusk
|-end|p2a: Great Tusk|Protosynthesis|[silent]
|move|p1a: Corviknight|Body Press|p2: Great Tusk|[notarget]
|-fail|p1a: Corviknight
|
|upkeep
|
|t:|1758357164
|switch|p2a: Raging Bolt|Raging Bolt|100/100
|-damage|p2a: Raging Bolt|88/100|[from] Stealth Rock
|-enditem|p2a: Raging Bolt|Booster Energy
|-activate|p2a: Raging Bolt|ability: Protosynthesis|[fromitem]
|-start|p2a: Raging Bolt|protosynthesisspa
|turn|6
|
|t:|1758357171
|switch|p1a: Tsareena|Tsareena, F|100/100
|move|p2a: Raging Bolt|Thunderbolt|p1a: Tsareena
|-resisted|p1a: Tsareena
|-damage|p1a: Tsareena|69/100
|
|upkeep
|turn|7
|
|t:|1758357177
|move|p2a: Raging Bolt|Thunderbolt|p1a: Tsareena
|-resisted|p1a: Tsareena
|-damage|p1a: Tsareena|36/100
|move|p1a: Tsareena|Play Rough|p2a: Raging Bolt|[miss]
|-miss|p1a: Tsareena|p2a: Raging Bolt
|
|upkeep
|turn|8
|
|t:|1758357185
|move|p2a: Raging Bolt|Dragon Pulse|p1a: Tsareena
|-damage|p1a: Tsareena|0 fnt
|faint|p1a: Tsareena
|
|upkeep
|
|t:|1758357194
|switch|p1a: Maushold|Maushold-Four|100/100
|-activate|p1a: Maushold|move: Sticky Web
|-unboost|p1a: Maushold|spe|1
|turn|9
|
|t:|1758357203
|move|p2a: Raging Bolt|Thunderbolt|p1a: Maushold
|-damage|p1a: Maushold|5/100
|move|p1a: Maushold|Tidy Up|p1a: Maushold
|-sideend|p1: Paofficial|Sticky Web
|-sideend|p2: zast3133|Stealth Rock
|-activate|p1a: Maushold|move: Tidy Up
|-boost|p1a: Maushold|atk|1
|-boost|p1a: Maushold|spe|1
|
|upkeep
|turn|10
|
|t:|1758357213
|switch|p1a: Clawitzer|Clawitzer, M|100/100
|move|p2a: Raging Bolt|Thunderclap||[still]
|-fail|p2a: Raging Bolt
|
|upkeep
|turn|11
|
|t:|1758357219
|-terastallize|p2a: Raging Bolt|Fairy
|-terastallize|p1a: Clawitzer|Dragon
|move|p2a: Raging Bolt|Thunderbolt|p1a: Clawitzer
|-resisted|p1a: Clawitzer
|-damage|p1a: Clawitzer|77/100
|move|p1a: Clawitzer|Dragon Pulse|p2a: Raging Bolt
|-immune|p2a: Raging Bolt
|
|upkeep
|turn|12
|
|t:|1758357229
|move|p2a: Raging Bolt|Dragon Pulse|p1a: Clawitzer
|-supereffective|p1a: Clawitzer
|-damage|p1a: Clawitzer|0 fnt
|faint|p1a: Clawitzer
|
|upkeep
|
|t:|1758357233
|switch|p1a: Armarouge|Armarouge, F|100/100
|turn|13
|
|t:|1758357241
|move|p2a: Raging Bolt|Thunderbolt|p1a: Armarouge
|-damage|p1a: Armarouge|35/100
|move|p1a: Armarouge|Calm Mind|p1a: Armarouge
|-boost|p1a: Armarouge|spa|1
|-boost|p1a: Armarouge|spd|1
|
|upkeep
|turn|14
|
|t:|1758357249
|move|p2a: Raging Bolt|Thunderbolt|p1a: Armarouge
|-damage|p1a: Armarouge|0 fnt
|faint|p1a: Armarouge
|
|upkeep
|-message|Paofficial forfeited.
|
|win|zast3133
|raw|Paofficial's rating: 1398 &rarr; <strong>1374</strong><br />(-24 for losing)
|raw|zast3133's rating: 1330 &rarr; <strong>1354</strong><br />(+24 for winning)
|l|☆Paofficial
|player|p1|
|l|☆zast3133
|player|p2|
