|j|☆GrtingsTrvelr
|j|☆naughtypult
|t:|1758254375
|gametype|singles
|player|p1|GrtingsTrvelr|102|1708
|player|p2|naughtypult|blue|1768
|gen|9
|tier|[Gen 9] OU
|rated|
|rule|HP Percentage Mod: HP is shown in percentages
|rule|Endless Battle Clause: Forcing endless battles is banned
|rule|Species Clause: Limit one of each Pokémon
|rule|OHKO Clause: OHKO moves are banned
|rule|Evasion Items Clause: Evasion items are banned
|rule|Evasion Moves Clause: Evasion moves are banned
|rule|Evasion Abilities Clause: Evasion abilities are banned
|rule|Sleep Moves Clause: Sleep-inducing moves are banned
|clearpoke
|poke|p1|Iron Crown|
|poke|p1|Samurott-Hisui, F|
|poke|p1|Glimmora, F|
|poke|p1|Landorus-Therian, M|
|poke|p1|Sinistcha|
|poke|p1|Zamazenta-*|
|poke|p2|Moltres|
|poke|p2|Gholdengo|
|poke|p2|Ting-Lu|
|poke|p2|Meowscarada, F|
|poke|p2|Dragonite, F|
|poke|p2|Slowking-Galar, M|
|teampreview
|inactive|Battle timer is ON: inactive players will automatically lose when time's up. (requested by GrtingsTrvelr)
|
|t:|1758254401
|teamsize|p1|6
|teamsize|p2|6
|start
|switch|p1a: Landorus|Landorus-Therian, M|100/100
|switch|p2a: Ting-Lu|Ting-Lu|100/100
|-ability|p1a: Landorus|Intimidate|boost
|-unboost|p2a: Ting-Lu|atk|1
|-ability|p2a: Ting-Lu|Vessel of Ruin
|turn|1
|inactive|GrtingsTrvelr has 120 seconds left.
|
|t:|1758254436
|move|p1a: Landorus|Earthquake|p2a: Ting-Lu
|-damage|p2a: Ting-Lu|76/100
|move|p2a: Ting-Lu|Ruination|p1a: Landorus
|-damage|p1a: Landorus|50/100
|
|-heal|p2a: Ting-Lu|82/100|[from] item: Leftovers
|upkeep
|turn|2
|inactive|GrtingsTrvelr has 120 seconds left.
|
|t:|1758254443
|move|p1a: Landorus|U-turn|p2a: Ting-Lu
|-supereffective|p2a: Ting-Lu
|-damage|p2a: Ting-Lu|57/100
|
|t:|1758254444
|switch|p1a: Samurott|Samurott-Hisui, F|100/100|[from] U-turn
|move|p2a: Ting-Lu|Spikes|p1a: Samurott
|-sidestart|p1: GrtingsTrvelr|Spikes
|
|-heal|p2a: Ting-Lu|63/100|[from] item: Leftovers
|upkeep
|turn|3
|
|t:|1758254450
|switch|p2a: Meowscarada|Meowscarada, F|100/100
|move|p1a: Samurott|Razor Shell|p2a: Meowscarada
|-resisted|p2a: Meowscarada
|-damage|p2a: Meowscarada|60/100
|
|upkeep
|turn|4
|
|t:|1758254463
|switch|p1a: Zamazenta|Zamazenta|100/100
|-damage|p1a: Zamazenta|88/100|[from] Spikes
|-ability|p1a: Zamazenta|Dauntless Shield|boost
|-boost|p1a: Zamazenta|def|1
|move|p2a: Meowscarada|Flower Trick|p1a: Zamazenta
|-start|p2a: Meowscarada|typechange|Grass|[from] ability: Protean
|-crit|p1a: Zamazenta
|-damage|p1a: Zamazenta|42/100
|
|upkeep
|turn|5
|
|t:|1758254469
|switch|p1a: Sinistcha|Sinistcha|100/100
|switch|p2a: Gholdengo|Gholdengo|100/100
|
|upkeep
|turn|6
|
|t:|1758254476
|switch|p1a: Samurott|Samurott-Hisui, F|100/100
|-damage|p1a: Samurott|88/100|[from] Spikes
|move|p2a: Gholdengo|Nasty Plot|p2a: Gholdengo
|-boost|p2a: Gholdengo|spa|2
|
|upkeep
|turn|7
|
|t:|1758254481
|move|p1a: Samurott|Sucker Punch|p2a: Gholdengo
|-supereffective|p2a: Gholdengo
|-damage|p2a: Gholdengo|38/100
|move|p2a: Gholdengo|Make It Rain|p1a: Samurott
|-resisted|p1a: Samurott
|-damage|p1a: Samurott|11/100
|-unboost|p2a: Gholdengo|spa|1
|
|-heal|p2a: Gholdengo|44/100|[from] item: Leftovers
|upkeep
|turn|8
|
|t:|1758254498
|-terastallize|p2a: Gholdengo|Fairy
|move|p1a: Samurott|Ceaseless Edge|p2a: Gholdengo
|-resisted|p2a: Gholdengo
|-damage|p2a: Gholdengo|22/100
|-sidestart|p2: naughtypult|Spikes
|move|p2a: Gholdengo|Recover|p2a: Gholdengo
|-heal|p2a: Gholdengo|72/100
|
|-heal|p2a: Gholdengo|78/100|[from] item: Leftovers
|upkeep
|turn|9
|
|t:|1758254505
|move|p1a: Samurott|Knock Off|p2a: Gholdengo
|-resisted|p2a: Gholdengo
|-damage|p2a: Gholdengo|58/100
|-enditem|p2a: Gholdengo|Leftovers|[from] move: Knock Off|[of] p1a: Samurott
|move|p2a: Gholdengo|Shadow Ball|p1a: Samurott
|-resisted|p1a: Samurott
|-damage|p1a: Samurott|0 fnt
|faint|p1a: Samurott
|
|upkeep
|
|t:|1758254508
|switch|p1a: Iron Crown|Iron Crown|100/100
|-damage|p1a: Iron Crown|88/100|[from] Spikes
|turn|10
|
|t:|1758254511
|switch|p2a: Slowking|Slowking-Galar, M|100/100
|move|p1a: Iron Crown|Tachyon Cutter|p2a: Slowking
|-damage|p2a: Slowking|79/100
|-damage|p2a: Slowking|58/100
|-hitcount|p2a: Slowking|2
|
|upkeep
|turn|11
|
|t:|1758254518
|move|p1a: Iron Crown|Tachyon Cutter|p2a: Slowking
|-damage|p2a: Slowking|36/100
|-damage|p2a: Slowking|16/100
|-hitcount|p2a: Slowking|2
|-prepare|p2a: Slowking|Chilly Reception|[premajor]
|move|p2a: Slowking|Chilly Reception|p2a: Slowking
|-weather|Snowscape
|
|t:|1758254521
|switch|p2a: Meowscarada|Meowscarada, F|60/100|[from] Chilly Reception
|
|-weather|Snowscape|[upkeep]
|upkeep
|turn|12
|
|t:|1758254530
|-terastallize|p1a: Iron Crown|Steel
|move|p2a: Meowscarada|Knock Off|p1a: Iron Crown
|-start|p2a: Meowscarada|typechange|Dark|[from] ability: Protean
|-damage|p1a: Iron Crown|43/100
|-enditem|p1a: Iron Crown|Choice Specs|[from] move: Knock Off|[of] p2a: Meowscarada
|move|p1a: Iron Crown|Tachyon Cutter|p2a: Meowscarada
|-damage|p2a: Meowscarada|10/100
|-damage|p2a: Meowscarada|0 fnt
|faint|p2a: Meowscarada
|-hitcount|p2: Meowscarada|2
|
|-weather|Snowscape|[upkeep]
|upkeep
|
|t:|1758254541
|switch|p2a: Moltres|Moltres|100/100
|turn|13
|
|t:|1758254543
|move|p1a: Iron Crown|Volt Switch|p2a: Moltres
|-supereffective|p2a: Moltres
|-damage|p2a: Moltres|55/100
|
|t:|1758254559
|-end|p1a: Iron Crown|Quark Drive|[silent]
|switch|p1a: Glimmora|Glimmora, F|100/100|[from] Volt Switch
|-damage|p1a: Glimmora|88/100|[from] Spikes
|move|p2a: Moltres|Flamethrower|p1a: Glimmora
|-resisted|p1a: Glimmora
|-damage|p1a: Glimmora|73/100
|-enditem|p1a: Glimmora|Red Card|[of] p2a: Moltres
|drag|p2a: Gholdengo|Gholdengo, tera:Fairy|58/100
|-damage|p2a: Gholdengo|46/100|[from] Spikes
|
|-weather|Snowscape|[upkeep]
|upkeep
|turn|14
|
|t:|1758254577
|switch|p1a: Landorus|Landorus-Therian, M|50/100
|-ability|p1a: Landorus|Intimidate|boost
|-unboost|p2a: Gholdengo|atk|1
|move|p2a: Gholdengo|Make It Rain|p1a: Landorus
|-damage|p1a: Landorus|12/100
|-unboost|p2a: Gholdengo|spa|1
|
|-weather|Snowscape|[upkeep]
|upkeep
|turn|15
|
|t:|1758254582
|move|p1a: Landorus|Earthquake|p2a: Gholdengo
|-damage|p2a: Gholdengo|5/100
|move|p2a: Gholdengo|Recover|p2a: Gholdengo
|-heal|p2a: Gholdengo|55/100
|
|-weather|none
|upkeep
|turn|16
|
|t:|1758254588
|move|p1a: Landorus|Earthquake|p2a: Gholdengo
|-damage|p2a: Gholdengo|18/100
|move|p2a: Gholdengo|Recover|p2a: Gholdengo
|-heal|p2a: Gholdengo|68/100
|
|upkeep
|turn|17
|
|t:|1758254591
|move|p1a: Landorus|U-turn|p2a: Gholdengo
|-resisted|p2a: Gholdengo
|-damage|p2a: Gholdengo|58/100
|
|t:|1758254593
|switch|p1a: Iron Crown|Iron Crown, tera:Steel|43/100|[from] U-turn
|-damage|p1a: Iron Crown|30/100|[from] Spikes
|move|p2a: Gholdengo|Recover|p2a: Gholdengo
|-heal|p2a: Gholdengo|100/100
|
|upkeep
|turn|18
|
|t:|1758254598
|switch|p2a: Slowking|Slowking-Galar, M|49/100
|move|p1a: Iron Crown|Tachyon Cutter|p2a: Slowking
|-damage|p2a: Slowking|30/100
|-damage|p2a: Slowking|12/100
|-hitcount|p2a: Slowking|2
|
|upkeep
|turn|19
|
|t:|1758254605
|move|p1a: Iron Crown|Tachyon Cutter|p2a: Slowking
|-damage|p2a: Slowking|0 fnt
|faint|p2a: Slowking
|-hitcount|p2: Slowking|1
|
|upkeep
|
|t:|1758254607
|switch|p2a: Ting-Lu|Ting-Lu|63/100
|-damage|p2a: Ting-Lu|51/100|[from] Spikes
|-ability|p2a: Ting-Lu|Vessel of Ruin
|turn|20
|
|t:|1758254616
|-end|p1a: Iron Crown|Quark Drive|[silent]
|switch|p1a: Landorus|Landorus-Therian, M|12/100
|-ability|p1a: Landorus|Intimidate|boost
|-unboost|p2a: Ting-Lu|atk|1
|move|p2a: Ting-Lu|Spikes|p1a: Landorus
|-sidestart|p1: GrtingsTrvelr|Spikes
|
|-heal|p2a: Ting-Lu|57/100|[from] item: Leftovers
|upkeep
|turn|21
|
|t:|1758254621
|move|p1a: Landorus|Earthquake|p2a: Ting-Lu
|-damage|p2a: Ting-Lu|30/100
|move|p2a: Ting-Lu|Spikes|p1a: Landorus
|-sidestart|p1: GrtingsTrvelr|Spikes
|
|-heal|p2a: Ting-Lu|36/100|[from] item: Leftovers
|upkeep
|turn|22
|
|t:|1758254626
|switch|p2a: Moltres|Moltres|55/100
|move|p1a: Landorus|Earthquake|p2a: Moltres
|-immune|p2a: Moltres
|
|upkeep
|turn|23
|
|t:|1758254629
|move|p1a: Landorus|Stone Edge|p2a: Moltres
|-supereffective|p2a: Moltres
|-damage|p2a: Moltres|0 fnt
|faint|p2a: Moltres
|
|upkeep
|
|t:|1758254633
|switch|p2a: Gholdengo|Gholdengo, tera:Fairy|100/100
|-damage|p2a: Gholdengo|88/100|[from] Spikes
|turn|24
|
|t:|1758254637
|move|p1a: Landorus|Earthquake|p2a: Gholdengo
|-damage|p2a: Gholdengo|46/100
|move|p2a: Gholdengo|Shadow Ball|p1a: Landorus
|-damage|p1a: Landorus|0 fnt
|faint|p1a: Landorus
|
|upkeep
|
|t:|1758254641
|switch|p1a: Iron Crown|Iron Crown, tera:Steel|30/100
|-damage|p1a: Iron Crown|5/100|[from] Spikes
|turn|25
|
|t:|1758254644
|switch|p2a: Ting-Lu|Ting-Lu|36/100
|-damage|p2a: Ting-Lu|24/100|[from] Spikes
|-ability|p2a: Ting-Lu|Vessel of Ruin
|move|p1a: Iron Crown|Tachyon Cutter|p2a: Ting-Lu
|-damage|p2a: Ting-Lu|8/100
|-damage|p2a: Ting-Lu|0 fnt
|faint|p2a: Ting-Lu
|-hitcount|p2: Ting-Lu|2
|
|upkeep
|
|t:|1758254646
|switch|p2a: Dragonite|Dragonite, F|100/100
|turn|26
|
|t:|1758254650
|move|p1a: Iron Crown|Tachyon Cutter|p2a: Dragonite
|-damage|p2a: Dragonite|84/100
|-damage|p2a: Dragonite|46/100
|-hitcount|p2a: Dragonite|2
|move|p2a: Dragonite|Dragon Dance|p2a: Dragonite
|-boost|p2a: Dragonite|atk|1
|-boost|p2a: Dragonite|spe|1
|
|upkeep
|turn|27
|
|t:|1758254655
|move|p2a: Dragonite|Earthquake|p1a: Iron Crown
|-supereffective|p1a: Iron Crown
|-damage|p1a: Iron Crown|0 fnt
|faint|p1a: Iron Crown
|-end|p1a: Iron Crown|Quark Drive|[silent]
|
|upkeep
|
|t:|1758254660
|switch|p1a: Sinistcha|Sinistcha|100/100
|turn|28
|
|t:|1758254669
|move|p2a: Dragonite|Ice Spinner|p1a: Sinistcha
|-supereffective|p1a: Sinistcha
|-damage|p1a: Sinistcha|36/100
|move|p1a: Sinistcha|Calm Mind|p1a: Sinistcha
|-boost|p1a: Sinistcha|spa|1
|-boost|p1a: Sinistcha|spd|1
|
|upkeep
|turn|29
|
|t:|1758254674
|move|p2a: Dragonite|Ice Spinner|p1a: Sinistcha
|-supereffective|p1a: Sinistcha
|-damage|p1a: Sinistcha|0 fnt
|faint|p1a: Sinistcha
|
|upkeep
|-message|GrtingsTrvelr forfeited.
|
|win|naughtypult
|raw|GrtingsTrvelr's rating: 1708 &rarr; <strong>1691</strong><br />(-17 for losing)
|raw|naughtypult's rating: 1768 &rarr; <strong>1785</strong><br />(+17 for winning)
|l|☆GrtingsTrvelr
|player|p1|
