|j|☆tbw114514
|j|☆saigomm
|t:|1758371910
|gametype|singles
|player|p1|tbw114514|169|
|player|p2|saigomm|mina|
|gen|9
|tier|[Gen 9] OU
|rule|HP Percentage Mod: HP is shown in percentages
|rule|Endless Battle Clause: Forcing endless battles is banned
|rule|Species Clause: Limit one of each Pokémon
|rule|OHKO Clause: OHKO moves are banned
|rule|Evasion Items Clause: Evasion items are banned
|rule|Evasion Moves Clause: Evasion moves are banned
|rule|Evasion Abilities Clause: Evasion abilities are banned
|rule|Sleep Moves Clause: Sleep-inducing moves are banned
|clearpoke
|poke|p1|Glimmora, F|
|poke|p1|Iron Treads|
|poke|p1|Polteageist-Antique|
|poke|p1|Raging Bolt|
|poke|p1|Dragonite, M|
|poke|p1|Zamazenta-*|
|poke|p2|Gliscor, F|
|poke|p2|Ting-Lu|
|poke|p2|Iron Crown|
|poke|p2|Meowscarada, M|
|poke|p2|Great Tusk|
|poke|p2|Gholdengo|
|teampreview
|inactive|Battle timer is ON: inactive players will automatically lose when time's up. (requested by saigomm)
|inactive|tbw114514 has 270 seconds left.
|inactive|saigomm has 270 seconds left.
|c|☆tbw114514|嘶，牙圣
|c|☆tbw114514|太权威了
|c|☆tbw114514|怎么都是下上中的顺序
|inactive|tbw114514 has 240 seconds left.
|
|t:|1758371976
|teamsize|p1|6
|teamsize|p2|6
|start
|switch|p1a: 我才是奶龙|Dragonite, M|100/100
|switch|p2a: Great Tusk|Great Tusk|100/100
|turn|1
|
|t:|1758371990
|move|p2a: Great Tusk|Knock Off|p1a: 我才是奶龙
|-damage|p1a: 我才是奶龙|85/100
|-enditem|p1a: 我才是奶龙|Choice Band|[from] move: Knock Off|[of] p2a: Great Tusk
|move|p1a: 我才是奶龙|Outrage|p2a: Great Tusk
|-damage|p2a: Great Tusk|56/100
|
|upkeep
|turn|2
|
|t:|1758371997
|move|p2a: Great Tusk|Ice Spinner|p1a: 我才是奶龙
|-supereffective|p1a: 我才是奶龙
|-damage|p1a: 我才是奶龙|0 fnt
|faint|p1a: 我才是奶龙
|
|upkeep
|c|☆tbw114514|哇，一点不贪吗
|
|t:|1758372009
|switch|p1a: 昏睡红茶|Polteageist-Antique|100/100
|turn|3
|
|t:|1758372020
|move|p1a: 昏睡红茶|Shell Smash|p1a: 昏睡红茶
|-unboost|p1a: 昏睡红茶|def|1
|-unboost|p1a: 昏睡红茶|spd|1
|-boost|p1a: 昏睡红茶|atk|2
|-boost|p1a: 昏睡红茶|spa|2
|-boost|p1a: 昏睡红茶|spe|2
|move|p2a: Great Tusk|Knock Off|p1a: 昏睡红茶
|-supereffective|p1a: 昏睡红茶
|-enditem|p1a: 昏睡红茶|Focus Sash
|-damage|p1a: 昏睡红茶|1/100
|-ability|p1a: 昏睡红茶|Weak Armor|boost
|-unboost|p1a: 昏睡红茶|def|1
|-boost|p1a: 昏睡红茶|spe|2
|
|upkeep
|turn|4
|c|☆tbw114514|你居然一点钉子都不贪
|
|t:|1758372050
|-end|p2a: Great Tusk|Protosynthesis|[silent]
|switch|p2a: Iron Crown|Iron Crown|100/100
|-enditem|p2a: Iron Crown|Booster Energy
|-activate|p2a: Iron Crown|ability: Quark Drive|[fromitem]
|-start|p2a: Iron Crown|quarkdrivespe
|move|p1a: 昏睡红茶|Shadow Ball|p2a: Iron Crown
|-supereffective|p2a: Iron Crown
|-damage|p2a: Iron Crown|0 fnt
|faint|p2a: Iron Crown
|-end|p2a: Iron Crown|Quark Drive|[silent]
|
|upkeep
|
|t:|1758372053
|switch|p2a: Ting-Lu|Ting-Lu|100/100
|-ability|p2a: Ting-Lu|Vessel of Ruin
|turn|5
|
|t:|1758372067
|-terastallize|p1a: 昏睡红茶|Fighting
|move|p1a: 昏睡红茶|Tera Blast|p2a: Ting-Lu|[anim] Tera Blast Fighting
|-supereffective|p2a: Ting-Lu
|-damage|p2a: Ting-Lu|16/100
|move|p2a: Ting-Lu|Earthquake|p1a: 昏睡红茶
|-crit|p1a: 昏睡红茶
|-damage|p1a: 昏睡红茶|0 fnt
|faint|p1a: 昏睡红茶
|
|-heal|p2a: Ting-Lu|22/100|[from] item: Leftovers
|upkeep
|
|t:|1758372091
|switch|p1a: 长脖奶龙|Raging Bolt|100/100
|-enditem|p1a: 长脖奶龙|Booster Energy
|-activate|p1a: 长脖奶龙|ability: Protosynthesis|[fromitem]
|-start|p1a: 长脖奶龙|protosynthesisspa
|turn|6
|
|t:|1758372098
|move|p2a: Ting-Lu|Protect|p2a: Ting-Lu
|-singleturn|p2a: Ting-Lu|Protect
|move|p1a: 长脖奶龙|Thunderbolt|p2a: Ting-Lu
|-activate|p2a: Ting-Lu|move: Protect
|
|-heal|p2a: Ting-Lu|29/100|[from] item: Leftovers
|upkeep
|turn|7
|
|t:|1758372105
|move|p1a: 长脖奶龙|Dragon Pulse|p2a: Ting-Lu
|-damage|p2a: Ting-Lu|0 fnt
|faint|p2a: Ting-Lu
|
|upkeep
|
|t:|1758372114
|switch|p2a: Great Tusk|Great Tusk|56/100
|turn|8
|
|t:|1758372119
|-end|p1a: 长脖奶龙|Protosynthesis|[silent]
|switch|p1a: 盾之勇者成名录|Zamazenta|100/100
|-ability|p1a: 盾之勇者成名录|Dauntless Shield|boost
|-boost|p1a: 盾之勇者成名录|def|1
|move|p2a: Great Tusk|Earthquake|p1a: 盾之勇者成名录
|-damage|p1a: 盾之勇者成名录|79/100
|
|-heal|p1a: 盾之勇者成名录|85/100|[from] item: Leftovers
|upkeep
|turn|9
|
|t:|1758372133
|-end|p2a: Great Tusk|Protosynthesis|[silent]
|switch|p2a: Gholdengo|Gholdengo|100/100
|move|p1a: 盾之勇者成名录|Crunch|p2a: Gholdengo
|-supereffective|p2a: Gholdengo
|-damage|p2a: Gholdengo|72/100
|
|-heal|p1a: 盾之勇者成名录|91/100|[from] item: Leftovers
|-heal|p2a: Gholdengo|78/100|[from] item: Leftovers
|upkeep
|turn|10
|
|t:|1758372147
|switch|p1a: 长脖奶龙|Raging Bolt|100/100
|move|p2a: Gholdengo|Hex|p1a: 长脖奶龙
|-damage|p1a: 长脖奶龙|71/100
|
|-heal|p2a: Gholdengo|84/100|[from] item: Leftovers
|upkeep
|turn|11
|
|t:|1758372158
|move|p1a: 长脖奶龙|Thunderbolt|p2a: Gholdengo
|-damage|p2a: Gholdengo|32/100
|move|p2a: Gholdengo|Recover|p2a: Gholdengo
|-heal|p2a: Gholdengo|82/100
|
|-heal|p2a: Gholdengo|88/100|[from] item: Leftovers
|upkeep
|turn|12
|
|t:|1758372163
|switch|p2a: Great Tusk|Great Tusk|56/100
|move|p1a: 长脖奶龙|Calm Mind|p1a: 长脖奶龙
|-boost|p1a: 长脖奶龙|spa|1
|-boost|p1a: 长脖奶龙|spd|1
|
|upkeep
|turn|13
|
|t:|1758372171
|-end|p1a: 长脖奶龙|Protosynthesis|[silent]
|switch|p1a: 盾之勇者成名录|Zamazenta|91/100
|move|p2a: Great Tusk|Earthquake|p1a: 盾之勇者成名录
|-damage|p1a: 盾之勇者成名录|56/100
|
|-heal|p1a: 盾之勇者成名录|62/100|[from] item: Leftovers
|upkeep
|turn|14
|
|t:|1758372180
|switch|p1a: 宁芙のβ|Glimmora, F|100/100
|move|p2a: Great Tusk|Knock Off|p1a: 宁芙のβ
|-damage|p1a: 宁芙のβ|61/100
|-activate|p1a: 宁芙のβ|ability: Toxic Debris
|-sidestart|p2: saigomm|move: Toxic Spikes
|-enditem|p1a: 宁芙のβ|Choice Scarf|[from] move: Knock Off|[of] p2a: Great Tusk
|
|upkeep
|turn|15
|
|t:|1758372194
|move|p1a: 宁芙のβ|Energy Ball|p2a: Great Tusk
|-supereffective|p2a: Great Tusk
|-damage|p2a: Great Tusk|14/100
|move|p2a: Great Tusk|Rapid Spin|p1a: 宁芙のβ
|-resisted|p1a: 宁芙のβ
|-damage|p1a: 宁芙のβ|52/100
|-boost|p2a: Great Tusk|spe|1
|-activate|p1a: 宁芙のβ|ability: Toxic Debris
|-sidestart|p2: saigomm|move: Toxic Spikes
|-sideend|p2: saigomm|Toxic Spikes|[from] move: Rapid Spin|[of] p2a: Great Tusk
|
|upkeep
|turn|16
|
|t:|1758372204
|move|p2a: Great Tusk|Earthquake|p1a: 宁芙のβ
|-supereffective|p1a: 宁芙のβ
|-damage|p1a: 宁芙のβ|0 fnt
|-activate|p1a: 宁芙のβ|ability: Toxic Debris
|-sidestart|p2: saigomm|move: Toxic Spikes
|faint|p1a: 宁芙のβ
|
|upkeep
|
|t:|1758372207
|switch|p1a: 铁大鸡|Iron Treads|100/100
|-enditem|p1a: 铁大鸡|Booster Energy
|-activate|p1a: 铁大鸡|ability: Quark Drive|[fromitem]
|-start|p1a: 铁大鸡|quarkdrivespe
|turn|17
|
|t:|1758372233
|-end|p2a: Great Tusk|Protosynthesis|[silent]
|switch|p2a: Meowscarada|Meowscarada, M|100/100
|-status|p2a: Meowscarada|psn
|move|p1a: 铁大鸡|Knock Off|p2a: Meowscarada
|-resisted|p2a: Meowscarada
|-damage|p2a: Meowscarada|83/100 psn
|-enditem|p2a: Meowscarada|Choice Scarf|[from] move: Knock Off|[of] p1a: 铁大鸡
|
|-damage|p2a: Meowscarada|71/100 psn|[from] psn
|upkeep
|turn|18
|c|☆tbw114514|太权威了，打不过
|c|☆tbw114514|唉
|
|t:|1758372243
|move|p1a: 铁大鸡|Stealth Rock|p2a: Meowscarada
|-sidestart|p2: saigomm|move: Stealth Rock
|move|p2a: Meowscarada|Flower Trick|p1a: 铁大鸡
|-start|p2a: Meowscarada|typechange|Grass|[from] ability: Protean
|-crit|p1a: 铁大鸡
|-damage|p1a: 铁大鸡|64/100
|
|-damage|p2a: Meowscarada|58/100 psn|[from] psn
|upkeep
|turn|19
|
|t:|1758372252
|-end|p1a: 铁大鸡|Quark Drive|[silent]
|switch|p1a: 长脖奶龙|Raging Bolt|71/100
|move|p2a: Meowscarada|Flower Trick|p1a: 长脖奶龙
|-resisted|p1a: 长脖奶龙
|-crit|p1a: 长脖奶龙
|-damage|p1a: 长脖奶龙|46/100
|
|-damage|p2a: Meowscarada|46/100 psn|[from] psn
|upkeep
|turn|20
|
|t:|1758372262
|move|p2a: Meowscarada|U-turn|p1a: 长脖奶龙
|-damage|p1a: 长脖奶龙|27/100
|
|t:|1758372264
|switch|p2a: Gliscor|Gliscor, F|100/100|[from] U-turn
|-damage|p2a: Gliscor|88/100|[from] Stealth Rock
|move|p1a: 长脖奶龙|Dragon Pulse|p2a: Gliscor
|-damage|p2a: Gliscor|41/100
|
|-status|p2a: Gliscor|tox|[from] item: Toxic Orb
|upkeep
|turn|21
|
|t:|1758372287
|-end|p1a: 长脖奶龙|Protosynthesis|[silent]
|switch|p1a: 铁大鸡|Iron Treads|64/100
|move|p2a: Gliscor|Earthquake|p1a: 铁大鸡
|-supereffective|p1a: 铁大鸡
|-damage|p1a: 铁大鸡|18/100
|
|-heal|p2a: Gliscor|54/100 tox|[from] ability: Poison Heal
|upkeep
|turn|22
|
|t:|1758372298
|move|p2a: Gliscor|Protect|p2a: Gliscor
|-singleturn|p2a: Gliscor|Protect
|move|p1a: 铁大鸡|Endeavor|p2a: Gliscor
|-activate|p2a: Gliscor|move: Protect
|
|-heal|p2a: Gliscor|66/100 tox|[from] ability: Poison Heal
|upkeep
|turn|23
|
|t:|1758372312
|switch|p2a: Meowscarada|Meowscarada, M|46/100 psn
|-damage|p2a: Meowscarada|34/100 psn|[from] Stealth Rock
|move|p1a: 铁大鸡|Endeavor|p2a: Meowscarada
|-damage|p2a: Meowscarada|24/100 psn
|
|-damage|p2a: Meowscarada|12/100 psn|[from] psn
|upkeep
|turn|24
|
|t:|1758372326
|-end|p1a: 铁大鸡|Quark Drive|[silent]
|switch|p1a: 盾之勇者成名录|Zamazenta|62/100
|move|p2a: Meowscarada|Knock Off|p1a: 盾之勇者成名录
|-start|p2a: Meowscarada|typechange|Dark|[from] ability: Protean
|-resisted|p1a: 盾之勇者成名录
|-damage|p1a: 盾之勇者成名录|48/100
|-enditem|p1a: 盾之勇者成名录|Leftovers|[from] move: Knock Off|[of] p2a: Meowscarada
|
|-damage|p2a: Meowscarada|0 fnt|[from] psn
|faint|p2a: Meowscarada
|upkeep
|
|t:|1758372337
|switch|p2a: Gholdengo|Gholdengo|88/100
|-damage|p2a: Gholdengo|82/100|[from] Stealth Rock
|turn|25
|
|t:|1758372344
|switch|p1a: 铁大鸡|Iron Treads|18/100
|move|p2a: Gholdengo|Hex|p1a: 铁大鸡
|-damage|p1a: 铁大鸡|0 fnt
|faint|p1a: 铁大鸡
|-end|p1a: 铁大鸡|Quark Drive|[silent]
|
|-heal|p2a: Gholdengo|88/100|[from] item: Leftovers
|upkeep
|
|t:|1758372351
|switch|p1a: 长脖奶龙|Raging Bolt|27/100
|turn|26
|
|t:|1758372356
|move|p1a: 长脖奶龙|Thunderbolt|p2a: Gholdengo
|-damage|p2a: Gholdengo|33/100
|move|p2a: Gholdengo|Hex|p1a: 长脖奶龙
|-damage|p1a: 长脖奶龙|0 fnt
|faint|p1a: 长脖奶龙
|-end|p1a: 长脖奶龙|Protosynthesis|[silent]
|
|-heal|p2a: Gholdengo|39/100|[from] item: Leftovers
|upkeep
|
|t:|1758372361
|switch|p1a: 盾之勇者成名录|Zamazenta|48/100
|turn|27
|
|t:|1758372364
|move|p1a: 盾之勇者成名录|Crunch|p2a: Gholdengo
|-supereffective|p2a: Gholdengo
|-crit|p2a: Gholdengo
|-damage|p2a: Gholdengo|0 fnt
|faint|p2a: Gholdengo
|
|upkeep
|
|t:|1758372368
|switch|p2a: Gliscor|Gliscor, F|66/100 tox
|-damage|p2a: Gliscor|54/100 tox|[from] Stealth Rock
|turn|28
|
|t:|1758372376
|-terastallize|p2a: Gliscor|Water
|move|p1a: 盾之勇者成名录|Iron Defense|p1a: 盾之勇者成名录
|-boost|p1a: 盾之勇者成名录|def|2
|move|p2a: Gliscor|Toxic|p1a: 盾之勇者成名录|[miss]
|-miss|p2a: Gliscor|p1a: 盾之勇者成名录
|
|-heal|p2a: Gliscor|66/100 tox|[from] ability: Poison Heal
|upkeep
|turn|29
|
|t:|1758372383
|move|p1a: 盾之勇者成名录|Body Press|p2a: Gliscor
|-damage|p2a: Gliscor|10/100 tox
|move|p2a: Gliscor|Toxic|p1a: 盾之勇者成名录
|-status|p1a: 盾之勇者成名录|tox
|
|-damage|p1a: 盾之勇者成名录|42/100 tox|[from] psn
|-heal|p2a: Gliscor|22/100 tox|[from] ability: Poison Heal
|upkeep
|turn|30
|c|☆saigomm|我真的不想玩了
|
|t:|1758372389
|move|p2a: Gliscor|Protect|p2a: Gliscor
|-singleturn|p2a: Gliscor|Protect
|move|p1a: 盾之勇者成名录|Body Press|p2a: Gliscor
|-activate|p2a: Gliscor|move: Protect
|
|-damage|p1a: 盾之勇者成名录|29/100 tox|[from] psn
|-heal|p2a: Gliscor|35/100 tox|[from] ability: Poison Heal
|upkeep
|turn|31
|c|☆saigomm|别搞我行不行
|
|t:|1758372398
|switch|p2a: Great Tusk|Great Tusk|14/100
|-status|p2a: Great Tusk|psn
|-damage|p2a: Great Tusk|11/100 psn|[from] Stealth Rock
|move|p1a: 盾之勇者成名录|Body Press|p2a: Great Tusk
|-damage|p2a: Great Tusk|0 fnt
|faint|p2a: Great Tusk
|-end|p2a: Great Tusk|Protosynthesis|[silent]
|
|-damage|p1a: 盾之勇者成名录|10/100 tox|[from] psn
|upkeep
|
|t:|1758372400
|switch|p2a: Gliscor|Gliscor, F, tera:Water|35/100 tox
|-damage|p2a: Gliscor|22/100 tox|[from] Stealth Rock
|turn|32
|
|t:|1758372403
|move|p2a: Gliscor|Protect|p2a: Gliscor
|-singleturn|p2a: Gliscor|Protect
|move|p1a: 盾之勇者成名录|Body Press|p2a: Gliscor
|-activate|p2a: Gliscor|move: Protect
|
|-damage|p1a: 盾之勇者成名录|0 fnt|[from] psn
|faint|p1a: 盾之勇者成名录
|
|win|saigomm
|c|☆tbw114514|权威
|l|☆saigomm
|player|p2|
|n|☆tbw114514|tbw114514
|j| AnonTokyoOfficial
|l| AnonTokyoOfficial
|j|☆saigomm
|player|p2|saigomm|mina|
