|j|☆raffwastaken
|j|☆JETTYX
|t:|1758246892
|gametype|singles
|player|p1|raffwastaken|aaron|1074
|player|p2|JETTYX|boarder|1030
|gen|9
|tier|[Gen 9] OU
|rated|
|rule|HP Percentage Mod: HP is shown in percentages
|rule|Endless Battle Clause: Forcing endless battles is banned
|rule|Species Clause: Limit one of each Pokémon
|rule|OHKO Clause: OHKO moves are banned
|rule|Evasion Items Clause: Evasion items are banned
|rule|Evasion Moves Clause: Evasion moves are banned
|rule|Evasion Abilities Clause: Evasion abilities are banned
|rule|Sleep Moves Clause: Sleep-inducing moves are banned
|clearpoke
|poke|p1|Kingambit, F|
|poke|p1|Alomomola, M|
|poke|p1|Gholdengo|
|poke|p1|Haxorus, M|
|poke|p1|Great Tusk|
|poke|p1|Zapdos|
|poke|p2|Iron Crown|
|poke|p2|Meowscarada, M|
|poke|p2|Ting-Lu|
|poke|p2|Alomomola, M|
|poke|p2|Garganacl, F|
|poke|p2|Iron Treads|
|teampreview
|inactive|Battle timer is ON: inactive players will automatically lose when time's up. (requested by raffwastaken)
|
|t:|1758246904
|teamsize|p1|6
|teamsize|p2|6
|start
|switch|p1a: Great Tusk|Great Tusk|100/100
|switch|p2a: Ting-Lu|Ting-Lu|100/100
|-ability|p2a: Ting-Lu|Vessel of Ruin
|turn|1
|c|☆JETTYX|gg bro
|
|t:|1758246913
|move|p1a: Great Tusk|Stealth Rock|p2a: Ting-Lu
|-sidestart|p2: JETTYX|move: Stealth Rock
|move|p2a: Ting-Lu|Spikes|p1a: Great Tusk
|-sidestart|p1: raffwastaken|Spikes
|
|upkeep
|turn|2
|
|t:|1758246917
|move|p1a: Great Tusk|Rapid Spin|p2a: Ting-Lu
|-damage|p2a: Ting-Lu|92/100
|-boost|p1a: Great Tusk|spe|1
|-sideend|p1: raffwastaken|Spikes|[from] move: Rapid Spin|[of] p1a: Great Tusk
|move|p2a: Ting-Lu|Spikes|p1a: Great Tusk
|-sidestart|p1: raffwastaken|Spikes
|
|-heal|p2a: Ting-Lu|98/100|[from] item: Leftovers
|upkeep
|turn|3
|
|t:|1758246925
|move|p1a: Great Tusk|Ice Spinner|p2a: Ting-Lu
|-supereffective|p2a: Ting-Lu
|-damage|p2a: Ting-Lu|65/100
|move|p2a: Ting-Lu|Whirlwind|p1a: Great Tusk
|-end|p1a: Great Tusk|Protosynthesis|[silent]
|drag|p1a: Gholdengo|Gholdengo|100/100
|-damage|p1a: Gholdengo|88/100|[from] Spikes
|
|-heal|p2a: Ting-Lu|71/100|[from] item: Leftovers
|upkeep
|turn|4
|
|t:|1758246940
|move|p1a: Gholdengo|Focus Blast|p2a: Ting-Lu|[miss]
|-miss|p1a: Gholdengo|p2a: Ting-Lu
|move|p2a: Ting-Lu|Ruination|p1a: Gholdengo
|-damage|p1a: Gholdengo|44/100
|
|-heal|p2a: Ting-Lu|78/100|[from] item: Leftovers
|upkeep
|turn|5
|
|t:|1758246948
|move|p1a: Gholdengo|Focus Blast|p2a: Ting-Lu|[miss]
|-miss|p1a: Gholdengo|p2a: Ting-Lu
|move|p2a: Ting-Lu|Whirlwind|p1a: Gholdengo
|-immune|p1a: Gholdengo|[from] ability: Good as Gold
|
|-heal|p2a: Ting-Lu|84/100|[from] item: Leftovers
|upkeep
|turn|6
|c|☆raffwastaken|Ah fuck
|c|☆raffwastaken|AH FUCK
|
|t:|1758246957
|move|p1a: Gholdengo|Focus Blast|p2a: Ting-Lu|[miss]
|-miss|p1a: Gholdengo|p2a: Ting-Lu
|move|p2a: Ting-Lu|Ruination|p1a: Gholdengo
|-damage|p1a: Gholdengo|22/100
|
|-heal|p2a: Ting-Lu|90/100|[from] item: Leftovers
|upkeep
|turn|7
|c|☆JETTYX|BRO
|c|☆JETTYX|PUT LENS ON HIM
|
|t:|1758246973
|move|p1a: Gholdengo|Focus Blast|p2a: Ting-Lu|[miss]
|-miss|p1a: Gholdengo|p2a: Ting-Lu
|move|p2a: Ting-Lu|Earthquake|p1a: Gholdengo
|-supereffective|p1a: Gholdengo
|-damage|p1a: Gholdengo|0 fnt
|faint|p1a: Gholdengo
|
|-heal|p2a: Ting-Lu|96/100|[from] item: Leftovers
|upkeep
|c|☆raffwastaken|Nah choice scarf better
|c|☆raffwastaken|DAWG
|c|☆JETTYX|bro
|
|t:|1758246983
|switch|p1a: Haxorus|Haxorus, M|100/100
|-damage|p1a: Haxorus|88/100|[from] Spikes
|turn|8
|c|☆JETTYX|give him glasses
|
|t:|1758246992
|move|p1a: Haxorus|Dragon Dance|p1a: Haxorus
|-boost|p1a: Haxorus|atk|1
|-boost|p1a: Haxorus|spe|1
|move|p2a: Ting-Lu|Ruination|p1a: Haxorus
|-damage|p1a: Haxorus|45/100
|
|-heal|p2a: Ting-Lu|100/100|[from] item: Leftovers
|upkeep
|turn|9
|
|t:|1758246999
|move|p1a: Haxorus|Iron Head|p2a: Ting-Lu
|-damage|p2a: Ting-Lu|72/100
|move|p2a: Ting-Lu|Whirlwind|p1a: Haxorus
|drag|p1a: Alomomola|Alomomola, M|100/100
|
|-heal|p2a: Ting-Lu|78/100|[from] item: Leftovers
|upkeep
|turn|10
|
|t:|1758247006
|move|p2a: Ting-Lu|Ruination|p1a: Alomomola
|-damage|p1a: Alomomola|50/100
|move|p1a: Alomomola|Scald|p2a: Ting-Lu
|-supereffective|p2a: Ting-Lu
|-damage|p2a: Ting-Lu|67/100
|
|-heal|p2a: Ting-Lu|73/100|[from] item: Leftovers
|upkeep
|turn|11
|
|t:|1758247015
|move|p2a: Ting-Lu|Spikes|p1a: Alomomola
|-sidestart|p1: raffwastaken|Spikes
|move|p1a: Alomomola|Wish|p1a: Alomomola
|
|-heal|p2a: Ting-Lu|79/100|[from] item: Leftovers
|upkeep
|turn|12
|
|t:|1758247022
|move|p2a: Ting-Lu|Ruination|p1a: Alomomola
|-damage|p1a: Alomomola|26/100
|move|p1a: Alomomola|Flip Turn|p2a: Ting-Lu
|-supereffective|p2a: Ting-Lu
|-damage|p2a: Ting-Lu|61/100
|
|t:|1758247026
|switch|p1a: Haxorus|Haxorus, M|45/100|[from] Flip Turn
|-damage|p1a: Haxorus|28/100|[from] Spikes
|
|-heal|p1a: Haxorus|100/100|[from] move: Wish|[wisher] Alomomola
|-heal|p2a: Ting-Lu|67/100|[from] item: Leftovers
|upkeep
|turn|13
|
|t:|1758247034
|move|p1a: Haxorus|Iron Head|p2a: Ting-Lu
|-damage|p2a: Ting-Lu|48/100
|move|p2a: Ting-Lu|Ruination|p1a: Haxorus
|-damage|p1a: Haxorus|51/100
|
|-heal|p2a: Ting-Lu|54/100|[from] item: Leftovers
|upkeep
|turn|14
|
|t:|1758247042
|move|p1a: Haxorus|Dragon Dance|p1a: Haxorus
|-boost|p1a: Haxorus|atk|1
|-boost|p1a: Haxorus|spe|1
|move|p2a: Ting-Lu|Ruination|p1a: Haxorus
|-damage|p1a: Haxorus|26/100
|
|-heal|p2a: Ting-Lu|60/100|[from] item: Leftovers
|upkeep
|turn|15
|
|t:|1758247049
|move|p1a: Haxorus|Iron Head|p2a: Ting-Lu
|-damage|p2a: Ting-Lu|34/100
|move|p2a: Ting-Lu|Earthquake|p1a: Haxorus
|-damage|p1a: Haxorus|0 fnt
|faint|p1a: Haxorus
|
|-heal|p2a: Ting-Lu|40/100|[from] item: Leftovers
|upkeep
|
|t:|1758247056
|switch|p1a: Zapdos|Zapdos|100/100
|turn|16
|
|t:|1758247060
|move|p1a: Zapdos|Heat Wave|p2a: Ting-Lu
|-damage|p2a: Ting-Lu|28/100
|move|p2a: Ting-Lu|Whirlwind|p1a: Zapdos
|drag|p1a: Alomomola|Alomomola, M|59/100
|
|-heal|p2a: Ting-Lu|34/100|[from] item: Leftovers
|upkeep
|turn|17
|c|☆raffwastaken|Nah bro lowkey
|c|☆raffwastaken|Gg
|c|☆raffwastaken|Am gon lose ts
|-message|raffwastaken forfeited.
|
|win|JETTYX
|raw|raffwastaken's rating: 1074 &rarr; <strong>1050</strong><br />(-24 for losing)
|raw|JETTYX's rating: 1030 &rarr; <strong>1070</strong><br />(+40 for winning)
|l|☆raffwastaken
|player|p1|
