|j|☆oficial matute
|j|☆hellstonegod
|t:|1758309627
|gametype|singles
|player|p1|oficial matute|policeman-gen4|1268
|player|p2|hellstonegod|marshal|1304
|gen|9
|tier|[Gen 9] OU
|rated|
|rule|HP Percentage Mod: HP is shown in percentages
|rule|Endless Battle Clause: Forcing endless battles is banned
|rule|Species Clause: Limit one of each Pokémon
|rule|OHKO Clause: OHKO moves are banned
|rule|Evasion Items Clause: Evasion items are banned
|rule|Evasion Moves Clause: Evasion moves are banned
|rule|Evasion Abilities Clause: Evasion abilities are banned
|rule|Sleep Moves Clause: Sleep-inducing moves are banned
|clearpoke
|poke|p1|Noivern, F|
|poke|p1|Tropius, M|
|poke|p1|Garchomp, F|
|poke|p1|Hydrapple, F|
|poke|p1|Torterra, F|
|poke|p1|Landorus-Therian, M|
|poke|p2|Gholdengo|
|poke|p2|Iron Valiant|
|poke|p2|Toxapex, M|
|poke|p2|Pelipper, F|
|poke|p2|Kingambit, M|
|poke|p2|Great Tusk|
|teampreview
|inactive|Battle timer is ON: inactive players will automatically lose when time's up. (requested by hellstonegod)
|
|t:|1758309636
|teamsize|p1|6
|teamsize|p2|6
|start
|switch|p1a: 👁👅👁|Noivern, F|100/100
|switch|p2a: KACAWWWW|Pelipper, F|100/100
|-item|p2a: KACAWWWW|Choice Specs|[from] ability: Frisk|[of] p1a: 👁👅👁
|-weather|RainDance|[from] ability: Drizzle|[of] p2a: KACAWWWW
|turn|1
|
|t:|1758309651
|move|p1a: 👁👅👁|Switcheroo|p2a: KACAWWWW
|-activate|p1a: 👁👅👁|move: Trick|[of] p2a: KACAWWWW
|-item|p2a: KACAWWWW|Choice Scarf|[from] move: Switcheroo
|-item|p1a: 👁👅👁|Choice Specs|[from] move: Switcheroo
|move|p2a: KACAWWWW|Ice Beam|p1a: 👁👅👁
|-supereffective|p1a: 👁👅👁
|-damage|p1a: 👁👅👁|0 fnt
|faint|p1a: 👁👅👁
|
|-weather|RainDance|[upkeep]
|upkeep
|
|t:|1758309661
|switch|p1a: 👁🐽👁|Tropius, M, shiny|100/100
|turn|2
|
|t:|1758309666
|-terastallize|p1a: 👁🐽👁|Ghost
|move|p2a: KACAWWWW|Ice Beam|p1a: 👁🐽👁
|-damage|p1a: 👁🐽👁|81/100
|move|p1a: 👁🐽👁|Leech Seed|p2a: KACAWWWW
|-start|p2a: KACAWWWW|move: Leech Seed
|
|-weather|RainDance|[upkeep]
|-damage|p2a: KACAWWWW|88/100|[from] Leech Seed|[of] p1a: 👁🐽👁
|-heal|p1a: 👁🐽👁|89/100|[silent]
|upkeep
|turn|3
|
|t:|1758309676
|switch|p2a: GholdenJoe|Gholdengo|100/100
|move|p1a: 👁🐽👁|Curse|p2a: GholdenJoe
|-immune|p2a: GholdenJoe|[from] ability: Good as Gold
|
|-weather|RainDance|[upkeep]
|upkeep
|turn|4
|
|t:|1758309684
|switch|p1a: 👁👄👁|Hydrapple, F|100/100
|move|p2a: GholdenJoe|Shadow Ball|p1a: 👁👄👁
|-damage|p1a: 👁👄👁|76/100
|
|-weather|RainDance|[upkeep]
|upkeep
|turn|5
|
|t:|1758309692
|switch|p2a: Toxapex|Toxapex, M|100/100
|move|p1a: 👁👄👁|Giga Drain|p2a: Toxapex
|-damage|p2a: Toxapex|81/100
|-heal|p1a: 👁👄👁|83/100|[from] drain|[of] p2a: Toxapex
|
|-weather|none
|upkeep
|turn|6
|
|t:|1758309700
|move|p1a: 👁👄👁|Earth Power|p2a: Toxapex
|-supereffective|p2a: Toxapex
|-damage|p2a: Toxapex|46/100
|move|p2a: Toxapex|Infestation|p1a: 👁👄👁
|-supereffective|p1a: 👁👄👁
|-damage|p1a: 👁👄👁|76/100
|-activate|p1a: 👁👄👁|move: Infestation|[of] p2a: Toxapex
|
|-damage|p1a: 👁👄👁|64/100|[from] move: Infestation|[partiallytrapped]
|upkeep
|turn|7
|
|t:|1758309709
|move|p1a: 👁👄👁|Dragon Breath|p2a: Toxapex
|-damage|p2a: Toxapex|28/100
|-status|p2a: Toxapex|par
|move|p2a: Toxapex|Sludge Bomb|p1a: 👁👄👁
|-supereffective|p1a: 👁👄👁
|-damage|p1a: 👁👄👁|32/100
|
|-damage|p1a: 👁👄👁|20/100|[from] move: Infestation|[partiallytrapped]
|upkeep
|turn|8
|
|t:|1758309719
|move|p1a: 👁👄👁|Earth Power|p2a: Toxapex
|-supereffective|p2a: Toxapex
|-damage|p2a: Toxapex|0 fnt
|faint|p2a: Toxapex
|
|-end|p1a: 👁👄👁|Infestation|[partiallytrapped]|[silent]
|upkeep
|
|t:|1758309731
|switch|p2a: GholdenJoe|Gholdengo|100/100
|turn|9
|
|t:|1758309734
|switch|p1a: 👁🫦👁|Garchomp, F|100/100
|move|p2a: GholdenJoe|Shadow Ball|p1a: 👁🫦👁
|-damage|p1a: 👁🫦👁|57/100
|
|upkeep
|turn|10
|
|t:|1758309742
|switch|p2a: Kinjambit|Kingambit, M|100/100
|-activate|p2a: Kinjambit|ability: Supreme Overlord
|-start|p2a: Kinjambit|fallen1|[silent]
|-item|p2a: Kinjambit|Air Balloon
|move|p1a: 👁🫦👁|Earthquake|p2a: Kinjambit
|-immune|p2a: Kinjambit
|
|upkeep
|turn|11
|
|t:|1758309750
|move|p1a: 👁🫦👁|Liquidation|p2a: Kinjambit
|-damage|p2a: Kinjambit|73/100
|-enditem|p2a: Kinjambit|Air Balloon
|move|p2a: Kinjambit|Swords Dance|p2a: Kinjambit
|-boost|p2a: Kinjambit|atk|2
|
|upkeep
|turn|12
|
|t:|1758309758
|switch|p1a: 👁👃👁|Landorus-Therian, M|100/100
|-ability|p1a: 👁👃👁|Intimidate|boost
|-unboost|p2a: Kinjambit|atk|1
|move|p2a: Kinjambit|Sucker Punch||[still]
|-fail|p2a: Kinjambit
|
|upkeep
|turn|13
|
|t:|1758309765
|-end|p2a: Kinjambit|fallen1|[silent]
|switch|p2a: Spin Forever|Great Tusk|100/100
|move|p1a: 👁👃👁|Stealth Rock|p2a: Spin Forever
|-sidestart|p2: hellstonegod|move: Stealth Rock
|
|upkeep
|turn|14
|
|t:|1758309772
|switch|p1a: 👁🐽👁|Tropius, M, shiny, tera:Ghost|89/100
|move|p2a: Spin Forever|Rapid Spin|p1a: 👁🐽👁
|-immune|p1a: 👁🐽👁
|
|upkeep
|turn|15
|
|t:|1758309777
|move|p1a: 👁🐽👁|Protect|p1a: 👁🐽👁
|-singleturn|p1a: 👁🐽👁|Protect
|move|p2a: Spin Forever|Knock Off|p1a: 👁🐽👁
|-activate|p1a: 👁🐽👁|move: Protect
|
|upkeep
|turn|16
|
|t:|1758309783
|switch|p1a: 👁🫦👁|Garchomp, F|57/100
|move|p2a: Spin Forever|Knock Off|p1a: 👁🫦👁
|-damage|p1a: 👁🫦👁|31/100
|-damage|p2a: Spin Forever|88/100|[from] ability: Rough Skin|[of] p1a: 👁🫦👁
|-enditem|p1a: 👁🫦👁|Loaded Dice|[from] move: Knock Off|[of] p2a: Spin Forever
|
|upkeep
|turn|17
|
|t:|1758309793
|switch|p1a: 👁🐽👁|Tropius, M, shiny, tera:Ghost|89/100
|move|p2a: Spin Forever|Rapid Spin|p1a: 👁🐽👁
|-immune|p1a: 👁🐽👁
|
|upkeep
|turn|18
|
|t:|1758309799
|switch|p1a: 👁👃👁|Landorus-Therian, M|100/100
|-ability|p1a: 👁👃👁|Intimidate|boost
|-unboost|p2a: Spin Forever|atk|1
|move|p2a: Spin Forever|Stealth Rock|p1a: 👁👃👁
|-sidestart|p1: oficial matute|move: Stealth Rock
|
|upkeep
|turn|19
|
|t:|1758309807
|move|p2a: Spin Forever|Knock Off|p1a: 👁👃👁
|-damage|p1a: 👁👃👁|87/100
|-damage|p2a: Spin Forever|72/100|[from] item: Rocky Helmet|[of] p1a: 👁👃👁
|-enditem|p1a: 👁👃👁|Rocky Helmet|[from] move: Knock Off|[of] p2a: Spin Forever
|move|p1a: 👁👃👁|Stealth Rock||[still]
|-fail|p1a: 👁👃👁
|
|upkeep
|turn|20
|
|t:|1758309815
|move|p2a: Spin Forever|Rapid Spin|p1a: 👁👃👁
|-damage|p1a: 👁👃👁|80/100
|-boost|p2a: Spin Forever|spe|1
|-sideend|p2: hellstonegod|Stealth Rock|[from] move: Rapid Spin|[of] p2a: Spin Forever
|move|p1a: 👁👃👁|Scorching Sands|p2a: Spin Forever
|-damage|p2a: Spin Forever|42/100
|-status|p2a: Spin Forever|brn
|
|-damage|p2a: Spin Forever|36/100 brn|[from] brn
|upkeep
|turn|21
|
|t:|1758309825
|-end|p2a: Spin Forever|Protosynthesis|[silent]
|switch|p2a: KACAWWWW|Pelipper, F|88/100
|-weather|RainDance|[from] ability: Drizzle|[of] p2a: KACAWWWW
|move|p1a: 👁👃👁|Stealth Rock|p2a: KACAWWWW
|-sidestart|p2: hellstonegod|move: Stealth Rock
|
|-weather|RainDance|[upkeep]
|upkeep
|turn|22
|
|t:|1758309834
|switch|p1a: 👁🐽👁|Tropius, M, shiny, tera:Ghost|89/100
|-damage|p1a: 👁🐽👁|76/100|[from] Stealth Rock
|move|p2a: KACAWWWW|Surf|p1a: 👁🐽👁
|-damage|p1a: 👁🐽👁|34/100
|-enditem|p1a: 👁🐽👁|Sitrus Berry|[eat]
|-heal|p1a: 👁🐽👁|59/100|[from] item: Sitrus Berry
|
|-weather|RainDance|[upkeep]
|-item|p1a: 👁🐽👁|Sitrus Berry|[from] ability: Harvest
|upkeep
|turn|23
|
|t:|1758309846
|move|p2a: KACAWWWW|Surf|p1a: 👁🐽👁
|-damage|p1a: 👁🐽👁|19/100
|-enditem|p1a: 👁🐽👁|Sitrus Berry|[eat]
|-heal|p1a: 👁🐽👁|44/100|[from] item: Sitrus Berry
|move|p1a: 👁🐽👁|Leech Seed|p2a: KACAWWWW
|-start|p2a: KACAWWWW|move: Leech Seed
|
|-weather|RainDance|[upkeep]
|-damage|p2a: KACAWWWW|76/100|[from] Leech Seed|[of] p1a: 👁🐽👁
|-heal|p1a: 👁🐽👁|52/100|[silent]
|upkeep
|turn|24
|
|t:|1758309855
|switch|p2a: Spin Forever|Great Tusk|36/100 brn
|-damage|p2a: Spin Forever|33/100 brn|[from] Stealth Rock
|move|p1a: 👁🐽👁|Protect||[still]
|-fail|p1a: 👁🐽👁
|
|-weather|RainDance|[upkeep]
|-damage|p2a: Spin Forever|27/100 brn|[from] brn
|-item|p1a: 👁🐽👁|Sitrus Berry|[from] ability: Harvest
|upkeep
|turn|25
|
|t:|1758309865
|move|p1a: 👁🐽👁|Protect|p1a: 👁🐽👁
|-singleturn|p1a: 👁🐽👁|Protect
|move|p2a: Spin Forever|Rapid Spin|p1a: 👁🐽👁
|-activate|p1a: 👁🐽👁|move: Protect
|
|-weather|none
|-damage|p2a: Spin Forever|21/100 brn|[from] brn
|upkeep
|turn|26
|
|t:|1758309874
|switch|p1a: 👁👃👁|Landorus-Therian, M|80/100
|-damage|p1a: 👁👃👁|67/100|[from] Stealth Rock
|-ability|p1a: 👁👃👁|Intimidate|boost
|-unboost|p2a: Spin Forever|atk|1
|move|p2a: Spin Forever|Knock Off|p1a: 👁👃👁
|-crit|p1a: 👁👃👁
|-damage|p1a: 👁👃👁|57/100
|
|-damage|p2a: Spin Forever|15/100 brn|[from] brn
|upkeep
|turn|27
|
|t:|1758309885
|move|p2a: Spin Forever|Rapid Spin|p1a: 👁👃👁
|-damage|p1a: 👁👃👁|54/100
|-boost|p2a: Spin Forever|spe|1
|-sideend|p2: hellstonegod|Stealth Rock|[from] move: Rapid Spin|[of] p2a: Spin Forever
|move|p1a: 👁👃👁|Stealth Rock|p2a: Spin Forever
|-sidestart|p2: hellstonegod|move: Stealth Rock
|
|-damage|p2a: Spin Forever|9/100 brn|[from] brn
|upkeep
|turn|28
|
|t:|1758309893
|move|p2a: Spin Forever|Rapid Spin|p1a: 👁👃👁
|-crit|p1a: 👁👃👁
|-damage|p1a: 👁👃👁|47/100
|-boost|p2a: Spin Forever|spe|1
|-sideend|p2: hellstonegod|Stealth Rock|[from] move: Rapid Spin|[of] p2a: Spin Forever
|move|p1a: 👁👃👁|Stealth Rock|p2a: Spin Forever
|-sidestart|p2: hellstonegod|move: Stealth Rock
|
|-damage|p2a: Spin Forever|3/100 brn|[from] brn
|upkeep
|turn|29
|
|t:|1758309902
|move|p2a: Spin Forever|Rapid Spin|p1a: 👁👃👁
|-damage|p1a: 👁👃👁|43/100
|-boost|p2a: Spin Forever|spe|1
|-sideend|p2: hellstonegod|Stealth Rock|[from] move: Rapid Spin|[of] p2a: Spin Forever
|move|p1a: 👁👃👁|Stealth Rock|p2a: Spin Forever
|-sidestart|p2: hellstonegod|move: Stealth Rock
|
|-damage|p2a: Spin Forever|0 fnt|[from] brn
|faint|p2a: Spin Forever
|-end|p2a: Spin Forever|Protosynthesis|[silent]
|upkeep
|
|t:|1758309908
|switch|p2a: Ed. Laserhands|Iron Valiant|100/100
|-damage|p2a: Ed. Laserhands|94/100|[from] Stealth Rock
|-enditem|p2a: Ed. Laserhands|Booster Energy
|-activate|p2a: Ed. Laserhands|ability: Quark Drive|[fromitem]
|-start|p2a: Ed. Laserhands|quarkdrivespe
|turn|30
|
|t:|1758309916
|move|p2a: Ed. Laserhands|Encore|p1a: 👁👃👁
|-start|p1a: 👁👃👁|Encore
|move|p1a: 👁👃👁|Stealth Rock||[still]
|-fail|p1a: 👁👃👁
|
|upkeep
|turn|31
|
|t:|1758309922
|switch|p1a: 👁🫦👁|Garchomp, F|31/100
|-damage|p1a: 👁🫦👁|25/100|[from] Stealth Rock
|move|p2a: Ed. Laserhands|Swords Dance|p2a: Ed. Laserhands
|-boost|p2a: Ed. Laserhands|atk|2
|
|upkeep
|turn|32
|
|t:|1758309930
|move|p2a: Ed. Laserhands|Spirit Break|p1a: 👁🫦👁
|-supereffective|p1a: 👁🫦👁
|-damage|p1a: 👁🫦👁|0 fnt
|-damage|p2a: Ed. Laserhands|82/100|[from] ability: Rough Skin|[of] p1a: 👁🫦👁
|faint|p1a: 👁🫦👁
|
|upkeep
|
|t:|1758309938
|switch|p1a: 👁👃👁|Landorus-Therian, M|43/100
|-damage|p1a: 👁👃👁|31/100|[from] Stealth Rock
|-ability|p1a: 👁👃👁|Intimidate|boost
|-unboost|p2a: Ed. Laserhands|atk|1
|turn|33
|
|t:|1758309944
|switch|p1a: 👁🐽👁|Tropius, M, shiny, tera:Ghost|52/100
|-damage|p1a: 👁🐽👁|40/100|[from] Stealth Rock
|-enditem|p1a: 👁🐽👁|Sitrus Berry|[eat]
|-heal|p1a: 👁🐽👁|65/100|[from] item: Sitrus Berry
|move|p2a: Ed. Laserhands|Spirit Break|p1a: 👁🐽👁
|-damage|p1a: 👁🐽👁|3/100
|-unboost|p1a: 👁🐽👁|spa|1
|
|upkeep
|turn|34
|
|t:|1758309955
|move|p1a: 👁🐽👁|Protect|p1a: 👁🐽👁
|-singleturn|p1a: 👁🐽👁|Protect
|move|p2a: Ed. Laserhands|Spirit Break|p1a: 👁🐽👁
|-activate|p1a: 👁🐽👁|move: Protect
|
|upkeep
|turn|35
|
|t:|1758309964
|move|p1a: 👁🐽👁|Protect||[still]
|-fail|p1a: 👁🐽👁
|move|p2a: Ed. Laserhands|Spirit Break|p1a: 👁🐽👁
|-damage|p1a: 👁🐽👁|0 fnt
|faint|p1a: 👁🐽👁
|
|upkeep
|-message|oficial matute forfeited.
|
|win|hellstonegod
|raw|oficial matute's rating: 1268 &rarr; <strong>1246</strong><br />(-22 for losing)
|raw|hellstonegod's rating: 1304 &rarr; <strong>1322</strong><br />(+18 for winning)
|l|☆oficial matute
|player|p1|
|l|☆hellstonegod
|player|p2|
