|j|☆freakacross
|j|‽lakeandbake
|t:|1758244078
|gametype|singles
|player|p1|freakacross|170|1401
|player|p2|lakeandbake|clemont|1382
|gen|9
|tier|[Gen 9] OU
|rated|
|rule|HP Percentage Mod: HP is shown in percentages
|rule|Endless Battle Clause: Forcing endless battles is banned
|rule|Species Clause: Limit one of each Pokémon
|rule|OHKO Clause: OHKO moves are banned
|rule|Evasion Items Clause: Evasion items are banned
|rule|Evasion Moves Clause: Evasion moves are banned
|rule|Evasion Abilities Clause: Evasion abilities are banned
|rule|Sleep Moves Clause: Sleep-inducing moves are banned
|clearpoke
|poke|p1|Weavile, M|
|poke|p1|Hoopa-Unbound|
|poke|p1|Landorus-Therian, M|
|poke|p1|Slither Wing|
|poke|p1|Scizor, F|
|poke|p1|Volcanion|
|poke|p2|Garganacl, F|
|poke|p2|Dragapult, F|
|poke|p2|Ogerpon-Wellspring, F|
|poke|p2|Moltres|
|poke|p2|Zamazenta-*|
|poke|p2|Iron Treads|
|teampreview
|inactive|Battle timer is ON: inactive players will automatically lose when time's up. (requested by lakeandbake)
|
|t:|1758244086
|teamsize|p1|6
|teamsize|p2|6
|start
|switch|p1a: Stark|Slither Wing|100/100
|switch|p2a: Iron Treads|Iron Treads|100/100
|turn|1
|
|t:|1758244100
|-end|p2a: Iron Treads|Quark Drive|[silent]
|switch|p2a: Moltres|Moltres|100/100
|move|p1a: Stark|U-turn|p2a: Moltres
|-resisted|p2a: Moltres
|-damage|p2a: Moltres|94/100
|-status|p1a: Stark|brn|[from] ability: Flame Body|[of] p2a: Moltres
|
|t:|1758244105
|-end|p1a: Stark|Protosynthesis|[silent]
|switch|p1a: Hephaestus|Volcanion|100/100|[from] U-turn
|
|upkeep
|turn|2
|inactive|lakeandbake has 120 seconds left.
|
|t:|1758244140
|move|p1a: Hephaestus|Sludge Bomb|p2a: Moltres
|-damage|p2a: Moltres|68/100
|move|p2a: Moltres|Roar|p1a: Hephaestus
|drag|p1a: King Von|Hoopa-Unbound|100/100
|
|upkeep
|turn|3
|inactive|lakeandbake has 120 seconds left.
|inactive|freakacross has 120 seconds left.
|
|t:|1758244181
|move|p2a: Moltres|Flamethrower|p1a: King Von
|-damage|p1a: King Von|82/100
|move|p1a: King Von|Psychic Noise|p2a: Moltres
|-damage|p2a: Moltres|34/100
|-start|p2a: Moltres|move: Heal Block
|
|upkeep
|turn|4
|inactive|lakeandbake has 120 seconds left.
|
|t:|1758244192
|move|p2a: Moltres|Will-O-Wisp|p1a: King Von
|-status|p1a: King Von|brn
|move|p1a: King Von|Psychic Noise|p2a: Moltres
|-damage|p2a: Moltres|0 fnt
|faint|p2a: Moltres
|
|-damage|p1a: King Von|76/100 brn|[from] brn
|upkeep
|inactive|lakeandbake has 120 seconds left.
|
|t:|1758244201
|switch|p2a: Iron Treads|Iron Treads|100/100
|turn|5
|
|t:|1758244208
|switch|p1a: Stark|Slither Wing|100/100 brn
|move|p2a: Iron Treads|Stealth Rock|p1a: Stark
|-sidestart|p1: freakacross|move: Stealth Rock
|
|-damage|p1a: Stark|94/100 brn|[from] brn
|upkeep
|turn|6
|
|t:|1758244218
|move|p2a: Iron Treads|Knock Off|p1a: Stark
|-resisted|p1a: Stark
|-damage|p1a: Stark|85/100 brn
|-enditem|p1a: Stark|Heavy-Duty Boots|[from] move: Knock Off|[of] p2a: Iron Treads
|move|p1a: Stark|Will-O-Wisp|p2a: Iron Treads
|-status|p2a: Iron Treads|brn
|
|-damage|p2a: Iron Treads|94/100 brn|[from] brn
|-damage|p1a: Stark|79/100 brn|[from] brn
|upkeep
|turn|7
|inactive|lakeandbake has 120 seconds left.
|
|t:|1758244236
|-end|p2a: Iron Treads|Quark Drive|[silent]
|switch|p2a: Garganacl|Garganacl, F|100/100
|move|p1a: Stark|U-turn|p2a: Garganacl
|-damage|p2a: Garganacl|91/100
|
|t:|1758244265
|-end|p1a: Stark|Protosynthesis|[silent]
|switch|p1a: Hephaestus|Volcanion|100/100|[from] U-turn
|
|-heal|p2a: Garganacl|97/100|[from] item: Leftovers
|upkeep
|turn|8
|inactive|lakeandbake has 120 seconds left.
|
|t:|1758244288
|move|p1a: Hephaestus|Steam Eruption|p2a: Garganacl
|-supereffective|p2a: Garganacl
|-damage|p2a: Garganacl|18/100
|move|p2a: Garganacl|Salt Cure|p1a: Hephaestus
|-supereffective|p1a: Hephaestus
|-damage|p1a: Hephaestus|77/100
|-start|p1a: Hephaestus|Salt Cure
|
|-heal|p2a: Garganacl|24/100|[from] item: Leftovers
|-damage|p1a: Hephaestus|52/100|[from] Salt Cure
|upkeep
|turn|9
|inactive|lakeandbake has 120 seconds left.
|
|t:|1758244303
|switch|p2a: Iron Treads|Iron Treads|94/100 brn
|move|p1a: Hephaestus|Steam Eruption|p2a: Iron Treads
|-supereffective|p2a: Iron Treads
|-damage|p2a: Iron Treads|0 fnt
|faint|p2a: Iron Treads
|-end|p2a: Iron Treads|Quark Drive|[silent]
|
|-damage|p1a: Hephaestus|27/100|[from] Salt Cure
|upkeep
|
|t:|1758244315
|switch|p2a: Ogerpon|Ogerpon-Wellspring, F|100/100
|turn|10
|
|t:|1758244321
|move|p2a: Ogerpon|Trailblaze|p1a: Hephaestus
|-damage|p1a: Hephaestus|3/100
|-boost|p2a: Ogerpon|spe|1
|move|p1a: Hephaestus|Flamethrower|p2a: Ogerpon
|-damage|p2a: Ogerpon|53/100
|
|-damage|p1a: Hephaestus|0 fnt|[from] Salt Cure
|faint|p1a: Hephaestus
|upkeep
|
|t:|1758244323
|switch|p1a: Saitama|Scizor, F|100/100
|turn|11
|inactive|lakeandbake has 120 seconds left.
|
|t:|1758244353
|-terastallize|p2a: Ogerpon|Water
|detailschange|p2a: Ogerpon|Ogerpon-Wellspring-Tera, F, tera:Water
|-ability|p2a: Ogerpon|Embody Aspect (Wellspring)|boost
|-boost|p2a: Ogerpon|spd|1
|move|p2a: Ogerpon|Synthesis|p2a: Ogerpon
|-heal|p2a: Ogerpon|100/100
|move|p1a: Saitama|Defog|p2a: Ogerpon
|-unboost|p2a: Ogerpon|evasion|1
|-sideend|p1: freakacross|Stealth Rock|[from] move: Defog|[of] p1a: Saitama
|
|upkeep
|turn|12
|
|t:|1758244365
|move|p2a: Ogerpon|Swords Dance|p2a: Ogerpon
|-boost|p2a: Ogerpon|atk|2
|move|p1a: Saitama|U-turn|p2a: Ogerpon
|-crit|p2a: Ogerpon
|-damage|p2a: Ogerpon|29/100
|
|t:|1758244368
|switch|p1a: Loki|Weavile, M|100/100|[from] U-turn
|-ability|p1a: Loki|Pressure
|
|upkeep
|turn|13
|
|t:|1758244386
|move|p1a: Loki|Ice Shard|p2a: Ogerpon
|-resisted|p2a: Ogerpon
|-damage|p2a: Ogerpon|12/100
|move|p2a: Ogerpon|Synthesis|p2a: Ogerpon
|-heal|p2a: Ogerpon|62/100
|
|upkeep
|turn|14
|
|t:|1758244393
|switch|p1a: Ares|Landorus-Therian, M|100/100
|-ability|p1a: Ares|Intimidate|boost
|-unboost|p2a: Ogerpon|atk|1
|move|p2a: Ogerpon|Synthesis|p2a: Ogerpon
|-heal|p2a: Ogerpon|100/100
|
|upkeep
|turn|15
|inactive|lakeandbake has 120 seconds left.
|
|t:|1758244400
|move|p2a: Ogerpon|Ivy Cudgel|p1a: Ares|[anim] Ivy Cudgel Water
|-supereffective|p1a: Ares
|-crit|p1a: Ares
|-damage|p1a: Ares|0 fnt
|faint|p1a: Ares
|
|upkeep
|-message|freakacross forfeited.
|
|win|lakeandbake
|raw|freakacross's rating: 1401 &rarr; <strong>1380</strong><br />(-21 for losing)
|raw|lakeandbake's rating: 1382 &rarr; <strong>1403</strong><br />(+21 for winning)
