|j|☆Detective Shelly
|j|☆dilike
|t:|1758344599
|gametype|singles
|player|p1|Detective Shelly|iris-gen5bw2|1462
|player|p2|dilike|pokekid|1433
|gen|9
|tier|[Gen 9] OU
|rated|
|rule|HP Percentage Mod: HP is shown in percentages
|rule|Endless Battle Clause: Forcing endless battles is banned
|rule|Species Clause: Limit one of each Pokémon
|rule|OHKO Clause: OHKO moves are banned
|rule|Evasion Items Clause: Evasion items are banned
|rule|Evasion Moves Clause: Evasion moves are banned
|rule|Evasion Abilities Clause: Evasion abilities are banned
|rule|Sleep Moves Clause: Sleep-inducing moves are banned
|clearpoke
|poke|p1|Great Tusk|
|poke|p1|Scizor, F|
|poke|p1|Moltres|
|poke|p1|Ogerpon-Wellspring, F|
|poke|p1|Enamorus, F|
|poke|p1|Kingambit, M|
|poke|p2|Alomomola, F|
|poke|p2|Cinderace, F|
|poke|p2|Iron Valiant|
|poke|p2|Slowking-Galar, F|
|poke|p2|Landorus-Therian, M|
|poke|p2|Chesnaught, F|
|teampreview
|inactive|Battle timer is ON: inactive players will automatically lose when time's up. (requested by dilike)
|
|t:|1758344620
|teamsize|p1|6
|teamsize|p2|6
|start
|switch|p1a: Great Tusk|Great Tusk|100/100
|switch|p2a: Landorus|Landorus-Therian, M, shiny|100/100
|-ability|p2a: Landorus|Intimidate|boost
|-unboost|p1a: Great Tusk|atk|1
|turn|1
|
|t:|1758344642
|move|p2a: Landorus|U-turn|p1a: Great Tusk
|-resisted|p1a: Great Tusk
|-damage|p1a: Great Tusk|91/100
|-damage|p2a: Landorus|84/100|[from] item: Rocky Helmet|[of] p1a: Great Tusk
|
|t:|1758344644
|switch|p2a: Chesnaught|Chesnaught, F|100/100|[from] U-turn
|move|p1a: Great Tusk|Stealth Rock|p2a: Chesnaught
|-sidestart|p2: dilike|move: Stealth Rock
|
|upkeep
|turn|2
|
|t:|1758344653
|-end|p1a: Great Tusk|Protosynthesis|[silent]
|switch|p1a: Moltres|Moltres|100/100
|move|p2a: Chesnaught|Leech Seed|p1a: Moltres
|-start|p1a: Moltres|move: Leech Seed
|
|-damage|p1a: Moltres|88/100|[from] Leech Seed|[of] p2a: Chesnaught
|upkeep
|turn|3
|
|t:|1758344661
|switch|p1a: Ogerpon|Ogerpon-Wellspring, F|100/100
|move|p2a: Chesnaught|Spiky Shield||[still]
|-fail|p2a: Chesnaught
|
|upkeep
|turn|4
|
|t:|1758344663
|move|p1a: Ogerpon|Encore|p2a: Chesnaught
|-start|p2a: Chesnaught|Encore
|move|p2a: Chesnaught|Spiky Shield||[still]
|-fail|p2a: Chesnaught
|
|upkeep
|turn|5
|
|t:|1758344666
|switch|p1a: Enamorus|Enamorus, F|100/100
|switch|p2a: Slowking|Slowking-Galar, F|100/100
|
|upkeep
|turn|6
|
|t:|1758344670
|switch|p1a: Scizor|Scizor, F|100/100
|move|p2a: Slowking|Sludge Bomb|p1a: Scizor
|-immune|p1a: Scizor
|
|upkeep
|turn|7
|
|t:|1758344676
|move|p1a: Scizor|Knock Off|p2a: Slowking
|-supereffective|p2a: Slowking
|-damage|p2a: Slowking|5/100
|-enditem|p2a: Slowking|Heavy-Duty Boots|[from] move: Knock Off|[of] p1a: Scizor
|-prepare|p2a: Slowking|Chilly Reception|[premajor]
|move|p2a: Slowking|Chilly Reception|p2a: Slowking
|-weather|Snowscape
|
|t:|1758344678
|switch|p2a: Cinderace|Cinderace, F|100/100|[from] Chilly Reception
|
|-weather|Snowscape|[upkeep]
|upkeep
|turn|8
|
|t:|1758344685
|switch|p1a: Moltres|Moltres|88/100
|move|p2a: Cinderace|Court Change|p2a: Cinderace
|-start|p2a: Cinderace|typechange|Normal|[from] ability: Libero
|-swapsideconditions
|-activate|p2a: Cinderace|move: Court Change
|
|-weather|Snowscape|[upkeep]
|upkeep
|turn|9
|
|t:|1758344699
|switch|p2a: Landorus|Landorus-Therian, M, shiny|84/100
|-ability|p2a: Landorus|Intimidate|boost
|-unboost|p1a: Moltres|atk|1
|move|p1a: Moltres|Flamethrower|p2a: Landorus
|-damage|p2a: Landorus|27/100
|
|-weather|Snowscape|[upkeep]
|upkeep
|turn|10
|
|t:|1758344712
|switch|p1a: Great Tusk|Great Tusk|91/100
|-damage|p1a: Great Tusk|88/100|[from] Stealth Rock
|move|p2a: Landorus|Stone Edge|p1a: Great Tusk
|-resisted|p1a: Great Tusk
|-damage|p1a: Great Tusk|81/100
|
|-weather|Snowscape|[upkeep]
|upkeep
|turn|11
|
|t:|1758344727
|switch|p2a: Chesnaught|Chesnaught, F|100/100
|move|p1a: Great Tusk|Stealth Rock|p2a: Chesnaught
|-sidestart|p2: dilike|move: Stealth Rock
|
|-weather|none
|upkeep
|turn|12
|
|t:|1758344740
|-end|p1a: Great Tusk|Protosynthesis|[silent]
|switch|p1a: Moltres|Moltres|88/100
|move|p2a: Chesnaught|Body Press|p1a: Moltres
|-resisted|p1a: Moltres
|-damage|p1a: Moltres|73/100
|
|upkeep
|turn|13
|
|t:|1758344746
|switch|p2a: Alomomola|Alomomola, F, shiny|100/100
|-damage|p2a: Alomomola|88/100|[from] Stealth Rock
|move|p1a: Moltres|Flamethrower|p2a: Alomomola
|-resisted|p2a: Alomomola
|-damage|p2a: Alomomola|79/100
|
|upkeep
|turn|14
|
|t:|1758344752
|move|p1a: Moltres|U-turn|p2a: Alomomola
|-damage|p2a: Alomomola|67/100
|
|t:|1758344756
|switch|p1a: Ogerpon|Ogerpon-Wellspring, F|100/100|[from] U-turn
|-damage|p1a: Ogerpon|88/100|[from] Stealth Rock
|move|p2a: Alomomola|Flip Turn|p1a: Ogerpon
|-heal|p1a: Ogerpon|100/100|[from] ability: Water Absorb|[of] p2a: Alomomola
|
|upkeep
|turn|15
|
|t:|1758344776
|switch|p1a: Enamorus|Enamorus, F|100/100
|switch|p2a: Chesnaught|Chesnaught, F|100/100
|-damage|p2a: Chesnaught|94/100|[from] Stealth Rock
|
|upkeep
|turn|16
|-message|dilike forfeited.
|
|win|Detective Shelly
|raw|Detective Shelly's rating: 1462 &rarr; <strong>1480</strong><br />(+18 for winning)
|raw|dilike's rating: 1433 &rarr; <strong>1415</strong><br />(-18 for losing)
|l|☆dilike
|player|p2|
|l|☆Detective Shelly
|player|p1|
