|j|☆I.T Official
|j|☆PlinPlinPlon2
|t:|1758305517
|gametype|singles
|player|p1|I.T Official|shadowtriad|1163
|player|p2|PlinPlinPlon2|hiker-gen4|1123
|gen|9
|tier|[Gen 9] OU
|rated|
|rule|HP Percentage Mod: HP is shown in percentages
|rule|Endless Battle Clause: Forcing endless battles is banned
|rule|Species Clause: Limit one of each Pokémon
|rule|OHKO Clause: OHKO moves are banned
|rule|Evasion Items Clause: Evasion items are banned
|rule|Evasion Moves Clause: Evasion moves are banned
|rule|Evasion Abilities Clause: Evasion abilities are banned
|rule|Sleep Moves Clause: Sleep-inducing moves are banned
|clearpoke
|poke|p1|Alomomola, F|
|poke|p1|Blissey, F|
|poke|p1|Quagsire, M|
|poke|p1|Toxapex, M|
|poke|p1|Tyranitar, F|
|poke|p1|Iron Treads|
|poke|p2|Garchomp, F|
|poke|p2|Serperior, F|
|poke|p2|Iron Valiant|
|poke|p2|Lycanroc, M|
|poke|p2|Lokix, M|
|poke|p2|Maushold-Four|
|teampreview
|inactive|Battle timer is ON: inactive players will automatically lose when time's up. (requested by I.T Official)
|
|t:|1758305530
|teamsize|p1|6
|teamsize|p2|6
|start
|switch|p1a: Toxapex|Toxapex, M, shiny|100/100
|switch|p2a: Garchomp|Garchomp, F|100/100
|turn|1
|
|t:|1758305536
|move|p2a: Garchomp|Stealth Rock|p1a: Toxapex
|-sidestart|p1: I.T Official|move: Stealth Rock
|move|p1a: Toxapex|Toxic Spikes|p2a: Garchomp
|-sidestart|p2: PlinPlinPlon2|move: Toxic Spikes
|
|upkeep
|turn|2
|
|t:|1758305552
|switch|p2a: Maushold|Maushold-Four|100/100
|-status|p2a: Maushold|psn
|switch|p1a: Alomomola|Alomomola, F|100/100
|
|-damage|p2a: Maushold|88/100 psn|[from] psn
|upkeep
|turn|3
|
|t:|1758305561
|move|p2a: Maushold|Tidy Up|p2a: Maushold
|-sideend|p2: PlinPlinPlon2|Toxic Spikes
|-sideend|p1: I.T Official|Stealth Rock
|-activate|p2a: Maushold|move: Tidy Up
|-boost|p2a: Maushold|atk|1
|-boost|p2a: Maushold|spe|1
|move|p1a: Alomomola|Flip Turn|p2a: Maushold
|-damage|p2a: Maushold|66/100 psn
|
|t:|1758305571
|switch|p1a: Toxapex|Toxapex, M, shiny|100/100|[from] Flip Turn
|
|-damage|p2a: Maushold|53/100 psn|[from] psn
|upkeep
|turn|4
|
|t:|1758305588
|move|p2a: Maushold|Tidy Up|p2a: Maushold
|-boost|p2a: Maushold|atk|1
|-boost|p2a: Maushold|spe|1
|move|p1a: Toxapex|Haze|p1a: Toxapex
|-clearallboost
|
|-damage|p2a: Maushold|41/100 psn|[from] psn
|upkeep
|turn|5
|
|t:|1758305597
|move|p2a: Maushold|Encore|p1a: Toxapex
|-start|p1a: Toxapex|Encore
|move|p1a: Toxapex|Haze|p1a: Toxapex
|-clearallboost
|
|-damage|p2a: Maushold|29/100 psn|[from] psn
|upkeep
|turn|6
|
|t:|1758305605
|move|p2a: Maushold|Population Bomb|p1a: Toxapex
|-damage|p1a: Toxapex|94/100
|-damage|p1a: Toxapex|86/100
|-damage|p1a: Toxapex|79/100
|-crit|p1a: Toxapex
|-damage|p1a: Toxapex|68/100
|-crit|p1a: Toxapex
|-damage|p1a: Toxapex|57/100
|-damage|p1a: Toxapex|51/100
|-damage|p1a: Toxapex|44/100
|-damage|p1a: Toxapex|37/100
|-damage|p1a: Toxapex|29/100
|-damage|p1a: Toxapex|22/100
|-hitcount|p1a: Toxapex|10
|move|p1a: Toxapex|Haze|p1a: Toxapex
|-clearallboost
|
|-damage|p2a: Maushold|16/100 psn|[from] psn
|upkeep
|turn|7
|
|t:|1758305630
|switch|p1a: Alomomola|Alomomola, F|100/100
|move|p2a: Maushold|Population Bomb|p1a: Alomomola
|-damage|p1a: Alomomola|94/100
|-damage|p1a: Alomomola|88/100
|-damage|p1a: Alomomola|81/100
|-damage|p1a: Alomomola|75/100
|-damage|p1a: Alomomola|69/100
|-damage|p1a: Alomomola|62/100
|-crit|p1a: Alomomola
|-damage|p1a: Alomomola|54/100
|-damage|p1a: Alomomola|47/100
|-crit|p1a: Alomomola
|-damage|p1a: Alomomola|39/100
|-damage|p1a: Alomomola|33/100
|-hitcount|p1a: Alomomola|10
|
|-damage|p2a: Maushold|4/100 psn|[from] psn
|upkeep
|turn|8
|
|t:|1758305649
|move|p1a: Alomomola|Protect|p1a: Alomomola
|-singleturn|p1a: Alomomola|Protect
|move|p2a: Maushold|Population Bomb|p1a: Alomomola
|-activate|p1a: Alomomola|move: Protect
|
|-damage|p2a: Maushold|0 fnt|[from] psn
|faint|p2a: Maushold
|upkeep
|
|t:|1758305663
|switch|p2a: Lokix|Lokix, M|100/100
|turn|9
|
|t:|1758305671
|switch|p1a: Toxapex|Toxapex, M, shiny|55/100
|move|p2a: Lokix|First Impression|p1a: Toxapex
|-resisted|p1a: Toxapex
|-damage|p1a: Toxapex|30/100
|
|upkeep
|turn|10
|
|t:|1758305684
|move|p2a: Lokix|Knock Off|p1a: Toxapex
|-damage|p1a: Toxapex|0 fnt
|-enditem|p1a: Toxapex|Heavy-Duty Boots|[from] move: Knock Off|[of] p2a: Lokix
|faint|p1a: Toxapex
|
|upkeep
|
|t:|1758305690
|switch|p1a: Tyranitar|Tyranitar, F, shiny|100/100
|-weather|Sandstorm|[from] ability: Sand Stream|[of] p1a: Tyranitar
|turn|11
|
|t:|1758305695
|-terastallize|p1a: Tyranitar|Ground
|move|p2a: Lokix|U-turn|p1a: Tyranitar
|-damage|p1a: Tyranitar|81/100
|
|t:|1758305706
|switch|p2a: Serperior|Serperior, F|100/100|[from] U-turn
|move|p1a: Tyranitar|Dragon Dance|p1a: Tyranitar
|-boost|p1a: Tyranitar|atk|1
|-boost|p1a: Tyranitar|spe|1
|
|-weather|Sandstorm|[upkeep]
|-damage|p2a: Serperior|94/100|[from] Sandstorm
|-heal|p2a: Serperior|100/100|[from] item: Leftovers
|upkeep
|turn|12
|
|t:|1758305721
|move|p2a: Serperior|Leaf Storm|p1a: Tyranitar|[miss]
|-miss|p2a: Serperior|p1a: Tyranitar
|move|p1a: Tyranitar|Knock Off|p2a: Serperior
|-damage|p2a: Serperior|24/100
|-enditem|p2a: Serperior|Leftovers|[from] move: Knock Off|[of] p1a: Tyranitar
|
|-weather|Sandstorm|[upkeep]
|-damage|p2a: Serperior|18/100|[from] Sandstorm
|upkeep
|turn|13
|
|t:|1758305733
|move|p2a: Serperior|Leaf Storm|p1a: Tyranitar
|-supereffective|p1a: Tyranitar
|-damage|p1a: Tyranitar|0 fnt
|-boost|p2a: Serperior|spa|2
|faint|p1a: Tyranitar
|
|-weather|Sandstorm|[upkeep]
|-damage|p2a: Serperior|11/100|[from] Sandstorm
|upkeep
|
|t:|1758305741
|switch|p1a: Iron Treads|Iron Treads|100/100
|turn|14
|
|t:|1758305749
|move|p2a: Serperior|Leaf Storm|p1a: Iron Treads
|-damage|p1a: Iron Treads|26/100
|-boost|p2a: Serperior|spa|2
|move|p1a: Iron Treads|Iron Head|p2a: Serperior
|-damage|p2a: Serperior|0 fnt
|faint|p2a: Serperior
|
|-weather|Sandstorm|[upkeep]
|upkeep
|
|t:|1758305758
|switch|p2a: Lokix|Lokix, M|100/100
|turn|15
|
|t:|1758305764
|-end|p1a: Iron Treads|Quark Drive|[silent]
|switch|p1a: Alomomola|Alomomola, F|66/100
|move|p2a: Lokix|First Impression|p1a: Alomomola
|-damage|p1a: Alomomola|45/100
|
|-weather|none
|upkeep
|turn|16
|inactive|I.T Official has 120 seconds left.
|inactive|I.T Official has 90 seconds left.
|inactive|I.T Official has 60 seconds left.
|
|t:|1758305867
|move|p1a: Alomomola|Protect|p1a: Alomomola
|-singleturn|p1a: Alomomola|Protect
|move|p2a: Lokix|Knock Off|p1a: Alomomola
|-activate|p1a: Alomomola|move: Protect
|
|upkeep
|turn|17
|
|t:|1758305885
|switch|p1a: Quagsire|Quagsire, M, shiny|100/100
|move|p2a: Lokix|Knock Off|p1a: Quagsire
|-damage|p1a: Quagsire|70/100
|-enditem|p1a: Quagsire|Leftovers|[from] move: Knock Off|[of] p2a: Lokix
|
|upkeep
|turn|18
|
|t:|1758305895
|move|p2a: Lokix|U-turn|p1a: Quagsire
|-crit|p1a: Quagsire
|-damage|p1a: Quagsire|35/100
|
|t:|1758305901
|switch|p2a: Garchomp|Garchomp, F|100/100|[from] U-turn
|move|p1a: Quagsire|Toxic|p2a: Garchomp
|-status|p2a: Garchomp|tox
|
|-damage|p2a: Garchomp|94/100 tox|[from] psn
|upkeep
|turn|19
|inactive|I.T Official has 60 seconds left.
|
|t:|1758305910
|move|p1a: Quagsire|Protect|p1a: Quagsire
|-singleturn|p1a: Quagsire|Protect
|move|p2a: Garchomp|Stealth Rock|p1a: Quagsire
|-sidestart|p1: I.T Official|move: Stealth Rock
|
|-damage|p2a: Garchomp|82/100 tox|[from] psn
|upkeep
|turn|20
|
|t:|1758305918
|switch|p1a: Alomomola|Alomomola, F|78/100
|move|p2a: Garchomp|Outrage|p1a: Alomomola
|-damage|p1a: Alomomola|48/100
|
|-damage|p2a: Garchomp|63/100 tox|[from] psn
|upkeep
|turn|21
|
|t:|1758305927
|move|p2a: Garchomp|Outrage|p1a: Alomomola|[from] lockedmove
|-damage|p1a: Alomomola|19/100
|-start|p2a: Garchomp|confusion|[fatigue]
|move|p1a: Alomomola|Wish|p1a: Alomomola
|
|-damage|p2a: Garchomp|39/100 tox|[from] psn
|upkeep
|turn|22
|
|t:|1758305937
|move|p1a: Alomomola|Protect|p1a: Alomomola
|-singleturn|p1a: Alomomola|Protect
|-activate|p2a: Garchomp|confusion
|move|p2a: Garchomp|Outrage|p1a: Alomomola
|-activate|p1a: Alomomola|move: Protect
|
|-heal|p1a: Alomomola|69/100|[from] move: Wish|[wisher] Alomomola
|-damage|p2a: Garchomp|8/100 tox|[from] psn
|upkeep
|turn|23
|
|t:|1758305947
|-activate|p2a: Garchomp|confusion
|-damage|p2a: Garchomp|0 fnt|[from] confusion
|faint|p2a: Garchomp
|move|p1a: Alomomola|Wish|p1a: Alomomola
|
|upkeep
|
|t:|1758305954
|switch|p2a: Iron Valiant|Iron Valiant|100/100
|-enditem|p2a: Iron Valiant|Booster Energy
|-activate|p2a: Iron Valiant|ability: Quark Drive|[fromitem]
|-start|p2a: Iron Valiant|quarkdrivespe
|turn|24
|
|t:|1758305964
|move|p2a: Iron Valiant|Knock Off|p1a: Alomomola
|-damage|p1a: Alomomola|54/100
|-enditem|p1a: Alomomola|Heavy-Duty Boots|[from] move: Knock Off|[of] p2a: Iron Valiant
|move|p1a: Alomomola|Flip Turn|p2a: Iron Valiant
|-damage|p2a: Iron Valiant|81/100
|
|t:|1758305970
|switch|p1a: Iron Treads|Iron Treads|26/100|[from] Flip Turn
|-damage|p1a: Iron Treads|23/100|[from] Stealth Rock
|
|-heal|p1a: Iron Treads|93/100|[from] move: Wish|[wisher] Alomomola
|upkeep
|turn|25
|inactive|I.T Official has 90 seconds left.
|
|t:|1758305988
|move|p2a: Iron Valiant|Close Combat|p1a: Iron Treads
|-supereffective|p1a: Iron Treads
|-damage|p1a: Iron Treads|29/100
|-unboost|p2a: Iron Valiant|def|1
|-unboost|p2a: Iron Valiant|spd|1
|move|p1a: Iron Treads|Iron Head|p2a: Iron Valiant
|-supereffective|p2a: Iron Valiant
|-damage|p2a: Iron Valiant|0 fnt
|faint|p2a: Iron Valiant
|-end|p2a: Iron Valiant|Quark Drive|[silent]
|
|upkeep
|
|t:|1758305999
|switch|p2a: Lycanroc|Lycanroc, M|100/100
|turn|26
|inactive|I.T Official has 90 seconds left.
|
|t:|1758306011
|-end|p1a: Iron Treads|Quark Drive|[silent]
|switch|p1a: Alomomola|Alomomola, F|88/100
|-damage|p1a: Alomomola|75/100|[from] Stealth Rock
|move|p2a: Lycanroc|Swords Dance|p2a: Lycanroc
|-boost|p2a: Lycanroc|atk|2
|
|upkeep
|turn|27
|inactive|I.T Official has 90 seconds left.
|
|t:|1758306023
|-terastallize|p2a: Lycanroc|Rock
|move|p2a: Lycanroc|Stone Edge|p1a: Alomomola
|-damage|p1a: Alomomola|5/100
|move|p1a: Alomomola|Flip Turn|p2a: Lycanroc
|-supereffective|p2a: Lycanroc
|-damage|p2a: Lycanroc|52/100
|inactive|I.T Official has 90 seconds left.
|
|t:|1758306033
|switch|p1a: Quagsire|Quagsire, M, shiny|35/100|[from] Flip Turn
|-damage|p1a: Quagsire|29/100|[from] Stealth Rock
|
|upkeep
|turn|28
|inactive|I.T Official has 90 seconds left.
|
|t:|1758306040
|move|p2a: Lycanroc|Stone Edge|p1a: Quagsire
|-resisted|p1a: Quagsire
|-damage|p1a: Quagsire|6/100
|move|p1a: Quagsire|Recover|p1a: Quagsire
|-heal|p1a: Quagsire|56/100
|
|upkeep
|turn|29
|
|t:|1758306047
|move|p2a: Lycanroc|Stone Edge|p1a: Quagsire
|-resisted|p1a: Quagsire
|-damage|p1a: Quagsire|32/100
|move|p1a: Quagsire|Recover|p1a: Quagsire
|-heal|p1a: Quagsire|82/100
|
|upkeep
|turn|30
|
|t:|1758306056
|move|p2a: Lycanroc|Stone Edge|p1a: Quagsire
|-resisted|p1a: Quagsire
|-damage|p1a: Quagsire|61/100
|move|p1a: Quagsire|Toxic|p2a: Lycanroc
|-status|p2a: Lycanroc|tox
|
|-damage|p2a: Lycanroc|46/100 tox|[from] psn
|upkeep
|turn|31
|
|t:|1758306065
|move|p1a: Quagsire|Protect|p1a: Quagsire
|-singleturn|p1a: Quagsire|Protect
|move|p2a: Lycanroc|Swords Dance|p2a: Lycanroc
|-boost|p2a: Lycanroc|atk|2
|
|-damage|p2a: Lycanroc|34/100 tox|[from] psn
|upkeep
|turn|32
|
|t:|1758306073
|move|p2a: Lycanroc|Stone Edge|p1a: Quagsire
|-resisted|p1a: Quagsire
|-damage|p1a: Quagsire|40/100
|move|p1a: Quagsire|Recover|p1a: Quagsire
|-heal|p1a: Quagsire|90/100
|
|-damage|p2a: Lycanroc|15/100 tox|[from] psn
|upkeep
|turn|33
|
|t:|1758306082
|switch|p2a: Lokix|Lokix, M|100/100
|move|p1a: Quagsire|Protect||[still]
|-fail|p1a: Quagsire
|
|upkeep
|turn|34
|inactive|I.T Official has 120 seconds left.
|
|t:|1758306088
|move|p2a: Lokix|First Impression|p1a: Quagsire
|-damage|p1a: Quagsire|57/100
|move|p1a: Quagsire|Toxic|p2a: Lokix
|-status|p2a: Lokix|tox
|
|-damage|p2a: Lokix|94/100 tox|[from] psn
|upkeep
|turn|35
|
|t:|1758306109
|move|p1a: Quagsire|Protect|p1a: Quagsire
|-singleturn|p1a: Quagsire|Protect
|move|p2a: Lokix|U-turn|p1a: Quagsire
|-activate|p1a: Quagsire|move: Protect
|
|-damage|p2a: Lokix|82/100 tox|[from] psn
|upkeep
|turn|36
|
|t:|1758306120
|move|p2a: Lokix|U-turn|p1a: Quagsire
|-damage|p1a: Quagsire|35/100
|
|t:|1758306123
|switch|p2a: Lycanroc|Lycanroc, M, tera:Rock|15/100 tox|[from] U-turn
|move|p1a: Quagsire|Recover|p1a: Quagsire
|-heal|p1a: Quagsire|85/100
|
|-damage|p2a: Lycanroc|9/100 tox|[from] psn
|upkeep
|turn|37
|
|t:|1758306132
|move|p1a: Quagsire|Protect|p1a: Quagsire
|-singleturn|p1a: Quagsire|Protect
|move|p2a: Lycanroc|Accelerock|p1a: Quagsire
|-activate|p1a: Quagsire|move: Protect
|
|-damage|p2a: Lycanroc|0 fnt|[from] psn
|faint|p2a: Lycanroc
|upkeep
|
|t:|1758306139
|switch|p2a: Lokix|Lokix, M|82/100 tox
|turn|38
|
|t:|1758306146
|move|p2a: Lokix|First Impression|p1a: Quagsire
|-damage|p1a: Quagsire|52/100
|move|p1a: Quagsire|Earthquake|p2a: Lokix
|-resisted|p2a: Lokix
|-damage|p2a: Lokix|61/100 tox
|
|-damage|p2a: Lokix|55/100 tox|[from] psn
|upkeep
|turn|39
|
|t:|1758306155
|move|p1a: Quagsire|Protect|p1a: Quagsire
|-singleturn|p1a: Quagsire|Protect
|move|p2a: Lokix|U-turn|p1a: Quagsire
|-activate|p1a: Quagsire|move: Protect
|
|-damage|p2a: Lokix|43/100 tox|[from] psn
|upkeep
|turn|40
|
|t:|1758306162
|move|p2a: Lokix|U-turn|p1a: Quagsire
|-damage|p1a: Quagsire|30/100
|move|p1a: Quagsire|Recover|p1a: Quagsire
|-heal|p1a: Quagsire|80/100
|
|-damage|p2a: Lokix|25/100 tox|[from] psn
|upkeep
|turn|41
|
|t:|1758306170
|move|p1a: Quagsire|Protect|p1a: Quagsire
|-singleturn|p1a: Quagsire|Protect
|move|p2a: Lokix|U-turn|p1a: Quagsire
|-activate|p1a: Quagsire|move: Protect
|
|-damage|p2a: Lokix|1/100 tox|[from] psn
|upkeep
|turn|42
|
|t:|1758306178
|move|p1a: Quagsire|Protect||[still]
|-fail|p1a: Quagsire
|move|p2a: Lokix|U-turn|p1a: Quagsire
|-damage|p1a: Quagsire|57/100
|
|-damage|p2a: Lokix|0 fnt|[from] psn
|faint|p2a: Lokix
|
|win|I.T Official
|raw|I.T Official's rating: 1163 &rarr; <strong>1185</strong><br />(+22 for winning)
|raw|PlinPlinPlon2's rating: 1123 &rarr; <strong>1101</strong><br />(-22 for losing)
|l|☆PlinPlinPlon2
|player|p2|
|l|☆I.T Official
|player|p1|
