|j|☆powerfull_rock
|j|☆rookie22
|t:|1758286465
|gametype|singles
|player|p1|powerfull_rock|blackbelt|1682
|player|p2|rookie22|iris-gen5bw2|1750
|gen|9
|tier|[Gen 9] OU
|rated|
|rule|HP Percentage Mod: HP is shown in percentages
|rule|Endless Battle Clause: Forcing endless battles is banned
|rule|Species Clause: Limit one of each Pokémon
|rule|OHKO Clause: OHKO moves are banned
|rule|Evasion Items Clause: Evasion items are banned
|rule|Evasion Moves Clause: Evasion moves are banned
|rule|Evasion Abilities Clause: Evasion abilities are banned
|rule|Sleep Moves Clause: Sleep-inducing moves are banned
|clearpoke
|poke|p1|Clodsire, M|
|poke|p1|Conkeldurr, F|
|poke|p1|Enamorus, F|
|poke|p1|Ceruledge, M|
|poke|p1|Skarmory, M|
|poke|p1|Sinistcha|
|poke|p2|Dragonite, M|
|poke|p2|Meowscarada, F|
|poke|p2|Keldeo|
|poke|p2|Iron Crown|
|poke|p2|Raging Bolt|
|poke|p2|Great Tusk|
|teampreview
|inactive|Battle timer is ON: inactive players will automatically lose when time's up. (requested by rookie22)
|
|t:|1758286488
|teamsize|p1|6
|teamsize|p2|6
|start
|switch|p1a: Wide Shoulder|Conkeldurr, F, shiny|100/100
|switch|p2a: Meowscarada|Meowscarada, F|100/100
|turn|1
|
|t:|1758286497
|switch|p2a: Great Tusk|Great Tusk|100/100
|move|p1a: Wide Shoulder|Drain Punch|p2a: Great Tusk
|-damage|p2a: Great Tusk|78/100
|
|-heal|p2a: Great Tusk|84/100|[from] item: Leftovers
|upkeep
|turn|2
|j| Swagboss123456789
|j| wgw2333
|
|t:|1758286518
|-end|p2a: Great Tusk|Protosynthesis|[silent]
|switch|p2a: Raging Bolt|Raging Bolt|100/100
|move|p1a: Wide Shoulder|Knock Off|p2a: Raging Bolt
|-damage|p2a: Raging Bolt|74/100
|-enditem|p2a: Raging Bolt|Leftovers|[from] move: Knock Off|[of] p1a: Wide Shoulder
|
|upkeep
|turn|3
|
|t:|1758286525
|move|p2a: Raging Bolt|Dragon Pulse|p1a: Wide Shoulder
|-damage|p1a: Wide Shoulder|69/100
|move|p1a: Wide Shoulder|Ice Punch|p2a: Raging Bolt
|-supereffective|p2a: Raging Bolt
|-damage|p2a: Raging Bolt|30/100
|
|upkeep
|turn|4
|j| Pokeniceguy
|
|t:|1758286534
|-end|p2a: Raging Bolt|Protosynthesis|[silent]
|switch|p2a: Bene Gesserit|Iron Crown|100/100
|switch|p1a: Fat Body|Clodsire, M, shiny|100/100
|
|upkeep
|turn|5
|
|t:|1758286538
|switch|p1a: Metal Wing|Skarmory, M|100/100
|move|p2a: Bene Gesserit|Psyshock|p1a: Metal Wing
|-resisted|p1a: Metal Wing
|-damage|p1a: Metal Wing|86/100
|
|-heal|p1a: Metal Wing|92/100|[from] item: Leftovers
|upkeep
|turn|6
|
|t:|1758286541
|move|p2a: Bene Gesserit|Volt Switch|p1a: Metal Wing
|-supereffective|p1a: Metal Wing
|-damage|p1a: Metal Wing|42/100
|
|t:|1758286548
|-end|p2a: Bene Gesserit|Quark Drive|[silent]
|switch|p2a: Lisan Al Gaib|Keldeo|100/100|[from] Volt Switch
|move|p1a: Metal Wing|Spikes|p2a: Lisan Al Gaib
|-sidestart|p2: rookie22|Spikes
|
|-heal|p1a: Metal Wing|48/100|[from] item: Leftovers
|upkeep
|turn|7
|
|t:|1758286553
|switch|p1a: Fat Body|Clodsire, M, shiny|100/100
|move|p2a: Lisan Al Gaib|Surf|p1a: Fat Body
|-immune|p1a: Fat Body|[from] ability: Water Absorb
|
|upkeep
|turn|8
|l| Pokeniceguy
|
|t:|1758286562
|switch|p2a: Great Tusk|Great Tusk|84/100
|-damage|p2a: Great Tusk|72/100|[from] Spikes
|move|p1a: Fat Body|Toxic|p2a: Great Tusk
|-status|p2a: Great Tusk|tox
|
|-heal|p2a: Great Tusk|78/100 tox|[from] item: Leftovers
|-damage|p2a: Great Tusk|72/100 tox|[from] psn
|upkeep
|turn|9
|
|t:|1758286571
|move|p2a: Great Tusk|Stealth Rock|p1a: Fat Body
|-sidestart|p1: powerfull_rock|move: Stealth Rock
|move|p1a: Fat Body|Stealth Rock|p2a: Great Tusk
|-sidestart|p2: rookie22|move: Stealth Rock
|
|-heal|p2a: Great Tusk|78/100 tox|[from] item: Leftovers
|-damage|p2a: Great Tusk|66/100 tox|[from] psn
|upkeep
|turn|10
|
|t:|1758286576
|switch|p1a: Broken Vessel|Sinistcha, shiny|100/100
|move|p2a: Great Tusk|Ice Spinner|p1a: Broken Vessel
|-supereffective|p1a: Broken Vessel
|-damage|p1a: Broken Vessel|58/100
|
|-heal|p2a: Great Tusk|72/100 tox|[from] item: Leftovers
|-damage|p2a: Great Tusk|54/100 tox|[from] psn
|upkeep
|turn|11
|
|t:|1758286581
|-end|p2a: Great Tusk|Protosynthesis|[silent]
|switch|p2a: Raging Bolt|Raging Bolt|30/100
|-damage|p2a: Raging Bolt|18/100|[from] Spikes
|-damage|p2a: Raging Bolt|6/100|[from] Stealth Rock
|move|p1a: Broken Vessel|Matcha Gotcha|p2a: Raging Bolt
|-resisted|p2a: Raging Bolt
|-damage|p2a: Raging Bolt|0 fnt
|-heal|p1a: Broken Vessel|61/100|[from] drain|[of] p2a: Raging Bolt
|faint|p2a: Raging Bolt
|-end|p2a: Raging Bolt|Protosynthesis|[silent]
|
|upkeep
|
|t:|1758286608
|switch|p2a: Meowscarada|Meowscarada, F|100/100
|turn|12
|
|t:|1758286615
|switch|p1a: Wide Shoulder|Conkeldurr, F, shiny|69/100
|-damage|p1a: Wide Shoulder|63/100|[from] Stealth Rock
|move|p2a: Meowscarada|Taunt|p1a: Wide Shoulder
|-start|p2a: Meowscarada|typechange|Dark|[from] ability: Protean
|-start|p1a: Wide Shoulder|move: Taunt
|
|upkeep
|turn|13
|j| RNG Savage
|
|t:|1758286633
|switch|p2a: Lisan Al Gaib|Keldeo|100/100
|-damage|p2a: Lisan Al Gaib|88/100|[from] Spikes
|-damage|p2a: Lisan Al Gaib|82/100|[from] Stealth Rock
|move|p1a: Wide Shoulder|Drain Punch|p2a: Lisan Al Gaib
|-damage|p2a: Lisan Al Gaib|40/100
|-heal|p1a: Wide Shoulder|79/100|[from] drain|[of] p2a: Lisan Al Gaib
|
|upkeep
|turn|14
|
|t:|1758286643
|switch|p1a: Fat Body|Clodsire, M, shiny|100/100
|-damage|p1a: Fat Body|94/100|[from] Stealth Rock
|move|p2a: Lisan Al Gaib|Air Slash|p1a: Fat Body
|-damage|p1a: Fat Body|64/100
|
|-heal|p1a: Fat Body|70/100|[from] item: Leftovers
|upkeep
|turn|15
|
|t:|1758286648
|switch|p2a: Bene Gesserit|Iron Crown|100/100
|-damage|p2a: Bene Gesserit|88/100|[from] Spikes
|-damage|p2a: Bene Gesserit|82/100|[from] Stealth Rock
|move|p1a: Fat Body|Earthquake|p2a: Bene Gesserit
|-supereffective|p2a: Bene Gesserit
|-damage|p2a: Bene Gesserit|27/100
|
|-heal|p1a: Fat Body|76/100|[from] item: Leftovers
|upkeep
|turn|16
|
|t:|1758286653
|move|p2a: Bene Gesserit|Psyshock|p1a: Fat Body
|-supereffective|p1a: Fat Body
|-damage|p1a: Fat Body|13/100
|move|p1a: Fat Body|Recover|p1a: Fat Body
|-heal|p1a: Fat Body|64/100
|
|-heal|p1a: Fat Body|70/100|[from] item: Leftovers
|upkeep
|turn|17
|
|t:|1758286658
|switch|p1a: Clean Edge|Ceruledge, M|100/100
|move|p2a: Bene Gesserit|Psyshock|p1a: Clean Edge
|-crit|p1a: Clean Edge
|-damage|p1a: Clean Edge|35/100
|
|upkeep
|turn|18
|
|t:|1758286664
|move|p1a: Clean Edge|Shadow Sneak|p2a: Bene Gesserit
|-supereffective|p2a: Bene Gesserit
|-crit|p2a: Bene Gesserit
|-damage|p2a: Bene Gesserit|0 fnt
|faint|p2a: Bene Gesserit
|-end|p2a: Bene Gesserit|Quark Drive|[silent]
|
|upkeep
|l| Swagboss123456789
|
|t:|1758286694
|switch|p2a: MEGA DRAGONITE|Dragonite, M|100/100
|turn|19
|
|t:|1758286699
|switch|p1a: Metal Wing|Skarmory, M|48/100
|-damage|p1a: Metal Wing|36/100|[from] Stealth Rock
|move|p2a: MEGA DRAGONITE|Dragon Dance|p2a: MEGA DRAGONITE
|-boost|p2a: MEGA DRAGONITE|atk|1
|-boost|p2a: MEGA DRAGONITE|spe|1
|
|-heal|p1a: Metal Wing|42/100|[from] item: Leftovers
|upkeep
|turn|20
|
|t:|1758286706
|move|p2a: MEGA DRAGONITE|Ice Spinner|p1a: Metal Wing
|-damage|p1a: Metal Wing|15/100
|move|p1a: Metal Wing|Roost|p1a: Metal Wing
|-heal|p1a: Metal Wing|65/100
|-singleturn|p1a: Metal Wing|move: Roost
|
|-heal|p1a: Metal Wing|71/100|[from] item: Leftovers
|upkeep
|turn|21
|
|t:|1758286713
|switch|p2a: Lisan Al Gaib|Keldeo|40/100
|-damage|p2a: Lisan Al Gaib|28/100|[from] Spikes
|-damage|p2a: Lisan Al Gaib|22/100|[from] Stealth Rock
|move|p1a: Metal Wing|Whirlwind|p2a: Lisan Al Gaib
|drag|p2a: MEGA DRAGONITE|Dragonite, M|100/100
|
|-heal|p1a: Metal Wing|77/100|[from] item: Leftovers
|upkeep
|turn|22
|
|t:|1758286722
|switch|p2a: Meowscarada|Meowscarada, F|100/100
|move|p1a: Metal Wing|Brave Bird|p2a: Meowscarada
|-supereffective|p2a: Meowscarada
|-damage|p2a: Meowscarada|0 fnt
|faint|p2a: Meowscarada
|-damage|p1a: Metal Wing|48/100|[from] Recoil
|
|-heal|p1a: Metal Wing|53/100|[from] item: Leftovers
|upkeep
|
|t:|1758286725
|switch|p2a: Lisan Al Gaib|Keldeo|22/100
|-damage|p2a: Lisan Al Gaib|9/100|[from] Spikes
|-damage|p2a: Lisan Al Gaib|3/100|[from] Stealth Rock
|turn|23
|
|t:|1758286746
|switch|p2a: Great Tusk|Great Tusk|54/100 tox
|-damage|p2a: Great Tusk|41/100 tox|[from] Spikes
|-damage|p2a: Great Tusk|38/100 tox|[from] Stealth Rock
|switch|p1a: Fat Body|Clodsire, M, shiny|70/100
|-damage|p1a: Fat Body|64/100|[from] Stealth Rock
|
|-heal|p2a: Great Tusk|44/100 tox|[from] item: Leftovers
|-heal|p1a: Fat Body|70/100|[from] item: Leftovers
|-damage|p2a: Great Tusk|38/100 tox|[from] psn
|upkeep
|turn|24
|
|t:|1758286751
|switch|p1a: Clean Edge|Ceruledge, M|35/100
|move|p2a: Great Tusk|Ice Spinner|p1a: Clean Edge
|-resisted|p1a: Clean Edge
|-damage|p1a: Clean Edge|16/100
|
|-heal|p2a: Great Tusk|44/100 tox|[from] item: Leftovers
|-damage|p2a: Great Tusk|32/100 tox|[from] psn
|upkeep
|turn|25
|
|t:|1758286756
|move|p1a: Clean Edge|Shadow Sneak|p2a: Great Tusk
|-damage|p2a: Great Tusk|21/100 tox
|move|p2a: Great Tusk|Earthquake|p1a: Clean Edge
|-supereffective|p1a: Clean Edge
|-damage|p1a: Clean Edge|0 fnt
|faint|p1a: Clean Edge
|
|-heal|p2a: Great Tusk|27/100 tox|[from] item: Leftovers
|-damage|p2a: Great Tusk|9/100 tox|[from] psn
|upkeep
|
|t:|1758286760
|switch|p1a: Broken Vessel|Sinistcha, shiny|61/100
|turn|26
|
|t:|1758286784
|move|p2a: Great Tusk|Ice Spinner|p1a: Broken Vessel
|-supereffective|p1a: Broken Vessel
|-damage|p1a: Broken Vessel|19/100
|move|p1a: Broken Vessel|Strength Sap|p2a: Great Tusk
|-unboost|p2a: Great Tusk|atk|1
|-heal|p1a: Broken Vessel|100/100
|
|-heal|p2a: Great Tusk|15/100 tox|[from] item: Leftovers
|-damage|p2a: Great Tusk|0 fnt|[from] psn
|faint|p2a: Great Tusk
|-end|p2a: Great Tusk|Protosynthesis|[silent]
|upkeep
|
|t:|1758286787
|switch|p2a: MEGA DRAGONITE|Dragonite, M|100/100
|turn|27
|
|t:|1758286791
|move|p2a: MEGA DRAGONITE|Dragon Dance|p2a: MEGA DRAGONITE
|-boost|p2a: MEGA DRAGONITE|atk|1
|-boost|p2a: MEGA DRAGONITE|spe|1
|move|p1a: Broken Vessel|Iron Defense|p1a: Broken Vessel
|-boost|p1a: Broken Vessel|def|2
|
|upkeep
|turn|28
|
|t:|1758286795
|-terastallize|p2a: MEGA DRAGONITE|Flying
|-terastallize|p1a: Broken Vessel|Poison
|move|p2a: MEGA DRAGONITE|Tera Blast|p1a: Broken Vessel|[anim] Tera Blast Flying
|-damage|p1a: Broken Vessel|68/100
|move|p1a: Broken Vessel|Strength Sap|p2a: MEGA DRAGONITE
|-unboost|p2a: MEGA DRAGONITE|atk|1
|-heal|p1a: Broken Vessel|100/100
|
|upkeep
|turn|29
|
|t:|1758286802
|move|p2a: MEGA DRAGONITE|Earthquake|p1a: Broken Vessel
|-supereffective|p1a: Broken Vessel
|-damage|p1a: Broken Vessel|76/100
|move|p1a: Broken Vessel|Matcha Gotcha|p2a: MEGA DRAGONITE
|-resisted|p2a: MEGA DRAGONITE
|-damage|p2a: MEGA DRAGONITE|92/100
|-heal|p1a: Broken Vessel|80/100|[from] drain|[of] p2a: MEGA DRAGONITE
|
|upkeep
|turn|30
|j| 21stCenturyB0y
|inactive|rookie22 has 120 seconds left.
|inactive|rookie22 has 90 seconds left.
|inactive|rookie22 has 60 seconds left.
|inactive|rookie22 has 30 seconds left.
|inactive|rookie22 has 20 seconds left.
|inactive|rookie22 has 15 seconds left.
|inactive|rookie22 has 10 seconds left.
|inactive|rookie22 has 5 seconds left.
|-message|rookie22 lost due to inactivity.
|
|win|powerfull_rock
|raw|powerfull_rock's rating: 1682 &rarr; <strong>1706</strong><br />(+24 for winning)
|raw|rookie22's rating: 1750 &rarr; <strong>1726</strong><br />(-24 for losing)
|l|☆powerfull_rock
|player|p1|
|l|☆rookie22
|player|p2|
|l| wgw2333
|l| 21stCenturyB0y
