|j|☆wdsr
|j|☆Jzcool
|t:|1758353170
|gametype|singles
|player|p1|wdsr|pokemonbreeder-gen4|1087
|player|p2|Jzcool|mars|1142
|gen|9
|tier|[Gen 9] OU
|rated|
|rule|HP Percentage Mod: HP is shown in percentages
|rule|Endless Battle Clause: Forcing endless battles is banned
|rule|Species Clause: Limit one of each Pokémon
|rule|OHKO Clause: OHKO moves are banned
|rule|Evasion Items Clause: Evasion items are banned
|rule|Evasion Moves Clause: Evasion moves are banned
|rule|Evasion Abilities Clause: Evasion abilities are banned
|rule|Sleep Moves Clause: Sleep-inducing moves are banned
|clearpoke
|poke|p1|Dondozo, F|
|poke|p1|Gliscor, M|
|poke|p1|Corviknight, F|
|poke|p1|Garganacl, F|
|poke|p1|Glimmora, M|
|poke|p1|Hatterene, F|
|poke|p2|Ceruledge, M|
|poke|p2|Scizor, F|
|poke|p2|Gliscor, M|
|poke|p2|Dondozo, M|
|poke|p2|Blaziken, M|
|poke|p2|Raging Bolt|
|teampreview
|inactive|Battle timer is ON: inactive players will automatically lose when time's up. (requested by wdsr)
|
|t:|1758353198
|teamsize|p1|6
|teamsize|p2|6
|start
|switch|p1a: Glimmora|Glimmora, M|100/100
|switch|p2a: Kasane Teto|Scizor, F|100/100
|turn|1
|
|t:|1758353211
|move|p2a: Kasane Teto|Bullet Punch|p1a: Glimmora
|-supereffective|p1a: Glimmora
|-damage|p1a: Glimmora|31/100
|-activate|p1a: Glimmora|ability: Toxic Debris
|-sidestart|p2: Jzcool|move: Toxic Spikes
|move|p1a: Glimmora|Stealth Rock|p2a: Kasane Teto
|-sidestart|p2: Jzcool|move: Stealth Rock
|
|-heal|p1a: Glimmora|37/100|[from] item: Leftovers
|upkeep
|turn|2
|
|t:|1758353223
|move|p2a: Kasane Teto|Bullet Punch|p1a: Glimmora
|-supereffective|p1a: Glimmora
|-damage|p1a: Glimmora|0 fnt
|-activate|p1a: Glimmora|ability: Toxic Debris
|-sidestart|p2: Jzcool|move: Toxic Spikes
|faint|p1a: Glimmora
|
|upkeep
|
|t:|1758353233
|switch|p1a: Gliscor|Gliscor, M|100/100
|turn|3
|
|t:|1758353239
|move|p1a: Gliscor|Brick Break|p2a: Kasane Teto
|-damage|p2a: Kasane Teto|81/100
|move|p2a: Kasane Teto|Defog|p1a: Gliscor
|-unboost|p1a: Gliscor|evasion|1
|-sideend|p2: Jzcool|Toxic Spikes|[from] move: Defog|[of] p2a: Kasane Teto
|-sideend|p2: Jzcool|Stealth Rock|[from] move: Defog|[of] p2a: Kasane Teto
|
|-status|p1a: Gliscor|tox|[from] item: Toxic Orb
|upkeep
|turn|4
|
|t:|1758353248
|move|p2a: Kasane Teto|Bullet Punch|p1a: Gliscor
|-damage|p1a: Gliscor|75/100 tox
|move|p1a: Gliscor|Brick Break|p2a: Kasane Teto
|-damage|p2a: Kasane Teto|59/100
|
|-heal|p1a: Gliscor|87/100 tox|[from] ability: Poison Heal
|upkeep
|turn|5
|
|t:|1758353272
|switch|p2a: Silver Chariot|Ceruledge, M|100/100
|move|p1a: Gliscor|Earthquake|p2a: Silver Chariot
|-supereffective|p2a: Silver Chariot
|-damage|p2a: Silver Chariot|0 fnt
|faint|p2a: Silver Chariot
|
|-heal|p1a: Gliscor|99/100 tox|[from] ability: Poison Heal
|upkeep
|
|t:|1758353284
|switch|p2a: Kyogre from Wish|Dondozo, M|100/100
|turn|6
|
|t:|1758353298
|move|p1a: Gliscor|Sludge Bomb|p2a: Kyogre from Wish
|-damage|p2a: Kyogre from Wish|91/100
|move|p2a: Kyogre from Wish|Curse|p2a: Kyogre from Wish
|-unboost|p2a: Kyogre from Wish|spe|1
|-boost|p2a: Kyogre from Wish|atk|1
|-boost|p2a: Kyogre from Wish|def|1
|
|-heal|p1a: Gliscor|100/100 tox|[from] ability: Poison Heal
|upkeep
|turn|7
|
|t:|1758353310
|switch|p1a: Garganacl|Garganacl, F|100/100
|move|p2a: Kyogre from Wish|Curse|p2a: Kyogre from Wish
|-unboost|p2a: Kyogre from Wish|spe|1
|-boost|p2a: Kyogre from Wish|atk|1
|-boost|p2a: Kyogre from Wish|def|1
|
|upkeep
|turn|8
|
|t:|1758353318
|move|p1a: Garganacl|Salt Cure|p2a: Kyogre from Wish
|-damage|p2a: Kyogre from Wish|88/100
|-start|p2a: Kyogre from Wish|Salt Cure
|move|p2a: Kyogre from Wish|Body Press|p1a: Garganacl
|-supereffective|p1a: Garganacl
|-damage|p1a: Garganacl|45/100
|
|-heal|p1a: Garganacl|51/100|[from] item: Leftovers
|-damage|p2a: Kyogre from Wish|63/100|[from] Salt Cure
|upkeep
|turn|9
|
|t:|1758353332
|switch|p1a: Corviknight|Corviknight, F|100/100
|move|p2a: Kyogre from Wish|Body Press|p1a: Corviknight
|-damage|p1a: Corviknight|65/100
|
|-heal|p1a: Corviknight|71/100|[from] item: Leftovers
|-damage|p2a: Kyogre from Wish|38/100|[from] Salt Cure
|upkeep
|turn|10
|
|t:|1758353345
|switch|p2a: Brachiosaurus|Raging Bolt|100/100
|move|p1a: Corviknight|Iron Defense|p1a: Corviknight
|-boost|p1a: Corviknight|def|2
|
|-heal|p1a: Corviknight|77/100|[from] item: Leftovers
|upkeep
|turn|11
|
|t:|1758353361
|switch|p1a: Garganacl|Garganacl, F|51/100
|move|p2a: Brachiosaurus|Draco Meteor|p1a: Garganacl
|-damage|p1a: Garganacl|0 fnt
|-unboost|p2a: Brachiosaurus|spa|2
|faint|p1a: Garganacl
|
|upkeep
|
|t:|1758353371
|switch|p1a: Gliscor|Gliscor, M|100/100 tox
|turn|12
|
|t:|1758353376
|-end|p2a: Brachiosaurus|Protosynthesis|[silent]
|switch|p2a: Kyogre from Wish|Dondozo, M|38/100
|move|p1a: Gliscor|Earthquake|p2a: Kyogre from Wish
|-damage|p2a: Kyogre from Wish|19/100
|
|upkeep
|turn|13
|
|t:|1758353385
|move|p1a: Gliscor|Knock Off|p2a: Kyogre from Wish
|-damage|p2a: Kyogre from Wish|7/100
|-damage|p1a: Gliscor|84/100 tox|[from] item: Rocky Helmet|[of] p2a: Kyogre from Wish
|-enditem|p2a: Kyogre from Wish|Rocky Helmet|[from] move: Knock Off|[of] p1a: Gliscor
|move|p2a: Kyogre from Wish|Rest|p2a: Kyogre from Wish
|-status|p2a: Kyogre from Wish|slp|[from] move: Rest
|-heal|p2a: Kyogre from Wish|100/100 slp|[silent]
|
|-heal|p1a: Gliscor|96/100 tox|[from] ability: Poison Heal
|upkeep
|turn|14
|
|t:|1758353399
|switch|p1a: Hatterene|Hatterene, F|100/100
|cant|p2a: Kyogre from Wish|slp
|move|p2a: Kyogre from Wish|Sleep Talk|p2a: Kyogre from Wish
|move|p2a: Kyogre from Wish|Rest||[from] move: Sleep Talk|[still]
|-fail|p2a: Kyogre from Wish
|
|upkeep
|turn|15
|
|t:|1758353411
|switch|p2a: Kasane Teto|Scizor, F|59/100
|move|p1a: Hatterene|Dazzling Gleam|p2a: Kasane Teto
|-resisted|p2a: Kasane Teto
|-damage|p2a: Kasane Teto|32/100
|
|upkeep
|turn|16
|
|t:|1758353420
|switch|p1a: Dondozo|Dondozo, F|100/100
|move|p2a: Kasane Teto|Bullet Punch|p1a: Dondozo
|-resisted|p1a: Dondozo
|-damage|p1a: Dondozo|93/100
|
|-heal|p1a: Dondozo|99/100|[from] item: Leftovers
|upkeep
|turn|17
|
|t:|1758353429
|move|p2a: Kasane Teto|U-turn|p1a: Dondozo
|-damage|p1a: Dondozo|79/100
|
|t:|1758353433
|switch|p2a: Brachiosaurus|Raging Bolt|100/100|[from] U-turn
|move|p1a: Dondozo|Body Press|p2a: Brachiosaurus
|-damage|p2a: Brachiosaurus|73/100
|
|-heal|p1a: Dondozo|86/100|[from] item: Leftovers
|upkeep
|turn|18
|
|t:|1758353448
|move|p2a: Brachiosaurus|Draco Meteor|p1a: Dondozo
|-crit|p1a: Dondozo
|-damage|p1a: Dondozo|0 fnt
|-unboost|p2a: Brachiosaurus|spa|2
|faint|p1a: Dondozo
|
|upkeep
|
|t:|1758353456
|switch|p1a: Gliscor|Gliscor, M|96/100 tox
|turn|19
|
|t:|1758353466
|-end|p2a: Brachiosaurus|Protosynthesis|[silent]
|switch|p2a: Kyogre from Wish|Dondozo, M|100/100 slp
|move|p1a: Gliscor|Earthquake|p2a: Kyogre from Wish
|-damage|p2a: Kyogre from Wish|81/100 slp
|
|-heal|p1a: Gliscor|100/100 tox|[from] ability: Poison Heal
|upkeep
|turn|20
|
|t:|1758353477
|switch|p1a: Hatterene|Hatterene, F|100/100
|cant|p2a: Kyogre from Wish|slp
|move|p2a: Kyogre from Wish|Sleep Talk|p2a: Kyogre from Wish
|move|p2a: Kyogre from Wish|Body Press|p1a: Hatterene|[from] move: Sleep Talk
|-resisted|p1a: Hatterene
|-damage|p1a: Hatterene|93/100
|
|-heal|p1a: Hatterene|99/100|[from] item: Leftovers
|upkeep
|turn|21
|
|t:|1758353492
|switch|p2a: Wayne|Gliscor, M|100/100
|move|p1a: Hatterene|Dazzling Gleam|p2a: Wayne
|-damage|p2a: Wayne|60/100
|
|-heal|p1a: Hatterene|100/100|[from] item: Leftovers
|-status|p2a: Wayne|tox|[from] item: Toxic Orb
|upkeep
|turn|22
|
|t:|1758353505
|move|p2a: Wayne|Toxic|p1a: Hatterene
|move|p1a: Hatterene|Toxic|p2a: Wayne|[from] ability: Magic Bounce|[miss]
|-miss|p1a: Hatterene|p2a: Wayne
|move|p1a: Hatterene|Dazzling Gleam|p2a: Wayne
|-damage|p2a: Wayne|22/100 tox
|
|-heal|p2a: Wayne|34/100 tox|[from] ability: Poison Heal
|upkeep
|turn|23
|
|t:|1758353516
|move|p2a: Wayne|Protect|p2a: Wayne
|-singleturn|p2a: Wayne|Protect
|move|p1a: Hatterene|Dazzling Gleam|p2a: Wayne
|-activate|p2a: Wayne|move: Protect
|
|-heal|p2a: Wayne|47/100 tox|[from] ability: Poison Heal
|upkeep
|turn|24
|
|t:|1758353524
|move|p2a: Wayne|Stealth Rock|p1a: Hatterene
|move|p1a: Hatterene|Stealth Rock|p2a: Wayne|[from] ability: Magic Bounce
|-sidestart|p2: Jzcool|move: Stealth Rock
|move|p1a: Hatterene|Dazzling Gleam|p2a: Wayne
|-damage|p2a: Wayne|8/100 tox
|
|-heal|p2a: Wayne|21/100 tox|[from] ability: Poison Heal
|upkeep
|turn|25
|
|t:|1758353539
|move|p2a: Wayne|Earthquake|p1a: Hatterene
|-damage|p1a: Hatterene|65/100
|move|p1a: Hatterene|Dazzling Gleam|p2a: Wayne
|-damage|p2a: Wayne|0 fnt
|faint|p2a: Wayne
|
|-heal|p1a: Hatterene|71/100|[from] item: Leftovers
|upkeep
|
|t:|1758353550
|switch|p2a: Kasane Teto|Scizor, F|32/100
|turn|26
|
|t:|1758353555
|move|p2a: Kasane Teto|Defog|p1a: Hatterene
|move|p1a: Hatterene|Defog|p2a: Kasane Teto|[from] ability: Magic Bounce
|-unboost|p2a: Kasane Teto|evasion|1
|-sideend|p2: Jzcool|Stealth Rock|[from] move: Defog|[of] p1a: Hatterene
|move|p1a: Hatterene|Mystical Fire|p2a: Kasane Teto
|-supereffective|p2a: Kasane Teto
|-crit|p2a: Kasane Teto
|-damage|p2a: Kasane Teto|0 fnt
|faint|p2a: Kasane Teto
|
|-heal|p1a: Hatterene|77/100|[from] item: Leftovers
|upkeep
|
|t:|1758353566
|switch|p2a: Colonel Sanders|Blaziken, M|100/100
|turn|27
|
|t:|1758353576
|move|p2a: Colonel Sanders|Protect|p2a: Colonel Sanders
|-singleturn|p2a: Colonel Sanders|Protect
|move|p1a: Hatterene|Dazzling Gleam|p2a: Colonel Sanders
|-activate|p2a: Colonel Sanders|move: Protect
|
|-heal|p1a: Hatterene|83/100|[from] item: Leftovers
|-ability|p2a: Colonel Sanders|Speed Boost|boost
|-boost|p2a: Colonel Sanders|spe|1
|upkeep
|turn|28
|
|t:|1758353586
|move|p2a: Colonel Sanders|Swords Dance|p2a: Colonel Sanders
|-boost|p2a: Colonel Sanders|atk|2
|move|p1a: Hatterene|Dazzling Gleam|p2a: Colonel Sanders
|-damage|p2a: Colonel Sanders|30/100
|
|-heal|p2a: Colonel Sanders|36/100|[from] item: Leftovers
|-heal|p1a: Hatterene|89/100|[from] item: Leftovers
|-ability|p2a: Colonel Sanders|Speed Boost|boost
|-boost|p2a: Colonel Sanders|spe|1
|upkeep
|turn|29
|
|t:|1758353596
|move|p2a: Colonel Sanders|Protect|p2a: Colonel Sanders
|-singleturn|p2a: Colonel Sanders|Protect
|move|p1a: Hatterene|Dazzling Gleam|p2a: Colonel Sanders
|-activate|p2a: Colonel Sanders|move: Protect
|
|-heal|p2a: Colonel Sanders|42/100|[from] item: Leftovers
|-heal|p1a: Hatterene|95/100|[from] item: Leftovers
|-ability|p2a: Colonel Sanders|Speed Boost|boost
|-boost|p2a: Colonel Sanders|spe|1
|upkeep
|turn|30
|
|t:|1758353607
|move|p2a: Colonel Sanders|Flare Blitz|p1a: Hatterene
|-damage|p1a: Hatterene|0 fnt
|faint|p1a: Hatterene
|-damage|p2a: Colonel Sanders|9/100|[from] Recoil
|
|-heal|p2a: Colonel Sanders|15/100|[from] item: Leftovers
|-ability|p2a: Colonel Sanders|Speed Boost|boost
|-boost|p2a: Colonel Sanders|spe|1
|upkeep
|
|t:|1758353617
|switch|p1a: Gliscor|Gliscor, M|100/100 tox
|turn|31
|
|t:|1758353622
|move|p2a: Colonel Sanders|Protect|p2a: Colonel Sanders
|-singleturn|p2a: Colonel Sanders|Protect
|move|p1a: Gliscor|Earthquake|p2a: Colonel Sanders
|-activate|p2a: Colonel Sanders|move: Protect
|
|-heal|p2a: Colonel Sanders|21/100|[from] item: Leftovers
|-ability|p2a: Colonel Sanders|Speed Boost|boost
|-boost|p2a: Colonel Sanders|spe|1
|upkeep
|turn|32
|
|t:|1758353632
|move|p2a: Colonel Sanders|Close Combat|p1a: Gliscor
|-resisted|p1a: Gliscor
|-damage|p1a: Gliscor|52/100 tox
|-unboost|p2a: Colonel Sanders|def|1
|-unboost|p2a: Colonel Sanders|spd|1
|move|p1a: Gliscor|Earthquake|p2a: Colonel Sanders
|-supereffective|p2a: Colonel Sanders
|-damage|p2a: Colonel Sanders|0 fnt
|faint|p2a: Colonel Sanders
|
|-heal|p1a: Gliscor|65/100 tox|[from] ability: Poison Heal
|upkeep
|
|t:|1758353652
|switch|p2a: Kyogre from Wish|Dondozo, M|81/100 slp
|turn|33
|
|t:|1758353663
|move|p1a: Gliscor|Brick Break|p2a: Kyogre from Wish
|-damage|p2a: Kyogre from Wish|71/100 slp
|-curestatus|p2a: Kyogre from Wish|slp|[msg]
|move|p2a: Kyogre from Wish|Curse|p2a: Kyogre from Wish
|-unboost|p2a: Kyogre from Wish|spe|1
|-boost|p2a: Kyogre from Wish|atk|1
|-boost|p2a: Kyogre from Wish|def|1
|
|-heal|p1a: Gliscor|77/100 tox|[from] ability: Poison Heal
|upkeep
|turn|34
|
|t:|1758353678
|move|p1a: Gliscor|Sludge Bomb|p2a: Kyogre from Wish
|-crit|p2a: Kyogre from Wish
|-damage|p2a: Kyogre from Wish|58/100
|-status|p2a: Kyogre from Wish|psn
|move|p2a: Kyogre from Wish|Curse|p2a: Kyogre from Wish
|-unboost|p2a: Kyogre from Wish|spe|1
|-boost|p2a: Kyogre from Wish|atk|1
|-boost|p2a: Kyogre from Wish|def|1
|
|-heal|p1a: Gliscor|89/100 tox|[from] ability: Poison Heal
|-damage|p2a: Kyogre from Wish|45/100 psn|[from] psn
|upkeep
|turn|35
|
|t:|1758353693
|move|p1a: Gliscor|Brick Break|p2a: Kyogre from Wish
|-crit|p2a: Kyogre from Wish
|-damage|p2a: Kyogre from Wish|30/100 psn
|move|p2a: Kyogre from Wish|Rest|p2a: Kyogre from Wish
|-status|p2a: Kyogre from Wish|slp|[from] move: Rest
|-heal|p2a: Kyogre from Wish|100/100 slp|[silent]
|
|-heal|p1a: Gliscor|100/100 tox|[from] ability: Poison Heal
|upkeep
|turn|36
|
|t:|1758353705
|move|p1a: Gliscor|Sludge Bomb|p2a: Kyogre from Wish
|-damage|p2a: Kyogre from Wish|91/100 slp
|cant|p2a: Kyogre from Wish|slp
|move|p2a: Kyogre from Wish|Sleep Talk|p2a: Kyogre from Wish
|move|p2a: Kyogre from Wish|Curse|p2a: Kyogre from Wish|[from] move: Sleep Talk
|-unboost|p2a: Kyogre from Wish|spe|1
|-boost|p2a: Kyogre from Wish|atk|1
|-boost|p2a: Kyogre from Wish|def|1
|
|upkeep
|turn|37
|
|t:|1758353717
|move|p1a: Gliscor|Sludge Bomb|p2a: Kyogre from Wish
|-damage|p2a: Kyogre from Wish|81/100 slp
|cant|p2a: Kyogre from Wish|slp
|move|p2a: Kyogre from Wish|Sleep Talk|p2a: Kyogre from Wish
|move|p2a: Kyogre from Wish|Body Press|p1a: Gliscor|[from] move: Sleep Talk
|-resisted|p1a: Gliscor
|-damage|p1a: Gliscor|71/100 tox
|
|-heal|p1a: Gliscor|84/100 tox|[from] ability: Poison Heal
|upkeep
|turn|38
|
|t:|1758353729
|move|p1a: Gliscor|Earthquake|p2a: Kyogre from Wish
|-damage|p2a: Kyogre from Wish|73/100 slp
|-curestatus|p2a: Kyogre from Wish|slp|[msg]
|move|p2a: Kyogre from Wish|Sleep Talk||[still]
|-fail|p2a: Kyogre from Wish
|
|-heal|p1a: Gliscor|96/100 tox|[from] ability: Poison Heal
|upkeep
|turn|39
|
|t:|1758353742
|move|p1a: Gliscor|Sludge Bomb|p2a: Kyogre from Wish
|-damage|p2a: Kyogre from Wish|64/100
|-status|p2a: Kyogre from Wish|psn
|move|p2a: Kyogre from Wish|Curse|p2a: Kyogre from Wish
|-unboost|p2a: Kyogre from Wish|spe|1
|-boost|p2a: Kyogre from Wish|atk|1
|-boost|p2a: Kyogre from Wish|def|1
|
|-heal|p1a: Gliscor|100/100 tox|[from] ability: Poison Heal
|-damage|p2a: Kyogre from Wish|51/100 psn|[from] psn
|upkeep
|turn|40
|
|t:|1758353756
|move|p1a: Gliscor|Sludge Bomb|p2a: Kyogre from Wish
|-damage|p2a: Kyogre from Wish|42/100 psn
|move|p2a: Kyogre from Wish|Rest|p2a: Kyogre from Wish
|-status|p2a: Kyogre from Wish|slp|[from] move: Rest
|-heal|p2a: Kyogre from Wish|100/100 slp|[silent]
|
|upkeep
|turn|41
|
|t:|1758353764
|move|p1a: Gliscor|Sludge Bomb|p2a: Kyogre from Wish
|-damage|p2a: Kyogre from Wish|91/100 slp
|cant|p2a: Kyogre from Wish|slp
|move|p2a: Kyogre from Wish|Sleep Talk|p2a: Kyogre from Wish
|move|p2a: Kyogre from Wish|Rest||[from] move: Sleep Talk|[still]
|-fail|p2a: Kyogre from Wish
|
|upkeep
|turn|42
|c|☆Jzcool|we are having fun right
|
|t:|1758353777
|move|p1a: Gliscor|Sludge Bomb|p2a: Kyogre from Wish
|-damage|p2a: Kyogre from Wish|82/100 slp
|cant|p2a: Kyogre from Wish|slp
|move|p2a: Kyogre from Wish|Sleep Talk|p2a: Kyogre from Wish
|move|p2a: Kyogre from Wish|Rest||[from] move: Sleep Talk|[still]
|-fail|p2a: Kyogre from Wish
|
|upkeep
|turn|43
|
|t:|1758353786
|move|p1a: Gliscor|Sludge Bomb|p2a: Kyogre from Wish
|-damage|p2a: Kyogre from Wish|72/100 slp
|-curestatus|p2a: Kyogre from Wish|slp|[msg]
|move|p2a: Kyogre from Wish|Curse|p2a: Kyogre from Wish
|-unboost|p2a: Kyogre from Wish|spe|1
|-boost|p2a: Kyogre from Wish|atk|1
|-boost|p2a: Kyogre from Wish|def|1
|
|upkeep
|turn|44
|
|t:|1758353796
|move|p1a: Gliscor|Sludge Bomb|p2a: Kyogre from Wish
|-damage|p2a: Kyogre from Wish|62/100
|move|p2a: Kyogre from Wish|Curse|p2a: Kyogre from Wish
|-unboost|p2a: Kyogre from Wish|spe|1
|-boost|p2a: Kyogre from Wish|atk|1
|-boost|p2a: Kyogre from Wish|def|1
|
|upkeep
|turn|45
|
|t:|1758353806
|-terastallize|p2a: Kyogre from Wish|Fighting
|move|p1a: Gliscor|Sludge Bomb|p2a: Kyogre from Wish
|-damage|p2a: Kyogre from Wish|52/100
|move|p2a: Kyogre from Wish|Body Press|p1a: Gliscor
|-resisted|p1a: Gliscor
|-damage|p1a: Gliscor|36/100 tox
|
|-heal|p1a: Gliscor|49/100 tox|[from] ability: Poison Heal
|upkeep
|turn|46
|
|t:|1758353823
|move|p1a: Gliscor|Brick Break|p2a: Kyogre from Wish
|-damage|p2a: Kyogre from Wish|49/100
|move|p2a: Kyogre from Wish|Body Press|p1a: Gliscor
|-resisted|p1a: Gliscor
|-damage|p1a: Gliscor|0 fnt
|faint|p1a: Gliscor
|
|upkeep
|
|t:|1758353832
|switch|p1a: Corviknight|Corviknight, F|77/100
|turn|47
|
|t:|1758353837
|move|p1a: Corviknight|Iron Defense|p1a: Corviknight
|-boost|p1a: Corviknight|def|2
|move|p2a: Kyogre from Wish|Body Press|p1a: Corviknight
|-damage|p1a: Corviknight|0 fnt
|faint|p1a: Corviknight
|
|win|Jzcool
|raw|wdsr's rating: 1087 &rarr; <strong>1068</strong><br />(-19 for losing)
|raw|Jzcool's rating: 1142 &rarr; <strong>1163</strong><br />(+21 for winning)
