|j|☆Sleepy togepi
|j|☆izuku_mdrya
|t:|1758317644
|gametype|singles
|player|p1|Sleepy togepi|youngn|1421
|player|p2|izuku_mdrya|red|1458
|gen|9
|tier|[Gen 9] OU
|rated|
|rule|HP Percentage Mod: HP is shown in percentages
|rule|Endless Battle Clause: Forcing endless battles is banned
|rule|Species Clause: Limit one of each Pokémon
|rule|OHKO Clause: OHKO moves are banned
|rule|Evasion Items Clause: Evasion items are banned
|rule|Evasion Moves Clause: Evasion moves are banned
|rule|Evasion Abilities Clause: Evasion abilities are banned
|rule|Sleep Moves Clause: Sleep-inducing moves are banned
|clearpoke
|poke|p1|Leafeon, F|
|poke|p1|Torkoal, M|
|poke|p1|Great Tusk|
|poke|p1|Iron Moth|
|poke|p1|Dragapult, F|
|poke|p1|Ribombee, F|
|poke|p2|Skeledirge, F|
|poke|p2|Ogerpon-Wellspring, F|
|poke|p2|Garchomp, M|
|poke|p2|Zapdos|
|poke|p2|Iron Valiant|
|poke|p2|Ribombee, F|
|teampreview
|
|t:|1758317649
|teamsize|p1|6
|teamsize|p2|6
|start
|switch|p1a: Ribombee|Ribombee, F, shiny|100/100
|switch|p2a: Luka Modric|Ribombee, F|100/100
|turn|1
|inactive|Battle timer is ON: inactive players will automatically lose when time's up. (requested by Sleepy togepi)
|
|t:|1758317654
|move|p1a: Ribombee|Imprison|p1a: Ribombee
|-start|p1a: Ribombee|move: Imprison
|cant|p2a: Luka Modric|move: Imprison|Sticky Web
|
|upkeep
|turn|2
|
|t:|1758317675
|switch|p2a: Sergio Ramos|Zapdos|100/100
|move|p1a: Ribombee|Sticky Web|p2a: Sergio Ramos
|-sidestart|p2: izuku_mdrya|move: Sticky Web
|
|upkeep
|turn|3
|
|t:|1758317682
|switch|p1a: Torkoal|Torkoal, M|100/100
|-weather|SunnyDay|[from] ability: Drought|[of] p1a: Torkoal
|move|p2a: Sergio Ramos|Hurricane|p1a: Torkoal
|-damage|p1a: Torkoal|31/100
|
|-weather|SunnyDay|[upkeep]
|upkeep
|turn|4
|
|t:|1758317697
|switch|p1a: Great Tusk|Great Tusk, shiny|100/100
|-activate|p1a: Great Tusk|ability: Protosynthesis
|-start|p1a: Great Tusk|protosynthesisatk
|move|p2a: Sergio Ramos|Discharge|p1a: Great Tusk
|-immune|p1a: Great Tusk
|
|-weather|SunnyDay|[upkeep]
|upkeep
|turn|5
|
|t:|1758317703
|move|p1a: Great Tusk|Ice Spinner|p2a: Sergio Ramos
|-supereffective|p2a: Sergio Ramos
|-damage|p2a: Sergio Ramos|24/100
|move|p2a: Sergio Ramos|Hurricane|p1a: Great Tusk
|-supereffective|p1a: Great Tusk
|-damage|p1a: Great Tusk|0 fnt
|faint|p1a: Great Tusk
|-end|p1a: Great Tusk|Protosynthesis|[silent]
|
|-weather|SunnyDay|[upkeep]
|-heal|p2a: Sergio Ramos|31/100|[from] item: Leftovers
|upkeep
|
|t:|1758317716
|switch|p1a: Iron Moth|Iron Moth, shiny|100/100
|-enditem|p1a: Iron Moth|Booster Energy
|-activate|p1a: Iron Moth|ability: Quark Drive|[fromitem]
|-start|p1a: Iron Moth|quarkdrivespa
|turn|6
|
|t:|1758317721
|move|p1a: Iron Moth|Fiery Dance|p2a: Sergio Ramos
|-damage|p2a: Sergio Ramos|0 fnt
|faint|p2a: Sergio Ramos
|
|-weather|SunnyDay|[upkeep]
|upkeep
|
|t:|1758317726
|switch|p2a: Luka Modric|Ribombee, F|100/100
|-activate|p2a: Luka Modric|move: Sticky Web
|-unboost|p2a: Luka Modric|spe|1
|turn|7
|
|t:|1758317730
|move|p1a: Iron Moth|Fiery Dance|p2a: Luka Modric
|-supereffective|p2a: Luka Modric
|-enditem|p2a: Luka Modric|Focus Sash
|-damage|p2a: Luka Modric|1/100
|move|p2a: Luka Modric|Stun Spore|p1a: Iron Moth
|-status|p1a: Iron Moth|par
|
|-weather|SunnyDay|[upkeep]
|upkeep
|turn|8
|
|t:|1758317743
|move|p2a: Luka Modric|Sticky Web|p1a: Iron Moth
|-sidestart|p1: Sleepy togepi|move: Sticky Web
|move|p1a: Iron Moth|Fiery Dance|p2a: Luka Modric
|-supereffective|p2a: Luka Modric
|-damage|p2a: Luka Modric|0 fnt
|faint|p2a: Luka Modric
|
|-weather|SunnyDay|[upkeep]
|upkeep
|
|t:|1758317747
|switch|p2a: Casemiro|Garchomp, M|100/100
|-activate|p2a: Casemiro|move: Sticky Web
|-unboost|p2a: Casemiro|spe|1
|turn|9
|
|t:|1758317754
|move|p2a: Casemiro|Swords Dance|p2a: Casemiro
|-boost|p2a: Casemiro|atk|2
|move|p1a: Iron Moth|Energy Ball|p2a: Casemiro
|-damage|p2a: Casemiro|52/100
|
|-weather|SunnyDay|[upkeep]
|upkeep
|turn|10
|
|t:|1758317758
|-end|p1a: Iron Moth|Quark Drive|[silent]
|switch|p1a: Ribombee|Ribombee, F, shiny|100/100
|-activate|p1a: Ribombee|move: Sticky Web
|-unboost|p1a: Ribombee|spe|1
|move|p2a: Casemiro|Scale Shot|p1a: Ribombee
|-immune|p1a: Ribombee
|
|-weather|none
|upkeep
|turn|11
|
|t:|1758317767
|move|p1a: Ribombee|Moonblast|p2a: Casemiro
|-supereffective|p2a: Casemiro
|-damage|p2a: Casemiro|0 fnt
|faint|p2a: Casemiro
|
|upkeep
|
|t:|1758317770
|switch|p2a: Toni Kross|Skeledirge, F|100/100
|turn|12
|
|t:|1758317775
|move|p1a: Ribombee|Stun Spore|p2a: Toni Kross|[miss]
|-miss|p1a: Ribombee|p2a: Toni Kross
|move|p2a: Toni Kross|Torch Song|p1a: Ribombee
|-supereffective|p1a: Ribombee
|-enditem|p1a: Ribombee|Focus Sash
|-damage|p1a: Ribombee|1/100
|-boost|p2a: Toni Kross|spa|1
|
|upkeep
|turn|13
|
|t:|1758317782
|move|p1a: Ribombee|Stun Spore|p2a: Toni Kross
|-status|p2a: Toni Kross|par
|move|p2a: Toni Kross|Torch Song|p1a: Ribombee
|-supereffective|p1a: Ribombee
|-damage|p1a: Ribombee|0 fnt
|-boost|p2a: Toni Kross|spa|1
|faint|p1a: Ribombee
|
|upkeep
|
|t:|1758317792
|switch|p1a: Dragapult|Dragapult, F, shiny|100/100
|-activate|p1a: Dragapult|move: Sticky Web
|-unboost|p1a: Dragapult|spe|1
|turn|14
|
|t:|1758317797
|switch|p1a: Torkoal|Torkoal, M|31/100
|-activate|p1a: Torkoal|move: Sticky Web
|-unboost|p1a: Torkoal|spe|1
|-weather|SunnyDay|[from] ability: Drought|[of] p1a: Torkoal
|-terastallize|p2a: Toni Kross|Fairy
|move|p2a: Toni Kross|Will-O-Wisp|p1a: Torkoal
|-immune|p1a: Torkoal
|
|-weather|SunnyDay|[upkeep]
|upkeep
|turn|15
|
|t:|1758317807
|move|p2a: Toni Kross|Torch Song|p1a: Torkoal
|-resisted|p1a: Torkoal
|-damage|p1a: Torkoal|0 fnt
|-boost|p2a: Toni Kross|spa|1
|faint|p1a: Torkoal
|
|-weather|SunnyDay|[upkeep]
|upkeep
|
|t:|1758317816
|switch|p1a: Iron Moth|Iron Moth, shiny|100/100 par
|-activate|p1a: Iron Moth|move: Sticky Web
|-unboost|p1a: Iron Moth|spe|1
|turn|16
|
|t:|1758317819
|cant|p1a: Iron Moth|par
|cant|p2a: Toni Kross|par
|
|-weather|SunnyDay|[upkeep]
|upkeep
|turn|17
|
|t:|1758317823
|move|p1a: Iron Moth|Sludge Wave|p2a: Toni Kross
|-supereffective|p2a: Toni Kross
|-damage|p2a: Toni Kross|27/100 par
|move|p2a: Toni Kross|Hex|p1a: Iron Moth
|-damage|p1a: Iron Moth|0 fnt
|faint|p1a: Iron Moth
|-end|p1a: Iron Moth|Quark Drive|[silent]
|
|-weather|SunnyDay|[upkeep]
|upkeep
|
|t:|1758317832
|switch|p1a: Leafeon|Leafeon, F|100/100
|-activate|p1a: Leafeon|move: Sticky Web
|-unboost|p1a: Leafeon|spe|1
|turn|18
|
|t:|1758317836
|move|p1a: Leafeon|Solar Blade||[still]
|-prepare|p1a: Leafeon|Solar Blade
|-anim|p1a: Leafeon|Solar Blade|p2a: Toni Kross
|-damage|p2a: Toni Kross|0 fnt
|faint|p2a: Toni Kross
|-damage|p1a: Leafeon|91/100|[from] item: Life Orb
|
|-weather|SunnyDay|[upkeep]
|upkeep
|
|t:|1758317843
|switch|p2a: Cristiano Ronaldo|Iron Valiant|100/100
|-activate|p2a: Cristiano Ronaldo|move: Sticky Web
|-unboost|p2a: Cristiano Ronaldo|spe|1
|-enditem|p2a: Cristiano Ronaldo|Booster Energy
|-activate|p2a: Cristiano Ronaldo|ability: Quark Drive|[fromitem]
|-start|p2a: Cristiano Ronaldo|quarkdriveatk
|turn|19
|
|t:|1758317849
|-terastallize|p1a: Leafeon|Fire
|move|p1a: Leafeon|Tera Blast|p2a: Cristiano Ronaldo|[anim] Tera Blast Fire
|-damage|p2a: Cristiano Ronaldo|0 fnt
|faint|p2a: Cristiano Ronaldo
|-end|p2a: Cristiano Ronaldo|Quark Drive|[silent]
|-damage|p1a: Leafeon|81/100|[from] item: Life Orb
|
|-weather|SunnyDay|[upkeep]
|upkeep
|
|t:|1758317855
|switch|p2a: Karin Benzema|Ogerpon-Wellspring, F|100/100
|-activate|p2a: Karin Benzema|move: Sticky Web
|-unboost|p2a: Karin Benzema|spe|1
|turn|20
|
|t:|1758317857
|move|p1a: Leafeon|Solar Blade||[still]
|-prepare|p1a: Leafeon|Solar Blade
|-anim|p1a: Leafeon|Solar Blade|p2a: Karin Benzema
|-damage|p2a: Karin Benzema|0 fnt
|faint|p2a: Karin Benzema
|-damage|p1a: Leafeon|71/100|[from] item: Life Orb
|
|win|Sleepy togepi
|raw|Sleepy togepi's rating: 1421 &rarr; <strong>1443</strong><br />(+22 for winning)
|raw|izuku_mdrya's rating: 1458 &rarr; <strong>1436</strong><br />(-22 for losing)
|l|☆Sleepy togepi
|player|p1|
|l|☆izuku_mdrya
|player|p2|
