|badge|p1|bronze|gen9doublesou|100-6
|uhtml|medal-msg|<div class="broadcast-blue">Curious what those medals under the avatar are? PS now has Ladder Seasons! For more information, check out the <a href="https://www.smogon.com/forums/threads/3740067/">thread on Smogon.</a></div>
|j|☆MyPokemonRBad12
|j|☆tor2009
|inactive|Battle timer is ON: inactive players will automatically lose when time's up.
|t:|1758358372
|gametype|singles
|player|p1|MyPokemonRBad12|170|
|player|p2|tor2009|miku-ground|
|gen|9
|tier|[Gen 9] OU
|rated|Tournament battle
|rule|HP Percentage Mod: HP is shown in percentages
|rule|Endless Battle Clause: Forcing endless battles is banned
|rule|Species Clause: Limit one of each Pokémon
|rule|OHKO Clause: OHKO moves are banned
|rule|Evasion Items Clause: Evasion items are banned
|rule|Evasion Moves Clause: Evasion moves are banned
|rule|Evasion Abilities Clause: Evasion abilities are banned
|rule|Sleep Moves Clause: Sleep-inducing moves are banned
|clearpoke
|poke|p1|Great Tusk|
|poke|p1|Heatran, M|
|poke|p1|Weavile, M|
|poke|p1|Primarina, M|
|poke|p1|Ogerpon, F|
|poke|p1|Pecharunt|
|poke|p2|Dondozo, F|
|poke|p2|Blissey, F|
|poke|p2|Corviknight, M|
|poke|p2|Weezing-Galar, F|
|poke|p2|Gliscor, M|
|poke|p2|Toxapex, F|
|teampreview
|j|*Lady Monita ☀
|inactive|tor2009 also wants the timer to be on.
|c|☆MyPokemonRBad12|hf
|
|t:|1758358392
|teamsize|p1|6
|teamsize|p2|6
|start
|switch|p1a: Celestine|Primarina, M, shiny|100/100
|switch|p2a: Weezing|Weezing-Galar, F|100/100
|-ability|p2a: Weezing|Neutralizing Gas
|turn|1
|j| Etjx
|
|t:|1758358402
|switch|p1a: Overseer|Pecharunt|100/100
|move|p2a: Weezing|Will-O-Wisp|p1a: Overseer
|-status|p1a: Overseer|brn
|
|-damage|p1a: Overseer|94/100 brn|[from] brn
|upkeep
|turn|2
|l| Etjx
|
|t:|1758358409
|-end|p2a: Weezing|ability: Neutralizing Gas
|switch|p2a: Corviknight|Corviknight, M|100/100
|-ability|p2a: Corviknight|Pressure
|move|p1a: Overseer|Shadow Ball|p2a: Corviknight
|-damage|p2a: Corviknight|78/100
|
|-heal|p2a: Corviknight|84/100|[from] item: Leftovers
|-damage|p1a: Overseer|88/100 brn|[from] brn
|upkeep
|turn|3
|
|t:|1758358424
|switch|p2a: Blissey|Blissey, F|100/100
|move|p1a: Overseer|Parting Shot|p2a: Blissey
|-unboost|p2a: Blissey|atk|1
|-unboost|p2a: Blissey|spa|1
|
|t:|1758358428
|switch|p1a: Behemoth|Great Tusk, shiny|100/100|[from] Parting Shot
|
|upkeep
|turn|4
|
|t:|1758358435
|-end|p1a: Behemoth|Protosynthesis|[silent]
|switch|p1a: Celestine|Primarina, M, shiny|100/100
|move|p2a: Blissey|Seismic Toss|p1a: Celestine
|-damage|p1a: Celestine|73/100
|
|upkeep
|turn|5
|
|t:|1758358441
|move|p1a: Celestine|Flip Turn|p2a: Blissey
|-damage|p2a: Blissey|85/100
|
|t:|1758358444
|switch|p1a: Behemoth|Great Tusk, shiny|100/100|[from] Flip Turn
|move|p2a: Blissey|Calm Mind|p2a: Blissey
|-boost|p2a: Blissey|spa|1
|-boost|p2a: Blissey|spd|1
|
|-heal|p2a: Blissey|91/100|[from] item: Leftovers
|upkeep
|turn|6
|
|t:|1758358449
|move|p1a: Behemoth|Close Combat|p2a: Blissey
|-supereffective|p2a: Blissey
|-damage|p2a: Blissey|0 fnt
|-unboost|p1a: Behemoth|def|1
|-unboost|p1a: Behemoth|spd|1
|faint|p2a: Blissey
|
|upkeep
|
|t:|1758358453
|switch|p2a: Toxapex|Toxapex, F|100/100
|turn|7
|
|t:|1758358461
|switch|p2a: Gliscor|Gliscor, M|100/100
|-terastallize|p1a: Behemoth|Ground
|move|p1a: Behemoth|Headlong Rush|p2a: Gliscor
|-immune|p2a: Gliscor
|
|-status|p2a: Gliscor|tox|[from] item: Toxic Orb
|upkeep
|turn|8
|
|t:|1758358473
|-end|p1a: Behemoth|Protosynthesis|[silent]
|switch|p1a: Chaos|Heatran, M, shiny|100/100
|-item|p1a: Chaos|Air Balloon
|move|p2a: Gliscor|Protect||[still]
|-fail|p2a: Gliscor
|
|upkeep
|turn|9
|
|t:|1758358478
|move|p1a: Chaos|Magma Storm|p2a: Gliscor|[miss]
|-miss|p1a: Chaos|p2a: Gliscor
|move|p2a: Gliscor|Knock Off|p1a: Chaos
|-damage|p1a: Chaos|79/100
|-enditem|p1a: Chaos|Air Balloon
|
|upkeep
|turn|10
|
|t:|1758358482
|move|p1a: Chaos|Magma Storm|p2a: Gliscor|[miss]
|-miss|p1a: Chaos|p2a: Gliscor
|move|p2a: Gliscor|Earthquake|p1a: Chaos
|-supereffective|p1a: Chaos
|-damage|p1a: Chaos|0 fnt
|faint|p1a: Chaos
|
|upkeep
|c|☆MyPokemonRBad12|bruh
|
|t:|1758358491
|switch|p1a: Bandit|Weavile, M, shiny|100/100
|-ability|p1a: Bandit|Pressure
|turn|11
|
|t:|1758358495
|switch|p2a: Corviknight|Corviknight, M|84/100
|-ability|p2a: Corviknight|Pressure
|move|p1a: Bandit|Knock Off|p2a: Corviknight
|-damage|p2a: Corviknight|42/100
|-enditem|p2a: Corviknight|Leftovers|[from] move: Knock Off|[of] p1a: Bandit
|
|upkeep
|turn|12
|
|t:|1758358502
|switch|p1a: Overseer|Pecharunt|88/100 brn
|move|p2a: Corviknight|Roost|p2a: Corviknight
|-heal|p2a: Corviknight|92/100
|-singleturn|p2a: Corviknight|move: Roost
|
|-damage|p1a: Overseer|82/100 brn|[from] brn
|upkeep
|turn|13
|
|t:|1758358510
|switch|p2a: Gliscor|Gliscor, M|100/100 tox
|move|p1a: Overseer|Parting Shot|p2a: Gliscor
|-unboost|p2a: Gliscor|atk|1
|-unboost|p2a: Gliscor|spa|1
|
|t:|1758358522
|switch|p1a: Bandit|Weavile, M, shiny|100/100|[from] Parting Shot
|-ability|p1a: Bandit|Pressure
|
|upkeep
|turn|14
|
|t:|1758358529
|move|p2a: Gliscor|Protect|p2a: Gliscor
|-singleturn|p2a: Gliscor|Protect
|move|p1a: Bandit|Triple Axel|p2a: Gliscor
|-activate|p2a: Gliscor|move: Protect
|
|upkeep
|turn|15
|
|t:|1758358536
|switch|p1a: Anonymous|Ogerpon, F|100/100
|move|p2a: Gliscor|Earthquake|p1a: Anonymous
|-resisted|p1a: Anonymous
|-damage|p1a: Anonymous|87/100
|
|upkeep
|turn|16
|
|t:|1758358546
|move|p1a: Anonymous|Ivy Cudgel|p2a: Gliscor
|-damage|p2a: Gliscor|41/100 tox
|move|p2a: Gliscor|Spikes|p1a: Anonymous
|-sidestart|p1: MyPokemonRBad12|Spikes
|
|-heal|p2a: Gliscor|53/100 tox|[from] ability: Poison Heal
|upkeep
|turn|17
|
|t:|1758358553
|switch|p1a: Bandit|Weavile, M, shiny|100/100
|-damage|p1a: Bandit|88/100|[from] Spikes
|-ability|p1a: Bandit|Pressure
|switch|p2a: Corviknight|Corviknight, M|92/100
|-ability|p2a: Corviknight|Pressure
|
|upkeep
|turn|18
|
|t:|1758358562
|switch|p2a: Toxapex|Toxapex, F|100/100
|move|p1a: Bandit|Triple Axel|p2a: Toxapex
|-resisted|p2a: Toxapex
|-damage|p2a: Toxapex|95/100
|-resisted|p2a: Toxapex
|-damage|p2a: Toxapex|83/100
|-hitcount|p2a: Toxapex|2
|
|-heal|p2a: Toxapex|89/100|[from] item: Leftovers
|upkeep
|turn|19
|
|t:|1758358571
|switch|p1a: Overseer|Pecharunt|82/100 brn
|-damage|p1a: Overseer|70/100 brn|[from] Spikes
|switch|p2a: Weezing|Weezing-Galar, F|100/100
|-ability|p2a: Weezing|Neutralizing Gas
|
|-damage|p1a: Overseer|64/100 brn|[from] brn
|upkeep
|turn|20
|
|t:|1758358580
|move|p1a: Overseer|Parting Shot|p2a: Weezing
|-unboost|p2a: Weezing|atk|1
|-unboost|p2a: Weezing|spa|1
|
|t:|1758358583
|switch|p1a: Behemoth|Great Tusk, shiny, tera:Ground|100/100|[from] Parting Shot
|move|p2a: Weezing|Strange Steam|p1a: Behemoth
|-damage|p1a: Behemoth|75/100
|
|upkeep
|turn|21
|
|t:|1758358593
|move|p1a: Behemoth|Rapid Spin|p2a: Weezing
|-damage|p2a: Weezing|89/100
|-boost|p1a: Behemoth|spe|1
|-sideend|p1: MyPokemonRBad12|Spikes|[from] move: Rapid Spin|[of] p1a: Behemoth
|move|p2a: Weezing|Will-O-Wisp|p1a: Behemoth
|-status|p1a: Behemoth|brn
|
|-damage|p1a: Behemoth|68/100 brn|[from] brn
|upkeep
|turn|22
|
|t:|1758358604
|-end|p1a: Behemoth|Protosynthesis|[silent]
|switch|p1a: Celestine|Primarina, M, shiny|73/100
|move|p2a: Weezing|Strange Steam|p1a: Celestine
|-damage|p1a: Celestine|64/100
|
|upkeep
|turn|23
|
|t:|1758358613
|move|p2a: Weezing|Will-O-Wisp|p1a: Celestine
|-status|p1a: Celestine|brn
|move|p1a: Celestine|Psychic Noise|p2a: Weezing
|-supereffective|p2a: Weezing
|-damage|p2a: Weezing|14/100
|-start|p2a: Weezing|move: Heal Block
|
|-damage|p1a: Celestine|58/100 brn|[from] brn
|upkeep
|turn|24
|
|t:|1758358620
|move|p2a: Weezing|Pain Split|p1a: Celestine
|-sethp|p1a: Celestine|35/100 brn|[from] move: Pain Split|[silent]
|-sethp|p2a: Weezing|38/100|[from] move: Pain Split
|move|p1a: Celestine|Flip Turn|p2a: Weezing
|-damage|p2a: Weezing|34/100
|
|t:|1758358624
|switch|p1a: Bandit|Weavile, M, shiny|88/100|[from] Flip Turn
|
|-end|p2a: Weezing|move: Heal Block
|upkeep
|turn|25
|
|t:|1758358632
|move|p1a: Bandit|Triple Axel|p2a: Weezing
|-damage|p2a: Weezing|23/100
|-crit|p2a: Weezing
|-damage|p2a: Weezing|0 fnt
|faint|p2a: Weezing
|-end|p2a: Weezing|ability: Neutralizing Gas
|-ability|p1a: Bandit|Pressure
|-hitcount|p2: Weezing|2
|
|upkeep
|
|t:|1758358637
|switch|p2a: Dondozo|Dondozo, F|100/100
|turn|26
|
|t:|1758358642
|switch|p1a: Overseer|Pecharunt|64/100 brn
|move|p2a: Dondozo|Avalanche|p1a: Overseer
|-damage|p1a: Overseer|57/100 brn
|-damage|p2a: Dondozo|84/100|[from] item: Rocky Helmet|[of] p1a: Overseer
|
|-heal|p2a: Dondozo|90/100|[from] item: Leftovers
|-damage|p1a: Overseer|51/100 brn|[from] brn
|upkeep
|turn|27
|
|t:|1758358652
|switch|p2a: Toxapex|Toxapex, F|100/100
|move|p1a: Overseer|Recover|p1a: Overseer
|-heal|p1a: Overseer|100/100 brn
|
|-damage|p1a: Overseer|94/100 brn|[from] brn
|upkeep
|turn|28
|
|t:|1758358662
|move|p1a: Overseer|Shadow Ball|p2a: Toxapex
|-damage|p2a: Toxapex|86/100
|move|p2a: Toxapex|Toxic Spikes|p1a: Overseer
|-sidestart|p1: MyPokemonRBad12|move: Toxic Spikes
|
|-heal|p2a: Toxapex|92/100|[from] item: Leftovers
|-damage|p1a: Overseer|88/100 brn|[from] brn
|upkeep
|turn|29
|
|t:|1758358666
|move|p1a: Overseer|Shadow Ball|p2a: Toxapex
|-damage|p2a: Toxapex|76/100
|move|p2a: Toxapex|Toxic Spikes|p1a: Overseer
|-sidestart|p1: MyPokemonRBad12|move: Toxic Spikes
|
|-heal|p2a: Toxapex|82/100|[from] item: Leftovers
|-damage|p1a: Overseer|82/100 brn|[from] brn
|upkeep
|turn|30
|
|t:|1758358678
|switch|p2a: Gliscor|Gliscor, M|53/100 tox
|move|p1a: Overseer|Parting Shot|p2a: Gliscor
|-unboost|p2a: Gliscor|atk|1
|-unboost|p2a: Gliscor|spa|1
|
|t:|1758358686
|switch|p1a: Celestine|Primarina, M, shiny|35/100 brn|[from] Parting Shot
|
|-heal|p2a: Gliscor|66/100 tox|[from] ability: Poison Heal
|-damage|p1a: Celestine|29/100 brn|[from] brn
|upkeep
|turn|31
|
|t:|1758358695
|move|p2a: Gliscor|Protect|p2a: Gliscor
|-singleturn|p2a: Gliscor|Protect
|move|p1a: Celestine|Flip Turn|p2a: Gliscor
|-activate|p2a: Gliscor|move: Protect
|
|-heal|p2a: Gliscor|78/100 tox|[from] ability: Poison Heal
|-damage|p1a: Celestine|23/100 brn|[from] brn
|upkeep
|turn|32
|
|t:|1758358707
|switch|p2a: Dondozo|Dondozo, F|90/100
|move|p1a: Celestine|Flip Turn|p2a: Dondozo
|-resisted|p2a: Dondozo
|-damage|p2a: Dondozo|89/100
|
|t:|1758358710
|switch|p1a: Overseer|Pecharunt|82/100 brn|[from] Flip Turn
|-sideend|p1: MyPokemonRBad12|move: Toxic Spikes|[of] p1a: Overseer
|
|-heal|p2a: Dondozo|95/100|[from] item: Leftovers
|-damage|p1a: Overseer|76/100 brn|[from] brn
|upkeep
|turn|33
|
|t:|1758358713
|move|p1a: Overseer|Malignant Chain|p2a: Dondozo
|-damage|p2a: Dondozo|67/100
|-status|p2a: Dondozo|tox
|-start|p2a: Dondozo|confusion|[from] ability: Poison Puppeteer|[of] p1a: Overseer
|-activate|p2a: Dondozo|confusion
|move|p2a: Dondozo|Avalanche|p1a: Overseer
|-damage|p1a: Overseer|64/100 brn
|-damage|p2a: Dondozo|50/100 tox|[from] item: Rocky Helmet|[of] p1a: Overseer
|
|-heal|p2a: Dondozo|56/100 tox|[from] item: Leftovers
|-damage|p2a: Dondozo|50/100 tox|[from] psn
|-damage|p1a: Overseer|58/100 brn|[from] brn
|upkeep
|turn|34
|
|t:|1758358722
|move|p1a: Overseer|Parting Shot|p2a: Dondozo
|-unboost|p2a: Dondozo|atk|1
|-unboost|p2a: Dondozo|spa|1
|
|t:|1758358726
|switch|p1a: Anonymous|Ogerpon, F|87/100|[from] Parting Shot
|-activate|p2a: Dondozo|confusion
|-damage|p2a: Dondozo|47/100 tox|[from] confusion
|
|-heal|p2a: Dondozo|53/100 tox|[from] item: Leftovers
|-damage|p2a: Dondozo|41/100 tox|[from] psn
|upkeep
|turn|35
|
|t:|1758358733
|-terastallize|p2a: Dondozo|Dragon
|move|p1a: Anonymous|U-turn|p2a: Dondozo
|-damage|p2a: Dondozo|26/100 tox
|
|t:|1758358738
|switch|p1a: Overseer|Pecharunt|58/100 brn|[from] U-turn
|-activate|p2a: Dondozo|confusion
|move|p2a: Dondozo|Rest|p2a: Dondozo
|-status|p2a: Dondozo|slp|[from] move: Rest
|-heal|p2a: Dondozo|100/100 slp|[silent]
|
|-damage|p1a: Overseer|52/100 brn|[from] brn
|upkeep
|turn|36
|
|t:|1758358747
|move|p1a: Overseer|Malignant Chain|p2a: Dondozo
|-damage|p2a: Dondozo|72/100 slp
|cant|p2a: Dondozo|slp
|-activate|p2a: Dondozo|confusion
|move|p2a: Dondozo|Sleep Talk|p2a: Dondozo
|move|p2a: Dondozo|Rest||[from] move: Sleep Talk|[still]
|-fail|p2a: Dondozo
|
|-heal|p2a: Dondozo|78/100 slp|[from] item: Leftovers
|-damage|p1a: Overseer|46/100 brn|[from] brn
|upkeep
|turn|37
|
|t:|1758358756
|move|p1a: Overseer|Recover|p1a: Overseer
|-heal|p1a: Overseer|96/100 brn
|cant|p2a: Dondozo|slp
|-end|p2a: Dondozo|confusion
|move|p2a: Dondozo|Sleep Talk|p2a: Dondozo
|move|p2a: Dondozo|Body Press|p1a: Overseer|[from] move: Sleep Talk
|-immune|p1a: Overseer
|
|-heal|p2a: Dondozo|85/100 slp|[from] item: Leftovers
|-damage|p1a: Overseer|90/100 brn|[from] brn
|upkeep
|turn|38
|
|t:|1758358768
|switch|p2a: Toxapex|Toxapex, F|100/100
|move|p1a: Overseer|Shadow Ball|p2a: Toxapex
|-damage|p2a: Toxapex|84/100
|
|-heal|p2a: Toxapex|90/100|[from] item: Leftovers
|-damage|p1a: Overseer|84/100 brn|[from] brn
|upkeep
|turn|39
|
|t:|1758358776
|switch|p1a: Behemoth|Great Tusk, shiny, tera:Ground|68/100 brn
|move|p2a: Toxapex|Toxic||[still]
|-fail|p2a: Toxapex
|
|-heal|p2a: Toxapex|96/100|[from] item: Leftovers
|-damage|p1a: Behemoth|62/100 brn|[from] brn
|upkeep
|turn|40
|
|t:|1758358786
|move|p1a: Behemoth|Headlong Rush|p2a: Toxapex
|-supereffective|p2a: Toxapex
|-damage|p2a: Toxapex|28/100
|-unboost|p1a: Behemoth|def|1
|-unboost|p1a: Behemoth|spd|1
|move|p2a: Toxapex|Haze|p2a: Toxapex
|-clearallboost
|
|-heal|p2a: Toxapex|34/100|[from] item: Leftovers
|-damage|p1a: Behemoth|56/100 brn|[from] brn
|upkeep
|turn|41
|
|t:|1758358794
|switch|p2a: Gliscor|Gliscor, M|78/100 tox
|move|p1a: Behemoth|Headlong Rush|p2a: Gliscor
|-immune|p2a: Gliscor
|
|-heal|p2a: Gliscor|91/100 tox|[from] ability: Poison Heal
|-damage|p1a: Behemoth|50/100 brn|[from] brn
|upkeep
|turn|42
|
|t:|1758358799
|move|p1a: Behemoth|Ice Spinner|p2a: Gliscor
|-supereffective|p2a: Gliscor
|-damage|p2a: Gliscor|46/100 tox
|move|p2a: Gliscor|Knock Off|p1a: Behemoth
|-damage|p1a: Behemoth|34/100 brn
|-enditem|p1a: Behemoth|Heavy-Duty Boots|[from] move: Knock Off|[of] p2a: Gliscor
|
|-heal|p2a: Gliscor|58/100 tox|[from] ability: Poison Heal
|-damage|p1a: Behemoth|27/100 brn|[from] brn
|upkeep
|turn|43
|
|t:|1758358806
|-end|p1a: Behemoth|Protosynthesis|[silent]
|switch|p1a: Bandit|Weavile, M, shiny|88/100
|-ability|p1a: Bandit|Pressure
|move|p2a: Gliscor|Earthquake|p1a: Bandit
|-damage|p1a: Bandit|31/100
|
|-heal|p2a: Gliscor|71/100 tox|[from] ability: Poison Heal
|upkeep
|turn|44
|
|t:|1758358817
|move|p1a: Bandit|Triple Axel|p2a: Gliscor
|-supereffective|p2a: Gliscor
|-damage|p2a: Gliscor|25/100 tox
|-supereffective|p2a: Gliscor
|-crit|p2a: Gliscor
|-damage|p2a: Gliscor|0 fnt
|faint|p2a: Gliscor
|-hitcount|p2: Gliscor|2
|
|upkeep
|
|t:|1758358822
|switch|p2a: Corviknight|Corviknight, M|92/100
|-ability|p2a: Corviknight|Pressure
|turn|45
|
|t:|1758358830
|switch|p1a: Overseer|Pecharunt|84/100 brn
|switch|p2a: Dondozo|Dondozo, F, tera:Dragon|85/100 slp
|
|-heal|p2a: Dondozo|91/100 slp|[from] item: Leftovers
|-damage|p1a: Overseer|78/100 brn|[from] brn
|upkeep
|turn|46
|
|t:|1758358834
|move|p1a: Overseer|Shadow Ball|p2a: Dondozo
|-damage|p2a: Dondozo|67/100 slp
|-curestatus|p2a: Dondozo|slp|[msg]
|move|p2a: Dondozo|Avalanche|p1a: Overseer
|-damage|p1a: Overseer|64/100 brn
|-damage|p2a: Dondozo|51/100|[from] item: Rocky Helmet|[of] p1a: Overseer
|
|-heal|p2a: Dondozo|57/100|[from] item: Leftovers
|-damage|p1a: Overseer|58/100 brn|[from] brn
|upkeep
|turn|47
|
|t:|1758358839
|move|p1a: Overseer|Malignant Chain|p2a: Dondozo
|-crit|p2a: Dondozo
|-damage|p2a: Dondozo|11/100
|move|p2a: Dondozo|Avalanche|p1a: Overseer
|-damage|p1a: Overseer|45/100 brn
|-damage|p2a: Dondozo|0 fnt|[from] item: Rocky Helmet|[of] p1a: Overseer
|faint|p2a: Dondozo
|
|-damage|p1a: Overseer|38/100 brn|[from] brn
|upkeep
|c|☆MyPokemonRBad12|mb
|
|t:|1758358847
|switch|p2a: Corviknight|Corviknight, M|92/100
|-ability|p2a: Corviknight|Pressure
|turn|48
|c|☆tor2009|I give up
|c|☆tor2009|Gg
|c|☆MyPokemonRBad12|but u also threw that so like
|
|t:|1758358868
|move|p1a: Overseer|Recover|p1a: Overseer
|-heal|p1a: Overseer|89/100 brn
|move|p2a: Corviknight|Iron Defense|p2a: Corviknight
|-boost|p2a: Corviknight|def|2
|
|-damage|p1a: Overseer|83/100 brn|[from] brn
|upkeep
|turn|49
|
|t:|1758358876
|move|p1a: Overseer|Shadow Ball|p2a: Corviknight
|-damage|p2a: Corviknight|68/100
|move|p2a: Corviknight|Defog|p1a: Overseer
|-unboost|p1a: Overseer|evasion|1
|
|-damage|p1a: Overseer|76/100 brn|[from] brn
|upkeep
|turn|50
|
|t:|1758358882
|move|p1a: Overseer|Shadow Ball|p2a: Corviknight
|-damage|p2a: Corviknight|43/100
|move|p2a: Corviknight|Defog|p1a: Overseer
|-unboost|p1a: Overseer|evasion|1
|
|-damage|p1a: Overseer|70/100 brn|[from] brn
|upkeep
|turn|51
|c|☆tor2009|I dont have move to attack
|
|t:|1758358894
|move|p1a: Overseer|Shadow Ball|p2a: Corviknight
|-damage|p2a: Corviknight|19/100
|move|p2a: Corviknight|Body Press|p1a: Overseer
|-immune|p1a: Overseer
|
|-damage|p1a: Overseer|64/100 brn|[from] brn
|upkeep
|turn|52
|
|t:|1758358902
|move|p1a: Overseer|Shadow Ball|p2a: Corviknight
|-damage|p2a: Corviknight|0 fnt
|faint|p2a: Corviknight
|
|-damage|p1a: Overseer|58/100 brn|[from] brn
|upkeep
|
|t:|1758358905
|switch|p2a: Toxapex|Toxapex, F|67/100
|turn|53
|c|☆MyPokemonRBad12|why didnt u roost?
|
|t:|1758358911
|move|p1a: Overseer|Parting Shot|p2a: Toxapex
|-unboost|p2a: Toxapex|atk|1
|-unboost|p2a: Toxapex|spa|1
|
|t:|1758358914
|switch|p1a: Celestine|Primarina, M, shiny|23/100 brn|[from] Parting Shot
|move|p2a: Toxapex|Toxic Spikes|p1a: Celestine
|-sidestart|p1: MyPokemonRBad12|move: Toxic Spikes
|
|-heal|p2a: Toxapex|74/100|[from] item: Leftovers
|-damage|p1a: Celestine|17/100 brn|[from] brn
|upkeep
|turn|54
|c|☆tor2009|Bc ik i lost already
|
|t:|1758358932
|move|p1a: Celestine|Psychic Noise|p2a: Toxapex
|-resisted|p2a: Toxapex
|-damage|p2a: Toxapex|60/100
|-start|p2a: Toxapex|move: Heal Block
|move|p2a: Toxapex|Haze|p2a: Toxapex
|-clearallboost
|
|-damage|p1a: Celestine|11/100 brn|[from] brn
|upkeep
|turn|55
|c|☆MyPokemonRBad12|fair
|
|t:|1758358940
|move|p1a: Celestine|Whirlpool|p2a: Toxapex
|-resisted|p2a: Toxapex
|-damage|p2a: Toxapex|54/100
|-activate|p2a: Toxapex|move: Whirlpool|[of] p1a: Celestine
|move|p2a: Toxapex|Toxic Spikes|p1a: Celestine
|-sidestart|p1: MyPokemonRBad12|move: Toxic Spikes
|
|-damage|p1a: Celestine|5/100 brn|[from] brn
|-damage|p2a: Toxapex|42/100|[from] move: Whirlpool|[partiallytrapped]
|-end|p2a: Toxapex|move: Heal Block
|upkeep
|turn|56
|j| Albrtix
|c|☆tor2009|I just borrow this this from the sample team
|
|t:|1758358957
|move|p1a: Celestine|Psychic Noise|p2a: Toxapex
|-resisted|p2a: Toxapex
|-damage|p2a: Toxapex|28/100
|-start|p2a: Toxapex|move: Heal Block
|move|p2a: Toxapex|Toxic Spikes||[still]
|-fail|p2a: Toxapex
|
|-damage|p1a: Celestine|0 fnt|[from] brn
|faint|p1a: Celestine
|-end|p2a: Toxapex|Whirlpool|[partiallytrapped]|[silent]
|upkeep
|c|☆MyPokemonRBad12|ic
|
|t:|1758358966
|switch|p1a: Anonymous|Ogerpon, F|87/100
|-status|p1a: Anonymous|tox
|turn|57
|c|☆MyPokemonRBad12|gg tho
|c|☆tor2009|Gg
|
|t:|1758358978
|move|p1a: Anonymous|Ivy Cudgel|p2a: Toxapex
|-damage|p2a: Toxapex|0 fnt
|faint|p2a: Toxapex
|
|win|MyPokemonRBad12
|n|☆MyPokemonRBad12|mypokemonrbad12
|n|☆tor2009|tor2009
|n|*Lady Monita ☀|ladymonita
|n| Albrtix|albrtix
|l|*Lady Monita ☀
|l|☆tor2009
|player|p2|
|l|☆MyPokemonRBad12
|player|p1|
