|j|☆FriedAstronauts
|j|☆kenxniper
|t:|1758235046
|gametype|singles
|player|p1|FriedAstronauts|marlon|1254
|player|p2|kenxniper|gladion-masters|1221
|gen|9
|tier|[Gen 9] OU
|rated|
|rule|HP Percentage Mod: HP is shown in percentages
|rule|Endless Battle Clause: Forcing endless battles is banned
|rule|Species Clause: Limit one of each Pokémon
|rule|OHKO Clause: OHKO moves are banned
|rule|Evasion Items Clause: Evasion items are banned
|rule|Evasion Moves Clause: Evasion moves are banned
|rule|Evasion Abilities Clause: Evasion abilities are banned
|rule|Sleep Moves Clause: Sleep-inducing moves are banned
|clearpoke
|poke|p1|Zoroark-Hisui, F|
|poke|p1|Ursaluna, F|
|poke|p1|Blissey, F|
|poke|p1|Porygon2|
|poke|p1|Slaking, F|
|poke|p1|Staraptor, M|
|poke|p2|Primarina, F|
|poke|p2|Raging Bolt|
|poke|p2|Scizor, M|
|poke|p2|Gholdengo|
|poke|p2|Great Tusk|
|poke|p2|Darkrai|
|teampreview
|
|t:|1758235057
|teamsize|p1|6
|teamsize|p2|6
|start
|switch|p1a: Blissey|Blissey, F|100/100
|switch|p2a: Scizor|Scizor, M|100/100
|turn|1
|inactive|Battle timer is ON: inactive players will automatically lose when time's up. (requested by kenxniper)
|
|t:|1758235060
|switch|p1a: Staraptor|Staraptor, M|100/100
|-ability|p1a: Staraptor|Intimidate|boost
|-unboost|p2a: Scizor|atk|1
|move|p2a: Scizor|Bug Bite|p1a: Staraptor
|-resisted|p1a: Staraptor
|-damage|p1a: Staraptor|74/100
|
|upkeep
|turn|2
|
|t:|1758235066
|switch|p2a: Raging Bolt|Raging Bolt|100/100
|move|p1a: Staraptor|Tailwind|p1a: Staraptor
|-sidestart|p1: FriedAstronauts|move: Tailwind
|
|upkeep
|turn|3
|
|t:|1758235070
|switch|p1a: Ursaluna|Ursaluna, F|100/100
|move|p2a: Raging Bolt|Volt Switch|p1a: Ursaluna
|-immune|p1a: Ursaluna
|
|-status|p1a: Ursaluna|brn|[from] item: Flame Orb
|upkeep
|turn|4
|
|t:|1758235078
|-end|p2a: Raging Bolt|Protosynthesis|[silent]
|switch|p2a: Darkrai|Darkrai|100/100
|-item|p2a: Darkrai|Air Balloon
|move|p1a: Ursaluna|Swords Dance|p1a: Ursaluna
|-boost|p1a: Ursaluna|atk|2
|
|-damage|p1a: Ursaluna|94/100 brn|[from] brn
|upkeep
|turn|5
|
|t:|1758235081
|move|p2a: Darkrai|Ice Beam|p1a: Ursaluna
|-supereffective|p1a: Ursaluna
|-damage|p1a: Ursaluna|34/100 brn
|move|p1a: Ursaluna|Drain Punch|p2a: Darkrai
|-supereffective|p2a: Darkrai
|-damage|p2a: Darkrai|0 fnt
|-heal|p1a: Ursaluna|65/100 brn|[from] drain|[of] p2a: Darkrai
|-enditem|p2a: Darkrai|Air Balloon
|faint|p2a: Darkrai
|
|-damage|p1a: Ursaluna|59/100 brn|[from] brn
|-sideend|p1: FriedAstronauts|move: Tailwind
|upkeep
|
|t:|1758235085
|switch|p2a: Great Tusk|Great Tusk|100/100
|turn|6
|
|t:|1758235091
|move|p2a: Great Tusk|Headlong Rush|p1a: Ursaluna
|-damage|p1a: Ursaluna|13/100 brn
|-unboost|p2a: Great Tusk|def|1
|-unboost|p2a: Great Tusk|spd|1
|move|p1a: Ursaluna|Facade|p2a: Great Tusk
|-damage|p2a: Great Tusk|0 fnt
|faint|p2a: Great Tusk
|-end|p2a: Great Tusk|Protosynthesis|[silent]
|
|-damage|p1a: Ursaluna|7/100 brn|[from] brn
|upkeep
|
|t:|1758235095
|switch|p2a: Scizor|Scizor, M|100/100
|turn|7
|
|t:|1758235097
|move|p2a: Scizor|Bullet Punch|p1a: Ursaluna
|-damage|p1a: Ursaluna|0 fnt
|faint|p1a: Ursaluna
|
|upkeep
|
|t:|1758235099
|switch|p1a: Porygon2|Porygon2|100/100
|turn|8
|
|t:|1758235102
|move|p2a: Scizor|Swords Dance|p2a: Scizor
|-boost|p2a: Scizor|atk|2
|move|p1a: Porygon2|Tri Attack|p2a: Scizor
|-resisted|p2a: Scizor
|-damage|p2a: Scizor|78/100
|-status|p2a: Scizor|frz
|
|-heal|p2a: Scizor|85/100 frz|[from] item: Leftovers
|upkeep
|turn|9
|
|t:|1758235107
|switch|p1a: Slaking|Slaking, F|100/100
|cant|p2a: Scizor|frz
|
|-heal|p2a: Scizor|91/100 frz|[from] item: Leftovers
|upkeep
|turn|10
|
|t:|1758235111
|cant|p2a: Scizor|frz
|move|p1a: Slaking|Knock Off|p2a: Scizor
|-damage|p2a: Scizor|36/100 frz
|-enditem|p2a: Scizor|Leftovers|[from] move: Knock Off|[of] p1a: Slaking
|
|upkeep
|turn|11
|
|t:|1758235113
|-curestatus|p2a: Scizor|frz|[msg]
|move|p2a: Scizor|Bullet Punch|p1a: Slaking
|-damage|p1a: Slaking|44/100
|cant|p1a: Slaking|ability: Truant
|
|upkeep
|turn|12
|
|t:|1758235115
|move|p2a: Scizor|Bullet Punch|p1a: Slaking
|-damage|p1a: Slaking|0 fnt
|faint|p1a: Slaking
|
|upkeep
|
|t:|1758235118
|switch|p1a: Porygon2|Porygon2|100/100
|turn|13
|
|t:|1758235121
|move|p2a: Scizor|Bullet Punch|p1a: Porygon2
|-damage|p1a: Porygon2|71/100
|move|p1a: Porygon2|Tri Attack|p2a: Scizor
|-resisted|p2a: Scizor
|-damage|p2a: Scizor|15/100
|
|upkeep
|turn|14
|
|t:|1758235124
|move|p2a: Scizor|Bug Bite|p1a: Porygon2
|-crit|p1a: Porygon2
|-damage|p1a: Porygon2|4/100
|move|p1a: Porygon2|Tri Attack|p2a: Scizor
|-resisted|p2a: Scizor
|-damage|p2a: Scizor|0 fnt
|faint|p2a: Scizor
|
|upkeep
|
|t:|1758235127
|switch|p2a: Raging Bolt|Raging Bolt|100/100
|turn|15
|
|t:|1758235130
|move|p2a: Raging Bolt|Volt Switch|p1a: Porygon2
|-damage|p1a: Porygon2|0 fnt
|faint|p1a: Porygon2
|
|t:|1758235136
|-end|p2a: Raging Bolt|Protosynthesis|[silent]
|switch|p2a: Primarina|Primarina, F|100/100|[from] Volt Switch
|
|upkeep
|
|t:|1758235139
|switch|p1a: Staraptor|Staraptor, M|74/100
|-ability|p1a: Staraptor|Intimidate|boost
|-unboost|p2a: Primarina|atk|1
|turn|16
|
|t:|1758235142
|move|p1a: Staraptor|Brave Bird|p2a: Primarina
|-damage|p2a: Primarina|25/100
|-damage|p1a: Staraptor|45/100|[from] Recoil
|move|p2a: Primarina|Ice Beam|p1a: Staraptor
|-supereffective|p1a: Staraptor
|-damage|p1a: Staraptor|0 fnt
|faint|p1a: Staraptor
|
|upkeep
|
|t:|1758235145
|switch|p1a: Blissey|Blissey, F|100/100
|turn|17
|
|t:|1758235166
|move|p2a: Primarina|Hydro Pump|p1a: Blissey
|-damage|p1a: Blissey|68/100
|move|p1a: Blissey|Stealth Rock|p2a: Primarina
|-sidestart|p2: kenxniper|move: Stealth Rock
|
|-heal|p1a: Blissey|74/100|[from] item: Leftovers
|upkeep
|turn|18
|
|t:|1758235184
|switch|p2a: Gholdengo|Gholdengo|100/100
|-damage|p2a: Gholdengo|94/100|[from] Stealth Rock
|move|p1a: Blissey|Seismic Toss|p2a: Gholdengo
|-immune|p2a: Gholdengo
|
|-heal|p2a: Gholdengo|100/100|[from] item: Leftovers
|-heal|p1a: Blissey|80/100|[from] item: Leftovers
|upkeep
|turn|19
|inactive|kenxniper has 120 seconds left.
|
|t:|1758235199
|move|p2a: Gholdengo|Thunder Wave|p1a: Blissey
|-status|p1a: Blissey|par
|move|p1a: Blissey|Stealth Rock||[still]
|-fail|p1a: Blissey
|
|-heal|p1a: Blissey|87/100 par|[from] item: Leftovers
|upkeep
|turn|20
|
|t:|1758235205
|switch|p2a: Raging Bolt|Raging Bolt|100/100
|-damage|p2a: Raging Bolt|88/100|[from] Stealth Rock
|move|p1a: Blissey|Thunder Wave|p2a: Raging Bolt
|-immune|p2a: Raging Bolt
|
|-heal|p2a: Raging Bolt|94/100|[from] item: Leftovers
|-heal|p1a: Blissey|93/100 par|[from] item: Leftovers
|upkeep
|turn|21
|
|t:|1758235207
|move|p2a: Raging Bolt|Calm Mind|p2a: Raging Bolt
|-boost|p2a: Raging Bolt|spa|1
|-boost|p2a: Raging Bolt|spd|1
|move|p1a: Blissey|Seismic Toss|p2a: Raging Bolt
|-damage|p2a: Raging Bolt|72/100
|
|-heal|p2a: Raging Bolt|78/100|[from] item: Leftovers
|-heal|p1a: Blissey|99/100 par|[from] item: Leftovers
|upkeep
|turn|22
|inactive|kenxniper has 120 seconds left.
|
|t:|1758235237
|move|p2a: Raging Bolt|Calm Mind|p2a: Raging Bolt
|-boost|p2a: Raging Bolt|spa|1
|-boost|p2a: Raging Bolt|spd|1
|move|p1a: Blissey|Seismic Toss|p2a: Raging Bolt
|-damage|p2a: Raging Bolt|56/100
|
|-heal|p2a: Raging Bolt|63/100|[from] item: Leftovers
|-heal|p1a: Blissey|100/100 par|[from] item: Leftovers
|upkeep
|turn|23
|
|t:|1758235239
|move|p2a: Raging Bolt|Calm Mind|p2a: Raging Bolt
|-boost|p2a: Raging Bolt|spa|1
|-boost|p2a: Raging Bolt|spd|1
|move|p1a: Blissey|Seismic Toss|p2a: Raging Bolt
|-damage|p2a: Raging Bolt|41/100
|
|-heal|p2a: Raging Bolt|47/100|[from] item: Leftovers
|upkeep
|turn|24
|
|t:|1758235242
|move|p2a: Raging Bolt|Calm Mind|p2a: Raging Bolt
|-boost|p2a: Raging Bolt|spa|1
|-boost|p2a: Raging Bolt|spd|1
|move|p1a: Blissey|Seismic Toss|p2a: Raging Bolt
|-damage|p2a: Raging Bolt|25/100
|
|-heal|p2a: Raging Bolt|31/100|[from] item: Leftovers
|upkeep
|turn|25
|
|t:|1758235254
|move|p2a: Raging Bolt|Draco Meteor|p1a: Blissey
|-damage|p1a: Blissey|15/100 par
|-unboost|p2a: Raging Bolt|spa|2
|move|p1a: Blissey|Seismic Toss|p2a: Raging Bolt
|-damage|p2a: Raging Bolt|9/100
|
|-heal|p2a: Raging Bolt|15/100|[from] item: Leftovers
|-heal|p1a: Blissey|21/100 par|[from] item: Leftovers
|upkeep
|turn|26
|
|t:|1758235259
|move|p2a: Raging Bolt|Draco Meteor|p1a: Blissey
|-damage|p1a: Blissey|0 fnt
|-unboost|p2a: Raging Bolt|spa|2
|faint|p1a: Blissey
|
|-heal|p2a: Raging Bolt|21/100|[from] item: Leftovers
|upkeep
|
|t:|1758235262
|switch|p1a: Zoroark|Zoroark-Hisui, F|100/100
|turn|27
|
|t:|1758235266
|move|p1a: Zoroark|Shadow Ball|p2a: Raging Bolt
|-damage|p2a: Raging Bolt|10/100
|-unboost|p2a: Raging Bolt|spd|1
|move|p2a: Raging Bolt|Volt Switch|p1a: Zoroark
|-damage|p1a: Zoroark|18/100
|
|t:|1758235269
|-end|p2a: Raging Bolt|Protosynthesis|[silent]
|switch|p2a: Primarina|Primarina, F|25/100|[from] Volt Switch
|-damage|p2a: Primarina|12/100|[from] Stealth Rock
|
|upkeep
|turn|28
|
|t:|1758235272
|move|p1a: Zoroark|Shadow Ball|p2a: Primarina
|-damage|p2a: Primarina|0 fnt
|faint|p2a: Primarina
|
|upkeep
|
|t:|1758235274
|switch|p2a: Raging Bolt|Raging Bolt|10/100
|-damage|p2a: Raging Bolt|0 fnt|[from] Stealth Rock
|faint|p2a: Raging Bolt
|-end|p2a: Raging Bolt|Protosynthesis|[silent]
|
|t:|1758235276
|switch|p2a: Gholdengo|Gholdengo|100/100
|-damage|p2a: Gholdengo|94/100|[from] Stealth Rock
|turn|29
|
|t:|1758235277
|-terastallize|p2a: Gholdengo|Flying
|move|p1a: Zoroark|Shadow Ball|p2a: Gholdengo
|-crit|p2a: Gholdengo
|-damage|p2a: Gholdengo|32/100
|move|p2a: Gholdengo|Hex|p1a: Zoroark
|-immune|p1a: Zoroark
|
|-heal|p2a: Gholdengo|38/100|[from] item: Leftovers
|upkeep
|turn|30
|c|☆kenxniper|i THREW
|
|t:|1758235283
|move|p1a: Zoroark|Hyper Voice|p2a: Gholdengo
|-damage|p2a: Gholdengo|0 fnt
|faint|p2a: Gholdengo
|
|win|FriedAstronauts
|raw|FriedAstronauts's rating: 1254 &rarr; <strong>1277</strong><br />(+23 for winning)
|raw|kenxniper's rating: 1221 &rarr; <strong>1198</strong><br />(-23 for losing)
|l|☆FriedAstronauts
|player|p1|
|l|☆kenxniper
|player|p2|
