|j|☆bellumacademy
|j|☆kfry2896
|t:|1758254270
|gametype|singles
|player|p1|bellumacademy|265|1271
|player|p2|kfry2896|1|1222
|gen|9
|tier|[Gen 9] OU
|rated|
|rule|HP Percentage Mod: HP is shown in percentages
|rule|Endless Battle Clause: Forcing endless battles is banned
|rule|Species Clause: Limit one of each Pokémon
|rule|OHKO Clause: OHKO moves are banned
|rule|Evasion Items Clause: Evasion items are banned
|rule|Evasion Moves Clause: Evasion moves are banned
|rule|Evasion Abilities Clause: Evasion abilities are banned
|rule|Sleep Moves Clause: Sleep-inducing moves are banned
|clearpoke
|poke|p1|Pelipper, F|
|poke|p1|Hatterene, F|
|poke|p1|Iron Treads|
|poke|p1|Toxicroak, F|
|poke|p1|Barraskewda, F|
|poke|p1|Zapdos|
|poke|p2|Gliscor, M|
|poke|p2|Walking Wake|
|poke|p2|Slowking-Galar, F|
|poke|p2|Zamazenta-*|
|poke|p2|Ting-Lu|
|poke|p2|Kingambit, M|
|teampreview
|
|t:|1758254294
|teamsize|p1|6
|teamsize|p2|6
|start
|switch|p1a: Pelipper|Pelipper, F|100/100
|switch|p2a: Ting-Lu|Ting-Lu|100/100
|-ability|p2a: Ting-Lu|Vessel of Ruin
|-weather|RainDance|[from] ability: Drizzle|[of] p1a: Pelipper
|turn|1
|inactive|Battle timer is ON: inactive players will automatically lose when time's up. (requested by kfry2896)
|
|t:|1758254317
|move|p2a: Ting-Lu|Stealth Rock|p1a: Pelipper
|-sidestart|p1: bellumacademy|move: Stealth Rock
|move|p1a: Pelipper|U-turn|p2a: Ting-Lu
|-supereffective|p2a: Ting-Lu
|-damage|p2a: Ting-Lu|90/100
|
|t:|1758254341
|switch|p1a: Barraskewda|Barraskewda, F|100/100|[from] U-turn
|-damage|p1a: Barraskewda|88/100|[from] Stealth Rock
|
|-weather|RainDance|[upkeep]
|-heal|p2a: Ting-Lu|97/100|[from] item: Leftovers
|upkeep
|turn|2
|
|t:|1758254352
|switch|p2a: Zamazenta|Zamazenta|100/100
|-ability|p2a: Zamazenta|Dauntless Shield|boost
|-boost|p2a: Zamazenta|def|1
|-terastallize|p1a: Barraskewda|Water
|move|p1a: Barraskewda|Flip Turn|p2a: Zamazenta
|-damage|p2a: Zamazenta|45/100
|
|t:|1758254362
|switch|p1a: Hatterene|Hatterene, F|100/100|[from] Flip Turn
|-damage|p1a: Hatterene|88/100|[from] Stealth Rock
|
|-weather|RainDance|[upkeep]
|upkeep
|turn|3
|
|t:|1758254373
|switch|p2a: Ting-Lu|Ting-Lu|97/100
|-ability|p2a: Ting-Lu|Vessel of Ruin
|move|p1a: Hatterene|Psychic Noise|p2a: Ting-Lu
|-immune|p2a: Ting-Lu
|
|-weather|RainDance|[upkeep]
|-heal|p2a: Ting-Lu|100/100|[from] item: Leftovers
|upkeep
|turn|4
|
|t:|1758254389
|move|p1a: Hatterene|Nuzzle|p2a: Ting-Lu
|-immune|p2a: Ting-Lu
|move|p2a: Ting-Lu|Ruination|p1a: Hatterene
|-damage|p1a: Hatterene|44/100
|-enditem|p1a: Hatterene|Eject Button
|
|t:|1758254396
|switch|p1a: Iron Treads|Iron Treads|100/100
|-damage|p1a: Iron Treads|98/100|[from] Stealth Rock
|
|-weather|RainDance|[upkeep]
|-heal|p1a: Iron Treads|100/100|[from] item: Leftovers
|upkeep
|turn|5
|
|t:|1758254411
|switch|p2a: Gliscor|Gliscor, M|100/100
|move|p1a: Iron Treads|Rapid Spin|p2a: Gliscor
|-crit|p2a: Gliscor
|-damage|p2a: Gliscor|87/100
|-boost|p1a: Iron Treads|spe|1
|-sideend|p1: bellumacademy|Stealth Rock|[from] move: Rapid Spin|[of] p1a: Iron Treads
|
|-weather|RainDance|[upkeep]
|-status|p2a: Gliscor|tox|[from] item: Toxic Orb
|upkeep
|turn|6
|
|t:|1758254422
|-end|p1a: Iron Treads|Quark Drive|[silent]
|switch|p1a: Hatterene|Hatterene, F|44/100
|move|p2a: Gliscor|Swords Dance|p2a: Gliscor
|-boost|p2a: Gliscor|atk|2
|
|-weather|RainDance|[upkeep]
|-heal|p2a: Gliscor|99/100 tox|[from] ability: Poison Heal
|upkeep
|turn|7
|
|t:|1758254430
|move|p2a: Gliscor|Earthquake|p1a: Hatterene
|-damage|p1a: Hatterene|0 fnt
|faint|p1a: Hatterene
|
|-weather|RainDance|[upkeep]
|-heal|p2a: Gliscor|100/100 tox|[from] ability: Poison Heal
|upkeep
|
|t:|1758254437
|switch|p1a: Barraskewda|Barraskewda, F, tera:Water|88/100
|turn|8
|
|t:|1758254440
|move|p2a: Gliscor|Protect|p2a: Gliscor
|-singleturn|p2a: Gliscor|Protect
|move|p1a: Barraskewda|Flip Turn|p2a: Gliscor
|-activate|p2a: Gliscor|move: Protect
|
|-weather|none
|upkeep
|turn|9
|
|t:|1758254465
|switch|p2a: Walking Wake|Walking Wake|100/100
|move|p1a: Barraskewda|Flip Turn|p2a: Walking Wake
|-resisted|p2a: Walking Wake
|-damage|p2a: Walking Wake|82/100
|
|t:|1758254472
|switch|p1a: Pelipper|Pelipper, F|100/100|[from] Flip Turn
|-weather|RainDance|[from] ability: Drizzle|[of] p1a: Pelipper
|
|-weather|RainDance|[upkeep]
|upkeep
|turn|10
|
|t:|1758254491
|switch|p1a: Toxicroak|Toxicroak, F, shiny|100/100
|move|p2a: Walking Wake|Scald|p1a: Toxicroak
|-immune|p1a: Toxicroak|[from] ability: Dry Skin
|
|-weather|RainDance|[upkeep]
|upkeep
|turn|11
|
|t:|1758254499
|move|p2a: Walking Wake|Knock Off|p1a: Toxicroak
|-resisted|p1a: Toxicroak
|-damage|p1a: Toxicroak|93/100
|-damage|p2a: Walking Wake|65/100|[from] item: Rocky Helmet|[of] p1a: Toxicroak
|-enditem|p1a: Toxicroak|Rocky Helmet|[from] move: Knock Off|[of] p2a: Walking Wake
|move|p1a: Toxicroak|Toxic|p2a: Walking Wake
|-status|p2a: Walking Wake|tox
|
|-weather|RainDance|[upkeep]
|-heal|p1a: Toxicroak|100/100|[from] ability: Dry Skin
|-damage|p2a: Walking Wake|59/100 tox|[from] psn
|upkeep
|turn|12
|
|t:|1758254513
|-end|p2a: Walking Wake|Protosynthesis|[silent]
|switch|p2a: Slowking|Slowking-Galar, F|100/100
|move|p1a: Toxicroak|Knock Off|p2a: Slowking
|-supereffective|p2a: Slowking
|-damage|p2a: Slowking|56/100
|-enditem|p2a: Slowking|Heavy-Duty Boots|[from] move: Knock Off|[of] p1a: Toxicroak
|
|-weather|RainDance|[upkeep]
|upkeep
|turn|13
|
|t:|1758254523
|move|p1a: Toxicroak|Knock Off|p2a: Slowking
|-supereffective|p2a: Slowking
|-damage|p2a: Slowking|23/100
|-prepare|p2a: Slowking|Chilly Reception|[premajor]
|move|p2a: Slowking|Chilly Reception|p2a: Slowking
|-weather|Snowscape
|
|t:|1758254530
|switch|p2a: Gliscor|Gliscor, M|100/100 tox|[from] Chilly Reception
|
|-weather|Snowscape|[upkeep]
|upkeep
|turn|14
|
|t:|1758254540
|switch|p1a: Pelipper|Pelipper, F|100/100
|-weather|RainDance|[from] ability: Drizzle|[of] p1a: Pelipper
|move|p2a: Gliscor|Swords Dance|p2a: Gliscor
|-boost|p2a: Gliscor|atk|2
|
|-weather|RainDance|[upkeep]
|upkeep
|turn|15
|
|t:|1758254551
|switch|p1a: Zapdos|Zapdos|100/100
|move|p2a: Gliscor|Ice Fang|p1a: Zapdos
|-supereffective|p1a: Zapdos
|-damage|p1a: Zapdos|23/100
|
|-weather|RainDance|[upkeep]
|upkeep
|turn|16
|
|t:|1758254563
|move|p1a: Zapdos|Weather Ball|p2a: Gliscor
|-supereffective|p2a: Gliscor
|-damage|p2a: Gliscor|0 fnt
|faint|p2a: Gliscor
|
|-weather|RainDance|[upkeep]
|upkeep
|
|t:|1758254576
|switch|p2a: Ting-Lu|Ting-Lu|100/100
|-ability|p2a: Ting-Lu|Vessel of Ruin
|turn|17
|
|t:|1758254586
|move|p1a: Zapdos|Weather Ball|p2a: Ting-Lu
|-supereffective|p2a: Ting-Lu
|-crit|p2a: Ting-Lu
|-damage|p2a: Ting-Lu|0 fnt
|faint|p2a: Ting-Lu
|
|-weather|RainDance|[upkeep]
|upkeep
|
|t:|1758254595
|switch|p2a: Walking Wake|Walking Wake|59/100 tox
|turn|18
|
|t:|1758254600
|switch|p1a: Toxicroak|Toxicroak, F, shiny|100/100
|move|p2a: Walking Wake|Draco Meteor|p1a: Toxicroak
|-damage|p1a: Toxicroak|15/100
|-unboost|p2a: Walking Wake|spa|2
|
|-weather|RainDance|[upkeep]
|-heal|p1a: Toxicroak|28/100|[from] ability: Dry Skin
|-damage|p2a: Walking Wake|53/100 tox|[from] psn
|upkeep
|turn|19
|
|t:|1758254612
|move|p2a: Walking Wake|Draco Meteor|p1a: Toxicroak|[miss]
|-miss|p2a: Walking Wake|p1a: Toxicroak
|move|p1a: Toxicroak|Drain Punch|p2a: Walking Wake
|-damage|p2a: Walking Wake|25/100 tox
|-heal|p1a: Toxicroak|40/100|[from] drain|[of] p2a: Walking Wake
|
|-weather|RainDance|[upkeep]
|-heal|p1a: Toxicroak|53/100|[from] ability: Dry Skin
|-damage|p2a: Walking Wake|13/100 tox|[from] psn
|upkeep
|turn|20
|
|t:|1758254624
|switch|p1a: Iron Treads|Iron Treads|100/100
|move|p2a: Walking Wake|Draco Meteor|p1a: Iron Treads
|-resisted|p1a: Iron Treads
|-damage|p1a: Iron Treads|86/100
|-unboost|p2a: Walking Wake|spa|2
|
|-weather|RainDance|[upkeep]
|-heal|p1a: Iron Treads|92/100|[from] item: Leftovers
|-damage|p2a: Walking Wake|0 fnt|[from] psn
|faint|p2a: Walking Wake
|-end|p2a: Walking Wake|Protosynthesis|[silent]
|upkeep
|
|t:|1758254635
|switch|p2a: Kingambit|Kingambit, M|100/100
|-activate|p2a: Kingambit|ability: Supreme Overlord
|-start|p2a: Kingambit|fallen3|[silent]
|turn|21
|
|t:|1758254650
|move|p1a: Iron Treads|Earthquake|p2a: Kingambit
|-supereffective|p2a: Kingambit
|-damage|p2a: Kingambit|42/100
|move|p2a: Kingambit|Swords Dance|p2a: Kingambit
|-boost|p2a: Kingambit|atk|2
|
|-weather|none
|-heal|p1a: Iron Treads|98/100|[from] item: Leftovers
|upkeep
|turn|22
|
|t:|1758254657
|move|p2a: Kingambit|Sucker Punch|p1a: Iron Treads
|-damage|p1a: Iron Treads|8/100
|move|p1a: Iron Treads|Earthquake|p2a: Kingambit
|-supereffective|p2a: Kingambit
|-damage|p2a: Kingambit|0 fnt
|faint|p2a: Kingambit
|-end|p2a: Kingambit|fallen3|[silent]
|
|-heal|p1a: Iron Treads|14/100|[from] item: Leftovers
|upkeep
|
|t:|1758254665
|switch|p2a: Zamazenta|Zamazenta|45/100
|turn|23
|
|t:|1758254678
|move|p2a: Zamazenta|Stone Edge|p1a: Iron Treads
|-resisted|p1a: Iron Treads
|-damage|p1a: Iron Treads|7/100
|move|p1a: Iron Treads|Volt Switch|p2a: Zamazenta
|-damage|p2a: Zamazenta|35/100
|
|t:|1758254684
|-end|p1a: Iron Treads|Quark Drive|[silent]
|switch|p1a: Pelipper|Pelipper, F|100/100|[from] Volt Switch
|-weather|RainDance|[from] ability: Drizzle|[of] p1a: Pelipper
|
|-weather|RainDance|[upkeep]
|upkeep
|turn|24
|
|t:|1758254690
|move|p2a: Zamazenta|Stone Edge|p1a: Pelipper
|-supereffective|p1a: Pelipper
|-damage|p1a: Pelipper|28/100
|move|p1a: Pelipper|Hurricane|p2a: Zamazenta
|-supereffective|p2a: Zamazenta
|-damage|p2a: Zamazenta|0 fnt
|faint|p2a: Zamazenta
|
|-weather|RainDance|[upkeep]
|upkeep
|-message|kfry2896 forfeited.
|
|win|bellumacademy
|raw|bellumacademy's rating: 1271 &rarr; <strong>1292</strong><br />(+21 for winning)
|raw|kfry2896's rating: 1222 &rarr; <strong>1201</strong><br />(-21 for losing)
|l|☆kfry2896
|player|p2|
|l|☆bellumacademy
|player|p1|
