|j|☆GobbleBot88
|j|☆pepepoopoop
|t:|1758264121
|gametype|singles
|player|p1|GobbleBot88|swimmer-gen4dp|1357
|player|p2|pepepoopoop|265|1331
|gen|9
|tier|[Gen 9] OU
|rated|
|rule|HP Percentage Mod: HP is shown in percentages
|rule|Endless Battle Clause: Forcing endless battles is banned
|rule|Species Clause: Limit one of each Pokémon
|rule|OHKO Clause: OHKO moves are banned
|rule|Evasion Items Clause: Evasion items are banned
|rule|Evasion Moves Clause: Evasion moves are banned
|rule|Evasion Abilities Clause: Evasion abilities are banned
|rule|Sleep Moves Clause: Sleep-inducing moves are banned
|clearpoke
|poke|p1|Swampert, F|
|poke|p1|Deoxys-Speed|
|poke|p1|Sceptile, M|
|poke|p1|Salamence, F|
|poke|p1|Jirachi|
|poke|p1|Blaziken, M|
|poke|p2|Jolteon, M|
|poke|p2|Slowking-Galar, F|
|poke|p2|Great Tusk|
|poke|p2|Hydrapple, M|
|poke|p2|Kingambit, M|
|poke|p2|Moltres|
|teampreview
|inactive|Battle timer is ON: inactive players will automatically lose when time's up. (requested by GobbleBot88)
|
|t:|1758264139
|teamsize|p1|6
|teamsize|p2|6
|start
|switch|p1a: Chiatozu|Jirachi, shiny|100/100
|switch|p2a: Great Tusk|Great Tusk|100/100
|turn|1
|
|t:|1758264156
|switch|p1a: Slyfer|Salamence, F, shiny|100/100
|-end|p2a: Great Tusk|Protosynthesis|[silent]
|switch|p2a: Moltres|Moltres|100/100
|
|upkeep
|turn|2
|
|t:|1758264164
|move|p1a: Slyfer|Dragon Dance|p1a: Slyfer
|-boost|p1a: Slyfer|atk|1
|-boost|p1a: Slyfer|spe|1
|move|p2a: Moltres|Will-O-Wisp|p1a: Slyfer
|-status|p1a: Slyfer|brn
|
|-damage|p1a: Slyfer|94/100 brn|[from] brn
|upkeep
|turn|3
|
|t:|1758264183
|switch|p2a: Kingambit|Kingambit, M, shiny|100/100
|move|p1a: Slyfer|Rock Slide|p2a: Kingambit
|-resisted|p2a: Kingambit
|-damage|p2a: Kingambit|91/100
|
|-heal|p1a: Slyfer|100/100 brn|[from] item: Leftovers
|-heal|p2a: Kingambit|97/100|[from] item: Leftovers
|-damage|p1a: Slyfer|94/100 brn|[from] brn
|upkeep
|turn|4
|
|t:|1758264210
|switch|p1a: Chicken Run|Blaziken, M, shiny|100/100
|move|p2a: Kingambit|Kowtow Cleave|p1a: Chicken Run
|-resisted|p1a: Chicken Run
|-damage|p1a: Chicken Run|60/100
|
|-heal|p2a: Kingambit|100/100|[from] item: Leftovers
|upkeep
|turn|5
|
|t:|1758264218
|-end|p2a: Kingambit|fallenundefined|[silent]
|switch|p2a: Great Tusk|Great Tusk|100/100
|move|p1a: Chicken Run|Swords Dance|p1a: Chicken Run
|-boost|p1a: Chicken Run|atk|2
|
|-ability|p1a: Chicken Run|Speed Boost|boost
|-boost|p1a: Chicken Run|spe|1
|upkeep
|turn|6
|
|t:|1758264229
|move|p1a: Chicken Run|Flare Blitz|p2a: Great Tusk
|-damage|p2a: Great Tusk|34/100
|-damage|p1a: Chicken Run|44/100|[from] item: Rocky Helmet|[of] p2a: Great Tusk
|-damage|p1a: Chicken Run|12/100|[from] Recoil
|move|p2a: Great Tusk|Body Press|p1a: Chicken Run
|-damage|p1a: Chicken Run|0 fnt
|faint|p1a: Chicken Run
|
|upkeep
|c|☆pepepoopoop|damn
|inactive|GobbleBot88 has 120 seconds left.
|
|t:|1758264246
|switch|p1a: Deoxycontin|Deoxys-Speed, shiny|100/100
|-ability|p1a: Deoxycontin|Pressure
|turn|7
|c|☆pepepoopoop|what item you running on that?
|
|t:|1758264258
|-end|p2a: Great Tusk|Protosynthesis|[silent]
|switch|p2a: Kingambit|Kingambit, M, shiny|100/100
|move|p1a: Deoxycontin|Nasty Plot|p1a: Deoxycontin
|-boost|p1a: Deoxycontin|spa|2
|
|upkeep
|turn|8
|
|t:|1758264266
|-terastallize|p1a: Deoxycontin|Electric
|-terastallize|p2a: Kingambit|Ghost
|move|p2a: Kingambit|Sucker Punch|p1a: Deoxycontin
|-damage|p1a: Deoxycontin|31/100
|move|p1a: Deoxycontin|Thunderbolt|p2a: Kingambit
|-damage|p2a: Kingambit|4/100
|
|-heal|p2a: Kingambit|10/100|[from] item: Leftovers
|upkeep
|turn|9
|
|t:|1758264282
|move|p2a: Kingambit|Sucker Punch||[still]
|-fail|p2a: Kingambit
|move|p1a: Deoxycontin|Nasty Plot|p1a: Deoxycontin
|-boost|p1a: Deoxycontin|spa|2
|
|-heal|p2a: Kingambit|17/100|[from] item: Leftovers
|upkeep
|turn|10
|
|t:|1758264290
|move|p2a: Kingambit|Sucker Punch|p1a: Deoxycontin
|-damage|p1a: Deoxycontin|0 fnt
|faint|p1a: Deoxycontin
|
|-heal|p2a: Kingambit|23/100|[from] item: Leftovers
|upkeep
|
|t:|1758264295
|switch|p1a: Gecko Moria|Sceptile, M, shiny|100/100
|turn|11
|
|t:|1758264298
|-end|p2a: Kingambit|fallenundefined|[silent]
|switch|p2a: Slowking|Slowking-Galar, F|100/100
|move|p1a: Gecko Moria|Swords Dance|p1a: Gecko Moria
|-boost|p1a: Gecko Moria|atk|2
|
|upkeep
|turn|12
|
|t:|1758264311
|move|p1a: Gecko Moria|Earthquake|p2a: Slowking
|-supereffective|p2a: Slowking
|-damage|p2a: Slowking|23/100
|move|p2a: Slowking|Sludge Bomb|p1a: Gecko Moria
|-supereffective|p1a: Gecko Moria
|-crit|p1a: Gecko Moria
|-damage|p1a: Gecko Moria|0 fnt
|faint|p1a: Gecko Moria
|
|upkeep
|
|t:|1758264319
|switch|p1a: Chiatozu|Jirachi, shiny|100/100
|turn|13
|-message|GobbleBot88 forfeited.
|
|win|pepepoopoop
|raw|GobbleBot88's rating: 1357 &rarr; <strong>1336</strong><br />(-21 for losing)
|raw|pepepoopoop's rating: 1331 &rarr; <strong>1352</strong><br />(+21 for winning)
|l|☆GobbleBot88
|player|p1|
|l|☆pepepoopoop
|player|p2|
