|j|☆Daysiiii__
|j|☆DeCompaniu
|t:|1758330775
|gametype|singles
|player|p1|Daysiiii__|102|1161
|player|p2|DeCompaniu|richboy|1210
|gen|9
|tier|[Gen 9] OU
|rated|
|rule|HP Percentage Mod: HP is shown in percentages
|rule|Endless Battle Clause: Forcing endless battles is banned
|rule|Species Clause: Limit one of each Pokémon
|rule|OHKO Clause: OHKO moves are banned
|rule|Evasion Items Clause: Evasion items are banned
|rule|Evasion Moves Clause: Evasion moves are banned
|rule|Evasion Abilities Clause: Evasion abilities are banned
|rule|Sleep Moves Clause: Sleep-inducing moves are banned
|clearpoke
|poke|p1|Dedenne, M|
|poke|p1|Great Tusk|
|poke|p1|Heatran, M|
|poke|p1|Dragapult, M|
|poke|p1|Rillaboom, M|
|poke|p1|Kingambit, M|
|poke|p2|Greedent, M|
|poke|p2|Hawlucha, M|
|poke|p2|Glimmora, M|
|poke|p2|Indeedee, M|
|poke|p2|Polteageist-Antique|
|poke|p2|Golurk|
|teampreview
|
|t:|1758330796
|teamsize|p1|6
|teamsize|p2|6
|start
|switch|p1a: Heatran|Heatran, M|100/100
|switch|p2a: Glimmora|Glimmora, M|100/100
|turn|1
|
|t:|1758330804
|move|p2a: Glimmora|Stealth Rock|p1a: Heatran
|-sidestart|p1: Daysiiii__|move: Stealth Rock
|move|p1a: Heatran|Taunt|p2a: Glimmora
|-start|p2a: Glimmora|move: Taunt
|
|upkeep
|turn|2
|
|t:|1758330811
|move|p2a: Glimmora|Earth Power|p1a: Heatran
|-supereffective|p1a: Heatran
|-damage|p1a: Heatran|10/100
|move|p1a: Heatran|Stealth Rock|p2a: Glimmora
|-sidestart|p2: DeCompaniu|move: Stealth Rock
|
|-heal|p1a: Heatran|17/100|[from] item: Leftovers
|upkeep
|turn|3
|
|t:|1758330836
|switch|p1a: Great Tusk|Great Tusk, shiny|100/100
|-damage|p1a: Great Tusk|98/100|[from] Stealth Rock
|move|p2a: Glimmora|Earth Power|p1a: Great Tusk
|-damage|p1a: Great Tusk|49/100
|
|-heal|p1a: Great Tusk|55/100|[from] item: Leftovers
|upkeep
|turn|4
|
|t:|1758330846
|move|p1a: Great Tusk|Rapid Spin|p2a: Glimmora
|-resisted|p2a: Glimmora
|-damage|p2a: Glimmora|92/100
|-boost|p1a: Great Tusk|spe|1
|-activate|p2a: Glimmora|ability: Toxic Debris
|-sidestart|p1: Daysiiii__|move: Toxic Spikes
|-sideend|p1: Daysiiii__|Toxic Spikes|[from] move: Rapid Spin|[of] p1a: Great Tusk
|-sideend|p1: Daysiiii__|Stealth Rock|[from] move: Rapid Spin|[of] p1a: Great Tusk
|move|p2a: Glimmora|Mortal Spin|p1a: Great Tusk
|-resisted|p1a: Great Tusk
|-damage|p1a: Great Tusk|54/100
|-status|p1a: Great Tusk|psn
|-sideend|p2: DeCompaniu|Stealth Rock|[from] move: Mortal Spin|[of] p2a: Glimmora
|
|-heal|p1a: Great Tusk|60/100 psn|[from] item: Leftovers
|-damage|p1a: Great Tusk|48/100 psn|[from] psn
|-end|p2a: Glimmora|move: Taunt
|upkeep
|turn|5
|
|t:|1758330862
|switch|p2a: Hawlucha|Hawlucha, M|100/100
|move|p1a: Great Tusk|Stealth Rock|p2a: Hawlucha
|-sidestart|p2: DeCompaniu|move: Stealth Rock
|
|-heal|p1a: Great Tusk|54/100 psn|[from] item: Leftovers
|-damage|p1a: Great Tusk|42/100 psn|[from] psn
|upkeep
|turn|6
|
|t:|1758330879
|switch|p2a: Golurk|Golurk|100/100
|-damage|p2a: Golurk|94/100|[from] Stealth Rock
|-end|p1a: Great Tusk|Protosynthesis|[silent]
|switch|p1a: Dragapult|Dragapult, M|100/100
|
|upkeep
|turn|7
|
|t:|1758330897
|-terastallize|p2a: Golurk|Dark
|move|p1a: Dragapult|Shadow Ball|p2a: Golurk
|-resisted|p2a: Golurk
|-damage|p2a: Golurk|68/100
|-unboost|p2a: Golurk|spd|1
|move|p2a: Golurk|Poltergeist|p1a: Dragapult
|-activate|p1a: Dragapult|move: Poltergeist|Choice Specs
|-supereffective|p1a: Dragapult
|-damage|p1a: Dragapult|0 fnt
|faint|p1a: Dragapult
|
|upkeep
|
|t:|1758330951
|switch|p1a: Great Tusk|Great Tusk, shiny|42/100 psn
|turn|8
|
|t:|1758330973
|switch|p2a: Polteageist|Polteageist-Antique|100/100
|-damage|p2a: Polteageist|88/100|[from] Stealth Rock
|move|p1a: Great Tusk|Knock Off|p2a: Polteageist
|-supereffective|p2a: Polteageist
|-damage|p2a: Polteageist|0 fnt
|-enditem|p2a: Polteageist|Focus Sash|[from] move: Knock Off|[of] p1a: Great Tusk
|faint|p2a: Polteageist
|
|-heal|p1a: Great Tusk|48/100 psn|[from] item: Leftovers
|-damage|p1a: Great Tusk|35/100 psn|[from] psn
|upkeep
|
|t:|1758330987
|switch|p2a: Greedent|Greedent, M|100/100
|-damage|p2a: Greedent|88/100|[from] Stealth Rock
|turn|9
|
|t:|1758331003
|move|p1a: Great Tusk|Knock Off|p2a: Greedent
|-damage|p2a: Greedent|71/100
|-enditem|p2a: Greedent|Ganlon Berry|[from] move: Knock Off|[of] p1a: Great Tusk
|move|p2a: Greedent|Stuff Cheeks||[still]
|-fail|p2a: Greedent
|
|-heal|p1a: Great Tusk|42/100 psn|[from] item: Leftovers
|-damage|p1a: Great Tusk|29/100 psn|[from] psn
|upkeep
|turn|10
|
|t:|1758331014
|move|p1a: Great Tusk|Earthquake|p2a: Greedent
|-damage|p2a: Greedent|46/100
|move|p2a: Greedent|Super Fang|p1a: Great Tusk
|-damage|p1a: Great Tusk|15/100 psn
|
|-heal|p1a: Great Tusk|21/100 psn|[from] item: Leftovers
|-damage|p1a: Great Tusk|9/100 psn|[from] psn
|upkeep
|turn|11
|
|t:|1758331038
|move|p1a: Great Tusk|Earthquake|p2a: Greedent
|-damage|p2a: Greedent|22/100
|move|p2a: Greedent|Body Press|p1a: Great Tusk
|-damage|p1a: Great Tusk|0 fnt
|faint|p1a: Great Tusk
|-end|p1a: Great Tusk|Protosynthesis|[silent]
|
|upkeep
|
|t:|1758331065
|switch|p1a: Rillaboom|Rillaboom, M, shiny|100/100
|-fieldstart|move: Grassy Terrain|[from] ability: Grassy Surge|[of] p1a: Rillaboom
|turn|12
|
|t:|1758331084
|move|p1a: Rillaboom|Grassy Glide|p2a: Greedent
|-damage|p2a: Greedent|0 fnt
|faint|p2a: Greedent
|
|upkeep
|
|t:|1758331090
|switch|p2a: Indeedee|Indeedee, M|100/100
|-damage|p2a: Indeedee|88/100|[from] Stealth Rock
|-fieldstart|move: Psychic Terrain|[from] ability: Psychic Surge|[of] p2a: Indeedee
|turn|13
|
|t:|1758331102
|switch|p2a: Hawlucha|Hawlucha, M|100/100
|-damage|p2a: Hawlucha|88/100|[from] Stealth Rock
|-enditem|p2a: Hawlucha|Psychic Seed
|-boost|p2a: Hawlucha|spd|1|[from] item: Psychic Seed
|switch|p1a: Dedenne|Dedenne, M, shiny|100/100
|
|upkeep
|turn|14
|
|t:|1758331116
|move|p2a: Hawlucha|Acrobatics|p1a: Dedenne
|-resisted|p1a: Dedenne
|-damage|p1a: Dedenne|64/100
|move|p1a: Dedenne|Nuzzle|p2a: Hawlucha
|-supereffective|p2a: Hawlucha
|-damage|p2a: Hawlucha|74/100
|-status|p2a: Hawlucha|par
|
|upkeep
|turn|15
|inactive|Battle timer is ON: inactive players will automatically lose when time's up. (requested by Daysiiii__)
|-message|DeCompaniu forfeited.
|
|win|Daysiiii__
|raw|Daysiiii__'s rating: 1161 &rarr; <strong>1190</strong><br />(+29 for winning)
|raw|DeCompaniu's rating: 1210 &rarr; <strong>1181</strong><br />(-29 for losing)
|l|☆DeCompaniu
|player|p2|
|l|☆Daysiiii__
|player|p1|
