|j|☆Red Icigool
|j|‽Lightx4
|t:|1758348677
|gametype|singles
|player|p1|Red Icigool|swimmerf-gen4|1301
|player|p2|Lightx4|169|1303
|gen|9
|tier|[Gen 9] OU
|rated|
|rule|HP Percentage Mod: HP is shown in percentages
|rule|Endless Battle Clause: Forcing endless battles is banned
|rule|Species Clause: Limit one of each Pokémon
|rule|OHKO Clause: OHKO moves are banned
|rule|Evasion Items Clause: Evasion items are banned
|rule|Evasion Moves Clause: Evasion moves are banned
|rule|Evasion Abilities Clause: Evasion abilities are banned
|rule|Sleep Moves Clause: Sleep-inducing moves are banned
|clearpoke
|poke|p1|Primarina, M|
|poke|p1|Slowbro-Galar, M|
|poke|p1|Ditto|
|poke|p1|Rillaboom, F|
|poke|p1|Zamazenta-*|
|poke|p1|Klefki, M|
|poke|p2|Pelipper, F|
|poke|p2|Hatterene, F|
|poke|p2|Iron Treads|
|poke|p2|Toxicroak, F|
|poke|p2|Barraskewda, F|
|poke|p2|Zapdos|
|teampreview
|inactive|Battle timer is ON: inactive players will automatically lose when time's up. (requested by Lightx4)
|
|t:|1758348701
|teamsize|p1|6
|teamsize|p2|6
|start
|switch|p1a: Klefki|Klefki, M|100/100
|switch|p2a: Pelipper|Pelipper, F|100/100
|-weather|RainDance|[from] ability: Drizzle|[of] p2a: Pelipper
|turn|1
|
|t:|1758348706
|move|p1a: Klefki|Switcheroo|p2a: Pelipper
|-activate|p1a: Klefki|move: Trick|[of] p2a: Pelipper
|-item|p2a: Pelipper|Choice Scarf|[from] move: Switcheroo
|-item|p1a: Klefki|Damp Rock|[from] move: Switcheroo
|move|p2a: Pelipper|Knock Off|p1a: Klefki
|-resisted|p1a: Klefki
|-damage|p1a: Klefki|95/100
|-enditem|p1a: Klefki|Damp Rock|[from] move: Knock Off|[of] p2a: Pelipper
|
|-weather|RainDance|[upkeep]
|upkeep
|turn|2
|
|t:|1758348716
|switch|p2a: Hatterene|Hatterene, F|100/100
|move|p1a: Klefki|Spikes|p2a: Hatterene
|move|p2a: Hatterene|Spikes|p1a: Klefki|[from] ability: Magic Bounce
|-sidestart|p1: Red Icigool|Spikes
|
|-weather|RainDance|[upkeep]
|upkeep
|turn|3
|
|t:|1758348721
|move|p1a: Klefki|Switcheroo|p2a: Hatterene
|-activate|p1a: Klefki|move: Trick|[of] p2a: Hatterene
|-enditem|p2a: Hatterene|Eject Button|[silent]|[from] move: Switcheroo
|-item|p1a: Klefki|Eject Button|[from] move: Switcheroo
|move|p2a: Hatterene|Nuzzle|p1a: Klefki
|-damage|p1a: Klefki|92/100
|-status|p1a: Klefki|par
|-enditem|p1a: Klefki|Eject Button
|
|t:|1758348747
|switch|p1a: Fastbro|Slowbro-Galar, M, shiny|100/100
|-damage|p1a: Fastbro|88/100|[from] Spikes
|
|-weather|RainDance|[upkeep]
|upkeep
|turn|4
|
|t:|1758348752
|switch|p2a: Iron Treads|Iron Treads|100/100
|move|p1a: Fastbro|Nasty Plot|p1a: Fastbro
|-boost|p1a: Fastbro|spa|2
|
|-weather|RainDance|[upkeep]
|upkeep
|turn|5
|
|t:|1758348760
|switch|p1a: Klefki|Klefki, M|92/100 par
|-damage|p1a: Klefki|80/100 par|[from] Spikes
|move|p2a: Iron Treads|Stealth Rock|p1a: Klefki
|-sidestart|p1: Red Icigool|move: Stealth Rock
|
|-weather|RainDance|[upkeep]
|upkeep
|turn|6
|
|t:|1758348769
|move|p1a: Klefki|Switcheroo|p2a: Iron Treads
|-activate|p1a: Klefki|move: Trick|[of] p2a: Iron Treads
|-enditem|p2a: Iron Treads|Leftovers|[silent]|[from] move: Switcheroo
|-item|p1a: Klefki|Leftovers|[from] move: Switcheroo
|move|p2a: Iron Treads|Earthquake|p1a: Klefki
|-supereffective|p1a: Klefki
|-damage|p1a: Klefki|19/100 par
|
|-weather|RainDance|[upkeep]
|-heal|p1a: Klefki|25/100 par|[from] item: Leftovers
|upkeep
|turn|7
|
|t:|1758348779
|move|p1a: Klefki|Spikes|p2a: Iron Treads
|-sidestart|p2: Lightx4|Spikes
|move|p2a: Iron Treads|Earthquake|p1a: Klefki
|-supereffective|p1a: Klefki
|-damage|p1a: Klefki|0 fnt
|faint|p1a: Klefki
|
|-weather|RainDance|[upkeep]
|upkeep
|
|t:|1758348785
|switch|p1a: Aqua|Primarina, M|100/100
|-damage|p1a: Aqua|88/100|[from] Spikes
|-damage|p1a: Aqua|76/100|[from] Stealth Rock
|turn|8
|
|t:|1758348790
|move|p2a: Iron Treads|Rapid Spin|p1a: Aqua
|-damage|p1a: Aqua|67/100
|-boost|p2a: Iron Treads|spe|1
|-sideend|p2: Lightx4|Spikes|[from] move: Rapid Spin|[of] p2a: Iron Treads
|move|p1a: Aqua|Substitute|p1a: Aqua
|-start|p1a: Aqua|Substitute
|-damage|p1a: Aqua|42/100
|
|-weather|none
|-heal|p1a: Aqua|48/100|[from] item: Leftovers
|upkeep
|turn|9
|
|t:|1758348793
|move|p2a: Iron Treads|Volt Switch|p1a: Aqua
|-supereffective|p1a: Aqua
|-activate|p1a: Aqua|move: Substitute|[damage]
|
|t:|1758348797
|-end|p2a: Iron Treads|Quark Drive|[silent]
|switch|p2a: Pelipper|Pelipper, F|100/100|[from] Volt Switch
|-weather|RainDance|[from] ability: Drizzle|[of] p2a: Pelipper
|move|p1a: Aqua|Calm Mind|p1a: Aqua
|-boost|p1a: Aqua|spa|1
|-boost|p1a: Aqua|spd|1
|
|-weather|RainDance|[upkeep]
|-heal|p1a: Aqua|54/100|[from] item: Leftovers
|upkeep
|turn|10
|
|t:|1758348800
|move|p2a: Pelipper|U-turn|p1a: Aqua
|-resisted|p1a: Aqua
|-activate|p1a: Aqua|move: Substitute|[damage]
|
|t:|1758348803
|switch|p2a: Hatterene|Hatterene, F|100/100|[from] U-turn
|move|p1a: Aqua|Draining Kiss|p2a: Hatterene
|-damage|p2a: Hatterene|68/100
|-heal|p1a: Aqua|75/100|[from] drain|[of] p2a: Hatterene
|
|-weather|RainDance|[upkeep]
|-heal|p1a: Aqua|81/100|[from] item: Leftovers
|upkeep
|turn|11
|
|t:|1758348810
|move|p1a: Aqua|Surf|p2a: Hatterene
|-damage|p2a: Hatterene|0 fnt
|faint|p2a: Hatterene
|
|-weather|RainDance|[upkeep]
|-heal|p1a: Aqua|87/100|[from] item: Leftovers
|upkeep
|
|t:|1758348817
|switch|p2a: Zapdos|Zapdos|100/100
|turn|12
|
|t:|1758348822
|move|p2a: Zapdos|Hurricane|p1a: Aqua
|-end|p1a: Aqua|Substitute
|move|p1a: Aqua|Draining Kiss|p2a: Zapdos
|-damage|p2a: Zapdos|65/100
|-heal|p1a: Aqua|100/100|[from] drain|[of] p2a: Zapdos
|
|-weather|RainDance|[upkeep]
|upkeep
|turn|13
|
|t:|1758348833
|switch|p1a: Saladman|Rillaboom, F|100/100
|-damage|p1a: Saladman|88/100|[from] Spikes
|-damage|p1a: Saladman|76/100|[from] Stealth Rock
|-fieldstart|move: Grassy Terrain|[from] ability: Grassy Surge|[of] p1a: Saladman
|move|p2a: Zapdos|Hurricane|p1a: Saladman
|-supereffective|p1a: Saladman
|-damage|p1a: Saladman|0 fnt
|faint|p1a: Saladman
|
|-weather|none
|upkeep
|
|t:|1758348843
|switch|p1a: Aqua|Primarina, M|100/100
|-damage|p1a: Aqua|88/100|[from] Spikes
|-damage|p1a: Aqua|76/100|[from] Stealth Rock
|turn|14
|
|t:|1758348851
|move|p2a: Zapdos|Hurricane|p1a: Aqua
|-damage|p1a: Aqua|5/100
|move|p1a: Aqua|Substitute|p1a: Aqua
|-fail|p1a: Aqua|move: Substitute|[weak]
|
|-heal|p1a: Aqua|11/100|[from] Grassy Terrain
|-heal|p1a: Aqua|17/100|[from] item: Leftovers
|upkeep
|turn|15
|
|t:|1758348856
|switch|p2a: Pelipper|Pelipper, F|100/100
|-weather|RainDance|[from] ability: Drizzle|[of] p2a: Pelipper
|move|p1a: Aqua|Surf|p2a: Pelipper
|-resisted|p2a: Pelipper
|-damage|p2a: Pelipper|59/100
|
|-weather|RainDance|[upkeep]
|-heal|p1a: Aqua|23/100|[from] Grassy Terrain
|-heal|p1a: Aqua|29/100|[from] item: Leftovers
|upkeep
|turn|16
|
|t:|1758348863
|move|p2a: Pelipper|U-turn|p1a: Aqua
|-resisted|p1a: Aqua
|-damage|p1a: Aqua|25/100
|
|t:|1758348870
|switch|p2a: Zapdos|Zapdos|65/100|[from] U-turn
|move|p1a: Aqua|Substitute|p1a: Aqua
|-fail|p1a: Aqua|move: Substitute|[weak]
|
|-weather|RainDance|[upkeep]
|-heal|p1a: Aqua|31/100|[from] Grassy Terrain
|-heal|p1a: Aqua|37/100|[from] item: Leftovers
|upkeep
|turn|17
|
|t:|1758348877
|move|p2a: Zapdos|Hurricane|p1a: Aqua
|-damage|p1a: Aqua|0 fnt
|faint|p1a: Aqua
|
|-weather|RainDance|[upkeep]
|-fieldend|move: Grassy Terrain
|upkeep
|
|t:|1758348880
|switch|p1a: You|Ditto|100/100
|-damage|p1a: You|88/100|[from] Spikes
|-damage|p1a: You|76/100|[from] Stealth Rock
|-transform|p1a: You|p2a: Zapdos|[from] ability: Imposter
|turn|18
|
|t:|1758348887
|move|p1a: You|Weather Ball|p2a: Zapdos
|-damage|p2a: Zapdos|1/100
|move|p2a: Zapdos|Hurricane|p1a: You
|-resisted|p1a: You
|-damage|p1a: You|26/100
|
|-weather|RainDance|[upkeep]
|upkeep
|turn|19
|
|t:|1758348892
|move|p1a: You|Weather Ball|p2a: Zapdos
|-damage|p2a: Zapdos|0 fnt
|faint|p2a: Zapdos
|
|-weather|none
|upkeep
|
|t:|1758348894
|switch|p2a: Pelipper|Pelipper, F|59/100
|-weather|RainDance|[from] ability: Drizzle|[of] p2a: Pelipper
|turn|20
|
|t:|1758348898
|switch|p1a: Fastbro|Slowbro-Galar, M, shiny|88/100
|-damage|p1a: Fastbro|76/100|[from] Spikes
|-damage|p1a: Fastbro|64/100|[from] Stealth Rock
|move|p2a: Pelipper|U-turn|p1a: Fastbro
|-damage|p1a: Fastbro|55/100
|
|t:|1758348901
|switch|p2a: Iron Treads|Iron Treads|100/100|[from] U-turn
|
|-weather|RainDance|[upkeep]
|upkeep
|turn|21
|
|t:|1758348913
|move|p2a: Iron Treads|Volt Switch|p1a: Fastbro
|-damage|p1a: Fastbro|41/100
|
|t:|1758348918
|-end|p2a: Iron Treads|Quark Drive|[silent]
|switch|p2a: Toxicroak|Toxicroak, F|100/100|[from] Volt Switch
|move|p1a: Fastbro|Flamethrower|p2a: Toxicroak
|-crit|p2a: Toxicroak
|-damage|p2a: Toxicroak|66/100
|
|-weather|RainDance|[upkeep]
|-heal|p2a: Toxicroak|79/100|[from] ability: Dry Skin
|upkeep
|turn|22
|-activate|p1a: Fastbro|ability: Quick Draw
|
|t:|1758348922
|move|p1a: Fastbro|Psyshock|p2a: Toxicroak
|-supereffective|p2a: Toxicroak
|-damage|p2a: Toxicroak|0 fnt
|faint|p2a: Toxicroak
|
|-weather|RainDance|[upkeep]
|upkeep
|
|t:|1758348925
|switch|p2a: Iron Treads|Iron Treads|100/100
|turn|23
|c|☆Red Icigool|FAST BRO
|
|t:|1758348931
|move|p2a: Iron Treads|Earthquake|p1a: Fastbro
|-supereffective|p1a: Fastbro
|-damage|p1a: Fastbro|0 fnt
|faint|p1a: Fastbro
|
|-weather|RainDance|[upkeep]
|upkeep
|
|t:|1758348934
|switch|p1a: Zamazenta|Zamazenta|100/100
|-damage|p1a: Zamazenta|88/100|[from] Spikes
|-damage|p1a: Zamazenta|82/100|[from] Stealth Rock
|-ability|p1a: Zamazenta|Dauntless Shield|boost
|-boost|p1a: Zamazenta|def|1
|turn|24
|
|t:|1758348944
|move|p1a: Zamazenta|Substitute|p1a: Zamazenta
|-start|p1a: Zamazenta|Substitute
|-damage|p1a: Zamazenta|57/100
|move|p2a: Iron Treads|Volt Switch|p1a: Zamazenta
|-activate|p1a: Zamazenta|move: Substitute|[damage]
|
|t:|1758348948
|-end|p2a: Iron Treads|Quark Drive|[silent]
|switch|p2a: Pelipper|Pelipper, F|59/100|[from] Volt Switch
|
|-weather|none
|-heal|p1a: Zamazenta|63/100|[from] item: Leftovers
|upkeep
|turn|25
|
|t:|1758348954
|move|p1a: Zamazenta|Iron Defense|p1a: Zamazenta
|-boost|p1a: Zamazenta|def|2
|move|p2a: Pelipper|U-turn|p1a: Zamazenta
|-resisted|p1a: Zamazenta
|-activate|p1a: Zamazenta|move: Substitute|[damage]
|
|t:|1758348957
|switch|p2a: Barraskewda|Barraskewda, F|100/100|[from] U-turn
|
|-heal|p1a: Zamazenta|69/100|[from] item: Leftovers
|upkeep
|turn|26
|
|t:|1758348960
|move|p1a: Zamazenta|Body Press|p2a: Barraskewda
|-damage|p2a: Barraskewda|0 fnt
|faint|p2a: Barraskewda
|
|-heal|p1a: Zamazenta|76/100|[from] item: Leftovers
|upkeep
|-message|Lightx4 forfeited.
|
|win|Red Icigool
|raw|Red Icigool's rating: 1301 &rarr; <strong>1321</strong><br />(+20 for winning)
|raw|Lightx4's rating: 1303 &rarr; <strong>1283</strong><br />(-20 for losing)
|l|‽Lightx4
|player|p2|
|l|☆Red Icigool
|player|p1|
