|j|☆rosie54
|j|☆ireslre
|t:|1758316616
|gametype|singles
|player|p1|rosie54|lady-gen4|1139
|player|p2|ireslre|akari|1152
|gen|9
|tier|[Gen 9] OU
|rated|
|rule|HP Percentage Mod: HP is shown in percentages
|rule|Endless Battle Clause: Forcing endless battles is banned
|rule|Species Clause: Limit one of each Pokémon
|rule|OHKO Clause: OHKO moves are banned
|rule|Evasion Items Clause: Evasion items are banned
|rule|Evasion Moves Clause: Evasion moves are banned
|rule|Evasion Abilities Clause: Evasion abilities are banned
|rule|Sleep Moves Clause: Sleep-inducing moves are banned
|clearpoke
|poke|p1|Jirachi|
|poke|p1|Gardevoir, F|
|poke|p1|Persian, F|
|poke|p1|Mew|
|poke|p1|Cloyster, F|
|poke|p1|Clefable, F|
|poke|p2|Samurott-Hisui, M|
|poke|p2|Arcanine-Hisui, F|
|poke|p2|Goodra-Hisui, F|
|poke|p2|Braviary-Hisui, M|
|poke|p2|Decidueye-Hisui, M|
|poke|p2|Zoroark-Hisui, F|
|teampreview
|
|t:|1758316651
|teamsize|p1|6
|teamsize|p2|6
|start
|switch|p1a: Persian|Persian, F|100/100
|switch|p2a: Samurott|Samurott-Hisui, M|100/100
|turn|1
|
|t:|1758316658
|move|p1a: Persian|Nasty Plot|p1a: Persian
|-boost|p1a: Persian|spa|2
|move|p2a: Samurott|Swords Dance|p2a: Samurott
|-boost|p2a: Samurott|atk|2
|
|upkeep
|turn|2
|
|t:|1758316667
|move|p1a: Persian|Thunderbolt|p2a: Samurott
|-supereffective|p2a: Samurott
|-damage|p2a: Samurott|0 fnt
|faint|p2a: Samurott
|
|upkeep
|
|t:|1758316672
|switch|p2a: Goodra|Goodra-Hisui, F|100/100
|turn|3
|
|t:|1758316683
|move|p1a: Persian|Icy Wind|p2a: Goodra
|-damage|p2a: Goodra|77/100
|-unboost|p2a: Goodra|spe|1
|move|p2a: Goodra|Acid Armor|p2a: Goodra
|-boost|p2a: Goodra|def|2
|
|-heal|p2a: Goodra|83/100|[from] item: Leftovers
|upkeep
|turn|4
|inactive|Battle timer is ON: inactive players will automatically lose when time's up. (requested by rosie54)
|
|t:|1758316745
|-terastallize|p1a: Persian|Fire
|move|p1a: Persian|Tera Blast|p2a: Goodra|[anim] Tera Blast Fire
|-damage|p2a: Goodra|46/100
|move|p2a: Goodra|Body Press|p1a: Persian
|-damage|p1a: Persian|33/100
|
|-heal|p2a: Goodra|52/100|[from] item: Leftovers
|upkeep
|turn|5
|
|t:|1758316759
|move|p1a: Persian|Tera Blast|p2a: Goodra|[anim] Tera Blast Fire
|-damage|p2a: Goodra|18/100
|move|p2a: Goodra|Body Press|p1a: Persian
|-damage|p1a: Persian|0 fnt
|faint|p1a: Persian
|
|-heal|p2a: Goodra|24/100|[from] item: Leftovers
|upkeep
|
|t:|1758316772
|switch|p1a: Gardevoir|Gardevoir, F|100/100
|-ability|p1a: Gardevoir|Sap Sipper|Trace|[from] ability: Trace|[of] p2a: Goodra
|turn|6
|inactive|ireslre has 120 seconds left.
|
|t:|1758316807
|move|p1a: Gardevoir|Aura Sphere|p2a: Goodra
|-supereffective|p2a: Goodra
|-damage|p2a: Goodra|0 fnt
|faint|p2a: Goodra
|
|upkeep
|
|t:|1758316814
|switch|p2a: Arcanine|Arcanine-Hisui, F|100/100
|-item|p2a: Arcanine|Air Balloon
|turn|7
|
|t:|1758316819
|move|p1a: Gardevoir|Aura Sphere|p2a: Arcanine
|-supereffective|p2a: Arcanine
|-damage|p2a: Arcanine|32/100
|-enditem|p2a: Arcanine|Air Balloon
|move|p2a: Arcanine|Head Smash|p1a: Gardevoir
|-damage|p1a: Gardevoir|0 fnt
|faint|p1a: Gardevoir
|
|upkeep
|
|t:|1758316829
|switch|p1a: Mew|Mew|100/100
|turn|8
|inactive|ireslre has 120 seconds left.
|
|t:|1758316849
|move|p2a: Arcanine|Extreme Speed|p1a: Mew
|-damage|p1a: Mew|74/100
|move|p1a: Mew|Psychic|p2a: Arcanine
|-damage|p2a: Arcanine|0 fnt
|faint|p2a: Arcanine
|
|-heal|p1a: Mew|80/100|[from] item: Leftovers
|upkeep
|
|t:|1758316854
|switch|p2a: Decidueye|Decidueye-Hisui, M|100/100
|turn|9
|
|t:|1758316865
|move|p2a: Decidueye|Nasty Plot|p2a: Decidueye
|-boost|p2a: Decidueye|spa|2
|move|p1a: Mew|Psychic|p2a: Decidueye
|-damage|p2a: Decidueye|15/100
|replace|p2a: Zoroark|Zoroark-Hisui, F
|-end|p2a: Zoroark|Illusion
|
|-heal|p1a: Mew|86/100|[from] item: Leftovers
|upkeep
|turn|10
|inactive|ireslre has 120 seconds left.
|
|t:|1758316901
|switch|p1a: Clefable|Clefable, F|100/100
|move|p2a: Zoroark|Shadow Ball|p1a: Clefable
|-damage|p1a: Clefable|63/100
|
|-heal|p1a: Clefable|69/100|[from] item: Leftovers
|upkeep
|turn|11
|
|t:|1758316911
|move|p2a: Zoroark|Hyper Voice|p1a: Clefable
|-damage|p1a: Clefable|25/100
|move|p1a: Clefable|Moonblast|p2a: Zoroark
|-damage|p2a: Zoroark|0 fnt
|faint|p2a: Zoroark
|
|-heal|p1a: Clefable|31/100|[from] item: Leftovers
|upkeep
|inactive|ireslre has 120 seconds left.
|inactive|ireslre has 90 seconds left.
|
|t:|1758316968
|switch|p2a: Braviary|Braviary-Hisui, M|100/100
|turn|12
|
|t:|1758316980
|move|p2a: Braviary|Agility|p2a: Braviary
|-boost|p2a: Braviary|spe|2
|move|p1a: Clefable|Moonblast|p2a: Braviary
|-damage|p2a: Braviary|62/100
|-unboost|p2a: Braviary|spa|1
|
|-heal|p1a: Clefable|37/100|[from] item: Leftovers
|upkeep
|turn|13
|inactive|ireslre has 60 seconds left.
|
|t:|1758317020
|move|p2a: Braviary|Psychic|p1a: Clefable
|-damage|p1a: Clefable|0 fnt
|faint|p1a: Clefable
|
|upkeep
|
|t:|1758317033
|switch|p1a: Jirachi|Jirachi|100/100
|turn|14
|inactive|ireslre has 60 seconds left.
|inactive|ireslre has 30 seconds left.
|
|t:|1758317073
|move|p2a: Braviary|Heat Wave|p1a: Jirachi
|-supereffective|p1a: Jirachi
|-damage|p1a: Jirachi|31/100
|move|p1a: Jirachi|Body Slam|p2a: Braviary
|-damage|p2a: Braviary|32/100
|
|-heal|p1a: Jirachi|37/100|[from] item: Leftovers
|upkeep
|turn|15
|l|☆ireslre
|inactive|ireslre disconnected and has a minute to reconnect!
|player|p2|
|
|t:|1758317084
|move|p2a: Braviary|Heat Wave|p1a: Jirachi
|-supereffective|p1a: Jirachi
|-damage|p1a: Jirachi|0 fnt
|faint|p1a: Jirachi
|
|upkeep
|
|t:|1758317092
|switch|p1a: Cloyster|Cloyster, F|100/100
|turn|16
|inactive|ireslre has 30 seconds left.
|inactive|ireslre has 20 seconds left.
|inactive|ireslre has 15 seconds left.
|inactive|ireslre has 10 seconds left.
|inactive|ireslre has 5 seconds left.
|-message|ireslre lost due to inactivity.
|
|win|rosie54
|raw|rosie54's rating: 1139 &rarr; <strong>1165</strong><br />(+26 for winning)
|raw|ireslre's rating: 1152 &rarr; <strong>1126</strong><br />(-26 for losing)
|l|☆rosie54
|player|p1|
