|j|‽obamaisbiden
|j|☆TheGrustler
|t:|1758342841
|gametype|singles
|player|p1|obamaisbiden|ghetsis|1526
|player|p2|TheGrustler|265|1494
|gen|9
|tier|[Gen 9] OU
|rated|
|rule|HP Percentage Mod: HP is shown in percentages
|rule|Endless Battle Clause: Forcing endless battles is banned
|rule|Species Clause: Limit one of each Pokémon
|rule|OHKO Clause: OHKO moves are banned
|rule|Evasion Items Clause: Evasion items are banned
|rule|Evasion Moves Clause: Evasion moves are banned
|rule|Evasion Abilities Clause: Evasion abilities are banned
|rule|Sleep Moves Clause: Sleep-inducing moves are banned
|clearpoke
|poke|p1|Gholdengo|
|poke|p1|Garganacl, F|
|poke|p1|Dragonite, M|
|poke|p1|Raging Bolt|
|poke|p1|Ogerpon-Wellspring, F|
|poke|p1|Great Tusk|
|poke|p2|Porygon-Z|
|poke|p2|Zamazenta-*|
|poke|p2|Pecharunt|
|poke|p2|Iron Treads|
|poke|p2|Alomomola, F|
|poke|p2|Rillaboom, F|
|teampreview
|inactive|Battle timer is ON: inactive players will automatically lose when time's up. (requested by obamaisbiden)
|
|t:|1758342858
|teamsize|p1|6
|teamsize|p2|6
|start
|switch|p1a: Dragonite|Dragonite, M|100/100
|switch|p2a: Rillaboom|Rillaboom, F|100/100
|-fieldstart|move: Grassy Terrain|[from] ability: Grassy Surge|[of] p2a: Rillaboom
|turn|1
|
|t:|1758342868
|switch|p1a: Gholdengo|Gholdengo|100/100
|move|p2a: Rillaboom|U-turn|p1a: Gholdengo
|-resisted|p1a: Gholdengo
|-damage|p1a: Gholdengo|90/100
|
|t:|1758342871
|switch|p2a: Porygon-Z|Porygon-Z|100/100|[from] U-turn
|-ability|p2a: Porygon-Z|Download|boost
|-boost|p2a: Porygon-Z|spa|1
|
|-heal|p1a: Gholdengo|96/100|[from] Grassy Terrain
|upkeep
|turn|2
|
|t:|1758342879
|switch|p2a: Alomomola|Alomomola, F|100/100
|move|p1a: Gholdengo|Make It Rain|p2a: Alomomola
|-resisted|p2a: Alomomola
|-damage|p2a: Alomomola|86/100
|-unboost|p1a: Gholdengo|spa|1
|
|-heal|p1a: Gholdengo|100/100|[from] Grassy Terrain
|-heal|p2a: Alomomola|92/100|[from] Grassy Terrain
|upkeep
|turn|3
|
|t:|1758342886
|switch|p1a: Ogerpon|Ogerpon-Wellspring, F|100/100
|move|p2a: Alomomola|Flip Turn|p1a: Ogerpon
|-immune|p1a: Ogerpon|[from] ability: Water Absorb
|
|-heal|p2a: Alomomola|99/100|[from] Grassy Terrain
|upkeep
|turn|4
|
|t:|1758342890
|switch|p2a: Pecharunt|Pecharunt|100/100
|move|p1a: Ogerpon|Power Whip|p2a: Pecharunt|[miss]
|-miss|p1a: Ogerpon|p2a: Pecharunt
|
|upkeep
|turn|5
|
|t:|1758342896
|move|p1a: Ogerpon|U-turn|p2a: Pecharunt
|-resisted|p2a: Pecharunt
|-damage|p2a: Pecharunt|98/100
|-damage|p1a: Ogerpon|84/100|[from] item: Rocky Helmet|[of] p2a: Pecharunt
|
|t:|1758342903
|switch|p1a: Garganacl|Garganacl, F, shiny|100/100|[from] U-turn
|move|p2a: Pecharunt|Parting Shot|p1a: Garganacl
|-unboost|p1a: Garganacl|atk|1
|-unboost|p1a: Garganacl|spa|1
|
|t:|1758342921
|switch|p2a: Rillaboom|Rillaboom, F|100/100|[from] Parting Shot
|
|-fieldend|move: Grassy Terrain
|upkeep
|turn|6
|
|t:|1758342923
|move|p2a: Rillaboom|U-turn|p1a: Garganacl
|-damage|p1a: Garganacl|77/100
|
|t:|1758342926
|switch|p2a: Zamazenta|Zamazenta|100/100|[from] U-turn
|-ability|p2a: Zamazenta|Dauntless Shield|boost
|-boost|p2a: Zamazenta|def|1
|move|p1a: Garganacl|Iron Defense|p1a: Garganacl
|-boost|p1a: Garganacl|def|2
|
|-heal|p1a: Garganacl|83/100|[from] item: Leftovers
|upkeep
|turn|7
|
|t:|1758342929
|move|p1a: Garganacl|Salt Cure|p2a: Zamazenta
|-resisted|p2a: Zamazenta
|-damage|p2a: Zamazenta|98/100
|-start|p2a: Zamazenta|Salt Cure
|move|p2a: Zamazenta|Roar|p1a: Garganacl
|drag|p1a: Raging Bolt|Raging Bolt|100/100
|-enditem|p1a: Raging Bolt|Booster Energy
|-activate|p1a: Raging Bolt|ability: Protosynthesis|[fromitem]
|-start|p1a: Raging Bolt|protosynthesisspa
|
|-damage|p2a: Zamazenta|86/100|[from] Salt Cure
|upkeep
|turn|8
|
|t:|1758342933
|switch|p2a: Iron Treads|Iron Treads|100/100
|move|p1a: Raging Bolt|Draco Meteor|p2a: Iron Treads
|-resisted|p2a: Iron Treads
|-damage|p2a: Iron Treads|61/100
|-unboost|p1a: Raging Bolt|spa|2
|
|-heal|p2a: Iron Treads|67/100|[from] item: Leftovers
|upkeep
|turn|9
|
|t:|1758342941
|-end|p2a: Iron Treads|Quark Drive|[silent]
|switch|p2a: Rillaboom|Rillaboom, F|100/100
|-fieldstart|move: Grassy Terrain|[from] ability: Grassy Surge|[of] p2a: Rillaboom
|-end|p1a: Raging Bolt|Protosynthesis|[silent]
|switch|p1a: Great Tusk|Great Tusk|100/100
|
|upkeep
|turn|10
|
|t:|1758342950
|-end|p1a: Great Tusk|Protosynthesis|[silent]
|switch|p1a: Gholdengo|Gholdengo|100/100
|move|p2a: Rillaboom|Knock Off|p1a: Gholdengo
|-supereffective|p1a: Gholdengo
|-damage|p1a: Gholdengo|0 fnt
|-enditem|p1a: Gholdengo|Choice Scarf|[from] move: Knock Off|[of] p2a: Rillaboom
|faint|p1a: Gholdengo
|
|upkeep
|
|t:|1758342954
|switch|p1a: Great Tusk|Great Tusk|100/100
|turn|11
|
|t:|1758342975
|move|p1a: Great Tusk|Stealth Rock|p2a: Rillaboom
|-sidestart|p2: TheGrustler|move: Stealth Rock
|move|p2a: Rillaboom|Knock Off|p1a: Great Tusk
|-resisted|p1a: Great Tusk
|-damage|p1a: Great Tusk|82/100
|-damage|p2a: Rillaboom|84/100|[from] item: Rocky Helmet|[of] p1a: Great Tusk
|-enditem|p1a: Great Tusk|Rocky Helmet|[from] move: Knock Off|[of] p2a: Rillaboom
|
|-heal|p1a: Great Tusk|89/100|[from] Grassy Terrain
|-heal|p2a: Rillaboom|90/100|[from] Grassy Terrain
|upkeep
|turn|12
|
|t:|1758342981
|switch|p2a: Pecharunt|Pecharunt|98/100
|-damage|p2a: Pecharunt|85/100|[from] Stealth Rock
|move|p1a: Great Tusk|Ice Spinner|p2a: Pecharunt
|-damage|p2a: Pecharunt|73/100
|-damage|p1a: Great Tusk|72/100|[from] item: Rocky Helmet|[of] p2a: Pecharunt
|-fieldend|move: Grassy Terrain
|
|upkeep
|turn|13
|
|t:|1758342995
|switch|p2a: Rillaboom|Rillaboom, F|90/100
|-damage|p2a: Rillaboom|78/100|[from] Stealth Rock
|-fieldstart|move: Grassy Terrain|[from] ability: Grassy Surge|[of] p2a: Rillaboom
|move|p1a: Great Tusk|Headlong Rush|p2a: Rillaboom
|-resisted|p2a: Rillaboom
|-damage|p2a: Rillaboom|42/100
|-unboost|p1a: Great Tusk|def|1
|-unboost|p1a: Great Tusk|spd|1
|
|-heal|p1a: Great Tusk|78/100|[from] Grassy Terrain
|-heal|p2a: Rillaboom|48/100|[from] Grassy Terrain
|upkeep
|turn|14
|
|t:|1758343000
|move|p2a: Rillaboom|Grassy Glide|p1a: Great Tusk
|-supereffective|p1a: Great Tusk
|-damage|p1a: Great Tusk|0 fnt
|faint|p1a: Great Tusk
|-end|p1a: Great Tusk|Protosynthesis|[silent]
|
|-heal|p2a: Rillaboom|54/100|[from] Grassy Terrain
|upkeep
|
|t:|1758343003
|switch|p1a: Dragonite|Dragonite, M|100/100
|turn|15
|
|t:|1758343017
|switch|p2a: Pecharunt|Pecharunt|73/100
|-damage|p2a: Pecharunt|60/100|[from] Stealth Rock
|move|p1a: Dragonite|Dragon Dance|p1a: Dragonite
|-boost|p1a: Dragonite|atk|1
|-boost|p1a: Dragonite|spe|1
|
|-heal|p2a: Pecharunt|66/100|[from] Grassy Terrain
|upkeep
|turn|16
|
|t:|1758343022
|move|p1a: Dragonite|Earthquake|p2a: Pecharunt
|-supereffective|p2a: Pecharunt
|-damage|p2a: Pecharunt|38/100
|move|p2a: Pecharunt|Malignant Chain|p1a: Dragonite
|-damage|p1a: Dragonite|83/100
|
|-heal|p2a: Pecharunt|44/100|[from] Grassy Terrain
|upkeep
|turn|17
|
|t:|1758343032
|move|p1a: Dragonite|Dragon Dance|p1a: Dragonite
|-boost|p1a: Dragonite|atk|1
|-boost|p1a: Dragonite|spe|1
|move|p2a: Pecharunt|Malignant Chain|p1a: Dragonite
|-damage|p1a: Dragonite|50/100
|-status|p1a: Dragonite|tox
|-start|p1a: Dragonite|confusion|[from] ability: Poison Puppeteer|[of] p2a: Pecharunt
|
|-heal|p2a: Pecharunt|50/100|[from] Grassy Terrain
|-damage|p1a: Dragonite|44/100 tox|[from] psn
|-fieldend|move: Grassy Terrain
|upkeep
|turn|18
|
|t:|1758343044
|-terastallize|p2a: Pecharunt|Dark
|-activate|p1a: Dragonite|confusion
|-damage|p1a: Dragonite|13/100 tox|[from] confusion
|move|p2a: Pecharunt|Recover|p2a: Pecharunt
|-heal|p2a: Pecharunt|100/100
|
|-damage|p1a: Dragonite|0 fnt|[from] psn
|faint|p1a: Dragonite
|upkeep
|
|t:|1758343051
|switch|p1a: Ogerpon|Ogerpon-Wellspring, F|84/100
|turn|19
|
|t:|1758343056
|move|p1a: Ogerpon|Play Rough|p2a: Pecharunt
|-supereffective|p2a: Pecharunt
|-damage|p2a: Pecharunt|66/100
|-damage|p1a: Ogerpon|67/100|[from] item: Rocky Helmet|[of] p2a: Pecharunt
|move|p2a: Pecharunt|Malignant Chain|p1a: Ogerpon
|-supereffective|p1a: Ogerpon
|-damage|p1a: Ogerpon|0 fnt
|faint|p1a: Ogerpon
|
|upkeep
|
|t:|1758343059
|switch|p1a: Raging Bolt|Raging Bolt|100/100
|turn|20
|
|t:|1758343064
|switch|p2a: Alomomola|Alomomola, F|100/100
|-damage|p2a: Alomomola|88/100|[from] Stealth Rock
|move|p1a: Raging Bolt|Calm Mind|p1a: Raging Bolt
|-boost|p1a: Raging Bolt|spa|1
|-boost|p1a: Raging Bolt|spd|1
|
|upkeep
|turn|21
|
|t:|1758343071
|move|p1a: Raging Bolt|Thunderbolt|p2a: Alomomola
|-supereffective|p2a: Alomomola
|-damage|p2a: Alomomola|12/100
|move|p2a: Alomomola|Flip Turn|p1a: Raging Bolt
|-resisted|p1a: Raging Bolt
|-damage|p1a: Raging Bolt|93/100
|
|t:|1758343075
|switch|p2a: Iron Treads|Iron Treads|67/100|[from] Flip Turn
|-damage|p2a: Iron Treads|64/100|[from] Stealth Rock
|
|-heal|p2a: Iron Treads|70/100|[from] item: Leftovers
|upkeep
|turn|22
|
|t:|1758343081
|move|p2a: Iron Treads|High Horsepower|p1a: Raging Bolt
|-supereffective|p1a: Raging Bolt
|-damage|p1a: Raging Bolt|30/100
|move|p1a: Raging Bolt|Draco Meteor|p2a: Iron Treads|[miss]
|-miss|p1a: Raging Bolt|p2a: Iron Treads
|
|-heal|p2a: Iron Treads|76/100|[from] item: Leftovers
|upkeep
|turn|23
|
|t:|1758343085
|move|p2a: Iron Treads|High Horsepower|p1a: Raging Bolt
|-supereffective|p1a: Raging Bolt
|-damage|p1a: Raging Bolt|0 fnt
|faint|p1a: Raging Bolt
|-end|p1a: Raging Bolt|Protosynthesis|[silent]
|
|-heal|p2a: Iron Treads|82/100|[from] item: Leftovers
|upkeep
|
|t:|1758343088
|switch|p1a: Garganacl|Garganacl, F, shiny|83/100
|turn|24
|
|t:|1758343098
|-end|p2a: Iron Treads|Quark Drive|[silent]
|switch|p2a: Zamazenta|Zamazenta|86/100
|-terastallize|p1a: Garganacl|Bug
|move|p1a: Garganacl|Iron Defense|p1a: Garganacl
|-boost|p1a: Garganacl|def|2
|
|-heal|p1a: Garganacl|89/100|[from] item: Leftovers
|upkeep
|turn|25
|
|t:|1758343109
|move|p2a: Zamazenta|Crunch|p1a: Garganacl
|-damage|p1a: Garganacl|81/100
|move|p1a: Garganacl|Iron Defense|p1a: Garganacl
|-boost|p1a: Garganacl|def|2
|
|-heal|p1a: Garganacl|87/100|[from] item: Leftovers
|upkeep
|turn|26
|
|t:|1758343112
|move|p2a: Zamazenta|Crunch|p1a: Garganacl
|-damage|p1a: Garganacl|81/100
|move|p1a: Garganacl|Iron Defense|p1a: Garganacl
|-boost|p1a: Garganacl|def|2
|
|-heal|p1a: Garganacl|88/100|[from] item: Leftovers
|upkeep
|turn|27
|
|t:|1758343115
|move|p2a: Zamazenta|Crunch|p1a: Garganacl
|-damage|p1a: Garganacl|83/100
|move|p1a: Garganacl|Body Press|p2a: Zamazenta
|-damage|p2a: Zamazenta|0 fnt
|faint|p2a: Zamazenta
|
|-heal|p1a: Garganacl|90/100|[from] item: Leftovers
|upkeep
|
|t:|1758343124
|switch|p2a: Porygon-Z|Porygon-Z|100/100
|-damage|p2a: Porygon-Z|88/100|[from] Stealth Rock
|-ability|p2a: Porygon-Z|Download|boost
|-boost|p2a: Porygon-Z|spa|1
|turn|28
|
|t:|1758343130
|move|p2a: Porygon-Z|Tri Attack|p1a: Garganacl
|-damage|p1a: Garganacl|19/100
|move|p1a: Garganacl|Body Press|p2a: Porygon-Z
|-supereffective|p2a: Porygon-Z
|-crit|p2a: Porygon-Z
|-damage|p2a: Porygon-Z|0 fnt
|faint|p2a: Porygon-Z
|
|-heal|p1a: Garganacl|25/100|[from] item: Leftovers
|upkeep
|
|t:|1758343139
|switch|p2a: Pecharunt|Pecharunt, tera:Dark|66/100
|-damage|p2a: Pecharunt|54/100|[from] Stealth Rock
|turn|29
|
|t:|1758343141
|move|p2a: Pecharunt|Malignant Chain|p1a: Garganacl
|-damage|p1a: Garganacl|0 fnt
|faint|p1a: Garganacl
|
|win|TheGrustler
|raw|obamaisbiden's rating: 1526 &rarr; <strong>1504</strong><br />(-22 for losing)
|raw|TheGrustler's rating: 1494 &rarr; <strong>1516</strong><br />(+22 for winning)
|l|‽obamaisbiden
|player|p1|
|l|☆TheGrustler
|player|p2|
