|j|☆Feketekola
|j|☆notmeezo
|t:|1758294184
|gametype|singles
|player|p1|Feketekola|harlequin|1376
|player|p2|notmeezo|lucas|1338
|gen|9
|tier|[Gen 9] OU
|rated|
|rule|HP Percentage Mod: HP is shown in percentages
|rule|Endless Battle Clause: Forcing endless battles is banned
|rule|Species Clause: Limit one of each Pokémon
|rule|OHKO Clause: OHKO moves are banned
|rule|Evasion Items Clause: Evasion items are banned
|rule|Evasion Moves Clause: Evasion moves are banned
|rule|Evasion Abilities Clause: Evasion abilities are banned
|rule|Sleep Moves Clause: Sleep-inducing moves are banned
|clearpoke
|poke|p1|Zamazenta-*|
|poke|p1|Ogerpon-Wellspring, F|
|poke|p1|Slowking-Galar, F|
|poke|p1|Great Tusk|
|poke|p1|Kingambit, M|
|poke|p1|Zapdos|
|poke|p2|Zamazenta-*|
|poke|p2|Serperior, M|
|poke|p2|Rotom-Heat|
|poke|p2|Corviknight, F|
|poke|p2|Gliscor, F|
|poke|p2|Ogerpon-Wellspring, F|
|teampreview
|inactive|Battle timer is ON: inactive players will automatically lose when time's up. (requested by notmeezo)
|
|t:|1758294213
|teamsize|p1|6
|teamsize|p2|6
|start
|switch|p1a: Ogerpon|Ogerpon-Wellspring, F|100/100
|switch|p2a: Telkom|Rotom-Heat|100/100
|turn|1
|inactive|notmeezo has 120 seconds left.
|
|t:|1758294245
|move|p2a: Telkom|Volt Switch|p1a: Ogerpon
|-damage|p1a: Ogerpon|59/100
|
|t:|1758294249
|switch|p2a: Mystic|Ogerpon-Wellspring, F|100/100|[from] Volt Switch
|move|p1a: Ogerpon|Knock Off|p2a: Mystic
|-damage|p2a: Mystic|68/100
|
|upkeep
|turn|2
|
|t:|1758294257
|move|p2a: Mystic|U-turn|p1a: Ogerpon
|-supereffective|p1a: Ogerpon
|-damage|p1a: Ogerpon|0 fnt
|faint|p1a: Ogerpon
|
|t:|1758294262
|switch|p2a: Telkom|Rotom-Heat|100/100|[from] U-turn
|
|upkeep
|
|t:|1758294272
|switch|p1a: Slowking|Slowking-Galar, F|100/100
|turn|3
|
|t:|1758294284
|move|p2a: Telkom|Dark Pulse|p1a: Slowking
|-supereffective|p1a: Slowking
|-damage|p1a: Slowking|72/100
|move|p1a: Slowking|Psyshock|p2a: Telkom
|-damage|p2a: Telkom|54/100
|
|upkeep
|turn|4
|
|t:|1758294292
|move|p2a: Telkom|Dark Pulse|p1a: Slowking
|-supereffective|p1a: Slowking
|-damage|p1a: Slowking|43/100
|cant|p1a: Slowking|flinch
|
|upkeep
|turn|5
|
|t:|1758294297
|move|p2a: Telkom|Dark Pulse|p1a: Slowking
|-supereffective|p1a: Slowking
|-damage|p1a: Slowking|17/100
|move|p1a: Slowking|Sludge Bomb|p2a: Telkom
|-damage|p2a: Telkom|0 fnt
|faint|p2a: Telkom
|
|upkeep
|
|t:|1758294306
|switch|p2a: Mystic|Ogerpon-Wellspring, F|68/100
|turn|6
|
|t:|1758294310
|switch|p1a: Zapdos|Zapdos|100/100
|move|p2a: Mystic|Knock Off|p1a: Zapdos
|-damage|p1a: Zapdos|73/100
|-enditem|p1a: Zapdos|Heavy-Duty Boots|[from] move: Knock Off|[of] p2a: Mystic
|
|upkeep
|turn|7
|
|t:|1758294319
|switch|p2a: Pinch|Gliscor, F|100/100
|move|p1a: Zapdos|Hurricane|p2a: Pinch
|-damage|p2a: Pinch|57/100
|
|-status|p2a: Pinch|tox|[from] item: Toxic Orb
|upkeep
|turn|8
|
|t:|1758294330
|switch|p1a: Zamazenta|Zamazenta|100/100
|-ability|p1a: Zamazenta|Dauntless Shield|boost
|-boost|p1a: Zamazenta|def|1
|move|p2a: Pinch|Protect||[still]
|-fail|p2a: Pinch
|
|-heal|p2a: Pinch|70/100 tox|[from] ability: Poison Heal
|upkeep
|turn|9
|
|t:|1758294341
|move|p1a: Zamazenta|Ice Fang|p2a: Pinch
|-supereffective|p2a: Pinch
|-damage|p2a: Pinch|0 fnt
|faint|p2a: Pinch
|
|upkeep
|
|t:|1758294346
|switch|p2a: Fuzzy|Serperior, M|100/100
|turn|10
|
|t:|1758294351
|-terastallize|p2a: Fuzzy|Electric
|move|p1a: Zamazenta|Ice Fang|p2a: Fuzzy
|-damage|p2a: Fuzzy|77/100
|move|p2a: Fuzzy|Glare|p1a: Zamazenta
|-status|p1a: Zamazenta|par
|
|-heal|p2a: Fuzzy|83/100|[from] item: Leftovers
|upkeep
|turn|11
|
|t:|1758294359
|move|p2a: Fuzzy|Leaf Storm|p1a: Zamazenta
|-damage|p1a: Zamazenta|64/100 par
|-boost|p2a: Fuzzy|spa|2
|move|p1a: Zamazenta|Close Combat|p2a: Fuzzy
|-damage|p2a: Fuzzy|14/100
|-unboost|p1a: Zamazenta|def|1
|-unboost|p1a: Zamazenta|spd|1
|
|-heal|p2a: Fuzzy|20/100|[from] item: Leftovers
|upkeep
|turn|12
|
|t:|1758294376
|move|p2a: Fuzzy|Leaf Storm|p1a: Zamazenta
|-damage|p1a: Zamazenta|0 fnt
|-boost|p2a: Fuzzy|spa|2
|faint|p1a: Zamazenta
|
|-heal|p2a: Fuzzy|26/100|[from] item: Leftovers
|upkeep
|inactive|Feketekola has 120 seconds left.
|
|t:|1758294400
|switch|p1a: Kingambit|Kingambit, M|100/100
|-activate|p1a: Kingambit|ability: Supreme Overlord
|-start|p1a: Kingambit|fallen2|[silent]
|turn|13
|
|t:|1758294406
|move|p2a: Fuzzy|Substitute|p2a: Fuzzy
|-start|p2a: Fuzzy|Substitute
|-damage|p2a: Fuzzy|1/100
|move|p1a: Kingambit|Kowtow Cleave|p2a: Fuzzy
|-end|p2a: Fuzzy|Substitute
|
|-heal|p2a: Fuzzy|7/100|[from] item: Leftovers
|upkeep
|turn|14
|
|t:|1758294414
|switch|p2a: Corviknight|Corviknight, F|100/100
|move|p1a: Kingambit|Sucker Punch||[still]
|-fail|p1a: Kingambit
|
|upkeep
|turn|15
|
|t:|1758294423
|-end|p1a: Kingambit|fallen2|[silent]
|switch|p1a: Zapdos|Zapdos|73/100
|move|p2a: Corviknight|Body Press|p1a: Zapdos
|-resisted|p1a: Zapdos
|-damage|p1a: Zapdos|62/100
|
|upkeep
|turn|16
|
|t:|1758294430
|move|p1a: Zapdos|Thunder Wave|p2a: Corviknight
|-status|p2a: Corviknight|par
|move|p2a: Corviknight|Body Press|p1a: Zapdos
|-resisted|p1a: Zapdos
|-damage|p1a: Zapdos|52/100
|
|upkeep
|turn|17
|
|t:|1758294437
|move|p1a: Zapdos|Roost|p1a: Zapdos
|-heal|p1a: Zapdos|100/100
|-singleturn|p1a: Zapdos|move: Roost
|move|p2a: Corviknight|Body Press|p1a: Zapdos
|-damage|p1a: Zapdos|82/100
|
|upkeep
|turn|18
|
|t:|1758294448
|move|p1a: Zapdos|Volt Switch|p2a: Corviknight
|-supereffective|p2a: Corviknight
|-damage|p2a: Corviknight|38/100 par
|
|t:|1758294453
|switch|p1a: Slowking|Slowking-Galar, F|50/100|[from] Volt Switch
|move|p2a: Corviknight|Defog|p1a: Slowking
|-unboost|p1a: Slowking|evasion|1
|
|upkeep
|turn|19
|
|t:|1758294462
|switch|p1a: Zapdos|Zapdos|82/100
|switch|p2a: Shield|Zamazenta|100/100
|-ability|p2a: Shield|Dauntless Shield|boost
|-boost|p2a: Shield|def|1
|
|upkeep
|turn|20
|
|t:|1758294469
|switch|p2a: Fuzzy|Serperior, M, tera:Electric|7/100
|move|p1a: Zapdos|Hurricane|p2a: Fuzzy
|-resisted|p2a: Fuzzy
|-damage|p2a: Fuzzy|0 fnt
|faint|p2a: Fuzzy
|
|upkeep
|inactive|notmeezo has 120 seconds left.
|
|t:|1758294506
|switch|p2a: Mystic|Ogerpon-Wellspring, F|68/100
|turn|21
|inactive|Feketekola has 120 seconds left.
|
|t:|1758294564
|move|p2a: Mystic|Ivy Cudgel|p1a: Zapdos|[anim] Ivy Cudgel Water
|-damage|p1a: Zapdos|40/100
|move|p1a: Zapdos|Thunder Wave|p2a: Mystic
|-status|p2a: Mystic|par
|
|upkeep
|turn|22
|
|t:|1758294572
|move|p1a: Zapdos|Roost|p1a: Zapdos
|-heal|p1a: Zapdos|90/100
|-singleturn|p1a: Zapdos|move: Roost
|move|p2a: Mystic|Ivy Cudgel|p1a: Zapdos|[anim] Ivy Cudgel Water
|-damage|p1a: Zapdos|44/100
|
|upkeep
|turn|23
|
|t:|1758294580
|move|p1a: Zapdos|Volt Switch|p2a: Mystic
|-damage|p2a: Mystic|34/100 par
|
|t:|1758294592
|switch|p1a: Kingambit|Kingambit, M|100/100|[from] Volt Switch
|-activate|p1a: Kingambit|ability: Supreme Overlord
|-start|p1a: Kingambit|fallen2|[silent]
|move|p2a: Mystic|Ivy Cudgel|p1a: Kingambit|[anim] Ivy Cudgel Water
|-damage|p1a: Kingambit|55/100
|
|-heal|p1a: Kingambit|61/100|[from] item: Leftovers
|upkeep
|turn|24
|
|t:|1758294601
|cant|p2a: Mystic|par
|move|p1a: Kingambit|Kowtow Cleave|p2a: Mystic
|-damage|p2a: Mystic|0 fnt
|faint|p2a: Mystic
|
|-heal|p1a: Kingambit|68/100|[from] item: Leftovers
|upkeep
|
|t:|1758294607
|switch|p2a: Shield|Zamazenta|100/100
|turn|25
|
|t:|1758294623
|-end|p1a: Kingambit|fallen2|[silent]
|switch|p1a: Zapdos|Zapdos|44/100
|move|p2a: Shield|Iron Defense|p2a: Shield
|-boost|p2a: Shield|def|2
|
|upkeep
|turn|26
|
|t:|1758294629
|move|p2a: Shield|Ice Fang|p1a: Zapdos
|-supereffective|p1a: Zapdos
|-damage|p1a: Zapdos|16/100
|-status|p1a: Zapdos|frz
|cant|p1a: Zapdos|frz
|
|upkeep
|turn|27
|inactive|Feketekola has 120 seconds left.
|c|☆Feketekola|damn
|
|t:|1758294639
|switch|p1a: Slowking|Slowking-Galar, F|83/100
|move|p2a: Shield|Ice Fang|p1a: Slowking
|-damage|p1a: Slowking|62/100
|
|upkeep
|turn|28
|
|t:|1758294649
|move|p2a: Shield|Ice Fang|p1a: Slowking
|-damage|p1a: Slowking|40/100
|-status|p1a: Slowking|frz
|cant|p1a: Slowking|frz
|
|upkeep
|turn|29
|c|☆Feketekola|dasdsadsadas
|
|t:|1758294658
|switch|p1a: Kingambit|Kingambit, M|68/100
|-activate|p1a: Kingambit|ability: Supreme Overlord
|-start|p1a: Kingambit|fallen2|[silent]
|move|p2a: Shield|Body Press|p1a: Kingambit
|-supereffective|p1a: Kingambit
|-damage|p1a: Kingambit|0 fnt
|faint|p1a: Kingambit
|-end|p1a: Kingambit|fallen2|[silent]
|
|upkeep
|
|t:|1758294666
|switch|p1a: Zapdos|Zapdos|16/100 frz
|turn|30
|
|t:|1758294671
|move|p2a: Shield|Ice Fang|p1a: Zapdos
|-supereffective|p1a: Zapdos
|-damage|p1a: Zapdos|0 fnt
|-status|p2a: Shield|par|[from] ability: Static|[of] p1a: Zapdos
|faint|p1a: Zapdos
|
|upkeep
|
|t:|1758294678
|switch|p1a: Slowking|Slowking-Galar, F|74/100 frz
|turn|31
|
|t:|1758294684
|cant|p2a: Shield|par
|cant|p1a: Slowking|frz
|
|upkeep
|turn|32
|
|t:|1758294688
|move|p2a: Shield|Body Press|p1a: Slowking
|-resisted|p1a: Slowking
|-damage|p1a: Slowking|54/100 frz
|cant|p1a: Slowking|frz
|
|upkeep
|turn|33
|
|t:|1758294695
|cant|p2a: Shield|par
|cant|p1a: Slowking|frz
|
|upkeep
|turn|34
|
|t:|1758294700
|move|p2a: Shield|Iron Defense|p2a: Shield
|-boost|p2a: Shield|def|2
|cant|p1a: Slowking|frz
|
|upkeep
|turn|35
|
|t:|1758294706
|move|p2a: Shield|Body Press|p1a: Slowking
|-resisted|p1a: Slowking
|-damage|p1a: Slowking|26/100 frz
|cant|p1a: Slowking|frz
|
|upkeep
|turn|36
|c|☆Feketekola|haha
|
|t:|1758294712
|switch|p1a: Great Tusk|Great Tusk, shiny|100/100
|move|p2a: Shield|Body Press|p1a: Great Tusk
|-damage|p1a: Great Tusk|22/100
|
|upkeep
|turn|37
|
|t:|1758294720
|move|p1a: Great Tusk|Headlong Rush|p2a: Shield
|-damage|p2a: Shield|85/100 par
|-unboost|p1a: Great Tusk|def|1
|-unboost|p1a: Great Tusk|spd|1
|move|p2a: Shield|Body Press|p1a: Great Tusk
|-damage|p1a: Great Tusk|0 fnt
|faint|p1a: Great Tusk
|-end|p1a: Great Tusk|Protosynthesis|[silent]
|
|upkeep
|
|t:|1758294728
|switch|p1a: Slowking|Slowking-Galar, F|59/100 frz
|turn|38
|
|t:|1758294736
|move|p2a: Shield|Ice Fang|p1a: Slowking
|-damage|p1a: Slowking|39/100 frz
|cant|p1a: Slowking|frz
|
|upkeep
|turn|39
|
|t:|1758294741
|move|p2a: Shield|Body Press|p1a: Slowking
|-resisted|p1a: Slowking
|-damage|p1a: Slowking|12/100 frz
|cant|p1a: Slowking|frz
|
|upkeep
|turn|40
|
|t:|1758294751
|move|p2a: Shield|Body Press|p1a: Slowking
|-resisted|p1a: Slowking
|-damage|p1a: Slowking|0 fnt
|faint|p1a: Slowking
|
|win|notmeezo
|raw|Feketekola's rating: 1376 &rarr; <strong>1354</strong><br />(-22 for losing)
|raw|notmeezo's rating: 1338 &rarr; <strong>1360</strong><br />(+22 for winning)
|l|☆Feketekola
|player|p1|
|l|☆notmeezo
|player|p2|
