|j|☆Oattumblely
|j|☆bombadierbill
|t:|1758256099
|gametype|singles
|player|p1|Oattumblely|rocketgruntf|1432
|player|p2|bombadierbill|266|1425
|gen|9
|tier|[Gen 9] OU
|rated|
|rule|HP Percentage Mod: HP is shown in percentages
|rule|Endless Battle Clause: Forcing endless battles is banned
|rule|Species Clause: Limit one of each Pokémon
|rule|OHKO Clause: OHKO moves are banned
|rule|Evasion Items Clause: Evasion items are banned
|rule|Evasion Moves Clause: Evasion moves are banned
|rule|Evasion Abilities Clause: Evasion abilities are banned
|rule|Sleep Moves Clause: Sleep-inducing moves are banned
|clearpoke
|poke|p1|Slither Wing|
|poke|p1|Ninetales, F|
|poke|p1|Venusaur, M|
|poke|p1|Great Tusk|
|poke|p1|Weezing-Galar, F|
|poke|p1|Cinderace, F|
|poke|p2|Cinderace, M|
|poke|p2|Ogerpon-Wellspring, F|
|poke|p2|Ursaluna, F|
|poke|p2|Scizor, F|
|poke|p2|Landorus-Therian, M|
|poke|p2|Dragonite, M|
|teampreview
|inactive|Battle timer is ON: inactive players will automatically lose when time's up. (requested by Oattumblely)
|
|t:|1758256134
|teamsize|p1|6
|teamsize|p2|6
|start
|switch|p1a: Ninetales|Ninetales, F|100/100
|switch|p2a: Landorus|Landorus-Therian, M|100/100
|-weather|SunnyDay|[from] ability: Drought|[of] p1a: Ninetales
|-ability|p2a: Landorus|Intimidate|boost
|-unboost|p1a: Ninetales|atk|1
|turn|1
|
|t:|1758256146
|switch|p1a: Great Tusk|Great Tusk|100/100
|-activate|p1a: Great Tusk|ability: Protosynthesis
|-start|p1a: Great Tusk|protosynthesisdef
|move|p2a: Landorus|Earthquake|p1a: Great Tusk
|-damage|p1a: Great Tusk|82/100
|
|-weather|SunnyDay|[upkeep]
|upkeep
|turn|2
|
|t:|1758256154
|move|p2a: Landorus|U-turn|p1a: Great Tusk
|-resisted|p1a: Great Tusk
|-damage|p1a: Great Tusk|77/100
|
|t:|1758256159
|switch|p2a: Ogerpon|Ogerpon-Wellspring, F|100/100|[from] U-turn
|move|p1a: Great Tusk|Stealth Rock|p2a: Ogerpon
|-sidestart|p2: bombadierbill|move: Stealth Rock
|
|-weather|SunnyDay|[upkeep]
|upkeep
|turn|3
|
|t:|1758256171
|-end|p1a: Great Tusk|Protosynthesis|[silent]
|switch|p1a: Slither Wing|Slither Wing|100/100
|-activate|p1a: Slither Wing|ability: Protosynthesis
|-start|p1a: Slither Wing|protosynthesisatk
|move|p2a: Ogerpon|Power Whip|p1a: Slither Wing|[miss]
|-miss|p2a: Ogerpon|p1a: Slither Wing
|
|-weather|SunnyDay|[upkeep]
|upkeep
|turn|4
|
|t:|1758256178
|switch|p2a: Landorus|Landorus-Therian, M|100/100
|-damage|p2a: Landorus|88/100|[from] Stealth Rock
|-ability|p2a: Landorus|Intimidate|boost
|-unboost|p1a: Slither Wing|atk|1
|move|p1a: Slither Wing|Flame Charge|p2a: Landorus
|-damage|p2a: Landorus|62/100
|-boost|p1a: Slither Wing|spe|1
|-damage|p1a: Slither Wing|84/100|[from] item: Rocky Helmet|[of] p2a: Landorus
|
|-weather|SunnyDay|[upkeep]
|upkeep
|turn|5
|
|t:|1758256191
|-end|p1a: Slither Wing|Protosynthesis|[silent]
|switch|p1a: Great Tusk|Great Tusk|77/100
|-activate|p1a: Great Tusk|ability: Protosynthesis
|-start|p1a: Great Tusk|protosynthesisdef
|move|p2a: Landorus|U-turn|p1a: Great Tusk
|-resisted|p1a: Great Tusk
|-damage|p1a: Great Tusk|73/100
|
|t:|1758256196
|switch|p2a: Ogerpon|Ogerpon-Wellspring, F|100/100|[from] U-turn
|-damage|p2a: Ogerpon|88/100|[from] Stealth Rock
|
|-weather|SunnyDay|[upkeep]
|upkeep
|turn|6
|
|t:|1758256203
|move|p2a: Ogerpon|Knock Off|p1a: Great Tusk
|-resisted|p1a: Great Tusk
|-damage|p1a: Great Tusk|65/100
|-enditem|p1a: Great Tusk|Heavy-Duty Boots|[from] move: Knock Off|[of] p2a: Ogerpon
|move|p1a: Great Tusk|Body Press|p2a: Ogerpon
|-damage|p2a: Ogerpon|26/100
|
|-weather|SunnyDay|[upkeep]
|upkeep
|turn|7
|
|t:|1758256211
|-end|p1a: Great Tusk|Protosynthesis|[silent]
|switch|p1a: Slither Wing|Slither Wing|84/100
|-activate|p1a: Slither Wing|ability: Protosynthesis
|-start|p1a: Slither Wing|protosynthesisatk
|move|p2a: Ogerpon|Power Whip|p1a: Slither Wing
|-resisted|p1a: Slither Wing
|-damage|p1a: Slither Wing|39/100
|
|-weather|SunnyDay|[upkeep]
|upkeep
|turn|8
|
|t:|1758256218
|switch|p2a: Landorus|Landorus-Therian, M|62/100
|-damage|p2a: Landorus|50/100|[from] Stealth Rock
|-ability|p2a: Landorus|Intimidate|boost
|-unboost|p1a: Slither Wing|atk|1
|move|p1a: Slither Wing|First Impression|p2a: Landorus
|-resisted|p2a: Landorus
|-damage|p2a: Landorus|26/100
|-damage|p1a: Slither Wing|22/100|[from] item: Rocky Helmet|[of] p2a: Landorus
|
|-weather|none
|-end|p1a: Slither Wing|Protosynthesis
|upkeep
|turn|9
|
|t:|1758256221
|-end|p1a: Slither Wing|Protosynthesis|[silent]
|switch|p1a: Ninetales|Ninetales, F|100/100
|-weather|SunnyDay|[from] ability: Drought|[of] p1a: Ninetales
|move|p2a: Landorus|Earthquake|p1a: Ninetales
|-supereffective|p1a: Ninetales
|-damage|p1a: Ninetales|0 fnt
|faint|p1a: Ninetales
|
|-weather|SunnyDay|[upkeep]
|upkeep
|
|t:|1758256224
|switch|p1a: Venusaur|Venusaur, M|100/100
|turn|10
|
|t:|1758256253
|-terastallize|p1a: Venusaur|Water
|move|p1a: Venusaur|Growth|p1a: Venusaur
|-boost|p1a: Venusaur|atk|2
|-boost|p1a: Venusaur|spa|2
|move|p2a: Landorus|Earthquake|p1a: Venusaur
|-damage|p1a: Venusaur|35/100
|
|-weather|SunnyDay|[upkeep]
|-heal|p1a: Venusaur|41/100|[from] item: Leftovers
|upkeep
|turn|11
|
|t:|1758256266
|switch|p2a: Ogerpon|Ogerpon-Wellspring, F|26/100
|-damage|p2a: Ogerpon|14/100|[from] Stealth Rock
|move|p1a: Venusaur|Giga Drain|p2a: Ogerpon
|-damage|p2a: Ogerpon|0 fnt
|-heal|p1a: Venusaur|48/100|[from] drain|[of] p2a: Ogerpon
|faint|p2a: Ogerpon
|
|-weather|SunnyDay|[upkeep]
|-heal|p1a: Venusaur|54/100|[from] item: Leftovers
|upkeep
|inactive|bombadierbill has 120 seconds left.
|
|t:|1758256306
|switch|p2a: Cinderace|Cinderace, M|100/100
|turn|12
|
|t:|1758256309
|move|p1a: Venusaur|Sludge Bomb|p2a: Cinderace
|-damage|p2a: Cinderace|0 fnt
|faint|p2a: Cinderace
|
|-weather|SunnyDay|[upkeep]
|-heal|p1a: Venusaur|60/100|[from] item: Leftovers
|upkeep
|
|t:|1758256318
|switch|p2a: Ursaluna|Ursaluna, F|100/100
|-damage|p2a: Ursaluna|94/100|[from] Stealth Rock
|turn|13
|
|t:|1758256340
|-terastallize|p2a: Ursaluna|Fairy
|move|p1a: Venusaur|Weather Ball|p2a: Ursaluna
|-damage|p2a: Ursaluna|10/100
|move|p2a: Ursaluna|Thunder Punch|p1a: Venusaur
|-supereffective|p1a: Venusaur
|-damage|p1a: Venusaur|0 fnt
|faint|p1a: Venusaur
|
|-weather|SunnyDay|[upkeep]
|upkeep
|
|t:|1758256355
|switch|p1a: Slither Wing|Slither Wing|22/100
|-activate|p1a: Slither Wing|ability: Protosynthesis
|-start|p1a: Slither Wing|protosynthesisatk
|turn|14
|
|t:|1758256376
|move|p1a: Slither Wing|Close Combat|p2a: Ursaluna
|-resisted|p2a: Ursaluna
|-damage|p2a: Ursaluna|0 fnt
|-unboost|p1a: Slither Wing|def|1
|-unboost|p1a: Slither Wing|spd|1
|faint|p2a: Ursaluna
|
|-weather|SunnyDay|[upkeep]
|upkeep
|inactive|bombadierbill has 90 seconds left.
|
|t:|1758256413
|switch|p2a: Scizor|Scizor, F|100/100
|turn|15
|
|t:|1758256416
|move|p2a: Scizor|Bullet Punch|p1a: Slither Wing
|-damage|p1a: Slither Wing|0 fnt
|faint|p1a: Slither Wing
|-end|p1a: Slither Wing|Protosynthesis|[silent]
|
|-weather|SunnyDay|[upkeep]
|upkeep
|
|t:|1758256419
|switch|p1a: Cinderace|Cinderace, F|100/100
|turn|16
|
|t:|1758256422
|switch|p2a: Landorus|Landorus-Therian, M|26/100
|-damage|p2a: Landorus|14/100|[from] Stealth Rock
|-ability|p2a: Landorus|Intimidate|boost
|-unboost|p1a: Cinderace|atk|1
|move|p1a: Cinderace|Pyro Ball|p2a: Landorus
|-damage|p2a: Landorus|0 fnt
|faint|p2a: Landorus
|
|-weather|none
|upkeep
|inactive|bombadierbill has 90 seconds left.
|
|t:|1758256429
|switch|p2a: Dragonite|Dragonite, M|100/100
|-damage|p2a: Dragonite|76/100|[from] Stealth Rock
|turn|17
|
|t:|1758256433
|move|p1a: Cinderace|U-turn|p2a: Dragonite
|-start|p1a: Cinderace|typechange|Bug|[from] ability: Libero
|-resisted|p2a: Dragonite
|-damage|p2a: Dragonite|64/100
|
|t:|1758256436
|switch|p1a: Weezing|Weezing-Galar, F|100/100|[from] U-turn
|-ability|p1a: Weezing|Neutralizing Gas
|move|p2a: Dragonite|Dragon Dance|p2a: Dragonite
|-boost|p2a: Dragonite|atk|1
|-boost|p2a: Dragonite|spe|1
|
|-heal|p2a: Dragonite|70/100|[from] item: Leftovers
|upkeep
|turn|18
|
|t:|1758256442
|move|p2a: Dragonite|Earthquake|p1a: Weezing
|-supereffective|p1a: Weezing
|-damage|p1a: Weezing|31/100
|move|p1a: Weezing|Will-O-Wisp|p2a: Dragonite
|-status|p2a: Dragonite|brn
|
|-heal|p2a: Dragonite|76/100 brn|[from] item: Leftovers
|-damage|p2a: Dragonite|70/100 brn|[from] brn
|upkeep
|turn|19
|
|t:|1758256447
|move|p2a: Dragonite|Encore|p1a: Weezing
|-start|p1a: Weezing|Encore
|move|p1a: Weezing|Will-O-Wisp|p2a: Dragonite
|-fail|p2a: Dragonite|brn
|
|-heal|p2a: Dragonite|76/100 brn|[from] item: Leftovers
|-damage|p2a: Dragonite|70/100 brn|[from] brn
|upkeep
|turn|20
|
|t:|1758256450
|-end|p1a: Weezing|ability: Neutralizing Gas
|switch|p1a: Great Tusk|Great Tusk|65/100
|move|p2a: Dragonite|Dragon Dance|p2a: Dragonite
|-boost|p2a: Dragonite|atk|1
|-boost|p2a: Dragonite|spe|1
|
|-heal|p2a: Dragonite|76/100 brn|[from] item: Leftovers
|-damage|p2a: Dragonite|70/100 brn|[from] brn
|upkeep
|turn|21
|
|t:|1758256454
|move|p2a: Dragonite|Earthquake|p1a: Great Tusk
|-damage|p1a: Great Tusk|46/100
|move|p1a: Great Tusk|Body Press|p2a: Dragonite
|-resisted|p2a: Dragonite
|-damage|p2a: Dragonite|47/100 brn
|
|-heal|p2a: Dragonite|53/100 brn|[from] item: Leftovers
|-damage|p2a: Dragonite|47/100 brn|[from] brn
|upkeep
|turn|22
|
|t:|1758256477
|move|p2a: Dragonite|Dragon Dance|p2a: Dragonite
|-boost|p2a: Dragonite|atk|1
|-boost|p2a: Dragonite|spe|1
|move|p1a: Great Tusk|Rapid Spin|p2a: Dragonite
|-damage|p2a: Dragonite|30/100 brn
|-boost|p1a: Great Tusk|spe|1
|
|-heal|p2a: Dragonite|36/100 brn|[from] item: Leftovers
|-damage|p2a: Dragonite|30/100 brn|[from] brn
|upkeep
|turn|23
|
|t:|1758256486
|move|p2a: Dragonite|Earthquake|p1a: Great Tusk
|-damage|p1a: Great Tusk|22/100
|move|p1a: Great Tusk|Body Press|p2a: Dragonite
|-resisted|p2a: Dragonite
|-damage|p2a: Dragonite|6/100 brn
|
|-heal|p2a: Dragonite|13/100 brn|[from] item: Leftovers
|-damage|p2a: Dragonite|6/100 brn|[from] brn
|upkeep
|turn|24
|
|t:|1758256494
|move|p2a: Dragonite|Earthquake|p1a: Great Tusk
|-damage|p1a: Great Tusk|0 fnt
|faint|p1a: Great Tusk
|-end|p1a: Great Tusk|Protosynthesis|[silent]
|
|-heal|p2a: Dragonite|13/100 brn|[from] item: Leftovers
|-damage|p2a: Dragonite|6/100 brn|[from] brn
|upkeep
|
|t:|1758256496
|switch|p1a: Cinderace|Cinderace, F|100/100
|turn|25
|inactive|bombadierbill has 120 seconds left.
|
|t:|1758256538
|move|p1a: Cinderace|Sucker Punch|p2a: Dragonite
|-start|p1a: Cinderace|typechange|Dark|[from] ability: Libero
|-crit|p2a: Dragonite
|-damage|p2a: Dragonite|0 fnt
|faint|p2a: Dragonite
|
|upkeep
|
|t:|1758256541
|switch|p2a: Scizor|Scizor, F|100/100
|turn|26
|
|t:|1758256545
|switch|p1a: Weezing|Weezing-Galar, F|31/100
|-ability|p1a: Weezing|Neutralizing Gas
|move|p2a: Scizor|U-turn|p1a: Weezing
|-resisted|p1a: Weezing
|-damage|p1a: Weezing|25/100
|
|upkeep
|turn|27
|
|t:|1758256549
|move|p2a: Scizor|Bullet Punch|p1a: Weezing
|-supereffective|p1a: Weezing
|-damage|p1a: Weezing|0 fnt
|faint|p1a: Weezing
|-end|p1a: Weezing|ability: Neutralizing Gas
|
|upkeep
|
|t:|1758256551
|switch|p1a: Cinderace|Cinderace, F|100/100
|turn|28
|
|t:|1758256552
|move|p1a: Cinderace|Pyro Ball|p2a: Scizor|[miss]
|-miss|p1a: Cinderace|p2a: Scizor
|move|p2a: Scizor|Knock Off|p1a: Cinderace
|-damage|p1a: Cinderace|52/100
|-enditem|p1a: Cinderace|Heavy-Duty Boots|[from] move: Knock Off|[of] p2a: Scizor
|
|upkeep
|turn|29
|
|t:|1758256554
|move|p2a: Scizor|Bullet Punch|p1a: Cinderace
|-resisted|p1a: Cinderace
|-damage|p1a: Cinderace|31/100
|move|p1a: Cinderace|Pyro Ball|p2a: Scizor
|-supereffective|p2a: Scizor
|-damage|p2a: Scizor|0 fnt
|faint|p2a: Scizor
|
|win|Oattumblely
|raw|Oattumblely's rating: 1432 &rarr; <strong>1452</strong><br />(+20 for winning)
|raw|bombadierbill's rating: 1425 &rarr; <strong>1405</strong><br />(-20 for losing)
|l|☆bombadierbill
|player|p2|
|l|☆Oattumblely
|player|p1|
