|j|☆Firo丶Ennis
|j|☆Coach Trainerman
|t:|1758274205
|gametype|singles
|player|p1|Firo丶Ennis|266|1084
|player|p2|Coach Trainerman|sailor|1125
|gen|9
|tier|[Gen 9] OU
|rated|
|rule|HP Percentage Mod: HP is shown in percentages
|rule|Endless Battle Clause: Forcing endless battles is banned
|rule|Species Clause: Limit one of each Pokémon
|rule|OHKO Clause: OHKO moves are banned
|rule|Evasion Items Clause: Evasion items are banned
|rule|Evasion Moves Clause: Evasion moves are banned
|rule|Evasion Abilities Clause: Evasion abilities are banned
|rule|Sleep Moves Clause: Sleep-inducing moves are banned
|clearpoke
|poke|p1|Glimmora, M|
|poke|p1|Dragonite, M|
|poke|p1|Deoxys-Speed|
|poke|p1|Araquanid, F|
|poke|p1|Scizor, F|
|poke|p1|Iron Moth|
|poke|p2|Landorus-Therian, M|
|poke|p2|Cinderace, F|
|poke|p2|Noivern, M|
|poke|p2|Pawmot, F|
|poke|p2|Primarina, M|
|poke|p2|Garganacl, M|
|teampreview
|
|t:|1758274210
|teamsize|p1|6
|teamsize|p2|6
|start
|switch|p1a: Araquanid|Araquanid, F|100/100
|switch|p2a: Noivern|Noivern, M|100/100
|turn|1
|inactive|Battle timer is ON: inactive players will automatically lose when time's up. (requested by Coach Trainerman)
|
|t:|1758274221
|switch|p1a: Glimmora|Glimmora, M|100/100
|-terastallize|p2a: Noivern|Normal
|move|p2a: Noivern|Boomburst|p1a: Glimmora
|-resisted|p1a: Glimmora
|-damage|p1a: Glimmora|42/100
|
|-heal|p1a: Glimmora|48/100|[from] item: Leftovers
|upkeep
|turn|2
|
|t:|1758274230
|move|p1a: Glimmora|Spiky Shield|p1a: Glimmora
|-singleturn|p1a: Glimmora|move: Protect
|move|p2a: Noivern|Boomburst|p1a: Glimmora
|-activate|p1a: Glimmora|move: Protect
|
|-heal|p1a: Glimmora|55/100|[from] item: Leftovers
|upkeep
|turn|3
|
|t:|1758274242
|move|p2a: Noivern|Boomburst|p1a: Glimmora
|-resisted|p1a: Glimmora
|-damage|p1a: Glimmora|0 fnt
|faint|p1a: Glimmora
|
|upkeep
|
|t:|1758274254
|switch|p1a: Araquanid|Araquanid, F|100/100
|turn|4
|
|t:|1758274257
|-terastallize|p1a: Araquanid|Water
|move|p2a: Noivern|Boomburst|p1a: Araquanid
|-damage|p1a: Araquanid|27/100
|move|p1a: Araquanid|Liquidation|p2a: Noivern
|-damage|p2a: Noivern|0 fnt
|faint|p2a: Noivern
|-damage|p1a: Araquanid|17/100|[from] item: Life Orb
|
|upkeep
|
|t:|1758274265
|switch|p2a: Pawmot|Pawmot, F|100/100
|turn|5
|
|t:|1758274272
|move|p2a: Pawmot|Double Shock|p1a: Araquanid
|-supereffective|p1a: Araquanid
|-damage|p1a: Araquanid|0 fnt
|-start|p2a: Pawmot|typechange|???/Fighting|[from] move: Double Shock
|faint|p1a: Araquanid
|
|upkeep
|
|t:|1758274280
|switch|p1a: Deoxys|Deoxys-Speed|100/100
|-ability|p1a: Deoxys|Pressure
|turn|6
|
|t:|1758274285
|switch|p2a: Primarina|Primarina, M|100/100
|move|p1a: Deoxys|Psycho Boost|p2a: Primarina
|-damage|p2a: Primarina|66/100
|-unboost|p1a: Deoxys|spa|2
|
|upkeep
|turn|7
|
|t:|1758274294
|switch|p1a: Scizor|Scizor, F|100/100
|move|p2a: Primarina|Flip Turn|p1a: Scizor
|-damage|p1a: Scizor|82/100
|
|t:|1758274297
|switch|p2a: Pawmot|Pawmot, F|100/100|[from] Flip Turn
|
|upkeep
|turn|8
|
|t:|1758274306
|move|p2a: Pawmot|Revival Blessing|p2a: Pawmot
|-enditem|p2a: Pawmot|Leppa Berry|[eat]
|-activate|p2a: Pawmot|item: Leppa Berry|Revival Blessing|[consumed]
|
|t:|1758274311
|-heal|p2: Noivern|50/100|[from] move: Revival Blessing
|move|p1a: Scizor|Close Combat|p2a: Pawmot
|-damage|p2a: Pawmot|30/100
|-unboost|p1a: Scizor|def|1
|-unboost|p1a: Scizor|spd|1
|
|upkeep
|turn|9
|
|t:|1758274318
|switch|p2a: Landorus|Landorus-Therian, M|100/100
|-ability|p2a: Landorus|Intimidate|boost
|-unboost|p1a: Scizor|atk|1
|move|p1a: Scizor|Close Combat|p2a: Landorus
|-resisted|p2a: Landorus
|-damage|p2a: Landorus|86/100
|-unboost|p1a: Scizor|def|1
|-unboost|p1a: Scizor|spd|1
|
|-heal|p2a: Landorus|92/100|[from] item: Leftovers
|upkeep
|turn|10
|
|t:|1758274327
|switch|p1a: Deoxys|Deoxys-Speed|100/100
|-ability|p1a: Deoxys|Pressure
|move|p2a: Landorus|Stealth Rock|p1a: Deoxys
|-sidestart|p1: Firo丶Ennis|move: Stealth Rock
|
|-heal|p2a: Landorus|98/100|[from] item: Leftovers
|upkeep
|turn|11
|
|t:|1758274331
|switch|p2a: Primarina|Primarina, M|66/100
|move|p1a: Deoxys|Ice Beam|p2a: Primarina
|-resisted|p2a: Primarina
|-damage|p2a: Primarina|58/100
|
|upkeep
|turn|12
|
|t:|1758274344
|switch|p1a: Iron Moth|Iron Moth|100/100
|-damage|p1a: Iron Moth|76/100|[from] Stealth Rock
|-enditem|p1a: Iron Moth|Booster Energy
|-activate|p1a: Iron Moth|ability: Quark Drive|[fromitem]
|-start|p1a: Iron Moth|quarkdrivespa
|move|p2a: Primarina|Flip Turn|p1a: Iron Moth
|-supereffective|p1a: Iron Moth
|-damage|p1a: Iron Moth|29/100
|
|t:|1758274350
|switch|p2a: Garganacl|Garganacl, M|100/100|[from] Flip Turn
|
|upkeep
|turn|13
|
|t:|1758274358
|move|p1a: Iron Moth|Discharge|p2a: Garganacl
|-damage|p2a: Garganacl|72/100
|move|p2a: Garganacl|Salt Cure|p1a: Iron Moth
|-supereffective|p1a: Iron Moth
|-damage|p1a: Iron Moth|0 fnt
|faint|p1a: Iron Moth
|-end|p1a: Iron Moth|Quark Drive|[silent]
|
|-heal|p2a: Garganacl|78/100|[from] item: Leftovers
|upkeep
|
|t:|1758274362
|switch|p1a: Scizor|Scizor, F|82/100
|-damage|p1a: Scizor|70/100|[from] Stealth Rock
|turn|14
|
|t:|1758274367
|switch|p2a: Landorus|Landorus-Therian, M|98/100
|-ability|p2a: Landorus|Intimidate|boost
|-unboost|p1a: Scizor|atk|1
|move|p1a: Scizor|Swords Dance|p1a: Scizor
|-boost|p1a: Scizor|atk|2
|
|-heal|p2a: Landorus|100/100|[from] item: Leftovers
|upkeep
|turn|15
|
|t:|1758274374
|move|p1a: Scizor|Bullet Punch|p2a: Landorus
|-crit|p2a: Landorus
|-damage|p2a: Landorus|23/100
|move|p2a: Landorus|Taunt|p1a: Scizor
|-start|p1a: Scizor|move: Taunt
|
|-heal|p2a: Landorus|29/100|[from] item: Leftovers
|upkeep
|turn|16
|
|t:|1758274383
|move|p1a: Scizor|Bullet Punch|p2a: Landorus
|-damage|p2a: Landorus|0 fnt
|faint|p2a: Landorus
|
|upkeep
|
|t:|1758274386
|switch|p2a: Cinderace|Cinderace, F|100/100
|turn|17
|
|t:|1758274393
|move|p1a: Scizor|Bullet Punch|p2a: Cinderace
|-resisted|p2a: Cinderace
|-damage|p2a: Cinderace|64/100
|move|p2a: Cinderace|U-turn|p1a: Scizor
|-start|p2a: Cinderace|typechange|Bug|[from] ability: Libero
|-resisted|p1a: Scizor
|-damage|p1a: Scizor|49/100
|
|t:|1758274399
|switch|p2a: Pawmot|Pawmot, F|30/100|[from] U-turn
|
|upkeep
|turn|18
|
|t:|1758274404
|move|p1a: Scizor|Bullet Punch|p2a: Pawmot
|-resisted|p2a: Pawmot
|-damage|p2a: Pawmot|0 fnt
|faint|p2a: Pawmot
|
|-end|p1a: Scizor|move: Taunt
|upkeep
|
|t:|1758274408
|switch|p2a: Cinderace|Cinderace, F|64/100
|turn|19
|
|t:|1758274414
|move|p1a: Scizor|Bullet Punch|p2a: Cinderace
|-resisted|p2a: Cinderace
|-damage|p2a: Cinderace|25/100
|move|p2a: Cinderace|Pyro Ball|p1a: Scizor
|-supereffective|p1a: Scizor
|-damage|p1a: Scizor|0 fnt
|faint|p1a: Scizor
|
|upkeep
|
|t:|1758274422
|switch|p1a: Deoxys|Deoxys-Speed|100/100
|-damage|p1a: Deoxys|88/100|[from] Stealth Rock
|-ability|p1a: Deoxys|Pressure
|turn|20
|
|t:|1758274435
|move|p2a: Cinderace|Sucker Punch|p1a: Deoxys
|-start|p2a: Cinderace|typechange|Dark|[from] ability: Libero
|-supereffective|p1a: Deoxys
|-damage|p1a: Deoxys|0 fnt
|faint|p1a: Deoxys
|
|upkeep
|
|t:|1758274441
|switch|p1a: Dragonite|Dragonite, M|100/100
|turn|21
|
|t:|1758274446
|move|p2a: Cinderace|U-turn|p1a: Dragonite
|-resisted|p1a: Dragonite
|-damage|p1a: Dragonite|95/100
|
|t:|1758274449
|switch|p2a: Garganacl|Garganacl, M|78/100|[from] U-turn
|move|p1a: Dragonite|Dragon Dance|p1a: Dragonite
|-boost|p1a: Dragonite|atk|1
|-boost|p1a: Dragonite|spe|1
|
|-heal|p2a: Garganacl|84/100|[from] item: Leftovers
|upkeep
|turn|22
|
|t:|1758274457
|move|p1a: Dragonite|Earthquake|p2a: Garganacl
|-supereffective|p2a: Garganacl
|-damage|p2a: Garganacl|3/100
|move|p2a: Garganacl|Salt Cure|p1a: Dragonite
|-supereffective|p1a: Dragonite
|-damage|p1a: Dragonite|67/100
|-start|p1a: Dragonite|Salt Cure
|
|-heal|p2a: Garganacl|9/100|[from] item: Leftovers
|-damage|p1a: Dragonite|54/100|[from] Salt Cure
|upkeep
|turn|23
|
|t:|1758274464
|move|p2a: Garganacl|Protect|p2a: Garganacl
|-singleturn|p2a: Garganacl|Protect
|move|p1a: Dragonite|Earthquake|p2a: Garganacl
|-activate|p2a: Garganacl|move: Protect
|
|-heal|p2a: Garganacl|16/100|[from] item: Leftovers
|-damage|p1a: Dragonite|42/100|[from] Salt Cure
|upkeep
|turn|24
|
|t:|1758274468
|switch|p2a: Cinderace|Cinderace, F|25/100
|move|p1a: Dragonite|Earthquake|p2a: Cinderace
|-supereffective|p2a: Cinderace
|-damage|p2a: Cinderace|0 fnt
|faint|p2a: Cinderace
|
|-damage|p1a: Dragonite|30/100|[from] Salt Cure
|upkeep
|
|t:|1758274470
|switch|p2a: Garganacl|Garganacl, M|16/100
|turn|25
|
|t:|1758274475
|move|p1a: Dragonite|Earthquake|p2a: Garganacl
|-supereffective|p2a: Garganacl
|-damage|p2a: Garganacl|0 fnt
|faint|p2a: Garganacl
|
|-damage|p1a: Dragonite|17/100|[from] Salt Cure
|upkeep
|
|t:|1758274480
|switch|p2a: Primarina|Primarina, M|58/100
|turn|26
|
|t:|1758274484
|move|p1a: Dragonite|Extreme Speed|p2a: Primarina
|-damage|p2a: Primarina|6/100
|move|p2a: Primarina|Draining Kiss|p1a: Dragonite
|-supereffective|p1a: Dragonite
|-damage|p1a: Dragonite|0 fnt
|-heal|p2a: Primarina|19/100|[from] drain|[of] p1a: Dragonite
|faint|p1a: Dragonite
|
|win|Coach Trainerman
|raw|Firo丶Ennis's rating: 1084 &rarr; <strong>1064</strong><br />(-20 for losing)
|raw|Coach Trainerman's rating: 1125 &rarr; <strong>1147</strong><br />(+22 for winning)
