|j|☆WittleFiddle
|j|☆rari2048
|t:|1758360555
|gametype|singles
|player|p1|WittleFiddle|janitor|1176
|player|p2|rari2048|ghetsis|1117
|gen|9
|tier|[Gen 9] OU
|rated|
|rule|HP Percentage Mod: HP is shown in percentages
|rule|Endless Battle Clause: Forcing endless battles is banned
|rule|Species Clause: Limit one of each Pokémon
|rule|OHKO Clause: OHKO moves are banned
|rule|Evasion Items Clause: Evasion items are banned
|rule|Evasion Moves Clause: Evasion moves are banned
|rule|Evasion Abilities Clause: Evasion abilities are banned
|rule|Sleep Moves Clause: Sleep-inducing moves are banned
|clearpoke
|poke|p1|Scizor, M|
|poke|p1|Iron Valiant|
|poke|p1|Slowking-Galar, M|
|poke|p1|Ting-Lu|
|poke|p1|Corviknight, F|
|poke|p1|Quaquaval, M|
|poke|p2|Samurott-Hisui, M|
|poke|p2|Slowbro, M|
|poke|p2|Dragapult, M|
|poke|p2|Gliscor, M|
|poke|p2|Dunsparce, M|
|poke|p2|Azelf|
|teampreview
|l|☆rari2048
|player|p2|
|inactive|Battle timer is ON: inactive players will automatically lose when time's up. (requested by WittleFiddle)
|j|☆rari2048
|inactive|rari2048 reconnected and has 125 seconds left.
|player|p2|rari2048|ghetsis|
|inactive|rari2048 has 120 seconds left.
|inactive|rari2048 has 90 seconds left.
|
|t:|1758360674
|teamsize|p1|6
|teamsize|p2|6
|start
|switch|p1a: Scizor|Scizor, M|100/100
|switch|p2a: Dunsparce|Dunsparce, M, shiny|100/100
|turn|1
|l|☆rari2048
|inactive|rari2048 disconnected and has a minute to reconnect!
|player|p2|
|j|☆rari2048
|inactive|rari2048 reconnected and has 130 seconds left.
|player|p2|rari2048|ghetsis|
|inactive|WittleFiddle has 120 seconds left.
|inactive|rari2048 has 120 seconds left.
|
|t:|1758360705
|move|p1a: Scizor|U-turn|p2a: Dunsparce
|-damage|p2a: Dunsparce|36/100
|-damage|p1a: Scizor|84/100|[from] item: Rocky Helmet|[of] p2a: Dunsparce
|-ability|p2a: Dunsparce|Rattled|boost
|-boost|p2a: Dunsparce|spe|1
|
|t:|1758360709
|switch|p1a: Corviknight|Corviknight, F|100/100|[from] U-turn
|-ability|p1a: Corviknight|Pressure
|move|p2a: Dunsparce|Drill Run|p1a: Corviknight
|-immune|p1a: Corviknight
|
|upkeep
|turn|2
|
|t:|1758360717
|move|p2a: Dunsparce|Roost|p2a: Dunsparce
|-heal|p2a: Dunsparce|86/100
|-singleturn|p2a: Dunsparce|move: Roost
|move|p1a: Corviknight|Brave Bird|p2a: Dunsparce
|-damage|p2a: Dunsparce|48/100
|-damage|p1a: Corviknight|84/100|[from] item: Rocky Helmet|[of] p2a: Dunsparce
|-damage|p1a: Corviknight|72/100|[from] Recoil
|
|upkeep
|turn|3
|inactive|WittleFiddle has 120 seconds left.
|
|t:|1758360753
|move|p2a: Dunsparce|Roost|p2a: Dunsparce
|-heal|p2a: Dunsparce|99/100
|-singleturn|p2a: Dunsparce|move: Roost
|move|p1a: Corviknight|U-turn|p2a: Dunsparce
|-damage|p2a: Dunsparce|84/100
|-damage|p1a: Corviknight|56/100|[from] item: Rocky Helmet|[of] p2a: Dunsparce
|-ability|p2a: Dunsparce|Rattled|boost
|-boost|p2a: Dunsparce|spe|1
|
|t:|1758360756
|switch|p1a: Scizor|Scizor, M|84/100|[from] U-turn
|
|upkeep
|turn|4
|
|t:|1758360769
|move|p2a: Dunsparce|Drill Run|p1a: Scizor
|-damage|p1a: Scizor|65/100
|move|p1a: Scizor|Close Combat|p2a: Dunsparce
|-supereffective|p2a: Dunsparce
|-damage|p2a: Dunsparce|0 fnt
|-unboost|p1a: Scizor|def|1
|-unboost|p1a: Scizor|spd|1
|-damage|p1a: Scizor|49/100|[from] item: Rocky Helmet|[of] p2a: Dunsparce
|faint|p2a: Dunsparce
|
|upkeep
|inactive|rari2048 has 120 seconds left.
|
|t:|1758360793
|switch|p2a: Gliscor|Gliscor, M, shiny|100/100
|turn|5
|inactive|rari2048 has 120 seconds left.
|inactive|WittleFiddle has 120 seconds left.
|
|t:|1758360817
|switch|p1a: Quaquaval|Quaquaval, M|100/100
|move|p2a: Gliscor|Earthquake|p1a: Quaquaval
|-damage|p1a: Quaquaval|54/100
|
|-status|p2a: Gliscor|tox|[from] item: Toxic Orb
|upkeep
|turn|6
|inactive|WittleFiddle has 120 seconds left.
|
|t:|1758360833
|switch|p2a: Slowbro|Slowbro, M, shiny|100/100
|move|p1a: Quaquaval|Aqua Step|p2a: Slowbro
|-resisted|p2a: Slowbro
|-damage|p2a: Slowbro|83/100
|-boost|p1a: Quaquaval|spe|1
|
|upkeep
|turn|7
|inactive|WittleFiddle has 120 seconds left.
|inactive|rari2048 has 120 seconds left.
|
|t:|1758360847
|move|p1a: Quaquaval|Swords Dance|p1a: Quaquaval
|-boost|p1a: Quaquaval|atk|2
|move|p2a: Slowbro|Future Sight|p1a: Quaquaval
|-start|p2a: Slowbro|move: Future Sight
|
|upkeep
|turn|8
|inactive|rari2048 has 120 seconds left.
|
|t:|1758360855
|switch|p1a: Slowking|Slowking-Galar, M|100/100
|move|p2a: Slowbro|Protect||[still]
|-fail|p2a: Slowbro
|
|upkeep
|turn|9
|
|t:|1758360863
|move|p2a: Slowbro|Calm Mind|p2a: Slowbro
|-boost|p2a: Slowbro|spa|1
|-boost|p2a: Slowbro|spd|1
|move|p1a: Slowking|Thunder Wave|p2a: Slowbro
|-status|p2a: Slowbro|par
|
|-end|p1a: Slowking|move: Future Sight
|-damage|p1a: Slowking|67/100
|-heal|p1a: Slowking|73/100|[from] item: Black Sludge
|upkeep
|turn|10
|inactive|WittleFiddle has 120 seconds left.
|
|t:|1758360903
|-prepare|p1a: Slowking|Chilly Reception|[premajor]
|move|p1a: Slowking|Chilly Reception|p1a: Slowking
|-weather|Snowscape
|
|t:|1758360916
|switch|p1a: Scizor|Scizor, M|49/100|[from] Chilly Reception
|move|p2a: Slowbro|Future Sight|p1a: Scizor
|-start|p2a: Slowbro|move: Future Sight
|
|-weather|Snowscape|[upkeep]
|upkeep
|turn|11
|
|t:|1758360926
|move|p1a: Scizor|U-turn|p2a: Slowbro
|-supereffective|p2a: Slowbro
|-damage|p2a: Slowbro|0 fnt
|faint|p2a: Slowbro
|
|t:|1758360937
|switch|p1a: Slowking|Slowking-Galar, M|100/100|[from] U-turn
|
|-weather|Snowscape|[upkeep]
|upkeep
|
|t:|1758360945
|switch|p2a: Gliscor|Gliscor, M, shiny|100/100 tox
|turn|12
|inactive|WittleFiddle has 90 seconds left.
|inactive|WittleFiddle has 60 seconds left.
|
|t:|1758361009
|switch|p1a: Corviknight|Corviknight, F|56/100
|-ability|p1a: Corviknight|Pressure
|move|p2a: Gliscor|Earthquake|p1a: Corviknight
|-immune|p1a: Corviknight
|
|-weather|Snowscape|[upkeep]
|-end|p1a: Corviknight|move: Future Sight
|-resisted|p1a: Corviknight
|-damage|p1a: Corviknight|36/100
|upkeep
|turn|13
|inactive|rari2048 has 120 seconds left.
|
|t:|1758361041
|move|p2a: Gliscor|Substitute|p2a: Gliscor
|-start|p2a: Gliscor|Substitute
|-damage|p2a: Gliscor|76/100 tox
|move|p1a: Corviknight|Roost|p1a: Corviknight
|-heal|p1a: Corviknight|86/100
|-singleturn|p1a: Corviknight|move: Roost
|
|-weather|Snowscape|[upkeep]
|-heal|p2a: Gliscor|88/100 tox|[from] ability: Poison Heal
|upkeep
|turn|14
|
|t:|1758361049
|move|p2a: Gliscor|Swords Dance|p2a: Gliscor
|-boost|p2a: Gliscor|atk|2
|move|p1a: Corviknight|Brave Bird|p2a: Gliscor
|-end|p2a: Gliscor|Substitute
|-damage|p1a: Corviknight|80/100|[from] Recoil|[of] p2a: Gliscor
|
|-weather|none
|-heal|p2a: Gliscor|100/100 tox|[from] ability: Poison Heal
|upkeep
|turn|15
|
|t:|1758361058
|move|p2a: Gliscor|Swords Dance|p2a: Gliscor
|-boost|p2a: Gliscor|atk|2
|move|p1a: Corviknight|Brave Bird|p2a: Gliscor
|-damage|p2a: Gliscor|66/100 tox
|-damage|p1a: Corviknight|72/100|[from] Recoil
|
|-heal|p2a: Gliscor|79/100 tox|[from] ability: Poison Heal
|upkeep
|turn|16
|
|t:|1758361073
|move|p2a: Gliscor|Protect|p2a: Gliscor
|-singleturn|p2a: Gliscor|Protect
|move|p1a: Corviknight|Roost|p1a: Corviknight
|-heal|p1a: Corviknight|100/100
|-singleturn|p1a: Corviknight|move: Roost
|
|-heal|p2a: Gliscor|91/100 tox|[from] ability: Poison Heal
|upkeep
|turn|17
|
|t:|1758361082
|move|p2a: Gliscor|Substitute|p2a: Gliscor
|-start|p2a: Gliscor|Substitute
|-damage|p2a: Gliscor|66/100 tox
|move|p1a: Corviknight|Brave Bird|p2a: Gliscor
|-end|p2a: Gliscor|Substitute
|-damage|p1a: Corviknight|94/100|[from] Recoil|[of] p2a: Gliscor
|
|-heal|p2a: Gliscor|79/100 tox|[from] ability: Poison Heal
|upkeep
|turn|18
|
|t:|1758361092
|move|p2a: Gliscor|Protect|p2a: Gliscor
|-singleturn|p2a: Gliscor|Protect
|move|p1a: Corviknight|Brave Bird|p2a: Gliscor
|-activate|p2a: Gliscor|move: Protect
|
|-heal|p2a: Gliscor|91/100 tox|[from] ability: Poison Heal
|upkeep
|turn|19
|
|t:|1758361101
|move|p2a: Gliscor|Swords Dance|p2a: Gliscor
|-boost|p2a: Gliscor|atk|2
|move|p1a: Corviknight|Defog|p2a: Gliscor
|-unboost|p2a: Gliscor|evasion|1
|
|-heal|p2a: Gliscor|100/100 tox|[from] ability: Poison Heal
|upkeep
|turn|20
|c|☆WittleFiddle|if we gonna pp battle I win because of pressure
|
|t:|1758361110
|move|p2a: Gliscor|Protect|p2a: Gliscor
|-singleturn|p2a: Gliscor|Protect
|move|p1a: Corviknight|Defog|p2a: Gliscor
|-activate|p2a: Gliscor|move: Protect
|
|upkeep
|turn|21
|
|t:|1758361115
|move|p2a: Gliscor|Swords Dance|p2a: Gliscor
|-boost|p2a: Gliscor|atk|0
|move|p1a: Corviknight|Defog|p2a: Gliscor
|-unboost|p2a: Gliscor|evasion|1
|
|upkeep
|turn|22
|
|t:|1758361125
|move|p2a: Gliscor|Substitute|p2a: Gliscor
|-start|p2a: Gliscor|Substitute
|-damage|p2a: Gliscor|76/100 tox
|move|p1a: Corviknight|U-turn|p2a: Gliscor
|-resisted|p2a: Gliscor
|-activate|p2a: Gliscor|move: Substitute|[damage]
|inactive|WittleFiddle has 120 seconds left.
|
|t:|1758361137
|switch|p1a: Ting-Lu|Ting-Lu|100/100|[from] U-turn
|-ability|p1a: Ting-Lu|Vessel of Ruin
|
|-heal|p2a: Gliscor|88/100 tox|[from] ability: Poison Heal
|upkeep
|turn|23
|
|t:|1758361143
|switch|p1a: Corviknight|Corviknight, F|94/100
|-ability|p1a: Corviknight|Pressure
|move|p2a: Gliscor|Earthquake|p1a: Corviknight
|-immune|p1a: Corviknight
|
|-heal|p2a: Gliscor|100/100 tox|[from] ability: Poison Heal
|upkeep
|turn|24
|
|t:|1758361168
|move|p2a: Gliscor|Protect|p2a: Gliscor
|-singleturn|p2a: Gliscor|Protect
|move|p1a: Corviknight|U-turn|p2a: Gliscor
|-activate|p2a: Gliscor|move: Protect
|
|upkeep
|turn|25
|
|t:|1758361174
|move|p2a: Gliscor|Swords Dance|p2a: Gliscor
|-boost|p2a: Gliscor|atk|0
|move|p1a: Corviknight|U-turn|p2a: Gliscor
|-resisted|p2a: Gliscor
|-activate|p2a: Gliscor|move: Substitute|[damage]
|
|t:|1758361177
|switch|p1a: Scizor|Scizor, M|49/100|[from] U-turn
|
|upkeep
|turn|26
|
|t:|1758361182
|switch|p1a: Corviknight|Corviknight, F|94/100
|-ability|p1a: Corviknight|Pressure
|move|p2a: Gliscor|Earthquake|p1a: Corviknight
|-immune|p1a: Corviknight
|
|upkeep
|turn|27
|c|☆WittleFiddle|better get a drink man
|c|☆WittleFiddle|this gnna take a while
|
|t:|1758361199
|move|p2a: Gliscor|Earthquake|p1a: Corviknight
|-immune|p1a: Corviknight
|move|p1a: Corviknight|U-turn|p2a: Gliscor
|-resisted|p2a: Gliscor
|-activate|p2a: Gliscor|move: Substitute|[damage]
|
|t:|1758361203
|switch|p1a: Scizor|Scizor, M|49/100|[from] U-turn
|
|upkeep
|turn|28
|
|t:|1758361213
|switch|p2a: Azelf|Azelf, shiny|100/100
|switch|p1a: Corviknight|Corviknight, F|94/100
|-ability|p1a: Corviknight|Pressure
|
|upkeep
|turn|29
|inactive|WittleFiddle has 120 seconds left.
|
|t:|1758361262
|switch|p2a: Dragapult|Dragapult, M, shiny|100/100
|switch|p1a: Slowking|Slowking-Galar, M|100/100
|
|upkeep
|turn|30
|
|t:|1758361276
|switch|p2a: Gliscor|Gliscor, M, shiny|100/100 tox
|move|p1a: Slowking|Thunder Wave|p2a: Gliscor
|-immune|p2a: Gliscor
|
|upkeep
|turn|31
|inactive|WittleFiddle has 120 seconds left.
|
|t:|1758361295
|switch|p1a: Corviknight|Corviknight, F|94/100
|-ability|p1a: Corviknight|Pressure
|move|p2a: Gliscor|Swords Dance|p2a: Gliscor
|-boost|p2a: Gliscor|atk|2
|
|upkeep
|turn|32
|
|t:|1758361310
|switch|p2a: Dragapult|Dragapult, M, shiny|100/100
|move|p1a: Corviknight|U-turn|p2a: Dragapult
|-resisted|p2a: Dragapult
|-damage|p2a: Dragapult|91/100
|-start|p1a: Corviknight|Disable|U-turn|[from] ability: Cursed Body|[of] p2a: Dragapult
|inactive|WittleFiddle has 120 seconds left.
|
|t:|1758361327
|switch|p1a: Iron Valiant|Iron Valiant|100/100|[from] U-turn
|-enditem|p1a: Iron Valiant|Booster Energy
|-activate|p1a: Iron Valiant|ability: Quark Drive|[fromitem]
|-start|p1a: Iron Valiant|quarkdrivespe
|
|upkeep
|turn|33
|
|t:|1758361343
|move|p1a: Iron Valiant|Moonblast|p2a: Dragapult
|-supereffective|p2a: Dragapult
|-damage|p2a: Dragapult|0 fnt
|faint|p2a: Dragapult
|
|upkeep
|-message|rari2048 forfeited.
|
|win|WittleFiddle
|raw|WittleFiddle's rating: 1200 &rarr; <strong>1219</strong><br />(+19 for winning)
|raw|rari2048's rating: 1117 &rarr; <strong>1098</strong><br />(-19 for losing)
|l|☆rari2048
|player|p2|
|l|☆WittleFiddle
|player|p1|
