|j|☆Exsvuw
|j|☆Imurdadwithmilk
|t:|1758347276
|gametype|singles
|player|p1|Exsvuw|170|1108
|player|p2|Imurdadwithmilk|blackbelt-gen4|1161
|gen|9
|tier|[Gen 9] OU
|rated|
|rule|HP Percentage Mod: HP is shown in percentages
|rule|Endless Battle Clause: Forcing endless battles is banned
|rule|Species Clause: Limit one of each Pokémon
|rule|OHKO Clause: OHKO moves are banned
|rule|Evasion Items Clause: Evasion items are banned
|rule|Evasion Moves Clause: Evasion moves are banned
|rule|Evasion Abilities Clause: Evasion abilities are banned
|rule|Sleep Moves Clause: Sleep-inducing moves are banned
|clearpoke
|poke|p1|Kingambit, M|
|poke|p1|Zamazenta-*|
|poke|p1|Garganacl, M|
|poke|p1|Gliscor, F|
|poke|p1|Iron Valiant|
|poke|p1|Ursaluna, F|
|poke|p2|Scizor, M|
|poke|p2|Scyther, F|
|poke|p2|Clefable, M|
|poke|p2|Kingambit, M|
|poke|p2|Samurott-Hisui, F|
|poke|p2|Kleavor, M|
|teampreview
|inactive|Battle timer is ON: inactive players will automatically lose when time's up. (requested by Imurdadwithmilk)
|
|t:|1758347293
|teamsize|p1|6
|teamsize|p2|6
|start
|switch|p1a: Zamazenta|Zamazenta|100/100
|switch|p2a: Kleavor|Kleavor, M|100/100
|-ability|p1a: Zamazenta|Dauntless Shield|boost
|-boost|p1a: Zamazenta|def|1
|turn|1
|
|t:|1758347308
|move|p1a: Zamazenta|Iron Defense|p1a: Zamazenta
|-boost|p1a: Zamazenta|def|2
|move|p2a: Kleavor|Stone Axe|p1a: Zamazenta
|-resisted|p1a: Zamazenta
|-damage|p1a: Zamazenta|89/100
|-sidestart|p1: Exsvuw|move: Stealth Rock
|
|-heal|p1a: Zamazenta|95/100|[from] item: Leftovers
|upkeep
|turn|2
|
|t:|1758347317
|switch|p2a: Clefable|Clefable, M|100/100
|move|p1a: Zamazenta|Iron Defense|p1a: Zamazenta
|-boost|p1a: Zamazenta|def|2
|
|-heal|p1a: Zamazenta|100/100|[from] item: Leftovers
|upkeep
|turn|3
|
|t:|1758347325
|move|p1a: Zamazenta|Light Screen|p1a: Zamazenta
|-sidestart|p1: Exsvuw|move: Light Screen
|move|p2a: Clefable|Reflect|p2a: Clefable
|-sidestart|p2: Imurdadwithmilk|Reflect
|
|upkeep
|turn|4
|
|t:|1758347332
|move|p1a: Zamazenta|Iron Defense|p1a: Zamazenta
|-boost|p1a: Zamazenta|def|1
|move|p2a: Clefable|Encore|p1a: Zamazenta
|-start|p1a: Zamazenta|Encore
|
|upkeep
|turn|5
|
|t:|1758347346
|switch|p1a: Ursaluna|Ursaluna, F|100/100
|-damage|p1a: Ursaluna|94/100|[from] Stealth Rock
|move|p2a: Clefable|Moonblast|p1a: Ursaluna
|-damage|p1a: Ursaluna|79/100
|-unboost|p1a: Ursaluna|spa|1
|
|upkeep
|turn|6
|
|t:|1758347355
|move|p1a: Ursaluna|Earthquake|p2a: Clefable
|-damage|p2a: Clefable|65/100
|-damage|p1a: Ursaluna|69/100|[from] item: Life Orb
|move|p2a: Clefable|Moonblast|p1a: Ursaluna
|-damage|p1a: Ursaluna|52/100
|
|-heal|p2a: Clefable|71/100|[from] item: Leftovers
|upkeep
|turn|7
|
|t:|1758347365
|switch|p2a: Scyther|Scyther, F|100/100
|move|p1a: Ursaluna|Swords Dance|p1a: Ursaluna
|-boost|p1a: Ursaluna|atk|2
|
|-sideend|p2: Imurdadwithmilk|Reflect
|-sideend|p1: Exsvuw|move: Light Screen
|upkeep
|turn|8
|
|t:|1758347376
|move|p2a: Scyther|U-turn|p1a: Ursaluna
|-damage|p1a: Ursaluna|17/100
|
|t:|1758347381
|switch|p2a: Kleavor|Kleavor, M|100/100|[from] U-turn
|move|p1a: Ursaluna|Gunk Shot|p2a: Kleavor|[miss]
|-miss|p1a: Ursaluna|p2a: Kleavor
|
|upkeep
|turn|9
|
|t:|1758347400
|move|p2a: Kleavor|Night Slash|p1a: Ursaluna
|-damage|p1a: Ursaluna|0 fnt
|faint|p1a: Ursaluna
|
|upkeep
|
|t:|1758347410
|switch|p1a: Gliscor|Gliscor, F|100/100
|-damage|p1a: Gliscor|88/100|[from] Stealth Rock
|turn|10
|
|t:|1758347420
|-terastallize|p2a: Kleavor|Bug
|move|p1a: Gliscor|Toxic Spikes|p2a: Kleavor
|-sidestart|p2: Imurdadwithmilk|move: Toxic Spikes
|move|p2a: Kleavor|Swords Dance|p2a: Kleavor
|-boost|p2a: Kleavor|atk|2
|
|-heal|p1a: Gliscor|94/100|[from] item: Leftovers
|upkeep
|turn|11
|
|t:|1758347437
|move|p1a: Gliscor|Substitute|p1a: Gliscor
|-start|p1a: Gliscor|Substitute
|-damage|p1a: Gliscor|69/100
|move|p2a: Kleavor|Agility|p2a: Kleavor
|-boost|p2a: Kleavor|spe|2
|
|-heal|p1a: Gliscor|75/100|[from] item: Leftovers
|upkeep
|turn|12
|
|t:|1758347447
|move|p2a: Kleavor|Swords Dance|p2a: Kleavor
|-boost|p2a: Kleavor|atk|2
|move|p1a: Gliscor|Gunk Shot|p2a: Kleavor
|-damage|p2a: Kleavor|57/100
|
|-heal|p1a: Gliscor|82/100|[from] item: Leftovers
|upkeep
|turn|13
|
|t:|1758347455
|move|p2a: Kleavor|Stone Axe|p1a: Gliscor
|-end|p1a: Gliscor|Substitute
|move|p1a: Gliscor|Gunk Shot|p2a: Kleavor|[miss]
|-miss|p1a: Gliscor|p2a: Kleavor
|
|-heal|p1a: Gliscor|88/100|[from] item: Leftovers
|upkeep
|turn|14
|
|t:|1758347465
|move|p2a: Kleavor|Stone Axe|p1a: Gliscor
|-damage|p1a: Gliscor|0 fnt
|faint|p1a: Gliscor
|
|upkeep
|
|t:|1758347471
|switch|p1a: Zamazenta|Zamazenta|100/100
|-damage|p1a: Zamazenta|94/100|[from] Stealth Rock
|turn|15
|
|t:|1758347480
|move|p2a: Kleavor|Stone Axe|p1a: Zamazenta
|-resisted|p1a: Zamazenta
|-damage|p1a: Zamazenta|0 fnt
|faint|p1a: Zamazenta
|
|upkeep
|
|t:|1758347486
|switch|p1a: Garganacl|Garganacl, M|100/100
|-damage|p1a: Garganacl|88/100|[from] Stealth Rock
|turn|16
|
|t:|1758347492
|move|p2a: Kleavor|Night Slash|p1a: Garganacl
|-damage|p1a: Garganacl|4/100
|move|p1a: Garganacl|Salt Cure|p2a: Kleavor
|-supereffective|p2a: Kleavor
|-damage|p2a: Kleavor|18/100
|-start|p2a: Kleavor|Salt Cure
|
|-heal|p1a: Garganacl|11/100|[from] item: Leftovers
|-damage|p2a: Kleavor|5/100|[from] Salt Cure
|upkeep
|turn|17
|
|t:|1758347510
|move|p2a: Kleavor|Night Slash|p1a: Garganacl
|-damage|p1a: Garganacl|0 fnt
|faint|p1a: Garganacl
|
|-damage|p2a: Kleavor|0 fnt|[from] Salt Cure
|faint|p2a: Kleavor
|upkeep
|
|t:|1758347517
|switch|p2a: Clefable|Clefable, M|71/100
|switch|p1a: Iron Valiant|Iron Valiant|100/100
|-damage|p1a: Iron Valiant|94/100|[from] Stealth Rock
|-status|p2a: Clefable|psn
|-enditem|p1a: Iron Valiant|Booster Energy
|-activate|p1a: Iron Valiant|ability: Quark Drive|[fromitem]
|-start|p1a: Iron Valiant|quarkdrivespe
|turn|18
|
|t:|1758347538
|move|p1a: Iron Valiant|Dazzling Gleam|p2a: Clefable
|-damage|p2a: Clefable|51/100 psn
|move|p2a: Clefable|Moonblast|p1a: Iron Valiant
|-supereffective|p1a: Iron Valiant
|-damage|p1a: Iron Valiant|17/100
|
|-heal|p2a: Clefable|57/100 psn|[from] item: Leftovers
|upkeep
|turn|19
|
|t:|1758347548
|move|p1a: Iron Valiant|Drain Punch|p2a: Clefable
|-resisted|p2a: Clefable
|-damage|p2a: Clefable|40/100 psn
|-heal|p1a: Iron Valiant|28/100|[from] drain|[of] p2a: Clefable
|move|p2a: Clefable|Moonblast|p1a: Iron Valiant
|-supereffective|p1a: Iron Valiant
|-damage|p1a: Iron Valiant|0 fnt
|faint|p1a: Iron Valiant
|-end|p1a: Iron Valiant|Quark Drive|[silent]
|
|-heal|p2a: Clefable|46/100 psn|[from] item: Leftovers
|upkeep
|
|t:|1758347559
|switch|p1a: Kingambit|Kingambit, M|100/100
|-damage|p1a: Kingambit|94/100|[from] Stealth Rock
|-activate|p1a: Kingambit|ability: Supreme Overlord
|-start|p1a: Kingambit|fallen5|[silent]
|turn|20
|
|t:|1758347566
|move|p2a: Clefable|Reflect|p2a: Clefable
|-sidestart|p2: Imurdadwithmilk|Reflect
|move|p1a: Kingambit|Swords Dance|p1a: Kingambit
|-boost|p1a: Kingambit|atk|2
|
|-heal|p2a: Clefable|52/100 psn|[from] item: Leftovers
|-heal|p1a: Kingambit|100/100|[from] item: Leftovers
|upkeep
|turn|21
|
|t:|1758347574
|move|p2a: Clefable|Encore|p1a: Kingambit
|-start|p1a: Kingambit|Encore
|move|p1a: Kingambit|Swords Dance|p1a: Kingambit
|-boost|p1a: Kingambit|atk|2
|
|-heal|p2a: Clefable|58/100 psn|[from] item: Leftovers
|upkeep
|turn|22
|
|t:|1758347585
|switch|p2a: Scyther|Scyther, F|100/100
|-terastallize|p1a: Kingambit|Dark
|move|p1a: Kingambit|Swords Dance|p1a: Kingambit
|-boost|p1a: Kingambit|atk|2
|
|upkeep
|turn|23
|
|t:|1758347601
|move|p2a: Scyther|Close Combat|p1a: Kingambit
|-supereffective|p1a: Kingambit
|-damage|p1a: Kingambit|26/100
|-unboost|p2a: Scyther|def|1
|-unboost|p2a: Scyther|spd|1
|move|p1a: Kingambit|Swords Dance|p1a: Kingambit
|-boost|p1a: Kingambit|atk|0
|
|-heal|p1a: Kingambit|32/100|[from] item: Leftovers
|-end|p1a: Kingambit|Encore
|upkeep
|turn|24
|
|t:|1758347615
|move|p2a: Scyther|Close Combat|p1a: Kingambit
|-supereffective|p1a: Kingambit
|-damage|p1a: Kingambit|0 fnt
|-unboost|p2a: Scyther|def|1
|-unboost|p2a: Scyther|spd|1
|faint|p1a: Kingambit
|-end|p1a: Kingambit|fallen5|[silent]
|
|win|Imurdadwithmilk
|raw|Exsvuw's rating: 1108 &rarr; <strong>1087</strong><br />(-21 for losing)
|raw|Imurdadwithmilk's rating: 1161 &rarr; <strong>1182</strong><br />(+21 for winning)
|c|☆Imurdadwithmilk|Gg
|l|☆Exsvuw
|player|p1|
|l|☆Imurdadwithmilk
|player|p2|
