|j|☆xX_Gab_Xx
|j|☆SilverNick
|t:|1758285403
|gametype|singles
|player|p1|xX_Gab_Xx|hugh|1247
|player|p2|SilverNick|ethan|1292
|gen|9
|tier|[Gen 9] OU
|rated|
|rule|HP Percentage Mod: HP is shown in percentages
|rule|Endless Battle Clause: Forcing endless battles is banned
|rule|Species Clause: Limit one of each Pokémon
|rule|OHKO Clause: OHKO moves are banned
|rule|Evasion Items Clause: Evasion items are banned
|rule|Evasion Moves Clause: Evasion moves are banned
|rule|Evasion Abilities Clause: Evasion abilities are banned
|rule|Sleep Moves Clause: Sleep-inducing moves are banned
|clearpoke
|poke|p1|Sinistcha|
|poke|p1|Alomomola, F|
|poke|p1|Hatterene, F|
|poke|p1|Clodsire, F|
|poke|p1|Weavile, M|
|poke|p1|Suicune|
|poke|p2|Typhlosion, F|
|poke|p2|Pecharunt|
|poke|p2|Ting-Lu|
|poke|p2|Araquanid, M|
|poke|p2|Great Tusk|
|poke|p2|Latias, F|
|teampreview
|inactive|Battle timer is ON: inactive players will automatically lose when time's up. (requested by xX_Gab_Xx)
|inactive|SilverNick has 120 seconds left.
|c|☆SilverNick|this team is interesting
|
|t:|1758285453
|teamsize|p1|6
|teamsize|p2|6
|start
|switch|p1a: Hatterene|Hatterene, F|100/100
|switch|p2a: Araquanid|Araquanid, M|100/100
|turn|1
|
|t:|1758285473
|move|p2a: Araquanid|Leech Life|p1a: Hatterene
|-damage|p1a: Hatterene|83/100
|move|p1a: Hatterene|Draining Kiss|p2a: Araquanid
|-damage|p2a: Araquanid|86/100
|-heal|p1a: Hatterene|94/100|[from] drain|[of] p2a: Araquanid
|
|-heal|p1a: Hatterene|99/100|[from] item: Leftovers
|upkeep
|turn|2
|
|t:|1758285481
|move|p2a: Araquanid|Liquidation|p1a: Hatterene
|-damage|p1a: Hatterene|63/100
|move|p1a: Hatterene|Calm Mind|p1a: Hatterene
|-boost|p1a: Hatterene|spa|1
|-boost|p1a: Hatterene|spd|1
|
|-heal|p1a: Hatterene|69/100|[from] item: Leftovers
|upkeep
|turn|3
|
|t:|1758285489
|move|p1a: Hatterene|Psychic Noise|p2a: Araquanid
|-damage|p2a: Araquanid|52/100
|-start|p2a: Araquanid|move: Heal Block
|move|p2a: Araquanid|Mirror Coat|p1a: Hatterene
|-damage|p1a: Hatterene|0 fnt
|faint|p1a: Hatterene
|
|upkeep
|
|t:|1758285500
|switch|p1a: Suicune|Suicune|100/100
|-ability|p1a: Suicune|Pressure
|turn|4
|
|t:|1758285505
|move|p1a: Suicune|Substitute|p1a: Suicune
|-start|p1a: Suicune|Substitute
|-damage|p1a: Suicune|75/100
|move|p2a: Araquanid|Sticky Web|p1a: Suicune
|-sidestart|p1: xX_Gab_Xx|move: Sticky Web
|
|-heal|p1a: Suicune|82/100|[from] item: Leftovers
|-end|p2a: Araquanid|move: Heal Block
|upkeep
|turn|5
|
|t:|1758285515
|switch|p2a: Latias|Latias, F|100/100
|move|p1a: Suicune|Calm Mind|p1a: Suicune
|-boost|p1a: Suicune|spa|1
|-boost|p1a: Suicune|spd|1
|
|-heal|p1a: Suicune|88/100|[from] item: Leftovers
|upkeep
|turn|6
|
|t:|1758285522
|move|p2a: Latias|Mist Ball|p1a: Suicune
|-end|p1a: Suicune|Substitute
|move|p1a: Suicune|Ice Beam|p2a: Latias
|-supereffective|p2a: Latias
|-damage|p2a: Latias|46/100
|
|-heal|p1a: Suicune|94/100|[from] item: Leftovers
|upkeep
|turn|7
|inactive|SilverNick has 120 seconds left.
|
|t:|1758285572
|move|p2a: Latias|Mist Ball|p1a: Suicune
|-damage|p1a: Suicune|66/100
|move|p1a: Suicune|Substitute|p1a: Suicune
|-start|p1a: Suicune|Substitute
|-damage|p1a: Suicune|41/100
|
|-heal|p1a: Suicune|47/100|[from] item: Leftovers
|upkeep
|turn|8
|
|t:|1758285581
|-terastallize|p1a: Suicune|Dark
|move|p2a: Latias|Mist Ball|p1a: Suicune
|-immune|p1a: Suicune
|move|p1a: Suicune|Calm Mind|p1a: Suicune
|-boost|p1a: Suicune|spa|1
|-boost|p1a: Suicune|spd|1
|
|-heal|p1a: Suicune|54/100|[from] item: Leftovers
|upkeep
|turn|9
|
|t:|1758285590
|move|p2a: Latias|Dragon Pulse|p1a: Suicune
|-activate|p1a: Suicune|move: Substitute|[damage]
|move|p1a: Suicune|Calm Mind|p1a: Suicune
|-boost|p1a: Suicune|spa|1
|-boost|p1a: Suicune|spd|1
|
|-heal|p1a: Suicune|60/100|[from] item: Leftovers
|upkeep
|turn|10
|inactive|SilverNick has 120 seconds left.
|
|t:|1758285617
|switch|p2a: Araquanid|Araquanid, M|52/100
|move|p1a: Suicune|Ice Beam|p2a: Araquanid
|-resisted|p2a: Araquanid
|-damage|p2a: Araquanid|37/100
|
|-heal|p1a: Suicune|66/100|[from] item: Leftovers
|upkeep
|turn|11
|
|t:|1758285626
|move|p1a: Suicune|Calm Mind|p1a: Suicune
|-boost|p1a: Suicune|spa|1
|-boost|p1a: Suicune|spd|1
|move|p2a: Araquanid|Liquidation|p1a: Suicune
|-end|p1a: Suicune|Substitute
|
|-heal|p1a: Suicune|72/100|[from] item: Leftovers
|upkeep
|turn|12
|
|t:|1758285634
|move|p1a: Suicune|Substitute|p1a: Suicune
|-start|p1a: Suicune|Substitute
|-damage|p1a: Suicune|47/100
|move|p2a: Araquanid|Leech Life|p1a: Suicune
|-supereffective|p1a: Suicune
|-end|p1a: Suicune|Substitute
|-heal|p2a: Araquanid|50/100|[from] drain|[of] p1a: Suicune
|
|-heal|p1a: Suicune|53/100|[from] item: Leftovers
|upkeep
|turn|13
|
|t:|1758285644
|move|p1a: Suicune|Scald|p2a: Araquanid
|-resisted|p2a: Araquanid
|-damage|p2a: Araquanid|28/100
|move|p2a: Araquanid|Leech Life|p1a: Suicune
|-supereffective|p1a: Suicune
|-damage|p1a: Suicune|22/100
|-heal|p2a: Araquanid|44/100|[from] drain|[of] p1a: Suicune
|
|-heal|p1a: Suicune|29/100|[from] item: Leftovers
|upkeep
|turn|14
|
|t:|1758285655
|switch|p1a: Sinistcha|Sinistcha|100/100
|-activate|p1a: Sinistcha|move: Sticky Web
|-unboost|p1a: Sinistcha|spe|1
|move|p2a: Araquanid|Leech Life|p1a: Sinistcha
|-damage|p1a: Sinistcha|82/100
|-heal|p2a: Araquanid|53/100|[from] drain|[of] p1a: Sinistcha
|
|-heal|p1a: Sinistcha|88/100|[from] item: Leftovers
|upkeep
|turn|15
|
|t:|1758285670
|switch|p2a: Typhlosion|Typhlosion, F|100/100
|move|p1a: Sinistcha|Calm Mind|p1a: Sinistcha
|-boost|p1a: Sinistcha|spa|1
|-boost|p1a: Sinistcha|spd|1
|
|-heal|p1a: Sinistcha|94/100|[from] item: Leftovers
|upkeep
|turn|16
|
|t:|1758285678
|move|p2a: Typhlosion|Eruption|p1a: Sinistcha
|-supereffective|p1a: Sinistcha
|-damage|p1a: Sinistcha|13/100
|move|p1a: Sinistcha|Strength Sap|p2a: Typhlosion
|-unboost|p2a: Typhlosion|atk|1
|-heal|p1a: Sinistcha|61/100
|
|-heal|p1a: Sinistcha|67/100|[from] item: Leftovers
|upkeep
|turn|17
|
|t:|1758285688
|switch|p1a: Clodsire|Clodsire, F|100/100
|-activate|p1a: Clodsire|move: Sticky Web
|-unboost|p1a: Clodsire|spe|1
|move|p2a: Typhlosion|Eruption|p1a: Clodsire
|-damage|p1a: Clodsire|43/100
|
|-heal|p1a: Clodsire|49/100|[from] item: Leftovers
|upkeep
|turn|18
|
|t:|1758285698
|switch|p1a: Alomomola|Alomomola, F|100/100
|-activate|p1a: Alomomola|move: Sticky Web
|-unboost|p1a: Alomomola|spe|1
|move|p2a: Typhlosion|Eruption|p1a: Alomomola
|-resisted|p1a: Alomomola
|-damage|p1a: Alomomola|57/100
|
|-heal|p1a: Alomomola|63/100|[from] item: Leftovers
|upkeep
|turn|19
|
|t:|1758285710
|switch|p2a: Ting-Lu|Ting-Lu|100/100
|-ability|p2a: Ting-Lu|Vessel of Ruin
|move|p1a: Alomomola|Protect||[still]
|-fail|p1a: Alomomola
|
|-heal|p1a: Alomomola|69/100|[from] item: Leftovers
|upkeep
|turn|20
|
|t:|1758285718
|move|p2a: Ting-Lu|Spikes|p1a: Alomomola
|-sidestart|p1: xX_Gab_Xx|Spikes
|move|p1a: Alomomola|Wish|p1a: Alomomola
|
|-heal|p1a: Alomomola|75/100|[from] item: Leftovers
|upkeep
|turn|21
|
|t:|1758285723
|move|p2a: Ting-Lu|Ruination|p1a: Alomomola|[miss]
|-miss|p2a: Ting-Lu|p1a: Alomomola
|move|p1a: Alomomola|Flip Turn|p2a: Ting-Lu
|-supereffective|p2a: Ting-Lu
|-damage|p2a: Ting-Lu|84/100
|
|t:|1758285728
|switch|p1a: Suicune|Suicune, tera:Dark|29/100|[from] Flip Turn
|-activate|p1a: Suicune|move: Sticky Web
|-unboost|p1a: Suicune|spe|1
|-damage|p1a: Suicune|16/100|[from] Spikes
|-ability|p1a: Suicune|Pressure
|
|-heal|p1a: Suicune|82/100|[from] move: Wish|[wisher] Alomomola
|-heal|p1a: Suicune|88/100|[from] item: Leftovers
|-heal|p2a: Ting-Lu|90/100|[from] item: Leftovers
|upkeep
|turn|22
|
|t:|1758285739
|move|p1a: Suicune|Scald|p2a: Ting-Lu
|-supereffective|p2a: Ting-Lu
|-damage|p2a: Ting-Lu|67/100
|move|p2a: Ting-Lu|Ruination|p1a: Suicune
|-damage|p1a: Suicune|44/100
|
|-heal|p1a: Suicune|50/100|[from] item: Leftovers
|-heal|p2a: Ting-Lu|73/100|[from] item: Leftovers
|upkeep
|turn|23
|-message|xX_Gab_Xx forfeited.
|
|win|SilverNick
|raw|xX_Gab_Xx's rating: 1247 &rarr; <strong>1225</strong><br />(-22 for losing)
|raw|SilverNick's rating: 1292 &rarr; <strong>1314</strong><br />(+22 for winning)
|l|☆xX_Gab_Xx
|player|p1|
|l|☆SilverNick
|player|p2|
