|j|☆ToiletToHighLadder
|j|☆Yajityyy
|t:|1758243495
|gametype|singles
|player|p1|ToiletToHighLadder|fisherman-gen4|1344
|player|p2|Yajityyy|burglar|1341
|gen|9
|tier|[Gen 9] OU
|rated|
|rule|HP Percentage Mod: HP is shown in percentages
|rule|Endless Battle Clause: Forcing endless battles is banned
|rule|Species Clause: Limit one of each Pokémon
|rule|OHKO Clause: OHKO moves are banned
|rule|Evasion Items Clause: Evasion items are banned
|rule|Evasion Moves Clause: Evasion moves are banned
|rule|Evasion Abilities Clause: Evasion abilities are banned
|rule|Sleep Moves Clause: Sleep-inducing moves are banned
|clearpoke
|poke|p1|Pelipper, F|
|poke|p1|Hatterene, F|
|poke|p1|Iron Treads|
|poke|p1|Toxicroak, F|
|poke|p1|Barraskewda, F|
|poke|p1|Zapdos|
|poke|p2|Araquanid, M|
|poke|p2|Manaphy|
|poke|p2|Gholdengo|
|poke|p2|Great Tusk|
|poke|p2|Weavile, F|
|poke|p2|Ogerpon-Wellspring, F|
|teampreview
|inactive|Battle timer is ON: inactive players will automatically lose when time's up. (requested by ToiletToHighLadder)
|
|t:|1758243513
|teamsize|p1|6
|teamsize|p2|6
|start
|switch|p1a: Zapdos|Zapdos|100/100
|switch|p2a: Araquanid|Araquanid, M|100/100
|turn|1
|j| Axle64
|
|t:|1758243519
|move|p1a: Zapdos|Volt Switch|p2a: Araquanid
|-supereffective|p2a: Araquanid
|-damage|p2a: Araquanid|19/100
|l| Axle64
|
|t:|1758243524
|switch|p1a: Hatterene|Hatterene, F|100/100|[from] Volt Switch
|move|p2a: Araquanid|Sticky Web|p1a: Hatterene
|move|p1a: Hatterene|Sticky Web|p2a: Araquanid|[from] ability: Magic Bounce
|-sidestart|p2: Yajityyy|move: Sticky Web
|
|upkeep
|turn|2
|
|t:|1758243542
|switch|p2a: Gholdengo|Gholdengo|100/100
|-item|p2a: Gholdengo|Air Balloon
|move|p1a: Hatterene|Psychic Noise|p2a: Gholdengo
|-resisted|p2a: Gholdengo
|-damage|p2a: Gholdengo|82/100
|-start|p2a: Gholdengo|move: Heal Block
|-enditem|p2a: Gholdengo|Air Balloon
|
|upkeep
|turn|3
|
|t:|1758243560
|move|p2a: Gholdengo|Nasty Plot|p2a: Gholdengo
|-boost|p2a: Gholdengo|spa|2
|move|p1a: Hatterene|Nuzzle|p2a: Gholdengo
|-damage|p2a: Gholdengo|77/100
|-status|p2a: Gholdengo|par
|
|-end|p2a: Gholdengo|move: Heal Block
|upkeep
|turn|4
|
|t:|1758243573
|cant|p2a: Gholdengo|par
|move|p1a: Hatterene|Psychic Noise|p2a: Gholdengo
|-resisted|p2a: Gholdengo
|-damage|p2a: Gholdengo|58/100 par
|-start|p2a: Gholdengo|move: Heal Block
|
|upkeep
|turn|5
|
|t:|1758243578
|move|p2a: Gholdengo|Make It Rain|p1a: Hatterene
|-supereffective|p1a: Hatterene
|-damage|p1a: Hatterene|0 fnt
|-unboost|p2a: Gholdengo|spa|1
|faint|p1a: Hatterene
|
|-end|p2a: Gholdengo|move: Heal Block
|upkeep
|
|t:|1758243590
|switch|p1a: Pelipper|Pelipper, F|100/100
|-weather|RainDance|[from] ability: Drizzle|[of] p1a: Pelipper
|turn|6
|
|t:|1758243598
|switch|p1a: Iron Treads|Iron Treads|100/100
|move|p2a: Gholdengo|Shadow Ball|p1a: Iron Treads
|-damage|p1a: Iron Treads|45/100
|
|-weather|RainDance|[upkeep]
|-heal|p1a: Iron Treads|51/100|[from] item: Leftovers
|upkeep
|turn|7
|
|t:|1758243613
|switch|p2a: Araquanid|Araquanid, M|19/100
|-activate|p2a: Araquanid|move: Sticky Web
|-unboost|p2a: Araquanid|spe|1
|move|p1a: Iron Treads|Earthquake|p2a: Araquanid
|-resisted|p2a: Araquanid
|-damage|p2a: Araquanid|0 fnt
|faint|p2a: Araquanid
|
|-weather|RainDance|[upkeep]
|-heal|p1a: Iron Treads|57/100|[from] item: Leftovers
|upkeep
|
|t:|1758243633
|switch|p2a: Great Tusk|Great Tusk|100/100
|-activate|p2a: Great Tusk|move: Sticky Web
|-unboost|p2a: Great Tusk|spe|1
|-enditem|p2a: Great Tusk|Booster Energy
|-activate|p2a: Great Tusk|ability: Protosynthesis|[fromitem]
|-start|p2a: Great Tusk|protosynthesisatk
|turn|8
|
|t:|1758243645
|-end|p1a: Iron Treads|Quark Drive|[silent]
|switch|p1a: Zapdos|Zapdos|100/100
|move|p2a: Great Tusk|Rapid Spin|p1a: Zapdos
|-damage|p1a: Zapdos|77/100
|-boost|p2a: Great Tusk|spe|1
|-sideend|p2: Yajityyy|Sticky Web|[from] move: Rapid Spin|[of] p2a: Great Tusk
|
|-weather|RainDance|[upkeep]
|upkeep
|turn|9
|
|t:|1758243659
|-terastallize|p2a: Great Tusk|Ice
|move|p1a: Zapdos|Hurricane|p2a: Great Tusk
|-damage|p2a: Great Tusk|16/100
|-start|p2a: Great Tusk|confusion
|-activate|p2a: Great Tusk|confusion
|move|p2a: Great Tusk|Bulk Up|p2a: Great Tusk
|-boost|p2a: Great Tusk|atk|1
|-boost|p2a: Great Tusk|def|1
|
|-weather|RainDance|[upkeep]
|upkeep
|turn|10
|inactive|Yajityyy has 120 seconds left.
|
|t:|1758243684
|move|p1a: Zapdos|Hurricane|p2a: Great Tusk
|-damage|p2a: Great Tusk|0 fnt
|faint|p2a: Great Tusk
|-end|p2a: Great Tusk|Protosynthesis|[silent]
|
|-weather|RainDance|[upkeep]
|upkeep
|inactive|Yajityyy has 120 seconds left.
|
|t:|1758243695
|switch|p2a: Weavile|Weavile, F|100/100
|turn|11
|inactive|Yajityyy has 120 seconds left.
|
|t:|1758243705
|switch|p1a: Toxicroak|Toxicroak, F|100/100
|move|p2a: Weavile|Knock Off|p1a: Toxicroak
|-resisted|p1a: Toxicroak
|-damage|p1a: Toxicroak|70/100
|-damage|p2a: Weavile|84/100|[from] item: Rocky Helmet|[of] p1a: Toxicroak
|-enditem|p1a: Toxicroak|Rocky Helmet|[from] move: Knock Off|[of] p2a: Weavile
|
|-weather|RainDance|[upkeep]
|-heal|p1a: Toxicroak|83/100|[from] ability: Dry Skin
|upkeep
|turn|12
|inactive|Yajityyy has 120 seconds left.
|
|t:|1758243724
|switch|p2a: Gholdengo|Gholdengo|58/100 par
|move|p1a: Toxicroak|Knock Off|p2a: Gholdengo
|-supereffective|p2a: Gholdengo
|-damage|p2a: Gholdengo|23/100 par
|
|-weather|RainDance|[upkeep]
|-heal|p1a: Toxicroak|95/100|[from] ability: Dry Skin
|upkeep
|turn|13
|inactive|Yajityyy has 120 seconds left.
|
|t:|1758243740
|switch|p1a: Iron Treads|Iron Treads|57/100
|move|p2a: Gholdengo|Recover|p2a: Gholdengo
|-heal|p2a: Gholdengo|73/100 par
|
|-weather|none
|-heal|p1a: Iron Treads|63/100|[from] item: Leftovers
|upkeep
|turn|14
|
|t:|1758243751
|switch|p2a: Ogerpon|Ogerpon-Wellspring, F|100/100
|move|p1a: Iron Treads|Volt Switch|p2a: Ogerpon
|-damage|p2a: Ogerpon|87/100
|
|t:|1758243754
|-end|p1a: Iron Treads|Quark Drive|[silent]
|switch|p1a: Toxicroak|Toxicroak, F|95/100|[from] Volt Switch
|
|upkeep
|turn|15
|
|t:|1758243761
|move|p2a: Ogerpon|U-turn|p1a: Toxicroak
|-resisted|p1a: Toxicroak
|-damage|p1a: Toxicroak|87/100
|
|t:|1758243770
|switch|p2a: Weavile|Weavile, F|84/100|[from] U-turn
|move|p1a: Toxicroak|Toxic|p2a: Weavile
|-status|p2a: Weavile|tox
|
|-damage|p2a: Weavile|78/100 tox|[from] psn
|upkeep
|turn|16
|
|t:|1758243778
|switch|p1a: Iron Treads|Iron Treads|63/100
|move|p2a: Weavile|Triple Axel|p1a: Iron Treads|[miss]
|-miss|p2a: Weavile|p1a: Iron Treads
|
|-heal|p1a: Iron Treads|69/100|[from] item: Leftovers
|-damage|p2a: Weavile|66/100 tox|[from] psn
|upkeep
|turn|17
|
|t:|1758243788
|switch|p2a: Ogerpon|Ogerpon-Wellspring, F|87/100
|move|p1a: Iron Treads|Stealth Rock|p2a: Ogerpon
|-sidestart|p2: Yajityyy|move: Stealth Rock
|
|-heal|p1a: Iron Treads|75/100|[from] item: Leftovers
|upkeep
|turn|18
|
|t:|1758243794
|move|p2a: Ogerpon|Swords Dance|p2a: Ogerpon
|-boost|p2a: Ogerpon|atk|2
|move|p1a: Iron Treads|Volt Switch|p2a: Ogerpon
|-damage|p2a: Ogerpon|74/100
|
|t:|1758243796
|-end|p1a: Iron Treads|Quark Drive|[silent]
|switch|p1a: Toxicroak|Toxicroak, F|87/100|[from] Volt Switch
|
|upkeep
|turn|19
|
|t:|1758243802
|move|p2a: Ogerpon|U-turn|p1a: Toxicroak
|-resisted|p1a: Toxicroak
|-damage|p1a: Toxicroak|73/100
|
|t:|1758243816
|switch|p2a: Gholdengo|Gholdengo|73/100 par|[from] U-turn
|-damage|p2a: Gholdengo|67/100 par|[from] Stealth Rock
|move|p1a: Toxicroak|Toxic|p2a: Gholdengo
|-immune|p2a: Gholdengo|[from] ability: Good as Gold
|
|upkeep
|turn|20
|
|t:|1758243825
|switch|p1a: Iron Treads|Iron Treads|75/100
|move|p2a: Gholdengo|Shadow Ball|p1a: Iron Treads
|-damage|p1a: Iron Treads|43/100
|-unboost|p1a: Iron Treads|spd|1
|
|-heal|p1a: Iron Treads|49/100|[from] item: Leftovers
|upkeep
|turn|21
|
|t:|1758243835
|move|p1a: Iron Treads|Volt Switch|p2a: Gholdengo
|-damage|p2a: Gholdengo|53/100 par
|
|t:|1758243842
|-end|p1a: Iron Treads|Quark Drive|[silent]
|switch|p1a: Pelipper|Pelipper, F|100/100|[from] Volt Switch
|-weather|RainDance|[from] ability: Drizzle|[of] p1a: Pelipper
|move|p2a: Gholdengo|Shadow Ball|p1a: Pelipper
|-damage|p1a: Pelipper|57/100
|
|-weather|RainDance|[upkeep]
|upkeep
|turn|22
|
|t:|1758243856
|move|p2a: Gholdengo|Recover|p2a: Gholdengo
|-heal|p2a: Gholdengo|100/100 par
|move|p1a: Pelipper|Hurricane|p2a: Gholdengo
|-resisted|p2a: Gholdengo
|-damage|p2a: Gholdengo|78/100 par
|
|-weather|RainDance|[upkeep]
|upkeep
|turn|23
|
|t:|1758243862
|switch|p2a: Ogerpon|Ogerpon-Wellspring, F|74/100
|-damage|p2a: Ogerpon|61/100|[from] Stealth Rock
|move|p1a: Pelipper|U-turn|p2a: Ogerpon
|-supereffective|p2a: Ogerpon
|-damage|p2a: Ogerpon|36/100
|
|t:|1758243866
|switch|p1a: Toxicroak|Toxicroak, F|73/100|[from] U-turn
|
|-weather|RainDance|[upkeep]
|-heal|p1a: Toxicroak|86/100|[from] ability: Dry Skin
|upkeep
|turn|24
|
|t:|1758243870
|move|p2a: Ogerpon|U-turn|p1a: Toxicroak
|-resisted|p1a: Toxicroak
|-damage|p1a: Toxicroak|79/100
|
|t:|1758243877
|switch|p2a: Weavile|Weavile, F|66/100 tox|[from] U-turn
|-damage|p2a: Weavile|41/100 tox|[from] Stealth Rock
|move|p1a: Toxicroak|Knock Off|p2a: Weavile
|-resisted|p2a: Weavile
|-damage|p2a: Weavile|22/100 tox
|-enditem|p2a: Weavile|Choice Band|[from] move: Knock Off|[of] p1a: Toxicroak
|
|-weather|RainDance|[upkeep]
|-heal|p1a: Toxicroak|91/100|[from] ability: Dry Skin
|-damage|p2a: Weavile|16/100 tox|[from] psn
|upkeep
|turn|25
|
|t:|1758243902
|move|p2a: Weavile|Triple Axel|p1a: Toxicroak
|-damage|p1a: Toxicroak|82/100
|-damage|p1a: Toxicroak|65/100
|-damage|p1a: Toxicroak|39/100
|-hitcount|p1a: Toxicroak|3
|move|p1a: Toxicroak|Drain Punch|p2a: Weavile
|-supereffective|p2a: Weavile
|-damage|p2a: Weavile|0 fnt
|-heal|p1a: Toxicroak|45/100|[from] drain|[of] p2a: Weavile
|faint|p2a: Weavile
|
|-weather|RainDance|[upkeep]
|-heal|p1a: Toxicroak|57/100|[from] ability: Dry Skin
|upkeep
|
|t:|1758243917
|switch|p2a: Manaphy|Manaphy|100/100
|-damage|p2a: Manaphy|88/100|[from] Stealth Rock
|turn|26
|
|t:|1758243922
|move|p2a: Manaphy|Substitute|p2a: Manaphy
|-start|p2a: Manaphy|Substitute
|-damage|p2a: Manaphy|63/100
|move|p1a: Toxicroak|Toxic||[still]
|-fail|p1a: Toxicroak
|
|-weather|RainDance|[upkeep]
|-heal|p1a: Toxicroak|70/100|[from] ability: Dry Skin
|-heal|p2a: Manaphy|69/100|[from] item: Leftovers
|upkeep
|turn|27
|
|t:|1758243930
|move|p2a: Manaphy|Tail Glow|p2a: Manaphy
|-boost|p2a: Manaphy|spa|3
|move|p1a: Toxicroak|Encore|p2a: Manaphy
|-start|p2a: Manaphy|Encore
|
|-weather|RainDance|[upkeep]
|-heal|p1a: Toxicroak|82/100|[from] ability: Dry Skin
|-heal|p2a: Manaphy|76/100|[from] item: Leftovers
|upkeep
|turn|28
|
|t:|1758243938
|switch|p1a: Zapdos|Zapdos|77/100
|move|p2a: Manaphy|Tail Glow|p2a: Manaphy
|-boost|p2a: Manaphy|spa|3
|
|-weather|none
|-heal|p2a: Manaphy|82/100|[from] item: Leftovers
|upkeep
|turn|29
|
|t:|1758243948
|move|p1a: Zapdos|Volt Switch|p2a: Manaphy
|-supereffective|p2a: Manaphy
|-end|p2a: Manaphy|Substitute
|
|t:|1758243956
|switch|p1a: Pelipper|Pelipper, F|57/100|[from] Volt Switch
|-weather|RainDance|[from] ability: Drizzle|[of] p1a: Pelipper
|move|p2a: Manaphy|Tail Glow|p2a: Manaphy
|-boost|p2a: Manaphy|spa|0
|
|-weather|RainDance|[upkeep]
|-heal|p2a: Manaphy|88/100|[from] item: Leftovers
|upkeep
|turn|30
|
|t:|1758243963
|move|p2a: Manaphy|Tail Glow|p2a: Manaphy
|-boost|p2a: Manaphy|spa|0
|move|p1a: Pelipper|U-turn|p2a: Manaphy
|-damage|p2a: Manaphy|79/100
|
|t:|1758243966
|switch|p1a: Zapdos|Zapdos|77/100|[from] U-turn
|
|-weather|RainDance|[upkeep]
|-heal|p2a: Manaphy|85/100|[from] item: Leftovers
|-end|p2a: Manaphy|Encore
|upkeep
|turn|31
|
|t:|1758243973
|move|p2a: Manaphy|Alluring Voice|p1a: Zapdos
|-damage|p1a: Zapdos|0 fnt
|faint|p1a: Zapdos
|
|-weather|RainDance|[upkeep]
|-heal|p2a: Manaphy|91/100|[from] item: Leftovers
|upkeep
|
|t:|1758243984
|switch|p1a: Barraskewda|Barraskewda, F|100/100
|turn|32
|
|t:|1758243991
|-terastallize|p1a: Barraskewda|Water
|move|p1a: Barraskewda|Liquidation|p2a: Manaphy
|-resisted|p2a: Manaphy
|-damage|p2a: Manaphy|18/100
|move|p2a: Manaphy|Alluring Voice|p1a: Barraskewda
|-damage|p1a: Barraskewda|0 fnt
|faint|p1a: Barraskewda
|
|-weather|RainDance|[upkeep]
|-heal|p2a: Manaphy|25/100|[from] item: Leftovers
|upkeep
|
|t:|1758243999
|switch|p1a: Pelipper|Pelipper, F|57/100
|turn|33
|
|t:|1758244005
|move|p2a: Manaphy|Alluring Voice|p1a: Pelipper
|-damage|p1a: Pelipper|0 fnt
|faint|p1a: Pelipper
|
|-weather|RainDance|[upkeep]
|-heal|p2a: Manaphy|31/100|[from] item: Leftovers
|upkeep
|
|t:|1758244007
|switch|p1a: Toxicroak|Toxicroak, F|82/100
|turn|34
|
|t:|1758244015
|move|p2a: Manaphy|Alluring Voice|p1a: Toxicroak
|-damage|p1a: Toxicroak|0 fnt
|faint|p1a: Toxicroak
|
|-weather|RainDance|[upkeep]
|-heal|p2a: Manaphy|37/100|[from] item: Leftovers
|upkeep
|
|t:|1758244019
|switch|p1a: Iron Treads|Iron Treads|49/100
|turn|35
|c|☆Yajityyy|Gg
|
|t:|1758244025
|move|p2a: Manaphy|Surf|p1a: Iron Treads
|-supereffective|p1a: Iron Treads
|-damage|p1a: Iron Treads|0 fnt
|faint|p1a: Iron Treads
|-end|p1a: Iron Treads|Quark Drive|[silent]
|
|win|Yajityyy
|raw|ToiletToHighLadder's rating: 1344 &rarr; <strong>1324</strong><br />(-20 for losing)
|raw|Yajityyy's rating: 1341 &rarr; <strong>1361</strong><br />(+20 for winning)
|c|☆ToiletToHighLadder|ggwp
