|j|‽Khromatology
|j|☆forok1234
|t:|1758266453
|gametype|singles
|player|p1|Khromatology|ninjaboy|1217
|player|p2|forok1234|101|1232
|gen|9
|tier|[Gen 9] OU
|rated|
|rule|HP Percentage Mod: HP is shown in percentages
|rule|Endless Battle Clause: Forcing endless battles is banned
|rule|Species Clause: Limit one of each Pokémon
|rule|OHKO Clause: OHKO moves are banned
|rule|Evasion Items Clause: Evasion items are banned
|rule|Evasion Moves Clause: Evasion moves are banned
|rule|Evasion Abilities Clause: Evasion abilities are banned
|rule|Sleep Moves Clause: Sleep-inducing moves are banned
|clearpoke
|poke|p1|Heatran, F|
|poke|p1|Kingambit, M|
|poke|p1|Great Tusk|
|poke|p1|Kyurem|
|poke|p1|Ogerpon-Wellspring, F|
|poke|p1|Enamorus, F|
|poke|p2|Ting-Lu|
|poke|p2|Gliscor, M|
|poke|p2|Sinistcha-Masterpiece|
|poke|p2|Keldeo|
|poke|p2|Tinkaton, F|
|poke|p2|Dragonite, F|
|teampreview
|
|t:|1758266492
|teamsize|p1|6
|teamsize|p2|6
|start
|switch|p1a: Kyurem|Kyurem|100/100
|switch|p2a: MLP|Keldeo|100/100
|-ability|p1a: Kyurem|Pressure
|turn|1
|
|t:|1758266501
|move|p2a: MLP|Flip Turn|p1a: Kyurem
|-resisted|p1a: Kyurem
|-damage|p1a: Kyurem|94/100
|
|t:|1758266508
|switch|p2a: CLQ|Tinkaton, F, shiny|100/100|[from] Flip Turn
|-item|p2a: CLQ|Air Balloon
|move|p1a: Kyurem|Freeze-Dry|p2a: CLQ
|-resisted|p2a: CLQ
|-damage|p2a: CLQ|75/100
|-enditem|p2a: CLQ|Air Balloon
|
|upkeep
|turn|2
|
|t:|1758266555
|switch|p1a: Heatran|Heatran, F|100/100
|move|p2a: CLQ|Stealth Rock|p1a: Heatran
|-sidestart|p1: Khromatology|move: Stealth Rock
|
|upkeep
|turn|3
|
|t:|1758266580
|switch|p2a: MLP|Keldeo|100/100
|move|p1a: Heatran|Magma Storm|p2a: MLP
|-resisted|p2a: MLP
|-damage|p2a: MLP|71/100
|-activate|p2a: MLP|move: Magma Storm|[of] p1a: Heatran
|
|-damage|p2a: MLP|59/100|[from] move: Magma Storm|[partiallytrapped]
|upkeep
|turn|4
|
|t:|1758266614
|-terastallize|p1a: Heatran|Grass
|move|p2a: MLP|Aura Sphere|p1a: Heatran
|-damage|p1a: Heatran|57/100
|move|p1a: Heatran|Earth Power|p2a: MLP
|-damage|p2a: MLP|21/100
|
|-heal|p1a: Heatran|63/100|[from] item: Leftovers
|-damage|p2a: MLP|9/100|[from] move: Magma Storm|[partiallytrapped]
|upkeep
|turn|5
|
|t:|1758266629
|move|p2a: MLP|Flip Turn|p1a: Heatran
|-resisted|p1a: Heatran
|-damage|p1a: Heatran|57/100
|
|t:|1758266634
|switch|p2a: Glider|Gliscor, M|100/100|[from] Flip Turn
|move|p1a: Heatran|Magma Storm|p2a: Glider
|-damage|p2a: Glider|34/100
|-activate|p2a: Glider|move: Magma Storm|[of] p1a: Heatran
|
|-heal|p1a: Heatran|63/100|[from] item: Leftovers
|-damage|p2a: Glider|21/100|[from] move: Magma Storm|[partiallytrapped]
|-status|p2a: Glider|tox|[from] item: Toxic Orb
|upkeep
|turn|6
|
|t:|1758266649
|move|p2a: Glider|Protect|p2a: Glider
|-singleturn|p2a: Glider|Protect
|move|p1a: Heatran|Magma Storm|p2a: Glider
|-activate|p2a: Glider|move: Protect
|
|-heal|p1a: Heatran|69/100|[from] item: Leftovers
|-heal|p2a: Glider|34/100 tox|[from] ability: Poison Heal
|-damage|p2a: Glider|21/100 tox|[from] move: Magma Storm|[partiallytrapped]
|upkeep
|turn|7
|
|t:|1758266666
|move|p2a: Glider|Facade|p1a: Heatran
|-damage|p1a: Heatran|36/100
|move|p1a: Heatran|Magma Storm|p2a: Glider
|-damage|p2a: Glider|0 fnt
|faint|p2a: Glider
|
|-heal|p1a: Heatran|42/100|[from] item: Leftovers
|upkeep
|
|t:|1758266685
|switch|p2a: Braindamage|Ting-Lu|100/100
|-ability|p2a: Braindamage|Vessel of Ruin
|turn|8
|
|t:|1758266699
|move|p1a: Heatran|Magma Storm|p2a: Braindamage|[miss]
|-miss|p1a: Heatran|p2a: Braindamage
|move|p2a: Braindamage|Spikes|p1a: Heatran
|-sidestart|p1: Khromatology|Spikes
|
|-heal|p1a: Heatran|48/100|[from] item: Leftovers
|upkeep
|turn|9
|
|t:|1758266706
|move|p1a: Heatran|Magma Storm|p2a: Braindamage|[miss]
|-miss|p1a: Heatran|p2a: Braindamage
|move|p2a: Braindamage|Spikes|p1a: Heatran
|-sidestart|p1: Khromatology|Spikes
|
|-heal|p1a: Heatran|55/100|[from] item: Leftovers
|upkeep
|turn|10
|
|t:|1758266711
|move|p1a: Heatran|Magma Storm|p2a: Braindamage
|-damage|p2a: Braindamage|78/100
|-activate|p2a: Braindamage|move: Magma Storm|[of] p1a: Heatran
|move|p2a: Braindamage|Whirlwind|p1a: Heatran
|drag|p1a: Kyurem|Kyurem|94/100
|-damage|p1a: Kyurem|69/100|[from] Stealth Rock
|-damage|p1a: Kyurem|53/100|[from] Spikes
|-ability|p1a: Kyurem|Pressure
|
|-heal|p2a: Braindamage|84/100|[from] item: Leftovers
|-end|p2a: Braindamage|Magma Storm|[partiallytrapped]|[silent]
|upkeep
|turn|11
|
|t:|1758266741
|switch|p2a: CLQ|Tinkaton, F, shiny|75/100
|move|p1a: Kyurem|Ice Beam|p2a: CLQ
|-resisted|p2a: CLQ
|-damage|p2a: CLQ|44/100
|
|upkeep
|turn|12
|
|t:|1758266756
|switch|p1a: Great Tusk|Great Tusk|100/100
|-damage|p1a: Great Tusk|98/100|[from] Stealth Rock
|-damage|p1a: Great Tusk|81/100|[from] Spikes
|move|p2a: CLQ|Gigaton Hammer|p1a: Great Tusk
|-damage|p1a: Great Tusk|53/100
|
|upkeep
|turn|13
|
|t:|1758266762
|switch|p2a: SipsTea|Sinistcha-Masterpiece, shiny|100/100
|move|p1a: Great Tusk|Rapid Spin|p2a: SipsTea
|-immune|p2a: SipsTea
|
|upkeep
|turn|14
|
|t:|1758266796
|move|p1a: Great Tusk|Knock Off|p2a: SipsTea
|-supereffective|p2a: SipsTea
|-crit|p2a: SipsTea
|-damage|p2a: SipsTea|40/100
|-enditem|p2a: SipsTea|Heavy-Duty Boots|[from] move: Knock Off|[of] p1a: Great Tusk
|move|p2a: SipsTea|Matcha Gotcha|p1a: Great Tusk
|-supereffective|p1a: Great Tusk
|-damage|p1a: Great Tusk|0 fnt
|-heal|p2a: SipsTea|73/100|[from] drain|[of] p1a: Great Tusk
|faint|p1a: Great Tusk
|-end|p1a: Great Tusk|Protosynthesis|[silent]
|
|upkeep
|
|t:|1758266805
|switch|p1a: Heatran|Heatran, F, tera:Grass|55/100
|-damage|p1a: Heatran|42/100|[from] Stealth Rock
|-damage|p1a: Heatran|26/100|[from] Spikes
|turn|15
|
|t:|1758266811
|switch|p2a: Braindamage|Ting-Lu|84/100
|-ability|p2a: Braindamage|Vessel of Ruin
|move|p1a: Heatran|Magma Storm|p2a: Braindamage
|-damage|p2a: Braindamage|61/100
|-activate|p2a: Braindamage|move: Magma Storm|[of] p1a: Heatran
|
|-heal|p1a: Heatran|32/100|[from] item: Leftovers
|-heal|p2a: Braindamage|67/100|[from] item: Leftovers
|-damage|p2a: Braindamage|55/100|[from] move: Magma Storm|[partiallytrapped]
|upkeep
|turn|16
|
|t:|1758266835
|move|p1a: Heatran|Taunt|p2a: Braindamage
|-start|p2a: Braindamage|move: Taunt
|cant|p2a: Braindamage|move: Taunt|Spikes
|
|-heal|p1a: Heatran|38/100|[from] item: Leftovers
|-heal|p2a: Braindamage|61/100|[from] item: Leftovers
|-damage|p2a: Braindamage|49/100|[from] move: Magma Storm|[partiallytrapped]
|upkeep
|turn|17
|
|t:|1758266845
|move|p1a: Heatran|Stealth Rock|p2a: Braindamage
|-sidestart|p2: forok1234|move: Stealth Rock
|move|p2a: Braindamage|Earthquake|p1a: Heatran
|-resisted|p1a: Heatran
|-damage|p1a: Heatran|20/100
|
|-heal|p1a: Heatran|26/100|[from] item: Leftovers
|-heal|p2a: Braindamage|55/100|[from] item: Leftovers
|-damage|p2a: Braindamage|42/100|[from] move: Magma Storm|[partiallytrapped]
|upkeep
|turn|18
|
|t:|1758266858
|move|p1a: Heatran|Earth Power|p2a: Braindamage
|-damage|p2a: Braindamage|30/100
|move|p2a: Braindamage|Earthquake|p1a: Heatran
|-resisted|p1a: Heatran
|-damage|p1a: Heatran|6/100
|
|-heal|p1a: Heatran|13/100|[from] item: Leftovers
|-heal|p2a: Braindamage|36/100|[from] item: Leftovers
|-damage|p2a: Braindamage|24/100|[from] move: Magma Storm|[partiallytrapped]
|-end|p2a: Braindamage|move: Taunt
|upkeep
|turn|19
|
|t:|1758266867
|move|p1a: Heatran|Earth Power|p2a: Braindamage
|-damage|p2a: Braindamage|12/100
|move|p2a: Braindamage|Earthquake|p1a: Heatran
|-resisted|p1a: Heatran
|-damage|p1a: Heatran|0 fnt
|faint|p1a: Heatran
|
|-heal|p2a: Braindamage|18/100|[from] item: Leftovers
|-end|p2a: Braindamage|Magma Storm|[partiallytrapped]
|upkeep
|
|t:|1758266883
|switch|p1a: Enamorus|Enamorus, F|100/100
|-damage|p1a: Enamorus|76/100|[from] Stealth Rock
|turn|20
|
|t:|1758266900
|move|p1a: Enamorus|Calm Mind|p1a: Enamorus
|-boost|p1a: Enamorus|spa|1
|-boost|p1a: Enamorus|spd|1
|move|p2a: Braindamage|Whirlwind|p1a: Enamorus
|drag|p1a: Kingambit|Kingambit, M|100/100
|-damage|p1a: Kingambit|94/100|[from] Stealth Rock
|-damage|p1a: Kingambit|78/100|[from] Spikes
|-activate|p1a: Kingambit|ability: Supreme Overlord
|-start|p1a: Kingambit|fallen2|[silent]
|
|-heal|p2a: Braindamage|24/100|[from] item: Leftovers
|upkeep
|turn|21
|
|t:|1758266918
|move|p1a: Kingambit|Low Kick|p2a: Braindamage
|-supereffective|p2a: Braindamage
|-crit|p2a: Braindamage
|-damage|p2a: Braindamage|0 fnt
|faint|p2a: Braindamage
|
|upkeep
|
|t:|1758266940
|switch|p2a: CLQ|Tinkaton, F, shiny|44/100
|-damage|p2a: CLQ|38/100|[from] Stealth Rock
|turn|22
|
|t:|1758266947
|-end|p1a: Kingambit|fallen2|[silent]
|switch|p1a: Enamorus|Enamorus, F|76/100
|-damage|p1a: Enamorus|51/100|[from] Stealth Rock
|move|p2a: CLQ|Thunder Wave|p1a: Enamorus
|-status|p1a: Enamorus|par
|
|-heal|p1a: Enamorus|57/100 par|[from] item: Leftovers
|upkeep
|turn|23
|
|t:|1758266968
|move|p2a: CLQ|Gigaton Hammer|p1a: Enamorus
|-supereffective|p1a: Enamorus
|-damage|p1a: Enamorus|0 fnt
|faint|p1a: Enamorus
|
|upkeep
|
|t:|1758266973
|switch|p1a: Kyurem|Kyurem|53/100
|-damage|p1a: Kyurem|28/100|[from] Stealth Rock
|-damage|p1a: Kyurem|11/100|[from] Spikes
|-ability|p1a: Kyurem|Pressure
|turn|24
|
|t:|1758266996
|switch|p2a: MLP|Keldeo|9/100
|move|p1a: Kyurem|Ice Beam|p2a: MLP
|-resisted|p2a: MLP
|-damage|p2a: MLP|0 fnt
|faint|p2a: MLP
|
|upkeep
|
|t:|1758267011
|switch|p2a: Drakonid Operative|Dragonite, F|100/100
|turn|25
|
|t:|1758267019
|move|p2a: Drakonid Operative|Extreme Speed|p1a: Kyurem
|-damage|p1a: Kyurem|0 fnt
|faint|p1a: Kyurem
|
|upkeep
|
|t:|1758267028
|switch|p1a: Ogerpon|Ogerpon-Wellspring, F|100/100
|-damage|p1a: Ogerpon|88/100|[from] Stealth Rock
|-damage|p1a: Ogerpon|72/100|[from] Spikes
|turn|26
|
|t:|1758267048
|move|p1a: Ogerpon|Play Rough|p2a: Drakonid Operative
|-supereffective|p2a: Drakonid Operative
|-damage|p2a: Drakonid Operative|69/100
|move|p2a: Drakonid Operative|Dragon Tail|p1a: Ogerpon
|-damage|p1a: Ogerpon|23/100
|drag|p1a: Kingambit|Kingambit, M|78/100
|-damage|p1a: Kingambit|72/100|[from] Stealth Rock
|-damage|p1a: Kingambit|55/100|[from] Spikes
|-activate|p1a: Kingambit|ability: Supreme Overlord
|-start|p1a: Kingambit|fallen4|[silent]
|
|upkeep
|turn|27
|
|t:|1758267066
|-terastallize|p2a: Drakonid Operative|Normal
|move|p2a: Drakonid Operative|Roost|p2a: Drakonid Operative
|-heal|p2a: Drakonid Operative|100/100
|move|p1a: Kingambit|Kowtow Cleave|p2a: Drakonid Operative
|-damage|p2a: Drakonid Operative|69/100
|
|upkeep
|turn|28
|
|t:|1758267083
|move|p1a: Kingambit|Low Kick|p2a: Drakonid Operative
|-supereffective|p2a: Drakonid Operative
|-damage|p2a: Drakonid Operative|0 fnt
|faint|p2a: Drakonid Operative
|
|upkeep
|
|t:|1758267119
|switch|p2a: SipsTea|Sinistcha-Masterpiece, shiny|73/100
|-damage|p2a: SipsTea|61/100|[from] Stealth Rock
|turn|29
|
|t:|1758267122
|move|p1a: Kingambit|Kowtow Cleave|p2a: SipsTea
|-supereffective|p2a: SipsTea
|-damage|p2a: SipsTea|0 fnt
|faint|p2a: SipsTea
|
|upkeep
|
|t:|1758267126
|switch|p2a: CLQ|Tinkaton, F, shiny|38/100
|-damage|p2a: CLQ|32/100|[from] Stealth Rock
|turn|30
|
|t:|1758267135
|move|p2a: CLQ|Thunder Wave|p1a: Kingambit
|-status|p1a: Kingambit|par
|move|p1a: Kingambit|Low Kick|p2a: CLQ
|-damage|p2a: CLQ|0 fnt
|faint|p2a: CLQ
|
|win|Khromatology
|raw|Khromatology's rating: 1213 &rarr; <strong>1239</strong><br />(+26 for winning)
|raw|forok1234's rating: 1232 &rarr; <strong>1206</strong><br />(-26 for losing)
|l|☆forok1234
|player|p2|
|l|‽Khromatology
|player|p1|
