|j|☆REX_1A91S
|j|☆DonovanIsNotHere
|t:|1758357970
|gametype|singles
|player|p1|REX_1A91S|riley|1410
|player|p2|DonovanIsNotHere|170|1445
|gen|9
|tier|[Gen 9] OU
|rated|
|rule|HP Percentage Mod: HP is shown in percentages
|rule|Endless Battle Clause: Forcing endless battles is banned
|rule|Species Clause: Limit one of each Pokémon
|rule|OHKO Clause: OHKO moves are banned
|rule|Evasion Items Clause: Evasion items are banned
|rule|Evasion Moves Clause: Evasion moves are banned
|rule|Evasion Abilities Clause: Evasion abilities are banned
|rule|Sleep Moves Clause: Sleep-inducing moves are banned
|clearpoke
|poke|p1|Corviknight, M|
|poke|p1|Slowking-Galar, M|
|poke|p1|Pecharunt|
|poke|p1|Kyurem|
|poke|p1|Zamazenta-*|
|poke|p1|Meowscarada, F|
|poke|p2|Rampardos, M|
|poke|p2|Slowking-Galar, F|
|poke|p2|Hatterene, F|
|poke|p2|Ting-Lu|
|poke|p2|Hoopa-Unbound|
|poke|p2|Hydrapple, F|
|teampreview
|inactive|Battle timer is ON: inactive players will automatically lose when time's up. (requested by DonovanIsNotHere)
|
|t:|1758357983
|teamsize|p1|6
|teamsize|p2|6
|start
|switch|p1a: Meowscarada|Meowscarada, F|100/100
|switch|p2a: Slowking|Slowking-Galar, F|100/100
|turn|1
|
|t:|1758357991
|move|p1a: Meowscarada|Knock Off|p2a: Slowking
|-start|p1a: Meowscarada|typechange|Dark|[from] ability: Protean
|-supereffective|p2a: Slowking
|-damage|p2a: Slowking|2/100
|-enditem|p2a: Slowking|Shuca Berry|[from] move: Knock Off|[of] p1a: Meowscarada
|move|p2a: Slowking|Trick Room|p2a: Slowking
|-fieldstart|move: Trick Room|[of] p2a: Slowking
|
|upkeep
|turn|2
|
|t:|1758358000
|switch|p1a: Slowking|Slowking-Galar, M|100/100
|-prepare|p2a: Slowking|Chilly Reception|[premajor]
|move|p2a: Slowking|Chilly Reception|p2a: Slowking
|-weather|Snowscape
|
|t:|1758358023
|switch|p2a: Hoopa|Hoopa-Unbound|100/100|[from] Chilly Reception
|
|-weather|Snowscape|[upkeep]
|upkeep
|turn|3
|
|t:|1758358028
|switch|p1a: Corviknight|Corviknight, M|100/100
|-ability|p1a: Corviknight|Pressure
|move|p2a: Hoopa|Knock Off|p1a: Corviknight
|-damage|p1a: Corviknight|71/100
|-enditem|p1a: Corviknight|Leftovers|[from] move: Knock Off|[of] p2a: Hoopa
|
|-weather|Snowscape|[upkeep]
|upkeep
|turn|4
|
|t:|1758358041
|switch|p2a: Hydrapple|Hydrapple, F|100/100
|move|p1a: Corviknight|U-turn|p2a: Hydrapple
|-supereffective|p2a: Hydrapple
|-damage|p2a: Hydrapple|84/100
|-damage|p1a: Corviknight|54/100|[from] item: Rocky Helmet|[of] p2a: Hydrapple
|
|t:|1758358050
|switch|p1a: Slowking|Slowking-Galar, M|100/100|[from] U-turn
|
|-weather|Snowscape|[upkeep]
|upkeep
|turn|5
|
|t:|1758358059
|switch|p2a: Ting-Lu|Ting-Lu|100/100
|-ability|p2a: Ting-Lu|Vessel of Ruin
|move|p1a: Slowking|Sludge Bomb|p2a: Ting-Lu
|-resisted|p2a: Ting-Lu
|-damage|p2a: Ting-Lu|92/100
|
|-weather|Snowscape|[upkeep]
|-heal|p2a: Ting-Lu|98/100|[from] item: Leftovers
|-fieldend|move: Trick Room
|upkeep
|turn|6
|
|t:|1758358068
|switch|p1a: Corviknight|Corviknight, M|54/100
|-ability|p1a: Corviknight|Pressure
|move|p2a: Ting-Lu|Stealth Rock|p1a: Corviknight
|-sidestart|p1: REX_1A91S|move: Stealth Rock
|
|-weather|none
|-heal|p2a: Ting-Lu|100/100|[from] item: Leftovers
|upkeep
|turn|7
|
|t:|1758358076
|move|p1a: Corviknight|Defog|p2a: Ting-Lu
|-unboost|p2a: Ting-Lu|evasion|1
|-sideend|p1: REX_1A91S|Stealth Rock|[from] move: Defog|[of] p1a: Corviknight
|move|p2a: Ting-Lu|Earthquake|p1a: Corviknight
|-immune|p1a: Corviknight
|
|upkeep
|turn|8
|
|t:|1758358083
|move|p1a: Corviknight|Roost|p1a: Corviknight
|-heal|p1a: Corviknight|100/100
|-singleturn|p1a: Corviknight|move: Roost
|move|p2a: Ting-Lu|Stealth Rock|p1a: Corviknight
|-sidestart|p1: REX_1A91S|move: Stealth Rock
|
|upkeep
|turn|9
|
|t:|1758358091
|switch|p2a: Rampardos|Rampardos, M|100/100
|move|p1a: Corviknight|Defog|p2a: Rampardos
|-unboost|p2a: Rampardos|evasion|1
|-sideend|p1: REX_1A91S|Stealth Rock|[from] move: Defog|[of] p1a: Corviknight
|
|upkeep
|turn|10
|
|t:|1758358098
|switch|p1a: Zamazenta|Zamazenta|100/100
|-ability|p1a: Zamazenta|Dauntless Shield|boost
|-boost|p1a: Zamazenta|def|1
|-terastallize|p2a: Rampardos|Fire
|move|p2a: Rampardos|Fire Punch|p1a: Zamazenta
|-damage|p1a: Zamazenta|52/100
|
|-heal|p1a: Zamazenta|58/100|[from] item: Leftovers
|upkeep
|turn|11
|
|t:|1758358110
|switch|p2a: Hydrapple|Hydrapple, F|100/100
|move|p1a: Zamazenta|Body Press|p2a: Hydrapple
|-damage|p2a: Hydrapple|74/100
|-damage|p1a: Zamazenta|41/100|[from] item: Rocky Helmet|[of] p2a: Hydrapple
|
|-heal|p1a: Zamazenta|47/100|[from] item: Leftovers
|upkeep
|turn|12
|
|t:|1758358119
|switch|p1a: Meowscarada|Meowscarada, F|100/100
|move|p2a: Hydrapple|Fickle Beam|p1a: Meowscarada
|-damage|p1a: Meowscarada|48/100
|
|upkeep
|turn|13
|
|t:|1758358129
|switch|p2a: Slowking|Slowking-Galar, F|35/100
|move|p1a: Meowscarada|Triple Axel|p2a: Slowking
|-start|p1a: Meowscarada|typechange|Ice|[from] ability: Protean
|-damage|p2a: Slowking|24/100
|-damage|p2a: Slowking|4/100
|-hitcount|p2a: Slowking|2
|
|upkeep
|turn|14
|
|t:|1758358140
|switch|p2a: Hydrapple|Hydrapple, F|100/100
|move|p1a: Meowscarada|Triple Axel|p2a: Hydrapple
|-supereffective|p2a: Hydrapple
|-damage|p2a: Hydrapple|68/100
|-damage|p1a: Meowscarada|32/100|[from] item: Rocky Helmet|[of] p2a: Hydrapple
|-supereffective|p2a: Hydrapple
|-damage|p2a: Hydrapple|12/100
|-damage|p1a: Meowscarada|15/100|[from] item: Rocky Helmet|[of] p2a: Hydrapple
|-supereffective|p2a: Hydrapple
|-damage|p2a: Hydrapple|0 fnt
|-damage|p1a: Meowscarada|0 fnt|[from] item: Rocky Helmet|[of] p2a: Hydrapple
|faint|p2a: Hydrapple
|faint|p1a: Meowscarada
|-hitcount|p2: Hydrapple|3
|
|upkeep
|
|t:|1758358158
|switch|p1a: Kyurem|Kyurem|100/100
|switch|p2a: Slowking|Slowking-Galar, F|37/100
|-ability|p1a: Kyurem|Pressure
|turn|15
|
|t:|1758358166
|move|p1a: Kyurem|Earth Power|p2a: Slowking
|-supereffective|p2a: Slowking
|-crit|p2a: Slowking
|-damage|p2a: Slowking|0 fnt
|faint|p2a: Slowking
|
|upkeep
|
|t:|1758358176
|switch|p2a: Hoopa|Hoopa-Unbound|100/100
|turn|16
|
|t:|1758358179
|switch|p1a: Corviknight|Corviknight, M|100/100
|-ability|p1a: Corviknight|Pressure
|move|p2a: Hoopa|Drain Punch|p1a: Corviknight
|-damage|p1a: Corviknight|85/100
|
|upkeep
|turn|17
|
|t:|1758358186
|switch|p2a: Ting-Lu|Ting-Lu|100/100
|-ability|p2a: Ting-Lu|Vessel of Ruin
|move|p1a: Corviknight|U-turn|p2a: Ting-Lu
|-supereffective|p2a: Ting-Lu
|-damage|p2a: Ting-Lu|84/100
|
|t:|1758358194
|switch|p1a: Kyurem|Kyurem|100/100|[from] U-turn
|-ability|p1a: Kyurem|Pressure
|
|-heal|p2a: Ting-Lu|90/100|[from] item: Leftovers
|upkeep
|turn|18
|
|t:|1758358208
|-terastallize|p1a: Kyurem|Ice
|move|p1a: Kyurem|Ice Beam|p2a: Ting-Lu
|-supereffective|p2a: Ting-Lu
|-damage|p2a: Ting-Lu|8/100
|move|p2a: Ting-Lu|Stealth Rock|p1a: Kyurem
|-sidestart|p1: REX_1A91S|move: Stealth Rock
|
|-heal|p2a: Ting-Lu|14/100|[from] item: Leftovers
|upkeep
|turn|19
|
|t:|1758358229
|move|p1a: Kyurem|Ice Beam|p2a: Ting-Lu
|-supereffective|p2a: Ting-Lu
|-damage|p2a: Ting-Lu|0 fnt
|faint|p2a: Ting-Lu
|
|upkeep
|
|t:|1758358238
|switch|p2a: Hoopa|Hoopa-Unbound|100/100
|turn|20
|
|t:|1758358246
|switch|p1a: Corviknight|Corviknight, M|85/100
|-damage|p1a: Corviknight|73/100|[from] Stealth Rock
|-ability|p1a: Corviknight|Pressure
|move|p2a: Hoopa|Trick Room|p2a: Hoopa
|-fieldstart|move: Trick Room|[of] p2a: Hoopa
|
|upkeep
|turn|21
|
|t:|1758358252
|switch|p2a: Rampardos|Rampardos, M, tera:Fire|100/100
|move|p1a: Corviknight|Defog|p2a: Rampardos
|-unboost|p2a: Rampardos|evasion|1
|-sideend|p1: REX_1A91S|Stealth Rock|[from] move: Defog|[of] p1a: Corviknight
|
|upkeep
|turn|22
|
|t:|1758358262
|switch|p1a: Zamazenta|Zamazenta|47/100
|move|p2a: Rampardos|Earthquake|p1a: Zamazenta
|-damage|p1a: Zamazenta|0 fnt
|faint|p1a: Zamazenta
|
|upkeep
|
|t:|1758358269
|switch|p1a: Corviknight|Corviknight, M|73/100
|-ability|p1a: Corviknight|Pressure
|turn|23
|
|t:|1758358274
|switch|p2a: Hoopa|Hoopa-Unbound|100/100
|move|p1a: Corviknight|U-turn|p2a: Hoopa
|-supereffective|p2a: Hoopa
|-damage|p2a: Hoopa|46/100
|
|t:|1758358283
|switch|p1a: Slowking|Slowking-Galar, M|100/100|[from] U-turn
|
|upkeep
|turn|24
|
|t:|1758358287
|switch|p1a: Corviknight|Corviknight, M|73/100
|-ability|p1a: Corviknight|Pressure
|move|p2a: Hoopa|Knock Off|p1a: Corviknight
|-damage|p1a: Corviknight|54/100
|
|-fieldend|move: Trick Room
|upkeep
|turn|25
|
|t:|1758358294
|move|p1a: Corviknight|U-turn|p2a: Hoopa
|-supereffective|p2a: Hoopa
|-damage|p2a: Hoopa|0 fnt
|faint|p2a: Hoopa
|
|t:|1758358299
|switch|p1a: Kyurem|Kyurem, tera:Ice|100/100|[from] U-turn
|-ability|p1a: Kyurem|Pressure
|
|upkeep
|
|t:|1758358301
|switch|p2a: Hatterene|Hatterene, F|100/100
|turn|26
|
|t:|1758358306
|switch|p1a: Slowking|Slowking-Galar, M|100/100
|move|p2a: Hatterene|Trick Room|p2a: Hatterene
|-fieldstart|move: Trick Room|[of] p2a: Hatterene
|
|upkeep
|turn|27
|
|t:|1758358311
|switch|p2a: Rampardos|Rampardos, M, tera:Fire|100/100
|move|p1a: Slowking|Sludge Bomb|p2a: Rampardos
|-damage|p2a: Rampardos|36/100
|
|upkeep
|turn|28
|
|t:|1758358321
|switch|p1a: Corviknight|Corviknight, M|54/100
|-ability|p1a: Corviknight|Pressure
|move|p2a: Rampardos|Fire Punch|p1a: Corviknight
|-supereffective|p1a: Corviknight
|-damage|p1a: Corviknight|0 fnt
|faint|p1a: Corviknight
|
|upkeep
|
|t:|1758358330
|switch|p1a: Pecharunt|Pecharunt|100/100
|turn|29
|
|t:|1758358346
|switch|p2a: Hatterene|Hatterene, F|100/100
|move|p1a: Pecharunt|Malignant Chain|p2a: Hatterene
|-supereffective|p2a: Hatterene
|-damage|p2a: Hatterene|38/100
|-status|p2a: Hatterene|tox
|-start|p2a: Hatterene|confusion|[from] ability: Poison Puppeteer|[of] p1a: Pecharunt
|
|-damage|p2a: Hatterene|32/100 tox|[from] psn
|upkeep
|turn|30
|
|t:|1758358361
|switch|p1a: Slowking|Slowking-Galar, M|100/100
|-activate|p2a: Hatterene|confusion
|-damage|p2a: Hatterene|23/100 tox|[from] confusion
|
|-damage|p2a: Hatterene|12/100 tox|[from] psn
|-fieldend|move: Trick Room
|upkeep
|turn|31
|
|t:|1758358370
|move|p1a: Slowking|Sludge Bomb|p2a: Hatterene
|-supereffective|p2a: Hatterene
|-damage|p2a: Hatterene|0 fnt
|faint|p2a: Hatterene
|
|upkeep
|
|t:|1758358371
|switch|p2a: Rampardos|Rampardos, M, tera:Fire|36/100
|turn|32
|
|t:|1758358379
|move|p2a: Rampardos|Earthquake|p1a: Slowking
|-supereffective|p1a: Slowking
|-damage|p1a: Slowking|0 fnt
|faint|p1a: Slowking
|
|upkeep
|c|☆DonovanIsNotHere|ggwp
|
|t:|1758358386
|switch|p1a: Pecharunt|Pecharunt|100/100
|turn|33
|c|☆REX_1A91S|ggwp
|
|t:|1758358392
|move|p1a: Pecharunt|Malignant Chain|p2a: Rampardos
|-damage|p2a: Rampardos|0 fnt
|faint|p2a: Rampardos
|
|win|REX_1A91S
|raw|REX_1A91S's rating: 1410 &rarr; <strong>1432</strong><br />(+22 for winning)
|raw|DonovanIsNotHere's rating: 1445 &rarr; <strong>1423</strong><br />(-22 for losing)
|l|☆DonovanIsNotHere
|player|p2|
|l|☆REX_1A91S
|player|p1|
|j|☆DonovanIsNotHere
|player|p2|DonovanIsNotHere|170|
|l|☆DonovanIsNotHere
|player|p2|
