|j|☆Clairrr03
|j|☆Maldon
|t:|1758366408
|gametype|singles
|player|p1|Clairrr03|169|1216
|player|p2|Maldon|pokemonrangerf|1262
|gen|9
|tier|[Gen 9] OU
|rated|
|rule|HP Percentage Mod: HP is shown in percentages
|rule|Endless Battle Clause: Forcing endless battles is banned
|rule|Species Clause: Limit one of each Pokémon
|rule|OHKO Clause: OHKO moves are banned
|rule|Evasion Items Clause: Evasion items are banned
|rule|Evasion Moves Clause: Evasion moves are banned
|rule|Evasion Abilities Clause: Evasion abilities are banned
|rule|Sleep Moves Clause: Sleep-inducing moves are banned
|clearpoke
|poke|p1|Raging Bolt|
|poke|p1|Great Tusk|
|poke|p1|Iron Moth|
|poke|p1|Corviknight, F|
|poke|p1|Primarina, M|
|poke|p1|Ribombee, M|
|poke|p2|Pecharunt|
|poke|p2|Hatterene, F|
|poke|p2|Dondozo, M|
|poke|p2|Moltres|
|poke|p2|Gliscor, F|
|poke|p2|Scizor, M|
|teampreview
|inactive|Battle timer is ON: inactive players will automatically lose when time's up. (requested by Clairrr03)
|
|t:|1758366415
|teamsize|p1|6
|teamsize|p2|6
|start
|switch|p1a: Ribombee|Ribombee, M|100/100
|switch|p2a: Scizor|Scizor, M|100/100
|turn|1
|
|t:|1758366421
|move|p2a: Scizor|Bullet Punch|p1a: Ribombee
|-supereffective|p1a: Ribombee
|-enditem|p1a: Ribombee|Focus Sash
|-damage|p1a: Ribombee|1/100
|move|p1a: Ribombee|Stun Spore|p2a: Scizor|[miss]
|-miss|p1a: Ribombee|p2a: Scizor
|
|upkeep
|turn|2
|
|t:|1758366426
|move|p2a: Scizor|Bullet Punch|p1a: Ribombee
|-supereffective|p1a: Ribombee
|-crit|p1a: Ribombee
|-damage|p1a: Ribombee|0 fnt
|faint|p1a: Ribombee
|
|upkeep
|
|t:|1758366428
|switch|p1a: Corviknight|Corviknight, F|100/100
|turn|3
|
|t:|1758366431
|switch|p1a: Primarina|Primarina, M|100/100
|switch|p2a: Moltres|Moltres|100/100
|
|upkeep
|turn|4
|
|t:|1758366436
|switch|p2a: Scizor|Scizor, M|100/100
|move|p1a: Primarina|Substitute|p1a: Primarina
|-start|p1a: Primarina|Substitute
|-damage|p1a: Primarina|75/100
|
|-heal|p1a: Primarina|82/100|[from] item: Leftovers
|upkeep
|turn|5
|
|t:|1758366440
|move|p2a: Scizor|Bullet Punch|p1a: Primarina
|-end|p1a: Primarina|Substitute
|move|p1a: Primarina|Psychic Noise|p2a: Scizor
|-damage|p2a: Scizor|60/100
|-start|p2a: Scizor|move: Heal Block
|
|-heal|p1a: Primarina|88/100|[from] item: Leftovers
|upkeep
|turn|6
|
|t:|1758366449
|switch|p1a: Corviknight|Corviknight, F|100/100
|move|p2a: Scizor|Swords Dance|p2a: Scizor
|-boost|p2a: Scizor|atk|2
|
|-end|p2a: Scizor|move: Heal Block
|upkeep
|turn|7
|
|t:|1758366455
|switch|p2a: Gliscor|Gliscor, F|100/100
|move|p1a: Corviknight|Iron Defense|p1a: Corviknight
|-boost|p1a: Corviknight|def|2
|
|-status|p2a: Gliscor|tox|[from] item: Toxic Orb
|upkeep
|turn|8
|
|t:|1758366458
|move|p2a: Gliscor|Knock Off|p1a: Corviknight
|-damage|p1a: Corviknight|92/100
|-enditem|p1a: Corviknight|Leftovers|[from] move: Knock Off|[of] p2a: Gliscor
|move|p1a: Corviknight|Iron Defense|p1a: Corviknight
|-boost|p1a: Corviknight|def|2
|
|upkeep
|turn|9
|
|t:|1758366465
|switch|p2a: Moltres|Moltres|100/100
|move|p1a: Corviknight|Agility|p1a: Corviknight
|-boost|p1a: Corviknight|spe|2
|
|upkeep
|turn|10
|
|t:|1758366470
|switch|p1a: Iron Moth|Iron Moth|100/100
|-enditem|p1a: Iron Moth|Booster Energy
|-activate|p1a: Iron Moth|ability: Quark Drive|[fromitem]
|-start|p1a: Iron Moth|quarkdrivespe
|move|p2a: Moltres|Roar|p1a: Iron Moth
|-end|p1a: Iron Moth|Quark Drive|[silent]
|drag|p1a: Raging Bolt|Raging Bolt|100/100
|
|upkeep
|turn|11
|
|t:|1758366477
|move|p2a: Moltres|Will-O-Wisp|p1a: Raging Bolt
|-status|p1a: Raging Bolt|brn
|move|p1a: Raging Bolt|Dragon Pulse|p2a: Moltres
|-damage|p2a: Moltres|55/100
|
|-damage|p1a: Raging Bolt|94/100 brn|[from] brn
|upkeep
|turn|12
|
|t:|1758366482
|switch|p2a: Gliscor|Gliscor, F|100/100 tox
|move|p1a: Raging Bolt|Dragon Pulse|p2a: Gliscor
|-damage|p2a: Gliscor|66/100 tox
|
|-heal|p1a: Raging Bolt|100/100 brn|[from] item: Leftovers
|-heal|p2a: Gliscor|79/100 tox|[from] ability: Poison Heal
|-damage|p1a: Raging Bolt|94/100 brn|[from] brn
|upkeep
|turn|13
|
|t:|1758366486
|-end|p1a: Raging Bolt|Protosynthesis|[silent]
|switch|p1a: Corviknight|Corviknight, F|92/100
|move|p2a: Gliscor|Knock Off|p1a: Corviknight
|-damage|p1a: Corviknight|81/100
|
|-heal|p2a: Gliscor|91/100 tox|[from] ability: Poison Heal
|upkeep
|turn|14
|
|t:|1758366492
|switch|p2a: Moltres|Moltres|55/100
|switch|p1a: Primarina|Primarina, M|88/100
|
|-heal|p1a: Primarina|94/100|[from] item: Leftovers
|upkeep
|turn|15
|
|t:|1758366499
|switch|p2a: Hatterene|Hatterene, F|100/100
|move|p1a: Primarina|Psychic Noise|p2a: Hatterene
|-damage|p2a: Hatterene|80/100
|-start|p2a: Hatterene|move: Heal Block
|
|-heal|p1a: Primarina|99/100|[from] item: Leftovers
|upkeep
|turn|16
|
|t:|1758366502
|move|p1a: Primarina|Substitute|p1a: Primarina
|-start|p1a: Primarina|Substitute
|-damage|p1a: Primarina|75/100
|move|p2a: Hatterene|Nuzzle|p1a: Primarina
|-supereffective|p1a: Primarina
|-activate|p1a: Primarina|move: Substitute|[damage]
|
|-heal|p1a: Primarina|81/100|[from] item: Leftovers
|-end|p2a: Hatterene|move: Heal Block
|upkeep
|turn|17
|
|t:|1758366512
|move|p1a: Primarina|Calm Mind|p1a: Primarina
|-boost|p1a: Primarina|spa|1
|-boost|p1a: Primarina|spd|1
|move|p2a: Hatterene|Future Sight|p1a: Primarina
|-start|p2a: Hatterene|move: Future Sight
|
|-heal|p1a: Primarina|87/100|[from] item: Leftovers
|upkeep
|turn|18
|
|t:|1758366517
|switch|p2a: Dondozo|Dondozo, M|100/100
|move|p1a: Primarina|Calm Mind|p1a: Primarina
|-boost|p1a: Primarina|spa|1
|-boost|p1a: Primarina|spd|1
|
|-heal|p1a: Primarina|93/100|[from] item: Leftovers
|upkeep
|turn|19
|
|t:|1758366522
|move|p1a: Primarina|Psychic Noise|p2a: Dondozo
|-resisted|p2a: Dondozo
|-damage|p2a: Dondozo|91/100
|-start|p2a: Dondozo|move: Heal Block
|move|p2a: Dondozo|Earthquake|p1a: Primarina
|-end|p1a: Primarina|Substitute
|
|-end|p1a: Primarina|move: Future Sight
|-damage|p1a: Primarina|65/100
|-heal|p1a: Primarina|71/100|[from] item: Leftovers
|upkeep
|turn|20
|
|t:|1758366530
|move|p1a: Primarina|Draining Kiss|p2a: Dondozo
|-damage|p2a: Dondozo|77/100
|-heal|p1a: Primarina|85/100|[from] drain|[of] p2a: Dondozo
|move|p2a: Dondozo|Earthquake|p1a: Primarina
|-damage|p1a: Primarina|65/100
|
|-heal|p1a: Primarina|71/100|[from] item: Leftovers
|-end|p2a: Dondozo|move: Heal Block
|upkeep
|turn|21
|
|t:|1758366540
|move|p1a: Primarina|Draining Kiss|p2a: Dondozo
|-damage|p2a: Dondozo|64/100
|-heal|p1a: Primarina|83/100|[from] drain|[of] p2a: Dondozo
|move|p2a: Dondozo|Earthquake|p1a: Primarina
|-damage|p1a: Primarina|63/100
|
|-heal|p1a: Primarina|69/100|[from] item: Leftovers
|upkeep
|turn|22
|
|t:|1758366545
|move|p1a: Primarina|Draining Kiss|p2a: Dondozo
|-damage|p2a: Dondozo|52/100
|-heal|p1a: Primarina|82/100|[from] drain|[of] p2a: Dondozo
|move|p2a: Dondozo|Earthquake|p1a: Primarina
|-damage|p1a: Primarina|64/100
|
|-heal|p1a: Primarina|70/100|[from] item: Leftovers
|upkeep
|turn|23
|
|t:|1758366549
|move|p1a: Primarina|Psychic Noise|p2a: Dondozo
|-resisted|p2a: Dondozo
|-damage|p2a: Dondozo|41/100
|-start|p2a: Dondozo|move: Heal Block
|cant|p2a: Dondozo|move: Heal Block|Rest
|
|-heal|p1a: Primarina|76/100|[from] item: Leftovers
|upkeep
|turn|24
|
|t:|1758366561
|switch|p2a: Scizor|Scizor, M|60/100
|move|p1a: Primarina|Draining Kiss|p2a: Scizor
|-resisted|p2a: Scizor
|-damage|p2a: Scizor|35/100
|-heal|p1a: Primarina|94/100|[from] drain|[of] p2a: Scizor
|
|-heal|p1a: Primarina|99/100|[from] item: Leftovers
|upkeep
|turn|25
|
|t:|1758366564
|move|p2a: Scizor|Bullet Punch|p1a: Primarina
|-damage|p1a: Primarina|69/100
|move|p1a: Primarina|Psychic Noise|p2a: Scizor
|-damage|p2a: Scizor|0 fnt
|faint|p2a: Scizor
|
|-heal|p1a: Primarina|75/100|[from] item: Leftovers
|upkeep
|-message|Maldon forfeited.
|
|win|Clairrr03
|raw|Clairrr03's rating: 1216 &rarr; <strong>1244</strong><br />(+28 for winning)
|raw|Maldon's rating: 1262 &rarr; <strong>1234</strong><br />(-28 for losing)
|l|☆Maldon
|player|p2|
