|j|☆Soki Aida
|j|☆xyj3415
|t:|1758362959
|gametype|singles
|player|p1|Soki Aida|fantina|1114
|player|p2|xyj3415|steven|1097
|gen|9
|tier|[Gen 9] OU
|rated|
|rule|HP Percentage Mod: HP is shown in percentages
|rule|Endless Battle Clause: Forcing endless battles is banned
|rule|Species Clause: Limit one of each Pokémon
|rule|OHKO Clause: OHKO moves are banned
|rule|Evasion Items Clause: Evasion items are banned
|rule|Evasion Moves Clause: Evasion moves are banned
|rule|Evasion Abilities Clause: Evasion abilities are banned
|rule|Sleep Moves Clause: Sleep-inducing moves are banned
|clearpoke
|poke|p1|Minior-Orange|
|poke|p1|Ceruledge, F|
|poke|p1|Regidrago|
|poke|p1|Espeon, F|
|poke|p1|Houndstone, M|
|poke|p1|Smeargle, M|
|poke|p2|Dragonite, F|
|poke|p2|Hatterene, F|
|poke|p2|Great Tusk|
|poke|p2|Ceruledge, F|
|poke|p2|Ting-Lu|
|poke|p2|Kyurem|
|teampreview
|inactive|Battle timer is ON: inactive players will automatically lose when time's up. (requested by xyj3415)
|
|t:|1758362987
|teamsize|p1|6
|teamsize|p2|6
|start
|switch|p1a: YUTA|Smeargle, M, shiny|100/100
|switch|p2a: Ceruledge|Ceruledge, F|100/100
|turn|1
|
|t:|1758362995
|move|p2a: Ceruledge|Swords Dance|p2a: Ceruledge
|-boost|p2a: Ceruledge|atk|2
|move|p1a: YUTA|Stone Axe|p2a: Ceruledge
|-supereffective|p2a: Ceruledge
|-damage|p2a: Ceruledge|74/100
|-ability|p2a: Ceruledge|Weak Armor|boost
|-unboost|p2a: Ceruledge|def|1
|-boost|p2a: Ceruledge|spe|2
|-sidestart|p2: xyj3415|move: Stealth Rock
|
|upkeep
|turn|2
|
|t:|1758363020
|move|p2a: Ceruledge|Close Combat|p1a: YUTA
|-supereffective|p1a: YUTA
|-enditem|p1a: YUTA|Focus Sash
|-damage|p1a: YUTA|1/100
|-unboost|p2a: Ceruledge|def|1
|-unboost|p2a: Ceruledge|spd|1
|move|p1a: YUTA|Ceaseless Edge|p2a: Ceruledge
|-supereffective|p2a: Ceruledge
|-damage|p2a: Ceruledge|22/100
|-ability|p2a: Ceruledge|Weak Armor|boost
|-unboost|p2a: Ceruledge|def|1
|-boost|p2a: Ceruledge|spe|2
|-sidestart|p2: xyj3415|Spikes
|
|upkeep
|turn|3
|
|t:|1758363035
|move|p1a: YUTA|Burning Bulwark|p1a: YUTA
|-singleturn|p1a: YUTA|move: Protect
|move|p2a: Ceruledge|Bitter Blade|p1a: YUTA
|-activate|p1a: YUTA|move: Protect
|
|upkeep
|turn|4
|
|t:|1758363055
|move|p2a: Ceruledge|Bitter Blade|p1a: YUTA
|-damage|p1a: YUTA|0 fnt
|-heal|p2a: Ceruledge|22/100|[from] drain|[of] p1a: YUTA
|faint|p1a: YUTA
|
|upkeep
|
|t:|1758363061
|switch|p1a: KIRITO BRAIKI|Ceruledge, F, shiny|100/100
|turn|5
|
|t:|1758363067
|move|p2a: Ceruledge|Shadow Sneak|p1a: KIRITO BRAIKI
|-supereffective|p1a: KIRITO BRAIKI
|-enditem|p1a: KIRITO BRAIKI|Focus Sash
|-damage|p1a: KIRITO BRAIKI|1/100
|-ability|p1a: KIRITO BRAIKI|Weak Armor|boost
|-unboost|p1a: KIRITO BRAIKI|def|1
|-boost|p1a: KIRITO BRAIKI|spe|2
|move|p1a: KIRITO BRAIKI|Shadow Sneak|p2a: Ceruledge
|-supereffective|p2a: Ceruledge
|-damage|p2a: Ceruledge|0 fnt
|faint|p2a: Ceruledge
|
|upkeep
|
|t:|1758363087
|switch|p2a: Ting-Lu|Ting-Lu|100/100
|-damage|p2a: Ting-Lu|94/100|[from] Stealth Rock
|-damage|p2a: Ting-Lu|82/100|[from] Spikes
|-ability|p2a: Ting-Lu|Vessel of Ruin
|turn|6
|
|t:|1758363100
|move|p1a: KIRITO BRAIKI|Bitter Blade|p2a: Ting-Lu
|-damage|p2a: Ting-Lu|57/100
|-heal|p1a: KIRITO BRAIKI|23/100|[from] drain|[of] p2a: Ting-Lu
|move|p2a: Ting-Lu|Earthquake|p1a: KIRITO BRAIKI
|-supereffective|p1a: KIRITO BRAIKI
|-damage|p1a: KIRITO BRAIKI|0 fnt
|faint|p1a: KIRITO BRAIKI
|
|-heal|p2a: Ting-Lu|63/100|[from] item: Leftovers
|upkeep
|
|t:|1758363111
|switch|p1a: GRAAAAAH|Regidrago|100/100
|turn|7
|
|t:|1758363117
|move|p1a: GRAAAAAH|Dragon Energy|p2a: Ting-Lu
|-damage|p2a: Ting-Lu|18/100
|move|p2a: Ting-Lu|Stealth Rock|p1a: GRAAAAAH
|-sidestart|p1: Soki Aida|move: Stealth Rock
|
|-heal|p2a: Ting-Lu|24/100|[from] item: Leftovers
|upkeep
|turn|8
|
|t:|1758363139
|move|p1a: GRAAAAAH|Dragon Energy|p2a: Ting-Lu
|-damage|p2a: Ting-Lu|0 fnt
|faint|p2a: Ting-Lu
|
|upkeep
|
|t:|1758363144
|switch|p2a: Hatterene|Hatterene, F|100/100
|-damage|p2a: Hatterene|88/100|[from] Stealth Rock
|-damage|p2a: Hatterene|76/100|[from] Spikes
|turn|9
|
|t:|1758363157
|switch|p1a: NIPAH|Espeon, F|100/100
|-damage|p1a: NIPAH|88/100|[from] Stealth Rock
|move|p2a: Hatterene|Nuzzle|p1a: NIPAH
|-damage|p1a: NIPAH|81/100
|-status|p1a: NIPAH|par
|
|-heal|p1a: NIPAH|87/100 par|[from] item: Leftovers
|upkeep
|turn|10
|
|t:|1758363168
|cant|p1a: NIPAH|par
|move|p2a: Hatterene|Draining Kiss|p1a: NIPAH
|-damage|p1a: NIPAH|53/100 par
|-heal|p2a: Hatterene|98/100|[from] drain|[of] p1a: NIPAH
|
|-heal|p1a: NIPAH|58/100 par|[from] item: Leftovers
|upkeep
|turn|11
|
|t:|1758363176
|cant|p1a: NIPAH|par
|move|p2a: Hatterene|Draining Kiss|p1a: NIPAH
|-damage|p1a: NIPAH|27/100 par
|-heal|p2a: Hatterene|100/100|[from] drain|[of] p1a: NIPAH
|
|-heal|p1a: NIPAH|33/100 par|[from] item: Leftovers
|upkeep
|turn|12
|
|t:|1758363185
|-terastallize|p1a: NIPAH|Steel
|move|p1a: NIPAH|Calm Mind|p1a: NIPAH
|-boost|p1a: NIPAH|spa|1
|-boost|p1a: NIPAH|spd|1
|move|p2a: Hatterene|Draining Kiss|p1a: NIPAH
|-resisted|p1a: NIPAH
|-damage|p1a: NIPAH|22/100 par
|
|-heal|p1a: NIPAH|28/100 par|[from] item: Leftovers
|upkeep
|turn|13
|
|t:|1758363195
|switch|p2a: Great Tusk|Great Tusk|100/100
|move|p1a: NIPAH|Calm Mind|p1a: NIPAH
|-boost|p1a: NIPAH|spa|1
|-boost|p1a: NIPAH|spd|1
|
|-heal|p1a: NIPAH|34/100 par|[from] item: Leftovers
|upkeep
|turn|14
|
|t:|1758363211
|switch|p1a: GEAR 4TH|Minior-Orange, shiny|100/100
|-damage|p1a: GEAR 4TH|75/100|[from] Stealth Rock
|-formechange|p1a: GEAR 4TH|Minior-Meteor||[from] ability: Shields Down
|-terastallize|p2a: Great Tusk|Steel
|move|p2a: Great Tusk|Rapid Spin|p1a: GEAR 4TH
|-resisted|p1a: GEAR 4TH
|-damage|p1a: GEAR 4TH|63/100
|-boost|p2a: Great Tusk|spe|1
|-sideend|p2: xyj3415|Spikes|[from] move: Rapid Spin|[of] p2a: Great Tusk
|-sideend|p2: xyj3415|Stealth Rock|[from] move: Rapid Spin|[of] p2a: Great Tusk
|
|upkeep
|turn|15
|
|t:|1758363227
|move|p2a: Great Tusk|Ice Spinner|p1a: GEAR 4TH
|-supereffective|p1a: GEAR 4TH
|-damage|p1a: GEAR 4TH|0 fnt
|faint|p1a: GEAR 4TH
|
|upkeep
|
|t:|1758363232
|switch|p1a: GRAAAAAH|Regidrago|100/100
|-damage|p1a: GRAAAAAH|88/100|[from] Stealth Rock
|turn|16
|
|t:|1758363239
|move|p2a: Great Tusk|Ice Spinner|p1a: GRAAAAAH
|-supereffective|p1a: GRAAAAAH
|-crit|p1a: GRAAAAAH
|-damage|p1a: GRAAAAAH|2/100
|move|p1a: GRAAAAAH|Earth Power|p2a: Great Tusk
|-supereffective|p2a: Great Tusk
|-damage|p2a: Great Tusk|27/100
|
|upkeep
|turn|17
|
|t:|1758363245
|move|p2a: Great Tusk|Ice Spinner|p1a: GRAAAAAH
|-supereffective|p1a: GRAAAAAH
|-damage|p1a: GRAAAAAH|0 fnt
|faint|p1a: GRAAAAAH
|
|upkeep
|
|t:|1758363250
|switch|p1a: UGLY ASS|Houndstone, M|100/100
|-damage|p1a: UGLY ASS|88/100|[from] Stealth Rock
|turn|18
|
|t:|1758363263
|move|p2a: Great Tusk|Headlong Rush|p1a: UGLY ASS
|-damage|p1a: UGLY ASS|66/100
|-unboost|p2a: Great Tusk|def|1
|-unboost|p2a: Great Tusk|spd|1
|move|p1a: UGLY ASS|Body Press|p2a: Great Tusk
|-supereffective|p2a: Great Tusk
|-damage|p2a: Great Tusk|0 fnt
|faint|p2a: Great Tusk
|-end|p2a: Great Tusk|Protosynthesis|[silent]
|
|-heal|p1a: UGLY ASS|72/100|[from] item: Leftovers
|upkeep
|
|t:|1758363274
|switch|p2a: Hatterene|Hatterene, F|100/100
|turn|19
|
|t:|1758363280
|move|p1a: UGLY ASS|Night Shade|p2a: Hatterene
|-damage|p2a: Hatterene|69/100
|move|p2a: Hatterene|Nuzzle|p1a: UGLY ASS
|-damage|p1a: UGLY ASS|70/100
|-status|p1a: UGLY ASS|par
|
|-heal|p1a: UGLY ASS|76/100 par|[from] item: Leftovers
|upkeep
|turn|20
|
|t:|1758363294
|move|p2a: Hatterene|Draining Kiss|p1a: UGLY ASS
|-crit|p1a: UGLY ASS
|-damage|p1a: UGLY ASS|57/100 par
|-heal|p2a: Hatterene|85/100|[from] drain|[of] p1a: UGLY ASS
|move|p1a: UGLY ASS|Night Shade|p2a: Hatterene
|-damage|p2a: Hatterene|53/100
|
|-heal|p1a: UGLY ASS|63/100 par|[from] item: Leftovers
|upkeep
|turn|21
|
|t:|1758363302
|move|p2a: Hatterene|Psyshock|p1a: UGLY ASS
|-damage|p1a: UGLY ASS|34/100 par
|move|p1a: UGLY ASS|Night Shade|p2a: Hatterene
|-damage|p2a: Hatterene|22/100
|
|-heal|p1a: UGLY ASS|40/100 par|[from] item: Leftovers
|upkeep
|turn|22
|
|t:|1758363308
|move|p2a: Hatterene|Draining Kiss|p1a: UGLY ASS
|-damage|p1a: UGLY ASS|27/100 par
|-heal|p2a: Hatterene|33/100|[from] drain|[of] p1a: UGLY ASS
|move|p1a: UGLY ASS|Night Shade|p2a: Hatterene
|-damage|p2a: Hatterene|1/100
|
|-heal|p1a: UGLY ASS|33/100 par|[from] item: Leftovers
|upkeep
|turn|23
|-message|Soki Aida forfeited.
|
|win|xyj3415
|raw|Soki Aida's rating: 1114 &rarr; <strong>1088</strong><br />(-26 for losing)
|raw|xyj3415's rating: 1097 &rarr; <strong>1124</strong><br />(+27 for winning)
|l|☆Soki Aida
|player|p1|
|l|☆xyj3415
|player|p2|
