|j|☆agent dishonest
|j|☆kinsword
|t:|1758370654
|gametype|singles
|player|p1|agent dishonest|265|1439
|player|p2|kinsword|101|1370
|gen|9
|tier|[Gen 9] OU
|rated|
|rule|HP Percentage Mod: HP is shown in percentages
|rule|Endless Battle Clause: Forcing endless battles is banned
|rule|Species Clause: Limit one of each Pokémon
|rule|OHKO Clause: OHKO moves are banned
|rule|Evasion Items Clause: Evasion items are banned
|rule|Evasion Moves Clause: Evasion moves are banned
|rule|Evasion Abilities Clause: Evasion abilities are banned
|rule|Sleep Moves Clause: Sleep-inducing moves are banned
|clearpoke
|poke|p1|Alomomola, M|
|poke|p1|Weezing-Galar, M|
|poke|p1|Iron Treads|
|poke|p1|Dragonite, F|
|poke|p1|Kyurem|
|poke|p1|Deoxys-Speed|
|poke|p2|Dragalge, F|
|poke|p2|Rotom-Wash|
|poke|p2|Mamoswine, M|
|poke|p2|Iron Boulder|
|poke|p2|Blastoise, M|
|poke|p2|Corviknight, M|
|teampreview
|inactive|Battle timer is ON: inactive players will automatically lose when time's up. (requested by kinsword)
|
|t:|1758370676
|teamsize|p1|6
|teamsize|p2|6
|start
|switch|p1a: Deoxys|Deoxys-Speed|100/100
|switch|p2a: Mamoswine|Mamoswine, M|100/100
|-ability|p1a: Deoxys|Pressure
|turn|1
|
|t:|1758370691
|move|p1a: Deoxys|Superpower|p2a: Mamoswine
|-supereffective|p2a: Mamoswine
|-damage|p2a: Mamoswine|28/100
|-unboost|p1a: Deoxys|atk|1
|-unboost|p1a: Deoxys|def|1
|move|p2a: Mamoswine|Earthquake|p1a: Deoxys
|-damage|p1a: Deoxys|0 fnt
|faint|p1a: Deoxys
|
|-heal|p2a: Mamoswine|35/100|[from] item: Leftovers
|upkeep
|inactive|agent dishonest has 120 seconds left.
|
|t:|1758370722
|switch|p1a: Kyurem|Kyurem|100/100
|-ability|p1a: Kyurem|Pressure
|turn|2
|
|t:|1758370739
|move|p1a: Kyurem|Freeze-Dry|p2a: Mamoswine
|-damage|p2a: Mamoswine|0 fnt
|faint|p2a: Mamoswine
|
|upkeep
|
|t:|1758370753
|switch|p2a: Dragalge|Dragalge, F|100/100
|turn|3
|l|☆agent dishonest
|inactive|agent dishonest disconnected and has a minute to reconnect!
|player|p1|
|j|☆agent dishonest
|inactive|agent dishonest reconnected and has 110 seconds left.
|player|p1|agent dishonest|265|
|
|t:|1758370793
|switch|p1a: Alomomola|Alomomola, M|100/100
|move|p2a: Dragalge|Dragon Pulse|p1a: Alomomola
|-damage|p1a: Alomomola|72/100
|
|upkeep
|turn|4
|
|t:|1758370800
|move|p2a: Dragalge|Sludge Bomb|p1a: Alomomola
|-damage|p1a: Alomomola|46/100
|move|p1a: Alomomola|Flip Turn|p2a: Dragalge
|-resisted|p2a: Dragalge
|-crit|p2a: Dragalge
|-damage|p2a: Dragalge|88/100
|
|t:|1758370804
|switch|p1a: Weezing|Weezing-Galar, M|100/100|[from] Flip Turn
|-ability|p1a: Weezing|Neutralizing Gas
|
|upkeep
|turn|5
|inactive|agent dishonest has 120 seconds left.
|
|t:|1758370816
|-end|p1a: Weezing|ability: Neutralizing Gas
|switch|p1a: Alomomola|Alomomola, M|79/100
|move|p2a: Dragalge|Sludge Bomb|p1a: Alomomola
|-damage|p1a: Alomomola|51/100
|
|upkeep
|turn|6
|inactive|agent dishonest has 120 seconds left.
|
|t:|1758370824
|move|p2a: Dragalge|Thunderbolt|p1a: Alomomola
|-supereffective|p1a: Alomomola
|-damage|p1a: Alomomola|22/100
|move|p1a: Alomomola|Mirror Coat|p2a: Dragalge
|-damage|p2a: Dragalge|0 fnt
|faint|p2a: Dragalge
|
|upkeep
|c|☆agent dishonest|Hm
|
|t:|1758370835
|switch|p2a: Iron Boulder|Iron Boulder|100/100
|-enditem|p2a: Iron Boulder|Booster Energy
|-activate|p2a: Iron Boulder|ability: Quark Drive|[fromitem]
|-start|p2a: Iron Boulder|quarkdrivespe
|turn|7
|
|t:|1758370847
|move|p2a: Iron Boulder|Swords Dance|p2a: Iron Boulder
|-boost|p2a: Iron Boulder|atk|2
|move|p1a: Alomomola|Flip Turn|p2a: Iron Boulder
|-supereffective|p2a: Iron Boulder
|-damage|p2a: Iron Boulder|57/100
|
|t:|1758370849
|switch|p1a: Weezing|Weezing-Galar, M|100/100|[from] Flip Turn
|-ability|p1a: Weezing|Neutralizing Gas
|
|upkeep
|turn|8
|
|t:|1758370858
|move|p2a: Iron Boulder|Zen Headbutt|p1a: Weezing
|-supereffective|p1a: Weezing
|-damage|p1a: Weezing|5/100
|-damage|p2a: Iron Boulder|40/100|[from] item: Rocky Helmet|[of] p1a: Weezing
|cant|p1a: Weezing|flinch
|
|upkeep
|turn|9
|c|☆agent dishonest|Lucky u
|
|t:|1758370872
|move|p2a: Iron Boulder|Mighty Cleave|p1a: Weezing
|-damage|p1a: Weezing|0 fnt
|-damage|p2a: Iron Boulder|24/100|[from] item: Rocky Helmet|[of] p1a: Weezing
|faint|p1a: Weezing
|-end|p1a: Weezing|ability: Neutralizing Gas
|
|upkeep
|
|t:|1758370889
|switch|p1a: Alomomola|Alomomola, M|56/100
|turn|10
|
|t:|1758370894
|move|p2a: Iron Boulder|Mighty Cleave|p1a: Alomomola
|-damage|p1a: Alomomola|0 fnt
|faint|p1a: Alomomola
|
|upkeep
|
|t:|1758370908
|switch|p1a: Dragonite|Dragonite, F|100/100
|turn|11
|
|t:|1758370912
|-terastallize|p1a: Dragonite|Normal
|move|p2a: Iron Boulder|Mighty Cleave|p1a: Dragonite
|-damage|p1a: Dragonite|56/100
|move|p1a: Dragonite|Earthquake|p2a: Iron Boulder
|-supereffective|p2a: Iron Boulder
|-damage|p2a: Iron Boulder|0 fnt
|faint|p2a: Iron Boulder
|-end|p2a: Iron Boulder|Quark Drive|[silent]
|
|upkeep
|
|t:|1758370930
|switch|p2a: Corviknight|Corviknight, M|100/100
|turn|12
|
|t:|1758370938
|move|p1a: Dragonite|Roost|p1a: Dragonite
|-heal|p1a: Dragonite|100/100
|move|p2a: Corviknight|Body Press|p1a: Dragonite
|-supereffective|p1a: Dragonite
|-damage|p1a: Dragonite|76/100
|
|upkeep
|turn|13
|
|t:|1758370947
|move|p2a: Corviknight|Body Press|p1a: Dragonite
|-supereffective|p1a: Dragonite
|-crit|p1a: Dragonite
|-damage|p1a: Dragonite|9/100
|move|p1a: Dragonite|Dragon Tail|p2a: Corviknight
|-resisted|p2a: Corviknight
|-damage|p2a: Corviknight|90/100
|-damage|p1a: Dragonite|0 fnt|[from] item: Rocky Helmet|[of] p2a: Corviknight
|faint|p1a: Dragonite
|drag|p2a: Rotom|Rotom-Wash|100/100
|
|upkeep
|
|t:|1758370959
|switch|p1a: Kyurem|Kyurem|100/100
|-ability|p1a: Kyurem|Pressure
|turn|14
|
|t:|1758370966
|switch|p2a: Corviknight|Corviknight, M|90/100
|move|p1a: Kyurem|Freeze-Dry|p2a: Corviknight
|-damage|p2a: Corviknight|36/100
|
|upkeep
|turn|15
|
|t:|1758370973
|move|p1a: Kyurem|Freeze-Dry|p2a: Corviknight
|-damage|p2a: Corviknight|0 fnt
|faint|p2a: Corviknight
|
|upkeep
|
|t:|1758370979
|switch|p2a: Blastoise|Blastoise, M|100/100
|turn|16
|
|t:|1758370986
|-terastallize|p2a: Blastoise|Electric
|move|p1a: Kyurem|Freeze-Dry|p2a: Blastoise
|-damage|p2a: Blastoise|45/100
|move|p2a: Blastoise|Shell Smash|p2a: Blastoise
|-unboost|p2a: Blastoise|def|1
|-unboost|p2a: Blastoise|spd|1
|-boost|p2a: Blastoise|atk|2
|-boost|p2a: Blastoise|spa|2
|-boost|p2a: Blastoise|spe|2
|-enditem|p2a: Blastoise|White Herb
|-clearnegativeboost|p2a: Blastoise|[silent]
|
|upkeep
|turn|17
|
|t:|1758370999
|move|p2a: Blastoise|Ice Beam|p1a: Kyurem
|-damage|p1a: Kyurem|54/100
|move|p1a: Kyurem|Freeze-Dry|p2a: Blastoise
|-damage|p2a: Blastoise|0 fnt
|faint|p2a: Blastoise
|
|upkeep
|c|☆agent dishonest|Hmm
|-message|kinsword forfeited.
|
|win|agent dishonest
|raw|agent dishonest's rating: 1439 &rarr; <strong>1455</strong><br />(+16 for winning)
|raw|kinsword's rating: 1370 &rarr; <strong>1354</strong><br />(-16 for losing)
|l|☆kinsword
|player|p2|
|l|☆agent dishonest
|player|p1|
