|j|☆BIGBODY55
|j|☆DarkOnHollow
|t:|1758313689
|gametype|singles
|player|p1|BIGBODY55|darach-caitlin|1130
|player|p2|DarkOnHollow|eusine|1121
|gen|9
|tier|[Gen 9] OU
|rated|
|rule|HP Percentage Mod: HP is shown in percentages
|rule|Endless Battle Clause: Forcing endless battles is banned
|rule|Species Clause: Limit one of each Pokémon
|rule|OHKO Clause: OHKO moves are banned
|rule|Evasion Items Clause: Evasion items are banned
|rule|Evasion Moves Clause: Evasion moves are banned
|rule|Evasion Abilities Clause: Evasion abilities are banned
|rule|Sleep Moves Clause: Sleep-inducing moves are banned
|clearpoke
|poke|p1|Gastrodon, F|
|poke|p1|Slowking-Galar, M|
|poke|p1|Orthworm, M|
|poke|p1|Mismagius, F|
|poke|p1|Ribombee, M|
|poke|p1|Greninja-*, M|
|poke|p2|Landorus-Therian, M|
|poke|p2|Corviknight, F|
|poke|p2|Zamazenta-*|
|poke|p2|Slowking-Galar, F|
|poke|p2|Hatterene, F|
|poke|p2|Kyurem|
|teampreview
|inactive|Battle timer is ON: inactive players will automatically lose when time's up. (requested by BIGBODY55)
|
|t:|1758313698
|teamsize|p1|6
|teamsize|p2|6
|start
|switch|p1a: Gastrodon|Gastrodon, F|100/100
|switch|p2a: Landorus|Landorus-Therian, M|100/100
|-ability|p2a: Landorus|Intimidate|boost
|-unboost|p1a: Gastrodon|atk|1
|turn|1
|
|t:|1758313702
|switch|p2a: Slowking|Slowking-Galar, F|100/100
|move|p1a: Gastrodon|Ice Beam|p2a: Slowking
|-damage|p2a: Slowking|71/100
|
|-heal|p2a: Slowking|77/100|[from] item: Leftovers
|upkeep
|turn|2
|
|t:|1758313719
|switch|p1a: Slowking|Slowking-Galar, M|100/100
|switch|p2a: Corviknight|Corviknight, F|100/100
|-ability|p2a: Corviknight|Pressure
|
|upkeep
|turn|3
|
|t:|1758313725
|move|p2a: Corviknight|U-turn|p1a: Slowking
|-damage|p1a: Slowking|88/100
|-damage|p2a: Corviknight|84/100|[from] item: Rocky Helmet|[of] p1a: Slowking
|
|t:|1758313728
|switch|p2a: Slowking|Slowking-Galar, F|100/100|[from] U-turn
|move|p1a: Slowking|Trick Room|p1a: Slowking
|-fieldstart|move: Trick Room|[of] p1a: Slowking
|
|upkeep
|turn|4
|
|t:|1758313735
|move|p2a: Slowking|Psychic|p1a: Slowking
|-damage|p1a: Slowking|50/100
|move|p1a: Slowking|Calm Mind|p1a: Slowking
|-boost|p1a: Slowking|spa|1
|-boost|p1a: Slowking|spd|1
|
|upkeep
|turn|5
|
|t:|1758313740
|-prepare|p2a: Slowking|Chilly Reception|[premajor]
|move|p2a: Slowking|Chilly Reception|p2a: Slowking
|-weather|Snowscape
|
|t:|1758313759
|switch|p2a: Kyurem|Kyurem|100/100|[from] Chilly Reception
|-ability|p2a: Kyurem|Pressure
|move|p1a: Slowking|Eerie Spell|p2a: Kyurem
|-damage|p2a: Kyurem|57/100
|
|-weather|Snowscape|[upkeep]
|upkeep
|turn|6
|
|t:|1758313764
|-terastallize|p2a: Kyurem|Ground
|move|p1a: Slowking|Eerie Spell|p2a: Kyurem
|-damage|p2a: Kyurem|14/100
|move|p2a: Kyurem|Earth Power|p1a: Slowking
|-supereffective|p1a: Slowking
|-damage|p1a: Slowking|0 fnt
|faint|p1a: Slowking
|
|-weather|Snowscape|[upkeep]
|upkeep
|
|t:|1758313774
|switch|p1a: Gastrodon|Gastrodon, F|100/100
|turn|7
|
|t:|1758313780
|switch|p2a: Slowking|Slowking-Galar, F|100/100
|move|p1a: Gastrodon|Surf|p2a: Slowking
|-damage|p2a: Slowking|58/100
|
|-weather|Snowscape|[upkeep]
|-heal|p2a: Slowking|64/100|[from] item: Leftovers
|-fieldend|move: Trick Room
|upkeep
|turn|8
|
|t:|1758313785
|switch|p1a: Orthworm|Orthworm, M, shiny|100/100
|-prepare|p2a: Slowking|Chilly Reception|[premajor]
|move|p2a: Slowking|Chilly Reception|p2a: Slowking
|
|t:|1758313800
|switch|p2a: Zamazenta|Zamazenta|100/100|[from] Chilly Reception
|-ability|p2a: Zamazenta|Dauntless Shield|boost
|-boost|p2a: Zamazenta|def|1
|
|-weather|Snowscape|[upkeep]
|upkeep
|turn|9
|
|t:|1758313812
|move|p2a: Zamazenta|Body Press|p1a: Orthworm
|-supereffective|p1a: Orthworm
|-damage|p1a: Orthworm|38/100
|move|p1a: Orthworm|Stealth Rock|p2a: Zamazenta
|-sidestart|p2: DarkOnHollow|move: Stealth Rock
|
|-weather|none
|-heal|p1a: Orthworm|44/100|[from] item: Leftovers
|upkeep
|turn|10
|
|t:|1758313818
|switch|p2a: Corviknight|Corviknight, F|84/100
|-ability|p2a: Corviknight|Pressure
|switch|p1a: Mismagius|Mismagius, F, shiny|100/100
|
|upkeep
|turn|11
|
|t:|1758313836
|move|p1a: Mismagius|Shadow Ball|p2a: Corviknight
|-damage|p2a: Corviknight|29/100
|-unboost|p2a: Corviknight|spd|1
|move|p2a: Corviknight|Defog|p1a: Mismagius
|-unboost|p1a: Mismagius|evasion|1
|-sideend|p2: DarkOnHollow|Stealth Rock|[from] move: Defog|[of] p2a: Corviknight
|
|upkeep
|turn|12
|
|t:|1758313855
|move|p1a: Mismagius|Shadow Ball|p2a: Corviknight
|-damage|p2a: Corviknight|0 fnt
|faint|p2a: Corviknight
|
|upkeep
|
|t:|1758313863
|switch|p2a: Zamazenta|Zamazenta|100/100
|turn|13
|
|t:|1758313875
|switch|p1a: Ribombee|Ribombee, M|100/100
|move|p2a: Zamazenta|Heavy Slam|p1a: Ribombee
|-supereffective|p1a: Ribombee
|-damage|p1a: Ribombee|0 fnt
|faint|p1a: Ribombee
|
|upkeep
|
|t:|1758313888
|switch|p1a: Gastrodon|Gastrodon, F|100/100
|turn|14
|
|t:|1758313893
|move|p2a: Zamazenta|Heavy Slam|p1a: Gastrodon
|-resisted|p1a: Gastrodon
|-damage|p1a: Gastrodon|80/100
|move|p1a: Gastrodon|Surf|p2a: Zamazenta
|-damage|p2a: Zamazenta|52/100
|
|upkeep
|turn|15
|
|t:|1758313897
|switch|p2a: Slowking|Slowking-Galar, F|97/100
|switch|p1a: Greninja|Greninja, M, shiny|100/100
|
|-heal|p2a: Slowking|100/100|[from] item: Leftovers
|upkeep
|turn|16
|
|t:|1758313905
|move|p1a: Greninja|Dark Pulse|p2a: Slowking
|-start|p1a: Greninja|typechange|Dark|[from] ability: Protean
|-supereffective|p2a: Slowking
|-damage|p2a: Slowking|40/100
|-prepare|p2a: Slowking|Chilly Reception|[premajor]
|cant|p2a: Slowking|flinch
|
|-heal|p2a: Slowking|46/100|[from] item: Leftovers
|upkeep
|turn|17
|
|t:|1758313910
|switch|p2a: Zamazenta|Zamazenta|52/100
|move|p1a: Greninja|Dark Pulse|p2a: Zamazenta
|-resisted|p2a: Zamazenta
|-damage|p2a: Zamazenta|36/100
|
|upkeep
|turn|18
|
|t:|1758313915
|move|p2a: Zamazenta|Play Rough|p1a: Greninja
|-supereffective|p1a: Greninja
|-damage|p1a: Greninja|6/100
|move|p1a: Greninja|Hydro Pump|p2a: Zamazenta|[miss]
|-miss|p1a: Greninja|p2a: Zamazenta
|
|upkeep
|turn|19
|
|t:|1758313923
|switch|p1a: Mismagius|Mismagius, F, shiny|100/100
|move|p2a: Zamazenta|Play Rough|p1a: Mismagius
|-damage|p1a: Mismagius|46/100
|
|upkeep
|turn|20
|
|t:|1758313929
|move|p2a: Zamazenta|Play Rough|p1a: Mismagius
|-damage|p1a: Mismagius|0 fnt
|faint|p1a: Mismagius
|
|upkeep
|
|t:|1758313934
|switch|p1a: Gastrodon|Gastrodon, F|80/100
|turn|21
|
|t:|1758313939
|switch|p2a: Landorus|Landorus-Therian, M|100/100
|-ability|p2a: Landorus|Intimidate|boost
|-unboost|p1a: Gastrodon|atk|1
|move|p1a: Gastrodon|Earth Power|p2a: Landorus
|-immune|p2a: Landorus
|
|upkeep
|turn|22
|
|t:|1758313944
|switch|p1a: Orthworm|Orthworm, M, shiny|44/100
|move|p2a: Landorus|U-turn|p1a: Orthworm
|-resisted|p1a: Orthworm
|-damage|p1a: Orthworm|37/100
|
|t:|1758313949
|switch|p2a: Kyurem|Kyurem, tera:Ground|14/100|[from] U-turn
|-ability|p2a: Kyurem|Pressure
|
|-heal|p1a: Orthworm|43/100|[from] item: Leftovers
|upkeep
|turn|23
|
|t:|1758313955
|move|p2a: Kyurem|Earth Power|p1a: Orthworm
|-heal|p1a: Orthworm|68/100|[from] ability: Earth Eater|[of] p2a: Kyurem
|move|p1a: Orthworm|Stealth Rock|p2a: Kyurem
|-sidestart|p2: DarkOnHollow|move: Stealth Rock
|
|-heal|p1a: Orthworm|74/100|[from] item: Leftovers
|upkeep
|turn|24
|
|t:|1758313962
|switch|p2a: Zamazenta|Zamazenta|36/100
|-damage|p2a: Zamazenta|30/100|[from] Stealth Rock
|move|p1a: Orthworm|Iron Defense|p1a: Orthworm
|-boost|p1a: Orthworm|def|2
|
|-heal|p1a: Orthworm|80/100|[from] item: Leftovers
|upkeep
|turn|25
|
|t:|1758313967
|-terastallize|p1a: Orthworm|Electric
|move|p2a: Zamazenta|Body Press|p1a: Orthworm
|-damage|p1a: Orthworm|70/100
|move|p1a: Orthworm|Body Press|p2a: Zamazenta
|-damage|p2a: Zamazenta|0 fnt
|faint|p2a: Zamazenta
|
|-heal|p1a: Orthworm|76/100|[from] item: Leftovers
|upkeep
|
|t:|1758313975
|switch|p2a: Hatterene|Hatterene, F|100/100
|-damage|p2a: Hatterene|88/100|[from] Stealth Rock
|turn|26
|
|t:|1758313977
|move|p1a: Orthworm|Heavy Slam|p2a: Hatterene
|-supereffective|p2a: Hatterene
|-damage|p2a: Hatterene|10/100
|move|p2a: Hatterene|Future Sight|p1a: Orthworm
|-start|p2a: Hatterene|move: Future Sight
|
|-heal|p1a: Orthworm|82/100|[from] item: Leftovers
|upkeep
|turn|27
|
|t:|1758313981
|move|p1a: Orthworm|Heavy Slam|p2a: Hatterene
|-supereffective|p2a: Hatterene
|-damage|p2a: Hatterene|0 fnt
|faint|p2a: Hatterene
|
|-heal|p1a: Orthworm|89/100|[from] item: Leftovers
|upkeep
|
|t:|1758313986
|switch|p2a: Kyurem|Kyurem, tera:Ground|14/100
|-damage|p2a: Kyurem|8/100|[from] Stealth Rock
|-ability|p2a: Kyurem|Pressure
|turn|28
|
|t:|1758313991
|move|p2a: Kyurem|Draco Meteor|p1a: Orthworm
|-damage|p1a: Orthworm|0 fnt
|-unboost|p2a: Kyurem|spa|2
|faint|p1a: Orthworm
|
|-hint|Future Sight did not hit because the target is fainted.
|upkeep
|
|t:|1758313994
|switch|p1a: Greninja|Greninja, M, shiny|6/100
|turn|29
|
|t:|1758313999
|move|p1a: Greninja|Water Shuriken|p2a: Kyurem
|-start|p1a: Greninja|typechange|Water|[from] ability: Protean
|-supereffective|p2a: Kyurem
|-damage|p2a: Kyurem|0 fnt
|faint|p2a: Kyurem
|-hitcount|p2: Kyurem|1
|
|upkeep
|
|t:|1758314003
|switch|p2a: Slowking|Slowking-Galar, F|79/100
|-damage|p2a: Slowking|66/100|[from] Stealth Rock
|turn|30
|
|t:|1758314012
|move|p1a: Greninja|Dark Pulse|p2a: Slowking
|-supereffective|p2a: Slowking
|-damage|p2a: Slowking|27/100
|-prepare|p2a: Slowking|Chilly Reception|[premajor]
|move|p2a: Slowking|Chilly Reception|p2a: Slowking
|-weather|Snowscape
|
|t:|1758314015
|switch|p2a: Landorus|Landorus-Therian, M|100/100|[from] Chilly Reception
|-damage|p2a: Landorus|88/100|[from] Stealth Rock
|-ability|p2a: Landorus|Intimidate|boost
|-unboost|p1a: Greninja|atk|1
|
|-weather|Snowscape|[upkeep]
|upkeep
|turn|31
|
|t:|1758314029
|switch|p1a: Gastrodon|Gastrodon, F|80/100
|move|p2a: Landorus|Earth Power|p1a: Gastrodon
|-damage|p1a: Gastrodon|40/100
|
|-weather|Snowscape|[upkeep]
|upkeep
|turn|32
|
|t:|1758314034
|move|p2a: Landorus|Earth Power|p1a: Gastrodon
|-damage|p1a: Gastrodon|2/100
|move|p1a: Gastrodon|Ice Beam|p2a: Landorus
|-supereffective|p2a: Landorus
|-crit|p2a: Landorus
|-damage|p2a: Landorus|0 fnt
|faint|p2a: Landorus
|
|-weather|Snowscape|[upkeep]
|upkeep
|
|t:|1758314037
|switch|p2a: Slowking|Slowking-Galar, F|60/100
|-damage|p2a: Slowking|48/100|[from] Stealth Rock
|turn|33
|
|t:|1758314043
|move|p1a: Gastrodon|Ice Beam|p2a: Slowking
|-damage|p2a: Slowking|19/100
|move|p2a: Slowking|Ice Beam|p1a: Gastrodon
|-damage|p1a: Gastrodon|0 fnt
|faint|p1a: Gastrodon
|
|-weather|Snowscape|[upkeep]
|-heal|p2a: Slowking|25/100|[from] item: Leftovers
|upkeep
|
|t:|1758314045
|switch|p1a: Greninja|Greninja, M, shiny|6/100
|turn|34
|
|t:|1758314047
|move|p1a: Greninja|Dark Pulse|p2a: Slowking
|-start|p1a: Greninja|typechange|Dark|[from] ability: Protean
|-supereffective|p2a: Slowking
|-damage|p2a: Slowking|0 fnt
|faint|p2a: Slowking
|
|win|BIGBODY55
|raw|BIGBODY55's rating: 1130 &rarr; <strong>1154</strong><br />(+24 for winning)
|raw|DarkOnHollow's rating: 1121 &rarr; <strong>1097</strong><br />(-24 for losing)
|c|☆BIGBODY55|Ggggg
|l|☆DarkOnHollow
|player|p2|
