|j|☆Ulyssus
|j|☆Veridis Quo Zurau
|t:|1758293404
|gametype|singles
|player|p1|Ulyssus|galacticgruntf|1299
|player|p2|Veridis Quo Zurau|ingo|1359
|gen|9
|tier|[Gen 9] OU
|rated|
|rule|HP Percentage Mod: HP is shown in percentages
|rule|Endless Battle Clause: Forcing endless battles is banned
|rule|Species Clause: Limit one of each Pokémon
|rule|OHKO Clause: OHKO moves are banned
|rule|Evasion Items Clause: Evasion items are banned
|rule|Evasion Moves Clause: Evasion moves are banned
|rule|Evasion Abilities Clause: Evasion abilities are banned
|rule|Sleep Moves Clause: Sleep-inducing moves are banned
|clearpoke
|poke|p1|Zamazenta-*|
|poke|p1|Polteageist-Antique|
|poke|p1|Corviknight, F|
|poke|p1|Serperior, F|
|poke|p1|Blaziken, F|
|poke|p1|Lycanroc-Dusk, F|
|poke|p2|Torkoal, M|
|poke|p2|Venusaur, M|
|poke|p2|Walking Wake|
|poke|p2|Cinderace, F|
|poke|p2|Ceruledge, M|
|poke|p2|Slowking-Galar, F|
|teampreview
|inactive|Battle timer is ON: inactive players will automatically lose when time's up. (requested by Veridis Quo Zurau)
|
|t:|1758293419
|teamsize|p1|6
|teamsize|p2|6
|start
|switch|p1a: Blaziken|Blaziken, F|100/100
|switch|p2a: Slowking|Slowking-Galar, F|100/100
|turn|1
|
|t:|1758293428
|move|p1a: Blaziken|Swords Dance|p1a: Blaziken
|-boost|p1a: Blaziken|atk|2
|move|p2a: Slowking|Future Sight|p1a: Blaziken
|-start|p2a: Slowking|move: Future Sight
|
|-ability|p1a: Blaziken|Speed Boost|boost
|-boost|p1a: Blaziken|spe|1
|upkeep
|turn|2
|inactive|Ulyssus has 120 seconds left.
|
|t:|1758293473
|move|p1a: Blaziken|Fire Punch|p2a: Slowking
|-damage|p2a: Slowking|21/100
|-prepare|p2a: Slowking|Chilly Reception|[premajor]
|move|p2a: Slowking|Chilly Reception|p2a: Slowking
|-weather|Snowscape
|
|t:|1758293481
|switch|p2a: Torkoal|Torkoal, M|100/100|[from] Chilly Reception
|-weather|SunnyDay|[from] ability: Drought|[of] p2a: Torkoal
|
|-weather|SunnyDay|[upkeep]
|-ability|p1a: Blaziken|Speed Boost|boost
|-boost|p1a: Blaziken|spe|1
|upkeep
|turn|3
|inactive|Ulyssus has 120 seconds left.
|
|t:|1758293496
|switch|p1a: Corviknight|Corviknight, F|100/100
|move|p2a: Torkoal|Stealth Rock|p1a: Corviknight
|-sidestart|p1: Ulyssus|move: Stealth Rock
|
|-weather|SunnyDay|[upkeep]
|-end|p1a: Corviknight|move: Future Sight
|-resisted|p1a: Corviknight
|-damage|p1a: Corviknight|74/100
|-heal|p1a: Corviknight|80/100|[from] item: Leftovers
|upkeep
|turn|4
|
|t:|1758293501
|move|p1a: Corviknight|Iron Defense|p1a: Corviknight
|-boost|p1a: Corviknight|def|2
|move|p2a: Torkoal|Will-O-Wisp|p1a: Corviknight
|-status|p1a: Corviknight|brn
|
|-weather|SunnyDay|[upkeep]
|-heal|p1a: Corviknight|86/100 brn|[from] item: Leftovers
|-damage|p1a: Corviknight|80/100 brn|[from] brn
|upkeep
|turn|5
|
|t:|1758293511
|switch|p2a: Walking Wake|Walking Wake|100/100
|-activate|p2a: Walking Wake|ability: Protosynthesis
|-start|p2a: Walking Wake|protosynthesisspa
|move|p1a: Corviknight|Defog|p2a: Walking Wake
|-unboost|p2a: Walking Wake|evasion|1
|-sideend|p1: Ulyssus|Stealth Rock|[from] move: Defog|[of] p1a: Corviknight
|
|-weather|SunnyDay|[upkeep]
|-heal|p1a: Corviknight|86/100 brn|[from] item: Leftovers
|-damage|p1a: Corviknight|80/100 brn|[from] brn
|upkeep
|turn|6
|inactive|Ulyssus has 120 seconds left.
|
|t:|1758293540
|switch|p1a: Serperior|Serperior, F|100/100
|move|p2a: Walking Wake|Weather Ball|p1a: Serperior
|-supereffective|p1a: Serperior
|-enditem|p1a: Serperior|Focus Sash
|-damage|p1a: Serperior|1/100
|
|-weather|SunnyDay|[upkeep]
|upkeep
|turn|7
|inactive|Ulyssus has 120 seconds left.
|
|t:|1758293549
|move|p2a: Walking Wake|Weather Ball|p1a: Serperior
|-supereffective|p1a: Serperior
|-damage|p1a: Serperior|0 fnt
|faint|p1a: Serperior
|
|-weather|SunnyDay|[upkeep]
|upkeep
|inactive|Ulyssus has 120 seconds left.
|
|t:|1758293560
|switch|p1a: Polteageist|Polteageist-Antique|100/100
|turn|8
|
|t:|1758293563
|move|p2a: Walking Wake|Weather Ball|p1a: Polteageist
|-damage|p1a: Polteageist|29/100
|move|p1a: Polteageist|Shell Smash|p1a: Polteageist
|-unboost|p1a: Polteageist|def|1
|-unboost|p1a: Polteageist|spd|1
|-boost|p1a: Polteageist|atk|2
|-boost|p1a: Polteageist|spa|2
|-boost|p1a: Polteageist|spe|2
|
|-weather|SunnyDay|[upkeep]
|upkeep
|turn|9
|
|t:|1758293572
|-end|p2a: Walking Wake|Protosynthesis|[silent]
|switch|p2a: Slowking|Slowking-Galar, F|54/100
|-terastallize|p1a: Polteageist|Psychic
|move|p1a: Polteageist|Stored Power|p2a: Slowking
|-damage|p2a: Slowking|0 fnt
|faint|p2a: Slowking
|
|-weather|none
|upkeep
|
|t:|1758293576
|switch|p2a: Torkoal|Torkoal, M|100/100
|-weather|SunnyDay|[from] ability: Drought|[of] p2a: Torkoal
|turn|10
|
|t:|1758293587
|move|p1a: Polteageist|Stored Power|p2a: Torkoal
|-damage|p2a: Torkoal|0 fnt
|faint|p2a: Torkoal
|
|-weather|SunnyDay|[upkeep]
|upkeep
|
|t:|1758293593
|switch|p2a: Walking Wake|Walking Wake|100/100
|-activate|p2a: Walking Wake|ability: Protosynthesis
|-start|p2a: Walking Wake|protosynthesisspa
|turn|11
|
|t:|1758293599
|move|p1a: Polteageist|Stored Power|p2a: Walking Wake
|-damage|p2a: Walking Wake|0 fnt
|faint|p2a: Walking Wake
|-end|p2a: Walking Wake|Protosynthesis|[silent]
|
|-weather|SunnyDay|[upkeep]
|upkeep
|
|t:|1758293603
|switch|p2a: Ceruledge|Ceruledge, M|100/100
|turn|12
|
|t:|1758293605
|move|p2a: Ceruledge|Shadow Sneak|p1a: Polteageist
|-supereffective|p1a: Polteageist
|-damage|p1a: Polteageist|0 fnt
|faint|p1a: Polteageist
|
|-weather|SunnyDay|[upkeep]
|upkeep
|
|t:|1758293609
|switch|p1a: Lycanroc|Lycanroc-Dusk, F|100/100
|turn|13
|
|t:|1758293616
|-terastallize|p2a: Ceruledge|Dragon
|move|p1a: Lycanroc|Swords Dance|p1a: Lycanroc
|-boost|p1a: Lycanroc|atk|2
|move|p2a: Ceruledge|Poltergeist|p1a: Lycanroc
|-activate|p1a: Lycanroc|move: Poltergeist|Focus Sash
|-damage|p1a: Lycanroc|4/100
|
|-weather|SunnyDay|[upkeep]
|upkeep
|turn|14
|
|t:|1758293629
|move|p1a: Lycanroc|Accelerock|p2a: Ceruledge
|-damage|p2a: Ceruledge|24/100
|-ability|p2a: Ceruledge|Weak Armor|boost
|-unboost|p2a: Ceruledge|def|1
|-boost|p2a: Ceruledge|spe|2
|move|p2a: Ceruledge|Shadow Sneak|p1a: Lycanroc
|-damage|p1a: Lycanroc|0 fnt
|faint|p1a: Lycanroc
|
|-weather|SunnyDay|[upkeep]
|upkeep
|
|t:|1758293641
|switch|p1a: Zamazenta|Zamazenta|100/100
|-ability|p1a: Zamazenta|Dauntless Shield|boost
|-boost|p1a: Zamazenta|def|1
|turn|15
|
|t:|1758293646
|move|p2a: Ceruledge|Bitter Blade|p1a: Zamazenta
|-damage|p1a: Zamazenta|63/100
|-heal|p2a: Ceruledge|45/100|[from] drain|[of] p1a: Zamazenta
|move|p1a: Zamazenta|Body Press|p2a: Ceruledge
|-damage|p2a: Ceruledge|0 fnt
|faint|p2a: Ceruledge
|
|-weather|SunnyDay|[upkeep]
|-heal|p1a: Zamazenta|69/100|[from] item: Leftovers
|upkeep
|
|t:|1758293649
|switch|p2a: Venusaur|Venusaur, M|100/100
|turn|16
|
|t:|1758293653
|move|p2a: Venusaur|Growth|p2a: Venusaur
|-boost|p2a: Venusaur|atk|2
|-boost|p2a: Venusaur|spa|2
|move|p1a: Zamazenta|Substitute|p1a: Zamazenta
|-start|p1a: Zamazenta|Substitute
|-damage|p1a: Zamazenta|44/100
|
|-weather|SunnyDay|[upkeep]
|-heal|p1a: Zamazenta|51/100|[from] item: Leftovers
|upkeep
|turn|17
|
|t:|1758293659
|move|p2a: Venusaur|Giga Drain|p1a: Zamazenta
|-end|p1a: Zamazenta|Substitute
|move|p1a: Zamazenta|Iron Defense|p1a: Zamazenta
|-boost|p1a: Zamazenta|def|2
|
|-weather|none
|-heal|p1a: Zamazenta|57/100|[from] item: Leftovers
|upkeep
|turn|18
|
|t:|1758293668
|move|p1a: Zamazenta|Body Press|p2a: Venusaur
|-resisted|p2a: Venusaur
|-damage|p2a: Venusaur|40/100
|move|p2a: Venusaur|Giga Drain|p1a: Zamazenta
|-crit|p1a: Zamazenta
|-damage|p1a: Zamazenta|0 fnt
|-heal|p2a: Venusaur|70/100|[from] drain|[of] p1a: Zamazenta
|faint|p1a: Zamazenta
|
|upkeep
|
|t:|1758293674
|switch|p1a: Blaziken|Blaziken, F|100/100
|turn|19
|
|t:|1758293677
|move|p1a: Blaziken|Swords Dance|p1a: Blaziken
|-boost|p1a: Blaziken|atk|2
|move|p2a: Venusaur|Sludge Bomb|p1a: Blaziken
|-enditem|p1a: Blaziken|Focus Sash
|-damage|p1a: Blaziken|1/100
|
|-ability|p1a: Blaziken|Speed Boost|boost
|-boost|p1a: Blaziken|spe|1
|upkeep
|turn|20
|
|t:|1758293687
|move|p1a: Blaziken|Fire Punch|p2a: Venusaur
|-supereffective|p2a: Venusaur
|-damage|p2a: Venusaur|0 fnt
|faint|p2a: Venusaur
|
|-ability|p1a: Blaziken|Speed Boost|boost
|-boost|p1a: Blaziken|spe|1
|upkeep
|
|t:|1758293689
|switch|p2a: Cinderace|Cinderace, F|100/100
|turn|21
|
|t:|1758293693
|move|p1a: Blaziken|Close Combat|p2a: Cinderace
|-damage|p2a: Cinderace|0 fnt
|-unboost|p1a: Blaziken|def|1
|-unboost|p1a: Blaziken|spd|1
|faint|p2a: Cinderace
|
|win|Ulyssus
|raw|Ulyssus's rating: 1299 &rarr; <strong>1328</strong><br />(+29 for winning)
|raw|Veridis Quo Zurau's rating: 1359 &rarr; <strong>1336</strong><br />(-23 for losing)
|l|☆Veridis Quo Zurau
|player|p2|
|l|☆Ulyssus
|player|p1|
