|j|☆CountryBoyz
|j|☆dxBasti
|t:|1758276387
|gametype|singles
|player|p1|CountryBoyz|101|1413
|player|p2|dxBasti|n|1364
|gen|9
|tier|[Gen 9] OU
|rated|
|rule|HP Percentage Mod: HP is shown in percentages
|rule|Endless Battle Clause: Forcing endless battles is banned
|rule|Species Clause: Limit one of each Pokémon
|rule|OHKO Clause: OHKO moves are banned
|rule|Evasion Items Clause: Evasion items are banned
|rule|Evasion Moves Clause: Evasion moves are banned
|rule|Evasion Abilities Clause: Evasion abilities are banned
|rule|Sleep Moves Clause: Sleep-inducing moves are banned
|clearpoke
|poke|p1|Landorus-Therian, M|
|poke|p1|Cloyster, M|
|poke|p1|Raikou|
|poke|p1|Dragonite, M|
|poke|p1|Suicune|
|poke|p1|Skarmory, F|
|poke|p2|Indeedee, M|
|poke|p2|Hatterene, F|
|poke|p2|Ursaluna, M|
|poke|p2|Iron Hands|
|poke|p2|Hoopa-Unbound|
|poke|p2|Mimikyu, M|
|teampreview
|
|t:|1758276407
|teamsize|p1|6
|teamsize|p2|6
|start
|switch|p1a: Landorus|Landorus-Therian, M, shiny|100/100
|switch|p2a: Iron Hands|Iron Hands|100/100
|-ability|p1a: Landorus|Intimidate|boost
|-unboost|p2a: Iron Hands|atk|1
|-enditem|p2a: Iron Hands|Booster Energy
|-activate|p2a: Iron Hands|ability: Quark Drive|[fromitem]
|-start|p2a: Iron Hands|quarkdriveatk
|turn|1
|inactive|Battle timer is ON: inactive players will automatically lose when time's up. (requested by dxBasti)
|
|t:|1758276413
|-terastallize|p2a: Iron Hands|Flying
|move|p1a: Landorus|Earthquake|p2a: Iron Hands
|-immune|p2a: Iron Hands
|move|p2a: Iron Hands|Ice Punch|p1a: Landorus
|-supereffective|p1a: Landorus
|-crit|p1a: Landorus
|-damage|p1a: Landorus|0 fnt
|faint|p1a: Landorus
|
|upkeep
|
|t:|1758276423
|switch|p1a: Raikou|Raikou, shiny|100/100
|turn|2
|
|t:|1758276430
|move|p1a: Raikou|Scald|p2a: Iron Hands
|-damage|p2a: Iron Hands|80/100
|move|p2a: Iron Hands|Supercell Slam|p1a: Raikou
|-resisted|p1a: Raikou
|-damage|p1a: Raikou|61/100
|
|-heal|p1a: Raikou|67/100|[from] item: Leftovers
|upkeep
|turn|3
|
|t:|1758276436
|move|p1a: Raikou|Discharge|p2a: Iron Hands
|-supereffective|p2a: Iron Hands
|-damage|p2a: Iron Hands|20/100
|move|p2a: Iron Hands|Close Combat|p1a: Raikou
|-damage|p1a: Raikou|0 fnt
|-unboost|p2a: Iron Hands|def|1
|-unboost|p2a: Iron Hands|spd|1
|faint|p1a: Raikou
|
|upkeep
|
|t:|1758276442
|switch|p1a: Cloyster|Cloyster, M, shiny|100/100
|turn|4
|
|t:|1758276446
|-terastallize|p1a: Cloyster|Ground
|move|p1a: Cloyster|Shell Smash|p1a: Cloyster
|-unboost|p1a: Cloyster|def|1
|-unboost|p1a: Cloyster|spd|1
|-boost|p1a: Cloyster|atk|2
|-boost|p1a: Cloyster|spa|2
|-boost|p1a: Cloyster|spe|2
|-enditem|p1a: Cloyster|White Herb
|-clearnegativeboost|p1a: Cloyster|[silent]
|move|p2a: Iron Hands|Supercell Slam|p1a: Cloyster
|-immune|p1a: Cloyster
|-damage|p2a: Iron Hands|0 fnt|[from] supercellslam
|faint|p2a: Iron Hands
|-end|p2a: Iron Hands|Quark Drive|[silent]
|
|upkeep
|
|t:|1758276453
|switch|p2a: Mimikyu|Mimikyu, M|100/100
|turn|5
|
|t:|1758276456
|move|p1a: Cloyster|Icicle Spear|p2a: Mimikyu
|-activate|p2a: Mimikyu|ability: Disguise
|-damage|p2a: Mimikyu|100/100
|detailschange|p2a: Mimikyu|Mimikyu-Busted, M
|-damage|p2a: Mimikyu|88/100|[from] pokemon: Mimikyu-Busted
|-crit|p2a: Mimikyu
|-damage|p2a: Mimikyu|63/100
|-damage|p2a: Mimikyu|48/100
|-damage|p2a: Mimikyu|31/100
|-damage|p2a: Mimikyu|14/100
|-hitcount|p2a: Mimikyu|5
|-enditem|p2a: Mimikyu|Red Card|[of] p1a: Cloyster
|drag|p1a: Dragonite|Dragonite, M, shiny|100/100
|move|p2a: Mimikyu|Trick Room|p2a: Mimikyu
|-fieldstart|move: Trick Room|[of] p2a: Mimikyu
|
|upkeep
|turn|6
|
|t:|1758276468
|switch|p1a: Skarmory|Skarmory, F|100/100
|move|p2a: Mimikyu|Curse|p1a: Skarmory
|-start|p1a: Skarmory|Curse|[of] p2a: Mimikyu
|-damage|p2a: Mimikyu|0 fnt
|faint|p2a: Mimikyu
|
|-damage|p1a: Skarmory|75/100|[from] Curse
|upkeep
|
|t:|1758276474
|switch|p2a: Indeedee|Indeedee, M|100/100
|-fieldstart|move: Psychic Terrain|[from] ability: Psychic Surge|[of] p2a: Indeedee
|turn|7
|
|t:|1758276483
|switch|p2a: Hoopa|Hoopa-Unbound|100/100
|-enditem|p2a: Hoopa|Psychic Seed
|-boost|p2a: Hoopa|spd|1|[from] item: Psychic Seed
|move|p1a: Skarmory|Body Press|p2a: Hoopa
|-damage|p2a: Hoopa|68/100
|
|-damage|p1a: Skarmory|50/100|[from] Curse
|upkeep
|turn|8
|
|t:|1758276492
|move|p2a: Hoopa|Expanding Force|p1a: Skarmory
|-resisted|p1a: Skarmory
|-damage|p1a: Skarmory|0 fnt
|faint|p1a: Skarmory
|-item|p2a: Hoopa|Rocky Helmet|[from] ability: Magician|[of] p1: Skarmory
|
|upkeep
|
|t:|1758276499
|switch|p1a: Suicune|Suicune|100/100
|-ability|p1a: Suicune|Pressure
|turn|9
|
|t:|1758276500
|move|p2a: Hoopa|Expanding Force|p1a: Suicune
|-damage|p1a: Suicune|43/100
|move|p1a: Suicune|Mirror Coat|p2a: Hoopa
|-immune|p2a: Hoopa
|
|-fieldend|move: Trick Room
|upkeep
|turn|10
|
|t:|1758276506
|move|p1a: Suicune|Scald|p2a: Hoopa
|-damage|p2a: Hoopa|56/100
|move|p2a: Hoopa|Trick Room|p2a: Hoopa
|-fieldstart|move: Trick Room|[of] p2a: Hoopa
|
|upkeep
|turn|11
|
|t:|1758276511
|move|p2a: Hoopa|Expanding Force|p1a: Suicune
|-damage|p1a: Suicune|0 fnt
|faint|p1a: Suicune
|
|upkeep
|
|t:|1758276515
|switch|p1a: Dragonite|Dragonite, M, shiny|100/100
|turn|12
|
|t:|1758276526
|move|p2a: Hoopa|Expanding Force|p1a: Dragonite
|-damage|p1a: Dragonite|55/100
|move|p1a: Dragonite|Earthquake|p2a: Hoopa
|-damage|p2a: Hoopa|0 fnt
|faint|p2a: Hoopa
|
|upkeep
|
|t:|1758276529
|switch|p2a: Hatterene|Hatterene, F|100/100
|turn|13
|
|t:|1758276536
|move|p2a: Hatterene|Expanding Force|p1a: Dragonite
|-damage|p1a: Dragonite|0 fnt
|faint|p1a: Dragonite
|-damage|p2a: Hatterene|91/100|[from] item: Life Orb
|
|upkeep
|
|t:|1758276540
|switch|p1a: Cloyster|Cloyster, M, shiny, tera:Ground|100/100
|turn|14
|
|t:|1758276544
|move|p2a: Hatterene|Expanding Force|p1a: Cloyster
|-crit|p1a: Cloyster
|-damage|p1a: Cloyster|0 fnt
|faint|p1a: Cloyster
|-damage|p2a: Hatterene|81/100|[from] item: Life Orb
|
|win|dxBasti
|raw|CountryBoyz's rating: 1413 &rarr; <strong>1390</strong><br />(-23 for losing)
|raw|dxBasti's rating: 1364 &rarr; <strong>1387</strong><br />(+23 for winning)
|l|☆dxBasti
|player|p2|
|c|☆CountryBoyz|Crokey
|l|☆CountryBoyz
|player|p1|
