|j|‽six10lol
|j|☆ultimategoogolplex
|t:|1758314112
|gametype|singles
|player|p1|six10lol|pokekid|1535
|player|p2|ultimategoogolplex|2|1496
|gen|9
|tier|[Gen 9] OU
|rated|
|rule|HP Percentage Mod: HP is shown in percentages
|rule|Endless Battle Clause: Forcing endless battles is banned
|rule|Species Clause: Limit one of each Pokémon
|rule|OHKO Clause: OHKO moves are banned
|rule|Evasion Items Clause: Evasion items are banned
|rule|Evasion Moves Clause: Evasion moves are banned
|rule|Evasion Abilities Clause: Evasion abilities are banned
|rule|Sleep Moves Clause: Sleep-inducing moves are banned
|clearpoke
|poke|p1|Ursaluna, M|
|poke|p1|Cresselia, F|
|poke|p1|Kingambit, F|
|poke|p1|Volcanion|
|poke|p1|Hatterene, F|
|poke|p1|Porygon2|
|poke|p2|Landorus-Therian, M|
|poke|p2|Kyurem|
|poke|p2|Enamorus, F|
|poke|p2|Dragapult, M|
|poke|p2|Corviknight, F|
|poke|p2|Slowking-Galar, F|
|teampreview
|inactive|Battle timer is ON: inactive players will automatically lose when time's up. (requested by ultimategoogolplex)
|inactive|six10lol also wants the timer to be on.
|
|t:|1758314142
|teamsize|p1|6
|teamsize|p2|6
|start
|switch|p1a: Porygon2|Porygon2|100/100
|switch|p2a: Dragapult|Dragapult, M|100/100
|-ability|p1a: Porygon2|Download|boost
|-boost|p1a: Porygon2|spa|1
|turn|1
|
|t:|1758314153
|move|p2a: Dragapult|U-turn|p1a: Porygon2
|-damage|p1a: Porygon2|77/100
|
|t:|1758314163
|switch|p2a: Slowking|Slowking-Galar, F|100/100|[from] U-turn
|move|p1a: Porygon2|Ice Beam|p2a: Slowking
|-damage|p2a: Slowking|83/100
|
|upkeep
|turn|2
|
|t:|1758314192
|move|p1a: Porygon2|Tera Blast|p2a: Slowking
|-damage|p2a: Slowking|61/100
|move|p2a: Slowking|Psyshock|p1a: Porygon2
|-damage|p1a: Porygon2|59/100
|
|upkeep
|turn|3
|
|t:|1758314204
|switch|p1a: Ursaluna|Ursaluna, M|100/100
|move|p2a: Slowking|Psyshock|p1a: Ursaluna
|-damage|p1a: Ursaluna|79/100
|
|-status|p1a: Ursaluna|brn|[from] item: Flame Orb
|upkeep
|turn|4
|
|t:|1758314211
|switch|p2a: Corviknight|Corviknight, F|100/100
|-ability|p2a: Corviknight|Pressure
|move|p1a: Ursaluna|Fire Punch|p2a: Corviknight
|-supereffective|p2a: Corviknight
|-damage|p2a: Corviknight|43/100
|-damage|p1a: Ursaluna|62/100 brn|[from] item: Rocky Helmet|[of] p2a: Corviknight
|
|-damage|p1a: Ursaluna|56/100 brn|[from] brn
|upkeep
|turn|5
|inactive|six10lol has 120 seconds left.
|
|t:|1758314239
|switch|p1a: Volcanion|Volcanion|100/100
|move|p2a: Corviknight|U-turn|p1a: Volcanion
|-resisted|p1a: Volcanion
|-damage|p1a: Volcanion|95/100
|inactive|ultimategoogolplex has 120 seconds left.
|
|t:|1758314264
|switch|p2a: Kyurem|Kyurem|100/100|[from] U-turn
|-ability|p2a: Kyurem|Pressure
|
|upkeep
|turn|6
|inactive|six10lol has 120 seconds left.
|
|t:|1758314286
|switch|p1a: Cresselia|Cresselia, F, shiny|100/100
|move|p2a: Kyurem|Draco Meteor|p1a: Cresselia
|-damage|p1a: Cresselia|42/100
|-unboost|p2a: Kyurem|spa|2
|
|upkeep
|turn|7
|
|t:|1758314296
|switch|p2a: Dragapult|Dragapult, M|100/100
|move|p1a: Cresselia|Trick Room|p1a: Cresselia
|-fieldstart|move: Trick Room|[of] p1a: Cresselia
|
|upkeep
|turn|8
|
|t:|1758314301
|move|p1a: Cresselia|Lunar Dance|p1a: Cresselia
|faint|p1a: Cresselia
|move|p2a: Dragapult|U-turn|p1: Cresselia|[notarget]
|-fail|p2a: Dragapult
|
|upkeep
|inactive|six10lol has 120 seconds left.
|
|t:|1758314334
|switch|p1a: Kingambit|Kingambit, F|100/100
|-activate|p1a: Kingambit|ability: Supreme Overlord
|-start|p1a: Kingambit|fallen1|[silent]
|turn|9
|
|t:|1758314351
|switch|p2a: Landorus|Landorus-Therian, M|100/100
|-ability|p2a: Landorus|Intimidate|boost
|-unboost|p1a: Kingambit|atk|1
|move|p1a: Kingambit|Swords Dance|p1a: Kingambit
|-boost|p1a: Kingambit|atk|2
|
|upkeep
|turn|10
|
|t:|1758314366
|move|p1a: Kingambit|Kowtow Cleave|p2a: Landorus
|-damage|p2a: Landorus|30/100
|-damage|p1a: Kingambit|84/100|[from] item: Rocky Helmet|[of] p2a: Landorus
|move|p2a: Landorus|Earthquake|p1a: Kingambit
|-supereffective|p1a: Kingambit
|-damage|p1a: Kingambit|14/100
|
|upkeep
|turn|11
|
|t:|1758314382
|-end|p1a: Kingambit|fallen1|[silent]
|switch|p1a: Ursaluna|Ursaluna, M|56/100 brn
|-heal|p1a: Ursaluna|100/100|[from] move: Lunar Dance
|move|p2a: Landorus|Stealth Rock|p1a: Ursaluna
|-sidestart|p1: six10lol|move: Stealth Rock
|
|-fieldend|move: Trick Room
|-status|p1a: Ursaluna|brn|[from] item: Flame Orb
|upkeep
|turn|12
|
|t:|1758314407
|move|p2a: Landorus|Earthquake|p1a: Ursaluna
|-damage|p1a: Ursaluna|65/100 brn
|move|p1a: Ursaluna|Fire Punch|p2a: Landorus
|-damage|p2a: Landorus|0 fnt
|-damage|p1a: Ursaluna|49/100 brn|[from] item: Rocky Helmet|[of] p2a: Landorus
|faint|p2a: Landorus
|
|-damage|p1a: Ursaluna|43/100 brn|[from] brn
|upkeep
|
|t:|1758314421
|switch|p2a: Kyurem|Kyurem|100/100
|-ability|p2a: Kyurem|Pressure
|turn|13
|
|t:|1758314426
|move|p1a: Ursaluna|Protect|p1a: Ursaluna
|-singleturn|p1a: Ursaluna|Protect
|move|p2a: Kyurem|Ice Beam|p1a: Ursaluna
|-activate|p1a: Ursaluna|move: Protect
|
|-damage|p1a: Ursaluna|36/100 brn|[from] brn
|upkeep
|turn|14
|
|t:|1758314433
|switch|p1a: Volcanion|Volcanion|95/100
|-damage|p1a: Volcanion|70/100|[from] Stealth Rock
|move|p2a: Kyurem|Ice Beam|p1a: Volcanion
|-resisted|p1a: Volcanion
|-damage|p1a: Volcanion|53/100
|
|upkeep
|turn|15
|inactive|ultimategoogolplex has 120 seconds left.
|
|t:|1758314473
|switch|p2a: Slowking|Slowking-Galar, F|94/100
|move|p1a: Volcanion|Steam Eruption|p2a: Slowking|[miss]
|-miss|p1a: Volcanion|p2a: Slowking
|
|upkeep
|turn|16
|inactive|ultimategoogolplex has 120 seconds left.
|
|t:|1758314497
|move|p1a: Volcanion|Steam Eruption|p2a: Slowking
|-damage|p2a: Slowking|57/100
|move|p2a: Slowking|Sludge Bomb|p1a: Volcanion
|-damage|p1a: Volcanion|16/100
|
|upkeep
|turn|17
|
|t:|1758314505
|move|p1a: Volcanion|Steam Eruption|p2a: Slowking
|-damage|p2a: Slowking|22/100
|move|p2a: Slowking|Sludge Bomb|p1a: Volcanion
|-damage|p1a: Volcanion|0 fnt
|faint|p1a: Volcanion
|
|upkeep
|inactive|six10lol has 90 seconds left.
|
|t:|1758314521
|switch|p1a: Ursaluna|Ursaluna, M|36/100 brn
|-damage|p1a: Ursaluna|30/100 brn|[from] Stealth Rock
|turn|18
|inactive|six10lol has 90 seconds left.
|
|t:|1758314532
|move|p2a: Slowking|Psyshock|p1a: Ursaluna
|-damage|p1a: Ursaluna|11/100 brn
|move|p1a: Ursaluna|Headlong Rush|p2a: Slowking
|-supereffective|p2a: Slowking
|-damage|p2a: Slowking|0 fnt
|-unboost|p1a: Ursaluna|def|1
|-unboost|p1a: Ursaluna|spd|1
|faint|p2a: Slowking
|
|-damage|p1a: Ursaluna|4/100 brn|[from] brn
|upkeep
|
|t:|1758314547
|switch|p2a: Enamorus|Enamorus, F|100/100
|turn|19
|
|t:|1758314550
|move|p2a: Enamorus|Moonblast|p1a: Ursaluna
|-damage|p1a: Ursaluna|0 fnt
|faint|p1a: Ursaluna
|
|upkeep
|inactive|six10lol has 90 seconds left.
|
|t:|1758314570
|switch|p1a: Porygon2|Porygon2|59/100
|-damage|p1a: Porygon2|47/100|[from] Stealth Rock
|-ability|p1a: Porygon2|Download|boost
|-boost|p1a: Porygon2|atk|1
|turn|20
|
|t:|1758314576
|-terastallize|p2a: Enamorus|Fairy
|move|p2a: Enamorus|Moonblast|p1a: Porygon2
|-damage|p1a: Porygon2|0 fnt
|faint|p1a: Porygon2
|
|upkeep
|
|t:|1758314581
|switch|p1a: Hatterene|Hatterene, F|100/100
|-damage|p1a: Hatterene|88/100|[from] Stealth Rock
|turn|21
|
|t:|1758314585
|move|p2a: Enamorus|Moonblast|p1a: Hatterene
|-crit|p1a: Hatterene
|-damage|p1a: Hatterene|0 fnt
|faint|p1a: Hatterene
|
|upkeep
|-message|six10lol forfeited.
|
|win|ultimategoogolplex
|raw|six10lol's rating: 1535 &rarr; <strong>1513</strong><br />(-22 for losing)
|raw|ultimategoogolplex's rating: 1496 &rarr; <strong>1518</strong><br />(+22 for winning)
|l|‽six10lol
|player|p1|
