|j|☆ArcayneXO
|j|☆MarcosBoladao
|t:|1758322760
|gametype|singles
|player|p1|ArcayneXO|266|1110
|player|p2|MarcosBoladao|benga|1100
|gen|9
|tier|[Gen 9] OU
|rated|
|rule|HP Percentage Mod: HP is shown in percentages
|rule|Endless Battle Clause: Forcing endless battles is banned
|rule|Species Clause: Limit one of each Pokémon
|rule|OHKO Clause: OHKO moves are banned
|rule|Evasion Items Clause: Evasion items are banned
|rule|Evasion Moves Clause: Evasion moves are banned
|rule|Evasion Abilities Clause: Evasion abilities are banned
|rule|Sleep Moves Clause: Sleep-inducing moves are banned
|clearpoke
|poke|p1|Scizor, M|
|poke|p1|Weezing-Galar, F|
|poke|p1|Deoxys-Speed|
|poke|p1|Samurott-Hisui, F|
|poke|p1|Blaziken, M|
|poke|p1|Landorus-Therian, M|
|poke|p2|Mamoswine, M|
|poke|p2|Incineroar, M|
|poke|p2|Iron Valiant|
|poke|p2|Gholdengo|
|poke|p2|Slowking-Galar, F|
|poke|p2|Rotom-Fan|
|teampreview
|
|t:|1758322763
|teamsize|p1|6
|teamsize|p2|6
|start
|switch|p1a: Landorus|Landorus-Therian, M, shiny|100/100
|switch|p2a: Mamutão|Mamoswine, M|100/100
|-ability|p1a: Landorus|Intimidate|boost
|-unboost|p2a: Mamutão|atk|1
|turn|1
|
|t:|1758322777
|move|p1a: Landorus|Protect|p1a: Landorus
|-singleturn|p1a: Landorus|Protect
|move|p2a: Mamutão|Stealth Rock|p1a: Landorus
|-sidestart|p1: ArcayneXO|move: Stealth Rock
|
|upkeep
|turn|2
|
|t:|1758322791
|move|p1a: Landorus|U-turn|p2a: Mamutão
|-damage|p2a: Mamutão|68/100
|
|t:|1758322800
|switch|p1a: Samurott|Samurott-Hisui, F, shiny|100/100|[from] U-turn
|-damage|p1a: Samurott|88/100|[from] Stealth Rock
|move|p2a: Mamutão|Icicle Crash|p1a: Samurott|[miss]
|-miss|p2a: Mamutão|p1a: Samurott
|
|upkeep
|turn|3
|
|t:|1758322812
|switch|p2a: Ventilador arno|Rotom-Fan, shiny|100/100
|move|p1a: Samurott|Ceaseless Edge|p2a: Ventilador arno
|-damage|p2a: Ventilador arno|42/100
|-sidestart|p2: MarcosBoladao|Spikes
|-damage|p1a: Samurott|78/100|[from] item: Life Orb
|
|upkeep
|turn|4
|
|t:|1758322821
|move|p1a: Samurott|Ceaseless Edge|p2a: Ventilador arno
|-damage|p2a: Ventilador arno|0 fnt
|-sidestart|p2: MarcosBoladao|Spikes
|faint|p2a: Ventilador arno
|-damage|p1a: Samurott|68/100|[from] item: Life Orb
|
|upkeep
|
|t:|1758322834
|switch|p2a: Zoro boladão|Iron Valiant|100/100
|-damage|p2a: Zoro boladão|84/100|[from] Spikes
|-enditem|p2a: Zoro boladão|Booster Energy
|-activate|p2a: Zoro boladão|ability: Quark Drive|[fromitem]
|-start|p2a: Zoro boladão|quarkdrivespe
|turn|5
|
|t:|1758322846
|move|p2a: Zoro boladão|Moonblast|p1a: Samurott
|-supereffective|p1a: Samurott
|-damage|p1a: Samurott|0 fnt
|faint|p1a: Samurott
|
|upkeep
|
|t:|1758322856
|switch|p1a: Blaziken|Blaziken, M, shiny|100/100
|-damage|p1a: Blaziken|88/100|[from] Stealth Rock
|turn|6
|
|t:|1758322863
|-terastallize|p2a: Zoro boladão|Fairy
|move|p1a: Blaziken|Protect|p1a: Blaziken
|-singleturn|p1a: Blaziken|Protect
|move|p2a: Zoro boladão|Moonblast|p1a: Blaziken
|-activate|p1a: Blaziken|move: Protect
|
|-ability|p1a: Blaziken|Speed Boost|boost
|-boost|p1a: Blaziken|spe|1
|upkeep
|turn|7
|
|t:|1758322878
|move|p2a: Zoro boladão|Moonblast|p1a: Blaziken
|-crit|p1a: Blaziken
|-damage|p1a: Blaziken|0 fnt
|faint|p1a: Blaziken
|
|upkeep
|
|t:|1758322884
|switch|p1a: Deoxys|Deoxys-Speed, shiny|100/100
|-damage|p1a: Deoxys|88/100|[from] Stealth Rock
|-ability|p1a: Deoxys|Pressure
|turn|8
|
|t:|1758322905
|move|p2a: Zoro boladão|Knock Off|p1a: Deoxys
|-supereffective|p1a: Deoxys
|-damage|p1a: Deoxys|0 fnt
|-enditem|p1a: Deoxys|Eject Pack|[from] move: Knock Off|[of] p2a: Zoro boladão
|faint|p1a: Deoxys
|
|upkeep
|
|t:|1758322932
|switch|p1a: Weezing|Weezing-Galar, F, shiny|100/100
|-ability|p1a: Weezing|Neutralizing Gas
|-damage|p1a: Weezing|88/100|[from] Stealth Rock
|turn|9
|
|t:|1758322947
|move|p2a: Zoro boladão|Swords Dance|p2a: Zoro boladão
|-boost|p2a: Zoro boladão|atk|2
|move|p1a: Weezing|Sludge Wave|p2a: Zoro boladão
|-supereffective|p2a: Zoro boladão
|-damage|p2a: Zoro boladão|0 fnt
|faint|p2a: Zoro boladão
|-end|p2a: Zoro boladão|Quark Drive|[silent]
|
|-heal|p1a: Weezing|94/100|[from] item: Leftovers
|upkeep
|c|☆ArcayneXO|finally jesus
|
|t:|1758322960
|switch|p2a: Tio patinhas|Gholdengo, shiny|100/100
|-damage|p2a: Tio patinhas|84/100|[from] Spikes
|turn|10
|
|t:|1758322975
|move|p2a: Tio patinhas|Make It Rain|p1a: Weezing
|-supereffective|p1a: Weezing
|-damage|p1a: Weezing|0 fnt
|-unboost|p2a: Tio patinhas|spa|1
|faint|p1a: Weezing
|-end|p1a: Weezing|ability: Neutralizing Gas
|
|-heal|p2a: Tio patinhas|90/100|[from] item: Leftovers
|upkeep
|n|!ArcayneXO|arcaynexo
|-message|ArcayneXO forfeited.
|
|win|MarcosBoladao
|raw|ArcayneXO's rating: 1110 &rarr; <strong>1084</strong><br />(-26 for losing)
|raw|MarcosBoladao's rating: 1100 &rarr; <strong>1126</strong><br />(+26 for winning)
|l|!ArcayneXO
|player|p1|
|l|☆MarcosBoladao
|player|p2|
