|j|☆TheGrustler
|j|☆pbjojo
|t:|1758256225
|gametype|singles
|player|p1|TheGrustler|101|1412
|player|p2|pbjojo|hoopster|1397
|gen|9
|tier|[Gen 9] OU
|rated|
|rule|HP Percentage Mod: HP is shown in percentages
|rule|Endless Battle Clause: Forcing endless battles is banned
|rule|Species Clause: Limit one of each Pokémon
|rule|OHKO Clause: OHKO moves are banned
|rule|Evasion Items Clause: Evasion items are banned
|rule|Evasion Moves Clause: Evasion moves are banned
|rule|Evasion Abilities Clause: Evasion abilities are banned
|rule|Sleep Moves Clause: Sleep-inducing moves are banned
|clearpoke
|poke|p1|Porygon-Z|
|poke|p1|Zamazenta-*|
|poke|p1|Pecharunt|
|poke|p1|Iron Treads|
|poke|p1|Alomomola, M|
|poke|p1|Rillaboom, F|
|poke|p2|Zamazenta-*|
|poke|p2|Pecharunt|
|poke|p2|Kyurem|
|poke|p2|Ninetales-Alola, M|
|poke|p2|Araquanid, M|
|poke|p2|Avalugg, M|
|teampreview
|inactive|Battle timer is ON: inactive players will automatically lose when time's up. (requested by pbjojo)
|inactive|TheGrustler has 120 seconds left.
|l|☆TheGrustler
|inactive|TheGrustler disconnected and has a minute to reconnect!
|player|p1|
|inactive|TheGrustler has 30 seconds to reconnect!
|inactive|TheGrustler has 20 seconds to reconnect!
|inactive|TheGrustler has 15 seconds to reconnect!
|j|☆TheGrustler
|inactive|TheGrustler reconnected and has 65 seconds left.
|player|p1|TheGrustler|101|
|inactive|TheGrustler has 60 seconds left.
|
|t:|1758256346
|teamsize|p1|6
|teamsize|p2|6
|start
|switch|p1a: Rillaboom|Rillaboom, F|100/100
|switch|p2a: fukmedry|Pecharunt|100/100
|-fieldstart|move: Grassy Terrain|[from] ability: Grassy Surge|[of] p1a: Rillaboom
|turn|1
|inactive|TheGrustler has 120 seconds left.
|
|t:|1758256360
|move|p2a: fukmedry|Malignant Chain|p1a: Rillaboom
|-supereffective|p1a: Rillaboom
|-damage|p1a: Rillaboom|23/100
|move|p1a: Rillaboom|U-turn|p2a: fukmedry
|-resisted|p2a: fukmedry
|-damage|p2a: fukmedry|95/100
|
|t:|1758256363
|switch|p1a: Iron Treads|Iron Treads|100/100|[from] U-turn
|
|-heal|p2a: fukmedry|100/100|[from] Grassy Terrain
|upkeep
|turn|2
|
|t:|1758256389
|switch|p2a: zaza|Zamazenta, shiny|100/100
|-ability|p2a: zaza|Dauntless Shield|boost
|-boost|p2a: zaza|def|1
|move|p1a: Iron Treads|Stealth Rock|p2a: zaza
|-sidestart|p2: pbjojo|move: Stealth Rock
|
|upkeep
|turn|3
|l|☆TheGrustler
|inactive|TheGrustler disconnected and has a minute to reconnect!
|player|p1|
|j|☆TheGrustler
|inactive|TheGrustler reconnected and has 125 seconds left.
|player|p1|TheGrustler|101|
|
|t:|1758256408
|-end|p1a: Iron Treads|Quark Drive|[silent]
|switch|p1a: Pecharunt|Pecharunt|100/100
|move|p2a: zaza|Close Combat|p1a: Pecharunt
|-immune|p1a: Pecharunt
|
|upkeep
|turn|4
|
|t:|1758256414
|move|p2a: zaza|Crunch|p1a: Pecharunt
|-supereffective|p1a: Pecharunt
|-damage|p1a: Pecharunt|70/100
|-unboost|p1a: Pecharunt|def|1
|-damage|p2a: zaza|84/100|[from] item: Rocky Helmet|[of] p1a: Pecharunt
|-damage|p2a: zaza|74/100|[from] item: Life Orb
|move|p1a: Pecharunt|Parting Shot|p2a: zaza
|-unboost|p2a: zaza|atk|1
|-unboost|p2a: zaza|spa|1
|
|t:|1758256425
|switch|p1a: Alomomola|Alomomola, M|100/100|[from] Parting Shot
|
|-heal|p2a: zaza|80/100|[from] Grassy Terrain
|upkeep
|turn|5
|
|t:|1758256432
|switch|p2a: fukmedry|Pecharunt|100/100
|move|p1a: Alomomola|Flip Turn|p2a: fukmedry
|-damage|p2a: fukmedry|91/100
|
|t:|1758256436
|switch|p1a: Porygon-Z|Porygon-Z|100/100|[from] Flip Turn
|-ability|p1a: Porygon-Z|Download|boost
|-boost|p1a: Porygon-Z|spa|1
|
|-heal|p2a: fukmedry|97/100|[from] Grassy Terrain
|-fieldend|move: Grassy Terrain
|upkeep
|turn|6
|
|t:|1758256449
|move|p1a: Porygon-Z|Shadow Ball|p2a: fukmedry
|-supereffective|p2a: fukmedry
|-damage|p2a: fukmedry|0 fnt
|faint|p2a: fukmedry
|
|upkeep
|
|t:|1758256453
|switch|p2a: zaza|Zamazenta, shiny|80/100
|-damage|p2a: zaza|74/100|[from] Stealth Rock
|turn|7
|
|t:|1758256457
|switch|p1a: Pecharunt|Pecharunt|70/100
|move|p2a: zaza|Crunch|p1a: Pecharunt
|-supereffective|p1a: Pecharunt
|-damage|p1a: Pecharunt|37/100
|-damage|p2a: zaza|57/100|[from] item: Rocky Helmet|[of] p1a: Pecharunt
|-damage|p2a: zaza|48/100|[from] item: Life Orb
|
|upkeep
|turn|8
|
|t:|1758256465
|move|p2a: zaza|Crunch|p1a: Pecharunt
|-supereffective|p1a: Pecharunt
|-damage|p1a: Pecharunt|4/100
|-damage|p2a: zaza|31/100|[from] item: Rocky Helmet|[of] p1a: Pecharunt
|-damage|p2a: zaza|21/100|[from] item: Life Orb
|move|p1a: Pecharunt|Recover|p1a: Pecharunt
|-heal|p1a: Pecharunt|55/100
|
|upkeep
|turn|9
|
|t:|1758256492
|switch|p2a: kaiju|Kyurem, shiny|100/100
|-damage|p2a: kaiju|75/100|[from] Stealth Rock
|-ability|p2a: kaiju|Pressure
|move|p1a: Pecharunt|Recover|p1a: Pecharunt
|-heal|p1a: Pecharunt|100/100
|
|upkeep
|turn|10
|
|t:|1758256505
|switch|p1a: Alomomola|Alomomola, M|100/100
|-terastallize|p2a: kaiju|Ground
|move|p2a: kaiju|Earth Power|p1a: Alomomola
|-damage|p1a: Alomomola|63/100
|
|upkeep
|turn|11
|inactive|pbjojo has 120 seconds left.
|
|t:|1758256524
|switch|p2a: hehe|Ninetales-Alola, M, shiny|100/100
|-damage|p2a: hehe|76/100|[from] Stealth Rock
|-weather|Snowscape|[from] ability: Snow Warning|[of] p2a: hehe
|move|p1a: Alomomola|Flip Turn|p2a: hehe
|-damage|p2a: hehe|58/100
|inactive|TheGrustler has 120 seconds left.
|inactive|TheGrustler has 90 seconds left.
|
|t:|1758256592
|switch|p1a: Zamazenta|Zamazenta|100/100|[from] Flip Turn
|-ability|p1a: Zamazenta|Dauntless Shield|boost
|-boost|p1a: Zamazenta|def|1
|
|-weather|Snowscape|[upkeep]
|upkeep
|turn|12
|inactive|pbjojo has 120 seconds left.
|
|t:|1758256608
|switch|p2a: spidy|Araquanid, M, shiny|100/100
|-damage|p2a: spidy|75/100|[from] Stealth Rock
|move|p1a: Zamazenta|Heavy Slam|p2a: spidy
|-resisted|p2a: spidy
|-damage|p2a: spidy|65/100
|
|-weather|Snowscape|[upkeep]
|upkeep
|turn|13
|inactive|pbjojo has 120 seconds left.
|inactive|TheGrustler has 90 seconds left.
|
|t:|1758256629
|switch|p1a: Alomomola|Alomomola, M|96/100
|move|p2a: spidy|Sticky Web|p1a: Alomomola
|-sidestart|p1: TheGrustler|move: Sticky Web
|
|-weather|Snowscape|[upkeep]
|upkeep
|turn|14
|
|t:|1758256636
|move|p1a: Alomomola|Body Slam|p2a: spidy
|-damage|p2a: spidy|48/100
|move|p2a: spidy|Endeavor|p1a: Alomomola
|-damage|p1a: Alomomola|31/100
|
|-weather|Snowscape|[upkeep]
|upkeep
|turn|15
|
|t:|1758256644
|move|p1a: Alomomola|Flip Turn|p2a: spidy
|-resisted|p2a: spidy
|-damage|p2a: spidy|40/100
|
|t:|1758256650
|switch|p1a: Pecharunt|Pecharunt|100/100|[from] Flip Turn
|-activate|p1a: Pecharunt|move: Sticky Web
|-unboost|p1a: Pecharunt|spe|1
|move|p2a: spidy|Endeavor|p1a: Pecharunt
|-immune|p1a: Pecharunt
|
|-weather|Snowscape|[upkeep]
|upkeep
|turn|16
|
|t:|1758256658
|switch|p2a: TABLE|Avalugg, M|100/100
|-damage|p2a: TABLE|76/100|[from] Stealth Rock
|move|p1a: Pecharunt|Malignant Chain|p2a: TABLE
|-crit|p2a: TABLE
|-damage|p2a: TABLE|5/100
|
|-weather|Snowscape|[upkeep]
|-heal|p2a: TABLE|11/100|[from] ability: Ice Body
|-heal|p2a: TABLE|17/100|[from] item: Leftovers
|upkeep
|turn|17
|
|t:|1758256672
|move|p1a: Pecharunt|Malignant Chain|p2a: TABLE
|-damage|p2a: TABLE|0 fnt
|faint|p2a: TABLE
|
|-weather|Snowscape|[upkeep]
|upkeep
|
|t:|1758256677
|switch|p2a: kaiju|Kyurem, shiny, tera:Ground|75/100
|-damage|p2a: kaiju|69/100|[from] Stealth Rock
|-ability|p2a: kaiju|Pressure
|turn|18
|inactive|TheGrustler has 120 seconds left.
|
|t:|1758256692
|switch|p1a: Porygon-Z|Porygon-Z|100/100
|-activate|p1a: Porygon-Z|move: Sticky Web
|-unboost|p1a: Porygon-Z|spe|1
|-ability|p1a: Porygon-Z|Download|boost
|-boost|p1a: Porygon-Z|spa|1
|move|p2a: kaiju|Freeze-Dry|p1a: Porygon-Z
|-damage|p1a: Porygon-Z|21/100
|
|-weather|none
|upkeep
|turn|19
|
|t:|1758256699
|move|p2a: kaiju|Freeze-Dry|p1a: Porygon-Z
|-damage|p1a: Porygon-Z|0 fnt
|faint|p1a: Porygon-Z
|
|upkeep
|
|t:|1758256706
|switch|p1a: Rillaboom|Rillaboom, F|23/100
|-activate|p1a: Rillaboom|move: Sticky Web
|-unboost|p1a: Rillaboom|spe|1
|-fieldstart|move: Grassy Terrain|[from] ability: Grassy Surge|[of] p1a: Rillaboom
|turn|20
|
|t:|1758256724
|switch|p2a: spidy|Araquanid, M, shiny|40/100
|-damage|p2a: spidy|15/100|[from] Stealth Rock
|move|p1a: Rillaboom|Grassy Glide|p2a: spidy
|-damage|p2a: spidy|0 fnt
|faint|p2a: spidy
|
|-heal|p1a: Rillaboom|29/100|[from] Grassy Terrain
|upkeep
|
|t:|1758256733
|switch|p2a: hehe|Ninetales-Alola, M, shiny|58/100
|-damage|p2a: hehe|33/100|[from] Stealth Rock
|-weather|Snowscape|[from] ability: Snow Warning|[of] p2a: hehe
|turn|21
|
|t:|1758256749
|-terastallize|p1a: Rillaboom|Grass
|move|p1a: Rillaboom|Grassy Glide|p2a: hehe
|-damage|p2a: hehe|0 fnt
|faint|p2a: hehe
|
|-weather|Snowscape|[upkeep]
|-heal|p1a: Rillaboom|35/100|[from] Grassy Terrain
|upkeep
|
|t:|1758256763
|switch|p2a: zaza|Zamazenta, shiny|21/100
|-damage|p2a: zaza|15/100|[from] Stealth Rock
|turn|22
|
|t:|1758256766
|move|p2a: zaza|Quick Attack|p1a: Rillaboom
|-damage|p1a: Rillaboom|15/100
|-damage|p2a: zaza|5/100|[from] item: Life Orb
|move|p1a: Rillaboom|Grassy Glide|p2a: zaza
|-damage|p2a: zaza|0 fnt
|faint|p2a: zaza
|
|-weather|Snowscape|[upkeep]
|-heal|p1a: Rillaboom|22/100|[from] Grassy Terrain
|upkeep
|
|t:|1758256770
|switch|p2a: kaiju|Kyurem, shiny, tera:Ground|69/100
|-damage|p2a: kaiju|63/100|[from] Stealth Rock
|-ability|p2a: kaiju|Pressure
|turn|23
|
|t:|1758256776
|move|p1a: Rillaboom|Grassy Glide|p2a: kaiju
|-supereffective|p2a: kaiju
|-damage|p2a: kaiju|0 fnt
|faint|p2a: kaiju
|
|win|TheGrustler
|raw|TheGrustler's rating: 1412 &rarr; <strong>1431</strong><br />(+19 for winning)
|raw|pbjojo's rating: 1397 &rarr; <strong>1378</strong><br />(-19 for losing)
|l|☆pbjojo
|player|p2|
|l|☆TheGrustler
|player|p1|
