|j|☆LirioJune
|j|☆RoyalAK
|t:|1758377509
|gametype|singles
|player|p1|LirioJune|caitlin|1023
|player|p2|RoyalAK|169|1060
|gen|9
|tier|[Gen 9] OU
|rated|
|rule|HP Percentage Mod: HP is shown in percentages
|rule|Endless Battle Clause: Forcing endless battles is banned
|rule|Species Clause: Limit one of each Pokémon
|rule|OHKO Clause: OHKO moves are banned
|rule|Evasion Items Clause: Evasion items are banned
|rule|Evasion Moves Clause: Evasion moves are banned
|rule|Evasion Abilities Clause: Evasion abilities are banned
|rule|Sleep Moves Clause: Sleep-inducing moves are banned
|clearpoke
|poke|p1|Vaporeon, F|
|poke|p1|Reuniclus, M|
|poke|p1|Tyranitar, M|
|poke|p1|Gliscor, M|
|poke|p1|Excadrill, M|
|poke|p1|Corviknight, F|
|poke|p2|Galvantula, M|
|poke|p2|Blaziken, F|
|poke|p2|Hydreigon, F|
|poke|p2|Orthworm, F|
|poke|p2|Zoroark-Hisui, M|
|poke|p2|Gliscor, F|
|teampreview
|
|t:|1758377523
|teamsize|p1|6
|teamsize|p2|6
|start
|switch|p1a: Tyranitar|Tyranitar, M|100/100
|switch|p2a: Hydreigon|Hydreigon, F|100/100
|-weather|Sandstorm|[from] ability: Sand Stream|[of] p1a: Tyranitar
|turn|1
|
|t:|1758377534
|move|p2a: Hydreigon|U-turn|p1a: Tyranitar
|-supereffective|p1a: Tyranitar
|-damage|p1a: Tyranitar|75/100
|
|t:|1758377540
|switch|p2a: Orthworm|Orthworm, F|100/100|[from] U-turn
|move|p1a: Tyranitar|Stealth Rock|p2a: Orthworm
|-sidestart|p2: RoyalAK|move: Stealth Rock
|
|-weather|Sandstorm|[upkeep]
|upkeep
|turn|2
|
|t:|1758377550
|move|p2a: Orthworm|Iron Defense|p2a: Orthworm
|-boost|p2a: Orthworm|def|2
|move|p1a: Tyranitar|Focus Blast|p2a: Orthworm
|-supereffective|p2a: Orthworm
|-damage|p2a: Orthworm|0 fnt
|faint|p2a: Orthworm
|
|-weather|Sandstorm|[upkeep]
|upkeep
|
|t:|1758377558
|switch|p2a: Gliscor|Gliscor, F|100/100
|-damage|p2a: Gliscor|88/100|[from] Stealth Rock
|turn|3
|
|t:|1758377569
|switch|p1a: Gliscor|Gliscor, M|100/100
|move|p2a: Gliscor|U-turn|p1a: Gliscor
|-resisted|p1a: Gliscor
|-damage|p1a: Gliscor|96/100
|
|t:|1758377576
|switch|p2a: Galvantula|Galvantula, M, shiny|100/100|[from] U-turn
|-damage|p2a: Galvantula|76/100|[from] Stealth Rock
|
|-weather|Sandstorm|[upkeep]
|-damage|p2a: Galvantula|70/100|[from] Sandstorm
|-status|p1a: Gliscor|tox|[from] item: Toxic Orb
|upkeep
|turn|4
|
|t:|1758377585
|move|p2a: Galvantula|Sticky Web|p1a: Gliscor
|-sidestart|p1: LirioJune|move: Sticky Web
|move|p1a: Gliscor|Stone Edge|p2a: Galvantula|[miss]
|-miss|p1a: Gliscor|p2a: Galvantula
|
|-weather|Sandstorm|[upkeep]
|-damage|p2a: Galvantula|63/100|[from] Sandstorm
|-heal|p1a: Gliscor|100/100 tox|[from] ability: Poison Heal
|upkeep
|turn|5
|
|t:|1758377594
|move|p2a: Galvantula|Bug Buzz|p1a: Gliscor
|-resisted|p1a: Gliscor
|-crit|p1a: Gliscor
|-damage|p1a: Gliscor|66/100 tox
|move|p1a: Gliscor|Swords Dance|p1a: Gliscor
|-boost|p1a: Gliscor|atk|2
|
|-weather|none
|-heal|p1a: Gliscor|79/100 tox|[from] ability: Poison Heal
|upkeep
|turn|6
|
|t:|1758377605
|move|p2a: Galvantula|Bug Buzz|p1a: Gliscor
|-resisted|p1a: Gliscor
|-damage|p1a: Gliscor|56/100 tox
|move|p1a: Gliscor|Stone Edge|p2a: Galvantula
|-supereffective|p2a: Galvantula
|-damage|p2a: Galvantula|0 fnt
|faint|p2a: Galvantula
|
|-heal|p1a: Gliscor|68/100 tox|[from] ability: Poison Heal
|upkeep
|
|t:|1758377613
|switch|p2a: Hydreigon|Hydreigon, F|100/100
|-damage|p2a: Hydreigon|88/100|[from] Stealth Rock
|turn|7
|
|t:|1758377627
|move|p2a: Hydreigon|Draco Meteor|p1a: Gliscor
|-damage|p1a: Gliscor|0 fnt
|-unboost|p2a: Hydreigon|spa|2
|faint|p1a: Gliscor
|
|upkeep
|
|t:|1758377652
|switch|p1a: Tyranitar|Tyranitar, M|75/100
|-activate|p1a: Tyranitar|move: Sticky Web
|-unboost|p1a: Tyranitar|spe|1
|-weather|Sandstorm|[from] ability: Sand Stream|[of] p1a: Tyranitar
|turn|8
|
|t:|1758377664
|move|p2a: Hydreigon|Draco Meteor|p1a: Tyranitar
|-damage|p1a: Tyranitar|56/100
|-unboost|p2a: Hydreigon|spa|2
|move|p1a: Tyranitar|Focus Blast|p2a: Hydreigon|[miss]
|-miss|p1a: Tyranitar|p2a: Hydreigon
|
|-weather|Sandstorm|[upkeep]
|-damage|p2a: Hydreigon|82/100|[from] Sandstorm
|upkeep
|turn|9
|
|t:|1758377678
|switch|p2a: Blaziken|Blaziken, F|100/100
|-damage|p2a: Blaziken|88/100|[from] Stealth Rock
|move|p1a: Tyranitar|Focus Blast|p2a: Blaziken|[miss]
|-miss|p1a: Tyranitar|p2a: Blaziken
|
|-weather|Sandstorm|[upkeep]
|-damage|p2a: Blaziken|82/100|[from] Sandstorm
|-heal|p2a: Blaziken|88/100|[from] item: Leftovers
|upkeep
|turn|10
|
|t:|1758377693
|switch|p1a: Corviknight|Corviknight, F|100/100
|move|p2a: Blaziken|Protect||[still]
|-fail|p2a: Blaziken
|
|-weather|Sandstorm|[upkeep]
|-damage|p2a: Blaziken|82/100|[from] Sandstorm
|-heal|p2a: Blaziken|88/100|[from] item: Leftovers
|-ability|p2a: Blaziken|Speed Boost|boost
|-boost|p2a: Blaziken|spe|1
|upkeep
|turn|11
|
|t:|1758377706
|move|p2a: Blaziken|Blaze Kick|p1a: Corviknight
|-supereffective|p1a: Corviknight
|-damage|p1a: Corviknight|40/100
|-damage|p2a: Blaziken|72/100|[from] item: Rocky Helmet|[of] p1a: Corviknight
|move|p1a: Corviknight|Brave Bird|p2a: Blaziken
|-supereffective|p2a: Blaziken
|-damage|p2a: Blaziken|0 fnt
|faint|p2a: Blaziken
|-damage|p1a: Corviknight|22/100|[from] Recoil
|
|-weather|Sandstorm|[upkeep]
|upkeep
|
|t:|1758377716
|switch|p2a: Gliscor|Gliscor, F|88/100
|-damage|p2a: Gliscor|76/100|[from] Stealth Rock
|turn|12
|
|t:|1758377735
|switch|p1a: Vaporeon|Vaporeon, F|100/100
|-activate|p1a: Vaporeon|move: Sticky Web
|-unboost|p1a: Vaporeon|spe|1
|move|p2a: Gliscor|Shadow Ball|p1a: Vaporeon
|-damage|p1a: Vaporeon|56/100
|
|-weather|none
|-heal|p1a: Vaporeon|62/100|[from] item: Leftovers
|upkeep
|turn|13
|
|t:|1758377745
|move|p2a: Gliscor|Shadow Ball|p1a: Vaporeon
|-damage|p1a: Vaporeon|23/100
|-unboost|p1a: Vaporeon|spd|1
|move|p1a: Vaporeon|Ice Beam|p2a: Gliscor
|-damage|p2a: Gliscor|21/100
|replace|p2a: Zoroark|Zoroark-Hisui, M
|-end|p2a: Zoroark|Illusion
|
|-heal|p1a: Vaporeon|30/100|[from] item: Leftovers
|upkeep
|turn|14
|
|t:|1758377755
|move|p2a: Zoroark|Shadow Ball|p1a: Vaporeon
|-damage|p1a: Vaporeon|0 fnt
|faint|p1a: Vaporeon
|
|upkeep
|
|t:|1758377761
|switch|p1a: Tyranitar|Tyranitar, M|56/100
|-activate|p1a: Tyranitar|move: Sticky Web
|-unboost|p1a: Tyranitar|spe|1
|-weather|Sandstorm|[from] ability: Sand Stream|[of] p1a: Tyranitar
|turn|15
|
|t:|1758377772
|switch|p2a: Gliscor|Gliscor, F|100/100
|-damage|p2a: Gliscor|88/100|[from] Stealth Rock
|move|p1a: Tyranitar|Dark Pulse|p2a: Gliscor
|-damage|p2a: Gliscor|35/100
|
|-weather|Sandstorm|[upkeep]
|-status|p2a: Gliscor|tox|[from] item: Toxic Orb
|upkeep
|turn|16
|
|t:|1758377786
|move|p2a: Gliscor|Protect|p2a: Gliscor
|-singleturn|p2a: Gliscor|Protect
|move|p1a: Tyranitar|Dark Pulse|p2a: Gliscor
|-activate|p2a: Gliscor|move: Protect
|
|-weather|Sandstorm|[upkeep]
|-heal|p2a: Gliscor|47/100 tox|[from] ability: Poison Heal
|upkeep
|turn|17
|
|t:|1758377795
|switch|p1a: Corviknight|Corviknight, F|22/100
|move|p2a: Gliscor|U-turn|p1a: Corviknight
|-resisted|p1a: Corviknight
|-damage|p1a: Corviknight|19/100
|-damage|p2a: Gliscor|30/100 tox|[from] item: Rocky Helmet|[of] p1a: Corviknight
|
|t:|1758377802
|switch|p2a: Gliscor|Gliscor, F|21/100|[from] U-turn
|-damage|p2a: Gliscor|9/100|[from] Stealth Rock
|
|-weather|Sandstorm|[upkeep]
|-damage|p2a: Gliscor|3/100|[from] Sandstorm
|upkeep
|turn|18
|
|t:|1758377809
|move|p2a: Gliscor|Shadow Ball|p1a: Corviknight
|-damage|p1a: Corviknight|0 fnt
|faint|p1a: Corviknight
|
|-weather|Sandstorm|[upkeep]
|-damage|p2a: Gliscor|0 fnt|[from] Sandstorm
|faint|p2a: Gliscor
|upkeep
|
|t:|1758377819
|switch|p2a: Hydreigon|Hydreigon, F|82/100
|switch|p1a: Excadrill|Excadrill, M|100/100
|-activate|p1a: Excadrill|move: Sticky Web
|-unboost|p1a: Excadrill|spe|1
|-damage|p2a: Hydreigon|70/100|[from] Stealth Rock
|turn|19
|
|t:|1758377841
|move|p2a: Hydreigon|Fire Blast|p1a: Excadrill
|-supereffective|p1a: Excadrill
|-damage|p1a: Excadrill|7/100
|move|p1a: Excadrill|Rock Slide|p2a: Hydreigon
|-damage|p2a: Hydreigon|21/100
|
|-weather|none
|upkeep
|turn|20
|
|t:|1758377850
|switch|p1a: Reuniclus|Reuniclus, M|100/100
|-activate|p1a: Reuniclus|move: Sticky Web
|-unboost|p1a: Reuniclus|spe|1
|move|p2a: Hydreigon|Fire Blast|p1a: Reuniclus
|-damage|p1a: Reuniclus|69/100
|
|upkeep
|turn|21
|
|t:|1758377865
|-terastallize|p2a: Hydreigon|Fire
|-terastallize|p1a: Reuniclus|Steel
|move|p2a: Hydreigon|Fire Blast|p1a: Reuniclus|[miss]
|-miss|p2a: Hydreigon|p1a: Reuniclus
|move|p1a: Reuniclus|Trick Room|p1a: Reuniclus
|-fieldstart|move: Trick Room|[of] p1a: Reuniclus
|
|upkeep
|turn|22
|
|t:|1758377876
|move|p1a: Reuniclus|Psychic|p2a: Hydreigon
|-damage|p2a: Hydreigon|0 fnt
|faint|p2a: Hydreigon
|
|upkeep
|
|t:|1758377880
|switch|p2a: Gliscor|Gliscor, F|30/100 tox
|-damage|p2a: Gliscor|18/100 tox|[from] Stealth Rock
|turn|23
|
|t:|1758377885
|move|p1a: Reuniclus|Psychic|p2a: Gliscor
|-damage|p2a: Gliscor|0 fnt
|faint|p2a: Gliscor
|
|win|LirioJune
|raw|LirioJune's rating: 1023 &rarr; <strong>1063</strong><br />(+40 for winning)
|raw|RoyalAK's rating: 1060 &rarr; <strong>1039</strong><br />(-21 for losing)
