|j|☆wobo123猫雷
|j|☆frozenmoon77
|t:|1758349231
|gametype|singles
|player|p1|wobo123猫雷|sightseerf|1475
|player|p2|frozenmoon77|1|1508
|gen|9
|tier|[Gen 9] OU
|rated|
|rule|HP Percentage Mod: HP is shown in percentages
|rule|Endless Battle Clause: Forcing endless battles is banned
|rule|Species Clause: Limit one of each Pokémon
|rule|OHKO Clause: OHKO moves are banned
|rule|Evasion Items Clause: Evasion items are banned
|rule|Evasion Moves Clause: Evasion moves are banned
|rule|Evasion Abilities Clause: Evasion abilities are banned
|rule|Sleep Moves Clause: Sleep-inducing moves are banned
|clearpoke
|poke|p1|Ogerpon-Wellspring, F|
|poke|p1|Kingambit, M|
|poke|p1|Dragapult, M|
|poke|p1|Raging Bolt|
|poke|p1|Samurott-Hisui, M|
|poke|p1|Iron Treads|
|poke|p2|Toxicroak, M|
|poke|p2|Iron Treads|
|poke|p2|Hydreigon, M|
|poke|p2|Dragapult, M|
|poke|p2|Clefable, F|
|poke|p2|Meowscarada, F|
|teampreview
|inactive|Battle timer is ON: inactive players will automatically lose when time's up. (requested by frozenmoon77)
|
|t:|1758349237
|teamsize|p1|6
|teamsize|p2|6
|start
|switch|p1a: Iron Treads|Iron Treads|100/100
|switch|p2a: Meowscarada|Meowscarada, F|100/100
|turn|1
|
|t:|1758349262
|move|p2a: Meowscarada|Flower Trick|p1a: Iron Treads
|-start|p2a: Meowscarada|typechange|Grass|[from] ability: Protean
|-crit|p1a: Iron Treads
|-damage|p1a: Iron Treads|64/100
|move|p1a: Iron Treads|Rapid Spin|p2a: Meowscarada
|-damage|p2a: Meowscarada|81/100
|-boost|p1a: Iron Treads|spe|1
|
|-heal|p1a: Iron Treads|70/100|[from] item: Leftovers
|upkeep
|turn|2
|inactive|frozenmoon77 has 120 seconds left.
|
|t:|1758349283
|move|p2a: Meowscarada|Flower Trick|p1a: Iron Treads
|-crit|p1a: Iron Treads
|-damage|p1a: Iron Treads|34/100
|move|p1a: Iron Treads|Stealth Rock|p2a: Meowscarada
|-sidestart|p2: frozenmoon77|move: Stealth Rock
|
|-heal|p1a: Iron Treads|41/100|[from] item: Leftovers
|upkeep
|turn|3
|
|t:|1758349295
|move|p2a: Meowscarada|Flower Trick|p1a: Iron Treads
|-crit|p1a: Iron Treads
|-damage|p1a: Iron Treads|3/100
|move|p1a: Iron Treads|Rapid Spin|p2a: Meowscarada
|-damage|p2a: Meowscarada|62/100
|-boost|p1a: Iron Treads|spe|1
|
|-heal|p1a: Iron Treads|9/100|[from] item: Leftovers
|upkeep
|turn|4
|
|t:|1758349303
|move|p2a: Meowscarada|Flower Trick|p1a: Iron Treads
|-crit|p1a: Iron Treads
|-damage|p1a: Iron Treads|0 fnt
|faint|p1a: Iron Treads
|-end|p1a: Iron Treads|Quark Drive|[silent]
|
|upkeep
|
|t:|1758349315
|switch|p1a: Raging Bolt|Raging Bolt|100/100
|turn|5
|
|t:|1758349319
|switch|p2a: Iron Treads|Iron Treads|100/100
|-damage|p2a: Iron Treads|98/100|[from] Stealth Rock
|move|p1a: Raging Bolt|Draco Meteor|p2a: Iron Treads
|-resisted|p2a: Iron Treads
|-damage|p2a: Iron Treads|67/100
|-unboost|p1a: Raging Bolt|spa|2
|
|-heal|p2a: Iron Treads|73/100|[from] item: Leftovers
|upkeep
|turn|6
|
|t:|1758349329
|-end|p1a: Raging Bolt|Protosynthesis|[silent]
|switch|p1a: Dragapult|Dragapult, M|100/100
|move|p2a: Iron Treads|Stealth Rock|p1a: Dragapult
|-sidestart|p1: wobo123猫雷|move: Stealth Rock
|
|-heal|p2a: Iron Treads|79/100|[from] item: Leftovers
|upkeep
|turn|7
|inactive|wobo123猫雷 has 120 seconds left.
|
|t:|1758349365
|move|p1a: Dragapult|Flamethrower|p2a: Iron Treads
|-supereffective|p2a: Iron Treads
|-damage|p2a: Iron Treads|15/100
|move|p2a: Iron Treads|Volt Switch|p1a: Dragapult
|-resisted|p1a: Dragapult
|-damage|p1a: Dragapult|93/100
|
|t:|1758349377
|-end|p2a: Iron Treads|Quark Drive|[silent]
|switch|p2a: Clefable|Clefable, F|100/100|[from] Volt Switch
|
|upkeep
|turn|8
|
|t:|1758349387
|switch|p1a: Kingambit|Kingambit, M|100/100
|-damage|p1a: Kingambit|94/100|[from] Stealth Rock
|-activate|p1a: Kingambit|ability: Supreme Overlord
|-start|p1a: Kingambit|fallen1|[silent]
|move|p2a: Clefable|Thunder Wave|p1a: Kingambit
|-status|p1a: Kingambit|par
|
|-heal|p1a: Kingambit|100/100 par|[from] item: Leftovers
|upkeep
|turn|9
|
|t:|1758349397
|switch|p2a: Toxicroak|Toxicroak, M|100/100
|-damage|p2a: Toxicroak|94/100|[from] Stealth Rock
|move|p1a: Kingambit|Iron Head|p2a: Toxicroak
|-damage|p2a: Toxicroak|50/100
|-damage|p1a: Kingambit|84/100 par|[from] item: Rocky Helmet|[of] p2a: Toxicroak
|
|-heal|p1a: Kingambit|90/100 par|[from] item: Leftovers
|upkeep
|turn|10
|
|t:|1758349416
|move|p2a: Toxicroak|Drain Punch|p1a: Kingambit
|-supereffective|p1a: Kingambit
|-damage|p1a: Kingambit|11/100 par
|-heal|p2a: Toxicroak|91/100|[from] drain|[of] p1a: Kingambit
|move|p1a: Kingambit|Iron Head|p2a: Toxicroak
|-damage|p2a: Toxicroak|46/100
|-damage|p1a: Kingambit|0 fnt|[from] item: Rocky Helmet|[of] p2a: Toxicroak
|faint|p1a: Kingambit
|-end|p1a: Kingambit|fallen1|[silent]
|
|upkeep
|
|t:|1758349423
|switch|p1a: Dragapult|Dragapult, M|93/100
|-damage|p1a: Dragapult|81/100|[from] Stealth Rock
|turn|11
|
|t:|1758349430
|switch|p2a: Clefable|Clefable, F|100/100
|move|p1a: Dragapult|Shadow Ball|p2a: Clefable
|-damage|p2a: Clefable|55/100
|
|upkeep
|turn|12
|
|t:|1758349440
|-terastallize|p1a: Dragapult|Ghost
|move|p1a: Dragapult|Shadow Ball|p2a: Clefable
|-damage|p2a: Clefable|0 fnt
|faint|p2a: Clefable
|
|upkeep
|
|t:|1758349446
|switch|p2a: Meowscarada|Meowscarada, F|62/100
|-damage|p2a: Meowscarada|49/100|[from] Stealth Rock
|turn|13
|
|t:|1758349456
|switch|p1a: Raging Bolt|Raging Bolt|100/100
|move|p2a: Meowscarada|U-turn|p1a: Raging Bolt
|-start|p2a: Meowscarada|typechange|Bug|[from] ability: Protean
|-crit|p1a: Raging Bolt
|-damage|p1a: Raging Bolt|54/100
|
|t:|1758349467
|switch|p2a: Iron Treads|Iron Treads|15/100|[from] U-turn
|-damage|p2a: Iron Treads|12/100|[from] Stealth Rock
|
|-heal|p2a: Iron Treads|18/100|[from] item: Leftovers
|upkeep
|turn|14
|
|t:|1758349481
|move|p2a: Iron Treads|Earthquake|p1a: Raging Bolt
|-supereffective|p1a: Raging Bolt
|-damage|p1a: Raging Bolt|0 fnt
|faint|p1a: Raging Bolt
|-end|p1a: Raging Bolt|Protosynthesis|[silent]
|
|-heal|p2a: Iron Treads|24/100|[from] item: Leftovers
|upkeep
|
|t:|1758349488
|switch|p1a: Ogerpon|Ogerpon-Wellspring, F|100/100
|-damage|p1a: Ogerpon|88/100|[from] Stealth Rock
|turn|15
|
|t:|1758349493
|-end|p2a: Iron Treads|Quark Drive|[silent]
|switch|p2a: Toxicroak|Toxicroak, M|46/100
|-damage|p2a: Toxicroak|40/100|[from] Stealth Rock
|move|p1a: Ogerpon|Swords Dance|p1a: Ogerpon
|-boost|p1a: Ogerpon|atk|2
|
|upkeep
|turn|16
|
|t:|1758349513
|move|p1a: Ogerpon|Play Rough|p2a: Toxicroak
|-damage|p2a: Toxicroak|0 fnt
|-damage|p1a: Ogerpon|72/100|[from] item: Rocky Helmet|[of] p2a: Toxicroak
|faint|p2a: Toxicroak
|
|upkeep
|
|t:|1758349524
|switch|p2a: Meowscarada|Meowscarada, F|49/100
|-damage|p2a: Meowscarada|37/100|[from] Stealth Rock
|turn|17
|
|t:|1758349531
|move|p2a: Meowscarada|U-turn|p1a: Ogerpon
|-start|p2a: Meowscarada|typechange|Bug|[from] ability: Protean
|-supereffective|p1a: Ogerpon
|-damage|p1a: Ogerpon|0 fnt
|faint|p1a: Ogerpon
|
|t:|1758349539
|switch|p2a: Dragapult|Dragapult, M|100/100|[from] U-turn
|-damage|p2a: Dragapult|88/100|[from] Stealth Rock
|
|upkeep
|
|t:|1758349542
|switch|p1a: Samurott|Samurott-Hisui, M|100/100
|-damage|p1a: Samurott|88/100|[from] Stealth Rock
|turn|18
|
|t:|1758349547
|move|p2a: Dragapult|U-turn|p1a: Samurott
|-supereffective|p1a: Samurott
|-damage|p1a: Samurott|4/100
|
|t:|1758349558
|switch|p2a: Iron Treads|Iron Treads|24/100|[from] U-turn
|-damage|p2a: Iron Treads|21/100|[from] Stealth Rock
|move|p1a: Samurott|Ceaseless Edge|p2a: Iron Treads
|-damage|p2a: Iron Treads|0 fnt
|-sidestart|p2: frozenmoon77|Spikes
|faint|p2a: Iron Treads
|-end|p2a: Iron Treads|Quark Drive|[silent]
|
|upkeep
|
|t:|1758349569
|switch|p2a: Hydreigon|Hydreigon, M|100/100
|-damage|p2a: Hydreigon|88/100|[from] Stealth Rock
|turn|19
|
|t:|1758349574
|move|p2a: Hydreigon|Dark Pulse|p1a: Samurott
|-resisted|p1a: Samurott
|-damage|p1a: Samurott|0 fnt
|faint|p1a: Samurott
|
|-heal|p2a: Hydreigon|94/100|[from] item: Leftovers
|upkeep
|
|t:|1758349576
|switch|p1a: Dragapult|Dragapult, M, tera:Ghost|81/100
|-damage|p1a: Dragapult|69/100|[from] Stealth Rock
|turn|20
|
|t:|1758349582
|move|p1a: Dragapult|Draco Meteor|p2a: Hydreigon
|-supereffective|p2a: Hydreigon
|-damage|p2a: Hydreigon|0 fnt
|-unboost|p1a: Dragapult|spa|2
|faint|p2a: Hydreigon
|
|upkeep
|
|t:|1758349587
|switch|p2a: Meowscarada|Meowscarada, F|37/100
|-damage|p2a: Meowscarada|25/100|[from] Stealth Rock
|-damage|p2a: Meowscarada|12/100|[from] Spikes
|turn|21
|
|t:|1758349593
|move|p2a: Meowscarada|Knock Off|p1a: Dragapult
|-start|p2a: Meowscarada|typechange|Dark|[from] ability: Protean
|-supereffective|p1a: Dragapult
|-damage|p1a: Dragapult|0 fnt
|-enditem|p1a: Dragapult|Choice Specs|[from] move: Knock Off|[of] p2a: Meowscarada
|faint|p1a: Dragapult
|
|win|frozenmoon77
|raw|wobo123猫雷's rating: 1475 &rarr; <strong>1457</strong><br />(-18 for losing)
|raw|frozenmoon77's rating: 1508 &rarr; <strong>1526</strong><br />(+18 for winning)
|l|☆wobo123猫雷
|player|p1|
|l|☆frozenmoon77
|player|p2|
