|j|☆edgingCeaselesslly
|j|☆uniandes5
|t:|1758379026
|gametype|singles
|player|p1|edgingCeaselesslly|roxie|1581
|player|p2|uniandes5|170|1646
|gen|9
|tier|[Gen 9] OU
|rated|
|rule|HP Percentage Mod: HP is shown in percentages
|rule|Endless Battle Clause: Forcing endless battles is banned
|rule|Species Clause: Limit one of each Pokémon
|rule|OHKO Clause: OHKO moves are banned
|rule|Evasion Items Clause: Evasion items are banned
|rule|Evasion Moves Clause: Evasion moves are banned
|rule|Evasion Abilities Clause: Evasion abilities are banned
|rule|Sleep Moves Clause: Sleep-inducing moves are banned
|clearpoke
|poke|p1|Landorus-Therian, M|
|poke|p1|Samurott-Hisui, M|
|poke|p1|Pecharunt|
|poke|p1|Scizor, F|
|poke|p1|Latios, M|
|poke|p1|Zamazenta-*|
|poke|p2|Ninetales-Alola, F|
|poke|p2|Dondozo, M|
|poke|p2|Iron Treads|
|poke|p2|Kyurem|
|poke|p2|Comfey, M|
|poke|p2|Polteageist|
|teampreview
|inactive|Battle timer is ON: inactive players will automatically lose when time's up. (requested by edgingCeaselesslly)
|
|t:|1758379031
|teamsize|p1|6
|teamsize|p2|6
|start
|switch|p1a: Scizor|Scizor, F|100/100
|switch|p2a: Iron Treads|Iron Treads|100/100
|-enditem|p2a: Iron Treads|Booster Energy
|-activate|p2a: Iron Treads|ability: Quark Drive|[fromitem]
|-start|p2a: Iron Treads|quarkdrivespe
|turn|1
|
|t:|1758379049
|switch|p1a: Samurott|Samurott-Hisui, M|100/100
|move|p2a: Iron Treads|Stealth Rock|p1a: Samurott
|-sidestart|p1: edgingCeaselesslly|move: Stealth Rock
|
|upkeep
|turn|2
|
|t:|1758379053
|move|p2a: Iron Treads|Earth Power|p1a: Samurott
|-damage|p1a: Samurott|71/100
|move|p1a: Samurott|Ceaseless Edge|p2a: Iron Treads
|-damage|p2a: Iron Treads|53/100
|-sidestart|p2: uniandes5|Spikes
|
|upkeep
|turn|3
|
|t:|1758379059
|move|p2a: Iron Treads|Earth Power|p1a: Samurott
|-damage|p1a: Samurott|42/100
|move|p1a: Samurott|Ceaseless Edge|p2a: Iron Treads
|-damage|p2a: Iron Treads|6/100
|-sidestart|p2: uniandes5|Spikes
|
|upkeep
|turn|4
|
|t:|1758379065
|move|p2a: Iron Treads|Rapid Spin|p1a: Samurott
|-damage|p1a: Samurott|28/100
|-boost|p2a: Iron Treads|spe|1
|-sideend|p2: uniandes5|Spikes|[from] move: Rapid Spin|[of] p2a: Iron Treads
|move|p1a: Samurott|Ceaseless Edge|p2a: Iron Treads
|-damage|p2a: Iron Treads|0 fnt
|-sidestart|p2: uniandes5|Spikes
|faint|p2a: Iron Treads
|-end|p2a: Iron Treads|Quark Drive|[silent]
|
|upkeep
|
|t:|1758379072
|switch|p2a: Ninetales|Ninetales-Alola, F|100/100
|-damage|p2a: Ninetales|88/100|[from] Spikes
|-weather|Snowscape|[from] ability: Snow Warning|[of] p2a: Ninetales
|turn|5
|
|t:|1758379077
|move|p2a: Ninetales|Aurora Veil|p2a: Ninetales
|-sidestart|p2: uniandes5|move: Aurora Veil
|move|p1a: Samurott|Ceaseless Edge|p2a: Ninetales
|-resisted|p2a: Ninetales
|-damage|p2a: Ninetales|78/100
|-sidestart|p2: uniandes5|Spikes
|
|-weather|Snowscape|[upkeep]
|upkeep
|turn|6
|
|t:|1758379080
|switch|p1a: Scizor|Scizor, F|100/100
|move|p2a: Ninetales|Freeze-Dry|p1a: Scizor
|-resisted|p1a: Scizor
|-damage|p1a: Scizor|86/100
|
|-weather|Snowscape|[upkeep]
|upkeep
|turn|7
|
|t:|1758379089
|move|p2a: Ninetales|Foul Play|p1a: Scizor
|-damage|p1a: Scizor|42/100
|move|p1a: Scizor|Knock Off|p2a: Ninetales
|-resisted|p2a: Ninetales
|-damage|p2a: Ninetales|70/100
|-enditem|p2a: Ninetales|Light Clay|[from] move: Knock Off|[of] p1a: Scizor
|
|-weather|Snowscape|[upkeep]
|upkeep
|turn|8
|
|t:|1758379095
|switch|p2a: Dondozo|Dondozo, M|100/100
|-damage|p2a: Dondozo|84/100|[from] Spikes
|move|p1a: Scizor|Bullet Punch|p2a: Dondozo
|-resisted|p2a: Dondozo
|-damage|p2a: Dondozo|78/100
|
|-weather|Snowscape|[upkeep]
|-heal|p2a: Dondozo|85/100|[from] item: Leftovers
|upkeep
|turn|9
|
|t:|1758379100
|switch|p1a: Latios|Latios, M|100/100
|-damage|p1a: Latios|88/100|[from] Stealth Rock
|move|p2a: Dondozo|Curse|p2a: Dondozo
|-unboost|p2a: Dondozo|spe|1
|-boost|p2a: Dondozo|atk|1
|-boost|p2a: Dondozo|def|1
|
|-weather|none
|-heal|p2a: Dondozo|91/100|[from] item: Leftovers
|upkeep
|turn|10
|
|t:|1758379110
|move|p1a: Latios|Psychic Noise|p2a: Dondozo
|-damage|p2a: Dondozo|75/100
|-start|p2a: Dondozo|move: Heal Block
|move|p2a: Dondozo|Avalanche|p1a: Latios
|-supereffective|p1a: Latios
|-damage|p1a: Latios|0 fnt
|faint|p1a: Latios
|
|upkeep
|
|t:|1758379117
|switch|p1a: Pecharunt|Pecharunt|100/100
|turn|11
|
|t:|1758379124
|move|p1a: Pecharunt|Malignant Chain|p2a: Dondozo
|-damage|p2a: Dondozo|65/100
|move|p2a: Dondozo|Curse|p2a: Dondozo
|-unboost|p2a: Dondozo|spe|1
|-boost|p2a: Dondozo|atk|1
|-boost|p2a: Dondozo|def|1
|
|-end|p2a: Dondozo|move: Heal Block
|upkeep
|turn|12
|
|t:|1758379129
|move|p1a: Pecharunt|Malignant Chain|p2a: Dondozo
|-crit|p2a: Dondozo
|-damage|p2a: Dondozo|34/100
|-status|p2a: Dondozo|tox
|-start|p2a: Dondozo|confusion|[from] ability: Poison Puppeteer|[of] p1a: Pecharunt
|-activate|p2a: Dondozo|confusion
|move|p2a: Dondozo|Wave Crash|p1a: Pecharunt
|-damage|p1a: Pecharunt|54/100
|-damage|p2a: Dondozo|22/100 tox|[from] Recoil
|
|-heal|p2a: Dondozo|28/100 tox|[from] item: Leftovers
|-damage|p2a: Dondozo|22/100 tox|[from] psn
|-sideend|p2: uniandes5|move: Aurora Veil
|upkeep
|turn|13
|
|t:|1758379139
|move|p1a: Pecharunt|Shadow Ball|p2a: Dondozo
|-damage|p2a: Dondozo|8/100 tox
|-end|p2a: Dondozo|confusion
|move|p2a: Dondozo|Wave Crash|p1a: Pecharunt
|-crit|p1a: Pecharunt
|-damage|p1a: Pecharunt|0 fnt
|faint|p1a: Pecharunt
|-damage|p2a: Dondozo|0 fnt|[from] Recoil
|faint|p2a: Dondozo
|
|upkeep
|
|t:|1758379149
|switch|p1a: Scizor|Scizor, F|42/100
|switch|p2a: Polteageist|Polteageist|100/100
|-damage|p2a: Polteageist|84/100|[from] Spikes
|turn|14
|
|t:|1758379154
|move|p1a: Scizor|Knock Off|p2a: Polteageist
|-supereffective|p2a: Polteageist
|-damage|p2a: Polteageist|0 fnt
|-start|p1a: Scizor|Disable|Knock Off|[from] ability: Cursed Body|[of] p2a: Polteageist
|-enditem|p2a: Polteageist|White Herb|[from] move: Knock Off|[of] p1a: Scizor
|faint|p2a: Polteageist
|
|upkeep
|
|t:|1758379157
|switch|p2a: Kyurem|Kyurem|100/100
|-damage|p2a: Kyurem|84/100|[from] Spikes
|-ability|p2a: Kyurem|Pressure
|turn|15
|
|t:|1758379160
|move|p1a: Scizor|Bullet Punch|p2a: Kyurem
|-supereffective|p2a: Kyurem
|-damage|p2a: Kyurem|7/100
|move|p2a: Kyurem|Earth Power|p1a: Scizor
|-damage|p1a: Scizor|0 fnt
|faint|p1a: Scizor
|
|upkeep
|
|t:|1758379172
|switch|p1a: Zamazenta|Zamazenta|100/100
|-damage|p1a: Zamazenta|94/100|[from] Stealth Rock
|-ability|p1a: Zamazenta|Dauntless Shield|boost
|-boost|p1a: Zamazenta|def|1
|turn|16
|
|t:|1758379177
|move|p1a: Zamazenta|Iron Defense|p1a: Zamazenta
|-boost|p1a: Zamazenta|def|2
|move|p2a: Kyurem|Freeze-Dry|p1a: Zamazenta
|-damage|p1a: Zamazenta|60/100
|
|-heal|p1a: Zamazenta|66/100|[from] item: Leftovers
|upkeep
|turn|17
|
|t:|1758379181
|move|p1a: Zamazenta|Body Press|p2a: Kyurem
|-supereffective|p2a: Kyurem
|-damage|p2a: Kyurem|0 fnt
|faint|p2a: Kyurem
|
|-heal|p1a: Zamazenta|72/100|[from] item: Leftovers
|upkeep
|
|t:|1758379185
|switch|p2a: Comfey|Comfey, M|100/100
|-damage|p2a: Comfey|84/100|[from] Spikes
|turn|18
|
|t:|1758379191
|-terastallize|p1a: Zamazenta|Fire
|move|p1a: Zamazenta|Body Press|p2a: Comfey
|-resisted|p2a: Comfey
|-damage|p2a: Comfey|24/100
|-enditem|p2a: Comfey|Kee Berry|[eat]
|-boost|p2a: Comfey|def|1|[from] item: Kee Berry
|move|p2a: Comfey|Calm Mind|p2a: Comfey
|-boost|p2a: Comfey|spa|1
|-boost|p2a: Comfey|spd|1
|
|-heal|p1a: Zamazenta|78/100|[from] item: Leftovers
|upkeep
|turn|19
|
|t:|1758379199
|move|p2a: Comfey|Synthesis|p2a: Comfey
|-heal|p2a: Comfey|74/100
|move|p1a: Zamazenta|Body Press|p2a: Comfey
|-resisted|p2a: Comfey
|-damage|p2a: Comfey|36/100
|
|-heal|p1a: Zamazenta|85/100|[from] item: Leftovers
|upkeep
|turn|20
|j| victini092
|
|t:|1758379205
|move|p2a: Comfey|Stored Power|p1a: Zamazenta
|-damage|p1a: Zamazenta|57/100
|move|p1a: Zamazenta|Roar|p2a: Comfey
|drag|p2a: Ninetales|Ninetales-Alola, F|70/100
|-damage|p2a: Ninetales|53/100|[from] Spikes
|-weather|Snowscape|[from] ability: Snow Warning|[of] p2a: Ninetales
|
|-weather|Snowscape|[upkeep]
|-heal|p1a: Zamazenta|63/100|[from] item: Leftovers
|upkeep
|turn|21
|-message|uniandes5 forfeited.
|
|win|edgingCeaselesslly
|raw|edgingCeaselesslly's rating: 1581 &rarr; <strong>1605</strong><br />(+24 for winning)
|raw|uniandes5's rating: 1646 &rarr; <strong>1622</strong><br />(-24 for losing)
|l|☆uniandes5
|player|p2|
|l|☆edgingCeaselesslly
|player|p1|
