|j|☆bishop1
|j|☆Stelazine
|t:|1758270938
|gametype|singles
|player|p1|bishop1|265|1484
|player|p2|Stelazine|benga|1416
|gen|9
|tier|[Gen 9] OU
|rated|
|rule|HP Percentage Mod: HP is shown in percentages
|rule|Endless Battle Clause: Forcing endless battles is banned
|rule|Species Clause: Limit one of each Pokémon
|rule|OHKO Clause: OHKO moves are banned
|rule|Evasion Items Clause: Evasion items are banned
|rule|Evasion Moves Clause: Evasion moves are banned
|rule|Evasion Abilities Clause: Evasion abilities are banned
|rule|Sleep Moves Clause: Sleep-inducing moves are banned
|clearpoke
|poke|p1|Zamazenta-*|
|poke|p1|Ninetales-Alola, F|
|poke|p1|Darkrai|
|poke|p1|Ceruledge, M|
|poke|p1|Gliscor, M|
|poke|p1|Hatterene, F|
|poke|p2|Meowscarada, F|
|poke|p2|Frosmoth, M|
|poke|p2|Weezing-Galar, F|
|poke|p2|Sinistcha-Masterpiece|
|poke|p2|Ting-Lu|
|poke|p2|Alomomola, M|
|teampreview
|inactive|Battle timer is ON: inactive players will automatically lose when time's up. (requested by Stelazine)
|
|t:|1758270941
|teamsize|p1|6
|teamsize|p2|6
|start
|switch|p1a: Ninetales|Ninetales-Alola, F|100/100
|switch|p2a: Frosmoth|Frosmoth, M|100/100
|-weather|Snowscape|[from] ability: Snow Warning|[of] p1a: Ninetales
|turn|1
|
|t:|1758270944
|move|p1a: Ninetales|Aurora Veil|p1a: Ninetales
|-sidestart|p1: bishop1|move: Aurora Veil
|move|p2a: Frosmoth|Substitute|p2a: Frosmoth
|-start|p2a: Frosmoth|Substitute
|-damage|p2a: Frosmoth|76/100
|
|-weather|Snowscape|[upkeep]
|-heal|p2a: Frosmoth|82/100|[from] item: Leftovers
|upkeep
|turn|2
|
|t:|1758270950
|move|p1a: Ninetales|Encore|p2a: Frosmoth
|-start|p2a: Frosmoth|Encore
|move|p2a: Frosmoth|Substitute|p2a: Frosmoth
|-fail|p2a: Frosmoth|move: Substitute
|
|-weather|Snowscape|[upkeep]
|-heal|p2a: Frosmoth|88/100|[from] item: Leftovers
|upkeep
|turn|3
|
|t:|1758270955
|switch|p2a: Weezing|Weezing-Galar, F|100/100
|-ability|p2a: Weezing|Neutralizing Gas
|move|p1a: Ninetales|Roar|p2a: Weezing
|-end|p2a: Weezing|ability: Neutralizing Gas
|drag|p2a: Frosmoth|Frosmoth, M|88/100
|
|-weather|Snowscape|[upkeep]
|-heal|p2a: Frosmoth|94/100|[from] item: Leftovers
|upkeep
|turn|4
|
|t:|1758270962
|switch|p1a: Ceruledge|Ceruledge, M|100/100
|switch|p2a: Weezing|Weezing-Galar, F|100/100
|-ability|p2a: Weezing|Neutralizing Gas
|
|-weather|Snowscape|[upkeep]
|upkeep
|turn|5
|
|t:|1758270965
|move|p1a: Ceruledge|Taunt|p2a: Weezing
|-start|p2a: Weezing|move: Taunt
|cant|p2a: Weezing|move: Taunt|Defog
|
|-weather|none
|upkeep
|turn|6
|
|t:|1758270972
|-end|p2a: Weezing|ability: Neutralizing Gas
|switch|p2a: Meowscarada|Meowscarada, F|100/100
|move|p1a: Ceruledge|Bulk Up|p1a: Ceruledge
|-boost|p1a: Ceruledge|atk|1
|-boost|p1a: Ceruledge|def|1
|
|upkeep
|turn|7
|
|t:|1758270977
|-terastallize|p1a: Ceruledge|Bug
|move|p2a: Meowscarada|Knock Off|p1a: Ceruledge
|-start|p2a: Meowscarada|typechange|Dark|[from] ability: Protean
|-damage|p1a: Ceruledge|74/100
|-enditem|p1a: Ceruledge|Covert Cloak|[from] move: Knock Off|[of] p2a: Meowscarada
|move|p1a: Ceruledge|Bitter Blade|p2a: Meowscarada
|-damage|p2a: Meowscarada|10/100
|-heal|p1a: Ceruledge|100/100|[from] drain|[of] p2a: Meowscarada
|
|upkeep
|turn|8
|
|t:|1758270993
|switch|p2a: Weezing|Weezing-Galar, F|100/100
|-ability|p2a: Weezing|Neutralizing Gas
|move|p1a: Ceruledge|Bulk Up|p1a: Ceruledge
|-boost|p1a: Ceruledge|atk|1
|-boost|p1a: Ceruledge|def|1
|
|-sideend|p1: bishop1|move: Aurora Veil
|upkeep
|turn|9
|
|t:|1758270995
|move|p1a: Ceruledge|Taunt|p2a: Weezing
|-start|p2a: Weezing|move: Taunt
|move|p2a: Weezing|Strange Steam|p1a: Ceruledge
|-damage|p1a: Ceruledge|78/100
|
|upkeep
|turn|10
|
|t:|1758270999
|move|p1a: Ceruledge|Bulk Up|p1a: Ceruledge
|-boost|p1a: Ceruledge|atk|1
|-boost|p1a: Ceruledge|def|1
|move|p2a: Weezing|Strange Steam|p1a: Ceruledge
|-damage|p1a: Ceruledge|57/100
|
|upkeep
|turn|11
|
|t:|1758271002
|move|p1a: Ceruledge|Bulk Up|p1a: Ceruledge
|-boost|p1a: Ceruledge|atk|1
|-boost|p1a: Ceruledge|def|1
|move|p2a: Weezing|Strange Steam|p1a: Ceruledge
|-damage|p1a: Ceruledge|34/100
|
|-end|p2a: Weezing|move: Taunt
|upkeep
|turn|12
|
|t:|1758271005
|move|p1a: Ceruledge|Taunt|p2a: Weezing
|-start|p2a: Weezing|move: Taunt
|cant|p2a: Weezing|move: Taunt|Will-O-Wisp
|
|upkeep
|turn|13
|
|t:|1758271007
|move|p1a: Ceruledge|Bitter Blade|p2a: Weezing
|-damage|p2a: Weezing|24/100
|-heal|p1a: Ceruledge|70/100|[from] drain|[of] p2a: Weezing
|move|p2a: Weezing|Strange Steam|p1a: Ceruledge
|-damage|p1a: Ceruledge|48/100
|-start|p1a: Ceruledge|confusion
|
|upkeep
|turn|14
|
|t:|1758271018
|-activate|p1a: Ceruledge|confusion
|-damage|p1a: Ceruledge|35/100|[from] confusion
|move|p2a: Weezing|Strange Steam|p1a: Ceruledge
|-damage|p1a: Ceruledge|14/100
|
|-end|p2a: Weezing|move: Taunt
|upkeep
|turn|15
|
|t:|1758271020
|-activate|p1a: Ceruledge|confusion
|-damage|p1a: Ceruledge|1/100|[from] confusion
|move|p2a: Weezing|Strange Steam|p1a: Ceruledge
|-damage|p1a: Ceruledge|0 fnt
|faint|p1a: Ceruledge
|
|upkeep
|
|t:|1758271025
|switch|p1a: Ninetales|Ninetales-Alola, F|100/100
|turn|16
|
|t:|1758271030
|move|p1a: Ninetales|Encore|p2a: Weezing
|-start|p2a: Weezing|Encore
|move|p2a: Weezing|Strange Steam|p1a: Ninetales
|-damage|p1a: Ninetales|73/100
|
|upkeep
|turn|17
|
|t:|1758271050
|switch|p1a: Hatterene|Hatterene, F|100/100
|-end|p2a: Weezing|ability: Neutralizing Gas
|switch|p2a: Meowscarada|Meowscarada, F|10/100
|
|upkeep
|turn|18
|
|t:|1758271054
|move|p2a: Meowscarada|U-turn|p1a: Hatterene
|-start|p2a: Meowscarada|typechange|Bug|[from] ability: Protean
|-damage|p1a: Hatterene|60/100
|
|t:|1758271060
|switch|p2a: Frosmoth|Frosmoth, M|94/100|[from] U-turn
|move|p1a: Hatterene|Draining Kiss|p2a: Frosmoth
|-damage|p2a: Frosmoth|85/100
|-heal|p1a: Hatterene|67/100|[from] drain|[of] p2a: Frosmoth
|
|-heal|p2a: Frosmoth|91/100|[from] item: Leftovers
|-heal|p1a: Hatterene|73/100|[from] item: Leftovers
|upkeep
|turn|19
|
|t:|1758271067
|-terastallize|p2a: Frosmoth|Electric
|move|p2a: Frosmoth|Substitute|p2a: Frosmoth
|-start|p2a: Frosmoth|Substitute
|-damage|p2a: Frosmoth|67/100
|move|p1a: Hatterene|Mystical Fire|p2a: Frosmoth
|-activate|p2a: Frosmoth|move: Substitute|[damage]
|
|-heal|p2a: Frosmoth|73/100|[from] item: Leftovers
|-heal|p1a: Hatterene|79/100|[from] item: Leftovers
|upkeep
|turn|20
|
|t:|1758271073
|move|p2a: Frosmoth|Quiver Dance|p2a: Frosmoth
|-boost|p2a: Frosmoth|spa|1
|-boost|p2a: Frosmoth|spd|1
|-boost|p2a: Frosmoth|spe|1
|move|p1a: Hatterene|Draining Kiss|p2a: Frosmoth
|-activate|p2a: Frosmoth|move: Substitute|[damage]
|-heal|p1a: Hatterene|84/100|[from] drain|[of] p2a: Frosmoth
|
|-heal|p2a: Frosmoth|79/100|[from] item: Leftovers
|-heal|p1a: Hatterene|90/100|[from] item: Leftovers
|upkeep
|turn|21
|
|t:|1758271078
|move|p2a: Frosmoth|Quiver Dance|p2a: Frosmoth
|-boost|p2a: Frosmoth|spa|1
|-boost|p2a: Frosmoth|spd|1
|-boost|p2a: Frosmoth|spe|1
|move|p1a: Hatterene|Calm Mind|p1a: Hatterene
|-boost|p1a: Hatterene|spa|1
|-boost|p1a: Hatterene|spd|1
|
|-heal|p2a: Frosmoth|85/100|[from] item: Leftovers
|-heal|p1a: Hatterene|96/100|[from] item: Leftovers
|upkeep
|turn|22
|
|t:|1758271081
|move|p2a: Frosmoth|Quiver Dance|p2a: Frosmoth
|-boost|p2a: Frosmoth|spa|1
|-boost|p2a: Frosmoth|spd|1
|-boost|p2a: Frosmoth|spe|1
|move|p1a: Hatterene|Calm Mind|p1a: Hatterene
|-boost|p1a: Hatterene|spa|1
|-boost|p1a: Hatterene|spd|1
|
|-heal|p2a: Frosmoth|91/100|[from] item: Leftovers
|-heal|p1a: Hatterene|100/100|[from] item: Leftovers
|upkeep
|turn|23
|
|t:|1758271085
|move|p2a: Frosmoth|Quiver Dance|p2a: Frosmoth
|-boost|p2a: Frosmoth|spa|1
|-boost|p2a: Frosmoth|spd|1
|-boost|p2a: Frosmoth|spe|1
|move|p1a: Hatterene|Calm Mind|p1a: Hatterene
|-boost|p1a: Hatterene|spa|1
|-boost|p1a: Hatterene|spd|1
|
|-heal|p2a: Frosmoth|97/100|[from] item: Leftovers
|upkeep
|turn|24
|
|t:|1758271087
|move|p2a: Frosmoth|Quiver Dance|p2a: Frosmoth
|-boost|p2a: Frosmoth|spa|1
|-boost|p2a: Frosmoth|spd|1
|-boost|p2a: Frosmoth|spe|1
|move|p1a: Hatterene|Calm Mind|p1a: Hatterene
|-boost|p1a: Hatterene|spa|1
|-boost|p1a: Hatterene|spd|1
|
|-heal|p2a: Frosmoth|100/100|[from] item: Leftovers
|upkeep
|turn|25
|
|t:|1758271092
|move|p2a: Frosmoth|Quiver Dance|p2a: Frosmoth
|-boost|p2a: Frosmoth|spa|1
|-boost|p2a: Frosmoth|spd|1
|-boost|p2a: Frosmoth|spe|1
|move|p1a: Hatterene|Calm Mind|p1a: Hatterene
|-boost|p1a: Hatterene|spa|1
|-boost|p1a: Hatterene|spd|1
|
|upkeep
|turn|26
|
|t:|1758271094
|move|p2a: Frosmoth|Ice Beam|p1a: Hatterene
|-damage|p1a: Hatterene|59/100
|move|p1a: Hatterene|Calm Mind|p1a: Hatterene
|-boost|p1a: Hatterene|spa|1
|-boost|p1a: Hatterene|spd|1
|
|-heal|p1a: Hatterene|65/100|[from] item: Leftovers
|upkeep
|turn|27
|
|t:|1758271097
|move|p2a: Frosmoth|Ice Beam|p1a: Hatterene
|-damage|p1a: Hatterene|27/100
|move|p1a: Hatterene|Draining Kiss|p2a: Frosmoth
|-activate|p2a: Frosmoth|move: Substitute|[damage]
|-heal|p1a: Hatterene|34/100|[from] drain|[of] p2a: Frosmoth
|
|-heal|p1a: Hatterene|40/100|[from] item: Leftovers
|upkeep
|turn|28
|
|t:|1758271102
|move|p2a: Frosmoth|Ice Beam|p1a: Hatterene
|-damage|p1a: Hatterene|0 fnt
|faint|p1a: Hatterene
|
|upkeep
|-message|bishop1 forfeited.
|
|win|Stelazine
|raw|bishop1's rating: 1484 &rarr; <strong>1460</strong><br />(-24 for losing)
|raw|Stelazine's rating: 1416 &rarr; <strong>1440</strong><br />(+24 for winning)
|l|☆bishop1
|player|p1|
|l|☆Stelazine
|player|p2|
