|j|☆Pacnol
|j|☆nmx123
|t:|1758374758
|gametype|singles
|player|p1|Pacnol|yancy|1538
|player|p2|nmx123|102|1546
|gen|9
|tier|[Gen 9] OU
|rated|
|rule|HP Percentage Mod: HP is shown in percentages
|rule|Endless Battle Clause: Forcing endless battles is banned
|rule|Species Clause: Limit one of each Pokémon
|rule|OHKO Clause: OHKO moves are banned
|rule|Evasion Items Clause: Evasion items are banned
|rule|Evasion Moves Clause: Evasion moves are banned
|rule|Evasion Abilities Clause: Evasion abilities are banned
|rule|Sleep Moves Clause: Sleep-inducing moves are banned
|clearpoke
|poke|p1|Weezing-Galar, F|
|poke|p1|Alomomola, F|
|poke|p1|Blissey, F|
|poke|p1|Quagsire, F|
|poke|p1|Wo-Chien|
|poke|p1|Corviknight, M|
|poke|p2|Dragonite, F|
|poke|p2|Zamazenta-*|
|poke|p2|Gholdengo|
|poke|p2|Raging Bolt|
|poke|p2|Ninetales-Alola, F|
|poke|p2|Great Tusk|
|teampreview
|inactive|Battle timer is ON: inactive players will automatically lose when time's up. (requested by Pacnol)
|inactive|nmx123 also wants the timer to be on.
|
|t:|1758374779
|teamsize|p1|6
|teamsize|p2|6
|start
|switch|p1a: Blissey|Blissey, F|100/100
|switch|p2a: Ninetales|Ninetales-Alola, F|100/100
|-weather|Snowscape|[from] ability: Snow Warning|[of] p2a: Ninetales
|turn|1
|
|t:|1758374783
|move|p2a: Ninetales|Aurora Veil|p2a: Ninetales
|-sidestart|p2: nmx123|move: Aurora Veil
|move|p1a: Blissey|Stealth Rock|p2a: Ninetales
|-sidestart|p2: nmx123|move: Stealth Rock
|
|-weather|Snowscape|[upkeep]
|upkeep
|turn|2
|
|t:|1758374788
|switch|p2a: Great Tusk|Great Tusk|100/100
|-damage|p2a: Great Tusk|97/100|[from] Stealth Rock
|switch|p1a: Alomomola|Alomomola, F|100/100
|
|-weather|Snowscape|[upkeep]
|upkeep
|turn|3
|
|t:|1758374792
|move|p2a: Great Tusk|Rapid Spin|p1a: Alomomola
|-damage|p1a: Alomomola|92/100
|-boost|p2a: Great Tusk|spe|1
|-sideend|p2: nmx123|Stealth Rock|[from] move: Rapid Spin|[of] p2a: Great Tusk
|move|p1a: Alomomola|Scald|p2a: Great Tusk
|-supereffective|p2a: Great Tusk
|-damage|p2a: Great Tusk|78/100
|-status|p2a: Great Tusk|brn
|
|-weather|Snowscape|[upkeep]
|-damage|p2a: Great Tusk|72/100 brn|[from] brn
|upkeep
|turn|4
|
|t:|1758374806
|move|p2a: Great Tusk|Knock Off|p1a: Alomomola
|-damage|p1a: Alomomola|84/100
|-enditem|p1a: Alomomola|Heavy-Duty Boots|[from] move: Knock Off|[of] p2a: Great Tusk
|move|p1a: Alomomola|Scald|p2a: Great Tusk
|-supereffective|p2a: Great Tusk
|-damage|p2a: Great Tusk|55/100 brn
|
|-weather|Snowscape|[upkeep]
|-damage|p2a: Great Tusk|48/100 brn|[from] brn
|upkeep
|turn|5
|
|t:|1758374813
|-end|p2a: Great Tusk|Protosynthesis|[silent]
|switch|p2a: Raging Bolt|Raging Bolt|100/100
|move|p1a: Alomomola|Scald|p2a: Raging Bolt
|-resisted|p2a: Raging Bolt
|-damage|p2a: Raging Bolt|98/100
|
|-weather|none
|upkeep
|turn|6
|
|t:|1758374820
|switch|p1a: Blissey|Blissey, F|100/100
|move|p2a: Raging Bolt|Draco Meteor|p1a: Blissey|[miss]
|-miss|p2a: Raging Bolt|p1a: Blissey
|
|upkeep
|turn|7
|
|t:|1758374825
|-end|p2a: Raging Bolt|Protosynthesis|[silent]
|switch|p2a: Great Tusk|Great Tusk|48/100 brn
|move|p1a: Blissey|Stealth Rock|p2a: Great Tusk
|-sidestart|p2: nmx123|move: Stealth Rock
|
|-damage|p2a: Great Tusk|42/100 brn|[from] brn
|upkeep
|turn|8
|
|t:|1758374836
|switch|p1a: Alomomola|Alomomola, F|100/100
|move|p2a: Great Tusk|Rapid Spin|p1a: Alomomola
|-damage|p1a: Alomomola|97/100
|-boost|p2a: Great Tusk|spe|1
|-sideend|p2: nmx123|Stealth Rock|[from] move: Rapid Spin|[of] p2a: Great Tusk
|
|-damage|p2a: Great Tusk|36/100 brn|[from] brn
|-sideend|p2: nmx123|move: Aurora Veil
|upkeep
|turn|9
|
|t:|1758374841
|-end|p2a: Great Tusk|Protosynthesis|[silent]
|switch|p2a: Ninetales|Ninetales-Alola, F|100/100
|-weather|Snowscape|[from] ability: Snow Warning|[of] p2a: Ninetales
|move|p1a: Alomomola|Scald|p2a: Ninetales
|-damage|p2a: Ninetales|88/100
|
|-weather|Snowscape|[upkeep]
|upkeep
|turn|10
|
|t:|1758374844
|switch|p1a: Blissey|Blissey, F|100/100
|move|p2a: Ninetales|Aurora Veil|p2a: Ninetales
|-sidestart|p2: nmx123|move: Aurora Veil
|
|-weather|Snowscape|[upkeep]
|upkeep
|turn|11
|
|t:|1758374852
|switch|p2a: Great Tusk|Great Tusk|36/100 brn
|move|p1a: Blissey|Stealth Rock|p2a: Great Tusk
|-sidestart|p2: nmx123|move: Stealth Rock
|
|-weather|Snowscape|[upkeep]
|-damage|p2a: Great Tusk|30/100 brn|[from] brn
|upkeep
|turn|12
|
|t:|1758374860
|switch|p1a: Alomomola|Alomomola, F|100/100
|move|p2a: Great Tusk|Rapid Spin|p1a: Alomomola
|-damage|p1a: Alomomola|97/100
|-boost|p2a: Great Tusk|spe|1
|-sideend|p2: nmx123|Stealth Rock|[from] move: Rapid Spin|[of] p2a: Great Tusk
|
|-weather|Snowscape|[upkeep]
|-damage|p2a: Great Tusk|23/100 brn|[from] brn
|upkeep
|turn|13
|
|t:|1758374862
|-end|p2a: Great Tusk|Protosynthesis|[silent]
|switch|p2a: Ninetales|Ninetales-Alola, F|88/100
|move|p1a: Alomomola|Scald|p2a: Ninetales
|-damage|p2a: Ninetales|81/100
|
|-weather|none
|upkeep
|turn|14
|
|t:|1758374869
|switch|p2a: Gholdengo|Gholdengo|100/100
|switch|p1a: Blissey|Blissey, F|100/100
|
|upkeep
|turn|15
|inactive|Pacnol has 120 seconds left.
|
|t:|1758374904
|switch|p1a: Alomomola|Alomomola, F|100/100
|move|p2a: Gholdengo|Nasty Plot|p2a: Gholdengo
|-boost|p2a: Gholdengo|spa|2
|
|upkeep
|turn|16
|
|t:|1758374912
|switch|p1a: Blissey|Blissey, F|100/100
|move|p2a: Gholdengo|Nasty Plot|p2a: Gholdengo
|-boost|p2a: Gholdengo|spa|2
|
|upkeep
|turn|17
|
|t:|1758374922
|-terastallize|p1a: Blissey|Dark
|move|p2a: Gholdengo|Nasty Plot|p2a: Gholdengo
|-boost|p2a: Gholdengo|spa|2
|move|p1a: Blissey|Calm Mind|p1a: Blissey
|-boost|p1a: Blissey|spa|1
|-boost|p1a: Blissey|spd|1
|
|-sideend|p2: nmx123|move: Aurora Veil
|upkeep
|turn|18
|
|t:|1758374929
|move|p2a: Gholdengo|Make It Rain|p1a: Blissey
|-damage|p1a: Blissey|48/100
|-unboost|p2a: Gholdengo|spa|1
|move|p1a: Blissey|Calm Mind|p1a: Blissey
|-boost|p1a: Blissey|spa|1
|-boost|p1a: Blissey|spd|1
|
|-heal|p1a: Blissey|54/100|[from] item: Leftovers
|upkeep
|turn|19
|
|t:|1758374937
|move|p2a: Gholdengo|Make It Rain|p1a: Blissey
|-damage|p1a: Blissey|14/100
|-unboost|p2a: Gholdengo|spa|1
|move|p1a: Blissey|Soft-Boiled|p1a: Blissey
|-heal|p1a: Blissey|64/100
|
|-heal|p1a: Blissey|70/100|[from] item: Leftovers
|upkeep
|turn|20
|
|t:|1758374947
|switch|p2a: Zamazenta|Zamazenta|100/100
|-ability|p2a: Zamazenta|Dauntless Shield|boost
|-boost|p2a: Zamazenta|def|1
|move|p1a: Blissey|Calm Mind|p1a: Blissey
|-boost|p1a: Blissey|spa|1
|-boost|p1a: Blissey|spd|1
|
|-heal|p1a: Blissey|76/100|[from] item: Leftovers
|upkeep
|turn|21
|
|t:|1758374951
|switch|p1a: Alomomola|Alomomola, F|100/100
|move|p2a: Zamazenta|Body Press|p1a: Alomomola
|-damage|p1a: Alomomola|65/100
|
|upkeep
|turn|22
|
|t:|1758374959
|move|p2a: Zamazenta|Iron Defense|p2a: Zamazenta
|-boost|p2a: Zamazenta|def|2
|move|p1a: Alomomola|Scald|p2a: Zamazenta
|-damage|p2a: Zamazenta|86/100
|
|-heal|p2a: Zamazenta|93/100|[from] item: Leftovers
|upkeep
|turn|23
|
|t:|1758374967
|switch|p1a: Weezing|Weezing-Galar, F|100/100
|-ability|p1a: Weezing|Neutralizing Gas
|move|p2a: Zamazenta|Body Press|p1a: Weezing
|-resisted|p1a: Weezing
|-damage|p1a: Weezing|84/100
|
|-heal|p2a: Zamazenta|99/100|[from] item: Leftovers
|-heal|p1a: Weezing|90/100|[from] item: Leftovers
|upkeep
|turn|24
|
|t:|1758374977
|switch|p2a: Gholdengo|Gholdengo|100/100
|move|p1a: Weezing|Will-O-Wisp|p2a: Gholdengo
|-status|p2a: Gholdengo|brn
|
|-heal|p1a: Weezing|96/100|[from] item: Leftovers
|-damage|p2a: Gholdengo|94/100 brn|[from] brn
|upkeep
|turn|25
|
|t:|1758374983
|-end|p1a: Weezing|ability: Neutralizing Gas
|switch|p1a: Blissey|Blissey, F, tera:Dark|76/100
|move|p2a: Gholdengo|Nasty Plot|p2a: Gholdengo
|-boost|p2a: Gholdengo|spa|2
|
|-heal|p2a: Gholdengo|100/100 brn|[from] item: Leftovers
|-heal|p1a: Blissey|83/100|[from] item: Leftovers
|-damage|p2a: Gholdengo|94/100 brn|[from] brn
|upkeep
|turn|26
|
|t:|1758374990
|move|p2a: Gholdengo|Make It Rain|p1a: Blissey
|-damage|p1a: Blissey|37/100
|-unboost|p2a: Gholdengo|spa|1
|move|p1a: Blissey|Stealth Rock|p2a: Gholdengo
|-sidestart|p2: nmx123|move: Stealth Rock
|
|-heal|p2a: Gholdengo|100/100 brn|[from] item: Leftovers
|-heal|p1a: Blissey|44/100|[from] item: Leftovers
|-damage|p2a: Gholdengo|94/100 brn|[from] brn
|upkeep
|turn|27
|
|t:|1758374994
|move|p2a: Gholdengo|Make It Rain|p1a: Blissey
|-damage|p1a: Blissey|9/100
|-unboost|p2a: Gholdengo|spa|1
|move|p1a: Blissey|Soft-Boiled|p1a: Blissey
|-heal|p1a: Blissey|59/100
|
|-heal|p2a: Gholdengo|100/100 brn|[from] item: Leftovers
|-heal|p1a: Blissey|65/100|[from] item: Leftovers
|-damage|p2a: Gholdengo|94/100 brn|[from] brn
|upkeep
|turn|28
|
|t:|1758374998
|move|p2a: Gholdengo|Nasty Plot|p2a: Gholdengo
|-boost|p2a: Gholdengo|spa|2
|move|p1a: Blissey|Calm Mind|p1a: Blissey
|-boost|p1a: Blissey|spa|1
|-boost|p1a: Blissey|spd|1
|
|-heal|p2a: Gholdengo|100/100 brn|[from] item: Leftovers
|-heal|p1a: Blissey|72/100|[from] item: Leftovers
|-damage|p2a: Gholdengo|94/100 brn|[from] brn
|upkeep
|turn|29
|
|t:|1758375002
|move|p2a: Gholdengo|Nasty Plot|p2a: Gholdengo
|-boost|p2a: Gholdengo|spa|2
|move|p1a: Blissey|Calm Mind|p1a: Blissey
|-boost|p1a: Blissey|spa|1
|-boost|p1a: Blissey|spd|1
|
|-heal|p2a: Gholdengo|100/100 brn|[from] item: Leftovers
|-heal|p1a: Blissey|78/100|[from] item: Leftovers
|-damage|p2a: Gholdengo|94/100 brn|[from] brn
|upkeep
|turn|30
|
|t:|1758375007
|move|p2a: Gholdengo|Make It Rain|p1a: Blissey
|-damage|p1a: Blissey|48/100
|-unboost|p2a: Gholdengo|spa|1
|move|p1a: Blissey|Shadow Ball|p2a: Gholdengo
|-supereffective|p2a: Gholdengo
|-damage|p2a: Gholdengo|30/100 brn
|
|-heal|p2a: Gholdengo|36/100 brn|[from] item: Leftovers
|-heal|p1a: Blissey|54/100|[from] item: Leftovers
|-damage|p2a: Gholdengo|30/100 brn|[from] brn
|upkeep
|turn|31
|
|t:|1758375027
|switch|p2a: Zamazenta|Zamazenta|99/100
|-damage|p2a: Zamazenta|93/100|[from] Stealth Rock
|move|p1a: Blissey|Soft-Boiled|p1a: Blissey
|-heal|p1a: Blissey|100/100
|
|-heal|p2a: Zamazenta|99/100|[from] item: Leftovers
|upkeep
|turn|32
|
|t:|1758375034
|switch|p1a: Alomomola|Alomomola, F|98/100
|move|p2a: Zamazenta|Iron Defense|p2a: Zamazenta
|-boost|p2a: Zamazenta|def|2
|
|-heal|p2a: Zamazenta|100/100|[from] item: Leftovers
|upkeep
|turn|33
|
|t:|1758375040
|move|p2a: Zamazenta|Body Press|p1a: Alomomola
|-damage|p1a: Alomomola|50/100
|move|p1a: Alomomola|Scald|p2a: Zamazenta
|-damage|p2a: Zamazenta|88/100
|
|-heal|p2a: Zamazenta|94/100|[from] item: Leftovers
|upkeep
|turn|34
|
|t:|1758375047
|move|p2a: Zamazenta|Iron Head|p1a: Alomomola
|-resisted|p1a: Alomomola
|-damage|p1a: Alomomola|44/100
|move|p1a: Alomomola|Flip Turn|p2a: Zamazenta
|-damage|p2a: Zamazenta|88/100
|
|t:|1758375053
|switch|p1a: Quagsire|Quagsire, F|100/100|[from] Flip Turn
|
|-heal|p2a: Zamazenta|94/100|[from] item: Leftovers
|upkeep
|turn|35
|
|t:|1758375059
|move|p2a: Zamazenta|Body Press|p1a: Quagsire
|-damage|p1a: Quagsire|71/100
|move|p1a: Quagsire|Spikes|p2a: Zamazenta
|-sidestart|p2: nmx123|Spikes
|
|-heal|p2a: Zamazenta|99/100|[from] item: Leftovers
|-heal|p1a: Quagsire|77/100|[from] item: Leftovers
|upkeep
|turn|36
|
|t:|1758375063
|move|p2a: Zamazenta|Body Press|p1a: Quagsire
|-damage|p1a: Quagsire|48/100
|move|p1a: Quagsire|Counter|p2a: Zamazenta
|-damage|p2a: Zamazenta|30/100
|
|-heal|p2a: Zamazenta|36/100|[from] item: Leftovers
|-heal|p1a: Quagsire|55/100|[from] item: Leftovers
|upkeep
|turn|37
|
|t:|1758375067
|move|p2a: Zamazenta|Iron Defense|p2a: Zamazenta
|-boost|p2a: Zamazenta|def|2
|move|p1a: Quagsire|Recover|p1a: Quagsire
|-heal|p1a: Quagsire|100/100
|
|-heal|p2a: Zamazenta|43/100|[from] item: Leftovers
|upkeep
|turn|38
|
|t:|1758375071
|move|p2a: Zamazenta|Body Press|p1a: Quagsire
|-damage|p1a: Quagsire|72/100
|move|p1a: Quagsire|Counter|p2a: Zamazenta
|-damage|p2a: Zamazenta|0 fnt
|faint|p2a: Zamazenta
|
|-heal|p1a: Quagsire|78/100|[from] item: Leftovers
|upkeep
|
|t:|1758375075
|switch|p2a: Great Tusk|Great Tusk|23/100 brn
|-damage|p2a: Great Tusk|20/100 brn|[from] Stealth Rock
|-damage|p2a: Great Tusk|8/100 brn|[from] Spikes
|turn|39
|
|t:|1758375083
|move|p2a: Great Tusk|Rapid Spin|p1a: Quagsire
|-damage|p1a: Quagsire|73/100
|-boost|p2a: Great Tusk|spe|1
|-sideend|p2: nmx123|Spikes|[from] move: Rapid Spin|[of] p2a: Great Tusk
|-sideend|p2: nmx123|Stealth Rock|[from] move: Rapid Spin|[of] p2a: Great Tusk
|move|p1a: Quagsire|Spikes|p2a: Great Tusk
|-sidestart|p2: nmx123|Spikes
|
|-heal|p1a: Quagsire|79/100|[from] item: Leftovers
|-damage|p2a: Great Tusk|1/100 brn|[from] brn
|upkeep
|turn|40
|
|t:|1758375088
|move|p2a: Great Tusk|Rapid Spin|p1a: Quagsire
|-damage|p1a: Quagsire|74/100
|-boost|p2a: Great Tusk|spe|1
|-sideend|p2: nmx123|Spikes|[from] move: Rapid Spin|[of] p2a: Great Tusk
|move|p1a: Quagsire|Spikes|p2a: Great Tusk
|-sidestart|p2: nmx123|Spikes
|
|-heal|p1a: Quagsire|80/100|[from] item: Leftovers
|-damage|p2a: Great Tusk|0 fnt|[from] brn
|faint|p2a: Great Tusk
|-end|p2a: Great Tusk|Protosynthesis|[silent]
|upkeep
|
|t:|1758375092
|switch|p2a: Raging Bolt|Raging Bolt|98/100
|-damage|p2a: Raging Bolt|85/100|[from] Spikes
|turn|41
|
|t:|1758375096
|switch|p1a: Blissey|Blissey, F, tera:Dark|100/100
|move|p2a: Raging Bolt|Draco Meteor|p1a: Blissey
|-damage|p1a: Blissey|69/100
|-unboost|p2a: Raging Bolt|spa|2
|-damage|p2a: Raging Bolt|75/100|[from] item: Life Orb
|
|-heal|p1a: Blissey|75/100|[from] item: Leftovers
|upkeep
|turn|42
|-message|nmx123 forfeited.
|
|win|Pacnol
|raw|Pacnol's rating: 1538 &rarr; <strong>1558</strong><br />(+20 for winning)
|raw|nmx123's rating: 1546 &rarr; <strong>1526</strong><br />(-20 for losing)
|l|☆nmx123
|player|p2|
