|j|☆the.ramen.gang
|j|☆krishnawan
|t:|1758234980
|gametype|singles
|player|p1|the.ramen.gang|170|1172
|player|p2|krishnawan|1|1096
|gen|9
|tier|[Gen 9] OU
|rated|
|rule|HP Percentage Mod: HP is shown in percentages
|rule|Endless Battle Clause: Forcing endless battles is banned
|rule|Species Clause: Limit one of each Pokémon
|rule|OHKO Clause: OHKO moves are banned
|rule|Evasion Items Clause: Evasion items are banned
|rule|Evasion Moves Clause: Evasion moves are banned
|rule|Evasion Abilities Clause: Evasion abilities are banned
|rule|Sleep Moves Clause: Sleep-inducing moves are banned
|clearpoke
|poke|p1|Squawkabilly, F|
|poke|p1|Conkeldurr, F|
|poke|p1|Scizor, F|
|poke|p1|Golurk|
|poke|p1|Alcremie, F|
|poke|p1|Dudunsparce-*, M|
|poke|p2|Kingambit, M|
|poke|p2|Feraligatr, M|
|poke|p2|Pelipper, F|
|poke|p2|Dragapult, F|
|poke|p2|Thundurus-Therian, M|
|poke|p2|Great Tusk|
|teampreview
|
|t:|1758234987
|teamsize|p1|6
|teamsize|p2|6
|start
|switch|p1a: Conkeldurr|Conkeldurr, F|100/100
|switch|p2a: Kingambit|Kingambit, M, shiny|100/100
|turn|1
|
|t:|1758235000
|-end|p2a: Kingambit|fallenundefined|[silent]
|switch|p2a: Pelipper|Pelipper, F|100/100
|-weather|RainDance|[from] ability: Drizzle|[of] p2a: Pelipper
|move|p1a: Conkeldurr|Drain Punch|p2a: Pelipper
|-resisted|p2a: Pelipper
|-damage|p2a: Pelipper|71/100
|
|-weather|RainDance|[upkeep]
|-heal|p2a: Pelipper|77/100|[from] item: Leftovers
|upkeep
|turn|2
|
|t:|1758235006
|move|p2a: Pelipper|Hurricane|p1a: Conkeldurr
|-supereffective|p1a: Conkeldurr
|-damage|p1a: Conkeldurr|27/100
|-start|p1a: Conkeldurr|confusion
|-activate|p1a: Conkeldurr|confusion
|-damage|p1a: Conkeldurr|11/100|[from] confusion
|
|-weather|RainDance|[upkeep]
|-heal|p2a: Pelipper|83/100|[from] item: Leftovers
|upkeep
|turn|3
|
|t:|1758235014
|move|p2a: Pelipper|Aqua Ring|p2a: Pelipper
|-start|p2a: Pelipper|Aqua Ring
|-activate|p1a: Conkeldurr|confusion
|-damage|p1a: Conkeldurr|0 fnt|[from] confusion
|faint|p1a: Conkeldurr
|
|-weather|RainDance|[upkeep]
|-heal|p2a: Pelipper|89/100|[from] item: Leftovers
|-heal|p2a: Pelipper|96/100|[from] Aqua Ring
|upkeep
|
|t:|1758235022
|switch|p1a: Dudunsparce|Dudunsparce-Three-Segment, M|100/100
|turn|4
|
|t:|1758235026
|move|p2a: Pelipper|Hurricane|p1a: Dudunsparce
|-damage|p1a: Dudunsparce|70/100
|move|p1a: Dudunsparce|Calm Mind|p1a: Dudunsparce
|-boost|p1a: Dudunsparce|spa|1
|-boost|p1a: Dudunsparce|spd|1
|
|-weather|RainDance|[upkeep]
|-heal|p2a: Pelipper|100/100|[from] item: Leftovers
|-heal|p1a: Dudunsparce|76/100|[from] item: Leftovers
|upkeep
|turn|5
|
|t:|1758235034
|move|p2a: Pelipper|U-turn|p1a: Dudunsparce
|-damage|p1a: Dudunsparce|69/100
|-ability|p1a: Dudunsparce|Rattled|boost
|-boost|p1a: Dudunsparce|spe|1
|
|t:|1758235041
|switch|p2a: Thundurus|Thundurus-Therian, M|100/100|[from] U-turn
|move|p1a: Dudunsparce|Calm Mind|p1a: Dudunsparce
|-boost|p1a: Dudunsparce|spa|1
|-boost|p1a: Dudunsparce|spd|1
|
|-weather|none
|-heal|p1a: Dudunsparce|75/100|[from] item: Leftovers
|upkeep
|turn|6
|inactive|Battle timer is ON: inactive players will automatically lose when time's up. (requested by the.ramen.gang)
|
|t:|1758235071
|switch|p2a: Great Tusk|Great Tusk|100/100
|-enditem|p2a: Great Tusk|Booster Energy
|-activate|p2a: Great Tusk|ability: Protosynthesis|[fromitem]
|-start|p2a: Great Tusk|protosynthesisatk
|move|p1a: Dudunsparce|Boomburst|p2a: Great Tusk
|-crit|p2a: Great Tusk
|-damage|p2a: Great Tusk|0 fnt
|faint|p2a: Great Tusk
|-end|p2a: Great Tusk|Protosynthesis|[silent]
|
|-heal|p1a: Dudunsparce|81/100|[from] item: Leftovers
|upkeep
|
|t:|1758235080
|switch|p2a: Dragapult|Dragapult, F|100/100
|turn|7
|
|t:|1758235086
|move|p2a: Dragapult|Dragon Darts|p1a: Dudunsparce
|-damage|p1a: Dudunsparce|56/100
|-anim|p2a: Dragapult|Dragon Darts|p1a: Dudunsparce
|-damage|p1a: Dudunsparce|30/100
|move|p1a: Dudunsparce|Shadow Ball|p2a: Dragapult
|-supereffective|p2a: Dragapult
|-damage|p2a: Dragapult|18/100
|
|-heal|p1a: Dudunsparce|36/100|[from] item: Leftovers
|upkeep
|turn|8
|
|t:|1758235093
|move|p2a: Dragapult|Dragon Darts|p1a: Dudunsparce
|-damage|p1a: Dudunsparce|10/100
|-anim|p2a: Dragapult|Dragon Darts|p1a: Dudunsparce
|-damage|p1a: Dudunsparce|0 fnt
|faint|p1a: Dudunsparce
|
|upkeep
|
|t:|1758235096
|switch|p1a: Scizor|Scizor, F|100/100
|turn|9
|
|t:|1758235100
|move|p1a: Scizor|Bullet Punch|p2a: Dragapult
|-crit|p2a: Dragapult
|-damage|p2a: Dragapult|0 fnt
|faint|p2a: Dragapult
|
|upkeep
|
|t:|1758235106
|switch|p2a: Pelipper|Pelipper, F|100/100
|-weather|RainDance|[from] ability: Drizzle|[of] p2a: Pelipper
|turn|10
|
|t:|1758235109
|move|p1a: Scizor|Swords Dance|p1a: Scizor
|-boost|p1a: Scizor|atk|2
|move|p2a: Pelipper|Hurricane|p1a: Scizor
|-damage|p1a: Scizor|26/100
|-start|p1a: Scizor|confusion
|
|-weather|RainDance|[upkeep]
|upkeep
|turn|11
|
|t:|1758235124
|-terastallize|p2a: Pelipper|Water
|-activate|p1a: Scizor|confusion
|-damage|p1a: Scizor|0 fnt|[from] confusion
|faint|p1a: Scizor
|move|p2a: Pelipper|Surf|p1: Scizor|[notarget]
|-fail|p2a: Pelipper
|
|-weather|RainDance|[upkeep]
|upkeep
|
|t:|1758235129
|switch|p1a: Squawkabilly|Squawkabilly, F|100/100
|turn|12
|
|t:|1758235135
|move|p1a: Squawkabilly|Brave Bird|p2a: Pelipper
|-damage|p2a: Pelipper|9/100
|-damage|p1a: Squawkabilly|68/100|[from] Recoil
|move|p2a: Pelipper|Surf|p1a: Squawkabilly
|-damage|p1a: Squawkabilly|0 fnt
|faint|p1a: Squawkabilly
|
|-weather|RainDance|[upkeep]
|-heal|p2a: Pelipper|15/100|[from] item: Leftovers
|upkeep
|
|t:|1758235139
|switch|p1a: Alcremie|Alcremie, F|100/100
|turn|13
|
|t:|1758235146
|move|p2a: Pelipper|U-turn|p1a: Alcremie
|-resisted|p1a: Alcremie
|-damage|p1a: Alcremie|95/100
|
|t:|1758235148
|switch|p2a: Kingambit|Kingambit, M, shiny|100/100|[from] U-turn
|-activate|p2a: Kingambit|ability: Supreme Overlord
|-start|p2a: Kingambit|fallen2|[silent]
|move|p1a: Alcremie|Alluring Voice|p2a: Kingambit
|-damage|p2a: Kingambit|73/100
|
|-weather|RainDance|[upkeep]
|-heal|p1a: Alcremie|100/100|[from] item: Leftovers
|upkeep
|turn|14
|
|t:|1758235155
|move|p1a: Alcremie|Alluring Voice|p2a: Kingambit
|-damage|p2a: Kingambit|45/100
|move|p2a: Kingambit|Iron Head|p1a: Alcremie
|-supereffective|p1a: Alcremie
|-damage|p1a: Alcremie|0 fnt
|faint|p1a: Alcremie
|
|-weather|none
|upkeep
|
|t:|1758235158
|switch|p1a: Golurk|Golurk|100/100
|turn|15
|
|t:|1758235165
|-terastallize|p1a: Golurk|Ground
|move|p1a: Golurk|Earthquake|p2a: Kingambit
|-supereffective|p2a: Kingambit
|-damage|p2a: Kingambit|0 fnt
|faint|p2a: Kingambit
|-end|p2a: Kingambit|fallen2|[silent]
|
|upkeep
|
|t:|1758235170
|switch|p2a: Feraligatr|Feraligatr, M|100/100
|turn|16
|
|t:|1758235173
|move|p2a: Feraligatr|Dragon Dance|p2a: Feraligatr
|-boost|p2a: Feraligatr|atk|1
|-boost|p2a: Feraligatr|spe|1
|move|p1a: Golurk|Dynamic Punch|p2a: Feraligatr
|-damage|p2a: Feraligatr|58/100
|-start|p2a: Feraligatr|confusion
|
|-heal|p2a: Feraligatr|64/100|[from] item: Leftovers
|upkeep
|turn|17
|
|t:|1758235180
|-activate|p2a: Feraligatr|confusion
|move|p2a: Feraligatr|Liquidation|p1a: Golurk
|-supereffective|p1a: Golurk
|-damage|p1a: Golurk|0 fnt
|faint|p1a: Golurk
|
|win|krishnawan
|raw|the.ramen.gang's rating: 1172 &rarr; <strong>1142</strong><br />(-30 for losing)
|raw|krishnawan's rating: 1096 &rarr; <strong>1127</strong><br />(+31 for winning)
|l|☆krishnawan
|player|p2|
