|j|☆dadadadaxiji
|j|☆NEMOASUKA
|t:|1758274535
|gametype|singles
|player|p1|dadadadaxiji|dawn|1549
|player|p2|NEMOASUKA|1|1608
|gen|9
|tier|[Gen 9] OU
|rated|
|rule|HP Percentage Mod: HP is shown in percentages
|rule|Endless Battle Clause: Forcing endless battles is banned
|rule|Species Clause: Limit one of each Pokémon
|rule|OHKO Clause: OHKO moves are banned
|rule|Evasion Items Clause: Evasion items are banned
|rule|Evasion Moves Clause: Evasion moves are banned
|rule|Evasion Abilities Clause: Evasion abilities are banned
|rule|Sleep Moves Clause: Sleep-inducing moves are banned
|clearpoke
|poke|p1|Zamazenta-*|
|poke|p1|Iron Valiant|
|poke|p1|Great Tusk|
|poke|p1|Blaziken, M|
|poke|p1|Keldeo-Resolute|
|poke|p1|Zapdos-Galar|
|poke|p2|Ribombee, M|
|poke|p2|Gholdengo|
|poke|p2|Great Tusk|
|poke|p2|Raging Bolt|
|poke|p2|Ogerpon-Cornerstone, F|
|poke|p2|Ceruledge, F|
|teampreview
|inactive|Battle timer is ON: inactive players will automatically lose when time's up. (requested by NEMOASUKA)
|j| amefurikoneko
|
|t:|1758274554
|teamsize|p1|6
|teamsize|p2|6
|start
|switch|p1a: Great Tusk|Great Tusk|100/100
|switch|p2a: NEW DROP|Ribombee, M, shiny|100/100
|turn|1
|
|t:|1758274562
|-terastallize|p1a: Great Tusk|Ground
|move|p2a: NEW DROP|Moonblast|p1a: Great Tusk
|-damage|p1a: Great Tusk|45/100
|move|p1a: Great Tusk|Rapid Spin|p2a: NEW DROP
|-damage|p2a: NEW DROP|65/100
|-boost|p1a: Great Tusk|spe|1
|
|upkeep
|turn|2
|
|t:|1758274572
|switch|p2a: TORE UP|Ceruledge, F, shiny|100/100
|move|p1a: Great Tusk|Headlong Rush|p2a: TORE UP
|-supereffective|p2a: TORE UP
|-enditem|p2a: TORE UP|Focus Sash
|-damage|p2a: TORE UP|1/100
|-unboost|p1a: Great Tusk|def|1
|-unboost|p1a: Great Tusk|spd|1
|-ability|p2a: TORE UP|Weak Armor|boost
|-unboost|p2a: TORE UP|def|1
|-boost|p2a: TORE UP|spe|2
|
|upkeep
|turn|3
|
|t:|1758274591
|-end|p1a: Great Tusk|Protosynthesis|[silent]
|switch|p1a: Zapdos|Zapdos-Galar|100/100
|move|p2a: TORE UP|Bitter Blade|p1a: Zapdos
|-damage|p1a: Zapdos|45/100
|-heal|p2a: TORE UP|31/100|[from] drain|[of] p1a: Zapdos
|
|upkeep
|turn|4
|
|t:|1758274598
|move|p2a: TORE UP|Bitter Blade|p1a: Zapdos
|-damage|p1a: Zapdos|0 fnt
|-heal|p2a: TORE UP|56/100|[from] drain|[of] p1a: Zapdos
|faint|p1a: Zapdos
|
|upkeep
|
|t:|1758274602
|switch|p1a: Blaziken|Blaziken, M|100/100
|turn|5
|
|t:|1758274610
|move|p1a: Blaziken|Protect|p1a: Blaziken
|-singleturn|p1a: Blaziken|Protect
|move|p2a: TORE UP|Close Combat|p1a: Blaziken
|-activate|p1a: Blaziken|move: Protect
|
|-ability|p1a: Blaziken|Speed Boost|boost
|-boost|p1a: Blaziken|spe|1
|upkeep
|turn|6
|
|t:|1758274617
|move|p2a: TORE UP|Close Combat|p1a: Blaziken
|-damage|p1a: Blaziken|31/100
|-unboost|p2a: TORE UP|def|1
|-unboost|p2a: TORE UP|spd|1
|move|p1a: Blaziken|Flare Blitz|p2a: TORE UP
|-resisted|p2a: TORE UP
|-damage|p2a: TORE UP|0 fnt
|faint|p2a: TORE UP
|-damage|p1a: Blaziken|13/100|[from] Recoil
|
|-ability|p1a: Blaziken|Speed Boost|boost
|-boost|p1a: Blaziken|spe|1
|upkeep
|
|t:|1758274630
|switch|p2a: BANDIT|Great Tusk, shiny|100/100
|-enditem|p2a: BANDIT|Booster Energy
|-activate|p2a: BANDIT|ability: Protosynthesis|[fromitem]
|-start|p2a: BANDIT|protosynthesisatk
|turn|7
|
|t:|1758274638
|move|p1a: Blaziken|Flare Blitz|p2a: BANDIT
|-damage|p2a: BANDIT|52/100
|-status|p2a: BANDIT|brn
|-damage|p1a: Blaziken|0 fnt|[from] Recoil
|faint|p1a: Blaziken
|move|p2a: BANDIT|Rapid Spin|p1: Blaziken|[notarget]
|-fail|p2a: BANDIT
|
|-damage|p2a: BANDIT|46/100 brn|[from] brn
|upkeep
|
|t:|1758274646
|switch|p1a: Zamazenta|Zamazenta|100/100
|-ability|p1a: Zamazenta|Dauntless Shield|boost
|-boost|p1a: Zamazenta|def|1
|turn|8
|
|t:|1758274653
|-end|p2a: BANDIT|Protosynthesis|[silent]
|switch|p2a: KRYPTONITE|Gholdengo, shiny|100/100
|-item|p2a: KRYPTONITE|Air Balloon
|move|p1a: Zamazenta|Iron Defense|p1a: Zamazenta
|-boost|p1a: Zamazenta|def|2
|
|upkeep
|turn|9
|
|t:|1758274660
|move|p1a: Zamazenta|Substitute|p1a: Zamazenta
|-start|p1a: Zamazenta|Substitute
|-damage|p1a: Zamazenta|75/100
|move|p2a: KRYPTONITE|Nasty Plot|p2a: KRYPTONITE
|-boost|p2a: KRYPTONITE|spa|2
|
|-heal|p1a: Zamazenta|82/100|[from] item: Leftovers
|upkeep
|turn|10
|
|t:|1758274664
|move|p1a: Zamazenta|Crunch|p2a: KRYPTONITE
|-supereffective|p2a: KRYPTONITE
|-damage|p2a: KRYPTONITE|54/100
|-enditem|p2a: KRYPTONITE|Air Balloon
|move|p2a: KRYPTONITE|Shadow Ball|p1a: Zamazenta
|-end|p1a: Zamazenta|Substitute
|
|-heal|p1a: Zamazenta|88/100|[from] item: Leftovers
|upkeep
|turn|11
|
|t:|1758274667
|move|p1a: Zamazenta|Crunch|p2a: KRYPTONITE
|-supereffective|p2a: KRYPTONITE
|-damage|p2a: KRYPTONITE|8/100
|move|p2a: KRYPTONITE|Shadow Ball|p1a: Zamazenta
|-damage|p1a: Zamazenta|18/100
|
|-heal|p1a: Zamazenta|24/100|[from] item: Leftovers
|upkeep
|turn|12
|
|t:|1758274670
|move|p1a: Zamazenta|Crunch|p2a: KRYPTONITE
|-supereffective|p2a: KRYPTONITE
|-damage|p2a: KRYPTONITE|0 fnt
|faint|p2a: KRYPTONITE
|
|-heal|p1a: Zamazenta|30/100|[from] item: Leftovers
|upkeep
|
|t:|1758274673
|switch|p2a: NEW DROP|Ribombee, M, shiny|65/100
|turn|13
|
|t:|1758274685
|move|p1a: Zamazenta|Body Press|p2a: NEW DROP
|-resisted|p2a: NEW DROP
|-damage|p2a: NEW DROP|28/100
|move|p2a: NEW DROP|Sticky Web|p1a: Zamazenta
|-sidestart|p1: dadadadaxiji|move: Sticky Web
|
|-heal|p1a: Zamazenta|37/100|[from] item: Leftovers
|upkeep
|turn|14
|
|t:|1758274697
|move|p1a: Zamazenta|Body Press|p2a: NEW DROP
|-resisted|p2a: NEW DROP
|-damage|p2a: NEW DROP|0 fnt
|faint|p2a: NEW DROP
|
|-heal|p1a: Zamazenta|43/100|[from] item: Leftovers
|upkeep
|
|t:|1758274699
|switch|p2a: GREAT NECK|Raging Bolt|100/100
|-enditem|p2a: GREAT NECK|Booster Energy
|-activate|p2a: GREAT NECK|ability: Protosynthesis|[fromitem]
|-start|p2a: GREAT NECK|protosynthesisspa
|turn|15
|
|t:|1758274707
|-terastallize|p2a: GREAT NECK|Bug
|move|p1a: Zamazenta|Body Press|p2a: GREAT NECK
|-resisted|p2a: GREAT NECK
|-damage|p2a: GREAT NECK|66/100
|move|p2a: GREAT NECK|Thunderbolt|p1a: Zamazenta
|-damage|p1a: Zamazenta|0 fnt
|faint|p1a: Zamazenta
|
|upkeep
|
|t:|1758274713
|switch|p1a: Great Tusk|Great Tusk, tera:Ground|45/100
|turn|16
|
|t:|1758274730
|move|p1a: Great Tusk|Rapid Spin|p2a: GREAT NECK
|-damage|p2a: GREAT NECK|50/100
|-boost|p1a: Great Tusk|spe|1
|-sideend|p1: dadadadaxiji|Sticky Web|[from] move: Rapid Spin|[of] p1a: Great Tusk
|move|p2a: GREAT NECK|Dragon Pulse|p1a: Great Tusk
|-damage|p1a: Great Tusk|0 fnt
|faint|p1a: Great Tusk
|-end|p1a: Great Tusk|Protosynthesis|[silent]
|
|upkeep
|
|t:|1758274733
|switch|p1a: Iron Valiant|Iron Valiant|100/100
|-enditem|p1a: Iron Valiant|Booster Energy
|-activate|p1a: Iron Valiant|ability: Quark Drive|[fromitem]
|-start|p1a: Iron Valiant|quarkdrivespe
|turn|17
|
|t:|1758274760
|move|p2a: GREAT NECK|Thunderclap|p1a: Iron Valiant
|-damage|p1a: Iron Valiant|2/100
|move|p1a: Iron Valiant|Moonblast|p2a: GREAT NECK
|-damage|p2a: GREAT NECK|4/100
|
|upkeep
|turn|18
|
|t:|1758274770
|move|p2a: GREAT NECK|Thunderclap||[still]
|-fail|p2a: GREAT NECK
|move|p1a: Iron Valiant|Encore|p2a: GREAT NECK
|-start|p2a: GREAT NECK|Encore
|
|upkeep
|turn|19
|
|t:|1758274781
|move|p2a: GREAT NECK|Thunderclap||[still]
|-fail|p2a: GREAT NECK
|move|p1a: Iron Valiant|Destiny Bond|p1a: Iron Valiant
|-singlemove|p1a: Iron Valiant|Destiny Bond
|
|upkeep
|turn|20
|
|t:|1758274787
|move|p2a: GREAT NECK|Thunderclap||[still]
|-fail|p2a: GREAT NECK
|move|p1a: Iron Valiant|Destiny Bond||[still]
|-fail|p1a: Iron Valiant
|
|upkeep
|turn|21
|
|t:|1758274790
|move|p2a: GREAT NECK|Thunderclap||[still]
|-fail|p2a: GREAT NECK
|move|p1a: Iron Valiant|Destiny Bond|p1a: Iron Valiant
|-singlemove|p1a: Iron Valiant|Destiny Bond
|
|-end|p2a: GREAT NECK|Encore
|upkeep
|turn|22
|
|t:|1758274807
|-end|p2a: GREAT NECK|Protosynthesis|[silent]
|switch|p2a: BANDIT|Great Tusk, shiny|46/100 brn
|move|p1a: Iron Valiant|Encore||[still]
|-fail|p1a: Iron Valiant
|
|-damage|p2a: BANDIT|40/100 brn|[from] brn
|upkeep
|turn|23
|inactive|dadadadaxiji has 120 seconds left.
|
|t:|1758274841
|move|p1a: Iron Valiant|Moonblast|p2a: BANDIT
|-supereffective|p2a: BANDIT
|-damage|p2a: BANDIT|0 fnt
|faint|p2a: BANDIT
|-end|p2a: BANDIT|Protosynthesis|[silent]
|
|upkeep
|
|t:|1758274843
|switch|p2a: BROTHER STONE|Ogerpon-Cornerstone, F|100/100
|turn|24
|j| wgw2333
|
|t:|1758274849
|move|p1a: Iron Valiant|Destiny Bond|p1a: Iron Valiant
|-singlemove|p1a: Iron Valiant|Destiny Bond
|move|p2a: BROTHER STONE|Taunt|p1a: Iron Valiant
|-start|p1a: Iron Valiant|move: Taunt
|
|upkeep
|turn|25
|l| wgw2333
|
|t:|1758274861
|move|p1a: Iron Valiant|Moonblast|p2a: BROTHER STONE
|-damage|p2a: BROTHER STONE|42/100
|move|p2a: BROTHER STONE|Ivy Cudgel|p1a: Iron Valiant|[anim] Ivy Cudgel Rock
|-resisted|p1a: Iron Valiant
|-damage|p1a: Iron Valiant|0 fnt
|faint|p1a: Iron Valiant
|-end|p1a: Iron Valiant|Quark Drive|[silent]
|
|upkeep
|c|☆dadadadaxiji|gg
|
|t:|1758274870
|switch|p1a: Keldeo|Keldeo-Resolute|100/100
|turn|26
|c|☆dadadadaxiji|ez
|
|t:|1758274874
|move|p1a: Keldeo|Vacuum Wave|p2a: BROTHER STONE
|-supereffective|p2a: BROTHER STONE
|-damage|p2a: BROTHER STONE|0 fnt
|faint|p2a: BROTHER STONE
|
|upkeep
|
|t:|1758274876
|switch|p2a: GREAT NECK|Raging Bolt, tera:Bug|4/100
|turn|27
|
|t:|1758274878
|move|p1a: Keldeo|Vacuum Wave|p2a: GREAT NECK
|-resisted|p2a: GREAT NECK
|-damage|p2a: GREAT NECK|0 fnt
|faint|p2a: GREAT NECK
|-end|p2a: GREAT NECK|Protosynthesis|[silent]
|
|win|dadadadaxiji
|raw|dadadadaxiji's rating: 1549 &rarr; <strong>1572</strong><br />(+23 for winning)
|raw|NEMOASUKA's rating: 1608 &rarr; <strong>1585</strong><br />(-23 for losing)
|l|☆NEMOASUKA
|player|p2|
|l| amefurikoneko
|l|☆dadadadaxiji
|player|p1|
