|j|☆Tatamii1
|j|☆941kr
|t:|1758278222
|gametype|singles
|player|p1|Tatamii1|roughneck-gen4|1328
|player|p2|941kr|scientist|1266
|gen|9
|tier|[Gen 9] OU
|rated|
|rule|HP Percentage Mod: HP is shown in percentages
|rule|Endless Battle Clause: Forcing endless battles is banned
|rule|Species Clause: Limit one of each Pokémon
|rule|OHKO Clause: OHKO moves are banned
|rule|Evasion Items Clause: Evasion items are banned
|rule|Evasion Moves Clause: Evasion moves are banned
|rule|Evasion Abilities Clause: Evasion abilities are banned
|rule|Sleep Moves Clause: Sleep-inducing moves are banned
|clearpoke
|poke|p1|Corviknight, F|
|poke|p1|Moltres|
|poke|p1|Toxapex, M|
|poke|p1|Darkrai|
|poke|p1|Dragapult, M|
|poke|p1|Zamazenta-*|
|poke|p2|Volcanion|
|poke|p2|Forretress, F|
|poke|p2|Weavile, M|
|poke|p2|Drifblim, F|
|poke|p2|Mabosstiff, M|
|poke|p2|Latias, F|
|teampreview
|inactive|Battle timer is ON: inactive players will automatically lose when time's up. (requested by 941kr)
|
|t:|1758278232
|teamsize|p1|6
|teamsize|p2|6
|start
|switch|p1a: Moltres|Moltres|100/100
|switch|p2a: Forretress|Forretress, F|100/100
|turn|1
|
|t:|1758278235
|move|p1a: Moltres|Flamethrower|p2a: Forretress
|-supereffective|p2a: Forretress
|-ability|p2a: Forretress|Sturdy
|-damage|p2a: Forretress|1/100
|move|p2a: Forretress|Stealth Rock|p1a: Moltres
|-sidestart|p1: Tatamii1|move: Stealth Rock
|
|upkeep
|turn|2
|-enditem|p2a: Forretress|Custap Berry|[eat]
|-activate|p2a: Forretress|item: Custap Berry|[consumed]
|
|t:|1758278242
|move|p2a: Forretress|Explosion|p1a: Moltres
|-damage|p1a: Moltres|46/100
|faint|p2a: Forretress
|move|p1a: Moltres|U-turn|p2: Forretress|[notarget]
|-fail|p1a: Moltres
|
|upkeep
|
|t:|1758278254
|switch|p2a: Volcanion|Volcanion|100/100
|turn|3
|
|t:|1758278260
|switch|p1a: Toxapex|Toxapex, M|100/100
|-damage|p1a: Toxapex|88/100|[from] Stealth Rock
|move|p2a: Volcanion|Steam Eruption|p1a: Toxapex
|-resisted|p1a: Toxapex
|-damage|p1a: Toxapex|71/100
|-status|p1a: Toxapex|brn
|
|-damage|p1a: Toxapex|66/100 brn|[from] brn
|upkeep
|turn|4
|
|t:|1758278267
|move|p2a: Volcanion|Solar Beam||[still]
|-prepare|p2a: Volcanion|Solar Beam
|-enditem|p2a: Volcanion|Power Herb
|-anim|p2a: Volcanion|Solar Beam|p1a: Toxapex
|-damage|p1a: Toxapex|42/100 brn
|move|p1a: Toxapex|Infestation|p2a: Volcanion
|-resisted|p2a: Volcanion
|-damage|p2a: Volcanion|98/100
|-activate|p2a: Volcanion|move: Infestation|[of] p1a: Toxapex
|
|-damage|p1a: Toxapex|36/100 brn|[from] brn
|-damage|p2a: Volcanion|86/100|[from] move: Infestation|[partiallytrapped]
|upkeep
|turn|5
|
|t:|1758278273
|move|p2a: Volcanion|Steam Eruption|p1a: Toxapex
|-resisted|p1a: Toxapex
|-damage|p1a: Toxapex|17/100 brn
|move|p1a: Toxapex|Sludge Bomb|p2a: Volcanion
|-damage|p2a: Volcanion|55/100
|-status|p2a: Volcanion|psn
|
|-damage|p2a: Volcanion|42/100 psn|[from] psn
|-damage|p1a: Toxapex|11/100 brn|[from] brn
|-damage|p2a: Volcanion|30/100 psn|[from] move: Infestation|[partiallytrapped]
|upkeep
|turn|6
|
|t:|1758278278
|move|p2a: Volcanion|Steam Eruption|p1a: Toxapex
|-resisted|p1a: Toxapex
|-damage|p1a: Toxapex|0 fnt
|faint|p1a: Toxapex
|
|-damage|p2a: Volcanion|18/100 psn|[from] psn
|-end|p2a: Volcanion|Infestation|[partiallytrapped]|[silent]
|upkeep
|
|t:|1758278282
|switch|p1a: Darkrai|Darkrai|100/100
|-damage|p1a: Darkrai|88/100|[from] Stealth Rock
|turn|7
|
|t:|1758278286
|move|p1a: Darkrai|Dark Pulse|p2a: Volcanion
|-damage|p2a: Volcanion|0 fnt
|faint|p2a: Volcanion
|
|upkeep
|
|t:|1758278289
|switch|p2a: Weavile|Weavile, M|100/100
|-ability|p2a: Weavile|Pressure
|turn|8
|
|t:|1758278293
|switch|p1a: Moltres|Moltres|46/100
|move|p2a: Weavile|Low Kick|p1a: Moltres
|-resisted|p1a: Moltres
|-damage|p1a: Moltres|37/100
|
|upkeep
|turn|9
|
|t:|1758278297
|switch|p2a: Drifblim|Drifblim, F|100/100
|move|p1a: Moltres|Roost|p1a: Moltres
|-heal|p1a: Moltres|87/100
|-singleturn|p1a: Moltres|move: Roost
|
|upkeep
|turn|10
|
|t:|1758278303
|switch|p1a: Darkrai|Darkrai|88/100
|-damage|p1a: Darkrai|76/100|[from] Stealth Rock
|move|p2a: Drifblim|Shadow Ball|p1a: Darkrai
|-resisted|p1a: Darkrai
|-damage|p1a: Darkrai|57/100
|
|upkeep
|turn|11
|
|t:|1758278310
|-terastallize|p2a: Drifblim|Dark
|move|p1a: Darkrai|Dark Pulse|p2a: Drifblim
|-resisted|p2a: Drifblim
|-damage|p2a: Drifblim|79/100
|move|p2a: Drifblim|Shadow Ball|p1a: Darkrai
|-resisted|p1a: Darkrai
|-damage|p1a: Darkrai|40/100
|
|upkeep
|turn|12
|
|t:|1758278321
|move|p1a: Darkrai|Dark Pulse|p2a: Drifblim
|-resisted|p2a: Drifblim
|-damage|p2a: Drifblim|55/100
|move|p2a: Drifblim|Destiny Bond|p2a: Drifblim
|-singlemove|p2a: Drifblim|Destiny Bond
|
|upkeep
|turn|13
|
|t:|1758278327
|move|p1a: Darkrai|Dark Pulse|p2a: Drifblim
|-resisted|p2a: Drifblim
|-damage|p2a: Drifblim|31/100
|-enditem|p2a: Drifblim|Sitrus Berry|[eat]
|-heal|p2a: Drifblim|56/100|[from] item: Sitrus Berry
|move|p2a: Drifblim|Tailwind|p2a: Drifblim
|-sidestart|p2: 941kr|move: Tailwind
|
|upkeep
|turn|14
|
|t:|1758278333
|move|p2a: Drifblim|Shadow Ball|p1a: Darkrai
|-resisted|p1a: Darkrai
|-damage|p1a: Darkrai|25/100
|move|p1a: Darkrai|Dark Pulse|p2a: Drifblim
|-resisted|p2a: Drifblim
|-damage|p2a: Drifblim|34/100
|
|upkeep
|turn|15
|
|t:|1758278339
|move|p2a: Drifblim|Shadow Ball|p1a: Darkrai
|-resisted|p1a: Darkrai
|-damage|p1a: Darkrai|9/100
|move|p1a: Darkrai|Dark Pulse|p2a: Drifblim
|-resisted|p2a: Drifblim
|-damage|p2a: Drifblim|12/100
|
|upkeep
|turn|16
|
|t:|1758278345
|move|p2a: Drifblim|Shadow Ball|p1a: Darkrai
|-resisted|p1a: Darkrai
|-crit|p1a: Darkrai
|-damage|p1a: Darkrai|0 fnt
|faint|p1a: Darkrai
|
|-sideend|p2: 941kr|move: Tailwind
|upkeep
|
|t:|1758278367
|switch|p1a: Corviknight|Corviknight, F|100/100
|-damage|p1a: Corviknight|88/100|[from] Stealth Rock
|-ability|p1a: Corviknight|Pressure
|turn|17
|
|t:|1758278370
|move|p2a: Drifblim|Destiny Bond|p2a: Drifblim
|-singlemove|p2a: Drifblim|Destiny Bond
|move|p1a: Corviknight|U-turn|p2a: Drifblim
|-supereffective|p2a: Drifblim
|-damage|p2a: Drifblim|0 fnt
|faint|p2a: Drifblim
|-activate|p2a: Drifblim|move: Destiny Bond
|faint|p1a: Corviknight
|
|upkeep
|
|t:|1758278380
|switch|p2a: Mabosstiff|Mabosstiff, M|100/100
|switch|p1a: Zamazenta|Zamazenta|100/100
|-ability|p1a: Zamazenta|Dauntless Shield|boost
|-boost|p1a: Zamazenta|def|1
|turn|18
|
|t:|1758278383
|move|p1a: Zamazenta|Close Combat|p2a: Mabosstiff
|-supereffective|p2a: Mabosstiff
|-damage|p2a: Mabosstiff|0 fnt
|-unboost|p1a: Zamazenta|def|1
|-unboost|p1a: Zamazenta|spd|1
|faint|p2a: Mabosstiff
|
|upkeep
|
|t:|1758278389
|switch|p2a: Latias|Latias, F|100/100
|turn|19
|
|t:|1758278394
|-terastallize|p1a: Zamazenta|Dark
|move|p1a: Zamazenta|Crunch|p2a: Latias
|-supereffective|p2a: Latias
|-damage|p2a: Latias|2/100
|move|p2a: Latias|Psyshock|p1a: Zamazenta
|-immune|p1a: Zamazenta
|
|upkeep
|turn|20
|
|t:|1758278401
|switch|p2a: Weavile|Weavile, M|100/100
|-ability|p2a: Weavile|Pressure
|move|p1a: Zamazenta|Crunch|p2a: Weavile
|-resisted|p2a: Weavile
|-damage|p2a: Weavile|69/100
|
|upkeep
|turn|21
|
|t:|1758278403
|move|p1a: Zamazenta|Close Combat|p2a: Weavile
|-supereffective|p2a: Weavile
|-crit|p2a: Weavile
|-damage|p2a: Weavile|0 fnt
|-unboost|p1a: Zamazenta|def|1
|-unboost|p1a: Zamazenta|spd|1
|faint|p2a: Weavile
|
|upkeep
|
|t:|1758278406
|switch|p2a: Latias|Latias, F|2/100
|turn|22
|
|t:|1758278409
|move|p1a: Zamazenta|Crunch|p2a: Latias
|-supereffective|p2a: Latias
|-damage|p2a: Latias|0 fnt
|faint|p2a: Latias
|
|win|Tatamii1
|raw|Tatamii1's rating: 1328 &rarr; <strong>1344</strong><br />(+16 for winning)
|raw|941kr's rating: 1266 &rarr; <strong>1245</strong><br />(-21 for losing)
|l|☆941kr
|player|p2|
|l|☆Tatamii1
|player|p1|
