|j|☆FinkLarry
|j|☆SilverNick
|t:|1758365481
|gametype|singles
|player|p1|FinkLarry|sisandbro|1248
|player|p2|SilverNick|ethan|1294
|gen|9
|tier|[Gen 9] OU
|rated|
|rule|HP Percentage Mod: HP is shown in percentages
|rule|Endless Battle Clause: Forcing endless battles is banned
|rule|Species Clause: Limit one of each Pokémon
|rule|OHKO Clause: OHKO moves are banned
|rule|Evasion Items Clause: Evasion items are banned
|rule|Evasion Moves Clause: Evasion moves are banned
|rule|Evasion Abilities Clause: Evasion abilities are banned
|rule|Sleep Moves Clause: Sleep-inducing moves are banned
|clearpoke
|poke|p1|Rotom-Wash|
|poke|p1|Dragapult, F|
|poke|p1|Zoroark, F|
|poke|p1|Infernape, M|
|poke|p1|Cinderace, M|
|poke|p1|Kingambit, F|
|poke|p2|Walking Wake|
|poke|p2|Darkrai|
|poke|p2|Pecharunt|
|poke|p2|Ting-Lu|
|poke|p2|Forretress, F|
|poke|p2|Clefable, M|
|teampreview
|c|☆SilverNick|nice team
|
|t:|1758365519
|teamsize|p1|6
|teamsize|p2|6
|start
|switch|p1a: Harrier Du Bois|Dragapult, F|100/100
|switch|p2a: Ting-Lu|Ting-Lu|100/100
|-ability|p2a: Ting-Lu|Vessel of Ruin
|turn|1
|
|t:|1758365537
|move|p1a: Harrier Du Bois|Phantom Force||[still]
|-prepare|p1a: Harrier Du Bois|Phantom Force
|move|p2a: Ting-Lu|Stealth Rock|p1a: Harrier Du Bois
|-sidestart|p1: FinkLarry|move: Stealth Rock
|
|upkeep
|turn|2
|
|t:|1758365588
|move|p1a: Harrier Du Bois|Phantom Force|p2a: Ting-Lu|[from] lockedmove
|-resisted|p2a: Ting-Lu
|-damage|p2a: Ting-Lu|87/100
|-damage|p1a: Harrier Du Bois|91/100|[from] item: Life Orb
|move|p2a: Ting-Lu|Spikes|p1a: Harrier Du Bois
|-sidestart|p1: FinkLarry|Spikes
|
|-heal|p2a: Ting-Lu|93/100|[from] item: Leftovers
|upkeep
|turn|3
|
|t:|1758365598
|move|p1a: Harrier Du Bois|U-turn|p2a: Ting-Lu
|-supereffective|p2a: Ting-Lu
|-damage|p2a: Ting-Lu|63/100
|-damage|p1a: Harrier Du Bois|81/100|[from] item: Life Orb
|
|t:|1758365610
|switch|p1a: Cindelaras|Cinderace, M|100/100|[from] U-turn
|move|p2a: Ting-Lu|Spikes|p1a: Cindelaras
|-sidestart|p1: FinkLarry|Spikes
|
|-heal|p2a: Ting-Lu|69/100|[from] item: Leftovers
|upkeep
|turn|4
|
|t:|1758365618
|move|p1a: Cindelaras|U-turn|p2a: Ting-Lu
|-start|p1a: Cindelaras|typechange|Bug|[from] ability: Libero
|-supereffective|p2a: Ting-Lu
|-damage|p2a: Ting-Lu|38/100
|
|t:|1758365625
|switch|p1a: infer r*pe|Infernape, M|100/100|[from] U-turn
|-damage|p1a: infer r*pe|88/100|[from] Stealth Rock
|-damage|p1a: infer r*pe|72/100|[from] Spikes
|move|p2a: Ting-Lu|Spikes|p1a: infer r*pe
|-sidestart|p1: FinkLarry|Spikes
|
|-heal|p2a: Ting-Lu|44/100|[from] item: Leftovers
|upkeep
|turn|5
|
|t:|1758365636
|switch|p2a: Pecharunt|Pecharunt|100/100
|move|p1a: infer r*pe|U-turn|p2a: Pecharunt
|-resisted|p2a: Pecharunt
|-damage|p2a: Pecharunt|98/100
|-damage|p1a: infer r*pe|55/100|[from] item: Rocky Helmet|[of] p2a: Pecharunt
|
|t:|1758365654
|switch|p1a: Harrier Du Bois|Dragapult, F|81/100|[from] U-turn
|-damage|p1a: Harrier Du Bois|69/100|[from] Stealth Rock
|-damage|p1a: Harrier Du Bois|44/100|[from] Spikes
|
|upkeep
|turn|6
|
|t:|1758365679
|switch|p2a: Forretress|Forretress, F|100/100
|move|p1a: Harrier Du Bois|Phantom Force||[still]
|-prepare|p1a: Harrier Du Bois|Phantom Force
|
|upkeep
|turn|7
|
|t:|1758365689
|move|p1a: Harrier Du Bois|Phantom Force|p2a: Forretress|[from] lockedmove
|-damage|p2a: Forretress|71/100
|-damage|p1a: Harrier Du Bois|34/100|[from] item: Life Orb
|move|p2a: Forretress|Volt Switch|p1a: Harrier Du Bois
|-resisted|p1a: Harrier Du Bois
|-damage|p1a: Harrier Du Bois|27/100
|
|t:|1758365737
|switch|p2a: Clefable|Clefable, M|100/100|[from] Volt Switch
|
|upkeep
|turn|8
|
|t:|1758365751
|move|p1a: Harrier Du Bois|Phantom Force||[still]
|-prepare|p1a: Harrier Du Bois|Phantom Force
|move|p2a: Clefable|Knock Off|p1a: Harrier Du Bois|[miss]
|-miss|p2a: Clefable|p1a: Harrier Du Bois
|
|upkeep
|turn|9
|
|t:|1758365755
|move|p1a: Harrier Du Bois|Phantom Force|p2a: Clefable|[from] lockedmove
|-damage|p2a: Clefable|43/100
|-damage|p1a: Harrier Du Bois|17/100|[from] item: Life Orb
|move|p2a: Clefable|Knock Off|p1a: Harrier Du Bois
|-supereffective|p1a: Harrier Du Bois
|-damage|p1a: Harrier Du Bois|0 fnt
|-enditem|p1a: Harrier Du Bois|Life Orb|[from] move: Knock Off|[of] p2a: Clefable
|faint|p1a: Harrier Du Bois
|
|-heal|p2a: Clefable|49/100|[from] item: Leftovers
|upkeep
|
|t:|1758365783
|switch|p1a: Cindelaras|Cinderace, M|100/100
|turn|10
|
|t:|1758365789
|move|p1a: Cindelaras|Court Change|p1a: Cindelaras
|-start|p1a: Cindelaras|typechange|Normal|[from] ability: Libero
|-swapsideconditions
|-activate|p1a: Cindelaras|move: Court Change
|move|p2a: Clefable|Thunder Wave|p1a: Cindelaras
|-status|p1a: Cindelaras|par
|
|-heal|p2a: Clefable|55/100|[from] item: Leftovers
|upkeep
|turn|11
|
|t:|1758365807
|move|p1a: Cindelaras|High Jump Kick|p2a: Clefable
|-resisted|p2a: Clefable
|-damage|p2a: Clefable|36/100
|move|p2a: Clefable|Knock Off|p1a: Cindelaras
|-damage|p1a: Cindelaras|77/100 par
|-enditem|p1a: Cindelaras|Heavy-Duty Boots|[from] move: Knock Off|[of] p2a: Clefable
|
|-heal|p2a: Clefable|42/100|[from] item: Leftovers
|upkeep
|turn|12
|
|t:|1758365818
|move|p1a: Cindelaras|U-turn|p2a: Clefable
|-resisted|p2a: Clefable
|-damage|p2a: Clefable|32/100
|
|t:|1758365822
|switch|p1a: infer r*pe|Infernape, M|55/100|[from] U-turn
|move|p2a: Clefable|Wish|p2a: Clefable
|
|-heal|p2a: Clefable|38/100|[from] item: Leftovers
|upkeep
|turn|13
|
|t:|1758365836
|move|p1a: infer r*pe|Flare Blitz|p2a: Clefable
|-damage|p2a: Clefable|0 fnt
|faint|p2a: Clefable
|-damage|p1a: infer r*pe|39/100|[from] Recoil
|
|upkeep
|
|t:|1758365841
|switch|p2a: Pecharunt|Pecharunt|98/100
|-damage|p2a: Pecharunt|85/100|[from] Stealth Rock
|-damage|p2a: Pecharunt|60/100|[from] Spikes
|turn|14
|
|t:|1758365849
|move|p1a: infer r*pe|Flare Blitz|p2a: Pecharunt
|-damage|p2a: Pecharunt|31/100
|-damage|p1a: infer r*pe|22/100|[from] item: Rocky Helmet|[of] p2a: Pecharunt
|-damage|p1a: infer r*pe|10/100|[from] Recoil
|move|p2a: Pecharunt|Recover|p2a: Pecharunt
|-heal|p2a: Pecharunt|81/100
|
|upkeep
|turn|15
|inactive|Battle timer is ON: inactive players will automatically lose when time's up. (requested by SilverNick)
|
|t:|1758365868
|move|p1a: infer r*pe|Flare Blitz|p2a: Pecharunt
|-damage|p2a: Pecharunt|50/100
|-damage|p1a: infer r*pe|0 fnt|[from] item: Rocky Helmet|[of] p2a: Pecharunt
|faint|p1a: infer r*pe
|move|p2a: Pecharunt|Recover|p2a: Pecharunt
|-heal|p2a: Pecharunt|100/100
|
|upkeep
|
|t:|1758365877
|switch|p1a: Cindelaras|Cinderace, M|77/100 par
|turn|16
|
|t:|1758365893
|move|p2a: Pecharunt|Malignant Chain|p1a: Cindelaras
|-damage|p1a: Cindelaras|34/100 par
|cant|p1a: Cindelaras|par
|
|upkeep
|turn|17
|
|t:|1758365903
|move|p2a: Pecharunt|Malignant Chain|p1a: Cindelaras
|-damage|p1a: Cindelaras|0 fnt
|faint|p1a: Cindelaras
|
|upkeep
|
|t:|1758365911
|switch|p1a: Mona Kimura|Kingambit, F|100/100
|turn|18
|inactive|FinkLarry has 120 seconds left.
|
|t:|1758365943
|move|p1a: Mona Kimura|Swords Dance|p1a: Mona Kimura
|-boost|p1a: Mona Kimura|atk|2
|move|p2a: Pecharunt|Parting Shot|p1a: Mona Kimura
|-unboost|p1a: Mona Kimura|atk|1
|-unboost|p1a: Mona Kimura|spa|1
|
|t:|1758365955
|switch|p2a: Forretress|Forretress, F|71/100|[from] Parting Shot
|
|upkeep
|turn|19
|inactive|FinkLarry has 120 seconds left.
|inactive|FinkLarry has 90 seconds left.
|
|t:|1758366016
|move|p1a: Mona Kimura|Swords Dance|p1a: Mona Kimura
|-boost|p1a: Mona Kimura|atk|2
|move|p2a: Forretress|Body Press|p1a: Mona Kimura
|-supereffective|p1a: Mona Kimura
|-damage|p1a: Mona Kimura|0 fnt
|replace|p1a: CobyPersin|Zoroark, F
|-end|p1a: CobyPersin|Illusion
|faint|p1a: CobyPersin
|
|upkeep
|
|t:|1758366028
|switch|p1a: ZA/UM|Rotom-Wash|100/100
|turn|20
|
|t:|1758366037
|move|p1a: ZA/UM|Hydro Pump|p2a: Forretress
|-damage|p2a: Forretress|7/100
|move|p2a: Forretress|Rapid Spin|p1a: ZA/UM
|-crit|p1a: ZA/UM
|-damage|p1a: ZA/UM|83/100
|-boost|p2a: Forretress|spe|1
|-sideend|p2: SilverNick|Spikes|[from] move: Rapid Spin|[of] p2a: Forretress
|-sideend|p2: SilverNick|Stealth Rock|[from] move: Rapid Spin|[of] p2a: Forretress
|
|-heal|p1a: ZA/UM|89/100|[from] item: Leftovers
|upkeep
|turn|21
|
|t:|1758366056
|switch|p2a: Walking Wake|Walking Wake|100/100
|move|p1a: ZA/UM|Will-O-Wisp|p2a: Walking Wake
|-status|p2a: Walking Wake|brn
|
|-heal|p1a: ZA/UM|95/100|[from] item: Leftovers
|-damage|p2a: Walking Wake|94/100 brn|[from] brn
|upkeep
|turn|22
|
|t:|1758366068
|move|p1a: ZA/UM|Protect|p1a: ZA/UM
|-singleturn|p1a: ZA/UM|Protect
|move|p2a: Walking Wake|Knock Off|p1a: ZA/UM
|-activate|p1a: ZA/UM|move: Protect
|
|-heal|p1a: ZA/UM|100/100|[from] item: Leftovers
|-damage|p2a: Walking Wake|88/100 brn|[from] brn
|upkeep
|turn|23
|inactive|FinkLarry has 90 seconds left.
|
|t:|1758366076
|move|p2a: Walking Wake|Knock Off|p1a: ZA/UM
|-damage|p1a: ZA/UM|87/100
|-enditem|p1a: ZA/UM|Leftovers|[from] move: Knock Off|[of] p2a: Walking Wake
|move|p1a: ZA/UM|Hydro Pump|p2a: Walking Wake
|-resisted|p2a: Walking Wake
|-damage|p2a: Walking Wake|77/100 brn
|
|-damage|p2a: Walking Wake|71/100 brn|[from] brn
|upkeep
|turn|24
|
|t:|1758366084
|move|p1a: ZA/UM|Protect|p1a: ZA/UM
|-singleturn|p1a: ZA/UM|Protect
|move|p2a: Walking Wake|Dragon Dance|p2a: Walking Wake
|-boost|p2a: Walking Wake|atk|1
|-boost|p2a: Walking Wake|spe|1
|
|-damage|p2a: Walking Wake|65/100 brn|[from] brn
|upkeep
|turn|25
|
|t:|1758366096
|move|p2a: Walking Wake|Dragon Dance|p2a: Walking Wake
|-boost|p2a: Walking Wake|atk|1
|-boost|p2a: Walking Wake|spe|1
|move|p1a: ZA/UM|Hydro Pump|p2a: Walking Wake|[miss]
|-miss|p1a: ZA/UM|p2a: Walking Wake
|
|-damage|p2a: Walking Wake|59/100 brn|[from] brn
|upkeep
|turn|26
|
|t:|1758366107
|move|p2a: Walking Wake|Dragon Dance|p2a: Walking Wake
|-boost|p2a: Walking Wake|atk|1
|-boost|p2a: Walking Wake|spe|1
|move|p1a: ZA/UM|Volt Switch|p2a: Walking Wake
|-damage|p2a: Walking Wake|31/100 brn
|
|t:|1758366114
|switch|p1a: Mona Kimura|Kingambit, F|100/100|[from] Volt Switch
|-activate|p1a: Mona Kimura|ability: Supreme Overlord
|-start|p1a: Mona Kimura|fallen4|[silent]
|
|-damage|p2a: Walking Wake|25/100 brn|[from] brn
|upkeep
|turn|27
|
|t:|1758366121
|-end|p1a: Mona Kimura|fallen4|[silent]
|switch|p1a: ZA/UM|Rotom-Wash|87/100
|move|p2a: Walking Wake|Liquidation|p1a: ZA/UM
|-resisted|p1a: ZA/UM
|-damage|p1a: ZA/UM|66/100
|-unboost|p1a: ZA/UM|def|1
|
|-damage|p2a: Walking Wake|19/100 brn|[from] brn
|upkeep
|turn|28
|
|t:|1758366130
|move|p1a: ZA/UM|Protect|p1a: ZA/UM
|-singleturn|p1a: ZA/UM|Protect
|move|p2a: Walking Wake|Dragon Claw|p1a: ZA/UM
|-activate|p1a: ZA/UM|move: Protect
|
|-damage|p2a: Walking Wake|13/100 brn|[from] brn
|upkeep
|turn|29
|
|t:|1758366138
|move|p2a: Walking Wake|Dragon Claw|p1a: ZA/UM
|-damage|p1a: ZA/UM|7/100
|move|p1a: ZA/UM|Hydro Pump|p2a: Walking Wake|[miss]
|-miss|p1a: ZA/UM|p2a: Walking Wake
|
|-damage|p2a: Walking Wake|7/100 brn|[from] brn
|upkeep
|turn|30
|
|t:|1758366147
|move|p1a: ZA/UM|Protect|p1a: ZA/UM
|-singleturn|p1a: ZA/UM|Protect
|move|p2a: Walking Wake|Knock Off|p1a: ZA/UM
|-activate|p1a: ZA/UM|move: Protect
|
|-damage|p2a: Walking Wake|1/100 brn|[from] brn
|upkeep
|turn|31
|inactive|FinkLarry has 120 seconds left.
|
|t:|1758366159
|move|p2a: Walking Wake|Knock Off|p1a: ZA/UM
|-damage|p1a: ZA/UM|0 fnt
|faint|p1a: ZA/UM
|
|-damage|p2a: Walking Wake|0 fnt|[from] brn
|faint|p2a: Walking Wake
|-end|p2a: Walking Wake|Protosynthesis|[silent]
|upkeep
|
|t:|1758366165
|switch|p2a: Darkrai|Darkrai|100/100
|switch|p1a: Mona Kimura|Kingambit, F|100/100
|-activate|p1a: Mona Kimura|ability: Supreme Overlord
|-start|p1a: Mona Kimura|fallen5|[silent]
|turn|32
|inactive|FinkLarry has 120 seconds left.
|inactive|FinkLarry has 90 seconds left.
|inactive|FinkLarry has 60 seconds left.
|
|t:|1758366244
|-terastallize|p1a: Mona Kimura|Flying
|move|p2a: Darkrai|Focus Blast|p1a: Mona Kimura
|-resisted|p1a: Mona Kimura
|-crit|p1a: Mona Kimura
|-damage|p1a: Mona Kimura|72/100
|move|p1a: Mona Kimura|Swords Dance|p1a: Mona Kimura
|-boost|p1a: Mona Kimura|atk|2
|
|-heal|p1a: Mona Kimura|78/100|[from] item: Leftovers
|upkeep
|turn|33
|
|t:|1758366254
|move|p2a: Darkrai|Ice Beam|p1a: Mona Kimura
|-supereffective|p1a: Mona Kimura
|-damage|p1a: Mona Kimura|9/100
|move|p1a: Mona Kimura|Swords Dance|p1a: Mona Kimura
|-boost|p1a: Mona Kimura|atk|2
|
|-heal|p1a: Mona Kimura|15/100|[from] item: Leftovers
|upkeep
|turn|34
|
|t:|1758366263
|move|p1a: Mona Kimura|Sucker Punch|p2a: Darkrai
|-resisted|p2a: Darkrai
|-damage|p2a: Darkrai|0 fnt
|faint|p2a: Darkrai
|
|-heal|p1a: Mona Kimura|21/100|[from] item: Leftovers
|upkeep
|
|t:|1758366267
|switch|p2a: Pecharunt|Pecharunt|100/100
|turn|35
|
|t:|1758366274
|-terastallize|p2a: Pecharunt|Dark
|move|p1a: Mona Kimura|Sucker Punch|p2a: Pecharunt
|-resisted|p2a: Pecharunt
|-damage|p2a: Pecharunt|53/100
|-damage|p1a: Mona Kimura|5/100|[from] item: Rocky Helmet|[of] p2a: Pecharunt
|move|p2a: Pecharunt|Malignant Chain|p1a: Mona Kimura
|-damage|p1a: Mona Kimura|0 fnt
|faint|p1a: Mona Kimura
|-end|p1a: Mona Kimura|fallen5|[silent]
|
|win|SilverNick
|raw|FinkLarry's rating: 1248 &rarr; <strong>1226</strong><br />(-22 for losing)
|raw|SilverNick's rating: 1294 &rarr; <strong>1316</strong><br />(+22 for winning)
|l|☆SilverNick
|player|p2|
