|j|☆bertoskyT
|j|☆leezee-yy
|t:|1758276904
|gametype|singles
|player|p1|bertoskyT|ethan|1355
|player|p2|leezee-yy|steven|1380
|gen|9
|tier|[Gen 9] OU
|rated|
|rule|HP Percentage Mod: HP is shown in percentages
|rule|Endless Battle Clause: Forcing endless battles is banned
|rule|Species Clause: Limit one of each Pokémon
|rule|OHKO Clause: OHKO moves are banned
|rule|Evasion Items Clause: Evasion items are banned
|rule|Evasion Moves Clause: Evasion moves are banned
|rule|Evasion Abilities Clause: Evasion abilities are banned
|rule|Sleep Moves Clause: Sleep-inducing moves are banned
|clearpoke
|poke|p1|Dragapult, M|
|poke|p1|Glimmora, F|
|poke|p1|Ogerpon-Wellspring, F|
|poke|p1|Kingambit, F|
|poke|p1|Slowking-Galar, M|
|poke|p1|Forretress, M|
|poke|p2|Gengar, M|
|poke|p2|Conkeldurr, F|
|poke|p2|Metagross|
|poke|p2|Zapdos|
|poke|p2|Meowscarada, F|
|poke|p2|Zamazenta-*|
|teampreview
|inactive|Battle timer is ON: inactive players will automatically lose when time's up. (requested by leezee-yy)
|
|t:|1758276919
|teamsize|p1|6
|teamsize|p2|6
|start
|switch|p1a: Glimmora|Glimmora, F|100/100
|switch|p2a: Gengar|Gengar, M|100/100
|turn|1
|
|t:|1758276922
|move|p2a: Gengar|Shadow Ball|p1a: Glimmora
|-damage|p1a: Glimmora|47/100
|move|p1a: Glimmora|Stealth Rock|p2a: Gengar
|-sidestart|p2: leezee-yy|move: Stealth Rock
|
|upkeep
|turn|2
|
|t:|1758276928
|move|p2a: Gengar|Shadow Ball|p1a: Glimmora
|-damage|p1a: Glimmora|0 fnt
|faint|p1a: Glimmora
|
|upkeep
|
|t:|1758276935
|switch|p1a: Dragapult|Dragapult, M|100/100
|turn|3
|
|t:|1758276939
|move|p1a: Dragapult|Sucker Punch|p2a: Gengar
|-supereffective|p2a: Gengar
|-enditem|p2a: Gengar|Focus Sash
|-damage|p2a: Gengar|1/100
|-start|p1a: Dragapult|Disable|Sucker Punch|[from] ability: Cursed Body|[of] p2a: Gengar
|move|p2a: Gengar|Shadow Ball|p1a: Dragapult
|-supereffective|p1a: Dragapult
|-damage|p1a: Dragapult|0 fnt
|faint|p1a: Dragapult
|
|upkeep
|
|t:|1758276950
|switch|p1a: Forretress|Forretress, M|100/100
|turn|4
|
|t:|1758276952
|move|p2a: Gengar|Shadow Ball|p1a: Forretress
|-damage|p1a: Forretress|42/100
|move|p1a: Forretress|Volt Switch|p2a: Gengar
|-damage|p2a: Gengar|0 fnt
|-start|p1a: Forretress|Disable|Volt Switch|[from] ability: Cursed Body|[of] p2a: Gengar
|faint|p2a: Gengar
|
|t:|1758276955
|switch|p1a: Ogerpon|Ogerpon-Wellspring, F|100/100|[from] Volt Switch
|
|upkeep
|
|t:|1758276964
|switch|p2a: Meowscarada|Meowscarada, F|100/100
|-damage|p2a: Meowscarada|88/100|[from] Stealth Rock
|turn|5
|
|t:|1758276975
|move|p2a: Meowscarada|U-turn|p1a: Ogerpon
|-start|p2a: Meowscarada|typechange|Bug|[from] ability: Protean
|-supereffective|p1a: Ogerpon
|-damage|p1a: Ogerpon|0 fnt
|faint|p1a: Ogerpon
|
|t:|1758276980
|switch|p2a: Conkeldurr|Conkeldurr, F|100/100|[from] U-turn
|-damage|p2a: Conkeldurr|94/100|[from] Stealth Rock
|
|-heal|p2a: Conkeldurr|100/100|[from] item: Leftovers
|upkeep
|
|t:|1758276986
|switch|p1a: Slowking|Slowking-Galar, M|100/100
|turn|6
|
|t:|1758276989
|move|p2a: Conkeldurr|Defog|p1a: Slowking
|-unboost|p1a: Slowking|evasion|1
|-sideend|p2: leezee-yy|Stealth Rock|[from] move: Defog|[of] p2a: Conkeldurr
|move|p1a: Slowking|Thunder Wave|p2a: Conkeldurr|[miss]
|-miss|p1a: Slowking|p2a: Conkeldurr
|
|upkeep
|turn|7
|-message|bertoskyT forfeited.
|
|win|leezee-yy
|raw|bertoskyT's rating: 1355 &rarr; <strong>1336</strong><br />(-19 for losing)
|raw|leezee-yy's rating: 1380 &rarr; <strong>1399</strong><br />(+19 for winning)
|l|☆bertoskyT
|player|p1|
|l|☆leezee-yy
|player|p2|
