|j|☆RighteousHideous
|j|☆Clavdiangel
|t:|1758377773
|gametype|singles
|player|p1|RighteousHideous|fisherman-gen4|1443
|player|p2|Clavdiangel|irida|1462
|gen|9
|tier|[Gen 9] OU
|rated|
|rule|HP Percentage Mod: HP is shown in percentages
|rule|Endless Battle Clause: Forcing endless battles is banned
|rule|Species Clause: Limit one of each Pokémon
|rule|OHKO Clause: OHKO moves are banned
|rule|Evasion Items Clause: Evasion items are banned
|rule|Evasion Moves Clause: Evasion moves are banned
|rule|Evasion Abilities Clause: Evasion abilities are banned
|rule|Sleep Moves Clause: Sleep-inducing moves are banned
|clearpoke
|poke|p1|Gholdengo|
|poke|p1|Walking Wake|
|poke|p1|Samurott-Hisui, M|
|poke|p1|Iron Treads|
|poke|p1|Sinistcha-Masterpiece|
|poke|p1|Zamazenta-*|
|poke|p2|Alomomola, F|
|poke|p2|Garganacl, F|
|poke|p2|Toxtricity-Low-Key, M|
|poke|p2|Slowking-Galar, F|
|poke|p2|Ogerpon-Wellspring, F|
|poke|p2|Kingambit, M|
|teampreview
|inactive|Battle timer is ON: inactive players will automatically lose when time's up. (requested by Clavdiangel)
|
|t:|1758377780
|teamsize|p1|6
|teamsize|p2|6
|start
|switch|p1a: Walking Wake|Walking Wake|100/100
|switch|p2a: Toxtricity|Toxtricity-Low-Key, M|100/100
|turn|1
|
|t:|1758377789
|switch|p2a: Alomomola|Alomomola, F|100/100
|move|p1a: Walking Wake|Draco Meteor|p2a: Alomomola
|-crit|p2a: Alomomola
|-damage|p2a: Alomomola|0 fnt
|-unboost|p1a: Walking Wake|spa|2
|faint|p2a: Alomomola
|
|upkeep
|
|t:|1758377806
|switch|p2a: Garganacl|Garganacl, F|100/100
|turn|2
|
|t:|1758377810
|-end|p1a: Walking Wake|Protosynthesis|[silent]
|switch|p1a: Gholdengo|Gholdengo|100/100
|move|p2a: Garganacl|Salt Cure|p1a: Gholdengo
|-resisted|p1a: Gholdengo
|-damage|p1a: Gholdengo|92/100
|-start|p1a: Gholdengo|Salt Cure
|
|-damage|p1a: Gholdengo|67/100|[from] Salt Cure
|upkeep
|turn|3
|
|t:|1758377818
|switch|p2a: Slowking|Slowking-Galar, F, shiny|100/100
|move|p1a: Gholdengo|Trick|p2a: Slowking
|-activate|p1a: Gholdengo|move: Trick|[of] p2a: Slowking
|-item|p2a: Slowking|Choice Scarf|[from] move: Trick
|-item|p1a: Gholdengo|Heavy-Duty Boots|[from] move: Trick
|
|-damage|p1a: Gholdengo|43/100|[from] Salt Cure
|upkeep
|turn|4
|
|t:|1758377827
|switch|p1a: Samurott|Samurott-Hisui, M|100/100
|-prepare|p2a: Slowking|Chilly Reception|[premajor]
|move|p2a: Slowking|Chilly Reception|p2a: Slowking
|-weather|Snowscape
|
|t:|1758377829
|switch|p2a: Toxtricity|Toxtricity-Low-Key, M|100/100|[from] Chilly Reception
|
|-weather|Snowscape|[upkeep]
|upkeep
|turn|5
|
|t:|1758377835
|switch|p2a: Ogerpon|Ogerpon-Wellspring, F|100/100
|switch|p1a: Iron Treads|Iron Treads|100/100
|
|-weather|Snowscape|[upkeep]
|upkeep
|turn|6
|
|t:|1758377854
|-end|p1a: Iron Treads|Quark Drive|[silent]
|switch|p1a: Sinistcha|Sinistcha-Masterpiece|100/100
|move|p2a: Ogerpon|Substitute|p2a: Ogerpon
|-start|p2a: Ogerpon|Substitute
|-damage|p2a: Ogerpon|76/100
|
|-weather|Snowscape|[upkeep]
|upkeep
|turn|7
|
|t:|1758377861
|move|p2a: Ogerpon|Ivy Cudgel|p1a: Sinistcha|[anim] Ivy Cudgel Water
|-resisted|p1a: Sinistcha
|-damage|p1a: Sinistcha|71/100
|move|p1a: Sinistcha|Shadow Ball|p2a: Ogerpon
|-end|p2a: Ogerpon|Substitute
|
|-weather|Snowscape|[upkeep]
|upkeep
|turn|8
|
|t:|1758377870
|switch|p2a: Garganacl|Garganacl, F|100/100
|move|p1a: Sinistcha|Matcha Gotcha|p2a: Garganacl
|-supereffective|p2a: Garganacl
|-damage|p2a: Garganacl|28/100
|-heal|p1a: Sinistcha|100/100|[from] drain|[of] p2a: Garganacl
|
|-weather|none
|-heal|p2a: Garganacl|34/100|[from] item: Leftovers
|upkeep
|turn|9
|
|t:|1758377880
|switch|p2a: Toxtricity|Toxtricity-Low-Key, M|100/100
|move|p1a: Sinistcha|Matcha Gotcha|p2a: Toxtricity
|-resisted|p2a: Toxtricity
|-damage|p2a: Toxtricity|69/100
|
|upkeep
|turn|10
|
|t:|1758377890
|switch|p1a: Iron Treads|Iron Treads|100/100
|move|p2a: Toxtricity|Sludge Wave|p1a: Iron Treads
|-immune|p1a: Iron Treads
|
|upkeep
|turn|11
|
|t:|1758377905
|switch|p2a: Ogerpon|Ogerpon-Wellspring, F|76/100
|move|p1a: Iron Treads|Earthquake|p2a: Ogerpon
|-resisted|p2a: Ogerpon
|-damage|p2a: Ogerpon|43/100
|
|upkeep
|turn|12
|
|t:|1758377916
|switch|p2a: Kingambit|Kingambit, M|100/100
|-activate|p2a: Kingambit|ability: Supreme Overlord
|-start|p2a: Kingambit|fallen1|[silent]
|-end|p1a: Iron Treads|Quark Drive|[silent]
|switch|p1a: Sinistcha|Sinistcha-Masterpiece|100/100
|
|upkeep
|turn|13
|
|t:|1758377929
|switch|p1a: Zamazenta|Zamazenta|100/100
|-ability|p1a: Zamazenta|Dauntless Shield|boost
|-boost|p1a: Zamazenta|def|1
|move|p2a: Kingambit|Substitute|p2a: Kingambit
|-start|p2a: Kingambit|Substitute
|-damage|p2a: Kingambit|75/100
|
|-heal|p2a: Kingambit|82/100|[from] item: Leftovers
|upkeep
|turn|14
|
|t:|1758377947
|move|p1a: Zamazenta|Close Combat|p2a: Kingambit
|-supereffective|p2a: Kingambit
|-end|p2a: Kingambit|Substitute
|-unboost|p1a: Zamazenta|def|1
|-unboost|p1a: Zamazenta|spd|1
|-damage|p1a: Zamazenta|91/100|[from] item: Life Orb
|move|p2a: Kingambit|Swords Dance|p2a: Kingambit
|-boost|p2a: Kingambit|atk|2
|
|-heal|p2a: Kingambit|88/100|[from] item: Leftovers
|upkeep
|turn|15
|
|t:|1758377960
|-terastallize|p2a: Kingambit|Fire
|move|p1a: Zamazenta|Close Combat|p2a: Kingambit
|-damage|p2a: Kingambit|35/100
|-unboost|p1a: Zamazenta|def|1
|-unboost|p1a: Zamazenta|spd|1
|-damage|p1a: Zamazenta|81/100|[from] item: Life Orb
|move|p2a: Kingambit|Swords Dance|p2a: Kingambit
|-boost|p2a: Kingambit|atk|2
|
|-heal|p2a: Kingambit|41/100|[from] item: Leftovers
|upkeep
|turn|16
|
|t:|1758377973
|move|p1a: Zamazenta|Close Combat|p2a: Kingambit
|-damage|p2a: Kingambit|0 fnt
|-unboost|p1a: Zamazenta|def|1
|-unboost|p1a: Zamazenta|spd|1
|faint|p2a: Kingambit
|-end|p2a: Kingambit|fallen1|[silent]
|-damage|p1a: Zamazenta|71/100|[from] item: Life Orb
|
|upkeep
|-message|Clavdiangel forfeited.
|
|win|RighteousHideous
|raw|RighteousHideous's rating: 1443 &rarr; <strong>1464</strong><br />(+21 for winning)
|raw|Clavdiangel's rating: 1462 &rarr; <strong>1441</strong><br />(-21 for losing)
|l|☆Clavdiangel
|player|p2|
|l|☆RighteousHideous
|player|p1|
