|j|☆SAURHEAD and PAIN
|j|☆tommy1928
|t:|1758239765
|gametype|singles
|player|p1|SAURHEAD and PAIN|byron|1485
|player|p2|tommy1928|101|1530
|gen|9
|tier|[Gen 9] OU
|rated|
|rule|HP Percentage Mod: HP is shown in percentages
|rule|Endless Battle Clause: Forcing endless battles is banned
|rule|Species Clause: Limit one of each Pokémon
|rule|OHKO Clause: OHKO moves are banned
|rule|Evasion Items Clause: Evasion items are banned
|rule|Evasion Moves Clause: Evasion moves are banned
|rule|Evasion Abilities Clause: Evasion abilities are banned
|rule|Sleep Moves Clause: Sleep-inducing moves are banned
|clearpoke
|poke|p1|Ursaluna, F|
|poke|p1|Meowscarada, F|
|poke|p1|Slowking-Galar, F|
|poke|p1|Great Tusk|
|poke|p1|Moltres|
|poke|p1|Gholdengo|
|poke|p2|Torkoal, F|
|poke|p2|Comfey, F|
|poke|p2|Raging Bolt|
|poke|p2|Corviknight, F|
|poke|p2|Walking Wake|
|poke|p2|Slowking-Galar, M|
|teampreview
|inactive|Battle timer is ON: inactive players will automatically lose when time's up. (requested by SAURHEAD and PAIN)
|
|t:|1758239780
|teamsize|p1|6
|teamsize|p2|6
|start
|switch|p1a: Great Tusk|Great Tusk|100/100
|switch|p2a: Torkoal|Torkoal, F, shiny|100/100
|-weather|SunnyDay|[from] ability: Drought|[of] p2a: Torkoal
|-activate|p1a: Great Tusk|ability: Protosynthesis
|-start|p1a: Great Tusk|protosynthesisatk
|turn|1
|
|t:|1758239792
|-end|p1a: Great Tusk|Protosynthesis|[silent]
|switch|p1a: Slowking|Slowking-Galar, F|100/100
|switch|p2a: Corviknight|Corviknight, F|100/100
|
|-weather|SunnyDay|[upkeep]
|upkeep
|turn|2
|
|t:|1758239798
|move|p2a: Corviknight|U-turn|p1a: Slowking
|-crit|p1a: Slowking
|-damage|p1a: Slowking|86/100
|
|t:|1758239803
|switch|p2a: Raging Bolt|Raging Bolt|100/100|[from] U-turn
|-activate|p2a: Raging Bolt|ability: Protosynthesis
|-start|p2a: Raging Bolt|protosynthesisspa
|move|p1a: Slowking|Future Sight|p2a: Raging Bolt
|-start|p1a: Slowking|move: Future Sight
|
|-weather|SunnyDay|[upkeep]
|upkeep
|turn|3
|
|t:|1758239810
|move|p2a: Raging Bolt|Calm Mind|p2a: Raging Bolt
|-boost|p2a: Raging Bolt|spa|1
|-boost|p2a: Raging Bolt|spd|1
|-prepare|p1a: Slowking|Chilly Reception|[premajor]
|move|p1a: Slowking|Chilly Reception|p1a: Slowking
|-weather|Snowscape
|-end|p2a: Raging Bolt|Protosynthesis
|
|t:|1758239813
|switch|p1a: Ursaluna|Ursaluna, F|100/100|[from] Chilly Reception
|
|-weather|Snowscape|[upkeep]
|upkeep
|turn|4
|
|t:|1758239826
|move|p2a: Raging Bolt|Dragon Pulse|p1a: Ursaluna
|-crit|p1a: Ursaluna
|-damage|p1a: Ursaluna|52/100
|move|p1a: Ursaluna|Bulk Up|p1a: Ursaluna
|-boost|p1a: Ursaluna|atk|1
|-boost|p1a: Ursaluna|def|1
|
|-weather|Snowscape|[upkeep]
|-end|p2a: Raging Bolt|move: Future Sight
|-damage|p2a: Raging Bolt|74/100
|-heal|p2a: Raging Bolt|80/100|[from] item: Leftovers
|-heal|p1a: Ursaluna|58/100|[from] item: Leftovers
|upkeep
|turn|5
|inactive|tommy1928 has 120 seconds left.
|
|t:|1758239872
|move|p2a: Raging Bolt|Dragon Pulse|p1a: Ursaluna
|-damage|p1a: Ursaluna|25/100
|move|p1a: Ursaluna|Earthquake|p2a: Raging Bolt
|-supereffective|p2a: Raging Bolt
|-damage|p2a: Raging Bolt|4/100
|
|-weather|Snowscape|[upkeep]
|-heal|p2a: Raging Bolt|11/100|[from] item: Leftovers
|-heal|p1a: Ursaluna|31/100|[from] item: Leftovers
|upkeep
|turn|6
|
|t:|1758239884
|move|p1a: Ursaluna|Protect|p1a: Ursaluna
|-singleturn|p1a: Ursaluna|Protect
|move|p2a: Raging Bolt|Dragon Pulse|p1a: Ursaluna
|-activate|p1a: Ursaluna|move: Protect
|
|-weather|Snowscape|[upkeep]
|-heal|p2a: Raging Bolt|17/100|[from] item: Leftovers
|-heal|p1a: Ursaluna|37/100|[from] item: Leftovers
|upkeep
|turn|7
|inactive|tommy1928 has 120 seconds left.
|
|t:|1758239893
|move|p2a: Raging Bolt|Dragon Pulse|p1a: Ursaluna
|-damage|p1a: Ursaluna|0 fnt
|faint|p1a: Ursaluna
|
|-weather|none
|-heal|p2a: Raging Bolt|23/100|[from] item: Leftovers
|upkeep
|
|t:|1758239902
|switch|p1a: Great Tusk|Great Tusk|100/100
|turn|8
|
|t:|1758239908
|-terastallize|p2a: Raging Bolt|Bug
|move|p1a: Great Tusk|Headlong Rush|p2a: Raging Bolt
|-resisted|p2a: Raging Bolt
|-damage|p2a: Raging Bolt|4/100
|-unboost|p1a: Great Tusk|def|1
|-unboost|p1a: Great Tusk|spd|1
|move|p2a: Raging Bolt|Dragon Pulse|p1a: Great Tusk
|-damage|p1a: Great Tusk|0 fnt
|faint|p1a: Great Tusk
|-end|p1a: Great Tusk|Protosynthesis|[silent]
|
|-heal|p2a: Raging Bolt|11/100|[from] item: Leftovers
|upkeep
|c|☆SAURHEAD and PAIN|omg this is so dumb
|c|☆SAURHEAD and PAIN|fuck ass tera
|
|t:|1758239925
|switch|p1a: Meowscarada|Meowscarada, F|100/100
|turn|9
|
|t:|1758239932
|-end|p2a: Raging Bolt|Protosynthesis|[silent]
|switch|p2a: Corviknight|Corviknight, F|100/100
|move|p1a: Meowscarada|U-turn|p2a: Corviknight
|-resisted|p2a: Corviknight
|-damage|p2a: Corviknight|97/100
|-damage|p1a: Meowscarada|84/100|[from] item: Rocky Helmet|[of] p2a: Corviknight
|-message|SAURHEAD and PAIN forfeited.
|
|win|tommy1928
