|j|☆chandan 1300
|j|☆hi_dexter_morgan
|inactive|Battle timer is ON: inactive players will automatically lose when time's up.
|t:|1758256805
|gametype|singles
|player|p1|chandan 1300|cynthia-gen4|
|player|p2|hi_dexter_morgan|101|
|gen|9
|tier|[Gen 9] OU
|rated|Tournament battle
|rule|HP Percentage Mod: HP is shown in percentages
|rule|Endless Battle Clause: Forcing endless battles is banned
|rule|Species Clause: Limit one of each Pokémon
|rule|OHKO Clause: OHKO moves are banned
|rule|Evasion Items Clause: Evasion items are banned
|rule|Evasion Moves Clause: Evasion moves are banned
|rule|Evasion Abilities Clause: Evasion abilities are banned
|rule|Sleep Moves Clause: Sleep-inducing moves are banned
|raw|<div class="infobox"><details class="readmore" open><summary><strong>1 custom rule:</strong></summary> forceselect=avalugg</details></div>
|clearpoke
|poke|p1|Zamazenta-*|
|poke|p1|Ninetales-Alola, F|
|poke|p1|Darkrai|
|poke|p1|Ceruledge, M|
|poke|p1|Gliscor, M|
|poke|p1|Avalugg, M|
|poke|p2|Darkrai|
|poke|p2|Gliscor, M|
|poke|p2|Dragapult, M|
|poke|p2|Samurott-Hisui, M|
|poke|p2|Avalugg, F|
|poke|p2|Cinderace, F|
|teampreview
|j|*Lady Monita ☀
|inactive|chandan 1300 also wants the timer to be on.
|
|t:|1758256811
|teamsize|p1|6
|teamsize|p2|6
|start
|switch|p1a: Ninetales|Ninetales-Alola, F|100/100
|switch|p2a: Gliscor|Gliscor, M|100/100
|-weather|Snowscape|[from] ability: Snow Warning|[of] p1a: Ninetales
|turn|1
|inactive|chandan 1300 has 120 seconds left.
|c|☆hi_dexter_morgan|bro be quick
|inactive|chandan 1300 has 90 seconds left.
|
|t:|1758256890
|switch|p2a: Cinderace|Cinderace, F|100/100
|move|p1a: Ninetales|Freeze-Dry|p2a: Cinderace
|-resisted|p2a: Cinderace
|-damage|p2a: Cinderace|85/100
|-status|p2a: Cinderace|frz
|
|-weather|Snowscape|[upkeep]
|upkeep
|turn|2
|
|t:|1758256913
|cant|p2a: Cinderace|frz
|move|p1a: Ninetales|Aurora Veil|p1a: Ninetales
|-sidestart|p1: chandan 1300|move: Aurora Veil
|
|-weather|Snowscape|[upkeep]
|upkeep
|turn|3
|inactive|chandan 1300 has 90 seconds left.
|
|t:|1758256923
|switch|p1a: Ceruledge|Ceruledge, M|100/100
|cant|p2a: Cinderace|frz
|
|-weather|Snowscape|[upkeep]
|upkeep
|turn|4
|
|t:|1758256929
|-curestatus|p2a: Cinderace|frz|[msg]
|move|p2a: Cinderace|Flame Charge|p1a: Ceruledge
|-start|p1a: Ceruledge|ability: Flash Fire
|move|p1a: Ceruledge|Bulk Up|p1a: Ceruledge
|-boost|p1a: Ceruledge|atk|1
|-boost|p1a: Ceruledge|def|1
|
|-weather|Snowscape|[upkeep]
|upkeep
|turn|5
|inactive|chandan 1300 has 90 seconds left.
|
|t:|1758256951
|switch|p2a: Samurott|Samurott-Hisui, M|100/100
|move|p1a: Ceruledge|Bulk Up|p1a: Ceruledge
|-boost|p1a: Ceruledge|atk|1
|-boost|p1a: Ceruledge|def|1
|
|-weather|none
|upkeep
|turn|6
|inactive|hi_dexter_morgan has 120 seconds left.
|inactive|hi_dexter_morgan has 90 seconds left.
|c|☆chandan 1300|quick
|
|t:|1758257037
|move|p2a: Samurott|Aqua Cutter|p1a: Ceruledge
|-supereffective|p1a: Ceruledge
|-damage|p1a: Ceruledge|72/100
|move|p1a: Ceruledge|Bitter Blade|p2a: Samurott
|-resisted|p2a: Samurott
|-damage|p2a: Samurott|34/100
|-heal|p1a: Ceruledge|100/100|[from] drain|[of] p2a: Samurott
|
|-heal|p2a: Samurott|40/100|[from] item: Leftovers
|upkeep
|turn|7
|
|t:|1758257044
|move|p2a: Samurott|Ceaseless Edge|p1a: Ceruledge
|-supereffective|p1a: Ceruledge
|-damage|p1a: Ceruledge|74/100
|-sidestart|p1: chandan 1300|Spikes
|move|p1a: Ceruledge|Bitter Blade|p2a: Samurott
|-resisted|p2a: Samurott
|-damage|p2a: Samurott|0 fnt
|-heal|p1a: Ceruledge|92/100|[from] drain|[of] p2a: Samurott
|faint|p2a: Samurott
|
|upkeep
|
|t:|1758257049
|switch|p2a: Darkrai|Darkrai|100/100
|turn|8
|
|t:|1758257062
|move|p2a: Darkrai|Dark Pulse|p1a: Ceruledge
|-supereffective|p1a: Ceruledge
|-damage|p1a: Ceruledge|50/100
|-damage|p2a: Darkrai|91/100|[from] item: Life Orb
|move|p1a: Ceruledge|Bitter Blade|p2a: Darkrai
|-damage|p2a: Darkrai|0 fnt
|-heal|p1a: Ceruledge|86/100|[from] drain|[of] p2a: Darkrai
|faint|p2a: Darkrai
|
|upkeep
|
|t:|1758257067
|switch|p2a: Gliscor|Gliscor, M|100/100
|turn|9
|inactive|chandan 1300 has 90 seconds left.
|
|t:|1758257114
|move|p2a: Gliscor|Swords Dance|p2a: Gliscor
|-boost|p2a: Gliscor|atk|2
|move|p1a: Ceruledge|Bitter Blade|p2a: Gliscor
|-damage|p2a: Gliscor|0 fnt
|-heal|p1a: Ceruledge|100/100|[from] drain|[of] p2a: Gliscor
|faint|p2a: Gliscor
|
|-sideend|p1: chandan 1300|move: Aurora Veil
|upkeep
|
|t:|1758257119
|switch|p2a: Dragapult|Dragapult, M|100/100
|turn|10
|
|t:|1758257124
|-terastallize|p1a: Ceruledge|Bug
|move|p1a: Ceruledge|Shadow Sneak|p2a: Dragapult
|-supereffective|p2a: Dragapult
|-damage|p2a: Dragapult|8/100
|move|p2a: Dragapult|Shadow Ball|p1a: Ceruledge
|-damage|p1a: Ceruledge|63/100
|
|upkeep
|turn|11
|inactive|chandan 1300 has 90 seconds left.
|-message|hi_dexter_morgan forfeited.
|
|win|chandan 1300
|n|☆chandan 1300|chandan1300
|n|☆hi_dexter_morgan|hidextermorgan
|n|*Lady Monita ☀|ladymonita
