|j|☆ikthoizzykil
|j|☆luisfe1707
|t:|1758298164
|gametype|singles
|player|p1|ikthoizzykil|pokemaniac-gen3rs|1343
|player|p2|luisfe1707|265|1335
|gen|9
|tier|[Gen 9] OU
|rated|
|rule|HP Percentage Mod: HP is shown in percentages
|rule|Endless Battle Clause: Forcing endless battles is banned
|rule|Species Clause: Limit one of each Pokémon
|rule|OHKO Clause: OHKO moves are banned
|rule|Evasion Items Clause: Evasion items are banned
|rule|Evasion Moves Clause: Evasion moves are banned
|rule|Evasion Abilities Clause: Evasion abilities are banned
|rule|Sleep Moves Clause: Sleep-inducing moves are banned
|clearpoke
|poke|p1|Landorus-Therian, M|
|poke|p1|Ogerpon-Wellspring, F|
|poke|p1|Iron Crown|
|poke|p1|Clefable, M|
|poke|p1|Darkrai|
|poke|p1|Cinderace, M|
|poke|p2|Kingambit, M|
|poke|p2|Ursaluna, M|
|poke|p2|Raging Bolt|
|poke|p2|Araquanid, F|
|poke|p2|Hatterene, F|
|poke|p2|Deoxys-Defense|
|teampreview
|inactive|Battle timer is ON: inactive players will automatically lose when time's up. (requested by ikthoizzykil)
|
|t:|1758298191
|teamsize|p1|6
|teamsize|p2|6
|start
|switch|p1a: Clefable|Clefable, M|100/100
|switch|p2a: Araquanid|Araquanid, F|100/100
|turn|1
|inactive|luisfe1707 has 120 seconds left.
|inactive|luisfe1707 has 90 seconds left.
|
|t:|1758298255
|move|p1a: Clefable|Knock Off|p2a: Araquanid
|-damage|p2a: Araquanid|85/100
|-enditem|p2a: Araquanid|Choice Band|[from] move: Knock Off|[of] p1a: Clefable
|move|p2a: Araquanid|Liquidation|p1a: Clefable
|-damage|p1a: Clefable|49/100
|
|-heal|p1a: Clefable|55/100|[from] item: Leftovers
|upkeep
|turn|2
|
|t:|1758298265
|move|p1a: Clefable|Moonlight|p1a: Clefable
|-heal|p1a: Clefable|100/100
|move|p2a: Araquanid|Leech Life|p1a: Clefable
|-resisted|p1a: Clefable
|-damage|p1a: Clefable|90/100
|-heal|p2a: Araquanid|92/100|[from] drain|[of] p1a: Clefable
|
|-heal|p1a: Clefable|96/100|[from] item: Leftovers
|upkeep
|turn|3
|
|t:|1758298276
|move|p1a: Clefable|Stealth Rock|p2a: Araquanid
|-sidestart|p2: luisfe1707|move: Stealth Rock
|move|p2a: Araquanid|Liquidation|p1a: Clefable
|-damage|p1a: Clefable|44/100
|
|-heal|p1a: Clefable|50/100|[from] item: Leftovers
|upkeep
|turn|4
|
|t:|1758298282
|switch|p1a: Ogerpon|Ogerpon-Wellspring, F|100/100
|move|p2a: Araquanid|Liquidation|p1a: Ogerpon
|-immune|p1a: Ogerpon|[from] ability: Water Absorb
|
|upkeep
|turn|5
|
|t:|1758298295
|switch|p1a: Cinderace|Cinderace, M|100/100
|move|p2a: Araquanid|Leech Life|p1a: Cinderace
|-resisted|p1a: Cinderace
|-damage|p1a: Cinderace|83/100
|-heal|p2a: Araquanid|100/100|[from] drain|[of] p1a: Cinderace
|
|upkeep
|turn|6
|
|t:|1758298302
|move|p1a: Cinderace|Will-O-Wisp|p2a: Araquanid
|-immune|p2a: Araquanid|[from] ability: Water Bubble
|move|p2a: Araquanid|Liquidation|p1a: Cinderace
|-supereffective|p1a: Cinderace
|-damage|p1a: Cinderace|0 fnt
|faint|p1a: Cinderace
|
|upkeep
|
|t:|1758298315
|switch|p1a: Landorus|Landorus-Therian, M|100/100
|-ability|p1a: Landorus|Intimidate|boost
|-unboost|p2a: Araquanid|atk|1
|turn|7
|
|t:|1758298323
|move|p1a: Landorus|U-turn|p2a: Araquanid
|-damage|p2a: Araquanid|71/100
|
|t:|1758298328
|switch|p1a: Ogerpon|Ogerpon-Wellspring, F|100/100|[from] U-turn
|move|p2a: Araquanid|Liquidation|p1a: Ogerpon
|-immune|p1a: Ogerpon|[from] ability: Water Absorb
|
|upkeep
|turn|8
|
|t:|1758298334
|move|p1a: Ogerpon|Power Whip|p2a: Araquanid|[miss]
|-miss|p1a: Ogerpon|p2a: Araquanid
|move|p2a: Araquanid|Leech Life|p1a: Ogerpon
|-supereffective|p1a: Ogerpon
|-damage|p1a: Ogerpon|42/100
|-heal|p2a: Araquanid|97/100|[from] drain|[of] p1a: Ogerpon
|
|upkeep
|turn|9
|
|t:|1758298344
|-terastallize|p1a: Ogerpon|Water
|detailschange|p1a: Ogerpon|Ogerpon-Wellspring-Tera, F, tera:Water
|-ability|p1a: Ogerpon|Embody Aspect (Wellspring)|boost
|-boost|p1a: Ogerpon|spd|1
|move|p1a: Ogerpon|Power Whip|p2a: Araquanid
|-damage|p2a: Araquanid|20/100
|move|p2a: Araquanid|Leech Life|p1a: Ogerpon
|-damage|p1a: Ogerpon|16/100
|-heal|p2a: Araquanid|32/100|[from] drain|[of] p1a: Ogerpon
|
|upkeep
|turn|10
|
|t:|1758298359
|move|p1a: Ogerpon|Trailblaze|p2a: Araquanid
|-damage|p2a: Araquanid|0 fnt
|-boost|p1a: Ogerpon|spe|1
|faint|p2a: Araquanid
|
|upkeep
|
|t:|1758298375
|switch|p2a: Deoxys|Deoxys-Defense|100/100
|-ability|p2a: Deoxys|Pressure
|turn|11
|
|t:|1758298381
|move|p1a: Ogerpon|Ivy Cudgel|p2a: Deoxys|[anim] Ivy Cudgel Water
|-damage|p2a: Deoxys|40/100
|move|p2a: Deoxys|Trick Room|p2a: Deoxys
|-fieldstart|move: Trick Room|[of] p2a: Deoxys
|
|upkeep
|turn|12
|
|t:|1758298394
|move|p2a: Deoxys|Knock Off|p1a: Ogerpon
|-damage|p1a: Ogerpon|1/100
|move|p1a: Ogerpon|Ivy Cudgel|p2a: Deoxys|[anim] Ivy Cudgel Water
|-damage|p2a: Deoxys|0 fnt
|faint|p2a: Deoxys
|
|upkeep
|
|t:|1758298398
|switch|p2a: Ursaluna|Ursaluna, M|100/100
|-damage|p2a: Ursaluna|94/100|[from] Stealth Rock
|turn|13
|
|t:|1758298403
|switch|p1a: Landorus|Landorus-Therian, M|100/100
|-ability|p1a: Landorus|Intimidate|boost
|-unboost|p2a: Ursaluna|atk|1
|move|p2a: Ursaluna|Facade|p1a: Landorus
|-damage|p1a: Landorus|70/100
|
|-status|p2a: Ursaluna|brn|[from] item: Flame Orb
|upkeep
|turn|14
|
|t:|1758298425
|switch|p1a: Iron Crown|Iron Crown|100/100
|move|p2a: Ursaluna|Swords Dance|p2a: Ursaluna
|-boost|p2a: Ursaluna|atk|2
|
|-damage|p2a: Ursaluna|88/100 brn|[from] brn
|upkeep
|turn|15
|
|t:|1758298433
|-end|p1a: Iron Crown|Quark Drive|[silent]
|switch|p1a: Landorus|Landorus-Therian, M|70/100
|-ability|p1a: Landorus|Intimidate|boost
|-unboost|p2a: Ursaluna|atk|1
|move|p2a: Ursaluna|Fire Punch|p1a: Landorus
|-damage|p1a: Landorus|15/100
|-status|p1a: Landorus|brn
|
|-damage|p2a: Ursaluna|82/100 brn|[from] brn
|-damage|p1a: Landorus|9/100 brn|[from] brn
|-fieldend|move: Trick Room
|upkeep
|turn|16
|
|t:|1758298443
|move|p1a: Landorus|Earthquake|p2a: Ursaluna
|-damage|p2a: Ursaluna|61/100 brn
|move|p2a: Ursaluna|Facade|p1a: Landorus
|-damage|p1a: Landorus|0 fnt
|faint|p1a: Landorus
|
|-damage|p2a: Ursaluna|54/100 brn|[from] brn
|upkeep
|
|t:|1758298451
|switch|p1a: Ogerpon|Ogerpon-Wellspring-Tera, F, tera:Water|1/100
|-ability|p1a: Ogerpon|Embody Aspect (Wellspring)|boost
|-boost|p1a: Ogerpon|spd|1
|turn|17
|
|t:|1758298464
|switch|p2a: Raging Bolt|Raging Bolt|100/100
|-damage|p2a: Raging Bolt|88/100|[from] Stealth Rock
|move|p1a: Ogerpon|Ivy Cudgel|p2a: Raging Bolt|[anim] Ivy Cudgel Water
|-resisted|p2a: Raging Bolt
|-damage|p2a: Raging Bolt|52/100
|
|-heal|p2a: Raging Bolt|59/100|[from] item: Leftovers
|upkeep
|turn|18
|inactive|ikthoizzykil has 120 seconds left.
|
|t:|1758298501
|move|p1a: Ogerpon|Play Rough|p2a: Raging Bolt
|-supereffective|p2a: Raging Bolt
|-damage|p2a: Raging Bolt|0 fnt
|faint|p2a: Raging Bolt
|-end|p2a: Raging Bolt|Protosynthesis|[silent]
|
|upkeep
|
|t:|1758298511
|switch|p2a: Kingambit|Kingambit, M|100/100
|-damage|p2a: Kingambit|94/100|[from] Stealth Rock
|-activate|p2a: Kingambit|ability: Supreme Overlord
|-start|p2a: Kingambit|fallen3|[silent]
|turn|19
|
|t:|1758298521
|move|p2a: Kingambit|Sucker Punch|p1a: Ogerpon
|-damage|p1a: Ogerpon|0 fnt
|faint|p1a: Ogerpon
|detailschange|p1: Ogerpon|Ogerpon-Wellspring, F|[silent]
|
|upkeep
|
|t:|1758298526
|switch|p1a: Clefable|Clefable, M|50/100
|turn|20
|
|t:|1758298540
|move|p1a: Clefable|Knock Off|p2a: Kingambit
|-resisted|p2a: Kingambit
|-damage|p2a: Kingambit|89/100
|-enditem|p2a: Kingambit|Lum Berry|[from] move: Knock Off|[of] p1a: Clefable
|move|p2a: Kingambit|Swords Dance|p2a: Kingambit
|-boost|p2a: Kingambit|atk|2
|
|-heal|p1a: Clefable|56/100|[from] item: Leftovers
|upkeep
|turn|21
|
|t:|1758298548
|move|p1a: Clefable|Moonblast|p2a: Kingambit
|-damage|p2a: Kingambit|61/100
|move|p2a: Kingambit|Iron Head|p1a: Clefable
|-supereffective|p1a: Clefable
|-damage|p1a: Clefable|0 fnt
|faint|p1a: Clefable
|
|upkeep
|
|t:|1758298554
|switch|p1a: Darkrai|Darkrai|100/100
|turn|22
|
|t:|1758298582
|move|p1a: Darkrai|Nasty Plot|p1a: Darkrai
|-boost|p1a: Darkrai|spa|2
|move|p2a: Kingambit|Iron Head|p1a: Darkrai
|-damage|p1a: Darkrai|0 fnt
|faint|p1a: Darkrai
|
|upkeep
|-message|ikthoizzykil forfeited.
|
|win|luisfe1707
|raw|ikthoizzykil's rating: 1343 &rarr; <strong>1324</strong><br />(-19 for losing)
|raw|luisfe1707's rating: 1357 &rarr; <strong>1376</strong><br />(+19 for winning)
|l|☆ikthoizzykil
|player|p1|
|l|☆luisfe1707
|player|p2|
