|j|☆Common Krookodile
|j|☆NotClevey
|t:|1758245106
|gametype|singles
|player|p1|Common Krookodile|burglar|1371
|player|p2|NotClevey|pryce|1337
|gen|9
|tier|[Gen 9] OU
|rated|
|rule|HP Percentage Mod: HP is shown in percentages
|rule|Endless Battle Clause: Forcing endless battles is banned
|rule|Species Clause: Limit one of each Pokémon
|rule|OHKO Clause: OHKO moves are banned
|rule|Evasion Items Clause: Evasion items are banned
|rule|Evasion Moves Clause: Evasion moves are banned
|rule|Evasion Abilities Clause: Evasion abilities are banned
|rule|Sleep Moves Clause: Sleep-inducing moves are banned
|clearpoke
|poke|p1|Pelipper, F|
|poke|p1|Hatterene, F|
|poke|p1|Iron Treads|
|poke|p1|Toxicroak, F|
|poke|p1|Barraskewda, F|
|poke|p1|Zapdos|
|poke|p2|Cinderace, M|
|poke|p2|Enamorus, F|
|poke|p2|Alomomola, F|
|poke|p2|Dragapult, M|
|poke|p2|Corviknight, F|
|poke|p2|Ogerpon, F|
|teampreview
|inactive|Battle timer is ON: inactive players will automatically lose when time's up. (requested by NotClevey)
|
|t:|1758245115
|teamsize|p1|6
|teamsize|p2|6
|start
|switch|p1a: Pelipper|Pelipper, F|100/100
|switch|p2a: 星月纵酒对天叹|Enamorus, F|100/100
|-weather|RainDance|[from] ability: Drizzle|[of] p1a: Pelipper
|turn|1
|
|t:|1758245124
|switch|p2a: PinklePinkle|Alomomola, F|100/100
|switch|p1a: Zapdos|Zapdos|100/100
|
|-weather|RainDance|[upkeep]
|upkeep
|turn|2
|
|t:|1758245129
|move|p1a: Zapdos|Volt Switch|p2a: PinklePinkle
|-supereffective|p2a: PinklePinkle
|-damage|p2a: PinklePinkle|33/100
|
|t:|1758245132
|switch|p1a: Toxicroak|Toxicroak, F|100/100|[from] Volt Switch
|move|p2a: PinklePinkle|Mirror Coat|p1a: Toxicroak
|-damage|p1a: Toxicroak|0 fnt
|faint|p1a: Toxicroak
|
|-weather|RainDance|[upkeep]
|upkeep
|
|t:|1758245139
|switch|p1a: Zapdos|Zapdos|100/100
|turn|3
|
|t:|1758245144
|-terastallize|p2a: PinklePinkle|Dragon
|move|p1a: Zapdos|Hurricane|p2a: PinklePinkle
|-damage|p2a: PinklePinkle|0 fnt
|faint|p2a: PinklePinkle
|
|-weather|RainDance|[upkeep]
|upkeep
|
|t:|1758245159
|switch|p2a: 鬼影|Dragapult, M|100/100
|turn|4
|
|t:|1758245164
|move|p2a: 鬼影|Dragon Darts|p1a: Zapdos
|-damage|p1a: Zapdos|66/100
|-anim|p2a: 鬼影|Dragon Darts|p1a: Zapdos
|-damage|p1a: Zapdos|30/100
|move|p1a: Zapdos|Hurricane|p2a: 鬼影
|-damage|p2a: 鬼影|0 fnt
|faint|p2a: 鬼影
|
|-weather|RainDance|[upkeep]
|upkeep
|
|t:|1758245174
|switch|p2a: 一棒子敲亖你喵|Ogerpon, F|100/100
|turn|5
|
|t:|1758245181
|switch|p1a: Iron Treads|Iron Treads|100/100
|move|p2a: 一棒子敲亖你喵|Ivy Cudgel|p1a: Iron Treads
|-damage|p1a: Iron Treads|46/100
|
|-weather|RainDance|[upkeep]
|-heal|p1a: Iron Treads|52/100|[from] item: Leftovers
|upkeep
|turn|6
|
|t:|1758245187
|move|p2a: 一棒子敲亖你喵|Ivy Cudgel|p1a: Iron Treads
|-damage|p1a: Iron Treads|0 fnt
|faint|p1a: Iron Treads
|-end|p1a: Iron Treads|Quark Drive|[silent]
|
|-weather|RainDance|[upkeep]
|upkeep
|
|t:|1758245198
|switch|p1a: Barraskewda|Barraskewda, F|100/100
|turn|7
|
|t:|1758245202
|-terastallize|p1a: Barraskewda|Water
|move|p1a: Barraskewda|Liquidation|p2a: 一棒子敲亖你喵
|-resisted|p2a: 一棒子敲亖你喵
|-damage|p2a: 一棒子敲亖你喵|1/100
|move|p2a: 一棒子敲亖你喵|Ivy Cudgel|p1a: Barraskewda
|-supereffective|p1a: Barraskewda
|-crit|p1a: Barraskewda
|-damage|p1a: Barraskewda|0 fnt
|faint|p1a: Barraskewda
|
|-weather|RainDance|[upkeep]
|upkeep
|
|t:|1758245208
|switch|p1a: Pelipper|Pelipper, F|100/100
|turn|8
|
|t:|1758245212
|move|p2a: 一棒子敲亖你喵|Ivy Cudgel|p1a: Pelipper
|-crit|p1a: Pelipper
|-damage|p1a: Pelipper|0 fnt
|faint|p1a: Pelipper
|
|-weather|none
|upkeep
|
|t:|1758245214
|switch|p1a: Hatterene|Hatterene, F|100/100
|turn|9
|
|t:|1758245216
|move|p2a: 一棒子敲亖你喵|Ivy Cudgel|p1a: Hatterene
|-damage|p1a: Hatterene|36/100
|-enditem|p1a: Hatterene|Eject Button
|
|t:|1758245219
|switch|p1a: Zapdos|Zapdos|30/100
|
|upkeep
|turn|10
|
|t:|1758245222
|move|p2a: 一棒子敲亖你喵|Ivy Cudgel|p1a: Zapdos
|-resisted|p1a: Zapdos
|-crit|p1a: Zapdos
|-damage|p1a: Zapdos|0 fnt
|faint|p1a: Zapdos
|
|upkeep
|
|t:|1758245224
|switch|p1a: Hatterene|Hatterene, F|36/100
|turn|11
|c|☆Common Krookodile|gg
|
|t:|1758245227
|move|p2a: 一棒子敲亖你喵|Ivy Cudgel|p1a: Hatterene
|-damage|p1a: Hatterene|0 fnt
|faint|p1a: Hatterene
|
|win|NotClevey
|raw|Common Krookodile's rating: 1371 &rarr; <strong>1349</strong><br />(-22 for losing)
|raw|NotClevey's rating: 1337 &rarr; <strong>1359</strong><br />(+22 for winning)
|l|☆Common Krookodile
|player|p1|
|c|☆NotClevey|sry
|c|☆NotClevey|gg
