|j|☆Shyve
|j|☆St. Saturn
|t:|1758291172
|gametype|singles
|player|p1|Shyve|rocketgruntf|1525
|player|p2|St. Saturn|veteran|1498
|gen|9
|tier|[Gen 9] OU
|rated|
|rule|HP Percentage Mod: HP is shown in percentages
|rule|Endless Battle Clause: Forcing endless battles is banned
|rule|Species Clause: Limit one of each Pokémon
|rule|OHKO Clause: OHKO moves are banned
|rule|Evasion Items Clause: Evasion items are banned
|rule|Evasion Moves Clause: Evasion moves are banned
|rule|Evasion Abilities Clause: Evasion abilities are banned
|rule|Sleep Moves Clause: Sleep-inducing moves are banned
|clearpoke
|poke|p1|Raging Bolt|
|poke|p1|Alomomola, M|
|poke|p1|Avalugg-Hisui, F|
|poke|p1|Glimmora, M|
|poke|p1|Dragapult, F|
|poke|p1|Iron Valiant|
|poke|p2|Dragapult, M|
|poke|p2|Dragonite, F|
|poke|p2|Slowking-Galar, M|
|poke|p2|Weezing-Galar, F|
|poke|p2|Iron Crown|
|poke|p2|Zapdos|
|teampreview
|inactive|Battle timer is ON: inactive players will automatically lose when time's up. (requested by St. Saturn)
|
|t:|1758291192
|teamsize|p1|6
|teamsize|p2|6
|start
|switch|p1a: Dragapult|Dragapult, F|100/100
|switch|p2a: Zapdos|Zapdos|100/100
|turn|1
|
|t:|1758291204
|move|p1a: Dragapult|Dragon Darts|p2a: Zapdos
|-damage|p2a: Zapdos|54/100
|-anim|p1a: Dragapult|Dragon Darts|p2a: Zapdos
|-damage|p2a: Zapdos|12/100
|move|p2a: Zapdos|Volt Switch|p1a: Dragapult
|-resisted|p1a: Dragapult
|-damage|p1a: Dragapult|74/100
|
|t:|1758291221
|switch|p2a: Dragapult|Dragapult, M|100/100|[from] Volt Switch
|
|upkeep
|turn|2
|
|t:|1758291224
|move|p2a: Dragapult|Dragon Darts|p1a: Dragapult
|-supereffective|p1a: Dragapult
|-crit|p1a: Dragapult
|-damage|p1a: Dragapult|0 fnt
|faint|p1a: Dragapult
|
|upkeep
|
|t:|1758291227
|switch|p1a: Glimmora|Glimmora, M|100/100
|turn|3
|
|t:|1758291230
|move|p2a: Dragapult|U-turn|p1a: Glimmora
|-resisted|p1a: Glimmora
|-damage|p1a: Glimmora|91/100
|-activate|p1a: Glimmora|ability: Toxic Debris
|-sidestart|p2: St. Saturn|move: Toxic Spikes
|
|t:|1758291236
|switch|p2a: Slowking|Slowking-Galar, M|100/100|[from] U-turn
|-sideend|p2: St. Saturn|move: Toxic Spikes|[of] p2a: Slowking
|move|p1a: Glimmora|Stealth Rock|p2a: Slowking
|-sidestart|p2: St. Saturn|move: Stealth Rock
|
|upkeep
|turn|4
|
|t:|1758291243
|switch|p1a: Avalugg|Avalugg-Hisui, F|100/100
|move|p2a: Slowking|Psyshock|p1a: Avalugg
|-damage|p1a: Avalugg|76/100
|
|upkeep
|turn|5
|
|t:|1758291253
|switch|p2a: Zapdos|Zapdos|12/100
|-terastallize|p1a: Avalugg|Ice
|move|p1a: Avalugg|Ice Fang|p2a: Zapdos
|-supereffective|p2a: Zapdos
|-damage|p2a: Zapdos|0 fnt
|faint|p2a: Zapdos
|
|upkeep
|
|t:|1758291260
|switch|p2a: Weezing|Weezing-Galar, F|100/100
|-ability|p2a: Weezing|Neutralizing Gas
|turn|6
|
|t:|1758291265
|move|p1a: Avalugg|Ice Fang|p2a: Weezing|[miss]
|-miss|p1a: Avalugg|p2a: Weezing
|move|p2a: Weezing|Will-O-Wisp|p1a: Avalugg
|-status|p1a: Avalugg|brn
|
|-damage|p1a: Avalugg|70/100 brn|[from] brn
|upkeep
|turn|7
|-message|Shyve forfeited.
|
|win|St. Saturn
|raw|Shyve's rating: 1525 &rarr; <strong>1503</strong><br />(-22 for losing)
|raw|St. Saturn's rating: 1498 &rarr; <strong>1520</strong><br />(+22 for winning)
|l|☆Shyve
|player|p1|
|l|☆St. Saturn
|player|p2|
