|j|☆Ieigh
|j|☆aaron200589
|t:|1758347340
|gametype|singles
|player|p1|Ieigh|265|1172
|player|p2|aaron200589|giovanni|1261
|gen|9
|tier|[Gen 9] OU
|rated|
|rule|HP Percentage Mod: HP is shown in percentages
|rule|Endless Battle Clause: Forcing endless battles is banned
|rule|Species Clause: Limit one of each Pokémon
|rule|OHKO Clause: OHKO moves are banned
|rule|Evasion Items Clause: Evasion items are banned
|rule|Evasion Moves Clause: Evasion moves are banned
|rule|Evasion Abilities Clause: Evasion abilities are banned
|rule|Sleep Moves Clause: Sleep-inducing moves are banned
|clearpoke
|poke|p1|Quaquaval, M|
|poke|p1|Dragonite, M|
|poke|p1|Enamorus-Therian, F|
|poke|p1|Probopass, M|
|poke|p1|Talonflame, M|
|poke|p1|Vikavolt, F|
|poke|p2|Ursaluna, F|
|poke|p2|Hatterene, F|
|poke|p2|Glastrier|
|poke|p2|Mimikyu, M|
|poke|p2|Cresselia, F|
|poke|p2|Great Tusk|
|teampreview
|
|t:|1758347351
|teamsize|p1|6
|teamsize|p2|6
|start
|switch|p1a: Talonflame|Talonflame, M|100/100
|switch|p2a: Mimikyu|Mimikyu, M|100/100
|turn|1
|
|t:|1758347359
|move|p1a: Talonflame|Dual Wingbeat|p2a: Mimikyu
|-activate|p2a: Mimikyu|ability: Disguise
|-damage|p2a: Mimikyu|100/100
|detailschange|p2a: Mimikyu|Mimikyu-Busted, M
|-damage|p2a: Mimikyu|88/100|[from] pokemon: Mimikyu-Busted
|-damage|p2a: Mimikyu|63/100
|-hitcount|p2a: Mimikyu|2
|move|p2a: Mimikyu|Trick Room|p2a: Mimikyu
|-fieldstart|move: Trick Room|[of] p2a: Mimikyu
|
|upkeep
|turn|2
|
|t:|1758347375
|switch|p2a: Ursaluna|Ursaluna, F|100/100
|move|p1a: Talonflame|Dual Wingbeat|p2a: Ursaluna
|-damage|p2a: Ursaluna|90/100
|-damage|p2a: Ursaluna|79/100
|-hitcount|p2a: Ursaluna|2
|
|-status|p2a: Ursaluna|brn|[from] item: Flame Orb
|upkeep
|turn|3
|
|t:|1758347395
|move|p1a: Talonflame|Dual Wingbeat|p2a: Ursaluna
|-damage|p2a: Ursaluna|69/100 brn
|-damage|p2a: Ursaluna|57/100 brn
|-hitcount|p2a: Ursaluna|2
|move|p2a: Ursaluna|Swords Dance|p2a: Ursaluna
|-boost|p2a: Ursaluna|atk|2
|
|-damage|p2a: Ursaluna|51/100 brn|[from] brn
|upkeep
|turn|4
|
|t:|1758347405
|move|p1a: Talonflame|Dual Wingbeat|p2a: Ursaluna
|-damage|p2a: Ursaluna|40/100 brn
|-damage|p2a: Ursaluna|29/100 brn
|-hitcount|p2a: Ursaluna|2
|move|p2a: Ursaluna|Facade|p1a: Talonflame
|-damage|p1a: Talonflame|0 fnt
|faint|p1a: Talonflame
|
|-damage|p2a: Ursaluna|23/100 brn|[from] brn
|upkeep
|
|t:|1758347429
|switch|p1a: Vikavolt|Vikavolt, F|100/100
|turn|5
|
|t:|1758347434
|move|p1a: Vikavolt|Bug Buzz|p2a: Ursaluna
|-damage|p2a: Ursaluna|0 fnt
|faint|p2a: Ursaluna
|
|-fieldend|move: Trick Room
|upkeep
|
|t:|1758347446
|switch|p2a: Mimikyu|Mimikyu-Busted, M|63/100
|turn|6
|
|t:|1758347458
|move|p2a: Mimikyu|Trick|p1a: Vikavolt
|-activate|p2a: Mimikyu|move: Trick|[of] p1a: Vikavolt
|-item|p1a: Vikavolt|Choice Scarf|[from] move: Trick
|-item|p2a: Mimikyu|Leftovers|[from] move: Trick
|move|p1a: Vikavolt|Bug Buzz|p2a: Mimikyu
|-resisted|p2a: Mimikyu
|-damage|p2a: Mimikyu|47/100
|
|-heal|p2a: Mimikyu|53/100|[from] item: Leftovers
|upkeep
|turn|7
|
|t:|1758347473
|move|p1a: Vikavolt|Bug Buzz|p2a: Mimikyu
|-resisted|p2a: Mimikyu
|-damage|p2a: Mimikyu|36/100
|-unboost|p2a: Mimikyu|spd|1
|move|p2a: Mimikyu|Trick Room|p2a: Mimikyu
|-fieldstart|move: Trick Room|[of] p2a: Mimikyu
|
|-heal|p2a: Mimikyu|42/100|[from] item: Leftovers
|upkeep
|turn|8
|
|t:|1758347486
|switch|p2a: Glastrier|Glastrier|100/100
|move|p1a: Vikavolt|Bug Buzz|p2a: Glastrier
|-damage|p2a: Glastrier|61/100
|
|upkeep
|turn|9
|
|t:|1758347501
|move|p2a: Glastrier|Icicle Crash|p1a: Vikavolt
|-damage|p1a: Vikavolt|54/100
|cant|p1a: Vikavolt|flinch
|
|upkeep
|turn|10
|
|t:|1758347508
|move|p2a: Glastrier|Icicle Crash|p1a: Vikavolt
|-damage|p1a: Vikavolt|10/100
|cant|p1a: Vikavolt|flinch
|
|upkeep
|turn|11
|
|t:|1758347516
|move|p2a: Glastrier|Close Combat|p1a: Vikavolt
|-resisted|p1a: Vikavolt
|-damage|p1a: Vikavolt|0 fnt
|-unboost|p2a: Glastrier|def|1
|-unboost|p2a: Glastrier|spd|1
|faint|p1a: Vikavolt
|-ability|p2a: Glastrier|Chilling Neigh|boost
|-boost|p2a: Glastrier|atk|1
|
|-fieldend|move: Trick Room
|upkeep
|
|t:|1758347568
|switch|p1a: Dragonite|Dragonite, M|100/100
|turn|12
|
|t:|1758347577
|switch|p2a: Mimikyu|Mimikyu-Busted, M|42/100
|move|p1a: Dragonite|Thunder Punch|p2a: Mimikyu
|-damage|p2a: Mimikyu|0 fnt
|faint|p2a: Mimikyu
|
|upkeep
|
|t:|1758347588
|switch|p2a: Hatterene|Hatterene, F|100/100
|turn|13
|
|t:|1758347602
|-terastallize|p1a: Dragonite|Steel
|move|p1a: Dragonite|Dragon Dance|p1a: Dragonite
|-boost|p1a: Dragonite|atk|1
|-boost|p1a: Dragonite|spe|1
|move|p2a: Hatterene|Trick Room|p2a: Hatterene
|-fieldstart|move: Trick Room|[of] p2a: Hatterene
|
|upkeep
|turn|14
|
|t:|1758347617
|move|p2a: Hatterene|Healing Wish|p2a: Hatterene
|faint|p2a: Hatterene
|move|p1a: Dragonite|Earthquake|p2: Hatterene|[notarget]
|-fail|p1a: Dragonite
|
|upkeep
|
|t:|1758347624
|switch|p2a: Glastrier|Glastrier|61/100
|-heal|p2a: Glastrier|100/100|[from] move: Healing Wish
|turn|15
|
|t:|1758347636
|-terastallize|p2a: Glastrier|Ground
|move|p2a: Glastrier|High Horsepower|p1a: Dragonite
|-supereffective|p1a: Dragonite
|-damage|p1a: Dragonite|38/100
|move|p1a: Dragonite|Thunder Punch|p2a: Glastrier
|-immune|p2a: Glastrier
|
|-heal|p1a: Dragonite|44/100|[from] item: Leftovers
|upkeep
|turn|16
|
|t:|1758347683
|switch|p1a: Probopass|Probopass, M, shiny|100/100
|move|p2a: Glastrier|High Horsepower|p1a: Probopass
|-supereffective|p1a: Probopass
|-damage|p1a: Probopass|0 fnt
|faint|p1a: Probopass
|-ability|p2a: Glastrier|Chilling Neigh|boost
|-boost|p2a: Glastrier|atk|1
|
|upkeep
|
|t:|1758347699
|switch|p1a: Enamorus|Enamorus-Therian, F|100/100
|turn|17
|
|t:|1758347704
|move|p2a: Glastrier|Icicle Crash|p1a: Enamorus
|-supereffective|p1a: Enamorus
|-damage|p1a: Enamorus|0 fnt
|faint|p1a: Enamorus
|-ability|p2a: Glastrier|Chilling Neigh|boost
|-boost|p2a: Glastrier|atk|1
|
|-fieldend|move: Trick Room
|upkeep
|
|t:|1758347711
|switch|p1a: Quaquaval|Quaquaval, M|100/100
|turn|18
|
|t:|1758347738
|move|p1a: Quaquaval|Aqua Step|p2a: Glastrier
|-supereffective|p2a: Glastrier
|-damage|p2a: Glastrier|18/100
|-boost|p1a: Quaquaval|spe|1
|-enditem|p2a: Glastrier|Sitrus Berry|[eat]
|-heal|p2a: Glastrier|43/100|[from] item: Sitrus Berry
|-damage|p1a: Quaquaval|91/100|[from] item: Life Orb
|move|p2a: Glastrier|Close Combat|p1a: Quaquaval
|-damage|p1a: Quaquaval|0 fnt
|-unboost|p2a: Glastrier|def|1
|-unboost|p2a: Glastrier|spd|1
|faint|p1a: Quaquaval
|-ability|p2a: Glastrier|Chilling Neigh|boost
|-boost|p2a: Glastrier|atk|1
|
|upkeep
|
|t:|1758347752
|switch|p1a: Dragonite|Dragonite, M, tera:Steel|44/100
|turn|19
|
|t:|1758347773
|move|p1a: Dragonite|Dragon Dance|p1a: Dragonite
|-boost|p1a: Dragonite|atk|1
|-boost|p1a: Dragonite|spe|1
|move|p2a: Glastrier|High Horsepower|p1a: Dragonite
|-supereffective|p1a: Dragonite
|-damage|p1a: Dragonite|0 fnt
|faint|p1a: Dragonite
|
|win|aaron200589
|raw|Ieigh's rating: 1172 &rarr; <strong>1153</strong><br />(-19 for losing)
|raw|aaron200589's rating: 1261 &rarr; <strong>1280</strong><br />(+19 for winning)
|l|☆Ieigh
|player|p1|
|l|☆aaron200589
|player|p2|
|j|☆aaron200589
|player|p2|aaron200589|giovanni|
|l|☆aaron200589
|player|p2|
|j|☆aaron200589
|player|p2|aaron200589|giovanni|
|l|☆aaron200589
|player|p2|
