|j|☆hmy1
|j|☆iwannabeeeee
|t:|1758352128
|gametype|singles
|player|p1|hmy1|elesa-gen5bw2|1243
|player|p2|iwannabeeeee|265|1273
|gen|9
|tier|[Gen 9] OU
|rated|
|rule|HP Percentage Mod: HP is shown in percentages
|rule|Endless Battle Clause: Forcing endless battles is banned
|rule|Species Clause: Limit one of each Pokémon
|rule|OHKO Clause: OHKO moves are banned
|rule|Evasion Items Clause: Evasion items are banned
|rule|Evasion Moves Clause: Evasion moves are banned
|rule|Evasion Abilities Clause: Evasion abilities are banned
|rule|Sleep Moves Clause: Sleep-inducing moves are banned
|clearpoke
|poke|p1|Great Tusk|
|poke|p1|Scream Tail|
|poke|p1|Walking Wake|
|poke|p1|Raging Bolt|
|poke|p1|Ninetales, M|
|poke|p1|Venusaur, M|
|poke|p2|Raging Bolt|
|poke|p2|Gholdengo|
|poke|p2|Great Tusk|
|poke|p2|Alomomola, M|
|poke|p2|Dragonite, F|
|poke|p2|Garganacl, F|
|teampreview
|inactive|Battle timer is ON: inactive players will automatically lose when time's up. (requested by hmy1)
|
|t:|1758352139
|teamsize|p1|6
|teamsize|p2|6
|start
|switch|p1a: Ninetales|Ninetales, M|100/100
|switch|p2a: Raging Bolt|Raging Bolt|100/100
|-weather|SunnyDay|[from] ability: Drought|[of] p1a: Ninetales
|-activate|p2a: Raging Bolt|ability: Protosynthesis
|-start|p2a: Raging Bolt|protosynthesisspa
|turn|1
|
|t:|1758352159
|switch|p1a: 梦幻|Scream Tail|100/100
|-activate|p1a: 梦幻|ability: Protosynthesis
|-start|p1a: 梦幻|protosynthesisspd
|move|p2a: Raging Bolt|Draco Meteor|p1a: 梦幻
|-immune|p1a: 梦幻
|
|-weather|SunnyDay|[upkeep]
|upkeep
|turn|2
|
|t:|1758352169
|-end|p2a: Raging Bolt|Protosynthesis|[silent]
|switch|p2a: Garganacl|Garganacl, F|100/100
|move|p1a: 梦幻|Wish|p1a: 梦幻
|
|-weather|SunnyDay|[upkeep]
|upkeep
|turn|3
|
|t:|1758352197
|-end|p1a: 梦幻|Protosynthesis|[silent]
|switch|p1a: Venusaur|Venusaur, M|100/100
|move|p2a: Garganacl|Stealth Rock|p1a: Venusaur
|-sidestart|p1: hmy1|move: Stealth Rock
|
|-weather|SunnyDay|[upkeep]
|upkeep
|turn|4
|
|t:|1758352202
|move|p1a: Venusaur|Growth|p1a: Venusaur
|-boost|p1a: Venusaur|atk|2
|-boost|p1a: Venusaur|spa|2
|move|p2a: Garganacl|Salt Cure|p1a: Venusaur
|-damage|p1a: Venusaur|82/100
|-start|p1a: Venusaur|Salt Cure
|
|-weather|SunnyDay|[upkeep]
|-damage|p1a: Venusaur|70/100|[from] Salt Cure
|upkeep
|turn|5
|
|t:|1758352213
|move|p2a: Garganacl|Protect|p2a: Garganacl
|-singleturn|p2a: Garganacl|Protect
|move|p1a: Venusaur|Giga Drain|p2a: Garganacl
|-activate|p2a: Garganacl|move: Protect
|
|-weather|SunnyDay|[upkeep]
|-damage|p1a: Venusaur|58/100|[from] Salt Cure
|upkeep
|turn|6
|
|t:|1758352237
|switch|p2a: Dragonite|Dragonite, F|100/100
|move|p1a: Venusaur|Weather Ball|p2a: Dragonite
|-resisted|p2a: Dragonite
|-damage|p2a: Dragonite|70/100
|-damage|p1a: Venusaur|48/100|[from] item: Life Orb
|
|-weather|SunnyDay|[upkeep]
|-damage|p1a: Venusaur|35/100|[from] Salt Cure
|upkeep
|turn|7
|
|t:|1758352248
|switch|p1a: 帕迪亚睾丸|Great Tusk|100/100
|-damage|p1a: 帕迪亚睾丸|98/100|[from] Stealth Rock
|-activate|p1a: 帕迪亚睾丸|ability: Protosynthesis
|-start|p1a: 帕迪亚睾丸|protosynthesisdef
|move|p2a: Dragonite|Extreme Speed|p1a: 帕迪亚睾丸
|-damage|p1a: 帕迪亚睾丸|84/100
|
|-weather|SunnyDay|[upkeep]
|-heal|p1a: 帕迪亚睾丸|90/100|[from] item: Leftovers
|upkeep
|turn|8
|
|t:|1758352258
|switch|p2a: Alomomola|Alomomola, M|100/100
|move|p1a: 帕迪亚睾丸|Ice Spinner|p2a: Alomomola
|-resisted|p2a: Alomomola
|-damage|p2a: Alomomola|93/100
|
|-weather|none
|-end|p1a: 帕迪亚睾丸|Protosynthesis
|-heal|p1a: 帕迪亚睾丸|96/100|[from] item: Leftovers
|upkeep
|turn|9
|
|t:|1758352265
|move|p1a: 帕迪亚睾丸|Knock Off|p2a: Alomomola
|-damage|p2a: Alomomola|76/100
|-enditem|p2a: Alomomola|Heavy-Duty Boots|[from] move: Knock Off|[of] p1a: 帕迪亚睾丸
|move|p2a: Alomomola|Tickle|p1a: 帕迪亚睾丸
|-unboost|p1a: 帕迪亚睾丸|atk|1
|-unboost|p1a: 帕迪亚睾丸|def|1
|
|-heal|p1a: 帕迪亚睾丸|100/100|[from] item: Leftovers
|upkeep
|turn|10
|
|t:|1758352280
|-end|p1a: 帕迪亚睾丸|Protosynthesis|[silent]
|switch|p1a: Ninetales|Ninetales, M|100/100
|-damage|p1a: Ninetales|76/100|[from] Stealth Rock
|-weather|SunnyDay|[from] ability: Drought|[of] p1a: Ninetales
|move|p2a: Alomomola|Wish|p2a: Alomomola
|
|-weather|SunnyDay|[upkeep]
|upkeep
|turn|11
|
|t:|1758352296
|switch|p1a: Venusaur|Venusaur, M|35/100
|-damage|p1a: Venusaur|23/100|[from] Stealth Rock
|move|p2a: Alomomola|Flip Turn|p1a: Venusaur
|-resisted|p1a: Venusaur
|-damage|p1a: Venusaur|18/100
|
|t:|1758352303
|switch|p2a: Dragonite|Dragonite, F|70/100|[from] Flip Turn
|
|-weather|SunnyDay|[upkeep]
|-heal|p2a: Dragonite|100/100|[from] move: Wish|[wisher] Alomomola
|upkeep
|turn|12
|
|t:|1758352318
|switch|p1a: 帕迪亚睾丸|Great Tusk|100/100
|-damage|p1a: 帕迪亚睾丸|98/100|[from] Stealth Rock
|-activate|p1a: 帕迪亚睾丸|ability: Protosynthesis
|-start|p1a: 帕迪亚睾丸|protosynthesisdef
|move|p2a: Dragonite|Dragon Dance|p2a: Dragonite
|-boost|p2a: Dragonite|atk|1
|-boost|p2a: Dragonite|spe|1
|
|-weather|SunnyDay|[upkeep]
|-heal|p1a: 帕迪亚睾丸|100/100|[from] item: Leftovers
|upkeep
|turn|13
|
|t:|1758352334
|switch|p2a: Alomomola|Alomomola, M|100/100
|move|p1a: 帕迪亚睾丸|Knock Off|p2a: Alomomola
|-damage|p2a: Alomomola|88/100
|
|-weather|SunnyDay|[upkeep]
|upkeep
|turn|14
|
|t:|1758352359
|-end|p1a: 帕迪亚睾丸|Protosynthesis|[silent]
|switch|p1a: 密勒顿|Raging Bolt|100/100
|-damage|p1a: 密勒顿|88/100|[from] Stealth Rock
|-activate|p1a: 密勒顿|ability: Protosynthesis
|-start|p1a: 密勒顿|protosynthesisspa
|move|p2a: Alomomola|Tickle|p1a: 密勒顿
|-unboost|p1a: 密勒顿|atk|1
|-unboost|p1a: 密勒顿|def|1
|
|-weather|SunnyDay|[upkeep]
|-heal|p1a: 密勒顿|94/100|[from] item: Leftovers
|upkeep
|turn|15
|
|t:|1758352370
|move|p2a: Alomomola|Protect|p2a: Alomomola
|-singleturn|p2a: Alomomola|Protect
|move|p1a: 密勒顿|Calm Mind|p1a: 密勒顿
|-boost|p1a: 密勒顿|spa|1
|-boost|p1a: 密勒顿|spd|1
|
|-weather|SunnyDay|[upkeep]
|-heal|p1a: 密勒顿|100/100|[from] item: Leftovers
|upkeep
|turn|16
|
|t:|1758352376
|move|p1a: 密勒顿|Calm Mind|p1a: 密勒顿
|-boost|p1a: 密勒顿|spa|1
|-boost|p1a: 密勒顿|spd|1
|move|p2a: Alomomola|Flip Turn|p1a: 密勒顿
|-resisted|p1a: 密勒顿
|-damage|p1a: 密勒顿|95/100
|
|t:|1758352378
|switch|p2a: Raging Bolt|Raging Bolt|100/100|[from] Flip Turn
|-activate|p2a: Raging Bolt|ability: Protosynthesis
|-start|p2a: Raging Bolt|protosynthesisspa
|
|-weather|SunnyDay|[upkeep]
|-heal|p1a: 密勒顿|100/100|[from] item: Leftovers
|upkeep
|turn|17
|
|t:|1758352393
|move|p1a: 密勒顿|Dragon Pulse|p2a: Raging Bolt
|-supereffective|p2a: Raging Bolt
|-damage|p2a: Raging Bolt|0 fnt
|faint|p2a: Raging Bolt
|-end|p2a: Raging Bolt|Protosynthesis|[silent]
|
|-weather|none
|-end|p1a: 密勒顿|Protosynthesis
|upkeep
|l|☆iwannabeeeee
|inactive|iwannabeeeee disconnected and has a minute to reconnect!
|player|p2|
|inactive|iwannabeeeee has 30 seconds to reconnect!
|inactive|iwannabeeeee has 20 seconds to reconnect!
|inactive|iwannabeeeee has 15 seconds to reconnect!
|inactive|iwannabeeeee has 10 seconds to reconnect!
|inactive|iwannabeeeee has 5 seconds to reconnect!
|-message|iwannabeeeee lost due to inactivity.
|
|win|hmy1
|raw|hmy1's rating: 1222 &rarr; <strong>1251</strong><br />(+29 for winning)
|raw|iwannabeeeee's rating: 1273 &rarr; <strong>1244</strong><br />(-29 for losing)
|l|☆hmy1
|player|p1|
