|j|☆swumpy mumpus
|j|☆kejaun
|t:|1758345112
|gametype|singles
|player|p1|swumpy mumpus|170|1467
|player|p2|kejaun|roxie|1512
|gen|9
|tier|[Gen 9] OU
|rated|
|rule|HP Percentage Mod: HP is shown in percentages
|rule|Endless Battle Clause: Forcing endless battles is banned
|rule|Species Clause: Limit one of each Pokémon
|rule|OHKO Clause: OHKO moves are banned
|rule|Evasion Items Clause: Evasion items are banned
|rule|Evasion Moves Clause: Evasion moves are banned
|rule|Evasion Abilities Clause: Evasion abilities are banned
|rule|Sleep Moves Clause: Sleep-inducing moves are banned
|clearpoke
|poke|p1|Okidogi, M|
|poke|p1|Weezing-Galar, M|
|poke|p1|Ogerpon-Wellspring, F|
|poke|p1|Hatterene, F|
|poke|p1|Weavile, F|
|poke|p1|Hawlucha, M|
|poke|p2|Gyarados, F|
|poke|p2|Magnezone|
|poke|p2|Iron Moth|
|poke|p2|Kyurem|
|poke|p2|Great Tusk|
|poke|p2|Meowscarada, F|
|teampreview
|inactive|Battle timer is ON: inactive players will automatically lose when time's up. (requested by kejaun)
|inactive|kejaun has 120 seconds left.
|
|t:|1758345158
|teamsize|p1|6
|teamsize|p2|6
|start
|switch|p1a: Weavile|Weavile, F|100/100
|switch|p2a: Great Tusk|Great Tusk|100/100
|-ability|p1a: Weavile|Pressure
|turn|1
|
|t:|1758345167
|-terastallize|p1a: Weavile|Ice
|move|p1a: Weavile|Triple Axel|p2a: Great Tusk
|-supereffective|p2a: Great Tusk
|-damage|p2a: Great Tusk|81/100
|-supereffective|p2a: Great Tusk
|-damage|p2a: Great Tusk|44/100
|-supereffective|p2a: Great Tusk
|-damage|p2a: Great Tusk|0 fnt
|faint|p2a: Great Tusk
|-end|p2a: Great Tusk|Protosynthesis|[silent]
|-hitcount|p2: Great Tusk|3
|
|upkeep
|
|t:|1758345175
|switch|p2a: Magnezone|Magnezone|100/100
|turn|2
|
|t:|1758345180
|switch|p1a: Ogerpon|Ogerpon-Wellspring, F|100/100
|move|p2a: Magnezone|Volt Switch|p1a: Ogerpon
|-damage|p1a: Ogerpon|56/100
|
|t:|1758345189
|switch|p2a: Meowscarada|Meowscarada, F|100/100|[from] Volt Switch
|
|upkeep
|turn|3
|
|t:|1758345192
|switch|p1a: Weezing|Weezing-Galar, M|100/100
|-fieldstart|move: Misty Terrain|[from] ability: Misty Surge|[of] p1a: Weezing
|move|p2a: Meowscarada|U-turn|p1a: Weezing
|-start|p2a: Meowscarada|typechange|Bug|[from] ability: Protean
|-resisted|p1a: Weezing
|-damage|p1a: Weezing|95/100
|
|t:|1758345201
|switch|p2a: Gyarados|Gyarados, F|100/100|[from] U-turn
|
|upkeep
|turn|4
|
|t:|1758345208
|switch|p1a: Hawlucha|Hawlucha, M|100/100
|-enditem|p1a: Hawlucha|Misty Seed
|-boost|p1a: Hawlucha|spd|1|[from] item: Misty Seed
|move|p2a: Gyarados|Dragon Dance|p2a: Gyarados
|-boost|p2a: Gyarados|atk|1
|-boost|p2a: Gyarados|spe|1
|
|upkeep
|turn|5
|
|t:|1758345216
|-terastallize|p2a: Gyarados|Flying
|move|p1a: Hawlucha|Encore|p2a: Gyarados
|-start|p2a: Gyarados|Encore
|move|p2a: Gyarados|Dragon Dance|p2a: Gyarados
|-boost|p2a: Gyarados|atk|1
|-boost|p2a: Gyarados|spe|1
|
|upkeep
|turn|6
|
|t:|1758345222
|move|p1a: Hawlucha|Swords Dance|p1a: Hawlucha
|-boost|p1a: Hawlucha|atk|2
|move|p2a: Gyarados|Dragon Dance|p2a: Gyarados
|-boost|p2a: Gyarados|atk|1
|-boost|p2a: Gyarados|spe|1
|
|upkeep
|turn|7
|
|t:|1758345225
|move|p2a: Gyarados|Dragon Dance|p2a: Gyarados
|-boost|p2a: Gyarados|atk|1
|-boost|p2a: Gyarados|spe|1
|move|p1a: Hawlucha|Acrobatics|p2a: Gyarados
|-damage|p2a: Gyarados|0 fnt
|faint|p2a: Gyarados
|
|upkeep
|
|t:|1758345232
|switch|p2a: Magnezone|Magnezone|100/100
|turn|8
|
|t:|1758345237
|move|p1a: Hawlucha|Close Combat|p2a: Magnezone
|-supereffective|p2a: Magnezone
|-damage|p2a: Magnezone|0 fnt
|-unboost|p1a: Hawlucha|def|1
|-unboost|p1a: Hawlucha|spd|1
|faint|p2a: Magnezone
|
|upkeep
|
|t:|1758345239
|switch|p2a: Kyurem|Kyurem|100/100
|-ability|p2a: Kyurem|Pressure
|turn|9
|
|t:|1758345241
|move|p1a: Hawlucha|Close Combat|p2a: Kyurem
|-supereffective|p2a: Kyurem
|-damage|p2a: Kyurem|0 fnt
|-unboost|p1a: Hawlucha|def|1
|-unboost|p1a: Hawlucha|spd|1
|faint|p2a: Kyurem
|
|upkeep
|-message|kejaun forfeited.
|
|win|swumpy mumpus
|raw|swumpy mumpus's rating: 1467 &rarr; <strong>1490</strong><br />(+23 for winning)
|raw|kejaun's rating: 1512 &rarr; <strong>1489</strong><br />(-23 for losing)
|l|☆kejaun
|player|p2|
|l|☆swumpy mumpus
|player|p1|
