|j|☆touhoukhoa
|j|☆HyperHHH
|t:|1758239717
|gametype|singles
|player|p1|touhoukhoa|burglar|1762
|player|p2|HyperHHH|fisherman-gen2jp|1765
|gen|9
|tier|[Gen 9] OU
|rated|
|rule|HP Percentage Mod: HP is shown in percentages
|rule|Endless Battle Clause: Forcing endless battles is banned
|rule|Species Clause: Limit one of each Pokémon
|rule|OHKO Clause: OHKO moves are banned
|rule|Evasion Items Clause: Evasion items are banned
|rule|Evasion Moves Clause: Evasion moves are banned
|rule|Evasion Abilities Clause: Evasion abilities are banned
|rule|Sleep Moves Clause: Sleep-inducing moves are banned
|clearpoke
|poke|p1|Indeedee, M|
|poke|p1|Hatterene, F|
|poke|p1|Ursaluna, F|
|poke|p1|Iron Hands|
|poke|p1|Hoopa-Unbound|
|poke|p1|Mimikyu, F|
|poke|p2|Iron Valiant|
|poke|p2|Rotom-Wash|
|poke|p2|Ting-Lu|
|poke|p2|Gholdengo|
|poke|p2|Latios, M|
|poke|p2|Dragonite, F|
|teampreview
|inactive|Battle timer is ON: inactive players will automatically lose when time's up. (requested by HyperHHH)
|j| ohkopon
|j| PlumGaminer
|inactive|HyperHHH has 120 seconds left.
|j| MRH1106
|c| PlumGaminer|video game
|l| ohkopon
|j| heatraniac
|
|t:|1758239762
|teamsize|p1|6
|teamsize|p2|6
|start
|switch|p1a: Subaru|Indeedee, M, shiny|100/100
|switch|p2a: Latios|Latios, M|100/100
|-fieldstart|move: Psychic Terrain|[from] ability: Psychic Surge|[of] p1a: Subaru
|turn|1
|j| CloudyEJ
|
|t:|1758239777
|switch|p1a: King Von|Hoopa-Unbound|100/100
|-enditem|p1a: King Von|Psychic Seed
|-boost|p1a: King Von|spd|1|[from] item: Psychic Seed
|move|p2a: Latios|Luster Purge|p1a: King Von
|-immune|p1a: King Von
|
|upkeep
|turn|2
|
|t:|1758239790
|switch|p2a: Ting-Lu|Ting-Lu|100/100
|-ability|p2a: Ting-Lu|Vessel of Ruin
|move|p1a: King Von|Focus Blast|p2a: Ting-Lu
|-supereffective|p2a: Ting-Lu
|-damage|p2a: Ting-Lu|58/100
|-item|p1a: King Von|Leftovers|[from] ability: Magician|[of] p2a: Ting-Lu
|
|upkeep
|turn|3
|
|t:|1758239798
|move|p1a: King Von|Focus Blast|p2a: Ting-Lu
|-supereffective|p2a: Ting-Lu
|-damage|p2a: Ting-Lu|14/100
|move|p2a: Ting-Lu|Earthquake|p1a: King Von
|-damage|p1a: King Von|61/100
|
|-heal|p1a: King Von|67/100|[from] item: Leftovers
|upkeep
|turn|4
|j| glowingrobot
|inactive|touhoukhoa has 120 seconds left.
|l| MRH1106
|
|t:|1758239867
|move|p1a: King Von|Hyperspace Fury|p2a: Ting-Lu
|-resisted|p2a: Ting-Lu
|-damage|p2a: Ting-Lu|0 fnt
|-unboost|p1a: King Von|def|1
|faint|p2a: Ting-Lu
|
|-heal|p1a: King Von|73/100|[from] item: Leftovers
|upkeep
|inactive|HyperHHH has 120 seconds left.
|
|t:|1758239878
|switch|p2a: Iron Valiant|Iron Valiant|100/100
|turn|5
|
|t:|1758239887
|move|p2a: Iron Valiant|Close Combat|p1a: King Von
|-damage|p1a: King Von|0 fnt
|-unboost|p2a: Iron Valiant|def|1
|-unboost|p2a: Iron Valiant|spd|1
|faint|p1a: King Von
|
|upkeep
|l| PlumGaminer
|inactive|touhoukhoa has 90 seconds left.
|
|t:|1758239923
|switch|p1a: Satella|Hatterene, F, shiny|100/100
|turn|6
|inactive|HyperHHH has 120 seconds left.
|
|t:|1758239947
|move|p2a: Iron Valiant|Knock Off|p1a: Satella
|-damage|p1a: Satella|68/100
|-enditem|p1a: Satella|Life Orb|[from] move: Knock Off|[of] p2a: Iron Valiant
|move|p1a: Satella|Trick Room|p1a: Satella
|-fieldstart|move: Trick Room|[of] p1a: Satella
|
|upkeep
|turn|7
|inactive|touhoukhoa has 90 seconds left.
|inactive|HyperHHH has 120 seconds left.
|inactive|HyperHHH has 90 seconds left.
|
|t:|1758240003
|-end|p2a: Iron Valiant|Quark Drive|[silent]
|switch|p2a: Gholdengo|Gholdengo|100/100
|-item|p2a: Gholdengo|Air Balloon
|move|p1a: Satella|Mystical Fire|p2a: Gholdengo
|-supereffective|p2a: Gholdengo
|-damage|p2a: Gholdengo|45/100
|-unboost|p2a: Gholdengo|spa|1
|-enditem|p2a: Gholdengo|Air Balloon
|
|upkeep
|turn|8
|inactive|touhoukhoa has 90 seconds left.
|
|t:|1758240010
|move|p1a: Satella|Expanding Force|p2a: Gholdengo
|-resisted|p2a: Gholdengo
|-damage|p2a: Gholdengo|2/100
|move|p2a: Gholdengo|Make It Rain|p1a: Satella
|-supereffective|p1a: Satella
|-damage|p1a: Satella|0 fnt
|-unboost|p2a: Gholdengo|spa|1
|faint|p1a: Satella
|
|-fieldend|move: Psychic Terrain
|upkeep
|inactive|touhoukhoa has 90 seconds left.
|
|t:|1758240025
|switch|p1a: Crashout YN|Ursaluna, F, shiny|100/100
|turn|9
|inactive|HyperHHH has 90 seconds left.
|
|t:|1758240042
|switch|p2a: Rotom|Rotom-Wash|100/100
|move|p1a: Crashout YN|Ice Punch|p2a: Rotom
|-resisted|p2a: Rotom
|-damage|p2a: Rotom|88/100
|
|-heal|p2a: Rotom|95/100|[from] item: Leftovers
|-status|p1a: Crashout YN|brn|[from] item: Flame Orb
|upkeep
|turn|10
|inactive|touhoukhoa has 90 seconds left.
|
|t:|1758240054
|switch|p2a: Gholdengo|Gholdengo|2/100
|move|p1a: Crashout YN|Facade|p2a: Gholdengo
|-immune|p2a: Gholdengo
|
|-damage|p1a: Crashout YN|94/100 brn|[from] brn
|-fieldend|move: Trick Room
|upkeep
|turn|11
|inactive|touhoukhoa has 90 seconds left.
|
|t:|1758240065
|switch|p1a: LEBRON|Iron Hands, shiny|100/100
|-enditem|p1a: LEBRON|Booster Energy
|-activate|p1a: LEBRON|ability: Quark Drive|[fromitem]
|-start|p1a: LEBRON|quarkdriveatk
|move|p2a: Gholdengo|Make It Rain|p1a: LEBRON
|-resisted|p1a: LEBRON
|-damage|p1a: LEBRON|79/100
|-unboost|p2a: Gholdengo|spa|1
|
|upkeep
|turn|12
|inactive|touhoukhoa has 90 seconds left.
|inactive|HyperHHH has 90 seconds left.
|inactive|HyperHHH has 60 seconds left.
|
|t:|1758240106
|move|p2a: Gholdengo|Hex|p1a: LEBRON
|-damage|p1a: LEBRON|66/100
|move|p1a: LEBRON|Supercell Slam|p2a: Gholdengo
|-damage|p2a: Gholdengo|0 fnt
|faint|p2a: Gholdengo
|
|upkeep
|j| FaronAan
|
|t:|1758240130
|switch|p2a: Latios|Latios, M|100/100
|turn|13
|inactive|touhoukhoa has 90 seconds left.
|j| IllIllIlIllI
|
|t:|1758240160
|-terastallize|p1a: LEBRON|Flying
|move|p2a: Latios|Luster Purge|p1a: LEBRON
|-damage|p1a: LEBRON|31/100
|-unboost|p1a: LEBRON|spd|1
|move|p1a: LEBRON|Ice Punch|p2a: Latios
|-supereffective|p2a: Latios
|-damage|p2a: Latios|0 fnt
|faint|p2a: Latios
|
|upkeep
|
|t:|1758240179
|switch|p2a: Rotom|Rotom-Wash|95/100
|turn|14
|
|t:|1758240186
|move|p2a: Rotom|Volt Switch|p1a: LEBRON
|-supereffective|p1a: LEBRON
|-damage|p1a: LEBRON|0 fnt
|faint|p1a: LEBRON
|-end|p1a: LEBRON|Quark Drive|[silent]
|
|t:|1758240199
|switch|p2a: Dragonite|Dragonite, F|100/100|[from] Volt Switch
|
|upkeep
|
|t:|1758240202
|switch|p1a: Crashout YN|Ursaluna, F, shiny|94/100 brn
|turn|15
|
|t:|1758240219
|move|p2a: Dragonite|Earthquake|p1a: Crashout YN
|-damage|p1a: Crashout YN|69/100 brn
|move|p1a: Crashout YN|Facade|p2a: Dragonite
|-damage|p2a: Dragonite|39/100
|
|-damage|p1a: Crashout YN|62/100 brn|[from] brn
|upkeep
|turn|16
|j| pokeliliy
|
|t:|1758240239
|move|p2a: Dragonite|Earthquake|p1a: Crashout YN
|-damage|p1a: Crashout YN|37/100 brn
|move|p1a: Crashout YN|Facade|p2a: Dragonite
|-damage|p2a: Dragonite|0 fnt
|faint|p2a: Dragonite
|
|-damage|p1a: Crashout YN|31/100 brn|[from] brn
|upkeep
|
|t:|1758240243
|switch|p2a: Rotom|Rotom-Wash|95/100
|turn|17
|
|t:|1758240248
|switch|p1a: Subaru|Indeedee, M, shiny|100/100
|-fieldstart|move: Psychic Terrain|[from] ability: Psychic Surge|[of] p1a: Subaru
|move|p2a: Rotom|Hydro Pump|p1a: Subaru|[miss]
|-miss|p2a: Rotom|p1a: Subaru
|
|-heal|p2a: Rotom|100/100|[from] item: Leftovers
|upkeep
|turn|18
|
|t:|1758240258
|move|p2a: Rotom|Will-O-Wisp|p1a: Subaru
|-status|p1a: Subaru|brn
|move|p1a: Subaru|Trick Room|p1a: Subaru
|-fieldstart|move: Trick Room|[of] p1a: Subaru
|
|-damage|p1a: Subaru|94/100 brn|[from] brn
|upkeep
|turn|19
|inactive|HyperHHH has 60 seconds left.
|inactive|HyperHHH has 30 seconds left.
|
|t:|1758240295
|-terastallize|p2a: Rotom|Steel
|move|p1a: Subaru|Expanding Force|p2a: Rotom
|-resisted|p2a: Rotom
|-damage|p2a: Rotom|72/100
|move|p2a: Rotom|Pain Split|p1a: Subaru
|-sethp|p1a: Subaru|81/100 brn|[from] move: Pain Split|[silent]
|-sethp|p2a: Rotom|86/100|[from] move: Pain Split
|
|-heal|p2a: Rotom|92/100|[from] item: Leftovers
|-damage|p1a: Subaru|75/100 brn|[from] brn
|upkeep
|turn|20
|inactive|HyperHHH has 30 seconds left.
|
|t:|1758240322
|move|p1a: Subaru|Encore|p2a: Rotom
|-start|p2a: Rotom|Encore
|move|p2a: Rotom|Pain Split|p1a: Subaru
|-sethp|p1a: Subaru|81/100 brn|[from] move: Pain Split|[silent]
|-sethp|p2a: Rotom|86/100|[from] move: Pain Split
|
|-heal|p2a: Rotom|92/100|[from] item: Leftovers
|-damage|p1a: Subaru|74/100 brn|[from] brn
|upkeep
|turn|21
|inactive|HyperHHH has 30 seconds left.
|j| SquidwardHouseReal
|
|t:|1758240336
|switch|p1a: Crashout YN|Ursaluna, F, shiny|31/100 brn
|switch|p2a: Iron Valiant|Iron Valiant|100/100
|
|-damage|p1a: Crashout YN|25/100 brn|[from] brn
|upkeep
|turn|22
|
|t:|1758240341
|-end|p2a: Iron Valiant|Quark Drive|[silent]
|switch|p2a: Rotom|Rotom-Wash, tera:Steel|92/100
|move|p1a: Crashout YN|Facade|p2a: Rotom
|-resisted|p2a: Rotom
|-damage|p2a: Rotom|43/100
|
|-heal|p2a: Rotom|49/100|[from] item: Leftovers
|-damage|p1a: Crashout YN|19/100 brn|[from] brn
|-fieldend|move: Trick Room
|upkeep
|turn|23
|
|t:|1758240354
|switch|p1a: Mimi|Mimikyu, F, shiny|100/100
|move|p2a: Rotom|Hydro Pump|p1a: Mimi
|-activate|p1a: Mimi|ability: Disguise
|-damage|p1a: Mimi|100/100
|detailschange|p1a: Mimi|Mimikyu-Busted, F, shiny
|-damage|p1a: Mimi|88/100|[from] pokemon: Mimikyu-Busted
|-enditem|p1a: Mimi|Red Card|[of] p2a: Rotom
|drag|p2a: Iron Valiant|Iron Valiant|100/100
|
|upkeep
|turn|24
|l| IllIllIlIllI
|inactive|HyperHHH has 30 seconds left.
|
|t:|1758240383
|move|p2a: Iron Valiant|Moonblast|p1a: Mimi
|-damage|p1a: Mimi|38/100
|move|p1a: Mimi|Trick Room|p1a: Mimi
|-fieldstart|move: Trick Room|[of] p1a: Mimi
|
|-fieldend|move: Psychic Terrain
|upkeep
|turn|25
|inactive|HyperHHH has 30 seconds left.
|l| pokeliliy
|inactive|HyperHHH has 20 seconds left.
|
|t:|1758240404
|move|p1a: Mimi|Curse|p2a: Iron Valiant
|-start|p2a: Iron Valiant|Curse|[of] p1a: Mimi
|-damage|p1a: Mimi|0 fnt
|faint|p1a: Mimi
|move|p2a: Iron Valiant|Moonblast|p1: Mimi|[notarget]
|-fail|p2a: Iron Valiant
|
|-damage|p2a: Iron Valiant|76/100|[from] Curse
|upkeep
|j| pokeliliy
|
|t:|1758240407
|switch|p1a: Crashout YN|Ursaluna, F, shiny|19/100 brn
|turn|26
|inactive|HyperHHH has 30 seconds left.
|
|t:|1758240413
|move|p1a: Crashout YN|Facade|p2a: Iron Valiant
|-damage|p2a: Iron Valiant|0 fnt
|faint|p2a: Iron Valiant
|-end|p2a: Iron Valiant|Quark Drive|[silent]
|
|-damage|p1a: Crashout YN|13/100 brn|[from] brn
|upkeep
|
|t:|1758240416
|switch|p2a: Rotom|Rotom-Wash, tera:Steel|49/100
|turn|27
|
|t:|1758240418
|move|p1a: Crashout YN|Facade|p2a: Rotom
|-resisted|p2a: Rotom
|-damage|p2a: Rotom|0 fnt
|faint|p2a: Rotom
|
|win|touhoukhoa
|raw|touhoukhoa's rating: 1762 &rarr; <strong>1782</strong><br />(+20 for winning)
|raw|HyperHHH's rating: 1765 &rarr; <strong>1745</strong><br />(-20 for losing)
|c|☆touhoukhoa|gg
|l| glowingrobot
|l| pokeliliy
|c|☆HyperHHH|Gg
|c|☆HyperHHH|gg
|l|☆HyperHHH
|player|p2|
|l| CloudyEJ
|l|☆touhoukhoa
|player|p1|
