|j|☆RickyZainer
|j|☆catcat77
|t:|1758283450
|gametype|singles
|player|p1|RickyZainer|169|1445
|player|p2|catcat77|265|1494
|gen|9
|tier|[Gen 9] OU
|rated|
|rule|HP Percentage Mod: HP is shown in percentages
|rule|Endless Battle Clause: Forcing endless battles is banned
|rule|Species Clause: Limit one of each Pokémon
|rule|OHKO Clause: OHKO moves are banned
|rule|Evasion Items Clause: Evasion items are banned
|rule|Evasion Moves Clause: Evasion moves are banned
|rule|Evasion Abilities Clause: Evasion abilities are banned
|rule|Sleep Moves Clause: Sleep-inducing moves are banned
|clearpoke
|poke|p1|Pelipper, F|
|poke|p1|Iron Treads|
|poke|p1|Hatterene, F|
|poke|p1|Toxicroak, M|
|poke|p1|Barraskewda, M|
|poke|p1|Talonflame, F|
|poke|p2|Ogerpon-Wellspring, F|
|poke|p2|Kingambit, F|
|poke|p2|Great Tusk|
|poke|p2|Raging Bolt|
|poke|p2|Zamazenta-*|
|poke|p2|Iron Crown|
|teampreview
|
|t:|1758283465
|teamsize|p1|6
|teamsize|p2|6
|start
|switch|p1a: Hatterene|Hatterene, F|100/100
|switch|p2a: Iron Crown|Iron Crown|100/100
|turn|1
|
|t:|1758283470
|switch|p1a: Iron Treads|Iron Treads|100/100
|move|p2a: Iron Crown|Tachyon Cutter|p1a: Iron Treads
|-resisted|p1a: Iron Treads
|-damage|p1a: Iron Treads|86/100
|-resisted|p1a: Iron Treads
|-damage|p1a: Iron Treads|71/100
|-hitcount|p1a: Iron Treads|2
|
|-heal|p1a: Iron Treads|77/100|[from] item: Leftovers
|upkeep
|turn|2
|
|t:|1758283474
|-end|p2a: Iron Crown|Quark Drive|[silent]
|switch|p2a: Zamazenta|Zamazenta|100/100
|-ability|p2a: Zamazenta|Dauntless Shield|boost
|-boost|p2a: Zamazenta|def|1
|move|p1a: Iron Treads|Stealth Rock|p2a: Zamazenta
|-sidestart|p2: catcat77|move: Stealth Rock
|
|-heal|p1a: Iron Treads|84/100|[from] item: Leftovers
|upkeep
|turn|3
|
|t:|1758283478
|-end|p1a: Iron Treads|Quark Drive|[silent]
|switch|p1a: Toxicroak|Toxicroak, M|100/100
|move|p2a: Zamazenta|Body Press|p1a: Toxicroak
|-resisted|p1a: Toxicroak
|-damage|p1a: Toxicroak|75/100
|-damage|p2a: Zamazenta|84/100|[from] item: Rocky Helmet|[of] p1a: Toxicroak
|
|-heal|p2a: Zamazenta|90/100|[from] item: Leftovers
|upkeep
|turn|4
|
|t:|1758283484
|move|p2a: Zamazenta|Iron Defense|p2a: Zamazenta
|-boost|p2a: Zamazenta|def|2
|move|p1a: Toxicroak|Toxic|p2a: Zamazenta
|-status|p2a: Zamazenta|tox
|
|-heal|p2a: Zamazenta|96/100 tox|[from] item: Leftovers
|-damage|p2a: Zamazenta|90/100 tox|[from] psn
|upkeep
|turn|5
|
|t:|1758283486
|move|p2a: Zamazenta|Body Press|p1a: Toxicroak
|-resisted|p1a: Toxicroak
|-damage|p1a: Toxicroak|31/100
|-damage|p2a: Zamazenta|74/100 tox|[from] item: Rocky Helmet|[of] p1a: Toxicroak
|move|p1a: Toxicroak|Encore|p2a: Zamazenta
|-start|p2a: Zamazenta|Encore
|
|-heal|p2a: Zamazenta|80/100 tox|[from] item: Leftovers
|-damage|p2a: Zamazenta|68/100 tox|[from] psn
|upkeep
|turn|6
|
|t:|1758283491
|move|p2a: Zamazenta|Body Press|p1a: Toxicroak
|-resisted|p1a: Toxicroak
|-damage|p1a: Toxicroak|0 fnt
|-damage|p2a: Zamazenta|51/100 tox|[from] item: Rocky Helmet|[of] p1a: Toxicroak
|faint|p1a: Toxicroak
|
|-heal|p2a: Zamazenta|57/100 tox|[from] item: Leftovers
|-damage|p2a: Zamazenta|39/100 tox|[from] psn
|upkeep
|
|t:|1758283497
|switch|p1a: Pelipper|Pelipper, F|100/100
|-weather|RainDance|[from] ability: Drizzle|[of] p1a: Pelipper
|turn|7
|
|t:|1758283501
|move|p2a: Zamazenta|Body Press|p1a: Pelipper
|-resisted|p1a: Pelipper
|-damage|p1a: Pelipper|55/100
|move|p1a: Pelipper|U-turn|p2a: Zamazenta
|-resisted|p2a: Zamazenta
|-damage|p2a: Zamazenta|38/100 tox
|
|t:|1758283503
|switch|p1a: Talonflame|Talonflame, F|100/100|[from] U-turn
|
|-weather|RainDance|[upkeep]
|-heal|p2a: Zamazenta|44/100 tox|[from] item: Leftovers
|-damage|p2a: Zamazenta|19/100 tox|[from] psn
|upkeep
|turn|8
|
|t:|1758283506
|move|p1a: Talonflame|Hurricane|p2a: Zamazenta
|-supereffective|p2a: Zamazenta
|-damage|p2a: Zamazenta|0 fnt
|faint|p2a: Zamazenta
|
|-weather|RainDance|[upkeep]
|upkeep
|
|t:|1758283512
|switch|p2a: Raging Bolt|Raging Bolt|100/100
|-damage|p2a: Raging Bolt|88/100|[from] Stealth Rock
|turn|9
|
|t:|1758283516
|switch|p1a: Hatterene|Hatterene, F|100/100
|move|p2a: Raging Bolt|Draco Meteor|p1a: Hatterene
|-immune|p1a: Hatterene
|
|-weather|RainDance|[upkeep]
|-heal|p2a: Raging Bolt|94/100|[from] item: Leftovers
|upkeep
|turn|10
|
|t:|1758283523
|-end|p2a: Raging Bolt|Protosynthesis|[silent]
|switch|p2a: Iron Crown|Iron Crown|100/100
|-damage|p2a: Iron Crown|94/100|[from] Stealth Rock
|switch|p1a: Iron Treads|Iron Treads|84/100
|
|-weather|RainDance|[upkeep]
|-heal|p1a: Iron Treads|90/100|[from] item: Leftovers
|upkeep
|turn|11
|
|t:|1758283533
|-end|p1a: Iron Treads|Quark Drive|[silent]
|switch|p1a: Barraskewda|Barraskewda, M|100/100
|move|p2a: Iron Crown|Focus Blast|p1a: Barraskewda
|-damage|p1a: Barraskewda|0 fnt
|faint|p1a: Barraskewda
|
|-weather|RainDance|[upkeep]
|upkeep
|
|t:|1758283536
|switch|p1a: Iron Treads|Iron Treads|90/100
|turn|12
|
|t:|1758283538
|move|p2a: Iron Crown|Focus Blast|p1a: Iron Treads
|-supereffective|p1a: Iron Treads
|-damage|p1a: Iron Treads|0 fnt
|faint|p1a: Iron Treads
|-end|p1a: Iron Treads|Quark Drive|[silent]
|
|-weather|RainDance|[upkeep]
|upkeep
|
|t:|1758283542
|switch|p1a: Hatterene|Hatterene, F|100/100
|turn|13
|
|t:|1758283547
|-end|p2a: Iron Crown|Quark Drive|[silent]
|switch|p2a: Kingambit|Kingambit, F|100/100
|-damage|p2a: Kingambit|94/100|[from] Stealth Rock
|move|p1a: Hatterene|Nuzzle|p2a: Kingambit
|-damage|p2a: Kingambit|92/100
|-status|p2a: Kingambit|par
|-enditem|p2a: Kingambit|Lum Berry|[eat]
|-curestatus|p2a: Kingambit|par|[msg]
|
|-weather|RainDance|[upkeep]
|upkeep
|turn|14
|
|t:|1758283553
|move|p2a: Kingambit|Iron Head|p1a: Hatterene
|-supereffective|p1a: Hatterene
|-damage|p1a: Hatterene|21/100
|-enditem|p1a: Hatterene|Eject Button
|
|t:|1758283556
|switch|p1a: Talonflame|Talonflame, F|100/100
|
|-weather|none
|upkeep
|turn|15
|
|t:|1758283560
|-terastallize|p2a: Kingambit|Dark
|move|p1a: Talonflame|Overheat|p2a: Kingambit
|-damage|p2a: Kingambit|21/100
|-unboost|p1a: Talonflame|spa|2
|move|p2a: Kingambit|Kowtow Cleave|p1a: Talonflame
|-damage|p1a: Talonflame|6/100
|
|upkeep
|turn|16
|
|t:|1758283566
|move|p2a: Kingambit|Sucker Punch|p1a: Talonflame
|-damage|p1a: Talonflame|0 fnt
|faint|p1a: Talonflame
|
|upkeep
|-message|RickyZainer forfeited.
|
|win|catcat77
|raw|RickyZainer's rating: 1445 &rarr; <strong>1428</strong><br />(-17 for losing)
|raw|catcat77's rating: 1494 &rarr; <strong>1511</strong><br />(+17 for winning)
|l|☆RickyZainer
|player|p1|
