|j|☆Danxsh17
|j|☆ay cheu
|t:|1758379677
|gametype|singles
|player|p1|Danxsh17|101|1528
|player|p2|ay cheu|riley|1521
|gen|9
|tier|[Gen 9] OU
|rated|
|rule|HP Percentage Mod: HP is shown in percentages
|rule|Endless Battle Clause: Forcing endless battles is banned
|rule|Species Clause: Limit one of each Pokémon
|rule|OHKO Clause: OHKO moves are banned
|rule|Evasion Items Clause: Evasion items are banned
|rule|Evasion Moves Clause: Evasion moves are banned
|rule|Evasion Abilities Clause: Evasion abilities are banned
|rule|Sleep Moves Clause: Sleep-inducing moves are banned
|clearpoke
|poke|p1|Ogerpon-Wellspring, F|
|poke|p1|Kingambit, F|
|poke|p1|Landorus-Therian, M|
|poke|p1|Glimmora, F|
|poke|p1|Dragapult, F|
|poke|p1|Iron Valiant|
|poke|p2|Arcanine-Hisui, M|
|poke|p2|Zapdos-Galar|
|poke|p2|Metagross|
|poke|p2|Milotic, F|
|poke|p2|Venusaur, F|
|poke|p2|Sandy Shocks|
|teampreview
|inactive|Battle timer is ON: inactive players will automatically lose when time's up. (requested by ay cheu)
|
|t:|1758379694
|teamsize|p1|6
|teamsize|p2|6
|start
|switch|p1a: Glimmora|Glimmora, F|100/100
|switch|p2a: Metagross|Metagross, shiny|100/100
|turn|1
|inactive|Danxsh17 has 120 seconds left.
|
|t:|1758379725
|switch|p1a: Landorus|Landorus-Therian, M|100/100
|-ability|p1a: Landorus|Intimidate|boost
|-fail|p2a: Metagross|unboost|[from] ability: Clear Body|[of] p2a: Metagross
|move|p2a: Metagross|Psychic Noise|p1a: Landorus
|-damage|p1a: Landorus|74/100
|-start|p1a: Landorus|move: Heal Block
|
|upkeep
|turn|2
|
|t:|1758379735
|switch|p2a: Milotic|Milotic, F, shiny|100/100
|move|p1a: Landorus|Earthquake|p2a: Milotic
|-damage|p2a: Milotic|66/100
|
|-heal|p2a: Milotic|72/100|[from] item: Leftovers
|-end|p1a: Landorus|move: Heal Block
|upkeep
|turn|3
|
|t:|1758379740
|move|p1a: Landorus|Stealth Rock|p2a: Milotic
|-sidestart|p2: ay cheu|move: Stealth Rock
|move|p2a: Milotic|Ice Beam|p1a: Landorus
|-supereffective|p1a: Landorus
|-damage|p1a: Landorus|0 fnt
|faint|p1a: Landorus
|
|-heal|p2a: Milotic|78/100|[from] item: Leftovers
|upkeep
|
|t:|1758379751
|switch|p1a: Glimmora|Glimmora, F|100/100
|turn|4
|
|t:|1758379754
|move|p1a: Glimmora|Spikes|p2a: Milotic
|-sidestart|p2: ay cheu|Spikes
|move|p2a: Milotic|Scald|p1a: Glimmora
|-supereffective|p1a: Glimmora
|-damage|p1a: Glimmora|28/100
|-status|p1a: Glimmora|brn
|
|-heal|p2a: Milotic|84/100|[from] item: Leftovers
|-damage|p1a: Glimmora|22/100 brn|[from] brn
|upkeep
|turn|5
|
|t:|1758379761
|move|p1a: Glimmora|Mortal Spin|p2a: Milotic
|-damage|p2a: Milotic|82/100
|-status|p2a: Milotic|psn
|move|p2a: Milotic|Scald|p1a: Glimmora
|-supereffective|p1a: Glimmora
|-damage|p1a: Glimmora|0 fnt
|faint|p1a: Glimmora
|
|-heal|p2a: Milotic|88/100 psn|[from] item: Leftovers
|-damage|p2a: Milotic|76/100 psn|[from] psn
|upkeep
|
|t:|1758379764
|switch|p1a: Ogerpon|Ogerpon-Wellspring, F|100/100
|turn|6
|
|t:|1758379770
|switch|p2a: Venusaur|Venusaur, F|100/100
|move|p1a: Ogerpon|Horn Leech|p2a: Venusaur
|-resisted|p2a: Venusaur
|-damage|p2a: Venusaur|89/100
|
|upkeep
|turn|7
|
|t:|1758379779
|switch|p1a: Kingambit|Kingambit, F|100/100
|-activate|p1a: Kingambit|ability: Supreme Overlord
|-start|p1a: Kingambit|fallen2|[silent]
|move|p2a: Venusaur|Sunny Day|p2a: Venusaur
|-weather|SunnyDay
|
|-weather|SunnyDay|[upkeep]
|upkeep
|turn|8
|
|t:|1758379782
|move|p1a: Kingambit|Sucker Punch|p2a: Venusaur
|-damage|p2a: Venusaur|38/100
|move|p2a: Venusaur|Weather Ball|p1a: Kingambit
|-supereffective|p1a: Kingambit
|-damage|p1a: Kingambit|39/100
|
|-weather|SunnyDay|[upkeep]
|-heal|p1a: Kingambit|45/100|[from] item: Leftovers
|upkeep
|turn|9
|
|t:|1758379788
|move|p2a: Venusaur|Synthesis|p2a: Venusaur
|-heal|p2a: Venusaur|100/100
|move|p1a: Kingambit|Kowtow Cleave|p2a: Venusaur
|-damage|p2a: Venusaur|38/100
|
|-weather|SunnyDay|[upkeep]
|-heal|p1a: Kingambit|51/100|[from] item: Leftovers
|upkeep
|turn|10
|
|t:|1758379793
|move|p1a: Kingambit|Sucker Punch||[still]
|-fail|p1a: Kingambit
|move|p2a: Venusaur|Synthesis|p2a: Venusaur
|-heal|p2a: Venusaur|100/100
|
|-weather|SunnyDay|[upkeep]
|-heal|p1a: Kingambit|57/100|[from] item: Leftovers
|upkeep
|turn|11
|
|t:|1758379797
|move|p1a: Kingambit|Sucker Punch|p2a: Venusaur
|-damage|p2a: Venusaur|42/100
|move|p2a: Venusaur|Weather Ball|p1a: Kingambit
|-supereffective|p1a: Kingambit
|-damage|p1a: Kingambit|0 fnt
|faint|p1a: Kingambit
|-end|p1a: Kingambit|fallen2|[silent]
|
|-weather|none
|upkeep
|
|t:|1758379800
|switch|p1a: Dragapult|Dragapult, F|100/100
|turn|12
|
|t:|1758379806
|-terastallize|p1a: Dragapult|Ghost
|move|p1a: Dragapult|Shadow Ball|p2a: Venusaur
|-crit|p2a: Venusaur
|-damage|p2a: Venusaur|0 fnt
|faint|p2a: Venusaur
|
|upkeep
|
|t:|1758379815
|switch|p2a: 火|Zapdos-Galar|100/100
|-damage|p2a: 火|88/100|[from] Stealth Rock
|turn|13
|
|t:|1758379821
|switch|p1a: Ogerpon|Ogerpon-Wellspring, F|100/100
|move|p2a: 火|Knock Off|p1a: Ogerpon
|-damage|p1a: Ogerpon|74/100
|
|upkeep
|turn|14
|
|t:|1758379827
|switch|p2a: Metagross|Metagross, shiny|100/100
|-damage|p2a: Metagross|94/100|[from] Stealth Rock
|-damage|p2a: Metagross|82/100|[from] Spikes
|move|p1a: Ogerpon|Ivy Cudgel|p2a: Metagross|[anim] Ivy Cudgel Water
|-damage|p2a: Metagross|51/100
|
|upkeep
|turn|15
|
|t:|1758379838
|move|p1a: Ogerpon|Ivy Cudgel|p2a: Metagross|[anim] Ivy Cudgel Water
|-damage|p2a: Metagross|19/100
|move|p2a: Metagross|Body Press|p1a: Ogerpon
|-damage|p1a: Ogerpon|33/100
|
|upkeep
|turn|16
|l|☆Danxsh17
|inactive|Danxsh17 disconnected and has a minute to reconnect!
|player|p1|
|j|☆Danxsh17
|inactive|Danxsh17 reconnected and has 120 seconds left.
|player|p1|Danxsh17|101|
|
|t:|1758379872
|move|p1a: Ogerpon|Ivy Cudgel|p2a: Metagross|[anim] Ivy Cudgel Water
|-damage|p2a: Metagross|0 fnt
|faint|p2a: Metagross
|
|upkeep
|
|t:|1758379877
|switch|p2a: 火|Zapdos-Galar|88/100
|-damage|p2a: 火|76/100|[from] Stealth Rock
|turn|17
|
|t:|1758379880
|move|p2a: 火|Brave Bird|p1a: Ogerpon
|-supereffective|p1a: Ogerpon
|-damage|p1a: Ogerpon|0 fnt
|faint|p1a: Ogerpon
|-damage|p2a: 火|66/100|[from] Recoil
|
|upkeep
|
|t:|1758379890
|switch|p1a: Dragapult|Dragapult, F, tera:Ghost|100/100
|turn|18
|
|t:|1758379893
|-terastallize|p2a: 火|Flying
|move|p2a: 火|Brave Bird|p1a: Dragapult
|-damage|p1a: Dragapult|0 fnt
|faint|p1a: Dragapult
|-damage|p2a: 火|33/100|[from] Recoil
|
|upkeep
|
|t:|1758379896
|switch|p1a: Iron Valiant|Iron Valiant|100/100
|-enditem|p1a: Iron Valiant|Booster Energy
|-activate|p1a: Iron Valiant|ability: Quark Drive|[fromitem]
|-start|p1a: Iron Valiant|quarkdrivespe
|turn|19
|
|t:|1758379900
|move|p1a: Iron Valiant|Spirit Break|p2a: 火
|-damage|p2a: 火|0 fnt
|faint|p2a: 火
|
|upkeep
|
|t:|1758379903
|switch|p2a: Sandy Shocks|Sandy Shocks|100/100
|-damage|p2a: Sandy Shocks|94/100|[from] Stealth Rock
|-damage|p2a: Sandy Shocks|82/100|[from] Spikes
|turn|20
|
|t:|1758379910
|move|p1a: Iron Valiant|Swords Dance|p1a: Iron Valiant
|-boost|p1a: Iron Valiant|atk|2
|move|p2a: Sandy Shocks|Earth Power|p1a: Iron Valiant
|-crit|p1a: Iron Valiant
|-damage|p1a: Iron Valiant|0 fnt
|faint|p1a: Iron Valiant
|-end|p1a: Iron Valiant|Quark Drive|[silent]
|-damage|p2a: Sandy Shocks|72/100|[from] item: Life Orb
|
|win|ay cheu
|raw|Danxsh17's rating: 1528 &rarr; <strong>1508</strong><br />(-20 for losing)
|raw|ay cheu's rating: 1521 &rarr; <strong>1541</strong><br />(+20 for winning)
|l|☆Danxsh17
|player|p1|
