|j|☆mansonabuluting
|j|☆v1n001
|t:|1758292904
|gametype|singles
|player|p1|mansonabuluting|bellelba|1563
|player|p2|v1n001|1|1590
|gen|9
|tier|[Gen 9] OU
|rated|
|rule|HP Percentage Mod: HP is shown in percentages
|rule|Endless Battle Clause: Forcing endless battles is banned
|rule|Species Clause: Limit one of each Pokémon
|rule|OHKO Clause: OHKO moves are banned
|rule|Evasion Items Clause: Evasion items are banned
|rule|Evasion Moves Clause: Evasion moves are banned
|rule|Evasion Abilities Clause: Evasion abilities are banned
|rule|Sleep Moves Clause: Sleep-inducing moves are banned
|clearpoke
|poke|p1|Rillaboom, M|
|poke|p1|Hawlucha, F|
|poke|p1|Thundurus-Therian, M|
|poke|p1|Great Tusk|
|poke|p1|Volcanion|
|poke|p1|Goodra-Hisui, F|
|poke|p2|Rillaboom, F|
|poke|p2|Hawlucha, F|
|poke|p2|Gholdengo|
|poke|p2|Heatran, F|
|poke|p2|Glimmora, F|
|poke|p2|Ogerpon-Wellspring, F|
|teampreview
|inactive|Battle timer is ON: inactive players will automatically lose when time's up. (requested by v1n001)
|
|t:|1758292931
|teamsize|p1|6
|teamsize|p2|6
|start
|switch|p1a: Thundurus|Thundurus-Therian, M|100/100
|switch|p2a: Glimmora|Glimmora, F, shiny|100/100
|turn|1
|
|t:|1758292943
|move|p1a: Thundurus|Volt Switch|p2a: Glimmora
|-damage|p2a: Glimmora|42/100
|
|t:|1758292947
|switch|p1a: Goodra|Goodra-Hisui, F|100/100|[from] Volt Switch
|move|p2a: Glimmora|Earth Power|p1a: Goodra
|-supereffective|p1a: Goodra
|-damage|p1a: Goodra|72/100
|
|upkeep
|turn|2
|
|t:|1758292950
|switch|p2a: Rillaboom|Rillaboom, F, shiny|100/100
|-fieldstart|move: Grassy Terrain|[from] ability: Grassy Surge|[of] p2a: Rillaboom
|move|p1a: Goodra|Flash Cannon|p2a: Rillaboom
|-damage|p2a: Rillaboom|50/100
|
|-heal|p2a: Rillaboom|56/100|[from] Grassy Terrain
|-heal|p1a: Goodra|78/100|[from] Grassy Terrain
|upkeep
|turn|3
|
|t:|1758292955
|move|p2a: Rillaboom|Low Kick|p1a: Goodra
|-supereffective|p1a: Goodra
|-damage|p1a: Goodra|0 fnt
|-ability|p1a: Goodra|Gooey
|-unboost|p2a: Rillaboom|spe|1
|faint|p1a: Goodra
|
|-heal|p2a: Rillaboom|62/100|[from] Grassy Terrain
|upkeep
|
|t:|1758292965
|switch|p1a: Rillaboom|Rillaboom, M|100/100
|turn|4
|
|t:|1758292974
|switch|p2a: Heatran|Heatran, F, shiny|100/100
|move|p1a: Rillaboom|U-turn|p2a: Heatran
|-resisted|p2a: Heatran
|-damage|p2a: Heatran|92/100
|
|t:|1758292977
|switch|p1a: Volcanion|Volcanion|100/100|[from] U-turn
|
|-heal|p2a: Heatran|99/100|[from] Grassy Terrain
|-heal|p2a: Heatran|100/100|[from] item: Leftovers
|upkeep
|turn|5
|j| iijjiiji
|
|t:|1758292989
|-terastallize|p2a: Heatran|Grass
|move|p2a: Heatran|Earth Power|p1a: Volcanion
|-supereffective|p1a: Volcanion
|-damage|p1a: Volcanion|52/100
|move|p1a: Volcanion|Earth Power|p2a: Heatran
|-resisted|p2a: Heatran
|-damage|p2a: Heatran|83/100
|
|-heal|p2a: Heatran|89/100|[from] Grassy Terrain
|-heal|p2a: Heatran|95/100|[from] item: Leftovers
|-heal|p1a: Volcanion|58/100|[from] Grassy Terrain
|upkeep
|turn|6
|
|t:|1758292995
|switch|p1a: Hawlucha|Hawlucha, F|100/100
|-enditem|p1a: Hawlucha|Grassy Seed
|-boost|p1a: Hawlucha|def|1|[from] item: Grassy Seed
|move|p2a: Heatran|Earth Power|p1a: Hawlucha
|-immune|p1a: Hawlucha
|
|-heal|p2a: Heatran|100/100|[from] Grassy Terrain
|upkeep
|turn|7
|
|t:|1758292999
|switch|p2a: Gholdengo|Gholdengo|100/100
|-enditem|p2a: Gholdengo|Grassy Seed
|-boost|p2a: Gholdengo|def|1|[from] item: Grassy Seed
|move|p1a: Hawlucha|Acrobatics|p2a: Gholdengo
|-resisted|p2a: Gholdengo
|-damage|p2a: Gholdengo|89/100
|
|-heal|p2a: Gholdengo|95/100|[from] Grassy Terrain
|upkeep
|turn|8
|
|t:|1758293006
|switch|p1a: Thundurus|Thundurus-Therian, M|100/100
|move|p2a: Gholdengo|Nasty Plot|p2a: Gholdengo
|-boost|p2a: Gholdengo|spa|2
|
|-heal|p2a: Gholdengo|100/100|[from] Grassy Terrain
|upkeep
|turn|9
|
|t:|1758293009
|move|p1a: Thundurus|Volt Switch|p2a: Gholdengo
|-damage|p2a: Gholdengo|57/100
|
|t:|1758293028
|switch|p1a: Great Tusk|Great Tusk|100/100|[from] Volt Switch
|move|p2a: Gholdengo|Shadow Ball|p1a: Great Tusk
|-damage|p1a: Great Tusk|9/100
|-unboost|p1a: Great Tusk|spd|1
|
|-heal|p2a: Gholdengo|63/100|[from] Grassy Terrain
|-heal|p1a: Great Tusk|15/100|[from] Grassy Terrain
|-fieldend|move: Grassy Terrain
|upkeep
|turn|10
|
|t:|1758293037
|switch|p2a: Rillaboom|Rillaboom, F, shiny|62/100
|-fieldstart|move: Grassy Terrain|[from] ability: Grassy Surge|[of] p2a: Rillaboom
|move|p1a: Great Tusk|Headlong Rush|p2a: Rillaboom
|-resisted|p2a: Rillaboom
|-damage|p2a: Rillaboom|37/100
|-unboost|p1a: Great Tusk|def|1
|-unboost|p1a: Great Tusk|spd|1
|
|-heal|p2a: Rillaboom|43/100|[from] Grassy Terrain
|-heal|p1a: Great Tusk|22/100|[from] Grassy Terrain
|upkeep
|turn|11
|
|t:|1758293041
|-end|p1a: Great Tusk|Protosynthesis|[silent]
|switch|p1a: Hawlucha|Hawlucha, F|100/100
|move|p2a: Rillaboom|Grassy Glide|p1a: Hawlucha
|-resisted|p1a: Hawlucha
|-damage|p1a: Hawlucha|76/100
|
|-heal|p2a: Rillaboom|49/100|[from] Grassy Terrain
|upkeep
|turn|12
|
|t:|1758293043
|switch|p2a: Gholdengo|Gholdengo|63/100
|move|p1a: Hawlucha|Acrobatics|p2a: Gholdengo
|-resisted|p2a: Gholdengo
|-damage|p2a: Gholdengo|44/100
|
|-heal|p2a: Gholdengo|50/100|[from] Grassy Terrain
|upkeep
|turn|13
|
|t:|1758293047
|switch|p1a: Thundurus|Thundurus-Therian, M|100/100
|move|p2a: Gholdengo|Shadow Ball|p1a: Thundurus
|-damage|p1a: Thundurus|53/100
|-unboost|p1a: Thundurus|spd|1
|
|-heal|p2a: Gholdengo|56/100|[from] Grassy Terrain
|upkeep
|turn|14
|
|t:|1758293051
|move|p1a: Thundurus|Volt Switch|p2a: Gholdengo
|-damage|p2a: Gholdengo|14/100
|
|t:|1758293056
|switch|p1a: Volcanion|Volcanion|58/100|[from] Volt Switch
|move|p2a: Gholdengo|Recover|p2a: Gholdengo
|-heal|p2a: Gholdengo|64/100
|
|-heal|p2a: Gholdengo|70/100|[from] Grassy Terrain
|-heal|p1a: Volcanion|64/100|[from] Grassy Terrain
|upkeep
|turn|15
|
|t:|1758293061
|switch|p2a: Heatran|Heatran, F, shiny, tera:Grass|100/100
|move|p1a: Volcanion|Earth Power|p2a: Heatran
|-resisted|p2a: Heatran
|-damage|p2a: Heatran|84/100
|
|-heal|p2a: Heatran|90/100|[from] Grassy Terrain
|-heal|p2a: Heatran|96/100|[from] item: Leftovers
|-heal|p1a: Volcanion|70/100|[from] Grassy Terrain
|upkeep
|turn|16
|
|t:|1758293067
|switch|p1a: Rillaboom|Rillaboom, M|100/100
|move|p2a: Heatran|Stealth Rock|p1a: Rillaboom
|-sidestart|p1: mansonabuluting|move: Stealth Rock
|
|-heal|p2a: Heatran|100/100|[from] Grassy Terrain
|upkeep
|turn|17
|
|t:|1758293069
|move|p1a: Rillaboom|U-turn|p2a: Heatran
|-supereffective|p2a: Heatran
|-damage|p2a: Heatran|39/100
|
|t:|1758293081
|switch|p1a: Great Tusk|Great Tusk|22/100|[from] U-turn
|-damage|p1a: Great Tusk|19/100|[from] Stealth Rock
|move|p2a: Heatran|Magma Storm|p1a: Great Tusk|[miss]
|-miss|p2a: Heatran|p1a: Great Tusk
|
|-heal|p1a: Great Tusk|25/100|[from] Grassy Terrain
|-heal|p2a: Heatran|45/100|[from] Grassy Terrain
|-heal|p2a: Heatran|51/100|[from] item: Leftovers
|-fieldend|move: Grassy Terrain
|upkeep
|turn|18
|
|t:|1758293089
|move|p1a: Great Tusk|Ice Spinner|p2a: Heatran
|-supereffective|p2a: Heatran
|-damage|p2a: Heatran|12/100
|move|p2a: Heatran|Earth Power|p1a: Great Tusk
|-damage|p1a: Great Tusk|0 fnt
|faint|p1a: Great Tusk
|-end|p1a: Great Tusk|Protosynthesis|[silent]
|
|-heal|p2a: Heatran|18/100|[from] item: Leftovers
|upkeep
|
|t:|1758293093
|switch|p1a: Hawlucha|Hawlucha, F|76/100
|-damage|p1a: Hawlucha|64/100|[from] Stealth Rock
|turn|19
|
|t:|1758293095
|switch|p2a: Gholdengo|Gholdengo|70/100
|move|p1a: Hawlucha|Acrobatics|p2a: Gholdengo
|-resisted|p2a: Gholdengo
|-damage|p2a: Gholdengo|53/100
|
|upkeep
|turn|20
|
|t:|1758293101
|switch|p1a: Rillaboom|Rillaboom, M|100/100
|-damage|p1a: Rillaboom|88/100|[from] Stealth Rock
|-fieldstart|move: Grassy Terrain|[from] ability: Grassy Surge|[of] p1a: Rillaboom
|move|p2a: Gholdengo|Recover|p2a: Gholdengo
|-heal|p2a: Gholdengo|100/100
|
|-heal|p1a: Rillaboom|94/100|[from] Grassy Terrain
|upkeep
|turn|21
|
|t:|1758293107
|switch|p2a: Glimmora|Glimmora, F, shiny|42/100
|move|p1a: Rillaboom|Knock Off|p2a: Glimmora
|-damage|p2a: Glimmora|0 fnt
|-activate|p2a: Glimmora|ability: Toxic Debris
|-sidestart|p1: mansonabuluting|move: Toxic Spikes
|-enditem|p2a: Glimmora|Power Herb|[from] move: Knock Off|[of] p1a: Rillaboom
|faint|p2a: Glimmora
|
|-heal|p1a: Rillaboom|100/100|[from] Grassy Terrain
|upkeep
|
|t:|1758293110
|switch|p2a: Hawlucha|Hawlucha, F, shiny|100/100
|-enditem|p2a: Hawlucha|Grassy Seed
|-boost|p2a: Hawlucha|def|1|[from] item: Grassy Seed
|turn|22
|
|t:|1758293118
|switch|p1a: Hawlucha|Hawlucha, F|64/100
|-damage|p1a: Hawlucha|51/100|[from] Stealth Rock
|move|p2a: Hawlucha|Swords Dance|p2a: Hawlucha
|-boost|p2a: Hawlucha|atk|2
|
|upkeep
|turn|23
|
|t:|1758293123
|-terastallize|p1a: Hawlucha|Steel
|move|p2a: Hawlucha|Acrobatics|p1a: Hawlucha
|-resisted|p1a: Hawlucha
|-damage|p1a: Hawlucha|0 fnt
|faint|p1a: Hawlucha
|
|upkeep
|-message|mansonabuluting forfeited.
|
|win|v1n001
|raw|mansonabuluting's rating: 1563 &rarr; <strong>1545</strong><br />(-18 for losing)
|raw|v1n001's rating: 1590 &rarr; <strong>1608</strong><br />(+18 for winning)
|l| iijjiiji
|l|☆mansonabuluting
|player|p1|
|l|☆v1n001
|player|p2|
