|j|☆ScitherK
|j|☆angelrizz
|t:|1758378667
|gametype|singles
|player|p1|ScitherK|265|1050
|player|p2|angelrizz|102|1025
|gen|9
|tier|[Gen 9] OU
|rated|
|rule|HP Percentage Mod: HP is shown in percentages
|rule|Endless Battle Clause: Forcing endless battles is banned
|rule|Species Clause: Limit one of each Pokémon
|rule|OHKO Clause: OHKO moves are banned
|rule|Evasion Items Clause: Evasion items are banned
|rule|Evasion Moves Clause: Evasion moves are banned
|rule|Evasion Abilities Clause: Evasion abilities are banned
|rule|Sleep Moves Clause: Sleep-inducing moves are banned
|clearpoke
|poke|p1|Banette, F|
|poke|p1|Scizor, F|
|poke|p1|Trevenant, F|
|poke|p1|Samurott-Hisui, F|
|poke|p1|Garchomp, F|
|poke|p1|Kingambit, F|
|poke|p2|Conkeldurr, M|
|poke|p2|Blaziken, M|
|poke|p2|Swalot, M|
|poke|p2|Furret, M|
|poke|p2|Galvantula, M|
|poke|p2|Reuniclus, F|
|teampreview
|
|t:|1758378673
|teamsize|p1|6
|teamsize|p2|6
|start
|switch|p1a: Garchomp|Garchomp, F|100/100
|switch|p2a: HaydunnB|Blaziken, M|100/100
|turn|1
|
|t:|1758378679
|move|p1a: Garchomp|Stealth Rock|p2a: HaydunnB
|-sidestart|p2: angelrizz|move: Stealth Rock
|move|p2a: HaydunnB|Focus Energy|p2a: HaydunnB
|-start|p2a: HaydunnB|move: Focus Energy
|
|-ability|p2a: HaydunnB|Speed Boost|boost
|-boost|p2a: HaydunnB|spe|1
|upkeep
|turn|2
|
|t:|1758378695
|move|p2a: HaydunnB|Aura Sphere|p1a: Garchomp
|-crit|p1a: Garchomp
|-damage|p1a: Garchomp|35/100
|move|p1a: Garchomp|Rock Slide|p2a: HaydunnB
|-damage|p2a: HaydunnB|50/100
|-damage|p1a: Garchomp|25/100|[from] item: Life Orb
|
|-ability|p2a: HaydunnB|Speed Boost|boost
|-boost|p2a: HaydunnB|spe|1
|upkeep
|turn|3
|
|t:|1758378705
|switch|p1a: Samurott|Samurott-Hisui, F|100/100
|move|p2a: HaydunnB|Aura Sphere|p1a: Samurott
|-supereffective|p1a: Samurott
|-crit|p1a: Samurott
|-damage|p1a: Samurott|0 fnt
|faint|p1a: Samurott
|
|-ability|p2a: HaydunnB|Speed Boost|boost
|-boost|p2a: HaydunnB|spe|1
|upkeep
|c|☆angelrizz|y rock slide and not earthquake
|
|t:|1758378714
|switch|p1a: Scizor|Scizor, F|100/100
|turn|4
|
|t:|1758378720
|move|p2a: HaydunnB|Overheat|p1a: Scizor|[miss]
|-miss|p2a: HaydunnB|p1a: Scizor
|move|p1a: Scizor|Iron Defense|p1a: Scizor
|-boost|p1a: Scizor|def|2
|
|-ability|p2a: HaydunnB|Speed Boost|boost
|-boost|p2a: HaydunnB|spe|1
|upkeep
|turn|5
|
|t:|1758378733
|move|p2a: HaydunnB|Overheat|p1a: Scizor|[miss]
|-miss|p2a: HaydunnB|p1a: Scizor
|move|p1a: Scizor|U-turn|p2a: HaydunnB
|-resisted|p2a: HaydunnB
|-damage|p2a: HaydunnB|39/100
|
|t:|1758378738
|switch|p1a: Banette|Banette, F|100/100|[from] U-turn
|
|-ability|p2a: HaydunnB|Speed Boost|boost
|-boost|p2a: HaydunnB|spe|1
|upkeep
|turn|6
|
|t:|1758378747
|move|p1a: Banette|Shadow Sneak|p2a: HaydunnB
|-crit|p2a: HaydunnB
|-damage|p2a: HaydunnB|0 fnt
|faint|p2a: HaydunnB
|
|upkeep
|c|☆angelrizz|stupid fucking game
|c|☆angelrizz|u must think ur so cool
|c|☆angelrizz|making me miss 2 90% in a row
|c|☆angelrizz|and then landing a crit
|n|!angelrizz|angelrizz
|-message|angelrizz forfeited.
|
|win|ScitherK
