|j|☆PirateKingJoyBoy
|j|☆sly_skip
|t:|1758342173
|gametype|singles
|player|p1|PirateKingJoyBoy|170|1583
|player|p2|sly_skip|265|1555
|gen|9
|tier|[Gen 9] OU
|rated|
|rule|HP Percentage Mod: HP is shown in percentages
|rule|Endless Battle Clause: Forcing endless battles is banned
|rule|Species Clause: Limit one of each Pokémon
|rule|OHKO Clause: OHKO moves are banned
|rule|Evasion Items Clause: Evasion items are banned
|rule|Evasion Moves Clause: Evasion moves are banned
|rule|Evasion Abilities Clause: Evasion abilities are banned
|rule|Sleep Moves Clause: Sleep-inducing moves are banned
|clearpoke
|poke|p1|Cinderace, F|
|poke|p1|Landorus-Therian, M|
|poke|p1|Gholdengo|
|poke|p1|Clefable, M|
|poke|p1|Mimikyu, M|
|poke|p1|Toxapex, F|
|poke|p2|Great Tusk|
|poke|p2|Darkrai|
|poke|p2|Garganacl, M|
|poke|p2|Kyurem|
|poke|p2|Zamazenta-*|
|poke|p2|Slowking-Galar, M|
|teampreview
|inactive|Battle timer is ON: inactive players will automatically lose when time's up. (requested by sly_skip)
|
|t:|1758342187
|teamsize|p1|6
|teamsize|p2|6
|start
|switch|p1a: Gholdengo|Gholdengo|100/100
|switch|p2a: Darkrai|Darkrai|100/100
|turn|1
|
|t:|1758342199
|-terastallize|p1a: Gholdengo|Fighting
|move|p1a: Gholdengo|Tera Blast|p2a: Darkrai|[anim] Tera Blast Fighting
|-supereffective|p2a: Darkrai
|-damage|p2a: Darkrai|0 fnt
|faint|p2a: Darkrai
|
|upkeep
|
|t:|1758342209
|switch|p2a: Slowking|Slowking-Galar, M|100/100
|turn|2
|
|t:|1758342218
|switch|p1a: Landorus|Landorus-Therian, M|100/100
|-ability|p1a: Landorus|Intimidate|boost
|-unboost|p2a: Slowking|atk|1
|move|p2a: Slowking|Toxic|p1a: Landorus
|-status|p1a: Landorus|tox
|
|-damage|p1a: Landorus|94/100 tox|[from] psn
|upkeep
|turn|3
|
|t:|1758342232
|switch|p2a: Great Tusk|Great Tusk|100/100
|move|p1a: Landorus|Earthquake|p2a: Great Tusk
|-damage|p2a: Great Tusk|64/100
|
|-heal|p1a: Landorus|100/100 tox|[from] item: Leftovers
|-damage|p1a: Landorus|88/100 tox|[from] psn
|upkeep
|turn|4
|
|t:|1758342244
|switch|p1a: Toxapex|Toxapex, F|100/100
|move|p2a: Great Tusk|Knock Off|p1a: Toxapex
|-damage|p1a: Toxapex|73/100
|-enditem|p1a: Toxapex|Leftovers|[from] move: Knock Off|[of] p2a: Great Tusk
|
|upkeep
|turn|5
|
|t:|1758342251
|move|p1a: Toxapex|Baneful Bunker|p1a: Toxapex
|-singleturn|p1a: Toxapex|move: Protect
|move|p2a: Great Tusk|Earthquake|p1a: Toxapex
|-activate|p1a: Toxapex|move: Protect
|
|upkeep
|turn|6
|
|t:|1758342257
|switch|p1a: Landorus|Landorus-Therian, M|88/100 tox
|-ability|p1a: Landorus|Intimidate|boost
|-unboost|p2a: Great Tusk|atk|1
|move|p2a: Great Tusk|Earthquake|p1a: Landorus
|-immune|p1a: Landorus
|
|-heal|p1a: Landorus|94/100 tox|[from] item: Leftovers
|-damage|p1a: Landorus|88/100 tox|[from] psn
|upkeep
|turn|7
|inactive|sly_skip has 120 seconds left.
|
|t:|1758342316
|-end|p2a: Great Tusk|Protosynthesis|[silent]
|switch|p2a: Kyurem|Kyurem|100/100
|-ability|p2a: Kyurem|Pressure
|switch|p1a: Toxapex|Toxapex, F|100/100
|
|upkeep
|turn|8
|
|t:|1758342323
|switch|p2a: Slowking|Slowking-Galar, M|100/100
|move|p1a: Toxapex|Toxic|p2a: Slowking
|-immune|p2a: Slowking
|
|upkeep
|turn|9
|
|t:|1758342333
|switch|p1a: Landorus|Landorus-Therian, M|88/100 tox
|-ability|p1a: Landorus|Intimidate|boost
|-unboost|p2a: Slowking|atk|1
|move|p2a: Slowking|Psychic|p1a: Landorus
|-damage|p1a: Landorus|52/100 tox
|
|-heal|p1a: Landorus|58/100 tox|[from] item: Leftovers
|-damage|p1a: Landorus|52/100 tox|[from] psn
|upkeep
|turn|10
|
|t:|1758342343
|switch|p2a: Great Tusk|Great Tusk|64/100
|move|p1a: Landorus|Earthquake|p2a: Great Tusk
|-damage|p2a: Great Tusk|32/100
|
|-heal|p1a: Landorus|58/100 tox|[from] item: Leftovers
|-damage|p1a: Landorus|46/100 tox|[from] psn
|upkeep
|turn|11
|
|t:|1758342353
|switch|p1a: Toxapex|Toxapex, F|100/100
|move|p2a: Great Tusk|Knock Off|p1a: Toxapex
|-crit|p1a: Toxapex
|-damage|p1a: Toxapex|75/100
|
|upkeep
|turn|12
|
|t:|1758342364
|move|p2a: Great Tusk|Earthquake|p1a: Toxapex
|-supereffective|p1a: Toxapex
|-damage|p1a: Toxapex|0 fnt
|faint|p1a: Toxapex
|
|upkeep
|
|t:|1758342374
|switch|p1a: Gholdengo|Gholdengo, tera:Fighting|100/100
|turn|13
|inactive|sly_skip has 120 seconds left.
|
|t:|1758342407
|-end|p2a: Great Tusk|Protosynthesis|[silent]
|switch|p2a: Slowking|Slowking-Galar, M|100/100
|move|p1a: Gholdengo|Shadow Ball|p2a: Slowking
|-supereffective|p2a: Slowking
|-damage|p2a: Slowking|46/100
|
|upkeep
|turn|14
|
|t:|1758342415
|switch|p2a: Garganacl|Garganacl, M|100/100
|move|p1a: Gholdengo|Shadow Ball|p2a: Garganacl
|-damage|p2a: Garganacl|85/100
|
|-heal|p2a: Garganacl|91/100|[from] item: Leftovers
|upkeep
|turn|15
|inactive|sly_skip has 120 seconds left.
|
|t:|1758342454
|switch|p1a: Clefable|Clefable, M|100/100
|-terastallize|p2a: Garganacl|Water
|move|p2a: Garganacl|Salt Cure|p1a: Clefable
|-damage|p1a: Clefable|85/100
|-start|p1a: Clefable|Salt Cure
|
|-heal|p2a: Garganacl|97/100|[from] item: Leftovers
|upkeep
|turn|16
|
|t:|1758342464
|move|p1a: Clefable|Thunderbolt|p2a: Garganacl
|-supereffective|p2a: Garganacl
|-damage|p2a: Garganacl|48/100
|move|p2a: Garganacl|Curse|p2a: Garganacl
|-unboost|p2a: Garganacl|spe|1
|-boost|p2a: Garganacl|atk|1
|-boost|p2a: Garganacl|def|1
|
|-heal|p2a: Garganacl|54/100|[from] item: Leftovers
|upkeep
|turn|17
|inactive|sly_skip has 90 seconds left.
|inactive|sly_skip has 60 seconds left.
|inactive|sly_skip has 30 seconds left.
|inactive|sly_skip has 20 seconds left.
|inactive|sly_skip has 15 seconds left.
|inactive|sly_skip has 10 seconds left.
|inactive|sly_skip has 5 seconds left.
|-message|sly_skip lost due to inactivity.
|
|win|PirateKingJoyBoy
|raw|PirateKingJoyBoy's rating: 1583 &rarr; <strong>1601</strong><br />(+18 for winning)
|raw|sly_skip's rating: 1555 &rarr; <strong>1537</strong><br />(-18 for losing)
|l|☆PirateKingJoyBoy
|player|p1|
|l|☆sly_skip
|player|p2|
