|j|☆quagwooper
|j|☆LousiV
|t:|1758360673
|gametype|singles
|player|p1|quagwooper|lucas-gen4pt|1259
|player|p2|LousiV|102|1222
|gen|9
|tier|[Gen 9] OU
|rated|
|rule|HP Percentage Mod: HP is shown in percentages
|rule|Endless Battle Clause: Forcing endless battles is banned
|rule|Species Clause: Limit one of each Pokémon
|rule|OHKO Clause: OHKO moves are banned
|rule|Evasion Items Clause: Evasion items are banned
|rule|Evasion Moves Clause: Evasion moves are banned
|rule|Evasion Abilities Clause: Evasion abilities are banned
|rule|Sleep Moves Clause: Sleep-inducing moves are banned
|clearpoke
|poke|p1|Kyurem|
|poke|p1|Ceruledge, F|
|poke|p1|Great Tusk|
|poke|p1|Raging Bolt|
|poke|p1|Primarina, M|
|poke|p1|Tsareena, F|
|poke|p2|Cetitan, F|
|poke|p2|Azumarill, F|
|poke|p2|Abomasnow, M|
|poke|p2|Slowking, M|
|poke|p2|Sandy Shocks|
|poke|p2|Dragonite, M|
|teampreview
|inactive|Battle timer is ON: inactive players will automatically lose when time's up. (requested by LousiV)
|
|t:|1758360680
|teamsize|p1|6
|teamsize|p2|6
|start
|switch|p1a: Ceruledge|Ceruledge, F|100/100
|switch|p2a: Abomasnow|Abomasnow, M|100/100
|-weather|Snowscape|[from] ability: Snow Warning|[of] p2a: Abomasnow
|turn|1
|
|t:|1758360686
|switch|p2a: Azumarill|Azumarill, F|100/100
|move|p1a: Ceruledge|Bitter Blade|p2a: Azumarill
|-resisted|p2a: Azumarill
|-damage|p2a: Azumarill|78/100
|
|-weather|Snowscape|[upkeep]
|upkeep
|turn|2
|
|t:|1758360694
|switch|p1a: Primarina|Primarina, M|100/100
|move|p2a: Azumarill|Aqua Jet|p1a: Primarina
|-resisted|p1a: Primarina
|-damage|p1a: Primarina|86/100
|
|-weather|Snowscape|[upkeep]
|upkeep
|turn|3
|
|t:|1758360705
|switch|p2a: Sandy Shocks|Sandy Shocks|100/100
|move|p1a: Primarina|Hydro Pump|p2a: Sandy Shocks|[miss]
|-miss|p1a: Primarina|p2a: Sandy Shocks
|
|-weather|Snowscape|[upkeep]
|upkeep
|turn|4
|
|t:|1758360709
|move|p2a: Sandy Shocks|Volt Switch|p1a: Primarina
|-supereffective|p1a: Primarina
|-damage|p1a: Primarina|28/100
|
|t:|1758360714
|-end|p2a: Sandy Shocks|Protosynthesis|[silent]
|switch|p2a: Slowking|Slowking, M|100/100|[from] Volt Switch
|move|p1a: Primarina|Hydro Pump|p2a: Slowking
|-resisted|p2a: Slowking
|-damage|p2a: Slowking|67/100
|
|-weather|Snowscape|[upkeep]
|-heal|p2a: Slowking|73/100|[from] item: Leftovers
|upkeep
|turn|5
|
|t:|1758360717
|move|p1a: Primarina|Moonblast|p2a: Slowking
|-damage|p2a: Slowking|37/100
|-unboost|p2a: Slowking|spa|1
|move|p2a: Slowking|Psychic Noise|p1a: Primarina
|-damage|p1a: Primarina|18/100
|-start|p1a: Primarina|move: Heal Block
|
|-weather|none
|-heal|p2a: Slowking|43/100|[from] item: Leftovers
|upkeep
|turn|6
|
|t:|1758360723
|move|p1a: Primarina|Hydro Pump|p2a: Slowking
|-resisted|p2a: Slowking
|-damage|p2a: Slowking|10/100
|-prepare|p2a: Slowking|Chilly Reception|[premajor]
|move|p2a: Slowking|Chilly Reception|p2a: Slowking
|-weather|Snowscape
|
|t:|1758360729
|switch|p2a: Dragonite|Dragonite, M|100/100|[from] Chilly Reception
|
|-weather|Snowscape|[upkeep]
|-end|p1a: Primarina|move: Heal Block
|upkeep
|turn|7
|
|t:|1758360733
|move|p2a: Dragonite|Earthquake|p1a: Primarina
|-damage|p1a: Primarina|0 fnt
|faint|p1a: Primarina
|
|-weather|Snowscape|[upkeep]
|upkeep
|
|t:|1758360737
|switch|p1a: Kyurem|Kyurem|100/100
|-ability|p1a: Kyurem|Pressure
|turn|8
|
|t:|1758360743
|move|p1a: Kyurem|Dragon Dance|p1a: Kyurem
|-boost|p1a: Kyurem|atk|1
|-boost|p1a: Kyurem|spe|1
|move|p2a: Dragonite|Earthquake|p1a: Kyurem
|-damage|p1a: Kyurem|76/100
|
|-weather|Snowscape|[upkeep]
|upkeep
|turn|9
|
|t:|1758360758
|switch|p2a: Azumarill|Azumarill, F|78/100
|move|p1a: Kyurem|Icicle Spear|p2a: Azumarill
|-resisted|p2a: Azumarill
|-damage|p2a: Azumarill|68/100
|-resisted|p2a: Azumarill
|-damage|p2a: Azumarill|58/100
|-resisted|p2a: Azumarill
|-damage|p2a: Azumarill|49/100
|-resisted|p2a: Azumarill
|-damage|p2a: Azumarill|40/100
|-hitcount|p2a: Azumarill|4
|
|-weather|Snowscape|[upkeep]
|upkeep
|turn|10
|
|t:|1758360762
|move|p1a: Kyurem|Icicle Spear|p2a: Azumarill
|-resisted|p2a: Azumarill
|-damage|p2a: Azumarill|30/100
|-resisted|p2a: Azumarill
|-damage|p2a: Azumarill|20/100
|-resisted|p2a: Azumarill
|-damage|p2a: Azumarill|10/100
|-resisted|p2a: Azumarill
|-damage|p2a: Azumarill|0 fnt
|faint|p2a: Azumarill
|-hitcount|p2: Azumarill|4
|
|-weather|none
|upkeep
|
|t:|1758360769
|switch|p2a: Cetitan|Cetitan, F|100/100
|turn|11
|
|t:|1758360776
|move|p1a: Kyurem|Scale Shot|p2a: Cetitan
|-damage|p2a: Cetitan|83/100
|-damage|p2a: Cetitan|65/100
|-damage|p2a: Cetitan|46/100
|-damage|p2a: Cetitan|29/100
|-hitcount|p2a: Cetitan|4
|-unboost|p1a: Kyurem|def|1
|-boost|p1a: Kyurem|spe|1
|move|p2a: Cetitan|Play Rough|p1a: Kyurem
|-supereffective|p1a: Kyurem
|-damage|p1a: Kyurem|0 fnt
|faint|p1a: Kyurem
|
|upkeep
|
|t:|1758360787
|switch|p1a: Ceruledge|Ceruledge, F|100/100
|turn|12
|
|t:|1758360789
|move|p1a: Ceruledge|Swords Dance|p1a: Ceruledge
|-boost|p1a: Ceruledge|atk|2
|move|p2a: Cetitan|Liquidation|p1a: Ceruledge
|-supereffective|p1a: Ceruledge
|-enditem|p1a: Ceruledge|Focus Sash
|-damage|p1a: Ceruledge|1/100
|-ability|p1a: Ceruledge|Weak Armor|boost
|-unboost|p1a: Ceruledge|def|1
|-boost|p1a: Ceruledge|spe|2
|
|upkeep
|turn|13
|
|t:|1758360794
|move|p2a: Cetitan|Ice Shard|p1a: Ceruledge
|-resisted|p1a: Ceruledge
|-damage|p1a: Ceruledge|0 fnt
|faint|p1a: Ceruledge
|-damage|p2a: Cetitan|19/100|[from] item: Life Orb
|
|upkeep
|
|t:|1758360798
|switch|p1a: Raging Bolt|Raging Bolt|100/100
|turn|14
|
|t:|1758360808
|move|p1a: Raging Bolt|Thunderclap|p2a: Cetitan
|-damage|p2a: Cetitan|0 fnt
|faint|p2a: Cetitan
|
|upkeep
|
|t:|1758360812
|switch|p2a: Abomasnow|Abomasnow, M|100/100
|-weather|Snowscape|[from] ability: Snow Warning|[of] p2a: Abomasnow
|turn|15
|
|t:|1758360815
|move|p1a: Raging Bolt|Calm Mind|p1a: Raging Bolt
|-boost|p1a: Raging Bolt|spa|1
|-boost|p1a: Raging Bolt|spd|1
|move|p2a: Abomasnow|Blizzard|p1a: Raging Bolt
|-supereffective|p1a: Raging Bolt
|-crit|p1a: Raging Bolt
|-damage|p1a: Raging Bolt|0 fnt
|faint|p1a: Raging Bolt
|-end|p1a: Raging Bolt|Protosynthesis|[silent]
|
|-weather|Snowscape|[upkeep]
|upkeep
|
|t:|1758360822
|switch|p1a: Tsareena|Tsareena, F|100/100
|turn|16
|
|t:|1758360825
|-terastallize|p1a: Tsareena|Fighting
|move|p1a: Tsareena|Swagger|p2a: Abomasnow
|-boost|p2a: Abomasnow|atk|2
|-start|p2a: Abomasnow|confusion
|-enditem|p1a: Tsareena|Mirror Herb
|-boost|p1a: Tsareena|atk|2|[from] item: Mirror Herb
|-activate|p2a: Abomasnow|confusion
|-damage|p2a: Abomasnow|87/100|[from] confusion
|
|-weather|Snowscape|[upkeep]
|upkeep
|turn|17
|
|t:|1758360837
|switch|p2a: Slowking|Slowking, M|43/100
|move|p1a: Tsareena|High Jump Kick|p2a: Slowking
|-resisted|p2a: Slowking
|-damage|p2a: Slowking|0 fnt
|faint|p2a: Slowking
|
|-weather|Snowscape|[upkeep]
|upkeep
|
|t:|1758360844
|switch|p2a: Dragonite|Dragonite, M|100/100
|turn|18
|
|t:|1758360851
|move|p2a: Dragonite|Ice Spinner|p1a: Tsareena
|-damage|p1a: Tsareena|64/100
|move|p1a: Tsareena|Triple Axel|p2a: Dragonite
|-supereffective|p2a: Dragonite
|-damage|p2a: Dragonite|70/100
|-supereffective|p2a: Dragonite
|-damage|p2a: Dragonite|0 fnt
|faint|p2a: Dragonite
|-hitcount|p2: Dragonite|2
|
|-weather|Snowscape|[upkeep]
|upkeep
|
|t:|1758360856
|switch|p2a: Sandy Shocks|Sandy Shocks|100/100
|turn|19
|
|t:|1758360867
|move|p2a: Sandy Shocks|Earth Power|p1a: Tsareena
|-damage|p1a: Tsareena|0 fnt
|faint|p1a: Tsareena
|
|-weather|none
|upkeep
|
|t:|1758360871
|switch|p1a: Great Tusk|Great Tusk|100/100
|turn|20
|
|t:|1758360874
|move|p2a: Sandy Shocks|Earth Power|p1a: Great Tusk
|-damage|p1a: Great Tusk|0 fnt
|faint|p1a: Great Tusk
|-end|p1a: Great Tusk|Protosynthesis|[silent]
|
|win|LousiV
|raw|quagwooper's rating: 1259 &rarr; <strong>1231</strong><br />(-28 for losing)
|raw|LousiV's rating: 1222 &rarr; <strong>1250</strong><br />(+28 for winning)
|l|☆LousiV
|player|p2|
|c|☆quagwooper|Gg
|l|☆quagwooper
|player|p1|
