|j|☆epicgamer069420
|j|☆dadadadaxiji
|t:|1758377814
|gametype|singles
|player|p1|epicgamer069420|hilbert|1602
|player|p2|dadadadaxiji|dawn|1581
|gen|9
|tier|[Gen 9] OU
|rated|
|rule|HP Percentage Mod: HP is shown in percentages
|rule|Endless Battle Clause: Forcing endless battles is banned
|rule|Species Clause: Limit one of each Pokémon
|rule|OHKO Clause: OHKO moves are banned
|rule|Evasion Items Clause: Evasion items are banned
|rule|Evasion Moves Clause: Evasion moves are banned
|rule|Evasion Abilities Clause: Evasion abilities are banned
|rule|Sleep Moves Clause: Sleep-inducing moves are banned
|clearpoke
|poke|p1|Thundurus-Therian, M|
|poke|p1|Pelipper, M|
|poke|p1|Barraskewda, M|
|poke|p1|Iron Treads|
|poke|p1|Ogerpon-Wellspring, F|
|poke|p1|Dragonite, M|
|poke|p2|Gliscor, F|
|poke|p2|Grafaiai, F|
|poke|p2|Alomomola, M|
|poke|p2|Cinderace, M|
|poke|p2|Garganacl, M|
|poke|p2|Ursaluna, F|
|teampreview
|inactive|Battle timer is ON: inactive players will automatically lose when time's up. (requested by epicgamer069420)
|
|t:|1758377828
|teamsize|p1|6
|teamsize|p2|6
|start
|switch|p1a: Iron Treads|Iron Treads|100/100
|switch|p2a: Garganacl|Garganacl, M|100/100
|-enditem|p1a: Iron Treads|Booster Energy
|-activate|p1a: Iron Treads|ability: Quark Drive|[fromitem]
|-start|p1a: Iron Treads|quarkdrivespe
|turn|1
|
|t:|1758377836
|move|p1a: Iron Treads|Stealth Rock|p2a: Garganacl
|-sidestart|p2: dadadadaxiji|move: Stealth Rock
|move|p2a: Garganacl|Salt Cure|p1a: Iron Treads
|-resisted|p1a: Iron Treads
|-damage|p1a: Iron Treads|97/100
|-start|p1a: Iron Treads|Salt Cure
|
|-damage|p1a: Iron Treads|72/100|[from] Salt Cure
|upkeep
|turn|2
|
|t:|1758377840
|move|p2a: Garganacl|Protect|p2a: Garganacl
|-singleturn|p2a: Garganacl|Protect
|move|p1a: Iron Treads|Earth Power|p2a: Garganacl
|-activate|p2a: Garganacl|move: Protect
|
|-damage|p1a: Iron Treads|48/100|[from] Salt Cure
|upkeep
|turn|3
|
|t:|1758377845
|switch|p2a: Gliscor|Gliscor, F|100/100
|-damage|p2a: Gliscor|88/100|[from] Stealth Rock
|move|p1a: Iron Treads|Earth Power|p2a: Gliscor
|-immune|p2a: Gliscor
|
|-damage|p1a: Iron Treads|23/100|[from] Salt Cure
|-status|p2a: Gliscor|tox|[from] item: Toxic Orb
|upkeep
|turn|4
|
|t:|1758377852
|move|p2a: Gliscor|Protect|p2a: Gliscor
|-singleturn|p2a: Gliscor|Protect
|move|p1a: Iron Treads|Earth Power|p2a: Gliscor
|-activate|p2a: Gliscor|move: Protect
|
|-heal|p2a: Gliscor|100/100 tox|[from] ability: Poison Heal
|-damage|p1a: Iron Treads|0 fnt|[from] Salt Cure
|faint|p1a: Iron Treads
|-end|p1a: Iron Treads|Quark Drive|[silent]
|upkeep
|
|t:|1758377862
|switch|p1a: Pelipper|Pelipper, M|100/100
|-weather|RainDance|[from] ability: Drizzle|[of] p1a: Pelipper
|turn|5
|
|t:|1758377870
|move|p2a: Gliscor|Knock Off|p1a: Pelipper
|-damage|p1a: Pelipper|83/100
|-enditem|p1a: Pelipper|Damp Rock|[from] move: Knock Off|[of] p2a: Gliscor
|move|p1a: Pelipper|U-turn|p2a: Gliscor
|-resisted|p2a: Gliscor
|-damage|p2a: Gliscor|97/100 tox
|
|t:|1758377874
|switch|p1a: Ogerpon|Ogerpon-Wellspring, F|100/100|[from] U-turn
|
|-weather|RainDance|[upkeep]
|-heal|p2a: Gliscor|100/100 tox|[from] ability: Poison Heal
|upkeep
|turn|6
|
|t:|1758377882
|switch|p2a: Grafaiai|Grafaiai, F|100/100
|move|p1a: Ogerpon|Power Whip|p2a: Grafaiai|[miss]
|-miss|p1a: Ogerpon|p2a: Grafaiai
|
|-weather|RainDance|[upkeep]
|upkeep
|turn|7
|
|t:|1758377900
|move|p2a: Grafaiai|Toxic|p1a: Ogerpon
|-status|p1a: Ogerpon|tox
|move|p1a: Ogerpon|Ivy Cudgel|p2a: Grafaiai|[anim] Ivy Cudgel Water
|-damage|p2a: Grafaiai|0 fnt
|faint|p2a: Grafaiai
|
|-weather|RainDance|[upkeep]
|-damage|p1a: Ogerpon|95/100 tox|[from] psn
|upkeep
|
|t:|1758377905
|switch|p2a: Garganacl|Garganacl, M|100/100
|-damage|p2a: Garganacl|88/100|[from] Stealth Rock
|turn|8
|
|t:|1758377911
|-terastallize|p2a: Garganacl|Dragon
|move|p1a: Ogerpon|U-turn|p2a: Garganacl
|-damage|p2a: Garganacl|68/100
|
|t:|1758377935
|switch|p1a: Pelipper|Pelipper, M|83/100|[from] U-turn
|move|p2a: Garganacl|Salt Cure|p1a: Pelipper
|-supereffective|p1a: Pelipper
|-damage|p1a: Pelipper|61/100
|-start|p1a: Pelipper|Salt Cure
|
|-weather|RainDance|[upkeep]
|-heal|p2a: Garganacl|75/100|[from] item: Leftovers
|-damage|p1a: Pelipper|36/100|[from] Salt Cure
|upkeep
|turn|9
|
|t:|1758377949
|move|p2a: Garganacl|Protect|p2a: Garganacl
|-singleturn|p2a: Garganacl|Protect
|move|p1a: Pelipper|Roost|p1a: Pelipper
|-heal|p1a: Pelipper|87/100
|-singleturn|p1a: Pelipper|move: Roost
|
|-weather|RainDance|[upkeep]
|-heal|p2a: Garganacl|81/100|[from] item: Leftovers
|-damage|p1a: Pelipper|62/100|[from] Salt Cure
|upkeep
|turn|10
|
|t:|1758377959
|move|p1a: Pelipper|Hurricane|p2a: Garganacl
|-damage|p2a: Garganacl|56/100
|move|p2a: Garganacl|Salt Cure|p1a: Pelipper
|-supereffective|p1a: Pelipper
|-damage|p1a: Pelipper|40/100
|
|-weather|RainDance|[upkeep]
|-heal|p2a: Garganacl|62/100|[from] item: Leftovers
|-damage|p1a: Pelipper|15/100|[from] Salt Cure
|upkeep
|turn|11
|
|t:|1758377963
|switch|p1a: Thundurus|Thundurus-Therian, M|100/100
|move|p2a: Garganacl|Recover|p2a: Garganacl
|-heal|p2a: Garganacl|100/100
|
|-weather|RainDance|[upkeep]
|upkeep
|turn|12
|
|t:|1758377971
|-terastallize|p1a: Thundurus|Fairy
|move|p1a: Thundurus|Tera Blast|p2a: Garganacl|[anim] Tera Blast Fairy
|-supereffective|p2a: Garganacl
|-damage|p2a: Garganacl|5/100
|move|p2a: Garganacl|Salt Cure|p1a: Thundurus
|-damage|p1a: Thundurus|78/100
|-start|p1a: Thundurus|Salt Cure
|
|-weather|none
|-heal|p2a: Garganacl|12/100|[from] item: Leftovers
|-damage|p1a: Thundurus|66/100|[from] Salt Cure
|upkeep
|turn|13
|
|t:|1758377981
|move|p2a: Garganacl|Protect|p2a: Garganacl
|-singleturn|p2a: Garganacl|Protect
|move|p1a: Thundurus|Tera Blast|p2a: Garganacl|[anim] Tera Blast Fairy
|-activate|p2a: Garganacl|move: Protect
|
|-heal|p2a: Garganacl|18/100|[from] item: Leftovers
|-damage|p1a: Thundurus|54/100|[from] Salt Cure
|upkeep
|turn|14
|
|t:|1758377985
|switch|p2a: Cinderace|Cinderace, M|100/100
|move|p1a: Thundurus|Tera Blast|p2a: Cinderace|[anim] Tera Blast Fairy
|-resisted|p2a: Cinderace
|-damage|p2a: Cinderace|46/100
|
|-damage|p1a: Thundurus|41/100|[from] Salt Cure
|upkeep
|turn|15
|
|t:|1758377989
|switch|p1a: Pelipper|Pelipper, M|15/100
|-weather|RainDance|[from] ability: Drizzle|[of] p1a: Pelipper
|move|p2a: Cinderace|Court Change|p2a: Cinderace
|-start|p2a: Cinderace|typechange|Normal|[from] ability: Libero
|-swapsideconditions
|-activate|p2a: Cinderace|move: Court Change
|
|-weather|RainDance|[upkeep]
|upkeep
|turn|16
|
|t:|1758377996
|move|p2a: Cinderace|High Jump Kick|p1a: Pelipper
|-resisted|p1a: Pelipper
|-damage|p1a: Pelipper|0 fnt
|faint|p1a: Pelipper
|
|-weather|RainDance|[upkeep]
|upkeep
|
|t:|1758378000
|switch|p1a: Barraskewda|Barraskewda, M|100/100
|-damage|p1a: Barraskewda|88/100|[from] Stealth Rock
|turn|17
|
|t:|1758378004
|switch|p2a: Alomomola|Alomomola, M|100/100
|move|p1a: Barraskewda|Flip Turn|p2a: Alomomola
|-resisted|p2a: Alomomola
|-damage|p2a: Alomomola|78/100
|
|t:|1758378014
|switch|p1a: Ogerpon|Ogerpon-Wellspring, F|95/100 tox|[from] Flip Turn
|-damage|p1a: Ogerpon|82/100 tox|[from] Stealth Rock
|
|-weather|RainDance|[upkeep]
|-damage|p1a: Ogerpon|76/100 tox|[from] psn
|upkeep
|turn|18
|
|t:|1758378023
|switch|p2a: Garganacl|Garganacl, M, tera:Dragon|18/100
|move|p1a: Ogerpon|Power Whip|p2a: Garganacl
|-resisted|p2a: Garganacl
|-damage|p2a: Garganacl|0 fnt
|faint|p2a: Garganacl
|
|-weather|RainDance|[upkeep]
|-damage|p1a: Ogerpon|64/100 tox|[from] psn
|upkeep
|
|t:|1758378027
|switch|p2a: Cinderace|Cinderace, M|46/100
|turn|19
|inactive|epicgamer069420 has 120 seconds left.
|
|t:|1758378058
|switch|p1a: Barraskewda|Barraskewda, M|88/100
|-damage|p1a: Barraskewda|75/100|[from] Stealth Rock
|move|p2a: Cinderace|High Jump Kick|p1a: Barraskewda
|-start|p2a: Cinderace|typechange|Fighting|[from] ability: Libero
|-damage|p1a: Barraskewda|0 fnt
|faint|p1a: Barraskewda
|
|-weather|none
|upkeep
|
|t:|1758378062
|switch|p1a: Dragonite|Dragonite, M|100/100
|turn|20
|
|t:|1758378079
|switch|p2a: Ursaluna|Ursaluna, F|100/100
|move|p1a: Dragonite|Extreme Speed|p2a: Ursaluna
|-damage|p2a: Ursaluna|80/100
|
|-status|p2a: Ursaluna|brn|[from] item: Flame Orb
|upkeep
|turn|21
|
|t:|1758378092
|move|p1a: Dragonite|Ice Spinner|p2a: Ursaluna
|-supereffective|p2a: Ursaluna
|-damage|p2a: Ursaluna|39/100 brn
|move|p2a: Ursaluna|Facade|p1a: Dragonite
|-damage|p1a: Dragonite|35/100
|
|-damage|p2a: Ursaluna|32/100 brn|[from] brn
|upkeep
|turn|22
|
|t:|1758378099
|move|p1a: Dragonite|Ice Spinner|p2a: Ursaluna
|-supereffective|p2a: Ursaluna
|-damage|p2a: Ursaluna|0 fnt
|faint|p2a: Ursaluna
|
|upkeep
|
|t:|1758378116
|switch|p2a: Gliscor|Gliscor, F|100/100 tox
|turn|23
|
|t:|1758378130
|move|p2a: Gliscor|Knock Off|p1a: Dragonite
|-damage|p1a: Dragonite|9/100
|-enditem|p1a: Dragonite|Heavy-Duty Boots|[from] move: Knock Off|[of] p2a: Gliscor
|move|p1a: Dragonite|Ice Spinner|p2a: Gliscor
|-supereffective|p2a: Gliscor
|-crit|p2a: Gliscor
|-damage|p2a: Gliscor|0 fnt
|faint|p2a: Gliscor
|
|upkeep
|
|t:|1758378135
|switch|p2a: Alomomola|Alomomola, M|100/100
|turn|24
|
|t:|1758378153
|move|p1a: Dragonite|Earthquake|p2a: Alomomola
|-damage|p2a: Alomomola|71/100
|move|p2a: Alomomola|Chilling Water|p1a: Dragonite
|-resisted|p1a: Dragonite
|-damage|p1a: Dragonite|4/100
|-unboost|p1a: Dragonite|atk|1
|
|upkeep
|turn|25
|
|t:|1758378158
|move|p2a: Alomomola|Aqua Jet|p1a: Dragonite
|-resisted|p1a: Dragonite
|-damage|p1a: Dragonite|0 fnt
|faint|p1a: Dragonite
|
|upkeep
|
|t:|1758378165
|switch|p1a: Thundurus|Thundurus-Therian, M, tera:Fairy|41/100
|-damage|p1a: Thundurus|29/100|[from] Stealth Rock
|turn|26
|
|t:|1758378171
|move|p1a: Thundurus|Thunder|p2a: Alomomola
|-supereffective|p2a: Alomomola
|-damage|p2a: Alomomola|0 fnt
|faint|p2a: Alomomola
|
|upkeep
|
|t:|1758378174
|switch|p2a: Cinderace|Cinderace, M|46/100
|turn|27
|
|t:|1758378183
|move|p2a: Cinderace|High Jump Kick|p1a: Thundurus
|-start|p2a: Cinderace|typechange|Fighting|[from] ability: Libero
|-resisted|p1a: Thundurus
|-crit|p1a: Thundurus
|-damage|p1a: Thundurus|0 fnt
|faint|p1a: Thundurus
|
|upkeep
|
|t:|1758378185
|switch|p1a: Ogerpon|Ogerpon-Wellspring, F|64/100 tox
|-damage|p1a: Ogerpon|52/100 tox|[from] Stealth Rock
|turn|28
|
|t:|1758378188
|move|p2a: Cinderace|High Jump Kick|p1a: Ogerpon
|-damage|p1a: Ogerpon|0 fnt
|faint|p1a: Ogerpon
|
|win|dadadadaxiji
|raw|epicgamer069420's rating: 1602 &rarr; <strong>1581</strong><br />(-21 for losing)
|raw|dadadadaxiji's rating: 1581 &rarr; <strong>1602</strong><br />(+21 for winning)
|l|☆epicgamer069420
|player|p1|
|l|☆dadadadaxiji
|player|p2|
