|j|☆Straitblanchin
|j|☆Grimsley961116
|t:|1758374153
|gametype|singles
|player|p1|Straitblanchin|n|1446
|player|p2|Grimsley961116|grimsley|1407
|gen|9
|tier|[Gen 9] OU
|rated|
|rule|HP Percentage Mod: HP is shown in percentages
|rule|Endless Battle Clause: Forcing endless battles is banned
|rule|Species Clause: Limit one of each Pokémon
|rule|OHKO Clause: OHKO moves are banned
|rule|Evasion Items Clause: Evasion items are banned
|rule|Evasion Moves Clause: Evasion moves are banned
|rule|Evasion Abilities Clause: Evasion abilities are banned
|rule|Sleep Moves Clause: Sleep-inducing moves are banned
|clearpoke
|poke|p1|Ninetales, F|
|poke|p1|Walking Wake|
|poke|p1|Venusaur, F|
|poke|p1|Lilligant-Hisui, F|
|poke|p1|Great Tusk|
|poke|p1|Hatterene, F|
|poke|p2|Rotom-Wash|
|poke|p2|Torkoal, M|
|poke|p2|Garganacl, M|
|poke|p2|Arboliva, M|
|poke|p2|Ceruledge, M|
|poke|p2|Dragonite, F|
|teampreview
|inactive|Battle timer is ON: inactive players will automatically lose when time's up. (requested by Grimsley961116)
|
|t:|1758374166
|teamsize|p1|6
|teamsize|p2|6
|start
|switch|p1a: Great Tusk|Great Tusk|100/100
|switch|p2a: Rotom|Rotom-Wash|100/100
|turn|1
|
|t:|1758374173
|-end|p1a: Great Tusk|Protosynthesis|[silent]
|switch|p1a: Ninetales|Ninetales, F, shiny|100/100
|-weather|SunnyDay|[from] ability: Drought|[of] p1a: Ninetales
|move|p2a: Rotom|Hydro Pump|p1a: Ninetales|[miss]
|-miss|p2a: Rotom|p1a: Ninetales
|
|-weather|SunnyDay|[upkeep]
|upkeep
|turn|2
|
|t:|1758374180
|switch|p2a: Arboliva|Arboliva, M|100/100
|switch|p1a: Venusaur|Venusaur, F|100/100
|
|-weather|SunnyDay|[upkeep]
|upkeep
|turn|3
|
|t:|1758374184
|move|p1a: Venusaur|Growth|p1a: Venusaur
|-boost|p1a: Venusaur|atk|2
|-boost|p1a: Venusaur|spa|2
|move|p2a: Arboliva|Mirror Coat||[still]
|-fail|p2a: Arboliva
|
|-weather|SunnyDay|[upkeep]
|upkeep
|turn|4
|
|t:|1758374188
|move|p1a: Venusaur|Weather Ball|p2a: Arboliva
|-supereffective|p2a: Arboliva
|-damage|p2a: Arboliva|0 fnt
|-fieldstart|move: Grassy Terrain|[from] ability: Seed Sower|[of] p2a: Arboliva
|faint|p2a: Arboliva
|-damage|p1a: Venusaur|91/100|[from] item: Life Orb
|
|-weather|SunnyDay|[upkeep]
|-heal|p1a: Venusaur|97/100|[from] Grassy Terrain
|upkeep
|
|t:|1758374194
|switch|p2a: Ceruledge|Ceruledge, M, shiny|100/100
|turn|5
|c|☆Straitblanchin|oh man
|
|t:|1758374201
|switch|p1a: Great Tusk|Great Tusk|100/100
|-activate|p1a: Great Tusk|ability: Protosynthesis
|-start|p1a: Great Tusk|protosynthesisspe
|move|p2a: Ceruledge|Bitter Blade|p1a: Great Tusk
|-damage|p1a: Great Tusk|54/100
|-damage|p2a: Ceruledge|84/100|[from] item: Rocky Helmet|[of] p1a: Great Tusk
|
|-weather|SunnyDay|[upkeep]
|-heal|p1a: Great Tusk|60/100|[from] Grassy Terrain
|-heal|p2a: Ceruledge|90/100|[from] Grassy Terrain
|upkeep
|turn|6
|
|t:|1758374208
|move|p1a: Great Tusk|Stealth Rock|p2a: Ceruledge
|-sidestart|p2: Grimsley961116|move: Stealth Rock
|move|p2a: Ceruledge|Bitter Blade|p1a: Great Tusk
|-damage|p1a: Great Tusk|11/100
|-heal|p2a: Ceruledge|100/100|[from] drain|[of] p1a: Great Tusk
|-damage|p2a: Ceruledge|84/100|[from] item: Rocky Helmet|[of] p1a: Great Tusk
|
|-weather|SunnyDay|[upkeep]
|-heal|p1a: Great Tusk|18/100|[from] Grassy Terrain
|-heal|p2a: Ceruledge|90/100|[from] Grassy Terrain
|upkeep
|turn|7
|
|t:|1758374210
|move|p2a: Ceruledge|Shadow Sneak|p1a: Great Tusk
|-damage|p1a: Great Tusk|3/100
|-damage|p2a: Ceruledge|74/100|[from] item: Rocky Helmet|[of] p1a: Great Tusk
|move|p1a: Great Tusk|Headlong Rush|p2a: Ceruledge
|-supereffective|p2a: Ceruledge
|-damage|p2a: Ceruledge|0 fnt
|-unboost|p1a: Great Tusk|def|1
|-unboost|p1a: Great Tusk|spd|1
|faint|p2a: Ceruledge
|
|-weather|SunnyDay|[upkeep]
|-heal|p1a: Great Tusk|9/100|[from] Grassy Terrain
|upkeep
|
|t:|1758374213
|switch|p2a: Torkoal|Torkoal, M|100/100
|turn|8
|c|☆Straitblanchin|that grassy terrain is not doing you any good
|
|t:|1758374228
|-end|p1a: Great Tusk|Protosynthesis|[silent]
|switch|p1a: Hatterene|Hatterene, F|100/100
|move|p2a: Torkoal|Rapid Spin|p1a: Hatterene
|-damage|p1a: Hatterene|90/100
|-boost|p2a: Torkoal|spe|1
|-sideend|p2: Grimsley961116|Stealth Rock|[from] move: Rapid Spin|[of] p2a: Torkoal
|
|-weather|none
|-heal|p1a: Hatterene|96/100|[from] Grassy Terrain
|-fieldend|move: Grassy Terrain
|upkeep
|turn|9
|
|t:|1758374230
|move|p2a: Torkoal|Fire Blast|p1a: Hatterene
|-damage|p1a: Hatterene|73/100
|-status|p1a: Hatterene|brn
|move|p1a: Hatterene|Nuzzle|p2a: Torkoal
|-damage|p2a: Torkoal|99/100
|-status|p2a: Torkoal|par
|
|-damage|p1a: Hatterene|67/100 brn|[from] brn
|upkeep
|turn|10
|
|t:|1758374236
|switch|p2a: Garganacl|Garganacl, M|100/100
|move|p1a: Hatterene|Mystical Fire|p2a: Garganacl
|-resisted|p2a: Garganacl
|-damage|p2a: Garganacl|90/100
|-unboost|p2a: Garganacl|spa|1
|
|-heal|p2a: Garganacl|96/100|[from] item: Leftovers
|-damage|p1a: Hatterene|61/100 brn|[from] brn
|upkeep
|turn|11
|
|t:|1758374256
|switch|p1a: Venusaur|Venusaur, F|97/100
|move|p2a: Garganacl|Salt Cure|p1a: Venusaur
|-crit|p1a: Venusaur
|-damage|p1a: Venusaur|69/100
|-start|p1a: Venusaur|Salt Cure
|
|-heal|p2a: Garganacl|100/100|[from] item: Leftovers
|-damage|p1a: Venusaur|56/100|[from] Salt Cure
|upkeep
|turn|12
|
|t:|1758374260
|switch|p2a: Torkoal|Torkoal, M|99/100 par
|move|p1a: Venusaur|Giga Drain|p2a: Torkoal
|-resisted|p2a: Torkoal
|-damage|p2a: Torkoal|74/100 par
|-heal|p1a: Venusaur|71/100|[from] drain|[of] p2a: Torkoal
|-damage|p1a: Venusaur|61/100|[from] item: Life Orb
|
|-damage|p1a: Venusaur|49/100|[from] Salt Cure
|upkeep
|turn|13
|c|☆Straitblanchin|trokoal without drought kinda crazy
|inactive|Straitblanchin has 120 seconds left.
|c|☆Straitblanchin|like go look in the mirror
|
|t:|1758374311
|switch|p1a: Great Tusk|Great Tusk|9/100
|move|p2a: Torkoal|Fire Blast|p1a: Great Tusk|[miss]
|-miss|p2a: Torkoal|p1a: Great Tusk
|
|upkeep
|turn|14
|
|t:|1758374317
|switch|p2a: Dragonite|Dragonite, F, shiny|100/100
|move|p1a: Great Tusk|Stealth Rock|p2a: Dragonite
|-sidestart|p2: Grimsley961116|move: Stealth Rock
|
|upkeep
|turn|15
|
|t:|1758374321
|-end|p1a: Great Tusk|Protosynthesis|[silent]
|switch|p1a: Hatterene|Hatterene, F|61/100 brn
|move|p2a: Dragonite|Dragon Dance|p2a: Dragonite
|-boost|p2a: Dragonite|atk|1
|-boost|p2a: Dragonite|spe|1
|
|-damage|p1a: Hatterene|55/100 brn|[from] brn
|upkeep
|turn|16
|
|t:|1758374328
|move|p2a: Dragonite|Earthquake|p1a: Hatterene
|-damage|p1a: Hatterene|0 fnt
|faint|p1a: Hatterene
|
|upkeep
|
|t:|1758374330
|switch|p1a: Ninetales|Ninetales, F, shiny|100/100
|-weather|SunnyDay|[from] ability: Drought|[of] p1a: Ninetales
|turn|17
|
|t:|1758374332
|switch|p1a: Great Tusk|Great Tusk|9/100
|-activate|p1a: Great Tusk|ability: Protosynthesis
|-start|p1a: Great Tusk|protosynthesisspe
|move|p2a: Dragonite|Earthquake|p1a: Great Tusk
|-damage|p1a: Great Tusk|0 fnt
|faint|p1a: Great Tusk
|-end|p1a: Great Tusk|Protosynthesis|[silent]
|
|-weather|SunnyDay|[upkeep]
|upkeep
|
|t:|1758374337
|switch|p1a: Venusaur|Venusaur, F|49/100
|turn|18
|
|t:|1758374345
|-terastallize|p2a: Dragonite|Normal
|move|p2a: Dragonite|Extreme Speed|p1a: Venusaur
|-damage|p1a: Venusaur|0 fnt
|faint|p1a: Venusaur
|
|-weather|SunnyDay|[upkeep]
|upkeep
|
|t:|1758374355
|switch|p1a: Lilligant|Lilligant-Hisui, F|100/100
|turn|19
|
|t:|1758374372
|-terastallize|p1a: Lilligant|Ghost
|move|p2a: Dragonite|Extreme Speed|p1a: Lilligant
|-immune|p1a: Lilligant
|move|p1a: Lilligant|Solar Blade||[still]
|-prepare|p1a: Lilligant|Solar Blade
|-anim|p1a: Lilligant|Solar Blade|p2a: Dragonite
|-damage|p2a: Dragonite|54/100
|-damage|p1a: Lilligant|91/100|[from] item: Life Orb
|
|-weather|SunnyDay|[upkeep]
|upkeep
|turn|20
|
|t:|1758374386
|move|p1a: Lilligant|Solar Blade||[still]
|-prepare|p1a: Lilligant|Solar Blade
|-anim|p1a: Lilligant|Solar Blade|p2a: Dragonite
|-damage|p2a: Dragonite|0 fnt
|faint|p2a: Dragonite
|-damage|p1a: Lilligant|81/100|[from] item: Life Orb
|
|-weather|SunnyDay|[upkeep]
|upkeep
|
|t:|1758374389
|switch|p2a: Torkoal|Torkoal, M|74/100 par
|turn|21
|
|t:|1758374392
|switch|p1a: Walking Wake|Walking Wake|100/100
|-activate|p1a: Walking Wake|ability: Protosynthesis
|-start|p1a: Walking Wake|protosynthesisspe
|move|p2a: Torkoal|Stealth Rock|p1a: Walking Wake
|-sidestart|p1: Straitblanchin|move: Stealth Rock
|
|-weather|SunnyDay|[upkeep]
|upkeep
|turn|22
|
|t:|1758374404
|switch|p2a: Rotom|Rotom-Wash|100/100
|-damage|p2a: Rotom|88/100|[from] Stealth Rock
|move|p1a: Walking Wake|Draco Meteor|p2a: Rotom
|-damage|p2a: Rotom|0 fnt
|-unboost|p1a: Walking Wake|spa|2
|faint|p2a: Rotom
|
|-weather|SunnyDay|[upkeep]
|upkeep
|
|t:|1758374407
|switch|p2a: Garganacl|Garganacl, M|100/100
|-damage|p2a: Garganacl|88/100|[from] Stealth Rock
|turn|23
|
|t:|1758374415
|move|p1a: Walking Wake|Draco Meteor|p2a: Garganacl
|-damage|p2a: Garganacl|52/100
|-unboost|p1a: Walking Wake|spa|2
|move|p2a: Garganacl|Salt Cure|p1a: Walking Wake
|-damage|p1a: Walking Wake|86/100
|-start|p1a: Walking Wake|Salt Cure
|
|-weather|SunnyDay|[upkeep]
|-heal|p2a: Garganacl|58/100|[from] item: Leftovers
|-damage|p1a: Walking Wake|61/100|[from] Salt Cure
|upkeep
|turn|24
|
|t:|1758374419
|-end|p1a: Walking Wake|Protosynthesis|[silent]
|switch|p1a: Lilligant|Lilligant-Hisui, F, tera:Ghost|81/100
|-damage|p1a: Lilligant|68/100|[from] Stealth Rock
|move|p2a: Garganacl|Substitute|p2a: Garganacl
|-start|p2a: Garganacl|Substitute
|-damage|p2a: Garganacl|33/100
|
|-weather|none
|-heal|p2a: Garganacl|39/100|[from] item: Leftovers
|upkeep
|turn|25
|
|t:|1758374429
|move|p1a: Lilligant|Close Combat|p2a: Garganacl
|-supereffective|p2a: Garganacl
|-end|p2a: Garganacl|Substitute
|-unboost|p1a: Lilligant|def|1
|-unboost|p1a: Lilligant|spd|1
|-damage|p1a: Lilligant|58/100|[from] item: Life Orb
|move|p2a: Garganacl|Salt Cure|p1a: Lilligant
|-damage|p1a: Lilligant|27/100
|-start|p1a: Lilligant|Salt Cure
|
|-heal|p2a: Garganacl|45/100|[from] item: Leftovers
|-damage|p1a: Lilligant|15/100|[from] Salt Cure
|upkeep
|turn|26
|
|t:|1758374433
|move|p1a: Lilligant|Close Combat|p2a: Garganacl
|-supereffective|p2a: Garganacl
|-damage|p2a: Garganacl|0 fnt
|-unboost|p1a: Lilligant|def|1
|-unboost|p1a: Lilligant|spd|1
|faint|p2a: Garganacl
|-damage|p1a: Lilligant|5/100|[from] item: Life Orb
|
|-damage|p1a: Lilligant|0 fnt|[from] Salt Cure
|faint|p1a: Lilligant
|upkeep
|
|t:|1758374436
|switch|p1a: Ninetales|Ninetales, F, shiny|100/100
|switch|p2a: Torkoal|Torkoal, M|74/100 par
|-damage|p1a: Ninetales|76/100|[from] Stealth Rock
|-weather|SunnyDay|[from] ability: Drought|[of] p1a: Ninetales
|turn|27
|
|t:|1758374439
|move|p1a: Ninetales|Healing Wish|p1a: Ninetales
|faint|p1a: Ninetales
|cant|p2a: Torkoal|par
|
|-weather|SunnyDay|[upkeep]
|upkeep
|
|t:|1758374441
|switch|p1a: Walking Wake|Walking Wake|61/100
|-heal|p1a: Walking Wake|100/100|[from] move: Healing Wish
|-damage|p1a: Walking Wake|88/100|[from] Stealth Rock
|-activate|p1a: Walking Wake|ability: Protosynthesis
|-start|p1a: Walking Wake|protosynthesisspe
|turn|28
|-message|Grimsley961116 forfeited.
|
|win|Straitblanchin
|raw|Straitblanchin's rating: 1446 &rarr; <strong>1464</strong><br />(+18 for winning)
|raw|Grimsley961116's rating: 1407 &rarr; <strong>1389</strong><br />(-18 for losing)
|l|☆Grimsley961116
|player|p2|
|l|☆Straitblanchin
|player|p1|
