|j|☆god's loving gift
|j|☆DonphanPPF
|t:|1758255245
|gametype|singles
|player|p1|god's loving gift|unknownf|1154
|player|p2|DonphanPPF|169|1186
|gen|9
|tier|[Gen 9] OU
|rated|
|rule|HP Percentage Mod: HP is shown in percentages
|rule|Endless Battle Clause: Forcing endless battles is banned
|rule|Species Clause: Limit one of each Pokémon
|rule|OHKO Clause: OHKO moves are banned
|rule|Evasion Items Clause: Evasion items are banned
|rule|Evasion Moves Clause: Evasion moves are banned
|rule|Evasion Abilities Clause: Evasion abilities are banned
|rule|Sleep Moves Clause: Sleep-inducing moves are banned
|clearpoke
|poke|p1|Iron Valiant|
|poke|p1|Samurott-Hisui, M|
|poke|p1|Pecharunt|
|poke|p1|Ogerpon-Wellspring, F|
|poke|p1|Gholdengo|
|poke|p1|Glimmora, M|
|poke|p2|Weezing-Galar, M|
|poke|p2|Hitmonlee, M|
|poke|p2|Dragonite, M|
|poke|p2|Scizor, M|
|poke|p2|Vaporeon, F|
|poke|p2|Garganacl, M|
|teampreview
|inactive|Battle timer is ON: inactive players will automatically lose when time's up. (requested by god's loving gift)
|
|t:|1758255254
|teamsize|p1|6
|teamsize|p2|6
|start
|switch|p1a: Glimmora|Glimmora, M|100/100
|switch|p2a: Garganacl|Garganacl, M, shiny|100/100
|turn|1
|
|t:|1758255264
|move|p1a: Glimmora|Reflect|p1a: Glimmora
|-sidestart|p1: god's loving gift|Reflect
|move|p2a: Garganacl|Salt Cure|p1a: Glimmora
|-damage|p1a: Glimmora|92/100
|-start|p1a: Glimmora|Salt Cure
|-activate|p1a: Glimmora|ability: Toxic Debris
|-sidestart|p2: DonphanPPF|move: Toxic Spikes
|
|-damage|p1a: Glimmora|80/100|[from] Salt Cure
|upkeep
|turn|2
|
|t:|1758255273
|move|p1a: Glimmora|Stealth Rock|p2a: Garganacl
|-sidestart|p2: DonphanPPF|move: Stealth Rock
|move|p2a: Garganacl|Curse|p2a: Garganacl
|-unboost|p2a: Garganacl|spe|1
|-boost|p2a: Garganacl|atk|1
|-boost|p2a: Garganacl|def|1
|
|-damage|p1a: Glimmora|67/100|[from] Salt Cure
|upkeep
|turn|3
|
|t:|1758255297
|switch|p1a: Gholdengo|Gholdengo|100/100
|move|p2a: Garganacl|Curse|p2a: Garganacl
|-unboost|p2a: Garganacl|spe|1
|-boost|p2a: Garganacl|atk|1
|-boost|p2a: Garganacl|def|1
|
|upkeep
|turn|4
|inactive|DonphanPPF has 120 seconds left.
|
|t:|1758255327
|-terastallize|p2a: Garganacl|Fighting
|move|p1a: Gholdengo|Trick|p2a: Garganacl
|-activate|p1a: Gholdengo|move: Trick|[of] p2a: Garganacl
|-item|p2a: Garganacl|Choice Scarf|[from] move: Trick
|-item|p1a: Gholdengo|Ability Shield|[from] move: Trick
|move|p2a: Garganacl|Salt Cure|p1a: Gholdengo
|-resisted|p1a: Gholdengo
|-damage|p1a: Gholdengo|93/100
|-start|p1a: Gholdengo|Salt Cure
|
|-damage|p1a: Gholdengo|68/100|[from] Salt Cure
|upkeep
|turn|5
|inactive|DonphanPPF has 120 seconds left.
|inactive|god's loving gift has 120 seconds left.
|
|t:|1758255362
|move|p1a: Gholdengo|Shadow Ball|p2a: Garganacl
|-damage|p2a: Garganacl|86/100
|move|p2a: Garganacl|Salt Cure|p1a: Gholdengo
|-resisted|p1a: Gholdengo
|-damage|p1a: Gholdengo|60/100
|
|-damage|p1a: Gholdengo|35/100|[from] Salt Cure
|-sideend|p1: god's loving gift|Reflect
|upkeep
|turn|6
|inactive|god's loving gift has 120 seconds left.
|
|t:|1758255375
|move|p1a: Gholdengo|Make It Rain|p2a: Garganacl
|-damage|p2a: Garganacl|46/100
|-unboost|p1a: Gholdengo|spa|1
|move|p2a: Garganacl|Salt Cure|p1a: Gholdengo
|-resisted|p1a: Gholdengo
|-damage|p1a: Gholdengo|20/100
|
|-damage|p1a: Gholdengo|0 fnt|[from] Salt Cure
|faint|p1a: Gholdengo
|upkeep
|
|t:|1758255385
|switch|p1a: Iron Valiant|Iron Valiant|100/100
|turn|7
|
|t:|1758255389
|move|p1a: Iron Valiant|Moonblast|p2a: Garganacl
|-supereffective|p2a: Garganacl
|-damage|p2a: Garganacl|0 fnt
|faint|p2a: Garganacl
|
|upkeep
|l|☆DonphanPPF
|inactive|DonphanPPF disconnected and has a minute to reconnect!
|player|p2|
|inactive|DonphanPPF has 30 seconds to reconnect!
|inactive|DonphanPPF has 20 seconds to reconnect!
|inactive|DonphanPPF has 15 seconds to reconnect!
|inactive|DonphanPPF has 10 seconds to reconnect!
|inactive|DonphanPPF has 5 seconds to reconnect!
|-message|DonphanPPF lost due to inactivity.
|
|win|god's loving gift
|raw|god&apos;s loving gift's rating: 1154 &rarr; <strong>1181</strong><br />(+27 for winning)
|raw|DonphanPPF's rating: 1186 &rarr; <strong>1159</strong><br />(-27 for losing)
