|j|☆grungly
|j|☆Leroswend
|t:|1758273890
|gametype|singles
|player|p1|grungly|265|1219
|player|p2|Leroswend|cynthia-gen4|1266
|gen|9
|tier|[Gen 9] OU
|rated|
|rule|HP Percentage Mod: HP is shown in percentages
|rule|Endless Battle Clause: Forcing endless battles is banned
|rule|Species Clause: Limit one of each Pokémon
|rule|OHKO Clause: OHKO moves are banned
|rule|Evasion Items Clause: Evasion items are banned
|rule|Evasion Moves Clause: Evasion moves are banned
|rule|Evasion Abilities Clause: Evasion abilities are banned
|rule|Sleep Moves Clause: Sleep-inducing moves are banned
|clearpoke
|poke|p1|Comfey, M|
|poke|p1|Slowbro-Galar, M|
|poke|p1|Garganacl, F|
|poke|p1|Mimikyu, F|
|poke|p1|Ditto|
|poke|p1|Gliscor, M|
|poke|p2|Scizor, F|
|poke|p2|Great Tusk|
|poke|p2|Greninja-*, M|
|poke|p2|Garchomp, F|
|poke|p2|Skeledirge, M|
|poke|p2|Iron Valiant|
|teampreview
|inactive|Battle timer is ON: inactive players will automatically lose when time's up. (requested by Leroswend)
|inactive|grungly also wants the timer to be on.
|
|t:|1758273897
|teamsize|p1|6
|teamsize|p2|6
|start
|switch|p1a: Mimikyu|Mimikyu, F|100/100
|switch|p2a: Great Tusk|Great Tusk|100/100
|turn|1
|
|t:|1758273903
|move|p1a: Mimikyu|Swords Dance|p1a: Mimikyu
|-boost|p1a: Mimikyu|atk|2
|move|p2a: Great Tusk|Stealth Rock|p1a: Mimikyu
|-sidestart|p1: grungly|move: Stealth Rock
|
|upkeep
|turn|2
|
|t:|1758273910
|-end|p2a: Great Tusk|Protosynthesis|[silent]
|switch|p2a: Skeledirge|Skeledirge, M|100/100
|move|p1a: Mimikyu|Swords Dance|p1a: Mimikyu
|-boost|p1a: Mimikyu|atk|2
|
|upkeep
|turn|3
|
|t:|1758273920
|-terastallize|p2a: Skeledirge|Fairy
|move|p1a: Mimikyu|Shadow Sneak|p2a: Skeledirge
|-damage|p2a: Skeledirge|88/100
|-damage|p1a: Mimikyu|91/100|[from] item: Life Orb
|move|p2a: Skeledirge|Torch Song|p1a: Mimikyu
|-activate|p1a: Mimikyu|ability: Disguise
|-damage|p1a: Mimikyu|91/100
|-boost|p2a: Skeledirge|spa|1
|detailschange|p1a: Mimikyu|Mimikyu-Busted, F
|-damage|p1a: Mimikyu|78/100|[from] pokemon: Mimikyu-Busted
|
|upkeep
|turn|4
|
|t:|1758273934
|switch|p1a: Slowbro|Slowbro-Galar, M|100/100
|-damage|p1a: Slowbro|88/100|[from] Stealth Rock
|move|p2a: Skeledirge|Torch Song|p1a: Slowbro
|-damage|p1a: Slowbro|33/100
|-boost|p2a: Skeledirge|spa|1
|
|upkeep
|turn|5
|
|t:|1758273945
|move|p2a: Skeledirge|Torch Song|p1a: Slowbro
|-damage|p1a: Slowbro|0 fnt
|-boost|p2a: Skeledirge|spa|1
|faint|p1a: Slowbro
|
|upkeep
|
|t:|1758273952
|switch|p1a: Ditto|Ditto|100/100
|-damage|p1a: Ditto|88/100|[from] Stealth Rock
|-transform|p1a: Ditto|p2a: Skeledirge|[from] ability: Imposter
|-start|p1a: Ditto|typechange|Fire/Ghost|[silent]
|turn|6
|
|t:|1758273965
|move|p1a: Ditto|Torch Song|p2a: Skeledirge
|-damage|p2a: Skeledirge|55/100
|-boost|p1a: Ditto|spa|1
|move|p2a: Skeledirge|Shadow Ball|p1a: Ditto
|-supereffective|p1a: Ditto
|-damage|p1a: Ditto|0 fnt
|faint|p1a: Ditto
|
|upkeep
|
|t:|1758273978
|switch|p1a: Garganacl|Garganacl, F|100/100
|-damage|p1a: Garganacl|88/100|[from] Stealth Rock
|turn|7
|
|t:|1758273983
|move|p2a: Skeledirge|Earth Power|p1a: Garganacl
|-supereffective|p1a: Garganacl
|-damage|p1a: Garganacl|0 fnt
|faint|p1a: Garganacl
|
|upkeep
|
|t:|1758273985
|switch|p1a: Gliscor|Gliscor, M|100/100
|-damage|p1a: Gliscor|88/100|[from] Stealth Rock
|turn|8
|-message|grungly forfeited.
|
|win|Leroswend
|raw|grungly's rating: 1219 &rarr; <strong>1197</strong><br />(-22 for losing)
|raw|Leroswend's rating: 1266 &rarr; <strong>1288</strong><br />(+22 for winning)
|l|☆grungly
|player|p1|
|l|☆Leroswend
|player|p2|
