|j|☆ego_the_amigo
|j|☆trauma dumping
|t:|1758265964
|gametype|singles
|player|p1|ego_the_amigo|benga|1219
|player|p2|trauma dumping|preschooler|1258
|gen|9
|tier|[Gen 9] OU
|rated|
|rule|HP Percentage Mod: HP is shown in percentages
|rule|Endless Battle Clause: Forcing endless battles is banned
|rule|Species Clause: Limit one of each Pokémon
|rule|OHKO Clause: OHKO moves are banned
|rule|Evasion Items Clause: Evasion items are banned
|rule|Evasion Moves Clause: Evasion moves are banned
|rule|Evasion Abilities Clause: Evasion abilities are banned
|rule|Sleep Moves Clause: Sleep-inducing moves are banned
|clearpoke
|poke|p1|Skarmory, M|
|poke|p1|Cloyster, F|
|poke|p1|Galvantula, F|
|poke|p1|Dragapult, F|
|poke|p1|Kingambit, M|
|poke|p1|Salazzle, F|
|poke|p2|Dragonite, F|
|poke|p2|Zamazenta-*|
|poke|p2|Landorus-Therian, M|
|poke|p2|Gholdengo|
|poke|p2|Darkrai|
|poke|p2|Hatterene, F|
|teampreview
|inactive|Battle timer is ON: inactive players will automatically lose when time's up. (requested by trauma dumping)
|
|t:|1758265976
|teamsize|p1|6
|teamsize|p2|6
|start
|switch|p1a: Cloyster|Cloyster, F|100/100
|switch|p2a: Hatterene|Hatterene, F|100/100
|turn|1
|
|t:|1758265983
|move|p1a: Cloyster|Shell Smash|p1a: Cloyster
|-unboost|p1a: Cloyster|def|1
|-unboost|p1a: Cloyster|spd|1
|-boost|p1a: Cloyster|atk|2
|-boost|p1a: Cloyster|spa|2
|-boost|p1a: Cloyster|spe|2
|-enditem|p1a: Cloyster|White Herb
|-clearnegativeboost|p1a: Cloyster|[silent]
|move|p2a: Hatterene|Psychic Noise|p1a: Cloyster
|-crit|p1a: Cloyster
|-damage|p1a: Cloyster|0 fnt
|faint|p1a: Cloyster
|
|upkeep
|
|t:|1758265995
|switch|p1a: Salazzle|Salazzle, F|100/100
|turn|2
|
|t:|1758266001
|move|p1a: Salazzle|Fire Blast|p2a: Hatterene
|-damage|p2a: Hatterene|62/100
|-damage|p1a: Salazzle|91/100|[from] item: Life Orb
|move|p2a: Hatterene|Psychic Noise|p1a: Salazzle
|-supereffective|p1a: Salazzle
|-damage|p1a: Salazzle|0 fnt
|faint|p1a: Salazzle
|
|upkeep
|
|t:|1758266011
|switch|p1a: Kingambit|Kingambit, M|100/100
|-activate|p1a: Kingambit|ability: Supreme Overlord
|-start|p1a: Kingambit|fallen2|[silent]
|turn|3
|
|t:|1758266021
|switch|p2a: Landorus|Landorus-Therian, M|100/100
|-ability|p2a: Landorus|Intimidate|boost
|-unboost|p1a: Kingambit|atk|1
|move|p1a: Kingambit|Kowtow Cleave|p2a: Landorus
|-damage|p2a: Landorus|65/100
|-damage|p1a: Kingambit|84/100|[from] item: Rocky Helmet|[of] p2a: Landorus
|
|upkeep
|turn|4
|
|t:|1758266031
|-end|p1a: Kingambit|fallen2|[silent]
|switch|p1a: Skarmory|Skarmory, M|100/100
|move|p2a: Landorus|Stealth Rock|p1a: Skarmory
|-sidestart|p1: ego_the_amigo|move: Stealth Rock
|
|upkeep
|turn|5
|
|t:|1758266037
|switch|p2a: Hatterene|Hatterene, F|62/100
|move|p1a: Skarmory|Whirlwind|p2a: Hatterene
|move|p2a: Hatterene|Whirlwind|p1a: Skarmory|[from] ability: Magic Bounce
|drag|p1a: Kingambit|Kingambit, M|84/100
|-damage|p1a: Kingambit|78/100|[from] Stealth Rock
|-activate|p1a: Kingambit|ability: Supreme Overlord
|-start|p1a: Kingambit|fallen2|[silent]
|
|upkeep
|turn|6
|
|t:|1758266048
|move|p1a: Kingambit|Kowtow Cleave|p2a: Hatterene
|-damage|p2a: Hatterene|0 fnt
|faint|p2a: Hatterene
|
|upkeep
|
|t:|1758266066
|switch|p2a: Zamazenta|Zamazenta|100/100
|-ability|p2a: Zamazenta|Dauntless Shield|boost
|-boost|p2a: Zamazenta|def|1
|turn|7
|
|t:|1758266079
|-end|p1a: Kingambit|fallen2|[silent]
|switch|p1a: Skarmory|Skarmory, M|100/100
|-damage|p1a: Skarmory|88/100|[from] Stealth Rock
|move|p2a: Zamazenta|Iron Defense|p2a: Zamazenta
|-boost|p2a: Zamazenta|def|2
|
|-heal|p1a: Skarmory|94/100|[from] item: Leftovers
|upkeep
|turn|8
|
|t:|1758266088
|move|p2a: Zamazenta|Body Press|p1a: Skarmory
|-damage|p1a: Skarmory|26/100
|move|p1a: Skarmory|Stealth Rock|p2a: Zamazenta
|-sidestart|p2: trauma dumping|move: Stealth Rock
|
|-heal|p1a: Skarmory|32/100|[from] item: Leftovers
|upkeep
|turn|9
|
|t:|1758266095
|move|p2a: Zamazenta|Body Press|p1a: Skarmory
|-damage|p1a: Skarmory|0 fnt
|faint|p1a: Skarmory
|
|upkeep
|
|t:|1758266100
|switch|p1a: Galvantula|Galvantula, F|100/100
|-damage|p1a: Galvantula|76/100|[from] Stealth Rock
|-item|p1a: Galvantula|Air Balloon
|turn|10
|
|t:|1758266105
|move|p2a: Zamazenta|Body Press|p1a: Galvantula
|-resisted|p1a: Galvantula
|-damage|p1a: Galvantula|0 fnt
|-enditem|p1a: Galvantula|Air Balloon
|faint|p1a: Galvantula
|
|upkeep
|
|t:|1758266110
|switch|p1a: Dragapult|Dragapult, F|100/100
|-damage|p1a: Dragapult|88/100|[from] Stealth Rock
|turn|11
|inactive|trauma dumping has 120 seconds left.
|
|t:|1758266144
|move|p2a: Zamazenta|Crunch|p1a: Dragapult
|-supereffective|p1a: Dragapult
|-damage|p1a: Dragapult|26/100
|move|p1a: Dragapult|Dragon Dance|p1a: Dragapult
|-boost|p1a: Dragapult|atk|1
|-boost|p1a: Dragapult|spe|1
|
|-heal|p1a: Dragapult|32/100|[from] item: Leftovers
|upkeep
|turn|12
|
|t:|1758266168
|-terastallize|p1a: Dragapult|Psychic
|move|p1a: Dragapult|Psychic Fangs|p2a: Zamazenta
|-supereffective|p2a: Zamazenta
|-damage|p2a: Zamazenta|60/100
|move|p2a: Zamazenta|Crunch|p1a: Dragapult
|-supereffective|p1a: Dragapult
|-damage|p1a: Dragapult|0 fnt
|faint|p1a: Dragapult
|
|-heal|p2a: Zamazenta|66/100|[from] item: Leftovers
|upkeep
|-message|ego_the_amigo forfeited.
|
|win|trauma dumping
|raw|ego_the_amigo's rating: 1219 &rarr; <strong>1197</strong><br />(-22 for losing)
|raw|trauma dumping's rating: 1258 &rarr; <strong>1280</strong><br />(+22 for winning)
|l|☆ego_the_amigo
|player|p1|
|l|☆trauma dumping
|player|p2|
