|j|☆DontMissMantine
|j|☆Auburn Hills
|t:|1758312076
|gametype|singles
|player|p1|DontMissMantine|lucas|1769
|player|p2|Auburn Hills|alder|1809
|gen|9
|tier|[Gen 9] OU
|rated|
|rule|HP Percentage Mod: HP is shown in percentages
|rule|Endless Battle Clause: Forcing endless battles is banned
|rule|Species Clause: Limit one of each Pokémon
|rule|OHKO Clause: OHKO moves are banned
|rule|Evasion Items Clause: Evasion items are banned
|rule|Evasion Moves Clause: Evasion moves are banned
|rule|Evasion Abilities Clause: Evasion abilities are banned
|rule|Sleep Moves Clause: Sleep-inducing moves are banned
|clearpoke
|poke|p1|Pelipper, M|
|poke|p1|Beartic, M|
|poke|p1|Barraskewda, F|
|poke|p1|Ogerpon-Wellspring, F|
|poke|p1|Zapdos|
|poke|p1|Hatterene, F|
|poke|p2|Iron Moth|
|poke|p2|Umbreon, M|
|poke|p2|Garchomp, F|
|poke|p2|Glimmora, F|
|poke|p2|Gholdengo|
|poke|p2|Dragonite, F|
|teampreview
|
|t:|1758312090
|teamsize|p1|6
|teamsize|p2|6
|start
|switch|p1a: Pelipper|Pelipper, M|100/100
|switch|p2a: Julia Jacklin|Glimmora, F|100/100
|-weather|RainDance|[from] ability: Drizzle|[of] p1a: Pelipper
|turn|1
|
|t:|1758312098
|switch|p1a: Hatterene|Hatterene, F|100/100
|move|p2a: Julia Jacklin|Sludge Wave|p1a: Hatterene
|-supereffective|p1a: Hatterene
|-damage|p1a: Hatterene|0 fnt
|faint|p1a: Hatterene
|
|-weather|RainDance|[upkeep]
|upkeep
|
|t:|1758312107
|switch|p1a: Zapdos|Zapdos|100/100
|turn|2
|
|t:|1758312110
|switch|p2a: Alvvays|Umbreon, M|100/100
|move|p1a: Zapdos|Weather Ball|p2a: Alvvays
|-damage|p2a: Alvvays|73/100
|
|-weather|RainDance|[upkeep]
|-heal|p2a: Alvvays|79/100|[from] item: Leftovers
|upkeep
|turn|3
|
|t:|1758312119
|move|p1a: Zapdos|Volt Switch|p2a: Alvvays
|-damage|p2a: Alvvays|61/100
|
|t:|1758312122
|switch|p1a: Ogerpon|Ogerpon-Wellspring, F|100/100|[from] Volt Switch
|move|p2a: Alvvays|Thunder Wave|p1a: Ogerpon
|-status|p1a: Ogerpon|par
|
|-weather|RainDance|[upkeep]
|-heal|p2a: Alvvays|67/100|[from] item: Leftovers
|upkeep
|turn|4
|
|t:|1758312133
|switch|p1a: Beartic|Beartic, M|100/100
|move|p2a: Alvvays|Protect||[still]
|-fail|p2a: Alvvays
|
|-weather|RainDance|[upkeep]
|-heal|p2a: Alvvays|73/100|[from] item: Leftovers
|upkeep
|turn|5
|
|t:|1758312142
|switch|p2a: Smino|Gholdengo|100/100
|move|p1a: Beartic|Swords Dance|p1a: Beartic
|-boost|p1a: Beartic|atk|2
|
|-weather|RainDance|[upkeep]
|upkeep
|turn|6
|
|t:|1758312150
|-terastallize|p1a: Beartic|Electric
|move|p2a: Smino|Make It Rain|p1a: Beartic
|-resisted|p1a: Beartic
|-damage|p1a: Beartic|59/100
|-unboost|p2a: Smino|spa|1
|move|p1a: Beartic|Earthquake|p2a: Smino
|-supereffective|p2a: Smino
|-damage|p2a: Smino|0 fnt
|faint|p2a: Smino
|
|-weather|RainDance|[upkeep]
|upkeep
|
|t:|1758312154
|switch|p2a: Julia Jacklin|Glimmora, F|100/100
|turn|7
|
|t:|1758312166
|move|p1a: Beartic|Icicle Spear|p2a: Julia Jacklin
|-damage|p2a: Julia Jacklin|66/100
|-activate|p2a: Julia Jacklin|ability: Toxic Debris
|-sidestart|p1: DontMissMantine|move: Toxic Spikes
|-damage|p2a: Julia Jacklin|29/100
|-activate|p2a: Julia Jacklin|ability: Toxic Debris
|-sidestart|p1: DontMissMantine|move: Toxic Spikes
|-damage|p2a: Julia Jacklin|0 fnt
|faint|p2a: Julia Jacklin
|-hitcount|p2: Julia Jacklin|3
|
|-weather|RainDance|[upkeep]
|upkeep
|
|t:|1758312182
|switch|p2a: Carly Rae|Iron Moth|100/100
|-enditem|p2a: Carly Rae|Booster Energy
|-activate|p2a: Carly Rae|ability: Quark Drive|[fromitem]
|-start|p2a: Carly Rae|quarkdrivespe
|turn|8
|
|t:|1758312198
|switch|p1a: Zapdos|Zapdos|100/100
|-terastallize|p2a: Carly Rae|Fairy
|move|p2a: Carly Rae|Dazzling Gleam|p1a: Zapdos
|-damage|p1a: Zapdos|69/100
|
|-weather|none
|upkeep
|turn|9
|
|t:|1758312207
|move|p2a: Carly Rae|Fiery Dance|p1a: Zapdos
|-damage|p1a: Zapdos|38/100
|move|p1a: Zapdos|Volt Switch|p2a: Carly Rae
|-damage|p2a: Carly Rae|63/100
|
|t:|1758312212
|switch|p1a: Pelipper|Pelipper, M|100/100|[from] Volt Switch
|-weather|RainDance|[from] ability: Drizzle|[of] p1a: Pelipper
|
|-weather|RainDance|[upkeep]
|upkeep
|turn|10
|j| parabola22
|
|t:|1758312219
|move|p2a: Carly Rae|Discharge|p1a: Pelipper
|-supereffective|p1a: Pelipper
|-damage|p1a: Pelipper|0 fnt
|faint|p1a: Pelipper
|
|-weather|RainDance|[upkeep]
|upkeep
|
|t:|1758312226
|switch|p1a: Barraskewda|Barraskewda, F|100/100
|-status|p1a: Barraskewda|tox
|turn|11
|
|t:|1758312230
|move|p1a: Barraskewda|Flip Turn|p2a: Carly Rae
|-damage|p2a: Carly Rae|0 fnt
|faint|p2a: Carly Rae
|-end|p2a: Carly Rae|Quark Drive|[silent]
|
|t:|1758312235
|switch|p1a: Beartic|Beartic, M, tera:Electric|59/100|[from] Flip Turn
|-status|p1a: Beartic|tox
|
|-weather|RainDance|[upkeep]
|-damage|p1a: Beartic|53/100 tox|[from] psn
|upkeep
|
|t:|1758312238
|switch|p2a: Alvvays|Umbreon, M|73/100
|turn|12
|
|t:|1758312245
|move|p1a: Beartic|Icicle Spear|p2a: Alvvays
|-damage|p2a: Alvvays|60/100
|-damage|p2a: Alvvays|48/100
|-damage|p2a: Alvvays|37/100
|-damage|p2a: Alvvays|25/100
|-hitcount|p2a: Alvvays|4
|move|p2a: Alvvays|Foul Play|p1a: Beartic
|-damage|p1a: Beartic|0 fnt
|faint|p1a: Beartic
|
|-weather|RainDance|[upkeep]
|-heal|p2a: Alvvays|31/100|[from] item: Leftovers
|upkeep
|
|t:|1758312258
|switch|p1a: Zapdos|Zapdos|38/100
|turn|13
|
|t:|1758312261
|move|p2a: Alvvays|Protect|p2a: Alvvays
|-singleturn|p2a: Alvvays|Protect
|move|p1a: Zapdos|Hurricane|p2a: Alvvays
|-activate|p2a: Alvvays|move: Protect
|
|-weather|RainDance|[upkeep]
|-heal|p2a: Alvvays|37/100|[from] item: Leftovers
|upkeep
|turn|14
|
|t:|1758312269
|move|p1a: Zapdos|Hurricane|p2a: Alvvays
|-damage|p2a: Alvvays|9/100
|move|p2a: Alvvays|Wish|p2a: Alvvays
|
|-weather|RainDance|[upkeep]
|-heal|p2a: Alvvays|15/100|[from] item: Leftovers
|upkeep
|turn|15
|-message|DontMissMantine forfeited.
|
|win|Auburn Hills
|raw|DontMissMantine's rating: 1769 &rarr; <strong>1751</strong><br />(-18 for losing)
|raw|Auburn Hills's rating: 1809 &rarr; <strong>1827</strong><br />(+18 for winning)
|l|☆Auburn Hills
|player|p2|
|l|☆DontMissMantine
|player|p1|
|j|☆DontMissMantine
|player|p1|DontMissMantine|lucas|
|l|☆DontMissMantine
|player|p1|
