|j|☆humunitzy
|j|☆H0N3R
|t:|1758255992
|gametype|singles
|player|p1|humunitzy|gentleman|1306
|player|p2|H0N3R|266|1344
|gen|9
|tier|[Gen 9] OU
|rated|
|rule|HP Percentage Mod: HP is shown in percentages
|rule|Endless Battle Clause: Forcing endless battles is banned
|rule|Species Clause: Limit one of each Pokémon
|rule|OHKO Clause: OHKO moves are banned
|rule|Evasion Items Clause: Evasion items are banned
|rule|Evasion Moves Clause: Evasion moves are banned
|rule|Evasion Abilities Clause: Evasion abilities are banned
|rule|Sleep Moves Clause: Sleep-inducing moves are banned
|clearpoke
|poke|p1|Weavile, M|
|poke|p1|Landorus-Therian, M|
|poke|p1|Hoopa-Unbound|
|poke|p1|Iron Hands|
|poke|p1|Ceruledge, M|
|poke|p1|Scizor, F|
|poke|p2|Weezing-Galar, M|
|poke|p2|Walking Wake|
|poke|p2|Incineroar, M|
|poke|p2|Deoxys-Speed|
|poke|p2|Great Tusk|
|poke|p2|Pecharunt|
|teampreview
|
|t:|1758256004
|teamsize|p1|6
|teamsize|p2|6
|start
|switch|p1a: Weavile|Weavile, M|100/100
|switch|p2a: Deoxys|Deoxys-Speed|100/100
|-ability|p2a: Deoxys|Pressure
|turn|1
|
|t:|1758256018
|move|p2a: Deoxys|Superpower|p1a: Weavile
|-supereffective|p1a: Weavile
|-enditem|p1a: Weavile|Focus Sash
|-damage|p1a: Weavile|1/100
|-unboost|p2a: Deoxys|atk|1
|-unboost|p2a: Deoxys|def|1
|-enditem|p2a: Deoxys|Light Clay|[silent]|[from] ability: Pickpocket|[of] p2a: Deoxys
|-item|p1a: Weavile|Light Clay|[from] ability: Pickpocket|[of] p2a: Deoxys
|move|p1a: Weavile|Beat Up|p2a: Deoxys
|-supereffective|p2a: Deoxys
|-damage|p2a: Deoxys|64/100
|-supereffective|p2a: Deoxys
|-damage|p2a: Deoxys|17/100
|-supereffective|p2a: Deoxys
|-damage|p2a: Deoxys|0 fnt
|faint|p2a: Deoxys
|-hitcount|p2: Deoxys|3
|
|upkeep
|inactive|Battle timer is ON: inactive players will automatically lose when time's up. (requested by H0N3R)
|
|t:|1758256036
|switch|p2a: Incineroar|Incineroar, M|100/100
|-ability|p2a: Incineroar|Intimidate|boost
|-unboost|p1a: Weavile|atk|1
|turn|2
|
|t:|1758256058
|switch|p1a: Landorus|Landorus-Therian, M|100/100
|-ability|p1a: Landorus|Intimidate|boost
|-unboost|p2a: Incineroar|atk|1
|move|p2a: Incineroar|Bulk Up|p2a: Incineroar
|-boost|p2a: Incineroar|atk|1
|-boost|p2a: Incineroar|def|1
|
|upkeep
|turn|3
|inactive|humunitzy has 120 seconds left.
|
|t:|1758256081
|-terastallize|p1a: Landorus|Ground
|move|p1a: Landorus|Earthquake|p2a: Incineroar
|-supereffective|p2a: Incineroar
|-damage|p2a: Incineroar|7/100
|-enditem|p2a: Incineroar|Weakness Policy
|-boost|p2a: Incineroar|atk|2|[from] item: Weakness Policy
|-boost|p2a: Incineroar|spa|2|[from] item: Weakness Policy
|move|p2a: Incineroar|Flame Charge|p1a: Landorus
|-damage|p1a: Landorus|51/100
|-boost|p2a: Incineroar|spe|1
|-damage|p2a: Incineroar|0 fnt|[from] item: Rocky Helmet|[of] p1a: Landorus
|faint|p2a: Incineroar
|
|upkeep
|
|t:|1758256108
|switch|p2a: Weezing|Weezing-Galar, M|100/100
|-ability|p2a: Weezing|Neutralizing Gas
|turn|4
|
|t:|1758256117
|move|p1a: Landorus|Earthquake|p2a: Weezing
|-supereffective|p2a: Weezing
|-damage|p2a: Weezing|1/100
|move|p2a: Weezing|Will-O-Wisp|p1a: Landorus
|-status|p1a: Landorus|brn
|
|-heal|p2a: Weezing|7/100|[from] item: Leftovers
|-damage|p1a: Landorus|45/100 brn|[from] brn
|upkeep
|turn|5
|
|t:|1758256136
|-end|p2a: Weezing|ability: Neutralizing Gas
|-ability|p1a: Landorus|Intimidate|boost
|-unboost|p2a: Weezing|atk|1
|switch|p2a: Walking Wake|Walking Wake|100/100
|move|p1a: Landorus|Earthquake|p2a: Walking Wake
|-damage|p2a: Walking Wake|65/100
|
|-damage|p1a: Landorus|39/100 brn|[from] brn
|upkeep
|turn|6
|inactive|humunitzy has 120 seconds left.
|
|t:|1758256154
|move|p1a: Landorus|Earthquake|p2a: Walking Wake
|-damage|p2a: Walking Wake|29/100
|move|p2a: Walking Wake|Dragon Dance|p2a: Walking Wake
|-boost|p2a: Walking Wake|atk|1
|-boost|p2a: Walking Wake|spe|1
|
|-damage|p1a: Landorus|33/100 brn|[from] brn
|upkeep
|turn|7
|
|t:|1758256168
|move|p2a: Walking Wake|Hydro Pump|p1a: Landorus
|-supereffective|p1a: Landorus
|-damage|p1a: Landorus|0 fnt
|faint|p1a: Landorus
|
|upkeep
|inactive|humunitzy has 120 seconds left.
|
|t:|1758256194
|switch|p1a: Weavile|Weavile, M|1/100
|turn|8
|
|t:|1758256201
|move|p1a: Weavile|Ice Shard|p2a: Walking Wake
|-damage|p2a: Walking Wake|9/100
|move|p2a: Walking Wake|Liquidation|p1a: Weavile
|-damage|p1a: Weavile|0 fnt
|faint|p1a: Weavile
|
|upkeep
|
|t:|1758256221
|switch|p1a: Scizor|Scizor, F|100/100
|turn|9
|
|t:|1758256235
|move|p1a: Scizor|Bullet Punch|p2a: Walking Wake
|-resisted|p2a: Walking Wake
|-damage|p2a: Walking Wake|0 fnt
|faint|p2a: Walking Wake
|-end|p2a: Walking Wake|Protosynthesis|[silent]
|
|upkeep
|
|t:|1758256260
|switch|p2a: Great Tusk|Great Tusk|100/100
|turn|10
|
|t:|1758256267
|move|p1a: Scizor|Bullet Punch|p2a: Great Tusk
|-damage|p2a: Great Tusk|69/100
|-damage|p1a: Scizor|84/100|[from] item: Rocky Helmet|[of] p2a: Great Tusk
|move|p2a: Great Tusk|Stealth Rock|p1a: Scizor
|-sidestart|p1: humunitzy|move: Stealth Rock
|
|upkeep
|turn|11
|inactive|humunitzy has 120 seconds left.
|
|t:|1758256283
|-end|p2a: Great Tusk|Protosynthesis|[silent]
|switch|p2a: Weezing|Weezing-Galar, M|7/100
|-ability|p2a: Weezing|Neutralizing Gas
|move|p1a: Scizor|Bullet Punch|p2a: Weezing
|-supereffective|p2a: Weezing
|-damage|p2a: Weezing|0 fnt
|faint|p2a: Weezing
|-end|p2a: Weezing|ability: Neutralizing Gas
|
|upkeep
|
|t:|1758256291
|switch|p2a: Pecharunt|Pecharunt|100/100
|turn|12
|inactive|humunitzy has 120 seconds left.
|
|t:|1758256307
|move|p1a: Scizor|Bullet Punch|p2a: Pecharunt
|-damage|p2a: Pecharunt|71/100
|move|p2a: Pecharunt|Nasty Plot|p2a: Pecharunt
|-boost|p2a: Pecharunt|spa|2
|
|-heal|p2a: Pecharunt|77/100|[from] item: Leftovers
|upkeep
|turn|13
|
|t:|1758256318
|switch|p1a: Hoopa|Hoopa-Unbound|100/100
|-damage|p1a: Hoopa|88/100|[from] Stealth Rock
|move|p2a: Pecharunt|Nasty Plot|p2a: Pecharunt
|-boost|p2a: Pecharunt|spa|2
|
|-heal|p2a: Pecharunt|83/100|[from] item: Leftovers
|upkeep
|turn|14
|
|t:|1758256331
|-terastallize|p2a: Pecharunt|Dark
|move|p2a: Pecharunt|Malignant Chain|p1a: Hoopa
|-damage|p1a: Hoopa|47/100
|-status|p1a: Hoopa|tox
|-start|p1a: Hoopa|confusion|[from] ability: Poison Puppeteer|[of] p2a: Pecharunt
|-activate|p1a: Hoopa|confusion
|-damage|p1a: Hoopa|32/100 tox|[from] confusion
|
|-heal|p2a: Pecharunt|89/100|[from] item: Leftovers
|-damage|p1a: Hoopa|26/100 tox|[from] psn
|upkeep
|turn|15
|inactive|humunitzy has 120 seconds left.
|
|t:|1758256350
|move|p2a: Pecharunt|Nasty Plot|p2a: Pecharunt
|-boost|p2a: Pecharunt|spa|2
|-end|p1a: Hoopa|confusion
|move|p1a: Hoopa|Knock Off|p2a: Pecharunt
|-resisted|p2a: Pecharunt
|-damage|p2a: Pecharunt|75/100
|-enditem|p2a: Pecharunt|Leftovers|[from] move: Knock Off|[of] p1a: Hoopa
|
|-damage|p1a: Hoopa|14/100 tox|[from] psn
|upkeep
|turn|16
|inactive|humunitzy has 120 seconds left.
|
|t:|1758256370
|move|p2a: Pecharunt|Recover|p2a: Pecharunt
|-heal|p2a: Pecharunt|100/100
|move|p1a: Hoopa|Drain Punch|p2a: Pecharunt
|-supereffective|p2a: Pecharunt
|-damage|p2a: Pecharunt|70/100
|-heal|p1a: Hoopa|30/100 tox|[from] drain|[of] p2a: Pecharunt
|
|-damage|p1a: Hoopa|12/100 tox|[from] psn
|upkeep
|turn|17
|inactive|humunitzy has 120 seconds left.
|
|t:|1758256384
|move|p2a: Pecharunt|Malignant Chain|p1a: Hoopa
|-damage|p1a: Hoopa|0 fnt
|faint|p1a: Hoopa
|
|upkeep
|inactive|humunitzy has 120 seconds left.
|
|t:|1758256413
|switch|p1a: Iron Hands|Iron Hands|100/100
|-damage|p1a: Iron Hands|94/100|[from] Stealth Rock
|-enditem|p1a: Iron Hands|Booster Energy
|-activate|p1a: Iron Hands|ability: Quark Drive|[fromitem]
|-start|p1a: Iron Hands|quarkdriveatk
|turn|18
|
|t:|1758256420
|move|p2a: Pecharunt|Malignant Chain|p1a: Iron Hands
|-damage|p1a: Iron Hands|0 fnt
|faint|p1a: Iron Hands
|-end|p1a: Iron Hands|Quark Drive|[silent]
|
|upkeep
|
|t:|1758256430
|switch|p1a: Ceruledge|Ceruledge, M|100/100
|-damage|p1a: Ceruledge|76/100|[from] Stealth Rock
|turn|19
|
|t:|1758256449
|move|p1a: Ceruledge|Bitter Blade|p2a: Pecharunt
|-damage|p2a: Pecharunt|51/100
|-heal|p1a: Ceruledge|86/100|[from] drain|[of] p2a: Pecharunt
|move|p2a: Pecharunt|Hex|p1a: Ceruledge
|-supereffective|p1a: Ceruledge
|-damage|p1a: Ceruledge|0 fnt
|faint|p1a: Ceruledge
|
|upkeep
|
|t:|1758256458
|switch|p1a: Scizor|Scizor, F|84/100
|-damage|p1a: Scizor|72/100|[from] Stealth Rock
|turn|20
|
|t:|1758256474
|move|p1a: Scizor|Bullet Punch|p2a: Pecharunt
|-damage|p2a: Pecharunt|20/100
|move|p2a: Pecharunt|Hex|p1a: Scizor
|-damage|p1a: Scizor|0 fnt
|faint|p1a: Scizor
|
|win|H0N3R
|raw|humunitzy's rating: 1306 &rarr; <strong>1288</strong><br />(-18 for losing)
|raw|H0N3R's rating: 1344 &rarr; <strong>1362</strong><br />(+18 for winning)
|l|☆humunitzy
|player|p1|
|l|☆H0N3R
|player|p2|
