|j|☆temu werner
|j|☆Phiirix
|t:|1758302348
|gametype|singles
|player|p1|temu werner|brock|1301
|player|p2|Phiirix|colress|1256
|gen|9
|tier|[Gen 9] OU
|rated|
|rule|HP Percentage Mod: HP is shown in percentages
|rule|Endless Battle Clause: Forcing endless battles is banned
|rule|Species Clause: Limit one of each Pokémon
|rule|OHKO Clause: OHKO moves are banned
|rule|Evasion Items Clause: Evasion items are banned
|rule|Evasion Moves Clause: Evasion moves are banned
|rule|Evasion Abilities Clause: Evasion abilities are banned
|rule|Sleep Moves Clause: Sleep-inducing moves are banned
|clearpoke
|poke|p1|Lokix, F|
|poke|p1|Slowking-Galar, M|
|poke|p1|Great Tusk|
|poke|p1|Zamazenta-*|
|poke|p1|Kingambit, M|
|poke|p1|Gholdengo|
|poke|p2|Slowking-Galar, M|
|poke|p2|Iron Crown|
|poke|p2|Zamazenta-*|
|poke|p2|Zoroark, F|
|poke|p2|Dragonite, M|
|poke|p2|Araquanid, F|
|teampreview
|inactive|Battle timer is ON: inactive players will automatically lose when time's up. (requested by temu werner)
|inactive|Phiirix has 120 seconds left.
|
|t:|1758302383
|teamsize|p1|6
|teamsize|p2|6
|start
|switch|p1a: Lokix|Lokix, F|100/100
|switch|p2a: Iron Crown|Iron Crown|100/100
|turn|1
|
|t:|1758302397
|switch|p1a: Slowking|Slowking-Galar, M|100/100
|move|p2a: Iron Crown|U-turn|p1a: Slowking
|-damage|p1a: Slowking|80/100
|
|t:|1758302405
|switch|p2a: Araquanid|Araquanid, F, shiny|100/100|[from] U-turn
|
|upkeep
|turn|2
|
|t:|1758302426
|move|p2a: Araquanid|Sticky Web|p1a: Slowking
|-sidestart|p1: temu werner|move: Sticky Web
|move|p1a: Slowking|Thunder Wave|p2a: Araquanid
|-status|p2a: Araquanid|par
|
|upkeep
|turn|3
|inactive|Phiirix has 120 seconds left.
|
|t:|1758302458
|move|p2a: Araquanid|Liquidation|p1a: Slowking
|-damage|p1a: Slowking|35/100
|-unboost|p1a: Slowking|def|1
|move|p1a: Slowking|Sludge Bomb|p2a: Araquanid
|-damage|p2a: Araquanid|74/100 par
|
|upkeep
|turn|4
|
|t:|1758302467
|switch|p1a: Gholdengo|Gholdengo|100/100
|-item|p1a: Gholdengo|Air Balloon
|move|p2a: Araquanid|Liquidation|p1a: Gholdengo
|-damage|p1a: Gholdengo|72/100
|-enditem|p1a: Gholdengo|Air Balloon
|
|upkeep
|turn|5
|
|t:|1758302479
|switch|p2a: Slowking|Slowking-Galar, M|100/100
|move|p1a: Gholdengo|Hex|p2a: Slowking
|-supereffective|p2a: Slowking
|-damage|p2a: Slowking|66/100
|
|upkeep
|turn|6
|
|t:|1758302483
|move|p1a: Gholdengo|Thunder Wave|p2a: Slowking
|-status|p2a: Slowking|par
|cant|p2a: Slowking|par
|
|upkeep
|turn|7
|
|t:|1758302486
|move|p1a: Gholdengo|Hex|p2a: Slowking
|-supereffective|p2a: Slowking
|-damage|p2a: Slowking|0 fnt
|faint|p2a: Slowking
|
|upkeep
|
|t:|1758302489
|switch|p2a: Iron Crown|Iron Crown|100/100
|turn|8
|
|t:|1758302498
|switch|p1a: Kingambit|Kingambit, M|100/100
|-activate|p1a: Kingambit|move: Sticky Web
|-unboost|p1a: Kingambit|spe|1
|move|p2a: Iron Crown|Knock Off|p1a: Kingambit
|-resisted|p1a: Kingambit
|-damage|p1a: Kingambit|85/100
|-enditem|p1a: Kingambit|Leftovers|[from] move: Knock Off|[of] p2a: Iron Crown
|
|upkeep
|turn|9
|
|t:|1758302506
|switch|p2a: Zamazenta|Zamazenta, shiny|100/100
|-ability|p2a: Zamazenta|Dauntless Shield|boost
|-boost|p2a: Zamazenta|def|1
|move|p1a: Kingambit|Kowtow Cleave|p2a: Zamazenta
|-resisted|p2a: Zamazenta
|-damage|p2a: Zamazenta|89/100
|
|-heal|p2a: Zamazenta|96/100|[from] item: Leftovers
|upkeep
|turn|10
|
|t:|1758302510
|-end|p1a: Kingambit|fallenundefined|[silent]
|switch|p1a: Slowking|Slowking-Galar, M|69/100
|move|p2a: Zamazenta|Iron Defense|p2a: Zamazenta
|-boost|p2a: Zamazenta|def|2
|
|-heal|p2a: Zamazenta|100/100|[from] item: Leftovers
|upkeep
|turn|11
|
|t:|1758302516
|move|p2a: Zamazenta|Crunch|p1a: Slowking
|-supereffective|p1a: Slowking
|-damage|p1a: Slowking|24/100
|move|p1a: Slowking|Future Sight|p2a: Zamazenta
|-start|p1a: Slowking|move: Future Sight
|
|upkeep
|turn|12
|
|t:|1758302523
|switch|p1a: Great Tusk|Great Tusk|100/100
|move|p2a: Zamazenta|Body Press|p1a: Great Tusk
|-damage|p1a: Great Tusk|30/100
|
|upkeep
|turn|13
|
|t:|1758302529
|-end|p1a: Great Tusk|Protosynthesis|[silent]
|switch|p1a: Slowking|Slowking-Galar, M|58/100
|-terastallize|p2a: Zamazenta|Steel
|move|p2a: Zamazenta|Body Press|p1a: Slowking
|-resisted|p1a: Slowking
|-damage|p1a: Slowking|29/100
|
|-end|p2a: Zamazenta|move: Future Sight
|-resisted|p2a: Zamazenta
|-damage|p2a: Zamazenta|79/100
|-heal|p2a: Zamazenta|85/100|[from] item: Leftovers
|upkeep
|turn|14
|
|t:|1758302534
|move|p2a: Zamazenta|Body Press|p1a: Slowking
|-resisted|p1a: Slowking
|-damage|p1a: Slowking|0 fnt
|faint|p1a: Slowking
|
|-heal|p2a: Zamazenta|91/100|[from] item: Leftovers
|upkeep
|
|t:|1758302543
|switch|p1a: Gholdengo|Gholdengo|72/100
|-activate|p1a: Gholdengo|move: Sticky Web
|-unboost|p1a: Gholdengo|spe|1
|turn|15
|
|t:|1758302546
|move|p2a: Zamazenta|Crunch|p1a: Gholdengo
|-supereffective|p1a: Gholdengo
|-damage|p1a: Gholdengo|42/100
|-unboost|p1a: Gholdengo|def|1
|move|p1a: Gholdengo|Thunder Wave|p2a: Zamazenta
|-status|p2a: Zamazenta|par
|
|-heal|p2a: Zamazenta|97/100 par|[from] item: Leftovers
|upkeep
|turn|16
|
|t:|1758302554
|switch|p1a: Great Tusk|Great Tusk|30/100
|move|p2a: Zamazenta|Crunch|p1a: Great Tusk
|-resisted|p1a: Great Tusk
|-damage|p1a: Great Tusk|22/100
|
|-heal|p2a: Zamazenta|100/100 par|[from] item: Leftovers
|upkeep
|turn|17
|
|t:|1758302559
|move|p1a: Great Tusk|Stealth Rock|p2a: Zamazenta
|-sidestart|p2: Phiirix|move: Stealth Rock
|cant|p2a: Zamazenta|par
|
|upkeep
|turn|18
|
|t:|1758302563
|move|p1a: Great Tusk|Rapid Spin|p2a: Zamazenta
|-resisted|p2a: Zamazenta
|-damage|p2a: Zamazenta|98/100 par
|-boost|p1a: Great Tusk|spe|1
|-sideend|p1: temu werner|Sticky Web|[from] move: Rapid Spin|[of] p1a: Great Tusk
|move|p2a: Zamazenta|Body Press|p1a: Great Tusk
|-damage|p1a: Great Tusk|0 fnt
|faint|p1a: Great Tusk
|-end|p1a: Great Tusk|Protosynthesis|[silent]
|
|-heal|p2a: Zamazenta|100/100 par|[from] item: Leftovers
|upkeep
|
|t:|1758302569
|switch|p1a: Zamazenta|Zamazenta|100/100
|-ability|p1a: Zamazenta|Dauntless Shield|boost
|-boost|p1a: Zamazenta|def|1
|turn|19
|
|t:|1758302580
|move|p1a: Zamazenta|Iron Defense|p1a: Zamazenta
|-boost|p1a: Zamazenta|def|2
|move|p2a: Zamazenta|Body Press|p1a: Zamazenta
|-damage|p1a: Zamazenta|68/100
|
|-heal|p1a: Zamazenta|74/100|[from] item: Leftovers
|upkeep
|turn|20
|
|t:|1758302583
|move|p2a: Zamazenta|Iron Defense|p2a: Zamazenta
|-boost|p2a: Zamazenta|def|2
|move|p1a: Zamazenta|Roar|p2a: Zamazenta
|drag|p2a: Iron Crown|Iron Crown|100/100
|-damage|p2a: Iron Crown|94/100|[from] Stealth Rock
|
|-heal|p1a: Zamazenta|80/100|[from] item: Leftovers
|upkeep
|turn|21
|
|t:|1758302589
|-terastallize|p1a: Zamazenta|Fire
|move|p1a: Zamazenta|Body Press|p2a: Iron Crown
|-damage|p2a: Iron Crown|4/100
|move|p2a: Iron Crown|Psychic|p1a: Zamazenta
|-damage|p1a: Zamazenta|29/100
|
|-heal|p1a: Zamazenta|35/100|[from] item: Leftovers
|upkeep
|turn|22
|
|t:|1758302598
|move|p1a: Zamazenta|Body Press|p2a: Iron Crown
|-damage|p2a: Iron Crown|0 fnt
|faint|p2a: Iron Crown
|-end|p2a: Iron Crown|Quark Drive|[silent]
|
|-heal|p1a: Zamazenta|41/100|[from] item: Leftovers
|upkeep
|
|t:|1758302604
|switch|p2a: Araquanid|Araquanid, F, shiny|74/100 par
|-damage|p2a: Araquanid|49/100 par|[from] Stealth Rock
|turn|23
|
|t:|1758302616
|move|p1a: Zamazenta|Body Press|p2a: Araquanid
|-resisted|p2a: Araquanid
|-damage|p2a: Araquanid|16/100 par
|-damage|p1a: Zamazenta|25/100|[from] item: Rocky Helmet|[of] p2a: Araquanid
|move|p2a: Araquanid|Liquidation|p1a: Zamazenta
|-supereffective|p1a: Zamazenta
|-damage|p1a: Zamazenta|1/100
|
|-heal|p1a: Zamazenta|7/100|[from] item: Leftovers
|upkeep
|turn|24
|
|t:|1758302632
|move|p1a: Zamazenta|Body Press|p2a: Araquanid
|-resisted|p2a: Araquanid
|-damage|p2a: Araquanid|0 fnt
|-damage|p1a: Zamazenta|0 fnt|[from] item: Rocky Helmet|[of] p2a: Araquanid
|faint|p2a: Araquanid
|faint|p1a: Zamazenta
|
|upkeep
|
|t:|1758302645
|switch|p1a: Lokix|Lokix, F|100/100
|switch|p2a: Zamazenta|Zamazenta, shiny|100/100
|-damage|p2a: Zamazenta|88/100|[from] Stealth Rock
|-start|p2a: Zamazenta|typechange|Steel|[silent]
|turn|25
|
|t:|1758302656
|move|p1a: Lokix|First Impression|p2a: Zamazenta
|-supereffective|p2a: Zamazenta
|-damage|p2a: Zamazenta|0 fnt
|replace|p2a: Zoroark|Zoroark, F, shiny
|-end|p2a: Zoroark|Illusion
|faint|p2a: Zoroark
|
|upkeep
|
|t:|1758302659
|switch|p2a: Dragonite|Dragonite, M|100/100
|turn|26
|
|t:|1758302663
|switch|p1a: Gholdengo|Gholdengo|42/100
|move|p2a: Dragonite|Dragon Dance|p2a: Dragonite
|-boost|p2a: Dragonite|atk|1
|-boost|p2a: Dragonite|spe|1
|
|upkeep
|turn|27
|
|t:|1758302668
|move|p2a: Dragonite|Earthquake|p1a: Gholdengo
|-supereffective|p1a: Gholdengo
|-damage|p1a: Gholdengo|0 fnt
|faint|p1a: Gholdengo
|
|upkeep
|
|t:|1758302670
|switch|p1a: Kingambit|Kingambit, M|85/100
|-activate|p1a: Kingambit|ability: Supreme Overlord
|-start|p1a: Kingambit|fallen4|[silent]
|turn|28
|
|t:|1758302674
|move|p2a: Dragonite|Dragon Dance|p2a: Dragonite
|-boost|p2a: Dragonite|atk|1
|-boost|p2a: Dragonite|spe|1
|move|p1a: Kingambit|Kowtow Cleave|p2a: Dragonite
|-damage|p2a: Dragonite|59/100
|
|upkeep
|turn|29
|
|t:|1758302680
|move|p1a: Kingambit|Sucker Punch||[still]
|-fail|p1a: Kingambit
|move|p2a: Dragonite|Dragon Dance|p2a: Dragonite
|-boost|p2a: Dragonite|atk|1
|-boost|p2a: Dragonite|spe|1
|
|upkeep
|turn|30
|
|t:|1758302684
|move|p2a: Dragonite|Earthquake|p1a: Kingambit
|-supereffective|p1a: Kingambit
|-damage|p1a: Kingambit|0 fnt
|faint|p1a: Kingambit
|-end|p1a: Kingambit|fallen4|[silent]
|
|upkeep
|
|t:|1758302686
|switch|p1a: Lokix|Lokix, F|100/100
|turn|31
|
|t:|1758302694
|move|p2a: Dragonite|Extreme Speed|p1a: Lokix
|-damage|p1a: Lokix|0 fnt
|faint|p1a: Lokix
|
|win|Phiirix
|raw|temu werner's rating: 1301 &rarr; <strong>1278</strong><br />(-23 for losing)
|raw|Phiirix's rating: 1256 &rarr; <strong>1284</strong><br />(+28 for winning)
|l|☆temu werner
|player|p1|
|l|☆Phiirix
|player|p2|
