|j|☆Gen9oupipipi
|j|☆Khalil He
|t:|1758266682
|gametype|singles
|player|p1|Gen9oupipipi|red-gen7|1470
|player|p2|Khalil He|unknown|1454
|gen|9
|tier|[Gen 9] OU
|rated|
|rule|HP Percentage Mod: HP is shown in percentages
|rule|Endless Battle Clause: Forcing endless battles is banned
|rule|Species Clause: Limit one of each Pokémon
|rule|OHKO Clause: OHKO moves are banned
|rule|Evasion Items Clause: Evasion items are banned
|rule|Evasion Moves Clause: Evasion moves are banned
|rule|Evasion Abilities Clause: Evasion abilities are banned
|rule|Sleep Moves Clause: Sleep-inducing moves are banned
|clearpoke
|poke|p1|Glimmora, M|
|poke|p1|Gholdengo|
|poke|p1|Ting-Lu|
|poke|p1|Volcanion|
|poke|p1|Ninetales-Alola, M|
|poke|p1|Dragonite, M|
|poke|p2|Samurott-Hisui, M|
|poke|p2|Landorus-Therian, M|
|poke|p2|Scizor, M|
|poke|p2|Araquanid, M|
|poke|p2|Gholdengo|
|poke|p2|Weavile, M|
|teampreview
|inactive|Battle timer is ON: inactive players will automatically lose when time's up. (requested by Gen9oupipipi)
|
|t:|1758266691
|teamsize|p1|6
|teamsize|p2|6
|start
|switch|p1a: Mega Dragonite|Dragonite, M|100/100
|switch|p2a: Samurott|Samurott-Hisui, M, shiny|100/100
|turn|1
|
|t:|1758266699
|move|p2a: Samurott|Ceaseless Edge|p1a: Mega Dragonite
|-damage|p1a: Mega Dragonite|69/100
|-sidestart|p1: Gen9oupipipi|Spikes
|move|p1a: Mega Dragonite|Thunder|p2a: Samurott
|-supereffective|p2a: Samurott
|-enditem|p2a: Samurott|Focus Sash
|-damage|p2a: Samurott|1/100
|-status|p2a: Samurott|par
|
|upkeep
|turn|2
|
|t:|1758266712
|move|p2a: Samurott|Sucker Punch|p1a: Mega Dragonite
|-damage|p1a: Mega Dragonite|25/100
|move|p1a: Mega Dragonite|Flamethrower|p2a: Samurott
|-resisted|p2a: Samurott
|-damage|p2a: Samurott|0 fnt
|faint|p2a: Samurott
|
|upkeep
|
|t:|1758266718
|switch|p2a: Weavile|Weavile, M|100/100
|turn|3
|
|t:|1758266732
|switch|p1a: Glimmora|Glimmora, M, shiny|100/100
|-damage|p1a: Glimmora|88/100|[from] Spikes
|move|p2a: Weavile|Knock Off|p1a: Glimmora
|-damage|p1a: Glimmora|36/100
|-activate|p1a: Glimmora|ability: Toxic Debris
|-sidestart|p2: Khalil He|move: Toxic Spikes
|-enditem|p1a: Glimmora|Weakness Policy|[from] move: Knock Off|[of] p2a: Weavile
|
|upkeep
|turn|4
|
|t:|1758266744
|move|p2a: Weavile|Knock Off|p1a: Glimmora
|-damage|p1a: Glimmora|0 fnt
|-activate|p1a: Glimmora|ability: Toxic Debris
|-sidestart|p2: Khalil He|move: Toxic Spikes
|faint|p1a: Glimmora
|
|upkeep
|
|t:|1758266751
|switch|p1a: Ninetales|Ninetales-Alola, M|100/100
|-damage|p1a: Ninetales|88/100|[from] Spikes
|-weather|Snowscape|[from] ability: Snow Warning|[of] p1a: Ninetales
|turn|5
|
|t:|1758266762
|switch|p2a: Gholdengo|Gholdengo|100/100
|-item|p2a: Gholdengo|Air Balloon
|move|p1a: Ninetales|Aurora Veil|p1a: Ninetales
|-sidestart|p1: Gen9oupipipi|move: Aurora Veil
|
|-weather|Snowscape|[upkeep]
|upkeep
|turn|6
|
|t:|1758266773
|switch|p1a: Volcanion|Volcanion|100/100
|-damage|p1a: Volcanion|88/100|[from] Spikes
|move|p2a: Gholdengo|Nasty Plot|p2a: Gholdengo
|-boost|p2a: Gholdengo|spa|2
|
|-weather|Snowscape|[upkeep]
|upkeep
|turn|7
|
|t:|1758266780
|-terastallize|p2a: Gholdengo|Dark
|move|p2a: Gholdengo|Shadow Ball|p1a: Volcanion
|-damage|p1a: Volcanion|52/100
|move|p1a: Volcanion|Flamethrower|p2a: Gholdengo
|-damage|p2a: Gholdengo|49/100
|-enditem|p2a: Gholdengo|Air Balloon
|
|-weather|Snowscape|[upkeep]
|upkeep
|turn|8
|
|t:|1758266795
|move|p2a: Gholdengo|Recover|p2a: Gholdengo
|-heal|p2a: Gholdengo|99/100
|move|p1a: Volcanion|Flamethrower|p2a: Gholdengo
|-damage|p2a: Gholdengo|47/100
|
|-weather|Snowscape|[upkeep]
|upkeep
|turn|9
|
|t:|1758266801
|move|p2a: Gholdengo|Recover|p2a: Gholdengo
|-heal|p2a: Gholdengo|97/100
|move|p1a: Volcanion|Flamethrower|p2a: Gholdengo
|-damage|p2a: Gholdengo|43/100
|
|-weather|none
|upkeep
|turn|10
|
|t:|1758266803
|move|p2a: Gholdengo|Recover|p2a: Gholdengo
|-heal|p2a: Gholdengo|93/100
|move|p1a: Volcanion|Flamethrower|p2a: Gholdengo
|-damage|p2a: Gholdengo|46/100
|
|upkeep
|turn|11
|
|t:|1758266827
|move|p2a: Gholdengo|Recover|p2a: Gholdengo
|-heal|p2a: Gholdengo|96/100
|move|p1a: Volcanion|Flamethrower|p2a: Gholdengo
|-damage|p2a: Gholdengo|48/100
|
|upkeep
|turn|12
|
|t:|1758266833
|move|p2a: Gholdengo|Recover|p2a: Gholdengo
|-heal|p2a: Gholdengo|98/100
|move|p1a: Volcanion|Flamethrower|p2a: Gholdengo
|-damage|p2a: Gholdengo|45/100
|
|-sideend|p1: Gen9oupipipi|move: Aurora Veil
|upkeep
|turn|13
|
|t:|1758266841
|move|p2a: Gholdengo|Shadow Ball|p1a: Volcanion
|-damage|p1a: Volcanion|0 fnt
|faint|p1a: Volcanion
|
|upkeep
|
|t:|1758266856
|switch|p1a: Ninetales|Ninetales-Alola, M|88/100
|-damage|p1a: Ninetales|76/100|[from] Spikes
|-weather|Snowscape|[from] ability: Snow Warning|[of] p1a: Ninetales
|turn|14
|
|t:|1758266861
|move|p1a: Ninetales|Moonblast|p2a: Gholdengo
|-supereffective|p2a: Gholdengo
|-damage|p2a: Gholdengo|0 fnt
|faint|p2a: Gholdengo
|
|-weather|Snowscape|[upkeep]
|upkeep
|
|t:|1758266866
|switch|p2a: Scizor|Scizor, M|100/100
|turn|15
|
|t:|1758266871
|-terastallize|p1a: Ninetales|Water
|move|p1a: Ninetales|Aurora Veil|p1a: Ninetales
|-sidestart|p1: Gen9oupipipi|move: Aurora Veil
|move|p2a: Scizor|Swords Dance|p2a: Scizor
|-boost|p2a: Scizor|atk|2
|
|-weather|Snowscape|[upkeep]
|upkeep
|turn|16
|
|t:|1758266876
|move|p1a: Ninetales|Encore|p2a: Scizor
|-start|p2a: Scizor|Encore
|move|p2a: Scizor|Swords Dance|p2a: Scizor
|-boost|p2a: Scizor|atk|2
|
|-weather|Snowscape|[upkeep]
|upkeep
|turn|17
|
|t:|1758266883
|switch|p1a: Mega Dragonite|Dragonite, M|25/100
|move|p2a: Scizor|Swords Dance|p2a: Scizor
|-boost|p2a: Scizor|atk|2
|
|-weather|Snowscape|[upkeep]
|upkeep
|turn|18
|
|t:|1758266893
|switch|p2a: Landorus|Landorus-Therian, M, shiny|100/100
|-ability|p2a: Landorus|Intimidate|boost
|-unboost|p1a: Mega Dragonite|atk|1
|move|p1a: Mega Dragonite|Flamethrower|p2a: Landorus
|-damage|p2a: Landorus|67/100
|
|-weather|none
|upkeep
|turn|19
|
|t:|1758266899
|move|p2a: Landorus|Rock Slide|p1a: Mega Dragonite|[miss]
|-miss|p2a: Landorus|p1a: Mega Dragonite
|move|p1a: Mega Dragonite|Blizzard|p2a: Landorus
|-supereffective|p2a: Landorus
|-damage|p2a: Landorus|0 fnt
|faint|p2a: Landorus
|
|upkeep
|-message|Khalil He forfeited.
|
|win|Gen9oupipipi
|raw|Gen9oupipipi's rating: 1470 &rarr; <strong>1489</strong><br />(+19 for winning)
|raw|Khalil He's rating: 1454 &rarr; <strong>1435</strong><br />(-19 for losing)
|l|☆Khalil He
|player|p2|
