|j|☆JD Doggin'
|j|☆abctp123
|t:|1758314641
|gametype|singles
|player|p1|JD Doggin'|170|1322
|player|p2|abctp123|2|1324
|gen|9
|tier|[Gen 9] OU
|rated|
|rule|HP Percentage Mod: HP is shown in percentages
|rule|Endless Battle Clause: Forcing endless battles is banned
|rule|Species Clause: Limit one of each Pokémon
|rule|OHKO Clause: OHKO moves are banned
|rule|Evasion Items Clause: Evasion items are banned
|rule|Evasion Moves Clause: Evasion moves are banned
|rule|Evasion Abilities Clause: Evasion abilities are banned
|rule|Sleep Moves Clause: Sleep-inducing moves are banned
|clearpoke
|poke|p1|Zoroark-Hisui, M|
|poke|p1|Bisharp, M|
|poke|p1|Lilligant-Hisui, F|
|poke|p1|Jirachi|
|poke|p1|Decidueye-Hisui, F|
|poke|p1|Tornadus, M|
|poke|p2|Araquanid, M|
|poke|p2|Ceruledge, M|
|poke|p2|Blaziken, F|
|poke|p2|Corviknight, F|
|poke|p2|Manaphy|
|poke|p2|Great Tusk|
|teampreview
|inactive|Battle timer is ON: inactive players will automatically lose when time's up. (requested by abctp123)
|inactive|JD Doggin' has 120 seconds left.
|
|t:|1758314746
|teamsize|p1|6
|teamsize|p2|6
|start
|switch|p1a: Bisharp|Bisharp, M, shiny|100/100
|switch|p2a: Araquanid|Araquanid, M|100/100
|turn|1
|
|t:|1758314749
|move|p1a: Bisharp|Thunder Wave|p2a: Araquanid
|-status|p2a: Araquanid|par
|move|p2a: Araquanid|Sticky Web|p1a: Bisharp
|-sidestart|p1: JD Doggin'|move: Sticky Web
|
|upkeep
|turn|2
|
|t:|1758314752
|move|p1a: Bisharp|Stealth Rock|p2a: Araquanid
|-sidestart|p2: abctp123|move: Stealth Rock
|move|p2a: Araquanid|Surf|p1a: Bisharp
|-damage|p1a: Bisharp|10/100
|
|upkeep
|turn|3
|
|t:|1758314755
|move|p1a: Bisharp|Iron Head|p2a: Araquanid
|-resisted|p2a: Araquanid
|-damage|p2a: Araquanid|79/100 par
|cant|p2a: Araquanid|flinch
|
|upkeep
|turn|4
|
|t:|1758314760
|move|p1a: Bisharp|Iron Head|p2a: Araquanid
|-resisted|p2a: Araquanid
|-damage|p2a: Araquanid|58/100 par
|move|p2a: Araquanid|Surf|p1a: Bisharp
|-damage|p1a: Bisharp|0 fnt
|faint|p1a: Bisharp
|
|upkeep
|
|t:|1758314784
|switch|p1a: Decidueye|Decidueye-Hisui, F, shiny|100/100
|-activate|p1a: Decidueye|move: Sticky Web
|-unboost|p1a: Decidueye|spe|1
|turn|5
|
|t:|1758314788
|move|p1a: Decidueye|Brave Bird|p2a: Araquanid
|-supereffective|p2a: Araquanid
|-damage|p2a: Araquanid|0 fnt
|faint|p2a: Araquanid
|-damage|p1a: Decidueye|80/100|[from] Recoil
|
|upkeep
|
|t:|1758314799
|switch|p2a: Ceruledge|Ceruledge, M|100/100
|-damage|p2a: Ceruledge|76/100|[from] Stealth Rock
|turn|6
|
|t:|1758314804
|move|p2a: Ceruledge|Bulk Up|p2a: Ceruledge
|-boost|p2a: Ceruledge|atk|1
|-boost|p2a: Ceruledge|def|1
|move|p1a: Decidueye|Brave Bird|p2a: Ceruledge
|-damage|p2a: Ceruledge|36/100
|-damage|p1a: Decidueye|65/100|[from] Recoil
|
|upkeep
|turn|7
|
|t:|1758314810
|switch|p1a: Tornadus|Tornadus, M|100/100
|move|p2a: Ceruledge|Bitter Blade|p1a: Tornadus
|-damage|p1a: Tornadus|11/100
|-heal|p2a: Ceruledge|74/100|[from] drain|[of] p1a: Tornadus
|
|upkeep
|turn|8
|
|t:|1758314830
|move|p2a: Ceruledge|Shadow Sneak|p1a: Tornadus
|-damage|p1a: Tornadus|0 fnt
|faint|p1a: Tornadus
|
|upkeep
|
|t:|1758314852
|switch|p1a: Lilligant|Lilligant-Hisui, F, shiny|100/100
|-activate|p1a: Lilligant|move: Sticky Web
|-unboost|p1a: Lilligant|spe|1
|turn|9
|
|t:|1758314857
|-terastallize|p1a: Lilligant|Fire
|move|p2a: Ceruledge|Bitter Blade|p1a: Lilligant
|-resisted|p1a: Lilligant
|-damage|p1a: Lilligant|58/100
|-heal|p2a: Ceruledge|91/100|[from] drain|[of] p1a: Lilligant
|move|p1a: Lilligant|Victory Dance|p1a: Lilligant
|-boost|p1a: Lilligant|atk|1
|-boost|p1a: Lilligant|def|1
|-boost|p1a: Lilligant|spe|1
|
|upkeep
|turn|10
|
|t:|1758314864
|move|p1a: Lilligant|Victory Dance|p1a: Lilligant
|-boost|p1a: Lilligant|atk|1
|-boost|p1a: Lilligant|def|1
|-boost|p1a: Lilligant|spe|1
|move|p2a: Ceruledge|Bulk Up|p2a: Ceruledge
|-boost|p2a: Ceruledge|atk|1
|-boost|p2a: Ceruledge|def|1
|
|upkeep
|turn|11
|
|t:|1758314866
|move|p1a: Lilligant|Victory Dance|p1a: Lilligant
|-boost|p1a: Lilligant|atk|1
|-boost|p1a: Lilligant|def|1
|-boost|p1a: Lilligant|spe|1
|move|p2a: Ceruledge|Bulk Up|p2a: Ceruledge
|-boost|p2a: Ceruledge|atk|1
|-boost|p2a: Ceruledge|def|1
|
|upkeep
|turn|12
|
|t:|1758314876
|move|p1a: Lilligant|Victory Dance|p1a: Lilligant
|-boost|p1a: Lilligant|atk|1
|-boost|p1a: Lilligant|def|1
|-boost|p1a: Lilligant|spe|1
|move|p2a: Ceruledge|Bulk Up|p2a: Ceruledge
|-boost|p2a: Ceruledge|atk|1
|-boost|p2a: Ceruledge|def|1
|
|upkeep
|turn|13
|
|t:|1758314882
|move|p1a: Lilligant|Victory Dance|p1a: Lilligant
|-boost|p1a: Lilligant|atk|1
|-boost|p1a: Lilligant|def|1
|-boost|p1a: Lilligant|spe|1
|move|p2a: Ceruledge|Bulk Up|p2a: Ceruledge
|-boost|p2a: Ceruledge|atk|1
|-boost|p2a: Ceruledge|def|1
|
|upkeep
|turn|14
|
|t:|1758314885
|move|p1a: Lilligant|Victory Dance|p1a: Lilligant
|-boost|p1a: Lilligant|atk|1
|-boost|p1a: Lilligant|def|1
|-boost|p1a: Lilligant|spe|1
|move|p2a: Ceruledge|Bulk Up|p2a: Ceruledge
|-boost|p2a: Ceruledge|atk|1
|-boost|p2a: Ceruledge|def|1
|
|upkeep
|turn|15
|
|t:|1758314894
|move|p1a: Lilligant|Leaf Blade|p2a: Ceruledge|[miss]
|-miss|p1a: Lilligant|p2a: Ceruledge
|move|p2a: Ceruledge|Bitter Blade|p1a: Lilligant
|-resisted|p1a: Lilligant
|-damage|p1a: Lilligant|29/100
|-heal|p2a: Ceruledge|100/100|[from] drain|[of] p1a: Lilligant
|
|upkeep
|turn|16
|
|t:|1758314897
|move|p1a: Lilligant|Leaf Blade|p2a: Ceruledge
|-resisted|p2a: Ceruledge
|-crit|p2a: Ceruledge
|-damage|p2a: Ceruledge|0 fnt
|faint|p2a: Ceruledge
|
|upkeep
|c|☆abctp123|skill based game btw =w=
|c|☆JD Doggin'|lol
|inactive|abctp123 has 120 seconds left.
|c|☆JD Doggin'|fax
|
|t:|1758314929
|switch|p2a: Corviknight|Corviknight, F|100/100
|-damage|p2a: Corviknight|88/100|[from] Stealth Rock
|-ability|p2a: Corviknight|Pressure
|turn|17
|
|t:|1758314935
|move|p1a: Lilligant|Close Combat|p2a: Corviknight|[miss]
|-miss|p1a: Lilligant|p2a: Corviknight
|move|p2a: Corviknight|Body Press|p1a: Lilligant
|-damage|p1a: Lilligant|18/100
|
|upkeep
|turn|18
|
|t:|1758314939
|move|p1a: Lilligant|Tera Blast|p2a: Corviknight|[anim] Tera Blast Fire
|-supereffective|p2a: Corviknight
|-damage|p2a: Corviknight|0 fnt
|faint|p2a: Corviknight
|
|upkeep
|
|t:|1758314945
|switch|p2a: Manaphy|Manaphy|100/100
|turn|19
|
|t:|1758314948
|-terastallize|p2a: Manaphy|Grass
|move|p1a: Lilligant|Leaf Blade|p2a: Manaphy
|-resisted|p2a: Manaphy
|-damage|p2a: Manaphy|0 fnt
|faint|p2a: Manaphy
|
|upkeep
|-message|abctp123 forfeited.
|
|win|JD Doggin'
|raw|JD Doggin&apos;'s rating: 1322 &rarr; <strong>1342</strong><br />(+20 for winning)
|raw|abctp123's rating: 1324 &rarr; <strong>1304</strong><br />(-20 for losing)
|l|☆abctp123
|player|p2|
|c|☆JD Doggin'|gg
