|j|☆shreves0
|j|☆LordHelix600
|t:|1758303950
|gametype|singles
|player|p1|shreves0|102|1141
|player|p2|LordHelix600|ballguy|1198
|gen|9
|tier|[Gen 9] OU
|rated|
|rule|HP Percentage Mod: HP is shown in percentages
|rule|Endless Battle Clause: Forcing endless battles is banned
|rule|Species Clause: Limit one of each Pokémon
|rule|OHKO Clause: OHKO moves are banned
|rule|Evasion Items Clause: Evasion items are banned
|rule|Evasion Moves Clause: Evasion moves are banned
|rule|Evasion Abilities Clause: Evasion abilities are banned
|rule|Sleep Moves Clause: Sleep-inducing moves are banned
|clearpoke
|poke|p1|Dragapult, F|
|poke|p1|Dragonite, F|
|poke|p1|Garchomp, F|
|poke|p1|Tyranitar, F|
|poke|p1|Goodra-Hisui, F|
|poke|p1|Kommo-o, M|
|poke|p2|Swalot, M|
|poke|p2|Dodrio, M|
|poke|p2|Necrozma|
|poke|p2|Inteleon, M|
|poke|p2|Volcanion|
|poke|p2|Hydrapple, M|
|teampreview
|inactive|Battle timer is ON: inactive players will automatically lose when time's up. (requested by shreves0)
|
|t:|1758303958
|teamsize|p1|6
|teamsize|p2|6
|start
|switch|p1a: Dragapult|Dragapult, F|100/100
|switch|p2a: Swalot|Swalot, M|100/100
|turn|1
|
|t:|1758303964
|switch|p1a: Goodra|Goodra-Hisui, F|100/100
|move|p2a: Swalot|Stuff Cheeks|p2a: Swalot
|-boost|p2a: Swalot|def|2
|-enditem|p2a: Swalot|Starf Berry|[eat]
|-boost|p2a: Swalot|spe|2|[from] item: Starf Berry
|
|upkeep
|turn|2
|
|t:|1758303973
|move|p2a: Swalot|Body Press|p1a: Goodra
|-supereffective|p1a: Goodra
|-damage|p1a: Goodra|37/100
|-enditem|p1a: Goodra|Sitrus Berry|[eat]
|-heal|p1a: Goodra|62/100|[from] item: Sitrus Berry
|move|p1a: Goodra|Acid Armor|p1a: Goodra
|-boost|p1a: Goodra|def|2
|
|upkeep
|turn|3
|
|t:|1758303986
|move|p2a: Swalot|Body Press|p1a: Goodra
|-supereffective|p1a: Goodra
|-damage|p1a: Goodra|34/100
|move|p1a: Goodra|Acid Armor|p1a: Goodra
|-boost|p1a: Goodra|def|2
|
|upkeep
|turn|4
|
|t:|1758303993
|move|p2a: Swalot|Body Press|p1a: Goodra
|-supereffective|p1a: Goodra
|-damage|p1a: Goodra|13/100
|move|p1a: Goodra|Dragon Claw|p2a: Swalot
|-crit|p2a: Swalot
|-damage|p2a: Swalot|39/100
|
|upkeep
|turn|5
|
|t:|1758304000
|move|p2a: Swalot|Body Press|p1a: Goodra
|-supereffective|p1a: Goodra
|-damage|p1a: Goodra|0 fnt
|faint|p1a: Goodra
|
|upkeep
|
|t:|1758304006
|switch|p1a: Dragapult|Dragapult, F|100/100
|turn|6
|
|t:|1758304009
|move|p1a: Dragapult|Shadow Ball|p2a: Swalot
|-damage|p2a: Swalot|9/100
|-damage|p1a: Dragapult|91/100|[from] item: Life Orb
|move|p2a: Swalot|Thief|p1a: Dragapult
|-supereffective|p1a: Dragapult
|-damage|p1a: Dragapult|57/100
|-enditem|p1a: Dragapult|Life Orb|[silent]|[from] move: Thief|[of] p2a: Swalot
|-item|p2a: Swalot|Life Orb|[from] move: Thief|[of] p1a: Dragapult
|-damage|p2a: Swalot|0 fnt|[from] item: Life Orb
|faint|p2a: Swalot
|
|upkeep
|
|t:|1758304023
|switch|p2a: Dodrio|Dodrio, M|100/100
|turn|7
|
|t:|1758304026
|move|p1a: Dragapult|Dragon Darts|p2a: Dodrio
|-damage|p2a: Dodrio|61/100
|-anim|p1a: Dragapult|Dragon Darts|p2a: Dodrio
|-damage|p2a: Dodrio|23/100
|-enditem|p2a: Dodrio|Wiki Berry|[eat]
|-heal|p2a: Dodrio|56/100|[from] item: Wiki Berry
|-start|p2a: Dodrio|confusion
|-activate|p2a: Dodrio|confusion
|move|p2a: Dodrio|Knock Off|p1a: Dragapult
|-supereffective|p1a: Dragapult
|-damage|p1a: Dragapult|0 fnt
|faint|p1a: Dragapult
|
|upkeep
|
|t:|1758304043
|switch|p1a: Dragonite|Dragonite, F|100/100
|turn|8
|
|t:|1758304059
|move|p1a: Dragonite|Extreme Speed|p2a: Dodrio|[miss]
|-miss|p1a: Dragonite|p2a: Dodrio
|-end|p2a: Dodrio|confusion
|move|p2a: Dodrio|Thrash|p1a: Dragonite
|-damage|p1a: Dragonite|72/100
|
|upkeep
|turn|9
|
|t:|1758304068
|move|p1a: Dragonite|Extreme Speed|p2a: Dodrio
|-damage|p2a: Dodrio|0 fnt
|faint|p2a: Dodrio
|
|upkeep
|
|t:|1758304073
|switch|p2a: Necrozma|Necrozma|100/100
|turn|10
|
|t:|1758304077
|-terastallize|p2a: Necrozma|Steel
|move|p1a: Dragonite|Extreme Speed|p2a: Necrozma
|-resisted|p2a: Necrozma
|-damage|p2a: Necrozma|81/100
|move|p2a: Necrozma|Meteor Beam||[still]
|-prepare|p2a: Necrozma|Meteor Beam
|-boost|p2a: Necrozma|spa|1
|-enditem|p2a: Necrozma|Power Herb
|-anim|p2a: Necrozma|Meteor Beam|p1a: Dragonite
|-supereffective|p1a: Dragonite
|-damage|p1a: Dragonite|0 fnt
|faint|p1a: Dragonite
|
|upkeep
|
|t:|1758304090
|switch|p1a: Garchomp|Garchomp, F|100/100
|turn|11
|
|t:|1758304095
|move|p1a: Garchomp|Earthquake|p2a: Necrozma
|-supereffective|p2a: Necrozma
|-damage|p2a: Necrozma|0 fnt
|faint|p2a: Necrozma
|
|upkeep
|
|t:|1758304097
|switch|p2a: IHateOgerponWater|Hydrapple, M|100/100
|turn|12
|
|t:|1758304104
|move|p1a: Garchomp|Dragon Claw|p2a: IHateOgerponWater
|-supereffective|p2a: IHateOgerponWater
|-damage|p2a: IHateOgerponWater|37/100
|move|p2a: IHateOgerponWater|Fickle Beam|p1a: Garchomp
|-supereffective|p1a: Garchomp
|-damage|p1a: Garchomp|13/100
|
|upkeep
|turn|13
|
|t:|1758304112
|move|p1a: Garchomp|Dragon Claw|p2a: IHateOgerponWater
|-supereffective|p2a: IHateOgerponWater
|-damage|p2a: IHateOgerponWater|0 fnt
|faint|p2a: IHateOgerponWater
|
|upkeep
|
|t:|1758304117
|switch|p2a: Inteleon|Inteleon, M|100/100
|turn|14
|
|t:|1758304120
|move|p2a: Inteleon|Ice Beam|p1a: Garchomp
|-supereffective|p1a: Garchomp
|-damage|p1a: Garchomp|0 fnt
|faint|p1a: Garchomp
|
|upkeep
|
|t:|1758304128
|switch|p1a: Kommo-o|Kommo-o, M|100/100
|turn|15
|
|t:|1758304136
|-terastallize|p1a: Kommo-o|Steel
|move|p2a: Inteleon|Ice Beam|p1a: Kommo-o
|-resisted|p1a: Kommo-o
|-damage|p1a: Kommo-o|84/100
|move|p1a: Kommo-o|Clangorous Soul|p1a: Kommo-o
|-boost|p1a: Kommo-o|atk|1
|-boost|p1a: Kommo-o|def|1
|-boost|p1a: Kommo-o|spa|1
|-boost|p1a: Kommo-o|spd|1
|-boost|p1a: Kommo-o|spe|1
|-damage|p1a: Kommo-o|51/100
|
|upkeep
|turn|16
|
|t:|1758304148
|move|p1a: Kommo-o|Close Combat|p2a: Inteleon
|-damage|p2a: Inteleon|0 fnt
|-unboost|p1a: Kommo-o|def|1
|-unboost|p1a: Kommo-o|spd|1
|faint|p2a: Inteleon
|
|upkeep
|
|t:|1758304151
|switch|p2a: Cifcanion|Volcanion|100/100
|turn|17
|
|t:|1758304157
|move|p1a: Kommo-o|Close Combat|p2a: Cifcanion
|-damage|p2a: Cifcanion|32/100
|-unboost|p1a: Kommo-o|def|1
|-unboost|p1a: Kommo-o|spd|1
|move|p2a: Cifcanion|Steam Eruption|p1a: Kommo-o
|-damage|p1a: Kommo-o|0 fnt
|faint|p1a: Kommo-o
|
|upkeep
|
|t:|1758304168
|switch|p1a: Tyranitar|Tyranitar, F|100/100
|-weather|Sandstorm|[from] ability: Sand Stream|[of] p1a: Tyranitar
|turn|18
|
|t:|1758304172
|move|p1a: Tyranitar|Rock Slide|p2a: Cifcanion
|-supereffective|p2a: Cifcanion
|-damage|p2a: Cifcanion|0 fnt
|faint|p2a: Cifcanion
|
|win|shreves0
|raw|shreves0's rating: 1141 &rarr; <strong>1170</strong><br />(+29 for winning)
|raw|LordHelix600's rating: 1198 &rarr; <strong>1169</strong><br />(-29 for losing)
|l|☆LordHelix600
|player|p2|
|l|☆shreves0
|player|p1|
