|j|☆ur doggo
|j|☆dadadadaxiji
|t:|1758272555
|gametype|singles
|player|p1|ur doggo|266|1471
|player|p2|dadadadaxiji|dawn|1553
|gen|9
|tier|[Gen 9] OU
|rated|
|rule|HP Percentage Mod: HP is shown in percentages
|rule|Endless Battle Clause: Forcing endless battles is banned
|rule|Species Clause: Limit one of each Pokémon
|rule|OHKO Clause: OHKO moves are banned
|rule|Evasion Items Clause: Evasion items are banned
|rule|Evasion Moves Clause: Evasion moves are banned
|rule|Evasion Abilities Clause: Evasion abilities are banned
|rule|Sleep Moves Clause: Sleep-inducing moves are banned
|clearpoke
|poke|p1|Pelipper, M|
|poke|p1|Barraskewda, F|
|poke|p1|Ogerpon-Wellspring, F|
|poke|p1|Iron Treads|
|poke|p1|Toxicroak, F|
|poke|p1|Tornadus-Therian, M|
|poke|p2|Zamazenta-*|
|poke|p2|Iron Valiant|
|poke|p2|Great Tusk|
|poke|p2|Blaziken, M|
|poke|p2|Keldeo-Resolute|
|poke|p2|Zapdos-Galar|
|teampreview
|inactive|Battle timer is ON: inactive players will automatically lose when time's up. (requested by dadadadaxiji)
|
|t:|1758272574
|teamsize|p1|6
|teamsize|p2|6
|start
|switch|p1a: Pelipper|Pelipper, M|100/100
|switch|p2a: Zapdos|Zapdos-Galar|100/100
|-weather|RainDance|[from] ability: Drizzle|[of] p1a: Pelipper
|turn|1
|
|t:|1758272580
|move|p2a: Zapdos|Knock Off|p1a: Pelipper
|-damage|p1a: Pelipper|67/100
|-enditem|p1a: Pelipper|Damp Rock|[from] move: Knock Off|[of] p2a: Zapdos
|move|p1a: Pelipper|Hurricane|p2a: Zapdos
|-supereffective|p2a: Zapdos
|-damage|p2a: Zapdos|13/100
|-start|p2a: Zapdos|confusion
|
|-weather|RainDance|[upkeep]
|upkeep
|turn|2
|
|t:|1758272589
|-activate|p2a: Zapdos|confusion
|move|p2a: Zapdos|Knock Off|p1a: Pelipper
|-crit|p1a: Pelipper
|-damage|p1a: Pelipper|32/100
|move|p1a: Pelipper|Hurricane|p2a: Zapdos
|-supereffective|p2a: Zapdos
|-damage|p2a: Zapdos|0 fnt
|faint|p2a: Zapdos
|
|-weather|RainDance|[upkeep]
|upkeep
|
|t:|1758272601
|switch|p2a: Iron Valiant|Iron Valiant|100/100
|-enditem|p2a: Iron Valiant|Booster Energy
|-activate|p2a: Iron Valiant|ability: Quark Drive|[fromitem]
|-start|p2a: Iron Valiant|quarkdrivespe
|turn|3
|
|t:|1758272606
|switch|p1a: Toxicroak|Toxicroak, F|100/100
|move|p2a: Iron Valiant|Shadow Ball|p1a: Toxicroak
|-damage|p1a: Toxicroak|68/100
|
|-weather|RainDance|[upkeep]
|-heal|p1a: Toxicroak|80/100|[from] ability: Dry Skin
|upkeep
|turn|4
|
|t:|1758272618
|-end|p2a: Iron Valiant|Quark Drive|[silent]
|switch|p2a: Great Tusk|Great Tusk|100/100
|move|p1a: Toxicroak|Toxic|p2a: Great Tusk
|-status|p2a: Great Tusk|tox
|
|-weather|RainDance|[upkeep]
|-heal|p1a: Toxicroak|93/100|[from] ability: Dry Skin
|-damage|p2a: Great Tusk|94/100 tox|[from] psn
|upkeep
|turn|5
|
|t:|1758272626
|switch|p1a: Tornadus|Tornadus-Therian, M|100/100
|move|p2a: Great Tusk|Rapid Spin|p1a: Tornadus
|-damage|p1a: Tornadus|75/100
|-boost|p2a: Great Tusk|spe|1
|
|-weather|RainDance|[upkeep]
|-damage|p2a: Great Tusk|82/100 tox|[from] psn
|upkeep
|turn|6
|
|t:|1758272634
|switch|p1a: Barraskewda|Barraskewda, F|100/100
|move|p2a: Great Tusk|Stealth Rock|p1a: Barraskewda
|-sidestart|p1: ur doggo|move: Stealth Rock
|
|-weather|RainDance|[upkeep]
|-damage|p2a: Great Tusk|64/100 tox|[from] psn
|upkeep
|turn|7
|
|t:|1758272638
|move|p1a: Barraskewda|Flip Turn|p2a: Great Tusk
|-supereffective|p2a: Great Tusk
|-damage|p2a: Great Tusk|0 fnt
|faint|p2a: Great Tusk
|-end|p2a: Great Tusk|Protosynthesis|[silent]
|
|t:|1758272641
|switch|p1a: Iron Treads|Iron Treads|100/100|[from] Flip Turn
|-damage|p1a: Iron Treads|97/100|[from] Stealth Rock
|-enditem|p1a: Iron Treads|Booster Energy
|-activate|p1a: Iron Treads|ability: Quark Drive|[fromitem]
|-start|p1a: Iron Treads|quarkdrivespe
|
|-weather|RainDance|[upkeep]
|upkeep
|
|t:|1758272649
|switch|p2a: Blaziken|Blaziken, M|100/100
|turn|8
|
|t:|1758272653
|move|p2a: Blaziken|Protect|p2a: Blaziken
|-singleturn|p2a: Blaziken|Protect
|move|p1a: Iron Treads|Earthquake|p2a: Blaziken
|-activate|p2a: Blaziken|move: Protect
|
|-weather|none
|-ability|p2a: Blaziken|Speed Boost|boost
|-boost|p2a: Blaziken|spe|1
|upkeep
|turn|9
|
|t:|1758272658
|move|p1a: Iron Treads|Rapid Spin|p2a: Blaziken
|-damage|p2a: Blaziken|78/100
|-boost|p1a: Iron Treads|spe|1
|-sideend|p1: ur doggo|Stealth Rock|[from] move: Rapid Spin|[of] p1a: Iron Treads
|move|p2a: Blaziken|Swords Dance|p2a: Blaziken
|-boost|p2a: Blaziken|atk|2
|
|-ability|p2a: Blaziken|Speed Boost|boost
|-boost|p2a: Blaziken|spe|1
|upkeep
|turn|10
|
|t:|1758272663
|-end|p1a: Iron Treads|Quark Drive|[silent]
|switch|p1a: Pelipper|Pelipper, M|32/100
|-weather|RainDance|[from] ability: Drizzle|[of] p1a: Pelipper
|move|p2a: Blaziken|Protect||[still]
|-fail|p2a: Blaziken
|
|-weather|RainDance|[upkeep]
|-ability|p2a: Blaziken|Speed Boost|boost
|-boost|p2a: Blaziken|spe|1
|upkeep
|turn|11
|
|t:|1758272667
|move|p2a: Blaziken|Close Combat|p1a: Pelipper
|-resisted|p1a: Pelipper
|-damage|p1a: Pelipper|0 fnt
|-unboost|p2a: Blaziken|def|1
|-unboost|p2a: Blaziken|spd|1
|faint|p1a: Pelipper
|
|-weather|RainDance|[upkeep]
|-ability|p2a: Blaziken|Speed Boost|boost
|-boost|p2a: Blaziken|spe|1
|upkeep
|
|t:|1758272674
|switch|p1a: Barraskewda|Barraskewda, F|100/100
|turn|12
|
|t:|1758272676
|move|p2a: Blaziken|Protect|p2a: Blaziken
|-singleturn|p2a: Blaziken|Protect
|move|p1a: Barraskewda|Aqua Jet|p2a: Blaziken
|-activate|p2a: Blaziken|move: Protect
|
|-weather|RainDance|[upkeep]
|-ability|p2a: Blaziken|Speed Boost|boost
|-boost|p2a: Blaziken|spe|1
|upkeep
|turn|13
|
|t:|1758272680
|switch|p2a: Keldeo|Keldeo-Resolute|100/100
|move|p1a: Barraskewda|Aqua Jet|p2a: Keldeo
|-resisted|p2a: Keldeo
|-damage|p2a: Keldeo|72/100
|
|-weather|RainDance|[upkeep]
|upkeep
|turn|14
|
|t:|1758272685
|switch|p1a: Toxicroak|Toxicroak, F|93/100
|move|p2a: Keldeo|Secret Sword|p1a: Toxicroak
|-resisted|p1a: Toxicroak
|-damage|p1a: Toxicroak|60/100
|
|-weather|none
|upkeep
|turn|15
|
|t:|1758272694
|switch|p2a: Iron Valiant|Iron Valiant|100/100
|move|p1a: Toxicroak|Toxic|p2a: Iron Valiant
|-status|p2a: Iron Valiant|tox
|
|-damage|p2a: Iron Valiant|94/100 tox|[from] psn
|upkeep
|turn|16
|
|t:|1758272700
|switch|p1a: Tornadus|Tornadus-Therian, M|100/100
|move|p2a: Iron Valiant|Shadow Ball|p1a: Tornadus
|-damage|p1a: Tornadus|77/100
|-unboost|p1a: Tornadus|spd|1
|
|-damage|p2a: Iron Valiant|82/100 tox|[from] psn
|upkeep
|turn|17
|
|t:|1758272706
|move|p1a: Tornadus|Hurricane|p2a: Iron Valiant
|-supereffective|p2a: Iron Valiant
|-crit|p2a: Iron Valiant
|-damage|p2a: Iron Valiant|0 fnt
|faint|p2a: Iron Valiant
|-end|p2a: Iron Valiant|Quark Drive|[silent]
|
|upkeep
|
|t:|1758272710
|switch|p2a: Blaziken|Blaziken, M|78/100
|turn|18
|
|t:|1758272717
|switch|p1a: Barraskewda|Barraskewda, F|100/100
|move|p2a: Blaziken|Protect||[still]
|-fail|p2a: Blaziken
|
|-ability|p2a: Blaziken|Speed Boost|boost
|-boost|p2a: Blaziken|spe|1
|upkeep
|turn|19
|
|t:|1758272721
|move|p2a: Blaziken|Protect|p2a: Blaziken
|-singleturn|p2a: Blaziken|Protect
|move|p1a: Barraskewda|Aqua Jet|p2a: Blaziken
|-activate|p2a: Blaziken|move: Protect
|
|-ability|p2a: Blaziken|Speed Boost|boost
|-boost|p2a: Blaziken|spe|1
|upkeep
|turn|20
|
|t:|1758272727
|move|p1a: Barraskewda|Aqua Jet|p2a: Blaziken
|-supereffective|p2a: Blaziken
|-damage|p2a: Blaziken|0 fnt
|faint|p2a: Blaziken
|
|upkeep
|
|t:|1758272729
|switch|p2a: Zamazenta|Zamazenta|100/100
|-ability|p2a: Zamazenta|Dauntless Shield|boost
|-boost|p2a: Zamazenta|def|1
|turn|21
|
|t:|1758272734
|switch|p1a: Toxicroak|Toxicroak, F|60/100
|move|p2a: Zamazenta|Iron Defense|p2a: Zamazenta
|-boost|p2a: Zamazenta|def|2
|
|upkeep
|turn|22
|
|t:|1758272741
|move|p2a: Zamazenta|Iron Defense|p2a: Zamazenta
|-boost|p2a: Zamazenta|def|2
|move|p1a: Toxicroak|Encore|p2a: Zamazenta
|-start|p2a: Zamazenta|Encore
|
|upkeep
|turn|23
|
|t:|1758272745
|switch|p1a: Tornadus|Tornadus-Therian, M|100/100
|move|p2a: Zamazenta|Iron Defense|p2a: Zamazenta
|-boost|p2a: Zamazenta|def|1
|
|upkeep
|turn|24
|
|t:|1758272748
|-terastallize|p2a: Zamazenta|Fire
|move|p2a: Zamazenta|Iron Defense|p2a: Zamazenta
|-boost|p2a: Zamazenta|def|0
|move|p1a: Tornadus|Hurricane|p2a: Zamazenta
|-damage|p2a: Zamazenta|63/100
|
|-heal|p2a: Zamazenta|69/100|[from] item: Leftovers
|upkeep
|turn|25
|
|t:|1758272765
|move|p2a: Zamazenta|Iron Defense|p2a: Zamazenta
|-boost|p2a: Zamazenta|def|0
|move|p1a: Tornadus|Hurricane|p2a: Zamazenta
|-damage|p2a: Zamazenta|35/100
|-start|p2a: Zamazenta|confusion
|
|-heal|p2a: Zamazenta|41/100|[from] item: Leftovers
|-end|p2a: Zamazenta|Encore
|upkeep
|turn|26
|c|☆dadadadaxiji|70%
|
|t:|1758272775
|-activate|p2a: Zamazenta|confusion
|move|p2a: Zamazenta|Body Press|p1a: Tornadus
|-resisted|p1a: Tornadus
|-damage|p1a: Tornadus|9/100
|move|p1a: Tornadus|Hurricane|p2a: Zamazenta
|-damage|p2a: Zamazenta|5/100
|
|-heal|p2a: Zamazenta|11/100|[from] item: Leftovers
|upkeep
|turn|27
|
|t:|1758272791
|-end|p2a: Zamazenta|confusion
|move|p2a: Zamazenta|Crunch|p1a: Tornadus
|-damage|p1a: Tornadus|0 fnt
|faint|p1a: Tornadus
|
|-heal|p2a: Zamazenta|18/100|[from] item: Leftovers
|upkeep
|
|t:|1758272796
|switch|p1a: Iron Treads|Iron Treads|97/100
|turn|28
|
|t:|1758272811
|move|p2a: Zamazenta|Crunch|p1a: Iron Treads
|-damage|p1a: Iron Treads|79/100
|move|p1a: Iron Treads|Earthquake|p2a: Zamazenta
|-supereffective|p2a: Zamazenta
|-damage|p2a: Zamazenta|0 fnt
|faint|p2a: Zamazenta
|
|upkeep
|-message|dadadadaxiji forfeited.
|
|win|ur doggo
|raw|ur doggo's rating: 1471 &rarr; <strong>1496</strong><br />(+25 for winning)
|raw|dadadadaxiji's rating: 1553 &rarr; <strong>1528</strong><br />(-25 for losing)
|l|☆dadadadaxiji
|player|p2|
|l|☆ur doggo
|player|p1|
