|j|☆Abby Syclette
|j|☆Tianer
|t:|1758287034
|gametype|singles
|player|p1|Abby Syclette|101|1262
|player|p2|Tianer|170|1255
|gen|9
|tier|[Gen 9] OU
|rated|
|rule|HP Percentage Mod: HP is shown in percentages
|rule|Endless Battle Clause: Forcing endless battles is banned
|rule|Species Clause: Limit one of each Pokémon
|rule|OHKO Clause: OHKO moves are banned
|rule|Evasion Items Clause: Evasion items are banned
|rule|Evasion Moves Clause: Evasion moves are banned
|rule|Evasion Abilities Clause: Evasion abilities are banned
|rule|Sleep Moves Clause: Sleep-inducing moves are banned
|clearpoke
|poke|p1|Gliscor, F|
|poke|p1|Walking Wake|
|poke|p1|Zamazenta-*|
|poke|p1|Gholdengo|
|poke|p1|Pecharunt|
|poke|p1|Venusaur, M|
|poke|p2|Galvantula, F|
|poke|p2|Jirachi|
|poke|p2|Decidueye-Hisui, M|
|poke|p2|Blissey, F|
|poke|p2|Moltres-Galar|
|poke|p2|Scizor, M|
|teampreview
|inactive|Battle timer is ON: inactive players will automatically lose when time's up. (requested by Tianer)
|
|t:|1758287050
|teamsize|p1|6
|teamsize|p2|6
|start
|switch|p1a: Zamazenta|Zamazenta|100/100
|switch|p2a: Galvantula|Galvantula, F|100/100
|-ability|p1a: Zamazenta|Dauntless Shield|boost
|-boost|p1a: Zamazenta|def|1
|turn|1
|
|t:|1758287061
|move|p1a: Zamazenta|Body Press|p2a: Galvantula
|-resisted|p2a: Galvantula
|-damage|p2a: Galvantula|47/100
|move|p2a: Galvantula|Thunder Wave|p1a: Zamazenta
|-status|p1a: Zamazenta|par
|
|upkeep
|turn|2
|
|t:|1758287069
|move|p2a: Galvantula|Sticky Web|p1a: Zamazenta
|-sidestart|p1: Abby Syclette|move: Sticky Web
|cant|p1a: Zamazenta|par
|
|upkeep
|turn|3
|
|t:|1758287076
|move|p2a: Galvantula|Thunderbolt|p1a: Zamazenta
|-damage|p1a: Zamazenta|64/100 par
|move|p1a: Zamazenta|Body Press|p2a: Galvantula
|-resisted|p2a: Galvantula
|-damage|p2a: Galvantula|0 fnt
|faint|p2a: Galvantula
|
|-heal|p1a: Zamazenta|70/100 par|[from] item: Leftovers
|upkeep
|
|t:|1758287089
|switch|p2a: Jirachi|Jirachi|100/100
|turn|4
|
|t:|1758287093
|move|p2a: Jirachi|Zen Headbutt|p1a: Zamazenta
|-supereffective|p1a: Zamazenta
|-damage|p1a: Zamazenta|32/100 par
|cant|p1a: Zamazenta|flinch
|
|-heal|p1a: Zamazenta|38/100 par|[from] item: Leftovers
|upkeep
|turn|5
|
|t:|1758287099
|move|p2a: Jirachi|Zen Headbutt|p1a: Zamazenta
|-supereffective|p1a: Zamazenta
|-damage|p1a: Zamazenta|0 fnt
|faint|p1a: Zamazenta
|
|upkeep
|
|t:|1758287106
|switch|p1a: Walking Wake|Walking Wake|100/100
|-activate|p1a: Walking Wake|move: Sticky Web
|-unboost|p1a: Walking Wake|spe|1
|-enditem|p1a: Walking Wake|Booster Energy
|-activate|p1a: Walking Wake|ability: Protosynthesis|[fromitem]
|-start|p1a: Walking Wake|protosynthesisspa
|turn|6
|
|t:|1758287116
|move|p2a: Jirachi|Zen Headbutt|p1a: Walking Wake
|-crit|p1a: Walking Wake
|-damage|p1a: Walking Wake|43/100
|cant|p1a: Walking Wake|flinch
|
|upkeep
|turn|7
|
|t:|1758287121
|move|p2a: Jirachi|Zen Headbutt|p1a: Walking Wake
|-damage|p1a: Walking Wake|2/100
|move|p1a: Walking Wake|Flamethrower|p2a: Jirachi
|-supereffective|p2a: Jirachi
|-damage|p2a: Jirachi|12/100
|
|upkeep
|turn|8
|
|t:|1758287127
|move|p2a: Jirachi|Zen Headbutt|p1a: Walking Wake
|-damage|p1a: Walking Wake|0 fnt
|faint|p1a: Walking Wake
|-end|p1a: Walking Wake|Protosynthesis|[silent]
|
|upkeep
|
|t:|1758287137
|switch|p1a: Venusaur|Venusaur, M|100/100
|-activate|p1a: Venusaur|move: Sticky Web
|-unboost|p1a: Venusaur|spe|1
|turn|9
|
|t:|1758287144
|-terastallize|p1a: Venusaur|Fire
|move|p2a: Jirachi|Zen Headbutt|p1a: Venusaur|[miss]
|-miss|p2a: Jirachi|p1a: Venusaur
|move|p1a: Venusaur|Tera Blast|p2a: Jirachi|[anim] Tera Blast Fire
|-supereffective|p2a: Jirachi
|-crit|p2a: Jirachi
|-damage|p2a: Jirachi|0 fnt
|faint|p2a: Jirachi
|
|upkeep
|
|t:|1758287158
|switch|p2a: Decidueye|Decidueye-Hisui, M|100/100
|turn|10
|
|t:|1758287162
|-terastallize|p2a: Decidueye|Fighting
|move|p1a: Venusaur|Tera Blast|p2a: Decidueye|[anim] Tera Blast Fire
|-damage|p2a: Decidueye|60/100
|move|p2a: Decidueye|Triple Arrows|p1a: Venusaur
|-crit|p1a: Venusaur
|-damage|p1a: Venusaur|0 fnt
|faint|p1a: Venusaur
|
|upkeep
|
|t:|1758287174
|switch|p1a: Gholdengo|Gholdengo|100/100
|-item|p1a: Gholdengo|Air Balloon
|turn|11
|
|t:|1758287181
|move|p1a: Gholdengo|Shadow Ball|p2a: Decidueye
|-damage|p2a: Decidueye|13/100
|move|p2a: Decidueye|Triple Arrows|p1a: Gholdengo
|-supereffective|p1a: Gholdengo
|-crit|p1a: Gholdengo
|-damage|p1a: Gholdengo|0 fnt
|-enditem|p1a: Gholdengo|Air Balloon
|faint|p1a: Gholdengo
|
|upkeep
|
|t:|1758287191
|switch|p1a: Pecharunt|Pecharunt|100/100
|turn|12
|
|t:|1758287198
|move|p1a: Pecharunt|Shadow Ball|p2a: Decidueye
|-damage|p2a: Decidueye|0 fnt
|faint|p2a: Decidueye
|
|upkeep
|
|t:|1758287204
|switch|p2a: Moltres|Moltres-Galar|100/100
|turn|13
|
|t:|1758287207
|move|p1a: Pecharunt|Substitute|p1a: Pecharunt
|-start|p1a: Pecharunt|Substitute
|-damage|p1a: Pecharunt|76/100
|move|p2a: Moltres|Nasty Plot|p2a: Moltres
|-boost|p2a: Moltres|spa|2
|
|upkeep
|turn|14
|
|t:|1758287213
|move|p1a: Pecharunt|Malignant Chain|p2a: Moltres
|-damage|p2a: Moltres|71/100
|-status|p2a: Moltres|tox
|-start|p2a: Moltres|confusion|[from] ability: Poison Puppeteer|[of] p1a: Pecharunt
|-activate|p2a: Moltres|confusion
|-damage|p2a: Moltres|65/100 tox|[from] confusion
|
|-damage|p2a: Moltres|59/100 tox|[from] psn
|upkeep
|turn|15
|
|t:|1758287223
|move|p1a: Pecharunt|Nasty Plot|p1a: Pecharunt
|-boost|p1a: Pecharunt|spa|2
|-end|p2a: Moltres|confusion
|move|p2a: Moltres|Fiery Wrath|p1a: Pecharunt
|-supereffective|p1a: Pecharunt
|-end|p1a: Pecharunt|Substitute
|
|-damage|p2a: Moltres|46/100 tox|[from] psn
|upkeep
|-enditem|p2a: Moltres|Sitrus Berry|[eat]
|-heal|p2a: Moltres|71/100 tox|[from] item: Sitrus Berry
|turn|16
|
|t:|1758287234
|move|p1a: Pecharunt|Substitute|p1a: Pecharunt
|-start|p1a: Pecharunt|Substitute
|-damage|p1a: Pecharunt|51/100
|move|p2a: Moltres|Fiery Wrath|p1a: Pecharunt
|-supereffective|p1a: Pecharunt
|-crit|p1a: Pecharunt
|-end|p1a: Pecharunt|Substitute
|
|-damage|p2a: Moltres|52/100 tox|[from] psn
|upkeep
|turn|17
|
|t:|1758287245
|move|p1a: Pecharunt|Substitute|p1a: Pecharunt
|-start|p1a: Pecharunt|Substitute
|-damage|p1a: Pecharunt|26/100
|move|p2a: Moltres|Fiery Wrath|p1a: Pecharunt
|-supereffective|p1a: Pecharunt
|-end|p1a: Pecharunt|Substitute
|
|-damage|p2a: Moltres|27/100 tox|[from] psn
|upkeep
|turn|18
|
|t:|1758287253
|move|p1a: Pecharunt|Substitute|p1a: Pecharunt
|-start|p1a: Pecharunt|Substitute
|-damage|p1a: Pecharunt|1/100
|move|p2a: Moltres|Fiery Wrath|p1a: Pecharunt
|-supereffective|p1a: Pecharunt
|-end|p1a: Pecharunt|Substitute
|
|-damage|p2a: Moltres|0 fnt|[from] psn
|faint|p2a: Moltres
|upkeep
|
|t:|1758287261
|switch|p2a: Scizor|Scizor, M|100/100
|turn|19
|
|t:|1758287264
|move|p2a: Scizor|Bullet Punch|p1a: Pecharunt
|-damage|p1a: Pecharunt|0 fnt
|faint|p1a: Pecharunt
|
|upkeep
|
|t:|1758287268
|switch|p1a: Gliscor|Gliscor, F|100/100
|turn|20
|
|t:|1758287278
|move|p1a: Gliscor|Substitute|p1a: Gliscor
|-start|p1a: Gliscor|Substitute
|-damage|p1a: Gliscor|76/100
|move|p2a: Scizor|U-turn|p1a: Gliscor
|-resisted|p1a: Gliscor
|-activate|p1a: Gliscor|move: Substitute|[damage]
|
|t:|1758287283
|switch|p2a: Blissey|Blissey, F|100/100|[from] U-turn
|
|-status|p1a: Gliscor|tox|[from] item: Toxic Orb
|upkeep
|turn|21
|
|t:|1758287291
|move|p1a: Gliscor|Toxic|p2a: Blissey
|-status|p2a: Blissey|tox
|move|p2a: Blissey|Seismic Toss|p1a: Gliscor
|-end|p1a: Gliscor|Substitute
|
|-heal|p1a: Gliscor|88/100 tox|[from] ability: Poison Heal
|-damage|p2a: Blissey|94/100 tox|[from] psn
|upkeep
|turn|22
|
|t:|1758287300
|move|p1a: Gliscor|Substitute|p1a: Gliscor
|-start|p1a: Gliscor|Substitute
|-damage|p1a: Gliscor|63/100 tox
|move|p2a: Blissey|Heal Bell|p2a: Blissey
|-activate|p2a: Blissey|move: Heal Bell
|-curestatus|p2a: Blissey|tox|[msg]
|
|-heal|p2a: Blissey|100/100|[from] item: Leftovers
|-heal|p1a: Gliscor|76/100 tox|[from] ability: Poison Heal
|upkeep
|turn|23
|
|t:|1758287309
|move|p1a: Gliscor|Toxic|p2a: Blissey|[miss]
|-miss|p1a: Gliscor|p2a: Blissey
|move|p2a: Blissey|Seismic Toss|p1a: Gliscor
|-end|p1a: Gliscor|Substitute
|
|-heal|p1a: Gliscor|88/100 tox|[from] ability: Poison Heal
|upkeep
|turn|24
|-message|Abby Syclette forfeited.
|
|win|Tianer
|raw|Abby Syclette's rating: 1262 &rarr; <strong>1236</strong><br />(-26 for losing)
|raw|Tianer's rating: 1255 &rarr; <strong>1281</strong><br />(+26 for winning)
|l|☆Abby Syclette
|player|p1|
|l|☆Tianer
|player|p2|
