|j|☆GFYSYDAR
|j|☆Devrai
|t:|1758310044
|gametype|singles
|player|p1|GFYSYDAR|scientist-gen4dp|1320
|player|p2|Devrai|zinnia|1286
|gen|9
|tier|[Gen 9] OU
|rated|
|rule|HP Percentage Mod: HP is shown in percentages
|rule|Endless Battle Clause: Forcing endless battles is banned
|rule|Species Clause: Limit one of each Pokémon
|rule|OHKO Clause: OHKO moves are banned
|rule|Evasion Items Clause: Evasion items are banned
|rule|Evasion Moves Clause: Evasion moves are banned
|rule|Evasion Abilities Clause: Evasion abilities are banned
|rule|Sleep Moves Clause: Sleep-inducing moves are banned
|clearpoke
|poke|p1|Electrode-Hisui|
|poke|p1|Gallade, M|
|poke|p1|Slowking-Galar, M|
|poke|p1|Alomomola, M|
|poke|p1|Great Tusk|
|poke|p1|Landorus-Therian, M|
|poke|p2|Araquanid, M|
|poke|p2|Skeledirge, M|
|poke|p2|Enamorus, F|
|poke|p2|Iron Treads|
|poke|p2|Latios, M|
|poke|p2|Hydreigon, M|
|teampreview
|
|t:|1758310057
|teamsize|p1|6
|teamsize|p2|6
|start
|switch|p1a: Great Tusk|Great Tusk|100/100
|switch|p2a: King Gator|Skeledirge, M, shiny|100/100
|turn|1
|
|t:|1758310065
|move|p1a: Great Tusk|Headlong Rush|p2a: King Gator
|-supereffective|p2a: King Gator
|-damage|p2a: King Gator|0 fnt
|-unboost|p1a: Great Tusk|def|1
|-unboost|p1a: Great Tusk|spd|1
|faint|p2a: King Gator
|
|upkeep
|
|t:|1758310092
|switch|p2a: Bubble Buddy|Araquanid, M, shiny|100/100
|turn|2
|inactive|Battle timer is ON: inactive players will automatically lose when time's up. (requested by GFYSYDAR)
|
|t:|1758310096
|move|p1a: Great Tusk|Head Smash|p2a: Bubble Buddy
|-supereffective|p2a: Bubble Buddy
|-damage|p2a: Bubble Buddy|19/100
|-damage|p1a: Great Tusk|63/100|[from] Recoil
|move|p2a: Bubble Buddy|Sticky Web|p1a: Great Tusk
|-sidestart|p1: GFYSYDAR|move: Sticky Web
|
|-heal|p2a: Bubble Buddy|25/100|[from] item: Leftovers
|upkeep
|turn|3
|
|t:|1758310107
|move|p1a: Great Tusk|Rapid Spin|p2a: Bubble Buddy
|-damage|p2a: Bubble Buddy|11/100
|-boost|p1a: Great Tusk|spe|1
|-sideend|p1: GFYSYDAR|Sticky Web|[from] move: Rapid Spin|[of] p1a: Great Tusk
|move|p2a: Bubble Buddy|Chilling Water|p1a: Great Tusk
|-supereffective|p1a: Great Tusk
|-damage|p1a: Great Tusk|0 fnt
|faint|p1a: Great Tusk
|-end|p1a: Great Tusk|Protosynthesis|[silent]
|
|-heal|p2a: Bubble Buddy|17/100|[from] item: Leftovers
|upkeep
|
|t:|1758310123
|switch|p1a: Gallade|Gallade, M, shiny|100/100
|turn|4
|
|t:|1758310149
|move|p1a: Gallade|Knock Off|p2a: Bubble Buddy
|-damage|p2a: Bubble Buddy|0 fnt
|-enditem|p2a: Bubble Buddy|Leftovers|[from] move: Knock Off|[of] p1a: Gallade
|faint|p2a: Bubble Buddy
|
|upkeep
|
|t:|1758310151
|switch|p2a: Mistress|Enamorus, F, shiny|100/100
|turn|5
|
|t:|1758310156
|switch|p1a: Slowking|Slowking-Galar, M|100/100
|-terastallize|p2a: Mistress|Stellar
|move|p2a: Mistress|Tera Blast|p1a: Slowking|[anim] Tera Blast Stellar
|-damage|p1a: Slowking|77/100
|-boost|p2a: Mistress|atk|1
|-boost|p2a: Mistress|spa|1
|
|upkeep
|turn|6
|
|t:|1758310167
|move|p2a: Mistress|Earth Power|p1a: Slowking
|-supereffective|p1a: Slowking
|-damage|p1a: Slowking|10/100
|move|p1a: Slowking|Sludge Bomb|p2a: Mistress
|-supereffective|p2a: Mistress
|-damage|p2a: Mistress|42/100
|-status|p2a: Mistress|psn
|
|-damage|p2a: Mistress|29/100 psn|[from] psn
|upkeep
|turn|7
|
|t:|1758310177
|switch|p1a: Landorus|Landorus-Therian, M|100/100
|-ability|p1a: Landorus|Intimidate|boost
|-boost|p2a: Mistress|atk|1
|move|p2a: Mistress|Tera Blast|p1a: Landorus|[anim] Tera Blast Stellar
|-damage|p1a: Landorus|63/100
|-boost|p2a: Mistress|atk|1
|-boost|p2a: Mistress|spa|1
|
|-damage|p2a: Mistress|17/100 psn|[from] psn
|upkeep
|turn|8
|
|t:|1758310189
|move|p2a: Mistress|Draining Kiss|p1a: Landorus
|-damage|p1a: Landorus|0 fnt
|-heal|p2a: Mistress|71/100 psn|[from] drain|[of] p1a: Landorus
|-damage|p2a: Mistress|54/100 psn|[from] item: Rocky Helmet|[of] p1a: Landorus
|faint|p1a: Landorus
|
|-damage|p2a: Mistress|42/100 psn|[from] psn
|upkeep
|
|t:|1758310198
|switch|p1a: Electrode|Electrode-Hisui, shiny|100/100
|turn|9
|
|t:|1758310202
|switch|p2a: Treadmill|Iron Treads, shiny|100/100
|move|p1a: Electrode|Volt Switch|p2a: Treadmill
|-immune|p2a: Treadmill
|
|upkeep
|turn|10
|
|t:|1758310208
|switch|p1a: Alomomola|Alomomola, M, shiny|100/100
|move|p2a: Treadmill|Stealth Rock|p1a: Alomomola
|-sidestart|p1: GFYSYDAR|move: Stealth Rock
|
|upkeep
|turn|11
|
|t:|1758310214
|move|p2a: Treadmill|Knock Off|p1a: Alomomola
|-damage|p1a: Alomomola|85/100
|-enditem|p1a: Alomomola|Heavy-Duty Boots|[from] move: Knock Off|[of] p2a: Treadmill
|move|p1a: Alomomola|Wish|p1a: Alomomola
|
|upkeep
|turn|12
|
|t:|1758310221
|move|p2a: Treadmill|Rapid Spin|p1a: Alomomola
|-damage|p1a: Alomomola|77/100
|-boost|p2a: Treadmill|spe|1
|move|p1a: Alomomola|Flip Turn|p2a: Treadmill
|-supereffective|p2a: Treadmill
|-damage|p2a: Treadmill|73/100
|c|☆GFYSYDAR|Dunce
|
|t:|1758310229
|switch|p1a: Slowking|Slowking-Galar, M|43/100|[from] Flip Turn
|
|-heal|p1a: Slowking|100/100|[from] move: Wish|[wisher] Alomomola
|upkeep
|turn|13
|
|t:|1758310236
|switch|p1a: Alomomola|Alomomola, M, shiny|100/100
|-damage|p1a: Alomomola|88/100|[from] Stealth Rock
|move|p2a: Treadmill|Knock Off|p1a: Alomomola
|-damage|p1a: Alomomola|77/100
|
|upkeep
|turn|14
|
|t:|1758310245
|move|p2a: Treadmill|Earthquake|p1a: Alomomola
|-damage|p1a: Alomomola|56/100
|move|p1a: Alomomola|Scald|p2a: Treadmill
|-supereffective|p2a: Treadmill
|-damage|p2a: Treadmill|37/100
|
|upkeep
|turn|15
|
|t:|1758310252
|-end|p2a: Treadmill|Quark Drive|[silent]
|switch|p2a: Jet Lag|Latios, M, shiny|100/100
|move|p1a: Alomomola|Wish|p1a: Alomomola
|
|upkeep
|turn|16
|
|t:|1758310257
|switch|p1a: Slowking|Slowking-Galar, M|100/100
|move|p2a: Jet Lag|Trick|p1a: Slowking
|-activate|p2a: Jet Lag|move: Trick|[of] p1a: Slowking
|-item|p1a: Slowking|Choice Specs|[from] move: Trick
|-item|p2a: Jet Lag|Heavy-Duty Boots|[from] move: Trick
|
|upkeep
|turn|17
|
|t:|1758310266
|switch|p2a: Treadmill|Iron Treads, shiny|37/100
|-prepare|p1a: Slowking|Chilly Reception|[premajor]
|move|p1a: Slowking|Chilly Reception|p1a: Slowking
|-weather|Snowscape
|
|t:|1758310277
|switch|p1a: Alomomola|Alomomola, M, shiny|89/100|[from] Chilly Reception
|-damage|p1a: Alomomola|77/100|[from] Stealth Rock
|
|-weather|Snowscape|[upkeep]
|upkeep
|turn|18
|
|t:|1758310284
|move|p2a: Treadmill|Earthquake|p1a: Alomomola
|-damage|p1a: Alomomola|54/100
|move|p1a: Alomomola|Flip Turn|p2a: Treadmill
|-supereffective|p2a: Treadmill
|-damage|p2a: Treadmill|12/100
|
|t:|1758310290
|switch|p1a: Slowking|Slowking-Galar, M|100/100|[from] Flip Turn
|-damage|p1a: Slowking|88/100|[from] Stealth Rock
|
|-weather|Snowscape|[upkeep]
|upkeep
|turn|19
|
|t:|1758310304
|switch|p1a: Alomomola|Alomomola, M, shiny|88/100
|-damage|p1a: Alomomola|75/100|[from] Stealth Rock
|move|p2a: Treadmill|Earthquake|p1a: Alomomola
|-damage|p1a: Alomomola|52/100
|
|-weather|Snowscape|[upkeep]
|upkeep
|turn|20
|
|t:|1758310312
|move|p2a: Treadmill|Earthquake|p1a: Alomomola
|-damage|p1a: Alomomola|28/100
|move|p1a: Alomomola|Flip Turn|p2a: Treadmill
|-supereffective|p2a: Treadmill
|-damage|p2a: Treadmill|0 fnt
|faint|p2a: Treadmill
|-end|p2a: Treadmill|Quark Drive|[silent]
|
|t:|1758310320
|switch|p1a: Electrode|Electrode-Hisui, shiny|100/100|[from] Flip Turn
|-damage|p1a: Electrode|88/100|[from] Stealth Rock
|
|-weather|Snowscape|[upkeep]
|upkeep
|
|t:|1758310329
|switch|p2a: Hydranoid|Hydreigon, M, shiny|100/100
|turn|21
|
|t:|1758310335
|-terastallize|p1a: Electrode|Ice
|move|p1a: Electrode|Tera Blast|p2a: Hydranoid|[anim] Tera Blast Ice
|-supereffective|p2a: Hydranoid
|-damage|p2a: Hydranoid|0 fnt
|faint|p2a: Hydranoid
|
|-weather|none
|upkeep
|
|t:|1758310339
|switch|p2a: Jet Lag|Latios, M, shiny|100/100
|turn|22
|
|t:|1758310349
|move|p1a: Electrode|Tera Blast|p2a: Jet Lag|[anim] Tera Blast Ice
|-supereffective|p2a: Jet Lag
|-damage|p2a: Jet Lag|4/100
|move|p2a: Jet Lag|Draco Meteor|p1a: Electrode
|-damage|p1a: Electrode|0 fnt
|-unboost|p2a: Jet Lag|spa|2
|faint|p1a: Electrode
|
|upkeep
|
|t:|1758310358
|switch|p1a: Slowking|Slowking-Galar, M|100/100
|-damage|p1a: Slowking|88/100|[from] Stealth Rock
|turn|23
|c|☆GFYSYDAR|Dunce
|inactive|Devrai has 120 seconds left.
|
|t:|1758310400
|switch|p2a: Mistress|Enamorus, F, shiny, tera:Stellar|42/100 psn
|move|p1a: Slowking|Sludge Bomb|p2a: Mistress
|-supereffective|p2a: Mistress
|-damage|p2a: Mistress|0 fnt
|faint|p2a: Mistress
|
|upkeep
|
|t:|1758310402
|switch|p2a: Jet Lag|Latios, M, shiny|4/100
|turn|24
|
|t:|1758310423
|move|p2a: Jet Lag|Luster Purge|p1a: Slowking
|-damage|p1a: Slowking|58/100
|-unboost|p1a: Slowking|spd|1
|move|p1a: Slowking|Sludge Bomb|p2a: Jet Lag
|-damage|p2a: Jet Lag|0 fnt
|faint|p2a: Jet Lag
|
|win|GFYSYDAR
|raw|GFYSYDAR's rating: 1320 &rarr; <strong>1338</strong><br />(+18 for winning)
|raw|Devrai's rating: 1286 &rarr; <strong>1263</strong><br />(-23 for losing)
|c|☆Devrai|G
