|j|☆Mattyl04
|j|☆ThatBrownBoy
|t:|1758294049
|gametype|singles
|player|p1|Mattyl04|1|1290
|player|p2|ThatBrownBoy|2|1295
|gen|9
|tier|[Gen 9] OU
|rated|
|rule|HP Percentage Mod: HP is shown in percentages
|rule|Endless Battle Clause: Forcing endless battles is banned
|rule|Species Clause: Limit one of each Pokémon
|rule|OHKO Clause: OHKO moves are banned
|rule|Evasion Items Clause: Evasion items are banned
|rule|Evasion Moves Clause: Evasion moves are banned
|rule|Evasion Abilities Clause: Evasion abilities are banned
|rule|Sleep Moves Clause: Sleep-inducing moves are banned
|clearpoke
|poke|p1|Arcanine-Hisui, F|
|poke|p1|Great Tusk|
|poke|p1|Ogerpon-Wellspring, F|
|poke|p1|Kingambit, F|
|poke|p1|Dragapult, F|
|poke|p1|Hatterene, F|
|poke|p2|Ambipom, F|
|poke|p2|Grimmsnarl, M|
|poke|p2|Ursaluna, F|
|poke|p2|Dragonite, M|
|poke|p2|Zoroark-Hisui, M|
|poke|p2|Corviknight, M|
|teampreview
|inactive|Battle timer is ON: inactive players will automatically lose when time's up. (requested by ThatBrownBoy)
|
|t:|1758294053
|teamsize|p1|6
|teamsize|p2|6
|start
|switch|p1a: Arcanine|Arcanine-Hisui, F|100/100
|switch|p2a: Ursaluna|Ursaluna, F, shiny|100/100
|turn|1
|
|t:|1758294057
|move|p1a: Arcanine|Close Combat|p2a: Ursaluna
|-supereffective|p2a: Ursaluna
|-crit|p2a: Ursaluna
|-damage|p2a: Ursaluna|0 fnt
|-unboost|p1a: Arcanine|def|1
|-unboost|p1a: Arcanine|spd|1
|faint|p2a: Ursaluna
|
|upkeep
|
|t:|1758294065
|switch|p2a: Dragonite|Dragonite, M, shiny|100/100
|turn|2
|
|t:|1758294069
|switch|p1a: Hatterene|Hatterene, F|100/100
|move|p2a: Dragonite|Dragon Dance|p2a: Dragonite
|-boost|p2a: Dragonite|atk|1
|-boost|p2a: Dragonite|spe|1
|
|upkeep
|turn|3
|
|t:|1758294077
|move|p2a: Dragonite|Dragon Dance|p2a: Dragonite
|-boost|p2a: Dragonite|atk|1
|-boost|p2a: Dragonite|spe|1
|move|p1a: Hatterene|Draining Kiss|p2a: Dragonite
|-supereffective|p2a: Dragonite
|-damage|p2a: Dragonite|72/100
|
|upkeep
|turn|4
|
|t:|1758294085
|-terastallize|p2a: Dragonite|Normal
|move|p2a: Dragonite|Dragon Dance|p2a: Dragonite
|-boost|p2a: Dragonite|atk|1
|-boost|p2a: Dragonite|spe|1
|move|p1a: Hatterene|Draining Kiss|p2a: Dragonite
|-damage|p2a: Dragonite|40/100
|
|upkeep
|turn|5
|
|t:|1758294092
|move|p2a: Dragonite|Earthquake|p1a: Hatterene
|-damage|p1a: Hatterene|0 fnt
|faint|p1a: Hatterene
|
|upkeep
|
|t:|1758294096
|switch|p1a: Arcanine|Arcanine-Hisui, F|100/100
|turn|6
|
|t:|1758294102
|move|p2a: Dragonite|Extreme Speed|p1a: Arcanine
|-resisted|p1a: Arcanine
|-damage|p1a: Arcanine|31/100
|move|p1a: Arcanine|Extreme Speed|p2a: Dragonite
|-damage|p2a: Dragonite|0 fnt
|faint|p2a: Dragonite
|
|upkeep
|
|t:|1758294107
|switch|p2a: Ambipom|Ambipom, F, shiny|100/100
|turn|7
|
|t:|1758294110
|move|p1a: Arcanine|Extreme Speed|p2a: Ambipom
|-immune|p2a: Ambipom
|move|p2a: Ambipom|Nasty Plot|p2a: Ambipom
|-boost|p2a: Ambipom|spa|2
|
|upkeep
|turn|8
|
|t:|1758294115
|switch|p1a: Ogerpon|Ogerpon-Wellspring, F|100/100
|move|p2a: Ambipom|Hyper Voice|p1a: Ogerpon
|-crit|p1a: Ogerpon
|-damage|p1a: Ogerpon|0 fnt
|faint|p1a: Ogerpon
|
|upkeep
|
|t:|1758294122
|switch|p1a: Dragapult|Dragapult, F|100/100
|turn|9
|
|t:|1758294128
|switch|p2a: Grimmsnarl|Grimmsnarl, M, shiny|100/100
|move|p1a: Dragapult|Draco Meteor|p2a: Grimmsnarl
|-immune|p2a: Grimmsnarl
|
|upkeep
|turn|10
|
|t:|1758294131
|switch|p1a: Arcanine|Arcanine-Hisui, F|31/100
|move|p2a: Grimmsnarl|Thunder Wave|p1a: Arcanine
|-status|p1a: Arcanine|par
|
|upkeep
|turn|11
|
|t:|1758294135
|move|p2a: Grimmsnarl|Drain Punch|p1a: Arcanine
|-supereffective|p1a: Arcanine
|-damage|p1a: Arcanine|0 fnt
|faint|p1a: Arcanine
|
|upkeep
|
|t:|1758294142
|switch|p1a: Kingambit|Kingambit, F|100/100
|-activate|p1a: Kingambit|ability: Supreme Overlord
|-start|p1a: Kingambit|fallen3|[silent]
|-item|p1a: Kingambit|Air Balloon
|turn|12
|
|t:|1758294148
|switch|p2a: Corviknight|Corviknight, M|100/100
|-ability|p2a: Corviknight|Pressure
|-terastallize|p1a: Kingambit|Ghost
|move|p1a: Kingambit|Kowtow Cleave|p2a: Corviknight
|-damage|p2a: Corviknight|63/100
|-damage|p1a: Kingambit|84/100|[from] item: Rocky Helmet|[of] p2a: Corviknight
|
|upkeep
|turn|13
|
|t:|1758294151
|move|p1a: Kingambit|Swords Dance|p1a: Kingambit
|-boost|p1a: Kingambit|atk|2
|move|p2a: Corviknight|U-turn|p1a: Kingambit
|-resisted|p1a: Kingambit
|-damage|p1a: Kingambit|78/100
|-enditem|p1a: Kingambit|Air Balloon
|
|t:|1758294159
|switch|p2a: Ambipom|Ambipom, F, shiny|100/100|[from] U-turn
|
|upkeep
|turn|14
|
|t:|1758294164
|move|p2a: Ambipom|Shadow Ball|p1a: Kingambit
|-supereffective|p1a: Kingambit
|-damage|p1a: Kingambit|0 fnt
|faint|p1a: Kingambit
|-end|p1a: Kingambit|fallen3|[silent]
|
|upkeep
|
|t:|1758294168
|switch|p1a: Great Tusk|Great Tusk|100/100
|-enditem|p1a: Great Tusk|Booster Energy
|-activate|p1a: Great Tusk|ability: Protosynthesis|[fromitem]
|-start|p1a: Great Tusk|protosynthesisatk
|turn|15
|
|t:|1758294172
|move|p2a: Ambipom|Nasty Plot|p2a: Ambipom
|-boost|p2a: Ambipom|spa|2
|move|p1a: Great Tusk|Headlong Rush|p2a: Ambipom
|-crit|p2a: Ambipom
|-enditem|p2a: Ambipom|Focus Sash
|-damage|p2a: Ambipom|1/100
|-unboost|p1a: Great Tusk|def|1
|-unboost|p1a: Great Tusk|spd|1
|replace|p2a: Zoroark|Zoroark-Hisui, M, shiny
|-end|p2a: Zoroark|Illusion
|
|upkeep
|turn|16
|
|t:|1758294176
|move|p2a: Zoroark|Hyper Voice|p1a: Great Tusk
|-damage|p1a: Great Tusk|0 fnt
|faint|p1a: Great Tusk
|-end|p1a: Great Tusk|Protosynthesis|[silent]
|
|upkeep
|
|t:|1758294181
|switch|p1a: Dragapult|Dragapult, F|100/100
|turn|17
|
|t:|1758294183
|switch|p2a: Grimmsnarl|Grimmsnarl, M, shiny|100/100
|move|p1a: Dragapult|Shadow Ball|p2a: Grimmsnarl
|-resisted|p2a: Grimmsnarl
|-damage|p2a: Grimmsnarl|73/100
|
|upkeep
|turn|18
|
|t:|1758294187
|move|p2a: Grimmsnarl|Thunder Wave|p1a: Dragapult
|-status|p1a: Dragapult|par
|cant|p1a: Dragapult|par
|
|upkeep
|turn|19
|l|☆Mattyl04
|inactive|Mattyl04 disconnected and has a minute to reconnect!
|player|p1|
|inactive|Mattyl04 has 30 seconds to reconnect!
|inactive|Mattyl04 has 20 seconds to reconnect!
|inactive|Mattyl04 has 15 seconds to reconnect!
|inactive|Mattyl04 has 10 seconds to reconnect!
|inactive|Mattyl04 has 5 seconds to reconnect!
|-message|Mattyl04 lost due to inactivity.
|
|win|ThatBrownBoy
|raw|Mattyl04's rating: 1290 &rarr; <strong>1265</strong><br />(-25 for losing)
|raw|ThatBrownBoy's rating: 1295 &rarr; <strong>1320</strong><br />(+25 for winning)
|l|☆ThatBrownBoy
|player|p2|
