|j|☆roryta
|j|☆ace1234560
|t:|1758265423
|gametype|singles
|player|p1|roryta|hilbert|1165
|player|p2|ace1234560|101|1189
|gen|9
|tier|[Gen 9] OU
|rated|
|rule|HP Percentage Mod: HP is shown in percentages
|rule|Endless Battle Clause: Forcing endless battles is banned
|rule|Species Clause: Limit one of each Pokémon
|rule|OHKO Clause: OHKO moves are banned
|rule|Evasion Items Clause: Evasion items are banned
|rule|Evasion Moves Clause: Evasion moves are banned
|rule|Evasion Abilities Clause: Evasion abilities are banned
|rule|Sleep Moves Clause: Sleep-inducing moves are banned
|clearpoke
|poke|p1|Kyurem|
|poke|p1|Ribombee, F|
|poke|p1|Iron Treads|
|poke|p1|Primarina, M|
|poke|p1|Malamar, F|
|poke|p1|Slither Wing|
|poke|p2|Tinkaton, F|
|poke|p2|Ogerpon-Wellspring, F|
|poke|p2|Regidrago|
|poke|p2|Ceruledge, F|
|poke|p2|Ditto|
|poke|p2|Rhydon, M|
|teampreview
|inactive|Battle timer is ON: inactive players will automatically lose when time's up. (requested by roryta)
|inactive|ace1234560 also wants the timer to be on.
|j| Chronos556
|
|t:|1758265433
|teamsize|p1|6
|teamsize|p2|6
|start
|switch|p1a: Ribombee|Ribombee, F|100/100
|switch|p2a: Ditto|Ditto|100/100
|-transform|p2a: Ditto|p1a: Ribombee|[from] ability: Imposter
|turn|1
|
|t:|1758265450
|move|p2a: Ditto|Sticky Web|p1a: Ribombee
|-sidestart|p1: roryta|move: Sticky Web
|move|p1a: Ribombee|Sticky Web|p2a: Ditto
|-sidestart|p2: ace1234560|move: Sticky Web
|
|upkeep
|turn|2
|
|t:|1758265454
|switch|p2a: Rhydon|Rhydon, M|100/100
|-activate|p2a: Rhydon|move: Sticky Web
|-unboost|p2a: Rhydon|spe|1
|switch|p1a: Malamar|Malamar, F|100/100
|-activate|p1a: Malamar|move: Sticky Web
|-boost|p1a: Malamar|spe|1
|
|upkeep
|turn|3
|
|t:|1758265465
|switch|p2a: Ceruledge|Ceruledge, F|100/100
|-activate|p2a: Ceruledge|move: Sticky Web
|-unboost|p2a: Ceruledge|spe|1
|move|p1a: Malamar|Knock Off|p2a: Ceruledge
|-supereffective|p2a: Ceruledge
|-enditem|p2a: Ceruledge|Focus Sash
|-damage|p2a: Ceruledge|1/100
|-ability|p2a: Ceruledge|Weak Armor|boost
|-unboost|p2a: Ceruledge|def|1
|-boost|p2a: Ceruledge|spe|2
|
|upkeep
|turn|4
|
|t:|1758265477
|-terastallize|p2a: Ceruledge|Fire
|move|p1a: Malamar|Knock Off|p2a: Ceruledge
|-damage|p2a: Ceruledge|0 fnt
|faint|p2a: Ceruledge
|
|upkeep
|
|t:|1758265484
|switch|p2a: Regidrago|Regidrago|100/100
|-activate|p2a: Regidrago|move: Sticky Web
|-unboost|p2a: Regidrago|spe|1
|turn|5
|
|t:|1758265490
|move|p1a: Malamar|Knock Off|p2a: Regidrago
|-damage|p2a: Regidrago|53/100
|-enditem|p2a: Regidrago|Choice Scarf|[from] move: Knock Off|[of] p1a: Malamar
|move|p2a: Regidrago|Dragon Energy|p1a: Malamar
|-damage|p1a: Malamar|31/100
|
|upkeep
|turn|6
|
|t:|1758265497
|move|p1a: Malamar|Knock Off|p2a: Regidrago
|-damage|p2a: Regidrago|25/100
|move|p2a: Regidrago|Draco Meteor|p1a: Malamar
|-damage|p1a: Malamar|0 fnt
|-unboost|p2a: Regidrago|spa|2
|faint|p1a: Malamar
|
|upkeep
|
|t:|1758265503
|switch|p1a: Iron Treads|Iron Treads, shiny|100/100
|-activate|p1a: Iron Treads|move: Sticky Web
|-unboost|p1a: Iron Treads|spe|1
|turn|7
|
|t:|1758265509
|move|p2a: Regidrago|Earth Power|p1a: Iron Treads
|-supereffective|p1a: Iron Treads
|-damage|p1a: Iron Treads|81/100
|-unboost|p1a: Iron Treads|spd|1
|move|p1a: Iron Treads|Rapid Spin|p2a: Regidrago
|-damage|p2a: Regidrago|6/100
|-boost|p1a: Iron Treads|spe|1
|-sideend|p1: roryta|Sticky Web|[from] move: Rapid Spin|[of] p1a: Iron Treads
|
|upkeep
|turn|8
|
|t:|1758265517
|move|p1a: Iron Treads|Rapid Spin|p2a: Regidrago
|-damage|p2a: Regidrago|0 fnt
|-boost|p1a: Iron Treads|spe|1
|faint|p2a: Regidrago
|
|upkeep
|
|t:|1758265520
|switch|p2a: Ditto|Ditto|100/100
|-activate|p2a: Ditto|move: Sticky Web
|-unboost|p2a: Ditto|spe|1
|-transform|p2a: Ditto|p1a: Iron Treads|[from] ability: Imposter
|turn|9
|
|t:|1758265530
|move|p2a: Ditto|Ice Spinner|p1a: Iron Treads
|-damage|p1a: Iron Treads|55/100
|move|p1a: Iron Treads|Earthquake|p2a: Ditto
|-supereffective|p2a: Ditto
|-damage|p2a: Ditto|6/100
|
|upkeep
|turn|10
|
|t:|1758265536
|move|p2a: Ditto|Ice Spinner|p1a: Iron Treads
|-damage|p1a: Iron Treads|31/100
|move|p1a: Iron Treads|Rapid Spin|p2a: Ditto
|-resisted|p2a: Ditto
|-damage|p2a: Ditto|0 fnt
|-boost|p1a: Iron Treads|spe|1
|faint|p2a: Ditto
|-end|p2a: Ditto|Quark Drive|[silent]
|
|upkeep
|
|t:|1758265543
|switch|p2a: Ogerpon|Ogerpon-Wellspring, F|100/100
|-activate|p2a: Ogerpon|move: Sticky Web
|-unboost|p2a: Ogerpon|spe|1
|turn|11
|
|t:|1758265549
|move|p1a: Iron Treads|Iron Head|p2a: Ogerpon
|-resisted|p2a: Ogerpon
|-damage|p2a: Ogerpon|73/100
|cant|p2a: Ogerpon|flinch
|
|upkeep
|turn|12
|
|t:|1758265555
|move|p2a: Ogerpon|Spiky Shield|p2a: Ogerpon
|-singleturn|p2a: Ogerpon|move: Protect
|move|p1a: Iron Treads|Earthquake|p2a: Ogerpon
|-activate|p2a: Ogerpon|move: Protect
|
|upkeep
|turn|13
|
|t:|1758265561
|move|p1a: Iron Treads|Earthquake|p2a: Ogerpon
|-resisted|p2a: Ogerpon
|-damage|p2a: Ogerpon|38/100
|move|p2a: Ogerpon|Ivy Cudgel|p1a: Iron Treads|[anim] Ivy Cudgel Water
|-supereffective|p1a: Iron Treads
|-damage|p1a: Iron Treads|0 fnt
|faint|p1a: Iron Treads
|-end|p1a: Iron Treads|Quark Drive|[silent]
|
|upkeep
|
|t:|1758265572
|switch|p1a: Slither Wing|Slither Wing, shiny|100/100
|turn|14
|
|t:|1758265578
|move|p2a: Ogerpon|Spiky Shield|p2a: Ogerpon
|-singleturn|p2a: Ogerpon|move: Protect
|move|p1a: Slither Wing|Leech Life|p2a: Ogerpon
|-activate|p2a: Ogerpon|move: Protect
|-damage|p1a: Slither Wing|88/100|[from] Spiky Shield|[of] p2a: Ogerpon
|
|upkeep
|turn|15
|
|t:|1758265586
|switch|p2a: Tinkaton|Tinkaton, F|100/100
|-activate|p2a: Tinkaton|move: Sticky Web
|-unboost|p2a: Tinkaton|spe|1
|-ability|p2a: Tinkaton|Mold Breaker
|move|p1a: Slither Wing|Leech Life|p2a: Tinkaton
|-resisted|p2a: Tinkaton
|-damage|p2a: Tinkaton|92/100
|-heal|p1a: Slither Wing|94/100|[from] drain|[of] p2a: Tinkaton
|
|-heal|p2a: Tinkaton|98/100|[from] item: Leftovers
|upkeep
|turn|16
|
|t:|1758265596
|-end|p1a: Slither Wing|Protosynthesis|[silent]
|switch|p1a: Ribombee|Ribombee, F|100/100
|move|p2a: Tinkaton|Thunder Wave|p1a: Ribombee
|-status|p1a: Ribombee|par
|
|-heal|p2a: Tinkaton|100/100|[from] item: Leftovers
|upkeep
|turn|17
|
|t:|1758265602
|move|p1a: Ribombee|Reflect|p1a: Ribombee
|-sidestart|p1: roryta|Reflect
|move|p2a: Tinkaton|Stealth Rock|p1a: Ribombee
|-sidestart|p1: roryta|move: Stealth Rock
|
|upkeep
|turn|18
|
|t:|1758265606
|move|p1a: Ribombee|Light Screen|p1a: Ribombee
|-sidestart|p1: roryta|move: Light Screen
|move|p2a: Tinkaton|Knock Off|p1a: Ribombee
|-resisted|p1a: Ribombee
|-damage|p1a: Ribombee|92/100 par
|-enditem|p1a: Ribombee|Heavy-Duty Boots|[from] move: Knock Off|[of] p2a: Tinkaton
|
|upkeep
|turn|19
|
|t:|1758265612
|switch|p1a: Slither Wing|Slither Wing, shiny|94/100
|-damage|p1a: Slither Wing|82/100|[from] Stealth Rock
|move|p2a: Tinkaton|Knock Off|p1a: Slither Wing
|-resisted|p1a: Slither Wing
|-damage|p1a: Slither Wing|76/100
|-enditem|p1a: Slither Wing|Choice Scarf|[from] move: Knock Off|[of] p2a: Tinkaton
|
|upkeep
|turn|20
|inactive|roryta no longer wants the timer on, but the timer is staying on because ace1234560 still does.
|
|t:|1758265620
|move|p1a: Slither Wing|Flare Blitz|p2a: Tinkaton
|-supereffective|p2a: Tinkaton
|-damage|p2a: Tinkaton|29/100
|-damage|p1a: Slither Wing|47/100|[from] Recoil
|move|p2a: Tinkaton|Stealth Rock||[still]
|-fail|p2a: Tinkaton
|
|-heal|p2a: Tinkaton|36/100|[from] item: Leftovers
|upkeep
|turn|21
|
|t:|1758265627
|move|p1a: Slither Wing|Flare Blitz|p2a: Tinkaton
|-supereffective|p2a: Tinkaton
|-damage|p2a: Tinkaton|0 fnt
|faint|p2a: Tinkaton
|-damage|p1a: Slither Wing|34/100|[from] Recoil
|
|-sideend|p1: roryta|Reflect
|upkeep
|
|t:|1758265631
|switch|p2a: Rhydon|Rhydon, M|100/100
|-activate|p2a: Rhydon|move: Sticky Web
|-unboost|p2a: Rhydon|spe|1
|turn|22
|
|t:|1758265639
|move|p1a: Slither Wing|Close Combat|p2a: Rhydon
|-supereffective|p2a: Rhydon
|-damage|p2a: Rhydon|37/100
|-unboost|p1a: Slither Wing|def|1
|-unboost|p1a: Slither Wing|spd|1
|move|p2a: Rhydon|Poison Jab|p1a: Slither Wing
|-damage|p1a: Slither Wing|0 fnt
|faint|p1a: Slither Wing
|-end|p1a: Slither Wing|Protosynthesis|[silent]
|
|-sideend|p1: roryta|move: Light Screen
|upkeep
|
|t:|1758265647
|switch|p1a: Primarina|Primarina, M, shiny|100/100
|-damage|p1a: Primarina|88/100|[from] Stealth Rock
|turn|23
|
|t:|1758265650
|move|p1a: Primarina|Moonblast|p2a: Rhydon
|-damage|p2a: Rhydon|0 fnt
|faint|p2a: Rhydon
|
|upkeep
|
|t:|1758265653
|switch|p2a: Ogerpon|Ogerpon-Wellspring, F|38/100
|-activate|p2a: Ogerpon|move: Sticky Web
|-unboost|p2a: Ogerpon|spe|1
|turn|24
|
|t:|1758265659
|move|p2a: Ogerpon|Horn Leech|p1a: Primarina
|-supereffective|p1a: Primarina
|-damage|p1a: Primarina|0 fnt
|-heal|p2a: Ogerpon|85/100|[from] drain|[of] p1a: Primarina
|faint|p1a: Primarina
|
|upkeep
|
|t:|1758265662
|switch|p1a: Ribombee|Ribombee, F|92/100 par
|-damage|p1a: Ribombee|67/100 par|[from] Stealth Rock
|turn|25
|
|t:|1758265666
|move|p2a: Ogerpon|Ivy Cudgel|p1a: Ribombee|[anim] Ivy Cudgel Water
|-damage|p1a: Ribombee|0 fnt
|faint|p1a: Ribombee
|
|upkeep
|
|t:|1758265668
|switch|p1a: Kyurem|Kyurem, shiny|100/100
|-damage|p1a: Kyurem|76/100|[from] Stealth Rock
|-ability|p1a: Kyurem|Pressure
|turn|26
|
|t:|1758265674
|move|p1a: Kyurem|Freeze-Dry|p2a: Ogerpon
|-supereffective|p2a: Ogerpon
|-damage|p2a: Ogerpon|0 fnt
|faint|p2a: Ogerpon
|
|win|roryta
|raw|roryta's rating: 1165 &rarr; <strong>1192</strong><br />(+27 for winning)
|raw|ace1234560's rating: 1189 &rarr; <strong>1162</strong><br />(-27 for losing)
|l| Chronos556
|l|☆roryta
|player|p1|
