|j|☆duke fronterra
|j|☆sinister omens
|t:|1758256198
|gametype|singles
|player|p1|duke fronterra|2|1286
|player|p2|sinister omens|ingo|1316
|gen|9
|tier|[Gen 9] OU
|rated|
|rule|HP Percentage Mod: HP is shown in percentages
|rule|Endless Battle Clause: Forcing endless battles is banned
|rule|Species Clause: Limit one of each Pokémon
|rule|OHKO Clause: OHKO moves are banned
|rule|Evasion Items Clause: Evasion items are banned
|rule|Evasion Moves Clause: Evasion moves are banned
|rule|Evasion Abilities Clause: Evasion abilities are banned
|rule|Sleep Moves Clause: Sleep-inducing moves are banned
|clearpoke
|poke|p1|Pelipper, F|
|poke|p1|Hatterene, F|
|poke|p1|Iron Treads|
|poke|p1|Toxicroak, F|
|poke|p1|Barraskewda, F|
|poke|p1|Zapdos|
|poke|p2|Raging Bolt|
|poke|p2|Ninetales, F|
|poke|p2|Walking Wake|
|poke|p2|Hatterene, F|
|poke|p2|Landorus-Therian, M|
|poke|p2|Lokix, M|
|teampreview
|
|t:|1758256227
|teamsize|p1|6
|teamsize|p2|6
|start
|switch|p1a: Iron Treads|Iron Treads|100/100
|switch|p2a: Walking Wake|Walking Wake|100/100
|turn|1
|l|☆duke fronterra
|player|p1|
|j|☆duke fronterra
|player|p1|duke fronterra|2|
|
|t:|1758256261
|-end|p1a: Iron Treads|Quark Drive|[silent]
|switch|p1a: Toxicroak|Toxicroak, F|100/100
|move|p2a: Walking Wake|Flip Turn|p1a: Toxicroak
|-immune|p1a: Toxicroak|[from] ability: Dry Skin
|
|upkeep
|turn|2
|
|t:|1758256269
|-end|p2a: Walking Wake|Protosynthesis|[silent]
|switch|p2a: Landorus|Landorus-Therian, M|100/100
|-ability|p2a: Landorus|Intimidate|boost
|-unboost|p1a: Toxicroak|atk|1
|move|p1a: Toxicroak|Toxic|p2a: Landorus
|-status|p2a: Landorus|tox
|
|-damage|p2a: Landorus|94/100 tox|[from] psn
|upkeep
|turn|3
|
|t:|1758256285
|switch|p1a: Hatterene|Hatterene, F|100/100
|move|p2a: Landorus|U-turn|p1a: Hatterene
|-damage|p1a: Hatterene|79/100
|-enditem|p1a: Hatterene|Eject Button
|
|t:|1758256294
|switch|p1a: Barraskewda|Barraskewda, F|100/100
|
|-damage|p2a: Landorus|82/100 tox|[from] psn
|upkeep
|turn|4
|
|t:|1758256308
|switch|p2a: Raging Bolt|Raging Bolt|100/100
|move|p1a: Barraskewda|Flip Turn|p2a: Raging Bolt
|-resisted|p2a: Raging Bolt
|-damage|p2a: Raging Bolt|76/100
|
|t:|1758256311
|switch|p1a: Iron Treads|Iron Treads|100/100|[from] Flip Turn
|
|upkeep
|turn|5
|
|t:|1758256321
|-end|p2a: Raging Bolt|Protosynthesis|[silent]
|switch|p2a: Landorus|Landorus-Therian, M|82/100 tox
|-ability|p2a: Landorus|Intimidate|boost
|-unboost|p1a: Iron Treads|atk|1
|move|p1a: Iron Treads|Stealth Rock|p2a: Landorus
|-sidestart|p2: sinister omens|move: Stealth Rock
|
|-damage|p2a: Landorus|76/100 tox|[from] psn
|upkeep
|turn|6
|
|t:|1758256332
|-end|p1a: Iron Treads|Quark Drive|[silent]
|switch|p1a: Hatterene|Hatterene, F|79/100
|move|p2a: Landorus|Earthquake|p1a: Hatterene
|-damage|p1a: Hatterene|39/100
|
|-damage|p2a: Landorus|64/100 tox|[from] psn
|upkeep
|turn|7
|
|t:|1758256341
|move|p2a: Landorus|Earthquake|p1a: Hatterene
|-damage|p1a: Hatterene|0 fnt
|faint|p1a: Hatterene
|
|-damage|p2a: Landorus|46/100 tox|[from] psn
|upkeep
|
|t:|1758256343
|switch|p1a: Barraskewda|Barraskewda, F|100/100
|turn|8
|
|t:|1758256353
|switch|p2a: Walking Wake|Walking Wake|100/100
|-damage|p2a: Walking Wake|88/100|[from] Stealth Rock
|move|p1a: Barraskewda|Flip Turn|p2a: Walking Wake
|-resisted|p2a: Walking Wake
|-damage|p2a: Walking Wake|75/100
|
|t:|1758256367
|switch|p1a: Pelipper|Pelipper, F|100/100|[from] Flip Turn
|-weather|RainDance|[from] ability: Drizzle|[of] p1a: Pelipper
|
|-weather|RainDance|[upkeep]
|upkeep
|turn|9
|
|t:|1758256380
|move|p2a: Walking Wake|Draco Meteor|p1a: Pelipper
|-damage|p1a: Pelipper|10/100
|-unboost|p2a: Walking Wake|spa|2
|move|p1a: Pelipper|Knock Off|p2a: Walking Wake
|-damage|p2a: Walking Wake|61/100
|-enditem|p2a: Walking Wake|Choice Specs|[from] move: Knock Off|[of] p1a: Pelipper
|
|-weather|RainDance|[upkeep]
|upkeep
|turn|10
|
|t:|1758256405
|-end|p2a: Walking Wake|Protosynthesis|[silent]
|switch|p2a: Ninetales|Ninetales, F, shiny|100/100
|-damage|p2a: Ninetales|76/100|[from] Stealth Rock
|-weather|SunnyDay|[from] ability: Drought|[of] p2a: Ninetales
|switch|p1a: Toxicroak|Toxicroak, F|100/100
|
|-weather|SunnyDay|[upkeep]
|-damage|p1a: Toxicroak|88/100|[from] ability: Dry Skin|[of] p1a: Toxicroak
|upkeep
|turn|11
|
|t:|1758256426
|switch|p2a: Landorus|Landorus-Therian, M|46/100 tox
|-damage|p2a: Landorus|34/100 tox|[from] Stealth Rock
|-ability|p2a: Landorus|Intimidate|boost
|-unboost|p1a: Toxicroak|atk|1
|switch|p1a: Pelipper|Pelipper, F|10/100
|-weather|RainDance|[from] ability: Drizzle|[of] p1a: Pelipper
|
|-weather|RainDance|[upkeep]
|-damage|p2a: Landorus|28/100 tox|[from] psn
|upkeep
|turn|12
|
|t:|1758256438
|switch|p1a: Toxicroak|Toxicroak, F|88/100
|move|p2a: Landorus|U-turn|p1a: Toxicroak
|-resisted|p1a: Toxicroak
|-damage|p1a: Toxicroak|83/100
|-damage|p2a: Landorus|11/100 tox|[from] item: Rocky Helmet|[of] p1a: Toxicroak
|
|t:|1758256447
|switch|p2a: Ninetales|Ninetales, F, shiny|76/100|[from] U-turn
|-damage|p2a: Ninetales|51/100|[from] Stealth Rock
|-weather|SunnyDay|[from] ability: Drought|[of] p2a: Ninetales
|
|-weather|SunnyDay|[upkeep]
|-damage|p1a: Toxicroak|71/100|[from] ability: Dry Skin|[of] p1a: Toxicroak
|upkeep
|turn|13
|
|t:|1758256458
|switch|p1a: Barraskewda|Barraskewda, F|100/100
|move|p2a: Ninetales|Weather Ball|p1a: Barraskewda
|-resisted|p1a: Barraskewda
|-damage|p1a: Barraskewda|49/100
|
|-weather|SunnyDay|[upkeep]
|upkeep
|turn|14
|
|t:|1758256469
|switch|p2a: Landorus|Landorus-Therian, M|11/100 tox
|-damage|p2a: Landorus|0 fnt|[from] Stealth Rock
|faint|p2a: Landorus
|move|p1a: Barraskewda|Flip Turn|p2: Landorus|[notarget]
|-fail|p1a: Barraskewda
|
|-weather|SunnyDay|[upkeep]
|upkeep
|
|t:|1758256479
|switch|p2a: Walking Wake|Walking Wake|61/100
|-damage|p2a: Walking Wake|49/100|[from] Stealth Rock
|-activate|p2a: Walking Wake|ability: Protosynthesis
|-start|p2a: Walking Wake|protosynthesisspa
|turn|15
|
|t:|1758256485
|move|p1a: Barraskewda|Flip Turn|p2a: Walking Wake
|-resisted|p2a: Walking Wake
|-damage|p2a: Walking Wake|42/100
|
|t:|1758256491
|switch|p1a: Iron Treads|Iron Treads|100/100|[from] Flip Turn
|move|p2a: Walking Wake|Draco Meteor|p1a: Iron Treads
|-resisted|p1a: Iron Treads
|-damage|p1a: Iron Treads|68/100
|-unboost|p2a: Walking Wake|spa|2
|
|-weather|SunnyDay|[upkeep]
|-heal|p1a: Iron Treads|74/100|[from] item: Leftovers
|upkeep
|turn|16
|
|t:|1758256502
|move|p2a: Walking Wake|Hydro Steam|p1a: Iron Treads
|-supereffective|p1a: Iron Treads
|-damage|p1a: Iron Treads|13/100
|move|p1a: Iron Treads|Volt Switch|p2a: Walking Wake
|-damage|p2a: Walking Wake|29/100
|
|t:|1758256509
|-end|p1a: Iron Treads|Quark Drive|[silent]
|switch|p1a: Barraskewda|Barraskewda, F|49/100|[from] Volt Switch
|
|-weather|SunnyDay|[upkeep]
|upkeep
|turn|17
|
|t:|1758256520
|move|p1a: Barraskewda|Flip Turn|p2a: Walking Wake
|-resisted|p2a: Walking Wake
|-damage|p2a: Walking Wake|22/100
|
|t:|1758256529
|switch|p1a: Iron Treads|Iron Treads|13/100|[from] Flip Turn
|move|p2a: Walking Wake|Draco Meteor|p1a: Iron Treads
|-resisted|p1a: Iron Treads
|-damage|p1a: Iron Treads|0 fnt
|-unboost|p2a: Walking Wake|spa|2
|faint|p1a: Iron Treads
|-end|p1a: Iron Treads|Quark Drive|[silent]
|
|-weather|SunnyDay|[upkeep]
|upkeep
|
|t:|1758256533
|switch|p1a: Toxicroak|Toxicroak, F|71/100
|turn|18
|
|t:|1758256560
|move|p2a: Walking Wake|Draco Meteor|p1a: Toxicroak
|-damage|p1a: Toxicroak|35/100
|-unboost|p2a: Walking Wake|spa|2
|move|p1a: Toxicroak|Drain Punch|p2a: Walking Wake
|-damage|p2a: Walking Wake|0 fnt
|-heal|p1a: Toxicroak|45/100|[from] drain|[of] p2a: Walking Wake
|faint|p2a: Walking Wake
|-end|p2a: Walking Wake|Protosynthesis|[silent]
|
|-weather|SunnyDay|[upkeep]
|-damage|p1a: Toxicroak|32/100|[from] ability: Dry Skin|[of] p1a: Toxicroak
|upkeep
|
|t:|1758256583
|switch|p2a: Raging Bolt|Raging Bolt|76/100
|-damage|p2a: Raging Bolt|64/100|[from] Stealth Rock
|-activate|p2a: Raging Bolt|ability: Protosynthesis
|-start|p2a: Raging Bolt|protosynthesisspa
|turn|19
|
|t:|1758256600
|move|p2a: Raging Bolt|Volt Switch|p1a: Toxicroak
|-damage|p1a: Toxicroak|0 fnt
|faint|p1a: Toxicroak
|
|t:|1758256608
|-end|p2a: Raging Bolt|Protosynthesis|[silent]
|switch|p2a: Hatterene|Hatterene, F|100/100|[from] Volt Switch
|-damage|p2a: Hatterene|88/100|[from] Stealth Rock
|
|-weather|none
|-heal|p2a: Hatterene|94/100|[from] item: Leftovers
|upkeep
|
|t:|1758256614
|switch|p1a: Pelipper|Pelipper, F|10/100
|-weather|RainDance|[from] ability: Drizzle|[of] p1a: Pelipper
|turn|20
|
|t:|1758256623
|move|p1a: Pelipper|Roost|p1a: Pelipper
|-heal|p1a: Pelipper|61/100
|-singleturn|p1a: Pelipper|move: Roost
|move|p2a: Hatterene|Draining Kiss|p1a: Pelipper
|-damage|p1a: Pelipper|40/100
|-heal|p2a: Hatterene|100/100|[from] drain|[of] p1a: Pelipper
|
|-weather|RainDance|[upkeep]
|upkeep
|turn|21
|
|t:|1758256633
|move|p1a: Pelipper|Roost|p1a: Pelipper
|-heal|p1a: Pelipper|90/100
|-singleturn|p1a: Pelipper|move: Roost
|move|p2a: Hatterene|Calm Mind|p2a: Hatterene
|-boost|p2a: Hatterene|spa|1
|-boost|p2a: Hatterene|spd|1
|
|-weather|RainDance|[upkeep]
|upkeep
|turn|22
|
|t:|1758256643
|move|p1a: Pelipper|U-turn|p2a: Hatterene
|-damage|p2a: Hatterene|91/100
|
|t:|1758256647
|switch|p1a: Barraskewda|Barraskewda, F|49/100|[from] U-turn
|move|p2a: Hatterene|Draining Kiss|p1a: Barraskewda
|-damage|p1a: Barraskewda|0 fnt
|-heal|p2a: Hatterene|100/100|[from] drain|[of] p1a: Barraskewda
|faint|p1a: Barraskewda
|
|-weather|RainDance|[upkeep]
|upkeep
|-message|duke fronterra forfeited.
|
|win|sinister omens
|raw|duke fronterra's rating: 1286 &rarr; <strong>1263</strong><br />(-23 for losing)
|raw|sinister omens's rating: 1316 &rarr; <strong>1334</strong><br />(+18 for winning)
|l|☆duke fronterra
|player|p1|
