|j|☆Argentide
|j|☆naxduck
|t:|1758290193
|gametype|singles
|player|p1|Argentide|winona|1473
|player|p2|naxduck|dawn-gen4pt|1527
|gen|9
|tier|[Gen 9] OU
|rated|
|rule|HP Percentage Mod: HP is shown in percentages
|rule|Endless Battle Clause: Forcing endless battles is banned
|rule|Species Clause: Limit one of each Pokémon
|rule|OHKO Clause: OHKO moves are banned
|rule|Evasion Items Clause: Evasion items are banned
|rule|Evasion Moves Clause: Evasion moves are banned
|rule|Evasion Abilities Clause: Evasion abilities are banned
|rule|Sleep Moves Clause: Sleep-inducing moves are banned
|clearpoke
|poke|p1|Gliscor, F|
|poke|p1|Blissey, F|
|poke|p1|Mandibuzz, F|
|poke|p1|Dragapult, F|
|poke|p1|Ditto|
|poke|p1|Salazzle, F|
|poke|p2|Iron Crown|
|poke|p2|Rillaboom, F|
|poke|p2|Raging Bolt|
|poke|p2|Zamazenta-*|
|poke|p2|Weezing-Galar, F|
|poke|p2|Gliscor, F|
|teampreview
|inactive|Battle timer is ON: inactive players will automatically lose when time's up. (requested by naxduck)
|
|t:|1758290205
|teamsize|p1|6
|teamsize|p2|6
|start
|switch|p1a: Dragapult|Dragapult, F|100/100
|switch|p2a: Iron Crown|Iron Crown|100/100
|turn|1
|
|t:|1758290212
|-end|p2a: Iron Crown|Quark Drive|[silent]
|switch|p2a: Gliscor|Gliscor, F|100/100
|move|p1a: Dragapult|Shadow Ball|p2a: Gliscor
|-damage|p2a: Gliscor|52/100
|
|-status|p2a: Gliscor|tox|[from] item: Toxic Orb
|upkeep
|turn|2
|
|t:|1758290217
|-terastallize|p1a: Dragapult|Ghost
|move|p1a: Dragapult|Shadow Ball|p2a: Gliscor
|-damage|p2a: Gliscor|0 fnt
|faint|p2a: Gliscor
|
|upkeep
|
|t:|1758290222
|switch|p2a: Raging Bolt|Raging Bolt|100/100
|turn|3
|
|t:|1758290227
|move|p1a: Dragapult|Shadow Ball|p2a: Raging Bolt
|-damage|p2a: Raging Bolt|34/100
|move|p2a: Raging Bolt|Volt Switch|p1a: Dragapult
|-damage|p1a: Dragapult|39/100
|
|t:|1758290230
|-end|p2a: Raging Bolt|Protosynthesis|[silent]
|switch|p2a: Rillaboom|Rillaboom, F|100/100|[from] Volt Switch
|-fieldstart|move: Grassy Terrain|[from] ability: Grassy Surge|[of] p2a: Rillaboom
|
|-heal|p1a: Dragapult|45/100|[from] Grassy Terrain
|upkeep
|turn|4
|
|t:|1758290238
|switch|p1a: Salazzle|Salazzle, F|100/100
|move|p2a: Rillaboom|Grassy Glide|p1a: Salazzle
|-resisted|p1a: Salazzle
|-damage|p1a: Salazzle|86/100
|
|-heal|p1a: Salazzle|93/100|[from] Grassy Terrain
|-heal|p1a: Salazzle|99/100|[from] item: Leftovers
|upkeep
|turn|5
|
|t:|1758290248
|switch|p2a: Weezing|Weezing-Galar, F|100/100
|-ability|p2a: Weezing|Neutralizing Gas
|move|p1a: Salazzle|Toxic|p2a: Weezing
|-immune|p2a: Weezing
|
|-heal|p1a: Salazzle|100/100|[from] Grassy Terrain
|upkeep
|turn|6
|
|t:|1758290252
|move|p1a: Salazzle|Substitute|p1a: Salazzle
|-start|p1a: Salazzle|Substitute
|-damage|p1a: Salazzle|76/100
|move|p2a: Weezing|Sludge Bomb|p1a: Salazzle
|-resisted|p1a: Salazzle
|-activate|p1a: Salazzle|move: Substitute|[damage]
|
|-heal|p1a: Salazzle|82/100|[from] Grassy Terrain
|-heal|p1a: Salazzle|88/100|[from] item: Leftovers
|upkeep
|turn|7
|
|t:|1758290262
|move|p1a: Salazzle|Flamethrower|p2a: Weezing
|-damage|p2a: Weezing|50/100
|move|p2a: Weezing|Sludge Bomb|p1a: Salazzle
|-resisted|p1a: Salazzle
|-end|p1a: Salazzle|Substitute
|
|-heal|p1a: Salazzle|94/100|[from] Grassy Terrain
|-heal|p1a: Salazzle|100/100|[from] item: Leftovers
|-heal|p2a: Weezing|56/100|[from] Grassy Terrain
|-fieldend|move: Grassy Terrain
|upkeep
|turn|8
|
|t:|1758290268
|-end|p2a: Weezing|ability: Neutralizing Gas
|switch|p2a: Zamazenta|Zamazenta|100/100
|-ability|p2a: Zamazenta|Dauntless Shield|boost
|-boost|p2a: Zamazenta|def|1
|move|p1a: Salazzle|Substitute|p1a: Salazzle
|-start|p1a: Salazzle|Substitute
|-damage|p1a: Salazzle|76/100
|
|-heal|p1a: Salazzle|82/100|[from] item: Leftovers
|upkeep
|turn|9
|
|t:|1758290271
|move|p2a: Zamazenta|Crunch|p1a: Salazzle
|-end|p1a: Salazzle|Substitute
|-damage|p2a: Zamazenta|91/100|[from] item: Life Orb
|move|p1a: Salazzle|Toxic|p2a: Zamazenta
|-status|p2a: Zamazenta|tox
|
|-heal|p1a: Salazzle|88/100|[from] item: Leftovers
|-damage|p2a: Zamazenta|84/100 tox|[from] psn
|upkeep
|turn|10
|
|t:|1758290275
|move|p1a: Salazzle|Protect|p1a: Salazzle
|-singleturn|p1a: Salazzle|Protect
|move|p2a: Zamazenta|Crunch|p1a: Salazzle
|-activate|p1a: Salazzle|move: Protect
|
|-heal|p1a: Salazzle|94/100|[from] item: Leftovers
|-damage|p2a: Zamazenta|72/100 tox|[from] psn
|upkeep
|turn|11
|
|t:|1758290280
|switch|p1a: Mandibuzz|Mandibuzz, F|100/100
|move|p2a: Zamazenta|Crunch|p1a: Mandibuzz
|-resisted|p1a: Mandibuzz
|-damage|p1a: Mandibuzz|90/100
|-unboost|p1a: Mandibuzz|def|1
|-damage|p2a: Zamazenta|62/100 tox|[from] item: Life Orb
|
|-damage|p2a: Zamazenta|44/100 tox|[from] psn
|upkeep
|turn|12
|
|t:|1758290293
|switch|p1a: Salazzle|Salazzle, F|94/100
|-terastallize|p2a: Zamazenta|Stellar
|move|p2a: Zamazenta|Stone Edge|p1a: Salazzle
|-supereffective|p1a: Salazzle
|-damage|p1a: Salazzle|0 fnt
|faint|p1a: Salazzle
|-damage|p2a: Zamazenta|34/100 tox|[from] item: Life Orb
|
|-damage|p2a: Zamazenta|9/100 tox|[from] psn
|upkeep
|
|t:|1758290304
|switch|p1a: Dragapult|Dragapult, F, tera:Ghost|45/100
|turn|13
|
|t:|1758290307
|move|p1a: Dragapult|U-turn|p2a: Zamazenta
|-resisted|p2a: Zamazenta
|-damage|p2a: Zamazenta|4/100 tox
|
|t:|1758290314
|switch|p1a: Mandibuzz|Mandibuzz, F|90/100|[from] U-turn
|move|p2a: Zamazenta|Crunch|p1a: Mandibuzz
|-resisted|p1a: Mandibuzz
|-damage|p1a: Mandibuzz|79/100
|-damage|p2a: Zamazenta|0 fnt|[from] item: Life Orb
|faint|p2a: Zamazenta
|
|upkeep
|
|t:|1758290322
|switch|p2a: Raging Bolt|Raging Bolt|34/100
|turn|14
|
|t:|1758290334
|switch|p1a: Blissey|Blissey, F|100/100
|move|p2a: Raging Bolt|Draco Meteor|p1a: Blissey
|-damage|p1a: Blissey|72/100
|-unboost|p2a: Raging Bolt|spa|2
|
|-heal|p1a: Blissey|78/100|[from] item: Leftovers
|upkeep
|turn|15
|
|t:|1758290338
|-end|p2a: Raging Bolt|Protosynthesis|[silent]
|switch|p2a: Rillaboom|Rillaboom, F|100/100
|-fieldstart|move: Grassy Terrain|[from] ability: Grassy Surge|[of] p2a: Rillaboom
|move|p1a: Blissey|Seismic Toss|p2a: Rillaboom
|-damage|p2a: Rillaboom|71/100
|
|-heal|p2a: Rillaboom|77/100|[from] Grassy Terrain
|-heal|p1a: Blissey|84/100|[from] Grassy Terrain
|-heal|p1a: Blissey|90/100|[from] item: Leftovers
|upkeep
|turn|16
|
|t:|1758290343
|move|p1a: Blissey|Protect|p1a: Blissey
|-singleturn|p1a: Blissey|Protect
|move|p2a: Rillaboom|Swords Dance|p2a: Rillaboom
|-boost|p2a: Rillaboom|atk|2
|
|-heal|p2a: Rillaboom|83/100|[from] Grassy Terrain
|-heal|p1a: Blissey|96/100|[from] Grassy Terrain
|-heal|p1a: Blissey|100/100|[from] item: Leftovers
|upkeep
|turn|17
|
|t:|1758290360
|switch|p1a: Mandibuzz|Mandibuzz, F|79/100
|move|p2a: Rillaboom|Wood Hammer|p1a: Mandibuzz
|-resisted|p1a: Mandibuzz
|-damage|p1a: Mandibuzz|27/100
|-damage|p2a: Rillaboom|62/100|[from] Recoil
|
|-heal|p2a: Rillaboom|68/100|[from] Grassy Terrain
|upkeep
|turn|18
|
|t:|1758290366
|move|p2a: Rillaboom|Wood Hammer|p1a: Mandibuzz
|-resisted|p1a: Mandibuzz
|-damage|p1a: Mandibuzz|0 fnt
|faint|p1a: Mandibuzz
|-damage|p2a: Rillaboom|57/100|[from] Recoil
|
|-heal|p2a: Rillaboom|64/100|[from] Grassy Terrain
|upkeep
|
|t:|1758290371
|switch|p1a: Ditto|Ditto|100/100
|-transform|p1a: Ditto|p2a: Rillaboom|[from] ability: Imposter
|turn|19
|
|t:|1758290376
|switch|p2a: Weezing|Weezing-Galar, F|56/100
|-ability|p2a: Weezing|Neutralizing Gas
|move|p1a: Ditto|Wood Hammer|p2a: Weezing
|-resisted|p2a: Weezing
|-damage|p2a: Weezing|4/100
|-damage|p1a: Ditto|81/100|[from] Recoil
|
|-heal|p1a: Ditto|87/100|[from] Grassy Terrain
|-heal|p2a: Weezing|10/100|[from] Grassy Terrain
|-fieldend|move: Grassy Terrain
|upkeep
|turn|20
|
|t:|1758290386
|move|p1a: Ditto|Wood Hammer|p2a: Weezing
|-resisted|p2a: Weezing
|-damage|p2a: Weezing|0 fnt
|faint|p2a: Weezing
|-end|p2a: Weezing|ability: Neutralizing Gas
|-fieldstart|move: Grassy Terrain|[from] ability: Grassy Surge|[of] p1a: Ditto
|-damage|p1a: Ditto|84/100|[from] Recoil
|
|-heal|p1a: Ditto|90/100|[from] Grassy Terrain
|upkeep
|
|t:|1758290394
|switch|p2a: Iron Crown|Iron Crown|100/100
|turn|21
|
|t:|1758290406
|move|p1a: Ditto|Wood Hammer|p2a: Iron Crown
|-resisted|p2a: Iron Crown
|-damage|p2a: Iron Crown|16/100
|-damage|p1a: Ditto|60/100|[from] Recoil
|move|p2a: Iron Crown|Tachyon Cutter|p1a: Ditto
|-damage|p1a: Ditto|20/100
|-damage|p1a: Ditto|0 fnt
|faint|p1a: Ditto
|-hitcount|p1: Ditto|2
|
|-heal|p2a: Iron Crown|22/100|[from] Grassy Terrain
|upkeep
|
|t:|1758290420
|switch|p1a: Dragapult|Dragapult, F, tera:Ghost|45/100
|turn|22
|
|t:|1758290427
|move|p1a: Dragapult|Shadow Ball|p2a: Iron Crown
|-supereffective|p2a: Iron Crown
|-damage|p2a: Iron Crown|0 fnt
|faint|p2a: Iron Crown
|-end|p2a: Iron Crown|Quark Drive|[silent]
|
|-heal|p1a: Dragapult|51/100|[from] Grassy Terrain
|upkeep
|
|t:|1758290430
|switch|p2a: Rillaboom|Rillaboom, F|64/100
|turn|23
|
|t:|1758290433
|move|p2a: Rillaboom|Grassy Glide|p1a: Dragapult
|-damage|p1a: Dragapult|0 fnt
|faint|p1a: Dragapult
|
|-heal|p2a: Rillaboom|70/100|[from] Grassy Terrain
|upkeep
|
|t:|1758290437
|switch|p1a: Gliscor|Gliscor, F|100/100
|turn|24
|
|t:|1758290441
|move|p2a: Rillaboom|Swords Dance|p2a: Rillaboom
|-boost|p2a: Rillaboom|atk|2
|move|p1a: Gliscor|Ice Fang|p2a: Rillaboom|[miss]
|-miss|p1a: Gliscor|p2a: Rillaboom
|
|-heal|p2a: Rillaboom|76/100|[from] Grassy Terrain
|-fieldend|move: Grassy Terrain
|-status|p1a: Gliscor|tox|[from] item: Toxic Orb
|upkeep
|turn|25
|
|t:|1758290446
|move|p2a: Rillaboom|Wood Hammer|p1a: Gliscor
|-damage|p1a: Gliscor|0 fnt
|faint|p1a: Gliscor
|-damage|p2a: Rillaboom|42/100|[from] Recoil
|
|upkeep
|
|t:|1758290450
|switch|p1a: Blissey|Blissey, F|100/100
|turn|26
|
|t:|1758290452
|move|p2a: Rillaboom|Wood Hammer|p1a: Blissey
|-damage|p1a: Blissey|0 fnt
|faint|p1a: Blissey
|-damage|p2a: Rillaboom|0 fnt|[from] Recoil
|faint|p2a: Rillaboom
|
|win|naxduck
|raw|Argentide's rating: 1473 &rarr; <strong>1456</strong><br />(-17 for losing)
|raw|naxduck's rating: 1527 &rarr; <strong>1544</strong><br />(+17 for winning)
|l|☆Argentide
|player|p1|
|l|☆naxduck
|player|p2|
|j|☆naxduck
|player|p2|naxduck|dawn-gen4pt|
|l|☆naxduck
|player|p2|
