|j|☆lerendezvous
|j|☆Celestial_dubkun
|t:|1758357372
|gametype|singles
|player|p1|lerendezvous|101|1704
|player|p2|Celestial_dubkun|hiker-gen4|1682
|gen|9
|tier|[Gen 9] OU
|rated|
|rule|HP Percentage Mod: HP is shown in percentages
|rule|Endless Battle Clause: Forcing endless battles is banned
|rule|Species Clause: Limit one of each Pokémon
|rule|OHKO Clause: OHKO moves are banned
|rule|Evasion Items Clause: Evasion items are banned
|rule|Evasion Moves Clause: Evasion moves are banned
|rule|Evasion Abilities Clause: Evasion abilities are banned
|rule|Sleep Moves Clause: Sleep-inducing moves are banned
|clearpoke
|poke|p1|Ogerpon-Wellspring, F|
|poke|p1|Slowking-Galar, F|
|poke|p1|Great Tusk|
|poke|p1|Moltres|
|poke|p1|Dragapult, F|
|poke|p1|Kingambit, F|
|poke|p2|Toxapex, F|
|poke|p2|Goodra-Hisui, F|
|poke|p2|Corviknight, M|
|poke|p2|Great Tusk|
|poke|p2|Enamorus, F|
|poke|p2|Darkrai|
|teampreview
|inactive|Battle timer is ON: inactive players will automatically lose when time's up. (requested by lerendezvous)
|
|t:|1758357383
|teamsize|p1|6
|teamsize|p2|6
|start
|switch|p1a: Slowking|Slowking-Galar, F|100/100
|switch|p2a: Darkrai|Darkrai|100/100
|turn|1
|j| wgw2333
|
|t:|1758357388
|move|p2a: Darkrai|Dark Pulse|p1a: Slowking
|-supereffective|p1a: Slowking
|-damage|p1a: Slowking|56/100
|move|p1a: Slowking|Sludge Bomb|p2a: Darkrai
|-damage|p2a: Darkrai|46/100
|-status|p2a: Darkrai|psn
|
|-damage|p2a: Darkrai|34/100 psn|[from] psn
|upkeep
|turn|2
|j| heatraniac
|
|t:|1758357396
|switch|p2a: Goodra|Goodra-Hisui, F|100/100
|switch|p1a: Kingambit|Kingambit, F|100/100
|
|upkeep
|turn|3
|
|t:|1758357403
|switch|p2a: Great Tusk|Great Tusk|100/100
|move|p1a: Kingambit|Low Kick|p2a: Great Tusk
|-damage|p2a: Great Tusk|71/100
|
|upkeep
|turn|4
|
|t:|1758357409
|-end|p2a: Great Tusk|Protosynthesis|[silent]
|switch|p2a: Enamorus|Enamorus, F|100/100
|-end|p1a: Kingambit|fallenundefined|[silent]
|switch|p1a: Moltres|Moltres|100/100
|
|upkeep
|turn|5
|
|t:|1758357415
|-terastallize|p2a: Enamorus|Fairy
|move|p2a: Enamorus|Moonblast|p1a: Moltres
|-resisted|p1a: Moltres
|-damage|p1a: Moltres|50/100
|move|p1a: Moltres|Flamethrower|p2a: Enamorus
|-damage|p2a: Enamorus|45/100
|
|upkeep
|turn|6
|
|t:|1758357423
|switch|p1a: Slowking|Slowking-Galar, F|89/100
|move|p2a: Enamorus|Moonblast|p1a: Slowking
|-resisted|p1a: Slowking
|-damage|p1a: Slowking|63/100
|
|upkeep
|turn|7
|
|t:|1758357429
|switch|p2a: Goodra|Goodra-Hisui, F|100/100
|move|p1a: Slowking|Psyshock|p2a: Goodra
|-resisted|p2a: Goodra
|-damage|p2a: Goodra|85/100
|
|upkeep
|turn|8
|
|t:|1758357438
|switch|p1a: Kingambit|Kingambit, F|100/100
|move|p2a: Goodra|Knock Off|p1a: Kingambit
|-resisted|p1a: Kingambit
|-damage|p1a: Kingambit|89/100
|-enditem|p1a: Kingambit|Leftovers|[from] move: Knock Off|[of] p2a: Goodra
|
|upkeep
|turn|9
|
|t:|1758357446
|switch|p2a: Corviknight|Corviknight, M|100/100
|-ability|p2a: Corviknight|Pressure
|move|p1a: Kingambit|Swords Dance|p1a: Kingambit
|-boost|p1a: Kingambit|atk|2
|
|upkeep
|turn|10
|l| heatraniac
|
|t:|1758357451
|move|p1a: Kingambit|Sucker Punch|p2a: Corviknight
|-damage|p2a: Corviknight|51/100
|-damage|p1a: Kingambit|73/100|[from] item: Rocky Helmet|[of] p2a: Corviknight
|move|p2a: Corviknight|U-turn|p1a: Kingambit
|-damage|p1a: Kingambit|62/100
|
|t:|1758357461
|switch|p2a: Great Tusk|Great Tusk|71/100|[from] U-turn
|
|upkeep
|turn|11
|
|t:|1758357468
|-end|p1a: Kingambit|fallenundefined|[silent]
|switch|p1a: Moltres|Moltres|50/100
|move|p2a: Great Tusk|Headlong Rush|p1a: Moltres
|-immune|p1a: Moltres
|
|upkeep
|turn|12
|
|t:|1758357473
|-end|p2a: Great Tusk|Protosynthesis|[silent]
|switch|p2a: Goodra|Goodra-Hisui, F|85/100
|move|p1a: Moltres|Roost|p1a: Moltres
|-heal|p1a: Moltres|99/100
|-singleturn|p1a: Moltres|move: Roost
|
|upkeep
|turn|13
|
|t:|1758357477
|move|p1a: Moltres|Flamethrower|p2a: Goodra
|-damage|p2a: Goodra|67/100
|move|p2a: Goodra|Knock Off|p1a: Moltres
|-damage|p1a: Moltres|79/100
|-enditem|p1a: Moltres|Heavy-Duty Boots|[from] move: Knock Off|[of] p2a: Goodra
|
|upkeep
|turn|14
|
|t:|1758357483
|move|p1a: Moltres|Flamethrower|p2a: Goodra
|-damage|p2a: Goodra|51/100
|move|p2a: Goodra|Dragon Tail|p1a: Moltres
|-damage|p1a: Moltres|60/100
|drag|p1a: Ogerpon|Ogerpon-Wellspring, F|100/100
|
|upkeep
|turn|15
|
|t:|1758357488
|switch|p2a: Toxapex|Toxapex, F|100/100
|move|p1a: Ogerpon|Knock Off|p2a: Toxapex
|-damage|p2a: Toxapex|77/100
|-enditem|p2a: Toxapex|Leftovers|[from] move: Knock Off|[of] p1a: Ogerpon
|
|upkeep
|turn|16
|
|t:|1758357496
|switch|p1a: Slowking|Slowking-Galar, F|96/100
|switch|p2a: Great Tusk|Great Tusk|71/100
|
|upkeep
|turn|17
|
|t:|1758357501
|-end|p2a: Great Tusk|Protosynthesis|[silent]
|switch|p2a: Enamorus|Enamorus, F, tera:Fairy|45/100
|switch|p1a: Moltres|Moltres|60/100
|
|upkeep
|turn|18
|
|t:|1758357506
|move|p2a: Enamorus|Moonblast|p1a: Moltres
|-resisted|p1a: Moltres
|-damage|p1a: Moltres|7/100
|move|p1a: Moltres|Flamethrower|p2a: Enamorus
|-damage|p2a: Enamorus|0 fnt
|faint|p2a: Enamorus
|
|upkeep
|-message|Celestial_dubkun forfeited.
|
|win|lerendezvous
|raw|lerendezvous's rating: 1704 &rarr; <strong>1723</strong><br />(+19 for winning)
|raw|Celestial_dubkun's rating: 1682 &rarr; <strong>1663</strong><br />(-19 for losing)
|l|☆lerendezvous
|player|p1|
|l|☆Celestial_dubkun
|player|p2|
