|j|☆TheTired
|j|☆dovahcake
|t:|1758304308
|gametype|singles
|player|p1|TheTired|colress|1523
|player|p2|dovahcake|steven|1528
|gen|9
|tier|[Gen 9] OU
|rated|
|rule|HP Percentage Mod: HP is shown in percentages
|rule|Endless Battle Clause: Forcing endless battles is banned
|rule|Species Clause: Limit one of each Pokémon
|rule|OHKO Clause: OHKO moves are banned
|rule|Evasion Items Clause: Evasion items are banned
|rule|Evasion Moves Clause: Evasion moves are banned
|rule|Evasion Abilities Clause: Evasion abilities are banned
|rule|Sleep Moves Clause: Sleep-inducing moves are banned
|clearpoke
|poke|p1|Indeedee, M|
|poke|p1|Hatterene, F|
|poke|p1|Ursaluna, F|
|poke|p1|Iron Hands|
|poke|p1|Hoopa-Unbound|
|poke|p1|Mimikyu, F|
|poke|p2|Lokix, M|
|poke|p2|Cinderace, M|
|poke|p2|Great Tusk|
|poke|p2|Alomomola, F|
|poke|p2|Enamorus, F|
|poke|p2|Slowking-Galar, F|
|teampreview
|inactive|Battle timer is ON: inactive players will automatically lose when time's up. (requested by dovahcake)
|
|t:|1758304339
|teamsize|p1|6
|teamsize|p2|6
|start
|switch|p1a: Iron Hands|Iron Hands|100/100
|switch|p2a: Slowking|Slowking-Galar, F|100/100
|-enditem|p1a: Iron Hands|Booster Energy
|-activate|p1a: Iron Hands|ability: Quark Drive|[fromitem]
|-start|p1a: Iron Hands|quarkdriveatk
|turn|1
|
|t:|1758304344
|move|p1a: Iron Hands|Heavy Slam|p2a: Slowking
|-damage|p2a: Slowking|62/100
|move|p2a: Slowking|Future Sight|p1a: Iron Hands
|-start|p2a: Slowking|move: Future Sight
|
|upkeep
|turn|2
|inactive|TheTired has 120 seconds left.
|
|t:|1758304390
|move|p1a: Iron Hands|Supercell Slam|p2a: Slowking
|-damage|p2a: Slowking|3/100
|-prepare|p2a: Slowking|Chilly Reception|[premajor]
|move|p2a: Slowking|Chilly Reception|p2a: Slowking
|-weather|Snowscape
|
|t:|1758304396
|switch|p2a: Lokix|Lokix, M|100/100|[from] Chilly Reception
|
|-weather|Snowscape|[upkeep]
|upkeep
|turn|3
|
|t:|1758304404
|move|p2a: Lokix|U-turn|p1a: Iron Hands
|-resisted|p1a: Iron Hands
|-damage|p1a: Iron Hands|67/100
|
|t:|1758304410
|switch|p2a: Great Tusk|Great Tusk|100/100|[from] U-turn
|move|p1a: Iron Hands|Close Combat|p2a: Great Tusk
|-damage|p2a: Great Tusk|53/100
|-unboost|p1a: Iron Hands|def|1
|-unboost|p1a: Iron Hands|spd|1
|
|-weather|Snowscape|[upkeep]
|-end|p1a: Iron Hands|move: Future Sight
|-supereffective|p1a: Iron Hands
|-damage|p1a: Iron Hands|0 fnt
|faint|p1a: Iron Hands
|-end|p1a: Iron Hands|Quark Drive|[silent]
|-heal|p2a: Great Tusk|59/100|[from] item: Leftovers
|upkeep
|inactive|TheTired has 120 seconds left.
|
|t:|1758304440
|switch|p1a: Indeedee|Indeedee, M, shiny|100/100
|-fieldstart|move: Psychic Terrain|[from] ability: Psychic Surge|[of] p1a: Indeedee
|turn|4
|
|t:|1758304448
|-end|p2a: Great Tusk|Protosynthesis|[silent]
|switch|p2a: Lokix|Lokix, M|100/100
|move|p1a: Indeedee|Trick Room|p1a: Indeedee
|-fieldstart|move: Trick Room|[of] p1a: Indeedee
|
|-weather|Snowscape|[upkeep]
|upkeep
|turn|5
|inactive|TheTired has 90 seconds left.
|
|t:|1758304495
|switch|p1a: Hatterene|Hatterene, F, shiny|100/100
|move|p2a: Lokix|U-turn|p1a: Hatterene
|-damage|p1a: Hatterene|46/100
|
|t:|1758304503
|switch|p2a: Cinderace|Cinderace, M|100/100|[from] U-turn
|
|-weather|Snowscape|[upkeep]
|upkeep
|turn|6
|inactive|TheTired has 60 seconds left.
|
|t:|1758304530
|-terastallize|p1a: Hatterene|Stellar
|move|p1a: Hatterene|Expanding Force|p2a: Cinderace
|-damage|p2a: Cinderace|0 fnt
|faint|p2a: Cinderace
|-damage|p1a: Hatterene|36/100|[from] item: Life Orb
|
|-weather|none
|upkeep
|
|t:|1758304543
|switch|p2a: Enamorus|Enamorus, F|100/100
|turn|7
|inactive|TheTired has 60 seconds left.
|
|t:|1758304580
|switch|p2a: Alomomola|Alomomola, F|100/100
|move|p1a: Hatterene|Draining Kiss|p2a: Alomomola
|-damage|p2a: Alomomola|69/100
|-heal|p1a: Hatterene|77/100|[from] drain|[of] p2a: Alomomola
|-damage|p1a: Hatterene|67/100|[from] item: Life Orb
|
|upkeep
|turn|8
|
|t:|1758304588
|move|p1a: Hatterene|Expanding Force|p2a: Alomomola
|-damage|p2a: Alomomola|6/100
|-damage|p1a: Hatterene|57/100|[from] item: Life Orb
|move|p2a: Alomomola|Mirror Coat|p1a: Hatterene
|-damage|p1a: Hatterene|0 fnt
|faint|p1a: Hatterene
|
|-fieldend|move: Trick Room
|upkeep
|
|t:|1758304593
|switch|p1a: Hoopa|Hoopa-Unbound|100/100
|-enditem|p1a: Hoopa|Psychic Seed
|-boost|p1a: Hoopa|spd|1|[from] item: Psychic Seed
|turn|9
|
|t:|1758304598
|move|p2a: Alomomola|Flip Turn|p1a: Hoopa
|-damage|p1a: Hoopa|83/100
|
|t:|1758304608
|switch|p2a: Great Tusk|Great Tusk|59/100|[from] Flip Turn
|move|p1a: Hoopa|Trick Room|p1a: Hoopa
|-fieldstart|move: Trick Room|[of] p1a: Hoopa
|
|-heal|p2a: Great Tusk|66/100|[from] item: Leftovers
|upkeep
|turn|10
|
|t:|1758304614
|move|p1a: Hoopa|Expanding Force|p2a: Great Tusk
|-supereffective|p2a: Great Tusk
|-damage|p2a: Great Tusk|0 fnt
|faint|p2a: Great Tusk
|-end|p2a: Great Tusk|Protosynthesis|[silent]
|-item|p1a: Hoopa|Leftovers|[from] ability: Magician|[of] p2: Great Tusk
|
|-heal|p1a: Hoopa|89/100|[from] item: Leftovers
|upkeep
|
|t:|1758304619
|switch|p2a: Lokix|Lokix, M|100/100
|turn|11
|
|t:|1758304629
|switch|p1a: Ursaluna|Ursaluna, F, shiny|100/100
|move|p2a: Lokix|U-turn|p1a: Ursaluna
|-damage|p1a: Ursaluna|65/100
|
|t:|1758304637
|switch|p2a: Slowking|Slowking-Galar, F|36/100|[from] U-turn
|
|-fieldend|move: Psychic Terrain
|-status|p1a: Ursaluna|brn|[from] item: Flame Orb
|upkeep
|turn|12
|
|t:|1758304642
|move|p2a: Slowking|Ice Beam|p1a: Ursaluna
|-supereffective|p1a: Ursaluna
|-damage|p1a: Ursaluna|28/100 brn
|move|p1a: Ursaluna|Facade|p2a: Slowking
|-damage|p2a: Slowking|0 fnt
|faint|p2a: Slowking
|
|-damage|p1a: Ursaluna|22/100 brn|[from] brn
|upkeep
|
|t:|1758304652
|switch|p2a: Lokix|Lokix, M|100/100
|turn|13
|
|t:|1758304656
|move|p2a: Lokix|First Impression|p1a: Ursaluna
|-damage|p1a: Ursaluna|0 fnt
|faint|p1a: Ursaluna
|
|-fieldend|move: Trick Room
|upkeep
|
|t:|1758304664
|switch|p1a: Mimikyu|Mimikyu, F, shiny|100/100
|turn|14
|
|t:|1758304669
|switch|p2a: Alomomola|Alomomola, F|39/100
|move|p1a: Mimikyu|Trick Room|p1a: Mimikyu
|-fieldstart|move: Trick Room|[of] p1a: Mimikyu
|
|upkeep
|turn|15
|
|t:|1758304680
|switch|p1a: Hoopa|Hoopa-Unbound|89/100
|-terastallize|p2a: Alomomola|Normal
|move|p2a: Alomomola|Aqua Jet|p1a: Hoopa
|-damage|p1a: Hoopa|75/100
|
|-heal|p1a: Hoopa|81/100|[from] item: Leftovers
|upkeep
|turn|16
|
|t:|1758304690
|switch|p2a: Enamorus|Enamorus, F|100/100
|move|p1a: Hoopa|Focus Blast|p2a: Enamorus
|-resisted|p2a: Enamorus
|-damage|p2a: Enamorus|84/100
|-boost|p2a: Enamorus|spd|1
|
|-heal|p1a: Hoopa|88/100|[from] item: Leftovers
|upkeep
|turn|17
|
|t:|1758304700
|switch|p1a: Indeedee|Indeedee, M, shiny|100/100
|-fieldstart|move: Psychic Terrain|[from] ability: Psychic Surge|[of] p1a: Indeedee
|move|p2a: Enamorus|Moonblast|p1a: Indeedee
|-damage|p1a: Indeedee|37/100
|-unboost|p1a: Indeedee|spa|1
|
|upkeep
|turn|18
|
|t:|1758304713
|move|p1a: Indeedee|Expanding Force|p2a: Enamorus
|-damage|p2a: Enamorus|45/100
|move|p2a: Enamorus|Moonblast|p1a: Indeedee
|-crit|p1a: Indeedee
|-damage|p1a: Indeedee|0 fnt
|faint|p1a: Indeedee
|
|-fieldend|move: Trick Room
|upkeep
|
|t:|1758304715
|switch|p1a: Hoopa|Hoopa-Unbound|88/100
|turn|19
|
|t:|1758304720
|move|p2a: Enamorus|Moonblast|p1a: Hoopa
|-supereffective|p1a: Hoopa
|-damage|p1a: Hoopa|6/100
|move|p1a: Hoopa|Trick Room|p1a: Hoopa
|-fieldstart|move: Trick Room|[of] p1a: Hoopa
|
|-heal|p1a: Hoopa|12/100|[from] item: Leftovers
|upkeep
|turn|20
|
|t:|1758304738
|move|p1a: Hoopa|Expanding Force|p2a: Enamorus
|-damage|p2a: Enamorus|0 fnt
|faint|p2a: Enamorus
|
|-heal|p1a: Hoopa|18/100|[from] item: Leftovers
|upkeep
|
|t:|1758304741
|switch|p2a: Alomomola|Alomomola, F, tera:Normal|73/100
|turn|21
|inactive|TheTired has 120 seconds left.
|inactive|TheTired has 90 seconds left.
|inactive|TheTired has 60 seconds left.
|
|t:|1758304853
|move|p2a: Alomomola|Flip Turn|p1a: Hoopa
|-damage|p1a: Hoopa|1/100
|
|t:|1758304870
|switch|p2a: Lokix|Lokix, M|100/100|[from] Flip Turn
|move|p1a: Hoopa|Focus Blast|p2a: Lokix
|-damage|p2a: Lokix|5/100
|
|-heal|p1a: Hoopa|7/100|[from] item: Leftovers
|upkeep
|turn|22
|inactive|dovahcake has 120 seconds left.
|
|t:|1758304905
|move|p1a: Hoopa|Hyperspace Fury|p2a: Lokix
|-resisted|p2a: Lokix
|-damage|p2a: Lokix|0 fnt
|-unboost|p1a: Hoopa|def|1
|faint|p2a: Lokix
|
|-heal|p1a: Hoopa|13/100|[from] item: Leftovers
|upkeep
|
|t:|1758304907
|switch|p2a: Alomomola|Alomomola, F, tera:Normal|100/100
|turn|23
|
|t:|1758304910
|move|p2a: Alomomola|Flip Turn|p1a: Hoopa
|-damage|p1a: Hoopa|0 fnt
|faint|p1a: Hoopa
|
|-fieldend|move: Trick Room
|upkeep
|
|t:|1758304913
|switch|p1a: Mimikyu|Mimikyu, F, shiny|100/100
|turn|24
|
|t:|1758304919
|move|p1a: Mimikyu|Curse|p2a: Alomomola
|-start|p2a: Alomomola|Curse|[of] p1a: Mimikyu
|-damage|p1a: Mimikyu|50/100
|move|p2a: Alomomola|Flip Turn|p1a: Mimikyu
|-activate|p1a: Mimikyu|ability: Disguise
|-damage|p1a: Mimikyu|50/100
|detailschange|p1a: Mimikyu|Mimikyu-Busted, F, shiny
|-damage|p1a: Mimikyu|38/100|[from] pokemon: Mimikyu-Busted
|
|-damage|p2a: Alomomola|76/100|[from] Curse
|-fieldend|move: Psychic Terrain
|upkeep
|turn|25
|
|t:|1758304924
|move|p1a: Mimikyu|Play Rough|p2a: Alomomola|[miss]
|-miss|p1a: Mimikyu|p2a: Alomomola
|move|p2a: Alomomola|Flip Turn|p1a: Mimikyu
|-damage|p1a: Mimikyu|22/100
|
|-damage|p2a: Alomomola|51/100|[from] Curse
|upkeep
|turn|26
|
|t:|1758304931
|move|p1a: Mimikyu|Play Rough|p2a: Alomomola
|-damage|p2a: Alomomola|28/100
|move|p2a: Alomomola|Flip Turn|p1a: Mimikyu
|-damage|p1a: Mimikyu|9/100
|
|-damage|p2a: Alomomola|3/100|[from] Curse
|upkeep
|turn|27
|l|☆dovahcake
|inactive|dovahcake disconnected and has a minute to reconnect!
|player|p2|
|j|☆dovahcake
|inactive|dovahcake reconnected.
|player|p2|dovahcake|steven|
|inactive|TheTired has 90 seconds left.
|
|t:|1758304946
|move|p2a: Alomomola|Aqua Jet|p1a: Mimikyu
|-damage|p1a: Mimikyu|0 fnt
|faint|p1a: Mimikyu
|
|win|dovahcake
|raw|TheTired's rating: 1523 &rarr; <strong>1503</strong><br />(-20 for losing)
|raw|dovahcake's rating: 1528 &rarr; <strong>1548</strong><br />(+20 for winning)
|l|☆dovahcake
|player|p2|
|c|☆TheTired|That miss man
|l|☆TheTired
|player|p1|
