|j|☆sunny dancing
|j|☆Ctannn
|t:|1758350375
|gametype|singles
|player|p1|sunny dancing|101|1815
|player|p2|Ctannn|2|1797
|gen|9
|tier|[Gen 9] OU
|rated|
|rule|HP Percentage Mod: HP is shown in percentages
|rule|Endless Battle Clause: Forcing endless battles is banned
|rule|Species Clause: Limit one of each Pokémon
|rule|OHKO Clause: OHKO moves are banned
|rule|Evasion Items Clause: Evasion items are banned
|rule|Evasion Moves Clause: Evasion moves are banned
|rule|Evasion Abilities Clause: Evasion abilities are banned
|rule|Sleep Moves Clause: Sleep-inducing moves are banned
|clearpoke
|poke|p1|Ogerpon-Wellspring, F|
|poke|p1|Slowking-Galar, F|
|poke|p1|Great Tusk|
|poke|p1|Moltres|
|poke|p1|Dragapult, F|
|poke|p1|Kingambit, F|
|poke|p2|Rillaboom, F|
|poke|p2|Garganacl, M|
|poke|p2|Cinderace, M|
|poke|p2|Raging Bolt|
|poke|p2|Slowking-Galar, F|
|poke|p2|Landorus-Therian, M|
|teampreview
|inactive|Battle timer is ON: inactive players will automatically lose when time's up. (requested by Ctannn)
|inactive|sunny dancing also wants the timer to be on.
|
|t:|1758350388
|teamsize|p1|6
|teamsize|p2|6
|start
|switch|p1a: Great Tusk|Great Tusk|100/100
|switch|p2a: Landorus|Landorus-Therian, M|100/100
|-ability|p2a: Landorus|Intimidate|boost
|-unboost|p1a: Great Tusk|atk|1
|turn|1
|
|t:|1758350395
|switch|p2a: Slowking|Slowking-Galar, F|100/100
|move|p1a: Great Tusk|Ice Spinner|p2a: Slowking
|-damage|p2a: Slowking|86/100
|-damage|p1a: Great Tusk|84/100|[from] item: Rocky Helmet|[of] p2a: Slowking
|
|upkeep
|turn|2
|
|t:|1758350405
|move|p1a: Great Tusk|Stealth Rock|p2a: Slowking
|-sidestart|p2: Ctannn|move: Stealth Rock
|-prepare|p2a: Slowking|Chilly Reception|[premajor]
|move|p2a: Slowking|Chilly Reception|p2a: Slowking
|-weather|Snowscape
|
|t:|1758350408
|switch|p2a: Landorus|Landorus-Therian, M|100/100|[from] Chilly Reception
|-damage|p2a: Landorus|88/100|[from] Stealth Rock
|-ability|p2a: Landorus|Intimidate|boost
|-unboost|p1a: Great Tusk|atk|1
|
|-weather|Snowscape|[upkeep]
|upkeep
|turn|3
|
|t:|1758350414
|-end|p1a: Great Tusk|Protosynthesis|[silent]
|switch|p1a: Slowking|Slowking-Galar, F|100/100
|move|p2a: Landorus|Weather Ball|p1a: Slowking
|-damage|p1a: Slowking|88/100
|
|-weather|Snowscape|[upkeep]
|upkeep
|turn|4
|
|t:|1758350423
|switch|p1a: Moltres|Moltres|100/100
|move|p2a: Landorus|U-turn|p1a: Moltres
|-resisted|p1a: Moltres
|-damage|p1a: Moltres|96/100
|-status|p2a: Landorus|brn|[from] ability: Flame Body|[of] p1a: Moltres
|
|t:|1758350431
|switch|p2a: Raging Bolt|Raging Bolt|100/100|[from] U-turn
|-damage|p2a: Raging Bolt|88/100|[from] Stealth Rock
|
|-weather|Snowscape|[upkeep]
|upkeep
|turn|5
|
|t:|1758350438
|switch|p1a: Slowking|Slowking-Galar, F|100/100
|move|p2a: Raging Bolt|Draco Meteor|p1a: Slowking|[miss]
|-miss|p2a: Raging Bolt|p1a: Slowking
|
|-weather|Snowscape|[upkeep]
|upkeep
|turn|6
|
|t:|1758350445
|-end|p2a: Raging Bolt|Protosynthesis|[silent]
|switch|p2a: Slowking|Slowking-Galar, F|100/100
|-damage|p2a: Slowking|88/100|[from] Stealth Rock
|move|p1a: Slowking|Ice Beam|p2a: Slowking
|-damage|p2a: Slowking|68/100
|
|-weather|none
|upkeep
|turn|7
|
|t:|1758350452
|move|p1a: Slowking|Psyshock|p2a: Slowking
|-damage|p2a: Slowking|38/100
|move|p2a: Slowking|Future Sight|p1a: Slowking
|-start|p2a: Slowking|move: Future Sight
|
|upkeep
|turn|8
|
|t:|1758350460
|move|p1a: Slowking|Psyshock|p2a: Slowking
|-damage|p2a: Slowking|11/100
|-prepare|p2a: Slowking|Chilly Reception|[premajor]
|move|p2a: Slowking|Chilly Reception|p2a: Slowking
|-weather|Snowscape
|
|t:|1758350466
|switch|p2a: Cinderace|Cinderace, M|100/100|[from] Chilly Reception
|
|-weather|Snowscape|[upkeep]
|upkeep
|turn|9
|
|t:|1758350472
|move|p2a: Cinderace|Pyro Ball|p1a: Slowking
|-damage|p1a: Slowking|41/100
|move|p1a: Slowking|Sludge Bomb|p2a: Cinderace
|-damage|p2a: Cinderace|45/100
|
|-weather|Snowscape|[upkeep]
|-end|p1a: Slowking|move: Future Sight
|-damage|p1a: Slowking|18/100
|upkeep
|turn|10
|
|t:|1758350482
|switch|p1a: Great Tusk|Great Tusk|84/100
|move|p2a: Cinderace|Pyro Ball|p1a: Great Tusk
|-damage|p1a: Great Tusk|43/100
|
|-weather|Snowscape|[upkeep]
|upkeep
|turn|11
|
|t:|1758350490
|move|p2a: Cinderace|U-turn|p1a: Great Tusk
|-start|p2a: Cinderace|typechange|Bug|[from] ability: Libero
|-resisted|p1a: Great Tusk
|-damage|p1a: Great Tusk|31/100
|-damage|p2a: Cinderace|29/100|[from] item: Rocky Helmet|[of] p1a: Great Tusk
|
|t:|1758350492
|switch|p2a: Landorus|Landorus-Therian, M|88/100 brn|[from] U-turn
|-damage|p2a: Landorus|76/100 brn|[from] Stealth Rock
|-ability|p2a: Landorus|Intimidate|boost
|-unboost|p1a: Great Tusk|atk|1
|move|p1a: Great Tusk|Headlong Rush|p2a: Landorus
|-immune|p2a: Landorus
|
|-weather|Snowscape|[upkeep]
|-damage|p2a: Landorus|70/100 brn|[from] brn
|upkeep
|turn|12
|
|t:|1758350499
|-end|p1a: Great Tusk|Protosynthesis|[silent]
|switch|p1a: Ogerpon|Ogerpon-Wellspring, F|100/100
|move|p2a: Landorus|U-turn|p1a: Ogerpon
|-supereffective|p1a: Ogerpon
|-damage|p1a: Ogerpon|70/100
|
|t:|1758350501
|switch|p2a: Cinderace|Cinderace, M|29/100|[from] U-turn
|
|-weather|none
|upkeep
|turn|13
|
|t:|1758350507
|move|p2a: Cinderace|Pyro Ball|p1a: Ogerpon|[miss]
|-miss|p2a: Cinderace|p1a: Ogerpon
|move|p1a: Ogerpon|U-turn|p2a: Cinderace
|-resisted|p2a: Cinderace
|-damage|p2a: Cinderace|9/100
|
|t:|1758350515
|switch|p1a: Dragapult|Dragapult, F|100/100|[from] U-turn
|
|upkeep
|turn|14
|
|t:|1758350522
|switch|p2a: Landorus|Landorus-Therian, M|70/100 brn
|-damage|p2a: Landorus|58/100 brn|[from] Stealth Rock
|-ability|p2a: Landorus|Intimidate|boost
|-unboost|p1a: Dragapult|atk|1
|move|p1a: Dragapult|Will-O-Wisp|p2a: Landorus|[miss]
|-miss|p1a: Dragapult|p2a: Landorus
|
|-damage|p2a: Landorus|52/100 brn|[from] brn
|upkeep
|turn|15
|j| alastour
|
|t:|1758350535
|switch|p2a: Garganacl|Garganacl, M|100/100
|-damage|p2a: Garganacl|88/100|[from] Stealth Rock
|move|p1a: Dragapult|Hex|p2a: Garganacl
|-damage|p2a: Garganacl|79/100
|
|-heal|p2a: Garganacl|85/100|[from] item: Leftovers
|upkeep
|turn|16
|
|t:|1758350545
|move|p1a: Dragapult|U-turn|p2a: Garganacl
|-damage|p2a: Garganacl|77/100
|
|t:|1758350553
|switch|p1a: Great Tusk|Great Tusk|31/100|[from] U-turn
|move|p2a: Garganacl|Salt Cure|p1a: Great Tusk
|-resisted|p1a: Great Tusk
|-damage|p1a: Great Tusk|29/100
|-start|p1a: Great Tusk|Salt Cure
|
|-heal|p2a: Garganacl|83/100|[from] item: Leftovers
|-damage|p1a: Great Tusk|16/100|[from] Salt Cure
|upkeep
|turn|17
|
|t:|1758350560
|move|p2a: Garganacl|Protect|p2a: Garganacl
|-singleturn|p2a: Garganacl|Protect
|move|p1a: Great Tusk|Headlong Rush|p2a: Garganacl
|-activate|p2a: Garganacl|move: Protect
|
|-heal|p2a: Garganacl|89/100|[from] item: Leftovers
|-damage|p1a: Great Tusk|4/100|[from] Salt Cure
|upkeep
|turn|18
|
|t:|1758350566
|switch|p2a: Landorus|Landorus-Therian, M|52/100 brn
|-damage|p2a: Landorus|39/100 brn|[from] Stealth Rock
|-ability|p2a: Landorus|Intimidate|boost
|-unboost|p1a: Great Tusk|atk|1
|move|p1a: Great Tusk|Headlong Rush|p2a: Landorus
|-immune|p2a: Landorus
|
|-damage|p2a: Landorus|33/100 brn|[from] brn
|-damage|p1a: Great Tusk|0 fnt|[from] Salt Cure
|faint|p1a: Great Tusk
|-end|p1a: Great Tusk|Protosynthesis|[silent]
|upkeep
|
|t:|1758350573
|switch|p1a: Slowking|Slowking-Galar, F|52/100
|turn|19
|
|t:|1758350579
|switch|p1a: Dragapult|Dragapult, F|100/100
|move|p2a: Landorus|U-turn|p1a: Dragapult
|-resisted|p1a: Dragapult
|-damage|p1a: Dragapult|93/100
|
|t:|1758350581
|switch|p2a: Garganacl|Garganacl, M|89/100|[from] U-turn
|-damage|p2a: Garganacl|77/100|[from] Stealth Rock
|
|-heal|p2a: Garganacl|83/100|[from] item: Leftovers
|upkeep
|turn|20
|
|t:|1758350588
|move|p1a: Dragapult|U-turn|p2a: Garganacl
|-damage|p2a: Garganacl|69/100
|
|t:|1758350595
|switch|p1a: Slowking|Slowking-Galar, F|85/100|[from] U-turn
|move|p2a: Garganacl|Salt Cure|p1a: Slowking
|-damage|p1a: Slowking|72/100
|-start|p1a: Slowking|Salt Cure
|
|-heal|p2a: Garganacl|75/100|[from] item: Leftovers
|-damage|p1a: Slowking|59/100|[from] Salt Cure
|upkeep
|turn|21
|
|t:|1758350602
|switch|p1a: Kingambit|Kingambit, F|100/100
|-activate|p1a: Kingambit|ability: Supreme Overlord
|-start|p1a: Kingambit|fallen1|[silent]
|move|p2a: Garganacl|Curse|p2a: Garganacl
|-unboost|p2a: Garganacl|spe|1
|-boost|p2a: Garganacl|atk|1
|-boost|p2a: Garganacl|def|1
|
|-heal|p2a: Garganacl|81/100|[from] item: Leftovers
|upkeep
|turn|22
|
|t:|1758350609
|move|p1a: Kingambit|Iron Head|p2a: Garganacl
|-supereffective|p2a: Garganacl
|-damage|p2a: Garganacl|37/100
|move|p2a: Garganacl|Salt Cure|p1a: Kingambit
|-resisted|p1a: Kingambit
|-damage|p1a: Kingambit|93/100
|-start|p1a: Kingambit|Salt Cure
|
|-heal|p1a: Kingambit|99/100|[from] item: Leftovers
|-heal|p2a: Garganacl|44/100|[from] item: Leftovers
|-damage|p1a: Kingambit|74/100|[from] Salt Cure
|upkeep
|turn|23
|
|t:|1758350616
|move|p2a: Garganacl|Protect|p2a: Garganacl
|-singleturn|p2a: Garganacl|Protect
|move|p1a: Kingambit|Iron Head|p2a: Garganacl
|-activate|p2a: Garganacl|move: Protect
|
|-heal|p1a: Kingambit|81/100|[from] item: Leftovers
|-heal|p2a: Garganacl|50/100|[from] item: Leftovers
|-damage|p1a: Kingambit|56/100|[from] Salt Cure
|upkeep
|turn|24
|
|t:|1758350623
|-terastallize|p1a: Kingambit|Ghost
|move|p1a: Kingambit|Iron Head|p2a: Garganacl
|-supereffective|p2a: Garganacl
|-damage|p2a: Garganacl|5/100
|cant|p2a: Garganacl|flinch
|
|-heal|p1a: Kingambit|62/100|[from] item: Leftovers
|-heal|p2a: Garganacl|11/100|[from] item: Leftovers
|-damage|p1a: Kingambit|50/100|[from] Salt Cure
|upkeep
|turn|25
|
|t:|1758350630
|move|p2a: Garganacl|Protect|p2a: Garganacl
|-singleturn|p2a: Garganacl|Protect
|move|p1a: Kingambit|Iron Head|p2a: Garganacl
|-activate|p2a: Garganacl|move: Protect
|
|-heal|p1a: Kingambit|56/100|[from] item: Leftovers
|-heal|p2a: Garganacl|17/100|[from] item: Leftovers
|-damage|p1a: Kingambit|43/100|[from] Salt Cure
|upkeep
|turn|26
|
|t:|1758350636
|switch|p2a: Landorus|Landorus-Therian, M|33/100 brn
|-damage|p2a: Landorus|21/100 brn|[from] Stealth Rock
|-ability|p2a: Landorus|Intimidate|boost
|-unboost|p1a: Kingambit|atk|1
|move|p1a: Kingambit|Iron Head|p2a: Landorus
|-damage|p2a: Landorus|0 fnt
|-damage|p1a: Kingambit|27/100|[from] item: Rocky Helmet|[of] p2a: Landorus
|faint|p2a: Landorus
|
|-heal|p1a: Kingambit|33/100|[from] item: Leftovers
|-damage|p1a: Kingambit|21/100|[from] Salt Cure
|upkeep
|
|t:|1758350638
|switch|p2a: Rillaboom|Rillaboom, F|100/100
|-damage|p2a: Rillaboom|88/100|[from] Stealth Rock
|-fieldstart|move: Grassy Terrain|[from] ability: Grassy Surge|[of] p2a: Rillaboom
|turn|27
|
|t:|1758350645
|switch|p2a: Garganacl|Garganacl, M|17/100
|-damage|p2a: Garganacl|5/100|[from] Stealth Rock
|move|p1a: Kingambit|Iron Head|p2a: Garganacl
|-supereffective|p2a: Garganacl
|-damage|p2a: Garganacl|0 fnt
|faint|p2a: Garganacl
|
|-heal|p1a: Kingambit|27/100|[from] Grassy Terrain
|-heal|p1a: Kingambit|33/100|[from] item: Leftovers
|-damage|p1a: Kingambit|21/100|[from] Salt Cure
|upkeep
|
|t:|1758350648
|switch|p2a: Raging Bolt|Raging Bolt|88/100
|-damage|p2a: Raging Bolt|76/100|[from] Stealth Rock
|turn|28
|
|t:|1758350654
|move|p1a: Kingambit|Sucker Punch|p2a: Raging Bolt
|-crit|p2a: Raging Bolt
|-damage|p2a: Raging Bolt|16/100
|move|p2a: Raging Bolt|Thunderbolt|p1a: Kingambit
|-damage|p1a: Kingambit|0 fnt
|faint|p1a: Kingambit
|-end|p1a: Kingambit|fallen1|[silent]
|
|-heal|p2a: Raging Bolt|22/100|[from] Grassy Terrain
|upkeep
|
|t:|1758350663
|switch|p1a: Slowking|Slowking-Galar, F|93/100
|turn|29
|-message|Ctannn forfeited.
|
|win|sunny dancing
|raw|sunny dancing's rating: 1815 &rarr; <strong>1834</strong><br />(+19 for winning)
|raw|Ctannn's rating: 1797 &rarr; <strong>1778</strong><br />(-19 for losing)
|l|☆Ctannn
|player|p2|
|l|☆sunny dancing
|player|p1|
