|j|☆ggzbroski
|j|☆Phoenicks4
|t:|1758234098
|gametype|singles
|player|p1|ggzbroski|1|1085
|player|p2|Phoenicks4|blackbelt-gen4dp|1072
|gen|9
|tier|[Gen 9] OU
|rated|
|rule|HP Percentage Mod: HP is shown in percentages
|rule|Endless Battle Clause: Forcing endless battles is banned
|rule|Species Clause: Limit one of each Pokémon
|rule|OHKO Clause: OHKO moves are banned
|rule|Evasion Items Clause: Evasion items are banned
|rule|Evasion Moves Clause: Evasion moves are banned
|rule|Evasion Abilities Clause: Evasion abilities are banned
|rule|Sleep Moves Clause: Sleep-inducing moves are banned
|clearpoke
|poke|p1|Raging Bolt|
|poke|p1|Great Tusk|
|poke|p1|Cinderace, F|
|poke|p1|Garchomp, F|
|poke|p1|Ninetales-Alola, M|
|poke|p1|Darkrai|
|poke|p2|Infernape, F|
|poke|p2|Virizion|
|poke|p2|Tauros-Paldea-Aqua, M|
|poke|p2|Lucario, F|
|poke|p2|Mienshao, F|
|poke|p2|Kommo-o, M|
|teampreview
|
|t:|1758234106
|teamsize|p1|6
|teamsize|p2|6
|start
|switch|p1a: Darkrai|Darkrai|100/100
|switch|p2a: Mienshao|Mienshao, F|100/100
|turn|1
|
|t:|1758234113
|-terastallize|p1a: Darkrai|Poison
|move|p2a: Mienshao|Fake Out|p1a: Darkrai
|-damage|p1a: Darkrai|82/100
|cant|p1a: Darkrai|flinch
|
|-heal|p1a: Darkrai|88/100|[from] item: Leftovers
|upkeep
|turn|2
|
|t:|1758234123
|move|p1a: Darkrai|Charge Beam|p2a: Mienshao
|-damage|p2a: Mienshao|64/100
|-boost|p1a: Darkrai|spa|1
|move|p2a: Mienshao|U-turn|p1a: Darkrai
|-resisted|p1a: Darkrai
|-damage|p1a: Darkrai|71/100
|
|t:|1758234131
|switch|p2a: Lucario|Lucario, F|100/100|[from] U-turn
|
|-heal|p1a: Darkrai|77/100|[from] item: Leftovers
|upkeep
|turn|3
|
|t:|1758234138
|move|p1a: Darkrai|Dark Pulse|p2a: Lucario
|-resisted|p2a: Lucario
|-damage|p2a: Lucario|53/100
|move|p2a: Lucario|Nasty Plot|p2a: Lucario
|-boost|p2a: Lucario|spa|2
|
|-heal|p1a: Darkrai|83/100|[from] item: Leftovers
|upkeep
|turn|4
|
|t:|1758234146
|move|p1a: Darkrai|Dark Pulse|p2a: Lucario
|-resisted|p2a: Lucario
|-damage|p2a: Lucario|0 fnt
|faint|p2a: Lucario
|
|-heal|p1a: Darkrai|89/100|[from] item: Leftovers
|upkeep
|
|t:|1758234163
|switch|p2a: Tauros|Tauros-Paldea-Aqua, M|100/100
|turn|5
|
|t:|1758234173
|move|p2a: Tauros|Aqua Jet|p1a: Darkrai
|-damage|p1a: Darkrai|61/100
|move|p1a: Darkrai|Sludge Bomb|p2a: Tauros
|-damage|p2a: Tauros|0 fnt
|faint|p2a: Tauros
|
|-heal|p1a: Darkrai|67/100|[from] item: Leftovers
|upkeep
|
|t:|1758234180
|switch|p2a: Mienshao|Mienshao, F|98/100
|turn|6
|
|t:|1758234184
|move|p2a: Mienshao|Fake Out|p1a: Darkrai
|-damage|p1a: Darkrai|46/100
|cant|p1a: Darkrai|flinch
|
|-heal|p1a: Darkrai|52/100|[from] item: Leftovers
|upkeep
|turn|7
|
|t:|1758234192
|move|p1a: Darkrai|Sludge Bomb|p2a: Mienshao
|-damage|p2a: Mienshao|0 fnt
|faint|p2a: Mienshao
|
|-heal|p1a: Darkrai|59/100|[from] item: Leftovers
|upkeep
|
|t:|1758234198
|switch|p2a: Infernape|Infernape, F|100/100
|turn|8
|
|t:|1758234202
|move|p1a: Darkrai|Sludge Bomb|p2a: Infernape
|-damage|p2a: Infernape|0 fnt
|faint|p2a: Infernape
|
|-heal|p1a: Darkrai|65/100|[from] item: Leftovers
|upkeep
|
|t:|1758234209
|switch|p2a: Kommo-o|Kommo-o, M|100/100
|turn|9
|
|t:|1758234215
|move|p1a: Darkrai|Sludge Bomb|p2a: Kommo-o
|-damage|p2a: Kommo-o|24/100
|move|p2a: Kommo-o|Clanging Scales|p1a: Darkrai
|-damage|p1a: Darkrai|7/100
|-unboost|p2a: Kommo-o|def|1
|
|-heal|p1a: Darkrai|13/100|[from] item: Leftovers
|upkeep
|turn|10
|
|t:|1758234223
|move|p1a: Darkrai|Sludge Bomb|p2a: Kommo-o
|-damage|p2a: Kommo-o|0 fnt
|faint|p2a: Kommo-o
|
|-heal|p1a: Darkrai|19/100|[from] item: Leftovers
|upkeep
|
|t:|1758234231
|switch|p2a: Virizion|Virizion|100/100
|turn|11
|
|t:|1758234237
|move|p1a: Darkrai|Sludge Bomb|p2a: Virizion
|-supereffective|p2a: Virizion
|-damage|p2a: Virizion|0 fnt
|faint|p2a: Virizion
|
|win|ggzbroski
|raw|ggzbroski's rating: 1085 &rarr; <strong>1111</strong><br />(+26 for winning)
|raw|Phoenicks4's rating: 1072 &rarr; <strong>1052</strong><br />(-20 for losing)
|c|☆ggzbroski|gg
|c|☆Phoenicks4|gg
|l|☆ggzbroski
|player|p1|
|l|☆Phoenicks4
|player|p2|
