|j|☆Demar14
|j|☆BestLink
|t:|1758277100
|gametype|singles
|player|p1|Demar14|2|1284
|player|p2|BestLink|cynthia-gen4|1255
|gen|9
|tier|[Gen 9] OU
|rated|
|rule|HP Percentage Mod: HP is shown in percentages
|rule|Endless Battle Clause: Forcing endless battles is banned
|rule|Species Clause: Limit one of each Pokémon
|rule|OHKO Clause: OHKO moves are banned
|rule|Evasion Items Clause: Evasion items are banned
|rule|Evasion Moves Clause: Evasion moves are banned
|rule|Evasion Abilities Clause: Evasion abilities are banned
|rule|Sleep Moves Clause: Sleep-inducing moves are banned
|clearpoke
|poke|p1|Kyurem|
|poke|p1|Raging Bolt|
|poke|p1|Slowking-Galar, F|
|poke|p1|Samurott-Hisui, F|
|poke|p1|Galvantula, F|
|poke|p1|Cinderace, M|
|poke|p2|Gliscor, F|
|poke|p2|Raikou|
|poke|p2|Cinderace, M|
|poke|p2|Great Tusk|
|poke|p2|Ditto|
|poke|p2|Primarina, F|
|teampreview
|
|t:|1758277123
|teamsize|p1|6
|teamsize|p2|6
|start
|switch|p1a: Kyurem|Kyurem|100/100
|switch|p2a: Raikou|Raikou|100/100
|-ability|p1a: Kyurem|Pressure
|-ability|p2a: Raikou|Pressure
|turn|1
|
|t:|1758277139
|switch|p1a: Slowking|Slowking-Galar, F|100/100
|move|p2a: Raikou|Volt Switch|p1a: Slowking
|-damage|p1a: Slowking|84/100
|l|☆BestLink
|player|p2|
|j|☆BestLink
|player|p2|BestLink|cynthia-gen4|
|
|t:|1758277160
|switch|p2a: Gliscor|Gliscor, F|100/100|[from] Volt Switch
|
|-status|p2a: Gliscor|tox|[from] item: Toxic Orb
|upkeep
|turn|2
|
|t:|1758277210
|switch|p1a: Galvantula|Galvantula, F|100/100
|move|p2a: Gliscor|Knock Off|p1a: Galvantula
|-damage|p1a: Galvantula|64/100
|-enditem|p1a: Galvantula|Focus Sash|[from] move: Knock Off|[of] p2a: Gliscor
|
|upkeep
|turn|3
|
|t:|1758277218
|move|p1a: Galvantula|Sticky Web|p2a: Gliscor
|-sidestart|p2: BestLink|move: Sticky Web
|move|p2a: Gliscor|Earthquake|p1a: Galvantula
|-damage|p1a: Galvantula|8/100
|
|upkeep
|turn|4
|
|t:|1758277232
|move|p1a: Galvantula|Bug Buzz|p2a: Gliscor
|-resisted|p2a: Gliscor
|-damage|p2a: Gliscor|75/100 tox
|move|p2a: Gliscor|Knock Off|p1a: Galvantula
|-damage|p1a: Galvantula|0 fnt
|faint|p1a: Galvantula
|
|-heal|p2a: Gliscor|88/100 tox|[from] ability: Poison Heal
|upkeep
|
|t:|1758277241
|switch|p1a: Kyurem|Kyurem|100/100
|-ability|p1a: Kyurem|Pressure
|turn|5
|
|t:|1758277249
|switch|p2a: Primarina|Primarina, F|100/100
|-activate|p2a: Primarina|move: Sticky Web
|-unboost|p2a: Primarina|spe|1
|move|p1a: Kyurem|Earth Power|p2a: Primarina
|-damage|p2a: Primarina|85/100
|
|upkeep
|turn|6
|
|t:|1758277263
|switch|p1a: Slowking|Slowking-Galar, F|100/100
|move|p2a: Primarina|Flip Turn|p1a: Slowking
|-damage|p1a: Slowking|87/100
|
|t:|1758277269
|switch|p2a: Gliscor|Gliscor, F|88/100 tox|[from] Flip Turn
|
|-heal|p2a: Gliscor|99/100 tox|[from] ability: Poison Heal
|upkeep
|turn|7
|
|t:|1758277297
|switch|p1a: Samurott|Samurott-Hisui, F|100/100
|move|p2a: Gliscor|Knock Off|p1a: Samurott
|-resisted|p1a: Samurott
|-damage|p1a: Samurott|89/100
|-enditem|p1a: Samurott|Assault Vest|[from] move: Knock Off|[of] p2a: Gliscor
|
|-heal|p2a: Gliscor|100/100 tox|[from] ability: Poison Heal
|upkeep
|turn|8
|
|t:|1758277314
|switch|p2a: Primarina|Primarina, F|85/100
|-activate|p2a: Primarina|move: Sticky Web
|-unboost|p2a: Primarina|spe|1
|move|p1a: Samurott|Razor Shell|p2a: Primarina
|-resisted|p2a: Primarina
|-damage|p2a: Primarina|54/100
|-unboost|p2a: Primarina|def|1
|
|upkeep
|turn|9
|
|t:|1758277328
|move|p1a: Samurott|Razor Shell|p2a: Primarina
|-resisted|p2a: Primarina
|-damage|p2a: Primarina|7/100
|-unboost|p2a: Primarina|def|1
|move|p2a: Primarina|Moonblast|p1a: Samurott
|-supereffective|p1a: Samurott
|-damage|p1a: Samurott|0 fnt
|faint|p1a: Samurott
|
|upkeep
|
|t:|1758277336
|switch|p1a: Cinderace|Cinderace, M|100/100
|turn|10
|n|☆BestLink|bestlink
|inactive|Battle timer is ON: inactive players will automatically lose when time's up. (requested by Demar14)
|
|t:|1758277353
|switch|p2a: Great Tusk|Great Tusk|100/100
|-activate|p2a: Great Tusk|move: Sticky Web
|-unboost|p2a: Great Tusk|spe|1
|-enditem|p2a: Great Tusk|Booster Energy
|-activate|p2a: Great Tusk|ability: Protosynthesis|[fromitem]
|-start|p2a: Great Tusk|protosynthesisatk
|move|p1a: Cinderace|U-turn|p2a: Great Tusk
|-resisted|p2a: Great Tusk
|-damage|p2a: Great Tusk|94/100
|
|t:|1758277377
|switch|p1a: Kyurem|Kyurem|100/100|[from] U-turn
|-ability|p1a: Kyurem|Pressure
|
|upkeep
|turn|11
|
|t:|1758277394
|switch|p1a: Cinderace|Cinderace, M|100/100
|-end|p2a: Great Tusk|Protosynthesis|[silent]
|switch|p2a: Raikou|Raikou|100/100
|-ability|p2a: Raikou|Pressure
|
|upkeep
|turn|12
|
|t:|1758277406
|switch|p1a: Slowking|Slowking-Galar, F|100/100
|switch|p2a: Great Tusk|Great Tusk|94/100
|-activate|p2a: Great Tusk|move: Sticky Web
|-unboost|p2a: Great Tusk|spe|1
|
|upkeep
|turn|13
|
|t:|1758277427
|-terastallize|p1a: Slowking|Water
|move|p2a: Great Tusk|Rapid Spin|p1a: Slowking
|-damage|p1a: Slowking|81/100
|-boost|p2a: Great Tusk|spe|1
|-sideend|p2: BestLink|Sticky Web|[from] move: Rapid Spin|[of] p2a: Great Tusk
|move|p1a: Slowking|Future Sight|p2a: Great Tusk
|-start|p1a: Slowking|move: Future Sight
|
|upkeep
|turn|14
|
|t:|1758277434
|move|p2a: Great Tusk|Stealth Rock|p1a: Slowking
|-sidestart|p1: Demar14|move: Stealth Rock
|-prepare|p1a: Slowking|Chilly Reception|[premajor]
|move|p1a: Slowking|Chilly Reception|p1a: Slowking
|-weather|Snowscape
|
|t:|1758277443
|switch|p1a: Kyurem|Kyurem|100/100|[from] Chilly Reception
|-damage|p1a: Kyurem|76/100|[from] Stealth Rock
|-ability|p1a: Kyurem|Pressure
|
|-weather|Snowscape|[upkeep]
|upkeep
|turn|15
|
|t:|1758277471
|-end|p2a: Great Tusk|Protosynthesis|[silent]
|switch|p2a: Raikou|Raikou|100/100
|-ability|p2a: Raikou|Pressure
|move|p1a: Kyurem|Freeze-Dry|p2a: Raikou
|-damage|p2a: Raikou|68/100
|
|-weather|Snowscape|[upkeep]
|-end|p2a: Raikou|move: Future Sight
|-damage|p2a: Raikou|31/100
|upkeep
|turn|16
|
|t:|1758277494
|move|p1a: Kyurem|Freeze-Dry|p2a: Raikou
|-crit|p2a: Raikou
|-damage|p2a: Raikou|0 fnt
|faint|p2a: Raikou
|
|-weather|Snowscape|[upkeep]
|upkeep
|
|t:|1758277500
|switch|p2a: Primarina|Primarina, F|7/100
|turn|17
|inactive|Demar14 has 120 seconds left.
|
|t:|1758277550
|move|p1a: Kyurem|Freeze-Dry|p2a: Primarina
|-supereffective|p2a: Primarina
|-damage|p2a: Primarina|0 fnt
|faint|p2a: Primarina
|
|-weather|Snowscape|[upkeep]
|upkeep
|
|t:|1758277559
|switch|p2a: Cinderace|Cinderace, M|100/100
|turn|18
|
|t:|1758277573
|switch|p1a: Cinderace|Cinderace, M|100/100
|move|p2a: Cinderace|Pyro Ball|p1a: Cinderace
|-resisted|p1a: Cinderace
|-damage|p1a: Cinderace|64/100
|
|-weather|none
|upkeep
|turn|19
|
|t:|1758277589
|move|p2a: Cinderace|High Jump Kick|p1a: Cinderace
|-damage|p1a: Cinderace|15/100
|move|p1a: Cinderace|Court Change|p1a: Cinderace
|-swapsideconditions
|-activate|p1a: Cinderace|move: Court Change
|
|upkeep
|turn|20
|inactive|Demar14 has 90 seconds left.
|
|t:|1758277638
|move|p2a: Cinderace|U-turn|p1a: Cinderace
|-resisted|p1a: Cinderace
|-damage|p1a: Cinderace|1/100
|
|t:|1758277648
|switch|p2a: Gliscor|Gliscor, F|100/100 tox|[from] U-turn
|-damage|p2a: Gliscor|88/100 tox|[from] Stealth Rock
|move|p1a: Cinderace|Pyro Ball|p2a: Gliscor
|-damage|p2a: Gliscor|39/100 tox
|
|-heal|p2a: Gliscor|51/100 tox|[from] ability: Poison Heal
|upkeep
|turn|21
|inactive|Demar14 has 60 seconds left.
|
|t:|1758277680
|move|p2a: Gliscor|Protect|p2a: Gliscor
|-singleturn|p2a: Gliscor|Protect
|move|p1a: Cinderace|Pyro Ball|p2a: Gliscor
|-activate|p2a: Gliscor|move: Protect
|
|-heal|p2a: Gliscor|63/100 tox|[from] ability: Poison Heal
|upkeep
|turn|22
|
|t:|1758277688
|move|p1a: Cinderace|Pyro Ball|p2a: Gliscor
|-damage|p2a: Gliscor|15/100 tox
|move|p2a: Gliscor|Knock Off|p1a: Cinderace
|-damage|p1a: Cinderace|0 fnt
|-enditem|p1a: Cinderace|Heavy-Duty Boots|[from] move: Knock Off|[of] p2a: Gliscor
|faint|p1a: Cinderace
|
|-heal|p2a: Gliscor|28/100 tox|[from] ability: Poison Heal
|upkeep
|
|t:|1758277702
|switch|p1a: Kyurem|Kyurem|76/100
|-ability|p1a: Kyurem|Pressure
|turn|23
|inactive|Demar14 has 60 seconds left.
|
|t:|1758277720
|switch|p2a: Cinderace|Cinderace, M|100/100
|move|p1a: Kyurem|Ice Beam|p2a: Cinderace
|-resisted|p2a: Cinderace
|-damage|p2a: Cinderace|65/100
|-status|p2a: Cinderace|frz
|
|upkeep
|turn|24
|
|t:|1758277729
|switch|p1a: Slowking|Slowking-Galar, F, tera:Water|100/100
|-curestatus|p2a: Cinderace|frz|[from] move: Pyro Ball
|move|p2a: Cinderace|Pyro Ball|p1a: Slowking
|-resisted|p1a: Slowking
|-damage|p1a: Slowking|72/100
|
|upkeep
|turn|25
|
|t:|1758277738
|move|p2a: Cinderace|U-turn|p1a: Slowking
|-damage|p1a: Slowking|48/100
|
|t:|1758277741
|switch|p2a: Great Tusk|Great Tusk|94/100|[from] U-turn
|-damage|p2a: Great Tusk|91/100|[from] Stealth Rock
|move|p1a: Slowking|Thunder Wave|p2a: Great Tusk
|-immune|p2a: Great Tusk
|
|upkeep
|turn|26
|
|t:|1758277749
|switch|p1a: Kyurem|Kyurem|76/100
|-ability|p1a: Kyurem|Pressure
|move|p2a: Great Tusk|Stealth Rock|p1a: Kyurem
|-sidestart|p1: Demar14|move: Stealth Rock
|
|upkeep
|turn|27
|
|t:|1758277765
|-end|p2a: Great Tusk|Protosynthesis|[silent]
|switch|p2a: Cinderace|Cinderace, M|65/100
|move|p1a: Kyurem|Ice Beam|p2a: Cinderace
|-resisted|p2a: Cinderace
|-damage|p2a: Cinderace|31/100
|
|upkeep
|turn|28
|
|t:|1758277773
|move|p1a: Kyurem|Ice Beam|p2a: Cinderace
|-resisted|p2a: Cinderace
|-damage|p2a: Cinderace|0 fnt
|faint|p2a: Cinderace
|
|upkeep
|
|t:|1758277780
|switch|p2a: Ditto|Ditto|100/100
|-damage|p2a: Ditto|88/100|[from] Stealth Rock
|-transform|p2a: Ditto|p1a: Kyurem|[from] ability: Imposter
|-ability|p2a: Ditto|Pressure
|turn|29
|inactive|Demar14 has 90 seconds left.
|
|t:|1758277811
|switch|p1a: Slowking|Slowking-Galar, F, tera:Water|81/100
|-terastallize|p2a: Ditto|Normal
|move|p2a: Ditto|Draco Meteor|p1a: Slowking
|-damage|p1a: Slowking|40/100
|-unboost|p2a: Ditto|spa|2
|
|upkeep
|turn|30
|
|t:|1758277828
|switch|p2a: Great Tusk|Great Tusk|91/100
|-damage|p2a: Great Tusk|88/100|[from] Stealth Rock
|move|p1a: Slowking|Thunder Wave|p2a: Great Tusk
|-immune|p2a: Great Tusk
|
|upkeep
|turn|31
|
|t:|1758277837
|move|p2a: Great Tusk|Ice Spinner|p1a: Slowking
|-resisted|p1a: Slowking
|-damage|p1a: Slowking|25/100
|move|p1a: Slowking|Future Sight|p2a: Great Tusk
|-start|p1a: Slowking|move: Future Sight
|
|upkeep
|turn|32
|
|t:|1758277848
|move|p2a: Great Tusk|Rapid Spin|p1a: Slowking
|-damage|p1a: Slowking|8/100
|-boost|p2a: Great Tusk|spe|1
|-sideend|p2: BestLink|Stealth Rock|[from] move: Rapid Spin|[of] p2a: Great Tusk
|move|p1a: Slowking|Sludge Bomb|p2a: Great Tusk
|-resisted|p2a: Great Tusk
|-damage|p2a: Great Tusk|60/100
|
|upkeep
|turn|33
|
|t:|1758277874
|move|p2a: Great Tusk|Ice Spinner|p1a: Slowking
|-resisted|p1a: Slowking
|-damage|p1a: Slowking|0 fnt
|faint|p1a: Slowking
|
|-end|p2a: Great Tusk|move: Future Sight
|-supereffective|p2a: Great Tusk
|-damage|p2a: Great Tusk|0 fnt
|faint|p2a: Great Tusk
|-end|p2a: Great Tusk|Protosynthesis|[silent]
|upkeep
|inactive|Demar14 has 60 seconds left.
|
|t:|1758277894
|switch|p2a: Gliscor|Gliscor, F|28/100 tox
|switch|p1a: Raging Bolt|Raging Bolt|100/100
|-damage|p1a: Raging Bolt|88/100|[from] Stealth Rock
|turn|34
|inactive|Demar14 has 60 seconds left.
|
|t:|1758277908
|move|p2a: Gliscor|Earthquake|p1a: Raging Bolt
|-supereffective|p1a: Raging Bolt
|-damage|p1a: Raging Bolt|38/100
|move|p1a: Raging Bolt|Dragon Pulse|p2a: Gliscor
|-damage|p2a: Gliscor|0 fnt
|faint|p2a: Gliscor
|
|upkeep
|
|t:|1758277914
|switch|p2a: Ditto|Ditto, tera:Normal|88/100
|-transform|p2a: Ditto|p1a: Raging Bolt|[from] ability: Imposter
|turn|35
|inactive|Demar14 has 60 seconds left.
|
|t:|1758277928
|move|p1a: Raging Bolt|Thunderclap|p2a: Ditto
|-damage|p2a: Ditto|33/100
|move|p2a: Ditto|Dragon Pulse|p1a: Raging Bolt
|-supereffective|p1a: Raging Bolt
|-damage|p1a: Raging Bolt|0 fnt
|faint|p1a: Raging Bolt
|-end|p1a: Raging Bolt|Protosynthesis|[silent]
|
|upkeep
|
|t:|1758277931
|switch|p1a: Kyurem|Kyurem|76/100
|-damage|p1a: Kyurem|51/100|[from] Stealth Rock
|-ability|p1a: Kyurem|Pressure
|turn|36
|
|t:|1758277938
|move|p1a: Kyurem|Ice Beam|p2a: Ditto
|-crit|p2a: Ditto
|-damage|p2a: Ditto|0 fnt
|faint|p2a: Ditto
|-end|p2a: Ditto|Protosynthesis|[silent]
|
|win|Demar14
|raw|Demar14's rating: 1284 &rarr; <strong>1307</strong><br />(+23 for winning)
|raw|BestLink's rating: 1255 &rarr; <strong>1232</strong><br />(-23 for losing)
|l|☆BestLink
|player|p2|
|l|☆Demar14
|player|p1|
