|j|☆MBRis
|j|☆annefrank67
|t:|1758296101
|gametype|singles
|player|p1|MBRis|102|1075
|player|p2|annefrank67|elesa|1046
|gen|9
|tier|[Gen 9] OU
|rated|
|rule|HP Percentage Mod: HP is shown in percentages
|rule|Endless Battle Clause: Forcing endless battles is banned
|rule|Species Clause: Limit one of each Pokémon
|rule|OHKO Clause: OHKO moves are banned
|rule|Evasion Items Clause: Evasion items are banned
|rule|Evasion Moves Clause: Evasion moves are banned
|rule|Evasion Abilities Clause: Evasion abilities are banned
|rule|Sleep Moves Clause: Sleep-inducing moves are banned
|clearpoke
|poke|p1|Masquerain, F|
|poke|p1|Serperior, M|
|poke|p1|Malamar, F|
|poke|p1|Cinderace, M|
|poke|p1|Quaquaval, F|
|poke|p1|Donphan, L25, M|
|poke|p2|Weezing-Galar, M|
|poke|p2|Gholdengo|
|poke|p2|Gliscor, F|
|poke|p2|Araquanid, M|
|poke|p2|Zamazenta-*|
|poke|p2|Cinderace, F|
|teampreview
|inactive|Battle timer is ON: inactive players will automatically lose when time's up. (requested by MBRis)
|
|t:|1758296131
|teamsize|p1|6
|teamsize|p2|6
|start
|switch|p1a: Quaquaval|Quaquaval, F|100/100
|switch|p2a: Gliscor|Gliscor, F, shiny|100/100
|turn|1
|
|t:|1758296138
|move|p2a: Gliscor|Taunt|p1a: Quaquaval
|-start|p1a: Quaquaval|move: Taunt
|cant|p1a: Quaquaval|move: Taunt|Swords Dance
|
|-status|p2a: Gliscor|tox|[from] item: Toxic Orb
|upkeep
|turn|2
|
|t:|1758296146
|switch|p1a: Masquerain|Masquerain, F|100/100
|-ability|p1a: Masquerain|Intimidate|boost
|-unboost|p2a: Gliscor|atk|1
|move|p2a: Gliscor|Toxic Spikes|p1a: Masquerain
|-sidestart|p1: MBRis|move: Toxic Spikes
|
|upkeep
|turn|3
|
|t:|1758296155
|move|p2a: Gliscor|Crabhammer|p1a: Masquerain
|-damage|p1a: Masquerain|73/100
|move|p1a: Masquerain|Sticky Web|p2a: Gliscor
|-sidestart|p2: annefrank67|move: Sticky Web
|
|upkeep
|turn|4
|
|t:|1758296173
|move|p2a: Gliscor|Crabhammer|p1a: Masquerain
|-damage|p1a: Masquerain|45/100
|move|p1a: Masquerain|U-turn|p2a: Gliscor
|-resisted|p2a: Gliscor
|-damage|p2a: Gliscor|89/100 tox
|
|t:|1758296182
|switch|p1a: Cinderace|Cinderace, M|100/100|[from] U-turn
|
|-heal|p2a: Gliscor|100/100 tox|[from] ability: Poison Heal
|upkeep
|turn|5
|
|t:|1758296190
|move|p1a: Cinderace|Court Change|p1a: Cinderace
|-start|p1a: Cinderace|typechange|Normal|[from] ability: Libero
|-swapsideconditions
|-activate|p1a: Cinderace|move: Court Change
|move|p2a: Gliscor|Crabhammer|p1a: Cinderace
|-damage|p1a: Cinderace|80/100
|
|upkeep
|turn|6
|
|t:|1758296197
|switch|p2a: Weezing|Weezing-Galar, M|100/100
|-ability|p2a: Weezing|Neutralizing Gas
|-sideend|p2: annefrank67|move: Toxic Spikes|[of] p2a: Weezing
|move|p1a: Cinderace|U-turn|p2a: Weezing
|-resisted|p2a: Weezing
|-damage|p2a: Weezing|96/100
|
|t:|1758296225
|switch|p1a: Masquerain|Masquerain, F|45/100|[from] U-turn
|
|-heal|p2a: Weezing|100/100|[from] item: Leftovers
|upkeep
|turn|7
|inactive|annefrank67 has 120 seconds left.
|
|t:|1758296264
|move|p1a: Masquerain|Sticky Web|p2a: Weezing
|-sidestart|p2: annefrank67|move: Sticky Web
|move|p2a: Weezing|Strange Steam|p1a: Masquerain
|-damage|p1a: Masquerain|0 fnt
|faint|p1a: Masquerain
|
|upkeep
|
|t:|1758296280
|switch|p1a: Cinderace|Cinderace, M|80/100
|turn|8
|
|t:|1758296288
|move|p1a: Cinderace|Flare Blitz|p2a: Weezing
|-damage|p2a: Weezing|51/100
|-damage|p1a: Cinderace|64/100|[from] Recoil
|move|p2a: Weezing|Sludge Bomb|p1a: Cinderace
|-damage|p1a: Cinderace|20/100
|
|-heal|p2a: Weezing|57/100|[from] item: Leftovers
|upkeep
|turn|9
|
|t:|1758296299
|move|p1a: Cinderace|Flare Blitz|p2a: Weezing
|-damage|p2a: Weezing|7/100
|-status|p2a: Weezing|brn
|-damage|p1a: Cinderace|4/100|[from] Recoil
|move|p2a: Weezing|Strange Steam|p1a: Cinderace
|-resisted|p1a: Cinderace
|-damage|p1a: Cinderace|0 fnt
|faint|p1a: Cinderace
|
|-heal|p2a: Weezing|13/100 brn|[from] item: Leftovers
|-damage|p2a: Weezing|7/100 brn|[from] brn
|upkeep
|
|t:|1758296315
|switch|p1a: Quaquaval|Quaquaval, F|100/100
|-activate|p1a: Quaquaval|move: Sticky Web
|-unboost|p1a: Quaquaval|spe|1
|turn|10
|
|t:|1758296320
|move|p1a: Quaquaval|Aqua Step|p2a: Weezing
|-damage|p2a: Weezing|0 fnt
|-boost|p1a: Quaquaval|spe|1
|faint|p2a: Weezing
|-end|p2a: Weezing|ability: Neutralizing Gas
|-ability|p1a: Quaquaval|Moxie|boost
|-boost|p1a: Quaquaval|atk|1
|
|upkeep
|inactive|annefrank67 has 120 seconds left.
|
|t:|1758296349
|switch|p2a: Cinderace|Cinderace, F|100/100
|turn|11
|inactive|annefrank67 has 120 seconds left.
|
|t:|1758296356
|move|p2a: Cinderace|Trailblaze|p1a: Quaquaval
|-start|p2a: Cinderace|typechange|Grass|[from] ability: Libero
|-supereffective|p1a: Quaquaval
|-damage|p1a: Quaquaval|42/100
|-boost|p2a: Cinderace|spe|1
|move|p1a: Quaquaval|Aqua Step|p2a: Cinderace
|-resisted|p2a: Cinderace
|-damage|p2a: Cinderace|54/100
|-boost|p1a: Quaquaval|spe|1
|
|upkeep
|turn|12
|
|t:|1758296366
|move|p2a: Cinderace|Trailblaze|p1a: Quaquaval
|-supereffective|p1a: Quaquaval
|-damage|p1a: Quaquaval|0 fnt
|-boost|p2a: Cinderace|spe|1
|faint|p1a: Quaquaval
|
|upkeep
|
|t:|1758296387
|switch|p1a: Donphan|Donphan, L25, M|100/100
|-activate|p1a: Donphan|move: Sticky Web
|-unboost|p1a: Donphan|spe|1
|turn|13
|
|t:|1758296395
|move|p2a: Cinderace|Trailblaze|p1a: Donphan
|-supereffective|p1a: Donphan
|-ability|p1a: Donphan|Sturdy
|-damage|p1a: Donphan|2/100
|-boost|p2a: Cinderace|spe|1
|move|p1a: Donphan|Endeavor|p2a: Cinderace
|-damage|p2a: Cinderace|1/100
|-heal|p1a: Donphan|27/100|[from] item: Shell Bell|[of] p2a: Cinderace
|
|upkeep
|turn|14
|
|t:|1758296406
|move|p1a: Donphan|Ice Shard|p2a: Cinderace
|-supereffective|p2a: Cinderace
|-damage|p2a: Cinderace|0 fnt
|faint|p2a: Cinderace
|-heal|p1a: Donphan|28/100|[from] item: Shell Bell|[of] p2: Cinderace
|
|upkeep
|
|t:|1758296419
|switch|p2a: Araquanid|Araquanid, M, shiny|100/100
|-activate|p2a: Araquanid|move: Sticky Web
|-unboost|p2a: Araquanid|spe|1
|turn|15
|
|t:|1758296424
|move|p1a: Donphan|Ice Shard|p2a: Araquanid
|-resisted|p2a: Araquanid
|-damage|p2a: Araquanid|99/100
|-heal|p1a: Donphan|29/100|[from] item: Shell Bell|[of] p2a: Araquanid
|move|p2a: Araquanid|Waterfall|p1a: Donphan
|-supereffective|p1a: Donphan
|-damage|p1a: Donphan|0 fnt
|faint|p1a: Donphan
|
|upkeep
|
|t:|1758296431
|switch|p1a: Malamar|Malamar, F|100/100
|-activate|p1a: Malamar|move: Sticky Web
|-boost|p1a: Malamar|spe|1
|turn|16
|
|t:|1758296436
|-terastallize|p1a: Malamar|Fighting
|move|p1a: Malamar|Superpower|p2a: Araquanid
|-resisted|p2a: Araquanid
|-damage|p2a: Araquanid|67/100
|-boost|p1a: Malamar|atk|1
|-boost|p1a: Malamar|def|1
|-damage|p1a: Malamar|91/100|[from] item: Life Orb
|move|p2a: Araquanid|Leech Life|p1a: Malamar
|-resisted|p1a: Malamar
|-damage|p1a: Malamar|80/100
|-heal|p2a: Araquanid|73/100|[from] drain|[of] p1a: Malamar
|
|upkeep
|turn|17
|
|t:|1758296450
|move|p1a: Malamar|Superpower|p2a: Araquanid
|-resisted|p2a: Araquanid
|-damage|p2a: Araquanid|26/100
|-boost|p1a: Malamar|atk|1
|-boost|p1a: Malamar|def|1
|-damage|p1a: Malamar|70/100|[from] item: Life Orb
|move|p2a: Araquanid|Poison Jab|p1a: Malamar
|-damage|p1a: Malamar|60/100
|-status|p1a: Malamar|psn
|
|-damage|p1a: Malamar|48/100 psn|[from] psn
|upkeep
|turn|18
|
|t:|1758296463
|move|p1a: Malamar|Rest|p1a: Malamar
|-status|p1a: Malamar|slp|[from] move: Rest
|-heal|p1a: Malamar|100/100 slp|[silent]
|move|p2a: Araquanid|Leech Life|p1a: Malamar
|-resisted|p1a: Malamar
|-damage|p1a: Malamar|93/100 slp
|-heal|p2a: Araquanid|30/100|[from] drain|[of] p1a: Malamar
|
|upkeep
|turn|19
|
|t:|1758296475
|switch|p2a: Gholdengo|Gholdengo|100/100
|-activate|p2a: Gholdengo|move: Sticky Web
|-unboost|p2a: Gholdengo|spe|1
|cant|p1a: Malamar|slp
|move|p1a: Malamar|Sleep Talk|p1a: Malamar
|move|p1a: Malamar|Rest||[from] move: Sleep Talk|[still]
|-fail|p1a: Malamar
|
|upkeep
|turn|20
|
|t:|1758296483
|cant|p1a: Malamar|slp
|move|p1a: Malamar|Sleep Talk|p1a: Malamar
|move|p1a: Malamar|Rest||[from] move: Sleep Talk|[still]
|-fail|p1a: Malamar
|move|p2a: Gholdengo|Dazzling Gleam|p1a: Malamar
|-supereffective|p1a: Malamar
|-damage|p1a: Malamar|33/100 slp
|
|upkeep
|turn|21
|
|t:|1758296490
|-curestatus|p1a: Malamar|slp|[msg]
|move|p1a: Malamar|Stored Power|p2a: Gholdengo
|-resisted|p2a: Gholdengo
|-damage|p2a: Gholdengo|81/100
|-damage|p1a: Malamar|23/100|[from] item: Life Orb
|move|p2a: Gholdengo|Dazzling Gleam|p1a: Malamar
|-supereffective|p1a: Malamar
|-damage|p1a: Malamar|0 fnt
|faint|p1a: Malamar
|
|-heal|p2a: Gholdengo|87/100|[from] item: Leftovers
|upkeep
|
|t:|1758296496
|switch|p1a: Serperior|Serperior, M|100/100
|-activate|p1a: Serperior|move: Sticky Web
|-boost|p1a: Serperior|spe|1
|turn|22
|
|t:|1758296518
|move|p1a: Serperior|Substitute|p1a: Serperior
|-start|p1a: Serperior|Substitute
|-damage|p1a: Serperior|75/100
|move|p2a: Gholdengo|Flash Cannon|p1a: Serperior
|-end|p1a: Serperior|Substitute
|
|-heal|p2a: Gholdengo|93/100|[from] item: Leftovers
|upkeep
|turn|23
|
|t:|1758296527
|move|p1a: Serperior|Leaf Storm|p2a: Gholdengo
|-resisted|p2a: Gholdengo
|-damage|p2a: Gholdengo|67/100
|-boost|p1a: Serperior|spa|2
|move|p2a: Gholdengo|Flash Cannon|p1a: Serperior
|-damage|p1a: Serperior|22/100
|
|-heal|p2a: Gholdengo|73/100|[from] item: Leftovers
|upkeep
|turn|24
|
|t:|1758296535
|move|p1a: Serperior|Giga Drain|p2a: Gholdengo
|-resisted|p2a: Gholdengo
|-crit|p2a: Gholdengo
|-damage|p2a: Gholdengo|22/100
|-heal|p1a: Serperior|49/100|[from] drain|[of] p2a: Gholdengo
|move|p2a: Gholdengo|Flash Cannon|p1a: Serperior
|-damage|p1a: Serperior|0 fnt
|faint|p1a: Serperior
|
|win|annefrank67
|raw|MBRis's rating: 1075 &rarr; <strong>1052</strong><br />(-23 for losing)
|raw|annefrank67's rating: 1046 &rarr; <strong>1082</strong><br />(+36 for winning)
|l|☆MBRis
|player|p1|
