|j|☆alitrompette
|j|☆DeimosDemon
|t:|1758358372
|gametype|singles
|player|p1|alitrompette|benga|1388
|player|p2|DeimosDemon|lance|1393
|gen|9
|tier|[Gen 9] OU
|rated|
|rule|HP Percentage Mod: HP is shown in percentages
|rule|Endless Battle Clause: Forcing endless battles is banned
|rule|Species Clause: Limit one of each Pokémon
|rule|OHKO Clause: OHKO moves are banned
|rule|Evasion Items Clause: Evasion items are banned
|rule|Evasion Moves Clause: Evasion moves are banned
|rule|Evasion Abilities Clause: Evasion abilities are banned
|rule|Sleep Moves Clause: Sleep-inducing moves are banned
|clearpoke
|poke|p1|Garchomp, M|
|poke|p1|Heatran, M|
|poke|p1|Weezing-Galar, F|
|poke|p1|Dragapult, M|
|poke|p1|Serperior, F|
|poke|p1|Samurott-Hisui, F|
|poke|p2|Alomomola, F|
|poke|p2|Landorus-Therian, M|
|poke|p2|Darkrai|
|poke|p2|Corviknight, M|
|poke|p2|Iron Valiant|
|poke|p2|Kingambit, M|
|teampreview
|
|t:|1758358389
|teamsize|p1|6
|teamsize|p2|6
|start
|switch|p1a: Usain Flop|Dragapult, M|100/100
|switch|p2a: Landorus|Landorus-Therian, M|100/100
|-ability|p2a: Landorus|Intimidate|boost
|-unboost|p1a: Usain Flop|atk|1
|turn|1
|inactive|Battle timer is ON: inactive players will automatically lose when time's up. (requested by alitrompette)
|
|t:|1758358411
|move|p2a: Landorus|U-turn|p1a: Usain Flop
|-resisted|p1a: Usain Flop
|-damage|p1a: Usain Flop|81/100
|
|t:|1758358413
|switch|p2a: Iron Valiant|Iron Valiant|100/100|[from] U-turn
|-enditem|p2a: Iron Valiant|Booster Energy
|-activate|p2a: Iron Valiant|ability: Quark Drive|[fromitem]
|-start|p2a: Iron Valiant|quarkdrivespe
|move|p1a: Usain Flop|Draco Meteor|p2a: Iron Valiant
|-immune|p2a: Iron Valiant
|
|upkeep
|turn|2
|
|t:|1758358428
|switch|p1a: Tonton Relou|Weezing-Galar, F|100/100
|move|p2a: Iron Valiant|Close Combat|p1a: Tonton Relou
|-resisted|p1a: Tonton Relou
|-damage|p1a: Tonton Relou|92/100
|-unboost|p2a: Iron Valiant|def|1
|-unboost|p2a: Iron Valiant|spd|1
|
|-heal|p1a: Tonton Relou|98/100|[from] item: Leftovers
|upkeep
|turn|3
|
|t:|1758358445
|-end|p2a: Iron Valiant|Quark Drive|[silent]
|switch|p2a: Alomomola|Alomomola, F|100/100
|move|p1a: Tonton Relou|Will-O-Wisp|p2a: Alomomola
|-status|p2a: Alomomola|brn
|
|-heal|p1a: Tonton Relou|100/100|[from] item: Leftovers
|-damage|p2a: Alomomola|94/100 brn|[from] brn
|upkeep
|turn|4
|
|t:|1758358460
|move|p1a: Tonton Relou|Pain Split|p2a: Alomomola
|-sethp|p2a: Alomomola|79/100 brn|[from] move: Pain Split|[silent]
|-sethp|p1a: Tonton Relou|100/100|[from] move: Pain Split
|move|p2a: Alomomola|Scald|p1a: Tonton Relou
|-damage|p1a: Tonton Relou|81/100
|
|-heal|p1a: Tonton Relou|87/100|[from] item: Leftovers
|-damage|p2a: Alomomola|72/100 brn|[from] brn
|upkeep
|turn|5
|
|t:|1758358480
|switch|p1a: Sticky plz|Serperior, F|100/100
|move|p2a: Alomomola|Flip Turn|p1a: Sticky plz
|-resisted|p1a: Sticky plz
|-damage|p1a: Sticky plz|96/100
|
|t:|1758358500
|switch|p2a: Darkrai|Darkrai|100/100|[from] Flip Turn
|
|-heal|p1a: Sticky plz|100/100|[from] item: Leftovers
|upkeep
|turn|6
|
|t:|1758358507
|switch|p1a: Mausch|Heatran, M|100/100
|move|p2a: Darkrai|Ice Beam|p1a: Mausch
|-resisted|p1a: Mausch
|-damage|p1a: Mausch|93/100
|
|-heal|p1a: Mausch|99/100|[from] item: Leftovers
|upkeep
|turn|7
|
|t:|1758358522
|switch|p2a: Landorus|Landorus-Therian, M|100/100
|-ability|p2a: Landorus|Intimidate|boost
|-unboost|p1a: Mausch|atk|1
|move|p1a: Mausch|Stealth Rock|p2a: Landorus
|-sidestart|p2: DeimosDemon|move: Stealth Rock
|
|-heal|p1a: Mausch|100/100|[from] item: Leftovers
|upkeep
|turn|8
|
|t:|1758358531
|switch|p1a: Tonton Relou|Weezing-Galar, F|87/100
|move|p2a: Landorus|U-turn|p1a: Tonton Relou
|-resisted|p1a: Tonton Relou
|-damage|p1a: Tonton Relou|82/100
|
|t:|1758358535
|switch|p2a: Corviknight|Corviknight, M|100/100|[from] U-turn
|-damage|p2a: Corviknight|88/100|[from] Stealth Rock
|-ability|p2a: Corviknight|Pressure
|
|-heal|p1a: Tonton Relou|88/100|[from] item: Leftovers
|upkeep
|turn|9
|
|t:|1758358544
|move|p2a: Corviknight|Defog|p1a: Tonton Relou
|-unboost|p1a: Tonton Relou|evasion|1
|-sideend|p2: DeimosDemon|Stealth Rock|[from] move: Defog|[of] p2a: Corviknight
|move|p1a: Tonton Relou|Will-O-Wisp|p2a: Corviknight|[miss]
|-miss|p1a: Tonton Relou|p2a: Corviknight
|
|-heal|p1a: Tonton Relou|94/100|[from] item: Leftovers
|upkeep
|turn|10
|
|t:|1758358555
|switch|p2a: Alomomola|Alomomola, F|100/100 brn
|switch|p1a: Usain Flop|Dragapult, M|81/100
|
|-damage|p2a: Alomomola|94/100 brn|[from] brn
|upkeep
|turn|11
|
|t:|1758358563
|move|p1a: Usain Flop|Shadow Ball|p2a: Alomomola
|-damage|p2a: Alomomola|70/100 brn
|-unboost|p2a: Alomomola|spd|1
|move|p2a: Alomomola|Mirror Coat|p1a: Usain Flop
|-damage|p1a: Usain Flop|0 fnt
|faint|p1a: Usain Flop
|
|-damage|p2a: Alomomola|63/100 brn|[from] brn
|upkeep
|
|t:|1758358572
|switch|p1a: Sticky plz|Serperior, F|100/100
|turn|12
|
|t:|1758358596
|switch|p2a: Iron Valiant|Iron Valiant|100/100
|move|p1a: Sticky plz|Substitute|p1a: Sticky plz
|-start|p1a: Sticky plz|Substitute
|-damage|p1a: Sticky plz|76/100
|
|-heal|p1a: Sticky plz|82/100|[from] item: Leftovers
|upkeep
|turn|13
|
|t:|1758358604
|move|p2a: Iron Valiant|Encore|p1a: Sticky plz
|-start|p1a: Sticky plz|Encore
|move|p1a: Sticky plz|Substitute|p1a: Sticky plz
|-fail|p1a: Sticky plz|move: Substitute
|
|-heal|p1a: Sticky plz|88/100|[from] item: Leftovers
|upkeep
|turn|14
|
|t:|1758358614
|switch|p1a: Tonton Relou|Weezing-Galar, F|94/100
|move|p2a: Iron Valiant|Moonblast|p1a: Tonton Relou
|-resisted|p1a: Tonton Relou
|-damage|p1a: Tonton Relou|65/100
|
|-heal|p1a: Tonton Relou|71/100|[from] item: Leftovers
|upkeep
|turn|15
|
|t:|1758358628
|-end|p2a: Iron Valiant|Quark Drive|[silent]
|switch|p2a: Alomomola|Alomomola, F|97/100 brn
|move|p1a: Tonton Relou|Pain Split|p2a: Alomomola
|-sethp|p2a: Alomomola|71/100 brn|[from] move: Pain Split|[silent]
|-sethp|p1a: Tonton Relou|100/100|[from] move: Pain Split
|
|-damage|p2a: Alomomola|64/100 brn|[from] brn
|upkeep
|turn|16
|
|t:|1758358651
|move|p1a: Tonton Relou|Will-O-Wisp|p2a: Alomomola|[miss]
|-miss|p1a: Tonton Relou|p2a: Alomomola
|move|p2a: Alomomola|Flip Turn|p1a: Tonton Relou
|-crit|p1a: Tonton Relou
|-damage|p1a: Tonton Relou|92/100
|
|t:|1758358660
|switch|p2a: Darkrai|Darkrai|100/100|[from] Flip Turn
|
|-heal|p1a: Tonton Relou|98/100|[from] item: Leftovers
|upkeep
|turn|17
|
|t:|1758358670
|switch|p1a: Mausch|Heatran, M|100/100
|-terastallize|p2a: Darkrai|Poison
|move|p2a: Darkrai|Psychic|p1a: Mausch
|-resisted|p1a: Mausch
|-damage|p1a: Mausch|85/100
|
|-heal|p1a: Mausch|91/100|[from] item: Leftovers
|upkeep
|turn|18
|
|t:|1758358681
|switch|p2a: Landorus|Landorus-Therian, M|100/100
|-ability|p2a: Landorus|Intimidate|boost
|-unboost|p1a: Mausch|atk|1
|move|p1a: Mausch|Stealth Rock|p2a: Landorus
|-sidestart|p2: DeimosDemon|move: Stealth Rock
|
|-heal|p1a: Mausch|98/100|[from] item: Leftovers
|upkeep
|turn|19
|
|t:|1758358692
|move|p2a: Landorus|Earthquake|p1a: Mausch
|-supereffective|p1a: Mausch
|-damage|p1a: Mausch|0 fnt
|faint|p1a: Mausch
|
|upkeep
|inactive|alitrompette has 120 seconds left.
|
|t:|1758358719
|switch|p1a: Manu F|Garchomp, M|100/100
|turn|20
|
|t:|1758358747
|move|p2a: Landorus|Earthquake|p1a: Manu F
|-damage|p1a: Manu F|37/100
|move|p1a: Manu F|Swords Dance|p1a: Manu F
|-boost|p1a: Manu F|atk|2
|
|upkeep
|turn|21
|
|t:|1758358755
|move|p2a: Landorus|Earthquake|p1a: Manu F
|-damage|p1a: Manu F|0 fnt
|faint|p1a: Manu F
|
|upkeep
|
|t:|1758358761
|switch|p1a: Sticky plz|Serperior, F|88/100
|turn|22
|
|t:|1758358769
|switch|p2a: Darkrai|Darkrai, tera:Poison|100/100
|-damage|p2a: Darkrai|88/100|[from] Stealth Rock
|move|p1a: Sticky plz|Leaf Storm|p2a: Darkrai
|-resisted|p2a: Darkrai
|-damage|p2a: Darkrai|55/100
|-boost|p1a: Sticky plz|spa|2
|
|-heal|p1a: Sticky plz|94/100|[from] item: Leftovers
|upkeep
|turn|23
|
|t:|1758358780
|-terastallize|p1a: Sticky plz|Ground
|move|p2a: Darkrai|Sludge Bomb|p1a: Sticky plz
|-resisted|p1a: Sticky plz
|-damage|p1a: Sticky plz|52/100
|move|p1a: Sticky plz|Tera Blast|p2a: Darkrai|[anim] Tera Blast Ground
|-supereffective|p2a: Darkrai
|-damage|p2a: Darkrai|0 fnt
|faint|p2a: Darkrai
|
|-heal|p1a: Sticky plz|58/100|[from] item: Leftovers
|upkeep
|
|t:|1758358797
|switch|p2a: Landorus|Landorus-Therian, M|100/100
|-damage|p2a: Landorus|88/100|[from] Stealth Rock
|-ability|p2a: Landorus|Intimidate|boost
|-boost|p1a: Sticky plz|atk|1
|turn|24
|
|t:|1758358803
|move|p2a: Landorus|Earthquake|p1a: Sticky plz
|-damage|p1a: Sticky plz|0 fnt
|faint|p1a: Sticky plz
|
|upkeep
|
|t:|1758358808
|switch|p1a: Tonton Relou|Weezing-Galar, F|98/100
|turn|25
|-message|alitrompette forfeited.
|
|win|DeimosDemon
|raw|alitrompette's rating: 1388 &rarr; <strong>1368</strong><br />(-20 for losing)
|raw|DeimosDemon's rating: 1393 &rarr; <strong>1413</strong><br />(+20 for winning)
|l|☆alitrompette
|player|p1|
