|j|☆A9MG
|j|☆MegaMHX
|t:|1758378189
|gametype|singles
|player|p1|A9MG|nurseryaide|1350
|player|p2|MegaMHX|sada-ai|1337
|gen|9
|tier|[Gen 9] OU
|rated|
|rule|HP Percentage Mod: HP is shown in percentages
|rule|Endless Battle Clause: Forcing endless battles is banned
|rule|Species Clause: Limit one of each Pokémon
|rule|OHKO Clause: OHKO moves are banned
|rule|Evasion Items Clause: Evasion items are banned
|rule|Evasion Moves Clause: Evasion moves are banned
|rule|Evasion Abilities Clause: Evasion abilities are banned
|rule|Sleep Moves Clause: Sleep-inducing moves are banned
|clearpoke
|poke|p1|Azumarill, M|
|poke|p1|Great Tusk|
|poke|p1|Iron Moth|
|poke|p1|Iron Valiant|
|poke|p1|Landorus-Therian, M|
|poke|p1|Zarude|
|poke|p2|Pelipper, F|
|poke|p2|Hatterene, F|
|poke|p2|Iron Treads|
|poke|p2|Toxicroak, F|
|poke|p2|Barraskewda, F|
|poke|p2|Zapdos|
|teampreview
|inactive|Battle timer is ON: inactive players will automatically lose when time's up. (requested by A9MG)
|
|t:|1758378210
|teamsize|p1|6
|teamsize|p2|6
|start
|switch|p1a: Azumarill|Azumarill, M|100/100
|switch|p2a: Pelipper|Pelipper, F|100/100
|-weather|RainDance|[from] ability: Drizzle|[of] p2a: Pelipper
|turn|1
|
|t:|1758378216
|switch|p2a: Toxicroak|Toxicroak, F|100/100
|move|p1a: Azumarill|Knock Off|p2a: Toxicroak
|-resisted|p2a: Toxicroak
|-damage|p2a: Toxicroak|73/100
|-damage|p1a: Azumarill|84/100|[from] item: Rocky Helmet|[of] p2a: Toxicroak
|-enditem|p2a: Toxicroak|Rocky Helmet|[from] move: Knock Off|[of] p1a: Azumarill
|
|-weather|RainDance|[upkeep]
|-heal|p2a: Toxicroak|85/100|[from] ability: Dry Skin
|upkeep
|turn|2
|
|t:|1758378233
|switch|p1a: Iron Moth|Iron Moth|100/100
|-enditem|p1a: Iron Moth|Booster Energy
|-activate|p1a: Iron Moth|ability: Quark Drive|[fromitem]
|-start|p1a: Iron Moth|quarkdrivespe
|move|p2a: Toxicroak|Knock Off|p1a: Iron Moth
|-damage|p1a: Iron Moth|77/100
|
|-weather|RainDance|[upkeep]
|-heal|p2a: Toxicroak|98/100|[from] ability: Dry Skin
|upkeep
|turn|3
|
|t:|1758378256
|move|p1a: Iron Moth|Fiery Dance|p2a: Toxicroak
|-damage|p2a: Toxicroak|65/100
|-boost|p1a: Iron Moth|spa|1
|move|p2a: Toxicroak|Drain Punch|p1a: Iron Moth
|-resisted|p1a: Iron Moth
|-damage|p1a: Iron Moth|57/100
|-heal|p2a: Toxicroak|73/100|[from] drain|[of] p1a: Iron Moth
|
|-weather|RainDance|[upkeep]
|-heal|p2a: Toxicroak|85/100|[from] ability: Dry Skin
|upkeep
|turn|4
|
|t:|1758378271
|switch|p2a: Hatterene|Hatterene, F|100/100
|move|p1a: Iron Moth|Substitute|p1a: Iron Moth
|-start|p1a: Iron Moth|Substitute
|-damage|p1a: Iron Moth|32/100
|
|-weather|RainDance|[upkeep]
|upkeep
|turn|5
|
|t:|1758378278
|move|p1a: Iron Moth|Sludge Wave|p2a: Hatterene
|-supereffective|p2a: Hatterene
|-damage|p2a: Hatterene|0 fnt
|faint|p2a: Hatterene
|
|-weather|RainDance|[upkeep]
|upkeep
|inactive|MegaMHX has 120 seconds left.
|
|t:|1758378300
|switch|p2a: Barraskewda|Barraskewda, F|100/100
|turn|6
|
|t:|1758378304
|move|p2a: Barraskewda|Flip Turn|p1a: Iron Moth
|-supereffective|p1a: Iron Moth
|-end|p1a: Iron Moth|Substitute
|
|t:|1758378307
|switch|p2a: Iron Treads|Iron Treads|100/100|[from] Flip Turn
|move|p1a: Iron Moth|Sludge Wave|p2a: Iron Treads
|-immune|p2a: Iron Treads
|
|-weather|RainDance|[upkeep]
|upkeep
|turn|7
|
|t:|1758378316
|-end|p2a: Iron Treads|Quark Drive|[silent]
|switch|p2a: Barraskewda|Barraskewda, F|100/100
|-terastallize|p1a: Iron Moth|Ground
|move|p1a: Iron Moth|Tera Blast|p2a: Barraskewda|[anim] Tera Blast Ground
|-damage|p2a: Barraskewda|0 fnt
|faint|p2a: Barraskewda
|
|-weather|RainDance|[upkeep]
|upkeep
|
|t:|1758378328
|switch|p2a: Pelipper|Pelipper, F|100/100
|turn|8
|
|t:|1758378333
|move|p1a: Iron Moth|Sludge Wave|p2a: Pelipper
|-damage|p2a: Pelipper|35/100
|move|p2a: Pelipper|Hurricane|p1a: Iron Moth
|-damage|p1a: Iron Moth|0 fnt
|faint|p1a: Iron Moth
|-end|p1a: Iron Moth|Quark Drive|[silent]
|
|-weather|none
|upkeep
|
|t:|1758378347
|switch|p1a: Iron Valiant|Iron Valiant|100/100
|turn|9
|
|t:|1758378352
|switch|p2a: Toxicroak|Toxicroak, F|85/100
|move|p1a: Iron Valiant|Psyshock|p2a: Toxicroak
|-supereffective|p2a: Toxicroak
|-damage|p2a: Toxicroak|0 fnt
|faint|p2a: Toxicroak
|
|upkeep
|
|t:|1758378357
|switch|p2a: Pelipper|Pelipper, F|35/100
|-weather|RainDance|[from] ability: Drizzle|[of] p2a: Pelipper
|turn|10
|
|t:|1758378362
|switch|p2a: Iron Treads|Iron Treads|100/100
|move|p1a: Iron Valiant|Psyshock|p2a: Iron Treads
|-resisted|p2a: Iron Treads
|-damage|p2a: Iron Treads|85/100
|
|-weather|RainDance|[upkeep]
|-heal|p2a: Iron Treads|91/100|[from] item: Leftovers
|upkeep
|turn|11
|
|t:|1758378370
|-end|p1a: Iron Valiant|Quark Drive|[silent]
|switch|p1a: Zarude|Zarude|100/100
|move|p2a: Iron Treads|Rapid Spin|p1a: Zarude
|-damage|p1a: Zarude|90/100
|-boost|p2a: Iron Treads|spe|1
|
|-weather|RainDance|[upkeep]
|-heal|p2a: Iron Treads|97/100|[from] item: Leftovers
|upkeep
|turn|12
|
|t:|1758378378
|move|p2a: Iron Treads|Volt Switch|p1a: Zarude
|-resisted|p1a: Zarude
|-damage|p1a: Zarude|87/100
|
|t:|1758378382
|-end|p2a: Iron Treads|Quark Drive|[silent]
|switch|p2a: Zapdos|Zapdos|100/100|[from] Volt Switch
|move|p1a: Zarude|Knock Off|p2a: Zapdos
|-damage|p2a: Zapdos|39/100
|-enditem|p2a: Zapdos|Choice Specs|[from] move: Knock Off|[of] p1a: Zarude
|
|-weather|RainDance|[upkeep]
|upkeep
|turn|13
|
|t:|1758378393
|move|p2a: Zapdos|Hurricane|p1a: Zarude
|-supereffective|p1a: Zarude
|-damage|p1a: Zarude|24/100
|move|p1a: Zarude|Power Whip|p2a: Zapdos
|-resisted|p2a: Zapdos
|-damage|p2a: Zapdos|0 fnt
|-status|p1a: Zarude|par|[from] ability: Static|[of] p2a: Zapdos
|faint|p2a: Zapdos
|
|-weather|RainDance|[upkeep]
|upkeep
|
|t:|1758378401
|switch|p2a: Iron Treads|Iron Treads|97/100
|turn|14
|
|t:|1758378405
|move|p2a: Iron Treads|Earthquake|p1a: Zarude
|-resisted|p1a: Zarude
|-damage|p1a: Zarude|10/100 par
|move|p1a: Zarude|Close Combat|p2a: Iron Treads
|-supereffective|p2a: Iron Treads
|-damage|p2a: Iron Treads|34/100
|-unboost|p1a: Zarude|def|1
|-unboost|p1a: Zarude|spd|1
|
|-weather|RainDance|[upkeep]
|-heal|p2a: Iron Treads|40/100|[from] item: Leftovers
|upkeep
|turn|15
|
|t:|1758378415
|move|p2a: Iron Treads|Earthquake|p1a: Zarude
|-resisted|p1a: Zarude
|-crit|p1a: Zarude
|-damage|p1a: Zarude|0 fnt
|faint|p1a: Zarude
|
|-weather|RainDance|[upkeep]
|-heal|p2a: Iron Treads|46/100|[from] item: Leftovers
|upkeep
|
|t:|1758378431
|switch|p1a: Landorus|Landorus-Therian, M|100/100
|-ability|p1a: Landorus|Intimidate|boost
|-unboost|p2a: Iron Treads|atk|1
|turn|16
|
|t:|1758378450
|-end|p2a: Iron Treads|Quark Drive|[silent]
|switch|p2a: Pelipper|Pelipper, F|35/100
|move|p1a: Landorus|Earth Power|p2a: Pelipper
|-immune|p2a: Pelipper
|
|-weather|RainDance|[upkeep]
|upkeep
|turn|17
|
|t:|1758378457
|move|p1a: Landorus|Taunt|p2a: Pelipper
|-start|p2a: Pelipper|move: Taunt
|cant|p2a: Pelipper|move: Taunt|Roost
|
|-weather|none
|upkeep
|turn|18
|
|t:|1758378463
|move|p1a: Landorus|Stealth Rock|p2a: Pelipper
|-sidestart|p2: MegaMHX|move: Stealth Rock
|move|p2a: Pelipper|Hurricane|p1a: Landorus
|-damage|p1a: Landorus|61/100
|
|upkeep
|turn|19
|
|t:|1758378469
|move|p1a: Landorus|Earth Power|p2a: Pelipper
|-immune|p2a: Pelipper
|move|p2a: Pelipper|Hurricane|p1a: Landorus|[miss]
|-miss|p2a: Pelipper|p1a: Landorus
|
|-end|p2a: Pelipper|move: Taunt
|upkeep
|turn|20
|
|t:|1758378477
|move|p1a: Landorus|Taunt|p2a: Pelipper
|-start|p2a: Pelipper|move: Taunt
|move|p2a: Pelipper|Hurricane|p1a: Landorus|[miss]
|-miss|p2a: Pelipper|p1a: Landorus
|
|upkeep
|turn|21
|
|t:|1758378483
|move|p1a: Landorus|Earth Power|p2a: Pelipper
|-immune|p2a: Pelipper
|move|p2a: Pelipper|Hurricane|p1a: Landorus
|-damage|p1a: Landorus|23/100
|-start|p1a: Landorus|confusion
|
|upkeep
|turn|22
|
|t:|1758378490
|-activate|p1a: Landorus|confusion
|move|p1a: Landorus|U-turn|p2a: Pelipper
|-resisted|p2a: Pelipper
|-damage|p2a: Pelipper|25/100
|
|t:|1758378495
|switch|p1a: Great Tusk|Great Tusk|100/100|[from] U-turn
|-enditem|p1a: Great Tusk|Booster Energy
|-activate|p1a: Great Tusk|ability: Protosynthesis|[fromitem]
|-start|p1a: Great Tusk|protosynthesisspe
|move|p2a: Pelipper|Hurricane|p1a: Great Tusk|[miss]
|-miss|p2a: Pelipper|p1a: Great Tusk
|
|-end|p2a: Pelipper|move: Taunt
|upkeep
|turn|23
|
|t:|1758378505
|move|p1a: Great Tusk|Knock Off|p2a: Pelipper
|-damage|p2a: Pelipper|0 fnt
|-enditem|p2a: Pelipper|Damp Rock|[from] move: Knock Off|[of] p1a: Great Tusk
|faint|p2a: Pelipper
|
|upkeep
|
|t:|1758378507
|switch|p2a: Iron Treads|Iron Treads|46/100
|-damage|p2a: Iron Treads|43/100|[from] Stealth Rock
|turn|24
|
|t:|1758378513
|-terastallize|p2a: Iron Treads|Normal
|move|p1a: Great Tusk|Headlong Rush|p2a: Iron Treads
|-damage|p2a: Iron Treads|2/100
|-unboost|p1a: Great Tusk|def|1
|-unboost|p1a: Great Tusk|spd|1
|move|p2a: Iron Treads|Rapid Spin|p1a: Great Tusk
|-damage|p1a: Great Tusk|78/100
|-boost|p2a: Iron Treads|spe|1
|-sideend|p2: MegaMHX|Stealth Rock|[from] move: Rapid Spin|[of] p2a: Iron Treads
|
|-heal|p2a: Iron Treads|8/100|[from] item: Leftovers
|upkeep
|turn|25
|
|t:|1758378524
|move|p1a: Great Tusk|Headlong Rush|p2a: Iron Treads
|-damage|p2a: Iron Treads|0 fnt
|-unboost|p1a: Great Tusk|def|1
|-unboost|p1a: Great Tusk|spd|1
|faint|p2a: Iron Treads
|-end|p2a: Iron Treads|Quark Drive|[silent]
|
|win|A9MG
|raw|A9MG's rating: 1350 &rarr; <strong>1369</strong><br />(+19 for winning)
|raw|MegaMHX's rating: 1337 &rarr; <strong>1318</strong><br />(-19 for losing)
|c|☆A9MG|gg
|l|☆MegaMHX
|player|p2|
|l|☆A9MG
|player|p1|
