|j|☆SpectralStorm
|j|☆KuroNoTamashi
|t:|1758375489
|gametype|singles
|player|p1|SpectralStorm|101|1463
|player|p2|KuroNoTamashi|1|1524
|gen|9
|tier|[Gen 9] OU
|rated|
|rule|HP Percentage Mod: HP is shown in percentages
|rule|Endless Battle Clause: Forcing endless battles is banned
|rule|Species Clause: Limit one of each Pokémon
|rule|OHKO Clause: OHKO moves are banned
|rule|Evasion Items Clause: Evasion items are banned
|rule|Evasion Moves Clause: Evasion moves are banned
|rule|Evasion Abilities Clause: Evasion abilities are banned
|rule|Sleep Moves Clause: Sleep-inducing moves are banned
|clearpoke
|poke|p1|Bellibolt, M|
|poke|p1|Basculegion, M|
|poke|p1|Dragonite, F|
|poke|p1|Iron Treads|
|poke|p1|Barraskewda, F|
|poke|p1|Pelipper, M|
|poke|p2|Kyurem|
|poke|p2|Heatran, M|
|poke|p2|Cinderace, M|
|poke|p2|Slowking-Galar, M|
|poke|p2|Great Tusk|
|poke|p2|Latios, M|
|teampreview
|
|t:|1758375532
|teamsize|p1|6
|teamsize|p2|6
|start
|switch|p1a: Pelipper|Pelipper, M|100/100
|switch|p2a: Kyurem|Kyurem|100/100
|-ability|p2a: Kyurem|Pressure
|-weather|RainDance|[from] ability: Drizzle|[of] p1a: Pelipper
|turn|1
|
|t:|1758375540
|switch|p1a: Iron Treads|Iron Treads|100/100
|move|p2a: Kyurem|Freeze-Dry|p1a: Iron Treads
|-damage|p1a: Iron Treads|31/100
|-enditem|p1a: Iron Treads|Eject Button
|
|t:|1758375544
|-end|p1a: Iron Treads|Quark Drive|[silent]
|switch|p1a: Bellibolt|Bellibolt, M|100/100
|
|-weather|RainDance|[upkeep]
|upkeep
|turn|2
|
|t:|1758375548
|switch|p2a: Slowking|Slowking-Galar, M, shiny|100/100
|move|p1a: Bellibolt|Volt Switch|p2a: Slowking
|-damage|p2a: Slowking|85/100
|
|t:|1758375550
|switch|p1a: Basculegion|Basculegion, M|100/100|[from] Volt Switch
|
|-weather|RainDance|[upkeep]
|upkeep
|turn|3
|
|t:|1758375558
|move|p1a: Basculegion|Wave Crash|p2a: Slowking
|-damage|p2a: Slowking|0 fnt
|faint|p2a: Slowking
|-damage|p1a: Basculegion|72/100|[from] Recoil
|
|-weather|RainDance|[upkeep]
|upkeep
|
|t:|1758375562
|switch|p2a: Kyurem|Kyurem|100/100
|-ability|p2a: Kyurem|Pressure
|turn|4
|
|t:|1758375566
|switch|p1a: Iron Treads|Iron Treads|31/100
|move|p2a: Kyurem|Freeze-Dry|p1a: Iron Treads
|-damage|p1a: Iron Treads|0 fnt
|faint|p1a: Iron Treads
|-end|p1a: Iron Treads|Quark Drive|[silent]
|
|-weather|RainDance|[upkeep]
|upkeep
|
|t:|1758375567
|switch|p1a: Bellibolt|Bellibolt, M|100/100
|turn|5
|
|t:|1758375571
|switch|p2a: Heatran|Heatran, M|100/100
|move|p1a: Bellibolt|Weather Ball|p2a: Heatran
|-supereffective|p2a: Heatran
|-damage|p2a: Heatran|39/100
|
|-weather|RainDance|[upkeep]
|upkeep
|turn|6
|
|t:|1758375581
|move|p2a: Heatran|Protect|p2a: Heatran
|-singleturn|p2a: Heatran|Protect
|move|p1a: Bellibolt|Volt Switch|p2a: Heatran
|-activate|p2a: Heatran|move: Protect
|
|-weather|RainDance|[upkeep]
|upkeep
|turn|7
|
|t:|1758375584
|move|p2a: Heatran|Earth Power|p1a: Bellibolt
|-supereffective|p1a: Bellibolt
|-damage|p1a: Bellibolt|65/100
|-start|p1a: Bellibolt|Charge|Earth Power|[from] ability: Electromorphosis
|move|p1a: Bellibolt|Weather Ball|p2a: Heatran
|-supereffective|p2a: Heatran
|-damage|p2a: Heatran|0 fnt
|faint|p2a: Heatran
|
|-weather|RainDance|[upkeep]
|upkeep
|
|t:|1758375591
|switch|p2a: Latios|Latios, M|100/100
|turn|8
|
|t:|1758375601
|-terastallize|p1a: Bellibolt|Fairy
|move|p2a: Latios|Luster Purge|p1a: Bellibolt
|-crit|p1a: Bellibolt
|-damage|p1a: Bellibolt|15/100
|-start|p1a: Bellibolt|Charge|Luster Purge|[from] ability: Electromorphosis
|move|p1a: Bellibolt|Tera Blast|p2a: Latios|[anim] Tera Blast Fairy
|-supereffective|p2a: Latios
|-damage|p2a: Latios|22/100
|
|-weather|none
|upkeep
|turn|9
|
|t:|1758375606
|switch|p1a: Pelipper|Pelipper, M|100/100
|-weather|RainDance|[from] ability: Drizzle|[of] p1a: Pelipper
|move|p2a: Latios|Luster Purge|p1a: Pelipper
|-damage|p1a: Pelipper|32/100
|-unboost|p1a: Pelipper|spd|1
|
|-weather|RainDance|[upkeep]
|upkeep
|turn|10
|
|t:|1758375609
|switch|p1a: Bellibolt|Bellibolt, M, tera:Fairy|15/100
|move|p2a: Latios|Luster Purge|p1a: Bellibolt
|-damage|p1a: Bellibolt|0 fnt
|faint|p1a: Bellibolt
|
|-weather|RainDance|[upkeep]
|upkeep
|
|t:|1758375611
|switch|p1a: Barraskewda|Barraskewda, F|100/100
|turn|11
|
|t:|1758375617
|move|p1a: Barraskewda|Flip Turn|p2a: Latios
|-resisted|p2a: Latios
|-damage|p2a: Latios|0 fnt
|faint|p2a: Latios
|
|t:|1758375621
|switch|p1a: Dragonite|Dragonite, F|100/100|[from] Flip Turn
|
|-weather|RainDance|[upkeep]
|upkeep
|
|t:|1758375623
|switch|p2a: Kyurem|Kyurem|100/100
|-ability|p2a: Kyurem|Pressure
|turn|12
|
|t:|1758375628
|move|p2a: Kyurem|Ice Beam|p1a: Dragonite
|-supereffective|p1a: Dragonite
|-damage|p1a: Dragonite|0 fnt
|faint|p1a: Dragonite
|
|-weather|RainDance|[upkeep]
|upkeep
|
|t:|1758375630
|switch|p1a: Barraskewda|Barraskewda, F|100/100
|turn|13
|
|t:|1758375634
|-terastallize|p2a: Kyurem|Ghost
|move|p1a: Barraskewda|Flip Turn|p2a: Kyurem
|-damage|p2a: Kyurem|34/100
|
|t:|1758375640
|switch|p1a: Basculegion|Basculegion, M|72/100|[from] Flip Turn
|move|p2a: Kyurem|Ice Beam|p1a: Basculegion
|-resisted|p1a: Basculegion
|-damage|p1a: Basculegion|32/100
|
|-weather|RainDance|[upkeep]
|upkeep
|turn|14
|
|t:|1758375644
|move|p1a: Basculegion|Aqua Jet|p2a: Kyurem
|-damage|p2a: Kyurem|0 fnt
|faint|p2a: Kyurem
|
|-weather|RainDance|[upkeep]
|upkeep
|
|t:|1758375651
|switch|p2a: Cinderace|Cinderace, M|100/100
|turn|15
|
|t:|1758375654
|move|p1a: Basculegion|Aqua Jet|p2a: Cinderace
|-supereffective|p2a: Cinderace
|-damage|p2a: Cinderace|0 fnt
|faint|p2a: Cinderace
|
|-weather|RainDance|[upkeep]
|upkeep
|
|t:|1758375656
|switch|p2a: Great Tusk|Great Tusk|100/100
|-enditem|p2a: Great Tusk|Booster Energy
|-activate|p2a: Great Tusk|ability: Protosynthesis|[fromitem]
|-start|p2a: Great Tusk|protosynthesisspe
|turn|16
|
|t:|1758375660
|move|p1a: Basculegion|Aqua Jet|p2a: Great Tusk
|-supereffective|p2a: Great Tusk
|-damage|p2a: Great Tusk|21/100
|move|p2a: Great Tusk|Earthquake|p1a: Basculegion
|-damage|p1a: Basculegion|0 fnt
|faint|p1a: Basculegion
|
|-weather|none
|upkeep
|
|t:|1758375665
|switch|p1a: Pelipper|Pelipper, M|32/100
|-weather|RainDance|[from] ability: Drizzle|[of] p1a: Pelipper
|turn|17
|-message|KuroNoTamashi forfeited.
|
|win|SpectralStorm
|raw|SpectralStorm's rating: 1463 &rarr; <strong>1486</strong><br />(+23 for winning)
|raw|KuroNoTamashi's rating: 1524 &rarr; <strong>1501</strong><br />(-23 for losing)
|l|☆KuroNoTamashi
|player|p2|
|l|☆SpectralStorm
|player|p1|
