|j|☆gateauaukebab
|j|☆smurtgurt
|t:|1758323303
|gametype|singles
|player|p1|gateauaukebab|170|1429
|player|p2|smurtgurt|unknown|1415
|gen|9
|tier|[Gen 9] OU
|rated|
|rule|HP Percentage Mod: HP is shown in percentages
|rule|Endless Battle Clause: Forcing endless battles is banned
|rule|Species Clause: Limit one of each Pokémon
|rule|OHKO Clause: OHKO moves are banned
|rule|Evasion Items Clause: Evasion items are banned
|rule|Evasion Moves Clause: Evasion moves are banned
|rule|Evasion Abilities Clause: Evasion abilities are banned
|rule|Sleep Moves Clause: Sleep-inducing moves are banned
|clearpoke
|poke|p1|Dragapult, M|
|poke|p1|Enamorus, F|
|poke|p1|Glimmora, F|
|poke|p1|Iron Moth|
|poke|p1|Kingambit, M|
|poke|p1|Manaphy|
|poke|p2|Tyranitar, M|
|poke|p2|Scyther, F|
|poke|p2|Diancie|
|poke|p2|Clodsire, F|
|poke|p2|Garganacl, F|
|poke|p2|Glimmora, M|
|teampreview
|inactive|Battle timer is ON: inactive players will automatically lose when time's up. (requested by gateauaukebab)
|
|t:|1758323320
|teamsize|p1|6
|teamsize|p2|6
|start
|switch|p1a: Glimmora|Glimmora, F|100/100
|switch|p2a: Glimmora|Glimmora, M|100/100
|-item|p2a: Glimmora|Air Balloon
|turn|1
|
|t:|1758323340
|move|p1a: Glimmora|Power Gem|p2a: Glimmora
|-damage|p2a: Glimmora|58/100
|-enditem|p2a: Glimmora|Air Balloon
|move|p2a: Glimmora|Toxic|p1a: Glimmora
|-status|p1a: Glimmora|tox
|
|-damage|p1a: Glimmora|94/100 tox|[from] psn
|upkeep
|turn|2
|
|t:|1758323358
|move|p2a: Glimmora|Spiky Shield|p2a: Glimmora
|-singleturn|p2a: Glimmora|move: Protect
|move|p1a: Glimmora|Earth Power|p2a: Glimmora
|-activate|p2a: Glimmora|move: Protect
|
|-damage|p1a: Glimmora|82/100 tox|[from] psn
|upkeep
|turn|3
|
|t:|1758323364
|switch|p2a: Scyther|Scyther, F|100/100
|move|p1a: Glimmora|Earth Power|p2a: Scyther
|-immune|p2a: Scyther
|
|-damage|p1a: Glimmora|63/100 tox|[from] psn
|upkeep
|turn|4
|
|t:|1758323370
|switch|p2a: Glimmora|Glimmora, M|58/100
|move|p1a: Glimmora|Stealth Rock|p2a: Glimmora
|-sidestart|p2: smurtgurt|move: Stealth Rock
|
|-damage|p1a: Glimmora|39/100 tox|[from] psn
|upkeep
|turn|5
|
|t:|1758323383
|move|p2a: Glimmora|Spiky Shield|p2a: Glimmora
|-singleturn|p2a: Glimmora|move: Protect
|move|p1a: Glimmora|Mortal Spin|p2a: Glimmora
|-activate|p2a: Glimmora|move: Protect
|-damage|p1a: Glimmora|26/100 tox|[from] Spiky Shield|[of] p2a: Glimmora
|
|-damage|p1a: Glimmora|0 fnt|[from] psn
|faint|p1a: Glimmora
|upkeep
|
|t:|1758323392
|switch|p1a: Manaphy|Manaphy|100/100
|turn|6
|
|t:|1758323403
|move|p1a: Manaphy|Tail Glow|p1a: Manaphy
|-boost|p1a: Manaphy|spa|3
|move|p2a: Glimmora|Mortal Spin|p1a: Manaphy
|-damage|p1a: Manaphy|94/100
|-status|p1a: Manaphy|psn
|-sideend|p2: smurtgurt|Stealth Rock|[from] move: Mortal Spin|[of] p2a: Glimmora
|
|-heal|p1a: Manaphy|100/100 psn|[from] item: Leftovers
|-damage|p1a: Manaphy|88/100 psn|[from] psn
|upkeep
|turn|7
|
|t:|1758323413
|move|p1a: Manaphy|Surf|p2a: Glimmora
|-supereffective|p2a: Glimmora
|-damage|p2a: Glimmora|0 fnt
|faint|p2a: Glimmora
|
|-heal|p1a: Manaphy|94/100 psn|[from] item: Leftovers
|-damage|p1a: Manaphy|82/100 psn|[from] psn
|upkeep
|
|t:|1758323419
|switch|p2a: Clodsire|Clodsire, F|100/100
|turn|8
|
|t:|1758323423
|move|p2a: Clodsire|Protect|p2a: Clodsire
|-singleturn|p2a: Clodsire|Protect
|move|p1a: Manaphy|Ice Beam|p2a: Clodsire
|-activate|p2a: Clodsire|move: Protect
|
|-heal|p1a: Manaphy|88/100 psn|[from] item: Leftovers
|-damage|p1a: Manaphy|76/100 psn|[from] psn
|upkeep
|turn|9
|
|t:|1758323430
|-terastallize|p2a: Clodsire|Water
|move|p1a: Manaphy|Ice Beam|p2a: Clodsire
|-resisted|p2a: Clodsire
|-damage|p2a: Clodsire|90/100
|move|p2a: Clodsire|Bulldoze|p1a: Manaphy
|-damage|p1a: Manaphy|59/100 psn
|-unboost|p1a: Manaphy|spe|1
|
|-heal|p1a: Manaphy|65/100 psn|[from] item: Leftovers
|-heal|p2a: Clodsire|97/100|[from] item: Leftovers
|-damage|p1a: Manaphy|53/100 psn|[from] psn
|upkeep
|turn|10
|
|t:|1758323436
|move|p1a: Manaphy|Energy Ball|p2a: Clodsire
|-supereffective|p2a: Clodsire
|-damage|p2a: Clodsire|55/100
|move|p2a: Clodsire|Bulldoze|p1a: Manaphy
|-damage|p1a: Manaphy|36/100 psn
|-unboost|p1a: Manaphy|spe|1
|
|-heal|p1a: Manaphy|42/100 psn|[from] item: Leftovers
|-heal|p2a: Clodsire|61/100|[from] item: Leftovers
|-damage|p1a: Manaphy|30/100 psn|[from] psn
|upkeep
|turn|11
|
|t:|1758323448
|move|p1a: Manaphy|Energy Ball|p2a: Clodsire
|-supereffective|p2a: Clodsire
|-damage|p2a: Clodsire|23/100
|move|p2a: Clodsire|Recover|p2a: Clodsire
|-heal|p2a: Clodsire|73/100
|
|-heal|p1a: Manaphy|36/100 psn|[from] item: Leftovers
|-heal|p2a: Clodsire|79/100|[from] item: Leftovers
|-damage|p1a: Manaphy|24/100 psn|[from] psn
|upkeep
|turn|12
|
|t:|1758323456
|move|p1a: Manaphy|Energy Ball|p2a: Clodsire
|-supereffective|p2a: Clodsire
|-damage|p2a: Clodsire|40/100
|move|p2a: Clodsire|Recover|p2a: Clodsire
|-heal|p2a: Clodsire|90/100
|
|-heal|p1a: Manaphy|30/100 psn|[from] item: Leftovers
|-heal|p2a: Clodsire|96/100|[from] item: Leftovers
|-damage|p1a: Manaphy|18/100 psn|[from] psn
|upkeep
|turn|13
|
|t:|1758323465
|move|p2a: Clodsire|Protect|p2a: Clodsire
|-singleturn|p2a: Clodsire|Protect
|move|p1a: Manaphy|Energy Ball|p2a: Clodsire
|-activate|p2a: Clodsire|move: Protect
|
|-heal|p1a: Manaphy|24/100 psn|[from] item: Leftovers
|-heal|p2a: Clodsire|100/100|[from] item: Leftovers
|-damage|p1a: Manaphy|11/100 psn|[from] psn
|upkeep
|turn|14
|
|t:|1758323468
|move|p1a: Manaphy|Energy Ball|p2a: Clodsire
|-supereffective|p2a: Clodsire
|-damage|p2a: Clodsire|59/100
|move|p2a: Clodsire|Recover|p2a: Clodsire
|-heal|p2a: Clodsire|100/100
|
|-heal|p1a: Manaphy|18/100 psn|[from] item: Leftovers
|-damage|p1a: Manaphy|5/100 psn|[from] psn
|upkeep
|turn|15
|
|t:|1758323472
|move|p2a: Clodsire|Protect|p2a: Clodsire
|-singleturn|p2a: Clodsire|Protect
|move|p1a: Manaphy|Energy Ball|p2a: Clodsire
|-activate|p2a: Clodsire|move: Protect
|
|-heal|p1a: Manaphy|11/100 psn|[from] item: Leftovers
|-damage|p1a: Manaphy|0 fnt|[from] psn
|faint|p1a: Manaphy
|upkeep
|
|t:|1758323474
|switch|p1a: Enamorus|Enamorus, F|100/100
|turn|16
|
|t:|1758323479
|move|p1a: Enamorus|Substitute|p1a: Enamorus
|-start|p1a: Enamorus|Substitute
|-damage|p1a: Enamorus|76/100
|move|p2a: Clodsire|Toxic||[still]
|-fail|p2a: Clodsire
|
|-heal|p1a: Enamorus|82/100|[from] item: Leftovers
|upkeep
|turn|17
|
|t:|1758323488
|switch|p2a: Diancie|Diancie|100/100
|move|p1a: Enamorus|Calm Mind|p1a: Enamorus
|-boost|p1a: Enamorus|spa|1
|-boost|p1a: Enamorus|spd|1
|
|-heal|p1a: Enamorus|88/100|[from] item: Leftovers
|upkeep
|turn|18
|
|t:|1758323494
|move|p1a: Enamorus|Earth Power|p2a: Diancie
|-supereffective|p2a: Diancie
|-damage|p2a: Diancie|10/100
|move|p2a: Diancie|Trick Room|p2a: Diancie
|-fieldstart|move: Trick Room|[of] p2a: Diancie
|
|-heal|p1a: Enamorus|94/100|[from] item: Leftovers
|upkeep
|turn|19
|
|t:|1758323505
|move|p2a: Diancie|Meteor Beam||[still]
|-prepare|p2a: Diancie|Meteor Beam
|-boost|p2a: Diancie|spa|1
|-enditem|p2a: Diancie|Power Herb
|-anim|p2a: Diancie|Meteor Beam|p1a: Enamorus
|-supereffective|p1a: Enamorus
|-end|p1a: Enamorus|Substitute
|move|p1a: Enamorus|Moonblast|p2a: Diancie
|-damage|p2a: Diancie|0 fnt
|faint|p2a: Diancie
|
|-heal|p1a: Enamorus|100/100|[from] item: Leftovers
|upkeep
|
|t:|1758323513
|switch|p2a: Clodsire|Clodsire, F, tera:Water|100/100
|turn|20
|
|t:|1758323516
|switch|p1a: Kingambit|Kingambit, M|100/100
|-activate|p1a: Kingambit|ability: Supreme Overlord
|-start|p1a: Kingambit|fallen2|[silent]
|move|p2a: Clodsire|Toxic|p1a: Kingambit
|-immune|p1a: Kingambit
|
|upkeep
|turn|21
|
|t:|1758323523
|move|p2a: Clodsire|Bulldoze|p1a: Kingambit
|-supereffective|p1a: Kingambit
|-damage|p1a: Kingambit|78/100
|-unboost|p1a: Kingambit|spe|1
|move|p1a: Kingambit|Kowtow Cleave|p2a: Clodsire
|-damage|p2a: Clodsire|60/100
|
|-heal|p2a: Clodsire|66/100|[from] item: Leftovers
|-heal|p1a: Kingambit|84/100|[from] item: Leftovers
|upkeep
|turn|22
|
|t:|1758323542
|switch|p2a: Tyranitar|Tyranitar, M|100/100
|-weather|Sandstorm|[from] ability: Sand Stream|[of] p2a: Tyranitar
|move|p1a: Kingambit|Swords Dance|p1a: Kingambit
|-boost|p1a: Kingambit|atk|2
|
|-weather|Sandstorm|[upkeep]
|-heal|p1a: Kingambit|91/100|[from] item: Leftovers
|-fieldend|move: Trick Room
|upkeep
|turn|23
|
|t:|1758323554
|move|p1a: Kingambit|Iron Head|p2a: Tyranitar
|-supereffective|p2a: Tyranitar
|-damage|p2a: Tyranitar|0 fnt
|faint|p2a: Tyranitar
|
|-weather|Sandstorm|[upkeep]
|-heal|p1a: Kingambit|97/100|[from] item: Leftovers
|upkeep
|
|t:|1758323565
|switch|p2a: Scyther|Scyther, F|100/100
|turn|24
|
|t:|1758323571
|move|p1a: Kingambit|Sucker Punch|p2a: Scyther
|-damage|p2a: Scyther|32/100
|move|p2a: Scyther|Close Combat|p1a: Kingambit
|-supereffective|p1a: Kingambit
|-damage|p1a: Kingambit|2/100
|-unboost|p2a: Scyther|def|1
|-unboost|p2a: Scyther|spd|1
|
|-weather|Sandstorm|[upkeep]
|-damage|p2a: Scyther|25/100|[from] Sandstorm
|-heal|p1a: Kingambit|8/100|[from] item: Leftovers
|upkeep
|turn|25
|
|t:|1758323582
|switch|p2a: Clodsire|Clodsire, F, tera:Water|66/100
|move|p1a: Kingambit|Sucker Punch||[still]
|-fail|p1a: Kingambit
|
|-weather|Sandstorm|[upkeep]
|-damage|p2a: Clodsire|60/100|[from] Sandstorm
|-heal|p1a: Kingambit|14/100|[from] item: Leftovers
|-heal|p2a: Clodsire|66/100|[from] item: Leftovers
|upkeep
|turn|26
|
|t:|1758323588
|move|p1a: Kingambit|Kowtow Cleave|p2a: Clodsire
|-damage|p2a: Clodsire|24/100
|move|p2a: Clodsire|Bulldoze|p1a: Kingambit
|-supereffective|p1a: Kingambit
|-damage|p1a: Kingambit|0 fnt
|faint|p1a: Kingambit
|-end|p1a: Kingambit|fallen2|[silent]
|
|-weather|none
|-heal|p2a: Clodsire|30/100|[from] item: Leftovers
|upkeep
|
|t:|1758323595
|switch|p1a: Dragapult|Dragapult, M|100/100
|turn|27
|
|t:|1758323605
|move|p1a: Dragapult|Dragon Darts|p2a: Clodsire
|-damage|p2a: Clodsire|11/100
|-anim|p1a: Dragapult|Dragon Darts|p2a: Clodsire
|-damage|p2a: Clodsire|0 fnt
|faint|p2a: Clodsire
|
|upkeep
|
|t:|1758323609
|switch|p2a: Garganacl|Garganacl, F|100/100
|turn|28
|
|t:|1758323622
|move|p1a: Dragapult|Dragon Dance|p1a: Dragapult
|-boost|p1a: Dragapult|atk|1
|-boost|p1a: Dragapult|spe|1
|move|p2a: Garganacl|Stealth Rock|p1a: Dragapult
|-sidestart|p1: gateauaukebab|move: Stealth Rock
|
|upkeep
|turn|29
|
|t:|1758323641
|move|p1a: Dragapult|Dragon Dance|p1a: Dragapult
|-boost|p1a: Dragapult|atk|1
|-boost|p1a: Dragapult|spe|1
|move|p2a: Garganacl|Salt Cure|p1a: Dragapult
|-damage|p1a: Dragapult|78/100
|-start|p1a: Dragapult|Salt Cure
|
|-damage|p1a: Dragapult|66/100|[from] Salt Cure
|upkeep
|turn|30
|
|t:|1758323647
|move|p1a: Dragapult|Dragon Darts|p2a: Garganacl
|-crit|p2a: Garganacl
|-damage|p2a: Garganacl|57/100
|-anim|p1a: Dragapult|Dragon Darts|p2a: Garganacl
|-damage|p2a: Garganacl|27/100
|move|p2a: Garganacl|Recover|p2a: Garganacl
|-heal|p2a: Garganacl|77/100
|
|-damage|p1a: Dragapult|54/100|[from] Salt Cure
|upkeep
|turn|31
|
|t:|1758323652
|move|p1a: Dragapult|Dragon Darts|p2a: Garganacl
|-damage|p2a: Garganacl|50/100
|-anim|p1a: Dragapult|Dragon Darts|p2a: Garganacl
|-damage|p2a: Garganacl|23/100
|move|p2a: Garganacl|Recover|p2a: Garganacl
|-heal|p2a: Garganacl|73/100
|
|-damage|p1a: Dragapult|42/100|[from] Salt Cure
|upkeep
|turn|32
|
|t:|1758323656
|move|p1a: Dragapult|Dragon Darts|p2a: Garganacl
|-damage|p2a: Garganacl|44/100
|-anim|p1a: Dragapult|Dragon Darts|p2a: Garganacl
|-damage|p2a: Garganacl|13/100
|move|p2a: Garganacl|Recover|p2a: Garganacl
|-heal|p2a: Garganacl|63/100
|
|-damage|p1a: Dragapult|29/100|[from] Salt Cure
|upkeep
|turn|33
|
|t:|1758323660
|move|p2a: Garganacl|Protect|p2a: Garganacl
|-singleturn|p2a: Garganacl|Protect
|move|p1a: Dragapult|Dragon Darts|p2a: Garganacl
|-activate|p2a: Garganacl|move: Protect
|
|-damage|p1a: Dragapult|17/100|[from] Salt Cure
|upkeep
|turn|34
|
|t:|1758323664
|move|p1a: Dragapult|Dragon Darts|p2a: Garganacl
|-damage|p2a: Garganacl|36/100
|-anim|p1a: Dragapult|Dragon Darts|p2a: Garganacl
|-damage|p2a: Garganacl|10/100
|move|p2a: Garganacl|Recover|p2a: Garganacl
|-heal|p2a: Garganacl|60/100
|
|-damage|p1a: Dragapult|5/100|[from] Salt Cure
|upkeep
|turn|35
|
|t:|1758323670
|move|p1a: Dragapult|Dragon Darts|p2a: Garganacl
|-damage|p2a: Garganacl|33/100
|-anim|p1a: Dragapult|Dragon Darts|p2a: Garganacl
|-damage|p2a: Garganacl|6/100
|move|p2a: Garganacl|Recover|p2a: Garganacl
|-heal|p2a: Garganacl|56/100
|
|-damage|p1a: Dragapult|0 fnt|[from] Salt Cure
|faint|p1a: Dragapult
|upkeep
|
|t:|1758323682
|switch|p1a: Enamorus|Enamorus, F|100/100
|-damage|p1a: Enamorus|76/100|[from] Stealth Rock
|turn|36
|
|t:|1758323686
|move|p1a: Enamorus|Earth Power|p2a: Garganacl
|-supereffective|p2a: Garganacl
|-damage|p2a: Garganacl|0 fnt
|faint|p2a: Garganacl
|
|-heal|p1a: Enamorus|82/100|[from] item: Leftovers
|upkeep
|
|t:|1758323689
|switch|p2a: Scyther|Scyther, F|25/100
|turn|37
|
|t:|1758323696
|-terastallize|p1a: Enamorus|Steel
|move|p1a: Enamorus|Moonblast|p2a: Scyther
|-damage|p2a: Scyther|0 fnt
|faint|p2a: Scyther
|
|win|gateauaukebab
|raw|gateauaukebab's rating: 1429 &rarr; <strong>1448</strong><br />(+19 for winning)
|raw|smurtgurt's rating: 1415 &rarr; <strong>1396</strong><br />(-19 for losing)
|l|☆smurtgurt
|player|p2|
|l|☆gateauaukebab
|player|p1|
