|j|☆velcrostuck
|j|☆BlackliightJester
|t:|1758318890
|gametype|singles
|player|p1|velcrostuck|101|1072
|player|p2|BlackliightJester|will|1103
|gen|9
|tier|[Gen 9] OU
|rated|
|rule|HP Percentage Mod: HP is shown in percentages
|rule|Endless Battle Clause: Forcing endless battles is banned
|rule|Species Clause: Limit one of each Pokémon
|rule|OHKO Clause: OHKO moves are banned
|rule|Evasion Items Clause: Evasion items are banned
|rule|Evasion Moves Clause: Evasion moves are banned
|rule|Evasion Abilities Clause: Evasion abilities are banned
|rule|Sleep Moves Clause: Sleep-inducing moves are banned
|clearpoke
|poke|p1|Lokix, M|
|poke|p1|Pecharunt|
|poke|p1|Zamazenta-*|
|poke|p1|Ting-Lu|
|poke|p1|Latios, M|
|poke|p1|Gliscor, F|
|poke|p2|Flapple, M|
|poke|p2|Sableye, F|
|poke|p2|Dugtrio, M|
|poke|p2|Probopass, M|
|poke|p2|Regice|
|poke|p2|Gurdurr, F|
|teampreview
|inactive|Battle timer is ON: inactive players will automatically lose when time's up. (requested by BlackliightJester)
|
|t:|1758318898
|teamsize|p1|6
|teamsize|p2|6
|start
|switch|p1a: Ting-Lu|Ting-Lu|100/100
|switch|p2a: Vincenzo|Probopass, M|100/100
|-ability|p1a: Ting-Lu|Vessel of Ruin
|turn|1
|
|t:|1758318906
|move|p1a: Ting-Lu|Earthquake|p2a: Vincenzo
|-supereffective|p2a: Vincenzo
|-ability|p2a: Vincenzo|Sturdy
|-damage|p2a: Vincenzo|1/100
|move|p2a: Vincenzo|Stealth Rock|p1a: Ting-Lu
|-sidestart|p1: velcrostuck|move: Stealth Rock
|
|upkeep
|turn|2
|-enditem|p2a: Vincenzo|Custap Berry|[eat]
|-activate|p2a: Vincenzo|item: Custap Berry|[consumed]
|
|t:|1758318931
|move|p2a: Vincenzo|Gravity|p2a: Vincenzo
|-fieldstart|move: Gravity
|move|p1a: Ting-Lu|Stealth Rock|p2a: Vincenzo
|-sidestart|p2: BlackliightJester|move: Stealth Rock
|
|upkeep
|turn|3
|
|t:|1758318938
|move|p2a: Vincenzo|Body Press|p1a: Ting-Lu
|-supereffective|p1a: Ting-Lu
|-damage|p1a: Ting-Lu|71/100
|move|p1a: Ting-Lu|Whirlwind|p2a: Vincenzo
|drag|p2a: Blunderbuss|Regice|100/100
|-damage|p2a: Blunderbuss|75/100|[from] Stealth Rock
|
|-heal|p1a: Ting-Lu|77/100|[from] item: Leftovers
|upkeep
|turn|4
|
|t:|1758318951
|move|p2a: Blunderbuss|Ice Beam|p1a: Ting-Lu
|-supereffective|p1a: Ting-Lu
|-damage|p1a: Ting-Lu|49/100
|move|p1a: Ting-Lu|Ruination|p2a: Blunderbuss
|-damage|p2a: Blunderbuss|38/100
|
|-heal|p1a: Ting-Lu|55/100|[from] item: Leftovers
|upkeep
|turn|5
|
|t:|1758318961
|move|p2a: Blunderbuss|Focus Blast|p1a: Ting-Lu
|-supereffective|p1a: Ting-Lu
|-damage|p1a: Ting-Lu|30/100
|move|p1a: Ting-Lu|Whirlwind|p2a: Blunderbuss
|drag|p2a: Natural Disaster|Dugtrio, M|100/100
|-damage|p2a: Natural Disaster|94/100|[from] Stealth Rock
|
|-heal|p1a: Ting-Lu|36/100|[from] item: Leftovers
|upkeep
|turn|6
|
|t:|1758318973
|-terastallize|p2a: Natural Disaster|Ground
|move|p2a: Natural Disaster|Earthquake|p1a: Ting-Lu
|-damage|p1a: Ting-Lu|0 fnt
|faint|p1a: Ting-Lu
|
|-fieldend|move: Gravity
|upkeep
|
|t:|1758318979
|switch|p1a: Latios|Latios, M|100/100
|-damage|p1a: Latios|88/100|[from] Stealth Rock
|turn|7
|
|t:|1758318985
|switch|p2a: Natty|Gurdurr, F|100/100
|-damage|p2a: Natty|94/100|[from] Stealth Rock
|move|p1a: Latios|Flip Turn|p2a: Natty
|-damage|p2a: Natty|86/100
|
|t:|1758318992
|switch|p1a: Pecharunt|Pecharunt|100/100|[from] Flip Turn
|
|upkeep
|turn|8
|
|t:|1758318996
|move|p1a: Pecharunt|Malignant Chain|p2a: Natty
|-damage|p2a: Natty|52/100
|-status|p2a: Natty|tox
|-start|p2a: Natty|confusion|[from] ability: Poison Puppeteer|[of] p1a: Pecharunt
|-activate|p2a: Natty|confusion
|-damage|p2a: Natty|38/100 tox|[from] confusion
|
|-damage|p2a: Natty|32/100 tox|[from] psn
|upkeep
|turn|9
|-message|BlackliightJester forfeited.
|
|win|velcrostuck
|raw|velcrostuck's rating: 1072 &rarr; <strong>1104</strong><br />(+32 for winning)
|raw|BlackliightJester's rating: 1103 &rarr; <strong>1076</strong><br />(-27 for losing)
|l|☆BlackliightJester
|player|p2|
|l|☆velcrostuck
|player|p1|
