|j|☆TheMarshyBoi
|j|☆mamaxia
|t:|1758287342
|gametype|singles
|player|p1|TheMarshyBoi|cynthia|1355
|player|p2|mamaxia|1|1307
|gen|9
|tier|[Gen 9] OU
|rated|
|rule|HP Percentage Mod: HP is shown in percentages
|rule|Endless Battle Clause: Forcing endless battles is banned
|rule|Species Clause: Limit one of each Pokémon
|rule|OHKO Clause: OHKO moves are banned
|rule|Evasion Items Clause: Evasion items are banned
|rule|Evasion Moves Clause: Evasion moves are banned
|rule|Evasion Abilities Clause: Evasion abilities are banned
|rule|Sleep Moves Clause: Sleep-inducing moves are banned
|clearpoke
|poke|p1|Ogerpon, F|
|poke|p1|Raging Bolt|
|poke|p1|Slowking-Galar, F|
|poke|p1|Ting-Lu|
|poke|p1|Iron Crown|
|poke|p1|Great Tusk|
|poke|p2|Mightyena, M|
|poke|p2|Electrode|
|poke|p2|Squawkabilly, F|
|poke|p2|Arcanine-Hisui, M|
|poke|p2|Toedscruel, M|
|poke|p2|Scovillain, M|
|teampreview
|inactive|Battle timer is ON: inactive players will automatically lose when time's up. (requested by mamaxia)
|
|t:|1758287347
|teamsize|p1|6
|teamsize|p2|6
|start
|switch|p1a: Ogerpon|Ogerpon, F|100/100
|switch|p2a: Electrode|Electrode|100/100
|turn|1
|
|t:|1758287354
|switch|p1a: Ting-Lu|Ting-Lu|100/100
|-ability|p1a: Ting-Lu|Vessel of Ruin
|move|p2a: Electrode|Volt Switch|p1a: Ting-Lu
|-immune|p1a: Ting-Lu
|
|upkeep
|turn|2
|
|t:|1758287368
|switch|p2a: Mightyena|Mightyena, M|100/100
|-ability|p2a: Mightyena|Intimidate|boost
|-unboost|p1a: Ting-Lu|atk|1
|move|p1a: Ting-Lu|Stealth Rock|p2a: Mightyena
|-sidestart|p2: mamaxia|move: Stealth Rock
|
|upkeep
|turn|3
|
|t:|1758287375
|move|p2a: Mightyena|Endeavor|p1a: Ting-Lu
|-damage|p1a: Ting-Lu|55/100
|move|p1a: Ting-Lu|Ruination|p2a: Mightyena
|-damage|p2a: Mightyena|50/100
|
|-heal|p1a: Ting-Lu|62/100|[from] item: Leftovers
|upkeep
|turn|4
|
|t:|1758287391
|move|p2a: Mightyena|Endeavor|p1a: Ting-Lu
|-damage|p1a: Ting-Lu|28/100
|move|p1a: Ting-Lu|Whirlwind|p2a: Mightyena
|drag|p2a: Squawkabilly|Squawkabilly, F|100/100
|-damage|p2a: Squawkabilly|76/100|[from] Stealth Rock
|
|-heal|p1a: Ting-Lu|34/100|[from] item: Leftovers
|upkeep
|turn|5
|
|t:|1758287405
|move|p2a: Squawkabilly|Double-Edge|p1a: Ting-Lu
|-damage|p1a: Ting-Lu|0 fnt
|faint|p1a: Ting-Lu
|-damage|p2a: Squawkabilly|57/100|[from] Recoil
|
|upkeep
|
|t:|1758287412
|switch|p1a: Iron Crown|Iron Crown|100/100
|turn|6
|
|t:|1758287422
|switch|p2a: Toedscruel|Toedscruel, M|100/100
|-damage|p2a: Toedscruel|95/100|[from] Stealth Rock
|move|p1a: Iron Crown|Tachyon Cutter|p2a: Toedscruel
|-damage|p2a: Toedscruel|80/100
|-crit|p2a: Toedscruel
|-damage|p2a: Toedscruel|57/100
|-hitcount|p2a: Toedscruel|2
|
|upkeep
|turn|7
|
|t:|1758287430
|-end|p1a: Iron Crown|Quark Drive|[silent]
|switch|p1a: Ogerpon|Ogerpon, F|100/100
|move|p2a: Toedscruel|Rapid Spin|p1a: Ogerpon
|-damage|p1a: Ogerpon|91/100
|-boost|p2a: Toedscruel|spe|1
|-sideend|p2: mamaxia|Stealth Rock|[from] move: Rapid Spin|[of] p2a: Toedscruel
|
|upkeep
|turn|8
|inactive|mamaxia has 120 seconds left.
|
|t:|1758287482
|switch|p2a: Mightyena|Mightyena, M|50/100
|-ability|p2a: Mightyena|Intimidate|boost
|-unboost|p1a: Ogerpon|atk|1
|-ability|p1a: Ogerpon|Defiant|boost
|-boost|p1a: Ogerpon|atk|2
|move|p1a: Ogerpon|U-turn|p2a: Mightyena
|-supereffective|p2a: Mightyena
|-damage|p2a: Mightyena|0 fnt
|faint|p2a: Mightyena
|
|t:|1758287490
|switch|p1a: Iron Crown|Iron Crown|100/100|[from] U-turn
|
|upkeep
|
|t:|1758287495
|switch|p2a: Scovillain|Scovillain, M|100/100
|turn|9
|
|t:|1758287502
|move|p1a: Iron Crown|Volt Switch|p2a: Scovillain
|-resisted|p2a: Scovillain
|-damage|p2a: Scovillain|78/100
|
|t:|1758287504
|-end|p1a: Iron Crown|Quark Drive|[silent]
|switch|p1a: Raging Bolt|Raging Bolt|100/100|[from] Volt Switch
|move|p2a: Scovillain|Substitute|p2a: Scovillain
|-start|p2a: Scovillain|Substitute
|-damage|p2a: Scovillain|53/100
|
|upkeep
|turn|10
|
|t:|1758287508
|-terastallize|p2a: Scovillain|Ice
|move|p2a: Scovillain|Tera Blast|p1a: Raging Bolt|[anim] Tera Blast Ice
|-supereffective|p1a: Raging Bolt
|-crit|p1a: Raging Bolt
|-damage|p1a: Raging Bolt|0 fnt
|faint|p1a: Raging Bolt
|-end|p1a: Raging Bolt|Protosynthesis|[silent]
|-damage|p2a: Scovillain|44/100|[from] item: Life Orb
|
|upkeep
|
|t:|1758287515
|switch|p1a: Iron Crown|Iron Crown|100/100
|turn|11
|
|t:|1758287517
|move|p1a: Iron Crown|Tachyon Cutter|p2a: Scovillain
|-supereffective|p2a: Scovillain
|-end|p2a: Scovillain|Substitute
|-supereffective|p2a: Scovillain
|-damage|p2a: Scovillain|0 fnt
|faint|p2a: Scovillain
|-hitcount|p2: Scovillain|2
|
|upkeep
|
|t:|1758287529
|switch|p2a: Arcanine|Arcanine-Hisui, M|100/100
|turn|12
|
|t:|1758287533
|move|p2a: Arcanine|Flare Blitz|p1a: Iron Crown
|-supereffective|p1a: Iron Crown
|-damage|p1a: Iron Crown|0 fnt
|faint|p1a: Iron Crown
|-end|p1a: Iron Crown|Quark Drive|[silent]
|
|upkeep
|
|t:|1758287538
|switch|p1a: Great Tusk|Great Tusk|100/100
|turn|13
|
|t:|1758287551
|switch|p2a: Toedscruel|Toedscruel, M|57/100
|move|p1a: Great Tusk|Close Combat|p2a: Toedscruel
|-damage|p2a: Toedscruel|0 fnt
|-unboost|p1a: Great Tusk|def|1
|-unboost|p1a: Great Tusk|spd|1
|faint|p2a: Toedscruel
|
|upkeep
|inactive|mamaxia has 120 seconds left.
|
|t:|1758287579
|switch|p2a: Squawkabilly|Squawkabilly, F|57/100
|turn|14
|
|t:|1758287584
|-end|p1a: Great Tusk|Protosynthesis|[silent]
|switch|p1a: Slowking|Slowking-Galar, F|100/100
|move|p2a: Squawkabilly|Brave Bird|p1a: Slowking
|-damage|p1a: Slowking|50/100
|-damage|p2a: Squawkabilly|36/100|[from] Recoil
|
|upkeep
|turn|15
|
|t:|1758287599
|move|p2a: Squawkabilly|Double-Edge|p1a: Slowking
|-damage|p1a: Slowking|0 fnt
|faint|p1a: Slowking
|-damage|p2a: Squawkabilly|15/100|[from] Recoil
|
|upkeep
|
|t:|1758287602
|switch|p1a: Ogerpon|Ogerpon, F|91/100
|turn|16
|
|t:|1758287612
|move|p2a: Squawkabilly|Quick Attack|p1a: Ogerpon
|-damage|p1a: Ogerpon|58/100
|move|p1a: Ogerpon|U-turn|p2a: Squawkabilly
|-resisted|p2a: Squawkabilly
|-damage|p2a: Squawkabilly|0 fnt
|faint|p2a: Squawkabilly
|
|t:|1758287616
|switch|p1a: Great Tusk|Great Tusk|100/100|[from] U-turn
|
|upkeep
|
|t:|1758287619
|switch|p2a: Electrode|Electrode|100/100
|turn|17
|
|t:|1758287635
|move|p2a: Electrode|Tera Blast|p1a: Great Tusk
|-damage|p1a: Great Tusk|70/100
|move|p1a: Great Tusk|Headlong Rush|p2a: Electrode
|-supereffective|p2a: Electrode
|-enditem|p2a: Electrode|Focus Sash
|-damage|p2a: Electrode|1/100
|-unboost|p1a: Great Tusk|def|1
|-unboost|p1a: Great Tusk|spd|1
|
|upkeep
|turn|18
|
|t:|1758287641
|-end|p1a: Great Tusk|Protosynthesis|[silent]
|switch|p1a: Ogerpon|Ogerpon, F|58/100
|move|p2a: Electrode|Explosion|p1a: Ogerpon
|-damage|p1a: Ogerpon|22/100
|faint|p2a: Electrode
|
|upkeep
|
|t:|1758287644
|switch|p2a: Arcanine|Arcanine-Hisui, M|100/100
|turn|19
|
|t:|1758287651
|-terastallize|p1a: Ogerpon|Grass
|detailschange|p1a: Ogerpon|Ogerpon-Teal-Tera, F, tera:Grass
|-ability|p1a: Ogerpon|Embody Aspect (Teal)|boost
|-boost|p1a: Ogerpon|spe|1
|move|p1a: Ogerpon|Ivy Cudgel|p2a: Arcanine
|-damage|p2a: Arcanine|0 fnt
|faint|p2a: Arcanine
|
|win|TheMarshyBoi
|raw|TheMarshyBoi's rating: 1355 &rarr; <strong>1372</strong><br />(+17 for winning)
|raw|mamaxia's rating: 1307 &rarr; <strong>1290</strong><br />(-17 for losing)
|l|☆TheMarshyBoi
|player|p1|
|l|☆mamaxia
|player|p2|
