|j|☆itoshiflwr
|j|☆cro$$w1n
|t:|1758237848
|gametype|singles
|player|p1|itoshiflwr|burnet|1471
|player|p2|cro$$w1n|ghetsis|1449
|gen|9
|tier|[Gen 9] OU
|rated|
|rule|HP Percentage Mod: HP is shown in percentages
|rule|Endless Battle Clause: Forcing endless battles is banned
|rule|Species Clause: Limit one of each Pokémon
|rule|OHKO Clause: OHKO moves are banned
|rule|Evasion Items Clause: Evasion items are banned
|rule|Evasion Moves Clause: Evasion moves are banned
|rule|Evasion Abilities Clause: Evasion abilities are banned
|rule|Sleep Moves Clause: Sleep-inducing moves are banned
|clearpoke
|poke|p1|Dragapult, M|
|poke|p1|Glastrier|
|poke|p1|Tinkaton, F|
|poke|p1|Ting-Lu|
|poke|p1|Iron Hands|
|poke|p1|Moltres|
|poke|p2|Incineroar, F|
|poke|p2|Blissey, F|
|poke|p2|Garganacl, M|
|poke|p2|Mimikyu, F|
|poke|p2|Garchomp, F|
|poke|p2|Corviknight, F|
|teampreview
|
|t:|1758237858
|teamsize|p1|6
|teamsize|p2|6
|start
|switch|p1a: Dragapult|Dragapult, M|100/100
|switch|p2a: Turbo|Garchomp, F|100/100
|turn|1
|
|t:|1758237866
|switch|p2a: Ink|Incineroar, F, shiny|100/100
|-ability|p2a: Ink|Intimidate|boost
|-unboost|p1a: Dragapult|atk|1
|move|p1a: Dragapult|Draco Meteor|p2a: Ink
|-crit|p2a: Ink
|-damage|p2a: Ink|18/100
|-unboost|p1a: Dragapult|spa|2
|
|upkeep
|turn|2
|
|t:|1758237877
|move|p1a: Dragapult|Draco Meteor|p2a: Ink
|-damage|p2a: Ink|0 fnt
|-unboost|p1a: Dragapult|spa|2
|faint|p2a: Ink
|
|upkeep
|
|t:|1758237883
|switch|p2a: Turbo|Garchomp, F|100/100
|turn|3
|
|t:|1758237893
|switch|p1a: Tinkaton|Tinkaton, F|100/100
|-item|p1a: Tinkaton|Air Balloon
|move|p2a: Turbo|Stealth Rock|p1a: Tinkaton
|-sidestart|p1: itoshiflwr|move: Stealth Rock
|
|upkeep
|turn|4
|
|t:|1758237900
|switch|p2a: Corviknight|Corviknight, F|100/100
|move|p1a: Tinkaton|Stealth Rock|p2a: Corviknight
|-sidestart|p2: cro$$w1n|move: Stealth Rock
|
|upkeep
|turn|5
|
|t:|1758237908
|move|p1a: Tinkaton|Knock Off|p2a: Corviknight
|-damage|p2a: Corviknight|89/100
|-damage|p1a: Tinkaton|84/100|[from] item: Rocky Helmet|[of] p2a: Corviknight
|-enditem|p2a: Corviknight|Rocky Helmet|[from] move: Knock Off|[of] p1a: Tinkaton
|move|p2a: Corviknight|Iron Defense|p2a: Corviknight
|-boost|p2a: Corviknight|def|2
|
|upkeep
|turn|6
|
|t:|1758237917
|switch|p1a: Moltres|Moltres|100/100
|move|p2a: Corviknight|Defog|p1a: Moltres
|-unboost|p1a: Moltres|evasion|1
|-sideend|p1: itoshiflwr|Stealth Rock|[from] move: Defog|[of] p2a: Corviknight
|-sideend|p2: cro$$w1n|Stealth Rock|[from] move: Defog|[of] p2a: Corviknight
|
|upkeep
|turn|7
|
|t:|1758237927
|switch|p2a: Turbo|Garchomp, F|100/100
|move|p1a: Moltres|Flamethrower|p2a: Turbo
|-resisted|p2a: Turbo
|-damage|p2a: Turbo|81/100
|
|upkeep
|turn|8
|
|t:|1758237936
|switch|p1a: Tinkaton|Tinkaton, F|84/100
|-item|p1a: Tinkaton|Air Balloon
|move|p2a: Turbo|Draco Meteor|p1a: Tinkaton
|-immune|p1a: Tinkaton
|
|upkeep
|turn|9
|
|t:|1758237945
|move|p1a: Tinkaton|Gigaton Hammer|p2a: Turbo
|-damage|p2a: Turbo|40/100
|move|p2a: Turbo|Earth Power|p1a: Tinkaton
|-immune|p1a: Tinkaton
|
|upkeep
|turn|10
|
|t:|1758237953
|switch|p2a: Corviknight|Corviknight, F|89/100
|move|p1a: Tinkaton|Stealth Rock|p2a: Corviknight
|-sidestart|p2: cro$$w1n|move: Stealth Rock
|
|upkeep
|turn|11
|
|t:|1758237959
|switch|p1a: Moltres|Moltres|100/100
|move|p2a: Corviknight|Defog|p1a: Moltres
|-unboost|p1a: Moltres|evasion|1
|-sideend|p2: cro$$w1n|Stealth Rock|[from] move: Defog|[of] p2a: Corviknight
|
|upkeep
|turn|12
|
|t:|1758237967
|switch|p2a: Lazy|Blissey, F|100/100
|move|p1a: Moltres|Flamethrower|p2a: Lazy
|-damage|p2a: Lazy|89/100
|
|-heal|p2a: Lazy|95/100|[from] item: Leftovers
|upkeep
|turn|13
|
|t:|1758237977
|move|p1a: Moltres|U-turn|p2a: Lazy
|-damage|p2a: Lazy|65/100
|
|t:|1758237983
|switch|p1a: Ting-Lu|Ting-Lu|100/100|[from] U-turn
|-ability|p1a: Ting-Lu|Vessel of Ruin
|move|p2a: Lazy|Shadow Ball|p1a: Ting-Lu
|-resisted|p1a: Ting-Lu
|-damage|p1a: Ting-Lu|97/100
|
|-heal|p2a: Lazy|71/100|[from] item: Leftovers
|-heal|p1a: Ting-Lu|100/100|[from] item: Leftovers
|upkeep
|turn|14
|
|t:|1758237995
|switch|p2a: Beachbum101|Garganacl, M, shiny|100/100
|move|p1a: Ting-Lu|Spikes|p2a: Beachbum101
|-sidestart|p2: cro$$w1n|Spikes
|
|upkeep
|turn|15
|
|t:|1758238011
|move|p1a: Ting-Lu|Earthquake|p2a: Beachbum101
|-supereffective|p2a: Beachbum101
|-damage|p2a: Beachbum101|58/100
|move|p2a: Beachbum101|Substitute|p2a: Beachbum101
|-start|p2a: Beachbum101|Substitute
|-damage|p2a: Beachbum101|33/100
|
|-heal|p2a: Beachbum101|39/100|[from] item: Leftovers
|upkeep
|turn|16
|
|t:|1758238022
|-terastallize|p2a: Beachbum101|Ghost
|move|p2a: Beachbum101|Recover|p2a: Beachbum101
|-heal|p2a: Beachbum101|89/100
|move|p1a: Ting-Lu|Whirlwind|p2a: Beachbum101
|drag|p2a: Lazy|Blissey, F|71/100
|-damage|p2a: Lazy|58/100|[from] Spikes
|
|-heal|p2a: Lazy|65/100|[from] item: Leftovers
|upkeep
|turn|17
|
|t:|1758238035
|switch|p2a: Turbo|Garchomp, F|40/100
|-damage|p2a: Turbo|28/100|[from] Spikes
|move|p1a: Ting-Lu|Spikes|p2a: Turbo
|-sidestart|p2: cro$$w1n|Spikes
|
|upkeep
|turn|18
|
|t:|1758238042
|move|p2a: Turbo|Stealth Rock|p1a: Ting-Lu
|-sidestart|p1: itoshiflwr|move: Stealth Rock
|move|p1a: Ting-Lu|Earthquake|p2a: Turbo
|-damage|p2a: Turbo|0 fnt
|faint|p2a: Turbo
|
|upkeep
|
|t:|1758238051
|switch|p2a: Sith|Mimikyu, F, shiny|100/100
|-damage|p2a: Sith|84/100|[from] Spikes
|turn|19
|
|t:|1758238057
|move|p2a: Sith|Curse|p1a: Ting-Lu
|-start|p1a: Ting-Lu|Curse|[of] p2a: Sith
|-damage|p2a: Sith|34/100
|move|p1a: Ting-Lu|Ruination|p2a: Sith
|-activate|p2a: Sith|ability: Disguise
|-damage|p2a: Sith|34/100
|detailschange|p2a: Sith|Mimikyu-Busted, F, shiny
|-damage|p2a: Sith|22/100|[from] pokemon: Mimikyu-Busted
|
|-heal|p2a: Sith|28/100|[from] item: Leftovers
|-damage|p1a: Ting-Lu|76/100|[from] Curse
|upkeep
|turn|20
|
|t:|1758238071
|switch|p1a: Moltres|Moltres|100/100
|move|p2a: Sith|Substitute|p2a: Sith
|-start|p2a: Sith|Substitute
|-damage|p2a: Sith|3/100
|
|-heal|p2a: Sith|9/100|[from] item: Leftovers
|upkeep
|turn|21
|
|t:|1758238080
|move|p2a: Sith|Pain Split|p1a: Moltres
|-sethp|p1a: Moltres|54/100|[from] move: Pain Split|[silent]
|-sethp|p2a: Sith|65/100|[from] move: Pain Split
|move|p1a: Moltres|Flamethrower|p2a: Sith
|-end|p2a: Sith|Substitute
|
|-heal|p2a: Sith|72/100|[from] item: Leftovers
|upkeep
|turn|22
|
|t:|1758238092
|switch|p2a: Lazy|Blissey, F|65/100
|-damage|p2a: Lazy|48/100|[from] Spikes
|move|p1a: Moltres|Flamethrower|p2a: Lazy
|-damage|p2a: Lazy|37/100
|
|-heal|p2a: Lazy|43/100|[from] item: Leftovers
|upkeep
|turn|23
|
|t:|1758238104
|move|p1a: Moltres|U-turn|p2a: Lazy
|-damage|p2a: Lazy|12/100
|
|t:|1758238107
|switch|p1a: Dragapult|Dragapult, M|100/100|[from] U-turn
|move|p2a: Lazy|Soft-Boiled|p2a: Lazy
|-heal|p2a: Lazy|62/100
|
|-heal|p2a: Lazy|68/100|[from] item: Leftovers
|upkeep
|turn|24
|
|t:|1758238117
|move|p2a: Lazy|Protect|p2a: Lazy
|-singleturn|p2a: Lazy|Protect
|move|p1a: Dragapult|U-turn|p2a: Lazy
|-activate|p2a: Lazy|move: Protect
|
|-heal|p2a: Lazy|74/100|[from] item: Leftovers
|upkeep
|turn|25
|
|t:|1758238127
|switch|p2a: Corviknight|Corviknight, F|89/100
|move|p1a: Dragapult|U-turn|p2a: Corviknight
|-resisted|p2a: Corviknight
|-damage|p2a: Corviknight|87/100
|
|t:|1758238130
|switch|p1a: Moltres|Moltres|54/100|[from] U-turn
|
|upkeep
|turn|26
|
|t:|1758238137
|switch|p2a: Lazy|Blissey, F|74/100
|-damage|p2a: Lazy|58/100|[from] Spikes
|move|p1a: Moltres|Flamethrower|p2a: Lazy
|-damage|p2a: Lazy|47/100
|
|-heal|p2a: Lazy|54/100|[from] item: Leftovers
|upkeep
|turn|27
|
|t:|1758238148
|move|p2a: Lazy|Protect|p2a: Lazy
|-singleturn|p2a: Lazy|Protect
|move|p1a: Moltres|U-turn|p2a: Lazy
|-activate|p2a: Lazy|move: Protect
|
|-heal|p2a: Lazy|60/100|[from] item: Leftovers
|upkeep
|turn|28
|
|t:|1758238157
|move|p1a: Moltres|U-turn|p2a: Lazy
|-damage|p2a: Lazy|32/100
|
|t:|1758238160
|switch|p1a: Glastrier|Glastrier|100/100|[from] U-turn
|move|p2a: Lazy|Soft-Boiled|p2a: Lazy
|-heal|p2a: Lazy|82/100
|
|-heal|p2a: Lazy|88/100|[from] item: Leftovers
|upkeep
|turn|29
|
|t:|1758238169
|move|p2a: Lazy|Seismic Toss|p1a: Glastrier
|-damage|p1a: Glastrier|73/100
|move|p1a: Glastrier|Swords Dance|p1a: Glastrier
|-boost|p1a: Glastrier|atk|2
|
|-heal|p2a: Lazy|94/100|[from] item: Leftovers
|upkeep
|turn|30
|
|t:|1758238179
|switch|p2a: Corviknight|Corviknight, F|87/100
|move|p1a: Glastrier|Icicle Crash|p2a: Corviknight
|-damage|p2a: Corviknight|24/100
|
|upkeep
|turn|31
|inactive|Battle timer is ON: inactive players will automatically lose when time's up. (requested by cro$$w1n)
|inactive|itoshiflwr has 120 seconds left.
|
|t:|1758238270
|move|p2a: Corviknight|Roost|p2a: Corviknight
|-heal|p2a: Corviknight|74/100
|-singleturn|p2a: Corviknight|move: Roost
|move|p1a: Glastrier|Icicle Crash|p2a: Corviknight
|-resisted|p2a: Corviknight
|-damage|p2a: Corviknight|42/100
|
|upkeep
|turn|32
|
|t:|1758238284
|move|p2a: Corviknight|Body Press|p1a: Glastrier
|-supereffective|p1a: Glastrier
|-damage|p1a: Glastrier|33/100
|move|p1a: Glastrier|Close Combat|p2a: Corviknight
|-damage|p2a: Corviknight|0 fnt
|-unboost|p1a: Glastrier|def|1
|-unboost|p1a: Glastrier|spd|1
|faint|p2a: Corviknight
|-ability|p1a: Glastrier|Chilling Neigh|boost
|-boost|p1a: Glastrier|atk|1
|
|upkeep
|
|t:|1758238298
|switch|p2a: Beachbum101|Garganacl, M, shiny, tera:Ghost|89/100
|-damage|p2a: Beachbum101|72/100|[from] Spikes
|turn|33
|
|t:|1758238307
|move|p1a: Glastrier|Icicle Crash|p2a: Beachbum101
|-damage|p2a: Beachbum101|1/100
|cant|p2a: Beachbum101|flinch
|
|-heal|p2a: Beachbum101|7/100|[from] item: Leftovers
|upkeep
|turn|34
|c|☆cro$$w1n|Gg
|c|☆itoshiflwr|gg
|
|t:|1758238323
|move|p1a: Glastrier|High Horsepower|p2a: Beachbum101
|-damage|p2a: Beachbum101|0 fnt
|faint|p2a: Beachbum101
|-ability|p1a: Glastrier|Chilling Neigh|boost
|-boost|p1a: Glastrier|atk|1
|
|upkeep
|
|t:|1758238329
|switch|p2a: Sith|Mimikyu-Busted, F, shiny|72/100
|-damage|p2a: Sith|55/100|[from] Spikes
|turn|35
|
|t:|1758238337
|move|p2a: Sith|Will-O-Wisp|p1a: Glastrier
|-status|p1a: Glastrier|brn
|move|p1a: Glastrier|High Horsepower|p2a: Sith
|-damage|p2a: Sith|0 fnt
|faint|p2a: Sith
|-ability|p1a: Glastrier|Chilling Neigh|boost
|-boost|p1a: Glastrier|atk|1
|
|-damage|p1a: Glastrier|27/100 brn|[from] brn
|upkeep
|-message|cro$$w1n forfeited.
|
|win|itoshiflwr
|raw|itoshiflwr's rating: 1471 &rarr; <strong>1490</strong><br />(+19 for winning)
|raw|cro$$w1n's rating: 1449 &rarr; <strong>1430</strong><br />(-19 for losing)
|l|☆cro$$w1n
|player|p2|
|l|☆itoshiflwr
|player|p1|
