|j|☆malamarFriend25
|j|☆Chris466
|t:|1758345876
|gametype|singles
|player|p1|malamarFriend25|marley|1377
|player|p2|Chris466|red|1315
|gen|9
|tier|[Gen 9] OU
|rated|
|rule|HP Percentage Mod: HP is shown in percentages
|rule|Endless Battle Clause: Forcing endless battles is banned
|rule|Species Clause: Limit one of each Pokémon
|rule|OHKO Clause: OHKO moves are banned
|rule|Evasion Items Clause: Evasion items are banned
|rule|Evasion Moves Clause: Evasion moves are banned
|rule|Evasion Abilities Clause: Evasion abilities are banned
|rule|Sleep Moves Clause: Sleep-inducing moves are banned
|clearpoke
|poke|p1|Malamar, F|
|poke|p1|Araquanid, M|
|poke|p1|Gengar, M|
|poke|p1|Iron Crown|
|poke|p1|Great Tusk|
|poke|p1|Dragonite, M|
|poke|p2|Iron Moth|
|poke|p2|Iron Hands|
|poke|p2|Kyurem|
|poke|p2|Gholdengo|
|poke|p2|Gliscor, F|
|poke|p2|Samurott-Hisui, F|
|teampreview
|
|t:|1758345889
|teamsize|p1|6
|teamsize|p2|6
|start
|switch|p1a: Araquanid|Araquanid, M|100/100
|switch|p2a: Samurott|Samurott-Hisui, F|100/100
|turn|1
|
|t:|1758345894
|move|p2a: Samurott|Ceaseless Edge|p1a: Araquanid
|-damage|p1a: Araquanid|62/100
|-sidestart|p1: malamarFriend25|Spikes
|move|p1a: Araquanid|Leech Life|p2a: Samurott
|-supereffective|p2a: Samurott
|-damage|p2a: Samurott|0 fnt
|-heal|p1a: Araquanid|100/100|[from] drain|[of] p2a: Samurott
|faint|p2a: Samurott
|
|upkeep
|
|t:|1758345904
|switch|p2a: Iron Hands|Iron Hands|100/100
|turn|2
|
|t:|1758345909
|switch|p1a: Great Tusk|Great Tusk|100/100
|-damage|p1a: Great Tusk|88/100|[from] Spikes
|move|p2a: Iron Hands|Ice Punch|p1a: Great Tusk
|-supereffective|p1a: Great Tusk
|-damage|p1a: Great Tusk|58/100
|
|-heal|p1a: Great Tusk|64/100|[from] item: Leftovers
|upkeep
|turn|3
|
|t:|1758345917
|-end|p2a: Iron Hands|Quark Drive|[silent]
|switch|p2a: Gholdengo|Gholdengo|100/100
|-item|p2a: Gholdengo|Air Balloon
|move|p1a: Great Tusk|Stealth Rock|p2a: Gholdengo
|-sidestart|p2: Chris466|move: Stealth Rock
|
|-heal|p1a: Great Tusk|70/100|[from] item: Leftovers
|upkeep
|turn|4
|
|t:|1758345921
|move|p1a: Great Tusk|Knock Off|p2a: Gholdengo
|-supereffective|p2a: Gholdengo
|-crit|p2a: Gholdengo
|-damage|p2a: Gholdengo|44/100
|-enditem|p2a: Gholdengo|Air Balloon
|move|p2a: Gholdengo|Hex|p1a: Great Tusk
|-damage|p1a: Great Tusk|30/100
|
|-heal|p1a: Great Tusk|37/100|[from] item: Leftovers
|upkeep
|turn|5
|
|t:|1758345934
|move|p1a: Great Tusk|Rapid Spin|p2a: Gholdengo
|-immune|p2a: Gholdengo
|move|p2a: Gholdengo|Make It Rain|p1a: Great Tusk
|-damage|p1a: Great Tusk|0 fnt
|-unboost|p2a: Gholdengo|spa|1
|faint|p1a: Great Tusk
|-end|p1a: Great Tusk|Protosynthesis|[silent]
|
|upkeep
|
|t:|1758345946
|switch|p1a: Gengar|Gengar, M|100/100
|-damage|p1a: Gengar|88/100|[from] Spikes
|turn|6
|
|t:|1758345953
|move|p1a: Gengar|Shadow Ball|p2a: Gholdengo
|-supereffective|p2a: Gholdengo
|-damage|p2a: Gholdengo|0 fnt
|faint|p2a: Gholdengo
|
|upkeep
|
|t:|1758345959
|switch|p2a: Iron Hands|Iron Hands|100/100
|-damage|p2a: Iron Hands|94/100|[from] Stealth Rock
|turn|7
|
|t:|1758345963
|move|p1a: Gengar|Toxic|p2a: Iron Hands
|-status|p2a: Iron Hands|tox
|move|p2a: Iron Hands|Earthquake|p1a: Gengar
|-supereffective|p1a: Gengar
|-damage|p1a: Gengar|0 fnt
|faint|p1a: Gengar
|
|-damage|p2a: Iron Hands|88/100 tox|[from] psn
|upkeep
|
|t:|1758345974
|switch|p1a: Malamar|Malamar, F, shiny|100/100
|-damage|p1a: Malamar|88/100|[from] Spikes
|turn|8
|
|t:|1758345980
|-terastallize|p2a: Iron Hands|Bug
|move|p1a: Malamar|Knock Off|p2a: Iron Hands
|-damage|p2a: Iron Hands|61/100 tox
|-enditem|p2a: Iron Hands|Assault Vest|[from] move: Knock Off|[of] p1a: Malamar
|move|p2a: Iron Hands|Drain Punch|p1a: Malamar
|-damage|p1a: Malamar|39/100
|-heal|p2a: Iron Hands|79/100 tox|[from] drain|[of] p1a: Malamar
|
|-damage|p2a: Iron Hands|67/100 tox|[from] psn
|upkeep
|turn|9
|
|t:|1758345994
|move|p1a: Malamar|Destiny Bond|p1a: Malamar
|-singlemove|p1a: Malamar|Destiny Bond
|move|p2a: Iron Hands|Drain Punch|p1a: Malamar
|-damage|p1a: Malamar|0 fnt
|-heal|p2a: Iron Hands|82/100 tox|[from] drain|[of] p1a: Malamar
|faint|p1a: Malamar
|-activate|p1a: Malamar|move: Destiny Bond
|faint|p2a: Iron Hands
|-end|p2a: Iron Hands|Quark Drive|[silent]
|
|upkeep
|
|t:|1758346005
|switch|p1a: Araquanid|Araquanid, M|100/100
|switch|p2a: Gliscor|Gliscor, F|100/100
|-damage|p2a: Gliscor|88/100|[from] Stealth Rock
|-damage|p1a: Araquanid|88/100|[from] Spikes
|turn|10
|
|t:|1758346028
|move|p2a: Gliscor|Protect|p2a: Gliscor
|-singleturn|p2a: Gliscor|Protect
|move|p1a: Araquanid|Liquidation|p2a: Gliscor
|-activate|p2a: Gliscor|move: Protect
|
|-status|p2a: Gliscor|tox|[from] item: Toxic Orb
|upkeep
|turn|11
|
|t:|1758346032
|switch|p2a: Kyurem|Kyurem|100/100
|-ability|p2a: Kyurem|Pressure
|move|p1a: Araquanid|Liquidation|p2a: Kyurem
|-resisted|p2a: Kyurem
|-damage|p2a: Kyurem|58/100
|-unboost|p2a: Kyurem|def|1
|
|upkeep
|turn|12
|
|t:|1758346043
|move|p2a: Kyurem|Freeze-Dry|p1a: Araquanid
|-supereffective|p1a: Araquanid
|-damage|p1a: Araquanid|33/100
|move|p1a: Araquanid|Liquidation|p2a: Kyurem
|-resisted|p2a: Kyurem
|-damage|p2a: Kyurem|0 fnt
|faint|p2a: Kyurem
|
|upkeep
|
|t:|1758346046
|switch|p2a: Iron Moth|Iron Moth|100/100
|-damage|p2a: Iron Moth|76/100|[from] Stealth Rock
|-enditem|p2a: Iron Moth|Booster Energy
|-activate|p2a: Iron Moth|ability: Quark Drive|[fromitem]
|-start|p2a: Iron Moth|quarkdrivespe
|turn|13
|
|t:|1758346051
|move|p2a: Iron Moth|Sludge Wave|p1a: Araquanid
|-damage|p1a: Araquanid|0 fnt
|faint|p1a: Araquanid
|
|upkeep
|
|t:|1758346061
|switch|p1a: Dragonite|Dragonite, M|100/100
|turn|14
|
|t:|1758346068
|move|p2a: Iron Moth|Dazzling Gleam|p1a: Dragonite
|-supereffective|p1a: Dragonite
|-damage|p1a: Dragonite|75/100
|move|p1a: Dragonite|Earthquake|p2a: Iron Moth
|-supereffective|p2a: Iron Moth
|-damage|p2a: Iron Moth|0 fnt
|faint|p2a: Iron Moth
|-end|p2a: Iron Moth|Quark Drive|[silent]
|
|upkeep
|
|t:|1758346071
|switch|p2a: Gliscor|Gliscor, F|88/100 tox
|-damage|p2a: Gliscor|75/100 tox|[from] Stealth Rock
|turn|15
|
|t:|1758346082
|move|p2a: Gliscor|Toxic|p1a: Dragonite
|-status|p1a: Dragonite|tox
|move|p1a: Dragonite|Dragon Dance|p1a: Dragonite
|-boost|p1a: Dragonite|atk|1
|-boost|p1a: Dragonite|spe|1
|
|-damage|p1a: Dragonite|69/100 tox|[from] psn
|-heal|p2a: Gliscor|88/100 tox|[from] ability: Poison Heal
|upkeep
|turn|16
|
|t:|1758346085
|move|p1a: Dragonite|Dragon Dance|p1a: Dragonite
|-boost|p1a: Dragonite|atk|1
|-boost|p1a: Dragonite|spe|1
|move|p2a: Gliscor|Stealth Rock|p1a: Dragonite
|-sidestart|p1: malamarFriend25|move: Stealth Rock
|
|-damage|p1a: Dragonite|57/100 tox|[from] psn
|-heal|p2a: Gliscor|100/100 tox|[from] ability: Poison Heal
|upkeep
|turn|17
|
|t:|1758346089
|move|p2a: Gliscor|Protect|p2a: Gliscor
|-singleturn|p2a: Gliscor|Protect
|move|p1a: Dragonite|Dragon Dance|p1a: Dragonite
|-boost|p1a: Dragonite|atk|1
|-boost|p1a: Dragonite|spe|1
|
|-damage|p1a: Dragonite|39/100 tox|[from] psn
|upkeep
|turn|18
|
|t:|1758346093
|move|p1a: Dragonite|Extreme Speed|p2a: Gliscor
|-damage|p2a: Gliscor|39/100 tox
|move|p2a: Gliscor|Earthquake|p1a: Dragonite
|-immune|p1a: Dragonite
|
|-damage|p1a: Dragonite|15/100 tox|[from] psn
|-heal|p2a: Gliscor|51/100 tox|[from] ability: Poison Heal
|upkeep
|turn|19
|
|t:|1758346104
|move|p2a: Gliscor|Protect|p2a: Gliscor
|-singleturn|p2a: Gliscor|Protect
|move|p1a: Dragonite|Extreme Speed|p2a: Gliscor
|-activate|p2a: Gliscor|move: Protect
|
|-damage|p1a: Dragonite|0 fnt|[from] psn
|faint|p1a: Dragonite
|-heal|p2a: Gliscor|64/100 tox|[from] ability: Poison Heal
|upkeep
|
|t:|1758346106
|switch|p1a: Iron Crown|Iron Crown|100/100
|-damage|p1a: Iron Crown|88/100|[from] Spikes
|-damage|p1a: Iron Crown|82/100|[from] Stealth Rock
|-enditem|p1a: Iron Crown|Booster Energy
|-activate|p1a: Iron Crown|ability: Quark Drive|[fromitem]
|-start|p1a: Iron Crown|quarkdrivespe
|turn|20
|
|t:|1758346122
|-terastallize|p1a: Iron Crown|Flying
|move|p2a: Gliscor|Protect||[still]
|-fail|p2a: Gliscor
|move|p1a: Iron Crown|Calm Mind|p1a: Iron Crown
|-boost|p1a: Iron Crown|spa|1
|-boost|p1a: Iron Crown|spd|1
|
|-heal|p2a: Gliscor|76/100 tox|[from] ability: Poison Heal
|upkeep
|turn|21
|
|t:|1758346130
|move|p1a: Iron Crown|Psychic|p2a: Gliscor
|-damage|p2a: Gliscor|24/100 tox
|move|p2a: Gliscor|Toxic|p1a: Iron Crown
|-status|p1a: Iron Crown|tox
|
|-damage|p1a: Iron Crown|76/100 tox|[from] psn
|-heal|p2a: Gliscor|37/100 tox|[from] ability: Poison Heal
|upkeep
|turn|22
|
|t:|1758346134
|move|p1a: Iron Crown|Calm Mind|p1a: Iron Crown
|-boost|p1a: Iron Crown|spa|1
|-boost|p1a: Iron Crown|spd|1
|move|p2a: Gliscor|Earthquake|p1a: Iron Crown
|-immune|p1a: Iron Crown
|
|-damage|p1a: Iron Crown|64/100 tox|[from] psn
|-heal|p2a: Gliscor|49/100 tox|[from] ability: Poison Heal
|upkeep
|turn|23
|
|t:|1758346139
|move|p2a: Gliscor|Protect|p2a: Gliscor
|-singleturn|p2a: Gliscor|Protect
|move|p1a: Iron Crown|Psychic|p2a: Gliscor
|-activate|p2a: Gliscor|move: Protect
|
|-damage|p1a: Iron Crown|45/100 tox|[from] psn
|-heal|p2a: Gliscor|62/100 tox|[from] ability: Poison Heal
|upkeep
|turn|24
|
|t:|1758346146
|move|p2a: Gliscor|Protect|p2a: Gliscor
|-singleturn|p2a: Gliscor|Protect
|move|p1a: Iron Crown|Psychic|p2a: Gliscor
|-activate|p2a: Gliscor|move: Protect
|
|-damage|p1a: Iron Crown|20/100 tox|[from] psn
|-heal|p2a: Gliscor|74/100 tox|[from] ability: Poison Heal
|upkeep
|turn|25
|
|t:|1758346150
|move|p2a: Gliscor|Protect||[still]
|-fail|p2a: Gliscor
|move|p1a: Iron Crown|Psychic|p2a: Gliscor
|-damage|p2a: Gliscor|1/100 tox
|
|-damage|p1a: Iron Crown|0 fnt|[from] psn
|faint|p1a: Iron Crown
|-end|p1a: Iron Crown|Quark Drive|[silent]
|
|win|Chris466
|raw|malamarFriend25's rating: 1377 &rarr; <strong>1353</strong><br />(-24 for losing)
|raw|Chris466's rating: 1315 &rarr; <strong>1339</strong><br />(+24 for winning)
|l|☆malamarFriend25
|player|p1|
