|j|☆Gil_Kenobi
|j|☆Rimuru78
|t:|1758298353
|gametype|singles
|player|p1|Gil_Kenobi|n|1257
|player|p2|Rimuru78|cynthia-gen4|1280
|gen|9
|tier|[Gen 9] OU
|rated|
|rule|HP Percentage Mod: HP is shown in percentages
|rule|Endless Battle Clause: Forcing endless battles is banned
|rule|Species Clause: Limit one of each Pokémon
|rule|OHKO Clause: OHKO moves are banned
|rule|Evasion Items Clause: Evasion items are banned
|rule|Evasion Moves Clause: Evasion moves are banned
|rule|Evasion Abilities Clause: Evasion abilities are banned
|rule|Sleep Moves Clause: Sleep-inducing moves are banned
|clearpoke
|poke|p1|Zapdos|
|poke|p1|Noivern, M|
|poke|p1|Zoroark, F|
|poke|p1|Delphox, F|
|poke|p1|Cyclizar, F|
|poke|p1|Kyurem|
|poke|p2|Samurott-Hisui, F|
|poke|p2|Great Tusk|
|poke|p2|Hydrapple, F|
|poke|p2|Landorus-Therian, M|
|poke|p2|Gholdengo|
|poke|p2|Volcanion|
|teampreview
|
|t:|1758298376
|teamsize|p1|6
|teamsize|p2|6
|start
|switch|p1a: Noivern|Noivern, M, shiny|100/100
|switch|p2a: Samurott|Samurott-Hisui, F|100/100
|turn|1
|
|t:|1758298392
|move|p1a: Noivern|Draco Meteor|p2a: Samurott
|-damage|p2a: Samurott|63/100
|-unboost|p1a: Noivern|spa|2
|move|p2a: Samurott|Ceaseless Edge|p1a: Noivern
|-damage|p1a: Noivern|46/100
|-sidestart|p1: Gil_Kenobi|Spikes
|
|upkeep
|turn|2
|
|t:|1758298404
|switch|p1a: Zapdos|Zapdos|100/100
|move|p2a: Samurott|Ceaseless Edge|p1a: Zapdos
|-damage|p1a: Zapdos|65/100
|-damage|p2a: Samurott|47/100|[from] item: Rocky Helmet|[of] p1a: Zapdos
|-status|p2a: Samurott|par|[from] ability: Static|[of] p1a: Zapdos
|-sidestart|p1: Gil_Kenobi|Spikes
|
|upkeep
|turn|3
|
|t:|1758298420
|switch|p2a: Landorus|Landorus-Therian, M|100/100
|-ability|p2a: Landorus|Intimidate|boost
|-unboost|p1a: Zapdos|atk|1
|move|p1a: Zapdos|Roost|p1a: Zapdos
|-heal|p1a: Zapdos|100/100
|-singleturn|p1a: Zapdos|move: Roost
|
|upkeep
|turn|4
|
|t:|1758298433
|move|p2a: Landorus|Stone Edge|p1a: Zapdos
|-supereffective|p1a: Zapdos
|-damage|p1a: Zapdos|35/100
|move|p1a: Zapdos|Heat Wave|p2a: Landorus
|-damage|p2a: Landorus|64/100
|
|upkeep
|turn|5
|
|t:|1758298448
|move|p2a: Landorus|Stone Edge|p1a: Zapdos|[miss]
|-miss|p2a: Landorus|p1a: Zapdos
|move|p1a: Zapdos|Heat Wave|p2a: Landorus
|-damage|p2a: Landorus|30/100
|
|upkeep
|turn|6
|
|t:|1758298457
|move|p2a: Landorus|Stone Edge|p1a: Zapdos
|-supereffective|p1a: Zapdos
|-damage|p1a: Zapdos|0 fnt
|faint|p1a: Zapdos
|
|upkeep
|
|t:|1758298460
|switch|p1a: Cyclizar|Cyclizar, F|100/100
|turn|7
|
|t:|1758298472
|switch|p2a: Gholdengo|Gholdengo|100/100
|-item|p2a: Gholdengo|Air Balloon
|move|p1a: Cyclizar|Shift Gear|p1a: Cyclizar
|-boost|p1a: Cyclizar|spe|2
|-boost|p1a: Cyclizar|atk|1
|
|upkeep
|turn|8
|
|t:|1758298484
|move|p1a: Cyclizar|Knock Off|p2a: Gholdengo
|-supereffective|p2a: Gholdengo
|-damage|p2a: Gholdengo|27/100
|-enditem|p2a: Gholdengo|Air Balloon
|move|p2a: Gholdengo|Make It Rain|p1a: Cyclizar
|-damage|p1a: Cyclizar|0 fnt
|-unboost|p2a: Gholdengo|spa|1
|faint|p1a: Cyclizar
|
|upkeep
|
|t:|1758298498
|switch|p1a: Delphox|Delphox, F|100/100
|-damage|p1a: Delphox|84/100|[from] Spikes
|turn|9
|
|t:|1758298511
|switch|p2a: Samurott|Samurott-Hisui, F|47/100 par
|move|p1a: Delphox|Flamethrower|p2a: Samurott
|-resisted|p2a: Samurott
|-damage|p2a: Samurott|33/100 par
|
|upkeep
|turn|10
|
|t:|1758298519
|move|p2a: Samurott|Sucker Punch|p1a: Delphox
|-supereffective|p1a: Delphox
|-damage|p1a: Delphox|0 fnt
|faint|p1a: Delphox
|
|upkeep
|
|t:|1758298529
|switch|p1a: Noivern|Noivern, M, shiny|46/100
|turn|11
|
|t:|1758298535
|move|p1a: Noivern|Defog|p2a: Samurott
|-unboost|p2a: Samurott|evasion|1
|-sideend|p1: Gil_Kenobi|Spikes|[from] move: Defog|[of] p1a: Noivern
|move|p2a: Samurott|Ceaseless Edge|p1a: Noivern
|-damage|p1a: Noivern|0 fnt
|-sidestart|p1: Gil_Kenobi|Spikes
|faint|p1a: Noivern
|
|upkeep
|
|t:|1758298542
|switch|p1a: Kyurem|Kyurem|100/100
|-damage|p1a: Kyurem|88/100|[from] Spikes
|-ability|p1a: Kyurem|Pressure
|turn|12
|
|t:|1758298558
|move|p1a: Kyurem|Dragon Dance|p1a: Kyurem
|-boost|p1a: Kyurem|atk|1
|-boost|p1a: Kyurem|spe|1
|move|p2a: Samurott|Ceaseless Edge|p1a: Kyurem
|-damage|p1a: Kyurem|48/100
|-sidestart|p1: Gil_Kenobi|Spikes
|
|upkeep
|turn|13
|
|t:|1758298565
|move|p1a: Kyurem|Freeze-Dry|p2a: Samurott
|-supereffective|p2a: Samurott
|-damage|p2a: Samurott|0 fnt
|faint|p2a: Samurott
|
|upkeep
|
|t:|1758298571
|switch|p2a: Landorus|Landorus-Therian, M|30/100
|-ability|p2a: Landorus|Intimidate|boost
|-unboost|p1a: Kyurem|atk|1
|turn|14
|
|t:|1758298576
|move|p1a: Kyurem|Freeze-Dry|p2a: Landorus
|-supereffective|p2a: Landorus
|-damage|p2a: Landorus|0 fnt
|faint|p2a: Landorus
|
|upkeep
|
|t:|1758298579
|switch|p2a: Volcanion|Volcanion|100/100
|turn|15
|
|t:|1758298586
|move|p1a: Kyurem|Scale Shot|p2a: Volcanion
|-damage|p2a: Volcanion|91/100
|-damage|p2a: Volcanion|81/100
|-damage|p2a: Volcanion|70/100
|-damage|p2a: Volcanion|61/100
|-hitcount|p2a: Volcanion|4
|-unboost|p1a: Kyurem|def|1
|-boost|p1a: Kyurem|spe|1
|move|p2a: Volcanion|Flamethrower|p1a: Kyurem
|-crit|p1a: Kyurem
|-damage|p1a: Kyurem|0 fnt
|faint|p1a: Kyurem
|
|upkeep
|
|t:|1758298592
|switch|p1a: Zoroark|Zoroark, F|100/100
|-damage|p1a: Zoroark|84/100|[from] Spikes
|turn|16
|
|t:|1758298596
|move|p1a: Zoroark|Knock Off|p2a: Volcanion
|-damage|p2a: Volcanion|21/100
|-enditem|p2a: Volcanion|Heavy-Duty Boots|[from] move: Knock Off|[of] p1a: Zoroark
|-damage|p1a: Zoroark|74/100|[from] item: Life Orb
|move|p2a: Volcanion|Flamethrower|p1a: Zoroark
|-damage|p1a: Zoroark|0 fnt
|faint|p1a: Zoroark
|
|win|Rimuru78
|raw|Gil_Kenobi's rating: 1257 &rarr; <strong>1234</strong><br />(-23 for losing)
|raw|Rimuru78's rating: 1280 &rarr; <strong>1303</strong><br />(+23 for winning)
|l|☆Gil_Kenobi
|player|p1|
|l|☆Rimuru78
|player|p2|
