|j|☆shakey18
|j|☆vryfast
|t:|1758316464
|gametype|singles
|player|p1|shakey18|candice|1317
|player|p2|vryfast|169|1309
|gen|9
|tier|[Gen 9] OU
|rated|
|rule|HP Percentage Mod: HP is shown in percentages
|rule|Endless Battle Clause: Forcing endless battles is banned
|rule|Species Clause: Limit one of each Pokémon
|rule|OHKO Clause: OHKO moves are banned
|rule|Evasion Items Clause: Evasion items are banned
|rule|Evasion Moves Clause: Evasion moves are banned
|rule|Evasion Abilities Clause: Evasion abilities are banned
|rule|Sleep Moves Clause: Sleep-inducing moves are banned
|clearpoke
|poke|p1|Garchomp, F|
|poke|p1|Iron Valiant|
|poke|p1|Ninetales-Alola, F|
|poke|p1|Ceruledge, M|
|poke|p1|Tsareena, F|
|poke|p1|Milotic, F|
|poke|p2|Blastoise, F|
|poke|p2|Donphan, M|
|poke|p2|Masquerain, F|
|poke|p2|Pelipper, M|
|poke|p2|Barraskewda, M|
|poke|p2|Basculegion-F, F|
|teampreview
|
|t:|1758316477
|teamsize|p1|6
|teamsize|p2|6
|start
|switch|p1a: Ninetales|Ninetales-Alola, F|100/100
|switch|p2a: Masquerain|Masquerain, F, shiny|100/100
|-weather|Snowscape|[from] ability: Snow Warning|[of] p1a: Ninetales
|-ability|p2a: Masquerain|Intimidate|boost
|-unboost|p1a: Ninetales|atk|1
|turn|1
|
|t:|1758316486
|move|p1a: Ninetales|Freeze-Dry|p2a: Masquerain
|-supereffective|p2a: Masquerain
|-damage|p2a: Masquerain|48/100
|-enditem|p2a: Masquerain|Sitrus Berry|[eat]
|-heal|p2a: Masquerain|73/100|[from] item: Sitrus Berry
|move|p2a: Masquerain|Quiver Dance|p2a: Masquerain
|-boost|p2a: Masquerain|spa|1
|-boost|p2a: Masquerain|spd|1
|-boost|p2a: Masquerain|spe|1
|
|-weather|Snowscape|[upkeep]
|upkeep
|turn|2
|
|t:|1758316493
|move|p2a: Masquerain|Quiver Dance|p2a: Masquerain
|-boost|p2a: Masquerain|spa|1
|-boost|p2a: Masquerain|spd|1
|-boost|p2a: Masquerain|spe|1
|move|p1a: Ninetales|Aurora Veil|p1a: Ninetales
|-sidestart|p1: shakey18|move: Aurora Veil
|
|-weather|Snowscape|[upkeep]
|upkeep
|turn|3
|
|t:|1758316499
|move|p2a: Masquerain|Quiver Dance|p2a: Masquerain
|-boost|p2a: Masquerain|spa|1
|-boost|p2a: Masquerain|spd|1
|-boost|p2a: Masquerain|spe|1
|move|p1a: Ninetales|Encore|p2a: Masquerain
|-start|p2a: Masquerain|Encore
|
|-weather|Snowscape|[upkeep]
|upkeep
|turn|4
|
|t:|1758316502
|switch|p1a: Milotic|Milotic, F|100/100
|move|p2a: Masquerain|Quiver Dance|p2a: Masquerain
|-boost|p2a: Masquerain|spa|1
|-boost|p2a: Masquerain|spd|1
|-boost|p2a: Masquerain|spe|1
|
|-weather|Snowscape|[upkeep]
|-status|p1a: Milotic|brn|[from] item: Flame Orb
|upkeep
|turn|5
|
|t:|1758316510
|move|p2a: Masquerain|Quiver Dance|p2a: Masquerain
|-boost|p2a: Masquerain|spa|1
|-boost|p2a: Masquerain|spd|1
|-boost|p2a: Masquerain|spe|1
|move|p1a: Milotic|Haze|p1a: Milotic
|-clearallboost
|
|-weather|none
|-damage|p1a: Milotic|94/100 brn|[from] brn
|upkeep
|turn|6
|
|t:|1758316517
|move|p2a: Masquerain|Quiver Dance|p2a: Masquerain
|-boost|p2a: Masquerain|spa|1
|-boost|p2a: Masquerain|spd|1
|-boost|p2a: Masquerain|spe|1
|move|p1a: Milotic|Scald|p2a: Masquerain
|-damage|p2a: Masquerain|49/100
|-status|p2a: Masquerain|brn
|
|-damage|p2a: Masquerain|43/100 brn|[from] brn
|-damage|p1a: Milotic|88/100 brn|[from] brn
|-end|p2a: Masquerain|Encore
|upkeep
|turn|7
|
|t:|1758316525
|move|p2a: Masquerain|Sticky Web|p1a: Milotic
|-sidestart|p1: shakey18|move: Sticky Web
|move|p1a: Milotic|Haze|p1a: Milotic
|-clearallboost
|
|-damage|p2a: Masquerain|37/100 brn|[from] brn
|-damage|p1a: Milotic|82/100 brn|[from] brn
|upkeep
|turn|8
|
|t:|1758316531
|move|p2a: Masquerain|Hurricane|p1a: Milotic
|-damage|p1a: Milotic|69/100 brn
|-start|p1a: Milotic|confusion
|-activate|p1a: Milotic|confusion
|move|p1a: Milotic|Ice Beam|p2a: Masquerain
|-supereffective|p2a: Masquerain
|-damage|p2a: Masquerain|0 fnt
|faint|p2a: Masquerain
|
|-damage|p1a: Milotic|62/100 brn|[from] brn
|upkeep
|
|t:|1758316544
|switch|p2a: Donphan|Donphan, M|100/100
|turn|9
|
|t:|1758316549
|-activate|p1a: Milotic|confusion
|move|p1a: Milotic|Recover|p1a: Milotic
|-heal|p1a: Milotic|100/100 brn
|move|p2a: Donphan|Stealth Rock|p1a: Milotic
|-sidestart|p1: shakey18|move: Stealth Rock
|
|-damage|p1a: Milotic|94/100 brn|[from] brn
|-sideend|p1: shakey18|move: Aurora Veil
|upkeep
|turn|10
|
|t:|1758316557
|switch|p1a: Tsareena|Tsareena, F|100/100
|-activate|p1a: Tsareena|move: Sticky Web
|-unboost|p1a: Tsareena|spe|1
|-damage|p1a: Tsareena|88/100|[from] Stealth Rock
|switch|p2a: Pelipper|Pelipper, M|100/100
|-weather|RainDance|[from] ability: Drizzle|[of] p2a: Pelipper
|
|-weather|RainDance|[upkeep]
|upkeep
|turn|11
|
|t:|1758316567
|move|p2a: Pelipper|Hurricane|p1a: Tsareena
|-supereffective|p1a: Tsareena
|-damage|p1a: Tsareena|3/100
|move|p1a: Tsareena|Rapid Spin|p2a: Pelipper
|-damage|p2a: Pelipper|81/100
|-boost|p1a: Tsareena|spe|1
|-sideend|p1: shakey18|Stealth Rock|[from] move: Rapid Spin|[of] p1a: Tsareena
|-sideend|p1: shakey18|Sticky Web|[from] move: Rapid Spin|[of] p1a: Tsareena
|
|-weather|RainDance|[upkeep]
|upkeep
|turn|12
|
|t:|1758316580
|move|p1a: Tsareena|Power Whip|p2a: Pelipper
|-damage|p2a: Pelipper|16/100
|move|p2a: Pelipper|Hurricane|p1a: Tsareena
|-supereffective|p1a: Tsareena
|-damage|p1a: Tsareena|0 fnt
|faint|p1a: Tsareena
|
|-weather|RainDance|[upkeep]
|upkeep
|
|t:|1758316591
|switch|p1a: Ninetales|Ninetales-Alola, F|100/100
|-weather|Snowscape|[from] ability: Snow Warning|[of] p1a: Ninetales
|turn|13
|
|t:|1758316599
|switch|p2a: Blastoise|Blastoise, F, shiny|100/100
|move|p1a: Ninetales|Freeze-Dry|p2a: Blastoise
|-supereffective|p2a: Blastoise
|-damage|p2a: Blastoise|73/100
|
|-weather|Snowscape|[upkeep]
|upkeep
|turn|14
|
|t:|1758316606
|move|p1a: Ninetales|Aurora Veil|p1a: Ninetales
|-sidestart|p1: shakey18|move: Aurora Veil
|move|p2a: Blastoise|Body Press|p1a: Ninetales
|-damage|p1a: Ninetales|91/100
|
|-weather|Snowscape|[upkeep]
|upkeep
|turn|15
|
|t:|1758316612
|move|p1a: Ninetales|Freeze-Dry|p2a: Blastoise
|-supereffective|p2a: Blastoise
|-damage|p2a: Blastoise|50/100
|move|p2a: Blastoise|Flip Turn|p1a: Ninetales
|-damage|p1a: Ninetales|84/100
|inactive|Battle timer is ON: inactive players will automatically lose when time's up. (requested by vryfast)
|
|t:|1758316615
|switch|p2a: Pelipper|Pelipper, M|16/100|[from] Flip Turn
|-weather|RainDance|[from] ability: Drizzle|[of] p2a: Pelipper
|
|-weather|RainDance|[upkeep]
|upkeep
|turn|16
|
|t:|1758316619
|switch|p2a: Blastoise|Blastoise, F, shiny|50/100
|move|p1a: Ninetales|Freeze-Dry|p2a: Blastoise
|-supereffective|p2a: Blastoise
|-damage|p2a: Blastoise|27/100
|
|-weather|RainDance|[upkeep]
|-heal|p2a: Blastoise|33/100|[from] ability: Rain Dish
|upkeep
|turn|17
|
|t:|1758316627
|move|p1a: Ninetales|Freeze-Dry|p2a: Blastoise
|-supereffective|p2a: Blastoise
|-damage|p2a: Blastoise|8/100
|move|p2a: Blastoise|Flip Turn|p1a: Ninetales
|-damage|p1a: Ninetales|68/100
|
|t:|1758316635
|switch|p2a: Donphan|Donphan, M|100/100|[from] Flip Turn
|
|-weather|RainDance|[upkeep]
|upkeep
|turn|18
|
|t:|1758316640
|switch|p1a: Milotic|Milotic, F|94/100 brn
|move|p2a: Donphan|Stealth Rock|p1a: Milotic
|-sidestart|p1: shakey18|move: Stealth Rock
|
|-weather|RainDance|[upkeep]
|-damage|p1a: Milotic|88/100 brn|[from] brn
|upkeep
|turn|19
|
|t:|1758316646
|switch|p2a: Blastoise|Blastoise, F, shiny|8/100
|move|p1a: Milotic|Scald|p2a: Blastoise
|-resisted|p2a: Blastoise
|-damage|p2a: Blastoise|0 fnt
|faint|p2a: Blastoise
|
|-weather|RainDance|[upkeep]
|-damage|p1a: Milotic|82/100 brn|[from] brn
|upkeep
|
|t:|1758316654
|switch|p2a: Basculegion|Basculegion-F, F, shiny|100/100
|turn|20
|
|t:|1758316659
|-terastallize|p2a: Basculegion|Electric
|move|p2a: Basculegion|Tera Blast|p1a: Milotic|[anim] Tera Blast Electric
|-supereffective|p1a: Milotic
|-damage|p1a: Milotic|46/100 brn
|move|p1a: Milotic|Scald|p2a: Basculegion
|-damage|p2a: Basculegion|55/100
|
|-weather|RainDance|[upkeep]
|-damage|p1a: Milotic|40/100 brn|[from] brn
|upkeep
|turn|21
|
|t:|1758316667
|move|p2a: Basculegion|Tera Blast|p1a: Milotic|[anim] Tera Blast Electric
|-supereffective|p1a: Milotic
|-damage|p1a: Milotic|0 fnt
|faint|p1a: Milotic
|
|-weather|RainDance|[upkeep]
|-sideend|p1: shakey18|move: Aurora Veil
|upkeep
|
|t:|1758316674
|switch|p1a: Ninetales|Ninetales-Alola, F|68/100
|-damage|p1a: Ninetales|43/100|[from] Stealth Rock
|-weather|Snowscape|[from] ability: Snow Warning|[of] p1a: Ninetales
|turn|22
|
|t:|1758316679
|move|p1a: Ninetales|Freeze-Dry|p2a: Basculegion
|-damage|p2a: Basculegion|30/100
|move|p2a: Basculegion|Tera Blast|p1a: Ninetales|[anim] Tera Blast Electric
|-damage|p1a: Ninetales|0 fnt
|faint|p1a: Ninetales
|
|-weather|Snowscape|[upkeep]
|upkeep
|
|t:|1758316685
|switch|p1a: Garchomp|Garchomp, F|100/100
|-damage|p1a: Garchomp|94/100|[from] Stealth Rock
|turn|23
|
|t:|1758316692
|switch|p2a: Pelipper|Pelipper, M|16/100
|-weather|RainDance|[from] ability: Drizzle|[of] p2a: Pelipper
|move|p1a: Garchomp|Dragon Claw|p2a: Pelipper
|-damage|p2a: Pelipper|0 fnt
|faint|p2a: Pelipper
|
|-weather|RainDance|[upkeep]
|upkeep
|
|t:|1758316700
|switch|p2a: Basculegion|Basculegion-F, F, shiny, tera:Electric|30/100
|turn|24
|
|t:|1758316705
|move|p2a: Basculegion|Surf|p1a: Garchomp
|-damage|p1a: Garchomp|0 fnt
|faint|p1a: Garchomp
|
|-weather|RainDance|[upkeep]
|upkeep
|
|t:|1758316716
|switch|p1a: Iron Valiant|Iron Valiant|100/100
|-damage|p1a: Iron Valiant|94/100|[from] Stealth Rock
|-enditem|p1a: Iron Valiant|Booster Energy
|-activate|p1a: Iron Valiant|ability: Quark Drive|[fromitem]
|-start|p1a: Iron Valiant|quarkdrivespe
|turn|25
|
|t:|1758316722
|move|p1a: Iron Valiant|Moonblast|p2a: Basculegion
|-damage|p2a: Basculegion|0 fnt
|faint|p2a: Basculegion
|
|-weather|RainDance|[upkeep]
|upkeep
|
|t:|1758316727
|switch|p2a: Barraskewda|Barraskewda, M|100/100
|turn|26
|
|t:|1758316731
|move|p2a: Barraskewda|Liquidation|p1a: Iron Valiant
|-damage|p1a: Iron Valiant|0 fnt
|faint|p1a: Iron Valiant
|-end|p1a: Iron Valiant|Quark Drive|[silent]
|
|-weather|RainDance|[upkeep]
|upkeep
|
|t:|1758316735
|switch|p1a: Ceruledge|Ceruledge, M|100/100
|-damage|p1a: Ceruledge|76/100|[from] Stealth Rock
|turn|27
|
|t:|1758316742
|-terastallize|p1a: Ceruledge|Grass
|move|p2a: Barraskewda|Liquidation|p1a: Ceruledge
|-resisted|p1a: Ceruledge
|-damage|p1a: Ceruledge|5/100
|-ability|p1a: Ceruledge|Weak Armor|boost
|-unboost|p1a: Ceruledge|def|1
|-boost|p1a: Ceruledge|spe|2
|move|p1a: Ceruledge|Poltergeist|p2a: Barraskewda|[miss]
|-miss|p1a: Ceruledge|p2a: Barraskewda
|
|-weather|RainDance|[upkeep]
|upkeep
|turn|28
|-message|shakey18 forfeited.
|
|win|vryfast
|raw|shakey18's rating: 1317 &rarr; <strong>1297</strong><br />(-20 for losing)
|raw|vryfast's rating: 1309 &rarr; <strong>1329</strong><br />(+20 for winning)
|l|☆shakey18
|player|p1|
|l|☆vryfast
|player|p2|
