|j|☆Jagger is a boss
|j|☆A9MG
|t:|1758250334
|gametype|singles
|player|p1|Jagger is a boss|pokekid|1255
|player|p2|A9MG|nurseryaide|1306
|gen|9
|tier|[Gen 9] OU
|rated|
|rule|HP Percentage Mod: HP is shown in percentages
|rule|Endless Battle Clause: Forcing endless battles is banned
|rule|Species Clause: Limit one of each Pokémon
|rule|OHKO Clause: OHKO moves are banned
|rule|Evasion Items Clause: Evasion items are banned
|rule|Evasion Moves Clause: Evasion moves are banned
|rule|Evasion Abilities Clause: Evasion abilities are banned
|rule|Sleep Moves Clause: Sleep-inducing moves are banned
|clearpoke
|poke|p1|Muk-Alola, M|
|poke|p1|Cryogonal|
|poke|p1|Garganacl, M|
|poke|p1|Rillaboom, F|
|poke|p1|Heatran, F|
|poke|p1|Drifblim, F|
|poke|p2|Azumarill, F|
|poke|p2|Great Tusk|
|poke|p2|Iron Moth|
|poke|p2|Iron Valiant|
|poke|p2|Landorus-Therian, M|
|poke|p2|Zarude|
|teampreview
|inactive|Battle timer is ON: inactive players will automatically lose when time's up. (requested by Jagger is a boss)
|inactive|A9MG also wants the timer to be on.
|
|t:|1758250356
|teamsize|p1|6
|teamsize|p2|6
|start
|switch|p1a: Liberal|Cryogonal|100/100
|switch|p2a: Landorus|Landorus-Therian, M|100/100
|-ability|p2a: Landorus|Intimidate|boost
|-unboost|p1a: Liberal|atk|1
|turn|1
|
|t:|1758250363
|switch|p2a: Iron Moth|Iron Moth|100/100
|-enditem|p2a: Iron Moth|Booster Energy
|-activate|p2a: Iron Moth|ability: Quark Drive|[fromitem]
|-start|p2a: Iron Moth|quarkdrivespe
|move|p1a: Liberal|Freeze-Dry|p2a: Iron Moth
|-resisted|p2a: Iron Moth
|-damage|p2a: Iron Moth|85/100
|
|upkeep
|turn|2
|
|t:|1758250374
|-end|p2a: Iron Moth|Quark Drive|[silent]
|switch|p2a: Landorus|Landorus-Therian, M|100/100
|-ability|p2a: Landorus|Intimidate|boost
|-unboost|p1a: Liberal|atk|1
|switch|p1a: Idk|Garganacl, M|100/100
|
|upkeep
|turn|3
|
|t:|1758250381
|switch|p1a: Liberal|Cryogonal|100/100
|move|p2a: Landorus|Taunt|p1a: Liberal
|-start|p1a: Liberal|move: Taunt
|
|upkeep
|turn|4
|
|t:|1758250397
|switch|p2a: Iron Moth|Iron Moth|85/100
|move|p1a: Liberal|Freeze-Dry|p2a: Iron Moth
|-resisted|p2a: Iron Moth
|-damage|p2a: Iron Moth|69/100
|
|upkeep
|turn|5
|
|t:|1758250405
|switch|p1a: Idk|Garganacl, M|100/100
|move|p2a: Iron Moth|Fiery Dance|p1a: Idk
|-resisted|p1a: Idk
|-damage|p1a: Idk|88/100
|
|-heal|p1a: Idk|94/100|[from] item: Leftovers
|upkeep
|turn|6
|
|t:|1758250414
|-end|p2a: Iron Moth|Quark Drive|[silent]
|switch|p2a: Landorus|Landorus-Therian, M|100/100
|-ability|p2a: Landorus|Intimidate|boost
|-unboost|p1a: Idk|atk|1
|move|p1a: Idk|Salt Cure|p2a: Landorus
|-damage|p2a: Landorus|92/100
|-start|p2a: Landorus|Salt Cure
|
|-heal|p1a: Idk|99/100|[from] item: Leftovers
|-damage|p2a: Landorus|80/100|[from] Salt Cure
|upkeep
|turn|7
|
|t:|1758250424
|move|p2a: Landorus|Stealth Rock|p1a: Idk
|-sidestart|p1: Jagger is a boss|move: Stealth Rock
|move|p1a: Idk|Curse|p1a: Idk
|-unboost|p1a: Idk|spe|1
|-boost|p1a: Idk|atk|1
|-boost|p1a: Idk|def|1
|
|-heal|p1a: Idk|100/100|[from] item: Leftovers
|-damage|p2a: Landorus|67/100|[from] Salt Cure
|upkeep
|turn|8
|
|t:|1758250432
|move|p2a: Landorus|Taunt|p1a: Idk
|-start|p1a: Idk|move: Taunt
|cant|p1a: Idk|move: Taunt|Curse
|
|-damage|p2a: Landorus|55/100|[from] Salt Cure
|upkeep
|turn|9
|
|t:|1758250456
|move|p2a: Landorus|U-turn|p1a: Idk
|-damage|p1a: Idk|92/100
|
|t:|1758250462
|switch|p2a: Iron Valiant|Iron Valiant|100/100|[from] U-turn
|move|p1a: Idk|Salt Cure|p2a: Iron Valiant
|-resisted|p2a: Iron Valiant
|-damage|p2a: Iron Valiant|92/100
|-start|p2a: Iron Valiant|Salt Cure
|
|-heal|p1a: Idk|98/100|[from] item: Leftovers
|-damage|p2a: Iron Valiant|79/100|[from] Salt Cure
|upkeep
|turn|10
|
|t:|1758250482
|switch|p1a: Harambe|Rillaboom, F|100/100
|-damage|p1a: Harambe|88/100|[from] Stealth Rock
|-fieldstart|move: Grassy Terrain|[from] ability: Grassy Surge|[of] p1a: Harambe
|move|p2a: Iron Valiant|Moonblast|p1a: Harambe
|-damage|p1a: Harambe|18/100
|
|-heal|p2a: Iron Valiant|85/100|[from] Grassy Terrain
|-heal|p1a: Harambe|24/100|[from] Grassy Terrain
|-damage|p2a: Iron Valiant|73/100|[from] Salt Cure
|upkeep
|turn|11
|
|t:|1758250499
|-end|p2a: Iron Valiant|Quark Drive|[silent]
|switch|p2a: Landorus|Landorus-Therian, M|55/100
|-ability|p2a: Landorus|Intimidate|boost
|-unboost|p1a: Harambe|atk|1
|move|p1a: Harambe|Grassy Glide|p2a: Landorus
|-damage|p2a: Landorus|35/100
|-damage|p1a: Harambe|8/100|[from] item: Rocky Helmet|[of] p2a: Landorus
|
|-heal|p1a: Harambe|14/100|[from] Grassy Terrain
|upkeep
|turn|12
|
|t:|1758250509
|move|p1a: Harambe|Protect|p1a: Harambe
|-singleturn|p1a: Harambe|Protect
|move|p2a: Landorus|U-turn|p1a: Harambe
|-activate|p1a: Harambe|move: Protect
|
|-heal|p1a: Harambe|20/100|[from] Grassy Terrain
|upkeep
|turn|13
|
|t:|1758250517
|switch|p1a: Liberal|Cryogonal|100/100
|-damage|p1a: Liberal|76/100|[from] Stealth Rock
|move|p2a: Landorus|U-turn|p1a: Liberal
|-damage|p1a: Liberal|34/100
|
|t:|1758250529
|switch|p2a: Iron Valiant|Iron Valiant|73/100|[from] U-turn
|
|-heal|p2a: Iron Valiant|79/100|[from] Grassy Terrain
|-heal|p1a: Liberal|40/100|[from] item: Leftovers
|upkeep
|turn|14
|
|t:|1758250539
|-terastallize|p1a: Liberal|Electric
|move|p2a: Iron Valiant|Vacuum Wave|p1a: Liberal
|-damage|p1a: Liberal|15/100
|move|p1a: Liberal|Rapid Spin|p2a: Iron Valiant
|-damage|p2a: Iron Valiant|71/100
|-boost|p1a: Liberal|spe|1
|-sideend|p1: Jagger is a boss|Stealth Rock|[from] move: Rapid Spin|[of] p1a: Liberal
|
|-heal|p1a: Liberal|21/100|[from] item: Leftovers
|-heal|p2a: Iron Valiant|77/100|[from] Grassy Terrain
|upkeep
|turn|15
|
|t:|1758250553
|-end|p2a: Iron Valiant|Quark Drive|[silent]
|switch|p2a: Zarude|Zarude|100/100
|move|p1a: Liberal|Recover|p1a: Liberal
|-heal|p1a: Liberal|72/100
|
|-heal|p1a: Liberal|78/100|[from] item: Leftovers
|upkeep
|turn|16
|
|t:|1758250562
|switch|p1a: Smegma|Heatran, F|100/100
|move|p2a: Zarude|Power Whip|p1a: Smegma
|-resisted|p1a: Smegma
|-crit|p1a: Smegma
|-damage|p1a: Smegma|74/100
|-status|p2a: Zarude|brn|[from] ability: Flame Body|[of] p1a: Smegma
|
|-heal|p1a: Smegma|80/100|[from] Grassy Terrain
|-heal|p1a: Smegma|87/100|[from] item: Leftovers
|-damage|p2a: Zarude|94/100 brn|[from] brn
|upkeep
|turn|17
|
|t:|1758250574
|move|p2a: Zarude|Knock Off|p1a: Smegma
|-damage|p1a: Smegma|66/100
|-enditem|p1a: Smegma|Leftovers|[from] move: Knock Off|[of] p2a: Zarude
|move|p1a: Smegma|Magma Storm|p2a: Zarude
|-supereffective|p2a: Zarude
|-damage|p2a: Zarude|47/100 brn
|-activate|p2a: Zarude|move: Magma Storm|[of] p1a: Smegma
|
|-heal|p2a: Zarude|53/100 brn|[from] Grassy Terrain
|-heal|p1a: Smegma|72/100|[from] Grassy Terrain
|-damage|p2a: Zarude|47/100 brn|[from] brn
|-damage|p2a: Zarude|34/100 brn|[from] move: Magma Storm|[partiallytrapped]
|-fieldend|move: Grassy Terrain
|upkeep
|turn|18
|
|t:|1758250585
|move|p1a: Smegma|Protect|p1a: Smegma
|-singleturn|p1a: Smegma|Protect
|move|p2a: Zarude|U-turn|p1a: Smegma
|-activate|p1a: Smegma|move: Protect
|
|-damage|p2a: Zarude|28/100 brn|[from] brn
|-damage|p2a: Zarude|16/100 brn|[from] move: Magma Storm|[partiallytrapped]
|upkeep
|turn|19
|
|t:|1758250593
|move|p2a: Zarude|Crunch|p1a: Smegma
|-damage|p1a: Smegma|55/100
|move|p1a: Smegma|Magma Storm|p2a: Zarude|[miss]
|-miss|p1a: Smegma|p2a: Zarude
|
|-damage|p2a: Zarude|10/100 brn|[from] brn
|-damage|p2a: Zarude|0 fnt|[from] move: Magma Storm|[partiallytrapped]
|faint|p2a: Zarude
|upkeep
|
|t:|1758250603
|switch|p2a: Landorus|Landorus-Therian, M|35/100
|-ability|p2a: Landorus|Intimidate|boost
|-unboost|p1a: Smegma|atk|1
|turn|20
|
|t:|1758250608
|move|p1a: Smegma|Protect|p1a: Smegma
|-singleturn|p1a: Smegma|Protect
|move|p2a: Landorus|Stealth Rock|p1a: Smegma
|-sidestart|p1: Jagger is a boss|move: Stealth Rock
|
|upkeep
|turn|21
|
|t:|1758250615
|move|p2a: Landorus|U-turn|p1a: Smegma
|-resisted|p1a: Smegma
|-damage|p1a: Smegma|51/100
|-status|p2a: Landorus|brn|[from] ability: Flame Body|[of] p1a: Smegma
|
|t:|1758250619
|switch|p2a: Iron Moth|Iron Moth|69/100|[from] U-turn
|move|p1a: Smegma|Will-O-Wisp|p2a: Iron Moth
|-immune|p2a: Iron Moth
|
|upkeep
|turn|22
|
|t:|1758250632
|move|p2a: Iron Moth|Substitute|p2a: Iron Moth
|-start|p2a: Iron Moth|Substitute
|-damage|p2a: Iron Moth|44/100
|move|p1a: Smegma|Scorching Sands|p2a: Iron Moth
|-supereffective|p2a: Iron Moth
|-end|p2a: Iron Moth|Substitute
|
|upkeep
|turn|23
|
|t:|1758250640
|-terastallize|p2a: Iron Moth|Ground
|move|p2a: Iron Moth|Tera Blast|p1a: Smegma|[anim] Tera Blast Ground
|-supereffective|p1a: Smegma
|-damage|p1a: Smegma|0 fnt
|faint|p1a: Smegma
|
|upkeep
|
|t:|1758250647
|switch|p1a: Harambe|Rillaboom, F|20/100
|-damage|p1a: Harambe|8/100|[from] Stealth Rock
|-fieldstart|move: Grassy Terrain|[from] ability: Grassy Surge|[of] p1a: Harambe
|turn|24
|
|t:|1758250653
|-end|p2a: Iron Moth|Quark Drive|[silent]
|switch|p2a: Landorus|Landorus-Therian, M|35/100 brn
|-ability|p2a: Landorus|Intimidate|boost
|-unboost|p1a: Harambe|atk|1
|move|p1a: Harambe|Grassy Glide|p2a: Landorus
|-damage|p2a: Landorus|15/100 brn
|-damage|p1a: Harambe|0 fnt|[from] item: Rocky Helmet|[of] p2a: Landorus
|faint|p1a: Harambe
|
|-damage|p2a: Landorus|9/100 brn|[from] brn
|upkeep
|
|t:|1758250656
|switch|p1a: Hindenburg|Drifblim, F|100/100
|-damage|p1a: Hindenburg|76/100|[from] Stealth Rock
|-enditem|p1a: Hindenburg|Grassy Seed
|-boost|p1a: Hindenburg|def|1|[from] item: Grassy Seed
|turn|25
|
|t:|1758250667
|move|p1a: Hindenburg|Calm Mind|p1a: Hindenburg
|-boost|p1a: Hindenburg|spa|1
|-boost|p1a: Hindenburg|spd|1
|move|p2a: Landorus|Taunt|p1a: Hindenburg
|-start|p1a: Hindenburg|move: Taunt
|
|-damage|p2a: Landorus|3/100 brn|[from] brn
|upkeep
|turn|26
|
|t:|1758250676
|move|p1a: Hindenburg|Shadow Ball|p2a: Landorus
|-damage|p2a: Landorus|0 fnt
|faint|p2a: Landorus
|
|upkeep
|
|t:|1758250687
|switch|p2a: Azumarill|Azumarill, F|100/100
|turn|27
|
|t:|1758250691
|move|p1a: Hindenburg|Shadow Ball|p2a: Azumarill
|-damage|p2a: Azumarill|54/100
|move|p2a: Azumarill|Liquidation|p1a: Hindenburg
|-damage|p1a: Hindenburg|29/100
|
|-heal|p2a: Azumarill|60/100|[from] Grassy Terrain
|upkeep
|turn|28
|
|t:|1758250699
|move|p1a: Hindenburg|Shadow Ball|p2a: Azumarill
|-damage|p2a: Azumarill|13/100
|move|p2a: Azumarill|Liquidation|p1a: Hindenburg
|-damage|p1a: Hindenburg|0 fnt
|faint|p1a: Hindenburg
|
|-heal|p2a: Azumarill|19/100|[from] Grassy Terrain
|upkeep
|
|t:|1758250709
|switch|p1a: Liberal|Cryogonal, tera:Electric|78/100
|-damage|p1a: Liberal|65/100|[from] Stealth Rock
|turn|29
|
|t:|1758250716
|switch|p2a: Iron Moth|Iron Moth, tera:Ground|44/100
|move|p1a: Liberal|Freeze-Dry|p2a: Iron Moth
|-supereffective|p2a: Iron Moth
|-damage|p2a: Iron Moth|0 fnt
|faint|p2a: Iron Moth
|-end|p2a: Iron Moth|Quark Drive|[silent]
|
|-heal|p1a: Liberal|71/100|[from] item: Leftovers
|upkeep
|
|t:|1758250728
|switch|p2a: Iron Valiant|Iron Valiant|77/100
|turn|30
|
|t:|1758250732
|move|p2a: Iron Valiant|Moonblast|p1a: Liberal
|-damage|p1a: Liberal|17/100
|move|p1a: Liberal|Rapid Spin|p2a: Iron Valiant
|-damage|p2a: Iron Valiant|69/100
|-boost|p1a: Liberal|spe|1
|-sideend|p1: Jagger is a boss|Stealth Rock|[from] move: Rapid Spin|[of] p1a: Liberal
|
|-heal|p1a: Liberal|23/100|[from] item: Leftovers
|-heal|p2a: Iron Valiant|75/100|[from] Grassy Terrain
|upkeep
|turn|31
|
|t:|1758250741
|move|p1a: Liberal|Recover|p1a: Liberal
|-heal|p1a: Liberal|73/100
|move|p2a: Iron Valiant|Moonblast|p1a: Liberal
|-damage|p1a: Liberal|17/100
|
|-heal|p1a: Liberal|23/100|[from] item: Leftovers
|-heal|p2a: Iron Valiant|82/100|[from] Grassy Terrain
|-fieldend|move: Grassy Terrain
|upkeep
|turn|32
|
|t:|1758250750
|switch|p1a: Idk|Garganacl, M|98/100
|move|p2a: Iron Valiant|Moonblast|p1a: Idk
|-damage|p1a: Idk|48/100
|
|-heal|p1a: Idk|54/100|[from] item: Leftovers
|upkeep
|turn|33
|
|t:|1758250760
|move|p2a: Iron Valiant|Moonblast|p1a: Idk
|-damage|p1a: Idk|3/100
|move|p1a: Idk|Salt Cure|p2a: Iron Valiant
|-resisted|p2a: Iron Valiant
|-damage|p2a: Iron Valiant|72/100
|-start|p2a: Iron Valiant|Salt Cure
|
|-heal|p1a: Idk|9/100|[from] item: Leftovers
|-damage|p2a: Iron Valiant|60/100|[from] Salt Cure
|upkeep
|turn|34
|
|t:|1758250769
|-end|p2a: Iron Valiant|Quark Drive|[silent]
|switch|p2a: Azumarill|Azumarill, F|19/100
|move|p1a: Idk|Recover|p1a: Idk
|-heal|p1a: Idk|59/100
|
|-heal|p1a: Idk|65/100|[from] item: Leftovers
|upkeep
|turn|35
|
|t:|1758250775
|move|p2a: Azumarill|Liquidation|p1a: Idk
|-supereffective|p1a: Idk
|-damage|p1a: Idk|0 fnt
|faint|p1a: Idk
|
|upkeep
|
|t:|1758250778
|switch|p1a: Liberal|Cryogonal, tera:Electric|23/100
|turn|36
|
|t:|1758250785
|move|p1a: Liberal|Freeze-Dry|p2a: Azumarill
|-supereffective|p2a: Azumarill
|-damage|p2a: Azumarill|0 fnt
|faint|p2a: Azumarill
|
|-heal|p1a: Liberal|29/100|[from] item: Leftovers
|upkeep
|
|t:|1758250791
|switch|p2a: Iron Valiant|Iron Valiant|60/100
|turn|37
|
|t:|1758250795
|move|p2a: Iron Valiant|Moonblast|p1a: Liberal
|-damage|p1a: Liberal|0 fnt
|faint|p1a: Liberal
|
|upkeep
|
|t:|1758250797
|switch|p1a: Backwards|Muk-Alola, M|100/100
|turn|38
|
|t:|1758250801
|move|p2a: Iron Valiant|Moonblast|p1a: Backwards
|-crit|p1a: Backwards
|-damage|p1a: Backwards|29/100
|move|p1a: Backwards|Poison Jab|p2a: Iron Valiant
|-supereffective|p2a: Iron Valiant
|-damage|p2a: Iron Valiant|0 fnt
|faint|p2a: Iron Valiant
|-end|p2a: Iron Valiant|Quark Drive|[silent]
|
|upkeep
|
|t:|1758250809
|switch|p2a: Great Tusk|Great Tusk|100/100
|-enditem|p2a: Great Tusk|Booster Energy
|-activate|p2a: Great Tusk|ability: Protosynthesis|[fromitem]
|-start|p2a: Great Tusk|protosynthesisspe
|turn|39
|
|t:|1758250813
|move|p2a: Great Tusk|Headlong Rush|p1a: Backwards
|-supereffective|p1a: Backwards
|-damage|p1a: Backwards|0 fnt
|-unboost|p2a: Great Tusk|def|1
|-unboost|p2a: Great Tusk|spd|1
|faint|p1a: Backwards
|
|win|A9MG
|raw|Jagger is a boss's rating: 1255 &rarr; <strong>1234</strong><br />(-21 for losing)
|raw|A9MG's rating: 1306 &rarr; <strong>1323</strong><br />(+17 for winning)
|l|☆Jagger is a boss
|player|p1|
|l|☆A9MG
|player|p2|
