|j|☆GLOCKED
|j|☆UncleQuack
|t:|1758352392
|gametype|singles
|player|p1|GLOCKED|brock|1333
|player|p2|UncleQuack|harlequin|1294
|gen|9
|tier|[Gen 9] OU
|rated|
|rule|HP Percentage Mod: HP is shown in percentages
|rule|Endless Battle Clause: Forcing endless battles is banned
|rule|Species Clause: Limit one of each Pokémon
|rule|OHKO Clause: OHKO moves are banned
|rule|Evasion Items Clause: Evasion items are banned
|rule|Evasion Moves Clause: Evasion moves are banned
|rule|Evasion Abilities Clause: Evasion abilities are banned
|rule|Sleep Moves Clause: Sleep-inducing moves are banned
|clearpoke
|poke|p1|Alomomola, F|
|poke|p1|Pecharunt|
|poke|p1|Wo-Chien|
|poke|p1|Corviknight, F|
|poke|p1|Mandibuzz, F|
|poke|p1|Darkrai|
|poke|p2|Scovillain, F|
|poke|p2|Walking Wake|
|poke|p2|Torkoal, F|
|poke|p2|Ceruledge, F|
|poke|p2|Iron Moth|
|poke|p2|Ditto|
|teampreview
|inactive|Battle timer is ON: inactive players will automatically lose when time's up. (requested by UncleQuack)
|
|t:|1758352418
|teamsize|p1|6
|teamsize|p2|6
|start
|switch|p1a: Darkrai|Darkrai|100/100
|switch|p2a: Wake & Bake|Walking Wake|100/100
|turn|1
|
|t:|1758352442
|switch|p1a: Alomomola|Alomomola, F|100/100
|move|p2a: Wake & Bake|Draco Meteor|p1a: Alomomola
|-damage|p1a: Alomomola|52/100
|-unboost|p2a: Wake & Bake|spa|2
|
|upkeep
|turn|2
|inactive|UncleQuack has 120 seconds left.
|
|t:|1758352476
|-end|p2a: Wake & Bake|Protosynthesis|[silent]
|switch|p2a: Johnny Storm|Ceruledge, F|100/100
|move|p1a: Alomomola|Flip Turn|p2a: Johnny Storm
|-supereffective|p2a: Johnny Storm
|-damage|p2a: Johnny Storm|53/100
|-enditem|p2a: Johnny Storm|Weakness Policy
|-boost|p2a: Johnny Storm|atk|2|[from] item: Weakness Policy
|-boost|p2a: Johnny Storm|spa|2|[from] item: Weakness Policy
|
|t:|1758352485
|switch|p1a: Darkrai|Darkrai|100/100|[from] Flip Turn
|
|upkeep
|turn|3
|inactive|UncleQuack has 120 seconds left.
|
|t:|1758352503
|switch|p2a: Cigarette Grandpa|Torkoal, F|100/100
|-weather|SunnyDay|[from] ability: Drought|[of] p2a: Cigarette Grandpa
|move|p1a: Darkrai|Hex|p2a: Cigarette Grandpa
|-damage|p2a: Cigarette Grandpa|66/100
|
|-weather|SunnyDay|[upkeep]
|upkeep
|turn|4
|
|t:|1758352507
|move|p1a: Darkrai|Thunder Wave|p2a: Cigarette Grandpa
|-status|p2a: Cigarette Grandpa|par
|move|p2a: Cigarette Grandpa|Body Press|p1a: Darkrai
|-supereffective|p1a: Darkrai
|-damage|p1a: Darkrai|21/100
|
|-weather|SunnyDay|[upkeep]
|upkeep
|turn|5
|inactive|UncleQuack has 120 seconds left.
|
|t:|1758352523
|switch|p2a: Wake & Bake|Walking Wake|100/100
|-activate|p2a: Wake & Bake|ability: Protosynthesis
|-start|p2a: Wake & Bake|protosynthesisspe
|move|p1a: Darkrai|Hex|p2a: Wake & Bake
|-crit|p2a: Wake & Bake
|-damage|p2a: Wake & Bake|53/100
|
|-weather|SunnyDay|[upkeep]
|upkeep
|turn|6
|
|t:|1758352527
|switch|p1a: Alomomola|Alomomola, F|86/100
|move|p2a: Wake & Bake|Hydro Steam|p1a: Alomomola
|-resisted|p1a: Alomomola
|-damage|p1a: Alomomola|62/100
|
|-weather|SunnyDay|[upkeep]
|upkeep
|turn|7
|
|t:|1758352537
|-end|p2a: Wake & Bake|Protosynthesis|[silent]
|switch|p2a: Johnny Storm|Ceruledge, F|53/100
|move|p1a: Alomomola|Flip Turn|p2a: Johnny Storm
|-supereffective|p2a: Johnny Storm
|-damage|p2a: Johnny Storm|32/100
|
|t:|1758352539
|switch|p1a: Darkrai|Darkrai|21/100|[from] Flip Turn
|
|-weather|SunnyDay|[upkeep]
|upkeep
|turn|8
|
|t:|1758352542
|move|p2a: Johnny Storm|Shadow Sneak|p1a: Darkrai
|-resisted|p1a: Darkrai
|-damage|p1a: Darkrai|8/100
|move|p1a: Darkrai|Hex|p2a: Johnny Storm
|-supereffective|p2a: Johnny Storm
|-damage|p2a: Johnny Storm|0 fnt
|faint|p2a: Johnny Storm
|
|-weather|SunnyDay|[upkeep]
|upkeep
|
|t:|1758352548
|switch|p2a: Scovillain|Scovillain, F|100/100
|turn|9
|
|t:|1758352556
|switch|p1a: Alomomola|Alomomola, F|95/100
|move|p2a: Scovillain|Flamethrower|p1a: Alomomola
|-resisted|p1a: Alomomola
|-damage|p1a: Alomomola|75/100
|-damage|p2a: Scovillain|91/100|[from] item: Life Orb
|
|-weather|SunnyDay|[upkeep]
|upkeep
|turn|10
|
|t:|1758352575
|switch|p1a: Pecharunt|Pecharunt|100/100
|move|p2a: Scovillain|Solar Beam||[still]
|-prepare|p2a: Scovillain|Solar Beam
|-anim|p2a: Scovillain|Solar Beam|p1a: Pecharunt
|-resisted|p1a: Pecharunt
|-damage|p1a: Pecharunt|74/100
|-damage|p2a: Scovillain|81/100|[from] item: Life Orb
|
|-weather|none
|upkeep
|turn|11
|
|t:|1758352585
|switch|p2a: Cigarette Grandpa|Torkoal, F|66/100 par
|-weather|SunnyDay|[from] ability: Drought|[of] p2a: Cigarette Grandpa
|move|p1a: Pecharunt|Parting Shot|p2a: Cigarette Grandpa
|-unboost|p2a: Cigarette Grandpa|atk|1
|-unboost|p2a: Cigarette Grandpa|spa|1
|
|t:|1758352589
|switch|p1a: Darkrai|Darkrai|8/100|[from] Parting Shot
|
|-weather|SunnyDay|[upkeep]
|upkeep
|turn|12
|
|t:|1758352592
|move|p1a: Darkrai|Thunder Wave|p2a: Cigarette Grandpa
|-fail|p2a: Cigarette Grandpa|par
|cant|p2a: Cigarette Grandpa|par
|
|-weather|SunnyDay|[upkeep]
|upkeep
|turn|13
|
|t:|1758352601
|move|p1a: Darkrai|Thunder Wave|p2a: Cigarette Grandpa
|-fail|p2a: Cigarette Grandpa|par
|move|p2a: Cigarette Grandpa|Body Press|p1a: Darkrai
|-supereffective|p1a: Darkrai
|-damage|p1a: Darkrai|0 fnt
|faint|p1a: Darkrai
|
|-weather|SunnyDay|[upkeep]
|upkeep
|
|t:|1758352616
|switch|p1a: Wo-Chien|Wo-Chien|100/100
|-ability|p1a: Wo-Chien|Tablets of Ruin
|turn|14
|
|t:|1758352623
|switch|p2a: Wake & Bake|Walking Wake|53/100
|-activate|p2a: Wake & Bake|ability: Protosynthesis
|-start|p2a: Wake & Bake|protosynthesisspe
|move|p1a: Wo-Chien|Knock Off|p2a: Wake & Bake
|-crit|p2a: Wake & Bake
|-damage|p2a: Wake & Bake|12/100
|-enditem|p2a: Wake & Bake|Choice Specs|[from] move: Knock Off|[of] p1a: Wo-Chien
|
|-weather|SunnyDay|[upkeep]
|upkeep
|turn|15
|
|t:|1758352632
|switch|p1a: Alomomola|Alomomola, F|100/100
|move|p2a: Wake & Bake|Flamethrower|p1a: Alomomola
|-resisted|p1a: Alomomola
|-damage|p1a: Alomomola|89/100
|
|-weather|SunnyDay|[upkeep]
|upkeep
|turn|16
|
|t:|1758352635
|move|p2a: Wake & Bake|Draco Meteor|p1a: Alomomola
|-damage|p1a: Alomomola|57/100
|-unboost|p2a: Wake & Bake|spa|2
|move|p1a: Alomomola|Flip Turn|p2a: Wake & Bake
|-resisted|p2a: Wake & Bake
|-damage|p2a: Wake & Bake|10/100
|
|t:|1758352646
|switch|p1a: Pecharunt|Pecharunt|74/100|[from] Flip Turn
|
|-weather|SunnyDay|[upkeep]
|upkeep
|turn|17
|inactive|UncleQuack has 120 seconds left.
|
|t:|1758352685
|-end|p2a: Wake & Bake|Protosynthesis|[silent]
|switch|p2a: Dylan|Ditto|100/100
|-transform|p2a: Dylan|p1a: Pecharunt|[from] ability: Imposter
|move|p1a: Pecharunt|Malignant Chain|p2a: Dylan
|-resisted|p2a: Dylan
|-damage|p2a: Dylan|94/100
|
|-weather|SunnyDay|[upkeep]
|upkeep
|turn|18
|inactive|UncleQuack has 120 seconds left.
|
|t:|1758352693
|move|p2a: Dylan|Parting Shot|p1a: Pecharunt
|-unboost|p1a: Pecharunt|atk|1
|-unboost|p1a: Pecharunt|spa|1
|
|t:|1758352698
|switch|p2a: Wake & Bake|Walking Wake|10/100|[from] Parting Shot
|-activate|p2a: Wake & Bake|ability: Protosynthesis
|-start|p2a: Wake & Bake|protosynthesisspe
|move|p1a: Pecharunt|Parting Shot|p2a: Wake & Bake
|-unboost|p2a: Wake & Bake|atk|1
|-unboost|p2a: Wake & Bake|spa|1
|
|t:|1758352705
|switch|p1a: Wo-Chien|Wo-Chien|100/100|[from] Parting Shot
|-ability|p1a: Wo-Chien|Tablets of Ruin
|
|-weather|none
|-end|p2a: Wake & Bake|Protosynthesis
|upkeep
|turn|19
|
|t:|1758352708
|-end|p2a: Wake & Bake|Protosynthesis|[silent]
|switch|p2a: Cigarette Grandpa|Torkoal, F|66/100 par
|-weather|SunnyDay|[from] ability: Drought|[of] p2a: Cigarette Grandpa
|move|p1a: Wo-Chien|Knock Off|p2a: Cigarette Grandpa
|-damage|p2a: Cigarette Grandpa|51/100 par
|-enditem|p2a: Cigarette Grandpa|Heat Rock|[from] move: Knock Off|[of] p1a: Wo-Chien
|
|-weather|SunnyDay|[upkeep]
|upkeep
|turn|20
|
|t:|1758352718
|move|p1a: Wo-Chien|Leech Seed|p2a: Cigarette Grandpa|[miss]
|-miss|p1a: Wo-Chien|p2a: Cigarette Grandpa
|move|p2a: Cigarette Grandpa|Lava Plume|p1a: Wo-Chien
|-supereffective|p1a: Wo-Chien
|-damage|p1a: Wo-Chien|49/100
|
|-weather|SunnyDay|[upkeep]
|-heal|p1a: Wo-Chien|55/100|[from] item: Leftovers
|upkeep
|turn|21
|
|t:|1758352732
|switch|p2a: Wake & Bake|Walking Wake|10/100
|-activate|p2a: Wake & Bake|ability: Protosynthesis
|-start|p2a: Wake & Bake|protosynthesisspe
|-terastallize|p1a: Wo-Chien|Water
|move|p1a: Wo-Chien|Leech Seed|p2a: Wake & Bake
|-start|p2a: Wake & Bake|move: Leech Seed
|
|-weather|SunnyDay|[upkeep]
|-heal|p1a: Wo-Chien|61/100|[from] item: Leftovers
|-damage|p2a: Wake & Bake|0 fnt|[from] Leech Seed|[of] p1a: Wo-Chien
|-heal|p1a: Wo-Chien|69/100|[silent]
|faint|p2a: Wake & Bake
|-end|p2a: Wake & Bake|Protosynthesis|[silent]
|upkeep
|
|t:|1758352736
|switch|p2a: Scovillain|Scovillain, F|81/100
|turn|22
|
|t:|1758352743
|switch|p1a: Pecharunt|Pecharunt|74/100
|move|p2a: Scovillain|Solar Beam||[still]
|-prepare|p2a: Scovillain|Solar Beam
|-anim|p2a: Scovillain|Solar Beam|p1a: Pecharunt
|-resisted|p1a: Pecharunt
|-damage|p1a: Pecharunt|48/100
|-damage|p2a: Scovillain|71/100|[from] item: Life Orb
|
|-weather|SunnyDay|[upkeep]
|upkeep
|turn|23
|
|t:|1758352746
|move|p2a: Scovillain|Flamethrower|p1a: Pecharunt
|-damage|p1a: Pecharunt|0 fnt
|faint|p1a: Pecharunt
|-damage|p2a: Scovillain|61/100|[from] item: Life Orb
|
|-weather|SunnyDay|[upkeep]
|upkeep
|inactive|GLOCKED has 120 seconds left.
|
|t:|1758352782
|switch|p1a: Alomomola|Alomomola, F|90/100
|turn|24
|inactive|UncleQuack has 120 seconds left.
|
|t:|1758352815
|move|p2a: Scovillain|Solar Beam||[still]
|-prepare|p2a: Scovillain|Solar Beam
|-anim|p2a: Scovillain|Solar Beam|p1a: Alomomola
|-supereffective|p1a: Alomomola
|-damage|p1a: Alomomola|17/100
|-damage|p2a: Scovillain|51/100|[from] item: Life Orb
|move|p1a: Alomomola|Mirror Coat|p2a: Scovillain
|-damage|p2a: Scovillain|0 fnt
|faint|p2a: Scovillain
|
|-weather|SunnyDay|[upkeep]
|upkeep
|inactive|UncleQuack has 120 seconds left.
|
|t:|1758352827
|switch|p2a: Igris|Iron Moth|100/100
|-enditem|p2a: Igris|Booster Energy
|-activate|p2a: Igris|ability: Quark Drive|[fromitem]
|-start|p2a: Igris|quarkdrivespe
|turn|25
|
|t:|1758352831
|move|p2a: Igris|Fiery Dance|p1a: Alomomola
|-resisted|p1a: Alomomola
|-damage|p1a: Alomomola|3/100
|-boost|p2a: Igris|spa|1
|move|p1a: Alomomola|Body Slam|p2a: Igris
|-damage|p2a: Igris|76/100
|
|-weather|SunnyDay|[upkeep]
|upkeep
|turn|26
|
|t:|1758352846
|switch|p1a: Corviknight|Corviknight, F|100/100
|-ability|p1a: Corviknight|Pressure
|move|p2a: Igris|Fiery Dance|p1a: Corviknight
|-supereffective|p1a: Corviknight
|-damage|p1a: Corviknight|0 fnt
|faint|p1a: Corviknight
|
|-weather|none
|upkeep
|
|t:|1758352866
|switch|p1a: Alomomola|Alomomola, F|36/100
|turn|27
|
|t:|1758352876
|switch|p1a: Mandibuzz|Mandibuzz, F|100/100
|move|p2a: Igris|Energy Ball|p1a: Mandibuzz
|-resisted|p1a: Mandibuzz
|-damage|p1a: Mandibuzz|87/100
|
|upkeep
|turn|28
|
|t:|1758352885
|move|p2a: Igris|Fiery Dance|p1a: Mandibuzz
|-damage|p1a: Mandibuzz|51/100
|-boost|p2a: Igris|spa|1
|move|p1a: Mandibuzz|Whirlwind|p2a: Igris
|-end|p2a: Igris|Quark Drive|[silent]
|drag|p2a: Dylan|Ditto|94/100
|-transform|p2a: Dylan|p1a: Mandibuzz|[from] ability: Imposter
|
|upkeep
|turn|29
|
|t:|1758352892
|move|p2a: Dylan|U-turn|p1a: Mandibuzz
|-damage|p1a: Mandibuzz|42/100
|
|t:|1758352894
|switch|p2a: Cigarette Grandpa|Torkoal, F|51/100 par|[from] U-turn
|-weather|SunnyDay|[from] ability: Drought|[of] p2a: Cigarette Grandpa
|move|p1a: Mandibuzz|Roost|p1a: Mandibuzz
|-heal|p1a: Mandibuzz|92/100
|-singleturn|p1a: Mandibuzz|move: Roost
|
|-weather|SunnyDay|[upkeep]
|upkeep
|turn|30
|
|t:|1758352899
|move|p1a: Mandibuzz|U-turn|p2a: Cigarette Grandpa
|-resisted|p2a: Cigarette Grandpa
|-damage|p2a: Cigarette Grandpa|48/100 par
|
|t:|1758352908
|switch|p1a: Alomomola|Alomomola, F|69/100|[from] U-turn
|move|p2a: Cigarette Grandpa|Lava Plume|p1a: Alomomola
|-resisted|p1a: Alomomola
|-damage|p1a: Alomomola|61/100
|
|-weather|SunnyDay|[upkeep]
|upkeep
|turn|31
|
|t:|1758352912
|move|p1a: Alomomola|Flip Turn|p2a: Cigarette Grandpa
|-supereffective|p2a: Cigarette Grandpa
|-damage|p2a: Cigarette Grandpa|38/100 par
|
|t:|1758352913
|switch|p1a: Wo-Chien|Wo-Chien, tera:Water|69/100|[from] Flip Turn
|-ability|p1a: Wo-Chien|Tablets of Ruin
|move|p2a: Cigarette Grandpa|Stealth Rock|p1a: Wo-Chien
|-sidestart|p1: GLOCKED|move: Stealth Rock
|
|-weather|SunnyDay|[upkeep]
|-heal|p1a: Wo-Chien|76/100|[from] item: Leftovers
|upkeep
|turn|32
|
|t:|1758352920
|switch|p2a: Dylan|Ditto|94/100
|-transform|p2a: Dylan|p1a: Wo-Chien|[from] ability: Imposter
|-ability|p2a: Dylan|Tablets of Ruin
|move|p1a: Wo-Chien|Leech Seed|p2a: Dylan
|-immune|p2a: Dylan
|
|-weather|SunnyDay|[upkeep]
|-heal|p1a: Wo-Chien|82/100|[from] item: Leftovers
|upkeep
|turn|33
|
|t:|1758352931
|move|p2a: Dylan|Knock Off|p1a: Wo-Chien
|-damage|p1a: Wo-Chien|63/100
|-enditem|p1a: Wo-Chien|Leftovers|[from] move: Knock Off|[of] p2a: Dylan
|move|p1a: Wo-Chien|Poison Powder|p2a: Dylan
|-immune|p2a: Dylan
|
|-weather|none
|upkeep
|turn|34
|
|t:|1758352946
|switch|p2a: Cigarette Grandpa|Torkoal, F|38/100 par
|-weather|SunnyDay|[from] ability: Drought|[of] p2a: Cigarette Grandpa
|move|p1a: Wo-Chien|Protect||[still]
|-fail|p1a: Wo-Chien
|
|-weather|SunnyDay|[upkeep]
|upkeep
|turn|35
|
|t:|1758352954
|move|p1a: Wo-Chien|Leech Seed|p2a: Cigarette Grandpa
|-start|p2a: Cigarette Grandpa|move: Leech Seed
|move|p2a: Cigarette Grandpa|Body Press|p1a: Wo-Chien
|-damage|p1a: Wo-Chien|49/100
|
|-weather|SunnyDay|[upkeep]
|-damage|p2a: Cigarette Grandpa|26/100 par|[from] Leech Seed|[of] p1a: Wo-Chien
|-heal|p1a: Wo-Chien|60/100|[silent]
|upkeep
|turn|36
|
|t:|1758352961
|switch|p2a: Dylan|Ditto|94/100
|-transform|p2a: Dylan|p1a: Wo-Chien|[from] ability: Imposter
|-ability|p2a: Dylan|Tablets of Ruin
|move|p1a: Wo-Chien|Protect||[still]
|-fail|p1a: Wo-Chien
|
|-weather|SunnyDay|[upkeep]
|upkeep
|turn|37
|
|t:|1758352968
|move|p2a: Dylan|Poison Powder|p1a: Wo-Chien
|-status|p1a: Wo-Chien|psn
|move|p1a: Wo-Chien|Knock Off|p2a: Dylan
|-resisted|p2a: Dylan
|-damage|p2a: Dylan|83/100
|-enditem|p2a: Dylan|Choice Scarf|[from] move: Knock Off|[of] p1a: Wo-Chien
|
|-weather|SunnyDay|[upkeep]
|-damage|p1a: Wo-Chien|48/100 psn|[from] psn
|upkeep
|turn|38
|-message|GLOCKED forfeited.
|
|win|UncleQuack
|raw|GLOCKED's rating: 1333 &rarr; <strong>1311</strong><br />(-22 for losing)
|raw|UncleQuack's rating: 1294 &rarr; <strong>1322</strong><br />(+28 for winning)
|l|☆GLOCKED
|player|p1|
|l|☆UncleQuack
|player|p2|
