|j|☆sauceuncle
|j|☆GFYSYDAR
|t:|1758313474
|gametype|singles
|player|p1|sauceuncle|ghetsis-gen5bw|1313
|player|p2|GFYSYDAR|scientist-gen4dp|1353
|gen|9
|tier|[Gen 9] OU
|rated|
|rule|HP Percentage Mod: HP is shown in percentages
|rule|Endless Battle Clause: Forcing endless battles is banned
|rule|Species Clause: Limit one of each Pokémon
|rule|OHKO Clause: OHKO moves are banned
|rule|Evasion Items Clause: Evasion items are banned
|rule|Evasion Moves Clause: Evasion moves are banned
|rule|Evasion Abilities Clause: Evasion abilities are banned
|rule|Sleep Moves Clause: Sleep-inducing moves are banned
|clearpoke
|poke|p1|Pelipper, M|
|poke|p1|Hatterene, F|
|poke|p1|Iron Treads|
|poke|p1|Toxicroak, F|
|poke|p1|Barraskewda, M|
|poke|p1|Zapdos|
|poke|p2|Electrode-Hisui|
|poke|p2|Gallade, M|
|poke|p2|Slowking-Galar, F|
|poke|p2|Alomomola, M|
|poke|p2|Great Tusk|
|poke|p2|Landorus-Therian, M|
|teampreview
|inactive|Battle timer is ON: inactive players will automatically lose when time's up. (requested by sauceuncle)
|
|t:|1758313498
|teamsize|p1|6
|teamsize|p2|6
|start
|switch|p1a: Pelican4UrProblems|Pelipper, M|100/100
|switch|p2a: Slowking|Slowking-Galar, F|100/100
|-weather|RainDance|[from] ability: Drizzle|[of] p1a: Pelican4UrProblems
|turn|1
|
|t:|1758313505
|move|p1a: Pelican4UrProblems|Knock Off|p2a: Slowking
|-supereffective|p2a: Slowking
|-damage|p2a: Slowking|74/100
|-enditem|p2a: Slowking|Heavy-Duty Boots|[from] move: Knock Off|[of] p1a: Pelican4UrProblems
|-prepare|p2a: Slowking|Chilly Reception|[premajor]
|move|p2a: Slowking|Chilly Reception|p2a: Slowking
|-weather|Snowscape
|
|t:|1758313512
|switch|p2a: Electrode|Electrode-Hisui, shiny|100/100|[from] Chilly Reception
|
|-weather|Snowscape|[upkeep]
|upkeep
|turn|2
|
|t:|1758313529
|switch|p1a: JunkInTheTrunk|Iron Treads, shiny|100/100
|move|p2a: Electrode|Chloroblast|p1a: JunkInTheTrunk
|-damage|p1a: JunkInTheTrunk|36/100
|-damage|p2a: Electrode|50/100|[from] Recoil
|
|-weather|Snowscape|[upkeep]
|-heal|p1a: JunkInTheTrunk|42/100|[from] item: Leftovers
|upkeep
|turn|3
|
|t:|1758313542
|switch|p2a: Great Tusk|Great Tusk|100/100
|move|p1a: JunkInTheTrunk|Stealth Rock|p2a: Great Tusk
|-sidestart|p2: GFYSYDAR|move: Stealth Rock
|
|-weather|Snowscape|[upkeep]
|-heal|p1a: JunkInTheTrunk|48/100|[from] item: Leftovers
|upkeep
|turn|4
|
|t:|1758313550
|-end|p1a: JunkInTheTrunk|Quark Drive|[silent]
|switch|p1a: Pelican4UrProblems|Pelipper, M|100/100
|-weather|RainDance|[from] ability: Drizzle|[of] p1a: Pelican4UrProblems
|move|p2a: Great Tusk|Rapid Spin|p1a: Pelican4UrProblems
|-damage|p1a: Pelican4UrProblems|81/100
|-boost|p2a: Great Tusk|spe|1
|-sideend|p2: GFYSYDAR|Stealth Rock|[from] move: Rapid Spin|[of] p2a: Great Tusk
|
|-weather|RainDance|[upkeep]
|upkeep
|turn|5
|
|t:|1758313560
|move|p2a: Great Tusk|Head Smash|p1a: Pelican4UrProblems
|-supereffective|p1a: Pelican4UrProblems
|-damage|p1a: Pelican4UrProblems|0 fnt
|faint|p1a: Pelican4UrProblems
|-damage|p2a: Great Tusk|65/100|[from] Recoil
|
|-weather|RainDance|[upkeep]
|upkeep
|
|t:|1758313563
|switch|p1a: PainInTheRain|Zapdos|100/100
|turn|6
|
|t:|1758313572
|-end|p2a: Great Tusk|Protosynthesis|[silent]
|switch|p2a: Landorus|Landorus-Therian, M|100/100
|-ability|p2a: Landorus|Intimidate|boost
|-unboost|p1a: PainInTheRain|atk|1
|switch|p1a: ToadOfTheTeam|Toxicroak, F|100/100
|
|-weather|RainDance|[upkeep]
|upkeep
|turn|7
|
|t:|1758313587
|switch|p1a: PainInTheRain|Zapdos|100/100
|move|p2a: Landorus|Earthquake|p1a: PainInTheRain
|-immune|p1a: PainInTheRain
|
|-weather|RainDance|[upkeep]
|upkeep
|turn|8
|
|t:|1758313595
|move|p1a: PainInTheRain|Weather Ball|p2a: Landorus
|-supereffective|p2a: Landorus
|-damage|p2a: Landorus|0 fnt
|faint|p2a: Landorus
|
|-weather|RainDance|[upkeep]
|upkeep
|
|t:|1758313602
|switch|p2a: Slowking|Slowking-Galar, F|100/100
|turn|9
|
|t:|1758313614
|switch|p1a: JunkInTheTrunk|Iron Treads, shiny|48/100
|-prepare|p2a: Slowking|Chilly Reception|[premajor]
|move|p2a: Slowking|Chilly Reception|p2a: Slowking
|-weather|Snowscape
|
|t:|1758313620
|switch|p2a: Gallade|Gallade, M, shiny|100/100|[from] Chilly Reception
|
|-weather|Snowscape|[upkeep]
|-heal|p1a: JunkInTheTrunk|54/100|[from] item: Leftovers
|upkeep
|turn|10
|
|t:|1758313629
|move|p2a: Gallade|Knock Off|p1a: JunkInTheTrunk
|-damage|p1a: JunkInTheTrunk|19/100
|-enditem|p1a: JunkInTheTrunk|Leftovers|[from] move: Knock Off|[of] p2a: Gallade
|move|p1a: JunkInTheTrunk|Stealth Rock|p2a: Gallade
|-sidestart|p2: GFYSYDAR|move: Stealth Rock
|
|-weather|Snowscape|[upkeep]
|upkeep
|turn|11
|
|t:|1758313636
|-end|p1a: JunkInTheTrunk|Quark Drive|[silent]
|switch|p1a: ToadOfTheTeam|Toxicroak, F|100/100
|move|p2a: Gallade|Knock Off|p1a: ToadOfTheTeam
|-resisted|p1a: ToadOfTheTeam
|-damage|p1a: ToadOfTheTeam|80/100
|-damage|p2a: Gallade|84/100|[from] item: Rocky Helmet|[of] p1a: ToadOfTheTeam
|-enditem|p1a: ToadOfTheTeam|Rocky Helmet|[from] move: Knock Off|[of] p2a: Gallade
|
|-weather|Snowscape|[upkeep]
|upkeep
|turn|12
|
|t:|1758313646
|switch|p2a: Great Tusk|Great Tusk|65/100
|-terastallize|p1a: ToadOfTheTeam|Ghost
|move|p1a: ToadOfTheTeam|Knock Off|p2a: Great Tusk
|-resisted|p2a: Great Tusk
|-damage|p2a: Great Tusk|56/100
|-enditem|p2a: Great Tusk|Heavy-Duty Boots|[from] move: Knock Off|[of] p1a: ToadOfTheTeam
|
|-weather|Snowscape|[upkeep]
|upkeep
|turn|13
|
|t:|1758313658
|move|p2a: Great Tusk|Headlong Rush|p1a: ToadOfTheTeam
|-damage|p1a: ToadOfTheTeam|24/100
|-unboost|p2a: Great Tusk|def|1
|-unboost|p2a: Great Tusk|spd|1
|move|p1a: ToadOfTheTeam|Toxic|p2a: Great Tusk
|-status|p2a: Great Tusk|tox
|
|-weather|none
|-damage|p2a: Great Tusk|50/100 tox|[from] psn
|upkeep
|turn|14
|
|t:|1758313669
|switch|p1a: HatsOff2U|Hatterene, F, shiny|100/100
|move|p2a: Great Tusk|Rapid Spin|p1a: HatsOff2U
|-damage|p1a: HatsOff2U|85/100
|-boost|p2a: Great Tusk|spe|1
|-sideend|p2: GFYSYDAR|Stealth Rock|[from] move: Rapid Spin|[of] p2a: Great Tusk
|-enditem|p1a: HatsOff2U|Eject Button
|
|t:|1758313676
|switch|p1a: TheMatchupFish|Barraskewda, M, shiny|100/100
|
|-damage|p2a: Great Tusk|37/100 tox|[from] psn
|upkeep
|turn|15
|
|t:|1758313683
|-end|p2a: Great Tusk|Protosynthesis|[silent]
|switch|p2a: Alomomola|Alomomola, M, shiny|100/100
|move|p1a: TheMatchupFish|Aqua Jet|p2a: Alomomola
|-resisted|p2a: Alomomola
|-damage|p2a: Alomomola|91/100
|
|upkeep
|turn|16
|-message|sauceuncle forfeited.
|
|win|GFYSYDAR
|raw|sauceuncle's rating: 1313 &rarr; <strong>1295</strong><br />(-18 for losing)
|raw|GFYSYDAR's rating: 1353 &rarr; <strong>1371</strong><br />(+18 for winning)
|l|☆sauceuncle
|player|p1|
