|j|☆Supremekaiofhate
|j|☆zzy1248
|t:|1758285786
|gametype|singles
|player|p1|Supremekaiofhate|1|1121
|player|p2|zzy1248|101|1106
|gen|9
|tier|[Gen 9] OU
|rated|
|rule|HP Percentage Mod: HP is shown in percentages
|rule|Endless Battle Clause: Forcing endless battles is banned
|rule|Species Clause: Limit one of each Pokémon
|rule|OHKO Clause: OHKO moves are banned
|rule|Evasion Items Clause: Evasion items are banned
|rule|Evasion Moves Clause: Evasion moves are banned
|rule|Evasion Abilities Clause: Evasion abilities are banned
|rule|Sleep Moves Clause: Sleep-inducing moves are banned
|clearpoke
|poke|p1|Kleavor, M|
|poke|p1|Yanmega, M|
|poke|p1|Forretress, M|
|poke|p1|Frosmoth, F|
|poke|p1|Lokix, M|
|poke|p1|Araquanid, F|
|poke|p2|Tyranitar, M|
|poke|p2|Excadrill, M|
|poke|p2|Keldeo-Resolute|
|poke|p2|Tornadus-Therian, M|
|poke|p2|Heatran, M|
|poke|p2|Hydrapple, M|
|teampreview
|
|t:|1758285800
|teamsize|p1|6
|teamsize|p2|6
|start
|switch|p1a: Kleavor|Kleavor, M|100/100
|switch|p2a: Heatran|Heatran, M|100/100
|turn|1
|
|t:|1758285810
|move|p1a: Kleavor|Stone Axe|p2a: Heatran
|-damage|p2a: Heatran|54/100
|-status|p1a: Kleavor|brn|[from] ability: Flame Body|[of] p2a: Heatran
|-sidestart|p2: zzy1248|move: Stealth Rock
|move|p2a: Heatran|Magma Storm|p1a: Kleavor
|-damage|p1a: Kleavor|29/100 brn
|-activate|p1a: Kleavor|move: Magma Storm|[of] p2a: Heatran
|
|-heal|p2a: Heatran|61/100|[from] item: Leftovers
|-damage|p1a: Kleavor|23/100 brn|[from] brn
|-damage|p1a: Kleavor|10/100 brn|[from] move: Magma Storm|[partiallytrapped]
|upkeep
|turn|2
|
|t:|1758285819
|move|p1a: Kleavor|Stone Axe|p2a: Heatran
|-damage|p2a: Heatran|39/100
|move|p2a: Heatran|Stealth Rock|p1a: Kleavor
|-sidestart|p1: Supremekaiofhate|move: Stealth Rock
|
|-heal|p2a: Heatran|45/100|[from] item: Leftovers
|-damage|p1a: Kleavor|4/100 brn|[from] brn
|-damage|p1a: Kleavor|0 fnt|[from] move: Magma Storm|[partiallytrapped]
|faint|p1a: Kleavor
|upkeep
|
|t:|1758285828
|switch|p1a: Frosmoth|Frosmoth, F|100/100
|turn|3
|
|t:|1758285835
|-terastallize|p1a: Frosmoth|Ground
|move|p2a: Heatran|Magma Storm|p1a: Frosmoth
|-damage|p1a: Frosmoth|83/100
|-activate|p1a: Frosmoth|move: Magma Storm|[of] p2a: Heatran
|move|p1a: Frosmoth|Quiver Dance|p1a: Frosmoth
|-boost|p1a: Frosmoth|spa|1
|-boost|p1a: Frosmoth|spd|1
|-boost|p1a: Frosmoth|spe|1
|
|-heal|p2a: Heatran|51/100|[from] item: Leftovers
|-damage|p1a: Frosmoth|70/100|[from] move: Magma Storm|[partiallytrapped]
|upkeep
|turn|4
|
|t:|1758285850
|switch|p2a: Hydrapple|Hydrapple, M|100/100
|-damage|p2a: Hydrapple|88/100|[from] Stealth Rock
|move|p1a: Frosmoth|Quiver Dance|p1a: Frosmoth
|-boost|p1a: Frosmoth|spa|1
|-boost|p1a: Frosmoth|spd|1
|-boost|p1a: Frosmoth|spe|1
|
|-end|p1a: Frosmoth|Magma Storm|[partiallytrapped]|[silent]
|upkeep
|turn|5
|
|t:|1758285856
|move|p1a: Frosmoth|Ice Beam|p2a: Hydrapple
|-supereffective|p2a: Hydrapple
|-damage|p2a: Hydrapple|0 fnt
|faint|p2a: Hydrapple
|
|upkeep
|
|t:|1758285861
|switch|p2a: Keldeo|Keldeo-Resolute|100/100
|-damage|p2a: Keldeo|94/100|[from] Stealth Rock
|turn|6
|
|t:|1758285868
|move|p1a: Frosmoth|Giga Drain|p2a: Keldeo
|-supereffective|p2a: Keldeo
|-damage|p2a: Keldeo|0 fnt
|-heal|p1a: Frosmoth|100/100|[from] drain|[of] p2a: Keldeo
|faint|p2a: Keldeo
|
|upkeep
|
|t:|1758285871
|switch|p2a: Tyranitar|Tyranitar, M|100/100
|-damage|p2a: Tyranitar|88/100|[from] Stealth Rock
|-weather|Sandstorm|[from] ability: Sand Stream|[of] p2a: Tyranitar
|turn|7
|
|t:|1758285881
|move|p1a: Frosmoth|Giga Drain|p2a: Tyranitar
|-supereffective|p2a: Tyranitar
|-damage|p2a: Tyranitar|27/100
|move|p2a: Tyranitar|Low Kick|p1a: Frosmoth
|-damage|p1a: Frosmoth|46/100
|
|-weather|Sandstorm|[upkeep]
|upkeep
|turn|8
|
|t:|1758285886
|move|p1a: Frosmoth|Giga Drain|p2a: Tyranitar
|-supereffective|p2a: Tyranitar
|-damage|p2a: Tyranitar|0 fnt
|-heal|p1a: Frosmoth|59/100|[from] drain|[of] p2a: Tyranitar
|faint|p2a: Tyranitar
|
|-weather|Sandstorm|[upkeep]
|upkeep
|
|t:|1758285895
|switch|p2a: Heatran|Heatran, M|51/100
|-damage|p2a: Heatran|39/100|[from] Stealth Rock
|turn|9
|
|t:|1758285901
|move|p1a: Frosmoth|Ice Beam|p2a: Heatran
|-resisted|p2a: Heatran
|-damage|p2a: Heatran|26/100
|move|p2a: Heatran|Magma Storm|p1a: Frosmoth
|-damage|p1a: Frosmoth|49/100
|-activate|p1a: Frosmoth|move: Magma Storm|[of] p2a: Heatran
|
|-weather|Sandstorm|[upkeep]
|-heal|p2a: Heatran|32/100|[from] item: Leftovers
|-damage|p1a: Frosmoth|37/100|[from] move: Magma Storm|[partiallytrapped]
|upkeep
|turn|10
|
|t:|1758285906
|move|p1a: Frosmoth|Giga Drain|p2a: Heatran
|-resisted|p2a: Heatran
|-damage|p2a: Heatran|25/100
|-heal|p1a: Frosmoth|41/100|[from] drain|[of] p2a: Heatran
|move|p2a: Heatran|Magma Storm|p1a: Frosmoth|[miss]
|-miss|p2a: Heatran|p1a: Frosmoth
|
|-weather|Sandstorm|[upkeep]
|-heal|p2a: Heatran|31/100|[from] item: Leftovers
|-damage|p1a: Frosmoth|29/100|[from] move: Magma Storm|[partiallytrapped]
|upkeep
|turn|11
|
|t:|1758285913
|move|p1a: Frosmoth|Ice Beam|p2a: Heatran
|-resisted|p2a: Heatran
|-damage|p2a: Heatran|17/100
|move|p2a: Heatran|Magma Storm|p1a: Frosmoth
|-damage|p1a: Frosmoth|20/100
|
|-weather|none
|-heal|p2a: Heatran|23/100|[from] item: Leftovers
|-damage|p1a: Frosmoth|7/100|[from] move: Magma Storm|[partiallytrapped]
|upkeep
|turn|12
|
|t:|1758285923
|move|p1a: Frosmoth|Ice Beam|p2a: Heatran
|-resisted|p2a: Heatran
|-damage|p2a: Heatran|11/100
|move|p2a: Heatran|Magma Storm|p1a: Frosmoth
|-damage|p1a: Frosmoth|0 fnt
|faint|p1a: Frosmoth
|
|-heal|p2a: Heatran|17/100|[from] item: Leftovers
|upkeep
|
|t:|1758285936
|switch|p1a: Araquanid|Araquanid, F, shiny|100/100
|-damage|p1a: Araquanid|75/100|[from] Stealth Rock
|turn|13
|
|t:|1758285945
|switch|p2a: Tornadus|Tornadus-Therian, M|100/100
|move|p1a: Araquanid|Surf|p2a: Tornadus
|-damage|p2a: Tornadus|65/100
|
|-heal|p1a: Araquanid|82/100|[from] item: Leftovers
|upkeep
|turn|14
|
|t:|1758285952
|move|p2a: Tornadus|Taunt|p1a: Araquanid
|-start|p1a: Araquanid|move: Taunt
|move|p1a: Araquanid|Surf|p2a: Tornadus
|-damage|p2a: Tornadus|29/100
|
|-heal|p1a: Araquanid|88/100|[from] item: Leftovers
|upkeep
|turn|15
|
|t:|1758285955
|move|p2a: Tornadus|Bleakwind Storm|p1a: Araquanid
|-supereffective|p1a: Araquanid
|-damage|p1a: Araquanid|36/100
|move|p1a: Araquanid|Surf|p2a: Tornadus
|-damage|p2a: Tornadus|0 fnt
|faint|p2a: Tornadus
|
|-heal|p1a: Araquanid|42/100|[from] item: Leftovers
|upkeep
|
|t:|1758285958
|switch|p2a: Excadrill|Excadrill, M|100/100
|-damage|p2a: Excadrill|97/100|[from] Stealth Rock
|-item|p2a: Excadrill|Air Balloon
|turn|16
|
|t:|1758285961
|-terastallize|p2a: Excadrill|Ghost
|move|p2a: Excadrill|Swords Dance|p2a: Excadrill
|-boost|p2a: Excadrill|atk|2
|move|p1a: Araquanid|Lunge|p2a: Excadrill
|-resisted|p2a: Excadrill
|-damage|p2a: Excadrill|83/100
|-unboost|p2a: Excadrill|atk|1
|-enditem|p2a: Excadrill|Air Balloon
|
|-heal|p1a: Araquanid|48/100|[from] item: Leftovers
|-end|p1a: Araquanid|move: Taunt
|upkeep
|turn|17
|
|t:|1758285967
|move|p2a: Excadrill|Iron Head|p1a: Araquanid
|-resisted|p1a: Araquanid
|-damage|p1a: Araquanid|13/100
|cant|p1a: Araquanid|flinch
|
|-heal|p1a: Araquanid|19/100|[from] item: Leftovers
|upkeep
|turn|18
|
|t:|1758285970
|move|p2a: Excadrill|Iron Head|p1a: Araquanid
|-resisted|p1a: Araquanid
|-damage|p1a: Araquanid|0 fnt
|faint|p1a: Araquanid
|
|upkeep
|
|t:|1758285974
|switch|p1a: Forretress|Forretress, M|100/100
|-damage|p1a: Forretress|88/100|[from] Stealth Rock
|turn|19
|
|t:|1758285981
|move|p2a: Excadrill|Swords Dance|p2a: Excadrill
|-boost|p2a: Excadrill|atk|2
|move|p1a: Forretress|Volt Switch|p2a: Excadrill
|-damage|p2a: Excadrill|69/100
|
|t:|1758285989
|switch|p1a: Yanmega|Yanmega, M|100/100|[from] Volt Switch
|-damage|p1a: Yanmega|51/100|[from] Stealth Rock
|
|upkeep
|turn|20
|
|t:|1758285993
|switch|p1a: Forretress|Forretress, M|88/100
|-damage|p1a: Forretress|76/100|[from] Stealth Rock
|move|p2a: Excadrill|Iron Head|p1a: Forretress
|-resisted|p1a: Forretress
|-damage|p1a: Forretress|45/100
|-damage|p2a: Excadrill|52/100|[from] item: Rocky Helmet|[of] p1a: Forretress
|
|upkeep
|turn|21
|
|t:|1758286004
|move|p2a: Excadrill|Earthquake|p1a: Forretress
|-damage|p1a: Forretress|0 fnt
|faint|p1a: Forretress
|
|upkeep
|
|t:|1758286009
|switch|p1a: Yanmega|Yanmega, M|51/100
|-damage|p1a: Yanmega|1/100|[from] Stealth Rock
|turn|22
|
|t:|1758286021
|move|p1a: Yanmega|Air Slash|p2a: Excadrill
|-damage|p2a: Excadrill|0 fnt
|faint|p2a: Excadrill
|
|upkeep
|
|t:|1758286023
|switch|p2a: Heatran|Heatran, M|17/100
|-damage|p2a: Heatran|5/100|[from] Stealth Rock
|turn|23
|
|t:|1758286028
|move|p1a: Yanmega|Air Slash|p2a: Heatran
|-resisted|p2a: Heatran
|-damage|p2a: Heatran|0 fnt
|faint|p2a: Heatran
|
|win|Supremekaiofhate
|raw|Supremekaiofhate's rating: 1121 &rarr; <strong>1145</strong><br />(+24 for winning)
|raw|zzy1248's rating: 1106 &rarr; <strong>1082</strong><br />(-24 for losing)
|l|☆Supremekaiofhate
|player|p1|
|l|☆zzy1248
|player|p2|
