|j|☆L7mineon
|j|☆kookoobooboo
|t:|1758335319
|gametype|singles
|player|p1|L7mineon|swimmerf-gen4dp|1423
|player|p2|kookoobooboo|169|1381
|gen|9
|tier|[Gen 9] OU
|rated|
|rule|HP Percentage Mod: HP is shown in percentages
|rule|Endless Battle Clause: Forcing endless battles is banned
|rule|Species Clause: Limit one of each Pokémon
|rule|OHKO Clause: OHKO moves are banned
|rule|Evasion Items Clause: Evasion items are banned
|rule|Evasion Moves Clause: Evasion moves are banned
|rule|Evasion Abilities Clause: Evasion abilities are banned
|rule|Sleep Moves Clause: Sleep-inducing moves are banned
|clearpoke
|poke|p1|Kyurem|
|poke|p1|Moltres|
|poke|p1|Clodsire, M|
|poke|p1|Grimmsnarl, M|
|poke|p1|Slowking-Galar, M|
|poke|p1|Slither Wing|
|poke|p2|Empoleon, F|
|poke|p2|Iron Valiant|
|poke|p2|Hydrapple, M|
|poke|p2|Garchomp, M|
|poke|p2|Ceruledge, F|
|poke|p2|Zoroark-Hisui, F|
|teampreview
|inactive|Battle timer is ON: inactive players will automatically lose when time's up. (requested by kookoobooboo)
|
|t:|1758335344
|teamsize|p1|6
|teamsize|p2|6
|start
|switch|p1a: Clodsire|Clodsire, M|100/100
|switch|p2a: Empoleon|Empoleon, F|100/100
|turn|1
|
|t:|1758335350
|move|p2a: Empoleon|Trick|p1a: Clodsire
|-activate|p2a: Empoleon|move: Trick|[of] p1a: Clodsire
|-item|p1a: Clodsire|Choice Scarf|[from] move: Trick
|-item|p2a: Empoleon|Leftovers|[from] move: Trick
|move|p1a: Clodsire|Toxic Spikes|p2a: Empoleon
|-sidestart|p2: kookoobooboo|move: Toxic Spikes
|
|upkeep
|turn|2
|
|t:|1758335368
|move|p2a: Empoleon|Hyper Voice|p1a: Clodsire
|-damage|p1a: Clodsire|74/100
|move|p1a: Clodsire|Toxic Spikes|p2a: Empoleon
|-sidestart|p2: kookoobooboo|move: Toxic Spikes
|
|upkeep
|turn|3
|
|t:|1758335372
|switch|p1a: Slowking|Slowking-Galar, M|100/100
|move|p2a: Empoleon|Hyper Voice|p1a: Slowking
|-damage|p1a: Slowking|68/100
|
|upkeep
|turn|4
|
|t:|1758335390
|move|p2a: Empoleon|Hex|p1a: Slowking
|-supereffective|p1a: Slowking
|-damage|p1a: Slowking|21/100
|move|p1a: Slowking|Future Sight|p2a: Empoleon
|-start|p1a: Slowking|move: Future Sight
|
|upkeep
|turn|5
|
|t:|1758335398
|switch|p1a: Clodsire|Clodsire, M|74/100
|move|p2a: Empoleon|Hyper Voice|p1a: Clodsire
|-damage|p1a: Clodsire|46/100
|
|upkeep
|turn|6
|
|t:|1758335423
|move|p2a: Empoleon|U-turn|p1a: Clodsire
|-resisted|p1a: Clodsire
|-damage|p1a: Clodsire|36/100
|
|t:|1758335425
|switch|p2a: Empoleon|Empoleon, F|100/100|[from] U-turn
|move|p1a: Clodsire|Poison Jab|p2a: Empoleon
|-immune|p2a: Empoleon
|
|-end|p2a: Empoleon|move: Future Sight
|-resisted|p2a: Empoleon
|-damage|p2a: Empoleon|81/100
|upkeep
|turn|7
|
|t:|1758335436
|switch|p1a: Slowking|Slowking-Galar, M|55/100
|move|p2a: Empoleon|Flash Cannon|p1a: Slowking
|-damage|p1a: Slowking|30/100
|
|upkeep
|turn|8
|
|t:|1758335444
|switch|p1a: Clodsire|Clodsire, M|36/100
|move|p2a: Empoleon|Surf|p1a: Clodsire
|-heal|p1a: Clodsire|60/100|[from] ability: Water Absorb|[of] p2a: Empoleon
|
|upkeep
|turn|9
|
|t:|1758335453
|switch|p1a: Slowking|Slowking-Galar, M|63/100
|switch|p2a: Garchomp|Garchomp, M|100/100
|
|upkeep
|turn|10
|inactive|L7mineon has 120 seconds left.
|
|t:|1758335483
|switch|p1a: Slither Wing|Slither Wing|100/100
|move|p2a: Garchomp|Substitute|p2a: Garchomp
|-start|p2a: Garchomp|Substitute
|-damage|p2a: Garchomp|76/100
|
|upkeep
|turn|11
|
|t:|1758335486
|move|p2a: Garchomp|Stealth Rock|p1a: Slither Wing
|-sidestart|p1: L7mineon|move: Stealth Rock
|move|p1a: Slither Wing|Low Kick|p2a: Garchomp
|-end|p2a: Garchomp|Substitute
|
|upkeep
|turn|12
|
|t:|1758335498
|move|p1a: Slither Wing|Low Kick|p2a: Garchomp
|-damage|p2a: Garchomp|37/100
|-damage|p1a: Slither Wing|88/100|[from] ability: Rough Skin|[of] p2a: Garchomp
|move|p2a: Garchomp|Dragon Tail|p1a: Slither Wing
|-damage|p1a: Slither Wing|64/100
|-damage|p2a: Garchomp|21/100|[from] item: Rocky Helmet|[of] p1a: Slither Wing
|-end|p1a: Slither Wing|Protosynthesis|[silent]
|drag|p1a: Moltres|Moltres|100/100
|
|upkeep
|turn|13
|
|t:|1758335509
|switch|p2a: Empoleon|Empoleon, F|81/100
|move|p1a: Moltres|Air Slash|p2a: Empoleon
|-resisted|p2a: Empoleon
|-damage|p2a: Empoleon|69/100
|
|upkeep
|turn|14
|
|t:|1758335514
|switch|p1a: Clodsire|Clodsire, M|60/100
|-damage|p1a: Clodsire|54/100|[from] Stealth Rock
|move|p2a: Empoleon|Roost|p2a: Empoleon
|-heal|p2a: Empoleon|100/100
|-singleturn|p2a: Empoleon|move: Roost
|
|upkeep
|turn|15
|
|t:|1758335529
|move|p1a: Clodsire|Recover|p1a: Clodsire
|-heal|p1a: Clodsire|100/100
|move|p2a: Empoleon|Flash Cannon|p1a: Clodsire
|-damage|p1a: Clodsire|84/100
|
|upkeep
|turn|16
|
|t:|1758335534
|switch|p1a: Slowking|Slowking-Galar, M|96/100
|move|p2a: Empoleon|Surf|p1a: Slowking
|-damage|p1a: Slowking|73/100
|
|upkeep
|turn|17
|
|t:|1758335543
|move|p2a: Empoleon|Surf|p1a: Slowking
|-damage|p1a: Slowking|48/100
|move|p1a: Slowking|Future Sight|p2a: Empoleon
|-start|p1a: Slowking|move: Future Sight
|
|upkeep
|turn|18
|
|t:|1758335548
|switch|p1a: Clodsire|Clodsire, M|84/100
|-damage|p1a: Clodsire|77/100|[from] Stealth Rock
|move|p2a: Empoleon|Flash Cannon|p1a: Clodsire
|-damage|p1a: Clodsire|60/100
|
|upkeep
|turn|19
|
|t:|1758335555
|switch|p1a: Slowking|Slowking-Galar, M|82/100
|move|p2a: Empoleon|Flash Cannon|p1a: Slowking
|-damage|p1a: Slowking|58/100
|
|-end|p2a: Empoleon|move: Future Sight
|-resisted|p2a: Empoleon
|-damage|p2a: Empoleon|81/100
|upkeep
|turn|20
|
|t:|1758335560
|switch|p1a: Clodsire|Clodsire, M|60/100
|-damage|p1a: Clodsire|54/100|[from] Stealth Rock
|move|p2a: Empoleon|Flash Cannon|p1a: Clodsire
|-damage|p1a: Clodsire|36/100
|
|upkeep
|turn|21
|
|t:|1758335579
|switch|p2a: Garchomp|Garchomp, M|21/100
|move|p1a: Clodsire|Recover|p1a: Clodsire
|-heal|p1a: Clodsire|86/100
|
|upkeep
|turn|22
|
|t:|1758335585
|switch|p1a: Slither Wing|Slither Wing|64/100
|-damage|p1a: Slither Wing|52/100|[from] Stealth Rock
|move|p2a: Garchomp|Dragon Tail|p1a: Slither Wing
|-damage|p1a: Slither Wing|29/100
|-damage|p2a: Garchomp|4/100|[from] item: Rocky Helmet|[of] p1a: Slither Wing
|-end|p1a: Slither Wing|Protosynthesis|[silent]
|drag|p1a: Grimmsnarl|Grimmsnarl, M|100/100
|-damage|p1a: Grimmsnarl|88/100|[from] Stealth Rock
|
|upkeep
|turn|23
|
|t:|1758335599
|move|p1a: Grimmsnarl|Parting Shot|p2a: Garchomp
|-unboost|p2a: Garchomp|atk|1
|-unboost|p2a: Garchomp|spa|1
|
|t:|1758335603
|switch|p1a: Moltres|Moltres|100/100|[from] Parting Shot
|move|p2a: Garchomp|Earthquake|p1a: Moltres
|-immune|p1a: Moltres
|
|upkeep
|turn|24
|
|t:|1758335611
|switch|p2a: Empoleon|Empoleon, F|81/100
|move|p1a: Moltres|Flamethrower|p2a: Empoleon
|-damage|p2a: Empoleon|51/100
|
|upkeep
|turn|25
|
|t:|1758335621
|switch|p1a: Slowking|Slowking-Galar, M|91/100
|move|p2a: Empoleon|Roost|p2a: Empoleon
|-heal|p2a: Empoleon|100/100
|-singleturn|p2a: Empoleon|move: Roost
|
|upkeep
|turn|26
|
|t:|1758335631
|switch|p2a: Garchomp|Garchomp, M|4/100
|move|p1a: Slowking|Future Sight|p2a: Garchomp
|-start|p1a: Slowking|move: Future Sight
|
|upkeep
|turn|27
|
|t:|1758335640
|switch|p1a: Moltres|Moltres|100/100
|move|p2a: Garchomp|Earthquake|p1a: Moltres
|-immune|p1a: Moltres
|
|upkeep
|turn|28
|
|t:|1758335651
|switch|p2a: Empoleon|Empoleon, F|100/100
|move|p1a: Moltres|Flamethrower|p2a: Empoleon
|-damage|p2a: Empoleon|73/100
|
|-end|p2a: Empoleon|move: Future Sight
|-resisted|p2a: Empoleon
|-damage|p2a: Empoleon|55/100
|upkeep
|turn|29
|
|t:|1758335658
|switch|p1a: Slowking|Slowking-Galar, M|100/100
|move|p2a: Empoleon|Roost|p2a: Empoleon
|-heal|p2a: Empoleon|100/100
|-singleturn|p2a: Empoleon|move: Roost
|
|upkeep
|turn|30
|
|t:|1758335664
|switch|p2a: Empoleon|Empoleon, F|100/100
|-status|p2a: Empoleon|tox
|move|p1a: Slowking|Flamethrower|p2a: Empoleon
|-crit|p2a: Empoleon
|-damage|p2a: Empoleon|10/100 tox
|replace|p2a: Zoroark|Zoroark-Hisui, F, shiny
|-end|p2a: Zoroark|Illusion
|
|-heal|p2a: Zoroark|16/100 tox|[from] item: Leftovers
|-damage|p2a: Zoroark|10/100 tox|[from] psn
|upkeep
|turn|31
|
|t:|1758335672
|switch|p1a: Clodsire|Clodsire, M|86/100
|-damage|p1a: Clodsire|79/100|[from] Stealth Rock
|move|p2a: Zoroark|Trick|p1a: Clodsire
|-activate|p2a: Zoroark|move: Trick|[of] p1a: Clodsire
|-item|p1a: Clodsire|Leftovers|[from] move: Trick
|-item|p2a: Zoroark|Choice Scarf|[from] move: Trick
|
|-heal|p1a: Clodsire|86/100|[from] item: Leftovers
|-damage|p2a: Zoroark|0 fnt|[from] psn
|faint|p2a: Zoroark
|upkeep
|
|t:|1758335675
|switch|p2a: Garchomp|Garchomp, M|4/100
|turn|32
|
|t:|1758335683
|switch|p1a: Moltres|Moltres|100/100
|move|p2a: Garchomp|Dragon Tail|p1a: Moltres
|-damage|p1a: Moltres|66/100
|drag|p1a: Slowking|Slowking-Galar, M|100/100
|
|upkeep
|turn|33
|
|t:|1758335693
|switch|p1a: Moltres|Moltres|66/100
|move|p2a: Garchomp|Earthquake|p1a: Moltres
|-immune|p1a: Moltres
|
|upkeep
|turn|34
|
|t:|1758335698
|move|p1a: Moltres|Flamethrower|p2a: Garchomp
|-resisted|p2a: Garchomp
|-crit|p2a: Garchomp
|-damage|p2a: Garchomp|0 fnt
|faint|p2a: Garchomp
|
|upkeep
|
|t:|1758335700
|switch|p2a: Ceruledge|Ceruledge, F|100/100
|-status|p2a: Ceruledge|tox
|turn|35
|
|t:|1758335709
|move|p1a: Moltres|Ancient Power|p2a: Ceruledge
|-supereffective|p2a: Ceruledge
|-damage|p2a: Ceruledge|63/100 tox
|-enditem|p2a: Ceruledge|Weakness Policy
|-boost|p2a: Ceruledge|atk|2|[from] item: Weakness Policy
|-boost|p2a: Ceruledge|spa|2|[from] item: Weakness Policy
|move|p2a: Ceruledge|Poltergeist|p1a: Moltres
|-activate|p1a: Moltres|move: Poltergeist|Heavy-Duty Boots
|-damage|p1a: Moltres|0 fnt
|faint|p1a: Moltres
|
|-damage|p2a: Ceruledge|57/100 tox|[from] psn
|upkeep
|
|t:|1758335730
|switch|p1a: Kyurem|Kyurem|100/100
|-ability|p1a: Kyurem|Pressure
|turn|36
|
|t:|1758335733
|move|p1a: Kyurem|Earth Power|p2a: Ceruledge
|-supereffective|p2a: Ceruledge
|-damage|p2a: Ceruledge|2/100 tox
|move|p2a: Ceruledge|Bitter Blade|p1a: Kyurem
|-damage|p1a: Kyurem|34/100
|-heal|p2a: Ceruledge|48/100 tox|[from] drain|[of] p1a: Kyurem
|
|-damage|p2a: Ceruledge|36/100 tox|[from] psn
|upkeep
|turn|37
|
|t:|1758335751
|move|p2a: Ceruledge|Shadow Sneak|p1a: Kyurem
|-damage|p1a: Kyurem|5/100
|move|p1a: Kyurem|Earth Power|p2a: Ceruledge
|-supereffective|p2a: Ceruledge
|-damage|p2a: Ceruledge|0 fnt
|faint|p2a: Ceruledge
|
|upkeep
|
|t:|1758335763
|switch|p2a: Iron Valiant|Iron Valiant, shiny|100/100
|-status|p2a: Iron Valiant|tox
|-enditem|p2a: Iron Valiant|Booster Energy
|-activate|p2a: Iron Valiant|ability: Quark Drive|[fromitem]
|-start|p2a: Iron Valiant|quarkdrivespe
|turn|38
|
|t:|1758335775
|switch|p1a: Slither Wing|Slither Wing|29/100
|-damage|p1a: Slither Wing|16/100|[from] Stealth Rock
|move|p2a: Iron Valiant|Knock Off|p1a: Slither Wing
|-resisted|p1a: Slither Wing
|-damage|p1a: Slither Wing|5/100
|-damage|p2a: Iron Valiant|84/100 tox|[from] item: Rocky Helmet|[of] p1a: Slither Wing
|-enditem|p1a: Slither Wing|Rocky Helmet|[from] move: Knock Off|[of] p2a: Iron Valiant
|
|-damage|p2a: Iron Valiant|78/100 tox|[from] psn
|upkeep
|turn|39
|
|t:|1758335782
|move|p1a: Slither Wing|First Impression|p2a: Iron Valiant
|-resisted|p2a: Iron Valiant
|-damage|p2a: Iron Valiant|65/100 tox
|move|p2a: Iron Valiant|Swords Dance|p2a: Iron Valiant
|-boost|p2a: Iron Valiant|atk|2
|
|-damage|p2a: Iron Valiant|52/100 tox|[from] psn
|upkeep
|turn|40
|inactive|L7mineon has 120 seconds left.
|
|t:|1758335817
|-end|p1a: Slither Wing|Protosynthesis|[silent]
|switch|p1a: Kyurem|Kyurem|5/100
|-ability|p1a: Kyurem|Pressure
|move|p2a: Iron Valiant|Knock Off|p1a: Kyurem
|-crit|p1a: Kyurem
|-damage|p1a: Kyurem|0 fnt
|-enditem|p1a: Kyurem|Heavy-Duty Boots|[from] move: Knock Off|[of] p2a: Iron Valiant
|faint|p1a: Kyurem
|
|-damage|p2a: Iron Valiant|34/100 tox|[from] psn
|upkeep
|inactive|L7mineon has 120 seconds left.
|inactive|L7mineon has 90 seconds left.
|
|t:|1758335856
|switch|p1a: Slither Wing|Slither Wing|5/100
|-damage|p1a: Slither Wing|0 fnt|[from] Stealth Rock
|faint|p1a: Slither Wing
|-end|p1a: Slither Wing|Protosynthesis|[silent]
|inactive|L7mineon has 90 seconds left.
|
|t:|1758335883
|switch|p1a: Clodsire|Clodsire, M|86/100
|-damage|p1a: Clodsire|79/100|[from] Stealth Rock
|turn|41
|
|t:|1758335889
|move|p2a: Iron Valiant|Knock Off|p1a: Clodsire
|-crit|p1a: Clodsire
|-damage|p1a: Clodsire|0 fnt
|-enditem|p1a: Clodsire|Leftovers|[from] move: Knock Off|[of] p2a: Iron Valiant
|faint|p1a: Clodsire
|
|-damage|p2a: Iron Valiant|9/100 tox|[from] psn
|upkeep
|
|t:|1758335909
|switch|p1a: Grimmsnarl|Grimmsnarl, M|88/100
|-damage|p1a: Grimmsnarl|76/100|[from] Stealth Rock
|turn|42
|
|t:|1758335914
|move|p1a: Grimmsnarl|Parting Shot|p2a: Iron Valiant
|-unboost|p2a: Iron Valiant|atk|1
|-unboost|p2a: Iron Valiant|spa|1
|
|t:|1758335915
|switch|p1a: Slowking|Slowking-Galar, M|100/100|[from] Parting Shot
|move|p2a: Iron Valiant|Close Combat|p1a: Slowking
|-resisted|p1a: Slowking
|-damage|p1a: Slowking|76/100
|-unboost|p2a: Iron Valiant|def|1
|-unboost|p2a: Iron Valiant|spd|1
|
|-damage|p2a: Iron Valiant|0 fnt|[from] psn
|faint|p2a: Iron Valiant
|-end|p2a: Iron Valiant|Quark Drive|[silent]
|upkeep
|
|t:|1758335918
|switch|p2a: Empoleon|Empoleon, F|100/100
|turn|43
|inactive|L7mineon has 90 seconds left.
|
|t:|1758335934
|move|p2a: Empoleon|Surf|p1a: Slowking
|-damage|p1a: Slowking|50/100
|move|p1a: Slowking|Flamethrower|p2a: Empoleon
|-damage|p2a: Empoleon|81/100
|
|upkeep
|turn|44
|
|t:|1758335947
|move|p2a: Empoleon|Flash Cannon|p1a: Slowking
|-damage|p1a: Slowking|28/100
|move|p1a: Slowking|Flamethrower|p2a: Empoleon
|-crit|p2a: Empoleon
|-damage|p2a: Empoleon|53/100
|
|upkeep
|turn|45
|
|t:|1758335955
|move|p2a: Empoleon|Roost|p2a: Empoleon
|-heal|p2a: Empoleon|100/100
|-singleturn|p2a: Empoleon|move: Roost
|move|p1a: Slowking|Flamethrower|p2a: Empoleon
|-crit|p2a: Empoleon
|-damage|p2a: Empoleon|71/100
|
|upkeep
|turn|46
|
|t:|1758335960
|move|p2a: Empoleon|Surf|p1a: Slowking
|-damage|p1a: Slowking|3/100
|move|p1a: Slowking|Flamethrower|p2a: Empoleon
|-damage|p2a: Empoleon|54/100
|
|upkeep
|turn|47
|
|t:|1758335963
|switch|p1a: Grimmsnarl|Grimmsnarl, M|76/100
|-damage|p1a: Grimmsnarl|64/100|[from] Stealth Rock
|move|p2a: Empoleon|Roost|p2a: Empoleon
|-heal|p2a: Empoleon|100/100
|-singleturn|p2a: Empoleon|move: Roost
|
|upkeep
|turn|48
|
|t:|1758335975
|move|p1a: Grimmsnarl|Parting Shot|p2a: Empoleon
|-unboost|p2a: Empoleon|atk|1
|-ability|p2a: Empoleon|Competitive|boost
|-boost|p2a: Empoleon|spa|2
|-unboost|p2a: Empoleon|spa|1
|-ability|p2a: Empoleon|Competitive|boost
|-boost|p2a: Empoleon|spa|2
|
|t:|1758335976
|switch|p1a: Slowking|Slowking-Galar, M|36/100|[from] Parting Shot
|move|p2a: Empoleon|Flash Cannon|p1a: Slowking
|-damage|p1a: Slowking|0 fnt
|faint|p1a: Slowking
|
|upkeep
|
|t:|1758335979
|switch|p1a: Grimmsnarl|Grimmsnarl, M|64/100
|-damage|p1a: Grimmsnarl|51/100|[from] Stealth Rock
|turn|49
|
|t:|1758335983
|move|p1a: Grimmsnarl|Drain Punch|p2a: Empoleon
|-supereffective|p2a: Empoleon
|-damage|p2a: Empoleon|39/100
|-heal|p1a: Grimmsnarl|86/100|[from] drain|[of] p2a: Empoleon
|move|p2a: Empoleon|Flash Cannon|p1a: Grimmsnarl
|-supereffective|p1a: Grimmsnarl
|-damage|p1a: Grimmsnarl|0 fnt
|faint|p1a: Grimmsnarl
|
|win|kookoobooboo
|raw|L7mineon's rating: 1423 &rarr; <strong>1401</strong><br />(-22 for losing)
|raw|kookoobooboo's rating: 1381 &rarr; <strong>1403</strong><br />(+22 for winning)
|l|☆L7mineon
|player|p1|
