|j|☆Douglas_Evora
|j|☆Samarand
|t:|1758259859
|gametype|singles
|player|p1|Douglas_Evora|benga|1256
|player|p2|Samarand|veteranf|1333
|gen|9
|tier|[Gen 9] OU
|rated|
|rule|HP Percentage Mod: HP is shown in percentages
|rule|Endless Battle Clause: Forcing endless battles is banned
|rule|Species Clause: Limit one of each Pokémon
|rule|OHKO Clause: OHKO moves are banned
|rule|Evasion Items Clause: Evasion items are banned
|rule|Evasion Moves Clause: Evasion moves are banned
|rule|Evasion Abilities Clause: Evasion abilities are banned
|rule|Sleep Moves Clause: Sleep-inducing moves are banned
|clearpoke
|poke|p1|Jolteon, M|
|poke|p1|Slowking-Galar, M|
|poke|p1|Great Tusk|
|poke|p1|Moltres|
|poke|p1|Kingambit, F|
|poke|p1|Hydrapple, M|
|poke|p2|Delphox, F|
|poke|p2|Rillaboom, F|
|poke|p2|Ninetales, M|
|poke|p2|Corviknight, M|
|poke|p2|Iron Treads|
|poke|p2|Araquanid, F|
|teampreview
|inactive|Battle timer is ON: inactive players will automatically lose when time's up. (requested by Douglas_Evora)
|
|t:|1758259892
|teamsize|p1|6
|teamsize|p2|6
|start
|switch|p1a: Jolteon|Jolteon, M|100/100
|switch|p2a: Iron Treads|Iron Treads|100/100
|turn|1
|
|t:|1758259900
|switch|p1a: Hydrapple|Hydrapple, M|100/100
|move|p2a: Iron Treads|Stealth Rock|p1a: Hydrapple
|-sidestart|p1: Douglas_Evora|move: Stealth Rock
|
|upkeep
|turn|2
|
|t:|1758259911
|-end|p2a: Iron Treads|Quark Drive|[silent]
|switch|p2a: Ninetales|Ninetales, M|100/100
|-weather|SunnyDay|[from] ability: Drought|[of] p2a: Ninetales
|move|p1a: Hydrapple|Giga Drain|p2a: Ninetales
|-resisted|p2a: Ninetales
|-damage|p2a: Ninetales|90/100
|
|-weather|SunnyDay|[upkeep]
|upkeep
|turn|3
|
|t:|1758259923
|switch|p1a: Slowking|Slowking-Galar, M|100/100
|-damage|p1a: Slowking|88/100|[from] Stealth Rock
|move|p2a: Ninetales|Weather Ball|p1a: Slowking
|-damage|p1a: Slowking|68/100
|
|-weather|SunnyDay|[upkeep]
|upkeep
|turn|4
|
|t:|1758259938
|switch|p2a: Araquanid|Araquanid, F|100/100
|move|p1a: Slowking|Flamethrower|p2a: Araquanid
|-damage|p2a: Araquanid|83/100
|
|-weather|SunnyDay|[upkeep]
|upkeep
|turn|5
|
|t:|1758259945
|move|p2a: Araquanid|Sticky Web|p1a: Slowking
|-sidestart|p1: Douglas_Evora|move: Sticky Web
|move|p1a: Slowking|Sludge Bomb|p2a: Araquanid
|-damage|p2a: Araquanid|51/100
|
|-weather|SunnyDay|[upkeep]
|upkeep
|turn|6
|
|t:|1758259966
|switch|p2a: Iron Treads|Iron Treads|100/100
|move|p1a: Slowking|Psychic Noise|p2a: Iron Treads
|-resisted|p2a: Iron Treads
|-damage|p2a: Iron Treads|79/100
|-start|p2a: Iron Treads|move: Heal Block
|
|-weather|SunnyDay|[upkeep]
|upkeep
|turn|7
|
|t:|1758259975
|switch|p1a: Moltres|Moltres|100/100
|move|p2a: Iron Treads|High Horsepower|p1a: Moltres
|-immune|p1a: Moltres
|
|-weather|SunnyDay|[upkeep]
|-end|p2a: Iron Treads|move: Heal Block
|upkeep
|turn|8
|
|t:|1758259992
|-end|p2a: Iron Treads|Quark Drive|[silent]
|switch|p2a: Araquanid|Araquanid, F|51/100
|switch|p1a: Slowking|Slowking-Galar, M|100/100
|-damage|p1a: Slowking|88/100|[from] Stealth Rock
|-activate|p1a: Slowking|move: Sticky Web
|-unboost|p1a: Slowking|spe|1
|
|-weather|SunnyDay|[upkeep]
|upkeep
|turn|9
|
|t:|1758260004
|move|p2a: Araquanid|Endeavor|p1a: Slowking
|-damage|p1a: Slowking|44/100
|move|p1a: Slowking|Psychic Noise|p2a: Araquanid
|-damage|p2a: Araquanid|25/100
|-start|p2a: Araquanid|move: Heal Block
|
|-weather|none
|upkeep
|turn|10
|
|t:|1758260018
|switch|p2a: Delphox|Delphox, F|100/100
|move|p1a: Slowking|Psychic Noise|p2a: Delphox
|-resisted|p2a: Delphox
|-damage|p2a: Delphox|83/100
|-start|p2a: Delphox|move: Heal Block
|
|upkeep
|turn|11
|
|t:|1758260040
|switch|p1a: Moltres|Moltres|100/100
|move|p2a: Delphox|Flamethrower|p1a: Moltres
|-resisted|p1a: Moltres
|-damage|p1a: Moltres|75/100
|
|-end|p2a: Delphox|move: Heal Block
|upkeep
|turn|12
|
|t:|1758260050
|switch|p2a: Ninetales|Ninetales, M|90/100
|-weather|SunnyDay|[from] ability: Drought|[of] p2a: Ninetales
|move|p1a: Moltres|Hurricane|p2a: Ninetales|[miss]
|-miss|p1a: Moltres|p2a: Ninetales
|
|-weather|SunnyDay|[upkeep]
|upkeep
|turn|13
|
|t:|1758260062
|move|p2a: Ninetales|Encore|p1a: Moltres
|-start|p1a: Moltres|Encore
|move|p1a: Moltres|Hurricane|p2a: Ninetales
|-damage|p2a: Ninetales|55/100
|
|-weather|SunnyDay|[upkeep]
|upkeep
|turn|14
|
|t:|1758260076
|switch|p2a: Araquanid|Araquanid, F|25/100
|move|p1a: Moltres|Hurricane|p2a: Araquanid
|-supereffective|p2a: Araquanid
|-damage|p2a: Araquanid|0 fnt
|faint|p2a: Araquanid
|
|-weather|SunnyDay|[upkeep]
|upkeep
|-message|Samarand forfeited.
|
|win|Douglas_Evora
|raw|Douglas_Evora's rating: 1256 &rarr; <strong>1286</strong><br />(+30 for winning)
|raw|Samarand's rating: 1333 &rarr; <strong>1309</strong><br />(-24 for losing)
|l|☆Douglas_Evora
|player|p1|
