|j|☆MAZiATi
|j|☆ScottMercury22
|t:|1758255859
|gametype|singles
|player|p1|MAZiATi|leaf-gen3|1059
|player|p2|ScottMercury22|169|1105
|gen|9
|tier|[Gen 9] OU
|rated|
|rule|HP Percentage Mod: HP is shown in percentages
|rule|Endless Battle Clause: Forcing endless battles is banned
|rule|Species Clause: Limit one of each Pokémon
|rule|OHKO Clause: OHKO moves are banned
|rule|Evasion Items Clause: Evasion items are banned
|rule|Evasion Moves Clause: Evasion moves are banned
|rule|Evasion Abilities Clause: Evasion abilities are banned
|rule|Sleep Moves Clause: Sleep-inducing moves are banned
|clearpoke
|poke|p1|Flareon, F|
|poke|p1|Infernape, F|
|poke|p1|Weavile, M|
|poke|p1|Espeon, F|
|poke|p1|Torkoal, F|
|poke|p1|Lilligant-Hisui, F|
|poke|p2|Clefable, M|
|poke|p2|Dragonite, M|
|poke|p2|Moltres|
|poke|p2|Zapdos|
|poke|p2|Scizor, F|
|poke|p2|Ursaluna, M|
|teampreview
|
|t:|1758255880
|teamsize|p1|6
|teamsize|p2|6
|start
|switch|p1a: Weavile|Weavile, M|100/100
|switch|p2a: Moltres|Moltres|100/100
|-ability|p1a: Weavile|Pressure
|turn|1
|
|t:|1758255897
|switch|p1a: Torkoal|Torkoal, F|100/100
|-weather|SunnyDay|[from] ability: Drought|[of] p1a: Torkoal
|switch|p2a: Dragonite|Dragonite, M|100/100
|
|-weather|SunnyDay|[upkeep]
|upkeep
|turn|2
|
|t:|1758255914
|move|p2a: Dragonite|Dragon Dance|p2a: Dragonite
|-boost|p2a: Dragonite|atk|1
|-boost|p2a: Dragonite|spe|1
|move|p1a: Torkoal|Stealth Rock|p2a: Dragonite
|-sidestart|p2: ScottMercury22|move: Stealth Rock
|
|-weather|SunnyDay|[upkeep]
|upkeep
|turn|3
|
|t:|1758255921
|move|p2a: Dragonite|Dragon Dance|p2a: Dragonite
|-boost|p2a: Dragonite|atk|1
|-boost|p2a: Dragonite|spe|1
|move|p1a: Torkoal|Clear Smog|p2a: Dragonite
|-damage|p2a: Dragonite|89/100
|-clearboost|p2a: Dragonite
|
|-weather|SunnyDay|[upkeep]
|upkeep
|turn|4
|
|t:|1758255938
|switch|p1a: Weavile|Weavile, M|100/100
|-ability|p1a: Weavile|Pressure
|move|p2a: Dragonite|Encore||[still]
|-fail|p2a: Dragonite
|
|-weather|SunnyDay|[upkeep]
|upkeep
|turn|5
|
|t:|1758255970
|-terastallize|p2a: Dragonite|Normal
|move|p1a: Weavile|Triple Axel|p2a: Dragonite
|-damage|p2a: Dragonite|77/100
|-damage|p2a: Dragonite|53/100
|-damage|p2a: Dragonite|17/100
|-hitcount|p2a: Dragonite|3
|move|p2a: Dragonite|Dragon Dance|p2a: Dragonite
|-boost|p2a: Dragonite|atk|1
|-boost|p2a: Dragonite|spe|1
|
|-weather|SunnyDay|[upkeep]
|upkeep
|turn|6
|
|t:|1758255984
|move|p2a: Dragonite|Extreme Speed|p1a: Weavile
|-enditem|p1a: Weavile|Focus Sash
|-damage|p1a: Weavile|1/100
|move|p1a: Weavile|Ice Shard|p2a: Dragonite
|-damage|p2a: Dragonite|0 fnt
|faint|p2a: Dragonite
|
|-weather|SunnyDay|[upkeep]
|upkeep
|
|t:|1758255994
|switch|p2a: Moltres|Moltres|100/100
|turn|7
|
|t:|1758256021
|switch|p2a: Clefable|Clefable, M|100/100
|move|p1a: Weavile|Triple Axel|p2a: Clefable
|-damage|p2a: Clefable|91/100
|-damage|p2a: Clefable|76/100
|-damage|p2a: Clefable|50/100
|-hitcount|p2a: Clefable|3
|
|-weather|SunnyDay|[upkeep]
|-heal|p2a: Clefable|56/100|[from] item: Leftovers
|upkeep
|turn|8
|
|t:|1758256032
|move|p1a: Weavile|Triple Axel|p2a: Clefable
|-damage|p2a: Clefable|47/100
|-crit|p2a: Clefable
|-damage|p2a: Clefable|24/100
|-damage|p2a: Clefable|0 fnt
|faint|p2a: Clefable
|-hitcount|p2: Clefable|3
|
|-weather|none
|upkeep
|-message|ScottMercury22 forfeited.
|
|win|MAZiATi
|raw|MAZiATi's rating: 1059 &rarr; <strong>1094</strong><br />(+35 for winning)
|raw|ScottMercury22's rating: 1105 &rarr; <strong>1077</strong><br />(-28 for losing)
|l|☆ScottMercury22
|player|p2|
