|j|☆HappyMaushold
|j|☆kingofdondons
|t:|1758260742
|gametype|singles
|player|p1|HappyMaushold|cynthia|1375
|player|p2|kingofdondons|skyla|1460
|gen|9
|tier|[Gen 9] OU
|rated|
|rule|HP Percentage Mod: HP is shown in percentages
|rule|Endless Battle Clause: Forcing endless battles is banned
|rule|Species Clause: Limit one of each Pokémon
|rule|OHKO Clause: OHKO moves are banned
|rule|Evasion Items Clause: Evasion items are banned
|rule|Evasion Moves Clause: Evasion moves are banned
|rule|Evasion Abilities Clause: Evasion abilities are banned
|rule|Sleep Moves Clause: Sleep-inducing moves are banned
|clearpoke
|poke|p1|Pelipper, F|
|poke|p1|Moltres|
|poke|p1|Tornadus-Therian, M|
|poke|p1|Zapdos|
|poke|p1|Kilowattrel, F|
|poke|p1|Conkeldurr, F|
|poke|p2|Landorus-Therian, M|
|poke|p2|Samurott-Hisui, M|
|poke|p2|Pecharunt|
|poke|p2|Scizor, M|
|poke|p2|Latios, M|
|poke|p2|Zamazenta-*|
|teampreview
|inactive|Battle timer is ON: inactive players will automatically lose when time's up. (requested by kingofdondons)
|
|t:|1758260763
|teamsize|p1|6
|teamsize|p2|6
|start
|switch|p1a: Pelipper|Pelipper, F|100/100
|switch|p2a: Samurott|Samurott-Hisui, M|100/100
|-weather|RainDance|[from] ability: Drizzle|[of] p1a: Pelipper
|turn|1
|
|t:|1758260774
|move|p2a: Samurott|Ceaseless Edge|p1a: Pelipper
|-damage|p1a: Pelipper|48/100
|-sidestart|p1: HappyMaushold|Spikes
|move|p1a: Pelipper|U-turn|p2a: Samurott
|-supereffective|p2a: Samurott
|-damage|p2a: Samurott|81/100
|
|t:|1758260797
|switch|p1a: Kilowattrel|Kilowattrel, F|100/100|[from] U-turn
|
|-weather|RainDance|[upkeep]
|upkeep
|turn|2
|
|t:|1758260802
|move|p1a: Kilowattrel|Hurricane|p2a: Samurott
|-damage|p2a: Samurott|5/100
|-start|p2a: Samurott|confusion
|-activate|p2a: Samurott|confusion
|move|p2a: Samurott|Razor Shell|p1a: Kilowattrel
|-crit|p1a: Kilowattrel
|-damage|p1a: Kilowattrel|0 fnt
|faint|p1a: Kilowattrel
|
|-weather|RainDance|[upkeep]
|upkeep
|
|t:|1758260804
|switch|p1a: Moltres|Moltres|100/100
|turn|3
|
|t:|1758260807
|move|p1a: Moltres|Hurricane|p2a: Samurott
|-damage|p2a: Samurott|0 fnt
|faint|p2a: Samurott
|
|-weather|RainDance|[upkeep]
|upkeep
|
|t:|1758260815
|switch|p2a: Latios|Latios, M|100/100
|turn|4
|
|t:|1758260817
|move|p1a: Moltres|Hurricane|p2a: Latios
|-damage|p2a: Latios|41/100
|move|p2a: Latios|Calm Mind|p2a: Latios
|-boost|p2a: Latios|spa|1
|-boost|p2a: Latios|spd|1
|
|-weather|RainDance|[upkeep]
|upkeep
|turn|5
|
|t:|1758260821
|move|p1a: Moltres|Hurricane|p2a: Latios
|-damage|p2a: Latios|0 fnt
|faint|p2a: Latios
|
|-weather|RainDance|[upkeep]
|upkeep
|
|t:|1758260831
|switch|p2a: Pecharunt|Pecharunt|100/100
|turn|6
|
|t:|1758260840
|move|p1a: Moltres|Hurricane|p2a: Pecharunt
|-damage|p2a: Pecharunt|36/100
|move|p2a: Pecharunt|Malignant Chain|p1a: Moltres
|-damage|p1a: Moltres|63/100
|
|-weather|RainDance|[upkeep]
|upkeep
|turn|7
|
|t:|1758260850
|move|p1a: Moltres|Hurricane|p2a: Pecharunt
|-damage|p2a: Pecharunt|0 fnt
|faint|p2a: Pecharunt
|
|-weather|RainDance|[upkeep]
|upkeep
|
|t:|1758260862
|switch|p2a: Zamazenta|Zamazenta|100/100
|-ability|p2a: Zamazenta|Dauntless Shield|boost
|-boost|p2a: Zamazenta|def|1
|turn|8
|
|t:|1758260870
|-terastallize|p2a: Zamazenta|Fire
|move|p1a: Moltres|Hurricane|p2a: Zamazenta
|-damage|p2a: Zamazenta|43/100
|move|p2a: Zamazenta|Iron Defense|p2a: Zamazenta
|-boost|p2a: Zamazenta|def|2
|
|-weather|none
|-heal|p2a: Zamazenta|49/100|[from] item: Leftovers
|upkeep
|turn|9
|
|t:|1758260877
|move|p1a: Moltres|Hurricane|p2a: Zamazenta|[miss]
|-miss|p1a: Moltres|p2a: Zamazenta
|move|p2a: Zamazenta|Body Press|p1a: Moltres
|-resisted|p1a: Moltres
|-damage|p1a: Moltres|6/100
|
|-heal|p2a: Zamazenta|55/100|[from] item: Leftovers
|upkeep
|turn|10
|
|t:|1758260880
|move|p1a: Moltres|Hurricane|p2a: Zamazenta
|-damage|p2a: Zamazenta|3/100
|move|p2a: Zamazenta|Body Press|p1a: Moltres
|-resisted|p1a: Moltres
|-damage|p1a: Moltres|0 fnt
|faint|p1a: Moltres
|
|-heal|p2a: Zamazenta|9/100|[from] item: Leftovers
|upkeep
|
|t:|1758260884
|switch|p1a: Pelipper|Pelipper, F|48/100
|-weather|RainDance|[from] ability: Drizzle|[of] p1a: Pelipper
|turn|11
|
|t:|1758260885
|move|p2a: Zamazenta|Body Press|p1a: Pelipper
|-resisted|p1a: Pelipper
|-damage|p1a: Pelipper|0 fnt
|faint|p1a: Pelipper
|
|-weather|RainDance|[upkeep]
|-heal|p2a: Zamazenta|15/100|[from] item: Leftovers
|upkeep
|
|t:|1758260892
|switch|p1a: Tornadus|Tornadus-Therian, M|100/100
|turn|12
|
|t:|1758260896
|move|p1a: Tornadus|Hurricane|p2a: Zamazenta
|-damage|p2a: Zamazenta|0 fnt
|faint|p2a: Zamazenta
|
|-weather|RainDance|[upkeep]
|upkeep
|
|t:|1758260909
|switch|p2a: Scizor|Scizor, M|100/100
|turn|13
|
|t:|1758260920
|move|p1a: Tornadus|Hurricane|p2a: Scizor
|-damage|p2a: Scizor|29/100
|-start|p2a: Scizor|confusion
|-activate|p2a: Scizor|confusion
|-damage|p2a: Scizor|9/100|[from] confusion
|
|-weather|RainDance|[upkeep]
|upkeep
|turn|14
|
|t:|1758260929
|-end|p2a: Scizor|confusion
|move|p2a: Scizor|Bullet Punch|p1a: Tornadus
|-damage|p1a: Tornadus|50/100
|move|p1a: Tornadus|Hurricane|p2a: Scizor
|-damage|p2a: Scizor|0 fnt
|faint|p2a: Scizor
|
|-weather|RainDance|[upkeep]
|upkeep
|c|☆kingofdondons|im not even dissappointed, this team is cool
|
|t:|1758260936
|switch|p2a: Landorus|Landorus-Therian, M|100/100
|-ability|p2a: Landorus|Intimidate|boost
|-unboost|p1a: Tornadus|atk|1
|turn|15
|
|t:|1758260939
|move|p1a: Tornadus|Hurricane|p2a: Landorus
|-damage|p2a: Landorus|50/100
|move|p2a: Landorus|U-turn|p1a: Tornadus
|-resisted|p1a: Tornadus
|-damage|p1a: Tornadus|34/100
|
|-weather|RainDance|[upkeep]
|upkeep
|turn|16
|
|t:|1758260942
|move|p1a: Tornadus|Hurricane|p2a: Landorus
|-damage|p2a: Landorus|0 fnt
|faint|p2a: Landorus
|
|win|HappyMaushold
|raw|HappyMaushold's rating: 1375 &rarr; <strong>1400</strong><br />(+25 for winning)
|raw|kingofdondons's rating: 1460 &rarr; <strong>1435</strong><br />(-25 for losing)
|l|☆HappyMaushold
|player|p1|
