|j|☆QB1K
|j|☆C3F2
|t:|1758264390
|gametype|singles
|player|p1|QB1K|winona|1187
|player|p2|C3F2|misty|1137
|gen|9
|tier|[Gen 9] OU
|rated|
|rule|HP Percentage Mod: HP is shown in percentages
|rule|Endless Battle Clause: Forcing endless battles is banned
|rule|Species Clause: Limit one of each Pokémon
|rule|OHKO Clause: OHKO moves are banned
|rule|Evasion Items Clause: Evasion items are banned
|rule|Evasion Moves Clause: Evasion moves are banned
|rule|Evasion Abilities Clause: Evasion abilities are banned
|rule|Sleep Moves Clause: Sleep-inducing moves are banned
|clearpoke
|poke|p1|Electrode-Hisui|
|poke|p1|Rillaboom, F|
|poke|p1|Ceruledge, M|
|poke|p1|Ting-Lu|
|poke|p1|Alomomola, M|
|poke|p1|Slowking-Galar, F|
|poke|p2|Hatterene, F|
|poke|p2|Torkoal, F|
|poke|p2|Walking Wake|
|poke|p2|Great Tusk|
|poke|p2|Corviknight, M|
|poke|p2|Raging Bolt|
|teampreview
|inactive|Battle timer is ON: inactive players will automatically lose when time's up. (requested by QB1K)
|inactive|C3F2 also wants the timer to be on.
|
|t:|1758264422
|teamsize|p1|6
|teamsize|p2|6
|start
|switch|p1a: Rillaboom|Rillaboom, F|100/100
|switch|p2a: Torkoal|Torkoal, F|100/100
|-fieldstart|move: Grassy Terrain|[from] ability: Grassy Surge|[of] p1a: Rillaboom
|-weather|SunnyDay|[from] ability: Drought|[of] p2a: Torkoal
|turn|1
|
|t:|1758264431
|move|p1a: Rillaboom|Knock Off|p2a: Torkoal
|-damage|p2a: Torkoal|61/100
|-enditem|p2a: Torkoal|Heat Rock|[from] move: Knock Off|[of] p1a: Rillaboom
|move|p2a: Torkoal|Stealth Rock|p1a: Rillaboom
|-sidestart|p1: QB1K|move: Stealth Rock
|
|-weather|SunnyDay|[upkeep]
|-heal|p2a: Torkoal|68/100|[from] Grassy Terrain
|upkeep
|turn|2
|
|t:|1758264439
|switch|p1a: Ting-Lu|Ting-Lu|100/100
|-damage|p1a: Ting-Lu|94/100|[from] Stealth Rock
|-ability|p1a: Ting-Lu|Vessel of Ruin
|move|p2a: Torkoal|Lava Plume|p1a: Ting-Lu
|-damage|p1a: Ting-Lu|78/100
|
|-weather|SunnyDay|[upkeep]
|-heal|p1a: Ting-Lu|84/100|[from] Grassy Terrain
|-heal|p1a: Ting-Lu|90/100|[from] item: Leftovers
|-heal|p2a: Torkoal|74/100|[from] Grassy Terrain
|upkeep
|turn|3
|
|t:|1758264453
|switch|p2a: Walking Wake|Walking Wake|100/100
|-activate|p2a: Walking Wake|ability: Protosynthesis
|-start|p2a: Walking Wake|protosynthesisspe
|move|p1a: Ting-Lu|Ruination|p2a: Walking Wake
|-damage|p2a: Walking Wake|51/100
|
|-weather|SunnyDay|[upkeep]
|-heal|p2a: Walking Wake|57/100|[from] Grassy Terrain
|-heal|p1a: Ting-Lu|96/100|[from] Grassy Terrain
|-heal|p1a: Ting-Lu|100/100|[from] item: Leftovers
|upkeep
|turn|4
|
|t:|1758264473
|move|p2a: Walking Wake|Hydro Steam|p1a: Ting-Lu
|-supereffective|p1a: Ting-Lu
|-crit|p1a: Ting-Lu
|-damage|p1a: Ting-Lu|0 fnt
|faint|p1a: Ting-Lu
|-damage|p2a: Walking Wake|47/100|[from] item: Life Orb
|
|-weather|SunnyDay|[upkeep]
|-heal|p2a: Walking Wake|53/100|[from] Grassy Terrain
|upkeep
|
|t:|1758264477
|switch|p1a: Alomomola|Alomomola, M|100/100
|turn|5
|
|t:|1758264485
|move|p2a: Walking Wake|Flip Turn|p1a: Alomomola
|-resisted|p1a: Alomomola
|-damage|p1a: Alomomola|97/100
|-damage|p2a: Walking Wake|44/100|[from] item: Life Orb
|
|t:|1758264490
|-end|p2a: Walking Wake|Protosynthesis|[silent]
|switch|p2a: Raging Bolt|Raging Bolt|100/100|[from] Flip Turn
|-activate|p2a: Raging Bolt|ability: Protosynthesis
|-start|p2a: Raging Bolt|protosynthesisspa
|move|p1a: Alomomola|Mirror Coat||[still]
|-fail|p1a: Alomomola
|
|-weather|SunnyDay|[upkeep]
|-heal|p1a: Alomomola|100/100|[from] Grassy Terrain
|-fieldend|move: Grassy Terrain
|upkeep
|turn|6
|
|t:|1758264501
|move|p2a: Raging Bolt|Thunderbolt|p1a: Alomomola
|-supereffective|p1a: Alomomola
|-damage|p1a: Alomomola|0 fnt
|faint|p1a: Alomomola
|-damage|p2a: Raging Bolt|91/100|[from] item: Life Orb
|
|-weather|SunnyDay|[upkeep]
|upkeep
|
|t:|1758264510
|switch|p1a: Rillaboom|Rillaboom, F|100/100
|-damage|p1a: Rillaboom|88/100|[from] Stealth Rock
|-fieldstart|move: Grassy Terrain|[from] ability: Grassy Surge|[of] p1a: Rillaboom
|turn|7
|
|t:|1758264517
|move|p2a: Raging Bolt|Thunderclap|p1a: Rillaboom
|-resisted|p1a: Rillaboom
|-crit|p1a: Rillaboom
|-damage|p1a: Rillaboom|14/100
|-damage|p2a: Raging Bolt|81/100|[from] item: Life Orb
|move|p1a: Rillaboom|Wood Hammer|p2a: Raging Bolt
|-resisted|p2a: Raging Bolt
|-damage|p2a: Raging Bolt|30/100
|-damage|p1a: Rillaboom|0 fnt|[from] Recoil
|faint|p1a: Rillaboom
|
|-weather|SunnyDay|[upkeep]
|-heal|p2a: Raging Bolt|37/100|[from] Grassy Terrain
|upkeep
|
|t:|1758264525
|switch|p1a: Electrode|Electrode-Hisui|100/100
|-damage|p1a: Electrode|88/100|[from] Stealth Rock
|turn|8
|
|t:|1758264531
|move|p2a: Raging Bolt|Thunderclap|p1a: Electrode
|-resisted|p1a: Electrode
|-damage|p1a: Electrode|62/100
|-damage|p2a: Raging Bolt|27/100|[from] item: Life Orb
|move|p1a: Electrode|Giga Drain|p2a: Raging Bolt
|-resisted|p2a: Raging Bolt
|-damage|p2a: Raging Bolt|8/100
|-heal|p1a: Electrode|77/100|[from] drain|[of] p2a: Raging Bolt
|
|-weather|none
|-end|p2a: Raging Bolt|Protosynthesis
|-heal|p1a: Electrode|83/100|[from] Grassy Terrain
|-heal|p2a: Raging Bolt|14/100|[from] Grassy Terrain
|upkeep
|turn|9
|
|t:|1758264544
|move|p1a: Electrode|Giga Drain|p2a: Raging Bolt
|-resisted|p2a: Raging Bolt
|-damage|p2a: Raging Bolt|0 fnt
|-heal|p1a: Electrode|93/100|[from] drain|[of] p2a: Raging Bolt
|faint|p2a: Raging Bolt
|-end|p2a: Raging Bolt|Protosynthesis|[silent]
|
|-heal|p1a: Electrode|99/100|[from] Grassy Terrain
|upkeep
|
|t:|1758264552
|switch|p2a: Torkoal|Torkoal, F|74/100
|-weather|SunnyDay|[from] ability: Drought|[of] p2a: Torkoal
|turn|10
|
|t:|1758264557
|switch|p1a: Ceruledge|Ceruledge, M|100/100
|move|p2a: Torkoal|Will-O-Wisp|p1a: Ceruledge
|-start|p1a: Ceruledge|ability: Flash Fire
|
|-weather|SunnyDay|[upkeep]
|-heal|p2a: Torkoal|80/100|[from] Grassy Terrain
|upkeep
|turn|11
|
|t:|1758264573
|switch|p2a: Walking Wake|Walking Wake|44/100
|-activate|p2a: Walking Wake|ability: Protosynthesis
|-start|p2a: Walking Wake|protosynthesisspe
|move|p1a: Ceruledge|Bulk Up|p1a: Ceruledge
|-boost|p1a: Ceruledge|atk|1
|-boost|p1a: Ceruledge|def|1
|
|-weather|SunnyDay|[upkeep]
|-heal|p2a: Walking Wake|50/100|[from] Grassy Terrain
|-fieldend|move: Grassy Terrain
|upkeep
|turn|12
|
|t:|1758264584
|move|p1a: Ceruledge|Shadow Sneak|p2a: Walking Wake
|-damage|p2a: Walking Wake|18/100
|move|p2a: Walking Wake|Hydro Steam|p1a: Ceruledge
|-supereffective|p1a: Ceruledge
|-damage|p1a: Ceruledge|0 fnt
|faint|p1a: Ceruledge
|-damage|p2a: Walking Wake|8/100|[from] item: Life Orb
|
|-weather|SunnyDay|[upkeep]
|upkeep
|
|t:|1758264590
|switch|p1a: Electrode|Electrode-Hisui|99/100
|-damage|p1a: Electrode|86/100|[from] Stealth Rock
|turn|13
|
|t:|1758264598
|move|p2a: Walking Wake|Flip Turn|p1a: Electrode
|-resisted|p1a: Electrode
|-damage|p1a: Electrode|79/100
|-damage|p2a: Walking Wake|0 fnt|[from] item: Life Orb
|faint|p2a: Walking Wake
|-end|p2a: Walking Wake|Protosynthesis|[silent]
|move|p1a: Electrode|Volt Switch|p2: Walking Wake|[notarget]
|-fail|p1a: Electrode
|
|-weather|SunnyDay|[upkeep]
|upkeep
|
|t:|1758264607
|switch|p2a: Great Tusk|Great Tusk|100/100
|-activate|p2a: Great Tusk|ability: Protosynthesis
|-start|p2a: Great Tusk|protosynthesisatk
|turn|14
|
|t:|1758264612
|switch|p1a: Slowking|Slowking-Galar, F|100/100
|-damage|p1a: Slowking|88/100|[from] Stealth Rock
|move|p2a: Great Tusk|Bulk Up|p2a: Great Tusk
|-boost|p2a: Great Tusk|atk|1
|-boost|p2a: Great Tusk|def|1
|
|-weather|none
|-end|p2a: Great Tusk|Protosynthesis
|upkeep
|turn|15
|
|t:|1758264624
|-terastallize|p1a: Slowking|Bug
|move|p2a: Great Tusk|Rapid Spin|p1a: Slowking
|-damage|p1a: Slowking|68/100
|-boost|p2a: Great Tusk|spe|1
|move|p1a: Slowking|Ice Beam|p2a: Great Tusk
|-supereffective|p2a: Great Tusk
|-damage|p2a: Great Tusk|31/100
|
|-heal|p2a: Great Tusk|37/100|[from] item: Leftovers
|upkeep
|turn|16
|
|t:|1758264636
|move|p2a: Great Tusk|Headlong Rush|p1a: Slowking
|-resisted|p1a: Slowking
|-damage|p1a: Slowking|33/100
|-unboost|p2a: Great Tusk|def|1
|-unboost|p2a: Great Tusk|spd|1
|move|p1a: Slowking|Ice Beam|p2a: Great Tusk
|-supereffective|p2a: Great Tusk
|-damage|p2a: Great Tusk|0 fnt
|faint|p2a: Great Tusk
|-end|p2a: Great Tusk|Protosynthesis|[silent]
|
|upkeep
|
|t:|1758264646
|switch|p2a: Torkoal|Torkoal, F|80/100
|-weather|SunnyDay|[from] ability: Drought|[of] p2a: Torkoal
|turn|17
|
|t:|1758264652
|switch|p1a: Electrode|Electrode-Hisui|79/100
|-damage|p1a: Electrode|67/100|[from] Stealth Rock
|move|p2a: Torkoal|Will-O-Wisp|p1a: Electrode
|-status|p1a: Electrode|brn
|
|-weather|SunnyDay|[upkeep]
|-damage|p1a: Electrode|61/100 brn|[from] brn
|upkeep
|turn|18
|
|t:|1758264662
|move|p1a: Electrode|Thunderbolt|p2a: Torkoal
|-damage|p2a: Torkoal|42/100
|move|p2a: Torkoal|Lava Plume|p1a: Electrode
|-supereffective|p1a: Electrode
|-damage|p1a: Electrode|0 fnt
|faint|p1a: Electrode
|
|-weather|SunnyDay|[upkeep]
|upkeep
|
|t:|1758264666
|switch|p1a: Slowking|Slowking-Galar, F, tera:Bug|66/100
|-damage|p1a: Slowking|41/100|[from] Stealth Rock
|turn|19
|
|t:|1758264674
|move|p1a: Slowking|Sludge Bomb|p2a: Torkoal
|-damage|p2a: Torkoal|9/100
|move|p2a: Torkoal|Lava Plume|p1a: Slowking
|-supereffective|p1a: Slowking
|-damage|p1a: Slowking|0 fnt
|faint|p1a: Slowking
|
|win|C3F2
|raw|QB1K's rating: 1187 &rarr; <strong>1158</strong><br />(-29 for losing)
|raw|C3F2's rating: 1137 &rarr; <strong>1166</strong><br />(+29 for winning)
|l|☆QB1K
|player|p1|
