|j|☆ultraminkey
|j|☆A1Randy
|t:|1758259576
|gametype|singles
|player|p1|ultraminkey|lusamine-nihilego|1494
|player|p2|A1Randy|burglar|1480
|gen|9
|tier|[Gen 9] OU
|rated|
|rule|HP Percentage Mod: HP is shown in percentages
|rule|Endless Battle Clause: Forcing endless battles is banned
|rule|Species Clause: Limit one of each Pokémon
|rule|OHKO Clause: OHKO moves are banned
|rule|Evasion Items Clause: Evasion items are banned
|rule|Evasion Moves Clause: Evasion moves are banned
|rule|Evasion Abilities Clause: Evasion abilities are banned
|rule|Sleep Moves Clause: Sleep-inducing moves are banned
|clearpoke
|poke|p1|Meowscarada, F|
|poke|p1|Great Tusk|
|poke|p1|Slowking-Galar, M|
|poke|p1|Dragapult, M|
|poke|p1|Alomomola, M|
|poke|p1|Garchomp, M|
|poke|p2|Iron Crown|
|poke|p2|Kyurem|
|poke|p2|Dragonite, M|
|poke|p2|Kingambit, M|
|poke|p2|Iron Valiant|
|poke|p2|Hoopa-Unbound|
|teampreview
|c|☆ultraminkey|gl
|c|☆A1Randy|no
|
|t:|1758259593
|teamsize|p1|6
|teamsize|p2|6
|start
|switch|p1a: Meowscarada|Meowscarada, F|100/100
|switch|p2a: Iron Crown|Iron Crown|100/100
|turn|1
|
|t:|1758259600
|-terastallize|p2a: Iron Crown|Ice
|move|p1a: Meowscarada|Knock Off|p2a: Iron Crown
|-start|p1a: Meowscarada|typechange|Dark|[from] ability: Protean
|-damage|p2a: Iron Crown|54/100
|-enditem|p2a: Iron Crown|Choice Scarf|[from] move: Knock Off|[of] p1a: Meowscarada
|move|p2a: Iron Crown|Tera Blast|p1a: Meowscarada|[anim] Tera Blast Ice
|-damage|p1a: Meowscarada|34/100
|
|upkeep
|turn|2
|
|t:|1758259613
|switch|p1a: Alomomola|Alomomola, M|100/100
|move|p2a: Iron Crown|Tachyon Cutter|p1a: Alomomola
|-resisted|p1a: Alomomola
|-damage|p1a: Alomomola|92/100
|-resisted|p1a: Alomomola
|-damage|p1a: Alomomola|83/100
|-hitcount|p1a: Alomomola|2
|
|upkeep
|turn|3
|
|t:|1758259627
|move|p2a: Iron Crown|Volt Switch|p1a: Alomomola
|-supereffective|p1a: Alomomola
|-damage|p1a: Alomomola|53/100
|
|t:|1758259636
|-end|p2a: Iron Crown|Quark Drive|[silent]
|switch|p2a: Kyurem|Kyurem|100/100|[from] Volt Switch
|-ability|p2a: Kyurem|Pressure
|move|p1a: Alomomola|Mirror Coat|p2a: Kyurem
|-damage|p2a: Kyurem|28/100
|
|upkeep
|turn|4
|
|t:|1758259642
|switch|p1a: Slowking|Slowking-Galar, M|100/100
|move|p2a: Kyurem|Dragon Dance|p2a: Kyurem
|-boost|p2a: Kyurem|atk|1
|-boost|p2a: Kyurem|spe|1
|
|upkeep
|turn|5
|
|t:|1758259651
|move|p2a: Kyurem|Scale Shot|p1a: Slowking
|-damage|p1a: Slowking|82/100
|-damage|p1a: Slowking|64/100
|-damage|p1a: Slowking|46/100
|-damage|p1a: Slowking|27/100
|-hitcount|p1a: Slowking|4
|-unboost|p2a: Kyurem|def|1
|-boost|p2a: Kyurem|spe|1
|-prepare|p1a: Slowking|Chilly Reception|[premajor]
|move|p1a: Slowking|Chilly Reception|p1a: Slowking
|-weather|Snowscape
|
|t:|1758259658
|switch|p1a: Alomomola|Alomomola, M|86/100|[from] Chilly Reception
|
|-weather|Snowscape|[upkeep]
|upkeep
|turn|6
|
|t:|1758259665
|move|p2a: Kyurem|Scale Shot|p1a: Alomomola
|-damage|p1a: Alomomola|73/100
|-damage|p1a: Alomomola|61/100
|-damage|p1a: Alomomola|48/100
|-damage|p1a: Alomomola|35/100
|-damage|p1a: Alomomola|23/100
|-hitcount|p1a: Alomomola|5
|-unboost|p2a: Kyurem|def|1
|-boost|p2a: Kyurem|spe|1
|move|p1a: Alomomola|Play Rough|p2a: Kyurem
|-supereffective|p2a: Kyurem
|-damage|p2a: Kyurem|0 fnt
|faint|p2a: Kyurem
|
|-weather|Snowscape|[upkeep]
|upkeep
|
|t:|1758259679
|switch|p2a: Iron Valiant|Iron Valiant, shiny|100/100
|turn|7
|
|t:|1758259689
|switch|p1a: Slowking|Slowking-Galar, M|60/100
|move|p2a: Iron Valiant|Moonblast|p1a: Slowking
|-resisted|p1a: Slowking
|-damage|p1a: Slowking|37/100
|-damage|p2a: Iron Valiant|91/100|[from] item: Life Orb
|
|-weather|Snowscape|[upkeep]
|upkeep
|turn|8
|
|t:|1758259705
|switch|p1a: Alomomola|Alomomola, M|56/100
|move|p2a: Iron Valiant|Knock Off|p1a: Alomomola
|-damage|p1a: Alomomola|36/100
|-enditem|p1a: Alomomola|Assault Vest|[from] move: Knock Off|[of] p2a: Iron Valiant
|-damage|p2a: Iron Valiant|81/100|[from] item: Life Orb
|
|-weather|Snowscape|[upkeep]
|upkeep
|turn|9
|
|t:|1758259718
|move|p2a: Iron Valiant|Thunderbolt|p1a: Alomomola
|-supereffective|p1a: Alomomola
|-damage|p1a: Alomomola|0 fnt
|faint|p1a: Alomomola
|-damage|p2a: Iron Valiant|71/100|[from] item: Life Orb
|
|-weather|none
|upkeep
|
|t:|1758259723
|switch|p1a: Dragapult|Dragapult, M|100/100
|turn|10
|
|t:|1758259734
|-end|p2a: Iron Valiant|Quark Drive|[silent]
|switch|p2a: Kingambit|Kingambit, M|100/100
|-activate|p2a: Kingambit|ability: Supreme Overlord
|-start|p2a: Kingambit|fallen1|[silent]
|move|p1a: Dragapult|Flamethrower|p2a: Kingambit
|-supereffective|p2a: Kingambit
|-damage|p2a: Kingambit|7/100
|
|upkeep
|turn|11
|
|t:|1758259741
|switch|p1a: Garchomp|Garchomp, M|100/100
|-end|p2a: Kingambit|fallen1|[silent]
|switch|p2a: Hoopa|Hoopa-Unbound|100/100
|
|upkeep
|turn|12
|
|t:|1758259752
|move|p2a: Hoopa|Psychic|p1a: Garchomp
|-damage|p1a: Garchomp|46/100
|move|p1a: Garchomp|Spikes|p2a: Hoopa
|-sidestart|p2: A1Randy|Spikes
|
|upkeep
|turn|13
|
|t:|1758259758
|switch|p1a: Meowscarada|Meowscarada, F|34/100
|move|p2a: Hoopa|Psychic|p1a: Meowscarada
|-immune|p1a: Meowscarada
|
|upkeep
|turn|14
|
|t:|1758259764
|switch|p2a: Dragonite|Dragonite, M|100/100
|move|p1a: Meowscarada|U-turn|p2a: Dragonite
|-start|p1a: Meowscarada|typechange|Bug|[from] ability: Protean
|-resisted|p2a: Dragonite
|-damage|p2a: Dragonite|92/100
|
|t:|1758259770
|switch|p1a: Great Tusk|Great Tusk|100/100|[from] U-turn
|
|upkeep
|turn|15
|
|t:|1758259775
|move|p1a: Great Tusk|Rapid Spin|p2a: Dragonite
|-damage|p2a: Dragonite|73/100
|-boost|p1a: Great Tusk|spe|1
|move|p2a: Dragonite|Air Slash|p1a: Great Tusk
|-supereffective|p1a: Great Tusk
|-damage|p1a: Great Tusk|3/100
|
|upkeep
|turn|16
|
|t:|1758259782
|move|p2a: Dragonite|Extreme Speed|p1a: Great Tusk
|-damage|p1a: Great Tusk|0 fnt
|faint|p1a: Great Tusk
|-end|p1a: Great Tusk|Protosynthesis|[silent]
|
|upkeep
|
|t:|1758259785
|switch|p1a: Garchomp|Garchomp, M|46/100
|turn|17
|
|t:|1758259791
|move|p2a: Dragonite|Scale Shot|p1a: Garchomp
|-supereffective|p1a: Garchomp
|-damage|p1a: Garchomp|27/100
|-supereffective|p1a: Garchomp
|-damage|p1a: Garchomp|8/100
|-supereffective|p1a: Garchomp
|-damage|p1a: Garchomp|0 fnt
|faint|p1a: Garchomp
|-hitcount|p1: Garchomp|3
|-unboost|p2a: Dragonite|def|1
|-boost|p2a: Dragonite|spe|1
|
|upkeep
|
|t:|1758259796
|switch|p1a: Slowking|Slowking-Galar, M|70/100
|turn|18
|
|t:|1758259800
|move|p2a: Dragonite|Earthquake|p1a: Slowking
|-supereffective|p1a: Slowking
|-damage|p1a: Slowking|2/100
|move|p1a: Slowking|Ice Beam|p2a: Dragonite
|-supereffective|p2a: Dragonite
|-damage|p2a: Dragonite|0 fnt
|faint|p2a: Dragonite
|
|upkeep
|
|t:|1758259811
|switch|p2a: Iron Crown|Iron Crown, tera:Ice|54/100
|-damage|p2a: Iron Crown|42/100|[from] Spikes
|turn|19
|
|t:|1758259818
|move|p2a: Iron Crown|Tera Blast|p1a: Slowking|[anim] Tera Blast Ice
|-damage|p1a: Slowking|0 fnt
|faint|p1a: Slowking
|
|upkeep
|
|t:|1758259826
|switch|p1a: Dragapult|Dragapult, M|100/100
|turn|20
|
|t:|1758259834
|move|p1a: Dragapult|Shadow Ball|p2a: Iron Crown
|-crit|p2a: Iron Crown
|-damage|p2a: Iron Crown|0 fnt
|faint|p2a: Iron Crown
|-end|p2a: Iron Crown|Quark Drive|[silent]
|
|upkeep
|
|t:|1758259841
|switch|p2a: Hoopa|Hoopa-Unbound|100/100
|-damage|p2a: Hoopa|88/100|[from] Spikes
|turn|21
|
|t:|1758259849
|move|p2a: Hoopa|Dark Pulse|p1a: Dragapult
|-supereffective|p1a: Dragapult
|-damage|p1a: Dragapult|0 fnt
|faint|p1a: Dragapult
|
|upkeep
|
|t:|1758259852
|switch|p1a: Meowscarada|Meowscarada, F|34/100
|turn|22
|
|t:|1758259855
|-terastallize|p1a: Meowscarada|Grass
|move|p1a: Meowscarada|Flower Trick|p2a: Hoopa
|-crit|p2a: Hoopa
|-damage|p2a: Hoopa|0 fnt
|faint|p2a: Hoopa
|
|upkeep
|
|t:|1758259861
|switch|p2a: Iron Valiant|Iron Valiant, shiny|71/100
|-damage|p2a: Iron Valiant|59/100|[from] Spikes
|turn|23
|
|t:|1758259864
|move|p2a: Iron Valiant|Vacuum Wave|p1a: Meowscarada
|-damage|p1a: Meowscarada|0 fnt
|faint|p1a: Meowscarada
|-damage|p2a: Iron Valiant|49/100|[from] item: Life Orb
|
|win|A1Randy
|raw|ultraminkey's rating: 1494 &rarr; <strong>1473</strong><br />(-21 for losing)
|raw|A1Randy's rating: 1480 &rarr; <strong>1501</strong><br />(+21 for winning)
|c|☆ultraminkey|gg
|c|☆A1Randy|no
|l|☆A1Randy
|player|p2|
|c|☆ultraminkey|oh wow
