|j|☆DannyDumps
|j|☆sushuishuisu
|t:|1758327489
|gametype|singles
|player|p1|DannyDumps|102|1114
|player|p2|sushuishuisu|266|1122
|gen|9
|tier|[Gen 9] OU
|rated|
|rule|HP Percentage Mod: HP is shown in percentages
|rule|Endless Battle Clause: Forcing endless battles is banned
|rule|Species Clause: Limit one of each Pokémon
|rule|OHKO Clause: OHKO moves are banned
|rule|Evasion Items Clause: Evasion items are banned
|rule|Evasion Moves Clause: Evasion moves are banned
|rule|Evasion Abilities Clause: Evasion abilities are banned
|rule|Sleep Moves Clause: Sleep-inducing moves are banned
|clearpoke
|poke|p1|Pelipper, F|
|poke|p1|Hatterene, F|
|poke|p1|Iron Treads|
|poke|p1|Toxicroak, F|
|poke|p1|Barraskewda, F|
|poke|p1|Zapdos|
|poke|p2|Milotic, M|
|poke|p2|Blissey, F|
|poke|p2|Serperior, M|
|poke|p2|Gliscor, M|
|poke|p2|Alomomola, M|
|poke|p2|Quagsire, M|
|teampreview
|
|t:|1758327499
|teamsize|p1|6
|teamsize|p2|6
|start
|switch|p1a: Pelipper|Pelipper, F|100/100
|switch|p2a: Gliscor|Gliscor, M, shiny|100/100
|-weather|RainDance|[from] ability: Drizzle|[of] p1a: Pelipper
|turn|1
|inactive|Battle timer is ON: inactive players will automatically lose when time's up. (requested by DannyDumps)
|
|t:|1758327514
|switch|p2a: Alomomola|Alomomola, M, shiny|100/100
|move|p1a: Pelipper|Knock Off|p2a: Alomomola
|-damage|p2a: Alomomola|93/100
|-damage|p1a: Pelipper|84/100|[from] item: Rocky Helmet|[of] p2a: Alomomola
|-enditem|p2a: Alomomola|Rocky Helmet|[from] move: Knock Off|[of] p1a: Pelipper
|
|-weather|RainDance|[upkeep]
|upkeep
|turn|2
|
|t:|1758327525
|move|p1a: Pelipper|U-turn|p2a: Alomomola
|-damage|p2a: Alomomola|88/100
|
|t:|1758327531
|switch|p1a: Zapdos|Zapdos|100/100|[from] U-turn
|move|p2a: Alomomola|Light Screen|p2a: Alomomola
|-sidestart|p2: sushuishuisu|move: Light Screen
|
|-weather|RainDance|[upkeep]
|upkeep
|turn|3
|
|t:|1758327543
|switch|p2a: Milotic|Milotic, M, shiny|100/100
|move|p1a: Zapdos|Volt Switch|p2a: Milotic
|-supereffective|p2a: Milotic
|-crit|p2a: Milotic
|-damage|p2a: Milotic|0 fnt
|faint|p2a: Milotic
|
|t:|1758327559
|switch|p1a: Barraskewda|Barraskewda, F|100/100|[from] Volt Switch
|
|-weather|RainDance|[upkeep]
|upkeep
|
|t:|1758327566
|switch|p2a: Quagsire|Quagsire, M|100/100
|turn|4
|
|t:|1758327584
|move|p1a: Barraskewda|Flip Turn|p2a: Quagsire
|-damage|p2a: Quagsire|48/100
|-damage|p1a: Barraskewda|84/100|[from] item: Rocky Helmet|[of] p2a: Quagsire
|
|t:|1758327587
|switch|p1a: Pelipper|Pelipper, F|84/100|[from] Flip Turn
|move|p2a: Quagsire|Stockpile|p2a: Quagsire
|-start|p2a: Quagsire|stockpile1
|-boost|p2a: Quagsire|def|1
|-boost|p2a: Quagsire|spd|1
|
|-weather|RainDance|[upkeep]
|upkeep
|turn|5
|
|t:|1758327599
|switch|p1a: Hatterene|Hatterene, F|100/100
|move|p2a: Quagsire|Recover|p2a: Quagsire
|-heal|p2a: Quagsire|98/100
|
|-weather|RainDance|[upkeep]
|upkeep
|turn|6
|
|t:|1758327609
|move|p1a: Hatterene|Psychic Noise|p2a: Quagsire
|-damage|p2a: Quagsire|85/100
|-start|p2a: Quagsire|move: Heal Block
|move|p2a: Quagsire|Stockpile|p2a: Quagsire
|-start|p2a: Quagsire|stockpile2
|-boost|p2a: Quagsire|def|1
|-boost|p2a: Quagsire|spd|1
|
|-weather|RainDance|[upkeep]
|-sideend|p2: sushuishuisu|move: Light Screen
|upkeep
|turn|7
|
|t:|1758327620
|switch|p1a: Toxicroak|Toxicroak, F|100/100
|move|p2a: Quagsire|Stockpile|p2a: Quagsire
|-start|p2a: Quagsire|stockpile3
|-boost|p2a: Quagsire|def|1
|-boost|p2a: Quagsire|spd|1
|
|-weather|RainDance|[upkeep]
|-end|p2a: Quagsire|move: Heal Block
|upkeep
|turn|8
|
|t:|1758327632
|move|p1a: Toxicroak|Encore|p2a: Quagsire
|-start|p2a: Quagsire|Encore
|move|p2a: Quagsire|Stockpile||[still]
|-fail|p2a: Quagsire
|
|-weather|none
|upkeep
|turn|9
|
|t:|1758327640
|move|p1a: Toxicroak|Toxic|p2a: Quagsire
|-status|p2a: Quagsire|tox
|move|p2a: Quagsire|Stockpile||[still]
|-fail|p2a: Quagsire
|
|-damage|p2a: Quagsire|79/100 tox|[from] psn
|upkeep
|turn|10
|
|t:|1758327650
|switch|p2a: Gliscor|Gliscor, M, shiny|100/100
|move|p1a: Toxicroak|Knock Off|p2a: Gliscor
|-damage|p2a: Gliscor|85/100
|-enditem|p2a: Gliscor|Toxic Orb|[from] move: Knock Off|[of] p1a: Toxicroak
|
|upkeep
|turn|11
|
|t:|1758327660
|switch|p1a: Pelipper|Pelipper, F|84/100
|-weather|RainDance|[from] ability: Drizzle|[of] p1a: Pelipper
|move|p2a: Gliscor|Stealth Rock|p1a: Pelipper
|-sidestart|p1: DannyDumps|move: Stealth Rock
|
|-weather|RainDance|[upkeep]
|upkeep
|turn|12
|
|t:|1758327669
|switch|p2a: Alomomola|Alomomola, M, shiny|100/100
|move|p1a: Pelipper|Hurricane|p2a: Alomomola
|-damage|p2a: Alomomola|58/100
|
|-weather|RainDance|[upkeep]
|upkeep
|turn|13
|
|t:|1758327681
|move|p2a: Alomomola|Flip Turn|p1a: Pelipper
|-resisted|p1a: Pelipper
|-damage|p1a: Pelipper|71/100
|
|t:|1758327684
|switch|p2a: Serperior|Serperior, M, shiny|100/100|[from] Flip Turn
|move|p1a: Pelipper|U-turn|p2a: Serperior
|-supereffective|p2a: Serperior
|-damage|p2a: Serperior|78/100
|
|t:|1758327693
|switch|p1a: Zapdos|Zapdos|100/100|[from] U-turn
|-damage|p1a: Zapdos|76/100|[from] Stealth Rock
|
|-weather|RainDance|[upkeep]
|-heal|p2a: Serperior|84/100|[from] item: Leftovers
|upkeep
|turn|14
|
|t:|1758327703
|move|p2a: Serperior|Leaf Storm|p1a: Zapdos|[miss]
|-miss|p2a: Serperior|p1a: Zapdos
|move|p1a: Zapdos|Hurricane|p2a: Serperior
|-supereffective|p2a: Serperior
|-damage|p2a: Serperior|0 fnt
|faint|p2a: Serperior
|
|-weather|RainDance|[upkeep]
|upkeep
|
|t:|1758327715
|switch|p2a: Blissey|Blissey, F, shiny|100/100
|turn|15
|-message|sushuishuisu forfeited.
|
|win|DannyDumps
|raw|DannyDumps's rating: 1114 &rarr; <strong>1140</strong><br />(+26 for winning)
|raw|sushuishuisu's rating: 1122 &rarr; <strong>1096</strong><br />(-26 for losing)
|l|☆sushuishuisu
|player|p2|
