|j|☆HappyMaushold
|j|☆Rin1604
|t:|1758260100
|gametype|singles
|player|p1|HappyMaushold|cynthia|1357
|player|p2|Rin1604|miku-ghost|1319
|gen|9
|tier|[Gen 9] OU
|rated|
|rule|HP Percentage Mod: HP is shown in percentages
|rule|Endless Battle Clause: Forcing endless battles is banned
|rule|Species Clause: Limit one of each Pokémon
|rule|OHKO Clause: OHKO moves are banned
|rule|Evasion Items Clause: Evasion items are banned
|rule|Evasion Moves Clause: Evasion moves are banned
|rule|Evasion Abilities Clause: Evasion abilities are banned
|rule|Sleep Moves Clause: Sleep-inducing moves are banned
|clearpoke
|poke|p1|Pelipper, F|
|poke|p1|Moltres|
|poke|p1|Tornadus-Therian, M|
|poke|p1|Zapdos|
|poke|p1|Articuno-Galar|
|poke|p1|Kilowattrel, F|
|poke|p2|Ogerpon-Cornerstone, F|
|poke|p2|Hatterene, F|
|poke|p2|Pecharunt|
|poke|p2|Landorus-Therian, M|
|poke|p2|Kingambit, M|
|poke|p2|Latios, M|
|teampreview
|
|t:|1758260117
|teamsize|p1|6
|teamsize|p2|6
|start
|switch|p1a: Pelipper|Pelipper, F|100/100
|switch|p2a: Ogerpon|Ogerpon-Cornerstone, F|100/100
|-weather|RainDance|[from] ability: Drizzle|[of] p1a: Pelipper
|turn|1
|
|t:|1758260122
|move|p2a: Ogerpon|Swords Dance|p2a: Ogerpon
|-boost|p2a: Ogerpon|atk|2
|move|p1a: Pelipper|U-turn|p2a: Ogerpon
|-supereffective|p2a: Ogerpon
|-damage|p2a: Ogerpon|79/100
|
|t:|1758260137
|switch|p1a: Articuno|Articuno-Galar|100/100|[from] U-turn
|
|-weather|RainDance|[upkeep]
|upkeep
|turn|2
|
|t:|1758260143
|move|p1a: Articuno|Hurricane|p2a: Ogerpon
|-damage|p2a: Ogerpon|5/100
|-start|p2a: Ogerpon|confusion
|-activate|p2a: Ogerpon|confusion
|move|p2a: Ogerpon|Ivy Cudgel|p1a: Articuno|[anim] Ivy Cudgel Rock
|-supereffective|p1a: Articuno
|-damage|p1a: Articuno|0 fnt
|faint|p1a: Articuno
|
|-weather|RainDance|[upkeep]
|upkeep
|
|t:|1758260177
|switch|p1a: Kilowattrel|Kilowattrel, F|100/100
|turn|3
|inactive|Battle timer is ON: inactive players will automatically lose when time's up. (requested by HappyMaushold)
|l|☆Rin1604
|inactive|Rin1604 disconnected and has a minute to reconnect!
|player|p2|
|j|☆Rin1604
|inactive|Rin1604 reconnected and has 135 seconds left.
|player|p2|Rin1604|miku-ghost|
|inactive|Rin1604 has 120 seconds left.
|
|t:|1758260248
|switch|p2a: Hatterene|Hatterene, F|100/100
|move|p1a: Kilowattrel|Hurricane|p2a: Hatterene
|-damage|p2a: Hatterene|53/100
|
|-weather|RainDance|[upkeep]
|upkeep
|turn|4
|
|t:|1758260257
|move|p1a: Kilowattrel|Hurricane|p2a: Hatterene
|-damage|p2a: Hatterene|10/100
|move|p2a: Hatterene|Draining Kiss|p1a: Kilowattrel
|-damage|p1a: Kilowattrel|50/100
|-heal|p2a: Hatterene|43/100|[from] drain|[of] p1a: Kilowattrel
|
|-weather|RainDance|[upkeep]
|upkeep
|turn|5
|
|t:|1758260268
|switch|p2a: Latios|Latios, M|100/100
|move|p1a: Kilowattrel|Hurricane|p2a: Latios
|-damage|p2a: Latios|27/100
|
|-weather|RainDance|[upkeep]
|upkeep
|turn|6
|
|t:|1758260279
|move|p2a: Latios|Draco Meteor|p1a: Kilowattrel
|-damage|p1a: Kilowattrel|0 fnt
|-unboost|p2a: Latios|spa|2
|faint|p1a: Kilowattrel
|
|-weather|RainDance|[upkeep]
|upkeep
|
|t:|1758260290
|switch|p1a: Tornadus|Tornadus-Therian, M|100/100
|turn|7
|
|t:|1758260307
|switch|p2a: Ogerpon|Ogerpon-Cornerstone, F|5/100
|move|p1a: Tornadus|Hurricane|p2a: Ogerpon
|-damage|p2a: Ogerpon|0 fnt
|faint|p2a: Ogerpon
|
|-weather|RainDance|[upkeep]
|upkeep
|
|t:|1758260324
|switch|p2a: Latios|Latios, M|27/100
|turn|8
|
|t:|1758260330
|move|p1a: Tornadus|Hurricane|p2a: Latios
|-damage|p2a: Latios|0 fnt
|faint|p2a: Latios
|
|-weather|none
|upkeep
|inactive|Rin1604 has 120 seconds left.
|
|t:|1758260359
|switch|p2a: Landorus|Landorus-Therian, M|100/100
|-ability|p2a: Landorus|Intimidate|boost
|-unboost|p1a: Tornadus|atk|1
|turn|9
|
|t:|1758260370
|switch|p1a: Pelipper|Pelipper, F|100/100
|-weather|RainDance|[from] ability: Drizzle|[of] p1a: Pelipper
|move|p2a: Landorus|Stealth Rock|p1a: Pelipper
|-sidestart|p1: HappyMaushold|move: Stealth Rock
|
|-weather|RainDance|[upkeep]
|upkeep
|turn|10
|
|t:|1758260376
|move|p2a: Landorus|U-turn|p1a: Pelipper
|-resisted|p1a: Pelipper
|-damage|p1a: Pelipper|89/100
|
|t:|1758260380
|switch|p2a: Hatterene|Hatterene, F|43/100|[from] U-turn
|move|p1a: Pelipper|U-turn|p2a: Hatterene
|-damage|p2a: Hatterene|34/100
|
|t:|1758260406
|switch|p1a: Zapdos|Zapdos|100/100|[from] U-turn
|-damage|p1a: Zapdos|76/100|[from] Stealth Rock
|
|-weather|RainDance|[upkeep]
|upkeep
|turn|11
|
|t:|1758260417
|-terastallize|p1a: Zapdos|Flying
|move|p1a: Zapdos|Hurricane|p2a: Hatterene
|-damage|p2a: Hatterene|0 fnt
|faint|p2a: Hatterene
|
|-weather|RainDance|[upkeep]
|upkeep
|
|t:|1758260430
|switch|p2a: Pecharunt|Pecharunt|100/100
|turn|12
|
|t:|1758260440
|move|p1a: Zapdos|Hurricane|p2a: Pecharunt
|-damage|p2a: Pecharunt|0 fnt
|faint|p2a: Pecharunt
|
|-weather|RainDance|[upkeep]
|upkeep
|
|t:|1758260444
|switch|p2a: Kingambit|Kingambit, M|100/100
|-activate|p2a: Kingambit|ability: Supreme Overlord
|-start|p2a: Kingambit|fallen4|[silent]
|turn|13
|
|t:|1758260450
|move|p1a: Zapdos|Hurricane|p2a: Kingambit
|-resisted|p2a: Kingambit
|-damage|p2a: Kingambit|39/100
|-start|p2a: Kingambit|confusion
|-activate|p2a: Kingambit|confusion
|-damage|p2a: Kingambit|25/100|[from] confusion
|
|-weather|RainDance|[upkeep]
|-heal|p2a: Kingambit|32/100|[from] item: Leftovers
|upkeep
|turn|14
|
|t:|1758260464
|-activate|p2a: Kingambit|confusion
|-damage|p2a: Kingambit|18/100|[from] confusion
|move|p1a: Zapdos|Hurricane|p2a: Kingambit
|-resisted|p2a: Kingambit
|-damage|p2a: Kingambit|0 fnt
|faint|p2a: Kingambit
|-end|p2a: Kingambit|fallen4|[silent]
|
|-weather|RainDance|[upkeep]
|upkeep
|-message|Rin1604 forfeited.
|
|win|HappyMaushold
|raw|HappyMaushold's rating: 1357 &rarr; <strong>1375</strong><br />(+18 for winning)
|raw|Rin1604's rating: 1319 &rarr; <strong>1301</strong><br />(-18 for losing)
|l|☆Rin1604
|player|p2|
|l|☆HappyMaushold
|player|p1|
