|j|☆WonderGuardWill
|j|☆doubledgit
|t:|1758298515
|gametype|singles
|player|p1|WonderGuardWill|dancer|1351
|player|p2|doubledgit|byron|1340
|gen|9
|tier|[Gen 9] OU
|rated|
|rule|HP Percentage Mod: HP is shown in percentages
|rule|Endless Battle Clause: Forcing endless battles is banned
|rule|Species Clause: Limit one of each Pokémon
|rule|OHKO Clause: OHKO moves are banned
|rule|Evasion Items Clause: Evasion items are banned
|rule|Evasion Moves Clause: Evasion moves are banned
|rule|Evasion Abilities Clause: Evasion abilities are banned
|rule|Sleep Moves Clause: Sleep-inducing moves are banned
|clearpoke
|poke|p1|Darkrai|
|poke|p1|Garganacl, M|
|poke|p1|Espeon, M|
|poke|p1|Clodsire, M|
|poke|p1|Heatran, F|
|poke|p1|Gholdengo|
|poke|p2|Dragonite, F|
|poke|p2|Gholdengo|
|poke|p2|Latios, M|
|poke|p2|Scizor, M|
|poke|p2|Ting-Lu|
|poke|p2|Weezing-Galar, M|
|teampreview
|inactive|Battle timer is ON: inactive players will automatically lose when time's up. (requested by doubledgit)
|
|t:|1758298521
|teamsize|p1|6
|teamsize|p2|6
|start
|switch|p1a: Darkrai|Darkrai|100/100
|switch|p2a: Scizor|Scizor, M|100/100
|turn|1
|
|t:|1758298525
|switch|p1a: Garganacl|Garganacl, M|100/100
|switch|p2a: Ting-Lu|Ting-Lu|100/100
|-ability|p2a: Ting-Lu|Vessel of Ruin
|
|upkeep
|turn|2
|
|t:|1758298528
|switch|p1a: Espeon|Espeon, M|100/100
|move|p2a: Ting-Lu|Stealth Rock|p1a: Espeon
|move|p1a: Espeon|Stealth Rock|p2a: Ting-Lu|[from] ability: Magic Bounce
|-sidestart|p2: doubledgit|move: Stealth Rock
|
|upkeep
|turn|3
|
|t:|1758298532
|move|p1a: Espeon|Trick|p2a: Ting-Lu
|-activate|p1a: Espeon|move: Trick|[of] p2a: Ting-Lu
|-item|p2a: Ting-Lu|Choice Scarf|[from] move: Trick
|-item|p1a: Espeon|Leftovers|[from] move: Trick
|move|p2a: Ting-Lu|Ruination|p1a: Espeon|[miss]
|-miss|p2a: Ting-Lu|p1a: Espeon
|
|upkeep
|turn|4
|
|t:|1758298541
|move|p1a: Espeon|Future Sight|p2a: Ting-Lu
|-start|p1a: Espeon|move: Future Sight
|move|p2a: Ting-Lu|Ruination|p1a: Espeon
|-damage|p1a: Espeon|51/100
|
|-heal|p1a: Espeon|57/100|[from] item: Leftovers
|upkeep
|turn|5
|
|t:|1758298546
|switch|p1a: Clodsire|Clodsire, M|100/100
|move|p2a: Ting-Lu|Ruination|p1a: Clodsire
|-damage|p1a: Clodsire|50/100
|
|-heal|p1a: Clodsire|57/100|[from] item: Leftovers
|upkeep
|turn|6
|
|t:|1758298552
|move|p2a: Ting-Lu|Ruination|p1a: Clodsire
|-damage|p1a: Clodsire|29/100
|move|p1a: Clodsire|Recover|p1a: Clodsire
|-heal|p1a: Clodsire|79/100
|
|-end|p2a: Ting-Lu|move: Future Sight
|-immune|p2a: Ting-Lu
|-heal|p1a: Clodsire|85/100|[from] item: Leftovers
|upkeep
|turn|7
|
|t:|1758298560
|switch|p2a: Latios|Latios, M|100/100
|-damage|p2a: Latios|88/100|[from] Stealth Rock
|move|p1a: Clodsire|Toxic Spikes|p2a: Latios
|-sidestart|p2: doubledgit|move: Toxic Spikes
|
|-heal|p1a: Clodsire|91/100|[from] item: Leftovers
|upkeep
|turn|8
|
|t:|1758298563
|switch|p1a: Gholdengo|Gholdengo|100/100
|move|p2a: Latios|Psyshock|p1a: Gholdengo
|-resisted|p1a: Gholdengo
|-damage|p1a: Gholdengo|79/100
|
|upkeep
|turn|9
|
|t:|1758298566
|switch|p2a: Ting-Lu|Ting-Lu|100/100
|-damage|p2a: Ting-Lu|94/100|[from] Stealth Rock
|-status|p2a: Ting-Lu|psn
|-ability|p2a: Ting-Lu|Vessel of Ruin
|move|p1a: Gholdengo|Trick|p2a: Ting-Lu
|-activate|p1a: Gholdengo|move: Trick|[of] p2a: Ting-Lu
|-item|p2a: Ting-Lu|Choice Scarf|[from] move: Trick
|-item|p1a: Gholdengo|Choice Scarf|[from] move: Trick
|
|-damage|p2a: Ting-Lu|82/100 psn|[from] psn
|upkeep
|turn|10
|c|☆doubledgit|dumbass
|
|t:|1758298582
|switch|p1a: Heatran|Heatran, F|100/100
|-item|p1a: Heatran|Air Balloon
|move|p2a: Ting-Lu|Ruination|p1a: Heatran
|-damage|p1a: Heatran|50/100
|-enditem|p1a: Heatran|Air Balloon
|
|-damage|p2a: Ting-Lu|69/100 psn|[from] psn
|upkeep
|turn|11
|
|t:|1758298590
|switch|p2a: Weezing|Weezing-Galar, M|100/100
|-ability|p2a: Weezing|Neutralizing Gas
|-sideend|p2: doubledgit|move: Toxic Spikes|[of] p2a: Weezing
|move|p1a: Heatran|Magma Storm|p2a: Weezing
|-damage|p2a: Weezing|26/100
|-activate|p2a: Weezing|move: Magma Storm|[of] p1a: Heatran
|
|-damage|p2a: Weezing|14/100|[from] move: Magma Storm|[partiallytrapped]
|upkeep
|turn|12
|
|t:|1758298593
|move|p1a: Heatran|Flash Cannon|p2a: Weezing
|-supereffective|p2a: Weezing
|-damage|p2a: Weezing|0 fnt
|faint|p2a: Weezing
|-end|p2a: Weezing|ability: Neutralizing Gas
|
|upkeep
|
|t:|1758298600
|switch|p2a: Ting-Lu|Ting-Lu|69/100 psn
|-damage|p2a: Ting-Lu|63/100 psn|[from] Stealth Rock
|-ability|p2a: Ting-Lu|Vessel of Ruin
|turn|13
|
|t:|1758298604
|switch|p1a: Garganacl|Garganacl, M|100/100
|move|p2a: Ting-Lu|Earthquake|p1a: Garganacl
|-supereffective|p1a: Garganacl
|-damage|p1a: Garganacl|63/100
|
|-heal|p1a: Garganacl|70/100|[from] item: Leftovers
|-damage|p2a: Ting-Lu|51/100 psn|[from] psn
|upkeep
|turn|14
|
|t:|1758298607
|-terastallize|p1a: Garganacl|Flying
|move|p2a: Ting-Lu|Earthquake|p1a: Garganacl
|-immune|p1a: Garganacl
|move|p1a: Garganacl|Salt Cure|p2a: Ting-Lu
|-resisted|p2a: Ting-Lu
|-damage|p2a: Ting-Lu|47/100 psn
|-start|p2a: Ting-Lu|Salt Cure
|
|-heal|p1a: Garganacl|76/100|[from] item: Leftovers
|-damage|p2a: Ting-Lu|35/100 psn|[from] psn
|-damage|p2a: Ting-Lu|22/100 psn|[from] Salt Cure
|upkeep
|turn|15
|
|t:|1758298614
|move|p2a: Ting-Lu|Earthquake|p1a: Garganacl
|-immune|p1a: Garganacl
|move|p1a: Garganacl|Salt Cure|p2a: Ting-Lu
|-resisted|p2a: Ting-Lu
|-damage|p2a: Ting-Lu|18/100 psn
|
|-heal|p1a: Garganacl|82/100|[from] item: Leftovers
|-damage|p2a: Ting-Lu|6/100 psn|[from] psn
|-damage|p2a: Ting-Lu|0 fnt|[from] Salt Cure
|faint|p2a: Ting-Lu
|upkeep
|
|t:|1758298616
|switch|p2a: Gholdengo|Gholdengo|100/100
|-damage|p2a: Gholdengo|94/100|[from] Stealth Rock
|turn|16
|
|t:|1758298619
|switch|p1a: Gholdengo|Gholdengo|79/100
|move|p2a: Gholdengo|Thunderbolt|p1a: Gholdengo
|-damage|p1a: Gholdengo|39/100
|
|upkeep
|turn|17
|
|t:|1758298623
|switch|p2a: Scizor|Scizor, M|100/100
|-damage|p2a: Scizor|88/100|[from] Stealth Rock
|move|p1a: Gholdengo|Shadow Ball|p2a: Scizor
|-crit|p2a: Scizor
|-damage|p2a: Scizor|2/100
|-unboost|p2a: Scizor|spd|1
|
|upkeep
|turn|18
|
|t:|1758298625
|move|p2a: Scizor|Bullet Punch|p1a: Gholdengo
|-resisted|p1a: Gholdengo
|-damage|p1a: Gholdengo|8/100
|move|p1a: Gholdengo|Shadow Ball|p2a: Scizor
|-damage|p2a: Scizor|0 fnt
|faint|p2a: Scizor
|
|upkeep
|
|t:|1758298628
|switch|p2a: Latios|Latios, M|88/100
|-damage|p2a: Latios|76/100|[from] Stealth Rock
|turn|19
|
|t:|1758298631
|switch|p1a: Darkrai|Darkrai|100/100
|move|p2a: Latios|Flip Turn|p1a: Darkrai
|-damage|p1a: Darkrai|86/100
|
|t:|1758298635
|switch|p2a: Dragonite|Dragonite, F|100/100|[from] Flip Turn
|
|upkeep
|turn|20
|
|t:|1758298637
|move|p1a: Darkrai|Trick|p2a: Dragonite
|-activate|p1a: Darkrai|move: Trick|[of] p2a: Dragonite
|-item|p2a: Dragonite|Choice Scarf|[from] move: Trick
|-item|p1a: Darkrai|Heavy-Duty Boots|[from] move: Trick
|move|p2a: Dragonite|Dragon Dance|p2a: Dragonite
|-boost|p2a: Dragonite|atk|1
|-boost|p2a: Dragonite|spe|1
|
|upkeep
|turn|21
|c|☆doubledgit|i hate you
|
|t:|1758298654
|move|p2a: Dragonite|Dragon Dance|p2a: Dragonite
|-boost|p2a: Dragonite|atk|1
|-boost|p2a: Dragonite|spe|1
|move|p1a: Darkrai|Dark Pulse|p2a: Dragonite
|-damage|p2a: Dragonite|81/100
|
|upkeep
|turn|22
|c|☆WonderGuardWill|Lol my bad bro
|c|☆doubledgit|3 trick mons
|
|t:|1758298669
|move|p2a: Dragonite|Dragon Dance|p2a: Dragonite
|-boost|p2a: Dragonite|atk|1
|-boost|p2a: Dragonite|spe|1
|move|p1a: Darkrai|Dark Pulse|p2a: Dragonite
|-damage|p2a: Dragonite|39/100
|
|upkeep
|turn|23
|c|☆doubledgit|like bro get a job
|
|t:|1758298678
|move|p2a: Dragonite|Dragon Dance|p2a: Dragonite
|-boost|p2a: Dragonite|atk|1
|-boost|p2a: Dragonite|spe|1
|move|p1a: Darkrai|Dark Pulse|p2a: Dragonite
|-damage|p2a: Dragonite|0 fnt
|faint|p2a: Dragonite
|
|upkeep
|
|t:|1758298679
|switch|p2a: Latios|Latios, M|76/100
|-damage|p2a: Latios|64/100|[from] Stealth Rock
|turn|24
|c|☆WonderGuardWill|I have a great one that for your concerns tho
|c|☆WonderGuardWill|Thanks*
|c|☆doubledgit|have u ever beaten someone who knows what the team does
|inactive|WonderGuardWill has 120 seconds left.
|c|☆WonderGuardWill|Yea
|c|☆doubledgit|cool
|c|☆WonderGuardWill|not to often tho
|
|t:|1758298730
|move|p2a: Latios|Draco Meteor|p1a: Darkrai
|-damage|p1a: Darkrai|0 fnt
|-unboost|p2a: Latios|spa|2
|faint|p1a: Darkrai
|
|upkeep
|
|t:|1758298738
|switch|p1a: Gholdengo|Gholdengo|8/100
|turn|25
|c|☆doubledgit|i thin this team kinda sucks when the opponent knows the gimmick
|
|t:|1758298762
|move|p2a: Latios|Draco Meteor|p1a: Gholdengo
|-resisted|p1a: Gholdengo
|-damage|p1a: Gholdengo|0 fnt
|-unboost|p2a: Latios|spa|2
|faint|p1a: Gholdengo
|
|upkeep
|c|☆doubledgit|but who knows im mad so my judgement is flawed
|c|☆WonderGuardWill|It’s lowkey genius at least that what ppl tell me
|inactive|WonderGuardWill has 90 seconds left.
|c|☆doubledgit|no
|c|☆WonderGuardWill|See what i mean
|
|t:|1758298807
|switch|p1a: Espeon|Espeon, M|57/100
|turn|26
|c|☆doubledgit|dont you dare say that this stupid little gimmick team is genius
|
|t:|1758298816
|switch|p2a: Gholdengo|Gholdengo|94/100
|-damage|p2a: Gholdengo|88/100|[from] Stealth Rock
|move|p1a: Espeon|Shadow Ball|p2a: Gholdengo
|-supereffective|p2a: Gholdengo
|-damage|p2a: Gholdengo|19/100
|
|-heal|p1a: Espeon|62/100|[from] item: Leftovers
|upkeep
|turn|27
|inactive|WonderGuardWill has 90 seconds left.
|c|☆WonderGuardWill|Not my words lol
|c|☆doubledgit|whos
|
|t:|1758298829
|move|p1a: Espeon|Shadow Ball|p2a: Gholdengo
|-supereffective|p2a: Gholdengo
|-damage|p2a: Gholdengo|0 fnt
|faint|p2a: Gholdengo
|
|-heal|p1a: Espeon|68/100|[from] item: Leftovers
|upkeep
|c|☆doubledgit|ill fight them
|
|t:|1758298834
|switch|p2a: Latios|Latios, M|64/100
|-damage|p2a: Latios|51/100|[from] Stealth Rock
|turn|28
|
|t:|1758298837
|switch|p1a: Heatran|Heatran, F|50/100
|move|p2a: Latios|Ice Beam|p1a: Heatran
|-resisted|p1a: Heatran
|-damage|p1a: Heatran|44/100
|
|upkeep
|turn|29
|-message|doubledgit forfeited.
|
|win|WonderGuardWill
|raw|WonderGuardWill's rating: 1351 &rarr; <strong>1370</strong><br />(+19 for winning)
|raw|doubledgit's rating: 1340 &rarr; <strong>1321</strong><br />(-19 for losing)
|c|☆WonderGuardWill|Gg
|c|☆doubledgit|gg
|c|☆WonderGuardWill|Its crippling half of your team
|l|☆WonderGuardWill
|player|p1|
|j|☆WonderGuardWill
|player|p1|WonderGuardWill|dancer|
|c|☆doubledgit|yeah when i dont know its going to happen 3 times
|c|☆WonderGuardWill|Either way you still make the enemy play your game
|c|☆doubledgit|thats why its a gimmick, once i know about it its a lot weaker
|c|☆doubledgit|its like im having a conversation with someone whos repeating things other people have said
|c|☆WonderGuardWill|knowing about it is half the battle
|c|☆doubledgit|thats true
|c|☆WonderGuardWill|thats my point
|c|☆doubledgit|but the other half is still 50% of the game
|c|☆doubledgit|you might be able to win one game but can u win two
|c|☆WonderGuardWill|yea if I know you know I wouldnt trick often
|c|☆doubledgit|and then what
|c|☆WonderGuardWill|even trick when you think i wont
|c|☆doubledgit|thats a completely different game
|c|☆WonderGuardWill|eventually
|c|☆doubledgit|words are loud but victory is louder william
|c|☆doubledgit|youre annoying and so is your team
|l|☆doubledgit
|player|p2|
|c|☆WonderGuardWill|haha thats not my name son
