|j|☆DontMissMantine
|j|☆spudcutter
|t:|1758374156
|gametype|singles
|player|p1|DontMissMantine|lucas|1598
|player|p2|spudcutter|ghetsis-gen5bw|1644
|gen|9
|tier|[Gen 9] OU
|rated|
|rule|HP Percentage Mod: HP is shown in percentages
|rule|Endless Battle Clause: Forcing endless battles is banned
|rule|Species Clause: Limit one of each Pokémon
|rule|OHKO Clause: OHKO moves are banned
|rule|Evasion Items Clause: Evasion items are banned
|rule|Evasion Moves Clause: Evasion moves are banned
|rule|Evasion Abilities Clause: Evasion abilities are banned
|rule|Sleep Moves Clause: Sleep-inducing moves are banned
|clearpoke
|poke|p1|Pelipper, F|
|poke|p1|Beartic, M|
|poke|p1|Barraskewda, F|
|poke|p1|Ogerpon-Wellspring, F|
|poke|p1|Zapdos|
|poke|p1|Hatterene, F|
|poke|p2|Kingambit, M|
|poke|p2|Dragapult, M|
|poke|p2|Great Tusk|
|poke|p2|Slowking-Galar, F|
|poke|p2|Darkrai|
|poke|p2|Dondozo, F|
|teampreview
|inactive|Battle timer is ON: inactive players will automatically lose when time's up. (requested by spudcutter)
|
|t:|1758374172
|teamsize|p1|6
|teamsize|p2|6
|start
|switch|p1a: Pelipper|Pelipper, F|100/100
|switch|p2a: Darkrai|Darkrai|100/100
|-weather|RainDance|[from] ability: Drizzle|[of] p1a: Pelipper
|turn|1
|
|t:|1758374180
|switch|p1a: Hatterene|Hatterene, F|100/100
|move|p2a: Darkrai|Dark Pulse|p1a: Hatterene
|-damage|p1a: Hatterene|40/100
|-enditem|p1a: Hatterene|Eject Button
|-damage|p2a: Darkrai|91/100|[from] item: Life Orb
|
|t:|1758374188
|switch|p1a: Beartic|Beartic, M|100/100
|
|-weather|RainDance|[upkeep]
|upkeep
|turn|2
|
|t:|1758374198
|switch|p2a: Dondozo|Dondozo, F|100/100
|move|p1a: Beartic|Swords Dance|p1a: Beartic
|-boost|p1a: Beartic|atk|2
|
|-weather|RainDance|[upkeep]
|upkeep
|turn|3
|
|t:|1758374206
|-terastallize|p1a: Beartic|Electric
|move|p1a: Beartic|Tera Blast|p2a: Dondozo|[anim] Tera Blast Electric
|-supereffective|p2a: Dondozo
|-damage|p2a: Dondozo|67/100
|move|p2a: Dondozo|Waterfall|p1a: Beartic
|-damage|p1a: Beartic|54/100
|
|-weather|RainDance|[upkeep]
|upkeep
|turn|4
|
|t:|1758374215
|move|p1a: Beartic|Tera Blast|p2a: Dondozo|[anim] Tera Blast Electric
|-supereffective|p2a: Dondozo
|-damage|p2a: Dondozo|31/100
|move|p2a: Dondozo|Curse|p2a: Dondozo
|-unboost|p2a: Dondozo|spe|1
|-boost|p2a: Dondozo|atk|1
|-boost|p2a: Dondozo|def|1
|
|-weather|RainDance|[upkeep]
|upkeep
|turn|5
|
|t:|1758374224
|move|p1a: Beartic|Tera Blast|p2a: Dondozo|[anim] Tera Blast Electric
|-supereffective|p2a: Dondozo
|-damage|p2a: Dondozo|4/100
|move|p2a: Dondozo|Rest|p2a: Dondozo
|-status|p2a: Dondozo|slp|[from] move: Rest
|-heal|p2a: Dondozo|100/100 slp|[silent]
|
|-weather|RainDance|[upkeep]
|upkeep
|turn|6
|
|t:|1758374233
|switch|p1a: Zapdos|Zapdos|100/100
|cant|p2a: Dondozo|slp
|move|p2a: Dondozo|Sleep Talk|p2a: Dondozo
|move|p2a: Dondozo|Waterfall|p1a: Zapdos|[from] move: Sleep Talk
|-damage|p1a: Zapdos|18/100
|
|-weather|RainDance|[upkeep]
|upkeep
|turn|7
|
|t:|1758374245
|switch|p2a: Slowking|Slowking-Galar, F|100/100
|move|p1a: Zapdos|Volt Switch|p2a: Slowking
|-damage|p2a: Slowking|81/100
|
|t:|1758374252
|switch|p1a: Beartic|Beartic, M, tera:Electric|54/100|[from] Volt Switch
|
|-weather|RainDance|[upkeep]
|upkeep
|turn|8
|
|t:|1758374258
|switch|p2a: Great Tusk|Great Tusk|100/100
|move|p1a: Beartic|Earthquake|p2a: Great Tusk
|-damage|p2a: Great Tusk|73/100
|
|-weather|none
|-heal|p2a: Great Tusk|79/100|[from] item: Leftovers
|upkeep
|turn|9
|
|t:|1758374267
|-end|p2a: Great Tusk|Protosynthesis|[silent]
|switch|p2a: Darkrai|Darkrai|91/100
|switch|p1a: Hatterene|Hatterene, F|40/100
|
|upkeep
|turn|10
|-message|DontMissMantine forfeited.
|
|win|spudcutter
|raw|DontMissMantine's rating: 1598 &rarr; <strong>1581</strong><br />(-17 for losing)
|raw|spudcutter's rating: 1644 &rarr; <strong>1661</strong><br />(+17 for winning)
|l|☆DontMissMantine
|player|p1|
|l|☆spudcutter
|player|p2|
