|j|☆Larmaster
|j|☆sly_skip
|t:|1758340494
|gametype|singles
|player|p1|Larmaster|hilbert-wonderlauncher|1516
|player|p2|sly_skip|265|1507
|gen|9
|tier|[Gen 9] OU
|rated|
|rule|HP Percentage Mod: HP is shown in percentages
|rule|Endless Battle Clause: Forcing endless battles is banned
|rule|Species Clause: Limit one of each Pokémon
|rule|OHKO Clause: OHKO moves are banned
|rule|Evasion Items Clause: Evasion items are banned
|rule|Evasion Moves Clause: Evasion moves are banned
|rule|Evasion Abilities Clause: Evasion abilities are banned
|rule|Sleep Moves Clause: Sleep-inducing moves are banned
|clearpoke
|poke|p1|Ogerpon-Wellspring, F|
|poke|p1|Garganacl, F|
|poke|p1|Zapdos|
|poke|p1|Iron Treads|
|poke|p1|Iron Moth|
|poke|p1|Dragonite, F|
|poke|p2|Great Tusk|
|poke|p2|Darkrai|
|poke|p2|Garganacl, F|
|poke|p2|Kyurem|
|poke|p2|Zamazenta-*|
|poke|p2|Slowking-Galar, F|
|teampreview
|inactive|Battle timer is ON: inactive players will automatically lose when time's up. (requested by sly_skip)
|inactive|Larmaster has 120 seconds left.
|
|t:|1758340528
|teamsize|p1|6
|teamsize|p2|6
|start
|switch|p1a: Garganacl|Garganacl, F|100/100
|switch|p2a: Darkrai|Darkrai|100/100
|turn|1
|j| trisew
|
|t:|1758340541
|move|p2a: Darkrai|Knock Off|p1a: Garganacl
|-damage|p1a: Garganacl|82/100
|-enditem|p1a: Garganacl|Leftovers|[from] move: Knock Off|[of] p2a: Darkrai
|move|p1a: Garganacl|Stealth Rock|p2a: Darkrai
|-sidestart|p2: sly_skip|move: Stealth Rock
|
|upkeep
|turn|2
|
|t:|1758340544
|move|p2a: Darkrai|Focus Blast|p1a: Garganacl
|-supereffective|p1a: Garganacl
|-damage|p1a: Garganacl|24/100
|move|p1a: Garganacl|Salt Cure|p2a: Darkrai
|-damage|p2a: Darkrai|82/100
|-start|p2a: Darkrai|Salt Cure
|
|-damage|p2a: Darkrai|70/100|[from] Salt Cure
|upkeep
|turn|3
|
|t:|1758340550
|switch|p2a: Great Tusk|Great Tusk|100/100
|move|p1a: Garganacl|Protect||[still]
|-fail|p1a: Garganacl
|
|upkeep
|turn|4
|
|t:|1758340553
|-end|p2a: Great Tusk|Protosynthesis|[silent]
|switch|p2a: Slowking|Slowking-Galar, F|100/100
|switch|p1a: Zapdos|Zapdos|100/100
|
|upkeep
|turn|5
|
|t:|1758340556
|move|p1a: Zapdos|Thunder Wave|p2a: Slowking
|-status|p2a: Slowking|par
|-prepare|p2a: Slowking|Chilly Reception|[premajor]
|cant|p2a: Slowking|par
|
|upkeep
|turn|6
|
|t:|1758340560
|move|p1a: Zapdos|Volt Switch|p2a: Slowking
|-damage|p2a: Slowking|83/100 par
|
|t:|1758340563
|switch|p1a: Garganacl|Garganacl, F|24/100|[from] Volt Switch
|move|p2a: Slowking|Toxic|p1a: Garganacl
|-immune|p1a: Garganacl|[from] ability: Purifying Salt
|
|upkeep
|turn|7
|inactive|sly_skip has 120 seconds left.
|
|t:|1758340600
|move|p1a: Garganacl|Recover|p1a: Garganacl
|-heal|p1a: Garganacl|74/100
|-prepare|p2a: Slowking|Chilly Reception|[premajor]
|cant|p2a: Slowking|par
|
|upkeep
|turn|8
|
|t:|1758340605
|move|p1a: Garganacl|Salt Cure|p2a: Slowking
|-damage|p2a: Slowking|68/100 par
|-start|p2a: Slowking|Salt Cure
|-prepare|p2a: Slowking|Chilly Reception|[premajor]
|move|p2a: Slowking|Chilly Reception|p2a: Slowking
|-weather|Snowscape
|l| trisew
|j| trisew
|inactive|sly_skip has 120 seconds left.
|
|t:|1758340626
|switch|p2a: Great Tusk|Great Tusk|100/100|[from] Chilly Reception
|
|-weather|Snowscape|[upkeep]
|upkeep
|turn|9
|
|t:|1758340634
|-end|p2a: Great Tusk|Protosynthesis|[silent]
|switch|p2a: Garganacl|Garganacl, F|100/100
|-damage|p2a: Garganacl|88/100|[from] Stealth Rock
|switch|p1a: Zapdos|Zapdos|100/100
|
|-weather|Snowscape|[upkeep]
|-heal|p2a: Garganacl|94/100|[from] item: Leftovers
|upkeep
|turn|10
|inactive|sly_skip has 120 seconds left.
|
|t:|1758340668
|move|p1a: Zapdos|Thunder Wave|p2a: Garganacl
|-immune|p2a: Garganacl|[from] ability: Purifying Salt
|move|p2a: Garganacl|Salt Cure|p1a: Zapdos
|-supereffective|p1a: Zapdos
|-damage|p1a: Zapdos|80/100
|-start|p1a: Zapdos|Salt Cure
|
|-weather|Snowscape|[upkeep]
|-heal|p2a: Garganacl|100/100|[from] item: Leftovers
|-damage|p1a: Zapdos|67/100|[from] Salt Cure
|upkeep
|turn|11
|
|t:|1758340673
|move|p1a: Zapdos|Volt Switch|p2a: Garganacl
|-damage|p2a: Garganacl|78/100
|l| trisew
|
|t:|1758340678
|switch|p1a: Garganacl|Garganacl, F|74/100|[from] Volt Switch
|move|p2a: Garganacl|Salt Cure|p1a: Garganacl
|-damage|p1a: Garganacl|66/100
|-start|p1a: Garganacl|Salt Cure
|
|-weather|Snowscape|[upkeep]
|-heal|p2a: Garganacl|84/100|[from] item: Leftovers
|-damage|p1a: Garganacl|53/100|[from] Salt Cure
|upkeep
|turn|12
|
|t:|1758340698
|move|p2a: Garganacl|Earthquake|p1a: Garganacl
|-supereffective|p1a: Garganacl
|-damage|p1a: Garganacl|24/100
|move|p1a: Garganacl|Recover|p1a: Garganacl
|-heal|p1a: Garganacl|74/100
|
|-weather|none
|-heal|p2a: Garganacl|90/100|[from] item: Leftovers
|-damage|p1a: Garganacl|61/100|[from] Salt Cure
|upkeep
|turn|13
|
|t:|1758340721
|move|p2a: Garganacl|Salt Cure|p1a: Garganacl
|-damage|p1a: Garganacl|52/100
|move|p1a: Garganacl|Salt Cure|p2a: Garganacl
|-damage|p2a: Garganacl|82/100
|-start|p2a: Garganacl|Salt Cure
|
|-heal|p2a: Garganacl|88/100|[from] item: Leftovers
|-damage|p2a: Garganacl|76/100|[from] Salt Cure
|-damage|p1a: Garganacl|40/100|[from] Salt Cure
|upkeep
|turn|14
|
|t:|1758340741
|switch|p2a: Great Tusk|Great Tusk|100/100
|move|p1a: Garganacl|Recover|p1a: Garganacl
|-heal|p1a: Garganacl|90/100
|
|-damage|p1a: Garganacl|77/100|[from] Salt Cure
|upkeep
|turn|15
|
|t:|1758340750
|-end|p2a: Great Tusk|Protosynthesis|[silent]
|switch|p2a: Slowking|Slowking-Galar, F|100/100 par
|switch|p1a: Ogerpon|Ogerpon-Wellspring, F|100/100
|
|upkeep
|turn|16
|
|t:|1758340769
|move|p1a: Ogerpon|Spikes|p2a: Slowking
|-sidestart|p2: sly_skip|Spikes
|-prepare|p2a: Slowking|Chilly Reception|[premajor]
|move|p2a: Slowking|Chilly Reception|p2a: Slowking
|-weather|Snowscape
|
|t:|1758340772
|switch|p2a: Kyurem|Kyurem|100/100|[from] Chilly Reception
|-ability|p2a: Kyurem|Pressure
|
|-weather|Snowscape|[upkeep]
|upkeep
|turn|17
|
|t:|1758340779
|move|p1a: Ogerpon|U-turn|p2a: Kyurem
|-damage|p2a: Kyurem|82/100
|
|t:|1758340783
|switch|p1a: Garganacl|Garganacl, F|77/100|[from] U-turn
|move|p2a: Kyurem|Earth Power|p1a: Garganacl
|-supereffective|p1a: Garganacl
|-damage|p1a: Garganacl|39/100
|
|-weather|Snowscape|[upkeep]
|upkeep
|turn|18
|inactive|sly_skip has 120 seconds left.
|
|t:|1758340788
|switch|p2a: Great Tusk|Great Tusk|100/100
|move|p1a: Garganacl|Recover|p1a: Garganacl
|-heal|p1a: Garganacl|89/100
|
|-weather|Snowscape|[upkeep]
|upkeep
|turn|19
|inactive|sly_skip has 120 seconds left.
|
|t:|1758340799
|switch|p1a: Zapdos|Zapdos|67/100
|move|p2a: Great Tusk|Rapid Spin|p1a: Zapdos
|-damage|p1a: Zapdos|55/100
|-boost|p2a: Great Tusk|spe|1
|-sideend|p2: sly_skip|Spikes|[from] move: Rapid Spin|[of] p2a: Great Tusk
|-sideend|p2: sly_skip|Stealth Rock|[from] move: Rapid Spin|[of] p2a: Great Tusk
|
|-weather|Snowscape|[upkeep]
|upkeep
|turn|20
|
|t:|1758340808
|-end|p2a: Great Tusk|Protosynthesis|[silent]
|switch|p2a: Slowking|Slowking-Galar, F|100/100 par
|move|p1a: Zapdos|Roost|p1a: Zapdos
|-heal|p1a: Zapdos|100/100
|-singleturn|p1a: Zapdos|move: Roost
|
|-weather|none
|upkeep
|turn|21
|
|t:|1758340812
|move|p1a: Zapdos|Volt Switch|p2a: Slowking
|-damage|p2a: Slowking|83/100 par
|
|t:|1758340814
|switch|p1a: Ogerpon|Ogerpon-Wellspring, F|100/100|[from] Volt Switch
|-prepare|p2a: Slowking|Chilly Reception|[premajor]
|move|p2a: Slowking|Chilly Reception|p2a: Slowking
|-weather|Snowscape
|
|t:|1758340830
|switch|p2a: Kyurem|Kyurem|82/100|[from] Chilly Reception
|-ability|p2a: Kyurem|Pressure
|
|-weather|Snowscape|[upkeep]
|upkeep
|turn|22
|
|t:|1758340848
|move|p1a: Ogerpon|Knock Off|p2a: Kyurem
|-damage|p2a: Kyurem|54/100
|-enditem|p2a: Kyurem|Heavy-Duty Boots|[from] move: Knock Off|[of] p1a: Ogerpon
|move|p2a: Kyurem|Freeze-Dry|p1a: Ogerpon
|-supereffective|p1a: Ogerpon
|-damage|p1a: Ogerpon|0 fnt
|faint|p1a: Ogerpon
|
|-weather|Snowscape|[upkeep]
|upkeep
|inactive|Larmaster has 120 seconds left.
|
|t:|1758340872
|switch|p1a: Garganacl|Garganacl, F|89/100
|turn|23
|
|t:|1758340898
|switch|p2a: Slowking|Slowking-Galar, F|100/100 par
|move|p1a: Garganacl|Salt Cure|p2a: Slowking
|-damage|p2a: Slowking|87/100 par
|-start|p2a: Slowking|Salt Cure
|
|-weather|Snowscape|[upkeep]
|-damage|p2a: Slowking|74/100 par|[from] Salt Cure
|upkeep
|turn|24
|inactive|Larmaster has 120 seconds left.
|
|t:|1758340922
|move|p1a: Garganacl|Stealth Rock|p2a: Slowking
|-sidestart|p2: sly_skip|move: Stealth Rock
|-prepare|p2a: Slowking|Chilly Reception|[premajor]
|move|p2a: Slowking|Chilly Reception|p2a: Slowking
|inactive|sly_skip has 120 seconds left.
|
|t:|1758340964
|switch|p2a: Garganacl|Garganacl, F|76/100|[from] Chilly Reception
|-damage|p2a: Garganacl|63/100|[from] Stealth Rock
|
|-weather|Snowscape|[upkeep]
|-heal|p2a: Garganacl|69/100|[from] item: Leftovers
|upkeep
|turn|25
|inactive|Larmaster has 120 seconds left.
|inactive|Larmaster has 90 seconds left.
|
|t:|1758341011
|move|p2a: Garganacl|Salt Cure|p1a: Garganacl
|-damage|p1a: Garganacl|80/100
|-start|p1a: Garganacl|Salt Cure
|move|p1a: Garganacl|Salt Cure|p2a: Garganacl
|-damage|p2a: Garganacl|61/100
|-start|p2a: Garganacl|Salt Cure
|
|-weather|none
|-heal|p2a: Garganacl|67/100|[from] item: Leftovers
|-damage|p2a: Garganacl|54/100|[from] Salt Cure
|-damage|p1a: Garganacl|67/100|[from] Salt Cure
|upkeep
|turn|26
|inactive|Larmaster has 90 seconds left.
|inactive|sly_skip has 90 seconds left.
|
|t:|1758341054
|switch|p1a: Iron Treads|Iron Treads|100/100
|move|p2a: Garganacl|Recover|p2a: Garganacl
|-heal|p2a: Garganacl|100/100
|
|-damage|p2a: Garganacl|88/100|[from] Salt Cure
|upkeep
|turn|27
|inactive|Larmaster has 90 seconds left.
|
|t:|1758341074
|switch|p2a: Great Tusk|Great Tusk|100/100
|move|p1a: Iron Treads|Earthquake|p2a: Great Tusk
|-damage|p2a: Great Tusk|65/100
|
|upkeep
|turn|28
|inactive|sly_skip has 90 seconds left.
|inactive|sly_skip has 60 seconds left.
|
|t:|1758341115
|move|p1a: Iron Treads|Knock Off|p2a: Great Tusk
|-resisted|p2a: Great Tusk
|-damage|p2a: Great Tusk|54/100
|-enditem|p2a: Great Tusk|Heavy-Duty Boots|[from] move: Knock Off|[of] p1a: Iron Treads
|move|p2a: Great Tusk|Rapid Spin|p1a: Iron Treads
|-resisted|p1a: Iron Treads
|-damage|p1a: Iron Treads|92/100
|-boost|p2a: Great Tusk|spe|1
|-sideend|p2: sly_skip|Stealth Rock|[from] move: Rapid Spin|[of] p2a: Great Tusk
|
|-heal|p1a: Iron Treads|99/100|[from] item: Leftovers
|upkeep
|turn|29
|inactive|sly_skip has 60 seconds left.
|inactive|Larmaster has 90 seconds left.
|
|t:|1758341146
|-end|p2a: Great Tusk|Protosynthesis|[silent]
|switch|p2a: Darkrai|Darkrai|70/100
|move|p1a: Iron Treads|Stealth Rock|p2a: Darkrai
|-sidestart|p2: sly_skip|move: Stealth Rock
|
|-heal|p1a: Iron Treads|100/100|[from] item: Leftovers
|upkeep
|turn|30
|inactive|sly_skip has 60 seconds left.
|inactive|sly_skip has 30 seconds left.
|
|t:|1758341191
|-end|p1a: Iron Treads|Quark Drive|[silent]
|switch|p1a: Iron Moth|Iron Moth|100/100
|-enditem|p1a: Iron Moth|Booster Energy
|-activate|p1a: Iron Moth|ability: Quark Drive|[fromitem]
|-start|p1a: Iron Moth|quarkdrivespe
|move|p2a: Darkrai|Focus Blast|p1a: Iron Moth
|-resisted|p1a: Iron Moth
|-damage|p1a: Iron Moth|78/100
|
|upkeep
|turn|31
|inactive|Larmaster has 60 seconds left.
|
|t:|1758341237
|switch|p2a: Slowking|Slowking-Galar, F|100/100 par
|move|p1a: Iron Moth|Substitute|p1a: Iron Moth
|-start|p1a: Iron Moth|Substitute
|-damage|p1a: Iron Moth|53/100
|
|upkeep
|turn|32
|inactive|sly_skip has 30 seconds left.
|inactive|sly_skip has 20 seconds left.
|inactive|sly_skip has 15 seconds left.
|inactive|sly_skip has 10 seconds left.
|inactive|sly_skip has 5 seconds left.
|-message|sly_skip lost due to inactivity.
|
|win|Larmaster
|raw|Larmaster's rating: 1516 &rarr; <strong>1538</strong><br />(+22 for winning)
|raw|sly_skip's rating: 1543 &rarr; <strong>1521</strong><br />(-22 for losing)
|l|☆sly_skip
|player|p2|
