|j|☆Foenembruzz
|j|☆besutwo
|t:|1758326584
|gametype|singles
|player|p1|Foenembruzz|n|1418
|player|p2|besutwo|dancer|1406
|gen|9
|tier|[Gen 9] OU
|rated|
|rule|HP Percentage Mod: HP is shown in percentages
|rule|Endless Battle Clause: Forcing endless battles is banned
|rule|Species Clause: Limit one of each Pokémon
|rule|OHKO Clause: OHKO moves are banned
|rule|Evasion Items Clause: Evasion items are banned
|rule|Evasion Moves Clause: Evasion moves are banned
|rule|Evasion Abilities Clause: Evasion abilities are banned
|rule|Sleep Moves Clause: Sleep-inducing moves are banned
|clearpoke
|poke|p1|Charizard, F|
|poke|p1|Walking Wake|
|poke|p1|Great Tusk|
|poke|p1|Hatterene, F|
|poke|p1|Zamazenta-*|
|poke|p1|Ninetales, F|
|poke|p2|Landorus-Therian, M|
|poke|p2|Chesnaught, M|
|poke|p2|Primarina, F|
|poke|p2|Delphox, M|
|poke|p2|Dragapult, M|
|poke|p2|Kingambit, F|
|teampreview
|inactive|Battle timer is ON: inactive players will automatically lose when time's up. (requested by Foenembruzz)
|
|t:|1758326599
|teamsize|p1|6
|teamsize|p2|6
|start
|switch|p1a: Ninetales|Ninetales, F, shiny|100/100
|switch|p2a: Delphox|Delphox, M, shiny|100/100
|-weather|SunnyDay|[from] ability: Drought|[of] p1a: Ninetales
|turn|1
|
|t:|1758326608
|switch|p1a: Hatterene|Hatterene, F, shiny|100/100
|move|p2a: Delphox|Nasty Plot|p2a: Delphox
|-boost|p2a: Delphox|spa|2
|
|-weather|SunnyDay|[upkeep]
|upkeep
|turn|2
|
|t:|1758326612
|move|p2a: Delphox|Flamethrower|p1a: Hatterene
|-damage|p1a: Hatterene|0 fnt
|faint|p1a: Hatterene
|
|-weather|SunnyDay|[upkeep]
|upkeep
|
|t:|1758326617
|switch|p1a: Walking Wake|Walking Wake|100/100
|-activate|p1a: Walking Wake|ability: Protosynthesis
|-start|p1a: Walking Wake|protosynthesisspe
|turn|3
|
|t:|1758326642
|switch|p2a: Kingambit|Kingambit, F, shiny|100/100
|move|p1a: Walking Wake|Flip Turn|p2a: Kingambit
|-damage|p2a: Kingambit|94/100
|-damage|p1a: Walking Wake|91/100|[from] item: Life Orb
|
|t:|1758326647
|-end|p1a: Walking Wake|Protosynthesis|[silent]
|switch|p1a: Charizard|Charizard, F, shiny|100/100|[from] Flip Turn
|
|-weather|SunnyDay|[upkeep]
|-damage|p1a: Charizard|88/100|[from] ability: Solar Power|[of] p1a: Charizard
|upkeep
|turn|4
|inactive|besutwo has 120 seconds left.
|
|t:|1758326669
|-terastallize|p1a: Charizard|Fire
|-terastallize|p2a: Kingambit|Dark
|move|p2a: Kingambit|Sucker Punch|p1a: Charizard
|-damage|p1a: Charizard|7/100
|move|p1a: Charizard|Weather Ball|p2a: Kingambit
|-damage|p2a: Kingambit|0 fnt
|faint|p2a: Kingambit
|
|-weather|SunnyDay|[upkeep]
|-damage|p1a: Charizard|0 fnt|[from] ability: Solar Power|[of] p1a: Charizard
|faint|p1a: Charizard
|upkeep
|inactive|besutwo has 120 seconds left.
|
|t:|1758326683
|switch|p1a: Walking Wake|Walking Wake|91/100
|switch|p2a: Dragapult|Dragapult, M, shiny|100/100
|-activate|p1a: Walking Wake|ability: Protosynthesis
|-start|p1a: Walking Wake|protosynthesisspe
|turn|5
|inactive|besutwo has 120 seconds left.
|
|t:|1758326698
|switch|p2a: Primarina|Primarina, F|100/100
|move|p1a: Walking Wake|Flip Turn|p2a: Primarina
|-resisted|p2a: Primarina
|-damage|p2a: Primarina|95/100
|-damage|p1a: Walking Wake|81/100|[from] item: Life Orb
|
|t:|1758326710
|-end|p1a: Walking Wake|Protosynthesis|[silent]
|switch|p1a: Ninetales|Ninetales, F, shiny|100/100|[from] Flip Turn
|
|-weather|SunnyDay|[upkeep]
|upkeep
|turn|6
|inactive|besutwo has 120 seconds left.
|
|t:|1758326722
|switch|p2a: Delphox|Delphox, M, shiny|100/100
|move|p1a: Ninetales|Solar Beam||[still]
|-prepare|p1a: Ninetales|Solar Beam
|-anim|p1a: Ninetales|Solar Beam|p2a: Delphox
|-resisted|p2a: Delphox
|-damage|p2a: Delphox|84/100
|
|-weather|SunnyDay|[upkeep]
|upkeep
|turn|7
|inactive|besutwo has 120 seconds left.
|
|t:|1758326731
|move|p2a: Delphox|Psyshock|p1a: Ninetales
|-damage|p1a: Ninetales|48/100
|move|p1a: Ninetales|Encore|p2a: Delphox
|-start|p2a: Delphox|Encore
|
|-weather|SunnyDay|[upkeep]
|upkeep
|turn|8
|
|t:|1758326740
|switch|p1a: Great Tusk|Great Tusk|100/100
|-activate|p1a: Great Tusk|ability: Protosynthesis
|-start|p1a: Great Tusk|protosynthesisspe
|move|p2a: Delphox|Psyshock|p1a: Great Tusk
|-supereffective|p1a: Great Tusk
|-damage|p1a: Great Tusk|56/100
|
|-weather|none
|-end|p1a: Great Tusk|Protosynthesis
|upkeep
|-enditem|p1a: Great Tusk|Booster Energy
|-activate|p1a: Great Tusk|ability: Protosynthesis|[fromitem]
|-start|p1a: Great Tusk|protosynthesisspe
|turn|9
|
|t:|1758326747
|switch|p2a: Chesnaught|Chesnaught, M|100/100
|move|p1a: Great Tusk|Headlong Rush|p2a: Chesnaught
|-resisted|p2a: Chesnaught
|-damage|p2a: Chesnaught|86/100
|-unboost|p1a: Great Tusk|def|1
|-unboost|p1a: Great Tusk|spd|1
|-damage|p1a: Great Tusk|39/100|[from] item: Rocky Helmet|[of] p2a: Chesnaught
|
|upkeep
|turn|10
|
|t:|1758326754
|-end|p1a: Great Tusk|Protosynthesis|[silent]
|switch|p1a: Ninetales|Ninetales, F, shiny|48/100
|-weather|SunnyDay|[from] ability: Drought|[of] p1a: Ninetales
|move|p2a: Chesnaught|Body Press|p1a: Ninetales
|-damage|p1a: Ninetales|0 fnt
|faint|p1a: Ninetales
|
|-weather|SunnyDay|[upkeep]
|upkeep
|
|t:|1758326756
|switch|p1a: Walking Wake|Walking Wake|81/100
|-activate|p1a: Walking Wake|ability: Protosynthesis
|-start|p1a: Walking Wake|protosynthesisspe
|turn|11
|
|t:|1758326767
|switch|p2a: Landorus|Landorus-Therian, M, shiny|100/100
|-ability|p2a: Landorus|Intimidate|boost
|-unboost|p1a: Walking Wake|atk|1
|move|p1a: Walking Wake|Flamethrower|p2a: Landorus
|-damage|p2a: Landorus|35/100
|-damage|p1a: Walking Wake|71/100|[from] item: Life Orb
|
|-weather|SunnyDay|[upkeep]
|-heal|p2a: Landorus|41/100|[from] item: Leftovers
|upkeep
|turn|12
|
|t:|1758326779
|move|p1a: Walking Wake|Flamethrower|p2a: Landorus
|-damage|p2a: Landorus|0 fnt
|faint|p2a: Landorus
|-damage|p1a: Walking Wake|62/100|[from] item: Life Orb
|
|-weather|SunnyDay|[upkeep]
|upkeep
|
|t:|1758326782
|switch|p2a: Primarina|Primarina, F|95/100
|turn|13
|
|t:|1758326786
|move|p1a: Walking Wake|Flip Turn|p2a: Primarina
|-resisted|p2a: Primarina
|-crit|p2a: Primarina
|-damage|p2a: Primarina|87/100
|-damage|p1a: Walking Wake|52/100|[from] item: Life Orb
|
|t:|1758326789
|-end|p1a: Walking Wake|Protosynthesis|[silent]
|switch|p1a: Zamazenta|Zamazenta|100/100|[from] Flip Turn
|-ability|p1a: Zamazenta|Dauntless Shield|boost
|-boost|p1a: Zamazenta|def|1
|move|p2a: Primarina|Draining Kiss|p1a: Zamazenta
|-supereffective|p1a: Zamazenta
|-damage|p1a: Zamazenta|22/100
|-heal|p2a: Primarina|100/100|[from] drain|[of] p1a: Zamazenta
|
|-weather|SunnyDay|[upkeep]
|upkeep
|turn|14
|
|t:|1758326796
|switch|p2a: Chesnaught|Chesnaught, M|86/100
|move|p1a: Zamazenta|Heavy Slam|p2a: Chesnaught
|-damage|p2a: Chesnaught|73/100
|-damage|p1a: Zamazenta|6/100|[from] item: Rocky Helmet|[of] p2a: Chesnaught
|
|-weather|SunnyDay|[upkeep]
|upkeep
|turn|15
|
|t:|1758326804
|switch|p1a: Great Tusk|Great Tusk|39/100
|-activate|p1a: Great Tusk|ability: Protosynthesis
|-start|p1a: Great Tusk|protosynthesisspe
|move|p2a: Chesnaught|Body Press|p1a: Great Tusk
|-damage|p1a: Great Tusk|12/100
|
|-weather|SunnyDay|[upkeep]
|upkeep
|turn|16
|
|t:|1758326808
|move|p1a: Great Tusk|Head Smash|p2a: Chesnaught
|-resisted|p2a: Chesnaught
|-damage|p2a: Chesnaught|60/100
|-damage|p1a: Great Tusk|0 fnt|[from] item: Rocky Helmet|[of] p2a: Chesnaught
|faint|p1a: Great Tusk
|-end|p1a: Great Tusk|Protosynthesis|[silent]
|move|p2a: Chesnaught|Body Press|p1: Great Tusk|[notarget]
|-fail|p2a: Chesnaught
|
|-weather|SunnyDay|[upkeep]
|upkeep
|
|t:|1758326811
|switch|p1a: Walking Wake|Walking Wake|52/100
|-activate|p1a: Walking Wake|ability: Protosynthesis
|-start|p1a: Walking Wake|protosynthesisspe
|turn|17
|
|t:|1758326816
|switch|p2a: Dragapult|Dragapult, M, shiny|100/100
|move|p1a: Walking Wake|Flamethrower|p2a: Dragapult
|-resisted|p2a: Dragapult
|-damage|p2a: Dragapult|59/100
|-damage|p1a: Walking Wake|42/100|[from] item: Life Orb
|
|-weather|none
|-end|p1a: Walking Wake|Protosynthesis
|upkeep
|turn|18
|
|t:|1758326821
|move|p2a: Dragapult|Dragon Darts|p1a: Walking Wake
|-supereffective|p1a: Walking Wake
|-damage|p1a: Walking Wake|0 fnt
|faint|p1a: Walking Wake
|-end|p1a: Walking Wake|Protosynthesis|[silent]
|
|upkeep
|
|t:|1758326823
|switch|p1a: Zamazenta|Zamazenta|6/100
|turn|19
|
|t:|1758326827
|move|p1a: Zamazenta|Stone Edge|p2a: Dragapult
|-damage|p2a: Dragapult|6/100
|move|p2a: Dragapult|Dragon Darts|p1a: Zamazenta
|-damage|p1a: Zamazenta|0 fnt
|faint|p1a: Zamazenta
|
|win|besutwo
|raw|Foenembruzz's rating: 1418 &rarr; <strong>1397</strong><br />(-21 for losing)
|raw|besutwo's rating: 1406 &rarr; <strong>1427</strong><br />(+21 for winning)
|l|☆Foenembruzz
|player|p1|
|l|☆besutwo
|player|p2|
