|j|☆full-doc
|j|☆darksora420
|t:|1758320984
|gametype|singles
|player|p1|full-doc|scientistf|1356
|player|p2|darksora420|red|1370
|gen|9
|tier|[Gen 9] OU
|rated|
|rule|HP Percentage Mod: HP is shown in percentages
|rule|Endless Battle Clause: Forcing endless battles is banned
|rule|Species Clause: Limit one of each Pokémon
|rule|OHKO Clause: OHKO moves are banned
|rule|Evasion Items Clause: Evasion items are banned
|rule|Evasion Moves Clause: Evasion moves are banned
|rule|Evasion Abilities Clause: Evasion abilities are banned
|rule|Sleep Moves Clause: Sleep-inducing moves are banned
|clearpoke
|poke|p1|Comfey, M|
|poke|p1|Whimsicott, F|
|poke|p1|Iron Moth|
|poke|p1|Walking Wake|
|poke|p1|Great Tusk|
|poke|p1|Ninetales, F|
|poke|p2|Ninetales, M|
|poke|p2|Great Tusk|
|poke|p2|Walking Wake|
|poke|p2|Leavanny, M|
|poke|p2|Charizard, M|
|poke|p2|Slither Wing|
|teampreview
|inactive|Battle timer is ON: inactive players will automatically lose when time's up. (requested by darksora420)
|
|t:|1758320995
|teamsize|p1|6
|teamsize|p2|6
|start
|switch|p1a: Walking Wake|Walking Wake|100/100
|switch|p2a: Walking Wake|Walking Wake|100/100
|turn|1
|
|t:|1758321004
|move|p2a: Walking Wake|Draco Meteor|p1a: Walking Wake
|-supereffective|p1a: Walking Wake
|-damage|p1a: Walking Wake|0 fnt
|-unboost|p2a: Walking Wake|spa|2
|faint|p1a: Walking Wake
|-end|p1a: Walking Wake|Protosynthesis|[silent]
|
|upkeep
|
|t:|1758321013
|switch|p1a: Comfey|Comfey, M|100/100
|turn|2
|
|t:|1758321023
|-end|p2a: Walking Wake|Protosynthesis|[silent]
|switch|p2a: Ninetales|Ninetales, M|100/100
|-weather|SunnyDay|[from] ability: Drought|[of] p2a: Ninetales
|move|p1a: Comfey|Growth|p1a: Comfey
|-boost|p1a: Comfey|atk|2
|-boost|p1a: Comfey|spa|2
|
|-weather|SunnyDay|[upkeep]
|upkeep
|turn|3
|
|t:|1758321031
|move|p1a: Comfey|Draining Kiss|p2a: Ninetales
|-resisted|p2a: Ninetales
|-damage|p2a: Ninetales|68/100
|-damage|p1a: Comfey|91/100|[from] item: Life Orb
|move|p2a: Ninetales|Encore|p1a: Comfey
|-start|p1a: Comfey|Encore
|
|-weather|SunnyDay|[upkeep]
|upkeep
|turn|4
|
|t:|1758321038
|move|p1a: Comfey|Draining Kiss|p2a: Ninetales
|-resisted|p2a: Ninetales
|-damage|p2a: Ninetales|35/100
|-heal|p1a: Comfey|100/100|[from] drain|[of] p2a: Ninetales
|-damage|p1a: Comfey|91/100|[from] item: Life Orb
|move|p2a: Ninetales|Overheat|p1a: Comfey
|-damage|p1a: Comfey|20/100
|-unboost|p2a: Ninetales|spa|2
|
|-weather|SunnyDay|[upkeep]
|upkeep
|turn|5
|
|t:|1758321048
|switch|p2a: Charizard|Charizard, M|100/100
|move|p1a: Comfey|Draining Kiss|p2a: Charizard
|-resisted|p2a: Charizard
|-damage|p2a: Charizard|67/100
|-heal|p1a: Comfey|44/100|[from] drain|[of] p2a: Charizard
|-damage|p1a: Comfey|34/100|[from] item: Life Orb
|
|-weather|SunnyDay|[upkeep]
|-damage|p2a: Charizard|55/100|[from] ability: Solar Power|[of] p2a: Charizard
|upkeep
|turn|6
|
|t:|1758321065
|move|p1a: Comfey|Draining Kiss|p2a: Charizard
|-resisted|p2a: Charizard
|-damage|p2a: Charizard|21/100
|-heal|p1a: Comfey|59/100|[from] drain|[of] p2a: Charizard
|-damage|p1a: Comfey|49/100|[from] item: Life Orb
|move|p2a: Charizard|Flamethrower|p1a: Comfey
|-damage|p1a: Comfey|0 fnt
|faint|p1a: Comfey
|
|-weather|SunnyDay|[upkeep]
|-damage|p2a: Charizard|9/100|[from] ability: Solar Power|[of] p2a: Charizard
|upkeep
|
|t:|1758321077
|switch|p1a: Whimsicott|Whimsicott, F|100/100
|turn|7
|
|t:|1758321087
|move|p1a: Whimsicott|Shadow Ball|p2a: Charizard
|-damage|p2a: Charizard|0 fnt
|faint|p2a: Charizard
|-damage|p1a: Whimsicott|91/100|[from] item: Life Orb
|
|-weather|SunnyDay|[upkeep]
|upkeep
|
|t:|1758321089
|switch|p2a: Leavanny|Leavanny, M|100/100
|turn|8
|
|t:|1758321097
|switch|p1a: Great Tusk|Great Tusk|100/100
|-activate|p1a: Great Tusk|ability: Protosynthesis
|-start|p1a: Great Tusk|protosynthesisspe
|move|p2a: Leavanny|Sticky Web|p1a: Great Tusk
|-sidestart|p1: full-doc|move: Sticky Web
|
|-weather|SunnyDay|[upkeep]
|upkeep
|turn|9
|
|t:|1758321109
|move|p2a: Leavanny|Leaf Storm|p1a: Great Tusk
|-supereffective|p1a: Great Tusk
|-damage|p1a: Great Tusk|0 fnt
|-unboost|p2a: Leavanny|spa|2
|faint|p1a: Great Tusk
|-end|p1a: Great Tusk|Protosynthesis|[silent]
|
|-weather|none
|upkeep
|-message|full-doc forfeited.
|
|win|darksora420
|raw|full-doc's rating: 1356 &rarr; <strong>1337</strong><br />(-19 for losing)
|raw|darksora420's rating: 1370 &rarr; <strong>1389</strong><br />(+19 for winning)
|l|☆full-doc
|player|p1|
|l|☆darksora420
|player|p2|
