|j|☆powerfull_rock
|j|☆pastagirl !!
|t:|1758273937
|gametype|singles
|player|p1|powerfull_rock|blackbelt|1686
|player|p2|pastagirl !!|elesa|1688
|gen|9
|tier|[Gen 9] OU
|rated|
|rule|HP Percentage Mod: HP is shown in percentages
|rule|Endless Battle Clause: Forcing endless battles is banned
|rule|Species Clause: Limit one of each Pokémon
|rule|OHKO Clause: OHKO moves are banned
|rule|Evasion Items Clause: Evasion items are banned
|rule|Evasion Moves Clause: Evasion moves are banned
|rule|Evasion Abilities Clause: Evasion abilities are banned
|rule|Sleep Moves Clause: Sleep-inducing moves are banned
|clearpoke
|poke|p1|Clodsire, M|
|poke|p1|Conkeldurr, F|
|poke|p1|Enamorus, F|
|poke|p1|Ceruledge, F|
|poke|p1|Skarmory, F|
|poke|p1|Sinistcha|
|poke|p2|Cresselia, F|
|poke|p2|Hatterene, F|
|poke|p2|Porygon2|
|poke|p2|Ursaluna, F|
|poke|p2|Iron Hands|
|poke|p2|Enamorus-Therian, F|
|teampreview
|j| ItsRiccTheKiddd
|
|t:|1758273958
|teamsize|p1|6
|teamsize|p2|6
|start
|switch|p1a: Broken Vessel|Sinistcha, shiny|100/100
|switch|p2a: BLUE VELVET|Hatterene, F|100/100
|turn|1
|
|t:|1758273964
|move|p1a: Broken Vessel|Shadow Ball|p2a: BLUE VELVET
|-supereffective|p2a: BLUE VELVET
|-crit|p2a: BLUE VELVET
|-damage|p2a: BLUE VELVET|4/100
|move|p2a: BLUE VELVET|Trick Room|p2a: BLUE VELVET
|-fieldstart|move: Trick Room|[of] p2a: BLUE VELVET
|
|upkeep
|turn|2
|
|t:|1758273974
|move|p2a: BLUE VELVET|Healing Wish|p2a: BLUE VELVET
|faint|p2a: BLUE VELVET
|move|p1a: Broken Vessel|Shadow Ball|p2: BLUE VELVET|[notarget]
|-fail|p1a: Broken Vessel
|
|upkeep
|l| ItsRiccTheKiddd
|
|t:|1758274018
|switch|p2a: INLAND EMPIRE|Enamorus-Therian, F|100/100
|turn|3
|
|t:|1758274028
|switch|p1a: Love Snake|Enamorus, F|100/100
|move|p2a: INLAND EMPIRE|Moonblast|p1a: Love Snake
|-damage|p1a: Love Snake|0 fnt
|faint|p1a: Love Snake
|-damage|p2a: INLAND EMPIRE|91/100|[from] item: Life Orb
|
|upkeep
|
|t:|1758274035
|switch|p1a: Clean Edge|Ceruledge, F|100/100
|turn|4
|j| amimec
|
|t:|1758274073
|move|p2a: INLAND EMPIRE|Earth Power|p1a: Clean Edge
|-supereffective|p1a: Clean Edge
|-damage|p1a: Clean Edge|32/100
|-unboost|p1a: Clean Edge|spd|1
|-damage|p2a: INLAND EMPIRE|81/100|[from] item: Life Orb
|move|p1a: Clean Edge|Bitter Blade|p2a: INLAND EMPIRE
|-damage|p2a: INLAND EMPIRE|44/100
|-heal|p1a: Clean Edge|50/100|[from] drain|[of] p2a: INLAND EMPIRE
|
|upkeep
|turn|5
|
|t:|1758274084
|switch|p1a: Metal Wing|Skarmory, F|100/100
|move|p2a: INLAND EMPIRE|Moonblast|p1a: Metal Wing
|-resisted|p1a: Metal Wing
|-damage|p1a: Metal Wing|61/100
|-damage|p2a: INLAND EMPIRE|34/100|[from] item: Life Orb
|
|-heal|p1a: Metal Wing|67/100|[from] item: Leftovers
|-fieldend|move: Trick Room
|upkeep
|turn|6
|
|t:|1758274129
|switch|p1a: Clean Edge|Ceruledge, F|50/100
|switch|p2a: ERASERHEAD|Porygon2|100/100
|-ability|p2a: ERASERHEAD|Download|boost
|-boost|p2a: ERASERHEAD|atk|1
|
|upkeep
|turn|7
|
|t:|1758274137
|switch|p1a: Metal Wing|Skarmory, F|67/100
|move|p2a: ERASERHEAD|Trick Room|p2a: ERASERHEAD
|-fieldstart|move: Trick Room|[of] p2a: ERASERHEAD
|
|-heal|p1a: Metal Wing|73/100|[from] item: Leftovers
|upkeep
|turn|8
|
|t:|1758274181
|move|p2a: ERASERHEAD|Thunderbolt|p1a: Metal Wing
|-supereffective|p1a: Metal Wing
|-damage|p1a: Metal Wing|14/100
|move|p1a: Metal Wing|Whirlwind|p2a: ERASERHEAD
|drag|p2a: WILD AT HEART|Ursaluna, F|100/100
|
|-heal|p1a: Metal Wing|20/100|[from] item: Leftovers
|-status|p2a: WILD AT HEART|brn|[from] item: Flame Orb
|upkeep
|turn|9
|
|t:|1758274196
|switch|p1a: Broken Vessel|Sinistcha, shiny|100/100
|move|p2a: WILD AT HEART|Facade|p1a: Broken Vessel
|-immune|p1a: Broken Vessel
|
|-damage|p2a: WILD AT HEART|94/100 brn|[from] brn
|upkeep
|turn|10
|
|t:|1758274204
|switch|p2a: ERASERHEAD|Porygon2|100/100
|-ability|p2a: ERASERHEAD|Download|boost
|-boost|p2a: ERASERHEAD|spa|1
|move|p1a: Broken Vessel|Shadow Ball|p2a: ERASERHEAD
|-immune|p2a: ERASERHEAD
|
|upkeep
|turn|11
|
|t:|1758274220
|switch|p1a: Fat Body|Clodsire, M, shiny|100/100
|move|p2a: ERASERHEAD|Ice Beam|p1a: Fat Body
|-supereffective|p1a: Fat Body
|-damage|p1a: Fat Body|43/100
|
|-heal|p1a: Fat Body|49/100|[from] item: Leftovers
|-fieldend|move: Trick Room
|upkeep
|turn|12
|
|t:|1758274233
|-terastallize|p1a: Fat Body|Dark
|move|p2a: ERASERHEAD|Ice Beam|p1a: Fat Body
|-damage|p1a: Fat Body|18/100
|move|p1a: Fat Body|Stealth Rock|p2a: ERASERHEAD
|-sidestart|p2: pastagirl !!|move: Stealth Rock
|
|-heal|p1a: Fat Body|24/100|[from] item: Leftovers
|upkeep
|turn|13
|
|t:|1758274274
|move|p2a: ERASERHEAD|Ice Beam|p1a: Fat Body
|-damage|p1a: Fat Body|0 fnt
|faint|p1a: Fat Body
|
|upkeep
|
|t:|1758274280
|switch|p1a: Wide Shoulder|Conkeldurr, F, shiny|100/100
|turn|14
|
|t:|1758274310
|move|p1a: Wide Shoulder|Knock Off|p2a: ERASERHEAD
|-damage|p2a: ERASERHEAD|79/100
|-enditem|p2a: ERASERHEAD|Eviolite|[from] move: Knock Off|[of] p1a: Wide Shoulder
|move|p2a: ERASERHEAD|Trick Room|p2a: ERASERHEAD
|-fieldstart|move: Trick Room|[of] p2a: ERASERHEAD
|
|upkeep
|turn|15
|
|t:|1758274330
|switch|p2a: THE ELEPHANT MAN|Iron Hands|100/100
|-damage|p2a: THE ELEPHANT MAN|94/100|[from] Stealth Rock
|move|p1a: Wide Shoulder|Ice Punch|p2a: THE ELEPHANT MAN
|-damage|p2a: THE ELEPHANT MAN|80/100
|
|upkeep
|turn|16
|
|t:|1758274337
|switch|p1a: Broken Vessel|Sinistcha, shiny|100/100
|move|p2a: THE ELEPHANT MAN|Close Combat|p1a: Broken Vessel
|-immune|p1a: Broken Vessel
|
|upkeep
|turn|17
|
|t:|1758274343
|move|p2a: THE ELEPHANT MAN|Swords Dance|p2a: THE ELEPHANT MAN
|-boost|p2a: THE ELEPHANT MAN|atk|2
|move|p1a: Broken Vessel|Matcha Gotcha|p2a: THE ELEPHANT MAN
|-damage|p2a: THE ELEPHANT MAN|51/100
|
|upkeep
|turn|18
|
|t:|1758274348
|move|p2a: THE ELEPHANT MAN|Ice Punch|p1a: Broken Vessel
|-supereffective|p1a: Broken Vessel
|-damage|p1a: Broken Vessel|0 fnt
|faint|p1a: Broken Vessel
|-damage|p2a: THE ELEPHANT MAN|41/100|[from] item: Life Orb
|
|-fieldend|move: Trick Room
|upkeep
|
|t:|1758274361
|switch|p1a: Clean Edge|Ceruledge, F|50/100
|turn|19
|
|t:|1758274374
|move|p1a: Clean Edge|Bitter Blade|p2a: THE ELEPHANT MAN
|-damage|p2a: THE ELEPHANT MAN|18/100
|-heal|p1a: Clean Edge|67/100|[from] drain|[of] p2a: THE ELEPHANT MAN
|move|p2a: THE ELEPHANT MAN|Supercell Slam|p1a: Clean Edge
|-damage|p1a: Clean Edge|0 fnt
|faint|p1a: Clean Edge
|-damage|p2a: THE ELEPHANT MAN|8/100|[from] item: Life Orb
|
|upkeep
|
|t:|1758274383
|switch|p1a: Wide Shoulder|Conkeldurr, F, shiny|100/100
|turn|20
|
|t:|1758274392
|move|p1a: Wide Shoulder|Mach Punch|p2a: THE ELEPHANT MAN
|-damage|p2a: THE ELEPHANT MAN|0 fnt
|faint|p2a: THE ELEPHANT MAN
|-end|p2a: THE ELEPHANT MAN|Quark Drive|[silent]
|
|upkeep
|
|t:|1758274400
|switch|p2a: LOST HIGHWAY|Cresselia, F|100/100
|-damage|p2a: LOST HIGHWAY|88/100|[from] Stealth Rock
|turn|21
|
|t:|1758274404
|move|p1a: Wide Shoulder|Knock Off|p2a: LOST HIGHWAY
|-supereffective|p2a: LOST HIGHWAY
|-damage|p2a: LOST HIGHWAY|54/100
|-enditem|p2a: LOST HIGHWAY|Mental Herb|[from] move: Knock Off|[of] p1a: Wide Shoulder
|move|p2a: LOST HIGHWAY|Trick Room|p2a: LOST HIGHWAY
|-fieldstart|move: Trick Room|[of] p2a: LOST HIGHWAY
|
|upkeep
|turn|22
|
|t:|1758274409
|switch|p1a: Metal Wing|Skarmory, F|20/100
|move|p2a: LOST HIGHWAY|Lunar Dance|p2a: LOST HIGHWAY
|faint|p2a: LOST HIGHWAY
|
|-heal|p1a: Metal Wing|26/100|[from] item: Leftovers
|upkeep
|
|t:|1758274413
|switch|p2a: INLAND EMPIRE|Enamorus-Therian, F|34/100
|-heal|p2a: INLAND EMPIRE|100/100|[from] move: Healing Wish
|-heal|p2a: INLAND EMPIRE|100/100|[from] move: Lunar Dance
|-damage|p2a: INLAND EMPIRE|76/100|[from] Stealth Rock
|turn|23
|
|t:|1758274418
|-terastallize|p2a: INLAND EMPIRE|Fairy
|move|p2a: INLAND EMPIRE|Moonblast|p1a: Metal Wing
|-resisted|p1a: Metal Wing
|-damage|p1a: Metal Wing|0 fnt
|faint|p1a: Metal Wing
|-damage|p2a: INLAND EMPIRE|66/100|[from] item: Life Orb
|
|upkeep
|
|t:|1758274420
|switch|p1a: Wide Shoulder|Conkeldurr, F, shiny|100/100
|turn|24
|
|t:|1758274422
|move|p2a: INLAND EMPIRE|Moonblast|p1a: Wide Shoulder
|-supereffective|p1a: Wide Shoulder
|-damage|p1a: Wide Shoulder|0 fnt
|faint|p1a: Wide Shoulder
|-damage|p2a: INLAND EMPIRE|56/100|[from] item: Life Orb
|
|win|pastagirl !!
|raw|powerfull_rock's rating: 1686 &rarr; <strong>1665</strong><br />(-21 for losing)
|raw|pastagirl !!'s rating: 1666 &rarr; <strong>1687</strong><br />(+21 for winning)
|c|☆pastagirl !!|gg
|c|☆powerfull_rock|gg
|l|☆pastagirl !!
|player|p2|
|l|☆powerfull_rock
|player|p1|
