|j|☆SilverKnight3716
|j|☆katoluvsu
|t:|1758344650
|gametype|singles
|player|p1|SilverKnight3716|red-masters3|1248
|player|p2|katoluvsu|n|1223
|gen|9
|tier|[Gen 9] OU
|rated|
|rule|HP Percentage Mod: HP is shown in percentages
|rule|Endless Battle Clause: Forcing endless battles is banned
|rule|Species Clause: Limit one of each Pokémon
|rule|OHKO Clause: OHKO moves are banned
|rule|Evasion Items Clause: Evasion items are banned
|rule|Evasion Moves Clause: Evasion moves are banned
|rule|Evasion Abilities Clause: Evasion abilities are banned
|rule|Sleep Moves Clause: Sleep-inducing moves are banned
|clearpoke
|poke|p1|Great Tusk|
|poke|p1|Darkrai|
|poke|p1|Zamazenta-*|
|poke|p1|Heatran, M|
|poke|p1|Iron Valiant|
|poke|p1|Iron Moth|
|poke|p2|Hawlucha, F|
|poke|p2|Rillaboom, M|
|poke|p2|Comfey, M|
|poke|p2|Gallade, M|
|poke|p2|Kleavor, M|
|poke|p2|Iron Treads|
|teampreview
|inactive|Battle timer is ON: inactive players will automatically lose when time's up. (requested by katoluvsu)
|
|t:|1758344658
|teamsize|p1|6
|teamsize|p2|6
|start
|switch|p1a: Taxman|Darkrai, shiny|100/100
|switch|p2a: lucy bedroque|Rillaboom, M, shiny|100/100
|-fieldstart|move: Grassy Terrain|[from] ability: Grassy Surge|[of] p2a: lucy bedroque
|turn|1
|
|t:|1758344665
|move|p1a: Taxman|Thunder Wave|p2a: lucy bedroque
|-status|p2a: lucy bedroque|par
|cant|p2a: lucy bedroque|par
|
|upkeep
|turn|2
|
|t:|1758344670
|move|p1a: Taxman|Ice Beam|p2a: lucy bedroque
|-supereffective|p2a: lucy bedroque
|-damage|p2a: lucy bedroque|14/100 par
|move|p2a: lucy bedroque|U-turn|p1a: Taxman
|-supereffective|p1a: Taxman
|-damage|p1a: Taxman|9/100
|
|t:|1758344683
|switch|p2a: damon rush|Kleavor, M, shiny|100/100|[from] U-turn
|
|-heal|p1a: Taxman|15/100|[from] Grassy Terrain
|upkeep
|turn|3
|
|t:|1758344688
|move|p1a: Taxman|Thunder Wave|p2a: damon rush
|-status|p2a: damon rush|par
|move|p2a: damon rush|Fury Cutter|p1a: Taxman
|-supereffective|p1a: Taxman
|-damage|p1a: Taxman|0 fnt
|faint|p1a: Taxman
|
|upkeep
|
|t:|1758344702
|switch|p1a: Tusked|Great Tusk, shiny|100/100
|turn|4
|
|t:|1758344707
|-terastallize|p2a: damon rush|Ghost
|move|p1a: Tusked|Rapid Spin|p2a: damon rush
|-immune|p2a: damon rush
|move|p2a: damon rush|Fury Cutter|p1a: Tusked
|-resisted|p1a: Tusked
|-damage|p1a: Tusked|77/100
|
|-heal|p1a: Tusked|84/100|[from] Grassy Terrain
|upkeep
|turn|5
|
|t:|1758344717
|move|p1a: Tusked|Knock Off|p2a: damon rush
|-supereffective|p2a: damon rush
|-damage|p2a: damon rush|0 fnt
|-enditem|p2a: damon rush|Metronome|[from] move: Knock Off|[of] p1a: Tusked
|faint|p2a: damon rush
|
|-heal|p1a: Tusked|90/100|[from] Grassy Terrain
|-fieldend|move: Grassy Terrain
|upkeep
|
|t:|1758344723
|switch|p2a: lucy bedroque|Rillaboom, M, shiny|14/100 par
|-fieldstart|move: Grassy Terrain|[from] ability: Grassy Surge|[of] p2a: lucy bedroque
|turn|6
|
|t:|1758344732
|switch|p2a: feng|Comfey, M, shiny|100/100
|-terastallize|p1a: Tusked|Steel
|move|p1a: Tusked|Rapid Spin|p2a: feng
|-damage|p2a: feng|73/100
|-boost|p1a: Tusked|spe|1
|
|-heal|p2a: feng|79/100|[from] Grassy Terrain
|-heal|p1a: Tusked|96/100|[from] Grassy Terrain
|upkeep
|turn|7
|
|t:|1758344741
|switch|p2a: fakemink|Hawlucha, F, shiny|100/100
|-enditem|p2a: fakemink|Grassy Seed
|-boost|p2a: fakemink|def|1|[from] item: Grassy Seed
|move|p1a: Tusked|Rapid Spin|p2a: fakemink
|-damage|p2a: fakemink|83/100
|-boost|p1a: Tusked|spe|1
|
|-heal|p1a: Tusked|100/100|[from] Grassy Terrain
|upkeep
|turn|8
|
|t:|1758344752
|move|p2a: fakemink|Swords Dance|p2a: fakemink
|-boost|p2a: fakemink|atk|2
|move|p1a: Tusked|Ice Spinner|p2a: fakemink
|-supereffective|p2a: fakemink
|-damage|p2a: fakemink|23/100
|-fieldend|move: Grassy Terrain
|
|upkeep
|turn|9
|
|t:|1758344758
|move|p2a: fakemink|Drain Punch|p1a: Tusked
|-supereffective|p1a: Tusked
|-damage|p1a: Tusked|21/100
|-heal|p2a: fakemink|73/100|[from] drain|[of] p1a: Tusked
|move|p1a: Tusked|Ice Spinner|p2a: fakemink
|-supereffective|p2a: fakemink
|-damage|p2a: fakemink|12/100
|
|upkeep
|turn|10
|
|t:|1758344765
|move|p2a: fakemink|Drain Punch|p1a: Tusked
|-supereffective|p1a: Tusked
|-damage|p1a: Tusked|0 fnt
|-heal|p2a: fakemink|25/100|[from] drain|[of] p1a: Tusked
|faint|p1a: Tusked
|-end|p1a: Tusked|Protosynthesis|[silent]
|
|upkeep
|
|t:|1758344782
|switch|p1a: Silver|Iron Valiant, shiny|100/100
|-enditem|p1a: Silver|Booster Energy
|-activate|p1a: Silver|ability: Quark Drive|[fromitem]
|-start|p1a: Silver|quarkdrivespe
|turn|11
|
|t:|1758344790
|move|p2a: fakemink|Acrobatics|p1a: Silver
|-supereffective|p1a: Silver
|-damage|p1a: Silver|0 fnt
|faint|p1a: Silver
|-end|p1a: Silver|Quark Drive|[silent]
|
|upkeep
|
|t:|1758344802
|switch|p1a: Mothra|Iron Moth, shiny|100/100
|-enditem|p1a: Mothra|Booster Energy
|-activate|p1a: Mothra|ability: Quark Drive|[fromitem]
|-start|p1a: Mothra|quarkdrivespa
|turn|12
|
|t:|1758344811
|move|p2a: fakemink|Acrobatics|p1a: Mothra
|-damage|p1a: Mothra|0 fnt
|faint|p1a: Mothra
|-end|p1a: Mothra|Quark Drive|[silent]
|
|upkeep
|
|t:|1758344814
|switch|p1a: Smoker|Heatran, M, shiny|100/100
|-item|p1a: Smoker|Air Balloon
|turn|13
|
|t:|1758344820
|move|p2a: fakemink|Close Combat|p1a: Smoker
|-supereffective|p1a: Smoker
|-damage|p1a: Smoker|0 fnt
|-unboost|p2a: fakemink|def|1
|-unboost|p2a: fakemink|spd|1
|-enditem|p1a: Smoker|Air Balloon
|faint|p1a: Smoker
|
|upkeep
|
|t:|1758344823
|switch|p1a: Shield|Zamazenta, shiny|100/100
|-ability|p1a: Shield|Dauntless Shield|boost
|-boost|p1a: Shield|def|1
|turn|14
|
|t:|1758344827
|move|p2a: fakemink|Acrobatics|p1a: Shield
|-supereffective|p1a: Shield
|-damage|p1a: Shield|0 fnt
|faint|p1a: Shield
|
|win|katoluvsu
|raw|SilverKnight3716's rating: 1248 &rarr; <strong>1221</strong><br />(-27 for losing)
|raw|katoluvsu's rating: 1223 &rarr; <strong>1250</strong><br />(+27 for winning)
|l|☆SilverKnight3716
|player|p1|
|l|☆katoluvsu
|player|p2|
