|j|☆lilaqueenofthe7k
|j|☆venjazanzhes123
|t:|1758379133
|gametype|singles
|player|p1|lilaqueenofthe7k|elesa|1389
|player|p2|venjazanzhes123|blue|1427
|gen|9
|tier|[Gen 9] OU
|rated|
|rule|HP Percentage Mod: HP is shown in percentages
|rule|Endless Battle Clause: Forcing endless battles is banned
|rule|Species Clause: Limit one of each Pokémon
|rule|OHKO Clause: OHKO moves are banned
|rule|Evasion Items Clause: Evasion items are banned
|rule|Evasion Moves Clause: Evasion moves are banned
|rule|Evasion Abilities Clause: Evasion abilities are banned
|rule|Sleep Moves Clause: Sleep-inducing moves are banned
|clearpoke
|poke|p1|Torkoal, M|
|poke|p1|Walking Wake|
|poke|p1|Cinderace, F|
|poke|p1|Great Tusk|
|poke|p1|Hatterene, F|
|poke|p1|Rillaboom, M|
|poke|p2|Gyarados, M|
|poke|p2|Gliscor, M|
|poke|p2|Gastrodon, M|
|poke|p2|Garchomp, M|
|poke|p2|Metagross|
|poke|p2|Weavile, M|
|teampreview
|
|t:|1758379165
|teamsize|p1|6
|teamsize|p2|6
|start
|switch|p1a: Torkoal|Torkoal, M|100/100
|switch|p2a: Gastrodon|Gastrodon, M|100/100
|-weather|SunnyDay|[from] ability: Drought|[of] p1a: Torkoal
|turn|1
|
|t:|1758379177
|move|p2a: Gastrodon|Earth Power|p1a: Torkoal
|-supereffective|p1a: Torkoal
|-damage|p1a: Torkoal|24/100
|-unboost|p1a: Torkoal|spd|1
|move|p1a: Torkoal|Stealth Rock|p2a: Gastrodon
|-sidestart|p2: venjazanzhes123|move: Stealth Rock
|
|-weather|SunnyDay|[upkeep]
|upkeep
|turn|2
|
|t:|1758379213
|switch|p1a: Rillaboom|Rillaboom, M|100/100
|-fieldstart|move: Grassy Terrain|[from] ability: Grassy Surge|[of] p1a: Rillaboom
|move|p2a: Gastrodon|Earth Power|p1a: Rillaboom
|-resisted|p1a: Rillaboom
|-damage|p1a: Rillaboom|81/100
|
|-weather|SunnyDay|[upkeep]
|-heal|p1a: Rillaboom|87/100|[from] Grassy Terrain
|upkeep
|turn|3
|
|t:|1758379266
|switch|p2a: Garchomp|Garchomp, M|100/100
|-damage|p2a: Garchomp|94/100|[from] Stealth Rock
|move|p1a: Rillaboom|Wood Hammer|p2a: Garchomp
|-damage|p2a: Garchomp|11/100
|-damage|p1a: Rillaboom|75/100|[from] ability: Rough Skin|[of] p2a: Garchomp
|-damage|p1a: Rillaboom|59/100|[from] item: Rocky Helmet|[of] p2a: Garchomp
|-damage|p1a: Rillaboom|25/100|[from] Recoil
|
|-weather|SunnyDay|[upkeep]
|-heal|p1a: Rillaboom|31/100|[from] Grassy Terrain
|-heal|p2a: Garchomp|17/100|[from] Grassy Terrain
|upkeep
|turn|4
|
|t:|1758379293
|switch|p1a: Hatterene|Hatterene, F|100/100
|move|p2a: Garchomp|Stealth Rock|p1a: Hatterene
|move|p1a: Hatterene|Stealth Rock||[from] ability: Magic Bounce|[still]
|-fail|p1a: Hatterene
|
|-weather|SunnyDay|[upkeep]
|-heal|p2a: Garchomp|24/100|[from] Grassy Terrain
|upkeep
|turn|5
|
|t:|1758379308
|move|p2a: Garchomp|Earthquake|p1a: Hatterene
|-damage|p1a: Hatterene|83/100
|-enditem|p1a: Hatterene|Eject Button
|
|t:|1758379319
|switch|p1a: Cinderace|Cinderace, F|100/100
|
|-weather|SunnyDay|[upkeep]
|-heal|p2a: Garchomp|30/100|[from] Grassy Terrain
|upkeep
|turn|6
|
|t:|1758379330
|move|p1a: Cinderace|Pyro Ball|p2a: Garchomp|[miss]
|-miss|p1a: Cinderace|p2a: Garchomp
|move|p2a: Garchomp|Stealth Rock|p1a: Cinderace
|-sidestart|p1: lilaqueenofthe7k|move: Stealth Rock
|
|-weather|SunnyDay|[upkeep]
|-heal|p2a: Garchomp|36/100|[from] Grassy Terrain
|-fieldend|move: Grassy Terrain
|upkeep
|turn|7
|
|t:|1758379334
|move|p1a: Cinderace|Pyro Ball|p2a: Garchomp
|-resisted|p2a: Garchomp
|-damage|p2a: Garchomp|8/100
|move|p2a: Garchomp|Earthquake|p1a: Cinderace
|-supereffective|p1a: Cinderace
|-damage|p1a: Cinderace|0 fnt
|faint|p1a: Cinderace
|
|-weather|SunnyDay|[upkeep]
|upkeep
|
|t:|1758379340
|switch|p1a: Walking Wake|Walking Wake|100/100
|-damage|p1a: Walking Wake|88/100|[from] Stealth Rock
|-activate|p1a: Walking Wake|ability: Protosynthesis
|-start|p1a: Walking Wake|protosynthesisspe
|turn|8
|
|t:|1758379343
|move|p1a: Walking Wake|Flip Turn|p2a: Garchomp
|-damage|p2a: Garchomp|3/100
|-damage|p1a: Walking Wake|76/100|[from] ability: Rough Skin|[of] p2a: Garchomp
|-damage|p1a: Walking Wake|59/100|[from] item: Rocky Helmet|[of] p2a: Garchomp
|
|t:|1758379348
|-end|p1a: Walking Wake|Protosynthesis|[silent]
|switch|p1a: Hatterene|Hatterene, F|83/100|[from] Flip Turn
|-damage|p1a: Hatterene|71/100|[from] Stealth Rock
|move|p2a: Garchomp|Dragon Tail|p1a: Hatterene
|-immune|p1a: Hatterene
|
|-weather|none
|upkeep
|turn|9
|
|t:|1758379351
|move|p2a: Garchomp|Earthquake|p1a: Hatterene
|-damage|p1a: Hatterene|35/100
|move|p1a: Hatterene|Draining Kiss|p2a: Garchomp
|-supereffective|p2a: Garchomp
|-damage|p2a: Garchomp|0 fnt
|-heal|p1a: Hatterene|38/100|[from] drain|[of] p2a: Garchomp
|-damage|p1a: Hatterene|25/100|[from] ability: Rough Skin|[of] p2a: Garchomp
|-damage|p1a: Hatterene|9/100|[from] item: Rocky Helmet|[of] p2a: Garchomp
|faint|p2a: Garchomp
|
|upkeep
|
|t:|1758379356
|switch|p2a: Weavile|Weavile, M|100/100
|-damage|p2a: Weavile|76/100|[from] Stealth Rock
|-ability|p2a: Weavile|Pressure
|turn|10
|c|☆lilaqueenofthe7k|AYO
|
|t:|1758379363
|move|p2a: Weavile|Knock Off|p1a: Hatterene
|-damage|p1a: Hatterene|0 fnt
|faint|p1a: Hatterene
|
|upkeep
|
|t:|1758379366
|switch|p1a: Torkoal|Torkoal, M|24/100
|-damage|p1a: Torkoal|0 fnt|[from] Stealth Rock
|faint|p1a: Torkoal
|-message|lilaqueenofthe7k forfeited.
|
|win|venjazanzhes123
|raw|lilaqueenofthe7k's rating: 1389 &rarr; <strong>1370</strong><br />(-19 for losing)
|raw|venjazanzhes123's rating: 1409 &rarr; <strong>1428</strong><br />(+19 for winning)
|l|☆lilaqueenofthe7k
|player|p1|
|l|☆venjazanzhes123
|player|p2|
