|j|☆yzl123
|j|☆omnomapuss
|t:|1758355677
|gametype|singles
|player|p1|yzl123|unknown|1442
|player|p2|omnomapuss|crasherwake|1478
|gen|9
|tier|[Gen 9] OU
|rated|
|rule|HP Percentage Mod: HP is shown in percentages
|rule|Endless Battle Clause: Forcing endless battles is banned
|rule|Species Clause: Limit one of each Pokémon
|rule|OHKO Clause: OHKO moves are banned
|rule|Evasion Items Clause: Evasion items are banned
|rule|Evasion Moves Clause: Evasion moves are banned
|rule|Evasion Abilities Clause: Evasion abilities are banned
|rule|Sleep Moves Clause: Sleep-inducing moves are banned
|clearpoke
|poke|p1|Ditto|
|poke|p1|Heatran, F|
|poke|p1|Pecharunt|
|poke|p1|Noivern, M|
|poke|p1|Bronzong|
|poke|p1|Thundurus-Therian, M|
|poke|p2|Primarina, M|
|poke|p2|Dragapult, M|
|poke|p2|Scizor, M|
|poke|p2|Great Tusk|
|poke|p2|Zapdos|
|poke|p2|Slowking-Galar, M|
|teampreview
|inactive|Battle timer is ON: inactive players will automatically lose when time's up. (requested by yzl123)
|
|t:|1758355684
|teamsize|p1|6
|teamsize|p2|6
|start
|switch|p1a: Thundurus|Thundurus-Therian, M, shiny|100/100
|switch|p2a: Scizor|Scizor, M|100/100
|turn|1
|
|t:|1758355687
|move|p1a: Thundurus|Volt Switch|p2a: Scizor
|-damage|p2a: Scizor|51/100
|
|t:|1758355691
|switch|p1a: Heatran|Heatran, F|100/100|[from] Volt Switch
|move|p2a: Scizor|Knock Off|p1a: Heatran
|-damage|p1a: Heatran|40/100
|-enditem|p1a: Heatran|Choice Scarf|[from] move: Knock Off|[of] p2a: Scizor
|
|upkeep
|turn|2
|
|t:|1758355695
|switch|p2a: Slowking|Slowking-Galar, M|100/100
|move|p1a: Heatran|Fire Blast|p2a: Slowking
|-damage|p2a: Slowking|69/100
|
|upkeep
|turn|3
|
|t:|1758355698
|move|p1a: Heatran|Earth Power|p2a: Slowking
|-supereffective|p2a: Slowking
|-damage|p2a: Slowking|32/100
|-prepare|p2a: Slowking|Chilly Reception|[premajor]
|move|p2a: Slowking|Chilly Reception|p2a: Slowking
|-weather|Snowscape
|
|t:|1758355700
|switch|p2a: Dragapult|Dragapult, M|100/100|[from] Chilly Reception
|
|-weather|Snowscape|[upkeep]
|upkeep
|turn|4
|
|t:|1758355705
|-terastallize|p2a: Dragapult|Ghost
|move|p2a: Dragapult|Tera Blast|p1a: Heatran|[anim] Tera Blast Ghost
|-damage|p1a: Heatran|0 fnt
|faint|p1a: Heatran
|
|-weather|Snowscape|[upkeep]
|upkeep
|
|t:|1758355708
|switch|p1a: Ditto|Ditto, shiny|100/100
|-transform|p1a: Ditto|p2a: Dragapult|[from] ability: Imposter
|-start|p1a: Ditto|typechange|Dragon/Ghost|[silent]
|turn|5
|
|t:|1758355715
|switch|p2a: Slowking|Slowking-Galar, M|65/100
|move|p1a: Ditto|U-turn|p2a: Slowking
|-damage|p2a: Slowking|40/100
|
|t:|1758355719
|switch|p1a: Pecharunt|Pecharunt|100/100|[from] U-turn
|
|-weather|Snowscape|[upkeep]
|upkeep
|turn|6
|inactive|omnomapuss has 120 seconds left.
|
|t:|1758355755
|switch|p2a: Primarina|Primarina, M|100/100
|move|p1a: Pecharunt|Shadow Ball|p2a: Primarina
|-damage|p2a: Primarina|82/100
|
|-weather|Snowscape|[upkeep]
|upkeep
|turn|7
|
|t:|1758355775
|switch|p1a: Thundurus|Thundurus-Therian, M, shiny|100/100
|switch|p2a: Scizor|Scizor, M|51/100
|
|-weather|none
|upkeep
|turn|8
|inactive|omnomapuss has 120 seconds left.
|
|t:|1758355810
|switch|p2a: Zapdos|Zapdos|100/100
|move|p1a: Thundurus|Thunderbolt|p2a: Zapdos
|-damage|p2a: Zapdos|55/100
|
|upkeep
|turn|9
|
|t:|1758355827
|move|p1a: Thundurus|Thunderbolt|p2a: Zapdos
|-damage|p2a: Zapdos|2/100
|move|p2a: Zapdos|U-turn|p1a: Thundurus
|-resisted|p1a: Thundurus
|-damage|p1a: Thundurus|90/100
|inactive|omnomapuss has 90 seconds left.
|
|t:|1758355863
|switch|p2a: Slowking|Slowking-Galar, M|73/100|[from] U-turn
|
|upkeep
|turn|10
|
|t:|1758355866
|move|p1a: Thundurus|Volt Switch|p2a: Slowking
|-damage|p2a: Slowking|50/100
|
|t:|1758355872
|switch|p1a: Bronzong|Bronzong, shiny|100/100|[from] Volt Switch
|move|p2a: Slowking|Future Sight|p1a: Bronzong
|-start|p2a: Slowking|move: Future Sight
|
|upkeep
|turn|11
|
|t:|1758355879
|move|p1a: Bronzong|Stealth Rock|p2a: Slowking
|-sidestart|p2: omnomapuss|move: Stealth Rock
|-prepare|p2a: Slowking|Chilly Reception|[premajor]
|move|p2a: Slowking|Chilly Reception|p2a: Slowking
|-weather|Snowscape
|
|t:|1758355881
|switch|p2a: Dragapult|Dragapult, M, tera:Ghost|100/100|[from] Chilly Reception
|-damage|p2a: Dragapult|88/100|[from] Stealth Rock
|
|-weather|Snowscape|[upkeep]
|upkeep
|turn|12
|
|t:|1758355888
|move|p2a: Dragapult|Tera Blast|p1a: Bronzong|[anim] Tera Blast Ghost
|-supereffective|p1a: Bronzong
|-damage|p1a: Bronzong|0 fnt
|faint|p1a: Bronzong
|
|-weather|Snowscape|[upkeep]
|-hint|Future Sight did not hit because the target is fainted.
|upkeep
|
|t:|1758355902
|switch|p1a: Ditto|Ditto, shiny|100/100
|-transform|p1a: Ditto|p2a: Dragapult|[from] ability: Imposter
|turn|13
|inactive|omnomapuss has 120 seconds left.
|
|t:|1758355924
|switch|p2a: Zapdos|Zapdos|2/100
|move|p1a: Ditto|Dragon Darts|p2a: Zapdos
|-damage|p2a: Zapdos|0 fnt
|faint|p2a: Zapdos
|
|-weather|Snowscape|[upkeep]
|upkeep
|
|t:|1758355926
|switch|p2a: Primarina|Primarina, M|82/100
|-damage|p2a: Primarina|69/100|[from] Stealth Rock
|turn|14
|
|t:|1758355938
|switch|p1a: Thundurus|Thundurus-Therian, M, shiny|90/100
|move|p2a: Primarina|Flip Turn|p1a: Thundurus
|-damage|p1a: Thundurus|68/100
|
|t:|1758355944
|switch|p2a: Dragapult|Dragapult, M, tera:Ghost|88/100|[from] Flip Turn
|-damage|p2a: Dragapult|76/100|[from] Stealth Rock
|
|-weather|Snowscape|[upkeep]
|upkeep
|turn|15
|
|t:|1758355956
|move|p2a: Dragapult|Tera Blast|p1a: Thundurus|[anim] Tera Blast Ghost
|-crit|p1a: Thundurus
|-damage|p1a: Thundurus|0 fnt
|faint|p1a: Thundurus
|
|-weather|none
|upkeep
|
|t:|1758355958
|switch|p1a: Noivern|Noivern, M, shiny|100/100
|turn|16
|
|t:|1758355964
|switch|p2a: Slowking|Slowking-Galar, M|83/100
|move|p1a: Noivern|Hurricane|p2a: Slowking|[miss]
|-miss|p1a: Noivern|p2a: Slowking
|
|upkeep
|turn|17
|
|t:|1758355972
|move|p1a: Noivern|Hurricane|p2a: Slowking
|-damage|p2a: Slowking|59/100
|-start|p2a: Slowking|confusion
|-activate|p2a: Slowking|confusion
|move|p2a: Slowking|Thunder Wave|p1a: Noivern
|-status|p1a: Noivern|par
|
|upkeep
|turn|18
|
|t:|1758355987
|move|p1a: Noivern|Hurricane|p2a: Slowking
|-damage|p2a: Slowking|35/100
|-prepare|p2a: Slowking|Chilly Reception|[premajor]
|-activate|p2a: Slowking|confusion
|move|p2a: Slowking|Chilly Reception|p2a: Slowking
|-weather|Snowscape
|
|t:|1758355994
|switch|p2a: Dragapult|Dragapult, M, tera:Ghost|76/100|[from] Chilly Reception
|-damage|p2a: Dragapult|64/100|[from] Stealth Rock
|
|-weather|Snowscape|[upkeep]
|upkeep
|turn|19
|
|t:|1758355996
|move|p2a: Dragapult|Dragon Darts|p1a: Noivern
|-supereffective|p1a: Noivern
|-damage|p1a: Noivern|17/100 par
|-anim|p2a: Dragapult|Dragon Darts|p1a: Noivern
|-supereffective|p1a: Noivern
|-damage|p1a: Noivern|0 fnt
|faint|p1a: Noivern
|
|-weather|Snowscape|[upkeep]
|upkeep
|
|t:|1758355998
|switch|p1a: Pecharunt|Pecharunt|100/100
|turn|20
|inactive|omnomapuss has 120 seconds left.
|
|t:|1758356029
|switch|p2a: Slowking|Slowking-Galar, M|68/100
|move|p1a: Pecharunt|Nasty Plot|p1a: Pecharunt
|-boost|p1a: Pecharunt|spa|2
|
|-weather|Snowscape|[upkeep]
|upkeep
|turn|21
|
|t:|1758356032
|move|p1a: Pecharunt|Shadow Ball|p2a: Slowking
|-supereffective|p2a: Slowking
|-damage|p2a: Slowking|2/100
|move|p2a: Slowking|Future Sight|p1a: Pecharunt
|-start|p2a: Slowking|move: Future Sight
|
|-weather|Snowscape|[upkeep]
|upkeep
|turn|22
|
|t:|1758356040
|move|p1a: Pecharunt|Shadow Ball|p2a: Slowking
|-supereffective|p2a: Slowking
|-damage|p2a: Slowking|0 fnt
|faint|p2a: Slowking
|
|-weather|none
|upkeep
|
|t:|1758356043
|switch|p2a: Dragapult|Dragapult, M, tera:Ghost|64/100
|-damage|p2a: Dragapult|51/100|[from] Stealth Rock
|turn|23
|
|t:|1758356050
|-terastallize|p1a: Pecharunt|Fairy
|move|p2a: Dragapult|Tera Blast|p1a: Pecharunt|[anim] Tera Blast Ghost
|-damage|p1a: Pecharunt|46/100
|move|p1a: Pecharunt|Shadow Ball|p2a: Dragapult
|-supereffective|p2a: Dragapult
|-damage|p2a: Dragapult|0 fnt
|faint|p2a: Dragapult
|
|-end|p1a: Pecharunt|move: Future Sight
|-damage|p1a: Pecharunt|0 fnt
|faint|p1a: Pecharunt
|upkeep
|
|t:|1758356056
|switch|p2a: Primarina|Primarina, M|69/100
|switch|p1a: Ditto|Ditto, shiny|100/100
|-damage|p2a: Primarina|57/100|[from] Stealth Rock
|-transform|p1a: Ditto|p2a: Primarina|[from] ability: Imposter
|turn|24
|
|t:|1758356063
|move|p1a: Ditto|Surf|p2a: Primarina
|-resisted|p2a: Primarina
|-damage|p2a: Primarina|42/100
|move|p2a: Primarina|Moonblast|p1a: Ditto
|-damage|p1a: Ditto|51/100
|-unboost|p1a: Ditto|spa|1
|
|upkeep
|turn|25
|
|t:|1758356066
|move|p1a: Ditto|Surf|p2a: Primarina
|-resisted|p2a: Primarina
|-damage|p2a: Primarina|31/100
|move|p2a: Primarina|Moonblast|p1a: Ditto
|-damage|p1a: Ditto|0 fnt
|faint|p1a: Ditto
|
|win|omnomapuss
|raw|yzl123's rating: 1442 &rarr; <strong>1424</strong><br />(-18 for losing)
|raw|omnomapuss's rating: 1478 &rarr; <strong>1496</strong><br />(+18 for winning)
|l|☆yzl123
|player|p1|
|l|☆omnomapuss
|player|p2|
