|j|☆harbingerxxcxx
|j|☆waterdrinker48
|t:|1758331021
|gametype|singles
|player|p1|harbingerxxcxx|richboy-gen4|1101
|player|p2|waterdrinker48|miku-ghost|1163
|gen|9
|tier|[Gen 9] OU
|rated|
|rule|HP Percentage Mod: HP is shown in percentages
|rule|Endless Battle Clause: Forcing endless battles is banned
|rule|Species Clause: Limit one of each Pokémon
|rule|OHKO Clause: OHKO moves are banned
|rule|Evasion Items Clause: Evasion items are banned
|rule|Evasion Moves Clause: Evasion moves are banned
|rule|Evasion Abilities Clause: Evasion abilities are banned
|rule|Sleep Moves Clause: Sleep-inducing moves are banned
|clearpoke
|poke|p1|Hydrapple, M|
|poke|p1|Ceruledge, M|
|poke|p1|Zarude-Dada|
|poke|p1|Araquanid, M|
|poke|p1|Kingambit, M|
|poke|p1|Mimikyu, M|
|poke|p2|Gyarados, M|
|poke|p2|Great Tusk|
|poke|p2|Ting-Lu|
|poke|p2|Pecharunt|
|poke|p2|Iron Moth|
|poke|p2|Primarina, M|
|teampreview
|inactive|Battle timer is ON: inactive players will automatically lose when time's up. (requested by waterdrinker48)
|inactive|harbingerxxcxx also wants the timer to be on.
|inactive|harbingerxxcxx has 120 seconds left.
|
|t:|1758331056
|teamsize|p1|6
|teamsize|p2|6
|start
|switch|p1a: Hydrapple|Hydrapple, M|100/100
|switch|p2a: Primarina|Primarina, M|100/100
|turn|1
|
|t:|1758331067
|switch|p1a: Ceruledge|Ceruledge, M|100/100
|move|p2a: Primarina|Flip Turn|p1a: Ceruledge
|-supereffective|p1a: Ceruledge
|-damage|p1a: Ceruledge|63/100
|-ability|p1a: Ceruledge|Weak Armor|boost
|-unboost|p1a: Ceruledge|def|1
|-boost|p1a: Ceruledge|spe|2
|
|t:|1758331082
|switch|p2a: Gyarados|Gyarados, M|100/100|[from] Flip Turn
|-ability|p2a: Gyarados|Intimidate|boost
|-unboost|p1a: Ceruledge|atk|1
|
|upkeep
|turn|2
|
|t:|1758331093
|switch|p1a: Zarude|Zarude-Dada|100/100
|move|p2a: Gyarados|Earthquake|p1a: Zarude
|-resisted|p1a: Zarude
|-damage|p1a: Zarude|87/100
|
|upkeep
|turn|3
|
|t:|1758331100
|switch|p2a: Pecharunt|Pecharunt|100/100
|-item|p2a: Pecharunt|Air Balloon
|move|p1a: Zarude|Knock Off|p2a: Pecharunt
|-supereffective|p2a: Pecharunt
|-damage|p2a: Pecharunt|51/100
|-enditem|p2a: Pecharunt|Air Balloon
|
|upkeep
|turn|4
|
|t:|1758331115
|move|p1a: Zarude|Knock Off|p2a: Pecharunt
|-supereffective|p2a: Pecharunt
|-damage|p2a: Pecharunt|18/100
|move|p2a: Pecharunt|Malignant Chain|p1a: Zarude
|-supereffective|p1a: Zarude
|-damage|p1a: Zarude|51/100
|-status|p1a: Zarude|tox
|-start|p1a: Zarude|confusion|[from] ability: Poison Puppeteer|[of] p2a: Pecharunt
|
|-damage|p1a: Zarude|45/100 tox|[from] psn
|upkeep
|turn|5
|
|t:|1758331118
|-activate|p1a: Zarude|confusion
|move|p1a: Zarude|Knock Off|p2a: Pecharunt
|-supereffective|p2a: Pecharunt
|-damage|p2a: Pecharunt|0 fnt
|faint|p2a: Pecharunt
|
|-damage|p1a: Zarude|33/100 tox|[from] psn
|upkeep
|
|t:|1758331121
|switch|p2a: Iron Moth|Iron Moth|100/100
|turn|6
|
|t:|1758331128
|move|p2a: Iron Moth|U-turn|p1a: Zarude
|-supereffective|p1a: Zarude
|-damage|p1a: Zarude|1/100 tox
|
|t:|1758331133
|-end|p2a: Iron Moth|Quark Drive|[silent]
|switch|p2a: Gyarados|Gyarados, M|100/100|[from] U-turn
|-ability|p2a: Gyarados|Intimidate|boost
|-unboost|p1a: Zarude|atk|1
|-activate|p1a: Zarude|confusion
|move|p1a: Zarude|Double-Edge|p2a: Gyarados
|-damage|p2a: Gyarados|62/100
|-damage|p1a: Zarude|0 fnt|[from] Recoil
|faint|p1a: Zarude
|
|upkeep
|
|t:|1758331143
|switch|p1a: Hydrapple|Hydrapple, M|100/100
|turn|7
|
|t:|1758331150
|switch|p2a: Iron Moth|Iron Moth|100/100
|move|p1a: Hydrapple|Dragon Tail|p2a: Iron Moth
|-damage|p2a: Iron Moth|71/100
|-end|p2a: Iron Moth|Quark Drive|[silent]
|drag|p2a: Ting-Lu|Ting-Lu|100/100
|-ability|p2a: Ting-Lu|Vessel of Ruin
|
|upkeep
|turn|8
|
|t:|1758331157
|move|p2a: Ting-Lu|Ruination|p1a: Hydrapple
|-damage|p1a: Hydrapple|50/100
|move|p1a: Hydrapple|Dragon Tail|p2a: Ting-Lu
|-damage|p2a: Ting-Lu|93/100
|drag|p2a: Primarina|Primarina, M|100/100
|
|-heal|p1a: Hydrapple|57/100|[from] item: Leftovers
|upkeep
|turn|9
|
|t:|1758331162
|move|p2a: Primarina|Moonblast|p1a: Hydrapple
|-supereffective|p1a: Hydrapple
|-damage|p1a: Hydrapple|0 fnt
|faint|p1a: Hydrapple
|
|upkeep
|
|t:|1758331165
|switch|p1a: Araquanid|Araquanid, M|100/100
|turn|10
|
|t:|1758331176
|move|p2a: Primarina|Moonblast|p1a: Araquanid
|-damage|p1a: Araquanid|40/100
|move|p1a: Araquanid|Infestation|p2a: Primarina
|-resisted|p2a: Primarina
|-damage|p2a: Primarina|99/100
|-activate|p2a: Primarina|move: Infestation|[of] p1a: Araquanid
|
|-damage|p2a: Primarina|86/100|[from] move: Infestation|[partiallytrapped]
|upkeep
|turn|11
|
|t:|1758331180
|move|p2a: Primarina|Moonblast|p1a: Araquanid
|-damage|p1a: Araquanid|0 fnt
|faint|p1a: Araquanid
|
|-end|p2a: Primarina|Infestation|[partiallytrapped]|[silent]
|upkeep
|
|t:|1758331184
|switch|p1a: Mimikyu|Mimikyu, M, shiny|100/100
|turn|12
|
|t:|1758331189
|switch|p2a: Gyarados|Gyarados, M|62/100
|-ability|p2a: Gyarados|Intimidate|boost
|-unboost|p1a: Mimikyu|atk|1
|move|p1a: Mimikyu|Swords Dance|p1a: Mimikyu
|-boost|p1a: Mimikyu|atk|2
|
|upkeep
|turn|13
|
|t:|1758331195
|move|p1a: Mimikyu|Play Rough|p2a: Gyarados
|-damage|p2a: Gyarados|0 fnt
|faint|p2a: Gyarados
|
|upkeep
|
|t:|1758331203
|switch|p2a: Great Tusk|Great Tusk|100/100
|turn|14
|
|t:|1758331209
|move|p1a: Mimikyu|Swords Dance|p1a: Mimikyu
|-boost|p1a: Mimikyu|atk|2
|move|p2a: Great Tusk|Knock Off|p1a: Mimikyu
|-activate|p1a: Mimikyu|ability: Disguise
|-damage|p1a: Mimikyu|100/100
|-enditem|p1a: Mimikyu|Leftovers|[from] move: Knock Off|[of] p2a: Great Tusk
|detailschange|p1a: Mimikyu|Mimikyu-Busted, M, shiny
|-damage|p1a: Mimikyu|88/100|[from] pokemon: Mimikyu-Busted
|
|upkeep
|turn|15
|
|t:|1758331218
|move|p1a: Mimikyu|Play Rough|p2a: Great Tusk
|-supereffective|p2a: Great Tusk
|-damage|p2a: Great Tusk|0 fnt
|faint|p2a: Great Tusk
|-end|p2a: Great Tusk|Protosynthesis|[silent]
|
|upkeep
|
|t:|1758331222
|switch|p2a: Iron Moth|Iron Moth|71/100
|turn|16
|
|t:|1758331231
|move|p1a: Mimikyu|Shadow Sneak|p2a: Iron Moth
|-damage|p2a: Iron Moth|4/100
|move|p2a: Iron Moth|Flamethrower|p1a: Mimikyu
|-damage|p1a: Mimikyu|21/100
|
|upkeep
|turn|17
|
|t:|1758331235
|move|p1a: Mimikyu|Shadow Sneak|p2a: Iron Moth
|-crit|p2a: Iron Moth
|-damage|p2a: Iron Moth|0 fnt
|faint|p2a: Iron Moth
|-end|p2a: Iron Moth|Quark Drive|[silent]
|
|upkeep
|
|t:|1758331236
|switch|p2a: Ting-Lu|Ting-Lu|93/100
|-ability|p2a: Ting-Lu|Vessel of Ruin
|turn|18
|
|t:|1758331243
|move|p1a: Mimikyu|Play Rough|p2a: Ting-Lu
|-supereffective|p2a: Ting-Lu
|-damage|p2a: Ting-Lu|10/100
|move|p2a: Ting-Lu|Whirlwind|p1a: Mimikyu
|drag|p1a: Ceruledge|Ceruledge, M|63/100
|
|upkeep
|turn|19
|
|t:|1758331257
|move|p1a: Ceruledge|Bitter Blade|p2a: Ting-Lu
|-damage|p2a: Ting-Lu|0 fnt
|-heal|p1a: Ceruledge|71/100|[from] drain|[of] p2a: Ting-Lu
|faint|p2a: Ting-Lu
|
|upkeep
|
|t:|1758331260
|switch|p2a: Primarina|Primarina, M|86/100
|turn|20
|
|t:|1758331266
|move|p1a: Ceruledge|Bulk Up|p1a: Ceruledge
|-boost|p1a: Ceruledge|atk|1
|-boost|p1a: Ceruledge|def|1
|move|p2a: Primarina|Psychic|p1a: Ceruledge
|-damage|p1a: Ceruledge|15/100
|
|upkeep
|turn|21
|-message|waterdrinker48 forfeited.
|
|win|harbingerxxcxx
|raw|harbingerxxcxx's rating: 1101 &rarr; <strong>1130</strong><br />(+29 for winning)
|raw|waterdrinker48's rating: 1163 &rarr; <strong>1134</strong><br />(-29 for losing)
|l|☆waterdrinker48
|player|p2|
|l|☆harbingerxxcxx
|player|p1|
