|j|☆fdsafsadgfdsaf
|j|☆RK Earth 9000
|t:|1758304186
|gametype|singles
|player|p1|fdsafsadgfdsaf|iris|1109
|player|p2|RK Earth 9000|volkner|1109
|gen|9
|tier|[Gen 9] OU
|rated|
|rule|HP Percentage Mod: HP is shown in percentages
|rule|Endless Battle Clause: Forcing endless battles is banned
|rule|Species Clause: Limit one of each Pokémon
|rule|OHKO Clause: OHKO moves are banned
|rule|Evasion Items Clause: Evasion items are banned
|rule|Evasion Moves Clause: Evasion moves are banned
|rule|Evasion Abilities Clause: Evasion abilities are banned
|rule|Sleep Moves Clause: Sleep-inducing moves are banned
|clearpoke
|poke|p1|Meowscarada, F|
|poke|p1|Gardevoir, M|
|poke|p1|Cinderace, F|
|poke|p1|Vaporeon, F|
|poke|p1|Hydreigon, M|
|poke|p1|Alcremie-Salted-Cream, F|
|poke|p2|Gyarados, F|
|poke|p2|Tentacruel, F|
|poke|p2|Heatran, M|
|poke|p2|Incineroar, F|
|poke|p2|Meowscarada, F|
|poke|p2|Landorus-Therian, M|
|teampreview
|
|t:|1758304210
|teamsize|p1|6
|teamsize|p2|6
|start
|switch|p1a: Cinderace|Cinderace, F|100/100
|switch|p2a: Gyarados|Gyarados, F, shiny|100/100
|-ability|p2a: Gyarados|Intimidate|boost
|-unboost|p1a: Cinderace|atk|1
|turn|1
|
|t:|1758304222
|switch|p1a: Vaporeon|Vaporeon, F|100/100
|move|p2a: Gyarados|Dragon Tail|p1a: Vaporeon
|-damage|p1a: Vaporeon|69/100
|drag|p1a: Gardevoir|Gardevoir, M|100/100
|
|upkeep
|turn|2
|
|t:|1758304231
|switch|p2a: Tentacruel|Tentacruel, F|100/100
|move|p1a: Gardevoir|Calm Mind|p1a: Gardevoir
|-boost|p1a: Gardevoir|spa|1
|-boost|p1a: Gardevoir|spd|1
|
|upkeep
|turn|3
|
|t:|1758304240
|move|p1a: Gardevoir|Psychic|p2a: Tentacruel
|-supereffective|p2a: Tentacruel
|-damage|p2a: Tentacruel|0 fnt
|faint|p2a: Tentacruel
|-damage|p1a: Gardevoir|91/100|[from] item: Life Orb
|
|upkeep
|
|t:|1758304246
|switch|p2a: Heatran|Heatran, M, shiny|100/100
|turn|4
|
|t:|1758304253
|move|p1a: Gardevoir|Psychic|p2a: Heatran
|-resisted|p2a: Heatran
|-crit|p2a: Heatran
|-damage|p2a: Heatran|29/100
|-damage|p1a: Gardevoir|81/100|[from] item: Life Orb
|move|p2a: Heatran|Earth Power|p1a: Gardevoir
|-damage|p1a: Gardevoir|40/100
|
|upkeep
|turn|5
|
|t:|1758304262
|switch|p2a: Incineroar|Incineroar, F, shiny|100/100
|-ability|p2a: Incineroar|Intimidate|boost
|-unboost|p1a: Gardevoir|atk|1
|move|p1a: Gardevoir|Psychic|p2a: Incineroar
|-immune|p2a: Incineroar
|
|upkeep
|turn|6
|
|t:|1758304271
|move|p2a: Incineroar|Fake Out|p1a: Gardevoir
|-damage|p1a: Gardevoir|19/100
|cant|p1a: Gardevoir|flinch
|
|upkeep
|turn|7
|
|t:|1758304277
|move|p1a: Gardevoir|Destiny Bond|p1a: Gardevoir
|-singlemove|p1a: Gardevoir|Destiny Bond
|move|p2a: Incineroar|Parting Shot|p1a: Gardevoir
|-unboost|p1a: Gardevoir|atk|1
|-unboost|p1a: Gardevoir|spa|1
|
|t:|1758304285
|switch|p2a: Landorus|Landorus-Therian, M, shiny|100/100|[from] Parting Shot
|-ability|p2a: Landorus|Intimidate|boost
|-unboost|p1a: Gardevoir|atk|1
|
|upkeep
|turn|8
|
|t:|1758304297
|move|p2a: Landorus|Sludge Bomb|p1a: Gardevoir
|-supereffective|p1a: Gardevoir
|-damage|p1a: Gardevoir|0 fnt
|faint|p1a: Gardevoir
|-activate|p1a: Gardevoir|move: Destiny Bond
|faint|p2a: Landorus
|
|upkeep
|
|t:|1758304309
|switch|p2a: Incineroar|Incineroar, F, shiny|100/100
|switch|p1a: Vaporeon|Vaporeon, F|69/100
|-ability|p2a: Incineroar|Intimidate|boost
|-unboost|p1a: Vaporeon|atk|1
|turn|9
|
|t:|1758304316
|move|p2a: Incineroar|Fake Out|p1a: Vaporeon
|-damage|p1a: Vaporeon|55/100
|cant|p1a: Vaporeon|flinch
|
|-heal|p1a: Vaporeon|61/100|[from] item: Leftovers
|upkeep
|turn|10
|
|t:|1758304326
|-terastallize|p2a: Incineroar|Water
|move|p2a: Incineroar|Knock Off|p1a: Vaporeon
|-damage|p1a: Vaporeon|8/100
|-enditem|p1a: Vaporeon|Leftovers|[from] move: Knock Off|[of] p2a: Incineroar
|move|p1a: Vaporeon|Acid Armor|p1a: Vaporeon
|-boost|p1a: Vaporeon|def|2
|
|upkeep
|turn|11
|
|t:|1758304338
|move|p2a: Incineroar|Close Combat|p1a: Vaporeon
|-damage|p1a: Vaporeon|0 fnt
|-unboost|p2a: Incineroar|def|1
|-unboost|p2a: Incineroar|spd|1
|faint|p1a: Vaporeon
|
|upkeep
|
|t:|1758304349
|switch|p1a: Meowscarada|Meowscarada, F|100/100
|turn|12
|
|t:|1758304352
|switch|p2a: Heatran|Heatran, M, shiny|29/100
|move|p1a: Meowscarada|Knock Off|p2a: Heatran
|-start|p1a: Meowscarada|typechange|Dark|[from] ability: Protean
|-damage|p2a: Heatran|0 fnt
|-status|p1a: Meowscarada|brn|[from] ability: Flame Body|[of] p2a: Heatran
|-enditem|p2a: Heatran|Choice Specs|[from] move: Knock Off|[of] p1a: Meowscarada
|faint|p2a: Heatran
|
|-damage|p1a: Meowscarada|94/100 brn|[from] brn
|upkeep
|
|t:|1758304366
|switch|p2a: Gyarados|Gyarados, F, shiny|100/100
|-ability|p2a: Gyarados|Intimidate|boost
|-unboost|p1a: Meowscarada|atk|1
|turn|13
|
|t:|1758304376
|move|p1a: Meowscarada|Knock Off|p2a: Gyarados
|-damage|p2a: Gyarados|82/100
|-enditem|p2a: Gyarados|Choice Band|[from] move: Knock Off|[of] p1a: Meowscarada
|move|p2a: Gyarados|Iron Head|p1a: Meowscarada
|-damage|p1a: Meowscarada|53/100 brn
|
|-damage|p1a: Meowscarada|47/100 brn|[from] brn
|upkeep
|turn|14
|
|t:|1758304388
|move|p1a: Meowscarada|U-turn|p2a: Gyarados
|-resisted|p2a: Gyarados
|-damage|p2a: Gyarados|78/100
|
|t:|1758304392
|switch|p1a: Alcremie|Alcremie-Salted-Cream, F|100/100|[from] U-turn
|move|p2a: Gyarados|Waterfall|p1a: Alcremie
|-damage|p1a: Alcremie|66/100
|
|-heal|p1a: Alcremie|72/100|[from] item: Leftovers
|upkeep
|turn|15
|
|t:|1758304401
|move|p2a: Gyarados|Iron Head|p1a: Alcremie
|-supereffective|p1a: Alcremie
|-damage|p1a: Alcremie|21/100
|move|p1a: Alcremie|Acid Armor|p1a: Alcremie
|-boost|p1a: Alcremie|def|2
|
|-heal|p1a: Alcremie|27/100|[from] item: Leftovers
|upkeep
|turn|16
|
|t:|1758304410
|-terastallize|p1a: Alcremie|Steel
|move|p2a: Gyarados|Iron Head|p1a: Alcremie
|-resisted|p1a: Alcremie
|-damage|p1a: Alcremie|21/100
|move|p1a: Alcremie|Acid Armor|p1a: Alcremie
|-boost|p1a: Alcremie|def|2
|
|-heal|p1a: Alcremie|27/100|[from] item: Leftovers
|upkeep
|turn|17
|
|t:|1758304420
|move|p2a: Gyarados|Earthquake|p1a: Alcremie
|-supereffective|p1a: Alcremie
|-damage|p1a: Alcremie|6/100
|move|p1a: Alcremie|Calm Mind|p1a: Alcremie
|-boost|p1a: Alcremie|spa|1
|-boost|p1a: Alcremie|spd|1
|
|-heal|p1a: Alcremie|12/100|[from] item: Leftovers
|upkeep
|turn|18
|
|t:|1758304436
|move|p1a: Alcremie|Draining Kiss|p2a: Gyarados
|-damage|p2a: Gyarados|48/100
|-heal|p1a: Alcremie|34/100|[from] drain|[of] p2a: Gyarados
|move|p2a: Gyarados|Dragon Tail|p1a: Alcremie
|-resisted|p1a: Alcremie
|-damage|p1a: Alcremie|31/100
|drag|p1a: Cinderace|Cinderace, F|100/100
|
|upkeep
|turn|19
|
|t:|1758304451
|move|p1a: Cinderace|Sucker Punch|p2a: Gyarados
|-start|p1a: Cinderace|typechange|Dark|[from] ability: Libero
|-damage|p2a: Gyarados|0 fnt
|faint|p2a: Gyarados
|-damage|p1a: Cinderace|91/100|[from] item: Life Orb
|
|upkeep
|
|t:|1758304458
|switch|p2a: Meowscarada|Meowscarada, F|100/100
|turn|20
|
|t:|1758304462
|move|p2a: Meowscarada|U-turn|p1a: Cinderace
|-start|p2a: Meowscarada|typechange|Bug|[from] ability: Protean
|-supereffective|p1a: Cinderace
|-damage|p1a: Cinderace|0 fnt
|faint|p1a: Cinderace
|
|t:|1758304468
|switch|p2a: Incineroar|Incineroar, F, shiny, tera:Water|100/100|[from] U-turn
|
|upkeep
|
|t:|1758304472
|switch|p1a: Meowscarada|Meowscarada, F|47/100 brn
|turn|21
|
|t:|1758304479
|move|p2a: Incineroar|Fake Out|p1a: Meowscarada
|-damage|p1a: Meowscarada|29/100 brn
|cant|p1a: Meowscarada|flinch
|
|-damage|p1a: Meowscarada|23/100 brn|[from] brn
|upkeep
|turn|22
|
|t:|1758304490
|switch|p2a: Meowscarada|Meowscarada, F|100/100
|move|p1a: Meowscarada|Knock Off|p2a: Meowscarada
|-start|p1a: Meowscarada|typechange|Dark|[from] ability: Protean
|-resisted|p2a: Meowscarada
|-damage|p2a: Meowscarada|84/100
|-enditem|p2a: Meowscarada|Choice Band|[from] move: Knock Off|[of] p1a: Meowscarada
|
|-damage|p1a: Meowscarada|17/100 brn|[from] brn
|upkeep
|turn|23
|
|t:|1758304501
|move|p1a: Meowscarada|Play Rough|p2a: Meowscarada
|-supereffective|p2a: Meowscarada
|-damage|p2a: Meowscarada|41/100
|move|p2a: Meowscarada|U-turn|p1a: Meowscarada
|-start|p2a: Meowscarada|typechange|Bug|[from] ability: Protean
|-supereffective|p1a: Meowscarada
|-damage|p1a: Meowscarada|0 fnt
|faint|p1a: Meowscarada
|
|t:|1758304513
|switch|p2a: Incineroar|Incineroar, F, shiny, tera:Water|100/100|[from] U-turn
|
|upkeep
|
|t:|1758304524
|switch|p1a: Hydreigon|Hydreigon, M|100/100
|turn|24
|
|t:|1758304548
|move|p2a: Incineroar|Fake Out|p1a: Hydreigon
|-damage|p1a: Hydreigon|86/100
|cant|p1a: Hydreigon|flinch
|
|upkeep
|turn|25
|
|t:|1758304556
|move|p1a: Hydreigon|Dark Pulse|p2a: Incineroar
|-damage|p2a: Incineroar|36/100
|-enditem|p2a: Incineroar|Sitrus Berry|[eat]
|-heal|p2a: Incineroar|61/100|[from] item: Sitrus Berry
|cant|p2a: Incineroar|flinch
|
|upkeep
|turn|26
|
|t:|1758304564
|move|p1a: Hydreigon|Dark Pulse|p2a: Incineroar
|-damage|p2a: Incineroar|2/100
|cant|p2a: Incineroar|flinch
|
|upkeep
|turn|27
|
|t:|1758304572
|move|p1a: Hydreigon|Dark Pulse|p2a: Incineroar
|-damage|p2a: Incineroar|0 fnt
|faint|p2a: Incineroar
|
|upkeep
|
|t:|1758304579
|switch|p2a: Meowscarada|Meowscarada, F|41/100
|turn|28
|
|t:|1758304587
|move|p2a: Meowscarada|Triple Axel|p1a: Hydreigon
|-start|p2a: Meowscarada|typechange|Ice|[from] ability: Protean
|-supereffective|p1a: Hydreigon
|-damage|p1a: Hydreigon|65/100
|-supereffective|p1a: Hydreigon
|-damage|p1a: Hydreigon|23/100
|-supereffective|p1a: Hydreigon
|-damage|p1a: Hydreigon|0 fnt
|faint|p1a: Hydreigon
|-hitcount|p1: Hydreigon|3
|
|upkeep
|
|t:|1758304596
|switch|p1a: Alcremie|Alcremie-Salted-Cream, F, tera:Steel|31/100
|turn|29
|
|t:|1758304600
|move|p2a: Meowscarada|Triple Axel|p1a: Alcremie
|-resisted|p1a: Alcremie
|-damage|p1a: Alcremie|27/100
|-resisted|p1a: Alcremie
|-damage|p1a: Alcremie|18/100
|-resisted|p1a: Alcremie
|-damage|p1a: Alcremie|6/100
|-hitcount|p1a: Alcremie|3
|move|p1a: Alcremie|Draining Kiss|p2a: Meowscarada
|-damage|p2a: Meowscarada|13/100
|-heal|p1a: Alcremie|25/100|[from] drain|[of] p2a: Meowscarada
|
|-heal|p1a: Alcremie|31/100|[from] item: Leftovers
|upkeep
|turn|30
|
|t:|1758304623
|move|p2a: Meowscarada|Knock Off|p1a: Alcremie
|-crit|p1a: Alcremie
|-damage|p1a: Alcremie|0 fnt
|-enditem|p1a: Alcremie|Leftovers|[from] move: Knock Off|[of] p2a: Meowscarada
|faint|p1a: Alcremie
|
|win|RK Earth 9000
|raw|fdsafsadgfdsaf's rating: 1109 &rarr; <strong>1084</strong><br />(-25 for losing)
|raw|RK Earth 9000's rating: 1109 &rarr; <strong>1134</strong><br />(+25 for winning)
|c|☆RK Earth 9000|Gg
|c|☆fdsafsadgfdsaf|WP
|l|☆fdsafsadgfdsaf
|player|p1|
