|j|☆Juicepar
|j|☆galac yeah !
|t:|1758263431
|gametype|singles
|player|p1|Juicepar|2|1465
|player|p2|galac yeah !|dragontamer|1419
|gen|9
|tier|[Gen 9] OU
|rated|
|rule|HP Percentage Mod: HP is shown in percentages
|rule|Endless Battle Clause: Forcing endless battles is banned
|rule|Species Clause: Limit one of each Pokémon
|rule|OHKO Clause: OHKO moves are banned
|rule|Evasion Items Clause: Evasion items are banned
|rule|Evasion Moves Clause: Evasion moves are banned
|rule|Evasion Abilities Clause: Evasion abilities are banned
|rule|Sleep Moves Clause: Sleep-inducing moves are banned
|clearpoke
|poke|p1|Deoxys-Speed|
|poke|p1|Darkrai|
|poke|p1|Iron Moth|
|poke|p1|Dragonite, F|
|poke|p1|Scizor, F|
|poke|p1|Great Tusk|
|poke|p2|Hoopa-Unbound|
|poke|p2|Enamorus, F|
|poke|p2|Garchomp, M|
|poke|p2|Pecharunt|
|poke|p2|Hatterene, F|
|poke|p2|Kingambit, F|
|teampreview
|
|t:|1758263451
|teamsize|p1|6
|teamsize|p2|6
|start
|switch|p1a: Deoxys|Deoxys-Speed|100/100
|switch|p2a: Hatterene|Hatterene, F|100/100
|-ability|p1a: Deoxys|Pressure
|turn|1
|
|t:|1758263460
|switch|p1a: Scizor|Scizor, F|100/100
|move|p2a: Hatterene|Nuzzle|p1a: Scizor
|-damage|p1a: Scizor|96/100
|-status|p1a: Scizor|par
|
|upkeep
|turn|2
|
|t:|1758263474
|switch|p2a: Garchomp|Garchomp, M|100/100
|move|p1a: Scizor|Bullet Punch|p2a: Garchomp
|-damage|p2a: Garchomp|67/100
|-damage|p1a: Scizor|84/100 par|[from] ability: Rough Skin|[of] p2a: Garchomp
|-damage|p1a: Scizor|67/100 par|[from] item: Rocky Helmet|[of] p2a: Garchomp
|
|upkeep
|turn|3
|
|t:|1758263484
|switch|p1a: Great Tusk|Great Tusk|100/100
|-enditem|p1a: Great Tusk|Booster Energy
|-activate|p1a: Great Tusk|ability: Protosynthesis|[fromitem]
|-start|p1a: Great Tusk|protosynthesisspe
|move|p2a: Garchomp|Stealth Rock|p1a: Great Tusk
|-sidestart|p1: Juicepar|move: Stealth Rock
|
|upkeep
|turn|4
|
|t:|1758263500
|-terastallize|p2a: Garchomp|Ghost
|move|p1a: Great Tusk|Bulk Up|p1a: Great Tusk
|-boost|p1a: Great Tusk|atk|1
|-boost|p1a: Great Tusk|def|1
|move|p2a: Garchomp|Spikes|p1a: Great Tusk
|-sidestart|p1: Juicepar|Spikes
|
|upkeep
|turn|5
|
|t:|1758263512
|move|p1a: Great Tusk|Bulk Up|p1a: Great Tusk
|-boost|p1a: Great Tusk|atk|1
|-boost|p1a: Great Tusk|def|1
|move|p2a: Garchomp|Dragon Tail|p1a: Great Tusk
|-damage|p1a: Great Tusk|92/100
|-end|p1a: Great Tusk|Protosynthesis|[silent]
|drag|p1a: Dragonite|Dragonite, F|100/100
|-damage|p1a: Dragonite|76/100|[from] Stealth Rock
|
|upkeep
|turn|6
|
|t:|1758263525
|move|p1a: Dragonite|Roost|p1a: Dragonite
|-heal|p1a: Dragonite|100/100
|-singleturn|p1a: Dragonite|move: Roost
|move|p2a: Garchomp|Dragon Tail|p1a: Dragonite
|-supereffective|p1a: Dragonite
|-damage|p1a: Dragonite|71/100
|drag|p1a: Scizor|Scizor, F|67/100 par
|-damage|p1a: Scizor|55/100 par|[from] Stealth Rock
|-damage|p1a: Scizor|43/100 par|[from] Spikes
|
|upkeep
|turn|7
|
|t:|1758263538
|move|p1a: Scizor|Bullet Punch|p2a: Garchomp
|-damage|p2a: Garchomp|34/100
|-damage|p1a: Scizor|31/100 par|[from] ability: Rough Skin|[of] p2a: Garchomp
|-damage|p1a: Scizor|14/100 par|[from] item: Rocky Helmet|[of] p2a: Garchomp
|move|p2a: Garchomp|Earthquake|p1a: Scizor
|-damage|p1a: Scizor|0 fnt
|faint|p1a: Scizor
|
|upkeep
|inactive|Battle timer is ON: inactive players will automatically lose when time's up. (requested by galac yeah !)
|
|t:|1758263557
|switch|p1a: Deoxys|Deoxys-Speed|100/100
|-damage|p1a: Deoxys|88/100|[from] Stealth Rock
|-damage|p1a: Deoxys|75/100|[from] Spikes
|-ability|p1a: Deoxys|Pressure
|turn|8
|
|t:|1758263565
|move|p1a: Deoxys|Psycho Boost|p2a: Garchomp
|-damage|p2a: Garchomp|0 fnt
|-unboost|p1a: Deoxys|spa|2
|faint|p2a: Garchomp
|
|upkeep
|
|t:|1758263573
|switch|p2a: Enamorus|Enamorus, F|100/100
|turn|9
|
|t:|1758263592
|move|p2a: Enamorus|Moonblast|p1a: Deoxys
|-damage|p1a: Deoxys|14/100
|move|p1a: Deoxys|Stealth Rock|p2a: Enamorus
|-sidestart|p2: galac yeah !|move: Stealth Rock
|
|upkeep
|turn|10
|
|t:|1758263607
|move|p2a: Enamorus|Moonblast|p1a: Deoxys
|-damage|p1a: Deoxys|0 fnt
|faint|p1a: Deoxys
|
|upkeep
|inactive|Juicepar has 120 seconds left.
|
|t:|1758263640
|switch|p1a: Iron Moth|Iron Moth|100/100
|-damage|p1a: Iron Moth|76/100|[from] Stealth Rock
|-damage|p1a: Iron Moth|63/100|[from] Spikes
|-enditem|p1a: Iron Moth|Booster Energy
|-activate|p1a: Iron Moth|ability: Quark Drive|[fromitem]
|-start|p1a: Iron Moth|quarkdrivespe
|turn|11
|
|t:|1758263661
|switch|p2a: Pecharunt|Pecharunt|100/100
|-damage|p2a: Pecharunt|88/100|[from] Stealth Rock
|move|p1a: Iron Moth|Fiery Dance|p2a: Pecharunt
|-damage|p2a: Pecharunt|49/100
|-boost|p1a: Iron Moth|spa|1
|
|upkeep
|turn|12
|
|t:|1758263669
|move|p1a: Iron Moth|Fiery Dance|p2a: Pecharunt
|-damage|p2a: Pecharunt|0 fnt
|faint|p2a: Pecharunt
|
|upkeep
|
|t:|1758263671
|switch|p2a: Kingambit|Kingambit, F|100/100
|-damage|p2a: Kingambit|94/100|[from] Stealth Rock
|-activate|p2a: Kingambit|ability: Supreme Overlord
|-start|p2a: Kingambit|fallen2|[silent]
|turn|13
|
|t:|1758263678
|move|p2a: Kingambit|Sucker Punch||[still]
|-fail|p2a: Kingambit
|move|p1a: Iron Moth|Toxic Spikes|p2a: Kingambit
|-sidestart|p2: galac yeah !|move: Toxic Spikes
|
|upkeep
|turn|14
|
|t:|1758263684
|-terastallize|p1a: Iron Moth|Fairy
|move|p2a: Kingambit|Sucker Punch|p1a: Iron Moth
|-resisted|p1a: Iron Moth
|-damage|p1a: Iron Moth|30/100
|move|p1a: Iron Moth|Fiery Dance|p2a: Kingambit
|-supereffective|p2a: Kingambit
|-damage|p2a: Kingambit|0 fnt
|-boost|p1a: Iron Moth|spa|1
|faint|p2a: Kingambit
|-end|p2a: Kingambit|fallen2|[silent]
|
|upkeep
|
|t:|1758263690
|switch|p2a: Hoopa|Hoopa-Unbound|100/100
|-damage|p2a: Hoopa|88/100|[from] Stealth Rock
|-status|p2a: Hoopa|psn
|turn|15
|
|t:|1758263696
|move|p1a: Iron Moth|Dazzling Gleam|p2a: Hoopa
|-supereffective|p2a: Hoopa
|-damage|p2a: Hoopa|0 fnt
|faint|p2a: Hoopa
|
|upkeep
|-message|galac yeah ! forfeited.
|
|win|Juicepar
|raw|Juicepar's rating: 1465 &rarr; <strong>1482</strong><br />(+17 for winning)
|raw|galac yeah !'s rating: 1419 &rarr; <strong>1402</strong><br />(-17 for losing)
|l|☆galac yeah !
|player|p2|
