|j|☆The Burger
|j|☆7confused
|t:|1758244009
|gametype|singles
|player|p1|The Burger|palmer|1413
|player|p2|7confused|swimmerf|1359
|gen|9
|tier|[Gen 9] OU
|rated|
|rule|HP Percentage Mod: HP is shown in percentages
|rule|Endless Battle Clause: Forcing endless battles is banned
|rule|Species Clause: Limit one of each Pokémon
|rule|OHKO Clause: OHKO moves are banned
|rule|Evasion Items Clause: Evasion items are banned
|rule|Evasion Moves Clause: Evasion moves are banned
|rule|Evasion Abilities Clause: Evasion abilities are banned
|rule|Sleep Moves Clause: Sleep-inducing moves are banned
|clearpoke
|poke|p1|Great Tusk|
|poke|p1|Gholdengo|
|poke|p1|Samurott-Hisui, M|
|poke|p1|Gliscor, M|
|poke|p1|Darkrai|
|poke|p1|Primarina, F|
|poke|p2|Dragonite, M|
|poke|p2|Gholdengo|
|poke|p2|Scizor, F|
|poke|p2|Ting-Lu|
|poke|p2|Weezing-Galar, F|
|poke|p2|Dragapult, M|
|teampreview
|inactive|Battle timer is ON: inactive players will automatically lose when time's up. (requested by The Burger)
|
|t:|1758244027
|teamsize|p1|6
|teamsize|p2|6
|start
|switch|p1a: Gholdengo|Gholdengo|100/100
|switch|p2a: Scizor|Scizor, F|100/100
|-item|p1a: Gholdengo|Air Balloon
|turn|1
|
|t:|1758244033
|switch|p1a: Great Tusk|Great Tusk|100/100
|-enditem|p1a: Great Tusk|Booster Energy
|-activate|p1a: Great Tusk|ability: Protosynthesis|[fromitem]
|-start|p1a: Great Tusk|protosynthesisspe
|move|p2a: Scizor|U-turn|p1a: Great Tusk
|-resisted|p1a: Great Tusk
|-damage|p1a: Great Tusk|82/100
|
|t:|1758244048
|switch|p2a: Ting-Lu|Ting-Lu|100/100|[from] U-turn
|-ability|p2a: Ting-Lu|Vessel of Ruin
|
|upkeep
|turn|2
|
|t:|1758244056
|move|p1a: Great Tusk|Stealth Rock|p2a: Ting-Lu
|-sidestart|p2: 7confused|move: Stealth Rock
|move|p2a: Ting-Lu|Ruination|p1a: Great Tusk
|-damage|p1a: Great Tusk|42/100
|
|upkeep
|turn|3
|
|t:|1758244060
|move|p1a: Great Tusk|Ice Spinner|p2a: Ting-Lu
|-supereffective|p2a: Ting-Lu
|-damage|p2a: Ting-Lu|76/100
|move|p2a: Ting-Lu|Stealth Rock|p1a: Great Tusk
|-sidestart|p1: The Burger|move: Stealth Rock
|
|-heal|p2a: Ting-Lu|83/100|[from] item: Leftovers
|upkeep
|turn|4
|
|t:|1758244065
|move|p1a: Great Tusk|Rapid Spin|p2a: Ting-Lu
|-damage|p2a: Ting-Lu|74/100
|-boost|p1a: Great Tusk|spe|1
|-sideend|p1: The Burger|Stealth Rock|[from] move: Rapid Spin|[of] p1a: Great Tusk
|move|p2a: Ting-Lu|Ruination|p1a: Great Tusk|[miss]
|-miss|p2a: Ting-Lu|p1a: Great Tusk
|
|-heal|p2a: Ting-Lu|80/100|[from] item: Leftovers
|upkeep
|turn|5
|
|t:|1758244070
|move|p1a: Great Tusk|Ice Spinner|p2a: Ting-Lu
|-supereffective|p2a: Ting-Lu
|-damage|p2a: Ting-Lu|56/100
|move|p2a: Ting-Lu|Ruination|p1a: Great Tusk
|-damage|p1a: Great Tusk|21/100
|
|-heal|p2a: Ting-Lu|63/100|[from] item: Leftovers
|upkeep
|turn|6
|
|t:|1758244073
|move|p1a: Great Tusk|Ice Spinner|p2a: Ting-Lu
|-supereffective|p2a: Ting-Lu
|-damage|p2a: Ting-Lu|38/100
|move|p2a: Ting-Lu|Earthquake|p1a: Great Tusk
|-damage|p1a: Great Tusk|0 fnt
|faint|p1a: Great Tusk
|-end|p1a: Great Tusk|Protosynthesis|[silent]
|
|-heal|p2a: Ting-Lu|44/100|[from] item: Leftovers
|upkeep
|
|t:|1758244091
|switch|p1a: Samurott|Samurott-Hisui, M|100/100
|turn|7
|
|t:|1758244107
|switch|p2a: Weezing|Weezing-Galar, F|100/100
|-ability|p2a: Weezing|Neutralizing Gas
|move|p1a: Samurott|Aqua Cutter|p2a: Weezing
|-damage|p2a: Weezing|73/100
|-damage|p1a: Samurott|91/100|[from] item: Life Orb
|
|upkeep
|turn|8
|
|t:|1758244115
|switch|p1a: Gholdengo|Gholdengo|100/100
|-item|p1a: Gholdengo|Air Balloon
|-end|p2a: Weezing|ability: Neutralizing Gas
|switch|p2a: Ting-Lu|Ting-Lu|44/100
|-damage|p2a: Ting-Lu|38/100|[from] Stealth Rock
|-ability|p2a: Ting-Lu|Vessel of Ruin
|
|-heal|p2a: Ting-Lu|44/100|[from] item: Leftovers
|upkeep
|turn|9
|
|t:|1758244121
|switch|p1a: Primarina|Primarina, F|100/100
|move|p2a: Ting-Lu|Stealth Rock|p1a: Primarina
|-sidestart|p1: The Burger|move: Stealth Rock
|
|-heal|p2a: Ting-Lu|51/100|[from] item: Leftovers
|upkeep
|turn|10
|
|t:|1758244125
|move|p1a: Primarina|Substitute|p1a: Primarina
|-start|p1a: Primarina|Substitute
|-damage|p1a: Primarina|75/100
|move|p2a: Ting-Lu|Ruination|p1a: Primarina
|-end|p1a: Primarina|Substitute
|
|-heal|p1a: Primarina|82/100|[from] item: Leftovers
|-heal|p2a: Ting-Lu|57/100|[from] item: Leftovers
|upkeep
|turn|11
|
|t:|1758244132
|move|p1a: Primarina|Calm Mind|p1a: Primarina
|-boost|p1a: Primarina|spa|1
|-boost|p1a: Primarina|spd|1
|move|p2a: Ting-Lu|Ruination|p1a: Primarina
|-damage|p1a: Primarina|41/100
|
|-heal|p1a: Primarina|47/100|[from] item: Leftovers
|-heal|p2a: Ting-Lu|63/100|[from] item: Leftovers
|upkeep
|turn|12
|
|t:|1758244136
|move|p1a: Primarina|Draining Kiss|p2a: Ting-Lu
|-supereffective|p2a: Ting-Lu
|-damage|p2a: Ting-Lu|38/100
|-heal|p1a: Primarina|74/100|[from] drain|[of] p2a: Ting-Lu
|move|p2a: Ting-Lu|Whirlwind|p1a: Primarina
|drag|p1a: Darkrai|Darkrai|100/100
|-damage|p1a: Darkrai|88/100|[from] Stealth Rock
|
|-heal|p1a: Darkrai|94/100|[from] item: Leftovers
|-heal|p2a: Ting-Lu|44/100|[from] item: Leftovers
|upkeep
|turn|13
|inactive|The Burger has 120 seconds left.
|
|t:|1758244171
|switch|p1a: Gliscor|Gliscor, M|100/100
|-damage|p1a: Gliscor|88/100|[from] Stealth Rock
|move|p2a: Ting-Lu|Earthquake|p1a: Gliscor
|-immune|p1a: Gliscor
|
|-heal|p2a: Ting-Lu|51/100|[from] item: Leftovers
|-status|p1a: Gliscor|tox|[from] item: Toxic Orb
|upkeep
|turn|14
|
|t:|1758244185
|move|p1a: Gliscor|Earthquake|p2a: Ting-Lu
|-damage|p2a: Ting-Lu|35/100
|move|p2a: Ting-Lu|Whirlwind|p1a: Gliscor
|drag|p1a: Samurott|Samurott-Hisui, M|91/100
|-damage|p1a: Samurott|78/100|[from] Stealth Rock
|
|-heal|p2a: Ting-Lu|41/100|[from] item: Leftovers
|upkeep
|turn|15
|
|t:|1758244192
|switch|p2a: Weezing|Weezing-Galar, F|73/100
|-ability|p2a: Weezing|Neutralizing Gas
|move|p1a: Samurott|Ceaseless Edge|p2a: Weezing
|-resisted|p2a: Weezing
|-crit|p2a: Weezing
|-damage|p2a: Weezing|56/100
|-sidestart|p2: 7confused|Spikes
|-damage|p1a: Samurott|68/100|[from] item: Life Orb
|
|upkeep
|turn|16
|
|t:|1758244204
|switch|p1a: Gholdengo|Gholdengo|100/100
|-damage|p1a: Gholdengo|94/100|[from] Stealth Rock
|-item|p1a: Gholdengo|Air Balloon
|move|p2a: Weezing|Defog|p1a: Gholdengo
|-unboost|p1a: Gholdengo|evasion|1
|-sideend|p1: The Burger|Stealth Rock|[from] move: Defog|[of] p2a: Weezing
|-sideend|p2: 7confused|Spikes|[from] move: Defog|[of] p2a: Weezing
|-sideend|p2: 7confused|Stealth Rock|[from] move: Defog|[of] p2a: Weezing
|
|upkeep
|turn|17
|
|t:|1758244212
|move|p1a: Gholdengo|Nasty Plot|p1a: Gholdengo
|-boost|p1a: Gholdengo|spa|2
|move|p2a: Weezing|Will-O-Wisp|p1a: Gholdengo
|-status|p1a: Gholdengo|brn
|
|-damage|p1a: Gholdengo|88/100 brn|[from] brn
|upkeep
|turn|18
|
|t:|1758244227
|-end|p2a: Weezing|ability: Neutralizing Gas
|switch|p2a: Ting-Lu|Ting-Lu|41/100
|-ability|p2a: Ting-Lu|Vessel of Ruin
|move|p1a: Gholdengo|Make It Rain|p2a: Ting-Lu
|-damage|p2a: Ting-Lu|0 fnt
|-unboost|p1a: Gholdengo|spa|1
|faint|p2a: Ting-Lu
|
|-damage|p1a: Gholdengo|82/100 brn|[from] brn
|upkeep
|
|t:|1758244235
|switch|p2a: Scizor|Scizor, F|100/100
|turn|19
|
|t:|1758244257
|move|p1a: Gholdengo|Recover|p1a: Gholdengo
|-heal|p1a: Gholdengo|100/100 brn
|move|p2a: Scizor|U-turn|p1a: Gholdengo
|-resisted|p1a: Gholdengo
|-damage|p1a: Gholdengo|83/100 brn
|-enditem|p1a: Gholdengo|Air Balloon
|
|t:|1758244268
|switch|p2a: Dragonite|Dragonite, M|100/100|[from] U-turn
|
|-damage|p1a: Gholdengo|77/100 brn|[from] brn
|upkeep
|turn|20
|
|t:|1758244276
|move|p1a: Gholdengo|Make It Rain|p2a: Dragonite
|-damage|p2a: Dragonite|57/100
|-unboost|p1a: Gholdengo|spa|1
|move|p2a: Dragonite|Earthquake|p1a: Gholdengo
|-supereffective|p1a: Gholdengo
|-damage|p1a: Gholdengo|0 fnt
|faint|p1a: Gholdengo
|
|upkeep
|
|t:|1758244283
|switch|p1a: Samurott|Samurott-Hisui, M|68/100
|turn|21
|
|t:|1758244289
|move|p1a: Samurott|Ice Beam|p2a: Dragonite
|-supereffective|p2a: Dragonite
|-damage|p2a: Dragonite|0 fnt
|faint|p2a: Dragonite
|-damage|p1a: Samurott|58/100|[from] item: Life Orb
|
|upkeep
|
|t:|1758244297
|switch|p2a: Weezing|Weezing-Galar, F|56/100
|-ability|p2a: Weezing|Neutralizing Gas
|turn|22
|
|t:|1758244311
|move|p1a: Samurott|Ceaseless Edge|p2a: Weezing|[miss]
|-miss|p1a: Samurott|p2a: Weezing
|move|p2a: Weezing|Pain Split|p1a: Samurott
|-sethp|p1a: Samurott|58/100|[from] move: Pain Split|[silent]
|-sethp|p2a: Weezing|56/100|[from] move: Pain Split
|
|upkeep
|turn|23
|
|t:|1758244315
|move|p1a: Samurott|Ceaseless Edge|p2a: Weezing
|-resisted|p2a: Weezing
|-damage|p2a: Weezing|44/100
|-sidestart|p2: 7confused|Spikes
|-damage|p1a: Samurott|48/100|[from] item: Life Orb
|move|p2a: Weezing|Sludge Bomb|p1a: Samurott
|-damage|p1a: Samurott|0 fnt
|faint|p1a: Samurott
|
|upkeep
|
|t:|1758244329
|switch|p1a: Primarina|Primarina, F|74/100
|turn|24
|
|t:|1758244335
|-terastallize|p1a: Primarina|Steel
|move|p1a: Primarina|Calm Mind|p1a: Primarina
|-boost|p1a: Primarina|spa|1
|-boost|p1a: Primarina|spd|1
|move|p2a: Weezing|Sludge Bomb|p1a: Primarina
|-immune|p1a: Primarina
|
|-heal|p1a: Primarina|80/100|[from] item: Leftovers
|upkeep
|turn|25
|
|t:|1758244343
|move|p1a: Primarina|Substitute|p1a: Primarina
|-start|p1a: Primarina|Substitute
|-damage|p1a: Primarina|55/100
|move|p2a: Weezing|Will-O-Wisp||[still]
|-fail|p2a: Weezing
|
|-heal|p1a: Primarina|61/100|[from] item: Leftovers
|upkeep
|turn|26
|
|t:|1758244355
|-end|p2a: Weezing|ability: Neutralizing Gas
|switch|p2a: Gholdengo|Gholdengo|100/100
|-damage|p2a: Gholdengo|88/100|[from] Spikes
|move|p1a: Primarina|Surf|p2a: Gholdengo
|-damage|p2a: Gholdengo|17/100
|
|-heal|p1a: Primarina|67/100|[from] item: Leftovers
|upkeep
|turn|27
|
|t:|1758244362
|move|p2a: Gholdengo|Make It Rain|p1a: Primarina
|-resisted|p1a: Primarina
|-activate|p1a: Primarina|move: Substitute|[damage]
|-unboost|p2a: Gholdengo|spa|1
|move|p1a: Primarina|Draining Kiss|p2a: Gholdengo
|-resisted|p2a: Gholdengo
|-damage|p2a: Gholdengo|0 fnt
|-heal|p1a: Primarina|78/100|[from] drain|[of] p2a: Gholdengo
|faint|p2a: Gholdengo
|
|-heal|p1a: Primarina|84/100|[from] item: Leftovers
|upkeep
|
|t:|1758244366
|switch|p2a: Dragapult|Dragapult, M|100/100
|-damage|p2a: Dragapult|88/100|[from] Spikes
|turn|28
|
|t:|1758244369
|move|p2a: Dragapult|Substitute|p2a: Dragapult
|-start|p2a: Dragapult|Substitute
|-damage|p2a: Dragapult|63/100
|move|p1a: Primarina|Draining Kiss|p2a: Dragapult
|-supereffective|p2a: Dragapult
|-end|p2a: Dragapult|Substitute
|-heal|p1a: Primarina|100/100|[from] drain|[of] p2a: Dragapult
|
|-heal|p2a: Dragapult|69/100|[from] item: Leftovers
|upkeep
|turn|29
|
|t:|1758244375
|move|p2a: Dragapult|Disable|p1a: Primarina
|-start|p1a: Primarina|Disable|Draining Kiss
|cant|p1a: Primarina|Disable|Draining Kiss
|
|-heal|p2a: Dragapult|75/100|[from] item: Leftovers
|upkeep
|turn|30
|
|t:|1758244379
|move|p2a: Dragapult|Substitute|p2a: Dragapult
|-start|p2a: Dragapult|Substitute
|-damage|p2a: Dragapult|50/100
|move|p1a: Primarina|Surf|p2a: Dragapult
|-resisted|p2a: Dragapult
|-end|p2a: Dragapult|Substitute
|
|-heal|p2a: Dragapult|56/100|[from] item: Leftovers
|upkeep
|turn|31
|c|☆The Burger|so regidrago wasnt doing it so u went sub disable pult
|c|☆The Burger|crazy work
|
|t:|1758244402
|move|p2a: Dragapult|Dragon Dance|p2a: Dragapult
|-boost|p2a: Dragapult|atk|1
|-boost|p2a: Dragapult|spe|1
|move|p1a: Primarina|Surf|p2a: Dragapult
|-resisted|p2a: Dragapult
|-damage|p2a: Dragapult|27/100
|
|-heal|p2a: Dragapult|33/100|[from] item: Leftovers
|upkeep
|turn|32
|c|☆7confused|Aim viewers 🤫
|inactive|7confused has 120 seconds left.
|
|t:|1758244435
|move|p2a: Dragapult|Dragon Darts|p1a: Primarina
|-resisted|p1a: Primarina
|-crit|p1a: Primarina
|-end|p1a: Primarina|Substitute
|-anim|p2a: Dragapult|Dragon Darts|p1a: Primarina
|-resisted|p1a: Primarina
|-damage|p1a: Primarina|89/100
|move|p1a: Primarina|Surf|p2a: Dragapult
|-resisted|p2a: Dragapult
|-damage|p2a: Dragapult|2/100
|
|-heal|p2a: Dragapult|8/100|[from] item: Leftovers
|-heal|p1a: Primarina|95/100|[from] item: Leftovers
|-end|p1a: Primarina|Disable
|upkeep
|turn|33
|
|t:|1758244446
|move|p2a: Dragapult|Dragon Darts|p1a: Primarina
|-resisted|p1a: Primarina
|-damage|p1a: Primarina|83/100
|-anim|p2a: Dragapult|Dragon Darts|p1a: Primarina
|-resisted|p1a: Primarina
|-damage|p1a: Primarina|70/100
|move|p1a: Primarina|Surf|p2a: Dragapult
|-resisted|p2a: Dragapult
|-damage|p2a: Dragapult|0 fnt
|faint|p2a: Dragapult
|
|-heal|p1a: Primarina|76/100|[from] item: Leftovers
|upkeep
|
|t:|1758244453
|switch|p2a: Scizor|Scizor, F|100/100
|-damage|p2a: Scizor|88/100|[from] Spikes
|turn|34
|
|t:|1758244455
|move|p2a: Scizor|Close Combat|p1a: Primarina
|-supereffective|p1a: Primarina
|-damage|p1a: Primarina|0 fnt
|-unboost|p2a: Scizor|def|1
|-unboost|p2a: Scizor|spd|1
|faint|p1a: Primarina
|
|upkeep
|
|t:|1758244458
|switch|p1a: Gliscor|Gliscor, M|88/100 tox
|turn|35
|
|t:|1758244468
|move|p1a: Gliscor|Earthquake|p2a: Scizor
|-damage|p2a: Scizor|38/100
|move|p2a: Scizor|Close Combat|p1a: Gliscor
|-resisted|p1a: Gliscor
|-damage|p1a: Gliscor|63/100 tox
|-unboost|p2a: Scizor|def|1
|-unboost|p2a: Scizor|spd|1
|
|-heal|p1a: Gliscor|75/100 tox|[from] ability: Poison Heal
|upkeep
|turn|36
|l|☆7confused
|inactive|7confused disconnected and has a minute to reconnect!
|player|p2|
|inactive|7confused has 30 seconds to reconnect!
|inactive|7confused has 20 seconds to reconnect!
|inactive|7confused has 15 seconds to reconnect!
|inactive|7confused has 10 seconds to reconnect!
|inactive|7confused has 5 seconds to reconnect!
|-message|7confused lost due to inactivity.
|
|win|The Burger
|raw|The Burger's rating: 1413 &rarr; <strong>1430</strong><br />(+17 for winning)
|raw|7confused's rating: 1359 &rarr; <strong>1342</strong><br />(-17 for losing)
