|j|☆lorddarkskin
|j|☆darkmaniman+minus
|t:|1758266377
|gametype|singles
|player|p1|lorddarkskin|dancer|1334
|player|p2|darkmaniman+minus|palmer|1378
|gen|9
|tier|[Gen 9] OU
|rated|
|rule|HP Percentage Mod: HP is shown in percentages
|rule|Endless Battle Clause: Forcing endless battles is banned
|rule|Species Clause: Limit one of each Pokémon
|rule|OHKO Clause: OHKO moves are banned
|rule|Evasion Items Clause: Evasion items are banned
|rule|Evasion Moves Clause: Evasion moves are banned
|rule|Evasion Abilities Clause: Evasion abilities are banned
|rule|Sleep Moves Clause: Sleep-inducing moves are banned
|clearpoke
|poke|p1|Corviknight, M|
|poke|p1|Gliscor, M|
|poke|p1|Zamazenta-*|
|poke|p1|Gholdengo|
|poke|p1|Pelipper, M|
|poke|p1|Barraskewda, M|
|poke|p2|Drifblim, M|
|poke|p2|Rillaboom, F|
|poke|p2|Magnezone|
|poke|p2|Muk-Alola, F|
|poke|p2|Ting-Lu|
|poke|p2|Corviknight, M|
|teampreview
|inactive|Battle timer is ON: inactive players will automatically lose when time's up. (requested by lorddarkskin)
|
|t:|1758266393
|teamsize|p1|6
|teamsize|p2|6
|start
|switch|p1a: Gliscor|Gliscor, M|100/100
|switch|p2a: Rillaboom|Rillaboom, F|100/100
|-fieldstart|move: Grassy Terrain|[from] ability: Grassy Surge|[of] p2a: Rillaboom
|turn|1
|
|t:|1758266401
|switch|p2a: Magnezone|Magnezone|100/100
|move|p1a: Gliscor|Protect||[still]
|-fail|p1a: Gliscor
|
|-status|p1a: Gliscor|tox|[from] item: Toxic Orb
|upkeep
|turn|2
|
|t:|1758266412
|move|p1a: Gliscor|Protect|p1a: Gliscor
|-singleturn|p1a: Gliscor|Protect
|move|p2a: Magnezone|Flash Cannon|p1a: Gliscor
|-activate|p1a: Gliscor|move: Protect
|
|upkeep
|turn|3
|
|t:|1758266416
|move|p1a: Gliscor|Knock Off|p2a: Magnezone
|-damage|p2a: Magnezone|82/100
|-enditem|p2a: Magnezone|Choice Specs|[from] move: Knock Off|[of] p1a: Gliscor
|move|p2a: Magnezone|Flash Cannon|p1a: Gliscor
|-damage|p1a: Gliscor|26/100 tox
|
|-heal|p2a: Magnezone|88/100|[from] Grassy Terrain
|-heal|p1a: Gliscor|39/100 tox|[from] ability: Poison Heal
|upkeep
|turn|4
|
|t:|1758266423
|move|p1a: Gliscor|Protect|p1a: Gliscor
|-singleturn|p1a: Gliscor|Protect
|move|p2a: Magnezone|Flash Cannon|p1a: Gliscor
|-activate|p1a: Gliscor|move: Protect
|
|-heal|p2a: Magnezone|94/100|[from] Grassy Terrain
|-heal|p1a: Gliscor|51/100 tox|[from] ability: Poison Heal
|upkeep
|turn|5
|
|t:|1758266431
|switch|p1a: Gholdengo|Gholdengo|100/100
|move|p2a: Magnezone|Volt Switch|p1a: Gholdengo
|-damage|p1a: Gholdengo|49/100
|
|t:|1758266438
|switch|p2a: Muk|Muk-Alola, F|100/100|[from] Volt Switch
|
|-heal|p1a: Gholdengo|55/100|[from] Grassy Terrain
|-heal|p1a: Gholdengo|61/100|[from] item: Leftovers
|upkeep
|turn|6
|
|t:|1758266455
|move|p1a: Gholdengo|Thunder Wave|p2a: Muk
|-status|p2a: Muk|par
|move|p2a: Muk|Knock Off|p1a: Gholdengo
|-supereffective|p1a: Gholdengo
|-damage|p1a: Gholdengo|16/100
|-enditem|p1a: Gholdengo|Leftovers|[from] move: Knock Off|[of] p2a: Muk
|
|-heal|p1a: Gholdengo|22/100|[from] Grassy Terrain
|upkeep
|turn|7
|
|t:|1758266469
|switch|p2a: Ting-Lu|Ting-Lu|100/100
|-ability|p2a: Ting-Lu|Vessel of Ruin
|move|p1a: Gholdengo|Recover|p1a: Gholdengo
|-heal|p1a: Gholdengo|72/100
|
|-heal|p1a: Gholdengo|78/100|[from] Grassy Terrain
|upkeep
|turn|8
|
|t:|1758266485
|switch|p1a: Pelipper|Pelipper, M|100/100
|-weather|RainDance|[from] ability: Drizzle|[of] p1a: Pelipper
|move|p2a: Ting-Lu|Spikes|p1a: Pelipper
|-sidestart|p1: lorddarkskin|Spikes
|
|-weather|RainDance|[upkeep]
|-fieldend|move: Grassy Terrain
|upkeep
|turn|9
|
|t:|1758266489
|move|p1a: Pelipper|Weather Ball|p2a: Ting-Lu
|-supereffective|p2a: Ting-Lu
|-damage|p2a: Ting-Lu|56/100
|move|p2a: Ting-Lu|Spikes|p1a: Pelipper
|-sidestart|p1: lorddarkskin|Spikes
|
|-weather|RainDance|[upkeep]
|-heal|p2a: Ting-Lu|62/100|[from] item: Leftovers
|upkeep
|turn|10
|
|t:|1758266492
|move|p2a: Ting-Lu|Protect|p2a: Ting-Lu
|-singleturn|p2a: Ting-Lu|Protect
|move|p1a: Pelipper|Weather Ball|p2a: Ting-Lu
|-activate|p2a: Ting-Lu|move: Protect
|
|-weather|RainDance|[upkeep]
|-heal|p2a: Ting-Lu|68/100|[from] item: Leftovers
|upkeep
|turn|11
|
|t:|1758266494
|switch|p2a: Rillaboom|Rillaboom, F|100/100
|-fieldstart|move: Grassy Terrain|[from] ability: Grassy Surge|[of] p2a: Rillaboom
|move|p1a: Pelipper|Weather Ball|p2a: Rillaboom
|-resisted|p2a: Rillaboom
|-damage|p2a: Rillaboom|69/100
|
|-weather|RainDance|[upkeep]
|-heal|p2a: Rillaboom|75/100|[from] Grassy Terrain
|upkeep
|turn|12
|
|t:|1758266497
|move|p2a: Rillaboom|U-turn|p1a: Pelipper
|-resisted|p1a: Pelipper
|-damage|p1a: Pelipper|91/100
|
|t:|1758266499
|switch|p2a: Ting-Lu|Ting-Lu|68/100|[from] U-turn
|-ability|p2a: Ting-Lu|Vessel of Ruin
|move|p1a: Pelipper|Hurricane|p2a: Ting-Lu
|-damage|p2a: Ting-Lu|53/100
|
|-weather|RainDance|[upkeep]
|-heal|p2a: Ting-Lu|60/100|[from] Grassy Terrain
|-heal|p2a: Ting-Lu|66/100|[from] item: Leftovers
|upkeep
|turn|13
|
|t:|1758266505
|switch|p1a: Barraskewda|Barraskewda, M, shiny|100/100
|-damage|p1a: Barraskewda|84/100|[from] Spikes
|move|p2a: Ting-Lu|Spikes|p1a: Barraskewda
|-sidestart|p1: lorddarkskin|Spikes
|
|-weather|RainDance|[upkeep]
|-heal|p1a: Barraskewda|90/100|[from] Grassy Terrain
|-heal|p2a: Ting-Lu|72/100|[from] Grassy Terrain
|-heal|p2a: Ting-Lu|78/100|[from] item: Leftovers
|upkeep
|turn|14
|
|t:|1758266511
|move|p2a: Ting-Lu|Protect|p2a: Ting-Lu
|-singleturn|p2a: Ting-Lu|Protect
|move|p1a: Barraskewda|Liquidation|p2a: Ting-Lu
|-activate|p2a: Ting-Lu|move: Protect
|
|-weather|RainDance|[upkeep]
|-heal|p1a: Barraskewda|96/100|[from] Grassy Terrain
|-heal|p2a: Ting-Lu|85/100|[from] Grassy Terrain
|-heal|p2a: Ting-Lu|91/100|[from] item: Leftovers
|upkeep
|turn|15
|
|t:|1758266515
|switch|p2a: Rillaboom|Rillaboom, F|75/100
|move|p1a: Barraskewda|Liquidation|p2a: Rillaboom
|-resisted|p2a: Rillaboom
|-damage|p2a: Rillaboom|27/100
|
|-weather|none
|-heal|p1a: Barraskewda|100/100|[from] Grassy Terrain
|-heal|p2a: Rillaboom|33/100|[from] Grassy Terrain
|upkeep
|turn|16
|
|t:|1758266522
|switch|p1a: Corviknight|Corviknight, M|100/100
|move|p2a: Rillaboom|Leech Seed|p1a: Corviknight
|-start|p1a: Corviknight|move: Leech Seed
|
|-heal|p2a: Rillaboom|40/100|[from] Grassy Terrain
|-damage|p1a: Corviknight|88/100|[from] Leech Seed|[of] p2a: Rillaboom
|-heal|p2a: Rillaboom|54/100|[silent]
|upkeep
|turn|17
|
|t:|1758266525
|move|p2a: Rillaboom|Protect|p2a: Rillaboom
|-singleturn|p2a: Rillaboom|Protect
|move|p1a: Corviknight|Defog|p2a: Rillaboom
|-activate|p2a: Rillaboom|move: Protect
|
|-heal|p2a: Rillaboom|60/100|[from] Grassy Terrain
|-damage|p1a: Corviknight|76/100|[from] Leech Seed|[of] p2a: Rillaboom
|-heal|p2a: Rillaboom|74/100|[silent]
|upkeep
|turn|18
|
|t:|1758266530
|switch|p2a: Magnezone|Magnezone|94/100
|move|p1a: Corviknight|Defog|p2a: Magnezone
|-unboost|p2a: Magnezone|evasion|1
|-sideend|p1: lorddarkskin|Spikes|[from] move: Defog|[of] p1a: Corviknight
|-fieldend|move: Grassy Terrain
|
|-damage|p1a: Corviknight|64/100|[from] Leech Seed|[of] p2a: Magnezone
|-heal|p2a: Magnezone|100/100|[silent]
|upkeep
|turn|19
|
|t:|1758266542
|move|p1a: Corviknight|Roost|p1a: Corviknight
|-heal|p1a: Corviknight|100/100
|-singleturn|p1a: Corviknight|move: Roost
|move|p2a: Magnezone|Flash Cannon|p1a: Corviknight
|-resisted|p1a: Corviknight
|-damage|p1a: Corviknight|71/100
|-ability|p1a: Corviknight|Mirror Armor
|-unboost|p2a: Magnezone|spd|1
|
|-damage|p1a: Corviknight|59/100|[from] Leech Seed|[of] p2a: Magnezone
|upkeep
|turn|20
|
|t:|1758266552
|switch|p1a: Gliscor|Gliscor, M|51/100 tox
|move|p2a: Magnezone|Flash Cannon|p1a: Gliscor
|-damage|p1a: Gliscor|0 fnt
|faint|p1a: Gliscor
|
|upkeep
|
|t:|1758266563
|switch|p1a: Gholdengo|Gholdengo|78/100
|turn|21
|
|t:|1758266570
|switch|p1a: Barraskewda|Barraskewda, M, shiny|100/100
|switch|p2a: Ting-Lu|Ting-Lu|91/100
|-ability|p2a: Ting-Lu|Vessel of Ruin
|
|-heal|p2a: Ting-Lu|97/100|[from] item: Leftovers
|upkeep
|turn|22
|
|t:|1758266575
|move|p2a: Ting-Lu|Protect|p2a: Ting-Lu
|-singleturn|p2a: Ting-Lu|Protect
|move|p1a: Barraskewda|Flip Turn|p2a: Ting-Lu
|-activate|p2a: Ting-Lu|move: Protect
|
|-heal|p2a: Ting-Lu|100/100|[from] item: Leftovers
|upkeep
|turn|23
|
|t:|1758266579
|switch|p2a: Corviknight|Corviknight, M|100/100
|-ability|p2a: Corviknight|Pressure
|move|p1a: Barraskewda|Flip Turn|p2a: Corviknight
|-damage|p2a: Corviknight|73/100
|
|t:|1758266583
|switch|p1a: Pelipper|Pelipper, M|91/100|[from] Flip Turn
|-weather|RainDance|[from] ability: Drizzle|[of] p1a: Pelipper
|
|-weather|RainDance|[upkeep]
|-heal|p2a: Corviknight|79/100|[from] item: Leftovers
|upkeep
|turn|24
|
|t:|1758266590
|move|p2a: Corviknight|Iron Defense|p2a: Corviknight
|-boost|p2a: Corviknight|def|2
|move|p1a: Pelipper|Hurricane|p2a: Corviknight
|-resisted|p2a: Corviknight
|-damage|p2a: Corviknight|60/100
|
|-weather|RainDance|[upkeep]
|-heal|p2a: Corviknight|66/100|[from] item: Leftovers
|upkeep
|turn|25
|
|t:|1758266596
|move|p2a: Corviknight|U-turn|p1a: Pelipper
|-resisted|p1a: Pelipper
|-crit|p1a: Pelipper
|-damage|p1a: Pelipper|83/100
|
|t:|1758266598
|switch|p2a: Rillaboom|Rillaboom, F|74/100|[from] U-turn
|-fieldstart|move: Grassy Terrain|[from] ability: Grassy Surge|[of] p2a: Rillaboom
|move|p1a: Pelipper|Weather Ball|p2a: Rillaboom
|-resisted|p2a: Rillaboom
|-damage|p2a: Rillaboom|46/100
|
|-weather|RainDance|[upkeep]
|-heal|p2a: Rillaboom|52/100|[from] Grassy Terrain
|upkeep
|turn|26
|
|t:|1758266602
|move|p2a: Rillaboom|U-turn|p1a: Pelipper
|-resisted|p1a: Pelipper
|-damage|p1a: Pelipper|73/100
|
|t:|1758266610
|switch|p2a: Muk|Muk-Alola, F|100/100 par|[from] U-turn
|move|p1a: Pelipper|Hurricane|p2a: Muk
|-damage|p2a: Muk|81/100 par
|
|-weather|RainDance|[upkeep]
|-heal|p2a: Muk|87/100 par|[from] Grassy Terrain
|-heal|p2a: Muk|93/100 par|[from] item: Leftovers
|upkeep
|turn|27
|
|t:|1758266616
|move|p1a: Pelipper|U-turn|p2a: Muk
|-damage|p2a: Muk|84/100 par
|
|t:|1758266618
|switch|p1a: Barraskewda|Barraskewda, M, shiny|100/100|[from] U-turn
|move|p2a: Muk|Knock Off|p1a: Barraskewda
|-damage|p1a: Barraskewda|27/100
|-enditem|p1a: Barraskewda|Choice Band|[from] move: Knock Off|[of] p2a: Muk
|
|-weather|RainDance|[upkeep]
|-heal|p1a: Barraskewda|34/100|[from] Grassy Terrain
|-heal|p2a: Muk|90/100 par|[from] Grassy Terrain
|-heal|p2a: Muk|96/100 par|[from] item: Leftovers
|upkeep
|turn|28
|
|t:|1758266629
|move|p1a: Barraskewda|Close Combat|p2a: Muk
|-damage|p2a: Muk|53/100 par
|-unboost|p1a: Barraskewda|def|1
|-unboost|p1a: Barraskewda|spd|1
|cant|p2a: Muk|par
|
|-weather|RainDance|[upkeep]
|-heal|p1a: Barraskewda|40/100|[from] Grassy Terrain
|-heal|p2a: Muk|59/100 par|[from] Grassy Terrain
|-heal|p2a: Muk|65/100 par|[from] item: Leftovers
|upkeep
|turn|29
|
|t:|1758266636
|switch|p1a: Corviknight|Corviknight, M|59/100
|switch|p2a: Rillaboom|Rillaboom, F|52/100
|
|-weather|RainDance|[upkeep]
|-heal|p2a: Rillaboom|58/100|[from] Grassy Terrain
|upkeep
|turn|30
|
|t:|1758266641
|move|p1a: Corviknight|U-turn|p2a: Rillaboom
|-supereffective|p2a: Rillaboom
|-damage|p2a: Rillaboom|34/100
|
|t:|1758266646
|switch|p1a: Gholdengo|Gholdengo|78/100|[from] U-turn
|move|p2a: Rillaboom|Leech Seed|p1a: Gholdengo
|-immune|p1a: Gholdengo|[from] ability: Good as Gold
|
|-weather|none
|-heal|p1a: Gholdengo|84/100|[from] Grassy Terrain
|-heal|p2a: Rillaboom|40/100|[from] Grassy Terrain
|upkeep
|turn|31
|
|t:|1758266652
|switch|p2a: Magnezone|Magnezone|100/100
|move|p1a: Gholdengo|Shadow Ball|p2a: Magnezone
|-damage|p2a: Magnezone|63/100
|
|-heal|p1a: Gholdengo|90/100|[from] Grassy Terrain
|-heal|p2a: Magnezone|69/100|[from] Grassy Terrain
|upkeep
|turn|32
|
|t:|1758266656
|move|p1a: Gholdengo|Shadow Ball|p2a: Magnezone
|-damage|p2a: Magnezone|31/100
|-unboost|p2a: Magnezone|spd|1
|move|p2a: Magnezone|Volt Switch|p1a: Gholdengo
|-crit|p1a: Gholdengo
|-damage|p1a: Gholdengo|15/100
|
|t:|1758266664
|switch|p2a: Drifblim|Drifblim, M|100/100|[from] Volt Switch
|-enditem|p2a: Drifblim|Grassy Seed
|-boost|p2a: Drifblim|def|1|[from] item: Grassy Seed
|
|-heal|p1a: Gholdengo|21/100|[from] Grassy Terrain
|-fieldend|move: Grassy Terrain
|upkeep
|turn|33
|
|t:|1758266672
|-terastallize|p2a: Drifblim|Electric
|move|p2a: Drifblim|Calm Mind|p2a: Drifblim
|-boost|p2a: Drifblim|spa|1
|-boost|p2a: Drifblim|spd|1
|move|p1a: Gholdengo|Shadow Ball|p2a: Drifblim
|-damage|p2a: Drifblim|71/100
|
|upkeep
|turn|34
|
|t:|1758266678
|move|p2a: Drifblim|Calm Mind|p2a: Drifblim
|-boost|p2a: Drifblim|spa|1
|-boost|p2a: Drifblim|spd|1
|move|p1a: Gholdengo|Shadow Ball|p2a: Drifblim
|-damage|p2a: Drifblim|48/100
|
|upkeep
|turn|35
|
|t:|1758266682
|move|p2a: Drifblim|Shadow Ball|p1a: Gholdengo
|-supereffective|p1a: Gholdengo
|-damage|p1a: Gholdengo|0 fnt
|faint|p1a: Gholdengo
|
|upkeep
|
|t:|1758266687
|switch|p1a: Barraskewda|Barraskewda, M, shiny|40/100
|turn|36
|
|t:|1758266695
|move|p2a: Drifblim|Strength Sap|p1a: Barraskewda
|-unboost|p1a: Barraskewda|atk|1
|-heal|p2a: Drifblim|100/100
|move|p1a: Barraskewda|Close Combat|p2a: Drifblim
|-damage|p2a: Drifblim|78/100
|-unboost|p1a: Barraskewda|def|1
|-unboost|p1a: Barraskewda|spd|1
|
|upkeep
|turn|37
|-message|lorddarkskin forfeited.
|
|win|darkmaniman+minus
|raw|lorddarkskin's rating: 1334 &rarr; <strong>1317</strong><br />(-17 for losing)
|raw|darkmaniman+minus's rating: 1378 &rarr; <strong>1395</strong><br />(+17 for winning)
|l|☆lorddarkskin
|player|p1|
|l|☆darkmaniman+minus
|player|p2|
