|j|☆BigBungusBong
|j|☆Okeyko
|t:|1758342186
|gametype|singles
|player|p1|BigBungusBong|blackbelt-gen4dp|1417
|player|p2|Okeyko|lillie-z|1461
|gen|9
|tier|[Gen 9] OU
|rated|
|rule|HP Percentage Mod: HP is shown in percentages
|rule|Endless Battle Clause: Forcing endless battles is banned
|rule|Species Clause: Limit one of each Pokémon
|rule|OHKO Clause: OHKO moves are banned
|rule|Evasion Items Clause: Evasion items are banned
|rule|Evasion Moves Clause: Evasion moves are banned
|rule|Evasion Abilities Clause: Evasion abilities are banned
|rule|Sleep Moves Clause: Sleep-inducing moves are banned
|clearpoke
|poke|p1|Gliscor, F|
|poke|p1|Torkoal, F|
|poke|p1|Gholdengo|
|poke|p1|Great Tusk|
|poke|p1|Walking Wake|
|poke|p1|Rillaboom, F|
|poke|p2|Araquanid, M|
|poke|p2|Enamorus, F|
|poke|p2|Maushold-Four|
|poke|p2|Raging Bolt|
|poke|p2|Iron Valiant|
|poke|p2|Kingambit, F|
|teampreview
|
|t:|1758342204
|teamsize|p1|6
|teamsize|p2|6
|start
|switch|p1a: Rillaboom|Rillaboom, F|100/100
|switch|p2a: Araquanid|Araquanid, M|100/100
|-fieldstart|move: Grassy Terrain|[from] ability: Grassy Surge|[of] p1a: Rillaboom
|turn|1
|
|t:|1758342208
|move|p1a: Rillaboom|Wood Hammer|p2a: Araquanid
|-damage|p2a: Araquanid|3/100
|-damage|p1a: Rillaboom|84/100|[from] item: Rocky Helmet|[of] p2a: Araquanid
|-damage|p1a: Rillaboom|52/100|[from] Recoil
|move|p2a: Araquanid|Sticky Web|p1a: Rillaboom
|-sidestart|p1: BigBungusBong|move: Sticky Web
|
|-heal|p1a: Rillaboom|58/100|[from] Grassy Terrain
|-heal|p2a: Araquanid|10/100|[from] Grassy Terrain
|upkeep
|turn|2
|
|t:|1758342221
|move|p1a: Rillaboom|Wood Hammer|p2a: Araquanid
|-damage|p2a: Araquanid|0 fnt
|-damage|p1a: Rillaboom|42/100|[from] item: Rocky Helmet|[of] p2a: Araquanid
|faint|p2a: Araquanid
|-damage|p1a: Rillaboom|39/100|[from] Recoil
|
|-heal|p1a: Rillaboom|45/100|[from] Grassy Terrain
|upkeep
|
|t:|1758342242
|switch|p2a: Raging Bolt|Raging Bolt|100/100
|-enditem|p2a: Raging Bolt|Booster Energy
|-activate|p2a: Raging Bolt|ability: Protosynthesis|[fromitem]
|-start|p2a: Raging Bolt|protosynthesisspa
|turn|3
|
|t:|1758342251
|move|p2a: Raging Bolt|Dragon Pulse|p1a: Rillaboom
|-crit|p1a: Rillaboom
|-damage|p1a: Rillaboom|0 fnt
|faint|p1a: Rillaboom
|
|upkeep
|
|t:|1758342284
|switch|p1a: Walking Wake|Walking Wake|100/100
|-activate|p1a: Walking Wake|move: Sticky Web
|-unboost|p1a: Walking Wake|spe|1
|turn|4
|inactive|Battle timer is ON: inactive players will automatically lose when time's up. (requested by Okeyko)
|
|t:|1758342296
|-end|p2a: Raging Bolt|Protosynthesis|[silent]
|switch|p2a: Enamorus|Enamorus, F|100/100
|move|p1a: Walking Wake|Draco Meteor|p2a: Enamorus
|-immune|p2a: Enamorus
|
|upkeep
|turn|5
|
|t:|1758342306
|-end|p1a: Walking Wake|Protosynthesis|[silent]
|switch|p1a: Gliscor|Gliscor, F|100/100
|move|p2a: Enamorus|Earth Power|p1a: Gliscor
|-immune|p1a: Gliscor
|
|-fieldend|move: Grassy Terrain
|-status|p1a: Gliscor|tox|[from] item: Toxic Orb
|upkeep
|turn|6
|
|t:|1758342317
|switch|p2a: Iron Valiant|Iron Valiant|100/100
|-enditem|p2a: Iron Valiant|Booster Energy
|-activate|p2a: Iron Valiant|ability: Quark Drive|[fromitem]
|-start|p2a: Iron Valiant|quarkdriveatk
|move|p1a: Gliscor|Swords Dance|p1a: Gliscor
|-boost|p1a: Gliscor|atk|2
|
|upkeep
|turn|7
|
|t:|1758342329
|move|p1a: Gliscor|Protect|p1a: Gliscor
|-singleturn|p1a: Gliscor|Protect
|move|p2a: Iron Valiant|Ice Punch|p1a: Gliscor
|-activate|p1a: Gliscor|move: Protect
|
|upkeep
|turn|8
|
|t:|1758342334
|-terastallize|p1a: Gliscor|Normal
|move|p2a: Iron Valiant|Close Combat|p1a: Gliscor
|-supereffective|p1a: Gliscor
|-damage|p1a: Gliscor|0 fnt
|-unboost|p2a: Iron Valiant|def|1
|-unboost|p2a: Iron Valiant|spd|1
|faint|p1a: Gliscor
|
|upkeep
|
|t:|1758342358
|switch|p1a: Gholdengo|Gholdengo|100/100
|-item|p1a: Gholdengo|Air Balloon
|turn|9
|
|t:|1758342364
|move|p2a: Iron Valiant|Spirit Break|p1a: Gholdengo
|-resisted|p1a: Gholdengo
|-damage|p1a: Gholdengo|83/100
|-unboost|p1a: Gholdengo|spa|1
|-enditem|p1a: Gholdengo|Air Balloon
|move|p1a: Gholdengo|Make It Rain|p2a: Iron Valiant
|-supereffective|p2a: Iron Valiant
|-damage|p2a: Iron Valiant|0 fnt
|-unboost|p1a: Gholdengo|spa|1
|faint|p2a: Iron Valiant
|-end|p2a: Iron Valiant|Quark Drive|[silent]
|
|upkeep
|
|t:|1758342385
|switch|p2a: Maushold|Maushold-Four|100/100
|turn|10
|
|t:|1758342390
|move|p2a: Maushold|Bite|p1a: Gholdengo
|-supereffective|p1a: Gholdengo
|-damage|p1a: Gholdengo|50/100
|move|p1a: Gholdengo|Thunder Wave|p2a: Maushold|[miss]
|-miss|p1a: Gholdengo|p2a: Maushold
|
|upkeep
|turn|11
|
|t:|1758342397
|switch|p2a: Raging Bolt|Raging Bolt|100/100
|move|p1a: Gholdengo|Recover|p1a: Gholdengo
|-heal|p1a: Gholdengo|100/100
|
|upkeep
|turn|12
|
|t:|1758342403
|switch|p1a: Great Tusk|Great Tusk|100/100
|-activate|p1a: Great Tusk|move: Sticky Web
|-unboost|p1a: Great Tusk|spe|1
|move|p2a: Raging Bolt|Thunderbolt|p1a: Great Tusk
|-immune|p1a: Great Tusk
|
|upkeep
|turn|13
|
|t:|1758342410
|-terastallize|p2a: Raging Bolt|Ice
|move|p2a: Raging Bolt|Tera Blast|p1a: Great Tusk|[anim] Tera Blast Ice
|-supereffective|p1a: Great Tusk
|-damage|p1a: Great Tusk|0 fnt
|faint|p1a: Great Tusk
|-end|p1a: Great Tusk|Protosynthesis|[silent]
|
|upkeep
|
|t:|1758342418
|switch|p1a: Gholdengo|Gholdengo|100/100
|-activate|p1a: Gholdengo|move: Sticky Web
|-unboost|p1a: Gholdengo|spe|1
|turn|14
|
|t:|1758342421
|-end|p2a: Raging Bolt|Protosynthesis|[silent]
|switch|p2a: Kingambit|Kingambit, F|100/100
|-activate|p2a: Kingambit|ability: Supreme Overlord
|-start|p2a: Kingambit|fallen2|[silent]
|move|p1a: Gholdengo|Thunder Wave|p2a: Kingambit|[miss]
|-miss|p1a: Gholdengo|p2a: Kingambit
|
|upkeep
|turn|15
|
|t:|1758342429
|switch|p1a: Torkoal|Torkoal, F|100/100
|-activate|p1a: Torkoal|move: Sticky Web
|-unboost|p1a: Torkoal|spe|1
|-weather|SunnyDay|[from] ability: Drought|[of] p1a: Torkoal
|move|p2a: Kingambit|Kowtow Cleave|p1a: Torkoal
|-damage|p1a: Torkoal|53/100
|-damage|p2a: Kingambit|91/100|[from] item: Life Orb
|
|-weather|SunnyDay|[upkeep]
|upkeep
|turn|16
|
|t:|1758342444
|move|p2a: Kingambit|Iron Head|p1a: Torkoal
|-resisted|p1a: Torkoal
|-damage|p1a: Torkoal|30/100
|-damage|p2a: Kingambit|81/100|[from] item: Life Orb
|cant|p1a: Torkoal|flinch
|
|-weather|SunnyDay|[upkeep]
|upkeep
|turn|17
|
|t:|1758342449
|move|p2a: Kingambit|Kowtow Cleave|p1a: Torkoal
|-damage|p1a: Torkoal|0 fnt
|faint|p1a: Torkoal
|-damage|p2a: Kingambit|71/100|[from] item: Life Orb
|
|-weather|SunnyDay|[upkeep]
|upkeep
|-message|BigBungusBong forfeited.
|
|win|Okeyko
|raw|BigBungusBong's rating: 1417 &rarr; <strong>1400</strong><br />(-17 for losing)
|raw|Okeyko's rating: 1461 &rarr; <strong>1478</strong><br />(+17 for winning)
|l|☆BigBungusBong
|player|p1|
|l|☆Okeyko
|player|p2|
