|j|☆Ghost_DZ
|j|☆ExecutiveExeggcute
|t:|1758237086
|gametype|singles
|player|p1|Ghost_DZ|volkner|1432
|player|p2|ExecutiveExeggcute|265|1426
|gen|9
|tier|[Gen 9] OU
|rated|
|rule|HP Percentage Mod: HP is shown in percentages
|rule|Endless Battle Clause: Forcing endless battles is banned
|rule|Species Clause: Limit one of each Pokémon
|rule|OHKO Clause: OHKO moves are banned
|rule|Evasion Items Clause: Evasion items are banned
|rule|Evasion Moves Clause: Evasion moves are banned
|rule|Evasion Abilities Clause: Evasion abilities are banned
|rule|Sleep Moves Clause: Sleep-inducing moves are banned
|clearpoke
|poke|p1|Landorus-Therian, M|
|poke|p1|Iron Valiant|
|poke|p1|Iron Moth|
|poke|p1|Dragonite, M|
|poke|p1|Raging Bolt|
|poke|p1|Samurott-Hisui, M|
|poke|p2|Indeedee, M|
|poke|p2|Armarouge, M|
|poke|p2|Hawlucha, M|
|poke|p2|Polteageist-Antique|
|poke|p2|Morpeko, M|
|poke|p2|Glaceon, F|
|teampreview
|inactive|Battle timer is ON: inactive players will automatically lose when time's up. (requested by Ghost_DZ)
|
|t:|1758237091
|teamsize|p1|6
|teamsize|p2|6
|start
|switch|p1a: Samurott|Samurott-Hisui, M|100/100
|switch|p2a: Hampter|Morpeko, M, shiny|100/100
|turn|1
|
|t:|1758237095
|switch|p1a: Landorus|Landorus-Therian, M|100/100
|-ability|p1a: Landorus|Intimidate|boost
|-unboost|p2a: Hampter|atk|1
|move|p2a: Hampter|Aura Wheel|p1a: Landorus
|-immune|p1a: Landorus
|
|-formechange|p2a: Hampter|Morpeko-Hangry||[from] ability: Hunger Switch
|upkeep
|turn|2
|
|t:|1758237100
|move|p2a: Hampter|Taunt|p1a: Landorus
|-start|p1a: Landorus|move: Taunt
|cant|p1a: Landorus|move: Taunt|Stealth Rock
|
|-formechange|p2a: Hampter|Morpeko||[from] ability: Hunger Switch
|upkeep
|turn|3
|
|t:|1758237105
|move|p2a: Hampter|Parting Shot|p1a: Landorus
|-unboost|p1a: Landorus|atk|1
|-unboost|p1a: Landorus|spa|1
|
|t:|1758237110
|switch|p2a: Gacha Eyes|Armarouge, M, shiny|100/100|[from] Parting Shot
|move|p1a: Landorus|Earthquake|p2a: Gacha Eyes
|-supereffective|p2a: Gacha Eyes
|-damage|p2a: Gacha Eyes|27/100
|-ability|p2a: Gacha Eyes|Weak Armor|boost
|-unboost|p2a: Gacha Eyes|def|1
|-boost|p2a: Gacha Eyes|spe|2
|
|upkeep
|turn|4
|
|t:|1758237119
|switch|p1a: Samurott|Samurott-Hisui, M|100/100
|move|p2a: Gacha Eyes|Armor Cannon|p1a: Samurott
|-resisted|p1a: Samurott
|-damage|p1a: Samurott|32/100
|-unboost|p2a: Gacha Eyes|def|1
|-unboost|p2a: Gacha Eyes|spd|1
|
|upkeep
|turn|5
|
|t:|1758237125
|move|p1a: Samurott|Sucker Punch|p2a: Gacha Eyes
|-supereffective|p2a: Gacha Eyes
|-damage|p2a: Gacha Eyes|0 fnt
|faint|p2a: Gacha Eyes
|
|upkeep
|
|t:|1758237129
|switch|p2a: Hampter|Morpeko, M, shiny|100/100
|turn|6
|
|t:|1758237134
|switch|p1a: Landorus|Landorus-Therian, M|100/100
|-ability|p1a: Landorus|Intimidate|boost
|-unboost|p2a: Hampter|atk|1
|move|p2a: Hampter|Parting Shot|p1a: Landorus
|-unboost|p1a: Landorus|atk|1
|-unboost|p1a: Landorus|spa|1
|
|t:|1758237141
|switch|p2a: Emma Frost|Glaceon, F, shiny|100/100|[from] Parting Shot
|
|upkeep
|turn|7
|
|t:|1758237146
|switch|p1a: Iron Moth|Iron Moth|100/100
|-enditem|p1a: Iron Moth|Booster Energy
|-activate|p1a: Iron Moth|ability: Quark Drive|[fromitem]
|-start|p1a: Iron Moth|quarkdrivespe
|move|p2a: Emma Frost|Ice Beam|p1a: Iron Moth
|-resisted|p1a: Iron Moth
|-damage|p1a: Iron Moth|76/100
|
|upkeep
|turn|8
|
|t:|1758237159
|switch|p2a: Femboy Maid|Indeedee, M|100/100
|-fieldstart|move: Psychic Terrain|[from] ability: Psychic Surge|[of] p2a: Femboy Maid
|move|p1a: Iron Moth|Fiery Dance|p2a: Femboy Maid
|-damage|p2a: Femboy Maid|40/100
|-boost|p1a: Iron Moth|spa|1
|
|upkeep
|turn|9
|
|t:|1758237169
|switch|p2a: Hampter|Morpeko, M, shiny|100/100
|move|p1a: Iron Moth|Fiery Dance|p2a: Hampter
|-enditem|p2a: Hampter|Focus Sash
|-damage|p2a: Hampter|1/100
|
|-formechange|p2a: Hampter|Morpeko-Hangry||[from] ability: Hunger Switch
|upkeep
|turn|10
|
|t:|1758237176
|move|p1a: Iron Moth|Fiery Dance|p2a: Hampter
|-damage|p2a: Hampter|0 fnt
|-boost|p1a: Iron Moth|spa|1
|faint|p2a: Hampter
|
|upkeep
|
|t:|1758237201
|switch|p2a: Body Tea|Polteageist-Antique, shiny|100/100
|turn|11
|
|t:|1758237209
|move|p1a: Iron Moth|Fiery Dance|p2a: Body Tea
|-damage|p2a: Body Tea|2/100
|move|p2a: Body Tea|Shell Smash|p2a: Body Tea
|-unboost|p2a: Body Tea|def|1
|-unboost|p2a: Body Tea|spd|1
|-boost|p2a: Body Tea|atk|2
|-boost|p2a: Body Tea|spa|2
|-boost|p2a: Body Tea|spe|2
|
|upkeep
|turn|12
|
|t:|1758237216
|-terastallize|p1a: Iron Moth|Dark
|move|p1a: Iron Moth|Fiery Dance|p2a: Body Tea
|-damage|p2a: Body Tea|0 fnt
|-boost|p1a: Iron Moth|spa|1
|faint|p2a: Body Tea
|
|upkeep
|
|t:|1758237221
|switch|p2a: Short King|Hawlucha, M|100/100
|-enditem|p2a: Short King|Psychic Seed
|-boost|p2a: Short King|spd|1|[from] item: Psychic Seed
|turn|13
|
|t:|1758237228
|move|p2a: Short King|Close Combat|p1a: Iron Moth
|-supereffective|p1a: Iron Moth
|-damage|p1a: Iron Moth|0 fnt
|-unboost|p2a: Short King|def|1
|-unboost|p2a: Short King|spd|1
|faint|p1a: Iron Moth
|-end|p1a: Iron Moth|Quark Drive|[silent]
|
|upkeep
|
|t:|1758237232
|switch|p1a: Landorus|Landorus-Therian, M|100/100
|-ability|p1a: Landorus|Intimidate|boost
|-unboost|p2a: Short King|atk|1
|turn|14
|
|t:|1758237256
|move|p2a: Short King|Swords Dance|p2a: Short King
|-boost|p2a: Short King|atk|2
|move|p1a: Landorus|U-turn|p2a: Short King
|-resisted|p2a: Short King
|-damage|p2a: Short King|87/100
|
|t:|1758237259
|switch|p1a: Raging Bolt|Raging Bolt|100/100|[from] U-turn
|
|upkeep
|turn|15
|
|t:|1758237267
|-terastallize|p2a: Short King|Fighting
|move|p2a: Short King|Close Combat|p1a: Raging Bolt
|-damage|p1a: Raging Bolt|1/100
|-unboost|p2a: Short King|def|1
|-unboost|p2a: Short King|spd|1
|move|p1a: Raging Bolt|Thunderbolt|p2a: Short King
|-damage|p2a: Short King|0 fnt
|faint|p2a: Short King
|
|-fieldend|move: Psychic Terrain
|upkeep
|
|t:|1758237275
|switch|p2a: Femboy Maid|Indeedee, M|40/100
|-fieldstart|move: Psychic Terrain|[from] ability: Psychic Surge|[of] p2a: Femboy Maid
|turn|16
|
|t:|1758237281
|move|p2a: Femboy Maid|Expanding Force|p1a: Raging Bolt
|-damage|p1a: Raging Bolt|0 fnt
|faint|p1a: Raging Bolt
|-end|p1a: Raging Bolt|Protosynthesis|[silent]
|
|upkeep
|
|t:|1758237290
|switch|p1a: Landorus|Landorus-Therian, M|100/100
|-ability|p1a: Landorus|Intimidate|boost
|-unboost|p2a: Femboy Maid|atk|1
|turn|17
|
|t:|1758237295
|switch|p2a: Emma Frost|Glaceon, F, shiny|100/100
|move|p1a: Landorus|U-turn|p2a: Emma Frost
|-damage|p2a: Emma Frost|71/100
|
|t:|1758237298
|switch|p1a: Iron Valiant|Iron Valiant|100/100|[from] U-turn
|-enditem|p1a: Iron Valiant|Booster Energy
|-activate|p1a: Iron Valiant|ability: Quark Drive|[fromitem]
|-start|p1a: Iron Valiant|quarkdrivespe
|
|upkeep
|turn|18
|
|t:|1758237302
|move|p1a: Iron Valiant|Close Combat|p2a: Emma Frost
|-supereffective|p2a: Emma Frost
|-damage|p2a: Emma Frost|0 fnt
|-unboost|p1a: Iron Valiant|def|1
|-unboost|p1a: Iron Valiant|spd|1
|faint|p2a: Emma Frost
|
|upkeep
|-message|ExecutiveExeggcute forfeited.
|
|win|Ghost_DZ
|raw|Ghost_DZ's rating: 1432 &rarr; <strong>1452</strong><br />(+20 for winning)
|raw|ExecutiveExeggcute's rating: 1426 &rarr; <strong>1406</strong><br />(-20 for losing)
|l|☆Ghost_DZ
|player|p1|
|l|☆ExecutiveExeggcute
|player|p2|
