|j|☆lzweax
|j|☆wyrrrdeer
|t:|1758301806
|gametype|singles
|player|p1|lzweax|1|1187
|player|p2|wyrrrdeer|fantina|1148
|gen|9
|tier|[Gen 9] OU
|rated|
|rule|HP Percentage Mod: HP is shown in percentages
|rule|Endless Battle Clause: Forcing endless battles is banned
|rule|Species Clause: Limit one of each Pokémon
|rule|OHKO Clause: OHKO moves are banned
|rule|Evasion Items Clause: Evasion items are banned
|rule|Evasion Moves Clause: Evasion moves are banned
|rule|Evasion Abilities Clause: Evasion abilities are banned
|rule|Sleep Moves Clause: Sleep-inducing moves are banned
|clearpoke
|poke|p1|Registeel|
|poke|p1|Landorus-Therian, M|
|poke|p1|Volcanion|
|poke|p1|Pecharunt|
|poke|p1|Araquanid, F|
|poke|p1|Raging Bolt|
|poke|p2|Hatterene, F|
|poke|p2|Quaquaval, F|
|poke|p2|Ursaluna, F|
|poke|p2|Ogerpon-Wellspring, F|
|poke|p2|Klefki, M|
|poke|p2|Dragonite, F|
|teampreview
|inactive|Battle timer is ON: inactive players will automatically lose when time's up. (requested by lzweax)
|
|t:|1758301838
|teamsize|p1|6
|teamsize|p2|6
|start
|switch|p1a: Registeel|Registeel|100/100
|switch|p2a: Quaquaval|Quaquaval, F|100/100
|turn|1
|
|t:|1758301844
|move|p2a: Quaquaval|Knock Off|p1a: Registeel
|-damage|p1a: Registeel|79/100
|-enditem|p1a: Registeel|Leftovers|[from] move: Knock Off|[of] p2a: Quaquaval
|move|p1a: Registeel|Iron Defense|p1a: Registeel
|-boost|p1a: Registeel|def|2
|
|upkeep
|turn|2
|
|t:|1758301858
|switch|p2a: Ogerpon|Ogerpon-Wellspring, F|100/100
|move|p1a: Registeel|Thunder Wave|p2a: Ogerpon
|-status|p2a: Ogerpon|par
|
|upkeep
|turn|3
|
|t:|1758301866
|cant|p2a: Ogerpon|par
|move|p1a: Registeel|Stealth Rock|p2a: Ogerpon
|-sidestart|p2: wyrrrdeer|move: Stealth Rock
|
|upkeep
|turn|4
|
|t:|1758301872
|move|p2a: Ogerpon|Focus Energy|p2a: Ogerpon
|-start|p2a: Ogerpon|move: Focus Energy
|move|p1a: Registeel|Body Press|p2a: Ogerpon
|-damage|p2a: Ogerpon|13/100 par
|
|upkeep
|turn|5
|
|t:|1758301879
|-terastallize|p2a: Ogerpon|Water
|detailschange|p2a: Ogerpon|Ogerpon-Wellspring-Tera, F, tera:Water
|-ability|p2a: Ogerpon|Embody Aspect (Wellspring)|boost
|-boost|p2a: Ogerpon|spd|1
|move|p2a: Ogerpon|Ivy Cudgel|p1a: Registeel|[anim] Ivy Cudgel Water
|-crit|p1a: Registeel
|-damage|p1a: Registeel|10/100
|move|p1a: Registeel|Body Press|p2a: Ogerpon
|-damage|p2a: Ogerpon|0 fnt
|faint|p2a: Ogerpon
|detailschange|p2: Ogerpon|Ogerpon-Wellspring, F|[silent]
|
|upkeep
|
|t:|1758301890
|switch|p2a: Dragonite|Dragonite, F|100/100
|turn|6
|
|t:|1758301894
|move|p2a: Dragonite|Thunderbolt|p1a: Registeel
|-damage|p1a: Registeel|0 fnt
|faint|p1a: Registeel
|
|upkeep
|
|t:|1758301901
|switch|p1a: Landorus|Landorus-Therian, M|100/100
|-ability|p1a: Landorus|Intimidate|boost
|-unboost|p2a: Dragonite|atk|1
|turn|7
|
|t:|1758301906
|move|p1a: Landorus|Rock Slide|p2a: Dragonite
|-supereffective|p2a: Dragonite
|-damage|p2a: Dragonite|70/100
|move|p2a: Dragonite|Ice Beam|p1a: Landorus
|-supereffective|p1a: Landorus
|-damage|p1a: Landorus|0 fnt
|faint|p1a: Landorus
|
|upkeep
|
|t:|1758301914
|switch|p1a: Raging Bolt|Raging Bolt|100/100
|-enditem|p1a: Raging Bolt|Booster Energy
|-activate|p1a: Raging Bolt|ability: Protosynthesis|[fromitem]
|-start|p1a: Raging Bolt|protosynthesisspa
|turn|8
|
|t:|1758301922
|-terastallize|p1a: Raging Bolt|Fairy
|move|p2a: Dragonite|Light Screen|p2a: Dragonite
|-sidestart|p2: wyrrrdeer|move: Light Screen
|move|p1a: Raging Bolt|Calm Mind|p1a: Raging Bolt
|-boost|p1a: Raging Bolt|spa|1
|-boost|p1a: Raging Bolt|spd|1
|
|upkeep
|turn|9
|
|t:|1758301930
|switch|p2a: Ursaluna|Ursaluna, F|100/100
|-damage|p2a: Ursaluna|94/100|[from] Stealth Rock
|move|p1a: Raging Bolt|Calm Mind|p1a: Raging Bolt
|-boost|p1a: Raging Bolt|spa|1
|-boost|p1a: Raging Bolt|spd|1
|
|upkeep
|turn|10
|
|t:|1758301938
|move|p1a: Raging Bolt|Draco Meteor|p2a: Ursaluna
|-damage|p2a: Ursaluna|0 fnt
|-unboost|p1a: Raging Bolt|spa|2
|faint|p2a: Ursaluna
|
|upkeep
|-message|wyrrrdeer forfeited.
|
|win|lzweax
|raw|lzweax's rating: 1187 &rarr; <strong>1209</strong><br />(+22 for winning)
|raw|wyrrrdeer's rating: 1148 &rarr; <strong>1126</strong><br />(-22 for losing)
|l|☆lzweax
|player|p1|
|l|☆wyrrrdeer
|player|p2|
