|j|☆kpo2022
|j|☆unexpectoimpregno
|t:|1758287184
|gametype|singles
|player|p1|kpo2022|265|1074
|player|p2|unexpectoimpregno|worker|1098
|gen|9
|tier|[Gen 9] OU
|rated|
|rule|HP Percentage Mod: HP is shown in percentages
|rule|Endless Battle Clause: Forcing endless battles is banned
|rule|Species Clause: Limit one of each Pokémon
|rule|OHKO Clause: OHKO moves are banned
|rule|Evasion Items Clause: Evasion items are banned
|rule|Evasion Moves Clause: Evasion moves are banned
|rule|Evasion Abilities Clause: Evasion abilities are banned
|rule|Sleep Moves Clause: Sleep-inducing moves are banned
|clearpoke
|poke|p1|Kyurem|
|poke|p1|Ninetales-Alola, F|
|poke|p1|Eiscue, F|
|poke|p1|Regice|
|poke|p1|Cetitan, F|
|poke|p1|Ceruledge, F|
|poke|p2|Iron Moth|
|poke|p2|Dragonite, F|
|poke|p2|Landorus-Therian, M|
|poke|p2|Alomomola, M|
|poke|p2|Iron Treads|
|poke|p2|Kyurem|
|teampreview
|inactive|Battle timer is ON: inactive players will automatically lose when time's up. (requested by kpo2022)
|
|t:|1758287203
|teamsize|p1|6
|teamsize|p2|6
|start
|switch|p1a: Ninetales|Ninetales-Alola, F|100/100
|switch|p2a: Landorus|Landorus-Therian, M|100/100
|-weather|Snowscape|[from] ability: Snow Warning|[of] p1a: Ninetales
|-ability|p2a: Landorus|Intimidate|boost
|-unboost|p1a: Ninetales|atk|1
|turn|1
|
|t:|1758287208
|move|p1a: Ninetales|Aurora Veil|p1a: Ninetales
|-sidestart|p1: kpo2022|move: Aurora Veil
|move|p2a: Landorus|Stealth Rock|p1a: Ninetales
|-sidestart|p1: kpo2022|move: Stealth Rock
|
|-weather|Snowscape|[upkeep]
|upkeep
|turn|2
|
|t:|1758287216
|switch|p1a: Kyurem|Kyurem|100/100
|-damage|p1a: Kyurem|76/100|[from] Stealth Rock
|-ability|p1a: Kyurem|Pressure
|move|p2a: Landorus|U-turn|p1a: Kyurem
|-damage|p1a: Kyurem|66/100
|
|t:|1758287229
|switch|p2a: Iron Treads|Iron Treads|100/100|[from] U-turn
|
|-weather|Snowscape|[upkeep]
|upkeep
|turn|3
|
|t:|1758287235
|move|p2a: Iron Treads|Iron Defense|p2a: Iron Treads
|-boost|p2a: Iron Treads|def|2
|move|p1a: Kyurem|Blizzard|p2a: Iron Treads
|-damage|p2a: Iron Treads|34/100
|
|-weather|Snowscape|[upkeep]
|-heal|p2a: Iron Treads|40/100|[from] item: Leftovers
|upkeep
|turn|4
|
|t:|1758287245
|move|p2a: Iron Treads|Body Press|p1a: Kyurem
|-supereffective|p1a: Kyurem
|-damage|p1a: Kyurem|41/100
|move|p1a: Kyurem|Blizzard|p2a: Iron Treads
|-damage|p2a: Iron Treads|0 fnt
|faint|p2a: Iron Treads
|-end|p2a: Iron Treads|Quark Drive|[silent]
|
|-weather|Snowscape|[upkeep]
|upkeep
|
|t:|1758287251
|switch|p2a: Iron Moth|Iron Moth|100/100
|turn|5
|
|t:|1758287260
|move|p2a: Iron Moth|Agility|p2a: Iron Moth
|-boost|p2a: Iron Moth|spe|2
|move|p1a: Kyurem|Draco Meteor|p2a: Iron Moth
|-damage|p2a: Iron Moth|32/100
|-unboost|p1a: Kyurem|spa|2
|
|-weather|none
|upkeep
|turn|6
|
|t:|1758287271
|switch|p1a: Ninetales|Ninetales-Alola, F|100/100
|-damage|p1a: Ninetales|76/100|[from] Stealth Rock
|-weather|Snowscape|[from] ability: Snow Warning|[of] p1a: Ninetales
|move|p2a: Iron Moth|Fiery Dance|p1a: Ninetales
|-supereffective|p1a: Ninetales
|-damage|p1a: Ninetales|33/100
|
|-weather|Snowscape|[upkeep]
|upkeep
|turn|7
|
|t:|1758287283
|move|p2a: Iron Moth|Fiery Dance|p1a: Ninetales
|-supereffective|p1a: Ninetales
|-damage|p1a: Ninetales|0 fnt
|faint|p1a: Ninetales
|
|-weather|Snowscape|[upkeep]
|upkeep
|
|t:|1758287289
|switch|p1a: Cetitan|Cetitan, F|100/100
|-damage|p1a: Cetitan|76/100|[from] Stealth Rock
|turn|8
|
|t:|1758287295
|move|p2a: Iron Moth|Meteor Beam||[still]
|-prepare|p2a: Iron Moth|Meteor Beam
|-boost|p2a: Iron Moth|spa|1
|-enditem|p2a: Iron Moth|Power Herb
|-anim|p2a: Iron Moth|Meteor Beam|p1a: Cetitan
|-supereffective|p1a: Cetitan
|-damage|p1a: Cetitan|8/100
|move|p1a: Cetitan|Earthquake|p2a: Iron Moth
|-supereffective|p2a: Iron Moth
|-damage|p2a: Iron Moth|0 fnt
|faint|p2a: Iron Moth
|-end|p2a: Iron Moth|Quark Drive|[silent]
|
|-weather|Snowscape|[upkeep]
|-sideend|p1: kpo2022|move: Aurora Veil
|upkeep
|
|t:|1758287308
|switch|p2a: Dragonite|Dragonite, F|100/100
|turn|9
|
|t:|1758287319
|-terastallize|p2a: Dragonite|Normal
|move|p1a: Cetitan|Ice Shard|p2a: Dragonite
|-damage|p2a: Dragonite|89/100
|move|p2a: Dragonite|Dragon Dance|p2a: Dragonite
|-boost|p2a: Dragonite|atk|1
|-boost|p2a: Dragonite|spe|1
|
|-weather|Snowscape|[upkeep]
|upkeep
|turn|10
|
|t:|1758287331
|move|p2a: Dragonite|Extreme Speed|p1a: Cetitan
|-damage|p1a: Cetitan|0 fnt
|faint|p1a: Cetitan
|-damage|p2a: Dragonite|79/100|[from] item: Life Orb
|
|-weather|none
|upkeep
|
|t:|1758287342
|switch|p1a: Eiscue|Eiscue, F|100/100
|-damage|p1a: Eiscue|76/100|[from] Stealth Rock
|turn|11
|
|t:|1758287352
|move|p2a: Dragonite|Dragon Dance|p2a: Dragonite
|-boost|p2a: Dragonite|atk|1
|-boost|p2a: Dragonite|spe|1
|move|p1a: Eiscue|Icicle Crash|p2a: Dragonite|[miss]
|-miss|p1a: Eiscue|p2a: Dragonite
|
|-heal|p1a: Eiscue|82/100|[from] item: Leftovers
|upkeep
|turn|12
|
|t:|1758287358
|move|p2a: Dragonite|Extreme Speed|p1a: Eiscue
|-activate|p1a: Eiscue|ability: Ice Face
|-damage|p1a: Eiscue|82/100
|detailschange|p1a: Eiscue|Eiscue-Noice, F
|-damage|p2a: Dragonite|70/100|[from] item: Life Orb
|move|p1a: Eiscue|Icicle Crash|p2a: Dragonite
|-damage|p2a: Dragonite|27/100
|
|-heal|p1a: Eiscue|88/100|[from] item: Leftovers
|upkeep
|turn|13
|
|t:|1758287370
|move|p2a: Dragonite|Extreme Speed|p1a: Eiscue
|-damage|p1a: Eiscue|0 fnt
|faint|p1a: Eiscue
|-damage|p2a: Dragonite|18/100|[from] item: Life Orb
|
|upkeep
|
|t:|1758287383
|switch|p1a: Ceruledge|Ceruledge, F|100/100
|-damage|p1a: Ceruledge|76/100|[from] Stealth Rock
|turn|14
|
|t:|1758287389
|move|p2a: Dragonite|Earthquake|p1a: Ceruledge
|-supereffective|p1a: Ceruledge
|-damage|p1a: Ceruledge|0 fnt
|faint|p1a: Ceruledge
|-damage|p2a: Dragonite|8/100|[from] item: Life Orb
|
|upkeep
|
|t:|1758287393
|switch|p1a: Regice|Regice|100/100
|-damage|p1a: Regice|75/100|[from] Stealth Rock
|turn|15
|
|t:|1758287396
|move|p2a: Dragonite|Extreme Speed|p1a: Regice
|-damage|p1a: Regice|0 fnt
|faint|p1a: Regice
|-damage|p2a: Dragonite|0 fnt|[from] item: Life Orb
|faint|p2a: Dragonite
|
|upkeep
|-message|kpo2022 forfeited.
|
|win|unexpectoimpregno
|raw|kpo2022's rating: 1074 &rarr; <strong>1054</strong><br />(-20 for losing)
|raw|unexpectoimpregno's rating: 1098 &rarr; <strong>1122</strong><br />(+24 for winning)
|l|☆kpo2022
|player|p1|
|c|☆unexpectoimpregno|gg
|l|☆unexpectoimpregno
|player|p2|
