|j|☆manambintsoa
|j|☆skarmoryplays
|t:|1758365491
|gametype|singles
|player|p1|manambintsoa|clown|1441
|player|p2|skarmoryplays|101|1389
|gen|9
|tier|[Gen 9] OU
|rated|
|rule|HP Percentage Mod: HP is shown in percentages
|rule|Endless Battle Clause: Forcing endless battles is banned
|rule|Species Clause: Limit one of each Pokémon
|rule|OHKO Clause: OHKO moves are banned
|rule|Evasion Items Clause: Evasion items are banned
|rule|Evasion Moves Clause: Evasion moves are banned
|rule|Evasion Abilities Clause: Evasion abilities are banned
|rule|Sleep Moves Clause: Sleep-inducing moves are banned
|clearpoke
|poke|p1|Zapdos|
|poke|p1|Slowking-Galar, F|
|poke|p1|Dragonite, F|
|poke|p1|Samurott-Hisui, F|
|poke|p1|Zamazenta-*|
|poke|p1|Fezandipiti, M|
|poke|p2|Pelipper, F|
|poke|p2|Hatterene, F|
|poke|p2|Iron Treads|
|poke|p2|Toxicroak, F|
|poke|p2|Barraskewda, F|
|poke|p2|Zapdos|
|teampreview
|inactive|Battle timer is ON: inactive players will automatically lose when time's up. (requested by skarmoryplays)
|
|t:|1758365508
|teamsize|p1|6
|teamsize|p2|6
|start
|switch|p1a: Zapdos|Zapdos|100/100
|switch|p2a: Pelipper|Pelipper, F|100/100
|-weather|RainDance|[from] ability: Drizzle|[of] p2a: Pelipper
|turn|1
|
|t:|1758365516
|switch|p2a: Iron Treads|Iron Treads|100/100
|move|p1a: Zapdos|U-turn|p2a: Iron Treads
|-resisted|p2a: Iron Treads
|-damage|p2a: Iron Treads|96/100
|
|t:|1758365526
|switch|p1a: Samurott|Samurott-Hisui, F, shiny|100/100|[from] U-turn
|
|-weather|RainDance|[upkeep]
|-heal|p2a: Iron Treads|100/100|[from] item: Leftovers
|upkeep
|turn|2
|
|t:|1758365536
|-end|p2a: Iron Treads|Quark Drive|[silent]
|switch|p2a: Toxicroak|Toxicroak, F|100/100
|move|p1a: Samurott|Ceaseless Edge|p2a: Toxicroak
|-resisted|p2a: Toxicroak
|-damage|p2a: Toxicroak|79/100
|-damage|p1a: Samurott|84/100|[from] item: Rocky Helmet|[of] p2a: Toxicroak
|-sidestart|p2: skarmoryplays|Spikes
|
|-weather|RainDance|[upkeep]
|-heal|p2a: Toxicroak|91/100|[from] ability: Dry Skin
|upkeep
|turn|3
|
|t:|1758365546
|switch|p1a: Zapdos|Zapdos|100/100
|move|p2a: Toxicroak|Knock Off|p1a: Zapdos
|-damage|p1a: Zapdos|81/100
|-status|p2a: Toxicroak|par|[from] ability: Static|[of] p1a: Zapdos
|-enditem|p1a: Zapdos|Heavy-Duty Boots|[from] move: Knock Off|[of] p2a: Toxicroak
|
|-weather|RainDance|[upkeep]
|-heal|p2a: Toxicroak|100/100 par|[from] ability: Dry Skin
|upkeep
|turn|4
|
|t:|1758365555
|switch|p2a: Iron Treads|Iron Treads|100/100
|-damage|p2a: Iron Treads|88/100|[from] Spikes
|move|p1a: Zapdos|Hurricane|p2a: Iron Treads
|-resisted|p2a: Iron Treads
|-damage|p2a: Iron Treads|71/100
|
|-weather|RainDance|[upkeep]
|-heal|p2a: Iron Treads|77/100|[from] item: Leftovers
|upkeep
|turn|5
|
|t:|1758365567
|move|p1a: Zapdos|U-turn|p2a: Iron Treads
|-resisted|p2a: Iron Treads
|-damage|p2a: Iron Treads|72/100
|
|t:|1758365571
|switch|p1a: Zamazenta|Zamazenta, shiny|100/100|[from] U-turn
|-ability|p1a: Zamazenta|Dauntless Shield|boost
|-boost|p1a: Zamazenta|def|1
|move|p2a: Iron Treads|Volt Switch|p1a: Zamazenta
|-damage|p1a: Zamazenta|91/100
|
|t:|1758365576
|-end|p2a: Iron Treads|Quark Drive|[silent]
|switch|p2a: Zapdos|Zapdos|100/100|[from] Volt Switch
|
|-weather|RainDance|[upkeep]
|-heal|p1a: Zamazenta|97/100|[from] item: Leftovers
|upkeep
|turn|6
|
|t:|1758365587
|switch|p1a: Slowking|Slowking-Galar, F|100/100
|move|p2a: Zapdos|Hurricane|p1a: Slowking
|-damage|p1a: Slowking|56/100
|-start|p1a: Slowking|confusion
|
|-weather|RainDance|[upkeep]
|upkeep
|turn|7
|
|t:|1758365596
|-terastallize|p2a: Zapdos|Flying
|move|p2a: Zapdos|Hurricane|p1a: Slowking
|-damage|p1a: Slowking|0 fnt
|faint|p1a: Slowking
|
|-weather|RainDance|[upkeep]
|upkeep
|
|t:|1758365607
|switch|p1a: Dragonite|Dragonite, F|100/100
|turn|8
|
|t:|1758365611
|move|p2a: Zapdos|Hurricane|p1a: Dragonite
|-crit|p1a: Dragonite
|-damage|p1a: Dragonite|9/100
|-start|p1a: Dragonite|confusion
|-activate|p1a: Dragonite|confusion
|move|p1a: Dragonite|Dragon Dance|p1a: Dragonite
|-boost|p1a: Dragonite|atk|1
|-boost|p1a: Dragonite|spe|1
|
|-weather|none
|upkeep
|turn|9
|
|t:|1758365623
|switch|p2a: Hatterene|Hatterene, F|100/100
|-damage|p2a: Hatterene|88/100|[from] Spikes
|-activate|p1a: Dragonite|confusion
|-damage|p1a: Dragonite|0 fnt|[from] confusion
|faint|p1a: Dragonite
|
|upkeep
|-message|manambintsoa forfeited.
|
|win|skarmoryplays
|raw|manambintsoa's rating: 1441 &rarr; <strong>1418</strong><br />(-23 for losing)
|raw|skarmoryplays's rating: 1389 &rarr; <strong>1412</strong><br />(+23 for winning)
|l|☆manambintsoa
|player|p1|
