|j|☆Reginald Chaos
|j|☆Cocomao7
|t:|1758256081
|gametype|singles
|player|p1|Reginald Chaos|102|1156
|player|p2|Cocomao7|biker-gen4|1181
|gen|9
|tier|[Gen 9] OU
|rated|
|rule|HP Percentage Mod: HP is shown in percentages
|rule|Endless Battle Clause: Forcing endless battles is banned
|rule|Species Clause: Limit one of each Pokémon
|rule|OHKO Clause: OHKO moves are banned
|rule|Evasion Items Clause: Evasion items are banned
|rule|Evasion Moves Clause: Evasion moves are banned
|rule|Evasion Abilities Clause: Evasion abilities are banned
|rule|Sleep Moves Clause: Sleep-inducing moves are banned
|clearpoke
|poke|p1|Pelipper, M|
|poke|p1|Beartic, F|
|poke|p1|Barraskewda, M|
|poke|p1|Ogerpon-Wellspring, F|
|poke|p1|Zapdos|
|poke|p1|Hatterene, F|
|poke|p2|Torkoal, F|
|poke|p2|Blaziken, F|
|poke|p2|Grafaiai, M|
|poke|p2|Venusaur, M|
|poke|p2|Quagsire, F|
|poke|p2|Mamoswine, M|
|teampreview
|inactive|Battle timer is ON: inactive players will automatically lose when time's up. (requested by Cocomao7)
|
|t:|1758256088
|teamsize|p1|6
|teamsize|p2|6
|start
|switch|p1a: Barraskewda|Barraskewda, M|100/100
|switch|p2a: JohnnySomali|Grafaiai, M|100/100
|turn|1
|
|t:|1758256111
|move|p1a: Barraskewda|Flip Turn|p2a: JohnnySomali
|-damage|p2a: JohnnySomali|30/100
|
|t:|1758256118
|switch|p1a: Hatterene|Hatterene, F|100/100|[from] Flip Turn
|move|p2a: JohnnySomali|Knock Off|p1a: Hatterene
|-damage|p1a: Hatterene|75/100
|-status|p1a: Hatterene|psn|[from] ability: Poison Touch|[of] p2a: JohnnySomali
|-enditem|p1a: Hatterene|Eject Button|[from] move: Knock Off|[of] p2a: JohnnySomali
|
|-damage|p1a: Hatterene|62/100 psn|[from] psn
|upkeep
|turn|2
|
|t:|1758256134
|move|p2a: JohnnySomali|Parting Shot|p1a: Hatterene
|move|p1a: Hatterene|Parting Shot|p2a: JohnnySomali|[from] ability: Magic Bounce
|-unboost|p2a: JohnnySomali|atk|1
|-unboost|p2a: JohnnySomali|spa|1
|
|t:|1758256144
|switch|p1a: Barraskewda|Barraskewda, M|100/100|[from] Parting Shot
|
|upkeep
|turn|3
|
|t:|1758256151
|move|p1a: Barraskewda|Flip Turn|p2a: JohnnySomali
|-damage|p2a: JohnnySomali|0 fnt
|faint|p2a: JohnnySomali
|
|t:|1758256161
|switch|p1a: Zapdos|Zapdos|100/100|[from] Flip Turn
|
|upkeep
|
|t:|1758256167
|switch|p2a: ShinyVedal|Torkoal, F|100/100
|-weather|SunnyDay|[from] ability: Drought|[of] p2a: ShinyVedal
|turn|4
|
|t:|1758256172
|move|p1a: Zapdos|Volt Switch|p2a: ShinyVedal
|-damage|p2a: ShinyVedal|63/100
|
|t:|1758256174
|switch|p1a: Pelipper|Pelipper, M|100/100|[from] Volt Switch
|-weather|RainDance|[from] ability: Drizzle|[of] p1a: Pelipper
|move|p2a: ShinyVedal|Stealth Rock|p1a: Pelipper
|-sidestart|p1: Reginald Chaos|move: Stealth Rock
|
|-weather|RainDance|[upkeep]
|upkeep
|turn|5
|
|t:|1758256183
|switch|p2a: YourMom|Venusaur, M|100/100
|move|p1a: Pelipper|U-turn|p2a: YourMom
|-damage|p2a: YourMom|89/100
|
|t:|1758256187
|switch|p1a: Beartic|Beartic, F|100/100|[from] U-turn
|-damage|p1a: Beartic|76/100|[from] Stealth Rock
|
|-weather|RainDance|[upkeep]
|-heal|p2a: YourMom|95/100|[from] item: Black Sludge
|upkeep
|turn|6
|
|t:|1758256196
|switch|p2a: ShinyVedal|Torkoal, F|63/100
|-weather|SunnyDay|[from] ability: Drought|[of] p2a: ShinyVedal
|move|p1a: Beartic|Icicle Spear|p2a: ShinyVedal
|-resisted|p2a: ShinyVedal
|-damage|p2a: ShinyVedal|58/100
|-resisted|p2a: ShinyVedal
|-damage|p2a: ShinyVedal|54/100
|-resisted|p2a: ShinyVedal
|-damage|p2a: ShinyVedal|50/100
|-resisted|p2a: ShinyVedal
|-damage|p2a: ShinyVedal|45/100
|-resisted|p2a: ShinyVedal
|-damage|p2a: ShinyVedal|40/100
|-hitcount|p2a: ShinyVedal|5
|
|-weather|SunnyDay|[upkeep]
|upkeep
|turn|7
|
|t:|1758256211
|move|p1a: Beartic|Earthquake|p2a: ShinyVedal
|-supereffective|p2a: ShinyVedal
|-damage|p2a: ShinyVedal|0 fnt
|faint|p2a: ShinyVedal
|
|-weather|SunnyDay|[upkeep]
|upkeep
|
|t:|1758256218
|switch|p2a: YourMom|Venusaur, M|95/100
|turn|8
|
|t:|1758256221
|switch|p1a: Pelipper|Pelipper, M|100/100
|-damage|p1a: Pelipper|75/100|[from] Stealth Rock
|-weather|RainDance|[from] ability: Drizzle|[of] p1a: Pelipper
|move|p2a: YourMom|Sludge Bomb|p1a: Pelipper
|-damage|p1a: Pelipper|24/100
|
|-weather|RainDance|[upkeep]
|-heal|p2a: YourMom|100/100|[from] item: Black Sludge
|upkeep
|turn|9
|
|t:|1758256232
|switch|p1a: Zapdos|Zapdos|100/100
|-damage|p1a: Zapdos|76/100|[from] Stealth Rock
|move|p2a: YourMom|Sludge Bomb|p1a: Zapdos
|-damage|p1a: Zapdos|47/100
|
|-weather|RainDance|[upkeep]
|upkeep
|turn|10
|
|t:|1758256241
|switch|p2a: Old Tusk|Mamoswine, M|100/100
|move|p1a: Zapdos|Hurricane|p2a: Old Tusk
|-crit|p2a: Old Tusk
|-damage|p2a: Old Tusk|0 fnt
|faint|p2a: Old Tusk
|
|-weather|RainDance|[upkeep]
|upkeep
|
|t:|1758256250
|switch|p2a: ProtectSpeedBstMan|Blaziken, F, shiny|100/100
|turn|11
|
|t:|1758256254
|move|p2a: ProtectSpeedBstMan|Detect|p2a: ProtectSpeedBstMan
|-singleturn|p2a: ProtectSpeedBstMan|Protect
|move|p1a: Zapdos|Hurricane|p2a: ProtectSpeedBstMan
|-activate|p2a: ProtectSpeedBstMan|move: Protect
|
|-weather|RainDance|[upkeep]
|-ability|p2a: ProtectSpeedBstMan|Speed Boost|boost
|-boost|p2a: ProtectSpeedBstMan|spe|1
|upkeep
|turn|12
|
|t:|1758256266
|move|p2a: ProtectSpeedBstMan|Overheat|p1a: Zapdos
|-damage|p1a: Zapdos|23/100
|-unboost|p2a: ProtectSpeedBstMan|spa|2
|move|p1a: Zapdos|Hurricane|p2a: ProtectSpeedBstMan
|-supereffective|p2a: ProtectSpeedBstMan
|-damage|p2a: ProtectSpeedBstMan|0 fnt
|faint|p2a: ProtectSpeedBstMan
|
|-weather|RainDance|[upkeep]
|upkeep
|-message|Cocomao7 forfeited.
|
|win|Reginald Chaos
|raw|Reginald Chaos's rating: 1156 &rarr; <strong>1183</strong><br />(+27 for winning)
|raw|Cocomao7's rating: 1181 &rarr; <strong>1154</strong><br />(-27 for losing)
|l|☆Cocomao7
|player|p2|
|l|☆Reginald Chaos
|player|p1|
