|j|☆MyXoo
|j|☆shakey18
|t:|1758315316
|gametype|singles
|player|p1|MyXoo|bea|1237
|player|p2|shakey18|candice|1297
|gen|9
|tier|[Gen 9] OU
|rated|
|rule|HP Percentage Mod: HP is shown in percentages
|rule|Endless Battle Clause: Forcing endless battles is banned
|rule|Species Clause: Limit one of each Pokémon
|rule|OHKO Clause: OHKO moves are banned
|rule|Evasion Items Clause: Evasion items are banned
|rule|Evasion Moves Clause: Evasion moves are banned
|rule|Evasion Abilities Clause: Evasion abilities are banned
|rule|Sleep Moves Clause: Sleep-inducing moves are banned
|clearpoke
|poke|p1|Samurott-Hisui, F|
|poke|p1|Scizor, M|
|poke|p1|Dragapult, M|
|poke|p1|Kingambit, M|
|poke|p1|Landorus-Therian, M|
|poke|p1|Iron Valiant|
|poke|p2|Garchomp, F|
|poke|p2|Iron Valiant|
|poke|p2|Ninetales-Alola, F|
|poke|p2|Ceruledge, M|
|poke|p2|Tsareena, F|
|poke|p2|Milotic, F|
|teampreview
|
|t:|1758315327
|teamsize|p1|6
|teamsize|p2|6
|start
|switch|p1a: Samurott|Samurott-Hisui, F|100/100
|switch|p2a: Ninetales|Ninetales-Alola, F|100/100
|-weather|Snowscape|[from] ability: Snow Warning|[of] p2a: Ninetales
|turn|1
|
|t:|1758315337
|move|p2a: Ninetales|Aurora Veil|p2a: Ninetales
|-sidestart|p2: shakey18|move: Aurora Veil
|move|p1a: Samurott|Ceaseless Edge|p2a: Ninetales
|-resisted|p2a: Ninetales
|-damage|p2a: Ninetales|91/100
|-sidestart|p2: shakey18|Spikes
|
|-weather|Snowscape|[upkeep]
|upkeep
|turn|2
|
|t:|1758315348
|move|p2a: Ninetales|Moonblast|p1a: Samurott
|-supereffective|p1a: Samurott
|-damage|p1a: Samurott|18/100
|move|p1a: Samurott|Ceaseless Edge|p2a: Ninetales
|-resisted|p2a: Ninetales
|-damage|p2a: Ninetales|81/100
|-sidestart|p2: shakey18|Spikes
|
|-weather|Snowscape|[upkeep]
|upkeep
|turn|3
|
|t:|1758315358
|move|p2a: Ninetales|Moonblast|p1a: Samurott
|-supereffective|p1a: Samurott
|-damage|p1a: Samurott|0 fnt
|faint|p1a: Samurott
|
|-weather|Snowscape|[upkeep]
|upkeep
|
|t:|1758315378
|switch|p1a: Scizor|Scizor, M|100/100
|turn|4
|
|t:|1758315385
|switch|p2a: Garchomp|Garchomp, F|100/100
|-damage|p2a: Garchomp|84/100|[from] Spikes
|move|p1a: Scizor|Bullet Punch|p2a: Garchomp
|-damage|p2a: Garchomp|63/100
|-damage|p1a: Scizor|88/100|[from] ability: Rough Skin|[of] p2a: Garchomp
|-damage|p1a: Scizor|78/100|[from] item: Life Orb
|
|-weather|Snowscape|[upkeep]
|upkeep
|turn|5
|
|t:|1758315414
|switch|p1a: Dragapult|Dragapult, M|100/100
|move|p2a: Garchomp|Swords Dance|p2a: Garchomp
|-boost|p2a: Garchomp|atk|2
|
|-weather|none
|upkeep
|turn|6
|
|t:|1758315437
|-terastallize|p2a: Garchomp|Steel
|move|p1a: Dragapult|Shadow Ball|p2a: Garchomp
|-damage|p2a: Garchomp|0 fnt
|faint|p2a: Garchomp
|
|upkeep
|
|t:|1758315445
|switch|p2a: Ninetales|Ninetales-Alola, F|81/100
|-damage|p2a: Ninetales|65/100|[from] Spikes
|-weather|Snowscape|[from] ability: Snow Warning|[of] p2a: Ninetales
|turn|7
|
|t:|1758315454
|-terastallize|p1a: Dragapult|Ghost
|move|p1a: Dragapult|Shadow Ball|p2a: Ninetales
|-damage|p2a: Ninetales|0 fnt
|faint|p2a: Ninetales
|
|-weather|Snowscape|[upkeep]
|upkeep
|
|t:|1758315460
|switch|p2a: Ceruledge|Ceruledge, M|100/100
|-damage|p2a: Ceruledge|84/100|[from] Spikes
|turn|8
|
|t:|1758315464
|move|p2a: Ceruledge|Shadow Sneak|p1a: Dragapult
|-supereffective|p1a: Dragapult
|-damage|p1a: Dragapult|41/100
|move|p1a: Dragapult|Shadow Ball|p2a: Ceruledge
|-supereffective|p2a: Ceruledge
|-damage|p2a: Ceruledge|0 fnt
|faint|p2a: Ceruledge
|
|-weather|Snowscape|[upkeep]
|-sideend|p2: shakey18|move: Aurora Veil
|upkeep
|
|t:|1758315469
|switch|p2a: Iron Valiant|Iron Valiant|100/100
|-damage|p2a: Iron Valiant|84/100|[from] Spikes
|-enditem|p2a: Iron Valiant|Booster Energy
|-activate|p2a: Iron Valiant|ability: Quark Drive|[fromitem]
|-start|p2a: Iron Valiant|quarkdrivespe
|turn|9
|
|t:|1758315487
|move|p2a: Iron Valiant|Moonblast|p1a: Dragapult
|-damage|p1a: Dragapult|0 fnt
|faint|p1a: Dragapult
|
|-weather|Snowscape|[upkeep]
|upkeep
|
|t:|1758315493
|switch|p1a: Scizor|Scizor, M|78/100
|turn|10
|
|t:|1758315499
|-end|p2a: Iron Valiant|Quark Drive|[silent]
|switch|p2a: Tsareena|Tsareena, F|100/100
|-damage|p2a: Tsareena|84/100|[from] Spikes
|move|p1a: Scizor|Bullet Punch||[still]
|cant|p2a: Tsareena|ability: Queenly Majesty|Bullet Punch|[of] p1a: Scizor
|
|-weather|Snowscape|[upkeep]
|upkeep
|turn|11
|
|t:|1758315515
|switch|p1a: Iron Valiant|Iron Valiant|100/100
|-enditem|p1a: Iron Valiant|Booster Energy
|-activate|p1a: Iron Valiant|ability: Quark Drive|[fromitem]
|-start|p1a: Iron Valiant|quarkdrivespe
|move|p2a: Tsareena|Rapid Spin|p1a: Iron Valiant
|-damage|p1a: Iron Valiant|77/100
|-boost|p2a: Tsareena|spe|1
|-sideend|p2: shakey18|Spikes|[from] move: Rapid Spin|[of] p2a: Tsareena
|
|-weather|none
|upkeep
|turn|12
|
|t:|1758315525
|move|p1a: Iron Valiant|Calm Mind|p1a: Iron Valiant
|-boost|p1a: Iron Valiant|spa|1
|-boost|p1a: Iron Valiant|spd|1
|move|p2a: Tsareena|Power Whip|p1a: Iron Valiant
|-damage|p1a: Iron Valiant|0 fnt
|faint|p1a: Iron Valiant
|-end|p1a: Iron Valiant|Quark Drive|[silent]
|
|upkeep
|
|t:|1758315537
|switch|p1a: Scizor|Scizor, M|78/100
|turn|13
|
|t:|1758315542
|move|p2a: Tsareena|High Jump Kick|p1a: Scizor
|-damage|p1a: Scizor|25/100
|move|p1a: Scizor|Knock Off|p2a: Tsareena
|-damage|p2a: Tsareena|34/100
|-enditem|p2a: Tsareena|Wide Lens|[from] move: Knock Off|[of] p1a: Scizor
|-damage|p1a: Scizor|15/100|[from] item: Life Orb
|
|upkeep
|turn|14
|
|t:|1758315565
|move|p1a: Scizor|Bullet Punch||[still]
|cant|p2a: Tsareena|ability: Queenly Majesty|Bullet Punch|[of] p1a: Scizor
|move|p2a: Tsareena|Triple Axel|p1a: Scizor
|-resisted|p1a: Scizor
|-damage|p1a: Scizor|10/100
|-resisted|p1a: Scizor
|-damage|p1a: Scizor|2/100
|-resisted|p1a: Scizor
|-damage|p1a: Scizor|0 fnt
|faint|p1a: Scizor
|-hitcount|p1: Scizor|3
|
|upkeep
|
|t:|1758315582
|switch|p1a: Kingambit|Kingambit, M|100/100
|-activate|p1a: Kingambit|ability: Supreme Overlord
|-start|p1a: Kingambit|fallen4|[silent]
|turn|15
|
|t:|1758315588
|move|p2a: Tsareena|High Jump Kick|p1a: Kingambit|[miss]
|-miss|p2a: Tsareena|p1a: Kingambit
|-damage|p2a: Tsareena|0 fnt|[from] highjumpkick
|faint|p2a: Tsareena
|move|p1a: Kingambit|Swords Dance|p1a: Kingambit
|-boost|p1a: Kingambit|atk|2
|
|upkeep
|
|t:|1758315595
|switch|p2a: Iron Valiant|Iron Valiant|84/100
|turn|16
|
|t:|1758315614
|-end|p1a: Kingambit|fallen4|[silent]
|switch|p1a: Landorus|Landorus-Therian, M|100/100
|-ability|p1a: Landorus|Intimidate|boost
|-unboost|p2a: Iron Valiant|atk|1
|move|p2a: Iron Valiant|Aura Sphere|p1a: Landorus
|-resisted|p1a: Landorus
|-damage|p1a: Landorus|74/100
|
|upkeep
|turn|17
|
|t:|1758315642
|-end|p2a: Iron Valiant|Quark Drive|[silent]
|switch|p2a: Milotic|Milotic, F|100/100
|move|p1a: Landorus|Earthquake|p2a: Milotic
|-damage|p2a: Milotic|56/100
|
|-status|p2a: Milotic|brn|[from] item: Flame Orb
|upkeep
|turn|18
|
|t:|1758315656
|switch|p1a: Kingambit|Kingambit, M|100/100
|-activate|p1a: Kingambit|ability: Supreme Overlord
|-start|p1a: Kingambit|fallen4|[silent]
|move|p2a: Milotic|Recover|p2a: Milotic
|-heal|p2a: Milotic|100/100 brn
|
|-damage|p2a: Milotic|94/100 brn|[from] brn
|upkeep
|turn|19
|
|t:|1758315665
|move|p2a: Milotic|Scald|p1a: Kingambit
|-damage|p1a: Kingambit|71/100
|move|p1a: Kingambit|Swords Dance|p1a: Kingambit
|-boost|p1a: Kingambit|atk|2
|
|-heal|p1a: Kingambit|77/100|[from] item: Leftovers
|-damage|p2a: Milotic|88/100 brn|[from] brn
|upkeep
|turn|20
|
|t:|1758315674
|move|p1a: Kingambit|Sucker Punch|p2a: Milotic
|-damage|p2a: Milotic|30/100 brn
|move|p2a: Milotic|Scald|p1a: Kingambit
|-damage|p1a: Kingambit|51/100
|
|-heal|p1a: Kingambit|57/100|[from] item: Leftovers
|-damage|p2a: Milotic|24/100 brn|[from] brn
|upkeep
|turn|21
|
|t:|1758315689
|move|p1a: Kingambit|Sucker Punch||[still]
|-fail|p1a: Kingambit
|move|p2a: Milotic|Recover|p2a: Milotic
|-heal|p2a: Milotic|74/100 brn
|
|-heal|p1a: Kingambit|63/100|[from] item: Leftovers
|-damage|p2a: Milotic|68/100 brn|[from] brn
|upkeep
|turn|22
|
|t:|1758315703
|move|p2a: Milotic|Scald|p1a: Kingambit
|-damage|p1a: Kingambit|35/100
|-status|p1a: Kingambit|brn
|move|p1a: Kingambit|Swords Dance|p1a: Kingambit
|-boost|p1a: Kingambit|atk|2
|
|-heal|p1a: Kingambit|41/100 brn|[from] item: Leftovers
|-damage|p2a: Milotic|62/100 brn|[from] brn
|-damage|p1a: Kingambit|35/100 brn|[from] brn
|upkeep
|turn|23
|
|t:|1758315715
|move|p2a: Milotic|Haze|p2a: Milotic
|-clearallboost
|move|p1a: Kingambit|Kowtow Cleave|p2a: Milotic
|-damage|p2a: Milotic|45/100 brn
|
|-heal|p1a: Kingambit|41/100 brn|[from] item: Leftovers
|-damage|p2a: Milotic|39/100 brn|[from] brn
|-damage|p1a: Kingambit|35/100 brn|[from] brn
|upkeep
|turn|24
|
|t:|1758315726
|move|p1a: Kingambit|Sucker Punch||[still]
|-fail|p1a: Kingambit
|move|p2a: Milotic|Recover|p2a: Milotic
|-heal|p2a: Milotic|89/100 brn
|
|-heal|p1a: Kingambit|41/100 brn|[from] item: Leftovers
|-damage|p2a: Milotic|82/100 brn|[from] brn
|-damage|p1a: Kingambit|35/100 brn|[from] brn
|upkeep
|turn|25
|
|t:|1758315735
|move|p2a: Milotic|Scald|p1a: Kingambit
|-damage|p1a: Kingambit|7/100 brn
|move|p1a: Kingambit|Kowtow Cleave|p2a: Milotic
|-damage|p2a: Milotic|63/100 brn
|
|-heal|p1a: Kingambit|13/100 brn|[from] item: Leftovers
|-damage|p2a: Milotic|57/100 brn|[from] brn
|-damage|p1a: Kingambit|7/100 brn|[from] brn
|upkeep
|turn|26
|
|t:|1758315748
|move|p1a: Kingambit|Sucker Punch||[still]
|-fail|p1a: Kingambit
|move|p2a: Milotic|Recover|p2a: Milotic
|-heal|p2a: Milotic|100/100 brn
|
|-heal|p1a: Kingambit|13/100 brn|[from] item: Leftovers
|-damage|p2a: Milotic|94/100 brn|[from] brn
|-damage|p1a: Kingambit|7/100 brn|[from] brn
|upkeep
|turn|27
|
|t:|1758315757
|move|p1a: Kingambit|Sucker Punch|p2a: Milotic
|-damage|p2a: Milotic|79/100 brn
|move|p2a: Milotic|Scald|p1a: Kingambit
|-damage|p1a: Kingambit|0 fnt
|faint|p1a: Kingambit
|-end|p1a: Kingambit|fallen4|[silent]
|
|-damage|p2a: Milotic|73/100 brn|[from] brn
|upkeep
|
|t:|1758315765
|switch|p1a: Landorus|Landorus-Therian, M|74/100
|-ability|p1a: Landorus|Intimidate|boost
|-unboost|p2a: Milotic|atk|1
|turn|28
|
|t:|1758315778
|move|p1a: Landorus|Earthquake|p2a: Milotic
|-damage|p2a: Milotic|42/100 brn
|move|p2a: Milotic|Ice Beam|p1a: Landorus
|-supereffective|p1a: Landorus
|-damage|p1a: Landorus|0 fnt
|faint|p1a: Landorus
|
|win|shakey18
|raw|MyXoo's rating: 1237 &rarr; <strong>1216</strong><br />(-21 for losing)
|raw|shakey18's rating: 1297 &rarr; <strong>1318</strong><br />(+21 for winning)
