|j|☆full on sweepers
|j|☆No1NumelFan
|t:|1758235024
|gametype|singles
|player|p1|full on sweepers|palmer|1247
|player|p2|No1NumelFan|clown|1192
|gen|9
|tier|[Gen 9] OU
|rated|
|rule|HP Percentage Mod: HP is shown in percentages
|rule|Endless Battle Clause: Forcing endless battles is banned
|rule|Species Clause: Limit one of each Pokémon
|rule|OHKO Clause: OHKO moves are banned
|rule|Evasion Items Clause: Evasion items are banned
|rule|Evasion Moves Clause: Evasion moves are banned
|rule|Evasion Abilities Clause: Evasion abilities are banned
|rule|Sleep Moves Clause: Sleep-inducing moves are banned
|clearpoke
|poke|p1|Ceruledge, M|
|poke|p1|Great Tusk|
|poke|p1|Gliscor, M|
|poke|p1|Araquanid, M|
|poke|p1|Cinderace, M|
|poke|p1|Raging Bolt|
|poke|p2|Tornadus, M|
|poke|p2|Araquanid, M|
|poke|p2|Weezing-Galar, F|
|poke|p2|Gholdengo|
|poke|p2|Dragapult, M|
|poke|p2|Gliscor, M|
|teampreview
|inactive|Battle timer is ON: inactive players will automatically lose when time's up. (requested by full on sweepers)
|inactive|No1NumelFan has 120 seconds left.
|
|t:|1758235059
|teamsize|p1|6
|teamsize|p2|6
|start
|switch|p1a: Araquanid|Araquanid, M, shiny|100/100
|switch|p2a: Weezer-Galar|Weezing-Galar, F|100/100
|turn|1
|
|t:|1758235067
|move|p2a: Weezer-Galar|Gunk Shot|p1a: Araquanid
|-damage|p1a: Araquanid|55/100
|move|p1a: Araquanid|Sticky Web|p2a: Weezer-Galar
|-sidestart|p2: No1NumelFan|move: Sticky Web
|
|upkeep
|turn|2
|
|t:|1758235077
|move|p2a: Weezer-Galar|Defog|p1a: Araquanid
|-unboost|p1a: Araquanid|evasion|1
|-sideend|p2: No1NumelFan|Sticky Web|[from] move: Defog|[of] p2a: Weezer-Galar
|move|p1a: Araquanid|Liquidation|p2a: Weezer-Galar
|-damage|p2a: Weezer-Galar|49/100
|-damage|p1a: Araquanid|38/100|[from] item: Rocky Helmet|[of] p2a: Weezer-Galar
|
|upkeep
|turn|3
|
|t:|1758235089
|switch|p2a: evil fuckin bug|Araquanid, M, shiny|100/100
|move|p1a: Araquanid|Protect||[still]
|-fail|p1a: Araquanid
|
|upkeep
|turn|4
|
|t:|1758235096
|move|p1a: Araquanid|Sticky Web|p2a: evil fuckin bug
|-sidestart|p2: No1NumelFan|move: Sticky Web
|move|p2a: evil fuckin bug|Sticky Web|p1a: Araquanid
|-sidestart|p1: full on sweepers|move: Sticky Web
|
|upkeep
|turn|5
|
|t:|1758235117
|move|p1a: Araquanid|Liquidation|p2a: evil fuckin bug
|-resisted|p2a: evil fuckin bug
|-damage|p2a: evil fuckin bug|65/100
|move|p2a: evil fuckin bug|Poison Jab|p1a: Araquanid
|-damage|p1a: Araquanid|19/100
|
|upkeep
|turn|6
|
|t:|1758235124
|move|p1a: Araquanid|Liquidation|p2a: evil fuckin bug
|-resisted|p2a: evil fuckin bug
|-damage|p2a: evil fuckin bug|29/100
|move|p2a: evil fuckin bug|Liquidation|p1a: Araquanid
|-resisted|p1a: Araquanid
|-damage|p1a: Araquanid|0 fnt
|faint|p1a: Araquanid
|
|upkeep
|
|t:|1758235133
|switch|p1a: Cinderace|Cinderace, M, shiny|100/100
|-activate|p1a: Cinderace|move: Sticky Web
|-unboost|p1a: Cinderace|spe|1
|turn|7
|
|t:|1758235145
|switch|p2a: Weezer-Galar|Weezing-Galar, F|49/100
|move|p1a: Cinderace|Sucker Punch||[still]
|-fail|p1a: Cinderace
|
|upkeep
|turn|8
|
|t:|1758235150
|move|p1a: Cinderace|Iron Head|p2a: Weezer-Galar
|-start|p1a: Cinderace|typechange|Steel|[from] ability: Libero
|-supereffective|p2a: Weezer-Galar
|-damage|p2a: Weezer-Galar|0 fnt
|-damage|p1a: Cinderace|84/100|[from] item: Rocky Helmet|[of] p2a: Weezer-Galar
|faint|p2a: Weezer-Galar
|-damage|p1a: Cinderace|74/100|[from] item: Life Orb
|
|upkeep
|
|t:|1758235159
|switch|p2a: Dragapult|Dragapult, M|100/100
|-activate|p2a: Dragapult|move: Sticky Web
|-unboost|p2a: Dragapult|spe|1
|turn|9
|
|t:|1758235166
|move|p1a: Cinderace|Sucker Punch|p2a: Dragapult
|-supereffective|p2a: Dragapult
|-damage|p2a: Dragapult|20/100
|-damage|p1a: Cinderace|64/100|[from] item: Life Orb
|move|p2a: Dragapult|Flamethrower|p1a: Cinderace
|-supereffective|p1a: Cinderace
|-damage|p1a: Cinderace|0 fnt
|faint|p1a: Cinderace
|
|upkeep
|
|t:|1758235177
|switch|p1a: Ceruledge|Ceruledge, M|100/100
|-activate|p1a: Ceruledge|move: Sticky Web
|-unboost|p1a: Ceruledge|spe|1
|turn|10
|
|t:|1758235182
|switch|p2a: >:3|Gliscor, M|100/100
|move|p1a: Ceruledge|Shadow Sneak|p2a: >:3
|-damage|p2a: >:3|80/100
|
|-status|p2a: >:3|tox|[from] item: Toxic Orb
|upkeep
|turn|11
|
|t:|1758235193
|switch|p1a: Raging Bolt|Raging Bolt|100/100
|-activate|p1a: Raging Bolt|move: Sticky Web
|-unboost|p1a: Raging Bolt|spe|1
|-enditem|p1a: Raging Bolt|Booster Energy
|-activate|p1a: Raging Bolt|ability: Protosynthesis|[fromitem]
|-start|p1a: Raging Bolt|protosynthesisspa
|move|p2a: >:3|Swords Dance|p2a: >:3
|-boost|p2a: >:3|atk|2
|
|-heal|p2a: >:3|92/100 tox|[from] ability: Poison Heal
|upkeep
|turn|12
|
|t:|1758235207
|-terastallize|p1a: Raging Bolt|Fairy
|move|p2a: >:3|Earthquake|p1a: Raging Bolt
|-damage|p1a: Raging Bolt|24/100
|move|p1a: Raging Bolt|Draco Meteor|p2a: >:3
|-damage|p2a: >:3|0 fnt
|-unboost|p1a: Raging Bolt|spa|2
|faint|p2a: >:3
|
|upkeep
|
|t:|1758235214
|switch|p2a: The 1% of Gamblers|Tornadus, M|100/100
|turn|13
|
|t:|1758235223
|move|p2a: The 1% of Gamblers|Metronome|p2a: The 1% of Gamblers
|move|p2a: The 1% of Gamblers|Sand Tomb|p1a: Raging Bolt|[from] move: Metronome
|-damage|p1a: Raging Bolt|17/100
|-activate|p1a: Raging Bolt|move: Sand Tomb|[of] p2a: The 1% of Gamblers
|move|p1a: Raging Bolt|Thunderclap||[still]
|-fail|p1a: Raging Bolt
|
|-damage|p1a: Raging Bolt|4/100|[from] move: Sand Tomb|[partiallytrapped]
|upkeep
|turn|14
|
|t:|1758235233
|move|p2a: The 1% of Gamblers|Metronome|p2a: The 1% of Gamblers
|move|p2a: The 1% of Gamblers|Minimize|p2a: The 1% of Gamblers|[from] move: Metronome
|-boost|p2a: The 1% of Gamblers|evasion|2
|move|p1a: Raging Bolt|Thunderclap||[still]
|-fail|p1a: Raging Bolt
|
|-damage|p1a: Raging Bolt|0 fnt|[from] move: Sand Tomb|[partiallytrapped]
|faint|p1a: Raging Bolt
|-end|p1a: Raging Bolt|Protosynthesis|[silent]
|upkeep
|c|☆No1NumelFan|caculated
|
|t:|1758235249
|switch|p1a: Ceruledge|Ceruledge, M|100/100
|-activate|p1a: Ceruledge|move: Sticky Web
|-unboost|p1a: Ceruledge|spe|1
|turn|15
|
|t:|1758235254
|move|p2a: The 1% of Gamblers|Metronome|p2a: The 1% of Gamblers
|move|p2a: The 1% of Gamblers|Shadow Claw|p1a: Ceruledge|[from] move: Metronome
|-supereffective|p1a: Ceruledge
|-damage|p1a: Ceruledge|57/100
|-ability|p1a: Ceruledge|Weak Armor|boost
|-unboost|p1a: Ceruledge|def|1
|-boost|p1a: Ceruledge|spe|2
|move|p1a: Ceruledge|Swords Dance|p1a: Ceruledge
|-boost|p1a: Ceruledge|atk|2
|
|upkeep
|turn|16
|
|t:|1758235271
|move|p1a: Ceruledge|Bitter Blade|p2a: The 1% of Gamblers
|-damage|p2a: The 1% of Gamblers|0 fnt
|-heal|p1a: Ceruledge|100/100|[from] drain|[of] p2a: The 1% of Gamblers
|faint|p2a: The 1% of Gamblers
|
|upkeep
|
|t:|1758235287
|switch|p2a: 4 robux|Gholdengo|100/100
|-activate|p2a: 4 robux|move: Sticky Web
|-unboost|p2a: 4 robux|spe|1
|turn|17
|inactive|No1NumelFan has 120 seconds left.
|
|t:|1758235303
|move|p1a: Ceruledge|Bitter Blade|p2a: 4 robux
|-supereffective|p2a: 4 robux
|-damage|p2a: 4 robux|0 fnt
|faint|p2a: 4 robux
|
|upkeep
|inactive|No1NumelFan has 120 seconds left.
|
|t:|1758235310
|switch|p2a: evil fuckin bug|Araquanid, M, shiny|29/100
|turn|18
|inactive|No1NumelFan has 120 seconds left.
|
|t:|1758235326
|-terastallize|p2a: evil fuckin bug|Water
|move|p1a: Ceruledge|Bitter Blade|p2a: evil fuckin bug
|-resisted|p2a: evil fuckin bug
|-crit|p2a: evil fuckin bug
|-damage|p2a: evil fuckin bug|0 fnt
|faint|p2a: evil fuckin bug
|
|upkeep
|c|☆No1NumelFan|gg
|-message|No1NumelFan forfeited.
|
|win|full on sweepers
|raw|full on sweepers's rating: 1247 &rarr; <strong>1268</strong><br />(+21 for winning)
|raw|No1NumelFan's rating: 1192 &rarr; <strong>1171</strong><br />(-21 for losing)
