|j|☆SmaashBros
|j|☆Pinoitaliano
|t:|1758360952
|gametype|singles
|player|p1|SmaashBros|cynthia-gen4|1083
|player|p2|Pinoitaliano|allister|1033
|gen|9
|tier|[Gen 9] OU
|rated|
|rule|HP Percentage Mod: HP is shown in percentages
|rule|Endless Battle Clause: Forcing endless battles is banned
|rule|Species Clause: Limit one of each Pokémon
|rule|OHKO Clause: OHKO moves are banned
|rule|Evasion Items Clause: Evasion items are banned
|rule|Evasion Moves Clause: Evasion moves are banned
|rule|Evasion Abilities Clause: Evasion abilities are banned
|rule|Sleep Moves Clause: Sleep-inducing moves are banned
|clearpoke
|poke|p1|Incineroar, M|
|poke|p1|Charizard, M|
|poke|p1|Greninja-*, M|
|poke|p1|Lucario, M|
|poke|p1|Pikachu, M|
|poke|p1|Ivysaur, M|
|poke|p2|Blaziken, F|
|poke|p2|Clodsire, M|
|poke|p2|Volcanion|
|poke|p2|Frosmoth, F|
|poke|p2|Indeedee, M|
|poke|p2|Reuniclus, F|
|teampreview
|inactive|Battle timer is ON: inactive players will automatically lose when time's up. (requested by Pinoitaliano)
|
|t:|1758360977
|teamsize|p1|6
|teamsize|p2|6
|start
|switch|p1a: Greninja|Greninja, M|100/100
|switch|p2a: Clodsire|Clodsire, M|100/100
|turn|1
|
|t:|1758360991
|move|p1a: Greninja|Ice Beam|p2a: Clodsire
|-start|p1a: Greninja|typechange|Ice|[from] ability: Protean
|-supereffective|p2a: Clodsire
|-damage|p2a: Clodsire|21/100
|move|p2a: Clodsire|Toxic Spikes|p1a: Greninja
|-sidestart|p1: SmaashBros|move: Toxic Spikes
|
|-heal|p2a: Clodsire|27/100|[from] item: Black Sludge
|upkeep
|turn|2
|
|t:|1758361001
|move|p1a: Greninja|Ice Beam|p2a: Clodsire
|-supereffective|p2a: Clodsire
|-damage|p2a: Clodsire|0 fnt
|faint|p2a: Clodsire
|
|upkeep
|
|t:|1758361007
|switch|p2a: Volcanion|Volcanion|100/100
|turn|3
|
|t:|1758361023
|switch|p1a: Charizard|Charizard, M|100/100
|move|p2a: Volcanion|Flamethrower|p1a: Charizard
|-resisted|p1a: Charizard
|-damage|p1a: Charizard|68/100
|
|upkeep
|turn|4
|
|t:|1758361031
|move|p1a: Charizard|Air Slash|p2a: Volcanion
|-damage|p2a: Volcanion|75/100
|move|p2a: Volcanion|Steam Eruption|p1a: Charizard
|-supereffective|p1a: Charizard
|-damage|p1a: Charizard|0 fnt
|faint|p1a: Charizard
|
|upkeep
|
|t:|1758361039
|switch|p1a: Ivysaur|Ivysaur, M|100/100
|-sideend|p1: SmaashBros|move: Toxic Spikes|[of] p1a: Ivysaur
|turn|5
|
|t:|1758361053
|move|p2a: Volcanion|Flamethrower|p1a: Ivysaur
|-supereffective|p1a: Ivysaur
|-damage|p1a: Ivysaur|8/100
|move|p1a: Ivysaur|Leech Seed|p2a: Volcanion
|-start|p2a: Volcanion|move: Leech Seed
|
|-damage|p2a: Volcanion|63/100|[from] Leech Seed|[of] p1a: Ivysaur
|-heal|p1a: Ivysaur|22/100|[silent]
|upkeep
|turn|6
|
|t:|1758361063
|switch|p2a: Blaziken|Blaziken, F|100/100
|move|p1a: Ivysaur|Toxic|p2a: Blaziken
|-status|p2a: Blaziken|tox
|
|-damage|p2a: Blaziken|95/100 tox|[from] psn
|upkeep
|turn|7
|
|t:|1758361071
|switch|p1a: Incineroar|Incineroar, M|100/100
|-ability|p1a: Incineroar|Intimidate|boost
|-unboost|p2a: Blaziken|atk|1
|move|p2a: Blaziken|Roar|p1a: Incineroar
|-enditem|p2a: Blaziken|Throat Spray
|-boost|p2a: Blaziken|spa|1|[from] item: Throat Spray
|drag|p1a: Ivysaur|Ivysaur, M|22/100
|
|-damage|p2a: Blaziken|83/100 tox|[from] psn
|-ability|p2a: Blaziken|Speed Boost|boost
|-boost|p2a: Blaziken|spe|1
|upkeep
|turn|8
|
|t:|1758361089
|move|p2a: Blaziken|Aura Sphere|p1a: Ivysaur
|-resisted|p1a: Ivysaur
|-damage|p1a: Ivysaur|0 fnt
|faint|p1a: Ivysaur
|
|-damage|p2a: Blaziken|65/100 tox|[from] psn
|-ability|p2a: Blaziken|Speed Boost|boost
|-boost|p2a: Blaziken|spe|1
|upkeep
|
|t:|1758361102
|switch|p1a: Lucario|Lucario, M|100/100
|turn|9
|
|t:|1758361116
|move|p1a: Lucario|Extreme Speed|p2a: Blaziken
|-damage|p2a: Blaziken|14/100 tox
|-damage|p1a: Lucario|91/100|[from] item: Life Orb
|move|p2a: Blaziken|Scorching Sands|p1a: Lucario
|-supereffective|p1a: Lucario
|-damage|p1a: Lucario|0 fnt
|faint|p1a: Lucario
|
|-damage|p2a: Blaziken|0 fnt|[from] psn
|faint|p2a: Blaziken
|upkeep
|
|t:|1758361131
|switch|p1a: Pikachu|Pikachu, M|100/100
|switch|p2a: Volcanion|Volcanion|63/100
|turn|10
|
|t:|1758361137
|move|p1a: Pikachu|Substitute|p1a: Pikachu
|-start|p1a: Pikachu|Substitute
|-damage|p1a: Pikachu|76/100
|move|p2a: Volcanion|Earth Power|p1a: Pikachu
|-supereffective|p1a: Pikachu
|-end|p1a: Pikachu|Substitute
|
|upkeep
|turn|11
|
|t:|1758361145
|move|p1a: Pikachu|Thunderbolt|p2a: Volcanion
|-supereffective|p2a: Volcanion
|-damage|p2a: Volcanion|0 fnt
|faint|p2a: Volcanion
|
|upkeep
|
|t:|1758361157
|switch|p2a: Frosmoth|Frosmoth, F|100/100
|turn|12
|
|t:|1758361162
|move|p1a: Pikachu|Substitute|p1a: Pikachu
|-start|p1a: Pikachu|Substitute
|-damage|p1a: Pikachu|51/100
|move|p2a: Frosmoth|Quiver Dance|p2a: Frosmoth
|-boost|p2a: Frosmoth|spa|1
|-boost|p2a: Frosmoth|spd|1
|-boost|p2a: Frosmoth|spe|1
|
|upkeep
|turn|13
|
|t:|1758361169
|-singleturn|p1a: Pikachu|move: Focus Punch
|move|p2a: Frosmoth|Quiver Dance|p2a: Frosmoth
|-boost|p2a: Frosmoth|spa|1
|-boost|p2a: Frosmoth|spd|1
|-boost|p2a: Frosmoth|spe|1
|move|p1a: Pikachu|Focus Punch|p2a: Frosmoth
|-damage|p2a: Frosmoth|22/100
|
|upkeep
|turn|14
|
|t:|1758361181
|-singleturn|p1a: Pikachu|move: Focus Punch
|move|p2a: Frosmoth|Ice Beam|p1a: Pikachu
|-end|p1a: Pikachu|Substitute
|move|p1a: Pikachu|Focus Punch|p2a: Frosmoth
|-damage|p2a: Frosmoth|0 fnt
|faint|p2a: Frosmoth
|
|upkeep
|
|t:|1758361191
|switch|p2a: Indeedee|Indeedee, M|100/100
|-fieldstart|move: Psychic Terrain|[from] ability: Psychic Surge|[of] p2a: Indeedee
|turn|15
|
|t:|1758361200
|move|p2a: Indeedee|Encore|p1a: Pikachu
|-start|p1a: Pikachu|Encore
|move|p1a: Pikachu|Focus Punch|p2a: Indeedee
|-damage|p2a: Indeedee|27/100
|
|upkeep
|turn|16
|
|t:|1758361209
|-singleturn|p1a: Pikachu|move: Focus Punch
|move|p2a: Indeedee|Expanding Force|p1a: Pikachu
|-damage|p1a: Pikachu|0 fnt
|faint|p1a: Pikachu
|
|upkeep
|
|t:|1758361213
|switch|p1a: Greninja|Greninja, M|100/100
|turn|17
|
|t:|1758361220
|move|p1a: Greninja|Dark Pulse|p2a: Indeedee
|-start|p1a: Greninja|typechange|Dark|[from] ability: Protean
|-supereffective|p2a: Indeedee
|-damage|p2a: Indeedee|0 fnt
|faint|p2a: Indeedee
|
|upkeep
|
|t:|1758361228
|switch|p2a: Reuniclus|Reuniclus, F|100/100
|turn|18
|
|t:|1758361233
|move|p1a: Greninja|Dark Pulse|p2a: Reuniclus
|-supereffective|p2a: Reuniclus
|-damage|p2a: Reuniclus|0 fnt
|faint|p2a: Reuniclus
|
|win|SmaashBros
|raw|SmaashBros's rating: 1083 &rarr; <strong>1107</strong><br />(+24 for winning)
|raw|Pinoitaliano's rating: 1033 &rarr; <strong>1020</strong><br />(-13 for losing)
|l|☆Pinoitaliano
|player|p2|
