|j|☆Hate ur face
|j|☆IASFAATG
|t:|1758374450
|gametype|singles
|player|p1|Hate ur face|1|1228
|player|p2|IASFAATG|scientist-gen4dp|1221
|gen|9
|tier|[Gen 9] OU
|rated|
|rule|HP Percentage Mod: HP is shown in percentages
|rule|Endless Battle Clause: Forcing endless battles is banned
|rule|Species Clause: Limit one of each Pokémon
|rule|OHKO Clause: OHKO moves are banned
|rule|Evasion Items Clause: Evasion items are banned
|rule|Evasion Moves Clause: Evasion moves are banned
|rule|Evasion Abilities Clause: Evasion abilities are banned
|rule|Sleep Moves Clause: Sleep-inducing moves are banned
|clearpoke
|poke|p1|Tyranitar, F|
|poke|p1|Excadrill, F|
|poke|p1|Kingambit, M|
|poke|p1|Garchomp, M|
|poke|p1|Pecharunt|
|poke|p1|Rotom-Wash|
|poke|p2|Electrode-Hisui|
|poke|p2|Gallade, M|
|poke|p2|Slowking-Galar, M|
|poke|p2|Alomomola, F|
|poke|p2|Great Tusk|
|poke|p2|Landorus-Therian, M|
|teampreview
|inactive|Battle timer is ON: inactive players will automatically lose when time's up. (requested by IASFAATG)
|
|t:|1758374464
|teamsize|p1|6
|teamsize|p2|6
|start
|switch|p1a: Rotom|Rotom-Wash|100/100
|switch|p2a: Gallade|Gallade, M, shiny|100/100
|turn|1
|
|t:|1758374470
|switch|p2a: Slowking|Slowking-Galar, M|100/100
|move|p1a: Rotom|Hydro Pump|p2a: Slowking
|-damage|p2a: Slowking|76/100
|
|upkeep
|turn|2
|
|t:|1758374477
|move|p1a: Rotom|Volt Switch|p2a: Slowking
|-damage|p2a: Slowking|61/100
|
|t:|1758374483
|switch|p1a: Garchomp|Garchomp, M|100/100|[from] Volt Switch
|-prepare|p2a: Slowking|Chilly Reception|[premajor]
|move|p2a: Slowking|Chilly Reception|p2a: Slowking
|-weather|Snowscape
|
|t:|1758374493
|switch|p2a: Electrode|Electrode-Hisui, shiny|100/100|[from] Chilly Reception
|
|-weather|Snowscape|[upkeep]
|upkeep
|turn|3
|
|t:|1758374502
|-terastallize|p2a: Electrode|Ice
|move|p2a: Electrode|Tera Blast|p1a: Garchomp|[anim] Tera Blast Ice
|-supereffective|p1a: Garchomp
|-damage|p1a: Garchomp|0 fnt
|faint|p1a: Garchomp
|
|-weather|Snowscape|[upkeep]
|upkeep
|
|t:|1758374508
|switch|p1a: Tyranitar|Tyranitar, F|100/100
|-weather|Sandstorm|[from] ability: Sand Stream|[of] p1a: Tyranitar
|turn|4
|
|t:|1758374515
|switch|p2a: Alomomola|Alomomola, F, shiny|100/100
|move|p1a: Tyranitar|Knock Off|p2a: Alomomola
|-damage|p2a: Alomomola|77/100
|-enditem|p2a: Alomomola|Heavy-Duty Boots|[from] move: Knock Off|[of] p1a: Tyranitar
|
|-weather|Sandstorm|[upkeep]
|-damage|p2a: Alomomola|71/100|[from] Sandstorm
|upkeep
|turn|5
|
|t:|1758374524
|switch|p1a: Rotom|Rotom-Wash|100/100
|move|p2a: Alomomola|Flip Turn|p1a: Rotom
|-resisted|p1a: Rotom
|-crit|p1a: Rotom
|-damage|p1a: Rotom|90/100
|
|t:|1758374530
|switch|p2a: Electrode|Electrode-Hisui, shiny, tera:Ice|100/100|[from] Flip Turn
|
|-weather|Sandstorm|[upkeep]
|-damage|p2a: Electrode|94/100|[from] Sandstorm
|-damage|p1a: Rotom|84/100|[from] Sandstorm
|-heal|p1a: Rotom|90/100|[from] item: Leftovers
|upkeep
|turn|6
|
|t:|1758374538
|move|p2a: Electrode|Leaf Storm|p1a: Rotom
|-supereffective|p1a: Rotom
|-damage|p1a: Rotom|0 fnt
|-unboost|p2a: Electrode|spa|2
|faint|p1a: Rotom
|
|-weather|Sandstorm|[upkeep]
|-damage|p2a: Electrode|88/100|[from] Sandstorm
|upkeep
|
|t:|1758374543
|switch|p1a: Excadrill|Excadrill, F|100/100
|turn|7
|
|t:|1758374549
|switch|p2a: Landorus|Landorus-Therian, M|100/100
|-ability|p2a: Landorus|Intimidate|boost
|-unboost|p1a: Excadrill|atk|1
|move|p1a: Excadrill|Earthquake|p2a: Landorus
|-immune|p2a: Landorus
|
|-weather|Sandstorm|[upkeep]
|upkeep
|turn|8
|-message|Hate ur face forfeited.
|
|win|IASFAATG
|raw|Hate ur face's rating: 1228 &rarr; <strong>1202</strong><br />(-26 for losing)
|raw|IASFAATG's rating: 1221 &rarr; <strong>1247</strong><br />(+26 for winning)
|l|☆Hate ur face
|player|p1|
