|j|☆Crocodile E
|j|☆Chris466
|t:|1758347367
|gametype|singles
|player|p1|Crocodile E|depotagent|1435
|player|p2|Chris466|red|1334
|gen|9
|tier|[Gen 9] OU
|rated|
|rule|HP Percentage Mod: HP is shown in percentages
|rule|Endless Battle Clause: Forcing endless battles is banned
|rule|Species Clause: Limit one of each Pokémon
|rule|OHKO Clause: OHKO moves are banned
|rule|Evasion Items Clause: Evasion items are banned
|rule|Evasion Moves Clause: Evasion moves are banned
|rule|Evasion Abilities Clause: Evasion abilities are banned
|rule|Sleep Moves Clause: Sleep-inducing moves are banned
|clearpoke
|poke|p1|Deoxys-Speed|
|poke|p1|Gholdengo|
|poke|p1|Ting-Lu|
|poke|p1|Ogerpon-Wellspring, F|
|poke|p1|Kingambit, M|
|poke|p1|Raging Bolt|
|poke|p2|Iron Moth|
|poke|p2|Iron Hands|
|poke|p2|Kyurem|
|poke|p2|Gholdengo|
|poke|p2|Gliscor, F|
|poke|p2|Samurott-Hisui, M|
|teampreview
|
|t:|1758347373
|teamsize|p1|6
|teamsize|p2|6
|start
|switch|p1a: Deoxys|Deoxys-Speed|100/100
|switch|p2a: Samurott|Samurott-Hisui, M|100/100
|-ability|p1a: Deoxys|Pressure
|turn|1
|
|t:|1758347375
|move|p1a: Deoxys|Superpower|p2a: Samurott
|-supereffective|p2a: Samurott
|-damage|p2a: Samurott|15/100
|-unboost|p1a: Deoxys|atk|1
|-unboost|p1a: Deoxys|def|1
|move|p2a: Samurott|Ceaseless Edge|p1a: Deoxys
|-supereffective|p1a: Deoxys
|-damage|p1a: Deoxys|0 fnt
|-sidestart|p1: Crocodile E|Spikes
|faint|p1a: Deoxys
|
|-heal|p2a: Samurott|21/100|[from] item: Leftovers
|upkeep
|
|t:|1758347382
|switch|p1a: Ogerpon|Ogerpon-Wellspring, F|100/100
|-damage|p1a: Ogerpon|88/100|[from] Spikes
|turn|2
|
|t:|1758347389
|switch|p2a: Kyurem|Kyurem|100/100
|-ability|p2a: Kyurem|Pressure
|move|p1a: Ogerpon|Ivy Cudgel|p2a: Kyurem|[anim] Ivy Cudgel Water
|-resisted|p2a: Kyurem
|-damage|p2a: Kyurem|72/100
|
|upkeep
|turn|3
|
|t:|1758347393
|switch|p1a: Ting-Lu|Ting-Lu|100/100
|-damage|p1a: Ting-Lu|88/100|[from] Spikes
|-ability|p1a: Ting-Lu|Vessel of Ruin
|move|p2a: Kyurem|Freeze-Dry|p1a: Ting-Lu
|-supereffective|p1a: Ting-Lu
|-damage|p1a: Ting-Lu|55/100
|-status|p1a: Ting-Lu|frz
|
|-heal|p1a: Ting-Lu|62/100 frz|[from] item: Leftovers
|upkeep
|turn|4
|
|t:|1758347395
|move|p2a: Kyurem|Ice Beam|p1a: Ting-Lu
|-supereffective|p1a: Ting-Lu
|-damage|p1a: Ting-Lu|23/100 frz
|cant|p1a: Ting-Lu|frz
|
|-heal|p1a: Ting-Lu|29/100 frz|[from] item: Leftovers
|upkeep
|turn|5
|
|t:|1758347398
|move|p2a: Kyurem|Ice Beam|p1a: Ting-Lu
|-supereffective|p1a: Ting-Lu
|-damage|p1a: Ting-Lu|0 fnt
|faint|p1a: Ting-Lu
|
|upkeep
|
|t:|1758347399
|switch|p1a: Gholdengo|Gholdengo|100/100
|-item|p1a: Gholdengo|Air Balloon
|turn|6
|
|t:|1758347403
|switch|p2a: Samurott|Samurott-Hisui, M|21/100
|move|p1a: Gholdengo|Nasty Plot|p1a: Gholdengo
|-boost|p1a: Gholdengo|spa|2
|
|-heal|p2a: Samurott|27/100|[from] item: Leftovers
|upkeep
|turn|7
|
|t:|1758347406
|move|p2a: Samurott|Aqua Jet|p1a: Gholdengo
|-damage|p1a: Gholdengo|88/100
|-enditem|p1a: Gholdengo|Air Balloon
|move|p1a: Gholdengo|Make It Rain|p2a: Samurott
|-resisted|p2a: Samurott
|-crit|p2a: Samurott
|-damage|p2a: Samurott|0 fnt
|-unboost|p1a: Gholdengo|spa|1
|faint|p2a: Samurott
|
|upkeep
|
|t:|1758347415
|switch|p2a: Iron Moth|Iron Moth|100/100
|-enditem|p2a: Iron Moth|Booster Energy
|-activate|p2a: Iron Moth|ability: Quark Drive|[fromitem]
|-start|p2a: Iron Moth|quarkdrivespe
|turn|8
|
|t:|1758347418
|move|p2a: Iron Moth|Substitute|p2a: Iron Moth
|-start|p2a: Iron Moth|Substitute
|-damage|p2a: Iron Moth|76/100
|move|p1a: Gholdengo|Shadow Ball|p2a: Iron Moth
|-end|p2a: Iron Moth|Substitute
|
|upkeep
|turn|9
|
|t:|1758347420
|-terastallize|p1a: Gholdengo|Fairy
|move|p2a: Iron Moth|Fiery Dance|p1a: Gholdengo
|-damage|p1a: Gholdengo|50/100
|move|p1a: Gholdengo|Shadow Ball|p2a: Iron Moth
|-damage|p2a: Iron Moth|17/100
|
|upkeep
|turn|10
|
|t:|1758347429
|switch|p1a: Kingambit|Kingambit, M|100/100
|-damage|p1a: Kingambit|88/100|[from] Spikes
|-activate|p1a: Kingambit|ability: Supreme Overlord
|-start|p1a: Kingambit|fallen2|[silent]
|move|p2a: Iron Moth|Sludge Wave|p1a: Kingambit
|-immune|p1a: Kingambit
|
|upkeep
|turn|11
|
|t:|1758347431
|move|p1a: Kingambit|Sucker Punch||[still]
|-fail|p1a: Kingambit
|move|p2a: Iron Moth|Substitute|p2a: Iron Moth
|-fail|p2a: Iron Moth|move: Substitute|[weak]
|
|upkeep
|turn|12
|
|t:|1758347433
|move|p1a: Kingambit|Sucker Punch|p2a: Iron Moth
|-damage|p2a: Iron Moth|0 fnt
|faint|p2a: Iron Moth
|-end|p2a: Iron Moth|Quark Drive|[silent]
|
|upkeep
|
|t:|1758347435
|switch|p2a: Iron Hands|Iron Hands|100/100
|turn|13
|
|t:|1758347439
|-end|p1a: Kingambit|fallen2|[silent]
|switch|p1a: Gholdengo|Gholdengo, tera:Fairy|50/100
|-damage|p1a: Gholdengo|38/100|[from] Spikes
|move|p2a: Iron Hands|Drain Punch|p1a: Gholdengo
|-resisted|p1a: Gholdengo
|-damage|p1a: Gholdengo|21/100
|
|upkeep
|turn|14
|
|t:|1758347441
|move|p1a: Gholdengo|Recover|p1a: Gholdengo
|-heal|p1a: Gholdengo|71/100
|move|p2a: Iron Hands|Volt Switch|p1a: Gholdengo
|-damage|p1a: Gholdengo|59/100
|
|t:|1758347445
|-end|p2a: Iron Hands|Quark Drive|[silent]
|switch|p2a: Gholdengo|Gholdengo|100/100|[from] Volt Switch
|
|upkeep
|turn|15
|
|t:|1758347449
|switch|p1a: Kingambit|Kingambit, M|88/100
|-damage|p1a: Kingambit|76/100|[from] Spikes
|-activate|p1a: Kingambit|ability: Supreme Overlord
|-start|p1a: Kingambit|fallen2|[silent]
|-terastallize|p2a: Gholdengo|Fairy
|move|p2a: Gholdengo|Make It Rain|p1a: Kingambit
|-resisted|p1a: Kingambit
|-damage|p1a: Kingambit|57/100
|-unboost|p2a: Gholdengo|spa|1
|
|upkeep
|turn|16
|
|t:|1758347451
|move|p2a: Gholdengo|Thunder Wave|p1a: Kingambit
|-status|p1a: Kingambit|par
|move|p1a: Kingambit|Iron Head|p2a: Gholdengo
|-supereffective|p2a: Gholdengo
|-damage|p2a: Gholdengo|25/100
|-damage|p1a: Kingambit|41/100 par|[from] item: Rocky Helmet|[of] p2a: Gholdengo
|
|upkeep
|turn|17
|
|t:|1758347454
|move|p2a: Gholdengo|Recover|p2a: Gholdengo
|-heal|p2a: Gholdengo|75/100
|move|p1a: Kingambit|Iron Head|p2a: Gholdengo
|-supereffective|p2a: Gholdengo
|-damage|p2a: Gholdengo|0 fnt
|-damage|p1a: Kingambit|24/100 par|[from] item: Rocky Helmet|[of] p2a: Gholdengo
|faint|p2a: Gholdengo
|
|upkeep
|
|t:|1758347457
|switch|p2a: Iron Hands|Iron Hands|100/100
|turn|18
|
|t:|1758347462
|-end|p1a: Kingambit|fallen2|[silent]
|switch|p1a: Gholdengo|Gholdengo, tera:Fairy|59/100
|-damage|p1a: Gholdengo|47/100|[from] Spikes
|move|p2a: Iron Hands|Earthquake|p1a: Gholdengo
|-damage|p1a: Gholdengo|18/100
|
|upkeep
|turn|19
|
|t:|1758347465
|move|p1a: Gholdengo|Recover|p1a: Gholdengo
|-heal|p1a: Gholdengo|68/100
|move|p2a: Iron Hands|Earthquake|p1a: Gholdengo
|-damage|p1a: Gholdengo|37/100
|
|upkeep
|turn|20
|
|t:|1758347470
|move|p1a: Gholdengo|Recover|p1a: Gholdengo
|-heal|p1a: Gholdengo|87/100
|move|p2a: Iron Hands|Earthquake|p1a: Gholdengo
|-damage|p1a: Gholdengo|58/100
|
|upkeep
|turn|21
|
|t:|1758347474
|move|p1a: Gholdengo|Recover|p1a: Gholdengo
|-heal|p1a: Gholdengo|100/100
|move|p2a: Iron Hands|Earthquake|p1a: Gholdengo
|-damage|p1a: Gholdengo|70/100
|
|upkeep
|turn|22
|
|t:|1758347476
|move|p1a: Gholdengo|Nasty Plot|p1a: Gholdengo
|-boost|p1a: Gholdengo|spa|2
|move|p2a: Iron Hands|Earthquake|p1a: Gholdengo
|-damage|p1a: Gholdengo|39/100
|
|upkeep
|turn|23
|
|t:|1758347478
|move|p1a: Gholdengo|Recover|p1a: Gholdengo
|-heal|p1a: Gholdengo|89/100
|move|p2a: Iron Hands|Earthquake|p1a: Gholdengo
|-damage|p1a: Gholdengo|60/100
|
|upkeep
|turn|24
|
|t:|1758347481
|move|p1a: Gholdengo|Shadow Ball|p2a: Iron Hands
|-damage|p2a: Iron Hands|56/100
|-unboost|p2a: Iron Hands|spd|1
|move|p2a: Iron Hands|Earthquake|p1a: Gholdengo
|-damage|p1a: Gholdengo|29/100
|
|upkeep
|turn|25
|
|t:|1758347484
|move|p1a: Gholdengo|Recover|p1a: Gholdengo
|-heal|p1a: Gholdengo|79/100
|move|p2a: Iron Hands|Volt Switch|p1a: Gholdengo
|-damage|p1a: Gholdengo|67/100
|
|t:|1758347486
|-end|p2a: Iron Hands|Quark Drive|[silent]
|switch|p2a: Kyurem|Kyurem|72/100|[from] Volt Switch
|-ability|p2a: Kyurem|Pressure
|
|upkeep
|turn|26
|
|t:|1758347488
|move|p2a: Kyurem|Ice Beam|p1a: Gholdengo
|-damage|p1a: Gholdengo|23/100
|move|p1a: Gholdengo|Shadow Ball|p2a: Kyurem
|-damage|p2a: Kyurem|4/100
|-unboost|p2a: Kyurem|spd|1
|
|upkeep
|turn|27
|
|t:|1758347495
|move|p2a: Kyurem|Ice Beam|p1a: Gholdengo
|-damage|p1a: Gholdengo|0 fnt
|faint|p1a: Gholdengo
|
|upkeep
|
|t:|1758347499
|switch|p1a: Ogerpon|Ogerpon-Wellspring, F|88/100
|-damage|p1a: Ogerpon|76/100|[from] Spikes
|turn|28
|
|t:|1758347502
|move|p1a: Ogerpon|Ivy Cudgel|p2a: Kyurem|[anim] Ivy Cudgel Water
|-resisted|p2a: Kyurem
|-crit|p2a: Kyurem
|-damage|p2a: Kyurem|0 fnt
|faint|p2a: Kyurem
|
|upkeep
|
|t:|1758347503
|switch|p2a: Iron Hands|Iron Hands|56/100
|turn|29
|
|t:|1758347506
|switch|p1a: Kingambit|Kingambit, M|24/100 par
|-damage|p1a: Kingambit|12/100 par|[from] Spikes
|-activate|p1a: Kingambit|ability: Supreme Overlord
|-start|p1a: Kingambit|fallen3|[silent]
|move|p2a: Iron Hands|Drain Punch|p1a: Kingambit
|-supereffective|p1a: Kingambit
|-damage|p1a: Kingambit|0 fnt
|-heal|p2a: Iron Hands|60/100|[from] drain|[of] p1a: Kingambit
|faint|p1a: Kingambit
|-end|p1a: Kingambit|fallen3|[silent]
|
|upkeep
|
|t:|1758347507
|switch|p1a: Raging Bolt|Raging Bolt|100/100
|-damage|p1a: Raging Bolt|88/100|[from] Spikes
|turn|30
|
|t:|1758347512
|move|p1a: Raging Bolt|Draco Meteor|p2a: Iron Hands
|-damage|p2a: Iron Hands|16/100
|-unboost|p1a: Raging Bolt|spa|2
|move|p2a: Iron Hands|Drain Punch|p1a: Raging Bolt
|-damage|p1a: Raging Bolt|49/100
|-heal|p2a: Iron Hands|31/100|[from] drain|[of] p1a: Raging Bolt
|
|-heal|p1a: Raging Bolt|55/100|[from] item: Leftovers
|upkeep
|turn|31
|
|t:|1758347515
|move|p1a: Raging Bolt|Draco Meteor|p2a: Iron Hands
|-damage|p2a: Iron Hands|6/100
|-unboost|p1a: Raging Bolt|spa|2
|move|p2a: Iron Hands|Drain Punch|p1a: Raging Bolt
|-damage|p1a: Raging Bolt|17/100
|-heal|p2a: Iron Hands|21/100|[from] drain|[of] p1a: Raging Bolt
|
|-heal|p1a: Raging Bolt|23/100|[from] item: Leftovers
|upkeep
|turn|32
|
|t:|1758347518
|move|p1a: Raging Bolt|Draco Meteor|p2a: Iron Hands|[miss]
|-miss|p1a: Raging Bolt|p2a: Iron Hands
|move|p2a: Iron Hands|Drain Punch|p1a: Raging Bolt
|-damage|p1a: Raging Bolt|0 fnt
|-heal|p2a: Iron Hands|30/100|[from] drain|[of] p1a: Raging Bolt
|faint|p1a: Raging Bolt
|-end|p1a: Raging Bolt|Protosynthesis|[silent]
|
|upkeep
|
|t:|1758347520
|switch|p1a: Ogerpon|Ogerpon-Wellspring, F|76/100
|-damage|p1a: Ogerpon|64/100|[from] Spikes
|turn|33
|
|t:|1758347522
|move|p1a: Ogerpon|Ivy Cudgel|p2a: Iron Hands|[anim] Ivy Cudgel Water
|-damage|p2a: Iron Hands|0 fnt
|faint|p2a: Iron Hands
|-end|p2a: Iron Hands|Quark Drive|[silent]
|
|upkeep
|
|t:|1758347524
|switch|p2a: Gliscor|Gliscor, F|100/100
|turn|34
|
|t:|1758347525
|move|p1a: Ogerpon|Substitute|p1a: Ogerpon
|-start|p1a: Ogerpon|Substitute
|-damage|p1a: Ogerpon|39/100
|move|p2a: Gliscor|U-turn|p1a: Ogerpon
|-supereffective|p1a: Ogerpon
|-end|p1a: Ogerpon|Substitute
|
|-status|p2a: Gliscor|tox|[from] item: Toxic Orb
|upkeep
|turn|35
|
|t:|1758347527
|move|p1a: Ogerpon|Swords Dance|p1a: Ogerpon
|-boost|p1a: Ogerpon|atk|2
|move|p2a: Gliscor|U-turn|p1a: Ogerpon
|-supereffective|p1a: Ogerpon
|-damage|p1a: Ogerpon|0 fnt
|faint|p1a: Ogerpon
|
|win|Chris466
|raw|Crocodile E's rating: 1435 &rarr; <strong>1409</strong><br />(-26 for losing)
|raw|Chris466's rating: 1334 &rarr; <strong>1360</strong><br />(+26 for winning)
|l|☆Crocodile E
|player|p1|
|c|☆Chris466|Gg
