|j|☆darkid321
|j|☆purple pastels
|t:|1758378069
|gametype|singles
|player|p1|darkid321|policeman-gen4|1435
|player|p2|purple pastels|doubleteam|1492
|gen|9
|tier|[Gen 9] OU
|rated|
|rule|HP Percentage Mod: HP is shown in percentages
|rule|Endless Battle Clause: Forcing endless battles is banned
|rule|Species Clause: Limit one of each Pokémon
|rule|OHKO Clause: OHKO moves are banned
|rule|Evasion Items Clause: Evasion items are banned
|rule|Evasion Moves Clause: Evasion moves are banned
|rule|Evasion Abilities Clause: Evasion abilities are banned
|rule|Sleep Moves Clause: Sleep-inducing moves are banned
|clearpoke
|poke|p1|Walking Wake|
|poke|p1|Rillaboom, F|
|poke|p1|Skeledirge, M|
|poke|p1|Azelf|
|poke|p1|Iron Treads|
|poke|p1|Iron Hands|
|poke|p2|Gliscor, M|
|poke|p2|Gholdengo|
|poke|p2|Comfey, M|
|poke|p2|Great Tusk|
|poke|p2|Pecharunt|
|poke|p2|Kyurem|
|teampreview
|inactive|Battle timer is ON: inactive players will automatically lose when time's up. (requested by darkid321)
|inactive|darkid321 has 120 seconds left.
|
|t:|1758378113
|teamsize|p1|6
|teamsize|p2|6
|start
|switch|p1a: Azelf|Azelf|100/100
|switch|p2a: Gholdengo|Gholdengo|100/100
|turn|1
|
|t:|1758378122
|move|p2a: Gholdengo|Shadow Ball|p1a: Azelf
|-supereffective|p1a: Azelf
|-enditem|p1a: Azelf|Focus Sash
|-damage|p1a: Azelf|1/100
|-unboost|p1a: Azelf|spd|1
|move|p1a: Azelf|Nasty Plot|p1a: Azelf
|-boost|p1a: Azelf|spa|2
|
|upkeep
|turn|2
|
|t:|1758378133
|switch|p1a: Rillaboom|Rillaboom, F|100/100
|-fieldstart|move: Grassy Terrain|[from] ability: Grassy Surge|[of] p1a: Rillaboom
|move|p2a: Gholdengo|Shadow Ball|p1a: Rillaboom
|-damage|p1a: Rillaboom|69/100
|
|-heal|p1a: Rillaboom|75/100|[from] Grassy Terrain
|-heal|p1a: Rillaboom|82/100|[from] item: Leftovers
|upkeep
|turn|3
|
|t:|1758378144
|switch|p2a: Pecharunt|Pecharunt|100/100
|switch|p1a: Azelf|Azelf|1/100
|
|upkeep
|turn|4
|
|t:|1758378153
|switch|p2a: Gholdengo|Gholdengo|100/100
|move|p1a: Azelf|Psychic|p2a: Gholdengo
|-resisted|p2a: Gholdengo
|-damage|p2a: Gholdengo|75/100
|
|-heal|p2a: Gholdengo|81/100|[from] Grassy Terrain
|upkeep
|turn|5
|
|t:|1758378162
|switch|p1a: Iron Treads|Iron Treads|100/100
|-enditem|p1a: Iron Treads|Booster Energy
|-activate|p1a: Iron Treads|ability: Quark Drive|[fromitem]
|-start|p1a: Iron Treads|quarkdrivespe
|move|p2a: Gholdengo|Shadow Ball|p1a: Iron Treads
|-damage|p1a: Iron Treads|39/100
|
|-heal|p1a: Iron Treads|45/100|[from] Grassy Terrain
|-heal|p2a: Gholdengo|87/100|[from] Grassy Terrain
|upkeep
|turn|6
|
|t:|1758378172
|move|p1a: Iron Treads|High Horsepower|p2a: Gholdengo
|-supereffective|p2a: Gholdengo
|-crit|p2a: Gholdengo
|-damage|p2a: Gholdengo|0 fnt
|faint|p2a: Gholdengo
|
|-heal|p1a: Iron Treads|51/100|[from] Grassy Terrain
|-fieldend|move: Grassy Terrain
|upkeep
|
|t:|1758378181
|switch|p2a: Kyurem|Kyurem|100/100
|-ability|p2a: Kyurem|Pressure
|turn|7
|
|t:|1758378186
|move|p1a: Iron Treads|Iron Head|p2a: Kyurem
|-supereffective|p2a: Kyurem
|-damage|p2a: Kyurem|24/100
|cant|p2a: Kyurem|flinch
|
|upkeep
|turn|8
|
|t:|1758378197
|switch|p2a: Great Tusk|Great Tusk|100/100
|move|p1a: Iron Treads|Iron Head|p2a: Great Tusk
|-damage|p2a: Great Tusk|74/100
|
|upkeep
|turn|9
|
|t:|1758378204
|-end|p1a: Iron Treads|Quark Drive|[silent]
|switch|p1a: Azelf|Azelf|1/100
|move|p2a: Great Tusk|Rapid Spin|p1a: Azelf
|-damage|p1a: Azelf|0 fnt
|-boost|p2a: Great Tusk|spe|1
|faint|p1a: Azelf
|
|upkeep
|
|t:|1758378212
|switch|p1a: Rillaboom|Rillaboom, F|82/100
|-fieldstart|move: Grassy Terrain|[from] ability: Grassy Surge|[of] p1a: Rillaboom
|turn|10
|
|t:|1758378216
|move|p2a: Great Tusk|Ice Spinner|p1a: Rillaboom
|-supereffective|p1a: Rillaboom
|-crit|p1a: Rillaboom
|-damage|p1a: Rillaboom|10/100
|-fieldend|move: Grassy Terrain
|move|p1a: Rillaboom|Drum Beating|p2a: Great Tusk
|-supereffective|p2a: Great Tusk
|-damage|p2a: Great Tusk|28/100
|-unboost|p2a: Great Tusk|spe|1
|
|-heal|p1a: Rillaboom|16/100|[from] item: Leftovers
|upkeep
|turn|11
|
|t:|1758378232
|switch|p1a: Skeledirge|Skeledirge, M|100/100
|move|p2a: Great Tusk|Headlong Rush|p1a: Skeledirge
|-supereffective|p1a: Skeledirge
|-damage|p1a: Skeledirge|1/100
|-unboost|p2a: Great Tusk|def|1
|-unboost|p2a: Great Tusk|spd|1
|
|upkeep
|turn|12
|
|t:|1758378240
|move|p2a: Great Tusk|Headlong Rush|p1a: Skeledirge
|-supereffective|p1a: Skeledirge
|-damage|p1a: Skeledirge|0 fnt
|-unboost|p2a: Great Tusk|def|1
|-unboost|p2a: Great Tusk|spd|1
|faint|p1a: Skeledirge
|
|upkeep
|
|t:|1758378247
|switch|p1a: Iron Hands|Iron Hands|100/100
|-enditem|p1a: Iron Hands|Booster Energy
|-activate|p1a: Iron Hands|ability: Quark Drive|[fromitem]
|-start|p1a: Iron Hands|quarkdriveatk
|turn|13
|
|t:|1758378252
|move|p1a: Iron Hands|Fake Out|p2a: Great Tusk
|-damage|p2a: Great Tusk|0 fnt
|faint|p2a: Great Tusk
|-end|p2a: Great Tusk|Protosynthesis|[silent]
|
|upkeep
|
|t:|1758378254
|switch|p2a: Comfey|Comfey, M|100/100
|turn|14
|
|t:|1758378264
|-terastallize|p1a: Iron Hands|Ice
|move|p2a: Comfey|Encore|p1a: Iron Hands
|-start|p1a: Iron Hands|Encore
|move|p1a: Iron Hands|Fake Out||[still]
|-hint|Fake Out only works on your first turn out.
|-fail|p1a: Iron Hands
|
|upkeep
|turn|15
|
|t:|1758378270
|-end|p1a: Iron Hands|Quark Drive|[silent]
|switch|p1a: Rillaboom|Rillaboom, F|16/100
|-fieldstart|move: Grassy Terrain|[from] ability: Grassy Surge|[of] p1a: Rillaboom
|move|p2a: Comfey|Calm Mind|p2a: Comfey
|-boost|p2a: Comfey|spa|1
|-boost|p2a: Comfey|spd|1
|
|-heal|p1a: Rillaboom|22/100|[from] Grassy Terrain
|-heal|p1a: Rillaboom|28/100|[from] item: Leftovers
|upkeep
|turn|16
|
|t:|1758378281
|move|p2a: Comfey|Calm Mind|p2a: Comfey
|-boost|p2a: Comfey|spa|1
|-boost|p2a: Comfey|spd|1
|move|p1a: Rillaboom|Drum Beating|p2a: Comfey
|-damage|p2a: Comfey|47/100
|-unboost|p2a: Comfey|spe|1
|
|-heal|p1a: Rillaboom|35/100|[from] Grassy Terrain
|-heal|p1a: Rillaboom|41/100|[from] item: Leftovers
|-heal|p2a: Comfey|53/100|[from] Grassy Terrain
|upkeep
|turn|17
|
|t:|1758378291
|move|p1a: Rillaboom|Protect|p1a: Rillaboom
|-singleturn|p1a: Rillaboom|Protect
|move|p2a: Comfey|Draining Kiss|p1a: Rillaboom
|-activate|p1a: Rillaboom|move: Protect
|
|-heal|p1a: Rillaboom|47/100|[from] Grassy Terrain
|-heal|p1a: Rillaboom|53/100|[from] item: Leftovers
|-heal|p2a: Comfey|60/100|[from] Grassy Terrain
|upkeep
|turn|18
|
|t:|1758378300
|move|p2a: Comfey|Draining Kiss|p1a: Rillaboom
|-damage|p1a: Rillaboom|9/100
|-heal|p2a: Comfey|100/100|[from] drain|[of] p1a: Rillaboom
|-damage|p2a: Comfey|91/100|[from] item: Life Orb
|move|p1a: Rillaboom|Drum Beating|p2a: Comfey
|-damage|p2a: Comfey|42/100
|-unboost|p2a: Comfey|spe|1
|
|-heal|p1a: Rillaboom|16/100|[from] Grassy Terrain
|-heal|p1a: Rillaboom|22/100|[from] item: Leftovers
|-heal|p2a: Comfey|48/100|[from] Grassy Terrain
|upkeep
|turn|19
|
|t:|1758378312
|move|p2a: Comfey|Draining Kiss|p1a: Rillaboom
|-damage|p1a: Rillaboom|0 fnt
|-heal|p2a: Comfey|69/100|[from] drain|[of] p1a: Rillaboom
|faint|p1a: Rillaboom
|-damage|p2a: Comfey|59/100|[from] item: Life Orb
|
|-heal|p2a: Comfey|66/100|[from] Grassy Terrain
|-fieldend|move: Grassy Terrain
|upkeep
|
|t:|1758378319
|switch|p1a: Iron Treads|Iron Treads|51/100
|turn|20
|
|t:|1758378325
|switch|p2a: Gliscor|Gliscor, M|100/100
|move|p1a: Iron Treads|Iron Head|p2a: Gliscor
|-damage|p2a: Gliscor|73/100
|
|-status|p2a: Gliscor|tox|[from] item: Toxic Orb
|upkeep
|turn|21
|
|t:|1758378338
|-end|p1a: Iron Treads|Quark Drive|[silent]
|switch|p1a: Walking Wake|Walking Wake|100/100
|-enditem|p1a: Walking Wake|Booster Energy
|-activate|p1a: Walking Wake|ability: Protosynthesis|[fromitem]
|-start|p1a: Walking Wake|protosynthesisspa
|switch|p2a: Pecharunt|Pecharunt|100/100
|
|upkeep
|turn|22
|
|t:|1758378348
|move|p2a: Pecharunt|Malignant Chain|p1a: Walking Wake
|-damage|p1a: Walking Wake|72/100
|-status|p1a: Walking Wake|tox
|-start|p1a: Walking Wake|confusion|[from] ability: Poison Puppeteer|[of] p2a: Pecharunt
|-activate|p1a: Walking Wake|confusion
|move|p1a: Walking Wake|Hydro Steam|p2a: Pecharunt
|-damage|p2a: Pecharunt|47/100
|
|-damage|p1a: Walking Wake|66/100 tox|[from] psn
|upkeep
|turn|23
|
|t:|1758378361
|move|p2a: Pecharunt|Recover|p2a: Pecharunt
|-heal|p2a: Pecharunt|97/100
|-activate|p1a: Walking Wake|confusion
|-damage|p1a: Walking Wake|59/100 tox|[from] confusion
|
|-damage|p1a: Walking Wake|47/100 tox|[from] psn
|upkeep
|turn|24
|
|t:|1758378369
|move|p2a: Pecharunt|Nasty Plot|p2a: Pecharunt
|-boost|p2a: Pecharunt|spa|2
|-end|p1a: Walking Wake|confusion
|move|p1a: Walking Wake|Draco Meteor|p2a: Pecharunt
|-damage|p2a: Pecharunt|0 fnt
|-unboost|p1a: Walking Wake|spa|2
|faint|p2a: Pecharunt
|
|-damage|p1a: Walking Wake|28/100 tox|[from] psn
|upkeep
|
|t:|1758378386
|switch|p2a: Comfey|Comfey, M|66/100
|turn|25
|
|t:|1758378396
|-end|p1a: Walking Wake|Protosynthesis|[silent]
|switch|p1a: Iron Treads|Iron Treads|51/100
|move|p2a: Comfey|Draining Kiss|p1a: Iron Treads
|-resisted|p1a: Iron Treads
|-damage|p1a: Iron Treads|33/100
|-heal|p2a: Comfey|80/100|[from] drain|[of] p1a: Iron Treads
|-damage|p2a: Comfey|70/100|[from] item: Life Orb
|
|upkeep
|turn|26
|
|t:|1758378423
|-end|p1a: Iron Treads|Quark Drive|[silent]
|switch|p1a: Iron Hands|Iron Hands, tera:Ice|100/100
|-terastallize|p2a: Comfey|Steel
|move|p2a: Comfey|Draining Kiss|p1a: Iron Hands
|-damage|p1a: Iron Hands|71/100
|-heal|p2a: Comfey|100/100|[from] drain|[of] p1a: Iron Hands
|-damage|p2a: Comfey|91/100|[from] item: Life Orb
|
|upkeep
|turn|27
|
|t:|1758378432
|switch|p2a: Gliscor|Gliscor, M|73/100 tox
|move|p1a: Iron Hands|Drain Punch|p2a: Gliscor
|-resisted|p2a: Gliscor
|-damage|p2a: Gliscor|56/100 tox
|-heal|p1a: Iron Hands|78/100|[from] drain|[of] p2a: Gliscor
|
|-heal|p2a: Gliscor|68/100 tox|[from] ability: Poison Heal
|upkeep
|turn|28
|
|t:|1758378442
|move|p2a: Gliscor|Facade|p1a: Iron Hands
|-damage|p1a: Iron Hands|60/100
|move|p1a: Iron Hands|Ice Punch|p2a: Gliscor
|-supereffective|p2a: Gliscor
|-damage|p2a: Gliscor|0 fnt
|faint|p2a: Gliscor
|
|upkeep
|
|t:|1758378448
|switch|p2a: Comfey|Comfey, M, tera:Steel|91/100
|turn|29
|
|t:|1758378453
|-end|p1a: Iron Hands|Quark Drive|[silent]
|switch|p1a: Walking Wake|Walking Wake|28/100 tox
|move|p2a: Comfey|Encore||[still]
|-fail|p2a: Comfey
|
|-damage|p1a: Walking Wake|22/100 tox|[from] psn
|upkeep
|turn|30
|
|t:|1758378460
|move|p1a: Walking Wake|Flamethrower|p2a: Comfey
|-supereffective|p2a: Comfey
|-damage|p2a: Comfey|18/100
|move|p2a: Comfey|Calm Mind|p2a: Comfey
|-boost|p2a: Comfey|spa|1
|-boost|p2a: Comfey|spd|1
|
|-damage|p1a: Walking Wake|9/100 tox|[from] psn
|upkeep
|turn|31
|
|t:|1758378467
|move|p2a: Comfey|Draining Kiss|p1a: Walking Wake
|-supereffective|p1a: Walking Wake
|-damage|p1a: Walking Wake|0 fnt
|-heal|p2a: Comfey|27/100|[from] drain|[of] p1a: Walking Wake
|faint|p1a: Walking Wake
|-end|p1a: Walking Wake|Protosynthesis|[silent]
|-damage|p2a: Comfey|17/100|[from] item: Life Orb
|
|upkeep
|
|t:|1758378474
|switch|p1a: Iron Treads|Iron Treads|33/100
|turn|32
|
|t:|1758378479
|move|p2a: Comfey|Draining Kiss|p1a: Iron Treads
|-resisted|p1a: Iron Treads
|-damage|p1a: Iron Treads|3/100
|-heal|p2a: Comfey|40/100|[from] drain|[of] p1a: Iron Treads
|-damage|p2a: Comfey|30/100|[from] item: Life Orb
|move|p1a: Iron Treads|High Horsepower|p2a: Comfey
|-supereffective|p2a: Comfey
|-damage|p2a: Comfey|0 fnt
|faint|p2a: Comfey
|
|upkeep
|
|t:|1758378487
|switch|p2a: Kyurem|Kyurem|24/100
|-ability|p2a: Kyurem|Pressure
|turn|33
|
|t:|1758378492
|move|p1a: Iron Treads|Iron Head|p2a: Kyurem
|-supereffective|p2a: Kyurem
|-damage|p2a: Kyurem|0 fnt
|faint|p2a: Kyurem
|
|win|darkid321
|raw|darkid321's rating: 1435 &rarr; <strong>1458</strong><br />(+23 for winning)
|raw|purple pastels's rating: 1492 &rarr; <strong>1469</strong><br />(-23 for losing)
|l|☆purple pastels
|player|p2|
|l|☆darkid321
|player|p1|
