|j|☆elvergatron69
|j|☆goatman666
|t:|1758307601
|gametype|singles
|player|p1|elvergatron69|265|1098
|player|p2|goatman666|hiker-gen4|1117
|gen|9
|tier|[Gen 9] OU
|rated|
|rule|HP Percentage Mod: HP is shown in percentages
|rule|Endless Battle Clause: Forcing endless battles is banned
|rule|Species Clause: Limit one of each Pokémon
|rule|OHKO Clause: OHKO moves are banned
|rule|Evasion Items Clause: Evasion items are banned
|rule|Evasion Moves Clause: Evasion moves are banned
|rule|Evasion Abilities Clause: Evasion abilities are banned
|rule|Sleep Moves Clause: Sleep-inducing moves are banned
|clearpoke
|poke|p1|Yanma, M|
|poke|p1|Manaphy|
|poke|p1|Zebstrika, M|
|poke|p1|Scrafty, M|
|poke|p1|Tsareena, F|
|poke|p1|Farigiraf, M|
|poke|p2|Mew|
|poke|p2|Zamazenta-*|
|poke|p2|Milotic, F|
|poke|p2|Gliscor, F|
|poke|p2|Iron Treads|
|poke|p2|Kingambit, M|
|teampreview
|inactive|Battle timer is ON: inactive players will automatically lose when time's up. (requested by goatman666)
|c|☆goatman666|Glgf
|c|☆goatman666|Cool team
|
|t:|1758307627
|teamsize|p1|6
|teamsize|p2|6
|start
|switch|p1a: Farigiraf|Farigiraf, M|100/100
|switch|p2a: Milotic|Milotic, F, shiny|100/100
|turn|1
|
|t:|1758307643
|switch|p2a: Mew|Mew, shiny|100/100
|move|p1a: Farigiraf|Energy Ball|p2a: Mew
|-damage|p2a: Mew|82/100
|-enditem|p2a: Mew|Red Card|[of] p1a: Farigiraf
|drag|p1a: Tsareena|Tsareena, F|100/100
|
|upkeep
|turn|2
|
|t:|1758307657
|move|p1a: Tsareena|Rapid Spin|p2a: Mew
|-damage|p2a: Mew|67/100
|-boost|p1a: Tsareena|spe|1
|move|p2a: Mew|Thunder Wave|p1a: Tsareena
|-status|p1a: Tsareena|par
|
|upkeep
|turn|3
|
|t:|1758307664
|move|p2a: Mew|Knock Off|p1a: Tsareena
|-damage|p1a: Tsareena|71/100 par
|-enditem|p1a: Tsareena|Wide Lens|[from] move: Knock Off|[of] p2a: Mew
|move|p1a: Tsareena|Power Whip|p2a: Mew
|-crit|p2a: Mew
|-damage|p2a: Mew|0 fnt
|faint|p2a: Mew
|
|upkeep
|
|t:|1758307677
|switch|p2a: Zamazenta|Zamazenta|100/100
|-ability|p2a: Zamazenta|Dauntless Shield|boost
|-boost|p2a: Zamazenta|def|1
|turn|4
|
|t:|1758307687
|move|p2a: Zamazenta|Iron Defense|p2a: Zamazenta
|-boost|p2a: Zamazenta|def|2
|cant|p1a: Tsareena|par
|
|upkeep
|turn|5
|
|t:|1758307705
|move|p2a: Zamazenta|Body Press|p1a: Tsareena
|-damage|p1a: Tsareena|0 fnt
|faint|p1a: Tsareena
|
|upkeep
|
|t:|1758307711
|switch|p1a: Farigiraf|Farigiraf, M|100/100
|turn|6
|
|t:|1758307719
|move|p2a: Zamazenta|Crunch|p1a: Farigiraf
|-supereffective|p1a: Farigiraf
|-damage|p1a: Farigiraf|54/100
|move|p1a: Farigiraf|Psychic|p2a: Zamazenta
|-supereffective|p2a: Zamazenta
|-damage|p2a: Zamazenta|32/100
|
|-heal|p2a: Zamazenta|38/100|[from] item: Leftovers
|upkeep
|turn|7
|
|t:|1758307727
|move|p2a: Zamazenta|Body Press|p1a: Farigiraf
|-damage|p1a: Farigiraf|0 fnt
|faint|p1a: Farigiraf
|
|-heal|p2a: Zamazenta|44/100|[from] item: Leftovers
|upkeep
|
|t:|1758307738
|switch|p1a: Yanma|Yanma, M|100/100
|turn|8
|
|t:|1758307745
|move|p1a: Yanma|Protect|p1a: Yanma
|-singleturn|p1a: Yanma|Protect
|move|p2a: Zamazenta|Crunch|p1a: Yanma
|-activate|p1a: Yanma|move: Protect
|
|-heal|p2a: Zamazenta|50/100|[from] item: Leftovers
|-ability|p1a: Yanma|Speed Boost|boost
|-boost|p1a: Yanma|spe|1
|upkeep
|turn|9
|
|t:|1758307758
|move|p1a: Yanma|Swords Dance|p1a: Yanma
|-boost|p1a: Yanma|atk|2
|move|p2a: Zamazenta|Roar|p1a: Yanma
|drag|p1a: Manaphy|Manaphy|100/100
|
|-heal|p2a: Zamazenta|57/100|[from] item: Leftovers
|upkeep
|turn|10
|
|t:|1758307769
|move|p2a: Zamazenta|Body Press|p1a: Manaphy
|-damage|p1a: Manaphy|20/100
|-enditem|p1a: Manaphy|Sitrus Berry|[eat]
|-heal|p1a: Manaphy|45/100|[from] item: Sitrus Berry
|move|p1a: Manaphy|Psychic|p2a: Zamazenta
|-supereffective|p2a: Zamazenta
|-damage|p2a: Zamazenta|19/100
|
|-heal|p2a: Zamazenta|25/100|[from] item: Leftovers
|upkeep
|turn|11
|
|t:|1758307778
|move|p2a: Zamazenta|Body Press|p1a: Manaphy
|-damage|p1a: Manaphy|0 fnt
|faint|p1a: Manaphy
|
|-heal|p2a: Zamazenta|31/100|[from] item: Leftovers
|upkeep
|
|t:|1758307784
|switch|p1a: Yanma|Yanma, M|100/100
|turn|12
|
|t:|1758307794
|switch|p2a: Gliscor|Gliscor, F|100/100
|move|p1a: Yanma|Swords Dance|p1a: Yanma
|-boost|p1a: Yanma|atk|2
|
|-ability|p1a: Yanma|Speed Boost|boost
|-boost|p1a: Yanma|spe|1
|-status|p2a: Gliscor|tox|[from] item: Toxic Orb
|upkeep
|turn|13
|
|t:|1758307804
|-terastallize|p1a: Yanma|Fighting
|move|p1a: Yanma|Reversal|p2a: Gliscor
|-resisted|p2a: Gliscor
|-damage|p2a: Gliscor|95/100 tox
|move|p2a: Gliscor|Stealth Rock|p1a: Yanma
|-sidestart|p1: elvergatron69|move: Stealth Rock
|
|-heal|p2a: Gliscor|100/100 tox|[from] ability: Poison Heal
|-ability|p1a: Yanma|Speed Boost|boost
|-boost|p1a: Yanma|spe|1
|upkeep
|turn|14
|
|t:|1758307814
|move|p1a: Yanma|Lunge|p2a: Gliscor
|-resisted|p2a: Gliscor
|-damage|p2a: Gliscor|81/100 tox
|-unboost|p2a: Gliscor|atk|1
|move|p2a: Gliscor|Knock Off|p1a: Yanma
|-resisted|p1a: Yanma
|-damage|p1a: Yanma|84/100
|-enditem|p1a: Yanma|Focus Sash|[from] move: Knock Off|[of] p2a: Gliscor
|
|-heal|p2a: Gliscor|93/100 tox|[from] ability: Poison Heal
|-ability|p1a: Yanma|Speed Boost|boost
|-boost|p1a: Yanma|spe|1
|upkeep
|turn|15
|
|t:|1758307828
|switch|p2a: Milotic|Milotic, F, shiny|100/100
|move|p1a: Yanma|Lunge|p2a: Milotic
|-damage|p2a: Milotic|59/100
|-unboost|p2a: Milotic|atk|1
|-damage|p1a: Yanma|67/100|[from] item: Rocky Helmet|[of] p2a: Milotic
|
|-ability|p1a: Yanma|Speed Boost|boost
|-boost|p1a: Yanma|spe|1
|upkeep
|turn|16
|
|t:|1758307838
|move|p1a: Yanma|Swords Dance|p1a: Yanma
|-boost|p1a: Yanma|atk|2
|move|p2a: Milotic|Rest|p2a: Milotic
|-status|p2a: Milotic|slp|[from] move: Rest
|-heal|p2a: Milotic|100/100 slp|[silent]
|
|-ability|p1a: Yanma|Speed Boost|boost
|-boost|p1a: Yanma|spe|1
|upkeep
|turn|17
|
|t:|1758307847
|move|p1a: Yanma|Lunge|p2a: Milotic
|-damage|p2a: Milotic|60/100 slp
|-unboost|p2a: Milotic|atk|1
|-damage|p1a: Yanma|51/100|[from] item: Rocky Helmet|[of] p2a: Milotic
|cant|p2a: Milotic|slp
|move|p2a: Milotic|Sleep Talk|p2a: Milotic
|move|p2a: Milotic|Scald|p1a: Yanma|[from] move: Sleep Talk
|-damage|p1a: Yanma|0 fnt
|faint|p1a: Yanma
|
|upkeep
|
|t:|1758307858
|switch|p1a: Zebstrika|Zebstrika, M|100/100
|-damage|p1a: Zebstrika|88/100|[from] Stealth Rock
|turn|18
|
|t:|1758307865
|switch|p2a: Iron Treads|Iron Treads|100/100
|-enditem|p2a: Iron Treads|Booster Energy
|-activate|p2a: Iron Treads|ability: Quark Drive|[fromitem]
|-start|p2a: Iron Treads|quarkdrivespe
|move|p1a: Zebstrika|Thrash|p2a: Iron Treads
|-resisted|p2a: Iron Treads
|-damage|p2a: Iron Treads|77/100
|
|upkeep
|turn|19
|-message|elvergatron69 forfeited.
|
|win|goatman666
|raw|elvergatron69's rating: 1098 &rarr; <strong>1075</strong><br />(-23 for losing)
|raw|goatman666's rating: 1117 &rarr; <strong>1141</strong><br />(+24 for winning)
|l|☆elvergatron69
|player|p1|
|l|☆goatman666
|player|p2|
