|j|☆ImMikeyCzn
|j|☆apparatus70
|t:|1758285422
|gametype|singles
|player|p1|ImMikeyCzn|guitarist|1115
|player|p2|apparatus70|candice|1069
|gen|9
|tier|[Gen 9] OU
|rated|
|rule|HP Percentage Mod: HP is shown in percentages
|rule|Endless Battle Clause: Forcing endless battles is banned
|rule|Species Clause: Limit one of each Pokémon
|rule|OHKO Clause: OHKO moves are banned
|rule|Evasion Items Clause: Evasion items are banned
|rule|Evasion Moves Clause: Evasion moves are banned
|rule|Evasion Abilities Clause: Evasion abilities are banned
|rule|Sleep Moves Clause: Sleep-inducing moves are banned
|clearpoke
|poke|p1|Ceruledge, F|
|poke|p1|Azumarill, F|
|poke|p1|Lokix, M|
|poke|p1|Decidueye-Hisui, M|
|poke|p1|Corviknight, M|
|poke|p1|Weezing-Galar, M|
|poke|p2|Ceruledge, M|
|poke|p2|Iron Moth|
|poke|p2|Haxorus, F|
|poke|p2|Ogerpon-Wellspring, F|
|poke|p2|Pecharunt|
|poke|p2|Minun, M|
|teampreview
|
|t:|1758285476
|teamsize|p1|6
|teamsize|p2|6
|start
|switch|p1a: Average Wordle Fan|Corviknight, M|100/100
|switch|p2a: Minun|Minun, M|100/100
|turn|1
|
|t:|1758285485
|move|p2a: Minun|Thunderbolt|p1a: Average Wordle Fan
|-supereffective|p1a: Average Wordle Fan
|-damage|p1a: Average Wordle Fan|17/100
|-damage|p2a: Minun|91/100|[from] item: Life Orb
|move|p1a: Average Wordle Fan|Tailwind|p1a: Average Wordle Fan
|-sidestart|p1: ImMikeyCzn|move: Tailwind
|
|-heal|p1a: Average Wordle Fan|24/100|[from] item: Leftovers
|upkeep
|turn|2
|
|t:|1758285503
|switch|p1a: Weezing|Weezing-Galar, M|100/100
|-ability|p1a: Weezing|Neutralizing Gas
|move|p2a: Minun|Volt Switch|p1a: Weezing
|-damage|p1a: Weezing|59/100
|-damage|p2a: Minun|81/100|[from] item: Life Orb
|
|t:|1758285509
|switch|p2a: Haxorus|Haxorus, F|100/100|[from] Volt Switch
|
|upkeep
|turn|3
|
|t:|1758285516
|-terastallize|p2a: Haxorus|Fairy
|move|p1a: Weezing|Strange Steam|p2a: Haxorus|[miss]
|-miss|p1a: Weezing|p2a: Haxorus
|move|p2a: Haxorus|Swords Dance|p2a: Haxorus
|-boost|p2a: Haxorus|atk|2
|
|upkeep
|turn|4
|
|t:|1758285525
|move|p1a: Weezing|Sludge Bomb|p2a: Haxorus
|-supereffective|p2a: Haxorus
|-damage|p2a: Haxorus|4/100
|move|p2a: Haxorus|Brick Break|p1a: Weezing
|-resisted|p1a: Weezing
|-damage|p1a: Weezing|43/100
|
|-sideend|p1: ImMikeyCzn|move: Tailwind
|upkeep
|turn|5
|
|t:|1758285533
|switch|p2a: Pecharunt|Pecharunt|100/100
|move|p1a: Weezing|Sludge Bomb|p2a: Pecharunt
|-resisted|p2a: Pecharunt
|-damage|p2a: Pecharunt|94/100
|
|upkeep
|turn|6
|
|t:|1758285541
|-end|p1a: Weezing|ability: Neutralizing Gas
|switch|p1a: Average Wordle Fan|Corviknight, M|24/100
|move|p2a: Pecharunt|Night Shade|p1a: Average Wordle Fan
|-damage|p1a: Average Wordle Fan|0 fnt
|faint|p1a: Average Wordle Fan
|-damage|p2a: Pecharunt|84/100|[from] item: Life Orb
|
|upkeep
|
|t:|1758285550
|switch|p1a: Ceruledge|Ceruledge, F|100/100
|turn|7
|
|t:|1758285558
|-terastallize|p1a: Ceruledge|Fire
|move|p2a: Pecharunt|Night Shade|p1a: Ceruledge
|-damage|p1a: Ceruledge|70/100
|-damage|p2a: Pecharunt|74/100|[from] item: Life Orb
|move|p1a: Ceruledge|Shadow Claw|p2a: Pecharunt
|-supereffective|p2a: Pecharunt
|-damage|p2a: Pecharunt|25/100
|
|upkeep
|turn|8
|
|t:|1758285569
|move|p2a: Pecharunt|Malignant Chain|p1a: Ceruledge
|-damage|p1a: Ceruledge|24/100
|-damage|p2a: Pecharunt|15/100|[from] item: Life Orb
|move|p1a: Ceruledge|Bitter Blade|p2a: Pecharunt
|-damage|p2a: Pecharunt|0 fnt
|-heal|p1a: Ceruledge|31/100|[from] drain|[of] p2a: Pecharunt
|faint|p2a: Pecharunt
|
|upkeep
|
|t:|1758285581
|switch|p2a: Haxorus|Haxorus, F, tera:Fairy|4/100
|-ability|p2a: Haxorus|Mold Breaker
|turn|9
|
|t:|1758285589
|move|p2a: Haxorus|First Impression|p1a: Ceruledge
|-resisted|p1a: Ceruledge
|-damage|p1a: Ceruledge|14/100
|-damage|p2a: Haxorus|0 fnt|[from] item: Rocky Helmet|[of] p1a: Ceruledge
|-ability|p1a: Ceruledge|Weak Armor|boost
|-unboost|p1a: Ceruledge|def|1
|-boost|p1a: Ceruledge|spe|2
|faint|p2a: Haxorus
|move|p1a: Ceruledge|Bitter Blade|p2: Haxorus|[notarget]
|-fail|p1a: Ceruledge
|
|upkeep
|
|t:|1758285604
|switch|p2a: Minun|Minun, M|81/100
|turn|10
|
|t:|1758285613
|move|p1a: Ceruledge|Bitter Blade|p2a: Minun
|-damage|p2a: Minun|0 fnt
|-heal|p1a: Ceruledge|47/100|[from] drain|[of] p2a: Minun
|faint|p2a: Minun
|
|upkeep
|
|t:|1758285732
|switch|p2a: Ogerpon|Ogerpon-Wellspring, F|100/100
|turn|11
|
|t:|1758285751
|move|p1a: Ceruledge|X-Scissor|p2a: Ogerpon
|-supereffective|p2a: Ogerpon
|-damage|p2a: Ogerpon|34/100
|move|p2a: Ogerpon|Ivy Cudgel|p1a: Ceruledge|[anim] Ivy Cudgel Water
|-supereffective|p1a: Ceruledge
|-damage|p1a: Ceruledge|0 fnt
|faint|p1a: Ceruledge
|
|upkeep
|
|t:|1758285762
|switch|p1a: Lokix|Lokix, M|100/100
|turn|12
|
|t:|1758285781
|move|p2a: Ogerpon|Spiky Shield|p2a: Ogerpon
|-singleturn|p2a: Ogerpon|move: Protect
|move|p1a: Lokix|First Impression|p2a: Ogerpon
|-activate|p2a: Ogerpon|move: Protect
|-damage|p1a: Lokix|88/100|[from] Spiky Shield|[of] p2a: Ogerpon
|
|upkeep
|turn|13
|
|t:|1758285794
|move|p2a: Ogerpon|Ivy Cudgel|p1a: Lokix|[anim] Ivy Cudgel Water
|-damage|p1a: Lokix|12/100
|move|p1a: Lokix|Knock Off|p2a: Ogerpon
|-damage|p2a: Ogerpon|0 fnt
|faint|p2a: Ogerpon
|-damage|p1a: Lokix|2/100|[from] item: Life Orb
|
|upkeep
|
|t:|1758285802
|switch|p2a: Ceruledge|Ceruledge, M|100/100
|-item|p2a: Ceruledge|Air Balloon
|turn|14
|
|t:|1758285809
|move|p1a: Lokix|U-turn|p2a: Ceruledge
|-resisted|p2a: Ceruledge
|-damage|p2a: Ceruledge|73/100
|-ability|p2a: Ceruledge|Weak Armor|boost
|-unboost|p2a: Ceruledge|def|1
|-boost|p2a: Ceruledge|spe|2
|-enditem|p2a: Ceruledge|Air Balloon
|-damage|p1a: Lokix|0 fnt|[from] item: Life Orb
|faint|p1a: Lokix
|move|p2a: Ceruledge|Bitter Blade|p1: Lokix|[notarget]
|-fail|p2a: Ceruledge
|
|upkeep
|
|t:|1758285822
|switch|p1a: Azumarill|Azumarill, F|100/100
|turn|15
|
|t:|1758285851
|move|p2a: Ceruledge|Shadow Claw|p1a: Azumarill
|-damage|p1a: Azumarill|71/100
|move|p1a: Azumarill|Liquidation|p2a: Ceruledge
|-supereffective|p2a: Ceruledge
|-damage|p2a: Ceruledge|0 fnt
|faint|p2a: Ceruledge
|
|upkeep
|
|t:|1758285856
|switch|p2a: LITTERAL GOD|Iron Moth|100/100
|-enditem|p2a: LITTERAL GOD|Booster Energy
|-activate|p2a: LITTERAL GOD|ability: Quark Drive|[fromitem]
|-start|p2a: LITTERAL GOD|quarkdrivespa
|turn|16
|
|t:|1758285863
|move|p2a: LITTERAL GOD|Sludge Wave|p1a: Azumarill
|-supereffective|p1a: Azumarill
|-damage|p1a: Azumarill|0 fnt
|faint|p1a: Azumarill
|
|upkeep
|
|t:|1758285872
|switch|p1a: Decidueye|Decidueye-Hisui, M|100/100
|turn|17
|
|t:|1758285879
|move|p2a: LITTERAL GOD|Fiery Dance|p1a: Decidueye
|-supereffective|p1a: Decidueye
|-damage|p1a: Decidueye|0 fnt
|faint|p1a: Decidueye
|
|upkeep
|
|t:|1758285883
|switch|p1a: Weezing|Weezing-Galar, M|43/100
|-ability|p1a: Weezing|Neutralizing Gas
|turn|18
|
|t:|1758285891
|move|p2a: LITTERAL GOD|Psychic|p1a: Weezing
|-supereffective|p1a: Weezing
|-damage|p1a: Weezing|0 fnt
|faint|p1a: Weezing
|-end|p1a: Weezing|ability: Neutralizing Gas
|
|win|apparatus70
|raw|ImMikeyCzn's rating: 1115 &rarr; <strong>1087</strong><br />(-28 for losing)
|raw|apparatus70's rating: 1069 &rarr; <strong>1103</strong><br />(+34 for winning)
|l|☆apparatus70
|player|p2|
|l|☆ImMikeyCzn
|player|p1|
