|j|☆flying_airchamp
|j|☆dentine
|t:|1758271749
|gametype|singles
|player|p1|flying_airchamp|lady|1196
|player|p2|dentine|swimmerf-gen4dp|1144
|gen|9
|tier|[Gen 9] OU
|rated|
|rule|HP Percentage Mod: HP is shown in percentages
|rule|Endless Battle Clause: Forcing endless battles is banned
|rule|Species Clause: Limit one of each Pokémon
|rule|OHKO Clause: OHKO moves are banned
|rule|Evasion Items Clause: Evasion items are banned
|rule|Evasion Moves Clause: Evasion moves are banned
|rule|Evasion Abilities Clause: Evasion abilities are banned
|rule|Sleep Moves Clause: Sleep-inducing moves are banned
|clearpoke
|poke|p1|Grimmsnarl, M|
|poke|p1|Quaquaval, M|
|poke|p1|Latias, F|
|poke|p1|Alcremie, F|
|poke|p1|Bellossom, M|
|poke|p1|Spidops, M|
|poke|p2|Great Tusk|
|poke|p2|Kyurem|
|poke|p2|Dragapult, M|
|poke|p2|Dragonite, F|
|poke|p2|Ting-Lu|
|poke|p2|Primarina, F|
|teampreview
|
|t:|1758271758
|teamsize|p1|6
|teamsize|p2|6
|start
|switch|p1a: Spidops|Spidops, M|100/100
|switch|p2a: Dragapult|Dragapult, M|100/100
|turn|1
|
|t:|1758271775
|move|p2a: Dragapult|U-turn|p1a: Spidops
|-damage|p1a: Spidops|71/100
|inactive|Battle timer is ON: inactive players will automatically lose when time's up. (requested by flying_airchamp)
|
|t:|1758271801
|switch|p2a: Great Tusk|Great Tusk|100/100|[from] U-turn
|-enditem|p2a: Great Tusk|Booster Energy
|-activate|p2a: Great Tusk|ability: Protosynthesis|[fromitem]
|-start|p2a: Great Tusk|protosynthesisatk
|move|p1a: Spidops|Sticky Web|p2a: Great Tusk
|-sidestart|p2: dentine|move: Sticky Web
|
|-heal|p1a: Spidops|78/100|[from] item: Leftovers
|upkeep
|turn|2
|
|t:|1758271814
|switch|p1a: Bellossom|Bellossom, M|100/100
|move|p2a: Great Tusk|Rapid Spin|p1a: Bellossom
|-damage|p1a: Bellossom|74/100
|-boost|p2a: Great Tusk|spe|1
|-sideend|p2: dentine|Sticky Web|[from] move: Rapid Spin|[of] p2a: Great Tusk
|
|upkeep
|turn|3
|
|t:|1758271833
|move|p2a: Great Tusk|Ice Spinner|p1a: Bellossom
|-supereffective|p1a: Bellossom
|-damage|p1a: Bellossom|0 fnt
|faint|p1a: Bellossom
|
|upkeep
|
|t:|1758271838
|switch|p1a: Grimmsnarl|Grimmsnarl, M|100/100
|turn|4
|
|t:|1758271850
|move|p2a: Great Tusk|Headlong Rush|p1a: Grimmsnarl
|-damage|p1a: Grimmsnarl|8/100
|-unboost|p2a: Great Tusk|def|1
|-unboost|p2a: Great Tusk|spd|1
|move|p1a: Grimmsnarl|Spirit Break|p2a: Great Tusk
|-supereffective|p2a: Great Tusk
|-damage|p2a: Great Tusk|0 fnt
|faint|p2a: Great Tusk
|-end|p2a: Great Tusk|Protosynthesis|[silent]
|-damage|p1a: Grimmsnarl|0 fnt|[from] item: Life Orb
|faint|p1a: Grimmsnarl
|
|upkeep
|
|t:|1758271860
|switch|p2a: Dragapult|Dragapult, M|100/100
|switch|p1a: Spidops|Spidops, M|78/100
|turn|5
|
|t:|1758271870
|move|p2a: Dragapult|Dragon Darts|p1a: Spidops
|-damage|p1a: Spidops|45/100
|-anim|p2a: Dragapult|Dragon Darts|p1a: Spidops
|-damage|p1a: Spidops|13/100
|move|p1a: Spidops|Sticky Web|p2a: Dragapult
|-sidestart|p2: dentine|move: Sticky Web
|
|-heal|p1a: Spidops|19/100|[from] item: Leftovers
|upkeep
|turn|6
|
|t:|1758271879
|move|p2a: Dragapult|Dragon Darts|p1a: Spidops
|-damage|p1a: Spidops|0 fnt
|faint|p1a: Spidops
|
|upkeep
|
|t:|1758271883
|switch|p1a: Alcremie|Alcremie, F|100/100
|turn|7
|
|t:|1758271895
|switch|p2a: Primarina|Primarina, F|100/100
|-activate|p2a: Primarina|move: Sticky Web
|-unboost|p2a: Primarina|spe|1
|move|p1a: Alcremie|Acid Armor|p1a: Alcremie
|-boost|p1a: Alcremie|def|2
|
|upkeep
|turn|8
|
|t:|1758271902
|move|p1a: Alcremie|Calm Mind|p1a: Alcremie
|-boost|p1a: Alcremie|spa|1
|-boost|p1a: Alcremie|spd|1
|move|p2a: Primarina|Substitute|p2a: Primarina
|-start|p2a: Primarina|Substitute
|-damage|p2a: Primarina|75/100
|
|-heal|p2a: Primarina|82/100|[from] item: Leftovers
|upkeep
|turn|9
|
|t:|1758271914
|move|p1a: Alcremie|Draining Kiss|p2a: Primarina
|-end|p2a: Primarina|Substitute
|move|p2a: Primarina|Calm Mind|p2a: Primarina
|-boost|p2a: Primarina|spa|1
|-boost|p2a: Primarina|spd|1
|
|-heal|p2a: Primarina|88/100|[from] item: Leftovers
|upkeep
|turn|10
|
|t:|1758271925
|move|p1a: Alcremie|Stored Power|p2a: Primarina
|-damage|p2a: Primarina|65/100
|move|p2a: Primarina|Calm Mind|p2a: Primarina
|-boost|p2a: Primarina|spa|1
|-boost|p2a: Primarina|spd|1
|
|-heal|p2a: Primarina|71/100|[from] item: Leftovers
|upkeep
|turn|11
|
|t:|1758271935
|move|p1a: Alcremie|Calm Mind|p1a: Alcremie
|-boost|p1a: Alcremie|spa|1
|-boost|p1a: Alcremie|spd|1
|move|p2a: Primarina|Psychic Noise|p1a: Alcremie
|-damage|p1a: Alcremie|74/100
|-block|p1a: Alcremie|ability: Aroma Veil|[of] p1a: Alcremie
|
|-heal|p1a: Alcremie|80/100|[from] item: Leftovers
|-heal|p2a: Primarina|77/100|[from] item: Leftovers
|upkeep
|turn|12
|
|t:|1758271957
|switch|p2a: Ting-Lu|Ting-Lu|100/100
|-activate|p2a: Ting-Lu|move: Sticky Web
|-unboost|p2a: Ting-Lu|spe|1
|-ability|p2a: Ting-Lu|Vessel of Ruin
|move|p1a: Alcremie|Calm Mind|p1a: Alcremie
|-boost|p1a: Alcremie|spa|1
|-boost|p1a: Alcremie|spd|1
|
|-heal|p1a: Alcremie|86/100|[from] item: Leftovers
|upkeep
|turn|13
|
|t:|1758271968
|-terastallize|p2a: Ting-Lu|Poison
|move|p1a: Alcremie|Draining Kiss|p2a: Ting-Lu
|-resisted|p2a: Ting-Lu
|-damage|p2a: Ting-Lu|80/100
|-heal|p1a: Alcremie|100/100|[from] drain|[of] p2a: Ting-Lu
|-damage|p1a: Alcremie|84/100|[from] item: Rocky Helmet|[of] p2a: Ting-Lu
|move|p2a: Ting-Lu|Whirlwind|p1a: Alcremie
|drag|p1a: Quaquaval|Quaquaval, M|100/100
|
|upkeep
|turn|14
|inactive|dentine has 120 seconds left.
|
|t:|1758271989
|move|p1a: Quaquaval|Aqua Step|p2a: Ting-Lu
|-crit|p2a: Ting-Lu
|-damage|p2a: Ting-Lu|56/100
|-boost|p1a: Quaquaval|spe|1
|-damage|p1a: Quaquaval|84/100|[from] item: Rocky Helmet|[of] p2a: Ting-Lu
|move|p2a: Ting-Lu|Stealth Rock|p1a: Quaquaval
|-sidestart|p1: flying_airchamp|move: Stealth Rock
|
|upkeep
|turn|15
|
|t:|1758271998
|move|p1a: Quaquaval|Rapid Spin|p2a: Ting-Lu
|-crit|p2a: Ting-Lu
|-damage|p2a: Ting-Lu|46/100
|-boost|p1a: Quaquaval|spe|1
|-damage|p1a: Quaquaval|68/100|[from] item: Rocky Helmet|[of] p2a: Ting-Lu
|-sideend|p1: flying_airchamp|Stealth Rock|[from] move: Rapid Spin|[of] p1a: Quaquaval
|move|p2a: Ting-Lu|Whirlwind|p1a: Quaquaval
|drag|p1a: Latias|Latias, F|100/100
|
|upkeep
|turn|16
|
|t:|1758272010
|move|p1a: Latias|Agility|p1a: Latias
|-boost|p1a: Latias|spe|2
|move|p2a: Ting-Lu|Ruination|p1a: Latias
|-damage|p1a: Latias|51/100
|
|upkeep
|turn|17
|
|t:|1758272020
|move|p1a: Latias|Stored Power|p2a: Ting-Lu
|-supereffective|p2a: Ting-Lu
|-damage|p2a: Ting-Lu|5/100
|move|p2a: Ting-Lu|Stealth Rock|p1a: Latias
|-sidestart|p1: flying_airchamp|move: Stealth Rock
|
|upkeep
|turn|18
|
|t:|1758272027
|move|p1a: Latias|Stored Power|p2a: Ting-Lu
|-supereffective|p2a: Ting-Lu
|-damage|p2a: Ting-Lu|0 fnt
|faint|p2a: Ting-Lu
|
|upkeep
|
|t:|1758272034
|switch|p2a: Primarina|Primarina, F|77/100
|-activate|p2a: Primarina|move: Sticky Web
|-unboost|p2a: Primarina|spe|1
|turn|19
|
|t:|1758272041
|-terastallize|p1a: Latias|Fairy
|move|p1a: Latias|Calm Mind|p1a: Latias
|-boost|p1a: Latias|spa|1
|-boost|p1a: Latias|spd|1
|move|p2a: Primarina|Substitute|p2a: Primarina
|-start|p2a: Primarina|Substitute
|-damage|p2a: Primarina|52/100
|
|-heal|p2a: Primarina|58/100|[from] item: Leftovers
|upkeep
|turn|20
|
|t:|1758272048
|move|p1a: Latias|Draining Kiss|p2a: Primarina
|-end|p2a: Primarina|Substitute
|-heal|p1a: Latias|74/100|[from] drain|[of] p2a: Primarina
|move|p2a: Primarina|Psychic Noise|p1a: Latias
|-damage|p1a: Latias|55/100
|-start|p1a: Latias|move: Heal Block
|
|-heal|p2a: Primarina|64/100|[from] item: Leftovers
|upkeep
|turn|21
|
|t:|1758272066
|move|p1a: Latias|Stored Power|p2a: Primarina
|-crit|p2a: Primarina
|-damage|p2a: Primarina|0 fnt
|faint|p2a: Primarina
|
|-end|p1a: Latias|move: Heal Block
|upkeep
|
|t:|1758272079
|switch|p2a: Kyurem|Kyurem|100/100
|-activate|p2a: Kyurem|move: Sticky Web
|-unboost|p2a: Kyurem|spe|1
|-ability|p2a: Kyurem|Pressure
|turn|22
|
|t:|1758272085
|move|p1a: Latias|Draining Kiss|p2a: Kyurem
|-supereffective|p2a: Kyurem
|-damage|p2a: Kyurem|13/100
|-heal|p1a: Latias|100/100|[from] drain|[of] p2a: Kyurem
|move|p2a: Kyurem|Scale Shot|p1a: Latias
|-immune|p1a: Latias
|
|upkeep
|turn|23
|
|t:|1758272094
|move|p1a: Latias|Calm Mind|p1a: Latias
|-boost|p1a: Latias|spa|1
|-boost|p1a: Latias|spd|1
|move|p2a: Kyurem|Icicle Spear|p1a: Latias
|-damage|p1a: Latias|83/100
|-damage|p1a: Latias|68/100
|-damage|p1a: Latias|51/100
|-damage|p1a: Latias|34/100
|-damage|p1a: Latias|17/100
|-hitcount|p1a: Latias|5
|
|upkeep
|turn|24
|
|t:|1758272104
|move|p1a: Latias|Draining Kiss|p2a: Kyurem
|-supereffective|p2a: Kyurem
|-damage|p2a: Kyurem|0 fnt
|-heal|p1a: Latias|29/100|[from] drain|[of] p2a: Kyurem
|faint|p2a: Kyurem
|
|upkeep
|
|t:|1758272108
|switch|p2a: Dragonite|Dragonite, F|100/100
|turn|25
|
|t:|1758272130
|move|p1a: Latias|Draining Kiss|p2a: Dragonite
|-supereffective|p2a: Dragonite
|-damage|p2a: Dragonite|41/100
|-heal|p1a: Latias|78/100|[from] drain|[of] p2a: Dragonite
|move|p2a: Dragonite|Ice Beam|p1a: Latias
|-damage|p1a: Latias|61/100
|-damage|p2a: Dragonite|31/100|[from] item: Life Orb
|
|upkeep
|turn|26
|
|t:|1758272140
|move|p1a: Latias|Calm Mind|p1a: Latias
|-boost|p1a: Latias|spa|1
|-boost|p1a: Latias|spd|1
|move|p2a: Dragonite|Ice Beam|p1a: Latias
|-damage|p1a: Latias|46/100
|-damage|p2a: Dragonite|21/100|[from] item: Life Orb
|
|upkeep
|turn|27
|
|t:|1758272148
|move|p1a: Latias|Calm Mind|p1a: Latias
|-boost|p1a: Latias|spa|1
|-boost|p1a: Latias|spd|1
|move|p2a: Dragonite|Ice Beam|p1a: Latias
|-damage|p1a: Latias|35/100
|-damage|p2a: Dragonite|11/100|[from] item: Life Orb
|
|upkeep
|turn|28
|
|t:|1758272154
|move|p1a: Latias|Draining Kiss|p2a: Dragonite
|-supereffective|p2a: Dragonite
|-damage|p2a: Dragonite|0 fnt
|-heal|p1a: Latias|44/100|[from] drain|[of] p2a: Dragonite
|faint|p2a: Dragonite
|
|upkeep
|
|t:|1758272158
|switch|p2a: Dragapult|Dragapult, M|100/100
|-activate|p2a: Dragapult|move: Sticky Web
|-unboost|p2a: Dragapult|spe|1
|turn|29
|
|t:|1758272176
|move|p1a: Latias|Stored Power|p2a: Dragapult
|-damage|p2a: Dragapult|0 fnt
|faint|p2a: Dragapult
|
|win|flying_airchamp
|raw|flying_airchamp's rating: 1196 &rarr; <strong>1217</strong><br />(+21 for winning)
|raw|dentine's rating: 1144 &rarr; <strong>1123</strong><br />(-21 for losing)
|l|☆dentine
|player|p2|
|l|☆flying_airchamp
|player|p1|
