|j|☆MassholeFlatlander
|j|☆theviking52
|t:|1758231270
|gametype|singles
|player|p1|MassholeFlatlander|hiker-gen4|1079
|player|p2|theviking52|linebacker|1111
|gen|9
|tier|[Gen 9] OU
|rated|
|rule|HP Percentage Mod: HP is shown in percentages
|rule|Endless Battle Clause: Forcing endless battles is banned
|rule|Species Clause: Limit one of each Pokémon
|rule|OHKO Clause: OHKO moves are banned
|rule|Evasion Items Clause: Evasion items are banned
|rule|Evasion Moves Clause: Evasion moves are banned
|rule|Evasion Abilities Clause: Evasion abilities are banned
|rule|Sleep Moves Clause: Sleep-inducing moves are banned
|clearpoke
|poke|p1|Vullaby, F|
|poke|p1|Kleavor, M|
|poke|p1|Vikavolt, M|
|poke|p1|Hariyama, F|
|poke|p1|Gastrodon-East, F|
|poke|p1|Slugma, M|
|poke|p2|Landorus-Therian, M|
|poke|p2|Samurott-Hisui, M|
|poke|p2|Pecharunt|
|poke|p2|Scizor, M|
|poke|p2|Latios, M|
|poke|p2|Zamazenta-*|
|teampreview
|
|t:|1758231285
|teamsize|p1|6
|teamsize|p2|6
|start
|switch|p1a: Egg|Vullaby, F|100/100
|switch|p2a: Landorus|Landorus-Therian, M|100/100
|-ability|p2a: Landorus|Intimidate|boost
|-unboost|p1a: Egg|atk|1
|turn|1
|
|t:|1758231295
|-terastallize|p1a: Egg|Fairy
|move|p2a: Landorus|Smack Down|p1a: Egg
|-damage|p1a: Egg|87/100
|-ability|p1a: Egg|Weak Armor|boost
|-unboost|p1a: Egg|def|1
|-boost|p1a: Egg|spe|2
|move|p1a: Egg|Nasty Plot|p1a: Egg
|-boost|p1a: Egg|spa|2
|
|upkeep
|turn|2
|
|t:|1758231305
|move|p1a: Egg|Nasty Plot|p1a: Egg
|-boost|p1a: Egg|spa|2
|move|p2a: Landorus|Earthquake|p1a: Egg
|-damage|p1a: Egg|23/100
|-ability|p1a: Egg|Weak Armor|boost
|-unboost|p1a: Egg|def|1
|-boost|p1a: Egg|spe|2
|
|upkeep
|turn|3
|
|t:|1758231318
|switch|p2a: Scizor|Scizor, M|100/100
|move|p1a: Egg|Roost|p1a: Egg
|-heal|p1a: Egg|73/100
|
|upkeep
|turn|4
|
|t:|1758231325
|move|p2a: Scizor|Bullet Punch|p1a: Egg
|-supereffective|p1a: Egg
|-damage|p1a: Egg|0 fnt
|faint|p1a: Egg
|
|upkeep
|
|t:|1758231330
|switch|p1a: Slugma Balls|Slugma, M, shiny|100/100
|turn|5
|
|t:|1758231338
|switch|p2a: Samurott|Samurott-Hisui, M|100/100
|move|p1a: Slugma Balls|Acid Armor|p1a: Slugma Balls
|-boost|p1a: Slugma Balls|def|2
|
|upkeep
|turn|6
|
|t:|1758231344
|move|p2a: Samurott|Razor Shell|p1a: Slugma Balls
|-supereffective|p1a: Slugma Balls
|-damage|p1a: Slugma Balls|20/100
|-status|p2a: Samurott|brn|[from] ability: Flame Body|[of] p1a: Slugma Balls
|move|p1a: Slugma Balls|Acid Armor|p1a: Slugma Balls
|-boost|p1a: Slugma Balls|def|2
|
|-damage|p2a: Samurott|94/100 brn|[from] brn
|upkeep
|turn|7
|
|t:|1758231354
|move|p2a: Samurott|Aqua Jet|p1a: Slugma Balls
|-supereffective|p1a: Slugma Balls
|-damage|p1a: Slugma Balls|10/100
|move|p1a: Slugma Balls|Recover|p1a: Slugma Balls
|-heal|p1a: Slugma Balls|60/100
|
|-damage|p2a: Samurott|88/100 brn|[from] brn
|upkeep
|turn|8
|
|t:|1758231363
|move|p2a: Samurott|Knock Off|p1a: Slugma Balls
|-damage|p1a: Slugma Balls|48/100
|-enditem|p1a: Slugma Balls|Eviolite|[from] move: Knock Off|[of] p2a: Samurott
|move|p1a: Slugma Balls|Recover|p1a: Slugma Balls
|-heal|p1a: Slugma Balls|98/100
|
|-damage|p2a: Samurott|82/100 brn|[from] brn
|upkeep
|turn|9
|
|t:|1758231372
|move|p2a: Samurott|Ceaseless Edge|p1a: Slugma Balls
|-crit|p1a: Slugma Balls
|-damage|p1a: Slugma Balls|23/100
|-sidestart|p1: MassholeFlatlander|Spikes
|move|p1a: Slugma Balls|Acid Armor|p1a: Slugma Balls
|-boost|p1a: Slugma Balls|def|2
|
|-damage|p2a: Samurott|76/100 brn|[from] brn
|upkeep
|turn|10
|
|t:|1758231382
|move|p2a: Samurott|Aqua Jet|p1a: Slugma Balls
|-supereffective|p1a: Slugma Balls
|-damage|p1a: Slugma Balls|11/100
|move|p1a: Slugma Balls|Recover|p1a: Slugma Balls
|-heal|p1a: Slugma Balls|61/100
|
|-damage|p2a: Samurott|70/100 brn|[from] brn
|upkeep
|turn|11
|
|t:|1758231395
|move|p2a: Samurott|Razor Shell|p1a: Slugma Balls
|-supereffective|p1a: Slugma Balls
|-damage|p1a: Slugma Balls|33/100
|-unboost|p1a: Slugma Balls|def|1
|move|p1a: Slugma Balls|Amnesia|p1a: Slugma Balls
|-boost|p1a: Slugma Balls|spd|2
|
|-damage|p2a: Samurott|63/100 brn|[from] brn
|upkeep
|turn|12
|
|t:|1758231405
|move|p2a: Samurott|Razor Shell|p1a: Slugma Balls
|-supereffective|p1a: Slugma Balls
|-damage|p1a: Slugma Balls|0 fnt
|faint|p1a: Slugma Balls
|
|-damage|p2a: Samurott|57/100 brn|[from] brn
|upkeep
|
|t:|1758231412
|switch|p1a: Jimmy|Vikavolt, M|100/100
|turn|13
|
|t:|1758231417
|switch|p2a: Landorus|Landorus-Therian, M|100/100
|-ability|p2a: Landorus|Intimidate|boost
|-unboost|p1a: Jimmy|atk|1
|move|p1a: Jimmy|Volt Switch|p2a: Landorus
|-immune|p2a: Landorus
|
|upkeep
|turn|14
|
|t:|1758231427
|move|p2a: Landorus|Stealth Rock|p1a: Jimmy
|-sidestart|p1: MassholeFlatlander|move: Stealth Rock
|move|p1a: Jimmy|Sticky Web|p2a: Landorus
|-sidestart|p2: theviking52|move: Sticky Web
|
|upkeep
|turn|15
|
|t:|1758231431
|move|p2a: Landorus|Smack Down|p1a: Jimmy
|-supereffective|p1a: Jimmy
|-damage|p1a: Jimmy|70/100
|-start|p1a: Jimmy|Smack Down
|move|p1a: Jimmy|Energy Ball|p2a: Landorus
|-damage|p2a: Landorus|63/100
|
|-heal|p1a: Jimmy|76/100|[from] item: Leftovers
|upkeep
|turn|16
|
|t:|1758231441
|switch|p1a: Gordon|Kleavor, M|100/100
|move|p2a: Landorus|Earthquake|p1a: Gordon
|-damage|p1a: Gordon|48/100
|
|upkeep
|turn|17
|
|t:|1758231448
|move|p2a: Landorus|Earthquake|p1a: Gordon
|-damage|p1a: Gordon|0 fnt
|faint|p1a: Gordon
|
|upkeep
|-message|MassholeFlatlander forfeited.
|
|win|theviking52
|raw|MassholeFlatlander's rating: 1079 &rarr; <strong>1059</strong><br />(-20 for losing)
|raw|theviking52's rating: 1111 &rarr; <strong>1134</strong><br />(+23 for winning)
|l|☆MassholeFlatlander
|player|p1|
|l|☆theviking52
|player|p2|
