|j|☆clail
|j|☆CaylieGetsAngy
|t:|1758323393
|gametype|singles
|player|p1|clail|170|1749
|player|p2|CaylieGetsAngy|170|1695
|gen|9
|tier|[Gen 9] OU
|rated|
|rule|HP Percentage Mod: HP is shown in percentages
|rule|Endless Battle Clause: Forcing endless battles is banned
|rule|Species Clause: Limit one of each Pokémon
|rule|OHKO Clause: OHKO moves are banned
|rule|Evasion Items Clause: Evasion items are banned
|rule|Evasion Moves Clause: Evasion moves are banned
|rule|Evasion Abilities Clause: Evasion abilities are banned
|rule|Sleep Moves Clause: Sleep-inducing moves are banned
|clearpoke
|poke|p1|Ribombee, F|
|poke|p1|Ogerpon-Wellspring, F|
|poke|p1|Great Tusk|
|poke|p1|Gholdengo|
|poke|p1|Ceruledge, F|
|poke|p1|Glimmora, F|
|poke|p2|Alomomola, F|
|poke|p2|Lokix, M|
|poke|p2|Toxicroak, F|
|poke|p2|Gliscor, M|
|poke|p2|Slowking-Galar, F|
|poke|p2|Great Tusk|
|teampreview
|inactive|Battle timer is ON: inactive players will automatically lose when time's up. (requested by CaylieGetsAngy)
|inactive|CaylieGetsAngy has 120 seconds left.
|
|t:|1758323435
|teamsize|p1|6
|teamsize|p2|6
|start
|switch|p1a: Ribombee|Ribombee, F|100/100
|switch|p2a: Slowking|Slowking-Galar, F|100/100
|turn|1
|l|☆clail
|inactive|clail disconnected and has a minute to reconnect!
|player|p1|
|j|☆clail
|inactive|clail reconnected and has 130 seconds left.
|player|p1|clail|170|
|
|t:|1758323459
|move|p1a: Ribombee|Sticky Web|p2a: Slowking
|-sidestart|p2: CaylieGetsAngy|move: Sticky Web
|move|p2a: Slowking|Sludge Bomb|p1a: Ribombee
|-supereffective|p1a: Ribombee
|-enditem|p1a: Ribombee|Focus Sash
|-damage|p1a: Ribombee|1/100
|
|upkeep
|turn|2
|
|t:|1758323464
|switch|p1a: Ceruledge|Ceruledge, F|100/100
|move|p2a: Slowking|Psychic Noise|p1a: Ceruledge
|-damage|p1a: Ceruledge|63/100
|-start|p1a: Ceruledge|move: Heal Block
|
|upkeep
|turn|3
|
|t:|1758323471
|switch|p2a: Alomomola|Alomomola, F|100/100
|-activate|p2a: Alomomola|move: Sticky Web
|-unboost|p2a: Alomomola|spe|1
|move|p1a: Ceruledge|Poltergeist|p2a: Alomomola
|-activate|p2a: Alomomola|move: Poltergeist|Lagging Tail
|-damage|p2a: Alomomola|67/100
|
|-end|p1a: Ceruledge|move: Heal Block
|upkeep
|turn|4
|
|t:|1758323475
|switch|p1a: Ogerpon|Ogerpon-Wellspring, F|100/100
|move|p2a: Alomomola|Flip Turn|p1a: Ogerpon
|-immune|p1a: Ogerpon|[from] ability: Water Absorb
|
|upkeep
|turn|5
|
|t:|1758323479
|switch|p2a: Toxicroak|Toxicroak, F|100/100
|-activate|p2a: Toxicroak|move: Sticky Web
|-unboost|p2a: Toxicroak|spe|1
|move|p1a: Ogerpon|Power Whip|p2a: Toxicroak|[miss]
|-miss|p1a: Ogerpon|p2a: Toxicroak
|
|upkeep
|turn|6
|
|t:|1758323481
|move|p1a: Ogerpon|U-turn|p2a: Toxicroak
|-resisted|p2a: Toxicroak
|-damage|p2a: Toxicroak|95/100
|-damage|p1a: Ogerpon|84/100|[from] item: Rocky Helmet|[of] p2a: Toxicroak
|
|t:|1758323485
|switch|p1a: Ceruledge|Ceruledge, F|63/100|[from] U-turn
|move|p2a: Toxicroak|Knock Off|p1a: Ceruledge
|-supereffective|p1a: Ceruledge
|-damage|p1a: Ceruledge|0 fnt
|-enditem|p1a: Ceruledge|Heavy-Duty Boots|[from] move: Knock Off|[of] p2a: Toxicroak
|faint|p1a: Ceruledge
|
|upkeep
|
|t:|1758323489
|switch|p1a: Gholdengo|Gholdengo|100/100
|-item|p1a: Gholdengo|Air Balloon
|turn|7
|
|t:|1758323494
|switch|p2a: Alomomola|Alomomola, F|100/100
|-activate|p2a: Alomomola|move: Sticky Web
|-unboost|p2a: Alomomola|spe|1
|move|p1a: Gholdengo|Nasty Plot|p1a: Gholdengo
|-boost|p1a: Gholdengo|spa|2
|
|upkeep
|turn|8
|
|t:|1758323497
|move|p1a: Gholdengo|Nasty Plot|p1a: Gholdengo
|-boost|p1a: Gholdengo|spa|2
|move|p2a: Alomomola|Flip Turn|p1a: Gholdengo
|-damage|p1a: Gholdengo|83/100
|-enditem|p1a: Gholdengo|Air Balloon
|
|t:|1758323500
|switch|p2a: Great Tusk|Great Tusk|100/100|[from] Flip Turn
|
|upkeep
|turn|9
|
|t:|1758323502
|-terastallize|p1a: Gholdengo|Fairy
|move|p2a: Great Tusk|Headlong Rush|p1a: Gholdengo
|-damage|p1a: Gholdengo|21/100
|-unboost|p2a: Great Tusk|def|1
|-unboost|p2a: Great Tusk|spd|1
|move|p1a: Gholdengo|Dazzling Gleam|p2a: Great Tusk
|-supereffective|p2a: Great Tusk
|-damage|p2a: Great Tusk|0 fnt
|faint|p2a: Great Tusk
|-end|p2a: Great Tusk|Protosynthesis|[silent]
|
|upkeep
|
|t:|1758323505
|switch|p2a: Lokix|Lokix, M|100/100
|-activate|p2a: Lokix|move: Sticky Web
|-unboost|p2a: Lokix|spe|1
|turn|10
|
|t:|1758323508
|switch|p1a: Glimmora|Glimmora, F|100/100
|move|p2a: Lokix|First Impression|p1a: Glimmora
|-resisted|p1a: Glimmora
|-damage|p1a: Glimmora|26/100
|-activate|p1a: Glimmora|ability: Toxic Debris
|-sidestart|p2: CaylieGetsAngy|move: Toxic Spikes
|
|upkeep
|turn|11
|
|t:|1758323511
|switch|p2a: Slowking|Slowking-Galar, F|100/100
|-activate|p2a: Slowking|move: Sticky Web
|-unboost|p2a: Slowking|spe|1
|-sideend|p2: CaylieGetsAngy|move: Toxic Spikes|[of] p2a: Slowking
|move|p1a: Glimmora|Meteor Beam||[still]
|-prepare|p1a: Glimmora|Meteor Beam
|-boost|p1a: Glimmora|spa|1
|-enditem|p1a: Glimmora|Power Herb
|-anim|p1a: Glimmora|Meteor Beam|p2a: Slowking
|-damage|p2a: Slowking|52/100
|
|upkeep
|turn|12
|
|t:|1758323517
|switch|p2a: Gliscor|Gliscor, M|100/100
|move|p1a: Glimmora|Stealth Rock|p2a: Gliscor
|-sidestart|p2: CaylieGetsAngy|move: Stealth Rock
|
|-status|p2a: Gliscor|tox|[from] item: Toxic Orb
|upkeep
|turn|13
|
|t:|1758323519
|move|p1a: Glimmora|Dazzling Gleam|p2a: Gliscor
|-crit|p2a: Gliscor
|-damage|p2a: Gliscor|41/100 tox
|move|p2a: Gliscor|Earthquake|p1a: Glimmora
|-supereffective|p1a: Glimmora
|-damage|p1a: Glimmora|0 fnt
|-activate|p1a: Glimmora|ability: Toxic Debris
|-sidestart|p2: CaylieGetsAngy|move: Toxic Spikes
|faint|p1a: Glimmora
|
|-heal|p2a: Gliscor|54/100 tox|[from] ability: Poison Heal
|upkeep
|
|t:|1758323521
|switch|p1a: Ogerpon|Ogerpon-Wellspring, F|84/100
|turn|14
|
|t:|1758323523
|switch|p2a: Toxicroak|Toxicroak, F|95/100
|-activate|p2a: Toxicroak|move: Sticky Web
|-unboost|p2a: Toxicroak|spe|1
|-damage|p2a: Toxicroak|88/100|[from] Stealth Rock
|-sideend|p2: CaylieGetsAngy|move: Toxic Spikes|[of] p2a: Toxicroak
|move|p1a: Ogerpon|U-turn|p2a: Toxicroak
|-resisted|p2a: Toxicroak
|-damage|p2a: Toxicroak|83/100
|-damage|p1a: Ogerpon|67/100|[from] item: Rocky Helmet|[of] p2a: Toxicroak
|
|t:|1758323526
|switch|p1a: Gholdengo|Gholdengo, tera:Fairy|21/100|[from] U-turn
|
|upkeep
|turn|15
|
|t:|1758323530
|switch|p2a: Slowking|Slowking-Galar, F|85/100
|-activate|p2a: Slowking|move: Sticky Web
|-unboost|p2a: Slowking|spe|1
|-damage|p2a: Slowking|72/100|[from] Stealth Rock
|move|p1a: Gholdengo|Psyshock|p2a: Slowking
|-damage|p2a: Slowking|44/100
|
|upkeep
|turn|16
|
|t:|1758323540
|move|p1a: Gholdengo|Shadow Ball|p2a: Slowking
|-supereffective|p2a: Slowking
|-damage|p2a: Slowking|4/100
|move|p2a: Slowking|Sludge Bomb|p1a: Gholdengo
|-supereffective|p1a: Gholdengo
|-damage|p1a: Gholdengo|0 fnt
|faint|p1a: Gholdengo
|
|upkeep
|-message|clail forfeited.
|
|win|CaylieGetsAngy
|raw|clail's rating: 1749 &rarr; <strong>1726</strong><br />(-23 for losing)
|raw|CaylieGetsAngy's rating: 1695 &rarr; <strong>1718</strong><br />(+23 for winning)
|l|☆clail
|player|p1|
|j|☆clail
|player|p1|clail|170|
|l|☆clail
|player|p1|
|l|☆CaylieGetsAngy
|player|p2|
