|j|☆ZeNiN_K1
|j|☆z12598765
|t:|1758262618
|gametype|singles
|player|p1|ZeNiN_K1|acetrainer-gen4|1301
|player|p2|z12598765|169|1303
|gen|9
|tier|[Gen 9] OU
|rated|
|rule|HP Percentage Mod: HP is shown in percentages
|rule|Endless Battle Clause: Forcing endless battles is banned
|rule|Species Clause: Limit one of each Pokémon
|rule|OHKO Clause: OHKO moves are banned
|rule|Evasion Items Clause: Evasion items are banned
|rule|Evasion Moves Clause: Evasion moves are banned
|rule|Evasion Abilities Clause: Evasion abilities are banned
|rule|Sleep Moves Clause: Sleep-inducing moves are banned
|clearpoke
|poke|p1|Zamazenta-*|
|poke|p1|Ninetales-Alola, F|
|poke|p1|Darkrai|
|poke|p1|Ceruledge, M|
|poke|p1|Gliscor, M|
|poke|p1|Hatterene, F|
|poke|p2|Ninetales-Alola, M|
|poke|p2|Goodra-Hisui, F|
|poke|p2|Great Tusk|
|poke|p2|Skarmory, M|
|poke|p2|Landorus-Therian, M|
|poke|p2|Rotom-Wash|
|teampreview
|
|t:|1758262637
|teamsize|p1|6
|teamsize|p2|6
|start
|switch|p1a: Darkrai|Darkrai|100/100
|switch|p2a: Landorus|Landorus-Therian, M, shiny|100/100
|-ability|p2a: Landorus|Intimidate|boost
|-unboost|p1a: Darkrai|atk|1
|turn|1
|
|t:|1758262646
|move|p2a: Landorus|U-turn|p1a: Darkrai
|-supereffective|p1a: Darkrai
|-damage|p1a: Darkrai|27/100
|
|t:|1758262650
|switch|p2a: Goodra|Goodra-Hisui, F, shiny|100/100|[from] U-turn
|move|p1a: Darkrai|Nasty Plot|p1a: Darkrai
|-boost|p1a: Darkrai|spa|2
|
|-heal|p1a: Darkrai|33/100|[from] item: Leftovers
|upkeep
|turn|2
|
|t:|1758262658
|switch|p1a: Hatterene|Hatterene, F|100/100
|move|p2a: Goodra|Flash Cannon|p1a: Hatterene
|-supereffective|p1a: Hatterene
|-damage|p1a: Hatterene|61/100
|
|upkeep
|turn|3
|
|t:|1758262664
|move|p2a: Goodra|Flash Cannon|p1a: Hatterene
|-supereffective|p1a: Hatterene
|-crit|p1a: Hatterene
|-damage|p1a: Hatterene|0 fnt
|faint|p1a: Hatterene
|
|upkeep
|
|t:|1758262670
|switch|p1a: Ceruledge|Ceruledge, M|100/100
|turn|4
|
|t:|1758262681
|move|p1a: Ceruledge|Taunt|p2a: Goodra
|-start|p2a: Goodra|move: Taunt
|move|p2a: Goodra|Dragon Tail|p1a: Ceruledge|[miss]
|-miss|p2a: Goodra|p1a: Ceruledge
|
|upkeep
|turn|5
|
|t:|1758262686
|move|p1a: Ceruledge|Bitter Blade|p2a: Goodra
|-damage|p2a: Goodra|64/100
|move|p2a: Goodra|Dragon Tail|p1a: Ceruledge
|-damage|p1a: Ceruledge|79/100
|drag|p1a: Darkrai|Darkrai|33/100
|
|-heal|p1a: Darkrai|39/100|[from] item: Leftovers
|upkeep
|turn|6
|
|t:|1758262699
|switch|p1a: Zamazenta|Zamazenta|100/100
|-ability|p1a: Zamazenta|Dauntless Shield|boost
|-boost|p1a: Zamazenta|def|1
|move|p2a: Goodra|Flash Cannon|p1a: Zamazenta
|-damage|p1a: Zamazenta|72/100
|
|-end|p2a: Goodra|move: Taunt
|upkeep
|turn|7
|
|t:|1758262710
|switch|p2a: Skarmory|Skarmory, M, shiny|100/100
|move|p1a: Zamazenta|Body Press|p2a: Skarmory
|-damage|p2a: Skarmory|69/100
|
|upkeep
|turn|8
|
|t:|1758262735
|switch|p1a: Ceruledge|Ceruledge, M|79/100
|move|p2a: Skarmory|Whirlwind|p1a: Ceruledge
|drag|p1a: Gliscor|Gliscor, M|100/100
|
|-status|p1a: Gliscor|tox|[from] item: Toxic Orb
|upkeep
|turn|9
|
|t:|1758262741
|switch|p1a: Ceruledge|Ceruledge, M|79/100
|move|p2a: Skarmory|Spikes|p1a: Ceruledge
|-sidestart|p1: ZeNiN_K1|Spikes
|
|upkeep
|turn|10
|
|t:|1758262748
|switch|p2a: Landorus|Landorus-Therian, M, shiny|100/100
|-ability|p2a: Landorus|Intimidate|boost
|-unboost|p1a: Ceruledge|atk|1
|move|p1a: Ceruledge|Taunt|p2a: Landorus
|-start|p2a: Landorus|move: Taunt
|
|upkeep
|turn|11
|
|t:|1758262755
|switch|p1a: Ninetales|Ninetales-Alola, F|100/100
|-damage|p1a: Ninetales|88/100|[from] Spikes
|-weather|Snowscape|[from] ability: Snow Warning|[of] p1a: Ninetales
|move|p2a: Landorus|Earthquake|p1a: Ninetales
|-damage|p1a: Ninetales|43/100
|
|-weather|Snowscape|[upkeep]
|upkeep
|turn|12
|
|t:|1758262764
|move|p2a: Landorus|Earthquake|p1a: Ninetales
|-damage|p1a: Ninetales|0 fnt
|faint|p1a: Ninetales
|
|-weather|Snowscape|[upkeep]
|-end|p2a: Landorus|move: Taunt
|upkeep
|
|t:|1758262772
|switch|p1a: Darkrai|Darkrai|39/100
|-damage|p1a: Darkrai|27/100|[from] Spikes
|turn|13
|
|t:|1758262777
|switch|p1a: Gliscor|Gliscor, M|100/100 tox
|move|p2a: Landorus|Earthquake|p1a: Gliscor
|-immune|p1a: Gliscor
|
|-weather|Snowscape|[upkeep]
|upkeep
|turn|14
|
|t:|1758262782
|switch|p2a: Skarmory|Skarmory, M, shiny|69/100
|move|p1a: Gliscor|Agility|p1a: Gliscor
|-boost|p1a: Gliscor|spe|2
|
|-weather|Snowscape|[upkeep]
|upkeep
|turn|15
|
|t:|1758262788
|switch|p1a: Ceruledge|Ceruledge, M|79/100
|-damage|p1a: Ceruledge|67/100|[from] Spikes
|move|p2a: Skarmory|Spikes|p1a: Ceruledge
|-sidestart|p1: ZeNiN_K1|Spikes
|
|-weather|none
|upkeep
|turn|16
|
|t:|1758262793
|switch|p2a: Landorus|Landorus-Therian, M, shiny|100/100
|-ability|p2a: Landorus|Intimidate|boost
|-unboost|p1a: Ceruledge|atk|1
|move|p1a: Ceruledge|Bitter Blade|p2a: Landorus
|-damage|p2a: Landorus|74/100
|-heal|p1a: Ceruledge|79/100|[from] drain|[of] p2a: Landorus
|
|upkeep
|turn|17
|
|t:|1758262798
|switch|p1a: Gliscor|Gliscor, M|100/100 tox
|move|p2a: Landorus|Stone Edge|p1a: Gliscor
|-damage|p1a: Gliscor|74/100 tox
|
|-heal|p1a: Gliscor|86/100 tox|[from] ability: Poison Heal
|upkeep
|turn|18
|
|t:|1758262808
|switch|p2a: Skarmory|Skarmory, M, shiny|69/100
|move|p1a: Gliscor|Agility|p1a: Gliscor
|-boost|p1a: Gliscor|spe|2
|
|-heal|p1a: Gliscor|99/100 tox|[from] ability: Poison Heal
|upkeep
|turn|19
|
|t:|1758262812
|switch|p1a: Ceruledge|Ceruledge, M|79/100
|-damage|p1a: Ceruledge|62/100|[from] Spikes
|move|p2a: Skarmory|Spikes|p1a: Ceruledge
|-sidestart|p1: ZeNiN_K1|Spikes
|
|upkeep
|turn|20
|
|t:|1758262824
|switch|p2a: Great Tusk|Great Tusk, shiny|100/100
|move|p1a: Ceruledge|Bulk Up|p1a: Ceruledge
|-boost|p1a: Ceruledge|atk|1
|-boost|p1a: Ceruledge|def|1
|
|upkeep
|turn|21
|
|t:|1758262828
|-terastallize|p1a: Ceruledge|Bug
|move|p2a: Great Tusk|Headlong Rush|p1a: Ceruledge
|-resisted|p1a: Ceruledge
|-damage|p1a: Ceruledge|42/100
|-unboost|p2a: Great Tusk|def|1
|-unboost|p2a: Great Tusk|spd|1
|move|p1a: Ceruledge|Bulk Up|p1a: Ceruledge
|-boost|p1a: Ceruledge|atk|1
|-boost|p1a: Ceruledge|def|1
|
|upkeep
|turn|22
|
|t:|1758262848
|move|p2a: Great Tusk|Bulk Up|p2a: Great Tusk
|-boost|p2a: Great Tusk|atk|1
|-boost|p2a: Great Tusk|def|1
|move|p1a: Ceruledge|Bitter Blade|p2a: Great Tusk
|-damage|p2a: Great Tusk|53/100
|-heal|p1a: Ceruledge|67/100|[from] drain|[of] p2a: Great Tusk
|
|upkeep
|turn|23
|
|t:|1758262851
|move|p2a: Great Tusk|Headlong Rush|p1a: Ceruledge
|-resisted|p1a: Ceruledge
|-damage|p1a: Ceruledge|45/100
|-unboost|p2a: Great Tusk|def|1
|-unboost|p2a: Great Tusk|spd|1
|move|p1a: Ceruledge|Bitter Blade|p2a: Great Tusk
|-damage|p2a: Great Tusk|0 fnt
|-heal|p1a: Ceruledge|73/100|[from] drain|[of] p2a: Great Tusk
|faint|p2a: Great Tusk
|-end|p2a: Great Tusk|Protosynthesis|[silent]
|
|upkeep
|
|t:|1758262859
|switch|p2a: Rotom|Rotom-Wash, shiny|100/100
|turn|24
|
|t:|1758262864
|move|p1a: Ceruledge|Taunt|p2a: Rotom
|-start|p2a: Rotom|move: Taunt
|cant|p2a: Rotom|move: Taunt|Thunder Wave
|
|upkeep
|turn|25
|
|t:|1758262867
|move|p1a: Ceruledge|Bitter Blade|p2a: Rotom
|-resisted|p2a: Rotom
|-crit|p2a: Rotom
|-damage|p2a: Rotom|40/100
|-heal|p1a: Ceruledge|99/100|[from] drain|[of] p2a: Rotom
|move|p2a: Rotom|Hydro Pump|p1a: Ceruledge|[miss]
|-miss|p2a: Rotom|p1a: Ceruledge
|
|-heal|p2a: Rotom|47/100|[from] item: Leftovers
|upkeep
|turn|26
|
|t:|1758262873
|move|p1a: Ceruledge|Bitter Blade|p2a: Rotom
|-resisted|p2a: Rotom
|-damage|p2a: Rotom|5/100
|-heal|p1a: Ceruledge|100/100|[from] drain|[of] p2a: Rotom
|move|p2a: Rotom|Hydro Pump|p1a: Ceruledge
|-damage|p1a: Ceruledge|61/100
|
|-heal|p2a: Rotom|11/100|[from] item: Leftovers
|-end|p2a: Rotom|move: Taunt
|upkeep
|turn|27
|
|t:|1758262875
|move|p1a: Ceruledge|Shadow Sneak|p2a: Rotom
|-damage|p2a: Rotom|0 fnt
|faint|p2a: Rotom
|
|upkeep
|
|t:|1758262880
|switch|p2a: Landorus|Landorus-Therian, M, shiny|74/100
|-ability|p2a: Landorus|Intimidate|boost
|-unboost|p1a: Ceruledge|atk|1
|turn|28
|
|t:|1758262884
|move|p2a: Landorus|Stone Edge|p1a: Ceruledge
|-supereffective|p1a: Ceruledge
|-damage|p1a: Ceruledge|20/100
|move|p1a: Ceruledge|Bitter Blade|p2a: Landorus
|-damage|p2a: Landorus|9/100
|-heal|p1a: Ceruledge|49/100|[from] drain|[of] p2a: Landorus
|
|upkeep
|turn|29
|
|t:|1758262887
|move|p1a: Ceruledge|Shadow Sneak|p2a: Landorus
|-damage|p2a: Landorus|0 fnt
|faint|p2a: Landorus
|
|upkeep
|
|t:|1758262893
|switch|p2a: Goodra|Goodra-Hisui, F, shiny|64/100
|turn|30
|
|t:|1758262896
|move|p1a: Ceruledge|Bitter Blade|p2a: Goodra
|-damage|p2a: Goodra|7/100
|-heal|p1a: Ceruledge|74/100|[from] drain|[of] p2a: Goodra
|move|p2a: Goodra|Dragon Tail|p1a: Ceruledge
|-damage|p1a: Ceruledge|63/100
|drag|p1a: Darkrai|Darkrai|27/100
|-damage|p1a: Darkrai|2/100|[from] Spikes
|
|-heal|p1a: Darkrai|8/100|[from] item: Leftovers
|upkeep
|turn|31
|
|t:|1758262903
|move|p1a: Darkrai|Dark Pulse|p2a: Goodra
|-damage|p2a: Goodra|0 fnt
|faint|p2a: Goodra
|
|-heal|p1a: Darkrai|14/100|[from] item: Leftovers
|upkeep
|
|t:|1758262905
|switch|p2a: Ninetales|Ninetales-Alola, M, shiny|100/100
|-weather|Snowscape|[from] ability: Snow Warning|[of] p2a: Ninetales
|turn|32
|
|t:|1758262907
|move|p1a: Darkrai|Sludge Bomb|p2a: Ninetales
|-supereffective|p2a: Ninetales
|-damage|p2a: Ninetales|25/100
|move|p2a: Ninetales|Aurora Veil|p2a: Ninetales
|-sidestart|p2: z12598765|move: Aurora Veil
|
|-weather|Snowscape|[upkeep]
|-heal|p1a: Darkrai|20/100|[from] item: Leftovers
|upkeep
|turn|33
|
|t:|1758262917
|-terastallize|p2a: Ninetales|Steel
|move|p1a: Darkrai|Dark Pulse|p2a: Ninetales
|-damage|p2a: Ninetales|2/100
|cant|p2a: Ninetales|flinch
|
|-weather|Snowscape|[upkeep]
|-heal|p1a: Darkrai|26/100|[from] item: Leftovers
|upkeep
|turn|34
|
|t:|1758262922
|move|p1a: Darkrai|Dark Pulse|p2a: Ninetales
|-damage|p2a: Ninetales|0 fnt
|faint|p2a: Ninetales
|
|-weather|Snowscape|[upkeep]
|-heal|p1a: Darkrai|32/100|[from] item: Leftovers
|upkeep
|
|t:|1758262924
|switch|p2a: Skarmory|Skarmory, M, shiny|69/100
|turn|35
|
|t:|1758262933
|move|p1a: Darkrai|Nasty Plot|p1a: Darkrai
|-boost|p1a: Darkrai|spa|2
|move|p2a: Skarmory|Roost|p2a: Skarmory
|-heal|p2a: Skarmory|100/100
|-singleturn|p2a: Skarmory|move: Roost
|
|-weather|Snowscape|[upkeep]
|-heal|p1a: Darkrai|38/100|[from] item: Leftovers
|upkeep
|turn|36
|
|t:|1758262940
|move|p1a: Darkrai|Dark Pulse|p2a: Skarmory
|-damage|p2a: Skarmory|42/100
|move|p2a: Skarmory|Whirlwind|p1a: Darkrai
|drag|p1a: Ceruledge|Ceruledge, M, tera:Bug|63/100
|-damage|p1a: Ceruledge|38/100|[from] Spikes
|
|-weather|none
|upkeep
|turn|37
|
|t:|1758262945
|move|p1a: Ceruledge|Bitter Blade|p2a: Skarmory
|-supereffective|p2a: Skarmory
|-damage|p2a: Skarmory|20/100
|-heal|p1a: Ceruledge|49/100|[from] drain|[of] p2a: Skarmory
|move|p2a: Skarmory|Brave Bird|p1a: Ceruledge
|-supereffective|p1a: Ceruledge
|-damage|p1a: Ceruledge|0 fnt
|faint|p1a: Ceruledge
|-damage|p2a: Skarmory|3/100|[from] Recoil
|
|upkeep
|
|t:|1758262949
|switch|p1a: Darkrai|Darkrai|38/100
|-damage|p1a: Darkrai|13/100|[from] Spikes
|turn|38
|
|t:|1758262951
|move|p1a: Darkrai|Dark Pulse|p2a: Skarmory
|-damage|p2a: Skarmory|0 fnt
|faint|p2a: Skarmory
|
|win|ZeNiN_K1
|raw|ZeNiN_K1's rating: 1301 &rarr; <strong>1321</strong><br />(+20 for winning)
|raw|z12598765's rating: 1303 &rarr; <strong>1283</strong><br />(-20 for losing)
|l|☆z12598765
|player|p2|
