|j|☆frozenmoon77
|j|☆laqa
|t:|1758347917
|gametype|singles
|player|p1|frozenmoon77|1|1510
|player|p2|laqa|rocketgrunt|1430
|gen|9
|tier|[Gen 9] OU
|rated|
|rule|HP Percentage Mod: HP is shown in percentages
|rule|Endless Battle Clause: Forcing endless battles is banned
|rule|Species Clause: Limit one of each Pokémon
|rule|OHKO Clause: OHKO moves are banned
|rule|Evasion Items Clause: Evasion items are banned
|rule|Evasion Moves Clause: Evasion moves are banned
|rule|Evasion Abilities Clause: Evasion abilities are banned
|rule|Sleep Moves Clause: Sleep-inducing moves are banned
|clearpoke
|poke|p1|Fezandipiti, M|
|poke|p1|Chesnaught, M|
|poke|p1|Mamoswine, M|
|poke|p1|Gholdengo|
|poke|p1|Heatran, F|
|poke|p1|Hydreigon, M|
|poke|p2|Armarouge, M|
|poke|p2|Ting-Lu|
|poke|p2|Weavile, F|
|poke|p2|Pecharunt|
|poke|p2|Raging Bolt|
|poke|p2|Corviknight, M|
|teampreview
|inactive|Battle timer is ON: inactive players will automatically lose when time's up. (requested by frozenmoon77)
|
|t:|1758347948
|teamsize|p1|6
|teamsize|p2|6
|start
|switch|p1a: Mamoswine|Mamoswine, M|100/100
|switch|p2a: Ting-Lu|Ting-Lu|100/100
|-ability|p2a: Ting-Lu|Vessel of Ruin
|turn|1
|
|t:|1758347954
|switch|p2a: Corviknight|Corviknight, M|100/100
|-ability|p2a: Corviknight|Pressure
|move|p1a: Mamoswine|Icicle Crash|p2a: Corviknight
|-damage|p2a: Corviknight|60/100
|
|-heal|p2a: Corviknight|66/100|[from] item: Leftovers
|upkeep
|turn|2
|
|t:|1758347965
|switch|p1a: Heatran|Heatran, F|100/100
|move|p2a: Corviknight|Roost|p2a: Corviknight
|-heal|p2a: Corviknight|100/100
|-singleturn|p2a: Corviknight|move: Roost
|
|upkeep
|turn|3
|
|t:|1758347972
|switch|p2a: Ting-Lu|Ting-Lu|100/100
|-ability|p2a: Ting-Lu|Vessel of Ruin
|move|p1a: Heatran|Stealth Rock|p2a: Ting-Lu
|-sidestart|p2: laqa|move: Stealth Rock
|
|upkeep
|turn|4
|
|t:|1758347981
|move|p1a: Heatran|Will-O-Wisp|p2a: Ting-Lu
|-status|p2a: Ting-Lu|brn
|move|p2a: Ting-Lu|Spikes|p1a: Heatran
|-sidestart|p1: frozenmoon77|Spikes
|
|-damage|p2a: Ting-Lu|94/100 brn|[from] brn
|upkeep
|turn|5
|
|t:|1758347994
|switch|p1a: Chesnaught|Chesnaught, M|100/100
|-damage|p1a: Chesnaught|88/100|[from] Spikes
|move|p2a: Ting-Lu|Spikes|p1a: Chesnaught
|-sidestart|p1: frozenmoon77|Spikes
|
|-heal|p2a: Ting-Lu|100/100 brn|[from] item: Leftovers
|-damage|p2a: Ting-Lu|94/100 brn|[from] brn
|upkeep
|turn|6
|
|t:|1758348004
|switch|p2a: Pecharunt|Pecharunt|100/100
|move|p1a: Chesnaught|Knock Off|p2a: Pecharunt
|-supereffective|p2a: Pecharunt
|-damage|p2a: Pecharunt|79/100
|-enditem|p2a: Pecharunt|Heavy-Duty Boots|[from] move: Knock Off|[of] p1a: Chesnaught
|
|upkeep
|turn|7
|
|t:|1758348012
|switch|p1a: Heatran|Heatran, F|100/100
|-damage|p1a: Heatran|84/100|[from] Spikes
|move|p2a: Pecharunt|Parting Shot|p1a: Heatran
|-unboost|p1a: Heatran|atk|1
|-unboost|p1a: Heatran|spa|1
|
|t:|1758348021
|switch|p2a: Ting-Lu|Ting-Lu|94/100 brn|[from] Parting Shot
|-damage|p2a: Ting-Lu|88/100 brn|[from] Stealth Rock
|-ability|p2a: Ting-Lu|Vessel of Ruin
|
|-heal|p1a: Heatran|90/100|[from] item: Leftovers
|-heal|p2a: Ting-Lu|94/100 brn|[from] item: Leftovers
|-damage|p2a: Ting-Lu|88/100 brn|[from] brn
|upkeep
|turn|8
|
|t:|1758348035
|switch|p1a: Hydreigon|Hydreigon, M|100/100
|move|p2a: Ting-Lu|Earthquake|p1a: Hydreigon
|-immune|p1a: Hydreigon|[from] ability: Levitate
|
|-heal|p2a: Ting-Lu|94/100 brn|[from] item: Leftovers
|-damage|p2a: Ting-Lu|88/100 brn|[from] brn
|upkeep
|turn|9
|
|t:|1758348048
|move|p1a: Hydreigon|U-turn|p2a: Ting-Lu
|-supereffective|p2a: Ting-Lu
|-damage|p2a: Ting-Lu|71/100 brn
|
|t:|1758348054
|switch|p1a: Chesnaught|Chesnaught, M|88/100|[from] U-turn
|-damage|p1a: Chesnaught|72/100|[from] Spikes
|move|p2a: Ting-Lu|Spikes|p1a: Chesnaught
|-sidestart|p1: frozenmoon77|Spikes
|
|-heal|p2a: Ting-Lu|77/100 brn|[from] item: Leftovers
|-damage|p2a: Ting-Lu|71/100 brn|[from] brn
|upkeep
|turn|10
|
|t:|1758348069
|switch|p2a: Pecharunt|Pecharunt|79/100
|-damage|p2a: Pecharunt|67/100|[from] Stealth Rock
|move|p1a: Chesnaught|Knock Off|p2a: Pecharunt
|-supereffective|p2a: Pecharunt
|-crit|p2a: Pecharunt
|-damage|p2a: Pecharunt|44/100
|
|upkeep
|turn|11
|
|t:|1758348076
|move|p2a: Pecharunt|Recover|p2a: Pecharunt
|-heal|p2a: Pecharunt|94/100
|move|p1a: Chesnaught|Leech Seed|p2a: Pecharunt
|-start|p2a: Pecharunt|move: Leech Seed
|
|-damage|p2a: Pecharunt|82/100|[from] Leech Seed|[of] p1a: Chesnaught
|-heal|p1a: Chesnaught|84/100|[silent]
|upkeep
|turn|12
|
|t:|1758348084
|switch|p1a: Gholdengo|Gholdengo|100/100
|-damage|p1a: Gholdengo|76/100|[from] Spikes
|move|p2a: Pecharunt|Parting Shot|p1a: Gholdengo
|-immune|p1a: Gholdengo|[from] ability: Good as Gold
|
|-damage|p2a: Pecharunt|70/100|[from] Leech Seed|[of] p1a: Gholdengo
|-heal|p1a: Gholdengo|91/100|[silent]
|upkeep
|turn|13
|
|t:|1758348093
|switch|p2a: Ting-Lu|Ting-Lu|71/100 brn
|-damage|p2a: Ting-Lu|64/100 brn|[from] Stealth Rock
|-ability|p2a: Ting-Lu|Vessel of Ruin
|move|p1a: Gholdengo|Trick|p2a: Ting-Lu
|-activate|p1a: Gholdengo|move: Trick|[of] p2a: Ting-Lu
|-item|p2a: Ting-Lu|Choice Scarf|[from] move: Trick
|-item|p1a: Gholdengo|Leftovers|[from] move: Trick
|
|-heal|p1a: Gholdengo|97/100|[from] item: Leftovers
|-damage|p2a: Ting-Lu|58/100 brn|[from] brn
|upkeep
|turn|14
|
|t:|1758348107
|switch|p1a: Hydreigon|Hydreigon, M|100/100
|move|p2a: Ting-Lu|Ruination|p1a: Hydreigon
|-damage|p1a: Hydreigon|51/100
|
|-damage|p2a: Ting-Lu|52/100 brn|[from] brn
|upkeep
|turn|15
|
|t:|1758348121
|switch|p2a: Corviknight|Corviknight, M|100/100
|-damage|p2a: Corviknight|88/100|[from] Stealth Rock
|-ability|p2a: Corviknight|Pressure
|move|p1a: Hydreigon|Dark Pulse|p2a: Corviknight
|-damage|p2a: Corviknight|26/100
|
|-heal|p2a: Corviknight|32/100|[from] item: Leftovers
|upkeep
|turn|16
|
|t:|1758348129
|move|p1a: Hydreigon|Dark Pulse|p2a: Corviknight
|-damage|p2a: Corviknight|0 fnt
|faint|p2a: Corviknight
|
|upkeep
|
|t:|1758348138
|switch|p2a: Weavile|Weavile, F|100/100
|-damage|p2a: Weavile|76/100|[from] Stealth Rock
|-ability|p2a: Weavile|Pressure
|turn|17
|
|t:|1758348144
|-terastallize|p1a: Hydreigon|Steel
|move|p2a: Weavile|Knock Off|p1a: Hydreigon
|-damage|p1a: Hydreigon|0 fnt
|-enditem|p1a: Hydreigon|Choice Specs|[from] move: Knock Off|[of] p2a: Weavile
|faint|p1a: Hydreigon
|-damage|p2a: Weavile|66/100|[from] item: Life Orb
|
|upkeep
|
|t:|1758348166
|switch|p1a: Chesnaught|Chesnaught, M|84/100
|-damage|p1a: Chesnaught|59/100|[from] Spikes
|turn|18
|
|t:|1758348173
|move|p2a: Weavile|Triple Axel|p1a: Chesnaught
|-supereffective|p1a: Chesnaught
|-damage|p1a: Chesnaught|44/100
|-damage|p2a: Weavile|49/100|[from] item: Rocky Helmet|[of] p1a: Chesnaught
|-supereffective|p1a: Chesnaught
|-damage|p1a: Chesnaught|17/100
|-damage|p2a: Weavile|33/100|[from] item: Rocky Helmet|[of] p1a: Chesnaught
|-supereffective|p1a: Chesnaught
|-damage|p1a: Chesnaught|0 fnt
|-damage|p2a: Weavile|17/100|[from] item: Rocky Helmet|[of] p1a: Chesnaught
|faint|p1a: Chesnaught
|-hitcount|p1: Chesnaught|3
|-damage|p2a: Weavile|7/100|[from] item: Life Orb
|
|upkeep
|
|t:|1758348186
|switch|p1a: Mamoswine|Mamoswine, M|100/100
|-damage|p1a: Mamoswine|76/100|[from] Spikes
|turn|19
|
|t:|1758348189
|move|p2a: Weavile|Ice Shard|p1a: Mamoswine
|-damage|p1a: Mamoswine|60/100
|-damage|p2a: Weavile|0 fnt|[from] item: Life Orb
|faint|p2a: Weavile
|move|p1a: Mamoswine|Ice Shard|p2: Weavile|[notarget]
|-fail|p1a: Mamoswine
|
|upkeep
|
|t:|1758348206
|switch|p2a: Armarouge|Armarouge, M|100/100
|-damage|p2a: Armarouge|76/100|[from] Stealth Rock
|turn|20
|
|t:|1758348215
|switch|p2a: Ting-Lu|Ting-Lu|52/100 brn
|-damage|p2a: Ting-Lu|46/100 brn|[from] Stealth Rock
|-ability|p2a: Ting-Lu|Vessel of Ruin
|switch|p1a: Heatran|Heatran, F|90/100
|-damage|p1a: Heatran|65/100|[from] Spikes
|
|-heal|p1a: Heatran|71/100|[from] item: Leftovers
|-damage|p2a: Ting-Lu|39/100 brn|[from] brn
|upkeep
|turn|21
|inactive|frozenmoon77 has 120 seconds left.
|
|t:|1758348250
|move|p1a: Heatran|Earth Power|p2a: Ting-Lu
|-damage|p2a: Ting-Lu|28/100 brn
|move|p2a: Ting-Lu|Earthquake|p1a: Heatran
|-supereffective|p1a: Heatran
|-damage|p1a: Heatran|12/100
|
|-heal|p1a: Heatran|19/100|[from] item: Leftovers
|-damage|p2a: Ting-Lu|22/100 brn|[from] brn
|upkeep
|turn|22
|inactive|frozenmoon77 has 120 seconds left.
|
|t:|1758348258
|move|p1a: Heatran|Earth Power|p2a: Ting-Lu
|-crit|p2a: Ting-Lu
|-damage|p2a: Ting-Lu|5/100 brn
|-unboost|p2a: Ting-Lu|spd|1
|move|p2a: Ting-Lu|Earthquake|p1a: Heatran
|-supereffective|p1a: Heatran
|-damage|p1a: Heatran|0 fnt
|faint|p1a: Heatran
|
|-damage|p2a: Ting-Lu|0 fnt|[from] brn
|faint|p2a: Ting-Lu
|upkeep
|inactive|frozenmoon77 has 120 seconds left.
|
|t:|1758348273
|switch|p1a: Fezandipiti|Fezandipiti, M|100/100
|switch|p2a: Pecharunt|Pecharunt|70/100
|-damage|p2a: Pecharunt|57/100|[from] Stealth Rock
|turn|23
|
|t:|1758348279
|move|p1a: Fezandipiti|Calm Mind|p1a: Fezandipiti
|-boost|p1a: Fezandipiti|spa|1
|-boost|p1a: Fezandipiti|spd|1
|move|p2a: Pecharunt|Parting Shot|p1a: Fezandipiti
|-unboost|p1a: Fezandipiti|atk|1
|-unboost|p1a: Fezandipiti|spa|1
|
|t:|1758348289
|switch|p2a: Armarouge|Armarouge, M|76/100|[from] Parting Shot
|-damage|p2a: Armarouge|51/100|[from] Stealth Rock
|
|upkeep
|turn|24
|
|t:|1758348294
|move|p2a: Armarouge|Expanding Force|p1a: Fezandipiti
|-supereffective|p1a: Fezandipiti
|-damage|p1a: Fezandipiti|68/100
|move|p1a: Fezandipiti|Calm Mind|p1a: Fezandipiti
|-boost|p1a: Fezandipiti|spa|1
|-boost|p1a: Fezandipiti|spd|1
|
|upkeep
|turn|25
|
|t:|1758348302
|move|p2a: Armarouge|Expanding Force|p1a: Fezandipiti
|-supereffective|p1a: Fezandipiti
|-damage|p1a: Fezandipiti|46/100
|move|p1a: Fezandipiti|Moonblast|p2a: Armarouge
|-resisted|p2a: Armarouge
|-damage|p2a: Armarouge|29/100
|
|upkeep
|turn|26
|
|t:|1758348308
|move|p2a: Armarouge|Expanding Force|p1a: Fezandipiti
|-supereffective|p1a: Fezandipiti
|-damage|p1a: Fezandipiti|22/100
|move|p1a: Fezandipiti|Roost|p1a: Fezandipiti
|-heal|p1a: Fezandipiti|73/100
|-singleturn|p1a: Fezandipiti|move: Roost
|
|upkeep
|turn|27
|
|t:|1758348315
|move|p2a: Armarouge|Expanding Force|p1a: Fezandipiti
|-supereffective|p1a: Fezandipiti
|-crit|p1a: Fezandipiti
|-damage|p1a: Fezandipiti|1/100
|move|p1a: Fezandipiti|Roost|p1a: Fezandipiti
|-heal|p1a: Fezandipiti|51/100
|-singleturn|p1a: Fezandipiti|move: Roost
|
|upkeep
|turn|28
|
|t:|1758348321
|move|p2a: Armarouge|Expanding Force|p1a: Fezandipiti
|-supereffective|p1a: Fezandipiti
|-damage|p1a: Fezandipiti|28/100
|move|p1a: Fezandipiti|Roost|p1a: Fezandipiti
|-heal|p1a: Fezandipiti|78/100
|-singleturn|p1a: Fezandipiti|move: Roost
|
|upkeep
|turn|29
|
|t:|1758348326
|move|p2a: Armarouge|Expanding Force|p1a: Fezandipiti
|-supereffective|p1a: Fezandipiti
|-damage|p1a: Fezandipiti|54/100
|move|p1a: Fezandipiti|Calm Mind|p1a: Fezandipiti
|-boost|p1a: Fezandipiti|spa|1
|-boost|p1a: Fezandipiti|spd|1
|
|upkeep
|turn|30
|
|t:|1758348332
|move|p2a: Armarouge|Expanding Force|p1a: Fezandipiti
|-supereffective|p1a: Fezandipiti
|-damage|p1a: Fezandipiti|33/100
|move|p1a: Fezandipiti|Roost|p1a: Fezandipiti
|-heal|p1a: Fezandipiti|84/100
|-singleturn|p1a: Fezandipiti|move: Roost
|
|upkeep
|turn|31
|
|t:|1758348338
|move|p2a: Armarouge|Expanding Force|p1a: Fezandipiti
|-supereffective|p1a: Fezandipiti
|-damage|p1a: Fezandipiti|63/100
|move|p1a: Fezandipiti|Calm Mind|p1a: Fezandipiti
|-boost|p1a: Fezandipiti|spa|1
|-boost|p1a: Fezandipiti|spd|1
|
|upkeep
|turn|32
|
|t:|1758348343
|move|p2a: Armarouge|Expanding Force|p1a: Fezandipiti
|-supereffective|p1a: Fezandipiti
|-damage|p1a: Fezandipiti|46/100
|move|p1a: Fezandipiti|Calm Mind|p1a: Fezandipiti
|-boost|p1a: Fezandipiti|spa|1
|-boost|p1a: Fezandipiti|spd|1
|
|upkeep
|turn|33
|
|t:|1758348349
|move|p2a: Armarouge|Expanding Force|p1a: Fezandipiti
|-supereffective|p1a: Fezandipiti
|-damage|p1a: Fezandipiti|31/100
|move|p1a: Fezandipiti|Roost|p1a: Fezandipiti
|-heal|p1a: Fezandipiti|82/100
|-singleturn|p1a: Fezandipiti|move: Roost
|
|upkeep
|turn|34
|
|t:|1758348356
|move|p2a: Armarouge|Expanding Force|p1a: Fezandipiti
|-supereffective|p1a: Fezandipiti
|-damage|p1a: Fezandipiti|67/100
|move|p1a: Fezandipiti|Sludge Bomb|p2a: Armarouge
|-damage|p2a: Armarouge|0 fnt
|faint|p2a: Armarouge
|
|upkeep
|-message|laqa forfeited.
|
|win|frozenmoon77
|raw|frozenmoon77's rating: 1510 &rarr; <strong>1525</strong><br />(+15 for winning)
|raw|laqa's rating: 1430 &rarr; <strong>1415</strong><br />(-15 for losing)
|l|☆laqa
|player|p2|
|l|☆frozenmoon77
|player|p1|
