|j|☆ElMAXO03
|j|☆chamu rye
|t:|1758365737
|gametype|singles
|player|p1|ElMAXO03|266|1240
|player|p2|chamu rye|veteran|1241
|gen|9
|tier|[Gen 9] OU
|rated|
|rule|HP Percentage Mod: HP is shown in percentages
|rule|Endless Battle Clause: Forcing endless battles is banned
|rule|Species Clause: Limit one of each Pokémon
|rule|OHKO Clause: OHKO moves are banned
|rule|Evasion Items Clause: Evasion items are banned
|rule|Evasion Moves Clause: Evasion moves are banned
|rule|Evasion Abilities Clause: Evasion abilities are banned
|rule|Sleep Moves Clause: Sleep-inducing moves are banned
|clearpoke
|poke|p1|Dragapult, M|
|poke|p1|Kingambit, M|
|poke|p1|Dragonite, M|
|poke|p1|Primarina, F|
|poke|p1|Garchomp, M|
|poke|p1|Glimmora, F|
|poke|p2|Heracross, M|
|poke|p2|Milotic, F|
|poke|p2|Comfey, F|
|poke|p2|Rotom-Heat|
|poke|p2|Gholdengo|
|poke|p2|Glimmora, F|
|teampreview
|inactive|Battle timer is ON: inactive players will automatically lose when time's up. (requested by ElMAXO03)
|
|t:|1758365746
|teamsize|p1|6
|teamsize|p2|6
|start
|switch|p1a: Glimmora|Glimmora, F, shiny|100/100
|switch|p2a: Heracross|Heracross, M|100/100
|turn|1
|
|t:|1758365768
|switch|p1a: Dragapult|Dragapult, M|100/100
|-terastallize|p2a: Heracross|Ground
|move|p2a: Heracross|Earthquake|p1a: Dragapult
|-damage|p1a: Dragapult|31/100
|
|-heal|p1a: Dragapult|37/100|[from] item: Leftovers
|upkeep
|turn|2
|
|t:|1758365785
|switch|p1a: Dragonite|Dragonite, M, shiny|100/100
|move|p2a: Heracross|Earthquake|p1a: Dragonite
|-immune|p1a: Dragonite
|
|upkeep
|turn|3
|
|t:|1758365793
|switch|p2a: Milotic|Milotic, F|100/100
|move|p1a: Dragonite|Dragon Dance|p1a: Dragonite
|-boost|p1a: Dragonite|atk|1
|-boost|p1a: Dragonite|spe|1
|
|-status|p2a: Milotic|brn|[from] item: Flame Orb
|upkeep
|turn|4
|
|t:|1758365802
|move|p1a: Dragonite|Dragon Dance|p1a: Dragonite
|-boost|p1a: Dragonite|atk|1
|-boost|p1a: Dragonite|spe|1
|move|p2a: Milotic|Ice Beam|p1a: Dragonite
|-supereffective|p1a: Dragonite
|-damage|p1a: Dragonite|54/100
|
|-damage|p2a: Milotic|94/100 brn|[from] brn
|upkeep
|turn|5
|
|t:|1758365811
|move|p1a: Dragonite|Earthquake|p2a: Milotic
|-damage|p2a: Milotic|50/100 brn
|move|p2a: Milotic|Haze|p2a: Milotic
|-clearallboost
|
|-damage|p2a: Milotic|44/100 brn|[from] brn
|upkeep
|turn|6
|
|t:|1758365820
|move|p1a: Dragonite|Outrage|p2a: Milotic
|-damage|p2a: Milotic|3/100 brn
|move|p2a: Milotic|Ice Beam|p1a: Dragonite
|-supereffective|p1a: Dragonite
|-damage|p1a: Dragonite|0 fnt
|faint|p1a: Dragonite
|
|-damage|p2a: Milotic|0 fnt|[from] brn
|faint|p2a: Milotic
|upkeep
|
|t:|1758365833
|switch|p1a: Glimmora|Glimmora, F, shiny|100/100
|switch|p2a: Glimmora|Glimmora, F|100/100
|-item|p2a: Glimmora|Air Balloon
|turn|7
|
|t:|1758365841
|move|p2a: Glimmora|Earth Power|p1a: Glimmora
|-supereffective|p1a: Glimmora
|-enditem|p1a: Glimmora|Focus Sash
|-damage|p1a: Glimmora|1/100
|move|p1a: Glimmora|Power Gem|p2a: Glimmora
|-damage|p2a: Glimmora|51/100
|-enditem|p2a: Glimmora|Air Balloon
|
|upkeep
|turn|8
|
|t:|1758365859
|switch|p1a: Garchomp|Garchomp, M, shiny|100/100
|move|p2a: Glimmora|Mortal Spin|p1a: Garchomp
|-resisted|p1a: Garchomp
|-crit|p1a: Garchomp
|-damage|p1a: Garchomp|97/100
|-status|p1a: Garchomp|psn
|-damage|p2a: Glimmora|38/100|[from] ability: Rough Skin|[of] p1a: Garchomp
|
|-damage|p1a: Garchomp|85/100 psn|[from] psn
|upkeep
|turn|9
|
|t:|1758365875
|switch|p2a: Rotom|Rotom-Heat|100/100
|move|p1a: Garchomp|Earthquake|p2a: Rotom
|-immune|p2a: Rotom|[from] ability: Levitate
|
|-damage|p1a: Garchomp|72/100 psn|[from] psn
|upkeep
|turn|10
|
|t:|1758365886
|switch|p1a: Dragapult|Dragapult, M|37/100
|move|p2a: Rotom|Overheat|p1a: Dragapult|[miss]
|-miss|p2a: Rotom|p1a: Dragapult
|
|-heal|p1a: Dragapult|43/100|[from] item: Leftovers
|upkeep
|turn|11
|
|t:|1758365896
|move|p1a: Dragapult|Hex|p2a: Rotom
|-damage|p2a: Rotom|78/100
|move|p2a: Rotom|Dark Pulse|p1a: Dragapult
|-supereffective|p1a: Dragapult
|-crit|p1a: Dragapult
|-damage|p1a: Dragapult|0 fnt
|faint|p1a: Dragapult
|
|-heal|p2a: Rotom|84/100|[from] item: Leftovers
|upkeep
|
|t:|1758365900
|switch|p1a: Primarina|Primarina, F|100/100
|turn|12
|
|t:|1758365909
|move|p2a: Rotom|Volt Switch|p1a: Primarina
|-supereffective|p1a: Primarina
|-damage|p1a: Primarina|70/100
|
|t:|1758365913
|switch|p2a: Gholdengo|Gholdengo|100/100|[from] Volt Switch
|-item|p2a: Gholdengo|Air Balloon
|move|p1a: Primarina|Sparkling Aria|p2a: Gholdengo
|-damage|p2a: Gholdengo|41/100
|-enditem|p2a: Gholdengo|Air Balloon
|
|upkeep
|turn|13
|
|t:|1758365924
|move|p2a: Gholdengo|Flash Cannon|p1a: Primarina
|-crit|p1a: Primarina
|-damage|p1a: Primarina|30/100
|move|p1a: Primarina|Sparkling Aria|p2a: Gholdengo
|-damage|p2a: Gholdengo|0 fnt
|faint|p2a: Gholdengo
|
|upkeep
|
|t:|1758365933
|switch|p2a: Glimmora|Glimmora, F|38/100
|turn|14
|
|t:|1758365940
|move|p2a: Glimmora|Stealth Rock|p1a: Primarina
|-sidestart|p1: ElMAXO03|move: Stealth Rock
|move|p1a: Primarina|Sparkling Aria|p2a: Glimmora
|-supereffective|p2a: Glimmora
|-damage|p2a: Glimmora|0 fnt
|faint|p2a: Glimmora
|
|upkeep
|
|t:|1758365965
|switch|p2a: Comfey|Comfey, F, shiny|100/100
|turn|15
|
|t:|1758365972
|move|p2a: Comfey|Leech Seed|p1a: Primarina
|-start|p1a: Primarina|move: Leech Seed
|move|p1a: Primarina|Sparkling Aria|p2a: Comfey
|-damage|p2a: Comfey|38/100
|
|-damage|p1a: Primarina|18/100|[from] Leech Seed|[of] p2a: Comfey
|-heal|p2a: Comfey|55/100|[silent]
|upkeep
|turn|16
|
|t:|1758365986
|move|p2a: Comfey|Giga Drain|p1a: Primarina
|-supereffective|p1a: Primarina
|-damage|p1a: Primarina|0 fnt
|-heal|p2a: Comfey|67/100|[from] drain|[of] p1a: Primarina
|faint|p1a: Primarina
|
|upkeep
|
|t:|1758365997
|switch|p1a: Kingambit|Kingambit, M|100/100
|-damage|p1a: Kingambit|94/100|[from] Stealth Rock
|-activate|p1a: Kingambit|ability: Supreme Overlord
|-start|p1a: Kingambit|fallen3|[silent]
|turn|17
|
|t:|1758366003
|switch|p2a: Rotom|Rotom-Heat|84/100
|move|p1a: Kingambit|Iron Head|p2a: Rotom
|-resisted|p2a: Rotom
|-damage|p2a: Rotom|70/100
|
|-heal|p2a: Rotom|76/100|[from] item: Leftovers
|upkeep
|turn|18
|
|t:|1758366019
|-end|p1a: Kingambit|fallen3|[silent]
|switch|p1a: Garchomp|Garchomp, M, shiny|72/100 psn
|-damage|p1a: Garchomp|66/100 psn|[from] Stealth Rock
|move|p2a: Rotom|Overheat|p1a: Garchomp
|-resisted|p1a: Garchomp
|-damage|p1a: Garchomp|43/100 psn
|-unboost|p2a: Rotom|spa|2
|
|-heal|p2a: Rotom|83/100|[from] item: Leftovers
|-damage|p1a: Garchomp|30/100 psn|[from] psn
|upkeep
|turn|19
|
|t:|1758366034
|move|p1a: Garchomp|Dragon Rush|p2a: Rotom
|-damage|p2a: Rotom|9/100
|move|p2a: Rotom|Dark Pulse|p1a: Garchomp
|-damage|p1a: Garchomp|19/100 psn
|
|-heal|p2a: Rotom|15/100|[from] item: Leftovers
|-damage|p1a: Garchomp|7/100 psn|[from] psn
|upkeep
|turn|20
|
|t:|1758366044
|switch|p2a: Comfey|Comfey, F, shiny|67/100
|move|p1a: Garchomp|Dragon Rush|p2a: Comfey
|-immune|p2a: Comfey
|
|-damage|p1a: Garchomp|0 fnt|[from] psn
|faint|p1a: Garchomp
|upkeep
|
|t:|1758366050
|switch|p1a: Glimmora|Glimmora, F, shiny|1/100
|-damage|p1a: Glimmora|0 fnt|[from] Stealth Rock
|faint|p1a: Glimmora
|
|t:|1758366054
|switch|p1a: Kingambit|Kingambit, M|94/100
|-damage|p1a: Kingambit|88/100|[from] Stealth Rock
|-activate|p1a: Kingambit|ability: Supreme Overlord
|-start|p1a: Kingambit|fallen5|[silent]
|turn|21
|
|t:|1758366063
|move|p2a: Comfey|Leech Seed|p1a: Kingambit
|-start|p1a: Kingambit|move: Leech Seed
|move|p1a: Kingambit|Iron Head|p2a: Comfey
|-supereffective|p2a: Comfey
|-damage|p2a: Comfey|0 fnt
|faint|p2a: Comfey
|
|upkeep
|
|t:|1758366070
|switch|p2a: Heracross|Heracross, M, tera:Ground|100/100
|turn|22
|
|t:|1758366075
|move|p1a: Kingambit|Sucker Punch|p2a: Heracross
|-damage|p2a: Heracross|0 fnt
|faint|p2a: Heracross
|
|upkeep
|
|t:|1758366081
|switch|p2a: Rotom|Rotom-Heat|15/100
|turn|23
|
|t:|1758366085
|move|p2a: Rotom|Will-O-Wisp|p1a: Kingambit
|-status|p1a: Kingambit|brn
|move|p1a: Kingambit|Kowtow Cleave|p2a: Rotom
|-damage|p2a: Rotom|0 fnt
|faint|p2a: Rotom
|
|win|ElMAXO03
|raw|ElMAXO03's rating: 1240 &rarr; <strong>1265</strong><br />(+25 for winning)
|raw|chamu rye's rating: 1241 &rarr; <strong>1216</strong><br />(-25 for losing)
|l|☆ElMAXO03
|player|p1|
|l|☆chamu rye
|player|p2|
