|j|☆Trumpismessiah
|j|☆taywimz
|t:|1758300576
|gametype|singles
|player|p1|Trumpismessiah|265|1426
|player|p2|taywimz|roxie|1503
|gen|9
|tier|[Gen 9] OU
|rated|
|rule|HP Percentage Mod: HP is shown in percentages
|rule|Endless Battle Clause: Forcing endless battles is banned
|rule|Species Clause: Limit one of each Pokémon
|rule|OHKO Clause: OHKO moves are banned
|rule|Evasion Items Clause: Evasion items are banned
|rule|Evasion Moves Clause: Evasion moves are banned
|rule|Evasion Abilities Clause: Evasion abilities are banned
|rule|Sleep Moves Clause: Sleep-inducing moves are banned
|clearpoke
|poke|p1|Gengar, M|
|poke|p1|Moltres|
|poke|p1|Vileplume, F|
|poke|p1|Vaporeon, F|
|poke|p1|Sandslash-Alola, M|
|poke|p1|Tauros, M|
|poke|p2|Dragonite, M|
|poke|p2|Gholdengo|
|poke|p2|Iron Treads|
|poke|p2|Quaquaval, F|
|poke|p2|Slowking-Galar, M|
|poke|p2|Ting-Lu|
|teampreview
|inactive|Battle timer is ON: inactive players will automatically lose when time's up. (requested by Trumpismessiah)
|
|t:|1758300592
|teamsize|p1|6
|teamsize|p2|6
|start
|switch|p1a: Sandslash|Sandslash-Alola, M|100/100
|switch|p2a: Iron Treads|Iron Treads|100/100
|turn|1
|
|t:|1758300603
|move|p2a: Iron Treads|Stealth Rock|p1a: Sandslash
|-sidestart|p1: Trumpismessiah|move: Stealth Rock
|move|p1a: Sandslash|Earthquake|p2a: Iron Treads
|-supereffective|p2a: Iron Treads
|-damage|p2a: Iron Treads|48/100
|
|-heal|p2a: Iron Treads|54/100|[from] item: Leftovers
|upkeep
|turn|2
|
|t:|1758300622
|move|p2a: Iron Treads|Knock Off|p1a: Sandslash
|-damage|p1a: Sandslash|78/100
|-enditem|p1a: Sandslash|Focus Sash|[from] move: Knock Off|[of] p2a: Iron Treads
|move|p1a: Sandslash|Low Kick|p2a: Iron Treads
|-supereffective|p2a: Iron Treads
|-damage|p2a: Iron Treads|0 fnt
|faint|p2a: Iron Treads
|-end|p2a: Iron Treads|Quark Drive|[silent]
|
|upkeep
|
|t:|1758300632
|switch|p2a: Gholdengo|Gholdengo, shiny|100/100
|turn|3
|
|t:|1758300644
|move|p2a: Gholdengo|Make It Rain|p1a: Sandslash
|-damage|p1a: Sandslash|0 fnt
|-unboost|p2a: Gholdengo|spa|1
|faint|p1a: Sandslash
|
|upkeep
|
|t:|1758300653
|switch|p1a: Tauros|Tauros, M|100/100
|-damage|p1a: Tauros|88/100|[from] Stealth Rock
|turn|4
|
|t:|1758300673
|switch|p2a: Slowking|Slowking-Galar, M, shiny|100/100
|move|p1a: Tauros|Throat Chop|p2a: Slowking
|-supereffective|p2a: Slowking
|-damage|p2a: Slowking|43/100
|
|upkeep
|turn|5
|
|t:|1758300681
|switch|p2a: Ting-Lu|Ting-Lu, shiny|100/100
|-ability|p2a: Ting-Lu|Vessel of Ruin
|move|p1a: Tauros|Body Slam|p2a: Ting-Lu
|-damage|p2a: Ting-Lu|64/100
|
|-heal|p2a: Ting-Lu|71/100|[from] item: Leftovers
|upkeep
|turn|6
|
|t:|1758300700
|move|p1a: Tauros|Body Slam|p2a: Ting-Lu
|-damage|p2a: Ting-Lu|35/100
|move|p2a: Ting-Lu|Ruination|p1a: Tauros
|-damage|p1a: Tauros|44/100
|
|-heal|p2a: Ting-Lu|41/100|[from] item: Leftovers
|upkeep
|turn|7
|
|t:|1758300710
|move|p1a: Tauros|Close Combat|p2a: Ting-Lu
|-supereffective|p2a: Ting-Lu
|-crit|p2a: Ting-Lu
|-damage|p2a: Ting-Lu|0 fnt
|-unboost|p1a: Tauros|def|1
|-unboost|p1a: Tauros|spd|1
|faint|p2a: Ting-Lu
|-damage|p1a: Tauros|35/100|[from] item: Life Orb
|
|upkeep
|
|t:|1758300729
|switch|p2a: Quaquaval|Quaquaval, F, shiny|100/100
|turn|8
|inactive|taywimz has 120 seconds left.
|
|t:|1758300750
|switch|p1a: Vileplume|Vileplume, F|100/100
|-damage|p1a: Vileplume|88/100|[from] Stealth Rock
|move|p2a: Quaquaval|U-turn|p1a: Vileplume
|-damage|p1a: Vileplume|67/100
|-damage|p2a: Quaquaval|84/100|[from] item: Rocky Helmet|[of] p1a: Vileplume
|
|t:|1758300760
|switch|p2a: Slowking|Slowking-Galar, M, shiny|77/100|[from] U-turn
|
|upkeep
|turn|9
|
|t:|1758300765
|switch|p1a: Vaporeon|Vaporeon, F|100/100
|-damage|p1a: Vaporeon|88/100|[from] Stealth Rock
|move|p2a: Slowking|Future Sight|p1a: Vaporeon
|-start|p2a: Slowking|move: Future Sight
|
|-heal|p1a: Vaporeon|94/100|[from] item: Leftovers
|upkeep
|turn|10
|inactive|taywimz has 120 seconds left.
|
|t:|1758300776
|move|p1a: Vaporeon|Shadow Ball|p2a: Slowking
|-supereffective|p2a: Slowking
|-damage|p2a: Slowking|44/100
|-unboost|p2a: Slowking|spd|1
|move|p2a: Slowking|Sludge Bomb|p1a: Vaporeon
|-damage|p1a: Vaporeon|74/100
|
|-heal|p1a: Vaporeon|80/100|[from] item: Leftovers
|upkeep
|turn|11
|inactive|taywimz has 120 seconds left.
|
|t:|1758300789
|move|p1a: Vaporeon|Scald|p2a: Slowking
|-damage|p2a: Slowking|8/100
|-prepare|p2a: Slowking|Chilly Reception|[premajor]
|move|p2a: Slowking|Chilly Reception|p2a: Slowking
|-weather|Snowscape
|inactive|taywimz has 120 seconds left.
|
|t:|1758300815
|switch|p2a: Dragonite|Dragonite, M, shiny|100/100|[from] Chilly Reception
|
|-weather|Snowscape|[upkeep]
|-end|p1a: Vaporeon|move: Future Sight
|-damage|p1a: Vaporeon|57/100
|-heal|p1a: Vaporeon|63/100|[from] item: Leftovers
|upkeep
|turn|12
|
|t:|1758300825
|move|p2a: Dragonite|Dragon Dance|p2a: Dragonite
|-boost|p2a: Dragonite|atk|1
|-boost|p2a: Dragonite|spe|1
|move|p1a: Vaporeon|Scald|p2a: Dragonite
|-resisted|p2a: Dragonite
|-damage|p2a: Dragonite|93/100
|
|-weather|Snowscape|[upkeep]
|-heal|p1a: Vaporeon|69/100|[from] item: Leftovers
|upkeep
|turn|13
|inactive|taywimz has 90 seconds left.
|
|t:|1758300862
|switch|p1a: Moltres|Moltres|100/100
|-terastallize|p2a: Dragonite|Normal
|move|p2a: Dragonite|Extreme Speed|p1a: Moltres
|-damage|p1a: Moltres|55/100
|-status|p2a: Dragonite|brn|[from] ability: Flame Body|[of] p1a: Moltres
|
|-weather|Snowscape|[upkeep]
|-damage|p2a: Dragonite|87/100 brn|[from] brn
|upkeep
|turn|14
|
|t:|1758300875
|move|p2a: Dragonite|Dragon Dance|p2a: Dragonite
|-boost|p2a: Dragonite|atk|1
|-boost|p2a: Dragonite|spe|1
|move|p1a: Moltres|U-turn|p2a: Dragonite
|-damage|p2a: Dragonite|71/100 brn
|
|t:|1758300882
|switch|p1a: Vileplume|Vileplume, F|67/100|[from] U-turn
|-damage|p1a: Vileplume|55/100|[from] Stealth Rock
|
|-weather|Snowscape|[upkeep]
|-damage|p2a: Dragonite|65/100 brn|[from] brn
|upkeep
|turn|15
|
|t:|1758300904
|move|p2a: Dragonite|Extreme Speed|p1a: Vileplume
|-damage|p1a: Vileplume|21/100
|-damage|p2a: Dragonite|49/100 brn|[from] item: Rocky Helmet|[of] p1a: Vileplume
|move|p1a: Vileplume|Strength Sap|p2a: Dragonite
|-unboost|p2a: Dragonite|atk|1
|-heal|p1a: Vileplume|100/100
|
|-weather|none
|-damage|p2a: Dragonite|43/100 brn|[from] brn
|upkeep
|turn|16
|
|t:|1758300916
|move|p2a: Dragonite|Roost|p2a: Dragonite
|-heal|p2a: Dragonite|93/100 brn
|move|p1a: Vileplume|Leech Seed|p2a: Dragonite
|-start|p2a: Dragonite|move: Leech Seed
|
|-damage|p2a: Dragonite|80/100 brn|[from] Leech Seed|[of] p1a: Vileplume
|-damage|p2a: Dragonite|74/100 brn|[from] brn
|upkeep
|turn|17
|
|t:|1758300926
|switch|p2a: Slowking|Slowking-Galar, M, shiny|41/100
|move|p1a: Vileplume|Sludge Bomb|p2a: Slowking
|-resisted|p2a: Slowking
|-crit|p2a: Slowking
|-damage|p2a: Slowking|21/100
|
|upkeep
|turn|18
|
|t:|1758300934
|move|p1a: Vileplume|Sludge Bomb|p2a: Slowking
|-resisted|p2a: Slowking
|-damage|p2a: Slowking|7/100
|move|p2a: Slowking|Ice Beam|p1a: Vileplume
|-supereffective|p1a: Vileplume
|-damage|p1a: Vileplume|49/100
|
|upkeep
|turn|19
|
|t:|1758300943
|switch|p1a: Gengar|Gengar, M|100/100
|-damage|p1a: Gengar|88/100|[from] Stealth Rock
|move|p2a: Slowking|Future Sight|p1a: Gengar
|-start|p2a: Slowking|move: Future Sight
|
|upkeep
|turn|20
|
|t:|1758300953
|switch|p2a: Dragonite|Dragonite, M, shiny, tera:Normal|74/100 brn
|move|p1a: Gengar|Sludge Wave|p2a: Dragonite
|-damage|p2a: Dragonite|30/100 brn
|
|-damage|p2a: Dragonite|24/100 brn|[from] brn
|upkeep
|turn|21
|inactive|taywimz has 90 seconds left.
|
|t:|1758300964
|move|p1a: Gengar|Sludge Wave|p2a: Dragonite
|-damage|p2a: Dragonite|0 fnt
|faint|p2a: Dragonite
|
|-end|p1a: Gengar|move: Future Sight
|-supereffective|p1a: Gengar
|-damage|p1a: Gengar|0 fnt
|faint|p1a: Gengar
|upkeep
|
|t:|1758300984
|switch|p1a: Moltres|Moltres|55/100
|switch|p2a: Slowking|Slowking-Galar, M, shiny|40/100
|turn|22
|
|t:|1758300993
|switch|p2a: Quaquaval|Quaquaval, F, shiny|84/100
|move|p1a: Moltres|Will-O-Wisp|p2a: Quaquaval
|-status|p2a: Quaquaval|brn
|
|-damage|p2a: Quaquaval|78/100 brn|[from] brn
|upkeep
|turn|23
|
|t:|1758301006
|move|p2a: Quaquaval|Wave Crash|p1a: Moltres
|-supereffective|p1a: Moltres
|-damage|p1a: Moltres|9/100
|-damage|p2a: Quaquaval|59/100 brn|[from] Recoil
|move|p1a: Moltres|Roost|p1a: Moltres
|-heal|p1a: Moltres|60/100
|-singleturn|p1a: Moltres|move: Roost
|
|-damage|p2a: Quaquaval|53/100 brn|[from] brn
|upkeep
|turn|24
|-message|taywimz forfeited.
|
|win|Trumpismessiah
|raw|Trumpismessiah's rating: 1426 &rarr; <strong>1450</strong><br />(+24 for winning)
|raw|taywimz's rating: 1503 &rarr; <strong>1479</strong><br />(-24 for losing)
|l|☆taywimz
|player|p2|
