|j|☆ImNotSureAnymore
|j|‽OlfelX08
|t:|1758230784
|gametype|singles
|player|p1|ImNotSureAnymore|aromalady|1112
|player|p2|OlfelX08|sonia|1150
|gen|9
|tier|[Gen 9] OU
|rated|
|rule|HP Percentage Mod: HP is shown in percentages
|rule|Endless Battle Clause: Forcing endless battles is banned
|rule|Species Clause: Limit one of each Pokémon
|rule|OHKO Clause: OHKO moves are banned
|rule|Evasion Items Clause: Evasion items are banned
|rule|Evasion Moves Clause: Evasion moves are banned
|rule|Evasion Abilities Clause: Evasion abilities are banned
|rule|Sleep Moves Clause: Sleep-inducing moves are banned
|clearpoke
|poke|p1|Hatterene, F|
|poke|p1|Alomomola, M|
|poke|p1|Crocalor, F|
|poke|p1|Altaria, F|
|poke|p1|Klefki, M|
|poke|p1|Goodra-Hisui, M|
|poke|p2|Iron Moth|
|poke|p2|Garganacl, M|
|poke|p2|Samurott-Hisui, M|
|poke|p2|Gholdengo|
|poke|p2|Hatterene, F|
|poke|p2|Garchomp, M|
|teampreview
|inactive|Battle timer is ON: inactive players will automatically lose when time's up. (requested by OlfelX08)
|
|t:|1758230801
|teamsize|p1|6
|teamsize|p2|6
|start
|switch|p1a: Klefki|Klefki, M|100/100
|switch|p2a: Samurott|Samurott-Hisui, M|100/100
|turn|1
|
|t:|1758230817
|switch|p1a: Altaria|Altaria, F|100/100
|move|p2a: Samurott|Sacred Sword|p1a: Altaria
|-resisted|p1a: Altaria
|-damage|p1a: Altaria|78/100
|
|-heal|p1a: Altaria|84/100|[from] item: Leftovers
|upkeep
|turn|2
|
|t:|1758230827
|switch|p2a: Hatterene|Hatterene, F, shiny|100/100
|move|p1a: Altaria|Will-O-Wisp|p2a: Hatterene
|move|p2a: Hatterene|Will-O-Wisp|p1a: Altaria|[from] ability: Magic Bounce
|-status|p1a: Altaria|brn
|
|-heal|p1a: Altaria|90/100 brn|[from] item: Leftovers
|-damage|p1a: Altaria|84/100 brn|[from] brn
|upkeep
|turn|3
|
|t:|1758230834
|-curestatus|p1a: Altaria|brn|[from] ability: Natural Cure
|switch|p1a: Hatterene|Hatterene, F|100/100
|move|p2a: Hatterene|Light Screen|p2a: Hatterene
|-sidestart|p2: OlfelX08|move: Light Screen
|
|upkeep
|turn|4
|
|t:|1758230843
|switch|p2a: Samurott|Samurott-Hisui, M|100/100
|move|p1a: Hatterene|Future Sight|p2a: Samurott
|-start|p1a: Hatterene|move: Future Sight
|
|upkeep
|turn|5
|
|t:|1758230848
|move|p2a: Samurott|Ceaseless Edge|p1a: Hatterene
|-damage|p1a: Hatterene|51/100
|-sidestart|p1: ImNotSureAnymore|Spikes
|move|p1a: Hatterene|Draining Kiss|p2a: Samurott
|-supereffective|p2a: Samurott
|-damage|p2a: Samurott|67/100
|-heal|p1a: Hatterene|77/100|[from] drain|[of] p2a: Samurott
|
|-heal|p1a: Hatterene|83/100|[from] item: Leftovers
|upkeep
|turn|6
|
|t:|1758230853
|switch|p1a: Altaria|Altaria, F|84/100
|move|p2a: Samurott|Ceaseless Edge|p1a: Altaria
|-damage|p1a: Altaria|30/100
|-sidestart|p1: ImNotSureAnymore|Spikes
|
|-end|p2a: Samurott|move: Future Sight
|-immune|p2a: Samurott
|-heal|p1a: Altaria|37/100|[from] item: Leftovers
|upkeep
|turn|7
|
|t:|1758230866
|switch|p1a: Hatterene|Hatterene, F|83/100
|-damage|p1a: Hatterene|66/100|[from] Spikes
|move|p2a: Samurott|Ceaseless Edge|p1a: Hatterene
|-damage|p1a: Hatterene|12/100
|-sidestart|p1: ImNotSureAnymore|Spikes
|
|-heal|p1a: Hatterene|17/100|[from] item: Leftovers
|-sideend|p2: OlfelX08|move: Light Screen
|upkeep
|turn|8
|
|t:|1758230872
|move|p2a: Samurott|Ceaseless Edge|p1a: Hatterene|[miss]
|-miss|p2a: Samurott|p1a: Hatterene
|move|p1a: Hatterene|Draining Kiss|p2a: Samurott
|-supereffective|p2a: Samurott
|-damage|p2a: Samurott|2/100
|-heal|p1a: Hatterene|66/100|[from] drain|[of] p2a: Samurott
|
|-heal|p1a: Hatterene|72/100|[from] item: Leftovers
|upkeep
|turn|9
|
|t:|1758230882
|move|p2a: Samurott|Ceaseless Edge|p1a: Hatterene
|-damage|p1a: Hatterene|16/100
|move|p1a: Hatterene|Draining Kiss|p2a: Samurott
|-supereffective|p2a: Samurott
|-damage|p2a: Samurott|0 fnt
|-heal|p1a: Hatterene|17/100|[from] drain|[of] p2a: Samurott
|faint|p2a: Samurott
|
|-heal|p1a: Hatterene|23/100|[from] item: Leftovers
|upkeep
|inactive|OlfelX08 has 120 seconds left.
|inactive|OlfelX08 has 90 seconds left.
|
|t:|1758230966
|switch|p2a: Iron Moth|Iron Moth|100/100
|-enditem|p2a: Iron Moth|Booster Energy
|-activate|p2a: Iron Moth|ability: Quark Drive|[fromitem]
|-start|p2a: Iron Moth|quarkdrivespa
|turn|10
|
|t:|1758230971
|move|p2a: Iron Moth|Fiery Dance|p1a: Hatterene
|-damage|p1a: Hatterene|0 fnt
|faint|p1a: Hatterene
|
|upkeep
|
|t:|1758230976
|switch|p1a: Goodra|Goodra-Hisui, M|100/100
|-damage|p1a: Goodra|75/100|[from] Spikes
|turn|11
|
|t:|1758230982
|move|p2a: Iron Moth|Dazzling Gleam|p1a: Goodra
|-damage|p1a: Goodra|57/100
|move|p1a: Goodra|Surf|p2a: Iron Moth
|-supereffective|p2a: Iron Moth
|-damage|p2a: Iron Moth|49/100
|
|-heal|p1a: Goodra|63/100|[from] item: Leftovers
|upkeep
|turn|12
|
|t:|1758230986
|move|p2a: Iron Moth|Fiery Dance|p1a: Goodra
|-damage|p1a: Goodra|33/100
|move|p1a: Goodra|Life Dew|p1a: Goodra
|-heal|p1a: Goodra|58/100
|
|-heal|p1a: Goodra|64/100|[from] item: Leftovers
|upkeep
|turn|13
|
|t:|1758230991
|move|p2a: Iron Moth|Fiery Dance|p1a: Goodra
|-damage|p1a: Goodra|36/100
|move|p1a: Goodra|Surf|p2a: Iron Moth
|-supereffective|p2a: Iron Moth
|-damage|p2a: Iron Moth|3/100
|
|-heal|p1a: Goodra|42/100|[from] item: Leftovers
|upkeep
|turn|14
|
|t:|1758230999
|move|p2a: Iron Moth|Fiery Dance|p1a: Goodra
|-damage|p1a: Goodra|14/100
|-boost|p2a: Iron Moth|spa|1
|move|p1a: Goodra|Surf|p2a: Iron Moth
|-supereffective|p2a: Iron Moth
|-damage|p2a: Iron Moth|0 fnt
|faint|p2a: Iron Moth
|-end|p2a: Iron Moth|Quark Drive|[silent]
|
|-heal|p1a: Goodra|20/100|[from] item: Leftovers
|upkeep
|
|t:|1758231012
|switch|p2a: Garchomp|Garchomp, M|100/100
|turn|15
|
|t:|1758231023
|switch|p1a: Alomomola|Alomomola, M|100/100
|-damage|p1a: Alomomola|76/100|[from] Spikes
|move|p2a: Garchomp|Dragon Claw|p1a: Alomomola
|-damage|p1a: Alomomola|50/100
|
|-heal|p1a: Alomomola|56/100|[from] item: Leftovers
|upkeep
|turn|16
|inactive|OlfelX08 has 120 seconds left.
|
|t:|1758231032
|move|p2a: Garchomp|Earthquake|p1a: Alomomola
|-damage|p1a: Alomomola|26/100
|move|p1a: Alomomola|Wish|p1a: Alomomola
|
|-heal|p1a: Alomomola|32/100|[from] item: Leftovers
|upkeep
|turn|17
|
|t:|1758231039
|move|p1a: Alomomola|Protect|p1a: Alomomola
|-singleturn|p1a: Alomomola|Protect
|move|p2a: Garchomp|Earthquake|p1a: Alomomola
|-activate|p1a: Alomomola|move: Protect
|
|-heal|p1a: Alomomola|82/100|[from] move: Wish|[wisher] Alomomola
|-heal|p1a: Alomomola|88/100|[from] item: Leftovers
|upkeep
|turn|18
|
|t:|1758231046
|move|p2a: Garchomp|Poison Jab|p1a: Alomomola
|-damage|p1a: Alomomola|71/100
|move|p1a: Alomomola|Wish|p1a: Alomomola
|
|-heal|p1a: Alomomola|77/100|[from] item: Leftovers
|upkeep
|turn|19
|
|t:|1758231051
|move|p2a: Garchomp|Poison Jab|p1a: Alomomola
|-damage|p1a: Alomomola|60/100
|move|p1a: Alomomola|Flip Turn|p2a: Garchomp
|-damage|p2a: Garchomp|87/100
|-damage|p1a: Alomomola|48/100|[from] ability: Rough Skin|[of] p2a: Garchomp
|
|t:|1758231053
|switch|p1a: Altaria|Altaria, F|37/100|[from] Flip Turn
|
|-heal|p1a: Altaria|100/100|[from] move: Wish|[wisher] Alomomola
|upkeep
|turn|20
|
|t:|1758231057
|move|p2a: Garchomp|Dragon Claw|p1a: Altaria
|-supereffective|p1a: Altaria
|-damage|p1a: Altaria|36/100
|move|p1a: Altaria|Defog|p2a: Garchomp
|-unboost|p2a: Garchomp|evasion|1
|-sideend|p1: ImNotSureAnymore|Spikes|[from] move: Defog|[of] p1a: Altaria
|
|-heal|p1a: Altaria|42/100|[from] item: Leftovers
|upkeep
|turn|21
|
|t:|1758231064
|switch|p1a: Klefki|Klefki, M|100/100
|move|p2a: Garchomp|Dragon Claw|p1a: Klefki
|-immune|p1a: Klefki
|
|upkeep
|turn|22
|
|t:|1758231068
|move|p1a: Klefki|Magnet Rise|p1a: Klefki
|-start|p1a: Klefki|Magnet Rise
|move|p2a: Garchomp|Earthquake|p1a: Klefki
|-immune|p1a: Klefki
|
|upkeep
|turn|23
|
|t:|1758231077
|switch|p1a: Alomomola|Alomomola, M|81/100
|switch|p2a: Garganacl|Garganacl, M|100/100
|
|-heal|p1a: Alomomola|87/100|[from] item: Leftovers
|upkeep
|turn|24
|
|t:|1758231088
|move|p1a: Alomomola|Flip Turn|p2a: Garganacl
|-supereffective|p2a: Garganacl
|-damage|p2a: Garganacl|86/100
|-damage|p1a: Alomomola|71/100|[from] item: Rocky Helmet|[of] p2a: Garganacl
|
|t:|1758231089
|switch|p1a: Klefki|Klefki, M|100/100|[from] Flip Turn
|move|p2a: Garganacl|Stealth Rock|p1a: Klefki
|-sidestart|p1: ImNotSureAnymore|move: Stealth Rock
|
|upkeep
|turn|25
|
|t:|1758231091
|move|p1a: Klefki|Switcheroo|p2a: Garganacl
|-activate|p1a: Klefki|move: Trick|[of] p2a: Garganacl
|-item|p2a: Garganacl|Choice Scarf|[from] move: Switcheroo
|-item|p1a: Klefki|Rocky Helmet|[from] move: Switcheroo
|move|p2a: Garganacl|Salt Cure|p1a: Klefki
|-resisted|p1a: Klefki
|-damage|p1a: Klefki|93/100
|-start|p1a: Klefki|Salt Cure
|
|-damage|p1a: Klefki|68/100|[from] Salt Cure
|upkeep
|turn|26
|
|t:|1758231105
|move|p1a: Klefki|Draining Kiss|p2a: Garganacl
|-damage|p2a: Garganacl|72/100
|-heal|p1a: Klefki|81/100|[from] drain|[of] p2a: Garganacl
|move|p2a: Garganacl|Salt Cure|p1a: Klefki
|-resisted|p1a: Klefki
|-damage|p1a: Klefki|72/100
|
|-damage|p1a: Klefki|47/100|[from] Salt Cure
|upkeep
|turn|27
|
|t:|1758231115
|move|p1a: Klefki|Draining Kiss|p2a: Garganacl
|-damage|p2a: Garganacl|60/100
|-heal|p1a: Klefki|59/100|[from] drain|[of] p2a: Garganacl
|move|p2a: Garganacl|Salt Cure|p1a: Klefki
|-resisted|p1a: Klefki
|-damage|p1a: Klefki|50/100
|
|-damage|p1a: Klefki|26/100|[from] Salt Cure
|upkeep
|turn|28
|
|t:|1758231126
|move|p1a: Klefki|Draining Kiss|p2a: Garganacl
|-damage|p2a: Garganacl|46/100
|-heal|p1a: Klefki|39/100|[from] drain|[of] p2a: Garganacl
|move|p2a: Garganacl|Salt Cure|p1a: Klefki
|-resisted|p1a: Klefki
|-damage|p1a: Klefki|31/100
|
|-damage|p1a: Klefki|6/100|[from] Salt Cure
|upkeep
|turn|29
|
|t:|1758231153
|switch|p2a: Hatterene|Hatterene, F, shiny|100/100
|move|p1a: Klefki|Draining Kiss|p2a: Hatterene
|-damage|p2a: Hatterene|85/100
|-heal|p1a: Klefki|18/100|[from] drain|[of] p2a: Hatterene
|
|-heal|p2a: Hatterene|91/100|[from] item: Leftovers
|-damage|p1a: Klefki|0 fnt|[from] Salt Cure
|faint|p1a: Klefki
|upkeep
|
|t:|1758231160
|switch|p1a: Alomomola|Alomomola, M|100/100
|-damage|p1a: Alomomola|88/100|[from] Stealth Rock
|turn|30
|
|t:|1758231169
|move|p1a: Alomomola|Wish|p1a: Alomomola
|move|p2a: Hatterene|Reflect|p2a: Hatterene
|-sidestart|p2: OlfelX08|Reflect
|
|-heal|p1a: Alomomola|94/100|[from] item: Leftovers
|-heal|p2a: Hatterene|97/100|[from] item: Leftovers
|upkeep
|turn|31
|
|t:|1758231176
|switch|p2a: Garganacl|Garganacl, M|46/100
|move|p1a: Alomomola|Flip Turn|p2a: Garganacl
|-supereffective|p2a: Garganacl
|-damage|p2a: Garganacl|37/100
|
|t:|1758231182
|switch|p1a: Goodra|Goodra-Hisui, M|20/100|[from] Flip Turn
|-damage|p1a: Goodra|14/100|[from] Stealth Rock
|
|-heal|p1a: Goodra|88/100|[from] move: Wish|[wisher] Alomomola
|-heal|p1a: Goodra|94/100|[from] item: Leftovers
|upkeep
|turn|32
|
|t:|1758231191
|move|p2a: Garganacl|Salt Cure|p1a: Goodra
|-resisted|p1a: Goodra
|-damage|p1a: Goodra|87/100
|-start|p1a: Goodra|Salt Cure
|move|p1a: Goodra|Flash Cannon|p2a: Garganacl
|-supereffective|p2a: Garganacl
|-damage|p2a: Garganacl|0 fnt
|faint|p2a: Garganacl
|
|-heal|p1a: Goodra|93/100|[from] item: Leftovers
|-damage|p1a: Goodra|68/100|[from] Salt Cure
|upkeep
|
|t:|1758231209
|switch|p2a: Hatterene|Hatterene, F, shiny|97/100
|turn|33
|
|t:|1758231212
|move|p1a: Goodra|Flash Cannon|p2a: Hatterene
|-supereffective|p2a: Hatterene
|-damage|p2a: Hatterene|32/100
|move|p2a: Hatterene|Dazzling Gleam|p1a: Goodra
|-damage|p1a: Goodra|43/100
|
|-heal|p1a: Goodra|49/100|[from] item: Leftovers
|-heal|p2a: Hatterene|38/100|[from] item: Leftovers
|-damage|p1a: Goodra|24/100|[from] Salt Cure
|upkeep
|turn|34
|
|t:|1758231223
|move|p1a: Goodra|Flash Cannon|p2a: Hatterene
|-supereffective|p2a: Hatterene
|-damage|p2a: Hatterene|0 fnt
|faint|p2a: Hatterene
|
|-heal|p1a: Goodra|30/100|[from] item: Leftovers
|-damage|p1a: Goodra|5/100|[from] Salt Cure
|-sideend|p2: OlfelX08|Reflect
|upkeep
|
|t:|1758231235
|switch|p2a: Garchomp|Garchomp, M|87/100
|turn|35
|
|t:|1758231248
|-terastallize|p2a: Garchomp|Steel
|move|p2a: Garchomp|Earthquake|p1a: Goodra
|-supereffective|p1a: Goodra
|-damage|p1a: Goodra|0 fnt
|faint|p1a: Goodra
|
|upkeep
|
|t:|1758231258
|switch|p1a: Altaria|Altaria, F|42/100
|-damage|p1a: Altaria|17/100|[from] Stealth Rock
|turn|36
|
|t:|1758231270
|move|p2a: Garchomp|Earthquake|p1a: Altaria
|-immune|p1a: Altaria
|move|p1a: Altaria|Defog|p2a: Garchomp
|-unboost|p2a: Garchomp|evasion|1
|-sideend|p1: ImNotSureAnymore|Stealth Rock|[from] move: Defog|[of] p1a: Altaria
|
|-heal|p1a: Altaria|24/100|[from] item: Leftovers
|upkeep
|turn|37
|
|t:|1758231274
|move|p2a: Garchomp|Dragon Claw|p1a: Altaria
|-supereffective|p1a: Altaria
|-damage|p1a: Altaria|0 fnt
|faint|p1a: Altaria
|
|upkeep
|
|t:|1758231282
|switch|p1a: Crocalor|Crocalor, F|100/100
|turn|38
|
|t:|1758231286
|-terastallize|p1a: Crocalor|Water
|move|p2a: Garchomp|Earthquake|p1a: Crocalor
|-damage|p1a: Crocalor|60/100
|move|p1a: Crocalor|Flamethrower|p2a: Garchomp
|-supereffective|p2a: Garchomp
|-damage|p2a: Garchomp|52/100
|
|upkeep
|turn|39
|
|t:|1758231297
|move|p2a: Garchomp|Earthquake|p1a: Crocalor
|-damage|p1a: Crocalor|15/100
|move|p1a: Crocalor|Slack Off|p1a: Crocalor
|-heal|p1a: Crocalor|65/100
|
|upkeep
|turn|40
|
|t:|1758231308
|switch|p2a: Gholdengo|Gholdengo|100/100
|move|p1a: Crocalor|Slack Off|p1a: Crocalor
|-heal|p1a: Crocalor|100/100
|
|upkeep
|turn|41
|
|t:|1758231314
|move|p2a: Gholdengo|Nasty Plot|p2a: Gholdengo
|-boost|p2a: Gholdengo|spa|2
|move|p1a: Crocalor|Flamethrower|p2a: Gholdengo
|-supereffective|p2a: Gholdengo
|-damage|p2a: Gholdengo|28/100
|
|upkeep
|turn|42
|
|t:|1758231327
|move|p2a: Gholdengo|Shadow Ball|p1a: Crocalor
|-damage|p1a: Crocalor|63/100
|-damage|p2a: Gholdengo|18/100|[from] item: Life Orb
|move|p1a: Crocalor|Flamethrower|p2a: Gholdengo
|-supereffective|p2a: Gholdengo
|-damage|p2a: Gholdengo|0 fnt
|faint|p2a: Gholdengo
|
|upkeep
|-message|OlfelX08 forfeited.
|
|win|ImNotSureAnymore
|raw|ImNotSureAnymore's rating: 1112 &rarr; <strong>1140</strong><br />(+28 for winning)
|raw|OlfelX08's rating: 1150 &rarr; <strong>1122</strong><br />(-28 for losing)
|l|‽OlfelX08
|player|p2|
|l|☆ImNotSureAnymore
|player|p1|
