|j|☆ClairLeChat
|j|‽Sacred Quill
|t:|1758232103
|gametype|singles
|player|p1|ClairLeChat|1|1319
|player|p2|Sacred Quill|clerk|1340
|gen|9
|tier|[Gen 9] OU
|rated|
|rule|HP Percentage Mod: HP is shown in percentages
|rule|Endless Battle Clause: Forcing endless battles is banned
|rule|Species Clause: Limit one of each Pokémon
|rule|OHKO Clause: OHKO moves are banned
|rule|Evasion Items Clause: Evasion items are banned
|rule|Evasion Moves Clause: Evasion moves are banned
|rule|Evasion Abilities Clause: Evasion abilities are banned
|rule|Sleep Moves Clause: Sleep-inducing moves are banned
|clearpoke
|poke|p1|Ogerpon-Wellspring, F|
|poke|p1|Clefable, F|
|poke|p1|Gholdengo|
|poke|p1|Great Tusk|
|poke|p1|Dragonite, F|
|poke|p1|Moltres|
|poke|p2|Araquanid, M|
|poke|p2|Weavile, M|
|poke|p2|Gliscor, F|
|poke|p2|Pecharunt|
|poke|p2|Rotom-Wash|
|poke|p2|Donphan, F|
|teampreview
|inactive|Battle timer is ON: inactive players will automatically lose when time's up. (requested by ClairLeChat)
|
|t:|1758232117
|teamsize|p1|6
|teamsize|p2|6
|start
|switch|p1a: Clefable|Clefable, F|100/100
|switch|p2a: Araquanid|Araquanid, M|100/100
|turn|1
|
|t:|1758232123
|move|p1a: Clefable|Stealth Rock|p2a: Araquanid
|-sidestart|p2: Sacred Quill|move: Stealth Rock
|move|p2a: Araquanid|Sticky Web|p1a: Clefable
|-sidestart|p1: ClairLeChat|move: Sticky Web
|
|upkeep
|turn|2
|
|t:|1758232128
|move|p1a: Clefable|Thunder Wave|p2a: Araquanid
|-status|p2a: Araquanid|par
|move|p2a: Araquanid|Surf|p1a: Clefable
|-damage|p1a: Clefable|52/100
|
|-heal|p1a: Clefable|58/100|[from] item: Leftovers
|upkeep
|turn|3
|
|t:|1758232142
|move|p1a: Clefable|Wish|p1a: Clefable
|move|p2a: Araquanid|Surf|p1a: Clefable
|-damage|p1a: Clefable|9/100
|
|-heal|p1a: Clefable|15/100|[from] item: Leftovers
|upkeep
|turn|4
|
|t:|1758232152
|switch|p1a: Ogerpon|Ogerpon-Wellspring, F|100/100
|-activate|p1a: Ogerpon|move: Sticky Web
|-unboost|p1a: Ogerpon|spe|1
|switch|p2a: Donphan|Donphan, F, shiny|100/100
|-damage|p2a: Donphan|94/100|[from] Stealth Rock
|
|-heal|p2a: Donphan|100/100|[from] item: Leftovers
|upkeep
|turn|5
|
|t:|1758232170
|move|p1a: Ogerpon|Ivy Cudgel|p2a: Donphan|[anim] Ivy Cudgel Water
|-supereffective|p2a: Donphan
|-damage|p2a: Donphan|29/100
|move|p2a: Donphan|Rapid Spin|p1a: Ogerpon
|-damage|p1a: Ogerpon|84/100
|-boost|p2a: Donphan|spe|1
|-sideend|p2: Sacred Quill|Stealth Rock|[from] move: Rapid Spin|[of] p2a: Donphan
|
|-heal|p2a: Donphan|35/100|[from] item: Leftovers
|upkeep
|turn|6
|
|t:|1758232178
|switch|p2a: Araquanid|Araquanid, M|100/100 par
|move|p1a: Ogerpon|Ivy Cudgel|p2a: Araquanid|[anim] Ivy Cudgel Water
|-resisted|p2a: Araquanid
|-damage|p2a: Araquanid|72/100 par
|
|upkeep
|turn|7
|
|t:|1758232200
|switch|p1a: Clefable|Clefable, F|15/100
|-activate|p1a: Clefable|move: Sticky Web
|-unboost|p1a: Clefable|spe|1
|move|p2a: Araquanid|Leech Life|p1a: Clefable
|-resisted|p1a: Clefable
|-damage|p1a: Clefable|8/100
|-heal|p2a: Araquanid|77/100 par|[from] drain|[of] p1a: Clefable
|
|-heal|p1a: Clefable|14/100|[from] item: Leftovers
|upkeep
|turn|8
|
|t:|1758232207
|move|p1a: Clefable|Stealth Rock|p2a: Araquanid
|-sidestart|p2: Sacred Quill|move: Stealth Rock
|cant|p2a: Araquanid|par
|
|-heal|p1a: Clefable|20/100|[from] item: Leftovers
|upkeep
|turn|9
|
|t:|1758232217
|switch|p1a: Dragonite|Dragonite, F|100/100
|move|p2a: Araquanid|Surf|p1a: Dragonite
|-resisted|p1a: Dragonite
|-damage|p1a: Dragonite|88/100
|
|upkeep
|turn|10
|
|t:|1758232228
|switch|p2a: Gliscor|Gliscor, F|100/100
|-damage|p2a: Gliscor|88/100|[from] Stealth Rock
|move|p1a: Dragonite|Dragon Tail|p2a: Gliscor
|-crit|p2a: Gliscor
|-damage|p2a: Gliscor|45/100
|drag|p2a: Donphan|Donphan, F, shiny|35/100
|-damage|p2a: Donphan|29/100|[from] Stealth Rock
|
|-heal|p2a: Donphan|35/100|[from] item: Leftovers
|upkeep
|turn|11
|
|t:|1758232246
|switch|p1a: Moltres|Moltres|100/100
|move|p2a: Donphan|Rapid Spin|p1a: Moltres
|-damage|p1a: Moltres|90/100
|-boost|p2a: Donphan|spe|1
|-sideend|p2: Sacred Quill|Stealth Rock|[from] move: Rapid Spin|[of] p2a: Donphan
|
|-heal|p2a: Donphan|41/100|[from] item: Leftovers
|upkeep
|turn|12
|
|t:|1758232265
|switch|p2a: Rotom|Rotom-Wash, shiny|100/100
|move|p1a: Moltres|Flamethrower|p2a: Rotom
|-resisted|p2a: Rotom
|-damage|p2a: Rotom|82/100
|
|-heal|p2a: Rotom|88/100|[from] item: Leftovers
|upkeep
|turn|13
|
|t:|1758232284
|switch|p1a: Clefable|Clefable, F|20/100
|-activate|p1a: Clefable|move: Sticky Web
|-unboost|p1a: Clefable|spe|1
|move|p2a: Rotom|Will-O-Wisp|p1a: Clefable
|-status|p1a: Clefable|brn
|
|-heal|p2a: Rotom|95/100|[from] item: Leftovers
|-heal|p1a: Clefable|26/100 brn|[from] item: Leftovers
|upkeep
|turn|14
|
|t:|1758232293
|move|p2a: Rotom|Hydro Pump|p1a: Clefable
|-damage|p1a: Clefable|0 fnt
|faint|p1a: Clefable
|
|-heal|p2a: Rotom|100/100|[from] item: Leftovers
|upkeep
|
|t:|1758232298
|switch|p1a: Great Tusk|Great Tusk|100/100
|-activate|p1a: Great Tusk|move: Sticky Web
|-unboost|p1a: Great Tusk|spe|1
|turn|15
|
|t:|1758232303
|-terastallize|p1a: Great Tusk|Water
|move|p2a: Rotom|Hydro Pump|p1a: Great Tusk
|-resisted|p1a: Great Tusk
|-damage|p1a: Great Tusk|77/100
|move|p1a: Great Tusk|Rapid Spin|p2a: Rotom
|-damage|p2a: Rotom|88/100
|-boost|p1a: Great Tusk|spe|1
|-sideend|p1: ClairLeChat|Sticky Web|[from] move: Rapid Spin|[of] p1a: Great Tusk
|
|-heal|p2a: Rotom|95/100|[from] item: Leftovers
|upkeep
|turn|16
|
|t:|1758232309
|move|p1a: Great Tusk|Knock Off|p2a: Rotom
|-damage|p2a: Rotom|72/100
|-enditem|p2a: Rotom|Leftovers|[from] move: Knock Off|[of] p1a: Great Tusk
|move|p2a: Rotom|Will-O-Wisp|p1a: Great Tusk
|-status|p1a: Great Tusk|brn
|
|-damage|p1a: Great Tusk|71/100 brn|[from] brn
|upkeep
|turn|17
|
|t:|1758232316
|-end|p1a: Great Tusk|Protosynthesis|[silent]
|switch|p1a: Dragonite|Dragonite, F|88/100
|move|p2a: Rotom|Volt Switch|p1a: Dragonite
|-damage|p1a: Dragonite|67/100
|
|t:|1758232320
|switch|p2a: Weavile|Weavile, M|100/100|[from] Volt Switch
|-ability|p2a: Weavile|Pressure
|
|upkeep
|turn|18
|
|t:|1758232350
|switch|p1a: Great Tusk|Great Tusk, tera:Water|71/100 brn
|move|p2a: Weavile|Swords Dance|p2a: Weavile
|-boost|p2a: Weavile|atk|2
|
|-damage|p1a: Great Tusk|65/100 brn|[from] brn
|upkeep
|turn|19
|-message|ClairLeChat forfeited.
|
|win|Sacred Quill
|raw|ClairLeChat's rating: 1319 &rarr; <strong>1300</strong><br />(-19 for losing)
|raw|Sacred Quill's rating: 1340 &rarr; <strong>1359</strong><br />(+19 for winning)
|l|☆ClairLeChat
|player|p1|
