|j|☆c.empty
|j|☆Iangayboy
|t:|1758361146
|gametype|singles
|player|p1|c.empty|2|1320
|player|p2|Iangayboy|101|1336
|gen|9
|tier|[Gen 9] OU
|rated|
|rule|HP Percentage Mod: HP is shown in percentages
|rule|Endless Battle Clause: Forcing endless battles is banned
|rule|Species Clause: Limit one of each Pokémon
|rule|OHKO Clause: OHKO moves are banned
|rule|Evasion Items Clause: Evasion items are banned
|rule|Evasion Moves Clause: Evasion moves are banned
|rule|Evasion Abilities Clause: Evasion abilities are banned
|rule|Sleep Moves Clause: Sleep-inducing moves are banned
|clearpoke
|poke|p1|Ninetales, F|
|poke|p1|Great Tusk|
|poke|p1|Walking Wake|
|poke|p1|Raging Bolt|
|poke|p1|Ting-Lu|
|poke|p1|Venusaur, F|
|poke|p2|Charizard, F|
|poke|p2|Kingambit, F|
|poke|p2|Great Tusk|
|poke|p2|Walking Wake|
|poke|p2|Pawmot, M|
|poke|p2|Weezing-Galar, M|
|teampreview
|inactive|Battle timer is ON: inactive players will automatically lose when time's up. (requested by Iangayboy)
|
|t:|1758361162
|teamsize|p1|6
|teamsize|p2|6
|start
|switch|p1a: Venusaur|Venusaur, F|100/100
|switch|p2a: Walking Wake|Walking Wake|100/100
|turn|1
|
|t:|1758361178
|move|p2a: Walking Wake|Flamethrower|p1a: Venusaur
|-supereffective|p1a: Venusaur
|-damage|p1a: Venusaur|13/100
|move|p1a: Venusaur|Giga Drain|p2a: Walking Wake
|-damage|p2a: Walking Wake|54/100
|-heal|p1a: Venusaur|39/100|[from] drain|[of] p2a: Walking Wake
|-damage|p1a: Venusaur|29/100|[from] item: Life Orb
|
|upkeep
|turn|2
|
|t:|1758361191
|switch|p1a: Ting-Lu|Ting-Lu|100/100
|-ability|p1a: Ting-Lu|Vessel of Ruin
|move|p2a: Walking Wake|Hydro Steam|p1a: Ting-Lu
|-supereffective|p1a: Ting-Lu
|-damage|p1a: Ting-Lu|57/100
|
|-heal|p1a: Ting-Lu|63/100|[from] item: Leftovers
|upkeep
|turn|3
|
|t:|1758361205
|-terastallize|p1a: Ting-Lu|Water
|move|p2a: Walking Wake|Hydro Steam|p1a: Ting-Lu
|-resisted|p1a: Ting-Lu
|-damage|p1a: Ting-Lu|56/100
|move|p1a: Ting-Lu|Earthquake|p2a: Walking Wake
|-damage|p2a: Walking Wake|14/100
|
|-heal|p1a: Ting-Lu|62/100|[from] item: Leftovers
|upkeep
|turn|4
|inactive|Iangayboy has 120 seconds left.
|
|t:|1758361235
|-end|p2a: Walking Wake|Protosynthesis|[silent]
|switch|p2a: Pawmot|Pawmot, M|100/100
|-item|p2a: Pawmot|Air Balloon
|move|p1a: Ting-Lu|Stealth Rock|p2a: Pawmot
|-sidestart|p2: Iangayboy|move: Stealth Rock
|
|-heal|p1a: Ting-Lu|68/100|[from] item: Leftovers
|upkeep
|turn|5
|inactive|Iangayboy has 120 seconds left.
|
|t:|1758361257
|switch|p1a: Great Tusk|Great Tusk, shiny|100/100
|move|p2a: Pawmot|Nuzzle|p1a: Great Tusk
|-immune|p1a: Great Tusk
|
|upkeep
|turn|6
|
|t:|1758361266
|move|p2a: Pawmot|Ice Punch|p1a: Great Tusk
|-supereffective|p1a: Great Tusk
|-crit|p1a: Great Tusk
|-damage|p1a: Great Tusk|37/100
|move|p1a: Great Tusk|Rapid Spin|p2a: Pawmot
|-damage|p2a: Pawmot|70/100
|-boost|p1a: Great Tusk|spe|1
|-enditem|p2a: Pawmot|Air Balloon
|
|upkeep
|turn|7
|
|t:|1758361278
|move|p1a: Great Tusk|Headlong Rush|p2a: Pawmot
|-supereffective|p2a: Pawmot
|-damage|p2a: Pawmot|0 fnt
|-unboost|p1a: Great Tusk|def|1
|-unboost|p1a: Great Tusk|spd|1
|faint|p2a: Pawmot
|
|upkeep
|inactive|Iangayboy has 120 seconds left.
|
|t:|1758361303
|switch|p2a: Great Tusk|Great Tusk|100/100
|-damage|p2a: Great Tusk|98/100|[from] Stealth Rock
|-enditem|p2a: Great Tusk|Booster Energy
|-activate|p2a: Great Tusk|ability: Protosynthesis|[fromitem]
|-start|p2a: Great Tusk|protosynthesisdef
|turn|8
|
|t:|1758361325
|-end|p1a: Great Tusk|Protosynthesis|[silent]
|switch|p1a: Ting-Lu|Ting-Lu, tera:Water|68/100
|-ability|p1a: Ting-Lu|Vessel of Ruin
|move|p2a: Great Tusk|Rapid Spin|p1a: Ting-Lu
|-damage|p1a: Ting-Lu|59/100
|-boost|p2a: Great Tusk|spe|1
|-sideend|p2: Iangayboy|Stealth Rock|[from] move: Rapid Spin|[of] p2a: Great Tusk
|
|-heal|p1a: Ting-Lu|66/100|[from] item: Leftovers
|upkeep
|turn|9
|inactive|Iangayboy has 120 seconds left.
|
|t:|1758361338
|move|p2a: Great Tusk|Body Press|p1a: Ting-Lu
|-damage|p1a: Ting-Lu|43/100
|move|p1a: Ting-Lu|Ruination|p2a: Great Tusk|[miss]
|-miss|p1a: Ting-Lu|p2a: Great Tusk
|
|-heal|p1a: Ting-Lu|49/100|[from] item: Leftovers
|upkeep
|turn|10
|inactive|Iangayboy has 120 seconds left.
|
|t:|1758361354
|switch|p1a: Raging Bolt|Raging Bolt|100/100
|move|p2a: Great Tusk|Earthquake|p1a: Raging Bolt
|-supereffective|p1a: Raging Bolt
|-damage|p1a: Raging Bolt|30/100
|
|upkeep
|turn|11
|inactive|Iangayboy has 120 seconds left.
|
|t:|1758361367
|move|p2a: Great Tusk|Earthquake|p1a: Raging Bolt
|-supereffective|p1a: Raging Bolt
|-damage|p1a: Raging Bolt|0 fnt
|faint|p1a: Raging Bolt
|-end|p1a: Raging Bolt|Protosynthesis|[silent]
|
|upkeep
|
|t:|1758361375
|switch|p1a: Ninetales|Ninetales, F|100/100
|-weather|SunnyDay|[from] ability: Drought|[of] p1a: Ninetales
|turn|12
|
|t:|1758361387
|switch|p1a: Walking Wake|Walking Wake|100/100
|-activate|p1a: Walking Wake|ability: Protosynthesis
|-start|p1a: Walking Wake|protosynthesisspe
|-terastallize|p2a: Great Tusk|Ghost
|move|p2a: Great Tusk|Earthquake|p1a: Walking Wake
|-damage|p1a: Walking Wake|54/100
|
|-weather|SunnyDay|[upkeep]
|upkeep
|turn|13
|
|t:|1758361401
|move|p1a: Walking Wake|Hydro Steam|p2a: Great Tusk
|-crit|p2a: Great Tusk
|-damage|p2a: Great Tusk|8/100
|move|p2a: Great Tusk|Rapid Spin|p1a: Walking Wake
|-damage|p1a: Walking Wake|37/100
|-boost|p2a: Great Tusk|spe|1
|
|-weather|SunnyDay|[upkeep]
|upkeep
|turn|14
|
|t:|1758361411
|move|p2a: Great Tusk|Earthquake|p1a: Walking Wake
|-damage|p1a: Walking Wake|0 fnt
|faint|p1a: Walking Wake
|-end|p1a: Walking Wake|Protosynthesis|[silent]
|
|-weather|SunnyDay|[upkeep]
|upkeep
|
|t:|1758361416
|switch|p1a: Venusaur|Venusaur, F|29/100
|turn|15
|
|t:|1758361422
|move|p1a: Venusaur|Giga Drain|p2a: Great Tusk
|-damage|p2a: Great Tusk|0 fnt
|-heal|p1a: Venusaur|34/100|[from] drain|[of] p2a: Great Tusk
|faint|p2a: Great Tusk
|-end|p2a: Great Tusk|Protosynthesis|[silent]
|-damage|p1a: Venusaur|24/100|[from] item: Life Orb
|
|-weather|SunnyDay|[upkeep]
|upkeep
|inactive|Iangayboy has 120 seconds left.
|
|t:|1758361452
|switch|p2a: Kingambit|Kingambit, F|100/100
|-activate|p2a: Kingambit|ability: Supreme Overlord
|-start|p2a: Kingambit|fallen2|[silent]
|turn|16
|
|t:|1758361460
|switch|p1a: Ting-Lu|Ting-Lu, tera:Water|49/100
|-ability|p1a: Ting-Lu|Vessel of Ruin
|move|p2a: Kingambit|Iron Head|p1a: Ting-Lu
|-resisted|p1a: Ting-Lu
|-damage|p1a: Ting-Lu|34/100
|
|-weather|SunnyDay|[upkeep]
|-heal|p1a: Ting-Lu|40/100|[from] item: Leftovers
|upkeep
|turn|17
|
|t:|1758361470
|move|p2a: Kingambit|Kowtow Cleave|p1a: Ting-Lu
|-damage|p1a: Ting-Lu|7/100
|move|p1a: Ting-Lu|Stealth Rock|p2a: Kingambit
|-sidestart|p2: Iangayboy|move: Stealth Rock
|
|-weather|SunnyDay|[upkeep]
|-heal|p1a: Ting-Lu|13/100|[from] item: Leftovers
|upkeep
|turn|18
|
|t:|1758361480
|move|p2a: Kingambit|Kowtow Cleave|p1a: Ting-Lu
|-damage|p1a: Ting-Lu|0 fnt
|faint|p1a: Ting-Lu
|
|-weather|SunnyDay|[upkeep]
|upkeep
|
|t:|1758361484
|switch|p1a: Great Tusk|Great Tusk, shiny|37/100
|-activate|p1a: Great Tusk|ability: Protosynthesis
|-start|p1a: Great Tusk|protosynthesisatk
|turn|19
|inactive|Iangayboy has 120 seconds left.
|
|t:|1758361513
|-end|p2a: Kingambit|fallen2|[silent]
|switch|p2a: Charizard|Charizard, F|100/100
|move|p1a: Great Tusk|Close Combat|p2a: Charizard
|-resisted|p2a: Charizard
|-damage|p2a: Charizard|42/100
|-unboost|p1a: Great Tusk|def|1
|-unboost|p1a: Great Tusk|spd|1
|
|-weather|none
|-end|p1a: Great Tusk|Protosynthesis
|upkeep
|turn|20
|inactive|Iangayboy has 120 seconds left.
|
|t:|1758361533
|-end|p1a: Great Tusk|Protosynthesis|[silent]
|switch|p1a: Ninetales|Ninetales, F|100/100
|-weather|SunnyDay|[from] ability: Drought|[of] p1a: Ninetales
|move|p2a: Charizard|Air Slash|p1a: Ninetales
|-damage|p1a: Ninetales|66/100
|
|-weather|SunnyDay|[upkeep]
|upkeep
|turn|21
|
|t:|1758361548
|move|p1a: Ninetales|Healing Wish|p1a: Ninetales
|faint|p1a: Ninetales
|move|p2a: Charizard|Scorching Sands|p1: Ninetales|[notarget]
|-fail|p2a: Charizard
|
|-weather|SunnyDay|[upkeep]
|upkeep
|
|t:|1758361561
|switch|p1a: Venusaur|Venusaur, F|24/100
|-heal|p1a: Venusaur|100/100|[from] move: Healing Wish
|turn|22
|
|t:|1758361567
|move|p1a: Venusaur|Sludge Bomb|p2a: Charizard
|-damage|p2a: Charizard|0 fnt
|faint|p2a: Charizard
|-damage|p1a: Venusaur|91/100|[from] item: Life Orb
|
|-weather|SunnyDay|[upkeep]
|upkeep
|
|t:|1758361580
|switch|p2a: Weezing|Weezing-Galar, M|100/100
|-damage|p2a: Weezing|88/100|[from] Stealth Rock
|turn|23
|
|t:|1758361590
|move|p1a: Venusaur|Sludge Bomb|p2a: Weezing
|-damage|p2a: Weezing|46/100
|-damage|p1a: Venusaur|81/100|[from] item: Life Orb
|move|p2a: Weezing|Fire Blast|p1a: Venusaur
|-supereffective|p1a: Venusaur
|-damage|p1a: Venusaur|0 fnt
|faint|p1a: Venusaur
|
|-weather|SunnyDay|[upkeep]
|upkeep
|
|t:|1758361597
|switch|p1a: Great Tusk|Great Tusk, shiny|37/100
|-activate|p1a: Great Tusk|ability: Protosynthesis
|-start|p1a: Great Tusk|protosynthesisatk
|turn|24
|
|t:|1758361605
|move|p1a: Great Tusk|Headlong Rush|p2a: Weezing
|-immune|p2a: Weezing|[from] ability: Levitate
|move|p2a: Weezing|Strange Steam|p1a: Great Tusk
|-supereffective|p1a: Great Tusk
|-damage|p1a: Great Tusk|0 fnt
|faint|p1a: Great Tusk
|-end|p1a: Great Tusk|Protosynthesis|[silent]
|
|win|Iangayboy
|raw|c.empty's rating: 1320 &rarr; <strong>1301</strong><br />(-19 for losing)
|raw|Iangayboy's rating: 1336 &rarr; <strong>1355</strong><br />(+19 for winning)
|l|☆c.empty
|player|p1|
|l|☆Iangayboy
|player|p2|
