|j|☆DDDWCNM
|j|☆Brock2424
|t:|1758349736
|gametype|singles
|player|p1|DDDWCNM|fisherman-gen4|1063
|player|p2|Brock2424|102|1069
|gen|9
|tier|[Gen 9] OU
|rated|
|rule|HP Percentage Mod: HP is shown in percentages
|rule|Endless Battle Clause: Forcing endless battles is banned
|rule|Species Clause: Limit one of each Pokémon
|rule|OHKO Clause: OHKO moves are banned
|rule|Evasion Items Clause: Evasion items are banned
|rule|Evasion Moves Clause: Evasion moves are banned
|rule|Evasion Abilities Clause: Evasion abilities are banned
|rule|Sleep Moves Clause: Sleep-inducing moves are banned
|clearpoke
|poke|p1|Iron Valiant|
|poke|p1|Garchomp, F|
|poke|p1|Gholdengo|
|poke|p1|Conkeldurr, M|
|poke|p1|Kingambit, M|
|poke|p1|Chansey, F|
|poke|p2|Hariyama, M|
|poke|p2|Kleavor, F|
|poke|p2|Lokix, M|
|poke|p2|Azumarill, M|
|poke|p2|Porygon2|
|poke|p2|Heatran, M|
|teampreview
|inactive|Battle timer is ON: inactive players will automatically lose when time's up. (requested by Brock2424)
|inactive|DDDWCNM also wants the timer to be on.
|
|t:|1758349751
|teamsize|p1|6
|teamsize|p2|6
|start
|switch|p1a: Garchomp|Garchomp, F|100/100
|switch|p2a: Kleavor|Kleavor, F|100/100
|turn|1
|inactive|Brock2424 has 120 seconds left.
|
|t:|1758349784
|move|p1a: Garchomp|Iron Head|p2a: Kleavor
|-supereffective|p2a: Kleavor
|-crit|p2a: Kleavor
|-damage|p2a: Kleavor|0 fnt
|faint|p2a: Kleavor
|
|upkeep
|inactive|Brock2424 has 120 seconds left.
|
|t:|1758349795
|switch|p2a: Azumarill|Azumarill, M|100/100
|turn|2
|
|t:|1758349804
|move|p1a: Garchomp|Iron Head|p2a: Azumarill
|-crit|p2a: Azumarill
|-damage|p2a: Azumarill|41/100
|cant|p2a: Azumarill|flinch
|
|upkeep
|turn|3
|
|t:|1758349823
|switch|p1a: Iron Valiant|Iron Valiant|100/100
|-enditem|p1a: Iron Valiant|Booster Energy
|-activate|p1a: Iron Valiant|ability: Quark Drive|[fromitem]
|-start|p1a: Iron Valiant|quarkdrivespe
|move|p2a: Azumarill|Play Rough|p1a: Iron Valiant|[miss]
|-miss|p2a: Azumarill|p1a: Iron Valiant
|
|upkeep
|turn|4
|
|t:|1758349837
|move|p1a: Iron Valiant|Spirit Break|p2a: Azumarill
|-damage|p2a: Azumarill|1/100
|-unboost|p2a: Azumarill|spa|1
|move|p2a: Azumarill|Liquidation|p1a: Iron Valiant
|-damage|p1a: Iron Valiant|15/100
|
|upkeep
|turn|5
|
|t:|1758349845
|move|p2a: Azumarill|Aqua Jet|p1a: Iron Valiant
|-damage|p1a: Iron Valiant|0 fnt
|faint|p1a: Iron Valiant
|-end|p1a: Iron Valiant|Quark Drive|[silent]
|
|upkeep
|
|t:|1758349854
|switch|p1a: Conkeldurr|Conkeldurr, M|100/100
|turn|6
|
|t:|1758349859
|move|p2a: Azumarill|Aqua Jet|p1a: Conkeldurr
|-damage|p1a: Conkeldurr|72/100
|move|p1a: Conkeldurr|Mach Punch|p2a: Azumarill
|-resisted|p2a: Azumarill
|-damage|p2a: Azumarill|0 fnt
|faint|p2a: Azumarill
|
|-status|p1a: Conkeldurr|brn|[from] item: Flame Orb
|upkeep
|
|t:|1758349873
|switch|p2a: Hariyama|Hariyama, M|100/100
|turn|7
|
|t:|1758349880
|move|p2a: Hariyama|Fake Out|p1a: Conkeldurr
|-damage|p1a: Conkeldurr|60/100 brn
|cant|p1a: Conkeldurr|flinch
|
|-damage|p1a: Conkeldurr|54/100 brn|[from] brn
|-status|p2a: Hariyama|brn|[from] item: Flame Orb
|upkeep
|turn|8
|
|t:|1758349888
|move|p2a: Hariyama|Drain Punch|p1a: Conkeldurr
|-damage|p1a: Conkeldurr|0 fnt
|faint|p1a: Conkeldurr
|
|-damage|p2a: Hariyama|94/100 brn|[from] brn
|upkeep
|
|t:|1758349896
|switch|p1a: Gholdengo|Gholdengo|100/100
|turn|9
|
|t:|1758349901
|move|p1a: Gholdengo|Dazzling Gleam|p2a: Hariyama
|-supereffective|p2a: Hariyama
|-damage|p2a: Hariyama|29/100 brn
|move|p2a: Hariyama|Earthquake|p1a: Gholdengo
|-supereffective|p1a: Gholdengo
|-damage|p1a: Gholdengo|0 fnt
|faint|p1a: Gholdengo
|
|-damage|p2a: Hariyama|23/100 brn|[from] brn
|upkeep
|
|t:|1758349913
|switch|p1a: Garchomp|Garchomp, F|100/100
|turn|10
|
|t:|1758349917
|move|p1a: Garchomp|Earthquake|p2a: Hariyama
|-damage|p2a: Hariyama|0 fnt
|faint|p2a: Hariyama
|
|upkeep
|
|t:|1758349922
|switch|p2a: Porygon2|Porygon2|100/100
|-ability|p2a: Porygon2|Download|boost
|-boost|p2a: Porygon2|spa|1
|turn|11
|
|t:|1758349929
|move|p1a: Garchomp|Earthquake|p2a: Porygon2
|-damage|p2a: Porygon2|46/100
|move|p2a: Porygon2|Ice Beam|p1a: Garchomp
|-supereffective|p1a: Garchomp
|-damage|p1a: Garchomp|0 fnt
|faint|p1a: Garchomp
|
|upkeep
|-message|DDDWCNM forfeited.
|
|win|Brock2424
|raw|DDDWCNM's rating: 1063 &rarr; <strong>1044</strong><br />(-19 for losing)
|raw|Brock2424's rating: 1069 &rarr; <strong>1098</strong><br />(+29 for winning)
|l|☆DDDWCNM
|player|p1|
|l|☆Brock2424
|player|p2|
