|j|☆grbvrber
|j|‽squigglybuff
|t:|1758300223
|gametype|singles
|player|p1|grbvrber|169|1294
|player|p2|squigglybuff|101|1341
|gen|9
|tier|[Gen 9] OU
|rated|
|rule|HP Percentage Mod: HP is shown in percentages
|rule|Endless Battle Clause: Forcing endless battles is banned
|rule|Species Clause: Limit one of each Pokémon
|rule|OHKO Clause: OHKO moves are banned
|rule|Evasion Items Clause: Evasion items are banned
|rule|Evasion Moves Clause: Evasion moves are banned
|rule|Evasion Abilities Clause: Evasion abilities are banned
|rule|Sleep Moves Clause: Sleep-inducing moves are banned
|clearpoke
|poke|p1|Metagross|
|poke|p1|Hatterene, F|
|poke|p1|Iron Hands|
|poke|p1|Toedscruel, F|
|poke|p1|Pelipper, M|
|poke|p1|Ursaluna, M|
|poke|p2|Araquanid, M|
|poke|p2|Hoopa-Unbound|
|poke|p2|Enamorus, F|
|poke|p2|Gholdengo|
|poke|p2|Tornadus-Therian, M|
|poke|p2|Raging Bolt|
|teampreview
|inactive|Battle timer is ON: inactive players will automatically lose when time's up. (requested by grbvrber)
|
|t:|1758300236
|teamsize|p1|6
|teamsize|p2|6
|start
|switch|p1a: Iron Hands|Iron Hands|100/100
|switch|p2a: Araquanid|Araquanid, M|100/100
|turn|1
|
|t:|1758300241
|move|p2a: Araquanid|Sticky Web|p1a: Iron Hands
|-sidestart|p1: grbvrber|move: Sticky Web
|move|p1a: Iron Hands|Swords Dance|p1a: Iron Hands
|-boost|p1a: Iron Hands|atk|2
|
|upkeep
|turn|2
|
|t:|1758300247
|move|p2a: Araquanid|Endure|p2a: Araquanid
|-singleturn|p2a: Araquanid|move: Endure
|move|p1a: Iron Hands|Ice Punch|p2a: Araquanid
|-resisted|p2a: Araquanid
|-damage|p2a: Araquanid|69/100
|
|upkeep
|turn|3
|
|t:|1758300252
|move|p2a: Araquanid|Surf|p1a: Iron Hands
|-damage|p1a: Iron Hands|49/100
|move|p1a: Iron Hands|Supercell Slam|p2a: Araquanid
|-supereffective|p2a: Araquanid
|-damage|p2a: Araquanid|0 fnt
|faint|p2a: Araquanid
|
|-heal|p1a: Iron Hands|55/100|[from] item: Leftovers
|upkeep
|
|t:|1758300263
|switch|p2a: Enamorus|Enamorus, F|100/100
|turn|4
|
|t:|1758300265
|-end|p1a: Iron Hands|Quark Drive|[silent]
|switch|p1a: Metagross|Metagross|100/100
|-activate|p1a: Metagross|move: Sticky Web
|-fail|p1a: Metagross|unboost|[from] ability: Clear Body|[of] p1a: Metagross
|-terastallize|p2a: Enamorus|Fairy
|move|p2a: Enamorus|Moonblast|p1a: Metagross
|-resisted|p1a: Metagross
|-damage|p1a: Metagross|65/100
|
|upkeep
|turn|5
|
|t:|1758300273
|switch|p2a: Raging Bolt|Raging Bolt|100/100
|-enditem|p2a: Raging Bolt|Booster Energy
|-activate|p2a: Raging Bolt|ability: Protosynthesis|[fromitem]
|-start|p2a: Raging Bolt|protosynthesisspa
|move|p1a: Metagross|Knock Off|p2a: Raging Bolt
|-damage|p2a: Raging Bolt|78/100
|
|upkeep
|turn|6
|
|t:|1758300282
|switch|p1a: Toedscruel|Toedscruel, F|100/100
|-activate|p1a: Toedscruel|move: Sticky Web
|-unboost|p1a: Toedscruel|spe|1
|move|p2a: Raging Bolt|Calm Mind|p2a: Raging Bolt
|-boost|p2a: Raging Bolt|spa|1
|-boost|p2a: Raging Bolt|spd|1
|
|upkeep
|turn|7
|
|t:|1758300285
|move|p2a: Raging Bolt|Dragon Pulse|p1a: Toedscruel
|-damage|p1a: Toedscruel|43/100
|move|p1a: Toedscruel|Trick Room|p1a: Toedscruel
|-fieldstart|move: Trick Room|[of] p1a: Toedscruel
|
|-heal|p1a: Toedscruel|49/100|[from] item: Leftovers
|upkeep
|turn|8
|
|t:|1758300289
|move|p1a: Toedscruel|Earth Power|p2a: Raging Bolt
|-supereffective|p2a: Raging Bolt
|-damage|p2a: Raging Bolt|44/100
|move|p2a: Raging Bolt|Dragon Pulse|p1a: Toedscruel
|-damage|p1a: Toedscruel|0 fnt
|faint|p1a: Toedscruel
|
|upkeep
|
|t:|1758300292
|switch|p1a: Ursaluna|Ursaluna, M|100/100
|-activate|p1a: Ursaluna|move: Sticky Web
|-unboost|p1a: Ursaluna|spe|1
|turn|9
|
|t:|1758300298
|move|p1a: Ursaluna|Headlong Rush|p2a: Raging Bolt
|-supereffective|p2a: Raging Bolt
|-damage|p2a: Raging Bolt|0 fnt
|-unboost|p1a: Ursaluna|def|1
|-unboost|p1a: Ursaluna|spd|1
|faint|p2a: Raging Bolt
|-end|p2a: Raging Bolt|Protosynthesis|[silent]
|
|-status|p1a: Ursaluna|brn|[from] item: Flame Orb
|upkeep
|
|t:|1758300300
|switch|p2a: Gholdengo|Gholdengo|100/100
|-item|p2a: Gholdengo|Air Balloon
|turn|10
|
|t:|1758300303
|move|p1a: Ursaluna|Fire Punch|p2a: Gholdengo
|-supereffective|p2a: Gholdengo
|-damage|p2a: Gholdengo|0 fnt
|-enditem|p2a: Gholdengo|Air Balloon
|faint|p2a: Gholdengo
|
|-damage|p1a: Ursaluna|94/100 brn|[from] brn
|upkeep
|
|t:|1758300310
|switch|p2a: Tornadus|Tornadus-Therian, M|100/100
|turn|11
|
|t:|1758300314
|move|p1a: Ursaluna|Facade|p2a: Tornadus
|-damage|p2a: Tornadus|0 fnt
|faint|p2a: Tornadus
|
|-damage|p1a: Ursaluna|88/100 brn|[from] brn
|-fieldend|move: Trick Room
|upkeep
|
|t:|1758300317
|switch|p2a: Hoopa|Hoopa-Unbound|100/100
|turn|12
|inactive|grbvrber has 120 seconds left.
|
|t:|1758300348
|move|p2a: Hoopa|Psychic|p1a: Ursaluna
|-damage|p1a: Ursaluna|0 fnt
|faint|p1a: Ursaluna
|-damage|p2a: Hoopa|91/100|[from] item: Life Orb
|
|upkeep
|inactive|grbvrber has 120 seconds left.
|
|t:|1758300368
|switch|p1a: Pelipper|Pelipper, M|100/100
|-weather|RainDance|[from] ability: Drizzle|[of] p1a: Pelipper
|turn|13
|inactive|squigglybuff has 120 seconds left.
|inactive|squigglybuff has 90 seconds left.
|inactive|squigglybuff has 60 seconds left.
|inactive|squigglybuff has 30 seconds left.
|inactive|squigglybuff has 20 seconds left.
|inactive|squigglybuff has 15 seconds left.
|inactive|squigglybuff has 10 seconds left.
|inactive|squigglybuff has 5 seconds left.
|-message|squigglybuff lost due to inactivity.
|
|win|grbvrber
|raw|grbvrber's rating: 1294 &rarr; <strong>1322</strong><br />(+28 for winning)
|raw|squigglybuff's rating: 1341 &rarr; <strong>1318</strong><br />(-23 for losing)
|l|‽squigglybuff
|player|p2|
|l|☆grbvrber
|player|p1|
