|j|☆Beauty Nova
|j|☆Dolost
|t:|1758298119
|gametype|singles
|player|p1|Beauty Nova|beauty-gen6xy|1143
|player|p2|Dolost|gentleman-gen4dp|1103
|gen|9
|tier|[Gen 9] OU
|rated|
|rule|HP Percentage Mod: HP is shown in percentages
|rule|Endless Battle Clause: Forcing endless battles is banned
|rule|Species Clause: Limit one of each Pokémon
|rule|OHKO Clause: OHKO moves are banned
|rule|Evasion Items Clause: Evasion items are banned
|rule|Evasion Moves Clause: Evasion moves are banned
|rule|Evasion Abilities Clause: Evasion abilities are banned
|rule|Sleep Moves Clause: Sleep-inducing moves are banned
|clearpoke
|poke|p1|Indeedee, M|
|poke|p1|Hatterene, F|
|poke|p1|Ursaluna, F|
|poke|p1|Mimikyu, F|
|poke|p1|Hoopa-Unbound|
|poke|p1|Iron Hands|
|poke|p2|Weezing, F|
|poke|p2|Porygon-Z|
|poke|p2|Wo-Chien|
|poke|p2|Gengar, M|
|poke|p2|Sylveon, M|
|poke|p2|Dragapult, F|
|teampreview
|
|t:|1758298130
|teamsize|p1|6
|teamsize|p2|6
|start
|switch|p1a: Iron Hands|Iron Hands|100/100
|switch|p2a: Porygon-Z|Porygon-Z|100/100
|-ability|p2a: Porygon-Z|Download|boost
|-boost|p2a: Porygon-Z|spa|1
|-enditem|p1a: Iron Hands|Booster Energy
|-activate|p1a: Iron Hands|ability: Quark Drive|[fromitem]
|-start|p1a: Iron Hands|quarkdriveatk
|turn|1
|
|t:|1758298151
|-terastallize|p2a: Porygon-Z|Ground
|move|p2a: Porygon-Z|Tera Blast|p1a: Iron Hands|[anim] Tera Blast Ground
|-supereffective|p1a: Iron Hands
|-damage|p1a: Iron Hands|0 fnt
|faint|p1a: Iron Hands
|-end|p1a: Iron Hands|Quark Drive|[silent]
|
|upkeep
|
|t:|1758298158
|switch|p1a: Indeedee|Indeedee, M, shiny|100/100
|-fieldstart|move: Psychic Terrain|[from] ability: Psychic Surge|[of] p1a: Indeedee
|turn|2
|
|t:|1758298169
|switch|p2a: Gengar|Gengar, M|100/100
|-item|p2a: Gengar|Air Balloon
|move|p1a: Indeedee|Trick Room|p1a: Indeedee
|-fieldstart|move: Trick Room|[of] p1a: Indeedee
|
|upkeep
|turn|3
|
|t:|1758298177
|move|p1a: Indeedee|Expanding Force|p2a: Gengar
|-supereffective|p2a: Gengar
|-damage|p2a: Gengar|0 fnt
|-start|p1a: Indeedee|Disable|Expanding Force|[from] ability: Cursed Body|[of] p2a: Gengar
|-enditem|p2a: Gengar|Air Balloon
|faint|p2a: Gengar
|
|upkeep
|
|t:|1758298187
|switch|p2a: Porygon-Z|Porygon-Z, tera:Ground|100/100
|-ability|p2a: Porygon-Z|Download|boost
|-boost|p2a: Porygon-Z|spa|1
|turn|4
|
|t:|1758298199
|switch|p1a: Hoopa|Hoopa-Unbound|100/100
|-enditem|p1a: Hoopa|Psychic Seed
|-boost|p1a: Hoopa|spd|1|[from] item: Psychic Seed
|move|p2a: Porygon-Z|Tera Blast|p1a: Hoopa|[anim] Tera Blast Ground
|-damage|p1a: Hoopa|62/100
|
|upkeep
|turn|5
|
|t:|1758298223
|switch|p2a: Dragapult|Dragapult, F|100/100
|move|p1a: Hoopa|Focus Blast|p2a: Dragapult
|-immune|p2a: Dragapult
|
|upkeep
|turn|6
|
|t:|1758298233
|move|p1a: Hoopa|Hyperspace Fury|p2a: Dragapult
|-supereffective|p2a: Dragapult
|-damage|p2a: Dragapult|0 fnt
|-unboost|p1a: Hoopa|def|1
|faint|p2a: Dragapult
|-item|p1a: Hoopa|Heavy-Duty Boots|[from] ability: Magician|[of] p2: Dragapult
|
|-fieldend|move: Trick Room
|upkeep
|
|t:|1758298247
|switch|p2a: Sylveon|Sylveon, M|100/100
|turn|7
|
|t:|1758298260
|-terastallize|p1a: Hoopa|Psychic
|move|p2a: Sylveon|Shadow Ball|p1a: Hoopa
|-supereffective|p1a: Hoopa
|-damage|p1a: Hoopa|21/100
|move|p1a: Hoopa|Expanding Force|p2a: Sylveon
|-crit|p2a: Sylveon
|-damage|p2a: Sylveon|0 fnt
|faint|p2a: Sylveon
|
|upkeep
|
|t:|1758298270
|switch|p2a: Weezing|Weezing, F|100/100
|turn|8
|
|t:|1758298279
|move|p2a: Weezing|Sludge Bomb|p1a: Hoopa
|-damage|p1a: Hoopa|7/100
|move|p1a: Hoopa|Expanding Force|p2a: Weezing
|-supereffective|p2a: Weezing
|-damage|p2a: Weezing|0 fnt
|faint|p2a: Weezing
|
|upkeep
|
|t:|1758298288
|switch|p2a: Porygon-Z|Porygon-Z, tera:Ground|100/100
|-ability|p2a: Porygon-Z|Download|boost
|-boost|p2a: Porygon-Z|atk|1
|turn|9
|
|t:|1758298308
|switch|p1a: Indeedee|Indeedee, M, shiny|100/100
|move|p2a: Porygon-Z|Tera Blast|p1a: Indeedee|[anim] Tera Blast Ground
|-damage|p1a: Indeedee|49/100
|
|-fieldend|move: Psychic Terrain
|upkeep
|turn|10
|
|t:|1758298324
|move|p2a: Porygon-Z|Ice Beam|p1a: Indeedee
|-damage|p1a: Indeedee|10/100
|move|p1a: Indeedee|Trick Room|p1a: Indeedee
|-fieldstart|move: Trick Room|[of] p1a: Indeedee
|
|upkeep
|turn|11
|
|t:|1758298338
|move|p1a: Indeedee|Encore|p2a: Porygon-Z
|-start|p2a: Porygon-Z|Encore
|move|p2a: Porygon-Z|Ice Beam|p1a: Indeedee
|-damage|p1a: Indeedee|0 fnt
|faint|p1a: Indeedee
|
|upkeep
|
|t:|1758298347
|switch|p1a: Hatterene|Hatterene, F, shiny|100/100
|turn|12
|
|t:|1758298354
|move|p1a: Hatterene|Mystical Fire|p2a: Porygon-Z
|-damage|p2a: Porygon-Z|42/100
|-unboost|p2a: Porygon-Z|spa|1
|-damage|p1a: Hatterene|91/100|[from] item: Life Orb
|move|p2a: Porygon-Z|Ice Beam|p1a: Hatterene
|-crit|p1a: Hatterene
|-damage|p1a: Hatterene|33/100
|
|upkeep
|turn|13
|
|t:|1758298365
|move|p1a: Hatterene|Mystical Fire|p2a: Porygon-Z
|-damage|p2a: Porygon-Z|0 fnt
|faint|p2a: Porygon-Z
|-damage|p1a: Hatterene|24/100|[from] item: Life Orb
|
|upkeep
|
|t:|1758298371
|switch|p2a: Wo-Chien|Wo-Chien|100/100
|-ability|p2a: Wo-Chien|Tablets of Ruin
|turn|14
|
|t:|1758298378
|move|p1a: Hatterene|Draining Kiss|p2a: Wo-Chien
|-supereffective|p2a: Wo-Chien
|-damage|p2a: Wo-Chien|44/100
|-heal|p1a: Hatterene|73/100|[from] drain|[of] p2a: Wo-Chien
|-damage|p1a: Hatterene|64/100|[from] item: Life Orb
|move|p2a: Wo-Chien|Knock Off|p1a: Hatterene
|-damage|p1a: Hatterene|34/100
|-enditem|p1a: Hatterene|Life Orb|[from] move: Knock Off|[of] p2a: Wo-Chien
|
|-heal|p2a: Wo-Chien|50/100|[from] item: Leftovers
|-fieldend|move: Trick Room
|upkeep
|turn|15
|
|t:|1758298391
|move|p2a: Wo-Chien|Protect|p2a: Wo-Chien
|-singleturn|p2a: Wo-Chien|Protect
|move|p1a: Hatterene|Trick Room|p1a: Hatterene
|-fieldstart|move: Trick Room|[of] p1a: Hatterene
|
|-heal|p2a: Wo-Chien|56/100|[from] item: Leftovers
|upkeep
|turn|16
|
|t:|1758298398
|move|p1a: Hatterene|Draining Kiss|p2a: Wo-Chien
|-supereffective|p2a: Wo-Chien
|-crit|p2a: Wo-Chien
|-damage|p2a: Wo-Chien|0 fnt
|-heal|p1a: Hatterene|83/100|[from] drain|[of] p2a: Wo-Chien
|faint|p2a: Wo-Chien
|
|win|Beauty Nova
|raw|Beauty Nova's rating: 1143 &rarr; <strong>1165</strong><br />(+22 for winning)
|raw|Dolost's rating: 1103 &rarr; <strong>1081</strong><br />(-22 for losing)
