|j|☆Prestina
|j|☆Fifo drummer
|t:|1758277991
|gametype|singles
|player|p1|Prestina|akari|1430
|player|p2|Fifo drummer|unknown|1400
|gen|9
|tier|[Gen 9] OU
|rated|
|rule|HP Percentage Mod: HP is shown in percentages
|rule|Endless Battle Clause: Forcing endless battles is banned
|rule|Species Clause: Limit one of each Pokémon
|rule|OHKO Clause: OHKO moves are banned
|rule|Evasion Items Clause: Evasion items are banned
|rule|Evasion Moves Clause: Evasion moves are banned
|rule|Evasion Abilities Clause: Evasion abilities are banned
|rule|Sleep Moves Clause: Sleep-inducing moves are banned
|clearpoke
|poke|p1|Iron Treads|
|poke|p1|Darkrai|
|poke|p1|Sylveon, F|
|poke|p1|Slowking, F|
|poke|p1|Meowscarada, F|
|poke|p1|Garchomp, F|
|poke|p2|Crawdaunt, M|
|poke|p2|Krookodile, M|
|poke|p2|Goodra-Hisui, F|
|poke|p2|Haxorus, M|
|poke|p2|Espeon, F|
|poke|p2|Corviknight, F|
|teampreview
|inactive|Battle timer is ON: inactive players will automatically lose when time's up. (requested by Prestina)
|
|t:|1758277997
|teamsize|p1|6
|teamsize|p2|6
|start
|switch|p1a: Weed Cat|Meowscarada, F, shiny|100/100
|switch|p2a: Shrimpboat Capt.|Crawdaunt, M|100/100
|turn|1
|
|t:|1758278004
|move|p1a: Weed Cat|U-turn|p2a: Shrimpboat Capt.
|-start|p1a: Weed Cat|typechange|Bug|[from] ability: Protean
|-supereffective|p2a: Shrimpboat Capt.
|-enditem|p2a: Shrimpboat Capt.|Focus Sash
|-damage|p2a: Shrimpboat Capt.|1/100
|
|t:|1758278007
|switch|p1a: Girlfailure|Garchomp, F, shiny|100/100|[from] U-turn
|move|p2a: Shrimpboat Capt.|Endeavor|p1a: Girlfailure
|-damage|p1a: Girlfailure|1/100
|-damage|p2a: Shrimpboat Capt.|0 fnt|[from] ability: Rough Skin|[of] p1a: Girlfailure
|faint|p2a: Shrimpboat Capt.
|
|upkeep
|
|t:|1758278019
|switch|p2a: Son of a Krook|Krookodile, M, shiny|100/100
|turn|2
|
|t:|1758278023
|move|p2a: Son of a Krook|Earthquake|p1a: Girlfailure
|-damage|p1a: Girlfailure|0 fnt
|faint|p1a: Girlfailure
|-ability|p2a: Son of a Krook|Moxie|boost
|-boost|p2a: Son of a Krook|atk|1
|
|upkeep
|
|t:|1758278029
|switch|p1a: Weed Cat|Meowscarada, F, shiny|100/100
|turn|3
|
|t:|1758278037
|switch|p2a: Mrs Raven|Corviknight, F, shiny|100/100
|move|p1a: Weed Cat|U-turn|p2a: Mrs Raven
|-start|p1a: Weed Cat|typechange|Bug|[from] ability: Protean
|-resisted|p2a: Mrs Raven
|-damage|p2a: Mrs Raven|92/100
|-damage|p1a: Weed Cat|84/100|[from] item: Rocky Helmet|[of] p2a: Mrs Raven
|
|t:|1758278043
|switch|p1a: Mariah Carey|Slowking, F, shiny|100/100|[from] U-turn
|
|upkeep
|turn|4
|
|t:|1758278051
|move|p2a: Mrs Raven|Brave Bird|p1a: Mariah Carey
|-damage|p1a: Mariah Carey|69/100
|-damage|p2a: Mrs Raven|79/100|[from] Recoil
|move|p1a: Mariah Carey|Future Sight|p2a: Mrs Raven
|-start|p1a: Mariah Carey|move: Future Sight
|
|upkeep
|turn|5
|
|t:|1758278061
|switch|p2a: Badra|Goodra-Hisui, F|100/100
|move|p1a: Mariah Carey|Scald|p2a: Badra
|-resisted|p2a: Badra
|-damage|p2a: Badra|93/100
|-status|p2a: Badra|brn
|
|-damage|p2a: Badra|87/100 brn|[from] brn
|upkeep
|turn|6
|
|t:|1758278074
|move|p2a: Badra|Thunderbolt|p1a: Mariah Carey
|-supereffective|p1a: Mariah Carey
|-damage|p1a: Mariah Carey|26/100
|-prepare|p1a: Mariah Carey|Chilly Reception|[premajor]
|move|p1a: Mariah Carey|Chilly Reception|p1a: Mariah Carey
|-weather|Snowscape
|
|t:|1758278078
|switch|p1a: Asgore's Truck|Iron Treads|100/100|[from] Chilly Reception
|-item|p1a: Asgore's Truck|Air Balloon
|
|-weather|Snowscape|[upkeep]
|-end|p2a: Badra|move: Future Sight
|-resisted|p2a: Badra
|-damage|p2a: Badra|77/100 brn
|-damage|p2a: Badra|71/100 brn|[from] brn
|upkeep
|turn|7
|
|t:|1758278093
|move|p1a: Asgore's Truck|Earthquake|p2a: Badra
|-supereffective|p2a: Badra
|-damage|p2a: Badra|0 fnt
|faint|p2a: Badra
|
|-weather|Snowscape|[upkeep]
|upkeep
|
|t:|1758278099
|switch|p2a: Mrs Raven|Corviknight, F, shiny|79/100
|turn|8
|
|t:|1758278103
|switch|p2a: I don't give a fox|Espeon, F, shiny|100/100
|move|p1a: Asgore's Truck|Knock Off|p2a: I don't give a fox
|-supereffective|p2a: I don't give a fox
|-damage|p2a: I don't give a fox|0 fnt
|-enditem|p2a: I don't give a fox|Leftovers|[from] move: Knock Off|[of] p1a: Asgore's Truck
|faint|p2a: I don't give a fox
|
|-weather|Snowscape|[upkeep]
|upkeep
|
|t:|1758278114
|switch|p2a: Mrs Raven|Corviknight, F, shiny|79/100
|turn|9
|
|t:|1758278117
|move|p1a: Asgore's Truck|Knock Off|p2a: Mrs Raven
|-damage|p2a: Mrs Raven|57/100
|-damage|p1a: Asgore's Truck|84/100|[from] item: Rocky Helmet|[of] p2a: Mrs Raven
|-enditem|p2a: Mrs Raven|Rocky Helmet|[from] move: Knock Off|[of] p1a: Asgore's Truck
|move|p2a: Mrs Raven|Body Press|p1a: Asgore's Truck
|-supereffective|p1a: Asgore's Truck
|-damage|p1a: Asgore's Truck|41/100
|-enditem|p1a: Asgore's Truck|Air Balloon
|
|-weather|Snowscape|[upkeep]
|upkeep
|turn|10
|
|t:|1758278128
|-end|p1a: Asgore's Truck|Quark Drive|[silent]
|switch|p1a: Mariah Carey|Slowking, F, shiny|59/100
|move|p2a: Mrs Raven|Body Press|p1a: Mariah Carey
|-resisted|p1a: Mariah Carey
|-damage|p1a: Mariah Carey|48/100
|
|-weather|none
|upkeep
|turn|11
|
|t:|1758278136
|move|p2a: Mrs Raven|Brave Bird|p1a: Mariah Carey
|-damage|p1a: Mariah Carey|12/100
|-damage|p2a: Mrs Raven|43/100|[from] Recoil
|move|p1a: Mariah Carey|Scald|p2a: Mrs Raven
|-damage|p2a: Mrs Raven|19/100
|-status|p2a: Mrs Raven|brn
|
|-damage|p2a: Mrs Raven|13/100 brn|[from] brn
|upkeep
|turn|12
|
|t:|1758278147
|switch|p1a: Asgore's Truck|Iron Treads|41/100
|move|p2a: Mrs Raven|Brave Bird|p1a: Asgore's Truck
|-resisted|p1a: Asgore's Truck
|-damage|p1a: Asgore's Truck|31/100
|-damage|p2a: Mrs Raven|10/100 brn|[from] Recoil
|
|-damage|p2a: Mrs Raven|4/100 brn|[from] brn
|upkeep
|turn|13
|
|t:|1758278156
|move|p1a: Asgore's Truck|Rapid Spin|p2a: Mrs Raven
|-resisted|p2a: Mrs Raven
|-damage|p2a: Mrs Raven|0 fnt
|-boost|p1a: Asgore's Truck|spe|1
|faint|p2a: Mrs Raven
|
|upkeep
|
|t:|1758278163
|switch|p2a: AXE Bodyspray|Haxorus, M, shiny|100/100
|-ability|p2a: AXE Bodyspray|Mold Breaker
|turn|14
|
|t:|1758278167
|move|p1a: Asgore's Truck|Ice Spinner|p2a: AXE Bodyspray
|-supereffective|p2a: AXE Bodyspray
|-damage|p2a: AXE Bodyspray|40/100
|move|p2a: AXE Bodyspray|Earthquake|p1a: Asgore's Truck
|-supereffective|p1a: Asgore's Truck
|-damage|p1a: Asgore's Truck|0 fnt
|faint|p1a: Asgore's Truck
|-end|p1a: Asgore's Truck|Quark Drive|[silent]
|
|upkeep
|
|t:|1758278177
|switch|p1a: Weed Cat|Meowscarada, F, shiny|84/100
|turn|15
|
|t:|1758278180
|move|p1a: Weed Cat|Flower Trick|p2a: AXE Bodyspray
|-start|p1a: Weed Cat|typechange|Grass|[from] ability: Protean
|-resisted|p2a: AXE Bodyspray
|-crit|p2a: AXE Bodyspray
|-damage|p2a: AXE Bodyspray|0 fnt
|faint|p2a: AXE Bodyspray
|
|upkeep
|
|t:|1758278189
|switch|p2a: Son of a Krook|Krookodile, M, shiny|100/100
|turn|16
|
|t:|1758278193
|-terastallize|p2a: Son of a Krook|Poison
|move|p2a: Son of a Krook|Gunk Shot|p1a: Weed Cat
|-supereffective|p1a: Weed Cat
|-damage|p1a: Weed Cat|0 fnt
|faint|p1a: Weed Cat
|-ability|p2a: Son of a Krook|Moxie|boost
|-boost|p2a: Son of a Krook|atk|1
|
|upkeep
|inactive|Prestina has 120 seconds left.
|
|t:|1758278229
|switch|p1a: Mariah Carey|Slowking, F, shiny|45/100
|turn|17
|
|t:|1758278237
|move|p2a: Son of a Krook|Gunk Shot|p1a: Mariah Carey
|-damage|p1a: Mariah Carey|0 fnt
|faint|p1a: Mariah Carey
|-ability|p2a: Son of a Krook|Moxie|boost
|-boost|p2a: Son of a Krook|atk|1
|
|upkeep
|
|t:|1758278239
|switch|p1a: Estrogen|Sylveon, F|100/100
|turn|18
|
|t:|1758278245
|-terastallize|p1a: Estrogen|Steel
|move|p2a: Son of a Krook|Gunk Shot|p1a: Estrogen
|-immune|p1a: Estrogen
|move|p1a: Estrogen|Hyper Voice|p2a: Son of a Krook
|-resisted|p2a: Son of a Krook
|-damage|p2a: Son of a Krook|74/100
|
|upkeep
|turn|19
|c|☆Fifo drummer|Ggs
|c|☆Prestina|ggs
|-message|Fifo drummer forfeited.
|
|win|Prestina
|raw|Prestina's rating: 1430 &rarr; <strong>1448</strong><br />(+18 for winning)
|raw|Fifo drummer's rating: 1400 &rarr; <strong>1382</strong><br />(-18 for losing)
|l|☆Fifo drummer
|player|p2|
|l|☆Prestina
|player|p1|
