|j|☆xrayinformation
|j|☆Wiiboidibo
|t:|1758341996
|gametype|singles
|player|p1|xrayinformation|dragontamer|1342
|player|p2|Wiiboidibo|169|1417
|gen|9
|tier|[Gen 9] OU
|rated|
|rule|HP Percentage Mod: HP is shown in percentages
|rule|Endless Battle Clause: Forcing endless battles is banned
|rule|Species Clause: Limit one of each Pokémon
|rule|OHKO Clause: OHKO moves are banned
|rule|Evasion Items Clause: Evasion items are banned
|rule|Evasion Moves Clause: Evasion moves are banned
|rule|Evasion Abilities Clause: Evasion abilities are banned
|rule|Sleep Moves Clause: Sleep-inducing moves are banned
|clearpoke
|poke|p1|Pelipper, F|
|poke|p1|Hatterene, F|
|poke|p1|Iron Treads|
|poke|p1|Toxicroak, F|
|poke|p1|Barraskewda, F|
|poke|p1|Zapdos|
|poke|p2|Iron Boulder|
|poke|p2|Glimmora, M|
|poke|p2|Hatterene, F|
|poke|p2|Kingambit, M|
|poke|p2|Iron Moth|
|poke|p2|Quaquaval, F|
|teampreview
|
|t:|1758342015
|teamsize|p1|6
|teamsize|p2|6
|start
|switch|p1a: Pelipper|Pelipper, F|100/100
|switch|p2a: Glimmora|Glimmora, M|100/100
|-weather|RainDance|[from] ability: Drizzle|[of] p1a: Pelipper
|turn|1
|
|t:|1758342053
|switch|p1a: Iron Treads|Iron Treads|100/100
|move|p2a: Glimmora|Power Gem|p1a: Iron Treads
|-resisted|p1a: Iron Treads
|-damage|p1a: Iron Treads|93/100
|
|-weather|RainDance|[upkeep]
|-heal|p1a: Iron Treads|99/100|[from] item: Leftovers
|upkeep
|turn|2
|
|t:|1758342065
|move|p2a: Glimmora|Earth Power|p1a: Iron Treads
|-supereffective|p1a: Iron Treads
|-damage|p1a: Iron Treads|45/100
|move|p1a: Iron Treads|Earthquake|p2a: Glimmora
|-supereffective|p2a: Glimmora
|-enditem|p2a: Glimmora|Focus Sash
|-damage|p2a: Glimmora|1/100
|-activate|p2a: Glimmora|ability: Toxic Debris
|-sidestart|p1: xrayinformation|move: Toxic Spikes
|
|-weather|RainDance|[upkeep]
|-heal|p1a: Iron Treads|51/100|[from] item: Leftovers
|upkeep
|turn|3
|
|t:|1758342078
|move|p2a: Glimmora|Earth Power|p1a: Iron Treads
|-supereffective|p1a: Iron Treads
|-damage|p1a: Iron Treads|3/100
|move|p1a: Iron Treads|Rapid Spin|p2a: Glimmora
|-resisted|p2a: Glimmora
|-damage|p2a: Glimmora|0 fnt
|-boost|p1a: Iron Treads|spe|1
|-activate|p2a: Glimmora|ability: Toxic Debris
|-sidestart|p1: xrayinformation|move: Toxic Spikes
|-sideend|p1: xrayinformation|Toxic Spikes|[from] move: Rapid Spin|[of] p1a: Iron Treads
|faint|p2a: Glimmora
|
|-weather|RainDance|[upkeep]
|-heal|p1a: Iron Treads|9/100|[from] item: Leftovers
|upkeep
|
|t:|1758342098
|switch|p2a: Iron Moth|Iron Moth|100/100
|-enditem|p2a: Iron Moth|Booster Energy
|-activate|p2a: Iron Moth|ability: Quark Drive|[fromitem]
|-start|p2a: Iron Moth|quarkdrivespe
|turn|4
|
|t:|1758342106
|move|p2a: Iron Moth|Energy Ball|p1a: Iron Treads
|-damage|p1a: Iron Treads|0 fnt
|faint|p1a: Iron Treads
|-end|p1a: Iron Treads|Quark Drive|[silent]
|
|-weather|RainDance|[upkeep]
|upkeep
|
|t:|1758342107
|switch|p1a: Barraskewda|Barraskewda, F|100/100
|turn|5
|
|t:|1758342119
|-end|p2a: Iron Moth|Quark Drive|[silent]
|switch|p2a: Hatterene|Hatterene, F|100/100
|move|p1a: Barraskewda|Flip Turn|p2a: Hatterene
|-damage|p2a: Hatterene|32/100
|
|t:|1758342123
|switch|p1a: Zapdos|Zapdos|100/100|[from] Flip Turn
|
|-weather|RainDance|[upkeep]
|-heal|p2a: Hatterene|38/100|[from] item: Leftovers
|upkeep
|turn|6
|
|t:|1758342135
|move|p1a: Zapdos|Volt Switch|p2a: Hatterene
|-damage|p2a: Hatterene|0 fnt
|faint|p2a: Hatterene
|
|t:|1758342141
|switch|p1a: Barraskewda|Barraskewda, F|100/100|[from] Volt Switch
|
|-weather|RainDance|[upkeep]
|upkeep
|
|t:|1758342147
|switch|p2a: Kingambit|Kingambit, M|100/100
|-activate|p2a: Kingambit|ability: Supreme Overlord
|-start|p2a: Kingambit|fallen2|[silent]
|turn|7
|
|t:|1758342154
|move|p2a: Kingambit|Sucker Punch|p1a: Barraskewda
|-damage|p1a: Barraskewda|18/100
|move|p1a: Barraskewda|Flip Turn|p2a: Kingambit
|-damage|p2a: Kingambit|42/100
|
|t:|1758342157
|switch|p1a: Toxicroak|Toxicroak, F|100/100|[from] Flip Turn
|
|-weather|RainDance|[upkeep]
|-heal|p2a: Kingambit|49/100|[from] item: Leftovers
|upkeep
|turn|8
|
|t:|1758342169
|-end|p2a: Kingambit|fallen2|[silent]
|switch|p2a: Iron Moth|Iron Moth|100/100
|move|p1a: Toxicroak|Drain Punch|p2a: Iron Moth
|-resisted|p2a: Iron Moth
|-damage|p2a: Iron Moth|78/100
|
|-weather|none
|upkeep
|turn|9
|
|t:|1758342184
|switch|p1a: Pelipper|Pelipper, F|100/100
|-weather|RainDance|[from] ability: Drizzle|[of] p1a: Pelipper
|move|p2a: Iron Moth|Sludge Wave|p1a: Pelipper
|-damage|p1a: Pelipper|55/100
|
|-weather|RainDance|[upkeep]
|upkeep
|turn|10
|
|t:|1758342193
|move|p2a: Iron Moth|Sludge Wave|p1a: Pelipper
|-damage|p1a: Pelipper|9/100
|move|p1a: Pelipper|U-turn|p2a: Iron Moth
|-resisted|p2a: Iron Moth
|-damage|p2a: Iron Moth|75/100
|
|t:|1758342195
|switch|p1a: Barraskewda|Barraskewda, F|18/100|[from] U-turn
|
|-weather|RainDance|[upkeep]
|upkeep
|turn|11
|inactive|Battle timer is ON: inactive players will automatically lose when time's up. (requested by xrayinformation)
|
|t:|1758342205
|move|p1a: Barraskewda|Flip Turn|p2a: Iron Moth
|-supereffective|p2a: Iron Moth
|-damage|p2a: Iron Moth|0 fnt
|faint|p2a: Iron Moth
|-end|p2a: Iron Moth|Quark Drive|[silent]
|
|t:|1758342231
|switch|p1a: Zapdos|Zapdos|100/100|[from] Flip Turn
|
|-weather|RainDance|[upkeep]
|upkeep
|
|t:|1758342237
|switch|p2a: Iron Boulder|Iron Boulder|100/100
|-enditem|p2a: Iron Boulder|Booster Energy
|-activate|p2a: Iron Boulder|ability: Quark Drive|[fromitem]
|-start|p2a: Iron Boulder|quarkdrivespe
|turn|12
|
|t:|1758342242
|move|p2a: Iron Boulder|Mighty Cleave|p1a: Zapdos
|-supereffective|p1a: Zapdos
|-damage|p1a: Zapdos|0 fnt
|-status|p2a: Iron Boulder|par|[from] ability: Static|[of] p1a: Zapdos
|faint|p1a: Zapdos
|
|-weather|RainDance|[upkeep]
|upkeep
|
|t:|1758342248
|switch|p1a: Barraskewda|Barraskewda, F|18/100
|turn|13
|
|t:|1758342252
|move|p1a: Barraskewda|Flip Turn|p2a: Iron Boulder
|-supereffective|p2a: Iron Boulder
|-damage|p2a: Iron Boulder|0 fnt
|faint|p2a: Iron Boulder
|-end|p2a: Iron Boulder|Quark Drive|[silent]
|
|t:|1758342258
|switch|p1a: Toxicroak|Toxicroak, F|100/100|[from] Flip Turn
|
|-weather|RainDance|[upkeep]
|upkeep
|
|t:|1758342263
|switch|p2a: Quaquaval|Quaquaval, F|100/100
|turn|14
|
|t:|1758342274
|switch|p2a: Kingambit|Kingambit, M|49/100
|-activate|p2a: Kingambit|ability: Supreme Overlord
|-start|p2a: Kingambit|fallen4|[silent]
|switch|p1a: Hatterene|Hatterene, F|100/100
|
|-weather|RainDance|[upkeep]
|-heal|p2a: Kingambit|55/100|[from] item: Leftovers
|upkeep
|turn|15
|
|t:|1758342284
|switch|p1a: Toxicroak|Toxicroak, F|100/100
|move|p2a: Kingambit|Iron Head|p1a: Toxicroak
|-damage|p1a: Toxicroak|46/100
|-damage|p2a: Kingambit|38/100|[from] item: Rocky Helmet|[of] p1a: Toxicroak
|
|-weather|RainDance|[upkeep]
|-heal|p1a: Toxicroak|58/100|[from] ability: Dry Skin
|-heal|p2a: Kingambit|44/100|[from] item: Leftovers
|upkeep
|turn|16
|
|t:|1758342297
|-terastallize|p2a: Kingambit|Fighting
|move|p1a: Toxicroak|Drain Punch|p2a: Kingambit
|-damage|p2a: Kingambit|25/100
|-heal|p1a: Toxicroak|69/100|[from] drain|[of] p2a: Kingambit
|move|p2a: Kingambit|Iron Head|p1a: Toxicroak
|-damage|p1a: Toxicroak|12/100
|-damage|p2a: Kingambit|9/100|[from] item: Rocky Helmet|[of] p1a: Toxicroak
|
|-weather|none
|-heal|p2a: Kingambit|15/100|[from] item: Leftovers
|upkeep
|turn|17
|
|t:|1758342309
|move|p2a: Kingambit|Sucker Punch||[still]
|-fail|p2a: Kingambit
|move|p1a: Toxicroak|Encore|p2a: Kingambit
|-start|p2a: Kingambit|Encore
|
|-heal|p2a: Kingambit|21/100|[from] item: Leftovers
|upkeep
|turn|18
|
|t:|1758342317
|-end|p2a: Kingambit|fallen4|[silent]
|switch|p2a: Quaquaval|Quaquaval, F|100/100
|move|p1a: Toxicroak|Toxic|p2a: Quaquaval
|-status|p2a: Quaquaval|tox
|
|-damage|p2a: Quaquaval|94/100 tox|[from] psn
|upkeep
|turn|19
|
|t:|1758342325
|switch|p1a: Pelipper|Pelipper, F|9/100
|-weather|RainDance|[from] ability: Drizzle|[of] p1a: Pelipper
|move|p2a: Quaquaval|Ice Spinner|p1a: Pelipper
|-damage|p1a: Pelipper|0 fnt
|faint|p1a: Pelipper
|-ability|p2a: Quaquaval|Moxie|boost
|-boost|p2a: Quaquaval|atk|1
|-damage|p2a: Quaquaval|84/100 tox|[from] item: Life Orb
|
|-weather|RainDance|[upkeep]
|-damage|p2a: Quaquaval|72/100 tox|[from] psn
|upkeep
|
|t:|1758342332
|switch|p1a: Hatterene|Hatterene, F|100/100
|turn|20
|-message|Wiiboidibo forfeited.
|
|win|xrayinformation
|raw|xrayinformation's rating: 1342 &rarr; <strong>1366</strong><br />(+24 for winning)
|raw|Wiiboidibo's rating: 1417 &rarr; <strong>1393</strong><br />(-24 for losing)
|l|☆Wiiboidibo
|player|p2|
|l|☆xrayinformation
|player|p1|
