|j|☆zDangon
|j|☆Ivinooby
|html|<table width="100%"><tr><td align="left">zDangon</td><td align="right">Ivinooby</tr><tr><td align="left"><i class="fa fa-circle-o"></i> <i class="fa fa-circle-o"></i> </td><td align="right"><i class="fa fa-circle-o"></i> <i class="fa fa-circle"></i> </tr></table>
|uhtml|bestof|<h2><strong>Game 2</strong> of <a href="/game-bestof3-gen9ou-2445490870">a best-of-3</a></h2>
|t:|1758357253
|gametype|singles
|player|p1|zDangon|265|
|player|p2|Ivinooby|ghetsis-gen5bw|
|gen|9
|tier|[Gen 9] OU
|rule|HP Percentage Mod: HP is shown in percentages
|rule|Endless Battle Clause: Forcing endless battles is banned
|rule|Species Clause: Limit one of each Pokémon
|rule|OHKO Clause: OHKO moves are banned
|rule|Evasion Items Clause: Evasion items are banned
|rule|Evasion Moves Clause: Evasion moves are banned
|rule|Evasion Abilities Clause: Evasion abilities are banned
|rule|Sleep Moves Clause: Sleep-inducing moves are banned
|raw|<div class="infobox"><details class="readmore"><summary><strong>6 custom rules:</strong></summary> Force Open Team Sheets, Anything Goes, maxteamsize=8, Picked Team Size = 6, Adjust Level = 100, bestof=3</details></div>
|clearpoke
|poke|p1|Dragapult, M|
|poke|p1|Glimmora, F|
|poke|p1|Hawlucha, M|
|poke|p1|Rillaboom, F|
|poke|p1|Gholdengo|
|poke|p1|Rotom-Wash|
|poke|p1|Alomomola, F|
|poke|p1|Corviknight, F|
|poke|p2|Corviknight, M|
|poke|p2|Clodsire, M|
|poke|p2|Cinderace, F|
|poke|p2|Dragapult, M|
|poke|p2|Quaquaval, F|
|poke|p2|Clefable, F|
|poke|p2|Mandibuzz, F|
|poke|p2|Gholdengo|
|teampreview|6
|showteam|p1|Dragapult||ChoiceSpecs|Infiltrator|DracoMeteor,ShadowBall,Flamethrower,Uturn|||M||||,,,,,Dragon]Glimmora||FocusSash|ToxicDebris|PowerGem,SludgeBomb,StealthRock,Spikes|||F||||,,,,,Rock]Hawlucha||GrassySeed|Unburden|HighJumpKick,Acrobatics,SwordsDance,Roost|||M||||,,,,,Fighting]Rillaboom||AssaultVest|GrassySurge|GrassyGlide,WoodHammer,KnockOff,Uturn|||F||||,,,,,Grass]Gholdengo||ChoiceScarf|GoodasGold|ShadowBall,FlashCannon,ThunderWave,Thunderbolt|||||||,,,,,Steel]Rotom-Wash||SitrusBerry|Levitate|WillOWisp,HydroPump,PainSplit,VoltSwitch|||||||,,,,,Steel]Alomomola||Leftovers|Regenerator|Scald,FlipTurn,Protect,Wish|||F||||,,,,,Water]Corviknight||RockyHelmet|MirrorArmor|Roost,Defog,BraveBird,Uturn|||F||||,,,,,Flying
|showteam|p2|Corviknight||RockyHelmet|MirrorArmor|Roost,BulkUp,BodyPress,DrillPeck|||M||||,,,,,Flying]Clodsire||BlackSludge|WaterAbsorb|ChillingWater,Recover,Toxic,Earthquake|||M||||,,,,,Poison]Cinderace||ChoiceScarf|Libero|Uturn,PyroBall,ZenHeadbutt,GunkShot|||F||||,,,,,Fire]Dragapult||ChoiceSpecs|ClearBody|Uturn,ShadowBall,DracoMeteor,Thunderbolt|||M||||,,,,,Dragon]Quaquaval||AssaultVest|Moxie|AquaJet,AquaStep,CloseCombat,IceSpinner|||F||||,,,,,Water]Clefable||Leftovers|MagicGuard|StealthRock,Moonlight,CosmicPower,Moonblast|||F||||,,,,,Fairy]Mandibuzz||AbilityShield|Overcoat|Roost,FoulPlay,Toxic,Protect|||F||||,,,,,Dark]Gholdengo||FocusSash|GoodasGold|NastyPlot,MakeItRain,Psyshock,ShadowBall|||||||,,,,,Steel
|c|☆Ivinooby|GGs
|c|☆zDangon|gg
|c|☆Ivinooby|yo tengo el ban claro jajaja
|c|☆zDangon|yo tambien
|c|☆Ivinooby|dale pues 3
|c|☆Ivinooby|2
|c|☆Ivinooby|1
|c|☆Ivinooby|glimora
|c|☆zDangon|dragapult
|
|t:|1758357368
|teamsize|p1|6
|teamsize|p2|6
|start
|switch|p1a: Rotom|Rotom-Wash|100/100
|switch|p2a: Cinderace|Cinderace, F|100/100
|turn|1
|c|☆zDangon|deje fuera a gholdengo
|c|☆Ivinooby|deje fuera a mandibuzz
|
|t:|1758357393
|move|p2a: Cinderace|U-turn|p1a: Rotom
|-start|p2a: Cinderace|typechange|Bug|[from] ability: Libero
|-damage|p1a: Rotom|74/100
|
|t:|1758357397
|switch|p2a: Clodsire|Clodsire, M|100/100|[from] U-turn
|move|p1a: Rotom|Will-O-Wisp|p2a: Clodsire
|-status|p2a: Clodsire|brn
|
|-damage|p2a: Clodsire|94/100 brn|[from] brn
|upkeep
|turn|2
|
|t:|1758357407
|switch|p1a: Corviknight|Corviknight, F|100/100
|move|p2a: Clodsire|Toxic|p1a: Corviknight
|-immune|p1a: Corviknight
|
|-heal|p2a: Clodsire|100/100 brn|[from] item: Black Sludge
|-damage|p2a: Clodsire|94/100 brn|[from] brn
|upkeep
|turn|3
|
|t:|1758357420
|switch|p2a: Corviknight|Corviknight, M|100/100
|move|p1a: Corviknight|Brave Bird|p2a: Corviknight
|-resisted|p2a: Corviknight
|-damage|p2a: Corviknight|89/100
|-damage|p1a: Corviknight|84/100|[from] item: Rocky Helmet|[of] p2a: Corviknight
|-damage|p1a: Corviknight|80/100|[from] Recoil
|
|upkeep
|turn|4
|
|t:|1758357429
|move|p2a: Corviknight|Bulk Up|p2a: Corviknight
|-boost|p2a: Corviknight|atk|1
|-boost|p2a: Corviknight|def|1
|move|p1a: Corviknight|U-turn|p2a: Corviknight
|-resisted|p2a: Corviknight
|-damage|p2a: Corviknight|88/100
|-damage|p1a: Corviknight|64/100|[from] item: Rocky Helmet|[of] p2a: Corviknight
|
|t:|1758357435
|switch|p1a: Dragapult|Dragapult, M|100/100|[from] U-turn
|
|upkeep
|turn|5
|
|t:|1758357444
|switch|p2a: Clodsire|Clodsire, M|94/100 brn
|move|p1a: Dragapult|Flamethrower|p2a: Clodsire
|-damage|p2a: Clodsire|73/100 brn
|
|-heal|p2a: Clodsire|79/100 brn|[from] item: Black Sludge
|-damage|p2a: Clodsire|73/100 brn|[from] brn
|upkeep
|turn|6
|
|t:|1758357456
|switch|p1a: Corviknight|Corviknight, F|64/100
|switch|p2a: Gholdengo|Gholdengo|100/100
|
|upkeep
|turn|7
|
|t:|1758357464
|move|p2a: Gholdengo|Nasty Plot|p2a: Gholdengo
|-boost|p2a: Gholdengo|spa|2
|move|p1a: Corviknight|U-turn|p2a: Gholdengo
|-resisted|p2a: Gholdengo
|-damage|p2a: Gholdengo|96/100
|
|t:|1758357466
|switch|p1a: Dragapult|Dragapult, M|100/100|[from] U-turn
|
|upkeep
|turn|8
|
|t:|1758357484
|switch|p2a: Clodsire|Clodsire, M|73/100 brn
|move|p1a: Dragapult|Shadow Ball|p2a: Clodsire
|-damage|p2a: Clodsire|46/100 brn
|
|-heal|p2a: Clodsire|53/100 brn|[from] item: Black Sludge
|-damage|p2a: Clodsire|46/100 brn|[from] brn
|upkeep
|turn|9
|
|t:|1758357493
|switch|p1a: Corviknight|Corviknight, F|64/100
|move|p2a: Clodsire|Recover|p2a: Clodsire
|-heal|p2a: Clodsire|96/100 brn
|
|-heal|p2a: Clodsire|100/100 brn|[from] item: Black Sludge
|-damage|p2a: Clodsire|94/100 brn|[from] brn
|upkeep
|turn|10
|
|t:|1758357502
|switch|p2a: Corviknight|Corviknight, M|88/100
|move|p1a: Corviknight|Roost|p1a: Corviknight
|-heal|p1a: Corviknight|100/100
|-singleturn|p1a: Corviknight|move: Roost
|
|upkeep
|turn|11
|
|t:|1758357515
|switch|p2a: Clodsire|Clodsire, M|94/100 brn
|move|p1a: Corviknight|U-turn|p2a: Clodsire
|-resisted|p2a: Clodsire
|-damage|p2a: Clodsire|86/100 brn
|
|t:|1758357532
|switch|p1a: Rotom|Rotom-Wash|74/100|[from] U-turn
|
|-heal|p2a: Clodsire|92/100 brn|[from] item: Black Sludge
|-damage|p2a: Clodsire|86/100 brn|[from] brn
|upkeep
|turn|12
|
|t:|1758357540
|switch|p1a: Corviknight|Corviknight, F|100/100
|move|p2a: Clodsire|Toxic|p1a: Corviknight
|-immune|p1a: Corviknight
|
|-heal|p2a: Clodsire|92/100 brn|[from] item: Black Sludge
|-damage|p2a: Clodsire|86/100 brn|[from] brn
|upkeep
|turn|13
|
|t:|1758357550
|switch|p2a: Corviknight|Corviknight, M|88/100
|move|p1a: Corviknight|Brave Bird|p2a: Corviknight
|-resisted|p2a: Corviknight
|-damage|p2a: Corviknight|78/100
|-damage|p1a: Corviknight|84/100|[from] item: Rocky Helmet|[of] p2a: Corviknight
|-damage|p1a: Corviknight|80/100|[from] Recoil
|
|upkeep
|turn|14
|
|t:|1758357561
|move|p1a: Corviknight|U-turn|p2a: Corviknight
|-resisted|p2a: Corviknight
|-crit|p2a: Corviknight
|-damage|p2a: Corviknight|75/100
|-damage|p1a: Corviknight|64/100|[from] item: Rocky Helmet|[of] p2a: Corviknight
|
|t:|1758357566
|switch|p1a: Alomomola|Alomomola, F|100/100|[from] U-turn
|move|p2a: Corviknight|Drill Peck|p1a: Alomomola
|-damage|p1a: Alomomola|87/100
|
|-heal|p1a: Alomomola|93/100|[from] item: Leftovers
|upkeep
|turn|15
|
|t:|1758357573
|move|p2a: Corviknight|Bulk Up|p2a: Corviknight
|-boost|p2a: Corviknight|atk|1
|-boost|p2a: Corviknight|def|1
|move|p1a: Alomomola|Wish|p1a: Alomomola
|
|-heal|p1a: Alomomola|99/100|[from] item: Leftovers
|upkeep
|turn|16
|
|t:|1758357588
|move|p2a: Corviknight|Body Press|p1a: Alomomola
|-damage|p1a: Alomomola|78/100
|move|p1a: Alomomola|Flip Turn|p2a: Corviknight
|-damage|p2a: Corviknight|69/100
|-damage|p1a: Alomomola|61/100|[from] item: Rocky Helmet|[of] p2a: Corviknight
|
|t:|1758357591
|switch|p1a: Dragapult|Dragapult, M|100/100|[from] Flip Turn
|
|upkeep
|turn|17
|
|t:|1758357599
|switch|p2a: Clodsire|Clodsire, M|86/100 brn
|move|p1a: Dragapult|Flamethrower|p2a: Clodsire
|-damage|p2a: Clodsire|65/100 brn
|
|-heal|p2a: Clodsire|71/100 brn|[from] item: Black Sludge
|-damage|p2a: Clodsire|65/100 brn|[from] brn
|upkeep
|turn|18
|
|t:|1758357607
|switch|p1a: Corviknight|Corviknight, F|64/100
|move|p2a: Clodsire|Recover|p2a: Clodsire
|-heal|p2a: Clodsire|100/100 brn
|
|-damage|p2a: Clodsire|94/100 brn|[from] brn
|upkeep
|turn|19
|
|t:|1758357616
|move|p1a: Corviknight|Roost|p1a: Corviknight
|-heal|p1a: Corviknight|100/100
|-singleturn|p1a: Corviknight|move: Roost
|move|p2a: Clodsire|Earthquake|p1a: Corviknight
|-supereffective|p1a: Corviknight
|-damage|p1a: Corviknight|85/100
|
|-heal|p2a: Clodsire|100/100 brn|[from] item: Black Sludge
|-damage|p2a: Clodsire|94/100 brn|[from] brn
|upkeep
|turn|20
|
|t:|1758357627
|switch|p2a: Corviknight|Corviknight, M|69/100
|move|p1a: Corviknight|Brave Bird|p2a: Corviknight
|-resisted|p2a: Corviknight
|-damage|p2a: Corviknight|59/100
|-damage|p1a: Corviknight|69/100|[from] item: Rocky Helmet|[of] p2a: Corviknight
|-damage|p1a: Corviknight|65/100|[from] Recoil
|
|upkeep
|turn|21
|
|t:|1758357635
|move|p1a: Corviknight|Roost|p1a: Corviknight
|-heal|p1a: Corviknight|100/100
|-singleturn|p1a: Corviknight|move: Roost
|move|p2a: Corviknight|Roost|p2a: Corviknight
|-heal|p2a: Corviknight|100/100
|-singleturn|p2a: Corviknight|move: Roost
|
|upkeep
|turn|22
|
|t:|1758357652
|switch|p2a: Cinderace|Cinderace, F|100/100
|move|p1a: Corviknight|U-turn|p2a: Cinderace
|-resisted|p2a: Cinderace
|-damage|p2a: Cinderace|91/100
|
|t:|1758357657
|switch|p1a: Rotom|Rotom-Wash|74/100|[from] U-turn
|
|upkeep
|turn|23
|
|t:|1758357663
|move|p2a: Cinderace|U-turn|p1a: Rotom
|-start|p2a: Cinderace|typechange|Bug|[from] ability: Libero
|-damage|p1a: Rotom|46/100
|-enditem|p1a: Rotom|Sitrus Berry|[eat]
|-heal|p1a: Rotom|71/100|[from] item: Sitrus Berry
|
|t:|1758357669
|switch|p2a: Clodsire|Clodsire, M|94/100 brn|[from] U-turn
|move|p1a: Rotom|Pain Split|p2a: Clodsire
|-sethp|p2a: Clodsire|71/100 brn|[from] move: Pain Split|[silent]
|-sethp|p1a: Rotom|100/100|[from] move: Pain Split
|
|-heal|p2a: Clodsire|77/100 brn|[from] item: Black Sludge
|-damage|p2a: Clodsire|71/100 brn|[from] brn
|upkeep
|turn|24
|
|t:|1758357682
|switch|p1a: Corviknight|Corviknight, F|100/100
|switch|p2a: Gholdengo|Gholdengo|96/100
|
|upkeep
|turn|25
|
|t:|1758357691
|move|p2a: Gholdengo|Shadow Ball|p1a: Corviknight
|-damage|p1a: Corviknight|62/100
|move|p1a: Corviknight|U-turn|p2a: Gholdengo
|-resisted|p2a: Gholdengo
|-damage|p2a: Gholdengo|93/100
|
|t:|1758357695
|switch|p1a: Dragapult|Dragapult, M|100/100|[from] U-turn
|
|upkeep
|turn|26
|
|t:|1758357706
|switch|p2a: Clodsire|Clodsire, M|71/100 brn
|move|p1a: Dragapult|Shadow Ball|p2a: Clodsire
|-damage|p2a: Clodsire|45/100 brn
|
|-heal|p2a: Clodsire|51/100 brn|[from] item: Black Sludge
|-damage|p2a: Clodsire|45/100 brn|[from] brn
|upkeep
|turn|27
|
|t:|1758357715
|switch|p1a: Corviknight|Corviknight, F|62/100
|move|p2a: Clodsire|Recover|p2a: Clodsire
|-heal|p2a: Clodsire|95/100 brn
|
|-heal|p2a: Clodsire|100/100 brn|[from] item: Black Sludge
|-damage|p2a: Clodsire|94/100 brn|[from] brn
|upkeep
|turn|28
|
|t:|1758357724
|switch|p2a: Corviknight|Corviknight, M|100/100
|move|p1a: Corviknight|Brave Bird|p2a: Corviknight
|-resisted|p2a: Corviknight
|-damage|p2a: Corviknight|90/100
|-damage|p1a: Corviknight|45/100|[from] item: Rocky Helmet|[of] p2a: Corviknight
|-damage|p1a: Corviknight|42/100|[from] Recoil
|
|upkeep
|turn|29
|
|t:|1758357732
|move|p2a: Corviknight|Body Press|p1a: Corviknight
|-damage|p1a: Corviknight|27/100
|-damage|p2a: Corviknight|74/100|[from] item: Rocky Helmet|[of] p1a: Corviknight
|move|p1a: Corviknight|Roost|p1a: Corviknight
|-heal|p1a: Corviknight|77/100
|-singleturn|p1a: Corviknight|move: Roost
|
|upkeep
|turn|30
|
|t:|1758357748
|move|p2a: Corviknight|Roost|p2a: Corviknight
|-heal|p2a: Corviknight|100/100
|-singleturn|p2a: Corviknight|move: Roost
|move|p1a: Corviknight|U-turn|p2a: Corviknight
|-resisted|p2a: Corviknight
|-damage|p2a: Corviknight|96/100
|-damage|p1a: Corviknight|61/100|[from] item: Rocky Helmet|[of] p2a: Corviknight
|
|t:|1758357752
|switch|p1a: Dragapult|Dragapult, M|100/100|[from] U-turn
|
|upkeep
|turn|31
|
|t:|1758357760
|switch|p2a: Clodsire|Clodsire, M|94/100 brn
|move|p1a: Dragapult|Flamethrower|p2a: Clodsire
|-damage|p2a: Clodsire|73/100 brn
|
|-heal|p2a: Clodsire|79/100 brn|[from] item: Black Sludge
|-damage|p2a: Clodsire|73/100 brn|[from] brn
|upkeep
|turn|32
|
|t:|1758357776
|switch|p1a: Corviknight|Corviknight, F|61/100
|switch|p2a: Gholdengo|Gholdengo|93/100
|
|upkeep
|turn|33
|
|t:|1758357784
|move|p2a: Gholdengo|Shadow Ball|p1a: Corviknight
|-damage|p1a: Corviknight|21/100
|-ability|p1a: Corviknight|Mirror Armor
|-unboost|p2a: Gholdengo|spd|1
|move|p1a: Corviknight|U-turn|p2a: Gholdengo
|-resisted|p2a: Gholdengo
|-damage|p2a: Gholdengo|89/100
|
|t:|1758357792
|switch|p1a: Alomomola|Alomomola, F|95/100|[from] U-turn
|
|-heal|p1a: Alomomola|100/100|[from] item: Leftovers
|upkeep
|turn|34
|
|t:|1758357797
|move|p2a: Gholdengo|Nasty Plot|p2a: Gholdengo
|-boost|p2a: Gholdengo|spa|2
|move|p1a: Alomomola|Wish|p1a: Alomomola
|
|upkeep
|turn|35
|
|t:|1758357805
|move|p2a: Gholdengo|Shadow Ball|p1a: Alomomola
|-damage|p1a: Alomomola|0 fnt
|faint|p1a: Alomomola
|
|upkeep
|
|t:|1758357808
|switch|p1a: Dragapult|Dragapult, M|100/100
|turn|36
|
|t:|1758357814
|switch|p2a: Clodsire|Clodsire, M|73/100 brn
|move|p1a: Dragapult|Draco Meteor|p2a: Clodsire|[miss]
|-miss|p1a: Dragapult|p2a: Clodsire
|
|-heal|p2a: Clodsire|79/100 brn|[from] item: Black Sludge
|-damage|p2a: Clodsire|73/100 brn|[from] brn
|upkeep
|turn|37
|
|t:|1758357825
|switch|p1a: Corviknight|Corviknight, F|21/100
|move|p2a: Clodsire|Recover|p2a: Clodsire
|-heal|p2a: Clodsire|100/100 brn
|
|-damage|p2a: Clodsire|94/100 brn|[from] brn
|upkeep
|turn|38
|c|☆Ivinooby|unlucky
|
|t:|1758357836
|switch|p2a: Cinderace|Cinderace, F|91/100
|move|p1a: Corviknight|Roost|p1a: Corviknight
|-heal|p1a: Corviknight|71/100
|-singleturn|p1a: Corviknight|move: Roost
|
|upkeep
|turn|39
|
|t:|1758357844
|switch|p1a: Rotom|Rotom-Wash|100/100
|move|p2a: Cinderace|Pyro Ball|p1a: Rotom
|-resisted|p1a: Rotom
|-damage|p1a: Rotom|75/100
|
|upkeep
|turn|40
|
|t:|1758357854
|switch|p2a: Clodsire|Clodsire, M|94/100 brn
|move|p1a: Rotom|Pain Split|p2a: Clodsire
|-sethp|p2a: Clodsire|72/100 brn|[from] move: Pain Split|[silent]
|-sethp|p1a: Rotom|100/100|[from] move: Pain Split
|
|-heal|p2a: Clodsire|78/100 brn|[from] item: Black Sludge
|-damage|p2a: Clodsire|72/100 brn|[from] brn
|upkeep
|turn|41
|
|t:|1758357863
|switch|p1a: Corviknight|Corviknight, F|71/100
|move|p2a: Clodsire|Toxic|p1a: Corviknight
|-immune|p1a: Corviknight
|
|-heal|p2a: Clodsire|78/100 brn|[from] item: Black Sludge
|-damage|p2a: Clodsire|72/100 brn|[from] brn
|upkeep
|turn|42
|
|t:|1758357871
|switch|p2a: Corviknight|Corviknight, M|96/100
|move|p1a: Corviknight|U-turn|p2a: Corviknight
|-resisted|p2a: Corviknight
|-damage|p2a: Corviknight|94/100
|-damage|p1a: Corviknight|55/100|[from] item: Rocky Helmet|[of] p2a: Corviknight
|
|t:|1758357876
|switch|p1a: Dragapult|Dragapult, M|100/100|[from] U-turn
|
|upkeep
|turn|43
|
|t:|1758357883
|switch|p2a: Clefable|Clefable, F|100/100
|move|p1a: Dragapult|Flamethrower|p2a: Clefable
|-damage|p2a: Clefable|68/100
|-status|p2a: Clefable|brn
|
|-heal|p2a: Clefable|74/100 brn|[from] item: Leftovers
|upkeep
|turn|44
|
|t:|1758357893
|switch|p1a: Corviknight|Corviknight, F|55/100
|move|p2a: Clefable|Stealth Rock|p1a: Corviknight
|-sidestart|p1: zDangon|move: Stealth Rock
|
|-heal|p2a: Clefable|80/100 brn|[from] item: Leftovers
|upkeep
|turn|45
|
|t:|1758357907
|switch|p2a: Gholdengo|Gholdengo|89/100
|move|p1a: Corviknight|Defog|p2a: Gholdengo
|-immune|p2a: Gholdengo|[from] ability: Good as Gold
|
|upkeep
|turn|46
|
|t:|1758357924
|move|p2a: Gholdengo|Shadow Ball|p1a: Corviknight
|-damage|p1a: Corviknight|14/100
|move|p1a: Corviknight|U-turn|p2a: Gholdengo
|-resisted|p2a: Gholdengo
|-damage|p2a: Gholdengo|85/100
|
|t:|1758357928
|switch|p1a: Dragapult|Dragapult, M|100/100|[from] U-turn
|-damage|p1a: Dragapult|88/100|[from] Stealth Rock
|
|upkeep
|turn|47
|
|t:|1758357935
|switch|p2a: Clodsire|Clodsire, M|72/100 brn
|move|p1a: Dragapult|Shadow Ball|p2a: Clodsire
|-damage|p2a: Clodsire|46/100 brn
|
|-heal|p2a: Clodsire|52/100 brn|[from] item: Black Sludge
|-damage|p2a: Clodsire|46/100 brn|[from] brn
|upkeep
|turn|48
|
|t:|1758357944
|switch|p1a: Corviknight|Corviknight, F|14/100
|-damage|p1a: Corviknight|1/100|[from] Stealth Rock
|move|p2a: Clodsire|Recover|p2a: Clodsire
|-heal|p2a: Clodsire|96/100 brn
|
|-heal|p2a: Clodsire|100/100 brn|[from] item: Black Sludge
|-damage|p2a: Clodsire|94/100 brn|[from] brn
|upkeep
|turn|49
|
|t:|1758357960
|switch|p2a: Cinderace|Cinderace, F|91/100
|move|p1a: Corviknight|Roost|p1a: Corviknight
|-heal|p1a: Corviknight|51/100
|-singleturn|p1a: Corviknight|move: Roost
|
|upkeep
|turn|50
|
|t:|1758357969
|switch|p1a: Rotom|Rotom-Wash|100/100
|-damage|p1a: Rotom|88/100|[from] Stealth Rock
|move|p2a: Cinderace|Zen Headbutt|p1a: Rotom|[miss]
|-start|p2a: Cinderace|typechange|Psychic|[from] ability: Libero
|-miss|p2a: Cinderace|p1a: Rotom
|
|upkeep
|turn|51
|
|t:|1758357992
|switch|p2a: Clodsire|Clodsire, M|94/100 brn
|move|p1a: Rotom|Will-O-Wisp|p2a: Clodsire
|-fail|p2a: Clodsire|brn
|
|-heal|p2a: Clodsire|100/100 brn|[from] item: Black Sludge
|-damage|p2a: Clodsire|94/100 brn|[from] brn
|upkeep
|turn|52
|
|t:|1758358001
|switch|p2a: Cinderace|Cinderace, F|91/100
|move|p1a: Rotom|Pain Split|p2a: Cinderace
|-sethp|p2a: Cinderace|90/100|[from] move: Pain Split|[silent]
|-sethp|p1a: Rotom|89/100|[from] move: Pain Split
|
|upkeep
|turn|53
|
|t:|1758358007
|move|p2a: Cinderace|U-turn|p1a: Rotom
|-start|p2a: Cinderace|typechange|Bug|[from] ability: Libero
|-damage|p1a: Rotom|61/100
|
|t:|1758358012
|switch|p2a: Clodsire|Clodsire, M|94/100 brn|[from] U-turn
|move|p1a: Rotom|Hydro Pump|p2a: Clodsire
|-heal|p2a: Clodsire|100/100 brn|[from] ability: Water Absorb|[of] p1a: Rotom
|
|-damage|p2a: Clodsire|94/100 brn|[from] brn
|upkeep
|turn|54
|
|t:|1758358019
|move|p1a: Rotom|Pain Split|p2a: Clodsire
|-sethp|p2a: Clodsire|67/100 brn|[from] move: Pain Split|[silent]
|-sethp|p1a: Rotom|100/100|[from] move: Pain Split
|move|p2a: Clodsire|Toxic|p1a: Rotom
|-status|p1a: Rotom|tox
|
|-heal|p2a: Clodsire|73/100 brn|[from] item: Black Sludge
|-damage|p1a: Rotom|94/100 tox|[from] psn
|-damage|p2a: Clodsire|67/100 brn|[from] brn
|upkeep
|turn|55
|
|t:|1758358031
|switch|p1a: Corviknight|Corviknight, F|51/100
|-damage|p1a: Corviknight|39/100|[from] Stealth Rock
|move|p2a: Clodsire|Recover|p2a: Clodsire
|-heal|p2a: Clodsire|100/100 brn
|
|-damage|p2a: Clodsire|94/100 brn|[from] brn
|upkeep
|turn|56
|
|t:|1758358041
|move|p1a: Corviknight|Roost|p1a: Corviknight
|-heal|p1a: Corviknight|89/100
|-singleturn|p1a: Corviknight|move: Roost
|move|p2a: Clodsire|Earthquake|p1a: Corviknight
|-supereffective|p1a: Corviknight
|-damage|p1a: Corviknight|71/100
|
|-heal|p2a: Clodsire|100/100 brn|[from] item: Black Sludge
|-damage|p2a: Clodsire|94/100 brn|[from] brn
|upkeep
|turn|57
|
|t:|1758358052
|switch|p2a: Gholdengo|Gholdengo|85/100
|move|p1a: Corviknight|Defog|p2a: Gholdengo
|-immune|p2a: Gholdengo|[from] ability: Good as Gold
|
|upkeep
|turn|58
|
|t:|1758358061
|move|p2a: Gholdengo|Shadow Ball|p1a: Corviknight
|-damage|p1a: Corviknight|30/100
|move|p1a: Corviknight|U-turn|p2a: Gholdengo
|-resisted|p2a: Gholdengo
|-damage|p2a: Gholdengo|80/100
|
|t:|1758358066
|switch|p1a: Rillaboom|Rillaboom, F|100/100|[from] U-turn
|-damage|p1a: Rillaboom|88/100|[from] Stealth Rock
|-fieldstart|move: Grassy Terrain|[from] ability: Grassy Surge|[of] p1a: Rillaboom
|
|-heal|p2a: Gholdengo|87/100|[from] Grassy Terrain
|-heal|p1a: Rillaboom|94/100|[from] Grassy Terrain
|upkeep
|turn|59
|
|t:|1758358101
|move|p2a: Gholdengo|Make It Rain|p1a: Rillaboom
|-damage|p1a: Rillaboom|41/100
|-unboost|p2a: Gholdengo|spa|1
|move|p1a: Rillaboom|Knock Off|p2a: Gholdengo
|-supereffective|p2a: Gholdengo
|-damage|p2a: Gholdengo|2/100
|-enditem|p2a: Gholdengo|Focus Sash|[from] move: Knock Off|[of] p1a: Rillaboom
|
|-heal|p2a: Gholdengo|8/100|[from] Grassy Terrain
|-heal|p1a: Rillaboom|47/100|[from] Grassy Terrain
|upkeep
|turn|60
|
|t:|1758358127
|switch|p2a: Corviknight|Corviknight, M|94/100
|move|p1a: Rillaboom|Grassy Glide|p2a: Corviknight
|-resisted|p2a: Corviknight
|-damage|p2a: Corviknight|88/100
|-damage|p1a: Rillaboom|30/100|[from] item: Rocky Helmet|[of] p2a: Corviknight
|
|-heal|p1a: Rillaboom|37/100|[from] Grassy Terrain
|upkeep
|turn|61
|
|t:|1758358139
|switch|p1a: Corviknight|Corviknight, F|30/100
|-damage|p1a: Corviknight|18/100|[from] Stealth Rock
|switch|p2a: Gholdengo|Gholdengo|8/100
|
|-heal|p2a: Gholdengo|14/100|[from] Grassy Terrain
|upkeep
|turn|62
|
|t:|1758358147
|switch|p1a: Rotom|Rotom-Wash|94/100 tox
|-damage|p1a: Rotom|82/100 tox|[from] Stealth Rock
|move|p2a: Gholdengo|Shadow Ball|p1a: Rotom
|-damage|p1a: Rotom|36/100 tox
|
|-heal|p2a: Gholdengo|20/100|[from] Grassy Terrain
|-damage|p1a: Rotom|30/100 tox|[from] psn
|-fieldend|move: Grassy Terrain
|upkeep
|turn|63
|
|t:|1758358158
|move|p2a: Gholdengo|Shadow Ball|p1a: Rotom
|-damage|p1a: Rotom|0 fnt
|faint|p1a: Rotom
|
|upkeep
|
|t:|1758358166
|switch|p1a: Dragapult|Dragapult, M|88/100
|-damage|p1a: Dragapult|76/100|[from] Stealth Rock
|turn|64
|
|t:|1758358172
|switch|p2a: Clodsire|Clodsire, M|94/100 brn
|move|p1a: Dragapult|Shadow Ball|p2a: Clodsire
|-damage|p2a: Clodsire|66/100 brn
|
|-heal|p2a: Clodsire|72/100 brn|[from] item: Black Sludge
|-damage|p2a: Clodsire|66/100 brn|[from] brn
|upkeep
|turn|65
|
|t:|1758358186
|switch|p2a: Cinderace|Cinderace, F|90/100
|move|p1a: Dragapult|Shadow Ball|p2a: Cinderace
|-damage|p2a: Cinderace|18/100
|
|upkeep
|turn|66
|
|t:|1758358251
|switch|p1a: Corviknight|Corviknight, F|18/100
|-damage|p1a: Corviknight|5/100|[from] Stealth Rock
|move|p2a: Cinderace|U-turn|p1a: Corviknight
|-start|p2a: Cinderace|typechange|Bug|[from] ability: Libero
|-resisted|p1a: Corviknight
|-damage|p1a: Corviknight|1/100
|-damage|p2a: Cinderace|1/100|[from] item: Rocky Helmet|[of] p1a: Corviknight
|
|t:|1758358264
|switch|p2a: Quaquaval|Quaquaval, F|100/100|[from] U-turn
|
|upkeep
|turn|67
|
|t:|1758358269
|move|p2a: Quaquaval|Aqua Step|p1a: Corviknight
|-damage|p1a: Corviknight|0 fnt
|-boost|p2a: Quaquaval|spe|1
|-damage|p2a: Quaquaval|84/100|[from] item: Rocky Helmet|[of] p1a: Corviknight
|faint|p1a: Corviknight
|-ability|p2a: Quaquaval|Moxie|boost
|-boost|p2a: Quaquaval|atk|1
|
|upkeep
|
|t:|1758358273
|switch|p1a: Rillaboom|Rillaboom, F|37/100
|-damage|p1a: Rillaboom|24/100|[from] Stealth Rock
|-fieldstart|move: Grassy Terrain|[from] ability: Grassy Surge|[of] p1a: Rillaboom
|turn|68
|
|t:|1758358285
|switch|p2a: Corviknight|Corviknight, M|88/100
|move|p1a: Rillaboom|Grassy Glide|p2a: Corviknight
|-resisted|p2a: Corviknight
|-damage|p2a: Corviknight|81/100
|-damage|p1a: Rillaboom|8/100|[from] item: Rocky Helmet|[of] p2a: Corviknight
|
|-heal|p1a: Rillaboom|14/100|[from] Grassy Terrain
|upkeep
|turn|69
|
|t:|1758358296
|move|p1a: Rillaboom|U-turn|p2a: Corviknight
|-resisted|p2a: Corviknight
|-damage|p2a: Corviknight|77/100
|-damage|p1a: Rillaboom|0 fnt|[from] item: Rocky Helmet|[of] p2a: Corviknight
|faint|p1a: Rillaboom
|move|p2a: Corviknight|Drill Peck|p1: Rillaboom|[notarget]
|-fail|p2a: Corviknight
|
|upkeep
|
|t:|1758358298
|switch|p1a: Dragapult|Dragapult, M|76/100
|-damage|p1a: Dragapult|64/100|[from] Stealth Rock
|turn|70
|
|t:|1758358307
|switch|p2a: Clodsire|Clodsire, M|66/100 brn
|move|p1a: Dragapult|Flamethrower|p2a: Clodsire
|-damage|p2a: Clodsire|44/100 brn
|
|-heal|p1a: Dragapult|70/100|[from] Grassy Terrain
|-heal|p2a: Clodsire|50/100 brn|[from] Grassy Terrain
|-heal|p2a: Clodsire|57/100 brn|[from] item: Black Sludge
|-damage|p2a: Clodsire|50/100 brn|[from] brn
|upkeep
|turn|71
|
|t:|1758358320
|switch|p1a: Hawlucha|Hawlucha, M|100/100
|-damage|p1a: Hawlucha|88/100|[from] Stealth Rock
|-enditem|p1a: Hawlucha|Grassy Seed
|-boost|p1a: Hawlucha|def|1|[from] item: Grassy Seed
|move|p2a: Clodsire|Toxic|p1a: Hawlucha
|-status|p1a: Hawlucha|tox
|
|-heal|p2a: Clodsire|57/100 brn|[from] Grassy Terrain
|-heal|p2a: Clodsire|63/100 brn|[from] item: Black Sludge
|-damage|p1a: Hawlucha|82/100 tox|[from] psn
|-damage|p2a: Clodsire|57/100 brn|[from] brn
|upkeep
|turn|72
|
|t:|1758358332
|move|p1a: Hawlucha|Swords Dance|p1a: Hawlucha
|-boost|p1a: Hawlucha|atk|2
|move|p2a: Clodsire|Chilling Water|p1a: Hawlucha
|-damage|p1a: Hawlucha|72/100 tox
|-unboost|p1a: Hawlucha|atk|1
|
|-heal|p2a: Clodsire|63/100 brn|[from] Grassy Terrain
|-heal|p2a: Clodsire|69/100 brn|[from] item: Black Sludge
|-damage|p1a: Hawlucha|60/100 tox|[from] psn
|-damage|p2a: Clodsire|63/100 brn|[from] brn
|-fieldend|move: Grassy Terrain
|upkeep
|turn|73
|
|t:|1758358345
|move|p1a: Hawlucha|Acrobatics|p2a: Clodsire
|-damage|p2a: Clodsire|0 fnt
|faint|p2a: Clodsire
|
|-damage|p1a: Hawlucha|42/100 tox|[from] psn
|upkeep
|
|t:|1758358351
|switch|p2a: Corviknight|Corviknight, M|77/100
|turn|74
|
|t:|1758358358
|move|p1a: Hawlucha|High Jump Kick|p2a: Corviknight
|-damage|p2a: Corviknight|20/100
|-damage|p1a: Hawlucha|25/100 tox|[from] item: Rocky Helmet|[of] p2a: Corviknight
|move|p2a: Corviknight|Roost|p2a: Corviknight
|-heal|p2a: Corviknight|70/100
|-singleturn|p2a: Corviknight|move: Roost
|
|-damage|p1a: Hawlucha|1/100 tox|[from] psn
|upkeep
|turn|75
|
|t:|1758358378
|move|p1a: Hawlucha|Roost|p1a: Hawlucha
|-heal|p1a: Hawlucha|51/100 tox
|-singleturn|p1a: Hawlucha|move: Roost
|move|p2a: Corviknight|Drill Peck|p1a: Hawlucha
|-supereffective|p1a: Hawlucha
|-damage|p1a: Hawlucha|1/100 tox
|
|-damage|p1a: Hawlucha|0 fnt|[from] psn
|faint|p1a: Hawlucha
|upkeep
|
|t:|1758358380
|switch|p1a: Dragapult|Dragapult, M|70/100
|-damage|p1a: Dragapult|57/100|[from] Stealth Rock
|turn|76
|
|t:|1758358393
|move|p1a: Dragapult|Flamethrower|p2a: Corviknight
|-supereffective|p2a: Corviknight
|-damage|p2a: Corviknight|0 fnt
|faint|p2a: Corviknight
|
|upkeep
|
|t:|1758358398
|switch|p2a: Cinderace|Cinderace, F|1/100
|turn|77
|
|t:|1758358405
|move|p2a: Cinderace|U-turn|p1a: Dragapult
|-start|p2a: Cinderace|typechange|Bug|[from] ability: Libero
|-resisted|p1a: Dragapult
|-damage|p1a: Dragapult|35/100
|
|t:|1758358409
|switch|p2a: Gholdengo|Gholdengo|20/100|[from] U-turn
|move|p1a: Dragapult|Flamethrower|p2a: Gholdengo
|-supereffective|p2a: Gholdengo
|-damage|p2a: Gholdengo|0 fnt
|faint|p2a: Gholdengo
|
|upkeep
|
|t:|1758358417
|switch|p2a: Cinderace|Cinderace, F|1/100
|turn|78
|
|t:|1758358421
|move|p2a: Cinderace|U-turn|p1a: Dragapult
|-start|p2a: Cinderace|typechange|Bug|[from] ability: Libero
|-resisted|p1a: Dragapult
|-damage|p1a: Dragapult|10/100
|
|t:|1758358425
|switch|p2a: Quaquaval|Quaquaval, F|84/100|[from] U-turn
|move|p1a: Dragapult|Flamethrower|p2a: Quaquaval
|-resisted|p2a: Quaquaval
|-damage|p2a: Quaquaval|67/100
|
|upkeep
|turn|79
|
|t:|1758358431
|move|p1a: Dragapult|Flamethrower|p2a: Quaquaval
|-resisted|p2a: Quaquaval
|-damage|p2a: Quaquaval|49/100
|move|p2a: Quaquaval|Ice Spinner|p1a: Dragapult
|-supereffective|p1a: Dragapult
|-damage|p1a: Dragapult|0 fnt
|faint|p1a: Dragapult
|
|win|Ivinooby
|c|☆Ivinooby|ggs
|c|☆zDangon|gg que mala suerte tengo gholdengo a 3 de vida y cinderace 1 de vida
|c|☆Ivinooby|yaaaa eso es verdad
|c|☆zDangon|en la jornada 3 me paso lo mismo,deje a 3 o 4 pokes a nada de vida
|c|☆zDangon|el gholdengo es timid o modest?
