|badge|p1|bronze|gen9ou|100-6
|uhtml|medal-msg|<div class="broadcast-blue">Curious what those medals under the avatar are? PS now has Ladder Seasons! For more information, check out the <a href="https://www.smogon.com/forums/threads/3740067/">thread on Smogon.</a></div>
|j|☆1shy9
|j|☆nah just click
|t:|1758365179
|gametype|singles
|player|p1|1shy9|acetrainerf-gen4|1786
|player|p2|nah just click|169|1726
|gen|9
|tier|[Gen 9] OU
|rated|
|rule|HP Percentage Mod: HP is shown in percentages
|rule|Endless Battle Clause: Forcing endless battles is banned
|rule|Species Clause: Limit one of each Pokémon
|rule|OHKO Clause: OHKO moves are banned
|rule|Evasion Items Clause: Evasion items are banned
|rule|Evasion Moves Clause: Evasion moves are banned
|rule|Evasion Abilities Clause: Evasion abilities are banned
|rule|Sleep Moves Clause: Sleep-inducing moves are banned
|clearpoke
|poke|p1|Iron Moth|
|poke|p1|Gholdengo|
|poke|p1|Great Tusk|
|poke|p1|Kyurem|
|poke|p1|Zamazenta-*|
|poke|p1|Dragonite, F|
|poke|p2|Gholdengo|
|poke|p2|Primarina, M|
|poke|p2|Great Tusk|
|poke|p2|Ogerpon-Wellspring, F|
|poke|p2|Landorus-Therian, M|
|poke|p2|Iron Moth|
|teampreview
|inactive|Battle timer is ON: inactive players will automatically lose when time's up. (requested by nah just click)
|
|t:|1758365197
|teamsize|p1|6
|teamsize|p2|6
|start
|switch|p1a: Kyurem|Kyurem|100/100
|switch|p2a: Primarina|Primarina, M|100/100
|-ability|p1a: Kyurem|Pressure
|turn|1
|
|t:|1758365205
|switch|p1a: Gholdengo|Gholdengo|100/100
|-item|p1a: Gholdengo|Air Balloon
|move|p2a: Primarina|Moonblast|p1a: Gholdengo
|-resisted|p1a: Gholdengo
|-damage|p1a: Gholdengo|58/100
|-enditem|p1a: Gholdengo|Air Balloon
|
|upkeep
|turn|2
|j| jonbilbaobi
|
|t:|1758365211
|switch|p2a: Ogerpon|Ogerpon-Wellspring, F|100/100
|move|p1a: Gholdengo|Make It Rain|p2a: Ogerpon
|-resisted|p2a: Ogerpon
|-damage|p2a: Ogerpon|62/100
|-unboost|p1a: Gholdengo|spa|1
|
|upkeep
|turn|3
|
|t:|1758365215
|switch|p1a: Zamazenta|Zamazenta|100/100
|-ability|p1a: Zamazenta|Dauntless Shield|boost
|-boost|p1a: Zamazenta|def|1
|move|p2a: Ogerpon|Knock Off|p1a: Zamazenta
|-resisted|p1a: Zamazenta
|-damage|p1a: Zamazenta|90/100
|-enditem|p1a: Zamazenta|Leftovers|[from] move: Knock Off|[of] p2a: Ogerpon
|
|upkeep
|turn|4
|
|t:|1758365221
|move|p1a: Zamazenta|Crunch|p2a: Ogerpon
|-damage|p2a: Ogerpon|32/100
|move|p2a: Ogerpon|U-turn|p1a: Zamazenta
|-resisted|p1a: Zamazenta
|-damage|p1a: Zamazenta|83/100
|
|t:|1758365225
|switch|p2a: Primarina|Primarina, M|100/100|[from] U-turn
|
|upkeep
|turn|5
|
|t:|1758365228
|switch|p1a: Gholdengo|Gholdengo|58/100
|move|p2a: Primarina|Sparkling Aria|p1a: Gholdengo
|-damage|p1a: Gholdengo|0 fnt
|faint|p1a: Gholdengo
|
|upkeep
|
|t:|1758365252
|switch|p1a: Dragonite|Dragonite, F|100/100
|turn|6
|
|t:|1758365254
|switch|p2a: Gholdengo|Gholdengo|100/100
|move|p1a: Dragonite|Earthquake|p2a: Gholdengo
|-supereffective|p2a: Gholdengo
|-damage|p2a: Gholdengo|17/100
|
|upkeep
|turn|7
|
|t:|1758365260
|move|p2a: Gholdengo|Make It Rain|p1a: Dragonite
|-damage|p1a: Dragonite|68/100
|-unboost|p2a: Gholdengo|spa|1
|move|p1a: Dragonite|Earthquake|p2a: Gholdengo
|-supereffective|p2a: Gholdengo
|-damage|p2a: Gholdengo|0 fnt
|faint|p2a: Gholdengo
|
|upkeep
|
|t:|1758365264
|switch|p2a: Great Tusk|Great Tusk|100/100
|turn|8
|
|t:|1758365272
|switch|p1a: Great Tusk|Great Tusk|100/100
|move|p2a: Great Tusk|Rapid Spin|p1a: Great Tusk
|-damage|p1a: Great Tusk|89/100
|-boost|p2a: Great Tusk|spe|1
|
|upkeep
|turn|9
|
|t:|1758365276
|move|p2a: Great Tusk|Rapid Spin|p1a: Great Tusk
|-damage|p1a: Great Tusk|77/100
|-boost|p2a: Great Tusk|spe|1
|move|p1a: Great Tusk|Ice Spinner|p2a: Great Tusk
|-supereffective|p2a: Great Tusk
|-damage|p2a: Great Tusk|63/100
|
|-heal|p2a: Great Tusk|69/100|[from] item: Leftovers
|upkeep
|turn|10
|
|t:|1758365285
|-terastallize|p2a: Great Tusk|Ghost
|move|p2a: Great Tusk|Bulk Up|p2a: Great Tusk
|-boost|p2a: Great Tusk|atk|1
|-boost|p2a: Great Tusk|def|1
|move|p1a: Great Tusk|Ice Spinner|p2a: Great Tusk
|-damage|p2a: Great Tusk|58/100
|
|-heal|p2a: Great Tusk|65/100|[from] item: Leftovers
|upkeep
|turn|11
|
|t:|1758365296
|-end|p1a: Great Tusk|Protosynthesis|[silent]
|switch|p1a: Kyurem|Kyurem|100/100
|-ability|p1a: Kyurem|Pressure
|move|p2a: Great Tusk|Rapid Spin|p1a: Kyurem
|-damage|p1a: Kyurem|77/100
|-boost|p2a: Great Tusk|spe|1
|
|-heal|p2a: Great Tusk|71/100|[from] item: Leftovers
|upkeep
|turn|12
|
|t:|1758365300
|move|p2a: Great Tusk|Headlong Rush|p1a: Kyurem
|-damage|p1a: Kyurem|0 fnt
|-unboost|p2a: Great Tusk|def|1
|-unboost|p2a: Great Tusk|spd|1
|faint|p1a: Kyurem
|
|-heal|p2a: Great Tusk|77/100|[from] item: Leftovers
|upkeep
|j| xmagic_247
|
|t:|1758365325
|switch|p1a: Great Tusk|Great Tusk|77/100
|turn|13
|
|t:|1758365333
|move|p2a: Great Tusk|Bulk Up|p2a: Great Tusk
|-boost|p2a: Great Tusk|atk|1
|-boost|p2a: Great Tusk|def|1
|move|p1a: Great Tusk|Headlong Rush|p2a: Great Tusk
|-damage|p2a: Great Tusk|51/100
|-unboost|p1a: Great Tusk|def|1
|-unboost|p1a: Great Tusk|spd|1
|
|-heal|p2a: Great Tusk|57/100|[from] item: Leftovers
|upkeep
|turn|14
|
|t:|1758365338
|move|p2a: Great Tusk|Headlong Rush|p1a: Great Tusk
|-damage|p1a: Great Tusk|0 fnt
|-unboost|p2a: Great Tusk|def|1
|-unboost|p2a: Great Tusk|spd|1
|faint|p1a: Great Tusk
|-end|p1a: Great Tusk|Protosynthesis|[silent]
|
|-heal|p2a: Great Tusk|64/100|[from] item: Leftovers
|upkeep
|
|t:|1758365354
|switch|p1a: Zamazenta|Zamazenta|83/100
|turn|15
|
|t:|1758365357
|move|p2a: Great Tusk|Bulk Up|p2a: Great Tusk
|-boost|p2a: Great Tusk|atk|1
|-boost|p2a: Great Tusk|def|1
|move|p1a: Zamazenta|Crunch|p2a: Great Tusk
|-supereffective|p2a: Great Tusk
|-damage|p2a: Great Tusk|43/100
|
|-heal|p2a: Great Tusk|50/100|[from] item: Leftovers
|upkeep
|turn|16
|
|t:|1758365366
|move|p2a: Great Tusk|Headlong Rush|p1a: Zamazenta
|-damage|p1a: Zamazenta|0 fnt
|-unboost|p2a: Great Tusk|def|1
|-unboost|p2a: Great Tusk|spd|1
|faint|p1a: Zamazenta
|
|-heal|p2a: Great Tusk|56/100|[from] item: Leftovers
|upkeep
|
|t:|1758365376
|switch|p1a: Iron Moth|Iron Moth|100/100
|-enditem|p1a: Iron Moth|Booster Energy
|-activate|p1a: Iron Moth|ability: Quark Drive|[fromitem]
|-start|p1a: Iron Moth|quarkdrivespe
|turn|17
|
|t:|1758365378
|-terastallize|p1a: Iron Moth|Ground
|move|p2a: Great Tusk|Headlong Rush|p1a: Iron Moth
|-damage|p1a: Iron Moth|0 fnt
|-unboost|p2a: Great Tusk|def|1
|-unboost|p2a: Great Tusk|spd|1
|faint|p1a: Iron Moth
|-end|p1a: Iron Moth|Quark Drive|[silent]
|
|-heal|p2a: Great Tusk|62/100|[from] item: Leftovers
|upkeep
|-message|1shy9 forfeited.
|
|win|nah just click
|raw|1shy9's rating: 1786 &rarr; <strong>1763</strong><br />(-23 for losing)
|raw|nah just click's rating: 1726 &rarr; <strong>1749</strong><br />(+23 for winning)
|l|☆1shy9
|player|p1|
|l|☆nah just click
|player|p2|
