|j|☆johnisburn
|j|☆Ugg296
|t:|1758236071
|gametype|singles
|player|p1|johnisburn|clown|
|player|p2|Ugg296|102|
|gen|9
|tier|[Gen 9] OU
|rule|HP Percentage Mod: HP is shown in percentages
|rule|Endless Battle Clause: Forcing endless battles is banned
|rule|Species Clause: Limit one of each Pokémon
|rule|OHKO Clause: OHKO moves are banned
|rule|Evasion Items Clause: Evasion items are banned
|rule|Evasion Moves Clause: Evasion moves are banned
|rule|Evasion Abilities Clause: Evasion abilities are banned
|rule|Sleep Moves Clause: Sleep-inducing moves are banned
|clearpoke
|poke|p1|Ting-Lu|
|poke|p1|Gliscor, F|
|poke|p1|Sinistcha-Masterpiece|
|poke|p1|Keldeo|
|poke|p1|Tinkaton, F|
|poke|p1|Dragonite, M|
|poke|p2|Tornadus-Therian, M|
|poke|p2|Hydrapple, M|
|poke|p2|Slowking-Galar, F|
|poke|p2|Iron Treads|
|poke|p2|Kingambit, F|
|poke|p2|Alomomola, F|
|teampreview
|j| DrBunns
|j| brickmouse
|j| jukas97
|
|t:|1758236111
|teamsize|p1|6
|teamsize|p2|6
|start
|switch|p1a: Tinkaton|Tinkaton, F|100/100
|switch|p2a: Alomomola|Alomomola, F|100/100
|-ability|p1a: Tinkaton|Mold Breaker
|-item|p1a: Tinkaton|Air Balloon
|turn|1
|
|t:|1758236174
|move|p1a: Tinkaton|Thunder Wave|p2a: Alomomola
|-status|p2a: Alomomola|par
|move|p2a: Alomomola|Flip Turn|p1a: Tinkaton
|-damage|p1a: Tinkaton|84/100
|-enditem|p1a: Tinkaton|Air Balloon
|
|t:|1758236184
|switch|p2a: Iron Treads|Iron Treads|100/100|[from] Flip Turn
|-enditem|p2a: Iron Treads|Booster Energy
|-activate|p2a: Iron Treads|ability: Quark Drive|[fromitem]
|-start|p2a: Iron Treads|quarkdrivespe
|
|upkeep
|turn|2
|
|t:|1758236211
|switch|p1a: Gliscor|Gliscor, F|100/100
|move|p2a: Iron Treads|Stealth Rock|p1a: Gliscor
|-sidestart|p1: johnisburn|move: Stealth Rock
|
|-status|p1a: Gliscor|tox|[from] item: Toxic Orb
|upkeep
|turn|3
|
|t:|1758236285
|-end|p2a: Iron Treads|Quark Drive|[silent]
|switch|p2a: Hydrapple|Hydrapple, M|100/100
|move|p1a: Gliscor|Knock Off|p2a: Hydrapple
|-damage|p2a: Hydrapple|88/100
|-enditem|p2a: Hydrapple|Heavy-Duty Boots|[from] move: Knock Off|[of] p1a: Gliscor
|
|upkeep
|turn|4
|
|t:|1758236340
|switch|p1a: Tinkaton|Tinkaton, F|84/100
|-damage|p1a: Tinkaton|78/100|[from] Stealth Rock
|-ability|p1a: Tinkaton|Mold Breaker
|move|p2a: Hydrapple|Nasty Plot|p2a: Hydrapple
|-boost|p2a: Hydrapple|spa|2
|
|upkeep
|turn|5
|
|t:|1758236357
|move|p1a: Tinkaton|Thunder Wave|p2a: Hydrapple
|-status|p2a: Hydrapple|par
|move|p2a: Hydrapple|Earth Power|p1a: Tinkaton
|-supereffective|p1a: Tinkaton
|-damage|p1a: Tinkaton|0 fnt
|faint|p1a: Tinkaton
|
|upkeep
|
|t:|1758236384
|switch|p1a: Ting-Lu|Ting-Lu|100/100
|-damage|p1a: Ting-Lu|94/100|[from] Stealth Rock
|-ability|p1a: Ting-Lu|Vessel of Ruin
|turn|6
|
|t:|1758236440
|move|p2a: Hydrapple|Nasty Plot|p2a: Hydrapple
|-boost|p2a: Hydrapple|spa|2
|move|p1a: Ting-Lu|Whirlwind|p2a: Hydrapple
|drag|p2a: Tornadus|Tornadus-Therian, M|100/100
|
|-heal|p1a: Ting-Lu|100/100|[from] item: Leftovers
|upkeep
|turn|7
|
|t:|1758236461
|move|p2a: Tornadus|Knock Off|p1a: Ting-Lu
|-resisted|p1a: Ting-Lu
|-damage|p1a: Ting-Lu|95/100
|-enditem|p1a: Ting-Lu|Leftovers|[from] move: Knock Off|[of] p2a: Tornadus
|move|p1a: Ting-Lu|Spikes|p2a: Tornadus
|-sidestart|p2: Ugg296|Spikes
|
|upkeep
|turn|8
|
|t:|1758236507
|move|p2a: Tornadus|U-turn|p1a: Ting-Lu
|-supereffective|p1a: Ting-Lu
|-damage|p1a: Ting-Lu|78/100
|
|t:|1758236523
|switch|p2a: Alomomola|Alomomola, F|100/100 par|[from] U-turn
|-damage|p2a: Alomomola|88/100 par|[from] Spikes
|move|p1a: Ting-Lu|Spikes|p2a: Alomomola
|-sidestart|p2: Ugg296|Spikes
|
|upkeep
|turn|9
|
|t:|1758236560
|move|p1a: Ting-Lu|Ruination|p2a: Alomomola|[miss]
|-miss|p1a: Ting-Lu|p2a: Alomomola
|move|p2a: Alomomola|Flip Turn|p1a: Ting-Lu
|-supereffective|p1a: Ting-Lu
|-damage|p1a: Ting-Lu|62/100
|
|t:|1758236595
|switch|p2a: Tornadus|Tornadus-Therian, M|100/100|[from] Flip Turn
|
|upkeep
|turn|10
|
|t:|1758236604
|move|p2a: Tornadus|U-turn|p1a: Ting-Lu
|-supereffective|p1a: Ting-Lu
|-damage|p1a: Ting-Lu|44/100
|
|t:|1758236610
|switch|p2a: Alomomola|Alomomola, F|100/100 par|[from] U-turn
|-damage|p2a: Alomomola|84/100 par|[from] Spikes
|move|p1a: Ting-Lu|Whirlwind|p2a: Alomomola
|drag|p2a: Slowking|Slowking-Galar, F|100/100
|
|upkeep
|turn|11
|
|t:|1758236634
|switch|p2a: Tornadus|Tornadus-Therian, M|100/100
|move|p1a: Ting-Lu|Earthquake|p2a: Tornadus
|-immune|p2a: Tornadus
|
|upkeep
|turn|12
|
|t:|1758236643
|move|p2a: Tornadus|U-turn|p1a: Ting-Lu
|-supereffective|p1a: Ting-Lu
|-damage|p1a: Ting-Lu|27/100
|
|t:|1758236648
|switch|p2a: Alomomola|Alomomola, F|100/100 par|[from] U-turn
|-damage|p2a: Alomomola|84/100 par|[from] Spikes
|move|p1a: Ting-Lu|Whirlwind|p2a: Alomomola
|drag|p2a: Iron Treads|Iron Treads|100/100
|-damage|p2a: Iron Treads|84/100|[from] Spikes
|
|upkeep
|turn|13
|
|t:|1758236669
|-end|p2a: Iron Treads|Quark Drive|[silent]
|switch|p2a: Tornadus|Tornadus-Therian, M|100/100
|move|p1a: Ting-Lu|Earthquake|p2a: Tornadus
|-immune|p2a: Tornadus
|
|upkeep
|turn|14
|
|t:|1758236677
|move|p2a: Tornadus|U-turn|p1a: Ting-Lu
|-supereffective|p1a: Ting-Lu
|-damage|p1a: Ting-Lu|10/100
|
|t:|1758236682
|switch|p2a: Alomomola|Alomomola, F|100/100 par|[from] U-turn
|-damage|p2a: Alomomola|84/100 par|[from] Spikes
|move|p1a: Ting-Lu|Spikes|p2a: Alomomola
|-sidestart|p2: Ugg296|Spikes
|
|upkeep
|turn|15
|
|t:|1758236719
|switch|p1a: Keldeo|Keldeo|100/100
|cant|p2a: Alomomola|par
|
|upkeep
|turn|16
|
|t:|1758236780
|move|p1a: Keldeo|Aura Sphere|p2a: Alomomola
|-crit|p2a: Alomomola
|-damage|p2a: Alomomola|14/100 par
|move|p2a: Alomomola|Flip Turn|p1a: Keldeo
|-resisted|p1a: Keldeo
|-damage|p1a: Keldeo|93/100
|
|t:|1758236786
|switch|p2a: Tornadus|Tornadus-Therian, M|100/100|[from] Flip Turn
|
|upkeep
|turn|17
|l| jukas97
|
|t:|1758236817
|switch|p1a: Dragonite|Dragonite, M|100/100
|move|p2a: Tornadus|Bleakwind Storm|p1a: Dragonite
|-damage|p1a: Dragonite|84/100
|
|upkeep
|turn|18
|
|t:|1758236887
|move|p2a: Tornadus|Bleakwind Storm|p1a: Dragonite
|-damage|p1a: Dragonite|53/100
|move|p1a: Dragonite|Dragon Tail|p2a: Tornadus
|-damage|p2a: Tornadus|54/100
|drag|p2a: Hydrapple|Hydrapple, M|100/100 par
|-damage|p2a: Hydrapple|76/100 par|[from] Spikes
|
|upkeep
|turn|19
|
|t:|1758236909
|move|p2a: Hydrapple|Fickle Beam|p1a: Dragonite|[anim] Fickle Beam All Out
|-activate|p2a: Hydrapple|move: Fickle Beam
|-supereffective|p1a: Dragonite
|-damage|p1a: Dragonite|0 fnt
|faint|p1a: Dragonite
|
|upkeep
|
|t:|1758236953
|switch|p1a: Sinistcha|Sinistcha-Masterpiece|100/100
|turn|20
|
|t:|1758237003
|switch|p2a: Tornadus|Tornadus-Therian, M|87/100
|move|p1a: Sinistcha|Calm Mind|p1a: Sinistcha
|-boost|p1a: Sinistcha|spa|1
|-boost|p1a: Sinistcha|spd|1
|
|upkeep
|turn|21
|
|t:|1758237038
|-terastallize|p1a: Sinistcha|Poison
|move|p2a: Tornadus|Bleakwind Storm|p1a: Sinistcha
|-damage|p1a: Sinistcha|69/100
|-unboost|p1a: Sinistcha|spe|1
|move|p1a: Sinistcha|Shadow Ball|p2a: Tornadus
|-damage|p2a: Tornadus|55/100
|-unboost|p2a: Tornadus|spd|1
|
|upkeep
|turn|22
|
|t:|1758237106
|move|p2a: Tornadus|U-turn|p1a: Sinistcha
|-resisted|p1a: Sinistcha
|-damage|p1a: Sinistcha|64/100
|
|t:|1758237109
|switch|p2a: Slowking|Slowking-Galar, F|100/100|[from] U-turn
|move|p1a: Sinistcha|Shadow Ball|p2a: Slowking
|-supereffective|p2a: Slowking
|-damage|p2a: Slowking|42/100
|
|upkeep
|turn|23
|
|t:|1758237180
|switch|p2a: Tornadus|Tornadus-Therian, M|89/100
|move|p1a: Sinistcha|Strength Sap|p2a: Tornadus
|-unboost|p2a: Tornadus|atk|1
|-heal|p1a: Sinistcha|100/100
|
|upkeep
|turn|24
|
|t:|1758237198
|move|p2a: Tornadus|Bleakwind Storm|p1a: Sinistcha
|-damage|p1a: Sinistcha|73/100
|-unboost|p1a: Sinistcha|spe|1
|move|p1a: Sinistcha|Shadow Ball|p2a: Tornadus
|-damage|p2a: Tornadus|57/100
|-unboost|p2a: Tornadus|spd|1
|
|upkeep
|turn|25
|
|t:|1758237221
|move|p2a: Tornadus|Bleakwind Storm|p1a: Sinistcha
|-damage|p1a: Sinistcha|41/100
|move|p1a: Sinistcha|Calm Mind|p1a: Sinistcha
|-boost|p1a: Sinistcha|spa|1
|-boost|p1a: Sinistcha|spd|1
|
|upkeep
|turn|26
|
|t:|1758237325
|move|p2a: Tornadus|U-turn|p1a: Sinistcha
|-resisted|p1a: Sinistcha
|-damage|p1a: Sinistcha|37/100
|c|☆johnisburn|...
|
|t:|1758237485
|switch|p2a: Slowking|Slowking-Galar, F|75/100|[from] U-turn
|move|p1a: Sinistcha|Strength Sap|p2a: Slowking
|-unboost|p2a: Slowking|atk|1
|-heal|p1a: Sinistcha|72/100
|
|upkeep
|turn|27
|c| brickmouse|I'M HUNGRY
|
|t:|1758237506
|move|p2a: Slowking|Future Sight|p1a: Sinistcha
|-start|p2a: Slowking|move: Future Sight
|move|p1a: Sinistcha|Shadow Ball|p2a: Slowking
|-supereffective|p2a: Slowking
|-damage|p2a: Slowking|6/100
|-unboost|p2a: Slowking|spd|1
|
|upkeep
|turn|28
|c|☆Ugg296|sorry bad connection for a sec
|
|t:|1758237549
|switch|p2a: Tornadus|Tornadus-Therian, M|90/100
|move|p1a: Sinistcha|Matcha Gotcha|p2a: Tornadus
|-resisted|p2a: Tornadus
|-damage|p2a: Tornadus|70/100
|-heal|p1a: Sinistcha|83/100|[from] drain|[of] p2a: Tornadus
|
|upkeep
|turn|29
|
|t:|1758237572
|move|p2a: Tornadus|Bleakwind Storm|p1a: Sinistcha
|-damage|p1a: Sinistcha|59/100
|move|p1a: Sinistcha|Strength Sap|p2a: Tornadus
|-unboost|p2a: Tornadus|atk|1
|-heal|p1a: Sinistcha|100/100
|
|-end|p1a: Sinistcha|move: Future Sight
|-supereffective|p1a: Sinistcha
|-damage|p1a: Sinistcha|48/100
|upkeep
|turn|30
|
|t:|1758237595
|move|p2a: Tornadus|Knock Off|p1a: Sinistcha
|-damage|p1a: Sinistcha|38/100
|-enditem|p1a: Sinistcha|Heavy-Duty Boots|[from] move: Knock Off|[of] p2a: Tornadus
|move|p1a: Sinistcha|Shadow Ball|p2a: Tornadus
|-damage|p2a: Tornadus|24/100
|
|upkeep
|turn|31
|
|t:|1758237670
|switch|p2a: Kingambit|Kingambit, F|100/100
|-damage|p2a: Kingambit|76/100|[from] Spikes
|move|p1a: Sinistcha|Shadow Ball|p2a: Kingambit
|-resisted|p2a: Kingambit
|-damage|p2a: Kingambit|37/100
|
|upkeep
|turn|32
|
|t:|1758237693
|move|p2a: Kingambit|Sucker Punch||[still]
|-fail|p2a: Kingambit
|move|p1a: Sinistcha|Strength Sap|p2a: Kingambit
|-unboost|p2a: Kingambit|atk|1
|-heal|p1a: Sinistcha|100/100
|
|upkeep
|turn|33
|
|t:|1758237756
|-end|p2a: Kingambit|fallenundefined|[silent]
|switch|p2a: Hydrapple|Hydrapple, M|100/100 par
|-damage|p2a: Hydrapple|76/100 par|[from] Spikes
|move|p1a: Sinistcha|Shadow Ball|p2a: Hydrapple
|-damage|p2a: Hydrapple|7/100 par
|-unboost|p2a: Hydrapple|spd|1
|
|upkeep
|turn|34
|
|t:|1758237799
|switch|p2a: Tornadus|Tornadus-Therian, M|57/100
|move|p1a: Sinistcha|Matcha Gotcha|p2a: Tornadus
|-resisted|p2a: Tornadus
|-damage|p2a: Tornadus|34/100
|
|upkeep
|turn|35
|
|t:|1758237814
|move|p2a: Tornadus|Bleakwind Storm|p1a: Sinistcha
|-damage|p1a: Sinistcha|80/100
|move|p1a: Sinistcha|Shadow Ball|p2a: Tornadus
|-damage|p2a: Tornadus|0 fnt
|faint|p2a: Tornadus
|
|upkeep
|
|t:|1758237892
|switch|p2a: Slowking|Slowking-Galar, F|40/100
|turn|36
|
|t:|1758237906
|move|p2a: Slowking|Future Sight|p1a: Sinistcha
|-start|p2a: Slowking|move: Future Sight
|move|p1a: Sinistcha|Shadow Ball|p2a: Slowking
|-supereffective|p2a: Slowking
|-damage|p2a: Slowking|0 fnt
|faint|p2a: Slowking
|
|upkeep
|
|t:|1758237920
|switch|p2a: Iron Treads|Iron Treads|84/100
|-damage|p2a: Iron Treads|59/100|[from] Spikes
|turn|37
|
|t:|1758237935
|move|p2a: Iron Treads|Rapid Spin|p1a: Sinistcha
|-damage|p1a: Sinistcha|71/100
|-boost|p2a: Iron Treads|spe|1
|-sideend|p2: Ugg296|Spikes|[from] move: Rapid Spin|[of] p2a: Iron Treads
|move|p1a: Sinistcha|Matcha Gotcha|p2a: Iron Treads
|-damage|p2a: Iron Treads|0 fnt
|-heal|p1a: Sinistcha|98/100|[from] drain|[of] p2a: Iron Treads
|faint|p2a: Iron Treads
|-end|p2a: Iron Treads|Quark Drive|[silent]
|
|upkeep
|
|t:|1758237946
|switch|p2a: Hydrapple|Hydrapple, M|40/100 par
|turn|38
|
|t:|1758237975
|move|p1a: Sinistcha|Shadow Ball|p2a: Hydrapple
|-damage|p2a: Hydrapple|0 fnt
|faint|p2a: Hydrapple
|
|-end|p1a: Sinistcha|move: Future Sight
|-supereffective|p1a: Sinistcha
|-damage|p1a: Sinistcha|49/100
|upkeep
|
|t:|1758237982
|switch|p2a: Alomomola|Alomomola, F|47/100 par
|turn|39
|
|t:|1758237992
|move|p1a: Sinistcha|Matcha Gotcha|p2a: Alomomola
|-supereffective|p2a: Alomomola
|-damage|p2a: Alomomola|0 fnt
|-heal|p1a: Sinistcha|85/100|[from] drain|[of] p2a: Alomomola
|faint|p2a: Alomomola
|
|upkeep
|
|t:|1758237998
|switch|p2a: Kingambit|Kingambit, F|37/100
|-activate|p2a: Kingambit|ability: Supreme Overlord
|-start|p2a: Kingambit|fallen5|[silent]
|turn|40
|
|t:|1758238044
|move|p2a: Kingambit|Sucker Punch|p1a: Sinistcha
|-crit|p1a: Sinistcha
|-damage|p1a: Sinistcha|7/100
|move|p1a: Sinistcha|Shadow Ball|p2a: Kingambit
|-resisted|p2a: Kingambit
|-damage|p2a: Kingambit|0 fnt
|faint|p2a: Kingambit
|-end|p2a: Kingambit|fallen5|[silent]
|
|win|johnisburn
|c|☆johnisburn|gg
|l| brickmouse
|j| jukas97
|l|☆johnisburn
|player|p1|
|l|☆Ugg296
|player|p2|
