|j|☆sauron379
|j|☆thebacchusbraviary
|t:|1758333546
|gametype|singles
|player|p1|sauron379|170|1358
|player|p2|thebacchusbraviary|winona|1381
|gen|9
|tier|[Gen 9] OU
|rated|
|rule|HP Percentage Mod: HP is shown in percentages
|rule|Endless Battle Clause: Forcing endless battles is banned
|rule|Species Clause: Limit one of each Pokémon
|rule|OHKO Clause: OHKO moves are banned
|rule|Evasion Items Clause: Evasion items are banned
|rule|Evasion Moves Clause: Evasion moves are banned
|rule|Evasion Abilities Clause: Evasion abilities are banned
|rule|Sleep Moves Clause: Sleep-inducing moves are banned
|clearpoke
|poke|p1|Lokix, M|
|poke|p1|Cinderace, F|
|poke|p1|Great Tusk|
|poke|p1|Alomomola, M|
|poke|p1|Enamorus, F|
|poke|p1|Slowking-Galar, F|
|poke|p2|Braviary, M|
|poke|p2|Tyranitar, F|
|poke|p2|Regice|
|poke|p2|Greninja-*, M|
|poke|p2|Arcanine-Hisui, F|
|poke|p2|Thundurus-Therian, M|
|teampreview
|inactive|Battle timer is ON: inactive players will automatically lose when time's up. (requested by thebacchusbraviary)
|inactive|sauron379 also wants the timer to be on.
|
|t:|1758333560
|teamsize|p1|6
|teamsize|p2|6
|start
|switch|p1a: Cinderace|Cinderace, F|100/100
|switch|p2a: Thundurus|Thundurus-Therian, M|100/100
|turn|1
|
|t:|1758333569
|move|p1a: Cinderace|U-turn|p2a: Thundurus
|-resisted|p2a: Thundurus
|-damage|p2a: Thundurus|87/100
|
|t:|1758333574
|switch|p1a: Great Tusk|Great Tusk|100/100|[from] U-turn
|move|p2a: Thundurus|Grass Knot|p1a: Great Tusk
|-supereffective|p1a: Great Tusk
|-damage|p1a: Great Tusk|0 fnt
|faint|p1a: Great Tusk
|-end|p1a: Great Tusk|Protosynthesis|[silent]
|
|upkeep
|
|t:|1758333586
|switch|p1a: Alomomola|Alomomola, M|100/100
|turn|2
|
|t:|1758333589
|switch|p2a: Regice|Regice|100/100
|move|p1a: Alomomola|Mirror Coat||[still]
|-fail|p1a: Alomomola
|
|upkeep
|turn|3
|
|t:|1758333591
|move|p2a: Regice|Thunder Wave|p1a: Alomomola|[miss]
|-miss|p2a: Regice|p1a: Alomomola
|move|p1a: Alomomola|Flip Turn|p2a: Regice
|-damage|p2a: Regice|89/100
|
|t:|1758333603
|switch|p1a: Cinderace|Cinderace, F|100/100|[from] Flip Turn
|
|-heal|p2a: Regice|95/100|[from] item: Leftovers
|upkeep
|turn|4
|
|t:|1758333610
|move|p1a: Cinderace|Pyro Ball|p2a: Regice
|-supereffective|p2a: Regice
|-damage|p2a: Regice|35/100
|move|p2a: Regice|Thunder Wave|p1a: Cinderace
|-status|p1a: Cinderace|par
|
|-heal|p2a: Regice|41/100|[from] item: Leftovers
|upkeep
|turn|5
|
|t:|1758333615
|switch|p2a: Tyranitar|Tyranitar, F|100/100
|-weather|Sandstorm|[from] ability: Sand Stream|[of] p2a: Tyranitar
|move|p1a: Cinderace|Pyro Ball|p2a: Tyranitar|[miss]
|-miss|p1a: Cinderace|p2a: Tyranitar
|
|-weather|Sandstorm|[upkeep]
|-damage|p1a: Cinderace|94/100 par|[from] Sandstorm
|upkeep
|turn|6
|
|t:|1758333619
|move|p1a: Cinderace|Will-O-Wisp|p2a: Tyranitar|[miss]
|-miss|p1a: Cinderace|p2a: Tyranitar
|move|p2a: Tyranitar|Knock Off|p1a: Cinderace
|-damage|p1a: Cinderace|31/100 par
|-enditem|p1a: Cinderace|Heavy-Duty Boots|[from] move: Knock Off|[of] p2a: Tyranitar
|
|-weather|Sandstorm|[upkeep]
|-damage|p1a: Cinderace|25/100 par|[from] Sandstorm
|upkeep
|turn|7
|
|t:|1758333624
|cant|p1a: Cinderace|par
|move|p2a: Tyranitar|Earthquake|p1a: Cinderace
|-supereffective|p1a: Cinderace
|-damage|p1a: Cinderace|0 fnt
|faint|p1a: Cinderace
|
|-weather|Sandstorm|[upkeep]
|upkeep
|
|t:|1758333631
|switch|p1a: Lokix|Lokix, M|100/100
|turn|8
|
|t:|1758333637
|switch|p2a: Regice|Regice|41/100
|move|p1a: Lokix|U-turn|p2a: Regice
|-damage|p2a: Regice|7/100
|
|t:|1758333642
|switch|p1a: Slowking|Slowking-Galar, F|100/100|[from] U-turn
|
|-weather|Sandstorm|[upkeep]
|-damage|p2a: Regice|0 fnt|[from] Sandstorm
|-damage|p1a: Slowking|94/100|[from] Sandstorm
|faint|p2a: Regice
|upkeep
|
|t:|1758333646
|switch|p2a: Tyranitar|Tyranitar, F|100/100
|turn|9
|
|t:|1758333649
|move|p2a: Tyranitar|Knock Off|p1a: Slowking
|-supereffective|p1a: Slowking
|-damage|p1a: Slowking|8/100
|-enditem|p1a: Slowking|Shuca Berry|[from] move: Knock Off|[of] p2a: Tyranitar
|-prepare|p1a: Slowking|Chilly Reception|[premajor]
|move|p1a: Slowking|Chilly Reception|p1a: Slowking
|-weather|Snowscape
|
|t:|1758333664
|switch|p1a: Lokix|Lokix, M|100/100|[from] Chilly Reception
|
|-weather|Snowscape|[upkeep]
|upkeep
|turn|10
|
|t:|1758333668
|switch|p2a: Arcanine|Arcanine-Hisui, F|100/100
|-item|p2a: Arcanine|Air Balloon
|move|p1a: Lokix|U-turn|p2a: Arcanine
|-resisted|p2a: Arcanine
|-damage|p2a: Arcanine|37/100
|-enditem|p2a: Arcanine|Air Balloon
|
|t:|1758333678
|switch|p1a: Alomomola|Alomomola, M|100/100|[from] U-turn
|
|-weather|Snowscape|[upkeep]
|upkeep
|turn|11
|
|t:|1758333681
|switch|p2a: Tyranitar|Tyranitar, F|100/100
|-weather|Sandstorm|[from] ability: Sand Stream|[of] p2a: Tyranitar
|move|p1a: Alomomola|Flip Turn|p2a: Tyranitar
|-supereffective|p2a: Tyranitar
|-damage|p2a: Tyranitar|77/100
|
|t:|1758333687
|switch|p1a: Lokix|Lokix, M|100/100|[from] Flip Turn
|
|-weather|Sandstorm|[upkeep]
|-damage|p1a: Lokix|94/100|[from] Sandstorm
|upkeep
|turn|12
|
|t:|1758333691
|move|p1a: Lokix|U-turn|p2a: Tyranitar
|-supereffective|p2a: Tyranitar
|-damage|p2a: Tyranitar|0 fnt
|faint|p2a: Tyranitar
|
|t:|1758333693
|switch|p1a: Slowking|Slowking-Galar, F|41/100|[from] U-turn
|
|-weather|Sandstorm|[upkeep]
|-damage|p1a: Slowking|35/100|[from] Sandstorm
|upkeep
|
|t:|1758333696
|switch|p2a: Braviary|Braviary, M|100/100
|turn|13
|
|t:|1758333698
|switch|p1a: Alomomola|Alomomola, M|100/100
|move|p2a: Braviary|Brave Bird|p1a: Alomomola
|-damage|p1a: Alomomola|57/100
|-damage|p2a: Braviary|78/100|[from] Recoil
|
|-weather|Sandstorm|[upkeep]
|-damage|p2a: Braviary|72/100|[from] Sandstorm
|-damage|p1a: Alomomola|50/100|[from] Sandstorm
|upkeep
|turn|14
|
|t:|1758333704
|-terastallize|p2a: Braviary|Flying
|move|p2a: Braviary|Brave Bird|p1a: Alomomola
|-damage|p1a: Alomomola|0 fnt
|faint|p1a: Alomomola
|-damage|p2a: Braviary|46/100|[from] Recoil
|
|-weather|Sandstorm|[upkeep]
|-damage|p2a: Braviary|40/100|[from] Sandstorm
|upkeep
|
|t:|1758333711
|switch|p1a: Enamorus|Enamorus, F|100/100
|turn|15
|
|t:|1758333713
|-terastallize|p1a: Enamorus|Stellar
|move|p1a: Enamorus|Tera Blast|p2a: Braviary|[anim] Tera Blast Stellar
|-supereffective|p2a: Braviary
|-damage|p2a: Braviary|0 fnt
|-boost|p1a: Enamorus|atk|1
|-boost|p1a: Enamorus|spa|1
|faint|p2a: Braviary
|
|-weather|none
|upkeep
|
|t:|1758333727
|switch|p2a: Thundurus|Thundurus-Therian, M|87/100
|turn|16
|
|t:|1758333731
|move|p1a: Enamorus|Tera Blast|p2a: Thundurus|[anim] Tera Blast Stellar
|-damage|p2a: Thundurus|8/100
|-boost|p1a: Enamorus|atk|1
|-boost|p1a: Enamorus|spa|1
|move|p2a: Thundurus|Thunderbolt|p1a: Enamorus
|-supereffective|p1a: Enamorus
|-damage|p1a: Enamorus|0 fnt
|faint|p1a: Enamorus
|
|upkeep
|
|t:|1758333735
|switch|p1a: Lokix|Lokix, M|94/100
|turn|17
|
|t:|1758333739
|move|p1a: Lokix|First Impression|p2a: Thundurus
|-resisted|p2a: Thundurus
|-damage|p2a: Thundurus|0 fnt
|faint|p2a: Thundurus
|
|upkeep
|
|t:|1758333742
|switch|p2a: Greninja|Greninja, M|100/100
|turn|18
|
|t:|1758333744
|switch|p1a: Slowking|Slowking-Galar, F|68/100
|move|p2a: Greninja|Dark Pulse|p1a: Slowking
|-supereffective|p1a: Slowking
|-damage|p1a: Slowking|6/100
|
|upkeep
|turn|19
|
|t:|1758333746
|move|p2a: Greninja|Dark Pulse|p1a: Slowking
|-supereffective|p1a: Slowking
|-damage|p1a: Slowking|0 fnt
|faint|p1a: Slowking
|-ability|p2a: Greninja|Battle Bond|boost
|-boost|p2a: Greninja|atk|1
|-boost|p2a: Greninja|spa|1
|-boost|p2a: Greninja|spe|1
|-activate|p2a: Greninja|ability: Battle Bond
|
|upkeep
|
|t:|1758333747
|switch|p1a: Lokix|Lokix, M|94/100
|turn|20
|
|t:|1758333750
|move|p2a: Greninja|Water Shuriken|p1a: Lokix
|-damage|p1a: Lokix|76/100
|-damage|p1a: Lokix|58/100
|-damage|p1a: Lokix|40/100
|-damage|p1a: Lokix|20/100
|-hitcount|p1a: Lokix|4
|move|p1a: Lokix|Leech Life|p2a: Greninja
|-supereffective|p2a: Greninja
|-damage|p2a: Greninja|0 fnt
|-heal|p1a: Lokix|69/100|[from] drain|[of] p2a: Greninja
|faint|p2a: Greninja
|
|upkeep
|
|t:|1758333753
|switch|p2a: Arcanine|Arcanine-Hisui, F|37/100
|turn|21
|
|t:|1758333755
|move|p2a: Arcanine|Flare Blitz|p1a: Lokix
|-supereffective|p1a: Lokix
|-damage|p1a: Lokix|0 fnt
|faint|p1a: Lokix
|
|win|thebacchusbraviary
|raw|sauron379's rating: 1358 &rarr; <strong>1339</strong><br />(-19 for losing)
|raw|thebacchusbraviary's rating: 1381 &rarr; <strong>1400</strong><br />(+19 for winning)
|l|☆sauron379
|player|p1|
|l|☆thebacchusbraviary
|player|p2|
