|j|☆MrCooke510
|j|☆RizzlenDizzle
|t:|1758256244
|gametype|singles
|player|p1|MrCooke510|1|1222
|player|p2|RizzlenDizzle|2|1290
|gen|9
|tier|[Gen 9] OU
|rated|
|rule|HP Percentage Mod: HP is shown in percentages
|rule|Endless Battle Clause: Forcing endless battles is banned
|rule|Species Clause: Limit one of each Pokémon
|rule|OHKO Clause: OHKO moves are banned
|rule|Evasion Items Clause: Evasion items are banned
|rule|Evasion Moves Clause: Evasion moves are banned
|rule|Evasion Abilities Clause: Evasion abilities are banned
|rule|Sleep Moves Clause: Sleep-inducing moves are banned
|clearpoke
|poke|p1|Quaquaval, F|
|poke|p1|Corviknight, M|
|poke|p1|Samurott-Hisui, M|
|poke|p1|Cinderace, F|
|poke|p1|Gliscor, F|
|poke|p1|Raikou|
|poke|p2|Moltres|
|poke|p2|Tornadus-Therian, M|
|poke|p2|Dragonite, M|
|poke|p2|Slowking-Galar, M|
|poke|p2|Glimmora, F|
|poke|p2|Corviknight, M|
|teampreview
|inactive|Battle timer is ON: inactive players will automatically lose when time's up. (requested by RizzlenDizzle)
|
|t:|1758256260
|teamsize|p1|6
|teamsize|p2|6
|start
|switch|p1a: Samurott|Samurott-Hisui, M|100/100
|switch|p2a: Glimmora|Glimmora, F|100/100
|turn|1
|
|t:|1758256266
|move|p2a: Glimmora|Spiky Shield|p2a: Glimmora
|-singleturn|p2a: Glimmora|move: Protect
|move|p1a: Samurott|Aqua Cutter|p2a: Glimmora
|-activate|p2a: Glimmora|move: Protect
|
|upkeep
|turn|2
|
|t:|1758256295
|move|p2a: Glimmora|Toxic|p1a: Samurott
|-status|p1a: Samurott|tox
|move|p1a: Samurott|Aqua Cutter|p2a: Glimmora
|-supereffective|p2a: Glimmora
|-damage|p2a: Glimmora|0 fnt
|-activate|p2a: Glimmora|ability: Toxic Debris
|-sidestart|p1: MrCooke510|move: Toxic Spikes
|faint|p2a: Glimmora
|
|-damage|p1a: Samurott|94/100 tox|[from] psn
|upkeep
|inactive|RizzlenDizzle has 120 seconds left.
|
|t:|1758256312
|switch|p2a: Tornadus|Tornadus-Therian, M|100/100
|turn|3
|inactive|RizzlenDizzle has 120 seconds left.
|
|t:|1758256318
|move|p2a: Tornadus|U-turn|p1a: Samurott
|-supereffective|p1a: Samurott
|-damage|p1a: Samurott|64/100 tox
|
|t:|1758256321
|switch|p2a: Corviknight|Corviknight, M|100/100|[from] U-turn
|-ability|p2a: Corviknight|Pressure
|move|p1a: Samurott|Aqua Cutter|p2a: Corviknight
|-damage|p2a: Corviknight|68/100
|
|-damage|p1a: Samurott|51/100 tox|[from] psn
|upkeep
|turn|4
|
|t:|1758256334
|move|p1a: Samurott|Ceaseless Edge|p2a: Corviknight
|-damage|p2a: Corviknight|39/100
|-damage|p1a: Samurott|35/100 tox|[from] item: Rocky Helmet|[of] p2a: Corviknight
|-sidestart|p2: RizzlenDizzle|Spikes
|move|p2a: Corviknight|Substitute|p2a: Corviknight
|-start|p2a: Corviknight|Substitute
|-damage|p2a: Corviknight|14/100
|
|-damage|p1a: Samurott|16/100 tox|[from] psn
|upkeep
|turn|5
|
|t:|1758256343
|move|p1a: Samurott|Aqua Jet|p2a: Corviknight
|-activate|p2a: Corviknight|move: Substitute|[damage]
|move|p2a: Corviknight|Roost|p2a: Corviknight
|-heal|p2a: Corviknight|64/100
|-singleturn|p2a: Corviknight|move: Roost
|
|-damage|p1a: Samurott|0 fnt|[from] psn
|faint|p1a: Samurott
|upkeep
|
|t:|1758256358
|switch|p1a: Raikou|Raikou|100/100
|-status|p1a: Raikou|psn
|turn|6
|
|t:|1758256368
|move|p1a: Raikou|Calm Mind|p1a: Raikou
|-boost|p1a: Raikou|spa|1
|-boost|p1a: Raikou|spd|1
|move|p2a: Corviknight|Substitute|p2a: Corviknight
|-fail|p2a: Corviknight|move: Substitute
|
|-damage|p1a: Raikou|88/100 psn|[from] psn
|upkeep
|turn|7
|
|t:|1758256374
|move|p1a: Raikou|Thunderbolt|p2a: Corviknight
|-supereffective|p2a: Corviknight
|-end|p2a: Corviknight|Substitute
|move|p2a: Corviknight|Body Press|p1a: Raikou
|-damage|p1a: Raikou|54/100 psn
|-enditem|p1a: Raikou|Red Card|[of] p2a: Corviknight
|drag|p2a: Tornadus|Tornadus-Therian, M|100/100
|
|-damage|p1a: Raikou|42/100 psn|[from] psn
|upkeep
|turn|8
|
|t:|1758256393
|move|p2a: Tornadus|U-turn|p1a: Raikou
|-damage|p1a: Raikou|22/100 psn
|
|t:|1758256397
|switch|p2a: Slowking|Slowking-Galar, M|100/100|[from] U-turn
|-damage|p2a: Slowking|88/100|[from] Spikes
|move|p1a: Raikou|Thunderbolt|p2a: Slowking
|-damage|p2a: Slowking|47/100
|
|-damage|p1a: Raikou|9/100 psn|[from] psn
|upkeep
|turn|9
|
|t:|1758256408
|move|p1a: Raikou|Thunderbolt|p2a: Slowking
|-damage|p2a: Slowking|7/100
|move|p2a: Slowking|Psychic|p1a: Raikou
|-damage|p1a: Raikou|0 fnt
|faint|p1a: Raikou
|
|upkeep
|
|t:|1758256417
|switch|p1a: Gliscor|Gliscor, F|100/100
|turn|10
|
|t:|1758256423
|switch|p2a: Moltres|Moltres|100/100
|move|p1a: Gliscor|Earthquake|p2a: Moltres
|-immune|p2a: Moltres
|
|-status|p1a: Gliscor|tox|[from] item: Toxic Orb
|upkeep
|turn|11
|
|t:|1758256430
|move|p1a: Gliscor|Stealth Rock|p2a: Moltres
|-sidestart|p2: RizzlenDizzle|move: Stealth Rock
|move|p2a: Moltres|Flamethrower|p1a: Gliscor
|-damage|p1a: Gliscor|59/100 tox
|
|-heal|p1a: Gliscor|72/100 tox|[from] ability: Poison Heal
|upkeep
|turn|12
|
|t:|1758256441
|move|p2a: Moltres|Protect|p2a: Moltres
|-singleturn|p2a: Moltres|Protect
|move|p1a: Gliscor|Dual Wingbeat|p2a: Moltres
|-activate|p2a: Moltres|move: Protect
|
|-heal|p1a: Gliscor|84/100 tox|[from] ability: Poison Heal
|upkeep
|turn|13
|
|t:|1758256449
|move|p1a: Gliscor|Dual Wingbeat|p2a: Moltres
|-damage|p2a: Moltres|89/100
|-damage|p2a: Moltres|77/100
|-hitcount|p2a: Moltres|2
|move|p2a: Moltres|Flamethrower|p1a: Gliscor
|-damage|p1a: Gliscor|43/100 tox
|
|-heal|p1a: Gliscor|56/100 tox|[from] ability: Poison Heal
|upkeep
|turn|14
|
|t:|1758256462
|switch|p1a: Quaquaval|Quaquaval, F|100/100
|-status|p1a: Quaquaval|psn
|move|p2a: Moltres|Flamethrower|p1a: Quaquaval
|-resisted|p1a: Quaquaval
|-damage|p1a: Quaquaval|74/100 psn
|
|-damage|p1a: Quaquaval|61/100 psn|[from] psn
|upkeep
|turn|15
|
|t:|1758256470
|move|p2a: Moltres|Protect|p2a: Moltres
|-singleturn|p2a: Moltres|Protect
|move|p1a: Quaquaval|Aqua Step|p2a: Moltres
|-activate|p2a: Moltres|move: Protect
|
|-damage|p1a: Quaquaval|49/100 psn|[from] psn
|upkeep
|turn|16
|
|t:|1758256481
|switch|p2a: Corviknight|Corviknight, M|64/100
|-damage|p2a: Corviknight|51/100|[from] Stealth Rock
|-ability|p2a: Corviknight|Pressure
|move|p1a: Quaquaval|Aqua Step|p2a: Corviknight
|-damage|p2a: Corviknight|16/100
|-boost|p1a: Quaquaval|spe|1
|-damage|p1a: Quaquaval|32/100 psn|[from] item: Rocky Helmet|[of] p2a: Corviknight
|-damage|p1a: Quaquaval|22/100 psn|[from] item: Life Orb
|
|-damage|p1a: Quaquaval|9/100 psn|[from] psn
|upkeep
|turn|17
|
|t:|1758256492
|move|p1a: Quaquaval|Aqua Step|p2a: Corviknight
|-damage|p2a: Corviknight|0 fnt
|-boost|p1a: Quaquaval|spe|1
|-damage|p1a: Quaquaval|0 fnt|[from] item: Rocky Helmet|[of] p2a: Corviknight
|faint|p2a: Corviknight
|faint|p1a: Quaquaval
|
|upkeep
|
|t:|1758256506
|switch|p1a: Cinderace|Cinderace, F|100/100
|switch|p2a: Slowking|Slowking-Galar, M|40/100
|-status|p1a: Cinderace|psn
|-damage|p2a: Slowking|28/100|[from] Spikes
|-damage|p2a: Slowking|16/100|[from] Stealth Rock
|turn|18
|inactive|MrCooke510 has 120 seconds left.
|
|t:|1758256533
|switch|p2a: Tornadus|Tornadus-Therian, M|100/100
|-damage|p2a: Tornadus|76/100|[from] Stealth Rock
|move|p1a: Cinderace|U-turn|p2a: Tornadus
|-start|p1a: Cinderace|typechange|Bug|[from] ability: Libero
|-resisted|p2a: Tornadus
|-damage|p2a: Tornadus|35/100
|inactive|MrCooke510 has 120 seconds left.
|
|t:|1758256541
|switch|p1a: Corviknight|Corviknight, M|100/100|[from] U-turn
|
|upkeep
|turn|19
|
|t:|1758256549
|-terastallize|p2a: Tornadus|Fire
|move|p2a: Tornadus|Heat Wave|p1a: Corviknight
|-supereffective|p1a: Corviknight
|-damage|p1a: Corviknight|0 fnt
|faint|p1a: Corviknight
|
|upkeep
|
|t:|1758256555
|switch|p1a: Cinderace|Cinderace, F|100/100 psn
|turn|20
|
|t:|1758256566
|move|p2a: Tornadus|Bleakwind Storm|p1a: Cinderace
|-damage|p1a: Cinderace|28/100 psn
|move|p1a: Cinderace|Double-Edge|p2a: Tornadus
|-start|p1a: Cinderace|typechange|Normal|[from] ability: Libero
|-damage|p2a: Tornadus|0 fnt
|faint|p2a: Tornadus
|-damage|p1a: Cinderace|17/100 psn|[from] Recoil
|
|-damage|p1a: Cinderace|4/100 psn|[from] psn
|upkeep
|
|t:|1758256581
|switch|p2a: Slowking|Slowking-Galar, M|49/100
|-damage|p2a: Slowking|36/100|[from] Spikes
|-damage|p2a: Slowking|24/100|[from] Stealth Rock
|turn|21
|
|t:|1758256586
|switch|p2a: Moltres|Moltres|77/100
|move|p1a: Cinderace|Double-Edge|p2a: Moltres
|-damage|p2a: Moltres|11/100
|-damage|p1a: Cinderace|0 fnt|[from] Recoil
|faint|p1a: Cinderace
|
|upkeep
|
|t:|1758256594
|switch|p1a: Gliscor|Gliscor, F|56/100 tox
|turn|22
|
|t:|1758256597
|move|p1a: Gliscor|Dual Wingbeat|p2a: Moltres
|-damage|p2a: Moltres|0 fnt
|faint|p2a: Moltres
|-hitcount|p2: Moltres|1
|
|-heal|p1a: Gliscor|68/100 tox|[from] ability: Poison Heal
|upkeep
|
|t:|1758256612
|switch|p2a: Dragonite|Dragonite, M|100/100
|-damage|p2a: Dragonite|76/100|[from] Stealth Rock
|turn|23
|
|t:|1758256616
|move|p2a: Dragonite|Dragon Dance|p2a: Dragonite
|-boost|p2a: Dragonite|atk|1
|-boost|p2a: Dragonite|spe|1
|move|p1a: Gliscor|Dual Wingbeat|p2a: Dragonite
|-damage|p2a: Dragonite|55/100
|-damage|p2a: Dragonite|36/100
|-hitcount|p2a: Dragonite|2
|
|-heal|p2a: Dragonite|42/100|[from] item: Leftovers
|-heal|p1a: Gliscor|81/100 tox|[from] ability: Poison Heal
|upkeep
|turn|24
|
|t:|1758256626
|move|p2a: Dragonite|Dragon Dance|p2a: Dragonite
|-boost|p2a: Dragonite|atk|1
|-boost|p2a: Dragonite|spe|1
|move|p1a: Gliscor|Dual Wingbeat|p2a: Dragonite
|-damage|p2a: Dragonite|25/100
|-damage|p2a: Dragonite|5/100
|-hitcount|p2a: Dragonite|2
|
|-heal|p2a: Dragonite|11/100|[from] item: Leftovers
|-heal|p1a: Gliscor|93/100 tox|[from] ability: Poison Heal
|upkeep
|turn|25
|
|t:|1758256635
|move|p2a: Dragonite|Dragon Claw|p1a: Gliscor
|-damage|p1a: Gliscor|8/100 tox
|move|p1a: Gliscor|Dual Wingbeat|p2a: Dragonite
|-damage|p2a: Dragonite|0 fnt
|faint|p2a: Dragonite
|-hitcount|p2: Dragonite|1
|
|-heal|p1a: Gliscor|20/100 tox|[from] ability: Poison Heal
|upkeep
|
|t:|1758256638
|switch|p2a: Slowking|Slowking-Galar, M|57/100
|-damage|p2a: Slowking|45/100|[from] Spikes
|-damage|p2a: Slowking|33/100|[from] Stealth Rock
|turn|26
|
|t:|1758256648
|move|p1a: Gliscor|Earthquake|p2a: Slowking
|-supereffective|p2a: Slowking
|-damage|p2a: Slowking|0 fnt
|faint|p2a: Slowking
|
|win|MrCooke510
|raw|MrCooke510's rating: 1222 &rarr; <strong>1252</strong><br />(+30 for winning)
|raw|RizzlenDizzle's rating: 1290 &rarr; <strong>1260</strong><br />(-30 for losing)
|l|☆RizzlenDizzle
|player|p2|
|l|☆MrCooke510
|player|p1|
