|j|☆mmmspicy69
|j|☆Kevmex17
|t:|1758317749
|gametype|singles
|player|p1|mmmspicy69|169|1457
|player|p2|Kevmex17|hilbert|1452
|gen|9
|tier|[Gen 9] OU
|rated|
|rule|HP Percentage Mod: HP is shown in percentages
|rule|Endless Battle Clause: Forcing endless battles is banned
|rule|Species Clause: Limit one of each Pokémon
|rule|OHKO Clause: OHKO moves are banned
|rule|Evasion Items Clause: Evasion items are banned
|rule|Evasion Moves Clause: Evasion moves are banned
|rule|Evasion Abilities Clause: Evasion abilities are banned
|rule|Sleep Moves Clause: Sleep-inducing moves are banned
|clearpoke
|poke|p1|Great Tusk|
|poke|p1|Gliscor, F|
|poke|p1|Zamazenta-*|
|poke|p1|Hatterene, F|
|poke|p1|Dragapult, F|
|poke|p1|Braviary-Hisui, M|
|poke|p2|Slowking-Galar, M|
|poke|p2|Corviknight, M|
|poke|p2|Kyurem|
|poke|p2|Hydrapple, F|
|poke|p2|Scizor, F|
|poke|p2|Weavile, M|
|teampreview
|inactive|Battle timer is ON: inactive players will automatically lose when time's up. (requested by Kevmex17)
|
|t:|1758317765
|teamsize|p1|6
|teamsize|p2|6
|start
|switch|p1a: Hatterene|Hatterene, F|100/100
|switch|p2a: Scizor|Scizor, F|100/100
|turn|1
|
|t:|1758317777
|-terastallize|p1a: Hatterene|Water
|move|p2a: Scizor|U-turn|p1a: Hatterene
|-damage|p1a: Hatterene|38/100
|
|t:|1758317783
|switch|p2a: Slowking|Slowking-Galar, M|100/100|[from] U-turn
|move|p1a: Hatterene|Calm Mind|p1a: Hatterene
|-boost|p1a: Hatterene|spa|1
|-boost|p1a: Hatterene|spd|1
|
|-heal|p1a: Hatterene|44/100|[from] item: Leftovers
|upkeep
|turn|2
|
|t:|1758317793
|move|p2a: Slowking|Psychic Noise|p1a: Hatterene
|-damage|p1a: Hatterene|20/100
|-start|p1a: Hatterene|move: Heal Block
|move|p1a: Hatterene|Psyshock|p2a: Slowking
|-damage|p2a: Slowking|26/100
|
|upkeep
|turn|3
|
|t:|1758317804
|switch|p2a: Weavile|Weavile, M|100/100
|-ability|p2a: Weavile|Pressure
|switch|p1a: Braviary|Braviary-Hisui, M|100/100
|
|upkeep
|turn|4
|
|t:|1758317817
|switch|p1a: Zamazenta|Zamazenta|100/100
|-ability|p1a: Zamazenta|Dauntless Shield|boost
|-boost|p1a: Zamazenta|def|1
|move|p2a: Weavile|Triple Axel|p1a: Zamazenta|[miss]
|-miss|p2a: Weavile|p1a: Zamazenta
|
|upkeep
|turn|5
|
|t:|1758317829
|switch|p2a: Corviknight|Corviknight, M|100/100
|-ability|p2a: Corviknight|Pressure
|move|p1a: Zamazenta|Crunch|p2a: Corviknight
|-damage|p2a: Corviknight|88/100
|
|-heal|p2a: Corviknight|95/100|[from] item: Leftovers
|upkeep
|turn|6
|
|t:|1758317835
|move|p1a: Zamazenta|Iron Defense|p1a: Zamazenta
|-boost|p1a: Zamazenta|def|2
|move|p2a: Corviknight|Iron Defense|p2a: Corviknight
|-boost|p2a: Corviknight|def|2
|
|-heal|p2a: Corviknight|100/100|[from] item: Leftovers
|upkeep
|turn|7
|
|t:|1758317841
|switch|p1a: Braviary|Braviary-Hisui, M|100/100
|move|p2a: Corviknight|Iron Defense|p2a: Corviknight
|-boost|p2a: Corviknight|def|2
|
|upkeep
|turn|8
|
|t:|1758317850
|switch|p2a: Slowking|Slowking-Galar, M|59/100
|move|p1a: Braviary|Heat Wave|p2a: Slowking
|-damage|p2a: Slowking|27/100
|
|upkeep
|turn|9
|
|t:|1758317862
|switch|p2a: Weavile|Weavile, M|100/100
|-ability|p2a: Weavile|Pressure
|move|p1a: Braviary|Agility|p1a: Braviary
|-boost|p1a: Braviary|spe|2
|
|upkeep
|turn|10
|
|t:|1758317876
|move|p2a: Weavile|Ice Shard|p1a: Braviary
|-supereffective|p1a: Braviary
|-damage|p1a: Braviary|56/100
|move|p1a: Braviary|Heat Wave|p2a: Weavile
|-supereffective|p2a: Weavile
|-crit|p2a: Weavile
|-damage|p2a: Weavile|0 fnt
|faint|p2a: Weavile
|
|upkeep
|
|t:|1758317882
|switch|p2a: Scizor|Scizor, F|100/100
|turn|11
|
|t:|1758317886
|switch|p1a: Zamazenta|Zamazenta|100/100
|move|p2a: Scizor|Bullet Punch|p1a: Zamazenta
|-damage|p1a: Zamazenta|62/100
|
|upkeep
|turn|12
|
|t:|1758317892
|switch|p2a: Slowking|Slowking-Galar, M|60/100
|move|p1a: Zamazenta|Iron Defense|p1a: Zamazenta
|-boost|p1a: Zamazenta|def|2
|
|upkeep
|turn|13
|
|t:|1758317897
|move|p1a: Zamazenta|Crunch|p2a: Slowking
|-supereffective|p2a: Slowking
|-damage|p2a: Slowking|19/100
|move|p2a: Slowking|Psychic Noise|p1a: Zamazenta
|-supereffective|p1a: Zamazenta
|-damage|p1a: Zamazenta|20/100
|-start|p1a: Zamazenta|move: Heal Block
|
|upkeep
|turn|14
|
|t:|1758317905
|switch|p2a: Scizor|Scizor, F|100/100
|move|p1a: Zamazenta|Body Press|p2a: Scizor
|-damage|p2a: Scizor|37/100
|
|-end|p1a: Zamazenta|move: Heal Block
|upkeep
|turn|15
|
|t:|1758317911
|move|p2a: Scizor|Bullet Punch|p1a: Zamazenta
|-damage|p1a: Zamazenta|0 fnt
|faint|p1a: Zamazenta
|
|upkeep
|
|t:|1758317927
|switch|p1a: Dragapult|Dragapult, F|100/100
|turn|16
|l|☆Kevmex17
|inactive|Kevmex17 disconnected and has a minute to reconnect!
|player|p2|
|inactive|Kevmex17 has 30 seconds to reconnect!
|inactive|Kevmex17 has 20 seconds to reconnect!
|inactive|Kevmex17 has 15 seconds to reconnect!
|inactive|Kevmex17 has 10 seconds to reconnect!
|inactive|Kevmex17 has 5 seconds to reconnect!
|-message|Kevmex17 lost due to inactivity.
|
|win|mmmspicy69
|raw|mmmspicy69's rating: 1457 &rarr; <strong>1477</strong><br />(+20 for winning)
|raw|Kevmex17's rating: 1452 &rarr; <strong>1432</strong><br />(-20 for losing)
|l|☆mmmspicy69
|player|p1|
|j|☆Kevmex17
|player|p2|Kevmex17|hilbert|
|l|☆Kevmex17
|player|p2|
