|j|☆Srita Kaguya
|j|☆dadadadaxiji
|t:|1758241674
|gametype|singles
|player|p1|Srita Kaguya|janine|1544
|player|p2|dadadadaxiji|dawn|1578
|gen|9
|tier|[Gen 9] OU
|rated|
|rule|HP Percentage Mod: HP is shown in percentages
|rule|Endless Battle Clause: Forcing endless battles is banned
|rule|Species Clause: Limit one of each Pokémon
|rule|OHKO Clause: OHKO moves are banned
|rule|Evasion Items Clause: Evasion items are banned
|rule|Evasion Moves Clause: Evasion moves are banned
|rule|Evasion Abilities Clause: Evasion abilities are banned
|rule|Sleep Moves Clause: Sleep-inducing moves are banned
|clearpoke
|poke|p1|Heatran, F|
|poke|p1|Landorus-Therian, M|
|poke|p1|Corviknight, M|
|poke|p1|Darkrai|
|poke|p1|Zamazenta-*|
|poke|p1|Volcanion|
|poke|p2|Talonflame, F|
|poke|p2|Ceruledge, F|
|poke|p2|Cinderace, F|
|poke|p2|Iron Moth|
|poke|p2|Heatran, F|
|poke|p2|Rotom-Heat|
|teampreview
|inactive|Battle timer is ON: inactive players will automatically lose when time's up. (requested by dadadadaxiji)
|
|t:|1758241696
|teamsize|p1|6
|teamsize|p2|6
|start
|switch|p1a: Darkrai|Darkrai|100/100
|switch|p2a: Rotom|Rotom-Heat|100/100
|turn|1
|
|t:|1758241704
|move|p1a: Darkrai|Dark Pulse|p2a: Rotom
|-damage|p2a: Rotom|57/100
|cant|p2a: Rotom|flinch
|
|upkeep
|turn|2
|
|t:|1758241708
|switch|p2a: Heatran|Heatran, F|100/100
|move|p1a: Darkrai|Nasty Plot|p1a: Darkrai
|-boost|p1a: Darkrai|spa|2
|
|upkeep
|turn|3
|
|t:|1758241715
|move|p1a: Darkrai|Focus Blast|p2a: Heatran
|-supereffective|p2a: Heatran
|-damage|p2a: Heatran|4/100
|move|p2a: Heatran|Magma Storm|p1a: Darkrai
|-damage|p1a: Darkrai|42/100
|-activate|p1a: Darkrai|move: Magma Storm|[of] p2a: Heatran
|
|-heal|p2a: Heatran|10/100|[from] item: Leftovers
|-damage|p1a: Darkrai|30/100|[from] move: Magma Storm|[partiallytrapped]
|upkeep
|turn|4
|
|t:|1758241721
|move|p2a: Heatran|Protect|p2a: Heatran
|-singleturn|p2a: Heatran|Protect
|move|p1a: Darkrai|Dark Pulse|p2a: Heatran
|-activate|p2a: Heatran|move: Protect
|
|-heal|p2a: Heatran|17/100|[from] item: Leftovers
|-damage|p1a: Darkrai|18/100|[from] move: Magma Storm|[partiallytrapped]
|upkeep
|turn|5
|
|t:|1758241727
|move|p2a: Heatran|Protect|p2a: Heatran
|-singleturn|p2a: Heatran|Protect
|move|p1a: Darkrai|Dark Pulse|p2a: Heatran
|-activate|p2a: Heatran|move: Protect
|
|-heal|p2a: Heatran|23/100|[from] item: Leftovers
|-damage|p1a: Darkrai|5/100|[from] move: Magma Storm|[partiallytrapped]
|upkeep
|turn|6
|
|t:|1758241731
|move|p2a: Heatran|Protect||[still]
|-fail|p2a: Heatran
|move|p1a: Darkrai|Dark Pulse|p2a: Heatran
|-damage|p2a: Heatran|0 fnt
|faint|p2a: Heatran
|
|-end|p1a: Darkrai|Magma Storm|[partiallytrapped]|[silent]
|upkeep
|
|t:|1758241736
|switch|p2a: Iron Moth|Iron Moth|100/100
|turn|7
|
|t:|1758241740
|switch|p1a: Volcanion|Volcanion|100/100
|move|p2a: Iron Moth|Dazzling Gleam|p1a: Volcanion
|-resisted|p1a: Volcanion
|-damage|p1a: Volcanion|83/100
|
|upkeep
|turn|8
|
|t:|1758241751
|-end|p2a: Iron Moth|Quark Drive|[silent]
|switch|p2a: Rotom|Rotom-Heat|57/100
|move|p1a: Volcanion|Steam Eruption|p2a: Rotom
|-supereffective|p2a: Rotom
|-damage|p2a: Rotom|0 fnt
|faint|p2a: Rotom
|
|upkeep
|
|t:|1758241754
|switch|p2a: Ceruledge|Ceruledge, F|100/100
|turn|9
|
|t:|1758241759
|move|p2a: Ceruledge|Endure|p2a: Ceruledge
|-singleturn|p2a: Ceruledge|move: Endure
|move|p1a: Volcanion|Steam Eruption|p2a: Ceruledge
|-supereffective|p2a: Ceruledge
|-activate|p2a: Ceruledge|move: Endure
|-damage|p2a: Ceruledge|1/100
|-enditem|p2a: Ceruledge|Weakness Policy
|-boost|p2a: Ceruledge|atk|2|[from] item: Weakness Policy
|-boost|p2a: Ceruledge|spa|2|[from] item: Weakness Policy
|
|upkeep
|turn|10
|
|t:|1758241765
|switch|p1a: Landorus|Landorus-Therian, M|100/100
|-ability|p1a: Landorus|Intimidate|boost
|-unboost|p2a: Ceruledge|atk|1
|move|p2a: Ceruledge|Poltergeist|p1a: Landorus
|-activate|p1a: Landorus|move: Poltergeist|Leftovers
|-damage|p1a: Landorus|7/100
|
|-heal|p1a: Landorus|13/100|[from] item: Leftovers
|upkeep
|turn|11
|
|t:|1758241772
|move|p1a: Landorus|Earthquake|p2a: Ceruledge
|-supereffective|p2a: Ceruledge
|-damage|p2a: Ceruledge|0 fnt
|faint|p2a: Ceruledge
|
|-heal|p1a: Landorus|19/100|[from] item: Leftovers
|upkeep
|
|t:|1758241779
|switch|p2a: Cinderace|Cinderace, F|100/100
|turn|12
|
|t:|1758241783
|move|p2a: Cinderace|U-turn|p1a: Landorus
|-start|p2a: Cinderace|typechange|Bug|[from] ability: Libero
|-resisted|p1a: Landorus
|-crit|p1a: Landorus
|-damage|p1a: Landorus|0 fnt
|faint|p1a: Landorus
|
|t:|1758241786
|switch|p2a: Talonflame|Talonflame, F|100/100|[from] U-turn
|
|upkeep
|
|t:|1758241790
|switch|p1a: Volcanion|Volcanion|83/100
|turn|13
|
|t:|1758241797
|-terastallize|p2a: Talonflame|Dragon
|move|p2a: Talonflame|Hurricane|p1a: Volcanion|[miss]
|-miss|p2a: Talonflame|p1a: Volcanion
|move|p1a: Volcanion|Steam Eruption|p2a: Talonflame
|-resisted|p2a: Talonflame
|-damage|p2a: Talonflame|58/100
|-status|p2a: Talonflame|brn
|
|-damage|p2a: Talonflame|51/100 brn|[from] brn
|upkeep
|turn|14
|-message|dadadadaxiji forfeited.
|
|win|Srita Kaguya
|raw|Srita Kaguya's rating: 1544 &rarr; <strong>1566</strong><br />(+22 for winning)
|raw|dadadadaxiji's rating: 1578 &rarr; <strong>1556</strong><br />(-22 for losing)
|l|☆dadadadaxiji
|player|p2|
|l|☆Srita Kaguya
|player|p1|
