|j|☆quartzion
|j|☆pilotrainbow312
|t:|1758242276
|gametype|singles
|player|p1|quartzion|265|1294
|player|p2|pilotrainbow312|2|1323
|gen|9
|tier|[Gen 9] OU
|rated|
|rule|HP Percentage Mod: HP is shown in percentages
|rule|Endless Battle Clause: Forcing endless battles is banned
|rule|Species Clause: Limit one of each Pokémon
|rule|OHKO Clause: OHKO moves are banned
|rule|Evasion Items Clause: Evasion items are banned
|rule|Evasion Moves Clause: Evasion moves are banned
|rule|Evasion Abilities Clause: Evasion abilities are banned
|rule|Sleep Moves Clause: Sleep-inducing moves are banned
|clearpoke
|poke|p1|Cinccino, M|
|poke|p1|Serperior, F|
|poke|p1|Skeledirge, F|
|poke|p1|Quaquaval, M|
|poke|p1|Toxapex, F|
|poke|p1|Oricorio-Pom-Pom, F|
|poke|p2|Glimmora, F|
|poke|p2|Ogerpon-Wellspring, F|
|poke|p2|Hatterene, F|
|poke|p2|Iron Moth|
|poke|p2|Dragonite, F|
|poke|p2|Kingambit, F|
|teampreview
|inactive|Battle timer is ON: inactive players will automatically lose when time's up. (requested by quartzion)
|
|t:|1758242301
|teamsize|p1|6
|teamsize|p2|6
|start
|switch|p1a: Oricorio|Oricorio-Pom-Pom, F|100/100
|switch|p2a: The Advocate|Glimmora, F|100/100
|turn|1
|
|t:|1758242309
|move|p1a: Oricorio|Quiver Dance|p1a: Oricorio
|-boost|p1a: Oricorio|spa|1
|-boost|p1a: Oricorio|spd|1
|-boost|p1a: Oricorio|spe|1
|move|p2a: The Advocate|Stealth Rock|p1a: Oricorio
|-sidestart|p1: quartzion|move: Stealth Rock
|
|upkeep
|turn|2
|
|t:|1758242320
|move|p1a: Oricorio|Quiver Dance|p1a: Oricorio
|-boost|p1a: Oricorio|spa|1
|-boost|p1a: Oricorio|spd|1
|-boost|p1a: Oricorio|spe|1
|move|p2a: The Advocate|Power Gem|p1a: Oricorio
|-supereffective|p1a: Oricorio
|-damage|p1a: Oricorio|22/100
|
|-heal|p1a: Oricorio|28/100|[from] item: Leftovers
|upkeep
|turn|3
|
|t:|1758242329
|move|p1a: Oricorio|Revelation Dance|p2a: The Advocate
|-enditem|p2a: The Advocate|Focus Sash
|-damage|p2a: The Advocate|1/100
|move|p2a: The Advocate|Power Gem|p1a: Oricorio
|-supereffective|p1a: Oricorio
|-damage|p1a: Oricorio|0 fnt
|faint|p1a: Oricorio
|
|upkeep
|
|t:|1758242341
|switch|p1a: Skeledirge|Skeledirge, F|100/100
|-damage|p1a: Skeledirge|76/100|[from] Stealth Rock
|turn|4
|
|t:|1758242349
|move|p2a: The Advocate|Mud Shot|p1a: Skeledirge
|-supereffective|p1a: Skeledirge
|-damage|p1a: Skeledirge|35/100
|-unboost|p1a: Skeledirge|spe|1
|move|p1a: Skeledirge|Flame Charge|p2a: The Advocate
|-resisted|p2a: The Advocate
|-damage|p2a: The Advocate|0 fnt
|-boost|p1a: Skeledirge|spe|1
|-activate|p2a: The Advocate|ability: Toxic Debris
|-sidestart|p1: quartzion|move: Toxic Spikes
|faint|p2a: The Advocate
|
|upkeep
|
|t:|1758242359
|switch|p2a: The Ogerponzi|Ogerpon-Wellspring, F|100/100
|turn|5
|
|t:|1758242362
|switch|p1a: Toxapex|Toxapex, F|100/100
|-damage|p1a: Toxapex|88/100|[from] Stealth Rock
|-sideend|p1: quartzion|move: Toxic Spikes|[of] p1a: Toxapex
|move|p2a: The Ogerponzi|Knock Off|p1a: Toxapex
|-damage|p1a: Toxapex|64/100
|-enditem|p1a: Toxapex|Leftovers|[from] move: Knock Off|[of] p2a: The Ogerponzi
|
|upkeep
|turn|6
|
|t:|1758242380
|move|p2a: The Ogerponzi|U-turn|p1a: Toxapex
|-resisted|p1a: Toxapex
|-damage|p1a: Toxapex|56/100
|
|t:|1758242382
|switch|p2a: The Witch|Hatterene, F|100/100|[from] U-turn
|move|p1a: Toxapex|Poison Jab|p2a: The Witch
|-supereffective|p2a: The Witch
|-damage|p2a: The Witch|68/100
|-status|p2a: The Witch|psn
|
|-heal|p2a: The Witch|74/100 psn|[from] item: Leftovers
|-damage|p2a: The Witch|62/100 psn|[from] psn
|upkeep
|turn|7
|
|t:|1758242393
|switch|p1a: Cinccino|Cinccino, M|100/100
|-damage|p1a: Cinccino|88/100|[from] Stealth Rock
|move|p2a: The Witch|Psychic Noise|p1a: Cinccino
|-damage|p1a: Cinccino|25/100
|-start|p1a: Cinccino|move: Heal Block
|
|-heal|p2a: The Witch|68/100 psn|[from] item: Leftovers
|-damage|p2a: The Witch|56/100 psn|[from] psn
|upkeep
|turn|8
|
|t:|1758242401
|move|p1a: Cinccino|Tail Slap|p2a: The Witch
|-damage|p2a: The Witch|42/100 psn
|-damage|p2a: The Witch|30/100 psn
|-damage|p2a: The Witch|17/100 psn
|-damage|p2a: The Witch|3/100 psn
|-damage|p2a: The Witch|0 fnt
|faint|p2a: The Witch
|-hitcount|p2: The Witch|5
|
|-end|p1a: Cinccino|move: Heal Block
|upkeep
|
|t:|1758242410
|switch|p2a: The Idol|Iron Moth|100/100
|-enditem|p2a: The Idol|Booster Energy
|-activate|p2a: The Idol|ability: Quark Drive|[fromitem]
|-start|p2a: The Idol|quarkdrivespe
|turn|9
|
|t:|1758242419
|move|p2a: The Idol|Fiery Dance|p1a: Cinccino
|-damage|p1a: Cinccino|0 fnt
|faint|p1a: Cinccino
|
|upkeep
|
|t:|1758242427
|switch|p1a: Quaquaval|Quaquaval, M|100/100
|-damage|p1a: Quaquaval|94/100|[from] Stealth Rock
|turn|10
|
|t:|1758242436
|-terastallize|p2a: The Idol|Fairy
|move|p2a: The Idol|Fiery Dance|p1a: Quaquaval
|-resisted|p1a: Quaquaval
|-damage|p1a: Quaquaval|66/100
|move|p1a: Quaquaval|Aqua Step|p2a: The Idol
|-damage|p2a: The Idol|48/100
|-boost|p1a: Quaquaval|spe|1
|
|upkeep
|turn|11
|
|t:|1758242447
|move|p2a: The Idol|Dazzling Gleam|p1a: Quaquaval
|-supereffective|p1a: Quaquaval
|-damage|p1a: Quaquaval|0 fnt
|faint|p1a: Quaquaval
|
|upkeep
|
|t:|1758242456
|switch|p1a: Toxapex|Toxapex, F|89/100
|-damage|p1a: Toxapex|76/100|[from] Stealth Rock
|turn|12
|
|t:|1758242460
|move|p2a: The Idol|Sludge Wave|p1a: Toxapex
|-resisted|p1a: Toxapex
|-damage|p1a: Toxapex|56/100
|move|p1a: Toxapex|Poison Jab|p2a: The Idol
|-supereffective|p2a: The Idol
|-damage|p2a: The Idol|0 fnt
|faint|p2a: The Idol
|-end|p2a: The Idol|Quark Drive|[silent]
|
|upkeep
|
|t:|1758242473
|switch|p2a: Satan|Dragonite, F|100/100
|turn|13
|
|t:|1758242480
|move|p2a: Satan|Earthquake|p1a: Toxapex
|-supereffective|p1a: Toxapex
|-damage|p1a: Toxapex|7/100
|move|p1a: Toxapex|Toxic|p2a: Satan
|-status|p2a: Satan|tox
|-enditem|p2a: Satan|Lum Berry|[eat]
|-curestatus|p2a: Satan|tox|[msg]
|
|upkeep
|turn|14
|
|t:|1758242487
|-terastallize|p1a: Toxapex|Flying
|move|p2a: Satan|Earthquake|p1a: Toxapex
|-immune|p1a: Toxapex
|move|p1a: Toxapex|Toxic|p2a: Satan
|-status|p2a: Satan|tox
|
|-damage|p2a: Satan|94/100 tox|[from] psn
|upkeep
|turn|15
|
|t:|1758242502
|switch|p1a: Serperior|Serperior, F|100/100
|-damage|p1a: Serperior|88/100|[from] Stealth Rock
|move|p2a: Satan|Dragon Dance|p2a: Satan
|-boost|p2a: Satan|atk|1
|-boost|p2a: Satan|spe|1
|
|-heal|p1a: Serperior|94/100|[from] item: Leftovers
|-damage|p2a: Satan|82/100 tox|[from] psn
|upkeep
|turn|16
|
|t:|1758242512
|move|p2a: Satan|Dragon Dance|p2a: Satan
|-boost|p2a: Satan|atk|1
|-boost|p2a: Satan|spe|1
|move|p1a: Serperior|Leaf Storm|p2a: Satan
|-resisted|p2a: Satan
|-damage|p2a: Satan|69/100 tox
|-boost|p1a: Serperior|spa|2
|
|-heal|p1a: Serperior|100/100|[from] item: Leftovers
|-damage|p2a: Satan|51/100 tox|[from] psn
|upkeep
|turn|17
|
|t:|1758242520
|move|p2a: Satan|Ice Spinner|p1a: Serperior
|-supereffective|p1a: Serperior
|-damage|p1a: Serperior|0 fnt
|faint|p1a: Serperior
|
|-damage|p2a: Satan|26/100 tox|[from] psn
|upkeep
|
|t:|1758242526
|switch|p1a: Skeledirge|Skeledirge, F|35/100
|-damage|p1a: Skeledirge|11/100|[from] Stealth Rock
|turn|18
|
|t:|1758242530
|move|p2a: Satan|Ice Spinner|p1a: Skeledirge
|-resisted|p1a: Skeledirge
|-damage|p1a: Skeledirge|0 fnt
|faint|p1a: Skeledirge
|
|-damage|p2a: Satan|0 fnt|[from] psn
|faint|p2a: Satan
|upkeep
|
|t:|1758242534
|switch|p2a: The Leader|Kingambit, F|100/100
|switch|p1a: Toxapex|Toxapex, F, tera:Flying|40/100
|-activate|p2a: The Leader|ability: Supreme Overlord
|-start|p2a: The Leader|fallen4|[silent]
|-damage|p1a: Toxapex|15/100|[from] Stealth Rock
|turn|19
|
|t:|1758242543
|move|p2a: The Leader|Swords Dance|p2a: The Leader
|-boost|p2a: The Leader|atk|2
|move|p1a: Toxapex|Recover|p1a: Toxapex
|-heal|p1a: Toxapex|65/100
|
|upkeep
|turn|20
|
|t:|1758242548
|move|p2a: The Leader|Swords Dance|p2a: The Leader
|-boost|p2a: The Leader|atk|2
|move|p1a: Toxapex|Liquidation|p2a: The Leader
|-damage|p2a: The Leader|85/100
|
|upkeep
|turn|21
|-message|quartzion forfeited.
|
|win|pilotrainbow312
|raw|quartzion's rating: 1294 &rarr; <strong>1271</strong><br />(-23 for losing)
|raw|pilotrainbow312's rating: 1323 &rarr; <strong>1341</strong><br />(+18 for winning)
|l|☆quartzion
|player|p1|
|l|☆pilotrainbow312
|player|p2|
