|j|☆kennojex
|j|☆majorjetlag
|t:|1758301132
|gametype|singles
|player|p1|kennojex|1|1538
|player|p2|majorjetlag|lorelei-gen1|1468
|gen|9
|tier|[Gen 9] OU
|rated|
|rule|HP Percentage Mod: HP is shown in percentages
|rule|Endless Battle Clause: Forcing endless battles is banned
|rule|Species Clause: Limit one of each Pokémon
|rule|OHKO Clause: OHKO moves are banned
|rule|Evasion Items Clause: Evasion items are banned
|rule|Evasion Moves Clause: Evasion moves are banned
|rule|Evasion Abilities Clause: Evasion abilities are banned
|rule|Sleep Moves Clause: Sleep-inducing moves are banned
|clearpoke
|poke|p1|Deoxys-Speed|
|poke|p1|Garganacl, M|
|poke|p1|Quaquaval, M|
|poke|p1|Kyurem|
|poke|p1|Darkrai|
|poke|p1|Cresselia, F|
|poke|p2|Pelipper, F|
|poke|p2|Hatterene, F|
|poke|p2|Iron Treads|
|poke|p2|Toxicroak, F|
|poke|p2|Barraskewda, F|
|poke|p2|Zapdos|
|teampreview
|inactive|Battle timer is ON: inactive players will automatically lose when time's up. (requested by majorjetlag)
|
|t:|1758301140
|teamsize|p1|6
|teamsize|p2|6
|start
|switch|p1a: Deoxys|Deoxys-Speed|100/100
|switch|p2a: Pelipper|Pelipper, F|100/100
|-ability|p1a: Deoxys|Pressure
|-weather|RainDance|[from] ability: Drizzle|[of] p2a: Pelipper
|turn|1
|
|t:|1758301143
|move|p1a: Deoxys|Light Screen|p1a: Deoxys
|-sidestart|p1: kennojex|move: Light Screen
|move|p2a: Pelipper|Knock Off|p1a: Deoxys
|-supereffective|p1a: Deoxys
|-damage|p1a: Deoxys|69/100
|-enditem|p1a: Deoxys|Light Clay|[from] move: Knock Off|[of] p2a: Pelipper
|
|-weather|RainDance|[upkeep]
|upkeep
|turn|2
|
|t:|1758301147
|move|p1a: Deoxys|Reflect|p1a: Deoxys
|-sidestart|p1: kennojex|Reflect
|move|p2a: Pelipper|U-turn|p1a: Deoxys
|-supereffective|p1a: Deoxys
|-damage|p1a: Deoxys|58/100
|
|t:|1758301153
|switch|p2a: Barraskewda|Barraskewda, F|100/100|[from] U-turn
|
|-weather|RainDance|[upkeep]
|upkeep
|turn|3
|
|t:|1758301161
|move|p2a: Barraskewda|Liquidation|p1a: Deoxys
|-damage|p1a: Deoxys|0 fnt
|faint|p1a: Deoxys
|
|-weather|RainDance|[upkeep]
|upkeep
|
|t:|1758301174
|switch|p1a: Cresselia|Cresselia, F|100/100
|turn|4
|
|t:|1758301178
|switch|p2a: Toxicroak|Toxicroak, F|100/100
|move|p1a: Cresselia|Calm Mind|p1a: Cresselia
|-boost|p1a: Cresselia|spa|1
|-boost|p1a: Cresselia|spd|1
|
|-weather|RainDance|[upkeep]
|upkeep
|turn|5
|
|t:|1758301189
|-terastallize|p2a: Toxicroak|Ghost
|-terastallize|p1a: Cresselia|Poison
|move|p2a: Toxicroak|Toxic|p1a: Cresselia
|-immune|p1a: Cresselia
|move|p1a: Cresselia|Calm Mind|p1a: Cresselia
|-boost|p1a: Cresselia|spa|1
|-boost|p1a: Cresselia|spd|1
|
|-weather|RainDance|[upkeep]
|upkeep
|turn|6
|
|t:|1758301196
|move|p2a: Toxicroak|Encore|p1a: Cresselia
|-start|p1a: Cresselia|Encore
|move|p1a: Cresselia|Calm Mind|p1a: Cresselia
|-boost|p1a: Cresselia|spa|1
|-boost|p1a: Cresselia|spd|1
|
|-weather|RainDance|[upkeep]
|-sideend|p1: kennojex|Reflect
|upkeep
|turn|7
|
|t:|1758301198
|move|p2a: Toxicroak|Knock Off|p1a: Cresselia
|-damage|p1a: Cresselia|88/100
|-enditem|p1a: Cresselia|Leftovers|[from] move: Knock Off|[of] p2a: Toxicroak
|move|p1a: Cresselia|Calm Mind|p1a: Cresselia
|-boost|p1a: Cresselia|spa|1
|-boost|p1a: Cresselia|spd|1
|
|-weather|RainDance|[upkeep]
|upkeep
|turn|8
|
|t:|1758301200
|move|p2a: Toxicroak|Knock Off|p1a: Cresselia
|-damage|p1a: Cresselia|79/100
|move|p1a: Cresselia|Calm Mind|p1a: Cresselia
|-boost|p1a: Cresselia|spa|1
|-boost|p1a: Cresselia|spd|1
|
|-weather|none
|-end|p1a: Cresselia|Encore
|-sideend|p1: kennojex|move: Light Screen
|upkeep
|turn|9
|
|t:|1758301202
|move|p2a: Toxicroak|Encore|p1a: Cresselia
|-start|p1a: Cresselia|Encore
|move|p1a: Cresselia|Calm Mind|p1a: Cresselia
|-boost|p1a: Cresselia|spa|1
|-boost|p1a: Cresselia|spd|1
|
|upkeep
|turn|10
|
|t:|1758301204
|move|p2a: Toxicroak|Knock Off|p1a: Cresselia
|-damage|p1a: Cresselia|71/100
|move|p1a: Cresselia|Calm Mind|p1a: Cresselia
|-boost|p1a: Cresselia|spa|0
|-boost|p1a: Cresselia|spd|0
|
|upkeep
|turn|11
|
|t:|1758301210
|switch|p1a: Darkrai|Darkrai|100/100
|move|p2a: Toxicroak|Knock Off|p1a: Darkrai
|-resisted|p1a: Darkrai
|-damage|p1a: Darkrai|86/100
|-enditem|p1a: Darkrai|Leftovers|[from] move: Knock Off|[of] p2a: Toxicroak
|
|upkeep
|turn|12
|
|t:|1758301219
|switch|p2a: Pelipper|Pelipper, F|100/100
|-weather|RainDance|[from] ability: Drizzle|[of] p2a: Pelipper
|move|p1a: Darkrai|Nasty Plot|p1a: Darkrai
|-boost|p1a: Darkrai|spa|2
|
|-weather|RainDance|[upkeep]
|upkeep
|turn|13
|
|t:|1758301223
|move|p1a: Darkrai|Dark Pulse|p2a: Pelipper
|-damage|p2a: Pelipper|24/100
|move|p2a: Pelipper|U-turn|p1a: Darkrai
|-supereffective|p1a: Darkrai
|-damage|p1a: Darkrai|59/100
|
|t:|1758301229
|switch|p2a: Barraskewda|Barraskewda, F|100/100|[from] U-turn
|
|-weather|RainDance|[upkeep]
|upkeep
|turn|14
|
|t:|1758301234
|switch|p1a: Garganacl|Garganacl, M|100/100
|move|p2a: Barraskewda|Liquidation|p1a: Garganacl
|-supereffective|p1a: Garganacl
|-damage|p1a: Garganacl|0 fnt
|faint|p1a: Garganacl
|
|-weather|RainDance|[upkeep]
|upkeep
|
|t:|1758301236
|switch|p1a: Quaquaval|Quaquaval, M|100/100
|turn|15
|
|t:|1758301245
|switch|p2a: Hatterene|Hatterene, F|100/100
|move|p1a: Quaquaval|Aqua Step|p2a: Hatterene
|-damage|p2a: Hatterene|46/100
|-boost|p1a: Quaquaval|spe|1
|-enditem|p2a: Hatterene|Eject Button
|
|t:|1758301249
|switch|p2a: Zapdos|Zapdos|100/100
|
|-weather|RainDance|[upkeep]
|upkeep
|turn|16
|
|t:|1758301255
|move|p1a: Quaquaval|Triple Axel|p2a: Zapdos
|-supereffective|p2a: Zapdos
|-damage|p2a: Zapdos|85/100
|-status|p1a: Quaquaval|par|[from] ability: Static|[of] p2a: Zapdos
|-enditem|p1a: Quaquaval|Lum Berry|[eat]
|-curestatus|p1a: Quaquaval|par|[msg]
|-hitcount|p2a: Zapdos|1
|move|p2a: Zapdos|Volt Switch|p1a: Quaquaval
|-supereffective|p1a: Quaquaval
|-damage|p1a: Quaquaval|0 fnt
|faint|p1a: Quaquaval
|
|t:|1758301265
|switch|p2a: Barraskewda|Barraskewda, F|100/100|[from] Volt Switch
|
|-weather|RainDance|[upkeep]
|upkeep
|
|t:|1758301268
|switch|p1a: Kyurem|Kyurem|100/100
|-ability|p1a: Kyurem|Pressure
|turn|17
|
|t:|1758301271
|move|p2a: Barraskewda|Close Combat|p1a: Kyurem
|-supereffective|p1a: Kyurem
|-damage|p1a: Kyurem|0 fnt
|-unboost|p2a: Barraskewda|def|1
|-unboost|p2a: Barraskewda|spd|1
|faint|p1a: Kyurem
|
|-weather|RainDance|[upkeep]
|upkeep
|
|t:|1758301275
|switch|p1a: Cresselia|Cresselia, F, tera:Poison|71/100
|turn|18
|
|t:|1758301279
|switch|p2a: Toxicroak|Toxicroak, F, tera:Ghost|100/100
|switch|p1a: Darkrai|Darkrai|59/100
|
|-weather|RainDance|[upkeep]
|upkeep
|turn|19
|
|t:|1758301286
|switch|p2a: Hatterene|Hatterene, F|46/100
|move|p1a: Darkrai|Nasty Plot|p1a: Darkrai
|-boost|p1a: Darkrai|spa|2
|
|-weather|none
|upkeep
|turn|20
|
|t:|1758301288
|move|p1a: Darkrai|Sludge Bomb|p2a: Hatterene
|-supereffective|p2a: Hatterene
|-damage|p2a: Hatterene|0 fnt
|faint|p2a: Hatterene
|
|upkeep
|
|t:|1758301290
|switch|p2a: Pelipper|Pelipper, F|24/100
|-weather|RainDance|[from] ability: Drizzle|[of] p2a: Pelipper
|turn|21
|
|t:|1758301292
|move|p1a: Darkrai|Dark Pulse|p2a: Pelipper
|-damage|p2a: Pelipper|0 fnt
|faint|p2a: Pelipper
|
|-weather|RainDance|[upkeep]
|upkeep
|
|t:|1758301293
|switch|p2a: Barraskewda|Barraskewda, F|100/100
|turn|22
|
|t:|1758301295
|move|p2a: Barraskewda|Liquidation|p1a: Darkrai
|-damage|p1a: Darkrai|0 fnt
|faint|p1a: Darkrai
|
|-weather|RainDance|[upkeep]
|upkeep
|
|t:|1758301296
|switch|p1a: Cresselia|Cresselia, F, tera:Poison|71/100
|turn|23
|
|t:|1758301298
|move|p2a: Barraskewda|Liquidation|p1a: Cresselia
|-damage|p1a: Cresselia|20/100
|move|p1a: Cresselia|Moonlight|p1a: Cresselia
|-heal|p1a: Cresselia|45/100
|
|-weather|RainDance|[upkeep]
|upkeep
|turn|24
|
|t:|1758301300
|move|p2a: Barraskewda|Liquidation|p1a: Cresselia
|-damage|p1a: Cresselia|0 fnt
|faint|p1a: Cresselia
|
|win|majorjetlag
|raw|kennojex's rating: 1538 &rarr; <strong>1514</strong><br />(-24 for losing)
|raw|majorjetlag's rating: 1468 &rarr; <strong>1492</strong><br />(+24 for winning)
|l|☆kennojex
|player|p1|
