|j|☆arhg955
|j|☆ChiefSosa14
|t:|1758348232
|gametype|singles
|player|p1|arhg955|cheren-gen5bw2|1121
|player|p2|ChiefSosa14|169|1152
|gen|9
|tier|[Gen 9] OU
|rated|
|rule|HP Percentage Mod: HP is shown in percentages
|rule|Endless Battle Clause: Forcing endless battles is banned
|rule|Species Clause: Limit one of each Pokémon
|rule|OHKO Clause: OHKO moves are banned
|rule|Evasion Items Clause: Evasion items are banned
|rule|Evasion Moves Clause: Evasion moves are banned
|rule|Evasion Abilities Clause: Evasion abilities are banned
|rule|Sleep Moves Clause: Sleep-inducing moves are banned
|clearpoke
|poke|p1|Dragapult, F|
|poke|p1|Walking Wake|
|poke|p1|Iron Moth|
|poke|p1|Kingambit, F|
|poke|p1|Dondozo, M|
|poke|p1|Gengar, M|
|poke|p2|Krookodile, M|
|poke|p2|Gyarados, F|
|poke|p2|Malamar, M|
|poke|p2|Primarina, M|
|poke|p2|Torterra, F|
|poke|p2|Eelektross, M|
|teampreview
|inactive|Battle timer is ON: inactive players will automatically lose when time's up. (requested by arhg955)
|
|t:|1758348237
|teamsize|p1|6
|teamsize|p2|6
|start
|switch|p1a: Gengar|Gengar, M|100/100
|switch|p2a: Eelektross|Eelektross, M|100/100
|turn|1
|
|t:|1758348253
|-terastallize|p1a: Gengar|Ghost
|move|p1a: Gengar|Shadow Ball|p2a: Eelektross
|-damage|p2a: Eelektross|39/100
|move|p2a: Eelektross|Thunderbolt|p1a: Gengar
|-damage|p1a: Gengar|45/100
|-start|p2a: Eelektross|Disable|Thunderbolt|[from] ability: Cursed Body|[of] p1a: Gengar
|
|upkeep
|turn|2
|
|t:|1758348272
|switch|p2a: Primarina|Primarina, M|100/100
|move|p1a: Gengar|Shadow Ball|p2a: Primarina
|-damage|p2a: Primarina|69/100
|
|upkeep
|turn|3
|
|t:|1758348279
|move|p1a: Gengar|Destiny Bond|p1a: Gengar
|-singlemove|p1a: Gengar|Destiny Bond
|move|p2a: Primarina|Moonblast|p1a: Gengar
|-damage|p1a: Gengar|0 fnt
|-start|p2a: Primarina|Disable|Moonblast|[from] ability: Cursed Body|[of] p1a: Gengar
|faint|p1a: Gengar
|-activate|p1a: Gengar|move: Destiny Bond
|faint|p2a: Primarina
|
|upkeep
|
|t:|1758348295
|switch|p1a: Iron Moth|Iron Moth|100/100
|switch|p2a: Gyarados|Gyarados, F|100/100
|-enditem|p1a: Iron Moth|Booster Energy
|-activate|p1a: Iron Moth|ability: Quark Drive|[fromitem]
|-start|p1a: Iron Moth|quarkdrivespa
|turn|4
|
|t:|1758348302
|move|p1a: Iron Moth|Energy Ball|p2a: Gyarados
|-damage|p2a: Gyarados|56/100
|move|p2a: Gyarados|Waterfall|p1a: Iron Moth
|-supereffective|p1a: Iron Moth
|-crit|p1a: Iron Moth
|-damage|p1a: Iron Moth|0 fnt
|faint|p1a: Iron Moth
|-end|p1a: Iron Moth|Quark Drive|[silent]
|-ability|p2a: Gyarados|Moxie|boost
|-boost|p2a: Gyarados|atk|1
|
|upkeep
|
|t:|1758348317
|switch|p1a: Walking Wake|Walking Wake|100/100
|-enditem|p1a: Walking Wake|Booster Energy
|-activate|p1a: Walking Wake|ability: Protosynthesis|[fromitem]
|-start|p1a: Walking Wake|protosynthesisspa
|turn|5
|
|t:|1758348325
|move|p1a: Walking Wake|Hydro Steam|p2a: Gyarados
|-resisted|p2a: Gyarados
|-damage|p2a: Gyarados|29/100
|move|p2a: Gyarados|Ice Fang|p1a: Walking Wake
|-damage|p1a: Walking Wake|59/100
|
|upkeep
|turn|6
|
|t:|1758348337
|move|p1a: Walking Wake|Draco Meteor|p2a: Gyarados
|-damage|p2a: Gyarados|0 fnt
|-unboost|p1a: Walking Wake|spa|2
|faint|p2a: Gyarados
|
|upkeep
|
|t:|1758348348
|switch|p2a: Eelektross|Eelektross, M|39/100
|turn|7
|
|t:|1758348354
|move|p1a: Walking Wake|Draco Meteor|p2a: Eelektross
|-damage|p2a: Eelektross|0 fnt
|-unboost|p1a: Walking Wake|spa|2
|faint|p2a: Eelektross
|
|upkeep
|
|t:|1758348360
|switch|p2a: Krookodile|Krookodile, M|100/100
|turn|8
|
|t:|1758348366
|move|p1a: Walking Wake|Flip Turn|p2a: Krookodile
|-supereffective|p2a: Krookodile
|-damage|p2a: Krookodile|58/100
|
|t:|1758348370
|-end|p1a: Walking Wake|Protosynthesis|[silent]
|switch|p1a: Dondozo|Dondozo, M|100/100|[from] Flip Turn
|move|p2a: Krookodile|Brick Break|p1a: Dondozo
|-damage|p1a: Dondozo|85/100
|
|-heal|p2a: Krookodile|64/100|[from] item: Leftovers
|upkeep
|turn|9
|
|t:|1758348380
|move|p2a: Krookodile|Earthquake|p1a: Dondozo
|-damage|p1a: Dondozo|57/100
|move|p1a: Dondozo|Wave Crash|p2a: Krookodile
|-supereffective|p2a: Krookodile
|-damage|p2a: Krookodile|0 fnt
|faint|p2a: Krookodile
|-damage|p1a: Dondozo|43/100|[from] Recoil
|
|upkeep
|
|t:|1758348388
|switch|p2a: Torterra|Torterra, F|100/100
|turn|10
|
|t:|1758348393
|move|p2a: Torterra|Leech Seed|p1a: Dondozo
|-start|p1a: Dondozo|move: Leech Seed
|move|p1a: Dondozo|Wave Crash|p2a: Torterra
|-damage|p2a: Torterra|65/100
|-damage|p1a: Dondozo|34/100|[from] Recoil
|
|-damage|p1a: Dondozo|21/100|[from] Leech Seed|[of] p2a: Torterra
|-heal|p2a: Torterra|81/100|[silent]
|upkeep
|turn|11
|
|t:|1758348403
|move|p2a: Torterra|Grass Knot|p1a: Dondozo
|-supereffective|p1a: Dondozo
|-damage|p1a: Dondozo|0 fnt
|faint|p1a: Dondozo
|
|upkeep
|
|t:|1758348410
|switch|p1a: Walking Wake|Walking Wake|59/100
|turn|12
|
|t:|1758348414
|move|p1a: Walking Wake|Flamethrower|p2a: Torterra
|-supereffective|p2a: Torterra
|-enditem|p2a: Torterra|Occa Berry|[eat]
|-enditem|p2a: Torterra|Occa Berry|[weaken]
|-damage|p2a: Torterra|51/100
|move|p2a: Torterra|Leech Seed|p1a: Walking Wake
|-start|p1a: Walking Wake|move: Leech Seed
|
|-damage|p1a: Walking Wake|47/100|[from] Leech Seed|[of] p2a: Torterra
|-heal|p2a: Torterra|62/100|[silent]
|upkeep
|turn|13
|
|t:|1758348424
|move|p2a: Torterra|Protect|p2a: Torterra
|-singleturn|p2a: Torterra|Protect
|move|p1a: Walking Wake|Flamethrower|p2a: Torterra
|-activate|p2a: Torterra|move: Protect
|
|-damage|p1a: Walking Wake|35/100|[from] Leech Seed|[of] p2a: Torterra
|-heal|p2a: Torterra|73/100|[silent]
|upkeep
|turn|14
|
|t:|1758348433
|move|p1a: Walking Wake|Flamethrower|p2a: Torterra
|-supereffective|p2a: Torterra
|-damage|p2a: Torterra|8/100
|move|p2a: Torterra|Grass Knot|p1a: Walking Wake
|-damage|p1a: Walking Wake|0 fnt
|faint|p1a: Walking Wake
|-end|p1a: Walking Wake|Protosynthesis|[silent]
|
|upkeep
|
|t:|1758348442
|switch|p1a: Dragapult|Dragapult, F|100/100
|turn|15
|
|t:|1758348449
|move|p1a: Dragapult|Shadow Ball|p2a: Torterra
|-damage|p2a: Torterra|0 fnt
|faint|p2a: Torterra
|
|upkeep
|
|t:|1758348456
|switch|p2a: Malamar|Malamar, M|100/100
|turn|16
|
|t:|1758348465
|move|p1a: Dragapult|Shadow Ball|p2a: Malamar
|-damage|p2a: Malamar|38/100
|move|p2a: Malamar|Psycho Cut|p1a: Dragapult
|-damage|p1a: Dragapult|59/100
|
|upkeep
|turn|17
|
|t:|1758348472
|-terastallize|p2a: Malamar|Dark
|move|p1a: Dragapult|Shadow Ball|p2a: Malamar
|-resisted|p2a: Malamar
|-damage|p2a: Malamar|9/100
|-boost|p2a: Malamar|spd|1
|move|p2a: Malamar|Psycho Cut|p1a: Dragapult
|-damage|p1a: Dragapult|18/100
|
|upkeep
|turn|18
|
|t:|1758348481
|move|p1a: Dragapult|Shadow Ball|p2a: Malamar
|-resisted|p2a: Malamar
|-damage|p2a: Malamar|0 fnt
|faint|p2a: Malamar
|
|win|arhg955
|raw|arhg955's rating: 1121 &rarr; <strong>1148</strong><br />(+27 for winning)
|raw|ChiefSosa14's rating: 1152 &rarr; <strong>1125</strong><br />(-27 for losing)
|l|☆ChiefSosa14
|player|p2|
