|j|☆zawaluduo11
|j|☆bigbenjen
|t:|1758275425
|gametype|singles
|player|p1|zawaluduo11|101|1472
|player|p2|bigbenjen|brycenman|1479
|gen|9
|tier|[Gen 9] OU
|rated|
|rule|HP Percentage Mod: HP is shown in percentages
|rule|Endless Battle Clause: Forcing endless battles is banned
|rule|Species Clause: Limit one of each Pokémon
|rule|OHKO Clause: OHKO moves are banned
|rule|Evasion Items Clause: Evasion items are banned
|rule|Evasion Moves Clause: Evasion moves are banned
|rule|Evasion Abilities Clause: Evasion abilities are banned
|rule|Sleep Moves Clause: Sleep-inducing moves are banned
|clearpoke
|poke|p1|Alomomola, M|
|poke|p1|Gliscor, F|
|poke|p1|Kingambit, M|
|poke|p1|Ursaluna, M|
|poke|p1|Raging Bolt|
|poke|p1|Grimmsnarl, M|
|poke|p2|Great Tusk|
|poke|p2|Moltres|
|poke|p2|Hydrapple, F|
|poke|p2|Metagross|
|poke|p2|Blissey, F|
|poke|p2|Dragapult, M|
|teampreview
|inactive|Battle timer is ON: inactive players will automatically lose when time's up. (requested by bigbenjen)
|inactive|zawaluduo11 also wants the timer to be on.
|
|t:|1758275432
|teamsize|p1|6
|teamsize|p2|6
|start
|switch|p1a: Grimmsnarl|Grimmsnarl, M|100/100
|switch|p2a: Hydrapple|Hydrapple, F|100/100
|turn|1
|
|t:|1758275437
|move|p1a: Grimmsnarl|Light Screen|p1a: Grimmsnarl
|-sidestart|p1: zawaluduo11|move: Light Screen
|move|p2a: Hydrapple|Leaf Storm|p1a: Grimmsnarl
|-damage|p1a: Grimmsnarl|52/100
|-unboost|p2a: Hydrapple|spa|2
|
|upkeep
|turn|2
|
|t:|1758275444
|switch|p2a: Metagross|Metagross|100/100
|move|p1a: Grimmsnarl|Reflect|p1a: Grimmsnarl
|-sidestart|p1: zawaluduo11|Reflect
|
|upkeep
|turn|3
|
|t:|1758275455
|switch|p1a: Kingambit|Kingambit, M|100/100
|move|p2a: Metagross|Agility|p2a: Metagross
|-boost|p2a: Metagross|spe|2
|
|upkeep
|turn|4
|
|t:|1758275464
|switch|p2a: Great Tusk|Great Tusk|100/100
|-end|p1a: Kingambit|fallenundefined|[silent]
|switch|p1a: Alomomola|Alomomola, M|100/100
|
|upkeep
|turn|5
|
|t:|1758275471
|-end|p2a: Great Tusk|Protosynthesis|[silent]
|switch|p2a: Hydrapple|Hydrapple, F|100/100
|move|p1a: Alomomola|Flip Turn|p2a: Hydrapple
|-resisted|p2a: Hydrapple
|-damage|p2a: Hydrapple|98/100
|
|t:|1758275477
|switch|p1a: Ursaluna|Ursaluna, M|100/100|[from] Flip Turn
|
|-status|p1a: Ursaluna|brn|[from] item: Flame Orb
|upkeep
|turn|6
|
|t:|1758275484
|switch|p2a: Moltres|Moltres|100/100
|move|p1a: Ursaluna|Facade|p2a: Moltres
|-damage|p2a: Moltres|0 fnt
|faint|p2a: Moltres
|
|-damage|p1a: Ursaluna|94/100 brn|[from] brn
|upkeep
|
|t:|1758275497
|switch|p2a: Great Tusk|Great Tusk|100/100
|turn|7
|
|t:|1758275500
|move|p2a: Great Tusk|Close Combat|p1a: Ursaluna
|-supereffective|p1a: Ursaluna
|-damage|p1a: Ursaluna|61/100 brn
|-unboost|p2a: Great Tusk|def|1
|-unboost|p2a: Great Tusk|spd|1
|move|p1a: Ursaluna|Facade|p2a: Great Tusk
|-damage|p2a: Great Tusk|0 fnt
|faint|p2a: Great Tusk
|-end|p2a: Great Tusk|Protosynthesis|[silent]
|
|-damage|p1a: Ursaluna|55/100 brn|[from] brn
|upkeep
|
|t:|1758275516
|switch|p2a: Dragapult|Dragapult, M|100/100
|turn|8
|
|t:|1758275524
|switch|p1a: Grimmsnarl|Grimmsnarl, M|52/100
|move|p2a: Dragapult|Dragon Darts|p1a: Grimmsnarl
|-immune|p1a: Grimmsnarl
|
|-sideend|p1: zawaluduo11|move: Light Screen
|upkeep
|turn|9
|
|t:|1758275530
|switch|p2a: Metagross|Metagross|100/100
|move|p1a: Grimmsnarl|Light Screen|p1a: Grimmsnarl
|-sidestart|p1: zawaluduo11|move: Light Screen
|
|-sideend|p1: zawaluduo11|Reflect
|upkeep
|turn|10
|
|t:|1758275539
|switch|p1a: Alomomola|Alomomola, M|100/100
|move|p2a: Metagross|Heavy Slam|p1a: Alomomola
|-resisted|p1a: Alomomola
|-damage|p1a: Alomomola|81/100
|-damage|p2a: Metagross|84/100|[from] item: Rocky Helmet|[of] p1a: Alomomola
|
|upkeep
|turn|11
|
|t:|1758275547
|-terastallize|p2a: Metagross|Fire
|move|p2a: Metagross|Agility|p2a: Metagross
|-boost|p2a: Metagross|spe|2
|move|p1a: Alomomola|Flip Turn|p2a: Metagross
|-supereffective|p2a: Metagross
|-damage|p2a: Metagross|58/100
|-enditem|p2a: Metagross|Weakness Policy
|-boost|p2a: Metagross|atk|2|[from] item: Weakness Policy
|-boost|p2a: Metagross|spa|2|[from] item: Weakness Policy
|
|t:|1758275557
|switch|p1a: Gliscor|Gliscor, F|100/100|[from] Flip Turn
|
|-status|p1a: Gliscor|tox|[from] item: Toxic Orb
|upkeep
|turn|12
|
|t:|1758275564
|move|p2a: Metagross|Heavy Slam|p1a: Gliscor
|-damage|p1a: Gliscor|0 fnt
|faint|p1a: Gliscor
|
|upkeep
|
|t:|1758275570
|switch|p1a: Raging Bolt|Raging Bolt|100/100
|turn|13
|
|t:|1758275579
|move|p1a: Raging Bolt|Thunderclap|p2a: Metagross
|-damage|p2a: Metagross|0 fnt
|faint|p2a: Metagross
|
|upkeep
|
|t:|1758275582
|switch|p2a: Hydrapple|Hydrapple, F|100/100
|turn|14
|
|t:|1758275589
|-end|p1a: Raging Bolt|Protosynthesis|[silent]
|switch|p1a: Kingambit|Kingambit, M|100/100
|-activate|p1a: Kingambit|ability: Supreme Overlord
|-start|p1a: Kingambit|fallen1|[silent]
|move|p2a: Hydrapple|Leaf Storm|p1a: Kingambit
|-resisted|p1a: Kingambit
|-crit|p1a: Kingambit
|-damage|p1a: Kingambit|26/100
|-unboost|p2a: Hydrapple|spa|2
|
|upkeep
|turn|15
|
|t:|1758275598
|-end|p1a: Kingambit|fallen1|[silent]
|switch|p1a: Alomomola|Alomomola, M|100/100
|move|p2a: Hydrapple|Leaf Storm|p1a: Alomomola
|-supereffective|p1a: Alomomola
|-damage|p1a: Alomomola|38/100
|-unboost|p2a: Hydrapple|spa|2
|
|upkeep
|turn|16
|
|t:|1758275609
|switch|p1a: Raging Bolt|Raging Bolt|100/100
|switch|p2a: Dragapult|Dragapult, M|100/100
|
|-sideend|p1: zawaluduo11|move: Light Screen
|upkeep
|turn|17
|
|t:|1758275617
|-end|p1a: Raging Bolt|Protosynthesis|[silent]
|switch|p1a: Grimmsnarl|Grimmsnarl, M|52/100
|move|p2a: Dragapult|U-turn|p1a: Grimmsnarl
|-damage|p1a: Grimmsnarl|21/100
|
|t:|1758275620
|switch|p2a: Blissey|Blissey, F|100/100|[from] U-turn
|
|upkeep
|turn|18
|
|t:|1758275624
|move|p1a: Grimmsnarl|Light Screen|p1a: Grimmsnarl
|-sidestart|p1: zawaluduo11|move: Light Screen
|move|p2a: Blissey|Stealth Rock|p1a: Grimmsnarl
|-sidestart|p1: zawaluduo11|move: Stealth Rock
|
|upkeep
|turn|19
|
|t:|1758275628
|move|p1a: Grimmsnarl|Reflect|p1a: Grimmsnarl
|-sidestart|p1: zawaluduo11|Reflect
|move|p2a: Blissey|Seismic Toss|p1a: Grimmsnarl
|-damage|p1a: Grimmsnarl|0 fnt
|faint|p1a: Grimmsnarl
|
|upkeep
|
|t:|1758275634
|switch|p1a: Alomomola|Alomomola, M|71/100
|-damage|p1a: Alomomola|59/100|[from] Stealth Rock
|turn|20
|
|t:|1758275639
|switch|p2a: Hydrapple|Hydrapple, F|100/100
|move|p1a: Alomomola|Wish|p1a: Alomomola
|
|upkeep
|turn|21
|
|t:|1758275648
|switch|p1a: Raging Bolt|Raging Bolt|100/100
|-damage|p1a: Raging Bolt|88/100|[from] Stealth Rock
|move|p2a: Hydrapple|Leaf Storm|p1a: Raging Bolt
|-resisted|p1a: Raging Bolt
|-damage|p1a: Raging Bolt|67/100
|-unboost|p2a: Hydrapple|spa|2
|
|-heal|p1a: Raging Bolt|100/100|[from] move: Wish|[wisher] Alomomola
|upkeep
|turn|22
|
|t:|1758275654
|switch|p2a: Blissey|Blissey, F|100/100
|move|p1a: Raging Bolt|Volt Switch|p2a: Blissey
|-damage|p2a: Blissey|82/100
|
|t:|1758275660
|-end|p1a: Raging Bolt|Protosynthesis|[silent]
|switch|p1a: Ursaluna|Ursaluna, M|55/100 brn|[from] Volt Switch
|-damage|p1a: Ursaluna|49/100 brn|[from] Stealth Rock
|
|-damage|p1a: Ursaluna|43/100 brn|[from] brn
|upkeep
|turn|23
|
|t:|1758275668
|switch|p2a: Hydrapple|Hydrapple, F|100/100
|move|p1a: Ursaluna|Facade|p2a: Hydrapple
|-damage|p2a: Hydrapple|10/100
|
|-damage|p1a: Ursaluna|36/100 brn|[from] brn
|upkeep
|turn|24
|
|t:|1758275678
|switch|p2a: Dragapult|Dragapult, M|100/100
|-terastallize|p1a: Ursaluna|Flying
|move|p1a: Ursaluna|Earthquake|p2a: Dragapult
|-damage|p2a: Dragapult|0 fnt
|faint|p2a: Dragapult
|
|-damage|p1a: Ursaluna|30/100 brn|[from] brn
|upkeep
|-message|bigbenjen forfeited.
|
|win|zawaluduo11
|raw|zawaluduo11's rating: 1472 &rarr; <strong>1492</strong><br />(+20 for winning)
|raw|bigbenjen's rating: 1479 &rarr; <strong>1459</strong><br />(-20 for losing)
|l|☆bigbenjen
|player|p2|
|l|☆zawaluduo11
|player|p1|
