|j|☆rookie22
|j|☆Shibuya Arc
|t:|1758371695
|gametype|singles
|player|p1|rookie22|iris-gen5bw2|1729
|player|p2|Shibuya Arc|101|1718
|gen|9
|tier|[Gen 9] OU
|rated|
|rule|HP Percentage Mod: HP is shown in percentages
|rule|Endless Battle Clause: Forcing endless battles is banned
|rule|Species Clause: Limit one of each Pokémon
|rule|OHKO Clause: OHKO moves are banned
|rule|Evasion Items Clause: Evasion items are banned
|rule|Evasion Moves Clause: Evasion moves are banned
|rule|Evasion Abilities Clause: Evasion abilities are banned
|rule|Sleep Moves Clause: Sleep-inducing moves are banned
|clearpoke
|poke|p1|Dragonite, M|
|poke|p1|Meowscarada, M|
|poke|p1|Keldeo|
|poke|p1|Iron Crown|
|poke|p1|Raging Bolt|
|poke|p1|Great Tusk|
|poke|p2|Dragapult, M|
|poke|p2|Dragonite, F|
|poke|p2|Ting-Lu|
|poke|p2|Weezing-Galar, F|
|poke|p2|Iron Crown|
|poke|p2|Zapdos|
|teampreview
|inactive|Battle timer is ON: inactive players will automatically lose when time's up. (requested by rookie22)
|inactive|Shibuya Arc also wants the timer to be on.
|j| firecharmander004
|inactive|rookie22 has 120 seconds left.
|j| woairibi
|
|t:|1758371735
|teamsize|p1|6
|teamsize|p2|6
|start
|switch|p1a: Lisan Al Gaib|Keldeo|100/100
|switch|p2a: Dragapult|Dragapult, M|100/100
|turn|1
|
|t:|1758371741
|switch|p1a: Bene Gesserit|Iron Crown|100/100
|move|p2a: Dragapult|Dragon Darts|p1a: Bene Gesserit
|-resisted|p1a: Bene Gesserit
|-damage|p1a: Bene Gesserit|88/100
|-anim|p2a: Dragapult|Dragon Darts|p1a: Bene Gesserit
|-resisted|p1a: Bene Gesserit
|-damage|p1a: Bene Gesserit|78/100
|
|upkeep
|turn|2
|l| woairibi
|inactive|rookie22 has 120 seconds left.
|
|t:|1758371781
|-end|p1a: Bene Gesserit|Quark Drive|[silent]
|switch|p1a: Great Tusk|Great Tusk|100/100
|move|p2a: Dragapult|U-turn|p1a: Great Tusk
|-resisted|p1a: Great Tusk
|-damage|p1a: Great Tusk|94/100
|
|t:|1758371789
|switch|p2a: Iron Crown|Iron Crown|100/100|[from] U-turn
|
|-heal|p1a: Great Tusk|99/100|[from] item: Leftovers
|upkeep
|turn|3
|
|t:|1758371795
|-end|p1a: Great Tusk|Protosynthesis|[silent]
|switch|p1a: Bene Gesserit|Iron Crown|78/100
|move|p2a: Iron Crown|Tachyon Cutter|p1a: Bene Gesserit
|-resisted|p1a: Bene Gesserit
|-damage|p1a: Bene Gesserit|66/100
|-resisted|p1a: Bene Gesserit
|-damage|p1a: Bene Gesserit|54/100
|-hitcount|p1a: Bene Gesserit|2
|
|upkeep
|turn|4
|
|t:|1758371803
|-end|p2a: Iron Crown|Quark Drive|[silent]
|switch|p2a: Ting-Lu|Ting-Lu|100/100
|-ability|p2a: Ting-Lu|Vessel of Ruin
|-end|p1a: Bene Gesserit|Quark Drive|[silent]
|switch|p1a: Lisan Al Gaib|Keldeo|100/100
|
|upkeep
|turn|5
|
|t:|1758371810
|move|p1a: Lisan Al Gaib|Surf|p2a: Ting-Lu
|-supereffective|p2a: Ting-Lu
|-damage|p2a: Ting-Lu|37/100
|move|p2a: Ting-Lu|Ruination|p1a: Lisan Al Gaib
|-damage|p1a: Lisan Al Gaib|51/100
|-ability|p1a: Lisan Al Gaib|Justified|boost
|-boost|p1a: Lisan Al Gaib|atk|1
|
|-heal|p2a: Ting-Lu|43/100|[from] item: Leftovers
|upkeep
|turn|6
|
|t:|1758371818
|switch|p2a: Dragonite|Dragonite, F|100/100
|move|p1a: Lisan Al Gaib|Surf|p2a: Dragonite
|-resisted|p2a: Dragonite
|-damage|p2a: Dragonite|83/100
|
|upkeep
|turn|7
|j| woairibi
|
|t:|1758371824
|switch|p1a: Great Tusk|Great Tusk|99/100
|move|p2a: Dragonite|Dragon Dance|p2a: Dragonite
|-boost|p2a: Dragonite|atk|1
|-boost|p2a: Dragonite|spe|1
|
|-heal|p1a: Great Tusk|100/100|[from] item: Leftovers
|upkeep
|turn|8
|
|t:|1758371830
|move|p2a: Dragonite|Dragon Dance|p2a: Dragonite
|-boost|p2a: Dragonite|atk|1
|-boost|p2a: Dragonite|spe|1
|move|p1a: Great Tusk|Ice Spinner|p2a: Dragonite
|-supereffective|p2a: Dragonite
|-damage|p2a: Dragonite|0 fnt
|faint|p2a: Dragonite
|
|upkeep
|j| sirpeanutcronch
|l| sirpeanutcronch
|
|t:|1758371839
|switch|p2a: Dragapult|Dragapult, M|100/100
|turn|9
|
|t:|1758371852
|move|p2a: Dragapult|Will-O-Wisp|p1a: Great Tusk
|-status|p1a: Great Tusk|brn
|move|p1a: Great Tusk|Ice Spinner|p2a: Dragapult
|-supereffective|p2a: Dragapult
|-damage|p2a: Dragapult|57/100
|
|-damage|p1a: Great Tusk|94/100 brn|[from] brn
|upkeep
|turn|10
|
|t:|1758371860
|move|p2a: Dragapult|U-turn|p1a: Great Tusk
|-resisted|p1a: Great Tusk
|-damage|p1a: Great Tusk|88/100 brn
|
|t:|1758371867
|switch|p2a: Ting-Lu|Ting-Lu|43/100|[from] U-turn
|-ability|p2a: Ting-Lu|Vessel of Ruin
|move|p1a: Great Tusk|Ice Spinner|p2a: Ting-Lu
|-supereffective|p2a: Ting-Lu
|-damage|p2a: Ting-Lu|25/100
|
|-heal|p1a: Great Tusk|94/100 brn|[from] item: Leftovers
|-heal|p2a: Ting-Lu|32/100|[from] item: Leftovers
|-damage|p1a: Great Tusk|88/100 brn|[from] brn
|upkeep
|turn|11
|j| Dragonlatios1
|
|t:|1758371875
|move|p1a: Great Tusk|Stealth Rock|p2a: Ting-Lu
|-sidestart|p2: Shibuya Arc|move: Stealth Rock
|move|p2a: Ting-Lu|Stealth Rock|p1a: Great Tusk
|-sidestart|p1: rookie22|move: Stealth Rock
|
|-heal|p1a: Great Tusk|94/100 brn|[from] item: Leftovers
|-heal|p2a: Ting-Lu|38/100|[from] item: Leftovers
|-damage|p1a: Great Tusk|88/100 brn|[from] brn
|upkeep
|turn|12
|
|t:|1758371881
|move|p1a: Great Tusk|Rapid Spin|p2a: Ting-Lu
|-damage|p2a: Ting-Lu|32/100
|-boost|p1a: Great Tusk|spe|1
|-sideend|p1: rookie22|Stealth Rock|[from] move: Rapid Spin|[of] p1a: Great Tusk
|move|p2a: Ting-Lu|Ruination|p1a: Great Tusk
|-damage|p1a: Great Tusk|44/100 brn
|
|-heal|p1a: Great Tusk|50/100 brn|[from] item: Leftovers
|-heal|p2a: Ting-Lu|39/100|[from] item: Leftovers
|-damage|p1a: Great Tusk|44/100 brn|[from] brn
|upkeep
|turn|13
|
|t:|1758371890
|-end|p1a: Great Tusk|Protosynthesis|[silent]
|switch|p1a: Meowscarada|Meowscarada, M|100/100
|move|p2a: Ting-Lu|Stealth Rock|p1a: Meowscarada
|-sidestart|p1: rookie22|move: Stealth Rock
|
|-heal|p2a: Ting-Lu|45/100|[from] item: Leftovers
|upkeep
|turn|14
|
|t:|1758371896
|switch|p2a: Weezing|Weezing-Galar, F|100/100
|-ability|p2a: Weezing|Neutralizing Gas
|move|p1a: Meowscarada|Knock Off|p2a: Weezing
|-resisted|p2a: Weezing
|-damage|p2a: Weezing|85/100
|-enditem|p2a: Weezing|Heavy-Duty Boots|[from] move: Knock Off|[of] p1a: Meowscarada
|
|upkeep
|turn|15
|
|t:|1758371906
|move|p1a: Meowscarada|Taunt|p2a: Weezing
|-start|p2a: Weezing|move: Taunt
|cant|p2a: Weezing|move: Taunt|Toxic Spikes
|
|upkeep
|turn|16
|
|t:|1758371914
|switch|p1a: Bene Gesserit|Iron Crown|54/100
|-damage|p1a: Bene Gesserit|48/100|[from] Stealth Rock
|-activate|p2a: Weezing|move: Struggle
|move|p2a: Weezing|Struggle|p1a: Bene Gesserit
|-crit|p1a: Bene Gesserit
|-damage|p1a: Bene Gesserit|35/100
|-damage|p2a: Weezing|60/100|[from] recoil
|
|upkeep
|turn|17
|
|t:|1758371924
|-end|p1a: Bene Gesserit|Quark Drive|[silent]
|switch|p1a: Lisan Al Gaib|Keldeo|51/100
|-damage|p1a: Lisan Al Gaib|44/100|[from] Stealth Rock
|-end|p2a: Weezing|ability: Neutralizing Gas
|switch|p2a: Zapdos|Zapdos|100/100
|
|upkeep
|turn|18
|
|t:|1758371931
|switch|p1a: Raging Bolt|Raging Bolt|100/100
|-damage|p1a: Raging Bolt|88/100|[from] Stealth Rock
|move|p2a: Zapdos|Volt Switch|p1a: Raging Bolt
|-resisted|p1a: Raging Bolt
|-damage|p1a: Raging Bolt|81/100
|
|t:|1758371939
|switch|p2a: Ting-Lu|Ting-Lu|45/100|[from] Volt Switch
|-damage|p2a: Ting-Lu|39/100|[from] Stealth Rock
|-ability|p2a: Ting-Lu|Vessel of Ruin
|
|-heal|p1a: Raging Bolt|87/100|[from] item: Leftovers
|-heal|p2a: Ting-Lu|45/100|[from] item: Leftovers
|upkeep
|turn|19
|
|t:|1758371964
|-end|p1a: Raging Bolt|Protosynthesis|[silent]
|switch|p1a: Meowscarada|Meowscarada, M|100/100
|move|p2a: Ting-Lu|Earthquake|p1a: Meowscarada
|-resisted|p1a: Meowscarada
|-damage|p1a: Meowscarada|73/100
|
|-heal|p2a: Ting-Lu|51/100|[from] item: Leftovers
|upkeep
|turn|20
|
|t:|1758371975
|switch|p2a: Weezing|Weezing-Galar, F|60/100
|-ability|p2a: Weezing|Neutralizing Gas
|-damage|p2a: Weezing|48/100|[from] Stealth Rock
|move|p1a: Meowscarada|Knock Off|p2a: Weezing
|-resisted|p2a: Weezing
|-damage|p2a: Weezing|39/100
|
|upkeep
|turn|21
|
|t:|1758371983
|-end|p2a: Weezing|ability: Neutralizing Gas
|switch|p2a: Dragapult|Dragapult, M|57/100
|move|p1a: Meowscarada|Taunt|p2a: Dragapult
|-start|p1a: Meowscarada|typechange|Dark|[from] ability: Protean
|-start|p2a: Dragapult|move: Taunt
|
|upkeep
|turn|22
|
|t:|1758371990
|switch|p1a: Great Tusk|Great Tusk|44/100 brn
|-damage|p1a: Great Tusk|41/100 brn|[from] Stealth Rock
|move|p2a: Dragapult|U-turn|p1a: Great Tusk
|-resisted|p1a: Great Tusk
|-damage|p1a: Great Tusk|35/100 brn
|
|t:|1758371998
|switch|p2a: Zapdos|Zapdos|100/100|[from] U-turn
|
|-heal|p1a: Great Tusk|41/100 brn|[from] item: Leftovers
|-damage|p1a: Great Tusk|35/100 brn|[from] brn
|upkeep
|turn|23
|j| A.Omnipotent
|
|t:|1758372004
|-end|p1a: Great Tusk|Protosynthesis|[silent]
|switch|p1a: Raging Bolt|Raging Bolt|87/100
|-damage|p1a: Raging Bolt|75/100|[from] Stealth Rock
|move|p2a: Zapdos|Heat Wave|p1a: Raging Bolt
|-resisted|p1a: Raging Bolt
|-damage|p1a: Raging Bolt|60/100
|
|-heal|p1a: Raging Bolt|66/100|[from] item: Leftovers
|upkeep
|turn|24
|
|t:|1758372012
|move|p2a: Zapdos|Volt Switch|p1a: Raging Bolt
|-resisted|p1a: Raging Bolt
|-damage|p1a: Raging Bolt|58/100
|
|t:|1758372020
|switch|p2a: Dragapult|Dragapult, M|57/100|[from] Volt Switch
|move|p1a: Raging Bolt|Dragon Pulse|p2a: Dragapult
|-supereffective|p2a: Dragapult
|-damage|p2a: Dragapult|0 fnt
|faint|p2a: Dragapult
|
|-heal|p1a: Raging Bolt|64/100|[from] item: Leftovers
|upkeep
|
|t:|1758372028
|switch|p2a: Ting-Lu|Ting-Lu|51/100
|-damage|p2a: Ting-Lu|45/100|[from] Stealth Rock
|-ability|p2a: Ting-Lu|Vessel of Ruin
|turn|25
|
|t:|1758372038
|-end|p1a: Raging Bolt|Protosynthesis|[silent]
|switch|p1a: Meowscarada|Meowscarada, M|73/100
|move|p2a: Ting-Lu|Earthquake|p1a: Meowscarada
|-resisted|p1a: Meowscarada
|-damage|p1a: Meowscarada|42/100
|
|-heal|p2a: Ting-Lu|51/100|[from] item: Leftovers
|upkeep
|turn|26
|
|t:|1758372046
|switch|p2a: Zapdos|Zapdos|100/100
|move|p1a: Meowscarada|Flower Trick|p2a: Zapdos
|-start|p1a: Meowscarada|typechange|Grass|[from] ability: Protean
|-resisted|p2a: Zapdos
|-crit|p2a: Zapdos
|-damage|p2a: Zapdos|73/100
|
|upkeep
|turn|27
|
|t:|1758372056
|switch|p1a: Raging Bolt|Raging Bolt|64/100
|-damage|p1a: Raging Bolt|52/100|[from] Stealth Rock
|move|p2a: Zapdos|Roost|p2a: Zapdos
|-heal|p2a: Zapdos|100/100
|-singleturn|p2a: Zapdos|move: Roost
|
|-heal|p1a: Raging Bolt|58/100|[from] item: Leftovers
|upkeep
|turn|28
|
|t:|1758372062
|move|p2a: Zapdos|Volt Switch|p1a: Raging Bolt
|-resisted|p1a: Raging Bolt
|-damage|p1a: Raging Bolt|50/100
|
|t:|1758372070
|switch|p2a: Ting-Lu|Ting-Lu|51/100|[from] Volt Switch
|-damage|p2a: Ting-Lu|45/100|[from] Stealth Rock
|-ability|p2a: Ting-Lu|Vessel of Ruin
|move|p1a: Raging Bolt|Dragon Pulse|p2a: Ting-Lu
|-damage|p2a: Ting-Lu|23/100
|
|-heal|p1a: Raging Bolt|57/100|[from] item: Leftovers
|-heal|p2a: Ting-Lu|30/100|[from] item: Leftovers
|upkeep
|turn|29
|
|t:|1758372078
|-end|p1a: Raging Bolt|Protosynthesis|[silent]
|switch|p1a: Great Tusk|Great Tusk|35/100 brn
|-damage|p1a: Great Tusk|32/100 brn|[from] Stealth Rock
|move|p2a: Ting-Lu|Earthquake|p1a: Great Tusk
|-damage|p1a: Great Tusk|7/100 brn
|
|-heal|p1a: Great Tusk|13/100 brn|[from] item: Leftovers
|-heal|p2a: Ting-Lu|36/100|[from] item: Leftovers
|-damage|p1a: Great Tusk|7/100 brn|[from] brn
|upkeep
|turn|30
|
|t:|1758372086
|move|p1a: Great Tusk|Rapid Spin|p2a: Ting-Lu
|-damage|p2a: Ting-Lu|30/100
|-boost|p1a: Great Tusk|spe|1
|-sideend|p1: rookie22|Stealth Rock|[from] move: Rapid Spin|[of] p1a: Great Tusk
|move|p2a: Ting-Lu|Stealth Rock|p1a: Great Tusk
|-sidestart|p1: rookie22|move: Stealth Rock
|
|-heal|p1a: Great Tusk|13/100 brn|[from] item: Leftovers
|-heal|p2a: Ting-Lu|37/100|[from] item: Leftovers
|-damage|p1a: Great Tusk|7/100 brn|[from] brn
|upkeep
|turn|31
|
|t:|1758372095
|move|p1a: Great Tusk|Rapid Spin|p2a: Ting-Lu
|-damage|p2a: Ting-Lu|31/100
|-boost|p1a: Great Tusk|spe|1
|-sideend|p1: rookie22|Stealth Rock|[from] move: Rapid Spin|[of] p1a: Great Tusk
|move|p2a: Ting-Lu|Stealth Rock|p1a: Great Tusk
|-sidestart|p1: rookie22|move: Stealth Rock
|
|-heal|p1a: Great Tusk|13/100 brn|[from] item: Leftovers
|-heal|p2a: Ting-Lu|38/100|[from] item: Leftovers
|-damage|p1a: Great Tusk|7/100 brn|[from] brn
|upkeep
|turn|32
|
|t:|1758372105
|move|p1a: Great Tusk|Rapid Spin|p2a: Ting-Lu
|-damage|p2a: Ting-Lu|33/100
|-boost|p1a: Great Tusk|spe|1
|-sideend|p1: rookie22|Stealth Rock|[from] move: Rapid Spin|[of] p1a: Great Tusk
|move|p2a: Ting-Lu|Stealth Rock|p1a: Great Tusk
|-sidestart|p1: rookie22|move: Stealth Rock
|
|-heal|p1a: Great Tusk|13/100 brn|[from] item: Leftovers
|-heal|p2a: Ting-Lu|39/100|[from] item: Leftovers
|-damage|p1a: Great Tusk|7/100 brn|[from] brn
|upkeep
|turn|33
|
|t:|1758372112
|-end|p1a: Great Tusk|Protosynthesis|[silent]
|switch|p1a: Meowscarada|Meowscarada, M|42/100
|move|p2a: Ting-Lu|Stealth Rock||[still]
|-fail|p2a: Ting-Lu
|
|-heal|p2a: Ting-Lu|45/100|[from] item: Leftovers
|upkeep
|turn|34
|
|t:|1758372119
|switch|p2a: Zapdos|Zapdos|100/100
|move|p1a: Meowscarada|Knock Off|p2a: Zapdos
|-start|p1a: Meowscarada|typechange|Dark|[from] ability: Protean
|-damage|p2a: Zapdos|51/100
|-enditem|p2a: Zapdos|Heavy-Duty Boots|[from] move: Knock Off|[of] p1a: Meowscarada
|
|upkeep
|turn|35
|
|t:|1758372128
|switch|p1a: Raging Bolt|Raging Bolt|57/100
|-damage|p1a: Raging Bolt|44/100|[from] Stealth Rock
|move|p2a: Zapdos|Roost|p2a: Zapdos
|-heal|p2a: Zapdos|100/100
|-singleturn|p2a: Zapdos|move: Roost
|
|-heal|p1a: Raging Bolt|50/100|[from] item: Leftovers
|upkeep
|turn|36
|
|t:|1758372135
|move|p2a: Zapdos|Volt Switch|p1a: Raging Bolt
|-resisted|p1a: Raging Bolt
|-damage|p1a: Raging Bolt|43/100
|
|t:|1758372142
|switch|p2a: Ting-Lu|Ting-Lu|45/100|[from] Volt Switch
|-damage|p2a: Ting-Lu|39/100|[from] Stealth Rock
|-ability|p2a: Ting-Lu|Vessel of Ruin
|move|p1a: Raging Bolt|Dragon Pulse|p2a: Ting-Lu
|-damage|p2a: Ting-Lu|18/100
|
|-heal|p1a: Raging Bolt|49/100|[from] item: Leftovers
|-heal|p2a: Ting-Lu|24/100|[from] item: Leftovers
|upkeep
|turn|37
|j| sergiohe3012
|
|t:|1758372158
|-end|p1a: Raging Bolt|Protosynthesis|[silent]
|switch|p1a: Great Tusk|Great Tusk|7/100 brn
|-damage|p1a: Great Tusk|4/100 brn|[from] Stealth Rock
|move|p2a: Ting-Lu|Earthquake|p1a: Great Tusk
|-damage|p1a: Great Tusk|0 fnt
|faint|p1a: Great Tusk
|-end|p1a: Great Tusk|Protosynthesis|[silent]
|
|-heal|p2a: Ting-Lu|31/100|[from] item: Leftovers
|upkeep
|
|t:|1758372161
|switch|p1a: Lisan Al Gaib|Keldeo|44/100
|-damage|p1a: Lisan Al Gaib|38/100|[from] Stealth Rock
|turn|38
|l| sergiohe3012
|
|t:|1758372168
|move|p1a: Lisan Al Gaib|Surf|p2a: Ting-Lu
|-supereffective|p2a: Ting-Lu
|-damage|p2a: Ting-Lu|0 fnt
|faint|p2a: Ting-Lu
|
|upkeep
|
|t:|1758372174
|switch|p2a: Iron Crown|Iron Crown|100/100
|-damage|p2a: Iron Crown|94/100|[from] Stealth Rock
|turn|39
|
|t:|1758372180
|switch|p1a: Bene Gesserit|Iron Crown|35/100
|-damage|p1a: Bene Gesserit|28/100|[from] Stealth Rock
|move|p2a: Iron Crown|Volt Switch|p1a: Bene Gesserit
|-damage|p1a: Bene Gesserit|4/100
|
|t:|1758372187
|-end|p2a: Iron Crown|Quark Drive|[silent]
|switch|p2a: Zapdos|Zapdos|100/100|[from] Volt Switch
|-damage|p2a: Zapdos|76/100|[from] Stealth Rock
|
|upkeep
|turn|40
|
|t:|1758372193
|move|p1a: Bene Gesserit|Psyshock|p2a: Zapdos
|-damage|p2a: Zapdos|31/100
|move|p2a: Zapdos|Hurricane|p1a: Bene Gesserit
|-resisted|p1a: Bene Gesserit
|-damage|p1a: Bene Gesserit|0 fnt
|faint|p1a: Bene Gesserit
|-end|p1a: Bene Gesserit|Quark Drive|[silent]
|
|upkeep
|
|t:|1758372202
|switch|p1a: Raging Bolt|Raging Bolt|49/100
|-damage|p1a: Raging Bolt|36/100|[from] Stealth Rock
|turn|41
|
|t:|1758372208
|move|p2a: Zapdos|Hurricane|p1a: Raging Bolt
|-resisted|p1a: Raging Bolt
|-damage|p1a: Raging Bolt|13/100
|move|p1a: Raging Bolt|Calm Mind|p1a: Raging Bolt
|-boost|p1a: Raging Bolt|spa|1
|-boost|p1a: Raging Bolt|spd|1
|
|-heal|p1a: Raging Bolt|19/100|[from] item: Leftovers
|upkeep
|turn|42
|
|t:|1758372216
|move|p2a: Zapdos|Roost|p2a: Zapdos
|-heal|p2a: Zapdos|81/100
|-singleturn|p2a: Zapdos|move: Roost
|move|p1a: Raging Bolt|Thunderbolt|p2a: Zapdos
|-resisted|p2a: Zapdos
|-damage|p2a: Zapdos|33/100
|
|-heal|p1a: Raging Bolt|25/100|[from] item: Leftovers
|upkeep
|turn|43
|
|t:|1758372224
|move|p2a: Zapdos|Hurricane|p1a: Raging Bolt
|-resisted|p1a: Raging Bolt
|-damage|p1a: Raging Bolt|10/100
|move|p1a: Raging Bolt|Calm Mind|p1a: Raging Bolt
|-boost|p1a: Raging Bolt|spa|1
|-boost|p1a: Raging Bolt|spd|1
|
|-heal|p1a: Raging Bolt|16/100|[from] item: Leftovers
|upkeep
|turn|44
|
|t:|1758372233
|move|p2a: Zapdos|Hurricane|p1a: Raging Bolt
|-resisted|p1a: Raging Bolt
|-damage|p1a: Raging Bolt|5/100
|-start|p1a: Raging Bolt|confusion
|-activate|p1a: Raging Bolt|confusion
|-damage|p1a: Raging Bolt|0 fnt|[from] confusion
|faint|p1a: Raging Bolt
|-end|p1a: Raging Bolt|Protosynthesis|[silent]
|
|upkeep
|
|t:|1758372244
|switch|p1a: Lisan Al Gaib|Keldeo|38/100
|-damage|p1a: Lisan Al Gaib|32/100|[from] Stealth Rock
|turn|45
|
|t:|1758372250
|move|p2a: Zapdos|Volt Switch|p1a: Lisan Al Gaib
|-supereffective|p1a: Lisan Al Gaib
|-damage|p1a: Lisan Al Gaib|0 fnt
|faint|p1a: Lisan Al Gaib
|
|t:|1758372257
|switch|p2a: Iron Crown|Iron Crown|94/100|[from] Volt Switch
|-damage|p2a: Iron Crown|88/100|[from] Stealth Rock
|
|upkeep
|
|t:|1758372261
|switch|p1a: Meowscarada|Meowscarada, M|42/100
|turn|46
|
|t:|1758372267
|-end|p2a: Iron Crown|Quark Drive|[silent]
|switch|p2a: Weezing|Weezing-Galar, F|39/100
|-ability|p2a: Weezing|Neutralizing Gas
|-damage|p2a: Weezing|27/100|[from] Stealth Rock
|move|p1a: Meowscarada|Knock Off|p2a: Weezing
|-resisted|p2a: Weezing
|-damage|p2a: Weezing|16/100
|
|upkeep
|turn|47
|
|t:|1758372274
|-end|p2a: Weezing|ability: Neutralizing Gas
|switch|p2a: Iron Crown|Iron Crown|88/100
|-damage|p2a: Iron Crown|82/100|[from] Stealth Rock
|move|p1a: Meowscarada|Taunt|p2a: Iron Crown
|-start|p1a: Meowscarada|typechange|Dark|[from] ability: Protean
|-start|p2a: Iron Crown|move: Taunt
|
|upkeep
|turn|48
|
|t:|1758372280
|-terastallize|p2a: Iron Crown|Steel
|move|p1a: Meowscarada|Knock Off|p2a: Iron Crown
|-damage|p2a: Iron Crown|34/100
|-enditem|p2a: Iron Crown|Choice Specs|[from] move: Knock Off|[of] p1a: Meowscarada
|move|p2a: Iron Crown|Focus Blast|p1a: Meowscarada
|-supereffective|p1a: Meowscarada
|-damage|p1a: Meowscarada|0 fnt
|faint|p1a: Meowscarada
|
|upkeep
|
|t:|1758372287
|switch|p1a: I'm the original.|Dragonite, M|100/100
|turn|49
|
|t:|1758372293
|move|p2a: Iron Crown|Volt Switch|p1a: I'm the original.
|-damage|p1a: I'm the original.|87/100
|j| amefurikoneko
|
|t:|1758372303
|-end|p2a: Iron Crown|Quark Drive|[silent]
|switch|p2a: Zapdos|Zapdos|33/100|[from] Volt Switch
|-damage|p2a: Zapdos|8/100|[from] Stealth Rock
|move|p1a: I'm the original.|Dragon Dance|p1a: I'm the original.
|-boost|p1a: I'm the original.|atk|1
|-boost|p1a: I'm the original.|spe|1
|
|upkeep
|turn|50
|
|t:|1758372309
|-terastallize|p1a: I'm the original.|Flying
|move|p1a: I'm the original.|Tera Blast|p2a: Zapdos|[anim] Tera Blast Flying
|-resisted|p2a: Zapdos
|-damage|p2a: Zapdos|0 fnt
|faint|p2a: Zapdos
|
|upkeep
|
|t:|1758372316
|switch|p2a: Iron Crown|Iron Crown, tera:Steel|34/100
|-damage|p2a: Iron Crown|28/100|[from] Stealth Rock
|turn|51
|j| gengar's style
|
|t:|1758372322
|move|p1a: I'm the original.|Earthquake|p2a: Iron Crown
|-supereffective|p2a: Iron Crown
|-damage|p2a: Iron Crown|0 fnt
|faint|p2a: Iron Crown
|-end|p2a: Iron Crown|Quark Drive|[silent]
|
|upkeep
|
|t:|1758372329
|switch|p2a: Weezing|Weezing-Galar, F|16/100
|-ability|p2a: Weezing|Neutralizing Gas
|-damage|p2a: Weezing|4/100|[from] Stealth Rock
|turn|52
|
|t:|1758372333
|move|p1a: I'm the original.|Earthquake|p2a: Weezing
|-supereffective|p2a: Weezing
|-damage|p2a: Weezing|0 fnt
|faint|p2a: Weezing
|-end|p2a: Weezing|ability: Neutralizing Gas
|
|win|rookie22
|raw|rookie22's rating: 1706 &rarr; <strong>1727</strong><br />(+21 for winning)
|raw|Shibuya Arc's rating: 1718 &rarr; <strong>1697</strong><br />(-21 for losing)
|l|☆Shibuya Arc
|player|p2|
|l| amefurikoneko
|l|☆rookie22
|player|p1|
|l| Dragonlatios1
|l| woairibi
|l| A.Omnipotent
|l| gengar's style
