|j|☆King Arts
|j|☆mekita willy
|t:|1758274625
|gametype|singles
|player|p1|King Arts|drayden|1253
|player|p2|mekita willy|swimmerf-gen4|1285
|gen|9
|tier|[Gen 9] OU
|rated|
|rule|HP Percentage Mod: HP is shown in percentages
|rule|Endless Battle Clause: Forcing endless battles is banned
|rule|Species Clause: Limit one of each Pokémon
|rule|OHKO Clause: OHKO moves are banned
|rule|Evasion Items Clause: Evasion items are banned
|rule|Evasion Moves Clause: Evasion moves are banned
|rule|Evasion Abilities Clause: Evasion abilities are banned
|rule|Sleep Moves Clause: Sleep-inducing moves are banned
|clearpoke
|poke|p1|Ceruledge, M|
|poke|p1|Scizor, M|
|poke|p1|Gardevoir, F|
|poke|p1|Gliscor, M|
|poke|p1|Dondozo, F|
|poke|p1|Rillaboom, M|
|poke|p2|Cloyster, M|
|poke|p2|Meowscarada, M|
|poke|p2|Armarouge, M|
|poke|p2|Quaquaval, M|
|poke|p2|Maushold-Four|
|poke|p2|Kingambit, M|
|teampreview
|inactive|Battle timer is ON: inactive players will automatically lose when time's up. (requested by King Arts)
|
|t:|1758274632
|teamsize|p1|6
|teamsize|p2|6
|start
|switch|p1a: Gardevoir|Gardevoir, F, shiny|100/100
|switch|p2a: Meowscarada|Meowscarada, M|100/100
|-ability|p1a: Gardevoir|Protean|Trace|[from] ability: Trace|[of] p2a: Meowscarada
|turn|1
|
|t:|1758274642
|switch|p1a: Scizor|Scizor, M|100/100
|move|p2a: Meowscarada|Flower Trick|p1a: Scizor
|-start|p2a: Meowscarada|typechange|Grass|[from] ability: Protean
|-resisted|p1a: Scizor
|-crit|p1a: Scizor
|-damage|p1a: Scizor|88/100
|
|upkeep
|turn|2
|
|t:|1758274653
|switch|p2a: Armarouge|Armarouge, M|100/100
|move|p1a: Scizor|Dual Wingbeat|p2a: Armarouge
|-damage|p2a: Armarouge|60/100
|-ability|p2a: Armarouge|Weak Armor|boost
|-unboost|p2a: Armarouge|def|1
|-boost|p2a: Armarouge|spe|2
|-damage|p2a: Armarouge|6/100
|-ability|p2a: Armarouge|Weak Armor|boost
|-unboost|p2a: Armarouge|def|1
|-boost|p2a: Armarouge|spe|2
|-hitcount|p2a: Armarouge|2
|
|upkeep
|turn|3
|
|t:|1758274667
|switch|p1a: Ceruledge|Ceruledge, M|100/100
|move|p2a: Armarouge|Armor Cannon|p1a: Ceruledge
|-start|p1a: Ceruledge|ability: Flash Fire
|
|upkeep
|turn|4
|
|t:|1758274676
|move|p1a: Ceruledge|Shadow Sneak|p2a: Armarouge
|-supereffective|p2a: Armarouge
|-crit|p2a: Armarouge
|-damage|p2a: Armarouge|0 fnt
|faint|p2a: Armarouge
|
|upkeep
|
|t:|1758274683
|switch|p2a: Quaquaval|Quaquaval, M|100/100
|turn|5
|
|t:|1758274686
|-terastallize|p1a: Ceruledge|Grass
|move|p2a: Quaquaval|Aqua Step|p1a: Ceruledge
|-resisted|p1a: Ceruledge
|-damage|p1a: Ceruledge|77/100
|-boost|p2a: Quaquaval|spe|1
|move|p1a: Ceruledge|Tera Blast|p2a: Quaquaval|[anim] Tera Blast Grass
|-supereffective|p2a: Quaquaval
|-damage|p2a: Quaquaval|0 fnt
|faint|p2a: Quaquaval
|
|upkeep
|
|t:|1758274698
|switch|p2a: Maushold|Maushold-Four|100/100
|turn|6
|
|t:|1758274704
|move|p2a: Maushold|Population Bomb|p1a: Ceruledge
|-damage|p1a: Ceruledge|66/100
|-damage|p1a: Ceruledge|55/100
|-damage|p1a: Ceruledge|44/100
|-damage|p1a: Ceruledge|33/100
|-damage|p1a: Ceruledge|23/100
|-damage|p1a: Ceruledge|12/100
|-damage|p1a: Ceruledge|1/100
|-damage|p1a: Ceruledge|0 fnt
|faint|p1a: Ceruledge
|-hitcount|p1: Ceruledge|8
|
|upkeep
|
|t:|1758274720
|switch|p1a: Gardevoir|Gardevoir, F, shiny|100/100
|-ability|p1a: Gardevoir|Technician|Trace|[from] ability: Trace|[of] p2a: Maushold
|turn|7
|
|t:|1758274726
|move|p2a: Maushold|Population Bomb|p1a: Gardevoir
|-damage|p1a: Gardevoir|82/100
|-damage|p1a: Gardevoir|63/100
|-damage|p1a: Gardevoir|45/100
|-damage|p1a: Gardevoir|25/100
|-damage|p1a: Gardevoir|5/100
|-damage|p1a: Gardevoir|0 fnt
|faint|p1a: Gardevoir
|-hitcount|p1: Gardevoir|6
|
|upkeep
|
|t:|1758274731
|switch|p1a: Scizor|Scizor, M|88/100
|turn|8
|
|t:|1758274744
|move|p1a: Scizor|Bullet Punch|p2a: Maushold
|-damage|p2a: Maushold|16/100
|move|p2a: Maushold|Population Bomb|p1a: Scizor
|-resisted|p1a: Scizor
|-damage|p1a: Scizor|82/100
|-resisted|p1a: Scizor
|-damage|p1a: Scizor|77/100
|-resisted|p1a: Scizor
|-damage|p1a: Scizor|72/100
|-resisted|p1a: Scizor
|-damage|p1a: Scizor|66/100
|-resisted|p1a: Scizor
|-damage|p1a: Scizor|60/100
|-resisted|p1a: Scizor
|-crit|p1a: Scizor
|-damage|p1a: Scizor|51/100
|-resisted|p1a: Scizor
|-damage|p1a: Scizor|45/100
|-resisted|p1a: Scizor
|-damage|p1a: Scizor|40/100
|-resisted|p1a: Scizor
|-damage|p1a: Scizor|34/100
|-resisted|p1a: Scizor
|-damage|p1a: Scizor|29/100
|-hitcount|p1a: Scizor|10
|
|upkeep
|turn|9
|
|t:|1758274765
|switch|p2a: Kingambit|Kingambit, M|100/100
|-activate|p2a: Kingambit|ability: Supreme Overlord
|-start|p2a: Kingambit|fallen2|[silent]
|move|p1a: Scizor|Bullet Punch|p2a: Kingambit
|-resisted|p2a: Kingambit
|-damage|p2a: Kingambit|82/100
|
|upkeep
|turn|10
|
|t:|1758274776
|switch|p1a: Gliscor|Gliscor, M|100/100
|move|p2a: Kingambit|Swords Dance|p2a: Kingambit
|-boost|p2a: Kingambit|atk|2
|
|-status|p1a: Gliscor|tox|[from] item: Toxic Orb
|upkeep
|turn|11
|
|t:|1758274788
|-terastallize|p2a: Kingambit|Dark
|move|p1a: Gliscor|Spikes|p2a: Kingambit
|-sidestart|p2: mekita willy|Spikes
|move|p2a: Kingambit|Kowtow Cleave|p1a: Gliscor
|-damage|p1a: Gliscor|0 fnt
|faint|p1a: Gliscor
|
|upkeep
|
|t:|1758274790
|switch|p1a: Dondozo|Dondozo, F|100/100
|turn|12
|
|t:|1758274800
|move|p2a: Kingambit|Kowtow Cleave|p1a: Dondozo
|-damage|p1a: Dondozo|56/100
|move|p1a: Dondozo|Waterfall|p2a: Kingambit
|-damage|p2a: Kingambit|62/100
|
|-heal|p1a: Dondozo|62/100|[from] item: Leftovers
|upkeep
|turn|13
|
|t:|1758274809
|move|p2a: Kingambit|Kowtow Cleave|p1a: Dondozo
|-damage|p1a: Dondozo|21/100
|move|p1a: Dondozo|Rest|p1a: Dondozo
|-status|p1a: Dondozo|slp|[from] move: Rest
|-heal|p1a: Dondozo|100/100 slp|[silent]
|
|upkeep
|turn|14
|
|t:|1758274817
|move|p2a: Kingambit|Kowtow Cleave|p1a: Dondozo
|-damage|p1a: Dondozo|54/100 slp
|cant|p1a: Dondozo|slp
|move|p1a: Dondozo|Sleep Talk|p1a: Dondozo
|move|p1a: Dondozo|Curse|p1a: Dondozo|[from] move: Sleep Talk
|-unboost|p1a: Dondozo|spe|1
|-boost|p1a: Dondozo|atk|1
|-boost|p1a: Dondozo|def|1
|
|-heal|p1a: Dondozo|61/100 slp|[from] item: Leftovers
|upkeep
|turn|15
|
|t:|1758274830
|move|p2a: Kingambit|Kowtow Cleave|p1a: Dondozo
|-damage|p1a: Dondozo|34/100 slp
|cant|p1a: Dondozo|slp
|move|p1a: Dondozo|Sleep Talk|p1a: Dondozo
|move|p1a: Dondozo|Waterfall|p2a: Kingambit|[from] move: Sleep Talk
|-damage|p2a: Kingambit|33/100
|
|-heal|p1a: Dondozo|40/100 slp|[from] item: Leftovers
|upkeep
|turn|16
|
|t:|1758274841
|move|p2a: Kingambit|Kowtow Cleave|p1a: Dondozo
|-damage|p1a: Dondozo|11/100 slp
|-curestatus|p1a: Dondozo|slp|[msg]
|move|p1a: Dondozo|Rest|p1a: Dondozo
|-status|p1a: Dondozo|slp|[from] move: Rest
|-heal|p1a: Dondozo|100/100 slp|[silent]
|
|upkeep
|turn|17
|
|t:|1758274851
|-end|p2a: Kingambit|fallen2|[silent]
|switch|p2a: Meowscarada|Meowscarada, M|100/100
|-damage|p2a: Meowscarada|88/100|[from] Spikes
|cant|p1a: Dondozo|slp
|move|p1a: Dondozo|Sleep Talk|p1a: Dondozo
|move|p1a: Dondozo|Waterfall|p2a: Meowscarada|[from] move: Sleep Talk
|-resisted|p2a: Meowscarada
|-damage|p2a: Meowscarada|55/100
|
|upkeep
|turn|18
|
|t:|1758274862
|move|p2a: Meowscarada|Flower Trick|p1a: Dondozo
|-start|p2a: Meowscarada|typechange|Grass|[from] ability: Protean
|-supereffective|p1a: Dondozo
|-crit|p1a: Dondozo
|-damage|p1a: Dondozo|54/100 slp
|cant|p1a: Dondozo|slp
|move|p1a: Dondozo|Sleep Talk|p1a: Dondozo
|move|p1a: Dondozo|Curse|p1a: Dondozo|[from] move: Sleep Talk
|-unboost|p1a: Dondozo|spe|1
|-boost|p1a: Dondozo|atk|1
|-boost|p1a: Dondozo|def|1
|
|-heal|p1a: Dondozo|60/100 slp|[from] item: Leftovers
|upkeep
|turn|19
|
|t:|1758274878
|switch|p1a: Scizor|Scizor, M|29/100
|move|p2a: Meowscarada|Flower Trick|p1a: Scizor
|-resisted|p1a: Scizor
|-crit|p1a: Scizor
|-damage|p1a: Scizor|15/100
|
|upkeep
|turn|20
|
|t:|1758274888
|move|p2a: Meowscarada|Flower Trick|p1a: Scizor
|-resisted|p1a: Scizor
|-crit|p1a: Scizor
|-damage|p1a: Scizor|2/100
|move|p1a: Scizor|U-turn|p2a: Meowscarada
|-supereffective|p2a: Meowscarada
|-damage|p2a: Meowscarada|0 fnt
|faint|p2a: Meowscarada
|
|t:|1758274890
|switch|p1a: Rillaboom|Rillaboom, M|100/100|[from] U-turn
|-fieldstart|move: Grassy Terrain|[from] ability: Grassy Surge|[of] p1a: Rillaboom
|
|upkeep
|
|t:|1758274901
|switch|p2a: Kingambit|Kingambit, M, tera:Dark|33/100
|-damage|p2a: Kingambit|20/100|[from] Spikes
|-activate|p2a: Kingambit|ability: Supreme Overlord
|-start|p2a: Kingambit|fallen3|[silent]
|turn|21
|
|t:|1758274907
|move|p2a: Kingambit|Sucker Punch|p1a: Rillaboom
|-damage|p1a: Rillaboom|14/100
|move|p1a: Rillaboom|U-turn|p2a: Kingambit
|-supereffective|p2a: Kingambit
|-damage|p2a: Kingambit|0 fnt
|faint|p2a: Kingambit
|-end|p2a: Kingambit|fallen3|[silent]
|
|t:|1758274911
|switch|p1a: Scizor|Scizor, M|2/100|[from] U-turn
|
|-heal|p1a: Scizor|8/100|[from] Grassy Terrain
|upkeep
|
|t:|1758274919
|switch|p2a: Cloyster|Cloyster, M|100/100
|-damage|p2a: Cloyster|88/100|[from] Spikes
|turn|22
|
|t:|1758274925
|move|p1a: Scizor|Bullet Punch|p2a: Cloyster
|-damage|p2a: Cloyster|47/100
|move|p2a: Cloyster|Liquidation|p1a: Scizor
|-damage|p1a: Scizor|0 fnt
|faint|p1a: Scizor
|
|-heal|p2a: Cloyster|53/100|[from] Grassy Terrain
|upkeep
|
|t:|1758274927
|switch|p1a: Rillaboom|Rillaboom, M|14/100
|turn|23
|
|t:|1758274937
|move|p1a: Rillaboom|Grassy Glide|p2a: Cloyster
|-supereffective|p2a: Cloyster
|-damage|p2a: Cloyster|0 fnt
|faint|p2a: Cloyster
|
|-heal|p1a: Rillaboom|20/100|[from] Grassy Terrain
|upkeep
|-message|mekita willy forfeited.
|
|win|King Arts
|raw|King Arts's rating: 1253 &rarr; <strong>1280</strong><br />(+27 for winning)
|raw|mekita willy's rating: 1285 &rarr; <strong>1258</strong><br />(-27 for losing)
|l|☆mekita willy
|player|p2|
|l|☆King Arts
|player|p1|
