|j|☆Umu Eze
|j|☆XtraToe
|t:|1758344044
|gametype|singles
|player|p1|Umu Eze|marlon|1395
|player|p2|XtraToe|265|1390
|gen|9
|tier|[Gen 9] OU
|rated|
|rule|HP Percentage Mod: HP is shown in percentages
|rule|Endless Battle Clause: Forcing endless battles is banned
|rule|Species Clause: Limit one of each Pokémon
|rule|OHKO Clause: OHKO moves are banned
|rule|Evasion Items Clause: Evasion items are banned
|rule|Evasion Moves Clause: Evasion moves are banned
|rule|Evasion Abilities Clause: Evasion abilities are banned
|rule|Sleep Moves Clause: Sleep-inducing moves are banned
|clearpoke
|poke|p1|Pecharunt|
|poke|p1|Vikavolt, F|
|poke|p1|Goodra-Hisui, F|
|poke|p1|Garganacl, F|
|poke|p1|Weavile, M|
|poke|p1|Great Tusk|
|poke|p2|Haxorus, M|
|poke|p2|Moltres|
|poke|p2|Clodsire, M|
|poke|p2|Darkrai|
|poke|p2|Azumarill, M|
|poke|p2|Great Tusk|
|teampreview
|inactive|Battle timer is ON: inactive players will automatically lose when time's up. (requested by XtraToe)
|j| SleepyzTimez
|inactive|Umu Eze has 120 seconds left.
|
|t:|1758344082
|teamsize|p1|6
|teamsize|p2|6
|start
|switch|p1a: Great Tusk|Great Tusk|100/100
|switch|p2a: Lloyd Gross|Haxorus, M|100/100
|-ability|p2a: Lloyd Gross|Mold Breaker
|turn|1
|
|t:|1758344098
|switch|p2a: pineapple|Moltres|100/100
|move|p1a: Great Tusk|Stealth Rock|p2a: pineapple
|-sidestart|p2: XtraToe|move: Stealth Rock
|
|upkeep
|turn|2
|
|t:|1758344106
|-end|p1a: Great Tusk|Protosynthesis|[silent]
|switch|p1a: Goodra|Goodra-Hisui, F|100/100
|move|p2a: pineapple|Scorching Sands|p1a: Goodra
|-supereffective|p1a: Goodra
|-damage|p1a: Goodra|85/100
|
|upkeep
|turn|3
|c|☆Umu Eze|I just…
|c|☆Umu Eze|Farted…
|
|t:|1758344120
|switch|p2a: reyjuu|Clodsire, M|100/100
|-damage|p2a: reyjuu|94/100|[from] Stealth Rock
|move|p1a: Goodra|Ice Beam|p2a: reyjuu
|-supereffective|p2a: reyjuu
|-damage|p2a: reyjuu|51/100
|-status|p2a: reyjuu|frz
|
|-heal|p2a: reyjuu|57/100 frz|[from] item: Black Sludge
|upkeep
|turn|4
|
|t:|1758344137
|switch|p1a: Weavile|Weavile, M|100/100
|-ability|p1a: Weavile|Pressure
|cant|p2a: reyjuu|frz
|
|-heal|p2a: reyjuu|63/100 frz|[from] item: Black Sludge
|upkeep
|turn|5
|
|t:|1758344145
|move|p1a: Weavile|Swords Dance|p1a: Weavile
|-boost|p1a: Weavile|atk|2
|cant|p2a: reyjuu|frz
|
|-heal|p2a: reyjuu|69/100 frz|[from] item: Black Sludge
|upkeep
|turn|6
|
|t:|1758344152
|move|p1a: Weavile|Knock Off|p2a: reyjuu
|-damage|p2a: reyjuu|38/100 frz
|-enditem|p2a: reyjuu|Black Sludge|[from] move: Knock Off|[of] p1a: Weavile
|cant|p2a: reyjuu|frz
|
|upkeep
|turn|7
|
|t:|1758344158
|move|p1a: Weavile|Triple Axel|p2a: reyjuu
|-supereffective|p2a: reyjuu
|-damage|p2a: reyjuu|23/100 frz
|-supereffective|p2a: reyjuu
|-damage|p2a: reyjuu|0 fnt
|faint|p2a: reyjuu
|-hitcount|p2: reyjuu|2
|
|upkeep
|
|t:|1758344161
|switch|p2a: Russian|Azumarill, M|100/100
|-damage|p2a: Russian|88/100|[from] Stealth Rock
|turn|8
|
|t:|1758344167
|move|p1a: Weavile|Knock Off|p2a: Russian
|-resisted|p2a: Russian
|-damage|p2a: Russian|44/100
|-enditem|p2a: Russian|Wide Lens|[from] move: Knock Off|[of] p1a: Weavile
|move|p2a: Russian|Play Rough|p1a: Weavile
|-supereffective|p1a: Weavile
|-damage|p1a: Weavile|0 fnt
|faint|p1a: Weavile
|
|upkeep
|
|t:|1758344177
|switch|p1a: Pecharunt|Pecharunt|100/100
|turn|9
|
|t:|1758344181
|move|p1a: Pecharunt|Malignant Chain|p2a: Russian
|-supereffective|p2a: Russian
|-damage|p2a: Russian|0 fnt
|faint|p2a: Russian
|
|upkeep
|
|t:|1758344196
|switch|p2a: Lloyd Gross|Haxorus, M|100/100
|-damage|p2a: Lloyd Gross|88/100|[from] Stealth Rock
|-ability|p2a: Lloyd Gross|Mold Breaker
|turn|10
|
|t:|1758344203
|move|p2a: Lloyd Gross|Earthquake|p1a: Pecharunt
|-supereffective|p1a: Pecharunt
|-damage|p1a: Pecharunt|24/100
|move|p1a: Pecharunt|Malignant Chain|p2a: Lloyd Gross
|-damage|p2a: Lloyd Gross|15/100
|-status|p2a: Lloyd Gross|tox
|-start|p2a: Lloyd Gross|confusion|[from] ability: Poison Puppeteer|[of] p1a: Pecharunt
|
|-heal|p1a: Pecharunt|30/100|[from] item: Leftovers
|-damage|p2a: Lloyd Gross|9/100 tox|[from] psn
|upkeep
|turn|11
|
|t:|1758344211
|switch|p1a: Great Tusk|Great Tusk|100/100
|-activate|p2a: Lloyd Gross|confusion
|move|p2a: Lloyd Gross|Earthquake|p1a: Great Tusk
|-crit|p1a: Great Tusk
|-damage|p1a: Great Tusk|29/100
|
|-damage|p2a: Lloyd Gross|0 fnt|[from] psn
|faint|p2a: Lloyd Gross
|upkeep
|
|t:|1758344217
|switch|p2a: Funkfreed|Great Tusk|100/100
|-damage|p2a: Funkfreed|97/100|[from] Stealth Rock
|turn|12
|c|☆Umu Eze|Middle finger to funkfreed
|c|☆Umu Eze|and that bum owner of his
|
|t:|1758344243
|move|p1a: Great Tusk|Headlong Rush|p2a: Funkfreed
|-damage|p2a: Funkfreed|57/100
|-unboost|p1a: Great Tusk|def|1
|-unboost|p1a: Great Tusk|spd|1
|move|p2a: Funkfreed|Ice Spinner|p1a: Great Tusk
|-supereffective|p1a: Great Tusk
|-damage|p1a: Great Tusk|0 fnt
|faint|p1a: Great Tusk
|-end|p1a: Great Tusk|Protosynthesis|[silent]
|
|-heal|p2a: Funkfreed|64/100|[from] item: Leftovers
|upkeep
|
|t:|1758344251
|switch|p1a: Vikavolt|Vikavolt, F|100/100
|turn|13
|
|t:|1758344254
|move|p2a: Funkfreed|Rapid Spin|p1a: Vikavolt
|-damage|p1a: Vikavolt|76/100
|-boost|p2a: Funkfreed|spe|1
|-sideend|p2: XtraToe|Stealth Rock|[from] move: Rapid Spin|[of] p2a: Funkfreed
|move|p1a: Vikavolt|Energy Ball|p2a: Funkfreed
|-supereffective|p2a: Funkfreed
|-damage|p2a: Funkfreed|0 fnt
|faint|p2a: Funkfreed
|-end|p2a: Funkfreed|Protosynthesis|[silent]
|-damage|p1a: Vikavolt|66/100|[from] item: Life Orb
|
|upkeep
|
|t:|1758344260
|switch|p2a: pineapple|Moltres|100/100
|turn|14
|
|t:|1758344263
|switch|p1a: Goodra|Goodra-Hisui, F|85/100
|move|p2a: pineapple|Flamethrower|p1a: Goodra
|-damage|p1a: Goodra|67/100
|
|upkeep
|turn|15
|
|t:|1758344275
|move|p2a: pineapple|Scorching Sands|p1a: Goodra
|-supereffective|p1a: Goodra
|-damage|p1a: Goodra|50/100
|-status|p1a: Goodra|brn
|move|p1a: Goodra|Ice Beam|p2a: pineapple
|-damage|p2a: pineapple|80/100
|-status|p2a: pineapple|frz
|
|-damage|p1a: Goodra|44/100 brn|[from] brn
|upkeep
|turn|16
|
|t:|1758344285
|switch|p1a: Vikavolt|Vikavolt, F|66/100
|-curestatus|p2a: pineapple|frz|[msg]
|move|p2a: pineapple|Flamethrower|p1a: Vikavolt
|-supereffective|p1a: Vikavolt
|-damage|p1a: Vikavolt|0 fnt
|faint|p1a: Vikavolt
|
|upkeep
|
|t:|1758344291
|switch|p1a: Garganacl|Garganacl, F, shiny|100/100
|turn|17
|
|t:|1758344297
|-terastallize|p1a: Garganacl|Ghost
|move|p2a: pineapple|Scorching Sands|p1a: Garganacl
|-damage|p1a: Garganacl|88/100
|move|p1a: Garganacl|Salt Cure|p2a: pineapple
|-supereffective|p2a: pineapple
|-damage|p2a: pineapple|23/100
|-start|p2a: pineapple|Salt Cure
|
|-heal|p1a: Garganacl|95/100|[from] item: Leftovers
|-damage|p2a: pineapple|11/100|[from] Salt Cure
|upkeep
|turn|18
|
|t:|1758344306
|move|p2a: pineapple|Scorching Sands|p1a: Garganacl
|-damage|p1a: Garganacl|82/100
|move|p1a: Garganacl|Iron Defense|p1a: Garganacl
|-boost|p1a: Garganacl|def|2
|
|-heal|p1a: Garganacl|89/100|[from] item: Leftovers
|-damage|p2a: pineapple|0 fnt|[from] Salt Cure
|faint|p2a: pineapple
|upkeep
|
|t:|1758344309
|switch|p2a: Thatch|Darkrai|100/100
|turn|19
|
|t:|1758344313
|move|p2a: Thatch|Substitute|p2a: Thatch
|-start|p2a: Thatch|Substitute
|-damage|p2a: Thatch|76/100
|move|p1a: Garganacl|Body Press|p2a: Thatch
|-supereffective|p2a: Thatch
|-end|p2a: Thatch|Substitute
|
|-heal|p1a: Garganacl|95/100|[from] item: Leftovers
|upkeep
|turn|20
|
|t:|1758344323
|move|p2a: Thatch|Calm Mind|p2a: Thatch
|-boost|p2a: Thatch|spa|1
|-boost|p2a: Thatch|spd|1
|move|p1a: Garganacl|Body Press|p2a: Thatch
|-supereffective|p2a: Thatch
|-damage|p2a: Thatch|0 fnt
|faint|p2a: Thatch
|
|win|Umu Eze
|raw|Umu Eze's rating: 1395 &rarr; <strong>1415</strong><br />(+20 for winning)
|raw|XtraToe's rating: 1390 &rarr; <strong>1370</strong><br />(-20 for losing)
|l|☆Umu Eze
|player|p1|
|l|☆XtraToe
|player|p2|
|l| SleepyzTimez
