|j|☆4DEF+4SPD=GG
|j|☆da_one_who_plays
|t:|1758327657
|gametype|singles
|player|p1|4DEF+4SPD=GG|preschooler|1471
|player|p2|da_one_who_plays|steven|1518
|gen|9
|tier|[Gen 9] OU
|rated|
|rule|HP Percentage Mod: HP is shown in percentages
|rule|Endless Battle Clause: Forcing endless battles is banned
|rule|Species Clause: Limit one of each Pokémon
|rule|OHKO Clause: OHKO moves are banned
|rule|Evasion Items Clause: Evasion items are banned
|rule|Evasion Moves Clause: Evasion moves are banned
|rule|Evasion Abilities Clause: Evasion abilities are banned
|rule|Sleep Moves Clause: Sleep-inducing moves are banned
|clearpoke
|poke|p1|Tyranitar, M|
|poke|p1|Excadrill, M|
|poke|p1|Corviknight, M|
|poke|p1|Glimmora, M|
|poke|p1|Hippowdon, M|
|poke|p1|Scizor, M|
|poke|p2|Zamazenta-*|
|poke|p2|Ninetales-Alola, F|
|poke|p2|Iron Valiant|
|poke|p2|Ceruledge, M|
|poke|p2|Gliscor, M|
|poke|p2|Hatterene, F|
|teampreview
|inactive|Battle timer is ON: inactive players will automatically lose when time's up. (requested by 4DEF+4SPD=GG)
|
|t:|1758327674
|teamsize|p1|6
|teamsize|p2|6
|start
|switch|p1a: Scizor|Scizor, M|100/100
|switch|p2a: Zamazenta|Zamazenta|100/100
|-ability|p2a: Zamazenta|Dauntless Shield|boost
|-boost|p2a: Zamazenta|def|1
|turn|1
|
|t:|1758327683
|switch|p1a: Hippowdon|Hippowdon, M|100/100
|-weather|Sandstorm|[from] ability: Sand Stream|[of] p1a: Hippowdon
|move|p2a: Zamazenta|Iron Defense|p2a: Zamazenta
|-boost|p2a: Zamazenta|def|2
|
|-weather|Sandstorm|[upkeep]
|-damage|p2a: Zamazenta|94/100|[from] Sandstorm
|upkeep
|turn|2
|
|t:|1758327692
|move|p2a: Zamazenta|Body Press|p1a: Hippowdon
|-damage|p1a: Hippowdon|56/100
|move|p1a: Hippowdon|Whirlwind|p2a: Zamazenta
|drag|p2a: Ceruledge|Ceruledge, M|100/100
|
|-weather|Sandstorm|[upkeep]
|-damage|p2a: Ceruledge|94/100|[from] Sandstorm
|upkeep
|turn|3
|
|t:|1758327709
|-terastallize|p2a: Ceruledge|Bug
|move|p2a: Ceruledge|Taunt|p1a: Hippowdon
|-start|p1a: Hippowdon|move: Taunt
|move|p1a: Hippowdon|Bulldoze|p2a: Ceruledge
|-resisted|p2a: Ceruledge
|-damage|p2a: Ceruledge|82/100
|
|-weather|Sandstorm|[upkeep]
|-damage|p2a: Ceruledge|75/100|[from] Sandstorm
|upkeep
|turn|4
|
|t:|1758327719
|switch|p1a: Glimmora|Glimmora, M|100/100
|move|p2a: Ceruledge|Bulk Up|p2a: Ceruledge
|-boost|p2a: Ceruledge|atk|1
|-boost|p2a: Ceruledge|def|1
|
|-weather|Sandstorm|[upkeep]
|-damage|p2a: Ceruledge|69/100|[from] Sandstorm
|upkeep
|turn|5
|
|t:|1758327728
|move|p1a: Glimmora|Meteor Beam||[still]
|-prepare|p1a: Glimmora|Meteor Beam
|-boost|p1a: Glimmora|spa|1
|-enditem|p1a: Glimmora|Power Herb
|-anim|p1a: Glimmora|Meteor Beam|p2a: Ceruledge
|-supereffective|p2a: Ceruledge
|-damage|p2a: Ceruledge|0 fnt
|faint|p2a: Ceruledge
|
|-weather|Sandstorm|[upkeep]
|upkeep
|
|t:|1758327744
|switch|p2a: Gliscor|Gliscor, M, shiny|100/100
|turn|6
|
|t:|1758327748
|-terastallize|p1a: Glimmora|Bug
|move|p2a: Gliscor|Agility|p2a: Gliscor
|-boost|p2a: Gliscor|spe|2
|move|p1a: Glimmora|Meteor Beam||[still]
|-prepare|p1a: Glimmora|Meteor Beam
|-boost|p1a: Glimmora|spa|1
|
|-weather|Sandstorm|[upkeep]
|-damage|p1a: Glimmora|94/100|[from] Sandstorm
|-status|p2a: Gliscor|tox|[from] item: Toxic Orb
|upkeep
|turn|7
|
|t:|1758327768
|move|p2a: Gliscor|Swords Dance|p2a: Gliscor
|-boost|p2a: Gliscor|atk|2
|move|p1a: Glimmora|Meteor Beam|p2a: Gliscor|[from] lockedmove
|-damage|p2a: Gliscor|0 fnt
|faint|p2a: Gliscor
|
|-weather|Sandstorm|[upkeep]
|-damage|p1a: Glimmora|88/100|[from] Sandstorm
|upkeep
|
|t:|1758327780
|switch|p2a: Ninetales|Ninetales-Alola, F, shiny|100/100
|-weather|Snowscape|[from] ability: Snow Warning|[of] p2a: Ninetales
|turn|8
|
|t:|1758327786
|switch|p2a: Iron Valiant|Iron Valiant, shiny|100/100
|move|p1a: Glimmora|Rock Polish|p1a: Glimmora
|-boost|p1a: Glimmora|spe|2
|
|-weather|Snowscape|[upkeep]
|upkeep
|turn|9
|
|t:|1758327795
|move|p2a: Iron Valiant|Moonblast|p1a: Glimmora
|-damage|p1a: Glimmora|26/100
|move|p1a: Glimmora|Sludge Wave|p2a: Iron Valiant
|-supereffective|p2a: Iron Valiant
|-damage|p2a: Iron Valiant|0 fnt
|faint|p2a: Iron Valiant
|-end|p2a: Iron Valiant|Quark Drive|[silent]
|
|-weather|Snowscape|[upkeep]
|upkeep
|-message|da_one_who_plays forfeited.
|
|win|4DEF+4SPD=GG
|raw|4DEF+4SPD=GG's rating: 1471 &rarr; <strong>1494</strong><br />(+23 for winning)
|raw|da_one_who_plays's rating: 1518 &rarr; <strong>1495</strong><br />(-23 for losing)
|l|☆da_one_who_plays
|player|p2|
