|j|☆are you jesus?
|j|☆BilMann22
|t:|1758295258
|gametype|singles
|player|p1|are you jesus?|grimsley|1097
|player|p2|BilMann22|palmer|1081
|gen|9
|tier|[Gen 9] OU
|rated|
|rule|HP Percentage Mod: HP is shown in percentages
|rule|Endless Battle Clause: Forcing endless battles is banned
|rule|Species Clause: Limit one of each Pokémon
|rule|OHKO Clause: OHKO moves are banned
|rule|Evasion Items Clause: Evasion items are banned
|rule|Evasion Moves Clause: Evasion moves are banned
|rule|Evasion Abilities Clause: Evasion abilities are banned
|rule|Sleep Moves Clause: Sleep-inducing moves are banned
|clearpoke
|poke|p1|Orthworm, M|
|poke|p1|Barraskewda, M|
|poke|p1|Raikou|
|poke|p1|Frosmoth, F|
|poke|p1|Tentacruel, F|
|poke|p1|Sandaconda, M|
|poke|p2|Alomomola, F|
|poke|p2|Thundurus-Therian, M|
|poke|p2|Excadrill, M|
|poke|p2|Zoroark-Hisui, F|
|poke|p2|Toxicroak, M|
|poke|p2|Ursaluna, M|
|teampreview
|c|☆are you jesus?|hi
|inactive|Battle timer is ON: inactive players will automatically lose when time's up. (requested by BilMann22)
|
|t:|1758295282
|teamsize|p1|6
|teamsize|p2|6
|start
|switch|p1a: Barraskewda|Barraskewda, M|100/100
|switch|p2a: Eminem|Thundurus-Therian, M|100/100
|turn|1
|
|t:|1758295288
|move|p1a: Barraskewda|Flip Turn|p2a: Eminem
|-damage|p2a: Eminem|31/100
|
|t:|1758295293
|switch|p1a: Sandaconda|Sandaconda, M|100/100|[from] Flip Turn
|move|p2a: Eminem|Thunder|p1a: Sandaconda
|-immune|p1a: Sandaconda
|
|upkeep
|turn|2
|
|t:|1758295301
|switch|p2a: Allomaman|Alomomola, F|100/100
|move|p1a: Sandaconda|Coil|p1a: Sandaconda
|-boost|p1a: Sandaconda|atk|1
|-boost|p1a: Sandaconda|def|1
|-boost|p1a: Sandaconda|accuracy|1
|
|upkeep
|turn|3
|c|☆BilMann22|hi
|
|t:|1758295318
|move|p1a: Sandaconda|Scale Shot|p2a: Allomaman
|-damage|p2a: Allomaman|92/100
|-damage|p2a: Allomaman|83/100
|-damage|p2a: Allomaman|75/100
|-damage|p2a: Allomaman|66/100
|-hitcount|p2a: Allomaman|4
|-unboost|p1a: Sandaconda|def|1
|-boost|p1a: Sandaconda|spe|1
|move|p2a: Allomaman|Scald|p1a: Sandaconda
|-supereffective|p1a: Sandaconda
|-damage|p1a: Sandaconda|66/100
|-status|p1a: Sandaconda|brn
|
|-heal|p2a: Allomaman|73/100|[from] item: Leftovers
|-damage|p1a: Sandaconda|60/100 brn|[from] brn
|upkeep
|turn|4
|
|t:|1758295334
|move|p1a: Sandaconda|Coil|p1a: Sandaconda
|-boost|p1a: Sandaconda|atk|1
|-boost|p1a: Sandaconda|def|1
|-boost|p1a: Sandaconda|accuracy|1
|move|p2a: Allomaman|Wish|p2a: Allomaman
|
|-heal|p2a: Allomaman|79/100|[from] item: Leftovers
|-damage|p1a: Sandaconda|54/100 brn|[from] brn
|upkeep
|turn|5
|
|t:|1758295344
|switch|p1a: Raikou|Raikou|100/100
|move|p2a: Allomaman|Flip Turn|p1a: Raikou
|-damage|p1a: Raikou|76/100
|
|t:|1758295349
|switch|p2a: Eminem|Thundurus-Therian, M|31/100|[from] Flip Turn
|
|-heal|p2a: Eminem|100/100|[from] move: Wish|[wisher] Allomaman
|upkeep
|turn|6
|
|t:|1758295363
|switch|p2a: BOOO|Ursaluna, M|100/100
|move|p1a: Raikou|Calm Mind|p1a: Raikou
|-boost|p1a: Raikou|spa|1
|-boost|p1a: Raikou|spd|1
|
|-status|p2a: BOOO|brn|[from] item: Flame Orb
|upkeep
|turn|7
|
|t:|1758295370
|switch|p1a: Orthrelm|Orthworm, M|100/100
|move|p2a: BOOO|Bulk Up|p2a: BOOO
|-boost|p2a: BOOO|atk|1
|-boost|p2a: BOOO|def|1
|
|-damage|p2a: BOOO|94/100 brn|[from] brn
|upkeep
|turn|8
|
|t:|1758295380
|move|p1a: Orthrelm|Iron Defense|p1a: Orthrelm
|-boost|p1a: Orthrelm|def|2
|move|p2a: BOOO|Body Press|p1a: Orthrelm
|-supereffective|p1a: Orthrelm
|-damage|p1a: Orthrelm|63/100
|
|-heal|p1a: Orthrelm|69/100|[from] item: Leftovers
|-damage|p2a: BOOO|88/100 brn|[from] brn
|upkeep
|turn|9
|inactive|are you jesus? has 120 seconds left.
|
|t:|1758295413
|move|p1a: Orthrelm|Body Press|p2a: BOOO
|-supereffective|p2a: BOOO
|-damage|p2a: BOOO|49/100 brn
|move|p2a: BOOO|Bulk Up|p2a: BOOO
|-boost|p2a: BOOO|atk|1
|-boost|p2a: BOOO|def|1
|
|-heal|p1a: Orthrelm|75/100|[from] item: Leftovers
|-damage|p2a: BOOO|43/100 brn|[from] brn
|upkeep
|turn|10
|
|t:|1758295423
|move|p1a: Orthrelm|Iron Defense|p1a: Orthrelm
|-boost|p1a: Orthrelm|def|2
|move|p2a: BOOO|Body Press|p1a: Orthrelm
|-supereffective|p1a: Orthrelm
|-damage|p1a: Orthrelm|44/100
|
|-heal|p1a: Orthrelm|50/100|[from] item: Leftovers
|-damage|p2a: BOOO|36/100 brn|[from] brn
|upkeep
|turn|11
|inactive|are you jesus? has 120 seconds left.
|
|t:|1758295443
|switch|p2a: Allomaman|Alomomola, F|100/100
|move|p1a: Orthrelm|Body Press|p2a: Allomaman
|-damage|p2a: Allomaman|47/100
|
|-heal|p1a: Orthrelm|56/100|[from] item: Leftovers
|-heal|p2a: Allomaman|53/100|[from] item: Leftovers
|upkeep
|turn|12
|
|t:|1758295452
|move|p1a: Orthrelm|Body Press|p2a: Allomaman
|-damage|p2a: Allomaman|0 fnt
|faint|p2a: Allomaman
|
|-heal|p1a: Orthrelm|62/100|[from] item: Leftovers
|upkeep
|
|t:|1758295460
|switch|p2a: brrrr|Toxicroak, M, shiny|100/100
|turn|13
|inactive|are you jesus? has 120 seconds left.
|
|t:|1758295486
|switch|p1a: Sandaconda|Sandaconda, M|54/100 brn
|move|p2a: brrrr|Close Combat|p1a: Sandaconda
|-damage|p1a: Sandaconda|2/100 brn
|-unboost|p2a: brrrr|def|1
|-unboost|p2a: brrrr|spd|1
|
|-activate|p1a: Sandaconda|ability: Shed Skin
|-curestatus|p1a: Sandaconda|brn|[msg]
|upkeep
|turn|14
|
|t:|1758295497
|move|p2a: brrrr|Close Combat|p1a: Sandaconda
|-damage|p1a: Sandaconda|0 fnt
|-unboost|p2a: brrrr|def|1
|-unboost|p2a: brrrr|spd|1
|faint|p1a: Sandaconda
|
|upkeep
|inactive|are you jesus? has 120 seconds left.
|
|t:|1758295523
|switch|p1a: Barraskewda|Barraskewda, M|100/100
|turn|15
|
|t:|1758295529
|switch|p2a: Eminem|Thundurus-Therian, M|100/100
|move|p1a: Barraskewda|Psychic Fangs|p2a: Eminem
|-damage|p2a: Eminem|25/100
|
|upkeep
|turn|16
|inactive|are you jesus? has 120 seconds left.
|
|t:|1758295538
|move|p1a: Barraskewda|Psychic Fangs|p2a: Eminem
|-damage|p2a: Eminem|0 fnt
|faint|p2a: Eminem
|
|upkeep
|
|t:|1758295541
|switch|p2a: brrrr|Toxicroak, M, shiny|100/100
|turn|17
|
|t:|1758295548
|move|p1a: Barraskewda|Psychic Fangs|p2a: brrrr
|-damage|p2a: brrrr|8/100
|replace|p2a: bzzz|Zoroark-Hisui, F, shiny
|-end|p2a: bzzz|Illusion
|move|p2a: bzzz|Poltergeist|p1a: Barraskewda
|-activate|p1a: Barraskewda|move: Poltergeist|Choice Band
|-damage|p1a: Barraskewda|13/100
|-damage|p2a: bzzz|0 fnt|[from] item: Life Orb
|faint|p2a: bzzz
|
|upkeep
|
|t:|1758295558
|switch|p2a: brrrr|Toxicroak, M, shiny|100/100
|turn|18
|
|t:|1758295561
|move|p2a: brrrr|Fake Out|p1a: Barraskewda
|-damage|p1a: Barraskewda|0 fnt
|faint|p1a: Barraskewda
|
|upkeep
|
|t:|1758295573
|switch|p1a: Raikou|Raikou|76/100
|turn|19
|
|t:|1758295580
|switch|p2a: Cureur|Excadrill, M|100/100
|-ability|p2a: Cureur|Mold Breaker
|move|p1a: Raikou|Calm Mind|p1a: Raikou
|-boost|p1a: Raikou|spa|1
|-boost|p1a: Raikou|spd|1
|
|upkeep
|turn|20
|
|t:|1758295600
|-terastallize|p1a: Raikou|Flying
|move|p1a: Raikou|Shadow Ball|p2a: Cureur
|-damage|p2a: Cureur|51/100
|-damage|p1a: Raikou|66/100|[from] item: Life Orb
|move|p2a: Cureur|Rapid Spin|p1a: Raikou
|-damage|p1a: Raikou|40/100
|-boost|p2a: Cureur|spe|1
|
|-heal|p2a: Cureur|58/100|[from] item: Leftovers
|upkeep
|turn|21
|inactive|BilMann22 has 120 seconds left.
|
|t:|1758295623
|move|p1a: Raikou|Shadow Ball|p2a: Cureur
|-damage|p2a: Cureur|9/100
|-damage|p1a: Raikou|30/100|[from] item: Life Orb
|move|p2a: Cureur|Rapid Spin|p1a: Raikou
|-damage|p1a: Raikou|6/100
|-boost|p2a: Cureur|spe|1
|
|-heal|p2a: Cureur|15/100|[from] item: Leftovers
|upkeep
|turn|22
|
|t:|1758295633
|move|p2a: Cureur|Rapid Spin|p1a: Raikou
|-damage|p1a: Raikou|0 fnt
|-boost|p2a: Cureur|spe|1
|faint|p1a: Raikou
|
|-heal|p2a: Cureur|21/100|[from] item: Leftovers
|upkeep
|
|t:|1758295636
|switch|p1a: Orthrelm|Orthworm, M|62/100
|turn|23
|
|t:|1758295655
|move|p2a: Cureur|Stealth Rock|p1a: Orthrelm
|-sidestart|p1: are you jesus?|move: Stealth Rock
|move|p1a: Orthrelm|Iron Defense|p1a: Orthrelm
|-boost|p1a: Orthrelm|def|2
|
|-heal|p2a: Cureur|27/100|[from] item: Leftovers
|-heal|p1a: Orthrelm|69/100|[from] item: Leftovers
|upkeep
|turn|24
|
|t:|1758295673
|switch|p2a: BOOO|Ursaluna, M|36/100 brn
|move|p1a: Orthrelm|Body Press|p2a: BOOO
|-supereffective|p2a: BOOO
|-damage|p2a: BOOO|0 fnt
|faint|p2a: BOOO
|
|-heal|p1a: Orthrelm|75/100|[from] item: Leftovers
|upkeep
|
|t:|1758295678
|switch|p2a: brrrr|Toxicroak, M, shiny|100/100
|turn|25
|
|t:|1758295682
|move|p2a: brrrr|Close Combat|p1a: Orthrelm
|-supereffective|p1a: Orthrelm
|-damage|p1a: Orthrelm|43/100
|-unboost|p2a: brrrr|def|1
|-unboost|p2a: brrrr|spd|1
|move|p1a: Orthrelm|Iron Defense|p1a: Orthrelm
|-boost|p1a: Orthrelm|def|2
|
|-heal|p1a: Orthrelm|49/100|[from] item: Leftovers
|upkeep
|turn|26
|
|t:|1758295690
|move|p2a: brrrr|Close Combat|p1a: Orthrelm
|-supereffective|p1a: Orthrelm
|-damage|p1a: Orthrelm|26/100
|-unboost|p2a: brrrr|def|1
|-unboost|p2a: brrrr|spd|1
|move|p1a: Orthrelm|Body Press|p2a: brrrr
|-resisted|p2a: brrrr
|-damage|p2a: brrrr|0 fnt
|faint|p2a: brrrr
|
|-heal|p1a: Orthrelm|32/100|[from] item: Leftovers
|upkeep
|
|t:|1758295698
|switch|p2a: Cureur|Excadrill, M|27/100
|-ability|p2a: Cureur|Mold Breaker
|turn|27
|
|t:|1758295702
|move|p2a: Cureur|Rapid Spin|p1a: Orthrelm
|-resisted|p1a: Orthrelm
|-damage|p1a: Orthrelm|30/100
|-boost|p2a: Cureur|spe|1
|move|p1a: Orthrelm|Body Press|p2a: Cureur
|-supereffective|p2a: Cureur
|-damage|p2a: Cureur|0 fnt
|faint|p2a: Cureur
|
|win|are you jesus?
|raw|are you jesus?'s rating: 1097 &rarr; <strong>1121</strong><br />(+24 for winning)
|raw|BilMann22's rating: 1081 &rarr; <strong>1060</strong><br />(-21 for losing)
