|j|☆axunyu
|j|☆coping walrus
|t:|1758320091
|gametype|singles
|player|p1|axunyu|169|1186
|player|p2|coping walrus|wattson|1178
|gen|9
|tier|[Gen 9] OU
|rated|
|rule|HP Percentage Mod: HP is shown in percentages
|rule|Endless Battle Clause: Forcing endless battles is banned
|rule|Species Clause: Limit one of each Pokémon
|rule|OHKO Clause: OHKO moves are banned
|rule|Evasion Items Clause: Evasion items are banned
|rule|Evasion Moves Clause: Evasion moves are banned
|rule|Evasion Abilities Clause: Evasion abilities are banned
|rule|Sleep Moves Clause: Sleep-inducing moves are banned
|clearpoke
|poke|p1|Landorus-Therian, M|
|poke|p1|Zamazenta-*|
|poke|p1|Kyurem|
|poke|p1|Slowking-Galar, F|
|poke|p1|Great Tusk|
|poke|p1|Dondozo, F|
|poke|p2|Abomasnow, F|
|poke|p2|Maushold|
|poke|p2|Diancie|
|poke|p2|Staraptor, F|
|poke|p2|Volcanion|
|poke|p2|Polteageist|
|teampreview
|inactive|Battle timer is ON: inactive players will automatically lose when time's up. (requested by coping walrus)
|
|t:|1758320106
|teamsize|p1|6
|teamsize|p2|6
|start
|switch|p1a: Kyurem|Kyurem|100/100
|switch|p2a: Yukon Cornelius|Abomasnow, F, shiny|100/100
|-ability|p1a: Kyurem|Pressure
|-weather|Snowscape|[from] ability: Snow Warning|[of] p2a: Yukon Cornelius
|turn|1
|
|t:|1758320113
|move|p1a: Kyurem|Ice Beam|p2a: Yukon Cornelius
|-damage|p2a: Yukon Cornelius|31/100
|move|p2a: Yukon Cornelius|Aurora Veil|p2a: Yukon Cornelius
|-sidestart|p2: coping walrus|move: Aurora Veil
|
|-weather|Snowscape|[upkeep]
|upkeep
|turn|2
|
|t:|1758320124
|switch|p2a: Bumper Balls|Diancie, shiny|100/100
|move|p1a: Kyurem|Ice Beam|p2a: Bumper Balls
|-damage|p2a: Bumper Balls|76/100
|
|-weather|Snowscape|[upkeep]
|-heal|p2a: Bumper Balls|82/100|[from] item: Leftovers
|upkeep
|turn|3
|
|t:|1758320136
|switch|p1a: Slowking|Slowking-Galar, F|100/100
|move|p2a: Bumper Balls|Calm Mind|p2a: Bumper Balls
|-boost|p2a: Bumper Balls|spa|1
|-boost|p2a: Bumper Balls|spd|1
|
|-weather|Snowscape|[upkeep]
|-heal|p2a: Bumper Balls|88/100|[from] item: Leftovers
|upkeep
|turn|4
|
|t:|1758320144
|move|p2a: Bumper Balls|Calm Mind|p2a: Bumper Balls
|-boost|p2a: Bumper Balls|spa|1
|-boost|p2a: Bumper Balls|spd|1
|move|p1a: Slowking|Thunder Wave|p2a: Bumper Balls
|-status|p2a: Bumper Balls|par
|
|-weather|Snowscape|[upkeep]
|-heal|p2a: Bumper Balls|94/100 par|[from] item: Leftovers
|upkeep
|turn|5
|
|t:|1758320152
|move|p2a: Bumper Balls|Calm Mind|p2a: Bumper Balls
|-boost|p2a: Bumper Balls|spa|1
|-boost|p2a: Bumper Balls|spd|1
|move|p1a: Slowking|Sludge Bomb|p2a: Bumper Balls
|-damage|p2a: Bumper Balls|89/100 par
|
|-weather|none
|-heal|p2a: Bumper Balls|96/100 par|[from] item: Leftovers
|upkeep
|turn|6
|
|t:|1758320168
|switch|p1a: Great Tusk|Great Tusk|100/100
|move|p2a: Bumper Balls|Diamond Storm|p1a: Great Tusk
|-resisted|p1a: Great Tusk
|-damage|p1a: Great Tusk|96/100
|
|-heal|p2a: Bumper Balls|100/100 par|[from] item: Leftovers
|upkeep
|turn|7
|
|t:|1758320177
|-terastallize|p2a: Bumper Balls|Flying
|move|p1a: Great Tusk|Headlong Rush|p2a: Bumper Balls
|-immune|p2a: Bumper Balls
|move|p2a: Bumper Balls|Diamond Storm|p1a: Great Tusk
|-resisted|p1a: Great Tusk
|-damage|p1a: Great Tusk|90/100
|-boost|p2a: Bumper Balls|def|2
|
|upkeep
|turn|8
|
|t:|1758320186
|move|p1a: Great Tusk|Knock Off|p2a: Bumper Balls
|-damage|p2a: Bumper Balls|95/100 par
|-enditem|p2a: Bumper Balls|Leftovers|[from] move: Knock Off|[of] p1a: Great Tusk
|move|p2a: Bumper Balls|Diamond Storm|p1a: Great Tusk
|-resisted|p1a: Great Tusk
|-damage|p1a: Great Tusk|85/100
|
|-sideend|p2: coping walrus|move: Aurora Veil
|upkeep
|turn|9
|
|t:|1758320193
|move|p1a: Great Tusk|Ice Spinner|p2a: Bumper Balls
|-supereffective|p2a: Bumper Balls
|-damage|p2a: Bumper Balls|74/100 par
|cant|p2a: Bumper Balls|par
|
|upkeep
|turn|10
|
|t:|1758320198
|move|p1a: Great Tusk|Ice Spinner|p2a: Bumper Balls
|-supereffective|p2a: Bumper Balls
|-damage|p2a: Bumper Balls|53/100 par
|move|p2a: Bumper Balls|Diamond Storm|p1a: Great Tusk
|-resisted|p1a: Great Tusk
|-damage|p1a: Great Tusk|80/100
|
|upkeep
|turn|11
|
|t:|1758320204
|move|p1a: Great Tusk|Ice Spinner|p2a: Bumper Balls
|-supereffective|p2a: Bumper Balls
|-damage|p2a: Bumper Balls|34/100 par
|move|p2a: Bumper Balls|Draining Kiss|p1a: Great Tusk
|-supereffective|p1a: Great Tusk
|-damage|p1a: Great Tusk|0 fnt
|-heal|p2a: Bumper Balls|100/100 par|[from] drain|[of] p1a: Great Tusk
|faint|p1a: Great Tusk
|-end|p1a: Great Tusk|Protosynthesis|[silent]
|
|upkeep
|
|t:|1758320208
|switch|p1a: 泥头车|Zamazenta|100/100
|-ability|p1a: 泥头车|Dauntless Shield|boost
|-boost|p1a: 泥头车|def|1
|turn|12
|
|t:|1758320215
|move|p1a: 泥头车|Stone Edge|p2a: Bumper Balls
|-supereffective|p2a: Bumper Balls
|-damage|p2a: Bumper Balls|58/100 par
|move|p2a: Bumper Balls|Diamond Storm|p1a: 泥头车
|-resisted|p1a: 泥头车
|-damage|p1a: 泥头车|89/100
|-boost|p2a: Bumper Balls|def|2
|
|upkeep
|turn|13
|
|t:|1758320222
|move|p1a: 泥头车|Stone Edge|p2a: Bumper Balls
|-supereffective|p2a: Bumper Balls
|-crit|p2a: Bumper Balls
|-damage|p2a: Bumper Balls|0 fnt
|faint|p2a: Bumper Balls
|
|upkeep
|
|t:|1758320228
|switch|p2a: Pete Wentz|Staraptor, F|100/100
|turn|14
|
|t:|1758320233
|switch|p1a: Dondozo|Dondozo, F|100/100
|move|p2a: Pete Wentz|Brave Bird|p1a: Dondozo
|-damage|p1a: Dondozo|53/100
|-damage|p2a: Pete Wentz|75/100|[from] Recoil
|
|-heal|p1a: Dondozo|59/100|[from] item: Leftovers
|upkeep
|turn|15
|
|t:|1758320247
|move|p2a: Pete Wentz|Brave Bird|p1a: Dondozo
|-damage|p1a: Dondozo|9/100
|-damage|p2a: Pete Wentz|48/100|[from] Recoil
|move|p1a: Dondozo|Rest|p1a: Dondozo
|-status|p1a: Dondozo|slp|[from] move: Rest
|-heal|p1a: Dondozo|100/100 slp|[silent]
|
|upkeep
|turn|16
|
|t:|1758320257
|move|p2a: Pete Wentz|Brave Bird|p1a: Dondozo
|-crit|p1a: Dondozo
|-damage|p1a: Dondozo|28/100 slp
|-damage|p2a: Pete Wentz|10/100|[from] Recoil
|cant|p1a: Dondozo|slp
|move|p1a: Dondozo|Sleep Talk|p1a: Dondozo
|move|p1a: Dondozo|Rest||[from] move: Sleep Talk|[still]
|-fail|p1a: Dondozo
|
|-heal|p1a: Dondozo|35/100 slp|[from] item: Leftovers
|upkeep
|turn|17
|
|t:|1758320267
|move|p2a: Pete Wentz|Brave Bird|p1a: Dondozo
|-damage|p1a: Dondozo|0 fnt
|faint|p1a: Dondozo
|-damage|p2a: Pete Wentz|0 fnt|[from] Recoil
|faint|p2a: Pete Wentz
|
|upkeep
|
|t:|1758320275
|switch|p2a: Winslow|Maushold, shiny|100/100
|switch|p1a: 中转|Landorus-Therian, M|100/100
|-ability|p1a: 中转|Intimidate|boost
|-unboost|p2a: Winslow|atk|1
|turn|18
|
|t:|1758320281
|move|p2a: Winslow|Tidy Up|p2a: Winslow
|-boost|p2a: Winslow|atk|1
|-boost|p2a: Winslow|spe|1
|move|p1a: 中转|Taunt|p2a: Winslow
|-start|p2a: Winslow|move: Taunt
|
|upkeep
|turn|19
|
|t:|1758320287
|move|p2a: Winslow|Population Bomb|p1a: 中转
|-damage|p1a: 中转|90/100
|-damage|p1a: 中转|77/100
|-damage|p1a: 中转|65/100
|-damage|p1a: 中转|54/100
|-damage|p1a: 中转|42/100
|-damage|p1a: 中转|29/100
|-damage|p1a: 中转|18/100
|-damage|p1a: 中转|7/100
|-damage|p1a: 中转|0 fnt
|faint|p1a: 中转
|-hitcount|p1: 中转|9
|
|upkeep
|
|t:|1758320302
|switch|p1a: 泥头车|Zamazenta|89/100
|turn|20
|
|t:|1758320310
|move|p2a: Winslow|Population Bomb|p1a: 泥头车
|-damage|p1a: 泥头车|79/100
|-damage|p1a: 泥头车|67/100
|-damage|p1a: 泥头车|54/100
|-damage|p1a: 泥头车|43/100
|-crit|p1a: 泥头车
|-damage|p1a: 泥头车|27/100
|-damage|p1a: 泥头车|15/100
|-damage|p1a: 泥头车|4/100
|-damage|p1a: 泥头车|0 fnt
|faint|p1a: 泥头车
|-hitcount|p1: 泥头车|8
|
|upkeep
|
|t:|1758320312
|switch|p1a: Kyurem|Kyurem|100/100
|-ability|p1a: Kyurem|Pressure
|turn|21
|
|t:|1758320331
|move|p2a: Winslow|Population Bomb|p1a: Kyurem
|-damage|p1a: Kyurem|90/100
|-damage|p1a: Kyurem|77/100
|-damage|p1a: Kyurem|66/100
|-damage|p1a: Kyurem|55/100
|-damage|p1a: Kyurem|44/100
|-damage|p1a: Kyurem|31/100
|-damage|p1a: Kyurem|20/100
|-damage|p1a: Kyurem|8/100
|-damage|p1a: Kyurem|0 fnt
|faint|p1a: Kyurem
|-hitcount|p1: Kyurem|9
|
|-end|p2a: Winslow|move: Taunt
|upkeep
|-message|axunyu forfeited.
|
|win|coping walrus
|raw|axunyu's rating: 1186 &rarr; <strong>1160</strong><br />(-26 for losing)
|raw|coping walrus's rating: 1178 &rarr; <strong>1204</strong><br />(+26 for winning)
|l|☆axunyu
|player|p1|
|c|☆coping walrus|gg
|l|☆coping walrus
|player|p2|
