|j|☆Dionaeamuscipul
|j|☆sauronikov
|t:|1758351325
|gametype|singles
|player|p1|Dionaeamuscipul|266|1276
|player|p2|sauronikov|101|1254
|gen|9
|tier|[Gen 9] OU
|rated|
|rule|HP Percentage Mod: HP is shown in percentages
|rule|Endless Battle Clause: Forcing endless battles is banned
|rule|Species Clause: Limit one of each Pokémon
|rule|OHKO Clause: OHKO moves are banned
|rule|Evasion Items Clause: Evasion items are banned
|rule|Evasion Moves Clause: Evasion moves are banned
|rule|Evasion Abilities Clause: Evasion abilities are banned
|rule|Sleep Moves Clause: Sleep-inducing moves are banned
|clearpoke
|poke|p1|Jumpluff, M|
|poke|p1|Yanmega, F|
|poke|p1|Darkrai|
|poke|p1|Scizor, F|
|poke|p1|Moltres|
|poke|p1|Araquanid, F|
|poke|p2|Grimmsnarl, M|
|poke|p2|Dragapult, M|
|poke|p2|Metagross|
|poke|p2|Hoopa-Unbound|
|poke|p2|Okidogi, M|
|poke|p2|Thundurus-Therian, M|
|teampreview
|
|t:|1758351339
|teamsize|p1|6
|teamsize|p2|6
|start
|switch|p1a: Moltres|Moltres|100/100
|switch|p2a: Grimmsnarl|Grimmsnarl, M, shiny|100/100
|turn|1
|
|t:|1758351344
|move|p2a: Grimmsnarl|Light Screen|p2a: Grimmsnarl
|-sidestart|p2: sauronikov|move: Light Screen
|move|p1a: Moltres|Air Slash|p2a: Grimmsnarl
|-damage|p2a: Grimmsnarl|81/100
|-enditem|p2a: Grimmsnarl|Eject Button
|inactive|Battle timer is ON: inactive players will automatically lose when time's up. (requested by Dionaeamuscipul)
|
|t:|1758351396
|switch|p2a: Thundurus|Thundurus-Therian, M|100/100
|
|upkeep
|turn|2
|
|t:|1758351403
|move|p2a: Thundurus|Agility|p2a: Thundurus
|-boost|p2a: Thundurus|spe|2
|move|p1a: Moltres|Flamethrower|p2a: Thundurus
|-damage|p2a: Thundurus|71/100
|
|upkeep
|turn|3
|
|t:|1758351408
|-terastallize|p2a: Thundurus|Electric
|move|p2a: Thundurus|Supercell Slam|p1a: Moltres
|-supereffective|p1a: Moltres
|-damage|p1a: Moltres|0 fnt
|-status|p2a: Thundurus|brn|[from] ability: Flame Body|[of] p1a: Moltres
|faint|p1a: Moltres
|
|-damage|p2a: Thundurus|65/100 brn|[from] brn
|upkeep
|
|t:|1758351417
|switch|p1a: Jumpluff|Jumpluff, M|100/100
|turn|4
|inactive|sauronikov has 120 seconds left.
|
|t:|1758351449
|-terastallize|p1a: Jumpluff|Grass
|move|p2a: Thundurus|Supercell Slam|p1a: Jumpluff
|-resisted|p1a: Jumpluff
|-damage|p1a: Jumpluff|79/100
|move|p1a: Jumpluff|Lunge|p2a: Thundurus
|-damage|p2a: Thundurus|50/100 brn
|-unboost|p2a: Thundurus|atk|1
|
|-damage|p2a: Thundurus|44/100 brn|[from] brn
|upkeep
|turn|5
|
|t:|1758351463
|move|p2a: Thundurus|Knock Off|p1a: Jumpluff
|-damage|p1a: Jumpluff|64/100
|-enditem|p1a: Jumpluff|Wide Lens|[from] move: Knock Off|[of] p2a: Thundurus
|move|p1a: Jumpluff|Lunge|p2a: Thundurus
|-damage|p2a: Thundurus|29/100 brn
|-unboost|p2a: Thundurus|atk|1
|
|-damage|p2a: Thundurus|23/100 brn|[from] brn
|-sideend|p2: sauronikov|move: Light Screen
|upkeep
|turn|6
|inactive|sauronikov has 120 seconds left.
|
|t:|1758351495
|move|p2a: Thundurus|Acrobatics|p1a: Jumpluff
|-supereffective|p1a: Jumpluff
|-damage|p1a: Jumpluff|46/100
|move|p1a: Jumpluff|Lunge|p2a: Thundurus
|-damage|p2a: Thundurus|9/100 brn
|-unboost|p2a: Thundurus|atk|1
|
|-damage|p2a: Thundurus|3/100 brn|[from] brn
|upkeep
|turn|7
|
|t:|1758351501
|move|p2a: Thundurus|Acrobatics|p1a: Jumpluff
|-supereffective|p1a: Jumpluff
|-crit|p1a: Jumpluff
|-damage|p1a: Jumpluff|0 fnt
|faint|p1a: Jumpluff
|
|-damage|p2a: Thundurus|0 fnt|[from] brn
|faint|p2a: Thundurus
|upkeep
|inactive|sauronikov has 120 seconds left.
|
|t:|1758351522
|switch|p1a: Araquanid|Araquanid, F|100/100
|switch|p2a: Grimmsnarl|Grimmsnarl, M, shiny|81/100
|turn|8
|
|t:|1758351527
|move|p2a: Grimmsnarl|Taunt|p1a: Araquanid
|-start|p1a: Araquanid|move: Taunt
|cant|p1a: Araquanid|move: Taunt|Iron Defense
|
|upkeep
|turn|9
|inactive|sauronikov has 120 seconds left.
|
|t:|1758351543
|move|p2a: Grimmsnarl|Reflect|p2a: Grimmsnarl
|-sidestart|p2: sauronikov|Reflect
|move|p1a: Araquanid|Liquidation|p2a: Grimmsnarl
|-damage|p2a: Grimmsnarl|52/100
|
|upkeep
|turn|10
|
|t:|1758351550
|move|p2a: Grimmsnarl|Parting Shot|p1a: Araquanid
|-unboost|p1a: Araquanid|atk|1
|-unboost|p1a: Araquanid|spa|1
|
|t:|1758351552
|switch|p2a: Dragapult|Dragapult, M|100/100|[from] Parting Shot
|move|p1a: Araquanid|Liquidation|p2a: Dragapult
|-resisted|p2a: Dragapult
|-damage|p2a: Dragapult|86/100
|
|-end|p1a: Araquanid|move: Taunt
|upkeep
|turn|11
|
|t:|1758351558
|move|p2a: Dragapult|Substitute|p2a: Dragapult
|-start|p2a: Dragapult|Substitute
|-damage|p2a: Dragapult|61/100
|move|p1a: Araquanid|Liquidation|p2a: Dragapult
|-resisted|p2a: Dragapult
|-activate|p2a: Dragapult|move: Substitute|[damage]
|
|upkeep
|turn|12
|
|t:|1758351562
|move|p2a: Dragapult|Dragon Dance|p2a: Dragapult
|-boost|p2a: Dragapult|atk|1
|-boost|p2a: Dragapult|spe|1
|move|p1a: Araquanid|Liquidation|p2a: Dragapult
|-resisted|p2a: Dragapult
|-end|p2a: Dragapult|Substitute
|
|upkeep
|turn|13
|
|t:|1758351572
|switch|p1a: Yanmega|Yanmega, F|100/100
|move|p2a: Dragapult|Substitute|p2a: Dragapult
|-start|p2a: Dragapult|Substitute
|-damage|p2a: Dragapult|36/100
|
|-sideend|p2: sauronikov|Reflect
|upkeep
|turn|14
|
|t:|1758351592
|move|p1a: Yanmega|Protect|p1a: Yanmega
|-singleturn|p1a: Yanmega|Protect
|move|p2a: Dragapult|Dragon Darts|p1a: Yanmega
|-activate|p1a: Yanmega|move: Protect
|
|-ability|p1a: Yanmega|Speed Boost|boost
|-boost|p1a: Yanmega|spe|1
|upkeep
|turn|15
|
|t:|1758351618
|move|p2a: Dragapult|Dragon Darts|p1a: Yanmega
|-damage|p1a: Yanmega|41/100
|-anim|p2a: Dragapult|Dragon Darts|p1a: Yanmega
|-damage|p1a: Yanmega|0 fnt
|faint|p1a: Yanmega
|-damage|p2a: Dragapult|26/100|[from] item: Life Orb
|
|upkeep
|
|t:|1758351626
|switch|p1a: Scizor|Scizor, F|100/100
|turn|16
|
|t:|1758351639
|move|p1a: Scizor|Bullet Punch|p2a: Dragapult
|-end|p2a: Dragapult|Substitute
|move|p2a: Dragapult|Phantom Force||[still]
|-prepare|p2a: Dragapult|Phantom Force
|
|upkeep
|turn|17
|
|t:|1758351645
|move|p2a: Dragapult|Phantom Force|p1a: Scizor|[from] lockedmove
|-damage|p1a: Scizor|7/100
|-damage|p2a: Dragapult|17/100|[from] item: Life Orb
|move|p1a: Scizor|Swords Dance|p1a: Scizor
|-boost|p1a: Scizor|atk|2
|
|-heal|p1a: Scizor|13/100|[from] item: Leftovers
|upkeep
|turn|18
|
|t:|1758351652
|move|p1a: Scizor|Bullet Punch|p2a: Dragapult
|-damage|p2a: Dragapult|0 fnt
|faint|p2a: Dragapult
|
|-heal|p1a: Scizor|19/100|[from] item: Leftovers
|upkeep
|
|t:|1758351658
|switch|p2a: Okidogi|Okidogi, M|100/100
|turn|19
|
|t:|1758351668
|move|p1a: Scizor|Bullet Punch|p2a: Okidogi
|-damage|p2a: Okidogi|49/100
|move|p2a: Okidogi|Close Combat|p1a: Scizor
|-damage|p1a: Scizor|0 fnt
|-unboost|p2a: Okidogi|def|1
|-unboost|p2a: Okidogi|spd|1
|faint|p1a: Scizor
|
|upkeep
|
|t:|1758351674
|switch|p1a: Darkrai|Darkrai|100/100
|turn|20
|
|t:|1758351687
|move|p1a: Darkrai|Dark Pulse|p2a: Okidogi
|-resisted|p2a: Okidogi
|-damage|p2a: Okidogi|5/100
|-damage|p1a: Darkrai|91/100|[from] item: Life Orb
|move|p2a: Okidogi|Close Combat|p1a: Darkrai
|-supereffective|p1a: Darkrai
|-damage|p1a: Darkrai|0 fnt
|-unboost|p2a: Okidogi|def|1
|-unboost|p2a: Okidogi|spd|1
|faint|p1a: Darkrai
|
|upkeep
|
|t:|1758351697
|switch|p1a: Araquanid|Araquanid, F|100/100
|turn|21
|
|t:|1758351701
|move|p2a: Okidogi|Close Combat|p1a: Araquanid
|-resisted|p1a: Araquanid
|-damage|p1a: Araquanid|39/100
|-unboost|p2a: Okidogi|def|1
|-unboost|p2a: Okidogi|spd|1
|move|p1a: Araquanid|Iron Defense|p1a: Araquanid
|-boost|p1a: Araquanid|def|2
|
|-heal|p1a: Araquanid|45/100|[from] item: Leftovers
|upkeep
|turn|22
|
|t:|1758351707
|move|p1a: Araquanid|Protect|p1a: Araquanid
|-singleturn|p1a: Araquanid|Protect
|move|p2a: Okidogi|Close Combat|p1a: Araquanid
|-activate|p1a: Araquanid|move: Protect
|
|-heal|p1a: Araquanid|51/100|[from] item: Leftovers
|upkeep
|turn|23
|
|t:|1758351714
|move|p2a: Okidogi|Close Combat|p1a: Araquanid
|-resisted|p1a: Araquanid
|-damage|p1a: Araquanid|16/100
|-unboost|p2a: Okidogi|def|1
|-unboost|p2a: Okidogi|spd|1
|move|p1a: Araquanid|Leech Life|p2a: Okidogi
|-resisted|p2a: Okidogi
|-damage|p2a: Okidogi|0 fnt
|-heal|p1a: Araquanid|20/100|[from] drain|[of] p2a: Okidogi
|faint|p2a: Okidogi
|
|-heal|p1a: Araquanid|26/100|[from] item: Leftovers
|upkeep
|
|t:|1758351717
|switch|p2a: Hoopa|Hoopa-Unbound|100/100
|turn|24
|
|t:|1758351720
|move|p1a: Araquanid|Protect|p1a: Araquanid
|-singleturn|p1a: Araquanid|Protect
|move|p2a: Hoopa|Hyperspace Fury|p1a: Araquanid
|-activate|p1a: Araquanid|move: Hyperspace Fury|[broken]
|-damage|p1a: Araquanid|0 fnt
|-unboost|p2a: Hoopa|def|1
|faint|p1a: Araquanid
|
|win|sauronikov
|raw|Dionaeamuscipul's rating: 1276 &rarr; <strong>1249</strong><br />(-27 for losing)
|raw|sauronikov's rating: 1254 &rarr; <strong>1281</strong><br />(+27 for winning)
|l|☆Dionaeamuscipul
|player|p1|
|l|☆sauronikov
|player|p2|
