|j|☆RiaSingh2121
|j|☆senpako
|t:|1758299350
|gametype|singles
|player|p1|RiaSingh2121|101|1235
|player|p2|senpako|koga|1294
|gen|9
|tier|[Gen 9] OU
|rated|
|rule|HP Percentage Mod: HP is shown in percentages
|rule|Endless Battle Clause: Forcing endless battles is banned
|rule|Species Clause: Limit one of each Pokémon
|rule|OHKO Clause: OHKO moves are banned
|rule|Evasion Items Clause: Evasion items are banned
|rule|Evasion Moves Clause: Evasion moves are banned
|rule|Evasion Abilities Clause: Evasion abilities are banned
|rule|Sleep Moves Clause: Sleep-inducing moves are banned
|clearpoke
|poke|p1|Hatterene, F|
|poke|p1|Torkoal, F|
|poke|p1|Corviknight, F|
|poke|p1|Ursaluna, F|
|poke|p1|Hattrem, F|
|poke|p1|Iron Hands|
|poke|p2|Great Tusk|
|poke|p2|Greninja-*, M|
|poke|p2|Pecharunt|
|poke|p2|Blaziken, M|
|poke|p2|Raging Bolt|
|poke|p2|Landorus-Therian, M|
|teampreview
|inactive|Battle timer is ON: inactive players will automatically lose when time's up. (requested by senpako)
|
|t:|1758299380
|teamsize|p1|6
|teamsize|p2|6
|start
|switch|p1a: Hattrem|Hattrem, F|100/100
|switch|p2a: Chickenfast|Blaziken, M|100/100
|turn|1
|
|t:|1758299386
|move|p2a: Chickenfast|Earthquake|p1a: Hattrem
|-damage|p1a: Hattrem|43/100
|move|p1a: Hattrem|Trick Room|p1a: Hattrem
|-fieldstart|move: Trick Room|[of] p1a: Hattrem
|
|-ability|p2a: Chickenfast|Speed Boost|boost
|-boost|p2a: Chickenfast|spe|1
|upkeep
|turn|2
|
|t:|1758299395
|move|p1a: Hattrem|Healing Wish|p1a: Hattrem
|faint|p1a: Hattrem
|move|p2a: Chickenfast|Earthquake|p1: Hattrem|[notarget]
|-fail|p2a: Chickenfast
|
|-ability|p2a: Chickenfast|Speed Boost|boost
|-boost|p2a: Chickenfast|spe|1
|upkeep
|
|t:|1758299402
|switch|p1a: Torkoal|Torkoal, F|100/100
|-weather|SunnyDay|[from] ability: Drought|[of] p1a: Torkoal
|turn|3
|
|t:|1758299417
|move|p1a: Torkoal|Eruption|p2a: Chickenfast
|-resisted|p2a: Chickenfast
|-damage|p2a: Chickenfast|21/100
|move|p2a: Chickenfast|Earthquake|p1a: Torkoal
|-supereffective|p1a: Torkoal
|-damage|p1a: Torkoal|43/100
|
|-weather|SunnyDay|[upkeep]
|-ability|p2a: Chickenfast|Speed Boost|boost
|-boost|p2a: Chickenfast|spe|1
|upkeep
|turn|4
|
|t:|1758299429
|move|p2a: Chickenfast|Protect|p2a: Chickenfast
|-singleturn|p2a: Chickenfast|Protect
|move|p1a: Torkoal|Lava Plume|p2a: Chickenfast
|-activate|p2a: Chickenfast|move: Protect
|
|-weather|SunnyDay|[upkeep]
|-ability|p2a: Chickenfast|Speed Boost|boost
|-boost|p2a: Chickenfast|spe|1
|upkeep
|turn|5
|
|t:|1758299438
|switch|p2a: Landorus|Landorus-Therian, M|100/100
|-ability|p2a: Landorus|Intimidate|boost
|-unboost|p1a: Torkoal|atk|1
|move|p1a: Torkoal|Lava Plume|p2a: Landorus
|-damage|p2a: Landorus|40/100
|
|-weather|SunnyDay|[upkeep]
|-fieldend|move: Trick Room
|upkeep
|turn|6
|
|t:|1758299448
|switch|p1a: Corviknight|Corviknight, F|100/100
|move|p2a: Landorus|Stealth Rock|p1a: Corviknight
|-sidestart|p1: RiaSingh2121|move: Stealth Rock
|
|-weather|SunnyDay|[upkeep]
|upkeep
|turn|7
|
|t:|1758299455
|move|p2a: Landorus|Taunt|p1a: Corviknight
|-start|p1a: Corviknight|move: Taunt
|cant|p1a: Corviknight|move: Taunt|Defog
|
|-weather|none
|upkeep
|turn|8
|
|t:|1758299462
|move|p2a: Landorus|Rock Slide|p1a: Corviknight
|-damage|p1a: Corviknight|83/100
|cant|p1a: Corviknight|flinch
|
|upkeep
|turn|9
|
|t:|1758299468
|move|p2a: Landorus|Rock Slide|p1a: Corviknight
|-damage|p1a: Corviknight|67/100
|move|p1a: Corviknight|Brave Bird|p2a: Landorus
|-damage|p2a: Landorus|0 fnt
|-damage|p1a: Corviknight|51/100|[from] item: Rocky Helmet|[of] p2a: Landorus
|faint|p2a: Landorus
|-damage|p1a: Corviknight|41/100|[from] Recoil
|
|-end|p1a: Corviknight|move: Taunt
|upkeep
|
|t:|1758299478
|switch|p2a: Itachi|Greninja, M|100/100
|turn|10
|
|t:|1758299483
|switch|p1a: Iron Hands|Iron Hands|100/100
|-damage|p1a: Iron Hands|94/100|[from] Stealth Rock
|-terastallize|p2a: Itachi|Fire
|move|p2a: Itachi|Tera Blast|p1a: Iron Hands|[anim] Tera Blast Fire
|-damage|p1a: Iron Hands|74/100
|
|upkeep
|turn|11
|inactive|senpako has 120 seconds left.
|
|t:|1758299519
|switch|p2a: Chickenfast|Blaziken, M|21/100
|move|p1a: Iron Hands|Drain Punch|p2a: Chickenfast
|-damage|p2a: Chickenfast|0 fnt
|-heal|p1a: Iron Hands|81/100|[from] drain|[of] p2a: Chickenfast
|faint|p2a: Chickenfast
|
|upkeep
|
|t:|1758299524
|switch|p2a: Great Tusk|Great Tusk|100/100
|-enditem|p2a: Great Tusk|Booster Energy
|-activate|p2a: Great Tusk|ability: Protosynthesis|[fromitem]
|-start|p2a: Great Tusk|protosynthesisatk
|turn|12
|
|t:|1758299534
|-end|p1a: Iron Hands|Quark Drive|[silent]
|switch|p1a: Corviknight|Corviknight, F|41/100
|-heal|p1a: Corviknight|100/100|[from] move: Healing Wish
|-damage|p1a: Corviknight|88/100|[from] Stealth Rock
|move|p2a: Great Tusk|Headlong Rush|p1a: Corviknight
|-immune|p1a: Corviknight
|
|upkeep
|turn|13
|
|t:|1758299548
|move|p2a: Great Tusk|Temper Flare|p1a: Corviknight
|-supereffective|p1a: Corviknight
|-damage|p1a: Corviknight|0 fnt
|-damage|p2a: Great Tusk|84/100|[from] item: Rocky Helmet|[of] p1a: Corviknight
|faint|p1a: Corviknight
|
|upkeep
|
|t:|1758299557
|switch|p1a: Hatterene|Hatterene, F|100/100
|-damage|p1a: Hatterene|88/100|[from] Stealth Rock
|turn|14
|
|t:|1758299564
|move|p2a: Great Tusk|Headlong Rush|p1a: Hatterene
|-damage|p1a: Hatterene|0 fnt
|-unboost|p2a: Great Tusk|def|1
|-unboost|p2a: Great Tusk|spd|1
|faint|p1a: Hatterene
|
|upkeep
|-message|RiaSingh2121 forfeited.
|
|win|senpako
|raw|RiaSingh2121's rating: 1235 &rarr; <strong>1214</strong><br />(-21 for losing)
|raw|senpako's rating: 1294 &rarr; <strong>1315</strong><br />(+21 for winning)
|l|☆RiaSingh2121
|player|p1|
|l|☆senpako
|player|p2|
