|j|☆carloss prates
|j|☆Obito 2001
|t:|1758274551
|gametype|singles
|player|p1|carloss prates|bruno|1673
|player|p2|Obito 2001|blue-gen3two|1749
|gen|9
|tier|[Gen 9] OU
|rated|
|rule|HP Percentage Mod: HP is shown in percentages
|rule|Endless Battle Clause: Forcing endless battles is banned
|rule|Species Clause: Limit one of each Pokémon
|rule|OHKO Clause: OHKO moves are banned
|rule|Evasion Items Clause: Evasion items are banned
|rule|Evasion Moves Clause: Evasion moves are banned
|rule|Evasion Abilities Clause: Evasion abilities are banned
|rule|Sleep Moves Clause: Sleep-inducing moves are banned
|clearpoke
|poke|p1|Ninetales-Alola, M|
|poke|p1|Dondozo, F|
|poke|p1|Iron Treads|
|poke|p1|Kyurem|
|poke|p1|Comfey, M|
|poke|p1|Polteageist|
|poke|p2|Ting-Lu|
|poke|p2|Weezing-Galar, M|
|poke|p2|Ogerpon-Wellspring, F|
|poke|p2|Corviknight, M|
|poke|p2|Kyurem|
|poke|p2|Amoonguss, F|
|teampreview
|inactive|Battle timer is ON: inactive players will automatically lose when time's up. (requested by Obito 2001)
|
|t:|1758274567
|teamsize|p1|6
|teamsize|p2|6
|start
|switch|p1a: Kyurem|Kyurem|100/100
|switch|p2a: Ban me|Ogerpon-Wellspring, F|100/100
|-ability|p1a: Kyurem|Pressure
|turn|1
|
|t:|1758274595
|switch|p2a: Ban Dragonite|Corviknight, M|100/100
|-ability|p2a: Ban Dragonite|Pressure
|move|p1a: Kyurem|Freeze-Dry|p2a: Ban Dragonite
|-damage|p2a: Ban Dragonite|61/100
|
|upkeep
|turn|2
|
|t:|1758274604
|move|p1a: Kyurem|Freeze-Dry|p2a: Ban Dragonite
|-damage|p2a: Ban Dragonite|23/100
|move|p2a: Ban Dragonite|Roost|p2a: Ban Dragonite
|-heal|p2a: Ban Dragonite|73/100
|-singleturn|p2a: Ban Dragonite|move: Roost
|
|upkeep
|turn|3
|
|t:|1758274610
|switch|p2a: Ban Gliscor ASAP|Kyurem, shiny|100/100
|-ability|p2a: Ban Gliscor ASAP|Pressure
|move|p1a: Kyurem|Freeze-Dry|p2a: Ban Gliscor ASAP
|-damage|p2a: Ban Gliscor ASAP|63/100
|
|-heal|p2a: Ban Gliscor ASAP|69/100|[from] item: Leftovers
|upkeep
|turn|4
|
|t:|1758274615
|switch|p1a: Iron Treads|Iron Treads|100/100
|-enditem|p1a: Iron Treads|Booster Energy
|-activate|p1a: Iron Treads|ability: Quark Drive|[fromitem]
|-start|p1a: Iron Treads|quarkdrivespe
|move|p2a: Ban Gliscor ASAP|Freeze-Dry|p1a: Iron Treads
|-damage|p1a: Iron Treads|48/100
|
|-heal|p2a: Ban Gliscor ASAP|75/100|[from] item: Leftovers
|upkeep
|turn|5
|
|t:|1758274620
|move|p1a: Iron Treads|Stealth Rock|p2a: Ban Gliscor ASAP
|-sidestart|p2: Obito 2001|move: Stealth Rock
|move|p2a: Ban Gliscor ASAP|Earth Power|p1a: Iron Treads
|-supereffective|p1a: Iron Treads
|-damage|p1a: Iron Treads|0 fnt
|faint|p1a: Iron Treads
|-end|p1a: Iron Treads|Quark Drive|[silent]
|
|-heal|p2a: Ban Gliscor ASAP|81/100|[from] item: Leftovers
|upkeep
|
|t:|1758274623
|switch|p1a: Ninetales|Ninetales-Alola, M|100/100
|-weather|Snowscape|[from] ability: Snow Warning|[of] p1a: Ninetales
|turn|6
|
|t:|1758274628
|move|p1a: Ninetales|Aurora Veil|p1a: Ninetales
|-sidestart|p1: carloss prates|move: Aurora Veil
|move|p2a: Ban Gliscor ASAP|Earth Power|p1a: Ninetales
|-crit|p1a: Ninetales
|-damage|p1a: Ninetales|52/100
|
|-weather|Snowscape|[upkeep]
|-heal|p2a: Ban Gliscor ASAP|88/100|[from] item: Leftovers
|upkeep
|turn|7
|
|t:|1758274634
|switch|p1a: Kyurem|Kyurem|100/100
|-ability|p1a: Kyurem|Pressure
|switch|p2a: Ban Dragonite|Corviknight, M|73/100
|-damage|p2a: Ban Dragonite|61/100|[from] Stealth Rock
|-ability|p2a: Ban Dragonite|Pressure
|
|-weather|Snowscape|[upkeep]
|upkeep
|turn|8
|
|t:|1758274645
|move|p1a: Kyurem|Freeze-Dry|p2a: Ban Dragonite
|-damage|p2a: Ban Dragonite|24/100
|move|p2a: Ban Dragonite|Defog|p1a: Kyurem
|-unboost|p1a: Kyurem|evasion|1
|-sideend|p1: carloss prates|move: Aurora Veil
|-sideend|p2: Obito 2001|Stealth Rock|[from] move: Defog|[of] p2a: Ban Dragonite
|
|-weather|Snowscape|[upkeep]
|upkeep
|turn|9
|
|t:|1758274652
|move|p1a: Kyurem|Freeze-Dry|p2a: Ban Dragonite
|-damage|p2a: Ban Dragonite|0 fnt
|faint|p2a: Ban Dragonite
|
|-weather|Snowscape|[upkeep]
|upkeep
|
|t:|1758274655
|switch|p2a: Ban Gliscor ASAP|Kyurem, shiny|88/100
|-ability|p2a: Ban Gliscor ASAP|Pressure
|turn|10
|
|t:|1758274658
|move|p1a: Kyurem|Icicle Spear|p2a: Ban Gliscor ASAP
|-damage|p2a: Ban Gliscor ASAP|79/100
|-damage|p2a: Ban Gliscor ASAP|69/100
|-damage|p2a: Ban Gliscor ASAP|60/100
|-hitcount|p2a: Ban Gliscor ASAP|3
|move|p2a: Ban Gliscor ASAP|Earth Power|p1a: Kyurem
|-damage|p1a: Kyurem|68/100
|
|-weather|none
|-heal|p2a: Ban Gliscor ASAP|66/100|[from] item: Leftovers
|upkeep
|turn|11
|
|t:|1758274665
|move|p1a: Kyurem|Icicle Spear|p2a: Ban Gliscor ASAP
|-damage|p2a: Ban Gliscor ASAP|53/100
|-damage|p2a: Ban Gliscor ASAP|39/100
|-damage|p2a: Ban Gliscor ASAP|25/100
|-hitcount|p2a: Ban Gliscor ASAP|3
|move|p2a: Ban Gliscor ASAP|Scale Shot|p1a: Kyurem
|-supereffective|p1a: Kyurem
|-damage|p1a: Kyurem|46/100
|-supereffective|p1a: Kyurem
|-damage|p1a: Kyurem|25/100
|-hitcount|p1a: Kyurem|2
|-unboost|p2a: Ban Gliscor ASAP|def|1
|-boost|p2a: Ban Gliscor ASAP|spe|1
|
|-heal|p2a: Ban Gliscor ASAP|31/100|[from] item: Leftovers
|upkeep
|turn|12
|
|t:|1758274677
|switch|p1a: Dondozo|Dondozo, F|100/100
|move|p2a: Ban Gliscor ASAP|Freeze-Dry|p1a: Dondozo
|-supereffective|p1a: Dondozo
|-damage|p1a: Dondozo|52/100
|
|-heal|p2a: Ban Gliscor ASAP|37/100|[from] item: Leftovers
|-heal|p1a: Dondozo|59/100|[from] item: Leftovers
|upkeep
|turn|13
|
|t:|1758274681
|move|p2a: Ban Gliscor ASAP|Freeze-Dry|p1a: Dondozo
|-supereffective|p1a: Dondozo
|-damage|p1a: Dondozo|3/100
|move|p1a: Dondozo|Avalanche|p2a: Ban Gliscor ASAP
|-damage|p2a: Ban Gliscor ASAP|10/100
|
|-heal|p2a: Ban Gliscor ASAP|16/100|[from] item: Leftovers
|-heal|p1a: Dondozo|9/100|[from] item: Leftovers
|upkeep
|turn|14
|j| wgw2333
|
|t:|1758274687
|move|p2a: Ban Gliscor ASAP|Freeze-Dry|p1a: Dondozo
|-supereffective|p1a: Dondozo
|-damage|p1a: Dondozo|0 fnt
|faint|p1a: Dondozo
|
|-heal|p2a: Ban Gliscor ASAP|22/100|[from] item: Leftovers
|upkeep
|
|t:|1758274689
|switch|p1a: Comfey|Comfey, M|100/100
|turn|15
|
|t:|1758274698
|switch|p2a: Ban Wogerpon|Amoonguss, F, shiny|100/100
|move|p1a: Comfey|Draining Kiss|p2a: Ban Wogerpon
|-resisted|p2a: Ban Wogerpon
|-damage|p2a: Ban Wogerpon|91/100
|
|-heal|p2a: Ban Wogerpon|97/100|[from] item: Leftovers
|upkeep
|turn|16
|
|t:|1758274707
|switch|p1a: Ninetales|Ninetales-Alola, M|52/100
|-weather|Snowscape|[from] ability: Snow Warning|[of] p1a: Ninetales
|switch|p2a: Ban me|Ogerpon-Wellspring, F|100/100
|
|-weather|Snowscape|[upkeep]
|upkeep
|turn|17
|
|t:|1758274716
|switch|p1a: Kyurem|Kyurem|25/100
|-ability|p1a: Kyurem|Pressure
|-terastallize|p2a: Ban me|Water
|detailschange|p2a: Ban me|Ogerpon-Wellspring-Tera, F, tera:Water
|-ability|p2a: Ban me|Embody Aspect (Wellspring)|boost
|-boost|p2a: Ban me|spd|1
|move|p2a: Ban me|Ivy Cudgel|p1a: Kyurem|[anim] Ivy Cudgel Water
|-resisted|p1a: Kyurem
|-damage|p1a: Kyurem|0 fnt
|faint|p1a: Kyurem
|
|-weather|Snowscape|[upkeep]
|upkeep
|
|t:|1758274724
|switch|p1a: Ninetales|Ninetales-Alola, M|52/100
|turn|18
|
|t:|1758274727
|-terastallize|p1a: Ninetales|Water
|move|p2a: Ban me|Ivy Cudgel|p1a: Ninetales|[anim] Ivy Cudgel Water
|-resisted|p1a: Ninetales
|-damage|p1a: Ninetales|6/100
|move|p1a: Ninetales|Aurora Veil|p1a: Ninetales
|-sidestart|p1: carloss prates|move: Aurora Veil
|
|-weather|Snowscape|[upkeep]
|upkeep
|turn|19
|
|t:|1758274731
|move|p2a: Ban me|U-turn|p1a: Ninetales
|-damage|p1a: Ninetales|0 fnt
|faint|p1a: Ninetales
|
|t:|1758274741
|switch|p2a: Ban Wogerpon|Amoonguss, F, shiny|100/100|[from] U-turn
|
|-weather|Snowscape|[upkeep]
|upkeep
|
|t:|1758274749
|switch|p1a: Polteageist|Polteageist|100/100
|turn|20
|
|t:|1758274752
|move|p1a: Polteageist|Shell Smash|p1a: Polteageist
|-unboost|p1a: Polteageist|def|1
|-unboost|p1a: Polteageist|spd|1
|-boost|p1a: Polteageist|atk|2
|-boost|p1a: Polteageist|spa|2
|-boost|p1a: Polteageist|spe|2
|-enditem|p1a: Polteageist|White Herb
|-clearnegativeboost|p1a: Polteageist|[silent]
|move|p2a: Ban Wogerpon|Toxic|p1a: Polteageist
|-status|p1a: Polteageist|tox
|
|-weather|none
|-damage|p1a: Polteageist|94/100 tox|[from] psn
|upkeep
|turn|21
|
|t:|1758274753
|switch|p2a: Ban Zamazenta|Ting-Lu|100/100
|-ability|p2a: Ban Zamazenta|Vessel of Ruin
|move|p1a: Polteageist|Shadow Ball|p2a: Ban Zamazenta
|-resisted|p2a: Ban Zamazenta
|-damage|p2a: Ban Zamazenta|85/100
|
|-heal|p2a: Ban Zamazenta|92/100|[from] item: Leftovers
|-damage|p1a: Polteageist|82/100 tox|[from] psn
|upkeep
|turn|22
|
|t:|1758274757
|move|p1a: Polteageist|Strength Sap|p2a: Ban Zamazenta
|-unboost|p2a: Ban Zamazenta|atk|1
|-heal|p1a: Polteageist|100/100 tox
|move|p2a: Ban Zamazenta|Payback|p1a: Polteageist
|-supereffective|p1a: Polteageist
|-damage|p1a: Polteageist|72/100 tox
|
|-heal|p2a: Ban Zamazenta|98/100|[from] item: Leftovers
|-damage|p1a: Polteageist|53/100 tox|[from] psn
|upkeep
|turn|23
|
|t:|1758274762
|move|p1a: Polteageist|Tera Blast|p2a: Ban Zamazenta
|-damage|p2a: Ban Zamazenta|79/100
|move|p2a: Ban Zamazenta|Payback|p1a: Polteageist
|-supereffective|p1a: Polteageist
|-damage|p1a: Polteageist|22/100 tox
|
|-heal|p2a: Ban Zamazenta|85/100|[from] item: Leftovers
|-damage|p1a: Polteageist|0 fnt|[from] psn
|faint|p1a: Polteageist
|upkeep
|
|t:|1758274766
|switch|p1a: Comfey|Comfey, M|100/100
|turn|24
|
|t:|1758274769
|switch|p2a: Ban Wogerpon|Amoonguss, F, shiny|100/100
|move|p1a: Comfey|Calm Mind|p1a: Comfey
|-boost|p1a: Comfey|spa|1
|-boost|p1a: Comfey|spd|1
|
|upkeep
|turn|25
|
|t:|1758274772
|move|p1a: Comfey|Calm Mind|p1a: Comfey
|-boost|p1a: Comfey|spa|1
|-boost|p1a: Comfey|spd|1
|move|p2a: Ban Wogerpon|Toxic|p1a: Comfey
|-status|p1a: Comfey|tox
|
|-damage|p1a: Comfey|94/100 tox|[from] psn
|-sideend|p1: carloss prates|move: Aurora Veil
|upkeep
|turn|26
|
|t:|1758274774
|move|p1a: Comfey|Calm Mind|p1a: Comfey
|-boost|p1a: Comfey|spa|1
|-boost|p1a: Comfey|spd|1
|move|p2a: Ban Wogerpon|Sludge Bomb|p1a: Comfey
|-supereffective|p1a: Comfey
|-damage|p1a: Comfey|70/100 tox
|
|-damage|p1a: Comfey|58/100 tox|[from] psn
|upkeep
|turn|27
|
|t:|1758274776
|move|p1a: Comfey|Stored Power|p2a: Ban Wogerpon
|-supereffective|p2a: Ban Wogerpon
|-damage|p2a: Ban Wogerpon|0 fnt
|faint|p2a: Ban Wogerpon
|
|-damage|p1a: Comfey|39/100 tox|[from] psn
|upkeep
|
|t:|1758274783
|switch|p2a: Ban me|Ogerpon-Wellspring-Tera, F, tera:Water|100/100
|-ability|p2a: Ban me|Embody Aspect (Wellspring)|boost
|-boost|p2a: Ban me|spd|1
|turn|28
|
|t:|1758274785
|move|p1a: Comfey|Draining Kiss|p2a: Ban me
|-damage|p2a: Ban me|57/100
|-heal|p1a: Comfey|71/100 tox|[from] drain|[of] p2a: Ban me
|move|p2a: Ban me|Ivy Cudgel|p1a: Comfey|[anim] Ivy Cudgel Water
|-damage|p1a: Comfey|0 fnt
|faint|p1a: Comfey
|
|win|Obito 2001
|raw|carloss prates's rating: 1673 &rarr; <strong>1657</strong><br />(-16 for losing)
|raw|Obito 2001's rating: 1749 &rarr; <strong>1765</strong><br />(+16 for winning)
|l|☆carloss prates
|player|p1|
