|j|☆berlozera
|j|☆annefrank67
|t:|1758295509
|gametype|singles
|player|p1|berlozera|101|1056
|player|p2|annefrank67|elesa|1000
|gen|9
|tier|[Gen 9] OU
|rated|
|rule|HP Percentage Mod: HP is shown in percentages
|rule|Endless Battle Clause: Forcing endless battles is banned
|rule|Species Clause: Limit one of each Pokémon
|rule|OHKO Clause: OHKO moves are banned
|rule|Evasion Items Clause: Evasion items are banned
|rule|Evasion Moves Clause: Evasion moves are banned
|rule|Evasion Abilities Clause: Evasion abilities are banned
|rule|Sleep Moves Clause: Sleep-inducing moves are banned
|clearpoke
|poke|p1|Ribombee, F|
|poke|p1|Cinderace, M|
|poke|p1|Serperior, F|
|poke|p1|Malamar, F|
|poke|p1|Enamorus, F|
|poke|p1|Lurantis, F|
|poke|p2|Weezing-Galar, F|
|poke|p2|Gholdengo|
|poke|p2|Gliscor, F|
|poke|p2|Araquanid, M|
|poke|p2|Zamazenta-*|
|poke|p2|Cinderace, M|
|teampreview
|
|t:|1758295522
|teamsize|p1|6
|teamsize|p2|6
|start
|switch|p1a: Ribombee|Ribombee, F, shiny|100/100
|switch|p2a: Gliscor|Gliscor, F, shiny|100/100
|turn|1
|
|t:|1758295530
|move|p1a: Ribombee|Sticky Web|p2a: Gliscor
|-sidestart|p2: annefrank67|move: Sticky Web
|move|p2a: Gliscor|Taunt|p1a: Ribombee
|-start|p1a: Ribombee|move: Taunt
|
|-status|p2a: Gliscor|tox|[from] item: Toxic Orb
|upkeep
|turn|2
|
|t:|1758295537
|move|p1a: Ribombee|U-turn|p2a: Gliscor
|-resisted|p2a: Gliscor
|-damage|p2a: Gliscor|93/100 tox
|
|t:|1758295540
|switch|p1a: Cinderace|Cinderace, M|100/100|[from] U-turn
|move|p2a: Gliscor|Crabhammer|p1a: Cinderace
|-supereffective|p1a: Cinderace
|-damage|p1a: Cinderace|36/100
|
|-heal|p2a: Gliscor|100/100 tox|[from] ability: Poison Heal
|upkeep
|turn|3
|
|t:|1758295549
|move|p1a: Cinderace|Court Change|p1a: Cinderace
|-swapsideconditions
|-activate|p1a: Cinderace|move: Court Change
|move|p2a: Gliscor|Crabhammer|p1a: Cinderace
|-supereffective|p1a: Cinderace
|-damage|p1a: Cinderace|0 fnt
|faint|p1a: Cinderace
|
|upkeep
|
|t:|1758295555
|switch|p1a: Serperior|Serperior, F|100/100
|-activate|p1a: Serperior|move: Sticky Web
|-boost|p1a: Serperior|spe|1
|turn|4
|
|t:|1758295577
|move|p1a: Serperior|Leaf Storm|p2a: Gliscor
|-damage|p2a: Gliscor|46/100 tox
|-boost|p1a: Serperior|spa|2
|move|p2a: Gliscor|Taunt|p1a: Serperior
|-start|p1a: Serperior|move: Taunt
|
|-heal|p2a: Gliscor|58/100 tox|[from] ability: Poison Heal
|upkeep
|turn|5
|
|t:|1758295588
|move|p1a: Serperior|Leaf Storm|p2a: Gliscor|[miss]
|-miss|p1a: Serperior|p2a: Gliscor
|move|p2a: Gliscor|Crabhammer|p1a: Serperior
|-resisted|p1a: Serperior
|-damage|p1a: Serperior|87/100
|
|-heal|p1a: Serperior|94/100|[from] item: Leftovers
|-heal|p2a: Gliscor|71/100 tox|[from] ability: Poison Heal
|upkeep
|turn|6
|
|t:|1758295597
|move|p1a: Serperior|Leaf Storm|p2a: Gliscor
|-crit|p2a: Gliscor
|-damage|p2a: Gliscor|0 fnt
|-boost|p1a: Serperior|spa|2
|faint|p2a: Gliscor
|
|-heal|p1a: Serperior|99/100|[from] item: Leftovers
|upkeep
|
|t:|1758295610
|switch|p2a: Cinderace|Cinderace, M|100/100
|turn|7
|
|t:|1758295615
|move|p1a: Serperior|Dragon Pulse|p2a: Cinderace
|-damage|p2a: Cinderace|20/100
|move|p2a: Cinderace|Pyro Ball|p1a: Serperior
|-supereffective|p1a: Serperior
|-damage|p1a: Serperior|0 fnt
|faint|p1a: Serperior
|
|upkeep
|
|t:|1758295621
|switch|p1a: Malamar|Malamar, F|100/100
|-activate|p1a: Malamar|move: Sticky Web
|-boost|p1a: Malamar|spe|1
|turn|8
|
|t:|1758295641
|switch|p2a: Araquanid|Araquanid, M, shiny|100/100
|move|p1a: Malamar|Liquidation|p2a: Araquanid
|-immune|p2a: Araquanid|[from] ability: Water Absorb
|
|upkeep
|turn|9
|
|t:|1758295652
|move|p1a: Malamar|Superpower|p2a: Araquanid
|-resisted|p2a: Araquanid
|-damage|p2a: Araquanid|83/100
|-boost|p1a: Malamar|atk|1
|-boost|p1a: Malamar|def|1
|move|p2a: Araquanid|Leech Life|p1a: Malamar
|-supereffective|p1a: Malamar
|-damage|p1a: Malamar|10/100
|-heal|p2a: Araquanid|100/100|[from] drain|[of] p1a: Malamar
|
|upkeep
|turn|10
|
|t:|1758295661
|move|p1a: Malamar|Psycho Cut|p2a: Araquanid
|-damage|p2a: Araquanid|51/100
|move|p2a: Araquanid|Leech Life|p1a: Malamar
|-supereffective|p1a: Malamar
|-damage|p1a: Malamar|0 fnt
|-heal|p2a: Araquanid|56/100|[from] drain|[of] p1a: Malamar
|faint|p1a: Malamar
|
|upkeep
|
|t:|1758295671
|switch|p1a: Lurantis|Lurantis, F|100/100
|-activate|p1a: Lurantis|move: Sticky Web
|-boost|p1a: Lurantis|spe|1
|turn|11
|
|t:|1758295677
|move|p1a: Lurantis|Knock Off|p2a: Araquanid
|-damage|p2a: Araquanid|24/100
|-enditem|p2a: Araquanid|Focus Sash|[from] move: Knock Off|[of] p1a: Lurantis
|move|p2a: Araquanid|Leech Life|p1a: Lurantis
|-supereffective|p1a: Lurantis
|-damage|p1a: Lurantis|29/100
|-heal|p2a: Araquanid|60/100|[from] drain|[of] p1a: Lurantis
|
|-heal|p1a: Lurantis|35/100|[from] item: Leftovers
|upkeep
|turn|12
|-message|berlozera forfeited.
|
|win|annefrank67
|raw|berlozera's rating: 1056 &rarr; <strong>1035</strong><br />(-21 for losing)
|raw|annefrank67's rating: 1000 &rarr; <strong>1046</strong><br />(+46 for winning)
|l|☆berlozera
|player|p1|
