|j|☆AskGandalf
|j|☆MassholeFlatlander
|t:|1758303749
|gametype|singles
|player|p1|AskGandalf|170|1060
|player|p2|MassholeFlatlander|hiker-gen4|1076
|gen|9
|tier|[Gen 9] OU
|rated|
|rule|HP Percentage Mod: HP is shown in percentages
|rule|Endless Battle Clause: Forcing endless battles is banned
|rule|Species Clause: Limit one of each Pokémon
|rule|OHKO Clause: OHKO moves are banned
|rule|Evasion Items Clause: Evasion items are banned
|rule|Evasion Moves Clause: Evasion moves are banned
|rule|Evasion Abilities Clause: Evasion abilities are banned
|rule|Sleep Moves Clause: Sleep-inducing moves are banned
|clearpoke
|poke|p1|Thundurus-Therian, M|
|poke|p1|Talonflame, M|
|poke|p1|Great Tusk|
|poke|p1|Toxapex, M|
|poke|p1|Cresselia, F|
|poke|p1|Weavile, M|
|poke|p2|Clodsire, M|
|poke|p2|Slugma, F|
|poke|p2|Dodrio, F|
|poke|p2|Wugtrio, M|
|poke|p2|Grumpig, F|
|poke|p2|Clawitzer, F|
|teampreview
|inactive|Battle timer is ON: inactive players will automatically lose when time's up. (requested by AskGandalf)
|
|t:|1758303758
|teamsize|p1|6
|teamsize|p2|6
|start
|switch|p1a: Cresselia|Cresselia, F|100/100
|switch|p2a: Frew Up|Clodsire, M|100/100
|turn|1
|
|t:|1758303769
|move|p1a: Cresselia|Reflect|p1a: Cresselia
|-sidestart|p1: AskGandalf|Reflect
|move|p2a: Frew Up|Toxic Spikes|p1a: Cresselia
|-sidestart|p1: AskGandalf|move: Toxic Spikes
|
|upkeep
|turn|2
|
|t:|1758303775
|move|p1a: Cresselia|Light Screen|p1a: Cresselia
|-sidestart|p1: AskGandalf|move: Light Screen
|move|p2a: Frew Up|Stealth Rock|p1a: Cresselia
|-sidestart|p1: AskGandalf|move: Stealth Rock
|
|upkeep
|turn|3
|
|t:|1758303804
|switch|p1a: Toxapex|Toxapex, M|100/100
|-sideend|p1: AskGandalf|move: Toxic Spikes|[of] p1a: Toxapex
|switch|p2a: Dave Blunts|Grumpig, F|100/100
|
|upkeep
|turn|4
|
|t:|1758303812
|move|p2a: Dave Blunts|Psychic|p1a: Toxapex
|-supereffective|p1a: Toxapex
|-damage|p1a: Toxapex|74/100
|move|p1a: Toxapex|Toxic|p2a: Dave Blunts
|-status|p2a: Dave Blunts|tox
|
|-damage|p2a: Dave Blunts|94/100 tox|[from] psn
|upkeep
|turn|5
|
|t:|1758303832
|move|p2a: Dave Blunts|Psychic|p1a: Toxapex
|-supereffective|p1a: Toxapex
|-damage|p1a: Toxapex|49/100
|move|p1a: Toxapex|Toxic Spikes|p2a: Dave Blunts
|-sidestart|p2: MassholeFlatlander|move: Toxic Spikes
|
|-damage|p2a: Dave Blunts|82/100 tox|[from] psn
|upkeep
|turn|6
|
|t:|1758303840
|move|p2a: Dave Blunts|Psychic|p1a: Toxapex
|-supereffective|p1a: Toxapex
|-damage|p1a: Toxapex|24/100
|move|p1a: Toxapex|Recover|p1a: Toxapex
|-heal|p1a: Toxapex|74/100
|
|-damage|p2a: Dave Blunts|64/100 tox|[from] psn
|upkeep
|turn|7
|
|t:|1758303856
|switch|p2a: Frew Up|Clodsire, M|100/100
|-sideend|p2: MassholeFlatlander|move: Toxic Spikes|[of] p2a: Frew Up
|move|p1a: Toxapex|Toxic Spikes|p2a: Frew Up
|-sidestart|p2: MassholeFlatlander|move: Toxic Spikes
|
|upkeep
|turn|8
|
|t:|1758303864
|move|p1a: Toxapex|Toxic Spikes|p2a: Frew Up
|-sidestart|p2: MassholeFlatlander|move: Toxic Spikes
|move|p2a: Frew Up|Earthquake|p1a: Toxapex
|-supereffective|p1a: Toxapex
|-damage|p1a: Toxapex|45/100
|
|-sideend|p1: AskGandalf|Reflect
|upkeep
|turn|9
|
|t:|1758303873
|move|p1a: Toxapex|Recover|p1a: Toxapex
|-heal|p1a: Toxapex|95/100
|move|p2a: Frew Up|Earthquake|p1a: Toxapex
|-supereffective|p1a: Toxapex
|-damage|p1a: Toxapex|29/100
|
|-sideend|p1: AskGandalf|move: Light Screen
|upkeep
|turn|10
|
|t:|1758303884
|switch|p1a: Talonflame|Talonflame, M|100/100
|move|p2a: Frew Up|Earthquake|p1a: Talonflame
|-immune|p1a: Talonflame
|
|upkeep
|turn|11
|
|t:|1758303891
|move|p1a: Talonflame|Will-O-Wisp|p2a: Frew Up
|-status|p2a: Frew Up|brn
|move|p2a: Frew Up|Gunk Shot|p1a: Talonflame
|-damage|p1a: Talonflame|78/100
|
|-damage|p2a: Frew Up|94/100 brn|[from] brn
|upkeep
|turn|12
|
|t:|1758303903
|switch|p1a: Great Tusk|Great Tusk|100/100
|move|p2a: Frew Up|Gunk Shot|p1a: Great Tusk
|-resisted|p1a: Great Tusk
|-damage|p1a: Great Tusk|92/100
|
|-damage|p2a: Frew Up|88/100 brn|[from] brn
|upkeep
|turn|13
|
|t:|1758303912
|switch|p2a: Dave Blunts|Grumpig, F|64/100 tox
|move|p1a: Great Tusk|Stealth Rock|p2a: Dave Blunts
|-sidestart|p2: MassholeFlatlander|move: Stealth Rock
|
|-damage|p2a: Dave Blunts|58/100 tox|[from] psn
|upkeep
|turn|14
|
|t:|1758303921
|move|p1a: Great Tusk|Rapid Spin|p2a: Dave Blunts
|-damage|p2a: Dave Blunts|36/100 tox
|-boost|p1a: Great Tusk|spe|1
|-sideend|p1: AskGandalf|Stealth Rock|[from] move: Rapid Spin|[of] p1a: Great Tusk
|move|p2a: Dave Blunts|Psychic|p1a: Great Tusk
|-supereffective|p1a: Great Tusk
|-damage|p1a: Great Tusk|0 fnt
|faint|p1a: Great Tusk
|-end|p1a: Great Tusk|Protosynthesis|[silent]
|
|-damage|p2a: Dave Blunts|24/100 tox|[from] psn
|upkeep
|
|t:|1758303925
|switch|p1a: Weavile|Weavile, M|100/100
|-ability|p1a: Weavile|Pressure
|turn|15
|
|t:|1758303935
|move|p1a: Weavile|Fake Out|p2a: Dave Blunts
|-damage|p2a: Dave Blunts|7/100 tox
|cant|p2a: Dave Blunts|flinch
|
|-damage|p2a: Dave Blunts|0 fnt|[from] psn
|faint|p2a: Dave Blunts
|upkeep
|
|t:|1758303943
|switch|p2a: Frew Up|Clodsire, M|88/100 brn
|-sideend|p2: MassholeFlatlander|move: Toxic Spikes|[of] p2a: Frew Up
|turn|16
|
|t:|1758303952
|move|p1a: Weavile|Knock Off|p2a: Frew Up
|-damage|p2a: Frew Up|45/100 brn
|-enditem|p2a: Frew Up|Heavy-Duty Boots|[from] move: Knock Off|[of] p1a: Weavile
|move|p2a: Frew Up|Toxic Spikes|p1a: Weavile
|-sidestart|p1: AskGandalf|move: Toxic Spikes
|
|-damage|p2a: Frew Up|38/100 brn|[from] brn
|upkeep
|turn|17
|
|t:|1758303961
|move|p1a: Weavile|Swords Dance|p1a: Weavile
|-boost|p1a: Weavile|atk|2
|move|p2a: Frew Up|Gunk Shot|p1a: Weavile
|-damage|p1a: Weavile|62/100
|
|-damage|p2a: Frew Up|32/100 brn|[from] brn
|upkeep
|turn|18
|
|t:|1758303969
|move|p1a: Weavile|Ice Shard|p2a: Frew Up
|-supereffective|p2a: Frew Up
|-damage|p2a: Frew Up|0 fnt
|faint|p2a: Frew Up
|
|upkeep
|
|t:|1758303975
|switch|p2a: Slugondeez|Slugma, F, shiny|100/100
|-damage|p2a: Slugondeez|75/100|[from] Stealth Rock
|turn|19
|
|t:|1758303993
|move|p1a: Weavile|Knock Off|p2a: Slugondeez
|-damage|p2a: Slugondeez|0 fnt
|-status|p1a: Weavile|brn|[from] ability: Flame Body|[of] p2a: Slugondeez
|-enditem|p2a: Slugondeez|Eviolite|[from] move: Knock Off|[of] p1a: Weavile
|faint|p2a: Slugondeez
|
|-damage|p1a: Weavile|56/100 brn|[from] brn
|upkeep
|
|t:|1758304002
|switch|p2a: Wuggles|Wugtrio, M|100/100
|-damage|p2a: Wuggles|88/100|[from] Stealth Rock
|turn|20
|
|t:|1758304009
|move|p1a: Weavile|Knock Off|p2a: Wuggles
|-damage|p2a: Wuggles|0 fnt
|-ability|p2a: Wuggles|Gooey
|-unboost|p1a: Weavile|spe|1
|-enditem|p2a: Wuggles|Choice Band|[from] move: Knock Off|[of] p1a: Weavile
|faint|p2a: Wuggles
|
|-damage|p1a: Weavile|50/100 brn|[from] brn
|upkeep
|
|t:|1758304022
|switch|p2a: Hypower|Clawitzer, F|100/100
|-damage|p2a: Hypower|88/100|[from] Stealth Rock
|turn|21
|
|t:|1758304029
|move|p1a: Weavile|Knock Off|p2a: Hypower
|-damage|p2a: Hypower|48/100
|-enditem|p2a: Hypower|Choice Specs|[from] move: Knock Off|[of] p1a: Weavile
|move|p2a: Hypower|Water Pulse|p1a: Weavile
|-damage|p1a: Weavile|0 fnt
|faint|p1a: Weavile
|
|upkeep
|
|t:|1758304032
|switch|p1a: Toxapex|Toxapex, M|63/100
|-sideend|p1: AskGandalf|move: Toxic Spikes|[of] p1a: Toxapex
|turn|22
|
|t:|1758304043
|move|p2a: Hypower|Dragon Pulse|p1a: Toxapex
|-damage|p1a: Toxapex|35/100
|move|p1a: Toxapex|Toxic|p2a: Hypower
|-status|p2a: Hypower|tox
|
|-damage|p2a: Hypower|42/100 tox|[from] psn
|upkeep
|turn|23
|
|t:|1758304052
|move|p2a: Hypower|Dragon Pulse|p1a: Toxapex
|-damage|p1a: Toxapex|9/100
|move|p1a: Toxapex|Recover|p1a: Toxapex
|-heal|p1a: Toxapex|60/100
|
|-damage|p2a: Hypower|30/100 tox|[from] psn
|upkeep
|turn|24
|-message|MassholeFlatlander forfeited.
|
|win|AskGandalf
|raw|AskGandalf's rating: 1060 &rarr; <strong>1092</strong><br />(+32 for winning)
|raw|MassholeFlatlander's rating: 1076 &rarr; <strong>1054</strong><br />(-22 for losing)
|l|☆MassholeFlatlander
|player|p2|
|l|☆AskGandalf
|player|p1|
