|j|☆maxwellsdemons
|j|☆MyXoo
|t:|1758369492
|gametype|singles
|player|p1|maxwellsdemons|169|1387
|player|p2|MyXoo|bea|1423
|gen|9
|tier|[Gen 9] OU
|rated|
|rule|HP Percentage Mod: HP is shown in percentages
|rule|Endless Battle Clause: Forcing endless battles is banned
|rule|Species Clause: Limit one of each Pokémon
|rule|OHKO Clause: OHKO moves are banned
|rule|Evasion Items Clause: Evasion items are banned
|rule|Evasion Moves Clause: Evasion moves are banned
|rule|Evasion Abilities Clause: Evasion abilities are banned
|rule|Sleep Moves Clause: Sleep-inducing moves are banned
|clearpoke
|poke|p1|Kingambit, F|
|poke|p1|Slowking, M|
|poke|p1|Moltres|
|poke|p1|Weezing-Galar, F|
|poke|p1|Toedscruel, M|
|poke|p1|Kyurem|
|poke|p2|Samurott-Hisui, M|
|poke|p2|Scizor, F|
|poke|p2|Dragapult, F|
|poke|p2|Kingambit, M|
|poke|p2|Landorus-Therian, M|
|poke|p2|Iron Valiant|
|teampreview
|
|t:|1758369510
|teamsize|p1|6
|teamsize|p2|6
|start
|switch|p1a: Moltres|Moltres|100/100
|switch|p2a: Samurott|Samurott-Hisui, M|100/100
|turn|1
|
|t:|1758369518
|switch|p1a: Weezing|Weezing-Galar, F|100/100
|-ability|p1a: Weezing|Neutralizing Gas
|move|p2a: Samurott|Ceaseless Edge|p1a: Weezing
|-resisted|p1a: Weezing
|-damage|p1a: Weezing|92/100
|-sidestart|p1: maxwellsdemons|Spikes
|
|-heal|p1a: Weezing|98/100|[from] item: Black Sludge
|upkeep
|turn|2
|
|t:|1758369532
|move|p2a: Samurott|Knock Off|p1a: Weezing
|-resisted|p1a: Weezing
|-damage|p1a: Weezing|84/100
|-enditem|p1a: Weezing|Black Sludge|[from] move: Knock Off|[of] p2a: Samurott
|move|p1a: Weezing|Toxic|p2a: Samurott
|-status|p2a: Samurott|tox
|
|-damage|p2a: Samurott|94/100 tox|[from] psn
|upkeep
|turn|3
|
|t:|1758369545
|move|p2a: Samurott|Ceaseless Edge|p1a: Weezing
|-resisted|p1a: Weezing
|-damage|p1a: Weezing|75/100
|-sidestart|p1: maxwellsdemons|Spikes
|move|p1a: Weezing|Defog|p2a: Samurott
|-unboost|p2a: Samurott|evasion|1
|-sideend|p1: maxwellsdemons|Spikes|[from] move: Defog|[of] p1a: Weezing
|
|-damage|p2a: Samurott|82/100 tox|[from] psn
|upkeep
|turn|4
|
|t:|1758369563
|switch|p2a: Scizor|Scizor, F|100/100
|move|p1a: Weezing|Sludge Bomb|p2a: Scizor
|-immune|p2a: Scizor
|
|upkeep
|turn|5
|
|t:|1758369574
|-end|p1a: Weezing|ability: Neutralizing Gas
|switch|p1a: Moltres|Moltres|100/100
|move|p2a: Scizor|Bullet Punch|p1a: Moltres
|-resisted|p1a: Moltres
|-damage|p1a: Moltres|84/100
|-damage|p2a: Scizor|91/100|[from] item: Life Orb
|
|upkeep
|turn|6
|
|t:|1758369590
|switch|p2a: Dragapult|Dragapult, F|100/100
|move|p1a: Moltres|U-turn|p2a: Dragapult
|-resisted|p2a: Dragapult
|-damage|p2a: Dragapult|90/100
|
|t:|1758369599
|switch|p1a: Toedscruel|Toedscruel, M|100/100|[from] U-turn
|
|upkeep
|turn|7
|
|t:|1758369617
|switch|p2a: Kingambit|Kingambit, M|100/100
|move|p1a: Toedscruel|Stun Spore|p2a: Kingambit
|-status|p2a: Kingambit|par
|
|upkeep
|turn|8
|
|t:|1758369625
|move|p1a: Toedscruel|Earth Power|p2a: Kingambit
|-supereffective|p2a: Kingambit
|-damage|p2a: Kingambit|49/100 par
|move|p2a: Kingambit|Swords Dance|p2a: Kingambit
|-boost|p2a: Kingambit|atk|2
|
|-heal|p2a: Kingambit|55/100 par|[from] item: Leftovers
|upkeep
|turn|9
|
|t:|1758369640
|switch|p1a: Moltres|Moltres|84/100
|cant|p2a: Kingambit|par
|
|-heal|p2a: Kingambit|61/100 par|[from] item: Leftovers
|upkeep
|turn|10
|
|t:|1758369666
|-end|p2a: Kingambit|fallenundefined|[silent]
|switch|p2a: Landorus|Landorus-Therian, M|100/100
|-ability|p2a: Landorus|Intimidate|boost
|-unboost|p1a: Moltres|atk|1
|move|p1a: Moltres|Flamethrower|p2a: Landorus
|-damage|p2a: Landorus|54/100
|
|upkeep
|turn|11
|
|t:|1758369680
|move|p2a: Landorus|Earthquake|p1a: Moltres
|-immune|p1a: Moltres
|move|p1a: Moltres|Flamethrower|p2a: Landorus
|-damage|p2a: Landorus|5/100
|
|upkeep
|turn|12
|
|t:|1758369696
|switch|p2a: Dragapult|Dragapult, F|90/100
|move|p1a: Moltres|U-turn|p2a: Dragapult
|-resisted|p2a: Dragapult
|-damage|p2a: Dragapult|84/100
|
|t:|1758369700
|switch|p1a: Toedscruel|Toedscruel, M|100/100|[from] U-turn
|
|upkeep
|turn|13
|
|t:|1758369706
|move|p2a: Dragapult|U-turn|p1a: Toedscruel
|-supereffective|p1a: Toedscruel
|-damage|p1a: Toedscruel|57/100
|
|t:|1758369713
|switch|p2a: Samurott|Samurott-Hisui, M|82/100 tox|[from] U-turn
|move|p1a: Toedscruel|Leech Seed|p2a: Samurott
|-start|p2a: Samurott|move: Leech Seed
|
|-heal|p1a: Toedscruel|63/100|[from] item: Leftovers
|-damage|p2a: Samurott|69/100 tox|[from] Leech Seed|[of] p1a: Toedscruel
|-heal|p1a: Toedscruel|74/100|[silent]
|-damage|p2a: Samurott|63/100 tox|[from] psn
|upkeep
|turn|14
|
|t:|1758369727
|move|p2a: Samurott|Ceaseless Edge|p1a: Toedscruel
|-damage|p1a: Toedscruel|14/100
|-sidestart|p1: maxwellsdemons|Spikes
|move|p1a: Toedscruel|Rapid Spin|p2a: Samurott
|-damage|p2a: Samurott|52/100 tox
|-boost|p1a: Toedscruel|spe|1
|-sideend|p1: maxwellsdemons|Spikes|[from] move: Rapid Spin|[of] p1a: Toedscruel
|
|-heal|p1a: Toedscruel|20/100|[from] item: Leftovers
|-damage|p2a: Samurott|40/100 tox|[from] Leech Seed|[of] p1a: Toedscruel
|-heal|p1a: Toedscruel|31/100|[silent]
|-damage|p2a: Samurott|27/100 tox|[from] psn
|upkeep
|turn|15
|
|t:|1758369740
|move|p1a: Toedscruel|Earth Power|p2a: Samurott
|-damage|p2a: Samurott|0 fnt
|faint|p2a: Samurott
|
|-heal|p1a: Toedscruel|37/100|[from] item: Leftovers
|upkeep
|
|t:|1758369751
|switch|p2a: Landorus|Landorus-Therian, M|5/100
|-ability|p2a: Landorus|Intimidate|boost
|-unboost|p1a: Toedscruel|atk|1
|turn|16
|
|t:|1758369756
|switch|p1a: Moltres|Moltres|84/100
|move|p2a: Landorus|Stone Edge|p1a: Moltres
|-supereffective|p1a: Moltres
|-damage|p1a: Moltres|0 fnt
|faint|p1a: Moltres
|
|upkeep
|
|t:|1758369765
|switch|p1a: Kingambit|Kingambit, F|100/100
|-activate|p1a: Kingambit|ability: Supreme Overlord
|-start|p1a: Kingambit|fallen1|[silent]
|turn|17
|
|t:|1758369793
|switch|p2a: Scizor|Scizor, F|91/100
|move|p1a: Kingambit|Swords Dance|p1a: Kingambit
|-boost|p1a: Kingambit|atk|2
|
|upkeep
|turn|18
|
|t:|1758369801
|-end|p1a: Kingambit|fallen1|[silent]
|switch|p1a: Weezing|Weezing-Galar, F|75/100
|-ability|p1a: Weezing|Neutralizing Gas
|move|p2a: Scizor|Close Combat|p1a: Weezing
|-resisted|p1a: Weezing
|-damage|p1a: Weezing|66/100
|-unboost|p2a: Scizor|def|1
|-unboost|p2a: Scizor|spd|1
|-damage|p2a: Scizor|81/100|[from] item: Life Orb
|
|upkeep
|turn|19
|
|t:|1758369813
|-end|p1a: Weezing|ability: Neutralizing Gas
|switch|p1a: Toedscruel|Toedscruel, M|37/100
|move|p2a: Scizor|Bullet Punch|p1a: Toedscruel
|-damage|p1a: Toedscruel|0 fnt
|faint|p1a: Toedscruel
|-damage|p2a: Scizor|71/100|[from] item: Life Orb
|
|upkeep
|
|t:|1758369821
|switch|p1a: Slowking|Slowking, M|100/100
|turn|20
|
|t:|1758369830
|switch|p1a: Weezing|Weezing-Galar, F|66/100
|-ability|p1a: Weezing|Neutralizing Gas
|move|p2a: Scizor|Knock Off|p1a: Weezing
|-resisted|p1a: Weezing
|-damage|p1a: Weezing|55/100
|-damage|p2a: Scizor|61/100|[from] item: Life Orb
|
|upkeep
|turn|21
|
|t:|1758369864
|move|p2a: Scizor|Swords Dance|p2a: Scizor
|-boost|p2a: Scizor|atk|2
|move|p1a: Weezing|Pain Split|p2a: Scizor
|-sethp|p2a: Scizor|62/100|[from] move: Pain Split|[silent]
|-sethp|p1a: Weezing|54/100|[from] move: Pain Split
|
|upkeep
|turn|22
|
|t:|1758369881
|-end|p1a: Weezing|ability: Neutralizing Gas
|switch|p1a: Slowking|Slowking, M|100/100
|move|p2a: Scizor|Knock Off|p1a: Slowking
|-supereffective|p1a: Slowking
|-damage|p1a: Slowking|0 fnt
|-enditem|p1a: Slowking|Leftovers|[from] move: Knock Off|[of] p2a: Scizor
|faint|p1a: Slowking
|-damage|p2a: Scizor|52/100|[from] item: Life Orb
|
|upkeep
|
|t:|1758369883
|switch|p1a: Kingambit|Kingambit, F|100/100
|-activate|p1a: Kingambit|ability: Supreme Overlord
|-start|p1a: Kingambit|fallen3|[silent]
|turn|23
|
|t:|1758369892
|-terastallize|p1a: Kingambit|Ghost
|move|p2a: Scizor|Close Combat|p1a: Kingambit
|-immune|p1a: Kingambit
|move|p1a: Kingambit|Swords Dance|p1a: Kingambit
|-boost|p1a: Kingambit|atk|2
|
|upkeep
|turn|24
|
|t:|1758369900
|move|p1a: Kingambit|Sucker Punch|p2a: Scizor
|-damage|p2a: Scizor|0 fnt
|faint|p2a: Scizor
|
|upkeep
|
|t:|1758369913
|switch|p2a: Kingambit|Kingambit, M|61/100 par
|-activate|p2a: Kingambit|ability: Supreme Overlord
|-start|p2a: Kingambit|fallen2|[silent]
|turn|25
|
|t:|1758369927
|move|p1a: Kingambit|Sucker Punch||[still]
|-fail|p1a: Kingambit
|move|p2a: Kingambit|Swords Dance|p2a: Kingambit
|-boost|p2a: Kingambit|atk|2
|
|-heal|p2a: Kingambit|67/100 par|[from] item: Leftovers
|upkeep
|turn|26
|
|t:|1758369939
|move|p1a: Kingambit|Sucker Punch||[still]
|-fail|p1a: Kingambit
|move|p2a: Kingambit|Swords Dance|p2a: Kingambit
|-boost|p2a: Kingambit|atk|2
|
|-heal|p2a: Kingambit|73/100 par|[from] item: Leftovers
|upkeep
|turn|27
|
|t:|1758369947
|move|p1a: Kingambit|Kowtow Cleave|p2a: Kingambit
|-resisted|p2a: Kingambit
|-damage|p2a: Kingambit|26/100 par
|move|p2a: Kingambit|Kowtow Cleave|p1a: Kingambit
|-supereffective|p1a: Kingambit
|-damage|p1a: Kingambit|0 fnt
|faint|p1a: Kingambit
|-end|p1a: Kingambit|fallen3|[silent]
|
|-heal|p2a: Kingambit|32/100 par|[from] item: Leftovers
|upkeep
|-message|maxwellsdemons forfeited.
|
|win|MyXoo
|raw|maxwellsdemons's rating: 1387 &rarr; <strong>1369</strong><br />(-18 for losing)
|raw|MyXoo's rating: 1423 &rarr; <strong>1441</strong><br />(+18 for winning)
|l|☆maxwellsdemons
|player|p1|
|l|☆MyXoo
|player|p2|
