|j|☆logiemerald
|j|☆Leuloch
|t:|1758303045
|gametype|singles
|player|p1|logiemerald|acetrainerf-gen4|1329
|player|p2|Leuloch|dragontamer|1296
|gen|9
|tier|[Gen 9] OU
|rated|
|rule|HP Percentage Mod: HP is shown in percentages
|rule|Endless Battle Clause: Forcing endless battles is banned
|rule|Species Clause: Limit one of each Pokémon
|rule|OHKO Clause: OHKO moves are banned
|rule|Evasion Items Clause: Evasion items are banned
|rule|Evasion Moves Clause: Evasion moves are banned
|rule|Evasion Abilities Clause: Evasion abilities are banned
|rule|Sleep Moves Clause: Sleep-inducing moves are banned
|clearpoke
|poke|p1|Torterra, F|
|poke|p1|Grimmsnarl, M|
|poke|p1|Iron Moth|
|poke|p1|Maushold|
|poke|p1|Raging Bolt|
|poke|p1|Scizor, M|
|poke|p2|Skeledirge, M|
|poke|p2|Clodsire, M|
|poke|p2|Thundurus-Therian, M|
|poke|p2|Walking Wake|
|poke|p2|Rillaboom, M|
|poke|p2|Ambipom, M|
|teampreview
|inactive|Battle timer is ON: inactive players will automatically lose when time's up. (requested by Leuloch)
|
|t:|1758303052
|teamsize|p1|6
|teamsize|p2|6
|start
|switch|p1a: Grimmsnarl|Grimmsnarl, M|100/100
|switch|p2a: Ambipom|Ambipom, M, shiny|100/100
|turn|1
|
|t:|1758303060
|move|p2a: Ambipom|Fake Out|p1a: Grimmsnarl
|-damage|p1a: Grimmsnarl|55/100
|-damage|p2a: Ambipom|91/100|[from] item: Life Orb
|cant|p1a: Grimmsnarl|flinch
|
|upkeep
|turn|2
|
|t:|1758303068
|move|p1a: Grimmsnarl|Reflect|p1a: Grimmsnarl
|-sidestart|p1: logiemerald|Reflect
|move|p2a: Ambipom|U-turn|p1a: Grimmsnarl
|-damage|p1a: Grimmsnarl|36/100
|-damage|p2a: Ambipom|81/100|[from] item: Life Orb
|
|t:|1758303074
|switch|p2a: Skeledirge|Skeledirge, M, shiny|100/100|[from] U-turn
|
|upkeep
|turn|3
|
|t:|1758303101
|move|p1a: Grimmsnarl|Light Screen|p1a: Grimmsnarl
|-sidestart|p1: logiemerald|move: Light Screen
|move|p2a: Skeledirge|Torch Song|p1a: Grimmsnarl
|-damage|p1a: Grimmsnarl|25/100
|-boost|p2a: Skeledirge|spa|1
|
|upkeep
|turn|4
|
|t:|1758303108
|move|p1a: Grimmsnarl|Parting Shot|p2a: Skeledirge
|-unboost|p2a: Skeledirge|atk|1
|-unboost|p2a: Skeledirge|spa|1
|
|t:|1758303118
|switch|p1a: Raging Bolt|Raging Bolt|100/100|[from] Parting Shot
|-enditem|p1a: Raging Bolt|Booster Energy
|-activate|p1a: Raging Bolt|ability: Protosynthesis|[fromitem]
|-start|p1a: Raging Bolt|protosynthesisspa
|move|p2a: Skeledirge|Torch Song|p1a: Raging Bolt
|-resisted|p1a: Raging Bolt
|-damage|p1a: Raging Bolt|94/100
|-boost|p2a: Skeledirge|spa|1
|
|upkeep
|turn|5
|
|t:|1758303124
|switch|p2a: Clodsire|Clodsire, M, shiny|100/100
|move|p1a: Raging Bolt|Dragon Pulse|p2a: Clodsire
|-damage|p2a: Clodsire|67/100
|
|-heal|p2a: Clodsire|73/100|[from] item: Black Sludge
|upkeep
|turn|6
|
|t:|1758303146
|move|p1a: Raging Bolt|Dragon Pulse|p2a: Clodsire
|-damage|p2a: Clodsire|37/100
|move|p2a: Clodsire|Toxic|p1a: Raging Bolt
|-status|p1a: Raging Bolt|tox
|
|-heal|p2a: Clodsire|43/100|[from] item: Black Sludge
|-damage|p1a: Raging Bolt|88/100 tox|[from] psn
|upkeep
|turn|7
|
|t:|1758303151
|move|p1a: Raging Bolt|Dragon Pulse|p2a: Clodsire
|-damage|p2a: Clodsire|10/100
|move|p2a: Clodsire|Recover|p2a: Clodsire
|-heal|p2a: Clodsire|60/100
|
|-heal|p2a: Clodsire|67/100|[from] item: Black Sludge
|-damage|p1a: Raging Bolt|76/100 tox|[from] psn
|upkeep
|turn|8
|inactive|logiemerald has 120 seconds left.
|
|t:|1758303177
|-end|p1a: Raging Bolt|Protosynthesis|[silent]
|switch|p1a: Maushold|Maushold|100/100
|move|p2a: Clodsire|Recover|p2a: Clodsire
|-heal|p2a: Clodsire|100/100
|
|upkeep
|turn|9
|
|t:|1758303184
|switch|p2a: Skeledirge|Skeledirge, M, shiny|100/100
|move|p1a: Maushold|Population Bomb|p2a: Skeledirge
|-immune|p2a: Skeledirge
|
|-sideend|p1: logiemerald|Reflect
|upkeep
|turn|10
|
|t:|1758303192
|move|p1a: Maushold|Bite|p2a: Skeledirge
|-supereffective|p2a: Skeledirge
|-damage|p2a: Skeledirge|74/100
|move|p2a: Skeledirge|Will-O-Wisp|p1a: Maushold
|-status|p1a: Maushold|brn
|
|-heal|p2a: Skeledirge|80/100|[from] item: Leftovers
|-damage|p1a: Maushold|94/100 brn|[from] brn
|-sideend|p1: logiemerald|move: Light Screen
|upkeep
|turn|11
|inactive|logiemerald has 120 seconds left.
|
|t:|1758303239
|move|p1a: Maushold|Encore|p2a: Skeledirge
|-start|p2a: Skeledirge|Encore
|move|p2a: Skeledirge|Will-O-Wisp|p1a: Maushold
|-fail|p1a: Maushold|brn
|
|-heal|p2a: Skeledirge|86/100|[from] item: Leftovers
|-damage|p1a: Maushold|88/100 brn|[from] brn
|upkeep
|turn|12
|inactive|logiemerald has 90 seconds left.
|
|t:|1758303257
|switch|p1a: Raging Bolt|Raging Bolt|76/100 tox
|switch|p2a: Walking Wake|Walking Wake|100/100
|-enditem|p2a: Walking Wake|Booster Energy
|-activate|p2a: Walking Wake|ability: Protosynthesis|[fromitem]
|-start|p2a: Walking Wake|protosynthesisspe
|
|-damage|p1a: Raging Bolt|70/100 tox|[from] psn
|upkeep
|turn|13
|inactive|logiemerald has 90 seconds left.
|
|t:|1758303269
|move|p1a: Raging Bolt|Thunderclap|p2a: Walking Wake
|-damage|p2a: Walking Wake|52/100
|move|p2a: Walking Wake|Draco Meteor|p1a: Raging Bolt|[miss]
|-miss|p2a: Walking Wake|p1a: Raging Bolt
|
|-damage|p1a: Raging Bolt|58/100 tox|[from] psn
|upkeep
|turn|14
|
|t:|1758303277
|-end|p1a: Raging Bolt|Protosynthesis|[silent]
|switch|p1a: Grimmsnarl|Grimmsnarl, M|25/100
|move|p2a: Walking Wake|Draco Meteor|p1a: Grimmsnarl
|-immune|p1a: Grimmsnarl
|
|upkeep
|turn|15
|
|t:|1758303282
|move|p1a: Grimmsnarl|Light Screen|p1a: Grimmsnarl
|-sidestart|p1: logiemerald|move: Light Screen
|move|p2a: Walking Wake|Hydro Steam|p1a: Grimmsnarl
|-damage|p1a: Grimmsnarl|10/100
|
|upkeep
|turn|16
|
|t:|1758303287
|move|p1a: Grimmsnarl|Parting Shot|p2a: Walking Wake
|-unboost|p2a: Walking Wake|atk|1
|-unboost|p2a: Walking Wake|spa|1
|
|t:|1758303302
|switch|p1a: Torterra|Torterra, F|100/100|[from] Parting Shot
|move|p2a: Walking Wake|Hydro Steam|p1a: Torterra
|-damage|p1a: Torterra|85/100
|
|upkeep
|turn|17
|
|t:|1758303320
|move|p2a: Walking Wake|Flamethrower|p1a: Torterra
|-supereffective|p1a: Torterra
|-damage|p1a: Torterra|62/100
|move|p1a: Torterra|Shell Smash|p1a: Torterra
|-unboost|p1a: Torterra|def|1
|-unboost|p1a: Torterra|spd|1
|-boost|p1a: Torterra|atk|2
|-boost|p1a: Torterra|spa|2
|-boost|p1a: Torterra|spe|2
|
|upkeep
|turn|18
|
|t:|1758303331
|move|p2a: Walking Wake|Flamethrower|p1a: Torterra
|-supereffective|p1a: Torterra
|-damage|p1a: Torterra|23/100
|move|p1a: Torterra|Bullet Seed|p2a: Walking Wake
|-damage|p2a: Walking Wake|17/100
|-damage|p2a: Walking Wake|0 fnt
|faint|p2a: Walking Wake
|-end|p2a: Walking Wake|Protosynthesis|[silent]
|-hitcount|p2: Walking Wake|2
|
|upkeep
|
|t:|1758303352
|switch|p2a: Skeledirge|Skeledirge, M, shiny|86/100
|turn|19
|
|t:|1758303365
|move|p1a: Torterra|Headlong Rush|p2a: Skeledirge
|-supereffective|p2a: Skeledirge
|-damage|p2a: Skeledirge|21/100
|-unboost|p1a: Torterra|def|1
|-unboost|p1a: Torterra|spd|1
|move|p2a: Skeledirge|Torch Song|p1a: Torterra
|-supereffective|p1a: Torterra
|-damage|p1a: Torterra|0 fnt
|-boost|p2a: Skeledirge|spa|1
|faint|p1a: Torterra
|
|-heal|p2a: Skeledirge|27/100|[from] item: Leftovers
|upkeep
|inactive|logiemerald has 90 seconds left.
|
|t:|1758303403
|switch|p1a: Scizor|Scizor, M|100/100
|turn|20
|
|t:|1758303407
|move|p1a: Scizor|Knock Off|p2a: Skeledirge
|-supereffective|p2a: Skeledirge
|-damage|p2a: Skeledirge|0 fnt
|-enditem|p2a: Skeledirge|Leftovers|[from] move: Knock Off|[of] p1a: Scizor
|faint|p2a: Skeledirge
|-damage|p1a: Scizor|91/100|[from] item: Life Orb
|
|upkeep
|
|t:|1758303415
|switch|p2a: Ambipom|Ambipom, M, shiny|81/100
|turn|21
|inactive|logiemerald has 90 seconds left.
|inactive|logiemerald has 60 seconds left.
|
|t:|1758303470
|switch|p1a: Raging Bolt|Raging Bolt|58/100 tox
|move|p2a: Ambipom|Fake Out|p1a: Raging Bolt
|-damage|p1a: Raging Bolt|27/100 tox
|-damage|p2a: Ambipom|71/100|[from] item: Life Orb
|
|-damage|p1a: Raging Bolt|21/100 tox|[from] psn
|upkeep
|turn|22
|
|t:|1758303484
|move|p2a: Ambipom|Triple Axel|p1a: Raging Bolt|[miss]
|-miss|p2a: Ambipom|p1a: Raging Bolt
|move|p1a: Raging Bolt|Dragon Pulse|p2a: Ambipom
|-damage|p2a: Ambipom|0 fnt
|faint|p2a: Ambipom
|
|-damage|p1a: Raging Bolt|8/100 tox|[from] psn
|-sideend|p1: logiemerald|move: Light Screen
|upkeep
|
|t:|1758303498
|switch|p2a: Thundurus|Thundurus-Therian, M|100/100
|turn|23
|
|t:|1758303502
|move|p2a: Thundurus|Volt Switch|p1a: Raging Bolt
|-resisted|p1a: Raging Bolt
|-damage|p1a: Raging Bolt|0 fnt
|faint|p1a: Raging Bolt
|-end|p1a: Raging Bolt|Protosynthesis|[silent]
|
|t:|1758303512
|switch|p2a: Rillaboom|Rillaboom, M, shiny|100/100|[from] Volt Switch
|-fieldstart|move: Grassy Terrain|[from] ability: Grassy Surge|[of] p2a: Rillaboom
|
|upkeep
|
|t:|1758303534
|switch|p1a: Grimmsnarl|Grimmsnarl, M|10/100
|turn|24
|
|t:|1758303542
|move|p1a: Grimmsnarl|Reflect|p1a: Grimmsnarl
|-sidestart|p1: logiemerald|Reflect
|move|p2a: Rillaboom|Drum Beating|p1a: Grimmsnarl
|-damage|p1a: Grimmsnarl|0 fnt
|faint|p1a: Grimmsnarl
|
|upkeep
|inactive|logiemerald has 60 seconds left.
|
|t:|1758303568
|switch|p1a: Scizor|Scizor, M|91/100
|turn|25
|
|t:|1758303584
|switch|p2a: Thundurus|Thundurus-Therian, M|100/100
|move|p1a: Scizor|Swords Dance|p1a: Scizor
|-boost|p1a: Scizor|atk|2
|
|-heal|p1a: Scizor|97/100|[from] Grassy Terrain
|upkeep
|turn|26
|inactive|logiemerald has 60 seconds left.
|
|t:|1758303613
|-terastallize|p1a: Scizor|Electric
|move|p2a: Thundurus|Focus Blast|p1a: Scizor
|-damage|p1a: Scizor|30/100
|move|p1a: Scizor|Knock Off|p2a: Thundurus
|-damage|p2a: Thundurus|0 fnt
|-enditem|p2a: Thundurus|Choice Scarf|[from] move: Knock Off|[of] p1a: Scizor
|faint|p2a: Thundurus
|-damage|p1a: Scizor|20/100|[from] item: Life Orb
|
|-heal|p1a: Scizor|26/100|[from] Grassy Terrain
|upkeep
|
|t:|1758303625
|switch|p2a: Rillaboom|Rillaboom, M, shiny|100/100
|turn|27
|inactive|logiemerald has 60 seconds left.
|
|t:|1758303636
|move|p1a: Scizor|Bullet Punch|p2a: Rillaboom
|-damage|p2a: Rillaboom|10/100
|-damage|p1a: Scizor|17/100|[from] item: Life Orb
|move|p2a: Rillaboom|Knock Off|p1a: Scizor
|-damage|p1a: Scizor|0 fnt
|-enditem|p1a: Scizor|Life Orb|[from] move: Knock Off|[of] p2a: Rillaboom
|faint|p1a: Scizor
|
|-heal|p2a: Rillaboom|16/100|[from] Grassy Terrain
|-fieldend|move: Grassy Terrain
|upkeep
|
|t:|1758303650
|switch|p1a: Maushold|Maushold|88/100 brn
|turn|28
|
|t:|1758303661
|move|p1a: Maushold|Population Bomb|p2a: Rillaboom
|-damage|p2a: Rillaboom|10/100
|-damage|p2a: Rillaboom|4/100
|-damage|p2a: Rillaboom|0 fnt
|faint|p2a: Rillaboom
|-hitcount|p2: Rillaboom|3
|
|-damage|p1a: Maushold|82/100 brn|[from] brn
|upkeep
|
|t:|1758303673
|switch|p2a: Clodsire|Clodsire, M, shiny|100/100
|turn|29
|
|t:|1758303677
|move|p1a: Maushold|Population Bomb|p2a: Clodsire
|-damage|p2a: Clodsire|94/100
|-damage|p2a: Clodsire|88/100
|-damage|p2a: Clodsire|83/100
|-damage|p2a: Clodsire|76/100
|-damage|p2a: Clodsire|70/100
|-damage|p2a: Clodsire|63/100
|-damage|p2a: Clodsire|57/100
|-damage|p2a: Clodsire|52/100
|-damage|p2a: Clodsire|45/100
|-damage|p2a: Clodsire|39/100
|-hitcount|p2a: Clodsire|10
|move|p2a: Clodsire|Earthquake|p1a: Maushold
|-damage|p1a: Maushold|59/100 brn
|
|-heal|p2a: Clodsire|45/100|[from] item: Black Sludge
|-damage|p1a: Maushold|53/100 brn|[from] brn
|upkeep
|turn|30
|
|t:|1758303686
|move|p1a: Maushold|Encore|p2a: Clodsire
|-start|p2a: Clodsire|Encore
|move|p2a: Clodsire|Earthquake|p1a: Maushold
|-damage|p1a: Maushold|32/100 brn
|
|-heal|p2a: Clodsire|52/100|[from] item: Black Sludge
|-damage|p1a: Maushold|26/100 brn|[from] brn
|upkeep
|turn|31
|
|t:|1758303691
|-terastallize|p2a: Clodsire|Steel
|move|p1a: Maushold|Population Bomb|p2a: Clodsire
|-resisted|p2a: Clodsire
|-damage|p2a: Clodsire|49/100
|-resisted|p2a: Clodsire
|-damage|p2a: Clodsire|46/100
|-resisted|p2a: Clodsire
|-damage|p2a: Clodsire|42/100
|-resisted|p2a: Clodsire
|-damage|p2a: Clodsire|40/100
|-resisted|p2a: Clodsire
|-damage|p2a: Clodsire|36/100
|-resisted|p2a: Clodsire
|-damage|p2a: Clodsire|33/100
|-resisted|p2a: Clodsire
|-damage|p2a: Clodsire|31/100
|-resisted|p2a: Clodsire
|-damage|p2a: Clodsire|28/100
|-resisted|p2a: Clodsire
|-damage|p2a: Clodsire|24/100
|-resisted|p2a: Clodsire
|-damage|p2a: Clodsire|21/100
|-hitcount|p2a: Clodsire|10
|move|p2a: Clodsire|Earthquake|p1a: Maushold
|-crit|p1a: Maushold
|-damage|p1a: Maushold|0 fnt
|faint|p1a: Maushold
|
|-damage|p2a: Clodsire|9/100|[from] item: Black Sludge
|-sideend|p1: logiemerald|Reflect
|upkeep
|
|t:|1758303696
|switch|p1a: Iron Moth|Iron Moth|100/100
|-enditem|p1a: Iron Moth|Booster Energy
|-activate|p1a: Iron Moth|ability: Quark Drive|[fromitem]
|-start|p1a: Iron Moth|quarkdrivespe
|turn|32
|
|t:|1758303724
|move|p1a: Iron Moth|Fiery Dance|p2a: Clodsire
|-supereffective|p2a: Clodsire
|-damage|p2a: Clodsire|0 fnt
|-boost|p1a: Iron Moth|spa|1
|faint|p2a: Clodsire
|
|win|logiemerald
|raw|logiemerald's rating: 1329 &rarr; <strong>1347</strong><br />(+18 for winning)
|raw|Leuloch's rating: 1296 &rarr; <strong>1273</strong><br />(-23 for losing)
|l|☆Leuloch
|player|p2|
