|j|☆Mr.X&Y97
|j|☆CaylieGetsAngy
|t:|1758320190
|gametype|singles
|player|p1|Mr.X&Y97|ingo|1646
|player|p2|CaylieGetsAngy|170|1634
|gen|9
|tier|[Gen 9] OU
|rated|
|rule|HP Percentage Mod: HP is shown in percentages
|rule|Endless Battle Clause: Forcing endless battles is banned
|rule|Species Clause: Limit one of each Pokémon
|rule|OHKO Clause: OHKO moves are banned
|rule|Evasion Items Clause: Evasion items are banned
|rule|Evasion Moves Clause: Evasion moves are banned
|rule|Evasion Abilities Clause: Evasion abilities are banned
|rule|Sleep Moves Clause: Sleep-inducing moves are banned
|clearpoke
|poke|p1|Slowking-Galar, M|
|poke|p1|Kyurem|
|poke|p1|Weezing-Galar, F|
|poke|p1|Zamazenta-*|
|poke|p1|Ursaluna, M|
|poke|p1|Iron Crown|
|poke|p2|Alomomola, F|
|poke|p2|Lokix, M|
|poke|p2|Toxicroak, F|
|poke|p2|Gliscor, F|
|poke|p2|Slowking-Galar, M|
|poke|p2|Great Tusk|
|teampreview
|inactive|Battle timer is ON: inactive players will automatically lose when time's up. (requested by CaylieGetsAngy)
|inactive|Mr.X&Y97 also wants the timer to be on.
|
|t:|1758320209
|teamsize|p1|6
|teamsize|p2|6
|start
|switch|p1a: Weezing|Weezing-Galar, F|100/100
|switch|p2a: Lokix|Lokix, M|100/100
|-ability|p1a: Weezing|Neutralizing Gas
|turn|1
|
|t:|1758320211
|move|p2a: Lokix|U-turn|p1a: Weezing
|-resisted|p1a: Weezing
|-damage|p1a: Weezing|92/100
|
|t:|1758320213
|switch|p2a: Slowking|Slowking-Galar, M|100/100|[from] U-turn
|move|p1a: Weezing|Will-O-Wisp|p2a: Slowking
|-status|p2a: Slowking|brn
|
|-damage|p2a: Slowking|94/100 brn|[from] brn
|upkeep
|turn|2
|j| KappaHalo
|
|t:|1758320222
|-end|p1a: Weezing|ability: Neutralizing Gas
|switch|p1a: Iron Crown|Iron Crown|100/100
|move|p2a: Slowking|Ice Beam|p1a: Iron Crown
|-resisted|p1a: Iron Crown
|-damage|p1a: Iron Crown|91/100
|
|-damage|p2a: Slowking|88/100 brn|[from] brn
|upkeep
|turn|3
|
|t:|1758320230
|move|p1a: Iron Crown|Volt Switch|p2a: Slowking
|-damage|p2a: Slowking|77/100 brn
|
|t:|1758320240
|-end|p1a: Iron Crown|Quark Drive|[silent]
|switch|p1a: Slowking|Slowking-Galar, M|100/100|[from] Volt Switch
|move|p2a: Slowking|Flamethrower|p1a: Slowking
|-damage|p1a: Slowking|84/100
|
|-damage|p2a: Slowking|71/100 brn|[from] brn
|upkeep
|turn|4
|
|t:|1758320246
|switch|p2a: Gliscor|Gliscor, F|100/100
|-prepare|p1a: Slowking|Chilly Reception|[premajor]
|move|p1a: Slowking|Chilly Reception|p1a: Slowking
|-weather|Snowscape
|
|t:|1758320248
|switch|p1a: Weezing|Weezing-Galar, F|92/100|[from] Chilly Reception
|-ability|p1a: Weezing|Neutralizing Gas
|
|-weather|Snowscape|[upkeep]
|-status|p2a: Gliscor|tox|[from] item: Toxic Orb
|upkeep
|turn|5
|
|t:|1758320253
|move|p2a: Gliscor|Knock Off|p1a: Weezing
|-resisted|p1a: Weezing
|-damage|p1a: Weezing|85/100
|-enditem|p1a: Weezing|Heavy-Duty Boots|[from] move: Knock Off|[of] p2a: Gliscor
|move|p1a: Weezing|Sludge Bomb|p2a: Gliscor
|-resisted|p2a: Gliscor
|-crit|p2a: Gliscor
|-damage|p2a: Gliscor|81/100 tox
|
|-weather|Snowscape|[upkeep]
|-damage|p2a: Gliscor|75/100 tox|[from] psn
|upkeep
|turn|6
|
|t:|1758320261
|switch|p2a: Slowking|Slowking-Galar, M|100/100 brn
|move|p1a: Weezing|Will-O-Wisp|p2a: Slowking
|-fail|p2a: Slowking|brn
|
|-weather|Snowscape|[upkeep]
|-damage|p2a: Slowking|94/100 brn|[from] brn
|upkeep
|turn|7
|
|t:|1758320273
|-end|p1a: Weezing|ability: Neutralizing Gas
|switch|p1a: Slowking|Slowking-Galar, M|100/100
|move|p2a: Slowking|Ice Beam|p1a: Slowking
|-damage|p1a: Slowking|84/100
|
|-weather|Snowscape|[upkeep]
|-damage|p2a: Slowking|88/100 brn|[from] brn
|upkeep
|turn|8
|
|t:|1758320277
|move|p2a: Slowking|Psychic Noise|p1a: Slowking
|-damage|p1a: Slowking|66/100
|-start|p1a: Slowking|move: Heal Block
|move|p1a: Slowking|Trick Room|p1a: Slowking
|-fieldstart|move: Trick Room|[of] p1a: Slowking
|
|-weather|none
|-damage|p2a: Slowking|82/100 brn|[from] brn
|upkeep
|turn|9
|
|t:|1758320282
|-prepare|p1a: Slowking|Chilly Reception|[premajor]
|move|p1a: Slowking|Chilly Reception|p1a: Slowking
|-weather|Snowscape
|
|t:|1758320299
|switch|p1a: Kyurem|Kyurem|100/100|[from] Chilly Reception
|-ability|p1a: Kyurem|Pressure
|move|p2a: Slowking|Psychic Noise|p1a: Kyurem
|-damage|p1a: Kyurem|66/100
|-start|p1a: Kyurem|move: Heal Block
|
|-weather|Snowscape|[upkeep]
|-damage|p2a: Slowking|76/100 brn|[from] brn
|upkeep
|turn|10
|
|t:|1758320304
|switch|p1a: Slowking|Slowking-Galar, M|99/100
|move|p2a: Slowking|Sludge Bomb|p1a: Slowking
|-resisted|p1a: Slowking
|-damage|p1a: Slowking|87/100
|
|-weather|Snowscape|[upkeep]
|-damage|p2a: Slowking|70/100 brn|[from] brn
|upkeep
|turn|11
|
|t:|1758320310
|switch|p2a: Gliscor|Gliscor, F|75/100 tox
|move|p1a: Slowking|Psychic|p2a: Gliscor
|-damage|p2a: Gliscor|43/100 tox
|
|-weather|Snowscape|[upkeep]
|-heal|p2a: Gliscor|55/100 tox|[from] ability: Poison Heal
|upkeep
|turn|12
|
|t:|1758320314
|switch|p1a: Weezing|Weezing-Galar, F|85/100
|-ability|p1a: Weezing|Neutralizing Gas
|move|p2a: Gliscor|Earthquake|p1a: Weezing
|-supereffective|p1a: Weezing
|-damage|p1a: Weezing|40/100
|
|-weather|Snowscape|[upkeep]
|-damage|p2a: Gliscor|43/100 tox|[from] psn
|-fieldend|move: Trick Room
|upkeep
|turn|13
|
|t:|1758320330
|-end|p1a: Weezing|ability: Neutralizing Gas
|switch|p1a: Ursaluna|Ursaluna, M|100/100
|move|p2a: Gliscor|Toxic|p1a: Ursaluna
|-status|p1a: Ursaluna|tox
|
|-weather|none
|-heal|p2a: Gliscor|55/100 tox|[from] ability: Poison Heal
|-damage|p1a: Ursaluna|94/100 tox|[from] psn
|upkeep
|turn|14
|
|t:|1758320337
|switch|p1a: Weezing|Weezing-Galar, F|40/100
|-ability|p1a: Weezing|Neutralizing Gas
|move|p2a: Gliscor|Protect||[still]
|-fail|p2a: Gliscor
|
|-damage|p2a: Gliscor|30/100 tox|[from] psn
|upkeep
|turn|15
|inactive|Mr.X&Y97 has 120 seconds left.
|
|t:|1758320395
|-terastallize|p1a: Weezing|Flying
|move|p2a: Gliscor|Earthquake|p1a: Weezing
|-immune|p1a: Weezing
|move|p1a: Weezing|Will-O-Wisp||[still]
|-fail|p1a: Weezing
|
|-damage|p2a: Gliscor|0 fnt|[from] psn
|faint|p2a: Gliscor
|upkeep
|
|t:|1758320401
|switch|p2a: Lokix|Lokix, M|100/100
|turn|16
|
|t:|1758320405
|move|p2a: Lokix|U-turn|p1a: Weezing
|-resisted|p1a: Weezing
|-damage|p1a: Weezing|24/100
|
|t:|1758320408
|switch|p2a: Slowking|Slowking-Galar, M|100/100 brn|[from] U-turn
|move|p1a: Weezing|Pain Split|p2a: Slowking
|-sethp|p2a: Slowking|61/100 brn|[from] move: Pain Split|[silent]
|-sethp|p1a: Weezing|71/100|[from] move: Pain Split
|
|-damage|p2a: Slowking|55/100 brn|[from] brn
|upkeep
|turn|17
|inactive|Mr.X&Y97 has 120 seconds left.
|
|t:|1758320416
|-end|p1a: Weezing|ability: Neutralizing Gas
|switch|p1a: Slowking|Slowking-Galar, M|100/100
|move|p2a: Slowking|Ice Beam|p1a: Slowking
|-damage|p1a: Slowking|84/100
|
|-damage|p2a: Slowking|48/100 brn|[from] brn
|upkeep
|turn|18
|
|t:|1758320425
|switch|p2a: Great Tusk|Great Tusk|100/100
|move|p1a: Slowking|Sludge Bomb|p2a: Great Tusk
|-resisted|p2a: Great Tusk
|-damage|p2a: Great Tusk|79/100
|
|upkeep
|turn|19
|
|t:|1758320440
|switch|p1a: Weezing|Weezing-Galar, F, tera:Flying|71/100
|-ability|p1a: Weezing|Neutralizing Gas
|move|p2a: Great Tusk|Stealth Rock|p1a: Weezing
|-sidestart|p1: Mr.X&Y97|move: Stealth Rock
|
|upkeep
|turn|20
|
|t:|1758320446
|-end|p2a: Great Tusk|Protosynthesis|[silent]
|switch|p2a: Toxicroak|Toxicroak, F|100/100
|move|p1a: Weezing|Will-O-Wisp|p2a: Toxicroak
|-status|p2a: Toxicroak|brn
|
|-damage|p2a: Toxicroak|94/100 brn|[from] brn
|upkeep
|turn|21
|j| Ctannn
|
|t:|1758320451
|-end|p1a: Weezing|ability: Neutralizing Gas
|switch|p1a: Iron Crown|Iron Crown|91/100
|-damage|p1a: Iron Crown|85/100|[from] Stealth Rock
|move|p2a: Toxicroak|Toxic|p1a: Iron Crown
|-immune|p1a: Iron Crown
|
|-damage|p2a: Toxicroak|88/100 brn|[from] brn
|upkeep
|turn|22
|
|t:|1758320456
|switch|p2a: Slowking|Slowking-Galar, M|82/100 brn
|move|p1a: Iron Crown|Volt Switch|p2a: Slowking
|-damage|p2a: Slowking|69/100 brn
|
|t:|1758320460
|-end|p1a: Iron Crown|Quark Drive|[silent]
|switch|p1a: Ursaluna|Ursaluna, M|94/100 tox|[from] Volt Switch
|-damage|p1a: Ursaluna|88/100 tox|[from] Stealth Rock
|
|-damage|p1a: Ursaluna|82/100 tox|[from] psn
|-damage|p2a: Slowking|63/100 brn|[from] brn
|upkeep
|turn|23
|
|t:|1758320463
|switch|p2a: Alomomola|Alomomola, F|100/100
|move|p1a: Ursaluna|Facade|p2a: Alomomola
|-damage|p2a: Alomomola|20/100
|
|-damage|p1a: Ursaluna|69/100 tox|[from] psn
|upkeep
|turn|24
|
|t:|1758320467
|move|p2a: Alomomola|Protect|p2a: Alomomola
|-singleturn|p2a: Alomomola|Protect
|move|p1a: Ursaluna|Headlong Rush|p2a: Alomomola
|-activate|p2a: Alomomola|move: Protect
|
|-damage|p1a: Ursaluna|51/100 tox|[from] psn
|upkeep
|turn|25
|
|t:|1758320472
|switch|p2a: Toxicroak|Toxicroak, F|88/100 brn
|move|p1a: Ursaluna|Facade|p2a: Toxicroak
|-damage|p2a: Toxicroak|0 fnt
|-damage|p1a: Ursaluna|34/100 tox|[from] item: Rocky Helmet|[of] p2a: Toxicroak
|faint|p2a: Toxicroak
|
|-damage|p1a: Ursaluna|9/100 tox|[from] psn
|upkeep
|
|t:|1758320474
|switch|p2a: Great Tusk|Great Tusk|79/100
|turn|26
|
|t:|1758320487
|move|p2a: Great Tusk|Rapid Spin|p1a: Ursaluna
|-damage|p1a: Ursaluna|0 fnt
|-boost|p2a: Great Tusk|spe|1
|faint|p1a: Ursaluna
|
|upkeep
|
|t:|1758320490
|switch|p1a: Zamazenta|Zamazenta|100/100
|-damage|p1a: Zamazenta|94/100|[from] Stealth Rock
|-ability|p1a: Zamazenta|Dauntless Shield|boost
|-boost|p1a: Zamazenta|def|1
|turn|27
|
|t:|1758320493
|-end|p2a: Great Tusk|Protosynthesis|[silent]
|switch|p2a: Slowking|Slowking-Galar, M|96/100 brn
|move|p1a: Zamazenta|Iron Defense|p1a: Zamazenta
|-boost|p1a: Zamazenta|def|2
|
|-heal|p1a: Zamazenta|100/100|[from] item: Leftovers
|-damage|p2a: Slowking|90/100 brn|[from] brn
|upkeep
|turn|28
|
|t:|1758320501
|switch|p1a: Slowking|Slowking-Galar, M|100/100
|move|p2a: Slowking|Psychic Noise|p1a: Slowking
|-damage|p1a: Slowking|81/100
|-start|p1a: Slowking|move: Heal Block
|
|-damage|p2a: Slowking|84/100 brn|[from] brn
|upkeep
|turn|29
|
|t:|1758320508
|move|p2a: Slowking|Flamethrower|p1a: Slowking
|-damage|p1a: Slowking|65/100
|move|p1a: Slowking|Psychic|p2a: Slowking
|-crit|p2a: Slowking
|-damage|p2a: Slowking|60/100 brn
|
|-damage|p2a: Slowking|54/100 brn|[from] brn
|-end|p1a: Slowking|move: Heal Block
|upkeep
|turn|30
|
|t:|1758320511
|move|p2a: Slowking|Psychic Noise|p1a: Slowking
|-damage|p1a: Slowking|45/100
|-start|p1a: Slowking|move: Heal Block
|move|p1a: Slowking|Sludge Bomb|p2a: Slowking
|-resisted|p2a: Slowking
|-damage|p2a: Slowking|46/100 brn
|
|-damage|p2a: Slowking|40/100 brn|[from] brn
|upkeep
|turn|31
|
|t:|1758320514
|move|p2a: Slowking|Psychic Noise|p1a: Slowking
|-damage|p1a: Slowking|24/100
|move|p1a: Slowking|Psychic|p2a: Slowking
|-damage|p2a: Slowking|24/100 brn
|
|-damage|p2a: Slowking|18/100 brn|[from] brn
|-end|p1a: Slowking|move: Heal Block
|upkeep
|turn|32
|
|t:|1758320519
|switch|p2a: Lokix|Lokix, M|100/100
|-prepare|p1a: Slowking|Chilly Reception|[premajor]
|move|p1a: Slowking|Chilly Reception|p1a: Slowking
|-weather|Snowscape
|
|t:|1758320523
|switch|p1a: Weezing|Weezing-Galar, F, tera:Flying|71/100|[from] Chilly Reception
|-ability|p1a: Weezing|Neutralizing Gas
|-damage|p1a: Weezing|47/100|[from] Stealth Rock
|
|-weather|Snowscape|[upkeep]
|upkeep
|turn|33
|
|t:|1758320532
|move|p2a: Lokix|U-turn|p1a: Weezing
|-resisted|p1a: Weezing
|-damage|p1a: Weezing|31/100
|
|t:|1758320535
|switch|p2a: Great Tusk|Great Tusk|79/100|[from] U-turn
|move|p1a: Weezing|Defog|p2a: Great Tusk
|-unboost|p2a: Great Tusk|evasion|1
|-sideend|p1: Mr.X&Y97|Stealth Rock|[from] move: Defog|[of] p1a: Weezing
|
|-weather|Snowscape|[upkeep]
|upkeep
|turn|34
|
|t:|1758320540
|move|p2a: Great Tusk|Ice Spinner|p1a: Weezing
|-supereffective|p1a: Weezing
|-damage|p1a: Weezing|0 fnt
|faint|p1a: Weezing
|-end|p1a: Weezing|ability: Neutralizing Gas
|
|-weather|Snowscape|[upkeep]
|upkeep
|
|t:|1758320546
|switch|p1a: Kyurem|Kyurem|66/100
|-ability|p1a: Kyurem|Pressure
|turn|35
|
|t:|1758320554
|-terastallize|p2a: Great Tusk|Steel
|move|p1a: Kyurem|Ice Beam|p2a: Great Tusk
|-resisted|p2a: Great Tusk
|-damage|p2a: Great Tusk|30/100
|move|p2a: Great Tusk|Rapid Spin|p1a: Kyurem
|-damage|p1a: Kyurem|58/100
|-boost|p2a: Great Tusk|spe|1
|
|-weather|Snowscape|[upkeep]
|upkeep
|turn|36
|c|☆CaylieGetsAngy|no blizzard?
|
|t:|1758320574
|-end|p2a: Great Tusk|Protosynthesis|[silent]
|switch|p2a: Alomomola|Alomomola, F|53/100
|switch|p1a: Iron Crown|Iron Crown|85/100
|
|-weather|none
|upkeep
|turn|37
|l| KappaHalo
|
|t:|1758320580
|switch|p2a: Slowking|Slowking-Galar, M|51/100 brn
|move|p1a: Iron Crown|Future Sight|p2a: Slowking
|-start|p1a: Iron Crown|move: Future Sight
|
|-damage|p2a: Slowking|45/100 brn|[from] brn
|upkeep
|turn|38
|
|t:|1758320585
|move|p1a: Iron Crown|Tachyon Cutter|p2a: Slowking
|-damage|p2a: Slowking|34/100 brn
|-damage|p2a: Slowking|21/100 brn
|-hitcount|p2a: Slowking|2
|move|p2a: Slowking|Flamethrower|p1a: Iron Crown
|-supereffective|p1a: Iron Crown
|-damage|p1a: Iron Crown|47/100
|
|-damage|p2a: Slowking|15/100 brn|[from] brn
|upkeep
|turn|39
|
|t:|1758320593
|switch|p2a: Lokix|Lokix, M|100/100
|move|p1a: Iron Crown|Tachyon Cutter|p2a: Lokix
|-damage|p2a: Lokix|51/100
|-damage|p2a: Lokix|1/100
|-hitcount|p2a: Lokix|2
|
|-end|p2a: Lokix|move: Future Sight
|-immune|p2a: Lokix
|upkeep
|turn|40
|
|t:|1758320606
|move|p2a: Lokix|First Impression|p1a: Iron Crown
|-damage|p1a: Iron Crown|0 fnt
|faint|p1a: Iron Crown
|-end|p1a: Iron Crown|Quark Drive|[silent]
|
|upkeep
|
|t:|1758320614
|switch|p1a: Zamazenta|Zamazenta|100/100
|turn|41
|
|t:|1758320620
|switch|p2a: Alomomola|Alomomola, F|86/100
|move|p1a: Zamazenta|Substitute|p1a: Zamazenta
|-start|p1a: Zamazenta|Substitute
|-damage|p1a: Zamazenta|75/100
|
|-heal|p1a: Zamazenta|82/100|[from] item: Leftovers
|upkeep
|turn|42
|
|t:|1758320622
|move|p1a: Zamazenta|Iron Defense|p1a: Zamazenta
|-boost|p1a: Zamazenta|def|2
|move|p2a: Alomomola|Wish|p2a: Alomomola
|
|-heal|p1a: Zamazenta|88/100|[from] item: Leftovers
|upkeep
|turn|43
|
|t:|1758320633
|move|p1a: Zamazenta|Body Press|p2a: Alomomola
|-damage|p2a: Alomomola|46/100
|move|p2a: Alomomola|Flip Turn|p1a: Zamazenta
|-activate|p1a: Zamazenta|move: Substitute|[damage]
|
|t:|1758320636
|switch|p2a: Slowking|Slowking-Galar, M|48/100 brn|[from] Flip Turn
|
|-heal|p2a: Slowking|100/100 brn|[from] move: Wish|[wisher] Alomomola
|-heal|p1a: Zamazenta|94/100|[from] item: Leftovers
|-damage|p2a: Slowking|94/100 brn|[from] brn
|upkeep
|turn|44
|
|t:|1758320639
|move|p1a: Zamazenta|Crunch|p2a: Slowking
|-supereffective|p2a: Slowking
|-damage|p2a: Slowking|51/100 brn
|-unboost|p2a: Slowking|def|1
|move|p2a: Slowking|Psychic Noise|p1a: Zamazenta
|-supereffective|p1a: Zamazenta
|-damage|p1a: Zamazenta|43/100
|-start|p1a: Zamazenta|move: Heal Block
|
|-damage|p2a: Slowking|45/100 brn|[from] brn
|upkeep
|turn|45
|
|t:|1758320647
|switch|p2a: Lokix|Lokix, M|1/100
|move|p1a: Zamazenta|Crunch|p2a: Lokix
|-resisted|p2a: Lokix
|-damage|p2a: Lokix|0 fnt
|faint|p2a: Lokix
|
|-end|p1a: Zamazenta|move: Heal Block
|upkeep
|
|t:|1758320649
|switch|p2a: Slowking|Slowking-Galar, M|78/100 brn
|turn|46
|
|t:|1758320675
|switch|p1a: Slowking|Slowking-Galar, M|57/100
|move|p2a: Slowking|Psychic Noise|p1a: Slowking
|-damage|p1a: Slowking|39/100
|-start|p1a: Slowking|move: Heal Block
|
|-damage|p2a: Slowking|72/100 brn|[from] brn
|upkeep
|turn|47
|
|t:|1758320679
|move|p2a: Slowking|Psychic Noise|p1a: Slowking
|-damage|p1a: Slowking|19/100
|-prepare|p1a: Slowking|Chilly Reception|[premajor]
|move|p1a: Slowking|Chilly Reception|p1a: Slowking
|-weather|Snowscape
|
|t:|1758320683
|switch|p1a: Kyurem|Kyurem|58/100|[from] Chilly Reception
|-ability|p1a: Kyurem|Pressure
|
|-weather|Snowscape|[upkeep]
|-damage|p2a: Slowking|66/100 brn|[from] brn
|upkeep
|turn|48
|
|t:|1758320700
|move|p1a: Kyurem|Earth Power|p2a: Slowking
|-supereffective|p2a: Slowking
|-damage|p2a: Slowking|21/100 brn
|move|p2a: Slowking|Sludge Bomb|p1a: Kyurem
|-damage|p1a: Kyurem|16/100
|
|-weather|Snowscape|[upkeep]
|-damage|p2a: Slowking|15/100 brn|[from] brn
|upkeep
|turn|49
|
|t:|1758320704
|switch|p2a: Alomomola|Alomomola, F|79/100
|move|p1a: Kyurem|Earth Power|p2a: Alomomola
|-damage|p2a: Alomomola|38/100
|
|-weather|Snowscape|[upkeep]
|upkeep
|turn|50
|
|t:|1758320710
|move|p2a: Alomomola|Protect|p2a: Alomomola
|-singleturn|p2a: Alomomola|Protect
|move|p1a: Kyurem|Earth Power|p2a: Alomomola
|-activate|p2a: Alomomola|move: Protect
|
|-weather|Snowscape|[upkeep]
|upkeep
|turn|51
|
|t:|1758320712
|switch|p2a: Great Tusk|Great Tusk, tera:Steel|30/100
|move|p1a: Kyurem|Earth Power|p2a: Great Tusk
|-supereffective|p2a: Great Tusk
|-damage|p2a: Great Tusk|0 fnt
|faint|p2a: Great Tusk
|-end|p2a: Great Tusk|Protosynthesis|[silent]
|
|-weather|none
|upkeep
|
|t:|1758320714
|switch|p2a: Alomomola|Alomomola, F|71/100
|turn|52
|
|t:|1758320719
|switch|p1a: Slowking|Slowking-Galar, M|53/100
|move|p2a: Alomomola|Wish|p2a: Alomomola
|
|upkeep
|turn|53
|
|t:|1758320723
|-prepare|p1a: Slowking|Chilly Reception|[premajor]
|move|p1a: Slowking|Chilly Reception|p1a: Slowking
|-weather|Snowscape
|
|t:|1758320732
|switch|p1a: Zamazenta|Zamazenta|43/100|[from] Chilly Reception
|move|p2a: Alomomola|Flip Turn|p1a: Zamazenta
|-damage|p1a: Zamazenta|32/100
|
|t:|1758320734
|switch|p2a: Slowking|Slowking-Galar, M|48/100 brn|[from] Flip Turn
|
|-weather|Snowscape|[upkeep]
|-heal|p2a: Slowking|100/100 brn|[from] move: Wish|[wisher] Alomomola
|-heal|p1a: Zamazenta|38/100|[from] item: Leftovers
|-damage|p2a: Slowking|94/100 brn|[from] brn
|upkeep
|turn|54
|
|t:|1758320745
|switch|p1a: Slowking|Slowking-Galar, M|86/100
|move|p2a: Slowking|Psychic Noise|p1a: Slowking
|-damage|p1a: Slowking|66/100
|-start|p1a: Slowking|move: Heal Block
|
|-weather|Snowscape|[upkeep]
|-damage|p2a: Slowking|88/100 brn|[from] brn
|upkeep
|turn|55
|
|t:|1758320749
|move|p2a: Slowking|Ice Beam|p1a: Slowking
|-damage|p1a: Slowking|50/100
|move|p1a: Slowking|Psychic|p2a: Slowking
|-damage|p2a: Slowking|72/100 brn
|
|-weather|Snowscape|[upkeep]
|-damage|p2a: Slowking|66/100 brn|[from] brn
|-end|p1a: Slowking|move: Heal Block
|upkeep
|turn|56
|
|t:|1758320755
|move|p2a: Slowking|Ice Beam|p1a: Slowking
|-damage|p1a: Slowking|33/100
|move|p1a: Slowking|Psychic|p2a: Slowking
|-damage|p2a: Slowking|49/100 brn
|
|-weather|Snowscape|[upkeep]
|-damage|p2a: Slowking|43/100 brn|[from] brn
|upkeep
|turn|57
|
|t:|1758320758
|switch|p2a: Alomomola|Alomomola, F|100/100
|move|p1a: Slowking|Psychic|p2a: Alomomola
|-damage|p2a: Alomomola|69/100
|
|-weather|none
|upkeep
|turn|58
|
|t:|1758320767
|-prepare|p1a: Slowking|Chilly Reception|[premajor]
|move|p1a: Slowking|Chilly Reception|p1a: Slowking
|-weather|Snowscape
|
|t:|1758320768
|switch|p1a: Kyurem|Kyurem|16/100|[from] Chilly Reception
|-ability|p1a: Kyurem|Pressure
|move|p2a: Alomomola|Flip Turn|p1a: Kyurem
|-resisted|p1a: Kyurem
|-damage|p1a: Kyurem|11/100
|
|t:|1758320770
|switch|p2a: Slowking|Slowking-Galar, M|76/100 brn|[from] Flip Turn
|
|-weather|Snowscape|[upkeep]
|-damage|p2a: Slowking|70/100 brn|[from] brn
|upkeep
|turn|59
|
|t:|1758320789
|switch|p1a: Slowking|Slowking-Galar, M|66/100
|move|p2a: Slowking|Flamethrower|p1a: Slowking
|-damage|p1a: Slowking|51/100
|
|-weather|Snowscape|[upkeep]
|-damage|p2a: Slowking|64/100 brn|[from] brn
|upkeep
|turn|60
|
|t:|1758320798
|switch|p2a: Alomomola|Alomomola, F|100/100
|move|p1a: Slowking|Psychic|p2a: Alomomola
|-damage|p2a: Alomomola|69/100
|
|-weather|Snowscape|[upkeep]
|upkeep
|turn|61
|
|t:|1758320801
|move|p1a: Slowking|Sludge Bomb|p2a: Alomomola
|-damage|p2a: Alomomola|41/100
|move|p2a: Alomomola|Wish|p2a: Alomomola
|
|-weather|Snowscape|[upkeep]
|upkeep
|turn|62
|
|t:|1758320808
|move|p2a: Alomomola|Protect|p2a: Alomomola
|-singleturn|p2a: Alomomola|Protect
|move|p1a: Slowking|Sludge Bomb|p2a: Alomomola
|-activate|p2a: Alomomola|move: Protect
|
|-weather|none
|-heal|p2a: Alomomola|91/100|[from] move: Wish|[wisher] Alomomola
|upkeep
|turn|63
|
|t:|1758320810
|move|p1a: Slowking|Sludge Bomb|p2a: Alomomola
|-damage|p2a: Alomomola|61/100
|move|p2a: Alomomola|Flip Turn|p1a: Slowking
|-damage|p1a: Slowking|35/100
|
|t:|1758320812
|switch|p2a: Slowking|Slowking-Galar, M|97/100 brn|[from] Flip Turn
|
|-damage|p2a: Slowking|91/100 brn|[from] brn
|upkeep
|turn|64
|
|t:|1758320824
|move|p2a: Slowking|Ice Beam|p1a: Slowking
|-damage|p1a: Slowking|19/100
|move|p1a: Slowking|Psychic|p2a: Slowking
|-damage|p2a: Slowking|75/100 brn
|
|-damage|p2a: Slowking|69/100 brn|[from] brn
|upkeep
|turn|65
|j| kinhojoker
|
|t:|1758320838
|switch|p1a: Zamazenta|Zamazenta|38/100
|move|p2a: Slowking|Psychic Noise|p1a: Zamazenta
|-supereffective|p1a: Zamazenta
|-damage|p1a: Zamazenta|0 fnt
|faint|p1a: Zamazenta
|
|-damage|p2a: Slowking|63/100 brn|[from] brn
|upkeep
|
|t:|1758320843
|switch|p1a: Slowking|Slowking-Galar, M|52/100
|turn|66
|
|t:|1758320848
|move|p2a: Slowking|Flamethrower|p1a: Slowking
|-damage|p1a: Slowking|35/100
|-status|p1a: Slowking|brn
|-prepare|p1a: Slowking|Chilly Reception|[premajor]
|move|p1a: Slowking|Chilly Reception|p1a: Slowking
|-weather|Snowscape
|
|t:|1758320850
|switch|p1a: Kyurem|Kyurem|11/100|[from] Chilly Reception
|-ability|p1a: Kyurem|Pressure
|
|-weather|Snowscape|[upkeep]
|-damage|p2a: Slowking|57/100 brn|[from] brn
|upkeep
|turn|67
|l| kinhojoker
|inactive|Mr.X&Y97 has 120 seconds left.
|
|t:|1758320886
|switch|p1a: Slowking|Slowking-Galar, M|68/100 brn
|move|p2a: Slowking|Ice Beam|p1a: Slowking
|-damage|p1a: Slowking|51/100 brn
|
|-weather|Snowscape|[upkeep]
|-damage|p2a: Slowking|51/100 brn|[from] brn
|-damage|p1a: Slowking|45/100 brn|[from] brn
|upkeep
|turn|68
|inactive|Mr.X&Y97 has 120 seconds left.
|
|t:|1758320897
|switch|p2a: Alomomola|Alomomola, F|94/100
|-prepare|p1a: Slowking|Chilly Reception|[premajor]
|move|p1a: Slowking|Chilly Reception|p1a: Slowking
|
|t:|1758320898
|switch|p1a: Kyurem|Kyurem|11/100|[from] Chilly Reception
|-ability|p1a: Kyurem|Pressure
|
|-weather|Snowscape|[upkeep]
|upkeep
|turn|69
|
|t:|1758320901
|move|p2a: Alomomola|Protect|p2a: Alomomola
|-singleturn|p2a: Alomomola|Protect
|move|p1a: Kyurem|Freeze-Dry|p2a: Alomomola
|-activate|p2a: Alomomola|move: Protect
|
|-weather|Snowscape|[upkeep]
|upkeep
|turn|70
|
|t:|1758320903
|switch|p2a: Slowking|Slowking-Galar, M|84/100 brn
|move|p1a: Kyurem|Freeze-Dry|p2a: Slowking
|-damage|p2a: Slowking|59/100 brn
|
|-weather|none
|-damage|p2a: Slowking|53/100 brn|[from] brn
|upkeep
|turn|71
|
|t:|1758320908
|switch|p1a: Slowking|Slowking-Galar, M|78/100 brn
|move|p2a: Slowking|Flamethrower|p1a: Slowking
|-damage|p1a: Slowking|61/100 brn
|
|-damage|p2a: Slowking|47/100 brn|[from] brn
|-damage|p1a: Slowking|55/100 brn|[from] brn
|upkeep
|turn|72
|
|t:|1758320912
|switch|p2a: Alomomola|Alomomola, F|100/100
|move|p1a: Slowking|Psychic|p2a: Alomomola
|-damage|p2a: Alomomola|68/100
|-unboost|p2a: Alomomola|spd|1
|
|-damage|p1a: Slowking|49/100 brn|[from] brn
|upkeep
|turn|73
|inactive|CaylieGetsAngy has 120 seconds left.
|
|t:|1758320953
|switch|p2a: Slowking|Slowking-Galar, M|80/100 brn
|move|p1a: Slowking|Sludge Bomb|p2a: Slowking
|-resisted|p2a: Slowking
|-damage|p2a: Slowking|72/100 brn
|
|-damage|p2a: Slowking|66/100 brn|[from] brn
|-damage|p1a: Slowking|43/100 brn|[from] brn
|upkeep
|turn|74
|
|t:|1758320956
|move|p2a: Slowking|Psychic Noise|p1a: Slowking
|-damage|p1a: Slowking|22/100 brn
|-start|p1a: Slowking|move: Heal Block
|move|p1a: Slowking|Psychic|p2a: Slowking
|-damage|p2a: Slowking|49/100 brn
|
|-damage|p2a: Slowking|43/100 brn|[from] brn
|-damage|p1a: Slowking|16/100 brn|[from] brn
|upkeep
|turn|75
|
|t:|1758320962
|move|p2a: Slowking|Psychic Noise|p1a: Slowking
|-crit|p1a: Slowking
|-damage|p1a: Slowking|0 fnt
|faint|p1a: Slowking
|
|-damage|p2a: Slowking|37/100 brn|[from] brn
|upkeep
|c|☆CaylieGetsAngy|gg
|
|t:|1758320964
|switch|p1a: Kyurem|Kyurem|11/100
|-ability|p1a: Kyurem|Pressure
|turn|76
|
|t:|1758320969
|switch|p2a: Alomomola|Alomomola, F|100/100
|move|p1a: Kyurem|Earth Power|p2a: Alomomola
|-damage|p2a: Alomomola|61/100
|
|upkeep
|turn|77
|
|t:|1758320983
|move|p1a: Kyurem|Earth Power|p2a: Alomomola
|-damage|p2a: Alomomola|16/100
|move|p2a: Alomomola|Wish|p2a: Alomomola
|
|upkeep
|turn|78
|
|t:|1758320989
|switch|p2a: Slowking|Slowking-Galar, M|70/100 brn
|move|p1a: Kyurem|Earth Power|p2a: Slowking
|-supereffective|p2a: Slowking
|-crit|p2a: Slowking
|-damage|p2a: Slowking|5/100 brn
|
|-heal|p2a: Slowking|65/100 brn|[from] move: Wish|[wisher] Alomomola
|-damage|p2a: Slowking|59/100 brn|[from] brn
|upkeep
|turn|79
|
|t:|1758320992
|switch|p2a: Alomomola|Alomomola, F|50/100
|move|p1a: Kyurem|Earth Power|p2a: Alomomola
|-damage|p2a: Alomomola|7/100
|-unboost|p2a: Alomomola|spd|1
|
|upkeep
|turn|80
|
|t:|1758320994
|move|p1a: Kyurem|Earth Power|p2a: Alomomola
|-damage|p2a: Alomomola|0 fnt
|faint|p2a: Alomomola
|
|upkeep
|
|t:|1758320996
|switch|p2a: Slowking|Slowking-Galar, M|92/100 brn
|turn|81
|
|t:|1758320997
|move|p1a: Kyurem|Earth Power|p2a: Slowking
|-supereffective|p2a: Slowking
|-damage|p2a: Slowking|44/100 brn
|move|p2a: Slowking|Sludge Bomb|p1a: Kyurem
|-crit|p1a: Kyurem
|-damage|p1a: Kyurem|0 fnt
|faint|p1a: Kyurem
|
|win|CaylieGetsAngy
|raw|Mr.X&amp;Y97's rating: 1646 &rarr; <strong>1625</strong><br />(-21 for losing)
|raw|CaylieGetsAngy's rating: 1634 &rarr; <strong>1655</strong><br />(+21 for winning)
|l|☆Mr.X&Y97
|player|p1|
|l|☆CaylieGetsAngy
|player|p2|
