|j|☆Denvertzzz
|j|☆c.empty
|t:|1758277694
|gametype|singles
|player|p1|Denvertzzz|101|1251
|player|p2|c.empty|265|1266
|gen|9
|tier|[Gen 9] OU
|rated|
|rule|HP Percentage Mod: HP is shown in percentages
|rule|Endless Battle Clause: Forcing endless battles is banned
|rule|Species Clause: Limit one of each Pokémon
|rule|OHKO Clause: OHKO moves are banned
|rule|Evasion Items Clause: Evasion items are banned
|rule|Evasion Moves Clause: Evasion moves are banned
|rule|Evasion Abilities Clause: Evasion abilities are banned
|rule|Sleep Moves Clause: Sleep-inducing moves are banned
|clearpoke
|poke|p1|Glimmora, M|
|poke|p1|Skeledirge, M|
|poke|p1|Torterra, M|
|poke|p1|Clodsire, M|
|poke|p1|Oricorio-Pa'u, F|
|poke|p1|Cobalion|
|poke|p2|Moltres|
|poke|p2|Landorus-Therian, M|
|poke|p2|Hydrapple, F|
|poke|p2|Great Tusk|
|poke|p2|Slowking-Galar, M|
|poke|p2|Gholdengo|
|teampreview
|
|t:|1758277704
|teamsize|p1|6
|teamsize|p2|6
|start
|switch|p1a: Glimmora|Glimmora, M, shiny|100/100
|switch|p2a: Great Tusk|Great Tusk|100/100
|turn|1
|
|t:|1758277719
|switch|p1a: Oricorio|Oricorio-Pa'u, F|100/100
|move|p2a: Great Tusk|Ice Spinner|p1a: Oricorio
|-supereffective|p1a: Oricorio
|-damage|p1a: Oricorio|15/100
|
|upkeep
|turn|2
|
|t:|1758277737
|-end|p2a: Great Tusk|Protosynthesis|[silent]
|switch|p2a: Moltres|Moltres|100/100
|switch|p1a: Skeledirge|Skeledirge, M, shiny|100/100
|-item|p1a: Skeledirge|Air Balloon
|
|upkeep
|turn|3
|
|t:|1758277748
|switch|p1a: Clodsire|Clodsire, M, shiny|100/100
|move|p2a: Moltres|U-turn|p1a: Clodsire
|-resisted|p1a: Clodsire
|-damage|p1a: Clodsire|93/100
|
|t:|1758277761
|switch|p2a: Great Tusk|Great Tusk|100/100|[from] U-turn
|
|-heal|p1a: Clodsire|99/100|[from] item: Black Sludge
|upkeep
|turn|4
|
|t:|1758277773
|switch|p1a: Skeledirge|Skeledirge, M, shiny|100/100
|-item|p1a: Skeledirge|Air Balloon
|-terastallize|p2a: Great Tusk|Ground
|move|p2a: Great Tusk|Headlong Rush|p1a: Skeledirge
|-immune|p1a: Skeledirge
|
|upkeep
|turn|5
|
|t:|1758277790
|-end|p2a: Great Tusk|Protosynthesis|[silent]
|switch|p2a: Moltres|Moltres|100/100
|move|p1a: Skeledirge|Torch Song|p2a: Moltres
|-resisted|p2a: Moltres
|-damage|p2a: Moltres|82/100
|-boost|p1a: Skeledirge|spa|1
|
|upkeep
|turn|6
|
|t:|1758277810
|-terastallize|p1a: Skeledirge|Fairy
|move|p2a: Moltres|U-turn|p1a: Skeledirge
|-resisted|p1a: Skeledirge
|-damage|p1a: Skeledirge|95/100
|-enditem|p1a: Skeledirge|Air Balloon
|
|t:|1758277819
|switch|p2a: Slowking|Slowking-Galar, M|100/100|[from] U-turn
|move|p1a: Skeledirge|Alluring Voice|p2a: Slowking
|-resisted|p2a: Slowking
|-damage|p2a: Slowking|84/100
|
|upkeep
|turn|7
|
|t:|1758277830
|move|p1a: Skeledirge|Torch Song|p2a: Slowking
|-damage|p2a: Slowking|53/100
|-boost|p1a: Skeledirge|spa|1
|move|p2a: Slowking|Sludge Bomb|p1a: Skeledirge
|-supereffective|p1a: Skeledirge
|-damage|p1a: Skeledirge|4/100
|
|upkeep
|turn|8
|
|t:|1758277842
|move|p1a: Skeledirge|Torch Song|p2a: Slowking
|-damage|p2a: Slowking|8/100
|-boost|p1a: Skeledirge|spa|1
|-prepare|p2a: Slowking|Chilly Reception|[premajor]
|move|p2a: Slowking|Chilly Reception|p2a: Slowking
|-weather|Snowscape
|
|t:|1758277848
|switch|p2a: Great Tusk|Great Tusk, tera:Ground|100/100|[from] Chilly Reception
|
|-weather|Snowscape|[upkeep]
|upkeep
|turn|9
|
|t:|1758277873
|switch|p1a: Oricorio|Oricorio-Pa'u, F|15/100
|move|p2a: Great Tusk|Rapid Spin|p1a: Oricorio
|-damage|p1a: Oricorio|0 fnt
|-boost|p2a: Great Tusk|spe|1
|faint|p1a: Oricorio
|
|-weather|Snowscape|[upkeep]
|upkeep
|
|t:|1758277902
|switch|p1a: Cobalion|Cobalion|100/100
|turn|10
|
|t:|1758277913
|move|p2a: Great Tusk|Headlong Rush|p1a: Cobalion
|-supereffective|p1a: Cobalion
|-damage|p1a: Cobalion|0 fnt
|-unboost|p2a: Great Tusk|def|1
|-unboost|p2a: Great Tusk|spd|1
|faint|p1a: Cobalion
|
|-weather|Snowscape|[upkeep]
|upkeep
|
|t:|1758277929
|switch|p1a: Torterra|Torterra, M, shiny|100/100
|turn|11
|
|t:|1758277933
|move|p2a: Great Tusk|Ice Spinner|p1a: Torterra
|-supereffective|p1a: Torterra
|-damage|p1a: Torterra|0 fnt
|faint|p1a: Torterra
|
|-weather|Snowscape|[upkeep]
|upkeep
|c|☆c.empty|You need fly.
|
|t:|1758277941
|switch|p1a: Clodsire|Clodsire, M, shiny|99/100
|turn|12
|
|t:|1758277946
|move|p2a: Great Tusk|Headlong Rush|p1a: Clodsire
|-supereffective|p1a: Clodsire
|-damage|p1a: Clodsire|0 fnt
|-unboost|p2a: Great Tusk|def|1
|-unboost|p2a: Great Tusk|spd|1
|faint|p1a: Clodsire
|
|-weather|none
|upkeep
|
|t:|1758277955
|switch|p1a: Glimmora|Glimmora, M, shiny|100/100
|turn|13
|
|t:|1758277968
|-end|p2a: Great Tusk|Protosynthesis|[silent]
|switch|p2a: Slowking|Slowking-Galar, M|41/100
|move|p1a: Glimmora|Meteor Beam||[still]
|-prepare|p1a: Glimmora|Meteor Beam
|-boost|p1a: Glimmora|spa|1
|-enditem|p1a: Glimmora|Power Herb
|-anim|p1a: Glimmora|Meteor Beam|p2a: Slowking
|-damage|p2a: Slowking|0 fnt
|faint|p2a: Slowking
|
|upkeep
|
|t:|1758277977
|switch|p2a: Landorus|Landorus-Therian, M|100/100
|-ability|p2a: Landorus|Intimidate|boost
|-unboost|p1a: Glimmora|atk|1
|turn|14
|
|t:|1758277989
|move|p2a: Landorus|Earthquake|p1a: Glimmora
|-supereffective|p1a: Glimmora
|-damage|p1a: Glimmora|0 fnt
|-activate|p1a: Glimmora|ability: Toxic Debris
|-sidestart|p2: c.empty|move: Toxic Spikes
|faint|p1a: Glimmora
|
|upkeep
|
|t:|1758277996
|switch|p1a: Skeledirge|Skeledirge, M, shiny, tera:Fairy|4/100
|turn|15
|c|☆c.empty|gg
|
|t:|1758278023
|move|p2a: Landorus|Earthquake|p1a: Skeledirge
|-damage|p1a: Skeledirge|0 fnt
|faint|p1a: Skeledirge
|
|win|c.empty
|raw|Denvertzzz's rating: 1251 &rarr; <strong>1227</strong><br />(-24 for losing)
|raw|c.empty's rating: 1266 &rarr; <strong>1290</strong><br />(+24 for winning)
|l|☆Denvertzzz
|player|p1|
|l|☆c.empty
|player|p2|
