|j|☆Aggrhy
|j|☆full-doc
|t:|1758331800
|gametype|singles
|player|p1|Aggrhy|red-masters|1373
|player|p2|full-doc|scientistf|1340
|gen|9
|tier|[Gen 9] OU
|rated|
|rule|HP Percentage Mod: HP is shown in percentages
|rule|Endless Battle Clause: Forcing endless battles is banned
|rule|Species Clause: Limit one of each Pokémon
|rule|OHKO Clause: OHKO moves are banned
|rule|Evasion Items Clause: Evasion items are banned
|rule|Evasion Moves Clause: Evasion moves are banned
|rule|Evasion Abilities Clause: Evasion abilities are banned
|rule|Sleep Moves Clause: Sleep-inducing moves are banned
|clearpoke
|poke|p1|Pikachu, F|
|poke|p1|Metagross|
|poke|p1|Gardevoir, F|
|poke|p1|Glimmora, F|
|poke|p1|Milotic, M|
|poke|p1|Hydrapple, M|
|poke|p2|Comfey, M|
|poke|p2|Whimsicott, M|
|poke|p2|Iron Moth|
|poke|p2|Walking Wake|
|poke|p2|Great Tusk|
|poke|p2|Ninetales, F|
|teampreview
|inactive|Battle timer is ON: inactive players will automatically lose when time's up. (requested by Aggrhy)
|
|t:|1758331811
|teamsize|p1|6
|teamsize|p2|6
|start
|switch|p1a: Gardevoir|Gardevoir, F|100/100
|switch|p2a: Great Tusk|Great Tusk|100/100
|turn|1
|
|t:|1758331828
|-end|p2a: Great Tusk|Protosynthesis|[silent]
|switch|p2a: Ninetales|Ninetales, F|100/100
|-ability|p1a: Gardevoir|Drought|Trace|[from] ability: Trace|[of] p2a: Ninetales
|-weather|SunnyDay|[from] ability: Drought|[of] p1a: Gardevoir
|move|p1a: Gardevoir|Moonblast|p2a: Ninetales
|-resisted|p2a: Ninetales
|-damage|p2a: Ninetales|77/100
|
|-weather|SunnyDay|[upkeep]
|upkeep
|turn|2
|
|t:|1758331840
|move|p2a: Ninetales|Weather Ball|p1a: Gardevoir
|-damage|p1a: Gardevoir|73/100
|move|p1a: Gardevoir|Psychic|p2a: Ninetales
|-damage|p2a: Ninetales|32/100
|
|-weather|SunnyDay|[upkeep]
|upkeep
|turn|3
|
|t:|1758331854
|switch|p1a: Milotic|Milotic, M|100/100
|move|p2a: Ninetales|Healing Wish|p2a: Ninetales
|faint|p2a: Ninetales
|
|-weather|SunnyDay|[upkeep]
|upkeep
|
|t:|1758331859
|switch|p2a: Whimsicott|Whimsicott, M|100/100
|turn|4
|
|t:|1758331874
|switch|p1a: Glimmora|Glimmora, F|100/100
|-terastallize|p2a: Whimsicott|Ghost
|move|p2a: Whimsicott|Growth|p2a: Whimsicott
|-boost|p2a: Whimsicott|atk|2
|-boost|p2a: Whimsicott|spa|2
|
|-weather|SunnyDay|[upkeep]
|upkeep
|turn|5
|
|t:|1758331884
|move|p2a: Whimsicott|Shadow Ball|p1a: Glimmora
|-damage|p1a: Glimmora|8/100
|-damage|p2a: Whimsicott|91/100|[from] item: Life Orb
|move|p1a: Glimmora|Light Screen|p1a: Glimmora
|-sidestart|p1: Aggrhy|move: Light Screen
|
|-weather|none
|upkeep
|turn|6
|
|t:|1758331893
|switch|p1a: Milotic|Milotic, M|100/100
|move|p2a: Whimsicott|Shadow Ball|p1a: Milotic
|-damage|p1a: Milotic|76/100
|-damage|p2a: Whimsicott|81/100|[from] item: Life Orb
|
|-heal|p1a: Milotic|82/100|[from] item: Leftovers
|upkeep
|turn|7
|
|t:|1758331904
|move|p2a: Whimsicott|Growth|p2a: Whimsicott
|-boost|p2a: Whimsicott|atk|1
|-boost|p2a: Whimsicott|spa|1
|move|p1a: Milotic|Mirror Coat||[still]
|-fail|p1a: Milotic
|
|-heal|p1a: Milotic|88/100|[from] item: Leftovers
|upkeep
|turn|8
|
|t:|1758331912
|move|p2a: Whimsicott|Growth|p2a: Whimsicott
|-boost|p2a: Whimsicott|atk|1
|-boost|p2a: Whimsicott|spa|1
|move|p1a: Milotic|Dragon Tail|p2a: Whimsicott
|-damage|p2a: Whimsicott|71/100
|drag|p2a: Great Tusk|Great Tusk|100/100
|
|-heal|p1a: Milotic|94/100|[from] item: Leftovers
|upkeep
|turn|9
|
|t:|1758331924
|move|p2a: Great Tusk|Stealth Rock|p1a: Milotic
|-sidestart|p1: Aggrhy|move: Stealth Rock
|move|p1a: Milotic|Scald|p2a: Great Tusk
|-supereffective|p2a: Great Tusk
|-damage|p2a: Great Tusk|24/100
|-status|p2a: Great Tusk|brn
|
|-heal|p1a: Milotic|100/100|[from] item: Leftovers
|-damage|p2a: Great Tusk|18/100 brn|[from] brn
|upkeep
|turn|10
|
|t:|1758331940
|switch|p1a: Glimmora|Glimmora, F|8/100
|-damage|p1a: Glimmora|0 fnt|[from] Stealth Rock
|faint|p1a: Glimmora
|move|p2a: Great Tusk|Headlong Rush|p1: Glimmora|[notarget]
|-fail|p2a: Great Tusk
|
|-damage|p2a: Great Tusk|12/100 brn|[from] brn
|upkeep
|
|t:|1758331950
|switch|p1a: Pikachu|Pikachu, F|100/100
|-damage|p1a: Pikachu|88/100|[from] Stealth Rock
|turn|11
|
|t:|1758331957
|move|p1a: Pikachu|Play Rough|p2a: Great Tusk
|-supereffective|p2a: Great Tusk
|-damage|p2a: Great Tusk|0 fnt
|-damage|p1a: Pikachu|72/100|[from] item: Rocky Helmet|[of] p2a: Great Tusk
|faint|p2a: Great Tusk
|-end|p2a: Great Tusk|Protosynthesis|[silent]
|
|upkeep
|
|t:|1758331972
|switch|p2a: Walking Wake|Walking Wake|100/100
|turn|12
|
|t:|1758331981
|move|p2a: Walking Wake|Flip Turn|p1a: Pikachu
|-damage|p1a: Pikachu|17/100
|
|t:|1758331995
|-end|p2a: Walking Wake|Protosynthesis|[silent]
|switch|p2a: Comfey|Comfey, M|100/100|[from] Flip Turn
|move|p1a: Pikachu|Volt Tackle|p2a: Comfey
|-damage|p2a: Comfey|7/100
|-damage|p1a: Pikachu|0 fnt|[from] Recoil
|faint|p1a: Pikachu
|
|-sideend|p1: Aggrhy|move: Light Screen
|upkeep
|
|t:|1758332007
|switch|p1a: Metagross|Metagross|100/100
|-damage|p1a: Metagross|95/100|[from] Stealth Rock
|turn|13
|
|t:|1758332017
|switch|p2a: Walking Wake|Walking Wake|100/100
|move|p1a: Metagross|Psychic Fangs|p2a: Walking Wake
|-damage|p2a: Walking Wake|52/100
|
|upkeep
|turn|14
|
|t:|1758332024
|move|p2a: Walking Wake|Knock Off|p1a: Metagross
|-supereffective|p1a: Metagross
|-damage|p1a: Metagross|70/100
|-enditem|p1a: Metagross|Assault Vest|[from] move: Knock Off|[of] p2a: Walking Wake
|move|p1a: Metagross|Knock Off|p2a: Walking Wake
|-damage|p2a: Walking Wake|15/100
|-enditem|p2a: Walking Wake|Assault Vest|[from] move: Knock Off|[of] p1a: Metagross
|
|upkeep
|turn|15
|
|t:|1758332034
|move|p2a: Walking Wake|Hydro Steam|p1a: Metagross
|-damage|p1a: Metagross|24/100
|move|p1a: Metagross|Psychic Fangs|p2a: Walking Wake
|-damage|p2a: Walking Wake|0 fnt
|faint|p2a: Walking Wake
|-end|p2a: Walking Wake|Protosynthesis|[silent]
|
|upkeep
|
|t:|1758332041
|switch|p2a: Iron Moth|Iron Moth|100/100
|-enditem|p2a: Iron Moth|Booster Energy
|-activate|p2a: Iron Moth|ability: Quark Drive|[fromitem]
|-start|p2a: Iron Moth|quarkdrivespa
|turn|16
|
|t:|1758332048
|move|p2a: Iron Moth|Fiery Dance|p1a: Metagross
|-supereffective|p1a: Metagross
|-damage|p1a: Metagross|0 fnt
|faint|p1a: Metagross
|
|upkeep
|
|t:|1758332056
|switch|p1a: Gardevoir|Gardevoir, F|73/100
|-damage|p1a: Gardevoir|61/100|[from] Stealth Rock
|turn|17
|
|t:|1758332062
|-terastallize|p1a: Gardevoir|Fighting
|move|p2a: Iron Moth|Fiery Dance|p1a: Gardevoir
|-damage|p1a: Gardevoir|25/100
|-boost|p2a: Iron Moth|spa|1
|move|p1a: Gardevoir|Psychic|p2a: Iron Moth
|-supereffective|p2a: Iron Moth
|-damage|p2a: Iron Moth|5/100
|
|upkeep
|turn|18
|
|t:|1758332072
|move|p2a: Iron Moth|Fiery Dance|p1a: Gardevoir
|-damage|p1a: Gardevoir|0 fnt
|faint|p1a: Gardevoir
|
|upkeep
|
|t:|1758332077
|switch|p1a: Milotic|Milotic, M|100/100
|-damage|p1a: Milotic|88/100|[from] Stealth Rock
|turn|19
|
|t:|1758332083
|move|p2a: Iron Moth|Sludge Wave|p1a: Milotic
|-damage|p1a: Milotic|30/100
|move|p1a: Milotic|Scald|p2a: Iron Moth
|-supereffective|p2a: Iron Moth
|-damage|p2a: Iron Moth|0 fnt
|faint|p2a: Iron Moth
|-end|p2a: Iron Moth|Quark Drive|[silent]
|
|-heal|p1a: Milotic|36/100|[from] item: Leftovers
|upkeep
|
|t:|1758332093
|switch|p2a: Comfey|Comfey, M|7/100
|-heal|p2a: Comfey|100/100|[from] move: Healing Wish
|turn|20
|
|t:|1758332100
|move|p2a: Comfey|Growth|p2a: Comfey
|-boost|p2a: Comfey|atk|1
|-boost|p2a: Comfey|spa|1
|move|p1a: Milotic|Recover|p1a: Milotic
|-heal|p1a: Milotic|86/100
|
|-heal|p1a: Milotic|92/100|[from] item: Leftovers
|upkeep
|turn|21
|
|t:|1758332109
|move|p2a: Comfey|Growth|p2a: Comfey
|-boost|p2a: Comfey|atk|1
|-boost|p2a: Comfey|spa|1
|move|p1a: Milotic|Scald|p2a: Comfey
|-crit|p2a: Comfey
|-damage|p2a: Comfey|59/100
|
|-heal|p1a: Milotic|98/100|[from] item: Leftovers
|upkeep
|turn|22
|
|t:|1758332119
|move|p2a: Comfey|Synthesis|p2a: Comfey
|-heal|p2a: Comfey|100/100
|move|p1a: Milotic|Scald|p2a: Comfey
|-damage|p2a: Comfey|73/100
|
|-heal|p1a: Milotic|100/100|[from] item: Leftovers
|upkeep
|turn|23
|
|t:|1758332127
|move|p2a: Comfey|Growth|p2a: Comfey
|-boost|p2a: Comfey|atk|1
|-boost|p2a: Comfey|spa|1
|move|p1a: Milotic|Scald|p2a: Comfey
|-damage|p2a: Comfey|45/100
|-status|p2a: Comfey|brn
|
|-damage|p2a: Comfey|39/100 brn|[from] brn
|upkeep
|turn|24
|
|t:|1758332137
|move|p2a: Comfey|Synthesis|p2a: Comfey
|-heal|p2a: Comfey|89/100 brn
|move|p1a: Milotic|Scald|p2a: Comfey
|-damage|p2a: Comfey|59/100 brn
|
|-damage|p2a: Comfey|53/100 brn|[from] brn
|upkeep
|turn|25
|
|t:|1758332146
|move|p2a: Comfey|Growth|p2a: Comfey
|-boost|p2a: Comfey|atk|1
|-boost|p2a: Comfey|spa|1
|move|p1a: Milotic|Scald|p2a: Comfey
|-damage|p2a: Comfey|22/100 brn
|
|-damage|p2a: Comfey|16/100 brn|[from] brn
|upkeep
|turn|26
|
|t:|1758332155
|move|p2a: Comfey|Synthesis|p2a: Comfey
|-heal|p2a: Comfey|66/100 brn
|move|p1a: Milotic|Mirror Coat||[still]
|-fail|p1a: Milotic
|
|-damage|p2a: Comfey|60/100 brn|[from] brn
|upkeep
|turn|27
|
|t:|1758332163
|move|p2a: Comfey|Growth|p2a: Comfey
|-boost|p2a: Comfey|atk|1
|-boost|p2a: Comfey|spa|1
|move|p1a: Milotic|Mirror Coat||[still]
|-fail|p1a: Milotic
|
|-damage|p2a: Comfey|53/100 brn|[from] brn
|upkeep
|turn|28
|
|t:|1758332172
|move|p2a: Comfey|Synthesis|p2a: Comfey
|-heal|p2a: Comfey|100/100 brn
|move|p1a: Milotic|Mirror Coat||[still]
|-fail|p1a: Milotic
|
|-damage|p2a: Comfey|94/100 brn|[from] brn
|upkeep
|turn|29
|
|t:|1758332180
|move|p2a: Comfey|Growth|p2a: Comfey
|-boost|p2a: Comfey|atk|1
|-boost|p2a: Comfey|spa|1
|move|p1a: Milotic|Mirror Coat||[still]
|-fail|p1a: Milotic
|
|-damage|p2a: Comfey|88/100 brn|[from] brn
|upkeep
|turn|30
|
|t:|1758332190
|move|p2a: Comfey|Stored Power|p1a: Milotic
|-damage|p1a: Milotic|0 fnt
|faint|p1a: Milotic
|-damage|p2a: Comfey|78/100 brn|[from] item: Life Orb
|
|-damage|p2a: Comfey|72/100 brn|[from] brn
|upkeep
|-message|Aggrhy forfeited.
|
|win|full-doc
|raw|Aggrhy's rating: 1373 &rarr; <strong>1351</strong><br />(-22 for losing)
|raw|full-doc's rating: 1340 &rarr; <strong>1362</strong><br />(+22 for winning)
|l|☆Aggrhy
|player|p1|
|l|☆full-doc
|player|p2|
