|j|☆MBRis
|j|☆thybest37
|t:|1758283380
|gametype|singles
|player|p1|MBRis|170|1115
|player|p2|thybest37|gentleman-gen4dp|1085
|gen|9
|tier|[Gen 9] OU
|rated|
|rule|HP Percentage Mod: HP is shown in percentages
|rule|Endless Battle Clause: Forcing endless battles is banned
|rule|Species Clause: Limit one of each Pokémon
|rule|OHKO Clause: OHKO moves are banned
|rule|Evasion Items Clause: Evasion items are banned
|rule|Evasion Moves Clause: Evasion moves are banned
|rule|Evasion Abilities Clause: Evasion abilities are banned
|rule|Sleep Moves Clause: Sleep-inducing moves are banned
|clearpoke
|poke|p1|Masquerain, F|
|poke|p1|Serperior, M|
|poke|p1|Malamar, F|
|poke|p1|Cinderace, F|
|poke|p1|Quaquaval, F|
|poke|p1|Donphan, L25, F|
|poke|p2|Chesnaught, F|
|poke|p2|Suicune|
|poke|p2|Kingambit, M|
|poke|p2|Kyurem|
|poke|p2|Pecharunt|
|poke|p2|Iron Moth|
|teampreview
|inactive|Battle timer is ON: inactive players will automatically lose when time's up. (requested by MBRis)
|
|t:|1758283395
|teamsize|p1|6
|teamsize|p2|6
|start
|switch|p1a: Masquerain|Masquerain, F|100/100
|switch|p2a: Suicune|Suicune|100/100
|-ability|p1a: Masquerain|Intimidate|boost
|-fail|p2a: Suicune|unboost|Attack|[from] ability: Inner Focus|[of] p2a: Suicune
|turn|1
|
|t:|1758283408
|move|p1a: Masquerain|Sticky Web|p2a: Suicune
|-sidestart|p2: thybest37|move: Sticky Web
|move|p2a: Suicune|Ice Beam|p1a: Masquerain
|-supereffective|p1a: Masquerain
|-damage|p1a: Masquerain|19/100
|
|upkeep
|turn|2
|
|t:|1758283415
|move|p1a: Masquerain|Tailwind|p1a: Masquerain
|-sidestart|p1: MBRis|move: Tailwind
|move|p2a: Suicune|Ice Beam|p1a: Masquerain
|-supereffective|p1a: Masquerain
|-damage|p1a: Masquerain|0 fnt
|faint|p1a: Masquerain
|
|upkeep
|
|t:|1758283437
|switch|p1a: Cinderace|Cinderace, F|100/100
|turn|3
|
|t:|1758283442
|move|p1a: Cinderace|Court Change|p1a: Cinderace
|-start|p1a: Cinderace|typechange|Normal|[from] ability: Libero
|-swapsideconditions
|-activate|p1a: Cinderace|move: Court Change
|move|p2a: Suicune|Scald|p1a: Cinderace
|-damage|p1a: Cinderace|43/100
|
|upkeep
|turn|4
|c|☆thybest37|Wtf
|c|☆thybest37|Lol
|
|t:|1758283465
|move|p2a: Suicune|Scald|p1a: Cinderace
|-damage|p1a: Cinderace|0 fnt
|faint|p1a: Cinderace
|
|upkeep
|
|t:|1758283471
|switch|p1a: Malamar|Malamar, F|100/100
|-activate|p1a: Malamar|move: Sticky Web
|-boost|p1a: Malamar|spe|1
|turn|5
|
|t:|1758283487
|move|p2a: Suicune|Calm Mind|p2a: Suicune
|-boost|p2a: Suicune|spa|1
|-boost|p2a: Suicune|spd|1
|move|p1a: Malamar|Superpower|p2a: Suicune
|-damage|p2a: Suicune|64/100
|-boost|p1a: Malamar|atk|1
|-boost|p1a: Malamar|def|1
|-damage|p1a: Malamar|91/100|[from] item: Life Orb
|
|-sideend|p2: thybest37|move: Tailwind
|upkeep
|turn|6
|
|t:|1758283498
|move|p1a: Malamar|Superpower|p2a: Suicune
|-damage|p2a: Suicune|14/100
|-boost|p1a: Malamar|atk|1
|-boost|p1a: Malamar|def|1
|-damage|p1a: Malamar|81/100|[from] item: Life Orb
|move|p2a: Suicune|Scald|p1a: Malamar
|-damage|p1a: Malamar|5/100
|
|upkeep
|turn|7
|
|t:|1758283514
|move|p1a: Malamar|Stored Power|p2a: Suicune
|-damage|p2a: Suicune|0 fnt
|faint|p2a: Suicune
|-damage|p1a: Malamar|0 fnt|[from] item: Life Orb
|faint|p1a: Malamar
|
|upkeep
|inactive|thybest37 has 120 seconds left.
|
|t:|1758283531
|switch|p2a: Iron Moth|Iron Moth|100/100
|switch|p1a: Serperior|Serperior, M|100/100
|-activate|p1a: Serperior|move: Sticky Web
|-boost|p1a: Serperior|spe|1
|-enditem|p2a: Iron Moth|Booster Energy
|-activate|p2a: Iron Moth|ability: Quark Drive|[fromitem]
|-start|p2a: Iron Moth|quarkdrivespa
|turn|8
|inactive|thybest37 has 120 seconds left.
|
|t:|1758283543
|move|p1a: Serperior|Substitute|p1a: Serperior
|-start|p1a: Serperior|Substitute
|-damage|p1a: Serperior|75/100
|move|p2a: Iron Moth|Fiery Dance|p1a: Serperior
|-supereffective|p1a: Serperior
|-end|p1a: Serperior|Substitute
|-boost|p2a: Iron Moth|spa|1
|
|upkeep
|turn|9
|inactive|thybest37 has 120 seconds left.
|
|t:|1758283556
|move|p1a: Serperior|Leaf Storm|p2a: Iron Moth
|-resisted|p2a: Iron Moth
|-damage|p2a: Iron Moth|88/100
|-boost|p1a: Serperior|spa|2
|move|p2a: Iron Moth|Sludge Wave|p1a: Serperior
|-supereffective|p1a: Serperior
|-damage|p1a: Serperior|0 fnt
|faint|p1a: Serperior
|
|upkeep
|
|t:|1758283573
|switch|p1a: Donphan|Donphan, L25, F|100/100
|-activate|p1a: Donphan|move: Sticky Web
|-unboost|p1a: Donphan|spe|1
|turn|10
|
|t:|1758283580
|-terastallize|p2a: Iron Moth|Grass
|move|p2a: Iron Moth|Energy Ball|p1a: Donphan
|-supereffective|p1a: Donphan
|-ability|p1a: Donphan|Sturdy
|-damage|p1a: Donphan|2/100
|move|p1a: Donphan|Endeavor|p2a: Iron Moth
|-damage|p2a: Iron Moth|1/100
|-heal|p1a: Donphan|42/100|[from] item: Shell Bell|[of] p2a: Iron Moth
|
|upkeep
|turn|11
|inactive|thybest37 has 120 seconds left.
|
|t:|1758283598
|-end|p2a: Iron Moth|Quark Drive|[silent]
|switch|p2a: Pecharunt|Pecharunt|100/100
|move|p1a: Donphan|Ice Shard|p2a: Pecharunt
|-damage|p2a: Pecharunt|99/100
|-heal|p1a: Donphan|43/100|[from] item: Shell Bell|[of] p2a: Pecharunt
|
|-heal|p2a: Pecharunt|100/100|[from] item: Black Sludge
|upkeep
|turn|12
|inactive|thybest37 has 120 seconds left.
|
|t:|1758283610
|move|p1a: Donphan|Ice Shard|p2a: Pecharunt
|-damage|p2a: Pecharunt|99/100
|-heal|p1a: Donphan|44/100|[from] item: Shell Bell|[of] p2a: Pecharunt
|move|p2a: Pecharunt|Toxic|p1a: Donphan
|-status|p1a: Donphan|tox
|-start|p1a: Donphan|confusion|[from] ability: Poison Puppeteer|[of] p2a: Pecharunt
|
|-heal|p2a: Pecharunt|100/100|[from] item: Black Sludge
|-damage|p1a: Donphan|38/100 tox|[from] psn
|upkeep
|turn|13
|-message|MBRis forfeited.
|
|win|thybest37
|raw|MBRis's rating: 1115 &rarr; <strong>1088</strong><br />(-27 for losing)
|raw|thybest37's rating: 1085 &rarr; <strong>1115</strong><br />(+30 for winning)
|l|☆MBRis
|player|p1|
|l|☆thybest37
|player|p2|
