|j|‽AmaraJyotiVGC
|j|☆Cocomao7
|t:|1758255963
|gametype|singles
|player|p1|AmaraJyotiVGC|cynthia-gen4|1148
|player|p2|Cocomao7|biker-gen4|1157
|gen|9
|tier|[Gen 9] OU
|rated|
|rule|HP Percentage Mod: HP is shown in percentages
|rule|Endless Battle Clause: Forcing endless battles is banned
|rule|Species Clause: Limit one of each Pokémon
|rule|OHKO Clause: OHKO moves are banned
|rule|Evasion Items Clause: Evasion items are banned
|rule|Evasion Moves Clause: Evasion moves are banned
|rule|Evasion Abilities Clause: Evasion abilities are banned
|rule|Sleep Moves Clause: Sleep-inducing moves are banned
|clearpoke
|poke|p1|Gholdengo|
|poke|p1|Charizard, F|
|poke|p1|Raikou|
|poke|p1|Yanmega, F|
|poke|p1|Ursaluna, F|
|poke|p1|Dondozo, M|
|poke|p2|Torkoal, F|
|poke|p2|Blaziken, F|
|poke|p2|Grafaiai, M|
|poke|p2|Venusaur, M|
|poke|p2|Quagsire, F|
|poke|p2|Mamoswine, M|
|teampreview
|inactive|Battle timer is ON: inactive players will automatically lose when time's up. (requested by Cocomao7)
|
|t:|1758255968
|teamsize|p1|6
|teamsize|p2|6
|start
|switch|p1a: Raikou|Raikou, shiny|100/100
|switch|p2a: JohnnySomali|Grafaiai, M|100/100
|turn|1
|
|t:|1758255979
|-terastallize|p1a: Raikou|Electric
|move|p1a: Raikou|Thunderbolt|p2a: JohnnySomali
|-enditem|p2a: JohnnySomali|Focus Sash
|-damage|p2a: JohnnySomali|1/100
|-status|p2a: JohnnySomali|par
|-damage|p1a: Raikou|91/100|[from] item: Life Orb
|move|p2a: JohnnySomali|Knock Off|p1a: Raikou
|-damage|p1a: Raikou|52/100
|-enditem|p1a: Raikou|Life Orb|[from] move: Knock Off|[of] p2a: JohnnySomali
|
|upkeep
|turn|2
|
|t:|1758255992
|move|p1a: Raikou|Volt Switch|p2a: JohnnySomali
|-damage|p2a: JohnnySomali|0 fnt
|faint|p2a: JohnnySomali
|
|t:|1758255997
|switch|p1a: Gholdengo|Gholdengo, shiny|100/100|[from] Volt Switch
|
|upkeep
|
|t:|1758256001
|switch|p2a: ShinyVedal|Torkoal, F|100/100
|-weather|SunnyDay|[from] ability: Drought|[of] p2a: ShinyVedal
|turn|3
|
|t:|1758256006
|move|p1a: Gholdengo|Shadow Ball|p2a: ShinyVedal
|-damage|p2a: ShinyVedal|40/100
|-damage|p1a: Gholdengo|91/100|[from] item: Life Orb
|move|p2a: ShinyVedal|Stealth Rock|p1a: Gholdengo
|-sidestart|p1: AmaraJyotiVGC|move: Stealth Rock
|
|-weather|SunnyDay|[upkeep]
|upkeep
|turn|4
|
|t:|1758256014
|move|p1a: Gholdengo|Shadow Ball|p2a: ShinyVedal
|-damage|p2a: ShinyVedal|0 fnt
|faint|p2a: ShinyVedal
|-damage|p1a: Gholdengo|81/100|[from] item: Life Orb
|
|-weather|SunnyDay|[upkeep]
|upkeep
|
|t:|1758256022
|switch|p2a: YourMom|Venusaur, M|100/100
|turn|5
|
|t:|1758256027
|move|p2a: YourMom|Weather Ball|p1a: Gholdengo
|-supereffective|p1a: Gholdengo
|-damage|p1a: Gholdengo|0 fnt
|faint|p1a: Gholdengo
|
|-weather|SunnyDay|[upkeep]
|upkeep
|
|t:|1758256035
|switch|p1a: Charizard|Charizard, F, shiny|100/100
|-damage|p1a: Charizard|51/100|[from] Stealth Rock
|turn|6
|
|t:|1758256042
|move|p2a: YourMom|Sludge Bomb|p1a: Charizard
|-damage|p1a: Charizard|0 fnt
|faint|p1a: Charizard
|
|-weather|SunnyDay|[upkeep]
|upkeep
|
|t:|1758256050
|switch|p1a: Raikou|Raikou, shiny, tera:Electric|52/100
|-damage|p1a: Raikou|39/100|[from] Stealth Rock
|turn|7
|
|t:|1758256057
|move|p2a: YourMom|Sludge Bomb|p1a: Raikou
|-damage|p1a: Raikou|0 fnt
|faint|p1a: Raikou
|
|-weather|SunnyDay|[upkeep]
|upkeep
|-message|AmaraJyotiVGC forfeited.
|
|win|Cocomao7
|raw|AmaraJyotiVGC's rating: 1148 &rarr; <strong>1124</strong><br />(-24 for losing)
|raw|Cocomao7's rating: 1157 &rarr; <strong>1181</strong><br />(+24 for winning)
|l|‽AmaraJyotiVGC
|player|p1|
|l|☆Cocomao7
|player|p2|
