|j|☆giovanni_but_good
|j|☆Jon Mateo
|t:|1758270298
|gametype|singles
|player|p1|giovanni_but_good|giovanni|1328
|player|p2|Jon Mateo|169|1353
|gen|9
|tier|[Gen 9] OU
|rated|
|rule|HP Percentage Mod: HP is shown in percentages
|rule|Endless Battle Clause: Forcing endless battles is banned
|rule|Species Clause: Limit one of each Pokémon
|rule|OHKO Clause: OHKO moves are banned
|rule|Evasion Items Clause: Evasion items are banned
|rule|Evasion Moves Clause: Evasion moves are banned
|rule|Evasion Abilities Clause: Evasion abilities are banned
|rule|Sleep Moves Clause: Sleep-inducing moves are banned
|clearpoke
|poke|p1|Raging Bolt|
|poke|p1|Rillaboom, F|
|poke|p1|Heatran, F|
|poke|p1|Enamorus, F|
|poke|p1|Gholdengo|
|poke|p1|Ogerpon, F|
|poke|p2|Ceruledge, F|
|poke|p2|Lokix, M|
|poke|p2|Quaquaval, M|
|poke|p2|Gardevoir, M|
|poke|p2|Garchomp, M|
|poke|p2|Rotom-Frost|
|teampreview
|c|☆giovanni_but_good|glhf
|c|☆giovanni_but_good|oooh
|c|☆giovanni_but_good|I like the Rotom ice
|
|t:|1758270318
|teamsize|p1|6
|teamsize|p2|6
|start
|switch|p1a: Heatran|Heatran, F|100/100
|switch|p2a: Rotom|Rotom-Frost|100/100
|-item|p1a: Heatran|Air Balloon
|turn|1
|
|t:|1758270326
|move|p2a: Rotom|Volt Switch|p1a: Heatran
|-damage|p1a: Heatran|73/100
|-enditem|p1a: Heatran|Air Balloon
|
|t:|1758270336
|switch|p2a: Garchomp|Garchomp, M|100/100|[from] Volt Switch
|move|p1a: Heatran|Stealth Rock|p2a: Garchomp
|-sidestart|p2: Jon Mateo|move: Stealth Rock
|
|upkeep
|turn|2
|
|t:|1758270348
|move|p2a: Garchomp|Iron Head|p1a: Heatran
|-resisted|p1a: Heatran
|-damage|p1a: Heatran|68/100
|move|p1a: Heatran|Dragon Pulse|p2a: Garchomp
|-supereffective|p2a: Garchomp
|-damage|p2a: Garchomp|39/100
|
|upkeep
|turn|3
|
|t:|1758270364
|move|p2a: Garchomp|Iron Head|p1a: Heatran
|-resisted|p1a: Heatran
|-damage|p1a: Heatran|62/100
|cant|p1a: Heatran|flinch
|
|upkeep
|turn|4
|
|t:|1758270369
|move|p2a: Garchomp|Earthquake|p1a: Heatran
|-supereffective|p1a: Heatran
|-damage|p1a: Heatran|0 fnt
|faint|p1a: Heatran
|
|upkeep
|
|t:|1758270376
|switch|p1a: Gholdengo|Gholdengo|100/100
|turn|5
|
|t:|1758270382
|move|p1a: Gholdengo|Dazzling Gleam|p2a: Garchomp
|-supereffective|p2a: Garchomp
|-damage|p2a: Garchomp|0 fnt
|faint|p2a: Garchomp
|
|upkeep
|
|t:|1758270393
|switch|p2a: Ceruledge|Ceruledge, F|100/100
|-damage|p2a: Ceruledge|76/100|[from] Stealth Rock
|turn|6
|c|☆giovanni_but_good|Were you not max speed?
|
|t:|1758270409
|switch|p1a: Raging Bolt|Raging Bolt|100/100
|-terastallize|p2a: Ceruledge|Fire
|move|p2a: Ceruledge|Swords Dance|p2a: Ceruledge
|-boost|p2a: Ceruledge|atk|2
|
|upkeep
|turn|7
|
|t:|1758270416
|move|p2a: Ceruledge|Bitter Blade|p1a: Raging Bolt
|-resisted|p1a: Raging Bolt
|-damage|p1a: Raging Bolt|27/100
|-heal|p2a: Ceruledge|100/100|[from] drain|[of] p1a: Raging Bolt
|-damage|p2a: Ceruledge|91/100|[from] item: Life Orb
|move|p1a: Raging Bolt|Thunderbolt|p2a: Ceruledge
|-damage|p2a: Ceruledge|29/100
|
|-heal|p1a: Raging Bolt|33/100|[from] item: Leftovers
|upkeep
|turn|8
|
|t:|1758270425
|move|p2a: Ceruledge|Shadow Sneak|p1a: Raging Bolt
|-damage|p1a: Raging Bolt|0 fnt
|faint|p1a: Raging Bolt
|-end|p1a: Raging Bolt|Protosynthesis|[silent]
|-damage|p2a: Ceruledge|19/100|[from] item: Life Orb
|
|upkeep
|
|t:|1758270429
|switch|p1a: Rillaboom|Rillaboom, F|100/100
|-fieldstart|move: Grassy Terrain|[from] ability: Grassy Surge|[of] p1a: Rillaboom
|turn|9
|
|t:|1758270433
|move|p1a: Rillaboom|Fake Out|p2a: Ceruledge
|-damage|p2a: Ceruledge|2/100
|-ability|p2a: Ceruledge|Weak Armor|boost
|-unboost|p2a: Ceruledge|def|1
|-boost|p2a: Ceruledge|spe|2
|cant|p2a: Ceruledge|flinch
|
|-heal|p2a: Ceruledge|8/100|[from] Grassy Terrain
|upkeep
|turn|10
|
|t:|1758270440
|move|p2a: Ceruledge|Shadow Sneak|p1a: Rillaboom
|-damage|p1a: Rillaboom|38/100
|-damage|p2a: Ceruledge|0 fnt|[from] item: Life Orb
|faint|p2a: Ceruledge
|move|p1a: Rillaboom|Grassy Glide|p2: Ceruledge|[notarget]
|-fail|p1a: Rillaboom
|
|-heal|p1a: Rillaboom|44/100|[from] Grassy Terrain
|upkeep
|
|t:|1758270451
|switch|p2a: Lokix|Lokix, M|100/100
|-damage|p2a: Lokix|76/100|[from] Stealth Rock
|turn|11
|
|t:|1758270456
|switch|p1a: Gholdengo|Gholdengo|100/100
|move|p2a: Lokix|U-turn|p1a: Gholdengo
|-resisted|p1a: Gholdengo
|-damage|p1a: Gholdengo|83/100
|
|t:|1758270482
|switch|p2a: Quaquaval|Quaquaval, M|100/100|[from] U-turn
|-damage|p2a: Quaquaval|94/100|[from] Stealth Rock
|
|-heal|p1a: Gholdengo|89/100|[from] Grassy Terrain
|-heal|p2a: Quaquaval|100/100|[from] Grassy Terrain
|upkeep
|turn|12
|
|t:|1758270491
|move|p1a: Gholdengo|Thunderbolt|p2a: Quaquaval
|-supereffective|p2a: Quaquaval
|-damage|p2a: Quaquaval|17/100
|move|p2a: Quaquaval|Aqua Step|p1a: Gholdengo
|-damage|p1a: Gholdengo|11/100
|-boost|p2a: Quaquaval|spe|1
|
|-heal|p1a: Gholdengo|17/100|[from] Grassy Terrain
|-heal|p2a: Quaquaval|23/100|[from] Grassy Terrain
|upkeep
|turn|13
|
|t:|1758270506
|switch|p1a: Rillaboom|Rillaboom, F|44/100
|move|p2a: Quaquaval|Aqua Step|p1a: Rillaboom
|-resisted|p1a: Rillaboom
|-damage|p1a: Rillaboom|8/100
|-boost|p2a: Quaquaval|spe|1
|
|-heal|p2a: Quaquaval|29/100|[from] Grassy Terrain
|-heal|p1a: Rillaboom|14/100|[from] Grassy Terrain
|-fieldend|move: Grassy Terrain
|upkeep
|turn|14
|
|t:|1758270515
|move|p1a: Rillaboom|Fake Out|p2a: Quaquaval
|-damage|p2a: Quaquaval|13/100
|cant|p2a: Quaquaval|flinch
|
|upkeep
|turn|15
|
|t:|1758270519
|switch|p1a: Gholdengo|Gholdengo|17/100
|move|p2a: Quaquaval|Aqua Step|p1a: Gholdengo
|-damage|p1a: Gholdengo|0 fnt
|-boost|p2a: Quaquaval|spe|1
|faint|p1a: Gholdengo
|-ability|p2a: Quaquaval|Moxie|boost
|-boost|p2a: Quaquaval|atk|1
|
|upkeep
|
|t:|1758270521
|switch|p1a: Rillaboom|Rillaboom, F|14/100
|-fieldstart|move: Grassy Terrain|[from] ability: Grassy Surge|[of] p1a: Rillaboom
|turn|16
|
|t:|1758270530
|switch|p2a: Lokix|Lokix, M|76/100
|-damage|p2a: Lokix|51/100|[from] Stealth Rock
|move|p1a: Rillaboom|Grassy Glide|p2a: Lokix
|-resisted|p2a: Lokix
|-damage|p2a: Lokix|26/100
|-enditem|p2a: Lokix|Sitrus Berry|[eat]
|-heal|p2a: Lokix|51/100|[from] item: Sitrus Berry
|
|-heal|p1a: Rillaboom|20/100|[from] Grassy Terrain
|-heal|p2a: Lokix|57/100|[from] Grassy Terrain
|upkeep
|turn|17
|
|t:|1758270539
|move|p1a: Rillaboom|Fake Out||[still]
|-hint|Fake Out only works on your first turn out.
|-fail|p1a: Rillaboom
|move|p2a: Lokix|First Impression|p1a: Rillaboom
|-supereffective|p1a: Rillaboom
|-damage|p1a: Rillaboom|0 fnt
|faint|p1a: Rillaboom
|
|-heal|p2a: Lokix|63/100|[from] Grassy Terrain
|upkeep
|
|t:|1758270543
|switch|p1a: Enamorus|Enamorus, F|100/100
|turn|18
|
|t:|1758270549
|switch|p2a: Rotom|Rotom-Frost|100/100
|-damage|p2a: Rotom|76/100|[from] Stealth Rock
|move|p1a: Enamorus|Superpower|p2a: Rotom
|-supereffective|p2a: Rotom
|-damage|p2a: Rotom|0 fnt
|-boost|p1a: Enamorus|atk|1
|-boost|p1a: Enamorus|def|1
|faint|p2a: Rotom
|-damage|p1a: Enamorus|91/100|[from] item: Life Orb
|
|upkeep
|
|t:|1758270555
|switch|p2a: Gardevoir|Gardevoir, M|100/100
|-damage|p2a: Gardevoir|88/100|[from] Stealth Rock
|turn|19
|
|t:|1758270567
|move|p1a: Enamorus|Iron Head|p2a: Gardevoir
|-supereffective|p2a: Gardevoir
|-damage|p2a: Gardevoir|0 fnt
|faint|p2a: Gardevoir
|-damage|p1a: Enamorus|81/100|[from] item: Life Orb
|
|upkeep
|
|t:|1758270573
|switch|p2a: Quaquaval|Quaquaval, M|13/100
|-damage|p2a: Quaquaval|7/100|[from] Stealth Rock
|turn|20
|
|t:|1758270577
|move|p2a: Quaquaval|Aqua Jet|p1a: Enamorus
|-damage|p1a: Enamorus|49/100
|move|p1a: Enamorus|Superpower|p2a: Quaquaval
|-damage|p2a: Quaquaval|0 fnt
|-boost|p1a: Enamorus|atk|1
|-boost|p1a: Enamorus|def|1
|faint|p2a: Quaquaval
|-damage|p1a: Enamorus|39/100|[from] item: Life Orb
|
|-fieldend|move: Grassy Terrain
|upkeep
|
|t:|1758270582
|switch|p2a: Lokix|Lokix, M|63/100
|-damage|p2a: Lokix|38/100|[from] Stealth Rock
|turn|21
|
|t:|1758270584
|move|p2a: Lokix|First Impression|p1a: Enamorus
|-resisted|p1a: Enamorus
|-damage|p1a: Enamorus|23/100
|move|p1a: Enamorus|Superpower|p2a: Lokix
|-damage|p2a: Lokix|0 fnt
|-boost|p1a: Enamorus|atk|1
|-boost|p1a: Enamorus|def|1
|faint|p2a: Lokix
|-damage|p1a: Enamorus|14/100|[from] item: Life Orb
|
|win|giovanni_but_good
|raw|giovanni_but_good's rating: 1328 &rarr; <strong>1349</strong><br />(+21 for winning)
|raw|Jon Mateo's rating: 1353 &rarr; <strong>1332</strong><br />(-21 for losing)
|c|☆giovanni_but_good|gg
|c|☆giovanni_but_good|wp
|c|☆Jon Mateo|gg
|l|☆Jon Mateo
|player|p2|
|l|☆giovanni_but_good
|player|p1|
