|j|☆Champion reko
|j|☆pitfox64
|t:|1758276861
|gametype|singles
|player|p1|Champion reko|norman|1280
|player|p2|pitfox64|101|1302
|gen|9
|tier|[Gen 9] OU
|rated|
|rule|HP Percentage Mod: HP is shown in percentages
|rule|Endless Battle Clause: Forcing endless battles is banned
|rule|Species Clause: Limit one of each Pokémon
|rule|OHKO Clause: OHKO moves are banned
|rule|Evasion Items Clause: Evasion items are banned
|rule|Evasion Moves Clause: Evasion moves are banned
|rule|Evasion Abilities Clause: Evasion abilities are banned
|rule|Sleep Moves Clause: Sleep-inducing moves are banned
|clearpoke
|poke|p1|Araquanid, F|
|poke|p1|Dragonite, M|
|poke|p1|Great Tusk|
|poke|p1|Gholdengo|
|poke|p1|Raging Bolt|
|poke|p1|Moltres|
|poke|p2|Rillaboom, M|
|poke|p2|Snorlax, F|
|poke|p2|Walking Wake|
|poke|p2|Venusaur, M|
|poke|p2|Torkoal, M|
|poke|p2|Grimmsnarl, M|
|teampreview
|
|t:|1758276880
|teamsize|p1|6
|teamsize|p2|6
|start
|switch|p1a: Araquanid|Araquanid, F, shiny|100/100
|switch|p2a: Torkoal|Torkoal, M|100/100
|-weather|SunnyDay|[from] ability: Drought|[of] p2a: Torkoal
|turn|1
|inactive|Battle timer is ON: inactive players will automatically lose when time's up. (requested by Champion reko)
|
|t:|1758276902
|move|p1a: Araquanid|Surf|p2a: Torkoal
|-supereffective|p2a: Torkoal
|-damage|p2a: Torkoal|25/100
|move|p2a: Torkoal|Stealth Rock|p1a: Araquanid
|-sidestart|p1: Champion reko|move: Stealth Rock
|
|-weather|SunnyDay|[upkeep]
|upkeep
|turn|2
|
|t:|1758276906
|switch|p2a: Venusaur|Venusaur, M|100/100
|move|p1a: Araquanid|Sticky Web|p2a: Venusaur
|-sidestart|p2: pitfox64|move: Sticky Web
|
|-weather|SunnyDay|[upkeep]
|upkeep
|turn|3
|
|t:|1758276918
|switch|p1a: Moltres|Moltres, shiny|100/100
|move|p2a: Venusaur|Growth|p2a: Venusaur
|-boost|p2a: Venusaur|atk|2
|-boost|p2a: Venusaur|spa|2
|
|-weather|SunnyDay|[upkeep]
|upkeep
|turn|4
|
|t:|1758276934
|move|p2a: Venusaur|Growth|p2a: Venusaur
|-boost|p2a: Venusaur|atk|2
|-boost|p2a: Venusaur|spa|2
|move|p1a: Moltres|Flamethrower|p2a: Venusaur
|-supereffective|p2a: Venusaur
|-damage|p2a: Venusaur|0 fnt
|faint|p2a: Venusaur
|
|-weather|SunnyDay|[upkeep]
|upkeep
|
|t:|1758276936
|switch|p2a: Torkoal|Torkoal, M|25/100
|-activate|p2a: Torkoal|move: Sticky Web
|-unboost|p2a: Torkoal|spe|1
|turn|5
|
|t:|1758276943
|switch|p1a: Gholdengo|Gholdengo|100/100
|-damage|p1a: Gholdengo|94/100|[from] Stealth Rock
|-item|p1a: Gholdengo|Air Balloon
|move|p2a: Torkoal|Rapid Spin|p1a: Gholdengo
|-immune|p1a: Gholdengo
|
|-weather|SunnyDay|[upkeep]
|upkeep
|turn|6
|
|t:|1758276954
|move|p1a: Gholdengo|Shadow Ball|p2a: Torkoal
|-damage|p2a: Torkoal|0 fnt
|faint|p2a: Torkoal
|
|-weather|SunnyDay|[upkeep]
|upkeep
|inactive|pitfox64 has 120 seconds left.
|
|t:|1758276994
|switch|p2a: Snorlax|Snorlax, F, shiny|100/100
|-activate|p2a: Snorlax|move: Sticky Web
|-unboost|p2a: Snorlax|spe|1
|turn|7
|
|t:|1758277000
|move|p1a: Gholdengo|Nasty Plot|p1a: Gholdengo
|-boost|p1a: Gholdengo|spa|2
|move|p2a: Snorlax|Heat Crash|p1a: Gholdengo
|-supereffective|p1a: Gholdengo
|-damage|p1a: Gholdengo|11/100
|-enditem|p1a: Gholdengo|Air Balloon
|
|-weather|SunnyDay|[upkeep]
|upkeep
|turn|8
|
|t:|1758277005
|move|p1a: Gholdengo|Make It Rain|p2a: Snorlax
|-damage|p2a: Snorlax|30/100
|-unboost|p1a: Gholdengo|spa|1
|move|p2a: Snorlax|Heat Crash|p1a: Gholdengo
|-supereffective|p1a: Gholdengo
|-damage|p1a: Gholdengo|0 fnt
|faint|p1a: Gholdengo
|
|-weather|none
|upkeep
|
|t:|1758277010
|switch|p1a: Great Tusk|Great Tusk, shiny|100/100
|-damage|p1a: Great Tusk|97/100|[from] Stealth Rock
|-enditem|p1a: Great Tusk|Booster Energy
|-activate|p1a: Great Tusk|ability: Protosynthesis|[fromitem]
|-start|p1a: Great Tusk|protosynthesisatk
|turn|9
|
|t:|1758277018
|-terastallize|p2a: Snorlax|Fairy
|move|p1a: Great Tusk|Rapid Spin|p2a: Snorlax
|-damage|p2a: Snorlax|11/100
|-boost|p1a: Great Tusk|spe|1
|-sideend|p1: Champion reko|Stealth Rock|[from] move: Rapid Spin|[of] p1a: Great Tusk
|move|p2a: Snorlax|Rest|p2a: Snorlax
|-status|p2a: Snorlax|slp|[from] move: Rest
|-heal|p2a: Snorlax|100/100 slp|[silent]
|-enditem|p2a: Snorlax|Chesto Berry|[eat]
|-curestatus|p2a: Snorlax|slp|[msg]
|
|upkeep
|turn|10
|
|t:|1758277025
|move|p1a: Great Tusk|Headlong Rush|p2a: Snorlax
|-damage|p2a: Snorlax|38/100
|-unboost|p1a: Great Tusk|def|1
|-unboost|p1a: Great Tusk|spd|1
|move|p2a: Snorlax|Curse|p2a: Snorlax
|-unboost|p2a: Snorlax|spe|1
|-boost|p2a: Snorlax|atk|1
|-boost|p2a: Snorlax|def|1
|
|upkeep
|turn|11
|
|t:|1758277034
|move|p1a: Great Tusk|Headlong Rush|p2a: Snorlax
|-damage|p2a: Snorlax|0 fnt
|-unboost|p1a: Great Tusk|def|1
|-unboost|p1a: Great Tusk|spd|1
|faint|p2a: Snorlax
|
|upkeep
|
|t:|1758277037
|switch|p2a: Grimmsnarl|Grimmsnarl, M|100/100
|-activate|p2a: Grimmsnarl|move: Sticky Web
|-unboost|p2a: Grimmsnarl|spe|1
|turn|12
|
|t:|1758277043
|move|p2a: Grimmsnarl|Trick|p1a: Great Tusk
|-activate|p2a: Grimmsnarl|move: Trick|[of] p1a: Great Tusk
|-item|p1a: Great Tusk|Lagging Tail|[from] move: Trick
|-enditem|p2a: Grimmsnarl|Lagging Tail|[silent]|[from] move: Trick
|move|p1a: Great Tusk|Headlong Rush|p2a: Grimmsnarl
|-damage|p2a: Grimmsnarl|16/100
|-unboost|p1a: Great Tusk|def|1
|-unboost|p1a: Great Tusk|spd|1
|
|upkeep
|turn|13
|
|t:|1758277061
|move|p2a: Grimmsnarl|Spirit Break|p1a: Great Tusk
|-supereffective|p1a: Great Tusk
|-damage|p1a: Great Tusk|0 fnt
|faint|p1a: Great Tusk
|-end|p1a: Great Tusk|Protosynthesis|[silent]
|
|upkeep
|
|t:|1758277073
|switch|p1a: Dragonite|Dragonite, M, shiny|100/100
|turn|14
|
|t:|1758277077
|move|p1a: Dragonite|Extreme Speed|p2a: Grimmsnarl
|-damage|p2a: Grimmsnarl|0 fnt
|faint|p2a: Grimmsnarl
|
|upkeep
|
|t:|1758277081
|switch|p2a: Rillaboom|Rillaboom, M|100/100
|-activate|p2a: Rillaboom|move: Sticky Web
|-unboost|p2a: Rillaboom|spe|1
|-fieldstart|move: Grassy Terrain|[from] ability: Grassy Surge|[of] p2a: Rillaboom
|turn|15
|
|t:|1758277093
|switch|p1a: Moltres|Moltres, shiny|100/100
|switch|p2a: Walking Wake|Walking Wake|100/100
|-activate|p2a: Walking Wake|move: Sticky Web
|-unboost|p2a: Walking Wake|spe|1
|
|upkeep
|turn|16
|
|t:|1758277100
|move|p2a: Walking Wake|Draco Meteor|p1a: Moltres|[miss]
|-miss|p2a: Walking Wake|p1a: Moltres
|move|p1a: Moltres|Will-O-Wisp|p2a: Walking Wake
|-status|p2a: Walking Wake|brn
|
|-damage|p2a: Walking Wake|94/100 brn|[from] brn
|upkeep
|turn|17
|
|t:|1758277123
|switch|p1a: Dragonite|Dragonite, M, shiny|100/100
|move|p2a: Walking Wake|Draco Meteor|p1a: Dragonite
|-supereffective|p1a: Dragonite
|-damage|p1a: Dragonite|0 fnt
|-unboost|p2a: Walking Wake|spa|2
|faint|p1a: Dragonite
|
|-heal|p2a: Walking Wake|100/100 brn|[from] Grassy Terrain
|-damage|p2a: Walking Wake|94/100 brn|[from] brn
|upkeep
|
|t:|1758277135
|switch|p1a: Raging Bolt|Raging Bolt|100/100
|-enditem|p1a: Raging Bolt|Booster Energy
|-activate|p1a: Raging Bolt|ability: Protosynthesis|[fromitem]
|-start|p1a: Raging Bolt|protosynthesisspa
|turn|18
|
|t:|1758277143
|-end|p2a: Walking Wake|Protosynthesis|[silent]
|switch|p2a: Rillaboom|Rillaboom, M|100/100
|-activate|p2a: Rillaboom|move: Sticky Web
|-unboost|p2a: Rillaboom|spe|1
|-terastallize|p1a: Raging Bolt|Fairy
|move|p1a: Raging Bolt|Draco Meteor|p2a: Rillaboom
|-damage|p2a: Rillaboom|0 fnt
|-unboost|p1a: Raging Bolt|spa|2
|faint|p2a: Rillaboom
|
|upkeep
|
|t:|1758277151
|switch|p2a: Walking Wake|Walking Wake|94/100 brn
|-activate|p2a: Walking Wake|move: Sticky Web
|-unboost|p2a: Walking Wake|spe|1
|turn|19
|
|t:|1758277166
|move|p1a: Raging Bolt|Thunderclap|p2a: Walking Wake
|-damage|p2a: Walking Wake|60/100 brn
|move|p2a: Walking Wake|Hydro Steam|p1a: Raging Bolt
|-damage|p1a: Raging Bolt|47/100
|
|-heal|p2a: Walking Wake|66/100 brn|[from] Grassy Terrain
|-heal|p1a: Raging Bolt|53/100|[from] Grassy Terrain
|-damage|p2a: Walking Wake|60/100 brn|[from] brn
|upkeep
|turn|20
|inactive|Champion reko has 120 seconds left.
|inactive|pitfox64 has 120 seconds left.
|
|t:|1758277198
|-end|p1a: Raging Bolt|Protosynthesis|[silent]
|switch|p1a: Moltres|Moltres, shiny|100/100
|move|p2a: Walking Wake|Hydro Steam|p1a: Moltres
|-supereffective|p1a: Moltres
|-damage|p1a: Moltres|0 fnt
|faint|p1a: Moltres
|
|-heal|p2a: Walking Wake|66/100 brn|[from] Grassy Terrain
|-damage|p2a: Walking Wake|60/100 brn|[from] brn
|upkeep
|
|t:|1758277202
|switch|p1a: Araquanid|Araquanid, F, shiny|100/100
|turn|21
|
|t:|1758277209
|move|p2a: Walking Wake|Hydro Steam|p1a: Araquanid
|-resisted|p1a: Araquanid
|-damage|p1a: Araquanid|76/100
|move|p1a: Araquanid|Surf|p2a: Walking Wake
|-resisted|p2a: Walking Wake
|-crit|p2a: Walking Wake
|-damage|p2a: Walking Wake|38/100 brn
|
|-heal|p2a: Walking Wake|44/100 brn|[from] Grassy Terrain
|-heal|p1a: Araquanid|82/100|[from] Grassy Terrain
|-damage|p2a: Walking Wake|38/100 brn|[from] brn
|upkeep
|turn|22
|
|t:|1758277218
|move|p2a: Walking Wake|Hydro Steam|p1a: Araquanid
|-resisted|p1a: Araquanid
|-damage|p1a: Araquanid|60/100
|move|p1a: Araquanid|Surf|p2a: Walking Wake
|-resisted|p2a: Walking Wake
|-damage|p2a: Walking Wake|23/100 brn
|
|-heal|p2a: Walking Wake|29/100 brn|[from] Grassy Terrain
|-heal|p1a: Araquanid|66/100|[from] Grassy Terrain
|-damage|p2a: Walking Wake|23/100 brn|[from] brn
|-fieldend|move: Grassy Terrain
|upkeep
|turn|23
|
|t:|1758277222
|move|p2a: Walking Wake|Hydro Steam|p1a: Araquanid
|-resisted|p1a: Araquanid
|-damage|p1a: Araquanid|44/100
|move|p1a: Araquanid|Surf|p2a: Walking Wake
|-resisted|p2a: Walking Wake
|-damage|p2a: Walking Wake|8/100 brn
|
|-damage|p2a: Walking Wake|2/100 brn|[from] brn
|upkeep
|turn|24
|-message|pitfox64 forfeited.
|
|win|Champion reko
|raw|Champion reko's rating: 1280 &rarr; <strong>1307</strong><br />(+27 for winning)
|raw|pitfox64's rating: 1302 &rarr; <strong>1281</strong><br />(-21 for losing)
|l|☆pitfox64
|player|p2|
