|j|☆forok1234
|j|☆moriatys
|t:|1758349054
|gametype|singles
|player|p1|forok1234|2|1246
|player|p2|moriatys|101|1205
|gen|9
|tier|[Gen 9] OU
|rated|
|rule|HP Percentage Mod: HP is shown in percentages
|rule|Endless Battle Clause: Forcing endless battles is banned
|rule|Species Clause: Limit one of each Pokémon
|rule|OHKO Clause: OHKO moves are banned
|rule|Evasion Items Clause: Evasion items are banned
|rule|Evasion Moves Clause: Evasion moves are banned
|rule|Evasion Abilities Clause: Evasion abilities are banned
|rule|Sleep Moves Clause: Sleep-inducing moves are banned
|clearpoke
|poke|p1|Ting-Lu|
|poke|p1|Gliscor, M|
|poke|p1|Sinistcha-Masterpiece|
|poke|p1|Keldeo|
|poke|p1|Tinkaton, F|
|poke|p1|Dragonite, M|
|poke|p2|Iron Moth|
|poke|p2|Mamoswine, M|
|poke|p2|Iron Crown|
|poke|p2|Iron Hands|
|poke|p2|Meowscarada, M|
|poke|p2|Primarina, M|
|teampreview
|inactive|Battle timer is ON: inactive players will automatically lose when time's up. (requested by moriatys)
|
|t:|1758349094
|teamsize|p1|6
|teamsize|p2|6
|start
|switch|p1a: MLP|Keldeo|100/100
|switch|p2a: Liberacy|Meowscarada, M, shiny|100/100
|turn|1
|
|t:|1758349120
|switch|p2a: Celestine|Primarina, M, shiny|100/100
|switch|p1a: SipsTea|Sinistcha-Masterpiece, shiny|100/100
|
|upkeep
|turn|2
|inactive|forok1234 has 120 seconds left.
|
|t:|1758349142
|switch|p2a: Braveheart|Iron Crown|100/100
|move|p1a: SipsTea|Matcha Gotcha|p2a: Braveheart
|-resisted|p2a: Braveheart
|-damage|p2a: Braveheart|84/100
|
|upkeep
|turn|3
|inactive|forok1234 has 120 seconds left.
|inactive|forok1234 has 90 seconds left.
|
|t:|1758349184
|switch|p1a: Braindamage|Ting-Lu|100/100
|-ability|p1a: Braindamage|Vessel of Ruin
|move|p2a: Braveheart|Tachyon Cutter|p1a: Braindamage
|-damage|p1a: Braindamage|86/100
|-damage|p1a: Braindamage|70/100
|-hitcount|p1a: Braindamage|2
|
|-heal|p1a: Braindamage|77/100|[from] item: Leftovers
|upkeep
|turn|4
|inactive|forok1234 has 90 seconds left.
|inactive|forok1234 has 60 seconds left.
|
|t:|1758349226
|-end|p2a: Braveheart|Quark Drive|[silent]
|switch|p2a: Behemoth|Mamoswine, M, shiny|100/100
|move|p1a: Braindamage|Spikes|p2a: Behemoth
|-sidestart|p2: moriatys|Spikes
|
|-heal|p1a: Braindamage|83/100|[from] item: Leftovers
|upkeep
|turn|5
|inactive|forok1234 has 60 seconds left.
|
|t:|1758349251
|move|p2a: Behemoth|Stealth Rock|p1a: Braindamage
|-sidestart|p1: forok1234|move: Stealth Rock
|move|p1a: Braindamage|Spikes|p2a: Behemoth
|-sidestart|p2: moriatys|Spikes
|
|-heal|p1a: Braindamage|89/100|[from] item: Leftovers
|upkeep
|turn|6
|
|t:|1758349266
|move|p2a: Behemoth|Earthquake|p1a: Braindamage
|-damage|p1a: Braindamage|61/100
|move|p1a: Braindamage|Spikes|p2a: Behemoth
|-sidestart|p2: moriatys|Spikes
|
|-heal|p1a: Braindamage|67/100|[from] item: Leftovers
|upkeep
|turn|7
|
|t:|1758349275
|move|p2a: Behemoth|Ice Shard|p1a: Braindamage
|-supereffective|p1a: Braindamage
|-damage|p1a: Braindamage|42/100
|move|p1a: Braindamage|Whirlwind|p2a: Behemoth
|drag|p2a: Braveheart|Iron Crown|84/100
|-damage|p2a: Braveheart|59/100|[from] Spikes
|
|-heal|p1a: Braindamage|49/100|[from] item: Leftovers
|upkeep
|turn|8
|inactive|forok1234 has 30 seconds left.
|inactive|forok1234 has 20 seconds left.
|inactive|forok1234 has 15 seconds left.
|
|t:|1758349317
|switch|p1a: Drakonid Operative|Dragonite, M|100/100
|move|p2a: Braveheart|Focus Blast|p1a: Drakonid Operative|[miss]
|-miss|p2a: Braveheart|p1a: Drakonid Operative
|
|upkeep
|turn|9
|inactive|forok1234 has 25 seconds left this turn.
|inactive|forok1234 has 20 seconds left.
|
|t:|1758349324
|-end|p2a: Braveheart|Quark Drive|[silent]
|switch|p2a: Celestine|Primarina, M, shiny|100/100
|-damage|p2a: Celestine|76/100|[from] Spikes
|move|p1a: Drakonid Operative|Dragon Tail|p2a: Celestine
|-immune|p2a: Celestine
|
|-heal|p2a: Celestine|82/100|[from] item: Leftovers
|upkeep
|turn|10
|inactive|forok1234 has 30 seconds left this turn.
|
|t:|1758349334
|switch|p1a: CLQ|Tinkaton, F, shiny|100/100
|-damage|p1a: CLQ|94/100|[from] Stealth Rock
|-item|p1a: CLQ|Air Balloon
|move|p2a: Celestine|Draining Kiss|p1a: CLQ
|-resisted|p1a: CLQ
|-damage|p1a: CLQ|85/100
|-heal|p2a: Celestine|89/100|[from] drain|[of] p1a: CLQ
|-enditem|p1a: CLQ|Air Balloon
|-enditem|p2a: Celestine|Leftovers|[silent]|[from] ability: Pickpocket|[of] p2a: Celestine
|-item|p1a: CLQ|Leftovers|[from] ability: Pickpocket|[of] p2a: Celestine
|
|-heal|p1a: CLQ|92/100|[from] item: Leftovers
|upkeep
|turn|11
|inactive|forok1234 has 30 seconds left.
|
|t:|1758349344
|switch|p2a: Liberacy|Meowscarada, M, shiny|100/100
|-damage|p2a: Liberacy|76/100|[from] Spikes
|move|p1a: CLQ|Stealth Rock|p2a: Liberacy
|-sidestart|p2: moriatys|move: Stealth Rock
|
|-heal|p1a: CLQ|98/100|[from] item: Leftovers
|upkeep
|turn|12
|inactive|forok1234 has 30 seconds left.
|
|t:|1758349356
|move|p2a: Liberacy|Trick|p1a: CLQ
|-start|p2a: Liberacy|typechange|Psychic|[from] ability: Protean
|-activate|p2a: Liberacy|move: Trick|[of] p1a: CLQ
|-item|p1a: CLQ|Choice Scarf|[from] move: Trick
|-item|p2a: Liberacy|Leftovers|[from] move: Trick
|move|p1a: CLQ|Thunder Wave|p2a: Liberacy|[miss]
|-miss|p1a: CLQ|p2a: Liberacy
|
|-heal|p2a: Liberacy|82/100|[from] item: Leftovers
|upkeep
|turn|13
|inactive|moriatys has 120 seconds left.
|
|t:|1758349390
|switch|p1a: MLP|Keldeo|100/100
|move|p2a: Liberacy|U-turn|p1a: MLP
|-resisted|p1a: MLP
|-damage|p1a: MLP|87/100
|inactive|moriatys has 120 seconds left.
|
|t:|1758349404
|switch|p2a: Celestine|Primarina, M, shiny|89/100|[from] U-turn
|-damage|p2a: Celestine|64/100|[from] Spikes
|-damage|p2a: Celestine|51/100|[from] Stealth Rock
|
|upkeep
|turn|14
|-message|moriatys forfeited.
|
|win|forok1234
|raw|forok1234's rating: 1246 &rarr; <strong>1268</strong><br />(+22 for winning)
|raw|moriatys's rating: 1205 &rarr; <strong>1183</strong><br />(-22 for losing)
|l|☆moriatys
|player|p2|
|c|☆forok1234|why
|l|☆forok1234
|player|p1|
