|j|☆Jusk-99
|j|☆VeeReeX
|t:|1758370830
|gametype|singles
|player|p1|Jusk-99|aaron|1258
|player|p2|VeeReeX|lance|1266
|gen|9
|tier|[Gen 9] OU
|rated|
|rule|HP Percentage Mod: HP is shown in percentages
|rule|Endless Battle Clause: Forcing endless battles is banned
|rule|Species Clause: Limit one of each Pokémon
|rule|OHKO Clause: OHKO moves are banned
|rule|Evasion Items Clause: Evasion items are banned
|rule|Evasion Moves Clause: Evasion moves are banned
|rule|Evasion Abilities Clause: Evasion abilities are banned
|rule|Sleep Moves Clause: Sleep-inducing moves are banned
|clearpoke
|poke|p1|Glimmora, F|
|poke|p1|Ceruledge, M|
|poke|p1|Galvantula, F|
|poke|p1|Gastrodon, M|
|poke|p1|Honchkrow, M|
|poke|p1|Lokix, F|
|poke|p2|Gholdengo|
|poke|p2|Iron Treads|
|poke|p2|Samurott-Hisui, M|
|poke|p2|Moltres|
|poke|p2|Ting-Lu|
|poke|p2|Dragapult, M|
|teampreview
|inactive|Battle timer is ON: inactive players will automatically lose when time's up. (requested by VeeReeX)
|
|t:|1758370840
|teamsize|p1|6
|teamsize|p2|6
|start
|switch|p1a: Honchkrow|Honchkrow, M|100/100
|switch|p2a: Dragapult|Dragapult, M, shiny|100/100
|turn|1
|
|t:|1758370849
|move|p1a: Honchkrow|Sucker Punch||[still]
|-fail|p1a: Honchkrow
|move|p2a: Dragapult|Will-O-Wisp|p1a: Honchkrow
|-status|p1a: Honchkrow|brn
|
|-damage|p1a: Honchkrow|94/100 brn|[from] brn
|upkeep
|turn|2
|
|t:|1758370863
|switch|p2a: Moltres|Moltres, shiny|100/100
|move|p1a: Honchkrow|Tailwind|p1a: Honchkrow
|-sidestart|p1: Jusk-99|move: Tailwind
|
|-damage|p1a: Honchkrow|88/100 brn|[from] brn
|upkeep
|turn|3
|
|t:|1758370871
|switch|p1a: Ceruledge|Ceruledge, M|100/100
|move|p2a: Moltres|Hurricane|p1a: Ceruledge|[miss]
|-miss|p2a: Moltres|p1a: Ceruledge
|
|upkeep
|turn|4
|
|t:|1758370878
|move|p1a: Ceruledge|Swords Dance|p1a: Ceruledge
|-boost|p1a: Ceruledge|atk|2
|move|p2a: Moltres|Hurricane|p1a: Ceruledge|[miss]
|-miss|p2a: Moltres|p1a: Ceruledge
|
|upkeep
|turn|5
|
|t:|1758370885
|move|p1a: Ceruledge|Swords Dance|p1a: Ceruledge
|-boost|p1a: Ceruledge|atk|2
|move|p2a: Moltres|Hurricane|p1a: Ceruledge
|-damage|p1a: Ceruledge|49/100
|
|-sideend|p1: Jusk-99|move: Tailwind
|upkeep
|turn|6
|
|t:|1758370896
|-terastallize|p1a: Ceruledge|Fire
|move|p1a: Ceruledge|Bitter Blade|p2a: Moltres
|-resisted|p2a: Moltres
|-damage|p2a: Moltres|9/100
|-heal|p1a: Ceruledge|100/100|[from] drain|[of] p2a: Moltres
|-damage|p1a: Ceruledge|91/100|[from] item: Life Orb
|move|p2a: Moltres|Hurricane|p1a: Ceruledge
|-damage|p1a: Ceruledge|39/100
|
|upkeep
|turn|7
|
|t:|1758370907
|move|p1a: Ceruledge|Bitter Blade|p2a: Moltres
|-resisted|p2a: Moltres
|-damage|p2a: Moltres|0 fnt
|-heal|p1a: Ceruledge|45/100|[from] drain|[of] p2a: Moltres
|faint|p2a: Moltres
|-damage|p1a: Ceruledge|35/100|[from] item: Life Orb
|
|upkeep
|
|t:|1758370919
|switch|p2a: Dragapult|Dragapult, M, shiny|100/100
|turn|8
|
|t:|1758370923
|move|p1a: Ceruledge|Shadow Sneak|p2a: Dragapult
|-supereffective|p2a: Dragapult
|-damage|p2a: Dragapult|0 fnt
|faint|p2a: Dragapult
|-damage|p1a: Ceruledge|25/100|[from] item: Life Orb
|
|upkeep
|
|t:|1758370933
|switch|p2a: Samurott|Samurott-Hisui, M, shiny|100/100
|turn|9
|
|t:|1758370937
|move|p1a: Ceruledge|Shadow Sneak|p2a: Samurott
|-resisted|p2a: Samurott
|-damage|p2a: Samurott|46/100
|-damage|p1a: Ceruledge|15/100|[from] item: Life Orb
|move|p2a: Samurott|Ceaseless Edge|p1a: Ceruledge
|-damage|p1a: Ceruledge|0 fnt
|-sidestart|p1: Jusk-99|Spikes
|faint|p1a: Ceruledge
|
|upkeep
|
|t:|1758370946
|switch|p1a: Lokix|Lokix, F|100/100
|-damage|p1a: Lokix|88/100|[from] Spikes
|turn|10
|
|t:|1758370952
|move|p1a: Lokix|First Impression|p2a: Samurott
|-supereffective|p2a: Samurott
|-damage|p2a: Samurott|0 fnt
|faint|p2a: Samurott
|-damage|p1a: Lokix|78/100|[from] item: Life Orb
|
|upkeep
|
|t:|1758370958
|switch|p2a: Gholdengo|Gholdengo|100/100
|-item|p2a: Gholdengo|Air Balloon
|turn|11
|
|t:|1758370963
|move|p2a: Gholdengo|Make It Rain|p1a: Lokix
|-damage|p1a: Lokix|0 fnt
|-unboost|p2a: Gholdengo|spa|1
|faint|p1a: Lokix
|
|upkeep
|
|t:|1758370970
|switch|p1a: Honchkrow|Honchkrow, M|88/100 brn
|turn|12
|
|t:|1758370977
|switch|p2a: Ting-Lu|Ting-Lu, shiny|100/100
|-ability|p2a: Ting-Lu|Vessel of Ruin
|move|p1a: Honchkrow|Tailwind|p1a: Honchkrow
|-sidestart|p1: Jusk-99|move: Tailwind
|
|-damage|p1a: Honchkrow|82/100 brn|[from] brn
|upkeep
|turn|13
|
|t:|1758370988
|switch|p1a: Glimmora|Glimmora, F|100/100
|-damage|p1a: Glimmora|88/100|[from] Spikes
|move|p2a: Ting-Lu|Stealth Rock|p1a: Glimmora
|-sidestart|p1: Jusk-99|move: Stealth Rock
|
|upkeep
|turn|14
|
|t:|1758370996
|move|p1a: Glimmora|Mortal Spin|p2a: Ting-Lu
|-resisted|p2a: Ting-Lu
|-damage|p2a: Ting-Lu|99/100
|-status|p2a: Ting-Lu|psn
|-sideend|p1: Jusk-99|Spikes|[from] move: Mortal Spin|[of] p1a: Glimmora
|-sideend|p1: Jusk-99|Stealth Rock|[from] move: Mortal Spin|[of] p1a: Glimmora
|move|p2a: Ting-Lu|Earthquake|p1a: Glimmora
|-supereffective|p1a: Glimmora
|-damage|p1a: Glimmora|0 fnt
|-activate|p1a: Glimmora|ability: Toxic Debris
|-sidestart|p2: VeeReeX|move: Toxic Spikes
|faint|p1a: Glimmora
|
|-heal|p2a: Ting-Lu|100/100 psn|[from] item: Leftovers
|-damage|p2a: Ting-Lu|88/100 psn|[from] psn
|upkeep
|
|t:|1758371011
|switch|p1a: Galvantula|Galvantula, F|100/100
|turn|15
|
|t:|1758371020
|move|p1a: Galvantula|Energy Ball|p2a: Ting-Lu
|-supereffective|p2a: Ting-Lu
|-damage|p2a: Ting-Lu|67/100 psn
|move|p2a: Ting-Lu|Earthquake|p1a: Galvantula
|-damage|p1a: Galvantula|35/100
|
|-heal|p2a: Ting-Lu|73/100 psn|[from] item: Leftovers
|-damage|p2a: Ting-Lu|61/100 psn|[from] psn
|-sideend|p1: Jusk-99|move: Tailwind
|upkeep
|turn|16
|
|t:|1758371031
|move|p1a: Galvantula|Energy Ball|p2a: Ting-Lu
|-supereffective|p2a: Ting-Lu
|-damage|p2a: Ting-Lu|38/100 psn
|move|p2a: Ting-Lu|Stealth Rock|p1a: Galvantula
|-sidestart|p1: Jusk-99|move: Stealth Rock
|
|-heal|p2a: Ting-Lu|44/100 psn|[from] item: Leftovers
|-damage|p2a: Ting-Lu|32/100 psn|[from] psn
|upkeep
|turn|17
|
|t:|1758371046
|switch|p2a: Iron Treads|Iron Treads|100/100
|-enditem|p2a: Iron Treads|Booster Energy
|-activate|p2a: Iron Treads|ability: Quark Drive|[fromitem]
|-start|p2a: Iron Treads|quarkdrivedef
|move|p1a: Galvantula|Energy Ball|p2a: Iron Treads
|-damage|p2a: Iron Treads|72/100
|
|upkeep
|turn|18
|
|t:|1758371056
|move|p1a: Galvantula|Energy Ball|p2a: Iron Treads
|-damage|p2a: Iron Treads|42/100
|move|p2a: Iron Treads|Ice Spinner|p1a: Galvantula
|-damage|p1a: Galvantula|0 fnt
|faint|p1a: Galvantula
|
|upkeep
|
|t:|1758371067
|switch|p1a: Honchkrow|Honchkrow, M|82/100 brn
|-damage|p1a: Honchkrow|57/100 brn|[from] Stealth Rock
|turn|19
|
|t:|1758371072
|move|p2a: Iron Treads|Ice Spinner|p1a: Honchkrow
|-supereffective|p1a: Honchkrow
|-damage|p1a: Honchkrow|13/100 brn
|-enditem|p1a: Honchkrow|Aguav Berry|[eat]
|-heal|p1a: Honchkrow|46/100 brn|[from] item: Aguav Berry
|move|p1a: Honchkrow|Tailwind|p1a: Honchkrow
|-sidestart|p1: Jusk-99|move: Tailwind
|
|-damage|p1a: Honchkrow|40/100 brn|[from] brn
|upkeep
|turn|20
|
|t:|1758371086
|move|p1a: Honchkrow|Night Slash|p2a: Iron Treads
|-damage|p2a: Iron Treads|35/100
|move|p2a: Iron Treads|Ice Spinner|p1a: Honchkrow
|-supereffective|p1a: Honchkrow
|-damage|p1a: Honchkrow|0 fnt
|faint|p1a: Honchkrow
|
|upkeep
|
|t:|1758371095
|switch|p1a: Gastrodon|Gastrodon, M|100/100
|-damage|p1a: Gastrodon|94/100|[from] Stealth Rock
|turn|21
|
|t:|1758371100
|move|p2a: Iron Treads|Earthquake|p1a: Gastrodon
|-damage|p1a: Gastrodon|63/100
|move|p1a: Gastrodon|Earth Power|p2a: Iron Treads
|-supereffective|p2a: Iron Treads
|-damage|p2a: Iron Treads|0 fnt
|faint|p2a: Iron Treads
|-end|p2a: Iron Treads|Quark Drive|[silent]
|
|-heal|p1a: Gastrodon|69/100|[from] item: Leftovers
|upkeep
|
|t:|1758371111
|switch|p2a: Ting-Lu|Ting-Lu, shiny|32/100 psn
|-ability|p2a: Ting-Lu|Vessel of Ruin
|turn|22
|
|t:|1758371116
|move|p1a: Gastrodon|Ice Beam|p2a: Ting-Lu
|-supereffective|p2a: Ting-Lu
|-damage|p2a: Ting-Lu|16/100 psn
|move|p2a: Ting-Lu|Earthquake|p1a: Gastrodon
|-damage|p1a: Gastrodon|37/100
|
|-heal|p1a: Gastrodon|43/100|[from] item: Leftovers
|-heal|p2a: Ting-Lu|22/100 psn|[from] item: Leftovers
|-damage|p2a: Ting-Lu|9/100 psn|[from] psn
|-sideend|p1: Jusk-99|move: Tailwind
|upkeep
|turn|23
|
|t:|1758371128
|move|p2a: Ting-Lu|Earthquake|p1a: Gastrodon
|-damage|p1a: Gastrodon|10/100
|move|p1a: Gastrodon|Recover|p1a: Gastrodon
|-heal|p1a: Gastrodon|60/100
|
|-heal|p2a: Ting-Lu|16/100 psn|[from] item: Leftovers
|-heal|p1a: Gastrodon|66/100|[from] item: Leftovers
|-damage|p2a: Ting-Lu|3/100 psn|[from] psn
|upkeep
|turn|24
|
|t:|1758371138
|move|p2a: Ting-Lu|Earthquake|p1a: Gastrodon
|-crit|p1a: Gastrodon
|-damage|p1a: Gastrodon|22/100
|move|p1a: Gastrodon|Recover|p1a: Gastrodon
|-heal|p1a: Gastrodon|72/100
|
|-heal|p2a: Ting-Lu|9/100 psn|[from] item: Leftovers
|-heal|p1a: Gastrodon|78/100|[from] item: Leftovers
|-damage|p2a: Ting-Lu|0 fnt|[from] psn
|faint|p2a: Ting-Lu
|upkeep
|
|t:|1758371149
|switch|p2a: Gholdengo|Gholdengo|100/100
|-item|p2a: Gholdengo|Air Balloon
|turn|25
|
|t:|1758371156
|move|p1a: Gastrodon|Protect|p1a: Gastrodon
|-singleturn|p1a: Gastrodon|Protect
|move|p2a: Gholdengo|Nasty Plot|p2a: Gholdengo
|-boost|p2a: Gholdengo|spa|2
|
|-heal|p1a: Gastrodon|84/100|[from] item: Leftovers
|upkeep
|turn|26
|
|t:|1758371165
|move|p2a: Gholdengo|Nasty Plot|p2a: Gholdengo
|-boost|p2a: Gholdengo|spa|2
|move|p1a: Gastrodon|Ice Beam|p2a: Gholdengo
|-resisted|p2a: Gholdengo
|-damage|p2a: Gholdengo|89/100
|-enditem|p2a: Gholdengo|Air Balloon
|
|-heal|p1a: Gastrodon|90/100|[from] item: Leftovers
|upkeep
|turn|27
|
|t:|1758371180
|move|p1a: Gastrodon|Protect|p1a: Gastrodon
|-singleturn|p1a: Gastrodon|Protect
|move|p2a: Gholdengo|Focus Blast|p1a: Gastrodon
|-activate|p1a: Gastrodon|move: Protect
|
|-heal|p1a: Gastrodon|96/100|[from] item: Leftovers
|upkeep
|turn|28
|
|t:|1758371200
|-terastallize|p2a: Gholdengo|Steel
|move|p2a: Gholdengo|Make It Rain|p1a: Gastrodon
|-resisted|p1a: Gastrodon
|-damage|p1a: Gastrodon|0 fnt
|-unboost|p2a: Gholdengo|spa|1
|faint|p1a: Gastrodon
|
|win|VeeReeX
|raw|Jusk-99's rating: 1258 &rarr; <strong>1234</strong><br />(-24 for losing)
|raw|VeeReeX's rating: 1266 &rarr; <strong>1290</strong><br />(+24 for winning)
|l|☆Jusk-99
|player|p1|
|l|☆VeeReeX
|player|p2|
