|j|☆HyperHHH
|j|☆powerfull_rock
|t:|1758284983
|gametype|singles
|player|p1|HyperHHH|fisherman-gen2jp|1705
|player|p2|powerfull_rock|blackbelt|1717
|gen|9
|tier|[Gen 9] OU
|rated|
|rule|HP Percentage Mod: HP is shown in percentages
|rule|Endless Battle Clause: Forcing endless battles is banned
|rule|Species Clause: Limit one of each Pokémon
|rule|OHKO Clause: OHKO moves are banned
|rule|Evasion Items Clause: Evasion items are banned
|rule|Evasion Moves Clause: Evasion moves are banned
|rule|Evasion Abilities Clause: Evasion abilities are banned
|rule|Sleep Moves Clause: Sleep-inducing moves are banned
|clearpoke
|poke|p1|Iron Valiant|
|poke|p1|Rotom-Wash|
|poke|p1|Ting-Lu|
|poke|p1|Gholdengo|
|poke|p1|Latios, M|
|poke|p1|Dragonite, M|
|poke|p2|Iron Crown|
|poke|p2|Enamorus, F|
|poke|p2|Ting-Lu|
|poke|p2|Sinistcha|
|poke|p2|Hatterene, F|
|poke|p2|Great Tusk|
|teampreview
|inactive|Battle timer is ON: inactive players will automatically lose when time's up. (requested by HyperHHH)
|
|t:|1758284991
|teamsize|p1|6
|teamsize|p2|6
|start
|switch|p1a: Iron Valiant|Iron Valiant|100/100
|switch|p2a: Enamorus|Enamorus, F|100/100
|turn|1
|
|t:|1758284999
|-end|p1a: Iron Valiant|Quark Drive|[silent]
|switch|p1a: Gholdengo|Gholdengo|100/100
|-item|p1a: Gholdengo|Air Balloon
|move|p2a: Enamorus|Calm Mind|p2a: Enamorus
|-boost|p2a: Enamorus|spa|1
|-boost|p2a: Enamorus|spd|1
|
|upkeep
|turn|2
|
|t:|1758285006
|move|p2a: Enamorus|Substitute|p2a: Enamorus
|-start|p2a: Enamorus|Substitute
|-damage|p2a: Enamorus|75/100
|move|p1a: Gholdengo|Make It Rain|p2a: Enamorus
|-supereffective|p2a: Enamorus
|-end|p2a: Enamorus|Substitute
|-unboost|p1a: Gholdengo|spa|1
|
|-heal|p2a: Enamorus|82/100|[from] item: Leftovers
|upkeep
|turn|3
|
|t:|1758285016
|move|p2a: Enamorus|Substitute|p2a: Enamorus
|-start|p2a: Enamorus|Substitute
|-damage|p2a: Enamorus|57/100
|move|p1a: Gholdengo|Make It Rain|p2a: Enamorus
|-supereffective|p2a: Enamorus
|-end|p2a: Enamorus|Substitute
|-unboost|p1a: Gholdengo|spa|1
|
|-heal|p2a: Enamorus|63/100|[from] item: Leftovers
|upkeep
|turn|4
|
|t:|1758285027
|switch|p1a: Iron Valiant|Iron Valiant|100/100
|move|p2a: Enamorus|Moonblast|p1a: Iron Valiant
|-supereffective|p1a: Iron Valiant
|-crit|p1a: Iron Valiant
|-damage|p1a: Iron Valiant|0 fnt
|faint|p1a: Iron Valiant
|-end|p1a: Iron Valiant|Quark Drive|[silent]
|
|-heal|p2a: Enamorus|69/100|[from] item: Leftovers
|upkeep
|
|t:|1758285031
|switch|p1a: Latios|Latios, M|100/100
|turn|5
|
|t:|1758285040
|move|p1a: Latios|Trick|p2a: Enamorus
|-activate|p1a: Latios|move: Trick|[of] p2a: Enamorus
|-item|p2a: Enamorus|Choice Scarf|[from] move: Trick
|-item|p1a: Latios|Leftovers|[from] move: Trick
|move|p2a: Enamorus|Moonblast|p1a: Latios
|-supereffective|p1a: Latios
|-damage|p1a: Latios|0 fnt
|faint|p1a: Latios
|
|upkeep
|
|t:|1758285044
|switch|p1a: Gholdengo|Gholdengo|100/100
|-item|p1a: Gholdengo|Air Balloon
|turn|6
|
|t:|1758285055
|switch|p2a: Ting-Lu|Ting-Lu|100/100
|-ability|p2a: Ting-Lu|Vessel of Ruin
|move|p1a: Gholdengo|Make It Rain|p2a: Ting-Lu
|-damage|p2a: Ting-Lu|80/100
|-unboost|p1a: Gholdengo|spa|1
|
|-heal|p2a: Ting-Lu|87/100|[from] item: Leftovers
|upkeep
|turn|7
|
|t:|1758285061
|switch|p1a: Ting-Lu|Ting-Lu|100/100
|-ability|p1a: Ting-Lu|Vessel of Ruin
|move|p2a: Ting-Lu|Ruination|p1a: Ting-Lu
|-damage|p1a: Ting-Lu|50/100
|
|-heal|p1a: Ting-Lu|57/100|[from] item: Leftovers
|-heal|p2a: Ting-Lu|93/100|[from] item: Leftovers
|upkeep
|turn|8
|
|t:|1758285067
|move|p1a: Ting-Lu|Stealth Rock|p2a: Ting-Lu
|-sidestart|p2: powerfull_rock|move: Stealth Rock
|move|p2a: Ting-Lu|Stealth Rock|p1a: Ting-Lu
|-sidestart|p1: HyperHHH|move: Stealth Rock
|
|-heal|p2a: Ting-Lu|99/100|[from] item: Leftovers
|-heal|p1a: Ting-Lu|63/100|[from] item: Leftovers
|upkeep
|turn|9
|
|t:|1758285077
|switch|p2a: Hatterene|Hatterene, F|100/100
|-damage|p2a: Hatterene|88/100|[from] Stealth Rock
|move|p1a: Ting-Lu|Spikes|p2a: Hatterene
|move|p2a: Hatterene|Spikes|p1a: Ting-Lu|[from] ability: Magic Bounce
|-sidestart|p1: HyperHHH|Spikes
|
|-heal|p1a: Ting-Lu|69/100|[from] item: Leftovers
|-heal|p2a: Hatterene|94/100|[from] item: Leftovers
|upkeep
|turn|10
|
|t:|1758285082
|move|p1a: Ting-Lu|Ruination|p2a: Hatterene
|-damage|p2a: Hatterene|47/100
|move|p2a: Hatterene|Nuzzle|p1a: Ting-Lu
|-immune|p1a: Ting-Lu
|
|-heal|p1a: Ting-Lu|75/100|[from] item: Leftovers
|-heal|p2a: Hatterene|53/100|[from] item: Leftovers
|upkeep
|turn|11
|
|t:|1758285087
|move|p1a: Ting-Lu|Ruination|p2a: Hatterene
|-damage|p2a: Hatterene|27/100
|move|p2a: Hatterene|Pain Split|p1a: Ting-Lu
|-sethp|p1a: Ting-Lu|46/100|[from] move: Pain Split|[silent]
|-sethp|p2a: Hatterene|74/100|[from] move: Pain Split
|
|-heal|p1a: Ting-Lu|52/100|[from] item: Leftovers
|-heal|p2a: Hatterene|80/100|[from] item: Leftovers
|upkeep
|turn|12
|
|t:|1758285093
|move|p1a: Ting-Lu|Ruination|p2a: Hatterene
|-damage|p2a: Hatterene|40/100
|move|p2a: Hatterene|Dazzling Gleam|p1a: Ting-Lu
|-supereffective|p1a: Ting-Lu
|-damage|p1a: Ting-Lu|23/100
|
|-heal|p1a: Ting-Lu|29/100|[from] item: Leftovers
|-heal|p2a: Hatterene|46/100|[from] item: Leftovers
|upkeep
|turn|13
|
|t:|1758285098
|move|p1a: Ting-Lu|Ruination|p2a: Hatterene
|-damage|p2a: Hatterene|23/100
|move|p2a: Hatterene|Dazzling Gleam|p1a: Ting-Lu
|-supereffective|p1a: Ting-Lu
|-damage|p1a: Ting-Lu|0 fnt
|faint|p1a: Ting-Lu
|
|-heal|p2a: Hatterene|29/100|[from] item: Leftovers
|upkeep
|
|t:|1758285109
|switch|p1a: Gholdengo|Gholdengo|100/100
|-damage|p1a: Gholdengo|94/100|[from] Stealth Rock
|-item|p1a: Gholdengo|Air Balloon
|turn|14
|j| qiji1
|
|t:|1758285113
|move|p1a: Gholdengo|Make It Rain|p2a: Hatterene
|-supereffective|p2a: Hatterene
|-damage|p2a: Hatterene|0 fnt
|-unboost|p1a: Gholdengo|spa|1
|faint|p2a: Hatterene
|
|upkeep
|
|t:|1758285117
|switch|p2a: Ting-Lu|Ting-Lu|99/100
|-damage|p2a: Ting-Lu|93/100|[from] Stealth Rock
|-ability|p2a: Ting-Lu|Vessel of Ruin
|turn|15
|
|t:|1758285119
|switch|p1a: Rotom|Rotom-Wash|100/100
|-damage|p1a: Rotom|88/100|[from] Stealth Rock
|move|p2a: Ting-Lu|Ruination|p1a: Rotom
|-damage|p1a: Rotom|44/100
|
|-heal|p1a: Rotom|50/100|[from] item: Leftovers
|-heal|p2a: Ting-Lu|99/100|[from] item: Leftovers
|upkeep
|turn|16
|
|t:|1758285122
|switch|p2a: Sinistcha|Sinistcha|100/100
|-damage|p2a: Sinistcha|88/100|[from] Stealth Rock
|move|p1a: Rotom|Will-O-Wisp|p2a: Sinistcha
|-status|p2a: Sinistcha|brn
|
|-heal|p1a: Rotom|57/100|[from] item: Leftovers
|-heal|p2a: Sinistcha|94/100 brn|[from] item: Leftovers
|-damage|p2a: Sinistcha|91/100 brn|[from] brn
|upkeep
|turn|17
|l| qiji1
|
|t:|1758285127
|move|p1a: Rotom|Volt Switch|p2a: Sinistcha
|-resisted|p2a: Sinistcha
|-damage|p2a: Sinistcha|77/100 brn
|
|t:|1758285130
|switch|p1a: Gholdengo|Gholdengo|94/100|[from] Volt Switch
|-damage|p1a: Gholdengo|88/100|[from] Stealth Rock
|-item|p1a: Gholdengo|Air Balloon
|move|p2a: Sinistcha|Matcha Gotcha|p1a: Gholdengo
|-resisted|p1a: Gholdengo
|-damage|p1a: Gholdengo|73/100
|-heal|p2a: Sinistcha|85/100 brn|[from] drain|[of] p1a: Gholdengo
|-enditem|p1a: Gholdengo|Air Balloon
|
|-heal|p2a: Sinistcha|92/100 brn|[from] item: Leftovers
|-damage|p2a: Sinistcha|89/100 brn|[from] brn
|upkeep
|turn|18
|
|t:|1758285133
|switch|p2a: Ting-Lu|Ting-Lu|99/100
|-damage|p2a: Ting-Lu|93/100|[from] Stealth Rock
|-ability|p2a: Ting-Lu|Vessel of Ruin
|move|p1a: Gholdengo|Hex|p2a: Ting-Lu
|-resisted|p2a: Ting-Lu
|-damage|p2a: Ting-Lu|87/100
|
|-heal|p2a: Ting-Lu|94/100|[from] item: Leftovers
|upkeep
|turn|19
|j| wgw2333
|
|t:|1758285140
|switch|p1a: Rotom|Rotom-Wash|57/100
|-damage|p1a: Rotom|44/100|[from] Stealth Rock
|move|p2a: Ting-Lu|Ruination|p1a: Rotom
|-damage|p1a: Rotom|23/100
|
|-heal|p1a: Rotom|29/100|[from] item: Leftovers
|-heal|p2a: Ting-Lu|99/100|[from] item: Leftovers
|upkeep
|turn|20
|
|t:|1758285144
|switch|p2a: Enamorus|Enamorus, F|69/100
|-damage|p2a: Enamorus|44/100|[from] Stealth Rock
|move|p1a: Rotom|Pain Split|p2a: Enamorus
|-sethp|p2a: Enamorus|37/100|[from] move: Pain Split|[silent]
|-sethp|p1a: Rotom|36/100|[from] move: Pain Split
|
|-heal|p1a: Rotom|42/100|[from] item: Leftovers
|upkeep
|turn|21
|
|t:|1758285149
|switch|p1a: Dragonite|Dragonite, M|100/100
|move|p2a: Enamorus|Moonblast|p1a: Dragonite
|-supereffective|p1a: Dragonite
|-damage|p1a: Dragonite|59/100
|
|upkeep
|turn|22
|
|t:|1758285152
|move|p1a: Dragonite|Extreme Speed|p2a: Enamorus
|-damage|p2a: Enamorus|0 fnt
|faint|p2a: Enamorus
|
|upkeep
|
|t:|1758285165
|switch|p2a: Great Tusk|Great Tusk|100/100
|-damage|p2a: Great Tusk|98/100|[from] Stealth Rock
|turn|23
|
|t:|1758285170
|switch|p1a: Rotom|Rotom-Wash|42/100
|-damage|p1a: Rotom|29/100|[from] Stealth Rock
|move|p2a: Great Tusk|Rapid Spin|p1a: Rotom
|-damage|p1a: Rotom|18/100
|-boost|p2a: Great Tusk|spe|1
|-sideend|p2: powerfull_rock|Stealth Rock|[from] move: Rapid Spin|[of] p2a: Great Tusk
|
|-heal|p2a: Great Tusk|100/100|[from] item: Leftovers
|-heal|p1a: Rotom|24/100|[from] item: Leftovers
|upkeep
|turn|24
|
|t:|1758285176
|-end|p2a: Great Tusk|Protosynthesis|[silent]
|switch|p2a: Sinistcha|Sinistcha|89/100 brn
|move|p1a: Rotom|Pain Split|p2a: Sinistcha
|-sethp|p2a: Sinistcha|55/100 brn|[from] move: Pain Split|[silent]
|-sethp|p1a: Rotom|62/100|[from] move: Pain Split
|
|-heal|p1a: Rotom|69/100|[from] item: Leftovers
|-heal|p2a: Sinistcha|61/100 brn|[from] item: Leftovers
|-damage|p2a: Sinistcha|58/100 brn|[from] brn
|upkeep
|turn|25
|
|t:|1758285183
|move|p1a: Rotom|Volt Switch|p2a: Sinistcha
|-resisted|p2a: Sinistcha
|-damage|p2a: Sinistcha|42/100 brn
|
|t:|1758285186
|switch|p1a: Gholdengo|Gholdengo|73/100|[from] Volt Switch
|-damage|p1a: Gholdengo|67/100|[from] Stealth Rock
|-damage|p1a: Gholdengo|55/100|[from] Spikes
|move|p2a: Sinistcha|Shadow Ball|p1a: Gholdengo
|-supereffective|p1a: Gholdengo
|-damage|p1a: Gholdengo|0 fnt
|faint|p1a: Gholdengo
|
|-heal|p2a: Sinistcha|48/100 brn|[from] item: Leftovers
|-damage|p2a: Sinistcha|46/100 brn|[from] brn
|upkeep
|
|t:|1758285191
|switch|p1a: Dragonite|Dragonite, M|59/100
|turn|26
|
|t:|1758285196
|-terastallize|p1a: Dragonite|Normal
|move|p2a: Sinistcha|Strength Sap|p1a: Dragonite
|-unboost|p1a: Dragonite|atk|1
|-heal|p2a: Sinistcha|100/100 brn
|move|p1a: Dragonite|Dragon Tail|p2a: Sinistcha|[miss]
|-miss|p1a: Dragonite|p2a: Sinistcha
|
|-damage|p2a: Sinistcha|98/100 brn|[from] brn
|upkeep
|turn|27
|-message|HyperHHH forfeited.
|
|win|powerfull_rock
|raw|HyperHHH's rating: 1705 &rarr; <strong>1686</strong><br />(-19 for losing)
|raw|powerfull_rock's rating: 1717 &rarr; <strong>1736</strong><br />(+19 for winning)
|l|☆HyperHHH
|player|p1|
|l|☆powerfull_rock
|player|p2|
