|j|☆Exeltel
|j|☆drakeero
|t:|1758349158
|gametype|singles
|player|p1|Exeltel|n|1166
|player|p2|drakeero|265|1169
|gen|9
|tier|[Gen 9] OU
|rated|
|rule|HP Percentage Mod: HP is shown in percentages
|rule|Endless Battle Clause: Forcing endless battles is banned
|rule|Species Clause: Limit one of each Pokémon
|rule|OHKO Clause: OHKO moves are banned
|rule|Evasion Items Clause: Evasion items are banned
|rule|Evasion Moves Clause: Evasion moves are banned
|rule|Evasion Abilities Clause: Evasion abilities are banned
|rule|Sleep Moves Clause: Sleep-inducing moves are banned
|clearpoke
|poke|p1|Politoed, F|
|poke|p1|Basculegion, M|
|poke|p1|Greninja-*, M|
|poke|p1|Tornadus-Therian, M|
|poke|p1|Sandy Shocks|
|poke|p1|Lokix, M|
|poke|p2|Quagsire, F|
|poke|p2|Quaquaval, M|
|poke|p2|Slowking-Galar, F|
|poke|p2|Iron Thorns|
|poke|p2|Pelipper, F|
|poke|p2|Raikou|
|teampreview
|inactive|Battle timer is ON: inactive players will automatically lose when time's up. (requested by Exeltel)
|inactive|drakeero has 120 seconds left.
|inactive|drakeero has 90 seconds left.
|inactive|drakeero has 60 seconds left.
|
|t:|1758349303
|teamsize|p1|6
|teamsize|p2|6
|start
|switch|p1a: Sandy Shocks|Sandy Shocks|100/100
|switch|p2a: Quagsire|Quagsire, F|100/100
|-enditem|p1a: Sandy Shocks|Booster Energy
|-activate|p1a: Sandy Shocks|ability: Protosynthesis|[fromitem]
|-start|p1a: Sandy Shocks|protosynthesisspe
|turn|1
|
|t:|1758349323
|move|p1a: Sandy Shocks|Stealth Rock|p2a: Quagsire
|-sidestart|p2: drakeero|move: Stealth Rock
|move|p2a: Quagsire|Earthquake|p1a: Sandy Shocks
|-supereffective|p1a: Sandy Shocks
|-damage|p1a: Sandy Shocks|40/100
|
|upkeep
|turn|2
|
|t:|1758349333
|-end|p1a: Sandy Shocks|Protosynthesis|[silent]
|switch|p1a: Politoed|Politoed, F|100/100
|-weather|RainDance|[from] ability: Drizzle|[of] p1a: Politoed
|move|p2a: Quagsire|Stealth Rock|p1a: Politoed
|-sidestart|p1: Exeltel|move: Stealth Rock
|
|-weather|RainDance|[upkeep]
|upkeep
|turn|3
|
|t:|1758349346
|switch|p2a: Raikou|Raikou|100/100
|-damage|p2a: Raikou|88/100|[from] Stealth Rock
|-ability|p2a: Raikou|Pressure
|move|p1a: Politoed|Weather Ball|p2a: Raikou
|-crit|p2a: Raikou
|-damage|p2a: Raikou|22/100
|
|-weather|RainDance|[upkeep]
|upkeep
|turn|4
|inactive|Exeltel has 120 seconds left.
|
|t:|1758349386
|switch|p1a: Sandy Shocks|Sandy Shocks|40/100
|-damage|p1a: Sandy Shocks|34/100|[from] Stealth Rock
|move|p2a: Raikou|Thunderbolt|p1a: Sandy Shocks
|-immune|p1a: Sandy Shocks
|
|-weather|RainDance|[upkeep]
|upkeep
|turn|5
|
|t:|1758349395
|move|p2a: Raikou|Scald|p1a: Sandy Shocks
|-supereffective|p1a: Sandy Shocks
|-damage|p1a: Sandy Shocks|0 fnt
|faint|p1a: Sandy Shocks
|-end|p1a: Sandy Shocks|Protosynthesis|[silent]
|
|-weather|RainDance|[upkeep]
|upkeep
|
|t:|1758349399
|switch|p1a: Lokix|Lokix, M|100/100
|-damage|p1a: Lokix|76/100|[from] Stealth Rock
|turn|6
|
|t:|1758349413
|move|p1a: Lokix|First Impression|p2a: Raikou
|-damage|p2a: Raikou|0 fnt
|faint|p2a: Raikou
|
|-weather|RainDance|[upkeep]
|upkeep
|
|t:|1758349423
|switch|p2a: Slowking|Slowking-Galar, F|100/100
|-damage|p2a: Slowking|88/100|[from] Stealth Rock
|turn|7
|inactive|Exeltel has 120 seconds left.
|
|t:|1758349458
|-terastallize|p2a: Slowking|Fire
|move|p1a: Lokix|U-turn|p2a: Slowking
|-resisted|p2a: Slowking
|-damage|p2a: Slowking|48/100
|
|t:|1758349468
|switch|p1a: Politoed|Politoed, F|100/100|[from] U-turn
|-damage|p1a: Politoed|88/100|[from] Stealth Rock
|move|p2a: Slowking|Flamethrower|p1a: Politoed
|-resisted|p1a: Politoed
|-damage|p1a: Politoed|77/100
|
|-weather|RainDance|[upkeep]
|-heal|p2a: Slowking|54/100|[from] item: Leftovers
|upkeep
|turn|8
|inactive|drakeero has 120 seconds left.
|
|t:|1758349480
|switch|p2a: Quagsire|Quagsire, F|100/100
|-damage|p2a: Quagsire|94/100|[from] Stealth Rock
|move|p1a: Politoed|Weather Ball|p2a: Quagsire
|-damage|p2a: Quagsire|19/100
|
|-weather|RainDance|[upkeep]
|-heal|p2a: Quagsire|25/100|[from] item: Leftovers
|upkeep
|turn|9
|inactive|drakeero has 120 seconds left.
|-message|drakeero forfeited.
|
|win|Exeltel
|raw|Exeltel's rating: 1166 &rarr; <strong>1191</strong><br />(+25 for winning)
|raw|drakeero's rating: 1169 &rarr; <strong>1144</strong><br />(-25 for losing)
|l|☆drakeero
|player|p2|
|l|☆Exeltel
|player|p1|
