|j|☆Juicepar
|j|☆dragonfandan
|t:|1758263180
|gametype|singles
|player|p1|Juicepar|2|1447
|player|p2|dragonfandan|lance|1419
|gen|9
|tier|[Gen 9] OU
|rated|
|rule|HP Percentage Mod: HP is shown in percentages
|rule|Endless Battle Clause: Forcing endless battles is banned
|rule|Species Clause: Limit one of each Pokémon
|rule|OHKO Clause: OHKO moves are banned
|rule|Evasion Items Clause: Evasion items are banned
|rule|Evasion Moves Clause: Evasion moves are banned
|rule|Evasion Abilities Clause: Evasion abilities are banned
|rule|Sleep Moves Clause: Sleep-inducing moves are banned
|clearpoke
|poke|p1|Deoxys-Speed|
|poke|p1|Darkrai|
|poke|p1|Iron Moth|
|poke|p1|Dragonite, M|
|poke|p1|Scizor, F|
|poke|p1|Great Tusk|
|poke|p2|Landorus-Therian, M|
|poke|p2|Samurott-Hisui, F|
|poke|p2|Iron Crown|
|poke|p2|Slowking-Galar, M|
|poke|p2|Darkrai|
|poke|p2|Dragonite, M|
|teampreview
|inactive|Battle timer is ON: inactive players will automatically lose when time's up. (requested by dragonfandan)
|
|t:|1758263192
|teamsize|p1|6
|teamsize|p2|6
|start
|switch|p1a: Scizor|Scizor, F|100/100
|switch|p2a: Iron Crown|Iron Crown|100/100
|turn|1
|
|t:|1758263197
|-end|p2a: Iron Crown|Quark Drive|[silent]
|switch|p2a: Landorus|Landorus-Therian, M|100/100
|-ability|p2a: Landorus|Intimidate|boost
|-unboost|p1a: Scizor|atk|1
|move|p1a: Scizor|Knock Off|p2a: Landorus
|-damage|p2a: Landorus|56/100
|-damage|p1a: Scizor|84/100|[from] item: Rocky Helmet|[of] p2a: Landorus
|-enditem|p2a: Landorus|Rocky Helmet|[from] move: Knock Off|[of] p1a: Scizor
|
|upkeep
|turn|2
|
|t:|1758263208
|switch|p1a: Deoxys|Deoxys-Speed|100/100
|-ability|p1a: Deoxys|Pressure
|move|p2a: Landorus|Stealth Rock|p1a: Deoxys
|-sidestart|p1: Juicepar|move: Stealth Rock
|
|upkeep
|turn|3
|
|t:|1758263219
|switch|p2a: Samurott|Samurott-Hisui, F|100/100
|move|p1a: Deoxys|Ice Beam|p2a: Samurott
|-resisted|p2a: Samurott
|-damage|p2a: Samurott|88/100
|
|upkeep
|turn|4
|
|t:|1758263237
|move|p1a: Deoxys|Stealth Rock|p2a: Samurott
|-sidestart|p2: dragonfandan|move: Stealth Rock
|move|p2a: Samurott|Flip Turn|p1a: Deoxys
|-damage|p1a: Deoxys|65/100
|-damage|p2a: Samurott|72/100|[from] item: Rocky Helmet|[of] p1a: Deoxys
|
|t:|1758263242
|switch|p2a: Iron Crown|Iron Crown|100/100|[from] Flip Turn
|-damage|p2a: Iron Crown|94/100|[from] Stealth Rock
|
|upkeep
|turn|5
|inactive|Juicepar has 120 seconds left.
|
|t:|1758263278
|move|p1a: Deoxys|Ice Beam|p2a: Iron Crown
|-resisted|p2a: Iron Crown
|-damage|p2a: Iron Crown|86/100
|move|p2a: Iron Crown|Tachyon Cutter|p1a: Deoxys
|-damage|p1a: Deoxys|34/100
|-damage|p1a: Deoxys|3/100
|-hitcount|p1a: Deoxys|2
|
|upkeep
|turn|6
|inactive|Juicepar has 120 seconds left.
|
|t:|1758263290
|move|p1a: Deoxys|Ice Beam|p2a: Iron Crown
|-resisted|p2a: Iron Crown
|-damage|p2a: Iron Crown|79/100
|move|p2a: Iron Crown|Psychic Noise|p1a: Deoxys
|-resisted|p1a: Deoxys
|-damage|p1a: Deoxys|0 fnt
|faint|p1a: Deoxys
|
|upkeep
|inactive|Juicepar has 120 seconds left.
|
|t:|1758263315
|switch|p1a: Scizor|Scizor, F|84/100
|-damage|p1a: Scizor|72/100|[from] Stealth Rock
|turn|7
|
|t:|1758263319
|move|p2a: Iron Crown|Volt Switch|p1a: Scizor
|-damage|p1a: Scizor|39/100
|
|t:|1758263322
|-end|p2a: Iron Crown|Quark Drive|[silent]
|switch|p2a: Landorus|Landorus-Therian, M|56/100|[from] Volt Switch
|-damage|p2a: Landorus|44/100|[from] Stealth Rock
|-ability|p2a: Landorus|Intimidate|boost
|-unboost|p1a: Scizor|atk|1
|move|p1a: Scizor|U-turn|p2a: Landorus
|-resisted|p2a: Landorus
|-damage|p2a: Landorus|22/100
|
|t:|1758263343
|switch|p1a: Great Tusk|Great Tusk|100/100|[from] U-turn
|-damage|p1a: Great Tusk|98/100|[from] Stealth Rock
|-enditem|p1a: Great Tusk|Booster Energy
|-activate|p1a: Great Tusk|ability: Protosynthesis|[fromitem]
|-start|p1a: Great Tusk|protosynthesisspe
|
|upkeep
|turn|8
|
|t:|1758263363
|move|p1a: Great Tusk|Bulk Up|p1a: Great Tusk
|-boost|p1a: Great Tusk|atk|1
|-boost|p1a: Great Tusk|def|1
|move|p2a: Landorus|Earthquake|p1a: Great Tusk
|-damage|p1a: Great Tusk|75/100
|
|upkeep
|turn|9
|
|t:|1758263369
|move|p1a: Great Tusk|Bulk Up|p1a: Great Tusk
|-boost|p1a: Great Tusk|atk|1
|-boost|p1a: Great Tusk|def|1
|move|p2a: Landorus|U-turn|p1a: Great Tusk
|-resisted|p1a: Great Tusk
|-damage|p1a: Great Tusk|70/100
|
|t:|1758263382
|switch|p2a: Dragonite|Dragonite, M|100/100|[from] U-turn
|
|upkeep
|turn|10
|
|t:|1758263388
|move|p1a: Great Tusk|Bulk Up|p1a: Great Tusk
|-boost|p1a: Great Tusk|atk|1
|-boost|p1a: Great Tusk|def|1
|move|p2a: Dragonite|Ice Spinner|p1a: Great Tusk
|-supereffective|p1a: Great Tusk
|-damage|p1a: Great Tusk|54/100
|
|upkeep
|turn|11
|
|t:|1758263397
|switch|p2a: Landorus|Landorus-Therian, M|22/100
|-damage|p2a: Landorus|9/100|[from] Stealth Rock
|-ability|p2a: Landorus|Intimidate|boost
|-unboost|p1a: Great Tusk|atk|1
|move|p1a: Great Tusk|Ice Spinner|p2a: Landorus
|-supereffective|p2a: Landorus
|-damage|p2a: Landorus|0 fnt
|faint|p2a: Landorus
|
|upkeep
|
|t:|1758263408
|switch|p2a: Darkrai|Darkrai|100/100
|turn|12
|
|t:|1758263415
|-terastallize|p2a: Darkrai|Poison
|move|p1a: Great Tusk|Headlong Rush|p2a: Darkrai
|-supereffective|p2a: Darkrai
|-crit|p2a: Darkrai
|-damage|p2a: Darkrai|0 fnt
|-unboost|p1a: Great Tusk|def|1
|-unboost|p1a: Great Tusk|spd|1
|faint|p2a: Darkrai
|
|upkeep
|-message|dragonfandan forfeited.
|
|win|Juicepar
|raw|Juicepar's rating: 1447 &rarr; <strong>1465</strong><br />(+18 for winning)
|raw|dragonfandan's rating: 1419 &rarr; <strong>1401</strong><br />(-18 for losing)
|l|☆dragonfandan
|player|p2|
