|j|☆Swag_SerotoninYT
|j|☆lappquemepario
|t:|1758377432
|gametype|singles
|player|p1|Swag_SerotoninYT|harlequin|1128
|player|p2|lappquemepario|101|1064
|gen|9
|tier|[Gen 9] OU
|rated|
|rule|HP Percentage Mod: HP is shown in percentages
|rule|Endless Battle Clause: Forcing endless battles is banned
|rule|Species Clause: Limit one of each Pokémon
|rule|OHKO Clause: OHKO moves are banned
|rule|Evasion Items Clause: Evasion items are banned
|rule|Evasion Moves Clause: Evasion moves are banned
|rule|Evasion Abilities Clause: Evasion abilities are banned
|rule|Sleep Moves Clause: Sleep-inducing moves are banned
|clearpoke
|poke|p1|Gastrodon, M|
|poke|p1|Masquerain, F|
|poke|p1|Stantler, M|
|poke|p1|Chandelure, M|
|poke|p1|Grimmsnarl, M|
|poke|p1|Sandslash-Alola, M|
|poke|p2|Landorus-Therian, M|
|poke|p2|Blastoise, M|
|poke|p2|Clefable, F|
|poke|p2|Samurott-Hisui, F|
|poke|p2|Weezing-Galar, M|
|poke|p2|Zapdos|
|teampreview
|inactive|Battle timer is ON: inactive players will automatically lose when time's up. (requested by Swag_SerotoninYT)
|
|t:|1758377437
|teamsize|p1|6
|teamsize|p2|6
|start
|switch|p1a: Masquerain|Masquerain, F|100/100
|switch|p2a: vaca|Landorus-Therian, M|100/100
|-ability|p2a: vaca|Intimidate|boost
|-unboost|p1a: Masquerain|atk|1
|-ability|p1a: Masquerain|Intimidate|boost
|-unboost|p2a: vaca|atk|1
|turn|1
|
|t:|1758377442
|move|p2a: vaca|Stealth Rock|p1a: Masquerain
|-sidestart|p1: Swag_SerotoninYT|move: Stealth Rock
|move|p1a: Masquerain|Ice Beam|p2a: vaca
|-supereffective|p2a: vaca
|-damage|p2a: vaca|0 fnt
|faint|p2a: vaca
|
|upkeep
|
|t:|1758377448
|switch|p2a: fenix|Zapdos, shiny|100/100
|turn|2
|
|t:|1758377452
|-terastallize|p2a: fenix|Steel
|move|p2a: fenix|Tera Blast|p1a: Masquerain|[anim] Tera Blast Steel
|-damage|p1a: Masquerain|15/100
|move|p1a: Masquerain|Sticky Web|p2a: fenix
|-sidestart|p2: lappquemepario|move: Sticky Web
|
|upkeep
|turn|3
|
|t:|1758377467
|move|p2a: fenix|Tera Blast|p1a: Masquerain|[anim] Tera Blast Steel
|-damage|p1a: Masquerain|0 fnt
|faint|p1a: Masquerain
|
|upkeep
|
|t:|1758377475
|switch|p1a: Chandelure|Chandelure, M|100/100
|-damage|p1a: Chandelure|76/100|[from] Stealth Rock
|turn|4
|
|t:|1758377480
|switch|p2a: fortuga|Blastoise, M, shiny|100/100
|-activate|p2a: fortuga|move: Sticky Web
|-unboost|p2a: fortuga|spe|1
|move|p1a: Chandelure|Flamethrower|p2a: fortuga
|-resisted|p2a: fortuga
|-damage|p2a: fortuga|74/100
|
|upkeep
|turn|5
|
|t:|1758377488
|-terastallize|p1a: Chandelure|Grass
|move|p1a: Chandelure|Energy Ball|p2a: fortuga
|-supereffective|p2a: fortuga
|-damage|p2a: fortuga|0 fnt
|faint|p2a: fortuga
|
|upkeep
|
|t:|1758377495
|switch|p2a: fenix|Zapdos, shiny, tera:Steel|100/100
|-activate|p2a: fenix|move: Sticky Web
|-unboost|p2a: fenix|spe|1
|turn|6
|
|t:|1758377501
|move|p1a: Chandelure|Flamethrower|p2a: fenix
|-supereffective|p2a: fenix
|-damage|p2a: fenix|0 fnt
|faint|p2a: fenix
|
|upkeep
|
|t:|1758377504
|switch|p2a: Patrocles|Samurott-Hisui, F, shiny|100/100
|-activate|p2a: Patrocles|move: Sticky Web
|-unboost|p2a: Patrocles|spe|1
|turn|7
|
|t:|1758377507
|move|p1a: Chandelure|Energy Ball|p2a: Patrocles
|-supereffective|p2a: Patrocles
|-damage|p2a: Patrocles|0 fnt
|faint|p2a: Patrocles
|
|upkeep
|-message|lappquemepario forfeited.
|
|win|Swag_SerotoninYT
|raw|Swag_SerotoninYT's rating: 1128 &rarr; <strong>1148</strong><br />(+20 for winning)
|raw|lappquemepario's rating: 1064 &rarr; <strong>1048</strong><br />(-16 for losing)
|l|☆lappquemepario
|player|p2|
