|j|☆ricboooy
|j|☆StarDio
|t:|1758260191
|gametype|singles
|player|p1|ricboooy|170|1473
|player|p2|StarDio|lance|1497
|gen|9
|tier|[Gen 9] OU
|rated|
|rule|HP Percentage Mod: HP is shown in percentages
|rule|Endless Battle Clause: Forcing endless battles is banned
|rule|Species Clause: Limit one of each Pokémon
|rule|OHKO Clause: OHKO moves are banned
|rule|Evasion Items Clause: Evasion items are banned
|rule|Evasion Moves Clause: Evasion moves are banned
|rule|Evasion Abilities Clause: Evasion abilities are banned
|rule|Sleep Moves Clause: Sleep-inducing moves are banned
|clearpoke
|poke|p1|Dragonite, M|
|poke|p1|Goodra-Hisui, M|
|poke|p1|Zamazenta-*|
|poke|p1|Zapdos|
|poke|p1|Great Tusk|
|poke|p1|Thundurus-Therian, M|
|poke|p2|Kingambit, F|
|poke|p2|Cinderace, F|
|poke|p2|Landorus-Therian, M|
|poke|p2|Iron Valiant|
|poke|p2|Kyurem|
|poke|p2|Slowking-Galar, M|
|teampreview
|inactive|Battle timer is ON: inactive players will automatically lose when time's up. (requested by StarDio)
|
|t:|1758260216
|teamsize|p1|6
|teamsize|p2|6
|start
|switch|p1a: Zapdos|Zapdos|100/100
|switch|p2a: Kyurem|Kyurem, shiny|100/100
|-ability|p2a: Kyurem|Pressure
|turn|1
|
|t:|1758260220
|move|p2a: Kyurem|Freeze-Dry|p1a: Zapdos
|-supereffective|p1a: Zapdos
|-damage|p1a: Zapdos|44/100
|move|p1a: Zapdos|U-turn|p2a: Kyurem
|-damage|p2a: Kyurem|87/100
|
|t:|1758260224
|switch|p1a: Goodra|Goodra-Hisui, M, shiny|100/100|[from] U-turn
|
|-heal|p2a: Kyurem|94/100|[from] item: Leftovers
|upkeep
|turn|2
|
|t:|1758260229
|switch|p2a: Slowking|Slowking-Galar, M, shiny|100/100
|move|p1a: Goodra|Sludge Bomb|p2a: Slowking
|-resisted|p2a: Slowking
|-damage|p2a: Slowking|91/100
|
|upkeep
|turn|3
|
|t:|1758260236
|switch|p1a: Zapdos|Zapdos|44/100
|-prepare|p2a: Slowking|Chilly Reception|[premajor]
|move|p2a: Slowking|Chilly Reception|p2a: Slowking
|-weather|Snowscape
|
|t:|1758260238
|switch|p2a: Kyurem|Kyurem, shiny|94/100|[from] Chilly Reception
|-ability|p2a: Kyurem|Pressure
|
|-weather|Snowscape|[upkeep]
|-heal|p2a: Kyurem|99/100|[from] item: Leftovers
|upkeep
|turn|4
|
|t:|1758260252
|switch|p1a: Goodra|Goodra-Hisui, M, shiny|100/100
|move|p2a: Kyurem|Freeze-Dry|p1a: Goodra
|-damage|p1a: Goodra|85/100
|
|-weather|Snowscape|[upkeep]
|-heal|p2a: Kyurem|100/100|[from] item: Leftovers
|upkeep
|turn|5
|
|t:|1758260255
|move|p2a: Kyurem|Earth Power|p1a: Goodra
|-supereffective|p1a: Goodra
|-damage|p1a: Goodra|59/100
|move|p1a: Goodra|Dragon Pulse|p2a: Kyurem
|-supereffective|p2a: Kyurem
|-damage|p2a: Kyurem|21/100
|
|-weather|Snowscape|[upkeep]
|-heal|p2a: Kyurem|28/100|[from] item: Leftovers
|upkeep
|turn|6
|
|t:|1758260260
|switch|p2a: Slowking|Slowking-Galar, M, shiny|100/100
|move|p1a: Goodra|Dragon Pulse|p2a: Slowking
|-damage|p2a: Slowking|77/100
|
|-weather|Snowscape|[upkeep]
|upkeep
|turn|7
|
|t:|1758260271
|move|p1a: Goodra|Dragon Pulse|p2a: Slowking
|-damage|p2a: Slowking|52/100
|-prepare|p2a: Slowking|Chilly Reception|[premajor]
|move|p2a: Slowking|Chilly Reception|p2a: Slowking
|
|t:|1758260275
|switch|p2a: Still the goat|Landorus-Therian, M, shiny|100/100|[from] Chilly Reception
|-ability|p2a: Still the goat|Intimidate|boost
|-unboost|p1a: Goodra|atk|1
|
|-weather|none
|upkeep
|turn|8
|
|t:|1758260280
|-terastallize|p1a: Goodra|Flying
|move|p2a: Still the goat|Earthquake|p1a: Goodra
|-immune|p1a: Goodra
|move|p1a: Goodra|Ice Beam|p2a: Still the goat
|-supereffective|p2a: Still the goat
|-damage|p2a: Still the goat|0 fnt
|faint|p2a: Still the goat
|
|upkeep
|
|t:|1758260285
|switch|p2a: Lionel Misses|Cinderace, F, shiny|100/100
|turn|9
|
|t:|1758260292
|move|p2a: Lionel Misses|Pyro Ball|p1a: Goodra
|-damage|p1a: Goodra|6/100
|move|p1a: Goodra|Dragon Pulse|p2a: Lionel Misses
|-damage|p2a: Lionel Misses|48/100
|
|upkeep
|turn|10
|
|t:|1758260298
|move|p2a: Lionel Misses|Pyro Ball|p1a: Goodra
|-damage|p1a: Goodra|0 fnt
|faint|p1a: Goodra
|
|upkeep
|
|t:|1758260310
|switch|p1a: Zamazenta|Zamazenta|100/100
|-ability|p1a: Zamazenta|Dauntless Shield|boost
|-boost|p1a: Zamazenta|def|1
|turn|11
|
|t:|1758260317
|switch|p2a: Slowking|Slowking-Galar, M, shiny|86/100
|move|p1a: Zamazenta|Body Press|p2a: Slowking
|-resisted|p2a: Slowking
|-damage|p2a: Slowking|70/100
|
|upkeep
|turn|12
|
|t:|1758260320
|move|p1a: Zamazenta|Substitute|p1a: Zamazenta
|-start|p1a: Zamazenta|Substitute
|-damage|p1a: Zamazenta|76/100
|move|p2a: Slowking|Thunder Wave||[still]
|-fail|p2a: Slowking
|
|-heal|p1a: Zamazenta|82/100|[from] item: Leftovers
|upkeep
|turn|13
|
|t:|1758260324
|move|p1a: Zamazenta|Iron Defense|p1a: Zamazenta
|-boost|p1a: Zamazenta|def|2
|move|p2a: Slowking|Psychic Noise|p1a: Zamazenta
|-supereffective|p1a: Zamazenta
|-damage|p1a: Zamazenta|26/100
|-start|p1a: Zamazenta|move: Heal Block
|
|upkeep
|turn|14
|
|t:|1758260333
|switch|p1a: Zapdos|Zapdos|44/100
|move|p2a: Slowking|Psychic Noise|p1a: Zapdos
|-damage|p1a: Zapdos|21/100
|-start|p1a: Zapdos|move: Heal Block
|
|upkeep
|turn|15
|
|t:|1758260338
|move|p1a: Zapdos|U-turn|p2a: Slowking
|-damage|p2a: Slowking|57/100
|
|t:|1758260342
|switch|p1a: Thundurus|Thundurus-Therian, M|100/100|[from] U-turn
|-prepare|p2a: Slowking|Chilly Reception|[premajor]
|move|p2a: Slowking|Chilly Reception|p2a: Slowking
|-weather|Snowscape
|
|t:|1758260347
|switch|p2a: Lionel Misses|Cinderace, F, shiny|48/100|[from] Chilly Reception
|
|-weather|Snowscape|[upkeep]
|upkeep
|turn|16
|
|t:|1758260361
|move|p2a: Lionel Misses|Pyro Ball|p1a: Thundurus
|-damage|p1a: Thundurus|23/100
|-status|p1a: Thundurus|brn
|move|p1a: Thundurus|Thunderbolt|p2a: Lionel Misses
|-damage|p2a: Lionel Misses|0 fnt
|faint|p2a: Lionel Misses
|
|-weather|Snowscape|[upkeep]
|-damage|p1a: Thundurus|17/100 brn|[from] brn
|upkeep
|
|t:|1758260376
|switch|p2a: Slowking|Slowking-Galar, M, shiny|91/100
|turn|17
|
|t:|1758260387
|move|p1a: Thundurus|Thunderbolt|p2a: Slowking
|-damage|p2a: Slowking|63/100
|move|p2a: Slowking|Psychic Noise|p1a: Thundurus
|-damage|p1a: Thundurus|0 fnt
|faint|p1a: Thundurus
|
|-weather|Snowscape|[upkeep]
|upkeep
|
|t:|1758260391
|switch|p1a: Great Tusk|Great Tusk, shiny|100/100
|-enditem|p1a: Great Tusk|Booster Energy
|-activate|p1a: Great Tusk|ability: Protosynthesis|[fromitem]
|-start|p1a: Great Tusk|protosynthesisatk
|turn|18
|
|t:|1758260396
|switch|p2a: Kyurem|Kyurem, shiny|28/100
|-ability|p2a: Kyurem|Pressure
|move|p1a: Great Tusk|Earthquake|p2a: Kyurem
|-damage|p2a: Kyurem|0 fnt
|faint|p2a: Kyurem
|
|-weather|Snowscape|[upkeep]
|upkeep
|
|t:|1758260399
|switch|p2a: 0% Value|Iron Valiant|100/100
|-enditem|p2a: 0% Value|Booster Energy
|-activate|p2a: 0% Value|ability: Quark Drive|[fromitem]
|-start|p2a: 0% Value|quarkdrivespe
|turn|19
|
|t:|1758260419
|-end|p1a: Great Tusk|Protosynthesis|[silent]
|switch|p1a: Zapdos|Zapdos|21/100
|move|p2a: 0% Value|Moonblast|p1a: Zapdos
|-damage|p1a: Zapdos|0 fnt
|faint|p1a: Zapdos
|
|-weather|none
|upkeep
|
|t:|1758260420
|switch|p1a: Dragonite|Dragonite, M|100/100
|turn|20
|
|t:|1758260425
|-terastallize|p2a: 0% Value|Ghost
|move|p2a: 0% Value|Calm Mind|p2a: 0% Value
|-boost|p2a: 0% Value|spa|1
|-boost|p2a: 0% Value|spd|1
|move|p1a: Dragonite|Dragon Dance|p1a: Dragonite
|-boost|p1a: Dragonite|atk|1
|-boost|p1a: Dragonite|spe|1
|
|upkeep
|turn|21
|
|t:|1758260431
|move|p2a: 0% Value|Encore|p1a: Dragonite
|-start|p1a: Dragonite|Encore
|move|p1a: Dragonite|Dragon Dance|p1a: Dragonite
|-boost|p1a: Dragonite|atk|1
|-boost|p1a: Dragonite|spe|1
|
|upkeep
|turn|22
|
|t:|1758260435
|move|p2a: 0% Value|Moonblast|p1a: Dragonite
|-supereffective|p1a: Dragonite
|-damage|p1a: Dragonite|23/100
|-unboost|p1a: Dragonite|spa|1
|move|p1a: Dragonite|Dragon Dance|p1a: Dragonite
|-boost|p1a: Dragonite|atk|1
|-boost|p1a: Dragonite|spe|1
|
|upkeep
|turn|23
|
|t:|1758260438
|move|p1a: Dragonite|Dragon Dance|p1a: Dragonite
|-boost|p1a: Dragonite|atk|1
|-boost|p1a: Dragonite|spe|1
|move|p2a: 0% Value|Moonblast|p1a: Dragonite
|-supereffective|p1a: Dragonite
|-damage|p1a: Dragonite|0 fnt
|faint|p1a: Dragonite
|
|upkeep
|-message|ricboooy forfeited.
|
|win|StarDio
|raw|ricboooy's rating: 1473 &rarr; <strong>1454</strong><br />(-19 for losing)
|raw|StarDio's rating: 1497 &rarr; <strong>1516</strong><br />(+19 for winning)
|l|☆ricboooy
|player|p1|
|l|☆StarDio
|player|p2|
