|j|☆Jude_Palace
|j|☆MyXoo
|t:|1758377605
|gametype|singles
|player|p1|Jude_Palace|lucian|1377
|player|p2|MyXoo|bea|1427
|gen|9
|tier|[Gen 9] OU
|rated|
|rule|HP Percentage Mod: HP is shown in percentages
|rule|Endless Battle Clause: Forcing endless battles is banned
|rule|Species Clause: Limit one of each Pokémon
|rule|OHKO Clause: OHKO moves are banned
|rule|Evasion Items Clause: Evasion items are banned
|rule|Evasion Moves Clause: Evasion moves are banned
|rule|Evasion Abilities Clause: Evasion abilities are banned
|rule|Sleep Moves Clause: Sleep-inducing moves are banned
|clearpoke
|poke|p1|Landorus-Therian, M|
|poke|p1|Venusaur, F|
|poke|p1|Walking Wake|
|poke|p1|Dragonite, M|
|poke|p1|Torkoal, F|
|poke|p1|Kingambit, M|
|poke|p2|Samurott-Hisui, M|
|poke|p2|Scizor, M|
|poke|p2|Dragapult, F|
|poke|p2|Kingambit, M|
|poke|p2|Landorus-Therian, M|
|poke|p2|Iron Valiant|
|teampreview
|
|t:|1758377610
|teamsize|p1|6
|teamsize|p2|6
|start
|switch|p1a: Tor-tue|Torkoal, F|100/100
|switch|p2a: Samurott|Samurott-Hisui, M|100/100
|-weather|SunnyDay|[from] ability: Drought|[of] p1a: Tor-tue
|turn|1
|
|t:|1758377620
|move|p2a: Samurott|Ceaseless Edge|p1a: Tor-tue
|-damage|p1a: Tor-tue|65/100
|-sidestart|p1: Jude_Palace|Spikes
|move|p1a: Tor-tue|Will-O-Wisp|p2a: Samurott
|-status|p2a: Samurott|brn
|
|-weather|SunnyDay|[upkeep]
|-damage|p2a: Samurott|94/100 brn|[from] brn
|upkeep
|turn|2
|
|t:|1758377639
|switch|p1a: Flores|Venusaur, F|100/100
|-damage|p1a: Flores|88/100|[from] Spikes
|move|p2a: Samurott|Ceaseless Edge|p1a: Flores
|-damage|p1a: Flores|61/100
|-sidestart|p1: Jude_Palace|Spikes
|
|-weather|SunnyDay|[upkeep]
|-damage|p2a: Samurott|88/100 brn|[from] brn
|upkeep
|turn|3
|inactive|Battle timer is ON: inactive players will automatically lose when time's up. (requested by Jude_Palace)
|
|t:|1758377664
|switch|p2a: Dragapult|Dragapult, F|100/100
|move|p1a: Flores|Solar Beam||[still]
|-prepare|p1a: Flores|Solar Beam
|-anim|p1a: Flores|Solar Beam|p2a: Dragapult
|-resisted|p2a: Dragapult
|-crit|p2a: Dragapult
|-damage|p2a: Dragapult|30/100
|-damage|p1a: Flores|51/100|[from] item: Life Orb
|
|-weather|SunnyDay|[upkeep]
|upkeep
|turn|4
|
|t:|1758377681
|move|p1a: Flores|Solar Beam||[still]
|-prepare|p1a: Flores|Solar Beam
|-anim|p1a: Flores|Solar Beam|p2a: Dragapult
|-resisted|p2a: Dragapult
|-damage|p2a: Dragapult|0 fnt
|faint|p2a: Dragapult
|-damage|p1a: Flores|41/100|[from] item: Life Orb
|
|-weather|SunnyDay|[upkeep]
|upkeep
|
|t:|1758377700
|switch|p2a: Scizor|Scizor, M|100/100
|turn|5
|
|t:|1758377704
|move|p2a: Scizor|Bullet Punch|p1a: Flores
|-damage|p1a: Flores|0 fnt
|faint|p1a: Flores
|-damage|p2a: Scizor|91/100|[from] item: Life Orb
|
|-weather|SunnyDay|[upkeep]
|upkeep
|
|t:|1758377707
|switch|p1a: Eva-02|Walking Wake|100/100
|-damage|p1a: Eva-02|84/100|[from] Spikes
|-activate|p1a: Eva-02|ability: Protosynthesis
|-start|p1a: Eva-02|protosynthesisspe
|turn|6
|inactive|MyXoo has 120 seconds left.
|
|t:|1758377753
|switch|p2a: Landorus|Landorus-Therian, M|100/100
|-ability|p2a: Landorus|Intimidate|boost
|-unboost|p1a: Eva-02|atk|1
|move|p1a: Eva-02|Hydro Steam|p2a: Landorus
|-supereffective|p2a: Landorus
|-damage|p2a: Landorus|0 fnt
|faint|p2a: Landorus
|
|-weather|SunnyDay|[upkeep]
|upkeep
|
|t:|1758377765
|switch|p2a: Iron Valiant|Iron Valiant|100/100
|-enditem|p2a: Iron Valiant|Booster Energy
|-activate|p2a: Iron Valiant|ability: Quark Drive|[fromitem]
|-start|p2a: Iron Valiant|quarkdrivespe
|turn|7
|
|t:|1758377778
|-terastallize|p1a: Eva-02|Water
|move|p2a: Iron Valiant|Moonblast|p1a: Eva-02
|-damage|p1a: Eva-02|30/100
|move|p1a: Eva-02|Hydro Steam|p2a: Iron Valiant
|-damage|p2a: Iron Valiant|0 fnt
|faint|p2a: Iron Valiant
|-end|p2a: Iron Valiant|Quark Drive|[silent]
|
|-weather|SunnyDay|[upkeep]
|upkeep
|inactive|MyXoo has 90 seconds left.
|
|t:|1758377809
|switch|p2a: Kingambit|Kingambit, M|100/100
|-activate|p2a: Kingambit|ability: Supreme Overlord
|-start|p2a: Kingambit|fallen3|[silent]
|turn|8
|
|t:|1758377813
|-end|p1a: Eva-02|Protosynthesis|[silent]
|switch|p1a: Gaïa|Landorus-Therian, M|100/100
|-ability|p1a: Gaïa|Intimidate|boost
|-unboost|p2a: Kingambit|atk|1
|move|p2a: Kingambit|Sucker Punch||[still]
|-fail|p2a: Kingambit
|
|-weather|none
|upkeep
|turn|9
|inactive|MyXoo has 90 seconds left.
|
|t:|1758377833
|-end|p2a: Kingambit|fallen3|[silent]
|switch|p2a: Scizor|Scizor, M|91/100
|move|p1a: Gaïa|Taunt|p2a: Scizor
|-start|p2a: Scizor|move: Taunt
|
|upkeep
|turn|10
|
|t:|1758377841
|switch|p1a: Tor-tue|Torkoal, F|65/100
|-damage|p1a: Tor-tue|48/100|[from] Spikes
|-weather|SunnyDay|[from] ability: Drought|[of] p1a: Tor-tue
|move|p2a: Scizor|Knock Off|p1a: Tor-tue
|-damage|p1a: Tor-tue|13/100
|-enditem|p1a: Tor-tue|Heat Rock|[from] move: Knock Off|[of] p2a: Scizor
|-damage|p2a: Scizor|81/100|[from] item: Life Orb
|
|-weather|SunnyDay|[upkeep]
|upkeep
|turn|11
|
|t:|1758377857
|move|p2a: Scizor|Knock Off|p1a: Tor-tue
|-damage|p1a: Tor-tue|0 fnt
|faint|p1a: Tor-tue
|-damage|p2a: Scizor|71/100|[from] item: Life Orb
|
|-weather|SunnyDay|[upkeep]
|-end|p2a: Scizor|move: Taunt
|upkeep
|
|t:|1758377860
|switch|p1a: Eva-02|Walking Wake, tera:Water|30/100
|-damage|p1a: Eva-02|13/100|[from] Spikes
|-activate|p1a: Eva-02|ability: Protosynthesis
|-start|p1a: Eva-02|protosynthesisspe
|turn|12
|
|t:|1758377872
|move|p2a: Scizor|Bullet Punch|p1a: Eva-02
|-resisted|p1a: Eva-02
|-damage|p1a: Eva-02|0 fnt
|faint|p1a: Eva-02
|-end|p1a: Eva-02|Protosynthesis|[silent]
|-damage|p2a: Scizor|61/100|[from] item: Life Orb
|
|-weather|SunnyDay|[upkeep]
|upkeep
|
|t:|1758377874
|switch|p1a: Gaïa|Landorus-Therian, M|100/100
|-ability|p1a: Gaïa|Intimidate|boost
|-unboost|p2a: Scizor|atk|1
|turn|13
|inactive|MyXoo has 90 seconds left.
|
|t:|1758377906
|switch|p2a: Samurott|Samurott-Hisui, M|88/100 brn
|move|p1a: Gaïa|U-turn|p2a: Samurott
|-supereffective|p2a: Samurott
|-damage|p2a: Samurott|28/100 brn
|
|t:|1758377916
|switch|p1a: Stormbreaker|Dragonite, M|100/100|[from] U-turn
|
|-weather|SunnyDay|[upkeep]
|-damage|p2a: Samurott|22/100 brn|[from] brn
|upkeep
|turn|14
|inactive|MyXoo has 60 seconds left.
|
|t:|1758377937
|move|p2a: Samurott|Knock Off|p1a: Stormbreaker
|-damage|p1a: Stormbreaker|89/100
|-enditem|p1a: Stormbreaker|Heavy-Duty Boots|[from] move: Knock Off|[of] p2a: Samurott
|move|p1a: Stormbreaker|Dragon Dance|p1a: Stormbreaker
|-boost|p1a: Stormbreaker|atk|1
|-boost|p1a: Stormbreaker|spe|1
|
|-weather|SunnyDay|[upkeep]
|-damage|p2a: Samurott|16/100 brn|[from] brn
|upkeep
|turn|15
|inactive|MyXoo has 60 seconds left.
|
|t:|1758377950
|move|p1a: Stormbreaker|Dragon Dance|p1a: Stormbreaker
|-boost|p1a: Stormbreaker|atk|1
|-boost|p1a: Stormbreaker|spe|1
|move|p2a: Samurott|Ceaseless Edge|p1a: Stormbreaker
|-damage|p1a: Stormbreaker|63/100
|-sidestart|p1: Jude_Palace|Spikes
|
|-weather|SunnyDay|[upkeep]
|-damage|p2a: Samurott|10/100 brn|[from] brn
|upkeep
|turn|16
|inactive|MyXoo has 60 seconds left.
|
|t:|1758377962
|move|p1a: Stormbreaker|Extreme Speed|p2a: Samurott
|-damage|p2a: Samurott|0 fnt
|faint|p2a: Samurott
|
|-weather|SunnyDay|[upkeep]
|upkeep
|inactive|MyXoo has 60 seconds left.
|
|t:|1758377974
|switch|p2a: Kingambit|Kingambit, M|100/100
|-activate|p2a: Kingambit|ability: Supreme Overlord
|-start|p2a: Kingambit|fallen4|[silent]
|turn|17
|inactive|MyXoo has 60 seconds left.
|
|t:|1758378000
|-terastallize|p2a: Kingambit|Fairy
|move|p1a: Stormbreaker|Extreme Speed|p2a: Kingambit
|-damage|p2a: Kingambit|56/100
|move|p2a: Kingambit|Tera Blast|p1a: Stormbreaker|[anim] Tera Blast Fairy
|-supereffective|p1a: Stormbreaker
|-damage|p1a: Stormbreaker|0 fnt
|faint|p1a: Stormbreaker
|
|-weather|none
|-heal|p2a: Kingambit|62/100|[from] item: Leftovers
|upkeep
|
|t:|1758378008
|switch|p1a: Gaïa|Landorus-Therian, M|100/100
|-ability|p1a: Gaïa|Intimidate|boost
|-unboost|p2a: Kingambit|atk|1
|turn|18
|j| victini092
|
|t:|1758378021
|move|p1a: Gaïa|U-turn|p2a: Kingambit
|-resisted|p2a: Kingambit
|-damage|p2a: Kingambit|54/100
|
|t:|1758378024
|switch|p1a: Kurogane|Kingambit, M|100/100|[from] U-turn
|-damage|p1a: Kurogane|75/100|[from] Spikes
|-activate|p1a: Kurogane|ability: Supreme Overlord
|-start|p1a: Kurogane|fallen4|[silent]
|move|p2a: Kingambit|Swords Dance|p2a: Kingambit
|-boost|p2a: Kingambit|atk|2
|
|-heal|p2a: Kingambit|60/100|[from] item: Leftovers
|upkeep
|turn|19
|
|t:|1758378034
|move|p2a: Kingambit|Tera Blast|p1a: Kurogane|[anim] Tera Blast Fairy
|-damage|p1a: Kurogane|2/100
|move|p1a: Kurogane|Iron Head|p2a: Kingambit
|-supereffective|p2a: Kingambit
|-damage|p2a: Kingambit|0 fnt
|faint|p2a: Kingambit
|-end|p2a: Kingambit|fallen4|[silent]
|
|upkeep
|
|t:|1758378040
|switch|p2a: Scizor|Scizor, M|61/100
|turn|20
|
|t:|1758378043
|move|p2a: Scizor|Bullet Punch|p1a: Kurogane
|-resisted|p1a: Kurogane
|-damage|p1a: Kurogane|0 fnt
|faint|p1a: Kurogane
|-end|p1a: Kurogane|fallen4|[silent]
|-damage|p2a: Scizor|51/100|[from] item: Life Orb
|
|upkeep
|
|t:|1758378046
|switch|p1a: Gaïa|Landorus-Therian, M|100/100
|-ability|p1a: Gaïa|Intimidate|boost
|-unboost|p2a: Scizor|atk|1
|turn|21
|
|t:|1758378057
|move|p1a: Gaïa|Earthquake|p2a: Scizor
|-crit|p2a: Scizor
|-damage|p2a: Scizor|0 fnt
|faint|p2a: Scizor
|
|win|Jude_Palace
|raw|Jude_Palace's rating: 1377 &rarr; <strong>1400</strong><br />(+23 for winning)
|raw|MyXoo's rating: 1427 &rarr; <strong>1404</strong><br />(-23 for losing)
