|j|☆Cruzrooni
|j|☆No Skill Involved
|t:|1758292538
|gametype|singles
|player|p1|Cruzrooni|pryce|1260
|player|p2|No Skill Involved|169|1281
|gen|9
|tier|[Gen 9] OU
|rated|
|rule|HP Percentage Mod: HP is shown in percentages
|rule|Endless Battle Clause: Forcing endless battles is banned
|rule|Species Clause: Limit one of each Pokémon
|rule|OHKO Clause: OHKO moves are banned
|rule|Evasion Items Clause: Evasion items are banned
|rule|Evasion Moves Clause: Evasion moves are banned
|rule|Evasion Abilities Clause: Evasion abilities are banned
|rule|Sleep Moves Clause: Sleep-inducing moves are banned
|clearpoke
|poke|p1|Clodsire, M|
|poke|p1|Cetitan, M|
|poke|p1|Slowking, M|
|poke|p1|Great Tusk|
|poke|p1|Salamence, M|
|poke|p1|Frosmoth, F|
|poke|p2|Weezing-Galar, F|
|poke|p2|Cinderace, M|
|poke|p2|Gliscor, F|
|poke|p2|Alomomola, F|
|poke|p2|Gardevoir, F|
|poke|p2|Ogerpon-Wellspring, F|
|teampreview
|inactive|Battle timer is ON: inactive players will automatically lose when time's up. (requested by No Skill Involved)
|
|t:|1758292561
|teamsize|p1|6
|teamsize|p2|6
|start
|switch|p1a: Slowking|Slowking, M|100/100
|switch|p2a: Gliscor|Gliscor, F|100/100
|turn|1
|
|t:|1758292570
|move|p2a: Gliscor|Protect|p2a: Gliscor
|-singleturn|p2a: Gliscor|Protect
|move|p1a: Slowking|Future Sight|p2a: Gliscor
|-start|p1a: Slowking|move: Future Sight
|
|-status|p2a: Gliscor|tox|[from] item: Toxic Orb
|upkeep
|turn|2
|
|t:|1758292576
|move|p2a: Gliscor|Stealth Rock|p1a: Slowking
|-sidestart|p1: Cruzrooni|move: Stealth Rock
|-prepare|p1a: Slowking|Chilly Reception|[premajor]
|move|p1a: Slowking|Chilly Reception|p1a: Slowking
|-weather|Snowscape
|
|t:|1758292587
|switch|p1a: Great Tusk|Great Tusk|100/100|[from] Chilly Reception
|
|-weather|Snowscape|[upkeep]
|upkeep
|turn|3
|
|t:|1758292592
|move|p2a: Gliscor|Knock Off|p1a: Great Tusk
|-resisted|p1a: Great Tusk
|-damage|p1a: Great Tusk|94/100
|-enditem|p1a: Great Tusk|Heavy-Duty Boots|[from] move: Knock Off|[of] p2a: Gliscor
|move|p1a: Great Tusk|Rapid Spin|p2a: Gliscor
|-damage|p2a: Gliscor|87/100 tox
|-boost|p1a: Great Tusk|spe|1
|-sideend|p1: Cruzrooni|Stealth Rock|[from] move: Rapid Spin|[of] p1a: Great Tusk
|
|-weather|Snowscape|[upkeep]
|-end|p2a: Gliscor|move: Future Sight
|-damage|p2a: Gliscor|52/100 tox
|-heal|p2a: Gliscor|64/100 tox|[from] ability: Poison Heal
|upkeep
|turn|4
|
|t:|1758292603
|move|p1a: Great Tusk|Ice Spinner|p2a: Gliscor
|-supereffective|p2a: Gliscor
|-damage|p2a: Gliscor|0 fnt
|faint|p2a: Gliscor
|
|-weather|Snowscape|[upkeep]
|upkeep
|
|t:|1758292615
|switch|p2a: Gardevoir|Gardevoir, F, shiny|100/100
|turn|5
|
|t:|1758292622
|-end|p1a: Great Tusk|Protosynthesis|[silent]
|switch|p1a: Clodsire|Clodsire, M|100/100
|-ability|p2a: Gardevoir|Water Absorb|Trace|[from] ability: Trace|[of] p1a: Clodsire
|move|p2a: Gardevoir|Will-O-Wisp|p1a: Clodsire
|-status|p1a: Clodsire|brn
|
|-weather|Snowscape|[upkeep]
|-damage|p1a: Clodsire|94/100 brn|[from] brn
|upkeep
|turn|6
|
|t:|1758292632
|move|p1a: Clodsire|Toxic|p2a: Gardevoir
|-status|p2a: Gardevoir|tox
|move|p2a: Gardevoir|Teleport|p2a: Gardevoir
|
|t:|1758292639
|switch|p2a: Ogerpon|Ogerpon-Wellspring, F|100/100|[from] Teleport
|
|-weather|Snowscape|[upkeep]
|-heal|p1a: Clodsire|100/100 brn|[from] item: Black Sludge
|-damage|p1a: Clodsire|94/100 brn|[from] brn
|upkeep
|turn|7
|
|t:|1758292651
|switch|p1a: Salamence|Salamence, M|100/100
|-ability|p1a: Salamence|Intimidate|boost
|-unboost|p2a: Ogerpon|atk|1
|move|p2a: Ogerpon|Ivy Cudgel|p1a: Salamence|[anim] Ivy Cudgel Water
|-resisted|p1a: Salamence
|-crit|p1a: Salamence
|-damage|p1a: Salamence|47/100
|
|-weather|Snowscape|[upkeep]
|upkeep
|turn|8
|
|t:|1758292662
|switch|p1a: Clodsire|Clodsire, M|94/100 brn
|move|p2a: Ogerpon|U-turn|p1a: Clodsire
|-resisted|p1a: Clodsire
|-damage|p1a: Clodsire|84/100 brn
|
|t:|1758292681
|switch|p2a: Cinderace|Cinderace, M|100/100|[from] U-turn
|
|-weather|Snowscape|[upkeep]
|-heal|p1a: Clodsire|90/100 brn|[from] item: Black Sludge
|-damage|p1a: Clodsire|84/100 brn|[from] brn
|upkeep
|turn|9
|
|t:|1758292687
|move|p2a: Cinderace|U-turn|p1a: Clodsire
|-start|p2a: Cinderace|typechange|Bug|[from] ability: Libero
|-resisted|p1a: Clodsire
|-damage|p1a: Clodsire|67/100 brn
|
|t:|1758292706
|switch|p2a: Weezing|Weezing-Galar, F|100/100|[from] U-turn
|-ability|p2a: Weezing|Neutralizing Gas
|move|p1a: Clodsire|Stealth Rock|p2a: Weezing
|-sidestart|p2: No Skill Involved|move: Stealth Rock
|
|-weather|none
|-heal|p1a: Clodsire|73/100 brn|[from] item: Black Sludge
|-damage|p1a: Clodsire|67/100 brn|[from] brn
|upkeep
|turn|10
|
|t:|1758292720
|move|p2a: Weezing|Sludge Bomb|p1a: Clodsire
|-resisted|p1a: Clodsire
|-damage|p1a: Clodsire|63/100 brn
|move|p1a: Clodsire|Earthquake|p2a: Weezing
|-supereffective|p2a: Weezing
|-damage|p2a: Weezing|82/100
|
|-heal|p1a: Clodsire|69/100 brn|[from] item: Black Sludge
|-damage|p1a: Clodsire|63/100 brn|[from] brn
|upkeep
|turn|11
|
|t:|1758292732
|move|p2a: Weezing|Defog|p1a: Clodsire
|-unboost|p1a: Clodsire|evasion|1
|-sideend|p2: No Skill Involved|Stealth Rock|[from] move: Defog|[of] p2a: Weezing
|move|p1a: Clodsire|Earthquake|p2a: Weezing
|-supereffective|p2a: Weezing
|-damage|p2a: Weezing|65/100
|
|-heal|p1a: Clodsire|69/100 brn|[from] item: Black Sludge
|-damage|p1a: Clodsire|63/100 brn|[from] brn
|upkeep
|turn|12
|
|t:|1758292745
|-end|p2a: Weezing|ability: Neutralizing Gas
|switch|p2a: Cinderace|Cinderace, M|100/100
|move|p1a: Clodsire|Stealth Rock|p2a: Cinderace
|-sidestart|p2: No Skill Involved|move: Stealth Rock
|
|-heal|p1a: Clodsire|69/100 brn|[from] item: Black Sludge
|-damage|p1a: Clodsire|63/100 brn|[from] brn
|upkeep
|turn|13
|
|t:|1758292753
|move|p2a: Cinderace|Pyro Ball|p1a: Clodsire
|-damage|p1a: Clodsire|0 fnt
|faint|p1a: Clodsire
|
|upkeep
|
|t:|1758292756
|switch|p1a: Slowking|Slowking, M|100/100
|turn|14
|
|t:|1758292761
|move|p2a: Cinderace|U-turn|p1a: Slowking
|-start|p2a: Cinderace|typechange|Bug|[from] ability: Libero
|-supereffective|p1a: Slowking
|-damage|p1a: Slowking|55/100
|
|t:|1758292772
|switch|p2a: Gardevoir|Gardevoir, F, shiny|100/100 tox|[from] U-turn
|-damage|p2a: Gardevoir|88/100 tox|[from] Stealth Rock
|-ability|p2a: Gardevoir|Regenerator|Trace|[from] ability: Trace|[of] p1a: Slowking
|move|p1a: Slowking|Future Sight|p2a: Gardevoir
|-start|p1a: Slowking|move: Future Sight
|
|-heal|p2a: Gardevoir|94/100 tox|[from] item: Leftovers
|-damage|p2a: Gardevoir|88/100 tox|[from] psn
|upkeep
|turn|15
|
|t:|1758292791
|move|p2a: Gardevoir|Shadow Ball|p1a: Slowking
|-supereffective|p1a: Slowking
|-damage|p1a: Slowking|20/100
|-prepare|p1a: Slowking|Chilly Reception|[premajor]
|move|p1a: Slowking|Chilly Reception|p1a: Slowking
|-weather|Snowscape
|
|t:|1758292798
|switch|p1a: Frosmoth|Frosmoth, F, shiny|100/100|[from] Chilly Reception
|
|-weather|Snowscape|[upkeep]
|-heal|p2a: Gardevoir|94/100 tox|[from] item: Leftovers
|-damage|p2a: Gardevoir|82/100 tox|[from] psn
|upkeep
|turn|16
|
|t:|1758292809
|move|p1a: Frosmoth|Quiver Dance|p1a: Frosmoth
|-boost|p1a: Frosmoth|spa|1
|-boost|p1a: Frosmoth|spd|1
|-boost|p1a: Frosmoth|spe|1
|move|p2a: Gardevoir|Teleport|p2a: Gardevoir
|
|t:|1758292811
|switch|p2a: Weezing|Weezing-Galar, F|65/100|[from] Teleport
|-ability|p2a: Weezing|Neutralizing Gas
|-damage|p2a: Weezing|53/100|[from] Stealth Rock
|
|-weather|Snowscape|[upkeep]
|-end|p2a: Weezing|move: Future Sight
|-supereffective|p2a: Weezing
|-damage|p2a: Weezing|0 fnt
|faint|p2a: Weezing
|-end|p2a: Weezing|ability: Neutralizing Gas
|upkeep
|c|☆No Skill Involved|i goofed
|
|t:|1758292834
|switch|p2a: Cinderace|Cinderace, M|100/100
|turn|17
|
|t:|1758292840
|switch|p1a: Great Tusk|Great Tusk|94/100
|move|p2a: Cinderace|Pyro Ball|p1a: Great Tusk
|-damage|p1a: Great Tusk|57/100
|
|-weather|Snowscape|[upkeep]
|upkeep
|turn|18
|
|t:|1758292846
|move|p2a: Cinderace|U-turn|p1a: Great Tusk
|-start|p2a: Cinderace|typechange|Bug|[from] ability: Libero
|-resisted|p1a: Great Tusk
|-damage|p1a: Great Tusk|46/100
|
|t:|1758292851
|switch|p2a: Alomomola|Alomomola, F|100/100|[from] U-turn
|move|p1a: Great Tusk|Knock Off|p2a: Alomomola
|-damage|p2a: Alomomola|82/100
|-enditem|p2a: Alomomola|Heavy-Duty Boots|[from] move: Knock Off|[of] p1a: Great Tusk
|
|-weather|Snowscape|[upkeep]
|upkeep
|turn|19
|
|t:|1758292865
|-end|p1a: Great Tusk|Protosynthesis|[silent]
|switch|p1a: Salamence|Salamence, M|47/100
|-ability|p1a: Salamence|Intimidate|boost
|-unboost|p2a: Alomomola|atk|1
|move|p2a: Alomomola|Scald|p1a: Salamence
|-resisted|p1a: Salamence
|-damage|p1a: Salamence|39/100
|-status|p1a: Salamence|brn
|
|-weather|Snowscape|[upkeep]
|-damage|p1a: Salamence|33/100 brn|[from] brn
|upkeep
|turn|20
|
|t:|1758292874
|move|p1a: Salamence|Air Slash|p2a: Alomomola
|-damage|p2a: Alomomola|20/100
|cant|p2a: Alomomola|flinch
|
|-weather|Snowscape|[upkeep]
|-damage|p1a: Salamence|27/100 brn|[from] brn
|upkeep
|turn|21
|
|t:|1758292880
|switch|p2a: Gardevoir|Gardevoir, F, shiny|100/100 tox
|-damage|p2a: Gardevoir|88/100 tox|[from] Stealth Rock
|-ability|p2a: Gardevoir|Intimidate|Trace|[from] ability: Trace|[of] p1a: Salamence
|-ability|p2a: Gardevoir|Intimidate|boost
|-unboost|p1a: Salamence|atk|1
|move|p1a: Salamence|Air Slash|p2a: Gardevoir
|-damage|p2a: Gardevoir|43/100 tox
|
|-weather|Snowscape|[upkeep]
|-heal|p2a: Gardevoir|49/100 tox|[from] item: Leftovers
|-damage|p2a: Gardevoir|43/100 tox|[from] psn
|-damage|p1a: Salamence|21/100 brn|[from] brn
|upkeep
|turn|22
|
|t:|1758292904
|switch|p1a: Great Tusk|Great Tusk|46/100
|-terastallize|p2a: Gardevoir|Steel
|move|p2a: Gardevoir|Moonblast|p1a: Great Tusk
|-supereffective|p1a: Great Tusk
|-damage|p1a: Great Tusk|0 fnt
|faint|p1a: Great Tusk
|-end|p1a: Great Tusk|Protosynthesis|[silent]
|
|-weather|none
|-heal|p2a: Gardevoir|49/100 tox|[from] item: Leftovers
|-damage|p2a: Gardevoir|37/100 tox|[from] psn
|upkeep
|
|t:|1758292921
|switch|p1a: Salamence|Salamence, M|21/100 brn
|-ability|p1a: Salamence|Intimidate|boost
|-unboost|p2a: Gardevoir|atk|1
|turn|23
|
|t:|1758292926
|switch|p2a: Alomomola|Alomomola, F|53/100
|-damage|p2a: Alomomola|41/100|[from] Stealth Rock
|move|p1a: Salamence|Flamethrower|p2a: Alomomola
|-resisted|p2a: Alomomola
|-damage|p2a: Alomomola|16/100
|
|-damage|p1a: Salamence|15/100 brn|[from] brn
|upkeep
|turn|24
|
|t:|1758292933
|switch|p2a: Cinderace|Cinderace, M|100/100
|move|p1a: Salamence|Flamethrower|p2a: Cinderace
|-resisted|p2a: Cinderace
|-crit|p2a: Cinderace
|-damage|p2a: Cinderace|54/100
|
|-damage|p1a: Salamence|9/100 brn|[from] brn
|upkeep
|turn|25
|
|t:|1758292943
|switch|p1a: Slowking|Slowking, M|53/100
|move|p2a: Cinderace|Court Change|p2a: Cinderace
|-start|p2a: Cinderace|typechange|Normal|[from] ability: Libero
|-swapsideconditions
|-activate|p2a: Cinderace|move: Court Change
|
|upkeep
|turn|26
|
|t:|1758292952
|move|p2a: Cinderace|U-turn|p1a: Slowking
|-supereffective|p1a: Slowking
|-damage|p1a: Slowking|18/100
|
|t:|1758292957
|switch|p2a: Ogerpon|Ogerpon-Wellspring, F|100/100|[from] U-turn
|-prepare|p1a: Slowking|Chilly Reception|[premajor]
|move|p1a: Slowking|Chilly Reception|p1a: Slowking
|-weather|Snowscape
|
|t:|1758292969
|switch|p1a: Cetitan|Cetitan, M, shiny|100/100|[from] Chilly Reception
|-damage|p1a: Cetitan|76/100|[from] Stealth Rock
|
|-weather|Snowscape|[upkeep]
|upkeep
|turn|27
|
|t:|1758292980
|move|p1a: Cetitan|Ice Spinner|p2a: Ogerpon
|-crit|p2a: Ogerpon
|-damage|p2a: Ogerpon|20/100
|move|p2a: Ogerpon|Wood Hammer|p1a: Cetitan
|-damage|p1a: Cetitan|31/100
|-enditem|p1a: Cetitan|Sitrus Berry|[eat]
|-heal|p1a: Cetitan|56/100|[from] item: Sitrus Berry
|-damage|p2a: Ogerpon|0 fnt|[from] Recoil
|faint|p2a: Ogerpon
|
|-weather|Snowscape|[upkeep]
|upkeep
|
|t:|1758292991
|switch|p2a: Alomomola|Alomomola, F|50/100
|turn|28
|
|t:|1758292998
|move|p1a: Cetitan|Belly Drum|p1a: Cetitan
|-damage|p1a: Cetitan|6/100
|-setboost|p1a: Cetitan|atk|6|[from] move: Belly Drum
|move|p2a: Alomomola|Flip Turn|p1a: Cetitan
|-damage|p1a: Cetitan|0 fnt
|faint|p1a: Cetitan
|
|t:|1758293007
|switch|p2a: Cinderace|Cinderace, M|54/100|[from] Flip Turn
|
|-weather|Snowscape|[upkeep]
|upkeep
|
|t:|1758293012
|switch|p1a: Slowking|Slowking, M|51/100
|-damage|p1a: Slowking|38/100|[from] Stealth Rock
|turn|29
|
|t:|1758293016
|switch|p1a: Salamence|Salamence, M|9/100 brn
|-damage|p1a: Salamence|0 fnt|[from] Stealth Rock
|faint|p1a: Salamence
|move|p2a: Cinderace|U-turn|p1: Salamence|[notarget]
|-fail|p2a: Cinderace
|
|-weather|Snowscape|[upkeep]
|upkeep
|
|t:|1758293023
|switch|p1a: Slowking|Slowking, M|72/100
|-damage|p1a: Slowking|59/100|[from] Stealth Rock
|turn|30
|
|t:|1758293034
|-terastallize|p1a: Slowking|Bug
|move|p2a: Cinderace|Sucker Punch|p1a: Slowking
|-start|p2a: Cinderace|typechange|Dark|[from] ability: Libero
|-damage|p1a: Slowking|32/100
|move|p1a: Slowking|Future Sight|p2a: Cinderace
|-start|p1a: Slowking|move: Future Sight
|
|-weather|Snowscape|[upkeep]
|upkeep
|turn|31
|
|t:|1758293048
|move|p2a: Cinderace|Pyro Ball|p1a: Slowking
|-supereffective|p1a: Slowking
|-damage|p1a: Slowking|0 fnt
|faint|p1a: Slowking
|
|-weather|Snowscape|[upkeep]
|upkeep
|
|t:|1758293051
|switch|p1a: Frosmoth|Frosmoth, F, shiny|100/100
|-damage|p1a: Frosmoth|51/100|[from] Stealth Rock
|turn|32
|
|t:|1758293056
|move|p2a: Cinderace|Pyro Ball|p1a: Frosmoth
|-supereffective|p1a: Frosmoth
|-damage|p1a: Frosmoth|0 fnt
|faint|p1a: Frosmoth
|
|win|No Skill Involved
|raw|Cruzrooni's rating: 1260 &rarr; <strong>1237</strong><br />(-23 for losing)
|raw|No Skill Involved's rating: 1281 &rarr; <strong>1304</strong><br />(+23 for winning)
|l|☆Cruzrooni
|player|p1|
|c|☆No Skill Involved|gg
