|j|‽XIXINANA
|j|☆PossiblyJay
|t:|1758303524
|gametype|singles
|player|p1|XIXINANA|nate|1140
|player|p2|PossiblyJay|1|1127
|gen|9
|tier|[Gen 9] OU
|rated|
|rule|HP Percentage Mod: HP is shown in percentages
|rule|Endless Battle Clause: Forcing endless battles is banned
|rule|Species Clause: Limit one of each Pokémon
|rule|OHKO Clause: OHKO moves are banned
|rule|Evasion Items Clause: Evasion items are banned
|rule|Evasion Moves Clause: Evasion moves are banned
|rule|Evasion Abilities Clause: Evasion abilities are banned
|rule|Sleep Moves Clause: Sleep-inducing moves are banned
|clearpoke
|poke|p1|Gyarados, M|
|poke|p1|Lycanroc-Midnight, F|
|poke|p1|Sinistcha-Masterpiece|
|poke|p1|Polteageist-Antique|
|poke|p1|Typhlosion-Hisui, F|
|poke|p1|Regidrago|
|poke|p2|Samurott, M|
|poke|p2|Garganacl, F|
|poke|p2|Oricorio, F|
|poke|p2|Ampharos, F|
|poke|p2|Lokix, F|
|poke|p2|Gallade, M|
|teampreview
|inactive|Battle timer is ON: inactive players will automatically lose when time's up. (requested by PossiblyJay)
|
|t:|1758303532
|teamsize|p1|6
|teamsize|p2|6
|start
|switch|p1a: Gyarados|Gyarados, M|100/100
|switch|p2a: rockelle|Garganacl, F, shiny|100/100
|-ability|p1a: Gyarados|Intimidate|boost
|-unboost|p2a: rockelle|atk|1
|turn|1
|
|t:|1758303538
|-terastallize|p1a: Gyarados|Water
|move|p1a: Gyarados|Waterfall|p2a: rockelle
|-supereffective|p2a: rockelle
|-damage|p2a: rockelle|24/100
|-damage|p1a: Gyarados|84/100|[from] item: Rocky Helmet|[of] p2a: rockelle
|move|p2a: rockelle|Salt Cure|p1a: Gyarados
|-damage|p1a: Gyarados|71/100
|-start|p1a: Gyarados|Salt Cure
|
|-heal|p1a: Gyarados|77/100|[from] item: Leftovers
|-damage|p1a: Gyarados|52/100|[from] Salt Cure
|upkeep
|turn|2
|
|t:|1758303551
|switch|p2a: samurai jack|Samurott, M, shiny|100/100
|move|p1a: Gyarados|Earthquake|p2a: samurai jack
|-damage|p2a: samurai jack|57/100
|
|-heal|p1a: Gyarados|58/100|[from] item: Leftovers
|-damage|p1a: Gyarados|33/100|[from] Salt Cure
|upkeep
|turn|3
|
|t:|1758303562
|move|p2a: samurai jack|Grass Knot|p1a: Gyarados
|-supereffective|p1a: Gyarados
|-damage|p1a: Gyarados|0 fnt
|faint|p1a: Gyarados
|-damage|p2a: samurai jack|47/100|[from] item: Life Orb
|
|upkeep
|
|t:|1758303571
|switch|p1a: Regidrago|Regidrago|100/100
|turn|4
|
|t:|1758303578
|move|p1a: Regidrago|Dragon Energy|p2a: samurai jack
|-damage|p2a: samurai jack|0 fnt
|faint|p2a: samurai jack
|
|upkeep
|
|t:|1758303583
|switch|p2a: marbles|Ampharos, F, shiny|100/100
|turn|5
|
|t:|1758303585
|-terastallize|p2a: marbles|Fairy
|move|p1a: Regidrago|Dragon Energy|p2a: marbles
|-immune|p2a: marbles
|move|p2a: marbles|Dazzling Gleam|p1a: Regidrago
|-supereffective|p1a: Regidrago
|-damage|p1a: Regidrago|10/100
|
|upkeep
|turn|6
|
|t:|1758303592
|switch|p1a: Lycanroc|Lycanroc-Midnight, F|100/100
|move|p2a: marbles|Cotton Guard|p2a: marbles
|-boost|p2a: marbles|def|3
|
|upkeep
|turn|7
|
|t:|1758303596
|move|p1a: Lycanroc|Stone Edge|p2a: marbles
|-damage|p2a: marbles|72/100
|-damage|p1a: Lycanroc|91/100|[from] item: Life Orb
|move|p2a: marbles|Cotton Guard|p2a: marbles
|-boost|p2a: marbles|def|3
|
|-heal|p2a: marbles|78/100|[from] item: Leftovers
|upkeep
|turn|8
|
|t:|1758303601
|move|p1a: Lycanroc|Stone Edge|p2a: marbles
|-damage|p2a: marbles|60/100
|-damage|p1a: Lycanroc|81/100|[from] item: Life Orb
|move|p2a: marbles|Focus Blast|p1a: Lycanroc
|-supereffective|p1a: Lycanroc
|-damage|p1a: Lycanroc|0 fnt
|faint|p1a: Lycanroc
|
|-heal|p2a: marbles|66/100|[from] item: Leftovers
|upkeep
|
|t:|1758303610
|switch|p1a: Typhlosion|Typhlosion-Hisui, F|100/100
|-item|p2a: marbles|Leftovers|[from] ability: Frisk|[of] p1a: Typhlosion
|turn|9
|
|t:|1758303616
|switch|p2a: rockelle|Garganacl, F, shiny|24/100
|move|p1a: Typhlosion|Eruption|p2a: rockelle
|-resisted|p2a: rockelle
|-damage|p2a: rockelle|0 fnt
|faint|p2a: rockelle
|
|upkeep
|
|t:|1758303621
|switch|p2a: shade|Lokix, F|100/100
|turn|10
|
|t:|1758303629
|switch|p1a: Sinistcha|Sinistcha-Masterpiece|100/100
|move|p2a: shade|First Impression|p1a: Sinistcha
|-damage|p1a: Sinistcha|61/100
|
|-heal|p1a: Sinistcha|67/100|[from] item: Leftovers
|upkeep
|turn|11
|
|t:|1758303637
|move|p2a: shade|Knock Off|p1a: Sinistcha
|-supereffective|p1a: Sinistcha
|-damage|p1a: Sinistcha|0 fnt
|-enditem|p1a: Sinistcha|Leftovers|[from] move: Knock Off|[of] p2a: shade
|faint|p1a: Sinistcha
|
|upkeep
|
|t:|1758303645
|switch|p1a: Typhlosion|Typhlosion-Hisui, F|100/100
|-item|p2a: shade|Heavy-Duty Boots|[from] ability: Frisk|[of] p1a: Typhlosion
|turn|12
|
|t:|1758303649
|switch|p2a: valerie|Oricorio, F, shiny|100/100
|move|p1a: Typhlosion|Overheat|p2a: valerie
|-resisted|p2a: valerie
|-damage|p2a: valerie|48/100
|-unboost|p1a: Typhlosion|spa|2
|
|upkeep
|turn|13
|
|t:|1758303657
|switch|p1a: Polteageist|Polteageist-Antique|100/100
|move|p2a: valerie|Quiver Dance|p2a: valerie
|-boost|p2a: valerie|spa|1
|-boost|p2a: valerie|spd|1
|-boost|p2a: valerie|spe|1
|
|upkeep
|turn|14
|
|t:|1758303672
|move|p2a: valerie|Hurricane|p1a: Polteageist
|-damage|p1a: Polteageist|17/100
|move|p1a: Polteageist|Shell Smash|p1a: Polteageist
|-unboost|p1a: Polteageist|def|1
|-unboost|p1a: Polteageist|spd|1
|-boost|p1a: Polteageist|atk|2
|-boost|p1a: Polteageist|spa|2
|-boost|p1a: Polteageist|spe|2
|
|upkeep
|turn|15
|
|t:|1758303677
|move|p1a: Polteageist|Shadow Ball|p2a: valerie
|-damage|p2a: valerie|0 fnt
|faint|p2a: valerie
|
|upkeep
|
|t:|1758303680
|switch|p2a: shade|Lokix, F|100/100
|turn|16
|
|t:|1758303682
|move|p2a: shade|First Impression|p1a: Polteageist
|-resisted|p1a: Polteageist
|-damage|p1a: Polteageist|0 fnt
|faint|p1a: Polteageist
|
|upkeep
|
|t:|1758303686
|switch|p1a: Typhlosion|Typhlosion-Hisui, F|100/100
|-item|p2a: shade|Heavy-Duty Boots|[from] ability: Frisk|[of] p1a: Typhlosion
|turn|17
|
|t:|1758303689
|switch|p2a: marbles|Ampharos, F, shiny, tera:Fairy|66/100
|move|p1a: Typhlosion|Overheat|p2a: marbles
|-damage|p2a: marbles|7/100
|-unboost|p1a: Typhlosion|spa|2
|
|-heal|p2a: marbles|13/100|[from] item: Leftovers
|upkeep
|turn|18
|
|t:|1758303694
|switch|p2a: solaire|Gallade, M, shiny|100/100
|move|p1a: Typhlosion|Overheat|p2a: solaire
|-damage|p2a: solaire|67/100
|-unboost|p1a: Typhlosion|spa|2
|
|-heal|p2a: solaire|73/100|[from] item: Leftovers
|upkeep
|turn|19
|
|t:|1758303701
|switch|p1a: Regidrago|Regidrago|10/100
|move|p2a: solaire|Bulk Up|p2a: solaire
|-boost|p2a: solaire|atk|1
|-boost|p2a: solaire|def|1
|
|-heal|p2a: solaire|79/100|[from] item: Leftovers
|upkeep
|turn|20
|
|t:|1758303707
|move|p1a: Regidrago|Draco Meteor|p2a: solaire
|-damage|p2a: solaire|0 fnt
|-unboost|p1a: Regidrago|spa|2
|faint|p2a: solaire
|
|upkeep
|
|t:|1758303712
|switch|p2a: marbles|Ampharos, F, shiny, tera:Fairy|13/100
|turn|21
|
|t:|1758303721
|move|p1a: Regidrago|Draco Meteor|p2a: marbles
|-immune|p2a: marbles
|move|p2a: marbles|Volt Switch|p1a: Regidrago
|-resisted|p1a: Regidrago
|-damage|p1a: Regidrago|0 fnt
|faint|p1a: Regidrago
|
|t:|1758303729
|switch|p2a: shade|Lokix, F|100/100|[from] Volt Switch
|
|upkeep
|
|t:|1758303731
|switch|p1a: Typhlosion|Typhlosion-Hisui, F|100/100
|-item|p2a: shade|Heavy-Duty Boots|[from] ability: Frisk|[of] p1a: Typhlosion
|turn|22
|
|t:|1758303736
|switch|p2a: marbles|Ampharos, F, shiny, tera:Fairy|13/100
|move|p1a: Typhlosion|Overheat|p2a: marbles
|-damage|p2a: marbles|0 fnt
|-unboost|p1a: Typhlosion|spa|2
|faint|p2a: marbles
|
|upkeep
|
|t:|1758303739
|switch|p2a: shade|Lokix, F|100/100
|turn|23
|
|t:|1758303742
|move|p2a: shade|First Impression|p1a: Typhlosion
|-resisted|p1a: Typhlosion
|-damage|p1a: Typhlosion|70/100
|move|p1a: Typhlosion|Overheat|p2a: shade
|-supereffective|p2a: shade
|-damage|p2a: shade|0 fnt
|-unboost|p1a: Typhlosion|spa|2
|faint|p2a: shade
|
|win|XIXINANA
|raw|XIXINANA's rating: 1140 &rarr; <strong>1164</strong><br />(+24 for winning)
|raw|PossiblyJay's rating: 1127 &rarr; <strong>1103</strong><br />(-24 for losing)
|l|☆PossiblyJay
|player|p2|
|l|‽XIXINANA
|player|p1|
