|j|☆Iamashit8
|j|☆AllegianceIs2UrMom
|t:|1758355716
|gametype|singles
|player|p1|Iamashit8|102|1494
|player|p2|AllegianceIs2UrMom|102|1527
|gen|9
|tier|[Gen 9] OU
|rated|
|rule|HP Percentage Mod: HP is shown in percentages
|rule|Endless Battle Clause: Forcing endless battles is banned
|rule|Species Clause: Limit one of each Pokémon
|rule|OHKO Clause: OHKO moves are banned
|rule|Evasion Items Clause: Evasion items are banned
|rule|Evasion Moves Clause: Evasion moves are banned
|rule|Evasion Abilities Clause: Evasion abilities are banned
|rule|Sleep Moves Clause: Sleep-inducing moves are banned
|clearpoke
|poke|p1|Gholdengo|
|poke|p1|Ting-Lu|
|poke|p1|Dragonite, F|
|poke|p1|Zamazenta-*|
|poke|p1|Clefable, F|
|poke|p1|Deoxys-Speed|
|poke|p2|Metagross|
|poke|p2|Hatterene, F|
|poke|p2|Iron Hands|
|poke|p2|Toedscruel, F|
|poke|p2|Pelipper, M|
|poke|p2|Ursaluna, F|
|teampreview
|inactive|Battle timer is ON: inactive players will automatically lose when time's up. (requested by AllegianceIs2UrMom)
|
|t:|1758355735
|teamsize|p1|6
|teamsize|p2|6
|start
|switch|p1a: Gholdengo|Gholdengo|100/100
|switch|p2a: Metagross|Metagross|100/100
|turn|1
|
|t:|1758355750
|switch|p2a: Toedscruel|Toedscruel, F|100/100
|move|p1a: Gholdengo|Shadow Ball|p2a: Toedscruel
|-damage|p2a: Toedscruel|80/100
|
|-heal|p2a: Toedscruel|86/100|[from] item: Leftovers
|upkeep
|turn|2
|
|t:|1758355767
|switch|p1a: Zamazenta|Zamazenta|100/100
|-ability|p1a: Zamazenta|Dauntless Shield|boost
|-boost|p1a: Zamazenta|def|1
|move|p2a: Toedscruel|Trick Room|p2a: Toedscruel
|-fieldstart|move: Trick Room|[of] p2a: Toedscruel
|
|-heal|p2a: Toedscruel|93/100|[from] item: Leftovers
|upkeep
|turn|3
|
|t:|1758355780
|switch|p2a: Pelipper|Pelipper, M|100/100
|-weather|RainDance|[from] ability: Drizzle|[of] p2a: Pelipper
|move|p1a: Zamazenta|Ice Fang|p2a: Pelipper
|-damage|p2a: Pelipper|77/100
|
|-weather|RainDance|[upkeep]
|upkeep
|turn|4
|
|t:|1758355788
|switch|p1a: Dragonite|Dragonite, F|100/100
|move|p2a: Pelipper|Hurricane|p1a: Dragonite
|-damage|p1a: Dragonite|76/100
|
|-weather|RainDance|[upkeep]
|upkeep
|turn|5
|
|t:|1758355803
|switch|p2a: Ursaluna|Ursaluna, F|100/100
|move|p1a: Dragonite|Extreme Speed|p2a: Ursaluna
|-damage|p2a: Ursaluna|77/100
|
|-weather|RainDance|[upkeep]
|-status|p2a: Ursaluna|brn|[from] item: Flame Orb
|upkeep
|turn|6
|
|t:|1758355817
|switch|p1a: Clefable|Clefable, F|100/100
|move|p2a: Ursaluna|Headlong Rush|p1a: Clefable
|-damage|p1a: Clefable|14/100
|-unboost|p2a: Ursaluna|def|1
|-unboost|p2a: Ursaluna|spd|1
|-damage|p2a: Ursaluna|60/100 brn|[from] item: Rocky Helmet|[of] p1a: Clefable
|
|-weather|RainDance|[upkeep]
|-damage|p2a: Ursaluna|54/100 brn|[from] brn
|-fieldend|move: Trick Room
|upkeep
|turn|7
|
|t:|1758355828
|switch|p2a: Hatterene|Hatterene, F|100/100
|move|p1a: Clefable|Stealth Rock|p2a: Hatterene
|move|p2a: Hatterene|Stealth Rock|p1a: Clefable|[from] ability: Magic Bounce
|-sidestart|p1: Iamashit8|move: Stealth Rock
|
|-weather|none
|upkeep
|turn|8
|
|t:|1758355834
|move|p1a: Clefable|Knock Off|p2a: Hatterene
|-damage|p2a: Hatterene|88/100
|-enditem|p2a: Hatterene|Leftovers|[from] move: Knock Off|[of] p1a: Clefable
|move|p2a: Hatterene|Trick Room|p2a: Hatterene
|-fieldstart|move: Trick Room|[of] p2a: Hatterene
|
|upkeep
|turn|9
|
|t:|1758355839
|move|p2a: Hatterene|Draining Kiss|p1a: Clefable
|-damage|p1a: Clefable|0 fnt
|-heal|p2a: Hatterene|100/100|[from] drain|[of] p1a: Clefable
|-damage|p2a: Hatterene|84/100|[from] item: Rocky Helmet|[of] p1a: Clefable
|faint|p1a: Clefable
|
|upkeep
|
|t:|1758355841
|switch|p1a: Gholdengo|Gholdengo|100/100
|turn|10
|
|t:|1758355852
|switch|p2a: Pelipper|Pelipper, M|77/100
|-weather|RainDance|[from] ability: Drizzle|[of] p2a: Pelipper
|move|p1a: Gholdengo|Nasty Plot|p1a: Gholdengo
|-boost|p1a: Gholdengo|spa|2
|
|-weather|RainDance|[upkeep]
|upkeep
|turn|11
|
|t:|1758355859
|move|p2a: Pelipper|Weather Ball|p1a: Gholdengo
|-damage|p1a: Gholdengo|25/100
|move|p1a: Gholdengo|Shadow Ball|p2a: Pelipper
|-damage|p2a: Pelipper|0 fnt
|faint|p2a: Pelipper
|
|-weather|RainDance|[upkeep]
|upkeep
|
|t:|1758355862
|switch|p2a: Ursaluna|Ursaluna, F|54/100 brn
|turn|12
|
|t:|1758355876
|switch|p1a: Zamazenta|Zamazenta|100/100
|move|p2a: Ursaluna|Fire Punch|p1a: Zamazenta
|-damage|p1a: Zamazenta|79/100
|
|-weather|RainDance|[upkeep]
|-damage|p2a: Ursaluna|48/100 brn|[from] brn
|-fieldend|move: Trick Room
|upkeep
|turn|13
|
|t:|1758355892
|switch|p1a: Gholdengo|Gholdengo|25/100
|move|p2a: Ursaluna|Facade|p1a: Gholdengo
|-immune|p1a: Gholdengo
|
|-weather|RainDance|[upkeep]
|-damage|p2a: Ursaluna|42/100 brn|[from] brn
|upkeep
|turn|14
|
|t:|1758355900
|switch|p2a: Toedscruel|Toedscruel, F|93/100
|move|p1a: Gholdengo|Make It Rain|p2a: Toedscruel
|-damage|p2a: Toedscruel|59/100
|-unboost|p1a: Gholdengo|spa|1
|
|-weather|none
|-heal|p2a: Toedscruel|65/100|[from] item: Leftovers
|upkeep
|turn|15
|
|t:|1758355907
|move|p1a: Gholdengo|Recover|p1a: Gholdengo
|-heal|p1a: Gholdengo|76/100
|move|p2a: Toedscruel|Trick Room|p2a: Toedscruel
|-fieldstart|move: Trick Room|[of] p2a: Toedscruel
|
|-heal|p2a: Toedscruel|71/100|[from] item: Leftovers
|upkeep
|turn|16
|
|t:|1758355912
|switch|p1a: Ting-Lu|Ting-Lu|100/100
|-damage|p1a: Ting-Lu|94/100|[from] Stealth Rock
|-ability|p1a: Ting-Lu|Vessel of Ruin
|move|p2a: Toedscruel|Earth Power|p1a: Ting-Lu
|-damage|p1a: Ting-Lu|84/100
|
|-heal|p1a: Ting-Lu|90/100|[from] item: Leftovers
|-heal|p2a: Toedscruel|77/100|[from] item: Leftovers
|upkeep
|turn|17
|
|t:|1758355917
|switch|p2a: Hatterene|Hatterene, F|84/100
|move|p1a: Ting-Lu|Whirlwind|p2a: Hatterene
|move|p2a: Hatterene|Whirlwind|p1a: Ting-Lu|[from] ability: Magic Bounce
|drag|p1a: Zamazenta|Zamazenta|79/100
|
|upkeep
|turn|18
|
|t:|1758355921
|switch|p1a: Gholdengo|Gholdengo|76/100
|move|p2a: Hatterene|Draining Kiss|p1a: Gholdengo
|-resisted|p1a: Gholdengo
|-damage|p1a: Gholdengo|65/100
|-heal|p2a: Hatterene|93/100|[from] drain|[of] p1a: Gholdengo
|
|upkeep
|turn|19
|
|t:|1758355924
|switch|p2a: Toedscruel|Toedscruel, F|77/100
|move|p1a: Gholdengo|Make It Rain|p2a: Toedscruel
|-damage|p2a: Toedscruel|43/100
|-unboost|p1a: Gholdengo|spa|1
|
|-heal|p2a: Toedscruel|49/100|[from] item: Leftovers
|-fieldend|move: Trick Room
|upkeep
|turn|20
|
|t:|1758355929
|switch|p1a: Ting-Lu|Ting-Lu|90/100
|-damage|p1a: Ting-Lu|84/100|[from] Stealth Rock
|-ability|p1a: Ting-Lu|Vessel of Ruin
|move|p2a: Toedscruel|Earth Power|p1a: Ting-Lu
|-damage|p1a: Ting-Lu|73/100
|
|-heal|p2a: Toedscruel|55/100|[from] item: Leftovers
|-heal|p1a: Ting-Lu|79/100|[from] item: Leftovers
|upkeep
|turn|21
|
|t:|1758355940
|move|p2a: Toedscruel|Giga Drain|p1a: Ting-Lu
|-supereffective|p1a: Ting-Lu
|-damage|p1a: Ting-Lu|62/100
|-heal|p2a: Toedscruel|67/100|[from] drain|[of] p1a: Ting-Lu
|move|p1a: Ting-Lu|Whirlwind|p2a: Toedscruel
|drag|p2a: Hatterene|Hatterene, F|93/100
|
|-heal|p1a: Ting-Lu|68/100|[from] item: Leftovers
|upkeep
|turn|22
|
|t:|1758355949
|switch|p2a: Iron Hands|Iron Hands|100/100
|move|p1a: Ting-Lu|Earthquake|p2a: Iron Hands
|-supereffective|p2a: Iron Hands
|-damage|p2a: Iron Hands|57/100
|
|-heal|p1a: Ting-Lu|75/100|[from] item: Leftovers
|-heal|p2a: Iron Hands|63/100|[from] item: Leftovers
|upkeep
|turn|23
|
|t:|1758355963
|move|p1a: Ting-Lu|Spikes|p2a: Iron Hands
|-sidestart|p2: AllegianceIs2UrMom|Spikes
|move|p2a: Iron Hands|Drain Punch|p1a: Ting-Lu
|-supereffective|p1a: Ting-Lu
|-damage|p1a: Ting-Lu|24/100
|-heal|p2a: Iron Hands|89/100|[from] drain|[of] p1a: Ting-Lu
|
|-heal|p1a: Ting-Lu|31/100|[from] item: Leftovers
|-heal|p2a: Iron Hands|95/100|[from] item: Leftovers
|upkeep
|turn|24
|
|t:|1758355973
|move|p1a: Ting-Lu|Spikes|p2a: Iron Hands
|-sidestart|p2: AllegianceIs2UrMom|Spikes
|move|p2a: Iron Hands|Drain Punch|p1a: Ting-Lu
|-supereffective|p1a: Ting-Lu
|-damage|p1a: Ting-Lu|0 fnt
|-heal|p2a: Iron Hands|100/100|[from] drain|[of] p1a: Ting-Lu
|faint|p1a: Ting-Lu
|
|upkeep
|
|t:|1758355976
|switch|p1a: Deoxys|Deoxys-Speed|100/100
|-ability|p1a: Deoxys|Pressure
|turn|25
|
|t:|1758355978
|move|p1a: Deoxys|Psycho Boost|p2a: Iron Hands
|-supereffective|p2a: Iron Hands
|-damage|p2a: Iron Hands|0 fnt
|-unboost|p1a: Deoxys|spa|2
|faint|p2a: Iron Hands
|-end|p2a: Iron Hands|Quark Drive|[silent]
|
|upkeep
|
|t:|1758355981
|switch|p2a: Toedscruel|Toedscruel, F|67/100
|-damage|p2a: Toedscruel|50/100|[from] Spikes
|turn|26
|
|t:|1758355987
|move|p1a: Deoxys|Ice Beam|p2a: Toedscruel
|-supereffective|p2a: Toedscruel
|-damage|p2a: Toedscruel|22/100
|move|p2a: Toedscruel|Rapid Spin|p1a: Deoxys
|-damage|p1a: Deoxys|88/100
|-boost|p2a: Toedscruel|spe|1
|-sideend|p2: AllegianceIs2UrMom|Spikes|[from] move: Rapid Spin|[of] p2a: Toedscruel
|
|-heal|p2a: Toedscruel|28/100|[from] item: Leftovers
|upkeep
|turn|27
|
|t:|1758356000
|switch|p2a: Metagross|Metagross|100/100
|move|p1a: Deoxys|Nasty Plot|p1a: Deoxys
|-boost|p1a: Deoxys|spa|2
|
|upkeep
|turn|28
|
|t:|1758356003
|switch|p1a: Gholdengo|Gholdengo|65/100
|move|p2a: Metagross|Knock Off|p1a: Gholdengo
|-supereffective|p1a: Gholdengo
|-damage|p1a: Gholdengo|9/100
|-enditem|p1a: Gholdengo|Heavy-Duty Boots|[from] move: Knock Off|[of] p2a: Metagross
|
|upkeep
|turn|29
|
|t:|1758356008
|move|p2a: Metagross|Bullet Punch|p1a: Gholdengo
|-resisted|p1a: Gholdengo
|-crit|p1a: Gholdengo
|-damage|p1a: Gholdengo|0 fnt
|faint|p1a: Gholdengo
|
|upkeep
|
|t:|1758356011
|switch|p1a: Dragonite|Dragonite, F|76/100
|turn|30
|
|t:|1758356016
|move|p1a: Dragonite|Earthquake|p2a: Metagross
|-supereffective|p2a: Metagross
|-damage|p2a: Metagross|46/100
|move|p2a: Metagross|Psychic Fangs|p1a: Dragonite
|-damage|p1a: Dragonite|27/100
|
|upkeep
|turn|31
|
|t:|1758356023
|switch|p2a: Hatterene|Hatterene, F|93/100
|move|p1a: Dragonite|Earthquake|p2a: Hatterene
|-damage|p2a: Hatterene|63/100
|
|upkeep
|turn|32
|
|t:|1758356044
|move|p1a: Dragonite|Earthquake|p2a: Hatterene
|-damage|p2a: Hatterene|32/100
|move|p2a: Hatterene|Trick Room|p2a: Hatterene
|-fieldstart|move: Trick Room|[of] p2a: Hatterene
|
|upkeep
|turn|33
|
|t:|1758356047
|-terastallize|p1a: Dragonite|Normal
|move|p1a: Dragonite|Extreme Speed|p2a: Hatterene
|-damage|p2a: Hatterene|0 fnt
|faint|p2a: Hatterene
|
|upkeep
|
|t:|1758356052
|switch|p2a: Ursaluna|Ursaluna, F|42/100 brn
|turn|34
|
|t:|1758356057
|switch|p1a: Deoxys|Deoxys-Speed|88/100
|-ability|p1a: Deoxys|Pressure
|move|p2a: Ursaluna|Facade|p1a: Deoxys
|-damage|p1a: Deoxys|0 fnt
|faint|p1a: Deoxys
|
|-damage|p2a: Ursaluna|36/100 brn|[from] brn
|upkeep
|
|t:|1758356065
|switch|p1a: Dragonite|Dragonite, F, tera:Normal|27/100
|turn|35
|
|t:|1758356069
|-terastallize|p2a: Ursaluna|Ghost
|move|p1a: Dragonite|Extreme Speed|p2a: Ursaluna
|-immune|p2a: Ursaluna
|move|p2a: Ursaluna|Facade|p1a: Dragonite
|-damage|p1a: Dragonite|0 fnt
|faint|p1a: Dragonite
|
|-damage|p2a: Ursaluna|30/100 brn|[from] brn
|upkeep
|
|t:|1758356071
|switch|p1a: Zamazenta|Zamazenta|79/100
|turn|36
|
|t:|1758356073
|move|p2a: Ursaluna|Facade|p1a: Zamazenta
|-damage|p1a: Zamazenta|0 fnt
|faint|p1a: Zamazenta
|
|win|AllegianceIs2UrMom
|raw|Iamashit8's rating: 1494 &rarr; <strong>1476</strong><br />(-18 for losing)
|raw|AllegianceIs2UrMom's rating: 1527 &rarr; <strong>1545</strong><br />(+18 for winning)
|l|☆Iamashit8
|player|p1|
|l|☆AllegianceIs2UrMom
|player|p2|
