|j|☆SwayzRKing
|j|☆Rhosine
|t:|1758288264
|gametype|singles
|player|p1|SwayzRKing|1|1189
|player|p2|Rhosine|caitlin|1201
|gen|9
|tier|[Gen 9] OU
|rated|
|rule|HP Percentage Mod: HP is shown in percentages
|rule|Endless Battle Clause: Forcing endless battles is banned
|rule|Species Clause: Limit one of each Pokémon
|rule|OHKO Clause: OHKO moves are banned
|rule|Evasion Items Clause: Evasion items are banned
|rule|Evasion Moves Clause: Evasion moves are banned
|rule|Evasion Abilities Clause: Evasion abilities are banned
|rule|Sleep Moves Clause: Sleep-inducing moves are banned
|clearpoke
|poke|p1|Weavile, F|
|poke|p1|Dragapult, M|
|poke|p1|Iron Valiant|
|poke|p1|Ogerpon-Wellspring, F|
|poke|p1|Iron Treads|
|poke|p1|Iron Moth|
|poke|p2|Clawitzer, F|
|poke|p2|Iron Valiant|
|poke|p2|Hatterene, F|
|poke|p2|Flygon, F|
|poke|p2|Mienshao, M|
|poke|p2|Iron Moth|
|teampreview
|
|t:|1758288273
|teamsize|p1|6
|teamsize|p2|6
|start
|switch|p1a: Iron Treads|Iron Treads, shiny|100/100
|switch|p2a: Hatterene|Hatterene, F|100/100
|turn|1
|inactive|Battle timer is ON: inactive players will automatically lose when time's up. (requested by SwayzRKing)
|
|t:|1758288280
|switch|p2a: Flygon|Flygon, F|100/100
|move|p1a: Iron Treads|Iron Head|p2a: Flygon
|-damage|p2a: Flygon|56/100
|
|upkeep
|turn|2
|
|t:|1758288293
|-end|p1a: Iron Treads|Quark Drive|[silent]
|switch|p1a: Dragapult|Dragapult, M, shiny|100/100
|move|p2a: Flygon|Earthquake|p1a: Dragapult
|-damage|p1a: Dragapult|39/100
|
|upkeep
|turn|3
|
|t:|1758288300
|move|p1a: Dragapult|Shadow Ball|p2a: Flygon
|-damage|p2a: Flygon|0 fnt
|faint|p2a: Flygon
|-damage|p1a: Dragapult|29/100|[from] item: Life Orb
|
|upkeep
|
|t:|1758288308
|switch|p2a: Iron Valiant|Iron Valiant|100/100
|-enditem|p2a: Iron Valiant|Booster Energy
|-activate|p2a: Iron Valiant|ability: Quark Drive|[fromitem]
|-start|p2a: Iron Valiant|quarkdrivespe
|turn|4
|
|t:|1758288322
|switch|p1a: Iron Treads|Iron Treads, shiny|100/100
|move|p2a: Iron Valiant|Moonblast|p1a: Iron Treads
|-resisted|p1a: Iron Treads
|-damage|p1a: Iron Treads|82/100
|
|upkeep
|turn|5
|
|t:|1758288328
|move|p2a: Iron Valiant|Vacuum Wave|p1a: Iron Treads
|-supereffective|p1a: Iron Treads
|-damage|p1a: Iron Treads|52/100
|move|p1a: Iron Treads|Iron Head|p2a: Iron Valiant
|-supereffective|p2a: Iron Valiant
|-damage|p2a: Iron Valiant|28/100
|
|upkeep
|turn|6
|
|t:|1758288332
|move|p2a: Iron Valiant|Vacuum Wave|p1a: Iron Treads
|-supereffective|p1a: Iron Treads
|-damage|p1a: Iron Treads|20/100
|move|p1a: Iron Treads|Iron Head|p2a: Iron Valiant
|-supereffective|p2a: Iron Valiant
|-damage|p2a: Iron Valiant|0 fnt
|faint|p2a: Iron Valiant
|-end|p2a: Iron Valiant|Quark Drive|[silent]
|
|upkeep
|
|t:|1758288336
|switch|p2a: Iron Moth|Iron Moth|100/100
|turn|7
|
|t:|1758288344
|-end|p1a: Iron Treads|Quark Drive|[silent]
|switch|p1a: Iron Moth|Iron Moth, shiny|100/100
|move|p2a: Iron Moth|Fiery Dance|p1a: Iron Moth
|-resisted|p1a: Iron Moth
|-damage|p1a: Iron Moth|76/100
|-boost|p2a: Iron Moth|spa|1
|
|upkeep
|turn|8
|
|t:|1758288348
|move|p2a: Iron Moth|Discharge|p1a: Iron Moth
|-damage|p1a: Iron Moth|28/100
|move|p1a: Iron Moth|Psychic|p2a: Iron Moth
|-supereffective|p2a: Iron Moth
|-damage|p2a: Iron Moth|4/100
|
|upkeep
|turn|9
|
|t:|1758288355
|-terastallize|p1a: Iron Moth|Grass
|move|p2a: Iron Moth|Fiery Dance|p1a: Iron Moth
|-supereffective|p1a: Iron Moth
|-damage|p1a: Iron Moth|0 fnt
|-boost|p2a: Iron Moth|spa|1
|faint|p1a: Iron Moth
|-end|p1a: Iron Moth|Quark Drive|[silent]
|
|upkeep
|
|t:|1758288361
|switch|p1a: Weavile|Weavile, F, shiny|100/100
|-ability|p1a: Weavile|Pressure
|turn|10
|
|t:|1758288367
|move|p1a: Weavile|Fake Out|p2a: Iron Moth
|-damage|p2a: Iron Moth|0 fnt
|faint|p2a: Iron Moth
|-end|p2a: Iron Moth|Quark Drive|[silent]
|
|upkeep
|
|t:|1758288371
|switch|p2a: Mienshao|Mienshao, M|100/100
|turn|11
|
|t:|1758288377
|switch|p1a: Iron Valiant|Iron Valiant, shiny|100/100
|-enditem|p1a: Iron Valiant|Booster Energy
|-activate|p1a: Iron Valiant|ability: Quark Drive|[fromitem]
|-start|p1a: Iron Valiant|quarkdrivespe
|move|p2a: Mienshao|U-turn|p1a: Iron Valiant
|-resisted|p1a: Iron Valiant
|-damage|p1a: Iron Valiant|90/100
|-damage|p2a: Mienshao|91/100|[from] item: Life Orb
|
|t:|1758288381
|switch|p2a: Clawitzer|Clawitzer, F|100/100|[from] U-turn
|
|upkeep
|turn|12
|
|t:|1758288388
|-terastallize|p2a: Clawitzer|Water
|move|p1a: Iron Valiant|Swords Dance|p1a: Iron Valiant
|-boost|p1a: Iron Valiant|atk|2
|move|p2a: Clawitzer|Water Pulse|p1a: Iron Valiant
|-damage|p1a: Iron Valiant|0 fnt
|faint|p1a: Iron Valiant
|-end|p1a: Iron Valiant|Quark Drive|[silent]
|
|upkeep
|
|t:|1758288394
|switch|p1a: Dragapult|Dragapult, M, shiny|29/100
|turn|13
|
|t:|1758288398
|move|p1a: Dragapult|Shadow Ball|p2a: Clawitzer
|-damage|p2a: Clawitzer|39/100
|-damage|p1a: Dragapult|19/100|[from] item: Life Orb
|move|p2a: Clawitzer|Water Pulse|p1a: Dragapult
|-resisted|p1a: Dragapult
|-damage|p1a: Dragapult|0 fnt
|faint|p1a: Dragapult
|
|upkeep
|
|t:|1758288402
|switch|p1a: Ogerpon|Ogerpon-Wellspring, F|100/100
|turn|14
|
|t:|1758288407
|switch|p2a: Hatterene|Hatterene, F|100/100
|move|p1a: Ogerpon|Power Whip|p2a: Hatterene
|-damage|p2a: Hatterene|17/100
|
|-heal|p2a: Hatterene|23/100|[from] item: Leftovers
|upkeep
|turn|15
|
|t:|1758288410
|move|p1a: Ogerpon|Ivy Cudgel|p2a: Hatterene|[anim] Ivy Cudgel Water
|-damage|p2a: Hatterene|0 fnt
|faint|p2a: Hatterene
|
|upkeep
|
|t:|1758288413
|switch|p2a: Mienshao|Mienshao, M|100/100
|turn|16
|
|t:|1758288417
|move|p1a: Ogerpon|Ivy Cudgel|p2a: Mienshao|[anim] Ivy Cudgel Water
|-damage|p2a: Mienshao|0 fnt
|faint|p2a: Mienshao
|
|upkeep
|
|t:|1758288420
|switch|p2a: Clawitzer|Clawitzer, F, tera:Water|39/100
|turn|17
|
|t:|1758288422
|move|p2a: Clawitzer|Dark Pulse|p1a: Ogerpon
|-damage|p1a: Ogerpon|52/100
|move|p1a: Ogerpon|Ivy Cudgel|p2a: Clawitzer|[anim] Ivy Cudgel Water
|-resisted|p2a: Clawitzer
|-damage|p2a: Clawitzer|0 fnt
|faint|p2a: Clawitzer
|
|win|SwayzRKing
|raw|SwayzRKing's rating: 1189 &rarr; <strong>1215</strong><br />(+26 for winning)
|raw|Rhosine's rating: 1201 &rarr; <strong>1175</strong><br />(-26 for losing)
|l|☆SwayzRKing
|player|p1|
|c|☆Rhosine|gg
|l|☆Rhosine
|player|p2|
