|j|‽Moosehey
|j|☆I.T Official
|t:|1758379649
|gametype|singles
|player|p1|Moosehey|266|1210
|player|p2|I.T Official|shadowtriad|1244
|gen|9
|tier|[Gen 9] OU
|rated|
|rule|HP Percentage Mod: HP is shown in percentages
|rule|Endless Battle Clause: Forcing endless battles is banned
|rule|Species Clause: Limit one of each Pokémon
|rule|OHKO Clause: OHKO moves are banned
|rule|Evasion Items Clause: Evasion items are banned
|rule|Evasion Moves Clause: Evasion moves are banned
|rule|Evasion Abilities Clause: Evasion abilities are banned
|rule|Sleep Moves Clause: Sleep-inducing moves are banned
|clearpoke
|poke|p1|Jolteon, F|
|poke|p1|Ceruledge, M|
|poke|p1|Incineroar, F|
|poke|p1|Alomomola, M|
|poke|p1|Cinderace, F|
|poke|p1|Dragapult, F|
|poke|p2|Alomomola, F|
|poke|p2|Blissey, F|
|poke|p2|Quagsire, M|
|poke|p2|Toxapex, M|
|poke|p2|Tyranitar, F|
|poke|p2|Weezing, M|
|teampreview
|inactive|Battle timer is ON: inactive players will automatically lose when time's up. (requested by I.T Official)
|
|t:|1758379667
|teamsize|p1|6
|teamsize|p2|6
|start
|switch|p1a: Cinderace|Cinderace, F|100/100
|switch|p2a: Weezing|Weezing, M|100/100
|turn|1
|
|t:|1758379674
|move|p1a: Cinderace|Pyro Ball|p2a: Weezing
|-damage|p2a: Weezing|61/100
|-status|p2a: Weezing|brn
|move|p2a: Weezing|Sludge Bomb|p1a: Cinderace
|-damage|p1a: Cinderace|63/100
|
|-heal|p2a: Weezing|67/100 brn|[from] item: Black Sludge
|-damage|p2a: Weezing|61/100 brn|[from] brn
|upkeep
|turn|2
|
|t:|1758379691
|switch|p1a: Incineroar|Incineroar, F|100/100
|-ability|p1a: Incineroar|Intimidate|boost
|-unboost|p2a: Weezing|atk|1
|move|p2a: Weezing|Pain Split|p1a: Incineroar
|-sethp|p1a: Incineroar|76/100|[from] move: Pain Split|[silent]
|-sethp|p2a: Weezing|90/100 brn|[from] move: Pain Split
|
|-heal|p2a: Weezing|96/100 brn|[from] item: Black Sludge
|-damage|p2a: Weezing|90/100 brn|[from] brn
|upkeep
|turn|3
|
|t:|1758379703
|move|p2a: Weezing|Sludge Bomb|p1a: Incineroar
|-damage|p1a: Incineroar|63/100
|move|p1a: Incineroar|Knock Off|p2a: Weezing
|-damage|p2a: Weezing|64/100 brn
|-enditem|p2a: Weezing|Black Sludge|[from] move: Knock Off|[of] p1a: Incineroar
|
|-damage|p2a: Weezing|58/100 brn|[from] brn
|upkeep
|turn|4
|
|t:|1758379714
|move|p2a: Weezing|Sludge Bomb|p1a: Incineroar
|-damage|p1a: Incineroar|50/100
|move|p1a: Incineroar|U-turn|p2a: Weezing
|-resisted|p2a: Weezing
|-damage|p2a: Weezing|51/100 brn
|
|t:|1758379720
|switch|p1a: Jolteon|Jolteon, F|100/100|[from] U-turn
|
|-damage|p2a: Weezing|45/100 brn|[from] brn
|-status|p1a: Jolteon|brn|[from] item: Flame Orb
|upkeep
|turn|5
|
|t:|1758379728
|switch|p2a: Blissey|Blissey, F|100/100
|move|p1a: Jolteon|Thunderbolt|p2a: Blissey
|-damage|p2a: Blissey|89/100
|
|-damage|p1a: Jolteon|95/100 brn|[from] brn
|upkeep
|turn|6
|
|t:|1758379738
|move|p1a: Jolteon|Volt Switch|p2a: Blissey
|-damage|p2a: Blissey|79/100
|
|t:|1758379741
|switch|p1a: Ceruledge|Ceruledge, M|100/100|[from] Volt Switch
|move|p2a: Blissey|Light Screen|p2a: Blissey
|-sidestart|p2: I.T Official|move: Light Screen
|
|upkeep
|turn|7
|
|t:|1758379747
|switch|p2a: Quagsire|Quagsire, M, shiny|100/100
|move|p1a: Ceruledge|Swords Dance|p1a: Ceruledge
|-boost|p1a: Ceruledge|atk|2
|
|upkeep
|turn|8
|
|t:|1758379754
|move|p1a: Ceruledge|Swords Dance|p1a: Ceruledge
|-boost|p1a: Ceruledge|atk|2
|move|p2a: Quagsire|Toxic|p1a: Ceruledge
|-status|p1a: Ceruledge|tox
|
|-damage|p1a: Ceruledge|94/100 tox|[from] psn
|upkeep
|turn|9
|
|t:|1758379762
|move|p1a: Ceruledge|Swords Dance|p1a: Ceruledge
|-boost|p1a: Ceruledge|atk|2
|move|p2a: Quagsire|Earthquake|p1a: Ceruledge
|-supereffective|p1a: Ceruledge
|-damage|p1a: Ceruledge|11/100 tox
|-ability|p1a: Ceruledge|Weak Armor|boost
|-unboost|p1a: Ceruledge|def|1
|-boost|p1a: Ceruledge|spe|2
|
|-damage|p1a: Ceruledge|0 fnt|[from] psn
|faint|p1a: Ceruledge
|upkeep
|-message|Moosehey forfeited.
|
|win|I.T Official
|raw|Moosehey's rating: 1210 &rarr; <strong>1187</strong><br />(-23 for losing)
|raw|I.T Official's rating: 1244 &rarr; <strong>1267</strong><br />(+23 for winning)
|l|‽Moosehey
|player|p1|
|l|☆I.T Official
|player|p2|
