|j|☆Fueled off Salts
|j|☆xiaojy
|t:|1758336225
|gametype|singles
|player|p1|Fueled off Salts|tuber|1237
|player|p2|xiaojy|nate|1268
|gen|9
|tier|[Gen 9] OU
|rated|
|rule|HP Percentage Mod: HP is shown in percentages
|rule|Endless Battle Clause: Forcing endless battles is banned
|rule|Species Clause: Limit one of each Pokémon
|rule|OHKO Clause: OHKO moves are banned
|rule|Evasion Items Clause: Evasion items are banned
|rule|Evasion Moves Clause: Evasion moves are banned
|rule|Evasion Abilities Clause: Evasion abilities are banned
|rule|Sleep Moves Clause: Sleep-inducing moves are banned
|clearpoke
|poke|p1|Mandibuzz, F|
|poke|p1|Suicune|
|poke|p1|Jirachi|
|poke|p1|Hatterene, F|
|poke|p1|Sinistcha-Masterpiece|
|poke|p1|Moltres|
|poke|p2|Iron Moth|
|poke|p2|Corviknight, M|
|poke|p2|Pecharunt|
|poke|p2|Zamazenta-*|
|poke|p2|Primarina, F|
|poke|p2|Dragapult, M|
|teampreview
|inactive|Battle timer is ON: inactive players will automatically lose when time's up. (requested by xiaojy)
|
|t:|1758336238
|teamsize|p1|6
|teamsize|p2|6
|start
|switch|p1a: Mandibuzz|Mandibuzz, F|100/100
|switch|p2a: Pecharunt|Pecharunt|100/100
|turn|1
|
|t:|1758336250
|move|p1a: Mandibuzz|Bone Rush|p2a: Pecharunt
|-supereffective|p2a: Pecharunt
|-damage|p2a: Pecharunt|92/100
|-supereffective|p2a: Pecharunt
|-crit|p2a: Pecharunt
|-damage|p2a: Pecharunt|78/100
|-supereffective|p2a: Pecharunt
|-damage|p2a: Pecharunt|68/100
|-supereffective|p2a: Pecharunt
|-damage|p2a: Pecharunt|60/100
|-hitcount|p2a: Pecharunt|4
|move|p2a: Pecharunt|Malignant Chain|p1a: Mandibuzz
|-damage|p1a: Mandibuzz|64/100
|
|-heal|p2a: Pecharunt|66/100|[from] item: Leftovers
|upkeep
|turn|2
|
|t:|1758336274
|move|p1a: Mandibuzz|Bone Rush|p2a: Pecharunt
|-supereffective|p2a: Pecharunt
|-damage|p2a: Pecharunt|56/100
|-supereffective|p2a: Pecharunt
|-damage|p2a: Pecharunt|48/100
|-supereffective|p2a: Pecharunt
|-damage|p2a: Pecharunt|39/100
|-supereffective|p2a: Pecharunt
|-damage|p2a: Pecharunt|30/100
|-supereffective|p2a: Pecharunt
|-damage|p2a: Pecharunt|21/100
|-hitcount|p2a: Pecharunt|5
|move|p2a: Pecharunt|Malignant Chain|p1a: Mandibuzz
|-damage|p1a: Mandibuzz|27/100
|
|-heal|p2a: Pecharunt|27/100|[from] item: Leftovers
|upkeep
|turn|3
|inactive|Fueled off Salts has 120 seconds left.
|
|t:|1758336295
|switch|p2a: Primarina|Primarina, F, shiny|100/100
|move|p1a: Mandibuzz|Roost|p1a: Mandibuzz
|-heal|p1a: Mandibuzz|77/100
|-singleturn|p1a: Mandibuzz|move: Roost
|
|upkeep
|turn|4
|inactive|Fueled off Salts has 120 seconds left.
|
|t:|1758336321
|switch|p1a: Jirachi|Jirachi|100/100
|move|p2a: Primarina|Alluring Voice|p1a: Jirachi
|-damage|p1a: Jirachi|60/100
|-enditem|p2a: Primarina|Throat Spray
|-boost|p2a: Primarina|spa|1|[from] item: Throat Spray
|
|upkeep
|turn|5
|inactive|xiaojy has 120 seconds left.
|
|t:|1758336343
|move|p1a: Jirachi|Iron Head|p2a: Primarina
|-crit|p2a: Primarina
|-damage|p2a: Primarina|50/100
|cant|p2a: Primarina|flinch
|
|upkeep
|turn|6
|inactive|xiaojy has 120 seconds left.
|
|t:|1758336349
|move|p1a: Jirachi|Iron Head|p2a: Primarina
|-damage|p2a: Primarina|12/100
|move|p2a: Primarina|Draining Kiss|p1a: Jirachi
|-resisted|p1a: Jirachi
|-damage|p1a: Jirachi|43/100
|-heal|p2a: Primarina|27/100|[from] drain|[of] p1a: Jirachi
|
|upkeep
|turn|7
|
|t:|1758336356
|move|p1a: Jirachi|Iron Head|p2a: Primarina
|-damage|p2a: Primarina|0 fnt
|faint|p2a: Primarina
|
|upkeep
|
|t:|1758336360
|switch|p2a: Iron Moth|Iron Moth, shiny|100/100
|-enditem|p2a: Iron Moth|Booster Energy
|-activate|p2a: Iron Moth|ability: Quark Drive|[fromitem]
|-start|p2a: Iron Moth|quarkdrivespa
|turn|8
|inactive|Fueled off Salts has 120 seconds left.
|
|t:|1758336379
|switch|p1a: Suicune|Suicune|100/100
|-ability|p1a: Suicune|Pressure
|move|p2a: Iron Moth|Discharge|p1a: Suicune
|-supereffective|p1a: Suicune
|-damage|p1a: Suicune|40/100
|
|-heal|p1a: Suicune|46/100|[from] item: Leftovers
|upkeep
|turn|9
|inactive|Fueled off Salts has 120 seconds left.
|
|t:|1758336410
|-terastallize|p1a: Suicune|Fairy
|move|p2a: Iron Moth|Discharge|p1a: Suicune
|-damage|p1a: Suicune|16/100
|-status|p1a: Suicune|par
|move|p1a: Suicune|Scald|p2a: Iron Moth
|-supereffective|p2a: Iron Moth
|-damage|p2a: Iron Moth|19/100
|
|-heal|p1a: Suicune|22/100 par|[from] item: Leftovers
|upkeep
|turn|10
|inactive|Fueled off Salts has 90 seconds left.
|inactive|Fueled off Salts has 60 seconds left.
|
|t:|1758336462
|switch|p1a: Mandibuzz|Mandibuzz, F|77/100
|move|p2a: Iron Moth|Fiery Dance|p1a: Mandibuzz
|-damage|p1a: Mandibuzz|24/100
|
|upkeep
|turn|11
|inactive|Fueled off Salts has 60 seconds left.
|
|t:|1758336469
|move|p2a: Iron Moth|Fiery Dance|p1a: Mandibuzz
|-damage|p1a: Mandibuzz|0 fnt
|-boost|p2a: Iron Moth|spa|1
|faint|p1a: Mandibuzz
|
|upkeep
|inactive|Fueled off Salts has 60 seconds left.
|
|t:|1758336477
|switch|p1a: Jirachi|Jirachi|43/100
|turn|12
|
|t:|1758336481
|move|p1a: Jirachi|Iron Head|p2a: Iron Moth
|-resisted|p2a: Iron Moth
|-damage|p2a: Iron Moth|0 fnt
|faint|p2a: Iron Moth
|-end|p2a: Iron Moth|Quark Drive|[silent]
|
|upkeep
|
|t:|1758336499
|switch|p2a: Zamazenta|Zamazenta, shiny|100/100
|-ability|p2a: Zamazenta|Dauntless Shield|boost
|-boost|p2a: Zamazenta|def|1
|turn|13
|
|t:|1758336514
|switch|p1a: Moltres|Moltres|100/100
|move|p2a: Zamazenta|Crunch|p1a: Moltres
|-damage|p1a: Moltres|80/100
|
|upkeep
|turn|14
|
|t:|1758336525
|switch|p2a: Pecharunt|Pecharunt|27/100
|move|p1a: Moltres|Flamethrower|p2a: Pecharunt
|-damage|p2a: Pecharunt|0 fnt
|faint|p2a: Pecharunt
|
|upkeep
|
|t:|1758336532
|switch|p2a: Dragapult|Dragapult, M, shiny|100/100
|turn|15
|
|t:|1758336543
|switch|p1a: Hatterene|Hatterene, F|100/100
|move|p2a: Dragapult|Dragon Dance|p2a: Dragapult
|-boost|p2a: Dragapult|atk|1
|-boost|p2a: Dragapult|spe|1
|
|upkeep
|turn|16
|
|t:|1758336553
|move|p2a: Dragapult|Phantom Force||[still]
|-prepare|p2a: Dragapult|Phantom Force
|move|p1a: Hatterene|Draining Kiss|p2a: Dragapult|[miss]
|-miss|p1a: Hatterene|p2a: Dragapult
|
|upkeep
|turn|17
|inactive|Fueled off Salts has 90 seconds left.
|
|t:|1758336561
|switch|p1a: Moltres|Moltres|80/100
|move|p2a: Dragapult|Phantom Force|p1a: Moltres|[from] lockedmove
|-damage|p1a: Moltres|27/100
|
|upkeep
|turn|18
|inactive|Fueled off Salts has 90 seconds left.
|
|t:|1758336591
|move|p2a: Dragapult|Dragon Dance|p2a: Dragapult
|-boost|p2a: Dragapult|atk|1
|-boost|p2a: Dragapult|spe|1
|move|p1a: Moltres|Roost|p1a: Moltres
|-heal|p1a: Moltres|78/100
|-singleturn|p1a: Moltres|move: Roost
|
|upkeep
|turn|19
|
|t:|1758336600
|move|p2a: Dragapult|Dragon Darts|p1a: Moltres
|-damage|p1a: Moltres|41/100
|-anim|p2a: Dragapult|Dragon Darts|p1a: Moltres
|-damage|p1a: Moltres|3/100
|move|p1a: Moltres|Roar|p2a: Dragapult
|drag|p2a: Corviknight|Corviknight, M, shiny|100/100
|
|upkeep
|turn|20
|
|t:|1758336614
|switch|p2a: Zamazenta|Zamazenta, shiny|100/100
|move|p1a: Moltres|Roost|p1a: Moltres
|-heal|p1a: Moltres|53/100
|-singleturn|p1a: Moltres|move: Roost
|
|upkeep
|turn|21
|
|t:|1758336624
|move|p2a: Zamazenta|Crunch|p1a: Moltres
|-damage|p1a: Moltres|32/100
|-unboost|p1a: Moltres|def|1
|-status|p2a: Zamazenta|brn|[from] ability: Flame Body|[of] p1a: Moltres
|move|p1a: Moltres|Roost|p1a: Moltres
|-heal|p1a: Moltres|82/100
|-singleturn|p1a: Moltres|move: Roost
|
|-damage|p2a: Zamazenta|94/100 brn|[from] brn
|upkeep
|turn|22
|
|t:|1758336641
|move|p2a: Zamazenta|Crunch|p1a: Moltres
|-damage|p1a: Moltres|67/100
|move|p1a: Moltres|U-turn|p2a: Zamazenta
|-resisted|p2a: Zamazenta
|-damage|p2a: Zamazenta|88/100 brn
|
|t:|1758336647
|switch|p1a: Suicune|Suicune, tera:Fairy|22/100 par|[from] U-turn
|-ability|p1a: Suicune|Pressure
|
|-heal|p2a: Zamazenta|94/100 brn|[from] item: Leftovers
|-heal|p1a: Suicune|28/100 par|[from] item: Leftovers
|-damage|p2a: Zamazenta|88/100 brn|[from] brn
|upkeep
|turn|23
|
|t:|1758336660
|move|p2a: Zamazenta|Play Rough|p1a: Suicune
|-damage|p1a: Suicune|16/100 par
|cant|p1a: Suicune|par
|
|-heal|p2a: Zamazenta|94/100 brn|[from] item: Leftovers
|-heal|p1a: Suicune|22/100 par|[from] item: Leftovers
|-damage|p2a: Zamazenta|88/100 brn|[from] brn
|upkeep
|turn|24
|
|t:|1758336669
|move|p2a: Zamazenta|Crunch|p1a: Suicune
|-resisted|p1a: Suicune
|-damage|p1a: Suicune|17/100 par
|move|p1a: Suicune|Rest|p1a: Suicune
|-status|p1a: Suicune|slp|[from] move: Rest
|-heal|p1a: Suicune|100/100 slp|[silent]
|
|-heal|p2a: Zamazenta|94/100 brn|[from] item: Leftovers
|-damage|p2a: Zamazenta|88/100 brn|[from] brn
|upkeep
|turn|25
|
|t:|1758336678
|switch|p2a: Dragapult|Dragapult, M, shiny|100/100
|cant|p1a: Suicune|slp
|move|p1a: Suicune|Sleep Talk|p1a: Suicune
|move|p1a: Suicune|Scald|p2a: Dragapult|[from] move: Sleep Talk
|-resisted|p2a: Dragapult
|-damage|p2a: Dragapult|77/100
|
|upkeep
|turn|26
|inactive|Fueled off Salts has 90 seconds left.
|
|t:|1758336690
|move|p2a: Dragapult|Dragon Dance|p2a: Dragapult
|-boost|p2a: Dragapult|atk|1
|-boost|p2a: Dragapult|spe|1
|cant|p1a: Suicune|slp
|move|p1a: Suicune|Sleep Talk|p1a: Suicune
|move|p1a: Suicune|Scald|p2a: Dragapult|[from] move: Sleep Talk
|-resisted|p2a: Dragapult
|-damage|p2a: Dragapult|53/100
|
|upkeep
|turn|27
|inactive|Fueled off Salts has 90 seconds left.
|
|t:|1758336701
|move|p2a: Dragapult|Phantom Force||[still]
|-prepare|p2a: Dragapult|Phantom Force
|-curestatus|p1a: Suicune|slp|[msg]
|move|p1a: Suicune|Sleep Talk||[still]
|-fail|p1a: Suicune
|
|upkeep
|turn|28
|inactive|Fueled off Salts has 90 seconds left.
|
|t:|1758336710
|move|p2a: Dragapult|Phantom Force|p1a: Suicune|[from] lockedmove
|-damage|p1a: Suicune|44/100
|move|p1a: Suicune|Ice Beam|p2a: Dragapult
|-supereffective|p2a: Dragapult
|-damage|p2a: Dragapult|0 fnt
|faint|p2a: Dragapult
|
|-heal|p1a: Suicune|50/100|[from] item: Leftovers
|upkeep
|
|t:|1758336717
|switch|p2a: Corviknight|Corviknight, M, shiny|100/100
|turn|29
|
|t:|1758336725
|move|p1a: Suicune|Scald|p2a: Corviknight
|-damage|p2a: Corviknight|73/100
|-status|p2a: Corviknight|brn
|move|p2a: Corviknight|Iron Defense|p2a: Corviknight
|-boost|p2a: Corviknight|def|2
|
|-heal|p1a: Suicune|56/100|[from] item: Leftovers
|-damage|p2a: Corviknight|67/100 brn|[from] brn
|upkeep
|turn|30
|
|t:|1758336737
|switch|p1a: Moltres|Moltres|67/100
|move|p2a: Corviknight|Roost|p2a: Corviknight
|-heal|p2a: Corviknight|100/100 brn
|-singleturn|p2a: Corviknight|move: Roost
|
|-damage|p2a: Corviknight|94/100 brn|[from] brn
|upkeep
|turn|31
|-message|xiaojy forfeited.
|
|win|Fueled off Salts
|raw|Fueled off Salts's rating: 1237 &rarr; <strong>1264</strong><br />(+27 for winning)
|raw|xiaojy's rating: 1268 &rarr; <strong>1241</strong><br />(-27 for losing)
|l|☆xiaojy
|player|p2|
