|j|☆Teefryingpan
|j|☆Shibuya Arc
|t:|1758348260
|gametype|singles
|player|p1|Teefryingpan|169|1645
|player|p2|Shibuya Arc|101|1648
|gen|9
|tier|[Gen 9] OU
|rated|
|rule|HP Percentage Mod: HP is shown in percentages
|rule|Endless Battle Clause: Forcing endless battles is banned
|rule|Species Clause: Limit one of each Pokémon
|rule|OHKO Clause: OHKO moves are banned
|rule|Evasion Items Clause: Evasion items are banned
|rule|Evasion Moves Clause: Evasion moves are banned
|rule|Evasion Abilities Clause: Evasion abilities are banned
|rule|Sleep Moves Clause: Sleep-inducing moves are banned
|clearpoke
|poke|p1|Samurott-Hisui, F|
|poke|p1|Dragapult, F|
|poke|p1|Iron Treads|
|poke|p1|Enamorus, F|
|poke|p1|Ogerpon-Wellspring, F|
|poke|p1|Scizor, M|
|poke|p2|Dragapult, F|
|poke|p2|Dragonite, F|
|poke|p2|Ting-Lu|
|poke|p2|Weezing-Galar, F|
|poke|p2|Iron Crown|
|poke|p2|Zapdos|
|teampreview
|inactive|Battle timer is ON: inactive players will automatically lose when time's up. (requested by Shibuya Arc)
|inactive|Teefryingpan also wants the timer to be on.
|
|t:|1758348276
|teamsize|p1|6
|teamsize|p2|6
|start
|switch|p1a: Terminator|Iron Treads|100/100
|switch|p2a: Iron Crown|Iron Crown|100/100
|turn|1
|
|t:|1758348282
|move|p1a: Terminator|Stealth Rock|p2a: Iron Crown
|-sidestart|p2: Shibuya Arc|move: Stealth Rock
|move|p2a: Iron Crown|Focus Blast|p1a: Terminator|[miss]
|-miss|p2a: Iron Crown|p1a: Terminator
|
|upkeep
|turn|2
|
|t:|1758348289
|-end|p1a: Terminator|Quark Drive|[silent]
|switch|p1a: Starry Night|Dragapult, F|100/100
|-end|p2a: Iron Crown|Quark Drive|[silent]
|switch|p2a: Ting-Lu|Ting-Lu|100/100
|-damage|p2a: Ting-Lu|94/100|[from] Stealth Rock
|-ability|p2a: Ting-Lu|Vessel of Ruin
|
|-heal|p2a: Ting-Lu|100/100|[from] item: Leftovers
|upkeep
|turn|3
|j| wgw2333
|
|t:|1758348295
|move|p1a: Starry Night|U-turn|p2a: Ting-Lu
|-supereffective|p2a: Ting-Lu
|-damage|p2a: Ting-Lu|81/100
|
|t:|1758348297
|switch|p1a: Roaming Sea|Samurott-Hisui, F|100/100|[from] U-turn
|move|p2a: Ting-Lu|Ruination|p1a: Roaming Sea
|-damage|p1a: Roaming Sea|51/100
|
|-heal|p2a: Ting-Lu|88/100|[from] item: Leftovers
|upkeep
|turn|4
|
|t:|1758348306
|move|p1a: Roaming Sea|Ceaseless Edge|p2a: Ting-Lu
|-resisted|p2a: Ting-Lu
|-damage|p2a: Ting-Lu|74/100
|-sidestart|p2: Shibuya Arc|Spikes
|move|p2a: Ting-Lu|Stealth Rock|p1a: Roaming Sea
|-sidestart|p1: Teefryingpan|move: Stealth Rock
|
|-heal|p2a: Ting-Lu|80/100|[from] item: Leftovers
|upkeep
|turn|5
|
|t:|1758348315
|move|p1a: Roaming Sea|Swords Dance|p1a: Roaming Sea
|-boost|p1a: Roaming Sea|atk|2
|move|p2a: Ting-Lu|Earthquake|p1a: Roaming Sea
|-damage|p1a: Roaming Sea|10/100
|
|-heal|p2a: Ting-Lu|86/100|[from] item: Leftovers
|upkeep
|turn|6
|
|t:|1758348322
|-terastallize|p2a: Ting-Lu|Water
|move|p1a: Roaming Sea|Aqua Cutter|p2a: Ting-Lu
|-resisted|p2a: Ting-Lu
|-damage|p2a: Ting-Lu|58/100
|move|p2a: Ting-Lu|Whirlwind|p1a: Roaming Sea
|drag|p1a: Starry Night|Dragapult, F|100/100
|-damage|p1a: Starry Night|88/100|[from] Stealth Rock
|
|-heal|p2a: Ting-Lu|65/100|[from] item: Leftovers
|upkeep
|turn|7
|
|t:|1758348329
|move|p1a: Starry Night|U-turn|p2a: Ting-Lu
|-damage|p2a: Ting-Lu|56/100
|
|t:|1758348335
|switch|p1a: Roaming Sea|Samurott-Hisui, F|10/100|[from] U-turn
|-damage|p1a: Roaming Sea|0 fnt|[from] Stealth Rock
|faint|p1a: Roaming Sea
|move|p2a: Ting-Lu|Ruination|p1: Roaming Sea|[notarget]
|-fail|p2a: Ting-Lu
|
|-heal|p2a: Ting-Lu|62/100|[from] item: Leftovers
|upkeep
|
|t:|1758348336
|switch|p1a: Ogerpon|Ogerpon-Wellspring, F|100/100
|-damage|p1a: Ogerpon|88/100|[from] Stealth Rock
|turn|8
|
|t:|1758348344
|move|p1a: Ogerpon|Swords Dance|p1a: Ogerpon
|-boost|p1a: Ogerpon|atk|2
|move|p2a: Ting-Lu|Whirlwind|p1a: Ogerpon
|drag|p1a: Terminator|Iron Treads|100/100
|
|-heal|p2a: Ting-Lu|69/100|[from] item: Leftovers
|upkeep
|turn|9
|
|t:|1758348351
|move|p1a: Terminator|Rapid Spin|p2a: Ting-Lu
|-damage|p2a: Ting-Lu|59/100
|-boost|p1a: Terminator|spe|1
|-sideend|p1: Teefryingpan|Stealth Rock|[from] move: Rapid Spin|[of] p1a: Terminator
|move|p2a: Ting-Lu|Stealth Rock|p1a: Terminator
|-sidestart|p1: Teefryingpan|move: Stealth Rock
|
|-heal|p2a: Ting-Lu|65/100|[from] item: Leftovers
|upkeep
|turn|10
|
|t:|1758348358
|move|p1a: Terminator|Rapid Spin|p2a: Ting-Lu
|-damage|p2a: Ting-Lu|56/100
|-boost|p1a: Terminator|spe|1
|-sideend|p1: Teefryingpan|Stealth Rock|[from] move: Rapid Spin|[of] p1a: Terminator
|move|p2a: Ting-Lu|Earthquake|p1a: Terminator
|-supereffective|p1a: Terminator
|-damage|p1a: Terminator|35/100
|
|-heal|p2a: Ting-Lu|63/100|[from] item: Leftovers
|upkeep
|turn|11
|
|t:|1758348366
|-end|p1a: Terminator|Quark Drive|[silent]
|switch|p1a: Ogerpon|Ogerpon-Wellspring, F|88/100
|move|p2a: Ting-Lu|Stealth Rock|p1a: Ogerpon
|-sidestart|p1: Teefryingpan|move: Stealth Rock
|
|-heal|p2a: Ting-Lu|69/100|[from] item: Leftovers
|upkeep
|turn|12
|
|t:|1758348372
|move|p1a: Ogerpon|Power Whip|p2a: Ting-Lu
|-supereffective|p2a: Ting-Lu
|-damage|p2a: Ting-Lu|0 fnt
|faint|p2a: Ting-Lu
|
|upkeep
|
|t:|1758348379
|switch|p2a: Dragapult|Dragapult, F|100/100
|turn|13
|
|t:|1758348385
|move|p2a: Dragapult|Will-O-Wisp|p1a: Ogerpon
|-status|p1a: Ogerpon|brn
|move|p1a: Ogerpon|Knock Off|p2a: Dragapult
|-supereffective|p2a: Dragapult
|-damage|p2a: Dragapult|48/100
|-start|p1a: Ogerpon|Disable|Knock Off|[from] ability: Cursed Body|[of] p2a: Dragapult
|-enditem|p2a: Dragapult|Heavy-Duty Boots|[from] move: Knock Off|[of] p1a: Ogerpon
|
|-damage|p1a: Ogerpon|82/100 brn|[from] brn
|upkeep
|turn|14
|
|t:|1758348394
|move|p2a: Dragapult|Dragon Darts|p1a: Ogerpon
|-damage|p1a: Ogerpon|53/100 brn
|-anim|p2a: Dragapult|Dragon Darts|p1a: Ogerpon
|-damage|p1a: Ogerpon|27/100 brn
|move|p1a: Ogerpon|Ivy Cudgel|p2a: Dragapult|[anim] Ivy Cudgel Water
|-resisted|p2a: Dragapult
|-damage|p2a: Dragapult|28/100
|
|-damage|p1a: Ogerpon|21/100 brn|[from] brn
|upkeep
|turn|15
|
|t:|1758348400
|move|p2a: Dragapult|Will-O-Wisp|p1a: Ogerpon|[miss]
|-miss|p2a: Dragapult|p1a: Ogerpon
|move|p1a: Ogerpon|Ivy Cudgel|p2a: Dragapult|[anim] Ivy Cudgel Water
|-resisted|p2a: Dragapult
|-crit|p2a: Dragapult
|-damage|p2a: Dragapult|0 fnt
|faint|p2a: Dragapult
|
|-damage|p1a: Ogerpon|15/100 brn|[from] brn
|upkeep
|
|t:|1758348407
|switch|p2a: Dragonite|Dragonite, F|100/100
|turn|16
|
|t:|1758348419
|switch|p1a: Pixie Dust|Enamorus, F|100/100
|-damage|p1a: Pixie Dust|76/100|[from] Stealth Rock
|move|p2a: Dragonite|Dragon Dance|p2a: Dragonite
|-boost|p2a: Dragonite|atk|1
|-boost|p2a: Dragonite|spe|1
|
|upkeep
|turn|17
|
|t:|1758348425
|move|p2a: Dragonite|Extreme Speed|p1a: Pixie Dust
|-damage|p1a: Pixie Dust|0 fnt
|faint|p1a: Pixie Dust
|
|upkeep
|
|t:|1758348432
|switch|p1a: The Bullet Slinger|Scizor, M|100/100
|-damage|p1a: The Bullet Slinger|88/100|[from] Stealth Rock
|turn|18
|
|t:|1758348438
|move|p1a: The Bullet Slinger|Bullet Punch|p2a: Dragonite
|-damage|p2a: Dragonite|74/100
|move|p2a: Dragonite|Earthquake|p1a: The Bullet Slinger
|-damage|p1a: The Bullet Slinger|28/100
|
|upkeep
|turn|19
|
|t:|1758348449
|-terastallize|p1a: The Bullet Slinger|Steel
|move|p1a: The Bullet Slinger|Bullet Punch|p2a: Dragonite
|-damage|p2a: Dragonite|2/100
|move|p2a: Dragonite|Roost|p2a: Dragonite
|-heal|p2a: Dragonite|52/100
|-singleturn|p2a: Dragonite|move: Roost
|
|upkeep
|turn|20
|
|t:|1758348456
|switch|p2a: Zapdos|Zapdos|100/100
|move|p1a: The Bullet Slinger|Bullet Punch|p2a: Zapdos
|-resisted|p2a: Zapdos
|-damage|p2a: Zapdos|59/100
|-status|p1a: The Bullet Slinger|par|[from] ability: Static|[of] p2a: Zapdos
|
|upkeep
|turn|21
|
|t:|1758348462
|switch|p1a: Terminator|Iron Treads|35/100
|move|p2a: Zapdos|Roost|p2a: Zapdos
|-heal|p2a: Zapdos|100/100
|-singleturn|p2a: Zapdos|move: Roost
|
|upkeep
|turn|22
|j| Jcjfjgjsjcjd
|
|t:|1758348470
|move|p1a: Terminator|Rapid Spin|p2a: Zapdos
|-damage|p2a: Zapdos|83/100
|-boost|p1a: Terminator|spe|1
|-sideend|p1: Teefryingpan|Stealth Rock|[from] move: Rapid Spin|[of] p1a: Terminator
|move|p2a: Zapdos|Roost|p2a: Zapdos
|-heal|p2a: Zapdos|100/100
|-singleturn|p2a: Zapdos|move: Roost
|
|upkeep
|turn|23
|
|t:|1758348477
|move|p1a: Terminator|Ice Spinner|p2a: Zapdos
|-supereffective|p2a: Zapdos
|-damage|p2a: Zapdos|39/100
|-status|p1a: Terminator|par|[from] ability: Static|[of] p2a: Zapdos
|move|p2a: Zapdos|Roost|p2a: Zapdos
|-heal|p2a: Zapdos|90/100
|-singleturn|p2a: Zapdos|move: Roost
|
|upkeep
|turn|24
|
|t:|1758348484
|move|p2a: Zapdos|Roost|p2a: Zapdos
|-heal|p2a: Zapdos|100/100
|-singleturn|p2a: Zapdos|move: Roost
|cant|p1a: Terminator|par
|
|upkeep
|turn|25
|
|t:|1758348490
|move|p2a: Zapdos|Roost||[still]
|-fail|p2a: Zapdos|heal
|move|p1a: Terminator|Ice Spinner|p2a: Zapdos
|-supereffective|p2a: Zapdos
|-damage|p2a: Zapdos|42/100
|
|upkeep
|turn|26
|
|t:|1758348497
|move|p2a: Zapdos|Volt Switch|p1a: Terminator
|-immune|p1a: Terminator
|move|p1a: Terminator|Earthquake|p2a: Zapdos
|-immune|p2a: Zapdos
|
|upkeep
|turn|27
|
|t:|1758348503
|move|p2a: Zapdos|Volt Switch|p1a: Terminator
|-immune|p1a: Terminator
|move|p1a: Terminator|Earthquake|p2a: Zapdos
|-immune|p2a: Zapdos
|
|upkeep
|turn|28
|
|t:|1758348509
|move|p2a: Zapdos|Volt Switch|p1a: Terminator
|-immune|p1a: Terminator
|move|p1a: Terminator|Ice Spinner|p2a: Zapdos
|-supereffective|p2a: Zapdos
|-damage|p2a: Zapdos|0 fnt
|faint|p2a: Zapdos
|
|upkeep
|
|t:|1758348516
|switch|p2a: Weezing|Weezing-Galar, F|100/100
|-ability|p2a: Weezing|Neutralizing Gas
|turn|29
|
|t:|1758348522
|move|p1a: Terminator|Earthquake|p2a: Weezing
|-supereffective|p2a: Weezing
|-damage|p2a: Weezing|36/100
|move|p2a: Weezing|Will-O-Wisp||[still]
|-fail|p2a: Weezing
|
|upkeep
|turn|30
|
|t:|1758348529
|move|p1a: Terminator|Earthquake|p2a: Weezing
|-supereffective|p2a: Weezing
|-damage|p2a: Weezing|0 fnt
|faint|p2a: Weezing
|-end|p2a: Weezing|ability: Neutralizing Gas
|
|upkeep
|
|t:|1758348535
|switch|p2a: Dragonite|Dragonite, F|52/100
|turn|31
|
|t:|1758348541
|switch|p2a: Iron Crown|Iron Crown|100/100
|-damage|p2a: Iron Crown|94/100|[from] Stealth Rock
|-damage|p2a: Iron Crown|82/100|[from] Spikes
|cant|p1a: Terminator|par
|
|upkeep
|turn|32
|
|t:|1758348548
|-end|p2a: Iron Crown|Quark Drive|[silent]
|switch|p2a: Dragonite|Dragonite, F|52/100
|move|p1a: Terminator|Rapid Spin|p2a: Dragonite
|-damage|p2a: Dragonite|36/100
|-boost|p1a: Terminator|spe|1
|
|upkeep
|turn|33
|
|t:|1758348554
|switch|p2a: Iron Crown|Iron Crown|82/100
|-damage|p2a: Iron Crown|76/100|[from] Stealth Rock
|-damage|p2a: Iron Crown|63/100|[from] Spikes
|move|p1a: Terminator|Ice Spinner|p2a: Iron Crown
|-resisted|p2a: Iron Crown
|-damage|p2a: Iron Crown|51/100
|
|upkeep
|turn|34
|
|t:|1758348560
|-end|p2a: Iron Crown|Quark Drive|[silent]
|switch|p2a: Dragonite|Dragonite, F|36/100
|cant|p1a: Terminator|par
|
|upkeep
|turn|35
|
|t:|1758348566
|move|p1a: Terminator|Ice Spinner|p2a: Dragonite
|-supereffective|p2a: Dragonite
|-crit|p2a: Dragonite
|-damage|p2a: Dragonite|0 fnt
|faint|p2a: Dragonite
|
|upkeep
|
|t:|1758348572
|switch|p2a: Iron Crown|Iron Crown|51/100
|-damage|p2a: Iron Crown|45/100|[from] Stealth Rock
|-damage|p2a: Iron Crown|32/100|[from] Spikes
|turn|36
|
|t:|1758348578
|move|p1a: Terminator|Earthquake|p2a: Iron Crown
|-supereffective|p2a: Iron Crown
|-damage|p2a: Iron Crown|0 fnt
|faint|p2a: Iron Crown
|-end|p2a: Iron Crown|Quark Drive|[silent]
|
|win|Teefryingpan
|raw|Teefryingpan's rating: 1645 &rarr; <strong>1665</strong><br />(+20 for winning)
|raw|Shibuya Arc's rating: 1648 &rarr; <strong>1628</strong><br />(-20 for losing)
|l|☆Shibuya Arc
|player|p2|
|l|☆Teefryingpan
|player|p1|
|j|☆Teefryingpan
|player|p1|Teefryingpan|169|
|l| Jcjfjgjsjcjd
