|j|☆Moreiny
|j|☆Matho
|t:|1758258514
|gametype|singles
|player|p1|Moreiny|266|1135
|player|p2|Matho|101|1141
|gen|9
|tier|[Gen 9] OU
|rated|
|rule|HP Percentage Mod: HP is shown in percentages
|rule|Endless Battle Clause: Forcing endless battles is banned
|rule|Species Clause: Limit one of each Pokémon
|rule|OHKO Clause: OHKO moves are banned
|rule|Evasion Items Clause: Evasion items are banned
|rule|Evasion Moves Clause: Evasion moves are banned
|rule|Evasion Abilities Clause: Evasion abilities are banned
|rule|Sleep Moves Clause: Sleep-inducing moves are banned
|clearpoke
|poke|p1|Indeedee, M|
|poke|p1|Great Tusk|
|poke|p1|Iron Crown|
|poke|p1|Polteageist|
|poke|p1|Hawlucha, M|
|poke|p1|Deoxys-Speed|
|poke|p2|Garganacl, M|
|poke|p2|Iron Valiant|
|poke|p2|Iron Crown|
|poke|p2|Dragonite, F|
|poke|p2|Rotom-Wash|
|poke|p2|Iron Hands|
|teampreview
|inactive|Battle timer is ON: inactive players will automatically lose when time's up. (requested by Moreiny)
|l|☆Moreiny
|inactive|Moreiny disconnected and has a minute to reconnect!
|player|p1|
|
|t:|1758258534
|teamsize|p1|6
|teamsize|p2|6
|start
|switch|p1a: Indeedee|Indeedee, M|100/100
|switch|p2a: Iron Crown|Iron Crown|100/100
|-fieldstart|move: Psychic Terrain|[from] ability: Psychic Surge|[of] p1a: Indeedee
|turn|1
|j|☆Moreiny
|inactive|Moreiny reconnected and has 150 seconds left.
|player|p1|Moreiny|266|
|
|t:|1758258540
|switch|p1a: Iron Crown|Iron Crown|100/100
|move|p2a: Iron Crown|Electric Terrain|p2a: Iron Crown
|-fieldstart|move: Electric Terrain
|-activate|p1a: Iron Crown|ability: Quark Drive
|-start|p1a: Iron Crown|quarkdrivespa
|-activate|p2a: Iron Crown|ability: Quark Drive
|-start|p2a: Iron Crown|quarkdrivespe
|-enditem|p2a: Iron Crown|Electric Seed
|-boost|p2a: Iron Crown|def|1|[from] item: Electric Seed
|
|upkeep
|turn|2
|
|t:|1758258558
|move|p2a: Iron Crown|Volt Switch|p1a: Iron Crown
|-damage|p1a: Iron Crown|74/100
|
|t:|1758258566
|-end|p2a: Iron Crown|Quark Drive|[silent]
|switch|p2a: Rotom|Rotom-Wash|100/100|[from] Volt Switch
|move|p1a: Iron Crown|Volt Switch|p2a: Rotom
|-crit|p2a: Rotom
|-damage|p2a: Rotom|6/100
|
|t:|1758258573
|-end|p1a: Iron Crown|Quark Drive|[silent]
|switch|p1a: Indeedee|Indeedee, M|100/100|[from] Volt Switch
|-fieldstart|move: Psychic Terrain|[from] ability: Psychic Surge|[of] p1a: Indeedee
|
|-heal|p2a: Rotom|13/100|[from] item: Leftovers
|upkeep
|turn|3
|
|t:|1758258579
|move|p1a: Indeedee|Expanding Force|p2a: Rotom
|-damage|p2a: Rotom|0 fnt
|faint|p2a: Rotom
|
|upkeep
|
|t:|1758258587
|switch|p2a: Iron Valiant|Iron Valiant|100/100
|turn|4
|
|t:|1758258598
|switch|p1a: Iron Crown|Iron Crown|74/100
|-terastallize|p2a: Iron Valiant|Ghost
|move|p2a: Iron Valiant|Shadow Sneak|p1a: Iron Crown
|-activate|p1a: Iron Crown|move: Psychic Terrain
|
|upkeep
|turn|5
|
|t:|1758258608
|-end|p1a: Iron Crown|Quark Drive|[silent]
|switch|p1a: Great Tusk|Great Tusk|100/100
|move|p2a: Iron Valiant|Close Combat|p1a: Great Tusk
|-damage|p1a: Great Tusk|67/100
|-unboost|p2a: Iron Valiant|def|1
|-unboost|p2a: Iron Valiant|spd|1
|-damage|p2a: Iron Valiant|84/100|[from] item: Rocky Helmet|[of] p1a: Great Tusk
|-damage|p2a: Iron Valiant|74/100|[from] item: Life Orb
|
|upkeep
|turn|6
|
|t:|1758258618
|move|p2a: Iron Valiant|Moonblast|p1a: Great Tusk
|-supereffective|p1a: Great Tusk
|-crit|p1a: Great Tusk
|-damage|p1a: Great Tusk|0 fnt
|faint|p1a: Great Tusk
|-end|p1a: Great Tusk|Protosynthesis|[silent]
|-damage|p2a: Iron Valiant|65/100|[from] item: Life Orb
|
|upkeep
|
|t:|1758258623
|switch|p1a: Deoxys|Deoxys-Speed|100/100
|-ability|p1a: Deoxys|Pressure
|turn|7
|
|t:|1758258635
|-end|p2a: Iron Valiant|Quark Drive|[silent]
|switch|p2a: Iron Hands|Iron Hands|100/100
|move|p1a: Deoxys|Meteor Beam||[still]
|-prepare|p1a: Deoxys|Meteor Beam
|-boost|p1a: Deoxys|spa|1
|-enditem|p1a: Deoxys|Power Herb
|-anim|p1a: Deoxys|Meteor Beam|p2a: Iron Hands
|-resisted|p2a: Iron Hands
|-damage|p2a: Iron Hands|87/100
|
|upkeep
|turn|8
|
|t:|1758258647
|-end|p2a: Iron Hands|Quark Drive|[silent]
|switch|p2a: Iron Crown|Iron Crown|100/100
|move|p1a: Deoxys|Expanding Force|p2a: Iron Crown
|-resisted|p2a: Iron Crown
|-damage|p2a: Iron Crown|78/100
|
|upkeep
|turn|9
|
|t:|1758258655
|move|p1a: Deoxys|Shadow Ball|p2a: Iron Crown
|-supereffective|p2a: Iron Crown
|-damage|p2a: Iron Crown|17/100
|move|p2a: Iron Crown|Tachyon Cutter|p1a: Deoxys
|-damage|p1a: Deoxys|64/100
|-damage|p1a: Deoxys|24/100
|-hitcount|p1a: Deoxys|2
|
|-fieldend|move: Psychic Terrain
|upkeep
|turn|10
|
|t:|1758258676
|move|p1a: Deoxys|Shadow Ball|p2a: Iron Crown
|-supereffective|p2a: Iron Crown
|-damage|p2a: Iron Crown|0 fnt
|faint|p2a: Iron Crown
|-end|p2a: Iron Crown|Quark Drive|[silent]
|
|upkeep
|
|t:|1758258683
|switch|p2a: Dragonite|Dragonite, F|100/100
|turn|11
|
|t:|1758258687
|switch|p1a: Indeedee|Indeedee, M|100/100
|-fieldstart|move: Psychic Terrain|[from] ability: Psychic Surge|[of] p1a: Indeedee
|move|p2a: Dragonite|Extreme Speed|p1a: Indeedee
|-activate|p1a: Indeedee|move: Psychic Terrain
|
|upkeep
|turn|12
|
|t:|1758258697
|move|p1a: Indeedee|Expanding Force|p2a: Dragonite
|-damage|p2a: Dragonite|67/100
|move|p2a: Dragonite|Dragon Dance|p2a: Dragonite
|-boost|p2a: Dragonite|atk|1
|-boost|p2a: Dragonite|spe|1
|
|upkeep
|turn|13
|
|t:|1758258704
|switch|p1a: Deoxys|Deoxys-Speed|24/100
|-ability|p1a: Deoxys|Pressure
|move|p2a: Dragonite|Roost|p2a: Dragonite
|-heal|p2a: Dragonite|100/100
|-singleturn|p2a: Dragonite|move: Roost
|
|upkeep
|turn|14
|
|t:|1758258712
|move|p1a: Deoxys|Expanding Force|p2a: Dragonite
|-crit|p2a: Dragonite
|-damage|p2a: Dragonite|53/100
|move|p2a: Dragonite|Scale Shot|p1a: Deoxys
|-damage|p1a: Deoxys|0 fnt
|faint|p1a: Deoxys
|-hitcount|p1: Deoxys|1
|-unboost|p2a: Dragonite|def|1
|-boost|p2a: Dragonite|spe|1
|
|upkeep
|
|t:|1758258719
|switch|p1a: Hawlucha|Hawlucha, M|100/100
|-enditem|p1a: Hawlucha|Psychic Seed
|-boost|p1a: Hawlucha|spd|1|[from] item: Psychic Seed
|turn|15
|
|t:|1758258730
|move|p1a: Hawlucha|Acrobatics|p2a: Dragonite
|-damage|p2a: Dragonite|0 fnt
|faint|p2a: Dragonite
|
|upkeep
|
|t:|1758258735
|switch|p2a: Iron Hands|Iron Hands|87/100
|turn|16
|
|t:|1758258741
|-terastallize|p1a: Hawlucha|Steel
|move|p1a: Hawlucha|Swords Dance|p1a: Hawlucha
|-boost|p1a: Hawlucha|atk|2
|move|p2a: Iron Hands|Supercell Slam|p1a: Hawlucha
|-damage|p1a: Hawlucha|26/100
|
|upkeep
|turn|17
|
|t:|1758258749
|move|p1a: Hawlucha|Acrobatics|p2a: Iron Hands
|-damage|p2a: Iron Hands|27/100
|move|p2a: Iron Hands|Drain Punch|p1a: Hawlucha
|-supereffective|p1a: Hawlucha
|-damage|p1a: Hawlucha|0 fnt
|-heal|p2a: Iron Hands|35/100|[from] drain|[of] p1a: Hawlucha
|faint|p1a: Hawlucha
|
|upkeep
|
|t:|1758258755
|switch|p1a: Iron Crown|Iron Crown|74/100
|turn|18
|
|t:|1758258759
|move|p1a: Iron Crown|Psyshock|p2a: Iron Hands
|-supereffective|p2a: Iron Hands
|-damage|p2a: Iron Hands|0 fnt
|faint|p2a: Iron Hands
|-end|p2a: Iron Hands|Quark Drive|[silent]
|
|-fieldend|move: Psychic Terrain
|upkeep
|
|t:|1758258768
|switch|p2a: Garganacl|Garganacl, M|100/100
|turn|19
|
|t:|1758258771
|-end|p1a: Iron Crown|Quark Drive|[silent]
|switch|p1a: Indeedee|Indeedee, M|100/100
|-fieldstart|move: Psychic Terrain|[from] ability: Psychic Surge|[of] p1a: Indeedee
|move|p2a: Garganacl|Salt Cure|p1a: Indeedee
|-damage|p1a: Indeedee|72/100
|-start|p1a: Indeedee|Salt Cure
|
|-damage|p1a: Indeedee|60/100|[from] Salt Cure
|upkeep
|turn|20
|
|t:|1758258780
|move|p1a: Indeedee|Expanding Force|p2a: Garganacl
|-damage|p2a: Garganacl|54/100
|move|p2a: Garganacl|Stealth Rock|p1a: Indeedee
|-sidestart|p1: Moreiny|move: Stealth Rock
|
|-heal|p2a: Garganacl|61/100|[from] item: Leftovers
|-damage|p1a: Indeedee|47/100|[from] Salt Cure
|upkeep
|turn|21
|
|t:|1758258788
|move|p1a: Indeedee|Encore|p2a: Garganacl
|-start|p2a: Garganacl|Encore
|move|p2a: Garganacl|Stealth Rock||[still]
|-fail|p2a: Garganacl
|
|-heal|p2a: Garganacl|67/100|[from] item: Leftovers
|-damage|p1a: Indeedee|35/100|[from] Salt Cure
|upkeep
|turn|22
|
|t:|1758258800
|move|p1a: Indeedee|Expanding Force|p2a: Garganacl
|-damage|p2a: Garganacl|19/100
|move|p2a: Garganacl|Stealth Rock||[still]
|-fail|p2a: Garganacl
|
|-heal|p2a: Garganacl|25/100|[from] item: Leftovers
|-damage|p1a: Indeedee|23/100|[from] Salt Cure
|upkeep
|turn|23
|
|t:|1758258809
|switch|p1a: Iron Crown|Iron Crown|74/100
|-damage|p1a: Iron Crown|68/100|[from] Stealth Rock
|move|p2a: Garganacl|Stealth Rock||[still]
|-fail|p2a: Garganacl
|
|-heal|p2a: Garganacl|32/100|[from] item: Leftovers
|-end|p2a: Garganacl|Encore
|upkeep
|turn|24
|
|t:|1758258818
|move|p2a: Garganacl|Protect|p2a: Garganacl
|-singleturn|p2a: Garganacl|Protect
|move|p1a: Iron Crown|Future Sight|p2a: Garganacl
|-start|p1a: Iron Crown|move: Future Sight
|
|-heal|p2a: Garganacl|38/100|[from] item: Leftovers
|upkeep
|turn|25
|
|t:|1758258824
|-end|p1a: Iron Crown|Quark Drive|[silent]
|switch|p1a: Polteageist|Polteageist|100/100
|-damage|p1a: Polteageist|88/100|[from] Stealth Rock
|move|p2a: Garganacl|Recover|p2a: Garganacl
|-heal|p2a: Garganacl|88/100
|
|-heal|p2a: Garganacl|94/100|[from] item: Leftovers
|upkeep
|turn|26
|
|t:|1758258837
|move|p1a: Polteageist|Shell Smash|p1a: Polteageist
|-unboost|p1a: Polteageist|def|1
|-unboost|p1a: Polteageist|spd|1
|-boost|p1a: Polteageist|atk|2
|-boost|p1a: Polteageist|spa|2
|-boost|p1a: Polteageist|spe|2
|move|p2a: Garganacl|Salt Cure|p1a: Polteageist
|-damage|p1a: Polteageist|53/100
|-start|p1a: Polteageist|Salt Cure
|-ability|p1a: Polteageist|Weak Armor|boost
|-unboost|p1a: Polteageist|def|1
|-boost|p1a: Polteageist|spe|2
|
|-end|p2a: Garganacl|move: Future Sight
|-damage|p2a: Garganacl|41/100
|-heal|p2a: Garganacl|48/100|[from] item: Leftovers
|-damage|p1a: Polteageist|40/100|[from] Salt Cure
|-fieldend|move: Psychic Terrain
|upkeep
|turn|27
|
|t:|1758258856
|switch|p1a: Indeedee|Indeedee, M|23/100
|-damage|p1a: Indeedee|10/100|[from] Stealth Rock
|-fieldstart|move: Psychic Terrain|[from] ability: Psychic Surge|[of] p1a: Indeedee
|move|p2a: Garganacl|Protect||[still]
|-fail|p2a: Garganacl
|
|-heal|p2a: Garganacl|54/100|[from] item: Leftovers
|upkeep
|turn|28
|
|t:|1758258869
|switch|p2a: Iron Valiant|Iron Valiant, tera:Ghost|65/100
|move|p1a: Indeedee|Encore||[still]
|-fail|p1a: Indeedee
|
|upkeep
|turn|29
|
|t:|1758258881
|move|p2a: Iron Valiant|Moonblast|p1a: Indeedee
|-damage|p1a: Indeedee|0 fnt
|faint|p1a: Indeedee
|-damage|p2a: Iron Valiant|55/100|[from] item: Life Orb
|
|upkeep
|
|t:|1758258883
|switch|p1a: Iron Crown|Iron Crown|68/100
|-damage|p1a: Iron Crown|62/100|[from] Stealth Rock
|turn|30
|
|t:|1758258893
|move|p2a: Iron Valiant|Close Combat|p1a: Iron Crown
|-damage|p1a: Iron Crown|0 fnt
|-unboost|p2a: Iron Valiant|def|1
|-unboost|p2a: Iron Valiant|spd|1
|faint|p1a: Iron Crown
|-end|p1a: Iron Crown|Quark Drive|[silent]
|-damage|p2a: Iron Valiant|45/100|[from] item: Life Orb
|
|upkeep
|
|t:|1758258897
|switch|p1a: Polteageist|Polteageist|40/100
|-damage|p1a: Polteageist|28/100|[from] Stealth Rock
|turn|31
|
|t:|1758258907
|move|p2a: Iron Valiant|Moonblast|p1a: Polteageist
|-damage|p1a: Polteageist|0 fnt
|faint|p1a: Polteageist
|-damage|p2a: Iron Valiant|35/100|[from] item: Life Orb
|
|win|Matho
|raw|Moreiny's rating: 1135 &rarr; <strong>1110</strong><br />(-25 for losing)
|raw|Matho's rating: 1141 &rarr; <strong>1166</strong><br />(+25 for winning)
|l|☆Moreiny
|player|p1|
|l|☆Matho
|player|p2|
