|j|☆marcio 109
|j|☆FiDalGo
|t:|1758247303
|gametype|singles
|player|p1|marcio 109|swimmer-gen4|1154
|player|p2|FiDalGo|266|1109
|gen|9
|tier|[Gen 9] OU
|rated|
|rule|HP Percentage Mod: HP is shown in percentages
|rule|Endless Battle Clause: Forcing endless battles is banned
|rule|Species Clause: Limit one of each Pokémon
|rule|OHKO Clause: OHKO moves are banned
|rule|Evasion Items Clause: Evasion items are banned
|rule|Evasion Moves Clause: Evasion moves are banned
|rule|Evasion Abilities Clause: Evasion abilities are banned
|rule|Sleep Moves Clause: Sleep-inducing moves are banned
|clearpoke
|poke|p1|Haxorus, M|
|poke|p1|Deoxys-Speed|
|poke|p1|Gholdengo|
|poke|p1|Samurott-Hisui, M|
|poke|p1|Iron Valiant|
|poke|p1|Weavile, M|
|poke|p2|Gliscor, M|
|poke|p2|Maushold-Four|
|poke|p2|Dedenne, F|
|poke|p2|Greedent, M|
|poke|p2|Sinistcha|
|poke|p2|Blaziken, M|
|teampreview
|inactive|Battle timer is ON: inactive players will automatically lose when time's up. (requested by FiDalGo)
|
|t:|1758247328
|teamsize|p1|6
|teamsize|p2|6
|start
|switch|p1a: Deoxys|Deoxys-Speed|100/100
|switch|p2a: Maushold|Maushold-Four, shiny|100/100
|-ability|p1a: Deoxys|Pressure
|turn|1
|
|t:|1758247346
|move|p1a: Deoxys|Stealth Rock|p2a: Maushold
|-sidestart|p2: FiDalGo|move: Stealth Rock
|move|p2a: Maushold|Tidy Up|p2a: Maushold
|-sideend|p2: FiDalGo|Stealth Rock
|-activate|p2a: Maushold|move: Tidy Up
|-boost|p2a: Maushold|atk|1
|-boost|p2a: Maushold|spe|1
|
|upkeep
|turn|2
|
|t:|1758247358
|move|p2a: Maushold|Population Bomb|p1a: Deoxys
|-damage|p1a: Deoxys|76/100
|-damage|p1a: Deoxys|52/100
|-damage|p1a: Deoxys|28/100
|-damage|p1a: Deoxys|4/100
|-damage|p1a: Deoxys|0 fnt
|faint|p1a: Deoxys
|-hitcount|p1: Deoxys|5
|
|upkeep
|
|t:|1758247378
|switch|p1a: Iron Valiant|Iron Valiant|100/100
|-enditem|p1a: Iron Valiant|Booster Energy
|-activate|p1a: Iron Valiant|ability: Quark Drive|[fromitem]
|-start|p1a: Iron Valiant|quarkdrivespe
|turn|3
|
|t:|1758247395
|-terastallize|p2a: Maushold|Ghost
|move|p1a: Iron Valiant|Aura Sphere|p2a: Maushold
|-immune|p2a: Maushold
|move|p2a: Maushold|Tidy Up|p2a: Maushold
|-boost|p2a: Maushold|atk|1
|-boost|p2a: Maushold|spe|1
|
|upkeep
|turn|4
|
|t:|1758247410
|move|p2a: Maushold|Play Rough|p1a: Iron Valiant
|-supereffective|p1a: Iron Valiant
|-damage|p1a: Iron Valiant|0 fnt
|faint|p1a: Iron Valiant
|-end|p1a: Iron Valiant|Quark Drive|[silent]
|
|upkeep
|inactive|marcio 109 has 120 seconds left.
|
|t:|1758247437
|switch|p1a: Gholdengo|Gholdengo|100/100
|-item|p1a: Gholdengo|Air Balloon
|turn|5
|
|t:|1758247453
|switch|p2a: Gliscor|Gliscor, M, shiny|100/100
|move|p1a: Gholdengo|Shadow Ball|p2a: Gliscor
|-damage|p2a: Gliscor|33/100
|
|-status|p2a: Gliscor|tox|[from] item: Toxic Orb
|upkeep
|turn|6
|
|t:|1758247467
|move|p2a: Gliscor|Protect|p2a: Gliscor
|-singleturn|p2a: Gliscor|Protect
|move|p1a: Gholdengo|Shadow Ball|p2a: Gliscor
|-activate|p2a: Gliscor|move: Protect
|
|-heal|p2a: Gliscor|46/100 tox|[from] ability: Poison Heal
|upkeep
|turn|7
|
|t:|1758247477
|switch|p2a: Greedent|Greedent, M, shiny|100/100
|move|p1a: Gholdengo|Shadow Ball|p2a: Greedent
|-immune|p2a: Greedent
|
|upkeep
|turn|8
|inactive|FiDalGo has 120 seconds left.
|
|t:|1758247517
|switch|p2a: Blaziken|Blaziken, M, shiny|100/100
|move|p1a: Gholdengo|Focus Blast|p2a: Blaziken
|-damage|p2a: Blaziken|38/100
|
|upkeep
|turn|9
|
|t:|1758247526
|move|p2a: Blaziken|Protect|p2a: Blaziken
|-singleturn|p2a: Blaziken|Protect
|move|p1a: Gholdengo|Shadow Ball|p2a: Blaziken
|-activate|p2a: Blaziken|move: Protect
|
|-ability|p2a: Blaziken|Speed Boost|boost
|-boost|p2a: Blaziken|spe|1
|upkeep
|turn|10
|inactive|marcio 109 has 120 seconds left.
|
|t:|1758247538
|move|p2a: Blaziken|Flare Blitz|p1a: Gholdengo
|-supereffective|p1a: Gholdengo
|-damage|p1a: Gholdengo|0 fnt
|-enditem|p1a: Gholdengo|Air Balloon
|faint|p1a: Gholdengo
|-damage|p2a: Blaziken|3/100|[from] Recoil
|-damage|p2a: Blaziken|0 fnt|[from] item: Life Orb
|faint|p2a: Blaziken
|
|upkeep
|inactive|FiDalGo has 120 seconds left.
|
|t:|1758247563
|switch|p1a: Samurott|Samurott-Hisui, M|100/100
|switch|p2a: Gliscor|Gliscor, M, shiny|46/100 tox
|turn|11
|inactive|FiDalGo has 120 seconds left.
|
|t:|1758247573
|move|p2a: Gliscor|Protect|p2a: Gliscor
|-singleturn|p2a: Gliscor|Protect
|move|p1a: Samurott|Aqua Jet|p2a: Gliscor
|-activate|p2a: Gliscor|move: Protect
|
|-heal|p2a: Gliscor|58/100 tox|[from] ability: Poison Heal
|upkeep
|turn|12
|
|t:|1758247585
|switch|p2a: Dedenne|Dedenne, F, shiny|100/100
|move|p1a: Samurott|Ceaseless Edge|p2a: Dedenne|[miss]
|-miss|p1a: Samurott|p2a: Dedenne
|
|upkeep
|turn|13
|
|t:|1758247596
|move|p2a: Dedenne|Nuzzle|p1a: Samurott
|-supereffective|p1a: Samurott
|-damage|p1a: Samurott|87/100
|-status|p1a: Samurott|par
|move|p1a: Samurott|Ceaseless Edge|p2a: Dedenne
|-resisted|p2a: Dedenne
|-damage|p2a: Dedenne|35/100
|-sidestart|p2: FiDalGo|Spikes
|-enditem|p2a: Dedenne|Sitrus Berry|[eat]
|-heal|p2a: Dedenne|60/100|[from] item: Sitrus Berry
|-heal|p2a: Dedenne|93/100|[from] ability: Cheek Pouch
|-damage|p1a: Samurott|77/100 par|[from] item: Life Orb
|
|upkeep
|turn|14
|inactive|marcio 109 has 90 seconds left.
|
|t:|1758247612
|move|p2a: Dedenne|Dazzling Gleam|p1a: Samurott
|-supereffective|p1a: Samurott
|-damage|p1a: Samurott|0 fnt
|faint|p1a: Samurott
|
|upkeep
|inactive|marcio 109 has 90 seconds left.
|
|t:|1758247638
|switch|p1a: Weavile|Weavile, M|100/100
|-ability|p1a: Weavile|Pressure
|turn|15
|
|t:|1758247645
|move|p1a: Weavile|Triple Axel|p2a: Dedenne
|-damage|p2a: Dedenne|58/100
|-damage|p2a: Dedenne|0 fnt
|faint|p2a: Dedenne
|-hitcount|p2: Dedenne|2
|
|upkeep
|
|t:|1758247661
|switch|p2a: Greedent|Greedent, M, shiny|100/100
|-damage|p2a: Greedent|88/100|[from] Spikes
|turn|16
|
|t:|1758247666
|move|p1a: Weavile|Triple Axel|p2a: Greedent
|-damage|p2a: Greedent|75/100
|-damage|p2a: Greedent|53/100
|-damage|p2a: Greedent|19/100
|-enditem|p2a: Greedent|Sitrus Berry|[eat]
|-heal|p2a: Greedent|44/100|[from] item: Sitrus Berry
|-heal|p2a: Greedent|77/100|[from] ability: Cheek Pouch
|-hitcount|p2a: Greedent|3
|move|p2a: Greedent|Body Slam|p1a: Weavile
|-damage|p1a: Weavile|29/100
|
|upkeep
|turn|17
|inactive|marcio 109 has 90 seconds left.
|
|t:|1758247685
|move|p1a: Weavile|Triple Axel|p2a: Greedent
|-damage|p2a: Greedent|64/100
|-damage|p2a: Greedent|41/100
|-damage|p2a: Greedent|4/100
|-hitcount|p2a: Greedent|3
|move|p2a: Greedent|Body Slam|p1a: Weavile
|-damage|p1a: Weavile|0 fnt
|faint|p1a: Weavile
|
|upkeep
|
|t:|1758247699
|switch|p1a: Haxorus|Haxorus, M|100/100
|-ability|p1a: Haxorus|Mold Breaker
|turn|18
|
|t:|1758247706
|-terastallize|p1a: Haxorus|Steel
|move|p1a: Haxorus|Dragon Dance|p1a: Haxorus
|-boost|p1a: Haxorus|atk|1
|-boost|p1a: Haxorus|spe|1
|move|p2a: Greedent|Body Slam|p1a: Haxorus
|-resisted|p1a: Haxorus
|-damage|p1a: Haxorus|77/100
|-status|p1a: Haxorus|par
|-enditem|p1a: Haxorus|Lum Berry|[eat]
|-curestatus|p1a: Haxorus|par|[msg]
|
|upkeep
|turn|19
|
|t:|1758247721
|move|p1a: Haxorus|Dragon Dance|p1a: Haxorus
|-boost|p1a: Haxorus|atk|1
|-boost|p1a: Haxorus|spe|1
|move|p2a: Greedent|Body Slam|p1a: Haxorus
|-resisted|p1a: Haxorus
|-damage|p1a: Haxorus|51/100
|-status|p1a: Haxorus|par
|
|upkeep
|turn|20
|
|t:|1758247732
|move|p1a: Haxorus|Dragon Dance|p1a: Haxorus
|-boost|p1a: Haxorus|atk|1
|-boost|p1a: Haxorus|spe|1
|move|p2a: Greedent|Swords Dance|p2a: Greedent
|-boost|p2a: Greedent|atk|2
|
|upkeep
|turn|21
|
|t:|1758247744
|cant|p1a: Haxorus|par
|move|p2a: Greedent|Body Slam|p1a: Haxorus
|-resisted|p1a: Haxorus
|-damage|p1a: Haxorus|0 fnt
|faint|p1a: Haxorus
|
|win|FiDalGo
|raw|marcio 109's rating: 1154 &rarr; <strong>1126</strong><br />(-28 for losing)
|raw|FiDalGo's rating: 1109 &rarr; <strong>1137</strong><br />(+28 for winning)
|l|☆marcio 109
|player|p1|
|c|☆FiDalGo|gg
|l|☆FiDalGo
|player|p2|
