|j|☆Obotwinkletoes
|j|☆Umu Eze
|t:|1758342631
|gametype|singles
|player|p1|Obotwinkletoes|2|1352
|player|p2|Umu Eze|marlon|1324
|gen|9
|tier|[Gen 9] OU
|rated|
|rule|HP Percentage Mod: HP is shown in percentages
|rule|Endless Battle Clause: Forcing endless battles is banned
|rule|Species Clause: Limit one of each Pokémon
|rule|OHKO Clause: OHKO moves are banned
|rule|Evasion Items Clause: Evasion items are banned
|rule|Evasion Moves Clause: Evasion moves are banned
|rule|Evasion Abilities Clause: Evasion abilities are banned
|rule|Sleep Moves Clause: Sleep-inducing moves are banned
|clearpoke
|poke|p1|Thundurus, M|
|poke|p1|Slowking-Galar, M|
|poke|p1|Gyarados, M|
|poke|p1|Donphan, F|
|poke|p1|Diancie|
|poke|p1|Metagross|
|poke|p2|Pecharunt|
|poke|p2|Vikavolt, F|
|poke|p2|Goodra-Hisui, F|
|poke|p2|Garganacl, F|
|poke|p2|Weavile, M|
|poke|p2|Great Tusk|
|teampreview
|inactive|Battle timer is ON: inactive players will automatically lose when time's up. (requested by Obotwinkletoes)
|inactive|Obotwinkletoes has 120 seconds left.
|
|t:|1758342672
|teamsize|p1|6
|teamsize|p2|6
|start
|switch|p1a: Metagross|Metagross, shiny|100/100
|switch|p2a: Great Tusk|Great Tusk|100/100
|turn|1
|
|t:|1758342688
|switch|p1a: Gyarados|Gyarados, M, shiny|100/100
|move|p2a: Great Tusk|Headlong Rush|p1a: Gyarados
|-immune|p1a: Gyarados
|
|upkeep
|turn|2
|
|t:|1758342698
|-end|p2a: Great Tusk|Protosynthesis|[silent]
|switch|p2a: Pecharunt|Pecharunt|100/100
|move|p1a: Gyarados|Waterfall|p2a: Pecharunt
|-damage|p2a: Pecharunt|74/100
|
|-heal|p2a: Pecharunt|80/100|[from] item: Leftovers
|upkeep
|turn|3
|inactive|Umu Eze has 120 seconds left.
|
|t:|1758342737
|move|p1a: Gyarados|Dragon Dance|p1a: Gyarados
|-boost|p1a: Gyarados|atk|1
|-boost|p1a: Gyarados|spe|1
|move|p2a: Pecharunt|Malignant Chain|p1a: Gyarados
|-damage|p1a: Gyarados|60/100
|-status|p1a: Gyarados|tox
|-start|p1a: Gyarados|confusion|[from] ability: Poison Puppeteer|[of] p2a: Pecharunt
|
|-heal|p1a: Gyarados|66/100 tox|[from] item: Leftovers
|-heal|p2a: Pecharunt|86/100|[from] item: Leftovers
|-damage|p1a: Gyarados|60/100 tox|[from] psn
|upkeep
|turn|4
|
|t:|1758342750
|-activate|p1a: Gyarados|confusion
|move|p1a: Gyarados|Earthquake|p2a: Pecharunt
|-supereffective|p2a: Pecharunt
|-damage|p2a: Pecharunt|16/100
|move|p2a: Pecharunt|Hex|p1a: Gyarados
|-damage|p1a: Gyarados|4/100 tox
|
|-heal|p1a: Gyarados|10/100 tox|[from] item: Leftovers
|-heal|p2a: Pecharunt|22/100|[from] item: Leftovers
|-damage|p1a: Gyarados|0 fnt|[from] psn
|faint|p1a: Gyarados
|upkeep
|inactive|Obotwinkletoes has 120 seconds left.
|
|t:|1758342765
|switch|p1a: Thundurus|Thundurus, M, shiny|100/100
|turn|5
|
|t:|1758342771
|switch|p2a: Goodra|Goodra-Hisui, F|100/100
|move|p1a: Thundurus|Thunderbolt|p2a: Goodra
|-resisted|p2a: Goodra
|-damage|p2a: Goodra|87/100
|-status|p2a: Goodra|par
|-damage|p1a: Thundurus|90/100|[from] item: Life Orb
|
|upkeep
|turn|6
|
|t:|1758342784
|switch|p1a: Donphan|Donphan, F|100/100
|move|p2a: Goodra|Ice Beam|p1a: Donphan
|-supereffective|p1a: Donphan
|-damage|p1a: Donphan|24/100
|-status|p1a: Donphan|frz
|
|upkeep
|turn|7
|
|t:|1758342801
|cant|p1a: Donphan|frz
|move|p2a: Goodra|Ice Beam|p1a: Donphan
|-supereffective|p1a: Donphan
|-damage|p1a: Donphan|0 fnt
|faint|p1a: Donphan
|
|upkeep
|
|t:|1758342814
|switch|p1a: Diancie|Diancie, shiny|100/100
|turn|8
|
|t:|1758342823
|move|p1a: Diancie|Body Press|p2a: Goodra
|-supereffective|p2a: Goodra
|-damage|p2a: Goodra|27/100 par
|move|p2a: Goodra|Flash Cannon|p1a: Diancie
|-supereffective|p1a: Diancie
|-damage|p1a: Diancie|0 fnt
|faint|p1a: Diancie
|
|upkeep
|
|t:|1758342834
|switch|p1a: Thundurus|Thundurus, M, shiny|90/100
|turn|9
|
|t:|1758342844
|-terastallize|p1a: Thundurus|Ground
|move|p1a: Thundurus|Tera Blast|p2a: Goodra|[anim] Tera Blast Ground
|-supereffective|p2a: Goodra
|-damage|p2a: Goodra|0 fnt
|faint|p2a: Goodra
|-damage|p1a: Thundurus|80/100|[from] item: Life Orb
|
|upkeep
|
|t:|1758342853
|switch|p2a: Vikavolt|Vikavolt, F|100/100
|turn|10
|
|t:|1758342859
|switch|p1a: Slowking|Slowking-Galar, M, shiny|100/100
|move|p2a: Vikavolt|Agility|p2a: Vikavolt
|-boost|p2a: Vikavolt|spe|2
|
|upkeep
|turn|11
|
|t:|1758342883
|move|p2a: Vikavolt|Bug Buzz|p1a: Slowking
|-damage|p1a: Slowking|53/100
|-damage|p2a: Vikavolt|91/100|[from] item: Life Orb
|move|p1a: Slowking|Future Sight|p2a: Vikavolt
|-start|p1a: Slowking|move: Future Sight
|
|-heal|p1a: Slowking|59/100|[from] item: Leftovers
|upkeep
|turn|12
|
|t:|1758342892
|move|p2a: Vikavolt|Bug Buzz|p1a: Slowking
|-damage|p1a: Slowking|12/100
|-unboost|p1a: Slowking|spd|1
|-damage|p2a: Vikavolt|81/100|[from] item: Life Orb
|-prepare|p1a: Slowking|Chilly Reception|[premajor]
|move|p1a: Slowking|Chilly Reception|p1a: Slowking
|-weather|Snowscape
|
|t:|1758342900
|switch|p1a: Metagross|Metagross, shiny|100/100|[from] Chilly Reception
|
|-weather|Snowscape|[upkeep]
|upkeep
|turn|13
|
|t:|1758342916
|move|p2a: Vikavolt|Bug Buzz|p1a: Metagross
|-damage|p1a: Metagross|18/100
|-damage|p2a: Vikavolt|71/100|[from] item: Life Orb
|move|p1a: Metagross|Psychic Fangs|p2a: Vikavolt
|-damage|p2a: Vikavolt|13/100
|
|-weather|Snowscape|[upkeep]
|-end|p2a: Vikavolt|move: Future Sight
|-damage|p2a: Vikavolt|0 fnt
|faint|p2a: Vikavolt
|upkeep
|
|t:|1758342928
|switch|p2a: Great Tusk|Great Tusk|100/100
|turn|14
|
|t:|1758342937
|move|p2a: Great Tusk|Headlong Rush|p1a: Metagross
|-supereffective|p1a: Metagross
|-damage|p1a: Metagross|0 fnt
|-unboost|p2a: Great Tusk|def|1
|-unboost|p2a: Great Tusk|spd|1
|faint|p1a: Metagross
|
|-weather|Snowscape|[upkeep]
|upkeep
|
|t:|1758342948
|switch|p1a: Thundurus|Thundurus, M, shiny, tera:Ground|80/100
|turn|15
|
|t:|1758342972
|-end|p2a: Great Tusk|Protosynthesis|[silent]
|switch|p2a: Garganacl|Garganacl, F, shiny|100/100
|move|p1a: Thundurus|Grass Knot|p2a: Garganacl
|-supereffective|p2a: Garganacl
|-damage|p2a: Garganacl|27/100
|-damage|p1a: Thundurus|70/100|[from] item: Life Orb
|
|-weather|Snowscape|[upkeep]
|-heal|p2a: Garganacl|33/100|[from] item: Leftovers
|upkeep
|turn|16
|inactive|Obotwinkletoes has 120 seconds left.
|
|t:|1758343008
|-terastallize|p2a: Garganacl|Ghost
|move|p1a: Thundurus|Grass Knot|p2a: Garganacl
|-damage|p2a: Garganacl|0 fnt
|faint|p2a: Garganacl
|-damage|p1a: Thundurus|60/100|[from] item: Life Orb
|
|-weather|none
|upkeep
|inactive|Umu Eze has 120 seconds left.
|
|t:|1758343054
|switch|p2a: Weavile|Weavile, M|100/100
|-ability|p2a: Weavile|Pressure
|turn|17
|inactive|Obotwinkletoes has 120 seconds left.
|
|t:|1758343071
|move|p2a: Weavile|Triple Axel|p1a: Thundurus
|-supereffective|p1a: Thundurus
|-damage|p1a: Thundurus|30/100
|-supereffective|p1a: Thundurus
|-damage|p1a: Thundurus|0 fnt
|faint|p1a: Thundurus
|-hitcount|p1: Thundurus|2
|
|upkeep
|
|t:|1758343079
|switch|p1a: Slowking|Slowking-Galar, M, shiny|45/100
|turn|18
|inactive|Obotwinkletoes has 120 seconds left.
|
|t:|1758343086
|move|p2a: Weavile|Knock Off|p1a: Slowking
|-supereffective|p1a: Slowking
|-damage|p1a: Slowking|0 fnt
|-enditem|p1a: Slowking|Leftovers|[from] move: Knock Off|[of] p2a: Weavile
|faint|p1a: Slowking
|
|win|Umu Eze
|raw|Obotwinkletoes's rating: 1352 &rarr; <strong>1330</strong><br />(-22 for losing)
|raw|Umu Eze's rating: 1324 &rarr; <strong>1346</strong><br />(+22 for winning)
|l|☆Umu Eze
|player|p2|
|c|☆Obotwinkletoes|Gg
|l|☆Obotwinkletoes
|player|p1|
