|j|☆leitordeps2
|j|☆Mur de Huy
|t:|1758289342
|gametype|singles
|player|p1|leitordeps2|bugcatcher-gen4dp|1149
|player|p2|Mur de Huy|cyclist|1216
|gen|9
|tier|[Gen 9] OU
|rated|
|rule|HP Percentage Mod: HP is shown in percentages
|rule|Endless Battle Clause: Forcing endless battles is banned
|rule|Species Clause: Limit one of each Pokémon
|rule|OHKO Clause: OHKO moves are banned
|rule|Evasion Items Clause: Evasion items are banned
|rule|Evasion Moves Clause: Evasion moves are banned
|rule|Evasion Abilities Clause: Evasion abilities are banned
|rule|Sleep Moves Clause: Sleep-inducing moves are banned
|clearpoke
|poke|p1|Great Tusk|
|poke|p1|Decidueye-Hisui, M|
|poke|p1|Dragonite, F|
|poke|p1|Deoxys-Speed|
|poke|p1|Skeledirge, F|
|poke|p1|Rotom-Wash|
|poke|p2|Iron Crown|
|poke|p2|Samurott-Hisui, F|
|poke|p2|Zapdos|
|poke|p2|Dragapult, F|
|poke|p2|Great Tusk|
|poke|p2|Iron Boulder|
|teampreview
|
|t:|1758289369
|teamsize|p1|6
|teamsize|p2|6
|start
|switch|p1a: Decidueye|Decidueye-Hisui, M|100/100
|switch|p2a: Samurott|Samurott-Hisui, F|100/100
|turn|1
|
|t:|1758289378
|move|p2a: Samurott|Flip Turn|p1a: Decidueye
|-resisted|p1a: Decidueye
|-damage|p1a: Decidueye|84/100
|
|t:|1758289383
|switch|p2a: Zapdos|Zapdos|100/100|[from] Flip Turn
|move|p1a: Decidueye|Leaf Blade|p2a: Zapdos
|-resisted|p2a: Zapdos
|-damage|p2a: Zapdos|83/100
|
|upkeep
|turn|2
|
|t:|1758289396
|switch|p1a: Rotom|Rotom-Wash|100/100
|move|p2a: Zapdos|Hurricane|p1a: Rotom|[miss]
|-miss|p2a: Zapdos|p1a: Rotom
|
|upkeep
|turn|3
|
|t:|1758289407
|move|p2a: Zapdos|U-turn|p1a: Rotom
|-damage|p1a: Rotom|90/100
|
|t:|1758289416
|switch|p2a: Iron Crown|Iron Crown|100/100|[from] U-turn
|move|p1a: Rotom|Volt Switch|p2a: Iron Crown
|-damage|p2a: Iron Crown|76/100
|
|t:|1758289424
|switch|p1a: Skeledirge|Skeledirge, F, shiny|100/100|[from] Volt Switch
|
|upkeep
|turn|4
|
|t:|1758289434
|-end|p2a: Iron Crown|Quark Drive|[silent]
|switch|p2a: Samurott|Samurott-Hisui, F|100/100
|move|p1a: Skeledirge|Torch Song|p2a: Samurott
|-resisted|p2a: Samurott
|-damage|p2a: Samurott|71/100
|-boost|p1a: Skeledirge|spa|1
|
|upkeep
|turn|5
|
|t:|1758289447
|-terastallize|p1a: Skeledirge|Grass
|move|p2a: Samurott|Ceaseless Edge|p1a: Skeledirge
|-damage|p1a: Skeledirge|69/100
|-sidestart|p1: leitordeps2|Spikes
|move|p1a: Skeledirge|Tera Blast|p2a: Samurott|[anim] Tera Blast Grass
|-supereffective|p2a: Samurott
|-damage|p2a: Samurott|0 fnt
|faint|p2a: Samurott
|
|upkeep
|
|t:|1758289464
|switch|p2a: Zapdos|Zapdos|83/100
|turn|6
|
|t:|1758289470
|move|p2a: Zapdos|Hurricane|p1a: Skeledirge
|-supereffective|p1a: Skeledirge
|-damage|p1a: Skeledirge|0 fnt
|faint|p1a: Skeledirge
|
|upkeep
|
|t:|1758289481
|switch|p1a: Great Tusk|Great Tusk|100/100
|turn|7
|
|t:|1758289485
|move|p1a: Great Tusk|Rapid Spin|p2a: Zapdos
|-damage|p2a: Zapdos|70/100
|-boost|p1a: Great Tusk|spe|1
|-status|p1a: Great Tusk|par|[from] ability: Static|[of] p2a: Zapdos
|-sideend|p1: leitordeps2|Spikes|[from] move: Rapid Spin|[of] p1a: Great Tusk
|move|p2a: Zapdos|Hurricane|p1a: Great Tusk|[miss]
|-miss|p2a: Zapdos|p1a: Great Tusk
|
|upkeep
|turn|8
|
|t:|1758289496
|move|p2a: Zapdos|Roost|p2a: Zapdos
|-heal|p2a: Zapdos|100/100
|-singleturn|p2a: Zapdos|move: Roost
|move|p1a: Great Tusk|Ice Spinner|p2a: Zapdos
|-damage|p2a: Zapdos|79/100
|
|upkeep
|turn|9
|
|t:|1758289505
|move|p2a: Zapdos|Hurricane|p1a: Great Tusk
|-supereffective|p1a: Great Tusk
|-damage|p1a: Great Tusk|0 fnt
|faint|p1a: Great Tusk
|-end|p1a: Great Tusk|Protosynthesis|[silent]
|
|upkeep
|
|t:|1758289513
|switch|p1a: Dragonite|Dragonite, F|100/100
|turn|10
|
|t:|1758289518
|move|p1a: Dragonite|Dragon Dance|p1a: Dragonite
|-boost|p1a: Dragonite|atk|1
|-boost|p1a: Dragonite|spe|1
|move|p2a: Zapdos|Discharge|p1a: Dragonite
|-damage|p1a: Dragonite|83/100
|-status|p1a: Dragonite|par
|
|upkeep
|turn|11
|
|t:|1758289528
|move|p2a: Zapdos|Hurricane|p1a: Dragonite
|-damage|p1a: Dragonite|36/100 par
|move|p1a: Dragonite|Ice Spinner|p2a: Zapdos
|-supereffective|p2a: Zapdos
|-damage|p2a: Zapdos|9/100
|
|upkeep
|turn|12
|
|t:|1758289537
|move|p1a: Dragonite|Extreme Speed|p2a: Zapdos
|-damage|p2a: Zapdos|0 fnt
|faint|p2a: Zapdos
|
|upkeep
|
|t:|1758289550
|switch|p2a: Dragapult|Dragapult, F|100/100
|turn|13
|
|t:|1758289555
|move|p2a: Dragapult|Dragon Darts|p1a: Dragonite
|-supereffective|p1a: Dragonite
|-damage|p1a: Dragonite|0 fnt
|faint|p1a: Dragonite
|
|upkeep
|
|t:|1758289565
|switch|p1a: Deoxys|Deoxys-Speed|100/100
|-ability|p1a: Deoxys|Pressure
|turn|14
|
|t:|1758289575
|switch|p2a: Iron Crown|Iron Crown|76/100
|move|p1a: Deoxys|Shadow Ball|p2a: Iron Crown
|-supereffective|p2a: Iron Crown
|-damage|p2a: Iron Crown|0 fnt
|faint|p2a: Iron Crown
|-end|p2a: Iron Crown|Quark Drive|[silent]
|
|upkeep
|
|t:|1758289584
|switch|p2a: Great Tusk|Great Tusk|100/100
|turn|15
|
|t:|1758289594
|move|p1a: Deoxys|Shadow Ball|p2a: Great Tusk
|-damage|p2a: Great Tusk|45/100
|move|p2a: Great Tusk|Headlong Rush|p1a: Deoxys
|-damage|p1a: Deoxys|0 fnt
|-unboost|p2a: Great Tusk|def|1
|-unboost|p2a: Great Tusk|spd|1
|faint|p1a: Deoxys
|
|upkeep
|
|t:|1758289605
|switch|p1a: Decidueye|Decidueye-Hisui, M|84/100
|turn|16
|
|t:|1758289623
|move|p1a: Decidueye|Leaf Blade|p2a: Great Tusk
|-supereffective|p2a: Great Tusk
|-crit|p2a: Great Tusk
|-damage|p2a: Great Tusk|0 fnt
|faint|p2a: Great Tusk
|-end|p2a: Great Tusk|Protosynthesis|[silent]
|
|upkeep
|
|t:|1758289631
|switch|p2a: Dragapult|Dragapult, F|100/100
|turn|17
|
|t:|1758289641
|switch|p1a: Rotom|Rotom-Wash|90/100
|-terastallize|p2a: Dragapult|Ghost
|move|p2a: Dragapult|Tera Blast|p1a: Rotom|[anim] Tera Blast Ghost
|-damage|p1a: Rotom|27/100
|
|upkeep
|turn|18
|
|t:|1758289650
|move|p2a: Dragapult|Tera Blast|p1a: Rotom|[anim] Tera Blast Ghost
|-damage|p1a: Rotom|0 fnt
|faint|p1a: Rotom
|
|upkeep
|
|t:|1758289656
|switch|p1a: Decidueye|Decidueye-Hisui, M|84/100
|turn|19
|
|t:|1758289661
|move|p2a: Dragapult|Tera Blast|p1a: Decidueye|[anim] Tera Blast Ghost
|-crit|p1a: Decidueye
|-damage|p1a: Decidueye|0 fnt
|faint|p1a: Decidueye
|
|win|Mur de Huy
|raw|leitordeps2's rating: 1149 &rarr; <strong>1129</strong><br />(-20 for losing)
|raw|Mur de Huy's rating: 1216 &rarr; <strong>1236</strong><br />(+20 for winning)
|l|☆leitordeps2
|player|p1|
|l|☆Mur de Huy
|player|p2|
