|j|☆Elathin
|j|☆crashbuster
|t:|1758356049
|gametype|singles
|player|p1|Elathin|266|1179
|player|p2|crashbuster|brycenman|1157
|gen|9
|tier|[Gen 9] OU
|rated|
|rule|HP Percentage Mod: HP is shown in percentages
|rule|Endless Battle Clause: Forcing endless battles is banned
|rule|Species Clause: Limit one of each Pokémon
|rule|OHKO Clause: OHKO moves are banned
|rule|Evasion Items Clause: Evasion items are banned
|rule|Evasion Moves Clause: Evasion moves are banned
|rule|Evasion Abilities Clause: Evasion abilities are banned
|rule|Sleep Moves Clause: Sleep-inducing moves are banned
|clearpoke
|poke|p1|Gliscor, M|
|poke|p1|Clefable, F|
|poke|p1|Goodra-Hisui, M|
|poke|p1|Dondozo, M|
|poke|p1|Dragapult, M|
|poke|p1|Cinderace, M|
|poke|p2|Suicune|
|poke|p2|Meloetta|
|poke|p2|Gliscor, M|
|poke|p2|Umbreon, F|
|poke|p2|Emboar, M|
|poke|p2|Dragapult, M|
|teampreview
|
|t:|1758356064
|teamsize|p1|6
|teamsize|p2|6
|start
|switch|p1a: Katapuldra|Dragapult, M|100/100
|switch|p2a: Umbreon|Umbreon, F|100/100
|turn|1
|
|t:|1758356071
|move|p1a: Katapuldra|U-turn|p2a: Umbreon
|-supereffective|p2a: Umbreon
|-damage|p2a: Umbreon|71/100
|-enditem|p2a: Umbreon|Weakness Policy
|-boost|p2a: Umbreon|atk|2|[from] item: Weakness Policy
|-boost|p2a: Umbreon|spa|2|[from] item: Weakness Policy
|
|t:|1758356081
|switch|p1a: Heerashai|Dondozo, M, shiny|100/100|[from] U-turn
|move|p2a: Umbreon|Dark Pulse|p1a: Heerashai
|-damage|p1a: Heerashai|76/100
|
|upkeep
|turn|2
|
|t:|1758356089
|move|p2a: Umbreon|Trailblaze|p1a: Heerashai
|-supereffective|p1a: Heerashai
|-damage|p1a: Heerashai|70/100
|-boost|p2a: Umbreon|spe|1
|-damage|p2a: Umbreon|55/100|[from] item: Rocky Helmet|[of] p1a: Heerashai
|move|p1a: Heerashai|Body Press|p2a: Umbreon
|-supereffective|p2a: Umbreon
|-damage|p2a: Umbreon|5/100
|
|upkeep
|turn|3
|
|t:|1758356099
|move|p2a: Umbreon|Stored Power|p1a: Heerashai
|-damage|p1a: Heerashai|47/100
|move|p1a: Heerashai|Body Press|p2a: Umbreon
|-supereffective|p2a: Umbreon
|-damage|p2a: Umbreon|0 fnt
|faint|p2a: Umbreon
|
|upkeep
|
|t:|1758356110
|switch|p2a: Dragapult|Dragapult, M|100/100
|turn|4
|
|t:|1758356119
|move|p2a: Dragapult|Thunderbolt|p1a: Heerashai
|-supereffective|p1a: Heerashai
|-damage|p1a: Heerashai|0 fnt
|faint|p1a: Heerashai
|
|upkeep
|
|t:|1758356124
|switch|p1a: Katapuldra|Dragapult, M|100/100
|turn|5
|
|t:|1758356129
|move|p1a: Katapuldra|Draco Meteor|p2a: Dragapult|[miss]
|-miss|p1a: Katapuldra|p2a: Dragapult
|move|p2a: Dragapult|Hex|p1a: Katapuldra
|-supereffective|p1a: Katapuldra
|-damage|p1a: Katapuldra|4/100
|
|upkeep
|turn|6
|
|t:|1758356144
|move|p1a: Katapuldra|Draco Meteor|p2a: Dragapult
|-supereffective|p2a: Dragapult
|-damage|p2a: Dragapult|0 fnt
|-unboost|p1a: Katapuldra|spa|2
|faint|p2a: Dragapult
|
|upkeep
|
|t:|1758356148
|switch|p2a: Emboar|Emboar, M|100/100
|turn|7
|
|t:|1758356161
|switch|p1a: Skorgro|Gliscor, M|100/100
|move|p2a: Emboar|Flame Charge|p1a: Skorgro
|-damage|p1a: Skorgro|83/100
|-boost|p2a: Emboar|spe|1
|
|-status|p1a: Skorgro|tox|[from] item: Toxic Orb
|upkeep
|turn|8
|
|t:|1758356180
|-terastallize|p2a: Emboar|Fire
|move|p2a: Emboar|Flare Blitz|p1a: Skorgro
|-damage|p1a: Skorgro|16/100 tox
|-damage|p2a: Emboar|80/100|[from] Recoil
|move|p1a: Skorgro|Knock Off|p2a: Emboar
|-damage|p2a: Emboar|52/100
|-enditem|p2a: Emboar|Assault Vest|[from] move: Knock Off|[of] p1a: Skorgro
|
|-heal|p1a: Skorgro|29/100 tox|[from] ability: Poison Heal
|upkeep
|turn|9
|
|t:|1758356192
|move|p1a: Skorgro|Protect|p1a: Skorgro
|-singleturn|p1a: Skorgro|Protect
|move|p2a: Emboar|Flare Blitz|p1a: Skorgro
|-activate|p1a: Skorgro|move: Protect
|
|-heal|p1a: Skorgro|41/100 tox|[from] ability: Poison Heal
|upkeep
|turn|10
|
|t:|1758356211
|switch|p1a: Liberlo|Cinderace, M|100/100
|move|p2a: Emboar|Flare Blitz|p1a: Liberlo
|-resisted|p1a: Liberlo
|-damage|p1a: Liberlo|34/100
|-damage|p2a: Emboar|35/100|[from] Recoil
|
|upkeep
|turn|11
|
|t:|1758356220
|move|p1a: Liberlo|Sucker Punch|p2a: Emboar
|-start|p1a: Liberlo|typechange|Dark|[from] ability: Libero
|-damage|p2a: Emboar|0 fnt
|faint|p2a: Emboar
|
|upkeep
|
|t:|1758356233
|switch|p2a: Gliscor|Gliscor, M, shiny|100/100
|turn|12
|
|t:|1758356239
|move|p1a: Liberlo|Pyro Ball|p2a: Gliscor
|-damage|p2a: Gliscor|65/100
|move|p2a: Gliscor|Agility|p2a: Gliscor
|-boost|p2a: Gliscor|spe|2
|
|-status|p2a: Gliscor|tox|[from] item: Toxic Orb
|upkeep
|turn|13
|
|t:|1758356248
|move|p1a: Liberlo|Sucker Punch|p2a: Gliscor
|-damage|p2a: Gliscor|33/100 tox
|move|p2a: Gliscor|Facade|p1a: Liberlo
|-damage|p1a: Liberlo|0 fnt
|faint|p1a: Liberlo
|
|-heal|p2a: Gliscor|46/100 tox|[from] ability: Poison Heal
|upkeep
|
|t:|1758356262
|switch|p1a: Viscogon|Goodra-Hisui, M|100/100
|turn|14
|
|t:|1758356267
|move|p2a: Gliscor|Earthquake|p1a: Viscogon
|-supereffective|p1a: Viscogon
|-damage|p1a: Viscogon|23/100
|move|p1a: Viscogon|Ice Beam|p2a: Gliscor
|-supereffective|p2a: Gliscor
|-damage|p2a: Gliscor|0 fnt
|faint|p2a: Gliscor
|
|upkeep
|
|t:|1758356274
|switch|p2a: Suicune|Suicune, shiny|100/100
|turn|15
|
|t:|1758356276
|move|p2a: Suicune|Calm Mind|p2a: Suicune
|-boost|p2a: Suicune|spa|1
|-boost|p2a: Suicune|spd|1
|move|p1a: Viscogon|Thunderbolt|p2a: Suicune
|-supereffective|p2a: Suicune
|-damage|p2a: Suicune|67/100
|
|-heal|p2a: Suicune|73/100|[from] item: Leftovers
|upkeep
|turn|16
|
|t:|1758356285
|move|p2a: Suicune|Ice Beam|p1a: Viscogon
|-damage|p1a: Viscogon|8/100
|move|p1a: Viscogon|Dragon Tail|p2a: Suicune
|-damage|p2a: Suicune|58/100
|drag|p2a: Meloetta|Meloetta|100/100
|
|upkeep
|turn|17
|
|t:|1758356295
|move|p2a: Meloetta|Drain Punch|p1a: Viscogon
|-supereffective|p1a: Viscogon
|-damage|p1a: Viscogon|0 fnt
|faint|p1a: Viscogon
|
|upkeep
|
|t:|1758356300
|switch|p1a: Skorgro|Gliscor, M|41/100 tox
|turn|18
|
|t:|1758356306
|move|p2a: Meloetta|Relic Song|p1a: Skorgro
|-damage|p1a: Skorgro|16/100 tox
|-formechange|p2a: Meloetta|Meloetta-Pirouette|[msg]
|move|p1a: Skorgro|Earthquake|p2a: Meloetta
|-damage|p2a: Meloetta|69/100
|
|-heal|p1a: Skorgro|29/100 tox|[from] ability: Poison Heal
|upkeep
|turn|19
|
|t:|1758356317
|move|p1a: Skorgro|Protect|p1a: Skorgro
|-singleturn|p1a: Skorgro|Protect
|move|p2a: Meloetta|Relic Song|p1a: Skorgro
|-activate|p1a: Skorgro|move: Protect
|
|-heal|p1a: Skorgro|41/100 tox|[from] ability: Poison Heal
|upkeep
|turn|20
|
|t:|1758356328
|move|p2a: Meloetta|Knock Off|p1a: Skorgro
|-damage|p1a: Skorgro|20/100 tox
|-enditem|p1a: Skorgro|Toxic Orb|[from] move: Knock Off|[of] p2a: Meloetta
|move|p1a: Skorgro|Toxic|p2a: Meloetta
|-status|p2a: Meloetta|tox
|
|-damage|p2a: Meloetta|63/100 tox|[from] psn
|-heal|p1a: Skorgro|32/100 tox|[from] ability: Poison Heal
|upkeep
|turn|21
|
|t:|1758356338
|move|p1a: Skorgro|Protect|p1a: Skorgro
|-singleturn|p1a: Skorgro|Protect
|move|p2a: Meloetta|Relic Song|p1a: Skorgro
|-activate|p1a: Skorgro|move: Protect
|
|-damage|p2a: Meloetta|51/100 tox|[from] psn
|-heal|p1a: Skorgro|45/100 tox|[from] ability: Poison Heal
|upkeep
|turn|22
|
|t:|1758356346
|move|p2a: Meloetta|Relic Song|p1a: Skorgro
|-damage|p1a: Skorgro|28/100 tox
|-formechange|p2a: Meloetta|Meloetta|[msg]
|move|p1a: Skorgro|Knock Off|p2a: Meloetta
|-supereffective|p2a: Meloetta
|-damage|p2a: Meloetta|5/100 tox
|-enditem|p2a: Meloetta|Salac Berry|[from] move: Knock Off|[of] p1a: Skorgro
|
|-damage|p2a: Meloetta|0 fnt|[from] psn
|faint|p2a: Meloetta
|-heal|p1a: Skorgro|40/100 tox|[from] ability: Poison Heal
|upkeep
|
|t:|1758356353
|switch|p2a: Suicune|Suicune, shiny|58/100
|turn|23
|-message|crashbuster forfeited.
|
|win|Elathin
|raw|Elathin's rating: 1179 &rarr; <strong>1202</strong><br />(+23 for winning)
|raw|crashbuster's rating: 1157 &rarr; <strong>1134</strong><br />(-23 for losing)
|l|☆crashbuster
|player|p2|
|l|☆Elathin
|player|p1|
