|j|☆deepfriedmagikarp
|j|☆sunny dancing
|t:|1758347572
|gametype|singles
|player|p1|deepfriedmagikarp|pokemonranger-gen4|1797
|player|p2|sunny dancing|101|1810
|gen|9
|tier|[Gen 9] OU
|rated|
|rule|HP Percentage Mod: HP is shown in percentages
|rule|Endless Battle Clause: Forcing endless battles is banned
|rule|Species Clause: Limit one of each Pokémon
|rule|OHKO Clause: OHKO moves are banned
|rule|Evasion Items Clause: Evasion items are banned
|rule|Evasion Moves Clause: Evasion moves are banned
|rule|Evasion Abilities Clause: Evasion abilities are banned
|rule|Sleep Moves Clause: Sleep-inducing moves are banned
|clearpoke
|poke|p1|Darkrai|
|poke|p1|Manaphy|
|poke|p1|Landorus-Therian, M|
|poke|p1|Gholdengo|
|poke|p1|Raging Bolt|
|poke|p1|Iron Valiant|
|poke|p2|Ogerpon-Wellspring, F|
|poke|p2|Slowking-Galar, F|
|poke|p2|Great Tusk|
|poke|p2|Moltres|
|poke|p2|Dragapult, F|
|poke|p2|Kingambit, F|
|teampreview
|inactive|Battle timer is ON: inactive players will automatically lose when time's up. (requested by deepfriedmagikarp)
|
|t:|1758347582
|teamsize|p1|6
|teamsize|p2|6
|start
|switch|p1a: Darkrai|Darkrai|100/100
|switch|p2a: Slowking|Slowking-Galar, F|100/100
|turn|1
|j| SafeGecko
|inactive|sunny dancing also wants the timer to be on.
|j| IM AT MY LIMIT
|
|t:|1758347589
|-terastallize|p2a: Slowking|Water
|move|p1a: Darkrai|Dark Pulse|p2a: Slowking
|-damage|p2a: Slowking|78/100
|cant|p2a: Slowking|flinch
|
|upkeep
|turn|2
|
|t:|1758347598
|move|p1a: Darkrai|Dark Pulse|p2a: Slowking
|-damage|p2a: Slowking|55/100
|move|p2a: Slowking|Ice Beam|p1a: Darkrai
|-damage|p1a: Darkrai|61/100
|
|upkeep
|turn|3
|
|t:|1758347606
|move|p1a: Darkrai|Dark Pulse|p2a: Slowking
|-crit|p2a: Slowking
|-damage|p2a: Slowking|20/100
|move|p2a: Slowking|Ice Beam|p1a: Darkrai
|-damage|p1a: Darkrai|21/100
|
|upkeep
|turn|4
|
|t:|1758347613
|switch|p2a: Moltres|Moltres|100/100
|move|p1a: Darkrai|Dark Pulse|p2a: Moltres
|-damage|p2a: Moltres|56/100
|
|upkeep
|turn|5
|
|t:|1758347620
|move|p1a: Darkrai|Dark Pulse|p2a: Moltres
|-damage|p2a: Moltres|12/100
|move|p2a: Moltres|U-turn|p1a: Darkrai
|-supereffective|p1a: Darkrai
|-damage|p1a: Darkrai|0 fnt
|faint|p1a: Darkrai
|
|t:|1758347627
|switch|p2a: Slowking|Slowking-Galar, F, tera:Water|53/100|[from] U-turn
|
|upkeep
|
|t:|1758347630
|switch|p1a: Manaphy|Manaphy|100/100
|turn|6
|
|t:|1758347637
|move|p1a: Manaphy|Tail Glow|p1a: Manaphy
|-boost|p1a: Manaphy|spa|3
|move|p2a: Slowking|Sludge Bomb|p1a: Manaphy
|-damage|p1a: Manaphy|62/100
|-status|p1a: Manaphy|psn
|
|-damage|p1a: Manaphy|50/100 psn|[from] psn
|upkeep
|-enditem|p1a: Manaphy|Sitrus Berry|[eat]
|-heal|p1a: Manaphy|75/100 psn|[from] item: Sitrus Berry
|turn|7
|
|t:|1758347645
|move|p1a: Manaphy|Energy Ball|p2a: Slowking
|-supereffective|p2a: Slowking
|-damage|p2a: Slowking|0 fnt
|faint|p2a: Slowking
|
|-damage|p1a: Manaphy|62/100 psn|[from] psn
|upkeep
|
|t:|1758347652
|switch|p2a: Ogerpon|Ogerpon-Wellspring, F|100/100
|turn|8
|
|t:|1758347659
|move|p2a: Ogerpon|Power Whip|p1a: Manaphy
|-supereffective|p1a: Manaphy
|-damage|p1a: Manaphy|0 fnt
|faint|p1a: Manaphy
|
|upkeep
|
|t:|1758347662
|switch|p1a: Raging Bolt|Raging Bolt|100/100
|-enditem|p1a: Raging Bolt|Booster Energy
|-activate|p1a: Raging Bolt|ability: Protosynthesis|[fromitem]
|-start|p1a: Raging Bolt|protosynthesisspa
|turn|9
|j| Ctannn
|
|t:|1758347668
|move|p2a: Ogerpon|U-turn|p1a: Raging Bolt
|-damage|p1a: Raging Bolt|79/100
|
|t:|1758347676
|switch|p2a: Great Tusk|Great Tusk|100/100|[from] U-turn
|move|p1a: Raging Bolt|Dragon Pulse|p2a: Great Tusk
|-damage|p2a: Great Tusk|3/100
|
|upkeep
|turn|10
|j| youkemin
|
|t:|1758347683
|-end|p1a: Raging Bolt|Protosynthesis|[silent]
|switch|p1a: Landorus|Landorus-Therian, M|100/100
|-ability|p1a: Landorus|Intimidate|boost
|-unboost|p2a: Great Tusk|atk|1
|move|p2a: Great Tusk|Ice Spinner|p1a: Landorus
|-supereffective|p1a: Landorus
|-damage|p1a: Landorus|30/100
|-damage|p2a: Great Tusk|0 fnt|[from] item: Rocky Helmet|[of] p1a: Landorus
|faint|p2a: Great Tusk
|-end|p2a: Great Tusk|Protosynthesis|[silent]
|
|upkeep
|
|t:|1758347691
|switch|p2a: Dragapult|Dragapult, F|100/100
|turn|11
|
|t:|1758347697
|move|p2a: Dragapult|Hex|p1a: Landorus
|-damage|p1a: Landorus|2/100
|move|p1a: Landorus|Earthquake|p2a: Dragapult
|-damage|p2a: Dragapult|31/100
|
|upkeep
|turn|12
|
|t:|1758347711
|move|p2a: Dragapult|Hex|p1a: Landorus
|-damage|p1a: Landorus|0 fnt
|faint|p1a: Landorus
|
|upkeep
|
|t:|1758347715
|switch|p1a: Iron Valiant|Iron Valiant|100/100
|-enditem|p1a: Iron Valiant|Booster Energy
|-activate|p1a: Iron Valiant|ability: Quark Drive|[fromitem]
|-start|p1a: Iron Valiant|quarkdrivespe
|turn|13
|
|t:|1758347721
|switch|p2a: Kingambit|Kingambit, F|100/100
|-activate|p2a: Kingambit|ability: Supreme Overlord
|-start|p2a: Kingambit|fallen2|[silent]
|move|p1a: Iron Valiant|Moonblast|p2a: Kingambit
|-damage|p2a: Kingambit|53/100
|-unboost|p2a: Kingambit|spa|1
|
|-heal|p2a: Kingambit|59/100|[from] item: Leftovers
|upkeep
|turn|14
|j| tetration
|
|t:|1758347730
|move|p1a: Iron Valiant|Moonblast|p2a: Kingambit
|-damage|p2a: Kingambit|8/100
|move|p2a: Kingambit|Iron Head|p1a: Iron Valiant
|-supereffective|p1a: Iron Valiant
|-damage|p1a: Iron Valiant|0 fnt
|faint|p1a: Iron Valiant
|-end|p1a: Iron Valiant|Quark Drive|[silent]
|
|-heal|p2a: Kingambit|14/100|[from] item: Leftovers
|upkeep
|
|t:|1758347732
|switch|p1a: Raging Bolt|Raging Bolt|79/100
|turn|15
|l| IM AT MY LIMIT
|
|t:|1758347738
|move|p1a: Raging Bolt|Thunderclap|p2a: Kingambit
|-damage|p2a: Kingambit|0 fnt
|faint|p2a: Kingambit
|-end|p2a: Kingambit|fallen2|[silent]
|
|upkeep
|
|t:|1758347745
|switch|p2a: Dragapult|Dragapult, F|31/100
|turn|16
|
|t:|1758347752
|move|p1a: Raging Bolt|Thunderclap||[still]
|-fail|p1a: Raging Bolt
|move|p2a: Dragapult|Will-O-Wisp|p1a: Raging Bolt|[miss]
|-miss|p2a: Dragapult|p1a: Raging Bolt
|
|upkeep
|turn|17
|
|t:|1758347758
|-end|p1a: Raging Bolt|Protosynthesis|[silent]
|switch|p1a: Gholdengo|Gholdengo|100/100
|-item|p1a: Gholdengo|Air Balloon
|move|p2a: Dragapult|Will-O-Wisp|p1a: Gholdengo
|-immune|p1a: Gholdengo|[from] ability: Good as Gold
|
|upkeep
|turn|18
|
|t:|1758347765
|move|p2a: Dragapult|Hex|p1a: Gholdengo
|-supereffective|p1a: Gholdengo
|-damage|p1a: Gholdengo|45/100
|-enditem|p1a: Gholdengo|Air Balloon
|move|p1a: Gholdengo|Shadow Ball|p2a: Dragapult
|-supereffective|p2a: Dragapult
|-damage|p2a: Dragapult|0 fnt
|faint|p2a: Dragapult
|
|upkeep
|
|t:|1758347773
|switch|p2a: Ogerpon|Ogerpon-Wellspring, F|100/100
|turn|19
|
|t:|1758347779
|-terastallize|p1a: Gholdengo|Water
|move|p2a: Ogerpon|Power Whip|p1a: Gholdengo
|-supereffective|p1a: Gholdengo
|-damage|p1a: Gholdengo|0 fnt
|faint|p1a: Gholdengo
|
|upkeep
|
|t:|1758347783
|switch|p1a: Raging Bolt|Raging Bolt|79/100
|turn|20
|
|t:|1758347789
|move|p2a: Ogerpon|Power Whip|p1a: Raging Bolt|[miss]
|-miss|p2a: Ogerpon|p1a: Raging Bolt
|move|p1a: Raging Bolt|Thunderbolt|p2a: Ogerpon
|-damage|p2a: Ogerpon|43/100
|
|upkeep
|turn|21
|
|t:|1758347795
|move|p2a: Ogerpon|Power Whip|p1a: Raging Bolt
|-resisted|p1a: Raging Bolt
|-damage|p1a: Raging Bolt|49/100
|move|p1a: Raging Bolt|Thunderbolt|p2a: Ogerpon
|-damage|p2a: Ogerpon|0 fnt
|faint|p2a: Ogerpon
|
|upkeep
|j| wgw2333
|
|t:|1758347802
|switch|p2a: Moltres|Moltres|12/100
|turn|22
|
|t:|1758347804
|move|p2a: Moltres|Roost|p2a: Moltres
|-heal|p2a: Moltres|62/100
|-singleturn|p2a: Moltres|move: Roost
|move|p1a: Raging Bolt|Thunderbolt|p2a: Moltres
|-damage|p2a: Moltres|6/100
|
|upkeep
|turn|23
|
|t:|1758347810
|move|p2a: Moltres|Roost|p2a: Moltres
|-heal|p2a: Moltres|56/100
|-singleturn|p2a: Moltres|move: Roost
|move|p1a: Raging Bolt|Thunderbolt|p2a: Moltres
|-damage|p2a: Moltres|2/100
|
|upkeep
|turn|24
|
|t:|1758347815
|move|p2a: Moltres|Roost|p2a: Moltres
|-heal|p2a: Moltres|52/100
|-singleturn|p2a: Moltres|move: Roost
|move|p1a: Raging Bolt|Thunderbolt|p2a: Moltres
|-damage|p2a: Moltres|0 fnt
|faint|p2a: Moltres
|
|win|deepfriedmagikarp
|raw|deepfriedmagikarp's rating: 1797 &rarr; <strong>1818</strong><br />(+21 for winning)
|raw|sunny dancing's rating: 1810 &rarr; <strong>1789</strong><br />(-21 for losing)
|l|☆sunny dancing
|player|p2|
|l| youkemin
|l| SafeGecko
|l| wgw2333
|l|☆deepfriedmagikarp
|player|p1|
|l| tetration
