|j|☆JorgoBarbas
|j|☆constant sorrow
|t:|1758302187
|gametype|singles
|player|p1|JorgoBarbas|102|1296
|player|p2|constant sorrow|iris-gen5bw2|1277
|gen|9
|tier|[Gen 9] OU
|rated|
|rule|HP Percentage Mod: HP is shown in percentages
|rule|Endless Battle Clause: Forcing endless battles is banned
|rule|Species Clause: Limit one of each Pokémon
|rule|OHKO Clause: OHKO moves are banned
|rule|Evasion Items Clause: Evasion items are banned
|rule|Evasion Moves Clause: Evasion moves are banned
|rule|Evasion Abilities Clause: Evasion abilities are banned
|rule|Sleep Moves Clause: Sleep-inducing moves are banned
|clearpoke
|poke|p1|Dragapult, F|
|poke|p1|Slowbro, F|
|poke|p1|Tornadus-Therian, M|
|poke|p1|Cinderace, F|
|poke|p1|Scizor, F|
|poke|p1|Rillaboom, F|
|poke|p2|Donphan, F|
|poke|p2|Yanmega, F|
|poke|p2|Darkrai|
|poke|p2|Infernape, F|
|poke|p2|Orthworm, F|
|poke|p2|Blaziken, M|
|teampreview
|inactive|Battle timer is ON: inactive players will automatically lose when time's up. (requested by JorgoBarbas)
|
|t:|1758302208
|teamsize|p1|6
|teamsize|p2|6
|start
|switch|p1a: Slowbro|Slowbro, F|100/100
|switch|p2a: Orthworm|Orthworm, F|100/100
|turn|1
|
|t:|1758302220
|move|p2a: Orthworm|Spikes|p1a: Slowbro
|-sidestart|p1: JorgoBarbas|Spikes
|move|p1a: Slowbro|Fire Blast|p2a: Orthworm
|-supereffective|p2a: Orthworm
|-damage|p2a: Orthworm|25/100
|
|-heal|p2a: Orthworm|31/100|[from] item: Leftovers
|upkeep
|turn|2
|
|t:|1758302226
|move|p2a: Orthworm|Spikes|p1a: Slowbro
|-sidestart|p1: JorgoBarbas|Spikes
|move|p1a: Slowbro|Body Press|p2a: Orthworm
|-supereffective|p2a: Orthworm
|-damage|p2a: Orthworm|3/100
|
|-heal|p2a: Orthworm|9/100|[from] item: Leftovers
|upkeep
|turn|3
|
|t:|1758302230
|move|p2a: Orthworm|Body Press|p1a: Slowbro
|-resisted|p1a: Slowbro
|-damage|p1a: Slowbro|91/100
|move|p1a: Slowbro|Scald|p2a: Orthworm
|-damage|p2a: Orthworm|0 fnt
|faint|p2a: Orthworm
|
|upkeep
|
|t:|1758302238
|switch|p2a: Yanmega|Yanmega, F|100/100
|turn|4
|
|t:|1758302243
|-terastallize|p2a: Yanmega|Fire
|move|p2a: Yanmega|Swords Dance|p2a: Yanmega
|-boost|p2a: Yanmega|atk|2
|move|p1a: Slowbro|Fire Blast|p2a: Yanmega|[miss]
|-miss|p1a: Slowbro|p2a: Yanmega
|
|-ability|p2a: Yanmega|Speed Boost|boost
|-boost|p2a: Yanmega|spe|1
|upkeep
|turn|5
|
|t:|1758302266
|-terastallize|p1a: Slowbro|Fighting
|move|p2a: Yanmega|Leech Life|p1a: Slowbro
|-resisted|p1a: Slowbro
|-damage|p1a: Slowbro|73/100
|move|p1a: Slowbro|Scald|p2a: Yanmega
|-supereffective|p2a: Yanmega
|-damage|p2a: Yanmega|0 fnt
|faint|p2a: Yanmega
|
|upkeep
|
|t:|1758302282
|switch|p2a: Blaziken|Blaziken, M|100/100
|turn|6
|
|t:|1758302289
|move|p2a: Blaziken|Swords Dance|p2a: Blaziken
|-boost|p2a: Blaziken|atk|2
|move|p1a: Slowbro|Scald|p2a: Blaziken
|-supereffective|p2a: Blaziken
|-damage|p2a: Blaziken|22/100
|
|-ability|p2a: Blaziken|Speed Boost|boost
|-boost|p2a: Blaziken|spe|1
|upkeep
|turn|7
|
|t:|1758302298
|switch|p1a: Tornadus|Tornadus-Therian, M|100/100
|move|p2a: Blaziken|Acrobatics|p1a: Tornadus
|-damage|p1a: Tornadus|57/100
|
|-ability|p2a: Blaziken|Speed Boost|boost
|-boost|p2a: Blaziken|spe|1
|upkeep
|turn|8
|
|t:|1758302310
|move|p2a: Blaziken|Close Combat|p1a: Tornadus
|-resisted|p1a: Tornadus
|-damage|p1a: Tornadus|0 fnt
|-unboost|p2a: Blaziken|def|1
|-unboost|p2a: Blaziken|spd|1
|faint|p1a: Tornadus
|
|-ability|p2a: Blaziken|Speed Boost|boost
|-boost|p2a: Blaziken|spe|1
|upkeep
|
|t:|1758302319
|switch|p1a: Scizor|Scizor, F|100/100
|-damage|p1a: Scizor|84/100|[from] Spikes
|turn|9
|
|t:|1758302322
|move|p2a: Blaziken|Upper Hand|p1a: Scizor
|-damage|p1a: Scizor|0 fnt
|faint|p1a: Scizor
|
|-ability|p2a: Blaziken|Speed Boost|boost
|-boost|p2a: Blaziken|spe|1
|upkeep
|
|t:|1758302332
|switch|p1a: Slowbro|Slowbro, F, tera:Fighting|100/100
|-damage|p1a: Slowbro|84/100|[from] Spikes
|turn|10
|
|t:|1758302335
|move|p2a: Blaziken|Close Combat|p1a: Slowbro
|-damage|p1a: Slowbro|11/100
|-unboost|p2a: Blaziken|def|1
|-unboost|p2a: Blaziken|spd|1
|move|p1a: Slowbro|Scald|p2a: Blaziken
|-supereffective|p2a: Blaziken
|-damage|p2a: Blaziken|0 fnt
|faint|p2a: Blaziken
|
|upkeep
|
|t:|1758302342
|switch|p2a: Infernape|Infernape, F|100/100
|turn|11
|
|t:|1758302344
|move|p2a: Infernape|Flamethrower|p1a: Slowbro
|-damage|p1a: Slowbro|0 fnt
|faint|p1a: Slowbro
|
|upkeep
|
|t:|1758302349
|switch|p1a: Cinderace|Cinderace, F|100/100
|turn|12
|
|t:|1758302354
|move|p1a: Cinderace|Court Change|p1a: Cinderace
|-start|p1a: Cinderace|typechange|Normal|[from] ability: Libero
|-swapsideconditions
|-activate|p1a: Cinderace|move: Court Change
|move|p2a: Infernape|Aura Sphere|p1a: Cinderace
|-supereffective|p1a: Cinderace
|-damage|p1a: Cinderace|0 fnt
|faint|p1a: Cinderace
|
|upkeep
|
|t:|1758302361
|switch|p1a: Dragapult|Dragapult, F|100/100
|turn|13
|
|t:|1758302368
|switch|p2a: Donphan|Donphan, F|100/100
|move|p1a: Dragapult|Draco Meteor|p2a: Donphan
|-ability|p2a: Donphan|Sturdy
|-damage|p2a: Donphan|1/100
|-unboost|p1a: Dragapult|spa|2
|
|upkeep
|turn|14
|
|t:|1758302374
|move|p2a: Donphan|Ice Shard|p1a: Dragapult
|-supereffective|p1a: Dragapult
|-damage|p1a: Dragapult|62/100
|move|p1a: Dragapult|Draco Meteor|p2a: Donphan
|-damage|p2a: Donphan|0 fnt
|-unboost|p1a: Dragapult|spa|2
|faint|p2a: Donphan
|
|upkeep
|
|t:|1758302380
|switch|p2a: Infernape|Infernape, F|100/100
|-damage|p2a: Infernape|84/100|[from] Spikes
|turn|15
|
|t:|1758302388
|move|p1a: Dragapult|Draco Meteor|p2a: Infernape
|-damage|p2a: Infernape|40/100
|-unboost|p1a: Dragapult|spa|2
|move|p2a: Infernape|Flamethrower|p1a: Dragapult
|-resisted|p1a: Dragapult
|-damage|p1a: Dragapult|30/100
|
|upkeep
|turn|16
|
|t:|1758302397
|move|p1a: Dragapult|Draco Meteor|p2a: Infernape
|-damage|p2a: Infernape|7/100
|move|p2a: Infernape|Flamethrower|p1a: Dragapult
|-resisted|p1a: Dragapult
|-damage|p1a: Dragapult|0 fnt
|faint|p1a: Dragapult
|
|upkeep
|
|t:|1758302400
|switch|p1a: Rillaboom|Rillaboom, F|100/100
|-fieldstart|move: Grassy Terrain|[from] ability: Grassy Surge|[of] p1a: Rillaboom
|turn|17
|
|t:|1758302406
|move|p2a: Infernape|Vacuum Wave|p1a: Rillaboom
|-damage|p1a: Rillaboom|74/100
|move|p1a: Rillaboom|Grassy Glide|p2a: Infernape
|-resisted|p2a: Infernape
|-damage|p2a: Infernape|0 fnt
|faint|p2a: Infernape
|
|-heal|p1a: Rillaboom|81/100|[from] Grassy Terrain
|upkeep
|
|t:|1758302408
|switch|p2a: Darkrai|Darkrai|100/100
|-damage|p2a: Darkrai|84/100|[from] Spikes
|turn|18
|
|t:|1758302413
|move|p1a: Rillaboom|Grassy Glide|p2a: Darkrai
|-damage|p2a: Darkrai|17/100
|move|p2a: Darkrai|Sludge Bomb|p1a: Rillaboom
|-supereffective|p1a: Rillaboom
|-damage|p1a: Rillaboom|0 fnt
|faint|p1a: Rillaboom
|
|win|constant sorrow
|raw|JorgoBarbas's rating: 1296 &rarr; <strong>1270</strong><br />(-26 for losing)
|raw|constant sorrow's rating: 1277 &rarr; <strong>1303</strong><br />(+26 for winning)
|l|☆JorgoBarbas
|player|p1|
