|j|☆Ctannn
|j|☆saeyouwontletgo
|t:|1758266383
|gametype|singles
|player|p1|Ctannn|169|1738
|player|p2|saeyouwontletgo|102|1760
|gen|9
|tier|[Gen 9] OU
|rated|
|rule|HP Percentage Mod: HP is shown in percentages
|rule|Endless Battle Clause: Forcing endless battles is banned
|rule|Species Clause: Limit one of each Pokémon
|rule|OHKO Clause: OHKO moves are banned
|rule|Evasion Items Clause: Evasion items are banned
|rule|Evasion Moves Clause: Evasion moves are banned
|rule|Evasion Abilities Clause: Evasion abilities are banned
|rule|Sleep Moves Clause: Sleep-inducing moves are banned
|clearpoke
|poke|p1|Rillaboom, M|
|poke|p1|Gholdengo|
|poke|p1|Cinderace, F|
|poke|p1|Raging Bolt|
|poke|p1|Slowking-Galar, M|
|poke|p1|Landorus-Therian, M|
|poke|p2|Pecharunt|
|poke|p2|Great Tusk|
|poke|p2|Ogerpon-Wellspring, F|
|poke|p2|Iron Crown|
|poke|p2|Landorus-Therian, M|
|poke|p2|Samurott-Hisui, F|
|teampreview
|inactive|Battle timer is ON: inactive players will automatically lose when time's up. (requested by Ctannn)
|inactive|saeyouwontletgo also wants the timer to be on.
|
|t:|1758266396
|teamsize|p1|6
|teamsize|p2|6
|start
|switch|p1a: Rillaboom|Rillaboom, M|100/100
|switch|p2a: Ogerpon|Ogerpon-Wellspring, F|100/100
|-fieldstart|move: Grassy Terrain|[from] ability: Grassy Surge|[of] p1a: Rillaboom
|turn|1
|
|t:|1758266405
|switch|p2a: Pecharunt|Pecharunt|100/100
|switch|p1a: Slowking|Slowking-Galar, M|100/100
|
|upkeep
|turn|2
|
|t:|1758266418
|move|p2a: Pecharunt|Parting Shot|p1a: Slowking
|-unboost|p1a: Slowking|atk|1
|-unboost|p1a: Slowking|spa|1
|
|t:|1758266419
|switch|p2a: Samurott|Samurott-Hisui, F|100/100|[from] Parting Shot
|-prepare|p1a: Slowking|Chilly Reception|[premajor]
|move|p1a: Slowking|Chilly Reception|p1a: Slowking
|-weather|Snowscape
|
|t:|1758266424
|switch|p1a: Rillaboom|Rillaboom, M|100/100|[from] Chilly Reception
|
|-weather|Snowscape|[upkeep]
|upkeep
|turn|3
|
|t:|1758266426
|switch|p2a: Pecharunt|Pecharunt|100/100
|move|p1a: Rillaboom|Knock Off|p2a: Pecharunt
|-supereffective|p2a: Pecharunt
|-damage|p2a: Pecharunt|66/100
|-damage|p1a: Rillaboom|84/100|[from] item: Rocky Helmet|[of] p2a: Pecharunt
|-enditem|p2a: Pecharunt|Rocky Helmet|[from] move: Knock Off|[of] p1a: Rillaboom
|
|-weather|Snowscape|[upkeep]
|-heal|p1a: Rillaboom|90/100|[from] Grassy Terrain
|-heal|p2a: Pecharunt|72/100|[from] Grassy Terrain
|upkeep
|turn|4
|
|t:|1758266436
|switch|p1a: Slowking|Slowking-Galar, M|100/100
|move|p2a: Pecharunt|Parting Shot|p1a: Slowking
|-unboost|p1a: Slowking|atk|1
|-unboost|p1a: Slowking|spa|1
|
|t:|1758266439
|switch|p2a: Samurott|Samurott-Hisui, F|100/100|[from] Parting Shot
|
|-weather|Snowscape|[upkeep]
|upkeep
|turn|5
|
|t:|1758266443
|switch|p1a: Landorus|Landorus-Therian, M|100/100
|-ability|p1a: Landorus|Intimidate|boost
|-unboost|p2a: Samurott|atk|1
|move|p2a: Samurott|Ceaseless Edge|p1a: Landorus|[miss]
|-miss|p2a: Samurott|p1a: Landorus
|
|-weather|Snowscape|[upkeep]
|-fieldend|move: Grassy Terrain
|upkeep
|turn|6
|
|t:|1758266447
|move|p2a: Samurott|Ceaseless Edge|p1a: Landorus
|-damage|p1a: Landorus|76/100
|-damage|p2a: Samurott|84/100|[from] item: Rocky Helmet|[of] p1a: Landorus
|-sidestart|p1: Ctannn|Spikes
|move|p1a: Landorus|U-turn|p2a: Samurott
|-supereffective|p2a: Samurott
|-damage|p2a: Samurott|30/100
|
|t:|1758266449
|switch|p1a: Cinderace|Cinderace, F|100/100|[from] U-turn
|
|-weather|none
|upkeep
|turn|7
|
|t:|1758266452
|move|p1a: Cinderace|U-turn|p2a: Samurott
|-start|p1a: Cinderace|typechange|Bug|[from] ability: Libero
|-supereffective|p2a: Samurott
|-damage|p2a: Samurott|0 fnt
|faint|p2a: Samurott
|
|t:|1758266458
|switch|p1a: Slowking|Slowking-Galar, M|100/100|[from] U-turn
|-damage|p1a: Slowking|88/100|[from] Spikes
|
|upkeep
|
|t:|1758266461
|switch|p2a: Iron Crown|Iron Crown|100/100
|turn|8
|
|t:|1758266468
|move|p2a: Iron Crown|Tachyon Cutter|p1a: Slowking
|-damage|p1a: Slowking|58/100
|-damage|p1a: Slowking|30/100
|-hitcount|p1a: Slowking|2
|move|p1a: Slowking|Future Sight|p2a: Iron Crown
|-start|p1a: Slowking|move: Future Sight
|
|upkeep
|turn|9
|
|t:|1758266471
|switch|p1a: Cinderace|Cinderace, F|100/100
|move|p2a: Iron Crown|Tachyon Cutter|p1a: Cinderace
|-resisted|p1a: Cinderace
|-damage|p1a: Cinderace|74/100
|-resisted|p1a: Cinderace
|-damage|p1a: Cinderace|46/100
|-hitcount|p1a: Cinderace|2
|
|upkeep
|turn|10
|
|t:|1758266474
|-end|p2a: Iron Crown|Quark Drive|[silent]
|switch|p2a: Pecharunt|Pecharunt|72/100
|move|p1a: Cinderace|Pyro Ball|p2a: Pecharunt
|-damage|p2a: Pecharunt|45/100
|
|-end|p2a: Pecharunt|move: Future Sight
|-supereffective|p2a: Pecharunt
|-damage|p2a: Pecharunt|0 fnt
|faint|p2a: Pecharunt
|upkeep
|
|t:|1758266486
|switch|p2a: Landorus|Landorus-Therian, M|100/100
|-ability|p2a: Landorus|Intimidate|boost
|-unboost|p1a: Cinderace|atk|1
|turn|11
|
|t:|1758266494
|switch|p1a: Landorus|Landorus-Therian, M|76/100
|-ability|p1a: Landorus|Intimidate|boost
|-unboost|p2a: Landorus|atk|1
|move|p2a: Landorus|U-turn|p1a: Landorus
|-resisted|p1a: Landorus
|-damage|p1a: Landorus|68/100
|-damage|p2a: Landorus|84/100|[from] item: Rocky Helmet|[of] p1a: Landorus
|
|t:|1758266498
|switch|p2a: Iron Crown|Iron Crown|100/100|[from] U-turn
|
|upkeep
|turn|12
|
|t:|1758266506
|switch|p1a: Gholdengo|Gholdengo|100/100
|-damage|p1a: Gholdengo|88/100|[from] Spikes
|move|p2a: Iron Crown|Tachyon Cutter|p1a: Gholdengo
|-resisted|p1a: Gholdengo
|-damage|p1a: Gholdengo|64/100
|-resisted|p1a: Gholdengo
|-damage|p1a: Gholdengo|41/100
|-hitcount|p1a: Gholdengo|2
|
|upkeep
|turn|13
|
|t:|1758266508
|move|p1a: Gholdengo|Shadow Ball|p2a: Iron Crown
|-supereffective|p2a: Iron Crown
|-damage|p2a: Iron Crown|15/100
|move|p2a: Iron Crown|Tachyon Cutter|p1a: Gholdengo
|-resisted|p1a: Gholdengo
|-damage|p1a: Gholdengo|20/100
|-resisted|p1a: Gholdengo
|-damage|p1a: Gholdengo|0 fnt
|faint|p1a: Gholdengo
|-hitcount|p1: Gholdengo|2
|
|upkeep
|
|t:|1758266514
|switch|p1a: Cinderace|Cinderace, F|46/100
|turn|14
|
|t:|1758266521
|-end|p2a: Iron Crown|Quark Drive|[silent]
|switch|p2a: Great Tusk|Great Tusk|100/100
|-enditem|p2a: Great Tusk|Booster Energy
|-activate|p2a: Great Tusk|ability: Protosynthesis|[fromitem]
|-start|p2a: Great Tusk|protosynthesisspe
|move|p1a: Cinderace|Pyro Ball|p2a: Great Tusk
|-damage|p2a: Great Tusk|64/100
|
|upkeep
|turn|15
|
|t:|1758266533
|move|p2a: Great Tusk|Knock Off|p1a: Cinderace
|-damage|p1a: Cinderace|5/100
|-enditem|p1a: Cinderace|Heavy-Duty Boots|[from] move: Knock Off|[of] p2a: Great Tusk
|move|p1a: Cinderace|U-turn|p2a: Great Tusk
|-start|p1a: Cinderace|typechange|Bug|[from] ability: Libero
|-resisted|p2a: Great Tusk
|-damage|p2a: Great Tusk|53/100
|
|t:|1758266536
|switch|p1a: Landorus|Landorus-Therian, M|68/100|[from] U-turn
|-ability|p1a: Landorus|Intimidate|boost
|-unboost|p2a: Great Tusk|atk|1
|
|upkeep
|turn|16
|
|t:|1758266544
|move|p2a: Great Tusk|Stealth Rock|p1a: Landorus
|-sidestart|p1: Ctannn|move: Stealth Rock
|move|p1a: Landorus|U-turn|p2a: Great Tusk
|-resisted|p2a: Great Tusk
|-damage|p2a: Great Tusk|47/100
|
|t:|1758266546
|switch|p1a: Slowking|Slowking-Galar, M|63/100|[from] U-turn
|-damage|p1a: Slowking|51/100|[from] Spikes
|-damage|p1a: Slowking|38/100|[from] Stealth Rock
|
|upkeep
|turn|17
|
|t:|1758266550
|switch|p1a: Landorus|Landorus-Therian, M|68/100
|-damage|p1a: Landorus|56/100|[from] Stealth Rock
|-ability|p1a: Landorus|Intimidate|boost
|-unboost|p2a: Great Tusk|atk|1
|move|p2a: Great Tusk|Knock Off|p1a: Landorus
|-damage|p1a: Landorus|45/100
|-damage|p2a: Great Tusk|30/100|[from] item: Rocky Helmet|[of] p1a: Landorus
|-enditem|p1a: Landorus|Rocky Helmet|[from] move: Knock Off|[of] p2a: Great Tusk
|
|upkeep
|turn|18
|
|t:|1758266554
|move|p2a: Great Tusk|Rapid Spin|p1a: Landorus
|-damage|p1a: Landorus|40/100
|-boost|p2a: Great Tusk|spe|1
|move|p1a: Landorus|Earthquake|p2a: Great Tusk
|-damage|p2a: Great Tusk|0 fnt
|faint|p2a: Great Tusk
|-end|p2a: Great Tusk|Protosynthesis|[silent]
|
|upkeep
|
|t:|1758266564
|switch|p2a: Iron Crown|Iron Crown|15/100
|turn|19
|
|t:|1758266566
|switch|p1a: Cinderace|Cinderace, F|5/100
|-damage|p1a: Cinderace|0 fnt|[from] Spikes
|faint|p1a: Cinderace
|move|p2a: Iron Crown|Tachyon Cutter|p1: Cinderace|[notarget]
|-fail|p2a: Iron Crown
|
|upkeep
|
|t:|1758266573
|switch|p1a: Rillaboom|Rillaboom, M|90/100
|-damage|p1a: Rillaboom|78/100|[from] Spikes
|-damage|p1a: Rillaboom|66/100|[from] Stealth Rock
|-fieldstart|move: Grassy Terrain|[from] ability: Grassy Surge|[of] p1a: Rillaboom
|turn|20
|
|t:|1758266578
|move|p1a: Rillaboom|Grassy Glide|p2a: Iron Crown
|-resisted|p2a: Iron Crown
|-damage|p2a: Iron Crown|0 fnt
|faint|p2a: Iron Crown
|-end|p2a: Iron Crown|Quark Drive|[silent]
|
|-heal|p1a: Rillaboom|72/100|[from] Grassy Terrain
|upkeep
|
|t:|1758266579
|switch|p2a: Landorus|Landorus-Therian, M|84/100
|-ability|p2a: Landorus|Intimidate|boost
|-unboost|p1a: Rillaboom|atk|1
|turn|21
|
|t:|1758266604
|switch|p1a: Landorus|Landorus-Therian, M|40/100
|-damage|p1a: Landorus|27/100|[from] Stealth Rock
|-ability|p1a: Landorus|Intimidate|boost
|-unboost|p2a: Landorus|atk|1
|move|p2a: Landorus|U-turn|p1a: Landorus
|-resisted|p1a: Landorus
|-damage|p1a: Landorus|20/100
|
|t:|1758266606
|switch|p2a: Ogerpon|Ogerpon-Wellspring, F|100/100|[from] U-turn
|
|upkeep
|turn|22
|
|t:|1758266617
|move|p2a: Ogerpon|Ivy Cudgel|p1a: Landorus|[anim] Ivy Cudgel Water
|-supereffective|p1a: Landorus
|-damage|p1a: Landorus|0 fnt
|faint|p1a: Landorus
|
|upkeep
|
|t:|1758266621
|switch|p1a: Raging Bolt|Raging Bolt|100/100
|-damage|p1a: Raging Bolt|88/100|[from] Spikes
|-damage|p1a: Raging Bolt|76/100|[from] Stealth Rock
|turn|23
|
|t:|1758266626
|move|p2a: Ogerpon|Swords Dance|p2a: Ogerpon
|-boost|p2a: Ogerpon|atk|2
|move|p1a: Raging Bolt|Draco Meteor|p2a: Ogerpon
|-damage|p2a: Ogerpon|0 fnt
|-unboost|p1a: Raging Bolt|spa|2
|faint|p2a: Ogerpon
|
|-heal|p1a: Raging Bolt|82/100|[from] Grassy Terrain
|upkeep
|
|t:|1758266631
|switch|p2a: Landorus|Landorus-Therian, M|84/100
|-ability|p2a: Landorus|Intimidate|boost
|-unboost|p1a: Raging Bolt|atk|1
|turn|24
|
|t:|1758266637
|-terastallize|p2a: Landorus|Flying
|move|p2a: Landorus|Tera Blast|p1a: Raging Bolt|[anim] Tera Blast Flying
|-resisted|p1a: Raging Bolt
|-damage|p1a: Raging Bolt|51/100
|move|p1a: Raging Bolt|Draco Meteor|p2a: Landorus
|-damage|p2a: Landorus|12/100
|-unboost|p1a: Raging Bolt|spa|2
|
|-heal|p1a: Raging Bolt|57/100|[from] Grassy Terrain
|-fieldend|move: Grassy Terrain
|upkeep
|turn|25
|
|t:|1758266646
|move|p2a: Landorus|Tera Blast|p1a: Raging Bolt|[anim] Tera Blast Flying
|-resisted|p1a: Raging Bolt
|-damage|p1a: Raging Bolt|24/100
|move|p1a: Raging Bolt|Draco Meteor|p2a: Landorus
|-damage|p2a: Landorus|0 fnt
|-unboost|p1a: Raging Bolt|spa|2
|faint|p2a: Landorus
|
|win|Ctannn
|raw|Ctannn's rating: 1738 &rarr; <strong>1759</strong><br />(+21 for winning)
|raw|saeyouwontletgo's rating: 1760 &rarr; <strong>1739</strong><br />(-21 for losing)
|l|☆saeyouwontletgo
|player|p2|
|l|☆Ctannn
|player|p1|
