|j|☆TheOmniOyster
|j|☆lemontits1
|t:|1758307028
|gametype|singles
|player|p1|TheOmniOyster|102|1125
|player|p2|lemontits1|1|1159
|gen|9
|tier|[Gen 9] OU
|rated|
|rule|HP Percentage Mod: HP is shown in percentages
|rule|Endless Battle Clause: Forcing endless battles is banned
|rule|Species Clause: Limit one of each Pokémon
|rule|OHKO Clause: OHKO moves are banned
|rule|Evasion Items Clause: Evasion items are banned
|rule|Evasion Moves Clause: Evasion moves are banned
|rule|Evasion Abilities Clause: Evasion abilities are banned
|rule|Sleep Moves Clause: Sleep-inducing moves are banned
|clearpoke
|poke|p1|Trevenant, M|
|poke|p1|Maushold|
|poke|p1|Blaziken, F|
|poke|p1|Kingambit, M|
|poke|p1|Raging Bolt|
|poke|p1|Rotom-Wash|
|poke|p2|Decidueye-Hisui, M|
|poke|p2|Zapdos|
|poke|p2|Garchomp, F|
|poke|p2|Arcanine, M|
|poke|p2|Hydrapple, M|
|poke|p2|Delibird, F|
|teampreview
|
|t:|1758307033
|teamsize|p1|6
|teamsize|p2|6
|start
|switch|p1a: Maushold|Maushold|100/100
|switch|p2a: Garchomp|Garchomp, F|100/100
|turn|1
|
|t:|1758307041
|move|p1a: Maushold|Tidy Up|p1a: Maushold
|-boost|p1a: Maushold|atk|1
|-boost|p1a: Maushold|spe|1
|move|p2a: Garchomp|Dragon Tail|p1a: Maushold
|-damage|p1a: Maushold|58/100
|drag|p1a: Trevenant|Trevenant, M|100/100
|
|upkeep
|turn|2
|
|t:|1758307049
|move|p2a: Garchomp|Stealth Rock|p1a: Trevenant
|-sidestart|p1: TheOmniOyster|move: Stealth Rock
|move|p1a: Trevenant|Leech Seed|p2a: Garchomp
|-start|p2a: Garchomp|move: Leech Seed
|
|-damage|p2a: Garchomp|88/100|[from] Leech Seed|[of] p1a: Trevenant
|upkeep
|turn|3
|
|t:|1758307055
|move|p1a: Trevenant|Curse|p2a: Garchomp
|-start|p2a: Garchomp|Curse|[of] p1a: Trevenant
|-damage|p1a: Trevenant|50/100
|-enditem|p1a: Trevenant|Sitrus Berry|[eat]
|-heal|p1a: Trevenant|75/100|[from] item: Sitrus Berry
|move|p2a: Garchomp|Dragon Tail|p1a: Trevenant
|-damage|p1a: Trevenant|43/100
|drag|p1a: Rotom|Rotom-Wash|100/100
|-damage|p1a: Rotom|88/100|[from] Stealth Rock
|
|-heal|p1a: Rotom|94/100|[from] item: Leftovers
|-damage|p2a: Garchomp|76/100|[from] Leech Seed|[of] p1a: Rotom
|-heal|p1a: Rotom|100/100|[silent]
|-damage|p2a: Garchomp|51/100|[from] Curse
|upkeep
|turn|4
|
|t:|1758307066
|move|p1a: Rotom|Will-O-Wisp|p2a: Garchomp
|-status|p2a: Garchomp|brn
|move|p2a: Garchomp|Dragon Tail|p1a: Rotom
|-damage|p1a: Rotom|87/100
|drag|p1a: Raging Bolt|Raging Bolt|100/100
|-damage|p1a: Raging Bolt|88/100|[from] Stealth Rock
|-enditem|p1a: Raging Bolt|Booster Energy
|-activate|p1a: Raging Bolt|ability: Protosynthesis|[fromitem]
|-start|p1a: Raging Bolt|protosynthesisspa
|
|-damage|p2a: Garchomp|38/100 brn|[from] Leech Seed|[of] p1a: Raging Bolt
|-heal|p1a: Raging Bolt|99/100|[silent]
|-damage|p2a: Garchomp|32/100 brn|[from] brn
|-damage|p2a: Garchomp|7/100 brn|[from] Curse
|upkeep
|turn|5
|
|t:|1758307076
|move|p1a: Raging Bolt|Hyper Voice|p2a: Garchomp
|-damage|p2a: Garchomp|0 fnt
|faint|p2a: Garchomp
|
|upkeep
|
|t:|1758307096
|switch|p2a: Zapdos|Zapdos|100/100
|turn|6
|
|t:|1758307102
|move|p2a: Zapdos|Tailwind|p2a: Zapdos
|-sidestart|p2: lemontits1|move: Tailwind
|move|p1a: Raging Bolt|Draco Meteor|p2a: Zapdos
|-damage|p2a: Zapdos|0 fnt
|-unboost|p1a: Raging Bolt|spa|2
|faint|p2a: Zapdos
|
|upkeep
|
|t:|1758307116
|switch|p2a: Delibird|Delibird, F|100/100
|turn|7
|
|t:|1758307123
|-end|p1a: Raging Bolt|Protosynthesis|[silent]
|switch|p1a: Kingambit|Kingambit, M|100/100
|-damage|p1a: Kingambit|94/100|[from] Stealth Rock
|move|p2a: Delibird|Triple Axel|p1a: Kingambit
|-resisted|p1a: Kingambit
|-damage|p1a: Kingambit|92/100
|-resisted|p1a: Kingambit
|-damage|p1a: Kingambit|88/100
|-resisted|p1a: Kingambit
|-damage|p1a: Kingambit|81/100
|-hitcount|p1a: Kingambit|3
|
|upkeep
|turn|8
|
|t:|1758307133
|switch|p2a: Decidueye|Decidueye-Hisui, M|100/100
|move|p1a: Kingambit|Swords Dance|p1a: Kingambit
|-boost|p1a: Kingambit|atk|2
|
|upkeep
|turn|9
|
|t:|1758307143
|-end|p1a: Kingambit|fallenundefined|[silent]
|switch|p1a: Trevenant|Trevenant, M|43/100
|-damage|p1a: Trevenant|31/100|[from] Stealth Rock
|move|p2a: Decidueye|Triple Arrows|p1a: Trevenant
|-damage|p1a: Trevenant|0 fnt
|faint|p1a: Trevenant
|
|-sideend|p2: lemontits1|move: Tailwind
|upkeep
|
|t:|1758307150
|switch|p1a: Maushold|Maushold|58/100
|-damage|p1a: Maushold|45/100|[from] Stealth Rock
|turn|10
|
|t:|1758307155
|move|p1a: Maushold|Tidy Up|p1a: Maushold
|-sideend|p1: TheOmniOyster|Stealth Rock
|-activate|p1a: Maushold|move: Tidy Up
|-boost|p1a: Maushold|atk|1
|-boost|p1a: Maushold|spe|1
|move|p2a: Decidueye|Knock Off|p1a: Maushold
|-damage|p1a: Maushold|0 fnt
|-enditem|p1a: Maushold|Focus Sash|[from] move: Knock Off|[of] p2a: Decidueye
|faint|p1a: Maushold
|
|upkeep
|
|t:|1758307160
|switch|p1a: Rotom|Rotom-Wash|87/100
|turn|11
|
|t:|1758307165
|-terastallize|p1a: Rotom|Grass
|move|p2a: Decidueye|Trailblaze|p1a: Rotom
|-resisted|p1a: Rotom
|-damage|p1a: Rotom|74/100
|-boost|p2a: Decidueye|spe|1
|move|p1a: Rotom|Will-O-Wisp|p2a: Decidueye
|-status|p2a: Decidueye|brn
|
|-heal|p1a: Rotom|80/100|[from] item: Leftovers
|-damage|p2a: Decidueye|95/100 brn|[from] brn
|upkeep
|turn|12
|
|t:|1758307174
|move|p2a: Decidueye|Knock Off|p1a: Rotom
|-damage|p1a: Rotom|63/100
|-enditem|p1a: Rotom|Leftovers|[from] move: Knock Off|[of] p2a: Decidueye
|move|p1a: Rotom|Volt Switch|p2a: Decidueye
|-resisted|p2a: Decidueye
|-damage|p2a: Decidueye|84/100 brn
|
|t:|1758307179
|switch|p1a: Blaziken|Blaziken, F|100/100|[from] Volt Switch
|
|-damage|p2a: Decidueye|78/100 brn|[from] brn
|upkeep
|turn|13
|
|t:|1758307186
|move|p2a: Decidueye|Triple Arrows|p1a: Blaziken
|-damage|p1a: Blaziken|63/100
|-unboost|p1a: Blaziken|def|1
|cant|p1a: Blaziken|flinch
|
|-damage|p2a: Decidueye|72/100 brn|[from] brn
|-ability|p1a: Blaziken|Speed Boost|boost
|-boost|p1a: Blaziken|spe|1
|upkeep
|turn|14
|
|t:|1758307193
|move|p1a: Blaziken|Protect|p1a: Blaziken
|-singleturn|p1a: Blaziken|Protect
|move|p2a: Decidueye|Triple Arrows|p1a: Blaziken
|-activate|p1a: Blaziken|move: Protect
|
|-damage|p2a: Decidueye|66/100 brn|[from] brn
|-ability|p1a: Blaziken|Speed Boost|boost
|-boost|p1a: Blaziken|spe|1
|upkeep
|turn|15
|
|t:|1758307199
|move|p1a: Blaziken|Brave Bird|p2a: Decidueye
|-supereffective|p2a: Decidueye
|-damage|p2a: Decidueye|0 fnt
|faint|p2a: Decidueye
|-damage|p1a: Blaziken|40/100|[from] Recoil
|-damage|p1a: Blaziken|30/100|[from] item: Life Orb
|
|-ability|p1a: Blaziken|Speed Boost|boost
|-boost|p1a: Blaziken|spe|1
|upkeep
|
|t:|1758307203
|switch|p2a: Delibird|Delibird, F|100/100
|turn|16
|
|t:|1758307208
|move|p2a: Delibird|Fake Out|p1a: Blaziken
|-damage|p1a: Blaziken|11/100
|cant|p1a: Blaziken|flinch
|
|-ability|p1a: Blaziken|Speed Boost|boost
|-boost|p1a: Blaziken|spe|1
|upkeep
|turn|17
|
|t:|1758307215
|move|p1a: Blaziken|Flare Blitz|p2a: Delibird
|-supereffective|p2a: Delibird
|-damage|p2a: Delibird|0 fnt
|faint|p2a: Delibird
|-damage|p1a: Blaziken|0 fnt|[from] Recoil
|faint|p1a: Blaziken
|
|upkeep
|
|t:|1758307224
|switch|p1a: Raging Bolt|Raging Bolt|99/100
|switch|p2a: Arcanine|Arcanine, M|100/100
|-ability|p2a: Arcanine|Intimidate|boost
|-unboost|p1a: Raging Bolt|atk|1
|turn|18
|
|t:|1758307231
|move|p2a: Arcanine|Play Rough|p1a: Raging Bolt
|-supereffective|p1a: Raging Bolt
|-damage|p1a: Raging Bolt|53/100
|move|p1a: Raging Bolt|Draco Meteor|p2a: Arcanine
|-damage|p2a: Arcanine|15/100
|-unboost|p1a: Raging Bolt|spa|2
|
|-heal|p2a: Arcanine|21/100|[from] item: Leftovers
|upkeep
|turn|19
|
|t:|1758307242
|switch|p2a: Hydrapple|Hydrapple, M|100/100
|-end|p1a: Raging Bolt|Protosynthesis|[silent]
|switch|p1a: Rotom|Rotom-Wash, tera:Grass|63/100
|
|upkeep
|turn|20
|
|t:|1758307247
|move|p1a: Rotom|Will-O-Wisp|p2a: Hydrapple
|-status|p2a: Hydrapple|brn
|move|p2a: Hydrapple|Nasty Plot|p2a: Hydrapple
|-boost|p2a: Hydrapple|spa|2
|
|-damage|p2a: Hydrapple|94/100 brn|[from] brn
|upkeep
|turn|21
|
|t:|1758307257
|move|p1a: Rotom|Volt Switch|p2a: Hydrapple
|-resisted|p2a: Hydrapple
|-crit|p2a: Hydrapple
|-damage|p2a: Hydrapple|85/100 brn
|
|t:|1758307259
|switch|p1a: Raging Bolt|Raging Bolt|53/100|[from] Volt Switch
|move|p2a: Hydrapple|Earth Power|p1a: Raging Bolt
|-supereffective|p1a: Raging Bolt
|-damage|p1a: Raging Bolt|0 fnt
|faint|p1a: Raging Bolt
|-end|p1a: Raging Bolt|Protosynthesis|[silent]
|
|-damage|p2a: Hydrapple|79/100 brn|[from] brn
|upkeep
|
|t:|1758307263
|switch|p1a: Rotom|Rotom-Wash, tera:Grass|63/100
|turn|22
|
|t:|1758307267
|move|p1a: Rotom|Hydro Pump|p2a: Hydrapple|[miss]
|-miss|p1a: Rotom|p2a: Hydrapple
|move|p2a: Hydrapple|Fickle Beam|p1a: Rotom
|-damage|p1a: Rotom|0 fnt
|faint|p1a: Rotom
|
|-damage|p2a: Hydrapple|73/100 brn|[from] brn
|upkeep
|
|t:|1758307269
|switch|p1a: Kingambit|Kingambit, M|81/100
|-activate|p1a: Kingambit|ability: Supreme Overlord
|-start|p1a: Kingambit|fallen5|[silent]
|turn|23
|
|t:|1758307277
|move|p1a: Kingambit|Sucker Punch|p2a: Hydrapple
|-damage|p2a: Hydrapple|11/100 brn
|-damage|p1a: Kingambit|72/100|[from] item: Life Orb
|move|p2a: Hydrapple|Earth Power|p1a: Kingambit
|-supereffective|p1a: Kingambit
|-damage|p1a: Kingambit|0 fnt
|faint|p1a: Kingambit
|-end|p1a: Kingambit|fallen5|[silent]
|
|win|lemontits1
|raw|TheOmniOyster's rating: 1125 &rarr; <strong>1102</strong><br />(-23 for losing)
|raw|lemontits1's rating: 1159 &rarr; <strong>1182</strong><br />(+23 for winning)
|l|☆TheOmniOyster
|player|p1|
|c|☆lemontits1|gg
|l|☆lemontits1
|player|p2|
