|j|☆Argentide
|j|☆sveinung12321
|t:|1758375918
|gametype|singles
|player|p1|Argentide|selene-masters|1532
|player|p2|sveinung12321|169|1483
|gen|9
|tier|[Gen 9] OU
|rated|
|rule|HP Percentage Mod: HP is shown in percentages
|rule|Endless Battle Clause: Forcing endless battles is banned
|rule|Species Clause: Limit one of each Pokémon
|rule|OHKO Clause: OHKO moves are banned
|rule|Evasion Items Clause: Evasion items are banned
|rule|Evasion Moves Clause: Evasion moves are banned
|rule|Evasion Abilities Clause: Evasion abilities are banned
|rule|Sleep Moves Clause: Sleep-inducing moves are banned
|clearpoke
|poke|p1|Dragonite, F|
|poke|p1|Enamorus, F|
|poke|p1|Samurott-Hisui, F|
|poke|p1|Great Tusk|
|poke|p1|Raging Bolt|
|poke|p1|Kyurem|
|poke|p2|Iron Valiant|
|poke|p2|Iron Crown|
|poke|p2|Corviknight, M|
|poke|p2|Pecharunt|
|poke|p2|Garganacl, M|
|poke|p2|Hippowdon, F|
|teampreview
|inactive|Battle timer is ON: inactive players will automatically lose when time's up. (requested by sveinung12321)
|
|t:|1758375930
|teamsize|p1|6
|teamsize|p2|6
|start
|switch|p1a: Kyurem|Kyurem|100/100
|switch|p2a: Iron Valiant|Iron Valiant|100/100
|-ability|p1a: Kyurem|Pressure
|turn|1
|
|t:|1758375954
|switch|p1a: Enamorus|Enamorus, F|100/100
|move|p2a: Iron Valiant|Moonblast|p1a: Enamorus
|-damage|p1a: Enamorus|38/100
|
|upkeep
|turn|2
|
|t:|1758375965
|-end|p2a: Iron Valiant|Quark Drive|[silent]
|switch|p2a: Garganacl|Garganacl, M|100/100
|move|p1a: Enamorus|Moonblast|p2a: Garganacl
|-damage|p2a: Garganacl|52/100
|
|-heal|p2a: Garganacl|58/100|[from] item: Leftovers
|upkeep
|turn|3
|
|t:|1758375969
|-terastallize|p1a: Enamorus|Fairy
|move|p1a: Enamorus|Moonblast|p2a: Garganacl
|-damage|p2a: Garganacl|0 fnt
|faint|p2a: Garganacl
|
|upkeep
|
|t:|1758375972
|switch|p2a: Pecharunt|Pecharunt|100/100
|-item|p2a: Pecharunt|Air Balloon
|turn|4
|
|t:|1758375996
|switch|p1a: Great Tusk|Great Tusk|100/100
|-enditem|p1a: Great Tusk|Booster Energy
|-activate|p1a: Great Tusk|ability: Protosynthesis|[fromitem]
|-start|p1a: Great Tusk|protosynthesisspe
|move|p2a: Pecharunt|Malignant Chain|p1a: Great Tusk
|-resisted|p1a: Great Tusk
|-damage|p1a: Great Tusk|79/100
|
|upkeep
|turn|5
|
|t:|1758376008
|move|p1a: Great Tusk|Ice Spinner|p2a: Pecharunt
|-crit|p2a: Pecharunt
|-damage|p2a: Pecharunt|83/100
|-enditem|p2a: Pecharunt|Air Balloon
|move|p2a: Pecharunt|Malignant Chain|p1a: Great Tusk
|-resisted|p1a: Great Tusk
|-damage|p1a: Great Tusk|57/100
|-status|p1a: Great Tusk|tox
|-start|p1a: Great Tusk|confusion|[from] ability: Poison Puppeteer|[of] p2a: Pecharunt
|
|-damage|p1a: Great Tusk|51/100 tox|[from] psn
|upkeep
|turn|6
|
|t:|1758376013
|switch|p2a: Corviknight|Corviknight, M|100/100
|-ability|p2a: Corviknight|Pressure
|-activate|p1a: Great Tusk|confusion
|move|p1a: Great Tusk|Stealth Rock|p2a: Corviknight
|-sidestart|p2: sveinung12321|move: Stealth Rock
|
|-damage|p1a: Great Tusk|39/100 tox|[from] psn
|upkeep
|turn|7
|
|t:|1758376017
|-activate|p1a: Great Tusk|confusion
|-damage|p1a: Great Tusk|31/100 tox|[from] confusion
|move|p2a: Corviknight|Defog|p1a: Great Tusk
|-unboost|p1a: Great Tusk|evasion|1
|-sideend|p2: sveinung12321|Stealth Rock|[from] move: Defog|[of] p2a: Corviknight
|
|-damage|p1a: Great Tusk|13/100 tox|[from] psn
|upkeep
|turn|8
|
|t:|1758376023
|-end|p1a: Great Tusk|Protosynthesis|[silent]
|switch|p1a: Raging Bolt|Raging Bolt|100/100
|-enditem|p1a: Raging Bolt|Booster Energy
|-activate|p1a: Raging Bolt|ability: Protosynthesis|[fromitem]
|-start|p1a: Raging Bolt|protosynthesisspa
|move|p2a: Corviknight|Defog|p1a: Raging Bolt
|-unboost|p1a: Raging Bolt|evasion|1
|
|upkeep
|turn|9
|
|t:|1758376036
|switch|p2a: Hippowdon|Hippowdon, F|100/100
|-weather|Sandstorm|[from] ability: Sand Stream|[of] p2a: Hippowdon
|move|p1a: Raging Bolt|Dragon Pulse|p2a: Hippowdon
|-damage|p2a: Hippowdon|54/100
|
|-weather|Sandstorm|[upkeep]
|-damage|p1a: Raging Bolt|94/100|[from] Sandstorm
|-heal|p2a: Hippowdon|60/100|[from] item: Leftovers
|upkeep
|turn|10
|
|t:|1758376044
|-end|p1a: Raging Bolt|Protosynthesis|[silent]
|switch|p1a: Enamorus|Enamorus, F, tera:Fairy|38/100
|move|p2a: Hippowdon|Slack Off|p2a: Hippowdon
|-heal|p2a: Hippowdon|100/100
|
|-weather|Sandstorm|[upkeep]
|-damage|p1a: Enamorus|32/100|[from] Sandstorm
|upkeep
|turn|11
|
|t:|1758376051
|move|p1a: Enamorus|Moonblast|p2a: Hippowdon
|-damage|p2a: Hippowdon|30/100
|move|p2a: Hippowdon|Earthquake|p1a: Enamorus
|-damage|p1a: Enamorus|0 fnt
|faint|p1a: Enamorus
|
|-weather|Sandstorm|[upkeep]
|-heal|p2a: Hippowdon|36/100|[from] item: Leftovers
|upkeep
|
|t:|1758376057
|switch|p1a: Kyurem|Kyurem|100/100
|-ability|p1a: Kyurem|Pressure
|turn|12
|
|t:|1758376062
|switch|p2a: Corviknight|Corviknight, M|100/100
|-ability|p2a: Corviknight|Pressure
|move|p1a: Kyurem|Freeze-Dry|p2a: Corviknight
|-damage|p2a: Corviknight|65/100
|
|-weather|Sandstorm|[upkeep]
|-damage|p1a: Kyurem|94/100|[from] Sandstorm
|upkeep
|turn|13
|
|t:|1758376071
|move|p1a: Kyurem|Freeze-Dry|p2a: Corviknight
|-damage|p2a: Corviknight|29/100
|move|p2a: Corviknight|Body Press|p1a: Kyurem
|-supereffective|p1a: Kyurem
|-damage|p1a: Kyurem|37/100
|
|-weather|none
|upkeep
|turn|14
|
|t:|1758376081
|switch|p2a: Iron Crown|Iron Crown|100/100
|move|p1a: Kyurem|Freeze-Dry|p2a: Iron Crown
|-resisted|p2a: Iron Crown
|-damage|p2a: Iron Crown|82/100
|
|upkeep
|turn|15
|
|t:|1758376087
|switch|p1a: Great Tusk|Great Tusk|13/100 tox
|move|p2a: Iron Crown|Volt Switch|p1a: Great Tusk
|-immune|p1a: Great Tusk
|
|-damage|p1a: Great Tusk|7/100 tox|[from] psn
|upkeep
|turn|16
|
|t:|1758376095
|-end|p2a: Iron Crown|Quark Drive|[silent]
|switch|p2a: Corviknight|Corviknight, M|29/100
|-ability|p2a: Corviknight|Pressure
|move|p1a: Great Tusk|Ice Spinner|p2a: Corviknight
|-damage|p2a: Corviknight|15/100
|-damage|p1a: Great Tusk|0 fnt|[from] item: Rocky Helmet|[of] p2a: Corviknight
|faint|p1a: Great Tusk
|-end|p1a: Great Tusk|Protosynthesis|[silent]
|
|upkeep
|
|t:|1758376110
|switch|p1a: Kyurem|Kyurem|37/100
|-ability|p1a: Kyurem|Pressure
|turn|17
|
|t:|1758376118
|move|p1a: Kyurem|Freeze-Dry|p2a: Corviknight
|-damage|p2a: Corviknight|0 fnt
|faint|p2a: Corviknight
|
|upkeep
|
|t:|1758376122
|switch|p2a: Iron Crown|Iron Crown|82/100
|turn|18
|
|t:|1758376131
|move|p2a: Iron Crown|Tachyon Cutter|p1a: Kyurem
|-supereffective|p1a: Kyurem
|-damage|p1a: Kyurem|0 fnt
|faint|p1a: Kyurem
|-hitcount|p1: Kyurem|1
|
|upkeep
|
|t:|1758376136
|switch|p1a: Samurott|Samurott-Hisui, F|100/100
|turn|19
|
|t:|1758376145
|-end|p2a: Iron Crown|Quark Drive|[silent]
|switch|p2a: Hippowdon|Hippowdon, F|36/100
|-weather|Sandstorm|[from] ability: Sand Stream|[of] p2a: Hippowdon
|move|p1a: Samurott|Ceaseless Edge|p2a: Hippowdon
|-damage|p2a: Hippowdon|5/100
|-sidestart|p2: sveinung12321|Spikes
|
|-weather|Sandstorm|[upkeep]
|-damage|p1a: Samurott|94/100|[from] Sandstorm
|-heal|p2a: Hippowdon|12/100|[from] item: Leftovers
|upkeep
|turn|20
|
|t:|1758376152
|move|p1a: Samurott|Ceaseless Edge|p2a: Hippowdon
|-damage|p2a: Hippowdon|0 fnt
|-sidestart|p2: sveinung12321|Spikes
|faint|p2a: Hippowdon
|
|-weather|Sandstorm|[upkeep]
|-damage|p1a: Samurott|88/100|[from] Sandstorm
|upkeep
|
|t:|1758376154
|switch|p2a: Iron Valiant|Iron Valiant|100/100
|turn|21
|
|t:|1758376160
|move|p1a: Samurott|Aqua Jet|p2a: Iron Valiant
|-damage|p2a: Iron Valiant|78/100
|move|p2a: Iron Valiant|Moonblast|p1a: Samurott
|-supereffective|p1a: Samurott
|-damage|p1a: Samurott|0 fnt
|faint|p1a: Samurott
|
|-weather|Sandstorm|[upkeep]
|-damage|p2a: Iron Valiant|72/100|[from] Sandstorm
|upkeep
|
|t:|1758376171
|switch|p1a: Dragonite|Dragonite, F|100/100
|turn|22
|
|t:|1758376197
|move|p1a: Dragonite|Extreme Speed|p2a: Iron Valiant
|-damage|p2a: Iron Valiant|10/100
|move|p2a: Iron Valiant|Moonblast|p1a: Dragonite
|-supereffective|p1a: Dragonite
|-damage|p1a: Dragonite|57/100
|
|-weather|Sandstorm|[upkeep]
|-damage|p2a: Iron Valiant|4/100|[from] Sandstorm
|-damage|p1a: Dragonite|51/100|[from] Sandstorm
|upkeep
|turn|23
|
|t:|1758376204
|-end|p2a: Iron Valiant|Quark Drive|[silent]
|switch|p2a: Pecharunt|Pecharunt|83/100
|-damage|p2a: Pecharunt|66/100|[from] Spikes
|move|p1a: Dragonite|Extreme Speed|p2a: Pecharunt
|-immune|p2a: Pecharunt
|
|-weather|none
|upkeep
|turn|24
|
|t:|1758376208
|switch|p1a: Raging Bolt|Raging Bolt|94/100
|move|p2a: Pecharunt|Malignant Chain|p1a: Raging Bolt
|-damage|p1a: Raging Bolt|66/100
|
|upkeep
|turn|25
|
|t:|1758376215
|move|p1a: Raging Bolt|Thunderbolt|p2a: Pecharunt
|-damage|p2a: Pecharunt|14/100
|move|p2a: Pecharunt|Malignant Chain|p1a: Raging Bolt
|-damage|p1a: Raging Bolt|33/100
|-status|p1a: Raging Bolt|tox
|-start|p1a: Raging Bolt|confusion|[from] ability: Poison Puppeteer|[of] p2a: Pecharunt
|
|-damage|p1a: Raging Bolt|27/100 tox|[from] psn
|upkeep
|turn|26
|
|t:|1758376220
|-activate|p1a: Raging Bolt|confusion
|move|p1a: Raging Bolt|Thunderbolt|p2a: Pecharunt
|-damage|p2a: Pecharunt|0 fnt
|faint|p2a: Pecharunt
|
|-damage|p1a: Raging Bolt|15/100 tox|[from] psn
|upkeep
|
|t:|1758376227
|switch|p2a: Iron Valiant|Iron Valiant|4/100
|turn|27
|
|t:|1758376241
|-activate|p1a: Raging Bolt|confusion
|-damage|p1a: Raging Bolt|10/100 tox|[from] confusion
|move|p2a: Iron Valiant|Destiny Bond|p2a: Iron Valiant
|-singlemove|p2a: Iron Valiant|Destiny Bond
|
|-damage|p1a: Raging Bolt|0 fnt|[from] psn
|faint|p1a: Raging Bolt
|-end|p1a: Raging Bolt|Protosynthesis|[silent]
|upkeep
|
|t:|1758376243
|switch|p1a: Dragonite|Dragonite, F|51/100
|turn|28
|
|t:|1758376245
|move|p1a: Dragonite|Extreme Speed|p2a: Iron Valiant
|-damage|p2a: Iron Valiant|0 fnt
|faint|p2a: Iron Valiant
|-activate|p2a: Iron Valiant|move: Destiny Bond
|-end|p2a: Iron Valiant|Quark Drive|[silent]
|faint|p1a: Dragonite
|
|win|sveinung12321
|raw|Argentide's rating: 1532 &rarr; <strong>1509</strong><br />(-23 for losing)
|raw|sveinung12321's rating: 1483 &rarr; <strong>1506</strong><br />(+23 for winning)
|c|☆sveinung12321|gg
|c|☆Argentide|GG
|l|☆sveinung12321
|player|p2|
|l|☆Argentide
|player|p1|
