|j|☆Un Sospiro
|j|☆hehe moon
|t:|1758302380
|gametype|singles
|player|p1|Un Sospiro|1|1603
|player|p2|hehe moon|cheryl|1553
|gen|9
|tier|[Gen 9] OU
|rated|
|rule|HP Percentage Mod: HP is shown in percentages
|rule|Endless Battle Clause: Forcing endless battles is banned
|rule|Species Clause: Limit one of each Pokémon
|rule|OHKO Clause: OHKO moves are banned
|rule|Evasion Items Clause: Evasion items are banned
|rule|Evasion Moves Clause: Evasion moves are banned
|rule|Evasion Abilities Clause: Evasion abilities are banned
|rule|Sleep Moves Clause: Sleep-inducing moves are banned
|clearpoke
|poke|p1|Iron Hands|
|poke|p1|Ogerpon-Wellspring, F|
|poke|p1|Great Tusk|
|poke|p1|Moltres|
|poke|p1|Darkrai|
|poke|p1|Tinkaton, F|
|poke|p2|Slowking-Galar, M|
|poke|p2|Tinkaton, F|
|poke|p2|Moltres|
|poke|p2|Kyurem|
|poke|p2|Dragapult, M|
|poke|p2|Raging Bolt|
|teampreview
|inactive|Battle timer is ON: inactive players will automatically lose when time's up. (requested by hehe moon)
|
|t:|1758302391
|teamsize|p1|6
|teamsize|p2|6
|start
|switch|p1a: Lebron|Iron Hands|100/100
|switch|p2a: Kyurem|Kyurem|100/100
|-ability|p2a: Kyurem|Pressure
|-enditem|p1a: Lebron|Booster Energy
|-activate|p1a: Lebron|ability: Quark Drive|[fromitem]
|-start|p1a: Lebron|quarkdriveatk
|turn|1
|
|t:|1758302407
|switch|p2a: Moltres|Moltres|100/100
|move|p1a: Lebron|Close Combat|p2a: Moltres
|-resisted|p2a: Moltres
|-damage|p2a: Moltres|65/100
|-unboost|p1a: Lebron|def|1
|-unboost|p1a: Lebron|spd|1
|
|upkeep
|turn|2
|
|t:|1758302410
|move|p2a: Moltres|Roost|p2a: Moltres
|-heal|p2a: Moltres|100/100
|-singleturn|p2a: Moltres|move: Roost
|move|p1a: Lebron|Supercell Slam|p2a: Moltres
|-damage|p2a: Moltres|45/100
|-status|p1a: Lebron|brn|[from] ability: Flame Body|[of] p2a: Moltres
|
|-damage|p1a: Lebron|94/100 brn|[from] brn
|upkeep
|turn|3
|
|t:|1758302416
|move|p2a: Moltres|Roost|p2a: Moltres
|-heal|p2a: Moltres|95/100
|-singleturn|p2a: Moltres|move: Roost
|move|p1a: Lebron|Supercell Slam|p2a: Moltres
|-damage|p2a: Moltres|68/100
|
|-damage|p1a: Lebron|88/100 brn|[from] brn
|upkeep
|turn|4
|
|t:|1758302419
|move|p2a: Moltres|Flamethrower|p1a: Lebron
|-damage|p1a: Lebron|41/100 brn
|move|p1a: Lebron|Supercell Slam|p2a: Moltres
|-supereffective|p2a: Moltres
|-damage|p2a: Moltres|11/100
|
|-damage|p1a: Lebron|34/100 brn|[from] brn
|upkeep
|turn|5
|
|t:|1758302421
|move|p2a: Moltres|Roost|p2a: Moltres
|-heal|p2a: Moltres|61/100
|-singleturn|p2a: Moltres|move: Roost
|move|p1a: Lebron|Earthquake|p2a: Moltres
|-supereffective|p2a: Moltres
|-damage|p2a: Moltres|22/100
|
|-damage|p1a: Lebron|28/100 brn|[from] brn
|upkeep
|turn|6
|
|t:|1758302423
|move|p2a: Moltres|Roost|p2a: Moltres
|-heal|p2a: Moltres|72/100
|-singleturn|p2a: Moltres|move: Roost
|move|p1a: Lebron|Earthquake|p2a: Moltres
|-supereffective|p2a: Moltres
|-damage|p2a: Moltres|35/100
|
|-damage|p1a: Lebron|22/100 brn|[from] brn
|upkeep
|turn|7
|
|t:|1758302425
|move|p2a: Moltres|Roost|p2a: Moltres
|-heal|p2a: Moltres|85/100
|-singleturn|p2a: Moltres|move: Roost
|move|p1a: Lebron|Earthquake|p2a: Moltres
|-supereffective|p2a: Moltres
|-damage|p2a: Moltres|51/100
|
|-damage|p1a: Lebron|16/100 brn|[from] brn
|upkeep
|turn|8
|
|t:|1758302428
|move|p2a: Moltres|Roost|p2a: Moltres
|-heal|p2a: Moltres|100/100
|-singleturn|p2a: Moltres|move: Roost
|move|p1a: Lebron|Earthquake|p2a: Moltres
|-supereffective|p2a: Moltres
|-damage|p2a: Moltres|67/100
|
|-damage|p1a: Lebron|9/100 brn|[from] brn
|upkeep
|turn|9
|
|t:|1758302431
|move|p2a: Moltres|Flamethrower|p1a: Lebron
|-damage|p1a: Lebron|0 fnt
|faint|p1a: Lebron
|-end|p1a: Lebron|Quark Drive|[silent]
|
|upkeep
|
|t:|1758302435
|switch|p1a: Nelliel|Ogerpon-Wellspring, F|100/100
|turn|10
|
|t:|1758302439
|switch|p2a: Slowking|Slowking-Galar, M|100/100
|move|p1a: Nelliel|Ivy Cudgel|p2a: Slowking|[anim] Ivy Cudgel Water
|-damage|p2a: Slowking|45/100
|
|upkeep
|turn|11
|
|t:|1758302444
|switch|p2a: Tinkaton|Tinkaton, F|100/100
|-item|p2a: Tinkaton|Air Balloon
|move|p1a: Nelliel|Ivy Cudgel|p2a: Tinkaton|[anim] Ivy Cudgel Water
|-damage|p2a: Tinkaton|42/100
|-enditem|p2a: Tinkaton|Air Balloon
|
|upkeep
|turn|12
|
|t:|1758302448
|move|p1a: Nelliel|Ivy Cudgel|p2a: Tinkaton|[anim] Ivy Cudgel Water
|-damage|p2a: Tinkaton|0 fnt
|faint|p2a: Tinkaton
|
|upkeep
|
|t:|1758302450
|switch|p2a: Dragapult|Dragapult, M|100/100
|turn|13
|
|t:|1758302453
|switch|p1a: Sogequeen|Tinkaton, F|100/100
|-item|p1a: Sogequeen|Air Balloon
|move|p2a: Dragapult|U-turn|p1a: Sogequeen
|-resisted|p1a: Sogequeen
|-damage|p1a: Sogequeen|89/100
|-enditem|p1a: Sogequeen|Air Balloon
|-enditem|p2a: Dragapult|Choice Band|[silent]|[from] ability: Pickpocket|[of] p2a: Dragapult
|-item|p1a: Sogequeen|Choice Band|[from] ability: Pickpocket|[of] p2a: Dragapult
|
|t:|1758302457
|switch|p2a: Moltres|Moltres|67/100|[from] U-turn
|
|upkeep
|turn|14
|
|t:|1758302462
|move|p1a: Sogequeen|Stealth Rock|p2a: Moltres
|-sidestart|p2: hehe moon|move: Stealth Rock
|move|p2a: Moltres|Flamethrower|p1a: Sogequeen
|-supereffective|p1a: Sogequeen
|-damage|p1a: Sogequeen|13/100
|
|upkeep
|turn|15
|
|t:|1758302465
|switch|p1a: Salmonella|Moltres, shiny|100/100
|move|p2a: Moltres|U-turn|p1a: Salmonella
|-resisted|p1a: Salmonella
|-damage|p1a: Salmonella|97/100
|
|t:|1758302469
|switch|p2a: Raging Bolt|Raging Bolt|100/100|[from] U-turn
|
|upkeep
|turn|16
|
|t:|1758302472
|switch|p1a: Sogequeen|Tinkaton, F|13/100
|move|p2a: Raging Bolt|Draco Meteor|p1a: Sogequeen
|-immune|p1a: Sogequeen
|
|upkeep
|turn|17
|
|t:|1758302475
|move|p1a: Sogequeen|Encore|p2a: Raging Bolt
|-start|p2a: Raging Bolt|Encore
|move|p2a: Raging Bolt|Draco Meteor|p1a: Sogequeen
|-immune|p1a: Sogequeen
|
|upkeep
|turn|18
|
|t:|1758302483
|switch|p1a: Salmonella|Moltres, shiny|97/100
|move|p2a: Raging Bolt|Draco Meteor|p1a: Salmonella
|-crit|p1a: Salmonella
|-damage|p1a: Salmonella|9/100
|-unboost|p2a: Raging Bolt|spa|2
|
|upkeep
|turn|19
|
|t:|1758302488
|-end|p2a: Raging Bolt|Protosynthesis|[silent]
|switch|p2a: Moltres|Moltres|67/100
|move|p1a: Salmonella|Roost|p1a: Salmonella
|-heal|p1a: Salmonella|59/100
|-singleturn|p1a: Salmonella|move: Roost
|
|upkeep
|turn|20
|
|t:|1758302491
|move|p1a: Salmonella|Roost|p1a: Salmonella
|-heal|p1a: Salmonella|100/100
|-singleturn|p1a: Salmonella|move: Roost
|move|p2a: Moltres|Roost|p2a: Moltres
|-heal|p2a: Moltres|100/100
|-singleturn|p2a: Moltres|move: Roost
|
|upkeep
|turn|21
|
|t:|1758302495
|move|p1a: Salmonella|Flamethrower|p2a: Moltres
|-resisted|p2a: Moltres
|-damage|p2a: Moltres|82/100
|move|p2a: Moltres|U-turn|p1a: Salmonella
|-resisted|p1a: Salmonella
|-damage|p1a: Salmonella|97/100
|
|t:|1758302499
|switch|p2a: Raging Bolt|Raging Bolt|100/100|[from] U-turn
|
|upkeep
|turn|22
|
|t:|1758302503
|switch|p1a: Sogequeen|Tinkaton, F|13/100
|move|p2a: Raging Bolt|Volt Switch|p1a: Sogequeen
|-damage|p1a: Sogequeen|0 fnt
|faint|p1a: Sogequeen
|
|t:|1758302507
|-end|p2a: Raging Bolt|Protosynthesis|[silent]
|switch|p2a: Dragapult|Dragapult, M|100/100|[from] Volt Switch
|-damage|p2a: Dragapult|88/100|[from] Stealth Rock
|
|upkeep
|
|t:|1758302512
|switch|p1a: Oracion|Darkrai|100/100
|turn|23
|
|t:|1758302526
|move|p1a: Oracion|Dark Pulse|p2a: Dragapult
|-supereffective|p2a: Dragapult
|-damage|p2a: Dragapult|0 fnt
|faint|p2a: Dragapult
|
|upkeep
|
|t:|1758302530
|switch|p2a: Kyurem|Kyurem|100/100
|-damage|p2a: Kyurem|76/100|[from] Stealth Rock
|-ability|p2a: Kyurem|Pressure
|turn|24
|
|t:|1758302542
|move|p1a: Oracion|Dark Pulse|p2a: Kyurem
|-damage|p2a: Kyurem|37/100
|move|p2a: Kyurem|Draco Meteor|p1a: Oracion
|-damage|p1a: Oracion|0 fnt
|-unboost|p2a: Kyurem|spa|2
|faint|p1a: Oracion
|
|upkeep
|
|t:|1758302548
|switch|p1a: Nelliel|Ogerpon-Wellspring, F|100/100
|turn|25
|
|t:|1758302555
|switch|p2a: Moltres|Moltres|82/100
|move|p1a: Nelliel|Swords Dance|p1a: Nelliel
|-boost|p1a: Nelliel|atk|2
|
|upkeep
|turn|26
|
|t:|1758302560
|move|p1a: Nelliel|Ivy Cudgel|p2a: Moltres|[anim] Ivy Cudgel Water
|-supereffective|p2a: Moltres
|-crit|p2a: Moltres
|-damage|p2a: Moltres|0 fnt
|faint|p2a: Moltres
|
|upkeep
|
|t:|1758302563
|switch|p2a: Slowking|Slowking-Galar, M|79/100
|turn|27
|
|t:|1758302571
|-terastallize|p2a: Slowking|Water
|move|p1a: Nelliel|Ivy Cudgel|p2a: Slowking|[anim] Ivy Cudgel Water
|-resisted|p2a: Slowking
|-damage|p2a: Slowking|25/100
|move|p2a: Slowking|Thunder Wave|p1a: Nelliel
|-status|p1a: Nelliel|par
|
|upkeep
|turn|28
|
|t:|1758302580
|move|p1a: Nelliel|Ivy Cudgel|p2a: Slowking|[anim] Ivy Cudgel Water
|-resisted|p2a: Slowking
|-damage|p2a: Slowking|0 fnt
|faint|p2a: Slowking
|
|upkeep
|
|t:|1758302582
|switch|p2a: Kyurem|Kyurem|37/100
|-damage|p2a: Kyurem|12/100|[from] Stealth Rock
|-ability|p2a: Kyurem|Pressure
|turn|29
|
|t:|1758302587
|move|p2a: Kyurem|Freeze-Dry|p1a: Nelliel
|-supereffective|p1a: Nelliel
|-damage|p1a: Nelliel|0 fnt
|faint|p1a: Nelliel
|
|upkeep
|
|t:|1758302590
|switch|p1a: Salmonella|Moltres, shiny|97/100
|turn|30
|
|t:|1758302595
|move|p2a: Kyurem|Freeze-Dry|p1a: Salmonella
|-crit|p1a: Salmonella
|-damage|p1a: Salmonella|33/100
|move|p1a: Salmonella|Flamethrower|p2a: Kyurem
|-damage|p2a: Kyurem|0 fnt
|faint|p2a: Kyurem
|
|upkeep
|
|t:|1758302598
|switch|p2a: Raging Bolt|Raging Bolt|100/100
|turn|31
|
|t:|1758302601
|move|p2a: Raging Bolt|Thunderbolt|p1a: Salmonella
|-supereffective|p1a: Salmonella
|-damage|p1a: Salmonella|0 fnt
|faint|p1a: Salmonella
|
|upkeep
|
|t:|1758302602
|switch|p1a: Crosby|Great Tusk|100/100
|turn|32
|
|t:|1758302606
|-terastallize|p1a: Crosby|Fairy
|move|p1a: Crosby|Headlong Rush|p2a: Raging Bolt
|-supereffective|p2a: Raging Bolt
|-damage|p2a: Raging Bolt|0 fnt
|-unboost|p1a: Crosby|def|1
|-unboost|p1a: Crosby|spd|1
|faint|p2a: Raging Bolt
|-end|p2a: Raging Bolt|Protosynthesis|[silent]
|
|win|Un Sospiro
|raw|Un Sospiro's rating: 1603 &rarr; <strong>1620</strong><br />(+17 for winning)
|raw|hehe moon's rating: 1553 &rarr; <strong>1536</strong><br />(-17 for losing)
|l|☆Un Sospiro
|player|p1|
|l|☆hehe moon
|player|p2|
