|j|☆AllegianceIs2UrMom
|j|☆Catactual
|t:|1758359831
|gametype|singles
|player|p1|AllegianceIs2UrMom|102|1503
|player|p2|Catactual|2|1560
|gen|9
|tier|[Gen 9] OU
|rated|
|rule|HP Percentage Mod: HP is shown in percentages
|rule|Endless Battle Clause: Forcing endless battles is banned
|rule|Species Clause: Limit one of each Pokémon
|rule|OHKO Clause: OHKO moves are banned
|rule|Evasion Items Clause: Evasion items are banned
|rule|Evasion Moves Clause: Evasion moves are banned
|rule|Evasion Abilities Clause: Evasion abilities are banned
|rule|Sleep Moves Clause: Sleep-inducing moves are banned
|clearpoke
|poke|p1|Metagross|
|poke|p1|Hatterene, F|
|poke|p1|Iron Hands|
|poke|p1|Toedscruel, M|
|poke|p1|Pelipper, F|
|poke|p1|Ursaluna, M|
|poke|p2|Moltres|
|poke|p2|Wo-Chien|
|poke|p2|Raging Bolt|
|poke|p2|Great Tusk|
|poke|p2|Iron Crown|
|poke|p2|Dragapult, M|
|teampreview
|inactive|Battle timer is ON: inactive players will automatically lose when time's up. (requested by AllegianceIs2UrMom)
|
|t:|1758359851
|teamsize|p1|6
|teamsize|p2|6
|start
|switch|p1a: Pelipper|Pelipper, F|100/100
|switch|p2a: Dragapult|Dragapult, M|100/100
|-weather|RainDance|[from] ability: Drizzle|[of] p1a: Pelipper
|turn|1
|
|t:|1758359858
|switch|p1a: Toedscruel|Toedscruel, M|100/100
|move|p2a: Dragapult|Dragon Darts|p1a: Toedscruel
|-damage|p1a: Toedscruel|50/100
|-anim|p2a: Dragapult|Dragon Darts|p1a: Toedscruel
|-damage|p1a: Toedscruel|0 fnt
|faint|p1a: Toedscruel
|
|-weather|RainDance|[upkeep]
|upkeep
|
|t:|1758359861
|switch|p1a: Hatterene|Hatterene, F|100/100
|turn|2
|
|t:|1758359868
|switch|p2a: Iron Crown|Iron Crown|100/100
|move|p1a: Hatterene|Trick Room|p1a: Hatterene
|-fieldstart|move: Trick Room|[of] p1a: Hatterene
|
|-weather|RainDance|[upkeep]
|upkeep
|turn|3
|
|t:|1758359872
|switch|p1a: Ursaluna|Ursaluna, M|100/100
|move|p2a: Iron Crown|Tachyon Cutter|p1a: Ursaluna
|-damage|p1a: Ursaluna|81/100
|-damage|p1a: Ursaluna|60/100
|-hitcount|p1a: Ursaluna|2
|
|-weather|RainDance|[upkeep]
|-status|p1a: Ursaluna|brn|[from] item: Flame Orb
|upkeep
|turn|4
|
|t:|1758359880
|-end|p2a: Iron Crown|Quark Drive|[silent]
|switch|p2a: Wo-Chien|Wo-Chien|100/100
|-ability|p2a: Wo-Chien|Tablets of Ruin
|move|p1a: Ursaluna|Facade|p2a: Wo-Chien
|-damage|p2a: Wo-Chien|40/100
|
|-weather|RainDance|[upkeep]
|-damage|p1a: Ursaluna|54/100 brn|[from] brn
|upkeep
|turn|5
|
|t:|1758359889
|switch|p2a: Dragapult|Dragapult, M|100/100
|move|p1a: Ursaluna|Facade|p2a: Dragapult
|-immune|p2a: Dragapult
|
|-weather|none
|-damage|p1a: Ursaluna|48/100 brn|[from] brn
|upkeep
|turn|6
|
|t:|1758359897
|switch|p2a: Wo-Chien|Wo-Chien|40/100
|-ability|p2a: Wo-Chien|Tablets of Ruin
|move|p1a: Ursaluna|Facade|p2a: Wo-Chien
|-damage|p2a: Wo-Chien|0 fnt
|faint|p2a: Wo-Chien
|
|-damage|p1a: Ursaluna|42/100 brn|[from] brn
|-fieldend|move: Trick Room
|upkeep
|
|t:|1758359912
|switch|p2a: Great Tusk|Great Tusk|100/100
|turn|7
|
|t:|1758359917
|switch|p1a: Pelipper|Pelipper, F|100/100
|-weather|RainDance|[from] ability: Drizzle|[of] p1a: Pelipper
|move|p2a: Great Tusk|Ice Spinner|p1a: Pelipper
|-damage|p1a: Pelipper|73/100
|
|-weather|RainDance|[upkeep]
|upkeep
|turn|8
|
|t:|1758359921
|-end|p2a: Great Tusk|Protosynthesis|[silent]
|switch|p2a: Raging Bolt|Raging Bolt|100/100
|switch|p1a: Hatterene|Hatterene, F|100/100
|
|-weather|RainDance|[upkeep]
|upkeep
|turn|9
|
|t:|1758359928
|move|p2a: Raging Bolt|Thunderbolt|p1a: Hatterene
|-damage|p1a: Hatterene|12/100
|move|p1a: Hatterene|Trick Room|p1a: Hatterene
|-fieldstart|move: Trick Room|[of] p1a: Hatterene
|
|-weather|RainDance|[upkeep]
|-heal|p1a: Hatterene|18/100|[from] item: Leftovers
|upkeep
|turn|10
|
|t:|1758359935
|switch|p1a: Ursaluna|Ursaluna, M|42/100 brn
|-end|p2a: Raging Bolt|Protosynthesis|[silent]
|switch|p2a: Great Tusk|Great Tusk|100/100
|
|-weather|RainDance|[upkeep]
|-damage|p1a: Ursaluna|36/100 brn|[from] brn
|upkeep
|turn|11
|
|t:|1758359939
|-terastallize|p1a: Ursaluna|Ghost
|move|p1a: Ursaluna|Facade|p2a: Great Tusk
|-damage|p2a: Great Tusk|10/100
|move|p2a: Great Tusk|Ice Spinner|p1a: Ursaluna
|-crit|p1a: Ursaluna
|-damage|p1a: Ursaluna|6/100 brn
|
|-weather|none
|-damage|p1a: Ursaluna|0 fnt|[from] brn
|faint|p1a: Ursaluna
|upkeep
|
|t:|1758359947
|switch|p1a: Iron Hands|Iron Hands|100/100
|turn|12
|
|t:|1758359952
|move|p1a: Iron Hands|Drain Punch|p2a: Great Tusk
|-damage|p2a: Great Tusk|0 fnt
|faint|p2a: Great Tusk
|-end|p2a: Great Tusk|Protosynthesis|[silent]
|
|upkeep
|
|t:|1758359956
|switch|p2a: Moltres|Moltres|100/100
|turn|13
|
|t:|1758359958
|move|p1a: Iron Hands|Supercell Slam|p2a: Moltres
|-supereffective|p2a: Moltres
|-crit|p2a: Moltres
|-damage|p2a: Moltres|0 fnt
|faint|p2a: Moltres
|
|-fieldend|move: Trick Room
|upkeep
|
|t:|1758359964
|switch|p2a: Iron Crown|Iron Crown|100/100
|turn|14
|
|t:|1758359968
|-end|p1a: Iron Hands|Quark Drive|[silent]
|switch|p1a: Metagross|Metagross|100/100
|move|p2a: Iron Crown|Calm Mind|p2a: Iron Crown
|-boost|p2a: Iron Crown|spa|1
|-boost|p2a: Iron Crown|spd|1
|
|upkeep
|turn|15
|
|t:|1758359971
|move|p2a: Iron Crown|Focus Blast|p1a: Metagross|[miss]
|-miss|p2a: Iron Crown|p1a: Metagross
|move|p1a: Metagross|Knock Off|p2a: Iron Crown
|-supereffective|p2a: Iron Crown
|-damage|p2a: Iron Crown|18/100
|-enditem|p2a: Iron Crown|Leftovers|[from] move: Knock Off|[of] p1a: Metagross
|
|upkeep
|turn|16
|
|t:|1758359975
|move|p2a: Iron Crown|Focus Blast|p1a: Metagross
|-damage|p1a: Metagross|60/100
|move|p1a: Metagross|Psychic Fangs|p2a: Iron Crown
|-resisted|p2a: Iron Crown
|-damage|p2a: Iron Crown|6/100
|
|upkeep
|turn|17
|
|t:|1758359980
|move|p1a: Metagross|Bullet Punch|p2a: Iron Crown
|-resisted|p2a: Iron Crown
|-damage|p2a: Iron Crown|0 fnt
|faint|p2a: Iron Crown
|-end|p2a: Iron Crown|Quark Drive|[silent]
|
|upkeep
|
|t:|1758359983
|switch|p2a: Dragapult|Dragapult, M|100/100
|turn|18
|
|t:|1758359985
|switch|p1a: Hatterene|Hatterene, F|18/100
|-terastallize|p2a: Dragapult|Ghost
|move|p2a: Dragapult|Tera Blast|p1a: Hatterene|[anim] Tera Blast Ghost
|-supereffective|p1a: Hatterene
|-damage|p1a: Hatterene|0 fnt
|faint|p1a: Hatterene
|
|upkeep
|
|t:|1758359992
|switch|p1a: Pelipper|Pelipper, F|73/100
|-weather|RainDance|[from] ability: Drizzle|[of] p1a: Pelipper
|turn|19
|
|t:|1758359997
|switch|p2a: Raging Bolt|Raging Bolt|100/100
|move|p1a: Pelipper|Knock Off|p2a: Raging Bolt
|-damage|p2a: Raging Bolt|88/100
|-enditem|p2a: Raging Bolt|Choice Specs|[from] move: Knock Off|[of] p1a: Pelipper
|
|-weather|RainDance|[upkeep]
|upkeep
|turn|20
|
|t:|1758360001
|move|p2a: Raging Bolt|Volt Switch|p1a: Pelipper
|-supereffective|p1a: Pelipper
|-damage|p1a: Pelipper|0 fnt
|faint|p1a: Pelipper
|
|t:|1758360002
|-end|p2a: Raging Bolt|Protosynthesis|[silent]
|switch|p2a: Dragapult|Dragapult, M, tera:Ghost|100/100|[from] Volt Switch
|
|-weather|RainDance|[upkeep]
|upkeep
|inactive|AllegianceIs2UrMom has 120 seconds left.
|
|t:|1758360060
|switch|p1a: Iron Hands|Iron Hands|100/100
|turn|21
|
|t:|1758360075
|switch|p2a: Raging Bolt|Raging Bolt|88/100
|move|p1a: Iron Hands|Swords Dance|p1a: Iron Hands
|-boost|p1a: Iron Hands|atk|2
|
|-weather|RainDance|[upkeep]
|upkeep
|turn|22
|inactive|AllegianceIs2UrMom has 120 seconds left.
|
|t:|1758360081
|move|p2a: Raging Bolt|Draco Meteor|p1a: Iron Hands
|-damage|p1a: Iron Hands|31/100
|-unboost|p2a: Raging Bolt|spa|2
|move|p1a: Iron Hands|Ice Punch|p2a: Raging Bolt
|-supereffective|p2a: Raging Bolt
|-damage|p2a: Raging Bolt|0 fnt
|faint|p2a: Raging Bolt
|-end|p2a: Raging Bolt|Protosynthesis|[silent]
|
|-weather|RainDance|[upkeep]
|-heal|p1a: Iron Hands|37/100|[from] item: Leftovers
|upkeep
|
|t:|1758360085
|switch|p2a: Dragapult|Dragapult, M, tera:Ghost|100/100
|turn|23
|
|t:|1758360092
|move|p2a: Dragapult|Tera Blast|p1a: Iron Hands|[anim] Tera Blast Ghost
|-damage|p1a: Iron Hands|0 fnt
|faint|p1a: Iron Hands
|-end|p1a: Iron Hands|Quark Drive|[silent]
|
|-weather|none
|upkeep
|
|t:|1758360095
|switch|p1a: Metagross|Metagross|60/100
|turn|24
|
|t:|1758360097
|move|p2a: Dragapult|Tera Blast|p1a: Metagross|[anim] Tera Blast Ghost
|-supereffective|p1a: Metagross
|-damage|p1a: Metagross|0 fnt
|faint|p1a: Metagross
|
|win|Catactual
|raw|AllegianceIs2UrMom's rating: 1503 &rarr; <strong>1486</strong><br />(-17 for losing)
|raw|Catactual's rating: 1560 &rarr; <strong>1577</strong><br />(+17 for winning)
|l|☆AllegianceIs2UrMom
|player|p1|
|l|☆Catactual
|player|p2|
