|j|☆ICElIED
|j|☆hmy1
|t:|1758372971
|gametype|singles
|player|p1|ICElIED|steven|1355
|player|p2|hmy1|elesa-gen5bw2|1359
|gen|9
|tier|[Gen 9] OU
|rated|
|rule|HP Percentage Mod: HP is shown in percentages
|rule|Endless Battle Clause: Forcing endless battles is banned
|rule|Species Clause: Limit one of each Pokémon
|rule|OHKO Clause: OHKO moves are banned
|rule|Evasion Items Clause: Evasion items are banned
|rule|Evasion Moves Clause: Evasion moves are banned
|rule|Evasion Abilities Clause: Evasion abilities are banned
|rule|Sleep Moves Clause: Sleep-inducing moves are banned
|clearpoke
|poke|p1|Samurott-Hisui, F|
|poke|p1|Jirachi|
|poke|p1|Raikou|
|poke|p1|Hydrapple, F|
|poke|p1|Iron Moth|
|poke|p1|Mamoswine, F|
|poke|p2|Gliscor, M|
|poke|p2|Iron Moth|
|poke|p2|Comfey, F|
|poke|p2|Grimmsnarl, M|
|poke|p2|Ceruledge, M|
|poke|p2|Corviknight, F|
|teampreview
|inactive|Battle timer is ON: inactive players will automatically lose when time's up. (requested by hmy1)
|
|t:|1758372979
|teamsize|p1|6
|teamsize|p2|6
|start
|switch|p1a: Mamoswine|Mamoswine, F|100/100
|switch|p2a: no girl love you|Grimmsnarl, M, shiny|100/100
|turn|1
|
|t:|1758372986
|move|p2a: no girl love you|Reflect|p2a: no girl love you
|-sidestart|p2: hmy1|Reflect
|move|p1a: Mamoswine|Icicle Crash|p2a: no girl love you
|-damage|p2a: no girl love you|72/100
|
|upkeep
|turn|2
|
|t:|1758372993
|move|p2a: no girl love you|Light Screen|p2a: no girl love you
|-sidestart|p2: hmy1|move: Light Screen
|move|p1a: Mamoswine|Stone Edge|p2a: no girl love you
|-damage|p2a: no girl love you|52/100
|
|upkeep
|turn|3
|
|t:|1758372999
|move|p2a: no girl love you|Parting Shot|p1a: Mamoswine
|-unboost|p1a: Mamoswine|atk|1
|-unboost|p1a: Mamoswine|spa|1
|
|t:|1758373024
|switch|p2a: Comfey|Comfey, F, shiny|100/100|[from] Parting Shot
|move|p1a: Mamoswine|Stealth Rock|p2a: Comfey
|-sidestart|p2: hmy1|move: Stealth Rock
|
|upkeep
|turn|4
|
|t:|1758373030
|switch|p1a: Jirachi|Jirachi|100/100
|move|p2a: Comfey|Calm Mind|p2a: Comfey
|-boost|p2a: Comfey|spa|1
|-boost|p2a: Comfey|spd|1
|
|upkeep
|turn|5
|
|t:|1758373040
|switch|p2a: 土地云|Gliscor, M, shiny|100/100
|-damage|p2a: 土地云|88/100|[from] Stealth Rock
|move|p1a: Jirachi|Body Slam|p2a: 土地云
|-damage|p2a: 土地云|77/100
|-status|p2a: 土地云|par
|
|upkeep
|turn|6
|
|t:|1758373049
|switch|p1a: Mamoswine|Mamoswine, F|100/100
|cant|p2a: 土地云|par
|
|upkeep
|turn|7
|
|t:|1758373057
|switch|p2a: 阳光彩虹🦄|Ceruledge, M, shiny|100/100
|-damage|p2a: 阳光彩虹🦄|76/100|[from] Stealth Rock
|move|p1a: Mamoswine|Icicle Crash|p2a: 阳光彩虹🦄
|-resisted|p2a: 阳光彩虹🦄
|-damage|p2a: 阳光彩虹🦄|59/100
|-ability|p2a: 阳光彩虹🦄|Weak Armor|boost
|-unboost|p2a: 阳光彩虹🦄|def|1
|-boost|p2a: 阳光彩虹🦄|spe|2
|
|upkeep
|turn|8
|
|t:|1758373085
|switch|p1a: Hydrapple|Hydrapple, F|100/100
|move|p2a: 阳光彩虹🦄|Bitter Blade|p1a: Hydrapple
|-damage|p1a: Hydrapple|74/100
|-heal|p2a: 阳光彩虹🦄|78/100|[from] drain|[of] p1a: Hydrapple
|-damage|p2a: 阳光彩虹🦄|62/100|[from] item: Rocky Helmet|[of] p1a: Hydrapple
|
|-sideend|p2: hmy1|Reflect
|upkeep
|turn|9
|
|t:|1758373099
|move|p2a: 阳光彩虹🦄|Swords Dance|p2a: 阳光彩虹🦄
|-boost|p2a: 阳光彩虹🦄|atk|2
|move|p1a: Hydrapple|Earth Power|p2a: 阳光彩虹🦄
|-supereffective|p2a: 阳光彩虹🦄
|-damage|p2a: 阳光彩虹🦄|31/100
|
|-sideend|p2: hmy1|move: Light Screen
|upkeep
|turn|10
|
|t:|1758373108
|move|p2a: 阳光彩虹🦄|Bitter Blade|p1a: Hydrapple
|-damage|p1a: Hydrapple|19/100
|-heal|p2a: 阳光彩虹🦄|69/100|[from] drain|[of] p1a: Hydrapple
|-damage|p2a: 阳光彩虹🦄|52/100|[from] item: Rocky Helmet|[of] p1a: Hydrapple
|move|p1a: Hydrapple|Earth Power|p2a: 阳光彩虹🦄
|-supereffective|p2a: 阳光彩虹🦄
|-damage|p2a: 阳光彩虹🦄|0 fnt
|faint|p2a: 阳光彩虹🦄
|
|upkeep
|
|t:|1758373128
|switch|p2a: no girl love you|Grimmsnarl, M, shiny|52/100
|-damage|p2a: no girl love you|40/100|[from] Stealth Rock
|turn|11
|
|t:|1758373135
|switch|p1a: Mamoswine|Mamoswine, F|100/100
|move|p2a: no girl love you|Light Screen|p2a: no girl love you
|-sidestart|p2: hmy1|move: Light Screen
|
|upkeep
|turn|12
|
|t:|1758373139
|switch|p1a: Hydrapple|Hydrapple, F|53/100
|move|p2a: no girl love you|Reflect|p2a: no girl love you
|-sidestart|p2: hmy1|Reflect
|
|upkeep
|turn|13
|
|t:|1758373143
|switch|p1a: Mamoswine|Mamoswine, F|100/100
|move|p2a: no girl love you|Thunder Wave|p1a: Mamoswine
|-immune|p1a: Mamoswine
|
|upkeep
|turn|14
|
|t:|1758373151
|switch|p2a: Comfey|Comfey, F, shiny|100/100
|-damage|p2a: Comfey|88/100|[from] Stealth Rock
|move|p1a: Mamoswine|Icicle Crash|p2a: Comfey
|-damage|p2a: Comfey|61/100
|
|upkeep
|turn|15
|
|t:|1758373162
|switch|p1a: Jirachi|Jirachi|100/100
|move|p2a: Comfey|Calm Mind|p2a: Comfey
|-boost|p2a: Comfey|spa|1
|-boost|p2a: Comfey|spd|1
|
|upkeep
|turn|16
|
|t:|1758373170
|-terastallize|p2a: Comfey|Ground
|move|p1a: Jirachi|Body Slam|p2a: Comfey
|-damage|p2a: Comfey|45/100
|move|p2a: Comfey|Tera Blast|p1a: Jirachi|[anim] Tera Blast Ground
|-supereffective|p1a: Jirachi
|-damage|p1a: Jirachi|5/100
|
|-heal|p1a: Jirachi|11/100|[from] item: Leftovers
|upkeep
|turn|17
|
|t:|1758373179
|move|p2a: Comfey|Draining Kiss|p1a: Jirachi
|-resisted|p1a: Jirachi
|-damage|p1a: Jirachi|0 fnt
|-heal|p2a: Comfey|54/100|[from] drain|[of] p1a: Jirachi
|faint|p1a: Jirachi
|
|upkeep
|
|t:|1758373202
|switch|p1a: Raikou|Raikou|100/100
|-ability|p1a: Raikou|Pressure
|turn|18
|
|t:|1758373208
|-terastallize|p1a: Raikou|Water
|move|p1a: Raikou|Scald|p2a: Comfey
|-supereffective|p2a: Comfey
|-damage|p2a: Comfey|16/100
|move|p2a: Comfey|Tera Blast|p1a: Raikou|[anim] Tera Blast Ground
|-damage|p1a: Raikou|44/100
|
|-sideend|p2: hmy1|move: Light Screen
|upkeep
|turn|19
|
|t:|1758373216
|move|p2a: Comfey|Draining Kiss|p1a: Raikou
|-damage|p1a: Raikou|7/100
|-heal|p2a: Comfey|46/100|[from] drain|[of] p1a: Raikou
|move|p1a: Raikou|Scald|p2a: Comfey
|-supereffective|p2a: Comfey
|-damage|p2a: Comfey|0 fnt
|faint|p2a: Comfey
|
|-sideend|p2: hmy1|Reflect
|upkeep
|
|t:|1758373228
|switch|p2a: no girl love you|Grimmsnarl, M, shiny|40/100
|-damage|p2a: no girl love you|27/100|[from] Stealth Rock
|turn|20
|
|t:|1758373232
|move|p2a: no girl love you|Light Screen|p2a: no girl love you
|-sidestart|p2: hmy1|move: Light Screen
|move|p1a: Raikou|Scald|p2a: no girl love you
|-damage|p2a: no girl love you|5/100
|-status|p2a: no girl love you|brn
|
|-damage|p2a: no girl love you|0 fnt|[from] brn
|faint|p2a: no girl love you
|upkeep
|
|t:|1758373246
|switch|p2a: they ignore you|Iron Moth, shiny|100/100
|-damage|p2a: they ignore you|76/100|[from] Stealth Rock
|-enditem|p2a: they ignore you|Booster Energy
|-activate|p2a: they ignore you|ability: Quark Drive|[fromitem]
|-start|p2a: they ignore you|quarkdrivespe
|turn|21
|
|t:|1758373253
|move|p2a: they ignore you|Fiery Dance|p1a: Raikou
|-resisted|p1a: Raikou
|-crit|p1a: Raikou
|-damage|p1a: Raikou|0 fnt
|faint|p1a: Raikou
|
|upkeep
|
|t:|1758373258
|switch|p1a: Samurott|Samurott-Hisui, F|100/100
|turn|22
|l|☆hmy1
|inactive|hmy1 disconnected and has a minute to reconnect!
|player|p2|
|j|☆hmy1
|inactive|hmy1 reconnected and has 135 seconds left.
|player|p2|hmy1|elesa-gen5bw2|
|
|t:|1758373280
|move|p2a: they ignore you|Dazzling Gleam|p1a: Samurott
|-supereffective|p1a: Samurott
|-damage|p1a: Samurott|30/100
|move|p1a: Samurott|Aqua Cutter|p2a: they ignore you
|-supereffective|p2a: they ignore you
|-damage|p2a: they ignore you|0 fnt
|faint|p2a: they ignore you
|-end|p2a: they ignore you|Quark Drive|[silent]
|
|upkeep
|
|t:|1758373286
|switch|p2a: 土地云|Gliscor, M, shiny|77/100 par
|-damage|p2a: 土地云|64/100 par|[from] Stealth Rock
|turn|23
|
|t:|1758373297
|move|p1a: Samurott|Aqua Cutter|p2a: 土地云
|-supereffective|p2a: 土地云
|-damage|p2a: 土地云|0 fnt
|faint|p2a: 土地云
|
|upkeep
|l|☆hmy1
|inactive|hmy1 disconnected and has a minute to reconnect!
|player|p2|
|inactive|hmy1 has 30 seconds to reconnect!
|inactive|hmy1 has 20 seconds to reconnect!
|inactive|hmy1 has 15 seconds to reconnect!
|inactive|hmy1 has 10 seconds to reconnect!
|inactive|hmy1 has 5 seconds to reconnect!
|-message|hmy1 lost due to inactivity.
|
|win|ICElIED
|raw|ICElIED's rating: 1355 &rarr; <strong>1375</strong><br />(+20 for winning)
|raw|hmy1's rating: 1359 &rarr; <strong>1339</strong><br />(-20 for losing)
|l|☆ICElIED
|player|p1|
