|badge|p2|bronze|gen9ou|100-6
|uhtml|medal-msg|<div class="broadcast-blue">Curious what those medals under the avatar are? PS now has Ladder Seasons! For more information, check out the <a href="https://www.smogon.com/forums/threads/3740067/">thread on Smogon.</a></div>
|j|☆eros maniac
|j|☆jamel1
|t:|1758343407
|gametype|singles
|player|p1|eros maniac|1|1830
|player|p2|jamel1|cyrus|1875
|gen|9
|tier|[Gen 9] OU
|rated|
|rule|HP Percentage Mod: HP is shown in percentages
|rule|Endless Battle Clause: Forcing endless battles is banned
|rule|Species Clause: Limit one of each Pokémon
|rule|OHKO Clause: OHKO moves are banned
|rule|Evasion Items Clause: Evasion items are banned
|rule|Evasion Moves Clause: Evasion moves are banned
|rule|Evasion Abilities Clause: Evasion abilities are banned
|rule|Sleep Moves Clause: Sleep-inducing moves are banned
|clearpoke
|poke|p1|Frosmoth, F|
|poke|p1|Maushold-Four|
|poke|p1|Mamoswine, F|
|poke|p1|Sinistcha|
|poke|p1|Alomomola, F|
|poke|p1|Weezing-Galar, M|
|poke|p2|Sandaconda, F|
|poke|p2|Deoxys-Defense|
|poke|p2|Gyarados, F|
|poke|p2|Maushold|
|poke|p2|Serperior, F|
|poke|p2|Kommo-o, M|
|teampreview
|inactive|Battle timer is ON: inactive players will automatically lose when time's up. (requested by eros maniac)
|
|t:|1758343422
|teamsize|p1|6
|teamsize|p2|6
|start
|switch|p1a: Mamoswine|Mamoswine, F|100/100
|switch|p2a: Sandaconda|Sandaconda, F|100/100
|turn|1
|
|t:|1758343424
|move|p2a: Sandaconda|Glare|p1a: Mamoswine
|-status|p1a: Mamoswine|par
|move|p1a: Mamoswine|Icicle Crash|p2a: Sandaconda
|-supereffective|p2a: Sandaconda
|-enditem|p2a: Sandaconda|Focus Sash
|-damage|p2a: Sandaconda|1/100
|
|upkeep
|turn|2
|
|t:|1758343431
|move|p2a: Sandaconda|Stealth Rock|p1a: Mamoswine
|-sidestart|p1: eros maniac|move: Stealth Rock
|move|p1a: Mamoswine|Icicle Crash|p2a: Sandaconda
|-supereffective|p2a: Sandaconda
|-damage|p2a: Sandaconda|0 fnt
|faint|p2a: Sandaconda
|
|upkeep
|
|t:|1758343435
|switch|p2a: Serperior|Serperior, F, shiny|100/100
|turn|3
|j| wgw2333
|
|t:|1758343438
|switch|p1a: Weezing|Weezing-Galar, M|100/100
|-ability|p1a: Weezing|Neutralizing Gas
|-damage|p1a: Weezing|88/100|[from] Stealth Rock
|move|p2a: Serperior|Reflect|p2a: Serperior
|-sidestart|p2: jamel1|Reflect
|
|upkeep
|turn|4
|
|t:|1758343440
|move|p2a: Serperior|Light Screen|p2a: Serperior
|-sidestart|p2: jamel1|move: Light Screen
|move|p1a: Weezing|Defog|p2a: Serperior
|-unboost|p2a: Serperior|evasion|1
|-sideend|p2: jamel1|Reflect
|-sideend|p2: jamel1|move: Light Screen
|-sideend|p1: eros maniac|Stealth Rock|[from] move: Defog|[of] p1a: Weezing
|
|upkeep
|turn|5
|
|t:|1758343443
|move|p2a: Serperior|Light Screen|p2a: Serperior
|-sidestart|p2: jamel1|move: Light Screen
|move|p1a: Weezing|Toxic|p2a: Serperior
|-status|p2a: Serperior|tox
|
|-damage|p2a: Serperior|94/100 tox|[from] psn
|upkeep
|turn|6
|
|t:|1758343447
|switch|p2a: Kommo-o|Kommo-o, M|100/100
|move|p1a: Weezing|Defog|p2a: Kommo-o
|-unboost|p2a: Kommo-o|evasion|1
|-sideend|p2: jamel1|move: Light Screen
|
|upkeep
|turn|7
|
|t:|1758343454
|move|p2a: Kommo-o|Substitute|p2a: Kommo-o
|-start|p2a: Kommo-o|Substitute
|-damage|p2a: Kommo-o|75/100
|move|p1a: Weezing|Toxic||[still]
|-fail|p1a: Weezing
|
|upkeep
|turn|8
|
|t:|1758343460
|-terastallize|p2a: Kommo-o|Steel
|move|p2a: Kommo-o|Belly Drum|p2a: Kommo-o
|-damage|p2a: Kommo-o|25/100
|-setboost|p2a: Kommo-o|atk|6|[from] move: Belly Drum
|-enditem|p2a: Kommo-o|Salac Berry|[eat]
|-boost|p2a: Kommo-o|spe|1|[from] item: Salac Berry
|move|p1a: Weezing|Strange Steam|p2a: Kommo-o
|-resisted|p2a: Kommo-o
|-activate|p2a: Kommo-o|move: Substitute|[damage]
|
|upkeep
|turn|9
|
|t:|1758343472
|-end|p1a: Weezing|ability: Neutralizing Gas
|switch|p1a: Alomomola|Alomomola, F, shiny|100/100
|move|p2a: Kommo-o|Ice Punch|p1a: Alomomola
|-resisted|p1a: Alomomola
|-damage|p1a: Alomomola|67/100
|-damage|p2a: Kommo-o|9/100|[from] item: Rocky Helmet|[of] p1a: Alomomola
|
|upkeep
|turn|10
|
|t:|1758343485
|switch|p1a: Weezing|Weezing-Galar, M|88/100
|-ability|p1a: Weezing|Neutralizing Gas
|move|p2a: Kommo-o|Drain Punch|p1a: Weezing
|-resisted|p1a: Weezing
|-damage|p1a: Weezing|62/100
|-heal|p2a: Kommo-o|24/100|[from] drain|[of] p1a: Weezing
|
|upkeep
|turn|11
|
|t:|1758343490
|move|p2a: Kommo-o|Drain Punch|p1a: Weezing
|-resisted|p1a: Weezing
|-damage|p1a: Weezing|37/100
|-heal|p2a: Kommo-o|38/100|[from] drain|[of] p1a: Weezing
|move|p1a: Weezing|Strange Steam|p2a: Kommo-o
|-resisted|p2a: Kommo-o
|-end|p2a: Kommo-o|Substitute
|
|upkeep
|turn|12
|
|t:|1758343495
|move|p2a: Kommo-o|Substitute|p2a: Kommo-o
|-start|p2a: Kommo-o|Substitute
|-damage|p2a: Kommo-o|13/100
|move|p1a: Weezing|Strange Steam|p2a: Kommo-o
|-resisted|p2a: Kommo-o
|-activate|p2a: Kommo-o|move: Substitute|[damage]
|
|upkeep
|turn|13
|
|t:|1758343498
|move|p2a: Kommo-o|Drain Punch|p1a: Weezing
|-resisted|p1a: Weezing
|-damage|p1a: Weezing|12/100
|-heal|p2a: Kommo-o|26/100|[from] drain|[of] p1a: Weezing
|move|p1a: Weezing|Strange Steam|p2a: Kommo-o
|-resisted|p2a: Kommo-o
|-end|p2a: Kommo-o|Substitute
|
|upkeep
|turn|14
|
|t:|1758343506
|move|p2a: Kommo-o|Substitute|p2a: Kommo-o
|-start|p2a: Kommo-o|Substitute
|-damage|p2a: Kommo-o|1/100
|move|p1a: Weezing|Strange Steam|p2a: Kommo-o
|-resisted|p2a: Kommo-o
|-activate|p2a: Kommo-o|move: Substitute|[damage]
|
|upkeep
|turn|15
|
|t:|1758343512
|-end|p1a: Weezing|ability: Neutralizing Gas
|switch|p1a: Sinistcha|Sinistcha, shiny|100/100
|move|p2a: Kommo-o|Drain Punch|p1a: Sinistcha
|-immune|p1a: Sinistcha
|
|upkeep
|turn|16
|
|t:|1758343517
|switch|p1a: Alomomola|Alomomola, F, shiny|99/100
|move|p2a: Kommo-o|Drain Punch|p1a: Alomomola
|-damage|p1a: Alomomola|4/100
|-heal|p2a: Kommo-o|86/100|[from] drain|[of] p1a: Alomomola
|-damage|p2a: Kommo-o|70/100|[from] item: Rocky Helmet|[of] p1a: Alomomola
|
|upkeep
|turn|17
|
|t:|1758343524
|move|p2a: Kommo-o|Ice Punch|p1a: Alomomola
|-resisted|p1a: Alomomola
|-damage|p1a: Alomomola|0 fnt
|-damage|p2a: Kommo-o|53/100|[from] item: Rocky Helmet|[of] p1a: Alomomola
|faint|p1a: Alomomola
|
|upkeep
|
|t:|1758343527
|switch|p1a: Sinistcha|Sinistcha, shiny|100/100
|turn|18
|
|t:|1758343531
|switch|p1a: Weezing|Weezing-Galar, M|12/100
|-ability|p1a: Weezing|Neutralizing Gas
|move|p2a: Kommo-o|Ice Punch|p1a: Weezing
|-damage|p1a: Weezing|0 fnt
|faint|p1a: Weezing
|-end|p1a: Weezing|ability: Neutralizing Gas
|
|upkeep
|
|t:|1758343533
|switch|p1a: Mamoswine|Mamoswine, F|100/100 par
|turn|19
|
|t:|1758343535
|move|p1a: Mamoswine|Ice Shard|p2a: Kommo-o
|-resisted|p2a: Kommo-o
|-end|p2a: Kommo-o|Substitute
|move|p2a: Kommo-o|Drain Punch|p1a: Mamoswine
|-supereffective|p1a: Mamoswine
|-damage|p1a: Mamoswine|0 fnt
|-heal|p2a: Kommo-o|100/100|[from] drain|[of] p1a: Mamoswine
|faint|p1a: Mamoswine
|
|upkeep
|
|t:|1758343538
|switch|p1a: Sinistcha|Sinistcha, shiny|100/100
|turn|20
|
|t:|1758343542
|-terastallize|p1a: Sinistcha|Poison
|move|p2a: Kommo-o|Substitute|p2a: Kommo-o
|-start|p2a: Kommo-o|Substitute
|-damage|p2a: Kommo-o|75/100
|move|p1a: Sinistcha|Strength Sap||[still]
|-fail|p1a: Sinistcha
|
|upkeep
|turn|21
|
|t:|1758343547
|move|p2a: Kommo-o|Ice Punch|p1a: Sinistcha
|-damage|p1a: Sinistcha|35/100
|move|p1a: Sinistcha|Shadow Ball|p2a: Kommo-o
|-immune|p2a: Kommo-o|[from] ability: Bulletproof
|
|upkeep
|turn|22
|-message|eros maniac forfeited.
|
|win|jamel1
|raw|eros maniac's rating: 1830 &rarr; <strong>1813</strong><br />(-17 for losing)
|raw|jamel1's rating: 1875 &rarr; <strong>1892</strong><br />(+17 for winning)
|l|☆eros maniac
|player|p1|
