|j|☆Alethino
|j|☆Shibuya Arc
|t:|1758345846
|gametype|singles
|player|p1|Alethino|170|1668
|player|p2|Shibuya Arc|101|1668
|gen|9
|tier|[Gen 9] OU
|rated|
|rule|HP Percentage Mod: HP is shown in percentages
|rule|Endless Battle Clause: Forcing endless battles is banned
|rule|Species Clause: Limit one of each Pokémon
|rule|OHKO Clause: OHKO moves are banned
|rule|Evasion Items Clause: Evasion items are banned
|rule|Evasion Moves Clause: Evasion moves are banned
|rule|Evasion Abilities Clause: Evasion abilities are banned
|rule|Sleep Moves Clause: Sleep-inducing moves are banned
|clearpoke
|poke|p1|Serperior, F|
|poke|p1|Primarina, F|
|poke|p1|Iron Treads|
|poke|p1|Zamazenta-*|
|poke|p1|Pecharunt|
|poke|p1|Rillaboom, M|
|poke|p2|Dragapult, F|
|poke|p2|Dragonite, F|
|poke|p2|Ting-Lu|
|poke|p2|Weezing-Galar, F|
|poke|p2|Iron Crown|
|poke|p2|Zapdos|
|teampreview
|inactive|Battle timer is ON: inactive players will automatically lose when time's up. (requested by Alethino)
|j| Ctannn
|j| Shucklepilled
|inactive|Shibuya Arc also wants the timer to be on.
|j| trickroom682006
|inactive|Alethino has 120 seconds left.
|l| trickroom682006
|inactive|Alethino has 90 seconds left.
|
|t:|1758345926
|teamsize|p1|6
|teamsize|p2|6
|start
|switch|p1a: Primarina|Primarina, F|100/100
|switch|p2a: Zapdos|Zapdos|100/100
|turn|1
|
|t:|1758345936
|move|p2a: Zapdos|Volt Switch|p1a: Primarina
|-supereffective|p1a: Primarina
|-damage|p1a: Primarina|60/100
|
|t:|1758345944
|switch|p2a: Iron Crown|Iron Crown|100/100|[from] Volt Switch
|move|p1a: Primarina|Surf|p2a: Iron Crown
|-damage|p2a: Iron Crown|54/100
|
|upkeep
|turn|2
|
|t:|1758345951
|switch|p1a: Iron Treads|Iron Treads|100/100
|move|p2a: Iron Crown|Psyshock|p1a: Iron Treads
|-resisted|p1a: Iron Treads
|-damage|p1a: Iron Treads|78/100
|
|upkeep
|turn|3
|
|t:|1758345959
|-end|p2a: Iron Crown|Quark Drive|[silent]
|switch|p2a: Zapdos|Zapdos|100/100
|move|p1a: Iron Treads|Ice Spinner|p2a: Zapdos
|-supereffective|p2a: Zapdos
|-damage|p2a: Zapdos|50/100
|
|upkeep
|turn|4
|
|t:|1758345970
|move|p2a: Zapdos|Heat Wave|p1a: Iron Treads
|-supereffective|p1a: Iron Treads
|-crit|p1a: Iron Treads
|-damage|p1a: Iron Treads|0 fnt
|faint|p1a: Iron Treads
|-end|p1a: Iron Treads|Quark Drive|[silent]
|
|upkeep
|
|t:|1758345976
|switch|p1a: Primarina|Primarina, F|60/100
|turn|5
|
|t:|1758345983
|move|p2a: Zapdos|Volt Switch|p1a: Primarina
|-supereffective|p1a: Primarina
|-damage|p1a: Primarina|18/100
|
|t:|1758345989
|switch|p2a: Dragonite|Dragonite, F|100/100|[from] Volt Switch
|move|p1a: Primarina|Surf|p2a: Dragonite
|-resisted|p2a: Dragonite
|-damage|p2a: Dragonite|82/100
|
|upkeep
|turn|6
|
|t:|1758345996
|switch|p1a: Pecharunt|Pecharunt|100/100
|move|p2a: Dragonite|Earthquake|p1a: Pecharunt
|-supereffective|p1a: Pecharunt
|-damage|p1a: Pecharunt|56/100
|
|upkeep
|turn|7
|
|t:|1758346004
|move|p1a: Pecharunt|Recover|p1a: Pecharunt
|-heal|p1a: Pecharunt|100/100
|move|p2a: Dragonite|Dragon Dance|p2a: Dragonite
|-boost|p2a: Dragonite|atk|1
|-boost|p2a: Dragonite|spe|1
|
|upkeep
|turn|8
|
|t:|1758346021
|-terastallize|p1a: Pecharunt|Fairy
|move|p2a: Dragonite|Earthquake|p1a: Pecharunt
|-damage|p1a: Pecharunt|67/100
|move|p1a: Pecharunt|Malignant Chain|p2a: Dragonite
|-damage|p2a: Dragonite|54/100
|-status|p2a: Dragonite|tox
|-start|p2a: Dragonite|confusion|[from] ability: Poison Puppeteer|[of] p1a: Pecharunt
|
|-damage|p2a: Dragonite|48/100 tox|[from] psn
|upkeep
|turn|9
|
|t:|1758346028
|switch|p2a: Iron Crown|Iron Crown|54/100
|move|p1a: Pecharunt|Recover|p1a: Pecharunt
|-heal|p1a: Pecharunt|100/100
|
|upkeep
|turn|10
|
|t:|1758346035
|switch|p1a: Primarina|Primarina, F|18/100
|move|p2a: Iron Crown|Tachyon Cutter|p1a: Primarina
|-damage|p1a: Primarina|0 fnt
|faint|p1a: Primarina
|-hitcount|p1: Primarina|1
|
|upkeep
|
|t:|1758346045
|switch|p1a: Zamazenta|Zamazenta|100/100
|-ability|p1a: Zamazenta|Dauntless Shield|boost
|-boost|p1a: Zamazenta|def|1
|turn|11
|
|t:|1758346052
|-end|p2a: Iron Crown|Quark Drive|[silent]
|switch|p2a: Weezing|Weezing-Galar, F|100/100
|-ability|p2a: Weezing|Neutralizing Gas
|move|p1a: Zamazenta|Heavy Slam|p2a: Weezing
|-supereffective|p2a: Weezing
|-damage|p2a: Weezing|57/100
|
|upkeep
|turn|12
|
|t:|1758346064
|switch|p1a: Pecharunt|Pecharunt, tera:Fairy|100/100
|-end|p2a: Weezing|ability: Neutralizing Gas
|switch|p2a: Iron Crown|Iron Crown|54/100
|
|upkeep
|turn|13
|inactive|Alethino has 120 seconds left.
|
|t:|1758346110
|move|p2a: Iron Crown|Tachyon Cutter|p1a: Pecharunt
|-supereffective|p1a: Pecharunt
|-damage|p1a: Pecharunt|22/100
|-supereffective|p1a: Pecharunt
|-damage|p1a: Pecharunt|0 fnt
|faint|p1a: Pecharunt
|-hitcount|p1: Pecharunt|2
|
|upkeep
|
|t:|1758346118
|switch|p1a: Rillaboom|Rillaboom, M|100/100
|-fieldstart|move: Grassy Terrain|[from] ability: Grassy Surge|[of] p1a: Rillaboom
|turn|14
|l| Ctannn
|
|t:|1758346125
|move|p1a: Rillaboom|Grassy Glide|p2a: Iron Crown
|-resisted|p2a: Iron Crown
|-damage|p2a: Iron Crown|24/100
|move|p2a: Iron Crown|Tachyon Cutter|p1a: Rillaboom
|-damage|p1a: Rillaboom|47/100
|-damage|p1a: Rillaboom|0 fnt
|faint|p1a: Rillaboom
|-hitcount|p1: Rillaboom|2
|
|-heal|p2a: Iron Crown|30/100|[from] Grassy Terrain
|upkeep
|
|t:|1758346127
|switch|p1a: Serperior|Serperior, F|100/100
|turn|15
|
|t:|1758346134
|move|p1a: Serperior|Leaf Storm|p2a: Iron Crown
|-resisted|p2a: Iron Crown
|-damage|p2a: Iron Crown|0 fnt
|-boost|p1a: Serperior|spa|2
|faint|p2a: Iron Crown
|-end|p2a: Iron Crown|Quark Drive|[silent]
|
|upkeep
|
|t:|1758346143
|switch|p2a: Dragapult|Dragapult, F|100/100
|turn|16
|
|t:|1758346149
|move|p2a: Dragapult|U-turn|p1a: Serperior
|-supereffective|p1a: Serperior
|-damage|p1a: Serperior|50/100
|
|t:|1758346157
|switch|p2a: Dragonite|Dragonite, F|48/100 tox|[from] U-turn
|move|p1a: Serperior|Leaf Storm|p2a: Dragonite
|-resisted|p2a: Dragonite
|-damage|p2a: Dragonite|1/100 tox
|-boost|p1a: Serperior|spa|2
|
|-heal|p1a: Serperior|57/100|[from] Grassy Terrain
|-damage|p2a: Dragonite|0 fnt|[from] psn
|faint|p2a: Dragonite
|upkeep
|
|t:|1758346164
|switch|p2a: Dragapult|Dragapult, F|100/100
|turn|17
|
|t:|1758346173
|-terastallize|p2a: Dragapult|Dragon
|move|p2a: Dragapult|Dragon Darts|p1a: Serperior
|-damage|p1a: Serperior|21/100
|-anim|p2a: Dragapult|Dragon Darts|p1a: Serperior
|-damage|p1a: Serperior|0 fnt
|faint|p1a: Serperior
|
|upkeep
|
|t:|1758346176
|switch|p1a: Zamazenta|Zamazenta|100/100
|turn|18
|
|t:|1758346182
|move|p2a: Dragapult|Will-O-Wisp|p1a: Zamazenta
|-status|p1a: Zamazenta|brn
|move|p1a: Zamazenta|Iron Defense|p1a: Zamazenta
|-boost|p1a: Zamazenta|def|2
|
|-damage|p1a: Zamazenta|94/100 brn|[from] brn
|-fieldend|move: Grassy Terrain
|upkeep
|turn|19
|c|☆Alethino|Ggs
|-message|Alethino forfeited.
|
|win|Shibuya Arc
|raw|Alethino's rating: 1668 &rarr; <strong>1648</strong><br />(-20 for losing)
|raw|Shibuya Arc's rating: 1668 &rarr; <strong>1688</strong><br />(+20 for winning)
|l|☆Shibuya Arc
|player|p2|
|l|☆Alethino
|player|p1|
|l| Shucklepilled
