|j|☆Jontonus
|j|☆bibiGKC
|t:|1758259906
|gametype|singles
|player|p1|Jontonus|101|1040
|player|p2|bibiGKC|n|1097
|gen|9
|tier|[Gen 9] OU
|rated|
|rule|HP Percentage Mod: HP is shown in percentages
|rule|Endless Battle Clause: Forcing endless battles is banned
|rule|Species Clause: Limit one of each Pokémon
|rule|OHKO Clause: OHKO moves are banned
|rule|Evasion Items Clause: Evasion items are banned
|rule|Evasion Moves Clause: Evasion moves are banned
|rule|Evasion Abilities Clause: Evasion abilities are banned
|rule|Sleep Moves Clause: Sleep-inducing moves are banned
|clearpoke
|poke|p1|Blaziken, F|
|poke|p1|Snorlax, M|
|poke|p1|Gliscor, F|
|poke|p1|Gholdengo|
|poke|p1|Articuno|
|poke|p1|Rotom-Wash|
|poke|p2|Ninetales-Alola, M|
|poke|p2|Cetitan, M|
|poke|p2|Frosmoth, M|
|poke|p2|Zoroark-Hisui, F|
|poke|p2|Heatran, F|
|poke|p2|Abomasnow, M|
|teampreview
|
|t:|1758259913
|teamsize|p1|6
|teamsize|p2|6
|start
|switch|p1a: Blaziken|Blaziken, F|100/100
|switch|p2a: Ninetales|Ninetales-Alola, M|100/100
|-weather|Snowscape|[from] ability: Snow Warning|[of] p2a: Ninetales
|turn|1
|
|t:|1758259945
|switch|p2a: Heatran|Heatran, F|100/100
|-item|p2a: Heatran|Air Balloon
|-terastallize|p1a: Blaziken|Normal
|move|p1a: Blaziken|Blaze Kick|p2a: Heatran
|-start|p2a: Heatran|ability: Flash Fire
|
|-weather|Snowscape|[upkeep]
|-ability|p1a: Blaziken|Speed Boost|boost
|-boost|p1a: Blaziken|spe|1
|upkeep
|turn|2
|inactive|Battle timer is ON: inactive players will automatically lose when time's up. (requested by Jontonus)
|
|t:|1758259974
|-end|p2a: Heatran|ability: Flash Fire|[silent]
|switch|p2a: Abomasnow|Abomasnow, M|100/100
|move|p1a: Blaziken|Close Combat|p2a: Abomasnow
|-immune|p2a: Abomasnow
|
|-weather|Snowscape|[upkeep]
|-ability|p1a: Blaziken|Speed Boost|boost
|-boost|p1a: Blaziken|spe|1
|upkeep
|turn|3
|
|t:|1758259991
|move|p1a: Blaziken|Blaze Kick|p2a: Abomasnow
|-enditem|p2a: Abomasnow|Focus Sash
|-damage|p2a: Abomasnow|1/100
|replace|p2a: Zoroark|Zoroark-Hisui, F
|-end|p2a: Zoroark|Illusion
|-damage|p1a: Blaziken|91/100|[from] item: Life Orb
|move|p2a: Zoroark|Knock Off|p1a: Blaziken
|-damage|p1a: Blaziken|53/100
|-enditem|p1a: Blaziken|Life Orb|[from] move: Knock Off|[of] p2a: Zoroark
|
|-weather|Snowscape|[upkeep]
|-ability|p1a: Blaziken|Speed Boost|boost
|-boost|p1a: Blaziken|spe|1
|upkeep
|turn|4
|
|t:|1758260009
|switch|p2a: Heatran|Heatran, F|100/100
|-item|p2a: Heatran|Air Balloon
|move|p1a: Blaziken|Poison Jab|p2a: Heatran
|-immune|p2a: Heatran
|
|-weather|Snowscape|[upkeep]
|-ability|p1a: Blaziken|Speed Boost|boost
|-boost|p1a: Blaziken|spe|1
|upkeep
|turn|5
|
|t:|1758260020
|move|p2a: Heatran|Protect|p2a: Heatran
|-singleturn|p2a: Heatran|Protect
|move|p1a: Blaziken|Close Combat|p2a: Heatran
|-activate|p2a: Heatran|move: Protect
|
|-weather|none
|-ability|p1a: Blaziken|Speed Boost|boost
|-boost|p1a: Blaziken|spe|1
|upkeep
|turn|6
|
|t:|1758260040
|switch|p2a: Abomasnow|Abomasnow, M|1/100
|move|p1a: Blaziken|Close Combat|p2a: Abomasnow
|-immune|p2a: Abomasnow
|
|-ability|p1a: Blaziken|Speed Boost|boost
|-boost|p1a: Blaziken|spe|1
|upkeep
|turn|7
|
|t:|1758260051
|switch|p2a: Heatran|Heatran, F|100/100
|-item|p2a: Heatran|Air Balloon
|move|p1a: Blaziken|Poison Jab|p2a: Heatran
|-immune|p2a: Heatran
|
|upkeep
|turn|8
|
|t:|1758260061
|move|p2a: Heatran|Protect|p2a: Heatran
|-singleturn|p2a: Heatran|Protect
|move|p1a: Blaziken|Poison Jab|p2a: Heatran
|-activate|p2a: Heatran|move: Protect
|
|upkeep
|turn|9
|
|t:|1758260076
|move|p1a: Blaziken|Poison Jab|p2a: Heatran
|-immune|p2a: Heatran
|move|p2a: Heatran|Stealth Rock|p1a: Blaziken
|-sidestart|p1: Jontonus|move: Stealth Rock
|
|upkeep
|turn|10
|
|t:|1758260091
|move|p2a: Heatran|Protect|p2a: Heatran
|-singleturn|p2a: Heatran|Protect
|move|p1a: Blaziken|Close Combat|p2a: Heatran
|-activate|p2a: Heatran|move: Protect
|
|upkeep
|turn|11
|inactive|bibiGKC has 120 seconds left.
|
|t:|1758260126
|move|p1a: Blaziken|Poison Jab|p2a: Heatran
|-immune|p2a: Heatran
|move|p2a: Heatran|Earth Power|p1a: Blaziken
|-damage|p1a: Blaziken|12/100
|
|upkeep
|turn|12
|
|t:|1758260135
|move|p2a: Heatran|Protect|p2a: Heatran
|-singleturn|p2a: Heatran|Protect
|move|p1a: Blaziken|Close Combat|p2a: Heatran
|-activate|p2a: Heatran|move: Protect
|
|upkeep
|turn|13
|c|☆Jontonus|bro you disgusting
|
|t:|1758260153
|move|p1a: Blaziken|Close Combat|p2a: Heatran
|-supereffective|p2a: Heatran
|-crit|p2a: Heatran
|-damage|p2a: Heatran|0 fnt
|-unboost|p1a: Blaziken|def|1
|-unboost|p1a: Blaziken|spd|1
|-enditem|p2a: Heatran|Air Balloon
|faint|p2a: Heatran
|
|upkeep
|
|t:|1758260166
|switch|p2a: Abomasnow|Abomasnow, M|1/100
|turn|14
|
|t:|1758260170
|move|p2a: Abomasnow|Shadow Sneak|p1a: Blaziken
|-immune|p1a: Blaziken
|move|p1a: Blaziken|Poison Jab|p2a: Abomasnow
|-resisted|p2a: Abomasnow
|-damage|p2a: Abomasnow|0 fnt
|replace|p2a: Zoroark|Zoroark-Hisui, F
|-end|p2a: Zoroark|Illusion
|faint|p2a: Zoroark
|
|upkeep
|
|t:|1758260187
|switch|p2a: Frosmoth|Frosmoth, M|100/100
|turn|15
|
|t:|1758260195
|-terastallize|p2a: Frosmoth|Water
|move|p1a: Blaziken|Blaze Kick|p2a: Frosmoth
|-resisted|p2a: Frosmoth
|-damage|p2a: Frosmoth|56/100
|move|p2a: Frosmoth|Tera Blast|p1a: Blaziken|[anim] Tera Blast Water
|-damage|p1a: Blaziken|0 fnt
|faint|p1a: Blaziken
|
|upkeep
|
|t:|1758260208
|switch|p1a: Rotom|Rotom-Wash|100/100
|-damage|p1a: Rotom|88/100|[from] Stealth Rock
|turn|16
|
|t:|1758260214
|switch|p2a: Abomasnow|Abomasnow, M|100/100
|-weather|Snowscape|[from] ability: Snow Warning|[of] p2a: Abomasnow
|move|p1a: Rotom|Volt Switch|p2a: Abomasnow
|-resisted|p2a: Abomasnow
|-crit|p2a: Abomasnow
|-damage|p2a: Abomasnow|72/100
|
|t:|1758260229
|switch|p1a: Gholdengo|Gholdengo|100/100|[from] Volt Switch
|-damage|p1a: Gholdengo|94/100|[from] Stealth Rock
|-item|p1a: Gholdengo|Air Balloon
|
|-weather|Snowscape|[upkeep]
|upkeep
|turn|17
|
|t:|1758260239
|move|p1a: Gholdengo|Flash Cannon|p2a: Abomasnow
|-supereffective|p2a: Abomasnow
|-damage|p2a: Abomasnow|4/100
|-unboost|p2a: Abomasnow|spd|1
|move|p2a: Abomasnow|Aurora Veil|p2a: Abomasnow
|-sidestart|p2: bibiGKC|move: Aurora Veil
|
|-weather|Snowscape|[upkeep]
|upkeep
|turn|18
|
|t:|1758260251
|move|p2a: Abomasnow|Ice Shard|p1a: Gholdengo
|-resisted|p1a: Gholdengo
|-damage|p1a: Gholdengo|88/100
|-enditem|p1a: Gholdengo|Air Balloon
|move|p1a: Gholdengo|Flash Cannon|p2a: Abomasnow
|-supereffective|p2a: Abomasnow
|-damage|p2a: Abomasnow|0 fnt
|faint|p2a: Abomasnow
|
|-weather|Snowscape|[upkeep]
|upkeep
|inactive|bibiGKC has 120 seconds left.
|
|t:|1758260262
|switch|p2a: Frosmoth|Frosmoth, M, tera:Water|56/100
|turn|19
|
|t:|1758260272
|switch|p1a: Rotom|Rotom-Wash|88/100
|-damage|p1a: Rotom|76/100|[from] Stealth Rock
|move|p2a: Frosmoth|Quiver Dance|p2a: Frosmoth
|-boost|p2a: Frosmoth|spa|1
|-boost|p2a: Frosmoth|spd|1
|-boost|p2a: Frosmoth|spe|1
|
|-weather|Snowscape|[upkeep]
|upkeep
|turn|20
|
|t:|1758260283
|move|p2a: Frosmoth|Ice Beam|p1a: Rotom
|-resisted|p1a: Rotom
|-damage|p1a: Rotom|27/100
|move|p1a: Rotom|Thunderbolt|p2a: Frosmoth
|-supereffective|p2a: Frosmoth
|-damage|p2a: Frosmoth|32/100
|
|-weather|Snowscape|[upkeep]
|upkeep
|turn|21
|
|t:|1758260293
|move|p2a: Frosmoth|Ice Beam|p1a: Rotom
|-resisted|p1a: Rotom
|-crit|p1a: Rotom
|-damage|p1a: Rotom|0 fnt
|faint|p1a: Rotom
|
|-weather|Snowscape|[upkeep]
|-sideend|p2: bibiGKC|move: Aurora Veil
|upkeep
|
|t:|1758260307
|switch|p1a: Gholdengo|Gholdengo|88/100
|-damage|p1a: Gholdengo|82/100|[from] Stealth Rock
|turn|22
|
|t:|1758260317
|move|p2a: Frosmoth|Ice Beam|p1a: Gholdengo
|-resisted|p1a: Gholdengo
|-crit|p1a: Gholdengo
|-damage|p1a: Gholdengo|32/100
|move|p1a: Gholdengo|Shadow Ball|p2a: Frosmoth
|-damage|p2a: Frosmoth|16/100
|
|-weather|Snowscape|[upkeep]
|upkeep
|turn|23
|
|t:|1758260326
|move|p2a: Frosmoth|Ice Beam|p1a: Gholdengo
|-resisted|p1a: Gholdengo
|-damage|p1a: Gholdengo|0 fnt
|faint|p1a: Gholdengo
|
|-weather|none
|upkeep
|
|t:|1758260330
|switch|p1a: Gliscor|Gliscor, F|100/100
|-damage|p1a: Gliscor|88/100|[from] Stealth Rock
|turn|24
|
|t:|1758260336
|move|p1a: Gliscor|Earthquake|p2a: Frosmoth
|-crit|p2a: Frosmoth
|-damage|p2a: Frosmoth|0 fnt
|faint|p2a: Frosmoth
|
|-status|p1a: Gliscor|tox|[from] item: Toxic Orb
|upkeep
|
|t:|1758260346
|switch|p2a: Ninetales|Ninetales-Alola, M|100/100
|-weather|Snowscape|[from] ability: Snow Warning|[of] p2a: Ninetales
|turn|25
|
|t:|1758260353
|move|p2a: Ninetales|Aurora Veil|p2a: Ninetales
|-sidestart|p2: bibiGKC|move: Aurora Veil
|move|p1a: Gliscor|Earthquake|p2a: Ninetales
|-damage|p2a: Ninetales|84/100
|
|-weather|Snowscape|[upkeep]
|-heal|p1a: Gliscor|100/100 tox|[from] ability: Poison Heal
|upkeep
|turn|26
|
|t:|1758260367
|switch|p2a: Cetitan|Cetitan, M, shiny|100/100
|move|p1a: Gliscor|Earthquake|p2a: Cetitan
|-damage|p2a: Cetitan|91/100
|
|-weather|Snowscape|[upkeep]
|upkeep
|turn|27
|inactive|Jontonus has 120 seconds left.
|
|t:|1758260416
|move|p1a: Gliscor|Crabhammer|p2a: Cetitan
|-damage|p2a: Cetitan|85/100
|move|p2a: Cetitan|Knock Off|p1a: Gliscor
|-damage|p1a: Gliscor|78/100 tox
|-enditem|p1a: Gliscor|Toxic Orb|[from] move: Knock Off|[of] p2a: Cetitan
|
|-weather|Snowscape|[upkeep]
|-heal|p1a: Gliscor|90/100 tox|[from] ability: Poison Heal
|upkeep
|turn|28
|
|t:|1758260436
|move|p1a: Gliscor|Brick Break|p2a: Cetitan
|-sideend|p2: bibiGKC|move: Aurora Veil
|-supereffective|p2a: Cetitan
|-damage|p2a: Cetitan|64/100
|move|p2a: Cetitan|Ice Spinner|p1a: Gliscor
|-supereffective|p1a: Gliscor
|-damage|p1a: Gliscor|0 fnt
|faint|p1a: Gliscor
|
|-weather|Snowscape|[upkeep]
|upkeep
|
|t:|1758260441
|switch|p1a: Snorlax|Snorlax, M, shiny|100/100
|-damage|p1a: Snorlax|88/100|[from] Stealth Rock
|turn|29
|
|t:|1758260451
|move|p2a: Cetitan|Knock Off|p1a: Snorlax
|-damage|p1a: Snorlax|59/100
|-enditem|p1a: Snorlax|Leftovers|[from] move: Knock Off|[of] p2a: Cetitan
|move|p1a: Snorlax|Counter|p2a: Cetitan
|-damage|p2a: Cetitan|8/100
|
|-weather|none
|upkeep
|turn|30
|inactive|Jontonus has 120 seconds left.
|
|t:|1758260470
|move|p2a: Cetitan|Ice Spinner|p1a: Snorlax
|-damage|p1a: Snorlax|41/100
|move|p1a: Snorlax|Zen Headbutt|p2a: Cetitan
|-damage|p2a: Cetitan|0 fnt
|faint|p2a: Cetitan
|
|upkeep
|
|t:|1758260477
|switch|p2a: Ninetales|Ninetales-Alola, M|84/100
|-weather|Snowscape|[from] ability: Snow Warning|[of] p2a: Ninetales
|turn|31
|
|t:|1758260482
|move|p2a: Ninetales|Aurora Veil|p2a: Ninetales
|-sidestart|p2: bibiGKC|move: Aurora Veil
|move|p1a: Snorlax|Curse|p1a: Snorlax
|-unboost|p1a: Snorlax|spe|1
|-boost|p1a: Snorlax|atk|1
|-boost|p1a: Snorlax|def|1
|
|-weather|Snowscape|[upkeep]
|upkeep
|turn|32
|
|t:|1758260495
|move|p2a: Ninetales|Dazzling Gleam|p1a: Snorlax
|-damage|p1a: Snorlax|28/100
|move|p1a: Snorlax|Curse|p1a: Snorlax
|-unboost|p1a: Snorlax|spe|1
|-boost|p1a: Snorlax|atk|1
|-boost|p1a: Snorlax|def|1
|
|-weather|Snowscape|[upkeep]
|upkeep
|turn|33
|
|t:|1758260506
|move|p2a: Ninetales|Dazzling Gleam|p1a: Snorlax
|-damage|p1a: Snorlax|15/100
|move|p1a: Snorlax|Earthquake|p2a: Ninetales
|-damage|p2a: Ninetales|61/100
|
|-weather|Snowscape|[upkeep]
|upkeep
|turn|34
|
|t:|1758260514
|move|p2a: Ninetales|Dazzling Gleam|p1a: Snorlax
|-crit|p1a: Snorlax
|-damage|p1a: Snorlax|0 fnt
|faint|p1a: Snorlax
|
|-weather|Snowscape|[upkeep]
|upkeep
|
|t:|1758260518
|switch|p1a: Articuno|Articuno|100/100
|-damage|p1a: Articuno|51/100|[from] Stealth Rock
|-ability|p1a: Articuno|Pressure
|turn|35
|c|☆Jontonus|disgusting
|
|t:|1758260533
|move|p2a: Ninetales|Dazzling Gleam|p1a: Articuno
|-damage|p1a: Articuno|36/100
|move|p1a: Articuno|Blizzard|p2a: Ninetales
|-resisted|p2a: Ninetales
|-damage|p2a: Ninetales|49/100
|
|-weather|none
|upkeep
|turn|36
|c|☆Jontonus|disgusting
|c|☆Jontonus|disgusting
|c|☆Jontonus|disgusting
|c|☆Jontonus|disgusting
|c|☆Jontonus|disgusting
|c|☆Jontonus|disgusting
|c|☆Jontonus|disgusting
|c|☆Jontonus|disgusting
|c|☆Jontonus|disgusting
|c|☆Jontonus|disgusting
|c|☆Jontonus|disgusting
|c|☆Jontonus|disgusting
|
|t:|1758260550
|move|p2a: Ninetales|Dazzling Gleam|p1a: Articuno
|-damage|p1a: Articuno|22/100
|move|p1a: Articuno|Blizzard|p2a: Ninetales
|-resisted|p2a: Ninetales
|-damage|p2a: Ninetales|38/100
|
|upkeep
|turn|37
|
|t:|1758260557
|move|p2a: Ninetales|Dazzling Gleam|p1a: Articuno
|-damage|p1a: Articuno|7/100
|move|p1a: Articuno|Blizzard|p2a: Ninetales
|-resisted|p2a: Ninetales
|-damage|p2a: Ninetales|28/100
|
|upkeep
|turn|38
|
|t:|1758260565
|move|p2a: Ninetales|Dazzling Gleam|p1a: Articuno
|-damage|p1a: Articuno|0 fnt
|faint|p1a: Articuno
|
|win|bibiGKC
|raw|Jontonus's rating: 1040 &rarr; <strong>1027</strong><br />(-13 for losing)
|raw|bibiGKC's rating: 1097 &rarr; <strong>1118</strong><br />(+21 for winning)
|l|☆Jontonus
|player|p1|
