|j|☆jojosworld
|j|☆Praise The Alt
|t:|1758303856
|gametype|singles
|player|p1|jojosworld|cynthia|1643
|player|p2|Praise The Alt|clown|1583
|gen|9
|tier|[Gen 9] OU
|rated|
|rule|HP Percentage Mod: HP is shown in percentages
|rule|Endless Battle Clause: Forcing endless battles is banned
|rule|Species Clause: Limit one of each Pokémon
|rule|OHKO Clause: OHKO moves are banned
|rule|Evasion Items Clause: Evasion items are banned
|rule|Evasion Moves Clause: Evasion moves are banned
|rule|Evasion Abilities Clause: Evasion abilities are banned
|rule|Sleep Moves Clause: Sleep-inducing moves are banned
|clearpoke
|poke|p1|Alomomola, F|
|poke|p1|Ting-Lu|
|poke|p1|Corviknight, F|
|poke|p1|Clodsire, F|
|poke|p1|Meowscarada, F|
|poke|p1|Dragapult, F|
|poke|p2|Arcanine-Hisui, F|
|poke|p2|Darkrai|
|poke|p2|Great Tusk|
|poke|p2|Hatterene, F|
|poke|p2|Ogerpon-Wellspring, F|
|poke|p2|Zapdos|
|teampreview
|inactive|Battle timer is ON: inactive players will automatically lose when time's up. (requested by jojosworld)
|
|t:|1758303883
|teamsize|p1|6
|teamsize|p2|6
|start
|switch|p1a: Dragapult|Dragapult, F, shiny|100/100
|switch|p2a: Darkrai|Darkrai|100/100
|turn|1
|
|t:|1758303902
|switch|p1a: Corviknight|Corviknight, F, shiny|100/100
|-ability|p1a: Corviknight|Pressure
|move|p2a: Darkrai|Dark Pulse|p1a: Corviknight
|-damage|p1a: Corviknight|59/100
|
|upkeep
|turn|2
|
|t:|1758303907
|move|p2a: Darkrai|Dark Pulse|p1a: Corviknight
|-damage|p1a: Corviknight|19/100
|cant|p1a: Corviknight|flinch
|
|upkeep
|turn|3
|
|t:|1758303912
|switch|p2a: Ogerpon|Ogerpon-Wellspring, F|100/100
|switch|p1a: Ting-Lu|Ting-Lu, shiny|100/100
|-ability|p1a: Ting-Lu|Vessel of Ruin
|
|upkeep
|turn|4
|
|t:|1758303918
|switch|p1a: Clodsire|Clodsire, F, shiny|100/100
|move|p2a: Ogerpon|Knock Off|p1a: Clodsire
|-damage|p1a: Clodsire|56/100
|-enditem|p1a: Clodsire|Heavy-Duty Boots|[from] move: Knock Off|[of] p2a: Ogerpon
|
|upkeep
|turn|5
|
|t:|1758303923
|move|p2a: Ogerpon|U-turn|p1a: Clodsire
|-resisted|p1a: Clodsire
|-damage|p1a: Clodsire|40/100
|
|t:|1758303925
|switch|p2a: Hatterene|Hatterene, F|100/100|[from] U-turn
|move|p1a: Clodsire|Recover|p1a: Clodsire
|-heal|p1a: Clodsire|91/100
|
|upkeep
|turn|6
|
|t:|1758303931
|switch|p2a: Ogerpon|Ogerpon-Wellspring, F|100/100
|switch|p1a: Corviknight|Corviknight, F, shiny|19/100
|-ability|p1a: Corviknight|Pressure
|
|upkeep
|turn|7
|
|t:|1758303935
|switch|p1a: Clodsire|Clodsire, F, shiny|91/100
|move|p2a: Ogerpon|Knock Off|p1a: Clodsire
|-crit|p1a: Clodsire
|-damage|p1a: Clodsire|46/100
|
|upkeep
|turn|8
|
|t:|1758303940
|move|p2a: Ogerpon|U-turn|p1a: Clodsire
|-resisted|p1a: Clodsire
|-damage|p1a: Clodsire|30/100
|
|t:|1758303947
|switch|p2a: Arcanine|Arcanine-Hisui, F|100/100|[from] U-turn
|move|p1a: Clodsire|Recover|p1a: Clodsire
|-heal|p1a: Clodsire|80/100
|
|upkeep
|turn|9
|
|t:|1758303956
|switch|p1a: Alomomola|Alomomola, F, shiny|100/100
|move|p2a: Arcanine|Head Smash|p1a: Alomomola
|-damage|p1a: Alomomola|39/100
|
|upkeep
|turn|10
|
|t:|1758303969
|move|p1a: Alomomola|Protect|p1a: Alomomola
|-singleturn|p1a: Alomomola|Protect
|move|p2a: Arcanine|Head Smash|p1a: Alomomola
|-activate|p1a: Alomomola|move: Protect
|
|upkeep
|turn|11
|
|t:|1758303971
|switch|p1a: Corviknight|Corviknight, F, shiny|19/100
|-ability|p1a: Corviknight|Pressure
|move|p2a: Arcanine|Head Smash|p1a: Corviknight
|-damage|p1a: Corviknight|0 fnt
|-damage|p2a: Arcanine|84/100|[from] item: Rocky Helmet|[of] p1a: Corviknight
|faint|p1a: Corviknight
|
|upkeep
|
|t:|1758303975
|switch|p1a: Alomomola|Alomomola, F, shiny|72/100
|turn|12
|
|t:|1758303986
|move|p2a: Arcanine|Head Smash|p1a: Alomomola
|-damage|p1a: Alomomola|15/100
|move|p1a: Alomomola|Wish|p1a: Alomomola
|
|upkeep
|turn|13
|
|t:|1758303990
|move|p1a: Alomomola|Protect|p1a: Alomomola
|-singleturn|p1a: Alomomola|Protect
|move|p2a: Arcanine|Head Smash|p1a: Alomomola
|-activate|p1a: Alomomola|move: Protect
|
|-heal|p1a: Alomomola|65/100|[from] move: Wish|[wisher] Alomomola
|upkeep
|turn|14
|
|t:|1758303993
|-terastallize|p2a: Arcanine|Rock
|move|p2a: Arcanine|Head Smash|p1a: Alomomola
|-damage|p1a: Alomomola|0 fnt
|faint|p1a: Alomomola
|
|upkeep
|
|t:|1758303995
|switch|p1a: Meowscarada|Meowscarada, F, shiny|100/100
|turn|15
|
|t:|1758303998
|switch|p2a: Zapdos|Zapdos|100/100
|move|p1a: Meowscarada|Dark Pulse|p2a: Zapdos
|-start|p1a: Meowscarada|typechange|Dark|[from] ability: Protean
|-damage|p2a: Zapdos|56/100
|
|upkeep
|turn|16
|
|t:|1758304018
|switch|p2a: Great Tusk|Great Tusk|100/100
|move|p1a: Meowscarada|Dark Pulse|p2a: Great Tusk
|-resisted|p2a: Great Tusk
|-damage|p2a: Great Tusk|68/100
|
|upkeep
|turn|17
|-message|jojosworld forfeited.
|
|win|Praise The Alt
|raw|jojosworld's rating: 1643 &rarr; <strong>1620</strong><br />(-23 for losing)
|raw|Praise The Alt's rating: 1583 &rarr; <strong>1606</strong><br />(+23 for winning)
|l|☆Praise The Alt
|player|p2|
|l|☆jojosworld
|player|p1|
