|badge|p2|bronze|gen9monotype|100-6
|uhtml|medal-msg|<div class="broadcast-blue">Curious what those medals under the avatar are? PS now has Ladder Seasons! For more information, check out the <a href="https://www.smogon.com/forums/threads/3740067/">thread on Smogon.</a></div>
|j|☆vaporeonds
|j|☆Otak'Out
|inactive|Battle timer is ON: inactive players will automatically lose when time's up.
|t:|1758310618
|gametype|singles
|player|p1|vaporeonds|miku-ghost|
|player|p2|Otak'Out|selene-masters|
|gen|9
|tier|[Gen 9] OU
|rated|Tournament battle
|rule|HP Percentage Mod: HP is shown in percentages
|rule|Endless Battle Clause: Forcing endless battles is banned
|rule|Species Clause: Limit one of each Pokémon
|rule|OHKO Clause: OHKO moves are banned
|rule|Evasion Items Clause: Evasion items are banned
|rule|Evasion Moves Clause: Evasion moves are banned
|rule|Evasion Abilities Clause: Evasion abilities are banned
|rule|Sleep Moves Clause: Sleep-inducing moves are banned
|clearpoke
|poke|p1|Weezing-Galar, F|
|poke|p1|Tornadus-Therian, M|
|poke|p1|Weavile, M|
|poke|p1|Ting-Lu|
|poke|p1|Gholdengo|
|poke|p1|Hydrapple, F|
|poke|p2|Great Tusk|
|poke|p2|Slowking-Galar, M|
|poke|p2|Alomomola, F|
|poke|p2|Kingambit, F|
|poke|p2|Dragapult, M|
|poke|p2|Toucannon, F|
|teampreview
|j|*Lady Monita ☀
|inactive|Otak'Out also wants the timer to be on.
|inactive|vaporeonds also wants the timer to be on.
|
|t:|1758310633
|teamsize|p1|6
|teamsize|p2|6
|start
|switch|p1a: Unset|Tornadus-Therian, M|100/100
|switch|p2a: Toucannon|Toucannon, F|100/100
|turn|1
|
|t:|1758310643
|switch|p1a: Takedown|Gholdengo|100/100
|-item|p1a: Takedown|Air Balloon
|move|p2a: Toucannon|Brave Bird|p1a: Takedown
|-resisted|p1a: Takedown
|-damage|p1a: Takedown|68/100
|-enditem|p1a: Takedown|Air Balloon
|-damage|p2a: Toucannon|87/100|[from] Recoil
|
|upkeep
|turn|2
|
|t:|1758310655
|switch|p2a: Alomomola|Alomomola, F|100/100
|move|p1a: Takedown|Recover|p1a: Takedown
|-heal|p1a: Takedown|100/100
|
|upkeep
|turn|3
|
|t:|1758310662
|move|p1a: Takedown|Shadow Ball|p2a: Alomomola
|-damage|p2a: Alomomola|59/100
|move|p2a: Alomomola|Flip Turn|p1a: Takedown
|-damage|p1a: Takedown|88/100
|
|t:|1758310671
|switch|p2a: Great Tusk|Great Tusk|100/100|[from] Flip Turn
|
|upkeep
|turn|4
|
|t:|1758310676
|switch|p1a: Unset|Tornadus-Therian, M|100/100
|move|p2a: Great Tusk|Stealth Rock|p1a: Unset
|-sidestart|p1: vaporeonds|move: Stealth Rock
|
|upkeep
|turn|5
|
|t:|1758310680
|-end|p2a: Great Tusk|Protosynthesis|[silent]
|switch|p2a: Slowking|Slowking-Galar, M|100/100
|move|p1a: Unset|Knock Off|p2a: Slowking
|-supereffective|p2a: Slowking
|-damage|p2a: Slowking|62/100
|-enditem|p2a: Slowking|Heavy-Duty Boots|[from] move: Knock Off|[of] p1a: Unset
|
|upkeep
|turn|6
|
|t:|1758310684
|move|p1a: Unset|U-turn|p2a: Slowking
|-damage|p2a: Slowking|48/100
|
|t:|1758310687
|switch|p1a: Fake|Weezing-Galar, F|100/100|[from] U-turn
|-ability|p1a: Fake|Neutralizing Gas
|move|p2a: Slowking|Thunder Wave|p1a: Fake
|-status|p1a: Fake|par
|
|upkeep
|turn|7
|
|t:|1758310693
|move|p1a: Fake|Defog|p2a: Slowking
|-unboost|p2a: Slowking|evasion|1
|-sideend|p1: vaporeonds|Stealth Rock|[from] move: Defog|[of] p1a: Fake
|move|p2a: Slowking|Sludge Bomb|p1a: Fake
|-damage|p1a: Fake|55/100 par
|
|upkeep
|turn|8
|
|t:|1758310698
|-end|p1a: Fake|ability: Neutralizing Gas
|switch|p1a: Takedown|Gholdengo|88/100
|-prepare|p2a: Slowking|Chilly Reception|[premajor]
|move|p2a: Slowking|Chilly Reception|p2a: Slowking
|-weather|Snowscape
|
|t:|1758310704
|switch|p2a: Great Tusk|Great Tusk|100/100|[from] Chilly Reception
|
|-weather|Snowscape|[upkeep]
|upkeep
|turn|9
|
|t:|1758310708
|move|p2a: Great Tusk|Headlong Rush|p1a: Takedown
|-supereffective|p1a: Takedown
|-damage|p1a: Takedown|11/100
|-unboost|p2a: Great Tusk|def|1
|-unboost|p2a: Great Tusk|spd|1
|move|p1a: Takedown|Make It Rain|p2a: Great Tusk
|-crit|p2a: Great Tusk
|-damage|p2a: Great Tusk|0 fnt
|-unboost|p1a: Takedown|spa|1
|faint|p2a: Great Tusk
|-end|p2a: Great Tusk|Protosynthesis|[silent]
|
|-weather|Snowscape|[upkeep]
|upkeep
|
|t:|1758310712
|switch|p2a: Toucannon|Toucannon, F|87/100
|turn|10
|
|t:|1758310717
|move|p2a: Toucannon|Brave Bird|p1a: Takedown
|-resisted|p1a: Takedown
|-damage|p1a: Takedown|0 fnt
|faint|p1a: Takedown
|-damage|p2a: Toucannon|83/100|[from] Recoil
|
|-weather|Snowscape|[upkeep]
|upkeep
|
|t:|1758310721
|switch|p1a: Unset|Tornadus-Therian, M|100/100
|turn|11
|
|t:|1758310725
|switch|p2a: Alomomola|Alomomola, F|92/100
|move|p1a: Unset|Bleakwind Storm|p2a: Alomomola
|-damage|p2a: Alomomola|44/100
|-unboost|p2a: Alomomola|spe|1
|
|-weather|Snowscape|[upkeep]
|upkeep
|turn|12
|
|t:|1758310731
|switch|p2a: Slowking|Slowking-Galar, M|82/100
|move|p1a: Unset|Bleakwind Storm|p2a: Slowking
|-damage|p2a: Slowking|59/100
|
|-weather|none
|upkeep
|turn|13
|j| Albrtix
|
|t:|1758310737
|move|p1a: Unset|U-turn|p2a: Slowking
|-damage|p2a: Slowking|45/100
|
|t:|1758310741
|switch|p1a: Cutie pie|Ting-Lu|100/100|[from] U-turn
|-ability|p1a: Cutie pie|Vessel of Ruin
|-prepare|p2a: Slowking|Chilly Reception|[premajor]
|move|p2a: Slowking|Chilly Reception|p2a: Slowking
|-weather|Snowscape
|
|t:|1758310749
|switch|p2a: Toucannon|Toucannon, F|83/100|[from] Chilly Reception
|
|-weather|Snowscape|[upkeep]
|upkeep
|turn|14
|
|t:|1758310754
|move|p2a: Toucannon|Bullet Seed|p1a: Cutie pie
|-supereffective|p1a: Cutie pie
|-damage|p1a: Cutie pie|86/100
|-supereffective|p1a: Cutie pie
|-damage|p1a: Cutie pie|72/100
|-supereffective|p1a: Cutie pie
|-damage|p1a: Cutie pie|57/100
|-supereffective|p1a: Cutie pie
|-damage|p1a: Cutie pie|44/100
|-supereffective|p1a: Cutie pie
|-damage|p1a: Cutie pie|30/100
|-hitcount|p1a: Cutie pie|5
|move|p1a: Cutie pie|Stealth Rock|p2a: Toucannon
|-sidestart|p2: Otak'Out|move: Stealth Rock
|
|-weather|Snowscape|[upkeep]
|-heal|p1a: Cutie pie|36/100|[from] item: Leftovers
|upkeep
|turn|15
|
|t:|1758310762
|switch|p1a: Fake|Weezing-Galar, F|55/100 par
|-ability|p1a: Fake|Neutralizing Gas
|move|p2a: Toucannon|Bullet Seed|p1a: Fake
|-resisted|p1a: Fake
|-damage|p1a: Fake|50/100 par
|-resisted|p1a: Fake
|-damage|p1a: Fake|46/100 par
|-hitcount|p1a: Fake|2
|
|-weather|Snowscape|[upkeep]
|upkeep
|turn|16
|
|t:|1758310767
|switch|p2a: Alomomola|Alomomola, F|77/100
|move|p1a: Fake|Pain Split|p2a: Alomomola
|-sethp|p2a: Alomomola|53/100|[from] move: Pain Split|[silent]
|-sethp|p1a: Fake|85/100 par|[from] move: Pain Split
|
|-weather|Snowscape|[upkeep]
|upkeep
|turn|17
|
|t:|1758310771
|move|p2a: Alomomola|Wish|p2a: Alomomola
|cant|p1a: Fake|par
|
|-weather|none
|upkeep
|turn|18
|
|t:|1758310773
|move|p2a: Alomomola|Flip Turn|p1a: Fake
|-crit|p1a: Fake
|-damage|p1a: Fake|68/100 par
|
|t:|1758310777
|switch|p2a: Slowking|Slowking-Galar, M|78/100|[from] Flip Turn
|-damage|p2a: Slowking|65/100|[from] Stealth Rock
|move|p1a: Fake|Will-O-Wisp|p2a: Slowking
|-status|p2a: Slowking|brn
|
|-heal|p2a: Slowking|100/100 brn|[from] move: Wish|[wisher] Alomomola
|-damage|p2a: Slowking|94/100 brn|[from] brn
|upkeep
|turn|19
|
|t:|1758310780
|-end|p1a: Fake|ability: Neutralizing Gas
|switch|p1a: Cutie pie|Ting-Lu|36/100
|-ability|p1a: Cutie pie|Vessel of Ruin
|move|p2a: Slowking|Sludge Bomb|p1a: Cutie pie
|-resisted|p1a: Cutie pie
|-damage|p1a: Cutie pie|29/100
|
|-heal|p1a: Cutie pie|35/100|[from] item: Leftovers
|-damage|p2a: Slowking|88/100 brn|[from] brn
|upkeep
|turn|20
|
|t:|1758310785
|move|p1a: Cutie pie|Earthquake|p2a: Slowking
|-supereffective|p2a: Slowking
|-damage|p2a: Slowking|18/100 brn
|-prepare|p2a: Slowking|Chilly Reception|[premajor]
|move|p2a: Slowking|Chilly Reception|p2a: Slowking
|-weather|Snowscape
|
|t:|1758310789
|switch|p2a: Dragapult|Dragapult, M|100/100|[from] Chilly Reception
|
|-weather|Snowscape|[upkeep]
|-heal|p1a: Cutie pie|41/100|[from] item: Leftovers
|upkeep
|turn|21
|
|t:|1758310795
|move|p2a: Dragapult|Dragon Darts|p1a: Cutie pie
|-damage|p1a: Cutie pie|31/100
|-anim|p2a: Dragapult|Dragon Darts|p1a: Cutie pie
|-damage|p1a: Cutie pie|19/100
|move|p1a: Cutie pie|Earthquake|p2a: Dragapult
|-damage|p2a: Dragapult|50/100
|
|-weather|Snowscape|[upkeep]
|-heal|p1a: Cutie pie|25/100|[from] item: Leftovers
|upkeep
|turn|22
|
|t:|1758310801
|switch|p1a: Fake|Weezing-Galar, F|68/100 par
|-ability|p1a: Fake|Neutralizing Gas
|move|p2a: Dragapult|Dragon Darts|p1a: Fake
|-immune|p1a: Fake
|
|-weather|Snowscape|[upkeep]
|upkeep
|turn|23
|
|t:|1758310805
|-end|p1a: Fake|ability: Neutralizing Gas
|switch|p1a: Cutie pie|Ting-Lu|25/100
|-ability|p1a: Cutie pie|Vessel of Ruin
|move|p2a: Dragapult|Hex|p1a: Cutie pie
|-resisted|p1a: Cutie pie
|-damage|p1a: Cutie pie|19/100
|
|-weather|Snowscape|[upkeep]
|-heal|p1a: Cutie pie|25/100|[from] item: Leftovers
|upkeep
|turn|24
|
|t:|1758310808
|move|p2a: Dragapult|Dragon Darts|p1a: Cutie pie
|-damage|p1a: Cutie pie|14/100
|-anim|p2a: Dragapult|Dragon Darts|p1a: Cutie pie
|-damage|p1a: Cutie pie|2/100
|move|p1a: Cutie pie|Earthquake|p2a: Dragapult
|-damage|p2a: Dragapult|1/100
|
|-weather|none
|-heal|p1a: Cutie pie|8/100|[from] item: Leftovers
|upkeep
|turn|25
|
|t:|1758310812
|move|p2a: Dragapult|Dragon Darts|p1a: Cutie pie
|-damage|p1a: Cutie pie|0 fnt
|faint|p1a: Cutie pie
|
|upkeep
|
|t:|1758310813
|switch|p1a: Real 1|Weavile, M|100/100
|-ability|p1a: Real 1|Pressure
|turn|26
|
|t:|1758310815
|move|p1a: Real 1|Ice Shard|p2a: Dragapult
|-supereffective|p2a: Dragapult
|-damage|p2a: Dragapult|0 fnt
|faint|p2a: Dragapult
|
|upkeep
|
|t:|1758310820
|switch|p2a: Alomomola|Alomomola, F|53/100
|turn|27
|
|t:|1758310824
|move|p1a: Real 1|Swords Dance|p1a: Real 1
|-boost|p1a: Real 1|atk|2
|move|p2a: Alomomola|Scald|p1a: Real 1
|-damage|p1a: Real 1|82/100
|-status|p1a: Real 1|brn
|
|-damage|p1a: Real 1|76/100 brn|[from] brn
|upkeep
|turn|28
|
|t:|1758310827
|move|p1a: Real 1|Knock Off|p2a: Alomomola
|-damage|p2a: Alomomola|28/100
|-enditem|p2a: Alomomola|Heavy-Duty Boots|[from] move: Knock Off|[of] p1a: Real 1
|move|p2a: Alomomola|Wish|p2a: Alomomola
|
|-damage|p1a: Real 1|70/100 brn|[from] brn
|upkeep
|turn|29
|
|t:|1758310831
|move|p1a: Real 1|Knock Off|p2a: Alomomola
|-damage|p2a: Alomomola|12/100
|move|p2a: Alomomola|Scald|p1a: Real 1
|-damage|p1a: Real 1|52/100 brn
|
|-heal|p2a: Alomomola|62/100|[from] move: Wish|[wisher] Alomomola
|-damage|p1a: Real 1|46/100 brn|[from] brn
|upkeep
|turn|30
|c|☆vaporeonds|painful burn
|c|☆vaporeonds|but probably still lose to gambit
|
|t:|1758310854
|switch|p1a: Unset|Tornadus-Therian, M|100/100
|move|p2a: Alomomola|Wish|p2a: Alomomola
|
|upkeep
|turn|31
|
|t:|1758310860
|switch|p2a: Slowking|Slowking-Galar, M|52/100 brn
|-damage|p2a: Slowking|39/100 brn|[from] Stealth Rock
|move|p1a: Unset|U-turn|p2a: Slowking
|-damage|p2a: Slowking|23/100 brn
|
|t:|1758310862
|switch|p1a: Real 1|Weavile, M|46/100 brn|[from] U-turn
|-ability|p1a: Real 1|Pressure
|
|-heal|p2a: Slowking|91/100 brn|[from] move: Wish|[wisher] Alomomola
|-damage|p1a: Real 1|40/100 brn|[from] brn
|-damage|p2a: Slowking|85/100 brn|[from] brn
|upkeep
|turn|32
|
|t:|1758310867
|switch|p2a: Alomomola|Alomomola, F|95/100
|-damage|p2a: Alomomola|83/100|[from] Stealth Rock
|move|p1a: Real 1|Knock Off|p2a: Alomomola
|-damage|p2a: Alomomola|74/100
|
|-damage|p1a: Real 1|34/100 brn|[from] brn
|upkeep
|turn|33
|
|t:|1758310872
|switch|p1a: Unset|Tornadus-Therian, M|100/100
|move|p2a: Alomomola|Wish|p2a: Alomomola
|
|upkeep
|turn|34
|
|t:|1758310875
|switch|p2a: Slowking|Slowking-Galar, M|100/100 brn
|-damage|p2a: Slowking|88/100 brn|[from] Stealth Rock
|move|p1a: Unset|Bleakwind Storm|p2a: Slowking
|-damage|p2a: Slowking|67/100 brn
|
|-heal|p2a: Slowking|100/100 brn|[from] move: Wish|[wisher] Alomomola
|-damage|p2a: Slowking|94/100 brn|[from] brn
|upkeep
|turn|35
|
|t:|1758310884
|move|p1a: Unset|Knock Off|p2a: Slowking
|-supereffective|p2a: Slowking
|-damage|p2a: Slowking|68/100 brn
|move|p2a: Slowking|Sludge Bomb|p1a: Unset
|-damage|p1a: Unset|76/100
|-status|p1a: Unset|psn
|
|-damage|p1a: Unset|64/100 psn|[from] psn
|-damage|p2a: Slowking|62/100 brn|[from] brn
|upkeep
|turn|36
|
|t:|1758310888
|move|p1a: Unset|Knock Off|p2a: Slowking
|-supereffective|p2a: Slowking
|-damage|p2a: Slowking|34/100 brn
|move|p2a: Slowking|Sludge Bomb|p1a: Unset
|-damage|p1a: Unset|40/100 psn
|
|-damage|p1a: Unset|28/100 psn|[from] psn
|-damage|p2a: Slowking|28/100 brn|[from] brn
|upkeep
|turn|37
|
|t:|1758310895
|switch|p2a: Alomomola|Alomomola, F|100/100
|-damage|p2a: Alomomola|88/100|[from] Stealth Rock
|move|p1a: Unset|U-turn|p2a: Alomomola
|-damage|p2a: Alomomola|81/100
|
|t:|1758310897
|switch|p1a: Free|Hydrapple, F, shiny|100/100|[from] U-turn
|
|upkeep
|turn|38
|
|t:|1758310906
|move|p2a: Alomomola|Protect|p2a: Alomomola
|-singleturn|p2a: Alomomola|Protect
|move|p1a: Free|Fickle Beam|p2a: Alomomola
|-activate|p2a: Alomomola|move: Protect
|
|upkeep
|turn|39
|
|t:|1758310911
|move|p1a: Free|Nasty Plot|p1a: Free
|-boost|p1a: Free|spa|2
|move|p2a: Alomomola|Wish|p2a: Alomomola
|
|upkeep
|turn|40
|
|t:|1758310915
|move|p1a: Free|Earth Power|p2a: Alomomola
|-damage|p2a: Alomomola|25/100
|-unboost|p2a: Alomomola|spd|1
|move|p2a: Alomomola|Flip Turn|p1a: Free
|-resisted|p1a: Free
|-crit|p1a: Free
|-damage|p1a: Free|97/100
|
|t:|1758310918
|switch|p2a: Toucannon|Toucannon, F|83/100|[from] Flip Turn
|-damage|p2a: Toucannon|58/100|[from] Stealth Rock
|
|-heal|p2a: Toucannon|100/100|[from] move: Wish|[wisher] Alomomola
|upkeep
|turn|41
|
|t:|1758310920
|-terastallize|p1a: Free|Steel
|move|p2a: Toucannon|Brave Bird|p1a: Free
|-resisted|p1a: Free
|-damage|p1a: Free|71/100
|-damage|p2a: Toucannon|89/100|[from] Recoil
|move|p1a: Free|Fickle Beam|p2a: Toucannon|[anim] Fickle Beam All Out
|-activate|p1a: Free|move: Fickle Beam
|-damage|p2a: Toucannon|0 fnt
|faint|p2a: Toucannon
|
|upkeep
|c|☆Otak'Out|ah
|inactive|Otak'Out has 120 seconds left.
|
|t:|1758310956
|switch|p2a: Alomomola|Alomomola, F|58/100
|-damage|p2a: Alomomola|46/100|[from] Stealth Rock
|turn|42
|
|t:|1758310958
|move|p1a: Free|Giga Drain|p2a: Alomomola
|-supereffective|p2a: Alomomola
|-damage|p2a: Alomomola|0 fnt
|-heal|p1a: Free|99/100|[from] drain|[of] p2a: Alomomola
|faint|p2a: Alomomola
|
|upkeep
|
|t:|1758310961
|switch|p2a: Kingambit|Kingambit, F|100/100
|-damage|p2a: Kingambit|94/100|[from] Stealth Rock
|-activate|p2a: Kingambit|ability: Supreme Overlord
|-start|p2a: Kingambit|fallen4|[silent]
|turn|43
|
|t:|1758310970
|move|p2a: Kingambit|Low Kick|p1a: Free
|-supereffective|p1a: Free
|-damage|p1a: Free|54/100
|move|p1a: Free|Earth Power|p2a: Kingambit
|-supereffective|p2a: Kingambit
|-damage|p2a: Kingambit|0 fnt
|faint|p2a: Kingambit
|-end|p2a: Kingambit|fallen4|[silent]
|
|upkeep
|-message|Otak'Out forfeited.
|
|win|vaporeonds
|n|☆vaporeonds|vaporeonds
|n|☆Otak'Out|otakout
|n|*Lady Monita ☀|ladymonita
|n| Albrtix|albrtix
|l|*Lady Monita ☀
|l|☆Otak'Out
|player|p2|
|l|☆vaporeonds
|player|p1|
