|j|☆sunny dancing
|j|☆rookie22
|t:|1758305147
|gametype|singles
|player|p1|sunny dancing|170|1816
|player|p2|rookie22|iris-gen5bw2|1780
|gen|9
|tier|[Gen 9] OU
|rated|
|rule|HP Percentage Mod: HP is shown in percentages
|rule|Endless Battle Clause: Forcing endless battles is banned
|rule|Species Clause: Limit one of each Pokémon
|rule|OHKO Clause: OHKO moves are banned
|rule|Evasion Items Clause: Evasion items are banned
|rule|Evasion Moves Clause: Evasion moves are banned
|rule|Evasion Abilities Clause: Evasion abilities are banned
|rule|Sleep Moves Clause: Sleep-inducing moves are banned
|clearpoke
|poke|p1|Ogerpon-Wellspring, F|
|poke|p1|Slowking-Galar, M|
|poke|p1|Great Tusk|
|poke|p1|Moltres|
|poke|p1|Dragapult, M|
|poke|p1|Kingambit, M|
|poke|p2|Dragonite, M|
|poke|p2|Meowscarada, F|
|poke|p2|Keldeo|
|poke|p2|Iron Crown|
|poke|p2|Raging Bolt|
|poke|p2|Great Tusk|
|teampreview
|inactive|Battle timer is ON: inactive players will automatically lose when time's up. (requested by rookie22)
|inactive|sunny dancing also wants the timer to be on.
|j| Squallskip
|
|t:|1758305161
|teamsize|p1|6
|teamsize|p2|6
|start
|switch|p1a: Great Tusk|Great Tusk|100/100
|switch|p2a: Lisan Al Gaib|Keldeo|100/100
|turn|1
|
|t:|1758305180
|-end|p1a: Great Tusk|Protosynthesis|[silent]
|switch|p1a: Slowking|Slowking-Galar, M|100/100
|move|p2a: Lisan Al Gaib|Surf|p1a: Slowking
|-damage|p1a: Slowking|59/100
|
|upkeep
|turn|2
|l|☆rookie22
|inactive|rookie22 disconnected and has a minute to reconnect!
|player|p2|
|j|☆rookie22
|inactive|rookie22 reconnected and has 135 seconds left.
|player|p2|rookie22|iris-gen5bw2|
|inactive|rookie22 has 120 seconds left.
|j| DissFunktion
|
|t:|1758305235
|switch|p2a: Raging Bolt|Raging Bolt|100/100
|move|p1a: Slowking|Psyshock|p2a: Raging Bolt
|-damage|p2a: Raging Bolt|70/100
|
|-heal|p2a: Raging Bolt|76/100|[from] item: Leftovers
|upkeep
|turn|3
|
|t:|1758305244
|switch|p1a: Great Tusk|Great Tusk|100/100
|move|p2a: Raging Bolt|Dragon Pulse|p1a: Great Tusk
|-damage|p1a: Great Tusk|30/100
|
|-heal|p2a: Raging Bolt|83/100|[from] item: Leftovers
|upkeep
|turn|4
|
|t:|1758305251
|-end|p2a: Raging Bolt|Protosynthesis|[silent]
|switch|p2a: Great Tusk|Great Tusk|100/100
|move|p1a: Great Tusk|Headlong Rush|p2a: Great Tusk
|-damage|p2a: Great Tusk|64/100
|-unboost|p1a: Great Tusk|def|1
|-unboost|p1a: Great Tusk|spd|1
|
|-heal|p2a: Great Tusk|70/100|[from] item: Leftovers
|upkeep
|turn|5
|
|t:|1758305258
|move|p1a: Great Tusk|Headlong Rush|p2a: Great Tusk
|-damage|p2a: Great Tusk|27/100
|-unboost|p1a: Great Tusk|def|1
|-unboost|p1a: Great Tusk|spd|1
|move|p2a: Great Tusk|Earthquake|p1a: Great Tusk
|-damage|p1a: Great Tusk|0 fnt
|faint|p1a: Great Tusk
|-end|p1a: Great Tusk|Protosynthesis|[silent]
|
|-heal|p2a: Great Tusk|33/100|[from] item: Leftovers
|upkeep
|
|t:|1758305264
|switch|p1a: Ogerpon|Ogerpon-Wellspring, F|100/100
|turn|6
|
|t:|1758305277
|-end|p2a: Great Tusk|Protosynthesis|[silent]
|switch|p2a: Raging Bolt|Raging Bolt|83/100
|move|p1a: Ogerpon|Knock Off|p2a: Raging Bolt
|-damage|p2a: Raging Bolt|49/100
|-enditem|p2a: Raging Bolt|Leftovers|[from] move: Knock Off|[of] p1a: Ogerpon
|
|upkeep
|turn|7
|
|t:|1758305283
|move|p2a: Raging Bolt|Thunderclap|p1a: Ogerpon
|-damage|p1a: Ogerpon|50/100
|move|p1a: Ogerpon|U-turn|p2a: Raging Bolt
|-damage|p2a: Raging Bolt|26/100
|
|t:|1758305290
|switch|p1a: Slowking|Slowking-Galar, M|93/100|[from] U-turn
|
|upkeep
|turn|8
|
|t:|1758305295
|-end|p2a: Raging Bolt|Protosynthesis|[silent]
|switch|p2a: Bene Gesserit|Iron Crown|100/100
|move|p1a: Slowking|Ice Beam|p2a: Bene Gesserit
|-resisted|p2a: Bene Gesserit
|-damage|p2a: Bene Gesserit|92/100
|
|upkeep
|turn|9
|
|t:|1758305302
|move|p2a: Bene Gesserit|Psyshock|p1a: Slowking
|-damage|p1a: Slowking|52/100
|move|p1a: Slowking|Flamethrower|p2a: Bene Gesserit
|-supereffective|p2a: Bene Gesserit
|-damage|p2a: Bene Gesserit|58/100
|
|upkeep
|turn|10
|j| powerpuff moves
|j| Partynparadise
|
|t:|1758305308
|move|p2a: Bene Gesserit|Psyshock|p1a: Slowking
|-damage|p1a: Slowking|16/100
|move|p1a: Slowking|Flamethrower|p2a: Bene Gesserit
|-supereffective|p2a: Bene Gesserit
|-damage|p2a: Bene Gesserit|19/100
|-status|p2a: Bene Gesserit|brn
|
|-damage|p2a: Bene Gesserit|13/100 brn|[from] brn
|upkeep
|turn|11
|
|t:|1758305333
|switch|p1a: Dragapult|Dragapult, M|100/100
|move|p2a: Bene Gesserit|Tachyon Cutter|p1a: Dragapult
|-damage|p1a: Dragapult|61/100
|-damage|p1a: Dragapult|22/100
|-hitcount|p1a: Dragapult|2
|
|-damage|p2a: Bene Gesserit|7/100 brn|[from] brn
|upkeep
|turn|12
|
|t:|1758305338
|move|p1a: Dragapult|Dragon Darts|p2a: Bene Gesserit
|-resisted|p2a: Bene Gesserit
|-damage|p2a: Bene Gesserit|0 fnt
|faint|p2a: Bene Gesserit
|-end|p2a: Bene Gesserit|Quark Drive|[silent]
|
|upkeep
|inactive|rookie22 has 120 seconds left.
|l| powerpuff moves
|inactive|rookie22 has 90 seconds left.
|
|t:|1758305398
|switch|p2a: Lisan Al Gaib|Keldeo|100/100
|turn|13
|inactive|rookie22 has 90 seconds left.
|
|t:|1758305412
|move|p1a: Dragapult|Dragon Darts|p2a: Lisan Al Gaib
|-damage|p2a: Lisan Al Gaib|74/100
|-anim|p1a: Dragapult|Dragon Darts|p2a: Lisan Al Gaib
|-damage|p2a: Lisan Al Gaib|48/100
|move|p2a: Lisan Al Gaib|Surf|p1a: Dragapult
|-resisted|p1a: Dragapult
|-damage|p1a: Dragapult|0 fnt
|faint|p1a: Dragapult
|
|upkeep
|
|t:|1758305416
|switch|p1a: Slowking|Slowking-Galar, M|49/100
|turn|14
|
|t:|1758305421
|switch|p2a: Meowscarada|Meowscarada, F|100/100
|switch|p1a: Ogerpon|Ogerpon-Wellspring, F|50/100
|
|upkeep
|turn|15
|
|t:|1758305432
|switch|p1a: Moltres|Moltres|100/100
|move|p2a: Meowscarada|Knock Off|p1a: Moltres
|-start|p2a: Meowscarada|typechange|Dark|[from] ability: Protean
|-damage|p1a: Moltres|70/100
|-enditem|p1a: Moltres|Heavy-Duty Boots|[from] move: Knock Off|[of] p2a: Meowscarada
|
|upkeep
|turn|16
|
|t:|1758305440
|switch|p2a: Raging Bolt|Raging Bolt|26/100
|move|p1a: Moltres|U-turn|p2a: Raging Bolt
|-damage|p2a: Raging Bolt|13/100
|
|t:|1758305446
|switch|p1a: Kingambit|Kingambit, M|100/100|[from] U-turn
|-activate|p1a: Kingambit|ability: Supreme Overlord
|-start|p1a: Kingambit|fallen2|[silent]
|
|upkeep
|turn|17
|
|t:|1758305450
|move|p2a: Raging Bolt|Thunderclap||[still]
|-fail|p2a: Raging Bolt
|move|p1a: Kingambit|Swords Dance|p1a: Kingambit
|-boost|p1a: Kingambit|atk|2
|
|upkeep
|turn|18
|
|t:|1758305455
|move|p1a: Kingambit|Sucker Punch|p2a: Raging Bolt
|-damage|p2a: Raging Bolt|0 fnt
|faint|p2a: Raging Bolt
|-end|p2a: Raging Bolt|Protosynthesis|[silent]
|
|upkeep
|
|t:|1758305461
|switch|p2a: Lisan Al Gaib|Keldeo|48/100
|turn|19
|
|t:|1758305466
|-terastallize|p1a: Kingambit|Ghost
|move|p1a: Kingambit|Sucker Punch|p2a: Lisan Al Gaib
|-resisted|p2a: Lisan Al Gaib
|-damage|p2a: Lisan Al Gaib|0 fnt
|faint|p2a: Lisan Al Gaib
|
|upkeep
|
|t:|1758305470
|switch|p2a: Meowscarada|Meowscarada, F|100/100
|turn|20
|
|t:|1758305475
|-end|p1a: Kingambit|fallen2|[silent]
|switch|p1a: Moltres|Moltres|70/100
|move|p2a: Meowscarada|Knock Off|p1a: Moltres
|-start|p2a: Meowscarada|typechange|Dark|[from] ability: Protean
|-damage|p1a: Moltres|51/100
|
|upkeep
|turn|21
|
|t:|1758305486
|move|p2a: Meowscarada|Taunt|p1a: Moltres
|-start|p1a: Moltres|move: Taunt
|cant|p1a: Moltres|move: Taunt|Roost
|
|upkeep
|turn|22
|
|t:|1758305498
|switch|p2a: Great Tusk|Great Tusk|33/100
|move|p1a: Moltres|Flamethrower|p2a: Great Tusk
|-damage|p2a: Great Tusk|0 fnt
|faint|p2a: Great Tusk
|-end|p2a: Great Tusk|Protosynthesis|[silent]
|
|upkeep
|j| dfkodo
|
|t:|1758305500
|switch|p2a: MEGA DRAGONITE|Dragonite, M|100/100
|turn|23
|
|t:|1758305505
|move|p2a: MEGA DRAGONITE|Dragon Dance|p2a: MEGA DRAGONITE
|-boost|p2a: MEGA DRAGONITE|atk|1
|-boost|p2a: MEGA DRAGONITE|spe|1
|move|p1a: Moltres|U-turn|p2a: MEGA DRAGONITE
|-resisted|p2a: MEGA DRAGONITE
|-damage|p2a: MEGA DRAGONITE|97/100
|
|t:|1758305514
|switch|p1a: Kingambit|Kingambit, M, tera:Ghost|100/100|[from] U-turn
|-activate|p1a: Kingambit|ability: Supreme Overlord
|-start|p1a: Kingambit|fallen2|[silent]
|
|upkeep
|turn|24
|
|t:|1758305526
|-terastallize|p2a: MEGA DRAGONITE|Flying
|move|p2a: MEGA DRAGONITE|Tera Blast|p1a: Kingambit|[anim] Tera Blast Flying
|-damage|p1a: Kingambit|39/100
|move|p1a: Kingambit|Iron Head|p2a: MEGA DRAGONITE
|-damage|p2a: MEGA DRAGONITE|40/100
|
|-heal|p1a: Kingambit|45/100|[from] item: Leftovers
|upkeep
|turn|25
|
|t:|1758305537
|switch|p2a: Meowscarada|Meowscarada, F|100/100
|move|p1a: Kingambit|Sucker Punch||[still]
|-fail|p1a: Kingambit
|
|-heal|p1a: Kingambit|51/100|[from] item: Leftovers
|upkeep
|turn|26
|
|t:|1758305541
|-end|p1a: Kingambit|fallen2|[silent]
|switch|p1a: Moltres|Moltres|51/100
|move|p2a: Meowscarada|Knock Off|p1a: Moltres
|-start|p2a: Meowscarada|typechange|Dark|[from] ability: Protean
|-damage|p1a: Moltres|30/100
|
|upkeep
|turn|27
|
|t:|1758305548
|move|p2a: Meowscarada|Taunt|p1a: Moltres
|-start|p1a: Moltres|move: Taunt
|move|p1a: Moltres|Flamethrower|p2a: Meowscarada
|-damage|p2a: Meowscarada|39/100
|
|upkeep
|turn|28
|
|t:|1758305568
|switch|p2a: MEGA DRAGONITE|Dragonite, M, tera:Flying|40/100
|move|p1a: Moltres|U-turn|p2a: MEGA DRAGONITE
|-resisted|p2a: MEGA DRAGONITE
|-damage|p2a: MEGA DRAGONITE|32/100
|
|t:|1758305573
|switch|p1a: Ogerpon|Ogerpon-Wellspring, F|50/100|[from] U-turn
|
|upkeep
|turn|29
|l| Partynparadise
|-message|rookie22 forfeited.
|
|win|sunny dancing
|raw|sunny dancing's rating: 1816 &rarr; <strong>1834</strong><br />(+18 for winning)
|raw|rookie22's rating: 1780 &rarr; <strong>1762</strong><br />(-18 for losing)
|l|☆rookie22
|player|p2|
|l|☆sunny dancing
|player|p1|
|l| dfkodo
|l| Squallskip
|l| DissFunktion
|j| Partynparadise
