|j|☆Nikator98
|j|‽malk tyme
|t:|1758378869
|gametype|singles
|player|p1|Nikator98|giovanni|1592
|player|p2|malk tyme|102|1647
|gen|9
|tier|[Gen 9] OU
|rated|
|rule|HP Percentage Mod: HP is shown in percentages
|rule|Endless Battle Clause: Forcing endless battles is banned
|rule|Species Clause: Limit one of each Pokémon
|rule|OHKO Clause: OHKO moves are banned
|rule|Evasion Items Clause: Evasion items are banned
|rule|Evasion Moves Clause: Evasion moves are banned
|rule|Evasion Abilities Clause: Evasion abilities are banned
|rule|Sleep Moves Clause: Sleep-inducing moves are banned
|clearpoke
|poke|p1|Metagross|
|poke|p1|Great Tusk|
|poke|p1|Haxorus, M|
|poke|p1|Iron Moth|
|poke|p1|Zoroark-Hisui, M|
|poke|p1|Ninetales-Alola, F|
|poke|p2|Blaziken, M|
|poke|p2|Salamence, M|
|poke|p2|Dondozo, M|
|poke|p2|Meloetta|
|poke|p2|Iron Treads|
|poke|p2|Veluza, M|
|teampreview
|j| Qiiiii
|l| Qiiiii
|
|t:|1758378904
|teamsize|p1|6
|teamsize|p2|6
|start
|switch|p1a: Kumaryia|Great Tusk, shiny|100/100
|switch|p2a: Veluza|Veluza, M|100/100
|turn|1
|
|t:|1758378918
|move|p2a: Veluza|Flip Turn|p1a: Kumaryia
|-supereffective|p1a: Kumaryia
|-damage|p1a: Kumaryia|69/100
|
|t:|1758378921
|switch|p2a: Dondozo|Dondozo, M|100/100|[from] Flip Turn
|move|p1a: Kumaryia|Knock Off|p2a: Dondozo
|-damage|p2a: Dondozo|81/100
|-enditem|p2a: Dondozo|Leftovers|[from] move: Knock Off|[of] p1a: Kumaryia
|
|upkeep
|turn|2
|
|t:|1758378928
|-end|p1a: Kumaryia|Protosynthesis|[silent]
|switch|p1a: Asfaloth|Ninetales-Alola, F, shiny|100/100
|-weather|Snowscape|[from] ability: Snow Warning|[of] p1a: Asfaloth
|move|p2a: Dondozo|Wave Crash|p1a: Asfaloth
|-damage|p1a: Asfaloth|65/100
|-damage|p2a: Dondozo|74/100|[from] Recoil
|
|-weather|Snowscape|[upkeep]
|upkeep
|turn|3
|inactive|Battle timer is ON: inactive players will automatically lose when time's up. (requested by Nikator98)
|
|t:|1758378952
|switch|p2a: Salamence|Salamence, M|100/100
|move|p1a: Asfaloth|Aurora Veil|p1a: Asfaloth
|-sidestart|p1: Nikator98|move: Aurora Veil
|
|-weather|Snowscape|[upkeep]
|upkeep
|turn|4
|
|t:|1758378957
|move|p2a: Salamence|Iron Head|p1a: Asfaloth
|-supereffective|p1a: Asfaloth
|-damage|p1a: Asfaloth|19/100
|move|p1a: Asfaloth|Freeze-Dry|p2a: Salamence
|-supereffective|p2a: Salamence
|-damage|p2a: Salamence|0 fnt
|faint|p2a: Salamence
|
|-weather|Snowscape|[upkeep]
|upkeep
|
|t:|1758378972
|switch|p2a: Blaziken|Blaziken, M|100/100
|turn|5
|
|t:|1758378977
|move|p1a: Asfaloth|Encore||[still]
|-fail|p1a: Asfaloth
|move|p2a: Blaziken|Swords Dance|p2a: Blaziken
|-boost|p2a: Blaziken|atk|2
|
|-weather|Snowscape|[upkeep]
|-ability|p2a: Blaziken|Speed Boost|boost
|-boost|p2a: Blaziken|spe|1
|upkeep
|turn|6
|
|t:|1758378988
|switch|p1a: Kumaryia|Great Tusk, shiny|69/100
|move|p2a: Blaziken|Blaze Kick|p1a: Kumaryia
|-damage|p1a: Kumaryia|26/100
|-damage|p2a: Blaziken|91/100|[from] item: Life Orb
|
|-weather|none
|-ability|p2a: Blaziken|Speed Boost|boost
|-boost|p2a: Blaziken|spe|1
|upkeep
|turn|7
|
|t:|1758378998
|move|p2a: Blaziken|Blaze Kick|p1a: Kumaryia
|-damage|p1a: Kumaryia|0 fnt
|faint|p1a: Kumaryia
|-end|p1a: Kumaryia|Protosynthesis|[silent]
|-damage|p2a: Blaziken|81/100|[from] item: Life Orb
|
|-ability|p2a: Blaziken|Speed Boost|boost
|-boost|p2a: Blaziken|spe|1
|upkeep
|
|t:|1758379007
|switch|p1a: Arquillian Sentry|Metagross|100/100
|turn|8
|
|t:|1758379012
|-terastallize|p1a: Arquillian Sentry|Water
|move|p2a: Blaziken|Blaze Kick|p1a: Arquillian Sentry
|-resisted|p1a: Arquillian Sentry
|-damage|p1a: Arquillian Sentry|76/100
|-damage|p2a: Blaziken|71/100|[from] item: Life Orb
|move|p1a: Arquillian Sentry|Psychic Fangs|p2a: Blaziken
|-supereffective|p2a: Blaziken
|-damage|p2a: Blaziken|0 fnt
|faint|p2a: Blaziken
|
|upkeep
|
|t:|1758379023
|switch|p2a: Iron Treads|Iron Treads|100/100
|turn|9
|
|t:|1758379028
|switch|p1a: Arquillian Sentry|Metagross|100/100
|move|p2a: Iron Treads|Stealth Rock|p1a: Arquillian Sentry
|-sidestart|p1: Nikator98|move: Stealth Rock
|
|upkeep
|-start|p1a: Arquillian Sentry|typechange|Water|[silent]
|turn|10
|
|t:|1758379041
|move|p1a: Arquillian Sentry|Bitter Malice|p2a: Iron Treads
|-damage|p2a: Iron Treads|38/100
|-unboost|p2a: Iron Treads|atk|1
|move|p2a: Iron Treads|Knock Off|p1a: Arquillian Sentry
|-supereffective|p1a: Arquillian Sentry
|-damage|p1a: Arquillian Sentry|65/100
|replace|p1a: Van Helsing|Zoroark-Hisui, M, shiny
|-end|p1a: Van Helsing|Illusion
|-enditem|p1a: Van Helsing|Choice Specs|[from] move: Knock Off|[of] p2a: Iron Treads
|
|-sideend|p1: Nikator98|move: Aurora Veil
|upkeep
|turn|11
|j| victini092
|
|t:|1758379052
|-end|p2a: Iron Treads|Quark Drive|[silent]
|switch|p2a: Meloetta|Meloetta|100/100
|move|p1a: Van Helsing|Flamethrower|p2a: Meloetta
|-damage|p2a: Meloetta|79/100
|
|upkeep
|turn|12
|
|t:|1758379062
|move|p1a: Van Helsing|Trick|p2a: Meloetta
|-activate|p1a: Van Helsing|move: Trick|[of] p2a: Meloetta
|-enditem|p2a: Meloetta|Weakness Policy|[silent]|[from] move: Trick
|-item|p1a: Van Helsing|Weakness Policy|[from] move: Trick
|move|p2a: Meloetta|Trick Room|p2a: Meloetta
|-fieldstart|move: Trick Room|[of] p2a: Meloetta
|
|upkeep
|turn|13
|
|t:|1758379083
|switch|p1a: Asfaloth|Ninetales-Alola, F, shiny|19/100
|-damage|p1a: Asfaloth|0 fnt|[from] Stealth Rock
|faint|p1a: Asfaloth
|move|p2a: Meloetta|Psychic|p1: Asfaloth|[notarget]
|-fail|p2a: Meloetta
|
|upkeep
|
|t:|1758379091
|switch|p1a: Arquillian Sentry|Metagross, tera:Water|76/100
|-damage|p1a: Arquillian Sentry|63/100|[from] Stealth Rock
|turn|14
|
|t:|1758379096
|move|p2a: Meloetta|Energy Ball|p1a: Arquillian Sentry
|-supereffective|p1a: Arquillian Sentry
|-damage|p1a: Arquillian Sentry|0 fnt
|faint|p1a: Arquillian Sentry
|
|upkeep
|
|t:|1758379112
|switch|p1a: Lacelle|Haxorus, M|65/100
|-damage|p1a: Lacelle|53/100|[from] Stealth Rock
|turn|15
|
|t:|1758379134
|move|p2a: Meloetta|Psychic|p1a: Lacelle
|-damage|p1a: Lacelle|0 fnt
|replace|p1a: Van Helsing|Zoroark-Hisui, M, shiny
|-end|p1a: Van Helsing|Illusion
|faint|p1a: Van Helsing
|
|upkeep
|
|t:|1758379143
|switch|p1a: Lacelle|Haxorus, M|100/100
|-damage|p1a: Lacelle|88/100|[from] Stealth Rock
|-ability|p1a: Lacelle|Mold Breaker
|turn|16
|
|t:|1758379150
|-terastallize|p2a: Meloetta|Fairy
|move|p2a: Meloetta|Tera Blast|p1a: Lacelle|[anim] Tera Blast Fairy
|-supereffective|p1a: Lacelle
|-damage|p1a: Lacelle|0 fnt
|faint|p1a: Lacelle
|
|-fieldend|move: Trick Room
|upkeep
|
|t:|1758379158
|switch|p1a: Gothmog|Iron Moth|100/100
|-damage|p1a: Gothmog|76/100|[from] Stealth Rock
|-enditem|p1a: Gothmog|Booster Energy
|-activate|p1a: Gothmog|ability: Quark Drive|[fromitem]
|-start|p1a: Gothmog|quarkdrivespe
|turn|17
|
|t:|1758379163
|move|p1a: Gothmog|Sludge Wave|p2a: Meloetta
|-supereffective|p2a: Meloetta
|-damage|p2a: Meloetta|10/100
|-status|p2a: Meloetta|psn
|move|p2a: Meloetta|Trick Room|p2a: Meloetta
|-fieldstart|move: Trick Room|[of] p2a: Meloetta
|
|-damage|p2a: Meloetta|0 fnt|[from] psn
|faint|p2a: Meloetta
|upkeep
|
|t:|1758379167
|switch|p2a: Dondozo|Dondozo, M|74/100
|turn|18
|
|t:|1758379173
|move|p2a: Dondozo|Wave Crash|p1a: Gothmog
|-supereffective|p1a: Gothmog
|-damage|p1a: Gothmog|0 fnt
|faint|p1a: Gothmog
|-end|p1a: Gothmog|Quark Drive|[silent]
|-damage|p2a: Dondozo|59/100|[from] Recoil
|
|win|malk tyme
|raw|Nikator98's rating: 1592 &rarr; <strong>1575</strong><br />(-17 for losing)
|raw|malk tyme's rating: 1647 &rarr; <strong>1664</strong><br />(+17 for winning)
|l|☆Nikator98
|player|p1|
|l|‽malk tyme
|player|p2|
