|j|☆powerpuff moves
|j|☆TheDeivi9
|t:|1758292580
|gametype|singles
|player|p1|powerpuff moves|parasollady|1375
|player|p2|TheDeivi9|102|1398
|gen|9
|tier|[Gen 9] OU
|rated|
|rule|HP Percentage Mod: HP is shown in percentages
|rule|Endless Battle Clause: Forcing endless battles is banned
|rule|Species Clause: Limit one of each Pokémon
|rule|OHKO Clause: OHKO moves are banned
|rule|Evasion Items Clause: Evasion items are banned
|rule|Evasion Moves Clause: Evasion moves are banned
|rule|Evasion Abilities Clause: Evasion abilities are banned
|rule|Sleep Moves Clause: Sleep-inducing moves are banned
|clearpoke
|poke|p1|Manaphy|
|poke|p1|Clefable, F|
|poke|p1|Klefki, M|
|poke|p1|Cinderace, F|
|poke|p1|Kyurem|
|poke|p1|Great Tusk|
|poke|p2|Gliscor, F|
|poke|p2|Politoed, F|
|poke|p2|Darkrai|
|poke|p2|Infernape, F|
|poke|p2|Forretress, M|
|poke|p2|Cresselia, F|
|teampreview
|inactive|Battle timer is ON: inactive players will automatically lose when time's up. (requested by powerpuff moves)
|inactive|powerpuff moves has 120 seconds left.
|
|t:|1758292623
|teamsize|p1|6
|teamsize|p2|6
|start
|switch|p1a: Cinderace|Cinderace, F|100/100
|switch|p2a: Darkrai|Darkrai|100/100
|turn|1
|
|t:|1758292647
|switch|p2a: Infernape|Infernape, F|100/100
|switch|p1a: Clefable|Clefable, F|100/100
|
|upkeep
|turn|2
|
|t:|1758292661
|switch|p2a: Cresselia|Cresselia, F|100/100
|move|p1a: Clefable|Moonblast|p2a: Cresselia
|-damage|p2a: Cresselia|80/100
|
|-heal|p2a: Cresselia|86/100|[from] item: Leftovers
|upkeep
|turn|3
|
|t:|1758292674
|switch|p1a: Klefki|Klefki, M|100/100
|move|p2a: Cresselia|Calm Mind|p2a: Cresselia
|-boost|p2a: Cresselia|spa|1
|-boost|p2a: Cresselia|spd|1
|
|-heal|p2a: Cresselia|92/100|[from] item: Leftovers
|upkeep
|turn|4
|
|t:|1758292683
|move|p1a: Klefki|Light Screen|p1a: Klefki
|-sidestart|p1: powerpuff moves|move: Light Screen
|move|p2a: Cresselia|Thunderbolt|p1a: Klefki
|-damage|p1a: Klefki|83/100
|
|-heal|p2a: Cresselia|98/100|[from] item: Leftovers
|upkeep
|turn|5
|
|t:|1758292687
|move|p1a: Klefki|Reflect|p1a: Klefki
|-sidestart|p1: powerpuff moves|Reflect
|move|p2a: Cresselia|Calm Mind|p2a: Cresselia
|-boost|p2a: Cresselia|spa|1
|-boost|p2a: Cresselia|spd|1
|
|-heal|p2a: Cresselia|100/100|[from] item: Leftovers
|upkeep
|turn|6
|
|t:|1758292690
|move|p1a: Klefki|Thunder Wave|p2a: Cresselia
|-status|p2a: Cresselia|par
|move|p2a: Cresselia|Thunderbolt|p1a: Klefki
|-damage|p1a: Klefki|60/100
|
|upkeep
|turn|7
|inactive|powerpuff moves has 120 seconds left.
|
|t:|1758292731
|switch|p1a: Great Tusk|Great Tusk|100/100
|-enditem|p1a: Great Tusk|Booster Energy
|-activate|p1a: Great Tusk|ability: Protosynthesis|[fromitem]
|-start|p1a: Great Tusk|protosynthesisspe
|move|p2a: Cresselia|Thunderbolt|p1a: Great Tusk
|-immune|p1a: Great Tusk
|
|upkeep
|turn|8
|
|t:|1758292739
|-terastallize|p1a: Great Tusk|Ice
|move|p1a: Great Tusk|Earthquake|p2a: Cresselia
|-immune|p2a: Cresselia|[from] ability: Levitate
|cant|p2a: Cresselia|par
|
|upkeep
|turn|9
|inactive|powerpuff moves has 120 seconds left.
|
|t:|1758292747
|move|p1a: Great Tusk|Ice Spinner|p2a: Cresselia
|-damage|p2a: Cresselia|77/100 par
|cant|p2a: Cresselia|par
|
|-heal|p2a: Cresselia|83/100 par|[from] item: Leftovers
|upkeep
|turn|10
|
|t:|1758292751
|move|p1a: Great Tusk|Bulk Up|p1a: Great Tusk
|-boost|p1a: Great Tusk|atk|1
|-boost|p1a: Great Tusk|def|1
|move|p2a: Cresselia|Psyshock|p1a: Great Tusk
|-damage|p1a: Great Tusk|88/100
|
|-heal|p2a: Cresselia|89/100 par|[from] item: Leftovers
|upkeep
|turn|11
|
|t:|1758292757
|move|p1a: Great Tusk|Ice Spinner|p2a: Cresselia
|-damage|p2a: Cresselia|55/100 par
|cant|p2a: Cresselia|par
|
|-heal|p2a: Cresselia|62/100 par|[from] item: Leftovers
|-sideend|p1: powerpuff moves|move: Light Screen
|upkeep
|turn|12
|
|t:|1758292760
|move|p1a: Great Tusk|Ice Spinner|p2a: Cresselia
|-damage|p2a: Cresselia|27/100 par
|cant|p2a: Cresselia|par
|
|-heal|p2a: Cresselia|33/100 par|[from] item: Leftovers
|-sideend|p1: powerpuff moves|Reflect
|upkeep
|turn|13
|
|t:|1758292764
|move|p1a: Great Tusk|Ice Spinner|p2a: Cresselia
|-damage|p2a: Cresselia|1/100 par
|cant|p2a: Cresselia|par
|
|-heal|p2a: Cresselia|7/100 par|[from] item: Leftovers
|upkeep
|turn|14
|c|☆TheDeivi9|what is this
|c|☆powerpuff moves|lucky
|
|t:|1758292771
|move|p1a: Great Tusk|Ice Spinner|p2a: Cresselia
|-damage|p2a: Cresselia|0 fnt
|faint|p2a: Cresselia
|
|upkeep
|
|t:|1758292775
|switch|p2a: Forretress|Forretress, M, shiny|100/100
|turn|15
|
|t:|1758292789
|move|p1a: Great Tusk|Earthquake|p2a: Forretress
|-damage|p2a: Forretress|51/100
|move|p2a: Forretress|Body Press|p1a: Great Tusk
|-supereffective|p1a: Great Tusk
|-damage|p1a: Great Tusk|69/100
|
|upkeep
|turn|16
|
|t:|1758292800
|move|p1a: Great Tusk|Close Combat|p2a: Forretress
|-damage|p2a: Forretress|0 fnt
|-unboost|p1a: Great Tusk|def|1
|-unboost|p1a: Great Tusk|spd|1
|faint|p2a: Forretress
|
|upkeep
|
|t:|1758292806
|switch|p2a: Infernape|Infernape, F|100/100
|turn|17
|
|t:|1758292814
|-terastallize|p2a: Infernape|Grass
|move|p1a: Great Tusk|Earthquake|p2a: Infernape
|-resisted|p2a: Infernape
|-damage|p2a: Infernape|47/100
|move|p2a: Infernape|Close Combat|p1a: Great Tusk
|-supereffective|p1a: Great Tusk
|-damage|p1a: Great Tusk|0 fnt
|-unboost|p2a: Infernape|def|1
|-unboost|p2a: Infernape|spd|1
|faint|p1a: Great Tusk
|-end|p1a: Great Tusk|Protosynthesis|[silent]
|-damage|p2a: Infernape|37/100|[from] item: Life Orb
|
|upkeep
|inactive|powerpuff moves has 120 seconds left.
|
|t:|1758292850
|switch|p1a: Cinderace|Cinderace, F|100/100
|turn|18
|
|t:|1758292856
|move|p2a: Infernape|Mach Punch|p1a: Cinderace
|-damage|p1a: Cinderace|67/100
|-damage|p2a: Infernape|27/100|[from] item: Life Orb
|move|p1a: Cinderace|Will-O-Wisp|p2a: Infernape
|-status|p2a: Infernape|brn
|
|-damage|p2a: Infernape|21/100 brn|[from] brn
|upkeep
|turn|19
|
|t:|1758292862
|move|p2a: Infernape|Mach Punch|p1a: Cinderace
|-damage|p1a: Cinderace|50/100
|-damage|p2a: Infernape|11/100 brn|[from] item: Life Orb
|move|p1a: Cinderace|Pyro Ball|p2a: Infernape
|-supereffective|p2a: Infernape
|-damage|p2a: Infernape|0 fnt
|faint|p2a: Infernape
|
|upkeep
|
|t:|1758292879
|switch|p2a: Politoed|Politoed, F|100/100
|-weather|RainDance|[from] ability: Drizzle|[of] p2a: Politoed
|turn|20
|
|t:|1758292893
|switch|p1a: Clefable|Clefable, F|100/100
|move|p2a: Politoed|Focus Blast|p1a: Clefable
|-resisted|p1a: Clefable
|-crit|p1a: Clefable
|-damage|p1a: Clefable|71/100
|
|-weather|RainDance|[upkeep]
|-heal|p1a: Clefable|77/100|[from] item: Leftovers
|upkeep
|turn|21
|
|t:|1758292905
|switch|p2a: Gliscor|Gliscor, F|100/100
|move|p1a: Clefable|Calm Mind|p1a: Clefable
|-boost|p1a: Clefable|spa|1
|-boost|p1a: Clefable|spd|1
|
|-weather|RainDance|[upkeep]
|-heal|p1a: Clefable|83/100|[from] item: Leftovers
|-status|p2a: Gliscor|tox|[from] item: Toxic Orb
|upkeep
|turn|22
|inactive|powerpuff moves has 120 seconds left.
|
|t:|1758292937
|switch|p1a: Klefki|Klefki, M|60/100
|move|p2a: Gliscor|Toxic|p1a: Klefki
|-immune|p1a: Klefki
|
|-weather|RainDance|[upkeep]
|upkeep
|turn|23
|
|t:|1758292944
|move|p1a: Klefki|Reflect|p1a: Klefki
|-sidestart|p1: powerpuff moves|Reflect
|move|p2a: Gliscor|Substitute|p2a: Gliscor
|-start|p2a: Gliscor|Substitute
|-damage|p2a: Gliscor|76/100 tox
|
|-weather|RainDance|[upkeep]
|-heal|p2a: Gliscor|88/100 tox|[from] ability: Poison Heal
|upkeep
|turn|24
|
|t:|1758292948
|move|p1a: Klefki|Light Screen|p1a: Klefki
|-sidestart|p1: powerpuff moves|move: Light Screen
|move|p2a: Gliscor|Earthquake|p1a: Klefki
|-supereffective|p1a: Klefki
|-damage|p1a: Klefki|25/100
|
|-weather|none
|-heal|p2a: Gliscor|100/100 tox|[from] ability: Poison Heal
|upkeep
|turn|25
|
|t:|1758292953
|switch|p1a: Manaphy|Manaphy|100/100
|move|p2a: Gliscor|Protect||[still]
|-fail|p2a: Gliscor
|
|upkeep
|turn|26
|
|t:|1758292960
|move|p2a: Gliscor|Toxic|p1a: Manaphy
|-status|p1a: Manaphy|tox
|move|p1a: Manaphy|Acid Armor|p1a: Manaphy
|-boost|p1a: Manaphy|def|2
|
|-damage|p1a: Manaphy|94/100 tox|[from] psn
|upkeep
|turn|27
|
|t:|1758292963
|move|p2a: Gliscor|Protect|p2a: Gliscor
|-singleturn|p2a: Gliscor|Protect
|move|p1a: Manaphy|Take Heart|p1a: Manaphy
|-boost|p1a: Manaphy|spa|1
|-boost|p1a: Manaphy|spd|1
|-curestatus|p1a: Manaphy|tox|[msg]
|
|-heal|p1a: Manaphy|100/100|[from] item: Leftovers
|upkeep
|turn|28
|
|t:|1758292976
|move|p2a: Gliscor|Earthquake|p1a: Manaphy
|-damage|p1a: Manaphy|94/100
|move|p1a: Manaphy|Take Heart|p1a: Manaphy
|-boost|p1a: Manaphy|spa|1
|-boost|p1a: Manaphy|spd|1
|
|-heal|p1a: Manaphy|99/100|[from] item: Leftovers
|upkeep
|turn|29
|
|t:|1758292988
|move|p2a: Gliscor|Toxic|p1a: Manaphy
|-status|p1a: Manaphy|tox
|move|p1a: Manaphy|Acid Armor|p1a: Manaphy
|-boost|p1a: Manaphy|def|2
|
|-heal|p1a: Manaphy|100/100 tox|[from] item: Leftovers
|-damage|p1a: Manaphy|94/100 tox|[from] psn
|upkeep
|turn|30
|
|t:|1758292994
|move|p2a: Gliscor|Earthquake|p1a: Manaphy
|-damage|p1a: Manaphy|90/100 tox
|move|p1a: Manaphy|Take Heart|p1a: Manaphy
|-boost|p1a: Manaphy|spa|1
|-boost|p1a: Manaphy|spd|1
|-curestatus|p1a: Manaphy|tox|[msg]
|
|-heal|p1a: Manaphy|96/100|[from] item: Leftovers
|-sideend|p1: powerpuff moves|Reflect
|upkeep
|turn|31
|
|t:|1758292999
|move|p2a: Gliscor|Toxic|p1a: Manaphy
|-status|p1a: Manaphy|tox
|move|p1a: Manaphy|Take Heart|p1a: Manaphy
|-boost|p1a: Manaphy|spa|1
|-boost|p1a: Manaphy|spd|1
|-curestatus|p1a: Manaphy|tox|[msg]
|
|-heal|p1a: Manaphy|100/100|[from] item: Leftovers
|-sideend|p1: powerpuff moves|move: Light Screen
|upkeep
|turn|32
|
|t:|1758293008
|move|p2a: Gliscor|Toxic|p1a: Manaphy
|-status|p1a: Manaphy|tox
|move|p1a: Manaphy|Scald|p2a: Gliscor
|-supereffective|p2a: Gliscor
|-end|p2a: Gliscor|Substitute
|
|-damage|p1a: Manaphy|94/100 tox|[from] psn
|upkeep
|turn|33
|
|t:|1758293016
|move|p2a: Gliscor|Substitute|p2a: Gliscor
|-start|p2a: Gliscor|Substitute
|-damage|p2a: Gliscor|76/100 tox
|move|p1a: Manaphy|Stored Power|p2a: Gliscor
|-crit|p2a: Gliscor
|-end|p2a: Gliscor|Substitute
|
|-heal|p1a: Manaphy|100/100 tox|[from] item: Leftovers
|-heal|p2a: Gliscor|88/100 tox|[from] ability: Poison Heal
|-damage|p1a: Manaphy|88/100 tox|[from] psn
|upkeep
|turn|34
|
|t:|1758293019
|move|p2a: Gliscor|Substitute|p2a: Gliscor
|-start|p2a: Gliscor|Substitute
|-damage|p2a: Gliscor|63/100 tox
|move|p1a: Manaphy|Scald|p2a: Gliscor
|-supereffective|p2a: Gliscor
|-end|p2a: Gliscor|Substitute
|
|-heal|p1a: Manaphy|94/100 tox|[from] item: Leftovers
|-heal|p2a: Gliscor|76/100 tox|[from] ability: Poison Heal
|-damage|p1a: Manaphy|76/100 tox|[from] psn
|upkeep
|turn|35
|
|t:|1758293028
|move|p2a: Gliscor|Protect|p2a: Gliscor
|-singleturn|p2a: Gliscor|Protect
|move|p1a: Manaphy|Take Heart|p1a: Manaphy
|-boost|p1a: Manaphy|spa|1
|-boost|p1a: Manaphy|spd|1
|-curestatus|p1a: Manaphy|tox|[msg]
|
|-heal|p1a: Manaphy|82/100|[from] item: Leftovers
|-heal|p2a: Gliscor|88/100 tox|[from] ability: Poison Heal
|upkeep
|turn|36
|
|t:|1758293031
|move|p2a: Gliscor|Substitute|p2a: Gliscor
|-start|p2a: Gliscor|Substitute
|-damage|p2a: Gliscor|63/100 tox
|move|p1a: Manaphy|Scald|p2a: Gliscor
|-supereffective|p2a: Gliscor
|-end|p2a: Gliscor|Substitute
|
|-heal|p1a: Manaphy|88/100|[from] item: Leftovers
|-heal|p2a: Gliscor|76/100 tox|[from] ability: Poison Heal
|upkeep
|turn|37
|
|t:|1758293033
|move|p2a: Gliscor|Substitute|p2a: Gliscor
|-start|p2a: Gliscor|Substitute
|-damage|p2a: Gliscor|51/100 tox
|move|p1a: Manaphy|Scald|p2a: Gliscor
|-supereffective|p2a: Gliscor
|-end|p2a: Gliscor|Substitute
|
|-heal|p1a: Manaphy|94/100|[from] item: Leftovers
|-heal|p2a: Gliscor|63/100 tox|[from] ability: Poison Heal
|upkeep
|turn|38
|
|t:|1758293039
|switch|p2a: Politoed|Politoed, F|100/100
|-weather|RainDance|[from] ability: Drizzle|[of] p2a: Politoed
|move|p1a: Manaphy|Scald|p2a: Politoed
|-resisted|p2a: Politoed
|-damage|p2a: Politoed|20/100
|-status|p2a: Politoed|brn
|
|-weather|RainDance|[upkeep]
|-heal|p1a: Manaphy|100/100|[from] item: Leftovers
|-damage|p2a: Politoed|14/100 brn|[from] brn
|upkeep
|turn|39
|
|t:|1758293046
|move|p2a: Politoed|Ice Beam|p1a: Manaphy
|-resisted|p1a: Manaphy
|-damage|p1a: Manaphy|96/100
|move|p1a: Manaphy|Scald|p2a: Politoed
|-resisted|p2a: Politoed
|-damage|p2a: Politoed|0 fnt
|faint|p2a: Politoed
|
|-weather|RainDance|[upkeep]
|-heal|p1a: Manaphy|100/100|[from] item: Leftovers
|upkeep
|
|t:|1758293049
|switch|p2a: Gliscor|Gliscor, F|63/100 tox
|turn|40
|
|t:|1758293054
|move|p2a: Gliscor|Toxic|p1a: Manaphy|[miss]
|-miss|p2a: Gliscor|p1a: Manaphy
|move|p1a: Manaphy|Scald|p2a: Gliscor
|-supereffective|p2a: Gliscor
|-damage|p2a: Gliscor|0 fnt
|faint|p2a: Gliscor
|
|-weather|RainDance|[upkeep]
|upkeep
|l|☆TheDeivi9
|inactive|TheDeivi9 disconnected and has a minute to reconnect!
|player|p2|
|inactive|TheDeivi9 has 30 seconds to reconnect!
|inactive|TheDeivi9 has 20 seconds to reconnect!
|inactive|TheDeivi9 has 15 seconds to reconnect!
|inactive|TheDeivi9 has 10 seconds to reconnect!
|inactive|TheDeivi9 has 5 seconds to reconnect!
|-message|TheDeivi9 lost due to inactivity.
|
|win|powerpuff moves
|raw|powerpuff moves's rating: 1375 &rarr; <strong>1396</strong><br />(+21 for winning)
|raw|TheDeivi9's rating: 1398 &rarr; <strong>1377</strong><br />(-21 for losing)
|l|☆powerpuff moves
|player|p1|
