|j|☆bladesatoshix
|j|☆slowbro named paul
|t:|1758278034
|gametype|singles
|player|p1|bladesatoshix|drayden|1354
|player|p2|slowbro named paul|skierf|1317
|gen|9
|tier|[Gen 9] OU
|rated|
|rule|HP Percentage Mod: HP is shown in percentages
|rule|Endless Battle Clause: Forcing endless battles is banned
|rule|Species Clause: Limit one of each Pokémon
|rule|OHKO Clause: OHKO moves are banned
|rule|Evasion Items Clause: Evasion items are banned
|rule|Evasion Moves Clause: Evasion moves are banned
|rule|Evasion Abilities Clause: Evasion abilities are banned
|rule|Sleep Moves Clause: Sleep-inducing moves are banned
|clearpoke
|poke|p1|Swampert, M|
|poke|p1|Clefable, F|
|poke|p1|Ogerpon-Cornerstone, F|
|poke|p1|Lokix, M|
|poke|p1|Weezing-Galar, F|
|poke|p1|Gholdengo|
|poke|p2|Sawsbuck-Summer, M|
|poke|p2|Ninetales, F|
|poke|p2|Walking Wake|
|poke|p2|Venusaur, F|
|poke|p2|Ceruledge, M|
|poke|p2|Cinderace, F|
|teampreview
|inactive|Battle timer is ON: inactive players will automatically lose when time's up. (requested by slowbro named paul)
|inactive|bladesatoshix also wants the timer to be on.
|
|t:|1758278040
|teamsize|p1|6
|teamsize|p2|6
|start
|switch|p1a: issho|Swampert, M|100/100
|switch|p2a: Ninetales|Ninetales, F|100/100
|-weather|SunnyDay|[from] ability: Drought|[of] p2a: Ninetales
|turn|1
|c|☆bladesatoshix|glhf! :)
|c|☆slowbro named paul|glhf
|
|t:|1758278056
|move|p2a: Ninetales|Will-O-Wisp|p1a: issho|[miss]
|-miss|p2a: Ninetales|p1a: issho
|move|p1a: issho|Stealth Rock|p2a: Ninetales
|-sidestart|p2: slowbro named paul|move: Stealth Rock
|
|-weather|SunnyDay|[upkeep]
|upkeep
|turn|2
|
|t:|1758278062
|move|p2a: Ninetales|Encore|p1a: issho
|-start|p1a: issho|Encore
|move|p1a: issho|Stealth Rock||[still]
|-fail|p1a: issho
|
|-weather|SunnyDay|[upkeep]
|upkeep
|turn|3
|
|t:|1758278068
|switch|p1a: akane|Clefable, F|100/100
|move|p2a: Ninetales|Flamethrower|p1a: akane
|-damage|p1a: akane|66/100
|
|-weather|SunnyDay|[upkeep]
|-heal|p1a: akane|72/100|[from] item: Leftovers
|upkeep
|turn|4
|
|t:|1758278071
|move|p1a: akane|Protect|p1a: akane
|-singleturn|p1a: akane|Protect
|move|p2a: Ninetales|Will-O-Wisp|p1a: akane
|-activate|p1a: akane|move: Protect
|
|-weather|SunnyDay|[upkeep]
|-heal|p1a: akane|78/100|[from] item: Leftovers
|upkeep
|turn|5
|
|t:|1758278087
|switch|p1a: issho|Swampert, M|100/100
|move|p2a: Ninetales|Encore||[still]
|-fail|p2a: Ninetales
|
|-weather|SunnyDay|[upkeep]
|upkeep
|turn|6
|
|t:|1758278093
|move|p2a: Ninetales|Will-O-Wisp|p1a: issho
|-status|p1a: issho|brn
|move|p1a: issho|Earthquake|p2a: Ninetales
|-supereffective|p2a: Ninetales
|-damage|p2a: Ninetales|57/100
|
|-weather|SunnyDay|[upkeep]
|-damage|p1a: issho|94/100 brn|[from] brn
|upkeep
|turn|7
|
|t:|1758278096
|switch|p2a: Sawsbuck|Sawsbuck-Summer, M|100/100
|-damage|p2a: Sawsbuck|88/100|[from] Stealth Rock
|move|p1a: issho|Knock Off|p2a: Sawsbuck
|-damage|p2a: Sawsbuck|69/100
|-enditem|p2a: Sawsbuck|Life Orb|[from] move: Knock Off|[of] p1a: issho
|
|-weather|SunnyDay|[upkeep]
|-heal|p1a: issho|100/100 brn|[from] item: Leftovers
|-damage|p1a: issho|94/100 brn|[from] brn
|upkeep
|turn|8
|
|t:|1758278103
|switch|p1a: shiguma|Weezing-Galar, F, shiny|100/100
|-ability|p1a: shiguma|Neutralizing Gas
|move|p2a: Sawsbuck|Horn Leech|p1a: shiguma
|-resisted|p1a: shiguma
|-damage|p1a: shiguma|86/100
|-heal|p2a: Sawsbuck|77/100|[from] drain|[of] p1a: shiguma
|
|-weather|none
|upkeep
|turn|9
|
|t:|1758278107
|switch|p2a: Cinderace|Cinderace, F|100/100
|move|p1a: shiguma|Will-O-Wisp|p2a: Cinderace|[miss]
|-miss|p1a: shiguma|p2a: Cinderace
|
|upkeep
|turn|10
|
|t:|1758278111
|-end|p1a: shiguma|ability: Neutralizing Gas
|switch|p1a: issho|Swampert, M|94/100 brn
|move|p2a: Cinderace|Court Change|p2a: Cinderace
|-swapsideconditions
|-activate|p2a: Cinderace|move: Court Change
|
|-heal|p1a: issho|100/100 brn|[from] item: Leftovers
|-damage|p1a: issho|94/100 brn|[from] brn
|upkeep
|turn|11
|
|t:|1758278114
|move|p2a: Cinderace|U-turn|p1a: issho
|-crit|p1a: issho
|-damage|p1a: issho|64/100 brn
|
|t:|1758278118
|switch|p2a: Sawsbuck|Sawsbuck-Summer, M|77/100|[from] U-turn
|move|p1a: issho|Stealth Rock|p2a: Sawsbuck
|-sidestart|p2: slowbro named paul|move: Stealth Rock
|
|-heal|p1a: issho|70/100 brn|[from] item: Leftovers
|-damage|p1a: issho|64/100 brn|[from] brn
|upkeep
|turn|12
|
|t:|1758278124
|switch|p1a: shiguma|Weezing-Galar, F, shiny|86/100
|-ability|p1a: shiguma|Neutralizing Gas
|move|p2a: Sawsbuck|Swords Dance|p2a: Sawsbuck
|-boost|p2a: Sawsbuck|atk|2
|
|upkeep
|turn|13
|
|t:|1758278127
|move|p2a: Sawsbuck|Body Slam|p1a: shiguma
|-damage|p1a: shiguma|21/100
|move|p1a: shiguma|Will-O-Wisp|p2a: Sawsbuck
|-status|p2a: Sawsbuck|brn
|
|-damage|p2a: Sawsbuck|71/100 brn|[from] brn
|upkeep
|turn|14
|
|t:|1758278135
|-end|p1a: shiguma|ability: Neutralizing Gas
|switch|p1a: chocho|Gholdengo|100/100
|-damage|p1a: chocho|94/100|[from] Stealth Rock
|-item|p1a: chocho|Air Balloon
|move|p2a: Sawsbuck|Horn Leech|p1a: chocho
|-resisted|p1a: chocho
|-damage|p1a: chocho|78/100
|-heal|p2a: Sawsbuck|81/100 brn|[from] drain|[of] p1a: chocho
|-enditem|p1a: chocho|Air Balloon
|
|-damage|p2a: Sawsbuck|75/100 brn|[from] brn
|upkeep
|turn|15
|
|t:|1758278140
|move|p2a: Sawsbuck|High Horsepower|p1a: chocho
|-supereffective|p1a: chocho
|-damage|p1a: chocho|22/100
|move|p1a: chocho|Make It Rain|p2a: Sawsbuck
|-damage|p2a: Sawsbuck|0 fnt
|-unboost|p1a: chocho|spa|1
|faint|p2a: Sawsbuck
|
|upkeep
|
|t:|1758278146
|switch|p2a: Ninetales|Ninetales, F|57/100
|-damage|p2a: Ninetales|32/100|[from] Stealth Rock
|-weather|SunnyDay|[from] ability: Drought|[of] p2a: Ninetales
|turn|16
|c|☆bladesatoshix|never seen anyone use sawsbuck before
|
|t:|1758278158
|switch|p1a: issho|Swampert, M|64/100 brn
|-damage|p1a: issho|58/100 brn|[from] Stealth Rock
|move|p2a: Ninetales|Flamethrower|p1a: issho
|-resisted|p1a: issho
|-damage|p1a: issho|45/100 brn
|
|-weather|SunnyDay|[upkeep]
|-heal|p1a: issho|51/100 brn|[from] item: Leftovers
|-damage|p1a: issho|45/100 brn|[from] brn
|upkeep
|turn|17
|c|☆slowbro named paul|it's admittedly not very good but it IS fun
|c|☆bladesatoshix|yeah fair
|
|t:|1758278175
|switch|p2a: Cinderace|Cinderace, F|100/100
|move|p1a: issho|Knock Off|p2a: Cinderace
|-damage|p2a: Cinderace|83/100
|-enditem|p2a: Cinderace|Heavy-Duty Boots|[from] move: Knock Off|[of] p1a: issho
|
|-weather|SunnyDay|[upkeep]
|-heal|p1a: issho|51/100 brn|[from] item: Leftovers
|-damage|p1a: issho|45/100 brn|[from] brn
|upkeep
|turn|18
|
|t:|1758278181
|move|p2a: Cinderace|U-turn|p1a: issho
|-damage|p1a: issho|25/100 brn
|
|t:|1758278184
|switch|p2a: Walking Wake|Walking Wake|100/100|[from] U-turn
|-damage|p2a: Walking Wake|88/100|[from] Stealth Rock
|-activate|p2a: Walking Wake|ability: Protosynthesis
|-start|p2a: Walking Wake|protosynthesisspe
|move|p1a: issho|Earthquake|p2a: Walking Wake
|-damage|p2a: Walking Wake|68/100
|
|-weather|SunnyDay|[upkeep]
|-heal|p1a: issho|31/100 brn|[from] item: Leftovers
|-damage|p1a: issho|25/100 brn|[from] brn
|upkeep
|turn|19
|
|t:|1758278196
|-terastallize|p2a: Walking Wake|Water
|move|p2a: Walking Wake|Hydro Steam|p1a: issho
|-damage|p1a: issho|0 fnt
|faint|p1a: issho
|
|-weather|SunnyDay|[upkeep]
|upkeep
|
|t:|1758278198
|switch|p1a: karashi|Lokix, M, shiny|100/100
|-damage|p1a: karashi|76/100|[from] Stealth Rock
|turn|20
|
|t:|1758278203
|-end|p2a: Walking Wake|Protosynthesis|[silent]
|switch|p2a: Cinderace|Cinderace, F|83/100
|-damage|p2a: Cinderace|58/100|[from] Stealth Rock
|-terastallize|p1a: karashi|Bug
|move|p1a: karashi|First Impression|p2a: Cinderace
|-resisted|p2a: Cinderace
|-damage|p2a: Cinderace|0 fnt
|faint|p2a: Cinderace
|
|-weather|SunnyDay|[upkeep]
|upkeep
|
|t:|1758278206
|switch|p2a: Walking Wake|Walking Wake, tera:Water|68/100
|-damage|p2a: Walking Wake|55/100|[from] Stealth Rock
|-activate|p2a: Walking Wake|ability: Protosynthesis
|-start|p2a: Walking Wake|protosynthesisspe
|turn|21
|
|t:|1758278210
|switch|p1a: chocho|Gholdengo|22/100
|-damage|p1a: chocho|16/100|[from] Stealth Rock
|move|p2a: Walking Wake|Hydro Steam|p1a: chocho
|-damage|p1a: chocho|0 fnt
|faint|p1a: chocho
|
|-weather|SunnyDay|[upkeep]
|upkeep
|
|t:|1758278212
|switch|p1a: karashi|Lokix, M, shiny, tera:Bug|76/100
|-damage|p1a: karashi|51/100|[from] Stealth Rock
|turn|22
|
|t:|1758278214
|-end|p2a: Walking Wake|Protosynthesis|[silent]
|switch|p2a: Ceruledge|Ceruledge, M|100/100
|-damage|p2a: Ceruledge|76/100|[from] Stealth Rock
|move|p1a: karashi|First Impression|p2a: Ceruledge
|-resisted|p2a: Ceruledge
|-damage|p2a: Ceruledge|25/100
|
|-weather|SunnyDay|[upkeep]
|upkeep
|turn|23
|
|t:|1758278217
|move|p1a: karashi|Sucker Punch|p2a: Ceruledge
|-supereffective|p2a: Ceruledge
|-damage|p2a: Ceruledge|0 fnt
|faint|p2a: Ceruledge
|
|-weather|none
|upkeep
|
|t:|1758278221
|switch|p2a: Ninetales|Ninetales, F|32/100
|-damage|p2a: Ninetales|8/100|[from] Stealth Rock
|-weather|SunnyDay|[from] ability: Drought|[of] p2a: Ninetales
|turn|24
|
|t:|1758278226
|switch|p1a: shiguma|Weezing-Galar, F, shiny|21/100
|-ability|p1a: shiguma|Neutralizing Gas
|move|p2a: Ninetales|Will-O-Wisp|p1a: shiguma
|-status|p1a: shiguma|brn
|
|-weather|SunnyDay|[upkeep]
|-damage|p1a: shiguma|15/100 brn|[from] brn
|upkeep
|turn|25
|
|t:|1758278231
|move|p2a: Ninetales|Flamethrower|p1a: shiguma
|-crit|p1a: shiguma
|-damage|p1a: shiguma|0 fnt
|faint|p1a: shiguma
|-end|p1a: shiguma|ability: Neutralizing Gas
|
|-weather|SunnyDay|[upkeep]
|upkeep
|
|t:|1758278236
|switch|p1a: akane|Clefable, F|78/100
|-damage|p1a: akane|66/100|[from] Stealth Rock
|turn|26
|
|t:|1758278241
|move|p2a: Ninetales|Will-O-Wisp|p1a: akane|[miss]
|-miss|p2a: Ninetales|p1a: akane
|move|p1a: akane|Wish|p1a: akane
|
|-weather|SunnyDay|[upkeep]
|-heal|p1a: akane|72/100|[from] item: Leftovers
|upkeep
|turn|27
|
|t:|1758278248
|move|p2a: Ninetales|Flamethrower|p1a: akane
|-damage|p1a: akane|32/100
|move|p1a: akane|Moonblast|p2a: Ninetales
|-resisted|p2a: Ninetales
|-damage|p2a: Ninetales|0 fnt
|faint|p2a: Ninetales
|
|-weather|SunnyDay|[upkeep]
|-heal|p1a: akane|82/100|[from] move: Wish|[wisher] akane
|-heal|p1a: akane|89/100|[from] item: Leftovers
|upkeep
|
|t:|1758278251
|switch|p2a: Venusaur|Venusaur, F|100/100
|-damage|p2a: Venusaur|88/100|[from] Stealth Rock
|turn|28
|
|t:|1758278264
|move|p2a: Venusaur|Growth|p2a: Venusaur
|-boost|p2a: Venusaur|atk|2
|-boost|p2a: Venusaur|spa|2
|move|p1a: akane|Calm Mind|p1a: akane
|-boost|p1a: akane|spa|1
|-boost|p1a: akane|spd|1
|
|-weather|SunnyDay|[upkeep]
|-heal|p1a: akane|95/100|[from] item: Leftovers
|upkeep
|turn|29
|
|t:|1758278267
|move|p2a: Venusaur|Sludge Bomb|p1a: akane
|-supereffective|p1a: akane
|-damage|p1a: akane|31/100
|-status|p1a: akane|psn
|-damage|p2a: Venusaur|78/100|[from] item: Life Orb
|move|p1a: akane|Wish|p1a: akane
|
|-weather|SunnyDay|[upkeep]
|-heal|p1a: akane|37/100 psn|[from] item: Leftovers
|-damage|p1a: akane|24/100 psn|[from] psn
|upkeep
|turn|30
|
|t:|1758278279
|move|p1a: akane|Protect|p1a: akane
|-singleturn|p1a: akane|Protect
|move|p2a: Venusaur|Sludge Bomb|p1a: akane
|-activate|p1a: akane|move: Protect
|
|-weather|SunnyDay|[upkeep]
|-heal|p1a: akane|74/100 psn|[from] move: Wish|[wisher] akane
|-heal|p1a: akane|80/100 psn|[from] item: Leftovers
|-damage|p1a: akane|68/100 psn|[from] psn
|upkeep
|turn|31
|
|t:|1758278290
|move|p2a: Venusaur|Sludge Bomb|p1a: akane
|-supereffective|p1a: akane
|-damage|p1a: akane|8/100 psn
|-damage|p2a: Venusaur|68/100|[from] item: Life Orb
|move|p1a: akane|Moonblast|p2a: Venusaur
|-resisted|p2a: Venusaur
|-damage|p2a: Venusaur|42/100
|
|-weather|none
|-heal|p1a: akane|14/100 psn|[from] item: Leftovers
|-damage|p1a: akane|2/100 psn|[from] psn
|upkeep
|turn|32
|
|t:|1758278294
|move|p2a: Venusaur|Giga Drain|p1a: akane
|-damage|p1a: akane|0 fnt
|-heal|p2a: Venusaur|43/100|[from] drain|[of] p1a: akane
|faint|p1a: akane
|-damage|p2a: Venusaur|33/100|[from] item: Life Orb
|
|upkeep
|
|t:|1758278296
|switch|p1a: karashi|Lokix, M, shiny, tera:Bug|51/100
|-damage|p1a: karashi|26/100|[from] Stealth Rock
|turn|33
|
|t:|1758278299
|move|p1a: karashi|First Impression|p2a: Venusaur
|-damage|p2a: Venusaur|0 fnt
|faint|p2a: Venusaur
|
|upkeep
|
|t:|1758278301
|switch|p2a: Walking Wake|Walking Wake, tera:Water|55/100
|-damage|p2a: Walking Wake|43/100|[from] Stealth Rock
|turn|34
|c|☆slowbro named paul|gg
|
|t:|1758278308
|switch|p1a: hikaru|Ogerpon-Cornerstone, F|100/100
|-damage|p1a: hikaru|88/100|[from] Stealth Rock
|move|p2a: Walking Wake|Hydro Steam|p1a: hikaru
|-damage|p1a: hikaru|0 fnt
|faint|p1a: hikaru
|
|upkeep
|
|t:|1758278309
|switch|p1a: karashi|Lokix, M, shiny, tera:Bug|26/100
|-damage|p1a: karashi|2/100|[from] Stealth Rock
|turn|35
|
|t:|1758278311
|move|p1a: karashi|First Impression|p2a: Walking Wake
|-damage|p2a: Walking Wake|0 fnt
|faint|p2a: Walking Wake
|-end|p2a: Walking Wake|Protosynthesis|[silent]
|
|win|bladesatoshix
|raw|bladesatoshix's rating: 1354 &rarr; <strong>1372</strong><br />(+18 for winning)
|raw|slowbro named paul's rating: 1317 &rarr; <strong>1299</strong><br />(-18 for losing)
|c|☆bladesatoshix|gg
|c|☆slowbro named paul|lokix is so good
|c|☆slowbro named paul|big fan of that guy
|c|☆slowbro named paul|good design, good niche
|c|☆bladesatoshix|frfr
|l|☆slowbro named paul
|player|p2|
|l|☆bladesatoshix
|player|p1|
