|j|☆Javidre
|j|☆zdeb
|t:|1758355573
|gametype|singles
|player|p1|Javidre|richboy-gen4|1148
|player|p2|zdeb|lucas|1156
|gen|9
|tier|[Gen 9] OU
|rated|
|rule|HP Percentage Mod: HP is shown in percentages
|rule|Endless Battle Clause: Forcing endless battles is banned
|rule|Species Clause: Limit one of each Pokémon
|rule|OHKO Clause: OHKO moves are banned
|rule|Evasion Items Clause: Evasion items are banned
|rule|Evasion Moves Clause: Evasion moves are banned
|rule|Evasion Abilities Clause: Evasion abilities are banned
|rule|Sleep Moves Clause: Sleep-inducing moves are banned
|clearpoke
|poke|p1|Cloyster, M|
|poke|p1|Greedent, M|
|poke|p1|Mabosstiff, M|
|poke|p1|Scovillain, F|
|poke|p1|Toedscruel, F|
|poke|p1|Garganacl, M|
|poke|p2|Excadrill, F|
|poke|p2|Tyranitar, M|
|poke|p2|Corviknight, F|
|poke|p2|Rotom-Wash|
|poke|p2|Dragapult, M|
|poke|p2|Crawdaunt, M|
|teampreview
|inactive|Battle timer is ON: inactive players will automatically lose when time's up. (requested by zdeb)
|
|t:|1758355597
|teamsize|p1|6
|teamsize|p2|6
|start
|switch|p1a: Toedscruel|Toedscruel, F|100/100
|switch|p2a: Crawdaunt|Crawdaunt, M|100/100
|turn|1
|
|t:|1758355625
|switch|p1a: Cloyster|Cloyster, M|100/100
|move|p2a: Crawdaunt|Knock Off|p1a: Cloyster
|-damage|p1a: Cloyster|48/100
|-enditem|p1a: Cloyster|White Herb|[from] move: Knock Off|[of] p2a: Crawdaunt
|
|upkeep
|turn|2
|inactive|Javidre has 120 seconds left.
|
|t:|1758355653
|move|p1a: Cloyster|Rock Blast|p2a: Crawdaunt
|-damage|p2a: Crawdaunt|91/100
|-damage|p2a: Crawdaunt|80/100
|-damage|p2a: Crawdaunt|70/100
|-damage|p2a: Crawdaunt|58/100
|-damage|p2a: Crawdaunt|48/100
|-hitcount|p2a: Crawdaunt|5
|move|p2a: Crawdaunt|Close Combat|p1a: Cloyster
|-supereffective|p1a: Cloyster
|-damage|p1a: Cloyster|0 fnt
|-unboost|p2a: Crawdaunt|def|1
|-unboost|p2a: Crawdaunt|spd|1
|faint|p1a: Cloyster
|
|upkeep
|
|t:|1758355665
|switch|p1a: Toedscruel|Toedscruel, F|100/100
|turn|3
|
|t:|1758355671
|move|p1a: Toedscruel|Giga Drain|p2a: Crawdaunt
|-supereffective|p2a: Crawdaunt
|-damage|p2a: Crawdaunt|0 fnt
|faint|p2a: Crawdaunt
|
|upkeep
|
|t:|1758355678
|switch|p2a: Dragapult|Dragapult, M|100/100
|turn|4
|inactive|Javidre has 120 seconds left.
|
|t:|1758355691
|move|p2a: Dragapult|U-turn|p1a: Toedscruel
|-supereffective|p1a: Toedscruel
|-damage|p1a: Toedscruel|7/100
|-damage|p2a: Dragapult|91/100|[from] item: Life Orb
|
|t:|1758355695
|switch|p2a: Corviknight|Corviknight, F|100/100|[from] U-turn
|-ability|p2a: Corviknight|Pressure
|move|p1a: Toedscruel|Earth Power|p2a: Corviknight
|-immune|p2a: Corviknight
|
|upkeep
|turn|5
|inactive|Javidre has 120 seconds left.
|
|t:|1758355706
|switch|p1a: Garganacl|Garganacl, M|100/100
|move|p2a: Corviknight|U-turn|p1a: Garganacl
|-damage|p1a: Garganacl|91/100
|
|t:|1758355724
|switch|p2a: Rotom|Rotom-Wash|100/100|[from] U-turn
|
|-heal|p1a: Garganacl|97/100|[from] item: Leftovers
|upkeep
|turn|6
|inactive|Javidre has 120 seconds left.
|
|t:|1758355741
|move|p2a: Rotom|Hydro Pump|p1a: Garganacl
|-supereffective|p1a: Garganacl
|-damage|p1a: Garganacl|28/100
|move|p1a: Garganacl|Stealth Rock|p2a: Rotom
|-sidestart|p2: zdeb|move: Stealth Rock
|
|-heal|p1a: Garganacl|35/100|[from] item: Leftovers
|upkeep
|turn|7
|inactive|Javidre has 120 seconds left.
|
|t:|1758355757
|move|p1a: Garganacl|Protect|p1a: Garganacl
|-singleturn|p1a: Garganacl|Protect
|move|p2a: Rotom|Hydro Pump|p1a: Garganacl
|-activate|p1a: Garganacl|move: Protect
|
|-heal|p1a: Garganacl|41/100|[from] item: Leftovers
|upkeep
|turn|8
|inactive|Javidre has 120 seconds left.
|
|t:|1758355771
|-terastallize|p1a: Garganacl|Water
|move|p2a: Rotom|Hydro Pump|p1a: Garganacl
|-resisted|p1a: Garganacl
|-damage|p1a: Garganacl|23/100
|move|p1a: Garganacl|Recover|p1a: Garganacl
|-heal|p1a: Garganacl|73/100
|
|-heal|p1a: Garganacl|79/100|[from] item: Leftovers
|upkeep
|turn|9
|inactive|Javidre has 120 seconds left.
|
|t:|1758355778
|switch|p2a: Excadrill|Excadrill, F|100/100
|-damage|p2a: Excadrill|97/100|[from] Stealth Rock
|move|p1a: Garganacl|Salt Cure|p2a: Excadrill
|-resisted|p2a: Excadrill
|-damage|p2a: Excadrill|93/100
|-start|p2a: Excadrill|Salt Cure
|
|-heal|p1a: Garganacl|86/100|[from] item: Leftovers
|-damage|p2a: Excadrill|68/100|[from] Salt Cure
|upkeep
|turn|10
|
|t:|1758355787
|move|p1a: Garganacl|Protect|p1a: Garganacl
|-singleturn|p1a: Garganacl|Protect
|move|p2a: Excadrill|Rapid Spin|p1a: Garganacl
|-activate|p1a: Garganacl|move: Protect
|
|-heal|p1a: Garganacl|92/100|[from] item: Leftovers
|-damage|p2a: Excadrill|43/100|[from] Salt Cure
|upkeep
|turn|11
|
|t:|1758355794
|move|p2a: Excadrill|Rapid Spin|p1a: Garganacl
|-damage|p1a: Garganacl|77/100
|-boost|p2a: Excadrill|spe|1
|-sideend|p2: zdeb|Stealth Rock|[from] move: Rapid Spin|[of] p2a: Excadrill
|-damage|p2a: Excadrill|33/100|[from] item: Life Orb
|move|p1a: Garganacl|Stealth Rock|p2a: Excadrill
|-sidestart|p2: zdeb|move: Stealth Rock
|
|-heal|p1a: Garganacl|83/100|[from] item: Leftovers
|-damage|p2a: Excadrill|9/100|[from] Salt Cure
|upkeep
|turn|12
|
|t:|1758355806
|switch|p2a: Corviknight|Corviknight, F|100/100
|-damage|p2a: Corviknight|88/100|[from] Stealth Rock
|-ability|p2a: Corviknight|Pressure
|move|p1a: Garganacl|Salt Cure|p2a: Corviknight
|-damage|p2a: Corviknight|80/100
|-start|p2a: Corviknight|Salt Cure
|
|-heal|p1a: Garganacl|89/100|[from] item: Leftovers
|-damage|p2a: Corviknight|55/100|[from] Salt Cure
|upkeep
|turn|13
|
|t:|1758355816
|move|p2a: Corviknight|Roost|p2a: Corviknight
|-heal|p2a: Corviknight|100/100
|-singleturn|p2a: Corviknight|move: Roost
|move|p1a: Garganacl|Salt Cure|p2a: Corviknight
|-resisted|p2a: Corviknight
|-damage|p2a: Corviknight|96/100
|
|-heal|p1a: Garganacl|95/100|[from] item: Leftovers
|-damage|p2a: Corviknight|71/100|[from] Salt Cure
|upkeep
|turn|14
|
|t:|1758355833
|switch|p1a: Scovillain|Scovillain, F|100/100
|move|p2a: Corviknight|Defog|p1a: Scovillain
|-unboost|p1a: Scovillain|evasion|1
|-sideend|p2: zdeb|Stealth Rock|[from] move: Defog|[of] p2a: Corviknight
|
|-damage|p2a: Corviknight|46/100|[from] Salt Cure
|upkeep
|turn|15
|
|t:|1758355844
|move|p1a: Scovillain|Will-O-Wisp|p2a: Corviknight
|-status|p2a: Corviknight|brn
|move|p2a: Corviknight|U-turn|p1a: Scovillain
|-damage|p1a: Scovillain|87/100
|
|t:|1758355851
|switch|p2a: Tyranitar|Tyranitar, M|100/100|[from] U-turn
|-weather|Sandstorm|[from] ability: Sand Stream|[of] p2a: Tyranitar
|
|-weather|Sandstorm|[upkeep]
|-damage|p1a: Scovillain|81/100|[from] Sandstorm
|upkeep
|turn|16
|
|t:|1758355870
|-terastallize|p2a: Tyranitar|Grass
|move|p1a: Scovillain|Will-O-Wisp|p2a: Tyranitar
|-status|p2a: Tyranitar|brn
|move|p2a: Tyranitar|Dark Pulse|p1a: Scovillain
|-damage|p1a: Scovillain|18/100
|
|-weather|Sandstorm|[upkeep]
|-damage|p1a: Scovillain|12/100|[from] Sandstorm
|-damage|p2a: Tyranitar|94/100 brn|[from] Sandstorm
|-damage|p2a: Tyranitar|88/100 brn|[from] brn
|upkeep
|turn|17
|
|t:|1758355882
|switch|p2a: Rotom|Rotom-Wash|100/100
|move|p1a: Scovillain|Flamethrower|p2a: Rotom
|-resisted|p2a: Rotom
|-damage|p2a: Rotom|75/100
|
|-weather|Sandstorm|[upkeep]
|-damage|p2a: Rotom|69/100|[from] Sandstorm
|-damage|p1a: Scovillain|5/100|[from] Sandstorm
|upkeep
|turn|18
|
|t:|1758355890
|switch|p1a: Garganacl|Garganacl, M, tera:Water|95/100
|move|p2a: Rotom|Volt Switch|p1a: Garganacl
|-supereffective|p1a: Garganacl
|-damage|p1a: Garganacl|50/100
|
|t:|1758355903
|switch|p2a: Dragapult|Dragapult, M|91/100|[from] Volt Switch
|
|-weather|Sandstorm|[upkeep]
|-damage|p2a: Dragapult|85/100|[from] Sandstorm
|-damage|p1a: Garganacl|44/100|[from] Sandstorm
|-heal|p1a: Garganacl|50/100|[from] item: Leftovers
|upkeep
|turn|19
|
|t:|1758355925
|move|p2a: Dragapult|Dragon Darts|p1a: Garganacl
|-damage|p1a: Garganacl|31/100
|-anim|p2a: Dragapult|Dragon Darts|p1a: Garganacl
|-damage|p1a: Garganacl|7/100
|-damage|p2a: Dragapult|75/100|[from] item: Life Orb
|move|p1a: Garganacl|Recover|p1a: Garganacl
|-heal|p1a: Garganacl|57/100
|
|-weather|none
|-heal|p1a: Garganacl|64/100|[from] item: Leftovers
|upkeep
|turn|20
|
|t:|1758355943
|move|p2a: Dragapult|Dragon Dance|p2a: Dragapult
|-boost|p2a: Dragapult|atk|1
|-boost|p2a: Dragapult|spe|1
|move|p1a: Garganacl|Recover|p1a: Garganacl
|-heal|p1a: Garganacl|100/100
|
|upkeep
|turn|21
|
|t:|1758355951
|move|p2a: Dragapult|Dragon Dance|p2a: Dragapult
|-boost|p2a: Dragapult|atk|1
|-boost|p2a: Dragapult|spe|1
|move|p1a: Garganacl|Salt Cure|p2a: Dragapult
|-crit|p2a: Dragapult
|-damage|p2a: Dragapult|48/100
|-start|p2a: Dragapult|Salt Cure
|
|-damage|p2a: Dragapult|36/100|[from] Salt Cure
|upkeep
|turn|22
|
|t:|1758355956
|move|p1a: Garganacl|Protect|p1a: Garganacl
|-singleturn|p1a: Garganacl|Protect
|move|p2a: Dragapult|Dragon Dance|p2a: Dragapult
|-boost|p2a: Dragapult|atk|1
|-boost|p2a: Dragapult|spe|1
|
|-damage|p2a: Dragapult|24/100|[from] Salt Cure
|upkeep
|turn|23
|
|t:|1758355963
|move|p2a: Dragapult|Dragon Darts|p1a: Garganacl
|-damage|p1a: Garganacl|50/100
|-anim|p2a: Dragapult|Dragon Darts|p1a: Garganacl
|-damage|p1a: Garganacl|2/100
|-damage|p2a: Dragapult|14/100|[from] item: Life Orb
|move|p1a: Garganacl|Recover|p1a: Garganacl
|-heal|p1a: Garganacl|52/100
|
|-heal|p1a: Garganacl|58/100|[from] item: Leftovers
|-damage|p2a: Dragapult|2/100|[from] Salt Cure
|upkeep
|turn|24
|c|☆zdeb|gg
|
|t:|1758355983
|move|p2a: Dragapult|Dragon Darts|p1a: Garganacl
|-damage|p1a: Garganacl|4/100
|-anim|p2a: Dragapult|Dragon Darts|p1a: Garganacl
|-damage|p1a: Garganacl|0 fnt
|faint|p1a: Garganacl
|-damage|p2a: Dragapult|0 fnt|[from] item: Life Orb
|faint|p2a: Dragapult
|
|upkeep
|
|t:|1758355994
|switch|p2a: Tyranitar|Tyranitar, M, tera:Grass|88/100 brn
|switch|p1a: Mabosstiff|Mabosstiff, M|100/100
|-weather|Sandstorm|[from] ability: Sand Stream|[of] p2a: Tyranitar
|turn|25
|
|t:|1758356010
|switch|p2a: Corviknight|Corviknight, F|46/100 brn
|-ability|p2a: Corviknight|Pressure
|move|p1a: Mabosstiff|Crunch|p2a: Corviknight
|-damage|p2a: Corviknight|0 fnt
|-damage|p1a: Mabosstiff|84/100|[from] item: Rocky Helmet|[of] p2a: Corviknight
|faint|p2a: Corviknight
|-damage|p1a: Mabosstiff|74/100|[from] item: Life Orb
|
|-weather|Sandstorm|[upkeep]
|-damage|p1a: Mabosstiff|68/100|[from] Sandstorm
|upkeep
|
|t:|1758356024
|switch|p2a: Rotom|Rotom-Wash|69/100
|turn|26
|
|t:|1758356033
|switch|p1a: Scovillain|Scovillain, F|5/100
|move|p2a: Rotom|Hydro Pump|p1a: Scovillain|[miss]
|-miss|p2a: Rotom|p1a: Scovillain
|
|-weather|Sandstorm|[upkeep]
|-damage|p2a: Rotom|63/100|[from] Sandstorm
|-damage|p1a: Scovillain|0 fnt|[from] Sandstorm
|faint|p1a: Scovillain
|upkeep
|
|t:|1758356043
|switch|p1a: Greedent|Greedent, M|100/100
|turn|27
|
|t:|1758356051
|move|p2a: Rotom|Hydro Pump|p1a: Greedent
|-damage|p1a: Greedent|56/100
|move|p1a: Greedent|Curse|p1a: Greedent
|-unboost|p1a: Greedent|spe|1
|-boost|p1a: Greedent|atk|1
|-boost|p1a: Greedent|def|1
|
|-weather|Sandstorm|[upkeep]
|-damage|p2a: Rotom|57/100|[from] Sandstorm
|-damage|p1a: Greedent|50/100|[from] Sandstorm
|-enditem|p1a: Greedent|Sitrus Berry|[eat]
|-heal|p1a: Greedent|75/100|[from] item: Sitrus Berry
|-heal|p1a: Greedent|100/100|[from] ability: Cheek Pouch
|upkeep
|turn|28
|
|t:|1758356065
|move|p2a: Rotom|Hydro Pump|p1a: Greedent
|-damage|p1a: Greedent|52/100
|move|p1a: Greedent|Body Slam|p2a: Rotom
|-damage|p2a: Rotom|0 fnt
|faint|p2a: Rotom
|
|-weather|Sandstorm|[upkeep]
|-damage|p1a: Greedent|46/100|[from] Sandstorm
|upkeep
|
|t:|1758356072
|switch|p2a: Excadrill|Excadrill, F|9/100
|turn|29
|
|t:|1758356082
|move|p2a: Excadrill|Earthquake|p1a: Greedent
|-damage|p1a: Greedent|8/100
|-damage|p2a: Excadrill|0 fnt|[from] item: Life Orb
|faint|p2a: Excadrill
|move|p1a: Greedent|Body Slam|p2: Excadrill|[notarget]
|-fail|p1a: Greedent
|
|-weather|none
|upkeep
|
|t:|1758356088
|switch|p2a: Tyranitar|Tyranitar, M, tera:Grass|88/100 brn
|-weather|Sandstorm|[from] ability: Sand Stream|[of] p2a: Tyranitar
|turn|30
|
|t:|1758356094
|move|p2a: Tyranitar|Dark Pulse|p1a: Greedent
|-damage|p1a: Greedent|0 fnt
|faint|p1a: Greedent
|
|-weather|Sandstorm|[upkeep]
|-damage|p2a: Tyranitar|82/100 brn|[from] Sandstorm
|-damage|p2a: Tyranitar|76/100 brn|[from] brn
|upkeep
|
|t:|1758356097
|switch|p1a: Mabosstiff|Mabosstiff, M|68/100
|turn|31
|
|t:|1758356103
|move|p1a: Mabosstiff|Crunch|p2a: Tyranitar
|-damage|p2a: Tyranitar|25/100 brn
|-damage|p1a: Mabosstiff|58/100|[from] item: Life Orb
|move|p2a: Tyranitar|Flamethrower|p1a: Mabosstiff
|-damage|p1a: Mabosstiff|18/100
|
|-weather|Sandstorm|[upkeep]
|-damage|p1a: Mabosstiff|12/100|[from] Sandstorm
|-damage|p2a: Tyranitar|19/100 brn|[from] Sandstorm
|-damage|p2a: Tyranitar|13/100 brn|[from] brn
|upkeep
|turn|32
|
|t:|1758356110
|move|p1a: Mabosstiff|Crunch|p2a: Tyranitar
|-damage|p2a: Tyranitar|0 fnt
|faint|p2a: Tyranitar
|-damage|p1a: Mabosstiff|2/100|[from] item: Life Orb
|
|win|Javidre
|raw|Javidre's rating: 1148 &rarr; <strong>1174</strong><br />(+26 for winning)
|raw|zdeb's rating: 1156 &rarr; <strong>1130</strong><br />(-26 for losing)
|l|☆zdeb
|player|p2|
|c|☆Javidre|gg
|l|☆Javidre
|player|p1|
