|j|☆iivvv
|j|☆I am a chinese.
|t:|1758362134
|gametype|singles
|player|p1|iivvv|clerk|
|player|p2|I am a chinese.|maid|
|gen|9
|tier|[Gen 9] OU
|rule|HP Percentage Mod: HP is shown in percentages
|rule|Endless Battle Clause: Forcing endless battles is banned
|rule|Species Clause: Limit one of each Pokémon
|rule|OHKO Clause: OHKO moves are banned
|rule|Evasion Items Clause: Evasion items are banned
|rule|Evasion Moves Clause: Evasion moves are banned
|rule|Evasion Abilities Clause: Evasion abilities are banned
|rule|Sleep Moves Clause: Sleep-inducing moves are banned
|clearpoke
|poke|p1|Tyranitar, F|
|poke|p1|Excadrill, F|
|poke|p1|Vileplume, F|
|poke|p1|Braviary-Hisui, M|
|poke|p1|Volcanion|
|poke|p1|Fezandipiti, M|
|poke|p2|Porygon-Z|
|poke|p2|Araquanid, M|
|poke|p2|Lokix, M|
|poke|p2|Skeledirge, F|
|poke|p2|Ogerpon-Wellspring, F|
|poke|p2|Dragapult, F|
|teampreview
|
|t:|1758362146
|teamsize|p1|6
|teamsize|p2|6
|start
|switch|p1a: Tyranitar|Tyranitar, F|100/100
|switch|p2a: Ogerpon|Ogerpon-Wellspring, F|100/100
|-weather|Sandstorm|[from] ability: Sand Stream|[of] p1a: Tyranitar
|turn|1
|
|t:|1758362170
|switch|p1a: Vileplume|Vileplume, F|100/100
|move|p2a: Ogerpon|Low Kick|p1a: Vileplume
|-resisted|p1a: Vileplume
|-damage|p1a: Vileplume|95/100
|-damage|p2a: Ogerpon|84/100|[from] item: Rocky Helmet|[of] p1a: Vileplume
|
|-weather|Sandstorm|[upkeep]
|-damage|p2a: Ogerpon|78/100|[from] Sandstorm
|-damage|p1a: Vileplume|89/100|[from] Sandstorm
|upkeep
|turn|2
|
|t:|1758362201
|move|p2a: Ogerpon|U-turn|p1a: Vileplume
|-damage|p1a: Vileplume|68/100
|-damage|p2a: Ogerpon|61/100|[from] item: Rocky Helmet|[of] p1a: Vileplume
|
|t:|1758362241
|switch|p2a: Lokix|Lokix, M|100/100|[from] U-turn
|move|p1a: Vileplume|Stun Spore|p2a: Lokix
|-status|p2a: Lokix|par
|
|-weather|Sandstorm|[upkeep]
|-damage|p2a: Lokix|95/100 par|[from] Sandstorm
|-damage|p1a: Vileplume|62/100|[from] Sandstorm
|upkeep
|turn|3
|
|t:|1758362259
|cant|p2a: Lokix|par
|move|p1a: Vileplume|Strength Sap|p2a: Lokix
|-unboost|p2a: Lokix|atk|1
|-heal|p1a: Vileplume|100/100
|
|-weather|Sandstorm|[upkeep]
|-damage|p2a: Lokix|89/100 par|[from] Sandstorm
|-damage|p1a: Vileplume|94/100|[from] Sandstorm
|upkeep
|turn|4
|
|t:|1758362267
|move|p2a: Lokix|U-turn|p1a: Vileplume
|-crit|p1a: Vileplume
|-damage|p1a: Vileplume|52/100
|-damage|p2a: Lokix|72/100 par|[from] item: Rocky Helmet|[of] p1a: Vileplume
|
|t:|1758362278
|switch|p2a: Araquanid|Araquanid, M|100/100|[from] U-turn
|move|p1a: Vileplume|Sludge Bomb|p2a: Araquanid
|-damage|p2a: Araquanid|81/100
|
|-weather|Sandstorm|[upkeep]
|-damage|p1a: Vileplume|46/100|[from] Sandstorm
|-damage|p2a: Araquanid|75/100|[from] Sandstorm
|upkeep
|turn|5
|
|t:|1758362301
|move|p1a: Vileplume|Strength Sap|p2a: Araquanid
|-unboost|p2a: Araquanid|atk|1
|-heal|p1a: Vileplume|96/100
|move|p2a: Araquanid|Leech Life|p1a: Vileplume
|-damage|p1a: Vileplume|85/100
|-heal|p2a: Araquanid|81/100|[from] drain|[of] p1a: Vileplume
|-damage|p2a: Araquanid|64/100|[from] item: Rocky Helmet|[of] p1a: Vileplume
|
|-weather|none
|upkeep
|turn|6
|
|t:|1758362309
|switch|p1a: Tyranitar|Tyranitar, F|100/100
|-weather|Sandstorm|[from] ability: Sand Stream|[of] p1a: Tyranitar
|move|p2a: Araquanid|Sticky Web|p1a: Tyranitar
|-sidestart|p1: iivvv|move: Sticky Web
|
|-weather|Sandstorm|[upkeep]
|-damage|p2a: Araquanid|58/100|[from] Sandstorm
|upkeep
|turn|7
|
|t:|1758362338
|move|p1a: Tyranitar|Stone Edge|p2a: Araquanid|[miss]
|-miss|p1a: Tyranitar|p2a: Araquanid
|move|p2a: Araquanid|Liquidation|p1a: Tyranitar
|-supereffective|p1a: Tyranitar
|-damage|p1a: Tyranitar|49/100
|-unboost|p1a: Tyranitar|def|1
|
|-weather|Sandstorm|[upkeep]
|-damage|p2a: Araquanid|52/100|[from] Sandstorm
|upkeep
|turn|8
|
|t:|1758362344
|move|p1a: Tyranitar|Stone Edge|p2a: Araquanid
|-supereffective|p2a: Araquanid
|-damage|p2a: Araquanid|0 fnt
|faint|p2a: Araquanid
|
|-weather|Sandstorm|[upkeep]
|upkeep
|
|t:|1758362358
|switch|p2a: Ogerpon|Ogerpon-Wellspring, F|61/100
|turn|9
|
|t:|1758362365
|move|p2a: Ogerpon|U-turn|p1a: Tyranitar
|-supereffective|p1a: Tyranitar
|-damage|p1a: Tyranitar|0 fnt
|faint|p1a: Tyranitar
|
|t:|1758362384
|switch|p2a: Dragapult|Dragapult, F|100/100|[from] U-turn
|
|-weather|Sandstorm|[upkeep]
|-damage|p2a: Dragapult|95/100|[from] Sandstorm
|-heal|p2a: Dragapult|100/100|[from] item: Leftovers
|upkeep
|
|t:|1758362392
|switch|p1a: Fezandipiti|Fezandipiti, M|100/100
|-activate|p1a: Fezandipiti|move: Sticky Web
|-unboost|p1a: Fezandipiti|spe|1
|turn|10
|
|t:|1758362404
|move|p2a: Dragapult|Substitute|p2a: Dragapult
|-start|p2a: Dragapult|Substitute
|-damage|p2a: Dragapult|76/100
|move|p1a: Fezandipiti|U-turn|p2a: Dragapult
|-resisted|p2a: Dragapult
|-activate|p2a: Dragapult|move: Substitute|[damage]
|
|t:|1758362417
|switch|p1a: Excadrill|Excadrill, F|100/100|[from] U-turn
|-item|p1a: Excadrill|Air Balloon
|
|-weather|none
|-heal|p2a: Dragapult|82/100|[from] item: Leftovers
|upkeep
|turn|11
|
|t:|1758362431
|move|p2a: Dragapult|Phantom Force||[still]
|-prepare|p2a: Dragapult|Phantom Force
|move|p1a: Excadrill|Earthquake|p2a: Dragapult|[miss]
|-miss|p1a: Excadrill|p2a: Dragapult
|
|-heal|p2a: Dragapult|88/100|[from] item: Leftovers
|upkeep
|turn|12
|
|t:|1758362435
|move|p2a: Dragapult|Phantom Force|p1a: Excadrill|[from] lockedmove
|-damage|p1a: Excadrill|38/100
|-enditem|p1a: Excadrill|Air Balloon
|move|p1a: Excadrill|Earthquake|p2a: Dragapult
|-end|p2a: Dragapult|Substitute
|
|-heal|p2a: Dragapult|94/100|[from] item: Leftovers
|upkeep
|turn|13
|
|t:|1758362461
|move|p2a: Dragapult|Dragon Darts|p1a: Excadrill
|-resisted|p1a: Excadrill
|-damage|p1a: Excadrill|21/100
|-anim|p2a: Dragapult|Dragon Darts|p1a: Excadrill
|-resisted|p1a: Excadrill
|-damage|p1a: Excadrill|4/100
|move|p1a: Excadrill|Earthquake|p2a: Dragapult
|-damage|p2a: Dragapult|20/100
|
|-heal|p2a: Dragapult|26/100|[from] item: Leftovers
|upkeep
|turn|14
|
|t:|1758362472
|switch|p1a: Fezandipiti|Fezandipiti, M|100/100
|-activate|p1a: Fezandipiti|move: Sticky Web
|-unboost|p1a: Fezandipiti|spe|1
|move|p2a: Dragapult|Phantom Force||[still]
|-prepare|p2a: Dragapult|Phantom Force
|
|-heal|p2a: Dragapult|32/100|[from] item: Leftovers
|upkeep
|turn|15
|
|t:|1758362480
|move|p2a: Dragapult|Phantom Force|p1a: Fezandipiti|[from] lockedmove
|-damage|p1a: Fezandipiti|55/100
|move|p1a: Fezandipiti|Moonblast|p2a: Dragapult
|-supereffective|p2a: Dragapult
|-damage|p2a: Dragapult|0 fnt
|faint|p2a: Dragapult
|
|-heal|p1a: Fezandipiti|61/100|[from] item: Leftovers
|upkeep
|
|t:|1758362506
|switch|p2a: Ogerpon|Ogerpon-Wellspring, F|61/100
|turn|16
|
|t:|1758362512
|switch|p1a: Vileplume|Vileplume, F|85/100
|-activate|p1a: Vileplume|move: Sticky Web
|-unboost|p1a: Vileplume|spe|1
|move|p2a: Ogerpon|Horn Leech|p1a: Vileplume
|-resisted|p1a: Vileplume
|-damage|p1a: Vileplume|76/100
|-heal|p2a: Ogerpon|67/100|[from] drain|[of] p1a: Vileplume
|-damage|p2a: Ogerpon|50/100|[from] item: Rocky Helmet|[of] p1a: Vileplume
|
|upkeep
|turn|17
|
|t:|1758362528
|move|p2a: Ogerpon|U-turn|p1a: Vileplume
|-damage|p1a: Vileplume|54/100
|-damage|p2a: Ogerpon|34/100|[from] item: Rocky Helmet|[of] p1a: Vileplume
|
|t:|1758362538
|switch|p2a: Skeledirge|Skeledirge, F|100/100|[from] U-turn
|move|p1a: Vileplume|Stun Spore|p2a: Skeledirge
|-status|p2a: Skeledirge|par
|
|upkeep
|turn|18
|
|t:|1758362546
|switch|p1a: Volcanion|Volcanion|100/100
|-activate|p1a: Volcanion|move: Sticky Web
|-unboost|p1a: Volcanion|spe|1
|move|p2a: Skeledirge|Torch Song|p1a: Volcanion
|-resisted|p1a: Volcanion
|-damage|p1a: Volcanion|89/100
|-boost|p2a: Skeledirge|spa|1
|
|upkeep
|turn|19
|
|t:|1758362567
|move|p1a: Volcanion|Fire Blast|p2a: Skeledirge
|-resisted|p2a: Skeledirge
|-damage|p2a: Skeledirge|51/100 par
|move|p2a: Skeledirge|Earth Power|p1a: Volcanion
|-supereffective|p1a: Volcanion
|-damage|p1a: Volcanion|0 fnt
|faint|p1a: Volcanion
|
|upkeep
|
|t:|1758362582
|switch|p1a: Braviary|Braviary-Hisui, M|100/100
|turn|20
|
|t:|1758362588
|move|p1a: Braviary|Psychic|p2a: Skeledirge
|-crit|p2a: Skeledirge
|-damage|p2a: Skeledirge|0 fnt
|faint|p2a: Skeledirge
|
|upkeep
|
|t:|1758362591
|switch|p2a: Ogerpon|Ogerpon-Wellspring, F|34/100
|turn|21
|
|t:|1758362602
|-terastallize|p2a: Ogerpon|Water
|detailschange|p2a: Ogerpon|Ogerpon-Wellspring-Tera, F, tera:Water
|-ability|p2a: Ogerpon|Embody Aspect (Wellspring)|boost
|-boost|p2a: Ogerpon|spd|1
|move|p2a: Ogerpon|Ivy Cudgel|p1a: Braviary|[anim] Ivy Cudgel Water
|-damage|p1a: Braviary|4/100
|move|p1a: Braviary|Hurricane|p2a: Ogerpon|[miss]
|-miss|p1a: Braviary|p2a: Ogerpon
|
|upkeep
|turn|22
|
|t:|1758362623
|move|p2a: Ogerpon|Ivy Cudgel|p1a: Braviary|[anim] Ivy Cudgel Water
|-crit|p1a: Braviary
|-damage|p1a: Braviary|0 fnt
|faint|p1a: Braviary
|
|upkeep
|
|t:|1758362626
|switch|p1a: Vileplume|Vileplume, F|54/100
|-activate|p1a: Vileplume|move: Sticky Web
|-unboost|p1a: Vileplume|spe|1
|turn|23
|
|t:|1758362639
|move|p2a: Ogerpon|U-turn|p1a: Vileplume
|-damage|p1a: Vileplume|33/100
|-damage|p2a: Ogerpon|17/100|[from] item: Rocky Helmet|[of] p1a: Vileplume
|
|t:|1758362642
|switch|p2a: Porygon-Z|Porygon-Z|100/100|[from] U-turn
|move|p1a: Vileplume|Strength Sap|p2a: Porygon-Z
|-unboost|p2a: Porygon-Z|atk|1
|-heal|p1a: Vileplume|82/100
|
|upkeep
|turn|24
|inactive|Battle timer is ON: inactive players will automatically lose when time's up. (requested by I am a chinese.)
|
|t:|1758362654
|switch|p1a: Excadrill|Excadrill, F|4/100
|-activate|p1a: Excadrill|move: Sticky Web
|-unboost|p1a: Excadrill|spe|1
|move|p2a: Porygon-Z|Ice Beam|p1a: Excadrill
|-damage|p1a: Excadrill|0 fnt
|faint|p1a: Excadrill
|
|upkeep
|-message|I am a chinese. forfeited.
|
|win|iivvv
|l|☆I am a chinese.
|player|p2|
