|j|☆magical leaves
|j|☆Brock2424
|t:|1758355318
|gametype|singles
|player|p1|magical leaves|aromalady|1190
|player|p2|Brock2424|102|1159
|gen|9
|tier|[Gen 9] OU
|rated|
|rule|HP Percentage Mod: HP is shown in percentages
|rule|Endless Battle Clause: Forcing endless battles is banned
|rule|Species Clause: Limit one of each Pokémon
|rule|OHKO Clause: OHKO moves are banned
|rule|Evasion Items Clause: Evasion items are banned
|rule|Evasion Moves Clause: Evasion moves are banned
|rule|Evasion Abilities Clause: Evasion abilities are banned
|rule|Sleep Moves Clause: Sleep-inducing moves are banned
|clearpoke
|poke|p1|Lilligant-Hisui, F|
|poke|p1|Blaziken, F|
|poke|p1|Walking Wake|
|poke|p1|Great Tusk|
|poke|p1|Kingambit, F|
|poke|p1|Torkoal, F|
|poke|p2|Hariyama, M|
|poke|p2|Kleavor, M|
|poke|p2|Lokix, M|
|poke|p2|Azumarill, M|
|poke|p2|Porygon2|
|poke|p2|Heatran, F|
|teampreview
|inactive|Battle timer is ON: inactive players will automatically lose when time's up. (requested by Brock2424)
|
|t:|1758355325
|teamsize|p1|6
|teamsize|p2|6
|start
|switch|p1a: lu dort|Torkoal, F|100/100
|switch|p2a: Azumarill|Azumarill, M|100/100
|-weather|SunnyDay|[from] ability: Drought|[of] p1a: lu dort
|turn|1
|
|t:|1758355334
|move|p2a: Azumarill|Belly Drum|p2a: Azumarill
|-damage|p2a: Azumarill|51/100
|-setboost|p2a: Azumarill|atk|6|[from] move: Belly Drum
|move|p1a: lu dort|Will-O-Wisp|p2a: Azumarill
|-status|p2a: Azumarill|brn
|
|-weather|SunnyDay|[upkeep]
|-damage|p2a: Azumarill|44/100 brn|[from] brn
|upkeep
|turn|2
|
|t:|1758355354
|switch|p1a: crush|Great Tusk|100/100
|-activate|p1a: crush|ability: Protosynthesis
|-start|p1a: crush|protosynthesisatk
|move|p2a: Azumarill|Liquidation|p1a: crush
|-supereffective|p1a: crush
|-damage|p1a: crush|0 fnt
|faint|p1a: crush
|-end|p1a: crush|Protosynthesis|[silent]
|
|-weather|SunnyDay|[upkeep]
|-damage|p2a: Azumarill|38/100 brn|[from] brn
|upkeep
|
|t:|1758355366
|switch|p1a: atopos|Lilligant-Hisui, F|100/100
|turn|3
|
|t:|1758355386
|move|p2a: Azumarill|Aqua Jet|p1a: atopos
|-resisted|p1a: atopos
|-damage|p1a: atopos|81/100
|move|p1a: atopos|Solar Blade||[still]
|-prepare|p1a: atopos|Solar Blade
|-anim|p1a: atopos|Solar Blade|p2a: Azumarill
|-supereffective|p2a: Azumarill
|-damage|p2a: Azumarill|0 fnt
|faint|p2a: Azumarill
|-damage|p1a: atopos|71/100|[from] item: Life Orb
|
|-weather|SunnyDay|[upkeep]
|upkeep
|
|t:|1758355399
|switch|p2a: Heatran|Heatran, F|100/100
|turn|4
|
|t:|1758355402
|move|p1a: atopos|Close Combat|p2a: Heatran
|-supereffective|p2a: Heatran
|-damage|p2a: Heatran|0 fnt
|-unboost|p1a: atopos|def|1
|-unboost|p1a: atopos|spd|1
|faint|p2a: Heatran
|-damage|p1a: atopos|62/100|[from] item: Life Orb
|
|-weather|SunnyDay|[upkeep]
|upkeep
|
|t:|1758355414
|switch|p2a: Kleavor|Kleavor, M|100/100
|turn|5
|
|t:|1758355424
|-terastallize|p1a: atopos|Fire
|move|p1a: atopos|Tera Blast|p2a: Kleavor|[anim] Tera Blast Fire
|-damage|p2a: Kleavor|18/100
|-damage|p1a: atopos|52/100|[from] item: Life Orb
|move|p2a: Kleavor|Fury Cutter|p1a: atopos
|-resisted|p1a: atopos
|-damage|p1a: atopos|6/100
|
|-weather|SunnyDay|[upkeep]
|upkeep
|turn|6
|
|t:|1758355436
|move|p1a: atopos|Tera Blast|p2a: Kleavor|[anim] Tera Blast Fire
|-damage|p2a: Kleavor|0 fnt
|faint|p2a: Kleavor
|-damage|p1a: atopos|0 fnt|[from] item: Life Orb
|faint|p1a: atopos
|
|-weather|SunnyDay|[upkeep]
|upkeep
|
|t:|1758355459
|switch|p1a: jello|Blaziken, F|100/100
|switch|p2a: Hariyama|Hariyama, M|100/100
|turn|7
|
|t:|1758355466
|move|p1a: jello|Focus Energy|p1a: jello
|-start|p1a: jello|move: Focus Energy
|move|p2a: Hariyama|Earthquake|p1a: jello
|-supereffective|p1a: jello
|-damage|p1a: jello|0 fnt
|faint|p1a: jello
|
|-weather|SunnyDay|[upkeep]
|-status|p2a: Hariyama|brn|[from] item: Flame Orb
|upkeep
|
|t:|1758355477
|switch|p1a: WIDE AWAAAAAKE!|Walking Wake|100/100
|-activate|p1a: WIDE AWAAAAAKE!|ability: Protosynthesis
|-start|p1a: WIDE AWAAAAAKE!|protosynthesisspe
|turn|8
|
|t:|1758355486
|move|p1a: WIDE AWAAAAAKE!|Hydro Steam|p2a: Hariyama
|-damage|p2a: Hariyama|23/100 brn
|-damage|p1a: WIDE AWAAAAAKE!|91/100|[from] item: Life Orb
|move|p2a: Hariyama|Drain Punch|p1a: WIDE AWAAAAAKE!
|-damage|p1a: WIDE AWAAAAAKE!|20/100
|-heal|p2a: Hariyama|48/100 brn|[from] drain|[of] p1a: WIDE AWAAAAAKE!
|
|-weather|none
|-end|p1a: WIDE AWAAAAAKE!|Protosynthesis
|-damage|p2a: Hariyama|42/100 brn|[from] brn
|upkeep
|turn|9
|
|t:|1758355499
|move|p1a: WIDE AWAAAAAKE!|Draco Meteor|p2a: Hariyama
|-damage|p2a: Hariyama|0 fnt
|-unboost|p1a: WIDE AWAAAAAKE!|spa|2
|faint|p2a: Hariyama
|-damage|p1a: WIDE AWAAAAAKE!|10/100|[from] item: Life Orb
|
|upkeep
|
|t:|1758355508
|switch|p2a: Porygon2|Porygon2|100/100
|-ability|p2a: Porygon2|Download|boost
|-boost|p2a: Porygon2|spa|1
|turn|10
|
|t:|1758355522
|-end|p1a: WIDE AWAAAAAKE!|Protosynthesis|[silent]
|switch|p1a: gary|Kingambit, F|100/100
|-activate|p1a: gary|ability: Supreme Overlord
|-start|p1a: gary|fallen3|[silent]
|move|p2a: Porygon2|Ice Beam|p1a: gary
|-resisted|p1a: gary
|-damage|p1a: gary|81/100
|
|-heal|p1a: gary|87/100|[from] item: Leftovers
|upkeep
|turn|11
|
|t:|1758355536
|move|p2a: Porygon2|Thunderbolt|p1a: gary
|-damage|p1a: gary|45/100
|move|p1a: gary|Swords Dance|p1a: gary
|-boost|p1a: gary|atk|2
|
|-heal|p1a: gary|52/100|[from] item: Leftovers
|upkeep
|turn|12
|
|t:|1758355550
|move|p2a: Porygon2|Thunderbolt|p1a: gary
|-damage|p1a: gary|10/100
|move|p1a: gary|Kowtow Cleave|p2a: Porygon2
|-damage|p2a: Porygon2|7/100
|
|-heal|p1a: gary|16/100|[from] item: Leftovers
|upkeep
|turn|13
|
|t:|1758355561
|move|p1a: gary|Sucker Punch|p2a: Porygon2
|-damage|p2a: Porygon2|0 fnt
|faint|p2a: Porygon2
|
|-heal|p1a: gary|22/100|[from] item: Leftovers
|upkeep
|
|t:|1758355566
|switch|p2a: Lokix|Lokix, M|100/100
|turn|14
|
|t:|1758355570
|move|p2a: Lokix|Sucker Punch|p1a: gary
|-resisted|p1a: gary
|-damage|p1a: gary|0 fnt
|faint|p1a: gary
|-end|p1a: gary|fallen3|[silent]
|
|upkeep
|
|t:|1758355575
|switch|p1a: lu dort|Torkoal, F|100/100
|-weather|SunnyDay|[from] ability: Drought|[of] p1a: lu dort
|turn|15
|
|t:|1758355579
|move|p2a: Lokix|Sucker Punch|p1a: lu dort
|-damage|p1a: lu dort|73/100
|move|p1a: lu dort|Lava Plume|p2a: Lokix
|-supereffective|p2a: Lokix
|-crit|p2a: Lokix
|-damage|p2a: Lokix|0 fnt
|faint|p2a: Lokix
|
|win|magical leaves
|raw|magical leaves's rating: 1190 &rarr; <strong>1213</strong><br />(+23 for winning)
|raw|Brock2424's rating: 1159 &rarr; <strong>1136</strong><br />(-23 for losing)
|l|☆Brock2424
|player|p2|
|l|☆magical leaves
|player|p1|
