|j|☆John Mahmoud
|j|☆Nordinjo
|t:|1758275992
|gametype|singles
|player|p1|John Mahmoud|102|1273
|player|p2|Nordinjo|benga|1217
|gen|9
|tier|[Gen 9] OU
|rated|
|rule|HP Percentage Mod: HP is shown in percentages
|rule|Endless Battle Clause: Forcing endless battles is banned
|rule|Species Clause: Limit one of each Pokémon
|rule|OHKO Clause: OHKO moves are banned
|rule|Evasion Items Clause: Evasion items are banned
|rule|Evasion Moves Clause: Evasion moves are banned
|rule|Evasion Abilities Clause: Evasion abilities are banned
|rule|Sleep Moves Clause: Sleep-inducing moves are banned
|clearpoke
|poke|p1|Great Tusk|
|poke|p1|Azumarill, F|
|poke|p1|Iron Crown|
|poke|p1|Zapdos|
|poke|p1|Cinderace, F|
|poke|p1|Dragapult, F|
|poke|p2|Arcanine-Hisui, F|
|poke|p2|Slowking-Galar, M|
|poke|p2|Corviknight, F|
|poke|p2|Great Tusk|
|poke|p2|Dragapult, F|
|poke|p2|Kingambit, M|
|teampreview
|c|☆Nordinjo|gl hf
|inactive|Battle timer is ON: inactive players will automatically lose when time's up. (requested by John Mahmoud)
|
|t:|1758276009
|teamsize|p1|6
|teamsize|p2|6
|start
|switch|p1a: Gros corn|Great Tusk|100/100
|switch|p2a: Slowking|Slowking-Galar, M|100/100
|turn|1
|c|☆John Mahmoud|Gl
|
|t:|1758276019
|move|p1a: Gros corn|Earthquake|p2a: Slowking
|-supereffective|p2a: Slowking
|-damage|p2a: Slowking|0 fnt
|faint|p2a: Slowking
|
|upkeep
|
|t:|1758276033
|switch|p2a: Dragapult|Dragapult, F|100/100
|turn|2
|
|t:|1758276037
|move|p2a: Dragapult|Draco Meteor|p1a: Gros corn
|-damage|p1a: Gros corn|31/100
|-unboost|p2a: Dragapult|spa|2
|move|p1a: Gros corn|Ice Spinner|p2a: Dragapult
|-supereffective|p2a: Dragapult
|-damage|p2a: Dragapult|14/100
|
|upkeep
|turn|3
|
|t:|1758276047
|-end|p1a: Gros corn|Protosynthesis|[silent]
|switch|p1a: Bitenbois|Azumarill, F|100/100
|move|p2a: Dragapult|Draco Meteor|p1a: Bitenbois
|-immune|p1a: Bitenbois
|
|upkeep
|turn|4
|
|t:|1758276057
|switch|p2a: Kingambit|Kingambit, M|100/100
|-activate|p2a: Kingambit|ability: Supreme Overlord
|-start|p2a: Kingambit|fallen1|[silent]
|move|p1a: Bitenbois|Liquidation|p2a: Kingambit
|-damage|p2a: Kingambit|42/100
|
|upkeep
|turn|5
|
|t:|1758276066
|move|p2a: Kingambit|Iron Head|p1a: Bitenbois
|-damage|p1a: Bitenbois|42/100
|move|p1a: Bitenbois|Liquidation|p2a: Kingambit
|-damage|p2a: Kingambit|0 fnt
|faint|p2a: Kingambit
|-end|p2a: Kingambit|fallen1|[silent]
|
|upkeep
|
|t:|1758276071
|switch|p2a: Corviknight|Corviknight, F|100/100
|-ability|p2a: Corviknight|Pressure
|turn|6
|
|t:|1758276077
|switch|p1a: Joe Yabuki|Zapdos|100/100
|move|p2a: Corviknight|U-turn|p1a: Joe Yabuki
|-resisted|p1a: Joe Yabuki
|-damage|p1a: Joe Yabuki|94/100
|-status|p2a: Corviknight|par|[from] ability: Static|[of] p1a: Joe Yabuki
|
|t:|1758276084
|switch|p2a: Arcanine|Arcanine-Hisui, F|100/100|[from] U-turn
|
|upkeep
|turn|7
|
|t:|1758276091
|switch|p1a: Désiré Doué|Cinderace, F|100/100
|-terastallize|p2a: Arcanine|Rock
|move|p2a: Arcanine|Head Smash|p1a: Désiré Doué
|-supereffective|p1a: Désiré Doué
|-damage|p1a: Désiré Doué|0 fnt
|faint|p1a: Désiré Doué
|
|upkeep
|
|t:|1758276101
|switch|p1a: Bitenbois|Azumarill, F|42/100
|turn|8
|
|t:|1758276107
|move|p2a: Arcanine|Head Smash|p1a: Bitenbois
|-damage|p1a: Bitenbois|0 fnt
|faint|p1a: Bitenbois
|
|upkeep
|
|t:|1758276115
|switch|p1a: Miraculous|Iron Crown|100/100
|-enditem|p1a: Miraculous|Booster Energy
|-activate|p1a: Miraculous|ability: Quark Drive|[fromitem]
|-start|p1a: Miraculous|quarkdrivespa
|turn|9
|
|t:|1758276122
|move|p1a: Miraculous|Flash Cannon|p2a: Arcanine
|-supereffective|p2a: Arcanine
|-damage|p2a: Arcanine|0 fnt
|faint|p2a: Arcanine
|
|upkeep
|
|t:|1758276126
|switch|p2a: Corviknight|Corviknight, F|100/100 par
|-ability|p2a: Corviknight|Pressure
|turn|10
|
|t:|1758276133
|move|p1a: Miraculous|Calm Mind|p1a: Miraculous
|-boost|p1a: Miraculous|spa|1
|-boost|p1a: Miraculous|spd|1
|move|p2a: Corviknight|Body Press|p1a: Miraculous
|-damage|p1a: Miraculous|73/100
|
|upkeep
|turn|11
|
|t:|1758276150
|move|p1a: Miraculous|Focus Blast|p2a: Corviknight
|-damage|p2a: Corviknight|26/100 par
|cant|p2a: Corviknight|par
|
|upkeep
|turn|12
|
|t:|1758276162
|switch|p2a: Dragapult|Dragapult, F|14/100
|move|p1a: Miraculous|Calm Mind|p1a: Miraculous
|-boost|p1a: Miraculous|spa|1
|-boost|p1a: Miraculous|spd|1
|
|upkeep
|turn|13
|
|t:|1758276170
|move|p2a: Dragapult|Shadow Ball|p1a: Miraculous
|-supereffective|p1a: Miraculous
|-damage|p1a: Miraculous|24/100
|move|p1a: Miraculous|Psyshock|p2a: Dragapult
|-damage|p2a: Dragapult|0 fnt
|faint|p2a: Dragapult
|
|upkeep
|
|t:|1758276176
|switch|p2a: Corviknight|Corviknight, F|26/100 par
|-ability|p2a: Corviknight|Pressure
|turn|14
|c|☆Nordinjo|gg
|
|t:|1758276181
|move|p1a: Miraculous|Psyshock|p2a: Corviknight
|-resisted|p2a: Corviknight
|-damage|p2a: Corviknight|0 fnt
|faint|p2a: Corviknight
|
|upkeep
|
|t:|1758276183
|switch|p2a: Great Tusk|Great Tusk|100/100
|turn|15
|
|t:|1758276190
|move|p1a: Miraculous|Psyshock|p2a: Great Tusk
|-supereffective|p2a: Great Tusk
|-damage|p2a: Great Tusk|0 fnt
|faint|p2a: Great Tusk
|-end|p2a: Great Tusk|Protosynthesis|[silent]
|
|win|John Mahmoud
|raw|John Mahmoud's rating: 1273 &rarr; <strong>1294</strong><br />(+21 for winning)
|raw|Nordinjo's rating: 1217 &rarr; <strong>1196</strong><br />(-21 for losing)
|l|☆Nordinjo
|player|p2|
