|j|☆ZenSougo
|j|☆FinkLarry
|t:|1758363747
|gametype|singles
|player|p1|ZenSougo|miku-ghost|1237
|player|p2|FinkLarry|sisandbro|1167
|gen|9
|tier|[Gen 9] OU
|rated|
|rule|HP Percentage Mod: HP is shown in percentages
|rule|Endless Battle Clause: Forcing endless battles is banned
|rule|Species Clause: Limit one of each Pokémon
|rule|OHKO Clause: OHKO moves are banned
|rule|Evasion Items Clause: Evasion items are banned
|rule|Evasion Moves Clause: Evasion moves are banned
|rule|Evasion Abilities Clause: Evasion abilities are banned
|rule|Sleep Moves Clause: Sleep-inducing moves are banned
|clearpoke
|poke|p1|Pikachu-World, M|
|poke|p1|Araquanid, M|
|poke|p1|Weezing-Galar, M|
|poke|p1|Ceruledge, F|
|poke|p1|Meowscarada, M|
|poke|p1|Iron Treads|
|poke|p2|Rotom-Wash|
|poke|p2|Dragapult, M|
|poke|p2|Zoroark, F|
|poke|p2|Infernape, F|
|poke|p2|Cinderace, F|
|poke|p2|Kingambit, M|
|teampreview
|inactive|Battle timer is ON: inactive players will automatically lose when time's up. (requested by ZenSougo)
|
|t:|1758363756
|teamsize|p1|6
|teamsize|p2|6
|start
|switch|p1a: Araquanid|Araquanid, M|100/100
|switch|p2a: Harrier Du Bois|Dragapult, M|100/100
|turn|1
|
|t:|1758363764
|move|p1a: Araquanid|Endure|p1a: Araquanid
|-singleturn|p1a: Araquanid|move: Endure
|move|p2a: Harrier Du Bois|Dragon Dance|p2a: Harrier Du Bois
|-boost|p2a: Harrier Du Bois|atk|1
|-boost|p2a: Harrier Du Bois|spe|1
|
|upkeep
|turn|2
|
|t:|1758363770
|move|p1a: Araquanid|Endure||[still]
|-fail|p1a: Araquanid
|move|p2a: Harrier Du Bois|Dragon Darts|p1a: Araquanid
|-crit|p1a: Araquanid
|-damage|p1a: Araquanid|35/100
|-anim|p2a: Harrier Du Bois|Dragon Darts|p1a: Araquanid
|-damage|p1a: Araquanid|0 fnt
|faint|p1a: Araquanid
|-damage|p2a: Harrier Du Bois|91/100|[from] item: Life Orb
|
|upkeep
|
|t:|1758363780
|switch|p1a: Weezing|Weezing-Galar, M|100/100
|turn|3
|
|t:|1758363787
|move|p2a: Harrier Du Bois|Phantom Force||[still]
|-prepare|p2a: Harrier Du Bois|Phantom Force
|move|p1a: Weezing|Strange Steam|p2a: Harrier Du Bois|[miss]
|-miss|p1a: Weezing|p2a: Harrier Du Bois
|
|upkeep
|turn|4
|
|t:|1758363793
|move|p2a: Harrier Du Bois|Phantom Force|p1a: Weezing|[from] lockedmove
|-damage|p1a: Weezing|42/100
|-damage|p2a: Harrier Du Bois|81/100|[from] item: Life Orb
|move|p1a: Weezing|Strange Steam|p2a: Harrier Du Bois
|-supereffective|p2a: Harrier Du Bois
|-damage|p2a: Harrier Du Bois|10/100
|
|upkeep
|turn|5
|
|t:|1758363804
|move|p2a: Harrier Du Bois|Phantom Force||[still]
|-prepare|p2a: Harrier Du Bois|Phantom Force
|move|p1a: Weezing|Strange Steam|p2a: Harrier Du Bois|[miss]
|-miss|p1a: Weezing|p2a: Harrier Du Bois
|
|upkeep
|turn|6
|
|t:|1758363812
|move|p2a: Harrier Du Bois|Phantom Force|p1a: Weezing|[from] lockedmove
|-damage|p1a: Weezing|0 fnt
|faint|p1a: Weezing
|-damage|p2a: Harrier Du Bois|0 fnt|[from] item: Life Orb
|faint|p2a: Harrier Du Bois
|
|upkeep
|
|t:|1758363833
|switch|p2a: infer r*pe|Infernape, F|100/100
|switch|p1a: Ceruledge|Ceruledge, F|100/100
|turn|7
|
|t:|1758363842
|move|p2a: infer r*pe|Stone Edge|p1a: Ceruledge
|-supereffective|p1a: Ceruledge
|-crit|p1a: Ceruledge
|-enditem|p1a: Ceruledge|Focus Sash
|-damage|p1a: Ceruledge|1/100
|-ability|p1a: Ceruledge|Weak Armor|boost
|-unboost|p1a: Ceruledge|def|1
|-boost|p1a: Ceruledge|spe|2
|move|p1a: Ceruledge|Swords Dance|p1a: Ceruledge
|-boost|p1a: Ceruledge|atk|2
|
|upkeep
|turn|8
|
|t:|1758363852
|move|p1a: Ceruledge|Poltergeist|p2a: infer r*pe
|-activate|p2a: infer r*pe|move: Poltergeist|Choice Scarf
|-damage|p2a: infer r*pe|0 fnt
|faint|p2a: infer r*pe
|
|upkeep
|
|t:|1758363859
|switch|p2a: Mona Kimura|Kingambit, M|100/100
|turn|9
|
|t:|1758363867
|move|p2a: Mona Kimura|Sucker Punch||[still]
|-fail|p2a: Mona Kimura
|move|p1a: Ceruledge|Swords Dance|p1a: Ceruledge
|-boost|p1a: Ceruledge|atk|2
|
|upkeep
|turn|10
|
|t:|1758363873
|move|p2a: Mona Kimura|Sucker Punch|p1a: Ceruledge
|-supereffective|p1a: Ceruledge
|-damage|p1a: Ceruledge|0 fnt
|faint|p1a: Ceruledge
|
|upkeep
|
|t:|1758363888
|switch|p1a: Iron Treads|Iron Treads|100/100
|turn|11
|
|t:|1758363894
|-terastallize|p2a: Mona Kimura|Flying
|move|p1a: Iron Treads|Earthquake|p2a: Mona Kimura
|-immune|p2a: Mona Kimura
|move|p2a: Mona Kimura|Swords Dance|p2a: Mona Kimura
|-boost|p2a: Mona Kimura|atk|2
|
|upkeep
|turn|12
|
|t:|1758363902
|move|p1a: Iron Treads|Ice Spinner|p2a: Mona Kimura
|-supereffective|p2a: Mona Kimura
|-damage|p2a: Mona Kimura|4/100
|replace|p2a: CobyPersin|Zoroark, F
|-end|p2a: CobyPersin|Illusion
|move|p2a: CobyPersin|Swords Dance|p2a: CobyPersin
|-boost|p2a: CobyPersin|atk|2
|
|upkeep
|turn|13
|
|t:|1758363911
|move|p2a: CobyPersin|Sucker Punch|p1a: Iron Treads
|-damage|p1a: Iron Treads|2/100
|move|p1a: Iron Treads|Rapid Spin|p2a: CobyPersin
|-damage|p2a: CobyPersin|0 fnt
|-boost|p1a: Iron Treads|spe|1
|faint|p2a: CobyPersin
|
|-heal|p1a: Iron Treads|8/100|[from] item: Leftovers
|upkeep
|
|t:|1758363924
|switch|p2a: Cindelaras|Cinderace, F|100/100
|turn|14
|
|t:|1758363933
|move|p2a: Cindelaras|Sucker Punch|p1a: Iron Treads
|-start|p2a: Cindelaras|typechange|Dark|[from] ability: Libero
|-damage|p1a: Iron Treads|0 fnt
|faint|p1a: Iron Treads
|-end|p1a: Iron Treads|Quark Drive|[silent]
|
|upkeep
|
|t:|1758363938
|switch|p1a: Pikachu|Pikachu-World, M|100/100
|turn|15
|
|t:|1758363953
|move|p2a: Cindelaras|High Jump Kick|p1a: Pikachu
|-damage|p1a: Pikachu|0 fnt
|faint|p1a: Pikachu
|
|upkeep
|
|t:|1758363956
|switch|p1a: Meowscarada|Meowscarada, M|100/100
|turn|16
|
|t:|1758363971
|-terastallize|p1a: Meowscarada|Stellar
|move|p1a: Meowscarada|U-turn|p2a: Cindelaras
|-supereffective|p2a: Cindelaras
|-damage|p2a: Cindelaras|0 fnt
|faint|p2a: Cindelaras
|
|upkeep
|
|t:|1758363980
|switch|p2a: ZA/UM|Rotom-Wash|100/100
|turn|17
|
|t:|1758363986
|move|p2a: ZA/UM|Protect|p2a: ZA/UM
|-singleturn|p2a: ZA/UM|Protect
|move|p1a: Meowscarada|U-turn|p2a: ZA/UM
|-activate|p2a: ZA/UM|move: Protect
|
|upkeep
|turn|18
|
|t:|1758363992
|move|p1a: Meowscarada|U-turn|p2a: ZA/UM
|-damage|p2a: ZA/UM|64/100
|move|p2a: ZA/UM|Will-O-Wisp|p1a: Meowscarada
|-status|p1a: Meowscarada|brn
|
|-heal|p2a: ZA/UM|69/100|[from] item: Leftovers
|-damage|p1a: Meowscarada|94/100 brn|[from] brn
|upkeep
|turn|19
|-message|ZenSougo forfeited.
|
|win|FinkLarry
|raw|ZenSougo's rating: 1237 &rarr; <strong>1207</strong><br />(-30 for losing)
|raw|FinkLarry's rating: 1167 &rarr; <strong>1197</strong><br />(+30 for winning)
|l|☆ZenSougo
|player|p1|
