|j|☆asw990117
|j|☆Alexboss30
|t:|1758302349
|gametype|singles
|player|p1|asw990117|lucas|1163
|player|p2|Alexboss30|marlon|1168
|gen|9
|tier|[Gen 9] OU
|rated|
|rule|HP Percentage Mod: HP is shown in percentages
|rule|Endless Battle Clause: Forcing endless battles is banned
|rule|Species Clause: Limit one of each Pokémon
|rule|OHKO Clause: OHKO moves are banned
|rule|Evasion Items Clause: Evasion items are banned
|rule|Evasion Moves Clause: Evasion moves are banned
|rule|Evasion Abilities Clause: Evasion abilities are banned
|rule|Sleep Moves Clause: Sleep-inducing moves are banned
|clearpoke
|poke|p1|Breloom, F|
|poke|p1|Gholdengo|
|poke|p1|Corviknight, M|
|poke|p1|Swampert, M|
|poke|p1|Blaziken, M|
|poke|p1|Dragonite, F|
|poke|p2|Pelipper, F|
|poke|p2|Cloyster, M|
|poke|p2|Quaquaval, M|
|poke|p2|Whiscash, M|
|poke|p2|Qwilfish, M|
|poke|p2|Ogerpon-Wellspring, F|
|teampreview
|inactive|Battle timer is ON: inactive players will automatically lose when time's up. (requested by Alexboss30)
|
|t:|1758302360
|teamsize|p1|6
|teamsize|p2|6
|start
|switch|p1a: Gholdengo|Gholdengo|100/100
|switch|p2a: Pelipper|Pelipper, F|100/100
|-item|p1a: Gholdengo|Air Balloon
|-weather|RainDance|[from] ability: Drizzle|[of] p2a: Pelipper
|turn|1
|
|t:|1758302370
|switch|p2a: Whiscash|Whiscash, M|100/100
|move|p1a: Gholdengo|Thunderbolt|p2a: Whiscash
|-immune|p2a: Whiscash
|
|-weather|RainDance|[upkeep]
|upkeep
|turn|2
|
|t:|1758302378
|move|p1a: Gholdengo|Shadow Ball|p2a: Whiscash
|-damage|p2a: Whiscash|49/100
|move|p2a: Whiscash|Dragon Dance|p2a: Whiscash
|-boost|p2a: Whiscash|atk|1
|-boost|p2a: Whiscash|spe|1
|
|-weather|RainDance|[upkeep]
|upkeep
|turn|3
|
|t:|1758302386
|move|p2a: Whiscash|Liquidation|p1a: Gholdengo
|-damage|p1a: Gholdengo|0 fnt
|-enditem|p1a: Gholdengo|Air Balloon
|faint|p1a: Gholdengo
|-damage|p2a: Whiscash|39/100|[from] item: Life Orb
|
|-weather|RainDance|[upkeep]
|upkeep
|
|t:|1758302393
|switch|p1a: Dragonite|Dragonite, F|100/100
|turn|4
|
|t:|1758302404
|move|p2a: Whiscash|Outrage|p1a: Dragonite
|-supereffective|p1a: Dragonite
|-damage|p1a: Dragonite|43/100
|-damage|p2a: Whiscash|29/100|[from] item: Life Orb
|move|p1a: Dragonite|Earthquake|p2a: Whiscash
|-damage|p2a: Whiscash|0 fnt
|faint|p2a: Whiscash
|
|-weather|RainDance|[upkeep]
|-heal|p1a: Dragonite|49/100|[from] item: Leftovers
|upkeep
|
|t:|1758302422
|switch|p2a: Quaquaval|Quaquaval, M|100/100
|turn|5
|
|t:|1758302431
|move|p1a: Dragonite|Extreme Speed|p2a: Quaquaval
|-damage|p2a: Quaquaval|62/100
|move|p2a: Quaquaval|Ice Spinner|p1a: Dragonite
|-supereffective|p1a: Dragonite
|-damage|p1a: Dragonite|0 fnt
|faint|p1a: Dragonite
|-ability|p2a: Quaquaval|Moxie|boost
|-boost|p2a: Quaquaval|atk|1
|
|-weather|RainDance|[upkeep]
|upkeep
|
|t:|1758302436
|switch|p1a: Corviknight|Corviknight, M|100/100
|turn|6
|
|t:|1758302444
|move|p2a: Quaquaval|Aqua Step|p1a: Corviknight
|-crit|p1a: Corviknight
|-damage|p1a: Corviknight|16/100
|-boost|p2a: Quaquaval|spe|1
|move|p1a: Corviknight|Brave Bird|p2a: Quaquaval
|-supereffective|p2a: Quaquaval
|-damage|p2a: Quaquaval|0 fnt
|faint|p2a: Quaquaval
|-damage|p1a: Corviknight|1/100|[from] Recoil
|
|-weather|RainDance|[upkeep]
|-heal|p1a: Corviknight|7/100|[from] item: Leftovers
|upkeep
|
|t:|1758302460
|switch|p2a: Qwilfish|Qwilfish, M|100/100
|turn|7
|
|t:|1758302464
|-terastallize|p2a: Qwilfish|Bug
|move|p2a: Qwilfish|Fell Stinger|p1a: Corviknight
|-resisted|p1a: Corviknight
|-damage|p1a: Corviknight|3/100
|move|p1a: Corviknight|Iron Defense|p1a: Corviknight
|-boost|p1a: Corviknight|def|2
|
|-weather|RainDance|[upkeep]
|-heal|p1a: Corviknight|9/100|[from] item: Leftovers
|upkeep
|turn|8
|
|t:|1758302474
|move|p2a: Qwilfish|Waterfall|p1a: Corviknight
|-damage|p1a: Corviknight|0 fnt
|faint|p1a: Corviknight
|
|-weather|none
|upkeep
|
|t:|1758302481
|switch|p1a: Breloom|Breloom, F|100/100
|turn|9
|
|t:|1758302486
|move|p2a: Qwilfish|Fell Stinger|p1a: Breloom
|-damage|p1a: Breloom|59/100
|move|p1a: Breloom|Rock Tomb|p2a: Qwilfish
|-supereffective|p2a: Qwilfish
|-damage|p2a: Qwilfish|8/100
|-unboost|p2a: Qwilfish|spe|1
|
|upkeep
|turn|10
|
|t:|1758302495
|move|p1a: Breloom|Bullet Seed|p2a: Qwilfish
|-resisted|p2a: Qwilfish
|-damage|p2a: Qwilfish|0 fnt
|faint|p2a: Qwilfish
|-hitcount|p2: Qwilfish|1
|
|upkeep
|
|t:|1758302501
|switch|p2a: Pelipper|Pelipper, F|100/100
|-weather|RainDance|[from] ability: Drizzle|[of] p2a: Pelipper
|turn|11
|
|t:|1758302505
|move|p1a: Breloom|Bullet Seed|p2a: Pelipper
|-damage|p2a: Pelipper|85/100
|-damage|p2a: Pelipper|68/100
|-damage|p2a: Pelipper|50/100
|-damage|p2a: Pelipper|33/100
|-hitcount|p2a: Pelipper|4
|move|p2a: Pelipper|Hurricane|p1a: Breloom
|-supereffective|p1a: Breloom
|-damage|p1a: Breloom|0 fnt
|faint|p1a: Breloom
|
|-weather|RainDance|[upkeep]
|upkeep
|
|t:|1758302513
|switch|p1a: Swampert|Swampert, M|100/100
|turn|12
|
|t:|1758302520
|move|p1a: Swampert|Ice Punch|p2a: Pelipper
|-damage|p2a: Pelipper|15/100
|move|p2a: Pelipper|Roost|p2a: Pelipper
|-heal|p2a: Pelipper|65/100
|-singleturn|p2a: Pelipper|move: Roost
|
|-weather|RainDance|[upkeep]
|upkeep
|turn|13
|
|t:|1758302529
|move|p1a: Swampert|Bulk Up|p1a: Swampert
|-boost|p1a: Swampert|atk|1
|-boost|p1a: Swampert|def|1
|move|p2a: Pelipper|Chilling Water|p1a: Swampert
|-damage|p1a: Swampert|78/100
|-unboost|p1a: Swampert|atk|1
|
|-weather|RainDance|[upkeep]
|-heal|p1a: Swampert|84/100|[from] item: Leftovers
|upkeep
|turn|14
|
|t:|1758302539
|move|p1a: Swampert|Bulk Up|p1a: Swampert
|-boost|p1a: Swampert|atk|1
|-boost|p1a: Swampert|def|1
|move|p2a: Pelipper|Hurricane|p1a: Swampert
|-damage|p1a: Swampert|48/100
|
|-weather|RainDance|[upkeep]
|-heal|p1a: Swampert|55/100|[from] item: Leftovers
|upkeep
|turn|15
|
|t:|1758302548
|move|p1a: Swampert|Earthquake|p2a: Pelipper
|-immune|p2a: Pelipper
|move|p2a: Pelipper|Hurricane|p1a: Swampert
|-damage|p1a: Swampert|24/100
|
|-weather|RainDance|[upkeep]
|-heal|p1a: Swampert|30/100|[from] item: Leftovers
|upkeep
|turn|16
|
|t:|1758302557
|move|p1a: Swampert|Ice Punch|p2a: Pelipper
|-crit|p2a: Pelipper
|-damage|p2a: Pelipper|31/100
|move|p2a: Pelipper|Hurricane|p1a: Swampert
|-damage|p1a: Swampert|0 fnt
|faint|p1a: Swampert
|
|-weather|RainDance|[upkeep]
|upkeep
|
|t:|1758302561
|switch|p1a: Blaziken|Blaziken, M|100/100
|turn|17
|
|t:|1758302569
|move|p1a: Blaziken|Brick Break|p2a: Pelipper
|-resisted|p2a: Pelipper
|-damage|p2a: Pelipper|16/100
|move|p2a: Pelipper|Chilling Water|p1a: Blaziken
|-supereffective|p1a: Blaziken
|-damage|p1a: Blaziken|30/100
|-unboost|p1a: Blaziken|atk|1
|
|-weather|RainDance|[upkeep]
|-ability|p1a: Blaziken|Speed Boost|boost
|-boost|p1a: Blaziken|spe|1
|upkeep
|turn|18
|-message|asw990117 forfeited.
|
|win|Alexboss30
|raw|asw990117's rating: 1163 &rarr; <strong>1138</strong><br />(-25 for losing)
|raw|Alexboss30's rating: 1168 &rarr; <strong>1193</strong><br />(+25 for winning)
|l|☆asw990117
|player|p1|
|l|☆Alexboss30
|player|p2|
