|j|☆zfy6666
|j|☆daxmax
|t:|1758370207
|gametype|singles
|player|p1|zfy6666|cynthia|1396
|player|p2|daxmax|caitlin|1368
|gen|9
|tier|[Gen 9] OU
|rated|
|rule|HP Percentage Mod: HP is shown in percentages
|rule|Endless Battle Clause: Forcing endless battles is banned
|rule|Species Clause: Limit one of each Pokémon
|rule|OHKO Clause: OHKO moves are banned
|rule|Evasion Items Clause: Evasion items are banned
|rule|Evasion Moves Clause: Evasion moves are banned
|rule|Evasion Abilities Clause: Evasion abilities are banned
|rule|Sleep Moves Clause: Sleep-inducing moves are banned
|clearpoke
|poke|p1|Ninetales-Alola, F|
|poke|p1|Zamazenta-*|
|poke|p1|Slowking-Galar, F|
|poke|p1|Kingambit, M|
|poke|p1|Hatterene, F|
|poke|p1|Kyurem|
|poke|p2|Zapdos|
|poke|p2|Rillaboom, M|
|poke|p2|Gholdengo|
|poke|p2|Tyranitar, M|
|poke|p2|Chesnaught, M|
|poke|p2|Garchomp, M|
|teampreview
|
|t:|1758370228
|teamsize|p1|6
|teamsize|p2|6
|start
|switch|p1a: Ninetales|Ninetales-Alola, F, shiny|100/100
|switch|p2a: Rillaboom|Rillaboom, M|100/100
|-weather|Snowscape|[from] ability: Snow Warning|[of] p1a: Ninetales
|-fieldstart|move: Grassy Terrain|[from] ability: Grassy Surge|[of] p2a: Rillaboom
|turn|1
|
|t:|1758370240
|switch|p1a: Zamazenta|Zamazenta|100/100
|-ability|p1a: Zamazenta|Dauntless Shield|boost
|-boost|p1a: Zamazenta|def|1
|switch|p2a: Gholdengo|Gholdengo|100/100
|-item|p2a: Gholdengo|Air Balloon
|
|-weather|Snowscape|[upkeep]
|upkeep
|turn|2
|
|t:|1758370256
|move|p1a: Zamazenta|Crunch|p2a: Gholdengo
|-supereffective|p2a: Gholdengo
|-damage|p2a: Gholdengo|66/100
|-enditem|p2a: Gholdengo|Air Balloon
|move|p2a: Gholdengo|Thunder Wave|p1a: Zamazenta|[miss]
|-miss|p2a: Gholdengo|p1a: Zamazenta
|
|-weather|Snowscape|[upkeep]
|-heal|p2a: Gholdengo|72/100|[from] Grassy Terrain
|upkeep
|turn|3
|
|t:|1758370273
|switch|p1a: Hatterene|Hatterene, F|100/100
|-item|p1a: Hatterene|Air Balloon
|move|p2a: Gholdengo|Thunder Wave|p1a: Hatterene
|move|p1a: Hatterene|Thunder Wave|p2a: Gholdengo|[from] ability: Magic Bounce
|-immune|p2a: Gholdengo|[from] ability: Good as Gold
|
|-weather|Snowscape|[upkeep]
|-heal|p2a: Gholdengo|78/100|[from] Grassy Terrain
|upkeep
|turn|4
|
|t:|1758370290
|move|p2a: Gholdengo|Make It Rain|p1a: Hatterene
|-supereffective|p1a: Hatterene
|-damage|p1a: Hatterene|0 fnt
|-unboost|p2a: Gholdengo|spa|1
|-enditem|p1a: Hatterene|Air Balloon
|faint|p1a: Hatterene
|
|-weather|Snowscape|[upkeep]
|-heal|p2a: Gholdengo|84/100|[from] Grassy Terrain
|upkeep
|
|t:|1758370299
|switch|p1a: Ninetales|Ninetales-Alola, F, shiny|100/100
|turn|5
|
|t:|1758370305
|move|p1a: Ninetales|Aurora Veil|p1a: Ninetales
|-sidestart|p1: zfy6666|move: Aurora Veil
|move|p2a: Gholdengo|Make It Rain|p1a: Ninetales
|-supereffective|p1a: Ninetales
|-damage|p1a: Ninetales|32/100
|-unboost|p2a: Gholdengo|spa|1
|
|-weather|none
|-heal|p1a: Ninetales|38/100|[from] Grassy Terrain
|-heal|p2a: Gholdengo|90/100|[from] Grassy Terrain
|upkeep
|turn|6
|
|t:|1758370314
|switch|p1a: Kyurem|Kyurem, shiny|100/100
|-ability|p1a: Kyurem|Pressure
|move|p2a: Gholdengo|Make It Rain|p1a: Kyurem
|-supereffective|p1a: Kyurem
|-damage|p1a: Kyurem|76/100
|-unboost|p2a: Gholdengo|spa|1
|
|-heal|p1a: Kyurem|82/100|[from] Grassy Terrain
|-heal|p1a: Kyurem|88/100|[from] item: Leftovers
|-heal|p2a: Gholdengo|97/100|[from] Grassy Terrain
|upkeep
|turn|7
|
|t:|1758370327
|switch|p2a: Tyranitar|Tyranitar, M|100/100
|-weather|Sandstorm|[from] ability: Sand Stream|[of] p2a: Tyranitar
|move|p1a: Kyurem|Substitute|p1a: Kyurem
|-start|p1a: Kyurem|Substitute
|-damage|p1a: Kyurem|63/100
|
|-weather|Sandstorm|[upkeep]
|-damage|p1a: Kyurem|57/100|[from] Sandstorm
|-heal|p1a: Kyurem|63/100|[from] Grassy Terrain
|-heal|p1a: Kyurem|70/100|[from] item: Leftovers
|upkeep
|turn|8
|
|t:|1758370348
|-terastallize|p1a: Kyurem|Ground
|move|p1a: Kyurem|Earth Power|p2a: Tyranitar
|-supereffective|p2a: Tyranitar
|-damage|p2a: Tyranitar|30/100
|move|p2a: Tyranitar|Knock Off|p1a: Kyurem
|-crit|p1a: Kyurem
|-end|p1a: Kyurem|Substitute
|
|-weather|Sandstorm|[upkeep]
|-heal|p1a: Kyurem|76/100|[from] Grassy Terrain
|-heal|p1a: Kyurem|82/100|[from] item: Leftovers
|-heal|p2a: Tyranitar|36/100|[from] Grassy Terrain
|-fieldend|move: Grassy Terrain
|upkeep
|turn|9
|
|t:|1758370367
|switch|p2a: Zapdos|Zapdos|100/100
|move|p1a: Kyurem|Earth Power|p2a: Zapdos
|-immune|p2a: Zapdos
|
|-weather|Sandstorm|[upkeep]
|-damage|p2a: Zapdos|94/100|[from] Sandstorm
|-heal|p1a: Kyurem|88/100|[from] item: Leftovers
|upkeep
|turn|10
|
|t:|1758370394
|move|p2a: Zapdos|Heat Wave|p1a: Kyurem
|-damage|p1a: Kyurem|73/100
|move|p1a: Kyurem|Substitute|p1a: Kyurem
|-start|p1a: Kyurem|Substitute
|-damage|p1a: Kyurem|48/100
|
|-weather|Sandstorm|[upkeep]
|-damage|p2a: Zapdos|88/100|[from] Sandstorm
|-heal|p1a: Kyurem|54/100|[from] item: Leftovers
|upkeep
|turn|11
|
|t:|1758370405
|switch|p2a: Rillaboom|Rillaboom, M|100/100
|-fieldstart|move: Grassy Terrain|[from] ability: Grassy Surge|[of] p2a: Rillaboom
|move|p1a: Kyurem|Freeze-Dry|p2a: Rillaboom
|-supereffective|p2a: Rillaboom
|-damage|p2a: Rillaboom|0 fnt
|faint|p2a: Rillaboom
|
|-weather|none
|-heal|p1a: Kyurem|60/100|[from] Grassy Terrain
|-heal|p1a: Kyurem|66/100|[from] item: Leftovers
|upkeep
|
|t:|1758370424
|switch|p2a: Chesnaught|Chesnaught, M|100/100
|turn|12
|
|t:|1758370433
|move|p2a: Chesnaught|Grassy Glide|p1a: Kyurem
|-supereffective|p1a: Kyurem
|-end|p1a: Kyurem|Substitute
|move|p1a: Kyurem|Freeze-Dry|p2a: Chesnaught
|-supereffective|p2a: Chesnaught
|-damage|p2a: Chesnaught|9/100
|-enditem|p2a: Chesnaught|Sitrus Berry|[eat]
|-heal|p2a: Chesnaught|34/100|[from] item: Sitrus Berry
|
|-heal|p1a: Kyurem|72/100|[from] Grassy Terrain
|-heal|p1a: Kyurem|78/100|[from] item: Leftovers
|-heal|p2a: Chesnaught|40/100|[from] Grassy Terrain
|-sideend|p1: zfy6666|move: Aurora Veil
|upkeep
|turn|13
|
|t:|1758370457
|switch|p1a: Slowking|Slowking-Galar, F|100/100
|-terastallize|p2a: Chesnaught|Grass
|move|p2a: Chesnaught|Grassy Glide|p1a: Slowking
|-resisted|p1a: Slowking
|-damage|p1a: Slowking|74/100
|
|-heal|p2a: Chesnaught|46/100|[from] Grassy Terrain
|-heal|p1a: Slowking|80/100|[from] Grassy Terrain
|upkeep
|turn|14
|inactive|Battle timer is ON: inactive players will automatically lose when time's up. (requested by daxmax)
|
|t:|1758370468
|move|p2a: Chesnaught|Knock Off|p1a: Slowking
|-supereffective|p1a: Slowking
|-damage|p1a: Slowking|7/100
|-enditem|p1a: Slowking|Heavy-Duty Boots|[from] move: Knock Off|[of] p2a: Chesnaught
|move|p1a: Slowking|Thunder Wave|p2a: Chesnaught
|-status|p2a: Chesnaught|par
|
|-heal|p2a: Chesnaught|52/100 par|[from] Grassy Terrain
|-heal|p1a: Slowking|13/100|[from] Grassy Terrain
|upkeep
|turn|15
|
|t:|1758370496
|move|p2a: Chesnaught|Drain Punch|p1a: Slowking
|-resisted|p1a: Slowking
|-damage|p1a: Slowking|3/100
|-heal|p2a: Chesnaught|57/100 par|[from] drain|[of] p1a: Slowking
|-prepare|p1a: Slowking|Chilly Reception|[premajor]
|move|p1a: Slowking|Chilly Reception|p1a: Slowking
|-weather|Snowscape
|inactive|zfy6666 has 120 seconds left.
|
|t:|1758370507
|switch|p1a: Kyurem|Kyurem, shiny, tera:Ground|78/100|[from] Chilly Reception
|-ability|p1a: Kyurem|Pressure
|
|-weather|Snowscape|[upkeep]
|-heal|p1a: Kyurem|85/100|[from] Grassy Terrain
|-heal|p1a: Kyurem|91/100|[from] item: Leftovers
|-heal|p2a: Chesnaught|63/100 par|[from] Grassy Terrain
|upkeep
|turn|16
|
|t:|1758370526
|move|p1a: Kyurem|Substitute|p1a: Kyurem
|-start|p1a: Kyurem|Substitute
|-damage|p1a: Kyurem|66/100
|move|p2a: Chesnaught|Drain Punch|p1a: Kyurem
|-end|p1a: Kyurem|Substitute
|-heal|p2a: Chesnaught|77/100 par|[from] drain|[of] p1a: Kyurem
|
|-weather|Snowscape|[upkeep]
|-heal|p1a: Kyurem|72/100|[from] Grassy Terrain
|-heal|p1a: Kyurem|78/100|[from] item: Leftovers
|-heal|p2a: Chesnaught|83/100 par|[from] Grassy Terrain
|upkeep
|turn|17
|inactive|daxmax has 120 seconds left.
|
|t:|1758370544
|cant|p2a: Chesnaught|par
|move|p1a: Kyurem|Substitute|p1a: Kyurem
|-start|p1a: Kyurem|Substitute
|-damage|p1a: Kyurem|53/100
|
|-weather|Snowscape|[upkeep]
|-heal|p1a: Kyurem|59/100|[from] Grassy Terrain
|-heal|p1a: Kyurem|66/100|[from] item: Leftovers
|-heal|p2a: Chesnaught|89/100 par|[from] Grassy Terrain
|upkeep
|turn|18
|
|t:|1758370553
|move|p2a: Chesnaught|Grassy Glide|p1a: Kyurem
|-supereffective|p1a: Kyurem
|-end|p1a: Kyurem|Substitute
|move|p1a: Kyurem|Freeze-Dry|p2a: Chesnaught
|-supereffective|p2a: Chesnaught
|-crit|p2a: Chesnaught
|-damage|p2a: Chesnaught|0 fnt
|faint|p2a: Chesnaught
|
|-weather|Snowscape|[upkeep]
|-heal|p1a: Kyurem|72/100|[from] Grassy Terrain
|-heal|p1a: Kyurem|78/100|[from] item: Leftovers
|-fieldend|move: Grassy Terrain
|upkeep
|inactive|daxmax has 120 seconds left.
|
|t:|1758370569
|switch|p2a: Gholdengo|Gholdengo|97/100
|turn|19
|inactive|daxmax has 120 seconds left.
|
|t:|1758370574
|move|p1a: Kyurem|Earth Power|p2a: Gholdengo
|-supereffective|p2a: Gholdengo
|-damage|p2a: Gholdengo|5/100
|move|p2a: Gholdengo|Make It Rain|p1a: Kyurem
|-damage|p1a: Kyurem|30/100
|-unboost|p2a: Gholdengo|spa|1
|
|-weather|none
|-heal|p1a: Kyurem|36/100|[from] item: Leftovers
|upkeep
|turn|20
|
|t:|1758370600
|move|p1a: Kyurem|Substitute|p1a: Kyurem
|-start|p1a: Kyurem|Substitute
|-damage|p1a: Kyurem|11/100
|move|p2a: Gholdengo|Recover|p2a: Gholdengo
|-heal|p2a: Gholdengo|55/100
|
|-heal|p1a: Kyurem|17/100|[from] item: Leftovers
|upkeep
|turn|21
|
|t:|1758370608
|move|p1a: Kyurem|Earth Power|p2a: Gholdengo
|-supereffective|p2a: Gholdengo
|-damage|p2a: Gholdengo|0 fnt
|faint|p2a: Gholdengo
|
|-heal|p1a: Kyurem|23/100|[from] item: Leftovers
|upkeep
|
|t:|1758370614
|switch|p2a: Tyranitar|Tyranitar, M|36/100
|-weather|Sandstorm|[from] ability: Sand Stream|[of] p2a: Tyranitar
|turn|22
|
|t:|1758370625
|switch|p2a: Zapdos|Zapdos|88/100
|move|p1a: Kyurem|Earth Power|p2a: Zapdos
|-immune|p2a: Zapdos
|
|-weather|Sandstorm|[upkeep]
|-damage|p2a: Zapdos|82/100|[from] Sandstorm
|-heal|p1a: Kyurem|29/100|[from] item: Leftovers
|upkeep
|turn|23
|
|t:|1758370641
|move|p2a: Zapdos|Hurricane|p1a: Kyurem
|-end|p1a: Kyurem|Substitute
|move|p1a: Kyurem|Freeze-Dry|p2a: Zapdos
|-supereffective|p2a: Zapdos
|-damage|p2a: Zapdos|0 fnt
|faint|p2a: Zapdos
|
|-weather|Sandstorm|[upkeep]
|-heal|p1a: Kyurem|36/100|[from] item: Leftovers
|upkeep
|
|t:|1758370651
|switch|p2a: Garchomp|Garchomp, M|100/100
|turn|24
|
|t:|1758370659
|move|p1a: Kyurem|Freeze-Dry|p2a: Garchomp
|-supereffective|p2a: Garchomp
|-damage|p2a: Garchomp|0 fnt
|faint|p2a: Garchomp
|
|-weather|Sandstorm|[upkeep]
|-heal|p1a: Kyurem|42/100|[from] item: Leftovers
|upkeep
|
|t:|1758370661
|switch|p2a: Tyranitar|Tyranitar, M|36/100
|turn|25
|
|t:|1758370666
|move|p1a: Kyurem|Earth Power|p2a: Tyranitar
|-supereffective|p2a: Tyranitar
|-crit|p2a: Tyranitar
|-damage|p2a: Tyranitar|0 fnt
|faint|p2a: Tyranitar
|
|win|zfy6666
|raw|zfy6666's rating: 1396 &rarr; <strong>1414</strong><br />(+18 for winning)
|raw|daxmax's rating: 1368 &rarr; <strong>1350</strong><br />(-18 for losing)
|l|☆daxmax
|player|p2|
