|j|☆mechamakachino
|j|☆uwontwinprobably
|t:|1758260227
|gametype|singles
|player|p1|mechamakachino|170|1475
|player|p2|uwontwinprobably|acetrainer-gen4dp|1432
|gen|9
|tier|[Gen 9] OU
|rated|
|rule|HP Percentage Mod: HP is shown in percentages
|rule|Endless Battle Clause: Forcing endless battles is banned
|rule|Species Clause: Limit one of each Pokémon
|rule|OHKO Clause: OHKO moves are banned
|rule|Evasion Items Clause: Evasion items are banned
|rule|Evasion Moves Clause: Evasion moves are banned
|rule|Evasion Abilities Clause: Evasion abilities are banned
|rule|Sleep Moves Clause: Sleep-inducing moves are banned
|clearpoke
|poke|p1|Skarmory, F|
|poke|p1|Ting-Lu|
|poke|p1|Zamazenta-*|
|poke|p1|Pecharunt|
|poke|p1|Clefable, M|
|poke|p1|Walking Wake|
|poke|p2|Heatran, F|
|poke|p2|Zamazenta-*|
|poke|p2|Enamorus, F|
|poke|p2|Ursaluna, F|
|poke|p2|Ogerpon-Wellspring, F|
|poke|p2|Kyurem|
|teampreview
|
|t:|1758260234
|teamsize|p1|6
|teamsize|p2|6
|start
|switch|p1a: Beat It|Zamazenta|100/100
|switch|p2a: Ursaluna|Ursaluna, F|100/100
|-ability|p1a: Beat It|Dauntless Shield|boost
|-boost|p1a: Beat It|def|1
|turn|1
|
|t:|1758260241
|move|p1a: Beat It|Heavy Slam|p2a: Ursaluna
|-damage|p2a: Ursaluna|91/100
|move|p2a: Ursaluna|Swords Dance|p2a: Ursaluna
|-boost|p2a: Ursaluna|atk|2
|
|-status|p2a: Ursaluna|brn|[from] item: Flame Orb
|upkeep
|turn|2
|
|t:|1758260252
|-terastallize|p2a: Ursaluna|Dragon
|move|p1a: Beat It|Close Combat|p2a: Ursaluna
|-damage|p2a: Ursaluna|40/100 brn
|-unboost|p1a: Beat It|def|1
|-unboost|p1a: Beat It|spd|1
|move|p2a: Ursaluna|Facade|p1a: Beat It
|-damage|p1a: Beat It|0 fnt
|faint|p1a: Beat It
|
|-damage|p2a: Ursaluna|34/100 brn|[from] brn
|upkeep
|
|t:|1758260267
|switch|p1a: Poison Young Thing|Pecharunt|100/100
|turn|3
|
|t:|1758260270
|move|p1a: Poison Young Thing|Foul Play|p2a: Ursaluna
|-damage|p2a: Ursaluna|0 fnt
|faint|p2a: Ursaluna
|
|upkeep
|
|t:|1758260285
|switch|p2a: Kyurem|Kyurem|100/100
|-ability|p2a: Kyurem|Pressure
|turn|4
|
|t:|1758260288
|move|p2a: Kyurem|Freeze-Dry|p1a: Poison Young Thing
|-damage|p1a: Poison Young Thing|63/100
|-status|p1a: Poison Young Thing|frz
|cant|p1a: Poison Young Thing|frz
|
|upkeep
|turn|5
|
|t:|1758260292
|switch|p2a: Ogerpon|Ogerpon-Wellspring, F|100/100
|cant|p1a: Poison Young Thing|frz
|
|upkeep
|turn|6
|
|t:|1758260295
|move|p2a: Ogerpon|Swords Dance|p2a: Ogerpon
|-boost|p2a: Ogerpon|atk|2
|-curestatus|p1a: Poison Young Thing|frz|[msg]
|move|p1a: Poison Young Thing|Foul Play|p2a: Ogerpon
|-damage|p2a: Ogerpon|17/100
|
|upkeep
|turn|7
|
|t:|1758260302
|switch|p1a: Moonwalker|Clefable, M|100/100
|move|p2a: Ogerpon|Ivy Cudgel|p1a: Moonwalker|[anim] Ivy Cudgel Water
|-crit|p1a: Moonwalker
|-damage|p1a: Moonwalker|0 fnt
|faint|p1a: Moonwalker
|
|upkeep
|
|t:|1758260303
|switch|p1a: Smooth Criminal|Skarmory, F|100/100
|turn|8
|
|t:|1758260306
|move|p2a: Ogerpon|Ivy Cudgel|p1a: Smooth Criminal|[anim] Ivy Cudgel Water
|-damage|p1a: Smooth Criminal|30/100
|move|p1a: Smooth Criminal|Brave Bird|p2a: Ogerpon
|-supereffective|p2a: Ogerpon
|-damage|p2a: Ogerpon|0 fnt
|faint|p2a: Ogerpon
|-damage|p1a: Smooth Criminal|25/100|[from] Recoil
|
|upkeep
|
|t:|1758260314
|switch|p2a: Kyurem|Kyurem|100/100
|-ability|p2a: Kyurem|Pressure
|turn|9
|
|t:|1758260317
|move|p2a: Kyurem|Freeze-Dry|p1a: Smooth Criminal
|-damage|p1a: Smooth Criminal|0 fnt
|faint|p1a: Smooth Criminal
|
|upkeep
|
|t:|1758260320
|switch|p1a: Poison Young Thing|Pecharunt|63/100
|turn|10
|
|t:|1758260326
|switch|p2a: Heatran|Heatran, F|100/100
|move|p1a: Poison Young Thing|Recover|p1a: Poison Young Thing
|-heal|p1a: Poison Young Thing|100/100
|
|upkeep
|turn|11
|
|t:|1758260330
|move|p2a: Heatran|Heat Wave|p1a: Poison Young Thing
|-damage|p1a: Poison Young Thing|45/100
|move|p1a: Poison Young Thing|Parting Shot|p2a: Heatran
|-unboost|p2a: Heatran|atk|1
|-unboost|p2a: Heatran|spa|1
|
|t:|1758260332
|switch|p1a: Rock With You|Ting-Lu|100/100|[from] Parting Shot
|-ability|p1a: Rock With You|Vessel of Ruin
|
|upkeep
|turn|12
|
|t:|1758260346
|move|p2a: Heatran|Heat Wave|p1a: Rock With You
|-damage|p1a: Rock With You|86/100
|move|p1a: Rock With You|Stealth Rock|p2a: Heatran
|-sidestart|p2: uwontwinprobably|move: Stealth Rock
|
|-heal|p1a: Rock With You|92/100|[from] item: Leftovers
|upkeep
|turn|13
|
|t:|1758260350
|move|p2a: Heatran|Heat Wave|p1a: Rock With You
|-damage|p1a: Rock With You|76/100
|move|p1a: Rock With You|Whirlwind|p2a: Heatran
|drag|p2a: Enamorus|Enamorus, F|100/100
|-damage|p2a: Enamorus|76/100|[from] Stealth Rock
|
|-heal|p1a: Rock With You|82/100|[from] item: Leftovers
|upkeep
|turn|14
|
|t:|1758260359
|move|p2a: Enamorus|Moonblast|p1a: Rock With You
|-supereffective|p1a: Rock With You
|-damage|p1a: Rock With You|36/100
|move|p1a: Rock With You|Whirlwind|p2a: Enamorus
|drag|p2a: Heatran|Heatran, F|100/100
|-damage|p2a: Heatran|88/100|[from] Stealth Rock
|
|-heal|p1a: Rock With You|42/100|[from] item: Leftovers
|upkeep
|turn|15
|
|t:|1758260367
|move|p2a: Heatran|Heat Wave|p1a: Rock With You
|-damage|p1a: Rock With You|21/100
|move|p1a: Rock With You|Earthquake|p2a: Heatran
|-supereffective|p2a: Heatran
|-damage|p2a: Heatran|0 fnt
|faint|p2a: Heatran
|
|-heal|p1a: Rock With You|27/100|[from] item: Leftovers
|upkeep
|
|t:|1758260390
|switch|p2a: Kyurem|Kyurem|100/100
|-damage|p2a: Kyurem|75/100|[from] Stealth Rock
|-ability|p2a: Kyurem|Pressure
|turn|16
|
|t:|1758260394
|move|p2a: Kyurem|Freeze-Dry|p1a: Rock With You
|-supereffective|p1a: Rock With You
|-crit|p1a: Rock With You
|-damage|p1a: Rock With You|0 fnt
|faint|p1a: Rock With You
|
|upkeep
|
|t:|1758260396
|switch|p1a: Thriller|Walking Wake|100/100
|turn|17
|
|t:|1758260397
|move|p2a: Kyurem|Freeze-Dry|p1a: Thriller
|-supereffective|p1a: Thriller
|-damage|p1a: Thriller|0 fnt
|faint|p1a: Thriller
|-end|p1a: Thriller|Protosynthesis|[silent]
|
|upkeep
|
|t:|1758260400
|switch|p1a: Poison Young Thing|Pecharunt|45/100
|turn|18
|
|t:|1758260403
|move|p2a: Kyurem|Freeze-Dry|p1a: Poison Young Thing
|-damage|p1a: Poison Young Thing|4/100
|move|p1a: Poison Young Thing|Recover|p1a: Poison Young Thing
|-heal|p1a: Poison Young Thing|54/100
|
|upkeep
|turn|19
|
|t:|1758260406
|move|p2a: Kyurem|Freeze-Dry|p1a: Poison Young Thing
|-damage|p1a: Poison Young Thing|11/100
|move|p1a: Poison Young Thing|Recover|p1a: Poison Young Thing
|-heal|p1a: Poison Young Thing|61/100
|
|upkeep
|turn|20
|
|t:|1758260410
|move|p2a: Kyurem|Freeze-Dry|p1a: Poison Young Thing
|-damage|p1a: Poison Young Thing|22/100
|move|p1a: Poison Young Thing|Recover|p1a: Poison Young Thing
|-heal|p1a: Poison Young Thing|72/100
|
|upkeep
|turn|21
|
|t:|1758260414
|move|p2a: Kyurem|Freeze-Dry|p1a: Poison Young Thing
|-damage|p1a: Poison Young Thing|34/100
|move|p1a: Poison Young Thing|Malignant Chain|p2a: Kyurem
|-damage|p2a: Kyurem|45/100
|
|upkeep
|turn|22
|
|t:|1758260415
|move|p2a: Kyurem|Freeze-Dry|p1a: Poison Young Thing
|-damage|p1a: Poison Young Thing|0 fnt
|faint|p1a: Poison Young Thing
|
|win|uwontwinprobably
|raw|mechamakachino's rating: 1475 &rarr; <strong>1453</strong><br />(-22 for losing)
|raw|uwontwinprobably's rating: 1432 &rarr; <strong>1454</strong><br />(+22 for winning)
|l|☆mechamakachino
|player|p1|
