|j|☆itoshiflwr
|j|☆TeamNorthKorea
|t:|1758302986
|gametype|singles
|player|p1|itoshiflwr|burnet|1490
|player|p2|TeamNorthKorea|dawn|1519
|gen|9
|tier|[Gen 9] OU
|rated|
|rule|HP Percentage Mod: HP is shown in percentages
|rule|Endless Battle Clause: Forcing endless battles is banned
|rule|Species Clause: Limit one of each Pokémon
|rule|OHKO Clause: OHKO moves are banned
|rule|Evasion Items Clause: Evasion items are banned
|rule|Evasion Moves Clause: Evasion moves are banned
|rule|Evasion Abilities Clause: Evasion abilities are banned
|rule|Sleep Moves Clause: Sleep-inducing moves are banned
|clearpoke
|poke|p1|Dragapult, F|
|poke|p1|Glastrier|
|poke|p1|Tinkaton, F|
|poke|p1|Ting-Lu|
|poke|p1|Iron Hands|
|poke|p1|Moltres|
|poke|p2|Porygon-Z|
|poke|p2|Great Tusk|
|poke|p2|Kingambit, F|
|poke|p2|Rillaboom, M|
|poke|p2|Dragapult, F|
|poke|p2|Heatran, M|
|teampreview
|inactive|Battle timer is ON: inactive players will automatically lose when time's up. (requested by TeamNorthKorea)
|
|t:|1758302993
|teamsize|p1|6
|teamsize|p2|6
|start
|switch|p1a: Iron Hands|Iron Hands|100/100
|switch|p2a: Dragapult|Dragapult, F|100/100
|turn|1
|
|t:|1758303003
|move|p2a: Dragapult|U-turn|p1a: Iron Hands
|-resisted|p1a: Iron Hands
|-damage|p1a: Iron Hands|95/100
|
|t:|1758303009
|switch|p2a: Heatran|Heatran, M|100/100|[from] U-turn
|move|p1a: Iron Hands|Ice Punch|p2a: Heatran
|-resisted|p2a: Heatran
|-damage|p2a: Heatran|95/100
|-status|p1a: Iron Hands|brn|[from] ability: Flame Body|[of] p2a: Heatran
|
|-heal|p2a: Heatran|100/100|[from] item: Leftovers
|-damage|p1a: Iron Hands|89/100 brn|[from] brn
|upkeep
|turn|2
|
|t:|1758303017
|move|p2a: Heatran|Stealth Rock|p1a: Iron Hands
|-sidestart|p1: itoshiflwr|move: Stealth Rock
|move|p1a: Iron Hands|Swords Dance|p1a: Iron Hands
|-boost|p1a: Iron Hands|atk|2
|
|-damage|p1a: Iron Hands|83/100 brn|[from] brn
|upkeep
|turn|3
|
|t:|1758303021
|move|p2a: Heatran|Earth Power|p1a: Iron Hands
|-supereffective|p1a: Iron Hands
|-damage|p1a: Iron Hands|29/100 brn
|-unboost|p1a: Iron Hands|spd|1
|move|p1a: Iron Hands|Swords Dance|p1a: Iron Hands
|-boost|p1a: Iron Hands|atk|2
|
|-damage|p1a: Iron Hands|23/100 brn|[from] brn
|upkeep
|turn|4
|
|t:|1758303024
|move|p2a: Heatran|Earth Power|p1a: Iron Hands
|-supereffective|p1a: Iron Hands
|-damage|p1a: Iron Hands|0 fnt
|faint|p1a: Iron Hands
|-end|p1a: Iron Hands|Quark Drive|[silent]
|
|upkeep
|
|t:|1758303027
|switch|p1a: Ting-Lu|Ting-Lu|100/100
|-damage|p1a: Ting-Lu|94/100|[from] Stealth Rock
|-ability|p1a: Ting-Lu|Vessel of Ruin
|turn|5
|
|t:|1758303030
|move|p2a: Heatran|Will-O-Wisp|p1a: Ting-Lu
|-status|p1a: Ting-Lu|brn
|move|p1a: Ting-Lu|Earthquake|p2a: Heatran
|-supereffective|p2a: Heatran
|-damage|p2a: Heatran|41/100
|
|-heal|p2a: Heatran|47/100|[from] item: Leftovers
|-heal|p1a: Ting-Lu|100/100 brn|[from] item: Leftovers
|-damage|p1a: Ting-Lu|94/100 brn|[from] brn
|upkeep
|turn|6
|
|t:|1758303037
|switch|p2a: Rillaboom|Rillaboom, M|100/100
|-fieldstart|move: Grassy Terrain|[from] ability: Grassy Surge|[of] p2a: Rillaboom
|move|p1a: Ting-Lu|Spikes|p2a: Rillaboom
|-sidestart|p2: TeamNorthKorea|Spikes
|
|-heal|p1a: Ting-Lu|100/100 brn|[from] Grassy Terrain
|-damage|p1a: Ting-Lu|94/100 brn|[from] brn
|upkeep
|turn|7
|
|t:|1758303042
|move|p2a: Rillaboom|Knock Off|p1a: Ting-Lu
|-resisted|p1a: Ting-Lu
|-damage|p1a: Ting-Lu|82/100 brn
|-enditem|p1a: Ting-Lu|Leftovers|[from] move: Knock Off|[of] p2a: Rillaboom
|move|p1a: Ting-Lu|Spikes|p2a: Rillaboom
|-sidestart|p2: TeamNorthKorea|Spikes
|
|-heal|p1a: Ting-Lu|88/100 brn|[from] Grassy Terrain
|-damage|p1a: Ting-Lu|82/100 brn|[from] brn
|upkeep
|turn|8
|
|t:|1758303063
|switch|p2a: Massive Tusk|Great Tusk|100/100
|-damage|p2a: Massive Tusk|84/100|[from] Spikes
|-enditem|p2a: Massive Tusk|Booster Energy
|-activate|p2a: Massive Tusk|ability: Protosynthesis|[fromitem]
|-start|p2a: Massive Tusk|protosynthesisatk
|move|p1a: Ting-Lu|Ruination|p2a: Massive Tusk
|-damage|p2a: Massive Tusk|42/100
|
|-heal|p2a: Massive Tusk|48/100|[from] Grassy Terrain
|-heal|p1a: Ting-Lu|88/100 brn|[from] Grassy Terrain
|-damage|p1a: Ting-Lu|82/100 brn|[from] brn
|upkeep
|turn|9
|
|t:|1758303071
|switch|p1a: Moltres|Moltres|100/100
|move|p2a: Massive Tusk|Head Smash|p1a: Moltres
|-supereffective|p1a: Moltres
|-damage|p1a: Moltres|0 fnt
|faint|p1a: Moltres
|-damage|p2a: Massive Tusk|4/100|[from] Recoil
|
|-heal|p2a: Massive Tusk|10/100|[from] Grassy Terrain
|upkeep
|
|t:|1758303099
|switch|p1a: Tinkaton|Tinkaton, F|100/100
|-damage|p1a: Tinkaton|94/100|[from] Stealth Rock
|-item|p1a: Tinkaton|Air Balloon
|turn|10
|
|t:|1758303104
|move|p1a: Tinkaton|Gigaton Hammer|p2a: Massive Tusk
|-damage|p2a: Massive Tusk|0 fnt
|faint|p2a: Massive Tusk
|-end|p2a: Massive Tusk|Protosynthesis|[silent]
|
|-fieldend|move: Grassy Terrain
|upkeep
|inactive|TeamNorthKorea has 120 seconds left.
|
|t:|1758303137
|switch|p2a: Heatran|Heatran, M|47/100
|-damage|p2a: Heatran|31/100|[from] Spikes
|turn|11
|
|t:|1758303145
|switch|p1a: Ting-Lu|Ting-Lu|82/100 brn
|-damage|p1a: Ting-Lu|75/100 brn|[from] Stealth Rock
|-ability|p1a: Ting-Lu|Vessel of Ruin
|move|p2a: Heatran|Magma Storm|p1a: Ting-Lu
|-damage|p1a: Ting-Lu|57/100 brn
|-activate|p1a: Ting-Lu|move: Magma Storm|[of] p2a: Heatran
|
|-heal|p2a: Heatran|37/100|[from] item: Leftovers
|-damage|p1a: Ting-Lu|51/100 brn|[from] brn
|-damage|p1a: Ting-Lu|39/100 brn|[from] move: Magma Storm|[partiallytrapped]
|upkeep
|turn|12
|
|t:|1758303156
|move|p2a: Heatran|Magma Storm|p1a: Ting-Lu
|-damage|p1a: Ting-Lu|20/100 brn
|move|p1a: Ting-Lu|Spikes|p2a: Heatran
|-sidestart|p2: TeamNorthKorea|Spikes
|
|-heal|p2a: Heatran|43/100|[from] item: Leftovers
|-damage|p1a: Ting-Lu|13/100 brn|[from] brn
|-damage|p1a: Ting-Lu|1/100 brn|[from] move: Magma Storm|[partiallytrapped]
|upkeep
|turn|13
|
|t:|1758303160
|move|p2a: Heatran|Earth Power|p1a: Ting-Lu
|-damage|p1a: Ting-Lu|0 fnt
|faint|p1a: Ting-Lu
|
|-heal|p2a: Heatran|49/100|[from] item: Leftovers
|upkeep
|
|t:|1758303164
|switch|p1a: Glastrier|Glastrier|100/100
|turn|14
|
|t:|1758303168
|-terastallize|p1a: Glastrier|Ground
|move|p2a: Heatran|Magma Storm|p1a: Glastrier
|-damage|p1a: Glastrier|65/100
|-activate|p1a: Glastrier|move: Magma Storm|[of] p2a: Heatran
|move|p1a: Glastrier|High Horsepower|p2a: Heatran
|-supereffective|p2a: Heatran
|-damage|p2a: Heatran|0 fnt
|faint|p2a: Heatran
|-ability|p1a: Glastrier|Chilling Neigh|boost
|-boost|p1a: Glastrier|atk|1
|
|-end|p1a: Glastrier|Magma Storm|[partiallytrapped]|[silent]
|upkeep
|
|t:|1758303178
|switch|p2a: Dragapult|Dragapult, F|100/100
|-damage|p2a: Dragapult|76/100|[from] Spikes
|turn|15
|
|t:|1758303182
|switch|p1a: Tinkaton|Tinkaton, F|94/100
|-damage|p1a: Tinkaton|88/100|[from] Stealth Rock
|-item|p1a: Tinkaton|Air Balloon
|move|p2a: Dragapult|Hydro Pump|p1a: Tinkaton|[miss]
|-miss|p2a: Dragapult|p1a: Tinkaton
|
|upkeep
|turn|16
|
|t:|1758303189
|move|p2a: Dragapult|Hydro Pump|p1a: Tinkaton|[miss]
|-miss|p2a: Dragapult|p1a: Tinkaton
|move|p1a: Tinkaton|Knock Off|p2a: Dragapult
|-supereffective|p2a: Dragapult
|-damage|p2a: Dragapult|30/100
|-enditem|p2a: Dragapult|Choice Specs|[from] move: Knock Off|[of] p1a: Tinkaton
|
|upkeep
|turn|17
|
|t:|1758303195
|move|p2a: Dragapult|Shadow Ball|p1a: Tinkaton
|-damage|p1a: Tinkaton|59/100
|-unboost|p1a: Tinkaton|spd|1
|-enditem|p1a: Tinkaton|Air Balloon
|move|p1a: Tinkaton|Knock Off|p2a: Dragapult
|-supereffective|p2a: Dragapult
|-damage|p2a: Dragapult|0 fnt
|faint|p2a: Dragapult
|
|upkeep
|
|t:|1758303214
|switch|p2a: Bail Out|Kingambit, F|100/100
|-damage|p2a: Bail Out|75/100|[from] Spikes
|-activate|p2a: Bail Out|ability: Supreme Overlord
|-start|p2a: Bail Out|fallen3|[silent]
|turn|18
|
|t:|1758303220
|move|p1a: Tinkaton|Stealth Rock|p2a: Bail Out
|-sidestart|p2: TeamNorthKorea|move: Stealth Rock
|move|p2a: Bail Out|Iron Head|p1a: Tinkaton
|-crit|p1a: Tinkaton
|-damage|p1a: Tinkaton|0 fnt
|faint|p1a: Tinkaton
|
|upkeep
|
|t:|1758303225
|switch|p1a: Glastrier|Glastrier, tera:Ground|65/100
|turn|19
|
|t:|1758303231
|-terastallize|p2a: Bail Out|Flying
|move|p2a: Bail Out|Sucker Punch|p1a: Glastrier
|-damage|p1a: Glastrier|20/100
|move|p1a: Glastrier|Close Combat|p2a: Bail Out
|-resisted|p2a: Bail Out
|-damage|p2a: Bail Out|59/100
|-unboost|p1a: Glastrier|def|1
|-unboost|p1a: Glastrier|spd|1
|
|upkeep
|turn|20
|
|t:|1758303237
|move|p1a: Glastrier|Icicle Crash|p2a: Bail Out|[miss]
|-miss|p1a: Glastrier|p2a: Bail Out
|move|p2a: Bail Out|Kowtow Cleave|p1a: Glastrier
|-damage|p1a: Glastrier|0 fnt
|faint|p1a: Glastrier
|
|upkeep
|c|☆itoshiflwr|wp
|c|☆TeamNorthKorea|gg
|-message|itoshiflwr forfeited.
|
|win|TeamNorthKorea
|raw|itoshiflwr's rating: 1490 &rarr; <strong>1472</strong><br />(-18 for losing)
|raw|TeamNorthKorea's rating: 1519 &rarr; <strong>1537</strong><br />(+18 for winning)
|l|☆itoshiflwr
|player|p1|
|l|☆TeamNorthKorea
|player|p2|
