|j|☆uihjvb
|j|☆jumbolino
|t:|1758342902
|gametype|singles
|player|p1|uihjvb|266|1071
|player|p2|jumbolino|1|1059
|gen|9
|tier|[Gen 9] OU
|rated|
|rule|HP Percentage Mod: HP is shown in percentages
|rule|Endless Battle Clause: Forcing endless battles is banned
|rule|Species Clause: Limit one of each Pokémon
|rule|OHKO Clause: OHKO moves are banned
|rule|Evasion Items Clause: Evasion items are banned
|rule|Evasion Moves Clause: Evasion moves are banned
|rule|Evasion Abilities Clause: Evasion abilities are banned
|rule|Sleep Moves Clause: Sleep-inducing moves are banned
|clearpoke
|poke|p1|Ceruledge, M|
|poke|p1|Dondozo, M|
|poke|p1|Reuniclus, M|
|poke|p1|Toxapex, M|
|poke|p1|Dragonite, F|
|poke|p1|Gliscor, F|
|poke|p2|Zapdos|
|poke|p2|Magnezone|
|poke|p2|Jolteon, M|
|poke|p2|Rotom-Wash|
|poke|p2|Vikavolt, M|
|poke|p2|Golem-Alola, F|
|teampreview
|
|t:|1758342908
|teamsize|p1|6
|teamsize|p2|6
|start
|switch|p1a: Toxapex|Toxapex, M|100/100
|switch|p2a: Rotom|Rotom-Wash|100/100
|turn|1
|
|t:|1758342918
|switch|p2a: Magnezone|Magnezone|100/100
|move|p1a: Toxapex|Baneful Bunker||[still]
|-fail|p1a: Toxapex
|
|upkeep
|turn|2
|
|t:|1758342938
|switch|p1a: Gliscor|Gliscor, F|100/100
|move|p2a: Magnezone|Flash Cannon|p1a: Gliscor
|-damage|p1a: Gliscor|35/100
|
|-status|p1a: Gliscor|tox|[from] item: Toxic Orb
|upkeep
|turn|3
|
|t:|1758342948
|move|p1a: Gliscor|Protect|p1a: Gliscor
|-singleturn|p1a: Gliscor|Protect
|move|p2a: Magnezone|Electric Terrain|p2a: Magnezone
|-fieldstart|move: Electric Terrain
|
|-heal|p1a: Gliscor|48/100 tox|[from] ability: Poison Heal
|upkeep
|turn|4
|
|t:|1758342966
|move|p1a: Gliscor|Protect||[still]
|-fail|p1a: Gliscor
|move|p2a: Magnezone|Flash Cannon|p1a: Gliscor
|-damage|p1a: Gliscor|0 fnt
|faint|p1a: Gliscor
|
|upkeep
|
|t:|1758342976
|switch|p1a: Reuniclus|Reuniclus, M|100/100
|turn|5
|
|t:|1758342983
|move|p2a: Magnezone|Steel Beam|p1a: Reuniclus
|-damage|p1a: Reuniclus|53/100
|-damage|p2a: Magnezone|50/100|[from] steelbeam
|move|p1a: Reuniclus|Calm Mind|p1a: Reuniclus
|-boost|p1a: Reuniclus|spa|1
|-boost|p1a: Reuniclus|spd|1
|
|-heal|p1a: Reuniclus|59/100|[from] item: Leftovers
|upkeep
|turn|6
|
|t:|1758342993
|move|p2a: Magnezone|Steel Beam|p1a: Reuniclus
|-damage|p1a: Reuniclus|28/100
|-damage|p2a: Magnezone|0 fnt|[from] steelbeam
|faint|p2a: Magnezone
|move|p1a: Reuniclus|Recover|p1a: Reuniclus
|-heal|p1a: Reuniclus|78/100
|
|-heal|p1a: Reuniclus|84/100|[from] item: Leftovers
|upkeep
|
|t:|1758343003
|switch|p2a: Jolteon|Jolteon, M|100/100
|turn|7
|
|t:|1758343010
|move|p2a: Jolteon|Thunder|p1a: Reuniclus|[miss]
|-miss|p2a: Jolteon|p1a: Reuniclus
|move|p1a: Reuniclus|Calm Mind|p1a: Reuniclus
|-boost|p1a: Reuniclus|spa|1
|-boost|p1a: Reuniclus|spd|1
|
|-heal|p1a: Reuniclus|90/100|[from] item: Leftovers
|-fieldend|move: Electric Terrain
|upkeep
|turn|8
|
|t:|1758343021
|move|p2a: Jolteon|Charge|p2a: Jolteon
|-boost|p2a: Jolteon|spd|1
|-start|p2a: Jolteon|Charge
|move|p1a: Reuniclus|Calm Mind|p1a: Reuniclus
|-boost|p1a: Reuniclus|spa|1
|-boost|p1a: Reuniclus|spd|1
|
|-heal|p1a: Reuniclus|96/100|[from] item: Leftovers
|upkeep
|turn|9
|
|t:|1758343031
|move|p2a: Jolteon|Thunder|p1a: Reuniclus
|-damage|p1a: Reuniclus|59/100
|-damage|p2a: Jolteon|91/100|[from] item: Life Orb
|-end|p2a: Jolteon|Charge|[silent]
|move|p1a: Reuniclus|Calm Mind|p1a: Reuniclus
|-boost|p1a: Reuniclus|spa|1
|-boost|p1a: Reuniclus|spd|1
|
|-heal|p1a: Reuniclus|66/100|[from] item: Leftovers
|upkeep
|turn|10
|
|t:|1758343044
|switch|p2a: Golem|Golem-Alola, F|100/100
|move|p1a: Reuniclus|Calm Mind|p1a: Reuniclus
|-boost|p1a: Reuniclus|spa|1
|-boost|p1a: Reuniclus|spd|1
|
|-heal|p1a: Reuniclus|72/100|[from] item: Leftovers
|upkeep
|turn|11
|
|t:|1758343055
|move|p2a: Golem|Endure|p2a: Golem
|-singleturn|p2a: Golem|move: Endure
|move|p1a: Reuniclus|Acid Armor|p1a: Reuniclus
|-boost|p1a: Reuniclus|def|2
|
|-heal|p1a: Reuniclus|78/100|[from] item: Leftovers
|upkeep
|turn|12
|
|t:|1758343063
|move|p2a: Golem|Explosion|p1a: Reuniclus
|-damage|p1a: Reuniclus|0 fnt
|faint|p2a: Golem
|faint|p1a: Reuniclus
|
|upkeep
|
|t:|1758343074
|switch|p2a: Jolteon|Jolteon, M|91/100
|switch|p1a: Dragonite|Dragonite, F|100/100
|turn|13
|
|t:|1758343083
|-terastallize|p2a: Jolteon|Fairy
|-terastallize|p1a: Dragonite|Normal
|move|p1a: Dragonite|Extreme Speed|p2a: Jolteon
|-damage|p2a: Jolteon|4/100
|move|p2a: Jolteon|Alluring Voice|p1a: Dragonite
|-damage|p1a: Dragonite|76/100
|-damage|p2a: Jolteon|0 fnt|[from] item: Life Orb
|faint|p2a: Jolteon
|
|upkeep
|
|t:|1758343096
|switch|p2a: Vikavolt|Vikavolt, M|100/100
|turn|14
|
|t:|1758343103
|move|p1a: Dragonite|Extreme Speed|p2a: Vikavolt
|-damage|p2a: Vikavolt|52/100
|move|p2a: Vikavolt|Thunderbolt|p1a: Dragonite
|-damage|p1a: Dragonite|19/100
|
|upkeep
|turn|15
|
|t:|1758343116
|move|p1a: Dragonite|Roost|p1a: Dragonite
|-heal|p1a: Dragonite|70/100
|move|p2a: Vikavolt|Thunderbolt|p1a: Dragonite
|-crit|p1a: Dragonite
|-damage|p1a: Dragonite|0 fnt
|faint|p1a: Dragonite
|
|upkeep
|
|t:|1758343130
|switch|p1a: Dondozo|Dondozo, M|100/100
|turn|16
|
|t:|1758343139
|move|p2a: Vikavolt|Thunderbolt|p1a: Dondozo
|-supereffective|p1a: Dondozo
|-damage|p1a: Dondozo|0 fnt
|faint|p1a: Dondozo
|
|upkeep
|
|t:|1758343145
|switch|p1a: Toxapex|Toxapex, M|100/100
|turn|17
|
|t:|1758343149
|move|p1a: Toxapex|Baneful Bunker|p1a: Toxapex
|-singleturn|p1a: Toxapex|move: Protect
|move|p2a: Vikavolt|Thunderbolt|p1a: Toxapex
|-activate|p1a: Toxapex|move: Protect
|
|upkeep
|turn|18
|
|t:|1758343159
|move|p2a: Vikavolt|Thunderbolt|p1a: Toxapex
|-supereffective|p1a: Toxapex
|-damage|p1a: Toxapex|8/100
|move|p1a: Toxapex|Surf|p2a: Vikavolt
|-damage|p2a: Vikavolt|30/100
|
|-heal|p1a: Toxapex|14/100|[from] item: Leftovers
|upkeep
|turn|19
|
|t:|1758343168
|move|p2a: Vikavolt|Thunderbolt|p1a: Toxapex
|-supereffective|p1a: Toxapex
|-damage|p1a: Toxapex|0 fnt
|faint|p1a: Toxapex
|
|upkeep
|
|t:|1758343173
|switch|p1a: Ceruledge|Ceruledge, M|100/100
|turn|20
|
|t:|1758343177
|move|p2a: Vikavolt|Endure|p2a: Vikavolt
|-singleturn|p2a: Vikavolt|move: Endure
|move|p1a: Ceruledge|Swords Dance|p1a: Ceruledge
|-boost|p1a: Ceruledge|atk|2
|
|upkeep
|turn|21
|
|t:|1758343185
|move|p1a: Ceruledge|Swords Dance|p1a: Ceruledge
|-boost|p1a: Ceruledge|atk|2
|move|p2a: Vikavolt|Thunderbolt|p1a: Ceruledge
|-damage|p1a: Ceruledge|34/100
|
|upkeep
|turn|22
|
|t:|1758343192
|move|p2a: Vikavolt|Endure|p2a: Vikavolt
|-singleturn|p2a: Vikavolt|move: Endure
|move|p1a: Ceruledge|Shadow Sneak|p2a: Vikavolt
|-activate|p2a: Vikavolt|move: Endure
|-damage|p2a: Vikavolt|1/100
|
|upkeep
|turn|23
|-enditem|p2a: Vikavolt|Custap Berry|[eat]
|-activate|p2a: Vikavolt|item: Custap Berry|[consumed]
|
|t:|1758343200
|move|p1a: Ceruledge|Shadow Sneak|p2a: Vikavolt
|-damage|p2a: Vikavolt|0 fnt
|faint|p2a: Vikavolt
|
|upkeep
|
|t:|1758343210
|switch|p2a: Zapdos|Zapdos|100/100
|turn|24
|
|t:|1758343217
|move|p2a: Zapdos|Volt Switch|p1a: Ceruledge
|-damage|p1a: Ceruledge|0 fnt
|faint|p1a: Ceruledge
|
|win|jumbolino
|raw|uihjvb's rating: 1071 &rarr; <strong>1050</strong><br />(-21 for losing)
|raw|jumbolino's rating: 1059 &rarr; <strong>1091</strong><br />(+32 for winning)
|l|☆uihjvb
|player|p1|
|l|☆jumbolino
|player|p2|
