|j|☆Shabooya1
|j|☆Sandvich_eater
|t:|1758306570
|gametype|singles
|player|p1|Shabooya1|unknown|1298
|player|p2|Sandvich_eater|hiker-gen4|1317
|gen|9
|tier|[Gen 9] OU
|rated|
|rule|HP Percentage Mod: HP is shown in percentages
|rule|Endless Battle Clause: Forcing endless battles is banned
|rule|Species Clause: Limit one of each Pokémon
|rule|OHKO Clause: OHKO moves are banned
|rule|Evasion Items Clause: Evasion items are banned
|rule|Evasion Moves Clause: Evasion moves are banned
|rule|Evasion Abilities Clause: Evasion abilities are banned
|rule|Sleep Moves Clause: Sleep-inducing moves are banned
|clearpoke
|poke|p1|Rillaboom, F|
|poke|p1|Great Tusk|
|poke|p1|Hatterene, F|
|poke|p1|Grimmsnarl, M|
|poke|p1|Raging Bolt|
|poke|p1|Kyurem|
|poke|p2|Incineroar, F|
|poke|p2|Cyclizar, F|
|poke|p2|Alomomola, F|
|poke|p2|Gholdengo|
|poke|p2|Ogerpon-Wellspring, F|
|poke|p2|Dragapult, F|
|teampreview
|
|t:|1758306581
|teamsize|p1|6
|teamsize|p2|6
|start
|switch|p1a: Kyurem|Kyurem, shiny|100/100
|switch|p2a: Heel|Incineroar, F|100/100
|-ability|p1a: Kyurem|Pressure
|-ability|p2a: Heel|Intimidate|boost
|-unboost|p1a: Kyurem|atk|1
|turn|1
|
|t:|1758306588
|switch|p2a: Fat fish|Alomomola, F|100/100
|move|p1a: Kyurem|Earth Power|p2a: Fat fish
|-damage|p2a: Fat fish|59/100
|
|upkeep
|turn|2
|
|t:|1758306592
|switch|p1a: Grimmsnarl|Grimmsnarl, M|100/100
|move|p2a: Fat fish|Flip Turn|p1a: Grimmsnarl
|-damage|p1a: Grimmsnarl|79/100
|
|t:|1758306597
|switch|p2a: Heel|Incineroar, F|100/100|[from] Flip Turn
|-ability|p2a: Heel|Intimidate|boost
|-unboost|p1a: Grimmsnarl|atk|1
|
|upkeep
|turn|3
|
|t:|1758306604
|switch|p1a: Great Tusk|Great Tusk|100/100
|move|p2a: Heel|Knock Off|p1a: Great Tusk
|-resisted|p1a: Great Tusk
|-damage|p1a: Great Tusk|87/100
|-enditem|p1a: Great Tusk|Heavy-Duty Boots|[from] move: Knock Off|[of] p2a: Heel
|
|upkeep
|turn|4
|
|t:|1758306610
|-end|p1a: Great Tusk|Protosynthesis|[silent]
|switch|p1a: Raging Bolt|Raging Bolt|100/100
|-enditem|p1a: Raging Bolt|Booster Energy
|-activate|p1a: Raging Bolt|ability: Protosynthesis|[fromitem]
|-start|p1a: Raging Bolt|protosynthesisspa
|switch|p2a: Fat fish|Alomomola, F|92/100
|
|upkeep
|turn|5
|
|t:|1758306617
|switch|p2a: Spin out|Cyclizar, F|100/100
|move|p1a: Raging Bolt|Thunderbolt|p2a: Spin out
|-resisted|p2a: Spin out
|-damage|p2a: Spin out|39/100
|
|upkeep
|turn|6
|
|t:|1758306623
|-end|p1a: Raging Bolt|Protosynthesis|[silent]
|switch|p1a: Grimmsnarl|Grimmsnarl, M|79/100
|move|p2a: Spin out|Draco Meteor|p1a: Grimmsnarl
|-immune|p1a: Grimmsnarl
|
|upkeep
|turn|7
|
|t:|1758306625
|move|p1a: Grimmsnarl|Reflect|p1a: Grimmsnarl
|-sidestart|p1: Shabooya1|Reflect
|move|p2a: Spin out|U-turn|p1a: Grimmsnarl
|-damage|p1a: Grimmsnarl|70/100
|
|t:|1758306631
|switch|p2a: Heel|Incineroar, F|100/100|[from] U-turn
|-ability|p2a: Heel|Intimidate|boost
|-unboost|p1a: Grimmsnarl|atk|1
|
|upkeep
|turn|8
|
|t:|1758306633
|switch|p1a: Great Tusk|Great Tusk|87/100
|move|p2a: Heel|Knock Off|p1a: Great Tusk
|-resisted|p1a: Great Tusk
|-damage|p1a: Great Tusk|82/100
|
|upkeep
|turn|9
|
|t:|1758306641
|switch|p2a: Fat fish|Alomomola, F|100/100
|move|p1a: Great Tusk|Headlong Rush|p2a: Fat fish
|-damage|p2a: Fat fish|67/100
|-unboost|p1a: Great Tusk|def|1
|-unboost|p1a: Great Tusk|spd|1
|
|upkeep
|turn|10
|
|t:|1758306645
|-end|p1a: Great Tusk|Protosynthesis|[silent]
|switch|p1a: Rillaboom|Rillaboom, F|100/100
|-fieldstart|move: Grassy Terrain|[from] ability: Grassy Surge|[of] p1a: Rillaboom
|move|p2a: Fat fish|Flip Turn|p1a: Rillaboom
|-resisted|p1a: Rillaboom
|-crit|p1a: Rillaboom
|-damage|p1a: Rillaboom|89/100
|
|t:|1758306649
|switch|p2a: Heel|Incineroar, F|100/100|[from] Flip Turn
|-ability|p2a: Heel|Intimidate|boost
|-unboost|p1a: Rillaboom|atk|1
|
|-heal|p1a: Rillaboom|95/100|[from] Grassy Terrain
|upkeep
|turn|11
|
|t:|1758306652
|switch|p1a: Great Tusk|Great Tusk|82/100
|move|p2a: Heel|Will-O-Wisp|p1a: Great Tusk
|-status|p1a: Great Tusk|brn
|
|-heal|p1a: Great Tusk|88/100 brn|[from] Grassy Terrain
|-damage|p1a: Great Tusk|82/100 brn|[from] brn
|upkeep
|turn|12
|
|t:|1758306657
|move|p1a: Great Tusk|Ice Spinner|p2a: Heel
|-resisted|p2a: Heel
|-damage|p2a: Heel|94/100
|-fieldend|move: Grassy Terrain
|move|p2a: Heel|Parting Shot|p1a: Great Tusk
|-unboost|p1a: Great Tusk|atk|1
|-unboost|p1a: Great Tusk|spa|1
|
|t:|1758306671
|switch|p2a: Silly :3|Ogerpon-Wellspring, F|100/100|[from] Parting Shot
|
|-damage|p1a: Great Tusk|76/100 brn|[from] brn
|upkeep
|turn|13
|
|t:|1758306677
|-end|p1a: Great Tusk|Protosynthesis|[silent]
|switch|p1a: Kyurem|Kyurem, shiny|100/100
|-ability|p1a: Kyurem|Pressure
|move|p2a: Silly :3|Swords Dance|p2a: Silly :3
|-boost|p2a: Silly :3|atk|2
|
|upkeep
|turn|14
|
|t:|1758306684
|move|p1a: Kyurem|Freeze-Dry|p2a: Silly :3
|-supereffective|p2a: Silly :3
|-damage|p2a: Silly :3|0 fnt
|faint|p2a: Silly :3
|
|-sideend|p1: Shabooya1|Reflect
|upkeep
|
|t:|1758306693
|switch|p2a: The worst|Gholdengo|100/100
|turn|15
|
|t:|1758306698
|switch|p1a: Great Tusk|Great Tusk|76/100 brn
|move|p2a: The worst|Thunder Wave|p1a: Great Tusk
|-immune|p1a: Great Tusk
|
|-damage|p1a: Great Tusk|70/100 brn|[from] brn
|upkeep
|turn|16
|
|t:|1758306703
|-end|p1a: Great Tusk|Protosynthesis|[silent]
|switch|p1a: Kyurem|Kyurem, shiny|100/100
|-ability|p1a: Kyurem|Pressure
|switch|p2a: Fat fish|Alomomola, F|99/100
|
|upkeep
|turn|17
|
|t:|1758306710
|switch|p2a: The worst|Gholdengo|100/100
|move|p1a: Kyurem|Earth Power|p2a: The worst
|-supereffective|p2a: The worst
|-damage|p2a: The worst|36/100
|
|-heal|p2a: The worst|43/100|[from] item: Leftovers
|upkeep
|turn|18
|
|t:|1758306716
|switch|p1a: Great Tusk|Great Tusk|70/100 brn
|move|p2a: The worst|Thunder Wave|p1a: Great Tusk
|-immune|p1a: Great Tusk
|
|-heal|p2a: The worst|49/100|[from] item: Leftovers
|-damage|p1a: Great Tusk|63/100 brn|[from] brn
|upkeep
|turn|19
|
|t:|1758306718
|move|p1a: Great Tusk|Headlong Rush|p2a: The worst
|-supereffective|p2a: The worst
|-damage|p2a: The worst|4/100
|-unboost|p1a: Great Tusk|def|1
|-unboost|p1a: Great Tusk|spd|1
|move|p2a: The worst|Recover|p2a: The worst
|-heal|p2a: The worst|54/100
|
|-heal|p2a: The worst|60/100|[from] item: Leftovers
|-damage|p1a: Great Tusk|57/100 brn|[from] brn
|upkeep
|turn|20
|
|t:|1758306721
|move|p1a: Great Tusk|Headlong Rush|p2a: The worst
|-supereffective|p2a: The worst
|-damage|p2a: The worst|16/100
|-unboost|p1a: Great Tusk|def|1
|-unboost|p1a: Great Tusk|spd|1
|move|p2a: The worst|Recover|p2a: The worst
|-heal|p2a: The worst|66/100
|
|-heal|p2a: The worst|72/100|[from] item: Leftovers
|-damage|p1a: Great Tusk|51/100 brn|[from] brn
|upkeep
|turn|21
|
|t:|1758306725
|-end|p1a: Great Tusk|Protosynthesis|[silent]
|switch|p1a: Kyurem|Kyurem, shiny|100/100
|-ability|p1a: Kyurem|Pressure
|move|p2a: The worst|Recover|p2a: The worst
|-heal|p2a: The worst|100/100
|
|upkeep
|turn|22
|
|t:|1758306730
|move|p1a: Kyurem|Earth Power|p2a: The worst
|-supereffective|p2a: The worst
|-damage|p2a: The worst|31/100
|move|p2a: The worst|Thunder Wave|p1a: Kyurem
|-status|p1a: Kyurem|par
|
|-heal|p2a: The worst|37/100|[from] item: Leftovers
|upkeep
|turn|23
|
|t:|1758306734
|move|p2a: The worst|Recover|p2a: The worst
|-heal|p2a: The worst|87/100
|move|p1a: Kyurem|Earth Power|p2a: The worst
|-supereffective|p2a: The worst
|-damage|p2a: The worst|18/100
|
|-heal|p2a: The worst|25/100|[from] item: Leftovers
|upkeep
|turn|24
|
|t:|1758306737
|-terastallize|p2a: The worst|Fairy
|move|p2a: The worst|Recover|p2a: The worst
|-heal|p2a: The worst|75/100
|move|p1a: Kyurem|Earth Power|p2a: The worst
|-damage|p2a: The worst|43/100
|
|-heal|p2a: The worst|49/100|[from] item: Leftovers
|upkeep
|turn|25
|
|t:|1758306740
|switch|p1a: Grimmsnarl|Grimmsnarl, M|70/100
|move|p2a: The worst|Hex|p1a: Grimmsnarl
|-resisted|p1a: Grimmsnarl
|-damage|p1a: Grimmsnarl|59/100
|
|-heal|p2a: The worst|55/100|[from] item: Leftovers
|upkeep
|turn|26
|
|t:|1758306743
|switch|p2a: Heel|Incineroar, F|94/100
|-ability|p2a: Heel|Intimidate|boost
|-unboost|p1a: Grimmsnarl|atk|1
|move|p1a: Grimmsnarl|Light Screen|p1a: Grimmsnarl
|-sidestart|p1: Shabooya1|move: Light Screen
|
|upkeep
|turn|27
|
|t:|1758306748
|move|p1a: Grimmsnarl|Reflect|p1a: Grimmsnarl
|-sidestart|p1: Shabooya1|Reflect
|move|p2a: Heel|Will-O-Wisp|p1a: Grimmsnarl
|-status|p1a: Grimmsnarl|brn
|
|-damage|p1a: Grimmsnarl|53/100 brn|[from] brn
|upkeep
|turn|28
|
|t:|1758306754
|switch|p1a: Hatterene|Hatterene, F, shiny|100/100
|move|p2a: Heel|Roar|p1a: Hatterene
|move|p1a: Hatterene|Roar|p2a: Heel|[from] ability: Magic Bounce
|drag|p2a: Dragapult|Dragapult, F|100/100
|
|upkeep
|turn|29
|
|t:|1758306761
|move|p2a: Dragapult|Shadow Ball|p1a: Hatterene
|-supereffective|p1a: Hatterene
|-damage|p1a: Hatterene|2/100
|move|p1a: Hatterene|Draining Kiss|p2a: Dragapult
|-supereffective|p2a: Dragapult
|-damage|p2a: Dragapult|37/100
|-heal|p1a: Hatterene|50/100|[from] drain|[of] p2a: Dragapult
|
|upkeep
|turn|30
|
|t:|1758306769
|-terastallize|p1a: Hatterene|Poison
|move|p2a: Dragapult|Shadow Ball|p1a: Hatterene
|-damage|p1a: Hatterene|1/100
|move|p1a: Hatterene|Draining Kiss|p2a: Dragapult
|-supereffective|p2a: Dragapult
|-damage|p2a: Dragapult|0 fnt
|-heal|p1a: Hatterene|29/100|[from] drain|[of] p2a: Dragapult
|faint|p2a: Dragapult
|
|upkeep
|
|t:|1758306776
|switch|p2a: Spin out|Cyclizar, F|72/100
|turn|31
|
|t:|1758306778
|move|p2a: Spin out|Draco Meteor|p1a: Hatterene
|-damage|p1a: Hatterene|4/100
|-unboost|p2a: Spin out|spa|2
|move|p1a: Hatterene|Draining Kiss|p2a: Spin out
|-supereffective|p2a: Spin out
|-damage|p2a: Spin out|0 fnt
|-heal|p1a: Hatterene|51/100|[from] drain|[of] p2a: Spin out
|faint|p2a: Spin out
|
|upkeep
|
|t:|1758306782
|switch|p2a: The worst|Gholdengo, tera:Fairy|55/100
|turn|32
|-message|Sandvich_eater forfeited.
|
|win|Shabooya1
|raw|Shabooya1's rating: 1298 &rarr; <strong>1324</strong><br />(+26 for winning)
|raw|Sandvich_eater's rating: 1317 &rarr; <strong>1296</strong><br />(-21 for losing)
|l|☆Sandvich_eater
|player|p2|
|l|☆Shabooya1
|player|p1|
