|j|☆malkeshar
|j|☆graly_lours
|t:|1758286928
|gametype|singles
|player|p1|malkeshar|scientist-gen4|1320
|player|p2|graly_lours|102|1327
|gen|9
|tier|[Gen 9] OU
|rated|
|rule|HP Percentage Mod: HP is shown in percentages
|rule|Endless Battle Clause: Forcing endless battles is banned
|rule|Species Clause: Limit one of each Pokémon
|rule|OHKO Clause: OHKO moves are banned
|rule|Evasion Items Clause: Evasion items are banned
|rule|Evasion Moves Clause: Evasion moves are banned
|rule|Evasion Abilities Clause: Evasion abilities are banned
|rule|Sleep Moves Clause: Sleep-inducing moves are banned
|clearpoke
|poke|p1|Hatterene, F|
|poke|p1|Ursaluna, M|
|poke|p1|Porygon2|
|poke|p1|Cresselia, F|
|poke|p1|Iron Hands|
|poke|p1|Volcanion|
|poke|p2|Samurott-Hisui, F|
|poke|p2|Gholdengo|
|poke|p2|Dragonite, M|
|poke|p2|Slowking-Galar, F|
|poke|p2|Landorus-Therian, M|
|poke|p2|Garchomp, M|
|teampreview
|inactive|Battle timer is ON: inactive players will automatically lose when time's up. (requested by malkeshar)
|
|t:|1758286938
|teamsize|p1|6
|teamsize|p2|6
|start
|switch|p1a: Porygon2|Porygon2|100/100
|switch|p2a: Samurott|Samurott-Hisui, F|100/100
|-ability|p1a: Porygon2|Download|boost
|-boost|p1a: Porygon2|spa|1
|turn|1
|
|t:|1758286946
|move|p2a: Samurott|Sacred Sword|p1a: Porygon2
|-supereffective|p1a: Porygon2
|-damage|p1a: Porygon2|48/100
|move|p1a: Porygon2|Trick Room|p1a: Porygon2
|-fieldstart|move: Trick Room|[of] p1a: Porygon2
|
|upkeep
|turn|2
|
|t:|1758286957
|switch|p2a: Slowking|Slowking-Galar, F|100/100
|move|p1a: Porygon2|Tera Blast|p2a: Slowking
|-damage|p2a: Slowking|68/100
|
|upkeep
|turn|3
|
|t:|1758286971
|-prepare|p2a: Slowking|Chilly Reception|[premajor]
|move|p2a: Slowking|Chilly Reception|p2a: Slowking
|-weather|Snowscape
|
|t:|1758286983
|switch|p2a: Gholdengo|Gholdengo|100/100|[from] Chilly Reception
|-item|p2a: Gholdengo|Air Balloon
|move|p1a: Porygon2|Tera Blast|p2a: Gholdengo
|-immune|p2a: Gholdengo
|
|-weather|Snowscape|[upkeep]
|upkeep
|turn|4
|
|t:|1758286992
|switch|p2a: Slowking|Slowking-Galar, F|100/100
|move|p1a: Porygon2|Ice Beam|p2a: Slowking
|-damage|p2a: Slowking|72/100
|
|-weather|Snowscape|[upkeep]
|upkeep
|turn|5
|
|t:|1758287003
|move|p2a: Slowking|Future Sight|p1a: Porygon2
|-start|p2a: Slowking|move: Future Sight
|move|p1a: Porygon2|Ice Beam|p2a: Slowking
|-damage|p2a: Slowking|45/100
|
|-weather|Snowscape|[upkeep]
|-fieldend|move: Trick Room
|upkeep
|turn|6
|
|t:|1758287011
|move|p1a: Porygon2|Ice Beam|p2a: Slowking
|-damage|p2a: Slowking|19/100
|-prepare|p2a: Slowking|Chilly Reception|[premajor]
|move|p2a: Slowking|Chilly Reception|p2a: Slowking
|
|t:|1758287017
|switch|p2a: Samurott|Samurott-Hisui, F|100/100|[from] Chilly Reception
|
|-weather|Snowscape|[upkeep]
|upkeep
|turn|7
|
|t:|1758287031
|move|p2a: Samurott|Sacred Sword|p1a: Porygon2
|-supereffective|p1a: Porygon2
|-damage|p1a: Porygon2|0 fnt
|faint|p1a: Porygon2
|
|-weather|none
|-hint|Future Sight did not hit because the target is fainted.
|upkeep
|
|t:|1758287038
|switch|p1a: Hatterene|Hatterene, F|100/100
|turn|8
|
|t:|1758287042
|switch|p2a: Slowking|Slowking-Galar, F|53/100
|move|p1a: Hatterene|Trick Room|p1a: Hatterene
|-fieldstart|move: Trick Room|[of] p1a: Hatterene
|
|upkeep
|turn|9
|
|t:|1758287052
|move|p1a: Hatterene|Psychic Noise|p2a: Slowking
|-damage|p2a: Slowking|24/100
|-start|p2a: Slowking|move: Heal Block
|-prepare|p2a: Slowking|Chilly Reception|[premajor]
|move|p2a: Slowking|Chilly Reception|p2a: Slowking
|-weather|Snowscape
|
|t:|1758287060
|switch|p2a: Gholdengo|Gholdengo|100/100|[from] Chilly Reception
|-item|p2a: Gholdengo|Air Balloon
|
|-weather|Snowscape|[upkeep]
|upkeep
|turn|10
|
|t:|1758287074
|switch|p1a: Volcanion|Volcanion|100/100
|move|p2a: Gholdengo|Nasty Plot|p2a: Gholdengo
|-boost|p2a: Gholdengo|spa|2
|
|-weather|Snowscape|[upkeep]
|upkeep
|turn|11
|
|t:|1758287081
|switch|p2a: Slowking|Slowking-Galar, F|57/100
|move|p1a: Volcanion|Flamethrower|p2a: Slowking
|-damage|p2a: Slowking|29/100
|
|-weather|Snowscape|[upkeep]
|upkeep
|turn|12
|
|t:|1758287091
|switch|p2a: Samurott|Samurott-Hisui, F|100/100
|move|p1a: Volcanion|Steam Eruption|p2a: Samurott
|-resisted|p2a: Samurott
|-damage|p2a: Samurott|55/100
|
|-weather|Snowscape|[upkeep]
|-fieldend|move: Trick Room
|upkeep
|turn|13
|
|t:|1758287104
|move|p2a: Samurott|Ceaseless Edge|p1a: Volcanion
|-damage|p1a: Volcanion|67/100
|-sidestart|p1: malkeshar|Spikes
|move|p1a: Volcanion|Earth Power|p2a: Samurott
|-damage|p2a: Samurott|5/100
|
|-weather|none
|upkeep
|turn|14
|
|t:|1758287119
|move|p2a: Samurott|Ceaseless Edge|p1a: Volcanion
|-damage|p1a: Volcanion|33/100
|-sidestart|p1: malkeshar|Spikes
|move|p1a: Volcanion|Flamethrower|p2a: Samurott
|-resisted|p2a: Samurott
|-damage|p2a: Samurott|0 fnt
|faint|p2a: Samurott
|
|upkeep
|
|t:|1758287126
|switch|p2a: Landorus|Landorus-Therian, M|100/100
|-ability|p2a: Landorus|Intimidate|boost
|-unboost|p1a: Volcanion|atk|1
|turn|15
|
|t:|1758287135
|switch|p1a: Cresselia|Cresselia, F|100/100
|move|p2a: Landorus|Earthquake|p1a: Cresselia
|-immune|p1a: Cresselia|[from] ability: Levitate
|
|upkeep
|turn|16
|
|t:|1758287142
|switch|p2a: Slowking|Slowking-Galar, F|62/100
|move|p1a: Cresselia|Trick Room|p1a: Cresselia
|-fieldstart|move: Trick Room|[of] p1a: Cresselia
|
|upkeep
|turn|17
|
|t:|1758287149
|move|p2a: Slowking|Future Sight|p1a: Cresselia
|-start|p2a: Slowking|move: Future Sight
|move|p1a: Cresselia|Psychic|p2a: Slowking
|-crit|p2a: Slowking
|-damage|p2a: Slowking|39/100
|
|upkeep
|turn|18
|
|t:|1758287158
|move|p2a: Slowking|Sludge Bomb|p1a: Cresselia
|-damage|p1a: Cresselia|83/100
|move|p1a: Cresselia|Psychic|p2a: Slowking
|-damage|p2a: Slowking|24/100
|
|upkeep
|turn|19
|
|t:|1758287166
|-prepare|p2a: Slowking|Chilly Reception|[premajor]
|move|p2a: Slowking|Chilly Reception|p2a: Slowking
|-weather|Snowscape
|
|t:|1758287172
|switch|p2a: Gholdengo|Gholdengo|100/100|[from] Chilly Reception
|-item|p2a: Gholdengo|Air Balloon
|move|p1a: Cresselia|Psychic|p2a: Gholdengo
|-resisted|p2a: Gholdengo
|-damage|p2a: Gholdengo|89/100
|-enditem|p2a: Gholdengo|Air Balloon
|
|-weather|Snowscape|[upkeep]
|-end|p1a: Cresselia|move: Future Sight
|-resisted|p1a: Cresselia
|-damage|p1a: Cresselia|72/100
|upkeep
|turn|20
|
|t:|1758287187
|switch|p2a: Slowking|Slowking-Galar, F|57/100
|move|p1a: Cresselia|Moonlight|p1a: Cresselia
|-heal|p1a: Cresselia|97/100
|
|-weather|Snowscape|[upkeep]
|-fieldend|move: Trick Room
|upkeep
|turn|21
|
|t:|1758287198
|move|p1a: Cresselia|Psychic|p2a: Slowking
|-damage|p2a: Slowking|43/100
|move|p2a: Slowking|Sludge Bomb|p1a: Cresselia
|-damage|p1a: Cresselia|82/100
|
|-weather|Snowscape|[upkeep]
|upkeep
|turn|22
|
|t:|1758287204
|move|p1a: Cresselia|Psychic|p2a: Slowking
|-damage|p2a: Slowking|29/100
|move|p2a: Slowking|Sludge Bomb|p1a: Cresselia
|-damage|p1a: Cresselia|67/100
|
|-weather|Snowscape|[upkeep]
|upkeep
|turn|23
|
|t:|1758287211
|move|p1a: Cresselia|Psychic|p2a: Slowking
|-damage|p2a: Slowking|15/100
|-prepare|p2a: Slowking|Chilly Reception|[premajor]
|move|p2a: Slowking|Chilly Reception|p2a: Slowking
|
|t:|1758287216
|switch|p2a: Gholdengo|Gholdengo|89/100|[from] Chilly Reception
|
|-weather|none
|upkeep
|turn|24
|
|t:|1758287226
|move|p2a: Gholdengo|Make It Rain|p1a: Cresselia
|-damage|p1a: Cresselia|37/100
|-unboost|p2a: Gholdengo|spa|1
|move|p1a: Cresselia|Trick Room|p1a: Cresselia
|-fieldstart|move: Trick Room|[of] p1a: Cresselia
|
|upkeep
|turn|25
|
|t:|1758287237
|switch|p2a: Slowking|Slowking-Galar, F|48/100
|move|p1a: Cresselia|Lunar Dance|p1a: Cresselia
|faint|p1a: Cresselia
|
|upkeep
|
|t:|1758287243
|switch|p1a: Volcanion|Volcanion|33/100
|-heal|p1a: Volcanion|100/100|[from] move: Lunar Dance
|turn|26
|
|t:|1758287251
|-prepare|p2a: Slowking|Chilly Reception|[premajor]
|move|p2a: Slowking|Chilly Reception|p2a: Slowking
|-weather|Snowscape
|
|t:|1758287258
|switch|p2a: Landorus|Landorus-Therian, M|100/100|[from] Chilly Reception
|-ability|p2a: Landorus|Intimidate|boost
|-unboost|p1a: Volcanion|atk|1
|move|p1a: Volcanion|Earth Power|p2a: Landorus
|-immune|p2a: Landorus
|
|-weather|Snowscape|[upkeep]
|upkeep
|turn|27
|
|t:|1758287270
|move|p1a: Volcanion|Steam Eruption|p2a: Landorus
|-supereffective|p2a: Landorus
|-damage|p2a: Landorus|0 fnt
|faint|p2a: Landorus
|
|-weather|Snowscape|[upkeep]
|upkeep
|
|t:|1758287275
|switch|p2a: Slowking|Slowking-Galar, F|81/100
|turn|28
|
|t:|1758287281
|move|p2a: Slowking|Future Sight|p1a: Volcanion
|-start|p2a: Slowking|move: Future Sight
|move|p1a: Volcanion|Sludge Bomb|p2a: Slowking
|-resisted|p2a: Slowking
|-damage|p2a: Slowking|71/100
|
|-weather|Snowscape|[upkeep]
|-fieldend|move: Trick Room
|upkeep
|turn|29
|
|t:|1758287288
|move|p1a: Volcanion|Earth Power|p2a: Slowking
|-supereffective|p2a: Slowking
|-damage|p2a: Slowking|30/100
|move|p2a: Slowking|Sludge Bomb|p1a: Volcanion
|-damage|p1a: Volcanion|67/100
|-status|p1a: Volcanion|psn
|
|-weather|Snowscape|[upkeep]
|-damage|p1a: Volcanion|55/100 psn|[from] psn
|upkeep
|turn|30
|
|t:|1758287309
|switch|p2a: Garchomp|Garchomp, M|100/100
|move|p1a: Volcanion|Earth Power|p2a: Garchomp
|-damage|p2a: Garchomp|70/100
|
|-weather|none
|-end|p1a: Volcanion|move: Future Sight
|-damage|p1a: Volcanion|12/100 psn
|-damage|p1a: Volcanion|0 fnt|[from] psn
|faint|p1a: Volcanion
|upkeep
|
|t:|1758287322
|switch|p1a: Ursaluna|Ursaluna, M|100/100
|-damage|p1a: Ursaluna|84/100|[from] Spikes
|turn|31
|
|t:|1758287333
|move|p1a: Ursaluna|Facade|p2a: Garchomp
|-crit|p2a: Garchomp
|-damage|p2a: Garchomp|34/100
|-damage|p1a: Ursaluna|72/100|[from] ability: Rough Skin|[of] p2a: Garchomp
|-damage|p1a: Ursaluna|55/100|[from] item: Rocky Helmet|[of] p2a: Garchomp
|move|p2a: Garchomp|Dragon Tail|p1a: Ursaluna
|-damage|p1a: Ursaluna|36/100
|drag|p1a: Iron Hands|Iron Hands|100/100
|-damage|p1a: Iron Hands|84/100|[from] Spikes
|-enditem|p1a: Iron Hands|Booster Energy
|-activate|p1a: Iron Hands|ability: Quark Drive|[fromitem]
|-start|p1a: Iron Hands|quarkdriveatk
|
|upkeep
|turn|32
|
|t:|1758287352
|-terastallize|p1a: Iron Hands|Flying
|move|p2a: Garchomp|Earthquake|p1a: Iron Hands
|-immune|p1a: Iron Hands
|move|p1a: Iron Hands|Ice Punch|p2a: Garchomp
|-supereffective|p2a: Garchomp
|-damage|p2a: Garchomp|0 fnt
|-damage|p1a: Iron Hands|72/100|[from] ability: Rough Skin|[of] p2a: Garchomp
|-damage|p1a: Iron Hands|55/100|[from] item: Rocky Helmet|[of] p2a: Garchomp
|faint|p2a: Garchomp
|
|upkeep
|
|t:|1758287366
|switch|p2a: Dragonite|Dragonite, M|100/100
|turn|33
|
|t:|1758287375
|switch|p2a: Gholdengo|Gholdengo|89/100
|move|p1a: Iron Hands|Drain Punch|p2a: Gholdengo
|-immune|p2a: Gholdengo
|
|upkeep
|turn|34
|
|t:|1758287384
|move|p2a: Gholdengo|Recover|p2a: Gholdengo
|-heal|p2a: Gholdengo|100/100
|move|p1a: Iron Hands|Ice Punch|p2a: Gholdengo
|-resisted|p2a: Gholdengo
|-damage|p2a: Gholdengo|85/100
|
|upkeep
|turn|35
|
|t:|1758287398
|-end|p1a: Iron Hands|Quark Drive|[silent]
|switch|p1a: Hatterene|Hatterene, F|100/100
|move|p2a: Gholdengo|Nasty Plot|p2a: Gholdengo
|-boost|p2a: Gholdengo|spa|2
|
|upkeep
|turn|36
|
|t:|1758287404
|move|p2a: Gholdengo|Make It Rain|p1a: Hatterene
|-supereffective|p1a: Hatterene
|-damage|p1a: Hatterene|0 fnt
|-unboost|p2a: Gholdengo|spa|1
|faint|p1a: Hatterene
|
|upkeep
|
|t:|1758287410
|switch|p1a: Ursaluna|Ursaluna, M|36/100
|-damage|p1a: Ursaluna|20/100|[from] Spikes
|turn|37
|
|t:|1758287417
|move|p2a: Gholdengo|Make It Rain|p1a: Ursaluna
|-damage|p1a: Ursaluna|0 fnt
|-unboost|p2a: Gholdengo|spa|1
|faint|p1a: Ursaluna
|
|upkeep
|
|t:|1758287422
|switch|p1a: Iron Hands|Iron Hands, tera:Flying|55/100
|turn|38
|
|t:|1758287429
|move|p2a: Gholdengo|Shadow Ball|p1a: Iron Hands
|-damage|p1a: Iron Hands|16/100
|-unboost|p1a: Iron Hands|spd|1
|move|p1a: Iron Hands|Wild Charge|p2a: Gholdengo
|-damage|p2a: Gholdengo|38/100
|-damage|p1a: Iron Hands|7/100|[from] Recoil
|
|upkeep
|turn|39
|
|t:|1758287437
|move|p2a: Gholdengo|Shadow Ball|p1a: Iron Hands
|-damage|p1a: Iron Hands|0 fnt
|faint|p1a: Iron Hands
|-end|p1a: Iron Hands|Quark Drive|[silent]
|
|win|graly_lours
|raw|malkeshar's rating: 1320 &rarr; <strong>1300</strong><br />(-20 for losing)
|raw|graly_lours's rating: 1327 &rarr; <strong>1347</strong><br />(+20 for winning)
|l|☆malkeshar
|player|p1|
|l|☆graly_lours
|player|p2|
