|j|☆suborange
|j|☆Firo丶Ennis
|t:|1758262777
|gametype|singles
|player|p1|suborange|265|1025
|player|p2|Firo丶Ennis|266|1086
|gen|9
|tier|[Gen 9] OU
|rated|
|rule|HP Percentage Mod: HP is shown in percentages
|rule|Endless Battle Clause: Forcing endless battles is banned
|rule|Species Clause: Limit one of each Pokémon
|rule|OHKO Clause: OHKO moves are banned
|rule|Evasion Items Clause: Evasion items are banned
|rule|Evasion Moves Clause: Evasion moves are banned
|rule|Evasion Abilities Clause: Evasion abilities are banned
|rule|Sleep Moves Clause: Sleep-inducing moves are banned
|clearpoke
|poke|p1|Meowscarada, F|
|poke|p1|Cinderace, F|
|poke|p1|Dusclops, M|
|poke|p1|Scyther, M|
|poke|p1|Toedscruel, F|
|poke|p1|Greninja-*, M|
|poke|p2|Glimmora, M|
|poke|p2|Dragonite, F|
|poke|p2|Great Tusk|
|poke|p2|Araquanid, F|
|poke|p2|Scizor, F|
|poke|p2|Iron Moth|
|teampreview
|
|t:|1758262785
|teamsize|p1|6
|teamsize|p2|6
|start
|switch|p1a: Toedscruel|Toedscruel, F|100/100
|switch|p2a: Araquanid|Araquanid, F|100/100
|turn|1
|
|t:|1758262792
|move|p2a: Araquanid|Sticky Web|p1a: Toedscruel
|-sidestart|p1: suborange|move: Sticky Web
|move|p1a: Toedscruel|Leech Seed|p2a: Araquanid
|-start|p2a: Araquanid|move: Leech Seed
|
|-damage|p2a: Araquanid|88/100|[from] Leech Seed|[of] p1a: Toedscruel
|upkeep
|turn|2
|
|t:|1758262798
|move|p2a: Araquanid|Leech Life|p1a: Toedscruel
|-supereffective|p1a: Toedscruel
|-damage|p1a: Toedscruel|4/100
|-heal|p2a: Araquanid|100/100|[from] drain|[of] p1a: Toedscruel
|-damage|p2a: Araquanid|90/100|[from] item: Life Orb
|move|p1a: Toedscruel|Spikes|p2a: Araquanid
|-sidestart|p2: Firo丶Ennis|Spikes
|
|-damage|p2a: Araquanid|78/100|[from] Leech Seed|[of] p1a: Toedscruel
|-heal|p1a: Toedscruel|18/100|[silent]
|upkeep
|turn|3
|
|t:|1758262811
|switch|p1a: Dusclops|Dusclops, M, shiny|100/100
|-activate|p1a: Dusclops|move: Sticky Web
|-unboost|p1a: Dusclops|spe|1
|-item|p2a: Araquanid|Life Orb|[from] ability: Frisk|[of] p1a: Dusclops
|move|p2a: Araquanid|Leech Life|p1a: Dusclops
|-resisted|p1a: Dusclops
|-damage|p1a: Dusclops|85/100
|-heal|p2a: Araquanid|83/100|[from] drain|[of] p1a: Dusclops
|-damage|p2a: Araquanid|73/100|[from] item: Life Orb
|
|-damage|p2a: Araquanid|60/100|[from] Leech Seed|[of] p1a: Dusclops
|-heal|p1a: Dusclops|100/100|[silent]
|upkeep
|turn|4
|l|☆Firo丶Ennis
|player|p2|
|c|☆suborange|bruh
|j|☆Firo丶Ennis
|player|p2|Firo丶Ennis|266|
|
|t:|1758262870
|move|p2a: Araquanid|Liquidation|p1a: Dusclops
|-damage|p1a: Dusclops|33/100
|-unboost|p1a: Dusclops|def|1
|-damage|p2a: Araquanid|50/100|[from] item: Life Orb
|move|p1a: Dusclops|Confuse Ray|p2a: Araquanid
|-start|p2a: Araquanid|confusion
|
|-damage|p2a: Araquanid|38/100|[from] Leech Seed|[of] p1a: Dusclops
|-heal|p1a: Dusclops|55/100|[silent]
|upkeep
|turn|5
|
|t:|1758262880
|move|p1a: Dusclops|Protect|p1a: Dusclops
|-singleturn|p1a: Dusclops|Protect
|-activate|p2a: Araquanid|confusion
|move|p2a: Araquanid|Liquidation|p1a: Dusclops
|-activate|p1a: Dusclops|move: Protect
|
|-damage|p2a: Araquanid|25/100|[from] Leech Seed|[of] p1a: Dusclops
|-heal|p1a: Dusclops|77/100|[silent]
|upkeep
|turn|6
|
|t:|1758262889
|-terastallize|p2a: Araquanid|Water
|move|p1a: Dusclops|Shadow Sneak|p2a: Araquanid
|-damage|p2a: Araquanid|14/100
|-activate|p2a: Araquanid|confusion
|move|p2a: Araquanid|Liquidation|p1a: Dusclops
|-damage|p1a: Dusclops|0 fnt
|faint|p1a: Dusclops
|-damage|p2a: Araquanid|4/100|[from] item: Life Orb
|
|upkeep
|
|t:|1758262907
|switch|p1a: Scyther|Scyther, M, shiny|100/100
|turn|7
|
|t:|1758262912
|move|p1a: Scyther|Trailblaze|p2a: Araquanid
|-supereffective|p2a: Araquanid
|-damage|p2a: Araquanid|0 fnt
|-boost|p1a: Scyther|spe|1
|faint|p2a: Araquanid
|
|upkeep
|
|t:|1758262916
|switch|p2a: Glimmora|Glimmora, M|100/100
|-damage|p2a: Glimmora|88/100|[from] Spikes
|turn|8
|
|t:|1758262946
|move|p1a: Scyther|U-turn|p2a: Glimmora
|-resisted|p2a: Glimmora
|-damage|p2a: Glimmora|77/100
|-activate|p2a: Glimmora|ability: Toxic Debris
|-sidestart|p1: suborange|move: Toxic Spikes
|
|t:|1758262968
|switch|p1a: Greninja|Greninja, M, shiny|100/100|[from] U-turn
|-activate|p1a: Greninja|move: Sticky Web
|-unboost|p1a: Greninja|spe|1
|-status|p1a: Greninja|psn
|move|p2a: Glimmora|Stealth Rock|p1a: Greninja
|-sidestart|p1: suborange|move: Stealth Rock
|
|-heal|p2a: Glimmora|83/100|[from] item: Leftovers
|-damage|p1a: Greninja|88/100 psn|[from] psn
|upkeep
|turn|9
|
|t:|1758262979
|move|p2a: Glimmora|Spiky Shield|p2a: Glimmora
|-singleturn|p2a: Glimmora|move: Protect
|move|p1a: Greninja|Hydro Pump|p2a: Glimmora
|-start|p1a: Greninja|typechange|Water|[from] ability: Protean
|-activate|p2a: Glimmora|move: Protect
|
|-heal|p2a: Glimmora|90/100|[from] item: Leftovers
|-damage|p1a: Greninja|76/100 psn|[from] psn
|upkeep
|turn|10
|
|t:|1758262997
|move|p1a: Greninja|Hydro Pump|p2a: Glimmora
|-supereffective|p2a: Glimmora
|-damage|p2a: Glimmora|0 fnt
|faint|p2a: Glimmora
|
|-damage|p1a: Greninja|63/100 psn|[from] psn
|upkeep
|
|t:|1758263005
|switch|p2a: Dragonite|Dragonite, F|100/100
|turn|11
|
|t:|1758263018
|switch|p1a: Toedscruel|Toedscruel, F|18/100
|move|p2a: Dragonite|Dragon Dance|p2a: Dragonite
|-boost|p2a: Dragonite|atk|1
|-boost|p2a: Dragonite|spe|1
|
|upkeep
|turn|12
|
|t:|1758263025
|move|p2a: Dragonite|Extreme Speed|p1a: Toedscruel
|-damage|p1a: Toedscruel|0 fnt
|faint|p1a: Toedscruel
|
|upkeep
|
|t:|1758263044
|switch|p1a: Greninja|Greninja, M, shiny|63/100 psn
|-activate|p1a: Greninja|move: Sticky Web
|-unboost|p1a: Greninja|spe|1
|-damage|p1a: Greninja|51/100 psn|[from] Stealth Rock
|turn|13
|
|t:|1758263052
|move|p2a: Dragonite|Extreme Speed|p1a: Greninja
|-damage|p1a: Greninja|0 fnt
|faint|p1a: Greninja
|
|upkeep
|
|t:|1758263057
|switch|p1a: Meowscarada|Meowscarada, F, shiny|100/100
|-activate|p1a: Meowscarada|move: Sticky Web
|-unboost|p1a: Meowscarada|spe|1
|-status|p1a: Meowscarada|psn
|-damage|p1a: Meowscarada|88/100 psn|[from] Stealth Rock
|turn|14
|
|t:|1758263067
|move|p2a: Dragonite|Extreme Speed|p1a: Meowscarada
|-damage|p1a: Meowscarada|16/100 psn
|move|p1a: Meowscarada|Play Rough|p2a: Dragonite
|-start|p1a: Meowscarada|typechange|Fairy|[from] ability: Protean
|-supereffective|p2a: Dragonite
|-damage|p2a: Dragonite|59/100
|
|-damage|p1a: Meowscarada|4/100 psn|[from] psn
|upkeep
|turn|15
|
|t:|1758263078
|move|p2a: Dragonite|Extreme Speed|p1a: Meowscarada
|-damage|p1a: Meowscarada|0 fnt
|faint|p1a: Meowscarada
|
|upkeep
|
|t:|1758263085
|switch|p1a: Scyther|Scyther, M, shiny|100/100
|-damage|p1a: Scyther|51/100|[from] Stealth Rock
|turn|16
|
|t:|1758263093
|move|p2a: Dragonite|Extreme Speed|p1a: Scyther
|-damage|p1a: Scyther|3/100
|move|p1a: Scyther|Dual Wingbeat|p2a: Dragonite
|-damage|p2a: Dragonite|35/100
|-damage|p2a: Dragonite|9/100
|-hitcount|p2a: Dragonite|2
|
|upkeep
|turn|17
|
|t:|1758263105
|move|p2a: Dragonite|Extreme Speed|p1a: Scyther
|-damage|p1a: Scyther|0 fnt
|faint|p1a: Scyther
|
|upkeep
|
|t:|1758263109
|switch|p1a: Cinderace|Cinderace, F, shiny|100/100
|-activate|p1a: Cinderace|move: Sticky Web
|-unboost|p1a: Cinderace|spe|1
|-status|p1a: Cinderace|psn
|-damage|p1a: Cinderace|76/100 psn|[from] Stealth Rock
|turn|18
|
|t:|1758263121
|move|p2a: Dragonite|Extreme Speed|p1a: Cinderace
|-damage|p1a: Cinderace|17/100 psn
|move|p1a: Cinderace|Iron Head|p2a: Dragonite
|-start|p1a: Cinderace|typechange|Steel|[from] ability: Libero
|-damage|p2a: Dragonite|0 fnt
|faint|p2a: Dragonite
|
|-damage|p1a: Cinderace|5/100 psn|[from] psn
|upkeep
|
|t:|1758263126
|switch|p2a: Iron Moth|Iron Moth|100/100
|-damage|p2a: Iron Moth|88/100|[from] Spikes
|-enditem|p2a: Iron Moth|Booster Energy
|-activate|p2a: Iron Moth|ability: Quark Drive|[fromitem]
|-start|p2a: Iron Moth|quarkdrivespa
|turn|19
|
|t:|1758263136
|-terastallize|p1a: Cinderace|Flying
|move|p1a: Cinderace|Iron Head|p2a: Iron Moth
|-resisted|p2a: Iron Moth
|-damage|p2a: Iron Moth|54/100
|move|p2a: Iron Moth|Discharge|p1a: Cinderace
|-supereffective|p1a: Cinderace
|-damage|p1a: Cinderace|0 fnt
|faint|p1a: Cinderace
|
|win|Firo丶Ennis
|raw|suborange's rating: 1025 &rarr; <strong>1014</strong><br />(-11 for losing)
|raw|Firo丶Ennis's rating: 1086 &rarr; <strong>1108</strong><br />(+22 for winning)
