|j|☆sfmmt2014
|j|☆lightworkss
|t:|1758264383
|gametype|singles
|player|p1|sfmmt2014|169|1053
|player|p2|lightworkss|youngn|1069
|gen|9
|tier|[Gen 9] OU
|rated|
|rule|HP Percentage Mod: HP is shown in percentages
|rule|Endless Battle Clause: Forcing endless battles is banned
|rule|Species Clause: Limit one of each Pokémon
|rule|OHKO Clause: OHKO moves are banned
|rule|Evasion Items Clause: Evasion items are banned
|rule|Evasion Moves Clause: Evasion moves are banned
|rule|Evasion Abilities Clause: Evasion abilities are banned
|rule|Sleep Moves Clause: Sleep-inducing moves are banned
|clearpoke
|poke|p1|Enamorus, F|
|poke|p1|Great Tusk|
|poke|p1|Kingambit, M|
|poke|p1|Zamazenta-*|
|poke|p1|Raging Bolt|
|poke|p1|Jirachi|
|poke|p2|Avalugg-Hisui, F|
|poke|p2|Skarmory, F|
|poke|p2|Toxapex, F|
|poke|p2|Ting-Lu|
|poke|p2|Blissey, F|
|poke|p2|Alomomola, F|
|teampreview
|inactive|Battle timer is ON: inactive players will automatically lose when time's up. (requested by lightworkss)
|
|t:|1758264391
|teamsize|p1|6
|teamsize|p2|6
|start
|switch|p1a: Jirachi|Jirachi|100/100
|switch|p2a: Ting-Lu|Ting-Lu|100/100
|-ability|p2a: Ting-Lu|Vessel of Ruin
|turn|1
|
|t:|1758264402
|switch|p2a: Avalugg|Avalugg-Hisui, F, shiny|100/100
|move|p1a: Jirachi|Cosmic Power|p1a: Jirachi
|-boost|p1a: Jirachi|def|1
|-boost|p1a: Jirachi|spd|1
|
|upkeep
|turn|2
|
|t:|1758264409
|move|p1a: Jirachi|Cosmic Power|p1a: Jirachi
|-boost|p1a: Jirachi|def|1
|-boost|p1a: Jirachi|spd|1
|move|p2a: Avalugg|Substitute|p2a: Avalugg
|-start|p2a: Avalugg|Substitute
|-damage|p2a: Avalugg|76/100
|
|upkeep
|turn|3
|
|t:|1758264416
|move|p1a: Jirachi|Cosmic Power|p1a: Jirachi
|-boost|p1a: Jirachi|def|1
|-boost|p1a: Jirachi|spd|1
|move|p2a: Avalugg|Iron Defense|p2a: Avalugg
|-boost|p2a: Avalugg|def|2
|
|upkeep
|turn|4
|
|t:|1758264424
|move|p1a: Jirachi|Cosmic Power|p1a: Jirachi
|-boost|p1a: Jirachi|def|1
|-boost|p1a: Jirachi|spd|1
|move|p2a: Avalugg|Iron Defense|p2a: Avalugg
|-boost|p2a: Avalugg|def|2
|
|upkeep
|turn|5
|
|t:|1758264433
|move|p1a: Jirachi|Iron Head|p2a: Avalugg
|-supereffective|p2a: Avalugg
|-activate|p2a: Avalugg|move: Substitute|[damage]
|move|p2a: Avalugg|Iron Defense|p2a: Avalugg
|-boost|p2a: Avalugg|def|2
|
|upkeep
|turn|6
|
|t:|1758264441
|move|p1a: Jirachi|Iron Head|p2a: Avalugg
|-supereffective|p2a: Avalugg
|-end|p2a: Avalugg|Substitute
|move|p2a: Avalugg|Body Press|p1a: Jirachi
|-damage|p1a: Jirachi|53/100
|
|upkeep
|turn|7
|
|t:|1758264449
|move|p1a: Jirachi|Iron Head|p2a: Avalugg
|-supereffective|p2a: Avalugg
|-damage|p2a: Avalugg|63/100
|move|p2a: Avalugg|Substitute|p2a: Avalugg
|-start|p2a: Avalugg|Substitute
|-damage|p2a: Avalugg|39/100
|
|upkeep
|turn|8
|
|t:|1758264458
|move|p1a: Jirachi|Wish|p1a: Jirachi
|move|p2a: Avalugg|Iron Defense|p2a: Avalugg
|-boost|p2a: Avalugg|def|0
|
|upkeep
|turn|9
|
|t:|1758264464
|move|p1a: Jirachi|Cosmic Power|p1a: Jirachi
|-boost|p1a: Jirachi|def|1
|-boost|p1a: Jirachi|spd|1
|move|p2a: Avalugg|Body Press|p1a: Jirachi
|-damage|p1a: Jirachi|15/100
|
|-heal|p1a: Jirachi|65/100|[from] move: Wish|[wisher] Jirachi
|upkeep
|turn|10
|
|t:|1758264475
|move|p1a: Jirachi|Wish|p1a: Jirachi
|move|p2a: Avalugg|Body Press|p1a: Jirachi
|-damage|p1a: Jirachi|25/100
|
|upkeep
|turn|11
|
|t:|1758264484
|move|p1a: Jirachi|Cosmic Power|p1a: Jirachi
|-boost|p1a: Jirachi|def|1
|-boost|p1a: Jirachi|spd|1
|move|p2a: Avalugg|Body Press|p1a: Jirachi
|-damage|p1a: Jirachi|0 fnt
|faint|p1a: Jirachi
|
|upkeep
|-message|sfmmt2014 forfeited.
|
|win|lightworkss
|raw|sfmmt2014's rating: 1053 &rarr; <strong>1036</strong><br />(-17 for losing)
|raw|lightworkss's rating: 1069 &rarr; <strong>1097</strong><br />(+28 for winning)
|l|☆sfmmt2014
|player|p1|
|l|☆lightworkss
|player|p2|
