|j|☆gabriwkab
|j|☆ego_the_amigo
|t:|1758304275
|gametype|singles
|player|p1|gabriwkab|2|1260
|player|p2|ego_the_amigo|benga|1216
|gen|9
|tier|[Gen 9] OU
|rated|
|rule|HP Percentage Mod: HP is shown in percentages
|rule|Endless Battle Clause: Forcing endless battles is banned
|rule|Species Clause: Limit one of each Pokémon
|rule|OHKO Clause: OHKO moves are banned
|rule|Evasion Items Clause: Evasion items are banned
|rule|Evasion Moves Clause: Evasion moves are banned
|rule|Evasion Abilities Clause: Evasion abilities are banned
|rule|Sleep Moves Clause: Sleep-inducing moves are banned
|clearpoke
|poke|p1|Torkoal, F|
|poke|p1|Hatterene, F|
|poke|p1|Raging Bolt|
|poke|p1|Slither Wing|
|poke|p1|Venusaur, F|
|poke|p1|Walking Wake|
|poke|p2|Skarmory, M|
|poke|p2|Braviary-Hisui, M|
|poke|p2|Dragapult, M|
|poke|p2|Decidueye-Hisui, F|
|poke|p2|Greninja-*, M|
|poke|p2|Kingambit, F|
|teampreview
|
|t:|1758304283
|teamsize|p1|6
|teamsize|p2|6
|start
|switch|p1a: Walking Wake|Walking Wake|100/100
|switch|p2a: Braviary|Braviary-Hisui, M|100/100
|turn|1
|
|t:|1758304293
|move|p1a: Walking Wake|Hydro Steam|p2a: Braviary
|-damage|p2a: Braviary|68/100
|move|p2a: Braviary|Air Slash|p1a: Walking Wake
|-damage|p1a: Walking Wake|37/100
|
|upkeep
|turn|2
|
|t:|1758304305
|move|p1a: Walking Wake|Draco Meteor|p2a: Braviary
|-damage|p2a: Braviary|18/100
|-unboost|p1a: Walking Wake|spa|2
|move|p2a: Braviary|Psychic|p1a: Walking Wake
|-damage|p1a: Walking Wake|0 fnt
|faint|p1a: Walking Wake
|-end|p1a: Walking Wake|Protosynthesis|[silent]
|
|upkeep
|
|t:|1758304314
|switch|p1a: Hatterene|Hatterene, F|100/100
|-item|p1a: Hatterene|Air Balloon
|turn|3
|
|t:|1758304319
|move|p2a: Braviary|Shadow Ball|p1a: Hatterene
|-supereffective|p1a: Hatterene
|-damage|p1a: Hatterene|21/100
|-enditem|p1a: Hatterene|Air Balloon
|move|p1a: Hatterene|Trick Room|p1a: Hatterene
|-fieldstart|move: Trick Room|[of] p1a: Hatterene
|
|upkeep
|turn|4
|
|t:|1758304335
|move|p1a: Hatterene|Dazzling Gleam|p2a: Braviary
|-damage|p2a: Braviary|0 fnt
|faint|p2a: Braviary
|
|upkeep
|
|t:|1758304340
|switch|p2a: Decidueye|Decidueye-Hisui, F|100/100
|turn|5
|
|t:|1758304347
|move|p2a: Decidueye|Sucker Punch|p1a: Hatterene
|-damage|p1a: Hatterene|5/100
|move|p1a: Hatterene|Psychic Noise|p2a: Decidueye
|-supereffective|p2a: Decidueye
|-damage|p2a: Decidueye|50/100
|-start|p2a: Decidueye|move: Heal Block
|
|upkeep
|turn|6
|
|t:|1758304356
|move|p2a: Decidueye|Shadow Sneak|p1a: Hatterene
|-supereffective|p1a: Hatterene
|-damage|p1a: Hatterene|0 fnt
|faint|p1a: Hatterene
|
|-end|p2a: Decidueye|move: Heal Block
|upkeep
|
|t:|1758304362
|switch|p1a: Torkoal|Torkoal, F|100/100
|-weather|SunnyDay|[from] ability: Drought|[of] p1a: Torkoal
|turn|7
|
|t:|1758304367
|move|p1a: Torkoal|Overheat|p2a: Decidueye
|-supereffective|p2a: Decidueye
|-damage|p2a: Decidueye|0 fnt
|-unboost|p1a: Torkoal|spa|2
|faint|p2a: Decidueye
|
|-weather|SunnyDay|[upkeep]
|-fieldend|move: Trick Room
|upkeep
|
|t:|1758304373
|switch|p2a: Skarmory|Skarmory, M|100/100
|turn|8
|
|t:|1758304378
|move|p2a: Skarmory|Stealth Rock|p1a: Torkoal
|-sidestart|p1: gabriwkab|move: Stealth Rock
|move|p1a: Torkoal|Overheat|p2a: Skarmory
|-supereffective|p2a: Skarmory
|-damage|p2a: Skarmory|6/100
|-unboost|p1a: Torkoal|spa|2
|
|-weather|SunnyDay|[upkeep]
|-heal|p2a: Skarmory|12/100|[from] item: Leftovers
|upkeep
|turn|9
|
|t:|1758304387
|move|p2a: Skarmory|Spikes|p1a: Torkoal
|-sidestart|p1: gabriwkab|Spikes
|move|p1a: Torkoal|Stealth Rock|p2a: Skarmory
|-sidestart|p2: ego_the_amigo|move: Stealth Rock
|
|-weather|SunnyDay|[upkeep]
|-heal|p2a: Skarmory|18/100|[from] item: Leftovers
|upkeep
|turn|10
|
|t:|1758304393
|move|p2a: Skarmory|Roost|p2a: Skarmory
|-heal|p2a: Skarmory|68/100
|-singleturn|p2a: Skarmory|move: Roost
|move|p1a: Torkoal|Overheat|p2a: Skarmory
|-supereffective|p2a: Skarmory
|-damage|p2a: Skarmory|5/100
|-unboost|p1a: Torkoal|spa|2
|
|-weather|SunnyDay|[upkeep]
|-heal|p2a: Skarmory|11/100|[from] item: Leftovers
|upkeep
|turn|11
|
|t:|1758304406
|move|p2a: Skarmory|Spikes|p1a: Torkoal
|-sidestart|p1: gabriwkab|Spikes
|move|p1a: Torkoal|Overheat|p2a: Skarmory
|-supereffective|p2a: Skarmory
|-damage|p2a: Skarmory|0 fnt
|faint|p2a: Skarmory
|
|-weather|SunnyDay|[upkeep]
|upkeep
|
|t:|1758304412
|switch|p2a: Greninja|Greninja, M|100/100
|-damage|p2a: Greninja|88/100|[from] Stealth Rock
|turn|12
|
|t:|1758304418
|move|p2a: Greninja|Hydro Pump|p1a: Torkoal
|-supereffective|p1a: Torkoal
|-crit|p1a: Torkoal
|-damage|p1a: Torkoal|6/100
|move|p1a: Torkoal|Earthquake|p2a: Greninja
|-damage|p2a: Greninja|54/100
|
|-weather|SunnyDay|[upkeep]
|upkeep
|turn|13
|
|t:|1758304430
|switch|p1a: Raging Bolt|Raging Bolt|100/100
|-damage|p1a: Raging Bolt|88/100|[from] Stealth Rock
|-damage|p1a: Raging Bolt|72/100|[from] Spikes
|-activate|p1a: Raging Bolt|ability: Protosynthesis
|-start|p1a: Raging Bolt|protosynthesisspa
|move|p2a: Greninja|Dark Pulse|p1a: Raging Bolt
|-damage|p1a: Raging Bolt|39/100
|
|-weather|SunnyDay|[upkeep]
|upkeep
|turn|14
|
|t:|1758304441
|move|p1a: Raging Bolt|Thunderclap|p2a: Greninja
|-supereffective|p2a: Greninja
|-damage|p2a: Greninja|0 fnt
|faint|p2a: Greninja
|-damage|p1a: Raging Bolt|29/100|[from] item: Life Orb
|
|-weather|none
|-end|p1a: Raging Bolt|Protosynthesis
|upkeep
|
|t:|1758304447
|switch|p2a: Dragapult|Dragapult, M|100/100
|-damage|p2a: Dragapult|88/100|[from] Stealth Rock
|turn|15
|
|t:|1758304455
|move|p1a: Raging Bolt|Thunderclap||[still]
|-fail|p1a: Raging Bolt
|move|p2a: Dragapult|Dragon Dance|p2a: Dragapult
|-boost|p2a: Dragapult|atk|1
|-boost|p2a: Dragapult|spe|1
|
|-heal|p2a: Dragapult|94/100|[from] item: Leftovers
|upkeep
|turn|16
|
|t:|1758304462
|move|p2a: Dragapult|Dragon Darts|p1a: Raging Bolt
|-supereffective|p1a: Raging Bolt
|-crit|p1a: Raging Bolt
|-damage|p1a: Raging Bolt|0 fnt
|faint|p1a: Raging Bolt
|-end|p1a: Raging Bolt|Protosynthesis|[silent]
|
|-heal|p2a: Dragapult|99/100|[from] item: Leftovers
|upkeep
|
|t:|1758304466
|switch|p1a: Torkoal|Torkoal, F|6/100
|-damage|p1a: Torkoal|0 fnt|[from] Stealth Rock
|faint|p1a: Torkoal
|
|t:|1758304467
|switch|p1a: Slither Wing|Slither Wing|100/100
|-damage|p1a: Slither Wing|88/100|[from] Stealth Rock
|-damage|p1a: Slither Wing|72/100|[from] Spikes
|turn|17
|
|t:|1758304479
|move|p2a: Dragapult|Dragon Darts|p1a: Slither Wing
|-damage|p1a: Slither Wing|17/100
|-anim|p2a: Dragapult|Dragon Darts|p1a: Slither Wing
|-damage|p1a: Slither Wing|0 fnt
|faint|p1a: Slither Wing
|-end|p1a: Slither Wing|Protosynthesis|[silent]
|
|-heal|p2a: Dragapult|100/100|[from] item: Leftovers
|upkeep
|
|t:|1758304482
|switch|p1a: Venusaur|Venusaur, F|100/100
|-damage|p1a: Venusaur|88/100|[from] Stealth Rock
|-damage|p1a: Venusaur|72/100|[from] Spikes
|turn|18
|
|t:|1758304491
|-terastallize|p2a: Dragapult|Psychic
|-terastallize|p1a: Venusaur|Fire
|move|p2a: Dragapult|Psychic Fangs|p1a: Venusaur
|-damage|p1a: Venusaur|0 fnt
|faint|p1a: Venusaur
|
|win|ego_the_amigo
|raw|gabriwkab's rating: 1260 &rarr; <strong>1232</strong><br />(-28 for losing)
|raw|ego_the_amigo's rating: 1216 &rarr; <strong>1244</strong><br />(+28 for winning)
|l|☆gabriwkab
|player|p1|
|l|☆ego_the_amigo
|player|p2|
