|j|☆Migstaper
|j|☆powerfull_rock
|t:|1758285761
|gametype|singles
|player|p1|Migstaper|ltsurge|1688
|player|p2|powerfull_rock|blackbelt|1669
|gen|9
|tier|[Gen 9] OU
|rated|
|rule|HP Percentage Mod: HP is shown in percentages
|rule|Endless Battle Clause: Forcing endless battles is banned
|rule|Species Clause: Limit one of each Pokémon
|rule|OHKO Clause: OHKO moves are banned
|rule|Evasion Items Clause: Evasion items are banned
|rule|Evasion Moves Clause: Evasion moves are banned
|rule|Evasion Abilities Clause: Evasion abilities are banned
|rule|Sleep Moves Clause: Sleep-inducing moves are banned
|clearpoke
|poke|p1|Enamorus, F|
|poke|p1|Iron Valiant|
|poke|p1|Dragapult, M|
|poke|p1|Dragonite, M|
|poke|p1|Great Tusk|
|poke|p1|Kingambit, M|
|poke|p2|Clodsire, M|
|poke|p2|Conkeldurr, F|
|poke|p2|Enamorus, F|
|poke|p2|Ceruledge, F|
|poke|p2|Skarmory, F|
|poke|p2|Sinistcha|
|teampreview
|inactive|Battle timer is ON: inactive players will automatically lose when time's up. (requested by powerfull_rock)
|
|t:|1758285771
|teamsize|p1|6
|teamsize|p2|6
|start
|switch|p1a: Paul we know|Dragapult, M, shiny|100/100
|switch|p2a: Wide Shoulder|Conkeldurr, F, shiny|100/100
|turn|1
|
|t:|1758285779
|move|p1a: Paul we know|Dragon Dance|p1a: Paul we know
|-boost|p1a: Paul we know|atk|1
|-boost|p1a: Paul we know|spe|1
|move|p2a: Wide Shoulder|Knock Off|p1a: Paul we know
|-supereffective|p1a: Paul we know
|-damage|p1a: Paul we know|0 fnt
|-enditem|p1a: Paul we know|Life Orb|[from] move: Knock Off|[of] p2a: Wide Shoulder
|faint|p1a: Paul we know
|
|upkeep
|j| Gen9oupipipi
|
|t:|1758285808
|switch|p1a: Read the Bible|Enamorus, F, shiny|100/100
|turn|2
|
|t:|1758285828
|switch|p2a: Fat Body|Clodsire, M, shiny|100/100
|move|p1a: Read the Bible|Earth Power|p2a: Fat Body
|-supereffective|p2a: Fat Body
|-damage|p2a: Fat Body|39/100
|-damage|p1a: Read the Bible|90/100|[from] item: Life Orb
|
|-heal|p2a: Fat Body|45/100|[from] item: Leftovers
|upkeep
|turn|3
|
|t:|1758285840
|move|p1a: Read the Bible|Mystical Fire|p2a: Fat Body
|-damage|p2a: Fat Body|20/100
|-unboost|p2a: Fat Body|spa|1
|-damage|p1a: Read the Bible|80/100|[from] item: Life Orb
|move|p2a: Fat Body|Stealth Rock|p1a: Read the Bible
|-sidestart|p1: Migstaper|move: Stealth Rock
|
|-heal|p2a: Fat Body|27/100|[from] item: Leftovers
|upkeep
|turn|4
|
|t:|1758285851
|switch|p2a: Metal Wing|Skarmory, F|100/100
|move|p1a: Read the Bible|Earth Power|p2a: Metal Wing
|-immune|p2a: Metal Wing
|
|upkeep
|turn|5
|
|t:|1758285857
|switch|p2a: Clean Edge|Ceruledge, F|100/100
|move|p1a: Read the Bible|Mystical Fire|p2a: Clean Edge
|-start|p2a: Clean Edge|ability: Flash Fire
|
|upkeep
|turn|6
|
|t:|1758285872
|move|p1a: Read the Bible|Earth Power|p2a: Clean Edge
|-supereffective|p2a: Clean Edge
|-damage|p2a: Clean Edge|34/100
|-damage|p1a: Read the Bible|70/100|[from] item: Life Orb
|move|p2a: Clean Edge|Bitter Blade|p1a: Read the Bible
|-damage|p1a: Read the Bible|0 fnt
|-heal|p2a: Clean Edge|63/100|[from] drain|[of] p1a: Read the Bible
|faint|p1a: Read the Bible
|
|upkeep
|-message|Migstaper forfeited.
|
|win|powerfull_rock
|raw|Migstaper's rating: 1688 &rarr; <strong>1667</strong><br />(-21 for losing)
|raw|powerfull_rock's rating: 1669 &rarr; <strong>1690</strong><br />(+21 for winning)
|l|☆Migstaper
|player|p1|
|l|☆powerfull_rock
|player|p2|
|l| Gen9oupipipi
