|badge|p2|bronze|gen9ou|100-6
|uhtml|medal-msg|<div class="broadcast-blue">Curious what those medals under the avatar are? PS now has Ladder Seasons! For more information, check out the <a href="https://www.smogon.com/forums/threads/3740067/">thread on Smogon.</a></div>
|j|☆Auburn Hills
|j|☆chall torvikk
|t:|1758288525
|gametype|singles
|player|p1|Auburn Hills|alder|1778
|player|p2|chall torvikk|gambler|1871
|gen|9
|tier|[Gen 9] OU
|rated|
|rule|HP Percentage Mod: HP is shown in percentages
|rule|Endless Battle Clause: Forcing endless battles is banned
|rule|Species Clause: Limit one of each Pokémon
|rule|OHKO Clause: OHKO moves are banned
|rule|Evasion Items Clause: Evasion items are banned
|rule|Evasion Moves Clause: Evasion moves are banned
|rule|Evasion Abilities Clause: Evasion abilities are banned
|rule|Sleep Moves Clause: Sleep-inducing moves are banned
|clearpoke
|poke|p1|Iron Moth|
|poke|p1|Umbreon, M|
|poke|p1|Garchomp, F|
|poke|p1|Glimmora, M|
|poke|p1|Gholdengo|
|poke|p1|Dragonite, F|
|poke|p2|Darkrai|
|poke|p2|Ogerpon, F|
|poke|p2|Garchomp, F|
|poke|p2|Alomomola, F|
|poke|p2|Corviknight, F|
|poke|p2|Weezing-Galar, F|
|teampreview
|l|☆chall torvikk
|player|p2|
|j| Nikator98
|inactive|Battle timer is ON: inactive players will automatically lose when time's up. (requested by Auburn Hills)
|j|☆chall torvikk
|inactive|chall torvikk reconnected and has 125 seconds left.
|player|p2|chall torvikk|gambler|
|inactive|chall torvikk has 120 seconds left.
|
|t:|1758288654
|teamsize|p1|6
|teamsize|p2|6
|start
|switch|p1a: Julia Jacklin|Glimmora, M|100/100
|switch|p2a: Darkrai|Darkrai|100/100
|turn|1
|
|t:|1758288660
|switch|p1a: Alvvays|Umbreon, M|100/100
|move|p2a: Darkrai|Dark Pulse|p1a: Alvvays
|-resisted|p1a: Alvvays
|-damage|p1a: Alvvays|83/100
|
|-heal|p1a: Alvvays|89/100|[from] item: Leftovers
|upkeep
|turn|2
|
|t:|1758288684
|switch|p2a: Garchomp|Garchomp, F|100/100
|move|p1a: Alvvays|Thunder Wave|p2a: Garchomp
|-immune|p2a: Garchomp
|
|-heal|p1a: Alvvays|95/100|[from] item: Leftovers
|upkeep
|turn|3
|
|t:|1758288698
|switch|p1a: Julia Jacklin|Glimmora, M|100/100
|move|p2a: Garchomp|Stealth Rock|p1a: Julia Jacklin
|-sidestart|p1: Auburn Hills|move: Stealth Rock
|
|upkeep
|turn|4
|
|t:|1758288706
|move|p1a: Julia Jacklin|Mortal Spin|p2a: Garchomp
|-resisted|p2a: Garchomp
|-damage|p2a: Garchomp|99/100
|-status|p2a: Garchomp|psn
|-damage|p1a: Julia Jacklin|88/100|[from] ability: Rough Skin|[of] p2a: Garchomp
|-damage|p1a: Julia Jacklin|72/100|[from] item: Rocky Helmet|[of] p2a: Garchomp
|-sideend|p1: Auburn Hills|Stealth Rock|[from] move: Mortal Spin|[of] p1a: Julia Jacklin
|move|p2a: Garchomp|Earthquake|p1a: Julia Jacklin
|-supereffective|p1a: Julia Jacklin
|-damage|p1a: Julia Jacklin|0 fnt
|-activate|p1a: Julia Jacklin|ability: Toxic Debris
|-sidestart|p2: chall torvikk|move: Toxic Spikes
|faint|p1a: Julia Jacklin
|
|-damage|p2a: Garchomp|86/100 psn|[from] psn
|upkeep
|
|t:|1758288710
|switch|p1a: Elucid|Dragonite, F|100/100
|turn|5
|j| iohll
|
|t:|1758288717
|move|p1a: Elucid|Ice Spinner|p2a: Garchomp
|-supereffective|p2a: Garchomp
|-damage|p2a: Garchomp|5/100 psn
|-damage|p1a: Elucid|88/100|[from] ability: Rough Skin|[of] p2a: Garchomp
|-damage|p1a: Elucid|72/100|[from] item: Rocky Helmet|[of] p2a: Garchomp
|move|p2a: Garchomp|Dragon Tail|p1a: Elucid
|-supereffective|p1a: Elucid
|-damage|p1a: Elucid|18/100
|drag|p1a: Carly Rae|Iron Moth|100/100
|-enditem|p1a: Carly Rae|Booster Energy
|-activate|p1a: Carly Rae|ability: Quark Drive|[fromitem]
|-start|p1a: Carly Rae|quarkdrivespe
|
|-damage|p2a: Garchomp|0 fnt|[from] psn
|faint|p2a: Garchomp
|upkeep
|
|t:|1758288734
|switch|p2a: Weezing|Weezing-Galar, F|100/100
|-ability|p2a: Weezing|Neutralizing Gas
|-sideend|p2: chall torvikk|move: Toxic Spikes|[of] p2a: Weezing
|turn|6
|
|t:|1758288738
|-end|p2a: Weezing|ability: Neutralizing Gas
|switch|p2a: Alomomola|Alomomola, F|100/100
|move|p1a: Carly Rae|Fiery Dance|p2a: Alomomola
|-resisted|p2a: Alomomola
|-damage|p2a: Alomomola|91/100
|-boost|p1a: Carly Rae|spa|1
|
|upkeep
|turn|7
|
|t:|1758288747
|move|p1a: Carly Rae|Fiery Dance|p2a: Alomomola
|-resisted|p2a: Alomomola
|-damage|p2a: Alomomola|76/100
|-boost|p1a: Carly Rae|spa|1
|move|p2a: Alomomola|Mirror Coat|p1a: Carly Rae
|-damage|p1a: Carly Rae|49/100
|
|upkeep
|turn|8
|inactive|chall torvikk has 120 seconds left.
|
|t:|1758288778
|move|p2a: Alomomola|Aqua Jet|p1a: Carly Rae
|-supereffective|p1a: Carly Rae
|-damage|p1a: Carly Rae|20/100
|move|p1a: Carly Rae|Morning Sun|p1a: Carly Rae
|-heal|p1a: Carly Rae|70/100
|
|upkeep
|turn|9
|inactive|chall torvikk has 120 seconds left.
|
|t:|1758288788
|move|p1a: Carly Rae|Discharge|p2a: Alomomola
|-supereffective|p2a: Alomomola
|-damage|p2a: Alomomola|23/100
|-status|p2a: Alomomola|par
|move|p2a: Alomomola|Flip Turn|p1a: Carly Rae
|-supereffective|p1a: Carly Rae
|-damage|p1a: Carly Rae|26/100
|inactive|chall torvikk has 120 seconds left.
|
|t:|1758288794
|switch|p2a: Ogerpon|Ogerpon, F|100/100|[from] Flip Turn
|
|upkeep
|turn|10
|
|t:|1758288802
|-terastallize|p2a: Ogerpon|Grass
|detailschange|p2a: Ogerpon|Ogerpon-Teal-Tera, F, tera:Grass
|-ability|p2a: Ogerpon|Embody Aspect (Teal)|boost
|-boost|p2a: Ogerpon|spe|1
|move|p2a: Ogerpon|Knock Off|p1a: Carly Rae
|-damage|p1a: Carly Rae|0 fnt
|faint|p1a: Carly Rae
|-end|p1a: Carly Rae|Quark Drive|[silent]
|
|upkeep
|
|t:|1758288809
|switch|p1a: Alvvays|Umbreon, M|95/100
|turn|11
|
|t:|1758288814
|move|p2a: Ogerpon|U-turn|p1a: Alvvays
|-supereffective|p1a: Alvvays
|-damage|p1a: Alvvays|57/100
|
|t:|1758288822
|switch|p2a: Alomomola|Alomomola, F|56/100 par|[from] U-turn
|move|p1a: Alvvays|Wish|p1a: Alvvays
|
|-heal|p1a: Alvvays|63/100|[from] item: Leftovers
|upkeep
|turn|12
|
|t:|1758288827
|switch|p1a: Elucid|Dragonite, F|18/100
|move|p2a: Alomomola|Flip Turn|p1a: Elucid
|-resisted|p1a: Elucid
|-damage|p1a: Elucid|9/100
|
|t:|1758288840
|switch|p2a: Weezing|Weezing-Galar, F|100/100|[from] Flip Turn
|-ability|p2a: Weezing|Neutralizing Gas
|
|-heal|p1a: Elucid|69/100|[from] move: Wish|[wisher] Alvvays
|upkeep
|turn|13
|
|t:|1758288845
|move|p1a: Elucid|Earthquake|p2a: Weezing
|-supereffective|p2a: Weezing
|-damage|p2a: Weezing|49/100
|move|p2a: Weezing|Will-O-Wisp|p1a: Elucid
|-status|p1a: Elucid|brn
|
|-heal|p2a: Weezing|55/100|[from] item: Leftovers
|-damage|p1a: Elucid|63/100 brn|[from] brn
|upkeep
|turn|14
|
|t:|1758288860
|move|p1a: Elucid|Earthquake|p2a: Weezing
|-supereffective|p2a: Weezing
|-damage|p2a: Weezing|29/100
|move|p2a: Weezing|Will-O-Wisp|p1a: Elucid
|-fail|p1a: Elucid|brn
|
|-heal|p2a: Weezing|35/100|[from] item: Leftovers
|-damage|p1a: Elucid|57/100 brn|[from] brn
|upkeep
|turn|15
|
|t:|1758288866
|move|p1a: Elucid|Earthquake|p2a: Weezing
|-supereffective|p2a: Weezing
|-damage|p2a: Weezing|11/100
|move|p2a: Weezing|Pain Split|p1a: Elucid
|-sethp|p1a: Elucid|34/100 brn|[from] move: Pain Split|[silent]
|-sethp|p2a: Weezing|33/100|[from] move: Pain Split
|
|-heal|p2a: Weezing|39/100|[from] item: Leftovers
|-damage|p1a: Elucid|28/100 brn|[from] brn
|upkeep
|turn|16
|
|t:|1758288877
|-end|p2a: Weezing|ability: Neutralizing Gas
|switch|p2a: Alomomola|Alomomola, F|89/100 par
|move|p1a: Elucid|Earthquake|p2a: Alomomola
|-damage|p2a: Alomomola|74/100 par
|
|-damage|p1a: Elucid|22/100 brn|[from] brn
|upkeep
|turn|17
|
|t:|1758288882
|switch|p1a: Smino|Gholdengo|100/100
|cant|p2a: Alomomola|par
|
|upkeep
|turn|18
|
|t:|1758288886
|move|p1a: Smino|Trick|p2a: Alomomola
|-activate|p1a: Smino|move: Trick|[of] p2a: Alomomola
|-item|p2a: Alomomola|Choice Scarf|[from] move: Trick
|-item|p1a: Smino|Assault Vest|[from] move: Trick
|move|p2a: Alomomola|Flip Turn|p1a: Smino
|-damage|p1a: Smino|82/100
|
|t:|1758288889
|switch|p2a: Darkrai|Darkrai|100/100|[from] Flip Turn
|
|upkeep
|turn|19
|
|t:|1758288895
|move|p2a: Darkrai|Trick|p1a: Smino
|-immune|p1a: Smino|[from] ability: Good as Gold
|move|p1a: Smino|Make It Rain|p2a: Darkrai
|-damage|p2a: Darkrai|22/100
|-unboost|p1a: Smino|spa|1
|
|upkeep
|turn|20
|
|t:|1758288901
|switch|p2a: Alomomola|Alomomola, F|100/100 par
|move|p1a: Smino|Shadow Ball|p2a: Alomomola
|-damage|p2a: Alomomola|81/100 par
|
|upkeep
|turn|21
|
|t:|1758288905
|move|p1a: Smino|Shadow Ball|p2a: Alomomola
|-damage|p2a: Alomomola|62/100 par
|move|p2a: Alomomola|Flip Turn|p1a: Smino
|-damage|p1a: Smino|64/100
|
|t:|1758288908
|switch|p2a: Darkrai|Darkrai|22/100|[from] Flip Turn
|
|upkeep
|turn|22
|
|t:|1758288911
|switch|p1a: Elucid|Dragonite, F|22/100 brn
|move|p2a: Darkrai|Trick|p1a: Elucid
|-activate|p2a: Darkrai|move: Trick|[of] p1a: Elucid
|-item|p1a: Elucid|Choice Specs|[from] move: Trick
|-item|p2a: Darkrai|Heavy-Duty Boots|[from] move: Trick
|
|-damage|p1a: Elucid|15/100 brn|[from] brn
|upkeep
|turn|23
|
|t:|1758288919
|switch|p2a: Alomomola|Alomomola, F|95/100 par
|move|p1a: Elucid|Ice Spinner|p2a: Alomomola
|-resisted|p2a: Alomomola
|-damage|p2a: Alomomola|89/100 par
|
|-damage|p1a: Elucid|9/100 brn|[from] brn
|upkeep
|turn|24
|
|t:|1758288928
|switch|p1a: Alvvays|Umbreon, M|63/100
|move|p2a: Alomomola|Flip Turn|p1a: Alvvays
|-damage|p1a: Alvvays|51/100
|
|t:|1758288949
|switch|p2a: Weezing|Weezing-Galar, F|39/100|[from] Flip Turn
|-ability|p2a: Weezing|Neutralizing Gas
|
|-heal|p1a: Alvvays|57/100|[from] item: Leftovers
|-heal|p2a: Weezing|45/100|[from] item: Leftovers
|upkeep
|turn|25
|
|t:|1758288955
|move|p1a: Alvvays|Thunder Wave|p2a: Weezing
|-status|p2a: Weezing|par
|move|p2a: Weezing|Sludge Bomb|p1a: Alvvays
|-damage|p1a: Alvvays|43/100
|
|-heal|p1a: Alvvays|49/100|[from] item: Leftovers
|-heal|p2a: Weezing|51/100 par|[from] item: Leftovers
|upkeep
|turn|26
|
|t:|1758288959
|move|p1a: Alvvays|Wish|p1a: Alvvays
|cant|p2a: Weezing|par
|
|-heal|p1a: Alvvays|55/100|[from] item: Leftovers
|-heal|p2a: Weezing|57/100 par|[from] item: Leftovers
|upkeep
|turn|27
|
|t:|1758288969
|move|p1a: Alvvays|Protect|p1a: Alvvays
|-singleturn|p1a: Alvvays|Protect
|move|p2a: Weezing|Will-O-Wisp|p1a: Alvvays
|-activate|p1a: Alvvays|move: Protect
|
|-heal|p1a: Alvvays|100/100|[from] move: Wish|[wisher] Alvvays
|-heal|p2a: Weezing|63/100 par|[from] item: Leftovers
|upkeep
|turn|28
|
|t:|1758288972
|switch|p1a: Elucid|Dragonite, F|9/100 brn
|move|p2a: Weezing|Sludge Bomb|p1a: Elucid
|-damage|p1a: Elucid|0 fnt
|faint|p1a: Elucid
|
|-heal|p2a: Weezing|69/100 par|[from] item: Leftovers
|upkeep
|
|t:|1758288977
|switch|p1a: Smino|Gholdengo|64/100
|turn|29
|
|t:|1758288981
|-end|p2a: Weezing|ability: Neutralizing Gas
|switch|p2a: Alomomola|Alomomola, F|100/100 par
|move|p1a: Smino|Shadow Ball|p2a: Alomomola
|-damage|p2a: Alomomola|69/100 par
|
|upkeep
|turn|30
|
|t:|1758288984
|move|p1a: Smino|Shadow Ball|p2a: Alomomola
|-damage|p2a: Alomomola|39/100 par
|move|p2a: Alomomola|Flip Turn|p1a: Smino
|-damage|p1a: Smino|47/100
|
|t:|1758288986
|switch|p2a: Darkrai|Darkrai|22/100|[from] Flip Turn
|
|upkeep
|turn|31
|
|t:|1758288992
|switch|p1a: Alvvays|Umbreon, M|100/100
|move|p2a: Darkrai|Dark Pulse|p1a: Alvvays
|-resisted|p1a: Alvvays
|-damage|p1a: Alvvays|90/100
|
|-heal|p1a: Alvvays|96/100|[from] item: Leftovers
|upkeep
|turn|32
|
|t:|1758288995
|switch|p2a: Weezing|Weezing-Galar, F|69/100 par
|-ability|p2a: Weezing|Neutralizing Gas
|move|p1a: Alvvays|Wish|p1a: Alvvays
|
|-heal|p1a: Alvvays|100/100|[from] item: Leftovers
|-heal|p2a: Weezing|75/100 par|[from] item: Leftovers
|upkeep
|turn|33
|
|t:|1758289000
|switch|p1a: Smino|Gholdengo|47/100
|move|p2a: Weezing|Will-O-Wisp|p1a: Smino
|-status|p1a: Smino|brn
|
|-heal|p1a: Smino|100/100 brn|[from] move: Wish|[wisher] Alvvays
|-heal|p2a: Weezing|81/100 par|[from] item: Leftovers
|-damage|p1a: Smino|94/100 brn|[from] brn
|upkeep
|turn|34
|
|t:|1758289004
|-end|p2a: Weezing|ability: Neutralizing Gas
|switch|p2a: Alomomola|Alomomola, F|72/100 par
|move|p1a: Smino|Shadow Ball|p2a: Alomomola
|-damage|p2a: Alomomola|41/100 par
|-unboost|p2a: Alomomola|spd|1
|
|-damage|p1a: Smino|88/100 brn|[from] brn
|upkeep
|turn|35
|
|t:|1758289008
|switch|p2a: Corviknight|Corviknight, F|100/100
|-ability|p2a: Corviknight|Pressure
|move|p1a: Smino|Shadow Ball|p2a: Corviknight
|-damage|p2a: Corviknight|73/100
|-unboost|p2a: Corviknight|spd|1
|
|-heal|p2a: Corviknight|79/100|[from] item: Leftovers
|-damage|p1a: Smino|82/100 brn|[from] brn
|upkeep
|turn|36
|
|t:|1758289011
|switch|p2a: Alomomola|Alomomola, F|75/100 par
|move|p1a: Smino|Shadow Ball|p2a: Alomomola
|-damage|p2a: Alomomola|45/100 par
|
|-damage|p1a: Smino|76/100 brn|[from] brn
|upkeep
|turn|37
|
|t:|1758289024
|move|p1a: Smino|Shadow Ball|p2a: Alomomola
|-damage|p2a: Alomomola|13/100 par
|move|p2a: Alomomola|Flip Turn|p1a: Smino
|-damage|p1a: Smino|57/100 brn
|
|t:|1758289032
|switch|p2a: Ogerpon|Ogerpon-Teal-Tera, F, tera:Grass|100/100|[from] Flip Turn
|-ability|p2a: Ogerpon|Embody Aspect (Teal)|boost
|-boost|p2a: Ogerpon|spe|1
|
|-damage|p1a: Smino|51/100 brn|[from] brn
|upkeep
|turn|38
|
|t:|1758289036
|switch|p1a: Alvvays|Umbreon, M|100/100
|move|p2a: Ogerpon|Knock Off|p1a: Alvvays
|-resisted|p1a: Alvvays
|-damage|p1a: Alvvays|87/100
|-enditem|p1a: Alvvays|Leftovers|[from] move: Knock Off|[of] p2a: Ogerpon
|
|upkeep
|turn|39
|
|t:|1758289039
|move|p2a: Ogerpon|U-turn|p1a: Alvvays
|-supereffective|p1a: Alvvays
|-damage|p1a: Alvvays|50/100
|
|t:|1758289045
|switch|p2a: Alomomola|Alomomola, F|46/100 par|[from] U-turn
|move|p1a: Alvvays|Wish|p1a: Alvvays
|
|upkeep
|turn|40
|
|t:|1758289049
|move|p1a: Alvvays|Foul Play|p2a: Alomomola
|-damage|p2a: Alomomola|27/100 par
|cant|p2a: Alomomola|par
|
|-heal|p1a: Alvvays|99/100|[from] move: Wish|[wisher] Alvvays
|upkeep
|turn|41
|
|t:|1758289054
|switch|p2a: Weezing|Weezing-Galar, F|81/100 par
|-ability|p2a: Weezing|Neutralizing Gas
|move|p1a: Alvvays|Wish|p1a: Alvvays
|
|-heal|p2a: Weezing|87/100 par|[from] item: Leftovers
|upkeep
|turn|42
|
|t:|1758289059
|switch|p1a: Smino|Gholdengo|51/100 brn
|-end|p2a: Weezing|ability: Neutralizing Gas
|switch|p2a: Alomomola|Alomomola, F|60/100 par
|
|-heal|p1a: Smino|100/100 brn|[from] move: Wish|[wisher] Alvvays
|-damage|p1a: Smino|94/100 brn|[from] brn
|upkeep
|turn|43
|
|t:|1758289063
|move|p1a: Smino|Shadow Ball|p2a: Alomomola
|-damage|p2a: Alomomola|29/100 par
|cant|p2a: Alomomola|par
|
|-damage|p1a: Smino|88/100 brn|[from] brn
|upkeep
|turn|44
|
|t:|1758289071
|switch|p2a: Corviknight|Corviknight, F|79/100
|-ability|p2a: Corviknight|Pressure
|move|p1a: Smino|Shadow Ball|p2a: Corviknight
|-damage|p2a: Corviknight|48/100
|
|-heal|p2a: Corviknight|54/100|[from] item: Leftovers
|-damage|p1a: Smino|82/100 brn|[from] brn
|upkeep
|turn|45
|
|t:|1758289074
|move|p1a: Smino|Shadow Ball|p2a: Corviknight
|-damage|p2a: Corviknight|26/100
|move|p2a: Corviknight|Roost|p2a: Corviknight
|-heal|p2a: Corviknight|76/100
|-singleturn|p2a: Corviknight|move: Roost
|
|-heal|p2a: Corviknight|82/100|[from] item: Leftovers
|-damage|p1a: Smino|76/100 brn|[from] brn
|upkeep
|turn|46
|
|t:|1758289078
|move|p1a: Smino|Shadow Ball|p2a: Corviknight
|-damage|p2a: Corviknight|53/100
|-unboost|p2a: Corviknight|spd|1
|move|p2a: Corviknight|Roost|p2a: Corviknight
|-heal|p2a: Corviknight|100/100
|-singleturn|p2a: Corviknight|move: Roost
|
|-damage|p1a: Smino|70/100 brn|[from] brn
|upkeep
|turn|47
|
|t:|1758289087
|switch|p2a: Alomomola|Alomomola, F|63/100 par
|move|p1a: Smino|Shadow Ball|p2a: Alomomola
|-damage|p2a: Alomomola|33/100 par
|
|-damage|p1a: Smino|64/100 brn|[from] brn
|upkeep
|turn|48
|
|t:|1758289091
|switch|p2a: Corviknight|Corviknight, F|100/100
|-ability|p2a: Corviknight|Pressure
|move|p1a: Smino|Shadow Ball|p2a: Corviknight
|-damage|p2a: Corviknight|72/100
|
|-heal|p2a: Corviknight|78/100|[from] item: Leftovers
|-damage|p1a: Smino|58/100 brn|[from] brn
|upkeep
|turn|49
|
|t:|1758289097
|move|p1a: Smino|Shadow Ball|p2a: Corviknight
|-damage|p2a: Corviknight|49/100
|move|p2a: Corviknight|Roost|p2a: Corviknight
|-heal|p2a: Corviknight|99/100
|-singleturn|p2a: Corviknight|move: Roost
|
|-heal|p2a: Corviknight|100/100|[from] item: Leftovers
|-damage|p1a: Smino|52/100 brn|[from] brn
|upkeep
|turn|50
|
|t:|1758289100
|switch|p1a: Rat Tally|Garchomp, F|100/100
|move|p2a: Corviknight|U-turn|p1a: Rat Tally
|-damage|p1a: Rat Tally|85/100
|-damage|p2a: Corviknight|88/100|[from] ability: Rough Skin|[of] p1a: Rat Tally
|
|t:|1758289108
|switch|p2a: Ogerpon|Ogerpon-Teal-Tera, F, tera:Grass|100/100|[from] U-turn
|-ability|p2a: Ogerpon|Embody Aspect (Teal)|boost
|-boost|p2a: Ogerpon|spe|1
|
|upkeep
|turn|51
|
|t:|1758289111
|switch|p1a: Alvvays|Umbreon, M|99/100
|move|p2a: Ogerpon|Ivy Cudgel|p1a: Alvvays
|-damage|p1a: Alvvays|48/100
|
|upkeep
|turn|52
|
|t:|1758289118
|move|p1a: Alvvays|Protect|p1a: Alvvays
|-singleturn|p1a: Alvvays|Protect
|move|p2a: Ogerpon|Ivy Cudgel|p1a: Alvvays
|-activate|p1a: Alvvays|move: Protect
|
|upkeep
|turn|53
|
|t:|1758289138
|move|p2a: Ogerpon|U-turn|p1a: Alvvays
|-supereffective|p1a: Alvvays
|-damage|p1a: Alvvays|9/100
|
|t:|1758289144
|switch|p2a: Weezing|Weezing-Galar, F|87/100 par|[from] U-turn
|-ability|p2a: Weezing|Neutralizing Gas
|move|p1a: Alvvays|Thunder Wave|p2a: Weezing
|-fail|p2a: Weezing|par
|
|-heal|p2a: Weezing|93/100 par|[from] item: Leftovers
|upkeep
|turn|54
|
|t:|1758289153
|-end|p2a: Weezing|ability: Neutralizing Gas
|switch|p2a: Ogerpon|Ogerpon-Teal-Tera, F, tera:Grass|100/100
|-ability|p2a: Ogerpon|Embody Aspect (Teal)|boost
|-boost|p2a: Ogerpon|spe|1
|move|p1a: Alvvays|Wish|p1a: Alvvays
|
|upkeep
|turn|55
|
|t:|1758289162
|move|p1a: Alvvays|Protect|p1a: Alvvays
|-singleturn|p1a: Alvvays|Protect
|move|p2a: Ogerpon|Knock Off|p1a: Alvvays
|-activate|p1a: Alvvays|move: Protect
|
|-heal|p1a: Alvvays|59/100|[from] move: Wish|[wisher] Alvvays
|upkeep
|turn|56
|
|t:|1758289168
|move|p2a: Ogerpon|Encore|p1a: Alvvays
|-start|p1a: Alvvays|Encore
|move|p1a: Alvvays|Protect||[still]
|-fail|p1a: Alvvays
|
|upkeep
|turn|57
|
|t:|1758289174
|switch|p1a: Smino|Gholdengo|52/100 brn
|move|p2a: Ogerpon|Ivy Cudgel|p1a: Smino
|-resisted|p1a: Smino
|-damage|p1a: Smino|14/100 brn
|
|-damage|p1a: Smino|8/100 brn|[from] brn
|upkeep
|turn|58
|
|t:|1758289179
|move|p2a: Ogerpon|Knock Off|p1a: Smino
|-supereffective|p1a: Smino
|-damage|p1a: Smino|0 fnt
|-enditem|p1a: Smino|Assault Vest|[from] move: Knock Off|[of] p2a: Ogerpon
|faint|p1a: Smino
|
|upkeep
|
|t:|1758289182
|switch|p1a: Alvvays|Umbreon, M|59/100
|turn|59
|
|t:|1758289184
|move|p2a: Ogerpon|U-turn|p1a: Alvvays
|-supereffective|p1a: Alvvays
|-damage|p1a: Alvvays|19/100
|
|t:|1758289188
|switch|p2a: Weezing|Weezing-Galar, F|93/100 par|[from] U-turn
|-ability|p2a: Weezing|Neutralizing Gas
|move|p1a: Alvvays|Thunder Wave|p2a: Weezing
|-fail|p2a: Weezing|par
|
|-heal|p2a: Weezing|99/100 par|[from] item: Leftovers
|upkeep
|turn|60
|
|t:|1758289194
|move|p1a: Alvvays|Wish|p1a: Alvvays
|move|p2a: Weezing|Sludge Bomb|p1a: Alvvays
|-damage|p1a: Alvvays|4/100
|-status|p1a: Alvvays|psn
|
|-heal|p2a: Weezing|100/100 par|[from] item: Leftovers
|-damage|p1a: Alvvays|0 fnt|[from] psn
|faint|p1a: Alvvays
|upkeep
|
|t:|1758289197
|switch|p1a: Rat Tally|Garchomp, F|85/100
|turn|61
|
|t:|1758289199
|move|p1a: Rat Tally|Swords Dance|p1a: Rat Tally
|-boost|p1a: Rat Tally|atk|2
|move|p2a: Weezing|Will-O-Wisp|p1a: Rat Tally
|-status|p1a: Rat Tally|brn
|
|-heal|p1a: Rat Tally|100/100 brn|[from] move: Wish|[wisher] Alvvays
|-damage|p1a: Rat Tally|94/100 brn|[from] brn
|upkeep
|turn|62
|
|t:|1758289206
|-end|p2a: Weezing|ability: Neutralizing Gas
|switch|p2a: Corviknight|Corviknight, F|88/100
|-ability|p2a: Corviknight|Pressure
|move|p1a: Rat Tally|Scale Shot|p2a: Corviknight
|-resisted|p2a: Corviknight
|-damage|p2a: Corviknight|83/100
|-resisted|p2a: Corviknight
|-damage|p2a: Corviknight|77/100
|-resisted|p2a: Corviknight
|-damage|p2a: Corviknight|72/100
|-resisted|p2a: Corviknight
|-damage|p2a: Corviknight|66/100
|-hitcount|p2a: Corviknight|4
|-unboost|p1a: Rat Tally|def|1
|-boost|p1a: Rat Tally|spe|1
|
|-heal|p2a: Corviknight|72/100|[from] item: Leftovers
|-damage|p1a: Rat Tally|88/100 brn|[from] brn
|upkeep
|turn|63
|
|t:|1758289210
|move|p1a: Rat Tally|Swords Dance|p1a: Rat Tally
|-boost|p1a: Rat Tally|atk|2
|move|p2a: Corviknight|Brave Bird|p1a: Rat Tally
|-damage|p1a: Rat Tally|37/100 brn
|-damage|p2a: Corviknight|60/100|[from] ability: Rough Skin|[of] p1a: Rat Tally
|-damage|p2a: Corviknight|45/100|[from] Recoil
|
|-heal|p2a: Corviknight|51/100|[from] item: Leftovers
|-damage|p1a: Rat Tally|31/100 brn|[from] brn
|upkeep
|turn|64
|
|t:|1758289218
|switch|p2a: Weezing|Weezing-Galar, F|100/100 par
|-ability|p2a: Weezing|Neutralizing Gas
|-terastallize|p1a: Rat Tally|Electric
|move|p1a: Rat Tally|Scale Shot|p2a: Weezing
|-immune|p2a: Weezing
|
|-damage|p1a: Rat Tally|25/100 brn|[from] brn
|upkeep
|turn|65
|
|t:|1758289228
|move|p1a: Rat Tally|Earthquake|p2a: Weezing
|-supereffective|p2a: Weezing
|-damage|p2a: Weezing|0 fnt
|faint|p2a: Weezing
|-end|p2a: Weezing|ability: Neutralizing Gas
|
|-damage|p1a: Rat Tally|19/100 brn|[from] brn
|upkeep
|
|t:|1758289230
|switch|p2a: Ogerpon|Ogerpon-Teal-Tera, F, tera:Grass|100/100
|-ability|p2a: Ogerpon|Embody Aspect (Teal)|boost
|-boost|p2a: Ogerpon|spe|1
|turn|66
|-message|Auburn Hills forfeited.
|
|win|chall torvikk
|raw|Auburn Hills's rating: 1778 &rarr; <strong>1763</strong><br />(-15 for losing)
|raw|chall torvikk's rating: 1871 &rarr; <strong>1886</strong><br />(+15 for winning)
|l|☆Auburn Hills
|player|p1|
|c|☆chall torvikk|Gg
|l|☆chall torvikk
|player|p2|
|l| Nikator98
