|j|☆qerwat321
|j|☆uwontwinprobably
|t:|1758260862
|gametype|singles
|player|p1|qerwat321|101|1488
|player|p2|uwontwinprobably|acetrainer-gen4dp|1471
|gen|9
|tier|[Gen 9] OU
|rated|
|rule|HP Percentage Mod: HP is shown in percentages
|rule|Endless Battle Clause: Forcing endless battles is banned
|rule|Species Clause: Limit one of each Pokémon
|rule|OHKO Clause: OHKO moves are banned
|rule|Evasion Items Clause: Evasion items are banned
|rule|Evasion Moves Clause: Evasion moves are banned
|rule|Evasion Abilities Clause: Evasion abilities are banned
|rule|Sleep Moves Clause: Sleep-inducing moves are banned
|clearpoke
|poke|p1|Great Tusk|
|poke|p1|Landorus-Therian, M|
|poke|p1|Gholdengo|
|poke|p1|Alomomola, F|
|poke|p1|Clodsire, M|
|poke|p1|Raging Bolt|
|poke|p2|Heatran, F|
|poke|p2|Zamazenta-*|
|poke|p2|Enamorus, F|
|poke|p2|Ursaluna, F|
|poke|p2|Ogerpon-Wellspring, F|
|poke|p2|Kyurem|
|teampreview
|inactive|Battle timer is ON: inactive players will automatically lose when time's up. (requested by qerwat321)
|c|☆uwontwinprobably|this team look hella toxic
|c|☆uwontwinprobably|i might forfeit if it takes too long
|
|t:|1758260885
|teamsize|p1|6
|teamsize|p2|6
|start
|switch|p1a: Gholdengo|Gholdengo|100/100
|switch|p2a: Kyurem|Kyurem|100/100
|-ability|p2a: Kyurem|Pressure
|turn|1
|
|t:|1758260891
|switch|p2a: Heatran|Heatran, F|100/100
|move|p1a: Gholdengo|Make It Rain|p2a: Heatran
|-resisted|p2a: Heatran
|-damage|p2a: Heatran|86/100
|-unboost|p1a: Gholdengo|spa|1
|
|upkeep
|turn|2
|
|t:|1758260900
|switch|p1a: Alomomola|Alomomola, F|100/100
|move|p2a: Heatran|Heat Wave|p1a: Alomomola
|-resisted|p1a: Alomomola
|-damage|p1a: Alomomola|66/100
|
|upkeep
|turn|3
|c|☆uwontwinprobably|why tf heat wave do so much lol
|
|t:|1758260915
|move|p2a: Heatran|Heat Wave|p1a: Alomomola
|-resisted|p1a: Alomomola
|-damage|p1a: Alomomola|33/100
|move|p1a: Alomomola|Wish|p1a: Alomomola
|
|upkeep
|turn|4
|
|t:|1758260921
|move|p1a: Alomomola|Protect|p1a: Alomomola
|-singleturn|p1a: Alomomola|Protect
|move|p2a: Heatran|Heat Wave|p1a: Alomomola
|-activate|p1a: Alomomola|move: Protect
|
|-heal|p1a: Alomomola|83/100|[from] move: Wish|[wisher] Alomomola
|upkeep
|turn|5
|
|t:|1758260923
|move|p2a: Heatran|Heat Wave|p1a: Alomomola
|-resisted|p1a: Alomomola
|-damage|p1a: Alomomola|52/100
|move|p1a: Alomomola|Wish|p1a: Alomomola
|
|upkeep
|turn|6
|
|t:|1758260929
|move|p2a: Heatran|Heat Wave|p1a: Alomomola
|-resisted|p1a: Alomomola
|-damage|p1a: Alomomola|19/100
|move|p1a: Alomomola|Flip Turn|p2a: Heatran
|-supereffective|p2a: Heatran
|-damage|p2a: Heatran|58/100
|
|t:|1758260935
|switch|p1a: Landorus|Landorus-Therian, M|100/100|[from] Flip Turn
|-ability|p1a: Landorus|Intimidate|boost
|-unboost|p2a: Heatran|atk|1
|
|upkeep
|turn|7
|
|t:|1758260940
|move|p1a: Landorus|Earthquake|p2a: Heatran
|-supereffective|p2a: Heatran
|-damage|p2a: Heatran|0 fnt
|faint|p2a: Heatran
|
|upkeep
|
|t:|1758260968
|switch|p2a: Ursaluna|Ursaluna, F|100/100
|turn|8
|
|t:|1758260975
|move|p1a: Landorus|Earthquake|p2a: Ursaluna
|-damage|p2a: Ursaluna|53/100
|move|p2a: Ursaluna|Trailblaze|p1a: Landorus
|-damage|p1a: Landorus|81/100
|-boost|p2a: Ursaluna|spe|1
|
|-status|p2a: Ursaluna|brn|[from] item: Flame Orb
|upkeep
|turn|9
|
|t:|1758260987
|switch|p1a: Gholdengo|Gholdengo|100/100
|move|p2a: Ursaluna|Facade|p1a: Gholdengo
|-immune|p1a: Gholdengo
|
|-damage|p2a: Ursaluna|46/100 brn|[from] brn
|upkeep
|turn|10
|
|t:|1758260989
|switch|p1a: Landorus|Landorus-Therian, M|81/100
|-ability|p1a: Landorus|Intimidate|boost
|-unboost|p2a: Ursaluna|atk|1
|move|p2a: Ursaluna|Earthquake|p1a: Landorus
|-immune|p1a: Landorus
|
|-damage|p2a: Ursaluna|40/100 brn|[from] brn
|upkeep
|turn|11
|
|t:|1758260994
|move|p1a: Landorus|U-turn|p2a: Ursaluna
|-damage|p2a: Ursaluna|18/100 brn
|
|t:|1758260997
|switch|p1a: Great Tusk|Great Tusk|100/100|[from] U-turn
|move|p2a: Ursaluna|Facade|p1a: Great Tusk
|-damage|p1a: Great Tusk|54/100
|
|-damage|p2a: Ursaluna|11/100 brn|[from] brn
|upkeep
|turn|12
|
|t:|1758261004
|-end|p1a: Great Tusk|Protosynthesis|[silent]
|switch|p1a: Landorus|Landorus-Therian, M|81/100
|-ability|p1a: Landorus|Intimidate|boost
|-unboost|p2a: Ursaluna|atk|1
|move|p2a: Ursaluna|Trailblaze|p1a: Landorus
|-damage|p1a: Landorus|67/100
|-boost|p2a: Ursaluna|spe|1
|
|-damage|p2a: Ursaluna|5/100 brn|[from] brn
|upkeep
|turn|13
|
|t:|1758261011
|move|p1a: Landorus|U-turn|p2a: Ursaluna
|-damage|p2a: Ursaluna|0 fnt
|faint|p2a: Ursaluna
|
|t:|1758261013
|switch|p1a: Gholdengo|Gholdengo|100/100|[from] U-turn
|
|upkeep
|
|t:|1758261026
|switch|p2a: Zamazenta|Zamazenta|100/100
|-ability|p2a: Zamazenta|Dauntless Shield|boost
|-boost|p2a: Zamazenta|def|1
|turn|14
|
|t:|1758261028
|move|p1a: Gholdengo|Trick|p2a: Zamazenta
|-activate|p1a: Gholdengo|move: Trick|[of] p2a: Zamazenta
|-item|p2a: Zamazenta|Choice Scarf|[from] move: Trick
|-item|p1a: Gholdengo|Life Orb|[from] move: Trick
|move|p2a: Zamazenta|Crunch|p1a: Gholdengo
|-supereffective|p1a: Gholdengo
|-damage|p1a: Gholdengo|40/100
|
|upkeep
|turn|15
|
|t:|1758261040
|switch|p2a: Kyurem|Kyurem|100/100
|-ability|p2a: Kyurem|Pressure
|switch|p1a: Landorus|Landorus-Therian, M|67/100
|-ability|p1a: Landorus|Intimidate|boost
|-unboost|p2a: Kyurem|atk|1
|
|upkeep
|turn|16
|
|t:|1758261047
|move|p1a: Landorus|Taunt|p2a: Kyurem
|-start|p2a: Kyurem|move: Taunt
|move|p2a: Kyurem|Freeze-Dry|p1a: Landorus
|-supereffective|p1a: Landorus
|-damage|p1a: Landorus|0 fnt
|faint|p1a: Landorus
|
|upkeep
|
|t:|1758261051
|switch|p1a: Gholdengo|Gholdengo|40/100
|turn|17
|
|t:|1758261058
|switch|p2a: Ogerpon|Ogerpon-Wellspring, F|100/100
|switch|p1a: Alomomola|Alomomola, F|53/100
|
|upkeep
|turn|18
|
|t:|1758261062
|move|p2a: Ogerpon|Swords Dance|p2a: Ogerpon
|-boost|p2a: Ogerpon|atk|2
|move|p1a: Alomomola|Wish|p1a: Alomomola
|
|upkeep
|turn|19
|
|t:|1758261073
|switch|p1a: Great Tusk|Great Tusk|54/100
|move|p2a: Ogerpon|Horn Leech|p1a: Great Tusk
|-supereffective|p1a: Great Tusk
|-damage|p1a: Great Tusk|0 fnt
|faint|p1a: Great Tusk
|-end|p1a: Great Tusk|Protosynthesis|[silent]
|
|upkeep
|
|t:|1758261076
|switch|p1a: Raging Bolt|Raging Bolt|100/100
|turn|20
|
|t:|1758261081
|-terastallize|p2a: Ogerpon|Water
|detailschange|p2a: Ogerpon|Ogerpon-Wellspring-Tera, F, tera:Water
|-ability|p2a: Ogerpon|Embody Aspect (Wellspring)|boost
|-boost|p2a: Ogerpon|spd|1
|move|p2a: Ogerpon|Play Rough|p1a: Raging Bolt
|-supereffective|p1a: Raging Bolt
|-damage|p1a: Raging Bolt|0 fnt
|faint|p1a: Raging Bolt
|-end|p1a: Raging Bolt|Protosynthesis|[silent]
|
|upkeep
|c|☆uwontwinprobably|im dumb
|-message|qerwat321 forfeited.
|
|win|uwontwinprobably
|raw|qerwat321's rating: 1488 &rarr; <strong>1467</strong><br />(-21 for losing)
|raw|uwontwinprobably's rating: 1471 &rarr; <strong>1492</strong><br />(+21 for winning)
|l|☆qerwat321
|player|p1|
|c|☆uwontwinprobably|i didnt need to tera
|c|☆uwontwinprobably|gg
