|j|☆Dabsito
|j|☆paidaxingxing
|t:|1758335687
|gametype|singles
|player|p1|Dabsito|2|1312
|player|p2|paidaxingxing|1|1298
|gen|9
|tier|[Gen 9] OU
|rated|
|rule|HP Percentage Mod: HP is shown in percentages
|rule|Endless Battle Clause: Forcing endless battles is banned
|rule|Species Clause: Limit one of each Pokémon
|rule|OHKO Clause: OHKO moves are banned
|rule|Evasion Items Clause: Evasion items are banned
|rule|Evasion Moves Clause: Evasion moves are banned
|rule|Evasion Abilities Clause: Evasion abilities are banned
|rule|Sleep Moves Clause: Sleep-inducing moves are banned
|clearpoke
|poke|p1|Garganacl, F|
|poke|p1|Illumise, F|
|poke|p1|Cryogonal|
|poke|p1|Breloom, F|
|poke|p1|Iron Jugulis|
|poke|p1|Lapras, M|
|poke|p2|Tyranitar, M|
|poke|p2|Excadrill, F|
|poke|p2|Keldeo-Resolute|
|poke|p2|Tornadus-Therian, M|
|poke|p2|Heatran, F|
|poke|p2|Hydrapple, F|
|teampreview
|inactive|Battle timer is ON: inactive players will automatically lose when time's up. (requested by paidaxingxing)
|
|t:|1758335712
|teamsize|p1|6
|teamsize|p2|6
|start
|switch|p1a: Illumise|Illumise, F|100/100
|switch|p2a: Tyranitar|Tyranitar, M|100/100
|-weather|Sandstorm|[from] ability: Sand Stream|[of] p2a: Tyranitar
|turn|1
|
|t:|1758335717
|move|p2a: Tyranitar|Knock Off|p1a: Illumise
|-damage|p1a: Illumise|0 fnt
|-enditem|p1a: Illumise|Leftovers|[from] move: Knock Off|[of] p2a: Tyranitar
|faint|p1a: Illumise
|
|-weather|Sandstorm|[upkeep]
|upkeep
|
|t:|1758335720
|switch|p1a: Breloom|Breloom, F|100/100
|turn|2
|
|t:|1758335733
|switch|p2a: Tornadus|Tornadus-Therian, M|100/100
|move|p1a: Breloom|Force Palm|p2a: Tornadus
|-resisted|p2a: Tornadus
|-damage|p2a: Tornadus|74/100
|-status|p2a: Tornadus|par
|
|-weather|Sandstorm|[upkeep]
|-damage|p2a: Tornadus|68/100 par|[from] Sandstorm
|-damage|p1a: Breloom|94/100|[from] Sandstorm
|upkeep
|turn|3
|
|t:|1758335746
|move|p2a: Tornadus|U-turn|p1a: Breloom
|-damage|p1a: Breloom|78/100
|
|t:|1758335751
|switch|p2a: Hydrapple|Hydrapple, F|100/100|[from] U-turn
|move|p1a: Breloom|Rock Tomb|p2a: Hydrapple
|-damage|p2a: Hydrapple|84/100
|-unboost|p2a: Hydrapple|spe|1
|
|-weather|Sandstorm|[upkeep]
|-damage|p1a: Breloom|71/100|[from] Sandstorm
|-damage|p2a: Hydrapple|78/100|[from] Sandstorm
|upkeep
|turn|4
|
|t:|1758335764
|switch|p1a: Cryogonal|Cryogonal|100/100
|move|p2a: Hydrapple|Fickle Beam|p1a: Cryogonal
|-damage|p1a: Cryogonal|82/100
|
|-weather|Sandstorm|[upkeep]
|-damage|p1a: Cryogonal|75/100|[from] Sandstorm
|-damage|p2a: Hydrapple|72/100|[from] Sandstorm
|upkeep
|turn|5
|
|t:|1758335778
|switch|p1a: Lapras|Lapras, M|100/100
|switch|p2a: Heatran|Heatran, F|100/100
|
|-weather|none
|upkeep
|turn|6
|
|t:|1758335788
|switch|p2a: Hydrapple|Hydrapple, F|100/100
|move|p1a: Lapras|Whirlpool|p2a: Hydrapple
|-resisted|p2a: Hydrapple
|-damage|p2a: Hydrapple|98/100
|-activate|p2a: Hydrapple|move: Whirlpool|[of] p1a: Lapras
|
|-damage|p2a: Hydrapple|86/100|[from] move: Whirlpool|[partiallytrapped]
|upkeep
|turn|7
|
|t:|1758335805
|-terastallize|p2a: Hydrapple|Fairy
|move|p1a: Lapras|Protect|p1a: Lapras
|-singleturn|p1a: Lapras|Protect
|move|p2a: Hydrapple|Giga Drain|p1a: Lapras
|-activate|p1a: Lapras|move: Protect
|
|-damage|p2a: Hydrapple|73/100|[from] move: Whirlpool|[partiallytrapped]
|upkeep
|turn|8
|
|t:|1758335815
|switch|p1a: Cryogonal|Cryogonal|75/100
|move|p2a: Hydrapple|Giga Drain|p1a: Cryogonal
|-damage|p1a: Cryogonal|59/100
|-heal|p2a: Hydrapple|81/100|[from] drain|[of] p1a: Cryogonal
|
|-end|p2a: Hydrapple|Whirlpool|[partiallytrapped]|[silent]
|upkeep
|turn|9
|
|t:|1758335828
|switch|p2a: Tyranitar|Tyranitar, M|100/100
|-weather|Sandstorm|[from] ability: Sand Stream|[of] p2a: Tyranitar
|move|p1a: Cryogonal|Freeze-Dry|p2a: Tyranitar
|-damage|p2a: Tyranitar|85/100
|-status|p2a: Tyranitar|frz
|
|-weather|Sandstorm|[upkeep]
|-damage|p1a: Cryogonal|53/100|[from] Sandstorm
|upkeep
|turn|10
|
|t:|1758335842
|switch|p1a: Garganacl|Garganacl, F|100/100
|switch|p2a: Heatran|Heatran, F|100/100
|
|-weather|Sandstorm|[upkeep]
|upkeep
|turn|11
|
|t:|1758335848
|move|p2a: Heatran|Stealth Rock|p1a: Garganacl
|-sidestart|p1: Dabsito|move: Stealth Rock
|move|p1a: Garganacl|Stealth Rock|p2a: Heatran
|-sidestart|p2: paidaxingxing|move: Stealth Rock
|
|-weather|Sandstorm|[upkeep]
|upkeep
|turn|12
|
|t:|1758335858
|switch|p2a: Tornadus|Tornadus-Therian, M|100/100 par
|move|p1a: Garganacl|Salt Cure|p2a: Tornadus
|-supereffective|p2a: Tornadus
|-damage|p2a: Tornadus|67/100 par
|-start|p2a: Tornadus|Salt Cure
|
|-weather|Sandstorm|[upkeep]
|-damage|p2a: Tornadus|61/100 par|[from] Sandstorm
|-damage|p2a: Tornadus|49/100 par|[from] Salt Cure
|upkeep
|turn|13
|
|t:|1758335869
|move|p2a: Tornadus|U-turn|p1a: Garganacl
|-damage|p1a: Garganacl|94/100
|-damage|p2a: Tornadus|32/100 par|[from] item: Rocky Helmet|[of] p1a: Garganacl
|
|t:|1758335877
|switch|p2a: Keldeo|Keldeo-Resolute|100/100|[from] U-turn
|-damage|p2a: Keldeo|94/100|[from] Stealth Rock
|move|p1a: Garganacl|Salt Cure|p2a: Keldeo
|-resisted|p2a: Keldeo
|-crit|p2a: Keldeo
|-damage|p2a: Keldeo|82/100
|-start|p2a: Keldeo|Salt Cure
|
|-weather|none
|-damage|p2a: Keldeo|57/100|[from] Salt Cure
|upkeep
|turn|14
|
|t:|1758335884
|switch|p1a: Cryogonal|Cryogonal|53/100
|move|p2a: Keldeo|Surf|p1a: Cryogonal
|-damage|p1a: Cryogonal|18/100
|
|-damage|p2a: Keldeo|32/100|[from] Salt Cure
|upkeep
|turn|15
|
|t:|1758335895
|switch|p2a: Tyranitar|Tyranitar, M|85/100 frz
|-damage|p2a: Tyranitar|73/100 frz|[from] Stealth Rock
|-weather|Sandstorm|[from] ability: Sand Stream|[of] p2a: Tyranitar
|switch|p1a: Breloom|Breloom, F|71/100
|-damage|p1a: Breloom|65/100|[from] Stealth Rock
|
|-weather|Sandstorm|[upkeep]
|-damage|p1a: Breloom|59/100|[from] Sandstorm
|upkeep
|turn|16
|
|t:|1758335905
|switch|p2a: Tornadus|Tornadus-Therian, M|65/100 par
|move|p1a: Breloom|Bullet Seed|p2a: Tornadus
|-resisted|p2a: Tornadus
|-damage|p2a: Tornadus|54/100 par
|-resisted|p2a: Tornadus
|-damage|p2a: Tornadus|43/100 par
|-resisted|p2a: Tornadus
|-damage|p2a: Tornadus|31/100 par
|-resisted|p2a: Tornadus
|-damage|p2a: Tornadus|21/100 par
|-hitcount|p2a: Tornadus|4
|
|-weather|Sandstorm|[upkeep]
|-damage|p2a: Tornadus|15/100 par|[from] Sandstorm
|-damage|p1a: Breloom|53/100|[from] Sandstorm
|upkeep
|turn|17
|
|t:|1758335917
|move|p1a: Breloom|Mach Punch|p2a: Tornadus
|-resisted|p2a: Tornadus
|-crit|p2a: Tornadus
|-damage|p2a: Tornadus|0 fnt
|faint|p2a: Tornadus
|
|-weather|Sandstorm|[upkeep]
|-damage|p1a: Breloom|47/100|[from] Sandstorm
|upkeep
|
|t:|1758335923
|switch|p2a: Excadrill|Excadrill, F|100/100
|-damage|p2a: Excadrill|97/100|[from] Stealth Rock
|-item|p2a: Excadrill|Air Balloon
|turn|18
|
|t:|1758335929
|move|p1a: Breloom|Mach Punch|p2a: Excadrill
|-supereffective|p2a: Excadrill
|-damage|p2a: Excadrill|4/100
|-enditem|p2a: Excadrill|Air Balloon
|move|p2a: Excadrill|Earthquake|p1a: Breloom
|-resisted|p1a: Breloom
|-damage|p1a: Breloom|12/100
|
|-weather|Sandstorm|[upkeep]
|-damage|p1a: Breloom|5/100|[from] Sandstorm
|upkeep
|turn|19
|
|t:|1758335936
|move|p1a: Breloom|Mach Punch|p2a: Excadrill
|-supereffective|p2a: Excadrill
|-damage|p2a: Excadrill|0 fnt
|faint|p2a: Excadrill
|
|-weather|none
|upkeep
|
|t:|1758335945
|switch|p2a: Keldeo|Keldeo-Resolute|32/100
|-damage|p2a: Keldeo|26/100|[from] Stealth Rock
|turn|20
|
|t:|1758335948
|move|p2a: Keldeo|Vacuum Wave|p1a: Breloom
|-damage|p1a: Breloom|0 fnt
|faint|p1a: Breloom
|
|upkeep
|
|t:|1758335954
|switch|p1a: Iron Jugulis|Iron Jugulis|100/100
|-damage|p1a: Iron Jugulis|76/100|[from] Stealth Rock
|-enditem|p1a: Iron Jugulis|Booster Energy
|-activate|p1a: Iron Jugulis|ability: Quark Drive|[fromitem]
|-start|p1a: Iron Jugulis|quarkdrivespe
|turn|21
|
|t:|1758335962
|switch|p2a: Tyranitar|Tyranitar, M|73/100 frz
|-damage|p2a: Tyranitar|61/100 frz|[from] Stealth Rock
|-weather|Sandstorm|[from] ability: Sand Stream|[of] p2a: Tyranitar
|move|p1a: Iron Jugulis|Air Slash|p2a: Tyranitar
|-resisted|p2a: Tyranitar
|-damage|p2a: Tyranitar|49/100 frz
|
|-weather|Sandstorm|[upkeep]
|-damage|p1a: Iron Jugulis|70/100|[from] Sandstorm
|upkeep
|turn|22
|
|t:|1758335971
|-end|p1a: Iron Jugulis|Quark Drive|[silent]
|switch|p1a: Cryogonal|Cryogonal|18/100
|cant|p2a: Tyranitar|frz
|
|-weather|Sandstorm|[upkeep]
|-damage|p1a: Cryogonal|12/100|[from] Sandstorm
|upkeep
|turn|23
|
|t:|1758335979
|move|p1a: Cryogonal|Rapid Spin|p2a: Tyranitar
|-resisted|p2a: Tyranitar
|-damage|p2a: Tyranitar|46/100 frz
|-boost|p1a: Cryogonal|spe|1
|-sideend|p1: Dabsito|Stealth Rock|[from] move: Rapid Spin|[of] p1a: Cryogonal
|cant|p2a: Tyranitar|frz
|
|-weather|Sandstorm|[upkeep]
|-damage|p1a: Cryogonal|6/100|[from] Sandstorm
|upkeep
|turn|24
|
|t:|1758335991
|switch|p1a: Garganacl|Garganacl, F|94/100
|switch|p2a: Heatran|Heatran, F|100/100
|-damage|p2a: Heatran|88/100|[from] Stealth Rock
|
|-weather|Sandstorm|[upkeep]
|-heal|p2a: Heatran|94/100|[from] item: Leftovers
|upkeep
|turn|25
|
|t:|1758335997
|switch|p2a: Tyranitar|Tyranitar, M|46/100 frz
|-damage|p2a: Tyranitar|34/100 frz|[from] Stealth Rock
|move|p1a: Garganacl|Salt Cure|p2a: Tyranitar
|-damage|p2a: Tyranitar|21/100 frz
|-start|p2a: Tyranitar|Salt Cure
|
|-weather|none
|-damage|p2a: Tyranitar|9/100 frz|[from] Salt Cure
|upkeep
|turn|26
|
|t:|1758336007
|switch|p2a: Hydrapple|Hydrapple, F, tera:Fairy|100/100
|-damage|p2a: Hydrapple|88/100|[from] Stealth Rock
|move|p1a: Garganacl|Body Press|p2a: Hydrapple
|-resisted|p2a: Hydrapple
|-damage|p2a: Hydrapple|79/100
|-damage|p1a: Garganacl|77/100|[from] item: Rocky Helmet|[of] p2a: Hydrapple
|
|upkeep
|turn|27
|
|t:|1758336015
|switch|p1a: Cryogonal|Cryogonal|6/100
|move|p2a: Hydrapple|Earth Power|p1a: Cryogonal
|-immune|p1a: Cryogonal|[from] ability: Levitate
|
|upkeep
|turn|28
|
|t:|1758336022
|move|p1a: Cryogonal|Recover|p1a: Cryogonal
|-heal|p1a: Cryogonal|56/100
|move|p2a: Hydrapple|Fickle Beam|p1a: Cryogonal
|-damage|p1a: Cryogonal|39/100
|
|upkeep
|turn|29
|
|t:|1758336028
|move|p1a: Cryogonal|Recover|p1a: Cryogonal
|-heal|p1a: Cryogonal|89/100
|move|p2a: Hydrapple|Fickle Beam|p1a: Cryogonal
|-damage|p1a: Cryogonal|72/100
|
|upkeep
|turn|30
|
|t:|1758336033
|switch|p2a: Heatran|Heatran, F|94/100
|-damage|p2a: Heatran|82/100|[from] Stealth Rock
|move|p1a: Cryogonal|Freeze-Dry|p2a: Heatran
|-resisted|p2a: Heatran
|-damage|p2a: Heatran|78/100
|
|-heal|p2a: Heatran|85/100|[from] item: Leftovers
|upkeep
|turn|31
|
|t:|1758336040
|switch|p1a: Lapras|Lapras, M|100/100
|move|p2a: Heatran|Magma Storm|p1a: Lapras|[miss]
|-miss|p2a: Heatran|p1a: Lapras
|
|-heal|p2a: Heatran|91/100|[from] item: Leftovers
|upkeep
|turn|32
|
|t:|1758336046
|switch|p2a: Tyranitar|Tyranitar, M|9/100 frz
|-damage|p2a: Tyranitar|0 fnt|[from] Stealth Rock
|faint|p2a: Tyranitar
|move|p1a: Lapras|Whirlpool|p2: Tyranitar|[notarget]
|-fail|p1a: Lapras
|
|upkeep
|
|t:|1758336054
|switch|p2a: Heatran|Heatran, F|91/100
|-damage|p2a: Heatran|78/100|[from] Stealth Rock
|turn|33
|
|t:|1758336057
|move|p2a: Heatran|Magma Storm|p1a: Lapras
|-damage|p1a: Lapras|74/100
|-activate|p1a: Lapras|move: Magma Storm|[of] p2a: Heatran
|move|p1a: Lapras|Whirlpool|p2a: Heatran
|-supereffective|p2a: Heatran
|-damage|p2a: Heatran|64/100
|-activate|p2a: Heatran|move: Whirlpool|[of] p1a: Lapras
|
|-heal|p2a: Heatran|70/100|[from] item: Leftovers
|-heal|p1a: Lapras|80/100|[from] item: Leftovers
|-damage|p2a: Heatran|58/100|[from] move: Whirlpool|[partiallytrapped]
|-damage|p1a: Lapras|68/100|[from] move: Magma Storm|[partiallytrapped]
|upkeep
|turn|34
|
|t:|1758336070
|move|p2a: Heatran|Earth Power|p1a: Lapras
|-damage|p1a: Lapras|51/100
|move|p1a: Lapras|Whirlpool|p2a: Heatran
|-supereffective|p2a: Heatran
|-damage|p2a: Heatran|43/100
|
|-heal|p2a: Heatran|49/100|[from] item: Leftovers
|-heal|p1a: Lapras|57/100|[from] item: Leftovers
|-damage|p2a: Heatran|37/100|[from] move: Whirlpool|[partiallytrapped]
|-damage|p1a: Lapras|44/100|[from] move: Magma Storm|[partiallytrapped]
|upkeep
|turn|35
|
|t:|1758336081
|move|p1a: Lapras|Protect|p1a: Lapras
|-singleturn|p1a: Lapras|Protect
|move|p2a: Heatran|Magma Storm|p1a: Lapras
|-activate|p1a: Lapras|move: Protect
|
|-heal|p2a: Heatran|43/100|[from] item: Leftovers
|-heal|p1a: Lapras|51/100|[from] item: Leftovers
|-damage|p2a: Heatran|31/100|[from] move: Whirlpool|[partiallytrapped]
|-damage|p1a: Lapras|38/100|[from] move: Magma Storm|[partiallytrapped]
|upkeep
|turn|36
|
|t:|1758336091
|move|p2a: Heatran|Magma Storm|p1a: Lapras
|-damage|p1a: Lapras|13/100
|move|p1a: Lapras|Life Dew|p1a: Lapras
|-heal|p1a: Lapras|38/100
|
|-heal|p2a: Heatran|37/100|[from] item: Leftovers
|-heal|p1a: Lapras|44/100|[from] item: Leftovers
|-damage|p2a: Heatran|25/100|[from] move: Whirlpool|[partiallytrapped]
|-damage|p1a: Lapras|32/100|[from] move: Magma Storm|[partiallytrapped]
|upkeep
|turn|37
|
|t:|1758336106
|move|p1a: Lapras|Protect|p1a: Lapras
|-singleturn|p1a: Lapras|Protect
|move|p2a: Heatran|Taunt|p1a: Lapras
|-activate|p1a: Lapras|move: Protect
|
|-heal|p2a: Heatran|31/100|[from] item: Leftovers
|-heal|p1a: Lapras|38/100|[from] item: Leftovers
|-end|p2a: Heatran|Whirlpool|[partiallytrapped]
|-end|p1a: Lapras|Magma Storm|[partiallytrapped]
|upkeep
|turn|38
|
|t:|1758336116
|move|p2a: Heatran|Magma Storm|p1a: Lapras
|-damage|p1a: Lapras|12/100
|-activate|p1a: Lapras|move: Magma Storm|[of] p2a: Heatran
|move|p1a: Lapras|Whirlpool|p2a: Heatran
|-supereffective|p2a: Heatran
|-damage|p2a: Heatran|18/100
|-activate|p2a: Heatran|move: Whirlpool|[of] p1a: Lapras
|
|-heal|p2a: Heatran|24/100|[from] item: Leftovers
|-heal|p1a: Lapras|18/100|[from] item: Leftovers
|-damage|p2a: Heatran|12/100|[from] move: Whirlpool|[partiallytrapped]
|-damage|p1a: Lapras|6/100|[from] move: Magma Storm|[partiallytrapped]
|upkeep
|turn|39
|
|t:|1758336127
|move|p1a: Lapras|Protect|p1a: Lapras
|-singleturn|p1a: Lapras|Protect
|move|p2a: Heatran|Taunt|p1a: Lapras
|-activate|p1a: Lapras|move: Protect
|
|-heal|p2a: Heatran|18/100|[from] item: Leftovers
|-heal|p1a: Lapras|12/100|[from] item: Leftovers
|-damage|p2a: Heatran|5/100|[from] move: Whirlpool|[partiallytrapped]
|-damage|p1a: Lapras|0 fnt|[from] move: Magma Storm|[partiallytrapped]
|faint|p1a: Lapras
|upkeep
|
|t:|1758336139
|switch|p1a: Iron Jugulis|Iron Jugulis|70/100
|turn|40
|
|t:|1758336145
|move|p1a: Iron Jugulis|Dark Pulse|p2a: Heatran
|-damage|p2a: Heatran|0 fnt
|faint|p2a: Heatran
|
|upkeep
|
|t:|1758336150
|switch|p2a: Keldeo|Keldeo-Resolute|26/100
|-damage|p2a: Keldeo|20/100|[from] Stealth Rock
|turn|41
|
|t:|1758336159
|move|p2a: Keldeo|Secret Sword|p1a: Iron Jugulis
|-damage|p1a: Iron Jugulis|0 fnt
|faint|p1a: Iron Jugulis
|-end|p1a: Iron Jugulis|Quark Drive|[silent]
|
|upkeep
|
|t:|1758336163
|switch|p1a: Cryogonal|Cryogonal|72/100
|turn|42
|
|t:|1758336166
|move|p2a: Keldeo|Secret Sword|p1a: Cryogonal
|-supereffective|p1a: Cryogonal
|-damage|p1a: Cryogonal|0 fnt
|faint|p1a: Cryogonal
|
|upkeep
|
|t:|1758336169
|switch|p1a: Garganacl|Garganacl, F|77/100
|turn|43
|
|t:|1758336174
|-terastallize|p1a: Garganacl|Ghost
|move|p2a: Keldeo|Secret Sword|p1a: Garganacl
|-immune|p1a: Garganacl
|move|p1a: Garganacl|Body Press|p2a: Keldeo
|-damage|p2a: Keldeo|0 fnt
|faint|p2a: Keldeo
|
|upkeep
|
|t:|1758336178
|switch|p2a: Hydrapple|Hydrapple, F, tera:Fairy|100/100
|-damage|p2a: Hydrapple|88/100|[from] Stealth Rock
|turn|44
|
|t:|1758336185
|move|p2a: Hydrapple|Fickle Beam|p1a: Garganacl
|-damage|p1a: Garganacl|48/100
|move|p1a: Garganacl|Salt Cure|p2a: Hydrapple
|-damage|p2a: Hydrapple|80/100
|-start|p2a: Hydrapple|Salt Cure
|
|-damage|p2a: Hydrapple|68/100|[from] Salt Cure
|upkeep
|turn|45
|
|t:|1758336190
|move|p2a: Hydrapple|Fickle Beam|p1a: Garganacl
|-damage|p1a: Garganacl|15/100
|move|p1a: Garganacl|Recover|p1a: Garganacl
|-heal|p1a: Garganacl|65/100
|
|-damage|p2a: Hydrapple|55/100|[from] Salt Cure
|upkeep
|turn|46
|
|t:|1758336195
|move|p2a: Hydrapple|Fickle Beam|p1a: Garganacl
|-damage|p1a: Garganacl|34/100
|move|p1a: Garganacl|Recover|p1a: Garganacl
|-heal|p1a: Garganacl|84/100
|
|-damage|p2a: Hydrapple|43/100|[from] Salt Cure
|upkeep
|turn|47
|
|t:|1758336201
|move|p2a: Hydrapple|Fickle Beam|p1a: Garganacl
|-damage|p1a: Garganacl|53/100
|move|p1a: Garganacl|Salt Cure|p2a: Hydrapple
|-damage|p2a: Hydrapple|36/100
|
|-damage|p2a: Hydrapple|23/100|[from] Salt Cure
|upkeep
|turn|48
|
|t:|1758336208
|move|p2a: Hydrapple|Giga Drain|p1a: Garganacl
|-damage|p1a: Garganacl|23/100
|-heal|p2a: Hydrapple|38/100|[from] drain|[of] p1a: Garganacl
|move|p1a: Garganacl|Recover|p1a: Garganacl
|-heal|p1a: Garganacl|73/100
|
|-damage|p2a: Hydrapple|26/100|[from] Salt Cure
|upkeep
|turn|49
|
|t:|1758336214
|move|p2a: Hydrapple|Giga Drain|p1a: Garganacl
|-damage|p1a: Garganacl|45/100
|-heal|p2a: Hydrapple|39/100|[from] drain|[of] p1a: Garganacl
|move|p1a: Garganacl|Body Press|p2a: Hydrapple
|-resisted|p2a: Hydrapple
|-damage|p2a: Hydrapple|31/100
|-damage|p1a: Garganacl|29/100|[from] item: Rocky Helmet|[of] p2a: Hydrapple
|
|-damage|p2a: Hydrapple|19/100|[from] Salt Cure
|upkeep
|turn|50
|
|t:|1758336218
|move|p2a: Hydrapple|Giga Drain|p1a: Garganacl
|-damage|p1a: Garganacl|2/100
|-heal|p2a: Hydrapple|32/100|[from] drain|[of] p1a: Garganacl
|move|p1a: Garganacl|Recover|p1a: Garganacl
|-heal|p1a: Garganacl|52/100
|
|-damage|p2a: Hydrapple|20/100|[from] Salt Cure
|upkeep
|turn|51
|
|t:|1758336222
|move|p2a: Hydrapple|Giga Drain|p1a: Garganacl
|-damage|p1a: Garganacl|24/100
|-heal|p2a: Hydrapple|33/100|[from] drain|[of] p1a: Garganacl
|move|p1a: Garganacl|Recover|p1a: Garganacl
|-heal|p1a: Garganacl|74/100
|
|-damage|p2a: Hydrapple|21/100|[from] Salt Cure
|upkeep
|turn|52
|
|t:|1758336226
|move|p2a: Hydrapple|Giga Drain|p1a: Garganacl
|-damage|p1a: Garganacl|44/100
|-heal|p2a: Hydrapple|36/100|[from] drain|[of] p1a: Garganacl
|move|p1a: Garganacl|Salt Cure|p2a: Hydrapple
|-damage|p2a: Hydrapple|29/100
|
|-damage|p2a: Hydrapple|16/100|[from] Salt Cure
|upkeep
|turn|53
|
|t:|1758336234
|move|p2a: Hydrapple|Giga Drain|p1a: Garganacl
|-damage|p1a: Garganacl|15/100
|-heal|p2a: Hydrapple|30/100|[from] drain|[of] p1a: Garganacl
|move|p1a: Garganacl|Recover|p1a: Garganacl
|-heal|p1a: Garganacl|65/100
|
|-damage|p2a: Hydrapple|18/100|[from] Salt Cure
|upkeep
|turn|54
|
|t:|1758336243
|move|p2a: Hydrapple|Giga Drain|p1a: Garganacl
|-damage|p1a: Garganacl|38/100
|-heal|p2a: Hydrapple|31/100|[from] drain|[of] p1a: Garganacl
|move|p1a: Garganacl|Recover|p1a: Garganacl
|-heal|p1a: Garganacl|88/100
|
|-damage|p2a: Hydrapple|19/100|[from] Salt Cure
|upkeep
|turn|55
|
|t:|1758336250
|move|p2a: Hydrapple|Giga Drain|p1a: Garganacl
|-damage|p1a: Garganacl|62/100
|-heal|p2a: Hydrapple|32/100|[from] drain|[of] p1a: Garganacl
|move|p1a: Garganacl|Salt Cure|p2a: Hydrapple
|-damage|p2a: Hydrapple|24/100
|
|-damage|p2a: Hydrapple|12/100|[from] Salt Cure
|upkeep
|turn|56
|
|t:|1758336257
|move|p2a: Hydrapple|Giga Drain|p1a: Garganacl
|-damage|p1a: Garganacl|36/100
|-heal|p2a: Hydrapple|24/100|[from] drain|[of] p1a: Garganacl
|move|p1a: Garganacl|Salt Cure|p2a: Hydrapple
|-damage|p2a: Hydrapple|16/100
|
|-damage|p2a: Hydrapple|4/100|[from] Salt Cure
|upkeep
|turn|57
|
|t:|1758336264
|move|p2a: Hydrapple|Giga Drain|p1a: Garganacl
|-damage|p1a: Garganacl|8/100
|-heal|p2a: Hydrapple|17/100|[from] drain|[of] p1a: Garganacl
|move|p1a: Garganacl|Recover|p1a: Garganacl
|-heal|p1a: Garganacl|58/100
|
|-damage|p2a: Hydrapple|5/100|[from] Salt Cure
|upkeep
|turn|58
|
|t:|1758336271
|move|p2a: Hydrapple|Giga Drain|p1a: Garganacl
|-damage|p1a: Garganacl|29/100
|-heal|p2a: Hydrapple|19/100|[from] drain|[of] p1a: Garganacl
|move|p1a: Garganacl|Salt Cure|p2a: Hydrapple
|-damage|p2a: Hydrapple|11/100
|
|-damage|p2a: Hydrapple|0 fnt|[from] Salt Cure
|faint|p2a: Hydrapple
|
|win|Dabsito
|raw|Dabsito's rating: 1312 &rarr; <strong>1331</strong><br />(+19 for winning)
|raw|paidaxingxing's rating: 1298 &rarr; <strong>1274</strong><br />(-24 for losing)
|l|☆Dabsito
|player|p1|
|l|☆paidaxingxing
|player|p2|
