|j|☆Kaipro
|j|☆assssh
|t:|1758246976
|gametype|singles
|player|p1|Kaipro|#epl2023realaegislash|1490
|player|p2|assssh|2|1482
|gen|9
|tier|[Gen 9] OU
|rated|
|rule|HP Percentage Mod: HP is shown in percentages
|rule|Endless Battle Clause: Forcing endless battles is banned
|rule|Species Clause: Limit one of each Pokémon
|rule|OHKO Clause: OHKO moves are banned
|rule|Evasion Items Clause: Evasion items are banned
|rule|Evasion Moves Clause: Evasion moves are banned
|rule|Evasion Abilities Clause: Evasion abilities are banned
|rule|Sleep Moves Clause: Sleep-inducing moves are banned
|clearpoke
|poke|p1|Sinistcha|
|poke|p1|Gliscor, F|
|poke|p1|Tinkaton, F|
|poke|p1|Keldeo|
|poke|p1|Ting-Lu|
|poke|p1|Dragonite, F|
|poke|p2|Dragonite, F|
|poke|p2|Great Tusk|
|poke|p2|Gholdengo|
|poke|p2|Zapdos|
|poke|p2|Garganacl, M|
|poke|p2|Kleavor, M|
|teampreview
|
|t:|1758246983
|teamsize|p1|6
|teamsize|p2|6
|start
|switch|p1a: Tinkaton|Tinkaton, F|100/100
|switch|p2a: Kleavor|Kleavor, M|100/100
|-item|p1a: Tinkaton|Air Balloon
|turn|1
|
|t:|1758246993
|move|p1a: Tinkaton|Gigaton Hammer|p2a: Kleavor
|-supereffective|p2a: Kleavor
|-enditem|p2a: Kleavor|Focus Sash
|-damage|p2a: Kleavor|1/100
|move|p2a: Kleavor|Tailwind|p2a: Kleavor
|-sidestart|p2: assssh|move: Tailwind
|
|upkeep
|turn|2
|
|t:|1758247014
|move|p2a: Kleavor|Stone Axe|p1a: Tinkaton
|-resisted|p1a: Tinkaton
|-damage|p1a: Tinkaton|74/100
|-enditem|p1a: Tinkaton|Air Balloon
|-sidestart|p1: Kaipro|move: Stealth Rock
|move|p1a: Tinkaton|Stealth Rock|p2a: Kleavor
|-sidestart|p2: assssh|move: Stealth Rock
|
|upkeep
|turn|3
|
|t:|1758247022
|move|p2a: Kleavor|Close Combat|p1a: Tinkaton
|-damage|p1a: Tinkaton|27/100
|-unboost|p2a: Kleavor|def|1
|-unboost|p2a: Kleavor|spd|1
|move|p1a: Tinkaton|Thunder Wave|p2a: Kleavor
|-status|p2a: Kleavor|par
|
|upkeep
|turn|4
|
|t:|1758247026
|switch|p1a: Gliscor|Gliscor, F|100/100
|-damage|p1a: Gliscor|88/100|[from] Stealth Rock
|move|p2a: Kleavor|Close Combat|p1a: Gliscor
|-resisted|p1a: Gliscor
|-damage|p1a: Gliscor|72/100
|-unboost|p2a: Kleavor|def|1
|-unboost|p2a: Kleavor|spd|1
|
|-sideend|p2: assssh|move: Tailwind
|-status|p1a: Gliscor|tox|[from] item: Toxic Orb
|upkeep
|turn|5
|
|t:|1758247029
|move|p1a: Gliscor|Swords Dance|p1a: Gliscor
|-boost|p1a: Gliscor|atk|2
|cant|p2a: Kleavor|par
|
|-heal|p1a: Gliscor|84/100 tox|[from] ability: Poison Heal
|upkeep
|turn|6
|
|t:|1758247032
|move|p1a: Gliscor|Swords Dance|p1a: Gliscor
|-boost|p1a: Gliscor|atk|2
|cant|p2a: Kleavor|par
|
|-heal|p1a: Gliscor|97/100 tox|[from] ability: Poison Heal
|upkeep
|turn|7
|
|t:|1758247035
|move|p1a: Gliscor|Swords Dance|p1a: Gliscor
|-boost|p1a: Gliscor|atk|2
|move|p2a: Kleavor|Tailwind|p2a: Kleavor
|-sidestart|p2: assssh|move: Tailwind
|
|-heal|p1a: Gliscor|100/100 tox|[from] ability: Poison Heal
|upkeep
|turn|8
|
|t:|1758247039
|move|p1a: Gliscor|Protect|p1a: Gliscor
|-singleturn|p1a: Gliscor|Protect
|move|p2a: Kleavor|Stone Axe|p1a: Gliscor
|-activate|p1a: Gliscor|move: Protect
|
|upkeep
|turn|9
|
|t:|1758247041
|move|p1a: Gliscor|Swords Dance|p1a: Gliscor
|-boost|p1a: Gliscor|atk|0
|move|p2a: Kleavor|Stone Axe|p1a: Gliscor
|-damage|p1a: Gliscor|57/100 tox
|
|-heal|p1a: Gliscor|70/100 tox|[from] ability: Poison Heal
|upkeep
|turn|10
|
|t:|1758247045
|move|p1a: Gliscor|Protect|p1a: Gliscor
|-singleturn|p1a: Gliscor|Protect
|cant|p2a: Kleavor|par
|
|-heal|p1a: Gliscor|82/100 tox|[from] ability: Poison Heal
|-sideend|p2: assssh|move: Tailwind
|upkeep
|turn|11
|
|t:|1758247047
|move|p1a: Gliscor|Facade|p2a: Kleavor
|-resisted|p2a: Kleavor
|-damage|p2a: Kleavor|0 fnt
|faint|p2a: Kleavor
|
|-heal|p1a: Gliscor|95/100 tox|[from] ability: Poison Heal
|upkeep
|
|t:|1758247051
|switch|p2a: Great Tusk|Great Tusk|100/100
|-damage|p2a: Great Tusk|98/100|[from] Stealth Rock
|-enditem|p2a: Great Tusk|Booster Energy
|-activate|p2a: Great Tusk|ability: Protosynthesis|[fromitem]
|-start|p2a: Great Tusk|protosynthesisatk
|turn|12
|
|t:|1758247058
|-terastallize|p1a: Gliscor|Normal
|-terastallize|p2a: Great Tusk|Fighting
|move|p1a: Gliscor|Facade|p2a: Great Tusk
|-damage|p2a: Great Tusk|0 fnt
|faint|p2a: Great Tusk
|-end|p2a: Great Tusk|Protosynthesis|[silent]
|
|-heal|p1a: Gliscor|100/100 tox|[from] ability: Poison Heal
|upkeep
|-message|assssh forfeited.
|
|win|Kaipro
|raw|Kaipro's rating: 1490 &rarr; <strong>1510</strong><br />(+20 for winning)
|raw|assssh's rating: 1482 &rarr; <strong>1462</strong><br />(-20 for losing)
|l|☆assssh
|player|p2|
