|j|☆MrDrProfFuckface
|j|☆C0nway
|t:|1758344552
|gametype|singles
|player|p1|MrDrProfFuckface|swimmer-gen4dp|1449
|player|p2|C0nway|blaine|1433
|gen|9
|tier|[Gen 9] OU
|rated|
|rule|HP Percentage Mod: HP is shown in percentages
|rule|Endless Battle Clause: Forcing endless battles is banned
|rule|Species Clause: Limit one of each Pokémon
|rule|OHKO Clause: OHKO moves are banned
|rule|Evasion Items Clause: Evasion items are banned
|rule|Evasion Moves Clause: Evasion moves are banned
|rule|Evasion Abilities Clause: Evasion abilities are banned
|rule|Sleep Moves Clause: Sleep-inducing moves are banned
|clearpoke
|poke|p1|Raging Bolt|
|poke|p1|Great Tusk|
|poke|p1|Muk-Alola, M|
|poke|p1|Dondozo, M|
|poke|p1|Ceruledge, F|
|poke|p1|Hatterene, F|
|poke|p2|Hatterene, F|
|poke|p2|Ursaluna, M|
|poke|p2|Dragapult, F|
|poke|p2|Ogerpon-Wellspring, F|
|poke|p2|Gliscor, F|
|poke|p2|Scizor, M|
|teampreview
|inactive|Battle timer is ON: inactive players will automatically lose when time's up. (requested by MrDrProfFuckface)
|inactive|MrDrProfFuckface has 120 seconds left.
|
|t:|1758344587
|teamsize|p1|6
|teamsize|p2|6
|start
|switch|p1a: Muk|Muk-Alola, M, shiny|100/100
|switch|p2a: Dragapult|Dragapult, F|100/100
|turn|1
|
|t:|1758344599
|move|p2a: Dragapult|Draco Meteor|p1a: Muk
|-damage|p1a: Muk|52/100
|-unboost|p2a: Dragapult|spa|2
|move|p1a: Muk|Knock Off|p2a: Dragapult
|-supereffective|p2a: Dragapult
|-damage|p2a: Dragapult|0 fnt
|-enditem|p2a: Dragapult|Choice Specs|[from] move: Knock Off|[of] p1a: Muk
|faint|p2a: Dragapult
|
|upkeep
|
|t:|1758344611
|switch|p2a: Ogerpon|Ogerpon-Wellspring, F|100/100
|turn|2
|
|t:|1758344624
|switch|p1a: Raging Bolt|Raging Bolt|100/100
|move|p2a: Ogerpon|Swords Dance|p2a: Ogerpon
|-boost|p2a: Ogerpon|atk|2
|
|upkeep
|turn|3
|
|t:|1758344635
|move|p2a: Ogerpon|Ivy Cudgel|p1a: Raging Bolt|[anim] Ivy Cudgel Water
|-resisted|p1a: Raging Bolt
|-damage|p1a: Raging Bolt|49/100
|move|p1a: Raging Bolt|Volt Switch|p2a: Ogerpon
|-damage|p2a: Ogerpon|27/100
|
|t:|1758344651
|-end|p1a: Raging Bolt|Protosynthesis|[silent]
|switch|p1a: Ceruledge|Ceruledge, F, shiny|100/100|[from] Volt Switch
|
|upkeep
|turn|4
|inactive|C0nway has 120 seconds left.
|
|t:|1758344701
|move|p2a: Ogerpon|Synthesis|p2a: Ogerpon
|-heal|p2a: Ogerpon|77/100
|move|p1a: Ceruledge|Bitter Blade|p2a: Ogerpon
|-damage|p2a: Ogerpon|10/100
|
|upkeep
|turn|5
|
|t:|1758344712
|move|p2a: Ogerpon|Ivy Cudgel|p1a: Ceruledge|[anim] Ivy Cudgel Water
|-supereffective|p1a: Ceruledge
|-enditem|p1a: Ceruledge|Focus Sash
|-damage|p1a: Ceruledge|1/100
|-ability|p1a: Ceruledge|Weak Armor|boost
|-unboost|p1a: Ceruledge|def|1
|-boost|p1a: Ceruledge|spe|2
|move|p1a: Ceruledge|Bitter Blade|p2a: Ogerpon
|-damage|p2a: Ogerpon|0 fnt
|-heal|p1a: Ceruledge|6/100|[from] drain|[of] p2a: Ogerpon
|faint|p2a: Ogerpon
|
|upkeep
|
|t:|1758344718
|switch|p2a: Scizor|Scizor, M|100/100
|turn|6
|
|t:|1758344724
|move|p2a: Scizor|Bullet Punch|p1a: Ceruledge
|-resisted|p1a: Ceruledge
|-damage|p1a: Ceruledge|0 fnt
|faint|p1a: Ceruledge
|-damage|p2a: Scizor|91/100|[from] item: Life Orb
|
|upkeep
|
|t:|1758344740
|switch|p1a: Dondozo|Dondozo, M, shiny|100/100
|turn|7
|
|t:|1758344751
|move|p2a: Scizor|Knock Off|p1a: Dondozo
|-damage|p1a: Dondozo|74/100
|-enditem|p1a: Dondozo|Covert Cloak|[from] move: Knock Off|[of] p2a: Scizor
|-damage|p2a: Scizor|81/100|[from] item: Life Orb
|move|p1a: Dondozo|Curse|p1a: Dondozo
|-unboost|p1a: Dondozo|spe|1
|-boost|p1a: Dondozo|atk|1
|-boost|p1a: Dondozo|def|1
|
|upkeep
|turn|8
|
|t:|1758344762
|move|p2a: Scizor|U-turn|p1a: Dondozo
|-damage|p1a: Dondozo|52/100
|-damage|p2a: Scizor|71/100|[from] item: Life Orb
|
|t:|1758344765
|switch|p2a: Gliscor|Gliscor, F|100/100|[from] U-turn
|move|p1a: Dondozo|Curse|p1a: Dondozo
|-unboost|p1a: Dondozo|spe|1
|-boost|p1a: Dondozo|atk|1
|-boost|p1a: Dondozo|def|1
|
|-status|p2a: Gliscor|tox|[from] item: Toxic Orb
|upkeep
|turn|9
|
|t:|1758344773
|move|p2a: Gliscor|Toxic|p1a: Dondozo
|-status|p1a: Dondozo|tox
|move|p1a: Dondozo|Rest|p1a: Dondozo
|-status|p1a: Dondozo|slp|[from] move: Rest
|-heal|p1a: Dondozo|100/100 slp|[silent]
|
|upkeep
|turn|10
|
|t:|1758344793
|switch|p2a: Ursaluna|Ursaluna, M|100/100
|cant|p1a: Dondozo|slp
|move|p1a: Dondozo|Sleep Talk|p1a: Dondozo
|move|p1a: Dondozo|Curse|p1a: Dondozo|[from] move: Sleep Talk
|-unboost|p1a: Dondozo|spe|1
|-boost|p1a: Dondozo|atk|1
|-boost|p1a: Dondozo|def|1
|
|-status|p2a: Ursaluna|brn|[from] item: Flame Orb
|upkeep
|turn|11
|
|t:|1758344806
|-terastallize|p2a: Ursaluna|Normal
|move|p2a: Ursaluna|Facade|p1a: Dondozo
|-damage|p1a: Dondozo|60/100 slp
|cant|p1a: Dondozo|slp
|move|p1a: Dondozo|Sleep Talk|p1a: Dondozo
|move|p1a: Dondozo|Wave Crash|p2a: Ursaluna|[from] move: Sleep Talk
|-damage|p2a: Ursaluna|22/100 brn
|-damage|p1a: Dondozo|37/100 slp|[from] Recoil
|
|-damage|p2a: Ursaluna|16/100 brn|[from] brn
|upkeep
|turn|12
|inactive|C0nway has 120 seconds left.
|
|t:|1758344833
|move|p2a: Ursaluna|Facade|p1a: Dondozo
|-damage|p1a: Dondozo|0 fnt
|faint|p1a: Dondozo
|
|-damage|p2a: Ursaluna|10/100 brn|[from] brn
|upkeep
|
|t:|1758344842
|switch|p1a: Great Tusk|Great Tusk, shiny|100/100
|turn|13
|inactive|C0nway has 120 seconds left.
|
|t:|1758344850
|switch|p2a: Scizor|Scizor, M|71/100
|move|p1a: Great Tusk|Close Combat|p2a: Scizor
|-damage|p2a: Scizor|0 fnt
|-unboost|p1a: Great Tusk|def|1
|-unboost|p1a: Great Tusk|spd|1
|faint|p2a: Scizor
|-enditem|p1a: Great Tusk|Eject Pack
|
|t:|1758344868
|-end|p1a: Great Tusk|Protosynthesis|[silent]
|switch|p1a: Raging Bolt|Raging Bolt|49/100
|
|upkeep
|
|t:|1758344874
|switch|p2a: Hatterene|Hatterene, F, shiny|100/100
|turn|14
|
|t:|1758344884
|move|p1a: Raging Bolt|Volt Switch|p2a: Hatterene
|-damage|p2a: Hatterene|31/100
|
|t:|1758344888
|-end|p1a: Raging Bolt|Protosynthesis|[silent]
|switch|p1a: Muk|Muk-Alola, M, shiny|52/100|[from] Volt Switch
|move|p2a: Hatterene|Trick Room|p2a: Hatterene
|-fieldstart|move: Trick Room|[of] p2a: Hatterene
|
|-heal|p2a: Hatterene|37/100|[from] item: Leftovers
|upkeep
|turn|15
|inactive|C0nway has 120 seconds left.
|
|t:|1758344911
|move|p2a: Hatterene|Draining Kiss|p1a: Muk
|-damage|p1a: Muk|39/100
|-heal|p2a: Hatterene|50/100|[from] drain|[of] p1a: Muk
|move|p1a: Muk|Knock Off|p2a: Hatterene
|-damage|p2a: Hatterene|12/100
|-enditem|p2a: Hatterene|Leftovers|[from] move: Knock Off|[of] p1a: Muk
|
|upkeep
|turn|16
|inactive|C0nway has 120 seconds left.
|
|t:|1758344924
|move|p1a: Muk|Shadow Sneak|p2a: Hatterene
|-supereffective|p2a: Hatterene
|-damage|p2a: Hatterene|0 fnt
|faint|p2a: Hatterene
|
|upkeep
|
|t:|1758344928
|switch|p2a: Ursaluna|Ursaluna, M, tera:Normal|10/100 brn
|turn|17
|
|t:|1758344936
|switch|p1a: Raging Bolt|Raging Bolt|49/100
|move|p2a: Ursaluna|Facade|p1a: Raging Bolt
|-damage|p1a: Raging Bolt|0 fnt
|faint|p1a: Raging Bolt
|-end|p1a: Raging Bolt|Protosynthesis|[silent]
|
|-damage|p2a: Ursaluna|4/100 brn|[from] brn
|upkeep
|
|t:|1758344945
|switch|p1a: Hatterene|Hatterene, F, shiny|100/100
|turn|18
|
|t:|1758344950
|move|p1a: Hatterene|Draining Kiss|p2a: Ursaluna
|-damage|p2a: Ursaluna|0 fnt
|faint|p2a: Ursaluna
|
|-fieldend|move: Trick Room
|upkeep
|
|t:|1758344954
|switch|p2a: Gliscor|Gliscor, F|100/100 tox
|turn|19
|
|t:|1758344965
|move|p2a: Gliscor|Facade|p1a: Hatterene
|-damage|p1a: Hatterene|50/100
|move|p1a: Hatterene|Draining Kiss|p2a: Gliscor
|-damage|p2a: Gliscor|63/100 tox
|-heal|p1a: Hatterene|81/100|[from] drain|[of] p2a: Gliscor
|
|-heal|p2a: Gliscor|76/100 tox|[from] ability: Poison Heal
|upkeep
|turn|20
|
|t:|1758344977
|move|p2a: Gliscor|Earthquake|p1a: Hatterene
|-damage|p1a: Hatterene|30/100
|move|p1a: Hatterene|Draining Kiss|p2a: Gliscor
|-damage|p2a: Gliscor|39/100 tox
|-heal|p1a: Hatterene|61/100|[from] drain|[of] p2a: Gliscor
|
|-heal|p2a: Gliscor|52/100 tox|[from] ability: Poison Heal
|upkeep
|turn|21
|
|t:|1758344994
|move|p2a: Gliscor|Earthquake|p1a: Hatterene
|-damage|p1a: Hatterene|12/100
|move|p1a: Hatterene|Draining Kiss|p2a: Gliscor
|-damage|p2a: Gliscor|12/100 tox
|-heal|p1a: Hatterene|45/100|[from] drain|[of] p2a: Gliscor
|
|-heal|p2a: Gliscor|25/100 tox|[from] ability: Poison Heal
|upkeep
|turn|22
|
|t:|1758345000
|move|p2a: Gliscor|Earthquake|p1a: Hatterene
|-damage|p1a: Hatterene|0 fnt
|faint|p1a: Hatterene
|
|-heal|p2a: Gliscor|37/100 tox|[from] ability: Poison Heal
|upkeep
|
|t:|1758345003
|switch|p1a: Great Tusk|Great Tusk, shiny|100/100
|turn|23
|
|t:|1758345012
|move|p2a: Gliscor|Earthquake|p1a: Great Tusk
|-damage|p1a: Great Tusk|74/100
|move|p1a: Great Tusk|Ice Spinner|p2a: Gliscor
|-supereffective|p2a: Gliscor
|-damage|p2a: Gliscor|0 fnt
|faint|p2a: Gliscor
|
|win|MrDrProfFuckface
|raw|MrDrProfFuckface's rating: 1449 &rarr; <strong>1468</strong><br />(+19 for winning)
|raw|C0nway's rating: 1433 &rarr; <strong>1414</strong><br />(-19 for losing)
|l|☆C0nway
|player|p2|
|l|☆MrDrProfFuckface
|player|p1|
