|j|☆peanu1
|j|☆mantikarp2.0
|t:|1758254875
|gametype|singles
|player|p1|peanu1|265|1410
|player|p2|mantikarp2.0|medium|1494
|gen|9
|tier|[Gen 9] OU
|rated|
|rule|HP Percentage Mod: HP is shown in percentages
|rule|Endless Battle Clause: Forcing endless battles is banned
|rule|Species Clause: Limit one of each Pokémon
|rule|OHKO Clause: OHKO moves are banned
|rule|Evasion Items Clause: Evasion items are banned
|rule|Evasion Moves Clause: Evasion moves are banned
|rule|Evasion Abilities Clause: Evasion abilities are banned
|rule|Sleep Moves Clause: Sleep-inducing moves are banned
|clearpoke
|poke|p1|Alomomola, M|
|poke|p1|Weezing-Galar, F|
|poke|p1|Gliscor, M|
|poke|p1|Scizor, F|
|poke|p1|Raging Bolt|
|poke|p1|Zamazenta-*|
|poke|p2|Excadrill, M|
|poke|p2|Tyranitar, M|
|poke|p2|Ting-Lu|
|poke|p2|Ogerpon-Cornerstone, F|
|poke|p2|Raging Bolt|
|poke|p2|Enamorus, F|
|teampreview
|j| Ske
|
|t:|1758254915
|teamsize|p1|6
|teamsize|p2|6
|start
|switch|p1a: Alomomola|Alomomola, M|100/100
|switch|p2a: Tyranitar|Tyranitar, M|100/100
|-weather|Sandstorm|[from] ability: Sand Stream|[of] p2a: Tyranitar
|turn|1
|
|t:|1758254921
|move|p1a: Alomomola|Flip Turn|p2a: Tyranitar
|-supereffective|p2a: Tyranitar
|-damage|p2a: Tyranitar|76/100
|inactive|Battle timer is ON: inactive players will automatically lose when time's up. (requested by mantikarp2.0)
|
|t:|1758254946
|switch|p1a: Weezing|Weezing-Galar, F|100/100|[from] Flip Turn
|-ability|p1a: Weezing|Neutralizing Gas
|move|p2a: Tyranitar|Stealth Rock|p1a: Weezing
|-sidestart|p1: peanu1|move: Stealth Rock
|
|-weather|Sandstorm|[upkeep]
|-damage|p1a: Weezing|95/100|[from] Sandstorm
|upkeep
|turn|2
|inactive|mantikarp2.0 has 120 seconds left.
|
|t:|1758254978
|move|p1a: Weezing|Will-O-Wisp|p2a: Tyranitar
|-status|p2a: Tyranitar|brn
|move|p2a: Tyranitar|Knock Off|p1a: Weezing
|-resisted|p1a: Weezing
|-damage|p1a: Weezing|87/100
|-enditem|p1a: Weezing|Heavy-Duty Boots|[from] move: Knock Off|[of] p2a: Tyranitar
|
|-weather|Sandstorm|[upkeep]
|-damage|p1a: Weezing|81/100|[from] Sandstorm
|-damage|p2a: Tyranitar|70/100 brn|[from] brn
|upkeep
|turn|3
|inactive|mantikarp2.0 has 120 seconds left.
|
|t:|1758255008
|switch|p2a: Ting-Lu|Ting-Lu|100/100
|move|p1a: Weezing|Defog|p2a: Ting-Lu
|-unboost|p2a: Ting-Lu|evasion|1
|-sideend|p1: peanu1|Stealth Rock|[from] move: Defog|[of] p1a: Weezing
|
|-weather|Sandstorm|[upkeep]
|-damage|p1a: Weezing|75/100|[from] Sandstorm
|upkeep
|turn|4
|l| Ske
|
|t:|1758255017
|move|p1a: Weezing|Will-O-Wisp|p2a: Ting-Lu
|-status|p2a: Ting-Lu|brn
|move|p2a: Ting-Lu|Earthquake|p1a: Weezing
|-supereffective|p1a: Weezing
|-damage|p1a: Weezing|49/100
|
|-weather|Sandstorm|[upkeep]
|-damage|p1a: Weezing|43/100|[from] Sandstorm
|-damage|p2a: Ting-Lu|94/100 brn|[from] brn
|upkeep
|turn|5
|
|t:|1758255021
|move|p1a: Weezing|Pain Split|p2a: Ting-Lu
|-sethp|p2a: Ting-Lu|61/100 brn|[from] move: Pain Split|[silent]
|-sethp|p1a: Weezing|94/100|[from] move: Pain Split
|move|p2a: Ting-Lu|Spikes|p1a: Weezing
|-sidestart|p1: peanu1|Spikes
|
|-weather|Sandstorm|[upkeep]
|-damage|p1a: Weezing|88/100|[from] Sandstorm
|-damage|p2a: Ting-Lu|55/100 brn|[from] brn
|upkeep
|turn|6
|j| Ske
|inactive|mantikarp2.0 has 120 seconds left.
|
|t:|1758255040
|-end|p1a: Weezing|ability: Neutralizing Gas
|-ability|p2a: Ting-Lu|Vessel of Ruin
|switch|p1a: Gliscor|Gliscor, M|100/100
|move|p2a: Ting-Lu|Earthquake|p1a: Gliscor
|-immune|p1a: Gliscor
|
|-weather|Sandstorm|[upkeep]
|-damage|p2a: Ting-Lu|49/100 brn|[from] brn
|-status|p1a: Gliscor|tox|[from] item: Toxic Orb
|upkeep
|turn|7
|
|t:|1758255061
|move|p1a: Gliscor|Stealth Rock|p2a: Ting-Lu
|-sidestart|p2: mantikarp2.0|move: Stealth Rock
|move|p2a: Ting-Lu|Whirlwind|p1a: Gliscor
|drag|p1a: Weezing|Weezing-Galar, F|88/100
|-ability|p1a: Weezing|Neutralizing Gas
|-damage|p1a: Weezing|75/100|[from] Spikes
|
|-weather|Sandstorm|[upkeep]
|-damage|p1a: Weezing|69/100|[from] Sandstorm
|-damage|p2a: Ting-Lu|42/100 brn|[from] brn
|upkeep
|turn|8
|
|t:|1758255074
|-end|p1a: Weezing|ability: Neutralizing Gas
|-ability|p2a: Ting-Lu|Vessel of Ruin
|switch|p1a: Gliscor|Gliscor, M|100/100 tox
|switch|p2a: Raging Bolt|Raging Bolt|100/100
|-damage|p2a: Raging Bolt|88/100|[from] Stealth Rock
|-enditem|p2a: Raging Bolt|Booster Energy
|-activate|p2a: Raging Bolt|ability: Protosynthesis|[fromitem]
|-start|p2a: Raging Bolt|protosynthesisspa
|
|-weather|none
|upkeep
|turn|9
|
|t:|1758255087
|move|p2a: Raging Bolt|Calm Mind|p2a: Raging Bolt
|-boost|p2a: Raging Bolt|spa|1
|-boost|p2a: Raging Bolt|spd|1
|move|p1a: Gliscor|Earthquake|p2a: Raging Bolt
|-supereffective|p2a: Raging Bolt
|-damage|p2a: Raging Bolt|28/100
|
|upkeep
|turn|10
|
|t:|1758255106
|switch|p1a: Weezing|Weezing-Galar, F|69/100
|-ability|p1a: Weezing|Neutralizing Gas
|-damage|p1a: Weezing|57/100|[from] Spikes
|move|p2a: Raging Bolt|Draco Meteor|p1a: Weezing
|-immune|p1a: Weezing
|
|upkeep
|turn|11
|
|t:|1758255118
|move|p2a: Raging Bolt|Thunderclap||[still]
|-fail|p2a: Raging Bolt
|move|p1a: Weezing|Will-O-Wisp|p2a: Raging Bolt|[miss]
|-miss|p1a: Weezing|p2a: Raging Bolt
|
|upkeep
|turn|12
|
|t:|1758255125
|move|p2a: Raging Bolt|Thunderbolt|p1a: Weezing
|-damage|p1a: Weezing|0 fnt
|faint|p1a: Weezing
|-end|p1a: Weezing|ability: Neutralizing Gas
|
|upkeep
|
|t:|1758255140
|switch|p1a: Zamazenta|Zamazenta|100/100
|-damage|p1a: Zamazenta|88/100|[from] Spikes
|-ability|p1a: Zamazenta|Dauntless Shield|boost
|-boost|p1a: Zamazenta|def|1
|turn|13
|
|t:|1758255145
|move|p2a: Raging Bolt|Thunderclap||[still]
|-fail|p2a: Raging Bolt
|move|p1a: Zamazenta|Substitute|p1a: Zamazenta
|-start|p1a: Zamazenta|Substitute
|-damage|p1a: Zamazenta|63/100
|
|-heal|p1a: Zamazenta|69/100|[from] item: Leftovers
|upkeep
|turn|14
|
|t:|1758255158
|move|p2a: Raging Bolt|Thunderclap|p1a: Zamazenta
|-end|p1a: Zamazenta|Substitute
|move|p1a: Zamazenta|Body Press|p2a: Raging Bolt
|-damage|p2a: Raging Bolt|0 fnt
|faint|p2a: Raging Bolt
|-end|p2a: Raging Bolt|Protosynthesis|[silent]
|
|-heal|p1a: Zamazenta|75/100|[from] item: Leftovers
|upkeep
|inactive|mantikarp2.0 has 120 seconds left.
|
|t:|1758255191
|switch|p2a: Enamorus|Enamorus, F|100/100
|-damage|p2a: Enamorus|76/100|[from] Stealth Rock
|turn|15
|
|t:|1758255199
|switch|p1a: Alomomola|Alomomola, M|100/100
|-damage|p1a: Alomomola|88/100|[from] Spikes
|move|p2a: Enamorus|Moonblast|p1a: Alomomola
|-damage|p1a: Alomomola|58/100
|-unboost|p1a: Alomomola|spa|1
|
|upkeep
|turn|16
|
|t:|1758255208
|switch|p2a: Tyranitar|Tyranitar, M|70/100 brn
|-damage|p2a: Tyranitar|58/100 brn|[from] Stealth Rock
|-weather|Sandstorm|[from] ability: Sand Stream|[of] p2a: Tyranitar
|move|p1a: Alomomola|Body Slam|p2a: Tyranitar
|-resisted|p2a: Tyranitar
|-damage|p2a: Tyranitar|51/100 brn
|
|-weather|Sandstorm|[upkeep]
|-damage|p1a: Alomomola|52/100|[from] Sandstorm
|-damage|p2a: Tyranitar|45/100 brn|[from] brn
|upkeep
|turn|17
|
|t:|1758255212
|move|p1a: Alomomola|Flip Turn|p2a: Tyranitar
|-supereffective|p2a: Tyranitar
|-damage|p2a: Tyranitar|18/100 brn
|
|t:|1758255217
|switch|p1a: Gliscor|Gliscor, M|100/100 tox|[from] Flip Turn
|move|p2a: Tyranitar|Stealth Rock|p1a: Gliscor
|-sidestart|p1: peanu1|move: Stealth Rock
|
|-weather|Sandstorm|[upkeep]
|-damage|p2a: Tyranitar|12/100 brn|[from] brn
|upkeep
|turn|18
|
|t:|1758255227
|move|p1a: Gliscor|Earthquake|p2a: Tyranitar
|-supereffective|p2a: Tyranitar
|-damage|p2a: Tyranitar|0 fnt
|faint|p2a: Tyranitar
|
|-weather|Sandstorm|[upkeep]
|upkeep
|
|t:|1758255238
|switch|p2a: Excadrill|Excadrill, M|100/100
|-damage|p2a: Excadrill|97/100|[from] Stealth Rock
|turn|19
|
|t:|1758255261
|-terastallize|p2a: Excadrill|Flying
|move|p2a: Excadrill|Swords Dance|p2a: Excadrill
|-boost|p2a: Excadrill|atk|2
|move|p1a: Gliscor|Earthquake|p2a: Excadrill
|-immune|p2a: Excadrill
|
|-weather|Sandstorm|[upkeep]
|upkeep
|turn|20
|
|t:|1758255269
|move|p2a: Excadrill|Rapid Spin|p1a: Gliscor
|-damage|p1a: Gliscor|74/100 tox
|-boost|p2a: Excadrill|spe|1
|-sideend|p2: mantikarp2.0|Stealth Rock|[from] move: Rapid Spin|[of] p2a: Excadrill
|move|p1a: Gliscor|Toxic|p2a: Excadrill
|-status|p2a: Excadrill|tox
|
|-weather|Sandstorm|[upkeep]
|-damage|p2a: Excadrill|91/100 tox|[from] psn
|-heal|p1a: Gliscor|86/100 tox|[from] ability: Poison Heal
|upkeep
|turn|21
|
|t:|1758255275
|move|p1a: Gliscor|Protect|p1a: Gliscor
|-singleturn|p1a: Gliscor|Protect
|move|p2a: Excadrill|Iron Head|p1a: Gliscor
|-activate|p1a: Gliscor|move: Protect
|
|-weather|Sandstorm|[upkeep]
|-damage|p2a: Excadrill|79/100 tox|[from] psn
|-heal|p1a: Gliscor|99/100 tox|[from] ability: Poison Heal
|upkeep
|turn|22
|
|t:|1758255291
|move|p2a: Excadrill|Iron Head|p1a: Gliscor
|-crit|p1a: Gliscor
|-damage|p1a: Gliscor|8/100 tox
|move|p1a: Gliscor|Stealth Rock|p2a: Excadrill
|-sidestart|p2: mantikarp2.0|move: Stealth Rock
|
|-weather|Sandstorm|[upkeep]
|-damage|p2a: Excadrill|61/100 tox|[from] psn
|-heal|p1a: Gliscor|21/100 tox|[from] ability: Poison Heal
|upkeep
|turn|23
|
|t:|1758255295
|move|p1a: Gliscor|Protect|p1a: Gliscor
|-singleturn|p1a: Gliscor|Protect
|move|p2a: Excadrill|Swords Dance|p2a: Excadrill
|-boost|p2a: Excadrill|atk|2
|
|-weather|none
|-damage|p2a: Excadrill|37/100 tox|[from] psn
|-heal|p1a: Gliscor|33/100 tox|[from] ability: Poison Heal
|upkeep
|turn|24
|
|t:|1758255315
|switch|p1a: Zamazenta|Zamazenta|75/100
|-damage|p1a: Zamazenta|63/100|[from] Spikes
|-damage|p1a: Zamazenta|57/100|[from] Stealth Rock
|move|p2a: Excadrill|Rapid Spin|p1a: Zamazenta
|-crit|p1a: Zamazenta
|-damage|p1a: Zamazenta|0 fnt
|-boost|p2a: Excadrill|spe|1
|-sideend|p2: mantikarp2.0|Stealth Rock|[from] move: Rapid Spin|[of] p2a: Excadrill
|faint|p1a: Zamazenta
|
|-damage|p2a: Excadrill|6/100 tox|[from] psn
|upkeep
|
|t:|1758255318
|switch|p1a: Scizor|Scizor, F|100/100
|-damage|p1a: Scizor|88/100|[from] Spikes
|-damage|p1a: Scizor|76/100|[from] Stealth Rock
|turn|25
|
|t:|1758255330
|move|p1a: Scizor|Bullet Punch|p2a: Excadrill
|-crit|p2a: Excadrill
|-damage|p2a: Excadrill|0 fnt
|faint|p2a: Excadrill
|
|upkeep
|
|t:|1758255332
|switch|p2a: Ogerpon|Ogerpon-Cornerstone, F|100/100
|turn|26
|
|t:|1758255358
|switch|p1a: Gliscor|Gliscor, M|33/100 tox
|-damage|p1a: Gliscor|21/100 tox|[from] Stealth Rock
|move|p2a: Ogerpon|Ivy Cudgel|p1a: Gliscor|[anim] Ivy Cudgel Rock
|-damage|p1a: Gliscor|0 fnt
|faint|p1a: Gliscor
|
|upkeep
|inactive|peanu1 has 120 seconds left.
|
|t:|1758255379
|switch|p1a: Raging Bolt|Raging Bolt|100/100
|-damage|p1a: Raging Bolt|88/100|[from] Spikes
|-damage|p1a: Raging Bolt|75/100|[from] Stealth Rock
|turn|27
|
|t:|1758255388
|move|p2a: Ogerpon|Ivy Cudgel|p1a: Raging Bolt|[anim] Ivy Cudgel Rock
|-crit|p1a: Raging Bolt
|-damage|p1a: Raging Bolt|0 fnt
|faint|p1a: Raging Bolt
|-end|p1a: Raging Bolt|Protosynthesis|[silent]
|
|upkeep
|c|☆peanu1|nice'
|
|t:|1758255400
|switch|p1a: Alomomola|Alomomola, M|86/100
|-damage|p1a: Alomomola|73/100|[from] Spikes
|-damage|p1a: Alomomola|61/100|[from] Stealth Rock
|turn|28
|c|☆mantikarp2.0|lol
|
|t:|1758255405
|-terastallize|p1a: Alomomola|Fairy
|move|p2a: Ogerpon|Power Whip|p1a: Alomomola
|-damage|p1a: Alomomola|11/100
|move|p1a: Alomomola|Body Slam|p2a: Ogerpon
|-resisted|p2a: Ogerpon
|-damage|p2a: Ogerpon|91/100
|-status|p2a: Ogerpon|par
|
|upkeep
|turn|29
|
|t:|1758255410
|move|p2a: Ogerpon|Ivy Cudgel|p1a: Alomomola|[anim] Ivy Cudgel Rock
|-damage|p1a: Alomomola|0 fnt
|faint|p1a: Alomomola
|
|upkeep
|
|t:|1758255413
|switch|p1a: Scizor|Scizor, F|76/100
|-damage|p1a: Scizor|64/100|[from] Spikes
|-damage|p1a: Scizor|52/100|[from] Stealth Rock
|turn|30
|
|t:|1758255434
|move|p1a: Scizor|Dual Wingbeat|p2a: Ogerpon
|-damage|p2a: Ogerpon|58/100 par
|-damage|p2a: Ogerpon|26/100 par
|-hitcount|p2a: Ogerpon|2
|move|p2a: Ogerpon|Ivy Cudgel|p1a: Scizor|[anim] Ivy Cudgel Rock
|-damage|p1a: Scizor|0 fnt
|faint|p1a: Scizor
|
|win|mantikarp2.0
|raw|peanu1's rating: 1410 &rarr; <strong>1395</strong><br />(-15 for losing)
|raw|mantikarp2.0's rating: 1494 &rarr; <strong>1509</strong><br />(+15 for winning)
|l|☆peanu1
|player|p1|
|c|☆mantikarp2.0|why no bp
|c|☆mantikarp2.0|he threw
|c| Ske|Crazy
