|j|☆Rlortek
|j|☆xshupuppy
|t:|1758286241
|gametype|singles
|player|p1|Rlortek|ethan|1372
|player|p2|xshupuppy|170|1397
|gen|9
|tier|[Gen 9] OU
|rated|
|rule|HP Percentage Mod: HP is shown in percentages
|rule|Endless Battle Clause: Forcing endless battles is banned
|rule|Species Clause: Limit one of each Pokémon
|rule|OHKO Clause: OHKO moves are banned
|rule|Evasion Items Clause: Evasion items are banned
|rule|Evasion Moves Clause: Evasion moves are banned
|rule|Evasion Abilities Clause: Evasion abilities are banned
|rule|Sleep Moves Clause: Sleep-inducing moves are banned
|clearpoke
|poke|p1|Landorus-Therian, M|
|poke|p1|Sinistcha|
|poke|p1|Tinkaton, F|
|poke|p1|Moltres|
|poke|p1|Samurott-Hisui, M|
|poke|p1|Hydreigon, M|
|poke|p2|Kleavor, F|
|poke|p2|Brambleghast, F|
|poke|p2|Moltres|
|poke|p2|Mamoswine, F|
|poke|p2|Pecharunt|
|poke|p2|Kingambit, F|
|teampreview
|
|t:|1758286265
|teamsize|p1|6
|teamsize|p2|6
|start
|switch|p1a: Smile.exe|Tinkaton, F, shiny|100/100
|switch|p2a: Kleavor|Kleavor, F|100/100
|-item|p1a: Smile.exe|Air Balloon
|turn|1
|
|t:|1758286272
|switch|p2a: Pecharunt|Pecharunt|100/100
|-item|p2a: Pecharunt|Air Balloon
|move|p1a: Smile.exe|Stealth Rock|p2a: Pecharunt
|-sidestart|p2: xshupuppy|move: Stealth Rock
|
|upkeep
|turn|2
|
|t:|1758286281
|move|p1a: Smile.exe|Gigaton Hammer|p2a: Pecharunt
|-damage|p2a: Pecharunt|61/100
|-enditem|p2a: Pecharunt|Air Balloon
|move|p2a: Pecharunt|Shadow Ball|p1a: Smile.exe
|-damage|p1a: Smile.exe|64/100
|-enditem|p1a: Smile.exe|Air Balloon
|
|upkeep
|turn|3
|
|t:|1758286300
|switch|p1a: Jack Sparrow|Samurott-Hisui, M, shiny|100/100
|move|p2a: Pecharunt|Shadow Ball|p1a: Jack Sparrow
|-resisted|p1a: Jack Sparrow
|-damage|p1a: Jack Sparrow|75/100
|
|upkeep
|turn|4
|
|t:|1758286322
|switch|p2a: Kleavor|Kleavor, F|100/100
|-damage|p2a: Kleavor|76/100|[from] Stealth Rock
|move|p1a: Jack Sparrow|Flip Turn|p2a: Kleavor
|-supereffective|p2a: Kleavor
|-damage|p2a: Kleavor|4/100
|
|t:|1758286330
|switch|p1a: Hybrid|Hydreigon, M, shiny|100/100|[from] Flip Turn
|
|upkeep
|turn|5
|
|t:|1758286336
|move|p1a: Hybrid|Dark Pulse|p2a: Kleavor
|-damage|p2a: Kleavor|0 fnt
|faint|p2a: Kleavor
|
|upkeep
|
|t:|1758286348
|switch|p2a: Mamoswine|Mamoswine, F|100/100
|-damage|p2a: Mamoswine|88/100|[from] Stealth Rock
|turn|6
|
|t:|1758286355
|switch|p1a: Phoenix|Moltres, shiny|100/100
|move|p2a: Mamoswine|Icicle Crash|p1a: Phoenix
|-damage|p1a: Phoenix|58/100
|
|upkeep
|turn|7
|
|t:|1758286367
|switch|p2a: Moltres|Moltres|100/100
|move|p1a: Phoenix|Flamethrower|p2a: Moltres
|-resisted|p2a: Moltres
|-damage|p2a: Moltres|78/100
|
|upkeep
|turn|8
|
|t:|1758286373
|move|p2a: Moltres|Tailwind|p2a: Moltres
|-sidestart|p2: xshupuppy|move: Tailwind
|move|p1a: Phoenix|Roost|p1a: Phoenix
|-heal|p1a: Phoenix|100/100
|-singleturn|p1a: Phoenix|move: Roost
|
|upkeep
|turn|9
|
|t:|1758286383
|move|p2a: Moltres|Hurricane|p1a: Phoenix
|-damage|p1a: Phoenix|51/100
|-start|p1a: Phoenix|confusion
|-activate|p1a: Phoenix|confusion
|move|p1a: Phoenix|U-turn|p2a: Moltres
|-resisted|p2a: Moltres
|-damage|p2a: Moltres|75/100
|
|t:|1758286393
|switch|p1a: Hybrid|Hydreigon, M, shiny|100/100|[from] U-turn
|
|upkeep
|turn|10
|
|t:|1758286402
|move|p2a: Moltres|Hurricane|p1a: Hybrid
|-damage|p1a: Hybrid|35/100
|move|p1a: Hybrid|Dark Pulse|p2a: Moltres
|-damage|p2a: Moltres|4/100
|
|upkeep
|turn|11
|
|t:|1758286410
|switch|p1a: Smile.exe|Tinkaton, F, shiny|64/100
|move|p2a: Moltres|Hurricane|p1a: Smile.exe
|-resisted|p1a: Smile.exe
|-damage|p1a: Smile.exe|34/100
|
|-sideend|p2: xshupuppy|move: Tailwind
|upkeep
|turn|12
|
|t:|1758286415
|move|p1a: Smile.exe|Gigaton Hammer|p2a: Moltres
|-resisted|p2a: Moltres
|-damage|p2a: Moltres|0 fnt
|faint|p2a: Moltres
|
|upkeep
|
|t:|1758286425
|switch|p2a: Brambleghast|Brambleghast, F, shiny|100/100
|-damage|p2a: Brambleghast|88/100|[from] Stealth Rock
|turn|13
|
|t:|1758286429
|move|p1a: Smile.exe|Ice Hammer|p2a: Brambleghast
|-supereffective|p2a: Brambleghast
|-damage|p2a: Brambleghast|0 fnt
|-unboost|p1a: Smile.exe|spe|1
|faint|p2a: Brambleghast
|
|upkeep
|
|t:|1758286435
|switch|p2a: Kingambit|Kingambit, F|100/100
|-damage|p2a: Kingambit|94/100|[from] Stealth Rock
|-activate|p2a: Kingambit|ability: Supreme Overlord
|-start|p2a: Kingambit|fallen3|[silent]
|turn|14
|
|t:|1758286439
|switch|p1a: Enten|Landorus-Therian, M, shiny|100/100
|-ability|p1a: Enten|Intimidate|boost
|-unboost|p2a: Kingambit|atk|1
|move|p2a: Kingambit|Swords Dance|p2a: Kingambit
|-boost|p2a: Kingambit|atk|2
|
|upkeep
|turn|15
|
|t:|1758286443
|-terastallize|p2a: Kingambit|Dark
|move|p1a: Enten|Earthquake|p2a: Kingambit
|-damage|p2a: Kingambit|49/100
|move|p2a: Kingambit|Swords Dance|p2a: Kingambit
|-boost|p2a: Kingambit|atk|2
|
|upkeep
|turn|16
|
|t:|1758286448
|move|p1a: Enten|Earthquake|p2a: Kingambit
|-damage|p2a: Kingambit|0 fnt
|faint|p2a: Kingambit
|-end|p2a: Kingambit|fallen3|[silent]
|
|upkeep
|-message|xshupuppy forfeited.
|
|win|Rlortek
|raw|Rlortek's rating: 1372 &rarr; <strong>1393</strong><br />(+21 for winning)
|raw|xshupuppy's rating: 1397 &rarr; <strong>1376</strong><br />(-21 for losing)
|l|☆xshupuppy
|player|p2|
|l|☆Rlortek
|player|p1|
