|j|☆yawax
|j|☆itoshiflwr
|t:|1758295386
|gametype|singles
|player|p1|yawax|170|1509
|player|p2|itoshiflwr|burnet|1445
|gen|9
|tier|[Gen 9] OU
|rated|
|rule|HP Percentage Mod: HP is shown in percentages
|rule|Endless Battle Clause: Forcing endless battles is banned
|rule|Species Clause: Limit one of each Pokémon
|rule|OHKO Clause: OHKO moves are banned
|rule|Evasion Items Clause: Evasion items are banned
|rule|Evasion Moves Clause: Evasion moves are banned
|rule|Evasion Abilities Clause: Evasion abilities are banned
|rule|Sleep Moves Clause: Sleep-inducing moves are banned
|clearpoke
|poke|p1|Ceruledge, F|
|poke|p1|Iron Valiant|
|poke|p1|Dragonite, M|
|poke|p1|Ogerpon-Wellspring, F|
|poke|p1|Pecharunt|
|poke|p1|Tinkaton, F|
|poke|p2|Dragapult, F|
|poke|p2|Glastrier|
|poke|p2|Tinkaton, F|
|poke|p2|Ting-Lu|
|poke|p2|Iron Hands|
|poke|p2|Moltres|
|teampreview
|
|t:|1758295393
|teamsize|p1|6
|teamsize|p2|6
|start
|switch|p1a: Ceruledge|Ceruledge, F, shiny|100/100
|switch|p2a: Dragapult|Dragapult, F|100/100
|turn|1
|
|t:|1758295402
|move|p2a: Dragapult|Thunder Wave|p1a: Ceruledge
|-status|p1a: Ceruledge|par
|move|p1a: Ceruledge|Swords Dance|p1a: Ceruledge
|-boost|p1a: Ceruledge|atk|2
|
|upkeep
|turn|2
|
|t:|1758295414
|-terastallize|p2a: Dragapult|Fairy
|move|p1a: Ceruledge|Shadow Sneak|p2a: Dragapult
|-damage|p2a: Dragapult|47/100
|move|p2a: Dragapult|Hex|p1a: Ceruledge
|-supereffective|p1a: Ceruledge
|-enditem|p1a: Ceruledge|Focus Sash
|-damage|p1a: Ceruledge|1/100 par
|
|upkeep
|turn|3
|
|t:|1758295422
|switch|p2a: Moltres|Moltres|100/100
|move|p1a: Ceruledge|Shadow Sneak|p2a: Moltres
|-damage|p2a: Moltres|75/100
|
|upkeep
|turn|4
|
|t:|1758295434
|move|p1a: Ceruledge|Shadow Sneak|p2a: Moltres
|-damage|p2a: Moltres|45/100
|move|p2a: Moltres|U-turn|p1a: Ceruledge
|-resisted|p1a: Ceruledge
|-damage|p1a: Ceruledge|0 fnt
|faint|p1a: Ceruledge
|
|t:|1758295439
|switch|p2a: Dragapult|Dragapult, F, tera:Fairy|47/100|[from] U-turn
|
|upkeep
|
|t:|1758295443
|switch|p1a: Tinkaton|Tinkaton, F, shiny|100/100
|-item|p1a: Tinkaton|Air Balloon
|turn|5
|
|t:|1758295448
|move|p2a: Dragapult|Thunder Wave|p1a: Tinkaton
|-status|p1a: Tinkaton|par
|move|p1a: Tinkaton|Stealth Rock|p2a: Dragapult
|-sidestart|p2: itoshiflwr|move: Stealth Rock
|
|upkeep
|turn|6
|
|t:|1758295456
|switch|p2a: Moltres|Moltres|45/100
|move|p1a: Tinkaton|Thunder Wave|p2a: Moltres
|-status|p2a: Moltres|par
|
|upkeep
|turn|7
|
|t:|1758295471
|switch|p1a: Pecharunt|Pecharunt|100/100
|cant|p2a: Moltres|par
|
|upkeep
|turn|8
|
|t:|1758295483
|move|p1a: Pecharunt|Shadow Ball|p2a: Moltres
|-damage|p2a: Moltres|17/100 par
|move|p2a: Moltres|Roost|p2a: Moltres
|-heal|p2a: Moltres|68/100 par
|-singleturn|p2a: Moltres|move: Roost
|
|upkeep
|turn|9
|
|t:|1758295492
|switch|p2a: Ting-Lu|Ting-Lu|100/100
|-damage|p2a: Ting-Lu|94/100|[from] Stealth Rock
|-ability|p2a: Ting-Lu|Vessel of Ruin
|move|p1a: Pecharunt|Parting Shot|p2a: Ting-Lu
|-unboost|p2a: Ting-Lu|atk|1
|-unboost|p2a: Ting-Lu|spa|1
|
|t:|1758295499
|switch|p1a: Ogerpon|Ogerpon-Wellspring, F|100/100|[from] Parting Shot
|
|-heal|p2a: Ting-Lu|100/100|[from] item: Leftovers
|upkeep
|turn|10
|
|t:|1758295511
|switch|p2a: Iron Hands|Iron Hands|100/100
|move|p1a: Ogerpon|Knock Off|p2a: Iron Hands
|-resisted|p2a: Iron Hands
|-damage|p2a: Iron Hands|87/100
|-enditem|p2a: Iron Hands|Heavy-Duty Boots|[from] move: Knock Off|[of] p1a: Ogerpon
|
|upkeep
|turn|11
|
|t:|1758295528
|switch|p1a: Pecharunt|Pecharunt|100/100
|move|p2a: Iron Hands|Thunder Punch|p1a: Pecharunt
|-damage|p1a: Pecharunt|80/100
|
|upkeep
|turn|12
|
|t:|1758295535
|-end|p2a: Iron Hands|Quark Drive|[silent]
|switch|p2a: Ting-Lu|Ting-Lu|100/100
|-damage|p2a: Ting-Lu|94/100|[from] Stealth Rock
|-ability|p2a: Ting-Lu|Vessel of Ruin
|move|p1a: Pecharunt|Malignant Chain|p2a: Ting-Lu
|-resisted|p2a: Ting-Lu
|-damage|p2a: Ting-Lu|88/100
|
|-heal|p2a: Ting-Lu|94/100|[from] item: Leftovers
|upkeep
|turn|13
|
|t:|1758295545
|move|p1a: Pecharunt|Malignant Chain|p2a: Ting-Lu
|-resisted|p2a: Ting-Lu
|-damage|p2a: Ting-Lu|88/100
|move|p2a: Ting-Lu|Spikes|p1a: Pecharunt
|-sidestart|p1: yawax|Spikes
|
|-heal|p2a: Ting-Lu|94/100|[from] item: Leftovers
|upkeep
|turn|14
|
|t:|1758295551
|switch|p2a: Tinkaton|Tinkaton, F|100/100
|-damage|p2a: Tinkaton|94/100|[from] Stealth Rock
|-item|p2a: Tinkaton|Air Balloon
|move|p1a: Pecharunt|Malignant Chain|p2a: Tinkaton
|-immune|p2a: Tinkaton
|
|upkeep
|turn|15
|
|t:|1758295559
|switch|p1a: Tinkaton|Tinkaton, F, shiny|100/100 par
|-item|p1a: Tinkaton|Air Balloon
|move|p2a: Tinkaton|Encore||[still]
|-fail|p2a: Tinkaton
|
|upkeep
|turn|16
|
|t:|1758295572
|move|p2a: Tinkaton|Gigaton Hammer|p1a: Tinkaton
|-damage|p1a: Tinkaton|53/100 par
|-enditem|p1a: Tinkaton|Air Balloon
|move|p1a: Tinkaton|Gigaton Hammer|p2a: Tinkaton
|-damage|p2a: Tinkaton|44/100
|-enditem|p2a: Tinkaton|Air Balloon
|
|upkeep
|turn|17
|
|t:|1758295583
|switch|p1a: Ogerpon|Ogerpon-Wellspring, F|100/100
|-damage|p1a: Ogerpon|88/100|[from] Spikes
|move|p2a: Tinkaton|Stealth Rock|p1a: Ogerpon
|-sidestart|p1: yawax|move: Stealth Rock
|
|upkeep
|turn|18
|
|t:|1758295601
|switch|p2a: Moltres|Moltres|68/100 par
|move|p1a: Ogerpon|Ivy Cudgel|p2a: Moltres|[anim] Ivy Cudgel Water
|-supereffective|p2a: Moltres
|-damage|p2a: Moltres|0 fnt
|faint|p2a: Moltres
|
|upkeep
|
|t:|1758295605
|switch|p2a: Dragapult|Dragapult, F, tera:Fairy|47/100
|turn|19
|
|t:|1758295613
|switch|p1a: Tinkaton|Tinkaton, F, shiny|53/100 par
|-damage|p1a: Tinkaton|41/100 par|[from] Spikes
|-damage|p1a: Tinkaton|34/100 par|[from] Stealth Rock
|move|p2a: Dragapult|U-turn|p1a: Tinkaton
|-resisted|p1a: Tinkaton
|-damage|p1a: Tinkaton|30/100 par
|-enditem|p2a: Dragapult|Heavy-Duty Boots|[silent]|[from] ability: Pickpocket|[of] p2a: Dragapult
|-item|p1a: Tinkaton|Heavy-Duty Boots|[from] ability: Pickpocket|[of] p2a: Dragapult
|
|t:|1758295618
|switch|p2a: Iron Hands|Iron Hands|87/100|[from] U-turn
|-damage|p2a: Iron Hands|81/100|[from] Stealth Rock
|
|upkeep
|turn|20
|
|t:|1758295629
|move|p2a: Iron Hands|Thunder Punch|p1a: Tinkaton
|-damage|p1a: Tinkaton|0 fnt
|faint|p1a: Tinkaton
|
|upkeep
|
|t:|1758295640
|switch|p1a: Iron Valiant|Iron Valiant|100/100
|turn|21
|
|t:|1758295647
|move|p1a: Iron Valiant|Calm Mind|p1a: Iron Valiant
|-boost|p1a: Iron Valiant|spa|1
|-boost|p1a: Iron Valiant|spd|1
|move|p2a: Iron Hands|Ice Punch|p1a: Iron Valiant
|-damage|p1a: Iron Valiant|61/100
|
|upkeep
|turn|22
|
|t:|1758295653
|move|p1a: Iron Valiant|Moonblast|p2a: Iron Hands
|-supereffective|p2a: Iron Hands
|-damage|p2a: Iron Hands|0 fnt
|faint|p2a: Iron Hands
|-end|p2a: Iron Hands|Quark Drive|[silent]
|
|upkeep
|
|t:|1758295658
|switch|p2a: Dragapult|Dragapult, F, tera:Fairy|47/100
|-damage|p2a: Dragapult|35/100|[from] Stealth Rock
|turn|23
|
|t:|1758295666
|-end|p1a: Iron Valiant|Quark Drive|[silent]
|switch|p1a: Pecharunt|Pecharunt|80/100
|move|p2a: Dragapult|Thunder Wave|p1a: Pecharunt
|-status|p1a: Pecharunt|par
|
|upkeep
|turn|24
|
|t:|1758295673
|move|p2a: Dragapult|Hex|p1a: Pecharunt
|-supereffective|p1a: Pecharunt
|-damage|p1a: Pecharunt|0 fnt
|faint|p1a: Pecharunt
|
|upkeep
|
|t:|1758295679
|switch|p1a: Dragonite|Dragonite, M|100/100
|-damage|p1a: Dragonite|76/100|[from] Stealth Rock
|turn|25
|
|t:|1758295696
|move|p1a: Dragonite|Extreme Speed|p2a: Dragapult
|-damage|p2a: Dragapult|0 fnt
|faint|p2a: Dragapult
|
|upkeep
|
|t:|1758295698
|switch|p2a: Glastrier|Glastrier|100/100
|turn|26
|
|t:|1758295707
|switch|p1a: Ogerpon|Ogerpon-Wellspring, F|88/100
|-damage|p1a: Ogerpon|76/100|[from] Spikes
|-damage|p1a: Ogerpon|64/100|[from] Stealth Rock
|move|p2a: Glastrier|Icicle Crash|p1a: Ogerpon
|-damage|p1a: Ogerpon|0 fnt
|faint|p1a: Ogerpon
|-ability|p2a: Glastrier|Chilling Neigh|boost
|-boost|p2a: Glastrier|atk|1
|
|upkeep
|
|t:|1758295726
|switch|p1a: Iron Valiant|Iron Valiant|61/100
|turn|27
|
|t:|1758295742
|switch|p2a: Ting-Lu|Ting-Lu|94/100
|-damage|p2a: Ting-Lu|88/100|[from] Stealth Rock
|-ability|p2a: Ting-Lu|Vessel of Ruin
|move|p1a: Iron Valiant|Moonblast|p2a: Ting-Lu
|-supereffective|p2a: Ting-Lu
|-damage|p2a: Ting-Lu|46/100
|-unboost|p2a: Ting-Lu|spa|1
|
|-heal|p2a: Ting-Lu|52/100|[from] item: Leftovers
|upkeep
|turn|28
|
|t:|1758295753
|move|p1a: Iron Valiant|Calm Mind|p1a: Iron Valiant
|-boost|p1a: Iron Valiant|spa|1
|-boost|p1a: Iron Valiant|spd|1
|move|p2a: Ting-Lu|Whirlwind|p1a: Iron Valiant
|-end|p1a: Iron Valiant|Quark Drive|[silent]
|drag|p1a: Dragonite|Dragonite, M|76/100
|-damage|p1a: Dragonite|51/100|[from] Stealth Rock
|
|-heal|p2a: Ting-Lu|59/100|[from] item: Leftovers
|upkeep
|turn|29
|
|t:|1758295769
|move|p1a: Dragonite|Brick Break|p2a: Ting-Lu
|-supereffective|p2a: Ting-Lu
|-damage|p2a: Ting-Lu|9/100
|move|p2a: Ting-Lu|Whirlwind|p1a: Dragonite
|drag|p1a: Iron Valiant|Iron Valiant|61/100
|
|-heal|p2a: Ting-Lu|15/100|[from] item: Leftovers
|upkeep
|turn|30
|
|t:|1758295783
|move|p1a: Iron Valiant|Calm Mind|p1a: Iron Valiant
|-boost|p1a: Iron Valiant|spa|1
|-boost|p1a: Iron Valiant|spd|1
|move|p2a: Ting-Lu|Earthquake|p1a: Iron Valiant
|-damage|p1a: Iron Valiant|13/100
|
|-heal|p2a: Ting-Lu|21/100|[from] item: Leftovers
|upkeep
|turn|31
|
|t:|1758295790
|move|p1a: Iron Valiant|Moonblast|p2a: Ting-Lu
|-supereffective|p2a: Ting-Lu
|-damage|p2a: Ting-Lu|0 fnt
|faint|p2a: Ting-Lu
|
|upkeep
|
|t:|1758295792
|switch|p2a: Glastrier|Glastrier|100/100
|turn|32
|inactive|Battle timer is ON: inactive players will automatically lose when time's up. (requested by yawax)
|
|t:|1758295803
|move|p1a: Iron Valiant|Moonblast|p2a: Glastrier
|-damage|p2a: Glastrier|36/100
|-unboost|p2a: Glastrier|spa|1
|move|p2a: Glastrier|High Horsepower|p1a: Iron Valiant
|-damage|p1a: Iron Valiant|0 fnt
|faint|p1a: Iron Valiant
|-end|p1a: Iron Valiant|Quark Drive|[silent]
|-ability|p2a: Glastrier|Chilling Neigh|boost
|-boost|p2a: Glastrier|atk|1
|
|upkeep
|
|t:|1758295811
|switch|p1a: Dragonite|Dragonite, M|51/100
|-damage|p1a: Dragonite|26/100|[from] Stealth Rock
|turn|33
|
|t:|1758295825
|-terastallize|p1a: Dragonite|Normal
|move|p1a: Dragonite|Extreme Speed|p2a: Glastrier
|-damage|p2a: Glastrier|0 fnt
|faint|p2a: Glastrier
|
|upkeep
|
|t:|1758295828
|switch|p2a: Tinkaton|Tinkaton, F|44/100
|-damage|p2a: Tinkaton|37/100|[from] Stealth Rock
|turn|34
|
|t:|1758295833
|move|p1a: Dragonite|Extreme Speed|p2a: Tinkaton
|-resisted|p2a: Tinkaton
|-damage|p2a: Tinkaton|0 fnt
|faint|p2a: Tinkaton
|
|win|yawax
|raw|yawax's rating: 1509 &rarr; <strong>1525</strong><br />(+16 for winning)
|raw|itoshiflwr's rating: 1445 &rarr; <strong>1429</strong><br />(-16 for losing)
|c|☆yawax|gg
|l|☆itoshiflwr
|player|p2|
|l|☆yawax
|player|p1|
