|j|☆smthrdm
|j|☆virtualrez
|t:|1758358513
|gametype|singles
|player|p1|smthrdm|266|1339
|player|p2|virtualrez|clerkf|1290
|gen|9
|tier|[Gen 9] OU
|rated|
|rule|HP Percentage Mod: HP is shown in percentages
|rule|Endless Battle Clause: Forcing endless battles is banned
|rule|Species Clause: Limit one of each Pokémon
|rule|OHKO Clause: OHKO moves are banned
|rule|Evasion Items Clause: Evasion items are banned
|rule|Evasion Moves Clause: Evasion moves are banned
|rule|Evasion Abilities Clause: Evasion abilities are banned
|rule|Sleep Moves Clause: Sleep-inducing moves are banned
|clearpoke
|poke|p1|Hitmontop, M|
|poke|p1|Iron Crown|
|poke|p1|Kyurem|
|poke|p1|Landorus-Therian, M|
|poke|p1|Corviknight, M|
|poke|p1|Dragonite, F|
|poke|p2|Sceptile, M|
|poke|p2|Magnezone|
|poke|p2|Primarina, M|
|poke|p2|Dragonite, M|
|poke|p2|Great Tusk|
|poke|p2|Moltres|
|teampreview
|
|t:|1758358556
|teamsize|p1|6
|teamsize|p2|6
|start
|switch|p1a: Hitmontop|Hitmontop, M|100/100
|switch|p2a: Great Tusk|Great Tusk|100/100
|turn|1
|
|t:|1758358564
|move|p2a: Great Tusk|Earthquake|p1a: Hitmontop
|-damage|p1a: Hitmontop|54/100
|move|p1a: Hitmontop|Triple Axel|p2a: Great Tusk
|-supereffective|p2a: Great Tusk
|-damage|p2a: Great Tusk|90/100
|-damage|p1a: Hitmontop|37/100|[from] item: Rocky Helmet|[of] p2a: Great Tusk
|-supereffective|p2a: Great Tusk
|-damage|p2a: Great Tusk|71/100
|-damage|p1a: Hitmontop|21/100|[from] item: Rocky Helmet|[of] p2a: Great Tusk
|-supereffective|p2a: Great Tusk
|-damage|p2a: Great Tusk|42/100
|-damage|p1a: Hitmontop|4/100|[from] item: Rocky Helmet|[of] p2a: Great Tusk
|-hitcount|p2a: Great Tusk|3
|
|upkeep
|turn|2
|
|t:|1758358587
|switch|p1a: Corviknight|Corviknight, M|100/100
|-ability|p1a: Corviknight|Pressure
|move|p2a: Great Tusk|Rapid Spin|p1a: Corviknight
|-resisted|p1a: Corviknight
|-damage|p1a: Corviknight|96/100
|-boost|p2a: Great Tusk|spe|1
|-damage|p2a: Great Tusk|26/100|[from] item: Rocky Helmet|[of] p1a: Corviknight
|
|upkeep
|turn|3
|
|t:|1758358599
|move|p2a: Great Tusk|Knock Off|p1a: Corviknight
|-damage|p1a: Corviknight|79/100
|-damage|p2a: Great Tusk|9/100|[from] item: Rocky Helmet|[of] p1a: Corviknight
|-enditem|p1a: Corviknight|Rocky Helmet|[from] move: Knock Off|[of] p2a: Great Tusk
|move|p1a: Corviknight|U-turn|p2a: Great Tusk
|-resisted|p2a: Great Tusk
|-damage|p2a: Great Tusk|6/100
|-damage|p1a: Corviknight|63/100|[from] item: Rocky Helmet|[of] p2a: Great Tusk
|
|t:|1758358615
|switch|p1a: Hitmontop|Hitmontop, M|4/100|[from] U-turn
|
|upkeep
|turn|4
|
|t:|1758358621
|move|p1a: Hitmontop|Mach Punch|p2a: Great Tusk
|-damage|p2a: Great Tusk|0 fnt
|-damage|p1a: Hitmontop|0 fnt|[from] item: Rocky Helmet|[of] p2a: Great Tusk
|faint|p2a: Great Tusk
|-end|p2a: Great Tusk|Protosynthesis|[silent]
|faint|p1a: Hitmontop
|
|upkeep
|
|t:|1758358635
|switch|p2a: Moltres|Moltres, shiny|100/100
|switch|p1a: Iron Crown|Iron Crown|100/100
|turn|5
|
|t:|1758358641
|move|p1a: Iron Crown|Volt Switch|p2a: Moltres
|-supereffective|p2a: Moltres
|-damage|p2a: Moltres|50/100
|
|t:|1758358646
|-end|p1a: Iron Crown|Quark Drive|[silent]
|switch|p1a: Kyurem|Kyurem|100/100|[from] Volt Switch
|-ability|p1a: Kyurem|Pressure
|move|p2a: Moltres|Will-O-Wisp|p1a: Kyurem
|-status|p1a: Kyurem|brn
|
|-damage|p1a: Kyurem|94/100 brn|[from] brn
|upkeep
|turn|6
|
|t:|1758358658
|switch|p2a: Magnezone|Magnezone, shiny|100/100
|move|p1a: Kyurem|Freeze-Dry|p2a: Magnezone
|-resisted|p2a: Magnezone
|-damage|p2a: Magnezone|92/100
|
|-heal|p1a: Kyurem|100/100 brn|[from] item: Leftovers
|-damage|p1a: Kyurem|94/100 brn|[from] brn
|upkeep
|turn|7
|
|t:|1758358671
|move|p1a: Kyurem|Earth Power|p2a: Magnezone
|-supereffective|p2a: Magnezone
|-damage|p2a: Magnezone|35/100
|move|p2a: Magnezone|Flash Cannon|p1a: Kyurem
|-supereffective|p1a: Kyurem
|-damage|p1a: Kyurem|28/100 brn
|
|-heal|p1a: Kyurem|34/100 brn|[from] item: Leftovers
|-damage|p1a: Kyurem|28/100 brn|[from] brn
|upkeep
|turn|8
|inactive|Battle timer is ON: inactive players will automatically lose when time's up. (requested by virtualrez)
|
|t:|1758358697
|switch|p2a: Dragonite|Dragonite, M|100/100
|move|p1a: Kyurem|Earth Power|p2a: Dragonite
|-immune|p2a: Dragonite
|
|-heal|p1a: Kyurem|34/100 brn|[from] item: Leftovers
|-damage|p1a: Kyurem|28/100 brn|[from] brn
|upkeep
|turn|9
|
|t:|1758358705
|move|p2a: Dragonite|Extreme Speed|p1a: Kyurem
|-damage|p1a: Kyurem|0 fnt
|faint|p1a: Kyurem
|
|upkeep
|
|t:|1758358713
|switch|p1a: Corviknight|Corviknight, M|63/100
|-ability|p1a: Corviknight|Pressure
|turn|10
|
|t:|1758358720
|switch|p2a: Magnezone|Magnezone, shiny|35/100
|move|p1a: Corviknight|U-turn|p2a: Magnezone
|-resisted|p2a: Magnezone
|-damage|p2a: Magnezone|28/100
|
|t:|1758358738
|switch|p1a: Dragonite|Dragonite, F|100/100|[from] U-turn
|
|upkeep
|turn|11
|
|t:|1758358745
|move|p1a: Dragonite|Fire Punch|p2a: Magnezone
|-supereffective|p2a: Magnezone
|-damage|p2a: Magnezone|0 fnt
|faint|p2a: Magnezone
|
|upkeep
|
|t:|1758358756
|switch|p2a: Moltres|Moltres, shiny|50/100
|turn|12
|
|t:|1758358762
|move|p1a: Dragonite|Scale Shot|p2a: Moltres
|-damage|p2a: Moltres|40/100
|-damage|p2a: Moltres|28/100
|-damage|p2a: Moltres|18/100
|-damage|p2a: Moltres|7/100
|-damage|p2a: Moltres|0 fnt
|faint|p2a: Moltres
|-hitcount|p2: Moltres|5
|-unboost|p1a: Dragonite|def|1
|-boost|p1a: Dragonite|spe|1
|
|upkeep
|
|t:|1758358784
|switch|p2a: Primarina|Primarina, M, shiny|100/100
|turn|13
|
|t:|1758358800
|switch|p1a: Iron Crown|Iron Crown|100/100
|move|p2a: Primarina|Draining Kiss|p1a: Iron Crown
|-resisted|p1a: Iron Crown
|-damage|p1a: Iron Crown|94/100
|
|upkeep
|turn|14
|
|t:|1758358813
|switch|p2a: Sceptile|Sceptile, M, shiny|100/100
|move|p1a: Iron Crown|Future Sight|p2a: Sceptile
|-start|p1a: Iron Crown|move: Future Sight
|
|upkeep
|turn|15
|
|t:|1758358836
|-end|p1a: Iron Crown|Quark Drive|[silent]
|switch|p1a: Corviknight|Corviknight, M|63/100
|-ability|p1a: Corviknight|Pressure
|move|p2a: Sceptile|Earthquake|p1a: Corviknight
|-immune|p1a: Corviknight
|
|upkeep
|turn|16
|
|t:|1758358856
|-terastallize|p2a: Sceptile|Ice
|move|p2a: Sceptile|Tera Blast|p1a: Corviknight|[anim] Tera Blast Ice
|-damage|p1a: Corviknight|27/100
|move|p1a: Corviknight|U-turn|p2a: Sceptile
|-damage|p2a: Sceptile|78/100
|
|t:|1758358876
|switch|p1a: Landorus|Landorus-Therian, M|100/100|[from] U-turn
|-ability|p1a: Landorus|Intimidate|boost
|-unboost|p2a: Sceptile|atk|1
|
|-end|p2a: Sceptile|move: Future Sight
|-damage|p2a: Sceptile|0 fnt
|faint|p2a: Sceptile
|upkeep
|inactive|virtualrez has 120 seconds left.
|
|t:|1758358905
|switch|p2a: Primarina|Primarina, M, shiny|100/100
|turn|17
|inactive|virtualrez has 120 seconds left.
|
|t:|1758358929
|move|p1a: Landorus|U-turn|p2a: Primarina
|-resisted|p2a: Primarina
|-damage|p2a: Primarina|89/100
|inactive|smthrdm has 120 seconds left.
|
|t:|1758358950
|switch|p1a: Iron Crown|Iron Crown|94/100|[from] U-turn
|move|p2a: Primarina|Calm Mind|p2a: Primarina
|-boost|p2a: Primarina|spa|1
|-boost|p2a: Primarina|spd|1
|
|-heal|p2a: Primarina|95/100|[from] item: Leftovers
|upkeep
|turn|18
|inactive|smthrdm has 120 seconds left.
|
|t:|1758358962
|move|p1a: Iron Crown|Volt Switch|p2a: Primarina
|-supereffective|p2a: Primarina
|-damage|p2a: Primarina|67/100
|
|t:|1758358963
|-end|p1a: Iron Crown|Quark Drive|[silent]
|switch|p1a: Dragonite|Dragonite, F|100/100|[from] Volt Switch
|move|p2a: Primarina|Calm Mind|p2a: Primarina
|-boost|p2a: Primarina|spa|1
|-boost|p2a: Primarina|spd|1
|
|-heal|p2a: Primarina|74/100|[from] item: Leftovers
|upkeep
|turn|19
|
|t:|1758358971
|move|p1a: Dragonite|Encore|p2a: Primarina
|-start|p2a: Primarina|Encore
|move|p2a: Primarina|Calm Mind|p2a: Primarina
|-boost|p2a: Primarina|spa|1
|-boost|p2a: Primarina|spd|1
|
|-heal|p2a: Primarina|80/100|[from] item: Leftovers
|upkeep
|turn|20
|
|t:|1758358978
|switch|p2a: Dragonite|Dragonite, M|100/100
|move|p1a: Dragonite|Dragon Dance|p1a: Dragonite
|-boost|p1a: Dragonite|atk|1
|-boost|p1a: Dragonite|spe|1
|
|upkeep
|turn|21
|
|t:|1758358989
|move|p1a: Dragonite|Scale Shot|p2a: Dragonite
|-supereffective|p2a: Dragonite
|-damage|p2a: Dragonite|78/100
|-supereffective|p2a: Dragonite
|-damage|p2a: Dragonite|31/100
|-supereffective|p2a: Dragonite
|-damage|p2a: Dragonite|0 fnt
|faint|p2a: Dragonite
|-hitcount|p2: Dragonite|3
|-unboost|p1a: Dragonite|def|1
|-boost|p1a: Dragonite|spe|1
|
|upkeep
|-message|virtualrez forfeited.
|
|win|smthrdm
|raw|smthrdm's rating: 1339 &rarr; <strong>1356</strong><br />(+17 for winning)
|raw|virtualrez's rating: 1290 &rarr; <strong>1269</strong><br />(-21 for losing)
|l|☆virtualrez
|player|p2|
|l|☆smthrdm
|player|p1|
