|j|☆pejelegante
|j|☆morton cologne
|t:|1758235032
|gametype|singles
|player|p1|pejelegante|hugh|1254
|player|p2|morton cologne|170|1225
|gen|9
|tier|[Gen 9] OU
|rated|
|rule|HP Percentage Mod: HP is shown in percentages
|rule|Endless Battle Clause: Forcing endless battles is banned
|rule|Species Clause: Limit one of each Pokémon
|rule|OHKO Clause: OHKO moves are banned
|rule|Evasion Items Clause: Evasion items are banned
|rule|Evasion Moves Clause: Evasion moves are banned
|rule|Evasion Abilities Clause: Evasion abilities are banned
|rule|Sleep Moves Clause: Sleep-inducing moves are banned
|clearpoke
|poke|p1|Lokix, M|
|poke|p1|Enamorus, F|
|poke|p1|Empoleon, F|
|poke|p1|Iron Treads|
|poke|p1|Gholdengo|
|poke|p1|Cinderace, M|
|poke|p2|Tyranitar, F|
|poke|p2|Zapdos|
|poke|p2|Dragapult, F|
|poke|p2|Gholdengo|
|poke|p2|Blastoise, M|
|poke|p2|Iron Valiant|
|teampreview
|inactive|Battle timer is ON: inactive players will automatically lose when time's up. (requested by pejelegante)
|
|t:|1758235037
|teamsize|p1|6
|teamsize|p2|6
|start
|switch|p1a: Cinderace|Cinderace, M|100/100
|switch|p2a: Blastoise|Blastoise, M|100/100
|turn|1
|
|t:|1758235040
|move|p1a: Cinderace|U-turn|p2a: Blastoise
|-start|p1a: Cinderace|typechange|Bug|[from] ability: Libero
|-damage|p2a: Blastoise|42/100
|
|t:|1758235042
|switch|p1a: Empoleon|Empoleon, F|100/100|[from] U-turn
|move|p2a: Blastoise|Surf|p1a: Empoleon
|-resisted|p1a: Empoleon
|-damage|p1a: Empoleon|87/100
|
|-heal|p1a: Empoleon|93/100|[from] item: Leftovers
|upkeep
|turn|2
|
|t:|1758235047
|move|p2a: Blastoise|Aura Sphere|p1a: Empoleon
|-supereffective|p1a: Empoleon
|-damage|p1a: Empoleon|61/100
|move|p1a: Empoleon|Stealth Rock|p2a: Blastoise
|-sidestart|p2: morton cologne|move: Stealth Rock
|
|-heal|p1a: Empoleon|67/100|[from] item: Leftovers
|upkeep
|turn|3
|
|t:|1758235054
|switch|p1a: Gholdengo|Gholdengo|100/100
|-item|p1a: Gholdengo|Air Balloon
|move|p2a: Blastoise|Aura Sphere|p1a: Gholdengo
|-immune|p1a: Gholdengo
|
|upkeep
|turn|4
|
|t:|1758235061
|move|p1a: Gholdengo|Shadow Ball|p2a: Blastoise
|-damage|p2a: Blastoise|0 fnt
|faint|p2a: Blastoise
|
|upkeep
|
|t:|1758235070
|switch|p2a: Zapdos|Zapdos|100/100
|turn|5
|
|t:|1758235074
|move|p1a: Gholdengo|Shadow Ball|p2a: Zapdos
|-damage|p2a: Zapdos|59/100
|move|p2a: Zapdos|Heat Wave|p1a: Gholdengo
|-supereffective|p1a: Gholdengo
|-damage|p1a: Gholdengo|16/100
|-enditem|p1a: Gholdengo|Air Balloon
|
|upkeep
|turn|6
|
|t:|1758235084
|move|p1a: Gholdengo|Shadow Ball|p2a: Zapdos
|-damage|p2a: Zapdos|20/100
|move|p2a: Zapdos|Discharge|p1a: Gholdengo
|-damage|p1a: Gholdengo|0 fnt
|faint|p1a: Gholdengo
|
|upkeep
|
|t:|1758235100
|switch|p1a: Enamorus|Enamorus, F|100/100
|turn|7
|
|t:|1758235107
|move|p1a: Enamorus|Mystical Fire|p2a: Zapdos
|-damage|p2a: Zapdos|0 fnt
|faint|p2a: Zapdos
|
|upkeep
|
|t:|1758235109
|switch|p2a: Tyranitar|Tyranitar, F|100/100
|-damage|p2a: Tyranitar|88/100|[from] Stealth Rock
|-weather|Sandstorm|[from] ability: Sand Stream|[of] p2a: Tyranitar
|turn|8
|
|t:|1758235114
|switch|p1a: Iron Treads|Iron Treads|100/100
|move|p2a: Tyranitar|Stealth Rock|p1a: Iron Treads
|-sidestart|p1: pejelegante|move: Stealth Rock
|
|-weather|Sandstorm|[upkeep]
|upkeep
|turn|9
|
|t:|1758235120
|move|p1a: Iron Treads|Knock Off|p2a: Tyranitar
|-resisted|p2a: Tyranitar
|-damage|p2a: Tyranitar|79/100
|-enditem|p2a: Tyranitar|Shuca Berry|[from] move: Knock Off|[of] p1a: Iron Treads
|move|p2a: Tyranitar|Fire Blast|p1a: Iron Treads
|-supereffective|p1a: Iron Treads
|-damage|p1a: Iron Treads|52/100
|
|-weather|Sandstorm|[upkeep]
|upkeep
|turn|10
|
|t:|1758235131
|switch|p2a: Gholdengo|Gholdengo|100/100
|-damage|p2a: Gholdengo|94/100|[from] Stealth Rock
|move|p1a: Iron Treads|Rapid Spin|p2a: Gholdengo
|-immune|p2a: Gholdengo
|
|-weather|Sandstorm|[upkeep]
|-heal|p2a: Gholdengo|100/100|[from] item: Leftovers
|upkeep
|turn|11
|
|t:|1758235146
|-end|p1a: Iron Treads|Quark Drive|[silent]
|switch|p1a: Empoleon|Empoleon, F|67/100
|-damage|p1a: Empoleon|61/100|[from] Stealth Rock
|move|p2a: Gholdengo|Make It Rain|p1a: Empoleon
|-resisted|p1a: Empoleon
|-damage|p1a: Empoleon|52/100
|-unboost|p2a: Gholdengo|spa|1
|
|-weather|Sandstorm|[upkeep]
|-heal|p1a: Empoleon|58/100|[from] item: Leftovers
|upkeep
|turn|12
|
|t:|1758235158
|switch|p2a: Iron Valiant|Iron Valiant|100/100
|-damage|p2a: Iron Valiant|94/100|[from] Stealth Rock
|-enditem|p2a: Iron Valiant|Booster Energy
|-activate|p2a: Iron Valiant|ability: Quark Drive|[fromitem]
|-start|p2a: Iron Valiant|quarkdrivespe
|move|p1a: Empoleon|Roost|p1a: Empoleon
|-heal|p1a: Empoleon|100/100
|-singleturn|p1a: Empoleon|move: Roost
|
|-weather|none
|upkeep
|turn|13
|
|t:|1758235167
|move|p2a: Iron Valiant|Swords Dance|p2a: Iron Valiant
|-boost|p2a: Iron Valiant|atk|2
|move|p1a: Empoleon|Surf|p2a: Iron Valiant
|-damage|p2a: Iron Valiant|29/100
|
|upkeep
|turn|14
|
|t:|1758235173
|move|p2a: Iron Valiant|Close Combat|p1a: Empoleon
|-supereffective|p1a: Empoleon
|-damage|p1a: Empoleon|0 fnt
|-unboost|p2a: Iron Valiant|def|1
|-unboost|p2a: Iron Valiant|spd|1
|faint|p1a: Empoleon
|
|upkeep
|
|t:|1758235177
|switch|p1a: Cinderace|Cinderace, M|100/100
|-damage|p1a: Cinderace|76/100|[from] Stealth Rock
|turn|15
|
|t:|1758235182
|move|p1a: Cinderace|Sucker Punch|p2a: Iron Valiant
|-start|p1a: Cinderace|typechange|Dark|[from] ability: Libero
|-resisted|p2a: Iron Valiant
|-crit|p2a: Iron Valiant
|-damage|p2a: Iron Valiant|0 fnt
|faint|p2a: Iron Valiant
|-end|p2a: Iron Valiant|Quark Drive|[silent]
|
|upkeep
|
|t:|1758235188
|switch|p2a: Dragapult|Dragapult, F|100/100
|-damage|p2a: Dragapult|88/100|[from] Stealth Rock
|turn|16
|
|t:|1758235193
|move|p1a: Cinderace|Sucker Punch||[still]
|-fail|p1a: Cinderace
|move|p2a: Dragapult|Will-O-Wisp|p1a: Cinderace|[miss]
|-miss|p2a: Dragapult|p1a: Cinderace
|
|upkeep
|turn|17
|
|t:|1758235198
|switch|p1a: Enamorus|Enamorus, F|100/100
|move|p2a: Dragapult|Will-O-Wisp|p1a: Enamorus|[miss]
|-miss|p2a: Dragapult|p1a: Enamorus
|
|upkeep
|turn|18
|
|t:|1758235215
|switch|p2a: Gholdengo|Gholdengo|100/100
|-damage|p2a: Gholdengo|94/100|[from] Stealth Rock
|move|p1a: Enamorus|Moonblast|p2a: Gholdengo
|-resisted|p2a: Gholdengo
|-damage|p2a: Gholdengo|71/100
|-unboost|p2a: Gholdengo|spa|1
|
|-heal|p2a: Gholdengo|77/100|[from] item: Leftovers
|upkeep
|turn|19
|
|t:|1758235222
|move|p1a: Enamorus|Earth Power|p2a: Gholdengo
|-supereffective|p2a: Gholdengo
|-damage|p2a: Gholdengo|18/100
|move|p2a: Gholdengo|Make It Rain|p1a: Enamorus
|-supereffective|p1a: Enamorus
|-damage|p1a: Enamorus|2/100
|-unboost|p2a: Gholdengo|spa|1
|
|-heal|p2a: Gholdengo|24/100|[from] item: Leftovers
|upkeep
|turn|20
|
|t:|1758235230
|switch|p2a: Tyranitar|Tyranitar, F|79/100
|-damage|p2a: Tyranitar|66/100|[from] Stealth Rock
|-weather|Sandstorm|[from] ability: Sand Stream|[of] p2a: Tyranitar
|move|p1a: Enamorus|Earth Power|p2a: Tyranitar
|-supereffective|p2a: Tyranitar
|-damage|p2a: Tyranitar|33/100
|
|-weather|Sandstorm|[upkeep]
|-damage|p1a: Enamorus|0 fnt|[from] Sandstorm
|faint|p1a: Enamorus
|upkeep
|
|t:|1758235237
|switch|p1a: Iron Treads|Iron Treads|52/100
|-damage|p1a: Iron Treads|49/100|[from] Stealth Rock
|turn|21
|
|t:|1758235240
|move|p1a: Iron Treads|Earthquake|p2a: Tyranitar
|-supereffective|p2a: Tyranitar
|-damage|p2a: Tyranitar|0 fnt
|faint|p2a: Tyranitar
|
|-weather|Sandstorm|[upkeep]
|upkeep
|
|t:|1758235243
|switch|p2a: Dragapult|Dragapult, F|88/100
|-damage|p2a: Dragapult|76/100|[from] Stealth Rock
|turn|22
|
|t:|1758235247
|move|p2a: Dragapult|Will-O-Wisp|p1a: Iron Treads
|-status|p1a: Iron Treads|brn
|move|p1a: Iron Treads|Knock Off|p2a: Dragapult
|-supereffective|p2a: Dragapult
|-crit|p2a: Dragapult
|-damage|p2a: Dragapult|22/100
|-enditem|p2a: Dragapult|Life Orb|[from] move: Knock Off|[of] p1a: Iron Treads
|
|-weather|Sandstorm|[upkeep]
|-damage|p2a: Dragapult|16/100|[from] Sandstorm
|-damage|p1a: Iron Treads|42/100 brn|[from] brn
|upkeep
|turn|23
|
|t:|1758235253
|move|p2a: Dragapult|Hex|p1a: Iron Treads
|-damage|p1a: Iron Treads|9/100 brn
|move|p1a: Iron Treads|Earthquake|p2a: Dragapult
|-damage|p2a: Dragapult|0 fnt
|faint|p2a: Dragapult
|
|-weather|Sandstorm|[upkeep]
|-damage|p1a: Iron Treads|3/100 brn|[from] brn
|upkeep
|
|t:|1758235256
|switch|p2a: Gholdengo|Gholdengo|24/100
|-damage|p2a: Gholdengo|18/100|[from] Stealth Rock
|turn|24
|c|☆pejelegante|Gg
|
|t:|1758235266
|move|p1a: Iron Treads|Ice Spinner|p2a: Gholdengo
|-resisted|p2a: Gholdengo
|-damage|p2a: Gholdengo|14/100
|move|p2a: Gholdengo|Dazzling Gleam|p1a: Iron Treads
|-resisted|p1a: Iron Treads
|-damage|p1a: Iron Treads|0 fnt
|faint|p1a: Iron Treads
|-end|p1a: Iron Treads|Quark Drive|[silent]
|
|-weather|none
|-heal|p2a: Gholdengo|20/100|[from] item: Leftovers
|upkeep
|
|t:|1758235271
|switch|p1a: Idc bout your type|Lokix, M, shiny|100/100
|-damage|p1a: Idc bout your type|76/100|[from] Stealth Rock
|turn|25
|
|t:|1758235275
|-terastallize|p1a: Idc bout your type|Bug
|move|p1a: Idc bout your type|First Impression|p2a: Gholdengo
|-resisted|p2a: Gholdengo
|-damage|p2a: Gholdengo|0 fnt
|faint|p2a: Gholdengo
|-damage|p1a: Idc bout your type|66/100|[from] item: Life Orb
|
|win|pejelegante
|raw|pejelegante's rating: 1254 &rarr; <strong>1277</strong><br />(+23 for winning)
|raw|morton cologne's rating: 1225 &rarr; <strong>1202</strong><br />(-23 for losing)
|l|☆morton cologne
|player|p2|
