|j|☆Argentide
|j|☆saidinho10
|t:|1758271995
|gametype|singles
|player|p1|Argentide|lady|1445
|player|p2|saidinho10|steven|1465
|gen|9
|tier|[Gen 9] OU
|rated|
|rule|HP Percentage Mod: HP is shown in percentages
|rule|Endless Battle Clause: Forcing endless battles is banned
|rule|Species Clause: Limit one of each Pokémon
|rule|OHKO Clause: OHKO moves are banned
|rule|Evasion Items Clause: Evasion items are banned
|rule|Evasion Moves Clause: Evasion moves are banned
|rule|Evasion Abilities Clause: Evasion abilities are banned
|rule|Sleep Moves Clause: Sleep-inducing moves are banned
|clearpoke
|poke|p1|Gliscor, F|
|poke|p1|Blissey, F|
|poke|p1|Mandibuzz, F|
|poke|p1|Skarmory, F|
|poke|p1|Ditto|
|poke|p1|Salazzle, F|
|poke|p2|Zamazenta-*|
|poke|p2|Ogerpon-Wellspring, F|
|poke|p2|Raging Bolt|
|poke|p2|Hatterene, F|
|poke|p2|Ceruledge, M|
|poke|p2|Glimmora, M|
|teampreview
|inactive|Battle timer is ON: inactive players will automatically lose when time's up. (requested by saidinho10)
|inactive|Argentide has 120 seconds left.
|
|t:|1758272041
|teamsize|p1|6
|teamsize|p2|6
|start
|switch|p1a: Gliscor|Gliscor, F|100/100
|switch|p2a: Glimmora|Glimmora, M, shiny|100/100
|turn|1
|inactive|saidinho10 has 120 seconds left.
|
|t:|1758272077
|move|p2a: Glimmora|Stealth Rock|p1a: Gliscor
|-sidestart|p1: Argentide|move: Stealth Rock
|move|p1a: Gliscor|Swords Dance|p1a: Gliscor
|-boost|p1a: Gliscor|atk|2
|
|-status|p1a: Gliscor|tox|[from] item: Toxic Orb
|upkeep
|turn|2
|
|t:|1758272091
|move|p2a: Glimmora|Power Gem|p1a: Gliscor
|-damage|p1a: Gliscor|62/100 tox
|move|p1a: Gliscor|Earthquake|p2a: Glimmora
|-supereffective|p2a: Glimmora
|-damage|p2a: Glimmora|0 fnt
|-activate|p2a: Glimmora|ability: Toxic Debris
|-sidestart|p1: Argentide|move: Toxic Spikes
|faint|p2a: Glimmora
|
|-heal|p1a: Gliscor|74/100 tox|[from] ability: Poison Heal
|upkeep
|inactive|saidinho10 has 120 seconds left.
|
|t:|1758272127
|switch|p2a: Ogerpon|Ogerpon-Wellspring, F|100/100
|turn|3
|inactive|Argentide has 120 seconds left.
|
|t:|1758272176
|switch|p1a: Ditto|Ditto|100/100
|-damage|p1a: Ditto|88/100|[from] Stealth Rock
|-status|p1a: Ditto|psn
|-transform|p1a: Ditto|p2a: Ogerpon|[from] ability: Imposter
|move|p2a: Ogerpon|Ivy Cudgel|p1a: Ditto|[anim] Ivy Cudgel Water
|-heal|p1a: Ditto|100/100 psn|[from] ability: Water Absorb|[of] p2a: Ogerpon
|
|-damage|p1a: Ditto|88/100 psn|[from] psn
|upkeep
|turn|4
|
|t:|1758272185
|move|p1a: Ditto|Play Rough|p2a: Ogerpon
|-damage|p2a: Ogerpon|62/100
|move|p2a: Ogerpon|Trailblaze|p1a: Ditto
|-damage|p1a: Ditto|48/100 psn
|-boost|p2a: Ogerpon|spe|1
|
|-damage|p1a: Ditto|35/100 psn|[from] psn
|upkeep
|turn|5
|
|t:|1758272200
|switch|p1a: Skarmory|Skarmory, F|100/100
|-damage|p1a: Skarmory|88/100|[from] Stealth Rock
|move|p2a: Ogerpon|Trailblaze|p1a: Skarmory
|-resisted|p1a: Skarmory
|-damage|p1a: Skarmory|83/100
|-boost|p2a: Ogerpon|spe|1
|-damage|p2a: Ogerpon|45/100|[from] item: Rocky Helmet|[of] p1a: Skarmory
|
|upkeep
|turn|6
|inactive|Argentide has 120 seconds left.
|
|t:|1758272219
|move|p2a: Ogerpon|Swords Dance|p2a: Ogerpon
|-boost|p2a: Ogerpon|atk|2
|move|p1a: Skarmory|Spikes|p2a: Ogerpon
|-sidestart|p2: saidinho10|Spikes
|
|upkeep
|turn|7
|
|t:|1758272228
|move|p2a: Ogerpon|Ivy Cudgel|p1a: Skarmory|[anim] Ivy Cudgel Water
|-damage|p1a: Skarmory|9/100
|move|p1a: Skarmory|Brave Bird|p2a: Ogerpon
|-supereffective|p2a: Ogerpon
|-damage|p2a: Ogerpon|0 fnt
|faint|p2a: Ogerpon
|-damage|p1a: Skarmory|0 fnt|[from] Recoil
|faint|p1a: Skarmory
|
|upkeep
|inactive|Argentide has 120 seconds left.
|inactive|saidinho10 has 120 seconds left.
|
|t:|1758272245
|switch|p2a: Zamazenta|Zamazenta|100/100
|switch|p1a: Gliscor|Gliscor, F|74/100 tox
|-damage|p2a: Zamazenta|88/100|[from] Spikes
|-ability|p2a: Zamazenta|Dauntless Shield|boost
|-boost|p2a: Zamazenta|def|1
|-damage|p1a: Gliscor|62/100 tox|[from] Stealth Rock
|turn|8
|inactive|Argentide has 120 seconds left.
|inactive|Argentide has 90 seconds left.
|
|t:|1758272295
|move|p2a: Zamazenta|Iron Defense|p2a: Zamazenta
|-boost|p2a: Zamazenta|def|2
|move|p1a: Gliscor|Earthquake|p2a: Zamazenta
|-damage|p2a: Zamazenta|78/100
|
|-heal|p2a: Zamazenta|84/100|[from] item: Leftovers
|-heal|p1a: Gliscor|74/100 tox|[from] ability: Poison Heal
|upkeep
|turn|9
|
|t:|1758272308
|switch|p1a: Mandibuzz|Mandibuzz, F|100/100
|move|p2a: Zamazenta|Iron Defense|p2a: Zamazenta
|-boost|p2a: Zamazenta|def|2
|
|-heal|p2a: Zamazenta|90/100|[from] item: Leftovers
|upkeep
|turn|10
|
|t:|1758272311
|move|p2a: Zamazenta|Body Press|p1a: Mandibuzz
|-damage|p1a: Mandibuzz|37/100
|move|p1a: Mandibuzz|Defog|p2a: Zamazenta
|-unboost|p2a: Zamazenta|evasion|1
|-sideend|p2: saidinho10|Spikes|[from] move: Defog|[of] p1a: Mandibuzz
|-sideend|p1: Argentide|Toxic Spikes|[from] move: Defog|[of] p1a: Mandibuzz
|-sideend|p1: Argentide|Stealth Rock|[from] move: Defog|[of] p1a: Mandibuzz
|
|-heal|p2a: Zamazenta|96/100|[from] item: Leftovers
|upkeep
|turn|11
|
|t:|1758272321
|move|p2a: Zamazenta|Body Press|p1a: Mandibuzz
|-damage|p1a: Mandibuzz|0 fnt
|faint|p1a: Mandibuzz
|
|-heal|p2a: Zamazenta|100/100|[from] item: Leftovers
|upkeep
|
|t:|1758272325
|switch|p1a: Ditto|Ditto|35/100 psn
|-transform|p1a: Ditto|p2a: Zamazenta|[from] ability: Imposter
|-ability|p1a: Ditto|Dauntless Shield|boost
|-boost|p1a: Ditto|def|1
|turn|12
|
|t:|1758272347
|move|p1a: Ditto|Body Press|p2a: Zamazenta
|-damage|p2a: Zamazenta|71/100
|move|p2a: Zamazenta|Body Press|p1a: Ditto
|-damage|p1a: Ditto|6/100 psn
|
|-heal|p2a: Zamazenta|77/100|[from] item: Leftovers
|-damage|p1a: Ditto|0 fnt|[from] psn
|faint|p1a: Ditto
|upkeep
|
|t:|1758272367
|switch|p1a: Salazzle|Salazzle, F|100/100
|turn|13
|
|t:|1758272383
|move|p2a: Zamazenta|Body Press|p1a: Salazzle
|-resisted|p1a: Salazzle
|-damage|p1a: Salazzle|4/100
|move|p1a: Salazzle|Toxic|p2a: Zamazenta
|-status|p2a: Zamazenta|tox
|
|-heal|p2a: Zamazenta|83/100 tox|[from] item: Leftovers
|-heal|p1a: Salazzle|10/100|[from] item: Leftovers
|-damage|p2a: Zamazenta|77/100 tox|[from] psn
|upkeep
|turn|14
|
|t:|1758272405
|move|p1a: Salazzle|Protect|p1a: Salazzle
|-singleturn|p1a: Salazzle|Protect
|move|p2a: Zamazenta|Body Press|p1a: Salazzle
|-activate|p1a: Salazzle|move: Protect
|
|-heal|p2a: Zamazenta|83/100 tox|[from] item: Leftovers
|-heal|p1a: Salazzle|16/100|[from] item: Leftovers
|-damage|p2a: Zamazenta|71/100 tox|[from] psn
|upkeep
|turn|15
|
|t:|1758272416
|move|p2a: Zamazenta|Iron Defense|p2a: Zamazenta
|-boost|p2a: Zamazenta|def|1
|move|p1a: Salazzle|Flamethrower|p2a: Zamazenta
|-damage|p2a: Zamazenta|42/100 tox
|
|-heal|p2a: Zamazenta|48/100 tox|[from] item: Leftovers
|-heal|p1a: Salazzle|23/100|[from] item: Leftovers
|-damage|p2a: Zamazenta|30/100 tox|[from] psn
|upkeep
|turn|16
|c|☆saidinho10|missclick oups
|inactive|Argentide has 90 seconds left.
|inactive|Argentide has 60 seconds left.
|
|t:|1758272475
|move|p1a: Salazzle|Protect|p1a: Salazzle
|-singleturn|p1a: Salazzle|Protect
|move|p2a: Zamazenta|Body Press|p1a: Salazzle
|-activate|p1a: Salazzle|move: Protect
|
|-heal|p2a: Zamazenta|36/100 tox|[from] item: Leftovers
|-heal|p1a: Salazzle|29/100|[from] item: Leftovers
|-damage|p2a: Zamazenta|11/100 tox|[from] psn
|upkeep
|turn|17
|inactive|Argentide has 60 seconds left.
|
|t:|1758272487
|switch|p1a: Gliscor|Gliscor, F|74/100 tox
|move|p2a: Zamazenta|Body Press|p1a: Gliscor
|-resisted|p1a: Gliscor
|-damage|p1a: Gliscor|20/100 tox
|
|-heal|p2a: Zamazenta|17/100 tox|[from] item: Leftovers
|-damage|p2a: Zamazenta|0 fnt|[from] psn
|faint|p2a: Zamazenta
|-heal|p1a: Gliscor|32/100 tox|[from] ability: Poison Heal
|upkeep
|
|t:|1758272493
|switch|p2a: Ceruledge|Ceruledge, M, shiny|100/100
|turn|18
|
|t:|1758272504
|move|p2a: Ceruledge|Swords Dance|p2a: Ceruledge
|-boost|p2a: Ceruledge|atk|2
|move|p1a: Gliscor|Earthquake|p2a: Ceruledge
|-supereffective|p2a: Ceruledge
|-damage|p2a: Ceruledge|13/100
|-ability|p2a: Ceruledge|Weak Armor|boost
|-unboost|p2a: Ceruledge|def|1
|-boost|p2a: Ceruledge|spe|2
|
|-heal|p1a: Gliscor|45/100 tox|[from] ability: Poison Heal
|upkeep
|turn|19
|
|t:|1758272519
|-terastallize|p1a: Gliscor|Water
|move|p2a: Ceruledge|Bitter Blade|p1a: Gliscor
|-resisted|p1a: Gliscor
|-damage|p1a: Gliscor|8/100 tox
|-heal|p2a: Ceruledge|36/100|[from] drain|[of] p1a: Gliscor
|move|p1a: Gliscor|Earthquake|p2a: Ceruledge
|-supereffective|p2a: Ceruledge
|-damage|p2a: Ceruledge|0 fnt
|faint|p2a: Ceruledge
|
|-heal|p1a: Gliscor|20/100 tox|[from] ability: Poison Heal
|upkeep
|
|t:|1758272527
|switch|p2a: Raging Bolt|Raging Bolt|100/100
|-enditem|p2a: Raging Bolt|Booster Energy
|-activate|p2a: Raging Bolt|ability: Protosynthesis|[fromitem]
|-start|p2a: Raging Bolt|protosynthesisspa
|turn|20
|
|t:|1758272543
|switch|p1a: Salazzle|Salazzle, F|29/100
|move|p2a: Raging Bolt|Thunderbolt|p1a: Salazzle
|-damage|p1a: Salazzle|0 fnt
|faint|p1a: Salazzle
|
|upkeep
|
|t:|1758272546
|switch|p1a: Blissey|Blissey, F|100/100
|turn|21
|
|t:|1758272550
|move|p2a: Raging Bolt|Calm Mind|p2a: Raging Bolt
|-boost|p2a: Raging Bolt|spa|1
|-boost|p2a: Raging Bolt|spd|1
|move|p1a: Blissey|Seismic Toss|p2a: Raging Bolt
|-damage|p2a: Raging Bolt|75/100
|
|upkeep
|turn|22
|
|t:|1758272555
|move|p2a: Raging Bolt|Thunderbolt|p1a: Blissey
|-damage|p1a: Blissey|64/100
|move|p1a: Blissey|Seismic Toss|p2a: Raging Bolt
|-damage|p2a: Raging Bolt|49/100
|
|-heal|p1a: Blissey|70/100|[from] item: Leftovers
|upkeep
|turn|23
|
|t:|1758272561
|move|p2a: Raging Bolt|Calm Mind|p2a: Raging Bolt
|-boost|p2a: Raging Bolt|spa|1
|-boost|p2a: Raging Bolt|spd|1
|move|p1a: Blissey|Seismic Toss|p2a: Raging Bolt
|-damage|p2a: Raging Bolt|24/100
|
|-heal|p1a: Blissey|76/100|[from] item: Leftovers
|upkeep
|turn|24
|
|t:|1758272572
|move|p2a: Raging Bolt|Thunderbolt|p1a: Blissey
|-damage|p1a: Blissey|26/100
|move|p1a: Blissey|Seismic Toss|p2a: Raging Bolt
|-damage|p2a: Raging Bolt|0 fnt
|faint|p2a: Raging Bolt
|-end|p2a: Raging Bolt|Protosynthesis|[silent]
|
|-heal|p1a: Blissey|32/100|[from] item: Leftovers
|upkeep
|
|t:|1758272576
|switch|p2a: Hatterene|Hatterene, F, shiny|100/100
|turn|25
|
|t:|1758272581
|move|p1a: Blissey|Soft-Boiled|p1a: Blissey
|-heal|p1a: Blissey|82/100
|move|p2a: Hatterene|Psyshock|p1a: Blissey
|-damage|p1a: Blissey|42/100
|
|-heal|p1a: Blissey|48/100|[from] item: Leftovers
|upkeep
|turn|26
|
|t:|1758272587
|move|p1a: Blissey|Protect|p1a: Blissey
|-singleturn|p1a: Blissey|Protect
|move|p2a: Hatterene|Psychic Noise|p1a: Blissey
|-activate|p1a: Blissey|move: Protect
|
|-heal|p1a: Blissey|54/100|[from] item: Leftovers
|upkeep
|turn|27
|
|t:|1758272592
|move|p1a: Blissey|Soft-Boiled|p1a: Blissey
|-heal|p1a: Blissey|100/100
|move|p2a: Hatterene|Psychic Noise|p1a: Blissey
|-damage|p1a: Blissey|84/100
|-start|p1a: Blissey|move: Heal Block
|
|upkeep
|turn|28
|
|t:|1758272594
|move|p1a: Blissey|Seismic Toss|p2a: Hatterene
|-damage|p2a: Hatterene|69/100
|move|p2a: Hatterene|Psyshock|p1a: Blissey
|-damage|p1a: Blissey|45/100
|
|-end|p1a: Blissey|move: Heal Block
|upkeep
|turn|29
|
|t:|1758272600
|move|p1a: Blissey|Soft-Boiled|p1a: Blissey
|-heal|p1a: Blissey|95/100
|move|p2a: Hatterene|Psychic Noise|p1a: Blissey
|-damage|p1a: Blissey|79/100
|-start|p1a: Blissey|move: Heal Block
|
|upkeep
|turn|30
|
|t:|1758272608
|move|p1a: Blissey|Seismic Toss|p2a: Hatterene
|-damage|p2a: Hatterene|38/100
|move|p2a: Hatterene|Psyshock|p1a: Blissey
|-damage|p1a: Blissey|35/100
|
|-end|p1a: Blissey|move: Heal Block
|upkeep
|turn|31
|
|t:|1758272613
|move|p1a: Blissey|Soft-Boiled|p1a: Blissey
|-heal|p1a: Blissey|85/100
|move|p2a: Hatterene|Draining Kiss|p1a: Blissey
|-damage|p1a: Blissey|74/100
|-heal|p2a: Hatterene|57/100|[from] drain|[of] p1a: Blissey
|
|-heal|p1a: Blissey|80/100|[from] item: Leftovers
|upkeep
|turn|32
|
|t:|1758272623
|move|p1a: Blissey|Seismic Toss|p2a: Hatterene
|-damage|p2a: Hatterene|25/100
|move|p2a: Hatterene|Psyshock|p1a: Blissey
|-damage|p1a: Blissey|38/100
|
|-heal|p1a: Blissey|44/100|[from] item: Leftovers
|upkeep
|turn|33
|
|t:|1758272631
|-terastallize|p2a: Hatterene|Ghost
|move|p1a: Blissey|Seismic Toss|p2a: Hatterene
|-immune|p2a: Hatterene
|move|p2a: Hatterene|Psyshock|p1a: Blissey
|-damage|p1a: Blissey|5/100
|
|-heal|p1a: Blissey|12/100|[from] item: Leftovers
|upkeep
|turn|34
|
|t:|1758272638
|move|p1a: Blissey|Seismic Toss|p2a: Hatterene
|-immune|p2a: Hatterene
|move|p2a: Hatterene|Draining Kiss|p1a: Blissey
|-damage|p1a: Blissey|1/100
|-heal|p2a: Hatterene|44/100|[from] drain|[of] p1a: Blissey
|
|-heal|p1a: Blissey|7/100|[from] item: Leftovers
|upkeep
|turn|35
|
|t:|1758272646
|move|p1a: Blissey|Seismic Toss|p2a: Hatterene
|-immune|p2a: Hatterene
|move|p2a: Hatterene|Draining Kiss|p1a: Blissey
|-damage|p1a: Blissey|0 fnt
|-heal|p2a: Hatterene|55/100|[from] drain|[of] p1a: Blissey
|faint|p1a: Blissey
|
|upkeep
|
|t:|1758272648
|switch|p1a: Gliscor|Gliscor, F, tera:Water|20/100 tox
|turn|36
|
|t:|1758272652
|move|p1a: Gliscor|Earthquake|p2a: Hatterene
|-damage|p2a: Hatterene|20/100
|move|p2a: Hatterene|Draining Kiss|p1a: Gliscor
|-damage|p1a: Gliscor|0 fnt
|-heal|p2a: Hatterene|37/100|[from] drain|[of] p1a: Gliscor
|faint|p1a: Gliscor
|
|win|saidinho10
|raw|Argentide's rating: 1426 &rarr; <strong>1409</strong><br />(-17 for losing)
|raw|saidinho10's rating: 1484 &rarr; <strong>1501</strong><br />(+17 for winning)
|l|☆saidinho10
|player|p2|
|l|☆Argentide
|player|p1|
