|j|☆Dubyaz13
|j|☆SpectralStorm
|t:|1758375684
|gametype|singles
|player|p1|Dubyaz13|linebacker|1478
|player|p2|SpectralStorm|101|1486
|gen|9
|tier|[Gen 9] OU
|rated|
|rule|HP Percentage Mod: HP is shown in percentages
|rule|Endless Battle Clause: Forcing endless battles is banned
|rule|Species Clause: Limit one of each Pokémon
|rule|OHKO Clause: OHKO moves are banned
|rule|Evasion Items Clause: Evasion items are banned
|rule|Evasion Moves Clause: Evasion moves are banned
|rule|Evasion Abilities Clause: Evasion abilities are banned
|rule|Sleep Moves Clause: Sleep-inducing moves are banned
|clearpoke
|poke|p1|Iron Moth|
|poke|p1|Ting-Lu|
|poke|p1|Torkoal, M|
|poke|p1|Walking Wake|
|poke|p1|Great Tusk|
|poke|p1|Slither Wing|
|poke|p2|Bellibolt, M|
|poke|p2|Basculegion, M|
|poke|p2|Dragonite, M|
|poke|p2|Iron Treads|
|poke|p2|Barraskewda, M|
|poke|p2|Pelipper, M|
|teampreview
|l|☆Dubyaz13
|player|p1|
|j|☆Dubyaz13
|player|p1|Dubyaz13|linebacker|
|inactive|Battle timer is ON: inactive players will automatically lose when time's up. (requested by SpectralStorm)
|
|t:|1758375707
|teamsize|p1|6
|teamsize|p2|6
|start
|switch|p1a: Slither Wing|Slither Wing|100/100
|switch|p2a: Dragonite|Dragonite, M|100/100
|turn|1
|
|t:|1758375714
|move|p1a: Slither Wing|U-turn|p2a: Dragonite
|-resisted|p2a: Dragonite
|-damage|p2a: Dragonite|85/100
|
|t:|1758375722
|-end|p1a: Slither Wing|Protosynthesis|[silent]
|switch|p1a: Torkoal|Torkoal, M|100/100|[from] U-turn
|-weather|SunnyDay|[from] ability: Drought|[of] p1a: Torkoal
|move|p2a: Dragonite|Draco Meteor|p1a: Torkoal
|-damage|p1a: Torkoal|21/100
|-unboost|p2a: Dragonite|spa|2
|-enditem|p2a: Dragonite|Eject Pack
|
|t:|1758375729
|switch|p2a: Pelipper|Pelipper, M|100/100
|-weather|RainDance|[from] ability: Drizzle|[of] p2a: Pelipper
|
|-weather|RainDance|[upkeep]
|upkeep
|turn|2
|
|t:|1758375735
|switch|p1a: Walking Wake|Walking Wake|100/100
|move|p2a: Pelipper|U-turn|p1a: Walking Wake
|-damage|p1a: Walking Wake|92/100
|
|t:|1758375739
|switch|p2a: Bellibolt|Bellibolt, M|100/100|[from] U-turn
|
|-weather|RainDance|[upkeep]
|upkeep
|turn|3
|
|t:|1758375748
|-end|p1a: Walking Wake|Protosynthesis|[silent]
|switch|p1a: Ting-Lu|Ting-Lu|100/100
|-ability|p1a: Ting-Lu|Vessel of Ruin
|move|p2a: Bellibolt|Thunder|p1a: Ting-Lu
|-immune|p1a: Ting-Lu
|
|-weather|RainDance|[upkeep]
|upkeep
|turn|4
|
|t:|1758375751
|switch|p2a: Basculegion|Basculegion, M|100/100
|move|p1a: Ting-Lu|Spikes|p2a: Basculegion
|-sidestart|p2: SpectralStorm|Spikes
|
|-weather|RainDance|[upkeep]
|upkeep
|turn|5
|
|t:|1758375769
|move|p2a: Basculegion|Flip Turn|p1a: Ting-Lu
|-supereffective|p1a: Ting-Lu
|-damage|p1a: Ting-Lu|0 fnt
|-damage|p2a: Basculegion|84/100|[from] item: Rocky Helmet|[of] p1a: Ting-Lu
|faint|p1a: Ting-Lu
|
|t:|1758375779
|switch|p2a: Bellibolt|Bellibolt, M|100/100|[from] Flip Turn
|-damage|p2a: Bellibolt|88/100|[from] Spikes
|
|-weather|RainDance|[upkeep]
|upkeep
|
|t:|1758375793
|switch|p1a: Great Tusk|Great Tusk|100/100
|turn|6
|
|t:|1758375797
|switch|p2a: Dragonite|Dragonite, M|85/100
|move|p1a: Great Tusk|Bulk Up|p1a: Great Tusk
|-boost|p1a: Great Tusk|atk|1
|-boost|p1a: Great Tusk|def|1
|
|-weather|RainDance|[upkeep]
|upkeep
|turn|7
|
|t:|1758375801
|move|p1a: Great Tusk|Ice Spinner|p2a: Dragonite
|-supereffective|p2a: Dragonite
|-damage|p2a: Dragonite|0 fnt
|faint|p2a: Dragonite
|
|-weather|RainDance|[upkeep]
|upkeep
|
|t:|1758375804
|switch|p2a: Barraskewda|Barraskewda, M|100/100
|-damage|p2a: Barraskewda|88/100|[from] Spikes
|turn|8
|
|t:|1758375812
|-terastallize|p1a: Great Tusk|Ghost
|move|p2a: Barraskewda|Flip Turn|p1a: Great Tusk
|-damage|p1a: Great Tusk|69/100
|
|t:|1758375818
|switch|p2a: Iron Treads|Iron Treads|100/100|[from] Flip Turn
|-damage|p2a: Iron Treads|88/100|[from] Spikes
|move|p1a: Great Tusk|Headlong Rush|p2a: Iron Treads
|-supereffective|p2a: Iron Treads
|-damage|p2a: Iron Treads|0 fnt
|-unboost|p1a: Great Tusk|def|1
|-unboost|p1a: Great Tusk|spd|1
|faint|p2a: Iron Treads
|-end|p2a: Iron Treads|Quark Drive|[silent]
|
|-weather|none
|upkeep
|
|t:|1758375821
|switch|p2a: Pelipper|Pelipper, M|100/100
|-weather|RainDance|[from] ability: Drizzle|[of] p2a: Pelipper
|turn|9
|
|t:|1758375831
|-end|p1a: Great Tusk|Protosynthesis|[silent]
|switch|p1a: Walking Wake|Walking Wake|92/100
|move|p2a: Pelipper|Hurricane|p1a: Walking Wake
|-damage|p1a: Walking Wake|51/100
|-start|p1a: Walking Wake|confusion
|
|-weather|RainDance|[upkeep]
|upkeep
|turn|10
|
|t:|1758375837
|-activate|p1a: Walking Wake|confusion
|move|p1a: Walking Wake|Draco Meteor|p2a: Pelipper
|-damage|p2a: Pelipper|0 fnt
|-unboost|p1a: Walking Wake|spa|2
|faint|p2a: Pelipper
|
|-weather|RainDance|[upkeep]
|upkeep
|
|t:|1758375840
|switch|p2a: Barraskewda|Barraskewda, M|88/100
|-damage|p2a: Barraskewda|76/100|[from] Spikes
|turn|11
|
|t:|1758375846
|-end|p1a: Walking Wake|Protosynthesis|[silent]
|switch|p1a: Torkoal|Torkoal, M|21/100
|-weather|SunnyDay|[from] ability: Drought|[of] p1a: Torkoal
|move|p2a: Barraskewda|Close Combat|p1a: Torkoal
|-damage|p1a: Torkoal|0 fnt
|-unboost|p2a: Barraskewda|def|1
|-unboost|p2a: Barraskewda|spd|1
|faint|p1a: Torkoal
|
|-weather|SunnyDay|[upkeep]
|upkeep
|
|t:|1758375858
|switch|p1a: Walking Wake|Walking Wake|51/100
|-activate|p1a: Walking Wake|ability: Protosynthesis
|-start|p1a: Walking Wake|protosynthesisspe
|turn|12
|
|t:|1758375865
|switch|p2a: Basculegion|Basculegion, M|84/100
|-damage|p2a: Basculegion|72/100|[from] Spikes
|move|p1a: Walking Wake|Dragon Pulse|p2a: Basculegion
|-damage|p2a: Basculegion|0 fnt
|faint|p2a: Basculegion
|
|-weather|SunnyDay|[upkeep]
|upkeep
|
|t:|1758375866
|switch|p2a: Bellibolt|Bellibolt, M|88/100
|-damage|p2a: Bellibolt|76/100|[from] Spikes
|turn|13
|
|t:|1758375873
|-terastallize|p2a: Bellibolt|Fairy
|move|p1a: Walking Wake|Dragon Pulse|p2a: Bellibolt
|-immune|p2a: Bellibolt
|move|p2a: Bellibolt|Tera Blast|p1a: Walking Wake|[anim] Tera Blast Fairy
|-supereffective|p1a: Walking Wake
|-damage|p1a: Walking Wake|0 fnt
|faint|p1a: Walking Wake
|-end|p1a: Walking Wake|Protosynthesis|[silent]
|
|-weather|SunnyDay|[upkeep]
|upkeep
|
|t:|1758375879
|switch|p1a: Iron Moth|Iron Moth|100/100
|turn|14
|
|t:|1758375882
|move|p1a: Iron Moth|Sludge Wave|p2a: Bellibolt
|-supereffective|p2a: Bellibolt
|-damage|p2a: Bellibolt|0 fnt
|faint|p2a: Bellibolt
|
|-weather|SunnyDay|[upkeep]
|upkeep
|
|t:|1758375884
|switch|p2a: Barraskewda|Barraskewda, M|76/100
|-damage|p2a: Barraskewda|64/100|[from] Spikes
|turn|15
|
|t:|1758375885
|move|p2a: Barraskewda|Liquidation|p1a: Iron Moth
|-supereffective|p1a: Iron Moth
|-damage|p1a: Iron Moth|0 fnt
|faint|p1a: Iron Moth
|-end|p1a: Iron Moth|Quark Drive|[silent]
|
|-weather|SunnyDay|[upkeep]
|upkeep
|
|t:|1758375888
|switch|p1a: Slither Wing|Slither Wing|100/100
|-activate|p1a: Slither Wing|ability: Protosynthesis
|-start|p1a: Slither Wing|protosynthesisatk
|turn|16
|
|t:|1758375890
|move|p1a: Slither Wing|First Impression|p2a: Barraskewda
|-crit|p2a: Barraskewda
|-damage|p2a: Barraskewda|0 fnt
|faint|p2a: Barraskewda
|
|win|Dubyaz13
|raw|Dubyaz13's rating: 1478 &rarr; <strong>1498</strong><br />(+20 for winning)
|raw|SpectralStorm's rating: 1486 &rarr; <strong>1466</strong><br />(-20 for losing)
|l|☆SpectralStorm
|player|p2|
|l|☆Dubyaz13
|player|p1|
