|j|☆iiddkkffyyuuoo
|j|☆ImMikeyCzn
|t:|1758286583
|gametype|singles
|player|p1|iiddkkffyyuuoo|170|1071
|player|p2|ImMikeyCzn|guitarist|1087
|gen|9
|tier|[Gen 9] OU
|rated|
|rule|HP Percentage Mod: HP is shown in percentages
|rule|Endless Battle Clause: Forcing endless battles is banned
|rule|Species Clause: Limit one of each Pokémon
|rule|OHKO Clause: OHKO moves are banned
|rule|Evasion Items Clause: Evasion items are banned
|rule|Evasion Moves Clause: Evasion moves are banned
|rule|Evasion Abilities Clause: Evasion abilities are banned
|rule|Sleep Moves Clause: Sleep-inducing moves are banned
|clearpoke
|poke|p1|Zoroark-Hisui, M|
|poke|p1|Crawdaunt, M|
|poke|p1|Infernape, M|
|poke|p1|Latios, M|
|poke|p1|Inteleon, M|
|poke|p2|Ceruledge, F|
|poke|p2|Azumarill, F|
|poke|p2|Lokix, M|
|poke|p2|Decidueye-Hisui, M|
|poke|p2|Corviknight, M|
|poke|p2|Weezing-Galar, M|
|teampreview
|
|t:|1758286595
|teamsize|p1|5
|teamsize|p2|6
|start
|switch|p1a: Inteleon|Inteleon, M|100/100
|switch|p2a: Average Wordle Fan|Corviknight, M|100/100
|turn|1
|
|t:|1758286603
|move|p1a: Inteleon|Calm Mind|p1a: Inteleon
|-boost|p1a: Inteleon|spa|1
|-boost|p1a: Inteleon|spd|1
|move|p2a: Average Wordle Fan|Tailwind|p2a: Average Wordle Fan
|-sidestart|p2: ImMikeyCzn|move: Tailwind
|
|upkeep
|turn|2
|
|t:|1758286610
|switch|p2a: Decidueye|Decidueye-Hisui, M|100/100
|move|p1a: Inteleon|Calm Mind|p1a: Inteleon
|-boost|p1a: Inteleon|spa|1
|-boost|p1a: Inteleon|spd|1
|
|upkeep
|turn|3
|
|t:|1758286617
|move|p2a: Decidueye|Leaf Blade|p1a: Inteleon
|-damage|p1a: Inteleon|26/100
|replace|p1a: Zoroark|Zoroark-Hisui, M
|-end|p1a: Zoroark|Illusion
|move|p1a: Zoroark|Flamethrower|p2a: Decidueye
|-supereffective|p2a: Decidueye
|-damage|p2a: Decidueye|0 fnt
|faint|p2a: Decidueye
|-damage|p1a: Zoroark|16/100|[from] item: Life Orb
|
|upkeep
|
|t:|1758286630
|switch|p2a: Lokix|Lokix, M|100/100
|turn|4
|
|t:|1758286635
|move|p2a: Lokix|Knock Off|p1a: Zoroark
|-supereffective|p1a: Zoroark
|-damage|p1a: Zoroark|0 fnt
|-enditem|p1a: Zoroark|Life Orb|[from] move: Knock Off|[of] p2a: Lokix
|faint|p1a: Zoroark
|-damage|p2a: Lokix|91/100|[from] item: Life Orb
|
|-sideend|p2: ImMikeyCzn|move: Tailwind
|upkeep
|
|t:|1758286644
|switch|p1a: Infernape|Infernape, M|100/100
|turn|5
|
|t:|1758286657
|move|p1a: Infernape|Swords Dance|p1a: Infernape
|-boost|p1a: Infernape|atk|2
|move|p2a: Lokix|U-turn|p1a: Infernape
|-resisted|p1a: Infernape
|-damage|p1a: Infernape|71/100
|-damage|p2a: Lokix|81/100|[from] item: Life Orb
|
|t:|1758286668
|switch|p2a: Azumarill|Azumarill, F|100/100|[from] U-turn
|
|upkeep
|turn|6
|
|t:|1758286688
|-terastallize|p1a: Infernape|Fighting
|move|p1a: Infernape|Drain Punch|p2a: Azumarill
|-resisted|p2a: Azumarill
|-damage|p2a: Azumarill|38/100
|-heal|p1a: Infernape|100/100|[from] drain|[of] p2a: Azumarill
|-enditem|p2a: Azumarill|Sitrus Berry|[eat]
|-heal|p2a: Azumarill|63/100|[from] item: Sitrus Berry
|-damage|p1a: Infernape|91/100|[from] item: Life Orb
|move|p2a: Azumarill|Liquidation|p1a: Infernape
|-damage|p1a: Infernape|13/100
|
|upkeep
|turn|7
|
|t:|1758286700
|move|p1a: Infernape|Drain Punch|p2a: Azumarill
|-resisted|p2a: Azumarill
|-damage|p2a: Azumarill|0 fnt
|-heal|p1a: Infernape|50/100|[from] drain|[of] p2a: Azumarill
|faint|p2a: Azumarill
|-damage|p1a: Infernape|40/100|[from] item: Life Orb
|
|upkeep
|
|t:|1758286706
|switch|p2a: Weezing|Weezing-Galar, M|100/100
|-ability|p2a: Weezing|Neutralizing Gas
|turn|8
|
|t:|1758286713
|move|p1a: Infernape|Fire Punch|p2a: Weezing
|-damage|p2a: Weezing|16/100
|-damage|p1a: Infernape|30/100|[from] item: Life Orb
|move|p2a: Weezing|Strange Steam|p1a: Infernape
|-supereffective|p1a: Infernape
|-damage|p1a: Infernape|0 fnt
|faint|p1a: Infernape
|
|upkeep
|l|☆iiddkkffyyuuoo
|player|p1|
|c|☆ImMikeyCzn|erm...
|-message|ImMikeyCzn forfeited.
|
|win|iiddkkffyyuuoo
|raw|iiddkkffyyuuoo's rating: 1071 &rarr; <strong>1102</strong><br />(+31 for winning)
|raw|ImMikeyCzn's rating: 1087 &rarr; <strong>1063</strong><br />(-24 for losing)
|l|☆ImMikeyCzn
|player|p2|
