|j|☆duncandomino
|j|☆moope
|t:|1758261275
|gametype|singles
|player|p1|duncandomino|steven|1338
|player|p2|moope|miku-fairy|1298
|gen|9
|tier|[Gen 9] OU
|rated|
|rule|HP Percentage Mod: HP is shown in percentages
|rule|Endless Battle Clause: Forcing endless battles is banned
|rule|Species Clause: Limit one of each Pokémon
|rule|OHKO Clause: OHKO moves are banned
|rule|Evasion Items Clause: Evasion items are banned
|rule|Evasion Moves Clause: Evasion moves are banned
|rule|Evasion Abilities Clause: Evasion abilities are banned
|rule|Sleep Moves Clause: Sleep-inducing moves are banned
|clearpoke
|poke|p1|Ogerpon-Wellspring, F|
|poke|p1|Metagross|
|poke|p1|Moltres|
|poke|p1|Toxicroak, M|
|poke|p1|Great Tusk|
|poke|p1|Dragapult, F|
|poke|p2|Ursaluna, F|
|poke|p2|Iron Hands|
|poke|p2|Cinderace, M|
|poke|p2|Sinistcha|
|poke|p2|Hatterene, F|
|poke|p2|Incineroar, F|
|teampreview
|
|t:|1758261302
|teamsize|p1|6
|teamsize|p2|6
|start
|switch|p1a: Toxicroak|Toxicroak, M|100/100
|switch|p2a: Hatterene|Hatterene, F|100/100
|turn|1
|
|t:|1758261310
|switch|p1a: Metagross|Metagross|100/100
|move|p2a: Hatterene|Trick Room|p2a: Hatterene
|-fieldstart|move: Trick Room|[of] p2a: Hatterene
|
|upkeep
|turn|2
|
|t:|1758261316
|switch|p2a: Incineroar|Incineroar, F|100/100
|-ability|p2a: Incineroar|Intimidate|boost
|-fail|p1a: Metagross|unboost|[from] ability: Clear Body|[of] p1a: Metagross
|move|p1a: Metagross|Knock Off|p2a: Incineroar
|-resisted|p2a: Incineroar
|-damage|p2a: Incineroar|83/100
|-enditem|p2a: Incineroar|Assault Vest|[from] move: Knock Off|[of] p1a: Metagross
|
|upkeep
|turn|3
|
|t:|1758261326
|switch|p1a: Moltres|Moltres|100/100
|move|p2a: Incineroar|Knock Off|p1a: Moltres
|-damage|p1a: Moltres|64/100
|-enditem|p1a: Moltres|Heavy-Duty Boots|[from] move: Knock Off|[of] p2a: Incineroar
|
|upkeep
|turn|4
|
|t:|1758261333
|switch|p1a: Great Tusk|Great Tusk|100/100
|move|p2a: Incineroar|U-turn|p1a: Great Tusk
|-resisted|p1a: Great Tusk
|-damage|p1a: Great Tusk|92/100
|
|t:|1758261342
|switch|p2a: IF NOBODY GOT ME|Sinistcha|100/100|[from] U-turn
|
|upkeep
|turn|5
|
|t:|1758261357
|move|p2a: IF NOBODY GOT ME|Matcha Gotcha|p1a: Great Tusk|[miss]
|-miss|p2a: IF NOBODY GOT ME|p1a: Great Tusk
|move|p1a: Great Tusk|Stealth Rock|p2a: IF NOBODY GOT ME
|-sidestart|p2: moope|move: Stealth Rock
|
|-fieldend|move: Trick Room
|upkeep
|turn|6
|
|t:|1758261368
|-end|p1a: Great Tusk|Protosynthesis|[silent]
|switch|p1a: Moltres|Moltres|64/100
|move|p2a: IF NOBODY GOT ME|Trick Room|p2a: IF NOBODY GOT ME
|-fieldstart|move: Trick Room|[of] p2a: IF NOBODY GOT ME
|
|upkeep
|turn|7
|
|t:|1758261375
|move|p2a: IF NOBODY GOT ME|Calm Mind|p2a: IF NOBODY GOT ME
|-boost|p2a: IF NOBODY GOT ME|spa|1
|-boost|p2a: IF NOBODY GOT ME|spd|1
|move|p1a: Moltres|Roost|p1a: Moltres
|-heal|p1a: Moltres|100/100
|-singleturn|p1a: Moltres|move: Roost
|
|upkeep
|turn|8
|
|t:|1758261383
|move|p2a: IF NOBODY GOT ME|Shadow Ball|p1a: Moltres
|-damage|p1a: Moltres|41/100
|move|p1a: Moltres|Roar|p2a: IF NOBODY GOT ME
|drag|p2a: Cinder|Cinderace, M|100/100
|
|upkeep
|turn|9
|
|t:|1758261390
|move|p1a: Moltres|Roost|p1a: Moltres
|-heal|p1a: Moltres|92/100
|-singleturn|p1a: Moltres|move: Roost
|move|p2a: Cinder|Court Change|p2a: Cinder
|-start|p2a: Cinder|typechange|Normal|[from] ability: Libero
|-swapsideconditions
|-activate|p2a: Cinder|move: Court Change
|
|upkeep
|turn|10
|
|t:|1758261405
|move|p1a: Moltres|Flamethrower|p2a: Cinder
|-damage|p2a: Cinder|50/100
|move|p2a: Cinder|U-turn|p1a: Moltres
|-resisted|p1a: Moltres
|-damage|p1a: Moltres|88/100
|
|t:|1758261408
|switch|p2a: IF NOBODY GOT ME|Sinistcha|100/100|[from] U-turn
|
|-fieldend|move: Trick Room
|upkeep
|turn|11
|
|t:|1758261416
|move|p1a: Moltres|U-turn|p2a: IF NOBODY GOT ME
|-damage|p2a: IF NOBODY GOT ME|87/100
|
|t:|1758261423
|switch|p1a: Metagross|Metagross|100/100|[from] U-turn
|-damage|p1a: Metagross|94/100|[from] Stealth Rock
|move|p2a: IF NOBODY GOT ME|Trick Room|p2a: IF NOBODY GOT ME
|-fieldstart|move: Trick Room|[of] p2a: IF NOBODY GOT ME
|
|upkeep
|turn|12
|
|t:|1758261433
|move|p2a: IF NOBODY GOT ME|Calm Mind|p2a: IF NOBODY GOT ME
|-boost|p2a: IF NOBODY GOT ME|spa|1
|-boost|p2a: IF NOBODY GOT ME|spd|1
|move|p1a: Metagross|Knock Off|p2a: IF NOBODY GOT ME
|-supereffective|p2a: IF NOBODY GOT ME
|-damage|p2a: IF NOBODY GOT ME|13/100
|-enditem|p2a: IF NOBODY GOT ME|Weakness Policy
|-boost|p2a: IF NOBODY GOT ME|atk|2|[from] item: Weakness Policy
|-boost|p2a: IF NOBODY GOT ME|spa|2|[from] item: Weakness Policy
|
|upkeep
|turn|13
|
|t:|1758261441
|move|p1a: Metagross|Bullet Punch|p2a: IF NOBODY GOT ME
|-damage|p2a: IF NOBODY GOT ME|0 fnt
|faint|p2a: IF NOBODY GOT ME
|
|upkeep
|
|t:|1758261445
|switch|p2a: death punch|Iron Hands|100/100
|-enditem|p2a: death punch|Booster Energy
|-activate|p2a: death punch|ability: Quark Drive|[fromitem]
|-start|p2a: death punch|quarkdriveatk
|turn|14
|
|t:|1758261451
|move|p2a: death punch|Drain Punch|p1a: Metagross
|-damage|p1a: Metagross|45/100
|move|p1a: Metagross|Psychic Fangs|p2a: death punch
|-supereffective|p2a: death punch
|-damage|p2a: death punch|31/100
|
|upkeep
|turn|15
|
|t:|1758261459
|switch|p1a: Great Tusk|Great Tusk|92/100
|move|p2a: death punch|Thunder Punch|p1a: Great Tusk
|-immune|p1a: Great Tusk
|
|-fieldend|move: Trick Room
|upkeep
|turn|16
|-message|moope forfeited.
|
|win|duncandomino
|raw|duncandomino's rating: 1338 &rarr; <strong>1356</strong><br />(+18 for winning)
|raw|moope's rating: 1298 &rarr; <strong>1276</strong><br />(-22 for losing)
|l|☆moope
|player|p2|
|l|☆duncandomino
|player|p1|
