|j|☆ay cheu
|j|☆101st Account
|t:|1758333719
|gametype|singles
|player|p1|ay cheu|riley|1490
|player|p2|101st Account|ethan|1466
|gen|9
|tier|[Gen 9] OU
|rated|
|rule|HP Percentage Mod: HP is shown in percentages
|rule|Endless Battle Clause: Forcing endless battles is banned
|rule|Species Clause: Limit one of each Pokémon
|rule|OHKO Clause: OHKO moves are banned
|rule|Evasion Items Clause: Evasion items are banned
|rule|Evasion Moves Clause: Evasion moves are banned
|rule|Evasion Abilities Clause: Evasion abilities are banned
|rule|Sleep Moves Clause: Sleep-inducing moves are banned
|clearpoke
|poke|p1|Arcanine, M|
|poke|p1|Zapdos-Galar|
|poke|p1|Weezing-Galar, M|
|poke|p1|Umbreon, M|
|poke|p1|Empoleon, M|
|poke|p1|Garchomp, M|
|poke|p2|Kingambit, F|
|poke|p2|Deoxys-Speed|
|poke|p2|Great Tusk|
|poke|p2|Dragonite, F|
|poke|p2|Iron Moth|
|poke|p2|Primarina, F|
|teampreview
|inactive|Battle timer is ON: inactive players will automatically lose when time's up. (requested by ay cheu)
|
|t:|1758333726
|teamsize|p1|6
|teamsize|p2|6
|start
|switch|p1a: Zapdos|Zapdos-Galar|100/100
|switch|p2a: Moebius|Deoxys-Speed|100/100
|-ability|p2a: Moebius|Pressure
|turn|1
|j| Yancy 0923
|
|t:|1758333731
|switch|p1a: Empoleon|Empoleon, M|100/100
|move|p2a: Moebius|Psycho Boost|p1a: Empoleon
|-resisted|p1a: Empoleon
|-damage|p1a: Empoleon|74/100
|-unboost|p2a: Moebius|spa|2
|-damage|p2a: Moebius|91/100|[from] item: Life Orb
|
|upkeep
|turn|2
|
|t:|1758333738
|switch|p2a: Anomaly|Great Tusk|100/100
|-enditem|p2a: Anomaly|Booster Energy
|-activate|p2a: Anomaly|ability: Protosynthesis|[fromitem]
|-start|p2a: Anomaly|protosynthesisatk
|move|p1a: Empoleon|Knock Off|p2a: Anomaly
|-resisted|p2a: Anomaly
|-damage|p2a: Anomaly|95/100
|
|upkeep
|turn|3
|
|t:|1758333753
|switch|p1a: Zapdos|Zapdos-Galar|100/100
|move|p2a: Anomaly|Headlong Rush|p1a: Zapdos
|-immune|p1a: Zapdos
|
|upkeep
|turn|4
|
|t:|1758333765
|-end|p2a: Anomaly|Protosynthesis|[silent]
|switch|p2a: Siren|Primarina, F|100/100
|move|p1a: Zapdos|Brave Bird|p2a: Siren
|-damage|p2a: Siren|21/100
|-damage|p1a: Zapdos|75/100|[from] Recoil
|
|upkeep
|turn|5
|
|t:|1758333770
|move|p1a: Zapdos|Brave Bird|p2a: Siren
|-damage|p2a: Siren|0 fnt
|faint|p2a: Siren
|-damage|p1a: Zapdos|68/100|[from] Recoil
|
|upkeep
|
|t:|1758333773
|switch|p2a: Moebius|Deoxys-Speed|91/100
|-ability|p2a: Moebius|Pressure
|turn|6
|
|t:|1758333777
|switch|p1a: Empoleon|Empoleon, M|74/100
|move|p2a: Moebius|Nasty Plot|p2a: Moebius
|-boost|p2a: Moebius|spa|2
|
|upkeep
|turn|7
|
|t:|1758333786
|-terastallize|p1a: Empoleon|Fairy
|move|p2a: Moebius|Focus Blast|p1a: Empoleon
|-resisted|p1a: Empoleon
|-damage|p1a: Empoleon|43/100
|-damage|p2a: Moebius|81/100|[from] item: Life Orb
|move|p1a: Empoleon|Knock Off|p2a: Moebius
|-supereffective|p2a: Moebius
|-damage|p2a: Moebius|21/100
|-enditem|p2a: Moebius|Life Orb|[from] move: Knock Off|[of] p1a: Empoleon
|
|upkeep
|turn|8
|
|t:|1758333799
|switch|p1a: Umbreon|Umbreon, M|100/100
|move|p2a: Moebius|Psycho Boost|p1a: Umbreon
|-immune|p1a: Umbreon
|
|upkeep
|turn|9
|
|t:|1758333805
|switch|p1a: Empoleon|Empoleon, M, tera:Fairy|43/100
|move|p2a: Moebius|Focus Blast|p1a: Empoleon|[miss]
|-miss|p2a: Moebius|p1a: Empoleon
|
|upkeep
|turn|10
|
|t:|1758333811
|move|p2a: Moebius|Psycho Boost|p1a: Empoleon
|-damage|p1a: Empoleon|0 fnt
|-unboost|p2a: Moebius|spa|2
|faint|p1a: Empoleon
|
|upkeep
|
|t:|1758333821
|switch|p1a: Umbreon|Umbreon, M|100/100
|turn|11
|
|t:|1758333825
|move|p2a: Moebius|Focus Blast|p1a: Umbreon
|-supereffective|p1a: Umbreon
|-damage|p1a: Umbreon|47/100
|move|p1a: Umbreon|Wish|p1a: Umbreon
|
|-heal|p1a: Umbreon|53/100|[from] item: Leftovers
|upkeep
|turn|12
|
|t:|1758333830
|move|p1a: Umbreon|Protect|p1a: Umbreon
|-singleturn|p1a: Umbreon|Protect
|move|p2a: Moebius|Nasty Plot|p2a: Moebius
|-boost|p2a: Moebius|spa|2
|
|-heal|p1a: Umbreon|100/100|[from] move: Wish|[wisher] Umbreon
|upkeep
|turn|13
|
|t:|1758333832
|move|p2a: Moebius|Focus Blast|p1a: Umbreon|[miss]
|-miss|p2a: Moebius|p1a: Umbreon
|move|p1a: Umbreon|Toxic|p2a: Moebius
|-status|p2a: Moebius|tox
|
|-damage|p2a: Moebius|15/100 tox|[from] psn
|upkeep
|turn|14
|
|t:|1758333836
|move|p1a: Umbreon|Protect|p1a: Umbreon
|-singleturn|p1a: Umbreon|Protect
|move|p2a: Moebius|Nasty Plot|p2a: Moebius
|-boost|p2a: Moebius|spa|2
|
|-damage|p2a: Moebius|3/100 tox|[from] psn
|upkeep
|turn|15
|
|t:|1758333841
|switch|p1a: Weezing|Weezing-Galar, M|100/100
|-ability|p1a: Weezing|Neutralizing Gas
|move|p2a: Moebius|Focus Blast|p1a: Weezing
|-resisted|p1a: Weezing
|-damage|p1a: Weezing|62/100
|
|-damage|p2a: Moebius|0 fnt|[from] psn
|faint|p2a: Moebius
|upkeep
|
|t:|1758333853
|switch|p2a: Yoshi|Dragonite, F, shiny|100/100
|turn|16
|
|t:|1758333860
|-terastallize|p2a: Yoshi|Normal
|move|p2a: Yoshi|Extreme Speed|p1a: Weezing
|-damage|p1a: Weezing|16/100
|move|p1a: Weezing|Strange Steam|p2a: Yoshi
|-damage|p2a: Yoshi|71/100
|
|upkeep
|turn|17
|
|t:|1758333869
|-end|p1a: Weezing|ability: Neutralizing Gas
|switch|p1a: Umbreon|Umbreon, M|100/100
|move|p2a: Yoshi|Extreme Speed|p1a: Umbreon
|-damage|p1a: Umbreon|61/100
|
|-heal|p1a: Umbreon|67/100|[from] item: Leftovers
|upkeep
|turn|18
|
|t:|1758333877
|switch|p2a: Anomаly|Iron Moth|100/100
|-enditem|p2a: Anomаly|Booster Energy
|-activate|p2a: Anomаly|ability: Quark Drive|[fromitem]
|-start|p2a: Anomаly|quarkdrivespe
|move|p1a: Umbreon|Wish|p1a: Umbreon
|
|-heal|p1a: Umbreon|73/100|[from] item: Leftovers
|upkeep
|turn|19
|
|t:|1758333889
|switch|p1a: Garchomp|Garchomp, M|100/100
|move|p2a: Anomаly|Fiery Dance|p1a: Garchomp
|-resisted|p1a: Garchomp
|-damage|p1a: Garchomp|79/100
|-boost|p2a: Anomаly|spa|1
|
|-heal|p1a: Garchomp|100/100|[from] move: Wish|[wisher] Umbreon
|upkeep
|turn|20
|
|t:|1758333898
|move|p2a: Anomаly|Fiery Dance|p1a: Garchomp
|-resisted|p1a: Garchomp
|-damage|p1a: Garchomp|68/100
|move|p1a: Garchomp|Earthquake|p2a: Anomаly
|-supereffective|p2a: Anomаly
|-damage|p2a: Anomаly|0 fnt
|faint|p2a: Anomаly
|-end|p2a: Anomаly|Quark Drive|[silent]
|
|upkeep
|
|t:|1758333906
|switch|p2a: Anomaly|Great Tusk|95/100
|turn|21
|
|t:|1758333913
|switch|p1a: Umbreon|Umbreon, M|73/100
|move|p2a: Anomaly|Ice Spinner|p1a: Umbreon
|-damage|p1a: Umbreon|55/100
|
|-heal|p1a: Umbreon|61/100|[from] item: Leftovers
|upkeep
|turn|22
|
|t:|1758333917
|move|p1a: Umbreon|Protect|p1a: Umbreon
|-singleturn|p1a: Umbreon|Protect
|move|p2a: Anomaly|Close Combat|p1a: Umbreon
|-activate|p1a: Umbreon|move: Protect
|
|-heal|p1a: Umbreon|68/100|[from] item: Leftovers
|upkeep
|turn|23
|l| Yancy 0923
|
|t:|1758333923
|switch|p1a: Weezing|Weezing-Galar, M|16/100
|-ability|p1a: Weezing|Neutralizing Gas
|move|p2a: Anomaly|Headlong Rush|p1a: Weezing
|-supereffective|p1a: Weezing
|-damage|p1a: Weezing|0 fnt
|-unboost|p2a: Anomaly|def|1
|-unboost|p2a: Anomaly|spd|1
|faint|p1a: Weezing
|-end|p1a: Weezing|ability: Neutralizing Gas
|
|upkeep
|
|t:|1758333930
|switch|p1a: 阿黄|Arcanine, M|100/100
|-ability|p1a: 阿黄|Intimidate|boost
|-unboost|p2a: Anomaly|atk|1
|turn|24
|
|t:|1758333933
|move|p1a: 阿黄|Flamethrower|p2a: Anomaly
|-damage|p2a: Anomaly|0 fnt
|faint|p2a: Anomaly
|-end|p2a: Anomaly|Protosynthesis|[silent]
|
|upkeep
|
|t:|1758333938
|switch|p2a: Yoshi|Dragonite, F, shiny, tera:Normal|71/100
|turn|25
|
|t:|1758333941
|switch|p1a: Umbreon|Umbreon, M|68/100
|switch|p2a: Meruem|Kingambit, F|100/100
|-activate|p2a: Meruem|ability: Supreme Overlord
|-start|p2a: Meruem|fallen4|[silent]
|
|-heal|p1a: Umbreon|74/100|[from] item: Leftovers
|upkeep
|turn|26
|
|t:|1758333944
|move|p1a: Umbreon|Foul Play|p2a: Meruem
|-resisted|p2a: Meruem
|-damage|p2a: Meruem|79/100
|move|p2a: Meruem|Swords Dance|p2a: Meruem
|-boost|p2a: Meruem|atk|2
|
|-heal|p1a: Umbreon|80/100|[from] item: Leftovers
|-heal|p2a: Meruem|85/100|[from] item: Leftovers
|upkeep
|turn|27
|
|t:|1758333949
|move|p1a: Umbreon|Foul Play|p2a: Meruem
|-resisted|p2a: Meruem
|-damage|p2a: Meruem|46/100
|move|p2a: Meruem|Iron Head|p1a: Umbreon
|-damage|p1a: Umbreon|6/100
|
|-heal|p1a: Umbreon|12/100|[from] item: Leftovers
|-heal|p2a: Meruem|52/100|[from] item: Leftovers
|upkeep
|turn|28
|
|t:|1758333955
|move|p1a: Umbreon|Wish|p1a: Umbreon
|move|p2a: Meruem|Swords Dance|p2a: Meruem
|-boost|p2a: Meruem|atk|2
|
|-heal|p1a: Umbreon|18/100|[from] item: Leftovers
|-heal|p2a: Meruem|58/100|[from] item: Leftovers
|upkeep
|turn|29
|
|t:|1758333959
|move|p1a: Umbreon|Foul Play|p2a: Meruem
|-resisted|p2a: Meruem
|-damage|p2a: Meruem|0 fnt
|faint|p2a: Meruem
|-end|p2a: Meruem|fallen4|[silent]
|
|-heal|p1a: Umbreon|68/100|[from] move: Wish|[wisher] Umbreon
|-heal|p1a: Umbreon|74/100|[from] item: Leftovers
|upkeep
|-message|101st Account forfeited.
|
|win|ay cheu
|raw|ay cheu's rating: 1490 &rarr; <strong>1509</strong><br />(+19 for winning)
|raw|101st Account's rating: 1466 &rarr; <strong>1447</strong><br />(-19 for losing)
|l|☆101st Account
|player|p2|
