|j|☆venjazanzhes123
|j|☆tregafzzg4
|t:|1758378792
|gametype|singles
|player|p1|venjazanzhes123|blue|1465
|player|p2|tregafzzg4|sage|1524
|gen|9
|tier|[Gen 9] OU
|rated|
|rule|HP Percentage Mod: HP is shown in percentages
|rule|Endless Battle Clause: Forcing endless battles is banned
|rule|Species Clause: Limit one of each Pokémon
|rule|OHKO Clause: OHKO moves are banned
|rule|Evasion Items Clause: Evasion items are banned
|rule|Evasion Moves Clause: Evasion moves are banned
|rule|Evasion Abilities Clause: Evasion abilities are banned
|rule|Sleep Moves Clause: Sleep-inducing moves are banned
|clearpoke
|poke|p1|Gyarados, M|
|poke|p1|Gliscor, M|
|poke|p1|Gastrodon, M|
|poke|p1|Garchomp, M|
|poke|p1|Metagross|
|poke|p1|Weavile, M|
|poke|p2|Dragapult, F|
|poke|p2|Weezing-Galar, F|
|poke|p2|Moltres|
|poke|p2|Scizor, F|
|poke|p2|Kyurem|
|poke|p2|Muk-Alola, F|
|teampreview
|
|t:|1758378832
|teamsize|p1|6
|teamsize|p2|6
|start
|switch|p1a: Garchomp|Garchomp, M|100/100
|switch|p2a: Scizor|Scizor, F|100/100
|turn|1
|
|t:|1758378838
|switch|p2a: Kyurem|Kyurem|100/100
|-ability|p2a: Kyurem|Pressure
|move|p1a: Garchomp|Stealth Rock|p2a: Kyurem
|-sidestart|p2: tregafzzg4|move: Stealth Rock
|
|upkeep
|turn|2
|
|t:|1758378842
|switch|p1a: Metagross|Metagross|100/100
|move|p2a: Kyurem|Ice Beam|p1a: Metagross
|-resisted|p1a: Metagross
|-damage|p1a: Metagross|76/100
|
|upkeep
|turn|3
|
|t:|1758378847
|switch|p2a: Moltres|Moltres|100/100
|move|p1a: Metagross|Meteor Mash|p2a: Moltres|[miss]
|-miss|p1a: Metagross|p2a: Moltres
|
|upkeep
|turn|4
|
|t:|1758378857
|switch|p1a: Gastrodon|Gastrodon, M|100/100
|move|p2a: Moltres|U-turn|p1a: Gastrodon
|-damage|p1a: Gastrodon|84/100
|
|t:|1758378861
|switch|p2a: Weezing|Weezing-Galar, F|100/100|[from] U-turn
|-ability|p2a: Weezing|Neutralizing Gas
|
|upkeep
|turn|5
|
|t:|1758378895
|move|p2a: Weezing|Defog|p1a: Gastrodon
|-unboost|p1a: Gastrodon|evasion|1
|-sideend|p2: tregafzzg4|Stealth Rock|[from] move: Defog|[of] p2a: Weezing
|move|p1a: Gastrodon|Earth Power|p2a: Weezing
|-supereffective|p2a: Weezing
|-crit|p2a: Weezing
|-damage|p2a: Weezing|0 fnt
|faint|p2a: Weezing
|-end|p2a: Weezing|ability: Neutralizing Gas
|
|upkeep
|
|t:|1758378912
|switch|p2a: Kyurem|Kyurem|100/100
|-ability|p2a: Kyurem|Pressure
|turn|6
|
|t:|1758378920
|switch|p1a: Metagross|Metagross|76/100
|move|p2a: Kyurem|Earth Power|p1a: Metagross
|-supereffective|p1a: Metagross
|-enditem|p1a: Metagross|Shuca Berry|[eat]
|-enditem|p1a: Metagross|Shuca Berry|[weaken]
|-damage|p1a: Metagross|43/100
|
|upkeep
|turn|7
|
|t:|1758378923
|move|p2a: Kyurem|Earth Power|p1a: Metagross
|-supereffective|p1a: Metagross
|-damage|p1a: Metagross|0 fnt
|faint|p1a: Metagross
|
|upkeep
|
|t:|1758378930
|switch|p1a: Gliscor|Gliscor, M|100/100
|turn|8
|
|t:|1758378936
|switch|p2a: Scizor|Scizor, F|100/100
|move|p1a: Gliscor|Knock Off|p2a: Scizor
|-damage|p2a: Scizor|78/100
|-enditem|p2a: Scizor|Choice Band|[from] move: Knock Off|[of] p1a: Gliscor
|
|-status|p1a: Gliscor|tox|[from] item: Toxic Orb
|upkeep
|turn|9
|
|t:|1758378940
|move|p1a: Gliscor|Knock Off|p2a: Scizor
|-damage|p2a: Scizor|62/100
|move|p2a: Scizor|U-turn|p1a: Gliscor
|-resisted|p1a: Gliscor
|-damage|p1a: Gliscor|89/100 tox
|
|t:|1758378945
|switch|p2a: Kyurem|Kyurem|100/100|[from] U-turn
|-ability|p2a: Kyurem|Pressure
|
|-heal|p1a: Gliscor|100/100 tox|[from] ability: Poison Heal
|upkeep
|turn|10
|
|t:|1758378950
|switch|p1a: Weavile|Weavile, M|100/100
|-ability|p1a: Weavile|Pressure
|-terastallize|p2a: Kyurem|Ice
|move|p2a: Kyurem|Ice Beam|p1a: Weavile
|-resisted|p1a: Weavile
|-damage|p1a: Weavile|51/100
|
|upkeep
|turn|11
|
|t:|1758378958
|switch|p2a: Muk|Muk-Alola, F|100/100
|move|p1a: Weavile|Low Kick|p2a: Muk
|-damage|p2a: Muk|74/100
|
|upkeep
|turn|12
|
|t:|1758378964
|move|p1a: Weavile|Ice Spinner|p2a: Muk
|-damage|p2a: Muk|36/100
|move|p2a: Muk|Knock Off|p1a: Weavile
|-resisted|p1a: Weavile
|-damage|p1a: Weavile|20/100
|-status|p1a: Weavile|psn|[from] ability: Poison Touch|[of] p2a: Muk
|-enditem|p1a: Weavile|Focus Sash|[from] move: Knock Off|[of] p2a: Muk
|
|-damage|p1a: Weavile|8/100 psn|[from] psn
|upkeep
|turn|13
|
|t:|1758378968
|move|p2a: Muk|Shadow Sneak|p1a: Weavile
|-resisted|p1a: Weavile
|-damage|p1a: Weavile|0 fnt
|faint|p1a: Weavile
|
|upkeep
|
|t:|1758378970
|switch|p1a: Garchomp|Garchomp, M|100/100
|turn|14
|
|t:|1758378973
|move|p2a: Muk|Shadow Sneak|p1a: Garchomp
|-damage|p1a: Garchomp|94/100
|-damage|p2a: Muk|24/100|[from] ability: Rough Skin|[of] p1a: Garchomp
|-damage|p2a: Muk|7/100|[from] item: Rocky Helmet|[of] p1a: Garchomp
|move|p1a: Garchomp|Stealth Rock|p2a: Muk
|-sidestart|p2: tregafzzg4|move: Stealth Rock
|
|upkeep
|turn|15
|
|t:|1758378979
|move|p2a: Muk|Shadow Sneak|p1a: Garchomp
|-damage|p1a: Garchomp|88/100
|-damage|p2a: Muk|0 fnt|[from] ability: Rough Skin|[of] p1a: Garchomp
|faint|p2a: Muk
|move|p1a: Garchomp|Spikes|p2: Muk
|-sidestart|p2: tregafzzg4|Spikes
|
|upkeep
|
|t:|1758378984
|switch|p2a: Kyurem|Kyurem, tera:Ice|100/100
|-damage|p2a: Kyurem|76/100|[from] Stealth Rock
|-damage|p2a: Kyurem|63/100|[from] Spikes
|-ability|p2a: Kyurem|Pressure
|turn|16
|
|t:|1758378988
|-terastallize|p1a: Garchomp|Ghost
|move|p2a: Kyurem|Ice Beam|p1a: Garchomp
|-damage|p1a: Garchomp|20/100
|move|p1a: Garchomp|Dragon Tail|p2a: Kyurem
|-damage|p2a: Kyurem|40/100
|drag|p2a: Moltres|Moltres|100/100
|
|upkeep
|turn|17
|
|t:|1758378996
|move|p2a: Moltres|Flamethrower|p1a: Garchomp
|-damage|p1a: Garchomp|0 fnt
|faint|p1a: Garchomp
|
|upkeep
|
|t:|1758379003
|switch|p1a: Gliscor|Gliscor, M|100/100 tox
|turn|18
|
|t:|1758379006
|move|p1a: Gliscor|Knock Off|p2a: Moltres
|-damage|p2a: Moltres|86/100
|-enditem|p2a: Moltres|Heavy-Duty Boots|[from] move: Knock Off|[of] p1a: Gliscor
|move|p2a: Moltres|U-turn|p1a: Gliscor
|-resisted|p1a: Gliscor
|-damage|p1a: Gliscor|96/100 tox
|
|t:|1758379011
|switch|p2a: Kyurem|Kyurem, tera:Ice|40/100|[from] U-turn
|-damage|p2a: Kyurem|15/100|[from] Stealth Rock
|-damage|p2a: Kyurem|3/100|[from] Spikes
|-ability|p2a: Kyurem|Pressure
|
|-heal|p1a: Gliscor|100/100 tox|[from] ability: Poison Heal
|upkeep
|turn|19
|
|t:|1758379017
|move|p1a: Gliscor|Protect|p1a: Gliscor
|-singleturn|p1a: Gliscor|Protect
|move|p2a: Kyurem|Freeze-Dry|p1a: Gliscor
|-activate|p1a: Gliscor|move: Protect
|
|upkeep
|turn|20
|
|t:|1758379024
|switch|p1a: Gastrodon|Gastrodon, M|84/100
|move|p2a: Kyurem|Freeze-Dry|p1a: Gastrodon
|-supereffective|p1a: Gastrodon
|-damage|p1a: Gastrodon|0 fnt
|faint|p1a: Gastrodon
|
|upkeep
|
|t:|1758379026
|switch|p1a: Gyarados|Gyarados, M|100/100
|turn|21
|
|t:|1758379027
|move|p2a: Kyurem|Freeze-Dry|p1a: Gyarados
|-supereffective|p1a: Gyarados
|-damage|p1a: Gyarados|0 fnt
|faint|p1a: Gyarados
|
|upkeep
|-message|venjazanzhes123 forfeited.
|
|win|tregafzzg4
|raw|venjazanzhes123's rating: 1442 &rarr; <strong>1427</strong><br />(-15 for losing)
|raw|tregafzzg4's rating: 1524 &rarr; <strong>1539</strong><br />(+15 for winning)
|c|☆tregafzzg4|gg
|l|☆venjazanzhes123
|player|p1|
|l|☆tregafzzg4
|player|p2|
