|j|☆Gimmicko
|j|☆Gayroach
|t:|1758348662
|gametype|singles
|player|p1|Gimmicko|102|1092
|player|p2|Gayroach|bruno|1117
|gen|9
|tier|[Gen 9] OU
|rated|
|rule|HP Percentage Mod: HP is shown in percentages
|rule|Endless Battle Clause: Forcing endless battles is banned
|rule|Species Clause: Limit one of each Pokémon
|rule|OHKO Clause: OHKO moves are banned
|rule|Evasion Items Clause: Evasion items are banned
|rule|Evasion Moves Clause: Evasion moves are banned
|rule|Evasion Abilities Clause: Evasion abilities are banned
|rule|Sleep Moves Clause: Sleep-inducing moves are banned
|clearpoke
|poke|p1|Magmar, F|
|poke|p1|Quagsire, F|
|poke|p1|Overqwil, F|
|poke|p1|Torterra, F|
|poke|p1|Cramorant, F|
|poke|p1|Dusclops, F|
|poke|p2|Cacturne, F|
|poke|p2|Drednaw, M|
|poke|p2|Arbok, F|
|poke|p2|Braviary-Hisui, M|
|poke|p2|Incineroar, F|
|poke|p2|Rillaboom, F|
|teampreview
|inactive|Battle timer is ON: inactive players will automatically lose when time's up. (requested by Gimmicko)
|
|t:|1758348673
|teamsize|p1|6
|teamsize|p2|6
|start
|switch|p1a: Cramorant|Cramorant, F|100/100
|switch|p2a: Cacturne|Cacturne, F|100/100
|turn|1
|
|t:|1758348680
|move|p1a: Cramorant|Drill Peck|p2a: Cacturne
|-supereffective|p2a: Cacturne
|-damage|p2a: Cacturne|34/100
|move|p2a: Cacturne|Taunt|p1a: Cramorant
|-start|p1a: Cramorant|move: Taunt
|
|-heal|p2a: Cacturne|40/100|[from] item: Leftovers
|upkeep
|turn|2
|
|t:|1758348690
|switch|p2a: Braviary|Braviary-Hisui, M|100/100
|move|p1a: Cramorant|Drill Peck|p2a: Braviary
|-damage|p2a: Braviary|76/100
|
|upkeep
|turn|3
|
|t:|1758348709
|switch|p1a: Overqwil|Overqwil, F|100/100
|-ability|p1a: Overqwil|Intimidate|boost
|-unboost|p2a: Braviary|atk|1
|move|p2a: Braviary|Esper Wing|p1a: Overqwil
|-immune|p1a: Overqwil
|
|upkeep
|turn|4
|
|t:|1758348723
|switch|p2a: Incineroar|Incineroar, F|100/100
|-ability|p2a: Incineroar|Intimidate|boost
|-unboost|p1a: Overqwil|atk|1
|move|p1a: Overqwil|Swords Dance|p1a: Overqwil
|-boost|p1a: Overqwil|atk|2
|
|upkeep
|turn|5
|
|t:|1758348734
|move|p1a: Overqwil|Liquidation|p2a: Incineroar
|-supereffective|p2a: Incineroar
|-damage|p2a: Incineroar|10/100
|-enditem|p2a: Incineroar|Weakness Policy
|-boost|p2a: Incineroar|atk|2|[from] item: Weakness Policy
|-boost|p2a: Incineroar|spa|2|[from] item: Weakness Policy
|move|p2a: Incineroar|Flame Charge|p1a: Overqwil
|-damage|p1a: Overqwil|44/100
|-boost|p2a: Incineroar|spe|1
|
|-heal|p1a: Overqwil|50/100|[from] item: Leftovers
|upkeep
|turn|6
|
|t:|1758348747
|switch|p1a: Magmar|Magmar, F|100/100
|move|p2a: Incineroar|Flame Charge|p1a: Magmar
|-resisted|p1a: Magmar
|-damage|p1a: Magmar|71/100
|-boost|p2a: Incineroar|spe|1
|
|upkeep
|turn|7
|
|t:|1758348758
|move|p2a: Incineroar|Power Trip|p1a: Magmar
|-damage|p1a: Magmar|0 fnt
|faint|p1a: Magmar
|
|upkeep
|
|t:|1758348764
|switch|p1a: Dusclops|Dusclops, F|100/100
|turn|8
|
|t:|1758348770
|-terastallize|p1a: Dusclops|Fighting
|move|p2a: Incineroar|Power Trip|p1a: Dusclops
|-resisted|p1a: Dusclops
|-damage|p1a: Dusclops|58/100
|move|p1a: Dusclops|Night Shade|p2a: Incineroar
|-damage|p2a: Incineroar|0 fnt
|faint|p2a: Incineroar
|
|upkeep
|
|t:|1758348784
|switch|p2a: Arbok|Arbok, F|100/100
|-ability|p2a: Arbok|Intimidate|boost
|-unboost|p1a: Dusclops|atk|1
|turn|9
|
|t:|1758348790
|move|p2a: Arbok|Coil|p2a: Arbok
|-boost|p2a: Arbok|atk|1
|-boost|p2a: Arbok|def|1
|-boost|p2a: Arbok|accuracy|1
|move|p1a: Dusclops|Will-O-Wisp|p2a: Arbok
|-status|p2a: Arbok|brn
|
|-damage|p2a: Arbok|94/100 brn|[from] brn
|upkeep
|turn|10
|
|t:|1758348799
|move|p2a: Arbok|Coil|p2a: Arbok
|-boost|p2a: Arbok|atk|1
|-boost|p2a: Arbok|def|1
|-boost|p2a: Arbok|accuracy|1
|move|p1a: Dusclops|Curse|p1a: Dusclops
|-unboost|p1a: Dusclops|spe|1
|-boost|p1a: Dusclops|atk|1
|-boost|p1a: Dusclops|def|1
|
|-heal|p2a: Arbok|100/100 brn|[from] item: Black Sludge
|-damage|p2a: Arbok|94/100 brn|[from] brn
|upkeep
|turn|11
|
|t:|1758348812
|move|p2a: Arbok|Scale Shot|p1a: Dusclops
|-damage|p1a: Dusclops|55/100
|-damage|p1a: Dusclops|53/100
|-hitcount|p1a: Dusclops|2
|-unboost|p2a: Arbok|def|1
|-boost|p2a: Arbok|spe|1
|move|p1a: Dusclops|Curse|p1a: Dusclops
|-unboost|p1a: Dusclops|spe|1
|-boost|p1a: Dusclops|atk|1
|-boost|p1a: Dusclops|def|1
|
|-heal|p2a: Arbok|100/100 brn|[from] item: Black Sludge
|-damage|p2a: Arbok|94/100 brn|[from] brn
|upkeep
|turn|12
|
|t:|1758348828
|move|p2a: Arbok|Gunk Shot|p1a: Dusclops
|-damage|p1a: Dusclops|40/100
|-status|p1a: Dusclops|psn
|move|p1a: Dusclops|Night Shade|p2a: Arbok
|-damage|p2a: Arbok|63/100 brn
|
|-heal|p2a: Arbok|70/100 brn|[from] item: Black Sludge
|-damage|p1a: Dusclops|28/100 psn|[from] psn
|-damage|p2a: Arbok|63/100 brn|[from] brn
|upkeep
|turn|13
|
|t:|1758348841
|move|p2a: Arbok|Scale Shot|p1a: Dusclops
|-crit|p1a: Dusclops
|-damage|p1a: Dusclops|23/100 psn
|-damage|p1a: Dusclops|21/100 psn
|-damage|p1a: Dusclops|20/100 psn
|-hitcount|p1a: Dusclops|3
|-unboost|p2a: Arbok|def|1
|-boost|p2a: Arbok|spe|1
|move|p1a: Dusclops|Night Shade|p2a: Arbok
|-damage|p2a: Arbok|33/100 brn
|
|-heal|p2a: Arbok|39/100 brn|[from] item: Black Sludge
|-damage|p1a: Dusclops|7/100 psn|[from] psn
|-damage|p2a: Arbok|33/100 brn|[from] brn
|upkeep
|turn|14
|
|t:|1758348858
|move|p2a: Arbok|Coil|p2a: Arbok
|-boost|p2a: Arbok|atk|1
|-boost|p2a: Arbok|def|1
|-boost|p2a: Arbok|accuracy|1
|move|p1a: Dusclops|Night Shade|p2a: Arbok
|-damage|p2a: Arbok|2/100 brn
|
|-heal|p2a: Arbok|8/100 brn|[from] item: Black Sludge
|-damage|p1a: Dusclops|0 fnt|[from] psn
|faint|p1a: Dusclops
|-damage|p2a: Arbok|2/100 brn|[from] brn
|upkeep
|
|t:|1758348875
|switch|p1a: Overqwil|Overqwil, F|50/100
|-ability|p1a: Overqwil|Intimidate|boost
|-unboost|p2a: Arbok|atk|1
|turn|15
|
|t:|1758348881
|move|p2a: Arbok|Earthquake|p1a: Overqwil
|-supereffective|p1a: Overqwil
|-damage|p1a: Overqwil|3/100
|move|p1a: Overqwil|Swords Dance|p1a: Overqwil
|-boost|p1a: Overqwil|atk|2
|
|-heal|p2a: Arbok|8/100 brn|[from] item: Black Sludge
|-heal|p1a: Overqwil|10/100|[from] item: Leftovers
|-damage|p2a: Arbok|2/100 brn|[from] brn
|upkeep
|turn|16
|
|t:|1758348892
|switch|p1a: Cramorant|Cramorant, F|100/100
|move|p2a: Arbok|Earthquake|p1a: Cramorant
|-immune|p1a: Cramorant
|
|-heal|p2a: Arbok|8/100 brn|[from] item: Black Sludge
|-damage|p2a: Arbok|2/100 brn|[from] brn
|upkeep
|turn|17
|
|t:|1758348905
|move|p2a: Arbok|Gunk Shot|p1a: Cramorant
|-damage|p1a: Cramorant|34/100
|move|p1a: Cramorant|Surf|p2a: Arbok
|-formechange|p1a: Cramorant|Cramorant-Gorging|
|-damage|p2a: Arbok|0 fnt
|faint|p2a: Arbok
|
|upkeep
|
|t:|1758348916
|switch|p2a: Drednaw|Drednaw, M|100/100
|turn|18
|
|t:|1758348921
|switch|p1a: Overqwil|Overqwil, F|10/100
|-ability|p1a: Overqwil|Intimidate|boost
|-unboost|p2a: Drednaw|atk|1
|-enditem|p2a: Drednaw|White Herb
|-clearnegativeboost|p2a: Drednaw|[silent]
|move|p2a: Drednaw|Shell Smash|p2a: Drednaw
|-unboost|p2a: Drednaw|def|1
|-unboost|p2a: Drednaw|spd|1
|-boost|p2a: Drednaw|atk|2
|-boost|p2a: Drednaw|spa|2
|-boost|p2a: Drednaw|spe|2
|
|-heal|p1a: Overqwil|16/100|[from] item: Leftovers
|upkeep
|turn|19
|
|t:|1758348934
|move|p2a: Drednaw|Jaw Lock|p1a: Overqwil
|-resisted|p1a: Overqwil
|-damage|p1a: Overqwil|0 fnt
|faint|p1a: Overqwil
|
|upkeep
|
|t:|1758348936
|switch|p1a: Quagsire|Quagsire, F|100/100
|turn|20
|
|t:|1758348946
|move|p2a: Drednaw|Jaw Lock|p1a: Quagsire
|-damage|p1a: Quagsire|57/100
|-activate|p2a: Drednaw|trapped
|-activate|p1a: Quagsire|trapped
|move|p1a: Quagsire|Earthquake|p2a: Drednaw
|-supereffective|p2a: Drednaw
|-damage|p2a: Drednaw|11/100
|
|-heal|p1a: Quagsire|63/100|[from] item: Leftovers
|upkeep
|turn|21
|
|t:|1758348956
|move|p2a: Drednaw|Crunch|p1a: Quagsire
|-damage|p1a: Quagsire|18/100
|move|p1a: Quagsire|Recover|p1a: Quagsire
|-heal|p1a: Quagsire|68/100
|
|-heal|p1a: Quagsire|74/100|[from] item: Leftovers
|upkeep
|turn|22
|
|t:|1758348967
|move|p2a: Drednaw|Crunch|p1a: Quagsire
|-damage|p1a: Quagsire|29/100
|move|p1a: Quagsire|Toxic|p2a: Drednaw|[miss]
|-miss|p1a: Quagsire|p2a: Drednaw
|
|-heal|p1a: Quagsire|35/100|[from] item: Leftovers
|upkeep
|turn|23
|
|t:|1758348975
|move|p2a: Drednaw|Crunch|p1a: Quagsire
|-damage|p1a: Quagsire|0 fnt
|faint|p1a: Quagsire
|
|upkeep
|
|t:|1758348978
|switch|p1a: Cramorant|Cramorant, F|34/100
|turn|24
|
|t:|1758348982
|move|p2a: Drednaw|Ice Fang|p1a: Cramorant
|-damage|p1a: Cramorant|0 fnt
|faint|p1a: Cramorant
|
|upkeep
|
|t:|1758348984
|switch|p1a: Torterra|Torterra, F|100/100
|turn|25
|
|t:|1758348989
|move|p2a: Drednaw|Ice Fang|p1a: Torterra
|-supereffective|p1a: Torterra
|-damage|p1a: Torterra|0 fnt
|faint|p1a: Torterra
|
|win|Gayroach
|raw|Gimmicko's rating: 1092 &rarr; <strong>1070</strong><br />(-22 for losing)
|raw|Gayroach's rating: 1117 &rarr; <strong>1140</strong><br />(+23 for winning)
|l|☆Gayroach
|player|p2|
