|j|‽Sd2024
|j|☆SMM Metagross
|t:|1758255977
|gametype|singles
|player|p1|Sd2024|1|1217
|player|p2|SMM Metagross|hilbert|1272
|gen|9
|tier|[Gen 9] OU
|rated|
|rule|HP Percentage Mod: HP is shown in percentages
|rule|Endless Battle Clause: Forcing endless battles is banned
|rule|Species Clause: Limit one of each Pokémon
|rule|OHKO Clause: OHKO moves are banned
|rule|Evasion Items Clause: Evasion items are banned
|rule|Evasion Moves Clause: Evasion moves are banned
|rule|Evasion Abilities Clause: Evasion abilities are banned
|rule|Sleep Moves Clause: Sleep-inducing moves are banned
|clearpoke
|poke|p1|Braviary-Hisui, M|
|poke|p1|Kommo-o, M|
|poke|p1|Hatterene, F|
|poke|p1|Ribombee, M|
|poke|p1|Zapdos-Galar|
|poke|p1|Gyarados, M|
|poke|p2|Greninja-*, M|
|poke|p2|Great Tusk|
|poke|p2|Ceruledge, M|
|poke|p2|Raging Bolt|
|poke|p2|Kyurem|
|poke|p2|Kingambit, M|
|teampreview
|inactive|Battle timer is ON: inactive players will automatically lose when time's up. (requested by SMM Metagross)
|
|t:|1758255999
|teamsize|p1|6
|teamsize|p2|6
|start
|switch|p1a: Ribombee|Ribombee, M|100/100
|switch|p2a: Kyurem|Kyurem|100/100
|-ability|p2a: Kyurem|Pressure
|turn|1
|
|t:|1758256005
|move|p1a: Ribombee|Stun Spore|p2a: Kyurem
|-status|p2a: Kyurem|par
|move|p2a: Kyurem|Substitute|p2a: Kyurem
|-start|p2a: Kyurem|Substitute
|-damage|p2a: Kyurem|76/100 par
|
|upkeep
|turn|2
|
|t:|1758256011
|move|p1a: Ribombee|Moonblast|p2a: Kyurem
|-supereffective|p2a: Kyurem
|-end|p2a: Kyurem|Substitute
|move|p2a: Kyurem|Dragon Dance|p2a: Kyurem
|-boost|p2a: Kyurem|atk|1
|-boost|p2a: Kyurem|spe|1
|
|upkeep
|turn|3
|
|t:|1758256017
|-terastallize|p2a: Kyurem|Fire
|move|p1a: Ribombee|Moonblast|p2a: Kyurem
|-resisted|p2a: Kyurem
|-damage|p2a: Kyurem|62/100 par
|move|p2a: Kyurem|Dragon Dance|p2a: Kyurem
|-boost|p2a: Kyurem|atk|1
|-boost|p2a: Kyurem|spe|1
|
|upkeep
|turn|4
|
|t:|1758256024
|move|p1a: Ribombee|Sticky Web|p2a: Kyurem
|-sidestart|p2: SMM Metagross|move: Sticky Web
|move|p2a: Kyurem|Dragon Dance|p2a: Kyurem
|-boost|p2a: Kyurem|atk|1
|-boost|p2a: Kyurem|spe|1
|
|upkeep
|turn|5
|
|t:|1758256028
|move|p1a: Ribombee|Moonblast|p2a: Kyurem
|-resisted|p2a: Kyurem
|-damage|p2a: Kyurem|47/100 par
|cant|p2a: Kyurem|par
|
|upkeep
|turn|6
|
|t:|1758256034
|move|p1a: Ribombee|Moonblast|p2a: Kyurem
|-resisted|p2a: Kyurem
|-damage|p2a: Kyurem|32/100 par
|-unboost|p2a: Kyurem|spa|1
|move|p2a: Kyurem|Dragon Dance|p2a: Kyurem
|-boost|p2a: Kyurem|atk|1
|-boost|p2a: Kyurem|spe|1
|
|upkeep
|turn|7
|
|t:|1758256042
|move|p2a: Kyurem|Dragon Dance|p2a: Kyurem
|-boost|p2a: Kyurem|atk|1
|-boost|p2a: Kyurem|spe|1
|move|p1a: Ribombee|Moonblast|p2a: Kyurem
|-resisted|p2a: Kyurem
|-damage|p2a: Kyurem|17/100 par
|-unboost|p2a: Kyurem|spa|1
|
|upkeep
|turn|8
|
|t:|1758256049
|move|p2a: Kyurem|Icicle Spear|p1a: Ribombee
|-damage|p1a: Ribombee|24/100
|-damage|p1a: Ribombee|0 fnt
|faint|p1a: Ribombee
|-hitcount|p1: Ribombee|2
|
|upkeep
|
|t:|1758256058
|switch|p1a: Gyarados|Gyarados, M|100/100
|turn|9
|
|t:|1758256071
|move|p2a: Kyurem|Scale Shot|p1a: Gyarados
|-damage|p1a: Gyarados|33/100
|-damage|p1a: Gyarados|0 fnt
|faint|p1a: Gyarados
|-hitcount|p1: Gyarados|2
|-unboost|p2a: Kyurem|def|1
|-boost|p2a: Kyurem|spe|1
|
|upkeep
|
|t:|1758256074
|switch|p1a: Hatterene|Hatterene, F|100/100
|turn|10
|
|t:|1758256081
|move|p2a: Kyurem|Icicle Spear|p1a: Hatterene
|-damage|p1a: Hatterene|41/100
|-damage|p1a: Hatterene|0 fnt
|faint|p1a: Hatterene
|-hitcount|p1: Hatterene|2
|
|upkeep
|
|t:|1758256084
|switch|p1a: Zapdos|Zapdos-Galar|100/100
|turn|11
|
|t:|1758256089
|cant|p2a: Kyurem|par
|move|p1a: Zapdos|Thunderous Kick|p2a: Kyurem
|-damage|p2a: Kyurem|0 fnt
|faint|p2a: Kyurem
|
|upkeep
|l|☆SMM Metagross
|inactive|SMM Metagross disconnected and has a minute to reconnect!
|player|p2|
|inactive|SMM Metagross has 30 seconds to reconnect!
|inactive|SMM Metagross has 20 seconds to reconnect!
|inactive|SMM Metagross has 15 seconds to reconnect!
|inactive|SMM Metagross has 10 seconds to reconnect!
|inactive|SMM Metagross has 5 seconds to reconnect!
|-message|SMM Metagross lost due to inactivity.
|
|win|Sd2024
|raw|Sd2024's rating: 1217 &rarr; <strong>1245</strong><br />(+28 for winning)
|raw|SMM Metagross's rating: 1254 &rarr; <strong>1226</strong><br />(-28 for losing)
|l|‽Sd2024
|player|p1|
