|j|☆Mr.X&Y97
|j|☆noob1877
|t:|1758233973
|gametype|singles
|player|p1|Mr.X&Y97|ingo|1682
|player|p2|noob1877|169|1719
|gen|9
|tier|[Gen 9] OU
|rated|
|rule|HP Percentage Mod: HP is shown in percentages
|rule|Endless Battle Clause: Forcing endless battles is banned
|rule|Species Clause: Limit one of each Pokémon
|rule|OHKO Clause: OHKO moves are banned
|rule|Evasion Items Clause: Evasion items are banned
|rule|Evasion Moves Clause: Evasion moves are banned
|rule|Evasion Abilities Clause: Evasion abilities are banned
|rule|Sleep Moves Clause: Sleep-inducing moves are banned
|clearpoke
|poke|p1|Hatterene, F|
|poke|p1|Barraskewda, F|
|poke|p1|Zapdos|
|poke|p1|Iron Treads|
|poke|p1|Toxicroak, F|
|poke|p1|Pelipper, F|
|poke|p2|Latios, M|
|poke|p2|Alomomola, F|
|poke|p2|Hydrapple, M|
|poke|p2|Iron Treads|
|poke|p2|Meowscarada, M|
|poke|p2|Clefable, M|
|teampreview
|inactive|Battle timer is ON: inactive players will automatically lose when time's up. (requested by Mr.X&Y97)
|
|t:|1758233996
|teamsize|p1|6
|teamsize|p2|6
|start
|switch|p1a: Hatterene|Hatterene, F|100/100
|switch|p2a: Meowscarada|Meowscarada, M|100/100
|turn|1
|
|t:|1758234006
|switch|p1a: Toxicroak|Toxicroak, F|100/100
|move|p2a: Meowscarada|Flower Trick|p1a: Toxicroak
|-start|p2a: Meowscarada|typechange|Grass|[from] ability: Protean
|-resisted|p1a: Toxicroak
|-crit|p1a: Toxicroak
|-damage|p1a: Toxicroak|77/100
|
|upkeep
|turn|2
|j| AshKetchumMadeIt
|
|t:|1758234012
|switch|p2a: Clefable|Clefable, M|100/100
|move|p1a: Toxicroak|Toxic|p2a: Clefable
|-status|p2a: Clefable|tox
|
|upkeep
|turn|3
|
|t:|1758234034
|switch|p1a: Pelipper|Pelipper, F|100/100
|-weather|RainDance|[from] ability: Drizzle|[of] p1a: Pelipper
|move|p2a: Clefable|Moonblast|p1a: Pelipper
|-damage|p1a: Pelipper|71/100
|-unboost|p1a: Pelipper|spa|1
|
|-weather|RainDance|[upkeep]
|upkeep
|turn|4
|
|t:|1758234053
|move|p2a: Clefable|Moonblast|p1a: Pelipper
|-damage|p1a: Pelipper|41/100
|-unboost|p1a: Pelipper|spa|1
|move|p1a: Pelipper|U-turn|p2a: Clefable
|-resisted|p2a: Clefable
|-damage|p2a: Clefable|97/100 tox
|
|t:|1758234057
|switch|p1a: Barraskewda|Barraskewda, F|100/100|[from] U-turn
|
|-weather|RainDance|[upkeep]
|-heal|p2a: Clefable|100/100 tox|[from] item: Leftovers
|upkeep
|turn|5
|
|t:|1758234061
|switch|p2a: Alomomola|Alomomola, F|100/100
|move|p1a: Barraskewda|Flip Turn|p2a: Alomomola
|-resisted|p2a: Alomomola
|-damage|p2a: Alomomola|77/100
|
|t:|1758234064
|switch|p1a: Zapdos|Zapdos|100/100|[from] Flip Turn
|
|-weather|RainDance|[upkeep]
|upkeep
|turn|6
|
|t:|1758234067
|move|p2a: Alomomola|Protect|p2a: Alomomola
|-singleturn|p2a: Alomomola|Protect
|move|p1a: Zapdos|Weather Ball|p2a: Alomomola
|-activate|p2a: Alomomola|move: Protect
|
|-weather|RainDance|[upkeep]
|upkeep
|turn|7
|
|t:|1758234072
|switch|p1a: Toxicroak|Toxicroak, F|77/100
|switch|p2a: Hydrapple|Hydrapple, M|100/100
|
|-weather|RainDance|[upkeep]
|-heal|p1a: Toxicroak|89/100|[from] ability: Dry Skin
|upkeep
|turn|8
|
|t:|1758234081
|switch|p1a: Zapdos|Zapdos|100/100
|move|p2a: Hydrapple|Leaf Storm|p1a: Zapdos
|-resisted|p1a: Zapdos
|-damage|p1a: Zapdos|58/100
|-unboost|p2a: Hydrapple|spa|2
|-enditem|p2a: Hydrapple|Eject Pack
|
|t:|1758234084
|switch|p2a: Latios|Latios, M|100/100
|
|-weather|RainDance|[upkeep]
|upkeep
|turn|9
|
|t:|1758234089
|switch|p1a: Hatterene|Hatterene, F|100/100
|move|p2a: Latios|Luster Purge|p1a: Hatterene
|-resisted|p1a: Hatterene
|-damage|p1a: Hatterene|62/100
|-unboost|p1a: Hatterene|spd|1
|-enditem|p1a: Hatterene|Eject Button
|
|t:|1758234097
|switch|p1a: Iron Treads|Iron Treads|100/100
|
|-weather|RainDance|[upkeep]
|upkeep
|turn|10
|
|t:|1758234108
|switch|p2a: Alomomola|Alomomola, F|100/100
|move|p1a: Iron Treads|Rapid Spin|p2a: Alomomola
|-crit|p2a: Alomomola
|-damage|p2a: Alomomola|90/100
|-boost|p1a: Iron Treads|spe|1
|
|-weather|none
|upkeep
|turn|11
|
|t:|1758234116
|switch|p2a: Clefable|Clefable, M|100/100 tox
|move|p1a: Iron Treads|Volt Switch|p2a: Clefable
|-damage|p2a: Clefable|90/100 tox
|
|t:|1758234119
|-end|p1a: Iron Treads|Quark Drive|[silent]
|switch|p1a: Zapdos|Zapdos|58/100|[from] Volt Switch
|
|-heal|p2a: Clefable|96/100 tox|[from] item: Leftovers
|upkeep
|turn|12
|
|t:|1758234127
|switch|p2a: Iron Treads|Iron Treads|100/100
|move|p1a: Zapdos|Hurricane|p2a: Iron Treads
|-resisted|p2a: Iron Treads
|-damage|p2a: Iron Treads|77/100
|
|upkeep
|turn|13
|
|t:|1758234136
|switch|p1a: Pelipper|Pelipper, F|41/100
|-weather|RainDance|[from] ability: Drizzle|[of] p1a: Pelipper
|move|p2a: Iron Treads|Volt Switch|p1a: Pelipper
|-supereffective|p1a: Pelipper
|-damage|p1a: Pelipper|0 fnt
|faint|p1a: Pelipper
|
|t:|1758234143
|-end|p2a: Iron Treads|Quark Drive|[silent]
|switch|p2a: Alomomola|Alomomola, F|100/100|[from] Volt Switch
|
|-weather|RainDance|[upkeep]
|upkeep
|
|t:|1758234146
|switch|p1a: Toxicroak|Toxicroak, F|89/100
|turn|14
|
|t:|1758234150
|switch|p2a: Clefable|Clefable, M|96/100 tox
|move|p1a: Toxicroak|Knock Off|p2a: Clefable
|-resisted|p2a: Clefable
|-damage|p2a: Clefable|87/100 tox
|-enditem|p2a: Clefable|Leftovers|[from] move: Knock Off|[of] p1a: Toxicroak
|
|-weather|RainDance|[upkeep]
|-heal|p1a: Toxicroak|100/100|[from] ability: Dry Skin
|upkeep
|turn|15
|
|t:|1758234164
|switch|p1a: Iron Treads|Iron Treads|100/100
|move|p2a: Clefable|Stealth Rock|p1a: Iron Treads
|-sidestart|p1: Mr.X&Y97|move: Stealth Rock
|
|-weather|RainDance|[upkeep]
|upkeep
|turn|16
|
|t:|1758234169
|switch|p2a: Alomomola|Alomomola, F|100/100
|move|p1a: Iron Treads|Rapid Spin|p2a: Alomomola
|-damage|p2a: Alomomola|92/100
|-boost|p1a: Iron Treads|spe|1
|-sideend|p1: Mr.X&Y97|Stealth Rock|[from] move: Rapid Spin|[of] p1a: Iron Treads
|
|-weather|RainDance|[upkeep]
|upkeep
|turn|17
|
|t:|1758234180
|switch|p2a: Latios|Latios, M|100/100
|move|p1a: Iron Treads|Stealth Rock|p2a: Latios
|-sidestart|p2: noob1877|move: Stealth Rock
|
|-weather|RainDance|[upkeep]
|upkeep
|turn|18
|
|t:|1758234194
|switch|p2a: Alomomola|Alomomola, F|100/100
|move|p1a: Iron Treads|Rapid Spin|p2a: Alomomola
|-damage|p2a: Alomomola|92/100
|-boost|p1a: Iron Treads|spe|1
|
|-weather|RainDance|[upkeep]
|upkeep
|turn|19
|
|t:|1758234200
|move|p1a: Iron Treads|Volt Switch|p2a: Alomomola
|-supereffective|p2a: Alomomola
|-damage|p2a: Alomomola|74/100
|
|t:|1758234206
|-end|p1a: Iron Treads|Quark Drive|[silent]
|switch|p1a: Toxicroak|Toxicroak, F|100/100|[from] Volt Switch
|move|p2a: Alomomola|Flip Turn|p1a: Toxicroak
|-immune|p1a: Toxicroak|[from] ability: Dry Skin
|
|-weather|RainDance|[upkeep]
|upkeep
|turn|20
|
|t:|1758234212
|switch|p1a: Zapdos|Zapdos|58/100
|switch|p2a: Clefable|Clefable, M|87/100 tox
|
|-weather|none
|upkeep
|turn|21
|
|t:|1758234218
|switch|p1a: Barraskewda|Barraskewda, F|100/100
|switch|p2a: Iron Treads|Iron Treads|77/100
|-damage|p2a: Iron Treads|74/100|[from] Stealth Rock
|
|upkeep
|turn|22
|
|t:|1758234224
|-end|p2a: Iron Treads|Quark Drive|[silent]
|switch|p2a: Alomomola|Alomomola, F|100/100
|move|p1a: Barraskewda|Flip Turn|p2a: Alomomola
|-resisted|p2a: Alomomola
|-damage|p2a: Alomomola|86/100
|
|t:|1758234226
|switch|p1a: Zapdos|Zapdos|58/100|[from] Flip Turn
|
|upkeep
|turn|23
|
|t:|1758234229
|switch|p1a: Barraskewda|Barraskewda, F|100/100
|move|p2a: Alomomola|Protect||[still]
|-fail|p2a: Alomomola
|
|upkeep
|turn|24
|
|t:|1758234235
|move|p1a: Barraskewda|Flip Turn|p2a: Alomomola
|-resisted|p2a: Alomomola
|-damage|p2a: Alomomola|72/100
|
|t:|1758234237
|switch|p1a: Toxicroak|Toxicroak, F|100/100|[from] Flip Turn
|move|p2a: Alomomola|Wish|p2a: Alomomola
|
|upkeep
|turn|25
|
|t:|1758234243
|switch|p2a: Clefable|Clefable, M|87/100 tox
|move|p1a: Toxicroak|Drain Punch|p2a: Clefable
|-resisted|p2a: Clefable
|-damage|p2a: Clefable|76/100 tox
|
|-heal|p2a: Clefable|100/100 tox|[from] move: Wish|[wisher] Alomomola
|upkeep
|turn|26
|
|t:|1758234247
|move|p1a: Toxicroak|Drain Punch|p2a: Clefable
|-resisted|p2a: Clefable
|-damage|p2a: Clefable|89/100 tox
|move|p2a: Clefable|Moonblast|p1a: Toxicroak
|-damage|p1a: Toxicroak|63/100
|-unboost|p1a: Toxicroak|spa|1
|
|upkeep
|turn|27
|
|t:|1758234252
|move|p1a: Toxicroak|Encore|p2a: Clefable
|-start|p2a: Clefable|Encore
|move|p2a: Clefable|Moonblast|p1a: Toxicroak
|-damage|p1a: Toxicroak|19/100
|
|upkeep
|turn|28
|
|t:|1758234257
|switch|p1a: Iron Treads|Iron Treads|100/100
|move|p2a: Clefable|Moonblast|p1a: Iron Treads
|-resisted|p1a: Iron Treads
|-damage|p1a: Iron Treads|88/100
|
|-heal|p1a: Iron Treads|94/100|[from] item: Leftovers
|upkeep
|turn|29
|
|t:|1758234262
|switch|p2a: Alomomola|Alomomola, F|100/100
|move|p1a: Iron Treads|Earthquake|p2a: Alomomola
|-damage|p2a: Alomomola|77/100
|
|-heal|p1a: Iron Treads|99/100|[from] item: Leftovers
|upkeep
|turn|30
|
|t:|1758234275
|switch|p2a: Latios|Latios, M|100/100
|-damage|p2a: Latios|88/100|[from] Stealth Rock
|move|p1a: Iron Treads|Volt Switch|p2a: Latios
|-resisted|p2a: Latios
|-crit|p2a: Latios
|-damage|p2a: Latios|79/100
|
|t:|1758234279
|-end|p1a: Iron Treads|Quark Drive|[silent]
|switch|p1a: Hatterene|Hatterene, F|62/100|[from] Volt Switch
|
|upkeep
|turn|31
|
|t:|1758234290
|move|p2a: Latios|Flip Turn|p1a: Hatterene
|-damage|p1a: Hatterene|52/100
|
|t:|1758234294
|switch|p2a: Iron Treads|Iron Treads|74/100|[from] Flip Turn
|-damage|p2a: Iron Treads|71/100|[from] Stealth Rock
|move|p1a: Hatterene|Draining Kiss|p2a: Iron Treads
|-resisted|p2a: Iron Treads
|-damage|p2a: Iron Treads|64/100
|-heal|p1a: Hatterene|58/100|[from] drain|[of] p2a: Iron Treads
|
|upkeep
|turn|32
|
|t:|1758234316
|move|p2a: Iron Treads|Rapid Spin|p1a: Hatterene
|-damage|p1a: Hatterene|47/100
|-boost|p2a: Iron Treads|spe|1
|-sideend|p2: noob1877|Stealth Rock|[from] move: Rapid Spin|[of] p2a: Iron Treads
|move|p1a: Hatterene|Healing Wish|p1a: Hatterene
|faint|p1a: Hatterene
|
|upkeep
|
|t:|1758234324
|switch|p1a: Barraskewda|Barraskewda, F|100/100
|turn|33
|
|t:|1758234332
|-end|p2a: Iron Treads|Quark Drive|[silent]
|switch|p2a: Alomomola|Alomomola, F|100/100
|move|p1a: Barraskewda|Close Combat|p2a: Alomomola
|-damage|p2a: Alomomola|63/100
|-unboost|p1a: Barraskewda|def|1
|-unboost|p1a: Barraskewda|spd|1
|
|upkeep
|turn|34
|
|t:|1758234342
|move|p1a: Barraskewda|Close Combat|p2a: Alomomola
|-damage|p2a: Alomomola|21/100
|-unboost|p1a: Barraskewda|def|1
|-unboost|p1a: Barraskewda|spd|1
|move|p2a: Alomomola|Wish|p2a: Alomomola
|
|upkeep
|turn|35
|
|t:|1758234346
|switch|p1a: Zapdos|Zapdos|58/100
|-heal|p1a: Zapdos|100/100|[from] move: Healing Wish
|move|p2a: Alomomola|Protect||[still]
|-fail|p2a: Alomomola
|
|-heal|p2a: Alomomola|71/100|[from] move: Wish|[wisher] Alomomola
|upkeep
|turn|36
|
|t:|1758234354
|switch|p2a: Iron Treads|Iron Treads|64/100
|move|p1a: Zapdos|Hurricane|p2a: Iron Treads
|-resisted|p2a: Iron Treads
|-damage|p2a: Iron Treads|43/100
|
|upkeep
|turn|37
|
|t:|1758234370
|move|p1a: Zapdos|Hurricane|p2a: Iron Treads|[miss]
|-miss|p1a: Zapdos|p2a: Iron Treads
|move|p2a: Iron Treads|Volt Switch|p1a: Zapdos
|-damage|p1a: Zapdos|88/100
|
|t:|1758234372
|-end|p2a: Iron Treads|Quark Drive|[silent]
|switch|p2a: Latios|Latios, M|79/100|[from] Volt Switch
|
|upkeep
|turn|38
|
|t:|1758234386
|switch|p1a: Iron Treads|Iron Treads|99/100
|move|p2a: Latios|Draco Meteor|p1a: Iron Treads
|-resisted|p1a: Iron Treads
|-damage|p1a: Iron Treads|56/100
|-unboost|p2a: Latios|spa|2
|
|-heal|p1a: Iron Treads|62/100|[from] item: Leftovers
|upkeep
|turn|39
|
|t:|1758234390
|switch|p2a: Alomomola|Alomomola, F|100/100
|move|p1a: Iron Treads|Volt Switch|p2a: Alomomola
|-supereffective|p2a: Alomomola
|-damage|p2a: Alomomola|81/100
|
|t:|1758234392
|-end|p1a: Iron Treads|Quark Drive|[silent]
|switch|p1a: Zapdos|Zapdos|88/100|[from] Volt Switch
|
|upkeep
|turn|40
|
|t:|1758234399
|-terastallize|p1a: Zapdos|Flying
|move|p2a: Alomomola|Protect|p2a: Alomomola
|-singleturn|p2a: Alomomola|Protect
|move|p1a: Zapdos|Hurricane|p2a: Alomomola
|-activate|p2a: Alomomola|move: Protect
|
|upkeep
|turn|41
|
|t:|1758234424
|switch|p2a: Hydrapple|Hydrapple, M|100/100
|move|p1a: Zapdos|Hurricane|p2a: Hydrapple|[miss]
|-miss|p1a: Zapdos|p2a: Hydrapple
|
|upkeep
|turn|42
|
|t:|1758234429
|move|p1a: Zapdos|Hurricane|p2a: Hydrapple|[miss]
|-miss|p1a: Zapdos|p2a: Hydrapple
|move|p2a: Hydrapple|Fickle Beam|p1a: Zapdos
|-damage|p1a: Zapdos|34/100
|
|upkeep
|turn|43
|
|t:|1758234435
|-terastallize|p2a: Hydrapple|Steel
|move|p1a: Zapdos|Hurricane|p2a: Hydrapple
|-resisted|p2a: Hydrapple
|-damage|p2a: Hydrapple|41/100
|-start|p2a: Hydrapple|confusion
|-activate|p2a: Hydrapple|confusion
|move|p2a: Hydrapple|Fickle Beam|p1a: Zapdos
|-damage|p1a: Zapdos|0 fnt
|faint|p1a: Zapdos
|
|upkeep
|
|t:|1758234444
|switch|p1a: Toxicroak|Toxicroak, F|19/100
|turn|44
|
|t:|1758234452
|switch|p1a: Barraskewda|Barraskewda, F|100/100
|switch|p2a: Clefable|Clefable, M|89/100 tox
|
|upkeep
|turn|45
|
|t:|1758234462
|switch|p2a: Alomomola|Alomomola, F|100/100
|move|p1a: Barraskewda|Liquidation|p2a: Alomomola
|-resisted|p2a: Alomomola
|-damage|p2a: Alomomola|81/100
|
|upkeep
|turn|46
|
|t:|1758234466
|switch|p1a: Toxicroak|Toxicroak, F|19/100
|switch|p2a: Meowscarada|Meowscarada, M|100/100
|
|upkeep
|turn|47
|
|t:|1758234480
|move|p2a: Meowscarada|U-turn|p1a: Toxicroak
|-start|p2a: Meowscarada|typechange|Bug|[from] ability: Protean
|-resisted|p1a: Toxicroak
|-damage|p1a: Toxicroak|12/100
|-damage|p2a: Meowscarada|84/100|[from] item: Rocky Helmet|[of] p1a: Toxicroak
|
|t:|1758234485
|switch|p2a: Clefable|Clefable, M|89/100 tox|[from] U-turn
|move|p1a: Toxicroak|Drain Punch|p2a: Clefable
|-resisted|p2a: Clefable
|-damage|p2a: Clefable|79/100 tox
|-heal|p1a: Toxicroak|17/100|[from] drain|[of] p2a: Clefable
|
|upkeep
|turn|48
|
|t:|1758234490
|switch|p1a: Iron Treads|Iron Treads|62/100
|move|p2a: Clefable|Stealth Rock|p1a: Iron Treads
|-sidestart|p1: Mr.X&Y97|move: Stealth Rock
|
|-heal|p1a: Iron Treads|68/100|[from] item: Leftovers
|upkeep
|turn|49
|
|t:|1758234498
|switch|p2a: Latios|Latios, M|79/100
|move|p1a: Iron Treads|Rapid Spin|p2a: Latios
|-damage|p2a: Latios|62/100
|-boost|p1a: Iron Treads|spe|1
|-sideend|p1: Mr.X&Y97|Stealth Rock|[from] move: Rapid Spin|[of] p1a: Iron Treads
|
|-heal|p1a: Iron Treads|74/100|[from] item: Leftovers
|upkeep
|turn|50
|
|t:|1758234508
|-end|p1a: Iron Treads|Quark Drive|[silent]
|switch|p1a: Toxicroak|Toxicroak, F|17/100
|move|p2a: Latios|Aura Sphere|p1a: Toxicroak
|-resisted|p1a: Toxicroak
|-damage|p1a: Toxicroak|0 fnt
|faint|p1a: Toxicroak
|
|upkeep
|-message|Mr.X&Y97 forfeited.
|
|win|noob1877
|raw|Mr.X&amp;Y97's rating: 1682 &rarr; <strong>1664</strong><br />(-18 for losing)
|raw|noob1877's rating: 1719 &rarr; <strong>1737</strong><br />(+18 for winning)
|l|☆Mr.X&Y97
|player|p1|
|l|☆noob1877
|player|p2|
