|j|☆Mr. Mekky▲
|j|☆xshupuppy
|t:|1758341579
|gametype|singles
|player|p1|Mr. Mekky▲|dancer|1339
|player|p2|xshupuppy|170|1299
|gen|9
|tier|[Gen 9] OU
|rated|
|rule|HP Percentage Mod: HP is shown in percentages
|rule|Endless Battle Clause: Forcing endless battles is banned
|rule|Species Clause: Limit one of each Pokémon
|rule|OHKO Clause: OHKO moves are banned
|rule|Evasion Items Clause: Evasion items are banned
|rule|Evasion Moves Clause: Evasion moves are banned
|rule|Evasion Abilities Clause: Evasion abilities are banned
|rule|Sleep Moves Clause: Sleep-inducing moves are banned
|clearpoke
|poke|p1|Glimmora, M|
|poke|p1|Ogerpon-Wellspring, F|
|poke|p1|Kingambit, M|
|poke|p1|Dragapult, F|
|poke|p1|Deoxys-Speed|
|poke|p1|Moltres|
|poke|p2|Kleavor, F|
|poke|p2|Brambleghast, M|
|poke|p2|Moltres|
|poke|p2|Mamoswine, F|
|poke|p2|Pecharunt|
|poke|p2|Kingambit, F|
|teampreview
|
|t:|1758341591
|teamsize|p1|6
|teamsize|p2|6
|start
|switch|p1a: Glimmora|Glimmora, M|100/100
|switch|p2a: Mamoswine|Mamoswine, F|100/100
|turn|1
|
|t:|1758341621
|move|p1a: Glimmora|Stealth Rock|p2a: Mamoswine
|-sidestart|p2: xshupuppy|move: Stealth Rock
|move|p2a: Mamoswine|Earthquake|p1a: Glimmora
|-supereffective|p1a: Glimmora
|-enditem|p1a: Glimmora|Focus Sash
|-damage|p1a: Glimmora|1/100
|-activate|p1a: Glimmora|ability: Toxic Debris
|-sidestart|p2: xshupuppy|move: Toxic Spikes
|
|upkeep
|turn|2
|
|t:|1758341634
|switch|p1a: Moltres|Moltres|100/100
|move|p2a: Mamoswine|Ice Shard|p1a: Moltres
|-damage|p1a: Moltres|83/100
|
|upkeep
|turn|3
|
|t:|1758341645
|switch|p2a: Kleavor|Kleavor, F|100/100
|-damage|p2a: Kleavor|76/100|[from] Stealth Rock
|-status|p2a: Kleavor|psn
|move|p1a: Moltres|Flamethrower|p2a: Kleavor
|-damage|p2a: Kleavor|19/100 psn
|
|-damage|p2a: Kleavor|7/100 psn|[from] psn
|upkeep
|turn|4
|
|t:|1758341668
|switch|p1a: Glimmora|Glimmora, M|1/100
|move|p2a: Kleavor|Stone Axe|p1a: Glimmora
|-damage|p1a: Glimmora|0 fnt
|-activate|p1a: Glimmora|ability: Toxic Debris
|-sidestart|p2: xshupuppy|move: Toxic Spikes
|-sidestart|p1: Mr. Mekky▲|move: Stealth Rock
|faint|p1a: Glimmora
|
|-damage|p2a: Kleavor|0 fnt|[from] psn
|faint|p2a: Kleavor
|upkeep
|
|t:|1758341692
|switch|p1a: Dragapult|Dragapult, F|100/100
|switch|p2a: Pecharunt|Pecharunt|100/100
|-damage|p1a: Dragapult|88/100|[from] Stealth Rock
|-damage|p2a: Pecharunt|88/100|[from] Stealth Rock
|-item|p2a: Pecharunt|Air Balloon
|turn|5
|
|t:|1758341701
|switch|p2a: Kingambit|Kingambit, F|100/100
|-damage|p2a: Kingambit|94/100|[from] Stealth Rock
|-activate|p2a: Kingambit|ability: Supreme Overlord
|-start|p2a: Kingambit|fallen1|[silent]
|move|p1a: Dragapult|Shadow Ball|p2a: Kingambit
|-resisted|p2a: Kingambit
|-damage|p2a: Kingambit|63/100
|
|upkeep
|turn|6
|
|t:|1758341714
|switch|p1a: Moltres|Moltres|83/100
|move|p2a: Kingambit|Kowtow Cleave|p1a: Moltres
|-damage|p1a: Moltres|39/100
|
|upkeep
|turn|7
|
|t:|1758341723
|move|p2a: Kingambit|Sucker Punch||[still]
|-fail|p2a: Kingambit
|move|p1a: Moltres|Roost|p1a: Moltres
|-heal|p1a: Moltres|89/100
|-singleturn|p1a: Moltres|move: Roost
|
|upkeep
|turn|8
|
|t:|1758341732
|-end|p2a: Kingambit|fallen1|[silent]
|switch|p2a: Pecharunt|Pecharunt|88/100
|-damage|p2a: Pecharunt|76/100|[from] Stealth Rock
|-item|p2a: Pecharunt|Air Balloon
|move|p1a: Moltres|Roar|p2a: Pecharunt
|drag|p2a: Kingambit|Kingambit, F|63/100
|-damage|p2a: Kingambit|57/100|[from] Stealth Rock
|-activate|p2a: Kingambit|ability: Supreme Overlord
|-start|p2a: Kingambit|fallen1|[silent]
|
|upkeep
|turn|9
|
|t:|1758341743
|-end|p2a: Kingambit|fallen1|[silent]
|switch|p2a: Pecharunt|Pecharunt|76/100
|-damage|p2a: Pecharunt|64/100|[from] Stealth Rock
|-item|p2a: Pecharunt|Air Balloon
|move|p1a: Moltres|Flamethrower|p2a: Pecharunt
|-damage|p2a: Pecharunt|19/100
|-enditem|p2a: Pecharunt|Air Balloon
|
|upkeep
|turn|10
|
|t:|1758341752
|switch|p2a: Moltres|Moltres|100/100
|move|p1a: Moltres|Flamethrower|p2a: Moltres
|-resisted|p2a: Moltres
|-damage|p2a: Moltres|81/100
|
|upkeep
|turn|11
|
|t:|1758341755
|move|p2a: Moltres|Tailwind|p2a: Moltres
|-sidestart|p2: xshupuppy|move: Tailwind
|move|p1a: Moltres|Roar|p2a: Moltres
|drag|p2a: Kingambit|Kingambit, F|57/100
|-damage|p2a: Kingambit|51/100|[from] Stealth Rock
|-activate|p2a: Kingambit|ability: Supreme Overlord
|-start|p2a: Kingambit|fallen1|[silent]
|
|upkeep
|turn|12
|
|t:|1758341771
|-end|p2a: Kingambit|fallen1|[silent]
|switch|p2a: Pecharunt|Pecharunt|19/100
|-damage|p2a: Pecharunt|6/100|[from] Stealth Rock
|-sideend|p2: xshupuppy|move: Toxic Spikes|[of] p2a: Pecharunt
|move|p1a: Moltres|Flamethrower|p2a: Pecharunt
|-damage|p2a: Pecharunt|0 fnt
|faint|p2a: Pecharunt
|
|upkeep
|
|t:|1758341773
|switch|p2a: Brambleghast|Brambleghast, M, shiny|100/100
|-damage|p2a: Brambleghast|88/100|[from] Stealth Rock
|-ability|p2a: Brambleghast|Wind Rider|boost
|-boost|p2a: Brambleghast|atk|1
|turn|13
|
|t:|1758341784
|move|p2a: Brambleghast|Poltergeist|p1a: Moltres
|-activate|p1a: Moltres|move: Poltergeist|Heavy-Duty Boots
|-damage|p1a: Moltres|24/100
|-damage|p2a: Brambleghast|78/100|[from] item: Life Orb
|move|p1a: Moltres|Flamethrower|p2a: Brambleghast
|-supereffective|p2a: Brambleghast
|-damage|p2a: Brambleghast|0 fnt
|faint|p2a: Brambleghast
|
|upkeep
|-message|xshupuppy forfeited.
|
|win|Mr. Mekky▲
|raw|Mr. Mekky▲'s rating: 1339 &rarr; <strong>1357</strong><br />(+18 for winning)
|raw|xshupuppy's rating: 1299 &rarr; <strong>1277</strong><br />(-22 for losing)
|l|☆xshupuppy
|player|p2|
|l|☆Mr. Mekky▲
|player|p1|
