|j|☆c.empty
|j|☆Shell7
|t:|1758272408
|gametype|singles
|player|p1|c.empty|265|1282
|player|p2|Shell7|169|1361
|gen|9
|tier|[Gen 9] OU
|rated|
|rule|HP Percentage Mod: HP is shown in percentages
|rule|Endless Battle Clause: Forcing endless battles is banned
|rule|Species Clause: Limit one of each Pokémon
|rule|OHKO Clause: OHKO moves are banned
|rule|Evasion Items Clause: Evasion items are banned
|rule|Evasion Moves Clause: Evasion moves are banned
|rule|Evasion Abilities Clause: Evasion abilities are banned
|rule|Sleep Moves Clause: Sleep-inducing moves are banned
|clearpoke
|poke|p1|Moltres|
|poke|p1|Landorus-Therian, M|
|poke|p1|Hydrapple, M|
|poke|p1|Great Tusk|
|poke|p1|Slowking-Galar, F|
|poke|p1|Gholdengo|
|poke|p2|Ceruledge, F|
|poke|p2|Ninetales-Alola, M|
|poke|p2|Kyurem|
|poke|p2|Corviknight, M|
|poke|p2|Cetitan, M|
|poke|p2|Tornadus-Therian, M|
|teampreview
|
|t:|1758272425
|teamsize|p1|6
|teamsize|p2|6
|start
|switch|p1a: Moltres|Moltres|100/100
|switch|p2a: Tornadus|Tornadus-Therian, M|100/100
|turn|1
|
|t:|1758272433
|move|p2a: Tornadus|U-turn|p1a: Moltres
|-resisted|p1a: Moltres
|-damage|p1a: Moltres|98/100
|
|t:|1758272459
|switch|p2a: Ceruledge|Ceruledge, F, shiny|100/100|[from] U-turn
|move|p1a: Moltres|Flamethrower|p2a: Ceruledge
|-start|p2a: Ceruledge|ability: Flash Fire
|
|upkeep
|turn|2
|inactive|Battle timer is ON: inactive players will automatically lose when time's up. (requested by c.empty)
|
|t:|1758272475
|move|p2a: Ceruledge|Bulk Up|p2a: Ceruledge
|-boost|p2a: Ceruledge|atk|1
|-boost|p2a: Ceruledge|def|1
|move|p1a: Moltres|Roar|p2a: Ceruledge
|-end|p2a: Ceruledge|ability: Flash Fire|[silent]
|drag|p2a: Tornadus|Tornadus-Therian, M|100/100
|
|upkeep
|turn|3
|
|t:|1758272489
|move|p2a: Tornadus|U-turn|p1a: Moltres
|-resisted|p1a: Moltres
|-damage|p1a: Moltres|95/100
|-status|p2a: Tornadus|brn|[from] ability: Flame Body|[of] p1a: Moltres
|
|t:|1758272497
|switch|p2a: Ninetales|Ninetales-Alola, M|100/100|[from] U-turn
|-weather|Snowscape|[from] ability: Snow Warning|[of] p2a: Ninetales
|move|p1a: Moltres|U-turn|p2a: Ninetales
|-resisted|p2a: Ninetales
|-damage|p2a: Ninetales|94/100
|
|t:|1758272505
|switch|p1a: Gholdengo|Gholdengo|100/100|[from] U-turn
|-item|p1a: Gholdengo|Air Balloon
|
|-weather|Snowscape|[upkeep]
|upkeep
|turn|4
|
|t:|1758272516
|move|p2a: Ninetales|Aurora Veil|p2a: Ninetales
|-sidestart|p2: Shell7|move: Aurora Veil
|move|p1a: Gholdengo|Make It Rain|p2a: Ninetales
|-supereffective|p2a: Ninetales
|-crit|p2a: Ninetales
|-damage|p2a: Ninetales|0 fnt
|-unboost|p1a: Gholdengo|spa|1
|faint|p2a: Ninetales
|
|-weather|Snowscape|[upkeep]
|upkeep
|
|t:|1758272519
|switch|p2a: Ceruledge|Ceruledge, F, shiny|100/100
|turn|5
|
|t:|1758272524
|switch|p1a: Moltres|Moltres|95/100
|move|p2a: Ceruledge|Bulk Up|p2a: Ceruledge
|-boost|p2a: Ceruledge|atk|1
|-boost|p2a: Ceruledge|def|1
|
|-weather|Snowscape|[upkeep]
|upkeep
|turn|6
|
|t:|1758272530
|move|p2a: Ceruledge|Poltergeist|p1a: Moltres
|-activate|p1a: Moltres|move: Poltergeist|Heavy-Duty Boots
|-damage|p1a: Moltres|39/100
|move|p1a: Moltres|Roar|p2a: Ceruledge
|drag|p2a: Corviknight|Corviknight, M|100/100
|-ability|p2a: Corviknight|Pressure
|
|-weather|Snowscape|[upkeep]
|upkeep
|turn|7
|
|t:|1758272542
|switch|p2a: Cetitan|Cetitan, M, shiny|100/100
|move|p1a: Moltres|Roost|p1a: Moltres
|-heal|p1a: Moltres|90/100
|-singleturn|p1a: Moltres|move: Roost
|
|-weather|Snowscape|[upkeep]
|upkeep
|turn|8
|
|t:|1758272561
|switch|p1a: Hydrapple|Hydrapple, M|100/100
|move|p2a: Cetitan|Belly Drum|p2a: Cetitan
|-damage|p2a: Cetitan|50/100
|-setboost|p2a: Cetitan|atk|6|[from] move: Belly Drum
|-enditem|p2a: Cetitan|Sitrus Berry|[eat]
|-heal|p2a: Cetitan|75/100|[from] item: Sitrus Berry
|
|-weather|Snowscape|[upkeep]
|-sideend|p2: Shell7|move: Aurora Veil
|upkeep
|turn|9
|
|t:|1758272567
|move|p2a: Cetitan|Ice Spinner|p1a: Hydrapple
|-supereffective|p1a: Hydrapple
|-damage|p1a: Hydrapple|0 fnt
|-damage|p2a: Cetitan|59/100|[from] item: Rocky Helmet|[of] p1a: Hydrapple
|faint|p1a: Hydrapple
|
|-weather|Snowscape|[upkeep]
|upkeep
|
|t:|1758272579
|switch|p1a: Moltres|Moltres|90/100
|turn|10
|
|t:|1758272590
|move|p2a: Cetitan|Liquidation|p1a: Moltres
|-supereffective|p1a: Moltres
|-damage|p1a: Moltres|0 fnt
|faint|p1a: Moltres
|
|-weather|none
|upkeep
|
|t:|1758272602
|switch|p1a: Gholdengo|Gholdengo|100/100
|-item|p1a: Gholdengo|Air Balloon
|turn|11
|
|t:|1758272608
|-terastallize|p2a: Cetitan|Water
|move|p2a: Cetitan|Liquidation|p1a: Gholdengo
|-damage|p1a: Gholdengo|0 fnt
|-enditem|p1a: Gholdengo|Air Balloon
|faint|p1a: Gholdengo
|
|upkeep
|
|t:|1758272619
|switch|p1a: Great Tusk|Great Tusk|100/100
|turn|12
|
|t:|1758272628
|move|p2a: Cetitan|Ice Shard|p1a: Great Tusk
|-supereffective|p1a: Great Tusk
|-damage|p1a: Great Tusk|0 fnt
|faint|p1a: Great Tusk
|-end|p1a: Great Tusk|Protosynthesis|[silent]
|
|upkeep
|-message|c.empty forfeited.
|
|win|Shell7
|raw|c.empty's rating: 1282 &rarr; <strong>1263</strong><br />(-19 for losing)
|raw|Shell7's rating: 1361 &rarr; <strong>1377</strong><br />(+16 for winning)
|l|☆c.empty
|player|p1|
|l|☆Shell7
|player|p2|
