|j|☆TEATRERO MUGROSO
|j|☆Leroswend
|t:|1758271958
|gametype|singles
|player|p1|TEATRERO MUGROSO|cynthia-gen4|1168
|player|p2|Leroswend|cynthia-gen4|1242
|gen|9
|tier|[Gen 9] OU
|rated|
|rule|HP Percentage Mod: HP is shown in percentages
|rule|Endless Battle Clause: Forcing endless battles is banned
|rule|Species Clause: Limit one of each Pokémon
|rule|OHKO Clause: OHKO moves are banned
|rule|Evasion Items Clause: Evasion items are banned
|rule|Evasion Moves Clause: Evasion moves are banned
|rule|Evasion Abilities Clause: Evasion abilities are banned
|rule|Sleep Moves Clause: Sleep-inducing moves are banned
|clearpoke
|poke|p1|Clefable, F|
|poke|p1|Blastoise, M|
|poke|p1|Gengar, M|
|poke|p1|Magneton|
|poke|p1|Dragonite, F|
|poke|p1|Moltres|
|poke|p2|Scizor, F|
|poke|p2|Great Tusk|
|poke|p2|Greninja-*, M|
|poke|p2|Garchomp, F|
|poke|p2|Skeledirge, M|
|poke|p2|Iron Valiant|
|teampreview
|inactive|Battle timer is ON: inactive players will automatically lose when time's up. (requested by Leroswend)
|inactive|TEATRERO MUGROSO also wants the timer to be on.
|
|t:|1758271988
|teamsize|p1|6
|teamsize|p2|6
|start
|switch|p1a: Clefable|Clefable, F|100/100
|switch|p2a: Great Tusk|Great Tusk|100/100
|turn|1
|
|t:|1758271998
|switch|p1a: Moltres|Moltres|100/100
|move|p2a: Great Tusk|Stealth Rock|p1a: Moltres
|-sidestart|p1: TEATRERO MUGROSO|move: Stealth Rock
|
|upkeep
|turn|2
|
|t:|1758272013
|-end|p2a: Great Tusk|Protosynthesis|[silent]
|switch|p2a: Greninja|Greninja, M|100/100
|move|p1a: Moltres|Will-O-Wisp|p2a: Greninja
|-status|p2a: Greninja|brn
|
|-damage|p2a: Greninja|95/100 brn|[from] brn
|upkeep
|turn|3
|
|t:|1758272027
|switch|p1a: Clefable|Clefable, F|100/100
|-damage|p1a: Clefable|88/100|[from] Stealth Rock
|move|p2a: Greninja|Surf|p1a: Clefable
|-damage|p1a: Clefable|54/100
|-damage|p2a: Greninja|85/100 brn|[from] item: Life Orb
|
|-heal|p1a: Clefable|60/100|[from] item: Leftovers
|-damage|p2a: Greninja|79/100 brn|[from] brn
|upkeep
|turn|4
|
|t:|1758272041
|-terastallize|p2a: Greninja|Water
|move|p2a: Greninja|Surf|p1a: Clefable
|-damage|p1a: Clefable|14/100
|-damage|p2a: Greninja|69/100 brn|[from] item: Life Orb
|move|p1a: Clefable|Moonlight|p1a: Clefable
|-heal|p1a: Clefable|64/100
|
|-heal|p1a: Clefable|70/100|[from] item: Leftovers
|-damage|p2a: Greninja|63/100 brn|[from] brn
|upkeep
|turn|5
|
|t:|1758272051
|move|p2a: Greninja|Surf|p1a: Clefable
|-damage|p1a: Clefable|22/100
|-damage|p2a: Greninja|53/100 brn|[from] item: Life Orb
|move|p1a: Clefable|Moonlight|p1a: Clefable
|-heal|p1a: Clefable|72/100
|
|-heal|p1a: Clefable|78/100|[from] item: Leftovers
|-damage|p2a: Greninja|47/100 brn|[from] brn
|upkeep
|turn|6
|
|t:|1758272060
|move|p2a: Greninja|Surf|p1a: Clefable
|-damage|p1a: Clefable|31/100
|-damage|p2a: Greninja|37/100 brn|[from] item: Life Orb
|move|p1a: Clefable|Moonlight|p1a: Clefable
|-heal|p1a: Clefable|81/100
|
|-heal|p1a: Clefable|87/100|[from] item: Leftovers
|-damage|p2a: Greninja|31/100 brn|[from] brn
|upkeep
|turn|7
|
|t:|1758272071
|move|p2a: Greninja|Surf|p1a: Clefable
|-damage|p1a: Clefable|42/100
|-damage|p2a: Greninja|22/100 brn|[from] item: Life Orb
|move|p1a: Clefable|Moonlight|p1a: Clefable
|-heal|p1a: Clefable|92/100
|
|-heal|p1a: Clefable|98/100|[from] item: Leftovers
|-damage|p2a: Greninja|16/100 brn|[from] brn
|upkeep
|turn|8
|
|t:|1758272082
|move|p2a: Greninja|Surf|p1a: Clefable
|-damage|p1a: Clefable|55/100
|-damage|p2a: Greninja|6/100 brn|[from] item: Life Orb
|move|p1a: Clefable|Moonlight|p1a: Clefable
|-heal|p1a: Clefable|100/100
|
|-damage|p2a: Greninja|0 fnt|[from] brn
|faint|p2a: Greninja
|upkeep
|
|t:|1758272094
|switch|p2a: Skeledirge|Skeledirge, M|100/100
|turn|9
|
|t:|1758272106
|move|p2a: Skeledirge|Torch Song|p1a: Clefable
|-damage|p1a: Clefable|79/100
|-boost|p2a: Skeledirge|spa|1
|move|p1a: Clefable|Thunder Wave|p2a: Skeledirge
|-status|p2a: Skeledirge|par
|
|-heal|p1a: Clefable|85/100|[from] item: Leftovers
|upkeep
|turn|10
|
|t:|1758272116
|move|p1a: Clefable|Stealth Rock|p2a: Skeledirge
|-sidestart|p2: Leroswend|move: Stealth Rock
|move|p2a: Skeledirge|Torch Song|p1a: Clefable
|-damage|p1a: Clefable|64/100
|-boost|p2a: Skeledirge|spa|1
|
|-heal|p1a: Clefable|70/100|[from] item: Leftovers
|upkeep
|turn|11
|
|t:|1758272132
|switch|p1a: Magneton|Magneton|100/100
|-damage|p1a: Magneton|94/100|[from] Stealth Rock
|switch|p2a: Scizor|Scizor, F|100/100
|-damage|p2a: Scizor|88/100|[from] Stealth Rock
|
|upkeep
|turn|12
|
|t:|1758272144
|move|p1a: Magneton|Volt Switch|p2a: Scizor
|-damage|p2a: Scizor|19/100
|
|t:|1758272148
|switch|p1a: Moltres|Moltres|100/100|[from] Volt Switch
|move|p2a: Scizor|U-turn|p1a: Moltres
|-resisted|p1a: Moltres
|-damage|p1a: Moltres|87/100
|-status|p2a: Scizor|brn|[from] ability: Flame Body|[of] p1a: Moltres
|
|t:|1758272160
|switch|p2a: Iron Valiant|Iron Valiant|100/100|[from] U-turn
|-damage|p2a: Iron Valiant|94/100|[from] Stealth Rock
|-enditem|p2a: Iron Valiant|Booster Energy
|-activate|p2a: Iron Valiant|ability: Quark Drive|[fromitem]
|-start|p2a: Iron Valiant|quarkdrivespe
|
|upkeep
|turn|13
|
|t:|1758272178
|switch|p1a: Clefable|Clefable, F|70/100
|-damage|p1a: Clefable|58/100|[from] Stealth Rock
|move|p2a: Iron Valiant|Thunderbolt|p1a: Clefable
|-damage|p1a: Clefable|37/100
|
|-heal|p1a: Clefable|44/100|[from] item: Leftovers
|upkeep
|turn|14
|
|t:|1758272186
|move|p2a: Iron Valiant|Moonblast|p1a: Clefable
|-damage|p1a: Clefable|10/100
|-unboost|p1a: Clefable|spa|1
|move|p1a: Clefable|Moonlight|p1a: Clefable
|-heal|p1a: Clefable|60/100
|
|-heal|p1a: Clefable|66/100|[from] item: Leftovers
|upkeep
|turn|15
|
|t:|1758272194
|move|p2a: Iron Valiant|Encore|p1a: Clefable
|-start|p1a: Clefable|Encore
|move|p1a: Clefable|Moonlight|p1a: Clefable
|-heal|p1a: Clefable|100/100
|
|upkeep
|turn|16
|
|t:|1758272200
|switch|p1a: Magneton|Magneton|94/100
|-damage|p1a: Magneton|88/100|[from] Stealth Rock
|move|p2a: Iron Valiant|Moonblast|p1a: Magneton
|-resisted|p1a: Magneton
|-damage|p1a: Magneton|41/100
|
|upkeep
|turn|17
|
|t:|1758272212
|switch|p1a: Clefable|Clefable, F|100/100
|-damage|p1a: Clefable|88/100|[from] Stealth Rock
|move|p2a: Iron Valiant|Vacuum Wave|p1a: Clefable
|-resisted|p1a: Clefable
|-damage|p1a: Clefable|81/100
|
|-heal|p1a: Clefable|87/100|[from] item: Leftovers
|upkeep
|turn|18
|
|t:|1758272219
|move|p2a: Iron Valiant|Moonblast|p1a: Clefable
|-damage|p1a: Clefable|54/100
|-unboost|p1a: Clefable|spa|1
|move|p1a: Clefable|Thunder Wave|p2a: Iron Valiant
|-status|p2a: Iron Valiant|par
|
|-heal|p1a: Clefable|61/100|[from] item: Leftovers
|upkeep
|turn|19
|
|t:|1758272242
|switch|p1a: Magneton|Magneton|41/100
|-damage|p1a: Magneton|35/100|[from] Stealth Rock
|move|p2a: Iron Valiant|Encore||[still]
|-fail|p2a: Iron Valiant
|
|upkeep
|turn|20
|
|t:|1758272251
|switch|p1a: Clefable|Clefable, F|61/100
|-damage|p1a: Clefable|48/100|[from] Stealth Rock
|cant|p2a: Iron Valiant|par
|
|-heal|p1a: Clefable|54/100|[from] item: Leftovers
|upkeep
|turn|21
|
|t:|1758272258
|cant|p2a: Iron Valiant|par
|move|p1a: Clefable|Moonlight|p1a: Clefable
|-heal|p1a: Clefable|100/100
|
|upkeep
|turn|22
|
|t:|1758272277
|switch|p1a: Magneton|Magneton|35/100
|-damage|p1a: Magneton|28/100|[from] Stealth Rock
|move|p2a: Iron Valiant|Encore||[still]
|-fail|p2a: Iron Valiant
|
|upkeep
|turn|23
|c|☆TEATRERO MUGROSO|hahah
|
|t:|1758272284
|move|p2a: Iron Valiant|Vacuum Wave|p1a: Magneton
|-supereffective|p1a: Magneton
|-damage|p1a: Magneton|0 fnt
|faint|p1a: Magneton
|
|upkeep
|
|t:|1758272293
|switch|p1a: Clefable|Clefable, F|100/100
|-damage|p1a: Clefable|88/100|[from] Stealth Rock
|turn|24
|
|t:|1758272296
|move|p2a: Iron Valiant|Moonblast|p1a: Clefable
|-crit|p1a: Clefable
|-damage|p1a: Clefable|41/100
|move|p1a: Clefable|Moonblast|p2a: Iron Valiant
|-supereffective|p2a: Iron Valiant
|-damage|p2a: Iron Valiant|0 fnt
|faint|p2a: Iron Valiant
|-end|p2a: Iron Valiant|Quark Drive|[silent]
|
|-heal|p1a: Clefable|47/100|[from] item: Leftovers
|upkeep
|
|t:|1758272308
|switch|p2a: Great Tusk|Great Tusk|100/100
|-damage|p2a: Great Tusk|98/100|[from] Stealth Rock
|turn|25
|
|t:|1758272317
|switch|p1a: Moltres|Moltres|87/100
|move|p2a: Great Tusk|Rapid Spin|p1a: Moltres
|-damage|p1a: Moltres|73/100
|-boost|p2a: Great Tusk|spe|1
|-sideend|p2: Leroswend|Stealth Rock|[from] move: Rapid Spin|[of] p2a: Great Tusk
|
|-heal|p2a: Great Tusk|100/100|[from] item: Leftovers
|upkeep
|turn|26
|
|t:|1758272331
|-end|p2a: Great Tusk|Protosynthesis|[silent]
|switch|p2a: Skeledirge|Skeledirge, M|100/100 par
|move|p1a: Moltres|Air Slash|p2a: Skeledirge
|-damage|p2a: Skeledirge|66/100 par
|
|upkeep
|turn|27
|
|t:|1758272337
|move|p1a: Moltres|Air Slash|p2a: Skeledirge
|-damage|p2a: Skeledirge|35/100 par
|cant|p2a: Skeledirge|par
|
|upkeep
|turn|28
|
|t:|1758272343
|move|p1a: Moltres|Air Slash|p2a: Skeledirge
|-damage|p2a: Skeledirge|2/100 par
|move|p2a: Skeledirge|Slack Off|p2a: Skeledirge
|-heal|p2a: Skeledirge|52/100 par
|
|upkeep
|turn|29
|
|t:|1758272348
|move|p1a: Moltres|Air Slash|p2a: Skeledirge
|-damage|p2a: Skeledirge|21/100 par
|move|p2a: Skeledirge|Slack Off|p2a: Skeledirge
|-heal|p2a: Skeledirge|71/100 par
|
|upkeep
|turn|30
|
|t:|1758272353
|move|p1a: Moltres|Air Slash|p2a: Skeledirge
|-crit|p2a: Skeledirge
|-damage|p2a: Skeledirge|19/100 par
|move|p2a: Skeledirge|Slack Off|p2a: Skeledirge
|-heal|p2a: Skeledirge|69/100 par
|
|upkeep
|turn|31
|
|t:|1758272359
|move|p1a: Moltres|Air Slash|p2a: Skeledirge
|-damage|p2a: Skeledirge|34/100 par
|cant|p2a: Skeledirge|flinch
|
|upkeep
|turn|32
|
|t:|1758272364
|move|p1a: Moltres|Air Slash|p2a: Skeledirge
|-damage|p2a: Skeledirge|2/100 par
|move|p2a: Skeledirge|Slack Off|p2a: Skeledirge
|-heal|p2a: Skeledirge|53/100 par
|
|upkeep
|turn|33
|
|t:|1758272371
|move|p1a: Moltres|Air Slash|p2a: Skeledirge
|-damage|p2a: Skeledirge|22/100 par
|move|p2a: Skeledirge|Slack Off|p2a: Skeledirge
|-heal|p2a: Skeledirge|72/100 par
|
|upkeep
|turn|34
|
|t:|1758272376
|move|p1a: Moltres|Air Slash|p2a: Skeledirge
|-damage|p2a: Skeledirge|37/100 par
|cant|p2a: Skeledirge|flinch
|
|upkeep
|turn|35
|
|t:|1758272381
|move|p1a: Moltres|Air Slash|p2a: Skeledirge
|-damage|p2a: Skeledirge|5/100 par
|cant|p2a: Skeledirge|flinch
|
|upkeep
|turn|36
|
|t:|1758272387
|switch|p2a: Garchomp|Garchomp, F|100/100
|move|p1a: Moltres|Air Slash|p2a: Garchomp
|-damage|p2a: Garchomp|66/100
|
|upkeep
|turn|37
|
|t:|1758272398
|switch|p2a: Scizor|Scizor, F|19/100 brn
|move|p1a: Moltres|Will-O-Wisp|p2a: Scizor
|-fail|p2a: Scizor|brn
|
|-damage|p2a: Scizor|13/100 brn|[from] brn
|upkeep
|turn|38
|
|t:|1758272405
|move|p1a: Moltres|Roost|p1a: Moltres
|-heal|p1a: Moltres|100/100
|-singleturn|p1a: Moltres|move: Roost
|move|p2a: Scizor|Knock Off|p1a: Moltres
|-damage|p1a: Moltres|77/100
|-enditem|p1a: Moltres|Heavy-Duty Boots|[from] move: Knock Off|[of] p2a: Scizor
|
|-damage|p2a: Scizor|7/100 brn|[from] brn
|upkeep
|turn|39
|
|t:|1758272415
|move|p1a: Moltres|Flamethrower|p2a: Scizor
|-supereffective|p2a: Scizor
|-damage|p2a: Scizor|0 fnt
|faint|p2a: Scizor
|
|upkeep
|
|t:|1758272426
|switch|p2a: Garchomp|Garchomp, F|66/100
|turn|40
|
|t:|1758272429
|move|p2a: Garchomp|Swords Dance|p2a: Garchomp
|-boost|p2a: Garchomp|atk|2
|move|p1a: Moltres|Will-O-Wisp|p2a: Garchomp
|-status|p2a: Garchomp|brn
|
|-damage|p2a: Garchomp|60/100 brn|[from] brn
|upkeep
|turn|41
|
|t:|1758272444
|switch|p1a: Clefable|Clefable, F|47/100
|-damage|p1a: Clefable|34/100|[from] Stealth Rock
|move|p2a: Garchomp|Swords Dance|p2a: Garchomp
|-boost|p2a: Garchomp|atk|2
|
|-heal|p1a: Clefable|40/100|[from] item: Leftovers
|-damage|p2a: Garchomp|53/100 brn|[from] brn
|upkeep
|turn|42
|
|t:|1758272453
|move|p2a: Garchomp|Earthquake|p1a: Clefable
|-damage|p1a: Clefable|12/100
|move|p1a: Clefable|Moonblast|p2a: Garchomp
|-supereffective|p2a: Garchomp
|-damage|p2a: Garchomp|0 fnt
|faint|p2a: Garchomp
|
|-heal|p1a: Clefable|18/100|[from] item: Leftovers
|upkeep
|
|t:|1758272458
|switch|p2a: Great Tusk|Great Tusk|100/100
|turn|43
|c|☆TEATRERO MUGROSO|unaware
|
|t:|1758272465
|move|p2a: Great Tusk|Ice Spinner|p1a: Clefable
|-damage|p1a: Clefable|0 fnt
|faint|p1a: Clefable
|
|upkeep
|
|t:|1758272471
|switch|p1a: Moltres|Moltres|77/100
|-damage|p1a: Moltres|27/100|[from] Stealth Rock
|turn|44
|
|t:|1758272478
|move|p1a: Moltres|Roost|p1a: Moltres
|-heal|p1a: Moltres|77/100
|-singleturn|p1a: Moltres|move: Roost
|move|p2a: Great Tusk|Ice Spinner|p1a: Moltres
|-resisted|p1a: Moltres
|-damage|p1a: Moltres|66/100
|
|upkeep
|turn|45
|c|☆TEATRERO MUGROSO|gg
|
|t:|1758272485
|move|p1a: Moltres|Air Slash|p2a: Great Tusk
|-supereffective|p2a: Great Tusk
|-damage|p2a: Great Tusk|19/100
|move|p2a: Great Tusk|Rapid Spin|p1a: Moltres
|-damage|p1a: Moltres|52/100
|-boost|p2a: Great Tusk|spe|1
|
|-heal|p2a: Great Tusk|25/100|[from] item: Leftovers
|upkeep
|turn|46
|
|t:|1758272493
|move|p2a: Great Tusk|Ice Spinner|p1a: Moltres
|-damage|p1a: Moltres|30/100
|move|p1a: Moltres|Air Slash|p2a: Great Tusk
|-supereffective|p2a: Great Tusk
|-damage|p2a: Great Tusk|0 fnt
|faint|p2a: Great Tusk
|-end|p2a: Great Tusk|Protosynthesis|[silent]
|
|upkeep
|
|t:|1758272497
|switch|p2a: Skeledirge|Skeledirge, M|5/100 par
|turn|47
|c|☆TEATRERO MUGROSO|ggggggg
|
|t:|1758272502
|move|p1a: Moltres|Air Slash|p2a: Skeledirge
|-damage|p2a: Skeledirge|0 fnt
|faint|p2a: Skeledirge
|
|win|TEATRERO MUGROSO
|raw|TEATRERO MUGROSO's rating: 1168 &rarr; <strong>1198</strong><br />(+30 for winning)
|raw|Leroswend's rating: 1242 &rarr; <strong>1212</strong><br />(-30 for losing)
|l|☆Leroswend
|player|p2|
|c|☆TEATRERO MUGROSO|my teram is full first gen
|l|☆TEATRERO MUGROSO
|player|p1|
