|j|☆WiildSide
|j|☆Chris466
|t:|1758345073
|gametype|singles
|player|p1|WiildSide|striker|1298
|player|p2|Chris466|red|1316
|gen|9
|tier|[Gen 9] OU
|rated|
|rule|HP Percentage Mod: HP is shown in percentages
|rule|Endless Battle Clause: Forcing endless battles is banned
|rule|Species Clause: Limit one of each Pokémon
|rule|OHKO Clause: OHKO moves are banned
|rule|Evasion Items Clause: Evasion items are banned
|rule|Evasion Moves Clause: Evasion moves are banned
|rule|Evasion Abilities Clause: Evasion abilities are banned
|rule|Sleep Moves Clause: Sleep-inducing moves are banned
|clearpoke
|poke|p1|Pelipper, F|
|poke|p1|Hatterene, F|
|poke|p1|Iron Treads|
|poke|p1|Toxicroak, F|
|poke|p1|Barraskewda, F|
|poke|p1|Zapdos|
|poke|p2|Latios, M|
|poke|p2|Iron Hands|
|poke|p2|Kyurem|
|poke|p2|Gholdengo|
|poke|p2|Gliscor, M|
|poke|p2|Samurott-Hisui, F|
|teampreview
|inactive|Battle timer is ON: inactive players will automatically lose when time's up. (requested by WiildSide)
|
|t:|1758345102
|teamsize|p1|6
|teamsize|p2|6
|start
|switch|p1a: Iron Treads|Iron Treads|100/100
|switch|p2a: Iron Hands|Iron Hands|100/100
|turn|1
|inactive|WiildSide has 120 seconds left.
|
|t:|1758345147
|-end|p1a: Iron Treads|Quark Drive|[silent]
|switch|p1a: Pelipper|Pelipper, F|100/100
|-weather|RainDance|[from] ability: Drizzle|[of] p1a: Pelipper
|move|p2a: Iron Hands|Drain Punch|p1a: Pelipper
|-resisted|p1a: Pelipper
|-damage|p1a: Pelipper|77/100
|
|-weather|RainDance|[upkeep]
|upkeep
|turn|2
|
|t:|1758345150
|switch|p1a: Iron Treads|Iron Treads|100/100
|move|p2a: Iron Hands|Volt Switch|p1a: Iron Treads
|-immune|p1a: Iron Treads
|
|-weather|RainDance|[upkeep]
|upkeep
|turn|3
|
|t:|1758345153
|move|p1a: Iron Treads|Earthquake|p2a: Iron Hands
|-supereffective|p2a: Iron Hands
|-damage|p2a: Iron Hands|58/100
|move|p2a: Iron Hands|Drain Punch|p1a: Iron Treads
|-supereffective|p1a: Iron Treads
|-damage|p1a: Iron Treads|35/100
|-heal|p2a: Iron Hands|83/100|[from] drain|[of] p1a: Iron Treads
|
|-weather|RainDance|[upkeep]
|-heal|p1a: Iron Treads|41/100|[from] item: Leftovers
|upkeep
|turn|4
|
|t:|1758345158
|move|p1a: Iron Treads|Volt Switch|p2a: Iron Hands
|-resisted|p2a: Iron Hands
|-damage|p2a: Iron Hands|79/100
|
|t:|1758345161
|-end|p1a: Iron Treads|Quark Drive|[silent]
|switch|p1a: Zapdos|Zapdos|100/100|[from] Volt Switch
|move|p2a: Iron Hands|Drain Punch|p1a: Zapdos
|-resisted|p1a: Zapdos
|-damage|p1a: Zapdos|72/100
|-heal|p2a: Iron Hands|88/100|[from] drain|[of] p1a: Zapdos
|
|-weather|RainDance|[upkeep]
|upkeep
|turn|5
|
|t:|1758345165
|-terastallize|p1a: Zapdos|Flying
|move|p1a: Zapdos|Hurricane|p2a: Iron Hands
|-damage|p2a: Iron Hands|22/100
|move|p2a: Iron Hands|Ice Punch|p1a: Zapdos
|-supereffective|p1a: Zapdos
|-damage|p1a: Zapdos|0 fnt
|faint|p1a: Zapdos
|
|-weather|RainDance|[upkeep]
|upkeep
|
|t:|1758345167
|switch|p1a: Barraskewda|Barraskewda, F|100/100
|turn|6
|
|t:|1758345172
|-end|p2a: Iron Hands|Quark Drive|[silent]
|switch|p2a: Samurott|Samurott-Hisui, F|100/100
|move|p1a: Barraskewda|Liquidation|p2a: Samurott
|-resisted|p2a: Samurott
|-damage|p2a: Samurott|49/100
|-unboost|p2a: Samurott|def|1
|
|-weather|RainDance|[upkeep]
|-heal|p2a: Samurott|55/100|[from] item: Leftovers
|upkeep
|turn|7
|
|t:|1758345182
|switch|p2a: Iron Hands|Iron Hands|22/100
|move|p1a: Barraskewda|Liquidation|p2a: Iron Hands
|-damage|p2a: Iron Hands|0 fnt
|faint|p2a: Iron Hands
|-end|p2a: Iron Hands|Quark Drive|[silent]
|
|-weather|RainDance|[upkeep]
|upkeep
|
|t:|1758345193
|switch|p2a: Kyurem|Kyurem|100/100
|-ability|p2a: Kyurem|Pressure
|turn|8
|inactive|WiildSide has 120 seconds left.
|
|t:|1758345227
|switch|p1a: Hatterene|Hatterene, F|100/100
|move|p2a: Kyurem|Freeze-Dry|p1a: Hatterene
|-damage|p1a: Hatterene|62/100
|-enditem|p1a: Hatterene|Eject Button
|
|t:|1758345232
|switch|p1a: Iron Treads|Iron Treads|41/100
|
|-weather|none
|-heal|p1a: Iron Treads|47/100|[from] item: Leftovers
|upkeep
|turn|9
|
|t:|1758345249
|switch|p2a: Samurott|Samurott-Hisui, F|55/100
|move|p1a: Iron Treads|Rapid Spin|p2a: Samurott
|-damage|p2a: Samurott|43/100
|-boost|p1a: Iron Treads|spe|1
|
|-heal|p1a: Iron Treads|53/100|[from] item: Leftovers
|-heal|p2a: Samurott|49/100|[from] item: Leftovers
|upkeep
|turn|10
|
|t:|1758345260
|move|p1a: Iron Treads|Earthquake|p2a: Samurott
|-damage|p2a: Samurott|12/100
|move|p2a: Samurott|Sacred Sword|p1a: Iron Treads
|-supereffective|p1a: Iron Treads
|-damage|p1a: Iron Treads|0 fnt
|faint|p1a: Iron Treads
|-end|p1a: Iron Treads|Quark Drive|[silent]
|
|-heal|p2a: Samurott|19/100|[from] item: Leftovers
|upkeep
|
|t:|1758345264
|switch|p1a: Barraskewda|Barraskewda, F|100/100
|turn|11
|
|t:|1758345270
|move|p1a: Barraskewda|Flip Turn|p2a: Samurott
|-resisted|p2a: Samurott
|-crit|p2a: Samurott
|-damage|p2a: Samurott|0 fnt
|faint|p2a: Samurott
|
|t:|1758345275
|switch|p1a: Pelipper|Pelipper, F|77/100|[from] Flip Turn
|-weather|RainDance|[from] ability: Drizzle|[of] p1a: Pelipper
|
|-weather|RainDance|[upkeep]
|upkeep
|
|t:|1758345285
|switch|p2a: Kyurem|Kyurem|100/100
|-ability|p2a: Kyurem|Pressure
|turn|12
|
|t:|1758345291
|switch|p1a: Hatterene|Hatterene, F|62/100
|move|p2a: Kyurem|Freeze-Dry|p1a: Hatterene
|-damage|p1a: Hatterene|21/100
|
|-weather|RainDance|[upkeep]
|upkeep
|turn|13
|
|t:|1758345299
|move|p2a: Kyurem|Freeze-Dry|p1a: Hatterene
|-damage|p1a: Hatterene|0 fnt
|faint|p1a: Hatterene
|
|-weather|RainDance|[upkeep]
|upkeep
|
|t:|1758345301
|switch|p1a: Barraskewda|Barraskewda, F|100/100
|turn|14
|
|t:|1758345306
|switch|p2a: Gholdengo|Gholdengo|100/100
|-item|p2a: Gholdengo|Air Balloon
|move|p1a: Barraskewda|Close Combat|p2a: Gholdengo
|-immune|p2a: Gholdengo
|
|-weather|RainDance|[upkeep]
|upkeep
|turn|15
|
|t:|1758345310
|switch|p1a: Toxicroak|Toxicroak, F|100/100
|move|p2a: Gholdengo|Thunder Wave|p1a: Toxicroak
|-status|p1a: Toxicroak|par
|
|-weather|RainDance|[upkeep]
|upkeep
|turn|16
|
|t:|1758345312
|move|p2a: Gholdengo|Hex|p1a: Toxicroak
|-damage|p1a: Toxicroak|19/100 par
|cant|p1a: Toxicroak|par
|
|-weather|RainDance|[upkeep]
|-heal|p1a: Toxicroak|32/100 par|[from] ability: Dry Skin
|upkeep
|turn|17
|-message|WiildSide forfeited.
|
|win|Chris466
|raw|WiildSide's rating: 1298 &rarr; <strong>1274</strong><br />(-24 for losing)
|raw|Chris466's rating: 1316 &rarr; <strong>1335</strong><br />(+19 for winning)
|l|☆WiildSide
|player|p1|
