|j|☆frozen shogun
|j|☆enigma96
|t:|1758245393
|gametype|singles
|player|p1|frozen shogun|wallace|1171
|player|p2|enigma96|jogger|1150
|gen|9
|tier|[Gen 9] OU
|rated|
|rule|HP Percentage Mod: HP is shown in percentages
|rule|Endless Battle Clause: Forcing endless battles is banned
|rule|Species Clause: Limit one of each Pokémon
|rule|OHKO Clause: OHKO moves are banned
|rule|Evasion Items Clause: Evasion items are banned
|rule|Evasion Moves Clause: Evasion moves are banned
|rule|Evasion Abilities Clause: Evasion abilities are banned
|rule|Sleep Moves Clause: Sleep-inducing moves are banned
|clearpoke
|poke|p1|Gyarados, M|
|poke|p1|Raichu, M|
|poke|p1|Dragonite, M|
|poke|p1|Gengar, M|
|poke|p1|Clefable, M|
|poke|p1|Tentacruel, M|
|poke|p2|Delphox, M|
|poke|p2|Milotic, M|
|poke|p2|Gardevoir, M|
|poke|p2|Tsareena, F|
|poke|p2|Salazzle, F|
|poke|p2|Dragonair, M|
|teampreview
|inactive|Battle timer is ON: inactive players will automatically lose when time's up. (requested by enigma96)
|
|t:|1758245397
|teamsize|p1|6
|teamsize|p2|6
|start
|switch|p1a: Gyarados|Gyarados, M, shiny|100/100
|switch|p2a: DJ Foxy|Delphox, M, shiny|100/100
|turn|1
|
|t:|1758245407
|move|p2a: DJ Foxy|Psychic|p1a: Gyarados
|-damage|p1a: Gyarados|60/100
|-unboost|p1a: Gyarados|spd|1
|move|p1a: Gyarados|Dragon Dance|p1a: Gyarados
|-boost|p1a: Gyarados|atk|1
|-boost|p1a: Gyarados|spe|1
|
|upkeep
|turn|2
|
|t:|1758245415
|switch|p2a: La XAMAKA|Milotic, M, shiny|100/100
|move|p1a: Gyarados|Waterfall|p2a: La XAMAKA
|-resisted|p2a: La XAMAKA
|-damage|p2a: La XAMAKA|80/100
|
|-heal|p2a: La XAMAKA|86/100|[from] item: Leftovers
|upkeep
|turn|3
|
|t:|1758245423
|switch|p1a: Tentacruel|Tentacruel, M, shiny|100/100
|move|p2a: La XAMAKA|Scald|p1a: Tentacruel
|-resisted|p1a: Tentacruel
|-damage|p1a: Tentacruel|92/100
|
|-heal|p2a: La XAMAKA|92/100|[from] item: Leftovers
|upkeep
|turn|4
|
|t:|1758245433
|switch|p2a: Salazzle|Salazzle, F|100/100
|move|p1a: Tentacruel|Gunk Shot|p2a: Salazzle
|-resisted|p2a: Salazzle
|-damage|p2a: Salazzle|68/100
|
|-heal|p2a: Salazzle|75/100|[from] item: Leftovers
|upkeep
|turn|5
|
|t:|1758245441
|move|p2a: Salazzle|Substitute|p2a: Salazzle
|-start|p2a: Salazzle|Substitute
|-damage|p2a: Salazzle|50/100
|move|p1a: Tentacruel|Flip Turn|p2a: Salazzle
|-supereffective|p2a: Salazzle
|-crit|p2a: Salazzle
|-end|p2a: Salazzle|Substitute
|
|t:|1758245445
|switch|p1a: Raichu|Raichu, M, shiny|100/100|[from] Flip Turn
|
|-heal|p2a: Salazzle|56/100|[from] item: Leftovers
|upkeep
|turn|6
|
|t:|1758245456
|switch|p2a: Bastarda|Tsareena, F, shiny|100/100
|move|p1a: Raichu|Surf|p2a: Bastarda
|-resisted|p2a: Bastarda
|-damage|p2a: Bastarda|82/100
|
|upkeep
|turn|7
|
|t:|1758245463
|switch|p1a: Gengar|Gengar, M, shiny|100/100
|move|p2a: Bastarda|Knock Off|p1a: Gengar
|-supereffective|p1a: Gengar
|-damage|p1a: Gengar|5/100
|-enditem|p1a: Gengar|Choice Scarf|[from] move: Knock Off|[of] p2a: Bastarda
|
|upkeep
|turn|8
|
|t:|1758245474
|switch|p2a: La XAMAKA|Milotic, M, shiny|92/100
|move|p1a: Gengar|Sludge Wave|p2a: La XAMAKA
|-damage|p2a: La XAMAKA|52/100
|
|-heal|p2a: La XAMAKA|58/100|[from] item: Leftovers
|upkeep
|turn|9
|
|t:|1758245484
|move|p1a: Gengar|Shadow Ball|p2a: La XAMAKA
|-damage|p2a: La XAMAKA|23/100
|move|p2a: La XAMAKA|Recover|p2a: La XAMAKA
|-heal|p2a: La XAMAKA|73/100
|
|-heal|p2a: La XAMAKA|79/100|[from] item: Leftovers
|upkeep
|turn|10
|
|t:|1758245493
|move|p1a: Gengar|Shadow Ball|p2a: La XAMAKA
|-damage|p2a: La XAMAKA|48/100
|move|p2a: La XAMAKA|Ice Beam|p1a: Gengar
|-damage|p1a: Gengar|0 fnt
|faint|p1a: Gengar
|
|-heal|p2a: La XAMAKA|54/100|[from] item: Leftovers
|upkeep
|
|t:|1758245499
|switch|p1a: Raichu|Raichu, M, shiny|100/100
|turn|11
|
|t:|1758245505
|switch|p2a: Bastarda|Tsareena, F, shiny|82/100
|move|p1a: Raichu|Volt Switch|p2a: Bastarda
|-resisted|p2a: Bastarda
|-damage|p2a: Bastarda|63/100
|
|t:|1758245511
|switch|p1a: Dragonite|Dragonite, M, shiny|100/100|[from] Volt Switch
|
|upkeep
|turn|12
|
|t:|1758245519
|switch|p2a: Chica Peligro|Gardevoir, M, shiny|100/100
|-ability|p2a: Chica Peligro|Multiscale|Trace|[from] ability: Trace|[of] p1a: Dragonite
|move|p1a: Dragonite|Fire Spin|p2a: Chica Peligro
|-damage|p2a: Chica Peligro|96/100
|-activate|p2a: Chica Peligro|move: Fire Spin|[of] p1a: Dragonite
|
|-damage|p2a: Chica Peligro|79/100|[from] move: Fire Spin|[partiallytrapped]
|upkeep
|turn|13
|
|t:|1758245529
|move|p1a: Dragonite|Extreme Speed|p2a: Chica Peligro
|-damage|p2a: Chica Peligro|25/100
|move|p2a: Chica Peligro|Trick|p1a: Dragonite
|-activate|p2a: Chica Peligro|move: Trick|[of] p1a: Dragonite
|-item|p1a: Dragonite|Choice Scarf|[from] move: Trick
|-item|p2a: Chica Peligro|Binding Band|[from] move: Trick
|
|-damage|p2a: Chica Peligro|8/100|[from] move: Fire Spin|[partiallytrapped]
|upkeep
|turn|14
|
|t:|1758245541
|move|p2a: Chica Peligro|Destiny Bond|p2a: Chica Peligro
|-singlemove|p2a: Chica Peligro|Destiny Bond
|move|p1a: Dragonite|Encore|p2a: Chica Peligro
|-start|p2a: Chica Peligro|Encore
|
|-damage|p2a: Chica Peligro|0 fnt|[from] move: Fire Spin|[partiallytrapped]
|faint|p2a: Chica Peligro
|upkeep
|
|t:|1758245554
|switch|p2a: Dragonair|Dragonair, M, shiny|100/100
|turn|15
|
|t:|1758245559
|switch|p1a: Clefable|Clefable, M, shiny|100/100
|-terastallize|p2a: Dragonair|Normal
|move|p2a: Dragonair|Dragon Dance|p2a: Dragonair
|-boost|p2a: Dragonair|atk|1
|-boost|p2a: Dragonair|spe|1
|
|upkeep
|turn|16
|
|t:|1758245568
|move|p2a: Dragonair|Dragon Dance|p2a: Dragonair
|-boost|p2a: Dragonair|atk|1
|-boost|p2a: Dragonair|spe|1
|move|p1a: Clefable|Calm Mind|p1a: Clefable
|-boost|p1a: Clefable|spa|1
|-boost|p1a: Clefable|spd|1
|
|upkeep
|turn|17
|
|t:|1758245576
|move|p2a: Dragonair|Dragon Dance|p2a: Dragonair
|-boost|p2a: Dragonair|atk|1
|-boost|p2a: Dragonair|spe|1
|move|p1a: Clefable|Calm Mind|p1a: Clefable
|-boost|p1a: Clefable|spa|1
|-boost|p1a: Clefable|spd|1
|
|upkeep
|turn|18
|
|t:|1758245582
|move|p2a: Dragonair|Iron Head|p1a: Clefable
|-supereffective|p1a: Clefable
|-damage|p1a: Clefable|63/100
|move|p1a: Clefable|Calm Mind|p1a: Clefable
|-boost|p1a: Clefable|spa|1
|-boost|p1a: Clefable|spd|1
|
|upkeep
|turn|19
|
|t:|1758245589
|move|p2a: Dragonair|Iron Head|p1a: Clefable
|-supereffective|p1a: Clefable
|-damage|p1a: Clefable|25/100
|move|p1a: Clefable|Moonlight|p1a: Clefable
|-heal|p1a: Clefable|75/100
|
|upkeep
|turn|20
|
|t:|1758245597
|move|p2a: Dragonair|Iron Head|p1a: Clefable
|-supereffective|p1a: Clefable
|-damage|p1a: Clefable|41/100
|move|p1a: Clefable|Moonblast|p2a: Dragonair
|-damage|p2a: Dragonair|4/100
|
|upkeep
|turn|21
|
|t:|1758245603
|move|p2a: Dragonair|Iron Head|p1a: Clefable
|-supereffective|p1a: Clefable
|-damage|p1a: Clefable|7/100
|move|p1a: Clefable|Moonlight|p1a: Clefable
|-heal|p1a: Clefable|57/100
|
|upkeep
|turn|22
|
|t:|1758245610
|move|p2a: Dragonair|Iron Head|p1a: Clefable
|-supereffective|p1a: Clefable
|-damage|p1a: Clefable|20/100
|move|p1a: Clefable|Moonblast|p2a: Dragonair
|-damage|p2a: Dragonair|0 fnt
|faint|p2a: Dragonair
|
|upkeep
|
|t:|1758245623
|switch|p2a: Salazzle|Salazzle, F|56/100
|turn|23
|
|t:|1758245626
|move|p2a: Salazzle|Toxic|p1a: Clefable
|-status|p1a: Clefable|tox
|move|p1a: Clefable|Future Sight|p2a: Salazzle
|-start|p1a: Clefable|move: Future Sight
|
|-heal|p2a: Salazzle|62/100|[from] item: Leftovers
|-damage|p1a: Clefable|14/100 tox|[from] psn
|upkeep
|turn|24
|
|t:|1758245634
|move|p2a: Salazzle|Substitute|p2a: Salazzle
|-start|p2a: Salazzle|Substitute
|-damage|p2a: Salazzle|37/100
|move|p1a: Clefable|Moonlight|p1a: Clefable
|-heal|p1a: Clefable|64/100 tox
|
|-heal|p2a: Salazzle|44/100|[from] item: Leftovers
|-damage|p1a: Clefable|52/100 tox|[from] psn
|upkeep
|turn|25
|
|t:|1758245643
|move|p2a: Salazzle|Protect|p2a: Salazzle
|-singleturn|p2a: Salazzle|Protect
|move|p1a: Clefable|Moonblast|p2a: Salazzle
|-activate|p2a: Salazzle|move: Protect
|
|-end|p2a: Salazzle|move: Future Sight
|-supereffective|p2a: Salazzle
|-end|p2a: Salazzle|Substitute
|-heal|p2a: Salazzle|50/100|[from] item: Leftovers
|-damage|p1a: Clefable|33/100 tox|[from] psn
|upkeep
|turn|26
|
|t:|1758245655
|move|p2a: Salazzle|Substitute|p2a: Salazzle
|-start|p2a: Salazzle|Substitute
|-damage|p2a: Salazzle|25/100
|move|p1a: Clefable|Future Sight|p2a: Salazzle
|-start|p1a: Clefable|move: Future Sight
|
|-heal|p2a: Salazzle|31/100|[from] item: Leftovers
|-damage|p1a: Clefable|9/100 tox|[from] psn
|upkeep
|turn|27
|
|t:|1758245665
|move|p2a: Salazzle|Flamethrower|p1a: Clefable
|-damage|p1a: Clefable|0 fnt
|faint|p1a: Clefable
|
|-heal|p2a: Salazzle|37/100|[from] item: Leftovers
|upkeep
|
|t:|1758245669
|switch|p1a: Raichu|Raichu, M, shiny|100/100
|turn|28
|
|t:|1758245674
|move|p2a: Salazzle|Protect|p2a: Salazzle
|-singleturn|p2a: Salazzle|Protect
|move|p1a: Raichu|Volt Switch|p2a: Salazzle
|-activate|p2a: Salazzle|move: Protect
|
|-end|p2a: Salazzle|move: Future Sight
|-supereffective|p2a: Salazzle
|-end|p2a: Salazzle|Substitute
|-heal|p2a: Salazzle|44/100|[from] item: Leftovers
|upkeep
|turn|29
|
|t:|1758245685
|switch|p2a: Bastarda|Tsareena, F, shiny|63/100
|move|p1a: Raichu|Volt Switch|p2a: Bastarda
|-resisted|p2a: Bastarda
|-damage|p2a: Bastarda|41/100
|
|t:|1758245689
|switch|p1a: Dragonite|Dragonite, M, shiny|100/100|[from] Volt Switch
|
|upkeep
|turn|30
|
|t:|1758245696
|move|p1a: Dragonite|Fire Spin|p2a: Bastarda
|-supereffective|p2a: Bastarda
|-crit|p2a: Bastarda
|-damage|p2a: Bastarda|17/100
|-activate|p2a: Bastarda|move: Fire Spin|[of] p1a: Dragonite
|move|p2a: Bastarda|Synthesis|p2a: Bastarda
|-heal|p2a: Bastarda|67/100
|
|-damage|p2a: Bastarda|55/100|[from] move: Fire Spin|[partiallytrapped]
|upkeep
|turn|31
|
|t:|1758245706
|move|p1a: Dragonite|Fire Spin|p2a: Bastarda
|-supereffective|p2a: Bastarda
|-damage|p2a: Bastarda|40/100
|move|p2a: Bastarda|Synthesis|p2a: Bastarda
|-heal|p2a: Bastarda|90/100
|
|-damage|p2a: Bastarda|77/100|[from] move: Fire Spin|[partiallytrapped]
|upkeep
|turn|32
|
|t:|1758245718
|move|p1a: Dragonite|Fire Spin|p2a: Bastarda
|-supereffective|p2a: Bastarda
|-damage|p2a: Bastarda|62/100
|move|p2a: Bastarda|Rapid Spin|p1a: Dragonite
|-damage|p1a: Dragonite|94/100
|-boost|p2a: Bastarda|spe|1
|-end|p2a: Bastarda|Fire Spin|[partiallytrapped]
|
|upkeep
|turn|33
|
|t:|1758245729
|move|p2a: Bastarda|Trop Kick|p1a: Dragonite
|-resisted|p1a: Dragonite
|-damage|p1a: Dragonite|88/100
|-unboost|p1a: Dragonite|atk|1
|move|p1a: Dragonite|Fire Spin|p2a: Bastarda|[miss]
|-miss|p1a: Dragonite|p2a: Bastarda
|
|upkeep
|turn|34
|
|t:|1758245738
|move|p2a: Bastarda|Rapid Spin|p1a: Dragonite
|-damage|p1a: Dragonite|75/100
|-boost|p2a: Bastarda|spe|1
|move|p1a: Dragonite|Fire Spin|p2a: Bastarda
|-supereffective|p2a: Bastarda
|-damage|p2a: Bastarda|44/100
|-activate|p2a: Bastarda|move: Fire Spin|[of] p1a: Dragonite
|
|-damage|p2a: Bastarda|32/100|[from] move: Fire Spin|[partiallytrapped]
|upkeep
|turn|35
|
|t:|1758245748
|move|p2a: Bastarda|Synthesis|p2a: Bastarda
|-heal|p2a: Bastarda|82/100
|move|p1a: Dragonite|Fire Spin|p2a: Bastarda
|-supereffective|p2a: Bastarda
|-damage|p2a: Bastarda|65/100
|
|-damage|p2a: Bastarda|53/100|[from] move: Fire Spin|[partiallytrapped]
|upkeep
|turn|36
|
|t:|1758245757
|move|p2a: Bastarda|Synthesis|p2a: Bastarda
|-heal|p2a: Bastarda|100/100
|move|p1a: Dragonite|Fire Spin|p2a: Bastarda
|-supereffective|p2a: Bastarda
|-damage|p2a: Bastarda|86/100
|
|-damage|p2a: Bastarda|73/100|[from] move: Fire Spin|[partiallytrapped]
|upkeep
|turn|37
|
|t:|1758245765
|move|p2a: Bastarda|Trop Kick|p1a: Dragonite
|-resisted|p1a: Dragonite
|-damage|p1a: Dragonite|68/100
|-unboost|p1a: Dragonite|atk|1
|move|p1a: Dragonite|Fire Spin|p2a: Bastarda
|-supereffective|p2a: Bastarda
|-damage|p2a: Bastarda|58/100
|
|-damage|p2a: Bastarda|46/100|[from] move: Fire Spin|[partiallytrapped]
|upkeep
|turn|38
|
|t:|1758245776
|move|p2a: Bastarda|Synthesis|p2a: Bastarda
|-heal|p2a: Bastarda|96/100
|move|p1a: Dragonite|Fire Spin|p2a: Bastarda
|-supereffective|p2a: Bastarda
|-damage|p2a: Bastarda|80/100
|
|-damage|p2a: Bastarda|67/100|[from] move: Fire Spin|[partiallytrapped]
|upkeep
|turn|39
|
|t:|1758245785
|move|p2a: Bastarda|Rapid Spin|p1a: Dragonite
|-damage|p1a: Dragonite|57/100
|-boost|p2a: Bastarda|spe|1
|-end|p2a: Bastarda|Fire Spin|[partiallytrapped]
|move|p1a: Dragonite|Fire Spin|p2a: Bastarda
|-supereffective|p2a: Bastarda
|-damage|p2a: Bastarda|52/100
|-activate|p2a: Bastarda|move: Fire Spin|[of] p1a: Dragonite
|
|-damage|p2a: Bastarda|40/100|[from] move: Fire Spin|[partiallytrapped]
|upkeep
|turn|40
|
|t:|1758245796
|move|p2a: Bastarda|Synthesis|p2a: Bastarda
|-heal|p2a: Bastarda|90/100
|move|p1a: Dragonite|Fire Spin|p2a: Bastarda|[miss]
|-miss|p1a: Dragonite|p2a: Bastarda
|
|-damage|p2a: Bastarda|77/100|[from] move: Fire Spin|[partiallytrapped]
|upkeep
|turn|41
|
|t:|1758245805
|move|p2a: Bastarda|Rapid Spin|p1a: Dragonite
|-damage|p1a: Dragonite|44/100
|-boost|p2a: Bastarda|spe|1
|-end|p2a: Bastarda|Fire Spin|[partiallytrapped]
|move|p1a: Dragonite|Fire Spin|p2a: Bastarda
|-supereffective|p2a: Bastarda
|-damage|p2a: Bastarda|60/100
|-activate|p2a: Bastarda|move: Fire Spin|[of] p1a: Dragonite
|
|-damage|p2a: Bastarda|48/100|[from] move: Fire Spin|[partiallytrapped]
|upkeep
|turn|42
|
|t:|1758245815
|move|p2a: Bastarda|Synthesis|p2a: Bastarda
|-heal|p2a: Bastarda|98/100
|move|p1a: Dragonite|Fire Spin|p2a: Bastarda|[miss]
|-miss|p1a: Dragonite|p2a: Bastarda
|
|-damage|p2a: Bastarda|85/100|[from] move: Fire Spin|[partiallytrapped]
|upkeep
|turn|43
|
|t:|1758245824
|move|p2a: Bastarda|Rapid Spin|p1a: Dragonite
|-damage|p1a: Dragonite|31/100
|-boost|p2a: Bastarda|spe|1
|-end|p2a: Bastarda|Fire Spin|[partiallytrapped]
|move|p1a: Dragonite|Fire Spin|p2a: Bastarda
|-supereffective|p2a: Bastarda
|-damage|p2a: Bastarda|68/100
|-activate|p2a: Bastarda|move: Fire Spin|[of] p1a: Dragonite
|
|-damage|p2a: Bastarda|56/100|[from] move: Fire Spin|[partiallytrapped]
|upkeep
|turn|44
|
|t:|1758245834
|move|p2a: Bastarda|Knock Off|p1a: Dragonite
|-damage|p1a: Dragonite|7/100
|-enditem|p1a: Dragonite|Choice Scarf|[from] move: Knock Off|[of] p2a: Bastarda
|move|p1a: Dragonite|Fire Spin|p2a: Bastarda
|-supereffective|p2a: Bastarda
|-damage|p2a: Bastarda|41/100
|
|-damage|p2a: Bastarda|28/100|[from] move: Fire Spin|[partiallytrapped]
|upkeep
|turn|45
|
|t:|1758245843
|move|p2a: Bastarda|Synthesis|p2a: Bastarda
|-heal|p2a: Bastarda|78/100
|move|p1a: Dragonite|Roost|p1a: Dragonite
|-heal|p1a: Dragonite|57/100
|-singleturn|p1a: Dragonite|move: Roost
|
|-damage|p2a: Bastarda|66/100|[from] move: Fire Spin|[partiallytrapped]
|upkeep
|turn|46
|
|t:|1758245856
|move|p2a: Bastarda|Rapid Spin|p1a: Dragonite
|-crit|p1a: Dragonite
|-damage|p1a: Dragonite|39/100
|-boost|p2a: Bastarda|spe|1
|-end|p2a: Bastarda|Fire Spin|[partiallytrapped]
|move|p1a: Dragonite|Roost|p1a: Dragonite
|-heal|p1a: Dragonite|89/100
|-singleturn|p1a: Dragonite|move: Roost
|
|upkeep
|turn|47
|
|t:|1758245873
|switch|p2a: La XAMAKA|Milotic, M, shiny|54/100
|move|p1a: Dragonite|Fire Spin|p2a: La XAMAKA
|-resisted|p2a: La XAMAKA
|-damage|p2a: La XAMAKA|51/100
|-activate|p2a: La XAMAKA|move: Fire Spin|[of] p1a: Dragonite
|
|-heal|p2a: La XAMAKA|57/100|[from] item: Leftovers
|-damage|p2a: La XAMAKA|45/100|[from] move: Fire Spin|[partiallytrapped]
|upkeep
|turn|48
|
|t:|1758245886
|switch|p1a: Tentacruel|Tentacruel, M, shiny|92/100
|move|p2a: La XAMAKA|Recover|p2a: La XAMAKA
|-heal|p2a: La XAMAKA|95/100
|
|-heal|p2a: La XAMAKA|100/100|[from] item: Leftovers
|-end|p2a: La XAMAKA|Fire Spin|[partiallytrapped]|[silent]
|upkeep
|turn|49
|
|t:|1758245894
|move|p1a: Tentacruel|Knock Off|p2a: La XAMAKA
|-damage|p2a: La XAMAKA|84/100
|-enditem|p2a: La XAMAKA|Leftovers|[from] move: Knock Off|[of] p1a: Tentacruel
|move|p2a: La XAMAKA|Ice Beam|p1a: Tentacruel
|-resisted|p1a: Tentacruel
|-damage|p1a: Tentacruel|85/100
|-status|p1a: Tentacruel|frz
|
|upkeep
|turn|50
|
|t:|1758245903
|switch|p2a: Salazzle|Salazzle, F|44/100
|cant|p1a: Tentacruel|frz
|
|-heal|p2a: Salazzle|50/100|[from] item: Leftovers
|upkeep
|turn|51
|
|t:|1758245910
|move|p2a: Salazzle|Substitute|p2a: Salazzle
|-start|p2a: Salazzle|Substitute
|-damage|p2a: Salazzle|25/100
|-curestatus|p1a: Tentacruel|frz|[msg]
|move|p1a: Tentacruel|Flip Turn|p2a: Salazzle
|-supereffective|p2a: Salazzle
|-end|p2a: Salazzle|Substitute
|
|t:|1758245917
|switch|p1a: Dragonite|Dragonite, M, shiny|89/100|[from] Flip Turn
|
|-heal|p2a: Salazzle|31/100|[from] item: Leftovers
|upkeep
|turn|52
|
|t:|1758245925
|switch|p2a: La XAMAKA|Milotic, M, shiny|84/100
|move|p1a: Dragonite|Extreme Speed|p2a: La XAMAKA
|-damage|p2a: La XAMAKA|63/100
|
|upkeep
|turn|53
|
|t:|1758245934
|-terastallize|p1a: Dragonite|Normal
|move|p2a: La XAMAKA|Ice Beam|p1a: Dragonite
|-damage|p1a: Dragonite|72/100
|move|p1a: Dragonite|Fire Spin|p2a: La XAMAKA
|-resisted|p2a: La XAMAKA
|-damage|p2a: La XAMAKA|60/100
|-activate|p2a: La XAMAKA|move: Fire Spin|[of] p1a: Dragonite
|
|-damage|p2a: La XAMAKA|48/100|[from] move: Fire Spin|[partiallytrapped]
|upkeep
|turn|54
|
|t:|1758245946
|move|p2a: La XAMAKA|Scald|p1a: Dragonite
|-damage|p1a: Dragonite|48/100
|move|p1a: Dragonite|Encore|p2a: La XAMAKA
|-start|p2a: La XAMAKA|Encore
|
|-damage|p2a: La XAMAKA|35/100|[from] move: Fire Spin|[partiallytrapped]
|upkeep
|turn|55
|
|t:|1758245955
|move|p2a: La XAMAKA|Scald|p1a: Dragonite
|-damage|p1a: Dragonite|23/100
|move|p1a: Dragonite|Roost|p1a: Dragonite
|-heal|p1a: Dragonite|73/100
|
|-damage|p2a: La XAMAKA|23/100|[from] move: Fire Spin|[partiallytrapped]
|upkeep
|turn|56
|
|t:|1758245963
|move|p1a: Dragonite|Extreme Speed|p2a: La XAMAKA
|-damage|p2a: La XAMAKA|0 fnt
|faint|p2a: La XAMAKA
|
|upkeep
|
|t:|1758245970
|switch|p2a: DJ Foxy|Delphox, M, shiny|100/100
|turn|57
|
|t:|1758245986
|move|p1a: Dragonite|Extreme Speed|p2a: DJ Foxy
|-damage|p2a: DJ Foxy|26/100
|move|p2a: DJ Foxy|Scorching Sands|p1a: Dragonite
|-damage|p1a: Dragonite|53/100
|-status|p1a: Dragonite|brn
|
|-damage|p1a: Dragonite|47/100 brn|[from] brn
|upkeep
|turn|58
|
|t:|1758245998
|switch|p2a: Bastarda|Tsareena, F, shiny|66/100
|move|p1a: Dragonite|Fire Spin|p2a: Bastarda
|-supereffective|p2a: Bastarda
|-damage|p2a: Bastarda|48/100
|-activate|p2a: Bastarda|move: Fire Spin|[of] p1a: Dragonite
|
|-damage|p1a: Dragonite|40/100 brn|[from] brn
|-damage|p2a: Bastarda|36/100|[from] move: Fire Spin|[partiallytrapped]
|upkeep
|turn|59
|
|t:|1758246011
|move|p2a: Bastarda|Trop Kick|p1a: Dragonite
|-damage|p1a: Dragonite|16/100 brn
|-unboost|p1a: Dragonite|atk|1
|move|p1a: Dragonite|Roost|p1a: Dragonite
|-heal|p1a: Dragonite|66/100 brn
|
|-damage|p1a: Dragonite|59/100 brn|[from] brn
|-damage|p2a: Bastarda|23/100|[from] move: Fire Spin|[partiallytrapped]
|upkeep
|turn|60
|
|t:|1758246022
|move|p2a: Bastarda|Trop Kick|p1a: Dragonite
|-damage|p1a: Dragonite|34/100 brn
|-unboost|p1a: Dragonite|atk|1
|move|p1a: Dragonite|Fire Spin|p2a: Bastarda
|-supereffective|p2a: Bastarda
|-damage|p2a: Bastarda|8/100
|
|-damage|p1a: Dragonite|28/100 brn|[from] brn
|-damage|p2a: Bastarda|0 fnt|[from] move: Fire Spin|[partiallytrapped]
|faint|p2a: Bastarda
|upkeep
|
|t:|1758246041
|switch|p2a: Salazzle|Salazzle, F|31/100
|turn|61
|
|t:|1758246045
|move|p1a: Dragonite|Extreme Speed|p2a: Salazzle
|-damage|p2a: Salazzle|14/100
|move|p2a: Salazzle|Flamethrower|p1a: Dragonite
|-damage|p1a: Dragonite|0 fnt
|faint|p1a: Dragonite
|
|-heal|p2a: Salazzle|21/100|[from] item: Leftovers
|upkeep
|
|t:|1758246053
|switch|p1a: Gyarados|Gyarados, M, shiny|60/100
|turn|62
|
|t:|1758246057
|move|p2a: Salazzle|Toxic|p1a: Gyarados
|-status|p1a: Gyarados|tox
|move|p1a: Gyarados|Waterfall|p2a: Salazzle
|-supereffective|p2a: Salazzle
|-crit|p2a: Salazzle
|-damage|p2a: Salazzle|0 fnt
|faint|p2a: Salazzle
|-ability|p1a: Gyarados|Moxie|boost
|-boost|p1a: Gyarados|atk|1
|
|-damage|p1a: Gyarados|54/100 tox|[from] psn
|upkeep
|
|t:|1758246068
|switch|p2a: DJ Foxy|Delphox, M, shiny|26/100
|turn|63
|
|t:|1758246077
|move|p2a: DJ Foxy|Psychic|p1a: Gyarados
|-damage|p1a: Gyarados|13/100 tox
|move|p1a: Gyarados|Waterfall|p2a: DJ Foxy
|-supereffective|p2a: DJ Foxy
|-crit|p2a: DJ Foxy
|-damage|p2a: DJ Foxy|0 fnt
|faint|p2a: DJ Foxy
|
|win|frozen shogun
|raw|frozen shogun's rating: 1171 &rarr; <strong>1194</strong><br />(+23 for winning)
|raw|enigma96's rating: 1150 &rarr; <strong>1127</strong><br />(-23 for losing)
|l|☆enigma96
|player|p2|
