|j|☆Tyr585
|j|☆finnlilienthal
|t:|1758292768
|gametype|singles
|player|p1|Tyr585|waiter-gen4dp|1271
|player|p2|finnlilienthal|1|1237
|gen|9
|tier|[Gen 9] OU
|rated|
|rule|HP Percentage Mod: HP is shown in percentages
|rule|Endless Battle Clause: Forcing endless battles is banned
|rule|Species Clause: Limit one of each Pokémon
|rule|OHKO Clause: OHKO moves are banned
|rule|Evasion Items Clause: Evasion items are banned
|rule|Evasion Moves Clause: Evasion moves are banned
|rule|Evasion Abilities Clause: Evasion abilities are banned
|rule|Sleep Moves Clause: Sleep-inducing moves are banned
|clearpoke
|poke|p1|Samurott-Hisui, M|
|poke|p1|Darkrai|
|poke|p1|Gholdengo|
|poke|p1|Great Tusk|
|poke|p1|Ogerpon-Wellspring, F|
|poke|p1|Kingambit, M|
|poke|p2|Pelipper, M|
|poke|p2|Zapdos|
|poke|p2|Blastoise, M|
|poke|p2|Torterra, M|
|poke|p2|Muk-Alola, F|
|poke|p2|Weezing-Galar, F|
|teampreview
|
|t:|1758292782
|teamsize|p1|6
|teamsize|p2|6
|start
|switch|p1a: Samurott|Samurott-Hisui, M|100/100
|switch|p2a: Muk|Muk-Alola, F|100/100
|turn|1
|
|t:|1758292790
|move|p1a: Samurott|Ceaseless Edge|p2a: Muk
|-resisted|p2a: Muk
|-damage|p2a: Muk|78/100
|-sidestart|p2: finnlilienthal|Spikes
|move|p2a: Muk|Drain Punch|p1a: Samurott
|-supereffective|p1a: Samurott
|-damage|p1a: Samurott|49/100
|-heal|p2a: Muk|99/100|[from] drain|[of] p1a: Samurott
|
|upkeep
|turn|2
|
|t:|1758292801
|move|p1a: Samurott|Ceaseless Edge|p2a: Muk
|-resisted|p2a: Muk
|-damage|p2a: Muk|73/100
|-sidestart|p2: finnlilienthal|Spikes
|move|p2a: Muk|Drain Punch|p1a: Samurott
|-supereffective|p1a: Samurott
|-damage|p1a: Samurott|0 fnt
|-heal|p2a: Muk|94/100|[from] drain|[of] p1a: Samurott
|faint|p1a: Samurott
|
|upkeep
|
|t:|1758292811
|switch|p1a: Great Tusk|Great Tusk|100/100
|turn|3
|
|t:|1758292825
|switch|p2a: Pelipper|Pelipper, M, shiny|100/100
|-weather|RainDance|[from] ability: Drizzle|[of] p2a: Pelipper
|move|p1a: Great Tusk|Headlong Rush|p2a: Pelipper
|-immune|p2a: Pelipper
|
|-weather|RainDance|[upkeep]
|upkeep
|turn|4
|
|t:|1758292837
|move|p1a: Great Tusk|Knock Off|p2a: Pelipper
|-damage|p2a: Pelipper|68/100
|-enditem|p2a: Pelipper|Damp Rock|[from] move: Knock Off|[of] p1a: Great Tusk
|move|p2a: Pelipper|Weather Ball|p1a: Great Tusk
|-supereffective|p1a: Great Tusk
|-damage|p1a: Great Tusk|0 fnt
|faint|p1a: Great Tusk
|-end|p1a: Great Tusk|Protosynthesis|[silent]
|
|-weather|RainDance|[upkeep]
|upkeep
|
|t:|1758292849
|switch|p1a: Ogerpon|Ogerpon-Wellspring, F|100/100
|turn|5
|
|t:|1758292863
|move|p1a: Ogerpon|Ivy Cudgel|p2a: Pelipper|[anim] Ivy Cudgel Water
|-resisted|p2a: Pelipper
|-crit|p2a: Pelipper
|-damage|p2a: Pelipper|6/100
|move|p2a: Pelipper|Hurricane|p1a: Ogerpon
|-supereffective|p1a: Ogerpon
|-crit|p1a: Ogerpon
|-damage|p1a: Ogerpon|0 fnt
|faint|p1a: Ogerpon
|
|-weather|RainDance|[upkeep]
|upkeep
|
|t:|1758292875
|switch|p1a: Darkrai|Darkrai|100/100
|turn|6
|
|t:|1758292880
|switch|p2a: Blastoise|Blastoise, M|100/100
|-damage|p2a: Blastoise|84/100|[from] Spikes
|move|p1a: Darkrai|Dark Pulse|p2a: Blastoise
|-damage|p2a: Blastoise|61/100
|
|-weather|RainDance|[upkeep]
|-heal|p2a: Blastoise|67/100|[from] ability: Rain Dish
|upkeep
|turn|7
|
|t:|1758292891
|move|p1a: Darkrai|Sludge Bomb|p2a: Blastoise
|-damage|p2a: Blastoise|52/100
|move|p2a: Blastoise|Rapid Spin|p1a: Darkrai
|-damage|p1a: Darkrai|88/100
|-boost|p2a: Blastoise|spe|1
|-sideend|p2: finnlilienthal|Spikes|[from] move: Rapid Spin|[of] p2a: Blastoise
|
|-weather|RainDance|[upkeep]
|-heal|p2a: Blastoise|58/100|[from] ability: Rain Dish
|upkeep
|turn|8
|
|t:|1758292902
|move|p1a: Darkrai|Sludge Bomb|p2a: Blastoise
|-damage|p2a: Blastoise|43/100
|move|p2a: Blastoise|Surf|p1a: Darkrai
|-damage|p1a: Darkrai|29/100
|
|-weather|RainDance|[upkeep]
|-heal|p2a: Blastoise|49/100|[from] ability: Rain Dish
|upkeep
|turn|9
|
|t:|1758292911
|-terastallize|p2a: Blastoise|Steel
|move|p1a: Darkrai|Dark Pulse|p2a: Blastoise
|-damage|p2a: Blastoise|25/100
|cant|p2a: Blastoise|flinch
|
|-weather|RainDance|[upkeep]
|-heal|p2a: Blastoise|31/100|[from] ability: Rain Dish
|upkeep
|turn|10
|
|t:|1758292921
|move|p1a: Darkrai|Dark Pulse|p2a: Blastoise
|-damage|p2a: Blastoise|11/100
|move|p2a: Blastoise|Surf|p1a: Darkrai
|-damage|p1a: Darkrai|0 fnt
|faint|p1a: Darkrai
|
|-weather|none
|upkeep
|
|t:|1758292931
|switch|p1a: Gholdengo|Gholdengo|100/100
|-item|p1a: Gholdengo|Air Balloon
|turn|11
|
|t:|1758292937
|switch|p2a: Muk|Muk-Alola, F|94/100
|move|p1a: Gholdengo|Nasty Plot|p1a: Gholdengo
|-boost|p1a: Gholdengo|spa|2
|
|upkeep
|turn|12
|
|t:|1758292945
|move|p1a: Gholdengo|Make It Rain|p2a: Muk
|-damage|p2a: Muk|39/100
|-unboost|p1a: Gholdengo|spa|1
|move|p2a: Muk|Knock Off|p1a: Gholdengo
|-supereffective|p1a: Gholdengo
|-damage|p1a: Gholdengo|26/100
|-enditem|p1a: Gholdengo|Air Balloon
|
|upkeep
|turn|13
|
|t:|1758292957
|-terastallize|p1a: Gholdengo|Fairy
|move|p2a: Muk|Shadow Sneak|p1a: Gholdengo
|-damage|p1a: Gholdengo|16/100
|move|p1a: Gholdengo|Nasty Plot|p1a: Gholdengo
|-boost|p1a: Gholdengo|spa|2
|
|upkeep
|turn|14
|
|t:|1758292965
|move|p2a: Muk|Shadow Sneak|p1a: Gholdengo
|-damage|p1a: Gholdengo|6/100
|-status|p1a: Gholdengo|psn|[from] ability: Poison Touch|[of] p2a: Muk
|move|p1a: Gholdengo|Make It Rain|p2a: Muk
|-damage|p2a: Muk|0 fnt
|-unboost|p1a: Gholdengo|spa|1
|faint|p2a: Muk
|
|-damage|p1a: Gholdengo|0 fnt|[from] psn
|faint|p1a: Gholdengo
|upkeep
|
|t:|1758292978
|switch|p1a: Kingambit|Kingambit, M|100/100
|switch|p2a: Torterra|Torterra, M|100/100
|-activate|p1a: Kingambit|ability: Supreme Overlord
|-start|p1a: Kingambit|fallen5|[silent]
|turn|15
|
|t:|1758292986
|move|p2a: Torterra|Earthquake|p1a: Kingambit
|-supereffective|p1a: Kingambit
|-damage|p1a: Kingambit|49/100
|move|p1a: Kingambit|Swords Dance|p1a: Kingambit
|-boost|p1a: Kingambit|atk|2
|
|-heal|p1a: Kingambit|55/100|[from] item: Leftovers
|upkeep
|turn|16
|
|t:|1758292995
|move|p1a: Kingambit|Sucker Punch||[still]
|-fail|p1a: Kingambit
|move|p2a: Torterra|Leech Seed|p1a: Kingambit
|-start|p1a: Kingambit|move: Leech Seed
|
|-heal|p1a: Kingambit|61/100|[from] item: Leftovers
|-damage|p1a: Kingambit|49/100|[from] Leech Seed|[of] p2a: Torterra
|upkeep
|turn|17
|
|t:|1758293004
|move|p2a: Torterra|Protect|p2a: Torterra
|-singleturn|p2a: Torterra|Protect
|move|p1a: Kingambit|Sucker Punch||[still]
|-fail|p1a: Kingambit
|
|-heal|p1a: Kingambit|55/100|[from] item: Leftovers
|-damage|p1a: Kingambit|42/100|[from] Leech Seed|[of] p2a: Torterra
|upkeep
|turn|18
|
|t:|1758293014
|move|p2a: Torterra|Leech Seed|p1a: Kingambit|[miss]
|-miss|p2a: Torterra|p1a: Kingambit
|move|p1a: Kingambit|Kowtow Cleave|p2a: Torterra
|-damage|p2a: Torterra|6/100
|
|-heal|p2a: Torterra|12/100|[from] item: Leftovers
|-heal|p1a: Kingambit|49/100|[from] item: Leftovers
|-damage|p1a: Kingambit|36/100|[from] Leech Seed|[of] p2a: Torterra
|-heal|p2a: Torterra|26/100|[silent]
|upkeep
|turn|19
|
|t:|1758293025
|move|p2a: Torterra|Protect|p2a: Torterra
|-singleturn|p2a: Torterra|Protect
|move|p1a: Kingambit|Kowtow Cleave|p2a: Torterra
|-activate|p2a: Torterra|move: Protect
|
|-heal|p2a: Torterra|32/100|[from] item: Leftovers
|-heal|p1a: Kingambit|42/100|[from] item: Leftovers
|-damage|p1a: Kingambit|30/100|[from] Leech Seed|[of] p2a: Torterra
|-heal|p2a: Torterra|46/100|[silent]
|upkeep
|turn|20
|
|t:|1758293035
|move|p2a: Torterra|Protect||[still]
|-fail|p2a: Torterra
|move|p1a: Kingambit|Sucker Punch||[still]
|-fail|p1a: Kingambit
|
|-heal|p2a: Torterra|52/100|[from] item: Leftovers
|-heal|p1a: Kingambit|36/100|[from] item: Leftovers
|-damage|p1a: Kingambit|24/100|[from] Leech Seed|[of] p2a: Torterra
|-heal|p2a: Torterra|66/100|[silent]
|upkeep
|turn|21
|
|t:|1758293044
|move|p2a: Torterra|Protect|p2a: Torterra
|-singleturn|p2a: Torterra|Protect
|move|p1a: Kingambit|Swords Dance|p1a: Kingambit
|-boost|p1a: Kingambit|atk|2
|
|-heal|p2a: Torterra|73/100|[from] item: Leftovers
|-heal|p1a: Kingambit|30/100|[from] item: Leftovers
|-damage|p1a: Kingambit|18/100|[from] Leech Seed|[of] p2a: Torterra
|-heal|p2a: Torterra|87/100|[silent]
|upkeep
|turn|22
|
|t:|1758293058
|switch|p2a: Weezing|Weezing-Galar, F|100/100
|-ability|p2a: Weezing|Neutralizing Gas
|move|p1a: Kingambit|Kowtow Cleave|p2a: Weezing
|-resisted|p2a: Weezing
|-damage|p2a: Weezing|40/100
|
|-heal|p2a: Weezing|47/100|[from] item: Leftovers
|-heal|p1a: Kingambit|24/100|[from] item: Leftovers
|-damage|p1a: Kingambit|11/100|[from] Leech Seed|[of] p2a: Weezing
|-heal|p2a: Weezing|64/100|[silent]
|upkeep
|turn|23
|
|t:|1758293069
|move|p2a: Weezing|Protect|p2a: Weezing
|-singleturn|p2a: Weezing|Protect
|move|p1a: Kingambit|Iron Head|p2a: Weezing
|-activate|p2a: Weezing|move: Protect
|
|-heal|p2a: Weezing|70/100|[from] item: Leftovers
|-heal|p1a: Kingambit|18/100|[from] item: Leftovers
|-damage|p1a: Kingambit|5/100|[from] Leech Seed|[of] p2a: Weezing
|-heal|p2a: Weezing|87/100|[silent]
|upkeep
|turn|24
|
|t:|1758293080
|-end|p2a: Weezing|ability: Neutralizing Gas
|-activate|p1a: Kingambit|ability: Supreme Overlord
|-start|p1a: Kingambit|fallen5|[silent]
|switch|p2a: Torterra|Torterra, M|87/100
|move|p1a: Kingambit|Iron Head|p2a: Torterra
|-damage|p2a: Torterra|0 fnt
|faint|p2a: Torterra
|
|-heal|p1a: Kingambit|11/100|[from] item: Leftovers
|upkeep
|
|t:|1758293097
|switch|p2a: Pelipper|Pelipper, M, shiny|6/100
|-weather|RainDance|[from] ability: Drizzle|[of] p2a: Pelipper
|turn|25
|
|t:|1758293102
|move|p2a: Pelipper|Protect|p2a: Pelipper
|-singleturn|p2a: Pelipper|Protect
|move|p1a: Kingambit|Kowtow Cleave|p2a: Pelipper
|-activate|p2a: Pelipper|move: Protect
|
|-weather|RainDance|[upkeep]
|-heal|p1a: Kingambit|18/100|[from] item: Leftovers
|-damage|p1a: Kingambit|5/100|[from] Leech Seed|[of] p2a: Pelipper
|-heal|p2a: Pelipper|25/100|[silent]
|upkeep
|turn|26
|
|t:|1758293113
|move|p2a: Pelipper|Protect|p2a: Pelipper
|-singleturn|p2a: Pelipper|Protect
|move|p1a: Kingambit|Kowtow Cleave|p2a: Pelipper
|-activate|p2a: Pelipper|move: Protect
|
|-weather|RainDance|[upkeep]
|-heal|p1a: Kingambit|11/100|[from] item: Leftovers
|-damage|p1a: Kingambit|0 fnt|[from] Leech Seed|[of] p2a: Pelipper
|-heal|p2a: Pelipper|41/100|[silent]
|faint|p1a: Kingambit
|-end|p1a: Kingambit|fallen5|[silent]
|
|win|finnlilienthal
|raw|Tyr585's rating: 1271 &rarr; <strong>1244</strong><br />(-27 for losing)
|raw|finnlilienthal's rating: 1237 &rarr; <strong>1264</strong><br />(+27 for winning)
|l|☆Tyr585
|player|p1|
|l|☆finnlilienthal
|player|p2|
