|j|☆Samarand
|j|☆javiconb
|t:|1758362043
|gametype|singles
|player|p1|Samarand|veteranf|1346
|player|p2|javiconb|102|1354
|gen|9
|tier|[Gen 9] OU
|rated|
|rule|HP Percentage Mod: HP is shown in percentages
|rule|Endless Battle Clause: Forcing endless battles is banned
|rule|Species Clause: Limit one of each Pokémon
|rule|OHKO Clause: OHKO moves are banned
|rule|Evasion Items Clause: Evasion items are banned
|rule|Evasion Moves Clause: Evasion moves are banned
|rule|Evasion Abilities Clause: Evasion abilities are banned
|rule|Sleep Moves Clause: Sleep-inducing moves are banned
|clearpoke
|poke|p1|Delphox, F|
|poke|p1|Diancie|
|poke|p1|Corviknight, M|
|poke|p1|Primarina, M|
|poke|p1|Regice|
|poke|p1|Ninetales-Alola, F|
|poke|p2|Rabsca, F|
|poke|p2|Slowking-Galar, M|
|poke|p2|Ursaluna, M|
|poke|p2|Azumarill, M|
|poke|p2|Mimikyu, M|
|poke|p2|Kingambit, M|
|teampreview
|inactive|Battle timer is ON: inactive players will automatically lose when time's up. (requested by javiconb)
|
|t:|1758362097
|teamsize|p1|6
|teamsize|p2|6
|start
|switch|p1a: Ninetales|Ninetales-Alola, F|100/100
|switch|p2a: Azumarill|Azumarill, M|100/100
|-weather|Snowscape|[from] ability: Snow Warning|[of] p1a: Ninetales
|turn|1
|
|t:|1758362112
|move|p1a: Ninetales|Aurora Veil|p1a: Ninetales
|-sidestart|p1: Samarand|move: Aurora Veil
|move|p2a: Azumarill|Knock Off|p1a: Ninetales
|-resisted|p1a: Ninetales
|-damage|p1a: Ninetales|92/100
|-enditem|p1a: Ninetales|Light Clay|[from] move: Knock Off|[of] p2a: Azumarill
|
|-weather|Snowscape|[upkeep]
|upkeep
|turn|2
|
|t:|1758362121
|switch|p1a: Regice|Regice|100/100
|move|p2a: Azumarill|Liquidation|p1a: Regice
|-crit|p1a: Regice
|-damage|p1a: Regice|49/100
|
|-weather|Snowscape|[upkeep]
|-heal|p1a: Regice|55/100|[from] ability: Ice Body
|-heal|p1a: Regice|61/100|[from] item: Leftovers
|upkeep
|turn|3
|
|t:|1758362135
|switch|p2a: Slowking|Slowking-Galar, M|100/100
|move|p1a: Regice|Protect||[still]
|-fail|p1a: Regice
|
|-weather|Snowscape|[upkeep]
|-heal|p1a: Regice|67/100|[from] ability: Ice Body
|-heal|p1a: Regice|73/100|[from] item: Leftovers
|upkeep
|turn|4
|
|t:|1758362140
|move|p1a: Regice|Protect|p1a: Regice
|-singleturn|p1a: Regice|Protect
|move|p2a: Slowking|Trick Room|p2a: Slowking
|-fieldstart|move: Trick Room|[of] p2a: Slowking
|
|-weather|Snowscape|[upkeep]
|-heal|p1a: Regice|79/100|[from] ability: Ice Body
|-heal|p1a: Regice|85/100|[from] item: Leftovers
|upkeep
|turn|5
|
|t:|1758362143
|move|p2a: Slowking|Fire Blast|p1a: Regice
|-supereffective|p1a: Regice
|-damage|p1a: Regice|61/100
|-damage|p2a: Slowking|91/100|[from] item: Life Orb
|move|p1a: Regice|Charge Beam|p2a: Slowking
|-damage|p2a: Slowking|78/100
|-boost|p1a: Regice|spa|1
|
|-weather|none
|-heal|p1a: Regice|67/100|[from] item: Leftovers
|upkeep
|turn|6
|
|t:|1758362155
|move|p1a: Regice|Protect|p1a: Regice
|-singleturn|p1a: Regice|Protect
|move|p2a: Slowking|Fire Blast|p1a: Regice
|-activate|p1a: Regice|move: Protect
|
|-heal|p1a: Regice|73/100|[from] item: Leftovers
|upkeep
|turn|7
|
|t:|1758362161
|move|p2a: Slowking|Fire Blast|p1a: Regice
|-supereffective|p1a: Regice
|-damage|p1a: Regice|49/100
|-damage|p2a: Slowking|68/100|[from] item: Life Orb
|move|p1a: Regice|Charge Beam|p2a: Slowking
|-damage|p2a: Slowking|50/100
|-boost|p1a: Regice|spa|1
|
|-heal|p1a: Regice|55/100|[from] item: Leftovers
|upkeep
|turn|8
|inactive|javiconb has 120 seconds left.
|
|t:|1758362193
|switch|p2a: Kingambit|Kingambit, M|100/100
|move|p1a: Regice|Protect||[still]
|-fail|p1a: Regice
|
|-heal|p1a: Regice|61/100|[from] item: Leftovers
|-sideend|p1: Samarand|move: Aurora Veil
|-fieldend|move: Trick Room
|upkeep
|turn|9
|
|t:|1758362202
|move|p1a: Regice|Snowscape|p1a: Regice
|-weather|Snowscape
|move|p2a: Kingambit|Swords Dance|p2a: Kingambit
|-boost|p2a: Kingambit|atk|2
|
|-weather|Snowscape|[upkeep]
|-heal|p1a: Regice|67/100|[from] ability: Ice Body
|-heal|p1a: Regice|73/100|[from] item: Leftovers
|upkeep
|turn|10
|
|t:|1758362208
|-terastallize|p1a: Regice|Electric
|move|p1a: Regice|Charge Beam|p2a: Kingambit
|-damage|p2a: Kingambit|47/100
|-boost|p1a: Regice|spa|1
|move|p2a: Kingambit|Iron Head|p1a: Regice
|-resisted|p1a: Regice
|-damage|p1a: Regice|28/100
|
|-weather|Snowscape|[upkeep]
|-heal|p1a: Regice|34/100|[from] ability: Ice Body
|-heal|p1a: Regice|40/100|[from] item: Leftovers
|upkeep
|turn|11
|
|t:|1758362217
|move|p2a: Kingambit|Sucker Punch|p1a: Regice
|-damage|p1a: Regice|0 fnt
|faint|p1a: Regice
|
|-weather|Snowscape|[upkeep]
|upkeep
|
|t:|1758362225
|switch|p1a: Delphox|Delphox, F|100/100
|turn|12
|
|t:|1758362229
|move|p2a: Kingambit|Sucker Punch||[still]
|-fail|p2a: Kingambit
|move|p1a: Delphox|Psychic Terrain|p1a: Delphox
|-fieldstart|move: Psychic Terrain
|
|-weather|Snowscape|[upkeep]
|upkeep
|turn|13
|inactive|javiconb has 120 seconds left.
|
|t:|1758362271
|-end|p2a: Kingambit|fallenundefined|[silent]
|switch|p2a: Slowking|Slowking-Galar, M|83/100
|move|p1a: Delphox|Flamethrower|p2a: Slowking
|-damage|p2a: Slowking|51/100
|
|-weather|none
|upkeep
|turn|14
|
|t:|1758362285
|move|p1a: Delphox|Psychic|p2a: Slowking
|-damage|p2a: Slowking|4/100
|move|p2a: Slowking|Trick Room|p2a: Slowking
|-fieldstart|move: Trick Room|[of] p2a: Slowking
|
|upkeep
|turn|15
|
|t:|1758362295
|move|p2a: Slowking|Fire Blast|p1a: Delphox
|-resisted|p1a: Delphox
|-damage|p1a: Delphox|71/100
|-damage|p2a: Slowking|0 fnt|[from] item: Life Orb
|faint|p2a: Slowking
|move|p1a: Delphox|Flamethrower|p2: Slowking|[notarget]
|-fail|p1a: Delphox
|
|upkeep
|
|t:|1758362313
|switch|p2a: Azumarill|Azumarill, M|100/100
|turn|16
|
|t:|1758362316
|switch|p1a: Ninetales|Ninetales-Alola, F|92/100
|-weather|Snowscape|[from] ability: Snow Warning|[of] p1a: Ninetales
|move|p2a: Azumarill|Liquidation|p1a: Ninetales
|-damage|p1a: Ninetales|51/100
|
|-weather|Snowscape|[upkeep]
|-fieldend|move: Psychic Terrain
|upkeep
|turn|17
|inactive|javiconb has 120 seconds left.
|
|t:|1758362330
|move|p2a: Azumarill|Play Rough|p1a: Ninetales
|-damage|p1a: Ninetales|9/100
|move|p1a: Ninetales|Aurora Veil|p1a: Ninetales
|-sidestart|p1: Samarand|move: Aurora Veil
|
|-weather|Snowscape|[upkeep]
|upkeep
|turn|18
|inactive|javiconb has 120 seconds left.
|
|t:|1758362350
|move|p2a: Azumarill|Liquidation|p1a: Ninetales
|-damage|p1a: Ninetales|0 fnt
|faint|p1a: Ninetales
|
|-weather|Snowscape|[upkeep]
|-fieldend|move: Trick Room
|upkeep
|
|t:|1758362356
|switch|p1a: Primarina|Primarina, M|100/100
|turn|19
|
|t:|1758362371
|switch|p2a: Rabsca|Rabsca, F|100/100
|move|p1a: Primarina|Calm Mind|p1a: Primarina
|-boost|p1a: Primarina|spa|1
|-boost|p1a: Primarina|spd|1
|
|-weather|Snowscape|[upkeep]
|upkeep
|turn|20
|
|t:|1758362384
|move|p1a: Primarina|Surf|p2a: Rabsca
|-damage|p2a: Rabsca|30/100
|move|p2a: Rabsca|Trick Room|p2a: Rabsca
|-fieldstart|move: Trick Room|[of] p2a: Rabsca
|
|-weather|none
|upkeep
|turn|21
|
|t:|1758362389
|move|p2a: Rabsca|Memento|p1a: Primarina
|-unboost|p1a: Primarina|atk|2
|-unboost|p1a: Primarina|spa|2
|faint|p2a: Rabsca
|move|p1a: Primarina|Calm Mind|p1a: Primarina
|-boost|p1a: Primarina|spa|1
|-boost|p1a: Primarina|spd|1
|
|-sideend|p1: Samarand|move: Aurora Veil
|upkeep
|
|t:|1758362403
|switch|p2a: Kingambit|Kingambit, M|47/100
|-activate|p2a: Kingambit|ability: Supreme Overlord
|-start|p2a: Kingambit|fallen2|[silent]
|turn|22
|
|t:|1758362408
|move|p2a: Kingambit|Iron Head|p1a: Primarina
|-damage|p1a: Primarina|29/100
|move|p1a: Primarina|Surf|p2a: Kingambit
|-damage|p2a: Kingambit|0 fnt
|faint|p2a: Kingambit
|-end|p2a: Kingambit|fallen2|[silent]
|
|-heal|p1a: Primarina|35/100|[from] item: Leftovers
|upkeep
|inactive|javiconb has 120 seconds left.
|
|t:|1758362415
|switch|p2a: Ursaluna|Ursaluna, M|100/100
|turn|23
|
|t:|1758362423
|-terastallize|p2a: Ursaluna|Normal
|move|p2a: Ursaluna|Facade|p1a: Primarina
|-damage|p1a: Primarina|0 fnt
|faint|p1a: Primarina
|
|-status|p2a: Ursaluna|brn|[from] item: Flame Orb
|upkeep
|
|t:|1758362432
|switch|p1a: Corviknight|Corviknight, M|100/100
|turn|24
|
|t:|1758362447
|switch|p2a: Azumarill|Azumarill, M|100/100
|move|p1a: Corviknight|Bulk Up|p1a: Corviknight
|-boost|p1a: Corviknight|atk|1
|-boost|p1a: Corviknight|def|1
|
|-fieldend|move: Trick Room
|upkeep
|turn|25
|
|t:|1758362456
|move|p1a: Corviknight|Bulk Up|p1a: Corviknight
|-boost|p1a: Corviknight|atk|1
|-boost|p1a: Corviknight|def|1
|move|p2a: Azumarill|Knock Off|p1a: Corviknight
|-damage|p1a: Corviknight|82/100
|-enditem|p1a: Corviknight|Covert Cloak|[from] move: Knock Off|[of] p2a: Azumarill
|
|upkeep
|turn|26
|
|t:|1758362459
|switch|p2a: Mimikyu|Mimikyu, M|100/100
|move|p1a: Corviknight|Bulk Up|p1a: Corviknight
|-boost|p1a: Corviknight|atk|1
|-boost|p1a: Corviknight|def|1
|
|upkeep
|turn|27
|
|t:|1758362466
|move|p1a: Corviknight|Power Trip|p2a: Mimikyu
|-activate|p2a: Mimikyu|ability: Disguise
|-damage|p2a: Mimikyu|100/100
|detailschange|p2a: Mimikyu|Mimikyu-Busted, M
|-damage|p2a: Mimikyu|88/100|[from] pokemon: Mimikyu-Busted
|move|p2a: Mimikyu|Trick Room|p2a: Mimikyu
|-fieldstart|move: Trick Room|[of] p2a: Mimikyu
|
|upkeep
|turn|28
|
|t:|1758362481
|move|p1a: Corviknight|Power Trip|p2a: Mimikyu
|-damage|p2a: Mimikyu|0 fnt
|faint|p2a: Mimikyu
|
|upkeep
|
|t:|1758362492
|switch|p2a: Ursaluna|Ursaluna, M, tera:Normal|100/100 brn
|turn|29
|
|t:|1758362498
|move|p2a: Ursaluna|Swords Dance|p2a: Ursaluna
|-boost|p2a: Ursaluna|atk|2
|move|p1a: Corviknight|Roost|p1a: Corviknight
|-heal|p1a: Corviknight|100/100
|-singleturn|p1a: Corviknight|move: Roost
|
|-damage|p2a: Ursaluna|94/100 brn|[from] brn
|upkeep
|turn|30
|
|t:|1758362504
|move|p2a: Ursaluna|Swords Dance|p2a: Ursaluna
|-boost|p2a: Ursaluna|atk|2
|move|p1a: Corviknight|Bulk Up|p1a: Corviknight
|-boost|p1a: Corviknight|atk|1
|-boost|p1a: Corviknight|def|1
|
|-damage|p2a: Ursaluna|88/100 brn|[from] brn
|upkeep
|turn|31
|
|t:|1758362508
|move|p2a: Ursaluna|Facade|p1a: Corviknight
|-resisted|p1a: Corviknight
|-damage|p1a: Corviknight|26/100
|move|p1a: Corviknight|Power Trip|p2a: Ursaluna
|-damage|p2a: Ursaluna|7/100 brn
|
|-damage|p2a: Ursaluna|1/100 brn|[from] brn
|-fieldend|move: Trick Room
|upkeep
|turn|32
|
|t:|1758362533
|move|p1a: Corviknight|Roost|p1a: Corviknight
|-heal|p1a: Corviknight|76/100
|-singleturn|p1a: Corviknight|move: Roost
|move|p2a: Ursaluna|Facade|p1a: Corviknight
|-resisted|p1a: Corviknight
|-damage|p1a: Corviknight|9/100
|
|-damage|p2a: Ursaluna|0 fnt|[from] brn
|faint|p2a: Ursaluna
|upkeep
|-message|javiconb forfeited.
|
|win|Samarand
|raw|Samarand's rating: 1364 &rarr; <strong>1383</strong><br />(+19 for winning)
|raw|javiconb's rating: 1354 &rarr; <strong>1335</strong><br />(-19 for losing)
|l|☆javiconb
|player|p2|
|l|☆Samarand
|player|p1|
