|j|☆IAmNotAmanda
|j|☆bena13
|t:|1758274665
|gametype|singles
|player|p1|IAmNotAmanda|iris-gen5bw2|1232
|player|p2|bena13|2|1246
|gen|9
|tier|[Gen 9] OU
|rated|
|rule|HP Percentage Mod: HP is shown in percentages
|rule|Endless Battle Clause: Forcing endless battles is banned
|rule|Species Clause: Limit one of each Pokémon
|rule|OHKO Clause: OHKO moves are banned
|rule|Evasion Items Clause: Evasion items are banned
|rule|Evasion Moves Clause: Evasion moves are banned
|rule|Evasion Abilities Clause: Evasion abilities are banned
|rule|Sleep Moves Clause: Sleep-inducing moves are banned
|clearpoke
|poke|p1|Gliscor, F|
|poke|p1|Maushold-Four|
|poke|p1|Iron Valiant|
|poke|p1|Iron Crown|
|poke|p1|Alomomola, F|
|poke|p1|Clefable, M|
|poke|p2|Spiritomb, M|
|poke|p2|Okidogi, M|
|poke|p2|Gastrodon, F|
|poke|p2|Vileplume, M|
|poke|p2|Salazzle, F|
|poke|p2|Regidrago|
|teampreview
|inactive|Battle timer is ON: inactive players will automatically lose when time's up. (requested by IAmNotAmanda)
|
|t:|1758274671
|teamsize|p1|6
|teamsize|p2|6
|start
|switch|p1a: Gliscor|Gliscor, F|100/100
|switch|p2a: Salazzle|Salazzle, F|100/100
|turn|1
|l|☆bena13
|inactive|bena13 disconnected and has a minute to reconnect!
|player|p2|
|inactive|bena13 has 30 seconds to reconnect!
|inactive|bena13 has 20 seconds to reconnect!
|inactive|bena13 has 15 seconds to reconnect!
|inactive|bena13 has 10 seconds to reconnect!
|inactive|bena13 has 5 seconds to reconnect!
|j|☆bena13
|inactive|bena13 reconnected and has 80 seconds left.
|player|p2|bena13|2|
|
|t:|1758274752
|move|p1a: Gliscor|Protect|p1a: Gliscor
|-singleturn|p1a: Gliscor|Protect
|move|p2a: Salazzle|Substitute|p2a: Salazzle
|-start|p2a: Salazzle|Substitute
|-damage|p2a: Salazzle|76/100
|
|-status|p1a: Gliscor|tox|[from] item: Toxic Orb
|upkeep
|turn|2
|
|t:|1758274761
|-terastallize|p2a: Salazzle|Water
|move|p2a: Salazzle|Tera Blast|p1a: Gliscor|[anim] Tera Blast Water
|-supereffective|p1a: Gliscor
|-damage|p1a: Gliscor|0 fnt
|faint|p1a: Gliscor
|-damage|p2a: Salazzle|66/100|[from] item: Life Orb
|
|upkeep
|
|t:|1758274767
|switch|p1a: Maushold|Maushold-Four|100/100
|turn|3
|
|t:|1758274774
|switch|p2a: Spiritomb|Spiritomb, M|100/100
|move|p1a: Maushold|Population Bomb|p2a: Spiritomb
|-immune|p2a: Spiritomb
|
|upkeep
|turn|4
|inactive|bena13 has 90 seconds left.
|
|t:|1758274781
|switch|p1a: Clefable|Clefable, M|100/100
|move|p2a: Spiritomb|Will-O-Wisp|p1a: Clefable
|-status|p1a: Clefable|brn
|
|-damage|p1a: Clefable|94/100 brn|[from] brn
|upkeep
|turn|5
|inactive|bena13 has 90 seconds left.
|
|t:|1758274797
|switch|p2a: Okidogi|Okidogi, M|100/100
|move|p1a: Clefable|Knock Off|p2a: Okidogi
|-resisted|p2a: Okidogi
|-damage|p2a: Okidogi|97/100
|-enditem|p2a: Okidogi|Leftovers|[from] move: Knock Off|[of] p1a: Clefable
|
|-damage|p1a: Clefable|88/100 brn|[from] brn
|upkeep
|turn|6
|inactive|bena13 has 90 seconds left.
|
|t:|1758274806
|move|p2a: Okidogi|Poison Jab|p1a: Clefable
|-supereffective|p1a: Clefable
|-damage|p1a: Clefable|12/100 brn
|move|p1a: Clefable|Stealth Rock|p2a: Okidogi
|-sidestart|p2: bena13|move: Stealth Rock
|
|-damage|p1a: Clefable|6/100 brn|[from] brn
|upkeep
|turn|7
|
|t:|1758274814
|switch|p1a: Alomomola|Alomomola, F|100/100
|move|p2a: Okidogi|Drain Punch|p1a: Alomomola
|-damage|p1a: Alomomola|84/100
|-heal|p2a: Okidogi|100/100|[from] drain|[of] p1a: Alomomola
|
|upkeep
|turn|8
|
|t:|1758274822
|switch|p2a: Gastrodon|Gastrodon, F|100/100
|-damage|p2a: Gastrodon|94/100|[from] Stealth Rock
|move|p1a: Alomomola|Wish|p1a: Alomomola
|
|upkeep
|turn|9
|
|t:|1758274832
|move|p2a: Gastrodon|Earth Power|p1a: Alomomola
|-damage|p1a: Alomomola|38/100
|move|p1a: Alomomola|Mirror Coat|p2a: Gastrodon
|-damage|p2a: Gastrodon|0 fnt
|faint|p2a: Gastrodon
|
|-heal|p1a: Alomomola|88/100|[from] move: Wish|[wisher] Alomomola
|upkeep
|-message|IAmNotAmanda forfeited.
|
|win|bena13
|raw|IAmNotAmanda's rating: 1232 &rarr; <strong>1208</strong><br />(-24 for losing)
|raw|bena13's rating: 1246 &rarr; <strong>1270</strong><br />(+24 for winning)
|l|☆IAmNotAmanda
|player|p1|
|l|☆bena13
|player|p2|
