|j|☆Mr.villains
|j|☆kebab.ixx
|t:|1758342378
|gametype|singles
|player|p1|Mr.villains|cynthia-gen4|1552
|player|p2|kebab.ixx|169|1571
|gen|9
|tier|[Gen 9] OU
|rated|
|rule|HP Percentage Mod: HP is shown in percentages
|rule|Endless Battle Clause: Forcing endless battles is banned
|rule|Species Clause: Limit one of each Pokémon
|rule|OHKO Clause: OHKO moves are banned
|rule|Evasion Items Clause: Evasion items are banned
|rule|Evasion Moves Clause: Evasion moves are banned
|rule|Evasion Abilities Clause: Evasion abilities are banned
|rule|Sleep Moves Clause: Sleep-inducing moves are banned
|clearpoke
|poke|p1|Darkrai|
|poke|p1|Glimmora, M|
|poke|p1|Dragonite, M|
|poke|p1|Enamorus, F|
|poke|p1|Corviknight, M|
|poke|p1|Kingambit, M|
|poke|p2|Hydrapple, M|
|poke|p2|Fezandipiti, M|
|poke|p2|Skarmory, F|
|poke|p2|Landorus-Therian, M|
|poke|p2|Samurott-Hisui, M|
|poke|p2|Skeledirge, M|
|teampreview
|inactive|Battle timer is ON: inactive players will automatically lose when time's up. (requested by Mr.villains)
|
|t:|1758342385
|teamsize|p1|6
|teamsize|p2|6
|start
|switch|p1a: Enamorus|Enamorus, F|100/100
|switch|p2a: Landorus|Landorus-Therian, M, shiny|100/100
|-ability|p2a: Landorus|Intimidate|boost
|-unboost|p1a: Enamorus|atk|1
|turn|1
|
|t:|1758342391
|switch|p1a: Glimmora|Glimmora, M|100/100
|move|p2a: Landorus|Stone Edge|p1a: Glimmora
|-damage|p1a: Glimmora|72/100
|-activate|p1a: Glimmora|ability: Toxic Debris
|-sidestart|p2: kebab.ixx|move: Toxic Spikes
|-enditem|p1a: Glimmora|Red Card|[of] p2a: Landorus
|drag|p2a: Skarmory|Skarmory, F, shiny|100/100
|
|upkeep
|turn|2
|
|t:|1758342396
|move|p1a: Glimmora|Stealth Rock|p2a: Skarmory
|-sidestart|p2: kebab.ixx|move: Stealth Rock
|move|p2a: Skarmory|Stealth Rock|p1a: Glimmora
|-sidestart|p1: Mr.villains|move: Stealth Rock
|
|upkeep
|turn|3
|
|t:|1758342413
|switch|p1a: Dragonite|Dragonite, M|100/100
|move|p2a: Skarmory|Body Press|p1a: Dragonite
|-resisted|p1a: Dragonite
|-damage|p1a: Dragonite|92/100
|
|upkeep
|turn|4
|
|t:|1758342418
|move|p1a: Dragonite|Dragon Dance|p1a: Dragonite
|-boost|p1a: Dragonite|atk|1
|-boost|p1a: Dragonite|spe|1
|move|p2a: Skarmory|Brave Bird|p1a: Dragonite
|-damage|p1a: Dragonite|56/100
|-damage|p2a: Skarmory|88/100|[from] Recoil
|
|upkeep
|turn|5
|
|t:|1758342427
|switch|p1a: Glimmora|Glimmora, M|72/100
|-damage|p1a: Glimmora|60/100|[from] Stealth Rock
|move|p2a: Skarmory|Brave Bird|p1a: Glimmora
|-resisted|p1a: Glimmora
|-damage|p1a: Glimmora|47/100
|-activate|p1a: Glimmora|ability: Toxic Debris
|-sidestart|p2: kebab.ixx|move: Toxic Spikes
|-damage|p2a: Skarmory|84/100|[from] Recoil
|
|upkeep
|turn|6
|
|t:|1758342442
|move|p1a: Glimmora|Dazzling Gleam|p2a: Skarmory
|-resisted|p2a: Skarmory
|-damage|p2a: Skarmory|67/100
|move|p2a: Skarmory|Body Press|p1a: Glimmora
|-damage|p1a: Glimmora|22/100
|
|upkeep
|turn|7
|
|t:|1758342446
|move|p1a: Glimmora|Dazzling Gleam|p2a: Skarmory
|-resisted|p2a: Skarmory
|-crit|p2a: Skarmory
|-damage|p2a: Skarmory|43/100
|move|p2a: Skarmory|Roost|p2a: Skarmory
|-heal|p2a: Skarmory|93/100
|-singleturn|p2a: Skarmory|move: Roost
|
|upkeep
|turn|8
|
|t:|1758342450
|move|p1a: Glimmora|Dazzling Gleam|p2a: Skarmory
|-resisted|p2a: Skarmory
|-damage|p2a: Skarmory|78/100
|move|p2a: Skarmory|Body Press|p1a: Glimmora
|-damage|p1a: Glimmora|0 fnt
|faint|p1a: Glimmora
|
|upkeep
|
|t:|1758342454
|switch|p1a: Enamorus|Enamorus, F|100/100
|-damage|p1a: Enamorus|76/100|[from] Stealth Rock
|turn|9
|
|t:|1758342457
|switch|p2a: Fezandipiti|Fezandipiti, M|100/100
|-sideend|p2: kebab.ixx|move: Toxic Spikes|[of] p2a: Fezandipiti
|move|p1a: Enamorus|Mystical Fire|p2a: Fezandipiti
|-damage|p2a: Fezandipiti|85/100
|-unboost|p2a: Fezandipiti|spa|1
|
|upkeep
|turn|10
|
|t:|1758342469
|move|p1a: Enamorus|Mystical Fire|p2a: Fezandipiti
|-damage|p2a: Fezandipiti|70/100
|-unboost|p2a: Fezandipiti|spa|1
|move|p2a: Fezandipiti|Moonblast|p1a: Enamorus
|-damage|p1a: Enamorus|58/100
|
|upkeep
|turn|11
|
|t:|1758342482
|move|p1a: Enamorus|Mystical Fire|p2a: Fezandipiti
|-damage|p2a: Fezandipiti|54/100
|-unboost|p2a: Fezandipiti|spa|1
|move|p2a: Fezandipiti|Sludge Bomb|p1a: Enamorus
|-supereffective|p1a: Enamorus
|-crit|p1a: Enamorus
|-damage|p1a: Enamorus|0 fnt
|faint|p1a: Enamorus
|
|upkeep
|
|t:|1758342496
|switch|p1a: Kingambit|Kingambit, M|100/100
|-damage|p1a: Kingambit|94/100|[from] Stealth Rock
|-activate|p1a: Kingambit|ability: Supreme Overlord
|-start|p1a: Kingambit|fallen2|[silent]
|turn|12
|
|t:|1758342499
|switch|p2a: Skarmory|Skarmory, F, shiny|78/100
|-damage|p2a: Skarmory|66/100|[from] Stealth Rock
|move|p1a: Kingambit|Swords Dance|p1a: Kingambit
|-boost|p1a: Kingambit|atk|2
|
|-heal|p1a: Kingambit|100/100|[from] item: Leftovers
|upkeep
|turn|13
|
|t:|1758342508
|-terastallize|p1a: Kingambit|Ghost
|move|p1a: Kingambit|Kowtow Cleave|p2a: Skarmory
|-damage|p2a: Skarmory|0 fnt
|-damage|p1a: Kingambit|84/100|[from] item: Rocky Helmet|[of] p2a: Skarmory
|faint|p2a: Skarmory
|
|-heal|p1a: Kingambit|90/100|[from] item: Leftovers
|upkeep
|
|t:|1758342513
|switch|p2a: Samurott|Samurott-Hisui, M, shiny|100/100
|turn|14
|
|t:|1758342517
|move|p2a: Samurott|Knock Off|p1a: Kingambit
|-supereffective|p1a: Kingambit
|-damage|p1a: Kingambit|13/100
|-enditem|p1a: Kingambit|Leftovers|[from] move: Knock Off|[of] p2a: Samurott
|move|p1a: Kingambit|Low Kick|p2a: Samurott
|-supereffective|p2a: Samurott
|-crit|p2a: Samurott
|-damage|p2a: Samurott|0 fnt
|faint|p2a: Samurott
|
|upkeep
|
|t:|1758342524
|switch|p2a: Skeledirge|Skeledirge, M|100/100
|turn|15
|
|t:|1758342529
|move|p1a: Kingambit|Kowtow Cleave|p2a: Skeledirge
|-supereffective|p2a: Skeledirge
|-damage|p2a: Skeledirge|17/100
|move|p2a: Skeledirge|Torch Song|p1a: Kingambit
|-damage|p1a: Kingambit|0 fnt
|-boost|p2a: Skeledirge|spa|1
|faint|p1a: Kingambit
|-end|p1a: Kingambit|fallen2|[silent]
|
|upkeep
|
|t:|1758342535
|switch|p1a: Darkrai|Darkrai|100/100
|-damage|p1a: Darkrai|88/100|[from] Stealth Rock
|turn|16
|
|t:|1758342544
|switch|p2a: Landorus|Landorus-Therian, M, shiny|100/100
|-damage|p2a: Landorus|88/100|[from] Stealth Rock
|-ability|p2a: Landorus|Intimidate|boost
|-unboost|p1a: Darkrai|atk|1
|move|p1a: Darkrai|Dark Pulse|p2a: Landorus
|-damage|p2a: Landorus|24/100
|
|-heal|p1a: Darkrai|94/100|[from] item: Leftovers
|upkeep
|turn|17
|
|t:|1758342549
|switch|p1a: Corviknight|Corviknight, M|100/100
|-damage|p1a: Corviknight|88/100|[from] Stealth Rock
|-ability|p1a: Corviknight|Pressure
|move|p2a: Landorus|U-turn|p1a: Corviknight
|-resisted|p1a: Corviknight
|-damage|p1a: Corviknight|84/100
|
|t:|1758342552
|switch|p2a: Skeledirge|Skeledirge, M|17/100|[from] U-turn
|
|-heal|p1a: Corviknight|90/100|[from] item: Leftovers
|upkeep
|turn|18
|
|t:|1758342554
|move|p1a: Corviknight|Brave Bird|p2a: Skeledirge
|-damage|p2a: Skeledirge|0 fnt
|faint|p2a: Skeledirge
|-damage|p1a: Corviknight|85/100|[from] Recoil
|
|-heal|p1a: Corviknight|91/100|[from] item: Leftovers
|upkeep
|
|t:|1758342561
|switch|p2a: Fezandipiti|Fezandipiti, M|54/100
|turn|19
|
|t:|1758342567
|move|p2a: Fezandipiti|Roost|p2a: Fezandipiti
|-heal|p2a: Fezandipiti|100/100
|-singleturn|p2a: Fezandipiti|move: Roost
|move|p1a: Corviknight|Brave Bird|p2a: Fezandipiti
|-damage|p2a: Fezandipiti|60/100
|-damage|p1a: Corviknight|78/100|[from] Recoil
|
|-heal|p1a: Corviknight|85/100|[from] item: Leftovers
|upkeep
|turn|20
|
|t:|1758342572
|move|p2a: Fezandipiti|Roost|p2a: Fezandipiti
|-heal|p2a: Fezandipiti|100/100
|-singleturn|p2a: Fezandipiti|move: Roost
|move|p1a: Corviknight|Brave Bird|p2a: Fezandipiti
|-damage|p2a: Fezandipiti|61/100
|-damage|p1a: Corviknight|72/100|[from] Recoil
|
|-heal|p1a: Corviknight|78/100|[from] item: Leftovers
|upkeep
|turn|21
|
|t:|1758342576
|move|p2a: Fezandipiti|Roost|p2a: Fezandipiti
|-heal|p2a: Fezandipiti|100/100
|-singleturn|p2a: Fezandipiti|move: Roost
|move|p1a: Corviknight|Brave Bird|p2a: Fezandipiti
|-damage|p2a: Fezandipiti|61/100
|-damage|p1a: Corviknight|66/100|[from] Recoil
|
|-heal|p1a: Corviknight|72/100|[from] item: Leftovers
|upkeep
|turn|22
|
|t:|1758342581
|move|p2a: Fezandipiti|Roost|p2a: Fezandipiti
|-heal|p2a: Fezandipiti|100/100
|-singleturn|p2a: Fezandipiti|move: Roost
|move|p1a: Corviknight|Brave Bird|p2a: Fezandipiti
|-damage|p2a: Fezandipiti|62/100
|-damage|p1a: Corviknight|60/100|[from] Recoil
|
|-heal|p1a: Corviknight|66/100|[from] item: Leftovers
|upkeep
|turn|23
|
|t:|1758342586
|move|p2a: Fezandipiti|Calm Mind|p2a: Fezandipiti
|-boost|p2a: Fezandipiti|spa|1
|-boost|p2a: Fezandipiti|spd|1
|move|p1a: Corviknight|Brave Bird|p2a: Fezandipiti
|-damage|p2a: Fezandipiti|23/100
|-damage|p1a: Corviknight|54/100|[from] Recoil
|
|-heal|p1a: Corviknight|60/100|[from] item: Leftovers
|upkeep
|turn|24
|
|t:|1758342589
|move|p2a: Fezandipiti|Roost|p2a: Fezandipiti
|-heal|p2a: Fezandipiti|73/100
|-singleturn|p2a: Fezandipiti|move: Roost
|move|p1a: Corviknight|Brave Bird|p2a: Fezandipiti
|-damage|p2a: Fezandipiti|34/100
|-damage|p1a: Corviknight|48/100|[from] Recoil
|
|-heal|p1a: Corviknight|54/100|[from] item: Leftovers
|upkeep
|turn|25
|
|t:|1758342593
|move|p2a: Fezandipiti|Roost|p2a: Fezandipiti
|-heal|p2a: Fezandipiti|84/100
|-singleturn|p2a: Fezandipiti|move: Roost
|move|p1a: Corviknight|Brave Bird|p2a: Fezandipiti
|-damage|p2a: Fezandipiti|43/100
|-damage|p1a: Corviknight|42/100|[from] Recoil
|
|-heal|p1a: Corviknight|48/100|[from] item: Leftovers
|upkeep
|turn|26
|
|t:|1758342596
|move|p2a: Fezandipiti|Roost|p2a: Fezandipiti
|-heal|p2a: Fezandipiti|93/100
|-singleturn|p2a: Fezandipiti|move: Roost
|move|p1a: Corviknight|Brave Bird|p2a: Fezandipiti
|-damage|p2a: Fezandipiti|53/100
|-damage|p1a: Corviknight|35/100|[from] Recoil
|
|-heal|p1a: Corviknight|42/100|[from] item: Leftovers
|upkeep
|turn|27
|
|t:|1758342622
|move|p2a: Fezandipiti|Moonblast|p1a: Corviknight
|-resisted|p1a: Corviknight
|-damage|p1a: Corviknight|25/100
|-unboost|p1a: Corviknight|spa|1
|move|p1a: Corviknight|Roost|p1a: Corviknight
|-heal|p1a: Corviknight|75/100
|-singleturn|p1a: Corviknight|move: Roost
|
|-heal|p1a: Corviknight|81/100|[from] item: Leftovers
|upkeep
|turn|28
|
|t:|1758342628
|move|p2a: Fezandipiti|Calm Mind|p2a: Fezandipiti
|-boost|p2a: Fezandipiti|spa|1
|-boost|p2a: Fezandipiti|spd|1
|move|p1a: Corviknight|Brave Bird|p2a: Fezandipiti
|-damage|p2a: Fezandipiti|15/100
|-damage|p1a: Corviknight|69/100|[from] Recoil
|
|-heal|p1a: Corviknight|75/100|[from] item: Leftovers
|upkeep
|turn|29
|
|t:|1758342631
|move|p2a: Fezandipiti|Roost|p2a: Fezandipiti
|-heal|p2a: Fezandipiti|65/100
|-singleturn|p2a: Fezandipiti|move: Roost
|move|p1a: Corviknight|Brave Bird|p2a: Fezandipiti
|-damage|p2a: Fezandipiti|23/100
|-damage|p1a: Corviknight|62/100|[from] Recoil
|
|-heal|p1a: Corviknight|68/100|[from] item: Leftovers
|upkeep
|turn|30
|
|t:|1758342634
|move|p2a: Fezandipiti|Moonblast|p1a: Corviknight
|-resisted|p1a: Corviknight
|-damage|p1a: Corviknight|46/100
|move|p1a: Corviknight|Brave Bird|p2a: Fezandipiti
|-damage|p2a: Fezandipiti|0 fnt
|faint|p2a: Fezandipiti
|-damage|p1a: Corviknight|39/100|[from] Recoil
|
|-heal|p1a: Corviknight|45/100|[from] item: Leftovers
|upkeep
|
|t:|1758342638
|switch|p2a: Hydrapple|Hydrapple, M, shiny|100/100
|turn|31
|
|t:|1758342641
|-terastallize|p2a: Hydrapple|Poison
|move|p1a: Corviknight|Brave Bird|p2a: Hydrapple
|-damage|p2a: Hydrapple|74/100
|-damage|p1a: Corviknight|36/100|[from] Recoil
|move|p2a: Hydrapple|Nasty Plot|p2a: Hydrapple
|-boost|p2a: Hydrapple|spa|2
|
|-heal|p1a: Corviknight|42/100|[from] item: Leftovers
|upkeep
|turn|32
|
|t:|1758342645
|move|p1a: Corviknight|Roost|p1a: Corviknight
|-heal|p1a: Corviknight|92/100
|-singleturn|p1a: Corviknight|move: Roost
|move|p2a: Hydrapple|Fickle Beam|p1a: Corviknight
|-resisted|p1a: Corviknight
|-damage|p1a: Corviknight|50/100
|
|-heal|p1a: Corviknight|56/100|[from] item: Leftovers
|upkeep
|turn|33
|
|t:|1758342652
|move|p1a: Corviknight|Brave Bird|p2a: Hydrapple
|-damage|p2a: Hydrapple|44/100
|-damage|p1a: Corviknight|46/100|[from] Recoil
|move|p2a: Hydrapple|Giga Drain|p1a: Corviknight
|-resisted|p1a: Corviknight
|-damage|p1a: Corviknight|25/100
|-heal|p2a: Hydrapple|54/100|[from] drain|[of] p1a: Corviknight
|
|-heal|p1a: Corviknight|31/100|[from] item: Leftovers
|upkeep
|turn|34
|
|t:|1758342657
|move|p1a: Corviknight|Roost|p1a: Corviknight
|-heal|p1a: Corviknight|81/100
|-singleturn|p1a: Corviknight|move: Roost
|move|p2a: Hydrapple|Earth Power|p1a: Corviknight
|-supereffective|p1a: Corviknight
|-damage|p1a: Corviknight|0 fnt
|faint|p1a: Corviknight
|
|upkeep
|
|t:|1758342664
|switch|p1a: Dragonite|Dragonite, M|56/100
|turn|35
|
|t:|1758342668
|move|p1a: Dragonite|Substitute|p1a: Dragonite
|-start|p1a: Dragonite|Substitute
|-damage|p1a: Dragonite|32/100
|move|p2a: Hydrapple|Fickle Beam|p1a: Dragonite
|-supereffective|p1a: Dragonite
|-end|p1a: Dragonite|Substitute
|
|upkeep
|turn|36
|
|t:|1758342673
|move|p1a: Dragonite|Earthquake|p2a: Hydrapple
|-supereffective|p2a: Hydrapple
|-crit|p2a: Hydrapple
|-damage|p2a: Hydrapple|0 fnt
|faint|p2a: Hydrapple
|
|upkeep
|
|t:|1758342675
|switch|p2a: Landorus|Landorus-Therian, M, shiny|24/100
|-damage|p2a: Landorus|12/100|[from] Stealth Rock
|-ability|p2a: Landorus|Intimidate|boost
|-unboost|p1a: Dragonite|atk|1
|turn|37
|
|t:|1758342682
|move|p2a: Landorus|Stone Edge|p1a: Dragonite|[miss]
|-miss|p2a: Landorus|p1a: Dragonite
|move|p1a: Dragonite|Tera Blast|p2a: Landorus
|-damage|p2a: Landorus|0 fnt
|faint|p2a: Landorus
|
|win|Mr.villains
|raw|Mr.villains's rating: 1552 &rarr; <strong>1573</strong><br />(+21 for winning)
|raw|kebab.ixx's rating: 1571 &rarr; <strong>1550</strong><br />(-21 for losing)
|l|☆kebab.ixx
|player|p2|
|l|☆Mr.villains
|player|p1|
