|j|☆unexpectoimpregno
|j|☆KryptonianSmash
|t:|1758289501
|gametype|singles
|player|p1|unexpectoimpregno|worker|1147
|player|p2|KryptonianSmash|169|1129
|gen|9
|tier|[Gen 9] OU
|rated|
|rule|HP Percentage Mod: HP is shown in percentages
|rule|Endless Battle Clause: Forcing endless battles is banned
|rule|Species Clause: Limit one of each Pokémon
|rule|OHKO Clause: OHKO moves are banned
|rule|Evasion Items Clause: Evasion items are banned
|rule|Evasion Moves Clause: Evasion moves are banned
|rule|Evasion Abilities Clause: Evasion abilities are banned
|rule|Sleep Moves Clause: Sleep-inducing moves are banned
|clearpoke
|poke|p1|Iron Moth|
|poke|p1|Dragonite, M|
|poke|p1|Landorus-Therian, M|
|poke|p1|Alomomola, M|
|poke|p1|Iron Treads|
|poke|p1|Kyurem|
|poke|p2|Hitmonchan, M|
|poke|p2|Clodsire, F|
|poke|p2|Politoed, F|
|poke|p2|Staraptor, F|
|poke|p2|Kingdra, M|
|poke|p2|Braviary-Hisui, M|
|teampreview
|inactive|Battle timer is ON: inactive players will automatically lose when time's up. (requested by KryptonianSmash)
|
|t:|1758289516
|teamsize|p1|6
|teamsize|p2|6
|start
|switch|p1a: Landorus|Landorus-Therian, M|100/100
|switch|p2a: Politoed|Politoed, F|100/100
|-ability|p1a: Landorus|Intimidate|boost
|-unboost|p2a: Politoed|atk|1
|-weather|RainDance|[from] ability: Drizzle|[of] p2a: Politoed
|turn|1
|
|t:|1758289525
|move|p1a: Landorus|Stealth Rock|p2a: Politoed
|-sidestart|p2: KryptonianSmash|move: Stealth Rock
|move|p2a: Politoed|Ice Beam|p1a: Landorus
|-supereffective|p1a: Landorus
|-damage|p1a: Landorus|0 fnt
|faint|p1a: Landorus
|
|-weather|RainDance|[upkeep]
|upkeep
|
|t:|1758289541
|switch|p1a: Dragonite|Dragonite, M|100/100
|turn|2
|
|t:|1758289546
|move|p1a: Dragonite|Dragon Dance|p1a: Dragonite
|-boost|p1a: Dragonite|atk|1
|-boost|p1a: Dragonite|spe|1
|move|p2a: Politoed|Chilling Water|p1a: Dragonite
|-resisted|p1a: Dragonite
|-damage|p1a: Dragonite|92/100
|-unboost|p1a: Dragonite|atk|1
|
|-weather|RainDance|[upkeep]
|upkeep
|turn|3
|
|t:|1758289560
|switch|p1a: Alomomola|Alomomola, M|100/100
|move|p2a: Politoed|Ice Beam|p1a: Alomomola
|-resisted|p1a: Alomomola
|-damage|p1a: Alomomola|94/100
|
|-weather|RainDance|[upkeep]
|upkeep
|turn|4
|
|t:|1758289568
|move|p2a: Politoed|Perish Song|p2a: Politoed
|-start|p1a: Alomomola|perish3|[silent]
|-start|p2a: Politoed|perish3|[silent]
|-fieldactivate|move: Perish Song
|move|p1a: Alomomola|Scald|p2a: Politoed
|-resisted|p2a: Politoed
|-damage|p2a: Politoed|92/100
|
|-weather|RainDance|[upkeep]
|-start|p2a: Politoed|perish3
|-start|p1a: Alomomola|perish3
|upkeep
|turn|5
|
|t:|1758289577
|switch|p2a: Braviary|Braviary-Hisui, M|100/100
|-damage|p2a: Braviary|76/100|[from] Stealth Rock
|move|p1a: Alomomola|Flip Turn|p2a: Braviary
|-damage|p2a: Braviary|45/100
|
|t:|1758289586
|switch|p1a: Iron Moth|Iron Moth|100/100|[from] Flip Turn
|
|-weather|RainDance|[upkeep]
|upkeep
|turn|6
|
|t:|1758289592
|move|p1a: Iron Moth|Meteor Beam||[still]
|-prepare|p1a: Iron Moth|Meteor Beam
|-boost|p1a: Iron Moth|spa|1
|-enditem|p1a: Iron Moth|Power Herb
|-anim|p1a: Iron Moth|Meteor Beam|p2a: Braviary|[miss]
|-miss|p1a: Iron Moth|p2a: Braviary
|move|p2a: Braviary|Psychic|p1a: Iron Moth
|-supereffective|p1a: Iron Moth
|-damage|p1a: Iron Moth|0 fnt
|faint|p1a: Iron Moth
|-end|p1a: Iron Moth|Quark Drive|[silent]
|
|-weather|RainDance|[upkeep]
|upkeep
|
|t:|1758289603
|switch|p1a: Kyurem|Kyurem|100/100
|-ability|p1a: Kyurem|Pressure
|turn|7
|
|t:|1758289609
|move|p1a: Kyurem|Dragon Dance|p1a: Kyurem
|-boost|p1a: Kyurem|atk|1
|-boost|p1a: Kyurem|spe|1
|move|p2a: Braviary|Hurricane|p1a: Kyurem
|-damage|p1a: Kyurem|13/100
|
|-weather|RainDance|[upkeep]
|upkeep
|turn|8
|
|t:|1758289616
|move|p1a: Kyurem|Icicle Spear|p2a: Braviary
|-supereffective|p2a: Braviary
|-damage|p2a: Braviary|0 fnt
|faint|p2a: Braviary
|-hitcount|p2: Braviary|1
|
|-weather|none
|upkeep
|
|t:|1758289621
|switch|p2a: Hitmonchan|Hitmonchan, M|100/100
|-damage|p2a: Hitmonchan|94/100|[from] Stealth Rock
|turn|9
|
|t:|1758289631
|move|p2a: Hitmonchan|Bullet Punch|p1a: Kyurem
|-supereffective|p1a: Kyurem
|-damage|p1a: Kyurem|0 fnt
|faint|p1a: Kyurem
|
|upkeep
|
|t:|1758289638
|switch|p1a: Dragonite|Dragonite, M|92/100
|turn|10
|
|t:|1758289641
|move|p1a: Dragonite|Roost|p1a: Dragonite
|-heal|p1a: Dragonite|100/100
|-singleturn|p1a: Dragonite|move: Roost
|move|p2a: Hitmonchan|Ice Punch|p1a: Dragonite
|-supereffective|p1a: Dragonite
|-damage|p1a: Dragonite|64/100
|
|upkeep
|turn|11
|
|t:|1758289648
|switch|p1a: Iron Treads|Iron Treads|100/100
|move|p2a: Hitmonchan|Ice Punch|p1a: Iron Treads
|-damage|p1a: Iron Treads|77/100
|
|-heal|p1a: Iron Treads|83/100|[from] item: Leftovers
|upkeep
|turn|12
|
|t:|1758289655
|move|p1a: Iron Treads|Iron Defense|p1a: Iron Treads
|-boost|p1a: Iron Treads|def|2
|move|p2a: Hitmonchan|Drain Punch|p1a: Iron Treads
|-supereffective|p1a: Iron Treads
|-damage|p1a: Iron Treads|44/100
|-heal|p2a: Hitmonchan|100/100|[from] drain|[of] p1a: Iron Treads
|
|-heal|p1a: Iron Treads|50/100|[from] item: Leftovers
|upkeep
|turn|13
|
|t:|1758289666
|-terastallize|p1a: Iron Treads|Water
|move|p1a: Iron Treads|Iron Defense|p1a: Iron Treads
|-boost|p1a: Iron Treads|def|2
|move|p2a: Hitmonchan|Fire Punch|p1a: Iron Treads
|-resisted|p1a: Iron Treads
|-damage|p1a: Iron Treads|46/100
|
|-heal|p1a: Iron Treads|52/100|[from] item: Leftovers
|upkeep
|turn|14
|
|t:|1758289677
|switch|p2a: Politoed|Politoed, F|92/100
|-damage|p2a: Politoed|79/100|[from] Stealth Rock
|-weather|RainDance|[from] ability: Drizzle|[of] p2a: Politoed
|move|p1a: Iron Treads|Iron Defense|p1a: Iron Treads
|-boost|p1a: Iron Treads|def|2
|
|-weather|RainDance|[upkeep]
|-heal|p1a: Iron Treads|58/100|[from] item: Leftovers
|upkeep
|turn|15
|
|t:|1758289686
|move|p1a: Iron Treads|Body Press|p2a: Politoed
|-damage|p2a: Politoed|0 fnt
|faint|p2a: Politoed
|
|-weather|RainDance|[upkeep]
|-heal|p1a: Iron Treads|65/100|[from] item: Leftovers
|upkeep
|
|t:|1758289693
|switch|p2a: Clodsire|Clodsire, F|100/100
|-damage|p2a: Clodsire|94/100|[from] Stealth Rock
|turn|16
|
|t:|1758289697
|move|p1a: Iron Treads|Body Press|p2a: Clodsire
|-resisted|p2a: Clodsire
|-damage|p2a: Clodsire|64/100
|move|p2a: Clodsire|Toxic|p1a: Iron Treads
|-status|p1a: Iron Treads|tox
|
|-weather|RainDance|[upkeep]
|-heal|p1a: Iron Treads|71/100 tox|[from] item: Leftovers
|-heal|p2a: Clodsire|70/100|[from] item: Black Sludge
|-damage|p1a: Iron Treads|65/100 tox|[from] psn
|upkeep
|turn|17
|
|t:|1758289707
|move|p1a: Iron Treads|Body Press|p2a: Clodsire
|-resisted|p2a: Clodsire
|-damage|p2a: Clodsire|38/100
|move|p2a: Clodsire|Recover|p2a: Clodsire
|-heal|p2a: Clodsire|88/100
|
|-weather|RainDance|[upkeep]
|-heal|p1a: Iron Treads|71/100 tox|[from] item: Leftovers
|-heal|p2a: Clodsire|94/100|[from] item: Black Sludge
|-damage|p1a: Iron Treads|58/100 tox|[from] psn
|upkeep
|turn|18
|
|t:|1758289716
|-end|p1a: Iron Treads|Quark Drive|[silent]
|switch|p1a: Dragonite|Dragonite, M|64/100
|move|p2a: Clodsire|Stockpile|p2a: Clodsire
|-start|p2a: Clodsire|stockpile1
|-boost|p2a: Clodsire|def|1
|-boost|p2a: Clodsire|spd|1
|
|-weather|RainDance|[upkeep]
|-heal|p2a: Clodsire|99/100|[from] item: Black Sludge
|upkeep
|turn|19
|-message|unexpectoimpregno forfeited.
|
|win|KryptonianSmash
|raw|unexpectoimpregno's rating: 1147 &rarr; <strong>1121</strong><br />(-26 for losing)
|raw|KryptonianSmash's rating: 1129 &rarr; <strong>1155</strong><br />(+26 for winning)
|l|☆unexpectoimpregno
|player|p1|
|l|☆KryptonianSmash
|player|p2|
