|j|☆nube4real
|j|☆RomanticM
|t:|1758322135
|gametype|singles
|player|p1|nube4real|red|1103
|player|p2|RomanticM|steven|1110
|gen|9
|tier|[Gen 9] OU
|rated|
|rule|HP Percentage Mod: HP is shown in percentages
|rule|Endless Battle Clause: Forcing endless battles is banned
|rule|Species Clause: Limit one of each Pokémon
|rule|OHKO Clause: OHKO moves are banned
|rule|Evasion Items Clause: Evasion items are banned
|rule|Evasion Moves Clause: Evasion moves are banned
|rule|Evasion Abilities Clause: Evasion abilities are banned
|rule|Sleep Moves Clause: Sleep-inducing moves are banned
|clearpoke
|poke|p1|Raging Bolt|
|poke|p1|Ninetales, F|
|poke|p1|Torkoal, M|
|poke|p1|Walking Wake|
|poke|p1|Hoopa-Unbound|
|poke|p1|Ursaluna, M|
|poke|p2|Dusknoir, F|
|poke|p2|Garchomp, F|
|poke|p2|Empoleon, M|
|poke|p2|Florges, F|
|poke|p2|Magmortar, M|
|poke|p2|Haxorus, M|
|teampreview
|
|t:|1758322147
|teamsize|p1|6
|teamsize|p2|6
|start
|switch|p1a: Ninetales|Ninetales, F|100/100
|switch|p2a: Dusknoir|Dusknoir, F|100/100
|-weather|SunnyDay|[from] ability: Drought|[of] p1a: Ninetales
|-ability|p2a: Dusknoir|Pressure
|turn|1
|
|t:|1758322165
|move|p1a: Ninetales|Nasty Plot|p1a: Ninetales
|-boost|p1a: Ninetales|spa|2
|move|p2a: Dusknoir|Earthquake|p1a: Ninetales
|-supereffective|p1a: Ninetales
|-damage|p1a: Ninetales|8/100
|
|-weather|SunnyDay|[upkeep]
|upkeep
|turn|2
|
|t:|1758322179
|switch|p1a: Hoopa|Hoopa-Unbound|100/100
|move|p2a: Dusknoir|Earthquake|p1a: Hoopa
|-damage|p1a: Hoopa|60/100
|
|-weather|SunnyDay|[upkeep]
|upkeep
|turn|3
|
|t:|1758322188
|switch|p2a: Florges|Florges, F|100/100
|move|p1a: Hoopa|Hyperspace Fury|p2a: Florges
|-resisted|p2a: Florges
|-damage|p2a: Florges|67/100
|-unboost|p1a: Hoopa|def|1
|
|-weather|SunnyDay|[upkeep]
|-heal|p2a: Florges|73/100|[from] item: Leftovers
|upkeep
|turn|4
|
|t:|1758322198
|move|p2a: Florges|Moonblast|p1a: Hoopa
|-supereffective|p1a: Hoopa
|-damage|p1a: Hoopa|0 fnt
|faint|p1a: Hoopa
|
|-weather|SunnyDay|[upkeep]
|-heal|p2a: Florges|80/100|[from] item: Leftovers
|upkeep
|n|☆RomanticM|romanticm
|
|t:|1758322224
|switch|p1a: Ursaluna|Ursaluna, M, shiny|100/100
|turn|5
|
|t:|1758322235
|move|p2a: Florges|Giga Drain|p1a: Ursaluna
|-supereffective|p1a: Ursaluna
|-damage|p1a: Ursaluna|59/100
|-heal|p2a: Florges|100/100|[from] drain|[of] p1a: Ursaluna
|move|p1a: Ursaluna|Belly Drum|p1a: Ursaluna
|-damage|p1a: Ursaluna|9/100
|-setboost|p1a: Ursaluna|atk|6|[from] move: Belly Drum
|
|-weather|SunnyDay|[upkeep]
|upkeep
|turn|6
|
|t:|1758322256
|move|p2a: Florges|Giga Drain|p1a: Ursaluna
|-supereffective|p1a: Ursaluna
|-damage|p1a: Ursaluna|0 fnt
|faint|p1a: Ursaluna
|
|-weather|SunnyDay|[upkeep]
|upkeep
|
|t:|1758322260
|switch|p1a: Ninetales|Ninetales, F|8/100
|turn|7
|
|t:|1758322264
|move|p1a: Ninetales|Overheat|p2a: Florges
|-damage|p2a: Florges|47/100
|-unboost|p1a: Ninetales|spa|2
|move|p2a: Florges|Moonblast|p1a: Ninetales
|-resisted|p1a: Ninetales
|-damage|p1a: Ninetales|0 fnt
|faint|p1a: Ninetales
|
|-weather|SunnyDay|[upkeep]
|-heal|p2a: Florges|53/100|[from] item: Leftovers
|upkeep
|
|t:|1758322274
|switch|p1a: Walking Wake|Walking Wake|100/100
|-activate|p1a: Walking Wake|ability: Protosynthesis
|-start|p1a: Walking Wake|protosynthesisspe
|turn|8
|
|t:|1758322282
|-terastallize|p1a: Walking Wake|Fairy
|move|p1a: Walking Wake|Weather Ball|p2a: Florges
|-damage|p2a: Florges|23/100
|move|p2a: Florges|Moonblast|p1a: Walking Wake
|-damage|p1a: Walking Wake|62/100
|
|-weather|none
|-end|p1a: Walking Wake|Protosynthesis
|-heal|p2a: Florges|29/100|[from] item: Leftovers
|upkeep
|turn|9
|
|t:|1758322294
|-end|p1a: Walking Wake|Protosynthesis|[silent]
|switch|p1a: Torkoal|Torkoal, M|100/100
|-weather|SunnyDay|[from] ability: Drought|[of] p1a: Torkoal
|move|p2a: Florges|Moonblast|p1a: Torkoal
|-resisted|p1a: Torkoal
|-damage|p1a: Torkoal|73/100
|
|-weather|SunnyDay|[upkeep]
|-heal|p2a: Florges|35/100|[from] item: Leftovers
|upkeep
|turn|10
|
|t:|1758322307
|move|p2a: Florges|Moonblast|p1a: Torkoal
|-resisted|p1a: Torkoal
|-damage|p1a: Torkoal|46/100
|move|p1a: Torkoal|Body Press|p2a: Florges
|-resisted|p2a: Florges
|-damage|p2a: Florges|18/100
|
|-weather|SunnyDay|[upkeep]
|-heal|p2a: Florges|24/100|[from] item: Leftovers
|upkeep
|turn|11
|
|t:|1758322317
|move|p2a: Florges|Moonblast|p1a: Torkoal
|-resisted|p1a: Torkoal
|-damage|p1a: Torkoal|15/100
|move|p1a: Torkoal|Eruption|p2a: Florges
|-damage|p2a: Florges|16/100
|
|-weather|SunnyDay|[upkeep]
|-heal|p2a: Florges|22/100|[from] item: Leftovers
|upkeep
|turn|12
|
|t:|1758322331
|move|p2a: Florges|Wish|p2a: Florges
|move|p1a: Torkoal|Eruption|p2a: Florges
|-damage|p2a: Florges|15/100
|
|-weather|SunnyDay|[upkeep]
|-heal|p2a: Florges|21/100|[from] item: Leftovers
|upkeep
|turn|13
|
|t:|1758322343
|switch|p1a: Walking Wake|Walking Wake, tera:Fairy|62/100
|-activate|p1a: Walking Wake|ability: Protosynthesis
|-start|p1a: Walking Wake|protosynthesisspe
|move|p2a: Florges|Moonblast|p1a: Walking Wake
|-damage|p1a: Walking Wake|22/100
|-unboost|p1a: Walking Wake|spa|1
|
|-weather|SunnyDay|[upkeep]
|-heal|p2a: Florges|71/100|[from] move: Wish|[wisher] Florges
|-heal|p2a: Florges|77/100|[from] item: Leftovers
|upkeep
|turn|14
|
|t:|1758322356
|move|p1a: Walking Wake|Hydro Steam|p2a: Florges
|-damage|p2a: Florges|51/100
|move|p2a: Florges|Moonblast|p1a: Walking Wake
|-damage|p1a: Walking Wake|0 fnt
|faint|p1a: Walking Wake
|-end|p1a: Walking Wake|Protosynthesis|[silent]
|
|-weather|SunnyDay|[upkeep]
|-heal|p2a: Florges|58/100|[from] item: Leftovers
|upkeep
|-message|nube4real forfeited.
|
|win|RomanticM
|raw|nube4real's rating: 1103 &rarr; <strong>1079</strong><br />(-24 for losing)
|raw|RomanticM's rating: 1110 &rarr; <strong>1134</strong><br />(+24 for winning)
|l|☆nube4real
|player|p1|
|l|☆RomanticM
|player|p2|
