|j|☆SocialCreditLover
|j|☆EM3RLD
|t:|1758237255
|gametype|singles
|player|p1|SocialCreditLover|li|1715
|player|p2|EM3RLD|102|1684
|gen|9
|tier|[Gen 9] OU
|rated|
|rule|HP Percentage Mod: HP is shown in percentages
|rule|Endless Battle Clause: Forcing endless battles is banned
|rule|Species Clause: Limit one of each Pokémon
|rule|OHKO Clause: OHKO moves are banned
|rule|Evasion Items Clause: Evasion items are banned
|rule|Evasion Moves Clause: Evasion moves are banned
|rule|Evasion Abilities Clause: Evasion abilities are banned
|rule|Sleep Moves Clause: Sleep-inducing moves are banned
|clearpoke
|poke|p1|Pelipper, F|
|poke|p1|Hatterene, F|
|poke|p1|Iron Treads|
|poke|p1|Toxicroak, F|
|poke|p1|Barraskewda, F|
|poke|p1|Zapdos|
|poke|p2|Ninetales-Alola, M|
|poke|p2|Kingambit, M|
|poke|p2|Iron Moth|
|poke|p2|Azumarill, F|
|poke|p2|Great Tusk|
|poke|p2|Latias, F|
|teampreview
|inactive|Battle timer is ON: inactive players will automatically lose when time's up. (requested by EM3RLD)
|
|t:|1758237270
|teamsize|p1|6
|teamsize|p2|6
|start
|switch|p1a: Barraskewda|Barraskewda, F|100/100
|switch|p2a: Ninetales|Ninetales-Alola, M|100/100
|-weather|Snowscape|[from] ability: Snow Warning|[of] p2a: Ninetales
|turn|1
|
|t:|1758237273
|move|p1a: Barraskewda|Flip Turn|p2a: Ninetales
|-damage|p2a: Ninetales|58/100
|
|t:|1758237278
|switch|p1a: Iron Treads|Iron Treads|100/100|[from] Flip Turn
|move|p2a: Ninetales|Aurora Veil|p2a: Ninetales
|-sidestart|p2: EM3RLD|move: Aurora Veil
|
|-weather|Snowscape|[upkeep]
|upkeep
|turn|2
|
|t:|1758237299
|switch|p2a: Azumarill|Azumarill, F|100/100
|move|p1a: Iron Treads|Stealth Rock|p2a: Azumarill
|-sidestart|p2: EM3RLD|move: Stealth Rock
|
|-weather|Snowscape|[upkeep]
|upkeep
|turn|3
|
|t:|1758237304
|move|p1a: Iron Treads|Volt Switch|p2a: Azumarill
|-supereffective|p2a: Azumarill
|-damage|p2a: Azumarill|87/100
|
|t:|1758237306
|-end|p1a: Iron Treads|Quark Drive|[silent]
|switch|p1a: Toxicroak|Toxicroak, F|100/100|[from] Volt Switch
|move|p2a: Azumarill|Belly Drum|p2a: Azumarill
|-damage|p2a: Azumarill|37/100
|-setboost|p2a: Azumarill|atk|6|[from] move: Belly Drum
|-enditem|p2a: Azumarill|Sitrus Berry|[eat]
|-heal|p2a: Azumarill|62/100|[from] item: Sitrus Berry
|
|-weather|Snowscape|[upkeep]
|upkeep
|turn|4
|
|t:|1758237315
|move|p1a: Toxicroak|Encore|p2a: Azumarill
|-start|p2a: Azumarill|Encore
|move|p2a: Azumarill|Belly Drum||[still]
|-fail|p2a: Azumarill
|
|-weather|Snowscape|[upkeep]
|upkeep
|turn|5
|j| kimigoya
|j| amefurikoneko
|
|t:|1758237324
|switch|p2a: Great Tusk|Great Tusk|100/100
|-damage|p2a: Great Tusk|98/100|[from] Stealth Rock
|-enditem|p2a: Great Tusk|Booster Energy
|-activate|p2a: Great Tusk|ability: Protosynthesis|[fromitem]
|-start|p2a: Great Tusk|protosynthesisspe
|move|p1a: Toxicroak|Toxic|p2a: Great Tusk
|-status|p2a: Great Tusk|tox
|
|-weather|none
|-damage|p2a: Great Tusk|91/100 tox|[from] psn
|upkeep
|turn|6
|c| kimigoya|OMG IT'S THE TOXICROAK TEAM
|
|t:|1758237334
|move|p2a: Great Tusk|Bulk Up|p2a: Great Tusk
|-boost|p2a: Great Tusk|atk|1
|-boost|p2a: Great Tusk|def|1
|move|p1a: Toxicroak|Encore|p2a: Great Tusk
|-start|p2a: Great Tusk|Encore
|
|-damage|p2a: Great Tusk|79/100 tox|[from] psn
|upkeep
|turn|7
|c| kimigoya|<333
|
|t:|1758237353
|switch|p1a: Hatterene|Hatterene, F|100/100
|move|p2a: Great Tusk|Bulk Up|p2a: Great Tusk
|-boost|p2a: Great Tusk|atk|1
|-boost|p2a: Great Tusk|def|1
|
|-damage|p2a: Great Tusk|60/100 tox|[from] psn
|upkeep
|turn|8
|
|t:|1758237361
|move|p2a: Great Tusk|Bulk Up|p2a: Great Tusk
|-boost|p2a: Great Tusk|atk|1
|-boost|p2a: Great Tusk|def|1
|move|p1a: Hatterene|Psychic Noise|p2a: Great Tusk
|-supereffective|p2a: Great Tusk
|-damage|p2a: Great Tusk|16/100 tox
|-start|p2a: Great Tusk|move: Heal Block
|
|-damage|p2a: Great Tusk|0 fnt|[from] psn
|faint|p2a: Great Tusk
|-end|p2a: Great Tusk|Protosynthesis|[silent]
|-sideend|p2: EM3RLD|move: Aurora Veil
|upkeep
|
|t:|1758237366
|switch|p2a: Ninetales|Ninetales-Alola, M|58/100
|-damage|p2a: Ninetales|33/100|[from] Stealth Rock
|-weather|Snowscape|[from] ability: Snow Warning|[of] p2a: Ninetales
|turn|9
|
|t:|1758237373
|switch|p1a: Pelipper|Pelipper, F|100/100
|-weather|RainDance|[from] ability: Drizzle|[of] p1a: Pelipper
|move|p2a: Ninetales|Aurora Veil||[still]
|-fail|p2a: Ninetales
|
|-weather|RainDance|[upkeep]
|upkeep
|turn|10
|
|t:|1758237378
|switch|p1a: Iron Treads|Iron Treads|100/100
|move|p2a: Ninetales|Freeze-Dry|p1a: Iron Treads
|-damage|p1a: Iron Treads|85/100
|-status|p1a: Iron Treads|frz
|
|-weather|RainDance|[upkeep]
|-heal|p1a: Iron Treads|91/100 frz|[from] item: Leftovers
|upkeep
|turn|11
|
|t:|1758237385
|switch|p2a: Azumarill|Azumarill, F|62/100
|-damage|p2a: Azumarill|49/100|[from] Stealth Rock
|-end|p1a: Iron Treads|Quark Drive|[silent]
|switch|p1a: Hatterene|Hatterene, F|100/100
|
|-weather|RainDance|[upkeep]
|upkeep
|turn|12
|
|t:|1758237394
|move|p2a: Azumarill|Liquidation|p1a: Hatterene
|-damage|p1a: Hatterene|27/100
|-unboost|p1a: Hatterene|def|1
|-enditem|p1a: Hatterene|Eject Button
|
|t:|1758237398
|switch|p1a: Zapdos|Zapdos|100/100
|
|-weather|RainDance|[upkeep]
|upkeep
|turn|13
|
|t:|1758237404
|move|p2a: Azumarill|Aqua Jet|p1a: Zapdos
|-damage|p1a: Zapdos|56/100
|move|p1a: Zapdos|Volt Switch|p2a: Azumarill
|-supereffective|p2a: Azumarill
|-damage|p2a: Azumarill|0 fnt
|faint|p2a: Azumarill
|
|t:|1758237409
|switch|p1a: Toxicroak|Toxicroak, F|100/100|[from] Volt Switch
|
|-weather|RainDance|[upkeep]
|upkeep
|
|t:|1758237416
|switch|p2a: Ninetales|Ninetales-Alola, M|33/100
|-damage|p2a: Ninetales|8/100|[from] Stealth Rock
|-weather|Snowscape|[from] ability: Snow Warning|[of] p2a: Ninetales
|turn|14
|
|t:|1758237422
|switch|p1a: Pelipper|Pelipper, F|100/100
|-weather|RainDance|[from] ability: Drizzle|[of] p1a: Pelipper
|move|p2a: Ninetales|Freeze-Dry|p1a: Pelipper
|-supereffective|p1a: Pelipper
|-crit|p1a: Pelipper
|-damage|p1a: Pelipper|0 fnt
|faint|p1a: Pelipper
|
|-weather|RainDance|[upkeep]
|upkeep
|
|t:|1758237424
|switch|p1a: Barraskewda|Barraskewda, F|100/100
|turn|15
|
|t:|1758237427
|move|p1a: Barraskewda|Flip Turn|p2a: Ninetales
|-damage|p2a: Ninetales|0 fnt
|faint|p2a: Ninetales
|
|t:|1758237431
|switch|p1a: Hatterene|Hatterene, F|27/100|[from] Flip Turn
|
|-weather|RainDance|[upkeep]
|upkeep
|
|t:|1758237435
|switch|p2a: Kingambit|Kingambit, M|100/100
|-damage|p2a: Kingambit|94/100|[from] Stealth Rock
|-activate|p2a: Kingambit|ability: Supreme Overlord
|-start|p2a: Kingambit|fallen3|[silent]
|turn|16
|
|t:|1758237440
|move|p2a: Kingambit|Iron Head|p1a: Hatterene
|-supereffective|p1a: Hatterene
|-damage|p1a: Hatterene|0 fnt
|faint|p1a: Hatterene
|
|-weather|RainDance|[upkeep]
|upkeep
|
|t:|1758237446
|switch|p1a: Barraskewda|Barraskewda, F|100/100
|turn|17
|
|t:|1758237451
|-terastallize|p1a: Barraskewda|Water
|move|p2a: Kingambit|Sucker Punch|p1a: Barraskewda
|-crit|p1a: Barraskewda
|-damage|p1a: Barraskewda|0 fnt
|faint|p1a: Barraskewda
|
|-weather|RainDance|[upkeep]
|upkeep
|
|t:|1758237456
|switch|p1a: Toxicroak|Toxicroak, F|100/100
|turn|18
|
|t:|1758237462
|-end|p2a: Kingambit|fallen3|[silent]
|switch|p2a: Iron Moth|Iron Moth|100/100
|-damage|p2a: Iron Moth|76/100|[from] Stealth Rock
|-enditem|p2a: Iron Moth|Booster Energy
|-activate|p2a: Iron Moth|ability: Quark Drive|[fromitem]
|-start|p2a: Iron Moth|quarkdrivespe
|move|p1a: Toxicroak|Drain Punch|p2a: Iron Moth
|-resisted|p2a: Iron Moth
|-damage|p2a: Iron Moth|55/100
|
|-weather|RainDance|[upkeep]
|upkeep
|turn|19
|l| amefurikoneko
|
|t:|1758237475
|switch|p1a: Iron Treads|Iron Treads|91/100 frz
|move|p2a: Iron Moth|Fiery Dance|p1a: Iron Treads
|-supereffective|p1a: Iron Treads
|-damage|p1a: Iron Treads|59/100 frz
|-curestatus|p1a: Iron Treads|frz|[msg]
|
|-weather|RainDance|[upkeep]
|-heal|p1a: Iron Treads|65/100|[from] item: Leftovers
|upkeep
|turn|20
|
|t:|1758237502
|move|p2a: Iron Moth|Substitute|p2a: Iron Moth
|-start|p2a: Iron Moth|Substitute
|-damage|p2a: Iron Moth|30/100
|move|p1a: Iron Treads|Earthquake|p2a: Iron Moth
|-supereffective|p2a: Iron Moth
|-end|p2a: Iron Moth|Substitute
|
|-weather|RainDance|[upkeep]
|-heal|p1a: Iron Treads|71/100|[from] item: Leftovers
|upkeep
|turn|21
|
|t:|1758237507
|move|p2a: Iron Moth|Substitute|p2a: Iron Moth
|-start|p2a: Iron Moth|Substitute
|-damage|p2a: Iron Moth|5/100
|move|p1a: Iron Treads|Earthquake|p2a: Iron Moth
|-supereffective|p2a: Iron Moth
|-end|p2a: Iron Moth|Substitute
|
|-weather|none
|-heal|p1a: Iron Treads|77/100|[from] item: Leftovers
|upkeep
|turn|22
|
|t:|1758237516
|move|p2a: Iron Moth|Fiery Dance|p1a: Iron Treads
|-supereffective|p1a: Iron Treads
|-damage|p1a: Iron Treads|15/100
|move|p1a: Iron Treads|Rapid Spin|p2a: Iron Moth
|-damage|p2a: Iron Moth|0 fnt
|-boost|p1a: Iron Treads|spe|1
|faint|p2a: Iron Moth
|-end|p2a: Iron Moth|Quark Drive|[silent]
|
|-heal|p1a: Iron Treads|21/100|[from] item: Leftovers
|upkeep
|
|t:|1758237522
|switch|p2a: Latias|Latias, F|100/100
|-damage|p2a: Latias|88/100|[from] Stealth Rock
|turn|23
|
|t:|1758237528
|move|p1a: Iron Treads|Volt Switch|p2a: Latias
|-resisted|p2a: Latias
|-damage|p2a: Latias|84/100
|
|t:|1758237529
|-end|p1a: Iron Treads|Quark Drive|[silent]
|switch|p1a: Zapdos|Zapdos|56/100|[from] Volt Switch
|move|p2a: Latias|Agility|p2a: Latias
|-boost|p2a: Latias|spe|2
|
|upkeep
|turn|24
|j| Ctannn
|
|t:|1758237538
|move|p2a: Latias|Agility|p2a: Latias
|-boost|p2a: Latias|spe|2
|move|p1a: Zapdos|Hurricane|p2a: Latias
|-damage|p2a: Latias|16/100
|
|upkeep
|turn|25
|
|t:|1758237546
|move|p2a: Latias|Stored Power|p1a: Zapdos
|-damage|p1a: Zapdos|11/100
|move|p1a: Zapdos|Hurricane|p2a: Latias
|-damage|p2a: Latias|0 fnt
|faint|p2a: Latias
|
|upkeep
|
|t:|1758237550
|switch|p2a: Kingambit|Kingambit, M|94/100
|-damage|p2a: Kingambit|88/100|[from] Stealth Rock
|-activate|p2a: Kingambit|ability: Supreme Overlord
|-start|p2a: Kingambit|fallen5|[silent]
|turn|26
|
|t:|1758237552
|switch|p1a: Toxicroak|Toxicroak, F|100/100
|move|p2a: Kingambit|Sucker Punch||[still]
|-fail|p2a: Kingambit
|
|upkeep
|turn|27
|
|t:|1758237561
|move|p1a: Toxicroak|Encore|p2a: Kingambit
|-start|p2a: Kingambit|Encore
|move|p2a: Kingambit|Sucker Punch||[still]
|-fail|p2a: Kingambit
|
|upkeep
|turn|28
|
|t:|1758237563
|move|p2a: Kingambit|Sucker Punch|p1a: Toxicroak
|-resisted|p1a: Toxicroak
|-damage|p1a: Toxicroak|69/100
|-damage|p2a: Kingambit|72/100|[from] item: Rocky Helmet|[of] p1a: Toxicroak
|move|p1a: Toxicroak|Drain Punch|p2a: Kingambit
|-supereffective|p2a: Kingambit
|-damage|p2a: Kingambit|0 fnt
|-heal|p1a: Toxicroak|100/100|[from] drain|[of] p2a: Kingambit
|faint|p2a: Kingambit
|-end|p2a: Kingambit|fallen5|[silent]
|
|win|SocialCreditLover
|raw|SocialCreditLover's rating: 1715 &rarr; <strong>1733</strong><br />(+18 for winning)
|raw|EM3RLD's rating: 1684 &rarr; <strong>1666</strong><br />(-18 for losing)
|l|☆EM3RLD
|player|p2|
|l|☆SocialCreditLover
|player|p1|
|l| Ctannn
