|j|☆ind14n
|j|☆campeon z
|t:|1758348168
|gametype|singles
|player|p1|ind14n|170|1155
|player|p2|campeon z|cynthia|1084
|gen|9
|tier|[Gen 9] OU
|rated|
|rule|HP Percentage Mod: HP is shown in percentages
|rule|Endless Battle Clause: Forcing endless battles is banned
|rule|Species Clause: Limit one of each Pokémon
|rule|OHKO Clause: OHKO moves are banned
|rule|Evasion Items Clause: Evasion items are banned
|rule|Evasion Moves Clause: Evasion moves are banned
|rule|Evasion Abilities Clause: Evasion abilities are banned
|rule|Sleep Moves Clause: Sleep-inducing moves are banned
|clearpoke
|poke|p1|Cinderace, M|
|poke|p1|Dondozo, F|
|poke|p1|Thundurus-Therian, M|
|poke|p1|Goodra, F|
|poke|p1|Excadrill, M|
|poke|p1|Spiritomb, M|
|poke|p2|Muk-Alola, F|
|poke|p2|Arcanine, F|
|poke|p2|Amoonguss, M|
|poke|p2|Rotom-Wash|
|poke|p2|Donphan, M|
|poke|p2|Comfey, F|
|teampreview
|inactive|Battle timer is ON: inactive players will automatically lose when time's up. (requested by ind14n)
|
|t:|1758348180
|teamsize|p1|6
|teamsize|p2|6
|start
|switch|p1a: Cinderace|Cinderace, M|100/100
|switch|p2a: Amoonguss|Amoonguss, M|100/100
|turn|1
|
|t:|1758348189
|switch|p2a: Arcanine|Arcanine, F|100/100
|-ability|p2a: Arcanine|Intimidate|boost
|-unboost|p1a: Cinderace|atk|1
|move|p1a: Cinderace|Pyro Ball|p2a: Arcanine
|-resisted|p2a: Arcanine
|-damage|p2a: Arcanine|77/100
|
|upkeep
|turn|2
|
|t:|1758348198
|move|p1a: Cinderace|U-turn|p2a: Arcanine
|-start|p1a: Cinderace|typechange|Bug|[from] ability: Libero
|-resisted|p2a: Arcanine
|-damage|p2a: Arcanine|63/100
|
|t:|1758348212
|switch|p1a: Dondozo|Dondozo, F|100/100|[from] U-turn
|move|p2a: Arcanine|Close Combat|p1a: Dondozo
|-damage|p1a: Dondozo|79/100
|-unboost|p2a: Arcanine|def|1
|-unboost|p2a: Arcanine|spd|1
|-damage|p2a: Arcanine|53/100|[from] item: Life Orb
|
|-heal|p1a: Dondozo|85/100|[from] item: Leftovers
|upkeep
|turn|3
|
|t:|1758348223
|switch|p2a: Muk|Muk-Alola, F|100/100
|move|p1a: Dondozo|Body Press|p2a: Muk
|-damage|p2a: Muk|64/100
|
|-heal|p1a: Dondozo|91/100|[from] item: Leftovers
|upkeep
|turn|4
|
|t:|1758348230
|move|p2a: Muk|Knock Off|p1a: Dondozo
|-damage|p1a: Dondozo|69/100
|-status|p1a: Dondozo|psn|[from] ability: Poison Touch|[of] p2a: Muk
|-enditem|p1a: Dondozo|Leftovers|[from] move: Knock Off|[of] p2a: Muk
|move|p1a: Dondozo|Body Press|p2a: Muk
|-damage|p2a: Muk|31/100
|
|-damage|p1a: Dondozo|56/100 psn|[from] psn
|upkeep
|turn|5
|
|t:|1758348241
|switch|p2a: Amoonguss|Amoonguss, M|100/100
|move|p1a: Dondozo|Body Press|p2a: Amoonguss
|-resisted|p2a: Amoonguss
|-damage|p2a: Amoonguss|86/100
|
|-heal|p2a: Amoonguss|92/100|[from] item: Black Sludge
|-damage|p1a: Dondozo|44/100 psn|[from] psn
|upkeep
|turn|6
|
|t:|1758348254
|switch|p1a: Excadrill|Excadrill, M|100/100
|-ability|p1a: Excadrill|Mold Breaker
|move|p2a: Amoonguss|Sludge Bomb|p1a: Excadrill
|-immune|p1a: Excadrill
|
|-heal|p2a: Amoonguss|98/100|[from] item: Black Sludge
|upkeep
|turn|7
|
|t:|1758348262
|move|p1a: Excadrill|Drill Run|p2a: Amoonguss
|-damage|p2a: Amoonguss|53/100
|move|p2a: Amoonguss|Energy Ball|p1a: Excadrill
|-damage|p1a: Excadrill|45/100
|
|-heal|p2a: Amoonguss|59/100|[from] item: Black Sludge
|upkeep
|turn|8
|
|t:|1758348268
|move|p1a: Excadrill|Iron Head|p2a: Amoonguss
|-damage|p2a: Amoonguss|14/100
|move|p2a: Amoonguss|Energy Ball|p1a: Excadrill
|-damage|p1a: Excadrill|0 fnt
|faint|p1a: Excadrill
|
|-heal|p2a: Amoonguss|20/100|[from] item: Black Sludge
|upkeep
|
|t:|1758348273
|switch|p1a: Cinderace|Cinderace, M|100/100
|turn|9
|
|t:|1758348281
|switch|p2a: Arcanine|Arcanine, F|53/100
|-ability|p2a: Arcanine|Intimidate|boost
|-unboost|p1a: Cinderace|atk|1
|move|p1a: Cinderace|U-turn|p2a: Arcanine
|-start|p1a: Cinderace|typechange|Bug|[from] ability: Libero
|-resisted|p2a: Arcanine
|-crit|p2a: Arcanine
|-damage|p2a: Arcanine|22/100
|
|t:|1758348287
|switch|p1a: Thundurus|Thundurus-Therian, M|100/100|[from] U-turn
|
|upkeep
|turn|10
|
|t:|1758348293
|switch|p2a: Donphan|Donphan, M|100/100
|move|p1a: Thundurus|Psychic|p2a: Donphan
|-damage|p2a: Donphan|25/100
|-damage|p1a: Thundurus|91/100|[from] item: Life Orb
|
|-heal|p2a: Donphan|31/100|[from] item: Leftovers
|upkeep
|turn|11
|
|t:|1758348304
|move|p2a: Donphan|Ice Shard|p1a: Thundurus
|-supereffective|p1a: Thundurus
|-damage|p1a: Thundurus|44/100
|move|p1a: Thundurus|Psychic|p2a: Donphan
|-damage|p2a: Donphan|0 fnt
|faint|p2a: Donphan
|-damage|p1a: Thundurus|34/100|[from] item: Life Orb
|
|upkeep
|
|t:|1758348311
|switch|p2a: Arcanine|Arcanine, F|22/100
|-ability|p2a: Arcanine|Intimidate|boost
|-unboost|p1a: Thundurus|atk|1
|turn|12
|
|t:|1758348322
|move|p2a: Arcanine|Extreme Speed|p1a: Thundurus
|-damage|p1a: Thundurus|0 fnt
|faint|p1a: Thundurus
|-damage|p2a: Arcanine|12/100|[from] item: Life Orb
|
|upkeep
|
|t:|1758348326
|switch|p1a: Cinderace|Cinderace, M|100/100
|turn|13
|
|t:|1758348338
|move|p2a: Arcanine|Extreme Speed|p1a: Cinderace
|-damage|p1a: Cinderace|52/100
|-damage|p2a: Arcanine|2/100|[from] item: Life Orb
|move|p1a: Cinderace|U-turn|p2a: Arcanine
|-start|p1a: Cinderace|typechange|Bug|[from] ability: Libero
|-resisted|p2a: Arcanine
|-damage|p2a: Arcanine|0 fnt
|faint|p2a: Arcanine
|
|t:|1758348341
|switch|p1a: Dondozo|Dondozo, F|44/100 psn|[from] U-turn
|
|-damage|p1a: Dondozo|31/100 psn|[from] psn
|upkeep
|
|t:|1758348350
|switch|p2a: Rotom|Rotom-Wash|100/100
|turn|14
|
|t:|1758348353
|-terastallize|p1a: Dondozo|Fighting
|move|p2a: Rotom|Thunderbolt|p1a: Dondozo
|-crit|p1a: Dondozo
|-damage|p1a: Dondozo|0 fnt
|faint|p1a: Dondozo
|
|upkeep
|c|☆ind14n|fucj
|
|t:|1758348370
|switch|p1a: Spiritomb|Spiritomb, M|100/100
|turn|15
|
|t:|1758348373
|move|p2a: Rotom|Volt Switch|p1a: Spiritomb
|-damage|p1a: Spiritomb|73/100
|
|t:|1758348376
|switch|p2a: Amoonguss|Amoonguss, M|53/100|[from] Volt Switch
|move|p1a: Spiritomb|Toxic|p2a: Amoonguss
|-immune|p2a: Amoonguss
|
|-heal|p2a: Amoonguss|59/100|[from] item: Black Sludge
|upkeep
|turn|16
|c|☆campeon z|n_n
|
|t:|1758348387
|switch|p2a: Muk|Muk-Alola, F|31/100
|move|p1a: Spiritomb|Icy Wind|p2a: Muk
|-damage|p2a: Muk|25/100
|-unboost|p2a: Muk|spe|1
|
|upkeep
|turn|17
|
|t:|1758348396
|move|p1a: Spiritomb|Hex|p2a: Muk
|-resisted|p2a: Muk
|-damage|p2a: Muk|20/100
|move|p2a: Muk|Knock Off|p1a: Spiritomb
|-damage|p1a: Spiritomb|20/100
|-enditem|p1a: Spiritomb|Focus Sash|[from] move: Knock Off|[of] p2a: Muk
|
|upkeep
|turn|18
|inactive|campeon z has 120 seconds left.
|
|t:|1758348427
|switch|p1a: Goodra|Goodra, F|100/100
|move|p2a: Muk|Knock Off|p1a: Goodra
|-crit|p1a: Goodra
|-damage|p1a: Goodra|0 fnt
|-enditem|p1a: Goodra|Assault Vest|[from] move: Knock Off|[of] p2a: Muk
|faint|p1a: Goodra
|
|upkeep
|
|t:|1758348432
|switch|p1a: Cinderace|Cinderace, M|52/100
|turn|19
|c|☆campeon z|jajaajja
|
|t:|1758348439
|move|p2a: Muk|Shadow Sneak|p1a: Cinderace
|-damage|p1a: Cinderace|32/100
|-status|p1a: Cinderace|psn|[from] ability: Poison Touch|[of] p2a: Muk
|move|p1a: Cinderace|Pyro Ball|p2a: Muk
|-damage|p2a: Muk|0 fnt
|faint|p2a: Muk
|
|-damage|p1a: Cinderace|20/100 psn|[from] psn
|upkeep
|c|☆campeon z|jajajajaja
|c|☆campeon z|:D
|
|t:|1758348448
|switch|p2a: Rotom|Rotom-Wash|100/100
|turn|20
|c|☆ind14n|stupid move on my dondozo lol he was lowk supposedto carry
|c|☆ind14n|gg wp
|-message|ind14n forfeited.
|
|win|campeon z
|raw|ind14n's rating: 1155 &rarr; <strong>1125</strong><br />(-30 for losing)
|raw|campeon z's rating: 1084 &rarr; <strong>1117</strong><br />(+33 for winning)
|l|☆ind14n
|player|p1|
|l|☆campeon z
|player|p2|
