|j|☆BZR Osiris
|j|☆anewajou
|t:|1758295329
|gametype|singles
|player|p1|BZR Osiris|red|1342
|player|p2|anewajou|265|1421
|gen|9
|tier|[Gen 9] OU
|rated|
|rule|HP Percentage Mod: HP is shown in percentages
|rule|Endless Battle Clause: Forcing endless battles is banned
|rule|Species Clause: Limit one of each Pokémon
|rule|OHKO Clause: OHKO moves are banned
|rule|Evasion Items Clause: Evasion items are banned
|rule|Evasion Moves Clause: Evasion moves are banned
|rule|Evasion Abilities Clause: Evasion abilities are banned
|rule|Sleep Moves Clause: Sleep-inducing moves are banned
|clearpoke
|poke|p1|Iron Moth|
|poke|p1|Ogerpon-Wellspring, F|
|poke|p1|Iron Treads|
|poke|p1|Dragonite, M|
|poke|p1|Gholdengo|
|poke|p1|Iron Valiant|
|poke|p2|Gardevoir, F|
|poke|p2|Tornadus-Therian, M|
|poke|p2|Goodra-Hisui, F|
|poke|p2|Ursaluna, F|
|poke|p2|Weezing-Galar, F|
|poke|p2|Chandelure, M|
|teampreview
|inactive|Battle timer is ON: inactive players will automatically lose when time's up. (requested by BZR Osiris)
|
|t:|1758295354
|teamsize|p1|6
|teamsize|p2|6
|start
|switch|p1a: Midas|Gholdengo, shiny|100/100
|switch|p2a: Tornadus|Tornadus-Therian, M|100/100
|turn|1
|
|t:|1758295364
|move|p1a: Midas|Make It Rain|p2a: Tornadus
|-crit|p2a: Tornadus
|-damage|p2a: Tornadus|42/100
|-unboost|p1a: Midas|spa|1
|move|p2a: Tornadus|Heat Wave|p1a: Midas|[miss]
|-miss|p2a: Tornadus|p1a: Midas
|
|upkeep
|turn|2
|inactive|anewajou has 120 seconds left.
|inactive|anewajou has 90 seconds left.
|
|t:|1758295445
|switch|p1a: Sunfyre|Iron Moth, shiny|100/100
|-enditem|p1a: Sunfyre|Booster Energy
|-activate|p1a: Sunfyre|ability: Quark Drive|[fromitem]
|-start|p1a: Sunfyre|quarkdrivespa
|move|p2a: Tornadus|U-turn|p1a: Sunfyre
|-resisted|p1a: Sunfyre
|-damage|p1a: Sunfyre|95/100
|
|t:|1758295450
|switch|p2a: Ursaluna|Ursaluna, F|100/100|[from] U-turn
|
|upkeep
|turn|3
|
|t:|1758295465
|-terastallize|p1a: Sunfyre|Flying
|move|p1a: Sunfyre|Energy Ball|p2a: Ursaluna
|-supereffective|p2a: Ursaluna
|-damage|p2a: Ursaluna|29/100
|move|p2a: Ursaluna|Headlong Rush|p1a: Sunfyre
|-immune|p1a: Sunfyre
|
|upkeep
|turn|4
|
|t:|1758295490
|switch|p2a: Goodra|Goodra-Hisui, F|100/100
|move|p1a: Sunfyre|Fiery Dance|p2a: Goodra
|-damage|p2a: Goodra|76/100
|
|upkeep
|turn|5
|
|t:|1758295497
|move|p1a: Sunfyre|Fiery Dance|p2a: Goodra
|-damage|p2a: Goodra|53/100
|-boost|p1a: Sunfyre|spa|1
|move|p2a: Goodra|Dragon Tail|p1a: Sunfyre
|-damage|p1a: Sunfyre|50/100
|-end|p1a: Sunfyre|Quark Drive|[silent]
|drag|p1a: Iron Treads|Iron Treads|100/100
|-enditem|p1a: Iron Treads|Booster Energy
|-activate|p1a: Iron Treads|ability: Quark Drive|[fromitem]
|-start|p1a: Iron Treads|quarkdrivespe
|
|upkeep
|turn|6
|
|t:|1758295509
|move|p1a: Iron Treads|Earthquake|p2a: Goodra
|-supereffective|p2a: Goodra
|-damage|p2a: Goodra|0 fnt
|faint|p2a: Goodra
|
|upkeep
|
|t:|1758295511
|switch|p2a: Weezing|Weezing-Galar, F|100/100
|turn|7
|
|t:|1758295516
|move|p1a: Iron Treads|Earthquake|p2a: Weezing
|-immune|p2a: Weezing|[from] ability: Levitate
|move|p2a: Weezing|Flamethrower|p1a: Iron Treads
|-supereffective|p1a: Iron Treads
|-damage|p1a: Iron Treads|38/100
|
|upkeep
|turn|8
|
|t:|1758295524
|-end|p1a: Iron Treads|Quark Drive|[silent]
|switch|p1a: Midas|Gholdengo, shiny|100/100
|move|p2a: Weezing|Toxic Spikes|p1a: Midas
|-sidestart|p1: BZR Osiris|move: Toxic Spikes
|
|upkeep
|turn|9
|
|t:|1758295529
|switch|p2a: Tornadus|Tornadus-Therian, M|75/100
|move|p1a: Midas|Make It Rain|p2a: Tornadus
|-damage|p2a: Tornadus|34/100
|-unboost|p1a: Midas|spa|1
|
|upkeep
|turn|10
|
|t:|1758295539
|switch|p1a: Rhaegar|Dragonite, M|100/100
|move|p2a: Tornadus|U-turn|p1a: Rhaegar
|-resisted|p1a: Rhaegar
|-damage|p1a: Rhaegar|97/100
|
|t:|1758295555
|switch|p2a: Gardevoir|Gardevoir, F|100/100|[from] U-turn
|-ability|p2a: Gardevoir|Multiscale|Trace|[from] ability: Trace|[of] p1a: Rhaegar
|
|upkeep
|turn|11
|
|t:|1758295558
|switch|p1a: Midas|Gholdengo, shiny|100/100
|move|p2a: Gardevoir|Moonblast|p1a: Midas
|-resisted|p1a: Midas
|-damage|p1a: Midas|71/100
|
|upkeep
|turn|12
|
|t:|1758295575
|switch|p2a: Tornadus|Tornadus-Therian, M|67/100
|move|p1a: Midas|Shadow Ball|p2a: Tornadus
|-damage|p2a: Tornadus|39/100
|
|upkeep
|turn|13
|
|t:|1758295581
|move|p1a: Midas|Shadow Ball|p2a: Tornadus
|-damage|p2a: Tornadus|14/100
|move|p2a: Tornadus|U-turn|p1a: Midas
|-resisted|p1a: Midas
|-damage|p1a: Midas|67/100
|
|t:|1758295583
|switch|p2a: Ursaluna|Ursaluna, F|29/100|[from] U-turn
|
|upkeep
|turn|14
|
|t:|1758295596
|switch|p1a: Rhaegar|Dragonite, M|97/100
|move|p2a: Ursaluna|Fire Punch|p1a: Rhaegar
|-resisted|p1a: Rhaegar
|-damage|p1a: Rhaegar|78/100
|
|upkeep
|turn|15
|
|t:|1758295604
|move|p1a: Rhaegar|Dragon Dance|p1a: Rhaegar
|-boost|p1a: Rhaegar|atk|1
|-boost|p1a: Rhaegar|spe|1
|move|p2a: Ursaluna|Ice Punch|p1a: Rhaegar
|-supereffective|p1a: Rhaegar
|-damage|p1a: Rhaegar|0 fnt
|faint|p1a: Rhaegar
|
|upkeep
|
|t:|1758295609
|switch|p1a: Iron Treads|Iron Treads|38/100
|turn|16
|
|t:|1758295612
|switch|p2a: Weezing|Weezing-Galar, F|100/100
|move|p1a: Iron Treads|Rapid Spin|p2a: Weezing
|-damage|p2a: Weezing|87/100
|-boost|p1a: Iron Treads|spe|1
|-damage|p1a: Iron Treads|21/100|[from] item: Rocky Helmet|[of] p2a: Weezing
|-sideend|p1: BZR Osiris|Toxic Spikes|[from] move: Rapid Spin|[of] p1a: Iron Treads
|
|upkeep
|turn|17
|
|t:|1758295627
|-end|p1a: Iron Treads|Quark Drive|[silent]
|switch|p1a: Nova|Iron Valiant, shiny|100/100
|-enditem|p1a: Nova|Booster Energy
|-activate|p1a: Nova|ability: Quark Drive|[fromitem]
|-start|p1a: Nova|quarkdrivespe
|move|p2a: Weezing|Toxic Spikes|p1a: Nova
|-sidestart|p1: BZR Osiris|move: Toxic Spikes
|
|upkeep
|turn|18
|
|t:|1758295633
|switch|p2a: Tornadus|Tornadus-Therian, M|47/100
|move|p1a: Nova|Moonblast|p2a: Tornadus
|-damage|p2a: Tornadus|18/100
|
|upkeep
|turn|19
|
|t:|1758295645
|switch|p2a: Chandelure|Chandelure, M|100/100
|move|p1a: Nova|Moonblast|p2a: Chandelure
|-resisted|p2a: Chandelure
|-damage|p2a: Chandelure|65/100
|
|upkeep
|turn|20
|
|t:|1758295650
|move|p1a: Nova|Shadow Ball|p2a: Chandelure
|-supereffective|p2a: Chandelure
|-damage|p2a: Chandelure|0 fnt
|faint|p2a: Chandelure
|
|upkeep
|
|t:|1758295654
|switch|p2a: Weezing|Weezing-Galar, F|87/100
|turn|21
|
|t:|1758295662
|move|p1a: Nova|Moonblast|p2a: Weezing
|-resisted|p2a: Weezing
|-damage|p2a: Weezing|61/100
|-unboost|p2a: Weezing|spa|1
|move|p2a: Weezing|Flamethrower|p1a: Nova
|-damage|p1a: Nova|77/100
|
|upkeep
|turn|22
|
|t:|1758295667
|move|p1a: Nova|Moonblast|p2a: Weezing
|-resisted|p2a: Weezing
|-crit|p2a: Weezing
|-damage|p2a: Weezing|22/100
|move|p2a: Weezing|Flamethrower|p1a: Nova
|-damage|p1a: Nova|53/100
|
|upkeep
|turn|23
|
|t:|1758295674
|switch|p2a: Ursaluna|Ursaluna, F|29/100
|move|p1a: Nova|Moonblast|p2a: Ursaluna
|-damage|p2a: Ursaluna|0 fnt
|faint|p2a: Ursaluna
|
|upkeep
|
|t:|1758295676
|switch|p2a: Tornadus|Tornadus-Therian, M|51/100
|turn|24
|
|t:|1758295679
|move|p1a: Nova|Moonblast|p2a: Tornadus
|-damage|p2a: Tornadus|20/100
|move|p2a: Tornadus|Bleakwind Storm|p1a: Nova
|-supereffective|p1a: Nova
|-damage|p1a: Nova|0 fnt
|faint|p1a: Nova
|-end|p1a: Nova|Quark Drive|[silent]
|
|upkeep
|
|t:|1758295686
|switch|p1a: Midas|Gholdengo, shiny|67/100
|turn|25
|
|t:|1758295691
|switch|p2a: Weezing|Weezing-Galar, F|22/100
|move|p1a: Midas|Make It Rain|p2a: Weezing
|-supereffective|p2a: Weezing
|-damage|p2a: Weezing|0 fnt
|-unboost|p1a: Midas|spa|1
|faint|p2a: Weezing
|
|upkeep
|c|☆BZR Osiris|NO MORE SWITCHING
|c|☆BZR Osiris|HAHAH
|
|t:|1758295693
|switch|p2a: Tornadus|Tornadus-Therian, M|54/100
|turn|26
|
|t:|1758295701
|switch|p1a: Sunfyre|Iron Moth, shiny, tera:Flying|50/100
|move|p2a: Tornadus|U-turn|p1a: Sunfyre
|-resisted|p1a: Sunfyre
|-damage|p1a: Sunfyre|37/100
|
|t:|1758295703
|switch|p2a: Gardevoir|Gardevoir, F|100/100|[from] U-turn
|
|upkeep
|turn|27
|
|t:|1758295711
|move|p2a: Gardevoir|Moonblast|p1a: Sunfyre
|-damage|p1a: Sunfyre|0 fnt
|faint|p1a: Sunfyre
|-end|p1a: Sunfyre|Quark Drive|[silent]
|
|upkeep
|
|t:|1758295719
|switch|p1a: Iron Treads|Iron Treads|21/100
|turn|28
|
|t:|1758295725
|-terastallize|p2a: Gardevoir|Fairy
|move|p2a: Gardevoir|Moonblast|p1a: Iron Treads
|-resisted|p1a: Iron Treads
|-damage|p1a: Iron Treads|0 fnt
|faint|p1a: Iron Treads
|-end|p1a: Iron Treads|Quark Drive|[silent]
|
|upkeep
|
|t:|1758295728
|switch|p1a: Midas|Gholdengo, shiny|67/100
|-ability|p2a: Gardevoir|Good as Gold|Trace|[from] ability: Trace|[of] p1a: Midas
|turn|29
|
|t:|1758295738
|switch|p2a: Tornadus|Tornadus-Therian, M|87/100
|move|p1a: Midas|Make It Rain|p2a: Tornadus
|-damage|p2a: Tornadus|44/100
|-unboost|p1a: Midas|spa|1
|
|upkeep
|turn|30
|
|t:|1758295744
|switch|p1a: Haku|Ogerpon-Wellspring, F|100/100
|-status|p1a: Haku|psn
|move|p2a: Tornadus|U-turn|p1a: Haku
|-supereffective|p1a: Haku
|-damage|p1a: Haku|60/100 psn
|
|t:|1758295746
|switch|p2a: Gardevoir|Gardevoir, F, tera:Fairy|100/100|[from] U-turn
|-ability|p2a: Gardevoir|Water Absorb|Trace|[from] ability: Trace|[of] p1a: Haku
|
|-damage|p1a: Haku|48/100 psn|[from] psn
|upkeep
|turn|31
|
|t:|1758295758
|move|p2a: Gardevoir|Moonblast|p1a: Haku
|-damage|p1a: Haku|0 fnt
|faint|p1a: Haku
|
|upkeep
|
|t:|1758295761
|switch|p1a: Midas|Gholdengo, shiny|67/100
|turn|32
|
|t:|1758295763
|move|p1a: Midas|Trick|p2a: Gardevoir
|-activate|p1a: Midas|move: Trick|[of] p2a: Gardevoir
|-item|p2a: Gardevoir|Choice Scarf|[from] move: Trick
|-item|p1a: Midas|Choice Scarf|[from] move: Trick
|move|p2a: Gardevoir|Moonblast|p1a: Midas
|-resisted|p1a: Midas
|-damage|p1a: Midas|26/100
|
|upkeep
|turn|33
|
|t:|1758295772
|move|p1a: Midas|Make It Rain|p2a: Gardevoir
|-supereffective|p2a: Gardevoir
|-damage|p2a: Gardevoir|0 fnt
|-unboost|p1a: Midas|spa|1
|faint|p2a: Gardevoir
|
|upkeep
|
|t:|1758295775
|switch|p2a: Tornadus|Tornadus-Therian, M|77/100
|turn|34
|c|☆BZR Osiris|gg
|
|t:|1758295778
|move|p1a: Midas|Make It Rain|p2a: Tornadus
|-crit|p2a: Tornadus
|-damage|p2a: Tornadus|15/100
|-unboost|p1a: Midas|spa|1
|move|p2a: Tornadus|Knock Off|p1a: Midas
|-supereffective|p1a: Midas
|-damage|p1a: Midas|0 fnt
|-enditem|p1a: Midas|Choice Scarf|[from] move: Knock Off|[of] p2a: Tornadus
|faint|p1a: Midas
|
|win|anewajou
|raw|BZR Osiris's rating: 1342 &rarr; <strong>1326</strong><br />(-16 for losing)
|raw|anewajou's rating: 1421 &rarr; <strong>1437</strong><br />(+16 for winning)
