|j|☆llllNarullll
|j|☆Jusk-99
|t:|1758363816
|gametype|singles
|player|p1|llllNarullll|hilbert-wonderlauncher|1262
|player|p2|Jusk-99|aaron|1268
|gen|9
|tier|[Gen 9] OU
|rated|
|rule|HP Percentage Mod: HP is shown in percentages
|rule|Endless Battle Clause: Forcing endless battles is banned
|rule|Species Clause: Limit one of each Pokémon
|rule|OHKO Clause: OHKO moves are banned
|rule|Evasion Items Clause: Evasion items are banned
|rule|Evasion Moves Clause: Evasion moves are banned
|rule|Evasion Abilities Clause: Evasion abilities are banned
|rule|Sleep Moves Clause: Sleep-inducing moves are banned
|clearpoke
|poke|p1|Dragonite, M|
|poke|p1|Greninja-*, M|
|poke|p1|Gyarados, M|
|poke|p1|Skeledirge, M|
|poke|p1|Zapdos|
|poke|p1|Blissey, F|
|poke|p2|Glimmora, F|
|poke|p2|Ceruledge, M|
|poke|p2|Weavile, F|
|poke|p2|Galvantula, F|
|poke|p2|Gastrodon, M|
|poke|p2|Corviknight, M|
|teampreview
|
|t:|1758363829
|teamsize|p1|6
|teamsize|p2|6
|start
|switch|p1a: Greninja|Greninja, M, shiny|100/100
|switch|p2a: Galvantula|Galvantula, F|100/100
|turn|1
|inactive|Battle timer is ON: inactive players will automatically lose when time's up. (requested by Jusk-99)
|
|t:|1758363876
|move|p1a: Greninja|Sludge Wave|p2a: Galvantula
|-start|p1a: Greninja|typechange|Poison|[from] ability: Protean
|-enditem|p2a: Galvantula|Focus Sash
|-damage|p2a: Galvantula|1/100
|-status|p2a: Galvantula|psn
|-damage|p1a: Greninja|91/100|[from] item: Life Orb
|move|p2a: Galvantula|Thunder|p1a: Greninja
|-damage|p1a: Greninja|12/100
|-status|p1a: Greninja|par
|
|-damage|p2a: Galvantula|0 fnt|[from] psn
|faint|p2a: Galvantula
|upkeep
|
|t:|1758363891
|switch|p2a: Ceruledge|Ceruledge, M|100/100
|turn|2
|
|t:|1758363896
|switch|p2a: Gastrodon|Gastrodon, M|100/100
|move|p1a: Greninja|Surf|p2a: Gastrodon
|-ability|p2a: Gastrodon|Storm Drain|boost
|-boost|p2a: Gastrodon|spa|1
|
|upkeep
|turn|3
|
|t:|1758363904
|move|p1a: Greninja|Sludge Wave|p2a: Gastrodon
|-resisted|p2a: Gastrodon
|-damage|p2a: Gastrodon|77/100
|-damage|p1a: Greninja|2/100 par|[from] item: Life Orb
|move|p2a: Gastrodon|Surf|p1a: Greninja
|-damage|p1a: Greninja|0 fnt
|faint|p1a: Greninja
|
|-heal|p2a: Gastrodon|83/100|[from] item: Leftovers
|upkeep
|
|t:|1758363913
|switch|p1a: Blissey|Blissey, F, shiny|100/100
|turn|4
|
|t:|1758363917
|switch|p2a: Ceruledge|Ceruledge, M|100/100
|move|p1a: Blissey|Stealth Rock|p2a: Ceruledge
|-sidestart|p2: Jusk-99|move: Stealth Rock
|
|upkeep
|turn|5
|
|t:|1758363928
|move|p2a: Ceruledge|Swords Dance|p2a: Ceruledge
|-boost|p2a: Ceruledge|atk|2
|move|p1a: Blissey|Thunder Wave|p2a: Ceruledge
|-status|p2a: Ceruledge|par
|
|upkeep
|turn|6
|
|t:|1758363935
|switch|p1a: Skeledirge|Skeledirge, M, shiny|100/100
|cant|p2a: Ceruledge|par
|
|upkeep
|turn|7
|
|t:|1758363942
|-terastallize|p2a: Ceruledge|Fire
|move|p2a: Ceruledge|Shadow Sneak|p1a: Skeledirge
|-supereffective|p1a: Skeledirge
|-damage|p1a: Skeledirge|63/100
|-damage|p2a: Ceruledge|91/100 par|[from] item: Life Orb
|move|p1a: Skeledirge|Roar|p2a: Ceruledge
|drag|p2a: Glimmora|Glimmora, F|100/100
|-damage|p2a: Glimmora|88/100|[from] Stealth Rock
|
|upkeep
|turn|8
|
|t:|1758363953
|switch|p1a: Blissey|Blissey, F, shiny|100/100
|move|p2a: Glimmora|Mortal Spin|p1a: Blissey
|-damage|p1a: Blissey|89/100
|-status|p1a: Blissey|psn
|-sideend|p2: Jusk-99|Stealth Rock|[from] move: Mortal Spin|[of] p2a: Glimmora
|
|-heal|p1a: Blissey|96/100 psn|[from] item: Leftovers
|-damage|p1a: Blissey|83/100 psn|[from] psn
|upkeep
|turn|9
|
|t:|1758363965
|move|p2a: Glimmora|Stealth Rock|p1a: Blissey
|-sidestart|p1: llllNarullll|move: Stealth Rock
|move|p1a: Blissey|Stealth Rock|p2a: Glimmora
|-sidestart|p2: Jusk-99|move: Stealth Rock
|
|-heal|p1a: Blissey|89/100 psn|[from] item: Leftovers
|-damage|p1a: Blissey|77/100 psn|[from] psn
|upkeep
|turn|10
|
|t:|1758363974
|move|p2a: Glimmora|Mortal Spin|p1a: Blissey
|-crit|p1a: Blissey
|-damage|p1a: Blissey|60/100 psn
|-sideend|p2: Jusk-99|Stealth Rock|[from] move: Mortal Spin|[of] p2a: Glimmora
|move|p1a: Blissey|Thunder Wave|p2a: Glimmora
|-status|p2a: Glimmora|par
|
|-heal|p1a: Blissey|67/100 psn|[from] item: Leftovers
|-damage|p1a: Blissey|54/100 psn|[from] psn
|upkeep
|turn|11
|
|t:|1758363984
|move|p1a: Blissey|Soft-Boiled|p1a: Blissey
|-heal|p1a: Blissey|100/100 psn
|move|p2a: Glimmora|Mortal Spin|p1a: Blissey
|-damage|p1a: Blissey|89/100 psn
|
|-heal|p1a: Blissey|96/100 psn|[from] item: Leftovers
|-damage|p1a: Blissey|83/100 psn|[from] psn
|upkeep
|turn|12
|
|t:|1758364004
|switch|p2a: Weavile|Weavile, F|100/100
|-ability|p2a: Weavile|Pressure
|move|p1a: Blissey|Seismic Toss|p2a: Weavile
|-damage|p2a: Weavile|65/100
|
|-heal|p1a: Blissey|89/100 psn|[from] item: Leftovers
|-damage|p1a: Blissey|77/100 psn|[from] psn
|upkeep
|turn|13
|
|t:|1758364015
|-curestatus|p1a: Blissey|psn|[from] ability: Natural Cure
|switch|p1a: Skeledirge|Skeledirge, M, shiny|63/100
|move|p2a: Weavile|Knock Off|p1a: Skeledirge
|-supereffective|p1a: Skeledirge
|-damage|p1a: Skeledirge|0 fnt
|-enditem|p1a: Skeledirge|Heavy-Duty Boots|[from] move: Knock Off|[of] p2a: Weavile
|faint|p1a: Skeledirge
|-damage|p2a: Weavile|55/100|[from] item: Life Orb
|
|upkeep
|
|t:|1758364025
|switch|p1a: Gyarados|Gyarados, M, shiny|100/100
|-damage|p1a: Gyarados|76/100|[from] Stealth Rock
|turn|14
|
|t:|1758364030
|move|p2a: Weavile|Knock Off|p1a: Gyarados
|-damage|p1a: Gyarados|0 fnt
|-enditem|p1a: Gyarados|Lum Berry|[from] move: Knock Off|[of] p2a: Weavile
|faint|p1a: Gyarados
|-damage|p2a: Weavile|45/100|[from] item: Life Orb
|
|upkeep
|
|t:|1758364041
|switch|p1a: Zapdos|Zapdos, shiny|100/100
|turn|15
|
|t:|1758364047
|move|p2a: Weavile|Triple Axel|p1a: Zapdos
|-supereffective|p1a: Zapdos
|-damage|p1a: Zapdos|69/100
|-status|p2a: Weavile|par|[from] ability: Static|[of] p1a: Zapdos
|-supereffective|p1a: Zapdos
|-damage|p1a: Zapdos|3/100
|-hitcount|p1a: Zapdos|2
|-damage|p2a: Weavile|35/100 par|[from] item: Life Orb
|move|p1a: Zapdos|Thunderbolt|p2a: Weavile
|-damage|p2a: Weavile|0 fnt
|faint|p2a: Weavile
|
|upkeep
|
|t:|1758364062
|switch|p2a: Ceruledge|Ceruledge, M, tera:Fire|91/100 par
|turn|16
|
|t:|1758364065
|move|p2a: Ceruledge|Shadow Sneak|p1a: Zapdos
|-damage|p1a: Zapdos|0 fnt
|faint|p1a: Zapdos
|-damage|p2a: Ceruledge|81/100 par|[from] item: Life Orb
|
|upkeep
|
|t:|1758364070
|switch|p1a: Dragonite|Dragonite, M, shiny|100/100
|turn|17
|
|t:|1758364080
|move|p1a: Dragonite|Dragon Dance|p1a: Dragonite
|-boost|p1a: Dragonite|atk|1
|-boost|p1a: Dragonite|spe|1
|move|p2a: Ceruledge|Bitter Blade|p1a: Dragonite
|-resisted|p1a: Dragonite
|-damage|p1a: Dragonite|75/100
|-heal|p2a: Ceruledge|95/100 par|[from] drain|[of] p1a: Dragonite
|-damage|p2a: Ceruledge|85/100 par|[from] item: Life Orb
|
|upkeep
|turn|18
|l|☆Jusk-99
|inactive|Jusk-99 disconnected and has a minute to reconnect!
|player|p2|
|inactive|Jusk-99 has 30 seconds to reconnect!
|inactive|Jusk-99 has 20 seconds to reconnect!
|inactive|Jusk-99 has 15 seconds to reconnect!
|inactive|Jusk-99 has 10 seconds to reconnect!
|inactive|Jusk-99 has 5 seconds to reconnect!
|j|☆Jusk-99
|inactive|Jusk-99 reconnected and has 80 seconds left.
|player|p2|Jusk-99|aaron|
|
|t:|1758364153
|move|p1a: Dragonite|Dragon Dance|p1a: Dragonite
|-boost|p1a: Dragonite|atk|1
|-boost|p1a: Dragonite|spe|1
|move|p2a: Ceruledge|Bitter Blade|p1a: Dragonite
|-resisted|p1a: Dragonite
|-damage|p1a: Dragonite|23/100
|-heal|p2a: Ceruledge|100/100 par|[from] drain|[of] p1a: Dragonite
|-damage|p2a: Ceruledge|91/100 par|[from] item: Life Orb
|
|upkeep
|turn|19
|
|t:|1758364162
|move|p1a: Dragonite|Extreme Speed|p2a: Ceruledge
|-damage|p2a: Ceruledge|4/100 par
|-ability|p2a: Ceruledge|Weak Armor|boost
|-unboost|p2a: Ceruledge|def|1
|-boost|p2a: Ceruledge|spe|2
|move|p2a: Ceruledge|Shadow Sneak|p1a: Dragonite
|-damage|p1a: Dragonite|0 fnt
|faint|p1a: Dragonite
|-damage|p2a: Ceruledge|0 fnt|[from] item: Life Orb
|faint|p2a: Ceruledge
|
|upkeep
|-message|llllNarullll forfeited.
|
|win|Jusk-99
|raw|llllNarullll's rating: 1262 &rarr; <strong>1237</strong><br />(-25 for losing)
|raw|Jusk-99's rating: 1268 &rarr; <strong>1293</strong><br />(+25 for winning)
|l|☆llllNarullll
|player|p1|
|l|☆Jusk-99
|player|p2|
