|j|☆Shibuya Arc
|j|☆SamiFawad
|t:|1758342520
|gametype|singles
|player|p1|Shibuya Arc|101|1703
|player|p2|SamiFawad|266|1692
|gen|9
|tier|[Gen 9] OU
|rated|
|rule|HP Percentage Mod: HP is shown in percentages
|rule|Endless Battle Clause: Forcing endless battles is banned
|rule|Species Clause: Limit one of each Pokémon
|rule|OHKO Clause: OHKO moves are banned
|rule|Evasion Items Clause: Evasion items are banned
|rule|Evasion Moves Clause: Evasion moves are banned
|rule|Evasion Abilities Clause: Evasion abilities are banned
|rule|Sleep Moves Clause: Sleep-inducing moves are banned
|clearpoke
|poke|p1|Dragapult, F|
|poke|p1|Dragonite, F|
|poke|p1|Ting-Lu|
|poke|p1|Weezing-Galar, F|
|poke|p1|Iron Crown|
|poke|p1|Zapdos|
|poke|p2|Slowking-Galar, M|
|poke|p2|Samurott-Hisui, F|
|poke|p2|Lokix, F|
|poke|p2|Pecharunt|
|poke|p2|Ogerpon-Cornerstone, F|
|poke|p2|Great Tusk|
|teampreview
|inactive|Battle timer is ON: inactive players will automatically lose when time's up. (requested by Shibuya Arc)
|
|t:|1758342532
|teamsize|p1|6
|teamsize|p2|6
|start
|switch|p1a: Zapdos|Zapdos|100/100
|switch|p2a: Lokix|Lokix, F|100/100
|turn|1
|
|t:|1758342538
|switch|p2a: Slowking|Slowking-Galar, M|100/100
|move|p1a: Zapdos|Heat Wave|p2a: Slowking
|-damage|p2a: Slowking|82/100
|
|upkeep
|turn|2
|
|t:|1758342548
|move|p1a: Zapdos|Volt Switch|p2a: Slowking
|-damage|p2a: Slowking|64/100
|
|t:|1758342555
|switch|p1a: Weezing|Weezing-Galar, F|100/100|[from] Volt Switch
|-ability|p1a: Weezing|Neutralizing Gas
|move|p2a: Slowking|Future Sight|p1a: Weezing
|-start|p2a: Slowking|move: Future Sight
|
|upkeep
|turn|3
|
|t:|1758342562
|move|p1a: Weezing|Toxic Spikes|p2a: Slowking
|-sidestart|p2: SamiFawad|move: Toxic Spikes
|move|p2a: Slowking|Flamethrower|p1a: Weezing
|-damage|p1a: Weezing|60/100
|
|upkeep
|turn|4
|
|t:|1758342570
|-end|p1a: Weezing|ability: Neutralizing Gas
|switch|p1a: Ting-Lu|Ting-Lu|100/100
|-ability|p1a: Ting-Lu|Vessel of Ruin
|switch|p2a: Pecharunt|Pecharunt|100/100
|-sideend|p2: SamiFawad|move: Toxic Spikes|[of] p2a: Pecharunt
|
|-end|p1a: Ting-Lu|move: Future Sight
|-immune|p1a: Ting-Lu
|upkeep
|turn|5
|
|t:|1758342576
|move|p2a: Pecharunt|Malignant Chain|p1a: Ting-Lu
|-resisted|p1a: Ting-Lu
|-damage|p1a: Ting-Lu|92/100
|-status|p1a: Ting-Lu|tox
|-start|p1a: Ting-Lu|confusion|[from] ability: Poison Puppeteer|[of] p2a: Pecharunt
|-activate|p1a: Ting-Lu|confusion
|move|p1a: Ting-Lu|Stealth Rock|p2a: Pecharunt
|-sidestart|p2: SamiFawad|move: Stealth Rock
|
|-heal|p1a: Ting-Lu|98/100 tox|[from] item: Leftovers
|-damage|p1a: Ting-Lu|92/100 tox|[from] psn
|upkeep
|turn|6
|
|t:|1758342584
|switch|p1a: Iron Crown|Iron Crown|100/100
|move|p2a: Pecharunt|Parting Shot|p1a: Iron Crown
|-unboost|p1a: Iron Crown|atk|1
|-unboost|p1a: Iron Crown|spa|1
|
|t:|1758342600
|switch|p2a: Samurott|Samurott-Hisui, F|100/100|[from] Parting Shot
|-damage|p2a: Samurott|88/100|[from] Stealth Rock
|
|upkeep
|turn|7
|
|t:|1758342607
|-end|p1a: Iron Crown|Quark Drive|[silent]
|switch|p1a: Weezing|Weezing-Galar, F|60/100
|-ability|p1a: Weezing|Neutralizing Gas
|move|p2a: Samurott|Ceaseless Edge|p1a: Weezing
|-resisted|p1a: Weezing
|-damage|p1a: Weezing|50/100
|-sidestart|p1: Shibuya Arc|Spikes
|
|upkeep
|turn|8
|
|t:|1758342618
|move|p2a: Samurott|Razor Shell|p1a: Weezing
|-damage|p1a: Weezing|24/100
|move|p1a: Weezing|Will-O-Wisp|p2a: Samurott
|-status|p2a: Samurott|brn
|
|-damage|p2a: Samurott|82/100 brn|[from] brn
|upkeep
|turn|9
|
|t:|1758342626
|switch|p2a: Pecharunt|Pecharunt|100/100
|-damage|p2a: Pecharunt|88/100|[from] Stealth Rock
|move|p1a: Weezing|Toxic Spikes|p2a: Pecharunt
|-sidestart|p2: SamiFawad|move: Toxic Spikes
|
|upkeep
|turn|10
|
|t:|1758342633
|-end|p1a: Weezing|ability: Neutralizing Gas
|switch|p1a: Dragonite|Dragonite, F|100/100
|move|p2a: Pecharunt|Shadow Ball|p1a: Dragonite
|-damage|p1a: Dragonite|83/100
|
|upkeep
|turn|11
|
|t:|1758342639
|move|p1a: Dragonite|Dragon Dance|p1a: Dragonite
|-boost|p1a: Dragonite|atk|1
|-boost|p1a: Dragonite|spe|1
|move|p2a: Pecharunt|Malignant Chain|p1a: Dragonite
|-damage|p1a: Dragonite|43/100
|
|upkeep
|turn|12
|
|t:|1758342650
|switch|p2a: Great Tusk|Great Tusk|100/100
|-damage|p2a: Great Tusk|98/100|[from] Stealth Rock
|-status|p2a: Great Tusk|psn
|move|p1a: Dragonite|Roost|p1a: Dragonite
|-heal|p1a: Dragonite|94/100
|-singleturn|p1a: Dragonite|move: Roost
|
|-damage|p2a: Great Tusk|85/100 psn|[from] psn
|upkeep
|turn|13
|
|t:|1758342656
|-terastallize|p1a: Dragonite|Normal
|move|p1a: Dragonite|Dragon Dance|p1a: Dragonite
|-boost|p1a: Dragonite|atk|1
|-boost|p1a: Dragonite|spe|1
|move|p2a: Great Tusk|Rapid Spin|p1a: Dragonite
|-damage|p1a: Dragonite|80/100
|-boost|p2a: Great Tusk|spe|1
|-sideend|p2: SamiFawad|Toxic Spikes|[from] move: Rapid Spin|[of] p2a: Great Tusk
|-sideend|p2: SamiFawad|Stealth Rock|[from] move: Rapid Spin|[of] p2a: Great Tusk
|
|-damage|p2a: Great Tusk|73/100 psn|[from] psn
|upkeep
|turn|14
|
|t:|1758342664
|move|p1a: Dragonite|Roost|p1a: Dragonite
|-heal|p1a: Dragonite|100/100
|move|p2a: Great Tusk|Stealth Rock|p1a: Dragonite
|-sidestart|p1: Shibuya Arc|move: Stealth Rock
|
|-damage|p2a: Great Tusk|60/100 psn|[from] psn
|upkeep
|turn|15
|
|t:|1758342670
|move|p1a: Dragonite|Dragon Dance|p1a: Dragonite
|-boost|p1a: Dragonite|atk|1
|-boost|p1a: Dragonite|spe|1
|move|p2a: Great Tusk|Knock Off|p1a: Dragonite
|-damage|p1a: Dragonite|87/100
|-enditem|p1a: Dragonite|Heavy-Duty Boots|[from] move: Knock Off|[of] p2a: Great Tusk
|
|-damage|p2a: Great Tusk|48/100 psn|[from] psn
|upkeep
|turn|16
|
|t:|1758342681
|move|p1a: Dragonite|Roost|p1a: Dragonite
|-heal|p1a: Dragonite|100/100
|move|p2a: Great Tusk|Earthquake|p1a: Dragonite
|-damage|p1a: Dragonite|77/100
|
|-damage|p2a: Great Tusk|35/100 psn|[from] psn
|upkeep
|turn|17
|
|t:|1758342688
|move|p1a: Dragonite|Roost|p1a: Dragonite
|-heal|p1a: Dragonite|100/100
|move|p2a: Great Tusk|Earthquake|p1a: Dragonite
|-damage|p1a: Dragonite|79/100
|
|-damage|p2a: Great Tusk|23/100 psn|[from] psn
|upkeep
|turn|18
|
|t:|1758342695
|move|p1a: Dragonite|Roost|p1a: Dragonite
|-heal|p1a: Dragonite|100/100
|move|p2a: Great Tusk|Earthquake|p1a: Dragonite
|-damage|p1a: Dragonite|77/100
|
|-damage|p2a: Great Tusk|10/100 psn|[from] psn
|upkeep
|turn|19
|
|t:|1758342702
|move|p1a: Dragonite|Dragon Dance|p1a: Dragonite
|-boost|p1a: Dragonite|atk|1
|-boost|p1a: Dragonite|spe|1
|move|p2a: Great Tusk|Earthquake|p1a: Dragonite
|-damage|p1a: Dragonite|30/100
|
|-damage|p2a: Great Tusk|0 fnt|[from] psn
|faint|p2a: Great Tusk
|-end|p2a: Great Tusk|Protosynthesis|[silent]
|upkeep
|
|t:|1758342706
|switch|p2a: Ogerpon|Ogerpon-Cornerstone, F|100/100
|turn|20
|
|t:|1758342712
|move|p1a: Dragonite|Earthquake|p2a: Ogerpon
|-ability|p2a: Ogerpon|Sturdy
|-damage|p2a: Ogerpon|1/100
|move|p2a: Ogerpon|Low Kick|p1a: Dragonite
|-supereffective|p1a: Dragonite
|-damage|p1a: Dragonite|0 fnt
|faint|p1a: Dragonite
|
|upkeep
|
|t:|1758342718
|switch|p1a: Dragapult|Dragapult, F|100/100
|turn|21
|
|t:|1758342725
|switch|p2a: Slowking|Slowking-Galar, M|97/100
|move|p1a: Dragapult|U-turn|p2a: Slowking
|-damage|p2a: Slowking|76/100
|
|t:|1758342731
|switch|p1a: Zapdos|Zapdos|100/100|[from] U-turn
|
|upkeep
|turn|22
|
|t:|1758342738
|move|p1a: Zapdos|Volt Switch|p2a: Slowking
|-damage|p2a: Slowking|58/100
|
|t:|1758342745
|switch|p1a: Ting-Lu|Ting-Lu|92/100 tox|[from] Volt Switch
|-damage|p1a: Ting-Lu|79/100 tox|[from] Spikes
|-damage|p1a: Ting-Lu|73/100 tox|[from] Stealth Rock
|-ability|p1a: Ting-Lu|Vessel of Ruin
|move|p2a: Slowking|Future Sight|p1a: Ting-Lu
|-start|p2a: Slowking|move: Future Sight
|
|-heal|p1a: Ting-Lu|79/100 tox|[from] item: Leftovers
|-damage|p1a: Ting-Lu|73/100 tox|[from] psn
|upkeep
|turn|23
|
|t:|1758342751
|switch|p2a: Ogerpon|Ogerpon-Cornerstone, F|1/100
|move|p1a: Ting-Lu|Stealth Rock|p2a: Ogerpon
|-sidestart|p2: SamiFawad|move: Stealth Rock
|
|-heal|p1a: Ting-Lu|79/100 tox|[from] item: Leftovers
|-damage|p1a: Ting-Lu|67/100 tox|[from] psn
|upkeep
|turn|24
|
|t:|1758342757
|move|p2a: Ogerpon|Low Kick|p1a: Ting-Lu
|-supereffective|p1a: Ting-Lu
|-damage|p1a: Ting-Lu|18/100 tox
|move|p1a: Ting-Lu|Earthquake|p2a: Ogerpon
|-damage|p2a: Ogerpon|0 fnt
|faint|p2a: Ogerpon
|
|-end|p1a: Ting-Lu|move: Future Sight
|-immune|p1a: Ting-Lu
|-heal|p1a: Ting-Lu|25/100 tox|[from] item: Leftovers
|-damage|p1a: Ting-Lu|6/100 tox|[from] psn
|upkeep
|
|t:|1758342763
|switch|p2a: Samurott|Samurott-Hisui, F|82/100 brn
|-damage|p2a: Samurott|69/100 brn|[from] Stealth Rock
|turn|25
|
|t:|1758342770
|move|p2a: Samurott|Ceaseless Edge|p1a: Ting-Lu
|-resisted|p1a: Ting-Lu
|-damage|p1a: Ting-Lu|0 fnt
|-sidestart|p1: Shibuya Arc|Spikes
|faint|p1a: Ting-Lu
|
|-damage|p2a: Samurott|63/100 brn|[from] brn
|upkeep
|
|t:|1758342778
|switch|p1a: Zapdos|Zapdos|100/100
|turn|26
|
|t:|1758342786
|move|p1a: Zapdos|Hurricane|p2a: Samurott
|-damage|p2a: Samurott|7/100 brn
|move|p2a: Samurott|Ceaseless Edge|p1a: Zapdos
|-damage|p1a: Zapdos|73/100
|-sidestart|p1: Shibuya Arc|Spikes
|
|-damage|p2a: Samurott|1/100 brn|[from] brn
|upkeep
|turn|27
|
|t:|1758342795
|move|p2a: Samurott|Sucker Punch||[still]
|-fail|p2a: Samurott
|move|p1a: Zapdos|Roost|p1a: Zapdos
|-heal|p1a: Zapdos|100/100
|-singleturn|p1a: Zapdos|move: Roost
|
|-damage|p2a: Samurott|0 fnt|[from] brn
|faint|p2a: Samurott
|upkeep
|
|t:|1758342799
|switch|p2a: Slowking|Slowking-Galar, M|92/100
|-damage|p2a: Slowking|79/100|[from] Stealth Rock
|turn|28
|
|t:|1758342805
|move|p1a: Zapdos|Volt Switch|p2a: Slowking
|-damage|p2a: Slowking|59/100
|
|t:|1758342811
|switch|p1a: Dragapult|Dragapult, F|100/100|[from] Volt Switch
|move|p2a: Slowking|Future Sight|p1a: Dragapult
|-start|p2a: Slowking|move: Future Sight
|
|upkeep
|turn|29
|
|t:|1758342818
|-terastallize|p2a: Slowking|Fire
|move|p1a: Dragapult|U-turn|p2a: Slowking
|-resisted|p2a: Slowking
|-damage|p2a: Slowking|50/100
|
|t:|1758342825
|switch|p1a: Weezing|Weezing-Galar, F|24/100|[from] U-turn
|-ability|p1a: Weezing|Neutralizing Gas
|move|p2a: Slowking|Ice Beam|p1a: Weezing
|-damage|p1a: Weezing|0 fnt
|faint|p1a: Weezing
|-end|p1a: Weezing|ability: Neutralizing Gas
|
|upkeep
|
|t:|1758342831
|switch|p1a: Iron Crown|Iron Crown|100/100
|-damage|p1a: Iron Crown|76/100|[from] Spikes
|-damage|p1a: Iron Crown|69/100|[from] Stealth Rock
|turn|30
|
|t:|1758342837
|move|p1a: Iron Crown|Tachyon Cutter|p2a: Slowking
|-resisted|p2a: Slowking
|-damage|p2a: Slowking|41/100
|-resisted|p2a: Slowking
|-damage|p2a: Slowking|30/100
|-hitcount|p2a: Slowking|2
|move|p2a: Slowking|Flamethrower|p1a: Iron Crown
|-supereffective|p1a: Iron Crown
|-damage|p1a: Iron Crown|0 fnt
|faint|p1a: Iron Crown
|-end|p1a: Iron Crown|Quark Drive|[silent]
|
|-hint|Future Sight did not hit because the target is fainted.
|upkeep
|
|t:|1758342843
|switch|p1a: Dragapult|Dragapult, F|100/100
|turn|31
|
|t:|1758342849
|switch|p2a: Pecharunt|Pecharunt|88/100
|-damage|p2a: Pecharunt|76/100|[from] Stealth Rock
|move|p1a: Dragapult|Dragon Darts|p2a: Pecharunt
|-damage|p2a: Pecharunt|63/100
|-anim|p1a: Dragapult|Dragon Darts|p2a: Pecharunt
|-damage|p2a: Pecharunt|50/100
|
|upkeep
|turn|32
|
|t:|1758342856
|move|p1a: Dragapult|Hex|p2a: Pecharunt
|-supereffective|p2a: Pecharunt
|-damage|p2a: Pecharunt|0 fnt
|faint|p2a: Pecharunt
|
|upkeep
|
|t:|1758342859
|switch|p2a: Lokix|Lokix, F|100/100
|-damage|p2a: Lokix|76/100|[from] Stealth Rock
|turn|33
|
|t:|1758342871
|move|p1a: Dragapult|Dragon Darts|p2a: Lokix
|-damage|p2a: Lokix|45/100
|-anim|p1a: Dragapult|Dragon Darts|p2a: Lokix
|-crit|p2a: Lokix
|-damage|p2a: Lokix|0 fnt
|faint|p2a: Lokix
|
|upkeep
|
|t:|1758342875
|switch|p2a: Slowking|Slowking-Galar, M, tera:Fire|63/100
|-damage|p2a: Slowking|38/100|[from] Stealth Rock
|turn|34
|-message|SamiFawad forfeited.
|
|win|Shibuya Arc
|raw|Shibuya Arc's rating: 1703 &rarr; <strong>1722</strong><br />(+19 for winning)
|raw|SamiFawad's rating: 1692 &rarr; <strong>1673</strong><br />(-19 for losing)
|l|☆Shibuya Arc
|player|p1|
|l|☆SamiFawad
|player|p2|
