|j|☆PrimeXStriker
|j|☆bertoskyT
|t:|1758278118
|gametype|singles
|player|p1|PrimeXStriker|marshal|1403
|player|p2|bertoskyT|ethan|1414
|gen|9
|tier|[Gen 9] OU
|rated|
|rule|HP Percentage Mod: HP is shown in percentages
|rule|Endless Battle Clause: Forcing endless battles is banned
|rule|Species Clause: Limit one of each Pokémon
|rule|OHKO Clause: OHKO moves are banned
|rule|Evasion Items Clause: Evasion items are banned
|rule|Evasion Moves Clause: Evasion moves are banned
|rule|Evasion Abilities Clause: Evasion abilities are banned
|rule|Sleep Moves Clause: Sleep-inducing moves are banned
|clearpoke
|poke|p1|Ceruledge, M|
|poke|p1|Scream Tail|
|poke|p1|Hydreigon, M|
|poke|p1|Great Tusk|
|poke|p1|Ting-Lu|
|poke|p1|Decidueye, M|
|poke|p2|Dragapult, F|
|poke|p2|Glimmora, F|
|poke|p2|Ogerpon-Wellspring, F|
|poke|p2|Kingambit, M|
|poke|p2|Slowking-Galar, M|
|poke|p2|Forretress, M|
|teampreview
|inactive|Battle timer is ON: inactive players will automatically lose when time's up. (requested by bertoskyT)
|
|t:|1758278127
|teamsize|p1|6
|teamsize|p2|6
|start
|switch|p1a: Decidueye|Decidueye, M|100/100
|switch|p2a: Glimmora|Glimmora, F|100/100
|turn|1
|
|t:|1758278131
|move|p2a: Glimmora|Stealth Rock|p1a: Decidueye
|-sidestart|p1: PrimeXStriker|move: Stealth Rock
|move|p1a: Decidueye|Swords Dance|p1a: Decidueye
|-boost|p1a: Decidueye|atk|2
|
|upkeep
|turn|2
|
|t:|1758278137
|move|p2a: Glimmora|Mortal Spin|p1a: Decidueye
|-crit|p1a: Decidueye
|-damage|p1a: Decidueye|90/100
|-status|p1a: Decidueye|psn
|move|p1a: Decidueye|Poltergeist|p2a: Glimmora
|-activate|p2a: Glimmora|move: Poltergeist|Focus Sash
|-enditem|p2a: Glimmora|Focus Sash
|-damage|p2a: Glimmora|1/100
|-activate|p2a: Glimmora|ability: Toxic Debris
|-sidestart|p1: PrimeXStriker|move: Toxic Spikes
|
|-heal|p1a: Decidueye|96/100 psn|[from] item: Leftovers
|-damage|p1a: Decidueye|83/100 psn|[from] psn
|upkeep
|turn|3
|
|t:|1758278141
|move|p1a: Decidueye|Shadow Sneak|p2a: Glimmora
|-damage|p2a: Glimmora|0 fnt
|-activate|p2a: Glimmora|ability: Toxic Debris
|-sidestart|p1: PrimeXStriker|move: Toxic Spikes
|faint|p2a: Glimmora
|
|-heal|p1a: Decidueye|89/100 psn|[from] item: Leftovers
|-damage|p1a: Decidueye|77/100 psn|[from] psn
|upkeep
|
|t:|1758278148
|switch|p2a: Kingambit|Kingambit, M|100/100
|-activate|p2a: Kingambit|ability: Supreme Overlord
|-start|p2a: Kingambit|fallen1|[silent]
|turn|4
|
|t:|1758278154
|switch|p1a: Great Tusk|Great Tusk|100/100
|-damage|p1a: Great Tusk|98/100|[from] Stealth Rock
|-status|p1a: Great Tusk|tox
|move|p2a: Kingambit|Sucker Punch||[still]
|-fail|p2a: Kingambit
|
|-damage|p1a: Great Tusk|91/100 tox|[from] psn
|upkeep
|turn|5
|
|t:|1758278162
|-end|p2a: Kingambit|fallen1|[silent]
|switch|p2a: Dragapult|Dragapult, F|100/100
|move|p1a: Great Tusk|Knock Off|p2a: Dragapult
|-supereffective|p2a: Dragapult
|-damage|p2a: Dragapult|27/100
|-enditem|p2a: Dragapult|Choice Band|[from] move: Knock Off|[of] p1a: Great Tusk
|
|-damage|p1a: Great Tusk|79/100 tox|[from] psn
|upkeep
|turn|6
|
|t:|1758278168
|-end|p1a: Great Tusk|Protosynthesis|[silent]
|switch|p1a: Ting-Lu|Ting-Lu|100/100
|-damage|p1a: Ting-Lu|94/100|[from] Stealth Rock
|-status|p1a: Ting-Lu|tox
|-ability|p1a: Ting-Lu|Vessel of Ruin
|move|p2a: Dragapult|U-turn|p1a: Ting-Lu
|-supereffective|p1a: Ting-Lu
|-damage|p1a: Ting-Lu|67/100 tox
|
|t:|1758278172
|switch|p2a: Ogerpon|Ogerpon-Wellspring, F|100/100|[from] U-turn
|
|-heal|p1a: Ting-Lu|73/100 tox|[from] item: Leftovers
|-damage|p1a: Ting-Lu|67/100 tox|[from] psn
|upkeep
|turn|7
|
|t:|1758278183
|move|p2a: Ogerpon|Swords Dance|p2a: Ogerpon
|-boost|p2a: Ogerpon|atk|2
|move|p1a: Ting-Lu|Spikes|p2a: Ogerpon
|-sidestart|p2: bertoskyT|Spikes
|
|-heal|p1a: Ting-Lu|73/100 tox|[from] item: Leftovers
|-damage|p1a: Ting-Lu|61/100 tox|[from] psn
|upkeep
|turn|8
|
|t:|1758278187
|move|p2a: Ogerpon|Ivy Cudgel|p1a: Ting-Lu|[anim] Ivy Cudgel Water
|-supereffective|p1a: Ting-Lu
|-crit|p1a: Ting-Lu
|-damage|p1a: Ting-Lu|0 fnt
|faint|p1a: Ting-Lu
|
|upkeep
|
|t:|1758278207
|switch|p1a: Hydreigon|Hydreigon, M|100/100
|-damage|p1a: Hydreigon|88/100|[from] Stealth Rock
|turn|9
|
|t:|1758278213
|-terastallize|p2a: Ogerpon|Water
|detailschange|p2a: Ogerpon|Ogerpon-Wellspring-Tera, F, tera:Water
|-ability|p2a: Ogerpon|Embody Aspect (Wellspring)|boost
|-boost|p2a: Ogerpon|spd|1
|move|p1a: Hydreigon|Draco Meteor|p2a: Ogerpon
|-damage|p2a: Ogerpon|47/100
|-unboost|p1a: Hydreigon|spa|2
|move|p2a: Ogerpon|Ivy Cudgel|p1a: Hydreigon|[anim] Ivy Cudgel Water
|-resisted|p1a: Hydreigon
|-damage|p1a: Hydreigon|0 fnt
|faint|p1a: Hydreigon
|
|upkeep
|
|t:|1758278227
|switch|p1a: Decidueye|Decidueye, M|77/100 psn
|-damage|p1a: Decidueye|64/100 psn|[from] Stealth Rock
|turn|10
|
|t:|1758278231
|move|p1a: Decidueye|Shadow Sneak|p2a: Ogerpon
|-damage|p2a: Ogerpon|21/100
|move|p2a: Ogerpon|Knock Off|p1a: Decidueye
|-supereffective|p1a: Decidueye
|-damage|p1a: Decidueye|0 fnt
|-enditem|p1a: Decidueye|Leftovers|[from] move: Knock Off|[of] p2a: Ogerpon
|faint|p1a: Decidueye
|
|upkeep
|
|t:|1758278238
|switch|p1a: Great Tusk|Great Tusk|79/100 tox
|-damage|p1a: Great Tusk|76/100 tox|[from] Stealth Rock
|turn|11
|
|t:|1758278245
|move|p2a: Ogerpon|Horn Leech|p1a: Great Tusk
|-supereffective|p1a: Great Tusk
|-damage|p1a: Great Tusk|0 fnt
|-heal|p2a: Ogerpon|75/100|[from] drain|[of] p1a: Great Tusk
|-damage|p2a: Ogerpon|59/100|[from] item: Rocky Helmet|[of] p1a: Great Tusk
|faint|p1a: Great Tusk
|-end|p1a: Great Tusk|Protosynthesis|[silent]
|
|upkeep
|
|t:|1758278253
|switch|p1a: Scream Tail|Scream Tail|100/100
|-damage|p1a: Scream Tail|88/100|[from] Stealth Rock
|-status|p1a: Scream Tail|tox
|turn|12
|
|t:|1758278259
|move|p1a: Scream Tail|Encore|p2a: Ogerpon
|-start|p2a: Ogerpon|Encore
|move|p2a: Ogerpon|Horn Leech|p1a: Scream Tail
|-damage|p1a: Scream Tail|25/100 tox
|-heal|p2a: Ogerpon|98/100|[from] drain|[of] p1a: Scream Tail
|
|-heal|p1a: Scream Tail|31/100 tox|[from] item: Leftovers
|-damage|p1a: Scream Tail|25/100 tox|[from] psn
|upkeep
|turn|13
|
|t:|1758278265
|move|p1a: Scream Tail|Wish|p1a: Scream Tail
|move|p2a: Ogerpon|Horn Leech|p1a: Scream Tail
|-damage|p1a: Scream Tail|0 fnt
|-heal|p2a: Ogerpon|100/100|[from] drain|[of] p1a: Scream Tail
|faint|p1a: Scream Tail
|-end|p1a: Scream Tail|Protosynthesis|[silent]
|
|upkeep
|
|t:|1758278267
|switch|p1a: Ceruledge|Ceruledge, M|100/100
|turn|14
|
|t:|1758278270
|move|p2a: Ogerpon|Horn Leech|p1a: Ceruledge
|-resisted|p1a: Ceruledge
|-damage|p1a: Ceruledge|49/100
|move|p1a: Ceruledge|Bulk Up|p1a: Ceruledge
|-boost|p1a: Ceruledge|atk|1
|-boost|p1a: Ceruledge|def|1
|
|-heal|p1a: Ceruledge|100/100|[from] move: Wish|[wisher] Scream Tail
|-end|p2a: Ogerpon|Encore
|upkeep
|turn|15
|
|t:|1758278289
|-terastallize|p1a: Ceruledge|Bug
|move|p2a: Ogerpon|Ivy Cudgel|p1a: Ceruledge|[anim] Ivy Cudgel Water
|-damage|p1a: Ceruledge|0 fnt
|faint|p1a: Ceruledge
|
|win|bertoskyT
|raw|PrimeXStriker's rating: 1403 &rarr; <strong>1384</strong><br />(-19 for losing)
|raw|bertoskyT's rating: 1414 &rarr; <strong>1433</strong><br />(+19 for winning)
|l|☆bertoskyT
|player|p2|
|l|☆PrimeXStriker
|player|p1|
