|j|☆vegancrosfit
|j|☆kaisadadi
|t:|1758275879
|gametype|singles
|player|p1|vegancrosfit|cyclist-gen4|1615
|player|p2|kaisadadi|steven|1581
|gen|9
|tier|[Gen 9] OU
|rated|
|rule|HP Percentage Mod: HP is shown in percentages
|rule|Endless Battle Clause: Forcing endless battles is banned
|rule|Species Clause: Limit one of each Pokémon
|rule|OHKO Clause: OHKO moves are banned
|rule|Evasion Items Clause: Evasion items are banned
|rule|Evasion Moves Clause: Evasion moves are banned
|rule|Evasion Abilities Clause: Evasion abilities are banned
|rule|Sleep Moves Clause: Sleep-inducing moves are banned
|clearpoke
|poke|p1|Pelipper, F|
|poke|p1|Raging Bolt|
|poke|p1|Hatterene, F|
|poke|p1|Barraskewda, F|
|poke|p1|Great Tusk|
|poke|p1|Tornadus-Therian, M|
|poke|p2|Tyranitar, F|
|poke|p2|Excadrill, F|
|poke|p2|Keldeo-Resolute|
|poke|p2|Tornadus-Therian, M|
|poke|p2|Heatran, F|
|poke|p2|Hydrapple, M|
|teampreview
|inactive|Battle timer is ON: inactive players will automatically lose when time's up. (requested by vegancrosfit)
|
|t:|1758275913
|teamsize|p1|6
|teamsize|p2|6
|start
|switch|p1a: Raging Bolt|Raging Bolt|100/100
|switch|p2a: Keldeo|Keldeo-Resolute|100/100
|turn|1
|
|t:|1758275923
|move|p2a: Keldeo|Flip Turn|p1a: Raging Bolt
|-resisted|p1a: Raging Bolt
|-damage|p1a: Raging Bolt|94/100
|
|t:|1758275926
|switch|p2a: Excadrill|Excadrill, F|100/100|[from] Flip Turn
|-item|p2a: Excadrill|Air Balloon
|move|p1a: Raging Bolt|Volt Switch|p2a: Excadrill
|-immune|p2a: Excadrill
|
|upkeep
|turn|2
|
|t:|1758275954
|switch|p2a: Keldeo|Keldeo-Resolute|100/100
|-end|p1a: Raging Bolt|Protosynthesis|[silent]
|switch|p1a: Pelipper|Pelipper, F|100/100
|-weather|RainDance|[from] ability: Drizzle|[of] p1a: Pelipper
|
|-weather|RainDance|[upkeep]
|upkeep
|turn|3
|
|t:|1758275961
|-terastallize|p2a: Keldeo|Water
|move|p2a: Keldeo|Surf|p1a: Pelipper
|-resisted|p1a: Pelipper
|-damage|p1a: Pelipper|13/100
|move|p1a: Pelipper|U-turn|p2a: Keldeo
|-damage|p2a: Keldeo|90/100
|
|t:|1758275969
|switch|p1a: Raging Bolt|Raging Bolt|94/100|[from] U-turn
|
|-weather|RainDance|[upkeep]
|upkeep
|turn|4
|
|t:|1758275977
|switch|p2a: Excadrill|Excadrill, F|100/100
|-item|p2a: Excadrill|Air Balloon
|move|p1a: Raging Bolt|Volt Switch|p2a: Excadrill
|-immune|p2a: Excadrill
|
|-weather|RainDance|[upkeep]
|upkeep
|turn|5
|
|t:|1758275985
|-end|p1a: Raging Bolt|Protosynthesis|[silent]
|switch|p1a: Great Tusk|Great Tusk|100/100
|move|p2a: Excadrill|Earthquake|p1a: Great Tusk
|-damage|p1a: Great Tusk|71/100
|
|-weather|RainDance|[upkeep]
|-heal|p1a: Great Tusk|78/100|[from] item: Leftovers
|upkeep
|turn|6
|
|t:|1758275990
|switch|p2a: Tornadus|Tornadus-Therian, M|100/100
|move|p1a: Great Tusk|Rapid Spin|p2a: Tornadus
|-damage|p2a: Tornadus|85/100
|-boost|p1a: Great Tusk|spe|1
|
|-weather|RainDance|[upkeep]
|-heal|p1a: Great Tusk|84/100|[from] item: Leftovers
|upkeep
|turn|7
|
|t:|1758276004
|-terastallize|p1a: Great Tusk|Steel
|move|p2a: Tornadus|Bleakwind Storm|p1a: Great Tusk
|-resisted|p1a: Great Tusk
|-damage|p1a: Great Tusk|58/100
|-unboost|p1a: Great Tusk|spe|1
|move|p1a: Great Tusk|Rapid Spin|p2a: Tornadus
|-damage|p2a: Tornadus|69/100
|-boost|p1a: Great Tusk|spe|1
|
|-weather|RainDance|[upkeep]
|-heal|p1a: Great Tusk|64/100|[from] item: Leftovers
|upkeep
|turn|8
|
|t:|1758276021
|switch|p2a: Hydrapple|Hydrapple, M|100/100
|move|p1a: Great Tusk|Rapid Spin|p2a: Hydrapple
|-damage|p2a: Hydrapple|93/100
|-boost|p1a: Great Tusk|spe|1
|-damage|p1a: Great Tusk|47/100|[from] item: Rocky Helmet|[of] p2a: Hydrapple
|
|-weather|RainDance|[upkeep]
|-heal|p1a: Great Tusk|54/100|[from] item: Leftovers
|upkeep
|turn|9
|
|t:|1758276026
|move|p1a: Great Tusk|Knock Off|p2a: Hydrapple
|-damage|p2a: Hydrapple|77/100
|-damage|p1a: Great Tusk|37/100|[from] item: Rocky Helmet|[of] p2a: Hydrapple
|-enditem|p2a: Hydrapple|Rocky Helmet|[from] move: Knock Off|[of] p1a: Great Tusk
|move|p2a: Hydrapple|Earth Power|p1a: Great Tusk
|-supereffective|p1a: Great Tusk
|-damage|p1a: Great Tusk|0 fnt
|faint|p1a: Great Tusk
|-end|p1a: Great Tusk|Protosynthesis|[silent]
|
|-weather|none
|upkeep
|
|t:|1758276033
|switch|p1a: Raging Bolt|Raging Bolt|94/100
|turn|10
|
|t:|1758276042
|switch|p2a: Heatran|Heatran, F|100/100
|move|p1a: Raging Bolt|Volt Switch|p2a: Heatran
|-damage|p2a: Heatran|61/100
|
|t:|1758276047
|-end|p1a: Raging Bolt|Protosynthesis|[silent]
|switch|p1a: Barraskewda|Barraskewda, F|100/100|[from] Volt Switch
|
|-heal|p2a: Heatran|67/100|[from] item: Leftovers
|upkeep
|turn|11
|
|t:|1758276051
|switch|p2a: Hydrapple|Hydrapple, M|100/100
|move|p1a: Barraskewda|Flip Turn|p2a: Hydrapple
|-resisted|p2a: Hydrapple
|-damage|p2a: Hydrapple|94/100
|
|t:|1758276056
|switch|p1a: Raging Bolt|Raging Bolt|94/100|[from] Flip Turn
|
|upkeep
|turn|12
|
|t:|1758276065
|switch|p2a: Excadrill|Excadrill, F|100/100
|-item|p2a: Excadrill|Air Balloon
|move|p1a: Raging Bolt|Draco Meteor|p2a: Excadrill
|-resisted|p2a: Excadrill
|-damage|p2a: Excadrill|23/100
|-unboost|p1a: Raging Bolt|spa|2
|-enditem|p2a: Excadrill|Air Balloon
|
|upkeep
|turn|13
|
|t:|1758276076
|-end|p1a: Raging Bolt|Protosynthesis|[silent]
|switch|p1a: Tornadus|Tornadus-Therian, M|100/100
|move|p2a: Excadrill|Iron Head|p1a: Tornadus
|-damage|p1a: Tornadus|44/100
|
|upkeep
|turn|14
|
|t:|1758276082
|switch|p2a: Tyranitar|Tyranitar, F|100/100
|-weather|Sandstorm|[from] ability: Sand Stream|[of] p2a: Tyranitar
|move|p1a: Tornadus|Dark Pulse|p2a: Tyranitar
|-resisted|p2a: Tyranitar
|-damage|p2a: Tyranitar|94/100
|
|-weather|Sandstorm|[upkeep]
|-damage|p1a: Tornadus|38/100|[from] Sandstorm
|upkeep
|turn|15
|
|t:|1758276091
|move|p1a: Tornadus|U-turn|p2a: Tyranitar
|-supereffective|p2a: Tyranitar
|-damage|p2a: Tyranitar|67/100
|
|t:|1758276095
|switch|p1a: Pelipper|Pelipper, F|13/100|[from] U-turn
|-weather|RainDance|[from] ability: Drizzle|[of] p1a: Pelipper
|move|p2a: Tyranitar|Stone Edge|p1a: Pelipper
|-supereffective|p1a: Pelipper
|-crit|p1a: Pelipper
|-damage|p1a: Pelipper|0 fnt
|faint|p1a: Pelipper
|
|-weather|RainDance|[upkeep]
|upkeep
|
|t:|1758276098
|switch|p1a: Barraskewda|Barraskewda, F|100/100
|turn|16
|
|t:|1758276106
|switch|p2a: Hydrapple|Hydrapple, M|100/100
|move|p1a: Barraskewda|Flip Turn|p2a: Hydrapple
|-resisted|p2a: Hydrapple
|-damage|p2a: Hydrapple|90/100
|
|t:|1758276111
|switch|p1a: Raging Bolt|Raging Bolt|94/100|[from] Flip Turn
|
|-weather|RainDance|[upkeep]
|upkeep
|turn|17
|
|t:|1758276118
|switch|p2a: Tyranitar|Tyranitar, F|67/100
|-weather|Sandstorm|[from] ability: Sand Stream|[of] p2a: Tyranitar
|move|p1a: Raging Bolt|Weather Ball|p2a: Tyranitar
|-damage|p2a: Tyranitar|28/100
|
|-weather|Sandstorm|[upkeep]
|-damage|p1a: Raging Bolt|87/100|[from] Sandstorm
|upkeep
|turn|18
|
|t:|1758276141
|move|p1a: Raging Bolt|Weather Ball|p2a: Tyranitar
|-damage|p2a: Tyranitar|0 fnt
|faint|p2a: Tyranitar
|
|-weather|Sandstorm|[upkeep]
|-damage|p1a: Raging Bolt|81/100|[from] Sandstorm
|upkeep
|
|t:|1758276145
|switch|p2a: Excadrill|Excadrill, F|23/100
|turn|19
|
|t:|1758276150
|-end|p1a: Raging Bolt|Protosynthesis|[silent]
|switch|p1a: Tornadus|Tornadus-Therian, M|71/100
|move|p2a: Excadrill|Swords Dance|p2a: Excadrill
|-boost|p2a: Excadrill|atk|2
|
|-weather|Sandstorm|[upkeep]
|-damage|p1a: Tornadus|65/100|[from] Sandstorm
|upkeep
|turn|20
|
|t:|1758276155
|move|p2a: Excadrill|Iron Head|p1a: Tornadus
|-damage|p1a: Tornadus|0 fnt
|faint|p1a: Tornadus
|
|-weather|Sandstorm|[upkeep]
|upkeep
|
|t:|1758276158
|switch|p1a: Barraskewda|Barraskewda, F|100/100
|turn|21
|
|t:|1758276161
|move|p1a: Barraskewda|Aqua Jet|p2a: Excadrill
|-supereffective|p2a: Excadrill
|-damage|p2a: Excadrill|0 fnt
|faint|p2a: Excadrill
|
|-weather|none
|upkeep
|
|t:|1758276166
|switch|p2a: Hydrapple|Hydrapple, M|100/100
|turn|22
|
|t:|1758276169
|switch|p1a: Hatterene|Hatterene, F|100/100
|move|p2a: Hydrapple|Fickle Beam|p1a: Hatterene
|-immune|p1a: Hatterene
|
|upkeep
|turn|23
|l|☆vegancrosfit
|inactive|vegancrosfit disconnected and has a minute to reconnect!
|player|p1|
|inactive|vegancrosfit has 30 seconds to reconnect!
|inactive|vegancrosfit has 20 seconds to reconnect!
|j|☆vegancrosfit
|inactive|vegancrosfit reconnected and has 105 seconds left.
|player|p1|vegancrosfit|cyclist-gen4|
|
|t:|1758276216
|switch|p2a: Heatran|Heatran, F|67/100
|move|p1a: Hatterene|Nuzzle|p2a: Heatran
|-damage|p2a: Heatran|63/100
|-status|p2a: Heatran|par
|
|-heal|p2a: Heatran|69/100 par|[from] item: Leftovers
|upkeep
|turn|24
|
|t:|1758276224
|switch|p1a: Barraskewda|Barraskewda, F|100/100
|move|p2a: Heatran|Magma Storm|p1a: Barraskewda
|-resisted|p1a: Barraskewda
|-damage|p1a: Barraskewda|54/100
|-activate|p1a: Barraskewda|move: Magma Storm|[of] p2a: Heatran
|
|-heal|p2a: Heatran|76/100 par|[from] item: Leftovers
|-damage|p1a: Barraskewda|42/100|[from] move: Magma Storm|[partiallytrapped]
|upkeep
|turn|25
|
|t:|1758276240
|switch|p2a: Hydrapple|Hydrapple, M|100/100
|move|p1a: Barraskewda|Flip Turn|p2a: Hydrapple
|-resisted|p2a: Hydrapple
|-damage|p2a: Hydrapple|93/100
|
|t:|1758276246
|switch|p1a: Raging Bolt|Raging Bolt|81/100|[from] Flip Turn
|
|upkeep
|turn|26
|
|t:|1758276252
|move|p1a: Raging Bolt|Volt Switch|p2a: Hydrapple
|-resisted|p2a: Hydrapple
|-damage|p2a: Hydrapple|79/100
|
|t:|1758276255
|-end|p1a: Raging Bolt|Protosynthesis|[silent]
|switch|p1a: Hatterene|Hatterene, F|100/100|[from] Volt Switch
|move|p2a: Hydrapple|Fickle Beam|p1a: Hatterene
|-immune|p1a: Hatterene
|
|upkeep
|turn|27
|
|t:|1758276262
|switch|p2a: Heatran|Heatran, F|76/100 par
|move|p1a: Hatterene|Calm Mind|p1a: Hatterene
|-boost|p1a: Hatterene|spa|1
|-boost|p1a: Hatterene|spd|1
|
|-heal|p2a: Heatran|82/100 par|[from] item: Leftovers
|upkeep
|turn|28
|
|t:|1758276265
|move|p2a: Heatran|Magma Storm|p1a: Hatterene
|-damage|p1a: Hatterene|67/100
|-activate|p1a: Hatterene|move: Magma Storm|[of] p2a: Heatran
|move|p1a: Hatterene|Calm Mind|p1a: Hatterene
|-boost|p1a: Hatterene|spa|1
|-boost|p1a: Hatterene|spd|1
|
|-heal|p2a: Heatran|88/100 par|[from] item: Leftovers
|-heal|p1a: Hatterene|73/100|[from] item: Leftovers
|-damage|p1a: Hatterene|61/100|[from] move: Magma Storm|[partiallytrapped]
|upkeep
|turn|29
|
|t:|1758276270
|move|p2a: Heatran|Magma Storm|p1a: Hatterene
|-damage|p1a: Hatterene|39/100
|move|p1a: Hatterene|Psyshock|p2a: Heatran
|-resisted|p2a: Heatran
|-damage|p2a: Heatran|58/100 par
|
|-heal|p2a: Heatran|64/100 par|[from] item: Leftovers
|-heal|p1a: Hatterene|45/100|[from] item: Leftovers
|-damage|p1a: Hatterene|33/100|[from] move: Magma Storm|[partiallytrapped]
|upkeep
|turn|30
|
|t:|1758276276
|move|p2a: Heatran|Magma Storm|p1a: Hatterene
|-damage|p1a: Hatterene|9/100
|move|p1a: Hatterene|Psyshock|p2a: Heatran
|-resisted|p2a: Heatran
|-damage|p2a: Heatran|31/100 par
|
|-heal|p2a: Heatran|37/100 par|[from] item: Leftovers
|-heal|p1a: Hatterene|15/100|[from] item: Leftovers
|-damage|p1a: Hatterene|2/100|[from] move: Magma Storm|[partiallytrapped]
|upkeep
|turn|31
|
|t:|1758276282
|cant|p2a: Heatran|par
|move|p1a: Hatterene|Psyshock|p2a: Heatran
|-resisted|p2a: Heatran
|-damage|p2a: Heatran|8/100 par
|
|-heal|p2a: Heatran|14/100 par|[from] item: Leftovers
|-heal|p1a: Hatterene|8/100|[from] item: Leftovers
|-damage|p1a: Hatterene|0 fnt|[from] move: Magma Storm|[partiallytrapped]
|faint|p1a: Hatterene
|upkeep
|
|t:|1758276289
|switch|p1a: Barraskewda|Barraskewda, F|42/100
|turn|32
|
|t:|1758276296
|switch|p2a: Hydrapple|Hydrapple, M|100/100
|move|p1a: Barraskewda|Flip Turn|p2a: Hydrapple
|-resisted|p2a: Hydrapple
|-damage|p2a: Hydrapple|94/100
|
|t:|1758276299
|switch|p1a: Raging Bolt|Raging Bolt|81/100|[from] Flip Turn
|
|upkeep
|turn|33
|
|t:|1758276303
|move|p1a: Raging Bolt|Draco Meteor|p2a: Hydrapple
|-supereffective|p2a: Hydrapple
|-damage|p2a: Hydrapple|0 fnt
|-unboost|p1a: Raging Bolt|spa|2
|faint|p2a: Hydrapple
|
|upkeep
|
|t:|1758276306
|switch|p2a: Keldeo|Keldeo-Resolute, tera:Water|90/100
|turn|34
|
|t:|1758276313
|move|p2a: Keldeo|Flip Turn|p1a: Raging Bolt
|-resisted|p1a: Raging Bolt
|-damage|p1a: Raging Bolt|72/100
|
|t:|1758276317
|switch|p2a: Heatran|Heatran, F|14/100 par|[from] Flip Turn
|move|p1a: Raging Bolt|Draco Meteor|p2a: Heatran
|-resisted|p2a: Heatran
|-damage|p2a: Heatran|0 fnt
|-unboost|p1a: Raging Bolt|spa|2
|faint|p2a: Heatran
|
|upkeep
|
|t:|1758276319
|switch|p2a: Keldeo|Keldeo-Resolute, tera:Water|90/100
|turn|35
|
|t:|1758276326
|-end|p1a: Raging Bolt|Protosynthesis|[silent]
|switch|p1a: Barraskewda|Barraskewda, F|42/100
|move|p2a: Keldeo|Secret Sword|p1a: Barraskewda
|-damage|p1a: Barraskewda|0 fnt
|faint|p1a: Barraskewda
|
|upkeep
|
|t:|1758276331
|switch|p1a: Raging Bolt|Raging Bolt|72/100
|turn|36
|
|t:|1758276336
|switch|p2a: Tornadus|Tornadus-Therian, M|100/100
|move|p1a: Raging Bolt|Volt Switch|p2a: Tornadus
|-supereffective|p2a: Tornadus
|-damage|p2a: Tornadus|0 fnt
|faint|p2a: Tornadus
|
|upkeep
|
|t:|1758276338
|switch|p2a: Keldeo|Keldeo-Resolute, tera:Water|90/100
|turn|37
|c|☆vegancrosfit|gg
|
|t:|1758276346
|move|p2a: Keldeo|Secret Sword|p1a: Raging Bolt
|-damage|p1a: Raging Bolt|8/100
|move|p1a: Raging Bolt|Volt Switch|p2a: Keldeo
|-supereffective|p2a: Keldeo
|-damage|p2a: Keldeo|0 fnt
|faint|p2a: Keldeo
|
|win|vegancrosfit
|raw|vegancrosfit's rating: 1615 &rarr; <strong>1633</strong><br />(+18 for winning)
|raw|kaisadadi's rating: 1581 &rarr; <strong>1563</strong><br />(-18 for losing)
|l|☆kaisadadi
|player|p2|
|l|☆vegancrosfit
|player|p1|
