|j|☆RobloxLoser
|j|☆xa2n
|t:|1758365040
|gametype|singles
|player|p1|RobloxLoser|hugh|1663
|player|p2|xa2n|will|1627
|gen|9
|tier|[Gen 9] OU
|rated|
|rule|HP Percentage Mod: HP is shown in percentages
|rule|Endless Battle Clause: Forcing endless battles is banned
|rule|Species Clause: Limit one of each Pokémon
|rule|OHKO Clause: OHKO moves are banned
|rule|Evasion Items Clause: Evasion items are banned
|rule|Evasion Moves Clause: Evasion moves are banned
|rule|Evasion Abilities Clause: Evasion abilities are banned
|rule|Sleep Moves Clause: Sleep-inducing moves are banned
|clearpoke
|poke|p1|Dragonite, F|
|poke|p1|Weezing-Galar, M|
|poke|p1|Alomomola, M|
|poke|p1|Gholdengo|
|poke|p1|Latios, M|
|poke|p1|Great Tusk|
|poke|p2|Samurott-Hisui, F|
|poke|p2|Kyurem|
|poke|p2|Gholdengo|
|poke|p2|Zamazenta-*|
|poke|p2|Kingambit, M|
|poke|p2|Ting-Lu|
|teampreview
|
|t:|1758365055
|teamsize|p1|6
|teamsize|p2|6
|start
|switch|p1a: Weezing|Weezing-Galar, M|100/100
|switch|p2a: Kyurem|Kyurem|100/100
|-ability|p1a: Weezing|Neutralizing Gas
|turn|1
|
|t:|1758365060
|-end|p1a: Weezing|ability: Neutralizing Gas
|-ability|p2a: Kyurem|Pressure
|switch|p1a: Alomomola|Alomomola, M|100/100
|move|p2a: Kyurem|Earth Power|p1a: Alomomola
|-damage|p1a: Alomomola|76/100
|
|upkeep
|turn|2
|
|t:|1758365069
|switch|p2a: Samurott|Samurott-Hisui, F, shiny|100/100
|move|p1a: Alomomola|Flip Turn|p2a: Samurott
|-resisted|p2a: Samurott
|-damage|p2a: Samurott|92/100
|
|t:|1758365074
|switch|p1a: Weezing|Weezing-Galar, M|100/100|[from] Flip Turn
|-ability|p1a: Weezing|Neutralizing Gas
|
|upkeep
|turn|3
|
|t:|1758365080
|move|p2a: Samurott|Ceaseless Edge|p1a: Weezing
|-resisted|p1a: Weezing
|-damage|p1a: Weezing|92/100
|-sidestart|p1: RobloxLoser|Spikes
|move|p1a: Weezing|Will-O-Wisp|p2a: Samurott
|-status|p2a: Samurott|brn
|
|-damage|p2a: Samurott|86/100 brn|[from] brn
|upkeep
|turn|4
|
|t:|1758365085
|move|p2a: Samurott|Ceaseless Edge|p1a: Weezing
|-resisted|p1a: Weezing
|-damage|p1a: Weezing|88/100
|-sidestart|p1: RobloxLoser|Spikes
|move|p1a: Weezing|Defog|p2a: Samurott
|-unboost|p2a: Samurott|evasion|1
|-sideend|p1: RobloxLoser|Spikes|[from] move: Defog|[of] p1a: Weezing
|
|-damage|p2a: Samurott|80/100 brn|[from] brn
|upkeep
|turn|5
|
|t:|1758365089
|move|p2a: Samurott|Ceaseless Edge|p1a: Weezing
|-resisted|p1a: Weezing
|-damage|p1a: Weezing|83/100
|-sidestart|p1: RobloxLoser|Spikes
|move|p1a: Weezing|Sludge Bomb|p2a: Samurott
|-damage|p2a: Samurott|62/100 brn
|
|-damage|p2a: Samurott|56/100 brn|[from] brn
|upkeep
|turn|6
|
|t:|1758365092
|switch|p2a: Kyurem|Kyurem|100/100
|move|p1a: Weezing|Defog|p2a: Kyurem
|-unboost|p2a: Kyurem|evasion|1
|-sideend|p1: RobloxLoser|Spikes|[from] move: Defog|[of] p1a: Weezing
|
|upkeep
|turn|7
|
|t:|1758365097
|-end|p1a: Weezing|ability: Neutralizing Gas
|-ability|p2a: Kyurem|Pressure
|switch|p1a: Alomomola|Alomomola, M|100/100
|move|p2a: Kyurem|Freeze-Dry|p1a: Alomomola
|-supereffective|p1a: Alomomola
|-damage|p1a: Alomomola|44/100
|
|upkeep
|turn|8
|
|t:|1758365101
|switch|p1a: Gholdengo|Gholdengo|100/100
|move|p2a: Kyurem|Freeze-Dry|p1a: Gholdengo
|-resisted|p1a: Gholdengo
|-damage|p1a: Gholdengo|68/100
|
|upkeep
|turn|9
|
|t:|1758365110
|switch|p1a: Great Tusk|Great Tusk|100/100
|switch|p2a: Samurott|Samurott-Hisui, F, shiny|56/100 brn
|
|-damage|p2a: Samurott|50/100 brn|[from] brn
|upkeep
|turn|10
|
|t:|1758365115
|move|p1a: Great Tusk|Stealth Rock|p2a: Samurott
|-sidestart|p2: xa2n|move: Stealth Rock
|move|p2a: Samurott|Razor Shell|p1a: Great Tusk
|-supereffective|p1a: Great Tusk
|-damage|p1a: Great Tusk|66/100
|-unboost|p1a: Great Tusk|def|1
|-damage|p2a: Samurott|33/100 brn|[from] item: Rocky Helmet|[of] p1a: Great Tusk
|
|-damage|p2a: Samurott|27/100 brn|[from] brn
|upkeep
|turn|11
|
|t:|1758365120
|move|p1a: Great Tusk|Headlong Rush|p2a: Samurott
|-damage|p2a: Samurott|0 fnt
|-unboost|p1a: Great Tusk|def|1
|-unboost|p1a: Great Tusk|spd|1
|faint|p2a: Samurott
|
|upkeep
|
|t:|1758365135
|switch|p2a: Gholdengo|Gholdengo|100/100
|-damage|p2a: Gholdengo|94/100|[from] Stealth Rock
|turn|12
|
|t:|1758365140
|-end|p1a: Great Tusk|Protosynthesis|[silent]
|switch|p1a: Alomomola|Alomomola, M|77/100
|move|p2a: Gholdengo|Shadow Ball|p1a: Alomomola
|-damage|p1a: Alomomola|57/100
|
|upkeep
|turn|13
|
|t:|1758365146
|move|p2a: Gholdengo|Shadow Ball|p1a: Alomomola
|-damage|p1a: Alomomola|34/100
|move|p1a: Alomomola|Mirror Coat|p2a: Gholdengo
|-damage|p2a: Gholdengo|18/100
|
|upkeep
|turn|14
|
|t:|1758365157
|switch|p2a: Kyurem|Kyurem|100/100
|-damage|p2a: Kyurem|76/100|[from] Stealth Rock
|-ability|p2a: Kyurem|Pressure
|move|p1a: Alomomola|Flip Turn|p2a: Kyurem
|-resisted|p2a: Kyurem
|-damage|p2a: Kyurem|67/100
|
|t:|1758365167
|switch|p1a: Gholdengo|Gholdengo|68/100|[from] Flip Turn
|
|upkeep
|turn|15
|
|t:|1758365169
|move|p1a: Gholdengo|Make It Rain|p2a: Kyurem
|-supereffective|p2a: Kyurem
|-damage|p2a: Kyurem|0 fnt
|-unboost|p1a: Gholdengo|spa|1
|faint|p2a: Kyurem
|
|upkeep
|
|t:|1758365174
|switch|p2a: Kingambit|Kingambit, M|100/100
|-damage|p2a: Kingambit|94/100|[from] Stealth Rock
|-activate|p2a: Kingambit|ability: Supreme Overlord
|-start|p2a: Kingambit|fallen2|[silent]
|turn|16
|
|t:|1758365182
|switch|p1a: Great Tusk|Great Tusk|66/100
|move|p2a: Kingambit|Swords Dance|p2a: Kingambit
|-boost|p2a: Kingambit|atk|2
|
|upkeep
|turn|17
|
|t:|1758365187
|-terastallize|p2a: Kingambit|Fairy
|move|p1a: Great Tusk|Headlong Rush|p2a: Kingambit
|-damage|p2a: Kingambit|48/100
|-unboost|p1a: Great Tusk|def|1
|-unboost|p1a: Great Tusk|spd|1
|move|p2a: Kingambit|Tera Blast|p1a: Great Tusk|[anim] Tera Blast Fairy
|-supereffective|p1a: Great Tusk
|-damage|p1a: Great Tusk|0 fnt
|faint|p1a: Great Tusk
|-end|p1a: Great Tusk|Protosynthesis|[silent]
|
|upkeep
|
|t:|1758365199
|switch|p1a: Weezing|Weezing-Galar, M|83/100
|-ability|p1a: Weezing|Neutralizing Gas
|turn|18
|
|t:|1758365211
|-end|p2a: Kingambit|fallen2|[silent]
|switch|p2a: Gholdengo|Gholdengo|18/100
|-damage|p2a: Gholdengo|12/100|[from] Stealth Rock
|move|p1a: Weezing|Will-O-Wisp|p2a: Gholdengo
|-status|p2a: Gholdengo|brn
|
|-damage|p2a: Gholdengo|6/100 brn|[from] brn
|upkeep
|turn|19
|
|t:|1758365218
|-end|p1a: Weezing|ability: Neutralizing Gas
|switch|p1a: Alomomola|Alomomola, M|68/100
|move|p2a: Gholdengo|Trick|p1a: Alomomola
|-activate|p2a: Gholdengo|move: Trick|[of] p1a: Alomomola
|-item|p1a: Alomomola|Choice Scarf|[from] move: Trick
|-item|p2a: Gholdengo|Assault Vest|[from] move: Trick
|
|-damage|p2a: Gholdengo|0 fnt|[from] brn
|faint|p2a: Gholdengo
|upkeep
|
|t:|1758365237
|switch|p2a: Ting-Lu|Ting-Lu|100/100
|-damage|p2a: Ting-Lu|94/100|[from] Stealth Rock
|-ability|p2a: Ting-Lu|Vessel of Ruin
|turn|20
|
|t:|1758365244
|move|p1a: Alomomola|Flip Turn|p2a: Ting-Lu
|-supereffective|p2a: Ting-Lu
|-damage|p2a: Ting-Lu|79/100
|-damage|p1a: Alomomola|51/100|[from] item: Rocky Helmet|[of] p2a: Ting-Lu
|
|t:|1758365247
|switch|p1a: Latios|Latios, M|100/100|[from] Flip Turn
|move|p2a: Ting-Lu|Stealth Rock|p1a: Latios
|-sidestart|p1: RobloxLoser|move: Stealth Rock
|
|upkeep
|turn|21
|
|t:|1758365252
|move|p1a: Latios|Calm Mind|p1a: Latios
|-boost|p1a: Latios|spa|1
|-boost|p1a: Latios|spd|1
|move|p2a: Ting-Lu|Whirlwind|p1a: Latios
|drag|p1a: Dragonite|Dragonite, F|100/100
|
|upkeep
|turn|22
|
|t:|1758365265
|switch|p1a: Latios|Latios, M|100/100
|-damage|p1a: Latios|88/100|[from] Stealth Rock
|move|p2a: Ting-Lu|Ruination|p1a: Latios
|-damage|p1a: Latios|45/100
|
|upkeep
|turn|23
|
|t:|1758365268
|move|p1a: Latios|Draco Meteor|p2a: Ting-Lu|[miss]
|-miss|p1a: Latios|p2a: Ting-Lu
|move|p2a: Ting-Lu|Whirlwind|p1a: Latios
|drag|p1a: Alomomola|Alomomola, M|84/100
|-damage|p1a: Alomomola|72/100|[from] Stealth Rock
|
|upkeep
|turn|24
|
|t:|1758365276
|move|p1a: Alomomola|Flip Turn|p2a: Ting-Lu
|-supereffective|p2a: Ting-Lu
|-damage|p2a: Ting-Lu|64/100
|-damage|p1a: Alomomola|55/100|[from] item: Rocky Helmet|[of] p2a: Ting-Lu
|
|t:|1758365278
|switch|p1a: Latios|Latios, M|45/100|[from] Flip Turn
|-damage|p1a: Latios|32/100|[from] Stealth Rock
|move|p2a: Ting-Lu|Whirlwind|p1a: Latios
|drag|p1a: Weezing|Weezing-Galar, M|83/100
|-ability|p1a: Weezing|Neutralizing Gas
|
|upkeep
|turn|25
|
|t:|1758365287
|move|p1a: Weezing|Will-O-Wisp|p2a: Ting-Lu
|-status|p2a: Ting-Lu|brn
|move|p2a: Ting-Lu|Earthquake|p1a: Weezing
|-supereffective|p1a: Weezing
|-damage|p1a: Weezing|58/100
|
|-damage|p2a: Ting-Lu|58/100 brn|[from] brn
|upkeep
|turn|26
|
|t:|1758365292
|-end|p1a: Weezing|ability: Neutralizing Gas
|-ability|p2a: Ting-Lu|Vessel of Ruin
|switch|p1a: Latios|Latios, M|32/100
|-damage|p1a: Latios|20/100|[from] Stealth Rock
|move|p2a: Ting-Lu|Ruination|p1a: Latios
|-damage|p1a: Latios|10/100
|
|-damage|p2a: Ting-Lu|52/100 brn|[from] brn
|upkeep
|turn|27
|
|t:|1758365298
|move|p1a: Latios|Recover|p1a: Latios
|-heal|p1a: Latios|60/100
|move|p2a: Ting-Lu|Whirlwind|p1a: Latios
|drag|p1a: Dragonite|Dragonite, F|100/100
|
|-damage|p2a: Ting-Lu|45/100 brn|[from] brn
|upkeep
|turn|28
|
|t:|1758365305
|switch|p1a: Latios|Latios, M|60/100
|-damage|p1a: Latios|48/100|[from] Stealth Rock
|move|p2a: Ting-Lu|Ruination|p1a: Latios
|-damage|p1a: Latios|24/100
|
|-damage|p2a: Ting-Lu|39/100 brn|[from] brn
|upkeep
|turn|29
|
|t:|1758365311
|move|p1a: Latios|Recover|p1a: Latios
|-heal|p1a: Latios|74/100
|move|p2a: Ting-Lu|Ruination|p1a: Latios
|-damage|p1a: Latios|38/100
|
|-damage|p2a: Ting-Lu|33/100 brn|[from] brn
|upkeep
|turn|30
|
|t:|1758365316
|move|p1a: Latios|Recover|p1a: Latios
|-heal|p1a: Latios|88/100
|move|p2a: Ting-Lu|Ruination|p1a: Latios
|-damage|p1a: Latios|44/100
|
|-damage|p2a: Ting-Lu|27/100 brn|[from] brn
|upkeep
|turn|31
|
|t:|1758365319
|move|p1a: Latios|Recover|p1a: Latios
|-heal|p1a: Latios|94/100
|move|p2a: Ting-Lu|Ruination|p1a: Latios
|-damage|p1a: Latios|48/100
|
|-damage|p2a: Ting-Lu|20/100 brn|[from] brn
|upkeep
|turn|32
|
|t:|1758365323
|switch|p1a: Alomomola|Alomomola, M|89/100
|-damage|p1a: Alomomola|76/100|[from] Stealth Rock
|move|p2a: Ting-Lu|Ruination|p1a: Alomomola
|-damage|p1a: Alomomola|38/100
|
|-damage|p2a: Ting-Lu|14/100 brn|[from] brn
|upkeep
|turn|33
|
|t:|1758365326
|move|p1a: Alomomola|Flip Turn|p2a: Ting-Lu
|-supereffective|p2a: Ting-Lu
|-damage|p2a: Ting-Lu|0 fnt
|-damage|p1a: Alomomola|22/100|[from] item: Rocky Helmet|[of] p2a: Ting-Lu
|faint|p2a: Ting-Lu
|
|t:|1758365329
|switch|p1a: Weezing|Weezing-Galar, M|58/100|[from] Flip Turn
|-ability|p1a: Weezing|Neutralizing Gas
|
|upkeep
|
|t:|1758365332
|switch|p2a: Zamazenta|Zamazenta|100/100
|turn|34
|
|t:|1758365340
|-end|p1a: Weezing|ability: Neutralizing Gas
|-ability|p2a: Zamazenta|Dauntless Shield|boost
|-boost|p2a: Zamazenta|def|1
|switch|p1a: Latios|Latios, M|48/100
|-damage|p1a: Latios|35/100|[from] Stealth Rock
|move|p2a: Zamazenta|Iron Head|p1a: Latios
|-damage|p1a: Latios|0 fnt
|faint|p1a: Latios
|
|upkeep
|
|t:|1758365342
|switch|p1a: Gholdengo|Gholdengo|68/100
|-damage|p1a: Gholdengo|62/100|[from] Stealth Rock
|turn|35
|
|t:|1758365348
|move|p1a: Gholdengo|Make It Rain|p2a: Zamazenta
|-damage|p2a: Zamazenta|46/100
|-unboost|p1a: Gholdengo|spa|1
|move|p2a: Zamazenta|Crunch|p1a: Gholdengo
|-supereffective|p1a: Gholdengo
|-damage|p1a: Gholdengo|0 fnt
|faint|p1a: Gholdengo
|
|upkeep
|
|t:|1758365359
|switch|p1a: Dragonite|Dragonite, F|100/100
|turn|36
|
|t:|1758365367
|-terastallize|p1a: Dragonite|Normal
|move|p1a: Dragonite|Extreme Speed|p2a: Zamazenta
|-damage|p2a: Zamazenta|18/100
|move|p2a: Zamazenta|Iron Head|p1a: Dragonite
|-damage|p1a: Dragonite|86/100
|
|upkeep
|turn|37
|
|t:|1758365373
|move|p1a: Dragonite|Extreme Speed|p2a: Zamazenta
|-damage|p2a: Zamazenta|0 fnt
|faint|p2a: Zamazenta
|
|upkeep
|
|t:|1758365375
|switch|p2a: Kingambit|Kingambit, M, tera:Fairy|48/100
|-damage|p2a: Kingambit|36/100|[from] Stealth Rock
|-activate|p2a: Kingambit|ability: Supreme Overlord
|-start|p2a: Kingambit|fallen5|[silent]
|turn|38
|
|t:|1758365382
|move|p1a: Dragonite|Extreme Speed|p2a: Kingambit
|-damage|p2a: Kingambit|0 fnt
|faint|p2a: Kingambit
|-end|p2a: Kingambit|fallen5|[silent]
|
|win|RobloxLoser
|raw|RobloxLoser's rating: 1663 &rarr; <strong>1681</strong><br />(+18 for winning)
|raw|xa2n's rating: 1627 &rarr; <strong>1609</strong><br />(-18 for losing)
|l|☆xa2n
|player|p2|
|l|☆RobloxLoser
|player|p1|
