|j|☆imjjjyyyhhh
|j|☆APphi.炽
|t:|1758346020
|gametype|singles
|player|p1|imjjjyyyhhh|2|1412
|player|p2|APphi.炽|265|1358
|gen|9
|tier|[Gen 9] OU
|rated|
|rule|HP Percentage Mod: HP is shown in percentages
|rule|Endless Battle Clause: Forcing endless battles is banned
|rule|Species Clause: Limit one of each Pokémon
|rule|OHKO Clause: OHKO moves are banned
|rule|Evasion Items Clause: Evasion items are banned
|rule|Evasion Moves Clause: Evasion moves are banned
|rule|Evasion Abilities Clause: Evasion abilities are banned
|rule|Sleep Moves Clause: Sleep-inducing moves are banned
|clearpoke
|poke|p1|Dragapult, M|
|poke|p1|Zamazenta-*|
|poke|p1|Gholdengo|
|poke|p1|Mandibuzz, F|
|poke|p1|Clodsire, F|
|poke|p1|Rillaboom, M|
|poke|p2|Zamazenta-*|
|poke|p2|Kingambit, F|
|poke|p2|Primarina, M|
|poke|p2|Raging Bolt|
|poke|p2|Dragapult, M|
|poke|p2|Great Tusk|
|teampreview
|
|t:|1758346030
|teamsize|p1|6
|teamsize|p2|6
|start
|switch|p1a: Clodsire|Clodsire, F|100/100
|switch|p2a: Dragapult|Dragapult, M|100/100
|turn|1
|
|t:|1758346034
|move|p2a: Dragapult|Dragon Dance|p2a: Dragapult
|-boost|p2a: Dragapult|atk|1
|-boost|p2a: Dragapult|spe|1
|move|p1a: Clodsire|Stealth Rock|p2a: Dragapult
|-sidestart|p2: APphi.炽|move: Stealth Rock
|
|upkeep
|turn|2
|
|t:|1758346045
|switch|p1a: Mandibuzz|Mandibuzz, F|100/100
|move|p2a: Dragapult|Dragon Darts|p1a: Mandibuzz
|-damage|p1a: Mandibuzz|62/100
|-anim|p2a: Dragapult|Dragon Darts|p1a: Mandibuzz
|-damage|p1a: Mandibuzz|26/100
|-damage|p2a: Dragapult|91/100|[from] item: Life Orb
|
|upkeep
|turn|3
|
|t:|1758346052
|move|p2a: Dragapult|Dragon Darts|p1a: Mandibuzz
|-damage|p1a: Mandibuzz|0 fnt
|faint|p1a: Mandibuzz
|-damage|p2a: Dragapult|81/100|[from] item: Life Orb
|
|upkeep
|
|t:|1758346063
|switch|p1a: Gholdengo|Gholdengo|100/100
|turn|4
|
|t:|1758346067
|-terastallize|p1a: Gholdengo|Steel
|move|p2a: Dragapult|Phantom Force||[still]
|-prepare|p2a: Dragapult|Phantom Force
|move|p1a: Gholdengo|Shadow Ball|p2a: Dragapult|[miss]
|-miss|p1a: Gholdengo|p2a: Dragapult
|
|upkeep
|turn|5
|
|t:|1758346073
|move|p2a: Dragapult|Phantom Force|p1a: Gholdengo|[from] lockedmove
|-damage|p1a: Gholdengo|40/100
|-damage|p2a: Dragapult|71/100|[from] item: Life Orb
|move|p1a: Gholdengo|Shadow Ball|p2a: Dragapult
|-supereffective|p2a: Dragapult
|-damage|p2a: Dragapult|0 fnt
|faint|p2a: Dragapult
|
|-heal|p1a: Gholdengo|46/100|[from] item: Leftovers
|upkeep
|
|t:|1758346078
|switch|p2a: Great Tusk|Great Tusk|100/100
|-damage|p2a: Great Tusk|98/100|[from] Stealth Rock
|turn|6
|inactive|Battle timer is ON: inactive players will automatically lose when time's up. (requested by imjjjyyyhhh)
|
|t:|1758346107
|switch|p1a: Rillaboom|Rillaboom, M|100/100
|-fieldstart|move: Grassy Terrain|[from] ability: Grassy Surge|[of] p1a: Rillaboom
|move|p2a: Great Tusk|Bulk Up|p2a: Great Tusk
|-boost|p2a: Great Tusk|atk|1
|-boost|p2a: Great Tusk|def|1
|
|-heal|p2a: Great Tusk|100/100|[from] Grassy Terrain
|upkeep
|turn|7
|
|t:|1758346113
|move|p1a: Rillaboom|Wood Hammer|p2a: Great Tusk
|-supereffective|p2a: Great Tusk
|-damage|p2a: Great Tusk|16/100
|-damage|p1a: Rillaboom|68/100|[from] Recoil
|move|p2a: Great Tusk|Rapid Spin|p1a: Rillaboom
|-damage|p1a: Rillaboom|35/100
|-boost|p2a: Great Tusk|spe|1
|-sideend|p2: APphi.炽|Stealth Rock|[from] move: Rapid Spin|[of] p2a: Great Tusk
|
|-heal|p2a: Great Tusk|22/100|[from] Grassy Terrain
|-heal|p2a: Great Tusk|29/100|[from] item: Leftovers
|-heal|p1a: Rillaboom|41/100|[from] Grassy Terrain
|upkeep
|turn|8
|
|t:|1758346126
|move|p1a: Rillaboom|Grassy Glide|p2a: Great Tusk
|-supereffective|p2a: Great Tusk
|-damage|p2a: Great Tusk|0 fnt
|faint|p2a: Great Tusk
|-end|p2a: Great Tusk|Protosynthesis|[silent]
|
|-heal|p1a: Rillaboom|47/100|[from] Grassy Terrain
|upkeep
|
|t:|1758346131
|switch|p2a: Zamazenta|Zamazenta|100/100
|-ability|p2a: Zamazenta|Dauntless Shield|boost
|-boost|p2a: Zamazenta|def|1
|turn|9
|
|t:|1758346139
|switch|p1a: Dragapult|Dragapult, M|100/100
|move|p2a: Zamazenta|Body Press|p1a: Dragapult
|-immune|p1a: Dragapult
|
|upkeep
|turn|10
|
|t:|1758346145
|switch|p2a: Primarina|Primarina, M|100/100
|move|p1a: Dragapult|Shadow Ball|p2a: Primarina
|-damage|p2a: Primarina|63/100
|-unboost|p2a: Primarina|spd|1
|
|-heal|p2a: Primarina|69/100|[from] Grassy Terrain
|-heal|p2a: Primarina|75/100|[from] item: Leftovers
|-fieldend|move: Grassy Terrain
|upkeep
|turn|11
|
|t:|1758346153
|switch|p1a: Clodsire|Clodsire, F|100/100
|move|p2a: Primarina|Calm Mind|p2a: Primarina
|-boost|p2a: Primarina|spa|1
|-boost|p2a: Primarina|spd|1
|
|-heal|p2a: Primarina|81/100|[from] item: Leftovers
|upkeep
|turn|12
|
|t:|1758346158
|move|p2a: Primarina|Substitute|p2a: Primarina
|-start|p2a: Primarina|Substitute
|-damage|p2a: Primarina|56/100
|move|p1a: Clodsire|Earthquake|p2a: Primarina
|-end|p2a: Primarina|Substitute
|
|-heal|p2a: Primarina|63/100|[from] item: Leftovers
|upkeep
|turn|13
|
|t:|1758346167
|move|p2a: Primarina|Sparkling Aria|p1a: Clodsire
|-immune|p1a: Clodsire|[from] ability: Water Absorb
|move|p1a: Clodsire|Earthquake|p2a: Primarina
|-damage|p2a: Primarina|26/100
|
|-heal|p2a: Primarina|32/100|[from] item: Leftovers
|upkeep
|turn|14
|-message|APphi.炽 forfeited.
|
|win|imjjjyyyhhh
|raw|imjjjyyyhhh's rating: 1412 &rarr; <strong>1429</strong><br />(+17 for winning)
|raw|APphi.炽's rating: 1358 &rarr; <strong>1341</strong><br />(-17 for losing)
|l|☆APphi.炽
|player|p2|
|l|☆imjjjyyyhhh
|player|p1|
