|j|☆Alexboss30
|j|☆bigzawg
|t:|1758301904
|gametype|singles
|player|p1|Alexboss30|marlon|1146
|player|p2|bigzawg|skier|1108
|gen|9
|tier|[Gen 9] OU
|rated|
|rule|HP Percentage Mod: HP is shown in percentages
|rule|Endless Battle Clause: Forcing endless battles is banned
|rule|Species Clause: Limit one of each Pokémon
|rule|OHKO Clause: OHKO moves are banned
|rule|Evasion Items Clause: Evasion items are banned
|rule|Evasion Moves Clause: Evasion moves are banned
|rule|Evasion Abilities Clause: Evasion abilities are banned
|rule|Sleep Moves Clause: Sleep-inducing moves are banned
|clearpoke
|poke|p1|Pelipper, F|
|poke|p1|Cloyster, M|
|poke|p1|Quaquaval, M|
|poke|p1|Whiscash, M|
|poke|p1|Qwilfish, M|
|poke|p1|Ogerpon-Wellspring, F|
|poke|p2|Venusaur, F|
|poke|p2|Torkoal, F|
|poke|p2|Ninetales, F|
|poke|p2|Weezing-Galar, F|
|poke|p2|Chandelure, M|
|poke|p2|Snorlax, F|
|teampreview
|inactive|Battle timer is ON: inactive players will automatically lose when time's up. (requested by bigzawg)
|
|t:|1758301909
|teamsize|p1|6
|teamsize|p2|6
|start
|switch|p1a: Pelipper|Pelipper, F|100/100
|switch|p2a: Torkoal|Torkoal, F|100/100
|-weather|RainDance|[from] ability: Drizzle|[of] p1a: Pelipper
|-weather|SunnyDay|[from] ability: Drought|[of] p2a: Torkoal
|turn|1
|
|t:|1758301919
|switch|p1a: Whiscash|Whiscash, M|100/100
|move|p2a: Torkoal|Ancient Power|p1a: Whiscash
|-resisted|p1a: Whiscash
|-damage|p1a: Whiscash|93/100
|
|-weather|SunnyDay|[upkeep]
|upkeep
|turn|2
|
|t:|1758301927
|move|p1a: Whiscash|Dragon Dance|p1a: Whiscash
|-boost|p1a: Whiscash|atk|1
|-boost|p1a: Whiscash|spe|1
|move|p2a: Torkoal|Stealth Rock|p1a: Whiscash
|-sidestart|p1: Alexboss30|move: Stealth Rock
|
|-weather|SunnyDay|[upkeep]
|upkeep
|turn|3
|
|t:|1758301934
|switch|p2a: Venusaur|Venusaur, F|100/100
|move|p1a: Whiscash|Earthquake|p2a: Venusaur
|-damage|p2a: Venusaur|12/100
|-damage|p1a: Whiscash|83/100|[from] item: Life Orb
|
|-weather|SunnyDay|[upkeep]
|upkeep
|turn|4
|
|t:|1758301951
|-terastallize|p1a: Whiscash|Dragon
|move|p2a: Venusaur|Giga Drain|p1a: Whiscash
|-resisted|p1a: Whiscash
|-damage|p1a: Whiscash|53/100
|-heal|p2a: Venusaur|31/100|[from] drain|[of] p1a: Whiscash
|-damage|p2a: Venusaur|21/100|[from] item: Life Orb
|move|p1a: Whiscash|Earthquake|p2a: Venusaur
|-damage|p2a: Venusaur|0 fnt
|faint|p2a: Venusaur
|-damage|p1a: Whiscash|43/100|[from] item: Life Orb
|
|-weather|SunnyDay|[upkeep]
|upkeep
|
|t:|1758301961
|switch|p2a: Weezing|Weezing-Galar, F|100/100
|-ability|p2a: Weezing|Neutralizing Gas
|turn|5
|
|t:|1758301968
|move|p1a: Whiscash|Earthquake|p2a: Weezing
|-supereffective|p2a: Weezing
|-damage|p2a: Weezing|2/100
|-damage|p1a: Whiscash|33/100|[from] item: Life Orb
|move|p2a: Weezing|Strange Steam|p1a: Whiscash
|-supereffective|p1a: Whiscash
|-damage|p1a: Whiscash|0 fnt
|faint|p1a: Whiscash
|
|-weather|SunnyDay|[upkeep]
|-heal|p2a: Weezing|8/100|[from] item: Black Sludge
|upkeep
|
|t:|1758301980
|switch|p1a: Quaquaval|Quaquaval, M|100/100
|-damage|p1a: Quaquaval|94/100|[from] Stealth Rock
|turn|6
|
|t:|1758301988
|move|p1a: Quaquaval|Aqua Step|p2a: Weezing
|-damage|p2a: Weezing|0 fnt
|-boost|p1a: Quaquaval|spe|1
|faint|p2a: Weezing
|-end|p2a: Weezing|ability: Neutralizing Gas
|-ability|p1a: Quaquaval|Moxie|boost
|-boost|p1a: Quaquaval|atk|1
|
|-weather|SunnyDay|[upkeep]
|upkeep
|
|t:|1758301993
|switch|p2a: Snorlax|Snorlax, F, shiny|100/100
|turn|7
|
|t:|1758302001
|move|p1a: Quaquaval|Close Combat|p2a: Snorlax
|-supereffective|p2a: Snorlax
|-damage|p2a: Snorlax|0 fnt
|-unboost|p1a: Quaquaval|def|1
|-unboost|p1a: Quaquaval|spd|1
|faint|p2a: Snorlax
|-ability|p1a: Quaquaval|Moxie|boost
|-boost|p1a: Quaquaval|atk|1
|
|-weather|SunnyDay|[upkeep]
|upkeep
|
|t:|1758302011
|switch|p2a: Ninetales|Ninetales, F, shiny|100/100
|turn|8
|
|t:|1758302014
|move|p1a: Quaquaval|Close Combat|p2a: Ninetales
|-damage|p2a: Ninetales|0 fnt
|-unboost|p1a: Quaquaval|def|1
|-unboost|p1a: Quaquaval|spd|1
|faint|p2a: Ninetales
|-ability|p1a: Quaquaval|Moxie|boost
|-boost|p1a: Quaquaval|atk|1
|
|-weather|none
|upkeep
|-message|bigzawg forfeited.
|
|win|Alexboss30
|raw|Alexboss30's rating: 1146 &rarr; <strong>1168</strong><br />(+22 for winning)
|raw|bigzawg's rating: 1108 &rarr; <strong>1086</strong><br />(-22 for losing)
|l|☆bigzawg
|player|p2|
|l|☆Alexboss30
|player|p1|
