|j|☆AlexisVII
|j|☆andrupa12
|t:|1758317662
|gametype|singles
|player|p1|AlexisVII|266|1098
|player|p2|andrupa12|brawly|1110
|gen|9
|tier|[Gen 9] OU
|rated|
|rule|HP Percentage Mod: HP is shown in percentages
|rule|Endless Battle Clause: Forcing endless battles is banned
|rule|Species Clause: Limit one of each Pokémon
|rule|OHKO Clause: OHKO moves are banned
|rule|Evasion Items Clause: Evasion items are banned
|rule|Evasion Moves Clause: Evasion moves are banned
|rule|Evasion Abilities Clause: Evasion abilities are banned
|rule|Sleep Moves Clause: Sleep-inducing moves are banned
|clearpoke
|poke|p1|Porygon2|
|poke|p1|Scizor, M|
|poke|p1|Tyranitar, M|
|poke|p1|Blissey, F|
|poke|p1|Kingdra, M|
|poke|p1|Forretress, F|
|poke|p2|Hydreigon, F|
|poke|p2|Lycanroc-Midnight, M|
|poke|p2|Masquerain, M|
|poke|p2|Medicham, F|
|poke|p2|Minior|
|poke|p2|Oricorio, F|
|teampreview
|
|t:|1758317669
|teamsize|p1|6
|teamsize|p2|6
|start
|switch|p1a: Forretress|Forretress, F|100/100
|switch|p2a: Masquerain|Masquerain, M|100/100
|-ability|p2a: Masquerain|Intimidate|boost
|-unboost|p1a: Forretress|atk|1
|turn|1
|
|t:|1758317680
|move|p2a: Masquerain|Air Slash|p1a: Forretress
|-damage|p1a: Forretress|45/100
|cant|p1a: Forretress|flinch
|
|upkeep
|turn|2
|
|t:|1758317686
|switch|p1a: Blissey|Blissey, F|100/100
|move|p2a: Masquerain|Air Slash|p1a: Blissey
|-damage|p1a: Blissey|89/100
|
|-heal|p1a: Blissey|96/100|[from] item: Leftovers
|upkeep
|turn|3
|
|t:|1758317696
|move|p2a: Masquerain|Sticky Web|p1a: Blissey
|-sidestart|p1: AlexisVII|move: Sticky Web
|move|p1a: Blissey|Thunder Wave|p2a: Masquerain
|-status|p2a: Masquerain|par
|
|-heal|p1a: Blissey|100/100|[from] item: Leftovers
|upkeep
|turn|4
|
|t:|1758317704
|switch|p2a: Oricorio|Oricorio, F|100/100
|move|p1a: Blissey|Substitute|p1a: Blissey
|-start|p1a: Blissey|Substitute
|-damage|p1a: Blissey|76/100
|
|-heal|p1a: Blissey|82/100|[from] item: Leftovers
|upkeep
|turn|5
|
|t:|1758317712
|switch|p2a: Minior|Minior, shiny|100/100
|-formechange|p2a: Minior|Minior-Meteor||[from] ability: Shields Down
|move|p1a: Blissey|Thunder Wave|p2a: Minior
|-immune|p2a: Minior|[from] ability: Shields Down
|
|-heal|p1a: Blissey|88/100|[from] item: Leftovers
|upkeep
|turn|6
|
|t:|1758317722
|move|p2a: Minior|Shell Smash|p2a: Minior
|-unboost|p2a: Minior|def|1
|-unboost|p2a: Minior|spd|1
|-boost|p2a: Minior|atk|2
|-boost|p2a: Minior|spa|2
|-boost|p2a: Minior|spe|2
|-enditem|p2a: Minior|White Herb
|-clearnegativeboost|p2a: Minior|[silent]
|move|p1a: Blissey|Seismic Toss|p2a: Minior
|-damage|p2a: Minior|62/100
|
|-heal|p1a: Blissey|94/100|[from] item: Leftovers
|upkeep
|turn|7
|inactive|Battle timer is ON: inactive players will automatically lose when time's up. (requested by AlexisVII)
|
|t:|1758317735
|move|p2a: Minior|Rock Slide|p1a: Blissey
|-end|p1a: Blissey|Substitute
|move|p1a: Blissey|Seismic Toss|p2a: Minior
|-damage|p2a: Minior|24/100
|
|-heal|p1a: Blissey|99/100|[from] item: Leftovers
|-formechange|p2a: Minior|Minior||[from] ability: Shields Down
|upkeep
|turn|8
|
|t:|1758317746
|switch|p1a: Forretress|Forretress, F|45/100
|-activate|p1a: Forretress|move: Sticky Web
|-unboost|p1a: Forretress|spe|1
|move|p2a: Minior|Acrobatics|p1a: Forretress
|-damage|p1a: Forretress|0 fnt
|-damage|p2a: Minior|7/100|[from] item: Rocky Helmet|[of] p1a: Forretress
|faint|p1a: Forretress
|
|upkeep
|
|t:|1758317756
|switch|p1a: Scizor|Scizor, M|100/100
|-activate|p1a: Scizor|move: Sticky Web
|-unboost|p1a: Scizor|spe|1
|turn|9
|
|t:|1758317761
|switch|p2a: Masquerain|Masquerain, M|100/100 par
|-ability|p2a: Masquerain|Intimidate|boost
|-unboost|p1a: Scizor|atk|1
|move|p1a: Scizor|Bullet Punch|p2a: Masquerain
|-damage|p2a: Masquerain|39/100 par
|
|upkeep
|turn|10
|
|t:|1758317768
|switch|p2a: Medicham|Medicham, F|100/100
|move|p1a: Scizor|Bullet Punch|p2a: Medicham
|-damage|p2a: Medicham|46/100
|
|upkeep
|turn|11
|
|t:|1758317775
|switch|p2a: Masquerain|Masquerain, M|39/100 par
|-ability|p2a: Masquerain|Intimidate|boost
|-unboost|p1a: Scizor|atk|1
|move|p1a: Scizor|Bullet Punch|p2a: Masquerain
|-damage|p2a: Masquerain|0 fnt
|faint|p2a: Masquerain
|
|upkeep
|
|t:|1758317782
|switch|p2a: Oricorio|Oricorio, F|100/100
|turn|12
|
|t:|1758317789
|switch|p1a: Tyranitar|Tyranitar, M|100/100
|-activate|p1a: Tyranitar|move: Sticky Web
|-unboost|p1a: Tyranitar|spe|1
|-weather|Sandstorm|[from] ability: Sand Stream|[of] p1a: Tyranitar
|-terastallize|p2a: Oricorio|Ground
|move|p2a: Oricorio|Quiver Dance|p2a: Oricorio
|-boost|p2a: Oricorio|spa|1
|-boost|p2a: Oricorio|spd|1
|-boost|p2a: Oricorio|spe|1
|
|-weather|Sandstorm|[upkeep]
|upkeep
|turn|13
|
|t:|1758317806
|-terastallize|p1a: Tyranitar|Ground
|move|p2a: Oricorio|Quiver Dance|p2a: Oricorio
|-boost|p2a: Oricorio|spa|1
|-boost|p2a: Oricorio|spd|1
|-boost|p2a: Oricorio|spe|1
|move|p1a: Tyranitar|Dragon Dance|p1a: Tyranitar
|-boost|p1a: Tyranitar|atk|1
|-boost|p1a: Tyranitar|spe|1
|-activate|p2a: Oricorio|ability: Dancer
|move|p2a: Oricorio|Dragon Dance|p2a: Oricorio|[from] ability: Dancer
|-boost|p2a: Oricorio|atk|1
|-boost|p2a: Oricorio|spe|1
|
|-weather|Sandstorm|[upkeep]
|upkeep
|turn|14
|
|t:|1758317822
|move|p2a: Oricorio|Revelation Dance|p1a: Tyranitar
|-damage|p1a: Tyranitar|40/100
|move|p1a: Tyranitar|Rock Slide|p2a: Oricorio
|-resisted|p2a: Oricorio
|-damage|p2a: Oricorio|74/100
|
|-weather|Sandstorm|[upkeep]
|upkeep
|turn|15
|
|t:|1758317833
|move|p2a: Oricorio|Revelation Dance|p1a: Tyranitar
|-damage|p1a: Tyranitar|0 fnt
|faint|p1a: Tyranitar
|
|-weather|Sandstorm|[upkeep]
|upkeep
|
|t:|1758317845
|switch|p1a: Blissey|Blissey, F|99/100
|-activate|p1a: Blissey|move: Sticky Web
|-unboost|p1a: Blissey|spe|1
|turn|16
|
|t:|1758317853
|move|p2a: Oricorio|Air Slash|p1a: Blissey
|-damage|p1a: Blissey|85/100
|cant|p1a: Blissey|flinch
|
|-weather|none
|-heal|p1a: Blissey|91/100|[from] item: Leftovers
|upkeep
|turn|17
|
|t:|1758317863
|move|p2a: Oricorio|Air Slash|p1a: Blissey
|-damage|p1a: Blissey|75/100
|move|p1a: Blissey|Seismic Toss|p2a: Oricorio
|-damage|p2a: Oricorio|46/100
|-enditem|p2a: Oricorio|Sitrus Berry|[eat]
|-heal|p2a: Oricorio|71/100|[from] item: Sitrus Berry
|
|-heal|p1a: Blissey|81/100|[from] item: Leftovers
|upkeep
|turn|18
|
|t:|1758317874
|move|p2a: Oricorio|Air Slash|p1a: Blissey
|-damage|p1a: Blissey|64/100
|move|p1a: Blissey|Seismic Toss|p2a: Oricorio
|-damage|p2a: Oricorio|42/100
|
|-heal|p1a: Blissey|71/100|[from] item: Leftovers
|upkeep
|turn|19
|
|t:|1758317882
|move|p2a: Oricorio|Roost|p2a: Oricorio
|-heal|p2a: Oricorio|93/100
|move|p1a: Blissey|Seismic Toss|p2a: Oricorio
|-damage|p2a: Oricorio|64/100
|
|-heal|p1a: Blissey|77/100|[from] item: Leftovers
|upkeep
|turn|20
|
|t:|1758317896
|move|p2a: Oricorio|Air Slash|p1a: Blissey
|-damage|p1a: Blissey|60/100
|move|p1a: Blissey|Seismic Toss|p2a: Oricorio
|-damage|p2a: Oricorio|36/100
|
|-heal|p1a: Blissey|66/100|[from] item: Leftovers
|upkeep
|turn|21
|
|t:|1758317906
|switch|p1a: Scizor|Scizor, M|100/100
|-activate|p1a: Scizor|move: Sticky Web
|-unboost|p1a: Scizor|spe|1
|move|p2a: Oricorio|Roost|p2a: Oricorio
|-heal|p2a: Oricorio|86/100
|
|upkeep
|turn|22
|
|t:|1758317916
|move|p1a: Scizor|Bullet Punch|p2a: Oricorio
|-damage|p2a: Oricorio|41/100
|move|p2a: Oricorio|Revelation Dance|p1a: Scizor
|-crit|p1a: Scizor
|-damage|p1a: Scizor|0 fnt
|faint|p1a: Scizor
|
|upkeep
|
|t:|1758317925
|switch|p1a: Porygon2|Porygon2|100/100
|-activate|p1a: Porygon2|move: Sticky Web
|-unboost|p1a: Porygon2|spe|1
|-ability|p1a: Porygon2|Download|boost
|-boost|p1a: Porygon2|atk|1
|turn|23
|
|t:|1758317936
|move|p2a: Oricorio|Roost|p2a: Oricorio
|-heal|p2a: Oricorio|91/100
|move|p1a: Porygon2|Tri Attack|p2a: Oricorio
|-damage|p2a: Oricorio|67/100
|
|upkeep
|turn|24
|
|t:|1758317947
|move|p2a: Oricorio|Air Slash|p1a: Porygon2
|-damage|p1a: Porygon2|71/100
|cant|p1a: Porygon2|flinch
|
|upkeep
|turn|25
|
|t:|1758317953
|move|p2a: Oricorio|Revelation Dance|p1a: Porygon2
|-crit|p1a: Porygon2
|-damage|p1a: Porygon2|10/100
|move|p1a: Porygon2|Tri Attack|p2a: Oricorio
|-damage|p2a: Oricorio|42/100
|
|upkeep
|turn|26
|
|t:|1758317962
|move|p2a: Oricorio|Air Slash|p1a: Porygon2
|-damage|p1a: Porygon2|0 fnt
|faint|p1a: Porygon2
|
|upkeep
|
|t:|1758317967
|switch|p1a: Kingdra|Kingdra, M|100/100
|-activate|p1a: Kingdra|move: Sticky Web
|-unboost|p1a: Kingdra|spe|1
|turn|27
|
|t:|1758317973
|move|p2a: Oricorio|Air Slash|p1a: Kingdra
|-damage|p1a: Kingdra|58/100
|cant|p1a: Kingdra|flinch
|
|upkeep
|turn|28
|
|t:|1758317979
|move|p2a: Oricorio|Air Slash|p1a: Kingdra
|-damage|p1a: Kingdra|14/100
|move|p1a: Kingdra|Surf|p2a: Oricorio
|-supereffective|p2a: Oricorio
|-damage|p2a: Oricorio|0 fnt
|faint|p2a: Oricorio
|
|upkeep
|
|t:|1758317985
|switch|p2a: Lycanroc|Lycanroc-Midnight, M|100/100
|turn|29
|
|t:|1758317990
|move|p2a: Lycanroc|Close Combat|p1a: Kingdra
|-damage|p1a: Kingdra|0 fnt
|-unboost|p2a: Lycanroc|def|1
|-unboost|p2a: Lycanroc|spd|1
|faint|p1a: Kingdra
|
|upkeep
|-message|AlexisVII forfeited.
|
|win|andrupa12
|raw|AlexisVII's rating: 1098 &rarr; <strong>1074</strong><br />(-24 for losing)
|raw|andrupa12's rating: 1110 &rarr; <strong>1134</strong><br />(+24 for winning)
|l|☆AlexisVII
|player|p1|
|l|☆andrupa12
|player|p2|
