|j|☆KryptonianSmash
|j|☆afuhawga
|t:|1758289094
|gametype|singles
|player|p1|KryptonianSmash|169|1081
|player|p2|afuhawga|rocketgrunt|1061
|gen|9
|tier|[Gen 9] OU
|rated|
|rule|HP Percentage Mod: HP is shown in percentages
|rule|Endless Battle Clause: Forcing endless battles is banned
|rule|Species Clause: Limit one of each Pokémon
|rule|OHKO Clause: OHKO moves are banned
|rule|Evasion Items Clause: Evasion items are banned
|rule|Evasion Moves Clause: Evasion moves are banned
|rule|Evasion Abilities Clause: Evasion abilities are banned
|rule|Sleep Moves Clause: Sleep-inducing moves are banned
|clearpoke
|poke|p1|Hitmonchan, M|
|poke|p1|Clodsire, M|
|poke|p1|Politoed, F|
|poke|p1|Staraptor, F|
|poke|p1|Kingdra, M|
|poke|p1|Braviary-Hisui, M|
|poke|p2|Zebstrika, F|
|poke|p2|Trevenant, F|
|poke|p2|Falinks|
|poke|p2|Zangoose, F|
|poke|p2|Clawitzer, F|
|poke|p2|Magmortar, M|
|teampreview
|inactive|Battle timer is ON: inactive players will automatically lose when time's up. (requested by KryptonianSmash)
|
|t:|1758289099
|teamsize|p1|6
|teamsize|p2|6
|start
|switch|p1a: Hitmonchan|Hitmonchan, M|100/100
|switch|p2a: Trevenant|Trevenant, F, shiny|100/100
|turn|1
|
|t:|1758289107
|move|p1a: Hitmonchan|Fire Punch|p2a: Trevenant
|-supereffective|p2a: Trevenant
|-crit|p2a: Trevenant
|-damage|p2a: Trevenant|0 fnt
|faint|p2a: Trevenant
|
|upkeep
|
|t:|1758289115
|switch|p2a: Falinks|Falinks|100/100
|turn|2
|
|t:|1758289122
|move|p1a: Hitmonchan|Drain Punch|p2a: Falinks
|-damage|p2a: Falinks|53/100
|move|p2a: Falinks|No Retreat|p2a: Falinks
|-boost|p2a: Falinks|atk|1
|-boost|p2a: Falinks|def|1
|-boost|p2a: Falinks|spa|1
|-boost|p2a: Falinks|spd|1
|-boost|p2a: Falinks|spe|1
|-start|p2a: Falinks|move: No Retreat
|
|upkeep
|turn|3
|
|t:|1758289131
|move|p2a: Falinks|Close Combat|p1a: Hitmonchan
|-damage|p1a: Hitmonchan|0 fnt
|-unboost|p2a: Falinks|def|1
|-unboost|p2a: Falinks|spd|1
|faint|p1a: Hitmonchan
|
|upkeep
|
|t:|1758289143
|switch|p1a: Politoed|Politoed, F|100/100
|-weather|RainDance|[from] ability: Drizzle|[of] p1a: Politoed
|turn|4
|
|t:|1758289150
|move|p2a: Falinks|Close Combat|p1a: Politoed
|-damage|p1a: Politoed|0 fnt
|-unboost|p2a: Falinks|def|1
|-unboost|p2a: Falinks|spd|1
|faint|p1a: Politoed
|
|-weather|RainDance|[upkeep]
|upkeep
|
|t:|1758289157
|switch|p1a: Kingdra|Kingdra, M|100/100
|turn|5
|
|t:|1758289161
|move|p1a: Kingdra|Surf|p2a: Falinks
|-damage|p2a: Falinks|0 fnt
|faint|p2a: Falinks
|
|-weather|RainDance|[upkeep]
|upkeep
|
|t:|1758289167
|switch|p2a: Zebstrika|Zebstrika, F, shiny|100/100
|turn|6
|
|t:|1758289170
|move|p1a: Kingdra|Surf|p2a: Zebstrika
|-damage|p2a: Zebstrika|0 fnt
|faint|p2a: Zebstrika
|
|-weather|RainDance|[upkeep]
|upkeep
|
|t:|1758289176
|switch|p2a: Clawitzer|Clawitzer, F|100/100
|turn|7
|
|t:|1758289183
|move|p1a: Kingdra|Dragon Pulse|p2a: Clawitzer
|-damage|p2a: Clawitzer|61/100
|move|p2a: Clawitzer|Aura Sphere|p1a: Kingdra
|-damage|p1a: Kingdra|22/100
|-enditem|p1a: Kingdra|Sitrus Berry|[eat]
|-heal|p1a: Kingdra|47/100|[from] item: Sitrus Berry
|
|-weather|RainDance|[upkeep]
|upkeep
|turn|8
|
|t:|1758289192
|move|p1a: Kingdra|Hurricane|p2a: Clawitzer
|-damage|p2a: Clawitzer|27/100
|move|p2a: Clawitzer|Aura Sphere|p1a: Kingdra
|-damage|p1a: Kingdra|0 fnt
|faint|p1a: Kingdra
|
|-weather|RainDance|[upkeep]
|upkeep
|
|t:|1758289201
|switch|p1a: Braviary|Braviary-Hisui, M|100/100
|turn|9
|
|t:|1758289214
|switch|p2a: Magmortar|Magmortar, M|100/100
|move|p1a: Braviary|Hurricane|p2a: Magmortar
|-damage|p2a: Magmortar|21/100
|-start|p2a: Magmortar|confusion
|-damage|p1a: Braviary|91/100|[from] item: Life Orb
|
|-weather|RainDance|[upkeep]
|upkeep
|turn|10
|
|t:|1758289224
|move|p1a: Braviary|Psychic|p2a: Magmortar
|-damage|p2a: Magmortar|0 fnt
|faint|p2a: Magmortar
|-damage|p1a: Braviary|81/100|[from] item: Life Orb
|
|-weather|RainDance|[upkeep]
|upkeep
|
|t:|1758289229
|switch|p2a: Clawitzer|Clawitzer, F|27/100
|turn|11
|
|t:|1758289234
|move|p1a: Braviary|Psychic|p2a: Clawitzer
|-damage|p2a: Clawitzer|0 fnt
|faint|p2a: Clawitzer
|-damage|p1a: Braviary|71/100|[from] item: Life Orb
|
|-weather|none
|upkeep
|
|t:|1758289236
|switch|p2a: Zangoose|Zangoose, F|100/100
|turn|12
|
|t:|1758289244
|move|p2a: Zangoose|Knock Off|p1a: Braviary
|-supereffective|p1a: Braviary
|-damage|p1a: Braviary|0 fnt
|-enditem|p1a: Braviary|Life Orb|[from] move: Knock Off|[of] p2a: Zangoose
|faint|p1a: Braviary
|
|-status|p2a: Zangoose|tox|[from] item: Toxic Orb
|upkeep
|
|t:|1758289262
|switch|p1a: Staraptor|Staraptor, F|100/100
|turn|13
|
|t:|1758289265
|move|p1a: Staraptor|Close Combat|p2a: Zangoose
|-supereffective|p2a: Zangoose
|-damage|p2a: Zangoose|0 fnt
|-unboost|p1a: Staraptor|def|1
|-unboost|p1a: Staraptor|spd|1
|faint|p2a: Zangoose
|
|win|KryptonianSmash
|raw|KryptonianSmash's rating: 1081 &rarr; <strong>1107</strong><br />(+26 for winning)
|raw|afuhawga's rating: 1061 &rarr; <strong>1043</strong><br />(-18 for losing)
|l|☆afuhawga
|player|p2|
|l|☆KryptonianSmash
|player|p1|
