|j|☆slowbro named paul
|j|☆etouraptor25
|t:|1758275920
|gametype|singles
|player|p1|slowbro named paul|skierf|1359
|player|p2|etouraptor25|darach-caitlin|1334
|gen|9
|tier|[Gen 9] OU
|rated|
|rule|HP Percentage Mod: HP is shown in percentages
|rule|Endless Battle Clause: Forcing endless battles is banned
|rule|Species Clause: Limit one of each Pokémon
|rule|OHKO Clause: OHKO moves are banned
|rule|Evasion Items Clause: Evasion items are banned
|rule|Evasion Moves Clause: Evasion moves are banned
|rule|Evasion Abilities Clause: Evasion abilities are banned
|rule|Sleep Moves Clause: Sleep-inducing moves are banned
|clearpoke
|poke|p1|Garganacl, F|
|poke|p1|Alomomola, M|
|poke|p1|Umbreon, F|
|poke|p1|Latias, F|
|poke|p1|Gliscor, F|
|poke|p1|Fezandipiti, M|
|poke|p2|Great Tusk|
|poke|p2|Slowking-Galar, F|
|poke|p2|Alomomola, M|
|poke|p2|Kingambit, F|
|poke|p2|Dragapult, F|
|poke|p2|Toucannon, M|
|teampreview
|inactive|Battle timer is ON: inactive players will automatically lose when time's up. (requested by slowbro named paul)
|
|t:|1758275929
|teamsize|p1|6
|teamsize|p2|6
|start
|switch|p1a: Garganacl|Garganacl, F|100/100
|switch|p2a: Great Tusk|Great Tusk|100/100
|turn|1
|
|t:|1758275937
|move|p2a: Great Tusk|Stealth Rock|p1a: Garganacl
|-sidestart|p1: slowbro named paul|move: Stealth Rock
|move|p1a: Garganacl|Salt Cure|p2a: Great Tusk
|-resisted|p2a: Great Tusk
|-damage|p2a: Great Tusk|98/100
|-start|p2a: Great Tusk|Salt Cure
|
|-damage|p2a: Great Tusk|86/100|[from] Salt Cure
|upkeep
|turn|2
|
|t:|1758275946
|switch|p1a: Alomomola|Alomomola, M|100/100
|-damage|p1a: Alomomola|88/100|[from] Stealth Rock
|move|p2a: Great Tusk|Headlong Rush|p1a: Alomomola
|-damage|p1a: Alomomola|54/100
|-unboost|p2a: Great Tusk|def|1
|-unboost|p2a: Great Tusk|spd|1
|-damage|p2a: Great Tusk|69/100|[from] item: Rocky Helmet|[of] p1a: Alomomola
|
|-damage|p2a: Great Tusk|57/100|[from] Salt Cure
|upkeep
|turn|3
|
|t:|1758275959
|-end|p2a: Great Tusk|Protosynthesis|[silent]
|switch|p2a: Alomomola|Alomomola, M|100/100
|move|p1a: Alomomola|Wish|p1a: Alomomola
|
|upkeep
|turn|4
|
|t:|1758275964
|move|p1a: Alomomola|Calm Mind|p1a: Alomomola
|-boost|p1a: Alomomola|spa|1
|-boost|p1a: Alomomola|spd|1
|move|p2a: Alomomola|Wish|p2a: Alomomola
|
|-heal|p1a: Alomomola|100/100|[from] move: Wish|[wisher] Alomomola
|upkeep
|turn|5
|
|t:|1758275972
|move|p1a: Alomomola|Calm Mind|p1a: Alomomola
|-boost|p1a: Alomomola|spa|1
|-boost|p1a: Alomomola|spd|1
|move|p2a: Alomomola|Flip Turn|p1a: Alomomola
|-resisted|p1a: Alomomola
|-damage|p1a: Alomomola|95/100
|-damage|p2a: Alomomola|84/100|[from] item: Rocky Helmet|[of] p1a: Alomomola
|
|t:|1758275992
|switch|p2a: Slowking|Slowking-Galar, F|100/100|[from] Flip Turn
|
|upkeep
|turn|6
|
|t:|1758276003
|-terastallize|p1a: Alomomola|Poison
|move|p1a: Alomomola|Scald|p2a: Slowking
|-damage|p2a: Slowking|75/100
|move|p2a: Slowking|Thunder Wave|p1a: Alomomola
|-status|p1a: Alomomola|par
|
|upkeep
|turn|7
|
|t:|1758276014
|move|p1a: Alomomola|Calm Mind|p1a: Alomomola
|-boost|p1a: Alomomola|spa|1
|-boost|p1a: Alomomola|spd|1
|-prepare|p2a: Slowking|Chilly Reception|[premajor]
|move|p2a: Slowking|Chilly Reception|p2a: Slowking
|-weather|Snowscape
|inactive|etouraptor25 has 120 seconds left.
|
|t:|1758276034
|switch|p2a: Toucannon|Toucannon, M|100/100|[from] Chilly Reception
|
|-weather|Snowscape|[upkeep]
|upkeep
|turn|8
|inactive|etouraptor25 has 120 seconds left.
|
|t:|1758276044
|move|p2a: Toucannon|Brave Bird|p1a: Alomomola
|-damage|p1a: Alomomola|33/100 par
|-damage|p2a: Toucannon|84/100|[from] item: Rocky Helmet|[of] p1a: Alomomola
|-damage|p2a: Toucannon|52/100|[from] Recoil
|move|p1a: Alomomola|Scald|p2a: Toucannon
|-damage|p2a: Toucannon|0 fnt
|faint|p2a: Toucannon
|
|-weather|Snowscape|[upkeep]
|upkeep
|inactive|etouraptor25 has 120 seconds left.
|
|t:|1758276054
|switch|p2a: Dragapult|Dragapult, F|100/100
|turn|9
|
|t:|1758276057
|move|p1a: Alomomola|Protect|p1a: Alomomola
|-singleturn|p1a: Alomomola|Protect
|move|p2a: Dragapult|Dragon Darts|p1a: Alomomola
|-activate|p1a: Alomomola|move: Protect
|
|-weather|Snowscape|[upkeep]
|upkeep
|turn|10
|
|t:|1758276065
|switch|p1a: Fezandipiti|Fezandipiti, M|100/100
|-damage|p1a: Fezandipiti|88/100|[from] Stealth Rock
|move|p2a: Dragapult|Dragon Darts|p1a: Fezandipiti
|-immune|p1a: Fezandipiti
|
|-weather|Snowscape|[upkeep]
|-heal|p1a: Fezandipiti|94/100|[from] item: Black Sludge
|upkeep
|turn|11
|
|t:|1758276076
|move|p2a: Dragapult|U-turn|p1a: Fezandipiti
|-resisted|p1a: Fezandipiti
|-damage|p1a: Fezandipiti|89/100
|
|t:|1758276085
|switch|p2a: Great Tusk|Great Tusk|57/100|[from] U-turn
|move|p1a: Fezandipiti|Moonblast|p2a: Great Tusk
|-supereffective|p2a: Great Tusk
|-damage|p2a: Great Tusk|0 fnt
|faint|p2a: Great Tusk
|-end|p2a: Great Tusk|Protosynthesis|[silent]
|
|-weather|none
|-heal|p1a: Fezandipiti|95/100|[from] item: Black Sludge
|upkeep
|
|t:|1758276094
|switch|p2a: Kingambit|Kingambit, F|100/100
|-activate|p2a: Kingambit|ability: Supreme Overlord
|-start|p2a: Kingambit|fallen2|[silent]
|turn|12
|
|t:|1758276105
|switch|p1a: Umbreon|Umbreon, F|100/100
|-damage|p1a: Umbreon|88/100|[from] Stealth Rock
|move|p2a: Kingambit|Kowtow Cleave|p1a: Umbreon
|-resisted|p1a: Umbreon
|-damage|p1a: Umbreon|66/100
|
|-heal|p1a: Umbreon|72/100|[from] item: Leftovers
|upkeep
|turn|13
|
|t:|1758276116
|move|p2a: Kingambit|Low Kick|p1a: Umbreon
|-supereffective|p1a: Umbreon
|-damage|p1a: Umbreon|26/100
|move|p1a: Umbreon|Foul Play|p2a: Kingambit
|-resisted|p2a: Kingambit
|-damage|p2a: Kingambit|77/100
|
|-heal|p2a: Kingambit|83/100|[from] item: Leftovers
|-heal|p1a: Umbreon|32/100|[from] item: Leftovers
|upkeep
|turn|14
|
|t:|1758276126
|move|p1a: Umbreon|Protect|p1a: Umbreon
|-singleturn|p1a: Umbreon|Protect
|move|p2a: Kingambit|Low Kick|p1a: Umbreon
|-activate|p1a: Umbreon|move: Protect
|
|-heal|p2a: Kingambit|89/100|[from] item: Leftovers
|-heal|p1a: Umbreon|38/100|[from] item: Leftovers
|upkeep
|turn|15
|
|t:|1758276132
|move|p2a: Kingambit|Low Kick|p1a: Umbreon
|-supereffective|p1a: Umbreon
|-damage|p1a: Umbreon|0 fnt
|faint|p1a: Umbreon
|
|-heal|p2a: Kingambit|96/100|[from] item: Leftovers
|upkeep
|
|t:|1758276135
|switch|p1a: Gliscor|Gliscor, F|100/100
|-damage|p1a: Gliscor|88/100|[from] Stealth Rock
|turn|16
|
|t:|1758276143
|-end|p2a: Kingambit|fallen2|[silent]
|switch|p2a: Alomomola|Alomomola, M|100/100
|move|p1a: Gliscor|Swords Dance|p1a: Gliscor
|-boost|p1a: Gliscor|atk|2
|
|-status|p1a: Gliscor|tox|[from] item: Toxic Orb
|upkeep
|turn|17
|
|t:|1758276151
|move|p1a: Gliscor|Swords Dance|p1a: Gliscor
|-boost|p1a: Gliscor|atk|2
|move|p2a: Alomomola|Scald|p1a: Gliscor
|-supereffective|p1a: Gliscor
|-damage|p1a: Gliscor|58/100 tox
|
|-heal|p1a: Gliscor|70/100 tox|[from] ability: Poison Heal
|upkeep
|turn|18
|
|t:|1758276161
|move|p1a: Gliscor|Swords Dance|p1a: Gliscor
|-boost|p1a: Gliscor|atk|2
|move|p2a: Alomomola|Scald|p1a: Gliscor
|-supereffective|p1a: Gliscor
|-damage|p1a: Gliscor|34/100 tox
|
|-heal|p1a: Gliscor|46/100 tox|[from] ability: Poison Heal
|upkeep
|turn|19
|
|t:|1758276169
|move|p1a: Gliscor|Protect|p1a: Gliscor
|-singleturn|p1a: Gliscor|Protect
|move|p2a: Alomomola|Scald|p1a: Gliscor
|-activate|p1a: Gliscor|move: Protect
|
|-heal|p1a: Gliscor|59/100 tox|[from] ability: Poison Heal
|upkeep
|turn|20
|
|t:|1758276176
|move|p1a: Gliscor|Earthquake|p2a: Alomomola
|-damage|p2a: Alomomola|26/100
|move|p2a: Alomomola|Scald|p1a: Gliscor
|-supereffective|p1a: Gliscor
|-damage|p1a: Gliscor|28/100 tox
|
|-heal|p1a: Gliscor|41/100 tox|[from] ability: Poison Heal
|upkeep
|turn|21
|
|t:|1758276185
|move|p1a: Gliscor|Earthquake|p2a: Alomomola
|-damage|p2a: Alomomola|0 fnt
|faint|p2a: Alomomola
|
|-heal|p1a: Gliscor|53/100 tox|[from] ability: Poison Heal
|upkeep
|
|t:|1758276191
|switch|p2a: Dragapult|Dragapult, F|100/100
|turn|22
|
|t:|1758276195
|move|p1a: Gliscor|Protect|p1a: Gliscor
|-singleturn|p1a: Gliscor|Protect
|move|p2a: Dragapult|Dragon Darts|p1a: Gliscor
|-activate|p1a: Gliscor|move: Protect
|
|-heal|p1a: Gliscor|65/100 tox|[from] ability: Poison Heal
|upkeep
|turn|23
|
|t:|1758276201
|move|p2a: Dragapult|Dragon Darts|p1a: Gliscor
|-damage|p1a: Gliscor|53/100 tox
|-anim|p2a: Dragapult|Dragon Darts|p1a: Gliscor
|-damage|p1a: Gliscor|41/100 tox
|move|p1a: Gliscor|Earthquake|p2a: Dragapult
|-damage|p2a: Dragapult|0 fnt
|faint|p2a: Dragapult
|
|-heal|p1a: Gliscor|53/100 tox|[from] ability: Poison Heal
|upkeep
|
|t:|1758276214
|switch|p2a: Slowking|Slowking-Galar, F|100/100
|turn|24
|
|t:|1758276222
|move|p1a: Gliscor|Protect|p1a: Gliscor
|-singleturn|p1a: Gliscor|Protect
|move|p2a: Slowking|Sludge Bomb|p1a: Gliscor
|-activate|p1a: Gliscor|move: Protect
|
|-heal|p1a: Gliscor|65/100 tox|[from] ability: Poison Heal
|upkeep
|turn|25
|
|t:|1758276229
|move|p1a: Gliscor|Earthquake|p2a: Slowking
|-supereffective|p2a: Slowking
|-damage|p2a: Slowking|0 fnt
|faint|p2a: Slowking
|
|-heal|p1a: Gliscor|78/100 tox|[from] ability: Poison Heal
|upkeep
|
|t:|1758276235
|switch|p2a: Kingambit|Kingambit, F|96/100
|-activate|p2a: Kingambit|ability: Supreme Overlord
|-start|p2a: Kingambit|fallen5|[silent]
|turn|26
|
|t:|1758276249
|move|p1a: Gliscor|Dual Wingbeat|p2a: Kingambit
|-resisted|p2a: Kingambit
|-damage|p2a: Kingambit|73/100
|-resisted|p2a: Kingambit
|-crit|p2a: Kingambit
|-damage|p2a: Kingambit|37/100
|-hitcount|p2a: Kingambit|2
|move|p2a: Kingambit|Swords Dance|p2a: Kingambit
|-boost|p2a: Kingambit|atk|2
|
|-heal|p2a: Kingambit|44/100|[from] item: Leftovers
|-heal|p1a: Gliscor|90/100 tox|[from] ability: Poison Heal
|upkeep
|turn|27
|
|t:|1758276269
|move|p2a: Kingambit|Sucker Punch|p1a: Gliscor
|-damage|p1a: Gliscor|13/100 tox
|move|p1a: Gliscor|Dual Wingbeat|p2a: Kingambit
|-resisted|p2a: Kingambit
|-damage|p2a: Kingambit|22/100
|-resisted|p2a: Kingambit
|-damage|p2a: Kingambit|0 fnt
|faint|p2a: Kingambit
|-end|p2a: Kingambit|fallen5|[silent]
|-hitcount|p2: Kingambit|2
|
|win|slowbro named paul
|raw|slowbro named paul's rating: 1359 &rarr; <strong>1378</strong><br />(+19 for winning)
|raw|etouraptor25's rating: 1334 &rarr; <strong>1315</strong><br />(-19 for losing)
