|j|☆LordFueg
|j|☆Trumpismessiah
|t:|1758332549
|gametype|singles
|player|p1|LordFueg|102|1521
|player|p2|Trumpismessiah|170|1516
|gen|9
|tier|[Gen 9] OU
|rated|
|rule|HP Percentage Mod: HP is shown in percentages
|rule|Endless Battle Clause: Forcing endless battles is banned
|rule|Species Clause: Limit one of each Pokémon
|rule|OHKO Clause: OHKO moves are banned
|rule|Evasion Items Clause: Evasion items are banned
|rule|Evasion Moves Clause: Evasion moves are banned
|rule|Evasion Abilities Clause: Evasion abilities are banned
|rule|Sleep Moves Clause: Sleep-inducing moves are banned
|clearpoke
|poke|p1|Comfey, M|
|poke|p1|Whimsicott, F|
|poke|p1|Ting-Lu|
|poke|p1|Walking Wake|
|poke|p1|Great Tusk|
|poke|p1|Ninetales, M|
|poke|p2|Porygon2|
|poke|p2|Cinderace, F|
|poke|p2|Iron Hands|
|poke|p2|Dondozo, M|
|poke|p2|Dragapult, M|
|poke|p2|Necrozma|
|teampreview
|inactive|Battle timer is ON: inactive players will automatically lose when time's up. (requested by LordFueg)
|
|t:|1758332557
|teamsize|p1|6
|teamsize|p2|6
|start
|switch|p1a: Ninetales|Ninetales, M|100/100
|switch|p2a: Necrozma|Necrozma|100/100
|-weather|SunnyDay|[from] ability: Drought|[of] p1a: Ninetales
|turn|1
|
|t:|1758332566
|switch|p1a: Ting-Lu|Ting-Lu|100/100
|-ability|p1a: Ting-Lu|Vessel of Ruin
|move|p2a: Necrozma|Dragon Dance|p2a: Necrozma
|-boost|p2a: Necrozma|atk|1
|-boost|p2a: Necrozma|spe|1
|
|-weather|SunnyDay|[upkeep]
|upkeep
|turn|2
|
|t:|1758332572
|move|p2a: Necrozma|Brick Break|p1a: Ting-Lu
|-supereffective|p1a: Ting-Lu
|-damage|p1a: Ting-Lu|59/100
|move|p1a: Ting-Lu|Whirlwind|p2a: Necrozma
|drag|p2a: Iron Hands|Iron Hands|100/100
|
|-weather|SunnyDay|[upkeep]
|-heal|p1a: Ting-Lu|65/100|[from] item: Leftovers
|upkeep
|turn|3
|
|t:|1758332582
|switch|p1a: Great Tusk|Great Tusk|100/100
|-activate|p1a: Great Tusk|ability: Protosynthesis
|-start|p1a: Great Tusk|protosynthesisatk
|move|p2a: Iron Hands|Swords Dance|p2a: Iron Hands
|-boost|p2a: Iron Hands|atk|2
|
|-weather|SunnyDay|[upkeep]
|upkeep
|turn|4
|
|t:|1758332588
|-terastallize|p2a: Iron Hands|Grass
|move|p1a: Great Tusk|Headlong Rush|p2a: Iron Hands
|-resisted|p2a: Iron Hands
|-damage|p2a: Iron Hands|72/100
|-unboost|p1a: Great Tusk|def|1
|-unboost|p1a: Great Tusk|spd|1
|move|p2a: Iron Hands|Ice Punch|p1a: Great Tusk
|-supereffective|p1a: Great Tusk
|-damage|p1a: Great Tusk|0 fnt
|-damage|p2a: Iron Hands|55/100|[from] item: Rocky Helmet|[of] p1a: Great Tusk
|faint|p1a: Great Tusk
|-end|p1a: Great Tusk|Protosynthesis|[silent]
|
|-weather|SunnyDay|[upkeep]
|upkeep
|
|t:|1758332609
|switch|p1a: Ninetales|Ninetales, M|100/100
|turn|5
|
|t:|1758332612
|-end|p2a: Iron Hands|Quark Drive|[silent]
|switch|p2a: Porygon2|Porygon2, shiny|100/100
|move|p1a: Ninetales|Weather Ball|p2a: Porygon2
|-damage|p2a: Porygon2|73/100
|
|-weather|SunnyDay|[upkeep]
|upkeep
|turn|6
|
|t:|1758332617
|switch|p1a: Ting-Lu|Ting-Lu|65/100
|-ability|p1a: Ting-Lu|Vessel of Ruin
|move|p2a: Porygon2|Tri Attack|p1a: Ting-Lu
|-damage|p1a: Ting-Lu|45/100
|
|-weather|SunnyDay|[upkeep]
|-heal|p1a: Ting-Lu|51/100|[from] item: Leftovers
|upkeep
|turn|7
|
|t:|1758332628
|move|p1a: Ting-Lu|Ruination|p2a: Porygon2
|-damage|p2a: Porygon2|37/100
|move|p2a: Porygon2|Ice Beam|p1a: Ting-Lu
|-supereffective|p1a: Ting-Lu
|-damage|p1a: Ting-Lu|20/100
|
|-weather|SunnyDay|[upkeep]
|-heal|p1a: Ting-Lu|27/100|[from] item: Leftovers
|upkeep
|turn|8
|
|t:|1758332638
|move|p1a: Ting-Lu|Earthquake|p2a: Porygon2
|-damage|p2a: Porygon2|12/100
|move|p2a: Porygon2|Ice Beam|p1a: Ting-Lu
|-supereffective|p1a: Ting-Lu
|-damage|p1a: Ting-Lu|0 fnt
|faint|p1a: Ting-Lu
|
|-weather|none
|upkeep
|
|t:|1758332642
|switch|p1a: Ninetales|Ninetales, M|100/100
|-weather|SunnyDay|[from] ability: Drought|[of] p1a: Ninetales
|turn|9
|
|t:|1758332657
|switch|p2a: Dragapult|Dragapult, M|100/100
|move|p1a: Ninetales|Weather Ball|p2a: Dragapult
|-resisted|p2a: Dragapult
|-damage|p2a: Dragapult|70/100
|
|-weather|SunnyDay|[upkeep]
|upkeep
|turn|10
|
|t:|1758332668
|switch|p1a: Whimsicott|Whimsicott, F|100/100
|move|p2a: Dragapult|U-turn|p1a: Whimsicott
|-damage|p1a: Whimsicott|56/100
|
|t:|1758332674
|switch|p2a: Necrozma|Necrozma|100/100|[from] U-turn
|
|-weather|SunnyDay|[upkeep]
|upkeep
|turn|11
|
|t:|1758332682
|move|p1a: Whimsicott|Growth|p1a: Whimsicott
|-boost|p1a: Whimsicott|atk|2
|-boost|p1a: Whimsicott|spa|2
|move|p2a: Necrozma|Photon Geyser|p1a: Whimsicott
|-crit|p1a: Whimsicott
|-damage|p1a: Whimsicott|0 fnt
|faint|p1a: Whimsicott
|
|-weather|SunnyDay|[upkeep]
|upkeep
|
|t:|1758332693
|switch|p1a: Comfey|Comfey, M|100/100
|turn|12
|
|t:|1758332697
|move|p2a: Necrozma|Photon Geyser|p1a: Comfey
|-damage|p1a: Comfey|36/100
|move|p1a: Comfey|Growth|p1a: Comfey
|-boost|p1a: Comfey|atk|2
|-boost|p1a: Comfey|spa|2
|
|-weather|SunnyDay|[upkeep]
|upkeep
|turn|13
|
|t:|1758332704
|switch|p2a: Porygon2|Porygon2, shiny|12/100
|move|p1a: Comfey|Draining Kiss|p2a: Porygon2
|-damage|p2a: Porygon2|0 fnt
|-heal|p1a: Comfey|46/100|[from] drain|[of] p2a: Porygon2
|faint|p2a: Porygon2
|-damage|p1a: Comfey|36/100|[from] item: Life Orb
|
|-weather|SunnyDay|[upkeep]
|upkeep
|
|t:|1758332705
|switch|p2a: Cinderace|Cinderace, F|100/100
|turn|14
|
|t:|1758332724
|-terastallize|p1a: Comfey|Water
|move|p1a: Comfey|Draining Kiss|p2a: Cinderace
|-resisted|p2a: Cinderace
|-damage|p2a: Cinderace|63/100
|-heal|p1a: Comfey|64/100|[from] drain|[of] p2a: Cinderace
|-damage|p1a: Comfey|54/100|[from] item: Life Orb
|move|p2a: Cinderace|Pyro Ball|p1a: Comfey|[miss]
|-miss|p2a: Cinderace|p1a: Comfey
|
|-weather|SunnyDay|[upkeep]
|upkeep
|turn|15
|
|t:|1758332739
|move|p2a: Cinderace|Pyro Ball|p1a: Comfey|[miss]
|-miss|p2a: Cinderace|p1a: Comfey
|move|p1a: Comfey|Growth|p1a: Comfey
|-boost|p1a: Comfey|atk|2
|-boost|p1a: Comfey|spa|2
|
|-weather|SunnyDay|[upkeep]
|upkeep
|turn|16
|
|t:|1758332746
|move|p1a: Comfey|Draining Kiss|p2a: Cinderace
|-resisted|p2a: Cinderace
|-damage|p2a: Cinderace|6/100
|-heal|p1a: Comfey|97/100|[from] drain|[of] p2a: Cinderace
|-damage|p1a: Comfey|87/100|[from] item: Life Orb
|move|p2a: Cinderace|Sucker Punch||[still]
|-fail|p2a: Cinderace
|
|-weather|none
|upkeep
|turn|17
|
|t:|1758332754
|switch|p2a: Dondozo|Dondozo, M|100/100
|move|p1a: Comfey|Draining Kiss|p2a: Dondozo
|-damage|p2a: Dondozo|83/100
|-heal|p1a: Comfey|100/100|[from] drain|[of] p2a: Dondozo
|-damage|p1a: Comfey|91/100|[from] item: Life Orb
|
|-heal|p2a: Dondozo|90/100|[from] item: Leftovers
|upkeep
|turn|18
|
|t:|1758332759
|move|p1a: Comfey|Stored Power|p2a: Dondozo
|-damage|p2a: Dondozo|45/100
|-damage|p1a: Comfey|81/100|[from] item: Life Orb
|move|p2a: Dondozo|Curse|p2a: Dondozo
|-unboost|p2a: Dondozo|spe|1
|-boost|p2a: Dondozo|atk|1
|-boost|p2a: Dondozo|def|1
|
|-heal|p2a: Dondozo|51/100|[from] item: Leftovers
|upkeep
|turn|19
|
|t:|1758332765
|move|p1a: Comfey|Stored Power|p2a: Dondozo
|-damage|p2a: Dondozo|10/100
|-damage|p1a: Comfey|71/100|[from] item: Life Orb
|move|p2a: Dondozo|Rest|p2a: Dondozo
|-status|p2a: Dondozo|slp|[from] move: Rest
|-heal|p2a: Dondozo|100/100 slp|[silent]
|
|upkeep
|turn|20
|
|t:|1758332777
|move|p1a: Comfey|Growth|p1a: Comfey
|-boost|p1a: Comfey|atk|1
|-boost|p1a: Comfey|spa|1
|cant|p2a: Dondozo|slp
|move|p2a: Dondozo|Sleep Talk|p2a: Dondozo
|move|p2a: Dondozo|Curse|p2a: Dondozo|[from] move: Sleep Talk
|-unboost|p2a: Dondozo|spe|1
|-boost|p2a: Dondozo|atk|1
|-boost|p2a: Dondozo|def|1
|
|upkeep
|turn|21
|
|t:|1758332782
|move|p1a: Comfey|Stored Power|p2a: Dondozo
|-damage|p2a: Dondozo|53/100 slp
|-damage|p1a: Comfey|61/100|[from] item: Life Orb
|cant|p2a: Dondozo|slp
|move|p2a: Dondozo|Sleep Talk|p2a: Dondozo
|move|p2a: Dondozo|Rest||[from] move: Sleep Talk|[still]
|-fail|p2a: Dondozo
|
|-heal|p2a: Dondozo|59/100 slp|[from] item: Leftovers
|upkeep
|turn|22
|
|t:|1758332787
|move|p1a: Comfey|Stored Power|p2a: Dondozo
|-damage|p2a: Dondozo|10/100 slp
|-damage|p1a: Comfey|51/100|[from] item: Life Orb
|-curestatus|p2a: Dondozo|slp|[msg]
|move|p2a: Dondozo|Liquidation|p1a: Comfey
|-resisted|p1a: Comfey
|-damage|p1a: Comfey|15/100
|
|-heal|p2a: Dondozo|16/100|[from] item: Leftovers
|upkeep
|turn|23
|
|t:|1758332814
|switch|p2a: Cinderace|Cinderace, F|6/100
|move|p1a: Comfey|Synthesis|p1a: Comfey
|-heal|p1a: Comfey|64/100
|
|upkeep
|turn|24
|
|t:|1758332820
|move|p1a: Comfey|Draining Kiss|p2a: Cinderace
|-resisted|p2a: Cinderace
|-damage|p2a: Cinderace|0 fnt
|-heal|p1a: Comfey|68/100|[from] drain|[of] p2a: Cinderace
|faint|p2a: Cinderace
|-damage|p1a: Comfey|59/100|[from] item: Life Orb
|
|upkeep
|
|t:|1758332839
|switch|p2a: Dragapult|Dragapult, M|70/100
|turn|25
|
|t:|1758332842
|move|p1a: Comfey|Draining Kiss|p2a: Dragapult
|-supereffective|p2a: Dragapult
|-damage|p2a: Dragapult|0 fnt
|-heal|p1a: Comfey|100/100|[from] drain|[of] p2a: Dragapult
|faint|p2a: Dragapult
|-damage|p1a: Comfey|91/100|[from] item: Life Orb
|
|upkeep
|-message|Trumpismessiah forfeited.
|
|win|LordFueg
|raw|LordFueg's rating: 1521 &rarr; <strong>1541</strong><br />(+20 for winning)
|raw|Trumpismessiah's rating: 1516 &rarr; <strong>1496</strong><br />(-20 for losing)
|l|☆Trumpismessiah
|player|p2|
|l|☆LordFueg
|player|p1|
