|j|☆EpicGamer069420
|j|☆kaisadadi
|t:|1758286995
|gametype|singles
|player|p1|EpicGamer069420|hilbert|1649
|player|p2|kaisadadi|steven|1565
|gen|9
|tier|[Gen 9] OU
|rated|
|rule|HP Percentage Mod: HP is shown in percentages
|rule|Endless Battle Clause: Forcing endless battles is banned
|rule|Species Clause: Limit one of each Pokémon
|rule|OHKO Clause: OHKO moves are banned
|rule|Evasion Items Clause: Evasion items are banned
|rule|Evasion Moves Clause: Evasion moves are banned
|rule|Evasion Abilities Clause: Evasion abilities are banned
|rule|Sleep Moves Clause: Sleep-inducing moves are banned
|clearpoke
|poke|p1|Scizor, M|
|poke|p1|Raging Bolt|
|poke|p1|Deoxys-Speed|
|poke|p1|Clefable, F|
|poke|p1|Corviknight, F|
|poke|p1|Zamazenta-*|
|poke|p2|Tyranitar, F|
|poke|p2|Excadrill, F|
|poke|p2|Keldeo-Resolute|
|poke|p2|Tornadus-Therian, M|
|poke|p2|Heatran, F|
|poke|p2|Hydrapple, F|
|teampreview
|inactive|Battle timer is ON: inactive players will automatically lose when time's up. (requested by EpicGamer069420)
|
|t:|1758287014
|teamsize|p1|6
|teamsize|p2|6
|start
|switch|p1a: Clefable|Clefable, F|100/100
|switch|p2a: Tornadus|Tornadus-Therian, M|100/100
|turn|1
|
|t:|1758287020
|move|p2a: Tornadus|Taunt|p1a: Clefable
|-start|p1a: Clefable|move: Taunt
|move|p1a: Clefable|Knock Off|p2a: Tornadus
|-damage|p2a: Tornadus|86/100
|-enditem|p2a: Tornadus|Heavy-Duty Boots|[from] move: Knock Off|[of] p1a: Clefable
|
|upkeep
|turn|2
|
|t:|1758287026
|move|p2a: Tornadus|Bleakwind Storm|p1a: Clefable
|-damage|p1a: Clefable|64/100
|move|p1a: Clefable|Moonblast|p2a: Tornadus
|-damage|p2a: Tornadus|56/100
|
|-heal|p1a: Clefable|70/100|[from] item: Leftovers
|upkeep
|turn|3
|
|t:|1758287031
|switch|p1a: Corviknight|Corviknight, F|100/100
|-ability|p1a: Corviknight|Pressure
|move|p2a: Tornadus|U-turn|p1a: Corviknight
|-resisted|p1a: Corviknight
|-damage|p1a: Corviknight|97/100
|
|t:|1758287042
|switch|p2a: Keldeo|Keldeo-Resolute|100/100|[from] U-turn
|
|-heal|p1a: Corviknight|100/100|[from] item: Leftovers
|upkeep
|turn|4
|
|t:|1758287047
|move|p2a: Keldeo|Surf|p1a: Corviknight
|-damage|p1a: Corviknight|50/100
|move|p1a: Corviknight|Brave Bird|p2a: Keldeo
|-supereffective|p2a: Keldeo
|-damage|p2a: Keldeo|16/100
|-damage|p1a: Corviknight|27/100|[from] Recoil
|
|-heal|p1a: Corviknight|33/100|[from] item: Leftovers
|upkeep
|turn|5
|
|t:|1758287058
|switch|p2a: Tyranitar|Tyranitar, F|100/100
|-weather|Sandstorm|[from] ability: Sand Stream|[of] p2a: Tyranitar
|switch|p1a: Raging Bolt|Raging Bolt|100/100
|
|-weather|Sandstorm|[upkeep]
|-damage|p1a: Raging Bolt|94/100|[from] Sandstorm
|upkeep
|turn|6
|
|t:|1758287066
|-end|p1a: Raging Bolt|Protosynthesis|[silent]
|switch|p1a: Zamazenta|Zamazenta|100/100
|-ability|p1a: Zamazenta|Dauntless Shield|boost
|-boost|p1a: Zamazenta|def|1
|move|p2a: Tyranitar|Stone Edge|p1a: Zamazenta|[miss]
|-miss|p2a: Tyranitar|p1a: Zamazenta
|
|-weather|Sandstorm|[upkeep]
|-damage|p1a: Zamazenta|94/100|[from] Sandstorm
|upkeep
|turn|7
|
|t:|1758287073
|switch|p2a: Hydrapple|Hydrapple, F|100/100
|move|p1a: Zamazenta|Close Combat|p2a: Hydrapple
|-damage|p2a: Hydrapple|67/100
|-unboost|p1a: Zamazenta|def|1
|-unboost|p1a: Zamazenta|spd|1
|-damage|p1a: Zamazenta|78/100|[from] item: Rocky Helmet|[of] p2a: Hydrapple
|
|-weather|Sandstorm|[upkeep]
|-damage|p1a: Zamazenta|72/100|[from] Sandstorm
|-damage|p2a: Hydrapple|61/100|[from] Sandstorm
|upkeep
|turn|8
|
|t:|1758287085
|switch|p1a: Scizor|Scizor, M|100/100
|move|p2a: Hydrapple|Giga Drain|p1a: Scizor
|-resisted|p1a: Scizor
|-damage|p1a: Scizor|91/100
|-heal|p2a: Hydrapple|65/100|[from] drain|[of] p1a: Scizor
|
|-weather|Sandstorm|[upkeep]
|-damage|p2a: Hydrapple|58/100|[from] Sandstorm
|upkeep
|turn|9
|
|t:|1758287089
|switch|p2a: Tornadus|Tornadus-Therian, M|89/100
|move|p1a: Scizor|U-turn|p2a: Tornadus
|-resisted|p2a: Tornadus
|-damage|p2a: Tornadus|69/100
|
|t:|1758287113
|switch|p1a: Zamazenta|Zamazenta|72/100|[from] U-turn
|
|-weather|none
|upkeep
|turn|10
|
|t:|1758287120
|switch|p2a: Hydrapple|Hydrapple, F|92/100
|move|p1a: Zamazenta|Close Combat|p2a: Hydrapple
|-damage|p2a: Hydrapple|60/100
|-unboost|p1a: Zamazenta|def|1
|-unboost|p1a: Zamazenta|spd|1
|-damage|p1a: Zamazenta|55/100|[from] item: Rocky Helmet|[of] p2a: Hydrapple
|
|upkeep
|turn|11
|
|t:|1758287132
|switch|p1a: Clefable|Clefable, F|70/100
|move|p2a: Hydrapple|Giga Drain|p1a: Clefable
|-crit|p1a: Clefable
|-damage|p1a: Clefable|26/100
|-heal|p2a: Hydrapple|80/100|[from] drain|[of] p1a: Clefable
|
|-heal|p1a: Clefable|32/100|[from] item: Leftovers
|upkeep
|turn|12
|
|t:|1758287143
|switch|p2a: Heatran|Heatran, F|100/100
|move|p1a: Clefable|Moonlight|p1a: Clefable
|-heal|p1a: Clefable|82/100
|
|-heal|p1a: Clefable|89/100|[from] item: Leftovers
|upkeep
|turn|13
|
|t:|1758287153
|switch|p1a: Raging Bolt|Raging Bolt|94/100
|move|p2a: Heatran|Magma Storm|p1a: Raging Bolt|[miss]
|-miss|p2a: Heatran|p1a: Raging Bolt
|
|upkeep
|turn|14
|
|t:|1758287164
|-end|p1a: Raging Bolt|Protosynthesis|[silent]
|switch|p1a: Corviknight|Corviknight, F|33/100
|-ability|p1a: Corviknight|Pressure
|move|p2a: Heatran|Stealth Rock|p1a: Corviknight
|-sidestart|p1: EpicGamer069420|move: Stealth Rock
|
|-heal|p1a: Corviknight|39/100|[from] item: Leftovers
|upkeep
|turn|15
|
|t:|1758287171
|switch|p1a: Raging Bolt|Raging Bolt|94/100
|move|p2a: Heatran|Magma Storm|p1a: Raging Bolt
|-resisted|p1a: Raging Bolt
|-damage|p1a: Raging Bolt|77/100
|-activate|p1a: Raging Bolt|move: Magma Storm|[of] p2a: Heatran
|
|-damage|p1a: Raging Bolt|65/100|[from] move: Magma Storm|[partiallytrapped]
|upkeep
|turn|16
|
|t:|1758287178
|move|p2a: Heatran|Earth Power|p1a: Raging Bolt
|-supereffective|p1a: Raging Bolt
|-damage|p1a: Raging Bolt|21/100
|move|p1a: Raging Bolt|Draco Meteor|p2a: Heatran
|-resisted|p2a: Heatran
|-damage|p2a: Heatran|76/100
|-unboost|p1a: Raging Bolt|spa|2
|
|-heal|p2a: Heatran|82/100|[from] item: Leftovers
|-damage|p1a: Raging Bolt|8/100|[from] move: Magma Storm|[partiallytrapped]
|upkeep
|turn|17
|
|t:|1758287188
|move|p1a: Raging Bolt|Volt Switch|p2a: Heatran
|-damage|p2a: Heatran|68/100
|
|t:|1758287199
|-end|p1a: Raging Bolt|Protosynthesis|[silent]
|switch|p1a: Deoxys|Deoxys-Speed|100/100|[from] Volt Switch
|-ability|p1a: Deoxys|Pressure
|move|p2a: Heatran|Earth Power|p1a: Deoxys
|-damage|p1a: Deoxys|58/100
|
|-heal|p2a: Heatran|74/100|[from] item: Leftovers
|upkeep
|turn|18
|
|t:|1758287210
|switch|p2a: Tornadus|Tornadus-Therian, M|100/100
|move|p1a: Deoxys|Superpower|p2a: Tornadus
|-resisted|p2a: Tornadus
|-damage|p2a: Tornadus|87/100
|-unboost|p1a: Deoxys|atk|1
|-unboost|p1a: Deoxys|def|1
|
|upkeep
|turn|19
|
|t:|1758287216
|move|p1a: Deoxys|Psycho Boost|p2a: Tornadus
|-damage|p2a: Tornadus|24/100
|-unboost|p1a: Deoxys|spa|2
|move|p2a: Tornadus|U-turn|p1a: Deoxys
|-supereffective|p1a: Deoxys
|-damage|p1a: Deoxys|0 fnt
|faint|p1a: Deoxys
|
|t:|1758287226
|switch|p2a: Tyranitar|Tyranitar, F|100/100|[from] U-turn
|-weather|Sandstorm|[from] ability: Sand Stream|[of] p2a: Tyranitar
|
|-weather|Sandstorm|[upkeep]
|upkeep
|
|t:|1758287232
|switch|p1a: Corviknight|Corviknight, F|39/100
|-damage|p1a: Corviknight|27/100|[from] Stealth Rock
|-ability|p1a: Corviknight|Pressure
|turn|20
|
|t:|1758287236
|move|p2a: Tyranitar|Knock Off|p1a: Corviknight
|-damage|p1a: Corviknight|0 fnt
|-enditem|p1a: Corviknight|Leftovers|[from] move: Knock Off|[of] p2a: Tyranitar
|faint|p1a: Corviknight
|
|-weather|Sandstorm|[upkeep]
|upkeep
|
|t:|1758287241
|switch|p1a: Clefable|Clefable, F|89/100
|turn|21
|
|t:|1758287243
|move|p2a: Tyranitar|Knock Off|p1a: Clefable
|-resisted|p1a: Clefable
|-damage|p1a: Clefable|57/100
|-enditem|p1a: Clefable|Leftovers|[from] move: Knock Off|[of] p2a: Tyranitar
|move|p1a: Clefable|Stealth Rock|p2a: Tyranitar
|-sidestart|p2: kaisadadi|move: Stealth Rock
|
|-weather|Sandstorm|[upkeep]
|upkeep
|turn|22
|
|t:|1758287249
|switch|p2a: Excadrill|Excadrill, F|100/100
|-damage|p2a: Excadrill|97/100|[from] Stealth Rock
|-item|p2a: Excadrill|Air Balloon
|move|p1a: Clefable|Knock Off|p2a: Excadrill
|-damage|p2a: Excadrill|77/100
|-enditem|p2a: Excadrill|Air Balloon
|
|-weather|Sandstorm|[upkeep]
|upkeep
|turn|23
|
|t:|1758287256
|move|p2a: Excadrill|Rapid Spin|p1a: Clefable
|-damage|p1a: Clefable|43/100
|-boost|p2a: Excadrill|spe|1
|-sideend|p2: kaisadadi|Stealth Rock|[from] move: Rapid Spin|[of] p2a: Excadrill
|move|p1a: Clefable|Moonblast|p2a: Excadrill
|-resisted|p2a: Excadrill
|-damage|p2a: Excadrill|55/100
|-unboost|p2a: Excadrill|spa|1
|
|-weather|none
|upkeep
|turn|24
|
|t:|1758287268
|-terastallize|p1a: Clefable|Water
|move|p2a: Excadrill|Iron Head|p1a: Clefable
|-resisted|p1a: Clefable
|-damage|p1a: Clefable|26/100
|move|p1a: Clefable|Moonlight|p1a: Clefable
|-heal|p1a: Clefable|76/100
|
|upkeep
|turn|25
|
|t:|1758287275
|switch|p2a: Hydrapple|Hydrapple, F|100/100
|move|p1a: Clefable|Moonblast|p2a: Hydrapple
|-supereffective|p2a: Hydrapple
|-damage|p2a: Hydrapple|41/100
|
|upkeep
|turn|26
|
|t:|1758287281
|switch|p2a: Heatran|Heatran, F|74/100
|move|p1a: Clefable|Moonblast|p2a: Heatran
|-resisted|p2a: Heatran
|-damage|p2a: Heatran|69/100
|
|-heal|p2a: Heatran|76/100|[from] item: Leftovers
|upkeep
|turn|27
|
|t:|1758287284
|move|p2a: Heatran|Magma Storm|p1a: Clefable
|-resisted|p1a: Clefable
|-damage|p1a: Clefable|54/100
|-activate|p1a: Clefable|move: Magma Storm|[of] p2a: Heatran
|move|p1a: Clefable|Knock Off|p2a: Heatran
|-damage|p2a: Heatran|64/100
|-enditem|p2a: Heatran|Leftovers|[from] move: Knock Off|[of] p1a: Clefable
|
|upkeep
|turn|28
|
|t:|1758287292
|move|p2a: Heatran|Taunt|p1a: Clefable
|-start|p1a: Clefable|move: Taunt
|move|p1a: Clefable|Moonblast|p2a: Heatran
|-resisted|p2a: Heatran
|-damage|p2a: Heatran|59/100
|
|upkeep
|turn|29
|
|t:|1758287298
|move|p2a: Heatran|Earth Power|p1a: Clefable
|-damage|p1a: Clefable|28/100
|move|p1a: Clefable|Moonblast|p2a: Heatran
|-resisted|p2a: Heatran
|-damage|p2a: Heatran|54/100
|
|upkeep
|turn|30
|
|t:|1758287303
|move|p2a: Heatran|Earth Power|p1a: Clefable
|-damage|p1a: Clefable|5/100
|move|p1a: Clefable|Moonblast|p2a: Heatran
|-resisted|p2a: Heatran
|-damage|p2a: Heatran|50/100
|-unboost|p2a: Heatran|spa|1
|
|-end|p1a: Clefable|move: Taunt
|upkeep
|turn|31
|
|t:|1758287310
|move|p2a: Heatran|Earth Power|p1a: Clefable
|-damage|p1a: Clefable|0 fnt
|faint|p1a: Clefable
|
|upkeep
|
|t:|1758287326
|switch|p1a: Zamazenta|Zamazenta|55/100
|turn|32
|
|t:|1758287336
|switch|p1a: Scizor|Scizor, M|91/100
|switch|p2a: Hydrapple|Hydrapple, F|74/100
|
|upkeep
|turn|33
|
|t:|1758287341
|switch|p2a: Heatran|Heatran, F|50/100
|move|p1a: Scizor|Swords Dance|p1a: Scizor
|-boost|p1a: Scizor|atk|2
|
|upkeep
|turn|34
|
|t:|1758287354
|switch|p1a: Raging Bolt|Raging Bolt|8/100
|move|p2a: Heatran|Magma Storm|p1a: Raging Bolt|[miss]
|-miss|p2a: Heatran|p1a: Raging Bolt
|
|upkeep
|turn|35
|
|t:|1758287360
|move|p1a: Raging Bolt|Thunderbolt|p2a: Heatran
|-damage|p2a: Heatran|18/100
|move|p2a: Heatran|Magma Storm|p1a: Raging Bolt|[miss]
|-miss|p2a: Heatran|p1a: Raging Bolt
|
|upkeep
|turn|36
|
|t:|1758287364
|switch|p2a: Tyranitar|Tyranitar, F|100/100
|-weather|Sandstorm|[from] ability: Sand Stream|[of] p2a: Tyranitar
|move|p1a: Raging Bolt|Volt Switch|p2a: Tyranitar
|-damage|p2a: Tyranitar|73/100
|
|t:|1758287367
|-end|p1a: Raging Bolt|Protosynthesis|[silent]
|switch|p1a: Zamazenta|Zamazenta|55/100|[from] Volt Switch
|
|-weather|Sandstorm|[upkeep]
|-damage|p1a: Zamazenta|49/100|[from] Sandstorm
|upkeep
|turn|37
|
|t:|1758287374
|switch|p1a: Scizor|Scizor, M|91/100
|switch|p2a: Hydrapple|Hydrapple, F|100/100
|
|-weather|Sandstorm|[upkeep]
|-damage|p2a: Hydrapple|94/100|[from] Sandstorm
|upkeep
|turn|38
|
|t:|1758287382
|switch|p2a: Heatran|Heatran, F|18/100
|move|p1a: Scizor|Swords Dance|p1a: Scizor
|-boost|p1a: Scizor|atk|2
|
|-weather|Sandstorm|[upkeep]
|upkeep
|turn|39
|inactive|EpicGamer069420 has 120 seconds left.
|
|t:|1758287413
|move|p1a: Scizor|Knock Off|p2a: Heatran
|-damage|p2a: Heatran|0 fnt
|faint|p2a: Heatran
|
|-weather|Sandstorm|[upkeep]
|upkeep
|
|t:|1758287419
|switch|p2a: Tornadus|Tornadus-Therian, M|58/100
|turn|40
|
|t:|1758287426
|-terastallize|p2a: Tornadus|Steel
|move|p1a: Scizor|Bullet Punch|p2a: Tornadus
|-resisted|p2a: Tornadus
|-damage|p2a: Tornadus|20/100
|move|p2a: Tornadus|Heat Wave|p1a: Scizor
|-supereffective|p1a: Scizor
|-damage|p1a: Scizor|0 fnt
|faint|p1a: Scizor
|
|-weather|none
|upkeep
|inactive|EpicGamer069420 has 120 seconds left.
|
|t:|1758287451
|switch|p1a: Raging Bolt|Raging Bolt|8/100
|turn|41
|
|t:|1758287456
|switch|p2a: Tyranitar|Tyranitar, F|73/100
|-weather|Sandstorm|[from] ability: Sand Stream|[of] p2a: Tyranitar
|move|p1a: Raging Bolt|Volt Switch|p2a: Tyranitar
|-damage|p2a: Tyranitar|43/100
|
|t:|1758287458
|-end|p1a: Raging Bolt|Protosynthesis|[silent]
|switch|p1a: Zamazenta|Zamazenta|49/100|[from] Volt Switch
|
|-weather|Sandstorm|[upkeep]
|-damage|p1a: Zamazenta|43/100|[from] Sandstorm
|upkeep
|turn|42
|
|t:|1758287463
|switch|p1a: Raging Bolt|Raging Bolt|8/100
|move|p2a: Tyranitar|Stone Edge|p1a: Raging Bolt|[miss]
|-miss|p2a: Tyranitar|p1a: Raging Bolt
|
|-weather|Sandstorm|[upkeep]
|-damage|p1a: Raging Bolt|2/100|[from] Sandstorm
|upkeep
|turn|43
|-message|EpicGamer069420 forfeited.
|
|win|kaisadadi
|raw|EpicGamer069420's rating: 1649 &rarr; <strong>1624</strong><br />(-25 for losing)
|raw|kaisadadi's rating: 1565 &rarr; <strong>1590</strong><br />(+25 for winning)
|l|☆EpicGamer069420
|player|p1|
|l|☆kaisadadi
|player|p2|
