|j|☆ilikeplayingroblox
|j|☆serving up heat
|t:|1758305045
|gametype|singles
|player|p1|ilikeplayingroblox|allister|1770
|player|p2|serving up heat|waitress|1669
|gen|9
|tier|[Gen 9] OU
|rated|
|rule|HP Percentage Mod: HP is shown in percentages
|rule|Endless Battle Clause: Forcing endless battles is banned
|rule|Species Clause: Limit one of each Pokémon
|rule|OHKO Clause: OHKO moves are banned
|rule|Evasion Items Clause: Evasion items are banned
|rule|Evasion Moves Clause: Evasion moves are banned
|rule|Evasion Abilities Clause: Evasion abilities are banned
|rule|Sleep Moves Clause: Sleep-inducing moves are banned
|clearpoke
|poke|p1|Deoxys-Speed|
|poke|p1|Samurott-Hisui, M|
|poke|p1|Zamazenta-*|
|poke|p1|Moltres|
|poke|p1|Dragapult, M|
|poke|p1|Iron Treads|
|poke|p2|Iron Valiant|
|poke|p2|Kingambit, M|
|poke|p2|Pecharunt|
|poke|p2|Hydreigon, M|
|poke|p2|Landorus-Therian, M|
|poke|p2|Samurott-Hisui, F|
|teampreview
|
|t:|1758305056
|teamsize|p1|6
|teamsize|p2|6
|start
|switch|p1a: Samurott|Samurott-Hisui, M|100/100
|switch|p2a: i <3 edging|Samurott-Hisui, F|100/100
|turn|1
|
|t:|1758305064
|move|p2a: i <3 edging|Knock Off|p1a: Samurott
|-resisted|p1a: Samurott
|-damage|p1a: Samurott|76/100
|-enditem|p1a: Samurott|Assault Vest|[from] move: Knock Off|[of] p2a: i <3 edging
|move|p1a: Samurott|Knock Off|p2a: i <3 edging
|-resisted|p2a: i <3 edging
|-damage|p2a: i <3 edging|76/100
|-enditem|p2a: i <3 edging|Assault Vest|[from] move: Knock Off|[of] p1a: Samurott
|
|upkeep
|turn|2
|
|t:|1758305067
|move|p2a: i <3 edging|Ceaseless Edge|p1a: Samurott|[miss]
|-miss|p2a: i <3 edging|p1a: Samurott
|move|p1a: Samurott|Ceaseless Edge|p2a: i <3 edging
|-resisted|p2a: i <3 edging
|-damage|p2a: i <3 edging|55/100
|-sidestart|p2: serving up heat|Spikes
|
|upkeep
|turn|3
|
|t:|1758305070
|move|p2a: i <3 edging|Ceaseless Edge|p1a: Samurott|[miss]
|-miss|p2a: i <3 edging|p1a: Samurott
|move|p1a: Samurott|Ceaseless Edge|p2a: i <3 edging
|-resisted|p2a: i <3 edging
|-damage|p2a: i <3 edging|33/100
|-sidestart|p2: serving up heat|Spikes
|
|upkeep
|turn|4
|
|t:|1758305075
|move|p2a: i <3 edging|Ceaseless Edge|p1a: Samurott
|-resisted|p1a: Samurott
|-damage|p1a: Samurott|51/100
|-sidestart|p1: ilikeplayingroblox|Spikes
|move|p1a: Samurott|Ceaseless Edge|p2a: i <3 edging|[miss]
|-miss|p1a: Samurott|p2a: i <3 edging
|
|upkeep
|turn|5
|
|t:|1758305078
|move|p2a: i <3 edging|Ceaseless Edge|p1a: Samurott
|-resisted|p1a: Samurott
|-damage|p1a: Samurott|28/100
|-sidestart|p1: ilikeplayingroblox|Spikes
|move|p1a: Samurott|Ceaseless Edge|p2a: i <3 edging
|-resisted|p2a: i <3 edging
|-damage|p2a: i <3 edging|8/100
|-sidestart|p2: serving up heat|Spikes
|
|upkeep
|turn|6
|
|t:|1758305084
|move|p1a: Samurott|Aqua Jet|p2a: i <3 edging
|-resisted|p2a: i <3 edging
|-damage|p2a: i <3 edging|0 fnt
|faint|p2a: i <3 edging
|
|upkeep
|
|t:|1758305090
|switch|p2a: caravan|Landorus-Therian, M|100/100
|-ability|p2a: caravan|Intimidate|boost
|-unboost|p1a: Samurott|atk|1
|turn|7
|
|t:|1758305097
|move|p2a: caravan|Earthquake|p1a: Samurott
|-damage|p1a: Samurott|0 fnt
|faint|p1a: Samurott
|
|upkeep
|
|t:|1758305100
|switch|p1a: Moltres|Moltres|100/100
|turn|8
|
|t:|1758305103
|move|p2a: caravan|Stone Edge|p1a: Moltres
|-supereffective|p1a: Moltres
|-damage|p1a: Moltres|0 fnt
|faint|p1a: Moltres
|
|upkeep
|
|t:|1758305107
|switch|p1a: Iron Treads|Iron Treads|100/100
|-damage|p1a: Iron Treads|84/100|[from] Spikes
|turn|9
|
|t:|1758305112
|move|p1a: Iron Treads|Ice Spinner|p2a: caravan
|-supereffective|p2a: caravan
|-damage|p2a: caravan|28/100
|-damage|p1a: Iron Treads|67/100|[from] item: Rocky Helmet|[of] p2a: caravan
|move|p2a: caravan|Earthquake|p1a: Iron Treads
|-supereffective|p1a: Iron Treads
|-damage|p1a: Iron Treads|3/100
|
|upkeep
|turn|10
|
|t:|1758305122
|move|p1a: Iron Treads|Ice Spinner|p2a: caravan
|-supereffective|p2a: caravan
|-damage|p2a: caravan|0 fnt
|-damage|p1a: Iron Treads|0 fnt|[from] item: Rocky Helmet|[of] p2a: caravan
|faint|p2a: caravan
|faint|p1a: Iron Treads
|-end|p1a: Iron Treads|Quark Drive|[silent]
|
|upkeep
|
|t:|1758305136
|switch|p1a: Dragapult|Dragapult, M|100/100
|switch|p2a: iron theyden|Iron Valiant|100/100
|-damage|p1a: Dragapult|84/100|[from] Spikes
|-damage|p2a: iron theyden|76/100|[from] Spikes
|turn|11
|
|t:|1758305149
|-terastallize|p1a: Dragapult|Ghost
|move|p1a: Dragapult|Tera Blast|p2a: iron theyden|[anim] Tera Blast Ghost
|-damage|p2a: iron theyden|0 fnt
|faint|p2a: iron theyden
|-end|p2a: iron theyden|Quark Drive|[silent]
|
|upkeep
|
|t:|1758305155
|switch|p2a: death drop|Hydreigon, M|100/100
|turn|12
|
|t:|1758305170
|move|p1a: Dragapult|Tera Blast|p2a: death drop|[anim] Tera Blast Ghost
|-resisted|p2a: death drop
|-damage|p2a: death drop|60/100
|move|p2a: death drop|Substitute|p2a: death drop
|-start|p2a: death drop|Substitute
|-damage|p2a: death drop|35/100
|
|-heal|p2a: death drop|41/100|[from] item: Leftovers
|upkeep
|turn|13
|j| Ran Kob
|
|t:|1758305177
|move|p1a: Dragapult|Tera Blast|p2a: death drop|[anim] Tera Blast Ghost
|-resisted|p2a: death drop
|-damage|p2a: death drop|2/100
|move|p2a: death drop|Draco Meteor|p1a: Dragapult
|-damage|p1a: Dragapult|5/100
|-unboost|p2a: death drop|spa|2
|
|-heal|p2a: death drop|8/100|[from] item: Leftovers
|upkeep
|turn|14
|
|t:|1758305182
|move|p1a: Dragapult|Tera Blast|p2a: death drop|[anim] Tera Blast Ghost
|-resisted|p2a: death drop
|-damage|p2a: death drop|0 fnt
|faint|p2a: death drop
|
|upkeep
|
|t:|1758305185
|switch|p2a: kingoobit|Kingambit, M|100/100
|-damage|p2a: kingoobit|76/100|[from] Spikes
|-activate|p2a: kingoobit|ability: Supreme Overlord
|-start|p2a: kingoobit|fallen4|[silent]
|turn|15
|
|t:|1758305189
|move|p1a: Dragapult|Tera Blast|p2a: kingoobit|[anim] Tera Blast Ghost
|-resisted|p2a: kingoobit
|-damage|p2a: kingoobit|40/100
|move|p2a: kingoobit|Swords Dance|p2a: kingoobit
|-boost|p2a: kingoobit|atk|2
|
|-heal|p2a: kingoobit|46/100|[from] item: Leftovers
|upkeep
|turn|16
|
|t:|1758305198
|switch|p1a: Zamazenta|Zamazenta|100/100
|-damage|p1a: Zamazenta|84/100|[from] Spikes
|-ability|p1a: Zamazenta|Dauntless Shield|boost
|-boost|p1a: Zamazenta|def|1
|move|p2a: kingoobit|Sucker Punch||[still]
|-fail|p2a: kingoobit
|
|-heal|p1a: Zamazenta|90/100|[from] item: Leftovers
|-heal|p2a: kingoobit|52/100|[from] item: Leftovers
|upkeep
|turn|17
|
|t:|1758305210
|-terastallize|p2a: kingoobit|Ghost
|move|p1a: Zamazenta|Substitute|p1a: Zamazenta
|-start|p1a: Zamazenta|Substitute
|-damage|p1a: Zamazenta|65/100
|move|p2a: kingoobit|Low Kick|p1a: Zamazenta
|-end|p1a: Zamazenta|Substitute
|
|-heal|p1a: Zamazenta|71/100|[from] item: Leftovers
|-heal|p2a: kingoobit|58/100|[from] item: Leftovers
|upkeep
|turn|18
|
|t:|1758305217
|move|p1a: Zamazenta|Iron Defense|p1a: Zamazenta
|-boost|p1a: Zamazenta|def|2
|move|p2a: kingoobit|Iron Head|p1a: Zamazenta
|-crit|p1a: Zamazenta
|-damage|p1a: Zamazenta|0 fnt
|faint|p1a: Zamazenta
|
|-heal|p2a: kingoobit|64/100|[from] item: Leftovers
|upkeep
|
|t:|1758305248
|switch|p1a: Deoxys|Deoxys-Speed|100/100
|-damage|p1a: Deoxys|84/100|[from] Spikes
|-ability|p1a: Deoxys|Pressure
|turn|19
|
|t:|1758305273
|switch|p1a: Dragapult|Dragapult, M, tera:Ghost|5/100
|-damage|p1a: Dragapult|0 fnt|[from] Spikes
|faint|p1a: Dragapult
|move|p2a: kingoobit|Sucker Punch|p1: Dragapult|[notarget]
|-fail|p2a: kingoobit
|
|-heal|p2a: kingoobit|71/100|[from] item: Leftovers
|upkeep
|
|t:|1758305279
|switch|p1a: Deoxys|Deoxys-Speed|84/100
|-damage|p1a: Deoxys|68/100|[from] Spikes
|-ability|p1a: Deoxys|Pressure
|turn|20
|
|t:|1758305282
|move|p2a: kingoobit|Sucker Punch|p1a: Deoxys
|-supereffective|p1a: Deoxys
|-damage|p1a: Deoxys|0 fnt
|faint|p1a: Deoxys
|
|win|serving up heat
|raw|ilikeplayingroblox's rating: 1770 &rarr; <strong>1744</strong><br />(-26 for losing)
|raw|serving up heat's rating: 1669 &rarr; <strong>1695</strong><br />(+26 for winning)
|l|☆ilikeplayingroblox
|player|p1|
|l|☆serving up heat
|player|p2|
