|j|☆CaylieGetsAngy
|j|☆bigkuza1888
|t:|1758321763
|gametype|singles
|player|p1|CaylieGetsAngy|170|1658
|player|p2|bigkuza1888|cyclist-gen4|1693
|gen|9
|tier|[Gen 9] OU
|rated|
|rule|HP Percentage Mod: HP is shown in percentages
|rule|Endless Battle Clause: Forcing endless battles is banned
|rule|Species Clause: Limit one of each Pokémon
|rule|OHKO Clause: OHKO moves are banned
|rule|Evasion Items Clause: Evasion items are banned
|rule|Evasion Moves Clause: Evasion moves are banned
|rule|Evasion Abilities Clause: Evasion abilities are banned
|rule|Sleep Moves Clause: Sleep-inducing moves are banned
|clearpoke
|poke|p1|Alomomola, M|
|poke|p1|Lokix, M|
|poke|p1|Toxicroak, F|
|poke|p1|Gliscor, M|
|poke|p1|Slowking-Galar, M|
|poke|p1|Great Tusk|
|poke|p2|Weavile, F|
|poke|p2|Iron Treads|
|poke|p2|Keldeo|
|poke|p2|Hatterene, F|
|poke|p2|Ting-Lu|
|poke|p2|Dragonite, F|
|teampreview
|inactive|Battle timer is ON: inactive players will automatically lose when time's up. (requested by CaylieGetsAngy)
|
|t:|1758321775
|teamsize|p1|6
|teamsize|p2|6
|start
|switch|p1a: Lokix|Lokix, M|100/100
|switch|p2a: Weavile|Weavile, F|100/100
|-ability|p2a: Weavile|Pressure
|turn|1
|inactive|CaylieGetsAngy has 120 seconds left.
|
|t:|1758321829
|switch|p2a: Dragonite|Dragonite, F|100/100
|move|p1a: Lokix|Leech Life|p2a: Dragonite
|-resisted|p2a: Dragonite
|-damage|p2a: Dragonite|73/100
|
|upkeep
|turn|2
|
|t:|1758321836
|-terastallize|p1a: Lokix|Bug
|move|p1a: Lokix|Leech Life|p2a: Dragonite
|-resisted|p2a: Dragonite
|-damage|p2a: Dragonite|2/100
|move|p2a: Dragonite|Roost|p2a: Dragonite
|-heal|p2a: Dragonite|52/100
|-singleturn|p2a: Dragonite|move: Roost
|
|upkeep
|turn|3
|
|t:|1758321847
|move|p2a: Dragonite|Extreme Speed|p1a: Lokix
|-damage|p1a: Lokix|57/100
|move|p1a: Lokix|Leech Life|p2a: Dragonite
|-resisted|p2a: Dragonite
|-damage|p2a: Dragonite|0 fnt
|-heal|p1a: Lokix|92/100|[from] drain|[of] p2a: Dragonite
|faint|p2a: Dragonite
|
|upkeep
|
|t:|1758321850
|switch|p2a: Weavile|Weavile, F|100/100
|-ability|p2a: Weavile|Pressure
|turn|4
|
|t:|1758321856
|switch|p1a: Alomomola|Alomomola, M|100/100
|move|p2a: Weavile|Knock Off|p1a: Alomomola
|-damage|p1a: Alomomola|54/100
|-enditem|p1a: Alomomola|Lagging Tail|[from] move: Knock Off|[of] p2a: Weavile
|
|upkeep
|turn|5
|
|t:|1758321861
|switch|p2a: Ting-Lu|Ting-Lu|100/100
|-ability|p2a: Ting-Lu|Vessel of Ruin
|move|p1a: Alomomola|Flip Turn|p2a: Ting-Lu
|-supereffective|p2a: Ting-Lu
|-damage|p2a: Ting-Lu|86/100
|-damage|p1a: Alomomola|38/100|[from] item: Rocky Helmet|[of] p2a: Ting-Lu
|
|t:|1758321864
|switch|p1a: Lokix|Lokix, M, tera:Bug|92/100|[from] Flip Turn
|
|upkeep
|turn|6
|
|t:|1758321867
|-terastallize|p2a: Ting-Lu|Ghost
|move|p1a: Lokix|Leech Life|p2a: Ting-Lu
|-resisted|p2a: Ting-Lu
|-damage|p2a: Ting-Lu|55/100
|-heal|p1a: Lokix|100/100|[from] drain|[of] p2a: Ting-Lu
|-damage|p1a: Lokix|84/100|[from] item: Rocky Helmet|[of] p2a: Ting-Lu
|move|p2a: Ting-Lu|Stealth Rock|p1a: Lokix
|-sidestart|p1: CaylieGetsAngy|move: Stealth Rock
|
|upkeep
|turn|7
|
|t:|1758321871
|move|p1a: Lokix|Leech Life|p2a: Ting-Lu
|-resisted|p2a: Ting-Lu
|-damage|p2a: Ting-Lu|21/100
|-heal|p1a: Lokix|100/100|[from] drain|[of] p2a: Ting-Lu
|-damage|p1a: Lokix|84/100|[from] item: Rocky Helmet|[of] p2a: Ting-Lu
|move|p2a: Ting-Lu|Ruination|p1a: Lokix
|-damage|p1a: Lokix|42/100
|
|upkeep
|turn|8
|
|t:|1758321881
|switch|p2a: Iron Treads|Iron Treads|100/100
|move|p1a: Lokix|Leech Life|p2a: Iron Treads
|-resisted|p2a: Iron Treads
|-crit|p2a: Iron Treads
|-damage|p2a: Iron Treads|0 fnt
|-heal|p1a: Lokix|99/100|[from] drain|[of] p2a: Iron Treads
|faint|p2a: Iron Treads
|-end|p2a: Iron Treads|Quark Drive|[silent]
|
|upkeep
|
|t:|1758321883
|switch|p2a: Weavile|Weavile, F|100/100
|-ability|p2a: Weavile|Pressure
|turn|9
|
|t:|1758321886
|switch|p1a: Alomomola|Alomomola, M|71/100
|-damage|p1a: Alomomola|59/100|[from] Stealth Rock
|move|p2a: Weavile|Icicle Crash|p1a: Alomomola
|-resisted|p1a: Alomomola
|-crit|p1a: Alomomola
|-damage|p1a: Alomomola|31/100
|
|upkeep
|turn|10
|
|t:|1758321889
|move|p2a: Weavile|Icicle Crash|p1a: Alomomola
|-resisted|p1a: Alomomola
|-damage|p1a: Alomomola|11/100
|cant|p1a: Alomomola|flinch
|
|upkeep
|turn|11
|
|t:|1758321895
|switch|p1a: Toxicroak|Toxicroak, F|100/100
|-damage|p1a: Toxicroak|94/100|[from] Stealth Rock
|move|p2a: Weavile|Icicle Crash|p1a: Toxicroak
|-damage|p1a: Toxicroak|35/100
|
|upkeep
|turn|12
|
|t:|1758321904
|switch|p1a: Gliscor|Gliscor, M|100/100
|-damage|p1a: Gliscor|88/100|[from] Stealth Rock
|move|p2a: Weavile|Icicle Crash|p1a: Gliscor
|-supereffective|p1a: Gliscor
|-damage|p1a: Gliscor|0 fnt
|faint|p1a: Gliscor
|
|upkeep
|
|t:|1758321907
|switch|p1a: Alomomola|Alomomola, M|44/100
|-damage|p1a: Alomomola|32/100|[from] Stealth Rock
|turn|13
|
|t:|1758321910
|move|p2a: Weavile|Icicle Crash|p1a: Alomomola
|-resisted|p1a: Alomomola
|-damage|p1a: Alomomola|13/100
|cant|p1a: Alomomola|flinch
|
|upkeep
|turn|14
|c|☆CaylieGetsAngy|bro
|
|t:|1758321916
|switch|p1a: Slowking|Slowking-Galar, M|100/100
|-damage|p1a: Slowking|88/100|[from] Stealth Rock
|move|p2a: Weavile|Icicle Crash|p1a: Slowking
|-damage|p1a: Slowking|22/100
|
|upkeep
|turn|15
|
|t:|1758321919
|move|p2a: Weavile|Icicle Crash|p1a: Slowking
|-damage|p1a: Slowking|0 fnt
|faint|p1a: Slowking
|
|upkeep
|
|t:|1758321921
|switch|p1a: Alomomola|Alomomola, M|46/100
|-damage|p1a: Alomomola|34/100|[from] Stealth Rock
|turn|16
|
|t:|1758321923
|move|p2a: Weavile|Icicle Crash|p1a: Alomomola
|-resisted|p1a: Alomomola
|-damage|p1a: Alomomola|14/100
|move|p1a: Alomomola|Wish|p1a: Alomomola
|
|upkeep
|turn|17
|
|t:|1758321928
|move|p1a: Alomomola|Protect|p1a: Alomomola
|-singleturn|p1a: Alomomola|Protect
|move|p2a: Weavile|Icicle Crash|p1a: Alomomola
|-activate|p1a: Alomomola|move: Protect
|
|-heal|p1a: Alomomola|64/100|[from] move: Wish|[wisher] Alomomola
|upkeep
|turn|18
|
|t:|1758321932
|switch|p2a: Hatterene|Hatterene, F|100/100
|move|p1a: Alomomola|Wish|p1a: Alomomola
|
|upkeep
|turn|19
|
|t:|1758321936
|move|p1a: Alomomola|Flip Turn|p2a: Hatterene
|-damage|p2a: Hatterene|84/100
|j| Nikator98
|
|t:|1758321942
|switch|p1a: Lokix|Lokix, M, tera:Bug|99/100|[from] Flip Turn
|-damage|p1a: Lokix|74/100|[from] Stealth Rock
|move|p2a: Hatterene|Nuzzle|p1a: Lokix
|-damage|p1a: Lokix|68/100
|-status|p1a: Lokix|par
|
|-heal|p1a: Lokix|100/100 par|[from] move: Wish|[wisher] Alomomola
|upkeep
|turn|20
|l| Nikator98
|
|t:|1758321949
|move|p1a: Lokix|Leech Life|p2a: Hatterene
|-damage|p2a: Hatterene|0 fnt
|faint|p2a: Hatterene
|
|upkeep
|
|t:|1758321960
|switch|p2a: Weavile|Weavile, F|100/100
|-ability|p2a: Weavile|Pressure
|turn|21
|
|t:|1758321964
|switch|p1a: Alomomola|Alomomola, M|97/100
|-damage|p1a: Alomomola|85/100|[from] Stealth Rock
|move|p2a: Weavile|Icicle Crash|p1a: Alomomola
|-resisted|p1a: Alomomola
|-damage|p1a: Alomomola|67/100
|
|upkeep
|turn|22
|
|t:|1758321967
|move|p2a: Weavile|Icicle Crash|p1a: Alomomola
|-resisted|p1a: Alomomola
|-damage|p1a: Alomomola|47/100
|move|p1a: Alomomola|Wish|p1a: Alomomola
|
|upkeep
|turn|23
|
|t:|1758321981
|switch|p2a: Ting-Lu|Ting-Lu, tera:Ghost|21/100
|-ability|p2a: Ting-Lu|Vessel of Ruin
|move|p1a: Alomomola|Tickle|p2a: Ting-Lu
|-unboost|p2a: Ting-Lu|atk|1
|-unboost|p2a: Ting-Lu|def|1
|
|-heal|p1a: Alomomola|97/100|[from] move: Wish|[wisher] Alomomola
|upkeep
|turn|24
|
|t:|1758321986
|move|p2a: Ting-Lu|Ruination|p1a: Alomomola
|-damage|p1a: Alomomola|49/100
|move|p1a: Alomomola|Wish|p1a: Alomomola
|
|upkeep
|turn|25
|
|t:|1758321990
|move|p2a: Ting-Lu|Ruination|p1a: Alomomola
|-damage|p1a: Alomomola|25/100
|move|p1a: Alomomola|Flip Turn|p2a: Ting-Lu
|-damage|p2a: Ting-Lu|11/100
|-damage|p1a: Alomomola|8/100|[from] item: Rocky Helmet|[of] p2a: Ting-Lu
|
|t:|1758321996
|switch|p1a: Toxicroak|Toxicroak, F|35/100|[from] Flip Turn
|-damage|p1a: Toxicroak|28/100|[from] Stealth Rock
|
|-heal|p1a: Toxicroak|92/100|[from] move: Wish|[wisher] Alomomola
|upkeep
|turn|26
|
|t:|1758322000
|move|p1a: Toxicroak|Knock Off|p2a: Ting-Lu
|-supereffective|p2a: Ting-Lu
|-damage|p2a: Ting-Lu|0 fnt
|-damage|p1a: Toxicroak|76/100|[from] item: Rocky Helmet|[of] p2a: Ting-Lu
|-enditem|p2a: Ting-Lu|Rocky Helmet|[from] move: Knock Off|[of] p1a: Toxicroak
|faint|p2a: Ting-Lu
|
|upkeep
|
|t:|1758322003
|switch|p2a: Weavile|Weavile, F|100/100
|-ability|p2a: Weavile|Pressure
|turn|27
|
|t:|1758322007
|move|p2a: Weavile|Icicle Crash|p1a: Toxicroak
|-damage|p1a: Toxicroak|16/100
|move|p1a: Toxicroak|Drain Punch|p2a: Weavile
|-supereffective|p2a: Weavile
|-damage|p2a: Weavile|0 fnt
|-heal|p1a: Toxicroak|54/100|[from] drain|[of] p2a: Weavile
|faint|p2a: Weavile
|
|upkeep
|
|t:|1758322011
|switch|p2a: Keldeo|Keldeo|100/100
|turn|28
|
|t:|1758322014
|move|p2a: Keldeo|Aura Sphere|p1a: Toxicroak
|-resisted|p1a: Toxicroak
|-damage|p1a: Toxicroak|29/100
|move|p1a: Toxicroak|Gunk Shot|p2a: Keldeo
|-damage|p2a: Keldeo|50/100
|
|upkeep
|turn|29
|
|t:|1758322018
|move|p2a: Keldeo|Aura Sphere|p1a: Toxicroak
|-resisted|p1a: Toxicroak
|-damage|p1a: Toxicroak|1/100
|move|p1a: Toxicroak|Drain Punch|p2a: Keldeo
|-damage|p2a: Keldeo|17/100
|-heal|p1a: Toxicroak|16/100|[from] drain|[of] p2a: Keldeo
|
|upkeep
|turn|30
|
|t:|1758322022
|move|p2a: Keldeo|Aura Sphere|p1a: Toxicroak
|-resisted|p1a: Toxicroak
|-damage|p1a: Toxicroak|0 fnt
|faint|p1a: Toxicroak
|
|upkeep
|
|t:|1758322027
|switch|p1a: Great Tusk|Great Tusk|100/100
|turn|31
|
|t:|1758322029
|move|p2a: Keldeo|Surf|p1a: Great Tusk
|-supereffective|p1a: Great Tusk
|-damage|p1a: Great Tusk|0 fnt
|faint|p1a: Great Tusk
|-end|p1a: Great Tusk|Protosynthesis|[silent]
|
|upkeep
|
|t:|1758322033
|switch|p1a: Lokix|Lokix, M, tera:Bug|100/100 par
|-damage|p1a: Lokix|76/100 par|[from] Stealth Rock
|turn|32
|
|t:|1758322035
|move|p1a: Lokix|First Impression|p2a: Keldeo
|-resisted|p2a: Keldeo
|-crit|p2a: Keldeo
|-damage|p2a: Keldeo|0 fnt
|faint|p2a: Keldeo
|
|win|CaylieGetsAngy
|raw|CaylieGetsAngy's rating: 1640 &rarr; <strong>1663</strong><br />(+23 for winning)
|raw|bigkuza1888's rating: 1693 &rarr; <strong>1670</strong><br />(-23 for losing)
|l|☆bigkuza1888
|player|p2|
|l|☆CaylieGetsAngy
|player|p1|
