|j|☆biryanilover
|j|☆axunyu
|t:|1758376052
|gametype|singles
|player|p1|biryanilover|266|1321
|player|p2|axunyu|benga|1331
|gen|9
|tier|[Gen 9] OU
|rated|
|rule|HP Percentage Mod: HP is shown in percentages
|rule|Endless Battle Clause: Forcing endless battles is banned
|rule|Species Clause: Limit one of each Pokémon
|rule|OHKO Clause: OHKO moves are banned
|rule|Evasion Items Clause: Evasion items are banned
|rule|Evasion Moves Clause: Evasion moves are banned
|rule|Evasion Abilities Clause: Evasion abilities are banned
|rule|Sleep Moves Clause: Sleep-inducing moves are banned
|clearpoke
|poke|p1|Pincurchin, F|
|poke|p1|Iron Hands|
|poke|p1|Raichu-Alola, M|
|poke|p1|Rotom-Wash|
|poke|p1|Pawmot, M|
|poke|p1|Frosmoth, F|
|poke|p2|Dragonite, M|
|poke|p2|Hatterene, F|
|poke|p2|Great Tusk|
|poke|p2|Ceruledge, M|
|poke|p2|Ting-Lu|
|poke|p2|Kyurem|
|teampreview
|inactive|Battle timer is ON: inactive players will automatically lose when time's up. (requested by biryanilover)
|
|t:|1758376066
|teamsize|p1|6
|teamsize|p2|6
|start
|switch|p1a: Pincurchin|Pincurchin, F|100/100
|switch|p2a: Ting-Lu|Ting-Lu|100/100
|-ability|p2a: Ting-Lu|Vessel of Ruin
|-fieldstart|move: Electric Terrain|[from] ability: Electric Surge|[of] p1a: Pincurchin
|turn|1
|
|t:|1758376070
|switch|p1a: Iron Hands|Iron Hands|100/100
|-activate|p1a: Iron Hands|ability: Quark Drive
|-start|p1a: Iron Hands|quarkdriveatk
|move|p2a: Ting-Lu|Stealth Rock|p1a: Iron Hands
|-sidestart|p1: biryanilover|move: Stealth Rock
|
|upkeep
|turn|2
|
|t:|1758376074
|switch|p2a: Hatterene|Hatterene, F|100/100
|move|p1a: Iron Hands|Drain Punch|p2a: Hatterene
|-resisted|p2a: Hatterene
|-damage|p2a: Hatterene|87/100
|
|upkeep
|turn|3
|
|t:|1758376080
|move|p1a: Iron Hands|Supercell Slam|p2a: Hatterene
|-damage|p2a: Hatterene|0 fnt
|faint|p2a: Hatterene
|
|upkeep
|
|t:|1758376085
|switch|p2a: Great Tusk|Great Tusk|100/100
|turn|4
|
|t:|1758376100
|-terastallize|p1a: Iron Hands|Flying
|move|p2a: Great Tusk|Headlong Rush|p1a: Iron Hands
|-immune|p1a: Iron Hands
|move|p1a: Iron Hands|Ice Punch|p2a: Great Tusk
|-supereffective|p2a: Great Tusk
|-damage|p2a: Great Tusk|47/100
|-status|p2a: Great Tusk|frz
|
|upkeep
|turn|5
|
|t:|1758376106
|cant|p2a: Great Tusk|frz
|move|p1a: Iron Hands|Ice Punch|p2a: Great Tusk
|-supereffective|p2a: Great Tusk
|-damage|p2a: Great Tusk|0 fnt
|faint|p2a: Great Tusk
|-end|p2a: Great Tusk|Protosynthesis|[silent]
|
|upkeep
|
|t:|1758376109
|switch|p2a: Kyurem|Kyurem|100/100
|-ability|p2a: Kyurem|Pressure
|turn|6
|
|t:|1758376115
|-terastallize|p2a: Kyurem|Fire
|move|p2a: Kyurem|Dragon Dance|p2a: Kyurem
|-boost|p2a: Kyurem|atk|1
|-boost|p2a: Kyurem|spe|1
|move|p1a: Iron Hands|Drain Punch|p2a: Kyurem
|-damage|p2a: Kyurem|47/100
|
|upkeep
|turn|7
|
|t:|1758376123
|move|p2a: Kyurem|Icicle Spear|p1a: Iron Hands
|-supereffective|p1a: Iron Hands
|-damage|p1a: Iron Hands|75/100
|-supereffective|p1a: Iron Hands
|-damage|p1a: Iron Hands|47/100
|-supereffective|p1a: Iron Hands
|-damage|p1a: Iron Hands|20/100
|-supereffective|p1a: Iron Hands
|-damage|p1a: Iron Hands|0 fnt
|faint|p1a: Iron Hands
|-end|p1a: Iron Hands|Quark Drive|[silent]
|-hitcount|p1: Iron Hands|4
|
|upkeep
|
|t:|1758376126
|switch|p1a: Raichu|Raichu-Alola, M|100/100
|-damage|p1a: Raichu|88/100|[from] Stealth Rock
|turn|8
|
|t:|1758376137
|move|p1a: Raichu|Volt Switch|p2a: Kyurem
|-damage|p2a: Kyurem|0 fnt
|faint|p2a: Kyurem
|
|t:|1758376141
|switch|p1a: Rotom|Rotom-Wash|100/100|[from] Volt Switch
|-damage|p1a: Rotom|88/100|[from] Stealth Rock
|
|-fieldend|move: Electric Terrain
|upkeep
|
|t:|1758376144
|switch|p2a: Ceruledge|Ceruledge, M|100/100
|turn|9
|
|t:|1758376147
|move|p2a: Ceruledge|Swords Dance|p2a: Ceruledge
|-boost|p2a: Ceruledge|atk|2
|move|p1a: Rotom|Reflect|p1a: Rotom
|-sidestart|p1: biryanilover|Reflect
|
|upkeep
|turn|10
|
|t:|1758376151
|move|p2a: Ceruledge|Bitter Blade|p1a: Rotom
|-resisted|p1a: Rotom
|-damage|p1a: Rotom|71/100
|move|p1a: Rotom|Light Screen|p1a: Rotom
|-sidestart|p1: biryanilover|move: Light Screen
|
|upkeep
|turn|11
|
|t:|1758376155
|move|p2a: Ceruledge|Swords Dance|p2a: Ceruledge
|-boost|p2a: Ceruledge|atk|2
|move|p1a: Rotom|Hydro Pump|p2a: Ceruledge
|-supereffective|p2a: Ceruledge
|-damage|p2a: Ceruledge|2/100
|
|upkeep
|turn|12
|
|t:|1758376159
|move|p2a: Ceruledge|Shadow Sneak|p1a: Rotom
|-damage|p1a: Rotom|48/100
|move|p1a: Rotom|Volt Switch|p2a: Ceruledge
|-damage|p2a: Ceruledge|0 fnt
|faint|p2a: Ceruledge
|-message|axunyu forfeited.
|
|win|biryanilover
|raw|biryanilover's rating: 1321 &rarr; <strong>1342</strong><br />(+21 for winning)
|raw|axunyu's rating: 1331 &rarr; <strong>1310</strong><br />(-21 for losing)
|l|☆axunyu
|player|p2|
|l|☆biryanilover
|player|p1|
