|j|☆vvv1105
|j|☆jinu55
|t:|1758257995
|gametype|singles
|player|p1|vvv1105|266|1330
|player|p2|jinu55|byron|1282
|gen|9
|tier|[Gen 9] OU
|rated|
|rule|HP Percentage Mod: HP is shown in percentages
|rule|Endless Battle Clause: Forcing endless battles is banned
|rule|Species Clause: Limit one of each Pokémon
|rule|OHKO Clause: OHKO moves are banned
|rule|Evasion Items Clause: Evasion items are banned
|rule|Evasion Moves Clause: Evasion moves are banned
|rule|Evasion Abilities Clause: Evasion abilities are banned
|rule|Sleep Moves Clause: Sleep-inducing moves are banned
|clearpoke
|poke|p1|Landorus-Therian, M|
|poke|p1|Samurott-Hisui, F|
|poke|p1|Pecharunt|
|poke|p1|Scizor, M|
|poke|p1|Latios, M|
|poke|p1|Zamazenta-*|
|poke|p2|Hitmonlee, M|
|poke|p2|Azumarill, F|
|poke|p2|Blaziken, M|
|poke|p2|Meowscarada, F|
|poke|p2|Donphan, M|
|poke|p2|Dragonite, F|
|teampreview
|inactive|Battle timer is ON: inactive players will automatically lose when time's up. (requested by jinu55)
|
|t:|1758258014
|teamsize|p1|6
|teamsize|p2|6
|start
|switch|p1a: Samurott|Samurott-Hisui, F|100/100
|switch|p2a: Blaziken|Blaziken, M|100/100
|turn|1
|
|t:|1758258026
|move|p2a: Blaziken|Swords Dance|p2a: Blaziken
|-boost|p2a: Blaziken|atk|2
|move|p1a: Samurott|Ceaseless Edge|p2a: Blaziken
|-resisted|p2a: Blaziken
|-damage|p2a: Blaziken|65/100
|-sidestart|p2: jinu55|Spikes
|
|-ability|p2a: Blaziken|Speed Boost|boost
|-boost|p2a: Blaziken|spe|1
|upkeep
|turn|2
|
|t:|1758258036
|move|p1a: Samurott|Aqua Jet|p2a: Blaziken
|-supereffective|p2a: Blaziken
|-damage|p2a: Blaziken|0 fnt
|faint|p2a: Blaziken
|
|upkeep
|
|t:|1758258043
|switch|p2a: Azumarill|Azumarill, F|100/100
|-damage|p2a: Azumarill|88/100|[from] Spikes
|turn|3
|
|t:|1758258057
|move|p1a: Samurott|Knock Off|p2a: Azumarill
|-resisted|p2a: Azumarill
|-damage|p2a: Azumarill|62/100
|-enditem|p2a: Azumarill|Sitrus Berry|[from] move: Knock Off|[of] p1a: Samurott
|move|p2a: Azumarill|Belly Drum|p2a: Azumarill
|-damage|p2a: Azumarill|12/100
|-setboost|p2a: Azumarill|atk|6|[from] move: Belly Drum
|
|upkeep
|turn|4
|
|t:|1758258068
|move|p2a: Azumarill|Aqua Jet|p1a: Samurott
|-resisted|p1a: Samurott
|-damage|p1a: Samurott|44/100
|move|p1a: Samurott|Ceaseless Edge|p2a: Azumarill
|-resisted|p2a: Azumarill
|-damage|p2a: Azumarill|0 fnt
|-sidestart|p2: jinu55|Spikes
|faint|p2a: Azumarill
|
|upkeep
|
|t:|1758258075
|switch|p2a: Donphan|Donphan, M|100/100
|turn|5
|
|t:|1758258085
|move|p1a: Samurott|Ceaseless Edge|p2a: Donphan
|-damage|p2a: Donphan|67/100
|-sidestart|p2: jinu55|Spikes
|move|p2a: Donphan|Earthquake|p1a: Samurott
|-damage|p1a: Samurott|0 fnt
|faint|p1a: Samurott
|
|upkeep
|
|t:|1758258101
|switch|p1a: Zamazenta|Zamazenta|100/100
|-ability|p1a: Zamazenta|Dauntless Shield|boost
|-boost|p1a: Zamazenta|def|1
|turn|6
|
|t:|1758258106
|move|p1a: Zamazenta|Iron Defense|p1a: Zamazenta
|-boost|p1a: Zamazenta|def|2
|move|p2a: Donphan|Rapid Spin|p1a: Zamazenta
|-crit|p1a: Zamazenta
|-damage|p1a: Zamazenta|80/100
|-boost|p2a: Donphan|spe|1
|-sideend|p2: jinu55|Spikes|[from] move: Rapid Spin|[of] p2a: Donphan
|
|-heal|p1a: Zamazenta|86/100|[from] item: Leftovers
|upkeep
|turn|7
|
|t:|1758258114
|move|p1a: Zamazenta|Iron Defense|p1a: Zamazenta
|-boost|p1a: Zamazenta|def|2
|move|p2a: Donphan|Earthquake|p1a: Zamazenta
|-damage|p1a: Zamazenta|74/100
|
|-heal|p1a: Zamazenta|80/100|[from] item: Leftovers
|upkeep
|turn|8
|
|t:|1758258123
|move|p1a: Zamazenta|Iron Defense|p1a: Zamazenta
|-boost|p1a: Zamazenta|def|1
|move|p2a: Donphan|Earthquake|p1a: Zamazenta
|-damage|p1a: Zamazenta|70/100
|
|-heal|p1a: Zamazenta|76/100|[from] item: Leftovers
|upkeep
|turn|9
|
|t:|1758258131
|move|p1a: Zamazenta|Body Press|p2a: Donphan
|-damage|p2a: Donphan|0 fnt
|faint|p2a: Donphan
|
|-heal|p1a: Zamazenta|82/100|[from] item: Leftovers
|upkeep
|
|t:|1758258135
|switch|p2a: Meowscarada|Meowscarada, F|100/100
|turn|10
|
|t:|1758258144
|move|p1a: Zamazenta|Body Press|p2a: Meowscarada
|-supereffective|p2a: Meowscarada
|-damage|p2a: Meowscarada|0 fnt
|faint|p2a: Meowscarada
|
|-heal|p1a: Zamazenta|88/100|[from] item: Leftovers
|upkeep
|
|t:|1758258147
|switch|p2a: Hitmonlee|Hitmonlee, M|100/100
|turn|11
|
|t:|1758258152
|move|p1a: Zamazenta|Body Press|p2a: Hitmonlee
|-damage|p2a: Hitmonlee|0 fnt
|faint|p2a: Hitmonlee
|
|-heal|p1a: Zamazenta|94/100|[from] item: Leftovers
|upkeep
|
|t:|1758258159
|switch|p2a: Dragonite|Dragonite, F|100/100
|turn|12
|
|t:|1758258162
|move|p2a: Dragonite|Extreme Speed|p1a: Zamazenta
|-damage|p1a: Zamazenta|89/100
|move|p1a: Zamazenta|Body Press|p2a: Dragonite
|-resisted|p2a: Dragonite
|-damage|p2a: Dragonite|59/100
|
|-heal|p1a: Zamazenta|95/100|[from] item: Leftovers
|upkeep
|turn|13
|
|t:|1758258170
|move|p2a: Dragonite|Extreme Speed|p1a: Zamazenta
|-damage|p1a: Zamazenta|89/100
|move|p1a: Zamazenta|Body Press|p2a: Dragonite
|-resisted|p2a: Dragonite
|-damage|p2a: Dragonite|0 fnt
|faint|p2a: Dragonite
|
|win|vvv1105
|raw|vvv1105's rating: 1330 &rarr; <strong>1347</strong><br />(+17 for winning)
|raw|jinu55's rating: 1282 &rarr; <strong>1260</strong><br />(-22 for losing)
|l|☆jinu55
|player|p2|
|l|☆vvv1105
|player|p1|
