|j|☆treossts
|j|☆Pwaite
|t:|1758285827
|gametype|singles
|player|p1|treossts|102|1501
|player|p2|Pwaite|101|1516
|gen|9
|tier|[Gen 9] OU
|rated|
|rule|HP Percentage Mod: HP is shown in percentages
|rule|Endless Battle Clause: Forcing endless battles is banned
|rule|Species Clause: Limit one of each Pokémon
|rule|OHKO Clause: OHKO moves are banned
|rule|Evasion Items Clause: Evasion items are banned
|rule|Evasion Moves Clause: Evasion moves are banned
|rule|Evasion Abilities Clause: Evasion abilities are banned
|rule|Sleep Moves Clause: Sleep-inducing moves are banned
|clearpoke
|poke|p1|Ninetales-Alola, M|
|poke|p1|Frosmoth, M|
|poke|p1|Avalugg, F|
|poke|p1|Ceruledge, F|
|poke|p1|Lokix, F|
|poke|p1|Abomasnow, M|
|poke|p2|Pelipper, F|
|poke|p2|Hatterene, F|
|poke|p2|Iron Treads|
|poke|p2|Toxicroak, F|
|poke|p2|Barraskewda, F|
|poke|p2|Zapdos|
|teampreview
|
|t:|1758285843
|teamsize|p1|6
|teamsize|p2|6
|start
|switch|p1a: Abomasnow|Abomasnow, M|100/100
|switch|p2a: Pelipper|Pelipper, F|100/100
|-weather|Snowscape|[from] ability: Snow Warning|[of] p1a: Abomasnow
|-weather|RainDance|[from] ability: Drizzle|[of] p2a: Pelipper
|turn|1
|
|t:|1758285866
|switch|p1a: Ninetales|Ninetales-Alola, M|100/100
|-weather|Snowscape|[from] ability: Snow Warning|[of] p1a: Ninetales
|move|p2a: Pelipper|Hurricane|p1a: Ninetales|[miss]
|-miss|p2a: Pelipper|p1a: Ninetales
|
|-weather|Snowscape|[upkeep]
|upkeep
|turn|2
|
|t:|1758285882
|switch|p2a: Hatterene|Hatterene, F|100/100
|move|p1a: Ninetales|Freeze-Dry|p2a: Hatterene
|-damage|p2a: Hatterene|73/100
|-enditem|p2a: Hatterene|Eject Button
|
|t:|1758285887
|switch|p2a: Iron Treads|Iron Treads|100/100
|
|-weather|Snowscape|[upkeep]
|upkeep
|turn|3
|
|t:|1758285899
|switch|p1a: Avalugg|Avalugg, F|100/100
|move|p2a: Iron Treads|Stealth Rock|p1a: Avalugg
|-sidestart|p1: treossts|move: Stealth Rock
|
|-weather|Snowscape|[upkeep]
|upkeep
|turn|4
|
|t:|1758285913
|move|p2a: Iron Treads|Volt Switch|p1a: Avalugg
|-damage|p1a: Avalugg|83/100
|
|t:|1758285919
|-end|p2a: Iron Treads|Quark Drive|[silent]
|switch|p2a: Pelipper|Pelipper, F|100/100|[from] Volt Switch
|-weather|RainDance|[from] ability: Drizzle|[of] p2a: Pelipper
|move|p1a: Avalugg|Rapid Spin|p2a: Pelipper
|-damage|p2a: Pelipper|86/100
|-boost|p1a: Avalugg|spe|1
|-sideend|p1: treossts|Stealth Rock|[from] move: Rapid Spin|[of] p1a: Avalugg
|
|-weather|RainDance|[upkeep]
|-heal|p1a: Avalugg|89/100|[from] item: Leftovers
|upkeep
|turn|5
|
|t:|1758285934
|switch|p1a: Frosmoth|Frosmoth, M|100/100
|switch|p2a: Barraskewda|Barraskewda, F|100/100
|
|-weather|RainDance|[upkeep]
|upkeep
|turn|6
|
|t:|1758285943
|switch|p1a: Abomasnow|Abomasnow, M|100/100
|-weather|Snowscape|[from] ability: Snow Warning|[of] p1a: Abomasnow
|move|p2a: Barraskewda|Flip Turn|p1a: Abomasnow
|-resisted|p1a: Abomasnow
|-damage|p1a: Abomasnow|89/100
|
|t:|1758285951
|switch|p2a: Zapdos|Zapdos|100/100|[from] Flip Turn
|
|-weather|Snowscape|[upkeep]
|upkeep
|turn|7
|
|t:|1758285959
|switch|p1a: Ceruledge|Ceruledge, F|100/100
|move|p2a: Zapdos|Volt Switch|p1a: Ceruledge
|-damage|p1a: Ceruledge|50/100
|
|t:|1758285965
|switch|p2a: Barraskewda|Barraskewda, F|100/100|[from] Volt Switch
|
|-weather|Snowscape|[upkeep]
|upkeep
|turn|8
|inactive|Battle timer is ON: inactive players will automatically lose when time's up. (requested by Pwaite)
|
|t:|1758285971
|switch|p1a: Avalugg|Avalugg, F|89/100
|move|p2a: Barraskewda|Flip Turn|p1a: Avalugg
|-damage|p1a: Avalugg|76/100
|
|t:|1758285991
|switch|p2a: Zapdos|Zapdos|100/100|[from] Flip Turn
|
|-weather|Snowscape|[upkeep]
|-heal|p1a: Avalugg|82/100|[from] ability: Ice Body
|-heal|p1a: Avalugg|88/100|[from] item: Leftovers
|upkeep
|turn|9
|
|t:|1758286001
|switch|p1a: Frosmoth|Frosmoth, M|100/100
|move|p2a: Zapdos|Volt Switch|p1a: Frosmoth
|-damage|p1a: Frosmoth|87/100
|
|t:|1758286015
|switch|p2a: Iron Treads|Iron Treads|100/100|[from] Volt Switch
|
|-weather|Snowscape|[upkeep]
|upkeep
|turn|10
|
|t:|1758286022
|switch|p1a: Avalugg|Avalugg, F|88/100
|move|p2a: Iron Treads|Stealth Rock|p1a: Avalugg
|-sidestart|p1: treossts|move: Stealth Rock
|
|-weather|Snowscape|[upkeep]
|-heal|p1a: Avalugg|94/100|[from] ability: Ice Body
|-heal|p1a: Avalugg|99/100|[from] item: Leftovers
|upkeep
|turn|11
|
|t:|1758286032
|move|p2a: Iron Treads|Volt Switch|p1a: Avalugg
|-damage|p1a: Avalugg|81/100
|
|t:|1758286038
|-end|p2a: Iron Treads|Quark Drive|[silent]
|switch|p2a: Pelipper|Pelipper, F|86/100|[from] Volt Switch
|-weather|RainDance|[from] ability: Drizzle|[of] p2a: Pelipper
|move|p1a: Avalugg|Rapid Spin|p2a: Pelipper
|-damage|p2a: Pelipper|72/100
|-boost|p1a: Avalugg|spe|1
|-sideend|p1: treossts|Stealth Rock|[from] move: Rapid Spin|[of] p1a: Avalugg
|
|-weather|RainDance|[upkeep]
|-heal|p1a: Avalugg|88/100|[from] item: Leftovers
|upkeep
|turn|12
|
|t:|1758286049
|switch|p1a: Ninetales|Ninetales-Alola, M|100/100
|-weather|Snowscape|[from] ability: Snow Warning|[of] p1a: Ninetales
|move|p2a: Pelipper|U-turn|p1a: Ninetales
|-resisted|p1a: Ninetales
|-damage|p1a: Ninetales|96/100
|
|t:|1758286070
|switch|p2a: Barraskewda|Barraskewda, F|100/100|[from] U-turn
|
|-weather|Snowscape|[upkeep]
|upkeep
|turn|13
|
|t:|1758286079
|move|p1a: Ninetales|Freeze-Dry|p2a: Barraskewda
|-supereffective|p2a: Barraskewda
|-damage|p2a: Barraskewda|0 fnt
|faint|p2a: Barraskewda
|
|-weather|Snowscape|[upkeep]
|upkeep
|
|t:|1758286103
|switch|p2a: Toxicroak|Toxicroak, F|100/100
|turn|14
|
|t:|1758286108
|switch|p1a: Ceruledge|Ceruledge, F|50/100
|move|p2a: Toxicroak|Knock Off|p1a: Ceruledge
|-supereffective|p1a: Ceruledge
|-damage|p1a: Ceruledge|0 fnt
|-enditem|p1a: Ceruledge|Heavy-Duty Boots|[from] move: Knock Off|[of] p2a: Toxicroak
|faint|p1a: Ceruledge
|
|-weather|Snowscape|[upkeep]
|upkeep
|
|t:|1758286120
|switch|p1a: Abomasnow|Abomasnow, M|89/100
|turn|15
|
|t:|1758286127
|move|p2a: Toxicroak|Drain Punch|p1a: Abomasnow
|-supereffective|p1a: Abomasnow
|-damage|p1a: Abomasnow|61/100
|move|p1a: Abomasnow|Leech Seed|p2a: Toxicroak
|-start|p2a: Toxicroak|move: Leech Seed
|
|-weather|Snowscape|[upkeep]
|-damage|p2a: Toxicroak|88/100|[from] Leech Seed|[of] p1a: Abomasnow
|-heal|p1a: Abomasnow|73/100|[silent]
|upkeep
|turn|16
|
|t:|1758286137
|move|p2a: Toxicroak|Toxic|p1a: Abomasnow
|-status|p1a: Abomasnow|tox
|move|p1a: Abomasnow|Aurora Veil|p1a: Abomasnow
|-sidestart|p1: treossts|move: Aurora Veil
|
|-weather|none
|-damage|p2a: Toxicroak|76/100|[from] Leech Seed|[of] p1a: Abomasnow
|-heal|p1a: Abomasnow|85/100 tox|[silent]
|-damage|p1a: Abomasnow|78/100 tox|[from] psn
|upkeep
|turn|17
|
|t:|1758286146
|switch|p2a: Iron Treads|Iron Treads|100/100
|switch|p1a: Ninetales|Ninetales-Alola, M|96/100
|-weather|Snowscape|[from] ability: Snow Warning|[of] p1a: Ninetales
|
|-weather|Snowscape|[upkeep]
|upkeep
|turn|18
|
|t:|1758286154
|switch|p1a: Avalugg|Avalugg, F|88/100
|move|p2a: Iron Treads|Stealth Rock|p1a: Avalugg
|-sidestart|p1: treossts|move: Stealth Rock
|
|-weather|Snowscape|[upkeep]
|-heal|p1a: Avalugg|94/100|[from] ability: Ice Body
|-heal|p1a: Avalugg|99/100|[from] item: Leftovers
|upkeep
|turn|19
|
|t:|1758286163
|move|p2a: Iron Treads|Volt Switch|p1a: Avalugg
|-damage|p1a: Avalugg|91/100
|
|t:|1758286170
|-end|p2a: Iron Treads|Quark Drive|[silent]
|switch|p2a: Pelipper|Pelipper, F|72/100|[from] Volt Switch
|-weather|RainDance|[from] ability: Drizzle|[of] p2a: Pelipper
|move|p1a: Avalugg|Rapid Spin|p2a: Pelipper
|-damage|p2a: Pelipper|60/100
|-boost|p1a: Avalugg|spe|1
|-sideend|p1: treossts|Stealth Rock|[from] move: Rapid Spin|[of] p1a: Avalugg
|
|-weather|RainDance|[upkeep]
|-heal|p1a: Avalugg|97/100|[from] item: Leftovers
|upkeep
|turn|20
|
|t:|1758286185
|switch|p1a: Ninetales|Ninetales-Alola, M|96/100
|-weather|Snowscape|[from] ability: Snow Warning|[of] p1a: Ninetales
|move|p2a: Pelipper|Roost|p2a: Pelipper
|-heal|p2a: Pelipper|100/100
|-singleturn|p2a: Pelipper|move: Roost
|
|-weather|Snowscape|[upkeep]
|-sideend|p1: treossts|move: Aurora Veil
|upkeep
|turn|21
|
|t:|1758286197
|switch|p2a: Iron Treads|Iron Treads|100/100
|move|p1a: Ninetales|Freeze-Dry|p2a: Iron Treads
|-damage|p2a: Iron Treads|80/100
|
|-weather|Snowscape|[upkeep]
|-heal|p2a: Iron Treads|86/100|[from] item: Leftovers
|upkeep
|turn|22
|
|t:|1758286206
|switch|p1a: Avalugg|Avalugg, F|97/100
|move|p2a: Iron Treads|Volt Switch|p1a: Avalugg
|-damage|p1a: Avalugg|80/100
|
|t:|1758286212
|-end|p2a: Iron Treads|Quark Drive|[silent]
|switch|p2a: Toxicroak|Toxicroak, F|76/100|[from] Volt Switch
|
|-weather|Snowscape|[upkeep]
|-heal|p1a: Avalugg|86/100|[from] ability: Ice Body
|-heal|p1a: Avalugg|92/100|[from] item: Leftovers
|upkeep
|turn|23
|
|t:|1758286235
|switch|p1a: Ninetales|Ninetales-Alola, M|96/100
|move|p2a: Toxicroak|Toxic|p1a: Ninetales
|-status|p1a: Ninetales|tox
|
|-weather|Snowscape|[upkeep]
|-damage|p1a: Ninetales|90/100 tox|[from] psn
|upkeep
|turn|24
|
|t:|1758286246
|switch|p2a: Iron Treads|Iron Treads|86/100
|move|p1a: Ninetales|Freeze-Dry|p2a: Iron Treads
|-damage|p2a: Iron Treads|66/100
|
|-weather|none
|-heal|p2a: Iron Treads|72/100|[from] item: Leftovers
|-damage|p1a: Ninetales|79/100 tox|[from] psn
|upkeep
|turn|25
|
|t:|1758286257
|switch|p1a: Avalugg|Avalugg, F|92/100
|move|p2a: Iron Treads|Stealth Rock|p1a: Avalugg
|-sidestart|p1: treossts|move: Stealth Rock
|
|-heal|p2a: Iron Treads|78/100|[from] item: Leftovers
|-heal|p1a: Avalugg|98/100|[from] item: Leftovers
|upkeep
|turn|26
|
|t:|1758286265
|move|p2a: Iron Treads|Earthquake|p1a: Avalugg
|-crit|p1a: Avalugg
|-damage|p1a: Avalugg|74/100
|move|p1a: Avalugg|Rapid Spin|p2a: Iron Treads
|-resisted|p2a: Iron Treads
|-damage|p2a: Iron Treads|73/100
|-boost|p1a: Avalugg|spe|1
|-sideend|p1: treossts|Stealth Rock|[from] move: Rapid Spin|[of] p1a: Avalugg
|
|-heal|p2a: Iron Treads|79/100|[from] item: Leftovers
|-heal|p1a: Avalugg|80/100|[from] item: Leftovers
|upkeep
|turn|27
|
|t:|1758286276
|move|p2a: Iron Treads|Volt Switch|p1a: Avalugg
|-damage|p1a: Avalugg|62/100
|
|t:|1758286279
|-end|p2a: Iron Treads|Quark Drive|[silent]
|switch|p2a: Toxicroak|Toxicroak, F|76/100|[from] Volt Switch
|move|p1a: Avalugg|Body Press|p2a: Toxicroak
|-resisted|p2a: Toxicroak
|-damage|p2a: Toxicroak|58/100
|-damage|p1a: Avalugg|45/100|[from] item: Rocky Helmet|[of] p2a: Toxicroak
|
|-heal|p1a: Avalugg|51/100|[from] item: Leftovers
|upkeep
|turn|28
|
|t:|1758286290
|switch|p1a: Abomasnow|Abomasnow, M|78/100 tox
|-weather|Snowscape|[from] ability: Snow Warning|[of] p1a: Abomasnow
|move|p2a: Toxicroak|Toxic|p1a: Abomasnow
|-fail|p1a: Abomasnow|tox
|
|-weather|Snowscape|[upkeep]
|-damage|p1a: Abomasnow|72/100 tox|[from] psn
|upkeep
|turn|29
|
|t:|1758286302
|switch|p2a: Pelipper|Pelipper, F|100/100
|-weather|RainDance|[from] ability: Drizzle|[of] p2a: Pelipper
|move|p1a: Abomasnow|Leech Seed|p2a: Pelipper
|-start|p2a: Pelipper|move: Leech Seed
|
|-weather|RainDance|[upkeep]
|-damage|p2a: Pelipper|88/100|[from] Leech Seed|[of] p1a: Abomasnow
|-heal|p1a: Abomasnow|83/100 tox|[silent]
|-damage|p1a: Abomasnow|70/100 tox|[from] psn
|upkeep
|turn|30
|
|t:|1758286322
|switch|p1a: Ninetales|Ninetales-Alola, M|79/100 tox
|-weather|Snowscape|[from] ability: Snow Warning|[of] p1a: Ninetales
|switch|p2a: Toxicroak|Toxicroak, F|58/100
|
|-weather|Snowscape|[upkeep]
|-damage|p1a: Ninetales|73/100 tox|[from] psn
|upkeep
|turn|31
|
|t:|1758286332
|move|p1a: Ninetales|Blizzard|p2a: Toxicroak
|-damage|p2a: Toxicroak|2/100
|move|p2a: Toxicroak|Drain Punch|p1a: Ninetales
|-damage|p1a: Ninetales|46/100 tox
|-heal|p2a: Toxicroak|12/100|[from] drain|[of] p1a: Ninetales
|
|-weather|Snowscape|[upkeep]
|-damage|p1a: Ninetales|34/100 tox|[from] psn
|upkeep
|turn|32
|
|t:|1758286343
|switch|p1a: Lokix|Lokix, F|100/100
|switch|p2a: Hatterene|Hatterene, F|73/100
|
|-weather|Snowscape|[upkeep]
|upkeep
|turn|33
|
|t:|1758286354
|-terastallize|p1a: Lokix|Bug
|move|p1a: Lokix|U-turn|p2a: Hatterene
|-damage|p2a: Hatterene|9/100
|
|t:|1758286359
|switch|p1a: Frosmoth|Frosmoth, M|87/100|[from] U-turn
|move|p2a: Hatterene|Healing Wish|p2a: Hatterene
|faint|p2a: Hatterene
|
|-weather|Snowscape|[upkeep]
|upkeep
|
|t:|1758286364
|switch|p2a: Toxicroak|Toxicroak, F|12/100
|-heal|p2a: Toxicroak|100/100|[from] move: Healing Wish
|turn|34
|
|t:|1758286371
|move|p2a: Toxicroak|Toxic|p1a: Frosmoth
|-status|p1a: Frosmoth|tox
|move|p1a: Frosmoth|Blizzard|p2a: Toxicroak
|-damage|p2a: Toxicroak|43/100
|
|-weather|none
|-damage|p1a: Frosmoth|80/100 tox|[from] psn
|upkeep
|turn|35
|
|t:|1758286380
|switch|p2a: Iron Treads|Iron Treads|79/100
|switch|p1a: Abomasnow|Abomasnow, M|70/100 tox
|-weather|Snowscape|[from] ability: Snow Warning|[of] p1a: Abomasnow
|
|-weather|Snowscape|[upkeep]
|-heal|p2a: Iron Treads|85/100|[from] item: Leftovers
|-damage|p1a: Abomasnow|64/100 tox|[from] psn
|upkeep
|turn|36
|
|t:|1758286391
|switch|p1a: Avalugg|Avalugg, F|51/100
|move|p2a: Iron Treads|Stealth Rock|p1a: Avalugg
|-sidestart|p1: treossts|move: Stealth Rock
|
|-weather|Snowscape|[upkeep]
|-heal|p1a: Avalugg|57/100|[from] ability: Ice Body
|-heal|p2a: Iron Treads|91/100|[from] item: Leftovers
|-heal|p1a: Avalugg|63/100|[from] item: Leftovers
|upkeep
|turn|37
|
|t:|1758286401
|move|p2a: Iron Treads|Volt Switch|p1a: Avalugg
|-damage|p1a: Avalugg|46/100
|
|t:|1758286404
|-end|p2a: Iron Treads|Quark Drive|[silent]
|switch|p2a: Zapdos|Zapdos|100/100|[from] Volt Switch
|move|p1a: Avalugg|Rapid Spin|p2a: Zapdos
|-damage|p2a: Zapdos|84/100
|-boost|p1a: Avalugg|spe|1
|-sideend|p1: treossts|Stealth Rock|[from] move: Rapid Spin|[of] p1a: Avalugg
|
|-weather|Snowscape|[upkeep]
|-heal|p1a: Avalugg|52/100|[from] ability: Ice Body
|-heal|p1a: Avalugg|58/100|[from] item: Leftovers
|upkeep
|turn|38
|
|t:|1758286416
|switch|p1a: Frosmoth|Frosmoth, M|80/100 tox
|move|p2a: Zapdos|Volt Switch|p1a: Frosmoth
|-damage|p1a: Frosmoth|66/100 tox
|
|t:|1758286426
|switch|p2a: Iron Treads|Iron Treads|91/100|[from] Volt Switch
|
|-weather|Snowscape|[upkeep]
|-heal|p2a: Iron Treads|97/100|[from] item: Leftovers
|-damage|p1a: Frosmoth|60/100 tox|[from] psn
|upkeep
|turn|39
|
|t:|1758286434
|switch|p1a: Avalugg|Avalugg, F|58/100
|move|p2a: Iron Treads|Stealth Rock|p1a: Avalugg
|-sidestart|p1: treossts|move: Stealth Rock
|
|-weather|Snowscape|[upkeep]
|-heal|p1a: Avalugg|64/100|[from] ability: Ice Body
|-heal|p2a: Iron Treads|100/100|[from] item: Leftovers
|-heal|p1a: Avalugg|71/100|[from] item: Leftovers
|upkeep
|turn|40
|
|t:|1758286443
|move|p2a: Iron Treads|Volt Switch|p1a: Avalugg
|-damage|p1a: Avalugg|53/100
|
|t:|1758286447
|-end|p2a: Iron Treads|Quark Drive|[silent]
|switch|p2a: Zapdos|Zapdos|84/100|[from] Volt Switch
|move|p1a: Avalugg|Rapid Spin|p2a: Zapdos
|-damage|p2a: Zapdos|69/100
|-boost|p1a: Avalugg|spe|1
|-status|p1a: Avalugg|par|[from] ability: Static|[of] p2a: Zapdos
|-sideend|p1: treossts|Stealth Rock|[from] move: Rapid Spin|[of] p1a: Avalugg
|
|-weather|Snowscape|[upkeep]
|-heal|p1a: Avalugg|59/100 par|[from] ability: Ice Body
|-heal|p1a: Avalugg|65/100 par|[from] item: Leftovers
|upkeep
|turn|41
|
|t:|1758286461
|switch|p1a: Frosmoth|Frosmoth, M|60/100 tox
|move|p2a: Zapdos|Thunder|p1a: Frosmoth
|-damage|p1a: Frosmoth|39/100 tox
|
|-weather|Snowscape|[upkeep]
|-damage|p1a: Frosmoth|33/100 tox|[from] psn
|upkeep
|turn|42
|
|t:|1758286470
|switch|p2a: Iron Treads|Iron Treads|100/100
|move|p1a: Frosmoth|U-turn|p2a: Iron Treads
|-resisted|p2a: Iron Treads
|-damage|p2a: Iron Treads|94/100
|
|t:|1758286483
|switch|p1a: Avalugg|Avalugg, F|65/100 par|[from] U-turn
|
|-weather|none
|-heal|p2a: Iron Treads|99/100|[from] item: Leftovers
|-heal|p1a: Avalugg|71/100 par|[from] item: Leftovers
|upkeep
|turn|43
|
|t:|1758286491
|move|p2a: Iron Treads|Volt Switch|p1a: Avalugg
|-damage|p1a: Avalugg|53/100 par
|
|t:|1758286494
|-end|p2a: Iron Treads|Quark Drive|[silent]
|switch|p2a: Pelipper|Pelipper, F|88/100|[from] Volt Switch
|-weather|RainDance|[from] ability: Drizzle|[of] p2a: Pelipper
|move|p1a: Avalugg|Rapid Spin|p2a: Pelipper
|-damage|p2a: Pelipper|73/100
|-boost|p1a: Avalugg|spe|1
|
|-weather|RainDance|[upkeep]
|-heal|p1a: Avalugg|59/100 par|[from] item: Leftovers
|upkeep
|turn|44
|
|t:|1758286514
|switch|p1a: Ninetales|Ninetales-Alola, M|34/100 tox
|-weather|Snowscape|[from] ability: Snow Warning|[of] p1a: Ninetales
|move|p2a: Pelipper|U-turn|p1a: Ninetales
|-resisted|p1a: Ninetales
|-damage|p1a: Ninetales|30/100 tox
|
|t:|1758286522
|switch|p2a: Iron Treads|Iron Treads|99/100|[from] U-turn
|
|-weather|Snowscape|[upkeep]
|-heal|p2a: Iron Treads|100/100|[from] item: Leftovers
|-damage|p1a: Ninetales|24/100 tox|[from] psn
|upkeep
|turn|45
|
|t:|1758286530
|switch|p1a: Avalugg|Avalugg, F|59/100 par
|move|p2a: Iron Treads|Volt Switch|p1a: Avalugg
|-damage|p1a: Avalugg|43/100 par
|
|t:|1758286547
|-end|p2a: Iron Treads|Quark Drive|[silent]
|switch|p2a: Zapdos|Zapdos|69/100|[from] Volt Switch
|
|-weather|Snowscape|[upkeep]
|-heal|p1a: Avalugg|49/100 par|[from] ability: Ice Body
|-heal|p1a: Avalugg|55/100 par|[from] item: Leftovers
|upkeep
|turn|46
|
|t:|1758286555
|switch|p1a: Frosmoth|Frosmoth, M|33/100 tox
|move|p2a: Zapdos|Volt Switch|p1a: Frosmoth
|-damage|p1a: Frosmoth|20/100 tox
|
|t:|1758286565
|switch|p2a: Iron Treads|Iron Treads|100/100|[from] Volt Switch
|
|-weather|Snowscape|[upkeep]
|-damage|p1a: Frosmoth|14/100 tox|[from] psn
|upkeep
|turn|47
|
|t:|1758286572
|move|p2a: Iron Treads|Volt Switch|p1a: Frosmoth
|-damage|p1a: Frosmoth|12/100 tox
|
|t:|1758286577
|-end|p2a: Iron Treads|Quark Drive|[silent]
|switch|p2a: Toxicroak|Toxicroak, F|43/100|[from] Volt Switch
|move|p1a: Frosmoth|Blizzard|p2a: Toxicroak
|-damage|p2a: Toxicroak|0 fnt
|faint|p2a: Toxicroak
|
|-weather|Snowscape|[upkeep]
|-damage|p1a: Frosmoth|0 fnt|[from] psn
|faint|p1a: Frosmoth
|upkeep
|
|t:|1758286591
|switch|p2a: Pelipper|Pelipper, F|73/100
|switch|p1a: Avalugg|Avalugg, F|55/100 par
|-weather|RainDance|[from] ability: Drizzle|[of] p2a: Pelipper
|turn|48
|
|t:|1758286604
|switch|p1a: Abomasnow|Abomasnow, M|64/100 tox
|-weather|Snowscape|[from] ability: Snow Warning|[of] p1a: Abomasnow
|move|p2a: Pelipper|Hurricane|p1a: Abomasnow
|-supereffective|p1a: Abomasnow
|-damage|p1a: Abomasnow|0 fnt
|faint|p1a: Abomasnow
|
|-weather|Snowscape|[upkeep]
|upkeep
|
|t:|1758286614
|switch|p1a: Lokix|Lokix, F, tera:Bug|100/100
|turn|49
|
|t:|1758286641
|switch|p2a: Iron Treads|Iron Treads|100/100
|move|p1a: Lokix|U-turn|p2a: Iron Treads
|-resisted|p2a: Iron Treads
|-damage|p2a: Iron Treads|50/100
|
|t:|1758286650
|switch|p1a: Avalugg|Avalugg, F|55/100 par|[from] U-turn
|
|-weather|Snowscape|[upkeep]
|-heal|p1a: Avalugg|61/100 par|[from] ability: Ice Body
|-heal|p2a: Iron Treads|56/100|[from] item: Leftovers
|-heal|p1a: Avalugg|67/100 par|[from] item: Leftovers
|upkeep
|turn|50
|
|t:|1758286659
|move|p2a: Iron Treads|Stealth Rock|p1a: Avalugg
|-sidestart|p1: treossts|move: Stealth Rock
|move|p1a: Avalugg|Ice Spinner|p2a: Iron Treads
|-damage|p2a: Iron Treads|31/100
|
|-weather|Snowscape|[upkeep]
|-heal|p1a: Avalugg|73/100 par|[from] ability: Ice Body
|-heal|p2a: Iron Treads|37/100|[from] item: Leftovers
|-heal|p1a: Avalugg|79/100 par|[from] item: Leftovers
|upkeep
|turn|51
|
|t:|1758286669
|move|p2a: Iron Treads|Volt Switch|p1a: Avalugg
|-damage|p1a: Avalugg|61/100 par
|
|t:|1758286676
|-end|p2a: Iron Treads|Quark Drive|[silent]
|switch|p2a: Pelipper|Pelipper, F|73/100|[from] Volt Switch
|-weather|RainDance|[from] ability: Drizzle|[of] p2a: Pelipper
|move|p1a: Avalugg|Rapid Spin|p2a: Pelipper
|-damage|p2a: Pelipper|58/100
|-boost|p1a: Avalugg|spe|1
|-sideend|p1: treossts|Stealth Rock|[from] move: Rapid Spin|[of] p1a: Avalugg
|
|-weather|RainDance|[upkeep]
|-heal|p1a: Avalugg|67/100 par|[from] item: Leftovers
|upkeep
|turn|52
|
|t:|1758286694
|move|p2a: Pelipper|Roost|p2a: Pelipper
|-heal|p2a: Pelipper|100/100
|-singleturn|p2a: Pelipper|move: Roost
|move|p1a: Avalugg|Ice Spinner|p2a: Pelipper
|-resisted|p2a: Pelipper
|-damage|p2a: Pelipper|85/100
|
|-weather|RainDance|[upkeep]
|-heal|p1a: Avalugg|73/100 par|[from] item: Leftovers
|upkeep
|turn|53
|
|t:|1758286707
|move|p2a: Pelipper|Hurricane|p1a: Avalugg
|-damage|p1a: Avalugg|12/100 par
|move|p1a: Avalugg|Body Press|p2a: Pelipper
|-resisted|p2a: Pelipper
|-damage|p2a: Pelipper|63/100
|
|-weather|RainDance|[upkeep]
|-heal|p1a: Avalugg|18/100 par|[from] item: Leftovers
|upkeep
|turn|54
|
|t:|1758286716
|switch|p1a: Ninetales|Ninetales-Alola, M|24/100 tox
|-weather|Snowscape|[from] ability: Snow Warning|[of] p1a: Ninetales
|move|p2a: Pelipper|Roost|p2a: Pelipper
|-heal|p2a: Pelipper|100/100
|-singleturn|p2a: Pelipper|move: Roost
|
|-weather|Snowscape|[upkeep]
|-damage|p1a: Ninetales|18/100 tox|[from] psn
|upkeep
|turn|55
|inactive|Pwaite has 120 seconds left.
|
|t:|1758286756
|-terastallize|p2a: Pelipper|Normal
|move|p1a: Ninetales|Freeze-Dry|p2a: Pelipper
|-damage|p2a: Pelipper|77/100
|-status|p2a: Pelipper|frz
|cant|p2a: Pelipper|frz
|
|-weather|Snowscape|[upkeep]
|-damage|p1a: Ninetales|6/100 tox|[from] psn
|upkeep
|turn|56
|inactive|Pwaite has 120 seconds left.
|
|t:|1758286767
|switch|p1a: Lokix|Lokix, F, tera:Bug|100/100
|-curestatus|p2a: Pelipper|frz|[msg]
|move|p2a: Pelipper|Roost|p2a: Pelipper
|-heal|p2a: Pelipper|100/100
|
|-weather|Snowscape|[upkeep]
|upkeep
|turn|57
|
|t:|1758286775
|move|p1a: Lokix|U-turn|p2a: Pelipper
|-damage|p2a: Pelipper|27/100
|
|t:|1758286778
|switch|p1a: Avalugg|Avalugg, F|18/100 par|[from] U-turn
|move|p2a: Pelipper|Hurricane|p1a: Avalugg
|-damage|p1a: Avalugg|0 fnt
|faint|p1a: Avalugg
|
|-weather|Snowscape|[upkeep]
|upkeep
|
|t:|1758286789
|switch|p1a: Lokix|Lokix, F, tera:Bug|100/100
|turn|58
|
|t:|1758286802
|switch|p2a: Iron Treads|Iron Treads|37/100
|move|p1a: Lokix|U-turn|p2a: Iron Treads
|-resisted|p2a: Iron Treads
|-damage|p2a: Iron Treads|0 fnt
|faint|p2a: Iron Treads
|-end|p2a: Iron Treads|Quark Drive|[silent]
|
|t:|1758286809
|switch|p1a: Ninetales|Ninetales-Alola, M|6/100 tox|[from] U-turn
|
|-weather|none
|-damage|p1a: Ninetales|0 fnt|[from] psn
|faint|p1a: Ninetales
|upkeep
|
|t:|1758286816
|switch|p1a: Lokix|Lokix, F, tera:Bug|100/100
|switch|p2a: Pelipper|Pelipper, F, tera:Normal|27/100
|-weather|RainDance|[from] ability: Drizzle|[of] p2a: Pelipper
|turn|59
|c|☆Pwaite|gg
|
|t:|1758286825
|move|p1a: Lokix|Leech Life|p2a: Pelipper
|-damage|p2a: Pelipper|0 fnt
|faint|p2a: Pelipper
|
|-weather|RainDance|[upkeep]
|upkeep
|
|t:|1758286827
|switch|p2a: Zapdos|Zapdos|69/100
|turn|60
|
|t:|1758286833
|move|p2a: Zapdos|Hurricane|p1a: Lokix
|-supereffective|p1a: Lokix
|-damage|p1a: Lokix|0 fnt
|faint|p1a: Lokix
|
|win|Pwaite
|raw|treossts's rating: 1501 &rarr; <strong>1482</strong><br />(-19 for losing)
|raw|Pwaite's rating: 1516 &rarr; <strong>1535</strong><br />(+19 for winning)
|c|☆treossts|Gg
|l|☆treossts
|player|p1|
