|j|☆mesnaj
|j|☆SirQTheFirst
|t:|1758321120
|gametype|singles
|player|p1|mesnaj|shadowtriad|1112
|player|p2|SirQTheFirst|giovanni|1077
|gen|9
|tier|[Gen 9] OU
|rated|
|rule|HP Percentage Mod: HP is shown in percentages
|rule|Endless Battle Clause: Forcing endless battles is banned
|rule|Species Clause: Limit one of each Pokémon
|rule|OHKO Clause: OHKO moves are banned
|rule|Evasion Items Clause: Evasion items are banned
|rule|Evasion Moves Clause: Evasion moves are banned
|rule|Evasion Abilities Clause: Evasion abilities are banned
|rule|Sleep Moves Clause: Sleep-inducing moves are banned
|clearpoke
|poke|p1|Bisharp, M|
|poke|p1|Gholdengo|
|poke|p1|Glimmora, M|
|poke|p1|Lurantis, F|
|poke|p1|Drifblim, M|
|poke|p1|Kommo-o, M|
|poke|p2|Sneasel, M|
|poke|p2|Haunter, F|
|poke|p2|Scyther, F|
|poke|p2|Gligar, M|
|poke|p2|Gurdurr, M|
|poke|p2|Thwackey, F|
|teampreview
|inactive|Battle timer is ON: inactive players will automatically lose when time's up. (requested by SirQTheFirst)
|inactive|mesnaj has 120 seconds left.
|
|t:|1758321154
|teamsize|p1|6
|teamsize|p2|6
|start
|switch|p1a: Rakia|Glimmora, M, shiny|100/100
|switch|p2a: Gligar|Gligar, M, shiny|100/100
|turn|1
|
|t:|1758321166
|move|p1a: Rakia|Stealth Rock|p2a: Gligar
|-sidestart|p2: SirQTheFirst|move: Stealth Rock
|move|p2a: Gligar|Earthquake|p1a: Rakia
|-supereffective|p1a: Rakia
|-enditem|p1a: Rakia|Focus Sash
|-damage|p1a: Rakia|1/100
|-activate|p1a: Rakia|ability: Toxic Debris
|-sidestart|p2: SirQTheFirst|move: Toxic Spikes
|
|upkeep
|turn|2
|
|t:|1758321184
|move|p1a: Rakia|Spikes|p2a: Gligar
|-sidestart|p2: SirQTheFirst|Spikes
|move|p2a: Gligar|Knock Off|p1a: Rakia
|-damage|p1a: Rakia|0 fnt
|-activate|p1a: Rakia|ability: Toxic Debris
|-sidestart|p2: SirQTheFirst|move: Toxic Spikes
|faint|p1a: Rakia
|
|upkeep
|
|t:|1758321195
|switch|p1a: Ghost|Drifblim, M|100/100
|turn|3
|
|t:|1758321200
|move|p1a: Ghost|Destiny Bond|p1a: Ghost
|-singlemove|p1a: Ghost|Destiny Bond
|move|p2a: Gligar|Knock Off|p1a: Ghost
|-supereffective|p1a: Ghost
|-damage|p1a: Ghost|58/100
|-damage|p2a: Gligar|84/100|[from] item: Rocky Helmet|[of] p1a: Ghost
|-enditem|p1a: Ghost|Rocky Helmet|[from] move: Knock Off|[of] p2a: Gligar
|
|upkeep
|turn|4
|
|t:|1758321204
|move|p1a: Ghost|Will-O-Wisp|p2a: Gligar
|-status|p2a: Gligar|brn
|move|p2a: Gligar|Knock Off|p1a: Ghost
|-supereffective|p1a: Ghost
|-damage|p1a: Ghost|42/100
|
|-damage|p2a: Gligar|78/100 brn|[from] brn
|upkeep
|turn|5
|
|t:|1758321207
|move|p1a: Ghost|Strength Sap|p2a: Gligar
|-unboost|p2a: Gligar|atk|1
|-heal|p1a: Ghost|79/100
|move|p2a: Gligar|Knock Off|p1a: Ghost
|-supereffective|p1a: Ghost
|-damage|p1a: Ghost|68/100
|
|-damage|p2a: Gligar|72/100 brn|[from] brn
|upkeep
|turn|6
|l|☆mesnaj
|inactive|mesnaj disconnected and has a minute to reconnect!
|player|p1|
|j|☆mesnaj
|inactive|mesnaj reconnected and has 110 seconds left.
|player|p1|mesnaj|shadowtriad|
|
|t:|1758321256
|switch|p1a: Sugh-za-Deva|Lurantis, F|100/100
|move|p2a: Gligar|Spikes|p1a: Sugh-za-Deva
|-sidestart|p1: mesnaj|Spikes
|
|-damage|p2a: Gligar|66/100 brn|[from] brn
|upkeep
|turn|7
|
|t:|1758321264
|move|p2a: Gligar|Spikes|p1a: Sugh-za-Deva
|-sidestart|p1: mesnaj|Spikes
|move|p1a: Sugh-za-Deva|Leaf Storm|p2a: Gligar
|-damage|p2a: Gligar|30/100 brn
|-boost|p1a: Sugh-za-Deva|spa|2
|
|-damage|p2a: Gligar|24/100 brn|[from] brn
|upkeep
|turn|8
|inactive|mesnaj has 120 seconds left.
|
|t:|1758321278
|move|p2a: Gligar|Spikes|p1a: Sugh-za-Deva
|-sidestart|p1: mesnaj|Spikes
|move|p1a: Sugh-za-Deva|Leaf Storm|p2a: Gligar
|-damage|p2a: Gligar|0 fnt
|-boost|p1a: Sugh-za-Deva|spa|2
|faint|p2a: Gligar
|
|upkeep
|
|t:|1758321290
|switch|p2a: Scyther|Scyther, F|100/100
|turn|9
|inactive|mesnaj has 120 seconds left.
|inactive|mesnaj has 90 seconds left.
|
|t:|1758321344
|move|p2a: Scyther|Dual Wingbeat|p1a: Sugh-za-Deva
|-supereffective|p1a: Sugh-za-Deva
|-crit|p1a: Sugh-za-Deva
|-damage|p1a: Sugh-za-Deva|8/100
|-supereffective|p1a: Sugh-za-Deva
|-damage|p1a: Sugh-za-Deva|0 fnt
|faint|p1a: Sugh-za-Deva
|-hitcount|p1: Sugh-za-Deva|2
|
|upkeep
|
|t:|1758321350
|switch|p1a: Hyper-Muteki|Gholdengo|100/100
|-damage|p1a: Hyper-Muteki|75/100|[from] Spikes
|turn|10
|
|t:|1758321361
|move|p1a: Hyper-Muteki|Power Gem|p2a: Scyther
|-supereffective|p2a: Scyther
|-damage|p2a: Scyther|0 fnt
|faint|p2a: Scyther
|
|upkeep
|
|t:|1758321369
|switch|p2a: Haunter|Haunter, F|100/100
|-damage|p2a: Haunter|88/100|[from] Stealth Rock
|turn|11
|inactive|mesnaj has 90 seconds left.
|
|t:|1758321410
|switch|p1a: Ghost|Drifblim, M|68/100
|move|p2a: Haunter|Shadow Ball|p1a: Ghost
|-supereffective|p1a: Ghost
|-damage|p1a: Ghost|0 fnt
|faint|p1a: Ghost
|
|upkeep
|
|t:|1758321412
|switch|p1a: Hyper-Muteki|Gholdengo|75/100
|-damage|p1a: Hyper-Muteki|50/100|[from] Spikes
|turn|12
|
|t:|1758321419
|-terastallize|p2a: Haunter|Ghost
|move|p1a: Hyper-Muteki|Make It Rain|p2a: Haunter
|-damage|p2a: Haunter|0 fnt
|-unboost|p1a: Hyper-Muteki|spa|1
|faint|p2a: Haunter
|
|upkeep
|
|t:|1758321430
|switch|p2a: Gurdurr|Gurdurr, M|100/100
|-damage|p2a: Gurdurr|94/100|[from] Stealth Rock
|-status|p2a: Gurdurr|tox
|-damage|p2a: Gurdurr|82/100 tox|[from] Spikes
|turn|13
|
|t:|1758321436
|move|p1a: Hyper-Muteki|Make It Rain|p2a: Gurdurr
|-damage|p2a: Gurdurr|36/100 tox
|-unboost|p1a: Hyper-Muteki|spa|1
|move|p2a: Gurdurr|Knock Off|p1a: Hyper-Muteki
|-supereffective|p1a: Hyper-Muteki
|-damage|p1a: Hyper-Muteki|0 fnt
|-enditem|p1a: Hyper-Muteki|Choice Scarf|[from] move: Knock Off|[of] p2a: Gurdurr
|faint|p1a: Hyper-Muteki
|
|-damage|p2a: Gurdurr|30/100 tox|[from] psn
|upkeep
|
|t:|1758321443
|switch|p1a: Cross-Z|Kommo-o, M|100/100
|-damage|p1a: Cross-Z|76/100|[from] Spikes
|turn|14
|
|t:|1758321449
|move|p2a: Gurdurr|Mach Punch|p1a: Cross-Z
|-damage|p1a: Cross-Z|50/100
|move|p1a: Cross-Z|Clangorous Soul|p1a: Cross-Z
|-boost|p1a: Cross-Z|atk|1
|-boost|p1a: Cross-Z|def|1
|-boost|p1a: Cross-Z|spa|1
|-boost|p1a: Cross-Z|spd|1
|-boost|p1a: Cross-Z|spe|1
|-damage|p1a: Cross-Z|17/100
|-enditem|p1a: Cross-Z|Throat Spray
|-boost|p1a: Cross-Z|spa|1|[from] item: Throat Spray
|
|-damage|p2a: Gurdurr|17/100 tox|[from] psn
|upkeep
|turn|15
|inactive|mesnaj has 90 seconds left.
|
|t:|1758321471
|move|p2a: Gurdurr|Mach Punch|p1a: Cross-Z
|-damage|p1a: Cross-Z|0 fnt
|faint|p1a: Cross-Z
|
|-damage|p2a: Gurdurr|0 fnt|[from] psn
|faint|p2a: Gurdurr
|upkeep
|
|t:|1758321479
|switch|p1a: Faiz-ø|Bisharp, M|100/100
|switch|p2a: Thwackey|Thwackey, F|100/100
|-damage|p2a: Thwackey|88/100|[from] Stealth Rock
|-status|p2a: Thwackey|tox
|-damage|p2a: Thwackey|76/100 tox|[from] Spikes
|-fieldstart|move: Grassy Terrain|[from] ability: Grassy Surge|[of] p2a: Thwackey
|-damage|p1a: Faiz-ø|76/100|[from] Spikes
|turn|16
|
|t:|1758321484
|move|p2a: Thwackey|Wood Hammer|p1a: Faiz-ø
|-resisted|p1a: Faiz-ø
|-damage|p1a: Faiz-ø|44/100
|-damage|p2a: Thwackey|63/100 tox|[from] Recoil
|move|p1a: Faiz-ø|Iron Head|p2a: Thwackey
|-damage|p2a: Thwackey|0 fnt
|faint|p2a: Thwackey
|
|-heal|p1a: Faiz-ø|50/100|[from] Grassy Terrain
|upkeep
|
|t:|1758321487
|switch|p2a: Sneasel|Sneasel, M|100/100
|-damage|p2a: Sneasel|76/100|[from] Stealth Rock
|-status|p2a: Sneasel|tox
|-damage|p2a: Sneasel|63/100 tox|[from] Spikes
|turn|17
|
|t:|1758321490
|-terastallize|p1a: Faiz-ø|Flying
|move|p2a: Sneasel|Triple Axel|p1a: Faiz-ø
|-supereffective|p1a: Faiz-ø
|-damage|p1a: Faiz-ø|34/100
|-supereffective|p1a: Faiz-ø
|-damage|p1a: Faiz-ø|5/100
|-supereffective|p1a: Faiz-ø
|-damage|p1a: Faiz-ø|0 fnt
|faint|p1a: Faiz-ø
|-hitcount|p1: Faiz-ø|3
|-damage|p2a: Sneasel|53/100 tox|[from] item: Life Orb
|
|win|SirQTheFirst
|raw|mesnaj's rating: 1112 &rarr; <strong>1084</strong><br />(-28 for losing)
|raw|SirQTheFirst's rating: 1077 &rarr; <strong>1108</strong><br />(+31 for winning)
|l|☆SirQTheFirst
|player|p2|
|l|☆mesnaj
|player|p1|
