|j|☆bombadierbill
|j|☆marisa_fumo_gaming
|t:|1758256565
|gametype|singles
|player|p1|bombadierbill|266|1405
|player|p2|marisa_fumo_gaming|2|1323
|gen|9
|tier|[Gen 9] OU
|rated|
|rule|HP Percentage Mod: HP is shown in percentages
|rule|Endless Battle Clause: Forcing endless battles is banned
|rule|Species Clause: Limit one of each Pokémon
|rule|OHKO Clause: OHKO moves are banned
|rule|Evasion Items Clause: Evasion items are banned
|rule|Evasion Moves Clause: Evasion moves are banned
|rule|Evasion Abilities Clause: Evasion abilities are banned
|rule|Sleep Moves Clause: Sleep-inducing moves are banned
|clearpoke
|poke|p1|Cinderace, M|
|poke|p1|Ogerpon-Wellspring, F|
|poke|p1|Ursaluna, F|
|poke|p1|Scizor, F|
|poke|p1|Landorus-Therian, M|
|poke|p1|Dragonite, M|
|poke|p2|Electivire, F|
|poke|p2|Dragapult, F|
|poke|p2|Scizor, M|
|poke|p2|Ogerpon-Wellspring, F|
|poke|p2|Enamorus, F|
|poke|p2|Cinderace, F|
|teampreview
|inactive|Battle timer is ON: inactive players will automatically lose when time's up. (requested by marisa_fumo_gaming)
|
|t:|1758256615
|teamsize|p1|6
|teamsize|p2|6
|start
|switch|p1a: Ursaluna|Ursaluna, F|100/100
|switch|p2a: Cinderace|Cinderace, F|100/100
|turn|1
|
|t:|1758256619
|move|p2a: Cinderace|U-turn|p1a: Ursaluna
|-start|p2a: Cinderace|typechange|Bug|[from] ability: Libero
|-damage|p1a: Ursaluna|74/100
|
|t:|1758256621
|switch|p2a: Ogerpon|Ogerpon-Wellspring, F|100/100|[from] U-turn
|move|p1a: Ursaluna|Headlong Rush|p2a: Ogerpon
|-resisted|p2a: Ogerpon
|-damage|p2a: Ogerpon|54/100
|-unboost|p1a: Ursaluna|def|1
|-unboost|p1a: Ursaluna|spd|1
|
|upkeep
|turn|2
|
|t:|1758256635
|switch|p1a: Scizor|Scizor, F|100/100
|move|p2a: Ogerpon|Horn Leech|p1a: Scizor
|-resisted|p1a: Scizor
|-damage|p1a: Scizor|89/100
|-heal|p2a: Ogerpon|61/100|[from] drain|[of] p1a: Scizor
|
|upkeep
|turn|3
|
|t:|1758256639
|switch|p2a: Cinderace|Cinderace, F|100/100
|move|p1a: Scizor|U-turn|p2a: Cinderace
|-resisted|p2a: Cinderace
|-damage|p2a: Cinderace|75/100
|
|t:|1758256644
|switch|p1a: Ursaluna|Ursaluna, F|74/100|[from] U-turn
|
|upkeep
|turn|4
|
|t:|1758256651
|move|p2a: Cinderace|U-turn|p1a: Ursaluna
|-start|p2a: Cinderace|typechange|Bug|[from] ability: Libero
|-damage|p1a: Ursaluna|47/100
|
|t:|1758256653
|switch|p2a: Enamorus|Enamorus, F|100/100|[from] U-turn
|move|p1a: Ursaluna|Thunder Punch|p2a: Enamorus
|-supereffective|p2a: Enamorus
|-damage|p2a: Enamorus|2/100
|
|upkeep
|turn|5
|
|t:|1758256661
|switch|p1a: Scizor|Scizor, F|89/100
|move|p2a: Enamorus|Moonblast|p1a: Scizor
|-resisted|p1a: Scizor
|-damage|p1a: Scizor|58/100
|
|upkeep
|turn|6
|
|t:|1758256670
|switch|p2a: Cinderace|Cinderace, F|75/100
|move|p1a: Scizor|U-turn|p2a: Cinderace
|-resisted|p2a: Cinderace
|-damage|p2a: Cinderace|49/100
|
|t:|1758256689
|switch|p1a: Ursaluna|Ursaluna, F|47/100|[from] U-turn
|
|upkeep
|turn|7
|
|t:|1758256696
|move|p2a: Cinderace|U-turn|p1a: Ursaluna
|-start|p2a: Cinderace|typechange|Bug|[from] ability: Libero
|-damage|p1a: Ursaluna|22/100
|
|t:|1758256699
|switch|p2a: Enamorus|Enamorus, F|2/100|[from] U-turn
|move|p1a: Ursaluna|Ice Punch|p2a: Enamorus
|-supereffective|p2a: Enamorus
|-damage|p2a: Enamorus|0 fnt
|faint|p2a: Enamorus
|
|upkeep
|
|t:|1758256706
|switch|p2a: Ogerpon|Ogerpon-Wellspring, F|61/100
|turn|8
|
|t:|1758256713
|move|p2a: Ogerpon|Horn Leech|p1a: Ursaluna
|-supereffective|p1a: Ursaluna
|-damage|p1a: Ursaluna|0 fnt
|-heal|p2a: Ogerpon|77/100|[from] drain|[of] p1a: Ursaluna
|faint|p1a: Ursaluna
|
|upkeep
|
|t:|1758256726
|switch|p1a: Cinderace|Cinderace, M|100/100
|turn|9
|
|t:|1758256733
|switch|p2a: Scizor|Scizor, M|100/100
|move|p1a: Cinderace|U-turn|p2a: Scizor
|-resisted|p2a: Scizor
|-damage|p2a: Scizor|91/100
|
|t:|1758256736
|switch|p1a: Landorus|Landorus-Therian, M|100/100|[from] U-turn
|-ability|p1a: Landorus|Intimidate|boost
|-unboost|p2a: Scizor|atk|1
|
|upkeep
|turn|10
|
|t:|1758256742
|move|p1a: Landorus|Earthquake|p2a: Scizor
|-damage|p2a: Scizor|41/100
|move|p2a: Scizor|U-turn|p1a: Landorus
|-resisted|p1a: Landorus
|-damage|p1a: Landorus|81/100
|-damage|p2a: Scizor|25/100|[from] item: Rocky Helmet|[of] p1a: Landorus
|
|t:|1758256749
|switch|p2a: Ogerpon|Ogerpon-Wellspring, F|77/100|[from] U-turn
|
|upkeep
|turn|11
|l|☆marisa_fumo_gaming
|inactive|marisa_fumo_gaming disconnected and has a minute to reconnect!
|player|p2|
|j|☆marisa_fumo_gaming
|inactive|marisa_fumo_gaming reconnected and has 120 seconds left.
|player|p2|marisa_fumo_gaming|2|
|
|t:|1758256784
|switch|p1a: Scizor|Scizor, F|58/100
|move|p2a: Ogerpon|Ivy Cudgel|p1a: Scizor|[anim] Ivy Cudgel Water
|-damage|p1a: Scizor|4/100
|
|upkeep
|turn|12
|
|t:|1758256790
|move|p1a: Scizor|Bullet Punch|p2a: Ogerpon
|-resisted|p2a: Ogerpon
|-damage|p2a: Ogerpon|58/100
|move|p2a: Ogerpon|U-turn|p1a: Scizor
|-resisted|p1a: Scizor
|-damage|p1a: Scizor|0 fnt
|faint|p1a: Scizor
|
|t:|1758256795
|switch|p2a: Electivire|Electivire, F|100/100|[from] U-turn
|
|upkeep
|n|☆marisa_fumo_gaming|marisafumogaming
|
|t:|1758256813
|switch|p1a: Landorus|Landorus-Therian, M|81/100
|-ability|p1a: Landorus|Intimidate|boost
|-unboost|p2a: Electivire|atk|1
|turn|13
|
|t:|1758256816
|move|p1a: Landorus|Earthquake|p2a: Electivire
|-supereffective|p2a: Electivire
|-damage|p2a: Electivire|0 fnt
|faint|p2a: Electivire
|
|upkeep
|
|t:|1758256820
|switch|p2a: Dragapult|Dragapult, F|100/100
|turn|14
|
|t:|1758256823
|move|p2a: Dragapult|Draco Meteor|p1a: Landorus
|-damage|p1a: Landorus|0 fnt
|-unboost|p2a: Dragapult|spa|2
|faint|p1a: Landorus
|
|upkeep
|
|t:|1758256846
|switch|p1a: Ogerpon|Ogerpon-Wellspring, F|100/100
|turn|15
|
|t:|1758256849
|switch|p2a: Scizor|Scizor, M|25/100
|move|p1a: Ogerpon|Knock Off|p2a: Scizor
|-damage|p2a: Scizor|0 fnt
|-enditem|p2a: Scizor|Choice Band|[from] move: Knock Off|[of] p1a: Ogerpon
|faint|p2a: Scizor
|
|upkeep
|
|t:|1758256851
|switch|p2a: Cinderace|Cinderace, F|49/100
|turn|16
|
|t:|1758256854
|move|p2a: Cinderace|U-turn|p1a: Ogerpon
|-start|p2a: Cinderace|typechange|Bug|[from] ability: Libero
|-supereffective|p1a: Ogerpon
|-damage|p1a: Ogerpon|14/100
|
|t:|1758256859
|switch|p2a: Dragapult|Dragapult, F|100/100|[from] U-turn
|move|p1a: Ogerpon|Ivy Cudgel|p2a: Dragapult|[anim] Ivy Cudgel Water
|-resisted|p2a: Dragapult
|-damage|p2a: Dragapult|58/100
|
|upkeep
|turn|17
|
|t:|1758256865
|move|p2a: Dragapult|U-turn|p1a: Ogerpon
|-supereffective|p1a: Ogerpon
|-damage|p1a: Ogerpon|0 fnt
|faint|p1a: Ogerpon
|
|t:|1758256869
|switch|p2a: Ogerpon|Ogerpon-Wellspring, F|58/100|[from] U-turn
|
|upkeep
|
|t:|1758256878
|switch|p1a: Dragonite|Dragonite, M|100/100
|turn|18
|
|t:|1758256880
|move|p2a: Ogerpon|U-turn|p1a: Dragonite
|-resisted|p1a: Dragonite
|-damage|p1a: Dragonite|93/100
|
|t:|1758256881
|switch|p2a: Cinderace|Cinderace, F|49/100|[from] U-turn
|move|p1a: Dragonite|Dragon Dance|p1a: Dragonite
|-boost|p1a: Dragonite|atk|1
|-boost|p1a: Dragonite|spe|1
|
|upkeep
|turn|19
|
|t:|1758256886
|move|p1a: Dragonite|Earthquake|p2a: Cinderace
|-supereffective|p2a: Cinderace
|-damage|p2a: Cinderace|0 fnt
|faint|p2a: Cinderace
|
|upkeep
|
|t:|1758256889
|switch|p2a: Dragapult|Dragapult, F|58/100
|turn|20
|
|t:|1758256893
|-terastallize|p1a: Dragonite|Fairy
|move|p1a: Dragonite|Tera Blast|p2a: Dragapult|[anim] Tera Blast Fairy
|-supereffective|p2a: Dragapult
|-damage|p2a: Dragapult|0 fnt
|faint|p2a: Dragapult
|
|upkeep
|
|t:|1758256896
|switch|p2a: Ogerpon|Ogerpon-Wellspring, F|58/100
|turn|21
|
|t:|1758256898
|-terastallize|p2a: Ogerpon|Water
|detailschange|p2a: Ogerpon|Ogerpon-Wellspring-Tera, F, tera:Water
|-ability|p2a: Ogerpon|Embody Aspect (Wellspring)|boost
|-boost|p2a: Ogerpon|spd|1
|move|p1a: Dragonite|Tera Blast|p2a: Ogerpon|[anim] Tera Blast Fairy
|-damage|p2a: Ogerpon|0 fnt
|faint|p2a: Ogerpon
|detailschange|p2: Ogerpon|Ogerpon-Wellspring, F|[silent]
|
|win|bombadierbill
|raw|bombadierbill's rating: 1405 &rarr; <strong>1420</strong><br />(+15 for winning)
|raw|marisa_fumo_gaming's rating: 1323 &rarr; <strong>1308</strong><br />(-15 for losing)
|l|☆marisa_fumo_gaming
|player|p2|
|l|☆bombadierbill
|player|p1|
