|j|☆FamilyFrndlyname
|j|‽Athfive
|t:|1758261538
|gametype|singles
|player|p1|FamilyFrndlyname|169|1186
|player|p2|Athfive|palmer|1250
|gen|9
|tier|[Gen 9] OU
|rated|
|rule|HP Percentage Mod: HP is shown in percentages
|rule|Endless Battle Clause: Forcing endless battles is banned
|rule|Species Clause: Limit one of each Pokémon
|rule|OHKO Clause: OHKO moves are banned
|rule|Evasion Items Clause: Evasion items are banned
|rule|Evasion Moves Clause: Evasion moves are banned
|rule|Evasion Abilities Clause: Evasion abilities are banned
|rule|Sleep Moves Clause: Sleep-inducing moves are banned
|clearpoke
|poke|p1|Ting-Lu|
|poke|p1|Darkrai|
|poke|p1|Pecharunt|
|poke|p1|Great Tusk|
|poke|p1|Ogerpon-Wellspring, F|
|poke|p1|Iron Valiant|
|poke|p2|Tyranitar, M|
|poke|p2|Dragonite, M|
|poke|p2|Quagsire, M|
|poke|p2|Great Tusk|
|poke|p2|Houndstone, F|
|poke|p2|Kingambit, M|
|teampreview
|
|t:|1758261572
|teamsize|p1|6
|teamsize|p2|6
|start
|switch|p1a: gerp|Ogerpon-Wellspring, F|100/100
|switch|p2a: Tyranitar|Tyranitar, M|100/100
|-weather|Sandstorm|[from] ability: Sand Stream|[of] p2a: Tyranitar
|turn|1
|inactive|Battle timer is ON: inactive players will automatically lose when time's up. (requested by Athfive)
|
|t:|1758261580
|-terastallize|p2a: Tyranitar|Flying
|move|p1a: gerp|Spikes|p2a: Tyranitar
|-sidestart|p2: Athfive|Spikes
|move|p2a: Tyranitar|Stone Edge|p1a: gerp
|-damage|p1a: gerp|0 fnt
|faint|p1a: gerp
|
|-weather|Sandstorm|[upkeep]
|-damage|p2a: Tyranitar|94/100|[from] Sandstorm
|upkeep
|
|t:|1758261600
|switch|p1a: eat Tusk|Great Tusk|100/100
|turn|2
|
|t:|1758261630
|switch|p2a: Quagsire|Quagsire, M|100/100
|-damage|p2a: Quagsire|88/100|[from] Spikes
|move|p1a: eat Tusk|Knock Off|p2a: Quagsire
|-damage|p2a: Quagsire|61/100
|-enditem|p2a: Quagsire|Choice Band|[from] move: Knock Off|[of] p1a: eat Tusk
|
|-weather|Sandstorm|[upkeep]
|upkeep
|turn|3
|c|☆FamilyFrndlyname|lmao
|c|☆FamilyFrndlyname|i see
|
|t:|1758261642
|move|p1a: eat Tusk|Headlong Rush|p2a: Quagsire
|-damage|p2a: Quagsire|7/100
|-unboost|p1a: eat Tusk|def|1
|-unboost|p1a: eat Tusk|spd|1
|move|p2a: Quagsire|Stealth Rock|p1a: eat Tusk
|-sidestart|p1: FamilyFrndlyname|move: Stealth Rock
|
|-weather|Sandstorm|[upkeep]
|upkeep
|turn|4
|
|t:|1758261661
|move|p1a: eat Tusk|Knock Off|p2a: Quagsire
|-damage|p2a: Quagsire|0 fnt
|faint|p2a: Quagsire
|
|-weather|Sandstorm|[upkeep]
|upkeep
|
|t:|1758261665
|switch|p2a: Houndstone|Houndstone, F|100/100
|-damage|p2a: Houndstone|88/100|[from] Spikes
|turn|5
|
|t:|1758261670
|move|p2a: Houndstone|Will-O-Wisp|p1a: eat Tusk
|-status|p1a: eat Tusk|brn
|move|p1a: eat Tusk|Knock Off|p2a: Houndstone
|-supereffective|p2a: Houndstone
|-damage|p2a: Houndstone|56/100
|-enditem|p2a: Houndstone|Choice Band|[from] move: Knock Off|[of] p1a: eat Tusk
|
|-weather|none
|-damage|p1a: eat Tusk|94/100 brn|[from] brn
|upkeep
|turn|6
|
|t:|1758261675
|switch|p2a: Great Tusk|Great Tusk|100/100
|-damage|p2a: Great Tusk|88/100|[from] Spikes
|move|p1a: eat Tusk|Knock Off|p2a: Great Tusk
|-resisted|p2a: Great Tusk
|-damage|p2a: Great Tusk|83/100
|-enditem|p2a: Great Tusk|Choice Band|[from] move: Knock Off|[of] p1a: eat Tusk
|
|-damage|p1a: eat Tusk|88/100 brn|[from] brn
|upkeep
|turn|7
|
|t:|1758261682
|move|p2a: Great Tusk|Headlong Rush|p1a: eat Tusk
|-damage|p1a: eat Tusk|26/100 brn
|-unboost|p2a: Great Tusk|def|1
|-unboost|p2a: Great Tusk|spd|1
|-damage|p2a: Great Tusk|66/100|[from] item: Rocky Helmet|[of] p1a: eat Tusk
|move|p1a: eat Tusk|Ice Spinner|p2a: Great Tusk
|-supereffective|p2a: Great Tusk
|-damage|p2a: Great Tusk|43/100
|
|-damage|p1a: eat Tusk|19/100 brn|[from] brn
|upkeep
|turn|8
|
|t:|1758261691
|-end|p1a: eat Tusk|Protosynthesis|[silent]
|switch|p1a: Pecharunt|Pecharunt|100/100
|-damage|p1a: Pecharunt|88/100|[from] Stealth Rock
|-item|p1a: Pecharunt|Air Balloon
|move|p2a: Great Tusk|Rapid Spin|p1a: Pecharunt
|-immune|p1a: Pecharunt
|
|upkeep
|turn|9
|
|t:|1758261701
|-end|p2a: Great Tusk|Protosynthesis|[silent]
|switch|p2a: Tyranitar|Tyranitar, M, tera:Flying|94/100
|-weather|Sandstorm|[from] ability: Sand Stream|[of] p2a: Tyranitar
|move|p1a: Pecharunt|Malignant Chain|p2a: Tyranitar
|-damage|p2a: Tyranitar|64/100
|-status|p2a: Tyranitar|tox
|-start|p2a: Tyranitar|confusion|[from] ability: Poison Puppeteer|[of] p1a: Pecharunt
|
|-weather|Sandstorm|[upkeep]
|-damage|p1a: Pecharunt|82/100|[from] Sandstorm
|-damage|p2a: Tyranitar|58/100 tox|[from] Sandstorm
|-damage|p2a: Tyranitar|52/100 tox|[from] psn
|upkeep
|turn|10
|
|t:|1758261711
|move|p1a: Pecharunt|Hex|p2a: Tyranitar
|-damage|p2a: Tyranitar|9/100 tox
|-activate|p2a: Tyranitar|confusion
|move|p2a: Tyranitar|Knock Off|p1a: Pecharunt
|-supereffective|p1a: Pecharunt
|-damage|p1a: Pecharunt|0 fnt
|-enditem|p1a: Pecharunt|Air Balloon
|faint|p1a: Pecharunt
|
|-weather|Sandstorm|[upkeep]
|-damage|p2a: Tyranitar|3/100 tox|[from] Sandstorm
|-damage|p2a: Tyranitar|0 fnt|[from] psn
|faint|p2a: Tyranitar
|upkeep
|
|t:|1758261723
|switch|p1a: eat Tusk|Great Tusk|19/100 brn
|switch|p2a: Great Tusk|Great Tusk|43/100
|-damage|p2a: Great Tusk|30/100|[from] Spikes
|-damage|p1a: eat Tusk|16/100 brn|[from] Stealth Rock
|turn|11
|
|t:|1758261730
|move|p1a: eat Tusk|Rapid Spin|p2a: Great Tusk
|-damage|p2a: Great Tusk|25/100
|-boost|p1a: eat Tusk|spe|1
|-sideend|p1: FamilyFrndlyname|Stealth Rock|[from] move: Rapid Spin|[of] p1a: eat Tusk
|move|p2a: Great Tusk|Rapid Spin|p1a: eat Tusk
|-damage|p1a: eat Tusk|5/100 brn
|-boost|p2a: Great Tusk|spe|1
|-damage|p2a: Great Tusk|9/100|[from] item: Rocky Helmet|[of] p1a: eat Tusk
|-sideend|p2: Athfive|Spikes|[from] move: Rapid Spin|[of] p2a: Great Tusk
|
|-weather|Sandstorm|[upkeep]
|-damage|p1a: eat Tusk|0 fnt|[from] brn
|faint|p1a: eat Tusk
|-end|p1a: eat Tusk|Protosynthesis|[silent]
|upkeep
|
|t:|1758261735
|switch|p1a: ron Valiant|Iron Valiant|100/100
|turn|12
|
|t:|1758261739
|move|p1a: ron Valiant|Moonblast|p2a: Great Tusk
|-supereffective|p2a: Great Tusk
|-damage|p2a: Great Tusk|0 fnt
|faint|p2a: Great Tusk
|-end|p2a: Great Tusk|Protosynthesis|[silent]
|
|-weather|Sandstorm|[upkeep]
|-damage|p1a: ron Valiant|94/100|[from] Sandstorm
|upkeep
|
|t:|1758261746
|switch|p2a: Houndstone|Houndstone, F|56/100
|turn|13
|
|t:|1758261751
|-terastallize|p1a: ron Valiant|Steel
|move|p1a: ron Valiant|Moonblast|p2a: Houndstone
|-damage|p2a: Houndstone|6/100
|move|p2a: Houndstone|Play Rough|p1a: ron Valiant
|-resisted|p1a: ron Valiant
|-damage|p1a: ron Valiant|75/100
|
|-weather|none
|upkeep
|turn|14
|
|t:|1758261762
|move|p1a: ron Valiant|Moonblast|p2a: Houndstone
|-damage|p2a: Houndstone|0 fnt
|faint|p2a: Houndstone
|
|upkeep
|
|t:|1758261764
|switch|p2a: Kingambit|Kingambit, M|100/100
|-activate|p2a: Kingambit|ability: Supreme Overlord
|-start|p2a: Kingambit|fallen4|[silent]
|turn|15
|
|t:|1758261772
|-end|p1a: ron Valiant|Quark Drive|[silent]
|switch|p1a: Thing-lu|Ting-Lu|100/100
|-ability|p1a: Thing-lu|Vessel of Ruin
|move|p2a: Kingambit|Kowtow Cleave|p1a: Thing-lu
|-resisted|p1a: Thing-lu
|-damage|p1a: Thing-lu|73/100
|
|-heal|p1a: Thing-lu|79/100|[from] item: Leftovers
|upkeep
|turn|16
|
|t:|1758261779
|-end|p2a: Kingambit|fallen4|[silent]
|switch|p2a: Dragonite|Dragonite, M|100/100
|move|p1a: Thing-lu|Ruination|p2a: Dragonite
|-damage|p2a: Dragonite|51/100
|
|-heal|p1a: Thing-lu|85/100|[from] item: Leftovers
|upkeep
|turn|17
|
|t:|1758261803
|switch|p1a: Darkrai|Darkrai|100/100
|move|p2a: Dragonite|Outrage|p1a: Darkrai
|-damage|p1a: Darkrai|0 fnt
|faint|p1a: Darkrai
|
|upkeep
|
|t:|1758261807
|switch|p1a: Thing-lu|Ting-Lu|85/100
|-ability|p1a: Thing-lu|Vessel of Ruin
|turn|18
|
|t:|1758261815
|move|p2a: Dragonite|Outrage|p1a: Thing-lu|[from] lockedmove
|-damage|p1a: Thing-lu|30/100
|move|p1a: Thing-lu|Ruination|p2a: Dragonite
|-damage|p2a: Dragonite|26/100
|
|-heal|p1a: Thing-lu|36/100|[from] item: Leftovers
|upkeep
|turn|19
|
|t:|1758261834
|move|p2a: Dragonite|Outrage|p1a: Thing-lu|[from] lockedmove
|-damage|p1a: Thing-lu|0 fnt
|faint|p1a: Thing-lu
|-start|p2a: Dragonite|confusion|[fatigue]
|
|upkeep
|
|t:|1758261837
|switch|p1a: ron Valiant|Iron Valiant, tera:Steel|75/100
|turn|20
|
|t:|1758261853
|move|p1a: ron Valiant|Trick|p2a: Dragonite
|-activate|p1a: ron Valiant|move: Trick|[of] p2a: Dragonite
|-item|p2a: Dragonite|Choice Scarf|[from] move: Trick
|-item|p1a: ron Valiant|Choice Band|[from] move: Trick
|-activate|p2a: Dragonite|confusion
|move|p2a: Dragonite|Outrage|p1a: ron Valiant
|-resisted|p1a: ron Valiant
|-damage|p1a: ron Valiant|29/100
|
|upkeep
|turn|21
|inactive|Athfive has 120 seconds left.
|
|t:|1758261885
|-activate|p2a: Dragonite|confusion
|move|p2a: Dragonite|Outrage|p1a: ron Valiant|[from] lockedmove
|-resisted|p1a: ron Valiant
|-crit|p1a: ron Valiant
|-damage|p1a: ron Valiant|0 fnt
|faint|p1a: ron Valiant
|-end|p1a: ron Valiant|Quark Drive|[silent]
|
|win|Athfive
|raw|FamilyFrndlyname's rating: 1186 &rarr; <strong>1166</strong><br />(-20 for losing)
|raw|Athfive's rating: 1250 &rarr; <strong>1270</strong><br />(+20 for winning)
|l|☆FamilyFrndlyname
|player|p1|
|l|‽Athfive
|player|p2|
