|j|☆jkuo9
|j|☆aimaro 3000
|t:|1758264852
|gametype|singles
|player|p1|jkuo9|265|1248
|player|p2|aimaro 3000|lucas|1185
|gen|9
|tier|[Gen 9] OU
|rated|
|rule|HP Percentage Mod: HP is shown in percentages
|rule|Endless Battle Clause: Forcing endless battles is banned
|rule|Species Clause: Limit one of each Pokémon
|rule|OHKO Clause: OHKO moves are banned
|rule|Evasion Items Clause: Evasion items are banned
|rule|Evasion Moves Clause: Evasion moves are banned
|rule|Evasion Abilities Clause: Evasion abilities are banned
|rule|Sleep Moves Clause: Sleep-inducing moves are banned
|clearpoke
|poke|p1|Latias, F|
|poke|p1|Ninetales-Alola, M|
|poke|p1|Gholdengo|
|poke|p1|Scizor, M|
|poke|p1|Great Tusk|
|poke|p1|Ogerpon-Wellspring, F|
|poke|p2|Metagross|
|poke|p2|Serperior, M|
|poke|p2|Mudsdale, M|
|poke|p2|Greninja-*, M|
|poke|p2|Umbreon, M|
|poke|p2|Zapdos|
|teampreview
|
|t:|1758264873
|teamsize|p1|6
|teamsize|p2|6
|start
|switch|p1a: Ninetales|Ninetales-Alola, M|100/100
|switch|p2a: Metagross|Metagross, shiny|100/100
|-weather|Snowscape|[from] ability: Snow Warning|[of] p1a: Ninetales
|turn|1
|
|t:|1758264887
|switch|p1a: Great Tusk|Great Tusk|100/100
|-enditem|p1a: Great Tusk|Booster Energy
|-activate|p1a: Great Tusk|ability: Protosynthesis|[fromitem]
|-start|p1a: Great Tusk|protosynthesisspe
|move|p2a: Metagross|Iron Head|p1a: Great Tusk
|-crit|p1a: Great Tusk
|-damage|p1a: Great Tusk|67/100
|
|-weather|Snowscape|[upkeep]
|upkeep
|turn|2
|
|t:|1758264903
|switch|p2a: Serperior|Serperior, M|100/100
|move|p1a: Great Tusk|Ice Spinner|p2a: Serperior
|-supereffective|p2a: Serperior
|-damage|p2a: Serperior|51/100
|
|-weather|Snowscape|[upkeep]
|-heal|p2a: Serperior|57/100|[from] item: Leftovers
|upkeep
|turn|3
|
|t:|1758264928
|move|p1a: Great Tusk|Stealth Rock|p2a: Serperior
|-sidestart|p2: aimaro 3000|move: Stealth Rock
|move|p2a: Serperior|Leech Seed|p1a: Great Tusk|[miss]
|-miss|p2a: Serperior|p1a: Great Tusk
|
|-weather|Snowscape|[upkeep]
|-heal|p2a: Serperior|64/100|[from] item: Leftovers
|upkeep
|turn|4
|
|t:|1758264935
|move|p1a: Great Tusk|Ice Spinner|p2a: Serperior
|-supereffective|p2a: Serperior
|-damage|p2a: Serperior|14/100
|move|p2a: Serperior|Leaf Storm|p1a: Great Tusk
|-supereffective|p1a: Great Tusk
|-damage|p1a: Great Tusk|0 fnt
|-boost|p2a: Serperior|spa|2
|faint|p1a: Great Tusk
|-end|p1a: Great Tusk|Protosynthesis|[silent]
|
|-weather|Snowscape|[upkeep]
|-heal|p2a: Serperior|20/100|[from] item: Leftovers
|upkeep
|
|t:|1758264943
|switch|p1a: Ninetales|Ninetales-Alola, M|100/100
|turn|5
|
|t:|1758264957
|move|p1a: Ninetales|Aurora Veil|p1a: Ninetales
|-sidestart|p1: jkuo9|move: Aurora Veil
|move|p2a: Serperior|Synthesis|p2a: Serperior
|-heal|p2a: Serperior|45/100
|
|-weather|none
|-heal|p2a: Serperior|51/100|[from] item: Leftovers
|upkeep
|turn|6
|
|t:|1758264965
|move|p1a: Ninetales|Snowscape|p1a: Ninetales
|-weather|Snowscape
|move|p2a: Serperior|Leech Seed|p1a: Ninetales
|-start|p1a: Ninetales|move: Leech Seed
|
|-weather|Snowscape|[upkeep]
|-heal|p2a: Serperior|57/100|[from] item: Leftovers
|-damage|p1a: Ninetales|88/100|[from] Leech Seed|[of] p2a: Serperior
|-heal|p2a: Serperior|72/100|[silent]
|upkeep
|turn|7
|
|t:|1758264976
|switch|p2a: Metagross|Metagross, shiny|100/100
|-damage|p2a: Metagross|95/100|[from] Stealth Rock
|move|p1a: Ninetales|Freeze-Dry|p2a: Metagross
|-resisted|p2a: Metagross
|-damage|p2a: Metagross|85/100
|
|-weather|Snowscape|[upkeep]
|-damage|p1a: Ninetales|76/100|[from] Leech Seed|[of] p2a: Metagross
|-heal|p2a: Metagross|99/100|[silent]
|upkeep
|turn|8
|
|t:|1758264996
|switch|p1a: Gholdengo|Gholdengo|100/100
|move|p2a: Metagross|Earthquake|p1a: Gholdengo
|-supereffective|p1a: Gholdengo
|-damage|p1a: Gholdengo|65/100
|
|-weather|Snowscape|[upkeep]
|upkeep
|turn|9
|
|t:|1758265009
|-terastallize|p2a: Metagross|Steel
|move|p1a: Gholdengo|Shadow Ball|p2a: Metagross
|-damage|p2a: Metagross|55/100
|move|p2a: Metagross|Earthquake|p1a: Gholdengo
|-supereffective|p1a: Gholdengo
|-damage|p1a: Gholdengo|31/100
|
|-weather|Snowscape|[upkeep]
|upkeep
|turn|10
|
|t:|1758265017
|switch|p1a: Latias|Latias, F, shiny|100/100
|move|p2a: Metagross|Earthquake|p1a: Latias
|-immune|p1a: Latias|[from] ability: Levitate
|
|-weather|none
|upkeep
|turn|11
|
|t:|1758265028
|move|p1a: Latias|Agility|p1a: Latias
|-boost|p1a: Latias|spe|2
|move|p2a: Metagross|Iron Head|p1a: Latias
|-damage|p1a: Latias|79/100
|
|upkeep
|turn|12
|
|t:|1758265037
|move|p1a: Latias|Calm Mind|p1a: Latias
|-boost|p1a: Latias|spa|1
|-boost|p1a: Latias|spd|1
|move|p2a: Metagross|Iron Head|p1a: Latias
|-damage|p1a: Latias|60/100
|
|-sideend|p1: jkuo9|move: Aurora Veil
|upkeep
|turn|13
|
|t:|1758265044
|move|p1a: Latias|Draining Kiss|p2a: Metagross
|-resisted|p2a: Metagross
|-damage|p2a: Metagross|47/100
|-heal|p1a: Latias|65/100|[from] drain|[of] p2a: Metagross
|move|p2a: Metagross|Iron Head|p1a: Latias
|-damage|p1a: Latias|23/100
|
|upkeep
|turn|14
|
|t:|1758265060
|switch|p1a: Ogerpon|Ogerpon-Wellspring, F|100/100
|move|p2a: Metagross|Iron Head|p1a: Ogerpon
|-resisted|p1a: Ogerpon
|-damage|p1a: Ogerpon|67/100
|
|upkeep
|turn|15
|
|t:|1758265074
|move|p1a: Ogerpon|Swords Dance|p1a: Ogerpon
|-boost|p1a: Ogerpon|atk|2
|move|p2a: Metagross|Iron Head|p1a: Ogerpon
|-resisted|p1a: Ogerpon
|-damage|p1a: Ogerpon|35/100
|
|upkeep
|turn|16
|
|t:|1758265085
|move|p1a: Ogerpon|Ivy Cudgel|p2a: Metagross|[anim] Ivy Cudgel Water
|-damage|p2a: Metagross|0 fnt
|faint|p2a: Metagross
|
|upkeep
|
|t:|1758265095
|switch|p2a: Greninja|Greninja, M, shiny|100/100
|-damage|p2a: Greninja|88/100|[from] Stealth Rock
|turn|17
|
|t:|1758265106
|switch|p1a: Ninetales|Ninetales-Alola, M|76/100
|-weather|Snowscape|[from] ability: Snow Warning|[of] p1a: Ninetales
|move|p2a: Greninja|Ice Beam|p1a: Ninetales
|-start|p2a: Greninja|typechange|Ice|[from] ability: Protean
|-resisted|p1a: Ninetales
|-damage|p1a: Ninetales|51/100
|-damage|p2a: Greninja|78/100|[from] item: Life Orb
|
|-weather|Snowscape|[upkeep]
|upkeep
|turn|18
|
|t:|1758265126
|move|p1a: Ninetales|Aurora Veil|p1a: Ninetales
|-sidestart|p1: jkuo9|move: Aurora Veil
|move|p2a: Greninja|Extrasensory|p1a: Ninetales
|-damage|p1a: Ninetales|35/100
|-damage|p2a: Greninja|68/100|[from] item: Life Orb
|
|-weather|Snowscape|[upkeep]
|upkeep
|turn|19
|
|t:|1758265157
|switch|p1a: Latias|Latias, F, shiny|23/100
|move|p2a: Greninja|Extrasensory|p1a: Latias
|-resisted|p1a: Latias
|-damage|p1a: Latias|17/100
|-damage|p2a: Greninja|59/100|[from] item: Life Orb
|
|-weather|Snowscape|[upkeep]
|upkeep
|turn|20
|
|t:|1758265172
|-terastallize|p1a: Latias|Fairy
|move|p2a: Greninja|Ice Beam|p1a: Latias
|-crit|p1a: Latias
|-damage|p1a: Latias|0 fnt
|faint|p1a: Latias
|-damage|p2a: Greninja|49/100|[from] item: Life Orb
|
|-weather|Snowscape|[upkeep]
|upkeep
|
|t:|1758265186
|switch|p1a: Scizor|Scizor, M|100/100
|turn|21
|
|t:|1758265197
|move|p2a: Greninja|Ice Beam|p1a: Scizor
|-resisted|p1a: Scizor
|-damage|p1a: Scizor|82/100
|-damage|p2a: Greninja|39/100|[from] item: Life Orb
|move|p1a: Scizor|Swords Dance|p1a: Scizor
|-boost|p1a: Scizor|atk|2
|
|-weather|none
|-heal|p1a: Scizor|88/100|[from] item: Leftovers
|upkeep
|turn|22
|
|t:|1758265208
|move|p2a: Greninja|Ice Beam|p1a: Scizor
|-resisted|p1a: Scizor
|-damage|p1a: Scizor|70/100
|-damage|p2a: Greninja|29/100|[from] item: Life Orb
|move|p1a: Scizor|Knock Off|p2a: Greninja
|-damage|p2a: Greninja|0 fnt
|-enditem|p2a: Greninja|Life Orb|[from] move: Knock Off|[of] p1a: Scizor
|faint|p2a: Greninja
|
|-heal|p1a: Scizor|76/100|[from] item: Leftovers
|upkeep
|
|t:|1758265218
|switch|p2a: Mudsdale|Mudsdale, M|100/100
|-damage|p2a: Mudsdale|94/100|[from] Stealth Rock
|turn|23
|
|t:|1758265224
|move|p1a: Scizor|Bullet Punch|p2a: Mudsdale
|-damage|p2a: Mudsdale|34/100
|-ability|p2a: Mudsdale|Stamina|boost
|-boost|p2a: Mudsdale|def|1
|move|p2a: Mudsdale|Earthquake|p1a: Scizor
|-damage|p1a: Scizor|46/100
|
|-heal|p1a: Scizor|52/100|[from] item: Leftovers
|-heal|p2a: Mudsdale|40/100|[from] item: Leftovers
|upkeep
|turn|24
|
|t:|1758265233
|move|p1a: Scizor|Bullet Punch|p2a: Mudsdale
|-damage|p2a: Mudsdale|1/100
|-ability|p2a: Mudsdale|Stamina|boost
|-boost|p2a: Mudsdale|def|1
|move|p2a: Mudsdale|Earthquake|p1a: Scizor
|-damage|p1a: Scizor|23/100
|
|-heal|p1a: Scizor|29/100|[from] item: Leftovers
|-heal|p2a: Mudsdale|8/100|[from] item: Leftovers
|upkeep
|turn|25
|
|t:|1758265245
|move|p1a: Scizor|Bullet Punch|p2a: Mudsdale
|-damage|p2a: Mudsdale|0 fnt
|faint|p2a: Mudsdale
|
|-heal|p1a: Scizor|35/100|[from] item: Leftovers
|-sideend|p1: jkuo9|move: Aurora Veil
|upkeep
|
|t:|1758265250
|switch|p2a: Zapdos|Zapdos|100/100
|turn|26
|
|t:|1758265257
|move|p1a: Scizor|Bullet Punch|p2a: Zapdos
|-resisted|p2a: Zapdos
|-damage|p2a: Zapdos|62/100
|-status|p1a: Scizor|par|[from] ability: Static|[of] p2a: Zapdos
|move|p2a: Zapdos|Hurricane|p1a: Scizor|[miss]
|-miss|p2a: Zapdos|p1a: Scizor
|
|-heal|p1a: Scizor|41/100 par|[from] item: Leftovers
|upkeep
|turn|27
|
|t:|1758265267
|move|p1a: Scizor|Bullet Punch|p2a: Zapdos
|-resisted|p2a: Zapdos
|-damage|p2a: Zapdos|24/100
|move|p2a: Zapdos|Roost|p2a: Zapdos
|-heal|p2a: Zapdos|74/100
|-singleturn|p2a: Zapdos|move: Roost
|
|-heal|p1a: Scizor|47/100 par|[from] item: Leftovers
|upkeep
|turn|28
|
|t:|1758265277
|cant|p1a: Scizor|par
|move|p2a: Zapdos|Hurricane|p1a: Scizor
|-crit|p1a: Scizor
|-damage|p1a: Scizor|0 fnt
|faint|p1a: Scizor
|
|upkeep
|
|t:|1758265285
|switch|p1a: Ninetales|Ninetales-Alola, M|35/100
|-weather|Snowscape|[from] ability: Snow Warning|[of] p1a: Ninetales
|turn|29
|
|t:|1758265294
|switch|p2a: Umbreon|Umbreon, M, shiny|100/100
|-damage|p2a: Umbreon|88/100|[from] Stealth Rock
|move|p1a: Ninetales|Freeze-Dry|p2a: Umbreon
|-damage|p2a: Umbreon|74/100
|
|-weather|Snowscape|[upkeep]
|-heal|p2a: Umbreon|80/100|[from] item: Leftovers
|upkeep
|turn|30
|
|t:|1758265303
|move|p1a: Ninetales|Aurora Veil|p1a: Ninetales
|-sidestart|p1: jkuo9|move: Aurora Veil
|move|p2a: Umbreon|Toxic|p1a: Ninetales
|-status|p1a: Ninetales|tox
|
|-weather|Snowscape|[upkeep]
|-heal|p2a: Umbreon|86/100|[from] item: Leftovers
|-damage|p1a: Ninetales|29/100 tox|[from] psn
|upkeep
|turn|31
|
|t:|1758265312
|move|p1a: Ninetales|Encore|p2a: Umbreon
|-start|p2a: Umbreon|Encore
|move|p2a: Umbreon|Toxic|p1a: Ninetales
|-fail|p1a: Ninetales|tox
|
|-weather|Snowscape|[upkeep]
|-heal|p2a: Umbreon|92/100|[from] item: Leftovers
|-damage|p1a: Ninetales|17/100 tox|[from] psn
|upkeep
|turn|32
|
|t:|1758265324
|switch|p1a: Gholdengo|Gholdengo|31/100
|switch|p2a: Zapdos|Zapdos|74/100
|
|-weather|Snowscape|[upkeep]
|upkeep
|turn|33
|
|t:|1758265333
|move|p2a: Zapdos|Thunderbolt|p1a: Gholdengo
|-damage|p1a: Gholdengo|3/100
|move|p1a: Gholdengo|Recover|p1a: Gholdengo
|-heal|p1a: Gholdengo|53/100
|
|-weather|none
|upkeep
|turn|34
|
|t:|1758265341
|move|p2a: Zapdos|Thunderbolt|p1a: Gholdengo
|-damage|p1a: Gholdengo|24/100
|move|p1a: Gholdengo|Recover|p1a: Gholdengo
|-heal|p1a: Gholdengo|74/100
|
|upkeep
|turn|35
|
|t:|1758265346
|move|p2a: Zapdos|Thunderbolt|p1a: Gholdengo
|-damage|p1a: Gholdengo|45/100
|move|p1a: Gholdengo|Recover|p1a: Gholdengo
|-heal|p1a: Gholdengo|95/100
|
|upkeep
|turn|36
|
|t:|1758265363
|move|p2a: Zapdos|Thunderbolt|p1a: Gholdengo
|-damage|p1a: Gholdengo|69/100
|move|p1a: Gholdengo|Nasty Plot|p1a: Gholdengo
|-boost|p1a: Gholdengo|spa|2
|
|upkeep
|turn|37
|
|t:|1758265369
|switch|p2a: Serperior|Serperior, M|72/100
|-damage|p2a: Serperior|59/100|[from] Stealth Rock
|move|p1a: Gholdengo|Recover|p1a: Gholdengo
|-heal|p1a: Gholdengo|100/100
|
|-heal|p2a: Serperior|66/100|[from] item: Leftovers
|-sideend|p1: jkuo9|move: Aurora Veil
|upkeep
|turn|38
|
|t:|1758265381
|move|p2a: Serperior|Leaf Storm|p1a: Gholdengo
|-resisted|p1a: Gholdengo
|-damage|p1a: Gholdengo|79/100
|-boost|p2a: Serperior|spa|2
|move|p1a: Gholdengo|Make It Rain|p2a: Serperior
|-damage|p2a: Serperior|0 fnt
|-unboost|p1a: Gholdengo|spa|1
|faint|p2a: Serperior
|
|upkeep
|-message|aimaro 3000 forfeited.
|
|win|jkuo9
|raw|jkuo9's rating: 1248 &rarr; <strong>1269</strong><br />(+21 for winning)
|raw|aimaro 3000's rating: 1185 &rarr; <strong>1164</strong><br />(-21 for losing)
|l|☆aimaro 3000
|player|p2|
|l|☆jkuo9
|player|p1|
