|j|☆scarfwake
|j|‽six10lol
|t:|1758361791
|gametype|singles
|player|p1|scarfwake|miku-flying|1443
|player|p2|six10lol|pokekid|1468
|gen|9
|tier|[Gen 9] OU
|rated|
|rule|HP Percentage Mod: HP is shown in percentages
|rule|Endless Battle Clause: Forcing endless battles is banned
|rule|Species Clause: Limit one of each Pokémon
|rule|OHKO Clause: OHKO moves are banned
|rule|Evasion Items Clause: Evasion items are banned
|rule|Evasion Moves Clause: Evasion moves are banned
|rule|Evasion Abilities Clause: Evasion abilities are banned
|rule|Sleep Moves Clause: Sleep-inducing moves are banned
|clearpoke
|poke|p1|Heatran, M|
|poke|p1|Rillaboom, M|
|poke|p1|Ogerpon-Wellspring, F|
|poke|p1|Scizor, M|
|poke|p1|Kyurem|
|poke|p1|Great Tusk|
|poke|p2|Ursaluna, M|
|poke|p2|Cresselia, F|
|poke|p2|Kingambit, M|
|poke|p2|Volcanion|
|poke|p2|Hatterene, F|
|poke|p2|Porygon2|
|teampreview
|inactive|Battle timer is ON: inactive players will automatically lose when time's up. (requested by six10lol)
|
|t:|1758361810
|teamsize|p1|6
|teamsize|p2|6
|start
|switch|p1a: Rillaboom|Rillaboom, M|100/100
|switch|p2a: Volcanion|Volcanion|100/100
|-fieldstart|move: Grassy Terrain|[from] ability: Grassy Surge|[of] p1a: Rillaboom
|turn|1
|
|t:|1758361826
|move|p1a: Rillaboom|Grassy Glide|p2a: Volcanion
|-damage|p2a: Volcanion|66/100
|move|p2a: Volcanion|Flamethrower|p1a: Rillaboom
|-supereffective|p1a: Rillaboom
|-damage|p1a: Rillaboom|0 fnt
|faint|p1a: Rillaboom
|
|-heal|p2a: Volcanion|72/100|[from] Grassy Terrain
|upkeep
|
|t:|1758361841
|switch|p1a: Heatran|Heatran, M|100/100
|turn|2
|
|t:|1758361861
|switch|p2a: Cresselia|Cresselia, F, shiny|100/100
|move|p1a: Heatran|Iron Defense|p1a: Heatran
|-boost|p1a: Heatran|def|2
|
|upkeep
|turn|3
|
|t:|1758361869
|move|p1a: Heatran|Dark Pulse|p2a: Cresselia
|-supereffective|p2a: Cresselia
|-damage|p2a: Cresselia|73/100
|cant|p2a: Cresselia|flinch
|
|upkeep
|turn|4
|
|t:|1758361874
|move|p1a: Heatran|Iron Defense|p1a: Heatran
|-boost|p1a: Heatran|def|2
|move|p2a: Cresselia|Trick Room|p2a: Cresselia
|-fieldstart|move: Trick Room|[of] p2a: Cresselia
|
|upkeep
|turn|5
|
|t:|1758361884
|move|p2a: Cresselia|Lunar Dance|p2a: Cresselia
|faint|p2a: Cresselia
|move|p1a: Heatran|Body Press|p2: Cresselia|[notarget]
|-fail|p1a: Heatran
|
|upkeep
|
|t:|1758361905
|switch|p2a: Volcanion|Volcanion|72/100
|-heal|p2a: Volcanion|100/100|[from] move: Lunar Dance
|turn|6
|
|t:|1758361916
|switch|p1a: Scizor|Scizor, M|100/100
|move|p2a: Volcanion|Steam Eruption|p1a: Scizor
|-damage|p1a: Scizor|0 fnt
|faint|p1a: Scizor
|
|upkeep
|
|t:|1758361924
|switch|p1a: Ogerpon|Ogerpon-Wellspring, F|100/100
|turn|7
|
|t:|1758361938
|switch|p2a: Kingambit|Kingambit, M|100/100
|-activate|p2a: Kingambit|ability: Supreme Overlord
|-start|p2a: Kingambit|fallen1|[silent]
|move|p1a: Ogerpon|Swords Dance|p1a: Ogerpon
|-boost|p1a: Ogerpon|atk|2
|
|upkeep
|turn|8
|
|t:|1758361945
|move|p2a: Kingambit|Kowtow Cleave|p1a: Ogerpon
|-damage|p1a: Ogerpon|14/100
|move|p1a: Ogerpon|Ivy Cudgel|p2a: Kingambit|[anim] Ivy Cudgel Water
|-damage|p2a: Kingambit|0 fnt
|faint|p2a: Kingambit
|-end|p2a: Kingambit|fallen1|[silent]
|
|-heal|p1a: Ogerpon|20/100|[from] Grassy Terrain
|-fieldend|move: Trick Room
|-fieldend|move: Grassy Terrain
|upkeep
|
|t:|1758361957
|switch|p2a: Hatterene|Hatterene, F|100/100
|turn|9
|
|t:|1758361960
|move|p1a: Ogerpon|Ivy Cudgel|p2a: Hatterene|[anim] Ivy Cudgel Water
|-enditem|p2a: Hatterene|Focus Sash
|-damage|p2a: Hatterene|1/100
|move|p2a: Hatterene|Trick Room|p2a: Hatterene
|-fieldstart|move: Trick Room|[of] p2a: Hatterene
|
|upkeep
|turn|10
|
|t:|1758361971
|move|p2a: Hatterene|Healing Wish|p2a: Hatterene
|faint|p2a: Hatterene
|move|p1a: Ogerpon|Grassy Glide|p2: Hatterene|[notarget]
|-fail|p1a: Ogerpon
|
|upkeep
|
|t:|1758361991
|switch|p2a: Ursaluna|Ursaluna, M|100/100
|turn|11
|
|t:|1758361998
|switch|p1a: Great Tusk|Great Tusk|100/100
|move|p2a: Ursaluna|Facade|p1a: Great Tusk
|-damage|p1a: Great Tusk|68/100
|
|-status|p2a: Ursaluna|brn|[from] item: Flame Orb
|upkeep
|turn|12
|
|t:|1758362004
|-terastallize|p1a: Great Tusk|Steel
|move|p2a: Ursaluna|Facade|p1a: Great Tusk
|-resisted|p1a: Great Tusk
|-damage|p1a: Great Tusk|21/100
|move|p1a: Great Tusk|Close Combat|p2a: Ursaluna
|-supereffective|p2a: Ursaluna
|-damage|p2a: Ursaluna|18/100 brn
|-unboost|p1a: Great Tusk|def|1
|-unboost|p1a: Great Tusk|spd|1
|
|-damage|p2a: Ursaluna|11/100 brn|[from] brn
|upkeep
|turn|13
|
|t:|1758362022
|-end|p1a: Great Tusk|Protosynthesis|[silent]
|switch|p1a: Heatran|Heatran, M|100/100
|move|p2a: Ursaluna|Facade|p1a: Heatran
|-resisted|p1a: Heatran
|-damage|p1a: Heatran|63/100
|
|-heal|p1a: Heatran|69/100|[from] item: Leftovers
|-damage|p2a: Ursaluna|5/100 brn|[from] brn
|-fieldend|move: Trick Room
|upkeep
|turn|14
|
|t:|1758362045
|switch|p2a: Porygon2|Porygon2|100/100
|-ability|p2a: Porygon2|Download|boost
|-boost|p2a: Porygon2|spa|1
|move|p1a: Heatran|Body Press|p2a: Porygon2
|-supereffective|p2a: Porygon2
|-crit|p2a: Porygon2
|-damage|p2a: Porygon2|43/100
|
|-heal|p1a: Heatran|75/100|[from] item: Leftovers
|upkeep
|turn|15
|
|t:|1758362054
|move|p1a: Heatran|Body Press|p2a: Porygon2
|-supereffective|p2a: Porygon2
|-damage|p2a: Porygon2|7/100
|move|p2a: Porygon2|Trick Room|p2a: Porygon2
|-fieldstart|move: Trick Room|[of] p2a: Porygon2
|
|-heal|p1a: Heatran|81/100|[from] item: Leftovers
|upkeep
|turn|16
|inactive|six10lol has 120 seconds left.
|
|t:|1758362089
|-terastallize|p2a: Porygon2|Ground
|move|p2a: Porygon2|Tera Blast|p1a: Heatran|[anim] Tera Blast Ground
|-supereffective|p1a: Heatran
|-damage|p1a: Heatran|0 fnt
|faint|p1a: Heatran
|
|upkeep
|
|t:|1758362093
|switch|p1a: Kyurem|Kyurem|100/100
|-ability|p1a: Kyurem|Pressure
|turn|17
|inactive|six10lol has 120 seconds left.
|
|t:|1758362108
|move|p1a: Kyurem|Protect|p1a: Kyurem
|-singleturn|p1a: Kyurem|Protect
|move|p2a: Porygon2|Tera Blast|p1a: Kyurem|[anim] Tera Blast Ground
|-activate|p1a: Kyurem|move: Protect
|
|upkeep
|turn|18
|inactive|six10lol has 120 seconds left.
|
|t:|1758362120
|move|p2a: Porygon2|Hyper Beam|p1a: Kyurem
|-damage|p1a: Kyurem|0 fnt
|-mustrecharge|p2a: Porygon2
|faint|p1a: Kyurem
|
|upkeep
|
|t:|1758362126
|switch|p1a: Great Tusk|Great Tusk, tera:Steel|21/100
|turn|19
|
|t:|1758362128
|cant|p2a: Porygon2|recharge
|move|p1a: Great Tusk|Close Combat|p2a: Porygon2
|-damage|p2a: Porygon2|0 fnt
|-unboost|p1a: Great Tusk|def|1
|-unboost|p1a: Great Tusk|spd|1
|faint|p2a: Porygon2
|
|-fieldend|move: Trick Room
|upkeep
|inactive|six10lol has 120 seconds left.
|
|t:|1758362149
|switch|p2a: Ursaluna|Ursaluna, M|5/100 brn
|-heal|p2a: Ursaluna|100/100|[from] move: Healing Wish
|turn|20
|
|t:|1758362162
|move|p1a: Great Tusk|Close Combat|p2a: Ursaluna
|-supereffective|p2a: Ursaluna
|-damage|p2a: Ursaluna|4/100
|-unboost|p1a: Great Tusk|def|1
|-unboost|p1a: Great Tusk|spd|1
|move|p2a: Ursaluna|Fire Punch|p1a: Great Tusk
|-supereffective|p1a: Great Tusk
|-damage|p1a: Great Tusk|0 fnt
|faint|p1a: Great Tusk
|-end|p1a: Great Tusk|Protosynthesis|[silent]
|
|-status|p2a: Ursaluna|brn|[from] item: Flame Orb
|upkeep
|
|t:|1758362166
|switch|p1a: Ogerpon|Ogerpon-Wellspring, F|20/100
|turn|21
|
|t:|1758362174
|move|p1a: Ogerpon|Grassy Glide|p2a: Ursaluna
|-supereffective|p2a: Ursaluna
|-damage|p2a: Ursaluna|0 fnt
|faint|p2a: Ursaluna
|
|upkeep
|
|t:|1758362182
|switch|p2a: Volcanion|Volcanion|100/100
|turn|22
|-message|scarfwake forfeited.
|
|win|six10lol
|raw|scarfwake's rating: 1443 &rarr; <strong>1424</strong><br />(-19 for losing)
|raw|six10lol's rating: 1468 &rarr; <strong>1487</strong><br />(+19 for winning)
|l|☆scarfwake
|player|p1|
|l|‽six10lol
|player|p2|
