|j|☆Swappy
|j|☆smthrdm
|t:|1758356728
|gametype|singles
|player|p1|Swappy|170|1346
|player|p2|smthrdm|266|1337
|gen|9
|tier|[Gen 9] OU
|rated|
|rule|HP Percentage Mod: HP is shown in percentages
|rule|Endless Battle Clause: Forcing endless battles is banned
|rule|Species Clause: Limit one of each Pokémon
|rule|OHKO Clause: OHKO moves are banned
|rule|Evasion Items Clause: Evasion items are banned
|rule|Evasion Moves Clause: Evasion moves are banned
|rule|Evasion Abilities Clause: Evasion abilities are banned
|rule|Sleep Moves Clause: Sleep-inducing moves are banned
|clearpoke
|poke|p1|Primarina, M|
|poke|p1|Torkoal, M|
|poke|p1|Great Tusk|
|poke|p1|Scizor, M|
|poke|p1|Arcanine-Hisui, F|
|poke|p1|Walking Wake|
|poke|p2|Hitmontop, M|
|poke|p2|Iron Crown|
|poke|p2|Landorus-Therian, M|
|poke|p2|Blissey, F|
|poke|p2|Cinderace, M|
|poke|p2|Dragonite, M|
|teampreview
|inactive|Battle timer is ON: inactive players will automatically lose when time's up. (requested by Swappy)
|inactive|smthrdm has 120 seconds left.
|inactive|smthrdm has 90 seconds left.
|
|t:|1758356830
|teamsize|p1|6
|teamsize|p2|6
|start
|switch|p1a: Walking Wake|Walking Wake|100/100
|switch|p2a: Dragonite|Dragonite, M|100/100
|turn|1
|
|t:|1758356837
|move|p1a: Walking Wake|Draco Meteor|p2a: Dragonite
|-supereffective|p2a: Dragonite
|-damage|p2a: Dragonite|6/100
|-unboost|p1a: Walking Wake|spa|2
|move|p2a: Dragonite|Scale Shot|p1a: Walking Wake
|-supereffective|p1a: Walking Wake
|-damage|p1a: Walking Wake|71/100
|-supereffective|p1a: Walking Wake
|-damage|p1a: Walking Wake|39/100
|-supereffective|p1a: Walking Wake
|-damage|p1a: Walking Wake|7/100
|-supereffective|p1a: Walking Wake
|-damage|p1a: Walking Wake|0 fnt
|faint|p1a: Walking Wake
|-end|p1a: Walking Wake|Protosynthesis|[silent]
|-hitcount|p1: Walking Wake|4
|-unboost|p2a: Dragonite|def|1
|-boost|p2a: Dragonite|spe|1
|
|upkeep
|
|t:|1758356846
|switch|p1a: Scizor|Scizor, M|100/100
|turn|2
|
|t:|1758356851
|switch|p2a: Landorus|Landorus-Therian, M|100/100
|-ability|p2a: Landorus|Intimidate|boost
|-unboost|p1a: Scizor|atk|1
|move|p1a: Scizor|Bullet Punch|p2a: Landorus
|-damage|p2a: Landorus|67/100
|
|upkeep
|turn|3
|
|t:|1758356863
|switch|p1a: Great Tusk|Great Tusk|100/100
|move|p2a: Landorus|U-turn|p1a: Great Tusk
|-resisted|p1a: Great Tusk
|-damage|p1a: Great Tusk|91/100
|
|t:|1758356870
|switch|p2a: Hitmontop|Hitmontop, M|100/100|[from] U-turn
|
|upkeep
|turn|4
|
|t:|1758356876
|-end|p1a: Great Tusk|Protosynthesis|[silent]
|switch|p1a: Primarina|Primarina, M|100/100
|move|p2a: Hitmontop|Triple Axel|p1a: Primarina
|-resisted|p1a: Primarina
|-damage|p1a: Primarina|96/100
|-resisted|p1a: Primarina
|-damage|p1a: Primarina|89/100
|-resisted|p1a: Primarina
|-damage|p1a: Primarina|77/100
|-hitcount|p1a: Primarina|3
|
|-heal|p1a: Primarina|83/100|[from] item: Leftovers
|upkeep
|turn|5
|
|t:|1758356885
|switch|p2a: Iron Crown|Iron Crown|100/100
|move|p1a: Primarina|Substitute|p1a: Primarina
|-start|p1a: Primarina|Substitute
|-damage|p1a: Primarina|58/100
|
|-heal|p1a: Primarina|64/100|[from] item: Leftovers
|upkeep
|turn|6
|
|t:|1758356892
|move|p2a: Iron Crown|Tachyon Cutter|p1a: Primarina
|-activate|p1a: Primarina|move: Substitute|[damage]
|-end|p1a: Primarina|Substitute
|-hitcount|p1a: Primarina|2
|move|p1a: Primarina|Surf|p2a: Iron Crown
|-damage|p2a: Iron Crown|75/100
|
|-heal|p1a: Primarina|70/100|[from] item: Leftovers
|upkeep
|turn|7
|
|t:|1758356914
|switch|p1a: Great Tusk|Great Tusk|91/100
|move|p2a: Iron Crown|Future Sight|p1a: Great Tusk
|-start|p2a: Iron Crown|move: Future Sight
|
|upkeep
|turn|8
|
|t:|1758356927
|-end|p2a: Iron Crown|Quark Drive|[silent]
|switch|p2a: Landorus|Landorus-Therian, M|67/100
|-ability|p2a: Landorus|Intimidate|boost
|-unboost|p1a: Great Tusk|atk|1
|move|p1a: Great Tusk|Headlong Rush|p2a: Landorus
|-immune|p2a: Landorus
|
|upkeep
|turn|9
|
|t:|1758356938
|switch|p2a: Hitmontop|Hitmontop, M|100/100
|-end|p1a: Great Tusk|Protosynthesis|[silent]
|switch|p1a: Scizor|Scizor, M|100/100
|
|-end|p1a: Scizor|move: Future Sight
|-resisted|p1a: Scizor
|-damage|p1a: Scizor|59/100
|upkeep
|turn|10
|
|t:|1758356948
|move|p1a: Scizor|U-turn|p2a: Hitmontop
|-resisted|p2a: Hitmontop
|-damage|p2a: Hitmontop|66/100
|
|t:|1758356952
|switch|p1a: Primarina|Primarina, M|70/100|[from] U-turn
|move|p2a: Hitmontop|Close Combat|p1a: Primarina
|-resisted|p1a: Primarina
|-damage|p1a: Primarina|46/100
|-unboost|p2a: Hitmontop|def|1
|-unboost|p2a: Hitmontop|spd|1
|
|-heal|p1a: Primarina|52/100|[from] item: Leftovers
|upkeep
|turn|11
|
|t:|1758356958
|switch|p2a: Iron Crown|Iron Crown|75/100
|move|p1a: Primarina|Draining Kiss|p2a: Iron Crown
|-resisted|p2a: Iron Crown
|-damage|p2a: Iron Crown|68/100
|-heal|p1a: Primarina|57/100|[from] drain|[of] p2a: Iron Crown
|
|-heal|p1a: Primarina|63/100|[from] item: Leftovers
|upkeep
|turn|12
|
|t:|1758356967
|switch|p1a: Torkoal|Torkoal, M|100/100
|-weather|SunnyDay|[from] ability: Drought|[of] p1a: Torkoal
|move|p2a: Iron Crown|Volt Switch|p1a: Torkoal
|-damage|p1a: Torkoal|69/100
|l|☆smthrdm
|inactive|smthrdm disconnected and has a minute to reconnect!
|player|p2|
|j|☆smthrdm
|inactive|smthrdm reconnected and has 130 seconds left.
|player|p2|smthrdm|266|
|inactive|smthrdm has 120 seconds left.
|inactive|smthrdm has 90 seconds left.
|l|☆smthrdm
|inactive|smthrdm disconnected and has a minute to reconnect!
|player|p2|
|j|☆smthrdm
|inactive|smthrdm reconnected and has 85 seconds left.
|player|p2|smthrdm|266|
|
|t:|1758357050
|-end|p2a: Iron Crown|Quark Drive|[silent]
|switch|p2a: Landorus|Landorus-Therian, M|67/100|[from] Volt Switch
|-ability|p2a: Landorus|Intimidate|boost
|-unboost|p1a: Torkoal|atk|1
|
|-weather|SunnyDay|[upkeep]
|upkeep
|turn|13
|
|t:|1758357063
|move|p2a: Landorus|Earthquake|p1a: Torkoal
|-supereffective|p1a: Torkoal
|-damage|p1a: Torkoal|6/100
|move|p1a: Torkoal|Overheat|p2a: Landorus
|-damage|p2a: Landorus|0 fnt
|-unboost|p1a: Torkoal|spa|2
|faint|p2a: Landorus
|
|-weather|SunnyDay|[upkeep]
|upkeep
|
|t:|1758357070
|switch|p2a: Blissey|Blissey, F|100/100
|turn|14
|inactive|smthrdm has 90 seconds left.
|
|t:|1758357083
|switch|p1a: Scizor|Scizor, M|59/100
|move|p2a: Blissey|Seismic Toss|p1a: Scizor
|-damage|p1a: Scizor|27/100
|
|-weather|SunnyDay|[upkeep]
|upkeep
|turn|15
|inactive|smthrdm has 90 seconds left.
|
|t:|1758357090
|switch|p2a: Dragonite|Dragonite, M|6/100
|move|p1a: Scizor|Knock Off|p2a: Dragonite
|-damage|p2a: Dragonite|0 fnt
|-enditem|p2a: Dragonite|Loaded Dice|[from] move: Knock Off|[of] p1a: Scizor
|faint|p2a: Dragonite
|
|-weather|SunnyDay|[upkeep]
|upkeep
|
|t:|1758357094
|switch|p2a: Cinderace|Cinderace, M|100/100
|turn|16
|
|t:|1758357101
|switch|p1a: Primarina|Primarina, M|63/100
|move|p2a: Cinderace|Pyro Ball|p1a: Primarina
|-resisted|p1a: Primarina
|-damage|p1a: Primarina|29/100
|
|-weather|SunnyDay|[upkeep]
|-heal|p1a: Primarina|35/100|[from] item: Leftovers
|upkeep
|turn|17
|
|t:|1758357111
|move|p2a: Cinderace|U-turn|p1a: Primarina
|-start|p2a: Cinderace|typechange|Bug|[from] ability: Libero
|-resisted|p1a: Primarina
|-damage|p1a: Primarina|21/100
|
|t:|1758357114
|switch|p2a: Iron Crown|Iron Crown|68/100|[from] U-turn
|move|p1a: Primarina|Draining Kiss|p2a: Iron Crown
|-resisted|p2a: Iron Crown
|-damage|p2a: Iron Crown|61/100
|-heal|p1a: Primarina|26/100|[from] drain|[of] p2a: Iron Crown
|
|-weather|SunnyDay|[upkeep]
|-heal|p1a: Primarina|32/100|[from] item: Leftovers
|upkeep
|turn|18
|
|t:|1758357125
|move|p2a: Iron Crown|Tachyon Cutter|p1a: Primarina
|-damage|p1a: Primarina|11/100
|-damage|p1a: Primarina|0 fnt
|faint|p1a: Primarina
|-hitcount|p1: Primarina|2
|
|-weather|SunnyDay|[upkeep]
|upkeep
|
|t:|1758357129
|switch|p1a: Arcanine|Arcanine-Hisui, F|100/100
|turn|19
|inactive|smthrdm has 120 seconds left.
|
|t:|1758357142
|move|p1a: Arcanine|Flare Blitz|p2a: Iron Crown
|-supereffective|p2a: Iron Crown
|-damage|p2a: Iron Crown|0 fnt
|faint|p2a: Iron Crown
|-end|p2a: Iron Crown|Quark Drive|[silent]
|
|-weather|none
|upkeep
|
|t:|1758357144
|switch|p2a: Hitmontop|Hitmontop, M|66/100
|turn|20
|
|t:|1758357153
|move|p2a: Hitmontop|Mach Punch|p1a: Arcanine
|-supereffective|p1a: Arcanine
|-damage|p1a: Arcanine|28/100
|move|p1a: Arcanine|Flare Blitz|p2a: Hitmontop
|-damage|p2a: Hitmontop|0 fnt
|faint|p2a: Hitmontop
|
|upkeep
|
|t:|1758357156
|switch|p2a: Cinderace|Cinderace, M|100/100
|turn|21
|
|t:|1758357163
|switch|p1a: Scizor|Scizor, M|27/100
|move|p2a: Cinderace|Sucker Punch||[still]
|-fail|p2a: Cinderace
|
|upkeep
|turn|22
|
|t:|1758357172
|move|p2a: Cinderace|Sucker Punch|p1a: Scizor
|-start|p2a: Cinderace|typechange|Dark|[from] ability: Libero
|-damage|p1a: Scizor|0 fnt
|faint|p1a: Scizor
|
|upkeep
|
|t:|1758357177
|switch|p1a: Great Tusk|Great Tusk|91/100
|turn|23
|
|t:|1758357184
|switch|p2a: Blissey|Blissey, F|100/100
|move|p1a: Great Tusk|Close Combat|p2a: Blissey
|-supereffective|p2a: Blissey
|-damage|p2a: Blissey|0 fnt
|-unboost|p1a: Great Tusk|def|1
|-unboost|p1a: Great Tusk|spd|1
|faint|p2a: Blissey
|
|upkeep
|
|t:|1758357189
|switch|p2a: Cinderace|Cinderace, M|100/100
|turn|24
|
|t:|1758357197
|-end|p1a: Great Tusk|Protosynthesis|[silent]
|switch|p1a: Arcanine|Arcanine-Hisui, F|28/100
|move|p2a: Cinderace|Pyro Ball|p1a: Arcanine
|-resisted|p1a: Arcanine
|-damage|p1a: Arcanine|10/100
|
|upkeep
|turn|25
|
|t:|1758357202
|move|p1a: Arcanine|Extreme Speed|p2a: Cinderace
|-damage|p2a: Cinderace|61/100
|move|p2a: Cinderace|Sucker Punch||[still]
|-fail|p2a: Cinderace
|
|upkeep
|turn|26
|
|t:|1758357210
|move|p1a: Arcanine|Extreme Speed|p2a: Cinderace
|-damage|p2a: Cinderace|24/100
|move|p2a: Cinderace|Pyro Ball|p1a: Arcanine
|-resisted|p1a: Arcanine
|-damage|p1a: Arcanine|0 fnt
|faint|p1a: Arcanine
|
|upkeep
|
|t:|1758357214
|switch|p1a: Great Tusk|Great Tusk|91/100
|turn|27
|
|t:|1758357216
|-terastallize|p2a: Cinderace|Fire
|move|p2a: Cinderace|Pyro Ball|p1a: Great Tusk
|-damage|p1a: Great Tusk|38/100
|move|p1a: Great Tusk|Headlong Rush|p2a: Cinderace
|-supereffective|p2a: Cinderace
|-damage|p2a: Cinderace|0 fnt
|-unboost|p1a: Great Tusk|def|1
|-unboost|p1a: Great Tusk|spd|1
|faint|p2a: Cinderace
|
|win|Swappy
|raw|Swappy's rating: 1346 &rarr; <strong>1365</strong><br />(+19 for winning)
|raw|smthrdm's rating: 1337 &rarr; <strong>1318</strong><br />(-19 for losing)
|c|☆smthrdm|gg
|l|☆smthrdm
|player|p2|
|c|☆Swappy|gg
|l|☆Swappy
|player|p1|
