|j|☆ccdesir
|j|‽Jalennn<3
|t:|1758336823
|gametype|singles
|player|p1|ccdesir|265|1121
|player|p2|Jalennn<3|169|1125
|gen|9
|tier|[Gen 9] OU
|rated|
|rule|HP Percentage Mod: HP is shown in percentages
|rule|Endless Battle Clause: Forcing endless battles is banned
|rule|Species Clause: Limit one of each Pokémon
|rule|OHKO Clause: OHKO moves are banned
|rule|Evasion Items Clause: Evasion items are banned
|rule|Evasion Moves Clause: Evasion moves are banned
|rule|Evasion Abilities Clause: Evasion abilities are banned
|rule|Sleep Moves Clause: Sleep-inducing moves are banned
|clearpoke
|poke|p1|Tyranitar, F|
|poke|p1|Gholdengo|
|poke|p1|Zamazenta-*|
|poke|p1|Rillaboom, F|
|poke|p1|Garchomp, M|
|poke|p1|Zapdos|
|poke|p2|Hydreigon, M|
|poke|p2|Spidops, F|
|poke|p2|Sableye, F|
|poke|p2|Meowstic, M|
|poke|p2|Orthworm, F|
|poke|p2|Hitmontop, M|
|teampreview
|inactive|Battle timer is ON: inactive players will automatically lose when time's up. (requested by Jalennn<3)
|
|t:|1758336835
|teamsize|p1|6
|teamsize|p2|6
|start
|switch|p1a: Tyranitar|Tyranitar, F|100/100
|switch|p2a: Spidops|Spidops, F|100/100
|-weather|Sandstorm|[from] ability: Sand Stream|[of] p1a: Tyranitar
|turn|1
|
|t:|1758336844
|move|p1a: Tyranitar|Knock Off|p2a: Spidops
|-damage|p2a: Spidops|44/100
|-enditem|p2a: Spidops|Focus Sash|[from] move: Knock Off|[of] p1a: Tyranitar
|move|p2a: Spidops|Circle Throw|p1a: Tyranitar
|-supereffective|p1a: Tyranitar
|-damage|p1a: Tyranitar|39/100
|drag|p1a: Garchomp|Garchomp, M|100/100
|
|-weather|Sandstorm|[upkeep]
|-damage|p2a: Spidops|37/100|[from] Sandstorm
|upkeep
|turn|2
|
|t:|1758336858
|move|p1a: Garchomp|Stealth Rock|p2a: Spidops
|-sidestart|p2: Jalennn<3|move: Stealth Rock
|move|p2a: Spidops|Sticky Web|p1a: Garchomp
|-sidestart|p1: ccdesir|move: Sticky Web
|
|-weather|Sandstorm|[upkeep]
|-damage|p2a: Spidops|31/100|[from] Sandstorm
|upkeep
|turn|3
|
|t:|1758336867
|move|p2a: Spidops|Silk Trap|p2a: Spidops
|-singleturn|p2a: Spidops|Protect
|move|p1a: Garchomp|Earthquake|p2a: Spidops
|-activate|p2a: Spidops|move: Protect
|
|-weather|Sandstorm|[upkeep]
|-damage|p2a: Spidops|25/100|[from] Sandstorm
|upkeep
|turn|4
|
|t:|1758336874
|move|p1a: Garchomp|Spikes|p2a: Spidops
|-sidestart|p2: Jalennn<3|Spikes
|move|p2a: Spidops|Knock Off|p1a: Garchomp
|-damage|p1a: Garchomp|82/100
|-damage|p2a: Spidops|13/100|[from] ability: Rough Skin|[of] p1a: Garchomp
|-damage|p2a: Spidops|0 fnt|[from] item: Rocky Helmet|[of] p1a: Garchomp
|faint|p2a: Spidops
|
|-weather|Sandstorm|[upkeep]
|upkeep
|inactive|Jalennn<3 has 120 seconds left.
|
|t:|1758336907
|switch|p2a: Orthworm|Orthworm, F, shiny|100/100
|-damage|p2a: Orthworm|94/100|[from] Stealth Rock
|-damage|p2a: Orthworm|82/100|[from] Spikes
|turn|5
|
|t:|1758336922
|move|p1a: Garchomp|Earthquake|p2a: Orthworm
|-heal|p2a: Orthworm|100/100|[from] ability: Earth Eater|[of] p1a: Garchomp
|move|p2a: Orthworm|Iron Defense|p2a: Orthworm
|-boost|p2a: Orthworm|def|2
|
|-weather|none
|upkeep
|turn|6
|
|t:|1758336934
|move|p2a: Orthworm|Stealth Rock|p1a: Garchomp
|-sidestart|p1: ccdesir|move: Stealth Rock
|move|p1a: Garchomp|Dragon Tail|p2a: Orthworm
|-resisted|p2a: Orthworm
|-damage|p2a: Orthworm|96/100
|drag|p2a: Sableye|Sableye, F|100/100
|
|upkeep
|turn|7
|
|t:|1758336944
|move|p2a: Sableye|Will-O-Wisp|p1a: Garchomp
|-status|p1a: Garchomp|brn
|move|p1a: Garchomp|Earthquake|p2a: Sableye
|-damage|p2a: Sableye|78/100
|
|-damage|p1a: Garchomp|76/100 brn|[from] brn
|upkeep
|turn|8
|
|t:|1758336954
|move|p2a: Sableye|Encore|p1a: Garchomp
|-start|p1a: Garchomp|Encore
|move|p1a: Garchomp|Earthquake|p2a: Sableye
|-damage|p2a: Sableye|59/100
|
|-damage|p1a: Garchomp|70/100 brn|[from] brn
|upkeep
|turn|9
|
|t:|1758336965
|switch|p1a: Tyranitar|Tyranitar, F|39/100
|-weather|Sandstorm|[from] ability: Sand Stream|[of] p1a: Tyranitar
|switch|p2a: Orthworm|Orthworm, F, shiny|96/100
|-damage|p2a: Orthworm|90/100|[from] Stealth Rock
|-damage|p2a: Orthworm|78/100|[from] Spikes
|
|-weather|Sandstorm|[upkeep]
|-heal|p2a: Orthworm|84/100|[from] item: Leftovers
|upkeep
|turn|10
|
|t:|1758336978
|-terastallize|p1a: Tyranitar|Fighting
|move|p1a: Tyranitar|Low Kick|p2a: Orthworm
|-supereffective|p2a: Orthworm
|-crit|p2a: Orthworm
|-damage|p2a: Orthworm|0 fnt
|faint|p2a: Orthworm
|
|-weather|Sandstorm|[upkeep]
|-damage|p1a: Tyranitar|33/100|[from] Sandstorm
|upkeep
|
|t:|1758336990
|switch|p2a: Meowstic|Meowstic, M|100/100
|-damage|p2a: Meowstic|88/100|[from] Stealth Rock
|-damage|p2a: Meowstic|76/100|[from] Spikes
|turn|11
|
|t:|1758337001
|switch|p1a: Garchomp|Garchomp, M|70/100 brn
|-activate|p1a: Garchomp|move: Sticky Web
|-unboost|p1a: Garchomp|spe|1
|-damage|p1a: Garchomp|64/100 brn|[from] Stealth Rock
|move|p2a: Meowstic|Psychic Noise|p1a: Garchomp
|-damage|p1a: Garchomp|37/100 brn
|-start|p1a: Garchomp|move: Heal Block
|-enditem|p2a: Meowstic|Throat Spray
|-boost|p2a: Meowstic|spa|1|[from] item: Throat Spray
|
|-weather|Sandstorm|[upkeep]
|-damage|p2a: Meowstic|69/100|[from] Sandstorm
|-damage|p1a: Garchomp|31/100 brn|[from] brn
|upkeep
|turn|12
|
|t:|1758337017
|move|p2a: Meowstic|Alluring Voice|p1a: Garchomp
|-supereffective|p1a: Garchomp
|-damage|p1a: Garchomp|0 fnt
|faint|p1a: Garchomp
|
|-weather|Sandstorm|[upkeep]
|-damage|p2a: Meowstic|63/100|[from] Sandstorm
|upkeep
|inactive|ccdesir has 120 seconds left.
|
|t:|1758337042
|switch|p1a: Rillaboom|Rillaboom, F|100/100
|-fieldstart|move: Grassy Terrain|[from] ability: Grassy Surge|[of] p1a: Rillaboom
|turn|13
|inactive|ccdesir has 120 seconds left.
|
|t:|1758337056
|move|p2a: Meowstic|Psychic Noise|p1a: Rillaboom
|-crit|p1a: Rillaboom
|-damage|p1a: Rillaboom|19/100
|-start|p1a: Rillaboom|move: Heal Block
|move|p1a: Rillaboom|Knock Off|p2a: Meowstic
|-supereffective|p2a: Meowstic
|-damage|p2a: Meowstic|0 fnt
|faint|p2a: Meowstic
|
|-weather|none
|upkeep
|
|t:|1758337062
|switch|p2a: Hydreigon|Hydreigon, M, shiny|100/100
|-damage|p2a: Hydreigon|88/100|[from] Stealth Rock
|turn|14
|
|t:|1758337075
|switch|p1a: Tyranitar|Tyranitar, F, tera:Fighting|33/100
|-weather|Sandstorm|[from] ability: Sand Stream|[of] p1a: Tyranitar
|move|p2a: Hydreigon|Substitute|p2a: Hydreigon
|-start|p2a: Hydreigon|Substitute
|-damage|p2a: Hydreigon|63/100
|
|-weather|Sandstorm|[upkeep]
|-damage|p2a: Hydreigon|57/100|[from] Sandstorm
|-damage|p1a: Tyranitar|27/100|[from] Sandstorm
|-heal|p1a: Tyranitar|33/100|[from] Grassy Terrain
|upkeep
|turn|15
|
|t:|1758337085
|move|p2a: Hydreigon|Focus Energy|p2a: Hydreigon
|-start|p2a: Hydreigon|move: Focus Energy
|move|p1a: Tyranitar|Ice Punch|p2a: Hydreigon
|-supereffective|p2a: Hydreigon
|-end|p2a: Hydreigon|Substitute
|
|-weather|Sandstorm|[upkeep]
|-damage|p2a: Hydreigon|51/100|[from] Sandstorm
|-damage|p1a: Tyranitar|27/100|[from] Sandstorm
|-heal|p1a: Tyranitar|33/100|[from] Grassy Terrain
|upkeep
|turn|16
|
|t:|1758337095
|move|p2a: Hydreigon|Flash Cannon|p1a: Tyranitar
|-crit|p1a: Tyranitar
|-damage|p1a: Tyranitar|0 fnt
|faint|p1a: Tyranitar
|
|-weather|Sandstorm|[upkeep]
|-damage|p2a: Hydreigon|45/100|[from] Sandstorm
|upkeep
|
|t:|1758337107
|switch|p1a: Zamazenta|Zamazenta|100/100
|-ability|p1a: Zamazenta|Dauntless Shield|boost
|-boost|p1a: Zamazenta|def|1
|turn|17
|
|t:|1758337119
|move|p1a: Zamazenta|Heavy Slam|p2a: Hydreigon
|-damage|p2a: Hydreigon|30/100
|move|p2a: Hydreigon|Draco Meteor|p1a: Zamazenta
|-crit|p1a: Zamazenta
|-damage|p1a: Zamazenta|2/100
|-unboost|p2a: Hydreigon|spa|2
|
|-weather|Sandstorm|[upkeep]
|-damage|p1a: Zamazenta|0 fnt|[from] Sandstorm
|-damage|p2a: Hydreigon|24/100|[from] Sandstorm
|faint|p1a: Zamazenta
|-fieldend|move: Grassy Terrain
|upkeep
|
|t:|1758337129
|switch|p1a: Zapdos|Zapdos|100/100
|turn|18
|
|t:|1758337148
|move|p1a: Zapdos|Heat Wave|p2a: Hydreigon
|-resisted|p2a: Hydreigon
|-damage|p2a: Hydreigon|6/100
|move|p2a: Hydreigon|Draco Meteor|p1a: Zapdos
|-crit|p1a: Zapdos
|-damage|p1a: Zapdos|0 fnt
|-unboost|p2a: Hydreigon|spa|2
|faint|p1a: Zapdos
|
|-weather|none
|upkeep
|
|t:|1758337158
|switch|p1a: Rillaboom|Rillaboom, F|19/100
|-fieldstart|move: Grassy Terrain|[from] ability: Grassy Surge|[of] p1a: Rillaboom
|turn|19
|
|t:|1758337164
|move|p1a: Rillaboom|Grassy Glide|p2a: Hydreigon
|-resisted|p2a: Hydreigon
|-damage|p2a: Hydreigon|0 fnt
|faint|p2a: Hydreigon
|
|-heal|p1a: Rillaboom|25/100|[from] Grassy Terrain
|upkeep
|
|t:|1758337189
|switch|p2a: Sableye|Sableye, F|59/100
|turn|20
|
|t:|1758337211
|move|p1a: Rillaboom|Grassy Glide|p2a: Sableye
|-damage|p2a: Sableye|17/100
|move|p2a: Sableye|Will-O-Wisp|p1a: Rillaboom
|-status|p1a: Rillaboom|brn
|
|-heal|p1a: Rillaboom|31/100 brn|[from] Grassy Terrain
|-heal|p2a: Sableye|23/100|[from] Grassy Terrain
|-damage|p1a: Rillaboom|25/100 brn|[from] brn
|upkeep
|turn|21
|
|t:|1758337223
|move|p1a: Rillaboom|Wood Hammer|p2a: Sableye
|-damage|p2a: Sableye|0 fnt
|faint|p2a: Sableye
|-damage|p1a: Rillaboom|18/100 brn|[from] Recoil
|
|-heal|p1a: Rillaboom|24/100 brn|[from] Grassy Terrain
|-damage|p1a: Rillaboom|18/100 brn|[from] brn
|upkeep
|
|t:|1758337226
|switch|p2a: Hitmontop|Hitmontop, M|100/100
|-damage|p2a: Hitmontop|95/100|[from] Stealth Rock
|-damage|p2a: Hitmontop|82/100|[from] Spikes
|turn|22
|
|t:|1758337239
|move|p2a: Hitmontop|Mach Punch|p1a: Rillaboom
|-damage|p1a: Rillaboom|0 fnt
|faint|p1a: Rillaboom
|
|-heal|p2a: Hitmontop|88/100|[from] Grassy Terrain
|upkeep
|
|t:|1758337245
|switch|p1a: Gholdengo|Gholdengo|100/100
|-damage|p1a: Gholdengo|94/100|[from] Stealth Rock
|-item|p1a: Gholdengo|Air Balloon
|turn|23
|
|t:|1758337259
|move|p1a: Gholdengo|Dazzling Gleam|p2a: Hitmontop
|-supereffective|p2a: Hitmontop
|-damage|p2a: Hitmontop|56/100
|move|p2a: Hitmontop|Triple Axel|p1a: Gholdengo
|-resisted|p1a: Gholdengo
|-damage|p1a: Gholdengo|91/100
|-enditem|p1a: Gholdengo|Air Balloon
|-resisted|p1a: Gholdengo
|-damage|p1a: Gholdengo|85/100
|-resisted|p1a: Gholdengo
|-damage|p1a: Gholdengo|76/100
|-hitcount|p1a: Gholdengo|3
|
|-heal|p1a: Gholdengo|82/100|[from] Grassy Terrain
|-heal|p2a: Hitmontop|62/100|[from] Grassy Terrain
|-fieldend|move: Grassy Terrain
|upkeep
|turn|24
|
|t:|1758337273
|move|p1a: Gholdengo|Dazzling Gleam|p2a: Hitmontop
|-supereffective|p2a: Hitmontop
|-damage|p2a: Hitmontop|28/100
|move|p2a: Hitmontop|Earthquake|p1a: Gholdengo
|-supereffective|p1a: Gholdengo
|-damage|p1a: Gholdengo|41/100
|
|upkeep
|turn|25
|
|t:|1758337281
|-terastallize|p2a: Hitmontop|Fighting
|move|p1a: Gholdengo|Recover|p1a: Gholdengo
|-heal|p1a: Gholdengo|91/100
|move|p2a: Hitmontop|Earthquake|p1a: Gholdengo
|-supereffective|p1a: Gholdengo
|-damage|p1a: Gholdengo|49/100
|
|upkeep
|turn|26
|
|t:|1758337289
|move|p1a: Gholdengo|Recover|p1a: Gholdengo
|-heal|p1a: Gholdengo|99/100
|move|p2a: Hitmontop|Earthquake|p1a: Gholdengo
|-supereffective|p1a: Gholdengo
|-crit|p1a: Gholdengo
|-damage|p1a: Gholdengo|35/100
|
|upkeep
|turn|27
|
|t:|1758337296
|move|p1a: Gholdengo|Dazzling Gleam|p2a: Hitmontop
|-supereffective|p2a: Hitmontop
|-damage|p2a: Hitmontop|0 fnt
|faint|p2a: Hitmontop
|
|win|ccdesir
|raw|ccdesir's rating: 1121 &rarr; <strong>1146</strong><br />(+25 for winning)
|raw|Jalennn&lt;3's rating: 1125 &rarr; <strong>1100</strong><br />(-25 for losing)
|l|‽Jalennn<3
|player|p2|
|l|☆ccdesir
|player|p1|
