|j|☆smogonules
|j|☆Thibault56
|t:|1758371867
|gametype|singles
|player|p1|smogonules|266|1624
|player|p2|Thibault56|acetrainer|1715
|gen|9
|tier|[Gen 9] OU
|rated|
|rule|HP Percentage Mod: HP is shown in percentages
|rule|Endless Battle Clause: Forcing endless battles is banned
|rule|Species Clause: Limit one of each Pokémon
|rule|OHKO Clause: OHKO moves are banned
|rule|Evasion Items Clause: Evasion items are banned
|rule|Evasion Moves Clause: Evasion moves are banned
|rule|Evasion Abilities Clause: Evasion abilities are banned
|rule|Sleep Moves Clause: Sleep-inducing moves are banned
|clearpoke
|poke|p1|Jirachi|
|poke|p1|Great Tusk|
|poke|p1|Latios, M|
|poke|p1|Gardevoir, F|
|poke|p1|Polteageist|
|poke|p1|Crawdaunt, F|
|poke|p2|Clodsire, F|
|poke|p2|Pelipper, F|
|poke|p2|Barraskewda, M|
|poke|p2|Zapdos|
|poke|p2|Corviknight, F|
|poke|p2|Incineroar, M|
|teampreview
|
|t:|1758371898
|teamsize|p1|6
|teamsize|p2|6
|start
|switch|p1a: Chamomile|Jirachi|100/100
|switch|p2a: Incineroar|Incineroar, M|100/100
|-ability|p2a: Incineroar|Intimidate|boost
|-unboost|p1a: Chamomile|atk|1
|turn|1
|inactive|Battle timer is ON: inactive players will automatically lose when time's up. (requested by Thibault56)
|inactive|smogonules has 120 seconds left.
|
|t:|1758371946
|move|p1a: Chamomile|Thunder Wave|p2a: Incineroar|[miss]
|-miss|p1a: Chamomile|p2a: Incineroar
|move|p2a: Incineroar|Knock Off|p1a: Chamomile
|-supereffective|p1a: Chamomile
|-damage|p1a: Chamomile|19/100
|-enditem|p1a: Chamomile|Focus Sash|[from] move: Knock Off|[of] p2a: Incineroar
|
|upkeep
|turn|2
|
|t:|1758371968
|move|p1a: Chamomile|Stealth Rock|p2a: Incineroar
|-sidestart|p2: Thibault56|move: Stealth Rock
|move|p2a: Incineroar|Knock Off|p1a: Chamomile
|-supereffective|p1a: Chamomile
|-damage|p1a: Chamomile|0 fnt
|faint|p1a: Chamomile
|
|upkeep
|
|t:|1758371971
|switch|p1a: Scampi|Crawdaunt, F|100/100
|turn|3
|
|t:|1758371982
|-terastallize|p2a: Incineroar|Fairy
|move|p1a: Scampi|Swords Dance|p1a: Scampi
|-boost|p1a: Scampi|atk|2
|move|p2a: Incineroar|Will-O-Wisp|p1a: Scampi
|-status|p1a: Scampi|brn
|
|-damage|p1a: Scampi|95/100 brn|[from] brn
|upkeep
|turn|4
|
|t:|1758371991
|move|p1a: Scampi|Crabhammer|p2a: Incineroar
|-damage|p2a: Incineroar|11/100
|-damage|p1a: Scampi|85/100 brn|[from] item: Life Orb
|move|p2a: Incineroar|Drain Punch|p1a: Scampi
|-supereffective|p1a: Scampi
|-damage|p1a: Scampi|29/100 brn
|-heal|p2a: Incineroar|30/100|[from] drain|[of] p1a: Scampi
|
|-damage|p1a: Scampi|23/100 brn|[from] brn
|upkeep
|turn|5
|j| sirpeanutcronch
|
|t:|1758372004
|move|p1a: Scampi|Aqua Jet|p2a: Incineroar
|-damage|p2a: Incineroar|0 fnt
|faint|p2a: Incineroar
|-damage|p1a: Scampi|13/100 brn|[from] item: Life Orb
|
|-damage|p1a: Scampi|7/100 brn|[from] brn
|upkeep
|l| sirpeanutcronch
|
|t:|1758372028
|switch|p2a: Barraskewda|Barraskewda, M|100/100
|-damage|p2a: Barraskewda|88/100|[from] Stealth Rock
|turn|6
|
|t:|1758372030
|move|p2a: Barraskewda|Aqua Jet|p1a: Scampi
|-resisted|p1a: Scampi
|-damage|p1a: Scampi|0 fnt
|faint|p1a: Scampi
|
|upkeep
|
|t:|1758372033
|switch|p1a: Syrup|Latios, M|100/100
|turn|7
|
|t:|1758372040
|switch|p2a: Corviknight|Corviknight, F|100/100
|-damage|p2a: Corviknight|88/100|[from] Stealth Rock
|-ability|p2a: Corviknight|Pressure
|move|p1a: Syrup|Reflect|p1a: Syrup
|-sidestart|p1: smogonules|Reflect
|
|upkeep
|turn|8
|
|t:|1758372046
|move|p1a: Syrup|Simple Beam|p2a: Corviknight
|-ability|p2a: Corviknight|Simple|Pressure|[from] move: Simple Beam
|move|p2a: Corviknight|Defog|p1a: Syrup
|-unboost|p1a: Syrup|evasion|1
|-sideend|p1: smogonules|Reflect
|-sideend|p2: Thibault56|Stealth Rock|[from] move: Defog|[of] p2a: Corviknight
|
|upkeep
|turn|9
|
|t:|1758372054
|move|p1a: Syrup|Reflect|p1a: Syrup
|-sidestart|p1: smogonules|Reflect
|move|p2a: Corviknight|U-turn|p1a: Syrup
|-supereffective|p1a: Syrup
|-damage|p1a: Syrup|83/100
|
|t:|1758372057
|switch|p2a: Pelipper|Pelipper, F|100/100|[from] U-turn
|-weather|RainDance|[from] ability: Drizzle|[of] p2a: Pelipper
|
|-weather|RainDance|[upkeep]
|upkeep
|turn|10
|
|t:|1758372062
|switch|p2a: Corviknight|Corviknight, F|88/100
|-ability|p2a: Corviknight|Pressure
|move|p1a: Syrup|Simple Beam|p2a: Corviknight
|-ability|p2a: Corviknight|Simple|Pressure|[from] move: Simple Beam
|
|-weather|RainDance|[upkeep]
|upkeep
|turn|11
|
|t:|1758372067
|move|p1a: Syrup|Memento|p2a: Corviknight
|-unboost|p2a: Corviknight|atk|4
|-unboost|p2a: Corviknight|spa|4
|faint|p1a: Syrup
|move|p2a: Corviknight|Defog|p1: Syrup|[notarget]
|-fail|p2a: Corviknight
|
|-weather|RainDance|[upkeep]
|upkeep
|
|t:|1758372070
|switch|p1a: Cucumber|Gardevoir, F|100/100
|-ability|p1a: Cucumber|Simple|Trace|[from] ability: Trace|[of] p2a: Corviknight
|turn|12
|
|t:|1758372074
|move|p1a: Cucumber|Calm Mind|p1a: Cucumber
|-boost|p1a: Cucumber|spa|2
|-boost|p1a: Cucumber|spd|2
|move|p2a: Corviknight|Defog|p1a: Cucumber
|-unboost|p1a: Cucumber|evasion|2
|-sideend|p1: smogonules|Reflect
|
|-weather|RainDance|[upkeep]
|upkeep
|turn|13
|
|t:|1758372090
|move|p1a: Cucumber|Substitute|p1a: Cucumber
|-start|p1a: Cucumber|Substitute
|-damage|p1a: Cucumber|75/100
|move|p2a: Corviknight|U-turn|p1a: Cucumber
|-activate|p1a: Cucumber|move: Substitute|[damage]
|
|t:|1758372097
|switch|p2a: Barraskewda|Barraskewda, M|88/100|[from] U-turn
|
|-weather|RainDance|[upkeep]
|upkeep
|turn|14
|
|t:|1758372101
|move|p2a: Barraskewda|Flip Turn|p1a: Cucumber
|-end|p1a: Cucumber|Substitute
|
|t:|1758372106
|switch|p2a: Clodsire|Clodsire, F|100/100|[from] Flip Turn
|move|p1a: Cucumber|Substitute|p1a: Cucumber
|-start|p1a: Cucumber|Substitute
|-damage|p1a: Cucumber|50/100
|
|-weather|RainDance|[upkeep]
|upkeep
|turn|15
|
|t:|1758372111
|move|p1a: Cucumber|Calm Mind|p1a: Cucumber
|-boost|p1a: Cucumber|spa|2
|-boost|p1a: Cucumber|spd|2
|move|p2a: Clodsire|Earthquake|p1a: Cucumber
|-end|p1a: Cucumber|Substitute
|
|-weather|RainDance|[upkeep]
|upkeep
|turn|16
|
|t:|1758372117
|move|p1a: Cucumber|Substitute|p1a: Cucumber
|-start|p1a: Cucumber|Substitute
|-damage|p1a: Cucumber|25/100
|-enditem|p1a: Cucumber|Salac Berry|[eat]
|-boost|p1a: Cucumber|spe|2|[from] item: Salac Berry
|move|p2a: Clodsire|Earthquake|p1a: Cucumber
|-end|p1a: Cucumber|Substitute
|
|-weather|none
|upkeep
|turn|17
|
|t:|1758372121
|move|p1a: Cucumber|Stored Power|p2a: Clodsire
|-supereffective|p2a: Clodsire
|-damage|p2a: Clodsire|0 fnt
|faint|p2a: Clodsire
|
|upkeep
|
|t:|1758372124
|switch|p2a: Barraskewda|Barraskewda, M|88/100
|turn|18
|inactive|smogonules has 120 seconds left.
|inactive|smogonules has 90 seconds left.
|j| amefurikoneko
|inactive|smogonules has 60 seconds left.
|inactive|smogonules has 30 seconds left.
|inactive|smogonules has 20 seconds left.
|inactive|smogonules has 15 seconds left.
|inactive|smogonules has 10 seconds left.
|l| amefurikoneko
|inactive|smogonules has 5 seconds left.
|-message|smogonules lost due to inactivity.
|
|win|Thibault56
|raw|smogonules's rating: 1624 &rarr; <strong>1609</strong><br />(-15 for losing)
|raw|Thibault56's rating: 1715 &rarr; <strong>1730</strong><br />(+15 for winning)
|j| happyorunhappy春和景明
|l|☆Thibault56
|player|p2|
|l| happyorunhappy春和景明
|j| happyorunhappy春和景明
