|j|☆iampogmeta
|j|☆Stalphyr
|t:|1758302459
|gametype|singles
|player|p1|iampogmeta|clown|1343
|player|p2|Stalphyr|265|1302
|gen|9
|tier|[Gen 9] OU
|rated|
|rule|HP Percentage Mod: HP is shown in percentages
|rule|Endless Battle Clause: Forcing endless battles is banned
|rule|Species Clause: Limit one of each Pokémon
|rule|OHKO Clause: OHKO moves are banned
|rule|Evasion Items Clause: Evasion items are banned
|rule|Evasion Moves Clause: Evasion moves are banned
|rule|Evasion Abilities Clause: Evasion abilities are banned
|rule|Sleep Moves Clause: Sleep-inducing moves are banned
|clearpoke
|poke|p1|Greninja-*, F|
|poke|p1|Arbok, M|
|poke|p1|Rotom-Wash|
|poke|p1|Krookodile, F|
|poke|p1|Hydrapple, F|
|poke|p1|Iron Treads|
|poke|p2|Golurk|
|poke|p2|Ursaluna, F|
|poke|p2|Iron Moth|
|poke|p2|Iron Valiant|
|poke|p2|Corviknight, F|
|poke|p2|Salamence, F|
|teampreview
|inactive|Battle timer is ON: inactive players will automatically lose when time's up. (requested by Stalphyr)
|
|t:|1758302489
|teamsize|p1|6
|teamsize|p2|6
|start
|switch|p1a: Greninja|Greninja, F|100/100
|switch|p2a: Golurk|Golurk, shiny|100/100
|turn|1
|
|t:|1758302500
|-terastallize|p2a: Golurk|Fighting
|move|p1a: Greninja|Ice Beam|p2a: Golurk
|-start|p1a: Greninja|typechange|Ice|[from] ability: Protean
|-damage|p2a: Golurk|55/100
|move|p2a: Golurk|Dynamic Punch|p1a: Greninja
|-supereffective|p1a: Greninja
|-damage|p1a: Greninja|0 fnt
|faint|p1a: Greninja
|
|upkeep
|
|t:|1758302514
|switch|p1a: Arbok|Arbok, M, shiny|100/100
|-ability|p1a: Arbok|Intimidate|boost
|-unboost|p2a: Golurk|atk|1
|turn|2
|
|t:|1758302524
|switch|p1a: Rotom|Rotom-Wash|100/100
|move|p2a: Golurk|Earthquake|p1a: Rotom
|-immune|p1a: Rotom|[from] ability: Levitate
|
|upkeep
|turn|3
|
|t:|1758302538
|move|p1a: Rotom|Will-O-Wisp|p2a: Golurk
|-status|p2a: Golurk|brn
|move|p2a: Golurk|Dynamic Punch|p1a: Rotom
|-damage|p1a: Rotom|81/100
|-start|p1a: Rotom|confusion
|
|-heal|p1a: Rotom|87/100|[from] item: Leftovers
|-damage|p2a: Golurk|49/100 brn|[from] brn
|upkeep
|turn|4
|
|t:|1758302548
|-activate|p1a: Rotom|confusion
|-damage|p1a: Rotom|81/100|[from] confusion
|move|p2a: Golurk|Dynamic Punch|p1a: Rotom
|-damage|p1a: Rotom|62/100
|
|-heal|p1a: Rotom|68/100|[from] item: Leftovers
|-damage|p2a: Golurk|43/100 brn|[from] brn
|upkeep
|turn|5
|
|t:|1758302556
|-activate|p1a: Rotom|confusion
|move|p1a: Rotom|Hydro Pump|p2a: Golurk
|-damage|p2a: Golurk|1/100 brn
|move|p2a: Golurk|Dynamic Punch|p1a: Rotom
|-damage|p1a: Rotom|50/100
|
|-heal|p1a: Rotom|56/100|[from] item: Leftovers
|-damage|p2a: Golurk|0 fnt|[from] brn
|faint|p2a: Golurk
|upkeep
|
|t:|1758302582
|switch|p2a: Salamence|Salamence, F|100/100
|turn|6
|
|t:|1758302585
|move|p2a: Salamence|Dragon Dance|p2a: Salamence
|-boost|p2a: Salamence|atk|1
|-boost|p2a: Salamence|spe|1
|-activate|p1a: Rotom|confusion
|move|p1a: Rotom|Will-O-Wisp|p2a: Salamence
|-status|p2a: Salamence|brn
|
|-heal|p1a: Rotom|63/100|[from] item: Leftovers
|-damage|p2a: Salamence|94/100 brn|[from] brn
|upkeep
|turn|7
|
|t:|1758302597
|switch|p1a: Hydrapple|Hydrapple, F|100/100
|move|p2a: Salamence|Dragon Dance|p2a: Salamence
|-boost|p2a: Salamence|atk|1
|-boost|p2a: Salamence|spe|1
|
|-damage|p2a: Salamence|88/100 brn|[from] brn
|upkeep
|turn|8
|
|t:|1758302605
|-terastallize|p1a: Hydrapple|Fairy
|move|p2a: Salamence|Outrage|p1a: Hydrapple
|-immune|p1a: Hydrapple
|move|p1a: Hydrapple|Dragon Tail|p2a: Salamence
|-supereffective|p2a: Salamence
|-damage|p2a: Salamence|44/100 brn
|-enditem|p2a: Salamence|Weakness Policy
|-boost|p2a: Salamence|atk|2|[from] item: Weakness Policy
|-boost|p2a: Salamence|spa|2|[from] item: Weakness Policy
|drag|p2a: Iron Valiant|Iron Valiant|100/100
|
|upkeep
|turn|9
|
|t:|1758302620
|move|p2a: Iron Valiant|Moonblast|p1a: Hydrapple
|-damage|p1a: Hydrapple|34/100
|move|p1a: Hydrapple|Giga Drain|p2a: Iron Valiant
|-damage|p2a: Iron Valiant|30/100
|-heal|p1a: Hydrapple|59/100|[from] drain|[of] p2a: Iron Valiant
|
|-heal|p1a: Hydrapple|65/100|[from] item: Leftovers
|upkeep
|turn|10
|
|t:|1758302628
|switch|p1a: Iron Treads|Iron Treads|100/100
|-enditem|p1a: Iron Treads|Booster Energy
|-activate|p1a: Iron Treads|ability: Quark Drive|[fromitem]
|-start|p1a: Iron Treads|quarkdriveatk
|move|p2a: Iron Valiant|Moonblast|p1a: Iron Treads
|-resisted|p1a: Iron Treads
|-damage|p1a: Iron Treads|54/100
|
|upkeep
|turn|11
|
|t:|1758302638
|move|p2a: Iron Valiant|Moonblast|p1a: Iron Treads
|-resisted|p1a: Iron Treads
|-damage|p1a: Iron Treads|3/100
|move|p1a: Iron Treads|Iron Head|p2a: Iron Valiant
|-supereffective|p2a: Iron Valiant
|-damage|p2a: Iron Valiant|0 fnt
|faint|p2a: Iron Valiant
|-end|p2a: Iron Valiant|Quark Drive|[silent]
|
|upkeep
|
|t:|1758302641
|switch|p2a: Corviknight|Corviknight, F|100/100
|turn|12
|
|t:|1758302647
|move|p1a: Iron Treads|Stealth Rock|p2a: Corviknight
|-sidestart|p2: Stalphyr|move: Stealth Rock
|move|p2a: Corviknight|Tailwind|p2a: Corviknight
|-sidestart|p2: Stalphyr|move: Tailwind
|
|upkeep
|turn|13
|
|t:|1758302651
|move|p2a: Corviknight|Defog|p1a: Iron Treads
|-unboost|p1a: Iron Treads|evasion|1
|-sideend|p2: Stalphyr|Stealth Rock|[from] move: Defog|[of] p2a: Corviknight
|move|p1a: Iron Treads|Stealth Rock|p2a: Corviknight
|-sidestart|p2: Stalphyr|move: Stealth Rock
|
|upkeep
|turn|14
|
|t:|1758302658
|move|p2a: Corviknight|Body Press|p1a: Iron Treads
|-supereffective|p1a: Iron Treads
|-damage|p1a: Iron Treads|0 fnt
|faint|p1a: Iron Treads
|-end|p1a: Iron Treads|Quark Drive|[silent]
|
|upkeep
|
|t:|1758302672
|switch|p1a: Rotom|Rotom-Wash|63/100
|turn|15
|
|t:|1758302676
|move|p2a: Corviknight|Defog|p1a: Rotom
|-unboost|p1a: Rotom|evasion|1
|-sideend|p2: Stalphyr|Stealth Rock|[from] move: Defog|[of] p2a: Corviknight
|move|p1a: Rotom|Will-O-Wisp|p2a: Corviknight
|-status|p2a: Corviknight|brn
|
|-heal|p1a: Rotom|69/100|[from] item: Leftovers
|-damage|p2a: Corviknight|94/100 brn|[from] brn
|-sideend|p2: Stalphyr|move: Tailwind
|upkeep
|turn|16
|
|t:|1758302685
|move|p1a: Rotom|Pain Split|p2a: Corviknight
|-sethp|p2a: Corviknight|73/100 brn|[from] move: Pain Split|[silent]
|-sethp|p1a: Rotom|96/100|[from] move: Pain Split
|move|p2a: Corviknight|Tailwind|p2a: Corviknight
|-sidestart|p2: Stalphyr|move: Tailwind
|
|-heal|p1a: Rotom|100/100|[from] item: Leftovers
|-damage|p2a: Corviknight|67/100 brn|[from] brn
|upkeep
|turn|17
|
|t:|1758302693
|move|p2a: Corviknight|U-turn|p1a: Rotom
|-damage|p1a: Rotom|93/100
|
|t:|1758302698
|switch|p2a: Salamence|Salamence, F|44/100 brn|[from] U-turn
|move|p1a: Rotom|Hydro Pump|p2a: Salamence
|-resisted|p2a: Salamence
|-damage|p2a: Salamence|13/100 brn
|
|-heal|p1a: Rotom|99/100|[from] item: Leftovers
|-damage|p2a: Salamence|7/100 brn|[from] brn
|upkeep
|turn|18
|
|t:|1758302707
|switch|p1a: Hydrapple|Hydrapple, F, tera:Fairy|98/100
|move|p2a: Salamence|Stone Edge|p1a: Hydrapple
|-damage|p1a: Hydrapple|82/100
|
|-heal|p1a: Hydrapple|88/100|[from] item: Leftovers
|-damage|p2a: Salamence|1/100 brn|[from] brn
|upkeep
|turn|19
|
|t:|1758302716
|move|p2a: Salamence|Stone Edge|p1a: Hydrapple
|-damage|p1a: Hydrapple|73/100
|move|p1a: Hydrapple|Giga Drain|p2a: Salamence
|-resisted|p2a: Salamence
|-damage|p2a: Salamence|0 fnt
|-heal|p1a: Hydrapple|73/100|[from] drain|[of] p2a: Salamence
|faint|p2a: Salamence
|
|-heal|p1a: Hydrapple|80/100|[from] item: Leftovers
|-sideend|p2: Stalphyr|move: Tailwind
|upkeep
|
|t:|1758302719
|switch|p2a: Iron Moth|Iron Moth|100/100
|-enditem|p2a: Iron Moth|Booster Energy
|-activate|p2a: Iron Moth|ability: Quark Drive|[fromitem]
|-start|p2a: Iron Moth|quarkdrivespa
|turn|20
|
|t:|1758302730
|move|p2a: Iron Moth|Sludge Wave|p1a: Hydrapple
|-supereffective|p1a: Hydrapple
|-damage|p1a: Hydrapple|0 fnt
|faint|p1a: Hydrapple
|
|upkeep
|
|t:|1758302736
|switch|p1a: Krookodile|Krookodile, F|100/100
|turn|21
|
|t:|1758302740
|move|p1a: Krookodile|Earthquake|p2a: Iron Moth
|-supereffective|p2a: Iron Moth
|-damage|p2a: Iron Moth|0 fnt
|faint|p2a: Iron Moth
|-end|p2a: Iron Moth|Quark Drive|[silent]
|-ability|p1a: Krookodile|Moxie|boost
|-boost|p1a: Krookodile|atk|1
|
|upkeep
|
|t:|1758302744
|switch|p2a: Corviknight|Corviknight, F|67/100 brn
|turn|22
|
|t:|1758302749
|switch|p1a: Rotom|Rotom-Wash|99/100
|move|p2a: Corviknight|Body Press|p1a: Rotom
|-damage|p1a: Rotom|85/100
|
|-heal|p1a: Rotom|91/100|[from] item: Leftovers
|-damage|p2a: Corviknight|61/100 brn|[from] brn
|upkeep
|turn|23
|
|t:|1758302757
|move|p1a: Rotom|Volt Switch|p2a: Corviknight
|-supereffective|p2a: Corviknight
|-damage|p2a: Corviknight|0 fnt
|faint|p2a: Corviknight
|
|t:|1758302763
|switch|p1a: Krookodile|Krookodile, F|100/100|[from] Volt Switch
|
|upkeep
|
|t:|1758302766
|switch|p2a: Ursaluna|Ursaluna, F|100/100
|turn|24
|
|t:|1758302769
|move|p1a: Krookodile|Knock Off|p2a: Ursaluna
|-damage|p2a: Ursaluna|67/100
|-enditem|p2a: Ursaluna|Flame Orb|[from] move: Knock Off|[of] p1a: Krookodile
|move|p2a: Ursaluna|Ice Punch|p1a: Krookodile
|-supereffective|p1a: Krookodile
|-damage|p1a: Krookodile|27/100
|
|upkeep
|turn|25
|
|t:|1758302777
|switch|p1a: Arbok|Arbok, M, shiny|100/100
|-ability|p1a: Arbok|Intimidate|boost
|-unboost|p2a: Ursaluna|atk|1
|move|p2a: Ursaluna|Ice Punch|p1a: Arbok
|-damage|p1a: Arbok|68/100
|
|upkeep
|turn|26
|
|t:|1758302784
|switch|p1a: Rotom|Rotom-Wash|91/100
|move|p2a: Ursaluna|Swords Dance|p2a: Ursaluna
|-boost|p2a: Ursaluna|atk|2
|
|-heal|p1a: Rotom|97/100|[from] item: Leftovers
|upkeep
|turn|27
|
|t:|1758302791
|move|p1a: Rotom|Will-O-Wisp|p2a: Ursaluna|[miss]
|-miss|p1a: Rotom|p2a: Ursaluna
|move|p2a: Ursaluna|Facade|p1a: Rotom
|-damage|p1a: Rotom|32/100
|
|-heal|p1a: Rotom|38/100|[from] item: Leftovers
|upkeep
|turn|28
|
|t:|1758302798
|move|p1a: Rotom|Hydro Pump|p2a: Ursaluna
|-supereffective|p2a: Ursaluna
|-damage|p2a: Ursaluna|0 fnt
|faint|p2a: Ursaluna
|
|win|iampogmeta
|raw|iampogmeta's rating: 1343 &rarr; <strong>1361</strong><br />(+18 for winning)
|raw|Stalphyr's rating: 1302 &rarr; <strong>1284</strong><br />(-18 for losing)
|l|☆Stalphyr
|player|p2|
|l|☆iampogmeta
|player|p1|
