|j|☆ToiletToHighLadder
|j|☆hetsunkuy
|t:|1758244113
|gametype|singles
|player|p1|ToiletToHighLadder|fisherman-gen4|1304
|player|p2|hetsunkuy|265|1294
|gen|9
|tier|[Gen 9] OU
|rated|
|rule|HP Percentage Mod: HP is shown in percentages
|rule|Endless Battle Clause: Forcing endless battles is banned
|rule|Species Clause: Limit one of each Pokémon
|rule|OHKO Clause: OHKO moves are banned
|rule|Evasion Items Clause: Evasion items are banned
|rule|Evasion Moves Clause: Evasion moves are banned
|rule|Evasion Abilities Clause: Evasion abilities are banned
|rule|Sleep Moves Clause: Sleep-inducing moves are banned
|clearpoke
|poke|p1|Pelipper, F|
|poke|p1|Hatterene, F|
|poke|p1|Iron Treads|
|poke|p1|Toxicroak, F|
|poke|p1|Barraskewda, F|
|poke|p1|Zapdos|
|poke|p2|Dragapult, F|
|poke|p2|Indeedee, M|
|poke|p2|Barraskewda, F|
|poke|p2|Pelipper, M|
|poke|p2|Hatterene, F|
|poke|p2|Iron Treads|
|teampreview
|inactive|Battle timer is ON: inactive players will automatically lose when time's up. (requested by ToiletToHighLadder)
|
|t:|1758244125
|teamsize|p1|6
|teamsize|p2|6
|start
|switch|p1a: Iron Treads|Iron Treads|100/100
|switch|p2a: Barraskewda|Barraskewda, F|100/100
|turn|1
|
|t:|1758244136
|-end|p1a: Iron Treads|Quark Drive|[silent]
|switch|p1a: Toxicroak|Toxicroak, F|100/100
|move|p2a: Barraskewda|Flip Turn|p1a: Toxicroak
|-immune|p1a: Toxicroak|[from] ability: Dry Skin
|
|upkeep
|turn|2
|
|t:|1758244143
|switch|p2a: Iron Treads|Iron Treads|100/100
|-item|p2a: Iron Treads|Air Balloon
|move|p1a: Toxicroak|Knock Off|p2a: Iron Treads
|-damage|p2a: Iron Treads|80/100
|-enditem|p2a: Iron Treads|Air Balloon
|
|upkeep
|turn|3
|
|t:|1758244151
|switch|p1a: Pelipper|Pelipper, F|100/100
|-weather|RainDance|[from] ability: Drizzle|[of] p1a: Pelipper
|move|p2a: Iron Treads|Stealth Rock|p1a: Pelipper
|-sidestart|p1: ToiletToHighLadder|move: Stealth Rock
|
|-weather|RainDance|[upkeep]
|upkeep
|turn|4
|
|t:|1758244165
|-end|p2a: Iron Treads|Quark Drive|[silent]
|switch|p2a: Pelipper|Pelipper, M|100/100
|move|p1a: Pelipper|U-turn|p2a: Pelipper
|-resisted|p2a: Pelipper
|-damage|p2a: Pelipper|97/100
|
|t:|1758244168
|switch|p1a: Zapdos|Zapdos|100/100|[from] U-turn
|-damage|p1a: Zapdos|76/100|[from] Stealth Rock
|
|-weather|RainDance|[upkeep]
|upkeep
|turn|5
|
|t:|1758244179
|switch|p2a: Iron Treads|Iron Treads|80/100
|move|p1a: Zapdos|Weather Ball|p2a: Iron Treads
|-supereffective|p2a: Iron Treads
|-damage|p2a: Iron Treads|0 fnt
|faint|p2a: Iron Treads
|-end|p2a: Iron Treads|Quark Drive|[silent]
|
|-weather|RainDance|[upkeep]
|upkeep
|
|t:|1758244191
|switch|p2a: Dragapult|Dragapult, F|100/100
|turn|6
|
|t:|1758244200
|switch|p1a: Hatterene|Hatterene, F|100/100
|-damage|p1a: Hatterene|88/100|[from] Stealth Rock
|-terastallize|p2a: Dragapult|Water
|move|p2a: Dragapult|Tera Blast|p1a: Hatterene|[anim] Tera Blast Water
|-damage|p1a: Hatterene|1/100
|-enditem|p1a: Hatterene|Eject Button
|
|t:|1758244210
|switch|p1a: Toxicroak|Toxicroak, F|100/100
|-damage|p1a: Toxicroak|94/100|[from] Stealth Rock
|
|-weather|RainDance|[upkeep]
|-heal|p1a: Toxicroak|100/100|[from] ability: Dry Skin
|upkeep
|turn|7
|
|t:|1758244218
|switch|p2a: Hatterene|Hatterene, F|100/100
|move|p1a: Toxicroak|Knock Off|p2a: Hatterene
|-damage|p2a: Hatterene|76/100
|-enditem|p2a: Hatterene|Life Orb|[from] move: Knock Off|[of] p1a: Toxicroak
|
|-weather|RainDance|[upkeep]
|upkeep
|turn|8
|
|t:|1758244230
|switch|p1a: Hatterene|Hatterene, F|1/100
|-damage|p1a: Hatterene|0 fnt|[from] Stealth Rock
|faint|p1a: Hatterene
|move|p2a: Hatterene|Expanding Force|p1: Hatterene|[notarget]
|-fail|p2a: Hatterene
|
|-weather|RainDance|[upkeep]
|upkeep
|
|t:|1758244233
|switch|p1a: Barraskewda|Barraskewda, F|100/100
|-damage|p1a: Barraskewda|88/100|[from] Stealth Rock
|turn|9
|
|t:|1758244244
|-terastallize|p1a: Barraskewda|Water
|move|p1a: Barraskewda|Flip Turn|p2a: Hatterene
|-damage|p2a: Hatterene|0 fnt
|faint|p2a: Hatterene
|
|t:|1758244261
|switch|p1a: Pelipper|Pelipper, F|100/100|[from] Flip Turn
|-damage|p1a: Pelipper|76/100|[from] Stealth Rock
|
|-weather|RainDance|[upkeep]
|upkeep
|
|t:|1758244272
|switch|p2a: Dragapult|Dragapult, F, tera:Water|100/100
|turn|10
|
|t:|1758244278
|switch|p1a: Iron Treads|Iron Treads|100/100
|-damage|p1a: Iron Treads|98/100|[from] Stealth Rock
|move|p2a: Dragapult|Dragon Darts|p1a: Iron Treads
|-resisted|p1a: Iron Treads
|-damage|p1a: Iron Treads|84/100
|-anim|p2a: Dragapult|Dragon Darts|p1a: Iron Treads
|-resisted|p1a: Iron Treads
|-damage|p1a: Iron Treads|71/100
|
|-weather|none
|-heal|p1a: Iron Treads|77/100|[from] item: Leftovers
|upkeep
|turn|11
|
|t:|1758244296
|switch|p2a: Pelipper|Pelipper, M|97/100
|-weather|RainDance|[from] ability: Drizzle|[of] p2a: Pelipper
|move|p1a: Iron Treads|Rapid Spin|p2a: Pelipper
|-damage|p2a: Pelipper|88/100
|-boost|p1a: Iron Treads|spe|1
|-sideend|p1: ToiletToHighLadder|Stealth Rock|[from] move: Rapid Spin|[of] p1a: Iron Treads
|
|-weather|RainDance|[upkeep]
|-heal|p1a: Iron Treads|83/100|[from] item: Leftovers
|upkeep
|turn|12
|
|t:|1758244307
|move|p1a: Iron Treads|Volt Switch|p2a: Pelipper
|-supereffective|p2a: Pelipper
|-damage|p2a: Pelipper|23/100
|
|t:|1758244325
|-end|p1a: Iron Treads|Quark Drive|[silent]
|switch|p1a: Barraskewda|Barraskewda, F, tera:Water|88/100|[from] Volt Switch
|move|p2a: Pelipper|U-turn|p1a: Barraskewda
|-damage|p1a: Barraskewda|68/100
|
|t:|1758244333
|switch|p2a: Dragapult|Dragapult, F, tera:Water|100/100|[from] U-turn
|
|-weather|RainDance|[upkeep]
|upkeep
|turn|13
|
|t:|1758244339
|move|p1a: Barraskewda|Flip Turn|p2a: Dragapult
|-resisted|p2a: Dragapult
|-damage|p2a: Dragapult|25/100
|
|t:|1758244342
|switch|p1a: Toxicroak|Toxicroak, F|100/100|[from] Flip Turn
|move|p2a: Dragapult|U-turn|p1a: Toxicroak
|-resisted|p1a: Toxicroak
|-damage|p1a: Toxicroak|93/100
|-damage|p2a: Dragapult|8/100|[from] item: Rocky Helmet|[of] p1a: Toxicroak
|
|t:|1758244350
|switch|p2a: Indeedee|Indeedee, M|100/100|[from] U-turn
|-fieldstart|move: Psychic Terrain|[from] ability: Psychic Surge|[of] p2a: Indeedee
|
|-weather|RainDance|[upkeep]
|-heal|p1a: Toxicroak|100/100|[from] ability: Dry Skin
|upkeep
|turn|14
|
|t:|1758244360
|switch|p1a: Iron Treads|Iron Treads|83/100
|move|p2a: Indeedee|Healing Wish|p2a: Indeedee
|faint|p2a: Indeedee
|
|-weather|RainDance|[upkeep]
|-heal|p1a: Iron Treads|89/100|[from] item: Leftovers
|upkeep
|
|t:|1758244369
|switch|p2a: Dragapult|Dragapult, F, tera:Water|8/100
|-heal|p2a: Dragapult|100/100|[from] move: Healing Wish
|turn|15
|
|t:|1758244377
|-end|p1a: Iron Treads|Quark Drive|[silent]
|switch|p1a: Toxicroak|Toxicroak, F|100/100
|move|p2a: Dragapult|Tera Blast|p1a: Toxicroak|[anim] Tera Blast Water
|-immune|p1a: Toxicroak|[from] ability: Dry Skin
|
|-weather|RainDance|[upkeep]
|upkeep
|turn|16
|
|t:|1758244387
|switch|p2a: Pelipper|Pelipper, M|23/100
|move|p1a: Toxicroak|Knock Off|p2a: Pelipper
|-damage|p2a: Pelipper|5/100
|-enditem|p2a: Pelipper|Damp Rock|[from] move: Knock Off|[of] p1a: Toxicroak
|
|-weather|RainDance|[upkeep]
|upkeep
|turn|17
|
|t:|1758244395
|switch|p1a: Zapdos|Zapdos|76/100
|move|p2a: Pelipper|U-turn|p1a: Zapdos
|-resisted|p1a: Zapdos
|-damage|p1a: Zapdos|70/100
|-status|p2a: Pelipper|par|[from] ability: Static|[of] p1a: Zapdos
|
|t:|1758244405
|switch|p2a: Dragapult|Dragapult, F, tera:Water|100/100|[from] U-turn
|
|-weather|RainDance|[upkeep]
|upkeep
|turn|18
|
|t:|1758244412
|move|p2a: Dragapult|Dragon Darts|p1a: Zapdos
|-damage|p1a: Zapdos|27/100
|-anim|p2a: Dragapult|Dragon Darts|p1a: Zapdos
|-damage|p1a: Zapdos|0 fnt
|faint|p1a: Zapdos
|
|-weather|none
|upkeep
|
|t:|1758244416
|switch|p1a: Iron Treads|Iron Treads|89/100
|turn|19
|
|t:|1758244423
|switch|p2a: Pelipper|Pelipper, M|5/100 par
|-weather|RainDance|[from] ability: Drizzle|[of] p2a: Pelipper
|move|p1a: Iron Treads|Rapid Spin|p2a: Pelipper
|-damage|p2a: Pelipper|0 fnt
|-boost|p1a: Iron Treads|spe|1
|faint|p2a: Pelipper
|
|-weather|RainDance|[upkeep]
|-heal|p1a: Iron Treads|95/100|[from] item: Leftovers
|upkeep
|
|t:|1758244434
|switch|p2a: Barraskewda|Barraskewda, F|100/100
|turn|20
|
|t:|1758244441
|-end|p1a: Iron Treads|Quark Drive|[silent]
|switch|p1a: Toxicroak|Toxicroak, F|100/100
|move|p2a: Barraskewda|Close Combat|p1a: Toxicroak
|-resisted|p1a: Toxicroak
|-crit|p1a: Toxicroak
|-damage|p1a: Toxicroak|58/100
|-unboost|p2a: Barraskewda|def|1
|-unboost|p2a: Barraskewda|spd|1
|-damage|p2a: Barraskewda|84/100|[from] item: Rocky Helmet|[of] p1a: Toxicroak
|
|-weather|RainDance|[upkeep]
|-heal|p1a: Toxicroak|71/100|[from] ability: Dry Skin
|-fieldend|move: Psychic Terrain
|upkeep
|turn|21
|
|t:|1758244455
|move|p2a: Barraskewda|Close Combat|p1a: Toxicroak
|-resisted|p1a: Toxicroak
|-damage|p1a: Toxicroak|41/100
|-unboost|p2a: Barraskewda|def|1
|-unboost|p2a: Barraskewda|spd|1
|-damage|p2a: Barraskewda|68/100|[from] item: Rocky Helmet|[of] p1a: Toxicroak
|move|p1a: Toxicroak|Toxic|p2a: Barraskewda
|-status|p2a: Barraskewda|tox
|
|-weather|RainDance|[upkeep]
|-heal|p1a: Toxicroak|54/100|[from] ability: Dry Skin
|-damage|p2a: Barraskewda|62/100 tox|[from] psn
|upkeep
|turn|22
|
|t:|1758244468
|switch|p2a: Dragapult|Dragapult, F, tera:Water|100/100
|move|p1a: Toxicroak|Drain Punch|p2a: Dragapult
|-damage|p2a: Dragapult|61/100
|-heal|p1a: Toxicroak|71/100|[from] drain|[of] p2a: Dragapult
|
|-weather|RainDance|[upkeep]
|-heal|p1a: Toxicroak|83/100|[from] ability: Dry Skin
|upkeep
|turn|23
|
|t:|1758244479
|switch|p1a: Pelipper|Pelipper, F|76/100
|move|p2a: Dragapult|Tera Blast|p1a: Pelipper|[anim] Tera Blast Water
|-resisted|p1a: Pelipper
|-damage|p1a: Pelipper|30/100
|
|-weather|none
|upkeep
|turn|24
|
|t:|1758244488
|switch|p2a: Barraskewda|Barraskewda, F|62/100 tox
|switch|p1a: Toxicroak|Toxicroak, F|83/100
|
|-damage|p2a: Barraskewda|56/100 tox|[from] psn
|upkeep
|turn|25
|
|t:|1758244497
|switch|p2a: Dragapult|Dragapult, F, tera:Water|61/100
|move|p1a: Toxicroak|Drain Punch|p2a: Dragapult
|-crit|p2a: Dragapult
|-damage|p2a: Dragapult|0 fnt
|-heal|p1a: Toxicroak|100/100|[from] drain|[of] p2a: Dragapult
|faint|p2a: Dragapult
|
|upkeep
|-message|hetsunkuy forfeited.
|
|win|ToiletToHighLadder
|raw|ToiletToHighLadder's rating: 1304 &rarr; <strong>1323</strong><br />(+19 for winning)
|raw|hetsunkuy's rating: 1294 &rarr; <strong>1270</strong><br />(-24 for losing)
|l|☆hetsunkuy
|player|p2|
