|j|☆Jigrogros
|j|☆Dodgey jimbo
|t:|1758274745
|gametype|singles
|player|p1|Jigrogros|101|1363
|player|p2|Dodgey jimbo|firebreather|1304
|gen|9
|tier|[Gen 9] OU
|rated|
|rule|HP Percentage Mod: HP is shown in percentages
|rule|Endless Battle Clause: Forcing endless battles is banned
|rule|Species Clause: Limit one of each Pokémon
|rule|OHKO Clause: OHKO moves are banned
|rule|Evasion Items Clause: Evasion items are banned
|rule|Evasion Moves Clause: Evasion moves are banned
|rule|Evasion Abilities Clause: Evasion abilities are banned
|rule|Sleep Moves Clause: Sleep-inducing moves are banned
|clearpoke
|poke|p1|Toxapex, F|
|poke|p1|Cyclizar, M|
|poke|p1|Iron Boulder|
|poke|p1|Gholdengo|
|poke|p1|Cinderace, M|
|poke|p1|Zapdos|
|poke|p2|Tyranitar, M|
|poke|p2|Excadrill, M|
|poke|p2|Zamazenta-*|
|poke|p2|Ogerpon-Wellspring, F|
|poke|p2|Moltres|
|poke|p2|Primarina, F|
|teampreview
|inactive|Battle timer is ON: inactive players will automatically lose when time's up. (requested by Dodgey jimbo)
|
|t:|1758274762
|teamsize|p1|6
|teamsize|p2|6
|start
|switch|p1a: Cinderace|Cinderace, M|100/100
|switch|p2a: Ogerpon|Ogerpon-Wellspring, F|100/100
|turn|1
|
|t:|1758274778
|-terastallize|p1a: Cinderace|Fire
|move|p1a: Cinderace|Pyro Ball|p2a: Ogerpon
|-damage|p2a: Ogerpon|0 fnt
|faint|p2a: Ogerpon
|
|upkeep
|
|t:|1758274788
|switch|p2a: Zamazenta|Zamazenta|100/100
|-ability|p2a: Zamazenta|Dauntless Shield|boost
|-boost|p2a: Zamazenta|def|1
|turn|2
|
|t:|1758274799
|move|p2a: Zamazenta|Iron Defense|p2a: Zamazenta
|-boost|p2a: Zamazenta|def|2
|move|p1a: Cinderace|Pyro Ball|p2a: Zamazenta
|-damage|p2a: Zamazenta|67/100
|-status|p2a: Zamazenta|brn
|
|-heal|p2a: Zamazenta|73/100 brn|[from] item: Leftovers
|-damage|p2a: Zamazenta|67/100 brn|[from] brn
|upkeep
|turn|3
|inactive|Jigrogros has 120 seconds left.
|
|t:|1758274829
|switch|p1a: Zapdos|Zapdos, shiny|100/100
|move|p2a: Zamazenta|Body Press|p1a: Zapdos
|-resisted|p1a: Zapdos
|-damage|p1a: Zapdos|83/100
|
|-heal|p2a: Zamazenta|73/100 brn|[from] item: Leftovers
|-heal|p1a: Zapdos|89/100|[from] item: Leftovers
|-damage|p2a: Zamazenta|67/100 brn|[from] brn
|upkeep
|turn|4
|inactive|Jigrogros has 120 seconds left.
|
|t:|1758274840
|move|p2a: Zamazenta|Body Press|p1a: Zapdos
|-resisted|p1a: Zapdos
|-damage|p1a: Zapdos|72/100
|move|p1a: Zapdos|Hurricane|p2a: Zamazenta|[miss]
|-miss|p1a: Zapdos|p2a: Zamazenta
|
|-heal|p2a: Zamazenta|73/100 brn|[from] item: Leftovers
|-heal|p1a: Zapdos|79/100|[from] item: Leftovers
|-damage|p2a: Zamazenta|67/100 brn|[from] brn
|upkeep
|turn|5
|
|t:|1758274849
|switch|p2a: Tyranitar|Tyranitar, M|100/100
|-weather|Sandstorm|[from] ability: Sand Stream|[of] p2a: Tyranitar
|move|p1a: Zapdos|Hurricane|p2a: Tyranitar
|-resisted|p2a: Tyranitar
|-damage|p2a: Tyranitar|92/100
|
|-weather|Sandstorm|[upkeep]
|-damage|p1a: Zapdos|72/100|[from] Sandstorm
|-heal|p1a: Zapdos|79/100|[from] item: Leftovers
|upkeep
|turn|6
|inactive|Jigrogros has 120 seconds left.
|
|t:|1758274880
|switch|p1a: Cinderace|Cinderace, M, tera:Fire|100/100
|move|p2a: Tyranitar|Stealth Rock|p1a: Cinderace
|-sidestart|p1: Jigrogros|move: Stealth Rock
|
|-weather|Sandstorm|[upkeep]
|-damage|p1a: Cinderace|95/100|[from] Sandstorm
|upkeep
|turn|7
|
|t:|1758274891
|switch|p2a: Zamazenta|Zamazenta|67/100 brn
|move|p1a: Cinderace|High Jump Kick|p2a: Zamazenta
|-damage|p2a: Zamazenta|20/100 brn
|
|-weather|Sandstorm|[upkeep]
|-damage|p2a: Zamazenta|14/100 brn|[from] Sandstorm
|-damage|p1a: Cinderace|89/100|[from] Sandstorm
|-heal|p2a: Zamazenta|20/100 brn|[from] item: Leftovers
|-damage|p2a: Zamazenta|14/100 brn|[from] brn
|upkeep
|turn|8
|
|t:|1758274903
|switch|p1a: Gholdengo|Gholdengo|100/100
|-damage|p1a: Gholdengo|94/100|[from] Stealth Rock
|move|p2a: Zamazenta|Body Press|p1a: Gholdengo
|-immune|p1a: Gholdengo
|
|-weather|Sandstorm|[upkeep]
|-damage|p2a: Zamazenta|8/100 brn|[from] Sandstorm
|-heal|p2a: Zamazenta|14/100 brn|[from] item: Leftovers
|-damage|p2a: Zamazenta|8/100 brn|[from] brn
|upkeep
|turn|9
|
|t:|1758274922
|move|p1a: Gholdengo|Shadow Ball|p2a: Zamazenta
|-damage|p2a: Zamazenta|0 fnt
|faint|p2a: Zamazenta
|
|-weather|Sandstorm|[upkeep]
|upkeep
|
|t:|1758274928
|switch|p2a: Excadrill|Excadrill, M|100/100
|-item|p2a: Excadrill|Air Balloon
|turn|10
|
|t:|1758274933
|move|p2a: Excadrill|Earthquake|p1a: Gholdengo
|-supereffective|p1a: Gholdengo
|-damage|p1a: Gholdengo|0 fnt
|faint|p1a: Gholdengo
|
|-weather|Sandstorm|[upkeep]
|upkeep
|inactive|Jigrogros has 120 seconds left.
|
|t:|1758274942
|switch|p1a: Zapdos|Zapdos, shiny|79/100
|-damage|p1a: Zapdos|54/100|[from] Stealth Rock
|turn|11
|
|t:|1758274946
|-terastallize|p2a: Excadrill|Ice
|move|p2a: Excadrill|Tera Blast|p1a: Zapdos|[anim] Tera Blast Ice
|-supereffective|p1a: Zapdos
|-damage|p1a: Zapdos|0 fnt
|faint|p1a: Zapdos
|
|-weather|Sandstorm|[upkeep]
|upkeep
|
|t:|1758274954
|switch|p1a: Cinderace|Cinderace, M, tera:Fire|89/100
|-damage|p1a: Cinderace|64/100|[from] Stealth Rock
|turn|12
|
|t:|1758274958
|move|p1a: Cinderace|Sucker Punch|p2a: Excadrill
|-damage|p2a: Excadrill|52/100
|-enditem|p2a: Excadrill|Air Balloon
|move|p2a: Excadrill|Earthquake|p1a: Cinderace
|-supereffective|p1a: Cinderace
|-damage|p1a: Cinderace|0 fnt
|faint|p1a: Cinderace
|
|-weather|none
|upkeep
|
|t:|1758274967
|switch|p1a: Cyclizar|Cyclizar, M|100/100
|-damage|p1a: Cyclizar|88/100|[from] Stealth Rock
|turn|13
|
|t:|1758274972
|switch|p2a: Tyranitar|Tyranitar, M|92/100
|-weather|Sandstorm|[from] ability: Sand Stream|[of] p2a: Tyranitar
|move|p1a: Cyclizar|Rapid Spin|p2a: Tyranitar
|-resisted|p2a: Tyranitar
|-damage|p2a: Tyranitar|85/100
|-boost|p1a: Cyclizar|spe|1
|-sideend|p1: Jigrogros|Stealth Rock|[from] move: Rapid Spin|[of] p1a: Cyclizar
|
|-weather|Sandstorm|[upkeep]
|-damage|p1a: Cyclizar|82/100|[from] Sandstorm
|upkeep
|turn|14
|
|t:|1758274982
|move|p1a: Cyclizar|Knock Off|p2a: Tyranitar
|-resisted|p2a: Tyranitar
|-damage|p2a: Tyranitar|77/100
|-enditem|p2a: Tyranitar|Smooth Rock|[from] move: Knock Off|[of] p1a: Cyclizar
|move|p2a: Tyranitar|Knock Off|p1a: Cyclizar
|-damage|p1a: Cyclizar|25/100
|-enditem|p1a: Cyclizar|Assault Vest|[from] move: Knock Off|[of] p2a: Tyranitar
|
|-weather|Sandstorm|[upkeep]
|-damage|p1a: Cyclizar|19/100|[from] Sandstorm
|upkeep
|turn|15
|
|t:|1758274996
|move|p1a: Cyclizar|U-turn|p2a: Tyranitar
|-supereffective|p2a: Tyranitar
|-damage|p2a: Tyranitar|54/100
|
|t:|1758274999
|switch|p1a: Toxapex|Toxapex, F|100/100|[from] U-turn
|move|p2a: Tyranitar|Earthquake|p1a: Toxapex
|-supereffective|p1a: Toxapex
|-damage|p1a: Toxapex|52/100
|
|-weather|Sandstorm|[upkeep]
|-damage|p1a: Toxapex|46/100|[from] Sandstorm
|-heal|p1a: Toxapex|52/100|[from] item: Leftovers
|upkeep
|turn|16
|
|t:|1758275009
|move|p2a: Tyranitar|Stealth Rock|p1a: Toxapex
|-sidestart|p1: Jigrogros|move: Stealth Rock
|move|p1a: Toxapex|Liquidation|p2a: Tyranitar
|-supereffective|p2a: Tyranitar
|-damage|p2a: Tyranitar|27/100
|
|-weather|Sandstorm|[upkeep]
|-damage|p1a: Toxapex|46/100|[from] Sandstorm
|-heal|p1a: Toxapex|52/100|[from] item: Leftovers
|upkeep
|turn|17
|
|t:|1758275017
|move|p1a: Toxapex|Protect|p1a: Toxapex
|-singleturn|p1a: Toxapex|Protect
|move|p2a: Tyranitar|Earthquake|p1a: Toxapex
|-activate|p1a: Toxapex|move: Protect
|
|-weather|Sandstorm|[upkeep]
|-damage|p1a: Toxapex|46/100|[from] Sandstorm
|-heal|p1a: Toxapex|52/100|[from] item: Leftovers
|upkeep
|turn|18
|
|t:|1758275025
|move|p2a: Tyranitar|Earthquake|p1a: Toxapex
|-supereffective|p1a: Toxapex
|-damage|p1a: Toxapex|6/100
|move|p1a: Toxapex|Liquidation|p2a: Tyranitar
|-supereffective|p2a: Tyranitar
|-damage|p2a: Tyranitar|0 fnt
|faint|p2a: Tyranitar
|
|-weather|Sandstorm|[upkeep]
|-damage|p1a: Toxapex|0 fnt|[from] Sandstorm
|faint|p1a: Toxapex
|upkeep
|
|t:|1758275036
|switch|p2a: Excadrill|Excadrill, M, tera:Ice|52/100
|switch|p1a: Cyclizar|Cyclizar, M|52/100
|-damage|p1a: Cyclizar|40/100|[from] Stealth Rock
|turn|19
|
|t:|1758275047
|move|p2a: Excadrill|Tera Blast|p1a: Cyclizar|[anim] Tera Blast Ice
|-supereffective|p1a: Cyclizar
|-damage|p1a: Cyclizar|0 fnt
|faint|p1a: Cyclizar
|
|-weather|Sandstorm|[upkeep]
|upkeep
|
|t:|1758275053
|switch|p1a: Iron Boulder|Iron Boulder|100/100
|-damage|p1a: Iron Boulder|88/100|[from] Stealth Rock
|-enditem|p1a: Iron Boulder|Booster Energy
|-activate|p1a: Iron Boulder|ability: Quark Drive|[fromitem]
|-start|p1a: Iron Boulder|quarkdriveatk
|turn|20
|
|t:|1758275060
|move|p2a: Excadrill|Earthquake|p1a: Iron Boulder
|-supereffective|p1a: Iron Boulder
|-damage|p1a: Iron Boulder|0 fnt
|faint|p1a: Iron Boulder
|-end|p1a: Iron Boulder|Quark Drive|[silent]
|
|win|Dodgey jimbo
|raw|Jigrogros's rating: 1363 &rarr; <strong>1340</strong><br />(-23 for losing)
|raw|Dodgey jimbo's rating: 1304 &rarr; <strong>1327</strong><br />(+23 for winning)
|l|☆Dodgey jimbo
|player|p2|
|l|☆Jigrogros
|player|p1|
