|j|☆Mellolewd
|j|☆mtlcanadientei
|t:|1758326204
|gametype|singles
|player|p1|Mellolewd|miku-ghost|1184
|player|p2|mtlcanadientei|102|1238
|gen|9
|tier|[Gen 9] OU
|rated|
|rule|HP Percentage Mod: HP is shown in percentages
|rule|Endless Battle Clause: Forcing endless battles is banned
|rule|Species Clause: Limit one of each Pokémon
|rule|OHKO Clause: OHKO moves are banned
|rule|Evasion Items Clause: Evasion items are banned
|rule|Evasion Moves Clause: Evasion moves are banned
|rule|Evasion Abilities Clause: Evasion abilities are banned
|rule|Sleep Moves Clause: Sleep-inducing moves are banned
|clearpoke
|poke|p1|Iron Treads|
|poke|p1|Weavile, F|
|poke|p1|Kingambit, F|
|poke|p1|Cresselia, F|
|poke|p1|Raikou|
|poke|p1|Kyurem|
|poke|p2|Latios, M|
|poke|p2|Samurott-Hisui, M|
|poke|p2|Gholdengo|
|poke|p2|Okidogi, M|
|poke|p2|Iron Treads|
|poke|p2|Primarina, M|
|teampreview
|
|t:|1758326222
|teamsize|p1|6
|teamsize|p2|6
|start
|switch|p1a: Raikou|Raikou|100/100
|switch|p2a: Iron Treads|Iron Treads|100/100
|-ability|p1a: Raikou|Pressure
|turn|1
|
|t:|1758326233
|move|p1a: Raikou|Substitute|p1a: Raikou
|-start|p1a: Raikou|Substitute
|-damage|p1a: Raikou|76/100
|move|p2a: Iron Treads|Stealth Rock|p1a: Raikou
|-sidestart|p1: Mellolewd|move: Stealth Rock
|
|-heal|p1a: Raikou|82/100|[from] item: Leftovers
|upkeep
|turn|2
|
|t:|1758326241
|move|p1a: Raikou|Tera Blast|p2a: Iron Treads
|-resisted|p2a: Iron Treads
|-damage|p2a: Iron Treads|90/100
|move|p2a: Iron Treads|Earthquake|p1a: Raikou
|-supereffective|p1a: Raikou
|-end|p1a: Raikou|Substitute
|
|-heal|p1a: Raikou|88/100|[from] item: Leftovers
|upkeep
|turn|3
|
|t:|1758326255
|switch|p1a: Cresselia|Cresselia, F|100/100
|-damage|p1a: Cresselia|88/100|[from] Stealth Rock
|move|p2a: Iron Treads|Rapid Spin|p1a: Cresselia
|-damage|p1a: Cresselia|79/100
|-boost|p2a: Iron Treads|spe|1
|
|upkeep
|turn|4
|
|t:|1758326268
|move|p1a: Cresselia|Trick|p2a: Iron Treads
|-activate|p1a: Cresselia|move: Trick|[of] p2a: Iron Treads
|-item|p2a: Iron Treads|Choice Scarf|[from] move: Trick
|-item|p1a: Cresselia|Heavy-Duty Boots|[from] move: Trick
|move|p2a: Iron Treads|Volt Switch|p1a: Cresselia
|-damage|p1a: Cresselia|71/100
|
|t:|1758326287
|-end|p2a: Iron Treads|Quark Drive|[silent]
|switch|p2a: Gholdengo|Gholdengo|100/100|[from] Volt Switch
|
|upkeep
|turn|5
|
|t:|1758326302
|switch|p1a: Iron Treads|Iron Treads|100/100
|-damage|p1a: Iron Treads|97/100|[from] Stealth Rock
|-enditem|p1a: Iron Treads|Booster Energy
|-activate|p1a: Iron Treads|ability: Quark Drive|[fromitem]
|-start|p1a: Iron Treads|quarkdrivespe
|move|p2a: Gholdengo|Thunder Wave|p1a: Iron Treads
|-immune|p1a: Iron Treads
|
|upkeep
|turn|6
|
|t:|1758326318
|switch|p2a: Samurott|Samurott-Hisui, M|100/100
|move|p1a: Iron Treads|Stealth Rock|p2a: Samurott
|-sidestart|p2: mtlcanadientei|move: Stealth Rock
|
|upkeep
|turn|7
|
|t:|1758326335
|move|p1a: Iron Treads|Rapid Spin|p2a: Samurott
|-damage|p2a: Samurott|86/100
|-boost|p1a: Iron Treads|spe|1
|-sideend|p1: Mellolewd|Stealth Rock|[from] move: Rapid Spin|[of] p1a: Iron Treads
|move|p2a: Samurott|Ceaseless Edge|p1a: Iron Treads|[miss]
|-miss|p2a: Samurott|p1a: Iron Treads
|
|upkeep
|turn|8
|
|t:|1758326345
|move|p1a: Iron Treads|Earth Power|p2a: Samurott
|-damage|p2a: Samurott|40/100
|move|p2a: Samurott|Aqua Cutter|p1a: Iron Treads
|-supereffective|p1a: Iron Treads
|-damage|p1a: Iron Treads|9/100
|
|upkeep
|turn|9
|
|t:|1758326353
|move|p2a: Samurott|Sucker Punch|p1a: Iron Treads
|-damage|p1a: Iron Treads|0 fnt
|faint|p1a: Iron Treads
|-end|p1a: Iron Treads|Quark Drive|[silent]
|
|upkeep
|
|t:|1758326357
|switch|p1a: Raikou|Raikou|88/100
|-ability|p1a: Raikou|Pressure
|turn|10
|
|t:|1758326382
|switch|p1a: Weavile|Weavile, F|100/100
|-ability|p1a: Weavile|Pressure
|move|p2a: Samurott|Ceaseless Edge|p1a: Weavile
|-resisted|p1a: Weavile
|-damage|p1a: Weavile|58/100
|-sidestart|p1: Mellolewd|Spikes
|
|-heal|p1a: Weavile|64/100|[from] item: Leftovers
|upkeep
|turn|11
|
|t:|1758326394
|switch|p2a: Okidogi|Okidogi, M|100/100
|-damage|p2a: Okidogi|94/100|[from] Stealth Rock
|move|p1a: Weavile|Substitute|p1a: Weavile
|-start|p1a: Weavile|Substitute
|-damage|p1a: Weavile|39/100
|
|-heal|p1a: Weavile|45/100|[from] item: Leftovers
|-heal|p2a: Okidogi|100/100|[from] item: Black Sludge
|upkeep
|turn|12
|
|t:|1758326404
|move|p1a: Weavile|Swords Dance|p1a: Weavile
|-boost|p1a: Weavile|atk|2
|move|p2a: Okidogi|Roar|p1a: Weavile
|drag|p1a: Kingambit|Kingambit, F, shiny|100/100
|-damage|p1a: Kingambit|88/100|[from] Spikes
|-activate|p1a: Kingambit|ability: Supreme Overlord
|-start|p1a: Kingambit|fallen1|[silent]
|
|-heal|p1a: Kingambit|94/100|[from] item: Leftovers
|upkeep
|turn|13
|
|t:|1758326433
|-terastallize|p1a: Kingambit|Flying
|move|p1a: Kingambit|Swords Dance|p1a: Kingambit
|-boost|p1a: Kingambit|atk|2
|move|p2a: Okidogi|Knock Off|p1a: Kingambit
|-damage|p1a: Kingambit|62/100
|-enditem|p1a: Kingambit|Leftovers|[from] move: Knock Off|[of] p2a: Okidogi
|
|upkeep
|turn|14
|
|t:|1758326450
|move|p1a: Kingambit|Kowtow Cleave|p2a: Okidogi
|-resisted|p2a: Okidogi
|-damage|p2a: Okidogi|59/100
|move|p2a: Okidogi|Roar|p1a: Kingambit
|-end|p1a: Kingambit|fallen1|[silent]
|drag|p1a: Cresselia|Cresselia, F|71/100
|
|-heal|p2a: Okidogi|65/100|[from] item: Black Sludge
|upkeep
|turn|15
|
|t:|1758326464
|move|p1a: Cresselia|Thunder Wave|p2a: Okidogi|[miss]
|-miss|p1a: Cresselia|p2a: Okidogi
|move|p2a: Okidogi|Knock Off|p1a: Cresselia
|-supereffective|p1a: Cresselia
|-damage|p1a: Cresselia|15/100
|-enditem|p1a: Cresselia|Heavy-Duty Boots|[from] move: Knock Off|[of] p2a: Okidogi
|
|-heal|p2a: Okidogi|71/100|[from] item: Black Sludge
|upkeep
|turn|16
|
|t:|1758326481
|switch|p2a: Iron Treads|Iron Treads|90/100
|-damage|p2a: Iron Treads|87/100|[from] Stealth Rock
|move|p1a: Cresselia|Thunder Wave|p2a: Iron Treads
|-immune|p2a: Iron Treads
|
|upkeep
|turn|17
|
|t:|1758326489
|move|p2a: Iron Treads|Rapid Spin|p1a: Cresselia
|-damage|p1a: Cresselia|6/100
|-boost|p2a: Iron Treads|spe|1
|-sideend|p2: mtlcanadientei|Stealth Rock|[from] move: Rapid Spin|[of] p2a: Iron Treads
|move|p1a: Cresselia|Lunar Dance|p1a: Cresselia
|faint|p1a: Cresselia
|
|upkeep
|
|t:|1758326500
|switch|p1a: Weavile|Weavile, F|45/100
|-heal|p1a: Weavile|100/100|[from] move: Lunar Dance
|-damage|p1a: Weavile|88/100|[from] Spikes
|-ability|p1a: Weavile|Pressure
|turn|18
|
|t:|1758326525
|-end|p2a: Iron Treads|Quark Drive|[silent]
|switch|p2a: Okidogi|Okidogi, M|71/100
|move|p1a: Weavile|Swords Dance|p1a: Weavile
|-boost|p1a: Weavile|atk|2
|
|-heal|p1a: Weavile|94/100|[from] item: Leftovers
|-heal|p2a: Okidogi|77/100|[from] item: Black Sludge
|upkeep
|turn|19
|
|t:|1758326533
|move|p1a: Weavile|Icicle Crash|p2a: Okidogi
|-damage|p2a: Okidogi|10/100
|move|p2a: Okidogi|Drain Punch|p1a: Weavile
|-supereffective|p1a: Weavile
|-damage|p1a: Weavile|0 fnt
|-heal|p2a: Okidogi|45/100|[from] drain|[of] p1a: Weavile
|faint|p1a: Weavile
|
|-heal|p2a: Okidogi|51/100|[from] item: Black Sludge
|upkeep
|
|t:|1758326547
|switch|p1a: Kyurem|Kyurem, shiny|100/100
|-damage|p1a: Kyurem|88/100|[from] Spikes
|-ability|p1a: Kyurem|Pressure
|turn|20
|
|t:|1758326565
|switch|p2a: Samurott|Samurott-Hisui, M|40/100
|move|p1a: Kyurem|Icicle Spear|p2a: Samurott
|-resisted|p2a: Samurott
|-damage|p2a: Samurott|33/100
|-resisted|p2a: Samurott
|-crit|p2a: Samurott
|-damage|p2a: Samurott|23/100
|-resisted|p2a: Samurott
|-damage|p2a: Samurott|15/100
|-resisted|p2a: Samurott
|-damage|p2a: Samurott|7/100
|-resisted|p2a: Samurott
|-damage|p2a: Samurott|0 fnt
|faint|p2a: Samurott
|-hitcount|p2: Samurott|5
|
|-heal|p1a: Kyurem|94/100|[from] item: Leftovers
|upkeep
|
|t:|1758326575
|switch|p2a: Primarina|Primarina, M|100/100
|turn|21
|
|t:|1758326590
|move|p1a: Kyurem|Protect|p1a: Kyurem
|-singleturn|p1a: Kyurem|Protect
|move|p2a: Primarina|Moonblast|p1a: Kyurem
|-activate|p1a: Kyurem|move: Protect
|
|-heal|p1a: Kyurem|100/100|[from] item: Leftovers
|upkeep
|turn|22
|
|t:|1758326612
|switch|p1a: Raikou|Raikou|88/100
|-damage|p1a: Raikou|76/100|[from] Spikes
|-ability|p1a: Raikou|Pressure
|move|p2a: Primarina|Moonblast|p1a: Raikou
|-damage|p1a: Raikou|22/100
|-unboost|p1a: Raikou|spa|1
|
|-heal|p1a: Raikou|28/100|[from] item: Leftovers
|upkeep
|turn|23
|
|t:|1758326626
|move|p1a: Raikou|Thunderbolt|p2a: Primarina
|-supereffective|p2a: Primarina
|-damage|p2a: Primarina|70/100
|move|p2a: Primarina|Moonblast|p1a: Raikou
|-damage|p1a: Raikou|0 fnt
|faint|p1a: Raikou
|
|upkeep
|
|t:|1758326637
|switch|p1a: Kingambit|Kingambit, F, shiny, tera:Flying|62/100
|-activate|p1a: Kingambit|ability: Supreme Overlord
|-start|p1a: Kingambit|fallen4|[silent]
|turn|24
|
|t:|1758326647
|move|p1a: Kingambit|Iron Head|p2a: Primarina
|-damage|p2a: Primarina|0 fnt
|faint|p2a: Primarina
|
|upkeep
|
|t:|1758326656
|switch|p2a: Latios|Latios, M|100/100
|turn|25
|
|t:|1758326667
|-terastallize|p2a: Latios|Steel
|move|p2a: Latios|Substitute|p2a: Latios
|-start|p2a: Latios|Substitute
|-damage|p2a: Latios|75/100
|move|p1a: Kingambit|Kowtow Cleave|p2a: Latios
|-end|p2a: Latios|Substitute
|
|-heal|p2a: Latios|82/100|[from] item: Leftovers
|upkeep
|turn|26
|
|t:|1758326687
|switch|p2a: Gholdengo|Gholdengo|100/100
|move|p1a: Kingambit|Kowtow Cleave|p2a: Gholdengo
|-supereffective|p2a: Gholdengo
|-damage|p2a: Gholdengo|0 fnt
|-damage|p1a: Kingambit|45/100|[from] item: Rocky Helmet|[of] p2a: Gholdengo
|faint|p2a: Gholdengo
|
|upkeep
|
|t:|1758326698
|switch|p2a: Okidogi|Okidogi, M|51/100
|turn|27
|
|t:|1758326707
|move|p1a: Kingambit|Iron Head|p2a: Okidogi
|-damage|p2a: Okidogi|0 fnt
|faint|p2a: Okidogi
|
|upkeep
|
|t:|1758326716
|switch|p2a: Latios|Latios, M, tera:Steel|82/100
|turn|28
|
|t:|1758326728
|move|p1a: Kingambit|Sucker Punch|p2a: Latios
|-damage|p2a: Latios|12/100
|move|p2a: Latios|Luster Purge|p1a: Kingambit
|-damage|p1a: Kingambit|0 fnt
|faint|p1a: Kingambit
|-end|p1a: Kingambit|fallen4|[silent]
|
|-heal|p2a: Latios|18/100|[from] item: Leftovers
|upkeep
|
|t:|1758326732
|switch|p1a: Kyurem|Kyurem, shiny|100/100
|-damage|p1a: Kyurem|88/100|[from] Spikes
|-ability|p1a: Kyurem|Pressure
|turn|29
|
|t:|1758326742
|move|p1a: Kyurem|Protect|p1a: Kyurem
|-singleturn|p1a: Kyurem|Protect
|move|p2a: Latios|Aura Sphere|p1a: Kyurem
|-activate|p1a: Kyurem|move: Protect
|
|-heal|p1a: Kyurem|94/100|[from] item: Leftovers
|-heal|p2a: Latios|24/100|[from] item: Leftovers
|upkeep
|turn|30
|
|t:|1758326755
|move|p1a: Kyurem|Dragon Dance|p1a: Kyurem
|-boost|p1a: Kyurem|atk|1
|-boost|p1a: Kyurem|spe|1
|move|p2a: Latios|Aura Sphere|p1a: Kyurem
|-supereffective|p1a: Kyurem
|-damage|p1a: Kyurem|51/100
|
|-heal|p1a: Kyurem|58/100|[from] item: Leftovers
|-heal|p2a: Latios|30/100|[from] item: Leftovers
|upkeep
|turn|31
|
|t:|1758326771
|move|p1a: Kyurem|Icicle Spear|p2a: Latios
|-resisted|p2a: Latios
|-damage|p2a: Latios|20/100
|-resisted|p2a: Latios
|-crit|p2a: Latios
|-damage|p2a: Latios|7/100
|-resisted|p2a: Latios
|-damage|p2a: Latios|0 fnt
|faint|p2a: Latios
|-hitcount|p2: Latios|3
|
|-heal|p1a: Kyurem|64/100|[from] item: Leftovers
|upkeep
|
|t:|1758326774
|switch|p2a: Iron Treads|Iron Treads|87/100
|turn|32
|
|t:|1758326781
|move|p1a: Kyurem|Protect|p1a: Kyurem
|-singleturn|p1a: Kyurem|Protect
|move|p2a: Iron Treads|Earthquake|p1a: Kyurem
|-activate|p1a: Kyurem|move: Protect
|
|-heal|p1a: Kyurem|70/100|[from] item: Leftovers
|upkeep
|turn|33
|
|t:|1758326798
|move|p1a: Kyurem|Icicle Spear|p2a: Iron Treads
|-damage|p2a: Iron Treads|74/100
|-damage|p2a: Iron Treads|60/100
|-damage|p2a: Iron Treads|47/100
|-damage|p2a: Iron Treads|34/100
|-damage|p2a: Iron Treads|21/100
|-hitcount|p2a: Iron Treads|5
|move|p2a: Iron Treads|Earthquake|p1a: Kyurem
|-damage|p1a: Kyurem|36/100
|
|-heal|p1a: Kyurem|42/100|[from] item: Leftovers
|upkeep
|turn|34
|
|t:|1758326808
|move|p1a: Kyurem|Protect|p1a: Kyurem
|-singleturn|p1a: Kyurem|Protect
|move|p2a: Iron Treads|Earthquake|p1a: Kyurem
|-activate|p1a: Kyurem|move: Protect
|
|-heal|p1a: Kyurem|48/100|[from] item: Leftovers
|upkeep
|turn|35
|
|t:|1758326815
|move|p1a: Kyurem|Icicle Spear|p2a: Iron Treads
|-damage|p2a: Iron Treads|8/100
|-damage|p2a: Iron Treads|0 fnt
|faint|p2a: Iron Treads
|-end|p2a: Iron Treads|Quark Drive|[silent]
|-hitcount|p2: Iron Treads|2
|
|win|Mellolewd
|raw|Mellolewd's rating: 1184 &rarr; <strong>1213</strong><br />(+29 for winning)
|raw|mtlcanadientei's rating: 1238 &rarr; <strong>1209</strong><br />(-29 for losing)
|c|☆mtlcanadientei|gg
|c|☆Mellolewd|gg
|l|☆mtlcanadientei
|player|p2|
