|j|☆Mega Belibolt
|j|☆thetealqueen
|t:|1758285617
|gametype|singles
|player|p1|Mega Belibolt|102|1493
|player|p2|thetealqueen|266|1510
|gen|9
|tier|[Gen 9] OU
|rated|
|rule|HP Percentage Mod: HP is shown in percentages
|rule|Endless Battle Clause: Forcing endless battles is banned
|rule|Species Clause: Limit one of each Pokémon
|rule|OHKO Clause: OHKO moves are banned
|rule|Evasion Items Clause: Evasion items are banned
|rule|Evasion Moves Clause: Evasion moves are banned
|rule|Evasion Abilities Clause: Evasion abilities are banned
|rule|Sleep Moves Clause: Sleep-inducing moves are banned
|clearpoke
|poke|p1|Ninetales-Alola, F|
|poke|p1|Blastoise, F|
|poke|p1|Great Tusk|
|poke|p1|Iron Valiant|
|poke|p1|Kingambit, M|
|poke|p1|Iron Moth|
|poke|p2|Ogerpon, F|
|poke|p2|Great Tusk|
|poke|p2|Gholdengo|
|poke|p2|Hatterene, F|
|poke|p2|Kingambit, F|
|poke|p2|Gliscor, M|
|teampreview
|
|t:|1758285629
|teamsize|p1|6
|teamsize|p2|6
|start
|switch|p1a: Ninetales|Ninetales-Alola, F|100/100
|switch|p2a: Ogerpon|Ogerpon, F|100/100
|-weather|Snowscape|[from] ability: Snow Warning|[of] p1a: Ninetales
|turn|1
|
|t:|1758285635
|move|p1a: Ninetales|Blizzard|p2a: Ogerpon
|-supereffective|p2a: Ogerpon
|-damage|p2a: Ogerpon|0 fnt
|faint|p2a: Ogerpon
|
|-weather|Snowscape|[upkeep]
|upkeep
|inactive|Battle timer is ON: inactive players will automatically lose when time's up. (requested by Mega Belibolt)
|
|t:|1758285641
|switch|p2a: Hatterene|Hatterene, F|100/100
|turn|2
|
|t:|1758285644
|move|p1a: Ninetales|Aurora Veil|p1a: Ninetales
|-sidestart|p1: Mega Belibolt|move: Aurora Veil
|move|p2a: Hatterene|Future Sight|p1a: Ninetales
|-start|p2a: Hatterene|move: Future Sight
|
|-weather|Snowscape|[upkeep]
|upkeep
|turn|3
|
|t:|1758285651
|switch|p1a: Kingambit|Kingambit, M|100/100
|move|p2a: Hatterene|Nuzzle|p1a: Kingambit
|-damage|p1a: Kingambit|99/100
|-status|p1a: Kingambit|par
|-enditem|p1a: Kingambit|Lum Berry|[eat]
|-curestatus|p1a: Kingambit|par|[msg]
|
|-weather|Snowscape|[upkeep]
|upkeep
|turn|4
|
|t:|1758285659
|switch|p2a: Great Tusk|Great Tusk|100/100
|move|p1a: Kingambit|Iron Head|p2a: Great Tusk
|-damage|p2a: Great Tusk|70/100
|-damage|p1a: Kingambit|83/100|[from] item: Rocky Helmet|[of] p2a: Great Tusk
|
|-weather|Snowscape|[upkeep]
|-end|p1a: Kingambit|move: Future Sight
|-immune|p1a: Kingambit
|upkeep
|turn|5
|
|t:|1758285681
|-end|p2a: Great Tusk|Protosynthesis|[silent]
|switch|p2a: Hatterene|Hatterene, F|100/100
|-end|p1a: Kingambit|fallenundefined|[silent]
|switch|p1a: Great Tusk|Great Tusk|100/100
|-enditem|p1a: Great Tusk|Booster Energy
|-activate|p1a: Great Tusk|ability: Protosynthesis|[fromitem]
|-start|p1a: Great Tusk|protosynthesisspe
|
|-weather|none
|upkeep
|turn|6
|
|t:|1758285692
|move|p1a: Great Tusk|Bulk Up|p1a: Great Tusk
|-boost|p1a: Great Tusk|atk|1
|-boost|p1a: Great Tusk|def|1
|move|p2a: Hatterene|Future Sight|p1a: Great Tusk
|-start|p2a: Hatterene|move: Future Sight
|
|upkeep
|turn|7
|
|t:|1758285695
|move|p1a: Great Tusk|Bulk Up|p1a: Great Tusk
|-boost|p1a: Great Tusk|atk|1
|-boost|p1a: Great Tusk|def|1
|move|p2a: Hatterene|Psychic|p1a: Great Tusk
|-supereffective|p1a: Great Tusk
|-damage|p1a: Great Tusk|40/100
|
|upkeep
|turn|8
|
|t:|1758285705
|switch|p2a: Gliscor|Gliscor, M|100/100
|move|p1a: Great Tusk|Head Smash|p2a: Gliscor
|-damage|p2a: Gliscor|46/100
|-damage|p1a: Great Tusk|18/100|[from] Recoil
|
|-end|p1a: Great Tusk|move: Future Sight
|-supereffective|p1a: Great Tusk
|-damage|p1a: Great Tusk|0 fnt
|faint|p1a: Great Tusk
|-end|p1a: Great Tusk|Protosynthesis|[silent]
|-status|p2a: Gliscor|tox|[from] item: Toxic Orb
|upkeep
|
|t:|1758285722
|switch|p1a: Iron Valiant|Iron Valiant|100/100
|-enditem|p1a: Iron Valiant|Booster Energy
|-activate|p1a: Iron Valiant|ability: Quark Drive|[fromitem]
|-start|p1a: Iron Valiant|quarkdrivespe
|turn|9
|
|t:|1758285725
|-terastallize|p1a: Iron Valiant|Steel
|move|p1a: Iron Valiant|Swords Dance|p1a: Iron Valiant
|-boost|p1a: Iron Valiant|atk|2
|move|p2a: Gliscor|Toxic|p1a: Iron Valiant
|-immune|p1a: Iron Valiant
|
|-heal|p2a: Gliscor|58/100 tox|[from] ability: Poison Heal
|-sideend|p1: Mega Belibolt|move: Aurora Veil
|upkeep
|turn|10
|
|t:|1758285735
|switch|p2a: Great Tusk|Great Tusk|70/100
|move|p1a: Iron Valiant|Encore||[still]
|-fail|p1a: Iron Valiant
|
|upkeep
|turn|11
|
|t:|1758285738
|move|p1a: Iron Valiant|Close Combat|p2a: Great Tusk
|-damage|p2a: Great Tusk|0 fnt
|-unboost|p1a: Iron Valiant|def|1
|-unboost|p1a: Iron Valiant|spd|1
|-damage|p1a: Iron Valiant|84/100|[from] item: Rocky Helmet|[of] p2a: Great Tusk
|faint|p2a: Great Tusk
|-end|p2a: Great Tusk|Protosynthesis|[silent]
|
|upkeep
|
|t:|1758285744
|switch|p2a: Kingambit|Kingambit, F|100/100
|-activate|p2a: Kingambit|ability: Supreme Overlord
|-start|p2a: Kingambit|fallen2|[silent]
|turn|12
|
|t:|1758285749
|move|p1a: Iron Valiant|Swords Dance|p1a: Iron Valiant
|-boost|p1a: Iron Valiant|atk|2
|move|p2a: Kingambit|Kowtow Cleave|p1a: Iron Valiant
|-damage|p1a: Iron Valiant|0 fnt
|faint|p1a: Iron Valiant
|-end|p1a: Iron Valiant|Quark Drive|[silent]
|
|upkeep
|
|t:|1758285753
|switch|p1a: Iron Moth|Iron Moth|100/100
|-enditem|p1a: Iron Moth|Booster Energy
|-activate|p1a: Iron Moth|ability: Quark Drive|[fromitem]
|-start|p1a: Iron Moth|quarkdrivespa
|turn|13
|
|t:|1758285764
|-terastallize|p2a: Kingambit|Dark
|move|p1a: Iron Moth|Fiery Dance|p2a: Kingambit
|-damage|p2a: Kingambit|46/100
|move|p2a: Kingambit|Kowtow Cleave|p1a: Iron Moth
|-damage|p1a: Iron Moth|0 fnt
|faint|p1a: Iron Moth
|-end|p1a: Iron Moth|Quark Drive|[silent]
|
|upkeep
|
|t:|1758285773
|switch|p1a: Ninetales|Ninetales-Alola, F|100/100
|-weather|Snowscape|[from] ability: Snow Warning|[of] p1a: Ninetales
|turn|14
|
|t:|1758285777
|move|p1a: Ninetales|Aurora Veil|p1a: Ninetales
|-sidestart|p1: Mega Belibolt|move: Aurora Veil
|move|p2a: Kingambit|Iron Head|p1a: Ninetales
|-supereffective|p1a: Ninetales
|-damage|p1a: Ninetales|0 fnt
|faint|p1a: Ninetales
|
|-weather|Snowscape|[upkeep]
|upkeep
|
|t:|1758285786
|switch|p1a: Blastoise|Blastoise, F|100/100
|turn|15
|
|t:|1758285789
|move|p1a: Blastoise|Shell Smash|p1a: Blastoise
|-unboost|p1a: Blastoise|def|1
|-unboost|p1a: Blastoise|spd|1
|-boost|p1a: Blastoise|atk|2
|-boost|p1a: Blastoise|spa|2
|-boost|p1a: Blastoise|spe|2
|-enditem|p1a: Blastoise|White Herb
|-clearnegativeboost|p1a: Blastoise|[silent]
|move|p2a: Kingambit|Kowtow Cleave|p1a: Blastoise
|-damage|p1a: Blastoise|42/100
|
|-weather|Snowscape|[upkeep]
|upkeep
|turn|16
|
|t:|1758285805
|-end|p2a: Kingambit|fallen2|[silent]
|switch|p2a: Hatterene|Hatterene, F|100/100
|move|p1a: Blastoise|Surf|p2a: Hatterene
|-damage|p2a: Hatterene|49/100
|
|-weather|Snowscape|[upkeep]
|upkeep
|turn|17
|
|t:|1758285812
|move|p1a: Blastoise|Surf|p2a: Hatterene
|-damage|p2a: Hatterene|2/100
|move|p2a: Hatterene|Nuzzle|p1a: Blastoise
|-supereffective|p1a: Blastoise
|-damage|p1a: Blastoise|38/100
|-status|p1a: Blastoise|par
|
|-weather|Snowscape|[upkeep]
|upkeep
|turn|18
|
|t:|1758285818
|cant|p1a: Blastoise|par
|move|p2a: Hatterene|Future Sight|p1a: Blastoise
|-start|p2a: Hatterene|move: Future Sight
|
|-weather|none
|upkeep
|turn|19
|
|t:|1758285820
|move|p1a: Blastoise|Surf|p2a: Hatterene
|-damage|p2a: Hatterene|0 fnt
|faint|p2a: Hatterene
|
|upkeep
|
|t:|1758285823
|switch|p2a: Kingambit|Kingambit, F, tera:Dark|46/100
|-activate|p2a: Kingambit|ability: Supreme Overlord
|-start|p2a: Kingambit|fallen3|[silent]
|turn|20
|
|t:|1758285833
|move|p2a: Kingambit|Sucker Punch|p1a: Blastoise
|-damage|p1a: Blastoise|0 fnt
|faint|p1a: Blastoise
|
|-hint|Future Sight did not hit because the target is fainted.
|upkeep
|
|t:|1758285835
|switch|p1a: Kingambit|Kingambit, M|83/100
|-activate|p1a: Kingambit|ability: Supreme Overlord
|-start|p1a: Kingambit|fallen5|[silent]
|turn|21
|
|t:|1758285841
|-end|p2a: Kingambit|fallen3|[silent]
|switch|p2a: Gholdengo|Gholdengo|100/100
|move|p1a: Kingambit|Swords Dance|p1a: Kingambit
|-boost|p1a: Kingambit|atk|2
|
|-sideend|p1: Mega Belibolt|move: Aurora Veil
|upkeep
|turn|22
|
|t:|1758285847
|move|p1a: Kingambit|Sucker Punch||[still]
|-fail|p1a: Kingambit
|move|p2a: Gholdengo|Trick|p1a: Kingambit
|-activate|p2a: Gholdengo|move: Trick|[of] p1a: Kingambit
|-item|p1a: Kingambit|Choice Specs|[from] move: Trick
|-enditem|p2a: Gholdengo|Choice Specs|[silent]|[from] move: Trick
|
|upkeep
|turn|23
|
|t:|1758285860
|move|p2a: Gholdengo|Dazzling Gleam|p1a: Kingambit
|-damage|p1a: Kingambit|51/100
|move|p1a: Kingambit|Iron Head|p2a: Gholdengo
|-resisted|p2a: Gholdengo
|-damage|p2a: Gholdengo|36/100
|
|upkeep
|turn|24
|
|t:|1758285869
|move|p2a: Gholdengo|Dazzling Gleam|p1a: Kingambit
|-damage|p1a: Kingambit|19/100
|move|p1a: Kingambit|Iron Head|p2a: Gholdengo
|-resisted|p2a: Gholdengo
|-damage|p2a: Gholdengo|0 fnt
|faint|p2a: Gholdengo
|
|upkeep
|
|t:|1758285872
|switch|p2a: Kingambit|Kingambit, F, tera:Dark|46/100
|-activate|p2a: Kingambit|ability: Supreme Overlord
|-start|p2a: Kingambit|fallen4|[silent]
|turn|25
|
|t:|1758285873
|move|p2a: Kingambit|Sucker Punch|p1a: Kingambit
|-resisted|p1a: Kingambit
|-damage|p1a: Kingambit|0 fnt
|faint|p1a: Kingambit
|-end|p1a: Kingambit|fallen5|[silent]
|
|win|thetealqueen
|raw|Mega Belibolt's rating: 1493 &rarr; <strong>1474</strong><br />(-19 for losing)
|raw|thetealqueen's rating: 1510 &rarr; <strong>1529</strong><br />(+19 for winning)
