|j|☆Obito 2001
|j|☆rookie22
|t:|1758372607
|gametype|singles
|player|p1|Obito 2001|blue-gen3two|1750
|player|p2|rookie22|iris-gen5bw2|1707
|gen|9
|tier|[Gen 9] OU
|rated|
|rule|HP Percentage Mod: HP is shown in percentages
|rule|Endless Battle Clause: Forcing endless battles is banned
|rule|Species Clause: Limit one of each Pokémon
|rule|OHKO Clause: OHKO moves are banned
|rule|Evasion Items Clause: Evasion items are banned
|rule|Evasion Moves Clause: Evasion moves are banned
|rule|Evasion Abilities Clause: Evasion abilities are banned
|rule|Sleep Moves Clause: Sleep-inducing moves are banned
|clearpoke
|poke|p1|Cinderace, F|
|poke|p1|Dragonite, F|
|poke|p1|Alomomola, F|
|poke|p1|Weezing-Galar, M|
|poke|p1|Great Tusk|
|poke|p1|Darkrai|
|poke|p2|Dragonite, F|
|poke|p2|Meowscarada, F|
|poke|p2|Keldeo|
|poke|p2|Iron Crown|
|poke|p2|Raging Bolt|
|poke|p2|Great Tusk|
|teampreview
|inactive|Battle timer is ON: inactive players will automatically lose when time's up. (requested by rookie22)
|inactive|Obito 2001 also wants the timer to be on.
|
|t:|1758372627
|teamsize|p1|6
|teamsize|p2|6
|start
|switch|p1a: BunnyGirlSenpai|Cinderace, F|100/100
|switch|p2a: Lisan Al Gaib|Keldeo|100/100
|turn|1
|
|t:|1758372633
|move|p1a: BunnyGirlSenpai|Gunk Shot|p2a: Lisan Al Gaib
|-start|p1a: BunnyGirlSenpai|typechange|Poison|[from] ability: Libero
|-damage|p2a: Lisan Al Gaib|8/100
|move|p2a: Lisan Al Gaib|Surf|p1a: BunnyGirlSenpai
|-damage|p1a: BunnyGirlSenpai|0 fnt
|faint|p1a: BunnyGirlSenpai
|
|upkeep
|
|t:|1758372644
|switch|p1a: Ban me|Darkrai|100/100
|turn|2
|
|t:|1758372648
|move|p1a: Ban me|Dark Pulse|p2a: Lisan Al Gaib
|-resisted|p2a: Lisan Al Gaib
|-damage|p2a: Lisan Al Gaib|0 fnt
|faint|p2a: Lisan Al Gaib
|
|upkeep
|
|t:|1758372654
|switch|p2a: Raging Bolt|Raging Bolt|100/100
|turn|3
|
|t:|1758372658
|switch|p1a: Fk hazard noobs|Weezing-Galar, M|100/100
|-ability|p1a: Fk hazard noobs|Neutralizing Gas
|move|p2a: Raging Bolt|Dragon Pulse|p1a: Fk hazard noobs
|-immune|p1a: Fk hazard noobs
|
|upkeep
|turn|4
|
|t:|1758372662
|-end|p2a: Raging Bolt|Protosynthesis|[silent]
|switch|p2a: Bene Gesserit|Iron Crown|100/100
|-end|p1a: Fk hazard noobs|ability: Neutralizing Gas
|switch|p1a: Mega Donphan|Great Tusk|100/100
|
|upkeep
|turn|5
|
|t:|1758372665
|-end|p2a: Bene Gesserit|Quark Drive|[silent]
|switch|p2a: Great Tusk|Great Tusk|100/100
|move|p1a: Mega Donphan|Headlong Rush|p2a: Great Tusk
|-damage|p2a: Great Tusk|63/100
|-unboost|p1a: Mega Donphan|def|1
|-unboost|p1a: Mega Donphan|spd|1
|
|-heal|p2a: Great Tusk|69/100|[from] item: Leftovers
|upkeep
|turn|6
|
|t:|1758372669
|move|p1a: Mega Donphan|Headlong Rush|p2a: Great Tusk
|-damage|p2a: Great Tusk|30/100
|-unboost|p1a: Mega Donphan|def|1
|-unboost|p1a: Mega Donphan|spd|1
|move|p2a: Great Tusk|Earthquake|p1a: Mega Donphan
|-damage|p1a: Mega Donphan|17/100
|
|-heal|p2a: Great Tusk|36/100|[from] item: Leftovers
|upkeep
|turn|7
|
|t:|1758372673
|move|p1a: Mega Donphan|Headlong Rush|p2a: Great Tusk
|-damage|p2a: Great Tusk|0 fnt
|-unboost|p1a: Mega Donphan|def|1
|-unboost|p1a: Mega Donphan|spd|1
|faint|p2a: Great Tusk
|-end|p2a: Great Tusk|Protosynthesis|[silent]
|
|upkeep
|
|t:|1758372697
|switch|p2a: Bene Gesserit|Iron Crown|100/100
|turn|8
|
|t:|1758372705
|move|p2a: Bene Gesserit|Tachyon Cutter|p1a: Mega Donphan
|-damage|p1a: Mega Donphan|0 fnt
|faint|p1a: Mega Donphan
|-end|p1a: Mega Donphan|Protosynthesis|[silent]
|-hitcount|p1: Mega Donphan|1
|
|upkeep
|j| Yankees999
|
|t:|1758372709
|switch|p1a: Ban me|Darkrai|100/100
|turn|9
|l| Yankees999
|
|t:|1758372722
|-end|p2a: Bene Gesserit|Quark Drive|[silent]
|switch|p2a: Raging Bolt|Raging Bolt|100/100
|move|p1a: Ban me|Dark Pulse|p2a: Raging Bolt
|-crit|p2a: Raging Bolt
|-damage|p2a: Raging Bolt|45/100
|
|-heal|p2a: Raging Bolt|51/100|[from] item: Leftovers
|upkeep
|turn|10
|
|t:|1758372733
|-terastallize|p2a: Raging Bolt|Fairy
|move|p1a: Ban me|Ice Beam|p2a: Raging Bolt
|-damage|p2a: Raging Bolt|24/100
|move|p2a: Raging Bolt|Thunderbolt|p1a: Ban me
|-damage|p1a: Ban me|31/100
|-status|p1a: Ban me|par
|
|-heal|p2a: Raging Bolt|30/100|[from] item: Leftovers
|upkeep
|turn|11
|
|t:|1758372740
|move|p2a: Raging Bolt|Thunderbolt|p1a: Ban me
|-damage|p1a: Ban me|0 fnt
|faint|p1a: Ban me
|
|-heal|p2a: Raging Bolt|36/100|[from] item: Leftovers
|upkeep
|
|t:|1758372752
|switch|p1a: Ban me ASAP|Dragonite, F|100/100
|turn|12
|
|t:|1758372756
|move|p1a: Ban me ASAP|Earthquake|p2a: Raging Bolt
|-crit|p2a: Raging Bolt
|-damage|p2a: Raging Bolt|0 fnt
|faint|p2a: Raging Bolt
|-end|p2a: Raging Bolt|Protosynthesis|[silent]
|
|upkeep
|
|t:|1758372770
|switch|p2a: Meowscarada|Meowscarada, F|100/100
|turn|13
|
|t:|1758372773
|switch|p1a: Fk hazard noobs|Weezing-Galar, M|100/100
|-ability|p1a: Fk hazard noobs|Neutralizing Gas
|move|p2a: Meowscarada|Taunt|p1a: Fk hazard noobs
|-start|p1a: Fk hazard noobs|move: Taunt
|
|upkeep
|turn|14
|
|t:|1758372780
|switch|p2a: Bene Gesserit|Iron Crown|100/100
|move|p1a: Fk hazard noobs|Sludge Bomb|p2a: Bene Gesserit
|-immune|p2a: Bene Gesserit
|
|upkeep
|turn|15
|
|t:|1758372787
|-end|p1a: Fk hazard noobs|ability: Neutralizing Gas
|switch|p1a: Momo Hirai|Alomomola, F|100/100
|move|p2a: Bene Gesserit|Psyshock|p1a: Momo Hirai
|-damage|p1a: Momo Hirai|78/100
|-enditem|p1a: Momo Hirai|Red Card|[of] p2a: Bene Gesserit
|-end|p2a: Bene Gesserit|Quark Drive|[silent]
|drag|p2a: Meowscarada|Meowscarada, F|100/100
|
|upkeep
|turn|16
|
|t:|1758372797
|move|p2a: Meowscarada|Flower Trick|p1a: Momo Hirai
|-start|p2a: Meowscarada|typechange|Grass|[from] ability: Protean
|-supereffective|p1a: Momo Hirai
|-crit|p1a: Momo Hirai
|-damage|p1a: Momo Hirai|21/100
|move|p1a: Momo Hirai|Acrobatics|p2a: Meowscarada
|-supereffective|p2a: Meowscarada
|-damage|p2a: Meowscarada|33/100
|
|upkeep
|turn|17
|
|t:|1758372804
|switch|p1a: Fk hazard noobs|Weezing-Galar, M|100/100
|-ability|p1a: Fk hazard noobs|Neutralizing Gas
|move|p2a: Meowscarada|Flower Trick|p1a: Fk hazard noobs
|-resisted|p1a: Fk hazard noobs
|-crit|p1a: Fk hazard noobs
|-damage|p1a: Fk hazard noobs|84/100
|
|upkeep
|turn|18
|
|t:|1758372807
|switch|p2a: Bene Gesserit|Iron Crown|100/100
|-end|p1a: Fk hazard noobs|ability: Neutralizing Gas
|switch|p1a: Momo Hirai|Alomomola, F|55/100
|
|upkeep
|turn|19
|
|t:|1758372814
|move|p1a: Momo Hirai|Protect|p1a: Momo Hirai
|-singleturn|p1a: Momo Hirai|Protect
|move|p2a: Bene Gesserit|Volt Switch|p1a: Momo Hirai
|-activate|p1a: Momo Hirai|move: Protect
|
|upkeep
|turn|20
|
|t:|1758372820
|switch|p1a: Fk hazard noobs|Weezing-Galar, M|84/100
|-ability|p1a: Fk hazard noobs|Neutralizing Gas
|move|p2a: Bene Gesserit|Volt Switch|p1a: Fk hazard noobs
|-damage|p1a: Fk hazard noobs|50/100
|
|t:|1758372827
|-end|p2a: Bene Gesserit|Quark Drive|[silent]
|switch|p2a: Meowscarada|Meowscarada, F|33/100|[from] Volt Switch
|
|upkeep
|turn|21
|j| woairibi
|
|t:|1758372833
|switch|p2a: Bene Gesserit|Iron Crown|100/100
|move|p1a: Fk hazard noobs|Will-O-Wisp|p2a: Bene Gesserit
|-status|p2a: Bene Gesserit|brn
|
|-damage|p2a: Bene Gesserit|94/100 brn|[from] brn
|upkeep
|turn|22
|
|t:|1758372838
|-end|p1a: Fk hazard noobs|ability: Neutralizing Gas
|switch|p1a: Momo Hirai|Alomomola, F|88/100
|move|p2a: Bene Gesserit|Psyshock|p1a: Momo Hirai
|-damage|p1a: Momo Hirai|65/100
|
|-damage|p2a: Bene Gesserit|88/100 brn|[from] brn
|upkeep
|turn|23
|
|t:|1758372847
|move|p2a: Bene Gesserit|Psyshock|p1a: Momo Hirai
|-damage|p1a: Momo Hirai|39/100
|move|p1a: Momo Hirai|Wish|p1a: Momo Hirai
|
|-damage|p2a: Bene Gesserit|82/100 brn|[from] brn
|upkeep
|turn|24
|
|t:|1758372852
|-end|p2a: Bene Gesserit|Quark Drive|[silent]
|switch|p2a: Meowscarada|Meowscarada, F|33/100
|move|p1a: Momo Hirai|Flip Turn|p2a: Meowscarada
|-resisted|p2a: Meowscarada
|-damage|p2a: Meowscarada|21/100
|
|t:|1758372855
|switch|p1a: Fk hazard noobs|Weezing-Galar, M|50/100|[from] Flip Turn
|-ability|p1a: Fk hazard noobs|Neutralizing Gas
|
|-heal|p1a: Fk hazard noobs|100/100|[from] move: Wish|[wisher] Momo Hirai
|upkeep
|turn|25
|
|t:|1758372861
|switch|p2a: Bene Gesserit|Iron Crown|82/100 brn
|-end|p1a: Fk hazard noobs|ability: Neutralizing Gas
|switch|p1a: Momo Hirai|Alomomola, F|72/100
|
|-damage|p2a: Bene Gesserit|76/100 brn|[from] brn
|upkeep
|turn|26
|
|t:|1758372869
|move|p1a: Momo Hirai|Protect|p1a: Momo Hirai
|-singleturn|p1a: Momo Hirai|Protect
|move|p2a: Bene Gesserit|Volt Switch|p1a: Momo Hirai
|-activate|p1a: Momo Hirai|move: Protect
|
|-damage|p2a: Bene Gesserit|70/100 brn|[from] brn
|upkeep
|turn|27
|
|t:|1758372875
|switch|p1a: Fk hazard noobs|Weezing-Galar, M|100/100
|-ability|p1a: Fk hazard noobs|Neutralizing Gas
|move|p2a: Bene Gesserit|Volt Switch|p1a: Fk hazard noobs
|-crit|p1a: Fk hazard noobs
|-damage|p1a: Fk hazard noobs|56/100
|
|t:|1758372878
|-end|p2a: Bene Gesserit|Quark Drive|[silent]
|switch|p2a: Meowscarada|Meowscarada, F|21/100|[from] Volt Switch
|
|upkeep
|turn|28
|
|t:|1758372882
|move|p2a: Meowscarada|Taunt|p1a: Fk hazard noobs
|-start|p1a: Fk hazard noobs|move: Taunt
|move|p1a: Fk hazard noobs|Sludge Bomb|p2a: Meowscarada
|-supereffective|p2a: Meowscarada
|-damage|p2a: Meowscarada|0 fnt
|faint|p2a: Meowscarada
|
|upkeep
|
|t:|1758372884
|switch|p2a: I'm the original.|Dragonite, F|100/100
|turn|29
|
|t:|1758372886
|move|p2a: I'm the original.|Dragon Dance|p2a: I'm the original.
|-boost|p2a: I'm the original.|atk|1
|-boost|p2a: I'm the original.|spe|1
|move|p1a: Fk hazard noobs|Sludge Bomb|p2a: I'm the original.
|-damage|p2a: I'm the original.|72/100
|
|upkeep
|turn|30
|
|t:|1758372888
|move|p2a: I'm the original.|Earthquake|p1a: Fk hazard noobs
|-supereffective|p1a: Fk hazard noobs
|-damage|p1a: Fk hazard noobs|0 fnt
|faint|p1a: Fk hazard noobs
|-end|p1a: Fk hazard noobs|ability: Neutralizing Gas
|
|upkeep
|
|t:|1758372892
|switch|p1a: Ban me ASAP|Dragonite, F|100/100
|turn|31
|
|t:|1758372895
|move|p2a: I'm the original.|Ice Spinner|p1a: Ban me ASAP
|-supereffective|p1a: Ban me ASAP
|-damage|p1a: Ban me ASAP|5/100
|move|p1a: Ban me ASAP|Dragon Dance|p1a: Ban me ASAP
|-boost|p1a: Ban me ASAP|atk|1
|-boost|p1a: Ban me ASAP|spe|1
|
|-heal|p1a: Ban me ASAP|11/100|[from] item: Leftovers
|upkeep
|turn|32
|
|t:|1758372906
|switch|p1a: Momo Hirai|Alomomola, F|100/100
|move|p2a: I'm the original.|Ice Spinner|p1a: Momo Hirai
|-resisted|p1a: Momo Hirai
|-damage|p1a: Momo Hirai|87/100
|
|upkeep
|turn|33
|
|t:|1758372917
|move|p2a: I'm the original.|Earthquake|p1a: Momo Hirai
|-damage|p1a: Momo Hirai|57/100
|move|p1a: Momo Hirai|Wish|p1a: Momo Hirai
|
|upkeep
|turn|34
|
|t:|1758372928
|move|p2a: I'm the original.|Dragon Dance|p2a: I'm the original.
|-boost|p2a: I'm the original.|atk|1
|-boost|p2a: I'm the original.|spe|1
|move|p1a: Momo Hirai|Flip Turn|p2a: I'm the original.
|-resisted|p2a: I'm the original.
|-damage|p2a: I'm the original.|64/100
|
|t:|1758372930
|switch|p1a: Ban me ASAP|Dragonite, F|11/100|[from] Flip Turn
|
|-heal|p1a: Ban me ASAP|84/100|[from] move: Wish|[wisher] Momo Hirai
|-heal|p1a: Ban me ASAP|90/100|[from] item: Leftovers
|upkeep
|turn|35
|j| frutillaroja
|
|t:|1758372933
|switch|p1a: Momo Hirai|Alomomola, F|90/100
|move|p2a: I'm the original.|Ice Spinner|p1a: Momo Hirai
|-resisted|p1a: Momo Hirai
|-damage|p1a: Momo Hirai|72/100
|
|upkeep
|turn|36
|
|t:|1758372940
|move|p2a: I'm the original.|Earthquake|p1a: Momo Hirai
|-damage|p1a: Momo Hirai|29/100
|move|p1a: Momo Hirai|Wish|p1a: Momo Hirai
|
|upkeep
|turn|37
|j| VibrantApple
|inactive|rookie22 has 120 seconds left.
|
|t:|1758372986
|move|p1a: Momo Hirai|Protect|p1a: Momo Hirai
|-singleturn|p1a: Momo Hirai|Protect
|move|p2a: I'm the original.|Earthquake|p1a: Momo Hirai
|-activate|p1a: Momo Hirai|move: Protect
|
|-heal|p1a: Momo Hirai|79/100|[from] move: Wish|[wisher] Momo Hirai
|upkeep
|turn|38
|
|t:|1758372993
|move|p2a: I'm the original.|Earthquake|p1a: Momo Hirai
|-damage|p1a: Momo Hirai|35/100
|move|p1a: Momo Hirai|Wish|p1a: Momo Hirai
|
|upkeep
|turn|39
|
|t:|1758373003
|move|p2a: I'm the original.|Dragon Dance|p2a: I'm the original.
|-boost|p2a: I'm the original.|atk|1
|-boost|p2a: I'm the original.|spe|1
|move|p1a: Momo Hirai|Flip Turn|p2a: I'm the original.
|-resisted|p2a: I'm the original.
|-damage|p2a: I'm the original.|55/100
|
|t:|1758373004
|switch|p1a: Ban me ASAP|Dragonite, F|90/100|[from] Flip Turn
|
|-heal|p1a: Ban me ASAP|100/100|[from] move: Wish|[wisher] Momo Hirai
|upkeep
|turn|40
|
|t:|1758373016
|-terastallize|p1a: Ban me ASAP|Flying
|move|p2a: I'm the original.|Ice Spinner|p1a: Ban me ASAP
|-supereffective|p1a: Ban me ASAP
|-damage|p1a: Ban me ASAP|16/100
|move|p1a: Ban me ASAP|Tera Blast|p2a: I'm the original.|[anim] Tera Blast Flying
|-damage|p2a: I'm the original.|0 fnt
|faint|p2a: I'm the original.
|
|-heal|p1a: Ban me ASAP|22/100|[from] item: Leftovers
|upkeep
|
|t:|1758373024
|switch|p2a: Bene Gesserit|Iron Crown|70/100 brn
|turn|41
|
|t:|1758373028
|move|p2a: Bene Gesserit|Volt Switch|p1a: Ban me ASAP
|-supereffective|p1a: Ban me ASAP
|-damage|p1a: Ban me ASAP|0 fnt
|faint|p1a: Ban me ASAP
|
|-damage|p2a: Bene Gesserit|64/100 brn|[from] brn
|upkeep
|
|t:|1758373030
|switch|p1a: Momo Hirai|Alomomola, F|68/100
|turn|42
|
|t:|1758373032
|move|p1a: Momo Hirai|Protect|p1a: Momo Hirai
|-singleturn|p1a: Momo Hirai|Protect
|move|p2a: Bene Gesserit|Volt Switch|p1a: Momo Hirai
|-activate|p1a: Momo Hirai|move: Protect
|
|-damage|p2a: Bene Gesserit|57/100 brn|[from] brn
|upkeep
|turn|43
|
|t:|1758373034
|move|p2a: Bene Gesserit|Volt Switch|p1a: Momo Hirai
|-supereffective|p1a: Momo Hirai
|-damage|p1a: Momo Hirai|28/100
|move|p1a: Momo Hirai|Wish|p1a: Momo Hirai
|
|-damage|p2a: Bene Gesserit|51/100 brn|[from] brn
|upkeep
|turn|44
|
|t:|1758373039
|move|p1a: Momo Hirai|Protect|p1a: Momo Hirai
|-singleturn|p1a: Momo Hirai|Protect
|move|p2a: Bene Gesserit|Volt Switch|p1a: Momo Hirai
|-activate|p1a: Momo Hirai|move: Protect
|
|-heal|p1a: Momo Hirai|78/100|[from] move: Wish|[wisher] Momo Hirai
|-damage|p2a: Bene Gesserit|45/100 brn|[from] brn
|upkeep
|turn|45
|j| CCCCold
|
|t:|1758373041
|move|p2a: Bene Gesserit|Volt Switch|p1a: Momo Hirai
|-supereffective|p1a: Momo Hirai
|-damage|p1a: Momo Hirai|35/100
|move|p1a: Momo Hirai|Wish|p1a: Momo Hirai
|
|-damage|p2a: Bene Gesserit|39/100 brn|[from] brn
|upkeep
|turn|46
|
|t:|1758373047
|move|p1a: Momo Hirai|Protect|p1a: Momo Hirai
|-singleturn|p1a: Momo Hirai|Protect
|move|p2a: Bene Gesserit|Volt Switch|p1a: Momo Hirai
|-activate|p1a: Momo Hirai|move: Protect
|
|-heal|p1a: Momo Hirai|85/100|[from] move: Wish|[wisher] Momo Hirai
|-damage|p2a: Bene Gesserit|33/100 brn|[from] brn
|upkeep
|turn|47
|
|t:|1758373052
|move|p2a: Bene Gesserit|Volt Switch|p1a: Momo Hirai
|-supereffective|p1a: Momo Hirai
|-damage|p1a: Momo Hirai|40/100
|move|p1a: Momo Hirai|Wish|p1a: Momo Hirai
|
|-damage|p2a: Bene Gesserit|27/100 brn|[from] brn
|upkeep
|turn|48
|
|t:|1758373059
|move|p1a: Momo Hirai|Protect|p1a: Momo Hirai
|-singleturn|p1a: Momo Hirai|Protect
|move|p2a: Bene Gesserit|Volt Switch|p1a: Momo Hirai
|-activate|p1a: Momo Hirai|move: Protect
|
|-heal|p1a: Momo Hirai|90/100|[from] move: Wish|[wisher] Momo Hirai
|-damage|p2a: Bene Gesserit|20/100 brn|[from] brn
|upkeep
|turn|49
|j| jrwy
|inactive|rookie22 has 120 seconds left.
|inactive|rookie22 has 90 seconds left.
|l| VibrantApple
|j| chip.s0
|inactive|rookie22 has 60 seconds left.
|c|☆Obito 2001|Really bro you wanna rage quit now😂🤣
|inactive|rookie22 has 30 seconds left.
|inactive|rookie22 has 20 seconds left.
|inactive|rookie22 has 15 seconds left.
|inactive|rookie22 has 10 seconds left.
|inactive|rookie22 has 5 seconds left.
|l| chip.s0
|-message|rookie22 lost due to inactivity.
|
|win|Obito 2001
|raw|Obito 2001's rating: 1750 &rarr; <strong>1768</strong><br />(+18 for winning)
|raw|rookie22's rating: 1707 &rarr; <strong>1689</strong><br />(-18 for losing)
|j| wgw2333
|l| wgw2333
|l|☆Obito 2001
|player|p1|
|l| frutillaroja
