|j|☆7th jim
|j|☆DontMissMantine
|t:|1758250578
|gametype|singles
|player|p1|7th jim|brock|1612
|player|p2|DontMissMantine|lucas|1578
|gen|9
|tier|[Gen 9] OU
|rated|
|rule|HP Percentage Mod: HP is shown in percentages
|rule|Endless Battle Clause: Forcing endless battles is banned
|rule|Species Clause: Limit one of each Pokémon
|rule|OHKO Clause: OHKO moves are banned
|rule|Evasion Items Clause: Evasion items are banned
|rule|Evasion Moves Clause: Evasion moves are banned
|rule|Evasion Abilities Clause: Evasion abilities are banned
|rule|Sleep Moves Clause: Sleep-inducing moves are banned
|clearpoke
|poke|p1|Ceruledge, M|
|poke|p1|Zamazenta-*|
|poke|p1|Corviknight, M|
|poke|p1|Clodsire, F|
|poke|p1|Iron Hands|
|poke|p1|Blissey, F|
|poke|p2|Pelipper, F|
|poke|p2|Beartic, M|
|poke|p2|Barraskewda, M|
|poke|p2|Ogerpon-Wellspring, F|
|poke|p2|Zapdos|
|poke|p2|Hatterene, F|
|teampreview
|inactive|Battle timer is ON: inactive players will automatically lose when time's up. (requested by DontMissMantine)
|
|t:|1758250590
|teamsize|p1|6
|teamsize|p2|6
|start
|switch|p1a: Iron Hands|Iron Hands|100/100
|switch|p2a: Pelipper|Pelipper, F|100/100
|-weather|RainDance|[from] ability: Drizzle|[of] p2a: Pelipper
|turn|1
|
|t:|1758250605
|switch|p2a: Hatterene|Hatterene, F|100/100
|move|p1a: Iron Hands|Thunder Punch|p2a: Hatterene
|-damage|p2a: Hatterene|60/100
|-status|p2a: Hatterene|par
|-enditem|p2a: Hatterene|Eject Button
|
|t:|1758250614
|switch|p2a: Ogerpon|Ogerpon-Wellspring, F|100/100
|
|-weather|RainDance|[upkeep]
|upkeep
|turn|2
|
|t:|1758250623
|-end|p1a: Iron Hands|Quark Drive|[silent]
|switch|p1a: Clodsire|Clodsire, F|100/100
|move|p2a: Ogerpon|Ivy Cudgel|p1a: Clodsire|[anim] Ivy Cudgel Water
|-immune|p1a: Clodsire|[from] ability: Water Absorb
|
|-weather|RainDance|[upkeep]
|upkeep
|turn|3
|
|t:|1758250630
|move|p2a: Ogerpon|Power Whip|p1a: Clodsire
|-damage|p1a: Clodsire|27/100
|move|p1a: Clodsire|Toxic|p2a: Ogerpon
|-status|p2a: Ogerpon|tox
|
|-weather|RainDance|[upkeep]
|-damage|p2a: Ogerpon|95/100 tox|[from] psn
|upkeep
|turn|4
|
|t:|1758250640
|switch|p1a: Corviknight|Corviknight, M|100/100
|-ability|p1a: Corviknight|Pressure
|move|p2a: Ogerpon|Power Whip|p1a: Corviknight
|-resisted|p1a: Corviknight
|-damage|p1a: Corviknight|89/100
|
|-weather|RainDance|[upkeep]
|-heal|p1a: Corviknight|95/100|[from] item: Leftovers
|-damage|p2a: Ogerpon|83/100 tox|[from] psn
|upkeep
|turn|5
|
|t:|1758250662
|move|p2a: Ogerpon|Ivy Cudgel|p1a: Corviknight|[anim] Ivy Cudgel Water
|-damage|p1a: Corviknight|47/100
|move|p1a: Corviknight|U-turn|p2a: Ogerpon
|-supereffective|p2a: Ogerpon
|-damage|p2a: Ogerpon|46/100 tox
|
|t:|1758250672
|switch|p1a: Zamazenta|Zamazenta|100/100|[from] U-turn
|-ability|p1a: Zamazenta|Dauntless Shield|boost
|-boost|p1a: Zamazenta|def|1
|
|-weather|RainDance|[upkeep]
|-damage|p2a: Ogerpon|28/100 tox|[from] psn
|upkeep
|turn|6
|
|t:|1758250680
|move|p1a: Zamazenta|Body Press|p2a: Ogerpon
|-damage|p2a: Ogerpon|0 fnt
|faint|p2a: Ogerpon
|
|-weather|RainDance|[upkeep]
|upkeep
|
|t:|1758250690
|switch|p2a: Barraskewda|Barraskewda, M|100/100
|turn|7
|
|t:|1758250702
|move|p2a: Barraskewda|Flip Turn|p1a: Zamazenta
|-damage|p1a: Zamazenta|73/100
|
|t:|1758250707
|switch|p2a: Hatterene|Hatterene, F|60/100 par|[from] Flip Turn
|move|p1a: Zamazenta|Body Press|p2a: Hatterene
|-resisted|p2a: Hatterene
|-damage|p2a: Hatterene|50/100 par
|
|-weather|RainDance|[upkeep]
|-heal|p1a: Zamazenta|79/100|[from] item: Leftovers
|upkeep
|turn|8
|
|t:|1758250717
|switch|p1a: Ceruledge|Ceruledge, M, shiny|100/100
|move|p2a: Hatterene|Healing Wish|p2a: Hatterene
|faint|p2a: Hatterene
|
|-weather|none
|upkeep
|
|t:|1758250725
|switch|p2a: Pelipper|Pelipper, F|100/100
|-weather|RainDance|[from] ability: Drizzle|[of] p2a: Pelipper
|turn|9
|
|t:|1758250736
|move|p1a: Ceruledge|Poltergeist|p2a: Pelipper
|-activate|p2a: Pelipper|move: Poltergeist|Damp Rock
|-damage|p2a: Pelipper|46/100
|move|p2a: Pelipper|Hurricane|p1a: Ceruledge
|-damage|p1a: Ceruledge|54/100
|
|-weather|RainDance|[upkeep]
|upkeep
|turn|10
|
|t:|1758250746
|switch|p2a: Zapdos|Zapdos|100/100
|move|p1a: Ceruledge|Poltergeist|p2a: Zapdos
|-activate|p2a: Zapdos|move: Poltergeist|Assault Vest
|-damage|p2a: Zapdos|13/100
|
|-weather|RainDance|[upkeep]
|upkeep
|turn|11
|
|t:|1758250754
|move|p1a: Ceruledge|Shadow Sneak|p2a: Zapdos
|-damage|p2a: Zapdos|0 fnt
|-status|p1a: Ceruledge|par|[from] ability: Static|[of] p2a: Zapdos
|faint|p2a: Zapdos
|
|-weather|RainDance|[upkeep]
|upkeep
|
|t:|1758250761
|switch|p2a: Beartic|Beartic, M|100/100
|turn|12
|
|t:|1758250767
|move|p2a: Beartic|Icicle Spear|p1a: Ceruledge
|-resisted|p1a: Ceruledge
|-damage|p1a: Ceruledge|43/100 par
|-resisted|p1a: Ceruledge
|-damage|p1a: Ceruledge|34/100 par
|-resisted|p1a: Ceruledge
|-damage|p1a: Ceruledge|24/100 par
|-resisted|p1a: Ceruledge
|-damage|p1a: Ceruledge|14/100 par
|-resisted|p1a: Ceruledge
|-damage|p1a: Ceruledge|3/100 par
|-hitcount|p1a: Ceruledge|5
|cant|p1a: Ceruledge|par
|
|-weather|RainDance|[upkeep]
|upkeep
|turn|13
|
|t:|1758250779
|move|p1a: Ceruledge|Shadow Sneak|p2a: Beartic
|-damage|p2a: Beartic|71/100
|move|p2a: Beartic|Icicle Spear|p1a: Ceruledge
|-resisted|p1a: Ceruledge
|-damage|p1a: Ceruledge|0 fnt
|faint|p1a: Ceruledge
|-hitcount|p1: Ceruledge|1
|
|-weather|RainDance|[upkeep]
|upkeep
|
|t:|1758250789
|switch|p1a: Iron Hands|Iron Hands|100/100
|turn|14
|inactive|DontMissMantine has 120 seconds left.
|j| p tnr black
|
|t:|1758250843
|-terastallize|p2a: Beartic|Electric
|move|p2a: Beartic|Swords Dance|p2a: Beartic
|-boost|p2a: Beartic|atk|2
|move|p1a: Iron Hands|Drain Punch|p2a: Beartic
|-damage|p2a: Beartic|11/100
|
|-weather|RainDance|[upkeep]
|upkeep
|turn|15
|
|t:|1758250867
|move|p2a: Beartic|Earthquake|p1a: Iron Hands
|-supereffective|p1a: Iron Hands
|-damage|p1a: Iron Hands|0 fnt
|faint|p1a: Iron Hands
|-end|p1a: Iron Hands|Quark Drive|[silent]
|
|-weather|RainDance|[upkeep]
|upkeep
|
|t:|1758250870
|switch|p1a: Corviknight|Corviknight, M|47/100
|-ability|p1a: Corviknight|Pressure
|turn|16
|
|t:|1758250877
|move|p2a: Beartic|Icicle Spear|p1a: Corviknight
|-damage|p1a: Corviknight|30/100
|-damage|p1a: Corviknight|12/100
|-damage|p1a: Corviknight|0 fnt
|faint|p1a: Corviknight
|-hitcount|p1: Corviknight|3
|
|-weather|none
|upkeep
|
|t:|1758250882
|switch|p1a: Zamazenta|Zamazenta|79/100
|turn|17
|
|t:|1758250890
|switch|p1a: Clodsire|Clodsire, F|27/100
|switch|p2a: Pelipper|Pelipper, F|46/100
|-heal|p2a: Pelipper|100/100|[from] move: Healing Wish
|-weather|RainDance|[from] ability: Drizzle|[of] p2a: Pelipper
|
|-weather|RainDance|[upkeep]
|upkeep
|turn|18
|
|t:|1758250905
|switch|p2a: Beartic|Beartic, M, tera:Electric|11/100
|-terastallize|p1a: Clodsire|Steel
|move|p1a: Clodsire|Recover|p1a: Clodsire
|-heal|p1a: Clodsire|77/100
|
|-weather|RainDance|[upkeep]
|upkeep
|turn|19
|
|t:|1758250916
|switch|p1a: Zamazenta|Zamazenta|79/100
|move|p2a: Beartic|Earthquake|p1a: Zamazenta
|-damage|p1a: Zamazenta|50/100
|
|-weather|RainDance|[upkeep]
|-heal|p1a: Zamazenta|57/100|[from] item: Leftovers
|upkeep
|turn|20
|
|t:|1758250935
|switch|p2a: Pelipper|Pelipper, F|100/100
|move|p1a: Zamazenta|Body Press|p2a: Pelipper
|-resisted|p2a: Pelipper
|-damage|p2a: Pelipper|87/100
|
|-weather|RainDance|[upkeep]
|-heal|p1a: Zamazenta|63/100|[from] item: Leftovers
|upkeep
|turn|21
|inactive|7th jim has 120 seconds left.
|
|t:|1758250961
|move|p1a: Zamazenta|Substitute|p1a: Zamazenta
|-start|p1a: Zamazenta|Substitute
|-damage|p1a: Zamazenta|38/100
|move|p2a: Pelipper|U-turn|p1a: Zamazenta
|-resisted|p1a: Zamazenta
|-activate|p1a: Zamazenta|move: Substitute|[damage]
|
|t:|1758250967
|switch|p2a: Barraskewda|Barraskewda, M|100/100|[from] U-turn
|
|-weather|RainDance|[upkeep]
|-heal|p1a: Zamazenta|44/100|[from] item: Leftovers
|upkeep
|turn|22
|
|t:|1758250974
|switch|p1a: Clodsire|Clodsire, F, tera:Steel|77/100
|move|p2a: Barraskewda|Flip Turn|p1a: Clodsire
|-heal|p1a: Clodsire|100/100|[from] ability: Water Absorb|[of] p2a: Barraskewda
|
|-weather|RainDance|[upkeep]
|upkeep
|turn|23
|
|t:|1758250981
|move|p2a: Barraskewda|Close Combat|p1a: Clodsire
|-supereffective|p1a: Clodsire
|-damage|p1a: Clodsire|3/100
|-unboost|p2a: Barraskewda|def|1
|-unboost|p2a: Barraskewda|spd|1
|move|p1a: Clodsire|Stealth Rock|p2a: Barraskewda
|-sidestart|p2: DontMissMantine|move: Stealth Rock
|
|-weather|RainDance|[upkeep]
|upkeep
|turn|24
|
|t:|1758250991
|move|p2a: Barraskewda|Close Combat|p1a: Clodsire
|-supereffective|p1a: Clodsire
|-damage|p1a: Clodsire|0 fnt
|-unboost|p2a: Barraskewda|def|1
|-unboost|p2a: Barraskewda|spd|1
|faint|p1a: Clodsire
|
|-weather|none
|upkeep
|
|t:|1758250994
|switch|p1a: Zamazenta|Zamazenta|44/100
|turn|25
|
|t:|1758251001
|switch|p2a: Beartic|Beartic, M, tera:Electric|11/100
|-damage|p2a: Beartic|0 fnt|[from] Stealth Rock
|faint|p2a: Beartic
|move|p1a: Zamazenta|Iron Defense|p1a: Zamazenta
|-boost|p1a: Zamazenta|def|2
|
|-heal|p1a: Zamazenta|50/100|[from] item: Leftovers
|upkeep
|
|t:|1758251010
|switch|p2a: Pelipper|Pelipper, F|87/100
|-damage|p2a: Pelipper|62/100|[from] Stealth Rock
|-weather|RainDance|[from] ability: Drizzle|[of] p2a: Pelipper
|turn|26
|
|t:|1758251016
|switch|p1a: Blissey|Blissey, F|100/100
|move|p2a: Pelipper|Hurricane|p1a: Blissey
|-damage|p1a: Blissey|90/100
|-start|p1a: Blissey|confusion
|
|-weather|RainDance|[upkeep]
|-heal|p1a: Blissey|96/100|[from] item: Leftovers
|upkeep
|turn|27
|
|t:|1758251029
|-activate|p1a: Blissey|confusion
|move|p1a: Blissey|Thunder Wave|p2a: Pelipper
|-status|p2a: Pelipper|par
|move|p2a: Pelipper|U-turn|p1a: Blissey
|-damage|p1a: Blissey|87/100
|
|t:|1758251034
|switch|p2a: Barraskewda|Barraskewda, M|100/100|[from] U-turn
|-damage|p2a: Barraskewda|88/100|[from] Stealth Rock
|
|-weather|RainDance|[upkeep]
|-heal|p1a: Blissey|93/100|[from] item: Leftovers
|upkeep
|turn|28
|j| wgw2333
|
|t:|1758251042
|move|p2a: Barraskewda|Liquidation|p1a: Blissey
|-damage|p1a: Blissey|12/100
|-unboost|p1a: Blissey|def|1
|-activate|p1a: Blissey|confusion
|-damage|p1a: Blissey|10/100|[from] confusion
|
|-weather|RainDance|[upkeep]
|-heal|p1a: Blissey|16/100|[from] item: Leftovers
|upkeep
|turn|29
|
|t:|1758251052
|move|p2a: Barraskewda|Liquidation|p1a: Blissey
|-damage|p1a: Blissey|0 fnt
|faint|p1a: Blissey
|
|-weather|RainDance|[upkeep]
|upkeep
|
|t:|1758251054
|switch|p1a: Zamazenta|Zamazenta|50/100
|turn|30
|
|t:|1758251060
|move|p2a: Barraskewda|Flip Turn|p1a: Zamazenta
|-damage|p1a: Zamazenta|5/100
|
|t:|1758251063
|switch|p2a: Pelipper|Pelipper, F|62/100 par|[from] Flip Turn
|-damage|p2a: Pelipper|37/100 par|[from] Stealth Rock
|move|p1a: Zamazenta|Body Press|p2a: Pelipper
|-resisted|p2a: Pelipper
|-damage|p2a: Pelipper|25/100 par
|
|-weather|RainDance|[upkeep]
|-heal|p1a: Zamazenta|12/100|[from] item: Leftovers
|upkeep
|turn|31
|j| lamebiz
|l| lamebiz
|
|t:|1758251073
|move|p1a: Zamazenta|Iron Defense|p1a: Zamazenta
|-boost|p1a: Zamazenta|def|2
|cant|p2a: Pelipper|par
|
|-weather|RainDance|[upkeep]
|-heal|p1a: Zamazenta|18/100|[from] item: Leftovers
|upkeep
|turn|32
|
|t:|1758251080
|move|p1a: Zamazenta|Iron Defense|p1a: Zamazenta
|-boost|p1a: Zamazenta|def|2
|move|p2a: Pelipper|Hurricane|p1a: Zamazenta
|-supereffective|p1a: Zamazenta
|-damage|p1a: Zamazenta|0 fnt
|faint|p1a: Zamazenta
|
|win|DontMissMantine
|raw|7th jim's rating: 1612 &rarr; <strong>1590</strong><br />(-22 for losing)
|raw|DontMissMantine's rating: 1578 &rarr; <strong>1600</strong><br />(+22 for winning)
|l|☆7th jim
|player|p1|
|l|☆DontMissMantine
|player|p2|
|l| wgw2333
|j|☆DontMissMantine
|player|p2|DontMissMantine|lucas|
