|j|☆prakshep
|j|☆bobby00120
|t:|1758291849
|gametype|singles
|player|p1|prakshep|nate|1350
|player|p2|bobby00120|169|1384
|gen|9
|tier|[Gen 9] OU
|rated|
|rule|HP Percentage Mod: HP is shown in percentages
|rule|Endless Battle Clause: Forcing endless battles is banned
|rule|Species Clause: Limit one of each Pokémon
|rule|OHKO Clause: OHKO moves are banned
|rule|Evasion Items Clause: Evasion items are banned
|rule|Evasion Moves Clause: Evasion moves are banned
|rule|Evasion Abilities Clause: Evasion abilities are banned
|rule|Sleep Moves Clause: Sleep-inducing moves are banned
|clearpoke
|poke|p1|Iron Boulder|
|poke|p1|Zapdos|
|poke|p1|Hatterene, F|
|poke|p1|Dragonite, M|
|poke|p1|Zamazenta-*|
|poke|p1|Iron Moth|
|poke|p2|Hatterene, F|
|poke|p2|Ursaluna, M|
|poke|p2|Cresselia, F|
|poke|p2|Iron Hands|
|poke|p2|Iron Boulder|
|poke|p2|Enamorus-Therian, F|
|teampreview
|inactive|Battle timer is ON: inactive players will automatically lose when time's up. (requested by bobby00120)
|
|t:|1758291866
|teamsize|p1|6
|teamsize|p2|6
|start
|switch|p1a: Heart of stone|Iron Boulder|100/100
|switch|p2a: Hatterene|Hatterene, F|100/100
|-enditem|p1a: Heart of stone|Booster Energy
|-activate|p1a: Heart of stone|ability: Quark Drive|[fromitem]
|-start|p1a: Heart of stone|quarkdrivespe
|turn|1
|
|t:|1758291881
|move|p1a: Heart of stone|Swords Dance|p1a: Heart of stone
|-boost|p1a: Heart of stone|atk|2
|move|p2a: Hatterene|Trick Room|p2a: Hatterene
|-fieldstart|move: Trick Room|[of] p2a: Hatterene
|
|upkeep
|turn|2
|inactive|prakshep has 120 seconds left.
|
|t:|1758291915
|move|p2a: Hatterene|Dazzling Gleam|p1a: Heart of stone
|-damage|p1a: Heart of stone|51/100
|move|p1a: Heart of stone|Mighty Cleave|p2a: Hatterene
|-enditem|p2a: Hatterene|Focus Sash
|-damage|p2a: Hatterene|1/100
|
|upkeep
|turn|3
|
|t:|1758291919
|move|p2a: Hatterene|Misty Explosion|p1a: Heart of stone
|-damage|p1a: Heart of stone|0 fnt
|faint|p2a: Hatterene
|faint|p1a: Heart of stone
|-end|p1a: Heart of stone|Quark Drive|[silent]
|
|upkeep
|
|t:|1758291929
|switch|p2a: Ursaluna|Ursaluna, M|100/100
|switch|p1a: Fucking legendary|Zapdos|100/100
|turn|4
|inactive|prakshep has 120 seconds left.
|
|t:|1758291957
|move|p2a: Ursaluna|Swords Dance|p2a: Ursaluna
|-boost|p2a: Ursaluna|atk|2
|move|p1a: Fucking legendary|Hurricane|p2a: Ursaluna|[miss]
|-miss|p1a: Fucking legendary|p2a: Ursaluna
|
|-status|p2a: Ursaluna|brn|[from] item: Flame Orb
|upkeep
|turn|5
|inactive|prakshep has 120 seconds left.
|
|t:|1758291984
|move|p2a: Ursaluna|Facade|p1a: Fucking legendary
|-damage|p1a: Fucking legendary|0 fnt
|faint|p1a: Fucking legendary
|
|-damage|p2a: Ursaluna|94/100 brn|[from] brn
|-fieldend|move: Trick Room
|upkeep
|
|t:|1758291994
|switch|p1a: God of OU|Zamazenta|100/100
|-ability|p1a: God of OU|Dauntless Shield|boost
|-boost|p1a: God of OU|def|1
|turn|6
|
|t:|1758292000
|-terastallize|p1a: God of OU|Steel
|move|p1a: God of OU|Iron Defense|p1a: God of OU
|-boost|p1a: God of OU|def|2
|move|p2a: Ursaluna|Facade|p1a: God of OU
|-resisted|p1a: God of OU
|-damage|p1a: God of OU|55/100
|
|-heal|p1a: God of OU|61/100|[from] item: Leftovers
|-damage|p2a: Ursaluna|88/100 brn|[from] brn
|upkeep
|turn|7
|
|t:|1758292008
|move|p1a: God of OU|Body Press|p2a: Ursaluna
|-supereffective|p2a: Ursaluna
|-damage|p2a: Ursaluna|0 fnt
|faint|p2a: Ursaluna
|
|-heal|p1a: God of OU|67/100|[from] item: Leftovers
|upkeep
|
|t:|1758292010
|switch|p2a: Cresselia|Cresselia, F|100/100
|turn|8
|inactive|prakshep has 120 seconds left.
|
|t:|1758292028
|move|p1a: God of OU|Crunch|p2a: Cresselia
|-supereffective|p2a: Cresselia
|-damage|p2a: Cresselia|71/100
|move|p2a: Cresselia|Trick Room|p2a: Cresselia
|-fieldstart|move: Trick Room|[of] p2a: Cresselia
|
|-heal|p1a: God of OU|73/100|[from] item: Leftovers
|upkeep
|turn|9
|
|t:|1758292032
|switch|p2a: Enamorus|Enamorus-Therian, F|100/100
|move|p1a: God of OU|Heavy Slam|p2a: Enamorus
|-supereffective|p2a: Enamorus
|-crit|p2a: Enamorus
|-damage|p2a: Enamorus|0 fnt
|faint|p2a: Enamorus
|
|-heal|p1a: God of OU|79/100|[from] item: Leftovers
|upkeep
|
|t:|1758292042
|switch|p2a: Iron Hands|Iron Hands|100/100
|-enditem|p2a: Iron Hands|Booster Energy
|-activate|p2a: Iron Hands|ability: Quark Drive|[fromitem]
|-start|p2a: Iron Hands|quarkdriveatk
|turn|10
|
|t:|1758292053
|move|p2a: Iron Hands|Swords Dance|p2a: Iron Hands
|-boost|p2a: Iron Hands|atk|2
|move|p1a: God of OU|Body Press|p2a: Iron Hands
|-damage|p2a: Iron Hands|44/100
|
|-heal|p1a: God of OU|85/100|[from] item: Leftovers
|upkeep
|turn|11
|inactive|prakshep has 120 seconds left.
|inactive|prakshep has 90 seconds left.
|
|t:|1758292104
|move|p2a: Iron Hands|Drain Punch|p1a: God of OU
|-supereffective|p1a: God of OU
|-damage|p1a: God of OU|0 fnt
|-heal|p2a: Iron Hands|75/100|[from] drain|[of] p1a: God of OU
|faint|p1a: God of OU
|
|upkeep
|
|t:|1758292109
|switch|p1a: From here to there|Hatterene, F|100/100
|turn|12
|
|t:|1758292112
|move|p1a: From here to there|Psychic|p2a: Iron Hands
|-supereffective|p2a: Iron Hands
|-damage|p2a: Iron Hands|0 fnt
|faint|p2a: Iron Hands
|-end|p2a: Iron Hands|Quark Drive|[silent]
|
|-fieldend|move: Trick Room
|upkeep
|
|t:|1758292122
|switch|p2a: Iron Boulder|Iron Boulder|100/100
|-enditem|p2a: Iron Boulder|Booster Energy
|-activate|p2a: Iron Boulder|ability: Quark Drive|[fromitem]
|-start|p2a: Iron Boulder|quarkdrivespe
|turn|13
|
|t:|1758292136
|switch|p1a: Dance off bro|Iron Moth|100/100
|-enditem|p1a: Dance off bro|Booster Energy
|-activate|p1a: Dance off bro|ability: Quark Drive|[fromitem]
|-start|p1a: Dance off bro|quarkdrivespe
|move|p2a: Iron Boulder|Swords Dance|p2a: Iron Boulder
|-boost|p2a: Iron Boulder|atk|2
|
|upkeep
|turn|14
|
|t:|1758292140
|move|p2a: Iron Boulder|Mighty Cleave|p1a: Dance off bro
|-supereffective|p1a: Dance off bro
|-damage|p1a: Dance off bro|0 fnt
|faint|p1a: Dance off bro
|-end|p1a: Dance off bro|Quark Drive|[silent]
|
|upkeep
|inactive|prakshep has 120 seconds left.
|l|☆prakshep
|inactive|prakshep disconnected and has a minute to reconnect!
|player|p1|
|inactive|prakshep has 30 seconds to reconnect!
|inactive|prakshep has 20 seconds to reconnect!
|inactive|prakshep has 15 seconds to reconnect!
|inactive|prakshep has 10 seconds to reconnect!
|inactive|prakshep has 5 seconds to reconnect!
|-message|prakshep lost due to inactivity.
|
|win|bobby00120
|raw|prakshep's rating: 1350 &rarr; <strong>1332</strong><br />(-18 for losing)
|raw|bobby00120's rating: 1384 &rarr; <strong>1402</strong><br />(+18 for winning)
|j|☆prakshep
|player|p1|prakshep|nate|
|l|☆prakshep
|player|p1|
|l|☆bobby00120
|player|p2|
