|j|☆Lonelyenders
|j|☆drvantacorp
|t:|1758287768
|gametype|singles
|player|p1|Lonelyenders|acetrainer|1364
|player|p2|drvantacorp|ingo|1355
|gen|9
|tier|[Gen 9] OU
|rated|
|rule|HP Percentage Mod: HP is shown in percentages
|rule|Endless Battle Clause: Forcing endless battles is banned
|rule|Species Clause: Limit one of each Pokémon
|rule|OHKO Clause: OHKO moves are banned
|rule|Evasion Items Clause: Evasion items are banned
|rule|Evasion Moves Clause: Evasion moves are banned
|rule|Evasion Abilities Clause: Evasion abilities are banned
|rule|Sleep Moves Clause: Sleep-inducing moves are banned
|clearpoke
|poke|p1|Great Tusk|
|poke|p1|Rillaboom, F|
|poke|p1|Dragonite, M|
|poke|p1|Heatran, F|
|poke|p1|Primarina, M|
|poke|p1|Serperior, M|
|poke|p2|Pelipper, F|
|poke|p2|Landorus-Therian, M|
|poke|p2|Floatzel, F|
|poke|p2|Toxicroak, M|
|poke|p2|Goodra-Hisui, M|
|poke|p2|Iron Treads|
|teampreview
|inactive|Battle timer is ON: inactive players will automatically lose when time's up. (requested by Lonelyenders)
|
|t:|1758287797
|teamsize|p1|6
|teamsize|p2|6
|start
|switch|p1a: Primarina|Primarina, M|100/100
|switch|p2a: Pelipper|Pelipper, F|100/100
|-weather|RainDance|[from] ability: Drizzle|[of] p2a: Pelipper
|turn|1
|
|t:|1758287826
|move|p1a: Primarina|Moonblast|p2a: Pelipper
|-damage|p2a: Pelipper|28/100
|move|p2a: Pelipper|U-turn|p1a: Primarina
|-resisted|p1a: Primarina
|-damage|p1a: Primarina|94/100
|
|t:|1758287834
|switch|p2a: Toxicroak|Toxicroak, M|100/100|[from] U-turn
|
|-weather|RainDance|[upkeep]
|upkeep
|turn|2
|inactive|Lonelyenders has 120 seconds left.
|
|t:|1758287870
|-terastallize|p1a: Primarina|Steel
|move|p2a: Toxicroak|Drain Punch|p1a: Primarina
|-supereffective|p1a: Primarina
|-damage|p1a: Primarina|0 fnt
|faint|p1a: Primarina
|
|-weather|RainDance|[upkeep]
|upkeep
|c|☆drvantacorp|OHHHHHHHHH
|
|t:|1758287878
|switch|p1a: Dragonite|Dragonite, M|100/100
|turn|3
|
|t:|1758287887
|switch|p2a: Landorus|Landorus-Therian, M|100/100
|-ability|p2a: Landorus|Intimidate|boost
|-unboost|p1a: Dragonite|atk|1
|move|p1a: Dragonite|Dragon Dance|p1a: Dragonite
|-boost|p1a: Dragonite|atk|1
|-boost|p1a: Dragonite|spe|1
|
|-weather|RainDance|[upkeep]
|upkeep
|turn|4
|
|t:|1758287897
|move|p1a: Dragonite|Dragon Dance|p1a: Dragonite
|-boost|p1a: Dragonite|atk|1
|-boost|p1a: Dragonite|spe|1
|move|p2a: Landorus|Stealth Rock|p1a: Dragonite
|-sidestart|p1: Lonelyenders|move: Stealth Rock
|
|-weather|RainDance|[upkeep]
|upkeep
|turn|5
|
|t:|1758287903
|move|p1a: Dragonite|Dragon Dance|p1a: Dragonite
|-boost|p1a: Dragonite|atk|1
|-boost|p1a: Dragonite|spe|1
|move|p2a: Landorus|U-turn|p1a: Dragonite
|-resisted|p1a: Dragonite
|-damage|p1a: Dragonite|95/100
|
|t:|1758287908
|switch|p2a: Goodra|Goodra-Hisui, M|100/100|[from] U-turn
|
|-weather|RainDance|[upkeep]
|upkeep
|turn|6
|
|t:|1758287917
|move|p1a: Dragonite|Earthquake|p2a: Goodra
|-supereffective|p2a: Goodra
|-damage|p2a: Goodra|0 fnt
|faint|p2a: Goodra
|
|-weather|RainDance|[upkeep]
|upkeep
|
|t:|1758287925
|switch|p2a: Floatzel|Floatzel, F|100/100
|turn|7
|
|t:|1758287932
|-terastallize|p2a: Floatzel|Water
|move|p1a: Dragonite|Extreme Speed|p2a: Floatzel
|-damage|p2a: Floatzel|0 fnt
|faint|p2a: Floatzel
|
|-weather|RainDance|[upkeep]
|upkeep
|c|☆drvantacorp|oh man i spoke too soon huh
|
|t:|1758287946
|switch|p2a: Toxicroak|Toxicroak, M|100/100
|turn|8
|
|t:|1758287955
|move|p1a: Dragonite|Extreme Speed|p2a: Toxicroak
|-damage|p2a: Toxicroak|0 fnt
|-damage|p1a: Dragonite|78/100|[from] item: Rocky Helmet|[of] p2a: Toxicroak
|faint|p2a: Toxicroak
|
|-weather|none
|upkeep
|
|t:|1758287961
|switch|p2a: Pelipper|Pelipper, F|28/100
|-weather|RainDance|[from] ability: Drizzle|[of] p2a: Pelipper
|turn|9
|-message|drvantacorp forfeited.
|
|win|Lonelyenders
|raw|Lonelyenders's rating: 1364 &rarr; <strong>1383</strong><br />(+19 for winning)
|raw|drvantacorp's rating: 1355 &rarr; <strong>1336</strong><br />(-19 for losing)
|l|☆drvantacorp
|player|p2|
|l|☆Lonelyenders
|player|p1|
