|j|☆tz142174606
|j|☆wugwugwugwugwugwug
|t:|1758352457
|gametype|singles
|player|p1|tz142174606|crasherwake|1209
|player|p2|wugwugwugwugwugwug|170|1219
|gen|9
|tier|[Gen 9] OU
|rated|
|rule|HP Percentage Mod: HP is shown in percentages
|rule|Endless Battle Clause: Forcing endless battles is banned
|rule|Species Clause: Limit one of each Pokémon
|rule|OHKO Clause: OHKO moves are banned
|rule|Evasion Items Clause: Evasion items are banned
|rule|Evasion Moves Clause: Evasion moves are banned
|rule|Evasion Abilities Clause: Evasion abilities are banned
|rule|Sleep Moves Clause: Sleep-inducing moves are banned
|clearpoke
|poke|p1|Zapdos|
|poke|p1|Pelipper, F|
|poke|p1|Kingdra, F|
|poke|p1|Scizor, F|
|poke|p1|Chansey, F|
|poke|p1|Serperior, M|
|poke|p2|Whimsicott, F|
|poke|p2|Ting-Lu|
|poke|p2|Great Tusk|
|poke|p2|Mew|
|poke|p2|Iron Crown|
|poke|p2|Eelektross, M|
|teampreview
|
|t:|1758352471
|teamsize|p1|6
|teamsize|p2|6
|start
|switch|p1a: Zapdos|Zapdos, shiny|100/100
|switch|p2a: Ting-Lu|Ting-Lu|100/100
|-ability|p2a: Ting-Lu|Vessel of Ruin
|turn|1
|
|t:|1758352481
|switch|p1a: Pelipper|Pelipper, F, shiny|100/100
|-weather|RainDance|[from] ability: Drizzle|[of] p1a: Pelipper
|move|p2a: Ting-Lu|Stealth Rock|p1a: Pelipper
|-sidestart|p1: tz142174606|move: Stealth Rock
|
|-weather|RainDance|[upkeep]
|upkeep
|turn|2
|
|t:|1758352492
|move|p2a: Ting-Lu|Spikes|p1a: Pelipper
|-sidestart|p1: tz142174606|Spikes
|move|p1a: Pelipper|U-turn|p2a: Ting-Lu
|-supereffective|p2a: Ting-Lu
|-damage|p2a: Ting-Lu|90/100
|
|t:|1758352498
|switch|p1a: Kingdra|Kingdra, F, shiny|100/100|[from] U-turn
|-damage|p1a: Kingdra|88/100|[from] Stealth Rock
|-damage|p1a: Kingdra|76/100|[from] Spikes
|
|-weather|RainDance|[upkeep]
|-heal|p2a: Ting-Lu|97/100|[from] item: Leftovers
|upkeep
|turn|3
|
|t:|1758352507
|-terastallize|p1a: Kingdra|Water
|move|p1a: Kingdra|Surf|p2a: Ting-Lu
|-supereffective|p2a: Ting-Lu
|-damage|p2a: Ting-Lu|0 fnt
|faint|p2a: Ting-Lu
|
|-weather|RainDance|[upkeep]
|upkeep
|
|t:|1758352515
|switch|p2a: Whimsicott|Whimsicott, F|100/100
|turn|4
|
|t:|1758352520
|move|p2a: Whimsicott|Leech Seed|p1a: Kingdra
|-start|p1a: Kingdra|move: Leech Seed
|move|p1a: Kingdra|Surf|p2a: Whimsicott
|-resisted|p2a: Whimsicott
|-enditem|p2a: Whimsicott|Focus Sash
|-damage|p2a: Whimsicott|1/100
|
|-weather|RainDance|[upkeep]
|-damage|p1a: Kingdra|63/100|[from] Leech Seed|[of] p2a: Whimsicott
|-heal|p2a: Whimsicott|15/100|[silent]
|upkeep
|turn|5
|
|t:|1758352529
|move|p1a: Kingdra|Surf|p2a: Whimsicott
|-resisted|p2a: Whimsicott
|-damage|p2a: Whimsicott|0 fnt
|faint|p2a: Whimsicott
|
|-weather|RainDance|[upkeep]
|upkeep
|
|t:|1758352539
|switch|p2a: Eelektross|Eelektross, M|100/100
|turn|6
|
|t:|1758352544
|move|p1a: Kingdra|Surf|p2a: Eelektross
|-damage|p2a: Eelektross|0 fnt
|faint|p2a: Eelektross
|
|-weather|RainDance|[upkeep]
|upkeep
|
|t:|1758352548
|switch|p2a: Great Tusk|Great Tusk|100/100
|turn|7
|
|t:|1758352553
|move|p1a: Kingdra|Surf|p2a: Great Tusk
|-supereffective|p2a: Great Tusk
|-damage|p2a: Great Tusk|0 fnt
|faint|p2a: Great Tusk
|-end|p2a: Great Tusk|Protosynthesis|[silent]
|
|-weather|RainDance|[upkeep]
|upkeep
|
|t:|1758352559
|switch|p2a: Mew|Mew|100/100
|turn|8
|
|t:|1758352564
|move|p1a: Kingdra|Surf|p2a: Mew
|-damage|p2a: Mew|3/100
|move|p2a: Mew|Imprison|p2a: Mew
|-start|p2a: Mew|move: Imprison
|
|-weather|none
|-heal|p2a: Mew|10/100|[from] item: Leftovers
|-damage|p1a: Kingdra|51/100|[from] Leech Seed|[of] p2a: Mew
|-heal|p2a: Mew|19/100|[silent]
|upkeep
|turn|9
|
|t:|1758352573
|move|p2a: Mew|Transform|p1a: Kingdra
|-transform|p2a: Mew|p1a: Kingdra
|cant|p1a: Kingdra|move: Imprison|Surf
|
|-heal|p2a: Mew|25/100|[from] item: Leftovers
|-damage|p1a: Kingdra|39/100|[from] Leech Seed|[of] p2a: Mew
|-heal|p2a: Mew|34/100|[silent]
|upkeep
|-start|p2a: Mew|typechange|Water/Dragon|[silent]
|turn|10
|
|t:|1758352585
|move|p2a: Mew|Blizzard|p1a: Kingdra
|-resisted|p1a: Kingdra
|-damage|p1a: Kingdra|18/100
|-status|p1a: Kingdra|frz
|cant|p1a: Kingdra|frz
|
|-heal|p2a: Mew|40/100|[from] item: Leftovers
|-damage|p1a: Kingdra|6/100 frz|[from] Leech Seed|[of] p2a: Mew
|-heal|p2a: Mew|49/100|[silent]
|upkeep
|turn|11
|
|t:|1758352595
|switch|p1a: Chansey|Chansey, F, shiny|100/100
|-damage|p1a: Chansey|88/100|[from] Stealth Rock
|-damage|p1a: Chansey|76/100|[from] Spikes
|move|p2a: Mew|Surf|p1a: Chansey
|-damage|p1a: Chansey|65/100
|
|-heal|p2a: Mew|55/100|[from] item: Leftovers
|upkeep
|turn|12
|
|t:|1758352610
|move|p2a: Mew|Flip Turn|p1a: Chansey
|-damage|p1a: Chansey|49/100
|
|t:|1758352614
|switch|p2a: Iron Crown|Iron Crown|100/100|[from] Flip Turn
|move|p1a: Chansey|Thunder Wave|p2a: Iron Crown
|-status|p2a: Iron Crown|par
|
|upkeep
|turn|13
|
|t:|1758352622
|cant|p2a: Iron Crown|par
|move|p1a: Chansey|Stealth Rock|p2a: Iron Crown
|-sidestart|p2: wugwugwugwugwugwug|move: Stealth Rock
|
|upkeep
|turn|14
|
|t:|1758352629
|move|p2a: Iron Crown|Agility|p2a: Iron Crown
|-boost|p2a: Iron Crown|spe|2
|move|p1a: Chansey|Soft-Boiled|p1a: Chansey
|-heal|p1a: Chansey|99/100
|
|upkeep
|turn|15
|
|t:|1758352636
|move|p2a: Iron Crown|Agility|p2a: Iron Crown
|-boost|p2a: Iron Crown|spe|2
|move|p1a: Chansey|Seismic Toss|p2a: Iron Crown
|-damage|p2a: Iron Crown|69/100 par
|
|-heal|p2a: Iron Crown|76/100 par|[from] item: Leftovers
|upkeep
|turn|16
|
|t:|1758352644
|move|p2a: Iron Crown|Calm Mind|p2a: Iron Crown
|-boost|p2a: Iron Crown|spa|1
|-boost|p2a: Iron Crown|spd|1
|move|p1a: Chansey|Seismic Toss|p2a: Iron Crown
|-damage|p2a: Iron Crown|44/100 par
|
|-heal|p2a: Iron Crown|51/100 par|[from] item: Leftovers
|upkeep
|turn|17
|
|t:|1758352657
|-terastallize|p2a: Iron Crown|Steel
|cant|p2a: Iron Crown|par
|move|p1a: Chansey|Seismic Toss|p2a: Iron Crown
|-damage|p2a: Iron Crown|20/100 par
|
|-heal|p2a: Iron Crown|26/100 par|[from] item: Leftovers
|upkeep
|turn|18
|
|t:|1758352665
|move|p2a: Iron Crown|Tachyon Cutter|p1a: Chansey
|-damage|p1a: Chansey|85/100
|-damage|p1a: Chansey|70/100
|-hitcount|p1a: Chansey|2
|move|p1a: Chansey|Seismic Toss|p2a: Iron Crown
|-damage|p2a: Iron Crown|0 fnt
|faint|p2a: Iron Crown
|-end|p2a: Iron Crown|Quark Drive|[silent]
|
|upkeep
|
|t:|1758352672
|switch|p2a: Mew|Mew|55/100
|-damage|p2a: Mew|43/100|[from] Stealth Rock
|turn|19
|
|t:|1758352677
|move|p2a: Mew|Imprison|p2a: Mew
|-start|p2a: Mew|move: Imprison
|move|p1a: Chansey|Seismic Toss|p2a: Mew
|-damage|p2a: Mew|18/100
|
|-heal|p2a: Mew|24/100|[from] item: Leftovers
|upkeep
|turn|20
|
|t:|1758352686
|move|p2a: Mew|Transform|p1a: Chansey
|-transform|p2a: Mew|p1a: Chansey
|cant|p1a: Chansey|move: Imprison|Seismic Toss
|
|-heal|p2a: Mew|30/100|[from] item: Leftovers
|upkeep
|turn|21
|
|t:|1758352693
|move|p2a: Mew|Soft-Boiled|p2a: Mew
|-heal|p2a: Mew|80/100
|-activate|p1a: Chansey|move: Struggle
|move|p1a: Chansey|Struggle|p2a: Mew
|-damage|p2a: Mew|78/100
|-damage|p1a: Chansey|45/100|[from] recoil
|
|-heal|p2a: Mew|85/100|[from] item: Leftovers
|upkeep
|turn|22
|
|t:|1758352714
|switch|p1a: Scizor|Scizor, F, shiny|100/100
|-damage|p1a: Scizor|88/100|[from] Stealth Rock
|-damage|p1a: Scizor|76/100|[from] Spikes
|move|p2a: Mew|Thunder Wave|p1a: Scizor
|-status|p1a: Scizor|par
|
|-heal|p2a: Mew|91/100|[from] item: Leftovers
|upkeep
|turn|23
|
|t:|1758352725
|move|p2a: Mew|Seismic Toss|p1a: Scizor
|-damage|p1a: Scizor|44/100 par
|move|p1a: Scizor|Close Combat|p2a: Mew
|-supereffective|p2a: Mew
|-damage|p2a: Mew|0 fnt
|-unboost|p1a: Scizor|def|1
|-unboost|p1a: Scizor|spd|1
|faint|p2a: Mew
|
|win|tz142174606
|raw|tz142174606's rating: 1209 &rarr; <strong>1235</strong><br />(+26 for winning)
|raw|wugwugwugwugwugwug's rating: 1219 &rarr; <strong>1193</strong><br />(-26 for losing)
|l|☆tz142174606
|player|p1|
|l|☆wugwugwugwugwugwug
|player|p2|
