|j|☆leasainm
|j|☆Stoner007
|t:|1758361533
|gametype|singles
|player|p1|leasainm|2|1149
|player|p2|Stoner007|lance|1190
|gen|9
|tier|[Gen 9] OU
|rated|
|rule|HP Percentage Mod: HP is shown in percentages
|rule|Endless Battle Clause: Forcing endless battles is banned
|rule|Species Clause: Limit one of each Pokémon
|rule|OHKO Clause: OHKO moves are banned
|rule|Evasion Items Clause: Evasion items are banned
|rule|Evasion Moves Clause: Evasion moves are banned
|rule|Evasion Abilities Clause: Evasion abilities are banned
|rule|Sleep Moves Clause: Sleep-inducing moves are banned
|clearpoke
|poke|p1|Dragapult, M|
|poke|p1|Scizor, M|
|poke|p1|Moltres|
|poke|p1|Shiftry, M|
|poke|p1|Weezing-Galar, M|
|poke|p1|Suicune|
|poke|p2|Blaziken, M|
|poke|p2|Quaquaval, M|
|poke|p2|Scizor, M|
|poke|p2|Meowscarada, F|
|poke|p2|Kyurem|
|poke|p2|Enamorus, F|
|teampreview
|inactive|Battle timer is ON: inactive players will automatically lose when time's up. (requested by leasainm)
|
|t:|1758361572
|teamsize|p1|6
|teamsize|p2|6
|start
|switch|p1a: Scizor|Scizor, M|100/100
|switch|p2a: Kyurem|Kyurem|100/100
|-ability|p2a: Kyurem|Pressure
|turn|1
|
|t:|1758361580
|switch|p2a: Blaziken|Blaziken, M|100/100
|move|p1a: Scizor|U-turn|p2a: Blaziken
|-resisted|p2a: Blaziken
|-damage|p2a: Blaziken|88/100
|
|t:|1758361586
|switch|p1a: Suicune|Suicune|100/100|[from] U-turn
|-ability|p1a: Suicune|Pressure
|
|upkeep
|turn|2
|
|t:|1758361601
|switch|p2a: Kyurem|Kyurem|100/100
|-ability|p2a: Kyurem|Pressure
|move|p1a: Suicune|Scald|p2a: Kyurem
|-resisted|p2a: Kyurem
|-damage|p2a: Kyurem|89/100
|
|upkeep
|turn|3
|
|t:|1758361617
|switch|p1a: Scizor|Scizor, M|100/100
|move|p2a: Kyurem|Freeze-Dry|p1a: Scizor
|-resisted|p1a: Scizor
|-damage|p1a: Scizor|73/100
|
|upkeep
|turn|4
|
|t:|1758361628
|switch|p2a: Blaziken|Blaziken, M|88/100
|move|p1a: Scizor|Close Combat|p2a: Blaziken
|-damage|p2a: Blaziken|27/100
|-unboost|p1a: Scizor|def|1
|-unboost|p1a: Scizor|spd|1
|
|upkeep
|turn|5
|
|t:|1758361636
|move|p1a: Scizor|Close Combat|p2a: Blaziken
|-damage|p2a: Blaziken|0 fnt
|-unboost|p1a: Scizor|def|1
|-unboost|p1a: Scizor|spd|1
|faint|p2a: Blaziken
|
|upkeep
|c|☆Stoner007|Woah that’s a cool set
|
|t:|1758361660
|switch|p2a: Enamorus|Enamorus, F|100/100
|turn|6
|
|t:|1758361671
|switch|p1a: Weezing|Weezing-Galar, M|100/100
|-ability|p1a: Weezing|Neutralizing Gas
|move|p2a: Enamorus|Moonblast|p1a: Weezing
|-resisted|p1a: Weezing
|-damage|p1a: Weezing|68/100
|-unboost|p1a: Weezing|spa|1
|
|upkeep
|turn|7
|inactive|Stoner007 has 120 seconds left.
|
|t:|1758361686
|switch|p2a: Scizor|Scizor, M|100/100
|move|p1a: Weezing|Toxic Spikes|p2a: Scizor
|-sidestart|p2: Stoner007|move: Toxic Spikes
|
|upkeep
|turn|8
|inactive|Stoner007 has 120 seconds left.
|
|t:|1758361700
|-end|p1a: Weezing|ability: Neutralizing Gas
|switch|p1a: Moltres|Moltres|100/100
|move|p2a: Scizor|Bullet Punch|p1a: Moltres
|-resisted|p1a: Moltres
|-damage|p1a: Moltres|83/100
|
|upkeep
|turn|9
|
|t:|1758361709
|switch|p2a: Quaquaval|Quaquaval, M|100/100
|-status|p2a: Quaquaval|psn
|move|p1a: Moltres|Tailwind|p1a: Moltres
|-sidestart|p1: leasainm|move: Tailwind
|
|-damage|p2a: Quaquaval|88/100 psn|[from] psn
|upkeep
|turn|10
|inactive|Stoner007 has 120 seconds left.
|
|t:|1758361735
|switch|p1a: Shiftry|Shiftry, M|100/100
|-ability|p1a: Shiftry|Wind Rider|boost
|-boost|p1a: Shiftry|atk|1
|move|p2a: Quaquaval|Aqua Step|p1a: Shiftry
|-resisted|p1a: Shiftry
|-damage|p1a: Shiftry|52/100
|-boost|p2a: Quaquaval|spe|1
|
|-damage|p2a: Quaquaval|76/100 psn|[from] psn
|upkeep
|turn|11
|
|t:|1758361757
|switch|p2a: Kyurem|Kyurem|89/100
|-status|p2a: Kyurem|psn
|-ability|p2a: Kyurem|Pressure
|move|p1a: Shiftry|Giga Drain|p2a: Kyurem
|-resisted|p2a: Kyurem
|-damage|p2a: Kyurem|70/100 psn
|-heal|p1a: Shiftry|63/100|[from] drain|[of] p2a: Kyurem
|-damage|p1a: Shiftry|53/100|[from] item: Life Orb
|
|-damage|p2a: Kyurem|58/100 psn|[from] psn
|upkeep
|turn|12
|
|t:|1758361771
|move|p1a: Shiftry|Knock Off|p2a: Kyurem
|-damage|p2a: Kyurem|0 fnt
|-enditem|p2a: Kyurem|Choice Scarf|[from] move: Knock Off|[of] p1a: Shiftry
|faint|p2a: Kyurem
|-damage|p1a: Shiftry|43/100|[from] item: Life Orb
|
|-sideend|p1: leasainm|move: Tailwind
|upkeep
|
|t:|1758361784
|switch|p2a: Enamorus|Enamorus, F|100/100
|turn|13
|
|t:|1758361793
|switch|p1a: Scizor|Scizor, M|73/100
|move|p2a: Enamorus|Sludge Bomb|p1a: Scizor
|-immune|p1a: Scizor
|
|upkeep
|turn|14
|
|t:|1758361802
|switch|p2a: Scizor|Scizor, M|100/100
|move|p1a: Scizor|U-turn|p2a: Scizor
|-resisted|p2a: Scizor
|-damage|p2a: Scizor|81/100
|
|t:|1758361808
|switch|p1a: Moltres|Moltres|83/100|[from] U-turn
|
|upkeep
|turn|15
|inactive|Stoner007 has 120 seconds left.
|
|t:|1758361817
|switch|p2a: Quaquaval|Quaquaval, M|76/100 psn
|move|p1a: Moltres|Sunny Day|p1a: Moltres
|-weather|SunnyDay
|
|-weather|SunnyDay|[upkeep]
|-damage|p2a: Quaquaval|64/100 psn|[from] psn
|upkeep
|turn|16
|inactive|Stoner007 has 120 seconds left.
|
|t:|1758361830
|move|p2a: Quaquaval|Aqua Step|p1a: Moltres
|-supereffective|p1a: Moltres
|-damage|p1a: Moltres|45/100
|-boost|p2a: Quaquaval|spe|1
|move|p1a: Moltres|Heat Wave|p2a: Quaquaval
|-resisted|p2a: Quaquaval
|-damage|p2a: Quaquaval|24/100 psn
|
|-weather|SunnyDay|[upkeep]
|-damage|p2a: Quaquaval|11/100 psn|[from] psn
|upkeep
|turn|17
|
|t:|1758361843
|move|p2a: Quaquaval|Aqua Step|p1a: Moltres
|-supereffective|p1a: Moltres
|-damage|p1a: Moltres|3/100
|-boost|p2a: Quaquaval|spe|1
|move|p1a: Moltres|Roost|p1a: Moltres
|-heal|p1a: Moltres|53/100
|-singleturn|p1a: Moltres|move: Roost
|
|-weather|SunnyDay|[upkeep]
|-damage|p2a: Quaquaval|0 fnt|[from] psn
|faint|p2a: Quaquaval
|upkeep
|-message|Stoner007 forfeited.
|
|win|leasainm
|raw|leasainm's rating: 1149 &rarr; <strong>1177</strong><br />(+28 for winning)
|raw|Stoner007's rating: 1190 &rarr; <strong>1162</strong><br />(-28 for losing)
|l|☆Stoner007
|player|p2|
|l|☆leasainm
|player|p1|
