|j|☆annefrank67
|j|☆chrovalis
|t:|1758298412
|gametype|singles
|player|p1|annefrank67|elesa|1110
|player|p2|chrovalis|ethan|1075
|gen|9
|tier|[Gen 9] OU
|rated|
|rule|HP Percentage Mod: HP is shown in percentages
|rule|Endless Battle Clause: Forcing endless battles is banned
|rule|Species Clause: Limit one of each Pokémon
|rule|OHKO Clause: OHKO moves are banned
|rule|Evasion Items Clause: Evasion items are banned
|rule|Evasion Moves Clause: Evasion moves are banned
|rule|Evasion Abilities Clause: Evasion abilities are banned
|rule|Sleep Moves Clause: Sleep-inducing moves are banned
|clearpoke
|poke|p1|Weezing-Galar, F|
|poke|p1|Gholdengo|
|poke|p1|Gliscor, F|
|poke|p1|Araquanid, M|
|poke|p1|Zamazenta-*|
|poke|p1|Cinderace, M|
|poke|p2|Arcanine-Hisui, F|
|poke|p2|Milotic, M|
|poke|p2|Armarouge, M|
|poke|p2|Azumarill, F|
|poke|p2|Iron Hands|
|poke|p2|Corviknight, F|
|teampreview
|inactive|Battle timer is ON: inactive players will automatically lose when time's up. (requested by chrovalis)
|
|t:|1758298419
|teamsize|p1|6
|teamsize|p2|6
|start
|switch|p1a: Gliscor|Gliscor, F, shiny|100/100
|switch|p2a: Armarouge|Armarouge, M|100/100
|turn|1
|
|t:|1758298438
|move|p1a: Gliscor|Crabhammer|p2a: Armarouge
|-supereffective|p2a: Armarouge
|-crit|p2a: Armarouge
|-damage|p2a: Armarouge|51/100
|-enditem|p2a: Armarouge|Weakness Policy
|-boost|p2a: Armarouge|atk|2|[from] item: Weakness Policy
|-boost|p2a: Armarouge|spa|2|[from] item: Weakness Policy
|move|p2a: Armarouge|Trick Room|p2a: Armarouge
|-fieldstart|move: Trick Room|[of] p2a: Armarouge
|
|-status|p1a: Gliscor|tox|[from] item: Toxic Orb
|upkeep
|turn|2
|inactive|annefrank67 has 120 seconds left.
|
|t:|1758298464
|move|p2a: Armarouge|Armor Cannon|p1a: Gliscor
|-damage|p1a: Gliscor|0 fnt
|-unboost|p2a: Armarouge|def|1
|-unboost|p2a: Armarouge|spd|1
|faint|p1a: Gliscor
|
|upkeep
|inactive|annefrank67 has 120 seconds left.
|
|t:|1758298470
|switch|p1a: Araquanid|Araquanid, M, shiny|100/100
|turn|3
|
|t:|1758298483
|switch|p2a: Corviknight|Corviknight, F|100/100
|-ability|p2a: Corviknight|Pressure
|move|p1a: Araquanid|Waterfall|p2a: Corviknight
|-damage|p2a: Corviknight|83/100
|-damage|p1a: Araquanid|84/100|[from] item: Rocky Helmet|[of] p2a: Corviknight
|
|upkeep
|turn|4
|inactive|annefrank67 has 120 seconds left.
|
|t:|1758298505
|switch|p1a: Zamazenta|Zamazenta, shiny|100/100
|-ability|p1a: Zamazenta|Dauntless Shield|boost
|-boost|p1a: Zamazenta|def|1
|move|p2a: Corviknight|Body Press|p1a: Zamazenta
|-damage|p1a: Zamazenta|86/100
|
|upkeep
|turn|5
|
|t:|1758298514
|move|p2a: Corviknight|U-turn|p1a: Zamazenta
|-resisted|p1a: Zamazenta
|-damage|p1a: Zamazenta|82/100
|
|t:|1758298517
|switch|p2a: Azumarill|Azumarill, F|100/100|[from] U-turn
|move|p1a: Zamazenta|Body Press|p2a: Azumarill
|-resisted|p2a: Azumarill
|-damage|p2a: Azumarill|78/100
|
|-fieldend|move: Trick Room
|upkeep
|turn|6
|
|t:|1758298523
|move|p1a: Zamazenta|Iron Head|p2a: Azumarill
|-damage|p2a: Azumarill|47/100
|-enditem|p2a: Azumarill|Sitrus Berry|[eat]
|-heal|p2a: Azumarill|72/100|[from] item: Sitrus Berry
|move|p2a: Azumarill|Belly Drum|p2a: Azumarill
|-damage|p2a: Azumarill|22/100
|-setboost|p2a: Azumarill|atk|6|[from] move: Belly Drum
|
|upkeep
|turn|7
|
|t:|1758298533
|move|p2a: Azumarill|Aqua Jet|p1a: Zamazenta
|-damage|p1a: Zamazenta|31/100
|move|p1a: Zamazenta|Iron Head|p2a: Azumarill
|-damage|p2a: Azumarill|0 fnt
|faint|p2a: Azumarill
|
|upkeep
|
|t:|1758298542
|switch|p2a: Iron Hands|Iron Hands|100/100
|turn|8
|
|t:|1758298550
|move|p2a: Iron Hands|Fake Out|p1a: Zamazenta
|-damage|p1a: Zamazenta|22/100
|cant|p1a: Zamazenta|flinch
|
|upkeep
|turn|9
|
|t:|1758298556
|move|p1a: Zamazenta|Iron Head|p2a: Iron Hands
|-resisted|p2a: Iron Hands
|-damage|p2a: Iron Hands|92/100
|move|p2a: Iron Hands|Close Combat|p1a: Zamazenta
|-damage|p1a: Zamazenta|0 fnt
|-unboost|p2a: Iron Hands|def|1
|-unboost|p2a: Iron Hands|spd|1
|faint|p1a: Zamazenta
|
|upkeep
|
|t:|1758298572
|switch|p1a: Gholdengo|Gholdengo|100/100
|turn|10
|
|t:|1758298578
|-end|p2a: Iron Hands|Quark Drive|[silent]
|switch|p2a: Corviknight|Corviknight, F|83/100
|-ability|p2a: Corviknight|Pressure
|move|p1a: Gholdengo|Dazzling Gleam|p2a: Corviknight
|-resisted|p2a: Corviknight
|-damage|p2a: Corviknight|69/100
|
|upkeep
|turn|11
|
|t:|1758298597
|switch|p1a: Weezing|Weezing-Galar, F|100/100
|-ability|p1a: Weezing|Neutralizing Gas
|move|p2a: Corviknight|Roost|p2a: Corviknight
|-heal|p2a: Corviknight|100/100
|-singleturn|p2a: Corviknight|move: Roost
|
|upkeep
|turn|12
|
|t:|1758298609
|move|p2a: Corviknight|Body Press|p1a: Weezing
|-resisted|p1a: Weezing
|-damage|p1a: Weezing|95/100
|move|p1a: Weezing|Will-O-Wisp|p2a: Corviknight
|-status|p2a: Corviknight|brn
|
|-heal|p1a: Weezing|100/100|[from] item: Leftovers
|-damage|p2a: Corviknight|94/100 brn|[from] brn
|upkeep
|turn|13
|
|t:|1758298619
|move|p2a: Corviknight|U-turn|p1a: Weezing
|-resisted|p1a: Weezing
|-damage|p1a: Weezing|99/100
|
|t:|1758298623
|switch|p2a: Iron Hands|Iron Hands|92/100|[from] U-turn
|move|p1a: Weezing|Strange Steam|p2a: Iron Hands
|-supereffective|p2a: Iron Hands
|-damage|p2a: Iron Hands|49/100
|
|-heal|p1a: Weezing|100/100|[from] item: Leftovers
|upkeep
|turn|14
|
|t:|1758298633
|move|p2a: Iron Hands|Fake Out|p1a: Weezing
|-damage|p1a: Weezing|86/100
|cant|p1a: Weezing|flinch
|
|-heal|p1a: Weezing|92/100|[from] item: Leftovers
|upkeep
|turn|15
|
|t:|1758298639
|move|p2a: Iron Hands|Close Combat|p1a: Weezing
|-resisted|p1a: Weezing
|-damage|p1a: Weezing|77/100
|-unboost|p2a: Iron Hands|def|1
|-unboost|p2a: Iron Hands|spd|1
|move|p1a: Weezing|Will-O-Wisp|p2a: Iron Hands
|-status|p2a: Iron Hands|brn
|
|-heal|p1a: Weezing|83/100|[from] item: Leftovers
|-damage|p2a: Iron Hands|43/100 brn|[from] brn
|upkeep
|turn|16
|
|t:|1758298649
|move|p2a: Iron Hands|Wild Charge|p1a: Weezing
|-damage|p1a: Weezing|58/100
|-damage|p2a: Iron Hands|38/100 brn|[from] Recoil
|move|p1a: Weezing|Strange Steam|p2a: Iron Hands
|-supereffective|p2a: Iron Hands
|-damage|p2a: Iron Hands|0 fnt
|faint|p2a: Iron Hands
|-end|p2a: Iron Hands|Quark Drive|[silent]
|
|-heal|p1a: Weezing|64/100|[from] item: Leftovers
|upkeep
|
|t:|1758298658
|switch|p2a: Arcanine|Arcanine-Hisui, F|100/100
|turn|17
|
|t:|1758298668
|-terastallize|p2a: Arcanine|Fire
|move|p2a: Arcanine|Head Smash|p1a: Weezing
|-damage|p1a: Weezing|0 fnt
|faint|p1a: Weezing
|-end|p1a: Weezing|ability: Neutralizing Gas
|-damage|p2a: Arcanine|91/100|[from] item: Life Orb
|
|upkeep
|inactive|annefrank67 has 120 seconds left.
|
|t:|1758298704
|switch|p1a: Araquanid|Araquanid, M, shiny|84/100
|turn|18
|
|t:|1758298710
|switch|p2a: Milotic|Milotic, M|100/100
|move|p1a: Araquanid|Waterfall|p2a: Milotic
|-resisted|p2a: Milotic
|-damage|p2a: Milotic|81/100
|
|-status|p2a: Milotic|brn|[from] item: Flame Orb
|upkeep
|turn|19
|inactive|annefrank67 has 120 seconds left.
|
|t:|1758298733
|move|p2a: Milotic|Scald|p1a: Araquanid
|-heal|p1a: Araquanid|100/100|[from] ability: Water Absorb|[of] p2a: Milotic
|move|p1a: Araquanid|Leech Life|p2a: Milotic
|-crit|p2a: Milotic
|-damage|p2a: Milotic|43/100 brn
|
|-damage|p2a: Milotic|37/100 brn|[from] brn
|upkeep
|turn|20
|
|t:|1758298742
|move|p2a: Milotic|Recover|p2a: Milotic
|-heal|p2a: Milotic|87/100 brn
|move|p1a: Araquanid|Leech Life|p2a: Milotic
|-damage|p2a: Milotic|60/100 brn
|
|-damage|p2a: Milotic|54/100 brn|[from] brn
|upkeep
|turn|21
|
|t:|1758298752
|switch|p2a: Corviknight|Corviknight, F|94/100 brn
|-ability|p2a: Corviknight|Pressure
|move|p1a: Araquanid|Poison Jab|p2a: Corviknight
|-immune|p2a: Corviknight
|
|-damage|p2a: Corviknight|88/100 brn|[from] brn
|upkeep
|turn|22
|inactive|annefrank67 has 120 seconds left.
|
|t:|1758298774
|switch|p1a: Gholdengo|Gholdengo|100/100
|move|p2a: Corviknight|Body Press|p1a: Gholdengo
|-immune|p1a: Gholdengo
|
|-damage|p2a: Corviknight|82/100 brn|[from] brn
|upkeep
|turn|23
|inactive|annefrank67 has 120 seconds left.
|
|t:|1758298797
|move|p1a: Gholdengo|Power Gem|p2a: Corviknight
|-damage|p2a: Corviknight|55/100 brn
|move|p2a: Corviknight|U-turn|p1a: Gholdengo
|-resisted|p1a: Gholdengo
|-damage|p1a: Gholdengo|99/100
|
|t:|1758298801
|switch|p2a: Armarouge|Armarouge, M|51/100|[from] U-turn
|
|-heal|p1a: Gholdengo|100/100|[from] item: Leftovers
|upkeep
|turn|24
|
|t:|1758298815
|move|p1a: Gholdengo|Power Gem|p2a: Armarouge
|-supereffective|p2a: Armarouge
|-damage|p2a: Armarouge|0 fnt
|faint|p2a: Armarouge
|
|upkeep
|
|t:|1758298819
|switch|p2a: Arcanine|Arcanine-Hisui, F, tera:Fire|91/100
|turn|25
|
|t:|1758298822
|move|p2a: Arcanine|Flare Blitz|p1a: Gholdengo
|-supereffective|p1a: Gholdengo
|-damage|p1a: Gholdengo|0 fnt
|faint|p1a: Gholdengo
|-damage|p2a: Arcanine|81/100|[from] item: Life Orb
|
|upkeep
|
|t:|1758298831
|switch|p1a: Araquanid|Araquanid, M, shiny|100/100
|turn|26
|
|t:|1758298834
|move|p2a: Arcanine|Wild Charge|p1a: Araquanid
|-supereffective|p1a: Araquanid
|-damage|p1a: Araquanid|14/100
|-damage|p2a: Arcanine|71/100|[from] item: Life Orb
|move|p1a: Araquanid|Waterfall|p2a: Arcanine
|-supereffective|p2a: Arcanine
|-damage|p2a: Arcanine|0 fnt
|faint|p2a: Arcanine
|
|upkeep
|
|t:|1758298841
|switch|p2a: Milotic|Milotic, M|54/100 brn
|turn|27
|
|t:|1758298861
|move|p2a: Milotic|Ice Beam|p1a: Araquanid
|-resisted|p1a: Araquanid
|-damage|p1a: Araquanid|4/100
|-status|p1a: Araquanid|frz
|-curestatus|p1a: Araquanid|frz|[msg]
|move|p1a: Araquanid|Leech Life|p2a: Milotic
|-damage|p2a: Milotic|26/100 brn
|-heal|p1a: Araquanid|18/100|[from] drain|[of] p2a: Milotic
|
|-damage|p2a: Milotic|20/100 brn|[from] brn
|upkeep
|turn|28
|-message|chrovalis forfeited.
|
|win|annefrank67
|raw|annefrank67's rating: 1110 &rarr; <strong>1132</strong><br />(+22 for winning)
|raw|chrovalis's rating: 1075 &rarr; <strong>1056</strong><br />(-19 for losing)
|l|☆chrovalis
|player|p2|
