|j|☆LovingsFavPupil
|j|☆snoopy sonnier
|t:|1758258838
|gametype|singles
|player|p1|LovingsFavPupil|265|1221
|player|p2|snoopy sonnier|bugcatcher-gen4dp|1205
|gen|9
|tier|[Gen 9] OU
|rated|
|rule|HP Percentage Mod: HP is shown in percentages
|rule|Endless Battle Clause: Forcing endless battles is banned
|rule|Species Clause: Limit one of each Pokémon
|rule|OHKO Clause: OHKO moves are banned
|rule|Evasion Items Clause: Evasion items are banned
|rule|Evasion Moves Clause: Evasion moves are banned
|rule|Evasion Abilities Clause: Evasion abilities are banned
|rule|Sleep Moves Clause: Sleep-inducing moves are banned
|clearpoke
|poke|p1|Alomomola, M|
|poke|p1|Hoopa-Unbound|
|poke|p1|Cinderace, M|
|poke|p1|Zamazenta-*|
|poke|p1|Great Tusk|
|poke|p1|Iron Valiant|
|poke|p2|Garchomp, F|
|poke|p2|Primarina, F|
|poke|p2|Darkrai|
|poke|p2|Toedscruel, M|
|poke|p2|Cinderace, F|
|poke|p2|Corviknight, M|
|teampreview
|inactive|Battle timer is ON: inactive players will automatically lose when time's up. (requested by LovingsFavPupil)
|
|t:|1758258853
|teamsize|p1|6
|teamsize|p2|6
|start
|switch|p1a: Hoopa|Hoopa-Unbound|100/100
|switch|p2a: UZI|Garchomp, F, shiny|100/100
|turn|1
|
|t:|1758258872
|switch|p1a: Alomomola|Alomomola, M|100/100
|move|p2a: UZI|Stealth Rock|p1a: Alomomola
|-sidestart|p1: LovingsFavPupil|move: Stealth Rock
|
|upkeep
|turn|2
|inactive|snoopy sonnier has 120 seconds left.
|
|t:|1758258900
|switch|p2a: Theodora|Primarina, F, shiny|100/100
|move|p1a: Alomomola|Scald|p2a: Theodora
|-resisted|p2a: Theodora
|-damage|p2a: Theodora|96/100
|
|-heal|p2a: Theodora|100/100|[from] item: Leftovers
|upkeep
|turn|3
|inactive|snoopy sonnier has 120 seconds left.
|
|t:|1758258914
|move|p1a: Alomomola|Flip Turn|p2a: Theodora
|-resisted|p2a: Theodora
|-damage|p2a: Theodora|91/100
|
|t:|1758258922
|switch|p1a: Hoopa|Hoopa-Unbound|100/100|[from] Flip Turn
|-damage|p1a: Hoopa|88/100|[from] Stealth Rock
|move|p2a: Theodora|Substitute|p2a: Theodora
|-start|p2a: Theodora|Substitute
|-damage|p2a: Theodora|66/100
|
|-heal|p2a: Theodora|72/100|[from] item: Leftovers
|upkeep
|turn|4
|
|t:|1758258940
|move|p1a: Hoopa|Psychic Noise|p2a: Theodora
|-damage|p2a: Theodora|43/100
|-start|p2a: Theodora|move: Heal Block
|move|p2a: Theodora|Moonblast|p1a: Hoopa
|-supereffective|p1a: Hoopa
|-damage|p1a: Hoopa|45/100
|
|upkeep
|turn|5
|
|t:|1758258963
|-terastallize|p1a: Hoopa|Psychic
|move|p1a: Hoopa|Psychic Noise|p2a: Theodora
|-damage|p2a: Theodora|3/100
|move|p2a: Theodora|Moonblast|p1a: Hoopa
|-damage|p1a: Hoopa|25/100
|
|-end|p2a: Theodora|move: Heal Block
|upkeep
|turn|6
|inactive|snoopy sonnier has 120 seconds left.
|
|t:|1758258991
|move|p2a: Theodora|Aqua Jet|p1a: Hoopa
|-damage|p1a: Hoopa|5/100
|move|p1a: Hoopa|Psychic Noise|p2a: Theodora
|-damage|p2a: Theodora|0 fnt
|faint|p2a: Theodora
|
|upkeep
|
|t:|1758258998
|switch|p2a: Alchimist|Darkrai, shiny|100/100
|turn|7
|inactive|snoopy sonnier has 120 seconds left.
|
|t:|1758259008
|switch|p1a: Iron Valiant|Iron Valiant|100/100
|-damage|p1a: Iron Valiant|94/100|[from] Stealth Rock
|move|p2a: Alchimist|Dark Pulse|p1a: Iron Valiant
|-resisted|p1a: Iron Valiant
|-damage|p1a: Iron Valiant|74/100
|
|upkeep
|turn|8
|inactive|snoopy sonnier has 120 seconds left.
|
|t:|1758259035
|switch|p2a: Lil Wayne|Corviknight, M, shiny|100/100
|move|p1a: Iron Valiant|Moonblast|p2a: Lil Wayne
|-resisted|p2a: Lil Wayne
|-damage|p2a: Lil Wayne|66/100
|
|upkeep
|turn|9
|
|t:|1758259049
|-end|p1a: Iron Valiant|Quark Drive|[silent]
|switch|p1a: Alomomola|Alomomola, M|100/100
|-damage|p1a: Alomomola|88/100|[from] Stealth Rock
|move|p2a: Lil Wayne|U-turn|p1a: Alomomola
|-damage|p1a: Alomomola|81/100
|-damage|p2a: Lil Wayne|49/100|[from] item: Rocky Helmet|[of] p1a: Alomomola
|
|t:|1758259060
|switch|p2a: Guizmo|Toedscruel, M, shiny|100/100|[from] U-turn
|
|upkeep
|turn|10
|inactive|LovingsFavPupil has 120 seconds left.
|
|t:|1758259093
|move|p1a: Alomomola|Wish|p1a: Alomomola
|move|p2a: Guizmo|Toxic Spikes|p1a: Alomomola
|-sidestart|p1: LovingsFavPupil|move: Toxic Spikes
|
|upkeep
|turn|11
|inactive|LovingsFavPupil has 120 seconds left.
|inactive|snoopy sonnier has 90 seconds left.
|
|t:|1758259116
|move|p1a: Alomomola|Flip Turn|p2a: Guizmo
|-damage|p2a: Guizmo|80/100
|
|t:|1758259122
|switch|p1a: Cinderace|Cinderace, M|100/100|[from] Flip Turn
|move|p2a: Guizmo|Toxic Spikes|p1a: Cinderace
|-sidestart|p1: LovingsFavPupil|move: Toxic Spikes
|
|-heal|p2a: Guizmo|86/100|[from] item: Leftovers
|upkeep
|turn|12
|inactive|LovingsFavPupil has 120 seconds left.
|
|t:|1758259133
|switch|p2a: UZI|Garchomp, F, shiny|100/100
|move|p1a: Cinderace|Court Change|p1a: Cinderace
|-start|p1a: Cinderace|typechange|Normal|[from] ability: Libero
|-swapsideconditions
|-activate|p1a: Cinderace|move: Court Change
|
|upkeep
|turn|13
|
|t:|1758259147
|move|p1a: Cinderace|U-turn|p2a: UZI
|-damage|p2a: UZI|81/100
|-damage|p1a: Cinderace|88/100|[from] ability: Rough Skin|[of] p2a: UZI
|-damage|p1a: Cinderace|72/100|[from] item: Rocky Helmet|[of] p2a: UZI
|
|t:|1758259154
|switch|p1a: Alomomola|Alomomola, M|100/100|[from] U-turn
|move|p2a: UZI|Stealth Rock|p1a: Alomomola
|-sidestart|p1: LovingsFavPupil|move: Stealth Rock
|
|upkeep
|turn|14
|
|t:|1758259171
|switch|p2a: Guizmo|Toedscruel, M, shiny|86/100
|-damage|p2a: Guizmo|80/100|[from] Stealth Rock
|-status|p2a: Guizmo|tox
|move|p1a: Alomomola|Wish|p1a: Alomomola
|
|-heal|p2a: Guizmo|86/100 tox|[from] item: Leftovers
|-damage|p2a: Guizmo|80/100 tox|[from] psn
|upkeep
|turn|15
|
|t:|1758259184
|move|p1a: Alomomola|Flip Turn|p2a: Guizmo
|-damage|p2a: Guizmo|57/100 tox
|
|t:|1758259188
|switch|p1a: Great Tusk|Great Tusk|100/100|[from] Flip Turn
|move|p2a: Guizmo|Stun Spore|p1a: Great Tusk
|-status|p1a: Great Tusk|par
|
|-heal|p2a: Guizmo|63/100 tox|[from] item: Leftovers
|-damage|p2a: Guizmo|51/100 tox|[from] psn
|upkeep
|turn|16
|
|t:|1758259212
|move|p2a: Guizmo|Rapid Spin|p1a: Great Tusk
|-damage|p1a: Great Tusk|95/100 par
|-boost|p2a: Guizmo|spe|1
|-sideend|p2: snoopy sonnier|Toxic Spikes|[from] move: Rapid Spin|[of] p2a: Guizmo
|-sideend|p2: snoopy sonnier|Stealth Rock|[from] move: Rapid Spin|[of] p2a: Guizmo
|cant|p1a: Great Tusk|par
|
|-heal|p2a: Guizmo|57/100 tox|[from] item: Leftovers
|-damage|p2a: Guizmo|39/100 tox|[from] psn
|upkeep
|turn|17
|
|t:|1758259226
|switch|p2a: Lil Wayne|Corviknight, M, shiny|49/100
|cant|p1a: Great Tusk|par
|
|upkeep
|turn|18
|
|t:|1758259236
|move|p2a: Lil Wayne|Body Slam|p1a: Great Tusk
|-damage|p1a: Great Tusk|82/100 par
|move|p1a: Great Tusk|Stealth Rock|p2a: Lil Wayne
|-sidestart|p2: snoopy sonnier|move: Stealth Rock
|
|upkeep
|turn|19
|
|t:|1758259242
|move|p2a: Lil Wayne|Roost|p2a: Lil Wayne
|-heal|p2a: Lil Wayne|99/100
|-singleturn|p2a: Lil Wayne|move: Roost
|cant|p1a: Great Tusk|par
|
|upkeep
|turn|20
|
|t:|1758259256
|switch|p2a: Guizmo|Toedscruel, M, shiny|39/100 tox
|-damage|p2a: Guizmo|33/100 tox|[from] Stealth Rock
|move|p1a: Great Tusk|Rapid Spin|p2a: Guizmo
|-crit|p2a: Guizmo
|-damage|p2a: Guizmo|0 fnt
|-boost|p1a: Great Tusk|spe|1
|-sideend|p1: LovingsFavPupil|Stealth Rock|[from] move: Rapid Spin|[of] p1a: Great Tusk
|faint|p2a: Guizmo
|
|upkeep
|
|t:|1758259271
|switch|p2a: Alchimist|Darkrai, shiny|100/100
|-damage|p2a: Alchimist|88/100|[from] Stealth Rock
|turn|21
|
|t:|1758259280
|move|p2a: Alchimist|Hex|p1a: Great Tusk
|-damage|p1a: Great Tusk|5/100 par
|move|p1a: Great Tusk|Headlong Rush|p2a: Alchimist
|-damage|p2a: Alchimist|0 fnt
|-unboost|p1a: Great Tusk|def|1
|-unboost|p1a: Great Tusk|spd|1
|faint|p2a: Alchimist
|
|upkeep
|
|t:|1758259290
|switch|p2a: Alpha|Cinderace, F, shiny|100/100
|turn|22
|
|t:|1758259298
|-end|p1a: Great Tusk|Protosynthesis|[silent]
|switch|p1a: Alomomola|Alomomola, M|100/100
|move|p2a: Alpha|U-turn|p1a: Alomomola
|-start|p2a: Alpha|typechange|Bug|[from] ability: Libero
|-damage|p1a: Alomomola|83/100
|-damage|p2a: Alpha|84/100|[from] item: Rocky Helmet|[of] p1a: Alomomola
|
|t:|1758259315
|switch|p2a: Lil Wayne|Corviknight, M, shiny|99/100|[from] U-turn
|-damage|p2a: Lil Wayne|87/100|[from] Stealth Rock
|
|upkeep
|turn|23
|
|t:|1758259321
|move|p2a: Lil Wayne|Body Press|p1a: Alomomola
|-damage|p1a: Alomomola|68/100
|-damage|p2a: Lil Wayne|70/100|[from] item: Rocky Helmet|[of] p1a: Alomomola
|move|p1a: Alomomola|Wish|p1a: Alomomola
|
|upkeep
|turn|24
|
|t:|1758259329
|move|p2a: Lil Wayne|U-turn|p1a: Alomomola
|-damage|p1a: Alomomola|60/100
|-damage|p2a: Lil Wayne|54/100|[from] item: Rocky Helmet|[of] p1a: Alomomola
|
|t:|1758259335
|switch|p2a: Alpha|Cinderace, F, shiny|84/100|[from] U-turn
|move|p1a: Alomomola|Flip Turn|p2a: Alpha
|-supereffective|p2a: Alpha
|-damage|p2a: Alpha|28/100
|
|t:|1758259347
|switch|p1a: Great Tusk|Great Tusk|5/100 par|[from] Flip Turn
|
|-heal|p1a: Great Tusk|77/100 par|[from] move: Wish|[wisher] Alomomola
|upkeep
|turn|25
|inactive|snoopy sonnier has 120 seconds left.
|
|t:|1758259361
|-terastallize|p2a: Alpha|Grass
|move|p2a: Alpha|Tera Blast|p1a: Great Tusk|[anim] Tera Blast Grass
|-supereffective|p1a: Great Tusk
|-damage|p1a: Great Tusk|24/100 par
|move|p1a: Great Tusk|Headlong Rush|p2a: Alpha
|-resisted|p2a: Alpha
|-damage|p2a: Alpha|0 fnt
|-unboost|p1a: Great Tusk|def|1
|-unboost|p1a: Great Tusk|spd|1
|faint|p2a: Alpha
|
|upkeep
|-message|snoopy sonnier forfeited.
|
|win|LovingsFavPupil
|raw|LovingsFavPupil's rating: 1221 &rarr; <strong>1245</strong><br />(+24 for winning)
|raw|snoopy sonnier's rating: 1205 &rarr; <strong>1181</strong><br />(-24 for losing)
|l|☆snoopy sonnier
|player|p2|
|l|☆LovingsFavPupil
|player|p1|
