|j|☆bertoskyT
|j|☆pyrax69
|t:|1758284995
|gametype|singles
|player|p1|bertoskyT|ethan|1399
|player|p2|pyrax69|170|1396
|gen|9
|tier|[Gen 9] OU
|rated|
|rule|HP Percentage Mod: HP is shown in percentages
|rule|Endless Battle Clause: Forcing endless battles is banned
|rule|Species Clause: Limit one of each Pokémon
|rule|OHKO Clause: OHKO moves are banned
|rule|Evasion Items Clause: Evasion items are banned
|rule|Evasion Moves Clause: Evasion moves are banned
|rule|Evasion Abilities Clause: Evasion abilities are banned
|rule|Sleep Moves Clause: Sleep-inducing moves are banned
|clearpoke
|poke|p1|Dragapult, F|
|poke|p1|Glimmora, M|
|poke|p1|Ogerpon-Wellspring, F|
|poke|p1|Gholdengo|
|poke|p1|Slowking-Galar, M|
|poke|p1|Forretress, F|
|poke|p2|Weavile, F|
|poke|p2|Raging Bolt|
|poke|p2|Iron Valiant|
|poke|p2|Glimmora, M|
|poke|p2|Ceruledge, M|
|poke|p2|Iron Crown|
|teampreview
|
|t:|1758285000
|teamsize|p1|6
|teamsize|p2|6
|start
|switch|p1a: Glimmora|Glimmora, M|100/100
|switch|p2a: Iron Crown|Iron Crown|100/100
|-enditem|p2a: Iron Crown|Booster Energy
|-activate|p2a: Iron Crown|ability: Quark Drive|[fromitem]
|-start|p2a: Iron Crown|quarkdrivespe
|turn|1
|
|t:|1758285007
|move|p2a: Iron Crown|Tachyon Cutter|p1a: Glimmora
|-supereffective|p1a: Glimmora
|-damage|p1a: Glimmora|37/100
|-supereffective|p1a: Glimmora
|-damage|p1a: Glimmora|0 fnt
|faint|p1a: Glimmora
|-hitcount|p1: Glimmora|2
|
|upkeep
|
|t:|1758285014
|switch|p1a: Dragapult|Dragapult, F|100/100
|turn|2
|
|t:|1758285019
|-terastallize|p1a: Dragapult|Ghost
|move|p2a: Iron Crown|Tachyon Cutter|p1a: Dragapult
|-damage|p1a: Dragapult|70/100
|-damage|p1a: Dragapult|39/100
|-hitcount|p1a: Dragapult|2
|move|p1a: Dragapult|Tera Blast|p2a: Iron Crown|[anim] Tera Blast Ghost
|-supereffective|p2a: Iron Crown
|-damage|p2a: Iron Crown|0 fnt
|faint|p2a: Iron Crown
|-end|p2a: Iron Crown|Quark Drive|[silent]
|
|upkeep
|
|t:|1758285029
|switch|p2a: Glimmora|Glimmora, M|100/100
|turn|3
|
|t:|1758285032
|move|p1a: Dragapult|Tera Blast|p2a: Glimmora|[anim] Tera Blast Ghost
|-damage|p2a: Glimmora|4/100
|-activate|p2a: Glimmora|ability: Toxic Debris
|-sidestart|p1: bertoskyT|move: Toxic Spikes
|move|p2a: Glimmora|Earth Power|p1a: Dragapult
|-damage|p1a: Dragapult|0 fnt
|faint|p1a: Dragapult
|
|upkeep
|
|t:|1758285034
|switch|p1a: Forretress|Forretress, F|100/100
|turn|4
|
|t:|1758285045
|move|p2a: Glimmora|Stealth Rock|p1a: Forretress
|-sidestart|p1: bertoskyT|move: Stealth Rock
|move|p1a: Forretress|Volt Switch|p2a: Glimmora
|-crit|p2a: Glimmora
|-damage|p2a: Glimmora|0 fnt
|faint|p2a: Glimmora
|
|t:|1758285052
|switch|p1a: Slowking|Slowking-Galar, M|100/100|[from] Volt Switch
|-sideend|p1: bertoskyT|move: Toxic Spikes|[of] p1a: Slowking
|
|upkeep
|
|t:|1758285058
|switch|p2a: Weavile|Weavile, F|100/100
|-ability|p2a: Weavile|Pressure
|turn|5
|
|t:|1758285062
|move|p2a: Weavile|Swords Dance|p2a: Weavile
|-boost|p2a: Weavile|atk|2
|move|p1a: Slowking|Thunder Wave|p2a: Weavile
|-status|p2a: Weavile|par
|
|upkeep
|turn|6
|
|t:|1758285069
|move|p2a: Weavile|Knock Off|p1a: Slowking
|-supereffective|p1a: Slowking
|-damage|p1a: Slowking|0 fnt
|-enditem|p1a: Slowking|Heavy-Duty Boots|[from] move: Knock Off|[of] p2a: Weavile
|faint|p1a: Slowking
|
|upkeep
|
|t:|1758285072
|switch|p1a: Forretress|Forretress, F|100/100
|turn|7
|
|t:|1758285077
|cant|p2a: Weavile|par
|move|p1a: Forretress|Body Press|p2a: Weavile
|-supereffective|p2a: Weavile
|-damage|p2a: Weavile|0 fnt
|faint|p2a: Weavile
|
|upkeep
|
|t:|1758285084
|switch|p2a: Ceruledge|Ceruledge, M|100/100
|turn|8
|
|t:|1758285089
|move|p2a: Ceruledge|Swords Dance|p2a: Ceruledge
|-boost|p2a: Ceruledge|atk|2
|move|p1a: Forretress|Volt Switch|p2a: Ceruledge
|-damage|p2a: Ceruledge|88/100
|
|t:|1758285091
|switch|p1a: Ogerpon|Ogerpon-Wellspring, F|100/100|[from] Volt Switch
|-damage|p1a: Ogerpon|88/100|[from] Stealth Rock
|
|upkeep
|turn|9
|
|t:|1758285102
|switch|p2a: Raging Bolt|Raging Bolt|100/100
|-enditem|p2a: Raging Bolt|Booster Energy
|-activate|p2a: Raging Bolt|ability: Protosynthesis|[fromitem]
|-start|p2a: Raging Bolt|protosynthesisspa
|move|p1a: Ogerpon|Knock Off|p2a: Raging Bolt
|-damage|p2a: Raging Bolt|80/100
|
|upkeep
|turn|10
|
|t:|1758285111
|switch|p1a: Forretress|Forretress, F|100/100
|move|p2a: Raging Bolt|Thunderbolt|p1a: Forretress
|-damage|p1a: Forretress|4/100
|
|upkeep
|turn|11
|
|t:|1758285117
|move|p2a: Raging Bolt|Thunderbolt|p1a: Forretress
|-damage|p1a: Forretress|0 fnt
|faint|p1a: Forretress
|
|upkeep
|
|t:|1758285120
|switch|p1a: Gholdengo|Gholdengo|100/100
|-damage|p1a: Gholdengo|94/100|[from] Stealth Rock
|-item|p1a: Gholdengo|Air Balloon
|turn|12
|
|t:|1758285129
|move|p1a: Gholdengo|Nasty Plot|p1a: Gholdengo
|-boost|p1a: Gholdengo|spa|2
|move|p2a: Raging Bolt|Thunderbolt|p1a: Gholdengo
|-damage|p1a: Gholdengo|22/100
|-enditem|p1a: Gholdengo|Air Balloon
|
|upkeep
|turn|13
|
|t:|1758285138
|move|p2a: Raging Bolt|Thunderclap||[still]
|-fail|p2a: Raging Bolt
|move|p1a: Gholdengo|Recover|p1a: Gholdengo
|-heal|p1a: Gholdengo|72/100
|
|upkeep
|turn|14
|
|t:|1758285145
|move|p1a: Gholdengo|Make It Rain|p2a: Raging Bolt
|-resisted|p2a: Raging Bolt
|-damage|p2a: Raging Bolt|37/100
|-unboost|p1a: Gholdengo|spa|1
|move|p2a: Raging Bolt|Thunderbolt|p1a: Gholdengo
|-damage|p1a: Gholdengo|8/100
|
|upkeep
|turn|15
|
|t:|1758285153
|move|p1a: Gholdengo|Shadow Ball|p2a: Raging Bolt
|-damage|p2a: Raging Bolt|0 fnt
|faint|p2a: Raging Bolt
|-end|p2a: Raging Bolt|Protosynthesis|[silent]
|
|upkeep
|
|t:|1758285157
|switch|p2a: Ceruledge|Ceruledge, M|88/100
|turn|16
|
|t:|1758285162
|move|p2a: Ceruledge|Shadow Sneak|p1a: Gholdengo
|-supereffective|p1a: Gholdengo
|-damage|p1a: Gholdengo|0 fnt
|faint|p1a: Gholdengo
|
|upkeep
|
|t:|1758285164
|switch|p1a: Ogerpon|Ogerpon-Wellspring, F|88/100
|-damage|p1a: Ogerpon|76/100|[from] Stealth Rock
|turn|17
|
|t:|1758285171
|move|p2a: Ceruledge|Shadow Sneak|p1a: Ogerpon
|-damage|p1a: Ogerpon|50/100
|move|p1a: Ogerpon|Knock Off|p2a: Ceruledge
|-supereffective|p2a: Ceruledge
|-damage|p2a: Ceruledge|0 fnt
|-enditem|p2a: Ceruledge|Focus Sash|[from] move: Knock Off|[of] p1a: Ogerpon
|faint|p2a: Ceruledge
|
|upkeep
|
|t:|1758285179
|switch|p2a: Iron Valiant|Iron Valiant|100/100
|-enditem|p2a: Iron Valiant|Booster Energy
|-activate|p2a: Iron Valiant|ability: Quark Drive|[fromitem]
|-start|p2a: Iron Valiant|quarkdrivespe
|turn|18
|
|t:|1758285186
|-terastallize|p2a: Iron Valiant|Ghost
|move|p2a: Iron Valiant|Calm Mind|p2a: Iron Valiant
|-boost|p2a: Iron Valiant|spa|1
|-boost|p2a: Iron Valiant|spd|1
|move|p1a: Ogerpon|Ivy Cudgel|p2a: Iron Valiant|[anim] Ivy Cudgel Water
|-crit|p2a: Iron Valiant
|-damage|p2a: Iron Valiant|0 fnt
|faint|p2a: Iron Valiant
|-end|p2a: Iron Valiant|Quark Drive|[silent]
|
|win|bertoskyT
|raw|bertoskyT's rating: 1399 &rarr; <strong>1419</strong><br />(+20 for winning)
|raw|pyrax69's rating: 1396 &rarr; <strong>1376</strong><br />(-20 for losing)
|l|☆bertoskyT
|player|p1|
|l|☆pyrax69
|player|p2|
