|j|☆jcobhn2025
|j|☆eech1221
|t:|1758298419
|gametype|singles
|player|p1|jcobhn2025|102|1179
|player|p2|eech1221|2|1146
|gen|9
|tier|[Gen 9] OU
|rated|
|rule|HP Percentage Mod: HP is shown in percentages
|rule|Endless Battle Clause: Forcing endless battles is banned
|rule|Species Clause: Limit one of each Pokémon
|rule|OHKO Clause: OHKO moves are banned
|rule|Evasion Items Clause: Evasion items are banned
|rule|Evasion Moves Clause: Evasion moves are banned
|rule|Evasion Abilities Clause: Evasion abilities are banned
|rule|Sleep Moves Clause: Sleep-inducing moves are banned
|clearpoke
|poke|p1|Sylveon, F|
|poke|p1|Heatran, M|
|poke|p1|Magnezone|
|poke|p1|Whimsicott, F|
|poke|p1|Excadrill, F|
|poke|p1|Espeon, M|
|poke|p2|Ninetales-Alola, F|
|poke|p2|Mamoswine, F|
|poke|p2|Articuno|
|poke|p2|Cloyster, M|
|poke|p2|Froslass, F|
|poke|p2|Regice|
|teampreview
|inactive|Battle timer is ON: inactive players will automatically lose when time's up. (requested by jcobhn2025)
|
|t:|1758298425
|teamsize|p1|6
|teamsize|p2|6
|start
|switch|p1a: Espeon|Espeon, M|100/100
|switch|p2a: Regice|Regice|100/100
|turn|1
|
|t:|1758298433
|move|p1a: Espeon|Trick|p2a: Regice
|-activate|p1a: Espeon|move: Trick|[of] p2a: Regice
|-item|p2a: Regice|Choice Specs|[from] move: Trick
|-item|p1a: Espeon|Icy Rock|[from] move: Trick
|move|p2a: Regice|Snowscape|p2a: Regice
|-weather|Snowscape
|
|-weather|Snowscape|[upkeep]
|upkeep
|turn|2
|
|t:|1758298454
|switch|p2a: Froslass|Froslass, F|100/100
|move|p1a: Espeon|Future Sight|p2a: Froslass
|-start|p1a: Espeon|move: Future Sight
|
|-weather|Snowscape|[upkeep]
|upkeep
|turn|3
|
|t:|1758298464
|switch|p1a: Excadrill|Excadrill, F|100/100
|-ability|p1a: Excadrill|Mold Breaker
|move|p2a: Froslass|Shadow Ball|p1a: Excadrill
|-damage|p1a: Excadrill|56/100
|
|-weather|Snowscape|[upkeep]
|upkeep
|turn|4
|-activate|p2a: Froslass|item: Quick Claw
|
|t:|1758298474
|move|p2a: Froslass|Ice Beam|p1a: Excadrill
|-damage|p1a: Excadrill|9/100
|move|p1a: Excadrill|Iron Head|p2a: Froslass
|-supereffective|p2a: Froslass
|-damage|p2a: Froslass|6/100
|
|-weather|Snowscape|[upkeep]
|-end|p2a: Froslass|move: Future Sight
|-damage|p2a: Froslass|0 fnt
|faint|p2a: Froslass
|upkeep
|
|t:|1758298493
|switch|p2a: Mamoswine|Mamoswine, F|100/100
|turn|5
|
|t:|1758298506
|switch|p1a: Magnezone|Magnezone|100/100
|move|p2a: Mamoswine|Ice Shard|p1a: Magnezone
|-resisted|p1a: Magnezone
|-damage|p1a: Magnezone|89/100
|
|-weather|none
|upkeep
|turn|6
|inactive|eech1221 has 120 seconds left.
|
|t:|1758298531
|-terastallize|p1a: Magnezone|Flying
|move|p1a: Magnezone|Flash Cannon|p2a: Mamoswine
|-supereffective|p2a: Mamoswine
|-damage|p2a: Mamoswine|3/100
|move|p2a: Mamoswine|Earthquake|p1a: Magnezone
|-immune|p1a: Magnezone
|
|-heal|p2a: Mamoswine|9/100|[from] item: Leftovers
|upkeep
|turn|7
|
|t:|1758298543
|switch|p1a: Heatran|Heatran, M|100/100
|move|p2a: Mamoswine|Ice Shard|p1a: Heatran
|-resisted|p1a: Heatran
|-damage|p1a: Heatran|95/100
|
|-heal|p2a: Mamoswine|15/100|[from] item: Leftovers
|upkeep
|turn|8
|
|t:|1758298554
|move|p1a: Heatran|Lava Plume|p2a: Mamoswine
|-supereffective|p2a: Mamoswine
|-damage|p2a: Mamoswine|0 fnt
|faint|p2a: Mamoswine
|
|upkeep
|inactive|eech1221 has 120 seconds left.
|
|t:|1758298573
|switch|p2a: Cloyster|Cloyster, M|100/100
|turn|9
|inactive|eech1221 has 120 seconds left.
|
|t:|1758298579
|switch|p1a: Whimsicott|Whimsicott, F|100/100
|move|p2a: Cloyster|Shell Smash|p2a: Cloyster
|-unboost|p2a: Cloyster|def|1
|-unboost|p2a: Cloyster|spd|1
|-boost|p2a: Cloyster|atk|2
|-boost|p2a: Cloyster|spa|2
|-boost|p2a: Cloyster|spe|2
|-enditem|p2a: Cloyster|White Herb
|-clearnegativeboost|p2a: Cloyster|[silent]
|
|upkeep
|turn|10
|inactive|eech1221 has 120 seconds left.
|
|t:|1758298596
|move|p2a: Cloyster|Ice Shard|p1a: Whimsicott
|-supereffective|p1a: Whimsicott
|-damage|p1a: Whimsicott|55/100
|move|p1a: Whimsicott|Encore|p2a: Cloyster
|-start|p2a: Cloyster|Encore
|
|-heal|p1a: Whimsicott|61/100|[from] item: Leftovers
|upkeep
|turn|11
|inactive|eech1221 has 120 seconds left.
|
|t:|1758298606
|move|p2a: Cloyster|Ice Shard|p1a: Whimsicott
|-supereffective|p1a: Whimsicott
|-damage|p1a: Whimsicott|9/100
|move|p1a: Whimsicott|Leech Seed|p2a: Cloyster
|-start|p2a: Cloyster|move: Leech Seed
|
|-heal|p1a: Whimsicott|16/100|[from] item: Leftovers
|-damage|p2a: Cloyster|88/100|[from] Leech Seed|[of] p1a: Whimsicott
|-heal|p1a: Whimsicott|25/100|[silent]
|upkeep
|turn|12
|inactive|eech1221 has 120 seconds left.
|
|t:|1758298624
|move|p1a: Whimsicott|Protect|p1a: Whimsicott
|-singleturn|p1a: Whimsicott|Protect
|move|p2a: Cloyster|Ice Shard|p1a: Whimsicott
|-activate|p1a: Whimsicott|move: Protect
|
|-heal|p1a: Whimsicott|31/100|[from] item: Leftovers
|-damage|p2a: Cloyster|76/100|[from] Leech Seed|[of] p1a: Whimsicott
|-heal|p1a: Whimsicott|40/100|[silent]
|upkeep
|turn|13
|
|t:|1758298634
|move|p2a: Cloyster|Ice Shard|p1a: Whimsicott
|-supereffective|p1a: Whimsicott
|-damage|p1a: Whimsicott|0 fnt
|faint|p1a: Whimsicott
|
|-end|p2a: Cloyster|Encore
|upkeep
|
|t:|1758298643
|switch|p1a: Excadrill|Excadrill, F|9/100
|-ability|p1a: Excadrill|Mold Breaker
|turn|14
|
|t:|1758298647
|move|p1a: Excadrill|Iron Head|p2a: Cloyster
|-damage|p2a: Cloyster|41/100
|move|p2a: Cloyster|Liquidation|p1a: Excadrill
|-supereffective|p1a: Excadrill
|-damage|p1a: Excadrill|0 fnt
|faint|p1a: Excadrill
|
|upkeep
|
|t:|1758298657
|switch|p1a: Magnezone|Magnezone, tera:Flying|89/100
|turn|15
|
|t:|1758298667
|move|p2a: Cloyster|Liquidation|p1a: Magnezone
|-damage|p1a: Magnezone|19/100
|move|p1a: Magnezone|Volt Switch|p2a: Cloyster
|-supereffective|p2a: Cloyster
|-damage|p2a: Cloyster|0 fnt
|faint|p2a: Cloyster
|
|t:|1758298676
|switch|p1a: Heatran|Heatran, M|95/100|[from] Volt Switch
|
|upkeep
|
|t:|1758298700
|switch|p2a: Articuno|Articuno|100/100
|-ability|p2a: Articuno|Pressure
|turn|16
|-activate|p2a: Articuno|item: Quick Claw
|
|t:|1758298708
|move|p2a: Articuno|Air Slash|p1a: Heatran
|-resisted|p1a: Heatran
|-damage|p1a: Heatran|77/100
|move|p1a: Heatran|Lava Plume|p2a: Articuno
|-supereffective|p2a: Articuno
|-damage|p2a: Articuno|34/100
|
|upkeep
|turn|17
|
|t:|1758298716
|move|p1a: Heatran|Lava Plume|p2a: Articuno
|-supereffective|p2a: Articuno
|-damage|p2a: Articuno|0 fnt
|faint|p2a: Articuno
|
|upkeep
|
|t:|1758298725
|switch|p2a: Regice|Regice|100/100
|turn|18
|
|t:|1758298732
|switch|p1a: Magnezone|Magnezone, tera:Flying|19/100
|move|p2a: Regice|Thunderbolt|p1a: Magnezone
|-supereffective|p1a: Magnezone
|-damage|p1a: Magnezone|0 fnt
|faint|p1a: Magnezone
|
|upkeep
|
|t:|1758298742
|switch|p1a: Heatran|Heatran, M|77/100
|turn|19
|
|t:|1758298748
|move|p1a: Heatran|Lava Plume|p2a: Regice
|-supereffective|p2a: Regice
|-damage|p2a: Regice|55/100
|-status|p2a: Regice|brn
|move|p2a: Regice|Thunderbolt|p1a: Heatran
|-damage|p1a: Heatran|37/100
|
|-damage|p2a: Regice|49/100 brn|[from] brn
|upkeep
|turn|20
|
|t:|1758298758
|move|p1a: Heatran|Lava Plume|p2a: Regice
|-supereffective|p2a: Regice
|-damage|p2a: Regice|0 fnt
|faint|p2a: Regice
|
|upkeep
|
|t:|1758298766
|switch|p2a: Ninetales|Ninetales-Alola, F|100/100
|-weather|Snowscape|[from] ability: Snow Warning|[of] p2a: Ninetales
|turn|21
|
|t:|1758298775
|move|p1a: Heatran|Lava Plume|p2a: Ninetales
|-supereffective|p2a: Ninetales
|-damage|p2a: Ninetales|19/100
|move|p2a: Ninetales|Freeze-Dry|p1a: Heatran
|-resisted|p1a: Heatran
|-damage|p1a: Heatran|30/100
|
|-weather|Snowscape|[upkeep]
|-heal|p2a: Ninetales|25/100|[from] item: Leftovers
|upkeep
|turn|22
|
|t:|1758298789
|move|p1a: Heatran|Lava Plume|p2a: Ninetales
|-supereffective|p2a: Ninetales
|-damage|p2a: Ninetales|0 fnt
|faint|p2a: Ninetales
|
|win|jcobhn2025
|raw|jcobhn2025's rating: 1179 &rarr; <strong>1202</strong><br />(+23 for winning)
|raw|eech1221's rating: 1146 &rarr; <strong>1123</strong><br />(-23 for losing)
|l|☆eech1221
|player|p2|
|l|☆jcobhn2025
|player|p1|
