|j|☆simple333
|j|☆ay cheu
|t:|1758340121
|gametype|singles
|player|p1|simple333|1|1619
|player|p2|ay cheu|riley|1498
|gen|9
|tier|[Gen 9] OU
|rated|
|rule|HP Percentage Mod: HP is shown in percentages
|rule|Endless Battle Clause: Forcing endless battles is banned
|rule|Species Clause: Limit one of each Pokémon
|rule|OHKO Clause: OHKO moves are banned
|rule|Evasion Items Clause: Evasion items are banned
|rule|Evasion Moves Clause: Evasion moves are banned
|rule|Evasion Abilities Clause: Evasion abilities are banned
|rule|Sleep Moves Clause: Sleep-inducing moves are banned
|clearpoke
|poke|p1|Torkoal, F|
|poke|p1|Hatterene, F|
|poke|p1|Walking Wake|
|poke|p1|Lilligant-Hisui, F|
|poke|p1|Raging Bolt|
|poke|p1|Great Tusk|
|poke|p2|Arcanine-Hisui, M|
|poke|p2|Zapdos-Galar|
|poke|p2|Metagross|
|poke|p2|Umbreon, M|
|poke|p2|Venusaur, F|
|poke|p2|Sandy Shocks|
|teampreview
|inactive|Battle timer is ON: inactive players will automatically lose when time's up. (requested by ay cheu)
|
|t:|1758340137
|teamsize|p1|6
|teamsize|p2|6
|start
|switch|p1a: Torkoal|Torkoal, F|100/100
|switch|p2a: Sandy Shocks|Sandy Shocks|100/100
|-weather|SunnyDay|[from] ability: Drought|[of] p1a: Torkoal
|-activate|p2a: Sandy Shocks|ability: Protosynthesis
|-start|p2a: Sandy Shocks|protosynthesisspa
|turn|1
|
|t:|1758340143
|switch|p1a: Hatterene|Hatterene, F|100/100
|move|p2a: Sandy Shocks|Earth Power|p1a: Hatterene
|-damage|p1a: Hatterene|33/100
|-enditem|p1a: Hatterene|Eject Button
|
|t:|1758340151
|switch|p1a: Lilligant|Lilligant-Hisui, F|100/100
|
|-weather|SunnyDay|[upkeep]
|upkeep
|turn|2
|
|t:|1758340157
|-end|p2a: Sandy Shocks|Protosynthesis|[silent]
|switch|p2a: Venusaur|Venusaur, F|100/100
|move|p1a: Lilligant|Solar Blade||[still]
|-prepare|p1a: Lilligant|Solar Blade
|-anim|p1a: Lilligant|Solar Blade|p2a: Venusaur
|-resisted|p2a: Venusaur
|-damage|p2a: Venusaur|85/100
|-damage|p1a: Lilligant|91/100|[from] item: Life Orb
|
|-weather|SunnyDay|[upkeep]
|upkeep
|turn|3
|
|t:|1758340166
|move|p1a: Lilligant|Triple Axel|p2a: Venusaur
|-supereffective|p2a: Venusaur
|-damage|p2a: Venusaur|73/100
|-supereffective|p2a: Venusaur
|-damage|p2a: Venusaur|47/100
|-supereffective|p2a: Venusaur
|-damage|p2a: Venusaur|7/100
|-hitcount|p2a: Venusaur|3
|-damage|p1a: Lilligant|81/100|[from] item: Life Orb
|move|p2a: Venusaur|Sludge Bomb|p1a: Lilligant
|-supereffective|p1a: Lilligant
|-damage|p1a: Lilligant|0 fnt
|faint|p1a: Lilligant
|
|-weather|SunnyDay|[upkeep]
|upkeep
|
|t:|1758340174
|switch|p1a: Raging Bolt|Raging Bolt|100/100
|-activate|p1a: Raging Bolt|ability: Protosynthesis
|-start|p1a: Raging Bolt|protosynthesisspa
|turn|4
|
|t:|1758340177
|move|p1a: Raging Bolt|Thunderclap||[still]
|-fail|p1a: Raging Bolt
|move|p2a: Venusaur|Synthesis|p2a: Venusaur
|-heal|p2a: Venusaur|73/100
|
|-weather|SunnyDay|[upkeep]
|upkeep
|turn|5
|
|t:|1758340186
|switch|p2a: 囡囡|Umbreon, M|100/100
|move|p1a: Raging Bolt|Weather Ball|p2a: 囡囡
|-damage|p2a: 囡囡|48/100
|-damage|p1a: Raging Bolt|91/100|[from] item: Life Orb
|
|-weather|SunnyDay|[upkeep]
|-heal|p2a: 囡囡|54/100|[from] item: Leftovers
|upkeep
|turn|6
|
|t:|1758340192
|move|p2a: 囡囡|Protect|p2a: 囡囡
|-singleturn|p2a: 囡囡|Protect
|move|p1a: Raging Bolt|Draco Meteor|p2a: 囡囡
|-activate|p2a: 囡囡|move: Protect
|
|-weather|SunnyDay|[upkeep]
|-heal|p2a: 囡囡|60/100|[from] item: Leftovers
|upkeep
|turn|7
|
|t:|1758340197
|switch|p2a: Metagross|Metagross, shiny|100/100
|move|p1a: Raging Bolt|Weather Ball|p2a: Metagross
|-supereffective|p2a: Metagross
|-damage|p2a: Metagross|0 fnt
|faint|p2a: Metagross
|-damage|p1a: Raging Bolt|81/100|[from] item: Life Orb
|
|-weather|SunnyDay|[upkeep]
|upkeep
|
|t:|1758340204
|switch|p2a: Sandy Shocks|Sandy Shocks|100/100
|-activate|p2a: Sandy Shocks|ability: Protosynthesis
|-start|p2a: Sandy Shocks|protosynthesisspa
|turn|8
|
|t:|1758340209
|-end|p1a: Raging Bolt|Protosynthesis|[silent]
|switch|p1a: Hatterene|Hatterene, F|33/100
|move|p2a: Sandy Shocks|Earth Power|p1a: Hatterene
|-damage|p1a: Hatterene|0 fnt
|faint|p1a: Hatterene
|
|-weather|none
|-end|p2a: Sandy Shocks|Protosynthesis
|upkeep
|
|t:|1758340214
|switch|p1a: Walking Wake|Walking Wake|100/100
|turn|9
|
|t:|1758340217
|-end|p2a: Sandy Shocks|Protosynthesis|[silent]
|switch|p2a: 囡囡|Umbreon, M|60/100
|move|p1a: Walking Wake|Draco Meteor|p2a: 囡囡
|-damage|p2a: 囡囡|5/100
|-unboost|p1a: Walking Wake|spa|2
|
|-heal|p2a: 囡囡|11/100|[from] item: Leftovers
|upkeep
|turn|10
|
|t:|1758340222
|-end|p1a: Walking Wake|Protosynthesis|[silent]
|switch|p1a: Torkoal|Torkoal, F|100/100
|-weather|SunnyDay|[from] ability: Drought|[of] p1a: Torkoal
|move|p2a: 囡囡|Protect||[still]
|-fail|p2a: 囡囡
|
|-weather|SunnyDay|[upkeep]
|-heal|p2a: 囡囡|18/100|[from] item: Leftovers
|upkeep
|turn|11
|
|t:|1758340224
|move|p2a: 囡囡|Wish|p2a: 囡囡
|move|p1a: Torkoal|Lava Plume|p2a: 囡囡
|-damage|p2a: 囡囡|0 fnt
|faint|p2a: 囡囡
|
|-weather|SunnyDay|[upkeep]
|upkeep
|
|t:|1758340233
|switch|p2a: Sandy Shocks|Sandy Shocks|100/100
|-activate|p2a: Sandy Shocks|ability: Protosynthesis
|-start|p2a: Sandy Shocks|protosynthesisspa
|turn|12
|
|t:|1758340242
|move|p2a: Sandy Shocks|Earth Power|p1a: Torkoal
|-supereffective|p1a: Torkoal
|-damage|p1a: Torkoal|0 fnt
|faint|p1a: Torkoal
|
|-weather|SunnyDay|[upkeep]
|upkeep
|
|t:|1758340248
|switch|p1a: Great Tusk|Great Tusk|100/100
|-activate|p1a: Great Tusk|ability: Protosynthesis
|-start|p1a: Great Tusk|protosynthesisspe
|turn|13
|
|t:|1758340254
|-terastallize|p2a: Sandy Shocks|Ice
|move|p1a: Great Tusk|Headlong Rush|p2a: Sandy Shocks
|-damage|p2a: Sandy Shocks|37/100
|-unboost|p1a: Great Tusk|def|1
|-unboost|p1a: Great Tusk|spd|1
|move|p2a: Sandy Shocks|Tera Blast|p1a: Great Tusk|[anim] Tera Blast Ice
|-supereffective|p1a: Great Tusk
|-damage|p1a: Great Tusk|0 fnt
|faint|p1a: Great Tusk
|-end|p1a: Great Tusk|Protosynthesis|[silent]
|
|-weather|SunnyDay|[upkeep]
|upkeep
|
|t:|1758340257
|switch|p1a: Walking Wake|Walking Wake|100/100
|-activate|p1a: Walking Wake|ability: Protosynthesis
|-start|p1a: Walking Wake|protosynthesisspe
|turn|14
|
|t:|1758340264
|move|p1a: Walking Wake|Dragon Pulse|p2a: Sandy Shocks
|-damage|p2a: Sandy Shocks|0 fnt
|faint|p2a: Sandy Shocks
|-end|p2a: Sandy Shocks|Protosynthesis|[silent]
|
|-weather|SunnyDay|[upkeep]
|upkeep
|
|t:|1758340282
|switch|p2a: Venusaur|Venusaur, F|73/100
|turn|15
|
|t:|1758340286
|move|p1a: Walking Wake|Dragon Pulse|p2a: Venusaur
|-damage|p2a: Venusaur|10/100
|move|p2a: Venusaur|Synthesis|p2a: Venusaur
|-heal|p2a: Venusaur|77/100
|
|-weather|SunnyDay|[upkeep]
|upkeep
|turn|16
|
|t:|1758340291
|-end|p1a: Walking Wake|Protosynthesis|[silent]
|switch|p1a: Raging Bolt|Raging Bolt|81/100
|-activate|p1a: Raging Bolt|ability: Protosynthesis
|-start|p1a: Raging Bolt|protosynthesisspa
|move|p2a: Venusaur|Synthesis|p2a: Venusaur
|-heal|p2a: Venusaur|100/100
|
|-weather|SunnyDay|[upkeep]
|upkeep
|turn|17
|
|t:|1758340295
|move|p2a: Venusaur|Sludge Bomb|p1a: Raging Bolt
|-damage|p1a: Raging Bolt|58/100
|move|p1a: Raging Bolt|Weather Ball|p2a: Venusaur
|-supereffective|p2a: Venusaur
|-damage|p2a: Venusaur|0 fnt
|faint|p2a: Venusaur
|-damage|p1a: Raging Bolt|48/100|[from] item: Life Orb
|
|-weather|none
|-end|p1a: Raging Bolt|Protosynthesis
|upkeep
|
|t:|1758340301
|switch|p2a: 灰灰|Arcanine-Hisui, M|100/100
|turn|18
|
|t:|1758340305
|move|p2a: 灰灰|Extreme Speed|p1a: Raging Bolt
|-damage|p1a: Raging Bolt|13/100
|move|p1a: Raging Bolt|Thunderbolt|p2a: 灰灰
|-damage|p2a: 灰灰|10/100
|-damage|p1a: Raging Bolt|3/100|[from] item: Life Orb
|
|upkeep
|turn|19
|
|t:|1758340310
|move|p2a: 灰灰|Extreme Speed|p1a: Raging Bolt
|-damage|p1a: Raging Bolt|0 fnt
|faint|p1a: Raging Bolt
|-end|p1a: Raging Bolt|Protosynthesis|[silent]
|
|upkeep
|
|t:|1758340312
|switch|p1a: Walking Wake|Walking Wake|100/100
|turn|20
|
|t:|1758340315
|move|p2a: 灰灰|Extreme Speed|p1a: Walking Wake
|-damage|p1a: Walking Wake|60/100
|move|p1a: Walking Wake|Hydro Steam|p2a: 灰灰
|-supereffective|p2a: 灰灰
|-damage|p2a: 灰灰|0 fnt
|faint|p2a: 灰灰
|
|upkeep
|
|t:|1758340317
|switch|p2a: 火|Zapdos-Galar|100/100
|turn|21
|
|t:|1758340322
|-terastallize|p1a: Walking Wake|Water
|move|p2a: 火|Brave Bird|p1a: Walking Wake
|-damage|p1a: Walking Wake|0 fnt
|faint|p1a: Walking Wake
|-end|p1a: Walking Wake|Protosynthesis|[silent]
|-damage|p2a: 火|80/100|[from] Recoil
|
|win|ay cheu
|raw|simple333's rating: 1619 &rarr; <strong>1592</strong><br />(-27 for losing)
|raw|ay cheu's rating: 1498 &rarr; <strong>1525</strong><br />(+27 for winning)
|l|☆simple333
|player|p1|
