|j|☆alalu
|j|☆will1994
|t:|1758242755
|gametype|singles
|player|p1|alalu|102|1507
|player|p2|will1994|red|1479
|gen|9
|tier|[Gen 9] OU
|rated|
|rule|HP Percentage Mod: HP is shown in percentages
|rule|Endless Battle Clause: Forcing endless battles is banned
|rule|Species Clause: Limit one of each Pokémon
|rule|OHKO Clause: OHKO moves are banned
|rule|Evasion Items Clause: Evasion items are banned
|rule|Evasion Moves Clause: Evasion moves are banned
|rule|Evasion Abilities Clause: Evasion abilities are banned
|rule|Sleep Moves Clause: Sleep-inducing moves are banned
|clearpoke
|poke|p1|Great Tusk|
|poke|p1|Ting-Lu|
|poke|p1|Raging Bolt|
|poke|p1|Kingambit, M|
|poke|p1|Moltres|
|poke|p1|Ogerpon-Wellspring, F|
|poke|p2|Rillaboom, M|
|poke|p2|Charizard, M|
|poke|p2|Corviknight, F|
|poke|p2|Kleavor, F|
|poke|p2|Clodsire, M|
|poke|p2|Samurott-Hisui, F|
|teampreview
|inactive|Battle timer is ON: inactive players will automatically lose when time's up. (requested by will1994)
|inactive|alalu also wants the timer to be on.
|
|t:|1758242761
|teamsize|p1|6
|teamsize|p2|6
|start
|switch|p1a: Ogerpon|Ogerpon-Wellspring, F|100/100
|switch|p2a: Kleavor|Kleavor, F|100/100
|turn|1
|
|t:|1758242767
|move|p2a: Kleavor|U-turn|p1a: Ogerpon
|-supereffective|p1a: Ogerpon
|-damage|p1a: Ogerpon|24/100
|
|t:|1758242771
|switch|p2a: Corviknight|Corviknight, F|100/100|[from] U-turn
|-ability|p2a: Corviknight|Pressure
|move|p1a: Ogerpon|Ivy Cudgel|p2a: Corviknight|[anim] Ivy Cudgel Water
|-damage|p2a: Corviknight|73/100
|
|upkeep
|turn|2
|
|t:|1758242778
|switch|p1a: Moltres|Moltres, shiny|100/100
|move|p2a: Corviknight|U-turn|p1a: Moltres
|-resisted|p1a: Moltres
|-damage|p1a: Moltres|98/100
|
|t:|1758242797
|switch|p2a: Clodsire|Clodsire, M|100/100|[from] U-turn
|
|upkeep
|turn|3
|
|t:|1758242803
|move|p1a: Moltres|Scorching Sands|p2a: Clodsire
|-supereffective|p2a: Clodsire
|-damage|p2a: Clodsire|73/100
|move|p2a: Clodsire|Stockpile|p2a: Clodsire
|-start|p2a: Clodsire|stockpile1
|-boost|p2a: Clodsire|def|1
|-boost|p2a: Clodsire|spd|1
|
|-heal|p2a: Clodsire|79/100|[from] item: Leftovers
|upkeep
|turn|4
|
|t:|1758242807
|move|p2a: Clodsire|Toxic|p1a: Moltres
|-status|p1a: Moltres|tox
|move|p1a: Moltres|Roar|p2a: Clodsire
|drag|p2a: Corviknight|Corviknight, F|73/100
|-ability|p2a: Corviknight|Pressure
|
|-damage|p1a: Moltres|92/100 tox|[from] psn
|upkeep
|turn|5
|
|t:|1758242815
|switch|p1a: Ting-Lu|Ting-Lu, shiny|100/100
|-ability|p1a: Ting-Lu|Vessel of Ruin
|switch|p2a: Samurott|Samurott-Hisui, F|100/100
|
|upkeep
|turn|6
|
|t:|1758242836
|move|p2a: Samurott|Ceaseless Edge|p1a: Ting-Lu|[miss]
|-miss|p2a: Samurott|p1a: Ting-Lu
|move|p1a: Ting-Lu|Stealth Rock|p2a: Samurott
|-sidestart|p2: will1994|move: Stealth Rock
|
|upkeep
|turn|7
|
|t:|1758242844
|switch|p2a: Corviknight|Corviknight, F|73/100
|-damage|p2a: Corviknight|60/100|[from] Stealth Rock
|-ability|p2a: Corviknight|Pressure
|move|p1a: Ting-Lu|Spikes|p2a: Corviknight
|-sidestart|p2: will1994|Spikes
|
|upkeep
|turn|8
|
|t:|1758242849
|switch|p1a: Kingambit|Kingambit, M, shiny|100/100
|move|p2a: Corviknight|Defog|p1a: Kingambit
|-unboost|p1a: Kingambit|evasion|1
|-ability|p1a: Kingambit|Defiant|boost
|-boost|p1a: Kingambit|atk|2
|-sideend|p2: will1994|Spikes|[from] move: Defog|[of] p2a: Corviknight
|-sideend|p2: will1994|Stealth Rock|[from] move: Defog|[of] p2a: Corviknight
|
|upkeep
|turn|9
|
|t:|1758242862
|switch|p2a: Samurott|Samurott-Hisui, F|100/100
|move|p1a: Kingambit|Kowtow Cleave|p2a: Samurott
|-resisted|p2a: Samurott
|-damage|p2a: Samurott|40/100
|
|upkeep
|turn|10
|
|t:|1758242875
|switch|p2a: Clodsire|Clodsire, M|79/100
|-terastallize|p1a: Kingambit|Flying
|move|p1a: Kingambit|Kowtow Cleave|p2a: Clodsire
|-damage|p2a: Clodsire|39/100
|
|-heal|p2a: Clodsire|45/100|[from] item: Leftovers
|upkeep
|turn|11
|
|t:|1758242882
|move|p1a: Kingambit|Iron Head|p2a: Clodsire
|-damage|p2a: Clodsire|12/100
|move|p2a: Clodsire|Recover|p2a: Clodsire
|-heal|p2a: Clodsire|62/100
|
|-heal|p2a: Clodsire|68/100|[from] item: Leftovers
|upkeep
|turn|12
|
|t:|1758242890
|move|p1a: Kingambit|Iron Head|p2a: Clodsire
|-damage|p2a: Clodsire|32/100
|move|p2a: Clodsire|Recover|p2a: Clodsire
|-heal|p2a: Clodsire|82/100
|
|-heal|p2a: Clodsire|88/100|[from] item: Leftovers
|upkeep
|turn|13
|
|t:|1758242897
|move|p1a: Kingambit|Iron Head|p2a: Clodsire
|-damage|p2a: Clodsire|55/100
|cant|p2a: Clodsire|flinch
|
|-heal|p2a: Clodsire|61/100|[from] item: Leftovers
|upkeep
|turn|14
|
|t:|1758242900
|move|p1a: Kingambit|Iron Head|p2a: Clodsire
|-damage|p2a: Clodsire|25/100
|cant|p2a: Clodsire|flinch
|
|-heal|p2a: Clodsire|31/100|[from] item: Leftovers
|upkeep
|turn|15
|
|t:|1758242903
|switch|p2a: Corviknight|Corviknight, F|60/100
|-ability|p2a: Corviknight|Pressure
|move|p1a: Kingambit|Iron Head|p2a: Corviknight
|-resisted|p2a: Corviknight
|-damage|p2a: Corviknight|32/100
|-damage|p1a: Kingambit|84/100|[from] item: Rocky Helmet|[of] p2a: Corviknight
|
|upkeep
|turn|16
|
|t:|1758242916
|switch|p2a: Samurott|Samurott-Hisui, F|40/100
|move|p1a: Kingambit|Kowtow Cleave|p2a: Samurott
|-resisted|p2a: Samurott
|-damage|p2a: Samurott|0 fnt
|faint|p2a: Samurott
|
|upkeep
|
|t:|1758242918
|switch|p2a: Kleavor|Kleavor, F|100/100
|turn|17
|
|t:|1758242921
|move|p1a: Kingambit|Sucker Punch|p2a: Kleavor
|-damage|p2a: Kleavor|0 fnt
|faint|p2a: Kleavor
|
|upkeep
|
|t:|1758242929
|switch|p2a: Charizard|Charizard, M|100/100
|turn|18
|
|t:|1758242933
|move|p2a: Charizard|Air Slash|p1a: Kingambit
|-damage|p1a: Kingambit|52/100
|move|p1a: Kingambit|Kowtow Cleave|p2a: Charizard
|-damage|p2a: Charizard|0 fnt
|faint|p2a: Charizard
|
|upkeep
|-message|will1994 forfeited.
|
|win|alalu
|raw|alalu's rating: 1507 &rarr; <strong>1525</strong><br />(+18 for winning)
|raw|will1994's rating: 1479 &rarr; <strong>1461</strong><br />(-18 for losing)
|l|☆will1994
|player|p2|
|l|☆alalu
|player|p1|
