|j|☆tokiwakano
|j|☆suprya
|t:|1758249139
|gametype|singles
|player|p1|tokiwakano|acetrainerf|1729
|player|p2|suprya|preschooler|1759
|gen|9
|tier|[Gen 9] OU
|rated|
|rule|HP Percentage Mod: HP is shown in percentages
|rule|Endless Battle Clause: Forcing endless battles is banned
|rule|Species Clause: Limit one of each Pokémon
|rule|OHKO Clause: OHKO moves are banned
|rule|Evasion Items Clause: Evasion items are banned
|rule|Evasion Moves Clause: Evasion moves are banned
|rule|Evasion Abilities Clause: Evasion abilities are banned
|rule|Sleep Moves Clause: Sleep-inducing moves are banned
|clearpoke
|poke|p1|Gholdengo|
|poke|p1|Dragonite, M|
|poke|p1|Raging Bolt|
|poke|p1|Great Tusk|
|poke|p1|Iron Valiant|
|poke|p1|Ting-Lu|
|poke|p2|Iron Valiant|
|poke|p2|Empoleon, F|
|poke|p2|Meowscarada, F|
|poke|p2|Landorus-Therian, M|
|poke|p2|Dragonite, F|
|poke|p2|Pecharunt|
|teampreview
|inactive|Battle timer is ON: inactive players will automatically lose when time's up. (requested by suprya)
|
|t:|1758249156
|teamsize|p1|6
|teamsize|p2|6
|start
|switch|p1a: Gholdengo|Gholdengo|100/100
|switch|p2a: Meowscarada|Meowscarada, F|100/100
|turn|1
|
|t:|1758249169
|switch|p2a: Empoleon|Empoleon, F|100/100
|switch|p1a: Iron Valiant|Iron Valiant|100/100
|-enditem|p1a: Iron Valiant|Booster Energy
|-activate|p1a: Iron Valiant|ability: Quark Drive|[fromitem]
|-start|p1a: Iron Valiant|quarkdrivespe
|
|upkeep
|turn|2
|
|t:|1758249180
|switch|p2a: Pecharunt|Pecharunt|100/100
|move|p1a: Iron Valiant|Knock Off|p2a: Pecharunt
|-supereffective|p2a: Pecharunt
|-crit|p2a: Pecharunt
|-damage|p2a: Pecharunt|64/100
|-enditem|p2a: Pecharunt|Heavy-Duty Boots|[from] move: Knock Off|[of] p1a: Iron Valiant
|
|upkeep
|turn|3
|
|t:|1758249187
|-end|p1a: Iron Valiant|Quark Drive|[silent]
|switch|p1a: Gholdengo|Gholdengo|100/100
|move|p2a: Pecharunt|Shadow Ball|p1a: Gholdengo
|-supereffective|p1a: Gholdengo
|-damage|p1a: Gholdengo|39/100
|
|upkeep
|turn|4
|
|t:|1758249197
|switch|p2a: Empoleon|Empoleon, F|100/100
|move|p1a: Gholdengo|Shadow Ball|p2a: Empoleon
|-damage|p2a: Empoleon|56/100
|
|upkeep
|turn|5
|
|t:|1758249202
|move|p1a: Gholdengo|Shadow Ball|p2a: Empoleon
|-damage|p2a: Empoleon|11/100
|move|p2a: Empoleon|Flip Turn|p1a: Gholdengo
|-damage|p1a: Gholdengo|20/100
|
|t:|1758249211
|switch|p2a: Meowscarada|Meowscarada, F|100/100|[from] Flip Turn
|
|upkeep
|turn|6
|
|t:|1758249220
|switch|p1a: Iron Valiant|Iron Valiant|100/100
|move|p2a: Meowscarada|Knock Off|p1a: Iron Valiant
|-start|p2a: Meowscarada|typechange|Dark|[from] ability: Protean
|-resisted|p1a: Iron Valiant
|-damage|p1a: Iron Valiant|90/100
|
|upkeep
|turn|7
|
|t:|1758249227
|switch|p2a: Pecharunt|Pecharunt|64/100
|move|p1a: Iron Valiant|Moonblast|p2a: Pecharunt
|-resisted|p2a: Pecharunt
|-damage|p2a: Pecharunt|41/100
|
|upkeep
|turn|8
|
|t:|1758249231
|move|p1a: Iron Valiant|Knock Off|p2a: Pecharunt
|-supereffective|p2a: Pecharunt
|-damage|p2a: Pecharunt|22/100
|move|p2a: Pecharunt|Recover|p2a: Pecharunt
|-heal|p2a: Pecharunt|72/100
|
|upkeep
|turn|9
|
|t:|1758249234
|move|p1a: Iron Valiant|Encore|p2a: Pecharunt
|-start|p2a: Pecharunt|Encore
|move|p2a: Pecharunt|Recover|p2a: Pecharunt
|-heal|p2a: Pecharunt|100/100
|
|upkeep
|turn|10
|
|t:|1758249238
|switch|p2a: Empoleon|Empoleon, F|11/100
|move|p1a: Iron Valiant|Moonblast|p2a: Empoleon
|-resisted|p2a: Empoleon
|-damage|p2a: Empoleon|0 fnt
|faint|p2a: Empoleon
|
|upkeep
|
|t:|1758249240
|switch|p2a: Pecharunt|Pecharunt|100/100
|turn|11
|
|t:|1758249243
|-end|p1a: Iron Valiant|Quark Drive|[silent]
|switch|p1a: Ting-Lu|Ting-Lu|100/100
|-ability|p1a: Ting-Lu|Vessel of Ruin
|move|p2a: Pecharunt|Malignant Chain|p1a: Ting-Lu
|-resisted|p1a: Ting-Lu
|-damage|p1a: Ting-Lu|93/100
|-status|p1a: Ting-Lu|tox
|-start|p1a: Ting-Lu|confusion|[from] ability: Poison Puppeteer|[of] p2a: Pecharunt
|
|-heal|p1a: Ting-Lu|99/100 tox|[from] item: Leftovers
|-damage|p1a: Ting-Lu|93/100 tox|[from] psn
|upkeep
|turn|12
|
|t:|1758249251
|move|p2a: Pecharunt|Parting Shot|p1a: Ting-Lu
|-unboost|p1a: Ting-Lu|atk|1
|-unboost|p1a: Ting-Lu|spa|1
|
|t:|1758249254
|switch|p2a: Landorus|Landorus-Therian, M|100/100|[from] Parting Shot
|-ability|p2a: Landorus|Intimidate|boost
|-unboost|p1a: Ting-Lu|atk|1
|-activate|p1a: Ting-Lu|confusion
|-damage|p1a: Ting-Lu|90/100 tox|[from] confusion
|
|-heal|p1a: Ting-Lu|96/100 tox|[from] item: Leftovers
|-damage|p1a: Ting-Lu|84/100 tox|[from] psn
|upkeep
|turn|13
|
|t:|1758249262
|switch|p1a: Great Tusk|Great Tusk|100/100
|move|p2a: Landorus|Stealth Rock|p1a: Great Tusk
|-sidestart|p1: tokiwakano|move: Stealth Rock
|
|upkeep
|turn|14
|
|t:|1758249270
|move|p2a: Landorus|U-turn|p1a: Great Tusk
|-resisted|p1a: Great Tusk
|-damage|p1a: Great Tusk|92/100
|
|t:|1758249272
|switch|p2a: Pecharunt|Pecharunt|100/100|[from] U-turn
|move|p1a: Great Tusk|Rapid Spin|p2a: Pecharunt
|-immune|p2a: Pecharunt
|
|upkeep
|turn|15
|
|t:|1758249288
|-end|p1a: Great Tusk|Protosynthesis|[silent]
|switch|p1a: Ting-Lu|Ting-Lu|84/100 tox
|-damage|p1a: Ting-Lu|78/100 tox|[from] Stealth Rock
|-ability|p1a: Ting-Lu|Vessel of Ruin
|move|p2a: Pecharunt|Malignant Chain|p1a: Ting-Lu
|-resisted|p1a: Ting-Lu
|-damage|p1a: Ting-Lu|71/100 tox
|
|-heal|p1a: Ting-Lu|77/100 tox|[from] item: Leftovers
|-damage|p1a: Ting-Lu|71/100 tox|[from] psn
|upkeep
|turn|16
|
|t:|1758249295
|move|p2a: Pecharunt|Parting Shot|p1a: Ting-Lu
|-unboost|p1a: Ting-Lu|atk|1
|-unboost|p1a: Ting-Lu|spa|1
|
|t:|1758249298
|switch|p2a: Meowscarada|Meowscarada, F|100/100|[from] Parting Shot
|move|p1a: Ting-Lu|Stealth Rock|p2a: Meowscarada
|-sidestart|p2: suprya|move: Stealth Rock
|
|-heal|p1a: Ting-Lu|77/100 tox|[from] item: Leftovers
|-damage|p1a: Ting-Lu|65/100 tox|[from] psn
|upkeep
|turn|17
|j| lamebiz
|
|t:|1758249304
|switch|p1a: Great Neck|Raging Bolt|100/100
|-damage|p1a: Great Neck|88/100|[from] Stealth Rock
|move|p2a: Meowscarada|Spikes|p1a: Great Neck
|-start|p2a: Meowscarada|typechange|Ground|[from] ability: Protean
|-sidestart|p1: tokiwakano|Spikes
|
|upkeep
|turn|18
|
|t:|1758249308
|move|p2a: Meowscarada|Triple Axel|p1a: Great Neck
|-supereffective|p1a: Great Neck
|-damage|p1a: Great Neck|78/100
|-hitcount|p1a: Great Neck|1
|move|p1a: Great Neck|Draco Meteor|p2a: Meowscarada
|-damage|p2a: Meowscarada|0 fnt
|-unboost|p1a: Great Neck|spa|2
|faint|p2a: Meowscarada
|
|upkeep
|
|t:|1758249318
|switch|p2a: Iron Valiant|Iron Valiant|100/100
|-damage|p2a: Iron Valiant|94/100|[from] Stealth Rock
|-enditem|p2a: Iron Valiant|Booster Energy
|-activate|p2a: Iron Valiant|ability: Quark Drive|[fromitem]
|-start|p2a: Iron Valiant|quarkdrivespe
|turn|19
|j| buluofen
|inactive|suprya has 120 seconds left.
|j| bionicfox
|
|t:|1758249372
|-end|p1a: Great Neck|Protosynthesis|[silent]
|switch|p1a: Gholdengo|Gholdengo|20/100
|-damage|p1a: Gholdengo|14/100|[from] Stealth Rock
|-damage|p1a: Gholdengo|1/100|[from] Spikes
|move|p2a: Iron Valiant|Moonblast|p1a: Gholdengo
|-resisted|p1a: Gholdengo
|-damage|p1a: Gholdengo|0 fnt
|faint|p1a: Gholdengo
|
|upkeep
|
|t:|1758249378
|switch|p1a: Ting-Lu|Ting-Lu|65/100 tox
|-damage|p1a: Ting-Lu|58/100 tox|[from] Stealth Rock
|-damage|p1a: Ting-Lu|46/100 tox|[from] Spikes
|-ability|p1a: Ting-Lu|Vessel of Ruin
|turn|20
|
|t:|1758249383
|move|p2a: Iron Valiant|Close Combat|p1a: Ting-Lu
|-supereffective|p1a: Ting-Lu
|-damage|p1a: Ting-Lu|0 fnt
|-unboost|p2a: Iron Valiant|def|1
|-unboost|p2a: Iron Valiant|spd|1
|faint|p1a: Ting-Lu
|
|upkeep
|
|t:|1758249399
|switch|p1a: Great Tusk|Great Tusk|92/100
|-damage|p1a: Great Tusk|89/100|[from] Stealth Rock
|-damage|p1a: Great Tusk|77/100|[from] Spikes
|turn|21
|inactive|suprya has 120 seconds left.
|
|t:|1758249408
|-end|p2a: Iron Valiant|Quark Drive|[silent]
|switch|p2a: Pecharunt|Pecharunt|100/100
|-damage|p2a: Pecharunt|88/100|[from] Stealth Rock
|move|p1a: Great Tusk|Headlong Rush|p2a: Pecharunt
|-supereffective|p2a: Pecharunt
|-damage|p2a: Pecharunt|27/100
|-unboost|p1a: Great Tusk|def|1
|-unboost|p1a: Great Tusk|spd|1
|
|upkeep
|turn|22
|inactive|suprya has 120 seconds left.
|
|t:|1758249426
|switch|p2a: Landorus|Landorus-Therian, M|100/100
|-damage|p2a: Landorus|88/100|[from] Stealth Rock
|-ability|p2a: Landorus|Intimidate|boost
|-unboost|p1a: Great Tusk|atk|1
|move|p1a: Great Tusk|Headlong Rush|p2a: Landorus
|-immune|p2a: Landorus
|
|upkeep
|turn|23
|inactive|suprya has 120 seconds left.
|
|t:|1758249437
|move|p2a: Landorus|U-turn|p1a: Great Tusk
|-resisted|p1a: Great Tusk
|-damage|p1a: Great Tusk|65/100
|
|t:|1758249439
|switch|p2a: Pecharunt|Pecharunt|27/100|[from] U-turn
|-damage|p2a: Pecharunt|14/100|[from] Stealth Rock
|move|p1a: Great Tusk|Rapid Spin|p2a: Pecharunt
|-immune|p2a: Pecharunt
|
|upkeep
|turn|24
|
|t:|1758249445
|-end|p1a: Great Tusk|Protosynthesis|[silent]
|switch|p1a: Iron Valiant|Iron Valiant|90/100
|-damage|p1a: Iron Valiant|84/100|[from] Stealth Rock
|-damage|p1a: Iron Valiant|72/100|[from] Spikes
|move|p2a: Pecharunt|Shadow Ball|p1a: Iron Valiant
|-damage|p1a: Iron Valiant|24/100
|
|upkeep
|turn|25
|inactive|suprya has 120 seconds left.
|l| buluofen
|
|t:|1758249463
|switch|p2a: Dragonite|Dragonite, F|100/100
|move|p1a: Iron Valiant|Moonblast|p2a: Dragonite
|-supereffective|p2a: Dragonite
|-damage|p2a: Dragonite|55/100
|
|upkeep
|turn|26
|
|t:|1758249469
|move|p2a: Dragonite|Extreme Speed|p1a: Iron Valiant
|-crit|p1a: Iron Valiant
|-damage|p1a: Iron Valiant|0 fnt
|faint|p1a: Iron Valiant
|-end|p1a: Iron Valiant|Quark Drive|[silent]
|
|upkeep
|
|t:|1758249472
|switch|p1a: Great Tusk|Great Tusk|65/100
|-damage|p1a: Great Tusk|62/100|[from] Stealth Rock
|-damage|p1a: Great Tusk|49/100|[from] Spikes
|turn|27
|
|t:|1758249476
|switch|p2a: Pecharunt|Pecharunt|14/100
|-damage|p2a: Pecharunt|2/100|[from] Stealth Rock
|move|p1a: Great Tusk|Ice Spinner|p2a: Pecharunt
|-damage|p2a: Pecharunt|0 fnt
|faint|p2a: Pecharunt
|
|upkeep
|
|t:|1758249484
|switch|p2a: Iron Valiant|Iron Valiant|94/100
|-damage|p2a: Iron Valiant|88/100|[from] Stealth Rock
|turn|28
|
|t:|1758249490
|-terastallize|p2a: Iron Valiant|Fairy
|-terastallize|p1a: Great Tusk|Ice
|move|p2a: Iron Valiant|Moonblast|p1a: Great Tusk
|-damage|p1a: Great Tusk|0 fnt
|faint|p1a: Great Tusk
|-end|p1a: Great Tusk|Protosynthesis|[silent]
|
|upkeep
|
|t:|1758249500
|switch|p1a: Great Neck|Raging Bolt|78/100
|-damage|p1a: Great Neck|65/100|[from] Stealth Rock
|-damage|p1a: Great Neck|53/100|[from] Spikes
|turn|29
|
|t:|1758249519
|-end|p2a: Iron Valiant|Quark Drive|[silent]
|switch|p2a: Dragonite|Dragonite, F|55/100
|move|p1a: Great Neck|Draco Meteor|p2a: Dragonite
|-supereffective|p2a: Dragonite
|-damage|p2a: Dragonite|0 fnt
|-unboost|p1a: Great Neck|spa|2
|faint|p2a: Dragonite
|
|upkeep
|
|t:|1758249524
|switch|p2a: Iron Valiant|Iron Valiant, tera:Fairy|88/100
|-damage|p2a: Iron Valiant|76/100|[from] Stealth Rock
|turn|30
|
|t:|1758249526
|move|p2a: Iron Valiant|Moonblast|p1a: Great Neck
|-supereffective|p1a: Great Neck
|-damage|p1a: Great Neck|0 fnt
|faint|p1a: Great Neck
|-end|p1a: Great Neck|Protosynthesis|[silent]
|
|upkeep
|
|t:|1758249527
|switch|p1a: Dragonite|Dragonite, M|100/100
|turn|31
|
|t:|1758249534
|move|p2a: Iron Valiant|Moonblast|p1a: Dragonite
|-supereffective|p1a: Dragonite
|-damage|p1a: Dragonite|37/100
|move|p1a: Dragonite|Dragon Dance|p1a: Dragonite
|-boost|p1a: Dragonite|atk|1
|-boost|p1a: Dragonite|spe|1
|
|upkeep
|turn|32
|
|t:|1758249538
|move|p2a: Iron Valiant|Moonblast|p1a: Dragonite
|-supereffective|p1a: Dragonite
|-damage|p1a: Dragonite|0 fnt
|faint|p1a: Dragonite
|
|win|suprya
|raw|tokiwakano's rating: 1729 &rarr; <strong>1711</strong><br />(-18 for losing)
|raw|suprya's rating: 1759 &rarr; <strong>1777</strong><br />(+18 for winning)
|l| lamebiz
|l|☆tokiwakano
|player|p1|
|l|☆suprya
|player|p2|
|j|☆suprya
|player|p2|suprya|preschooler|
|l|☆suprya
|player|p2|
