|j|☆FinkLarry
|j|☆ToChoPals
|t:|1758361867
|gametype|singles
|player|p1|FinkLarry|sisandbro|1115
|player|p2|ToChoPals|ethan-masters|1142
|gen|9
|tier|[Gen 9] OU
|rated|
|rule|HP Percentage Mod: HP is shown in percentages
|rule|Endless Battle Clause: Forcing endless battles is banned
|rule|Species Clause: Limit one of each Pokémon
|rule|OHKO Clause: OHKO moves are banned
|rule|Evasion Items Clause: Evasion items are banned
|rule|Evasion Moves Clause: Evasion moves are banned
|rule|Evasion Abilities Clause: Evasion abilities are banned
|rule|Sleep Moves Clause: Sleep-inducing moves are banned
|clearpoke
|poke|p1|Rotom-Wash|
|poke|p1|Dragapult, M|
|poke|p1|Zoroark, F|
|poke|p1|Infernape, F|
|poke|p1|Cinderace, F|
|poke|p1|Kingambit, F|
|poke|p2|Braviary-Hisui, M|
|poke|p2|Cinderace, F|
|poke|p2|Polteageist|
|poke|p2|Goodra-Hisui, F|
|poke|p2|Decidueye-Hisui, F|
|poke|p2|Clodsire, M|
|teampreview
|
|t:|1758361879
|teamsize|p1|6
|teamsize|p2|6
|start
|switch|p1a: Harrier Du Bois|Dragapult, M|100/100
|switch|p2a: Goodra|Goodra-Hisui, F|100/100
|turn|1
|
|t:|1758361891
|move|p1a: Harrier Du Bois|Dragon Darts|p2a: Goodra
|-damage|p2a: Goodra|68/100
|-anim|p1a: Harrier Du Bois|Dragon Darts|p2a: Goodra
|-damage|p2a: Goodra|37/100
|-damage|p1a: Harrier Du Bois|91/100|[from] item: Life Orb
|move|p2a: Goodra|Shelter|p2a: Goodra
|-boost|p2a: Goodra|def|2
|
|-heal|p2a: Goodra|43/100|[from] item: Leftovers
|upkeep
|turn|2
|
|t:|1758361907
|move|p1a: Harrier Du Bois|Dragon Darts|p2a: Goodra
|-damage|p2a: Goodra|28/100
|-anim|p1a: Harrier Du Bois|Dragon Darts|p2a: Goodra
|-damage|p2a: Goodra|12/100
|-damage|p1a: Harrier Du Bois|81/100|[from] item: Life Orb
|move|p2a: Goodra|Shelter|p2a: Goodra
|-boost|p2a: Goodra|def|2
|
|-heal|p2a: Goodra|18/100|[from] item: Leftovers
|upkeep
|turn|3
|
|t:|1758361927
|move|p1a: Harrier Du Bois|Dragon Darts|p2a: Goodra
|-damage|p2a: Goodra|7/100
|-anim|p1a: Harrier Du Bois|Dragon Darts|p2a: Goodra
|-damage|p2a: Goodra|0 fnt
|faint|p2a: Goodra
|-damage|p1a: Harrier Du Bois|71/100|[from] item: Life Orb
|
|upkeep
|
|t:|1758361934
|switch|p2a: Polteageist|Polteageist|100/100
|turn|4
|
|t:|1758361940
|move|p1a: Harrier Du Bois|Phantom Force||[still]
|-prepare|p1a: Harrier Du Bois|Phantom Force
|move|p2a: Polteageist|Shell Smash|p2a: Polteageist
|-unboost|p2a: Polteageist|def|1
|-unboost|p2a: Polteageist|spd|1
|-boost|p2a: Polteageist|atk|2
|-boost|p2a: Polteageist|spa|2
|-boost|p2a: Polteageist|spe|2
|
|upkeep
|turn|5
|
|t:|1758361954
|move|p2a: Polteageist|Shadow Ball|p1a: Harrier Du Bois|[miss]
|-miss|p2a: Polteageist|p1a: Harrier Du Bois
|move|p1a: Harrier Du Bois|Phantom Force|p2a: Polteageist|[from] lockedmove
|-supereffective|p2a: Polteageist
|-enditem|p2a: Polteageist|Focus Sash
|-damage|p2a: Polteageist|1/100
|-ability|p2a: Polteageist|Weak Armor|boost
|-unboost|p2a: Polteageist|def|1
|-boost|p2a: Polteageist|spe|2
|-damage|p1a: Harrier Du Bois|61/100|[from] item: Life Orb
|
|upkeep
|turn|6
|
|t:|1758361982
|switch|p1a: Cindelaras|Cinderace, F|100/100
|move|p2a: Polteageist|Shadow Ball|p1a: Cindelaras
|-damage|p1a: Cindelaras|0 fnt
|faint|p1a: Cindelaras
|
|upkeep
|inactive|Battle timer is ON: inactive players will automatically lose when time's up. (requested by ToChoPals)
|
|t:|1758361998
|switch|p1a: Mona Kimura|Kingambit, F|100/100
|turn|7
|
|t:|1758362002
|-terastallize|p2a: Polteageist|Fighting
|move|p1a: Mona Kimura|Sucker Punch|p2a: Polteageist
|-resisted|p2a: Polteageist
|-damage|p2a: Polteageist|0 fnt
|faint|p2a: Polteageist
|
|upkeep
|
|t:|1758362007
|switch|p2a: Cinderace|Cinderace, F|100/100
|turn|8
|
|t:|1758362021
|move|p2a: Cinderace|Pyro Ball|p1a: Mona Kimura
|-damage|p1a: Mona Kimura|3/100
|replace|p1a: CobyPersin|Zoroark, F
|-end|p1a: CobyPersin|Illusion
|move|p1a: CobyPersin|Swords Dance|p1a: CobyPersin
|-boost|p1a: CobyPersin|atk|2
|
|upkeep
|turn|9
|
|t:|1758362028
|move|p1a: CobyPersin|Sucker Punch|p2a: Cinderace
|-damage|p2a: Cinderace|0 fnt
|faint|p2a: Cinderace
|
|upkeep
|
|t:|1758362036
|switch|p2a: Decidueye|Decidueye-Hisui, F|100/100
|turn|10
|inactive|FinkLarry has 120 seconds left.
|
|t:|1758362078
|move|p1a: CobyPersin|Sucker Punch|p2a: Decidueye
|-resisted|p2a: Decidueye
|-damage|p2a: Decidueye|58/100
|move|p2a: Decidueye|Triple Arrows|p1a: CobyPersin
|-supereffective|p1a: CobyPersin
|-crit|p1a: CobyPersin
|-damage|p1a: CobyPersin|0 fnt
|faint|p1a: CobyPersin
|
|upkeep
|
|t:|1758362087
|switch|p1a: infer r*pe|Infernape, F|100/100
|turn|11
|
|t:|1758362090
|move|p1a: infer r*pe|U-turn|p2a: Decidueye
|-damage|p2a: Decidueye|30/100
|inactive|FinkLarry has 120 seconds left.
|
|t:|1758362097
|switch|p1a: ZA/UM|Rotom-Wash|100/100|[from] U-turn
|move|p2a: Decidueye|Triple Arrows|p1a: ZA/UM
|-damage|p1a: ZA/UM|58/100
|-unboost|p1a: ZA/UM|def|1
|
|-heal|p1a: ZA/UM|64/100|[from] item: Leftovers
|upkeep
|turn|12
|
|t:|1758362105
|move|p2a: Decidueye|Triple Arrows|p1a: ZA/UM
|-damage|p1a: ZA/UM|0 fnt
|faint|p1a: ZA/UM
|
|upkeep
|
|t:|1758362111
|switch|p1a: infer r*pe|Infernape, F|100/100
|turn|13
|
|t:|1758362117
|switch|p2a: Clodsire|Clodsire, M|100/100
|move|p1a: infer r*pe|Flare Blitz|p2a: Clodsire
|-damage|p2a: Clodsire|43/100
|-damage|p1a: infer r*pe|71/100|[from] Recoil
|
|-heal|p2a: Clodsire|50/100|[from] item: Leftovers
|upkeep
|turn|14
|
|t:|1758362128
|move|p2a: Clodsire|Protect|p2a: Clodsire
|-singleturn|p2a: Clodsire|Protect
|move|p1a: infer r*pe|Flare Blitz|p2a: Clodsire
|-activate|p2a: Clodsire|move: Protect
|
|-heal|p2a: Clodsire|56/100|[from] item: Leftovers
|upkeep
|turn|15
|
|t:|1758362135
|move|p1a: infer r*pe|Flare Blitz|p2a: Clodsire
|-damage|p2a: Clodsire|0 fnt
|faint|p2a: Clodsire
|-damage|p1a: infer r*pe|42/100|[from] Recoil
|
|upkeep
|
|t:|1758362140
|switch|p2a: Braviary|Braviary-Hisui, M|100/100
|turn|16
|
|t:|1758362151
|move|p1a: infer r*pe|Flare Blitz|p2a: Braviary
|-damage|p2a: Braviary|36/100
|-damage|p1a: infer r*pe|16/100|[from] Recoil
|move|p2a: Braviary|Esper Wing|p1a: infer r*pe
|-supereffective|p1a: infer r*pe
|-damage|p1a: infer r*pe|0 fnt
|-boost|p2a: Braviary|spe|1
|faint|p1a: infer r*pe
|
|upkeep
|
|t:|1758362160
|switch|p1a: Harrier Du Bois|Dragapult, M|61/100
|turn|17
|
|t:|1758362164
|move|p1a: Harrier Du Bois|Phantom Force||[still]
|-prepare|p1a: Harrier Du Bois|Phantom Force
|move|p2a: Braviary|Shadow Ball|p1a: Harrier Du Bois|[miss]
|-miss|p2a: Braviary|p1a: Harrier Du Bois
|
|upkeep
|turn|18
|
|t:|1758362174
|move|p1a: Harrier Du Bois|Phantom Force|p2a: Braviary|[from] lockedmove
|-supereffective|p2a: Braviary
|-crit|p2a: Braviary
|-damage|p2a: Braviary|0 fnt
|faint|p2a: Braviary
|-damage|p1a: Harrier Du Bois|52/100|[from] item: Life Orb
|
|upkeep
|
|t:|1758362176
|switch|p2a: Decidueye|Decidueye-Hisui, F|30/100
|turn|19
|c|☆ToChoPals|gg
|
|t:|1758362188
|move|p1a: Harrier Du Bois|Phantom Force||[still]
|-prepare|p1a: Harrier Du Bois|Phantom Force
|move|p2a: Decidueye|Triple Arrows|p1a: Harrier Du Bois|[miss]
|-miss|p2a: Decidueye|p1a: Harrier Du Bois
|
|upkeep
|turn|20
|
|t:|1758362194
|move|p1a: Harrier Du Bois|Phantom Force|p2a: Decidueye|[from] lockedmove
|-crit|p2a: Decidueye
|-damage|p2a: Decidueye|0 fnt
|faint|p2a: Decidueye
|-damage|p1a: Harrier Du Bois|42/100|[from] item: Life Orb
|
|win|FinkLarry
|raw|FinkLarry's rating: 1115 &rarr; <strong>1142</strong><br />(+27 for winning)
|raw|ToChoPals's rating: 1142 &rarr; <strong>1115</strong><br />(-27 for losing)
|l|☆ToChoPals
|player|p2|
