|j|☆Dark★Shionツ
|j|☆khzz4
|inactive|Battle timer is ON: inactive players will automatically lose when time's up.
|t:|1758304015
|gametype|singles
|player|p1|Dark★Shionツ|picnicker|
|player|p2|khzz4|clemont|
|gen|9
|tier|[Gen 9] OU
|rated|Tournament battle
|rule|HP Percentage Mod: HP is shown in percentages
|rule|Endless Battle Clause: Forcing endless battles is banned
|rule|Species Clause: Limit one of each Pokémon
|rule|OHKO Clause: OHKO moves are banned
|rule|Evasion Items Clause: Evasion items are banned
|rule|Evasion Moves Clause: Evasion moves are banned
|rule|Evasion Abilities Clause: Evasion abilities are banned
|rule|Sleep Moves Clause: Sleep-inducing moves are banned
|clearpoke
|poke|p1|Lokix, F|
|poke|p1|Cinderace, F|
|poke|p1|Great Tusk|
|poke|p1|Alomomola, F|
|poke|p1|Enamorus, F|
|poke|p1|Slowking-Galar, F|
|poke|p2|Landorus-Therian, M|
|poke|p2|Samurott-Hisui, F|
|poke|p2|Pecharunt|
|poke|p2|Scizor, M|
|poke|p2|Latios, M|
|poke|p2|Zamazenta-*|
|teampreview
|j| Yedolcrack
|c|☆khzz4|gl hf
|l| Yedolcrack
|
|t:|1758304030
|teamsize|p1|6
|teamsize|p2|6
|start
|switch|p1a: Cinderace|Cinderace, F|100/100
|switch|p2a: Landorus|Landorus-Therian, M|100/100
|-ability|p2a: Landorus|Intimidate|boost
|-unboost|p1a: Cinderace|atk|1
|turn|1
|c|☆Dark★Shionツ|Hf
|j| Yedolcrack
|
|t:|1758304040
|switch|p1a: Alomomola|Alomomola, F|100/100
|move|p2a: Landorus|Stealth Rock|p1a: Alomomola
|-sidestart|p1: Dark★Shionツ|move: Stealth Rock
|
|upkeep
|turn|2
|c| Yedolcrack|Vamos khzz4
|
|t:|1758304044
|move|p2a: Landorus|U-turn|p1a: Alomomola
|-damage|p1a: Alomomola|85/100
|c|☆khzz4|no me tengas fe
|c| Yedolcrack|Dale duro
|
|t:|1758304054
|switch|p2a: Samurott|Samurott-Hisui, F|100/100|[from] U-turn
|move|p1a: Alomomola|Flip Turn|p2a: Samurott
|-resisted|p2a: Samurott
|-damage|p2a: Samurott|92/100
|
|t:|1758304066
|switch|p1a: Cinderace|Cinderace, F|100/100|[from] Flip Turn
|
|upkeep
|turn|3
|
|t:|1758304079
|move|p1a: Cinderace|U-turn|p2a: Samurott
|-supereffective|p2a: Samurott
|-damage|p2a: Samurott|50/100
|
|t:|1758304082
|switch|p1a: Alomomola|Alomomola, F|100/100|[from] U-turn
|-damage|p1a: Alomomola|88/100|[from] Stealth Rock
|move|p2a: Samurott|Razor Shell|p1a: Alomomola
|-resisted|p1a: Alomomola
|-damage|p1a: Alomomola|67/100
|-unboost|p1a: Alomomola|def|1
|
|upkeep
|turn|4
|
|t:|1758304089
|move|p2a: Samurott|Ceaseless Edge|p1a: Alomomola
|-damage|p1a: Alomomola|8/100
|-sidestart|p1: Dark★Shionツ|Spikes
|move|p1a: Alomomola|Flip Turn|p2a: Samurott
|-resisted|p2a: Samurott
|-damage|p2a: Samurott|40/100
|
|t:|1758304093
|switch|p1a: Cinderace|Cinderace, F|100/100|[from] Flip Turn
|
|upkeep
|turn|5
|
|t:|1758304098
|switch|p2a: Landorus|Landorus-Therian, M|100/100
|-ability|p2a: Landorus|Intimidate|boost
|-unboost|p1a: Cinderace|atk|1
|move|p1a: Cinderace|U-turn|p2a: Landorus
|-resisted|p2a: Landorus
|-damage|p2a: Landorus|94/100
|-damage|p1a: Cinderace|84/100|[from] item: Rocky Helmet|[of] p2a: Landorus
|j| jojojony
|
|t:|1758304104
|switch|p1a: Alomomola|Alomomola, F|42/100|[from] U-turn
|-damage|p1a: Alomomola|29/100|[from] Stealth Rock
|-damage|p1a: Alomomola|17/100|[from] Spikes
|
|upkeep
|turn|6
|
|t:|1758304111
|switch|p1a: Enamorus|Enamorus, F|100/100
|-damage|p1a: Enamorus|76/100|[from] Stealth Rock
|move|p2a: Landorus|Earthquake|p1a: Enamorus
|-immune|p1a: Enamorus
|
|upkeep
|turn|7
|
|t:|1758304116
|move|p1a: Enamorus|Moonblast|p2a: Landorus
|-damage|p2a: Landorus|38/100
|-unboost|p2a: Landorus|spa|1
|move|p2a: Landorus|Smack Down|p1a: Enamorus
|-supereffective|p1a: Enamorus
|-damage|p1a: Enamorus|27/100
|-start|p1a: Enamorus|Smack Down
|
|upkeep
|turn|8
|
|t:|1758304127
|switch|p1a: Cinderace|Cinderace, F|84/100
|switch|p2a: Pecharunt|Pecharunt|100/100
|
|upkeep
|turn|9
|c| jojojony|vamos khzz si darkshion solo es un shillon
|c|☆khzz4|un pro es
|
|t:|1758304143
|move|p1a: Cinderace|Court Change|p1a: Cinderace
|-swapsideconditions
|-activate|p1a: Cinderace|move: Court Change
|move|p2a: Pecharunt|Parting Shot|p1a: Cinderace
|-unboost|p1a: Cinderace|atk|1
|-unboost|p1a: Cinderace|spa|1
|
|t:|1758304162
|switch|p2a: Zamazenta|Zamazenta|100/100|[from] Parting Shot
|-damage|p2a: Zamazenta|94/100|[from] Stealth Rock
|-damage|p2a: Zamazenta|82/100|[from] Spikes
|-ability|p2a: Zamazenta|Dauntless Shield|boost
|-boost|p2a: Zamazenta|def|1
|
|-heal|p2a: Zamazenta|88/100|[from] item: Leftovers
|upkeep
|turn|10
|
|t:|1758304168
|switch|p1a: Slowking|Slowking-Galar, F|100/100
|-terastallize|p2a: Zamazenta|Fire
|move|p2a: Zamazenta|Iron Defense|p2a: Zamazenta
|-boost|p2a: Zamazenta|def|2
|
|-heal|p2a: Zamazenta|94/100|[from] item: Leftovers
|upkeep
|turn|11
|
|t:|1758304173
|move|p2a: Zamazenta|Crunch|p1a: Slowking
|-supereffective|p1a: Slowking
|-damage|p1a: Slowking|69/100
|-unboost|p1a: Slowking|def|1
|move|p1a: Slowking|Future Sight|p2a: Zamazenta
|-start|p1a: Slowking|move: Future Sight
|
|-heal|p2a: Zamazenta|99/100|[from] item: Leftovers
|upkeep
|turn|12
|
|t:|1758304181
|move|p2a: Zamazenta|Iron Defense|p2a: Zamazenta
|-boost|p2a: Zamazenta|def|2
|move|p1a: Slowking|Sludge Bomb|p2a: Zamazenta
|-damage|p2a: Zamazenta|72/100
|
|-heal|p2a: Zamazenta|78/100|[from] item: Leftovers
|upkeep
|turn|13
|
|t:|1758304187
|move|p2a: Zamazenta|Crunch|p1a: Slowking
|-supereffective|p1a: Slowking
|-damage|p1a: Slowking|25/100
|move|p1a: Slowking|Sludge Bomb|p2a: Zamazenta
|-damage|p2a: Zamazenta|48/100
|
|-end|p2a: Zamazenta|move: Future Sight
|-damage|p2a: Zamazenta|5/100
|-heal|p2a: Zamazenta|12/100|[from] item: Leftovers
|upkeep
|turn|14
|
|t:|1758304200
|switch|p1a: Alomomola|Alomomola, F|50/100
|move|p2a: Zamazenta|Crunch|p1a: Alomomola
|-damage|p1a: Alomomola|33/100
|
|-heal|p2a: Zamazenta|18/100|[from] item: Leftovers
|upkeep
|turn|15
|
|t:|1758304224
|move|p2a: Zamazenta|Body Press|p1a: Alomomola
|-damage|p1a: Alomomola|0 fnt
|faint|p1a: Alomomola
|
|-heal|p2a: Zamazenta|24/100|[from] item: Leftovers
|upkeep
|
|t:|1758304228
|switch|p1a: Enamorus|Enamorus, F|27/100
|turn|16
|
|t:|1758304234
|switch|p2a: Scizor|Scizor, M|100/100
|move|p1a: Enamorus|Earth Power|p2a: Scizor
|-damage|p2a: Scizor|49/100
|
|upkeep
|turn|17
|
|t:|1758304247
|switch|p1a: Great Tusk|Great Tusk|100/100
|move|p2a: Scizor|Knock Off|p1a: Great Tusk
|-resisted|p1a: Great Tusk
|-damage|p1a: Great Tusk|90/100
|-enditem|p1a: Great Tusk|Leftovers|[from] move: Knock Off|[of] p2a: Scizor
|
|upkeep
|turn|18
|
|t:|1758304258
|switch|p2a: Landorus|Landorus-Therian, M|38/100
|-damage|p2a: Landorus|26/100|[from] Stealth Rock
|-ability|p2a: Landorus|Intimidate|boost
|-unboost|p1a: Great Tusk|atk|1
|move|p1a: Great Tusk|Bulk Up|p1a: Great Tusk
|-boost|p1a: Great Tusk|atk|1
|-boost|p1a: Great Tusk|def|1
|
|upkeep
|turn|19
|j| laluav
|inactive|khzz4 has 120 seconds left.
|inactive|khzz4 has 90 seconds left.
|
|t:|1758304333
|move|p2a: Landorus|Stealth Rock|p1a: Great Tusk
|-sidestart|p1: Dark★Shionツ|move: Stealth Rock
|move|p1a: Great Tusk|Bulk Up|p1a: Great Tusk
|-boost|p1a: Great Tusk|atk|1
|-boost|p1a: Great Tusk|def|1
|
|upkeep
|turn|20
|
|t:|1758304340
|move|p2a: Landorus|U-turn|p1a: Great Tusk
|-resisted|p1a: Great Tusk
|-damage|p1a: Great Tusk|87/100
|l| jojojony
|
|t:|1758304346
|switch|p2a: Latios|Latios, M|100/100|[from] U-turn
|-damage|p2a: Latios|88/100|[from] Stealth Rock
|move|p1a: Great Tusk|Rapid Spin|p2a: Latios
|-damage|p2a: Latios|60/100
|-boost|p1a: Great Tusk|spe|1
|-sideend|p1: Dark★Shionツ|Stealth Rock|[from] move: Rapid Spin|[of] p1a: Great Tusk
|
|upkeep
|turn|21
|
|t:|1758304355
|move|p1a: Great Tusk|Knock Off|p2a: Latios
|-supereffective|p2a: Latios
|-damage|p2a: Latios|0 fnt
|-enditem|p2a: Latios|Soul Dew|[from] move: Knock Off|[of] p1a: Great Tusk
|faint|p2a: Latios
|
|upkeep
|
|t:|1758304366
|switch|p2a: Pecharunt|Pecharunt|100/100
|turn|22
|c|☆Dark★Shionツ|gg
|c| Yedolcrack|Batalla eterna
|
|t:|1758304378
|move|p1a: Great Tusk|Earthquake|p2a: Pecharunt
|-supereffective|p2a: Pecharunt
|-damage|p2a: Pecharunt|20/100
|move|p2a: Pecharunt|Parting Shot|p1a: Great Tusk
|-unboost|p1a: Great Tusk|atk|1
|-unboost|p1a: Great Tusk|spa|1
|
|t:|1758304384
|switch|p2a: Samurott|Samurott-Hisui, F|40/100|[from] Parting Shot
|-damage|p2a: Samurott|28/100|[from] Stealth Rock
|-damage|p2a: Samurott|15/100|[from] Spikes
|
|upkeep
|turn|23
|l|☆Dark★Shionツ
|inactive|Dark★Shionツ disconnected and has a minute to reconnect!
|player|p1|
|inactive|Dark★Shionツ has 30 seconds to reconnect!
|inactive|Dark★Shionツ has 20 seconds to reconnect!
|inactive|Dark★Shionツ has 15 seconds to reconnect!
|inactive|Dark★Shionツ has 10 seconds to reconnect!
|j|☆Dark★Shionツ
|inactive|Dark★Shionツ reconnected and has 95 seconds left.
|player|p1|Dark★Shionツ|picnicker|
|
|t:|1758304444
|-terastallize|p1a: Great Tusk|Poison
|move|p2a: Samurott|Aqua Jet|p1a: Great Tusk
|-damage|p1a: Great Tusk|82/100
|move|p1a: Great Tusk|Bulk Up|p1a: Great Tusk
|-boost|p1a: Great Tusk|atk|1
|-boost|p1a: Great Tusk|def|1
|
|upkeep
|turn|24
|c|☆khzz4|gg
|inactive|khzz4 has 90 seconds left.
|-message|khzz4 forfeited.
|
|win|Dark★Shionツ
|n|☆khzz4|khzz4
|n| Yedolcrack|yedolcrack
|n| laluav|laluav
|n|☆Dark★Shionツ|darkshion
