|j|☆bugcatcherweevil
|j|☆luxgia
|t:|1758278793
|gametype|singles
|player|p1|bugcatcherweevil|2|1676
|player|p2|luxgia|byron|1708
|gen|9
|tier|[Gen 9] OU
|rated|
|rule|HP Percentage Mod: HP is shown in percentages
|rule|Endless Battle Clause: Forcing endless battles is banned
|rule|Species Clause: Limit one of each Pokémon
|rule|OHKO Clause: OHKO moves are banned
|rule|Evasion Items Clause: Evasion items are banned
|rule|Evasion Moves Clause: Evasion moves are banned
|rule|Evasion Abilities Clause: Evasion abilities are banned
|rule|Sleep Moves Clause: Sleep-inducing moves are banned
|clearpoke
|poke|p1|Dragapult, M|
|poke|p1|Glimmora, M|
|poke|p1|Comfey, M|
|poke|p1|Kingambit, F|
|poke|p1|Blaziken, M|
|poke|p1|Ogerpon-Wellspring, F|
|poke|p2|Iron Crown|
|poke|p2|Samurott-Hisui, F|
|poke|p2|Zapdos|
|poke|p2|Dragapult, F|
|poke|p2|Great Tusk|
|poke|p2|Iron Boulder|
|teampreview
|
|t:|1758278805
|teamsize|p1|6
|teamsize|p2|6
|start
|switch|p1a: Ogerpon|Ogerpon-Wellspring, F|100/100
|switch|p2a: Parasite|Dragapult, F|100/100
|turn|1
|
|t:|1758278815
|switch|p1a: Glimmora|Glimmora, M|100/100
|move|p2a: Parasite|U-turn|p1a: Glimmora
|-resisted|p1a: Glimmora
|-damage|p1a: Glimmora|89/100
|-activate|p1a: Glimmora|ability: Toxic Debris
|-sidestart|p2: luxgia|move: Toxic Spikes
|-enditem|p1a: Glimmora|Red Card|[of] p2a: Parasite
|drag|p2a: Revery|Iron Boulder|100/100
|-status|p2a: Revery|psn
|-enditem|p2a: Revery|Booster Energy
|-activate|p2a: Revery|ability: Quark Drive|[fromitem]
|-start|p2a: Revery|quarkdrivespe
|
|-damage|p2a: Revery|88/100 psn|[from] psn
|upkeep
|turn|2
|
|t:|1758278826
|switch|p1a: Comfey|Comfey, M|100/100
|move|p2a: Revery|Zen Headbutt|p1a: Comfey
|-damage|p1a: Comfey|51/100
|
|-damage|p2a: Revery|76/100 psn|[from] psn
|upkeep
|turn|3
|
|t:|1758278834
|switch|p1a: Kingambit|Kingambit, F|100/100
|move|p2a: Revery|Mighty Cleave|p1a: Kingambit
|-resisted|p1a: Kingambit
|-damage|p1a: Kingambit|83/100
|
|-heal|p1a: Kingambit|90/100|[from] item: Leftovers
|-damage|p2a: Revery|63/100 psn|[from] psn
|upkeep
|turn|4
|
|t:|1758278840
|-end|p2a: Revery|Quark Drive|[silent]
|switch|p2a: Pump It|Great Tusk|100/100
|move|p1a: Kingambit|Sucker Punch||[still]
|-fail|p1a: Kingambit
|
|-heal|p1a: Kingambit|96/100|[from] item: Leftovers
|upkeep
|turn|5
|
|t:|1758278849
|-end|p1a: Kingambit|fallenundefined|[silent]
|switch|p1a: Glimmora|Glimmora, M|89/100
|move|p2a: Pump It|Stealth Rock|p1a: Glimmora
|-sidestart|p1: bugcatcherweevil|move: Stealth Rock
|
|upkeep
|turn|6
|
|t:|1758278854
|-terastallize|p1a: Glimmora|Ghost
|move|p2a: Pump It|Headlong Rush|p1a: Glimmora
|-damage|p1a: Glimmora|40/100
|-unboost|p2a: Pump It|def|1
|-unboost|p2a: Pump It|spd|1
|-activate|p1a: Glimmora|ability: Toxic Debris
|-sidestart|p2: luxgia|move: Toxic Spikes
|move|p1a: Glimmora|Mortal Spin|p2a: Pump It
|-resisted|p2a: Pump It
|-damage|p2a: Pump It|97/100
|-status|p2a: Pump It|psn
|-sideend|p1: bugcatcherweevil|Stealth Rock|[from] move: Mortal Spin|[of] p1a: Glimmora
|
|-damage|p2a: Pump It|85/100 psn|[from] psn
|upkeep
|turn|7
|
|t:|1758278871
|move|p2a: Pump It|Stealth Rock|p1a: Glimmora
|-sidestart|p1: bugcatcherweevil|move: Stealth Rock
|move|p1a: Glimmora|Mortal Spin|p2a: Pump It
|-resisted|p2a: Pump It
|-damage|p2a: Pump It|82/100 psn
|-sideend|p1: bugcatcherweevil|Stealth Rock|[from] move: Mortal Spin|[of] p1a: Glimmora
|
|-damage|p2a: Pump It|69/100 psn|[from] psn
|upkeep
|turn|8
|
|t:|1758278879
|move|p2a: Pump It|Stealth Rock|p1a: Glimmora
|-sidestart|p1: bugcatcherweevil|move: Stealth Rock
|move|p1a: Glimmora|Mortal Spin|p2a: Pump It
|-resisted|p2a: Pump It
|-damage|p2a: Pump It|66/100 psn
|-sideend|p1: bugcatcherweevil|Stealth Rock|[from] move: Mortal Spin|[of] p1a: Glimmora
|
|-damage|p2a: Pump It|54/100 psn|[from] psn
|upkeep
|turn|9
|
|t:|1758278884
|-end|p2a: Pump It|Protosynthesis|[silent]
|switch|p2a: Mindreader|Iron Crown|100/100
|move|p1a: Glimmora|Mortal Spin|p2a: Mindreader
|-immune|p2a: Mindreader
|
|upkeep
|turn|10
|
|t:|1758278889
|switch|p1a: Ogerpon|Ogerpon-Wellspring, F|100/100
|move|p2a: Mindreader|Volt Switch|p1a: Ogerpon
|-damage|p1a: Ogerpon|56/100
|
|t:|1758278898
|-end|p2a: Mindreader|Quark Drive|[silent]
|switch|p2a: Revery|Iron Boulder|63/100 psn|[from] Volt Switch
|
|-damage|p2a: Revery|51/100 psn|[from] psn
|upkeep
|turn|11
|
|t:|1758278905
|switch|p1a: Kingambit|Kingambit, F|96/100
|move|p2a: Revery|Close Combat|p1a: Kingambit
|-supereffective|p1a: Kingambit
|-damage|p1a: Kingambit|0 fnt
|-unboost|p2a: Revery|def|1
|-unboost|p2a: Revery|spd|1
|faint|p1a: Kingambit
|-end|p1a: Kingambit|fallenundefined|[silent]
|
|-damage|p2a: Revery|38/100 psn|[from] psn
|upkeep
|
|t:|1758278907
|switch|p1a: Dragapult|Dragapult, M|100/100
|turn|12
|
|t:|1758278915
|move|p1a: Dragapult|Dragon Darts|p2a: Revery
|-damage|p2a: Revery|0 fnt
|faint|p2a: Revery
|-end|p2a: Revery|Quark Drive|[silent]
|-damage|p1a: Dragapult|91/100|[from] item: Life Orb
|
|upkeep
|
|t:|1758278924
|switch|p2a: Everytime We Touch|Samurott-Hisui, F|100/100
|-status|p2a: Everytime We Touch|tox
|turn|13
|
|t:|1758278937
|switch|p1a: Comfey|Comfey, M|51/100
|move|p2a: Everytime We Touch|Ceaseless Edge|p1a: Comfey
|-resisted|p1a: Comfey
|-damage|p1a: Comfey|25/100
|-sidestart|p1: bugcatcherweevil|Spikes
|
|-damage|p2a: Everytime We Touch|94/100 tox|[from] psn
|upkeep
|turn|14
|
|t:|1758278948
|switch|p2a: Mindreader|Iron Crown|100/100
|switch|p1a: Dragapult|Dragapult, M|91/100
|-damage|p1a: Dragapult|78/100|[from] Spikes
|
|upkeep
|turn|15
|
|t:|1758278973
|-terastallize|p2a: Mindreader|Steel
|move|p1a: Dragapult|Shadow Ball|p2a: Mindreader
|-damage|p2a: Mindreader|57/100
|-damage|p1a: Dragapult|69/100|[from] item: Life Orb
|move|p2a: Mindreader|Tachyon Cutter|p1a: Dragapult
|-damage|p1a: Dragapult|0 fnt
|faint|p1a: Dragapult
|-hitcount|p1: Dragapult|1
|
|upkeep
|
|t:|1758278985
|switch|p1a: Ogerpon|Ogerpon-Wellspring, F|56/100
|-damage|p1a: Ogerpon|44/100|[from] Spikes
|turn|16
|
|t:|1758278988
|-end|p2a: Mindreader|Quark Drive|[silent]
|switch|p2a: Hurikan|Zapdos|100/100
|move|p1a: Ogerpon|Ivy Cudgel|p2a: Hurikan|[anim] Ivy Cudgel Water
|-damage|p2a: Hurikan|61/100
|
|upkeep
|turn|17
|
|t:|1758279007
|move|p1a: Ogerpon|Spikes|p2a: Hurikan
|-sidestart|p2: luxgia|Spikes
|move|p2a: Hurikan|Discharge|p1a: Ogerpon
|-damage|p1a: Ogerpon|8/100
|
|upkeep
|turn|18
|j| wgw2333
|
|t:|1758279013
|move|p1a: Ogerpon|Ivy Cudgel|p2a: Hurikan|[anim] Ivy Cudgel Water
|-crit|p2a: Hurikan
|-damage|p2a: Hurikan|0 fnt
|faint|p2a: Hurikan
|
|upkeep
|
|t:|1758279019
|switch|p2a: Everytime We Touch|Samurott-Hisui, F|94/100 tox
|-damage|p2a: Everytime We Touch|82/100 tox|[from] Spikes
|turn|19
|
|t:|1758279031
|move|p2a: Everytime We Touch|Ceaseless Edge|p1a: Ogerpon|[miss]
|-miss|p2a: Everytime We Touch|p1a: Ogerpon
|move|p1a: Ogerpon|U-turn|p2a: Everytime We Touch
|-supereffective|p2a: Everytime We Touch
|-damage|p2a: Everytime We Touch|15/100 tox
|
|t:|1758279038
|switch|p1a: Blaziken|Blaziken, M|100/100|[from] U-turn
|-damage|p1a: Blaziken|88/100|[from] Spikes
|
|-damage|p2a: Everytime We Touch|8/100 tox|[from] psn
|upkeep
|turn|20
|
|t:|1758279048
|switch|p2a: Parasite|Dragapult, F|100/100
|-status|p2a: Parasite|tox
|-damage|p2a: Parasite|88/100 tox|[from] Spikes
|move|p1a: Blaziken|Protect||[still]
|-fail|p1a: Blaziken
|
|-damage|p2a: Parasite|82/100 tox|[from] psn
|-ability|p1a: Blaziken|Speed Boost|boost
|-boost|p1a: Blaziken|spe|1
|upkeep
|turn|21
|
|t:|1758279058
|move|p1a: Blaziken|Protect|p1a: Blaziken
|-singleturn|p1a: Blaziken|Protect
|move|p2a: Parasite|Dragon Darts|p1a: Blaziken
|-activate|p1a: Blaziken|move: Protect
|
|-damage|p2a: Parasite|70/100 tox|[from] psn
|-ability|p1a: Blaziken|Speed Boost|boost
|-boost|p1a: Blaziken|spe|1
|upkeep
|turn|22
|
|t:|1758279066
|move|p1a: Blaziken|Knock Off|p2a: Parasite
|-supereffective|p2a: Parasite
|-damage|p2a: Parasite|0 fnt
|-enditem|p2a: Parasite|Choice Band|[from] move: Knock Off|[of] p1a: Blaziken
|faint|p2a: Parasite
|-damage|p1a: Blaziken|78/100|[from] item: Life Orb
|
|-ability|p1a: Blaziken|Speed Boost|boost
|-boost|p1a: Blaziken|spe|1
|upkeep
|
|t:|1758279077
|switch|p2a: Pump It|Great Tusk|54/100 psn
|turn|23
|
|t:|1758279082
|move|p1a: Blaziken|Protect|p1a: Blaziken
|-singleturn|p1a: Blaziken|Protect
|move|p2a: Pump It|Headlong Rush|p1a: Blaziken
|-activate|p1a: Blaziken|move: Protect
|
|-damage|p2a: Pump It|41/100 psn|[from] psn
|-ability|p1a: Blaziken|Speed Boost|boost
|-boost|p1a: Blaziken|spe|1
|upkeep
|turn|24
|
|t:|1758279093
|move|p1a: Blaziken|Flare Blitz|p2a: Pump It
|-damage|p2a: Pump It|0 fnt
|faint|p2a: Pump It
|-end|p2a: Pump It|Protosynthesis|[silent]
|-damage|p1a: Blaziken|62/100|[from] Recoil
|-damage|p1a: Blaziken|52/100|[from] item: Life Orb
|
|-ability|p1a: Blaziken|Speed Boost|boost
|-boost|p1a: Blaziken|spe|1
|upkeep
|
|t:|1758279096
|switch|p2a: Mindreader|Iron Crown, tera:Steel|57/100
|-damage|p2a: Mindreader|44/100|[from] Spikes
|turn|25
|
|t:|1758279103
|move|p1a: Blaziken|Flare Blitz|p2a: Mindreader
|-supereffective|p2a: Mindreader
|-damage|p2a: Mindreader|0 fnt
|faint|p2a: Mindreader
|-end|p2a: Mindreader|Quark Drive|[silent]
|-damage|p1a: Blaziken|36/100|[from] Recoil
|-damage|p1a: Blaziken|26/100|[from] item: Life Orb
|
|-ability|p1a: Blaziken|Speed Boost|boost
|-boost|p1a: Blaziken|spe|1
|upkeep
|-message|luxgia forfeited.
|
|win|bugcatcherweevil
|raw|bugcatcherweevil's rating: 1676 &rarr; <strong>1698</strong><br />(+22 for winning)
|raw|luxgia's rating: 1708 &rarr; <strong>1686</strong><br />(-22 for losing)
|l|☆luxgia
|player|p2|
