|j|☆AureoXS
|j|☆MagikarpMagnet0
|t:|1758301033
|gametype|singles
|player|p1|AureoXS|miku-ground|1161
|player|p2|MagikarpMagnet0|2|1166
|gen|9
|tier|[Gen 9] OU
|rated|
|rule|HP Percentage Mod: HP is shown in percentages
|rule|Endless Battle Clause: Forcing endless battles is banned
|rule|Species Clause: Limit one of each Pokémon
|rule|OHKO Clause: OHKO moves are banned
|rule|Evasion Items Clause: Evasion items are banned
|rule|Evasion Moves Clause: Evasion moves are banned
|rule|Evasion Abilities Clause: Evasion abilities are banned
|rule|Sleep Moves Clause: Sleep-inducing moves are banned
|clearpoke
|poke|p1|Garganacl, M|
|poke|p1|Kyurem|
|poke|p1|Weezing-Galar, F|
|poke|p1|Zamazenta-*|
|poke|p1|Landorus-Therian, M|
|poke|p1|Gholdengo|
|poke|p2|Scrafty, M|
|poke|p2|Bisharp, F|
|poke|p2|Luxray, M|
|poke|p2|Necrozma|
|poke|p2|Chesnaught, F|
|poke|p2|Floatzel, F|
|teampreview
|inactive|Battle timer is ON: inactive players will automatically lose when time's up. (requested by AureoXS)
|
|t:|1758301048
|teamsize|p1|6
|teamsize|p2|6
|start
|switch|p1a: Landorus|Landorus-Therian, M|100/100
|switch|p2a: Bisharp|Bisharp, F|100/100
|-ability|p1a: Landorus|Intimidate|boost
|-unboost|p2a: Bisharp|atk|1
|-ability|p2a: Bisharp|Defiant|boost
|-boost|p2a: Bisharp|atk|2
|turn|1
|
|t:|1758301061
|-terastallize|p2a: Bisharp|Ghost
|move|p1a: Landorus|Earthquake|p2a: Bisharp
|-damage|p2a: Bisharp|58/100
|move|p2a: Bisharp|Stealth Rock|p1a: Landorus
|-sidestart|p1: AureoXS|move: Stealth Rock
|
|upkeep
|turn|2
|
|t:|1758301069
|move|p1a: Landorus|Earthquake|p2a: Bisharp
|-damage|p2a: Bisharp|21/100
|move|p2a: Bisharp|Iron Head|p1a: Landorus
|-damage|p1a: Landorus|24/100
|
|upkeep
|turn|3
|
|t:|1758301077
|switch|p1a: Zamazenta|Zamazenta|100/100
|-damage|p1a: Zamazenta|94/100|[from] Stealth Rock
|-ability|p1a: Zamazenta|Dauntless Shield|boost
|-boost|p1a: Zamazenta|def|1
|move|p2a: Bisharp|Sucker Punch||[still]
|-fail|p2a: Bisharp
|
|-heal|p1a: Zamazenta|100/100|[from] item: Leftovers
|upkeep
|turn|4
|
|t:|1758301098
|switch|p2a: Necrozma|Necrozma|100/100
|move|p1a: Zamazenta|Crunch|p2a: Necrozma
|-supereffective|p2a: Necrozma
|-damage|p2a: Necrozma|73/100
|
|upkeep
|turn|5
|
|t:|1758301111
|switch|p1a: Garganacl|Garganacl, M|100/100
|-damage|p1a: Garganacl|88/100|[from] Stealth Rock
|move|p2a: Necrozma|Meteor Beam||[still]
|-prepare|p2a: Necrozma|Meteor Beam
|-boost|p2a: Necrozma|spa|1
|-enditem|p2a: Necrozma|Power Herb
|-anim|p2a: Necrozma|Meteor Beam|p1a: Garganacl
|-damage|p1a: Garganacl|43/100
|
|-heal|p1a: Garganacl|50/100|[from] item: Leftovers
|upkeep
|turn|6
|inactive|AureoXS has 120 seconds left.
|
|t:|1758301150
|move|p1a: Garganacl|Protect|p1a: Garganacl
|-singleturn|p1a: Garganacl|Protect
|move|p2a: Necrozma|Earth Power|p1a: Garganacl
|-activate|p1a: Garganacl|move: Protect
|
|-heal|p1a: Garganacl|56/100|[from] item: Leftovers
|upkeep
|turn|7
|
|t:|1758301160
|switch|p1a: Gholdengo|Gholdengo|100/100
|-damage|p1a: Gholdengo|94/100|[from] Stealth Rock
|-item|p1a: Gholdengo|Air Balloon
|move|p2a: Necrozma|Earth Power|p1a: Gholdengo
|-immune|p1a: Gholdengo
|
|upkeep
|turn|8
|
|t:|1758301170
|move|p1a: Gholdengo|Thunder Wave|p2a: Necrozma
|-status|p2a: Necrozma|par
|move|p2a: Necrozma|Psychic|p1a: Gholdengo
|-resisted|p1a: Gholdengo
|-damage|p1a: Gholdengo|56/100
|-enditem|p1a: Gholdengo|Air Balloon
|
|upkeep
|turn|9
|inactive|AureoXS has 120 seconds left.
|
|t:|1758301179
|move|p1a: Gholdengo|Hex|p2a: Necrozma
|-supereffective|p2a: Necrozma
|-damage|p2a: Necrozma|0 fnt
|faint|p2a: Necrozma
|
|upkeep
|
|t:|1758301185
|switch|p2a: Luxray|Luxray, M|100/100
|turn|10
|
|t:|1758301199
|switch|p1a: Landorus|Landorus-Therian, M|24/100
|-damage|p1a: Landorus|12/100|[from] Stealth Rock
|-ability|p1a: Landorus|Intimidate|boost
|-unboost|p2a: Luxray|atk|1
|move|p2a: Luxray|Trailblaze|p1a: Landorus
|-damage|p1a: Landorus|0 fnt
|-boost|p2a: Luxray|spe|1
|faint|p1a: Landorus
|
|-status|p2a: Luxray|brn|[from] item: Flame Orb
|upkeep
|inactive|AureoXS has 120 seconds left.
|
|t:|1758301212
|switch|p1a: Weezing|Weezing-Galar, F|100/100
|-ability|p1a: Weezing|Neutralizing Gas
|turn|11
|
|t:|1758301230
|move|p2a: Luxray|Supercell Slam|p1a: Weezing
|-damage|p1a: Weezing|88/100
|move|p1a: Weezing|Defog|p2a: Luxray
|-unboost|p2a: Luxray|evasion|1
|-sideend|p1: AureoXS|Stealth Rock|[from] move: Defog|[of] p1a: Weezing
|
|-damage|p2a: Luxray|95/100 brn|[from] brn
|upkeep
|turn|12
|
|t:|1758301242
|switch|p2a: Scrafty|Scrafty, M|100/100
|move|p1a: Weezing|Sludge Bomb|p2a: Scrafty
|-damage|p2a: Scrafty|85/100
|
|upkeep
|turn|13
|
|t:|1758301248
|move|p1a: Weezing|Sludge Bomb|p2a: Scrafty
|-damage|p2a: Scrafty|70/100
|move|p2a: Scrafty|Knock Off|p1a: Weezing
|-resisted|p1a: Weezing
|-damage|p1a: Weezing|78/100
|-enditem|p1a: Weezing|Heavy-Duty Boots|[from] move: Knock Off|[of] p2a: Scrafty
|
|upkeep
|turn|14
|
|t:|1758301262
|switch|p2a: Floatzel|Floatzel, F|100/100
|move|p1a: Weezing|Sludge Bomb|p2a: Floatzel
|-damage|p2a: Floatzel|51/100
|
|upkeep
|turn|15
|
|t:|1758301270
|move|p2a: Floatzel|Wave Crash|p1a: Weezing
|-damage|p1a: Weezing|29/100
|-damage|p2a: Floatzel|34/100|[from] Recoil
|move|p1a: Weezing|Sludge Bomb|p2a: Floatzel
|-crit|p2a: Floatzel
|-damage|p2a: Floatzel|0 fnt
|faint|p2a: Floatzel
|
|upkeep
|
|t:|1758301279
|switch|p2a: Bisharp|Bisharp, F, tera:Ghost|21/100
|turn|16
|
|t:|1758301283
|move|p2a: Bisharp|Iron Head|p1a: Weezing
|-supereffective|p1a: Weezing
|-crit|p1a: Weezing
|-damage|p1a: Weezing|0 fnt
|faint|p1a: Weezing
|-end|p1a: Weezing|ability: Neutralizing Gas
|
|upkeep
|
|t:|1758301291
|switch|p1a: Zamazenta|Zamazenta|100/100
|turn|17
|
|t:|1758301297
|move|p1a: Zamazenta|Iron Defense|p1a: Zamazenta
|-boost|p1a: Zamazenta|def|2
|move|p2a: Bisharp|Iron Head|p1a: Zamazenta
|-damage|p1a: Zamazenta|83/100
|
|-heal|p1a: Zamazenta|89/100|[from] item: Leftovers
|upkeep
|turn|18
|
|t:|1758301304
|move|p1a: Zamazenta|Iron Defense|p1a: Zamazenta
|-boost|p1a: Zamazenta|def|2
|move|p2a: Bisharp|Stealth Rock|p1a: Zamazenta
|-sidestart|p1: AureoXS|move: Stealth Rock
|
|-heal|p1a: Zamazenta|95/100|[from] item: Leftovers
|upkeep
|turn|19
|
|t:|1758301310
|switch|p2a: Chesnaught|Chesnaught, F|100/100
|move|p1a: Zamazenta|Iron Defense|p1a: Zamazenta
|-boost|p1a: Zamazenta|def|2
|
|-heal|p1a: Zamazenta|100/100|[from] item: Leftovers
|upkeep
|turn|20
|
|t:|1758301319
|move|p2a: Chesnaught|Spiky Shield|p2a: Chesnaught
|-singleturn|p2a: Chesnaught|move: Protect
|move|p1a: Zamazenta|Body Press|p2a: Chesnaught
|-activate|p2a: Chesnaught|move: Protect
|-damage|p1a: Zamazenta|88/100|[from] Spiky Shield|[of] p2a: Chesnaught
|
|-heal|p1a: Zamazenta|94/100|[from] item: Leftovers
|upkeep
|turn|21
|
|t:|1758301327
|move|p1a: Zamazenta|Body Press|p2a: Chesnaught
|-damage|p2a: Chesnaught|16/100
|move|p2a: Chesnaught|Leech Seed|p1a: Zamazenta
|-start|p1a: Zamazenta|move: Leech Seed
|
|-heal|p1a: Zamazenta|100/100|[from] item: Leftovers
|-heal|p2a: Chesnaught|22/100|[from] item: Leftovers
|-damage|p1a: Zamazenta|88/100|[from] Leech Seed|[of] p2a: Chesnaught
|-heal|p2a: Chesnaught|35/100|[silent]
|upkeep
|turn|22
|
|t:|1758301335
|move|p2a: Chesnaught|Spiky Shield|p2a: Chesnaught
|-singleturn|p2a: Chesnaught|move: Protect
|move|p1a: Zamazenta|Body Press|p2a: Chesnaught
|-activate|p2a: Chesnaught|move: Protect
|-damage|p1a: Zamazenta|76/100|[from] Spiky Shield|[of] p2a: Chesnaught
|
|-heal|p1a: Zamazenta|82/100|[from] item: Leftovers
|-heal|p2a: Chesnaught|41/100|[from] item: Leftovers
|-damage|p1a: Zamazenta|70/100|[from] Leech Seed|[of] p2a: Chesnaught
|-heal|p2a: Chesnaught|53/100|[silent]
|upkeep
|turn|23
|
|t:|1758301346
|switch|p2a: Bisharp|Bisharp, F, tera:Ghost|21/100
|move|p1a: Zamazenta|Body Press|p2a: Bisharp
|-immune|p2a: Bisharp
|
|-heal|p1a: Zamazenta|76/100|[from] item: Leftovers
|-damage|p1a: Zamazenta|63/100|[from] Leech Seed|[of] p2a: Bisharp
|-heal|p2a: Bisharp|35/100|[silent]
|upkeep
|turn|24
|
|t:|1758301361
|move|p1a: Zamazenta|Crunch|p2a: Bisharp
|-supereffective|p2a: Bisharp
|-damage|p2a: Bisharp|4/100
|move|p2a: Bisharp|Low Kick|p1a: Zamazenta
|-damage|p1a: Zamazenta|56/100
|
|-heal|p1a: Zamazenta|62/100|[from] item: Leftovers
|-damage|p1a: Zamazenta|49/100|[from] Leech Seed|[of] p2a: Bisharp
|-heal|p2a: Bisharp|18/100|[silent]
|upkeep
|turn|25
|
|t:|1758301372
|move|p1a: Zamazenta|Crunch|p2a: Bisharp
|-supereffective|p2a: Bisharp
|-damage|p2a: Bisharp|0 fnt
|faint|p2a: Bisharp
|
|-heal|p1a: Zamazenta|56/100|[from] item: Leftovers
|upkeep
|
|t:|1758301377
|switch|p2a: Chesnaught|Chesnaught, F|53/100
|turn|26
|
|t:|1758301381
|move|p2a: Chesnaught|Spiky Shield|p2a: Chesnaught
|-singleturn|p2a: Chesnaught|move: Protect
|move|p1a: Zamazenta|Body Press|p2a: Chesnaught
|-activate|p2a: Chesnaught|move: Protect
|-damage|p1a: Zamazenta|43/100|[from] Spiky Shield|[of] p2a: Chesnaught
|
|-heal|p1a: Zamazenta|49/100|[from] item: Leftovers
|-heal|p2a: Chesnaught|59/100|[from] item: Leftovers
|-damage|p1a: Zamazenta|37/100|[from] Leech Seed|[of] p2a: Chesnaught
|-heal|p2a: Chesnaught|72/100|[silent]
|upkeep
|turn|27
|
|t:|1758301394
|move|p2a: Chesnaught|Spiky Shield|p2a: Chesnaught
|-singleturn|p2a: Chesnaught|move: Protect
|move|p1a: Zamazenta|Body Press|p2a: Chesnaught
|-activate|p2a: Chesnaught|move: Protect
|-damage|p1a: Zamazenta|25/100|[from] Spiky Shield|[of] p2a: Chesnaught
|
|-heal|p1a: Zamazenta|31/100|[from] item: Leftovers
|-heal|p2a: Chesnaught|78/100|[from] item: Leftovers
|-damage|p1a: Zamazenta|19/100|[from] Leech Seed|[of] p2a: Chesnaught
|-heal|p2a: Chesnaught|91/100|[silent]
|upkeep
|turn|28
|
|t:|1758301406
|move|p1a: Zamazenta|Body Press|p2a: Chesnaught
|-damage|p2a: Chesnaught|0 fnt
|faint|p2a: Chesnaught
|
|-heal|p1a: Zamazenta|25/100|[from] item: Leftovers
|upkeep
|
|t:|1758301413
|switch|p2a: Luxray|Luxray, M|95/100 brn
|turn|29
|
|t:|1758301417
|move|p1a: Zamazenta|Body Press|p2a: Luxray
|-damage|p2a: Luxray|0 fnt
|faint|p2a: Luxray
|
|-heal|p1a: Zamazenta|31/100|[from] item: Leftovers
|upkeep
|-message|MagikarpMagnet0 forfeited.
|
|win|AureoXS
|raw|AureoXS's rating: 1189 &rarr; <strong>1212</strong><br />(+23 for winning)
|raw|MagikarpMagnet0's rating: 1166 &rarr; <strong>1143</strong><br />(-23 for losing)
|l|☆MagikarpMagnet0
|player|p2|
|l|☆AureoXS
|player|p1|
