|j|☆jgtyfkyk
|j|☆Ruby876
|t:|1758374078
|gametype|singles
|player|p1|jgtyfkyk|102|1066
|player|p2|Ruby876|169|1132
|gen|9
|tier|[Gen 9] OU
|rated|
|rule|HP Percentage Mod: HP is shown in percentages
|rule|Endless Battle Clause: Forcing endless battles is banned
|rule|Species Clause: Limit one of each Pokémon
|rule|OHKO Clause: OHKO moves are banned
|rule|Evasion Items Clause: Evasion items are banned
|rule|Evasion Moves Clause: Evasion moves are banned
|rule|Evasion Abilities Clause: Evasion abilities are banned
|rule|Sleep Moves Clause: Sleep-inducing moves are banned
|clearpoke
|poke|p1|Hitmontop, M|
|poke|p1|Ariados, F|
|poke|p1|Haunter, F|
|poke|p1|Moltres-Galar|
|poke|p1|Iron Hands|
|poke|p1|Cyclizar, M|
|poke|p2|Dragonite, F|
|poke|p2|Comfey, F|
|poke|p2|Iron Crown|
|poke|p2|Kingambit, F|
|poke|p2|Dondozo, M|
|poke|p2|Hoopa-Unbound|
|teampreview
|
|t:|1758374093
|teamsize|p1|6
|teamsize|p2|6
|start
|switch|p1a: Ariados|Ariados, F|100/100
|switch|p2a: Iron Crown|Iron Crown|100/100
|-enditem|p2a: Iron Crown|Booster Energy
|-activate|p2a: Iron Crown|ability: Quark Drive|[fromitem]
|-start|p2a: Iron Crown|quarkdrivespa
|turn|1
|
|t:|1758374101
|move|p2a: Iron Crown|Psychic|p1a: Ariados
|-supereffective|p1a: Ariados
|-enditem|p1a: Ariados|Focus Sash
|-damage|p1a: Ariados|1/100
|move|p1a: Ariados|Sticky Web|p2a: Iron Crown
|-sidestart|p2: Ruby876|move: Sticky Web
|
|upkeep
|turn|2
|
|t:|1758374107
|switch|p1a: Moltres|Moltres-Galar|100/100
|move|p2a: Iron Crown|Psychic|p1a: Moltres
|-immune|p1a: Moltres
|
|upkeep
|turn|3
|
|t:|1758374116
|-terastallize|p2a: Iron Crown|Flying
|move|p2a: Iron Crown|Tera Blast|p1a: Moltres|[anim] Tera Blast Flying
|-damage|p1a: Moltres|60/100
|move|p1a: Moltres|Hurricane|p2a: Iron Crown
|-damage|p2a: Iron Crown|33/100
|
|upkeep
|turn|4
|
|t:|1758374139
|-end|p2a: Iron Crown|Quark Drive|[silent]
|switch|p2a: Kingambit|Kingambit, F|100/100
|-activate|p2a: Kingambit|move: Sticky Web
|-unboost|p2a: Kingambit|spe|1
|-ability|p2a: Kingambit|Defiant|boost
|-boost|p2a: Kingambit|atk|2
|move|p1a: Moltres|Fiery Wrath|p2a: Kingambit
|-resisted|p2a: Kingambit
|-damage|p2a: Kingambit|81/100
|
|upkeep
|turn|5
|
|t:|1758374163
|switch|p1a: Ariados|Ariados, F|1/100
|move|p2a: Kingambit|Swords Dance|p2a: Kingambit
|-boost|p2a: Kingambit|atk|2
|
|upkeep
|turn|6
|
|t:|1758374176
|move|p1a: Ariados|Leech Life|p2a: Kingambit
|-damage|p2a: Kingambit|59/100
|-heal|p1a: Ariados|15/100|[from] drain|[of] p2a: Kingambit
|move|p2a: Kingambit|Iron Head|p1a: Ariados
|-damage|p1a: Ariados|0 fnt
|faint|p1a: Ariados
|
|upkeep
|
|t:|1758374183
|switch|p1a: Iron Hands|Iron Hands|100/100
|turn|7
|
|t:|1758374197
|move|p1a: Iron Hands|Drain Punch|p2a: Kingambit
|-supereffective|p2a: Kingambit
|-damage|p2a: Kingambit|0 fnt
|faint|p2a: Kingambit
|
|upkeep
|
|t:|1758374206
|switch|p2a: Dondozo|Dondozo, M|100/100
|-activate|p2a: Dondozo|move: Sticky Web
|-unboost|p2a: Dondozo|spe|1
|turn|8
|
|t:|1758374215
|move|p1a: Iron Hands|Thunder Punch|p2a: Dondozo
|-supereffective|p2a: Dondozo
|-damage|p2a: Dondozo|52/100
|move|p2a: Dondozo|Wave Crash|p1a: Iron Hands
|-damage|p1a: Iron Hands|53/100
|-damage|p2a: Dondozo|37/100|[from] Recoil
|
|-heal|p1a: Iron Hands|59/100|[from] item: Leftovers
|upkeep
|turn|9
|l|☆Ruby876
|player|p2|
|inactive|Battle timer is ON: inactive players will automatically lose when time's up. (requested by jgtyfkyk)
|inactive|Ruby876 has 30 seconds to reconnect!
|inactive|Ruby876 has 20 seconds to reconnect!
|inactive|Ruby876 has 15 seconds to reconnect!
|inactive|Ruby876 has 10 seconds to reconnect!
|inactive|Ruby876 has 5 seconds to reconnect!
|-message|Ruby876 lost due to inactivity.
|
|win|jgtyfkyk
|raw|jgtyfkyk's rating: 1066 &rarr; <strong>1102</strong><br />(+36 for winning)
|raw|Ruby876's rating: 1132 &rarr; <strong>1102</strong><br />(-30 for losing)
