|j|☆Fawrr
|j|☆Campyy
|t:|1758248105
|gametype|singles
|player|p1|Fawrr|ruinmaniac|1043
|player|p2|Campyy|102|1056
|gen|9
|tier|[Gen 9] OU
|rated|
|rule|HP Percentage Mod: HP is shown in percentages
|rule|Endless Battle Clause: Forcing endless battles is banned
|rule|Species Clause: Limit one of each Pokémon
|rule|OHKO Clause: OHKO moves are banned
|rule|Evasion Items Clause: Evasion items are banned
|rule|Evasion Moves Clause: Evasion moves are banned
|rule|Evasion Abilities Clause: Evasion abilities are banned
|rule|Sleep Moves Clause: Sleep-inducing moves are banned
|clearpoke
|poke|p1|Samurott-Hisui, M|
|poke|p1|Gholdengo|
|poke|p1|Hatterene, F|
|poke|p1|Scizor, F|
|poke|p1|Moltres|
|poke|p1|Weezing-Galar, F|
|poke|p2|Tyranitar, M|
|poke|p2|Excadrill, M|
|poke|p2|Kingambit, F|
|poke|p2|Garchomp, M|
|poke|p2|Pecharunt|
|poke|p2|Rotom-Wash|
|teampreview
|inactive|Battle timer is ON: inactive players will automatically lose when time's up. (requested by Campyy)
|
|t:|1758248118
|teamsize|p1|6
|teamsize|p2|6
|start
|switch|p1a: Weezing|Weezing-Galar, F|100/100
|switch|p2a: Rotom|Rotom-Wash|100/100
|turn|1
|
|t:|1758248122
|move|p2a: Rotom|Volt Switch|p1a: Weezing
|-damage|p1a: Weezing|78/100
|
|t:|1758248126
|switch|p2a: Pecharunt|Pecharunt|100/100|[from] Volt Switch
|-item|p2a: Pecharunt|Air Balloon
|move|p1a: Weezing|Gunk Shot|p2a: Pecharunt|[miss]
|-miss|p1a: Weezing|p2a: Pecharunt
|
|-heal|p1a: Weezing|84/100|[from] item: Leftovers
|upkeep
|turn|2
|
|t:|1758248144
|switch|p1a: Samurott|Samurott-Hisui, M|100/100
|move|p2a: Pecharunt|Parting Shot|p1a: Samurott
|-unboost|p1a: Samurott|atk|1
|-unboost|p1a: Samurott|spa|1
|
|t:|1758248148
|switch|p2a: Rotom|Rotom-Wash|100/100|[from] Parting Shot
|
|upkeep
|turn|3
|
|t:|1758248154
|switch|p1a: Hatterene|Hatterene, F|100/100
|move|p2a: Rotom|Volt Switch|p1a: Hatterene
|-damage|p1a: Hatterene|81/100
|
|t:|1758248161
|switch|p2a: Tyranitar|Tyranitar, M|100/100|[from] Volt Switch
|-weather|Sandstorm|[from] ability: Sand Stream|[of] p2a: Tyranitar
|
|-weather|Sandstorm|[upkeep]
|-damage|p1a: Hatterene|75/100|[from] Sandstorm
|-heal|p1a: Hatterene|81/100|[from] item: Leftovers
|upkeep
|turn|4
|
|t:|1758248167
|switch|p2a: Pecharunt|Pecharunt|100/100
|-item|p2a: Pecharunt|Air Balloon
|move|p1a: Hatterene|Draining Kiss|p2a: Pecharunt
|-resisted|p2a: Pecharunt
|-damage|p2a: Pecharunt|89/100
|-heal|p1a: Hatterene|91/100|[from] drain|[of] p2a: Pecharunt
|-enditem|p2a: Pecharunt|Air Balloon
|
|-weather|Sandstorm|[upkeep]
|-damage|p2a: Pecharunt|83/100|[from] Sandstorm
|-damage|p1a: Hatterene|85/100|[from] Sandstorm
|-heal|p1a: Hatterene|91/100|[from] item: Leftovers
|upkeep
|turn|5
|
|t:|1758248169
|move|p2a: Pecharunt|Malignant Chain|p1a: Hatterene
|-supereffective|p1a: Hatterene
|-crit|p1a: Hatterene
|-damage|p1a: Hatterene|17/100
|move|p1a: Hatterene|Psychic|p2a: Pecharunt
|-supereffective|p2a: Pecharunt
|-damage|p2a: Pecharunt|0 fnt
|faint|p2a: Pecharunt
|
|-weather|Sandstorm|[upkeep]
|-damage|p1a: Hatterene|11/100|[from] Sandstorm
|-heal|p1a: Hatterene|17/100|[from] item: Leftovers
|upkeep
|
|t:|1758248176
|switch|p2a: Excadrill|Excadrill, M|100/100
|turn|6
|
|t:|1758248185
|move|p2a: Excadrill|Rock Slide|p1a: Hatterene
|-damage|p1a: Hatterene|0 fnt
|faint|p1a: Hatterene
|-damage|p2a: Excadrill|91/100|[from] item: Life Orb
|
|-weather|Sandstorm|[upkeep]
|upkeep
|
|t:|1758248195
|switch|p1a: Samurott|Samurott-Hisui, M|100/100
|turn|7
|
|t:|1758248200
|switch|p2a: Rotom|Rotom-Wash|100/100
|move|p1a: Samurott|Razor Shell|p2a: Rotom
|-resisted|p2a: Rotom
|-damage|p2a: Rotom|81/100
|-unboost|p2a: Rotom|def|1
|
|-weather|Sandstorm|[upkeep]
|-damage|p1a: Samurott|94/100|[from] Sandstorm
|-damage|p2a: Rotom|75/100|[from] Sandstorm
|-heal|p2a: Rotom|81/100|[from] item: Leftovers
|upkeep
|turn|8
|
|t:|1758248210
|switch|p1a: Weezing|Weezing-Galar, F|84/100
|move|p2a: Rotom|Volt Switch|p1a: Weezing
|-damage|p1a: Weezing|60/100
|
|t:|1758248222
|switch|p2a: Garchomp|Garchomp, M|100/100|[from] Volt Switch
|
|-weather|Sandstorm|[upkeep]
|-damage|p1a: Weezing|54/100|[from] Sandstorm
|-heal|p1a: Weezing|60/100|[from] item: Leftovers
|upkeep
|turn|9
|
|t:|1758248227
|move|p2a: Garchomp|Earthquake|p1a: Weezing
|-immune|p1a: Weezing|[from] ability: Levitate
|move|p1a: Weezing|Pain Split|p2a: Garchomp
|-sethp|p2a: Garchomp|78/100|[from] move: Pain Split|[silent]
|-sethp|p1a: Weezing|83/100|[from] move: Pain Split
|
|-weather|Sandstorm|[upkeep]
|-damage|p1a: Weezing|77/100|[from] Sandstorm
|-heal|p1a: Weezing|83/100|[from] item: Leftovers
|upkeep
|turn|10
|
|t:|1758248234
|switch|p2a: Tyranitar|Tyranitar, M|100/100
|move|p1a: Weezing|Strange Steam|p2a: Tyranitar
|-supereffective|p2a: Tyranitar
|-damage|p2a: Tyranitar|77/100
|
|-weather|none
|-heal|p1a: Weezing|89/100|[from] item: Leftovers
|upkeep
|turn|11
|
|t:|1758248240
|move|p2a: Tyranitar|Stealth Rock|p1a: Weezing
|-sidestart|p1: Fawrr|move: Stealth Rock
|move|p1a: Weezing|Will-O-Wisp|p2a: Tyranitar
|-status|p2a: Tyranitar|brn
|
|-heal|p1a: Weezing|95/100|[from] item: Leftovers
|-damage|p2a: Tyranitar|71/100 brn|[from] brn
|upkeep
|turn|12
|
|t:|1758248244
|move|p2a: Tyranitar|Knock Off|p1a: Weezing
|-resisted|p1a: Weezing
|-damage|p1a: Weezing|86/100
|-enditem|p1a: Weezing|Leftovers|[from] move: Knock Off|[of] p2a: Tyranitar
|move|p1a: Weezing|Strange Steam|p2a: Tyranitar
|-supereffective|p2a: Tyranitar
|-damage|p2a: Tyranitar|39/100 brn
|-start|p2a: Tyranitar|confusion
|
|-damage|p2a: Tyranitar|33/100 brn|[from] brn
|upkeep
|turn|13
|
|t:|1758248252
|switch|p2a: Kingambit|Kingambit, F|100/100
|-activate|p2a: Kingambit|ability: Supreme Overlord
|-start|p2a: Kingambit|fallen1|[silent]
|move|p1a: Weezing|Strange Steam|p2a: Kingambit
|-crit|p2a: Kingambit
|-damage|p2a: Kingambit|55/100
|
|upkeep
|turn|14
|
|t:|1758248257
|-terastallize|p1a: Weezing|Poison
|move|p2a: Kingambit|Iron Head|p1a: Weezing
|-damage|p1a: Weezing|37/100
|move|p1a: Weezing|Will-O-Wisp|p2a: Kingambit
|-status|p2a: Kingambit|brn
|
|-damage|p2a: Kingambit|49/100 brn|[from] brn
|upkeep
|turn|15
|
|t:|1758248272
|-end|p2a: Kingambit|fallen1|[silent]
|switch|p2a: Rotom|Rotom-Wash|81/100
|move|p1a: Weezing|Pain Split|p2a: Rotom
|-sethp|p2a: Rotom|60/100|[from] move: Pain Split|[silent]
|-sethp|p1a: Weezing|55/100|[from] move: Pain Split
|
|-heal|p2a: Rotom|67/100|[from] item: Leftovers
|upkeep
|turn|16
|
|t:|1758248279
|switch|p1a: Scizor|Scizor, F|100/100
|-damage|p1a: Scizor|88/100|[from] Stealth Rock
|move|p2a: Rotom|Hydro Pump|p1a: Scizor
|-damage|p1a: Scizor|39/100
|
|-heal|p2a: Rotom|73/100|[from] item: Leftovers
|upkeep
|turn|17
|
|t:|1758248283
|move|p2a: Rotom|Volt Switch|p1a: Scizor
|-damage|p1a: Scizor|7/100
|
|t:|1758248286
|switch|p2a: Garchomp|Garchomp, M|78/100|[from] Volt Switch
|move|p1a: Scizor|Knock Off|p2a: Garchomp
|-damage|p2a: Garchomp|25/100
|-damage|p1a: Scizor|0 fnt|[from] ability: Rough Skin|[of] p2a: Garchomp
|faint|p1a: Scizor
|
|upkeep
|
|t:|1758248293
|switch|p1a: Samurott|Samurott-Hisui, M|94/100
|-damage|p1a: Samurott|82/100|[from] Stealth Rock
|turn|18
|
|t:|1758248304
|move|p2a: Garchomp|Earthquake|p1a: Samurott
|-damage|p1a: Samurott|18/100
|move|p1a: Samurott|Ceaseless Edge|p2a: Garchomp
|-damage|p2a: Garchomp|0 fnt
|-damage|p1a: Samurott|6/100|[from] ability: Rough Skin|[of] p2a: Garchomp
|-sidestart|p2: Campyy|Spikes
|faint|p2a: Garchomp
|
|upkeep
|
|t:|1758248310
|switch|p2a: Tyranitar|Tyranitar, M|33/100 brn
|-damage|p2a: Tyranitar|20/100 brn|[from] Spikes
|-weather|Sandstorm|[from] ability: Sand Stream|[of] p2a: Tyranitar
|turn|19
|
|t:|1758248314
|switch|p2a: Rotom|Rotom-Wash|73/100
|move|p1a: Samurott|Ceaseless Edge|p2a: Rotom
|-damage|p2a: Rotom|34/100
|-sidestart|p2: Campyy|Spikes
|
|-weather|Sandstorm|[upkeep]
|-damage|p1a: Samurott|0 fnt|[from] Sandstorm
|-damage|p2a: Rotom|28/100|[from] Sandstorm
|faint|p1a: Samurott
|-heal|p2a: Rotom|34/100|[from] item: Leftovers
|upkeep
|
|t:|1758248320
|switch|p1a: Gholdengo|Gholdengo|100/100
|-damage|p1a: Gholdengo|94/100|[from] Stealth Rock
|-item|p1a: Gholdengo|Air Balloon
|turn|20
|
|t:|1758248323
|move|p2a: Rotom|Hydro Pump|p1a: Gholdengo|[miss]
|-miss|p2a: Rotom|p1a: Gholdengo
|move|p1a: Gholdengo|Shadow Ball|p2a: Rotom
|-damage|p2a: Rotom|0 fnt
|faint|p2a: Rotom
|
|-weather|Sandstorm|[upkeep]
|upkeep
|
|t:|1758248328
|switch|p2a: Kingambit|Kingambit, F|49/100 brn
|-damage|p2a: Kingambit|33/100 brn|[from] Spikes
|-activate|p2a: Kingambit|ability: Supreme Overlord
|-start|p2a: Kingambit|fallen3|[silent]
|turn|21
|
|t:|1758248330
|switch|p1a: Moltres|Moltres|100/100
|move|p2a: Kingambit|Sucker Punch||[still]
|-fail|p2a: Kingambit
|
|-weather|Sandstorm|[upkeep]
|-damage|p1a: Moltres|94/100|[from] Sandstorm
|-damage|p2a: Kingambit|27/100 brn|[from] brn
|upkeep
|turn|22
|
|t:|1758248337
|move|p1a: Moltres|Fire Blast|p2a: Kingambit
|-supereffective|p2a: Kingambit
|-damage|p2a: Kingambit|0 fnt
|faint|p2a: Kingambit
|-end|p2a: Kingambit|fallen3|[silent]
|
|-weather|Sandstorm|[upkeep]
|-damage|p1a: Moltres|88/100|[from] Sandstorm
|upkeep
|
|t:|1758248338
|switch|p2a: Excadrill|Excadrill, M|91/100
|-damage|p2a: Excadrill|74/100|[from] Spikes
|turn|23
|
|t:|1758248342
|-terastallize|p2a: Excadrill|Ground
|move|p2a: Excadrill|Swords Dance|p2a: Excadrill
|-boost|p2a: Excadrill|atk|2
|move|p1a: Moltres|Will-O-Wisp|p2a: Excadrill
|-status|p2a: Excadrill|brn
|
|-weather|Sandstorm|[upkeep]
|-damage|p1a: Moltres|82/100|[from] Sandstorm
|-damage|p2a: Excadrill|68/100 brn|[from] brn
|upkeep
|turn|24
|
|t:|1758248349
|move|p2a: Excadrill|Swords Dance|p2a: Excadrill
|-boost|p2a: Excadrill|atk|2
|move|p1a: Moltres|Fire Blast|p2a: Excadrill
|-damage|p2a: Excadrill|5/100 brn
|
|-weather|Sandstorm|[upkeep]
|-damage|p1a: Moltres|76/100|[from] Sandstorm
|-damage|p2a: Excadrill|0 fnt|[from] brn
|faint|p2a: Excadrill
|upkeep
|-message|Campyy forfeited.
|
|win|Fawrr
|raw|Fawrr's rating: 1043 &rarr; <strong>1078</strong><br />(+35 for winning)
|raw|Campyy's rating: 1056 &rarr; <strong>1037</strong><br />(-19 for losing)
|l|☆Campyy
|player|p2|
