|j|☆randombananaYAY
|j|☆RoyalClown
|t:|1758343031
|gametype|singles
|player|p1|randombananaYAY|1|1512
|player|p2|RoyalClown|2|1432
|gen|9
|tier|[Gen 9] OU
|rated|
|rule|HP Percentage Mod: HP is shown in percentages
|rule|Endless Battle Clause: Forcing endless battles is banned
|rule|Species Clause: Limit one of each Pokémon
|rule|OHKO Clause: OHKO moves are banned
|rule|Evasion Items Clause: Evasion items are banned
|rule|Evasion Moves Clause: Evasion moves are banned
|rule|Evasion Abilities Clause: Evasion abilities are banned
|rule|Sleep Moves Clause: Sleep-inducing moves are banned
|clearpoke
|poke|p1|Alomomola, F|
|poke|p1|Gliscor, M|
|poke|p1|Dondozo, F|
|poke|p1|Blissey, F|
|poke|p1|Toxapex, F|
|poke|p1|Clodsire, M|
|poke|p2|Gliscor, F|
|poke|p2|Skarmory, F|
|poke|p2|Ting-Lu|
|poke|p2|Dragapult, M|
|poke|p2|Gholdengo|
|poke|p2|Meowscarada, M|
|teampreview
|inactive|Battle timer is ON: inactive players will automatically lose when time's up. (requested by randombananaYAY)
|
|t:|1758343068
|teamsize|p1|6
|teamsize|p2|6
|start
|switch|p1a: Gliscor|Gliscor, M|100/100
|switch|p2a: Meowscarada|Meowscarada, M|100/100
|turn|1
|
|t:|1758343081
|move|p1a: Gliscor|Protect|p1a: Gliscor
|-singleturn|p1a: Gliscor|Protect
|move|p2a: Meowscarada|Knock Off|p1a: Gliscor
|-start|p2a: Meowscarada|typechange|Dark|[from] ability: Protean
|-activate|p1a: Gliscor|move: Protect
|
|-status|p1a: Gliscor|tox|[from] item: Toxic Orb
|upkeep
|turn|2
|
|t:|1758343096
|switch|p1a: Toxapex|Toxapex, F|100/100
|move|p2a: Meowscarada|Triple Axel|p1a: Toxapex
|-resisted|p1a: Toxapex
|-damage|p1a: Toxapex|98/100
|-hitcount|p1a: Toxapex|1
|
|upkeep
|turn|3
|
|t:|1758343105
|move|p1a: Toxapex|Baneful Bunker|p1a: Toxapex
|-singleturn|p1a: Toxapex|move: Protect
|move|p2a: Meowscarada|Knock Off|p1a: Toxapex
|-activate|p1a: Toxapex|move: Protect
|
|upkeep
|turn|4
|
|t:|1758343110
|move|p2a: Meowscarada|Knock Off|p1a: Toxapex
|-damage|p1a: Toxapex|66/100
|-enditem|p1a: Toxapex|Heavy-Duty Boots|[from] move: Knock Off|[of] p2a: Meowscarada
|move|p1a: Toxapex|Infestation|p2a: Meowscarada
|-supereffective|p2a: Meowscarada
|-damage|p2a: Meowscarada|90/100
|-activate|p2a: Meowscarada|move: Infestation|[of] p1a: Toxapex
|
|-damage|p2a: Meowscarada|78/100|[from] move: Infestation|[partiallytrapped]
|upkeep
|turn|5
|
|t:|1758343118
|move|p1a: Toxapex|Baneful Bunker|p1a: Toxapex
|-singleturn|p1a: Toxapex|move: Protect
|move|p2a: Meowscarada|U-turn|p1a: Toxapex
|-activate|p1a: Toxapex|move: Protect
|
|-damage|p2a: Meowscarada|66/100|[from] move: Infestation|[partiallytrapped]
|upkeep
|turn|6
|
|t:|1758343126
|move|p2a: Meowscarada|U-turn|p1a: Toxapex
|-resisted|p1a: Toxapex
|-damage|p1a: Toxapex|58/100
|
|t:|1758343135
|switch|p2a: Ting-Lu|Ting-Lu|100/100|[from] U-turn
|-ability|p2a: Ting-Lu|Vessel of Ruin
|move|p1a: Toxapex|Infestation|p2a: Ting-Lu
|-supereffective|p2a: Ting-Lu
|-damage|p2a: Ting-Lu|97/100
|-activate|p2a: Ting-Lu|move: Infestation|[of] p1a: Toxapex
|-damage|p1a: Toxapex|41/100|[from] item: Rocky Helmet|[of] p2a: Ting-Lu
|
|-damage|p2a: Ting-Lu|84/100|[from] move: Infestation|[partiallytrapped]
|upkeep
|turn|7
|
|t:|1758343149
|switch|p1a: Gliscor|Gliscor, M|100/100 tox
|move|p2a: Ting-Lu|Spikes|p1a: Gliscor
|-sidestart|p1: randombananaYAY|Spikes
|
|-end|p2a: Ting-Lu|Infestation|[partiallytrapped]|[silent]
|upkeep
|turn|8
|
|t:|1758343156
|move|p1a: Gliscor|Knock Off|p2a: Ting-Lu
|-resisted|p2a: Ting-Lu
|-damage|p2a: Ting-Lu|80/100
|-damage|p1a: Gliscor|84/100 tox|[from] item: Rocky Helmet|[of] p2a: Ting-Lu
|-enditem|p2a: Ting-Lu|Rocky Helmet|[from] move: Knock Off|[of] p1a: Gliscor
|move|p2a: Ting-Lu|Spikes|p1a: Gliscor
|-sidestart|p1: randombananaYAY|Spikes
|
|-heal|p1a: Gliscor|96/100 tox|[from] ability: Poison Heal
|upkeep
|turn|9
|
|t:|1758343161
|switch|p1a: Toxapex|Toxapex, F|74/100
|-damage|p1a: Toxapex|58/100|[from] Spikes
|move|p2a: Ting-Lu|Spikes|p1a: Toxapex
|-sidestart|p1: randombananaYAY|Spikes
|
|upkeep
|turn|10
|
|t:|1758343167
|switch|p1a: Gliscor|Gliscor, M|96/100 tox
|move|p2a: Ting-Lu|Earthquake|p1a: Gliscor
|-immune|p1a: Gliscor
|
|-heal|p1a: Gliscor|100/100 tox|[from] ability: Poison Heal
|upkeep
|turn|11
|
|t:|1758343176
|move|p1a: Gliscor|Spikes|p2a: Ting-Lu
|-sidestart|p2: RoyalClown|Spikes
|move|p2a: Ting-Lu|Whirlwind|p1a: Gliscor
|drag|p1a: Alomomola|Alomomola, F|100/100
|
|upkeep
|turn|12
|
|t:|1758343180
|move|p1a: Alomomola|Flip Turn|p2a: Ting-Lu
|-supereffective|p2a: Ting-Lu
|-damage|p2a: Ting-Lu|65/100
|
|t:|1758343184
|switch|p1a: Gliscor|Gliscor, M|100/100 tox|[from] Flip Turn
|move|p2a: Ting-Lu|Ruination|p1a: Gliscor
|-damage|p1a: Gliscor|50/100 tox
|
|-heal|p1a: Gliscor|63/100 tox|[from] ability: Poison Heal
|upkeep
|turn|13
|
|t:|1758343190
|switch|p2a: Skarmory|Skarmory, F|100/100
|move|p1a: Gliscor|Spikes|p2a: Skarmory
|-sidestart|p2: RoyalClown|Spikes
|
|-heal|p1a: Gliscor|75/100 tox|[from] ability: Poison Heal
|upkeep
|turn|14
|
|t:|1758343197
|move|p1a: Gliscor|Spikes|p2a: Skarmory
|-sidestart|p2: RoyalClown|Spikes
|move|p2a: Skarmory|Stealth Rock|p1a: Gliscor
|-sidestart|p1: randombananaYAY|move: Stealth Rock
|
|-heal|p1a: Gliscor|88/100 tox|[from] ability: Poison Heal
|upkeep
|turn|15
|
|t:|1758343202
|move|p1a: Gliscor|Knock Off|p2a: Skarmory
|-damage|p2a: Skarmory|89/100
|-damage|p1a: Gliscor|71/100 tox|[from] item: Rocky Helmet|[of] p2a: Skarmory
|-enditem|p2a: Skarmory|Rocky Helmet|[from] move: Knock Off|[of] p1a: Gliscor
|move|p2a: Skarmory|Roar|p1a: Gliscor
|drag|p1a: Toxapex|Toxapex, F|91/100
|-damage|p1a: Toxapex|67/100|[from] Spikes
|-damage|p1a: Toxapex|54/100|[from] Stealth Rock
|
|upkeep
|turn|16
|
|t:|1758343214
|switch|p2a: Gliscor|Gliscor, F|100/100
|switch|p1a: Alomomola|Alomomola, F|100/100
|
|-status|p2a: Gliscor|tox|[from] item: Toxic Orb
|upkeep
|turn|17
|
|t:|1758343218
|switch|p1a: Gliscor|Gliscor, M|71/100 tox
|-damage|p1a: Gliscor|59/100 tox|[from] Stealth Rock
|move|p2a: Gliscor|Knock Off|p1a: Gliscor
|-damage|p1a: Gliscor|42/100 tox
|-enditem|p1a: Gliscor|Toxic Orb|[from] move: Knock Off|[of] p2a: Gliscor
|
|-heal|p1a: Gliscor|54/100 tox|[from] ability: Poison Heal
|upkeep
|turn|18
|
|t:|1758343225
|move|p1a: Gliscor|Knock Off|p2a: Gliscor
|-damage|p2a: Gliscor|85/100 tox
|-enditem|p2a: Gliscor|Toxic Orb|[from] move: Knock Off|[of] p1a: Gliscor
|move|p2a: Gliscor|Swords Dance|p2a: Gliscor
|-boost|p2a: Gliscor|atk|2
|
|-heal|p1a: Gliscor|67/100 tox|[from] ability: Poison Heal
|-heal|p2a: Gliscor|97/100 tox|[from] ability: Poison Heal
|upkeep
|turn|19
|
|t:|1758343234
|move|p1a: Gliscor|Spikes||[still]
|-fail|p1a: Gliscor
|move|p2a: Gliscor|Knock Off|p1a: Gliscor
|-damage|p1a: Gliscor|46/100 tox
|
|-heal|p1a: Gliscor|58/100 tox|[from] ability: Poison Heal
|-heal|p2a: Gliscor|100/100 tox|[from] ability: Poison Heal
|upkeep
|turn|20
|
|t:|1758343250
|move|p1a: Gliscor|Protect|p1a: Gliscor
|-singleturn|p1a: Gliscor|Protect
|move|p2a: Gliscor|Knock Off|p1a: Gliscor
|-activate|p1a: Gliscor|move: Protect
|
|-heal|p1a: Gliscor|71/100 tox|[from] ability: Poison Heal
|upkeep
|turn|21
|
|t:|1758343272
|switch|p1a: Dondozo|Dondozo, F|100/100
|move|p2a: Gliscor|Swords Dance|p2a: Gliscor
|-boost|p2a: Gliscor|atk|2
|
|upkeep
|turn|22
|
|t:|1758343279
|-terastallize|p2a: Gliscor|Normal
|move|p2a: Gliscor|Knock Off|p1a: Dondozo
|-damage|p1a: Dondozo|91/100
|-enditem|p1a: Dondozo|Heavy-Duty Boots|[from] move: Knock Off|[of] p2a: Gliscor
|move|p1a: Dondozo|Curse|p1a: Dondozo
|-unboost|p1a: Dondozo|spe|1
|-boost|p1a: Dondozo|atk|1
|-boost|p1a: Dondozo|def|1
|
|upkeep
|turn|23
|
|t:|1758343288
|switch|p2a: Skarmory|Skarmory, F|89/100
|move|p1a: Dondozo|Curse|p1a: Dondozo
|-unboost|p1a: Dondozo|spe|1
|-boost|p1a: Dondozo|atk|1
|-boost|p1a: Dondozo|def|1
|
|upkeep
|turn|24
|-message|randombananaYAY forfeited.
|
|win|RoyalClown
|raw|randombananaYAY's rating: 1512 &rarr; <strong>1487</strong><br />(-25 for losing)
|raw|RoyalClown's rating: 1432 &rarr; <strong>1457</strong><br />(+25 for winning)
|l|☆randombananaYAY
|player|p1|
|l|☆RoyalClown
|player|p2|
