|j|☆melt913
|j|☆coletade_oleo
|t:|1758309814
|gametype|singles
|player|p1|melt913|veteran|1148
|player|p2|coletade_oleo|bruno|1210
|gen|9
|tier|[Gen 9] OU
|rated|
|rule|HP Percentage Mod: HP is shown in percentages
|rule|Endless Battle Clause: Forcing endless battles is banned
|rule|Species Clause: Limit one of each Pokémon
|rule|OHKO Clause: OHKO moves are banned
|rule|Evasion Items Clause: Evasion items are banned
|rule|Evasion Moves Clause: Evasion moves are banned
|rule|Evasion Abilities Clause: Evasion abilities are banned
|rule|Sleep Moves Clause: Sleep-inducing moves are banned
|clearpoke
|poke|p1|Charizard, M|
|poke|p1|Skeledirge, M|
|poke|p1|Hydreigon, M|
|poke|p1|Lucario, M|
|poke|p1|Kilowattrel, M|
|poke|p1|Primarina, M|
|poke|p2|Charjabug, F|
|poke|p2|Hoopa-Unbound|
|poke|p2|Thundurus-Therian, M|
|poke|p2|Chandelure, M|
|poke|p2|Iron Hands|
|poke|p2|Ogerpon-Wellspring, F|
|teampreview
|
|t:|1758309832
|teamsize|p1|6
|teamsize|p2|6
|start
|switch|p1a: Skeledirge|Skeledirge, M|100/100
|switch|p2a: Charjabug|Charjabug, F|100/100
|turn|1
|
|t:|1758309840
|move|p1a: Skeledirge|Torch Song|p2a: Charjabug
|-supereffective|p2a: Charjabug
|-damage|p2a: Charjabug|61/100
|-boost|p1a: Skeledirge|spa|1
|move|p2a: Charjabug|Thunder Wave|p1a: Skeledirge
|-status|p1a: Skeledirge|par
|
|upkeep
|turn|2
|
|t:|1758309849
|move|p2a: Charjabug|Sticky Web|p1a: Skeledirge
|-sidestart|p1: melt913|move: Sticky Web
|move|p1a: Skeledirge|Torch Song|p2a: Charjabug
|-supereffective|p2a: Charjabug
|-damage|p2a: Charjabug|0 fnt
|-boost|p1a: Skeledirge|spa|1
|faint|p2a: Charjabug
|
|upkeep
|
|t:|1758309854
|switch|p2a: Ogerpon|Ogerpon-Wellspring, F|100/100
|turn|3
|
|t:|1758309864
|-terastallize|p1a: Skeledirge|Fairy
|move|p2a: Ogerpon|Ivy Cudgel|p1a: Skeledirge|[anim] Ivy Cudgel Water
|-damage|p1a: Skeledirge|50/100 par
|move|p1a: Skeledirge|Torch Song|p2a: Ogerpon
|-damage|p2a: Ogerpon|28/100
|-boost|p1a: Skeledirge|spa|1
|
|upkeep
|turn|4
|
|t:|1758309878
|move|p2a: Ogerpon|Ivy Cudgel|p1a: Skeledirge|[anim] Ivy Cudgel Water
|-damage|p1a: Skeledirge|0 fnt
|faint|p1a: Skeledirge
|
|upkeep
|
|t:|1758309883
|switch|p1a: Kilowattrel|Kilowattrel, M|100/100
|turn|5
|
|t:|1758309890
|move|p1a: Kilowattrel|Air Slash|p2a: Ogerpon
|-supereffective|p2a: Ogerpon
|-damage|p2a: Ogerpon|0 fnt
|faint|p2a: Ogerpon
|
|upkeep
|
|t:|1758309899
|switch|p2a: Hoopa|Hoopa-Unbound|100/100
|turn|6
|
|t:|1758309905
|move|p1a: Kilowattrel|U-turn|p2a: Hoopa
|-supereffective|p2a: Hoopa
|-damage|p2a: Hoopa|29/100
|
|t:|1758309909
|switch|p1a: Hydreigon|Hydreigon, M|100/100|[from] U-turn
|move|p2a: Hoopa|Hyperspace Fury|p1a: Hydreigon
|-resisted|p1a: Hydreigon
|-damage|p1a: Hydreigon|48/100
|-unboost|p2a: Hoopa|def|1
|
|-heal|p1a: Hydreigon|54/100|[from] item: Leftovers
|upkeep
|turn|7
|
|t:|1758309925
|switch|p2a: Iron Hands|Iron Hands|100/100
|move|p1a: Hydreigon|Dark Pulse|p2a: Iron Hands
|-resisted|p2a: Iron Hands
|-damage|p2a: Iron Hands|89/100
|
|-heal|p1a: Hydreigon|60/100|[from] item: Leftovers
|upkeep
|turn|8
|inactive|Battle timer is ON: inactive players will automatically lose when time's up. (requested by coletade_oleo)
|
|t:|1758309949
|move|p1a: Hydreigon|Dragon Pulse|p2a: Iron Hands
|-damage|p2a: Iron Hands|64/100
|move|p2a: Iron Hands|Drain Punch|p1a: Hydreigon
|-supereffective|p1a: Hydreigon
|-damage|p1a: Hydreigon|0 fnt
|-heal|p2a: Iron Hands|83/100|[from] drain|[of] p1a: Hydreigon
|faint|p1a: Hydreigon
|
|upkeep
|
|t:|1758309958
|switch|p1a: Charizard|Charizard, M, shiny|100/100
|turn|9
|
|t:|1758309963
|move|p1a: Charizard|Scorching Sands|p2a: Iron Hands
|-supereffective|p2a: Iron Hands
|-damage|p2a: Iron Hands|58/100
|-status|p2a: Iron Hands|brn
|move|p2a: Iron Hands|Supercell Slam|p1a: Charizard|[miss]
|-miss|p2a: Iron Hands|p1a: Charizard
|-damage|p2a: Iron Hands|9/100 brn|[from] supercellslam
|
|-damage|p2a: Iron Hands|2/100 brn|[from] brn
|upkeep
|turn|10
|
|t:|1758309975
|move|p1a: Charizard|Air Slash|p2a: Iron Hands
|-damage|p2a: Iron Hands|0 fnt
|faint|p2a: Iron Hands
|-end|p2a: Iron Hands|Quark Drive|[silent]
|
|upkeep
|
|t:|1758309980
|switch|p2a: Chandelure|Chandelure, M|100/100
|turn|11
|
|t:|1758309991
|move|p1a: Charizard|Scorching Sands|p2a: Chandelure
|-supereffective|p2a: Chandelure
|-damage|p2a: Chandelure|39/100
|move|p2a: Chandelure|Shadow Ball|p1a: Charizard
|-damage|p1a: Charizard|6/100
|-unboost|p1a: Charizard|spd|1
|
|upkeep
|turn|12
|
|t:|1758310001
|move|p1a: Charizard|Scorching Sands|p2a: Chandelure
|-supereffective|p2a: Chandelure
|-damage|p2a: Chandelure|0 fnt
|faint|p2a: Chandelure
|
|upkeep
|
|t:|1758310006
|switch|p2a: Thundurus|Thundurus-Therian, M|100/100
|turn|13
|
|t:|1758310014
|move|p2a: Thundurus|Volt Switch|p1a: Charizard
|-supereffective|p1a: Charizard
|-damage|p1a: Charizard|0 fnt
|faint|p1a: Charizard
|
|t:|1758310016
|switch|p2a: Hoopa|Hoopa-Unbound|29/100|[from] Volt Switch
|
|upkeep
|
|t:|1758310026
|switch|p1a: Kilowattrel|Kilowattrel, M|100/100
|turn|14
|
|t:|1758310035
|move|p1a: Kilowattrel|U-turn|p2a: Hoopa
|-supereffective|p2a: Hoopa
|-crit|p2a: Hoopa
|-damage|p2a: Hoopa|0 fnt
|faint|p2a: Hoopa
|
|t:|1758310040
|switch|p1a: Lucario|Lucario, M|100/100|[from] U-turn
|-activate|p1a: Lucario|move: Sticky Web
|-unboost|p1a: Lucario|spe|1
|
|upkeep
|
|t:|1758310042
|switch|p2a: Thundurus|Thundurus-Therian, M|100/100
|turn|15
|
|t:|1758310053
|move|p1a: Lucario|Extreme Speed|p2a: Thundurus
|-damage|p2a: Thundurus|53/100
|-damage|p1a: Lucario|91/100|[from] item: Life Orb
|move|p2a: Thundurus|Wildbolt Storm|p1a: Lucario
|-damage|p1a: Lucario|0 fnt
|faint|p1a: Lucario
|
|upkeep
|
|t:|1758310062
|switch|p1a: Kilowattrel|Kilowattrel, M|100/100
|turn|16
|
|t:|1758310075
|move|p1a: Kilowattrel|Thunderbolt|p2a: Thundurus
|-heal|p2a: Thundurus|78/100|[from] ability: Volt Absorb|[of] p1a: Kilowattrel
|move|p2a: Thundurus|Wildbolt Storm|p1a: Kilowattrel|[miss]
|-miss|p2a: Thundurus|p1a: Kilowattrel
|
|upkeep
|turn|17
|
|t:|1758310082
|move|p1a: Kilowattrel|Air Slash|p2a: Thundurus
|-resisted|p2a: Thundurus
|-damage|p2a: Thundurus|54/100
|move|p2a: Thundurus|Wildbolt Storm|p1a: Kilowattrel
|-damage|p1a: Kilowattrel|0 fnt
|faint|p1a: Kilowattrel
|
|upkeep
|
|t:|1758310090
|switch|p1a: Primarina|Primarina, M|100/100
|-activate|p1a: Primarina|move: Sticky Web
|-unboost|p1a: Primarina|spe|1
|turn|18
|
|t:|1758310097
|move|p2a: Thundurus|Wildbolt Storm|p1a: Primarina
|-supereffective|p1a: Primarina
|-damage|p1a: Primarina|0 fnt
|faint|p1a: Primarina
|
|win|coletade_oleo
|raw|melt913's rating: 1148 &rarr; <strong>1127</strong><br />(-21 for losing)
|raw|coletade_oleo's rating: 1210 &rarr; <strong>1231</strong><br />(+21 for winning)
|l|☆melt913
|player|p1|
