|j|☆Bag of Rabbits
|j|☆Trumpismessiah
|t:|1758246799
|gametype|singles
|player|p1|Bag of Rabbits|cynthia-gen4|1432
|player|p2|Trumpismessiah|102|1418
|gen|9
|tier|[Gen 9] OU
|rated|
|rule|HP Percentage Mod: HP is shown in percentages
|rule|Endless Battle Clause: Forcing endless battles is banned
|rule|Species Clause: Limit one of each Pokémon
|rule|OHKO Clause: OHKO moves are banned
|rule|Evasion Items Clause: Evasion items are banned
|rule|Evasion Moves Clause: Evasion moves are banned
|rule|Evasion Abilities Clause: Evasion abilities are banned
|rule|Sleep Moves Clause: Sleep-inducing moves are banned
|clearpoke
|poke|p1|Toxtricity-Low-Key, F|
|poke|p1|Eelektross, M|
|poke|p1|Serperior, F|
|poke|p1|Iron Treads|
|poke|p1|Moltres-Galar|
|poke|p1|Alomomola, M|
|poke|p2|Snorlax, F|
|poke|p2|Gengar, M|
|poke|p2|Moltres|
|poke|p2|Vileplume, F|
|poke|p2|Vaporeon, M|
|poke|p2|Sandslash-Alola, F|
|teampreview
|inactive|Battle timer is ON: inactive players will automatically lose when time's up. (requested by Trumpismessiah)
|
|t:|1758246832
|teamsize|p1|6
|teamsize|p2|6
|start
|switch|p1a: Toxtricity|Toxtricity-Low-Key, F|100/100
|switch|p2a: Gengar|Gengar, M|100/100
|turn|1
|
|t:|1758246839
|move|p2a: Gengar|Shadow Ball|p1a: Toxtricity
|-damage|p1a: Toxtricity|50/100
|move|p1a: Toxtricity|Overdrive|p2a: Gengar
|-enditem|p2a: Gengar|Focus Sash
|-damage|p2a: Gengar|1/100
|
|upkeep
|turn|2
|
|t:|1758246847
|switch|p1a: Moltres|Moltres-Galar|100/100
|move|p2a: Gengar|Shadow Ball|p1a: Moltres
|-resisted|p1a: Moltres
|-damage|p1a: Moltres|84/100
|
|upkeep
|turn|3
|
|t:|1758246853
|move|p2a: Gengar|Sludge Wave|p1a: Moltres
|-damage|p1a: Moltres|39/100
|-ability|p1a: Moltres|Berserk|boost
|-boost|p1a: Moltres|spa|1
|-enditem|p1a: Moltres|Sitrus Berry|[eat]
|-heal|p1a: Moltres|64/100|[from] item: Sitrus Berry
|move|p1a: Moltres|Fiery Wrath|p2a: Gengar
|-supereffective|p2a: Gengar
|-damage|p2a: Gengar|0 fnt
|faint|p2a: Gengar
|
|upkeep
|
|t:|1758246860
|switch|p2a: Vaporeon|Vaporeon, M|100/100
|turn|4
|
|t:|1758246862
|move|p1a: Moltres|Fiery Wrath|p2a: Vaporeon
|-damage|p2a: Vaporeon|65/100
|move|p2a: Vaporeon|Scald|p1a: Moltres
|-damage|p1a: Moltres|37/100
|-ability|p1a: Moltres|Berserk|boost
|-boost|p1a: Moltres|spa|1
|
|-heal|p2a: Vaporeon|72/100|[from] item: Leftovers
|upkeep
|turn|5
|
|t:|1758246866
|move|p2a: Vaporeon|Protect|p2a: Vaporeon
|-singleturn|p2a: Vaporeon|Protect
|move|p1a: Moltres|Fiery Wrath|p2a: Vaporeon
|-activate|p2a: Vaporeon|move: Protect
|
|-heal|p2a: Vaporeon|78/100|[from] item: Leftovers
|upkeep
|turn|6
|
|t:|1758246869
|move|p1a: Moltres|Fiery Wrath|p2a: Vaporeon
|-damage|p2a: Vaporeon|34/100
|move|p2a: Vaporeon|Wish|p2a: Vaporeon
|
|-heal|p2a: Vaporeon|41/100|[from] item: Leftovers
|upkeep
|turn|7
|
|t:|1758246875
|move|p2a: Vaporeon|Protect|p2a: Vaporeon
|-singleturn|p2a: Vaporeon|Protect
|move|p1a: Moltres|Fiery Wrath|p2a: Vaporeon
|-activate|p2a: Vaporeon|move: Protect
|
|-heal|p2a: Vaporeon|91/100|[from] move: Wish|[wisher] Vaporeon
|-heal|p2a: Vaporeon|97/100|[from] item: Leftovers
|upkeep
|turn|8
|
|t:|1758246882
|move|p1a: Moltres|Fiery Wrath|p2a: Vaporeon
|-damage|p2a: Vaporeon|50/100
|move|p2a: Vaporeon|Wish|p2a: Vaporeon
|
|-heal|p2a: Vaporeon|56/100|[from] item: Leftovers
|upkeep
|turn|9
|
|t:|1758246888
|move|p1a: Moltres|Fiery Wrath|p2a: Vaporeon
|-damage|p2a: Vaporeon|10/100
|move|p2a: Vaporeon|Scald|p1a: Moltres
|-damage|p1a: Moltres|9/100
|-status|p1a: Moltres|brn
|
|-heal|p2a: Vaporeon|60/100|[from] move: Wish|[wisher] Vaporeon
|-heal|p2a: Vaporeon|66/100|[from] item: Leftovers
|-damage|p1a: Moltres|3/100 brn|[from] brn
|upkeep
|turn|10
|
|t:|1758246897
|switch|p1a: Serperior|Serperior, F|100/100
|move|p2a: Vaporeon|Protect||[still]
|-fail|p2a: Vaporeon
|
|-heal|p2a: Vaporeon|73/100|[from] item: Leftovers
|upkeep
|turn|11
|
|t:|1758246902
|switch|p2a: Sandslash|Sandslash-Alola, F|100/100
|move|p1a: Serperior|Leaf Storm|p2a: Sandslash
|-resisted|p2a: Sandslash
|-damage|p2a: Sandslash|66/100
|-boost|p1a: Serperior|spa|2
|
|upkeep
|turn|12
|
|t:|1758246918
|-terastallize|p1a: Serperior|Fire
|move|p1a: Serperior|Tera Blast|p2a: Sandslash|[anim] Tera Blast Fire
|-supereffective|p2a: Sandslash
|-damage|p2a: Sandslash|0 fnt
|faint|p2a: Sandslash
|
|upkeep
|
|t:|1758246923
|switch|p2a: Snorlax|Snorlax, F|100/100
|turn|13
|
|t:|1758246927
|move|p1a: Serperior|Leaf Storm|p2a: Snorlax
|-damage|p2a: Snorlax|49/100
|-boost|p1a: Serperior|spa|2
|move|p2a: Snorlax|Earthquake|p1a: Serperior
|-supereffective|p1a: Serperior
|-damage|p1a: Serperior|24/100
|
|-heal|p1a: Serperior|30/100|[from] item: Leftovers
|upkeep
|turn|14
|-enditem|p2a: Snorlax|Custap Berry|[eat]
|-activate|p2a: Snorlax|item: Custap Berry|[consumed]
|
|t:|1758246931
|move|p2a: Snorlax|Earthquake|p1a: Serperior
|-supereffective|p1a: Serperior
|-damage|p1a: Serperior|0 fnt
|faint|p1a: Serperior
|
|upkeep
|
|t:|1758246940
|switch|p1a: Toxtricity|Toxtricity-Low-Key, F|50/100
|turn|15
|
|t:|1758246944
|move|p1a: Toxtricity|Boomburst|p2a: Snorlax
|-damage|p2a: Snorlax|0 fnt
|faint|p2a: Snorlax
|
|upkeep
|
|t:|1758246946
|switch|p2a: Vaporeon|Vaporeon, M|73/100
|turn|16
|
|t:|1758246950
|move|p1a: Toxtricity|Boomburst|p2a: Vaporeon
|-damage|p2a: Vaporeon|16/100
|move|p2a: Vaporeon|Wish|p2a: Vaporeon
|
|-heal|p2a: Vaporeon|23/100|[from] item: Leftovers
|upkeep
|turn|17
|
|t:|1758246954
|move|p2a: Vaporeon|Protect|p2a: Vaporeon
|-singleturn|p2a: Vaporeon|Protect
|move|p1a: Toxtricity|Boomburst|p2a: Vaporeon
|-activate|p2a: Vaporeon|move: Protect
|
|-heal|p2a: Vaporeon|73/100|[from] move: Wish|[wisher] Vaporeon
|-heal|p2a: Vaporeon|79/100|[from] item: Leftovers
|upkeep
|turn|18
|
|t:|1758246956
|move|p1a: Toxtricity|Boomburst|p2a: Vaporeon
|-damage|p2a: Vaporeon|23/100
|move|p2a: Vaporeon|Wish|p2a: Vaporeon
|
|-heal|p2a: Vaporeon|30/100|[from] item: Leftovers
|upkeep
|turn|19
|
|t:|1758246964
|move|p2a: Vaporeon|Protect|p2a: Vaporeon
|-singleturn|p2a: Vaporeon|Protect
|move|p1a: Toxtricity|Boomburst|p2a: Vaporeon
|-activate|p2a: Vaporeon|move: Protect
|
|-heal|p2a: Vaporeon|80/100|[from] move: Wish|[wisher] Vaporeon
|-heal|p2a: Vaporeon|86/100|[from] item: Leftovers
|upkeep
|turn|20
|
|t:|1758246966
|move|p1a: Toxtricity|Boomburst|p2a: Vaporeon
|-damage|p2a: Vaporeon|32/100
|move|p2a: Vaporeon|Wish|p2a: Vaporeon
|
|-heal|p2a: Vaporeon|38/100|[from] item: Leftovers
|upkeep
|turn|21
|
|t:|1758246970
|switch|p1a: Alomomola|Alomomola, M|100/100
|move|p2a: Vaporeon|Protect||[still]
|-fail|p2a: Vaporeon
|
|-heal|p2a: Vaporeon|88/100|[from] move: Wish|[wisher] Vaporeon
|-heal|p2a: Vaporeon|94/100|[from] item: Leftovers
|upkeep
|turn|22
|
|t:|1758246972
|move|p2a: Vaporeon|Scald|p1a: Alomomola
|-resisted|p1a: Alomomola
|-damage|p1a: Alomomola|86/100
|move|p1a: Alomomola|Wish|p1a: Alomomola
|
|-heal|p2a: Vaporeon|100/100|[from] item: Leftovers
|upkeep
|turn|23
|
|t:|1758246977
|switch|p1a: Toxtricity|Toxtricity-Low-Key, F|50/100
|move|p2a: Vaporeon|Scald|p1a: Toxtricity
|-damage|p1a: Toxtricity|10/100
|-status|p1a: Toxtricity|brn
|
|-heal|p1a: Toxtricity|76/100 brn|[from] move: Wish|[wisher] Alomomola
|-damage|p1a: Toxtricity|70/100 brn|[from] brn
|upkeep
|turn|24
|
|t:|1758246980
|move|p1a: Toxtricity|Overdrive|p2a: Vaporeon
|-supereffective|p2a: Vaporeon
|-damage|p2a: Vaporeon|13/100
|move|p2a: Vaporeon|Scald|p1a: Toxtricity
|-damage|p1a: Toxtricity|30/100 brn
|
|-heal|p2a: Vaporeon|20/100|[from] item: Leftovers
|-damage|p1a: Toxtricity|24/100 brn|[from] brn
|upkeep
|turn|25
|
|t:|1758246989
|move|p2a: Vaporeon|Protect|p2a: Vaporeon
|-singleturn|p2a: Vaporeon|Protect
|move|p1a: Toxtricity|Overdrive|p2a: Vaporeon
|-activate|p2a: Vaporeon|move: Protect
|
|-heal|p2a: Vaporeon|26/100|[from] item: Leftovers
|-damage|p1a: Toxtricity|17/100 brn|[from] brn
|upkeep
|turn|26
|
|t:|1758246998
|switch|p2a: Vileplume|Vileplume, F|100/100
|move|p1a: Toxtricity|Overdrive|p2a: Vileplume
|-resisted|p2a: Vileplume
|-damage|p2a: Vileplume|56/100
|
|-damage|p1a: Toxtricity|11/100 brn|[from] brn
|upkeep
|turn|27
|
|t:|1758247011
|switch|p1a: Alomomola|Alomomola, M|100/100
|switch|p2a: Vaporeon|Vaporeon, M|26/100
|
|-heal|p2a: Vaporeon|32/100|[from] item: Leftovers
|upkeep
|turn|28
|
|t:|1758247013
|move|p2a: Vaporeon|Wish|p2a: Vaporeon
|move|p1a: Alomomola|Wish|p1a: Alomomola
|
|-heal|p2a: Vaporeon|38/100|[from] item: Leftovers
|upkeep
|turn|29
|
|t:|1758247021
|switch|p1a: Eelektross|Eelektross, M|100/100
|move|p2a: Vaporeon|Scald|p1a: Eelektross
|-crit|p1a: Eelektross
|-damage|p1a: Eelektross|63/100
|-status|p1a: Eelektross|brn
|
|-heal|p2a: Vaporeon|88/100|[from] move: Wish|[wisher] Vaporeon
|-heal|p1a: Eelektross|100/100 brn|[from] move: Wish|[wisher] Alomomola
|-heal|p2a: Vaporeon|95/100|[from] item: Leftovers
|-damage|p1a: Eelektross|94/100 brn|[from] brn
|upkeep
|turn|30
|
|t:|1758247024
|move|p2a: Vaporeon|Protect|p2a: Vaporeon
|-singleturn|p2a: Vaporeon|Protect
|move|p1a: Eelektross|Coil|p1a: Eelektross
|-boost|p1a: Eelektross|atk|1
|-boost|p1a: Eelektross|def|1
|-boost|p1a: Eelektross|accuracy|1
|
|-heal|p2a: Vaporeon|100/100|[from] item: Leftovers
|-heal|p1a: Eelektross|100/100 brn|[from] item: Leftovers
|-damage|p1a: Eelektross|94/100 brn|[from] brn
|upkeep
|turn|31
|
|t:|1758247030
|switch|p2a: Vileplume|Vileplume, F|56/100
|move|p1a: Eelektross|Coil|p1a: Eelektross
|-boost|p1a: Eelektross|atk|1
|-boost|p1a: Eelektross|def|1
|-boost|p1a: Eelektross|accuracy|1
|
|-heal|p1a: Eelektross|100/100 brn|[from] item: Leftovers
|-damage|p1a: Eelektross|94/100 brn|[from] brn
|upkeep
|turn|32
|
|t:|1758247031
|move|p1a: Eelektross|Zap Cannon|p2a: Vileplume
|-resisted|p2a: Vileplume
|-damage|p2a: Vileplume|35/100
|-status|p2a: Vileplume|par
|move|p2a: Vileplume|Strength Sap|p1a: Eelektross
|-unboost|p1a: Eelektross|atk|1
|-heal|p2a: Vileplume|100/100 par
|
|-heal|p1a: Eelektross|100/100 brn|[from] item: Leftovers
|-damage|p1a: Eelektross|94/100 brn|[from] brn
|upkeep
|turn|33
|
|t:|1758247043
|switch|p1a: Alomomola|Alomomola, M|100/100
|move|p2a: Vileplume|Leech Seed|p1a: Alomomola
|-start|p1a: Alomomola|move: Leech Seed
|
|-damage|p1a: Alomomola|88/100|[from] Leech Seed|[of] p2a: Vileplume
|upkeep
|turn|34
|-message|Bag of Rabbits forfeited.
|
|win|Trumpismessiah
|raw|Bag of Rabbits's rating: 1432 &rarr; <strong>1411</strong><br />(-21 for losing)
|raw|Trumpismessiah's rating: 1418 &rarr; <strong>1439</strong><br />(+21 for winning)
|l|☆Bag of Rabbits
|player|p1|
