|j|☆SatsumaFS
|j|☆Straitblanchin
|t:|1758292354
|gametype|singles
|player|p1|SatsumaFS|170|1381
|player|p2|Straitblanchin|n|1429
|gen|9
|tier|[Gen 9] OU
|rated|
|rule|HP Percentage Mod: HP is shown in percentages
|rule|Endless Battle Clause: Forcing endless battles is banned
|rule|Species Clause: Limit one of each Pokémon
|rule|OHKO Clause: OHKO moves are banned
|rule|Evasion Items Clause: Evasion items are banned
|rule|Evasion Moves Clause: Evasion moves are banned
|rule|Evasion Abilities Clause: Evasion abilities are banned
|rule|Sleep Moves Clause: Sleep-inducing moves are banned
|clearpoke
|poke|p1|Lokix, M|
|poke|p1|Ogerpon-Wellspring, F|
|poke|p1|Gholdengo|
|poke|p1|Iron Treads|
|poke|p1|Dragapult, M|
|poke|p1|Garganacl, M|
|poke|p2|Ninetales, M|
|poke|p2|Walking Wake|
|poke|p2|Venusaur, F|
|poke|p2|Lilligant-Hisui, F|
|poke|p2|Great Tusk|
|poke|p2|Hatterene, F|
|teampreview
|
|t:|1758292361
|teamsize|p1|6
|teamsize|p2|6
|start
|switch|p1a: Larc|Ogerpon-Wellspring, F|100/100
|switch|p2a: Ninetales|Ninetales, M, shiny|100/100
|-weather|SunnyDay|[from] ability: Drought|[of] p2a: Ninetales
|turn|1
|
|t:|1758292365
|switch|p2a: Great Tusk|Great Tusk|100/100
|-activate|p2a: Great Tusk|ability: Protosynthesis
|-start|p2a: Great Tusk|protosynthesisspe
|move|p1a: Larc|Ivy Cudgel|p2a: Great Tusk|[anim] Ivy Cudgel Water
|-supereffective|p2a: Great Tusk
|-damage|p2a: Great Tusk|67/100
|
|-weather|SunnyDay|[upkeep]
|upkeep
|turn|2
|
|t:|1758292380
|move|p2a: Great Tusk|Temper Flare|p1a: Larc
|-damage|p1a: Larc|58/100
|move|p1a: Larc|Knock Off|p2a: Great Tusk
|-resisted|p2a: Great Tusk
|-damage|p2a: Great Tusk|55/100
|-damage|p1a: Larc|41/100|[from] item: Rocky Helmet|[of] p2a: Great Tusk
|-enditem|p2a: Great Tusk|Rocky Helmet|[from] move: Knock Off|[of] p1a: Larc
|
|-weather|SunnyDay|[upkeep]
|upkeep
|turn|3
|
|t:|1758292395
|switch|p1a: Gaim|Garganacl, M, shiny|100/100
|move|p2a: Great Tusk|Stealth Rock|p1a: Gaim
|-sidestart|p1: SatsumaFS|move: Stealth Rock
|
|-weather|SunnyDay|[upkeep]
|upkeep
|turn|4
|
|t:|1758292412
|-end|p2a: Great Tusk|Protosynthesis|[silent]
|switch|p2a: Lilligant|Lilligant-Hisui, F|100/100
|-terastallize|p1a: Gaim|Water
|move|p1a: Gaim|Salt Cure|p2a: Lilligant
|-resisted|p2a: Lilligant
|-damage|p2a: Lilligant|89/100
|-start|p2a: Lilligant|Salt Cure
|
|-weather|SunnyDay|[upkeep]
|-damage|p2a: Lilligant|77/100|[from] Salt Cure
|upkeep
|turn|5
|
|t:|1758292422
|move|p1a: Gaim|Protect|p1a: Gaim
|-singleturn|p1a: Gaim|Protect
|move|p2a: Lilligant|Solar Blade||[still]
|-prepare|p2a: Lilligant|Solar Blade
|-anim|p2a: Lilligant|Solar Blade|p1a: Gaim
|-activate|p1a: Gaim|move: Protect
|
|-weather|SunnyDay|[upkeep]
|-damage|p2a: Lilligant|65/100|[from] Salt Cure
|upkeep
|turn|6
|
|t:|1758292430
|switch|p1a: LunaTrigger|Gholdengo|100/100
|-damage|p1a: LunaTrigger|94/100|[from] Stealth Rock
|move|p2a: Lilligant|Solar Blade||[still]
|-prepare|p2a: Lilligant|Solar Blade
|-anim|p2a: Lilligant|Solar Blade|p1a: LunaTrigger
|-resisted|p1a: LunaTrigger
|-damage|p1a: LunaTrigger|67/100
|-damage|p2a: Lilligant|55/100|[from] item: Life Orb
|
|-weather|SunnyDay|[upkeep]
|-damage|p2a: Lilligant|42/100|[from] Salt Cure
|upkeep
|turn|7
|
|t:|1758292453
|switch|p2a: Walking Wake|Walking Wake|100/100
|-activate|p2a: Walking Wake|ability: Protosynthesis
|-start|p2a: Walking Wake|protosynthesisspe
|move|p1a: LunaTrigger|Shadow Ball|p2a: Walking Wake
|-damage|p2a: Walking Wake|59/100
|
|-weather|SunnyDay|[upkeep]
|upkeep
|turn|8
|
|t:|1758292468
|switch|p1a: Larc|Ogerpon-Wellspring, F|41/100
|-damage|p1a: Larc|29/100|[from] Stealth Rock
|move|p2a: Walking Wake|Weather Ball|p1a: Larc
|-damage|p1a: Larc|0 fnt
|faint|p1a: Larc
|
|-weather|none
|-end|p2a: Walking Wake|Protosynthesis
|upkeep
|
|t:|1758292489
|switch|p1a: Gaim|Garganacl, M, shiny, tera:Water|100/100
|-damage|p1a: Gaim|88/100|[from] Stealth Rock
|turn|9
|
|t:|1758292494
|-end|p2a: Walking Wake|Protosynthesis|[silent]
|switch|p2a: Ninetales|Ninetales, M, shiny|100/100
|-weather|SunnyDay|[from] ability: Drought|[of] p2a: Ninetales
|move|p1a: Gaim|Salt Cure|p2a: Ninetales
|-supereffective|p2a: Ninetales
|-damage|p2a: Ninetales|64/100
|-start|p2a: Ninetales|Salt Cure
|
|-weather|SunnyDay|[upkeep]
|-heal|p1a: Gaim|94/100|[from] item: Leftovers
|-damage|p2a: Ninetales|52/100|[from] Salt Cure
|upkeep
|turn|10
|
|t:|1758292506
|switch|p2a: Hatterene|Hatterene, F|100/100
|move|p1a: Gaim|Salt Cure|p2a: Hatterene
|-damage|p2a: Hatterene|84/100
|-start|p2a: Hatterene|Salt Cure
|
|-weather|SunnyDay|[upkeep]
|-heal|p1a: Gaim|100/100|[from] item: Leftovers
|-damage|p2a: Hatterene|71/100|[from] Salt Cure
|upkeep
|turn|11
|
|t:|1758292518
|switch|p1a: LunaTrigger|Gholdengo|67/100
|-damage|p1a: LunaTrigger|61/100|[from] Stealth Rock
|move|p2a: Hatterene|Draining Kiss|p1a: LunaTrigger
|-resisted|p1a: LunaTrigger
|-damage|p1a: LunaTrigger|47/100
|-heal|p2a: Hatterene|83/100|[from] drain|[of] p1a: LunaTrigger
|
|-weather|SunnyDay|[upkeep]
|-damage|p2a: Hatterene|71/100|[from] Salt Cure
|upkeep
|turn|12
|
|t:|1758292523
|switch|p2a: Great Tusk|Great Tusk|55/100
|-activate|p2a: Great Tusk|ability: Protosynthesis
|-start|p2a: Great Tusk|protosynthesisspe
|move|p1a: LunaTrigger|Recover|p1a: LunaTrigger
|-heal|p1a: LunaTrigger|97/100
|
|-weather|SunnyDay|[upkeep]
|upkeep
|turn|13
|
|t:|1758292530
|switch|p1a: Drive|Iron Treads, shiny|100/100
|-damage|p1a: Drive|98/100|[from] Stealth Rock
|-item|p1a: Drive|Air Balloon
|move|p2a: Great Tusk|Headlong Rush|p1a: Drive
|-immune|p1a: Drive
|
|-weather|SunnyDay|[upkeep]
|upkeep
|turn|14
|
|t:|1758292534
|move|p2a: Great Tusk|Temper Flare|p1a: Drive
|-supereffective|p1a: Drive
|-damage|p1a: Drive|0 fnt
|-enditem|p1a: Drive|Air Balloon
|faint|p1a: Drive
|-end|p1a: Drive|Quark Drive|[silent]
|
|-weather|SunnyDay|[upkeep]
|upkeep
|c|☆Straitblanchin|shoulda known
|-message|SatsumaFS forfeited.
|
|win|Straitblanchin
|raw|SatsumaFS's rating: 1381 &rarr; <strong>1364</strong><br />(-17 for losing)
|raw|Straitblanchin's rating: 1429 &rarr; <strong>1446</strong><br />(+17 for winning)
|l|☆SatsumaFS
|player|p1|
