|j|☆DoctorGrizzman
|j|☆china sanxie
|t:|1758355059
|gametype|singles
|player|p1|DoctorGrizzman|cynthia|1317
|player|p2|china sanxie|101|1332
|gen|9
|tier|[Gen 9] OU
|rated|
|rule|HP Percentage Mod: HP is shown in percentages
|rule|Endless Battle Clause: Forcing endless battles is banned
|rule|Species Clause: Limit one of each Pokémon
|rule|OHKO Clause: OHKO moves are banned
|rule|Evasion Items Clause: Evasion items are banned
|rule|Evasion Moves Clause: Evasion moves are banned
|rule|Evasion Abilities Clause: Evasion abilities are banned
|rule|Sleep Moves Clause: Sleep-inducing moves are banned
|clearpoke
|poke|p1|Tornadus-Therian, M|
|poke|p1|Great Tusk|
|poke|p1|Dragonite, F|
|poke|p1|Kingambit, M|
|poke|p1|Pecharunt|
|poke|p1|Keldeo-Resolute|
|poke|p2|Iron Hands|
|poke|p2|Pawmot, M|
|poke|p2|Sinistcha|
|poke|p2|Kingambit, F|
|poke|p2|Ting-Lu|
|poke|p2|Cinderace, M|
|teampreview
|
|t:|1758355076
|teamsize|p1|6
|teamsize|p2|6
|start
|switch|p1a: Keldeo|Keldeo-Resolute|100/100
|switch|p2a: Ting-Lu|Ting-Lu|100/100
|-ability|p2a: Ting-Lu|Vessel of Ruin
|turn|1
|
|t:|1758355087
|switch|p2a: Sinistcha|Sinistcha|100/100
|move|p1a: Keldeo|Hydro Pump|p2a: Sinistcha
|-resisted|p2a: Sinistcha
|-damage|p2a: Sinistcha|38/100
|
|upkeep
|turn|2
|
|t:|1758355092
|move|p1a: Keldeo|Hydro Pump|p2a: Sinistcha
|-resisted|p2a: Sinistcha
|-damage|p2a: Sinistcha|0 fnt
|faint|p2a: Sinistcha
|
|upkeep
|
|t:|1758355119
|switch|p2a: Iron Hands|Iron Hands|100/100
|-enditem|p2a: Iron Hands|Booster Energy
|-activate|p2a: Iron Hands|ability: Quark Drive|[fromitem]
|-start|p2a: Iron Hands|quarkdriveatk
|turn|3
|
|t:|1758355141
|move|p1a: Keldeo|Hydro Pump|p2a: Iron Hands
|-damage|p2a: Iron Hands|30/100
|move|p2a: Iron Hands|Drain Punch|p1a: Keldeo
|-damage|p1a: Keldeo|38/100
|-heal|p2a: Iron Hands|52/100|[from] drain|[of] p1a: Keldeo
|
|upkeep
|turn|4
|
|t:|1758355149
|move|p1a: Keldeo|Hydro Pump|p2a: Iron Hands
|-damage|p2a: Iron Hands|0 fnt
|faint|p2a: Iron Hands
|-end|p2a: Iron Hands|Quark Drive|[silent]
|
|upkeep
|
|t:|1758355155
|switch|p2a: Cinderace|Cinderace, M|100/100
|turn|5
|
|t:|1758355159
|switch|p1a: Great Tusk|Great Tusk, shiny|100/100
|move|p2a: Cinderace|Acrobatics|p1a: Great Tusk
|-start|p2a: Cinderace|typechange|Flying|[from] ability: Libero
|-supereffective|p1a: Great Tusk
|-damage|p1a: Great Tusk|66/100
|-damage|p2a: Cinderace|91/100|[from] item: Life Orb
|
|upkeep
|turn|6
|
|t:|1758355168
|move|p2a: Cinderace|Acrobatics|p1a: Great Tusk
|-supereffective|p1a: Great Tusk
|-damage|p1a: Great Tusk|31/100
|-damage|p2a: Cinderace|81/100|[from] item: Life Orb
|move|p1a: Great Tusk|Ice Spinner|p2a: Cinderace
|-supereffective|p2a: Cinderace
|-damage|p2a: Cinderace|14/100
|
|upkeep
|turn|7
|
|t:|1758355176
|-end|p1a: Great Tusk|Protosynthesis|[silent]
|switch|p1a: Pecharunt|Pecharunt|100/100
|move|p2a: Cinderace|Acrobatics|p1a: Pecharunt
|-damage|p1a: Pecharunt|87/100
|-damage|p2a: Cinderace|4/100|[from] item: Life Orb
|
|-heal|p1a: Pecharunt|93/100|[from] item: Leftovers
|upkeep
|turn|8
|
|t:|1758355187
|switch|p2a: Ting-Lu|Ting-Lu|100/100
|-ability|p2a: Ting-Lu|Vessel of Ruin
|move|p1a: Pecharunt|Malignant Chain|p2a: Ting-Lu
|-resisted|p2a: Ting-Lu
|-damage|p2a: Ting-Lu|93/100
|
|-heal|p1a: Pecharunt|99/100|[from] item: Leftovers
|-heal|p2a: Ting-Lu|99/100|[from] item: Leftovers
|upkeep
|turn|9
|
|t:|1758355208
|move|p1a: Pecharunt|Malignant Chain|p2a: Ting-Lu
|-resisted|p2a: Ting-Lu
|-damage|p2a: Ting-Lu|90/100
|move|p2a: Ting-Lu|Earthquake|p1a: Pecharunt
|-supereffective|p1a: Pecharunt
|-damage|p1a: Pecharunt|52/100
|
|-heal|p1a: Pecharunt|58/100|[from] item: Leftovers
|-heal|p2a: Ting-Lu|96/100|[from] item: Leftovers
|upkeep
|turn|10
|
|t:|1758355230
|move|p1a: Pecharunt|Malignant Chain|p2a: Ting-Lu
|-resisted|p2a: Ting-Lu
|-damage|p2a: Ting-Lu|87/100
|-status|p2a: Ting-Lu|tox
|-start|p2a: Ting-Lu|confusion|[from] ability: Poison Puppeteer|[of] p1a: Pecharunt
|-activate|p2a: Ting-Lu|confusion
|move|p2a: Ting-Lu|Stealth Rock|p1a: Pecharunt
|-sidestart|p1: DoctorGrizzman|move: Stealth Rock
|
|-heal|p1a: Pecharunt|64/100|[from] item: Leftovers
|-heal|p2a: Ting-Lu|93/100 tox|[from] item: Leftovers
|-damage|p2a: Ting-Lu|87/100 tox|[from] psn
|upkeep
|turn|11
|
|t:|1758355239
|move|p1a: Pecharunt|Recover|p1a: Pecharunt
|-heal|p1a: Pecharunt|100/100
|-end|p2a: Ting-Lu|confusion
|move|p2a: Ting-Lu|Earthquake|p1a: Pecharunt
|-supereffective|p1a: Pecharunt
|-damage|p1a: Pecharunt|54/100
|
|-heal|p1a: Pecharunt|60/100|[from] item: Leftovers
|-heal|p2a: Ting-Lu|93/100 tox|[from] item: Leftovers
|-damage|p2a: Ting-Lu|81/100 tox|[from] psn
|upkeep
|turn|12
|l|☆china sanxie
|player|p2|
|inactive|Battle timer is ON: inactive players will automatically lose when time's up. (requested by DoctorGrizzman)
|j|☆china sanxie
|inactive|china sanxie reconnected and has 135 seconds left.
|player|p2|china sanxie|101|
|
|t:|1758355308
|move|p1a: Pecharunt|Recover|p1a: Pecharunt
|-heal|p1a: Pecharunt|100/100
|move|p2a: Ting-Lu|Earthquake|p1a: Pecharunt
|-supereffective|p1a: Pecharunt
|-damage|p1a: Pecharunt|53/100
|
|-heal|p1a: Pecharunt|59/100|[from] item: Leftovers
|-heal|p2a: Ting-Lu|87/100 tox|[from] item: Leftovers
|-damage|p2a: Ting-Lu|68/100 tox|[from] psn
|upkeep
|turn|13
|
|t:|1758355323
|move|p1a: Pecharunt|Parting Shot|p2a: Ting-Lu
|-unboost|p2a: Ting-Lu|atk|1
|-unboost|p2a: Ting-Lu|spa|1
|
|t:|1758355326
|switch|p1a: Tornadus|Tornadus-Therian, M|100/100|[from] Parting Shot
|move|p2a: Ting-Lu|Earthquake|p1a: Tornadus
|-immune|p1a: Tornadus
|
|-heal|p2a: Ting-Lu|75/100 tox|[from] item: Leftovers
|-damage|p2a: Ting-Lu|50/100 tox|[from] psn
|upkeep
|turn|14
|
|t:|1758355334
|switch|p2a: Cinderace|Cinderace, M|4/100
|move|p1a: Tornadus|Grass Knot|p2a: Cinderace
|-resisted|p2a: Cinderace
|-damage|p2a: Cinderace|0 fnt
|faint|p2a: Cinderace
|
|upkeep
|
|t:|1758355343
|switch|p2a: Ting-Lu|Ting-Lu|50/100 tox
|-ability|p2a: Ting-Lu|Vessel of Ruin
|turn|15
|
|t:|1758355348
|move|p1a: Tornadus|Grass Knot|p2a: Ting-Lu
|-supereffective|p2a: Ting-Lu
|-crit|p2a: Ting-Lu
|-damage|p2a: Ting-Lu|0 fnt
|faint|p2a: Ting-Lu
|
|upkeep
|
|t:|1758355352
|switch|p2a: Kingambit|Kingambit, F|100/100
|-activate|p2a: Kingambit|ability: Supreme Overlord
|-start|p2a: Kingambit|fallen4|[silent]
|turn|16
|
|t:|1758355354
|move|p1a: Tornadus|U-turn|p2a: Kingambit
|-damage|p2a: Kingambit|90/100
|
|t:|1758355359
|switch|p1a: Keldeo|Keldeo-Resolute|38/100|[from] U-turn
|-damage|p1a: Keldeo|32/100|[from] Stealth Rock
|move|p2a: Kingambit|Swords Dance|p2a: Kingambit
|-boost|p2a: Kingambit|atk|2
|
|upkeep
|turn|17
|
|t:|1758355369
|move|p1a: Keldeo|Vacuum Wave|p2a: Kingambit
|-supereffective|p2a: Kingambit
|-damage|p2a: Kingambit|0 fnt
|faint|p2a: Kingambit
|-end|p2a: Kingambit|fallen4|[silent]
|
|upkeep
|-message|china sanxie forfeited.
|
|win|DoctorGrizzman
|raw|DoctorGrizzman's rating: 1317 &rarr; <strong>1338</strong><br />(+21 for winning)
|raw|china sanxie's rating: 1332 &rarr; <strong>1311</strong><br />(-21 for losing)
|l|☆china sanxie
|player|p2|
