|j|‽kingofdondons
|j|☆Tytohbird
|t:|1758307607
|gametype|singles
|player|p1|kingofdondons|skyla|1482
|player|p2|Tytohbird|1|1569
|gen|9
|tier|[Gen 9] OU
|rated|
|rule|HP Percentage Mod: HP is shown in percentages
|rule|Endless Battle Clause: Forcing endless battles is banned
|rule|Species Clause: Limit one of each Pokémon
|rule|OHKO Clause: OHKO moves are banned
|rule|Evasion Items Clause: Evasion items are banned
|rule|Evasion Moves Clause: Evasion moves are banned
|rule|Evasion Abilities Clause: Evasion abilities are banned
|rule|Sleep Moves Clause: Sleep-inducing moves are banned
|clearpoke
|poke|p1|Landorus-Therian, M|
|poke|p1|Samurott-Hisui, F|
|poke|p1|Pecharunt|
|poke|p1|Scizor, M|
|poke|p1|Latios, M|
|poke|p1|Zamazenta-*|
|poke|p2|Inteleon, F|
|poke|p2|Dragapult, F|
|poke|p2|Great Tusk|
|poke|p2|Ting-Lu|
|poke|p2|Clefable, F|
|poke|p2|Wo-Chien|
|teampreview
|inactive|Battle timer is ON: inactive players will automatically lose when time's up. (requested by Tytohbird)
|inactive|kingofdondons also wants the timer to be on.
|
|t:|1758307613
|teamsize|p1|6
|teamsize|p2|6
|start
|switch|p1a: Samurott|Samurott-Hisui, F|100/100
|switch|p2a: Clefable|Clefable, F|100/100
|turn|1
|
|t:|1758307628
|switch|p1a: Scizor|Scizor, M|100/100
|move|p2a: Clefable|Stealth Rock|p1a: Scizor
|-sidestart|p1: kingofdondons|move: Stealth Rock
|
|upkeep
|turn|2
|
|t:|1758307634
|switch|p2a: Great Tusk|Great Tusk|100/100
|move|p1a: Scizor|Knock Off|p2a: Great Tusk
|-resisted|p2a: Great Tusk
|-damage|p2a: Great Tusk|89/100
|-enditem|p2a: Great Tusk|Heavy-Duty Boots|[from] move: Knock Off|[of] p1a: Scizor
|
|upkeep
|turn|3
|
|t:|1758307644
|switch|p1a: Landorus|Landorus-Therian, M|100/100
|-damage|p1a: Landorus|88/100|[from] Stealth Rock
|-ability|p1a: Landorus|Intimidate|boost
|-unboost|p2a: Great Tusk|atk|1
|move|p2a: Great Tusk|Headlong Rush|p1a: Landorus
|-immune|p1a: Landorus
|
|upkeep
|turn|4
|
|t:|1758307647
|-end|p2a: Great Tusk|Protosynthesis|[silent]
|switch|p2a: Inteleon|Inteleon, F|100/100
|move|p1a: Landorus|U-turn|p2a: Inteleon
|-damage|p2a: Inteleon|60/100
|
|t:|1758307656
|switch|p1a: Scizor|Scizor, M|100/100|[from] U-turn
|
|upkeep
|turn|5
|
|t:|1758307659
|move|p2a: Inteleon|Snipe Shot|p1a: Scizor
|-crit|p1a: Scizor
|-damage|p1a: Scizor|0 fnt
|faint|p1a: Scizor
|
|upkeep
|
|t:|1758307665
|switch|p1a: Samurott|Samurott-Hisui, F|100/100
|-damage|p1a: Samurott|88/100|[from] Stealth Rock
|turn|6
|
|t:|1758307669
|switch|p2a: Wo-Chien|Wo-Chien|100/100
|-ability|p2a: Wo-Chien|Tablets of Ruin
|move|p1a: Samurott|Ceaseless Edge|p2a: Wo-Chien
|-resisted|p2a: Wo-Chien
|-damage|p2a: Wo-Chien|88/100
|-sidestart|p2: Tytohbird|Spikes
|
|-heal|p2a: Wo-Chien|95/100|[from] item: Leftovers
|upkeep
|turn|7
|
|t:|1758307673
|move|p1a: Samurott|Knock Off|p2a: Wo-Chien
|-resisted|p2a: Wo-Chien
|-damage|p2a: Wo-Chien|80/100
|-enditem|p2a: Wo-Chien|Leftovers|[from] move: Knock Off|[of] p1a: Samurott
|move|p2a: Wo-Chien|Giga Drain|p1a: Samurott
|-supereffective|p1a: Samurott
|-damage|p1a: Samurott|42/100
|-heal|p2a: Wo-Chien|100/100|[from] drain|[of] p1a: Samurott
|
|upkeep
|turn|8
|
|t:|1758307680
|switch|p1a: Pecharunt|Pecharunt|100/100
|move|p2a: Wo-Chien|Knock Off|p1a: Pecharunt
|-supereffective|p1a: Pecharunt
|-damage|p1a: Pecharunt|65/100
|-enditem|p1a: Pecharunt|Heavy-Duty Boots|[from] move: Knock Off|[of] p2a: Wo-Chien
|
|upkeep
|turn|9
|
|t:|1758307685
|move|p1a: Pecharunt|Malignant Chain|p2a: Wo-Chien
|-supereffective|p2a: Wo-Chien
|-crit|p2a: Wo-Chien
|-damage|p2a: Wo-Chien|42/100
|-status|p2a: Wo-Chien|tox
|-start|p2a: Wo-Chien|confusion|[from] ability: Poison Puppeteer|[of] p1a: Pecharunt
|-activate|p2a: Wo-Chien|confusion
|-damage|p2a: Wo-Chien|37/100 tox|[from] confusion
|
|-damage|p2a: Wo-Chien|30/100 tox|[from] psn
|upkeep
|turn|10
|
|t:|1758307689
|move|p1a: Pecharunt|Malignant Chain|p2a: Wo-Chien
|-supereffective|p2a: Wo-Chien
|-damage|p2a: Wo-Chien|0 fnt
|faint|p2a: Wo-Chien
|
|upkeep
|
|t:|1758307691
|switch|p2a: Inteleon|Inteleon, F|60/100
|-damage|p2a: Inteleon|47/100|[from] Spikes
|turn|11
|
|t:|1758307694
|move|p2a: Inteleon|Snipe Shot|p1a: Pecharunt
|-crit|p1a: Pecharunt
|-damage|p1a: Pecharunt|0 fnt
|faint|p1a: Pecharunt
|
|upkeep
|
|t:|1758307704
|switch|p1a: Latios|Latios, M|100/100
|-damage|p1a: Latios|88/100|[from] Stealth Rock
|turn|12
|
|t:|1758307708
|move|p2a: Inteleon|U-turn|p1a: Latios
|-supereffective|p1a: Latios
|-damage|p1a: Latios|53/100
|
|t:|1758307710
|switch|p2a: Clefable|Clefable, F|100/100|[from] U-turn
|move|p1a: Latios|Calm Mind|p1a: Latios
|-boost|p1a: Latios|spa|1
|-boost|p1a: Latios|spd|1
|
|upkeep
|turn|13
|
|t:|1758307720
|-terastallize|p1a: Latios|Steel
|move|p1a: Latios|Calm Mind|p1a: Latios
|-boost|p1a: Latios|spa|1
|-boost|p1a: Latios|spd|1
|move|p2a: Clefable|Calm Mind|p2a: Clefable
|-boost|p2a: Clefable|spa|1
|-boost|p2a: Clefable|spd|1
|
|upkeep
|turn|14
|
|t:|1758307724
|move|p1a: Latios|Recover|p1a: Latios
|-heal|p1a: Latios|100/100
|move|p2a: Clefable|Calm Mind|p2a: Clefable
|-boost|p2a: Clefable|spa|1
|-boost|p2a: Clefable|spd|1
|
|upkeep
|turn|15
|
|t:|1758307726
|move|p1a: Latios|Psychic Noise|p2a: Clefable
|-damage|p2a: Clefable|71/100
|-start|p2a: Clefable|move: Heal Block
|move|p2a: Clefable|Calm Mind|p2a: Clefable
|-boost|p2a: Clefable|spa|1
|-boost|p2a: Clefable|spd|1
|
|upkeep
|turn|16
|
|t:|1758307732
|move|p1a: Latios|Psychic Noise|p2a: Clefable
|-damage|p2a: Clefable|44/100
|move|p2a: Clefable|Moonblast|p1a: Latios
|-resisted|p1a: Latios
|-damage|p1a: Latios|81/100
|
|-end|p2a: Clefable|move: Heal Block
|upkeep
|turn|17
|
|t:|1758307737
|move|p1a: Latios|Psychic Noise|p2a: Clefable
|-damage|p2a: Clefable|20/100
|-start|p2a: Clefable|move: Heal Block
|move|p2a: Clefable|Moonblast|p1a: Latios
|-resisted|p1a: Latios
|-damage|p1a: Latios|58/100
|
|upkeep
|turn|18
|
|t:|1758307740
|switch|p2a: Inteleon|Inteleon, F|47/100
|-damage|p2a: Inteleon|35/100|[from] Spikes
|move|p1a: Latios|Psychic Noise|p2a: Inteleon
|-damage|p2a: Inteleon|0 fnt
|faint|p2a: Inteleon
|
|upkeep
|
|t:|1758307742
|switch|p2a: Ting-Lu|Ting-Lu|100/100
|-damage|p2a: Ting-Lu|88/100|[from] Spikes
|-ability|p2a: Ting-Lu|Vessel of Ruin
|turn|19
|
|t:|1758307745
|move|p1a: Latios|Recover|p1a: Latios
|-heal|p1a: Latios|100/100
|move|p2a: Ting-Lu|Body Press|p1a: Latios
|-supereffective|p1a: Latios
|-damage|p1a: Latios|7/100
|
|upkeep
|turn|20
|
|t:|1758307757
|switch|p2a: Clefable|Clefable, F|20/100
|move|p1a: Latios|Draco Meteor|p2a: Clefable
|-immune|p2a: Clefable
|
|-heal|p2a: Clefable|26/100|[from] item: Leftovers
|upkeep
|turn|21
|
|t:|1758307765
|switch|p2a: Ting-Lu|Ting-Lu|88/100
|-damage|p2a: Ting-Lu|76/100|[from] Spikes
|-ability|p2a: Ting-Lu|Vessel of Ruin
|move|p1a: Latios|Recover|p1a: Latios
|-heal|p1a: Latios|57/100
|
|upkeep
|turn|22
|
|t:|1758307772
|move|p1a: Latios|Draco Meteor|p2a: Ting-Lu|[miss]
|-miss|p1a: Latios|p2a: Ting-Lu
|move|p2a: Ting-Lu|Throat Chop|p1a: Latios
|-damage|p1a: Latios|0 fnt
|faint|p1a: Latios
|
|upkeep
|
|t:|1758307776
|switch|p1a: Samurott|Samurott-Hisui, F|42/100
|-damage|p1a: Samurott|30/100|[from] Stealth Rock
|turn|23
|
|t:|1758307785
|switch|p2a: Clefable|Clefable, F|26/100
|move|p1a: Samurott|Razor Shell|p2a: Clefable|[miss]
|-miss|p1a: Samurott|p2a: Clefable
|
|-heal|p2a: Clefable|32/100|[from] item: Leftovers
|upkeep
|turn|24
|
|t:|1758307791
|move|p1a: Samurott|Knock Off|p2a: Clefable
|-resisted|p2a: Clefable
|-damage|p2a: Clefable|7/100
|-enditem|p2a: Clefable|Leftovers|[from] move: Knock Off|[of] p1a: Samurott
|move|p2a: Clefable|Moonblast|p1a: Samurott
|-supereffective|p1a: Samurott
|-damage|p1a: Samurott|0 fnt
|faint|p1a: Samurott
|
|upkeep
|
|t:|1758307795
|switch|p1a: Landorus|Landorus-Therian, M|88/100
|-damage|p1a: Landorus|76/100|[from] Stealth Rock
|-ability|p1a: Landorus|Intimidate|boost
|-unboost|p2a: Clefable|atk|1
|turn|25
|
|t:|1758307798
|move|p1a: Landorus|U-turn|p2a: Clefable
|-resisted|p2a: Clefable
|-damage|p2a: Clefable|0 fnt
|faint|p2a: Clefable
|
|t:|1758307803
|switch|p1a: Zamazenta|Zamazenta|100/100|[from] U-turn
|-damage|p1a: Zamazenta|94/100|[from] Stealth Rock
|-ability|p1a: Zamazenta|Dauntless Shield|boost
|-boost|p1a: Zamazenta|def|1
|
|-heal|p1a: Zamazenta|100/100|[from] item: Leftovers
|upkeep
|
|t:|1758307804
|switch|p2a: Dragapult|Dragapult, F|100/100
|turn|26
|
|t:|1758307807
|move|p2a: Dragapult|Will-O-Wisp|p1a: Zamazenta
|-status|p1a: Zamazenta|brn
|move|p1a: Zamazenta|Crunch|p2a: Dragapult
|-supereffective|p2a: Dragapult
|-damage|p2a: Dragapult|72/100
|
|-damage|p1a: Zamazenta|94/100 brn|[from] brn
|upkeep
|turn|27
|
|t:|1758307810
|move|p2a: Dragapult|Hex|p1a: Zamazenta
|-damage|p1a: Zamazenta|44/100 brn
|move|p1a: Zamazenta|Crunch|p2a: Dragapult
|-supereffective|p2a: Dragapult
|-damage|p2a: Dragapult|43/100
|-unboost|p2a: Dragapult|def|1
|
|-heal|p1a: Zamazenta|50/100 brn|[from] item: Leftovers
|-damage|p1a: Zamazenta|44/100 brn|[from] brn
|upkeep
|turn|28
|
|t:|1758307812
|move|p2a: Dragapult|Hex|p1a: Zamazenta
|-damage|p1a: Zamazenta|0 fnt
|faint|p1a: Zamazenta
|
|upkeep
|
|t:|1758307814
|switch|p1a: Landorus|Landorus-Therian, M|76/100
|-damage|p1a: Landorus|63/100|[from] Stealth Rock
|-ability|p1a: Landorus|Intimidate|boost
|-unboost|p2a: Dragapult|atk|1
|turn|29
|
|t:|1758307821
|move|p2a: Dragapult|Hex|p1a: Landorus
|-damage|p1a: Landorus|35/100
|move|p1a: Landorus|Earthquake|p2a: Dragapult
|-damage|p2a: Dragapult|0 fnt
|faint|p2a: Dragapult
|
|upkeep
|
|t:|1758307823
|switch|p2a: Ting-Lu|Ting-Lu|76/100
|-damage|p2a: Ting-Lu|63/100|[from] Spikes
|-ability|p2a: Ting-Lu|Vessel of Ruin
|turn|30
|
|t:|1758307827
|move|p1a: Landorus|Earthquake|p2a: Ting-Lu
|-damage|p2a: Ting-Lu|33/100
|move|p2a: Ting-Lu|Throat Chop|p1a: Landorus
|-damage|p1a: Landorus|0 fnt
|-damage|p2a: Ting-Lu|16/100|[from] item: Rocky Helmet|[of] p1a: Landorus
|faint|p1a: Landorus
|
|win|Tytohbird
|raw|kingofdondons's rating: 1482 &rarr; <strong>1467</strong><br />(-15 for losing)
|raw|Tytohbird's rating: 1569 &rarr; <strong>1584</strong><br />(+15 for winning)
|l|‽kingofdondons
|player|p1|
|l|☆Tytohbird
|player|p2|
