|j|☆GRexMain
|j|☆loweloenamorao
|t:|1758357861
|gametype|singles
|player|p1|GRexMain|cyclist-gen4|1163
|player|p2|loweloenamorao|169|1175
|gen|9
|tier|[Gen 9] OU
|rated|
|rule|HP Percentage Mod: HP is shown in percentages
|rule|Endless Battle Clause: Forcing endless battles is banned
|rule|Species Clause: Limit one of each Pokémon
|rule|OHKO Clause: OHKO moves are banned
|rule|Evasion Items Clause: Evasion items are banned
|rule|Evasion Moves Clause: Evasion moves are banned
|rule|Evasion Abilities Clause: Evasion abilities are banned
|rule|Sleep Moves Clause: Sleep-inducing moves are banned
|clearpoke
|poke|p1|Persian-Alola, F|
|poke|p1|Brambleghast, M|
|poke|p1|Kilowattrel, M|
|poke|p1|Slowking-Galar, M|
|poke|p1|Sandslash-Alola, F|
|poke|p1|Gastrodon, F|
|poke|p2|Floatzel, M|
|poke|p2|Raging Bolt|
|poke|p2|Pelipper, M|
|poke|p2|Ogerpon-Wellspring, F|
|poke|p2|Kingambit, M|
|poke|p2|Weezing-Galar, F|
|teampreview
|inactive|Battle timer is ON: inactive players will automatically lose when time's up. (requested by GRexMain)
|
|t:|1758357884
|teamsize|p1|6
|teamsize|p2|6
|start
|switch|p1a: Persian|Persian-Alola, F|100/100
|switch|p2a: Bertrand Ndongo|Pelipper, M|100/100
|-weather|RainDance|[from] ability: Drizzle|[of] p2a: Bertrand Ndongo
|turn|1
|
|t:|1758357898
|move|p1a: Persian|Parting Shot|p2a: Bertrand Ndongo
|-unboost|p2a: Bertrand Ndongo|atk|1
|-unboost|p2a: Bertrand Ndongo|spa|1
|
|t:|1758357902
|switch|p1a: Gastrodon|Gastrodon, F|100/100|[from] Parting Shot
|move|p2a: Bertrand Ndongo|U-turn|p1a: Gastrodon
|-damage|p1a: Gastrodon|94/100
|
|t:|1758357921
|switch|p2a: Abascal|Ogerpon-Wellspring, F|100/100|[from] U-turn
|
|-weather|RainDance|[upkeep]
|-heal|p1a: Gastrodon|99/100|[from] item: Leftovers
|upkeep
|turn|2
|
|t:|1758357936
|move|p2a: Abascal|Knock Off|p1a: Gastrodon
|-damage|p1a: Gastrodon|57/100
|-enditem|p1a: Gastrodon|Leftovers|[from] move: Knock Off|[of] p2a: Abascal
|move|p1a: Gastrodon|Stealth Rock|p2a: Abascal
|-sidestart|p2: loweloenamorao|move: Stealth Rock
|
|-weather|RainDance|[upkeep]
|upkeep
|turn|3
|
|t:|1758357950
|move|p2a: Abascal|Horn Leech|p1a: Gastrodon
|-supereffective|p1a: Gastrodon
|-damage|p1a: Gastrodon|0 fnt
|faint|p1a: Gastrodon
|
|-weather|RainDance|[upkeep]
|upkeep
|
|t:|1758357961
|switch|p1a: Kilowattrel|Kilowattrel, M|100/100
|turn|4
|
|t:|1758357972
|move|p1a: Kilowattrel|Tailwind|p1a: Kilowattrel
|-sidestart|p1: GRexMain|move: Tailwind
|-start|p1a: Kilowattrel|Charge|Tailwind|[from] ability: Wind Power
|move|p2a: Abascal|Ivy Cudgel|p1a: Kilowattrel|[anim] Ivy Cudgel Water
|-enditem|p1a: Kilowattrel|Focus Sash
|-damage|p1a: Kilowattrel|1/100
|
|-weather|RainDance|[upkeep]
|upkeep
|turn|5
|
|t:|1758357982
|-terastallize|p2a: Abascal|Water
|detailschange|p2a: Abascal|Ogerpon-Wellspring-Tera, F, tera:Water
|-ability|p2a: Abascal|Embody Aspect (Wellspring)|boost
|-boost|p2a: Abascal|spd|1
|move|p1a: Kilowattrel|Air Slash|p2a: Abascal
|-damage|p2a: Abascal|74/100
|cant|p2a: Abascal|flinch
|
|-weather|RainDance|[upkeep]
|upkeep
|turn|6
|
|t:|1758357994
|switch|p2a: Este es de podemos|Weezing-Galar, F|100/100
|-ability|p2a: Este es de podemos|Neutralizing Gas
|-damage|p2a: Este es de podemos|88/100|[from] Stealth Rock
|move|p1a: Kilowattrel|Thunder|p2a: Este es de podemos
|-damage|p2a: Este es de podemos|0 fnt
|faint|p2a: Este es de podemos
|-end|p2a: Este es de podemos|ability: Neutralizing Gas
|-end|p1a: Kilowattrel|Charge|[silent]
|
|-weather|RainDance|[upkeep]
|upkeep
|
|t:|1758358000
|switch|p2a: Rajoi|Raging Bolt|100/100
|-damage|p2a: Rajoi|88/100|[from] Stealth Rock
|turn|7
|
|t:|1758358016
|switch|p1a: Slowking|Slowking-Galar, M|100/100
|move|p2a: Rajoi|Volt Switch|p1a: Slowking
|-damage|p1a: Slowking|67/100
|
|t:|1758358023
|-end|p2a: Rajoi|Protosynthesis|[silent]
|switch|p2a: Dei v|Floatzel, M|100/100|[from] Volt Switch
|-damage|p2a: Dei v|88/100|[from] Stealth Rock
|
|-weather|RainDance|[upkeep]
|-sideend|p1: GRexMain|move: Tailwind
|upkeep
|turn|8
|
|t:|1758358033
|move|p2a: Dei v|Wave Crash|p1a: Slowking
|-damage|p1a: Slowking|0 fnt
|faint|p1a: Slowking
|-damage|p2a: Dei v|61/100|[from] Recoil
|
|-weather|none
|upkeep
|
|t:|1758358041
|switch|p1a: Kilowattrel|Kilowattrel, M|1/100
|turn|9
|
|t:|1758358045
|switch|p2a: Bertrand Ndongo|Pelipper, M|100/100
|-damage|p2a: Bertrand Ndongo|76/100|[from] Stealth Rock
|-weather|RainDance|[from] ability: Drizzle|[of] p2a: Bertrand Ndongo
|move|p1a: Kilowattrel|Volt Switch|p2a: Bertrand Ndongo
|-supereffective|p2a: Bertrand Ndongo
|-damage|p2a: Bertrand Ndongo|0 fnt
|faint|p2a: Bertrand Ndongo
|
|t:|1758358059
|switch|p1a: Sandslash|Sandslash-Alola, F|100/100|[from] Volt Switch
|
|-weather|RainDance|[upkeep]
|upkeep
|
|t:|1758358062
|switch|p2a: Dei v|Floatzel, M|61/100
|-damage|p2a: Dei v|48/100|[from] Stealth Rock
|turn|10
|
|t:|1758358068
|move|p2a: Dei v|Wave Crash|p1a: Sandslash
|-damage|p1a: Sandslash|0 fnt
|faint|p1a: Sandslash
|-damage|p2a: Dei v|18/100|[from] Recoil
|
|-weather|RainDance|[upkeep]
|upkeep
|
|t:|1758358076
|switch|p1a: Kilowattrel|Kilowattrel, M|1/100
|turn|11
|
|t:|1758358080
|move|p2a: Dei v|Wave Crash|p1a: Kilowattrel
|-damage|p1a: Kilowattrel|0 fnt
|faint|p1a: Kilowattrel
|-damage|p2a: Dei v|18/100|[from] Recoil
|
|-weather|RainDance|[upkeep]
|upkeep
|
|t:|1758358088
|switch|p1a: Brambleghast|Brambleghast, M|100/100
|turn|12
|
|t:|1758358093
|move|p2a: Dei v|Wave Crash|p1a: Brambleghast
|-resisted|p1a: Brambleghast
|-damage|p1a: Brambleghast|0 fnt
|faint|p1a: Brambleghast
|-damage|p2a: Dei v|0 fnt|[from] Recoil
|faint|p2a: Dei v
|
|-weather|RainDance|[upkeep]
|upkeep
|-message|GRexMain forfeited.
|
|win|loweloenamorao
|raw|GRexMain's rating: 1163 &rarr; <strong>1139</strong><br />(-24 for losing)
|raw|loweloenamorao's rating: 1175 &rarr; <strong>1199</strong><br />(+24 for winning)
|l|☆GRexMain
|player|p1|
|l|☆loweloenamorao
|player|p2|
