|j|☆the_loogie
|j|☆Maurito97
|t:|1758303903
|gametype|singles
|player|p1|the_loogie|petrel|1263
|player|p2|Maurito97|cynthia-gen4|1267
|gen|9
|tier|[Gen 9] OU
|rated|
|rule|HP Percentage Mod: HP is shown in percentages
|rule|Endless Battle Clause: Forcing endless battles is banned
|rule|Species Clause: Limit one of each Pokémon
|rule|OHKO Clause: OHKO moves are banned
|rule|Evasion Items Clause: Evasion items are banned
|rule|Evasion Moves Clause: Evasion moves are banned
|rule|Evasion Abilities Clause: Evasion abilities are banned
|rule|Sleep Moves Clause: Sleep-inducing moves are banned
|clearpoke
|poke|p1|Zapdos|
|poke|p1|Iron Crown|
|poke|p1|Garganacl, F|
|poke|p1|Great Tusk|
|poke|p1|Iron Valiant|
|poke|p1|Dragapult, F|
|poke|p2|Hatterene, F|
|poke|p2|Garchomp, F|
|poke|p2|Milotic, M|
|poke|p2|Spiritomb, F|
|poke|p2|Kingambit, M|
|poke|p2|Porygon-Z|
|teampreview
|inactive|Battle timer is ON: inactive players will automatically lose when time's up. (requested by Maurito97)
|
|t:|1758303915
|teamsize|p1|6
|teamsize|p2|6
|start
|switch|p1a: Zapdos|Zapdos|100/100
|switch|p2a: Hatterene|Hatterene, F|100/100
|turn|1
|
|t:|1758303924
|move|p1a: Zapdos|U-turn|p2a: Hatterene
|-damage|p2a: Hatterene|84/100
|
|t:|1758303928
|switch|p1a: Iron Crown|Iron Crown|100/100|[from] U-turn
|move|p2a: Hatterene|Trick Room|p2a: Hatterene
|-fieldstart|move: Trick Room|[of] p2a: Hatterene
|
|upkeep
|turn|2
|
|t:|1758303938
|move|p2a: Hatterene|Calm Mind|p2a: Hatterene
|-boost|p2a: Hatterene|spa|1
|-boost|p2a: Hatterene|spd|1
|move|p1a: Iron Crown|Tachyon Cutter|p2a: Hatterene
|-supereffective|p2a: Hatterene
|-damage|p2a: Hatterene|50/100
|-enditem|p2a: Hatterene|Weakness Policy
|-boost|p2a: Hatterene|atk|2|[from] item: Weakness Policy
|-boost|p2a: Hatterene|spa|2|[from] item: Weakness Policy
|-supereffective|p2a: Hatterene
|-damage|p2a: Hatterene|14/100
|-hitcount|p2a: Hatterene|2
|
|upkeep
|turn|3
|
|t:|1758303949
|move|p2a: Hatterene|Stored Power|p1a: Iron Crown
|-resisted|p1a: Iron Crown
|-damage|p1a: Iron Crown|69/100
|move|p1a: Iron Crown|Tachyon Cutter|p2a: Hatterene
|-supereffective|p2a: Hatterene
|-damage|p2a: Hatterene|0 fnt
|faint|p2a: Hatterene
|-hitcount|p2: Hatterene|1
|
|upkeep
|
|t:|1758303969
|switch|p2a: Milotic|Milotic, M|100/100
|turn|4
|
|t:|1758303973
|move|p1a: Iron Crown|Volt Switch|p2a: Milotic
|-supereffective|p2a: Milotic
|-damage|p2a: Milotic|66/100
|
|t:|1758303994
|-end|p1a: Iron Crown|Quark Drive|[silent]
|switch|p1a: Zapdos|Zapdos|100/100|[from] Volt Switch
|move|p2a: Milotic|Mirror Coat|p1a: Zapdos
|-damage|p1a: Zapdos|17/100
|
|upkeep
|turn|5
|
|t:|1758304006
|switch|p2a: Garchomp|Garchomp, F|100/100
|switch|p1a: Dragapult|Dragapult, F|100/100
|
|-fieldend|move: Trick Room
|upkeep
|turn|6
|
|t:|1758304017
|switch|p2a: Spiritomb|Spiritomb, F|100/100
|move|p1a: Dragapult|Draco Meteor|p2a: Spiritomb
|-damage|p2a: Spiritomb|54/100
|-unboost|p1a: Dragapult|spa|2
|
|upkeep
|turn|7
|
|t:|1758304029
|move|p1a: Dragapult|Will-O-Wisp|p2a: Spiritomb
|-status|p2a: Spiritomb|brn
|move|p2a: Spiritomb|Will-O-Wisp|p1a: Dragapult|[miss]
|-miss|p2a: Spiritomb|p1a: Dragapult
|
|-damage|p2a: Spiritomb|48/100 brn|[from] brn
|upkeep
|turn|8
|
|t:|1758304041
|move|p1a: Dragapult|U-turn|p2a: Spiritomb
|-damage|p2a: Spiritomb|32/100 brn
|
|t:|1758304050
|switch|p1a: Garganacl|Garganacl, F|100/100|[from] U-turn
|move|p2a: Spiritomb|Will-O-Wisp|p1a: Garganacl
|-immune|p1a: Garganacl|[from] ability: Purifying Salt
|
|-damage|p2a: Spiritomb|26/100 brn|[from] brn
|upkeep
|turn|9
|
|t:|1758304064
|move|p2a: Spiritomb|Destiny Bond|p2a: Spiritomb
|-singlemove|p2a: Spiritomb|Destiny Bond
|move|p1a: Garganacl|Salt Cure|p2a: Spiritomb
|-damage|p2a: Spiritomb|12/100 brn
|-start|p2a: Spiritomb|Salt Cure
|
|-damage|p2a: Spiritomb|6/100 brn|[from] brn
|-damage|p2a: Spiritomb|0 fnt|[from] Salt Cure
|faint|p2a: Spiritomb
|upkeep
|
|t:|1758304077
|switch|p2a: Porygon-Z|Porygon-Z|100/100
|turn|10
|
|t:|1758304085
|move|p2a: Porygon-Z|Agility|p2a: Porygon-Z
|-boost|p2a: Porygon-Z|spe|2
|move|p1a: Garganacl|Salt Cure|p2a: Porygon-Z
|-damage|p2a: Porygon-Z|79/100
|-start|p2a: Porygon-Z|Salt Cure
|
|-damage|p2a: Porygon-Z|67/100|[from] Salt Cure
|upkeep
|turn|11
|
|t:|1758304097
|switch|p1a: Iron Crown|Iron Crown|69/100
|move|p2a: Porygon-Z|Nasty Plot|p2a: Porygon-Z
|-boost|p2a: Porygon-Z|spa|2
|
|-damage|p2a: Porygon-Z|55/100|[from] Salt Cure
|upkeep
|turn|12
|
|t:|1758304114
|move|p2a: Porygon-Z|Shadow Ball|p1a: Iron Crown
|-supereffective|p1a: Iron Crown
|-damage|p1a: Iron Crown|0 fnt
|faint|p1a: Iron Crown
|-end|p1a: Iron Crown|Quark Drive|[silent]
|
|-damage|p2a: Porygon-Z|43/100|[from] Salt Cure
|upkeep
|
|t:|1758304124
|switch|p1a: Zapdos|Zapdos|17/100
|turn|13
|
|t:|1758304131
|move|p2a: Porygon-Z|Tri Attack|p1a: Zapdos
|-damage|p1a: Zapdos|0 fnt
|faint|p1a: Zapdos
|
|-damage|p2a: Porygon-Z|30/100|[from] Salt Cure
|upkeep
|
|t:|1758304144
|switch|p1a: Dragapult|Dragapult, F|100/100
|turn|14
|
|t:|1758304148
|switch|p1a: Garganacl|Garganacl, F|100/100
|move|p2a: Porygon-Z|Shadow Ball|p1a: Garganacl
|-damage|p1a: Garganacl|78/100
|
|-heal|p1a: Garganacl|85/100|[from] item: Leftovers
|-damage|p2a: Porygon-Z|18/100|[from] Salt Cure
|upkeep
|turn|15
|
|t:|1758304160
|switch|p1a: Dragapult|Dragapult, F|100/100
|move|p2a: Porygon-Z|Shadow Ball|p1a: Dragapult
|-supereffective|p1a: Dragapult
|-damage|p1a: Dragapult|0 fnt
|faint|p1a: Dragapult
|
|-damage|p2a: Porygon-Z|6/100|[from] Salt Cure
|upkeep
|
|t:|1758304169
|switch|p1a: Great Tusk|Great Tusk|100/100
|turn|16
|
|t:|1758304173
|move|p2a: Porygon-Z|Tri Attack|p1a: Great Tusk
|-damage|p1a: Great Tusk|0 fnt
|faint|p1a: Great Tusk
|-end|p1a: Great Tusk|Protosynthesis|[silent]
|
|-damage|p2a: Porygon-Z|0 fnt|[from] Salt Cure
|faint|p2a: Porygon-Z
|upkeep
|
|t:|1758304185
|switch|p2a: Milotic|Milotic, M|66/100
|switch|p1a: Iron Valiant|Iron Valiant|100/100
|turn|17
|
|t:|1758304191
|move|p1a: Iron Valiant|Calm Mind|p1a: Iron Valiant
|-boost|p1a: Iron Valiant|spa|1
|-boost|p1a: Iron Valiant|spd|1
|move|p2a: Milotic|Scald|p1a: Iron Valiant
|-damage|p1a: Iron Valiant|68/100
|
|upkeep
|turn|18
|
|t:|1758304199
|move|p1a: Iron Valiant|Calm Mind|p1a: Iron Valiant
|-boost|p1a: Iron Valiant|spa|1
|-boost|p1a: Iron Valiant|spd|1
|move|p2a: Milotic|Scald|p1a: Iron Valiant
|-damage|p1a: Iron Valiant|42/100
|
|upkeep
|turn|19
|
|t:|1758304209
|move|p1a: Iron Valiant|Moonblast|p2a: Milotic
|-damage|p2a: Milotic|1/100
|move|p2a: Milotic|Recover|p2a: Milotic
|-heal|p2a: Milotic|51/100
|
|upkeep
|turn|20
|
|t:|1758304217
|move|p1a: Iron Valiant|Moonblast|p2a: Milotic
|-damage|p2a: Milotic|0 fnt
|faint|p2a: Milotic
|
|upkeep
|
|t:|1758304223
|switch|p2a: Garchomp|Garchomp, F|100/100
|turn|21
|
|t:|1758304229
|-terastallize|p2a: Garchomp|Fairy
|move|p1a: Iron Valiant|Moonblast|p2a: Garchomp
|-damage|p2a: Garchomp|0 fnt
|faint|p2a: Garchomp
|
|upkeep
|
|t:|1758304237
|switch|p2a: Kingambit|Kingambit, M|100/100
|-activate|p2a: Kingambit|ability: Supreme Overlord
|-start|p2a: Kingambit|fallen5|[silent]
|turn|22
|
|t:|1758304246
|move|p1a: Iron Valiant|Aura Sphere|p2a: Kingambit
|-supereffective|p2a: Kingambit
|-damage|p2a: Kingambit|0 fnt
|faint|p2a: Kingambit
|-end|p2a: Kingambit|fallen5|[silent]
|
|win|the_loogie
|raw|the_loogie's rating: 1263 &rarr; <strong>1288</strong><br />(+25 for winning)
|raw|Maurito97's rating: 1267 &rarr; <strong>1242</strong><br />(-25 for losing)
|l|☆Maurito97
|player|p2|
|l|☆the_loogie
|player|p1|
