|j|☆LuthStar
|j|☆capitolg
|t:|1758356304
|gametype|singles
|player|p1|LuthStar|ethan|1181
|player|p2|capitolg|bellelba|1170
|gen|9
|tier|[Gen 9] OU
|rated|
|rule|HP Percentage Mod: HP is shown in percentages
|rule|Endless Battle Clause: Forcing endless battles is banned
|rule|Species Clause: Limit one of each Pokémon
|rule|OHKO Clause: OHKO moves are banned
|rule|Evasion Items Clause: Evasion items are banned
|rule|Evasion Moves Clause: Evasion moves are banned
|rule|Evasion Abilities Clause: Evasion abilities are banned
|rule|Sleep Moves Clause: Sleep-inducing moves are banned
|clearpoke
|poke|p1|Typhlosion, M|
|poke|p1|Donphan, M|
|poke|p1|Azumarill, F|
|poke|p1|Espeon, F|
|poke|p1|Hitmontop, M|
|poke|p1|Scizor, M|
|poke|p2|Masquerain, M|
|poke|p2|Articuno-Galar|
|poke|p2|Smeargle, M|
|poke|p2|Empoleon, F|
|poke|p2|Passimian, M|
|poke|p2|Chandelure, M|
|teampreview
|
|t:|1758356316
|teamsize|p1|6
|teamsize|p2|6
|start
|switch|p1a: Hitmontop|Hitmontop, M|100/100
|switch|p2a: Masquerain|Masquerain, M|100/100
|-ability|p2a: Masquerain|Intimidate|boost
|-unboost|p1a: Hitmontop|atk|1
|turn|1
|
|t:|1758356323
|switch|p1a: Espeon|Espeon, F|100/100
|move|p2a: Masquerain|Sticky Web|p1a: Espeon
|move|p1a: Espeon|Sticky Web|p2a: Masquerain|[from] ability: Magic Bounce
|-sidestart|p2: capitolg|move: Sticky Web
|
|upkeep
|turn|2
|
|t:|1758356336
|move|p1a: Espeon|Psychic|p2a: Masquerain
|-damage|p2a: Masquerain|19/100
|move|p2a: Masquerain|Bug Buzz|p1a: Espeon
|-supereffective|p1a: Espeon
|-damage|p1a: Espeon|0 fnt
|faint|p1a: Espeon
|
|upkeep
|
|t:|1758356344
|switch|p1a: Hitmontop|Hitmontop, M|100/100
|turn|3
|
|t:|1758356348
|move|p1a: Hitmontop|Fake Out|p2a: Masquerain
|-damage|p2a: Masquerain|0 fnt
|faint|p2a: Masquerain
|-damage|p1a: Hitmontop|91/100|[from] item: Life Orb
|
|upkeep
|
|t:|1758356351
|switch|p2a: Chandelure|Chandelure, M|100/100
|-activate|p2a: Chandelure|move: Sticky Web
|-unboost|p2a: Chandelure|spe|1
|turn|4
|
|t:|1758356362
|switch|p1a: Typhlosion|Typhlosion, M|100/100
|move|p2a: Chandelure|Trick Room|p2a: Chandelure
|-fieldstart|move: Trick Room|[of] p2a: Chandelure
|
|upkeep
|turn|5
|
|t:|1758356369
|move|p2a: Chandelure|Shadow Ball|p1a: Typhlosion
|-crit|p1a: Typhlosion
|-damage|p1a: Typhlosion|24/100
|move|p1a: Typhlosion|Roar|p2a: Chandelure
|drag|p2a: Passimian|Passimian, M|100/100
|-activate|p2a: Passimian|move: Sticky Web
|-unboost|p2a: Passimian|spe|1
|-ability|p2a: Passimian|Defiant|boost
|-boost|p2a: Passimian|atk|2
|
|-heal|p1a: Typhlosion|30/100|[from] item: Leftovers
|upkeep
|turn|6
|
|t:|1758356379
|move|p2a: Passimian|Earthquake|p1a: Typhlosion
|-supereffective|p1a: Typhlosion
|-damage|p1a: Typhlosion|0 fnt
|faint|p1a: Typhlosion
|
|upkeep
|
|t:|1758356391
|switch|p1a: Donphan|Donphan, M|100/100
|turn|7
|
|t:|1758356397
|switch|p2a: Smeargle|Smeargle, M|100/100
|-activate|p2a: Smeargle|move: Sticky Web
|-unboost|p2a: Smeargle|spe|1
|move|p1a: Donphan|Earthquake|p2a: Smeargle
|-damage|p2a: Smeargle|2/100
|
|upkeep
|turn|8
|
|t:|1758356405
|move|p2a: Smeargle|Burning Bulwark|p2a: Smeargle
|-singleturn|p2a: Smeargle|move: Protect
|move|p1a: Donphan|Ice Spinner|p2a: Smeargle
|-activate|p2a: Smeargle|move: Protect
|-status|p1a: Donphan|brn
|
|-damage|p1a: Donphan|94/100 brn|[from] brn
|-fieldend|move: Trick Room
|upkeep
|turn|9
|
|t:|1758356413
|move|p1a: Donphan|Stealth Rock|p2a: Smeargle
|-sidestart|p2: capitolg|move: Stealth Rock
|move|p2a: Smeargle|Trick Room|p2a: Smeargle
|-fieldstart|move: Trick Room|[of] p2a: Smeargle
|
|-heal|p1a: Donphan|100/100 brn|[from] item: Leftovers
|-damage|p1a: Donphan|94/100 brn|[from] brn
|upkeep
|turn|10
|
|t:|1758356419
|move|p2a: Smeargle|Taunt|p1a: Donphan
|-start|p1a: Donphan|move: Taunt
|move|p1a: Donphan|Ice Spinner|p2a: Smeargle
|-damage|p2a: Smeargle|0 fnt
|faint|p2a: Smeargle
|
|-heal|p1a: Donphan|100/100 brn|[from] item: Leftovers
|-damage|p1a: Donphan|94/100 brn|[from] brn
|upkeep
|
|t:|1758356423
|switch|p2a: Empoleon|Empoleon, F|100/100
|-activate|p2a: Empoleon|move: Sticky Web
|-unboost|p2a: Empoleon|spe|1
|-ability|p2a: Empoleon|Competitive|boost
|-boost|p2a: Empoleon|spa|2
|-damage|p2a: Empoleon|94/100|[from] Stealth Rock
|turn|11
|
|t:|1758356436
|move|p2a: Empoleon|Surf|p1a: Donphan
|-supereffective|p1a: Donphan
|-damage|p1a: Donphan|0 fnt
|faint|p1a: Donphan
|
|upkeep
|
|t:|1758356441
|switch|p1a: Hitmontop|Hitmontop, M|91/100
|turn|12
|
|t:|1758356444
|move|p1a: Hitmontop|Fake Out|p2a: Empoleon
|-resisted|p2a: Empoleon
|-damage|p2a: Empoleon|82/100
|-damage|p1a: Hitmontop|81/100|[from] item: Life Orb
|cant|p2a: Empoleon|flinch
|
|upkeep
|turn|13
|
|t:|1758356450
|move|p1a: Hitmontop|Mach Punch|p2a: Empoleon
|-supereffective|p2a: Empoleon
|-damage|p2a: Empoleon|4/100
|-damage|p1a: Hitmontop|71/100|[from] item: Life Orb
|move|p2a: Empoleon|Air Slash|p1a: Hitmontop
|-supereffective|p1a: Hitmontop
|-damage|p1a: Hitmontop|0 fnt
|faint|p1a: Hitmontop
|
|-fieldend|move: Trick Room
|upkeep
|
|t:|1758356461
|switch|p1a: Azumarill|Azumarill, F|100/100
|turn|14
|
|t:|1758356464
|move|p1a: Azumarill|Aqua Jet|p2a: Empoleon
|-resisted|p2a: Empoleon
|-damage|p2a: Empoleon|0 fnt
|faint|p2a: Empoleon
|
|upkeep
|
|t:|1758356471
|switch|p2a: Passimian|Passimian, M|100/100
|-activate|p2a: Passimian|move: Sticky Web
|-unboost|p2a: Passimian|spe|1
|-ability|p2a: Passimian|Defiant|boost
|-boost|p2a: Passimian|atk|2
|-damage|p2a: Passimian|94/100|[from] Stealth Rock
|turn|15
|
|t:|1758356478
|move|p1a: Azumarill|Play Rough|p2a: Passimian
|-supereffective|p2a: Passimian
|-crit|p2a: Passimian
|-damage|p2a: Passimian|0 fnt
|faint|p2a: Passimian
|
|upkeep
|
|t:|1758356481
|switch|p2a: Articuno|Articuno-Galar|100/100
|-activate|p2a: Articuno|move: Sticky Web
|-unboost|p2a: Articuno|spe|1
|-ability|p2a: Articuno|Competitive|boost
|-boost|p2a: Articuno|spa|2
|-damage|p2a: Articuno|76/100|[from] Stealth Rock
|turn|16
|
|t:|1758356491
|move|p1a: Azumarill|Play Rough|p2a: Articuno
|-damage|p2a: Articuno|21/100
|move|p2a: Articuno|Trick Room|p2a: Articuno
|-fieldstart|move: Trick Room|[of] p2a: Articuno
|
|upkeep
|turn|17
|
|t:|1758356501
|move|p2a: Articuno|Freezing Glare|p1a: Azumarill
|-damage|p1a: Azumarill|28/100
|move|p1a: Azumarill|Liquidation|p2a: Articuno
|-damage|p2a: Articuno|0 fnt
|faint|p2a: Articuno
|
|upkeep
|
|t:|1758356503
|switch|p2a: Chandelure|Chandelure, M|100/100
|-activate|p2a: Chandelure|move: Sticky Web
|-unboost|p2a: Chandelure|spe|1
|-damage|p2a: Chandelure|76/100|[from] Stealth Rock
|turn|18
|
|t:|1758356512
|move|p1a: Azumarill|Aqua Jet|p2a: Chandelure
|-supereffective|p2a: Chandelure
|-damage|p2a: Chandelure|25/100
|move|p2a: Chandelure|Shadow Ball|p1a: Azumarill
|-damage|p1a: Azumarill|0 fnt
|faint|p1a: Azumarill
|
|upkeep
|
|t:|1758356519
|switch|p1a: Scizor|Scizor, M|100/100
|turn|19
|
|t:|1758356534
|-terastallize|p1a: Scizor|Fighting
|move|p2a: Chandelure|Flamethrower|p1a: Scizor
|-damage|p1a: Scizor|33/100
|move|p1a: Scizor|Bug Bite|p2a: Chandelure
|-resisted|p2a: Chandelure
|-damage|p2a: Chandelure|4/100
|
|upkeep
|turn|20
|
|t:|1758356542
|move|p2a: Chandelure|Psychic|p1a: Scizor
|-supereffective|p1a: Scizor
|-damage|p1a: Scizor|0 fnt
|faint|p1a: Scizor
|
|win|capitolg
|raw|LuthStar's rating: 1181 &rarr; <strong>1155</strong><br />(-26 for losing)
|raw|capitolg's rating: 1170 &rarr; <strong>1196</strong><br />(+26 for winning)
|l|☆capitolg
|player|p2|
|l|☆LuthStar
|player|p1|
