|j|☆Matho
|j|☆Yurivsp20
|t:|1758257714
|gametype|singles
|player|p1|Matho|101|1121
|player|p2|Yurivsp20|265|1077
|gen|9
|tier|[Gen 9] OU
|rated|
|rule|HP Percentage Mod: HP is shown in percentages
|rule|Endless Battle Clause: Forcing endless battles is banned
|rule|Species Clause: Limit one of each Pokémon
|rule|OHKO Clause: OHKO moves are banned
|rule|Evasion Items Clause: Evasion items are banned
|rule|Evasion Moves Clause: Evasion moves are banned
|rule|Evasion Abilities Clause: Evasion abilities are banned
|rule|Sleep Moves Clause: Sleep-inducing moves are banned
|clearpoke
|poke|p1|Garganacl, F|
|poke|p1|Iron Valiant|
|poke|p1|Iron Crown|
|poke|p1|Dragonite, M|
|poke|p1|Rotom-Wash|
|poke|p1|Iron Hands|
|poke|p2|Flygon, M|
|poke|p2|Dragapult, F|
|poke|p2|Dragonite, M|
|poke|p2|Haxorus, F|
|poke|p2|Goodra-Hisui, M|
|poke|p2|Garchomp, M|
|teampreview
|
|t:|1758257728
|teamsize|p1|6
|teamsize|p2|6
|start
|switch|p1a: Iron Hands|Iron Hands|100/100
|switch|p2a: Flygon|Flygon, M|100/100
|turn|1
|
|t:|1758257758
|-end|p1a: Iron Hands|Quark Drive|[silent]
|switch|p1a: Rotom|Rotom-Wash|100/100
|move|p2a: Flygon|Earthquake|p1a: Rotom
|-immune|p1a: Rotom|[from] ability: Levitate
|
|upkeep
|turn|2
|
|t:|1758257766
|move|p2a: Flygon|U-turn|p1a: Rotom
|-damage|p1a: Rotom|68/100
|-damage|p2a: Flygon|91/100|[from] item: Life Orb
|
|t:|1758257780
|switch|p2a: Dragapult|Dragapult, F|100/100|[from] U-turn
|move|p1a: Rotom|Will-O-Wisp|p2a: Dragapult
|-status|p2a: Dragapult|brn
|
|-heal|p1a: Rotom|74/100|[from] item: Leftovers
|-damage|p2a: Dragapult|95/100 brn|[from] brn
|upkeep
|turn|3
|
|t:|1758257804
|move|p2a: Dragapult|Dragon Dance|p2a: Dragapult
|-boost|p2a: Dragapult|atk|1
|-boost|p2a: Dragapult|spe|1
|move|p1a: Rotom|Volt Switch|p2a: Dragapult
|-resisted|p2a: Dragapult
|-damage|p2a: Dragapult|74/100 brn
|-start|p1a: Rotom|Disable|Volt Switch|[from] ability: Cursed Body|[of] p2a: Dragapult
|
|t:|1758257822
|switch|p1a: Garganacl|Garganacl, F|100/100|[from] Volt Switch
|
|-damage|p2a: Dragapult|68/100 brn|[from] brn
|upkeep
|turn|4
|
|t:|1758257830
|move|p2a: Dragapult|Dragon Darts|p1a: Garganacl
|-damage|p1a: Garganacl|88/100
|-anim|p2a: Dragapult|Dragon Darts|p1a: Garganacl
|-damage|p1a: Garganacl|75/100
|move|p1a: Garganacl|Salt Cure|p2a: Dragapult
|-damage|p2a: Dragapult|50/100 brn
|-start|p2a: Dragapult|Salt Cure
|
|-heal|p1a: Garganacl|81/100|[from] item: Leftovers
|-damage|p2a: Dragapult|44/100 brn|[from] brn
|-damage|p2a: Dragapult|32/100 brn|[from] Salt Cure
|upkeep
|turn|5
|
|t:|1758257878
|move|p2a: Dragapult|Dragon Dance|p2a: Dragapult
|-boost|p2a: Dragapult|atk|1
|-boost|p2a: Dragapult|spe|1
|move|p1a: Garganacl|Stealth Rock|p2a: Dragapult
|-sidestart|p2: Yurivsp20|move: Stealth Rock
|
|-heal|p1a: Garganacl|87/100|[from] item: Leftovers
|-damage|p2a: Dragapult|26/100 brn|[from] brn
|-damage|p2a: Dragapult|13/100 brn|[from] Salt Cure
|upkeep
|turn|6
|
|t:|1758257908
|move|p1a: Garganacl|Protect|p1a: Garganacl
|-singleturn|p1a: Garganacl|Protect
|move|p2a: Dragapult|Dragon Darts|p1a: Garganacl
|-activate|p1a: Garganacl|move: Protect
|
|-heal|p1a: Garganacl|93/100|[from] item: Leftovers
|-damage|p2a: Dragapult|7/100 brn|[from] brn
|-damage|p2a: Dragapult|0 fnt|[from] Salt Cure
|faint|p2a: Dragapult
|upkeep
|
|t:|1758257928
|switch|p2a: Garchomp|Garchomp, M|100/100
|-damage|p2a: Garchomp|94/100|[from] Stealth Rock
|turn|7
|
|t:|1758257937
|switch|p1a: Rotom|Rotom-Wash|74/100
|move|p2a: Garchomp|Stealth Rock|p1a: Rotom
|-sidestart|p1: Matho|move: Stealth Rock
|
|-heal|p1a: Rotom|80/100|[from] item: Leftovers
|upkeep
|turn|8
|
|t:|1758257947
|move|p2a: Garchomp|Scale Shot|p1a: Rotom
|-damage|p1a: Rotom|64/100
|-damage|p1a: Rotom|48/100
|-hitcount|p1a: Rotom|2
|-unboost|p2a: Garchomp|def|1
|-boost|p2a: Garchomp|spe|1
|move|p1a: Rotom|Will-O-Wisp|p2a: Garchomp
|-status|p2a: Garchomp|brn
|
|-heal|p1a: Rotom|54/100|[from] item: Leftovers
|-damage|p2a: Garchomp|88/100 brn|[from] brn
|upkeep
|turn|9
|-message|Yurivsp20 forfeited.
|
|win|Matho
|raw|Matho's rating: 1121 &rarr; <strong>1143</strong><br />(+22 for winning)
|raw|Yurivsp20's rating: 1077 &rarr; <strong>1058</strong><br />(-19 for losing)
|l|☆Yurivsp20
|player|p2|
|l|☆Matho
|player|p1|
