|j|☆jinu55
|j|☆zerononame
|t:|1758263508
|gametype|singles
|player|p1|jinu55|byron|1354
|player|p2|zerononame|chili|1372
|gen|9
|tier|[Gen 9] OU
|rated|
|rule|HP Percentage Mod: HP is shown in percentages
|rule|Endless Battle Clause: Forcing endless battles is banned
|rule|Species Clause: Limit one of each Pokémon
|rule|OHKO Clause: OHKO moves are banned
|rule|Evasion Items Clause: Evasion items are banned
|rule|Evasion Moves Clause: Evasion moves are banned
|rule|Evasion Abilities Clause: Evasion abilities are banned
|rule|Sleep Moves Clause: Sleep-inducing moves are banned
|clearpoke
|poke|p1|Hitmonlee, M|
|poke|p1|Azumarill, M|
|poke|p1|Blaziken, M|
|poke|p1|Meowscarada, M|
|poke|p1|Donphan, F|
|poke|p1|Dragonite, M|
|poke|p2|Ribombee, F|
|poke|p2|Gholdengo|
|poke|p2|Sableye, F|
|poke|p2|Thundurus-Therian, M|
|poke|p2|Empoleon, M|
|poke|p2|Ursaluna, F|
|teampreview
|inactive|Battle timer is ON: inactive players will automatically lose when time's up. (requested by jinu55)
|inactive|jinu55 has 120 seconds left.
|inactive|jinu55 has 90 seconds left.
|inactive|jinu55 has 60 seconds left.
|
|t:|1758263615
|teamsize|p1|6
|teamsize|p2|6
|start
|switch|p1a: Azumarill|Azumarill, M|100/100
|switch|p2a: Ribombee|Ribombee, F|100/100
|turn|1
|
|t:|1758263631
|move|p2a: Ribombee|Switcheroo|p1a: Azumarill
|-activate|p2a: Ribombee|move: Trick|[of] p1a: Azumarill
|-item|p1a: Azumarill|Choice Scarf|[from] move: Switcheroo
|-item|p2a: Ribombee|Sitrus Berry|[from] move: Switcheroo
|move|p1a: Azumarill|Belly Drum|p1a: Azumarill
|-damage|p1a: Azumarill|50/100
|-setboost|p1a: Azumarill|atk|6|[from] move: Belly Drum
|
|upkeep
|turn|2
|inactive|jinu55 has 120 seconds left.
|
|t:|1758263648
|switch|p1a: Dragonite|Dragonite, M|100/100
|move|p2a: Ribombee|Moonblast|p1a: Dragonite
|-supereffective|p1a: Dragonite
|-damage|p1a: Dragonite|58/100
|-unboost|p1a: Dragonite|spa|1
|-enditem|p1a: Dragonite|Weakness Policy
|-boost|p1a: Dragonite|atk|2|[from] item: Weakness Policy
|-boost|p1a: Dragonite|spa|2|[from] item: Weakness Policy
|
|upkeep
|turn|3
|
|t:|1758263658
|switch|p2a: Sableye|Sableye, F|100/100
|move|p1a: Dragonite|Extreme Speed|p2a: Sableye
|-immune|p2a: Sableye
|
|upkeep
|turn|4
|inactive|jinu55 has 120 seconds left.
|
|t:|1758263663
|move|p2a: Sableye|Encore|p1a: Dragonite
|-start|p1a: Dragonite|Encore
|move|p1a: Dragonite|Extreme Speed|p2a: Sableye
|-immune|p2a: Sableye
|
|upkeep
|turn|5
|
|t:|1758263672
|switch|p1a: Meowscarada|Meowscarada, M|100/100
|move|p2a: Sableye|Knock Off|p1a: Meowscarada
|-resisted|p1a: Meowscarada
|-damage|p1a: Meowscarada|79/100
|-enditem|p1a: Meowscarada|Focus Sash|[from] move: Knock Off|[of] p2a: Sableye
|
|upkeep
|turn|6
|
|t:|1758263677
|move|p2a: Sableye|Reflect|p2a: Sableye
|-sidestart|p2: zerononame|Reflect
|move|p1a: Meowscarada|Play Rough|p2a: Sableye
|-supereffective|p2a: Sableye
|-damage|p2a: Sableye|73/100
|-damage|p1a: Meowscarada|63/100|[from] item: Rocky Helmet|[of] p2a: Sableye
|
|upkeep
|turn|7
|
|t:|1758263685
|switch|p2a: Ribombee|Ribombee, F|100/100
|move|p1a: Meowscarada|Play Rough|p2a: Ribombee
|-damage|p2a: Ribombee|74/100
|
|upkeep
|turn|8
|
|t:|1758263704
|move|p1a: Meowscarada|Play Rough|p2a: Ribombee
|-damage|p2a: Ribombee|48/100
|-enditem|p2a: Ribombee|Sitrus Berry|[eat]
|-heal|p2a: Ribombee|73/100|[from] item: Sitrus Berry
|move|p2a: Ribombee|Moonblast|p1a: Meowscarada
|-supereffective|p1a: Meowscarada
|-damage|p1a: Meowscarada|0 fnt
|faint|p1a: Meowscarada
|
|upkeep
|
|t:|1758263718
|switch|p1a: Blaziken|Blaziken, M|100/100
|turn|9
|
|t:|1758263722
|move|p2a: Ribombee|Tailwind|p2a: Ribombee
|-sidestart|p2: zerononame|move: Tailwind
|move|p1a: Blaziken|Swords Dance|p1a: Blaziken
|-boost|p1a: Blaziken|atk|2
|
|-ability|p1a: Blaziken|Speed Boost|boost
|-boost|p1a: Blaziken|spe|1
|upkeep
|turn|10
|
|t:|1758263733
|move|p1a: Blaziken|Protect|p1a: Blaziken
|-singleturn|p1a: Blaziken|Protect
|move|p2a: Ribombee|Stun Spore|p1a: Blaziken
|-activate|p1a: Blaziken|move: Protect
|
|-sideend|p2: zerononame|Reflect
|-ability|p1a: Blaziken|Speed Boost|boost
|-boost|p1a: Blaziken|spe|1
|upkeep
|turn|11
|
|t:|1758263738
|move|p2a: Ribombee|Stun Spore|p1a: Blaziken
|-status|p1a: Blaziken|par
|move|p1a: Blaziken|Flare Blitz|p2a: Ribombee
|-supereffective|p2a: Ribombee
|-damage|p2a: Ribombee|0 fnt
|faint|p2a: Ribombee
|-damage|p1a: Blaziken|80/100 par|[from] Recoil
|-damage|p1a: Blaziken|70/100 par|[from] item: Life Orb
|
|-ability|p1a: Blaziken|Speed Boost|boost
|-boost|p1a: Blaziken|spe|1
|upkeep
|
|t:|1758263743
|switch|p2a: Sableye|Sableye, F|73/100
|turn|12
|
|t:|1758263747
|move|p2a: Sableye|Reflect|p2a: Sableye
|-sidestart|p2: zerononame|Reflect
|move|p1a: Blaziken|Flare Blitz|p2a: Sableye
|-damage|p2a: Sableye|0 fnt
|-damage|p1a: Blaziken|53/100 par|[from] item: Rocky Helmet|[of] p2a: Sableye
|faint|p2a: Sableye
|-damage|p1a: Blaziken|29/100 par|[from] Recoil
|-damage|p1a: Blaziken|19/100 par|[from] item: Life Orb
|
|-sideend|p2: zerononame|move: Tailwind
|-ability|p1a: Blaziken|Speed Boost|boost
|-boost|p1a: Blaziken|spe|1
|upkeep
|
|t:|1758263768
|switch|p2a: Empoleon|Empoleon, M|100/100
|turn|13
|
|t:|1758263778
|move|p2a: Empoleon|Vacuum Wave|p1a: Blaziken
|-damage|p1a: Blaziken|0 fnt
|faint|p1a: Blaziken
|
|upkeep
|
|t:|1758263782
|switch|p1a: Hitmonlee|Hitmonlee, M|100/100
|turn|14
|
|t:|1758263788
|move|p1a: Hitmonlee|Knock Off|p2a: Empoleon
|-damage|p2a: Empoleon|78/100
|-enditem|p2a: Empoleon|Assault Vest|[from] move: Knock Off|[of] p1a: Hitmonlee
|move|p2a: Empoleon|Surf|p1a: Hitmonlee
|-damage|p1a: Hitmonlee|37/100
|
|upkeep
|turn|15
|
|t:|1758263795
|switch|p1a: Azumarill|Azumarill, M|50/100
|move|p2a: Empoleon|Surf|p1a: Azumarill
|-resisted|p1a: Azumarill
|-crit|p1a: Azumarill
|-damage|p1a: Azumarill|19/100
|
|upkeep
|turn|16
|
|t:|1758263800
|move|p1a: Azumarill|Aqua Jet|p2a: Empoleon
|-resisted|p2a: Empoleon
|-damage|p2a: Empoleon|71/100
|move|p2a: Empoleon|Flip Turn|p1a: Azumarill
|-resisted|p1a: Azumarill
|-damage|p1a: Azumarill|10/100
|
|t:|1758263813
|switch|p2a: Thundurus|Thundurus-Therian, M|100/100|[from] Flip Turn
|
|-sideend|p2: zerononame|Reflect
|upkeep
|turn|17
|
|t:|1758263815
|switch|p2a: Empoleon|Empoleon, M|71/100
|move|p1a: Azumarill|Aqua Jet|p2a: Empoleon
|-resisted|p2a: Empoleon
|-damage|p2a: Empoleon|58/100
|
|upkeep
|turn|18
|
|t:|1758263817
|move|p1a: Azumarill|Aqua Jet|p2a: Empoleon
|-resisted|p2a: Empoleon
|-damage|p2a: Empoleon|45/100
|move|p2a: Empoleon|Surf|p1a: Azumarill
|-resisted|p1a: Azumarill
|-damage|p1a: Azumarill|0 fnt
|faint|p1a: Azumarill
|
|upkeep
|
|t:|1758263820
|switch|p1a: Hitmonlee|Hitmonlee, M|37/100
|turn|19
|
|t:|1758263828
|move|p2a: Empoleon|Vacuum Wave|p1a: Hitmonlee
|-damage|p1a: Hitmonlee|18/100
|move|p1a: Hitmonlee|High Jump Kick|p2a: Empoleon|[miss]
|-miss|p1a: Hitmonlee|p2a: Empoleon
|-damage|p1a: Hitmonlee|0 fnt|[from] highjumpkick
|faint|p1a: Hitmonlee
|
|upkeep
|
|t:|1758263837
|switch|p1a: Dragonite|Dragonite, M|58/100
|turn|20
|
|t:|1758263841
|move|p1a: Dragonite|Roost|p1a: Dragonite
|-heal|p1a: Dragonite|100/100
|-singleturn|p1a: Dragonite|move: Roost
|move|p2a: Empoleon|Ice Beam|p1a: Dragonite
|-supereffective|p1a: Dragonite
|-damage|p1a: Dragonite|69/100
|
|upkeep
|turn|21
|
|t:|1758263854
|move|p1a: Dragonite|Earthquake|p2a: Empoleon
|-supereffective|p2a: Empoleon
|-damage|p2a: Empoleon|0 fnt
|faint|p2a: Empoleon
|
|upkeep
|
|t:|1758263860
|switch|p2a: Gholdengo|Gholdengo|100/100
|-item|p2a: Gholdengo|Air Balloon
|turn|22
|
|t:|1758263866
|switch|p1a: Donphan|Donphan, F|100/100
|move|p2a: Gholdengo|Thunder Wave|p1a: Donphan
|-immune|p1a: Donphan
|
|upkeep
|turn|23
|
|t:|1758263872
|move|p1a: Donphan|Ice Shard|p2a: Gholdengo
|-resisted|p2a: Gholdengo
|-damage|p2a: Gholdengo|94/100
|-enditem|p2a: Gholdengo|Air Balloon
|move|p2a: Gholdengo|Shadow Ball|p1a: Donphan
|-damage|p1a: Donphan|29/100
|
|upkeep
|turn|24
|
|t:|1758263875
|move|p2a: Gholdengo|Shadow Ball|p1a: Donphan
|-damage|p1a: Donphan|0 fnt
|faint|p1a: Donphan
|
|upkeep
|
|t:|1758263877
|switch|p1a: Dragonite|Dragonite, M|69/100
|turn|25
|
|t:|1758263881
|move|p1a: Dragonite|Earthquake|p2a: Gholdengo
|-supereffective|p2a: Gholdengo
|-damage|p2a: Gholdengo|26/100
|move|p2a: Gholdengo|Thunder Wave|p1a: Dragonite
|-status|p1a: Dragonite|par
|
|upkeep
|turn|26
|
|t:|1758263884
|move|p2a: Gholdengo|Shadow Ball|p1a: Dragonite
|-damage|p1a: Dragonite|18/100 par
|move|p1a: Dragonite|Earthquake|p2a: Gholdengo
|-supereffective|p2a: Gholdengo
|-damage|p2a: Gholdengo|0 fnt
|faint|p2a: Gholdengo
|
|upkeep
|
|t:|1758263886
|switch|p2a: Thundurus|Thundurus-Therian, M|100/100
|turn|27
|
|t:|1758263889
|cant|p1a: Dragonite|par
|move|p2a: Thundurus|Thunderbolt|p1a: Dragonite
|-damage|p1a: Dragonite|0 fnt
|faint|p1a: Dragonite
|
|win|zerononame
|raw|jinu55's rating: 1354 &rarr; <strong>1335</strong><br />(-19 for losing)
|raw|zerononame's rating: 1372 &rarr; <strong>1391</strong><br />(+19 for winning)
|l|☆zerononame
|player|p2|
|l|☆jinu55
|player|p1|
