|j|☆yorozuyaheat
|j|☆Caesar nivis
|t:|1758289195
|gametype|singles
|player|p1|yorozuyaheat|265|1419
|player|p2|Caesar nivis|lance|1376
|gen|9
|tier|[Gen 9] OU
|rated|
|rule|HP Percentage Mod: HP is shown in percentages
|rule|Endless Battle Clause: Forcing endless battles is banned
|rule|Species Clause: Limit one of each Pokémon
|rule|OHKO Clause: OHKO moves are banned
|rule|Evasion Items Clause: Evasion items are banned
|rule|Evasion Moves Clause: Evasion moves are banned
|rule|Evasion Abilities Clause: Evasion abilities are banned
|rule|Sleep Moves Clause: Sleep-inducing moves are banned
|clearpoke
|poke|p1|Garchomp, F|
|poke|p1|Gholdengo|
|poke|p1|Slowking-Galar, F|
|poke|p1|Corviknight, F|
|poke|p1|Quaquaval, F|
|poke|p1|Weavile, F|
|poke|p2|Ninetales-Alola, M|
|poke|p2|Ursaluna, F|
|poke|p2|Moltres-Galar|
|poke|p2|Iron Treads|
|poke|p2|Glastrier|
|poke|p2|Dondozo, M|
|teampreview
|inactive|Battle timer is ON: inactive players will automatically lose when time's up. (requested by Caesar nivis)
|
|t:|1758289213
|teamsize|p1|6
|teamsize|p2|6
|start
|switch|p1a: Quaquaval|Quaquaval, F|100/100
|switch|p2a: Ninetales|Ninetales-Alola, M|100/100
|-weather|Snowscape|[from] ability: Snow Warning|[of] p2a: Ninetales
|turn|1
|
|t:|1758289218
|move|p1a: Quaquaval|Knock Off|p2a: Ninetales
|-resisted|p2a: Ninetales
|-damage|p2a: Ninetales|83/100
|-enditem|p2a: Ninetales|Light Clay|[from] move: Knock Off|[of] p1a: Quaquaval
|move|p2a: Ninetales|Aurora Veil|p2a: Ninetales
|-sidestart|p2: Caesar nivis|move: Aurora Veil
|
|-weather|Snowscape|[upkeep]
|upkeep
|turn|2
|
|t:|1758289221
|switch|p1a: Corviknight|Corviknight, F, shiny|100/100
|-ability|p1a: Corviknight|Pressure
|move|p2a: Ninetales|Moonblast|p1a: Corviknight
|-resisted|p1a: Corviknight
|-damage|p1a: Corviknight|82/100
|
|-weather|Snowscape|[upkeep]
|upkeep
|turn|3
|
|t:|1758289225
|switch|p2a: Ursaluna|Ursaluna, F|100/100
|move|p1a: Corviknight|U-turn|p2a: Ursaluna
|-damage|p2a: Ursaluna|95/100
|
|t:|1758289238
|switch|p1a: Garchomp|Garchomp, F, shiny|100/100|[from] U-turn
|
|-weather|Snowscape|[upkeep]
|-status|p2a: Ursaluna|brn|[from] item: Flame Orb
|upkeep
|turn|4
|
|t:|1758289242
|move|p1a: Garchomp|Stealth Rock|p2a: Ursaluna
|-sidestart|p2: Caesar nivis|move: Stealth Rock
|move|p2a: Ursaluna|Earthquake|p1a: Garchomp
|-damage|p1a: Garchomp|18/100
|
|-weather|Snowscape|[upkeep]
|-heal|p1a: Garchomp|24/100|[from] item: Leftovers
|-damage|p2a: Ursaluna|89/100 brn|[from] brn
|upkeep
|turn|5
|
|t:|1758289251
|switch|p1a: Corviknight|Corviknight, F, shiny|82/100
|-ability|p1a: Corviknight|Pressure
|move|p2a: Ursaluna|Facade|p1a: Corviknight
|-resisted|p1a: Corviknight
|-damage|p1a: Corviknight|47/100
|-damage|p2a: Ursaluna|73/100 brn|[from] item: Rocky Helmet|[of] p1a: Corviknight
|
|-weather|none
|-damage|p2a: Ursaluna|67/100 brn|[from] brn
|-sideend|p2: Caesar nivis|move: Aurora Veil
|upkeep
|turn|6
|
|t:|1758289255
|move|p2a: Ursaluna|Earthquake|p1a: Corviknight
|-immune|p1a: Corviknight
|move|p1a: Corviknight|Roost|p1a: Corviknight
|-heal|p1a: Corviknight|97/100
|-singleturn|p1a: Corviknight|move: Roost
|
|-damage|p2a: Ursaluna|61/100 brn|[from] brn
|upkeep
|turn|7
|
|t:|1758289261
|switch|p2a: Iron Treads|Iron Treads|100/100
|-damage|p2a: Iron Treads|97/100|[from] Stealth Rock
|move|p1a: Corviknight|Brave Bird|p2a: Iron Treads
|-resisted|p2a: Iron Treads
|-damage|p2a: Iron Treads|80/100
|-damage|p1a: Corviknight|93/100|[from] Recoil
|
|upkeep
|turn|8
|
|t:|1758289268
|switch|p1a: Gholdengo|Gholdengo|100/100
|move|p2a: Iron Treads|Rapid Spin|p1a: Gholdengo
|-immune|p1a: Gholdengo
|
|upkeep
|turn|9
|
|t:|1758289285
|switch|p1a: Quaquaval|Quaquaval, F|100/100
|move|p2a: Iron Treads|Earthquake|p1a: Quaquaval
|-damage|p1a: Quaquaval|36/100
|
|upkeep
|turn|10
|
|t:|1758289291
|-end|p2a: Iron Treads|Quark Drive|[silent]
|switch|p2a: Dondozo|Dondozo, M|100/100
|-damage|p2a: Dondozo|88/100|[from] Stealth Rock
|move|p1a: Quaquaval|Close Combat|p2a: Dondozo
|-damage|p2a: Dondozo|63/100
|-unboost|p1a: Quaquaval|def|1
|-unboost|p1a: Quaquaval|spd|1
|
|-heal|p2a: Dondozo|70/100|[from] item: Leftovers
|upkeep
|turn|11
|
|t:|1758289304
|switch|p1a: Gholdengo|Gholdengo|100/100
|move|p2a: Dondozo|Crunch|p1a: Gholdengo
|-supereffective|p1a: Gholdengo
|-damage|p1a: Gholdengo|61/100
|
|-heal|p2a: Dondozo|76/100|[from] item: Leftovers
|upkeep
|turn|12
|
|t:|1758289308
|move|p1a: Gholdengo|Shadow Ball|p2a: Dondozo
|-crit|p2a: Dondozo
|-damage|p2a: Dondozo|14/100
|move|p2a: Dondozo|Crunch|p1a: Gholdengo
|-supereffective|p1a: Gholdengo
|-crit|p1a: Gholdengo
|-damage|p1a: Gholdengo|7/100
|
|-heal|p2a: Dondozo|21/100|[from] item: Leftovers
|upkeep
|turn|13
|
|t:|1758289311
|move|p1a: Gholdengo|Shadow Ball|p2a: Dondozo
|-damage|p2a: Dondozo|0 fnt
|faint|p2a: Dondozo
|
|upkeep
|
|t:|1758289314
|switch|p2a: Iron Treads|Iron Treads|80/100
|-damage|p2a: Iron Treads|77/100|[from] Stealth Rock
|turn|14
|
|t:|1758289338
|move|p1a: Gholdengo|Shadow Ball|p2a: Iron Treads
|-damage|p2a: Iron Treads|15/100
|-unboost|p2a: Iron Treads|spd|1
|move|p2a: Iron Treads|Ice Spinner|p1a: Gholdengo
|-resisted|p1a: Gholdengo
|-damage|p1a: Gholdengo|0 fnt
|faint|p1a: Gholdengo
|
|upkeep
|
|t:|1758289342
|switch|p1a: Quaquaval|Quaquaval, F|36/100
|turn|15
|
|t:|1758289345
|move|p1a: Quaquaval|Close Combat|p2a: Iron Treads
|-supereffective|p2a: Iron Treads
|-damage|p2a: Iron Treads|0 fnt
|-unboost|p1a: Quaquaval|def|1
|-unboost|p1a: Quaquaval|spd|1
|faint|p2a: Iron Treads
|-end|p2a: Iron Treads|Quark Drive|[silent]
|-ability|p1a: Quaquaval|Moxie|boost
|-boost|p1a: Quaquaval|atk|1
|
|upkeep
|
|t:|1758289347
|switch|p2a: Ninetales|Ninetales-Alola, M|83/100
|-damage|p2a: Ninetales|59/100|[from] Stealth Rock
|-weather|Snowscape|[from] ability: Snow Warning|[of] p2a: Ninetales
|turn|16
|
|t:|1758289351
|move|p1a: Quaquaval|Close Combat|p2a: Ninetales
|-damage|p2a: Ninetales|0 fnt
|-unboost|p1a: Quaquaval|def|1
|-unboost|p1a: Quaquaval|spd|1
|faint|p2a: Ninetales
|-ability|p1a: Quaquaval|Moxie|boost
|-boost|p1a: Quaquaval|atk|1
|
|-weather|Snowscape|[upkeep]
|upkeep
|
|t:|1758289353
|switch|p2a: Moltres|Moltres-Galar|100/100
|-damage|p2a: Moltres|76/100|[from] Stealth Rock
|turn|17
|
|t:|1758289356
|move|p1a: Quaquaval|Close Combat|p2a: Moltres
|-damage|p2a: Moltres|0 fnt
|-unboost|p1a: Quaquaval|def|1
|-unboost|p1a: Quaquaval|spd|1
|faint|p2a: Moltres
|-ability|p1a: Quaquaval|Moxie|boost
|-boost|p1a: Quaquaval|atk|1
|
|-weather|Snowscape|[upkeep]
|upkeep
|
|t:|1758289360
|switch|p2a: Glastrier|Glastrier|100/100
|-damage|p2a: Glastrier|76/100|[from] Stealth Rock
|turn|18
|
|t:|1758289361
|-terastallize|p2a: Glastrier|Water
|move|p1a: Quaquaval|Close Combat|p2a: Glastrier
|-damage|p2a: Glastrier|0 fnt
|-unboost|p1a: Quaquaval|def|1
|-unboost|p1a: Quaquaval|spd|1
|faint|p2a: Glastrier
|-ability|p1a: Quaquaval|Moxie|boost
|-boost|p1a: Quaquaval|atk|1
|
|-weather|Snowscape|[upkeep]
|upkeep
|-message|Caesar nivis forfeited.
|
|win|yorozuyaheat
|raw|yorozuyaheat's rating: 1419 &rarr; <strong>1437</strong><br />(+18 for winning)
|raw|Caesar nivis's rating: 1376 &rarr; <strong>1358</strong><br />(-18 for losing)
|l|☆Caesar nivis
|player|p2|
|l|☆yorozuyaheat
|player|p1|
