|j|☆AquaJetGardevoir
|j|☆arvends5
|t:|1758334698
|gametype|singles
|player|p1|AquaJetGardevoir|marnie-league|1210
|player|p2|arvends5|swimmer|1248
|gen|9
|tier|[Gen 9] OU
|rated|
|rule|HP Percentage Mod: HP is shown in percentages
|rule|Endless Battle Clause: Forcing endless battles is banned
|rule|Species Clause: Limit one of each Pokémon
|rule|OHKO Clause: OHKO moves are banned
|rule|Evasion Items Clause: Evasion items are banned
|rule|Evasion Moves Clause: Evasion moves are banned
|rule|Evasion Abilities Clause: Evasion abilities are banned
|rule|Sleep Moves Clause: Sleep-inducing moves are banned
|clearpoke
|poke|p1|Hoopa-Unbound|
|poke|p1|Alomomola, F|
|poke|p1|Cinderace, F|
|poke|p1|Iron Boulder|
|poke|p1|Hatterene, F|
|poke|p1|Azumarill, M|
|poke|p2|Wigglytuff, F|
|poke|p2|Vaporeon, F|
|poke|p2|Furret, F|
|poke|p2|Tyranitar, M|
|poke|p2|Scizor, M|
|poke|p2|Skarmory, M|
|teampreview
|inactive|Battle timer is ON: inactive players will automatically lose when time's up. (requested by AquaJetGardevoir)
|inactive|AquaJetGardevoir has 120 seconds left.
|
|t:|1758334740
|teamsize|p1|6
|teamsize|p2|6
|start
|switch|p1a: Alomomola|Alomomola, F|100/100
|switch|p2a: Skarmory|Skarmory, M|100/100
|turn|1
|
|t:|1758334750
|switch|p1a: Hatterene|Hatterene, F|100/100
|move|p2a: Skarmory|Brave Bird|p1a: Hatterene
|-damage|p1a: Hatterene|62/100
|-damage|p2a: Skarmory|88/100|[from] Recoil
|
|-heal|p1a: Hatterene|67/100|[from] item: Leftovers
|upkeep
|turn|2
|
|t:|1758334761
|move|p2a: Skarmory|Iron Head|p1a: Hatterene
|-supereffective|p1a: Hatterene
|-damage|p1a: Hatterene|12/100
|move|p1a: Hatterene|Mystical Fire|p2a: Skarmory
|-supereffective|p2a: Skarmory
|-damage|p2a: Skarmory|25/100
|-unboost|p2a: Skarmory|spa|1
|
|-heal|p1a: Hatterene|18/100|[from] item: Leftovers
|upkeep
|turn|3
|
|t:|1758334768
|switch|p1a: Alomomola|Alomomola, F|100/100
|move|p2a: Skarmory|Brave Bird|p1a: Alomomola
|-damage|p1a: Alomomola|72/100
|-damage|p2a: Skarmory|10/100|[from] Recoil
|
|upkeep
|turn|4
|
|t:|1758334777
|move|p2a: Skarmory|Brave Bird|p1a: Alomomola
|-damage|p1a: Alomomola|45/100
|-damage|p2a: Skarmory|0 fnt|[from] Recoil
|faint|p2a: Skarmory
|move|p1a: Alomomola|Wish|p1a: Alomomola
|
|upkeep
|
|t:|1758334785
|switch|p2a: Tyranitar|Tyranitar, M|100/100
|-weather|Sandstorm|[from] ability: Sand Stream|[of] p2a: Tyranitar
|turn|5
|
|t:|1758334796
|move|p1a: Alomomola|Protect|p1a: Alomomola
|-singleturn|p1a: Alomomola|Protect
|move|p2a: Tyranitar|Dragon Dance|p2a: Tyranitar
|-boost|p2a: Tyranitar|atk|1
|-boost|p2a: Tyranitar|spe|1
|
|-weather|Sandstorm|[upkeep]
|-damage|p1a: Alomomola|39/100|[from] Sandstorm
|-heal|p1a: Alomomola|89/100|[from] move: Wish|[wisher] Alomomola
|upkeep
|turn|6
|
|t:|1758334802
|move|p2a: Tyranitar|Stone Edge|p1a: Alomomola
|-damage|p1a: Alomomola|30/100
|-damage|p2a: Tyranitar|91/100|[from] item: Life Orb
|move|p1a: Alomomola|Scald|p2a: Tyranitar
|-supereffective|p2a: Tyranitar
|-damage|p2a: Tyranitar|71/100
|
|-weather|Sandstorm|[upkeep]
|-damage|p1a: Alomomola|24/100|[from] Sandstorm
|upkeep
|turn|7
|
|t:|1758334811
|move|p2a: Tyranitar|Knock Off|p1a: Alomomola
|-damage|p1a: Alomomola|0 fnt
|-enditem|p1a: Alomomola|Heavy-Duty Boots|[from] move: Knock Off|[of] p2a: Tyranitar
|faint|p1a: Alomomola
|-damage|p2a: Tyranitar|61/100|[from] item: Life Orb
|
|-weather|Sandstorm|[upkeep]
|upkeep
|
|t:|1758334824
|switch|p1a: Azumarill|Azumarill, M|100/100
|turn|8
|
|t:|1758334833
|move|p2a: Tyranitar|Stone Edge|p1a: Azumarill
|-damage|p1a: Azumarill|0 fnt
|faint|p1a: Azumarill
|-damage|p2a: Tyranitar|51/100|[from] item: Life Orb
|
|-weather|Sandstorm|[upkeep]
|upkeep
|
|t:|1758334842
|switch|p1a: Iron Boulder|Iron Boulder|100/100
|turn|9
|
|t:|1758334849
|move|p1a: Iron Boulder|Close Combat|p2a: Tyranitar
|-supereffective|p2a: Tyranitar
|-damage|p2a: Tyranitar|0 fnt
|-unboost|p1a: Iron Boulder|def|1
|-unboost|p1a: Iron Boulder|spd|1
|faint|p2a: Tyranitar
|
|-weather|none
|upkeep
|
|t:|1758334857
|switch|p2a: Scizor|Scizor, M|100/100
|turn|10
|
|t:|1758334861
|-end|p1a: Iron Boulder|Quark Drive|[silent]
|switch|p1a: Cinderace|Cinderace, F|100/100
|move|p2a: Scizor|Dual Wingbeat|p1a: Cinderace
|-damage|p1a: Cinderace|54/100
|-damage|p1a: Cinderace|3/100
|-hitcount|p1a: Cinderace|2
|
|upkeep
|turn|11
|
|t:|1758334871
|switch|p2a: Vaporeon|Vaporeon, F|100/100
|move|p1a: Cinderace|Pyro Ball|p2a: Vaporeon
|-resisted|p2a: Vaporeon
|-damage|p2a: Vaporeon|71/100
|
|upkeep
|turn|12
|
|t:|1758334876
|move|p1a: Cinderace|U-turn|p2a: Vaporeon
|-start|p1a: Cinderace|typechange|Bug|[from] ability: Libero
|-damage|p2a: Vaporeon|34/100
|
|t:|1758334882
|switch|p1a: Hatterene|Hatterene, F|18/100|[from] U-turn
|move|p2a: Vaporeon|Flip Turn|p1a: Hatterene
|-damage|p1a: Hatterene|7/100
|
|t:|1758334895
|switch|p2a: Scizor|Scizor, M|100/100|[from] Flip Turn
|
|-heal|p1a: Hatterene|13/100|[from] item: Leftovers
|upkeep
|turn|13
|
|t:|1758334900
|move|p2a: Scizor|Bullet Punch|p1a: Hatterene
|-supereffective|p1a: Hatterene
|-damage|p1a: Hatterene|0 fnt
|faint|p1a: Hatterene
|
|upkeep
|
|t:|1758334915
|switch|p1a: Hoopa|Hoopa-Unbound|100/100
|turn|14
|
|t:|1758334921
|switch|p2a: Vaporeon|Vaporeon, F|34/100
|move|p1a: Hoopa|Hyperspace Fury|p2a: Vaporeon
|-damage|p2a: Vaporeon|0 fnt
|-unboost|p1a: Hoopa|def|1
|faint|p2a: Vaporeon
|-damage|p1a: Hoopa|91/100|[from] item: Life Orb
|
|upkeep
|
|t:|1758334927
|switch|p2a: Scizor|Scizor, M|100/100
|turn|15
|
|t:|1758334932
|switch|p1a: Cinderace|Cinderace, F|3/100
|move|p2a: Scizor|Bullet Punch|p1a: Cinderace
|-resisted|p1a: Cinderace
|-damage|p1a: Cinderace|0 fnt
|faint|p1a: Cinderace
|
|upkeep
|
|t:|1758334935
|switch|p1a: Hoopa|Hoopa-Unbound|91/100
|turn|16
|
|t:|1758334940
|switch|p2a: Wigglytuff|Wigglytuff, F|100/100
|move|p1a: Hoopa|Hyperspace Fury|p2a: Wigglytuff
|-resisted|p2a: Wigglytuff
|-damage|p2a: Wigglytuff|66/100
|-unboost|p1a: Hoopa|def|1
|-damage|p1a: Hoopa|81/100|[from] item: Life Orb
|
|-heal|p2a: Wigglytuff|72/100|[from] item: Leftovers
|upkeep
|turn|17
|
|t:|1758334951
|move|p1a: Hoopa|Gunk Shot|p2a: Wigglytuff
|-supereffective|p2a: Wigglytuff
|-damage|p2a: Wigglytuff|0 fnt
|faint|p2a: Wigglytuff
|-damage|p1a: Hoopa|71/100|[from] item: Life Orb
|
|upkeep
|
|t:|1758334955
|switch|p2a: Scizor|Scizor, M|100/100
|turn|18
|
|t:|1758334963
|move|p2a: Scizor|Bullet Punch|p1a: Hoopa
|-damage|p1a: Hoopa|0 fnt
|faint|p1a: Hoopa
|
|upkeep
|
|t:|1758334964
|switch|p1a: Iron Boulder|Iron Boulder|100/100
|turn|19
|
|t:|1758334971
|switch|p2a: Furret|Furret, F|100/100
|-item|p1a: Iron Boulder|Focus Sash|[from] ability: Frisk|[of] p2a: Furret
|-terastallize|p1a: Iron Boulder|Rock
|move|p1a: Iron Boulder|Mighty Cleave|p2a: Furret
|-damage|p2a: Furret|6/100
|
|upkeep
|turn|20
|
|t:|1758334981
|move|p1a: Iron Boulder|Mighty Cleave|p2a: Furret
|-crit|p2a: Furret
|-damage|p2a: Furret|0 fnt
|faint|p2a: Furret
|
|upkeep
|
|t:|1758334984
|switch|p2a: Scizor|Scizor, M|100/100
|turn|21
|
|t:|1758334988
|move|p2a: Scizor|Bullet Punch|p1a: Iron Boulder
|-supereffective|p1a: Iron Boulder
|-enditem|p1a: Iron Boulder|Focus Sash
|-damage|p1a: Iron Boulder|1/100
|move|p1a: Iron Boulder|Mighty Cleave|p2a: Scizor
|-damage|p2a: Scizor|39/100
|
|upkeep
|turn|22
|
|t:|1758334990
|move|p2a: Scizor|Bullet Punch|p1a: Iron Boulder
|-supereffective|p1a: Iron Boulder
|-damage|p1a: Iron Boulder|0 fnt
|faint|p1a: Iron Boulder
|-end|p1a: Iron Boulder|Quark Drive|[silent]
|
|win|arvends5
|raw|AquaJetGardevoir's rating: 1210 &rarr; <strong>1188</strong><br />(-22 for losing)
|raw|arvends5's rating: 1248 &rarr; <strong>1270</strong><br />(+22 for winning)
|l|☆AquaJetGardevoir
|player|p1|
