|j|☆undertalethemovie
|j|☆karnegious
|t:|1758255679
|gametype|singles
|player|p1|undertalethemovie|n|1271
|player|p2|karnegious|red|1330
|gen|9
|tier|[Gen 9] OU
|rated|
|rule|HP Percentage Mod: HP is shown in percentages
|rule|Endless Battle Clause: Forcing endless battles is banned
|rule|Species Clause: Limit one of each Pokémon
|rule|OHKO Clause: OHKO moves are banned
|rule|Evasion Items Clause: Evasion items are banned
|rule|Evasion Moves Clause: Evasion moves are banned
|rule|Evasion Abilities Clause: Evasion abilities are banned
|rule|Sleep Moves Clause: Sleep-inducing moves are banned
|clearpoke
|poke|p1|Clodsire, F|
|poke|p1|Ogerpon-Wellspring, F|
|poke|p1|Zoroark-Hisui, F|
|poke|p1|Zamazenta-*|
|poke|p1|Cinderace, F|
|poke|p1|Deoxys-Speed|
|poke|p2|Iron Moth|
|poke|p2|Great Tusk|
|poke|p2|Corviknight, F|
|poke|p2|Raging Bolt|
|poke|p2|Hoopa-Unbound|
|poke|p2|Ogerpon-Wellspring, F|
|teampreview
|inactive|Battle timer is ON: inactive players will automatically lose when time's up. (requested by karnegious)
|
|t:|1758255715
|teamsize|p1|6
|teamsize|p2|6
|start
|switch|p1a: The Writer|Ogerpon-Wellspring, F|100/100
|switch|p2a: Hoopa|Hoopa-Unbound|100/100
|turn|1
|
|t:|1758255721
|switch|p2a: ASHURA|Corviknight, F|100/100
|-ability|p2a: ASHURA|Pressure
|move|p1a: The Writer|U-turn|p2a: ASHURA
|-resisted|p2a: ASHURA
|-damage|p2a: ASHURA|96/100
|-damage|p1a: The Writer|84/100|[from] item: Rocky Helmet|[of] p2a: ASHURA
|
|t:|1758255724
|switch|p1a: Mumbo|Clodsire, F|100/100|[from] U-turn
|-item|p1a: Mumbo|Air Balloon
|
|upkeep
|turn|2
|
|t:|1758255727
|move|p1a: Mumbo|Will-O-Wisp|p2a: ASHURA
|-status|p2a: ASHURA|brn
|move|p2a: ASHURA|U-turn|p1a: Mumbo
|-resisted|p1a: Mumbo
|-damage|p1a: Mumbo|93/100
|replace|p1a: Count St. Germain|Zoroark-Hisui, F, shiny
|-end|p1a: Count St. Germain|Illusion
|-enditem|p1a: Count St. Germain|Air Balloon
|
|t:|1758255733
|switch|p2a: Hoopa|Hoopa-Unbound|100/100|[from] U-turn
|
|upkeep
|turn|3
|
|t:|1758255737
|-terastallize|p1a: Count St. Germain|Fairy
|move|p1a: Count St. Germain|Will-O-Wisp|p2a: Hoopa|[miss]
|-miss|p1a: Count St. Germain|p2a: Hoopa
|move|p2a: Hoopa|Knock Off|p1a: Count St. Germain
|-resisted|p1a: Count St. Germain
|-crit|p1a: Count St. Germain
|-damage|p1a: Count St. Germain|42/100
|
|upkeep
|turn|4
|
|t:|1758255750
|move|p1a: Count St. Germain|Will-O-Wisp|p2a: Hoopa
|-status|p2a: Hoopa|brn
|move|p2a: Hoopa|Psychic Noise|p1a: Count St. Germain
|-crit|p1a: Count St. Germain
|-damage|p1a: Count St. Germain|0 fnt
|faint|p1a: Count St. Germain
|
|-damage|p2a: Hoopa|94/100 brn|[from] brn
|upkeep
|
|t:|1758255759
|switch|p1a: Ingerland|Cinderace, F|100/100
|turn|5
|
|t:|1758255762
|switch|p2a: ASHURA|Corviknight, F|96/100 brn
|-ability|p2a: ASHURA|Pressure
|move|p1a: Ingerland|Pyro Ball|p2a: ASHURA
|-supereffective|p2a: ASHURA
|-damage|p2a: ASHURA|26/100 brn
|
|-damage|p2a: ASHURA|20/100 brn|[from] brn
|upkeep
|turn|6
|
|t:|1758255766
|move|p1a: Ingerland|Pyro Ball|p2a: ASHURA
|-supereffective|p2a: ASHURA
|-crit|p2a: ASHURA
|-damage|p2a: ASHURA|0 fnt
|faint|p2a: ASHURA
|
|upkeep
|
|t:|1758255776
|switch|p2a: Kisame|Ogerpon-Wellspring, F|100/100
|turn|7
|
|t:|1758255785
|move|p1a: Ingerland|U-turn|p2a: Kisame
|-start|p1a: Ingerland|typechange|Bug|[from] ability: Libero
|-supereffective|p2a: Kisame
|-damage|p2a: Kisame|19/100
|
|t:|1758255789
|switch|p1a: Pokemon Shield|Zamazenta|100/100|[from] U-turn
|-ability|p1a: Pokemon Shield|Dauntless Shield|boost
|-boost|p1a: Pokemon Shield|def|1
|move|p2a: Kisame|Swords Dance|p2a: Kisame
|-boost|p2a: Kisame|atk|2
|
|upkeep
|turn|8
|
|t:|1758255796
|move|p1a: Pokemon Shield|Iron Head|p2a: Kisame
|-resisted|p2a: Kisame
|-damage|p2a: Kisame|0 fnt
|faint|p2a: Kisame
|
|upkeep
|
|t:|1758255801
|switch|p2a: Hoopa|Hoopa-Unbound|94/100 brn
|turn|9
|
|t:|1758255811
|move|p1a: Pokemon Shield|Crunch|p2a: Hoopa
|-damage|p2a: Hoopa|60/100 brn
|move|p2a: Hoopa|Psychic Noise|p1a: Pokemon Shield
|-supereffective|p1a: Pokemon Shield
|-damage|p1a: Pokemon Shield|11/100
|-start|p1a: Pokemon Shield|move: Heal Block
|
|-damage|p2a: Hoopa|54/100 brn|[from] brn
|upkeep
|turn|10
|
|t:|1758255829
|move|p1a: Pokemon Shield|Close Combat|p2a: Hoopa
|-damage|p2a: Hoopa|0 fnt
|-unboost|p1a: Pokemon Shield|def|1
|-unboost|p1a: Pokemon Shield|spd|1
|faint|p2a: Hoopa
|
|-end|p1a: Pokemon Shield|move: Heal Block
|upkeep
|
|t:|1758255834
|switch|p2a: SHINJU|Great Tusk|100/100
|-enditem|p2a: SHINJU|Booster Energy
|-activate|p2a: SHINJU|ability: Protosynthesis|[fromitem]
|-start|p2a: SHINJU|protosynthesisspe
|turn|11
|
|t:|1758255837
|move|p2a: SHINJU|Bulk Up|p2a: SHINJU
|-boost|p2a: SHINJU|atk|1
|-boost|p2a: SHINJU|def|1
|move|p1a: Pokemon Shield|Close Combat|p2a: SHINJU
|-damage|p2a: SHINJU|74/100
|-unboost|p1a: Pokemon Shield|def|1
|-unboost|p1a: Pokemon Shield|spd|1
|
|-heal|p1a: Pokemon Shield|17/100|[from] item: Leftovers
|upkeep
|turn|12
|
|t:|1758255842
|move|p2a: SHINJU|Bulk Up|p2a: SHINJU
|-boost|p2a: SHINJU|atk|1
|-boost|p2a: SHINJU|def|1
|move|p1a: Pokemon Shield|Close Combat|p2a: SHINJU
|-damage|p2a: SHINJU|53/100
|-unboost|p1a: Pokemon Shield|def|1
|-unboost|p1a: Pokemon Shield|spd|1
|
|-heal|p1a: Pokemon Shield|24/100|[from] item: Leftovers
|upkeep
|turn|13
|
|t:|1758255847
|move|p2a: SHINJU|Ice Spinner|p1a: Pokemon Shield
|-damage|p1a: Pokemon Shield|0 fnt
|faint|p1a: Pokemon Shield
|
|upkeep
|
|t:|1758255849
|switch|p1a: Minami Torishima|Deoxys-Speed|100/100
|-ability|p1a: Minami Torishima|Pressure
|turn|14
|
|t:|1758255853
|-terastallize|p2a: SHINJU|Steel
|move|p1a: Minami Torishima|Psycho Boost|p2a: SHINJU
|-resisted|p2a: SHINJU
|-damage|p2a: SHINJU|0 fnt
|-unboost|p1a: Minami Torishima|spa|2
|faint|p2a: SHINJU
|-end|p2a: SHINJU|Protosynthesis|[silent]
|
|upkeep
|
|t:|1758255858
|switch|p2a: Flying Raijin|Raging Bolt|100/100
|-enditem|p2a: Flying Raijin|Booster Energy
|-activate|p2a: Flying Raijin|ability: Protosynthesis|[fromitem]
|-start|p2a: Flying Raijin|protosynthesisspa
|turn|15
|
|t:|1758255860
|switch|p1a: Mumbo|Clodsire, F|100/100
|-item|p1a: Mumbo|Air Balloon
|move|p2a: Flying Raijin|Calm Mind|p2a: Flying Raijin
|-boost|p2a: Flying Raijin|spa|1
|-boost|p2a: Flying Raijin|spd|1
|
|upkeep
|turn|16
|
|t:|1758255864
|move|p2a: Flying Raijin|Dragon Pulse|p1a: Mumbo
|-damage|p1a: Mumbo|68/100
|-enditem|p1a: Mumbo|Air Balloon
|move|p1a: Mumbo|Toxic|p2a: Flying Raijin
|-status|p2a: Flying Raijin|tox
|
|-damage|p2a: Flying Raijin|94/100 tox|[from] psn
|upkeep
|turn|17
|
|t:|1758255866
|move|p2a: Flying Raijin|Dragon Pulse|p1a: Mumbo
|-damage|p1a: Mumbo|34/100
|move|p1a: Mumbo|Recover|p1a: Mumbo
|-heal|p1a: Mumbo|84/100
|
|-damage|p2a: Flying Raijin|82/100 tox|[from] psn
|upkeep
|turn|18
|
|t:|1758255869
|move|p2a: Flying Raijin|Thunderclap|p1a: Mumbo
|-immune|p1a: Mumbo
|move|p1a: Mumbo|Earthquake|p2a: Flying Raijin
|-supereffective|p2a: Flying Raijin
|-damage|p2a: Flying Raijin|31/100 tox
|
|-damage|p2a: Flying Raijin|13/100 tox|[from] psn
|upkeep
|turn|19
|-message|karnegious forfeited.
|
|win|undertalethemovie
|raw|undertalethemovie's rating: 1271 &rarr; <strong>1300</strong><br />(+29 for winning)
|raw|karnegious's rating: 1330 &rarr; <strong>1307</strong><br />(-23 for losing)
|l|☆karnegious
|player|p2|
|l|☆undertalethemovie
|player|p1|
