|j|☆anewajou
|j|☆CountryBoyz
|t:|1758313163
|gametype|singles
|player|p1|anewajou|265|1377
|player|p2|CountryBoyz|265|1366
|gen|9
|tier|[Gen 9] OU
|rated|
|rule|HP Percentage Mod: HP is shown in percentages
|rule|Endless Battle Clause: Forcing endless battles is banned
|rule|Species Clause: Limit one of each Pokémon
|rule|OHKO Clause: OHKO moves are banned
|rule|Evasion Items Clause: Evasion items are banned
|rule|Evasion Moves Clause: Evasion moves are banned
|rule|Evasion Abilities Clause: Evasion abilities are banned
|rule|Sleep Moves Clause: Sleep-inducing moves are banned
|clearpoke
|poke|p1|Tornadus-Therian, M|
|poke|p1|Goodra-Hisui, F|
|poke|p1|Ursaluna, F|
|poke|p1|Weezing-Galar, F|
|poke|p1|Diancie|
|poke|p1|Meowscarada, F|
|poke|p2|Landorus-Therian, M|
|poke|p2|Cloyster, M|
|poke|p2|Raikou|
|poke|p2|Dragonite, M|
|poke|p2|Suicune|
|poke|p2|Skarmory, M|
|teampreview
|
|t:|1758313171
|teamsize|p1|6
|teamsize|p2|6
|start
|switch|p1a: Tornadus|Tornadus-Therian, M|100/100
|switch|p2a: Raikou|Raikou, shiny|100/100
|turn|1
|
|t:|1758313175
|move|p1a: Tornadus|U-turn|p2a: Raikou
|-crit|p2a: Raikou
|-damage|p2a: Raikou|66/100
|
|t:|1758313178
|switch|p1a: Goodra|Goodra-Hisui, F|100/100|[from] U-turn
|move|p2a: Raikou|Calm Mind|p2a: Raikou
|-boost|p2a: Raikou|spa|1
|-boost|p2a: Raikou|spd|1
|
|-heal|p2a: Raikou|72/100|[from] item: Leftovers
|upkeep
|turn|2
|
|t:|1758313182
|move|p2a: Raikou|Discharge|p1a: Goodra
|-resisted|p1a: Goodra
|-damage|p1a: Goodra|89/100
|move|p1a: Goodra|Dragon Tail|p2a: Raikou
|-damage|p2a: Raikou|34/100
|drag|p2a: Suicune|Suicune|100/100
|-ability|p2a: Suicune|Pressure
|
|upkeep
|turn|3
|
|t:|1758313192
|switch|p2a: Landorus|Landorus-Therian, M, shiny|100/100
|-ability|p2a: Landorus|Intimidate|boost
|-unboost|p1a: Goodra|atk|1
|move|p1a: Goodra|Knock Off|p2a: Landorus
|-damage|p2a: Landorus|78/100
|-enditem|p2a: Landorus|Choice Band|[from] move: Knock Off|[of] p1a: Goodra
|
|upkeep
|turn|4
|
|t:|1758313197
|switch|p1a: Tornadus|Tornadus-Therian, M|100/100
|move|p2a: Landorus|U-turn|p1a: Tornadus
|-resisted|p1a: Tornadus
|-damage|p1a: Tornadus|85/100
|
|t:|1758313203
|switch|p2a: Suicune|Suicune|100/100|[from] U-turn
|-ability|p2a: Suicune|Pressure
|
|upkeep
|turn|5
|
|t:|1758313205
|move|p1a: Tornadus|Knock Off|p2a: Suicune
|-damage|p2a: Suicune|86/100
|-damage|p1a: Tornadus|69/100|[from] item: Rocky Helmet|[of] p2a: Suicune
|-enditem|p2a: Suicune|Rocky Helmet|[from] move: Knock Off|[of] p1a: Tornadus
|move|p2a: Suicune|Calm Mind|p2a: Suicune
|-boost|p2a: Suicune|spa|1
|-boost|p2a: Suicune|spd|1
|
|upkeep
|turn|6
|
|t:|1758313209
|move|p1a: Tornadus|U-turn|p2a: Suicune
|-damage|p2a: Suicune|76/100
|
|t:|1758313214
|switch|p1a: Weezing|Weezing-Galar, F|100/100|[from] U-turn
|move|p2a: Suicune|Ice Beam|p1a: Weezing
|-damage|p1a: Weezing|67/100
|
|upkeep
|turn|7
|
|t:|1758313218
|move|p2a: Suicune|Scald|p1a: Weezing
|-damage|p1a: Weezing|28/100
|-status|p1a: Weezing|brn
|move|p1a: Weezing|Toxic Spikes|p2a: Suicune
|-sidestart|p2: CountryBoyz|move: Toxic Spikes
|
|-damage|p1a: Weezing|22/100 brn|[from] brn
|upkeep
|turn|8
|
|t:|1758313225
|switch|p1a: Meowscarada|Meowscarada, F|100/100
|move|p2a: Suicune|Ice Beam|p1a: Meowscarada
|-supereffective|p1a: Meowscarada
|-crit|p1a: Meowscarada
|-damage|p1a: Meowscarada|0 fnt
|faint|p1a: Meowscarada
|
|upkeep
|
|t:|1758313230
|switch|p1a: Goodra|Goodra-Hisui, F|89/100
|turn|9
|inactive|Battle timer is ON: inactive players will automatically lose when time's up. (requested by anewajou)
|
|t:|1758313264
|move|p2a: Suicune|Mirror Coat||[still]
|-fail|p2a: Suicune
|move|p1a: Goodra|Dragon Tail|p2a: Suicune
|-damage|p2a: Suicune|58/100
|drag|p2a: Landorus|Landorus-Therian, M, shiny|78/100
|-ability|p2a: Landorus|Intimidate|boost
|-unboost|p1a: Goodra|atk|1
|
|upkeep
|turn|10
|
|t:|1758313271
|switch|p1a: Weezing|Weezing-Galar, F|22/100 brn
|move|p2a: Landorus|Earthquake|p1a: Weezing
|-immune|p1a: Weezing|[from] ability: Levitate
|
|-damage|p1a: Weezing|15/100 brn|[from] brn
|upkeep
|turn|11
|
|t:|1758313277
|move|p2a: Landorus|Rock Slide|p1a: Weezing
|-damage|p1a: Weezing|0 fnt
|faint|p1a: Weezing
|
|upkeep
|
|t:|1758313281
|switch|p1a: Tornadus|Tornadus-Therian, M|100/100
|turn|12
|
|t:|1758313286
|move|p1a: Tornadus|Bleakwind Storm|p2a: Landorus
|-damage|p2a: Landorus|31/100
|move|p2a: Landorus|Rock Slide|p1a: Tornadus
|-supereffective|p1a: Tornadus
|-crit|p1a: Tornadus
|-damage|p1a: Tornadus|0 fnt
|faint|p1a: Tornadus
|
|upkeep
|-message|anewajou forfeited.
|
|win|CountryBoyz
|raw|anewajou's rating: 1377 &rarr; <strong>1356</strong><br />(-21 for losing)
|raw|CountryBoyz's rating: 1366 &rarr; <strong>1387</strong><br />(+21 for winning)
|l|☆anewajou
|player|p1|
