|j|☆xdye
|j|☆Nikator98
|t:|1758233695
|gametype|singles
|player|p1|xdye|iris-gen5bw2|1688
|player|p2|Nikator98|giovanni|1655
|gen|9
|tier|[Gen 9] OU
|rated|
|rule|HP Percentage Mod: HP is shown in percentages
|rule|Endless Battle Clause: Forcing endless battles is banned
|rule|Species Clause: Limit one of each Pokémon
|rule|OHKO Clause: OHKO moves are banned
|rule|Evasion Items Clause: Evasion items are banned
|rule|Evasion Moves Clause: Evasion moves are banned
|rule|Evasion Abilities Clause: Evasion abilities are banned
|rule|Sleep Moves Clause: Sleep-inducing moves are banned
|clearpoke
|poke|p1|Araquanid, M|
|poke|p1|Gholdengo|
|poke|p1|Thundurus-Therian, M|
|poke|p1|Iron Moth|
|poke|p1|Great Tusk|
|poke|p1|Kingambit, F|
|poke|p2|Metagross|
|poke|p2|Great Tusk|
|poke|p2|Haxorus, M|
|poke|p2|Iron Moth|
|poke|p2|Zoroark-Hisui, M|
|poke|p2|Ninetales-Alola, F|
|teampreview
|c|☆xdye|hf
|j| len120
|j| AshKetchumMadeIt
|j| tabata toxapex
|
|t:|1758233733
|teamsize|p1|6
|teamsize|p2|6
|start
|switch|p1a: Araquanid|Araquanid, M|100/100
|switch|p2a: Lacelle|Haxorus, M|100/100
|-ability|p2a: Lacelle|Mold Breaker
|turn|1
|inactive|Battle timer is ON: inactive players will automatically lose when time's up. (requested by xdye)
|
|t:|1758233745
|move|p2a: Lacelle|Swords Dance|p2a: Lacelle
|-boost|p2a: Lacelle|atk|2
|move|p1a: Araquanid|Sticky Web|p2a: Lacelle
|-sidestart|p2: Nikator98|move: Sticky Web
|
|upkeep
|turn|2
|
|t:|1758233750
|move|p2a: Lacelle|Swords Dance|p2a: Lacelle
|-boost|p2a: Lacelle|atk|2
|move|p1a: Araquanid|Lunge|p2a: Lacelle
|-damage|p2a: Lacelle|75/100
|-unboost|p2a: Lacelle|atk|1
|
|upkeep
|turn|3
|
|t:|1758233757
|move|p2a: Lacelle|Scale Shot|p1a: Araquanid
|-damage|p1a: Araquanid|64/100
|-damage|p1a: Araquanid|30/100
|-damage|p1a: Araquanid|0 fnt
|faint|p1a: Araquanid
|-hitcount|p1: Araquanid|3
|-unboost|p2a: Lacelle|def|1
|-boost|p2a: Lacelle|spe|1
|
|upkeep
|
|t:|1758233760
|switch|p1a: Kingambit|Kingambit, F|100/100
|-activate|p1a: Kingambit|ability: Supreme Overlord
|-start|p1a: Kingambit|fallen1|[silent]
|turn|4
|j| moodrandom
|
|t:|1758233769
|move|p2a: Lacelle|Close Combat|p1a: Kingambit
|-supereffective|p1a: Kingambit
|-damage|p1a: Kingambit|0 fnt
|-unboost|p2a: Lacelle|def|1
|-unboost|p2a: Lacelle|spd|1
|faint|p1a: Kingambit
|-end|p1a: Kingambit|fallen1|[silent]
|
|upkeep
|
|t:|1758233774
|switch|p1a: Great Tusk|Great Tusk|100/100
|-enditem|p1a: Great Tusk|Booster Energy
|-activate|p1a: Great Tusk|ability: Protosynthesis|[fromitem]
|-start|p1a: Great Tusk|protosynthesisatk
|turn|5
|
|t:|1758233779
|move|p2a: Lacelle|Scale Shot|p1a: Great Tusk
|-damage|p1a: Great Tusk|74/100
|-damage|p1a: Great Tusk|48/100
|-damage|p1a: Great Tusk|23/100
|-damage|p1a: Great Tusk|0 fnt
|faint|p1a: Great Tusk
|-end|p1a: Great Tusk|Protosynthesis|[silent]
|-hitcount|p1: Great Tusk|4
|-unboost|p2a: Lacelle|def|1
|-boost|p2a: Lacelle|spe|1
|
|upkeep
|
|t:|1758233782
|switch|p1a: Gholdengo|Gholdengo|100/100
|-item|p1a: Gholdengo|Air Balloon
|turn|6
|
|t:|1758233793
|move|p2a: Lacelle|Scale Shot|p1a: Gholdengo
|-resisted|p1a: Gholdengo
|-crit|p1a: Gholdengo
|-damage|p1a: Gholdengo|70/100
|-enditem|p1a: Gholdengo|Air Balloon
|-resisted|p1a: Gholdengo
|-damage|p1a: Gholdengo|50/100
|-resisted|p1a: Gholdengo
|-damage|p1a: Gholdengo|31/100
|-resisted|p1a: Gholdengo
|-damage|p1a: Gholdengo|12/100
|-hitcount|p1a: Gholdengo|4
|-unboost|p2a: Lacelle|def|1
|-boost|p2a: Lacelle|spe|1
|move|p1a: Gholdengo|Shadow Ball|p2a: Lacelle
|-damage|p2a: Lacelle|0 fnt
|faint|p2a: Lacelle
|
|upkeep
|
|t:|1758233814
|switch|p2a: Kumaryia|Great Tusk, shiny|100/100
|turn|7
|
|t:|1758233818
|move|p2a: Kumaryia|Knock Off|p1a: Gholdengo
|-supereffective|p1a: Gholdengo
|-damage|p1a: Gholdengo|0 fnt
|faint|p1a: Gholdengo
|
|upkeep
|
|t:|1758233843
|switch|p1a: Iron Moth|Iron Moth|100/100
|-enditem|p1a: Iron Moth|Booster Energy
|-activate|p1a: Iron Moth|ability: Quark Drive|[fromitem]
|-start|p1a: Iron Moth|quarkdrivespa
|turn|8
|l| moodrandom
|
|t:|1758233870
|-end|p2a: Kumaryia|Protosynthesis|[silent]
|switch|p2a: Kumaryia|Great Tusk, shiny|100/100
|-activate|p2a: Kumaryia|move: Sticky Web
|-unboost|p2a: Kumaryia|spe|1
|move|p1a: Iron Moth|Dazzling Gleam|p2a: Kumaryia
|-damage|p2a: Kumaryia|20/100
|replace|p2a: Van Helsing|Zoroark-Hisui, M, shiny
|-end|p2a: Van Helsing|Illusion
|
|upkeep
|turn|9
|
|t:|1758233883
|move|p1a: Iron Moth|Fiery Dance|p2a: Van Helsing
|-damage|p2a: Van Helsing|0 fnt
|-boost|p1a: Iron Moth|spa|1
|faint|p2a: Van Helsing
|
|upkeep
|
|t:|1758233893
|switch|p2a: Arquillian Sentry|Metagross|100/100
|-activate|p2a: Arquillian Sentry|move: Sticky Web
|-fail|p2a: Arquillian Sentry|unboost|[from] ability: Clear Body|[of] p2a: Arquillian Sentry
|turn|10
|
|t:|1758233898
|-terastallize|p2a: Arquillian Sentry|Water
|move|p1a: Iron Moth|Fiery Dance|p2a: Arquillian Sentry
|-resisted|p2a: Arquillian Sentry
|-damage|p2a: Arquillian Sentry|57/100
|-boost|p1a: Iron Moth|spa|1
|move|p2a: Arquillian Sentry|Psychic Fangs|p1a: Iron Moth
|-supereffective|p1a: Iron Moth
|-damage|p1a: Iron Moth|0 fnt
|faint|p1a: Iron Moth
|-end|p1a: Iron Moth|Quark Drive|[silent]
|
|upkeep
|
|t:|1758233900
|switch|p1a: Thundurus|Thundurus-Therian, M|100/100
|turn|11
|
|t:|1758233909
|move|p1a: Thundurus|Nasty Plot|p1a: Thundurus
|-boost|p1a: Thundurus|spa|2
|move|p2a: Arquillian Sentry|Explosion|p1a: Thundurus
|-damage|p1a: Thundurus|0 fnt
|faint|p2a: Arquillian Sentry
|faint|p1a: Thundurus
|
|win|Nikator98
|raw|xdye's rating: 1688 &rarr; <strong>1666</strong><br />(-22 for losing)
|raw|Nikator98's rating: 1655 &rarr; <strong>1677</strong><br />(+22 for winning)
|c|☆xdye|gg
|c|☆Nikator98|gg
|l|☆xdye
|player|p1|
|l| len120
|l| AshKetchumMadeIt
|l| tabata toxapex
