|j|☆SalomonX09
|j|☆deusyancha
|t:|1758257692
|gametype|singles
|player|p1|SalomonX09|riley|1133
|player|p2|deusyancha|hiker|1114
|gen|9
|tier|[Gen 9] OU
|rated|
|rule|HP Percentage Mod: HP is shown in percentages
|rule|Endless Battle Clause: Forcing endless battles is banned
|rule|Species Clause: Limit one of each Pokémon
|rule|OHKO Clause: OHKO moves are banned
|rule|Evasion Items Clause: Evasion items are banned
|rule|Evasion Moves Clause: Evasion moves are banned
|rule|Evasion Abilities Clause: Evasion abilities are banned
|rule|Sleep Moves Clause: Sleep-inducing moves are banned
|clearpoke
|poke|p1|Ambipom, F|
|poke|p1|Serperior, F|
|poke|p1|Toxicroak, M|
|poke|p1|Rotom-Wash|
|poke|p1|Talonflame, F|
|poke|p1|Tyranitar, M|
|poke|p2|Dragonite, M|
|poke|p2|Slowking-Galar, F|
|poke|p2|Alomomola, M|
|poke|p2|Darkrai|
|poke|p2|Clefable, M|
|poke|p2|Great Tusk|
|teampreview
|
|t:|1758257708
|teamsize|p1|6
|teamsize|p2|6
|start
|switch|p1a: Serperior|Serperior, F, shiny|100/100
|switch|p2a: Clefable|Clefable, M|100/100
|turn|1
|
|t:|1758257717
|move|p1a: Serperior|Glare|p2a: Clefable
|-status|p2a: Clefable|par
|move|p2a: Clefable|Stealth Rock|p1a: Serperior
|-sidestart|p1: SalomonX09|move: Stealth Rock
|
|upkeep
|turn|2
|
|t:|1758257735
|move|p1a: Serperior|Leaf Storm|p2a: Clefable
|-damage|p2a: Clefable|50/100 par
|-boost|p1a: Serperior|spa|2
|cant|p2a: Clefable|par
|
|-heal|p2a: Clefable|56/100 par|[from] item: Leftovers
|upkeep
|turn|3
|
|t:|1758257743
|switch|p2a: Slowking|Slowking-Galar, F|100/100
|move|p1a: Serperior|Leaf Storm|p2a: Slowking|[miss]
|-miss|p1a: Serperior|p2a: Slowking
|
|upkeep
|turn|4
|
|t:|1758257753
|move|p2a: Slowking|Sludge Bomb|p1a: Serperior
|-supereffective|p1a: Serperior
|-enditem|p1a: Serperior|Focus Sash
|-damage|p1a: Serperior|1/100
|-status|p1a: Serperior|psn
|move|p1a: Serperior|Mirror Coat|p2a: Slowking
|-damage|p2a: Slowking|0 fnt
|faint|p2a: Slowking
|
|-damage|p1a: Serperior|0 fnt|[from] psn
|faint|p1a: Serperior
|upkeep
|inactive|Battle timer is ON: inactive players will automatically lose when time's up. (requested by SalomonX09)
|
|t:|1758257774
|switch|p1a: Talonflame|Talonflame, F, shiny|100/100
|switch|p2a: Darkrai|Darkrai|100/100
|-damage|p1a: Talonflame|50/100|[from] Stealth Rock
|turn|5
|
|t:|1758257780
|move|p1a: Talonflame|Brave Bird|p2a: Darkrai
|-damage|p2a: Darkrai|17/100
|-damage|p1a: Talonflame|25/100|[from] Recoil
|-damage|p1a: Talonflame|15/100|[from] item: Life Orb
|move|p2a: Darkrai|Dark Pulse|p1a: Talonflame
|-damage|p1a: Talonflame|0 fnt
|faint|p1a: Talonflame
|
|-heal|p2a: Darkrai|23/100|[from] item: Leftovers
|upkeep
|
|t:|1758257785
|switch|p1a: Ambipom|Ambipom, F, shiny|100/100
|-damage|p1a: Ambipom|88/100|[from] Stealth Rock
|turn|6
|
|t:|1758257789
|switch|p2a: Clefable|Clefable, M|56/100 par
|move|p1a: Ambipom|Fake Out|p2a: Clefable
|-enditem|p1a: Ambipom|Normal Gem|[from] gem
|-damage|p2a: Clefable|28/100 par
|
|-heal|p2a: Clefable|35/100 par|[from] item: Leftovers
|upkeep
|turn|7
|
|t:|1758257794
|switch|p1a: Rotom|Rotom-Wash, shiny|100/100
|-damage|p1a: Rotom|88/100|[from] Stealth Rock
|move|p2a: Clefable|Moonlight|p2a: Clefable
|-heal|p2a: Clefable|85/100 par
|
|-heal|p1a: Rotom|94/100|[from] item: Leftovers
|-heal|p2a: Clefable|91/100 par|[from] item: Leftovers
|upkeep
|turn|8
|
|t:|1758257807
|move|p1a: Rotom|Charge Beam|p2a: Clefable
|-damage|p2a: Clefable|71/100 par
|-boost|p1a: Rotom|spa|1
|move|p2a: Clefable|Moonblast|p1a: Rotom
|-damage|p1a: Rotom|55/100
|-unboost|p1a: Rotom|spa|1
|
|-heal|p1a: Rotom|61/100|[from] item: Leftovers
|-heal|p2a: Clefable|77/100 par|[from] item: Leftovers
|upkeep
|turn|9
|
|t:|1758257822
|switch|p2a: Great Tusk|Great Tusk|100/100
|move|p1a: Rotom|Charge Beam|p2a: Great Tusk
|-immune|p2a: Great Tusk
|
|-heal|p1a: Rotom|67/100|[from] item: Leftovers
|upkeep
|turn|10
|
|t:|1758257836
|move|p2a: Great Tusk|Body Press|p1a: Rotom
|-damage|p1a: Rotom|28/100
|move|p1a: Rotom|Will-O-Wisp|p2a: Great Tusk
|-status|p2a: Great Tusk|brn
|
|-heal|p1a: Rotom|34/100|[from] item: Leftovers
|-damage|p2a: Great Tusk|94/100 brn|[from] brn
|upkeep
|turn|11
|
|t:|1758257853
|move|p2a: Great Tusk|Body Press|p1a: Rotom
|-damage|p1a: Rotom|12/100
|move|p1a: Rotom|Hydro Pump|p2a: Great Tusk
|-supereffective|p2a: Great Tusk
|-damage|p2a: Great Tusk|0 fnt
|faint|p2a: Great Tusk
|-end|p2a: Great Tusk|Protosynthesis|[silent]
|
|-heal|p1a: Rotom|18/100|[from] item: Leftovers
|upkeep
|
|t:|1758257859
|switch|p2a: Darkrai|Darkrai|23/100
|turn|12
|
|t:|1758257865
|move|p2a: Darkrai|Sludge Bomb|p1a: Rotom
|-damage|p1a: Rotom|0 fnt
|faint|p1a: Rotom
|
|-heal|p2a: Darkrai|29/100|[from] item: Leftovers
|upkeep
|
|t:|1758257867
|switch|p1a: Ambipom|Ambipom, F, shiny|88/100
|-damage|p1a: Ambipom|76/100|[from] Stealth Rock
|turn|13
|
|t:|1758257876
|switch|p2a: Clefable|Clefable, M|77/100 par
|move|p1a: Ambipom|Fake Out|p2a: Clefable
|-damage|p2a: Clefable|53/100 par
|
|-heal|p2a: Clefable|59/100 par|[from] item: Leftovers
|upkeep
|turn|14
|
|t:|1758257883
|switch|p1a: Tyranitar|Tyranitar, M, shiny|100/100
|-damage|p1a: Tyranitar|88/100|[from] Stealth Rock
|-weather|Sandstorm|[from] ability: Sand Stream|[of] p1a: Tyranitar
|move|p2a: Clefable|Thunder Wave|p1a: Tyranitar
|-status|p1a: Tyranitar|par
|
|-weather|Sandstorm|[upkeep]
|-heal|p2a: Clefable|65/100 par|[from] item: Leftovers
|upkeep
|turn|15
|l|☆SalomonX09
|inactive|SalomonX09 disconnected and has a minute to reconnect!
|player|p1|
|inactive|SalomonX09 has 30 seconds to reconnect!
|inactive|SalomonX09 has 20 seconds to reconnect!
|inactive|SalomonX09 has 15 seconds to reconnect!
|inactive|SalomonX09 has 10 seconds to reconnect!
|inactive|SalomonX09 has 5 seconds to reconnect!
|-message|SalomonX09 lost due to inactivity.
|
|win|deusyancha
|raw|SalomonX09's rating: 1133 &rarr; <strong>1107</strong><br />(-26 for losing)
|raw|deusyancha's rating: 1114 &rarr; <strong>1140</strong><br />(+26 for winning)
