|j|☆PG Spectating
|j|☆murder kingdom
|t:|1758260488
|gametype|singles
|player|p1|PG Spectating|miku-ground|1434
|player|p2|murder kingdom|102|1416
|gen|9
|tier|[Gen 9] OU
|rated|
|rule|HP Percentage Mod: HP is shown in percentages
|rule|Endless Battle Clause: Forcing endless battles is banned
|rule|Species Clause: Limit one of each Pokémon
|rule|OHKO Clause: OHKO moves are banned
|rule|Evasion Items Clause: Evasion items are banned
|rule|Evasion Moves Clause: Evasion moves are banned
|rule|Evasion Abilities Clause: Evasion abilities are banned
|rule|Sleep Moves Clause: Sleep-inducing moves are banned
|clearpoke
|poke|p1|Zamazenta-*|
|poke|p1|Ogerpon-Wellspring, F|
|poke|p1|Gholdengo|
|poke|p1|Ting-Lu|
|poke|p1|Great Tusk|
|poke|p1|Kyurem|
|poke|p2|Samurott-Hisui, M|
|poke|p2|Great Tusk|
|poke|p2|Volcanion|
|poke|p2|Hydrapple, F|
|poke|p2|Gholdengo|
|poke|p2|Landorus-Therian, M|
|teampreview
|c|☆PG Spectating|hf
|
|t:|1758260496
|teamsize|p1|6
|teamsize|p2|6
|start
|switch|p1a: Inside Ze Box|Kyurem|100/100
|switch|p2a: Samurott|Samurott-Hisui, M|100/100
|-ability|p1a: Inside Ze Box|Pressure
|turn|1
|
|t:|1758260500
|move|p1a: Inside Ze Box|Freeze-Dry|p2a: Samurott
|-supereffective|p2a: Samurott
|-damage|p2a: Samurott|42/100
|move|p2a: Samurott|Ceaseless Edge|p1a: Inside Ze Box
|-damage|p1a: Inside Ze Box|60/100
|-sidestart|p1: PG Spectating|Spikes
|
|-heal|p1a: Inside Ze Box|66/100|[from] item: Leftovers
|upkeep
|turn|2
|
|t:|1758260510
|switch|p2a: Volcanion|Volcanion|100/100
|move|p1a: Inside Ze Box|Freeze-Dry|p2a: Volcanion
|-crit|p2a: Volcanion
|-damage|p2a: Volcanion|42/100
|
|-heal|p1a: Inside Ze Box|72/100|[from] item: Leftovers
|upkeep
|turn|3
|
|t:|1758260516
|move|p1a: Inside Ze Box|Protect|p1a: Inside Ze Box
|-singleturn|p1a: Inside Ze Box|Protect
|move|p2a: Volcanion|Sludge Bomb|p1a: Inside Ze Box
|-activate|p1a: Inside Ze Box|move: Protect
|
|-heal|p1a: Inside Ze Box|78/100|[from] item: Leftovers
|upkeep
|turn|4
|
|t:|1758260519
|move|p1a: Inside Ze Box|Freeze-Dry|p2a: Volcanion
|-damage|p2a: Volcanion|4/100
|move|p2a: Volcanion|Flamethrower|p1a: Inside Ze Box
|-damage|p1a: Inside Ze Box|33/100
|
|-heal|p1a: Inside Ze Box|39/100|[from] item: Leftovers
|upkeep
|turn|5
|
|t:|1758260522
|move|p1a: Inside Ze Box|Protect|p1a: Inside Ze Box
|-singleturn|p1a: Inside Ze Box|Protect
|move|p2a: Volcanion|Flamethrower|p1a: Inside Ze Box
|-activate|p1a: Inside Ze Box|move: Protect
|
|-heal|p1a: Inside Ze Box|45/100|[from] item: Leftovers
|upkeep
|turn|6
|
|t:|1758260524
|move|p1a: Inside Ze Box|Freeze-Dry|p2a: Volcanion
|-damage|p2a: Volcanion|0 fnt
|faint|p2a: Volcanion
|
|-heal|p1a: Inside Ze Box|51/100|[from] item: Leftovers
|upkeep
|
|t:|1758260528
|switch|p2a: Landorus|Landorus-Therian, M|100/100
|-ability|p2a: Landorus|Intimidate|boost
|-unboost|p1a: Inside Ze Box|atk|1
|turn|7
|
|t:|1758260530
|move|p2a: Landorus|Earthquake|p1a: Inside Ze Box
|-damage|p1a: Inside Ze Box|0 fnt
|faint|p1a: Inside Ze Box
|
|upkeep
|inactive|Battle timer is ON: inactive players will automatically lose when time's up. (requested by murder kingdom)
|
|t:|1758260545
|switch|p1a: Anti-Gliscor Tools|Gholdengo|100/100
|-item|p1a: Anti-Gliscor Tools|Air Balloon
|turn|8
|
|t:|1758260549
|switch|p2a: Samurott|Samurott-Hisui, M|42/100
|move|p1a: Anti-Gliscor Tools|Thunder Wave|p2a: Samurott
|-status|p2a: Samurott|par
|
|upkeep
|turn|9
|
|t:|1758260555
|switch|p1a: Until I Watch|Great Tusk|100/100
|move|p2a: Samurott|Knock Off|p1a: Until I Watch
|-resisted|p1a: Until I Watch
|-damage|p1a: Until I Watch|86/100
|-enditem|p1a: Until I Watch|Heavy-Duty Boots|[from] move: Knock Off|[of] p2a: Samurott
|
|upkeep
|turn|10
|
|t:|1758260559
|move|p1a: Until I Watch|Ice Spinner|p2a: Samurott
|-resisted|p2a: Samurott
|-damage|p2a: Samurott|27/100 par
|cant|p2a: Samurott|par
|
|upkeep
|turn|11
|
|t:|1758260564
|switch|p2a: Gholdengo|Gholdengo|100/100
|-item|p2a: Gholdengo|Air Balloon
|move|p1a: Until I Watch|Rapid Spin|p2a: Gholdengo
|-immune|p2a: Gholdengo
|
|upkeep
|turn|12
|
|t:|1758260569
|move|p1a: Until I Watch|Ice Spinner|p2a: Gholdengo
|-resisted|p2a: Gholdengo
|-damage|p2a: Gholdengo|87/100
|-enditem|p2a: Gholdengo|Air Balloon
|move|p2a: Gholdengo|Nasty Plot|p2a: Gholdengo
|-boost|p2a: Gholdengo|spa|2
|
|upkeep
|turn|13
|
|t:|1758260573
|-terastallize|p2a: Gholdengo|Water
|move|p1a: Until I Watch|Headlong Rush|p2a: Gholdengo
|-damage|p2a: Gholdengo|24/100
|-unboost|p1a: Until I Watch|def|1
|-unboost|p1a: Until I Watch|spd|1
|move|p2a: Gholdengo|Shadow Ball|p1a: Until I Watch
|-damage|p1a: Until I Watch|0 fnt
|faint|p1a: Until I Watch
|-end|p1a: Until I Watch|Protosynthesis|[silent]
|
|upkeep
|
|t:|1758260580
|switch|p1a: Jumpscare|Zamazenta|100/100
|-damage|p1a: Jumpscare|88/100|[from] Spikes
|-ability|p1a: Jumpscare|Dauntless Shield|boost
|-boost|p1a: Jumpscare|def|1
|turn|14
|
|t:|1758260584
|move|p1a: Jumpscare|Hyper Voice|p2a: Gholdengo
|-damage|p2a: Gholdengo|0 fnt
|faint|p2a: Gholdengo
|-enditem|p1a: Jumpscare|Throat Spray
|-boost|p1a: Jumpscare|spa|1|[from] item: Throat Spray
|
|upkeep
|
|t:|1758260588
|switch|p2a: Hydrapple|Hydrapple, F|100/100
|turn|15
|
|t:|1758260593
|-terastallize|p1a: Jumpscare|Fairy
|move|p1a: Jumpscare|Moonblast|p2a: Hydrapple
|-supereffective|p2a: Hydrapple
|-damage|p2a: Hydrapple|0 fnt
|faint|p2a: Hydrapple
|
|upkeep
|
|t:|1758260601
|switch|p2a: Landorus|Landorus-Therian, M|100/100
|-ability|p2a: Landorus|Intimidate|boost
|-unboost|p1a: Jumpscare|atk|1
|turn|16
|
|t:|1758260604
|move|p2a: Landorus|Earthquake|p1a: Jumpscare
|-damage|p1a: Jumpscare|55/100
|move|p1a: Jumpscare|Moonblast|p2a: Landorus
|-damage|p2a: Landorus|28/100
|
|upkeep
|turn|17
|
|t:|1758260606
|move|p2a: Landorus|Earthquake|p1a: Jumpscare
|-damage|p1a: Jumpscare|20/100
|move|p1a: Jumpscare|Moonblast|p2a: Landorus
|-damage|p2a: Landorus|0 fnt
|faint|p2a: Landorus
|
|upkeep
|
|t:|1758260610
|switch|p2a: Great Tusk|Great Tusk|100/100
|turn|18
|c|☆PG Spectating|moonblast jumpscare
|
|t:|1758260614
|-end|p2a: Great Tusk|Protosynthesis|[silent]
|switch|p2a: Samurott|Samurott-Hisui, M|27/100 par
|move|p1a: Jumpscare|Moonblast|p2a: Samurott
|-supereffective|p2a: Samurott
|-damage|p2a: Samurott|0 fnt
|faint|p2a: Samurott
|
|upkeep
|
|t:|1758260618
|switch|p2a: Great Tusk|Great Tusk|100/100
|turn|19
|
|t:|1758260621
|move|p1a: Jumpscare|Moonblast|p2a: Great Tusk
|-supereffective|p2a: Great Tusk
|-damage|p2a: Great Tusk|0 fnt
|faint|p2a: Great Tusk
|-end|p2a: Great Tusk|Protosynthesis|[silent]
|
|win|PG Spectating
|raw|PG Spectating's rating: 1434 &rarr; <strong>1453</strong><br />(+19 for winning)
|raw|murder kingdom's rating: 1416 &rarr; <strong>1397</strong><br />(-19 for losing)
|l|☆murder kingdom
|player|p2|
|l|☆PG Spectating
|player|p1|
