|j|☆sUwUeeper
|j|‽hallone
|t:|1758265523
|gametype|singles
|player|p1|sUwUeeper|miku-ground|1291
|player|p2|hallone|veteran|1211
|gen|9
|tier|[Gen 9] OU
|rated|
|rule|HP Percentage Mod: HP is shown in percentages
|rule|Endless Battle Clause: Forcing endless battles is banned
|rule|Species Clause: Limit one of each Pokémon
|rule|OHKO Clause: OHKO moves are banned
|rule|Evasion Items Clause: Evasion items are banned
|rule|Evasion Moves Clause: Evasion moves are banned
|rule|Evasion Abilities Clause: Evasion abilities are banned
|rule|Sleep Moves Clause: Sleep-inducing moves are banned
|clearpoke
|poke|p1|Zapdos|
|poke|p1|Samurott-Hisui, M|
|poke|p1|Gliscor, F|
|poke|p1|Zamazenta-*|
|poke|p1|Kingambit, F|
|poke|p1|Slowking-Galar, M|
|poke|p2|Jumpluff, F|
|poke|p2|Lokix, F|
|poke|p2|Kingambit, M|
|poke|p2|Primarina, M|
|poke|p2|Glimmora, M|
|poke|p2|Iron Treads|
|teampreview
|
|t:|1758265530
|teamsize|p1|6
|teamsize|p2|6
|start
|switch|p1a: Gliscor|Gliscor, F|100/100
|switch|p2a: Jumpluff|Jumpluff, F|100/100
|turn|1
|
|t:|1758265537
|move|p1a: Gliscor|Protect|p1a: Gliscor
|-singleturn|p1a: Gliscor|Protect
|move|p2a: Jumpluff|Switcheroo|p1a: Gliscor
|-activate|p1a: Gliscor|move: Protect
|
|-damage|p2a: Jumpluff|88/100|[from] item: Sticky Barb
|-status|p1a: Gliscor|tox|[from] item: Toxic Orb
|upkeep
|turn|2
|
|t:|1758265569
|move|p2a: Jumpluff|Switcheroo|p1a: Gliscor
|-activate|p2a: Jumpluff|move: Trick|[of] p1a: Gliscor
|-item|p1a: Gliscor|Sticky Barb|[from] move: Switcheroo
|-item|p2a: Jumpluff|Toxic Orb|[from] move: Switcheroo
|move|p1a: Gliscor|Toxic|p2a: Jumpluff
|-status|p2a: Jumpluff|tox
|
|-damage|p2a: Jumpluff|82/100 tox|[from] psn
|-damage|p1a: Gliscor|88/100 tox|[from] item: Sticky Barb
|upkeep
|turn|3
|
|t:|1758265581
|move|p2a: Jumpluff|U-turn|p1a: Gliscor
|-resisted|p1a: Gliscor
|-damage|p1a: Gliscor|85/100 tox
|
|t:|1758265584
|switch|p2a: Glimmora|Glimmora, M|100/100|[from] U-turn
|move|p1a: Gliscor|Knock Off|p2a: Glimmora
|-damage|p2a: Glimmora|72/100
|-enditem|p2a: Glimmora|Power Herb|[from] move: Knock Off|[of] p1a: Gliscor
|
|-heal|p1a: Gliscor|97/100 tox|[from] ability: Poison Heal
|-damage|p1a: Gliscor|85/100 tox|[from] item: Sticky Barb
|upkeep
|turn|4
|
|t:|1758265596
|move|p2a: Glimmora|Power Gem|p1a: Gliscor
|-damage|p1a: Gliscor|48/100 tox
|move|p1a: Gliscor|Earthquake|p2a: Glimmora
|-supereffective|p2a: Glimmora
|-damage|p2a: Glimmora|0 fnt
|faint|p2a: Glimmora
|
|-heal|p1a: Gliscor|60/100 tox|[from] ability: Poison Heal
|-damage|p1a: Gliscor|48/100 tox|[from] item: Sticky Barb
|upkeep
|
|t:|1758265602
|switch|p2a: Primarina|Primarina, M|100/100
|turn|5
|
|t:|1758265617
|switch|p1a: Slowking|Slowking-Galar, M|100/100
|move|p2a: Primarina|Surf|p1a: Slowking
|-damage|p1a: Slowking|70/100
|
|upkeep
|turn|6
|
|t:|1758265634
|move|p2a: Primarina|Surf|p1a: Slowking
|-damage|p1a: Slowking|39/100
|-prepare|p1a: Slowking|Chilly Reception|[premajor]
|move|p1a: Slowking|Chilly Reception|p1a: Slowking
|-weather|Snowscape
|
|t:|1758265642
|switch|p1a: Zapdos|Zapdos|100/100|[from] Chilly Reception
|
|-weather|Snowscape|[upkeep]
|upkeep
|turn|7
|
|t:|1758265659
|move|p2a: Primarina|Endure|p2a: Primarina
|-singleturn|p2a: Primarina|move: Endure
|move|p1a: Zapdos|U-turn|p2a: Primarina
|-resisted|p2a: Primarina
|-damage|p2a: Primarina|92/100
|inactive|Battle timer is ON: inactive players will automatically lose when time's up. (requested by hallone)
|
|t:|1758265721
|switch|p1a: Gliscor|Gliscor, F|48/100 tox|[from] U-turn
|
|-weather|Snowscape|[upkeep]
|-heal|p1a: Gliscor|60/100 tox|[from] ability: Poison Heal
|-damage|p1a: Gliscor|48/100 tox|[from] item: Sticky Barb
|upkeep
|turn|8
|
|t:|1758265737
|move|p1a: Gliscor|Toxic|p2a: Primarina
|-status|p2a: Primarina|tox
|move|p2a: Primarina|Surf|p1a: Gliscor
|-supereffective|p1a: Gliscor
|-crit|p1a: Gliscor
|-damage|p1a: Gliscor|0 fnt
|faint|p1a: Gliscor
|
|-weather|Snowscape|[upkeep]
|-damage|p2a: Primarina|86/100 tox|[from] psn
|upkeep
|
|t:|1758265755
|switch|p1a: Zapdos|Zapdos|100/100
|turn|9
|
|t:|1758265761
|move|p1a: Zapdos|Discharge|p2a: Primarina
|-supereffective|p2a: Primarina
|-damage|p2a: Primarina|31/100 tox
|move|p2a: Primarina|Hydro Cannon|p1a: Zapdos
|-damage|p1a: Zapdos|0 fnt
|-mustrecharge|p2a: Primarina
|faint|p1a: Zapdos
|
|-weather|Snowscape|[upkeep]
|-damage|p2a: Primarina|19/100 tox|[from] psn
|upkeep
|
|t:|1758265782
|switch|p1a: Kingambit|Kingambit, F|100/100
|-activate|p1a: Kingambit|ability: Supreme Overlord
|-start|p1a: Kingambit|fallen2|[silent]
|turn|10
|-enditem|p2a: Primarina|Custap Berry|[eat]
|-activate|p2a: Primarina|item: Custap Berry|[consumed]
|
|t:|1758265787
|cant|p2a: Primarina|recharge
|move|p1a: Kingambit|Swords Dance|p1a: Kingambit
|-boost|p1a: Kingambit|atk|2
|
|-weather|none
|-damage|p2a: Primarina|1/100 tox|[from] psn
|upkeep
|turn|11
|
|t:|1758265800
|move|p1a: Kingambit|Sucker Punch|p2a: Primarina
|-resisted|p2a: Primarina
|-damage|p2a: Primarina|0 fnt
|faint|p2a: Primarina
|
|upkeep
|
|t:|1758265811
|switch|p2a: Iron Treads|Iron Treads|100/100
|turn|12
|
|t:|1758265834
|move|p1a: Kingambit|Sucker Punch|p2a: Iron Treads
|-damage|p2a: Iron Treads|30/100
|move|p2a: Iron Treads|Knock Off|p1a: Kingambit
|-resisted|p1a: Kingambit
|-damage|p1a: Kingambit|91/100
|-enditem|p1a: Kingambit|Leftovers|[from] move: Knock Off|[of] p2a: Iron Treads
|
|upkeep
|turn|13
|
|t:|1758265843
|move|p1a: Kingambit|Sucker Punch||[still]
|-fail|p1a: Kingambit
|move|p2a: Iron Treads|Stealth Rock|p1a: Kingambit
|-sidestart|p1: sUwUeeper|move: Stealth Rock
|
|upkeep
|turn|14
|
|t:|1758265849
|-end|p2a: Iron Treads|Quark Drive|[silent]
|switch|p2a: Jumpluff|Jumpluff, F|82/100 tox
|move|p1a: Kingambit|Kowtow Cleave|p2a: Jumpluff
|-crit|p2a: Jumpluff
|-damage|p2a: Jumpluff|0 fnt
|faint|p2a: Jumpluff
|
|upkeep
|
|t:|1758265864
|switch|p2a: Lokix|Lokix, F|100/100
|turn|15
|
|t:|1758265872
|move|p2a: Lokix|First Impression|p1a: Kingambit
|-damage|p1a: Kingambit|56/100
|-damage|p2a: Lokix|91/100|[from] item: Life Orb
|move|p1a: Kingambit|Iron Head|p2a: Lokix
|-damage|p2a: Lokix|0 fnt
|faint|p2a: Lokix
|
|upkeep
|
|t:|1758265881
|switch|p2a: Kingambit|Kingambit, M|100/100
|-activate|p2a: Kingambit|ability: Supreme Overlord
|-start|p2a: Kingambit|fallen4|[silent]
|turn|16
|
|t:|1758265891
|-end|p1a: Kingambit|fallen2|[silent]
|switch|p1a: Zamazenta|Zamazenta|100/100
|-ability|p1a: Zamazenta|Dauntless Shield|boost
|-boost|p1a: Zamazenta|def|1
|move|p2a: Kingambit|Iron Head|p1a: Zamazenta
|-damage|p1a: Zamazenta|60/100
|
|upkeep
|turn|17
|
|t:|1758265902
|-terastallize|p2a: Kingambit|Flying
|move|p1a: Zamazenta|Close Combat|p2a: Kingambit
|-resisted|p2a: Kingambit
|-damage|p2a: Kingambit|81/100
|-unboost|p1a: Zamazenta|def|1
|-unboost|p1a: Zamazenta|spd|1
|move|p2a: Kingambit|Swords Dance|p2a: Kingambit
|-boost|p2a: Kingambit|atk|2
|
|-heal|p2a: Kingambit|87/100|[from] item: Leftovers
|upkeep
|turn|18
|
|t:|1758265916
|move|p1a: Zamazenta|Stone Edge|p2a: Kingambit
|-supereffective|p2a: Kingambit
|-damage|p2a: Kingambit|37/100
|move|p2a: Kingambit|Iron Head|p1a: Zamazenta
|-damage|p1a: Zamazenta|0 fnt
|faint|p1a: Zamazenta
|
|-heal|p2a: Kingambit|43/100|[from] item: Leftovers
|upkeep
|
|t:|1758265928
|switch|p1a: Kingambit|Kingambit, F|56/100
|-damage|p1a: Kingambit|50/100|[from] Stealth Rock
|-activate|p1a: Kingambit|ability: Supreme Overlord
|-start|p1a: Kingambit|fallen3|[silent]
|turn|19
|
|t:|1758265945
|-terastallize|p1a: Kingambit|Fairy
|move|p2a: Kingambit|Sucker Punch|p1a: Kingambit
|-resisted|p1a: Kingambit
|-damage|p1a: Kingambit|8/100
|move|p1a: Kingambit|Kowtow Cleave|p2a: Kingambit
|-damage|p2a: Kingambit|0 fnt
|faint|p2a: Kingambit
|-end|p2a: Kingambit|fallen4|[silent]
|
|upkeep
|
|t:|1758265954
|switch|p2a: Iron Treads|Iron Treads|30/100
|turn|20
|
|t:|1758265958
|move|p1a: Kingambit|Sucker Punch||[still]
|-fail|p1a: Kingambit
|move|p2a: Iron Treads|Stealth Rock||[still]
|-fail|p2a: Iron Treads
|
|upkeep
|turn|21
|
|t:|1758265964
|move|p1a: Kingambit|Sucker Punch|p2a: Iron Treads
|-damage|p2a: Iron Treads|0 fnt
|faint|p2a: Iron Treads
|-end|p2a: Iron Treads|Quark Drive|[silent]
|
|win|sUwUeeper
|raw|sUwUeeper's rating: 1291 &rarr; <strong>1310</strong><br />(+19 for winning)
|raw|hallone's rating: 1211 &rarr; <strong>1192</strong><br />(-19 for losing)
|l|‽hallone
|player|p2|
|l|☆sUwUeeper
|player|p1|
