|j|☆flamezzzy
|j|☆bigzawg
|t:|1758307084
|gametype|singles
|player|p1|flamezzzy|roxie|1078
|player|p2|bigzawg|skier|1110
|gen|9
|tier|[Gen 9] OU
|rated|
|rule|HP Percentage Mod: HP is shown in percentages
|rule|Endless Battle Clause: Forcing endless battles is banned
|rule|Species Clause: Limit one of each Pokémon
|rule|OHKO Clause: OHKO moves are banned
|rule|Evasion Items Clause: Evasion items are banned
|rule|Evasion Moves Clause: Evasion moves are banned
|rule|Evasion Abilities Clause: Evasion abilities are banned
|rule|Sleep Moves Clause: Sleep-inducing moves are banned
|clearpoke
|poke|p1|Pikachu-World, M|
|poke|p1|Dragonite, M|
|poke|p1|Meowscarada, F|
|poke|p1|Ceruledge, M|
|poke|p1|Gholdengo|
|poke|p1|Gyarados, M|
|poke|p2|Venusaur, M|
|poke|p2|Torkoal, F|
|poke|p2|Ninetales, F|
|poke|p2|Weezing-Galar, M|
|poke|p2|Chandelure, F|
|poke|p2|Snorlax, F|
|teampreview
|inactive|Battle timer is ON: inactive players will automatically lose when time's up. (requested by bigzawg)
|
|t:|1758307099
|teamsize|p1|6
|teamsize|p2|6
|start
|switch|p1a: Pomni|Meowscarada, F, shiny|100/100
|switch|p2a: Torkoal|Torkoal, F|100/100
|-weather|SunnyDay|[from] ability: Drought|[of] p2a: Torkoal
|turn|1
|
|t:|1758307108
|move|p1a: Pomni|U-turn|p2a: Torkoal
|-start|p1a: Pomni|typechange|Bug|[from] ability: Protean
|-resisted|p2a: Torkoal
|-damage|p2a: Torkoal|91/100
|
|t:|1758307112
|switch|p1a: Percy jackson|Gyarados, M|100/100|[from] U-turn
|move|p2a: Torkoal|Stealth Rock|p1a: Percy jackson
|-sidestart|p1: flamezzzy|move: Stealth Rock
|
|-weather|SunnyDay|[upkeep]
|upkeep
|turn|2
|
|t:|1758307120
|move|p1a: Percy jackson|Dragon Dance|p1a: Percy jackson
|-boost|p1a: Percy jackson|atk|1
|-boost|p1a: Percy jackson|spe|1
|move|p2a: Torkoal|Ancient Power|p1a: Percy jackson
|-supereffective|p1a: Percy jackson
|-damage|p1a: Percy jackson|77/100
|
|-weather|SunnyDay|[upkeep]
|upkeep
|turn|3
|
|t:|1758307130
|switch|p2a: Venusaur|Venusaur, M|100/100
|move|p1a: Percy jackson|Dragon Dance|p1a: Percy jackson
|-boost|p1a: Percy jackson|atk|1
|-boost|p1a: Percy jackson|spe|1
|
|-weather|SunnyDay|[upkeep]
|upkeep
|turn|4
|c|☆flamezzzy|!weakness venosaur
No Pokémon or type named 'venosaur' was found. Searching for 'Venusaur' instead.
|c| flamezzzy|/raw <div class="infobox">Venusaur (ignoring abilities):<br /><span class="message-effect-weak">Weaknesses</span>: Fire, Flying, Ice, Psychic<br /><span class="message-effect-resist">Resistances</span>: Electric, Fairy, Fighting, <b>Grass</b>, Water<br /><span class="message-effect-immune">Immunities</span>: Powder moves, Toxic</div>
|
|t:|1758307146
|-terastallize|p1a: Percy jackson|Dragon
|move|p1a: Percy jackson|Scale Shot|p2a: Venusaur|[miss]
|-miss|p1a: Percy jackson|p2a: Venusaur
|move|p2a: Venusaur|Giga Drain|p1a: Percy jackson
|-resisted|p1a: Percy jackson
|-damage|p1a: Percy jackson|55/100
|-damage|p2a: Venusaur|91/100|[from] item: Life Orb
|
|-weather|SunnyDay|[upkeep]
|upkeep
|turn|5
|
|t:|1758307153
|move|p1a: Percy jackson|Scale Shot|p2a: Venusaur
|-damage|p2a: Venusaur|58/100
|-damage|p2a: Venusaur|24/100
|-damage|p2a: Venusaur|0 fnt
|faint|p2a: Venusaur
|-ability|p1a: Percy jackson|Moxie|boost
|-boost|p1a: Percy jackson|atk|1
|-hitcount|p2: Venusaur|3
|-unboost|p1a: Percy jackson|def|1
|-boost|p1a: Percy jackson|spe|1
|
|-weather|SunnyDay|[upkeep]
|upkeep
|
|t:|1758307165
|switch|p2a: Weezing|Weezing-Galar, M|100/100
|-ability|p2a: Weezing|Neutralizing Gas
|turn|6
|c|☆flamezzzy|!weakness weezing galar
|c| flamezzzy|/raw <div class="infobox">Weezing-Galar (ignoring abilities):<br /><span class="message-effect-weak">Weaknesses</span>: Ground, Psychic, Steel<br /><span class="message-effect-resist">Resistances</span>: <b>Bug</b>, Dark, Fairy, <b>Fighting</b>, Grass<br /><span class="message-effect-immune">Immunities</span>: Dragon, Toxic</div>
|
|t:|1758307183
|move|p1a: Percy jackson|Surf|p2a: Weezing
|-damage|p2a: Weezing|87/100
|move|p2a: Weezing|Strange Steam|p1a: Percy jackson
|-supereffective|p1a: Percy jackson
|-damage|p1a: Percy jackson|0 fnt
|faint|p1a: Percy jackson
|
|-weather|SunnyDay|[upkeep]
|-heal|p2a: Weezing|93/100|[from] item: Black Sludge
|upkeep
|c|☆bigzawg|you wanna win that badly huh
|
|t:|1758307201
|switch|p1a: Pikachu|Pikachu-World, M|100/100
|-damage|p1a: Pikachu|88/100|[from] Stealth Rock
|turn|7
|
|t:|1758307206
|move|p1a: Pikachu|Nasty Plot|p1a: Pikachu
|-boost|p1a: Pikachu|spa|2
|move|p2a: Weezing|Will-O-Wisp|p1a: Pikachu
|-status|p1a: Pikachu|brn
|
|-weather|SunnyDay|[upkeep]
|-heal|p2a: Weezing|99/100|[from] item: Black Sludge
|-damage|p1a: Pikachu|82/100 brn|[from] brn
|upkeep
|turn|8
|
|t:|1758307211
|move|p1a: Pikachu|Nasty Plot|p1a: Pikachu
|-boost|p1a: Pikachu|spa|2
|move|p2a: Weezing|Strange Steam|p1a: Pikachu
|-damage|p1a: Pikachu|0 fnt
|faint|p1a: Pikachu
|
|-weather|none
|-heal|p2a: Weezing|100/100|[from] item: Black Sludge
|upkeep
|
|t:|1758307215
|switch|p1a: Pomni|Meowscarada, F, shiny|100/100
|-damage|p1a: Pomni|88/100|[from] Stealth Rock
|turn|9
|
|t:|1758307227
|move|p1a: Pomni|Triple Axel|p2a: Weezing
|-damage|p2a: Weezing|96/100
|-damage|p2a: Weezing|87/100
|-damage|p2a: Weezing|74/100
|-hitcount|p2a: Weezing|3
|move|p2a: Weezing|Sludge Bomb|p1a: Pomni
|-supereffective|p1a: Pomni
|-damage|p1a: Pomni|31/100
|
|-heal|p2a: Weezing|80/100|[from] item: Black Sludge
|upkeep
|turn|10
|
|t:|1758307232
|move|p1a: Pomni|U-turn|p2a: Weezing
|-resisted|p2a: Weezing
|-damage|p2a: Weezing|77/100
|
|t:|1758307238
|switch|p1a: Samurai|Ceruledge, M|100/100|[from] U-turn
|-damage|p1a: Samurai|75/100|[from] Stealth Rock
|move|p2a: Weezing|Sludge Bomb|p1a: Samurai
|-resisted|p1a: Samurai
|-damage|p1a: Samurai|59/100
|-status|p1a: Samurai|psn
|
|-heal|p2a: Weezing|83/100|[from] item: Black Sludge
|-damage|p1a: Samurai|47/100 psn|[from] psn
|upkeep
|turn|11
|
|t:|1758307244
|move|p1a: Samurai|Close Combat|p2a: Weezing
|-resisted|p2a: Weezing
|-damage|p2a: Weezing|75/100
|-unboost|p1a: Samurai|def|1
|-unboost|p1a: Samurai|spd|1
|move|p2a: Weezing|Strange Steam|p1a: Samurai|[miss]
|-miss|p2a: Weezing|p1a: Samurai
|
|-heal|p2a: Weezing|81/100|[from] item: Black Sludge
|-damage|p1a: Samurai|34/100 psn|[from] psn
|upkeep
|turn|12
|
|t:|1758307251
|move|p1a: Samurai|Bitter Blade|p2a: Weezing
|-damage|p2a: Weezing|45/100
|-heal|p1a: Samurai|55/100 psn|[from] drain|[of] p2a: Weezing
|move|p2a: Weezing|Strange Steam|p1a: Samurai
|-resisted|p1a: Samurai
|-damage|p1a: Samurai|29/100 psn
|
|-heal|p2a: Weezing|51/100|[from] item: Black Sludge
|-damage|p1a: Samurai|17/100 psn|[from] psn
|upkeep
|turn|13
|
|t:|1758307256
|move|p1a: Samurai|Bitter Blade|p2a: Weezing
|-damage|p2a: Weezing|15/100
|-heal|p1a: Samurai|37/100 psn|[from] drain|[of] p2a: Weezing
|move|p2a: Weezing|Strange Steam|p1a: Samurai
|-resisted|p1a: Samurai
|-damage|p1a: Samurai|12/100 psn
|
|-heal|p2a: Weezing|21/100|[from] item: Black Sludge
|-damage|p1a: Samurai|0 fnt|[from] psn
|faint|p1a: Samurai
|upkeep
|
|t:|1758307261
|switch|p1a: Gold Roger|Gholdengo|100/100
|-damage|p1a: Gold Roger|94/100|[from] Stealth Rock
|turn|14
|
|t:|1758307270
|move|p1a: Gold Roger|Shadow Ball|p2a: Weezing
|-damage|p2a: Weezing|0 fnt
|faint|p2a: Weezing
|-end|p2a: Weezing|ability: Neutralizing Gas
|
|upkeep
|
|t:|1758307274
|switch|p2a: Ninetales|Ninetales, F, shiny|100/100
|-weather|SunnyDay|[from] ability: Drought|[of] p2a: Ninetales
|turn|15
|
|t:|1758307284
|move|p2a: Ninetales|Fire Blast|p1a: Gold Roger
|-supereffective|p1a: Gold Roger
|-damage|p1a: Gold Roger|0 fnt
|faint|p1a: Gold Roger
|
|-weather|SunnyDay|[upkeep]
|upkeep
|
|t:|1758307287
|switch|p1a: Shenlong|Dragonite, M|100/100
|-damage|p1a: Shenlong|76/100|[from] Stealth Rock
|turn|16
|
|t:|1758307292
|move|p2a: Ninetales|Fire Blast|p1a: Shenlong
|-resisted|p1a: Shenlong
|-damage|p1a: Shenlong|46/100
|move|p1a: Shenlong|Dragon Dance|p1a: Shenlong
|-boost|p1a: Shenlong|atk|1
|-boost|p1a: Shenlong|spe|1
|
|-weather|SunnyDay|[upkeep]
|upkeep
|turn|17
|
|t:|1758307305
|move|p1a: Shenlong|Dragon Claw|p2a: Ninetales
|-damage|p2a: Ninetales|20/100
|move|p2a: Ninetales|Dark Pulse|p1a: Shenlong
|-damage|p1a: Shenlong|27/100
|
|-weather|SunnyDay|[upkeep]
|upkeep
|turn|18
|
|t:|1758307312
|move|p1a: Shenlong|Dragon Claw|p2a: Ninetales
|-damage|p2a: Ninetales|0 fnt
|faint|p2a: Ninetales
|
|-weather|SunnyDay|[upkeep]
|upkeep
|
|t:|1758307322
|switch|p2a: Snorlax|Snorlax, F, shiny|100/100
|turn|19
|
|t:|1758307329
|move|p1a: Shenlong|Dragon Claw|p2a: Snorlax
|-damage|p2a: Snorlax|50/100
|move|p2a: Snorlax|Rock Slide|p1a: Shenlong
|-supereffective|p1a: Shenlong
|-damage|p1a: Shenlong|0 fnt
|faint|p1a: Shenlong
|
|-weather|SunnyDay|[upkeep]
|upkeep
|
|t:|1758307333
|switch|p1a: Pomni|Meowscarada, F, shiny|31/100
|-damage|p1a: Pomni|19/100|[from] Stealth Rock
|turn|20
|
|t:|1758307342
|move|p1a: Pomni|Flower Trick|p2a: Snorlax
|-start|p1a: Pomni|typechange|Grass|[from] ability: Protean
|-crit|p2a: Snorlax
|-damage|p2a: Snorlax|4/100
|move|p2a: Snorlax|Body Slam|p1a: Pomni
|-damage|p1a: Pomni|0 fnt
|faint|p1a: Pomni
|
|win|bigzawg
|raw|flamezzzy's rating: 1078 &rarr; <strong>1058</strong><br />(-20 for losing)
|raw|bigzawg's rating: 1110 &rarr; <strong>1133</strong><br />(+23 for winning)
|l|☆flamezzzy
|player|p1|
|l|☆bigzawg
|player|p2|
|j|☆bigzawg
|player|p2|bigzawg|skier|
