|j|☆GFYSYDAR
|j|☆Raining Drawing
|t:|1758357298
|gametype|singles
|player|p1|GFYSYDAR|scientist-gen4dp|1408
|player|p2|Raining Drawing|266|1409
|gen|9
|tier|[Gen 9] OU
|rated|
|rule|HP Percentage Mod: HP is shown in percentages
|rule|Endless Battle Clause: Forcing endless battles is banned
|rule|Species Clause: Limit one of each Pokémon
|rule|OHKO Clause: OHKO moves are banned
|rule|Evasion Items Clause: Evasion items are banned
|rule|Evasion Moves Clause: Evasion moves are banned
|rule|Evasion Abilities Clause: Evasion abilities are banned
|rule|Sleep Moves Clause: Sleep-inducing moves are banned
|clearpoke
|poke|p1|Electrode-Hisui|
|poke|p1|Gallade, M|
|poke|p1|Slowking-Galar, M|
|poke|p1|Alomomola, M|
|poke|p1|Great Tusk|
|poke|p1|Landorus-Therian, M|
|poke|p2|Ogerpon-Cornerstone, F|
|poke|p2|Hatterene, F|
|poke|p2|Pecharunt|
|poke|p2|Landorus-Therian, M|
|poke|p2|Kingambit, M|
|poke|p2|Latios, M|
|teampreview
|inactive|Battle timer is ON: inactive players will automatically lose when time's up. (requested by Raining Drawing)
|
|t:|1758357307
|teamsize|p1|6
|teamsize|p2|6
|start
|switch|p1a: Landorus|Landorus-Therian, M|100/100
|switch|p2a: Latios|Latios, M|100/100
|-ability|p1a: Landorus|Intimidate|boost
|-unboost|p2a: Latios|atk|1
|turn|1
|
|t:|1758357319
|switch|p2a: Landorus|Landorus-Therian, M|100/100
|-ability|p2a: Landorus|Intimidate|boost
|-unboost|p1a: Landorus|atk|1
|switch|p1a: Slowking|Slowking-Galar, M|100/100
|
|upkeep
|turn|2
|l|☆Raining Drawing
|inactive|Raining Drawing disconnected and has a minute to reconnect!
|player|p2|
|j|☆Raining Drawing
|inactive|Raining Drawing reconnected and has 120 seconds left.
|player|p2|Raining Drawing|266|
|
|t:|1758357357
|switch|p1a: Landorus|Landorus-Therian, M|100/100
|-ability|p1a: Landorus|Intimidate|boost
|-unboost|p2a: Landorus|atk|1
|move|p2a: Landorus|Stealth Rock|p1a: Landorus
|-sidestart|p1: GFYSYDAR|move: Stealth Rock
|
|upkeep
|turn|3
|inactive|Raining Drawing has 120 seconds left.
|
|t:|1758357365
|move|p2a: Landorus|Taunt|p1a: Landorus
|-start|p1a: Landorus|move: Taunt
|cant|p1a: Landorus|move: Taunt|Stealth Rock
|
|upkeep
|turn|4
|
|t:|1758357373
|move|p2a: Landorus|U-turn|p1a: Landorus
|-resisted|p1a: Landorus
|-damage|p1a: Landorus|96/100
|-damage|p2a: Landorus|84/100|[from] item: Rocky Helmet|[of] p1a: Landorus
|
|t:|1758357382
|switch|p2a: Hatterene|Hatterene, F|100/100|[from] U-turn
|move|p1a: Landorus|U-turn|p2a: Hatterene
|-damage|p2a: Hatterene|75/100
|
|t:|1758357389
|switch|p1a: Slowking|Slowking-Galar, M|100/100|[from] U-turn
|
|upkeep
|turn|5
|
|t:|1758357395
|switch|p2a: Landorus|Landorus-Therian, M|84/100
|-ability|p2a: Landorus|Intimidate|boost
|-unboost|p1a: Slowking|atk|1
|move|p1a: Slowking|Future Sight|p2a: Landorus
|-start|p1a: Slowking|move: Future Sight
|
|upkeep
|turn|6
|
|t:|1758357404
|switch|p1a: Landorus|Landorus-Therian, M|96/100
|-damage|p1a: Landorus|83/100|[from] Stealth Rock
|-ability|p1a: Landorus|Intimidate|boost
|-unboost|p2a: Landorus|atk|1
|move|p2a: Landorus|U-turn|p1a: Landorus
|-resisted|p1a: Landorus
|-damage|p1a: Landorus|78/100
|-damage|p2a: Landorus|68/100|[from] item: Rocky Helmet|[of] p1a: Landorus
|
|t:|1758357425
|switch|p2a: Latios|Latios, M|100/100|[from] U-turn
|
|upkeep
|turn|7
|
|t:|1758357431
|switch|p1a: Slowking|Slowking-Galar, M|100/100
|move|p2a: Latios|Draco Meteor|p1a: Slowking
|-damage|p1a: Slowking|62/100
|-unboost|p2a: Latios|spa|2
|
|-end|p2a: Latios|move: Future Sight
|-resisted|p2a: Latios
|-damage|p2a: Latios|76/100
|upkeep
|turn|8
|
|t:|1758357443
|switch|p2a: Landorus|Landorus-Therian, M|68/100
|-ability|p2a: Landorus|Intimidate|boost
|-unboost|p1a: Slowking|atk|1
|move|p1a: Slowking|Future Sight|p2a: Landorus
|-start|p1a: Slowking|move: Future Sight
|
|upkeep
|turn|9
|
|t:|1758357453
|switch|p1a: Alomomola|Alomomola, M, shiny|100/100
|move|p2a: Landorus|Earthquake|p1a: Alomomola
|-damage|p1a: Alomomola|77/100
|
|upkeep
|turn|10
|
|t:|1758357463
|move|p2a: Landorus|Taunt|p1a: Alomomola
|-start|p1a: Alomomola|move: Taunt
|move|p1a: Alomomola|Body Slam|p2a: Landorus
|-damage|p2a: Landorus|55/100
|-damage|p1a: Alomomola|60/100|[from] item: Rocky Helmet|[of] p2a: Landorus
|
|-end|p2a: Landorus|move: Future Sight
|-damage|p2a: Landorus|7/100
|upkeep
|turn|11
|
|t:|1758357473
|move|p2a: Landorus|U-turn|p1a: Alomomola
|-damage|p1a: Alomomola|48/100
|
|t:|1758357477
|switch|p2a: Hatterene|Hatterene, F|75/100|[from] U-turn
|move|p1a: Alomomola|Flip Turn|p2a: Hatterene
|-damage|p2a: Hatterene|57/100
|
|t:|1758357486
|switch|p1a: Slowking|Slowking-Galar, M|95/100|[from] Flip Turn
|
|upkeep
|turn|12
|
|t:|1758357500
|-terastallize|p2a: Hatterene|Water
|move|p2a: Hatterene|Psychic Noise|p1a: Slowking
|-damage|p1a: Slowking|71/100
|-start|p1a: Slowking|move: Heal Block
|move|p1a: Slowking|Sludge Bomb|p2a: Hatterene
|-damage|p2a: Hatterene|38/100
|
|upkeep
|turn|13
|
|t:|1758357512
|move|p2a: Hatterene|Mystical Fire|p1a: Slowking
|-damage|p1a: Slowking|55/100
|-unboost|p1a: Slowking|spa|1
|-prepare|p1a: Slowking|Chilly Reception|[premajor]
|move|p1a: Slowking|Chilly Reception|p1a: Slowking
|-weather|Snowscape
|
|t:|1758357520
|switch|p1a: Gallade|Gallade, M, shiny|100/100|[from] Chilly Reception
|-damage|p1a: Gallade|94/100|[from] Stealth Rock
|
|-weather|Snowscape|[upkeep]
|upkeep
|turn|14
|
|t:|1758357527
|switch|p2a: Landorus|Landorus-Therian, M|7/100
|-ability|p2a: Landorus|Intimidate|boost
|-unboost|p1a: Gallade|atk|1
|move|p1a: Gallade|Knock Off|p2a: Landorus
|-damage|p2a: Landorus|0 fnt
|-damage|p1a: Gallade|78/100|[from] item: Rocky Helmet|[of] p2a: Landorus
|-enditem|p2a: Landorus|Rocky Helmet|[from] move: Knock Off|[of] p1a: Gallade
|faint|p2a: Landorus
|
|-weather|Snowscape|[upkeep]
|upkeep
|
|t:|1758357543
|switch|p2a: Ogerpon|Ogerpon-Cornerstone, F|100/100
|turn|15
|
|t:|1758357548
|switch|p1a: Landorus|Landorus-Therian, M|78/100
|-damage|p1a: Landorus|65/100|[from] Stealth Rock
|-ability|p1a: Landorus|Intimidate|boost
|-unboost|p2a: Ogerpon|atk|1
|move|p2a: Ogerpon|Swords Dance|p2a: Ogerpon
|-boost|p2a: Ogerpon|atk|2
|
|-weather|Snowscape|[upkeep]
|upkeep
|turn|16
|
|t:|1758357560
|move|p2a: Ogerpon|Ivy Cudgel|p1a: Landorus|[anim] Ivy Cudgel Rock
|-damage|p1a: Landorus|3/100
|move|p1a: Landorus|U-turn|p2a: Ogerpon
|-supereffective|p2a: Ogerpon
|-damage|p2a: Ogerpon|47/100
|
|t:|1758357566
|switch|p1a: Electrode|Electrode-Hisui, shiny|100/100|[from] U-turn
|-damage|p1a: Electrode|88/100|[from] Stealth Rock
|
|-weather|Snowscape|[upkeep]
|upkeep
|turn|17
|
|t:|1758357576
|switch|p2a: Pecharunt|Pecharunt|100/100
|move|p1a: Electrode|Leaf Storm|p2a: Pecharunt
|-resisted|p2a: Pecharunt
|-damage|p2a: Pecharunt|65/100
|-unboost|p1a: Electrode|spa|2
|
|-weather|none
|upkeep
|turn|18
|
|t:|1758357585
|switch|p1a: Slowking|Slowking-Galar, M|89/100
|move|p2a: Pecharunt|Parting Shot|p1a: Slowking
|-unboost|p1a: Slowking|atk|1
|-unboost|p1a: Slowking|spa|1
|
|t:|1758357594
|switch|p2a: Kingambit|Kingambit, M|100/100|[from] Parting Shot
|-activate|p2a: Kingambit|ability: Supreme Overlord
|-start|p2a: Kingambit|fallen1|[silent]
|
|upkeep
|turn|19
|
|t:|1758357607
|switch|p1a: Landorus|Landorus-Therian, M|3/100
|-damage|p1a: Landorus|0 fnt|[from] Stealth Rock
|faint|p1a: Landorus
|move|p2a: Kingambit|Kowtow Cleave|p1: Landorus|[notarget]
|-fail|p2a: Kingambit
|
|upkeep
|
|t:|1758357617
|switch|p1a: Great Tusk|Great Tusk|100/100
|turn|20
|
|t:|1758357632
|-end|p2a: Kingambit|fallen1|[silent]
|switch|p2a: Pecharunt|Pecharunt|65/100
|move|p1a: Great Tusk|Rapid Spin|p2a: Pecharunt
|-immune|p2a: Pecharunt
|
|upkeep
|turn|21
|
|t:|1758357647
|move|p1a: Great Tusk|Rapid Spin|p2a: Pecharunt
|-immune|p2a: Pecharunt
|move|p2a: Pecharunt|Malignant Chain|p1a: Great Tusk
|-resisted|p1a: Great Tusk
|-damage|p1a: Great Tusk|79/100
|
|upkeep
|turn|22
|
|t:|1758357655
|-end|p1a: Great Tusk|Protosynthesis|[silent]
|switch|p1a: Slowking|Slowking-Galar, M|100/100
|move|p2a: Pecharunt|Malignant Chain|p1a: Slowking
|-resisted|p1a: Slowking
|-damage|p1a: Slowking|92/100
|
|upkeep
|turn|23
|
|t:|1758357663
|move|p2a: Pecharunt|Shadow Ball|p1a: Slowking
|-supereffective|p1a: Slowking
|-damage|p1a: Slowking|64/100
|-unboost|p1a: Slowking|spd|1
|-prepare|p1a: Slowking|Chilly Reception|[premajor]
|move|p1a: Slowking|Chilly Reception|p1a: Slowking
|-weather|Snowscape
|
|t:|1758357689
|switch|p1a: Gallade|Gallade, M, shiny|78/100|[from] Chilly Reception
|-damage|p1a: Gallade|72/100|[from] Stealth Rock
|
|-weather|Snowscape|[upkeep]
|upkeep
|turn|24
|
|t:|1758357697
|switch|p2a: Hatterene|Hatterene, F, tera:Water|38/100
|move|p1a: Gallade|Knock Off|p2a: Hatterene
|-damage|p2a: Hatterene|0 fnt
|-enditem|p2a: Hatterene|Assault Vest|[from] move: Knock Off|[of] p1a: Gallade
|faint|p2a: Hatterene
|
|-weather|Snowscape|[upkeep]
|upkeep
|
|t:|1758357723
|switch|p2a: Latios|Latios, M|76/100
|turn|25
|
|t:|1758357734
|switch|p1a: Slowking|Slowking-Galar, M|97/100
|move|p2a: Latios|Draco Meteor|p1a: Slowking
|-damage|p1a: Slowking|55/100
|-unboost|p2a: Latios|spa|2
|
|-weather|Snowscape|[upkeep]
|upkeep
|turn|26
|
|t:|1758357744
|switch|p2a: Pecharunt|Pecharunt|65/100
|-prepare|p1a: Slowking|Chilly Reception|[premajor]
|move|p1a: Slowking|Chilly Reception|p1a: Slowking
|
|t:|1758357750
|switch|p1a: Gallade|Gallade, M, shiny|72/100|[from] Chilly Reception
|-damage|p1a: Gallade|66/100|[from] Stealth Rock
|
|-weather|Snowscape|[upkeep]
|upkeep
|turn|27
|
|t:|1758357757
|move|p1a: Gallade|Psycho Cut|p2a: Pecharunt
|-supereffective|p2a: Pecharunt
|-damage|p2a: Pecharunt|0 fnt
|faint|p2a: Pecharunt
|
|-weather|none
|upkeep
|
|t:|1758357762
|switch|p2a: Latios|Latios, M|76/100
|turn|28
|j| Lario
|
|t:|1758357765
|switch|p1a: Slowking|Slowking-Galar, M|89/100
|move|p2a: Latios|Trick|p1a: Slowking
|-activate|p2a: Latios|move: Trick|[of] p1a: Slowking
|-item|p1a: Slowking|Choice Scarf|[from] move: Trick
|-item|p2a: Latios|Heavy-Duty Boots|[from] move: Trick
|
|upkeep
|turn|29
|
|t:|1758357773
|move|p2a: Latios|Luster Purge|p1a: Slowking
|-damage|p1a: Slowking|57/100
|-unboost|p1a: Slowking|spd|1
|-prepare|p1a: Slowking|Chilly Reception|[premajor]
|move|p1a: Slowking|Chilly Reception|p1a: Slowking
|-weather|Snowscape
|
|t:|1758357783
|switch|p1a: Electrode|Electrode-Hisui, shiny|88/100|[from] Chilly Reception
|-damage|p1a: Electrode|76/100|[from] Stealth Rock
|
|-weather|Snowscape|[upkeep]
|upkeep
|turn|30
|
|t:|1758357798
|switch|p2a: Ogerpon|Ogerpon-Cornerstone, F|47/100
|move|p1a: Electrode|Volt Switch|p2a: Ogerpon
|-resisted|p2a: Ogerpon
|-damage|p2a: Ogerpon|25/100
|
|t:|1758357826
|switch|p1a: Alomomola|Alomomola, M, shiny|81/100|[from] Volt Switch
|
|-weather|Snowscape|[upkeep]
|upkeep
|turn|31
|
|t:|1758357834
|move|p2a: Ogerpon|Power Whip|p1a: Alomomola
|-supereffective|p1a: Alomomola
|-damage|p1a: Alomomola|1/100
|move|p1a: Alomomola|Flip Turn|p2a: Ogerpon
|-damage|p2a: Ogerpon|3/100
|
|t:|1758357847
|switch|p1a: Electrode|Electrode-Hisui, shiny|76/100|[from] Flip Turn
|-damage|p1a: Electrode|64/100|[from] Stealth Rock
|
|-weather|Snowscape|[upkeep]
|upkeep
|turn|32
|
|t:|1758357854
|move|p1a: Electrode|Volt Switch|p2a: Ogerpon
|-resisted|p2a: Ogerpon
|-damage|p2a: Ogerpon|0 fnt
|faint|p2a: Ogerpon
|
|t:|1758357860
|switch|p1a: Great Tusk|Great Tusk|79/100|[from] Volt Switch
|
|-weather|Snowscape|[upkeep]
|upkeep
|
|t:|1758357864
|switch|p2a: Latios|Latios, M|76/100
|turn|33
|
|t:|1758357868
|-end|p1a: Great Tusk|Protosynthesis|[silent]
|switch|p1a: Slowking|Slowking-Galar, M|91/100
|-damage|p1a: Slowking|78/100|[from] Stealth Rock
|move|p2a: Latios|Luster Purge|p1a: Slowking
|-damage|p1a: Slowking|48/100
|
|-weather|none
|upkeep
|turn|34
|
|t:|1758357877
|move|p2a: Latios|Luster Purge|p1a: Slowking
|-damage|p1a: Slowking|22/100
|-prepare|p1a: Slowking|Chilly Reception|[premajor]
|move|p1a: Slowking|Chilly Reception|p1a: Slowking
|-weather|Snowscape
|
|t:|1758357886
|switch|p1a: Electrode|Electrode-Hisui, shiny|64/100|[from] Chilly Reception
|-damage|p1a: Electrode|52/100|[from] Stealth Rock
|
|-weather|Snowscape|[upkeep]
|upkeep
|turn|35
|
|t:|1758357895
|move|p1a: Electrode|Volt Switch|p2a: Latios
|-resisted|p2a: Latios
|-damage|p2a: Latios|56/100
|
|t:|1758357913
|switch|p1a: Slowking|Slowking-Galar, M|55/100|[from] Volt Switch
|-damage|p1a: Slowking|42/100|[from] Stealth Rock
|move|p2a: Latios|Luster Purge|p1a: Slowking
|-crit|p1a: Slowking
|-damage|p1a: Slowking|0 fnt
|faint|p1a: Slowking
|
|-weather|Snowscape|[upkeep]
|upkeep
|inactive|GFYSYDAR has 120 seconds left.
|
|t:|1758357934
|switch|p1a: Electrode|Electrode-Hisui, shiny|52/100
|-damage|p1a: Electrode|39/100|[from] Stealth Rock
|turn|36
|
|t:|1758357942
|move|p1a: Electrode|Volt Switch|p2a: Latios
|-resisted|p2a: Latios
|-damage|p2a: Latios|35/100
|inactive|GFYSYDAR has 120 seconds left.
|
|t:|1758357953
|switch|p1a: Alomomola|Alomomola, M, shiny|34/100|[from] Volt Switch
|move|p2a: Latios|Luster Purge|p1a: Alomomola
|-damage|p1a: Alomomola|0 fnt
|faint|p1a: Alomomola
|
|-weather|Snowscape|[upkeep]
|upkeep
|inactive|GFYSYDAR has 120 seconds left.
|
|t:|1758357964
|switch|p1a: Electrode|Electrode-Hisui, shiny|39/100
|-damage|p1a: Electrode|27/100|[from] Stealth Rock
|turn|37
|
|t:|1758357973
|move|p1a: Electrode|Chloroblast|p2a: Latios
|-resisted|p2a: Latios
|-damage|p2a: Latios|0 fnt
|faint|p2a: Latios
|-damage|p1a: Electrode|0 fnt|[from] Recoil
|faint|p1a: Electrode
|
|-weather|Snowscape|[upkeep]
|upkeep
|-message|Raining Drawing forfeited.
|
|win|GFYSYDAR
|raw|GFYSYDAR's rating: 1408 &rarr; <strong>1428</strong><br />(+20 for winning)
|raw|Raining Drawing's rating: 1409 &rarr; <strong>1389</strong><br />(-20 for losing)
|l|☆Raining Drawing
|player|p2|
|l| Lario
