|j|☆Yurivsp20
|j|☆katapuldrawr
|t:|1758258786
|gametype|singles
|player|p1|Yurivsp20|265|1102
|player|p2|katapuldrawr|1|1132
|gen|9
|tier|[Gen 9] OU
|rated|
|rule|HP Percentage Mod: HP is shown in percentages
|rule|Endless Battle Clause: Forcing endless battles is banned
|rule|Species Clause: Limit one of each Pokémon
|rule|OHKO Clause: OHKO moves are banned
|rule|Evasion Items Clause: Evasion items are banned
|rule|Evasion Moves Clause: Evasion moves are banned
|rule|Evasion Abilities Clause: Evasion abilities are banned
|rule|Sleep Moves Clause: Sleep-inducing moves are banned
|clearpoke
|poke|p1|Raging Bolt|
|poke|p1|Zapdos|
|poke|p1|Rotom-Wash|
|poke|p1|Thundurus-Therian, M|
|poke|p1|Raikou|
|poke|p1|Ampharos, F|
|poke|p2|Zapdos|
|poke|p2|Infernape, F|
|poke|p2|Weezing-Galar, F|
|poke|p2|Ting-Lu|
|poke|p2|Lokix, F|
|poke|p2|Kyurem|
|teampreview
|
|t:|1758258804
|teamsize|p1|6
|teamsize|p2|6
|start
|switch|p1a: Ampharos|Ampharos, F|100/100
|switch|p2a: Kyurem|Kyurem|100/100
|-ability|p2a: Kyurem|Pressure
|turn|1
|
|t:|1758258814
|move|p2a: Kyurem|Draco Meteor|p1a: Ampharos
|-damage|p1a: Ampharos|3/100
|-unboost|p2a: Kyurem|spa|2
|move|p1a: Ampharos|Thunder Wave|p2a: Kyurem|[miss]
|-miss|p1a: Ampharos|p2a: Kyurem
|
|-heal|p1a: Ampharos|9/100|[from] item: Leftovers
|upkeep
|turn|2
|
|t:|1758258824
|move|p2a: Kyurem|Draco Meteor|p1a: Ampharos|[miss]
|-miss|p2a: Kyurem|p1a: Ampharos
|move|p1a: Ampharos|Dazzling Gleam|p2a: Kyurem
|-supereffective|p2a: Kyurem
|-damage|p2a: Kyurem|51/100
|
|-heal|p1a: Ampharos|15/100|[from] item: Leftovers
|upkeep
|turn|3
|
|t:|1758258833
|move|p2a: Kyurem|Draco Meteor|p1a: Ampharos
|-damage|p1a: Ampharos|0 fnt
|-unboost|p2a: Kyurem|spa|2
|faint|p1a: Ampharos
|
|upkeep
|
|t:|1758258839
|switch|p1a: Rotom|Rotom-Wash|100/100
|turn|4
|
|t:|1758258853
|switch|p2a: Zapdos|Zapdos|100/100
|move|p1a: Rotom|Will-O-Wisp|p2a: Zapdos
|-status|p2a: Zapdos|brn
|
|-damage|p2a: Zapdos|94/100 brn|[from] brn
|upkeep
|turn|5
|
|t:|1758258871
|move|p1a: Rotom|Hydro Pump|p2a: Zapdos|[miss]
|-miss|p1a: Rotom|p2a: Zapdos
|move|p2a: Zapdos|U-turn|p1a: Rotom
|-damage|p1a: Rotom|93/100
|
|t:|1758258876
|switch|p2a: Lokix|Lokix, F|100/100|[from] U-turn
|
|-heal|p1a: Rotom|99/100|[from] item: Leftovers
|upkeep
|turn|6
|
|t:|1758258884
|move|p2a: Lokix|U-turn|p1a: Rotom
|-damage|p1a: Rotom|54/100
|
|t:|1758258888
|switch|p2a: Zapdos|Zapdos|94/100 brn|[from] U-turn
|move|p1a: Rotom|Will-O-Wisp|p2a: Zapdos
|-fail|p2a: Zapdos|brn
|
|-heal|p1a: Rotom|60/100|[from] item: Leftovers
|-damage|p2a: Zapdos|88/100 brn|[from] brn
|upkeep
|turn|7
|
|t:|1758258898
|move|p1a: Rotom|Hex|p2a: Zapdos
|-damage|p2a: Zapdos|51/100 brn
|move|p2a: Zapdos|Discharge|p1a: Rotom
|-damage|p1a: Rotom|14/100
|
|-heal|p1a: Rotom|20/100|[from] item: Leftovers
|-damage|p2a: Zapdos|45/100 brn|[from] brn
|upkeep
|turn|8
|
|t:|1758258909
|move|p1a: Rotom|Hydro Pump|p2a: Zapdos
|-damage|p2a: Zapdos|0 fnt
|faint|p2a: Zapdos
|
|-heal|p1a: Rotom|26/100|[from] item: Leftovers
|upkeep
|
|t:|1758258924
|switch|p2a: Lokix|Lokix, F|100/100
|turn|9
|
|t:|1758258930
|move|p2a: Lokix|Knock Off|p1a: Rotom
|-damage|p1a: Rotom|0 fnt
|-enditem|p1a: Rotom|Leftovers|[from] move: Knock Off|[of] p2a: Lokix
|faint|p1a: Rotom
|
|upkeep
|
|t:|1758258935
|switch|p1a: Zapdos|Zapdos|100/100
|turn|10
|
|t:|1758258942
|switch|p2a: Ting-Lu|Ting-Lu|100/100
|-ability|p2a: Ting-Lu|Vessel of Ruin
|move|p1a: Zapdos|Heat Wave|p2a: Ting-Lu
|-damage|p2a: Ting-Lu|87/100
|
|-heal|p2a: Ting-Lu|93/100|[from] item: Leftovers
|upkeep
|turn|11
|
|t:|1758258955
|move|p1a: Zapdos|Hurricane|p2a: Ting-Lu|[miss]
|-miss|p1a: Zapdos|p2a: Ting-Lu
|move|p2a: Ting-Lu|Stealth Rock|p1a: Zapdos
|-sidestart|p1: Yurivsp20|move: Stealth Rock
|
|-heal|p2a: Ting-Lu|99/100|[from] item: Leftovers
|upkeep
|turn|12
|
|t:|1758258964
|move|p1a: Zapdos|Thunder|p2a: Ting-Lu
|-immune|p2a: Ting-Lu
|move|p2a: Ting-Lu|Ruination|p1a: Zapdos
|-damage|p1a: Zapdos|51/100
|
|-heal|p2a: Ting-Lu|100/100|[from] item: Leftovers
|upkeep
|turn|13
|-message|Yurivsp20 forfeited.
|
|win|katapuldrawr
|raw|Yurivsp20's rating: 1102 &rarr; <strong>1079</strong><br />(-23 for losing)
|raw|katapuldrawr's rating: 1132 &rarr; <strong>1155</strong><br />(+23 for winning)
|l|☆Yurivsp20
|player|p1|
|l|☆katapuldrawr
|player|p2|
