|j|☆Sauronikov
|j|☆hrishi718
|t:|1758269787
|gametype|singles
|player|p1|Sauronikov|1|1349
|player|p2|hrishi718|benga|1355
|gen|9
|tier|[Gen 9] OU
|rated|
|rule|HP Percentage Mod: HP is shown in percentages
|rule|Endless Battle Clause: Forcing endless battles is banned
|rule|Species Clause: Limit one of each Pokémon
|rule|OHKO Clause: OHKO moves are banned
|rule|Evasion Items Clause: Evasion items are banned
|rule|Evasion Moves Clause: Evasion moves are banned
|rule|Evasion Abilities Clause: Evasion abilities are banned
|rule|Sleep Moves Clause: Sleep-inducing moves are banned
|clearpoke
|poke|p1|Grimmsnarl, M|
|poke|p1|Rhyperior, M|
|poke|p1|Revavroom, M|
|poke|p1|Entei|
|poke|p1|Raikou|
|poke|p1|Suicune|
|poke|p2|Ogerpon-Wellspring, F|
|poke|p2|Kingambit, M|
|poke|p2|Gholdengo|
|poke|p2|Landorus-Therian, M|
|poke|p2|Slowking-Galar, F|
|poke|p2|Iron Valiant|
|teampreview
|inactive|Battle timer is ON: inactive players will automatically lose when time's up. (requested by hrishi718)
|
|t:|1758269793
|teamsize|p1|6
|teamsize|p2|6
|start
|switch|p1a: Grimmsnarl|Grimmsnarl, M|100/100
|switch|p2a: Landorus|Landorus-Therian, M|100/100
|-ability|p2a: Landorus|Intimidate|boost
|-unboost|p1a: Grimmsnarl|atk|1
|turn|1
|
|t:|1758269801
|move|p1a: Grimmsnarl|Taunt|p2a: Landorus
|-start|p2a: Landorus|move: Taunt
|cant|p2a: Landorus|move: Taunt|Stealth Rock
|
|upkeep
|turn|2
|
|t:|1758269806
|move|p1a: Grimmsnarl|Reflect|p1a: Grimmsnarl
|-sidestart|p1: Sauronikov|Reflect
|move|p2a: Landorus|U-turn|p1a: Grimmsnarl
|-damage|p1a: Grimmsnarl|89/100
|
|t:|1758269811
|switch|p2a: Kingambit|Kingambit, M|100/100|[from] U-turn
|
|upkeep
|turn|3
|
|t:|1758269817
|switch|p1a: Rhyperior|Rhyperior, M, shiny|100/100
|move|p2a: Kingambit|Swords Dance|p2a: Kingambit
|-boost|p2a: Kingambit|atk|2
|
|upkeep
|turn|4
|
|t:|1758269827
|-end|p2a: Kingambit|fallenundefined|[silent]
|switch|p2a: Landorus|Landorus-Therian, M|100/100
|-ability|p2a: Landorus|Intimidate|boost
|-unboost|p1a: Rhyperior|atk|1
|move|p1a: Rhyperior|Earthquake|p2a: Landorus
|-immune|p2a: Landorus
|
|upkeep
|turn|5
|
|t:|1758269835
|move|p2a: Landorus|Stealth Rock|p1a: Rhyperior
|-sidestart|p1: Sauronikov|move: Stealth Rock
|move|p1a: Rhyperior|Rock Polish|p1a: Rhyperior
|-boost|p1a: Rhyperior|spe|2
|
|upkeep
|turn|6
|
|t:|1758269845
|move|p1a: Rhyperior|Rock Polish|p1a: Rhyperior
|-boost|p1a: Rhyperior|spe|2
|move|p2a: Landorus|U-turn|p1a: Rhyperior
|-damage|p1a: Rhyperior|93/100
|
|t:|1758269855
|switch|p2a: Kingambit|Kingambit, M|100/100|[from] U-turn
|
|upkeep
|turn|7
|
|t:|1758269861
|-end|p2a: Kingambit|fallenundefined|[silent]
|switch|p2a: Landorus|Landorus-Therian, M|100/100
|-ability|p2a: Landorus|Intimidate|boost
|-unboost|p1a: Rhyperior|atk|1
|move|p1a: Rhyperior|Earthquake|p2a: Landorus
|-immune|p2a: Landorus
|
|upkeep
|turn|8
|
|t:|1758269875
|switch|p1a: Suicune|Suicune, shiny|100/100
|-damage|p1a: Suicune|88/100|[from] Stealth Rock
|move|p2a: Landorus|Taunt|p1a: Suicune
|-start|p1a: Suicune|move: Taunt
|
|upkeep
|turn|9
|
|t:|1758269887
|switch|p2a: Ogerpon|Ogerpon-Wellspring, F|100/100
|move|p1a: Suicune|Scald|p2a: Ogerpon
|-immune|p2a: Ogerpon|[from] ability: Water Absorb
|
|-sideend|p1: Sauronikov|Reflect
|upkeep
|turn|10
|
|t:|1758269895
|switch|p1a: Grimmsnarl|Grimmsnarl, M|89/100
|-damage|p1a: Grimmsnarl|76/100|[from] Stealth Rock
|move|p2a: Ogerpon|Knock Off|p1a: Grimmsnarl
|-resisted|p1a: Grimmsnarl
|-damage|p1a: Grimmsnarl|66/100
|-enditem|p1a: Grimmsnarl|Light Clay|[from] move: Knock Off|[of] p2a: Ogerpon
|
|upkeep
|turn|11
|
|t:|1758269907
|move|p1a: Grimmsnarl|Reflect|p1a: Grimmsnarl
|-sidestart|p1: Sauronikov|Reflect
|move|p2a: Ogerpon|Ivy Cudgel|p1a: Grimmsnarl|[anim] Ivy Cudgel Water
|-damage|p1a: Grimmsnarl|36/100
|
|upkeep
|turn|12
|
|t:|1758269914
|move|p1a: Grimmsnarl|Parting Shot|p2a: Ogerpon
|-unboost|p2a: Ogerpon|atk|1
|-unboost|p2a: Ogerpon|spa|1
|
|t:|1758269916
|switch|p1a: Entei|Entei, shiny|100/100|[from] Parting Shot
|-damage|p1a: Entei|76/100|[from] Stealth Rock
|move|p2a: Ogerpon|Swords Dance|p2a: Ogerpon
|-boost|p2a: Ogerpon|atk|2
|
|upkeep
|turn|13
|
|t:|1758269927
|move|p2a: Ogerpon|Ivy Cudgel|p1a: Entei|[anim] Ivy Cudgel Water
|-supereffective|p1a: Entei
|-damage|p1a: Entei|0 fnt
|faint|p1a: Entei
|
|upkeep
|
|t:|1758269932
|switch|p1a: Raikou|Raikou|100/100
|-damage|p1a: Raikou|88/100|[from] Stealth Rock
|turn|14
|
|t:|1758269938
|switch|p2a: Landorus|Landorus-Therian, M|100/100
|-ability|p2a: Landorus|Intimidate|boost
|-fail|p1a: Raikou|unboost|Attack|[from] ability: Inner Focus|[of] p1a: Raikou
|-terastallize|p1a: Raikou|Water
|move|p1a: Raikou|Agility|p1a: Raikou
|-boost|p1a: Raikou|spe|2
|
|upkeep
|turn|15
|
|t:|1758269951
|move|p1a: Raikou|Scald|p2a: Landorus
|-supereffective|p2a: Landorus
|-damage|p2a: Landorus|10/100
|move|p2a: Landorus|Taunt|p1a: Raikou
|-start|p1a: Raikou|move: Taunt
|
|-sideend|p1: Sauronikov|Reflect
|upkeep
|turn|16
|
|t:|1758269964
|switch|p2a: Slowking|Slowking-Galar, F|100/100
|move|p1a: Raikou|Aura Sphere|p2a: Slowking
|-resisted|p2a: Slowking
|-damage|p2a: Slowking|96/100
|
|upkeep
|turn|17
|
|t:|1758269971
|move|p1a: Raikou|Thunderbolt|p2a: Slowking
|-crit|p2a: Slowking
|-damage|p2a: Slowking|54/100
|move|p2a: Slowking|Future Sight|p1a: Raikou
|-start|p2a: Slowking|move: Future Sight
|
|upkeep
|turn|18
|
|t:|1758269978
|move|p1a: Raikou|Scald|p2a: Slowking
|-damage|p2a: Slowking|29/100
|-status|p2a: Slowking|brn
|move|p2a: Slowking|Sludge Bomb|p1a: Raikou
|-damage|p1a: Raikou|55/100
|
|-damage|p2a: Slowking|23/100 brn|[from] brn
|-end|p1a: Raikou|move: Taunt
|upkeep
|turn|19
|inactive|hrishi718 has 120 seconds left.
|
|t:|1758270012
|switch|p2a: Gholdengo|Gholdengo|100/100
|-item|p2a: Gholdengo|Air Balloon
|move|p1a: Raikou|Thunderbolt|p2a: Gholdengo
|-damage|p2a: Gholdengo|57/100
|-enditem|p2a: Gholdengo|Air Balloon
|
|-end|p1a: Raikou|move: Future Sight
|-damage|p1a: Raikou|15/100
|upkeep
|turn|20
|inactive|hrishi718 has 120 seconds left.
|
|t:|1758270027
|move|p1a: Raikou|Scald|p2a: Gholdengo
|-damage|p2a: Gholdengo|14/100
|move|p2a: Gholdengo|Recover|p2a: Gholdengo
|-heal|p2a: Gholdengo|64/100
|
|upkeep
|turn|21
|inactive|hrishi718 has 120 seconds left.
|
|t:|1758270035
|switch|p2a: Slowking|Slowking-Galar, F|56/100 brn
|move|p1a: Raikou|Scald|p2a: Slowking
|-damage|p2a: Slowking|33/100 brn
|
|-damage|p2a: Slowking|27/100 brn|[from] brn
|upkeep
|turn|22
|inactive|hrishi718 has 120 seconds left.
|
|t:|1758270047
|switch|p2a: Gholdengo|Gholdengo|64/100
|move|p1a: Raikou|Thunderbolt|p2a: Gholdengo
|-damage|p2a: Gholdengo|14/100
|-status|p2a: Gholdengo|par
|
|upkeep
|turn|23
|
|t:|1758270055
|move|p1a: Raikou|Thunderbolt|p2a: Gholdengo
|-damage|p2a: Gholdengo|0 fnt
|faint|p2a: Gholdengo
|
|upkeep
|
|t:|1758270061
|switch|p2a: Kingambit|Kingambit, M|100/100
|-activate|p2a: Kingambit|ability: Supreme Overlord
|-start|p2a: Kingambit|fallen1|[silent]
|turn|24
|
|t:|1758270066
|move|p2a: Kingambit|Sucker Punch|p1a: Raikou
|-damage|p1a: Raikou|0 fnt
|faint|p1a: Raikou
|
|upkeep
|
|t:|1758270068
|switch|p1a: Grimmsnarl|Grimmsnarl, M|36/100
|-damage|p1a: Grimmsnarl|23/100|[from] Stealth Rock
|turn|25
|
|t:|1758270075
|move|p1a: Grimmsnarl|Reflect|p1a: Grimmsnarl
|-sidestart|p1: Sauronikov|Reflect
|move|p2a: Kingambit|Iron Head|p1a: Grimmsnarl
|-supereffective|p1a: Grimmsnarl
|-damage|p1a: Grimmsnarl|0 fnt
|faint|p1a: Grimmsnarl
|
|upkeep
|
|t:|1758270079
|switch|p1a: Revavroom|Revavroom, M|100/100
|-damage|p1a: Revavroom|94/100|[from] Stealth Rock
|turn|26
|
|t:|1758270090
|move|p1a: Revavroom|Shift Gear|p1a: Revavroom
|-boost|p1a: Revavroom|spe|2
|-boost|p1a: Revavroom|atk|1
|move|p2a: Kingambit|Swords Dance|p2a: Kingambit
|-boost|p2a: Kingambit|atk|2
|
|upkeep
|turn|27
|
|t:|1758270105
|-terastallize|p2a: Kingambit|Dark
|move|p1a: Revavroom|High Horsepower|p2a: Kingambit
|-damage|p2a: Kingambit|64/100
|move|p2a: Kingambit|Kowtow Cleave|p1a: Revavroom
|-damage|p1a: Revavroom|0 fnt
|faint|p1a: Revavroom
|
|upkeep
|-message|Sauronikov forfeited.
|
|win|hrishi718
|raw|Sauronikov's rating: 1349 &rarr; <strong>1329</strong><br />(-20 for losing)
|raw|hrishi718's rating: 1355 &rarr; <strong>1375</strong><br />(+20 for winning)
|l|☆Sauronikov
|player|p1|
|l|☆hrishi718
|player|p2|
