|j|☆arvends5
|j|☆qwib
|t:|1758333866
|gametype|singles
|player|p1|arvends5|swimmer|1313
|player|p2|qwib|266|1309
|gen|9
|tier|[Gen 9] OU
|rated|
|rule|HP Percentage Mod: HP is shown in percentages
|rule|Endless Battle Clause: Forcing endless battles is banned
|rule|Species Clause: Limit one of each Pokémon
|rule|OHKO Clause: OHKO moves are banned
|rule|Evasion Items Clause: Evasion items are banned
|rule|Evasion Moves Clause: Evasion moves are banned
|rule|Evasion Abilities Clause: Evasion abilities are banned
|rule|Sleep Moves Clause: Sleep-inducing moves are banned
|clearpoke
|poke|p1|Venusaur, M|
|poke|p1|Ninetales, F|
|poke|p1|Wigglytuff, F|
|poke|p1|Dragonite, M|
|poke|p1|Vaporeon, F|
|poke|p1|Hitmonchan, M|
|poke|p2|Cinderace, F|
|poke|p2|Ceruledge, F|
|poke|p2|Kingambit, M|
|poke|p2|Raging Bolt|
|poke|p2|Iron Moth|
|poke|p2|Scizor, F|
|teampreview
|
|t:|1758333878
|teamsize|p1|6
|teamsize|p2|6
|start
|switch|p1a: Vaporeon|Vaporeon, F|100/100
|switch|p2a: Raging Bolt|Raging Bolt|100/100
|turn|1
|
|t:|1758333883
|move|p2a: Raging Bolt|Thunderbolt|p1a: Vaporeon
|-supereffective|p1a: Vaporeon
|-damage|p1a: Vaporeon|18/100
|move|p1a: Vaporeon|Ice Beam|p2a: Raging Bolt
|-supereffective|p2a: Raging Bolt
|-damage|p2a: Raging Bolt|20/100
|
|upkeep
|turn|2
|
|t:|1758333891
|move|p2a: Raging Bolt|Thunderbolt|p1a: Vaporeon
|-supereffective|p1a: Vaporeon
|-damage|p1a: Vaporeon|0 fnt
|faint|p1a: Vaporeon
|
|upkeep
|
|t:|1758333902
|switch|p1a: Hitmonchan|Hitmonchan, M|100/100
|turn|3
|
|t:|1758333906
|move|p1a: Hitmonchan|Mach Punch|p2a: Raging Bolt
|-damage|p2a: Raging Bolt|4/100
|move|p2a: Raging Bolt|Thunderclap||[still]
|-fail|p2a: Raging Bolt
|
|upkeep
|turn|4
|
|t:|1758333913
|move|p1a: Hitmonchan|Mach Punch|p2a: Raging Bolt
|-damage|p2a: Raging Bolt|0 fnt
|faint|p2a: Raging Bolt
|-end|p2a: Raging Bolt|Protosynthesis|[silent]
|
|upkeep
|
|t:|1758333921
|switch|p2a: Cinderace|Cinderace, F|100/100
|turn|5
|
|t:|1758333926
|move|p1a: Hitmonchan|Mach Punch|p2a: Cinderace
|-damage|p2a: Cinderace|68/100
|move|p2a: Cinderace|Pyro Ball|p1a: Hitmonchan|[miss]
|-miss|p2a: Cinderace|p1a: Hitmonchan
|
|upkeep
|turn|6
|
|t:|1758333941
|move|p1a: Hitmonchan|Mach Punch|p2a: Cinderace
|-damage|p2a: Cinderace|36/100
|move|p2a: Cinderace|Pyro Ball|p1a: Hitmonchan
|-damage|p1a: Hitmonchan|5/100
|
|upkeep
|turn|7
|
|t:|1758333947
|move|p1a: Hitmonchan|Mach Punch|p2a: Cinderace
|-damage|p2a: Cinderace|6/100
|move|p2a: Cinderace|Gunk Shot|p1a: Hitmonchan
|-start|p2a: Cinderace|typechange|Poison|[from] ability: Libero
|-damage|p1a: Hitmonchan|0 fnt
|faint|p1a: Hitmonchan
|
|upkeep
|
|t:|1758333958
|switch|p1a: Ninetales|Ninetales, F|100/100
|-weather|SunnyDay|[from] ability: Drought|[of] p1a: Ninetales
|turn|8
|
|t:|1758333964
|move|p2a: Cinderace|Gunk Shot|p1a: Ninetales
|-crit|p1a: Ninetales
|-damage|p1a: Ninetales|0 fnt
|faint|p1a: Ninetales
|
|-weather|SunnyDay|[upkeep]
|upkeep
|
|t:|1758333970
|switch|p1a: Venusaur|Venusaur, M|100/100
|turn|9
|
|t:|1758333974
|move|p1a: Venusaur|Solar Beam||[still]
|-prepare|p1a: Venusaur|Solar Beam
|-anim|p1a: Venusaur|Solar Beam|p2a: Cinderace
|-resisted|p2a: Cinderace
|-damage|p2a: Cinderace|0 fnt
|faint|p2a: Cinderace
|-damage|p1a: Venusaur|91/100|[from] item: Life Orb
|
|-weather|SunnyDay|[upkeep]
|upkeep
|
|t:|1758333983
|switch|p2a: Ceruledge|Ceruledge, F|100/100
|turn|10
|
|t:|1758333994
|move|p1a: Venusaur|Earth Power|p2a: Ceruledge
|-supereffective|p2a: Ceruledge
|-damage|p2a: Ceruledge|8/100
|-damage|p1a: Venusaur|81/100|[from] item: Life Orb
|move|p2a: Ceruledge|Bitter Blade|p1a: Venusaur
|-supereffective|p1a: Venusaur
|-damage|p1a: Venusaur|0 fnt
|-heal|p2a: Ceruledge|50/100|[from] drain|[of] p1a: Venusaur
|faint|p1a: Venusaur
|
|-weather|SunnyDay|[upkeep]
|upkeep
|
|t:|1758334001
|switch|p1a: Dragonite|Dragonite, M|100/100
|turn|11
|
|t:|1758334009
|move|p2a: Ceruledge|Poltergeist|p1a: Dragonite
|-activate|p1a: Dragonite|move: Poltergeist|Weakness Policy
|-damage|p1a: Dragonite|70/100
|move|p1a: Dragonite|Hurricane|p2a: Ceruledge|[miss]
|-miss|p1a: Dragonite|p2a: Ceruledge
|
|-weather|SunnyDay|[upkeep]
|upkeep
|turn|12
|
|t:|1758334017
|move|p2a: Ceruledge|Poltergeist|p1a: Dragonite
|-activate|p1a: Dragonite|move: Poltergeist|Weakness Policy
|-damage|p1a: Dragonite|10/100
|move|p1a: Dragonite|Hurricane|p2a: Ceruledge|[miss]
|-miss|p1a: Dragonite|p2a: Ceruledge
|
|-weather|SunnyDay|[upkeep]
|upkeep
|turn|13
|-message|arvends5 forfeited.
|
|win|qwib
|raw|arvends5's rating: 1313 &rarr; <strong>1293</strong><br />(-20 for losing)
|raw|qwib's rating: 1309 &rarr; <strong>1329</strong><br />(+20 for winning)
|l|☆qwib
|player|p2|
|l|☆arvends5
|player|p1|
