|j|☆kiarnjd
|j|☆mew354
|t:|1758292485
|gametype|singles
|player|p1|kiarnjd|red|1291
|player|p2|mew354|n|1287
|gen|9
|tier|[Gen 9] OU
|rated|
|rule|HP Percentage Mod: HP is shown in percentages
|rule|Endless Battle Clause: Forcing endless battles is banned
|rule|Species Clause: Limit one of each Pokémon
|rule|OHKO Clause: OHKO moves are banned
|rule|Evasion Items Clause: Evasion items are banned
|rule|Evasion Moves Clause: Evasion moves are banned
|rule|Evasion Abilities Clause: Evasion abilities are banned
|rule|Sleep Moves Clause: Sleep-inducing moves are banned
|clearpoke
|poke|p1|Thundurus-Therian, M|
|poke|p1|Cinderace, F|
|poke|p1|Quaquaval, M|
|poke|p1|Clefable, M|
|poke|p1|Pecharunt|
|poke|p1|Iron Boulder|
|poke|p2|Pelipper, M|
|poke|p2|Hatterene, F|
|poke|p2|Iron Treads|
|poke|p2|Toxicroak, M|
|poke|p2|Barraskewda, M|
|poke|p2|Zapdos|
|teampreview
|inactive|Battle timer is ON: inactive players will automatically lose when time's up. (requested by kiarnjd)
|
|t:|1758292498
|teamsize|p1|6
|teamsize|p2|6
|start
|switch|p1a: Clefable|Clefable, M|100/100
|switch|p2a: Pelipper|Pelipper, M, shiny|100/100
|-weather|RainDance|[from] ability: Drizzle|[of] p2a: Pelipper
|turn|1
|
|t:|1758292504
|move|p1a: Clefable|Thunder Wave|p2a: Pelipper|[miss]
|-miss|p1a: Clefable|p2a: Pelipper
|move|p2a: Pelipper|U-turn|p1a: Clefable
|-resisted|p1a: Clefable
|-damage|p1a: Clefable|97/100
|
|t:|1758292508
|switch|p2a: Barraskewda|Barraskewda, M, shiny|100/100|[from] U-turn
|
|-weather|RainDance|[upkeep]
|-heal|p1a: Clefable|100/100|[from] item: Leftovers
|upkeep
|turn|2
|c|☆kiarnjd|gg
|
|t:|1758292515
|move|p2a: Barraskewda|Liquidation|p1a: Clefable
|-damage|p1a: Clefable|25/100
|-unboost|p1a: Clefable|def|1
|move|p1a: Clefable|Thunder Wave|p2a: Barraskewda
|-status|p2a: Barraskewda|par
|
|-weather|RainDance|[upkeep]
|-heal|p1a: Clefable|31/100|[from] item: Leftovers
|upkeep
|turn|3
|
|t:|1758292536
|move|p2a: Barraskewda|Liquidation|p1a: Clefable
|-damage|p1a: Clefable|0 fnt
|faint|p1a: Clefable
|
|-weather|RainDance|[upkeep]
|upkeep
|
|t:|1758292543
|switch|p1a: Thundurus|Thundurus-Therian, M|100/100
|turn|4
|
|t:|1758292546
|move|p2a: Barraskewda|Liquidation|p1a: Thundurus
|-damage|p1a: Thundurus|0 fnt
|faint|p1a: Thundurus
|
|-weather|RainDance|[upkeep]
|upkeep
|c|☆kiarnjd|para too lol
|
|t:|1758292562
|switch|p1a: Quaquaval|Quaquaval, M|100/100
|turn|5
|
|t:|1758292566
|-terastallize|p2a: Barraskewda|Water
|move|p2a: Barraskewda|Liquidation|p1a: Quaquaval
|-resisted|p1a: Quaquaval
|-damage|p1a: Quaquaval|13/100
|move|p1a: Quaquaval|Knock Off|p2a: Barraskewda
|-damage|p2a: Barraskewda|29/100 par
|-enditem|p2a: Barraskewda|Choice Band|[from] move: Knock Off|[of] p1a: Quaquaval
|
|-weather|RainDance|[upkeep]
|upkeep
|turn|6
|
|t:|1758292576
|move|p2a: Barraskewda|Flip Turn|p1a: Quaquaval
|-resisted|p1a: Quaquaval
|-damage|p1a: Quaquaval|0 fnt
|faint|p1a: Quaquaval
|
|t:|1758292583
|switch|p2a: Iron Treads|Iron Treads, shiny|100/100|[from] Flip Turn
|
|-weather|RainDance|[upkeep]
|upkeep
|c|☆kiarnjd|whens para gonna apply
|
|t:|1758292590
|switch|p1a: Cinderace|Cinderace, F|100/100
|turn|7
|
|t:|1758292595
|move|p1a: Cinderace|Pyro Ball|p2a: Iron Treads
|-supereffective|p2a: Iron Treads
|-damage|p2a: Iron Treads|54/100
|move|p2a: Iron Treads|Stealth Rock|p1a: Cinderace
|-sidestart|p1: kiarnjd|move: Stealth Rock
|
|-weather|RainDance|[upkeep]
|-heal|p2a: Iron Treads|60/100|[from] item: Leftovers
|upkeep
|turn|8
|
|t:|1758292598
|move|p1a: Cinderace|Pyro Ball|p2a: Iron Treads
|-supereffective|p2a: Iron Treads
|-damage|p2a: Iron Treads|20/100
|move|p2a: Iron Treads|Earthquake|p1a: Cinderace
|-supereffective|p1a: Cinderace
|-damage|p1a: Cinderace|0 fnt
|faint|p1a: Cinderace
|
|-weather|none
|-heal|p2a: Iron Treads|26/100|[from] item: Leftovers
|upkeep
|
|t:|1758292602
|switch|p1a: Iron Boulder|Iron Boulder|100/100
|-damage|p1a: Iron Boulder|88/100|[from] Stealth Rock
|-enditem|p1a: Iron Boulder|Booster Energy
|-activate|p1a: Iron Boulder|ability: Quark Drive|[fromitem]
|-start|p1a: Iron Boulder|quarkdrivespe
|turn|9
|
|t:|1758292605
|-terastallize|p1a: Iron Boulder|Fighting
|move|p1a: Iron Boulder|Swords Dance|p1a: Iron Boulder
|-boost|p1a: Iron Boulder|atk|2
|move|p2a: Iron Treads|Volt Switch|p1a: Iron Boulder
|-damage|p1a: Iron Boulder|77/100
|
|t:|1758292611
|-end|p2a: Iron Treads|Quark Drive|[silent]
|switch|p2a: Pelipper|Pelipper, M, shiny|100/100|[from] Volt Switch
|-weather|RainDance|[from] ability: Drizzle|[of] p2a: Pelipper
|
|-weather|RainDance|[upkeep]
|upkeep
|turn|10
|
|t:|1758292615
|move|p1a: Iron Boulder|Mighty Cleave|p2a: Pelipper
|-supereffective|p2a: Pelipper
|-damage|p2a: Pelipper|0 fnt
|faint|p2a: Pelipper
|
|-weather|RainDance|[upkeep]
|upkeep
|
|t:|1758292618
|switch|p2a: Toxicroak|Toxicroak, M, shiny|100/100
|turn|11
|
|t:|1758292625
|move|p1a: Iron Boulder|Earthquake|p2a: Toxicroak
|-supereffective|p2a: Toxicroak
|-damage|p2a: Toxicroak|0 fnt
|faint|p2a: Toxicroak
|
|-weather|RainDance|[upkeep]
|upkeep
|
|t:|1758292630
|switch|p2a: Barraskewda|Barraskewda, M, shiny, tera:Water|29/100 par
|turn|12
|
|t:|1758292634
|move|p2a: Barraskewda|Aqua Jet|p1a: Iron Boulder
|-damage|p1a: Iron Boulder|19/100
|move|p1a: Iron Boulder|Mighty Cleave|p2a: Barraskewda
|-damage|p2a: Barraskewda|0 fnt
|faint|p2a: Barraskewda
|
|-weather|RainDance|[upkeep]
|upkeep
|
|t:|1758292639
|switch|p2a: Hatterene|Hatterene, F, shiny|100/100
|turn|13
|
|t:|1758292645
|move|p1a: Iron Boulder|Mighty Cleave|p2a: Hatterene
|-damage|p2a: Hatterene|16/100
|-enditem|p2a: Hatterene|Eject Button
|
|t:|1758292651
|switch|p2a: Zapdos|Zapdos, shiny|100/100
|
|-weather|RainDance|[upkeep]
|upkeep
|turn|14
|
|t:|1758292653
|move|p1a: Iron Boulder|Mighty Cleave|p2a: Zapdos
|-supereffective|p2a: Zapdos
|-damage|p2a: Zapdos|0 fnt
|faint|p2a: Zapdos
|
|-weather|RainDance|[upkeep]
|upkeep
|
|t:|1758292655
|switch|p2a: Iron Treads|Iron Treads, shiny|26/100
|turn|15
|
|t:|1758292659
|move|p1a: Iron Boulder|Earthquake|p2a: Iron Treads
|-supereffective|p2a: Iron Treads
|-damage|p2a: Iron Treads|0 fnt
|faint|p2a: Iron Treads
|-end|p2a: Iron Treads|Quark Drive|[silent]
|
|-weather|RainDance|[upkeep]
|upkeep
|
|t:|1758292661
|switch|p2a: Hatterene|Hatterene, F, shiny|16/100
|turn|16
|
|t:|1758292663
|move|p1a: Iron Boulder|Mighty Cleave|p2a: Hatterene
|-damage|p2a: Hatterene|0 fnt
|faint|p2a: Hatterene
|
|win|kiarnjd
|raw|kiarnjd's rating: 1291 &rarr; <strong>1316</strong><br />(+25 for winning)
|raw|mew354's rating: 1287 &rarr; <strong>1262</strong><br />(-25 for losing)
|l|☆mew354
|player|p2|
|c|☆kiarnjd|eesh
