|j|☆Laughable
|j|☆york tv001
|t:|1758285424
|gametype|singles
|player|p1|Laughable|tuber|1552
|player|p2|york tv001|170|1522
|gen|9
|tier|[Gen 9] OU
|rated|
|rule|HP Percentage Mod: HP is shown in percentages
|rule|Endless Battle Clause: Forcing endless battles is banned
|rule|Species Clause: Limit one of each Pokémon
|rule|OHKO Clause: OHKO moves are banned
|rule|Evasion Items Clause: Evasion items are banned
|rule|Evasion Moves Clause: Evasion moves are banned
|rule|Evasion Abilities Clause: Evasion abilities are banned
|rule|Sleep Moves Clause: Sleep-inducing moves are banned
|clearpoke
|poke|p1|Dragapult, F|
|poke|p1|Gliscor, F|
|poke|p1|Milotic, F|
|poke|p1|Skeledirge, M|
|poke|p1|Weezing-Galar, F|
|poke|p1|Mandibuzz, F|
|poke|p2|Walking Wake|
|poke|p2|Hatterene, F|
|poke|p2|Ninetales, M|
|poke|p2|Raging Bolt|
|poke|p2|Slither Wing|
|poke|p2|Great Tusk|
|teampreview
|
|t:|1758285432
|teamsize|p1|6
|teamsize|p2|6
|start
|switch|p1a: Weezing|Weezing-Galar, F|100/100
|switch|p2a: Walking Wake|Walking Wake|100/100
|-ability|p1a: Weezing|Neutralizing Gas
|turn|1
|
|t:|1758285444
|-end|p1a: Weezing|ability: Neutralizing Gas
|switch|p1a: Milotic|Milotic, F, shiny|100/100
|move|p2a: Walking Wake|Hydro Steam|p1a: Milotic
|-resisted|p1a: Milotic
|-damage|p1a: Milotic|84/100
|
|upkeep
|turn|2
|
|t:|1758285449
|-end|p2a: Walking Wake|Protosynthesis|[silent]
|switch|p2a: Raging Bolt|Raging Bolt|100/100
|move|p1a: Milotic|Scald|p2a: Raging Bolt
|-resisted|p2a: Raging Bolt
|-damage|p2a: Raging Bolt|93/100
|
|upkeep
|turn|3
|
|t:|1758285452
|move|p2a: Raging Bolt|Draco Meteor|p1a: Milotic
|-damage|p1a: Milotic|37/100
|-unboost|p2a: Raging Bolt|spa|2
|move|p1a: Milotic|Mirror Coat|p2a: Raging Bolt
|-damage|p2a: Raging Bolt|4/100
|
|upkeep
|turn|4
|
|t:|1758285462
|switch|p1a: Dragapult|Dragapult, F|100/100
|move|p2a: Raging Bolt|Thunderbolt|p1a: Dragapult
|-resisted|p1a: Dragapult
|-damage|p1a: Dragapult|81/100
|-status|p1a: Dragapult|par
|
|upkeep
|turn|5
|
|t:|1758285468
|-end|p2a: Raging Bolt|Protosynthesis|[silent]
|switch|p2a: Ninetales|Ninetales, M|100/100
|-weather|SunnyDay|[from] ability: Drought|[of] p2a: Ninetales
|move|p1a: Dragapult|U-turn|p2a: Ninetales
|-resisted|p2a: Ninetales
|-damage|p2a: Ninetales|89/100
|
|t:|1758285471
|switch|p1a: Gliscor|Gliscor, F|100/100|[from] U-turn
|
|-weather|SunnyDay|[upkeep]
|-status|p1a: Gliscor|tox|[from] item: Toxic Orb
|upkeep
|turn|6
|
|t:|1758285476
|switch|p2a: Walking Wake|Walking Wake|100/100
|-activate|p2a: Walking Wake|ability: Protosynthesis
|-start|p2a: Walking Wake|protosynthesisspe
|move|p1a: Gliscor|Toxic|p2a: Walking Wake
|-status|p2a: Walking Wake|tox
|
|-weather|SunnyDay|[upkeep]
|-damage|p2a: Walking Wake|94/100 tox|[from] psn
|upkeep
|turn|7
|
|t:|1758285483
|move|p1a: Gliscor|Protect|p1a: Gliscor
|-singleturn|p1a: Gliscor|Protect
|move|p2a: Walking Wake|Hydro Steam|p1a: Gliscor
|-activate|p1a: Gliscor|move: Protect
|
|-weather|SunnyDay|[upkeep]
|-damage|p2a: Walking Wake|82/100 tox|[from] psn
|upkeep
|turn|8
|
|t:|1758285489
|switch|p1a: Dragapult|Dragapult, F|81/100 par
|move|p2a: Walking Wake|Hydro Steam|p1a: Dragapult
|-resisted|p1a: Dragapult
|-damage|p1a: Dragapult|20/100 par
|
|-weather|SunnyDay|[upkeep]
|-damage|p2a: Walking Wake|64/100 tox|[from] psn
|upkeep
|turn|9
|
|t:|1758285491
|move|p2a: Walking Wake|Hydro Steam|p1a: Dragapult
|-resisted|p1a: Dragapult
|-damage|p1a: Dragapult|0 fnt
|faint|p1a: Dragapult
|
|-weather|SunnyDay|[upkeep]
|-damage|p2a: Walking Wake|39/100 tox|[from] psn
|upkeep
|
|t:|1758285494
|switch|p1a: Milotic|Milotic, F, shiny|37/100
|turn|10
|
|t:|1758285500
|-terastallize|p2a: Walking Wake|Water
|move|p2a: Walking Wake|Hydro Steam|p1a: Milotic
|-resisted|p1a: Milotic
|-damage|p1a: Milotic|5/100
|move|p1a: Milotic|Recover|p1a: Milotic
|-heal|p1a: Milotic|55/100
|
|-weather|SunnyDay|[upkeep]
|-damage|p2a: Walking Wake|8/100 tox|[from] psn
|upkeep
|turn|11
|
|t:|1758285508
|-end|p2a: Walking Wake|Protosynthesis|[silent]
|switch|p2a: Hatterene|Hatterene, F|100/100
|move|p1a: Milotic|Recover|p1a: Milotic
|-heal|p1a: Milotic|100/100
|
|-weather|SunnyDay|[upkeep]
|upkeep
|turn|12
|
|t:|1758285511
|move|p1a: Milotic|Scald|p2a: Hatterene
|-damage|p2a: Hatterene|87/100
|move|p2a: Hatterene|Calm Mind|p2a: Hatterene
|-boost|p2a: Hatterene|spa|1
|-boost|p2a: Hatterene|spd|1
|
|-weather|none
|-heal|p2a: Hatterene|93/100|[from] item: Leftovers
|upkeep
|turn|13
|
|t:|1758285515
|move|p1a: Milotic|Scald|p2a: Hatterene
|-damage|p2a: Hatterene|76/100
|move|p2a: Hatterene|Psyshock|p1a: Milotic
|-damage|p1a: Milotic|48/100
|
|-heal|p2a: Hatterene|82/100|[from] item: Leftovers
|upkeep
|turn|14
|
|t:|1758285521
|move|p1a: Milotic|Haze|p1a: Milotic
|-clearallboost
|move|p2a: Hatterene|Psyshock|p1a: Milotic
|-damage|p1a: Milotic|10/100
|
|-heal|p2a: Hatterene|88/100|[from] item: Leftovers
|upkeep
|turn|15
|
|t:|1758285524
|move|p1a: Milotic|Recover|p1a: Milotic
|-heal|p1a: Milotic|60/100
|move|p2a: Hatterene|Calm Mind|p2a: Hatterene
|-boost|p2a: Hatterene|spa|1
|-boost|p2a: Hatterene|spd|1
|
|-heal|p2a: Hatterene|94/100|[from] item: Leftovers
|upkeep
|turn|16
|
|t:|1758285527
|move|p2a: Hatterene|Psyshock|p1a: Milotic
|-damage|p1a: Milotic|5/100
|move|p1a: Milotic|Mirror Coat|p2a: Hatterene
|-damage|p2a: Hatterene|0 fnt
|faint|p2a: Hatterene
|
|upkeep
|
|t:|1758285533
|switch|p2a: Slither Wing|Slither Wing|100/100
|turn|17
|
|t:|1758285536
|switch|p1a: Mandibuzz|Mandibuzz, F|100/100
|move|p2a: Slither Wing|U-turn|p1a: Mandibuzz
|-damage|p1a: Mandibuzz|79/100
|
|t:|1758285539
|-end|p2a: Slither Wing|Protosynthesis|[silent]
|switch|p2a: Ninetales|Ninetales, M|89/100|[from] U-turn
|-weather|SunnyDay|[from] ability: Drought|[of] p2a: Ninetales
|
|-weather|SunnyDay|[upkeep]
|upkeep
|turn|18
|
|t:|1758285545
|switch|p1a: Skeledirge|Skeledirge, M|100/100
|move|p2a: Ninetales|Will-O-Wisp|p1a: Skeledirge
|-immune|p1a: Skeledirge
|
|-weather|SunnyDay|[upkeep]
|upkeep
|turn|19
|
|t:|1758285548
|move|p2a: Ninetales|Healing Wish|p2a: Ninetales
|faint|p2a: Ninetales
|move|p1a: Skeledirge|Torch Song|p2: Ninetales|[notarget]
|-fail|p1a: Skeledirge
|
|-weather|SunnyDay|[upkeep]
|upkeep
|
|t:|1758285550
|switch|p2a: Walking Wake|Walking Wake, tera:Water|8/100 tox
|-heal|p2a: Walking Wake|100/100|[from] move: Healing Wish
|-activate|p2a: Walking Wake|ability: Protosynthesis
|-start|p2a: Walking Wake|protosynthesisspe
|turn|20
|
|t:|1758285554
|-terastallize|p1a: Skeledirge|Water
|move|p2a: Walking Wake|Hydro Steam|p1a: Skeledirge
|-resisted|p1a: Skeledirge
|-damage|p1a: Skeledirge|52/100
|move|p1a: Skeledirge|Torch Song|p2a: Walking Wake
|-resisted|p2a: Walking Wake
|-damage|p2a: Walking Wake|73/100
|-boost|p1a: Skeledirge|spa|1
|
|-weather|SunnyDay|[upkeep]
|upkeep
|turn|21
|
|t:|1758285561
|move|p2a: Walking Wake|Hydro Steam|p1a: Skeledirge
|-resisted|p1a: Skeledirge
|-damage|p1a: Skeledirge|5/100
|move|p1a: Skeledirge|Slack Off|p1a: Skeledirge
|-heal|p1a: Skeledirge|55/100
|
|-weather|SunnyDay|[upkeep]
|upkeep
|turn|22
|
|t:|1758285564
|move|p2a: Walking Wake|Hydro Steam|p1a: Skeledirge
|-resisted|p1a: Skeledirge
|-damage|p1a: Skeledirge|2/100
|move|p1a: Skeledirge|Slack Off|p1a: Skeledirge
|-heal|p1a: Skeledirge|52/100
|
|-weather|SunnyDay|[upkeep]
|upkeep
|turn|23
|
|t:|1758285570
|-end|p2a: Walking Wake|Protosynthesis|[silent]
|switch|p2a: Raging Bolt|Raging Bolt|4/100
|-activate|p2a: Raging Bolt|ability: Protosynthesis
|-start|p2a: Raging Bolt|protosynthesisspa
|move|p1a: Skeledirge|Slack Off|p1a: Skeledirge
|-heal|p1a: Skeledirge|100/100
|
|-weather|SunnyDay|[upkeep]
|upkeep
|turn|24
|
|t:|1758285575
|move|p2a: Raging Bolt|Draco Meteor|p1a: Skeledirge
|-damage|p1a: Skeledirge|22/100
|-unboost|p2a: Raging Bolt|spa|2
|move|p1a: Skeledirge|Torch Song|p2a: Raging Bolt
|-resisted|p2a: Raging Bolt
|-damage|p2a: Raging Bolt|0 fnt
|-boost|p1a: Skeledirge|spa|1
|faint|p2a: Raging Bolt
|-end|p2a: Raging Bolt|Protosynthesis|[silent]
|
|-weather|none
|upkeep
|
|t:|1758285579
|switch|p2a: Slither Wing|Slither Wing|100/100
|turn|25
|
|t:|1758285582
|switch|p1a: Mandibuzz|Mandibuzz, F|79/100
|move|p2a: Slither Wing|U-turn|p1a: Mandibuzz
|-damage|p1a: Mandibuzz|55/100
|
|t:|1758285585
|-end|p2a: Slither Wing|Protosynthesis|[silent]
|switch|p2a: Walking Wake|Walking Wake, tera:Water|73/100|[from] U-turn
|
|upkeep
|turn|26
|
|t:|1758285612
|move|p2a: Walking Wake|Draco Meteor|p1a: Mandibuzz|[miss]
|-miss|p2a: Walking Wake|p1a: Mandibuzz
|move|p1a: Mandibuzz|Knock Off|p2a: Walking Wake
|-damage|p2a: Walking Wake|48/100
|-enditem|p2a: Walking Wake|Choice Specs|[from] move: Knock Off|[of] p1a: Mandibuzz
|
|upkeep
|turn|27
|
|t:|1758285617
|move|p2a: Walking Wake|Draco Meteor|p1a: Mandibuzz
|-damage|p1a: Mandibuzz|2/100
|-unboost|p2a: Walking Wake|spa|2
|move|p1a: Mandibuzz|Roost|p1a: Mandibuzz
|-heal|p1a: Mandibuzz|52/100
|-singleturn|p1a: Mandibuzz|move: Roost
|
|upkeep
|turn|28
|
|t:|1758285621
|-end|p2a: Walking Wake|Protosynthesis|[silent]
|switch|p2a: Slither Wing|Slither Wing|100/100
|move|p1a: Mandibuzz|Roost|p1a: Mandibuzz
|-heal|p1a: Mandibuzz|100/100
|-singleturn|p1a: Mandibuzz|move: Roost
|
|upkeep
|turn|29
|
|t:|1758285629
|move|p2a: Slither Wing|First Impression|p1a: Mandibuzz
|-damage|p1a: Mandibuzz|69/100
|move|p1a: Mandibuzz|Iron Defense|p1a: Mandibuzz
|-boost|p1a: Mandibuzz|def|2
|
|upkeep
|turn|30
|-message|york tv001 forfeited.
|
|win|Laughable
|raw|Laughable's rating: 1552 &rarr; <strong>1570</strong><br />(+18 for winning)
|raw|york tv001's rating: 1522 &rarr; <strong>1504</strong><br />(-18 for losing)
|l|☆york tv001
|player|p2|
|l|☆Laughable
|player|p1|
