|j|☆Ichimarujaren
|j|☆Yaaboiirusso
|t:|1758344210
|gametype|singles
|player|p1|Ichimarujaren|blue|1139
|player|p2|Yaaboiirusso|266|1187
|gen|9
|tier|[Gen 9] OU
|rated|
|rule|HP Percentage Mod: HP is shown in percentages
|rule|Endless Battle Clause: Forcing endless battles is banned
|rule|Species Clause: Limit one of each Pokémon
|rule|OHKO Clause: OHKO moves are banned
|rule|Evasion Items Clause: Evasion items are banned
|rule|Evasion Moves Clause: Evasion moves are banned
|rule|Evasion Abilities Clause: Evasion abilities are banned
|rule|Sleep Moves Clause: Sleep-inducing moves are banned
|clearpoke
|poke|p1|Electivire, M|
|poke|p1|Staraptor, F|
|poke|p1|Garchomp, M|
|poke|p1|Skeledirge, F|
|poke|p1|Empoleon, M|
|poke|p1|Weezing-Galar, F|
|poke|p2|Great Tusk|
|poke|p2|Heatran, M|
|poke|p2|Weavile, M|
|poke|p2|Primarina, M|
|poke|p2|Ogerpon, F|
|poke|p2|Pecharunt|
|teampreview
|inactive|Battle timer is ON: inactive players will automatically lose when time's up. (requested by Ichimarujaren)
|
|t:|1758344247
|teamsize|p1|6
|teamsize|p2|6
|start
|switch|p1a: Weezing|Weezing-Galar, F|100/100
|switch|p2a: Great Tusk|Great Tusk|100/100
|turn|1
|
|t:|1758344259
|move|p2a: Great Tusk|Headlong Rush|p1a: Weezing
|-immune|p1a: Weezing|[from] ability: Levitate
|move|p1a: Weezing|Will-O-Wisp|p2a: Great Tusk
|-status|p2a: Great Tusk|brn
|
|-damage|p2a: Great Tusk|94/100 brn|[from] brn
|upkeep
|turn|2
|
|t:|1758344273
|-end|p2a: Great Tusk|Protosynthesis|[silent]
|switch|p2a: Primarina|Primarina, M, shiny|100/100
|move|p1a: Weezing|Acid Spray|p2a: Primarina
|-supereffective|p2a: Primarina
|-damage|p2a: Primarina|87/100
|-unboost|p2a: Primarina|spd|2
|
|upkeep
|turn|3
|
|t:|1758344282
|move|p1a: Weezing|Acid Spray|p2a: Primarina
|-supereffective|p2a: Primarina
|-damage|p2a: Primarina|62/100
|-unboost|p2a: Primarina|spd|2
|move|p2a: Primarina|Psychic Noise|p1a: Weezing
|-supereffective|p1a: Weezing
|-damage|p1a: Weezing|38/100
|-start|p1a: Weezing|move: Heal Block
|
|upkeep
|turn|4
|
|t:|1758344296
|switch|p2a: Heatran|Heatran, M, shiny|100/100
|-item|p2a: Heatran|Air Balloon
|move|p1a: Weezing|Strange Steam|p2a: Heatran
|-resisted|p2a: Heatran
|-damage|p2a: Heatran|93/100
|-enditem|p2a: Heatran|Air Balloon
|
|-end|p1a: Weezing|move: Heal Block
|upkeep
|turn|5
|
|t:|1758344309
|switch|p1a: Garchomp|Garchomp, M|100/100
|move|p2a: Heatran|Magma Storm|p1a: Garchomp
|-resisted|p1a: Garchomp
|-damage|p1a: Garchomp|70/100
|-activate|p1a: Garchomp|move: Magma Storm|[of] p2a: Heatran
|
|-damage|p1a: Garchomp|58/100|[from] move: Magma Storm|[partiallytrapped]
|upkeep
|turn|6
|inactive|Yaaboiirusso has 120 seconds left.
|
|t:|1758344340
|switch|p2a: Primarina|Primarina, M, shiny|62/100
|move|p1a: Garchomp|Earthquake|p2a: Primarina
|-damage|p2a: Primarina|0 fnt
|faint|p2a: Primarina
|
|-end|p1a: Garchomp|Magma Storm|[partiallytrapped]|[silent]
|upkeep
|inactive|Yaaboiirusso has 120 seconds left.
|
|t:|1758344346
|switch|p2a: Weavile|Weavile, M|100/100
|-ability|p2a: Weavile|Pressure
|turn|7
|
|t:|1758344353
|switch|p1a: Weezing|Weezing-Galar, F|38/100
|move|p2a: Weavile|Triple Axel|p1a: Weezing
|-damage|p1a: Weezing|29/100
|-damage|p1a: Weezing|12/100
|-damage|p1a: Weezing|0 fnt
|faint|p1a: Weezing
|-hitcount|p1: Weezing|3
|-damage|p2a: Weavile|91/100|[from] item: Life Orb
|
|upkeep
|
|t:|1758344366
|switch|p1a: Staraptor|Staraptor, F|100/100
|-ability|p1a: Staraptor|Intimidate|boost
|-unboost|p2a: Weavile|atk|1
|turn|8
|
|t:|1758344370
|move|p1a: Staraptor|U-turn|p2a: Weavile
|-supereffective|p2a: Weavile
|-damage|p2a: Weavile|9/100
|
|t:|1758344376
|switch|p1a: Garchomp|Garchomp, M|58/100|[from] U-turn
|move|p2a: Weavile|Triple Axel|p1a: Garchomp
|-supereffective|p1a: Garchomp
|-damage|p1a: Garchomp|21/100
|-damage|p2a: Weavile|0 fnt|[from] ability: Rough Skin|[of] p1a: Garchomp
|faint|p2a: Weavile
|-hitcount|p1a: Garchomp|1
|
|upkeep
|
|t:|1758344394
|switch|p2a: Great Tusk|Great Tusk|94/100 brn
|turn|9
|
|t:|1758344400
|move|p1a: Garchomp|Stealth Rock|p2a: Great Tusk
|-sidestart|p2: Yaaboiirusso|move: Stealth Rock
|move|p2a: Great Tusk|Ice Spinner|p1a: Garchomp
|-supereffective|p1a: Garchomp
|-damage|p1a: Garchomp|0 fnt
|-damage|p2a: Great Tusk|82/100 brn|[from] ability: Rough Skin|[of] p1a: Garchomp
|-damage|p2a: Great Tusk|65/100 brn|[from] item: Rocky Helmet|[of] p1a: Garchomp
|faint|p1a: Garchomp
|
|-damage|p2a: Great Tusk|59/100 brn|[from] brn
|upkeep
|
|t:|1758344413
|switch|p1a: Staraptor|Staraptor, F|100/100
|-ability|p1a: Staraptor|Intimidate|boost
|-unboost|p2a: Great Tusk|atk|1
|turn|10
|
|t:|1758344423
|-end|p2a: Great Tusk|Protosynthesis|[silent]
|switch|p2a: Pecharunt|Pecharunt|100/100
|-damage|p2a: Pecharunt|88/100|[from] Stealth Rock
|move|p1a: Staraptor|Brave Bird|p2a: Pecharunt
|-damage|p2a: Pecharunt|58/100
|-damage|p1a: Staraptor|84/100|[from] item: Rocky Helmet|[of] p2a: Pecharunt
|-damage|p1a: Staraptor|72/100|[from] Recoil
|
|upkeep
|turn|11
|l|☆Yaaboiirusso
|inactive|Yaaboiirusso disconnected and has a minute to reconnect!
|player|p2|
|inactive|Yaaboiirusso has 30 seconds to reconnect!
|j|☆Yaaboiirusso
|inactive|Yaaboiirusso reconnected and has 110 seconds left.
|player|p2|Yaaboiirusso|266|
|
|t:|1758344479
|switch|p1a: Empoleon|Empoleon, M|100/100
|move|p2a: Pecharunt|Recover|p2a: Pecharunt
|-heal|p2a: Pecharunt|100/100
|
|upkeep
|turn|12
|
|t:|1758344492
|switch|p2a: Ogerpon|Ogerpon, F|100/100
|-damage|p2a: Ogerpon|88/100|[from] Stealth Rock
|move|p1a: Empoleon|Whirlpool|p2a: Ogerpon
|-resisted|p2a: Ogerpon
|-damage|p2a: Ogerpon|78/100
|-activate|p2a: Ogerpon|move: Whirlpool|[of] p1a: Empoleon
|
|-damage|p2a: Ogerpon|65/100|[from] move: Whirlpool|[partiallytrapped]
|upkeep
|turn|13
|inactive|Yaaboiirusso has 90 seconds left.
|
|t:|1758344514
|move|p2a: Ogerpon|U-turn|p1a: Empoleon
|-resisted|p1a: Empoleon
|-damage|p1a: Empoleon|84/100
|
|t:|1758344518
|switch|p2a: Pecharunt|Pecharunt|100/100|[from] U-turn
|-damage|p2a: Pecharunt|88/100|[from] Stealth Rock
|move|p1a: Empoleon|Ice Beam|p2a: Pecharunt
|-damage|p2a: Pecharunt|59/100
|
|-heal|p1a: Empoleon|90/100|[from] item: Leftovers
|upkeep
|turn|14
|inactive|Yaaboiirusso has 90 seconds left.
|
|t:|1758344533
|switch|p2a: Great Tusk|Great Tusk|59/100 brn
|move|p1a: Empoleon|Whirlpool|p2a: Great Tusk
|-supereffective|p2a: Great Tusk
|-damage|p2a: Great Tusk|7/100 brn
|-activate|p2a: Great Tusk|move: Whirlpool|[of] p1a: Empoleon
|
|-heal|p1a: Empoleon|96/100|[from] item: Leftovers
|-damage|p2a: Great Tusk|1/100 brn|[from] brn
|-damage|p2a: Great Tusk|0 fnt|[from] move: Whirlpool|[partiallytrapped]
|faint|p2a: Great Tusk
|-end|p2a: Great Tusk|Protosynthesis|[silent]
|upkeep
|
|t:|1758344544
|switch|p2a: Ogerpon|Ogerpon, F|65/100
|-damage|p2a: Ogerpon|53/100|[from] Stealth Rock
|turn|15
|
|t:|1758344552
|move|p2a: Ogerpon|Horn Leech|p1a: Empoleon
|-damage|p1a: Empoleon|38/100
|-heal|p2a: Ogerpon|89/100|[from] drain|[of] p1a: Empoleon
|move|p1a: Empoleon|Ice Beam|p2a: Ogerpon
|-supereffective|p2a: Ogerpon
|-damage|p2a: Ogerpon|22/100
|
|-heal|p1a: Empoleon|44/100|[from] item: Leftovers
|upkeep
|turn|16
|
|t:|1758344568
|switch|p1a: Staraptor|Staraptor, F|72/100
|-ability|p1a: Staraptor|Intimidate|boost
|-unboost|p2a: Ogerpon|atk|1
|-ability|p2a: Ogerpon|Defiant|boost
|-boost|p2a: Ogerpon|atk|2
|move|p2a: Ogerpon|Horn Leech|p1a: Staraptor
|-resisted|p1a: Staraptor
|-damage|p1a: Staraptor|7/100
|-heal|p2a: Ogerpon|56/100|[from] drain|[of] p1a: Staraptor
|
|upkeep
|turn|17
|inactive|Yaaboiirusso has 90 seconds left.
|
|t:|1758344585
|move|p1a: Staraptor|Brave Bird|p2a: Ogerpon
|-supereffective|p2a: Ogerpon
|-damage|p2a: Ogerpon|0 fnt
|faint|p2a: Ogerpon
|-damage|p1a: Staraptor|0 fnt|[from] Recoil
|faint|p1a: Staraptor
|
|upkeep
|inactive|Yaaboiirusso has 90 seconds left.
|
|t:|1758344597
|switch|p2a: Heatran|Heatran, M, shiny|93/100
|switch|p1a: Empoleon|Empoleon, M|44/100
|-damage|p2a: Heatran|81/100|[from] Stealth Rock
|turn|18
|
|t:|1758344604
|move|p2a: Heatran|Magma Storm|p1a: Empoleon
|-damage|p1a: Empoleon|0 fnt
|faint|p1a: Empoleon
|
|upkeep
|
|t:|1758344614
|switch|p1a: Electivire|Electivire, M, shiny|100/100
|-item|p1a: Electivire|Air Balloon
|turn|19
|
|t:|1758344625
|switch|p2a: Pecharunt|Pecharunt|59/100
|-damage|p2a: Pecharunt|46/100|[from] Stealth Rock
|move|p1a: Electivire|Earthquake|p2a: Pecharunt
|-supereffective|p2a: Pecharunt
|-damage|p2a: Pecharunt|14/100
|
|upkeep
|turn|20
|
|t:|1758344636
|move|p1a: Electivire|Earthquake|p2a: Pecharunt
|-supereffective|p2a: Pecharunt
|-damage|p2a: Pecharunt|0 fnt
|faint|p2a: Pecharunt
|
|upkeep
|
|t:|1758344638
|switch|p2a: Heatran|Heatran, M, shiny|81/100
|-damage|p2a: Heatran|69/100|[from] Stealth Rock
|turn|21
|
|t:|1758344646
|-terastallize|p2a: Heatran|Fairy
|move|p1a: Electivire|Earthquake|p2a: Heatran
|-damage|p2a: Heatran|34/100
|move|p2a: Heatran|Magma Storm|p1a: Electivire
|-damage|p1a: Electivire|36/100
|-activate|p1a: Electivire|move: Magma Storm|[of] p2a: Heatran
|-enditem|p1a: Electivire|Air Balloon
|
|-damage|p1a: Electivire|24/100|[from] move: Magma Storm|[partiallytrapped]
|upkeep
|turn|22
|inactive|Yaaboiirusso has 120 seconds left.
|l|☆Yaaboiirusso
|inactive|Yaaboiirusso disconnected and has a minute to reconnect!
|player|p2|
|
|t:|1758344659
|move|p1a: Electivire|Supercell Slam|p2a: Heatran
|-damage|p2a: Heatran|0 fnt
|faint|p2a: Heatran
|
|win|Ichimarujaren
|raw|Ichimarujaren's rating: 1139 &rarr; <strong>1167</strong><br />(+28 for winning)
|raw|Yaaboiirusso's rating: 1187 &rarr; <strong>1159</strong><br />(-28 for losing)
|l|☆Ichimarujaren
|player|p1|
|j|☆Yaaboiirusso
|player|p2|Yaaboiirusso|266|
|l|☆Yaaboiirusso
|player|p2|
