|j|☆madermen
|j|☆Jayson_Ubo
|inactive|Battle timer is ON: inactive players will automatically lose when time's up.
|t:|1758332981
|gametype|singles
|player|p1|madermen|jasmine|
|player|p2|Jayson_Ubo|hilbert|
|gen|9
|tier|[Gen 9] OU
|rated|Tournament battle
|rule|HP Percentage Mod: HP is shown in percentages
|rule|Endless Battle Clause: Forcing endless battles is banned
|rule|Species Clause: Limit one of each Pokémon
|rule|OHKO Clause: OHKO moves are banned
|rule|Evasion Items Clause: Evasion items are banned
|rule|Evasion Moves Clause: Evasion moves are banned
|rule|Evasion Abilities Clause: Evasion abilities are banned
|rule|Sleep Moves Clause: Sleep-inducing moves are banned
|raw|<div class="infobox"><details class="readmore"><summary><strong>15 custom rules:</strong></summary> -burmy, -caterpie, -combee, -kricketot, -magikarp, -scatterbug, -sunkern, -tynamo, -typenull, -weedle, -wurmple, -cosmog, -blipbug, -snom, -wynaut</details></div>
|clearpoke
|poke|p1|Pignite, F|
|poke|p1|Bastiodon, F|
|poke|p1|Whimsicott, F|
|poke|p2|Drifblim, F|
|poke|p2|Camerupt, F|
|poke|p2|Meowstic-F, F|
|teampreview
|j|*Lady Monita ☀
|inactive|Jayson_Ubo also wants the timer to be on.
|
|t:|1758332993
|teamsize|p1|3
|teamsize|p2|3
|start
|switch|p1a: Bastiodon|Bastiodon, F|100/100
|switch|p2a: Camerupt|Camerupt, F|100/100
|turn|1
|
|t:|1758332999
|move|p2a: Camerupt|Stealth Rock|p1a: Bastiodon
|-sidestart|p1: madermen|move: Stealth Rock
|move|p1a: Bastiodon|Metal Burst||[still]
|-fail|p1a: Bastiodon
|
|upkeep
|turn|2
|
|t:|1758333004
|move|p2a: Camerupt|Will-O-Wisp|p1a: Bastiodon
|-status|p1a: Bastiodon|brn
|move|p1a: Bastiodon|Metal Burst||[still]
|-fail|p1a: Bastiodon
|
|-damage|p1a: Bastiodon|94/100 brn|[from] brn
|upkeep
|turn|3
|
|t:|1758333009
|move|p2a: Camerupt|Earth Power|p1a: Bastiodon
|-supereffective|p1a: Bastiodon
|-damage|p1a: Bastiodon|0 fnt
|faint|p1a: Bastiodon
|
|upkeep
|
|t:|1758333012
|switch|p1a: Pignite|Pignite, F|100/100
|-damage|p1a: Pignite|88/100|[from] Stealth Rock
|turn|4
|
|t:|1758333018
|move|p1a: Pignite|Bulk Up|p1a: Pignite
|-boost|p1a: Pignite|atk|1
|-boost|p1a: Pignite|def|1
|move|p2a: Camerupt|Earth Power|p1a: Pignite
|-supereffective|p1a: Pignite
|-damage|p1a: Pignite|15/100
|
|upkeep
|turn|5
|
|t:|1758333027
|move|p1a: Pignite|Drain Punch|p2a: Camerupt
|-damage|p2a: Camerupt|36/100
|-heal|p1a: Pignite|49/100|[from] drain|[of] p2a: Camerupt
|move|p2a: Camerupt|Earth Power|p1a: Pignite
|-supereffective|p1a: Pignite
|-crit|p1a: Pignite
|-damage|p1a: Pignite|0 fnt
|faint|p1a: Pignite
|
|-heal|p2a: Camerupt|42/100|[from] item: Leftovers
|upkeep
|
|t:|1758333029
|switch|p1a: Whimsicott|Whimsicott, F|100/100
|-damage|p1a: Whimsicott|88/100|[from] Stealth Rock
|turn|6
|
|t:|1758333033
|move|p1a: Whimsicott|Moonblast|p2a: Camerupt
|-resisted|p2a: Camerupt
|-damage|p2a: Camerupt|6/100
|move|p2a: Camerupt|Lava Plume|p1a: Whimsicott
|-supereffective|p1a: Whimsicott
|-damage|p1a: Whimsicott|0 fnt
|faint|p1a: Whimsicott
|
|win|Jayson_Ubo
|n|☆madermen|madermen
|n|☆Jayson_Ubo|jaysonubo
|n|*Lady Monita ☀|ladymonita
