|j|☆thraxxedout!
|j|☆Alpha Rong Yuan
|t:|1758266579
|gametype|singles
|player|p1|thraxxedout!|266|1286
|player|p2|Alpha Rong Yuan|102|1233
|gen|9
|tier|[Gen 9] OU
|rated|
|rule|HP Percentage Mod: HP is shown in percentages
|rule|Endless Battle Clause: Forcing endless battles is banned
|rule|Species Clause: Limit one of each Pokémon
|rule|OHKO Clause: OHKO moves are banned
|rule|Evasion Items Clause: Evasion items are banned
|rule|Evasion Moves Clause: Evasion moves are banned
|rule|Evasion Abilities Clause: Evasion abilities are banned
|rule|Sleep Moves Clause: Sleep-inducing moves are banned
|clearpoke
|poke|p1|Tauros-Paldea-Blaze, M|
|poke|p1|Kingambit, M|
|poke|p1|Ting-Lu|
|poke|p1|Pecharunt|
|poke|p1|Ogerpon-Wellspring, F|
|poke|p1|Great Tusk|
|poke|p2|Deoxys-Speed|
|poke|p2|Kingambit, M|
|poke|p2|Pawmot, M|
|poke|p2|Cinderace, M|
|poke|p2|Ursaluna, M|
|poke|p2|Moltres|
|teampreview
|
|t:|1758266594
|teamsize|p1|6
|teamsize|p2|6
|start
|switch|p1a: Ting-Lu|Ting-Lu|100/100
|switch|p2a: Kingambit|Kingambit, M|100/100
|-ability|p2a: Kingambit|Pressure
|-ability|p1a: Ting-Lu|Vessel of Ruin
|turn|1
|
|t:|1758266600
|move|p2a: Kingambit|Substitute|p2a: Kingambit
|-start|p2a: Kingambit|Substitute
|-damage|p2a: Kingambit|76/100
|move|p1a: Ting-Lu|Earthquake|p2a: Kingambit
|-supereffective|p2a: Kingambit
|-end|p2a: Kingambit|Substitute
|
|-heal|p2a: Kingambit|82/100|[from] item: Leftovers
|upkeep
|turn|2
|
|t:|1758266605
|move|p2a: Kingambit|Substitute|p2a: Kingambit
|-start|p2a: Kingambit|Substitute
|-damage|p2a: Kingambit|57/100
|move|p1a: Ting-Lu|Earthquake|p2a: Kingambit
|-supereffective|p2a: Kingambit
|-end|p2a: Kingambit|Substitute
|
|-heal|p2a: Kingambit|63/100|[from] item: Leftovers
|upkeep
|turn|3
|
|t:|1758266610
|switch|p2a: Moltres|Moltres|100/100
|move|p1a: Ting-Lu|Stealth Rock|p2a: Moltres
|-sidestart|p2: Alpha Rong Yuan|move: Stealth Rock
|
|upkeep
|turn|4
|
|t:|1758266616
|switch|p1a: Tauros|Tauros-Paldea-Blaze, M|100/100
|-ability|p1a: Tauros|Intimidate|boost
|-unboost|p2a: Moltres|atk|1
|move|p2a: Moltres|Will-O-Wisp|p1a: Tauros
|-immune|p1a: Tauros
|
|upkeep
|turn|5
|
|t:|1758266621
|move|p1a: Tauros|Stone Edge|p2a: Moltres
|-supereffective|p2a: Moltres
|-damage|p2a: Moltres|0 fnt
|faint|p2a: Moltres
|
|upkeep
|
|t:|1758266631
|switch|p2a: Deoxys|Deoxys-Speed|100/100
|-damage|p2a: Deoxys|88/100|[from] Stealth Rock
|-ability|p2a: Deoxys|Pressure
|turn|6
|
|t:|1758266635
|switch|p1a: Ting-Lu|Ting-Lu|100/100
|-ability|p1a: Ting-Lu|Vessel of Ruin
|move|p2a: Deoxys|Cosmic Power|p2a: Deoxys
|-boost|p2a: Deoxys|def|1
|-boost|p2a: Deoxys|spd|1
|
|upkeep
|turn|7
|
|t:|1758266640
|move|p2a: Deoxys|Pain Split|p1a: Ting-Lu
|-sethp|p1a: Ting-Lu|71/100|[from] move: Pain Split|[silent]
|-sethp|p2a: Deoxys|100/100|[from] move: Pain Split
|move|p1a: Ting-Lu|Whirlwind|p2a: Deoxys
|drag|p2a: Ursaluna|Ursaluna, M|100/100
|-damage|p2a: Ursaluna|94/100|[from] Stealth Rock
|
|-heal|p2a: Ursaluna|100/100|[from] item: Leftovers
|-heal|p1a: Ting-Lu|77/100|[from] item: Leftovers
|upkeep
|turn|8
|
|t:|1758266654
|move|p2a: Ursaluna|Earthquake|p1a: Ting-Lu
|-damage|p1a: Ting-Lu|51/100
|move|p1a: Ting-Lu|Ruination|p2a: Ursaluna
|-damage|p2a: Ursaluna|50/100
|
|-heal|p2a: Ursaluna|57/100|[from] item: Leftovers
|-heal|p1a: Ting-Lu|57/100|[from] item: Leftovers
|upkeep
|turn|9
|
|t:|1758266665
|switch|p1a: Great Tusk|Great Tusk|100/100
|move|p2a: Ursaluna|Protect||[still]
|-fail|p2a: Ursaluna
|
|-heal|p2a: Ursaluna|63/100|[from] item: Leftovers
|upkeep
|turn|10
|
|t:|1758266670
|switch|p2a: Deoxys|Deoxys-Speed|100/100
|-damage|p2a: Deoxys|88/100|[from] Stealth Rock
|-ability|p2a: Deoxys|Pressure
|move|p1a: Great Tusk|Rapid Spin|p2a: Deoxys
|-damage|p2a: Deoxys|66/100
|-boost|p1a: Great Tusk|spe|1
|
|upkeep
|turn|11
|
|t:|1758266683
|-end|p1a: Great Tusk|Protosynthesis|[silent]
|switch|p1a: Kingambit|Kingambit, M|100/100
|-item|p1a: Kingambit|Air Balloon
|move|p2a: Deoxys|Cosmic Power|p2a: Deoxys
|-boost|p2a: Deoxys|def|1
|-boost|p2a: Deoxys|spd|1
|
|upkeep
|turn|12
|
|t:|1758266691
|move|p2a: Deoxys|Cosmic Power|p2a: Deoxys
|-boost|p2a: Deoxys|def|1
|-boost|p2a: Deoxys|spd|1
|move|p1a: Kingambit|Kowtow Cleave|p2a: Deoxys
|-supereffective|p2a: Deoxys
|-damage|p2a: Deoxys|5/100
|
|upkeep
|turn|13
|
|t:|1758266698
|move|p1a: Kingambit|Sucker Punch||[still]
|-fail|p1a: Kingambit
|move|p2a: Deoxys|Pain Split|p1a: Kingambit
|-sethp|p1a: Kingambit|52/100|[from] move: Pain Split|[silent]
|-sethp|p2a: Deoxys|74/100|[from] move: Pain Split
|
|upkeep
|turn|14
|
|t:|1758266704
|move|p2a: Deoxys|Cosmic Power|p2a: Deoxys
|-boost|p2a: Deoxys|def|1
|-boost|p2a: Deoxys|spd|1
|move|p1a: Kingambit|Swords Dance|p1a: Kingambit
|-boost|p1a: Kingambit|atk|2
|
|upkeep
|turn|15
|
|t:|1758266725
|switch|p2a: Kingambit|Kingambit, M|63/100
|-damage|p2a: Kingambit|57/100|[from] Stealth Rock
|-ability|p2a: Kingambit|Pressure
|move|p1a: Kingambit|Kowtow Cleave|p2a: Kingambit
|-resisted|p2a: Kingambit
|-damage|p2a: Kingambit|20/100
|
|-heal|p2a: Kingambit|27/100|[from] item: Leftovers
|upkeep
|turn|16
|
|t:|1758266742
|-end|p1a: Kingambit|fallenundefined|[silent]
|switch|p1a: Great Tusk|Great Tusk|100/100
|move|p2a: Kingambit|Thunder Wave|p1a: Great Tusk
|-immune|p1a: Great Tusk
|
|-heal|p2a: Kingambit|33/100|[from] item: Leftovers
|upkeep
|turn|17
|
|t:|1758266749
|switch|p2a: Deoxys|Deoxys-Speed|74/100
|-damage|p2a: Deoxys|61/100|[from] Stealth Rock
|-ability|p2a: Deoxys|Pressure
|move|p1a: Great Tusk|Rapid Spin|p2a: Deoxys
|-damage|p2a: Deoxys|39/100
|-boost|p1a: Great Tusk|spe|1
|
|upkeep
|turn|18
|
|t:|1758266758
|move|p2a: Deoxys|Pain Split|p1a: Great Tusk
|-sethp|p1a: Great Tusk|63/100|[from] move: Pain Split|[silent]
|-sethp|p2a: Deoxys|97/100|[from] move: Pain Split
|move|p1a: Great Tusk|Rapid Spin|p2a: Deoxys
|-damage|p2a: Deoxys|74/100
|-boost|p1a: Great Tusk|spe|1
|
|upkeep
|turn|19
|
|t:|1758266763
|move|p1a: Great Tusk|Headlong Rush|p2a: Deoxys
|-damage|p2a: Deoxys|0 fnt
|-unboost|p1a: Great Tusk|def|1
|-unboost|p1a: Great Tusk|spd|1
|faint|p2a: Deoxys
|
|upkeep
|-message|Alpha Rong Yuan forfeited.
|
|win|thraxxedout!
|raw|thraxxedout!'s rating: 1286 &rarr; <strong>1307</strong><br />(+21 for winning)
|raw|Alpha Rong Yuan's rating: 1233 &rarr; <strong>1212</strong><br />(-21 for losing)
|l|☆Alpha Rong Yuan
|player|p2|
|l|☆thraxxedout!
|player|p1|
