|j|☆KyonDDff
|j|☆bokepmon67
|t:|1758252250
|gametype|singles
|player|p1|KyonDDff|1|1106
|player|p2|bokepmon67|fisherman-gen4|1076
|gen|9
|tier|[Gen 9] OU
|rated|
|rule|HP Percentage Mod: HP is shown in percentages
|rule|Endless Battle Clause: Forcing endless battles is banned
|rule|Species Clause: Limit one of each Pokémon
|rule|OHKO Clause: OHKO moves are banned
|rule|Evasion Items Clause: Evasion items are banned
|rule|Evasion Moves Clause: Evasion moves are banned
|rule|Evasion Abilities Clause: Evasion abilities are banned
|rule|Sleep Moves Clause: Sleep-inducing moves are banned
|clearpoke
|poke|p1|Pelipper, F|
|poke|p1|Barraskewda, F|
|poke|p1|Iron Treads|
|poke|p1|Raging Bolt|
|poke|p1|Tornadus-Therian, M|
|poke|p1|Iron Valiant|
|poke|p2|Iron Moth|
|poke|p2|Dragonite, M|
|poke|p2|Corviknight, M|
|poke|p2|Glimmora, M|
|poke|p2|Shellos, F|
|poke|p2|Great Tusk|
|teampreview
|
|t:|1758252279
|teamsize|p1|6
|teamsize|p2|6
|start
|switch|p1a: Pelipper|Pelipper, F|100/100
|switch|p2a: bird up|Corviknight, M, shiny|100/100
|-weather|RainDance|[from] ability: Drizzle|[of] p1a: Pelipper
|turn|1
|
|t:|1758252286
|move|p2a: bird up|Bulk Up|p2a: bird up
|-boost|p2a: bird up|atk|1
|-boost|p2a: bird up|def|1
|move|p1a: Pelipper|U-turn|p2a: bird up
|-resisted|p2a: bird up
|-damage|p2a: bird up|99/100
|
|t:|1758252296
|switch|p1a: Raging Bolt|Raging Bolt|100/100|[from] U-turn
|-enditem|p1a: Raging Bolt|Booster Energy
|-activate|p1a: Raging Bolt|ability: Protosynthesis|[fromitem]
|-start|p1a: Raging Bolt|protosynthesisspa
|
|-weather|RainDance|[upkeep]
|-heal|p2a: bird up|100/100|[from] item: Leftovers
|upkeep
|turn|2
|
|t:|1758252305
|switch|p2a: happy wheels|Great Tusk|100/100
|move|p1a: Raging Bolt|Dragon Pulse|p2a: happy wheels
|-damage|p2a: happy wheels|27/100
|
|-weather|RainDance|[upkeep]
|upkeep
|turn|3
|
|t:|1758252320
|-end|p1a: Raging Bolt|Protosynthesis|[silent]
|switch|p1a: Tornadus|Tornadus-Therian, M|100/100
|move|p2a: happy wheels|Ice Spinner|p1a: Tornadus
|-supereffective|p1a: Tornadus
|-damage|p1a: Tornadus|18/100
|
|-weather|RainDance|[upkeep]
|upkeep
|turn|4
|
|t:|1758252330
|move|p1a: Tornadus|Hurricane|p2a: happy wheels
|-supereffective|p2a: happy wheels
|-damage|p2a: happy wheels|0 fnt
|faint|p2a: happy wheels
|-end|p2a: happy wheels|Protosynthesis|[silent]
|
|-weather|RainDance|[upkeep]
|upkeep
|
|t:|1758252337
|switch|p2a: naga kesatria|Dragonite, M|100/100
|turn|5
|
|t:|1758252345
|switch|p1a: Iron Treads|Iron Treads|100/100
|-enditem|p1a: Iron Treads|Booster Energy
|-activate|p1a: Iron Treads|ability: Quark Drive|[fromitem]
|-start|p1a: Iron Treads|quarkdrivespe
|move|p2a: naga kesatria|Extreme Speed|p1a: Iron Treads
|-resisted|p1a: Iron Treads
|-crit|p1a: Iron Treads
|-damage|p1a: Iron Treads|75/100
|
|-weather|RainDance|[upkeep]
|upkeep
|turn|6
|
|t:|1758252360
|switch|p2a: bird up|Corviknight, M, shiny|100/100
|move|p1a: Iron Treads|Knock Off|p2a: bird up
|-damage|p2a: bird up|80/100
|-enditem|p2a: bird up|Leftovers|[from] move: Knock Off|[of] p1a: Iron Treads
|
|-weather|RainDance|[upkeep]
|upkeep
|turn|7
|
|t:|1758252368
|move|p1a: Iron Treads|Stealth Rock|p2a: bird up
|-sidestart|p2: bokepmon67|move: Stealth Rock
|move|p2a: bird up|Bulk Up|p2a: bird up
|-boost|p2a: bird up|atk|1
|-boost|p2a: bird up|def|1
|
|-weather|RainDance|[upkeep]
|upkeep
|turn|8
|
|t:|1758252383
|-end|p1a: Iron Treads|Quark Drive|[silent]
|switch|p1a: Iron Valiant|Iron Valiant|100/100
|move|p2a: bird up|Bulk Up|p2a: bird up
|-boost|p2a: bird up|atk|1
|-boost|p2a: bird up|def|1
|
|-weather|none
|upkeep
|turn|9
|
|t:|1758252392
|move|p1a: Iron Valiant|Thunderbolt|p2a: bird up
|-supereffective|p2a: bird up
|-damage|p2a: bird up|27/100
|-damage|p1a: Iron Valiant|91/100|[from] item: Life Orb
|move|p2a: bird up|Brave Bird|p1a: Iron Valiant
|-supereffective|p1a: Iron Valiant
|-damage|p1a: Iron Valiant|0 fnt
|faint|p1a: Iron Valiant
|-end|p1a: Iron Valiant|Quark Drive|[silent]
|-damage|p2a: bird up|5/100|[from] Recoil
|
|upkeep
|
|t:|1758252398
|switch|p1a: Barraskewda|Barraskewda, F|100/100
|turn|10
|
|t:|1758252408
|move|p1a: Barraskewda|Flip Turn|p2a: bird up
|-crit|p2a: bird up
|-damage|p2a: bird up|0 fnt
|faint|p2a: bird up
|-damage|p1a: Barraskewda|91/100|[from] item: Life Orb
|
|t:|1758252418
|switch|p1a: Pelipper|Pelipper, F|100/100|[from] Flip Turn
|-weather|RainDance|[from] ability: Drizzle|[of] p1a: Pelipper
|
|-weather|RainDance|[upkeep]
|upkeep
|
|t:|1758252423
|switch|p2a: sahroni|Glimmora, M|100/100
|-damage|p2a: sahroni|88/100|[from] Stealth Rock
|turn|11
|
|t:|1758252433
|move|p2a: sahroni|Mortal Spin|p1a: Pelipper
|-damage|p1a: Pelipper|95/100
|-status|p1a: Pelipper|psn
|-sideend|p2: bokepmon67|Stealth Rock|[from] move: Mortal Spin|[of] p2a: sahroni
|move|p1a: Pelipper|Surf|p2a: sahroni
|-supereffective|p2a: sahroni
|-damage|p2a: sahroni|0 fnt
|faint|p2a: sahroni
|
|-weather|RainDance|[upkeep]
|-damage|p1a: Pelipper|83/100 psn|[from] psn
|upkeep
|
|t:|1758252446
|switch|p2a: naga kesatria|Dragonite, M|100/100
|turn|12
|
|t:|1758252451
|move|p2a: naga kesatria|Outrage|p1a: Pelipper
|-damage|p1a: Pelipper|0 fnt
|faint|p1a: Pelipper
|
|-weather|RainDance|[upkeep]
|upkeep
|
|t:|1758252461
|switch|p1a: Raging Bolt|Raging Bolt|100/100
|turn|13
|
|t:|1758252465
|-terastallize|p1a: Raging Bolt|Fairy
|move|p2a: naga kesatria|Outrage|p1a: Raging Bolt|[from] lockedmove
|-immune|p1a: Raging Bolt
|-start|p2a: naga kesatria|confusion|[fatigue]
|move|p1a: Raging Bolt|Dragon Pulse|p2a: naga kesatria
|-supereffective|p2a: naga kesatria
|-damage|p2a: naga kesatria|55/100
|
|-weather|RainDance|[upkeep]
|upkeep
|turn|14
|
|t:|1758252480
|switch|p2a: mothra|Iron Moth|100/100
|-enditem|p2a: mothra|Booster Energy
|-activate|p2a: mothra|ability: Quark Drive|[fromitem]
|-start|p2a: mothra|quarkdrivespa
|move|p1a: Raging Bolt|Dragon Pulse|p2a: mothra
|-damage|p2a: mothra|56/100
|
|-weather|RainDance|[upkeep]
|upkeep
|turn|15
|
|t:|1758252495
|-end|p1a: Raging Bolt|Protosynthesis|[silent]
|switch|p1a: Iron Treads|Iron Treads|75/100
|move|p2a: mothra|Fiery Dance|p1a: Iron Treads
|-supereffective|p1a: Iron Treads
|-damage|p1a: Iron Treads|13/100
|-boost|p2a: mothra|spa|1
|
|-weather|RainDance|[upkeep]
|upkeep
|turn|16
|
|t:|1758252505
|move|p2a: mothra|Fiery Dance|p1a: Iron Treads
|-supereffective|p1a: Iron Treads
|-damage|p1a: Iron Treads|0 fnt
|-boost|p2a: mothra|spa|1
|faint|p1a: Iron Treads
|-end|p1a: Iron Treads|Quark Drive|[silent]
|
|-weather|RainDance|[upkeep]
|upkeep
|
|t:|1758252507
|switch|p1a: Barraskewda|Barraskewda, F|91/100
|turn|17
|
|t:|1758252514
|-terastallize|p2a: mothra|Grass
|move|p1a: Barraskewda|Flip Turn|p2a: mothra
|-resisted|p2a: mothra
|-damage|p2a: mothra|4/100
|-damage|p1a: Barraskewda|81/100|[from] item: Life Orb
|
|t:|1758252522
|switch|p1a: Raging Bolt|Raging Bolt, tera:Fairy|100/100|[from] Flip Turn
|move|p2a: mothra|Energy Ball|p1a: Raging Bolt
|-damage|p1a: Raging Bolt|0 fnt
|faint|p1a: Raging Bolt
|-end|p1a: Raging Bolt|Protosynthesis|[silent]
|
|-weather|none
|upkeep
|
|t:|1758252527
|switch|p1a: Tornadus|Tornadus-Therian, M|51/100
|turn|18
|
|t:|1758252534
|move|p1a: Tornadus|Hurricane|p2a: mothra
|-supereffective|p2a: mothra
|-damage|p2a: mothra|0 fnt
|faint|p2a: mothra
|-end|p2a: mothra|Quark Drive|[silent]
|
|upkeep
|
|t:|1758252540
|switch|p2a: naga kesatria|Dragonite, M|55/100
|turn|19
|
|t:|1758252546
|switch|p1a: Barraskewda|Barraskewda, F|81/100
|move|p2a: naga kesatria|Extreme Speed|p1a: Barraskewda
|-damage|p1a: Barraskewda|2/100
|
|upkeep
|turn|20
|
|t:|1758252552
|move|p2a: naga kesatria|Extreme Speed|p1a: Barraskewda
|-damage|p1a: Barraskewda|0 fnt
|faint|p1a: Barraskewda
|
|upkeep
|
|t:|1758252554
|switch|p1a: Tornadus|Tornadus-Therian, M|84/100
|turn|21
|
|t:|1758252558
|move|p2a: naga kesatria|Extreme Speed|p1a: Tornadus
|-damage|p1a: Tornadus|23/100
|move|p1a: Tornadus|Hurricane|p2a: naga kesatria
|-damage|p2a: naga kesatria|0 fnt
|faint|p2a: naga kesatria
|
|upkeep
|
|t:|1758252565
|switch|p2a: SAVE US SHELLOS|Shellos, F|100/100
|turn|22
|
|t:|1758252570
|move|p1a: Tornadus|Taunt|p2a: SAVE US SHELLOS
|-start|p2a: SAVE US SHELLOS|move: Taunt
|move|p2a: SAVE US SHELLOS|Mirror Coat||[still]
|-fail|p2a: SAVE US SHELLOS
|
|upkeep
|turn|23
|
|t:|1758252579
|move|p1a: Tornadus|Hurricane|p2a: SAVE US SHELLOS
|-damage|p2a: SAVE US SHELLOS|3/100
|-start|p2a: SAVE US SHELLOS|confusion
|-activate|p2a: SAVE US SHELLOS|confusion
|-damage|p2a: SAVE US SHELLOS|0 fnt|[from] confusion
|faint|p2a: SAVE US SHELLOS
|
|win|KyonDDff
|raw|KyonDDff's rating: 1106 &rarr; <strong>1129</strong><br />(+23 for winning)
|raw|bokepmon67's rating: 1076 &rarr; <strong>1056</strong><br />(-20 for losing)
|l|☆KyonDDff
|player|p1|
|l|☆bokepmon67
|player|p2|
