|j|☆John Kritter
|j|☆Hittite Jumpscare
|t:|1758345278
|gametype|singles
|player|p1|John Kritter|pokemaniac|1546
|player|p2|Hittite Jumpscare|nate|1531
|gen|9
|tier|[Gen 9] OU
|rated|
|rule|HP Percentage Mod: HP is shown in percentages
|rule|Endless Battle Clause: Forcing endless battles is banned
|rule|Species Clause: Limit one of each Pokémon
|rule|OHKO Clause: OHKO moves are banned
|rule|Evasion Items Clause: Evasion items are banned
|rule|Evasion Moves Clause: Evasion moves are banned
|rule|Evasion Abilities Clause: Evasion abilities are banned
|rule|Sleep Moves Clause: Sleep-inducing moves are banned
|clearpoke
|poke|p1|Torkoal, F|
|poke|p1|Walking Wake|
|poke|p1|Hatterene, F|
|poke|p1|Great Tusk|
|poke|p1|Ceruledge, M|
|poke|p1|Enamorus, F|
|poke|p2|Indeedee, M|
|poke|p2|Alomomola, F|
|poke|p2|Iron Valiant|
|poke|p2|Iron Treads|
|poke|p2|Dragonite, F|
|poke|p2|Pecharunt|
|teampreview
|inactive|Battle timer is ON: inactive players will automatically lose when time's up. (requested by John Kritter)
|inactive|Hittite Jumpscare also wants the timer to be on.
|
|t:|1758345303
|teamsize|p1|6
|teamsize|p2|6
|start
|switch|p1a: Torkoal|Torkoal, F|100/100
|switch|p2a: Indeedee|Indeedee, M|100/100
|-fieldstart|move: Psychic Terrain|[from] ability: Psychic Surge|[of] p2a: Indeedee
|-weather|SunnyDay|[from] ability: Drought|[of] p1a: Torkoal
|turn|1
|
|t:|1758345307
|switch|p1a: Hatterene|Hatterene, F, shiny|100/100
|-terastallize|p2a: Indeedee|Psychic
|move|p2a: Indeedee|Expanding Force|p1a: Hatterene
|-resisted|p1a: Hatterene
|-damage|p1a: Hatterene|41/100
|-enditem|p1a: Hatterene|Eject Button
|
|t:|1758345316
|switch|p1a: Ceruledge|Ceruledge, M|100/100
|
|-weather|SunnyDay|[upkeep]
|upkeep
|turn|2
|
|t:|1758345331
|switch|p2a: Alomomola|Alomomola, F|100/100
|move|p1a: Ceruledge|Bitter Blade|p2a: Alomomola
|-resisted|p2a: Alomomola
|-damage|p2a: Alomomola|75/100
|
|-weather|SunnyDay|[upkeep]
|upkeep
|turn|3
|
|t:|1758345343
|switch|p2a: Dragonite|Dragonite, F|100/100
|move|p1a: Ceruledge|Swords Dance|p1a: Ceruledge
|-boost|p1a: Ceruledge|atk|2
|
|-weather|SunnyDay|[upkeep]
|upkeep
|turn|4
|
|t:|1758345346
|move|p1a: Ceruledge|Bitter Blade|p2a: Dragonite
|-resisted|p2a: Dragonite
|-damage|p2a: Dragonite|62/100
|move|p2a: Dragonite|Scale Shot|p1a: Ceruledge
|-crit|p1a: Ceruledge
|-damage|p1a: Ceruledge|72/100
|-ability|p1a: Ceruledge|Weak Armor|boost
|-unboost|p1a: Ceruledge|def|1
|-boost|p1a: Ceruledge|spe|2
|-damage|p1a: Ceruledge|42/100
|-ability|p1a: Ceruledge|Weak Armor|boost
|-unboost|p1a: Ceruledge|def|1
|-boost|p1a: Ceruledge|spe|2
|-damage|p1a: Ceruledge|1/100
|-ability|p1a: Ceruledge|Weak Armor|boost
|-unboost|p1a: Ceruledge|def|1
|-boost|p1a: Ceruledge|spe|2
|-damage|p1a: Ceruledge|0 fnt
|faint|p1a: Ceruledge
|-hitcount|p1: Ceruledge|4
|-unboost|p2a: Dragonite|def|1
|-boost|p2a: Dragonite|spe|1
|
|-weather|SunnyDay|[upkeep]
|upkeep
|
|t:|1758345368
|switch|p1a: Don|Great Tusk, shiny|100/100
|-activate|p1a: Don|ability: Protosynthesis
|-start|p1a: Don|protosynthesisatk
|turn|5
|
|t:|1758345374
|move|p2a: Dragonite|Scale Shot|p1a: Don
|-damage|p1a: Don|90/100
|-damage|p1a: Don|78/100
|-damage|p1a: Don|68/100
|-crit|p1a: Don
|-damage|p1a: Don|52/100
|-hitcount|p1a: Don|4
|-unboost|p2a: Dragonite|def|1
|-boost|p2a: Dragonite|spe|1
|move|p1a: Don|Headlong Rush|p2a: Dragonite
|-immune|p2a: Dragonite
|
|-weather|SunnyDay|[upkeep]
|-fieldend|move: Psychic Terrain
|upkeep
|turn|6
|
|t:|1758345386
|move|p2a: Dragonite|Encore|p1a: Don
|-start|p1a: Don|Encore
|move|p1a: Don|Headlong Rush|p2a: Dragonite
|-immune|p2a: Dragonite
|
|-weather|SunnyDay|[upkeep]
|upkeep
|turn|7
|
|t:|1758345390
|-end|p1a: Don|Protosynthesis|[silent]
|switch|p1a: Hatterene|Hatterene, F, shiny|41/100
|move|p2a: Dragonite|Dragon Dance|p2a: Dragonite
|-boost|p2a: Dragonite|atk|1
|-boost|p2a: Dragonite|spe|1
|
|-weather|SunnyDay|[upkeep]
|upkeep
|turn|8
|
|t:|1758345399
|move|p2a: Dragonite|Fire Punch|p1a: Hatterene
|-damage|p1a: Hatterene|0 fnt
|faint|p1a: Hatterene
|
|-weather|none
|upkeep
|
|t:|1758345408
|switch|p1a: Torkoal|Torkoal, F|100/100
|-weather|SunnyDay|[from] ability: Drought|[of] p1a: Torkoal
|turn|9
|
|t:|1758345416
|-terastallize|p1a: Torkoal|Fairy
|move|p2a: Dragonite|Scale Shot|p1a: Torkoal
|-immune|p1a: Torkoal
|move|p1a: Torkoal|Stealth Rock|p2a: Dragonite
|-sidestart|p2: Hittite Jumpscare|move: Stealth Rock
|
|-weather|SunnyDay|[upkeep]
|upkeep
|turn|10
|
|t:|1758345426
|switch|p1a: Walking Wake|Walking Wake|100/100
|-activate|p1a: Walking Wake|ability: Protosynthesis
|-start|p1a: Walking Wake|protosynthesisspa
|move|p2a: Dragonite|Encore||[still]
|-fail|p2a: Dragonite
|
|-weather|SunnyDay|[upkeep]
|upkeep
|turn|11
|
|t:|1758345434
|-end|p1a: Walking Wake|Protosynthesis|[silent]
|switch|p1a: Torkoal|Torkoal, F, tera:Fairy|100/100
|move|p2a: Dragonite|Scale Shot|p1a: Torkoal
|-immune|p1a: Torkoal
|
|-weather|SunnyDay|[upkeep]
|upkeep
|turn|12
|
|t:|1758345445
|move|p2a: Dragonite|Dragon Dance|p2a: Dragonite
|-boost|p2a: Dragonite|atk|1
|-boost|p2a: Dragonite|spe|1
|move|p1a: Torkoal|Clear Smog|p2a: Dragonite
|-damage|p2a: Dragonite|48/100
|-clearboost|p2a: Dragonite
|
|-weather|SunnyDay|[upkeep]
|upkeep
|turn|13
|
|t:|1758345454
|move|p2a: Dragonite|Encore|p1a: Torkoal
|-start|p1a: Torkoal|Encore
|move|p1a: Torkoal|Clear Smog|p2a: Dragonite
|-damage|p2a: Dragonite|33/100
|-clearboost|p2a: Dragonite
|
|-weather|SunnyDay|[upkeep]
|upkeep
|turn|14
|
|t:|1758345461
|switch|p2a: Indeedee|Indeedee, M, tera:Psychic|100/100
|-damage|p2a: Indeedee|88/100|[from] Stealth Rock
|-fieldstart|move: Psychic Terrain|[from] ability: Psychic Surge|[of] p2a: Indeedee
|switch|p1a: Walking Wake|Walking Wake|100/100
|-activate|p1a: Walking Wake|ability: Protosynthesis
|-start|p1a: Walking Wake|protosynthesisspa
|
|-weather|SunnyDay|[upkeep]
|upkeep
|turn|15
|
|t:|1758345469
|switch|p2a: Dragonite|Dragonite, F|33/100
|-damage|p2a: Dragonite|9/100|[from] Stealth Rock
|move|p1a: Walking Wake|Hydro Steam|p2a: Dragonite
|-resisted|p2a: Dragonite
|-damage|p2a: Dragonite|0 fnt
|faint|p2a: Dragonite
|
|-weather|SunnyDay|[upkeep]
|upkeep
|
|t:|1758345472
|switch|p2a: Alomomola|Alomomola, F|100/100
|-damage|p2a: Alomomola|88/100|[from] Stealth Rock
|turn|16
|
|t:|1758345478
|move|p1a: Walking Wake|Hydro Steam|p2a: Alomomola
|-resisted|p2a: Alomomola
|-damage|p2a: Alomomola|55/100
|move|p2a: Alomomola|Body Slam|p1a: Walking Wake
|-damage|p1a: Walking Wake|84/100
|
|-weather|none
|-end|p1a: Walking Wake|Protosynthesis
|upkeep
|turn|17
|
|t:|1758345488
|-end|p1a: Walking Wake|Protosynthesis|[silent]
|switch|p1a: Torkoal|Torkoal, F, tera:Fairy|100/100
|-weather|SunnyDay|[from] ability: Drought|[of] p1a: Torkoal
|move|p2a: Alomomola|Scald|p1a: Torkoal
|-damage|p1a: Torkoal|93/100
|
|-weather|SunnyDay|[upkeep]
|upkeep
|turn|18
|
|t:|1758345502
|switch|p1a: Don|Great Tusk, shiny|52/100
|-activate|p1a: Don|ability: Protosynthesis
|-start|p1a: Don|protosynthesisatk
|move|p2a: Alomomola|Scald|p1a: Don
|-supereffective|p1a: Don
|-damage|p1a: Don|31/100
|-status|p1a: Don|brn
|
|-weather|SunnyDay|[upkeep]
|-damage|p1a: Don|25/100 brn|[from] brn
|-fieldend|move: Psychic Terrain
|upkeep
|turn|19
|
|t:|1758345512
|move|p1a: Don|Headlong Rush|p2a: Alomomola
|-damage|p2a: Alomomola|23/100
|-unboost|p1a: Don|def|1
|-unboost|p1a: Don|spd|1
|move|p2a: Alomomola|Flip Turn|p1a: Don
|-supereffective|p1a: Don
|-damage|p1a: Don|7/100 brn
|-damage|p2a: Alomomola|7/100|[from] item: Rocky Helmet|[of] p1a: Don
|
|t:|1758345516
|switch|p2a: Iron Treads|Iron Treads|100/100|[from] Flip Turn
|
|-weather|SunnyDay|[upkeep]
|-damage|p1a: Don|0 fnt|[from] brn
|faint|p1a: Don
|-end|p1a: Don|Protosynthesis|[silent]
|upkeep
|
|t:|1758345520
|switch|p1a: Walking Wake|Walking Wake|84/100
|-activate|p1a: Walking Wake|ability: Protosynthesis
|-start|p1a: Walking Wake|protosynthesisspa
|turn|20
|
|t:|1758345525
|move|p2a: Iron Treads|Rapid Spin|p1a: Walking Wake
|-damage|p1a: Walking Wake|67/100
|-boost|p2a: Iron Treads|spe|1
|-sideend|p2: Hittite Jumpscare|Stealth Rock|[from] move: Rapid Spin|[of] p2a: Iron Treads
|move|p1a: Walking Wake|Hydro Steam|p2a: Iron Treads
|-supereffective|p2a: Iron Treads
|-damage|p2a: Iron Treads|0 fnt
|faint|p2a: Iron Treads
|-end|p2a: Iron Treads|Quark Drive|[silent]
|
|-weather|SunnyDay|[upkeep]
|upkeep
|
|t:|1758345542
|switch|p2a: Alomomola|Alomomola, F|40/100
|turn|21
|
|t:|1758345556
|-end|p1a: Walking Wake|Protosynthesis|[silent]
|switch|p1a: Torkoal|Torkoal, F, tera:Fairy|93/100
|move|p2a: Alomomola|Flip Turn|p1a: Torkoal
|-damage|p1a: Torkoal|86/100
|
|t:|1758345560
|switch|p2a: Indeedee|Indeedee, M, tera:Psychic|88/100|[from] Flip Turn
|-fieldstart|move: Psychic Terrain|[from] ability: Psychic Surge|[of] p2a: Indeedee
|
|-weather|SunnyDay|[upkeep]
|upkeep
|turn|22
|
|t:|1758345570
|move|p2a: Indeedee|Expanding Force|p1a: Torkoal
|-damage|p1a: Torkoal|0 fnt
|faint|p1a: Torkoal
|
|-weather|SunnyDay|[upkeep]
|upkeep
|
|t:|1758345573
|switch|p1a: Walking Wake|Walking Wake|67/100
|-activate|p1a: Walking Wake|ability: Protosynthesis
|-start|p1a: Walking Wake|protosynthesisspa
|turn|23
|
|t:|1758345583
|move|p1a: Walking Wake|Dragon Pulse|p2a: Indeedee
|-damage|p2a: Indeedee|0 fnt
|faint|p2a: Indeedee
|
|-weather|SunnyDay|[upkeep]
|upkeep
|
|t:|1758345586
|switch|p2a: Iron Valiant|Iron Valiant|100/100
|-enditem|p2a: Iron Valiant|Booster Energy
|-activate|p2a: Iron Valiant|ability: Quark Drive|[fromitem]
|-start|p2a: Iron Valiant|quarkdrivespe
|turn|24
|
|t:|1758345589
|move|p2a: Iron Valiant|Moonblast|p1a: Walking Wake
|-supereffective|p1a: Walking Wake
|-damage|p1a: Walking Wake|0 fnt
|faint|p1a: Walking Wake
|-end|p1a: Walking Wake|Protosynthesis|[silent]
|
|-weather|none
|upkeep
|
|t:|1758345592
|switch|p1a: Enamorus|Enamorus, F|100/100
|turn|25
|
|t:|1758345594
|move|p2a: Iron Valiant|Moonblast|p1a: Enamorus
|-damage|p1a: Enamorus|39/100
|-boost|p1a: Enamorus|spa|1
|move|p1a: Enamorus|Earth Power|p2a: Iron Valiant
|-damage|p2a: Iron Valiant|0 fnt
|faint|p2a: Iron Valiant
|-end|p2a: Iron Valiant|Quark Drive|[silent]
|
|-fieldend|move: Psychic Terrain
|upkeep
|
|t:|1758345599
|switch|p2a: Alomomola|Alomomola, F|73/100
|turn|26
|
|t:|1758345602
|move|p1a: Enamorus|Earth Power|p2a: Alomomola
|-damage|p2a: Alomomola|43/100
|move|p2a: Alomomola|Mirror Coat|p1a: Enamorus
|-damage|p1a: Enamorus|0 fnt
|faint|p1a: Enamorus
|
|win|Hittite Jumpscare
|raw|John Kritter's rating: 1546 &rarr; <strong>1525</strong><br />(-21 for losing)
|raw|Hittite Jumpscare's rating: 1531 &rarr; <strong>1552</strong><br />(+21 for winning)
|l|☆John Kritter
|player|p1|
|c|☆Hittite Jumpscare|gg
|l|☆Hittite Jumpscare
|player|p2|
