|j|☆VelvetSucubbus
|j|☆DomCat
|t:|1758241432
|gametype|singles
|player|p1|VelvetSucubbus|cyclistf-gen4|1368
|player|p2|DomCat|lady-gen4|1384
|gen|9
|tier|[Gen 9] OU
|rated|
|rule|HP Percentage Mod: HP is shown in percentages
|rule|Endless Battle Clause: Forcing endless battles is banned
|rule|Species Clause: Limit one of each Pokémon
|rule|OHKO Clause: OHKO moves are banned
|rule|Evasion Items Clause: Evasion items are banned
|rule|Evasion Moves Clause: Evasion moves are banned
|rule|Evasion Abilities Clause: Evasion abilities are banned
|rule|Sleep Moves Clause: Sleep-inducing moves are banned
|clearpoke
|poke|p1|Ogerpon-Wellspring, F|
|poke|p1|Kingambit, M|
|poke|p1|Landorus-Therian, M|
|poke|p1|Glimmora, F|
|poke|p1|Dragapult, F|
|poke|p1|Iron Valiant|
|poke|p2|Heatran, M|
|poke|p2|Quaquaval, M|
|poke|p2|Garganacl, F|
|poke|p2|Gliscor, F|
|poke|p2|Zapdos|
|poke|p2|Walking Wake|
|teampreview
|inactive|Battle timer is ON: inactive players will automatically lose when time's up. (requested by DomCat)
|
|t:|1758241447
|teamsize|p1|6
|teamsize|p2|6
|start
|switch|p1a: Dragapult|Dragapult, F|100/100
|switch|p2a: Sparkuno|Zapdos|100/100
|turn|1
|
|t:|1758241455
|move|p1a: Dragapult|Draco Meteor|p2a: Sparkuno
|-damage|p2a: Sparkuno|18/100
|-unboost|p1a: Dragapult|spa|2
|move|p2a: Sparkuno|Volt Switch|p1a: Dragapult
|-resisted|p1a: Dragapult
|-damage|p1a: Dragapult|72/100
|
|t:|1758241465
|switch|p2a: Joker 2019|Quaquaval, M|100/100|[from] Volt Switch
|
|upkeep
|turn|2
|
|t:|1758241473
|switch|p1a: Ogerpon|Ogerpon-Wellspring, F|100/100
|move|p2a: Joker 2019|Bulk Up|p2a: Joker 2019
|-boost|p2a: Joker 2019|atk|1
|-boost|p2a: Joker 2019|def|1
|
|upkeep
|turn|3
|
|t:|1758241480
|switch|p1a: Landorus|Landorus-Therian, M|100/100
|-ability|p1a: Landorus|Intimidate|boost
|-unboost|p2a: Joker 2019|atk|1
|move|p2a: Joker 2019|Close Combat|p1a: Landorus
|-resisted|p1a: Landorus
|-damage|p1a: Landorus|70/100
|-unboost|p2a: Joker 2019|def|1
|-unboost|p2a: Joker 2019|spd|1
|-damage|p2a: Joker 2019|84/100|[from] item: Rocky Helmet|[of] p1a: Landorus
|
|-heal|p2a: Joker 2019|90/100|[from] item: Leftovers
|upkeep
|turn|4
|
|t:|1758241494
|move|p1a: Landorus|Earthquake|p2a: Joker 2019
|-damage|p2a: Joker 2019|25/100
|move|p2a: Joker 2019|Bulk Up|p2a: Joker 2019
|-boost|p2a: Joker 2019|atk|1
|-boost|p2a: Joker 2019|def|1
|
|-heal|p2a: Joker 2019|31/100|[from] item: Leftovers
|upkeep
|turn|5
|
|t:|1758241504
|switch|p1a: Ogerpon|Ogerpon-Wellspring, F|100/100
|switch|p2a: Sparkuno|Zapdos|18/100
|
|upkeep
|turn|6
|
|t:|1758241510
|move|p1a: Ogerpon|Ivy Cudgel|p2a: Sparkuno|[anim] Ivy Cudgel Water
|-damage|p2a: Sparkuno|0 fnt
|faint|p2a: Sparkuno
|
|upkeep
|
|t:|1758241516
|switch|p2a: Boiling Dragon|Walking Wake|100/100
|turn|7
|
|t:|1758241520
|switch|p1a: Iron Valiant|Iron Valiant, shiny|100/100
|-enditem|p1a: Iron Valiant|Booster Energy
|-activate|p1a: Iron Valiant|ability: Quark Drive|[fromitem]
|-start|p1a: Iron Valiant|quarkdrivespe
|move|p2a: Boiling Dragon|Hydro Steam|p1a: Iron Valiant
|-damage|p1a: Iron Valiant|0 fnt
|faint|p1a: Iron Valiant
|-end|p1a: Iron Valiant|Quark Drive|[silent]
|
|upkeep
|
|t:|1758241537
|switch|p1a: Dragapult|Dragapult, F|72/100
|turn|8
|
|t:|1758241541
|-end|p2a: Boiling Dragon|Protosynthesis|[silent]
|switch|p2a: Molten Salt|Heatran, M|100/100
|move|p1a: Dragapult|Draco Meteor|p2a: Molten Salt
|-resisted|p2a: Molten Salt
|-damage|p2a: Molten Salt|67/100
|-unboost|p1a: Dragapult|spa|2
|
|-heal|p2a: Molten Salt|74/100|[from] item: Leftovers
|upkeep
|turn|9
|
|t:|1758241550
|switch|p1a: Glimmora|Glimmora, F|100/100
|move|p2a: Molten Salt|Earth Power|p1a: Glimmora
|-supereffective|p1a: Glimmora
|-damage|p1a: Glimmora|0 fnt
|faint|p1a: Glimmora
|
|-heal|p2a: Molten Salt|80/100|[from] item: Leftovers
|upkeep
|
|t:|1758241558
|switch|p1a: Ogerpon|Ogerpon-Wellspring, F|100/100
|turn|10
|
|t:|1758241563
|-terastallize|p2a: Molten Salt|Grass
|move|p1a: Ogerpon|Swords Dance|p1a: Ogerpon
|-boost|p1a: Ogerpon|atk|2
|move|p2a: Molten Salt|Magma Storm|p1a: Ogerpon
|-damage|p1a: Ogerpon|30/100
|-activate|p1a: Ogerpon|move: Magma Storm|[of] p2a: Molten Salt
|
|-heal|p2a: Molten Salt|86/100|[from] item: Leftovers
|-damage|p1a: Ogerpon|18/100|[from] move: Magma Storm|[partiallytrapped]
|upkeep
|turn|11
|
|t:|1758241573
|move|p2a: Molten Salt|Protect|p2a: Molten Salt
|-singleturn|p2a: Molten Salt|Protect
|move|p1a: Ogerpon|Ivy Cudgel|p2a: Molten Salt|[anim] Ivy Cudgel Water
|-activate|p2a: Molten Salt|move: Protect
|
|-heal|p2a: Molten Salt|92/100|[from] item: Leftovers
|-damage|p1a: Ogerpon|6/100|[from] move: Magma Storm|[partiallytrapped]
|upkeep
|turn|12
|
|t:|1758241583
|move|p1a: Ogerpon|Horn Leech|p2a: Molten Salt
|-resisted|p2a: Molten Salt
|-crit|p2a: Molten Salt
|-damage|p2a: Molten Salt|39/100
|-heal|p1a: Ogerpon|40/100|[from] drain|[of] p2a: Molten Salt
|-status|p1a: Ogerpon|brn|[from] ability: Flame Body|[of] p2a: Molten Salt
|move|p2a: Molten Salt|Stealth Rock|p1a: Ogerpon
|-sidestart|p1: VelvetSucubbus|move: Stealth Rock
|
|-heal|p2a: Molten Salt|45/100|[from] item: Leftovers
|-damage|p1a: Ogerpon|34/100 brn|[from] brn
|-damage|p1a: Ogerpon|22/100 brn|[from] move: Magma Storm|[partiallytrapped]
|upkeep
|turn|13
|
|t:|1758241597
|move|p1a: Ogerpon|Swords Dance|p1a: Ogerpon
|-boost|p1a: Ogerpon|atk|2
|move|p2a: Molten Salt|Earth Power|p1a: Ogerpon
|-resisted|p1a: Ogerpon
|-damage|p1a: Ogerpon|4/100 brn
|
|-heal|p2a: Molten Salt|51/100|[from] item: Leftovers
|-damage|p1a: Ogerpon|0 fnt|[from] brn
|faint|p1a: Ogerpon
|upkeep
|
|t:|1758241609
|switch|p1a: Kingambit|Kingambit, M|100/100
|-damage|p1a: Kingambit|94/100|[from] Stealth Rock
|-activate|p1a: Kingambit|ability: Supreme Overlord
|-start|p1a: Kingambit|fallen3|[silent]
|turn|14
|
|t:|1758241617
|-terastallize|p1a: Kingambit|Ghost
|move|p2a: Molten Salt|Magma Storm|p1a: Kingambit|[miss]
|-miss|p2a: Molten Salt|p1a: Kingambit
|move|p1a: Kingambit|Swords Dance|p1a: Kingambit
|-boost|p1a: Kingambit|atk|2
|
|-heal|p2a: Molten Salt|57/100|[from] item: Leftovers
|-heal|p1a: Kingambit|100/100|[from] item: Leftovers
|upkeep
|turn|15
|
|t:|1758241626
|move|p2a: Molten Salt|Magma Storm|p1a: Kingambit
|-damage|p1a: Kingambit|46/100
|-activate|p1a: Kingambit|move: Magma Storm|[of] p2a: Molten Salt
|move|p1a: Kingambit|Iron Head|p2a: Molten Salt
|-damage|p2a: Molten Salt|0 fnt
|-status|p1a: Kingambit|brn|[from] ability: Flame Body|[of] p2a: Molten Salt
|faint|p2a: Molten Salt
|
|-heal|p1a: Kingambit|52/100 brn|[from] item: Leftovers
|-damage|p1a: Kingambit|46/100 brn|[from] brn
|-end|p1a: Kingambit|Magma Storm|[partiallytrapped]|[silent]
|upkeep
|
|t:|1758241638
|switch|p2a: Boiling Dragon|Walking Wake|100/100
|turn|16
|
|t:|1758241641
|move|p1a: Kingambit|Sucker Punch|p2a: Boiling Dragon
|-damage|p2a: Boiling Dragon|38/100
|move|p2a: Boiling Dragon|Hydro Steam|p1a: Kingambit
|-damage|p1a: Kingambit|0 fnt
|faint|p1a: Kingambit
|-end|p1a: Kingambit|fallen3|[silent]
|
|upkeep
|
|t:|1758241648
|switch|p1a: Dragapult|Dragapult, F|72/100
|-damage|p1a: Dragapult|60/100|[from] Stealth Rock
|turn|17
|
|t:|1758241654
|-end|p2a: Boiling Dragon|Protosynthesis|[silent]
|switch|p2a: Joker 2019|Quaquaval, M|31/100
|move|p1a: Dragapult|Shadow Ball|p2a: Joker 2019
|-damage|p2a: Joker 2019|0 fnt
|faint|p2a: Joker 2019
|
|upkeep
|
|t:|1758241660
|switch|p2a: Chop Chop|Gliscor, F|100/100
|turn|18
|
|t:|1758241679
|move|p2a: Chop Chop|Protect|p2a: Chop Chop
|-singleturn|p2a: Chop Chop|Protect
|move|p1a: Dragapult|Shadow Ball|p2a: Chop Chop
|-activate|p2a: Chop Chop|move: Protect
|
|-status|p2a: Chop Chop|tox|[from] item: Toxic Orb
|upkeep
|turn|19
|
|t:|1758241688
|switch|p1a: Landorus|Landorus-Therian, M|70/100
|-damage|p1a: Landorus|58/100|[from] Stealth Rock
|-ability|p1a: Landorus|Intimidate|boost
|-unboost|p2a: Chop Chop|atk|1
|move|p2a: Chop Chop|Knock Off|p1a: Landorus
|-damage|p1a: Landorus|44/100
|-damage|p2a: Chop Chop|84/100 tox|[from] item: Rocky Helmet|[of] p1a: Landorus
|-enditem|p1a: Landorus|Rocky Helmet|[from] move: Knock Off|[of] p2a: Chop Chop
|
|-heal|p2a: Chop Chop|96/100 tox|[from] ability: Poison Heal
|upkeep
|turn|20
|-message|VelvetSucubbus forfeited.
|
|win|DomCat
|raw|VelvetSucubbus's rating: 1368 &rarr; <strong>1349</strong><br />(-19 for losing)
|raw|DomCat's rating: 1384 &rarr; <strong>1403</strong><br />(+19 for winning)
|l|☆VelvetSucubbus
|player|p1|
