|j|☆copy41
|j|☆jiggyjosh
|t:|1758242636
|gametype|singles
|player|p1|copy41|brock|1068
|player|p2|jiggyjosh|170|1077
|gen|9
|tier|[Gen 9] OU
|rated|
|rule|HP Percentage Mod: HP is shown in percentages
|rule|Endless Battle Clause: Forcing endless battles is banned
|rule|Species Clause: Limit one of each Pokémon
|rule|OHKO Clause: OHKO moves are banned
|rule|Evasion Items Clause: Evasion items are banned
|rule|Evasion Moves Clause: Evasion moves are banned
|rule|Evasion Abilities Clause: Evasion abilities are banned
|rule|Sleep Moves Clause: Sleep-inducing moves are banned
|clearpoke
|poke|p1|Garchomp, F|
|poke|p1|Goodra-Hisui, M|
|poke|p1|Inteleon, F|
|poke|p1|Meowscarada, F|
|poke|p1|Chandelure, M|
|poke|p1|Gholdengo|
|poke|p2|Pikachu-Kalos, M|
|poke|p2|Greninja-*, M|
|poke|p2|Noivern, M|
|poke|p2|Hawlucha, M|
|poke|p2|Talonflame, F|
|poke|p2|Goodra-Hisui, M|
|teampreview
|
|t:|1758242655
|teamsize|p1|6
|teamsize|p2|6
|start
|switch|p1a: Garchomp|Garchomp, F|100/100
|switch|p2a: Talonflame|Talonflame, F|100/100
|turn|1
|c|☆copy41|waittt a second
|c|☆copy41|ik this team
|c|☆copy41|ashs team is crazy
|
|t:|1758242679
|move|p2a: Talonflame|Brave Bird|p1a: Garchomp
|-damage|p1a: Garchomp|70/100
|-damage|p2a: Talonflame|88/100|[from] ability: Rough Skin|[of] p1a: Garchomp
|-damage|p2a: Talonflame|77/100|[from] Recoil
|move|p1a: Garchomp|Stealth Rock|p2a: Talonflame
|-sidestart|p2: jiggyjosh|move: Stealth Rock
|
|-heal|p1a: Garchomp|77/100|[from] item: Leftovers
|upkeep
|turn|2
|
|t:|1758242690
|move|p2a: Talonflame|Flare Blitz|p1a: Garchomp
|-resisted|p1a: Garchomp
|-damage|p1a: Garchomp|63/100
|-damage|p2a: Talonflame|64/100|[from] ability: Rough Skin|[of] p1a: Garchomp
|-damage|p2a: Talonflame|59/100|[from] Recoil
|move|p1a: Garchomp|Dragon Tail|p2a: Talonflame
|-damage|p2a: Talonflame|26/100
|-status|p1a: Garchomp|brn|[from] ability: Flame Body|[of] p2a: Talonflame
|drag|p2a: Greninja|Greninja, M|100/100
|-damage|p2a: Greninja|88/100|[from] Stealth Rock
|
|-heal|p1a: Garchomp|69/100 brn|[from] item: Leftovers
|-damage|p1a: Garchomp|63/100 brn|[from] brn
|upkeep
|turn|3
|c|☆copy41|wrong type of goodra tho
|
|t:|1758242706
|move|p2a: Greninja|Blizzard|p1a: Garchomp
|-supereffective|p1a: Garchomp
|-damage|p1a: Garchomp|0 fnt
|faint|p1a: Garchomp
|-ability|p2a: Greninja|Battle Bond|boost
|-boost|p2a: Greninja|atk|1
|-boost|p2a: Greninja|spa|1
|-boost|p2a: Greninja|spe|1
|-activate|p2a: Greninja|ability: Battle Bond
|-damage|p2a: Greninja|78/100|[from] item: Life Orb
|
|upkeep
|
|t:|1758242724
|switch|p1a: Meowscarada|Meowscarada, F|100/100
|turn|4
|
|t:|1758242729
|move|p2a: Greninja|Blizzard|p1a: Meowscarada
|-supereffective|p1a: Meowscarada
|-enditem|p1a: Meowscarada|Focus Sash
|-damage|p1a: Meowscarada|1/100
|-damage|p2a: Greninja|69/100|[from] item: Life Orb
|move|p1a: Meowscarada|Flower Trick|p2a: Greninja
|-supereffective|p2a: Greninja
|-crit|p2a: Greninja
|-damage|p2a: Greninja|0 fnt
|faint|p2a: Greninja
|
|upkeep
|
|t:|1758242740
|switch|p2a: Pikachu|Pikachu-Kalos, M|100/100
|-damage|p2a: Pikachu|88/100|[from] Stealth Rock
|turn|5
|
|t:|1758242749
|switch|p1a: Goodra|Goodra-Hisui, M|100/100
|move|p2a: Pikachu|Thunder|p1a: Goodra|[miss]
|-miss|p2a: Pikachu|p1a: Goodra
|
|upkeep
|turn|6
|
|t:|1758242770
|switch|p2a: Hawlucha|Hawlucha, M|100/100
|-damage|p2a: Hawlucha|88/100|[from] Stealth Rock
|switch|p1a: Chandelure|Chandelure, M|100/100
|
|upkeep
|turn|7
|
|t:|1758242784
|move|p2a: Hawlucha|Encore||[still]
|-fail|p2a: Hawlucha
|move|p1a: Chandelure|Calm Mind|p1a: Chandelure
|-boost|p1a: Chandelure|spa|1
|-boost|p1a: Chandelure|spd|1
|
|upkeep
|turn|8
|
|t:|1758242807
|switch|p1a: Gholdengo|Gholdengo|100/100
|move|p2a: Hawlucha|Close Combat|p1a: Gholdengo
|-immune|p1a: Gholdengo
|
|upkeep
|turn|9
|
|t:|1758242826
|switch|p2a: Goodra|Goodra-Hisui, M|100/100
|-damage|p2a: Goodra|94/100|[from] Stealth Rock
|move|p1a: Gholdengo|Thunder Wave|p2a: Goodra
|-status|p2a: Goodra|par
|
|upkeep
|turn|10
|
|t:|1758242835
|move|p1a: Gholdengo|Make It Rain|p2a: Goodra
|-resisted|p2a: Goodra
|-damage|p2a: Goodra|82/100 par
|-unboost|p1a: Gholdengo|spa|1
|move|p2a: Goodra|Fire Blast|p1a: Gholdengo
|-supereffective|p1a: Gholdengo
|-damage|p1a: Gholdengo|24/100
|-status|p1a: Gholdengo|brn
|
|-heal|p1a: Gholdengo|30/100 brn|[from] item: Leftovers
|-damage|p1a: Gholdengo|24/100 brn|[from] brn
|upkeep
|turn|11
|
|t:|1758242856
|switch|p1a: Chandelure|Chandelure, M|100/100
|cant|p2a: Goodra|par
|
|upkeep
|turn|12
|
|t:|1758242864
|move|p1a: Chandelure|Fire Blast|p2a: Goodra
|-damage|p2a: Goodra|38/100 par
|move|p2a: Goodra|Draco Meteor|p1a: Chandelure
|-damage|p1a: Chandelure|5/100
|-unboost|p2a: Goodra|spa|2
|
|upkeep
|turn|13
|
|t:|1758242872
|move|p1a: Chandelure|Fire Blast|p2a: Goodra
|-damage|p2a: Goodra|0 fnt
|faint|p2a: Goodra
|
|upkeep
|
|t:|1758242877
|switch|p2a: Pikachu|Pikachu-Kalos, M|88/100
|-damage|p2a: Pikachu|76/100|[from] Stealth Rock
|turn|14
|
|t:|1758242884
|move|p2a: Pikachu|Play Rough|p1a: Chandelure
|-resisted|p1a: Chandelure
|-damage|p1a: Chandelure|0 fnt
|faint|p1a: Chandelure
|
|upkeep
|
|t:|1758242897
|switch|p1a: Goodra|Goodra-Hisui, M|100/100
|turn|15
|
|t:|1758242902
|-singleturn|p2a: Pikachu|move: Focus Punch
|move|p1a: Goodra|Draco Meteor|p2a: Pikachu
|-damage|p2a: Pikachu|0 fnt
|-unboost|p1a: Goodra|spa|2
|faint|p2a: Pikachu
|
|upkeep
|
|t:|1758242910
|switch|p2a: Hawlucha|Hawlucha, M|88/100
|-damage|p2a: Hawlucha|76/100|[from] Stealth Rock
|turn|16
|
|t:|1758242916
|move|p2a: Hawlucha|Close Combat|p1a: Goodra
|-supereffective|p1a: Goodra
|-damage|p1a: Goodra|0 fnt
|-unboost|p2a: Hawlucha|def|1
|-unboost|p2a: Hawlucha|spd|1
|faint|p1a: Goodra
|
|upkeep
|
|t:|1758242924
|switch|p1a: Inteleon|Inteleon, F|100/100
|turn|17
|
|t:|1758242938
|move|p1a: Inteleon|Snipe Shot|p2a: Hawlucha
|-damage|p2a: Hawlucha|0 fnt
|faint|p2a: Hawlucha
|
|upkeep
|
|t:|1758242943
|switch|p2a: Noivern|Noivern, M|100/100
|-item|p1a: Inteleon|Razor Claw|[from] ability: Frisk|[of] p2a: Noivern
|turn|18
|
|t:|1758242950
|move|p2a: Noivern|Draco Meteor|p1a: Inteleon
|-crit|p1a: Inteleon
|-damage|p1a: Inteleon|0 fnt
|-unboost|p2a: Noivern|spa|2
|faint|p1a: Inteleon
|
|upkeep
|
|t:|1758242956
|switch|p1a: Meowscarada|Meowscarada, F|1/100
|turn|19
|
|t:|1758242963
|-terastallize|p1a: Meowscarada|Grass
|move|p1a: Meowscarada|Flower Trick|p2a: Noivern
|-resisted|p2a: Noivern
|-crit|p2a: Noivern
|-damage|p2a: Noivern|68/100
|move|p2a: Noivern|Flamethrower|p1a: Meowscarada
|-supereffective|p1a: Meowscarada
|-damage|p1a: Meowscarada|0 fnt
|faint|p1a: Meowscarada
|
|upkeep
|c|☆copy41|gg
|c|☆copy41|i lost
|
|t:|1758242974
|switch|p1a: Gholdengo|Gholdengo|24/100 brn
|turn|20
|
|t:|1758242981
|move|p2a: Noivern|Draco Meteor|p1a: Gholdengo
|-resisted|p1a: Gholdengo
|-crit|p1a: Gholdengo
|-damage|p1a: Gholdengo|0 fnt
|-unboost|p2a: Noivern|spa|2
|faint|p1a: Gholdengo
|
|win|jiggyjosh
|raw|copy41's rating: 1068 &rarr; <strong>1048</strong><br />(-20 for losing)
|raw|jiggyjosh's rating: 1077 &rarr; <strong>1105</strong><br />(+28 for winning)
|l|☆copy41
|player|p1|
|l|☆jiggyjosh
|player|p2|
