|j|☆samlics
|j|☆BC-Bandit05
|t:|1758324463
|gametype|singles
|player|p1|samlics|170|1073
|player|p2|BC-Bandit05|102|1102
|gen|9
|tier|[Gen 9] OU
|rated|
|rule|HP Percentage Mod: HP is shown in percentages
|rule|Endless Battle Clause: Forcing endless battles is banned
|rule|Species Clause: Limit one of each Pokémon
|rule|OHKO Clause: OHKO moves are banned
|rule|Evasion Items Clause: Evasion items are banned
|rule|Evasion Moves Clause: Evasion moves are banned
|rule|Evasion Abilities Clause: Evasion abilities are banned
|rule|Sleep Moves Clause: Sleep-inducing moves are banned
|clearpoke
|poke|p1|Mimikyu, M|
|poke|p1|Corviknight, M|
|poke|p1|Zamazenta-*|
|poke|p1|Hatterene, F|
|poke|p1|Revavroom, M|
|poke|p1|Phione|
|poke|p2|Ursaluna, F|
|poke|p2|Rillaboom, F|
|poke|p2|Haxorus, M|
|poke|p2|Quaquaval, M|
|poke|p2|Araquanid, M|
|poke|p2|Zoroark-Hisui, M|
|teampreview
|inactive|Battle timer is ON: inactive players will automatically lose when time's up. (requested by samlics)
|
|t:|1758324474
|teamsize|p1|6
|teamsize|p2|6
|start
|switch|p1a: Mimikyu|Mimikyu, M|100/100
|switch|p2a: Haxorus|Haxorus, M, shiny|100/100
|-ability|p2a: Haxorus|Mold Breaker
|turn|1
|
|t:|1758324481
|move|p2a: Haxorus|Iron Head|p1a: Mimikyu
|-supereffective|p1a: Mimikyu
|-damage|p1a: Mimikyu|0 fnt
|faint|p1a: Mimikyu
|
|upkeep
|
|t:|1758324497
|switch|p1a: Corviknight|Corviknight, M|100/100
|turn|2
|
|t:|1758324510
|switch|p2a: Rillaboom|Rillaboom, F, shiny|100/100
|-fieldstart|move: Grassy Terrain|[from] ability: Grassy Surge|[of] p2a: Rillaboom
|move|p1a: Corviknight|Iron Defense|p1a: Corviknight
|-boost|p1a: Corviknight|def|2
|
|upkeep
|turn|3
|
|t:|1758324521
|move|p2a: Rillaboom|Leech Seed|p1a: Corviknight
|-start|p1a: Corviknight|move: Leech Seed
|move|p1a: Corviknight|Body Press|p2a: Rillaboom
|-damage|p2a: Rillaboom|75/100
|
|-heal|p2a: Rillaboom|81/100|[from] Grassy Terrain
|-heal|p2a: Rillaboom|88/100|[from] item: Leftovers
|-damage|p1a: Corviknight|88/100|[from] Leech Seed|[of] p2a: Rillaboom
|-heal|p2a: Rillaboom|99/100|[silent]
|upkeep
|turn|4
|
|t:|1758324538
|move|p2a: Rillaboom|Knock Off|p1a: Corviknight
|-damage|p1a: Corviknight|78/100
|-enditem|p1a: Corviknight|Leftovers|[from] move: Knock Off|[of] p2a: Rillaboom
|move|p1a: Corviknight|Iron Defense|p1a: Corviknight
|-boost|p1a: Corviknight|def|2
|
|-heal|p2a: Rillaboom|100/100|[from] Grassy Terrain
|-damage|p1a: Corviknight|66/100|[from] Leech Seed|[of] p2a: Rillaboom
|upkeep
|turn|5
|
|t:|1758324549
|move|p2a: Rillaboom|U-turn|p1a: Corviknight
|-resisted|p1a: Corviknight
|-damage|p1a: Corviknight|65/100
|
|t:|1758324551
|switch|p2a: Ursaluna|Ursaluna, F|100/100|[from] U-turn
|move|p1a: Corviknight|Body Press|p2a: Ursaluna
|-supereffective|p2a: Ursaluna
|-crit|p2a: Ursaluna
|-damage|p2a: Ursaluna|0 fnt
|faint|p2a: Ursaluna
|
|upkeep
|
|t:|1758324557
|switch|p2a: Haxorus|Haxorus, M, shiny|100/100
|turn|6
|
|t:|1758324561
|move|p2a: Haxorus|Nasty Plot|p2a: Haxorus
|-boost|p2a: Haxorus|spa|2
|move|p1a: Corviknight|Body Press|p2a: Haxorus
|-immune|p2a: Haxorus
|
|-damage|p1a: Corviknight|52/100|[from] Leech Seed|[of] p2a: Haxorus
|-fieldend|move: Grassy Terrain
|upkeep
|turn|7
|
|t:|1758324572
|move|p2a: Haxorus|Shadow Ball|p1a: Corviknight
|-crit|p1a: Corviknight
|-damage|p1a: Corviknight|0 fnt
|faint|p1a: Corviknight
|
|upkeep
|
|t:|1758324589
|switch|p1a: Phione|Phione|100/100
|turn|8
|
|t:|1758324604
|-terastallize|p2a: Haxorus|Normal
|move|p2a: Haxorus|Hyper Voice|p1a: Phione
|-damage|p1a: Phione|0 fnt
|faint|p1a: Phione
|-enditem|p2a: Haxorus|Throat Spray
|-boost|p2a: Haxorus|spa|1|[from] item: Throat Spray
|
|upkeep
|
|t:|1758324610
|switch|p1a: Revavroom|Revavroom, M|100/100
|turn|9
|
|t:|1758324615
|move|p2a: Haxorus|Shadow Ball|p1a: Revavroom
|-damage|p1a: Revavroom|34/100
|-unboost|p1a: Revavroom|spd|1
|move|p1a: Revavroom|Gunk Shot|p2a: Haxorus
|-damage|p2a: Haxorus|6/100
|replace|p2a: Zoroark|Zoroark-Hisui, M
|-end|p2a: Zoroark|Illusion
|
|upkeep
|turn|10
|
|t:|1758324625
|move|p2a: Zoroark|Hyper Voice|p1a: Revavroom
|-resisted|p1a: Revavroom
|-damage|p1a: Revavroom|0 fnt
|faint|p1a: Revavroom
|
|upkeep
|
|t:|1758324635
|switch|p1a: Hatterene|Hatterene, F|100/100
|turn|11
|
|t:|1758324642
|move|p2a: Zoroark|Hyper Voice|p1a: Hatterene
|-damage|p1a: Hatterene|0 fnt
|faint|p1a: Hatterene
|
|upkeep
|
|t:|1758324645
|switch|p1a: Zamazenta|Zamazenta|100/100
|-ability|p1a: Zamazenta|Dauntless Shield|boost
|-boost|p1a: Zamazenta|def|1
|turn|12
|
|t:|1758324649
|move|p2a: Zoroark|Hyper Voice|p1a: Zamazenta
|-damage|p1a: Zamazenta|0 fnt
|faint|p1a: Zamazenta
|
|win|BC-Bandit05
|raw|samlics's rating: 1073 &rarr; <strong>1054</strong><br />(-19 for losing)
|raw|BC-Bandit05's rating: 1102 &rarr; <strong>1125</strong><br />(+23 for winning)
|l|☆BC-Bandit05
|player|p2|
|l|☆samlics
|player|p1|
