|j|☆ydkmdenji
|j|☆NaoAgawa
|t:|1758303692
|gametype|singles
|player|p1|ydkmdenji|liko|1134
|player|p2|NaoAgawa|265|1095
|gen|9
|tier|[Gen 9] OU
|rated|
|rule|HP Percentage Mod: HP is shown in percentages
|rule|Endless Battle Clause: Forcing endless battles is banned
|rule|Species Clause: Limit one of each Pokémon
|rule|OHKO Clause: OHKO moves are banned
|rule|Evasion Items Clause: Evasion items are banned
|rule|Evasion Moves Clause: Evasion moves are banned
|rule|Evasion Abilities Clause: Evasion abilities are banned
|rule|Sleep Moves Clause: Sleep-inducing moves are banned
|clearpoke
|poke|p1|Gliscor, M|
|poke|p1|Pecharunt|
|poke|p1|Glimmora, F|
|poke|p1|Muk-Alola, F|
|poke|p1|Zangoose, F|
|poke|p1|Salazzle, F|
|poke|p2|Pelipper, M|
|poke|p2|Vileplume, F|
|poke|p2|Espeon, M|
|poke|p2|Kleavor, F|
|poke|p2|Eelektross, F|
|poke|p2|Hydreigon, F|
|teampreview
|inactive|Battle timer is ON: inactive players will automatically lose when time's up. (requested by NaoAgawa)
|
|t:|1758303747
|teamsize|p1|6
|teamsize|p2|6
|start
|switch|p1a: Glimmora|Glimmora, F|100/100
|switch|p2a: Kleavor|Kleavor, F, shiny|100/100
|turn|1
|
|t:|1758303760
|switch|p2a: Espeon|Espeon, M, shiny|100/100
|move|p1a: Glimmora|Power Gem|p2a: Espeon
|-damage|p2a: Espeon|59/100
|
|-heal|p2a: Espeon|65/100|[from] item: Leftovers
|upkeep
|turn|2
|
|t:|1758303769
|switch|p1a: Muk|Muk-Alola, F|100/100
|move|p2a: Espeon|Calm Mind|p2a: Espeon
|-boost|p2a: Espeon|spa|1
|-boost|p2a: Espeon|spd|1
|
|-heal|p2a: Espeon|71/100|[from] item: Leftovers
|upkeep
|turn|3
|
|t:|1758303778
|switch|p2a: Pelipper|Pelipper, M, shiny|100/100
|-weather|RainDance|[from] ability: Drizzle|[of] p2a: Pelipper
|move|p1a: Muk|Knock Off|p2a: Pelipper
|-damage|p2a: Pelipper|59/100
|-status|p2a: Pelipper|psn|[from] ability: Poison Touch|[of] p1a: Muk
|-enditem|p2a: Pelipper|Damp Rock|[from] move: Knock Off|[of] p1a: Muk
|
|-weather|RainDance|[upkeep]
|-damage|p2a: Pelipper|47/100 psn|[from] psn
|upkeep
|turn|4
|
|t:|1758303792
|move|p2a: Pelipper|Tailwind|p2a: Pelipper
|-sidestart|p2: NaoAgawa|move: Tailwind
|move|p1a: Muk|Gunk Shot|p2a: Pelipper
|-crit|p2a: Pelipper
|-damage|p2a: Pelipper|0 fnt
|faint|p2a: Pelipper
|
|-weather|RainDance|[upkeep]
|upkeep
|
|t:|1758303802
|switch|p2a: Eelektross|Eelektross, F, shiny|100/100
|turn|5
|
|t:|1758303809
|move|p2a: Eelektross|Giga Drain|p1a: Muk
|-resisted|p1a: Muk
|-damage|p1a: Muk|95/100
|move|p1a: Muk|Knock Off|p2a: Eelektross
|-damage|p2a: Eelektross|46/100
|-enditem|p2a: Eelektross|Assault Vest|[from] move: Knock Off|[of] p1a: Muk
|
|-weather|RainDance|[upkeep]
|upkeep
|turn|6
|
|t:|1758303819
|switch|p1a: Gliscor|Gliscor, M|100/100
|move|p2a: Eelektross|Thunder|p1a: Gliscor
|-immune|p1a: Gliscor
|
|-weather|RainDance|[upkeep]
|-status|p1a: Gliscor|tox|[from] item: Toxic Orb
|upkeep
|turn|7
|
|t:|1758303828
|move|p1a: Gliscor|Protect|p1a: Gliscor
|-singleturn|p1a: Gliscor|Protect
|move|p2a: Eelektross|Giga Drain|p1a: Gliscor
|-activate|p1a: Gliscor|move: Protect
|
|-weather|RainDance|[upkeep]
|-sideend|p2: NaoAgawa|move: Tailwind
|upkeep
|turn|8
|
|t:|1758303836
|switch|p1a: Muk|Muk-Alola, F|95/100
|switch|p2a: Kleavor|Kleavor, F, shiny|100/100
|
|-weather|RainDance|[upkeep]
|upkeep
|turn|9
|
|t:|1758303860
|move|p2a: Kleavor|Stone Axe|p1a: Muk
|-damage|p1a: Muk|37/100
|-sidestart|p1: ydkmdenji|move: Stealth Rock
|move|p1a: Muk|Knock Off|p2a: Kleavor
|-damage|p2a: Kleavor|48/100
|-enditem|p2a: Kleavor|Metronome|[from] move: Knock Off|[of] p1a: Muk
|
|-weather|RainDance|[upkeep]
|upkeep
|turn|10
|inactive|ydkmdenji has 120 seconds left.
|
|t:|1758303886
|switch|p1a: Pecharunt|Pecharunt|100/100
|move|p2a: Kleavor|X-Scissor|p1a: Pecharunt
|-resisted|p1a: Pecharunt
|-damage|p1a: Pecharunt|92/100
|
|-weather|none
|upkeep
|turn|11
|inactive|ydkmdenji has 120 seconds left.
|
|t:|1758303896
|move|p2a: Kleavor|Stone Axe|p1a: Pecharunt
|-damage|p1a: Pecharunt|66/100
|move|p1a: Pecharunt|Parting Shot|p2a: Kleavor
|-unboost|p2a: Kleavor|atk|1
|-unboost|p2a: Kleavor|spa|1
|inactive|ydkmdenji has 120 seconds left.
|
|t:|1758303902
|switch|p1a: Glimmora|Glimmora, F|100/100|[from] Parting Shot
|-damage|p1a: Glimmora|88/100|[from] Stealth Rock
|
|upkeep
|turn|12
|
|t:|1758303908
|switch|p2a: Vileplume|Vileplume, F, shiny|100/100
|move|p1a: Glimmora|Mortal Spin|p2a: Vileplume
|-damage|p2a: Vileplume|94/100
|-sideend|p1: ydkmdenji|Stealth Rock|[from] move: Mortal Spin|[of] p1a: Glimmora
|
|-heal|p2a: Vileplume|100/100|[from] item: Black Sludge
|upkeep
|turn|13
|
|t:|1758303919
|move|p1a: Glimmora|Stealth Rock|p2a: Vileplume
|-sidestart|p2: NaoAgawa|move: Stealth Rock
|move|p2a: Vileplume|Leech Seed|p1a: Glimmora
|-start|p1a: Glimmora|move: Leech Seed
|
|-damage|p1a: Glimmora|76/100|[from] Leech Seed|[of] p2a: Vileplume
|upkeep
|turn|14
|
|t:|1758303930
|switch|p1a: Salazzle|Salazzle, F|100/100
|move|p2a: Vileplume|Leech Seed|p1a: Salazzle
|-start|p1a: Salazzle|move: Leech Seed
|
|-damage|p1a: Salazzle|88/100|[from] Leech Seed|[of] p2a: Vileplume
|upkeep
|turn|15
|
|t:|1758303942
|switch|p1a: Zangoose|Zangoose, F|100/100
|switch|p2a: Eelektross|Eelektross, F, shiny|46/100
|-damage|p2a: Eelektross|34/100|[from] Stealth Rock
|
|-status|p1a: Zangoose|tox|[from] item: Toxic Orb
|upkeep
|turn|16
|
|t:|1758303957
|move|p1a: Zangoose|Facade|p2a: Eelektross
|-damage|p2a: Eelektross|0 fnt
|faint|p2a: Eelektross
|
|-damage|p1a: Zangoose|95/100 tox|[from] psn
|upkeep
|
|t:|1758303961
|switch|p2a: Hydreigon|Hydreigon, F, shiny|100/100
|-damage|p2a: Hydreigon|88/100|[from] Stealth Rock
|turn|17
|
|t:|1758303968
|move|p2a: Hydreigon|Draco Meteor|p1a: Zangoose
|-damage|p1a: Zangoose|0 fnt
|-unboost|p2a: Hydreigon|spa|2
|faint|p1a: Zangoose
|
|upkeep
|
|t:|1758303984
|switch|p1a: Muk|Muk-Alola, F|37/100
|turn|18
|
|t:|1758303989
|switch|p2a: Vileplume|Vileplume, F, shiny|100/100
|-damage|p2a: Vileplume|88/100|[from] Stealth Rock
|move|p1a: Muk|Drain Punch|p2a: Vileplume
|-resisted|p2a: Vileplume
|-damage|p2a: Vileplume|75/100
|-heal|p1a: Muk|41/100|[from] drain|[of] p2a: Vileplume
|
|-heal|p2a: Vileplume|82/100|[from] item: Black Sludge
|upkeep
|turn|19
|
|t:|1758304001
|move|p1a: Muk|Knock Off|p2a: Vileplume
|-damage|p2a: Vileplume|35/100
|-status|p1a: Muk|slp|[from] ability: Effect Spore|[of] p2a: Vileplume
|-enditem|p2a: Vileplume|Black Sludge|[from] move: Knock Off|[of] p1a: Muk
|move|p2a: Vileplume|Leech Seed|p1a: Muk
|-start|p1a: Muk|move: Leech Seed
|
|-damage|p1a: Muk|29/100 slp|[from] Leech Seed|[of] p2a: Vileplume
|-heal|p2a: Vileplume|53/100|[silent]
|upkeep
|turn|20
|
|t:|1758304010
|switch|p1a: Pecharunt|Pecharunt|66/100
|move|p2a: Vileplume|Moonblast|p1a: Pecharunt
|-resisted|p1a: Pecharunt
|-damage|p1a: Pecharunt|55/100
|-unboost|p1a: Pecharunt|spa|1
|
|upkeep
|turn|21
|
|t:|1758304020
|move|p1a: Pecharunt|Recover|p1a: Pecharunt
|-heal|p1a: Pecharunt|100/100
|move|p2a: Vileplume|Leech Seed|p1a: Pecharunt
|-start|p1a: Pecharunt|move: Leech Seed
|
|-damage|p1a: Pecharunt|88/100|[from] Leech Seed|[of] p2a: Vileplume
|-heal|p2a: Vileplume|69/100|[silent]
|upkeep
|turn|22
|
|t:|1758304031
|move|p1a: Pecharunt|Shadow Ball|p2a: Vileplume
|-damage|p2a: Vileplume|53/100
|-unboost|p2a: Vileplume|spd|1
|move|p2a: Vileplume|Moonblast|p1a: Pecharunt
|-resisted|p1a: Pecharunt
|-damage|p1a: Pecharunt|77/100
|
|-damage|p1a: Pecharunt|65/100|[from] Leech Seed|[of] p2a: Vileplume
|-heal|p2a: Vileplume|69/100|[silent]
|upkeep
|turn|23
|
|t:|1758304041
|move|p1a: Pecharunt|Malignant Chain|p2a: Vileplume
|-damage|p2a: Vileplume|41/100
|move|p2a: Vileplume|Moonblast|p1a: Pecharunt
|-resisted|p1a: Pecharunt
|-damage|p1a: Pecharunt|53/100
|
|-damage|p1a: Pecharunt|40/100|[from] Leech Seed|[of] p2a: Vileplume
|-heal|p2a: Vileplume|58/100|[silent]
|upkeep
|turn|24
|
|t:|1758304050
|move|p1a: Pecharunt|Recover|p1a: Pecharunt
|-heal|p1a: Pecharunt|90/100
|move|p2a: Vileplume|Moonblast|p1a: Pecharunt
|-resisted|p1a: Pecharunt
|-damage|p1a: Pecharunt|78/100
|
|-damage|p1a: Pecharunt|65/100|[from] Leech Seed|[of] p2a: Vileplume
|-heal|p2a: Vileplume|74/100|[silent]
|upkeep
|turn|25
|
|t:|1758304061
|move|p2a: Vileplume|Protect|p2a: Vileplume
|-singleturn|p2a: Vileplume|Protect
|move|p1a: Pecharunt|Parting Shot|p2a: Vileplume
|-activate|p2a: Vileplume|move: Protect
|
|-damage|p1a: Pecharunt|53/100|[from] Leech Seed|[of] p2a: Vileplume
|-heal|p2a: Vileplume|90/100|[silent]
|upkeep
|turn|26
|
|t:|1758304069
|move|p1a: Pecharunt|Parting Shot|p2a: Vileplume
|-unboost|p2a: Vileplume|atk|1
|-unboost|p2a: Vileplume|spa|1
|
|t:|1758304073
|switch|p1a: Salazzle|Salazzle, F|88/100|[from] Parting Shot
|move|p2a: Vileplume|Leech Seed|p1a: Salazzle
|-start|p1a: Salazzle|move: Leech Seed
|
|-damage|p1a: Salazzle|76/100|[from] Leech Seed|[of] p2a: Vileplume
|-heal|p2a: Vileplume|100/100|[silent]
|upkeep
|turn|27
|
|t:|1758304082
|move|p2a: Vileplume|Protect|p2a: Vileplume
|-singleturn|p2a: Vileplume|Protect
|move|p1a: Salazzle|Toxic|p2a: Vileplume
|-activate|p2a: Vileplume|move: Protect
|
|-damage|p1a: Salazzle|64/100|[from] Leech Seed|[of] p2a: Vileplume
|upkeep
|turn|28
|
|t:|1758304091
|move|p1a: Salazzle|Fire Blast|p2a: Vileplume
|-supereffective|p2a: Vileplume
|-damage|p2a: Vileplume|0 fnt
|faint|p2a: Vileplume
|
|upkeep
|
|t:|1758304097
|switch|p2a: Hydreigon|Hydreigon, F, shiny|88/100
|-damage|p2a: Hydreigon|76/100|[from] Stealth Rock
|turn|29
|
|t:|1758304104
|switch|p1a: Muk|Muk-Alola, F|29/100 slp
|move|p2a: Hydreigon|Earth Power|p1a: Muk
|-supereffective|p1a: Muk
|-damage|p1a: Muk|0 fnt
|faint|p1a: Muk
|
|upkeep
|
|t:|1758304115
|switch|p1a: Salazzle|Salazzle, F|64/100
|turn|30
|
|t:|1758304118
|switch|p1a: Gliscor|Gliscor, M|100/100 tox
|move|p2a: Hydreigon|Earth Power|p1a: Gliscor
|-immune|p1a: Gliscor
|
|upkeep
|turn|31
|
|t:|1758304128
|switch|p2a: Kleavor|Kleavor, F, shiny|48/100
|-damage|p2a: Kleavor|23/100|[from] Stealth Rock
|move|p1a: Gliscor|Toxic|p2a: Kleavor
|-status|p2a: Kleavor|tox
|
|-damage|p2a: Kleavor|17/100 tox|[from] psn
|upkeep
|turn|32
|
|t:|1758304138
|move|p1a: Gliscor|Protect|p1a: Gliscor
|-singleturn|p1a: Gliscor|Protect
|move|p2a: Kleavor|Stone Axe|p1a: Gliscor
|-activate|p1a: Gliscor|move: Protect
|
|-damage|p2a: Kleavor|5/100 tox|[from] psn
|upkeep
|turn|33
|
|t:|1758304151
|switch|p1a: Glimmora|Glimmora, F|76/100
|move|p2a: Kleavor|Stone Axe|p1a: Glimmora
|-damage|p1a: Glimmora|0 fnt
|-activate|p1a: Glimmora|ability: Toxic Debris
|-sidestart|p2: NaoAgawa|move: Toxic Spikes
|-sidestart|p1: ydkmdenji|move: Stealth Rock
|faint|p1a: Glimmora
|
|-damage|p2a: Kleavor|0 fnt|[from] psn
|faint|p2a: Kleavor
|upkeep
|inactive|ydkmdenji has 120 seconds left.
|
|t:|1758304177
|switch|p1a: Pecharunt|Pecharunt|53/100
|switch|p2a: Hydreigon|Hydreigon, F, shiny|76/100
|-damage|p2a: Hydreigon|64/100|[from] Stealth Rock
|turn|34
|inactive|ydkmdenji has 120 seconds left.
|inactive|NaoAgawa has 120 seconds left.
|inactive|NaoAgawa has 90 seconds left.
|inactive|NaoAgawa has 60 seconds left.
|inactive|NaoAgawa has 30 seconds left.
|inactive|NaoAgawa has 20 seconds left.
|
|t:|1758304311
|switch|p1a: Gliscor|Gliscor, M|100/100 tox
|-damage|p1a: Gliscor|88/100 tox|[from] Stealth Rock
|move|p2a: Hydreigon|Earth Power|p1a: Gliscor
|-immune|p1a: Gliscor
|
|-heal|p1a: Gliscor|100/100 tox|[from] ability: Poison Heal
|upkeep
|turn|35
|inactive|NaoAgawa has 30 seconds left this turn.
|inactive|NaoAgawa has 20 seconds left.
|inactive|ydkmdenji has 90 seconds left.
|
|t:|1758304327
|switch|p2a: Espeon|Espeon, M, shiny|71/100
|-damage|p2a: Espeon|59/100|[from] Stealth Rock
|-status|p2a: Espeon|psn
|move|p1a: Gliscor|Knock Off|p2a: Espeon
|-supereffective|p2a: Espeon
|-damage|p2a: Espeon|0 fnt
|-enditem|p2a: Espeon|Leftovers|[from] move: Knock Off|[of] p1a: Gliscor
|faint|p2a: Espeon
|
|upkeep
|inactive|NaoAgawa has 25 seconds left this turn.
|inactive|NaoAgawa has 20 seconds left.
|
|t:|1758304334
|switch|p2a: Hydreigon|Hydreigon, F, shiny|64/100
|-damage|p2a: Hydreigon|51/100|[from] Stealth Rock
|turn|36
|inactive|NaoAgawa has 30 seconds left this turn.
|
|t:|1758304344
|-terastallize|p2a: Hydreigon|Steel
|move|p2a: Hydreigon|Flash Cannon|p1a: Gliscor
|-damage|p1a: Gliscor|68/100 tox
|move|p1a: Gliscor|Toxic|p2a: Hydreigon
|-immune|p2a: Hydreigon
|
|-heal|p1a: Gliscor|81/100 tox|[from] ability: Poison Heal
|upkeep
|turn|37
|inactive|NaoAgawa has 30 seconds left.
|
|t:|1758304351
|move|p2a: Hydreigon|Flash Cannon|p1a: Gliscor
|-crit|p1a: Gliscor
|-damage|p1a: Gliscor|27/100 tox
|move|p1a: Gliscor|Knock Off|p2a: Hydreigon
|-damage|p2a: Hydreigon|28/100
|-enditem|p2a: Hydreigon|Choice Scarf|[from] move: Knock Off|[of] p1a: Gliscor
|
|-heal|p1a: Gliscor|39/100 tox|[from] ability: Poison Heal
|upkeep
|turn|38
|
|t:|1758304360
|move|p1a: Gliscor|Protect|p1a: Gliscor
|-singleturn|p1a: Gliscor|Protect
|move|p2a: Hydreigon|Flash Cannon|p1a: Gliscor
|-activate|p1a: Gliscor|move: Protect
|
|-heal|p1a: Gliscor|52/100 tox|[from] ability: Poison Heal
|upkeep
|turn|39
|
|t:|1758304370
|switch|p1a: Pecharunt|Pecharunt|53/100
|move|p2a: Hydreigon|Flash Cannon|p1a: Pecharunt
|-damage|p1a: Pecharunt|12/100
|-unboost|p1a: Pecharunt|spd|1
|
|upkeep
|turn|40
|inactive|ydkmdenji has 120 seconds left.
|
|t:|1758304375
|move|p2a: Hydreigon|Flash Cannon|p1a: Pecharunt
|-damage|p1a: Pecharunt|0 fnt
|faint|p1a: Pecharunt
|
|upkeep
|
|t:|1758304377
|switch|p1a: Salazzle|Salazzle, F|64/100
|turn|41
|
|t:|1758304384
|move|p1a: Salazzle|Toxic|p2a: Hydreigon
|-status|p2a: Hydreigon|tox
|move|p2a: Hydreigon|Earth Power|p1a: Salazzle
|-supereffective|p1a: Salazzle
|-damage|p1a: Salazzle|0 fnt
|faint|p1a: Salazzle
|
|-damage|p2a: Hydreigon|22/100 tox|[from] psn
|upkeep
|
|t:|1758304389
|switch|p1a: Gliscor|Gliscor, M|52/100 tox
|-damage|p1a: Gliscor|39/100 tox|[from] Stealth Rock
|turn|42
|
|t:|1758304396
|move|p1a: Gliscor|Protect|p1a: Gliscor
|-singleturn|p1a: Gliscor|Protect
|move|p2a: Hydreigon|Draco Meteor|p1a: Gliscor
|-activate|p1a: Gliscor|move: Protect
|
|-damage|p2a: Hydreigon|9/100 tox|[from] psn
|-heal|p1a: Gliscor|52/100 tox|[from] ability: Poison Heal
|upkeep
|turn|43
|
|t:|1758304404
|move|p1a: Gliscor|Protect||[still]
|-fail|p1a: Gliscor
|move|p2a: Hydreigon|Draco Meteor|p1a: Gliscor
|-damage|p1a: Gliscor|0 fnt
|-unboost|p2a: Hydreigon|spa|2
|faint|p1a: Gliscor
|
|win|NaoAgawa
|raw|ydkmdenji's rating: 1134 &rarr; <strong>1106</strong><br />(-28 for losing)
|raw|NaoAgawa's rating: 1095 &rarr; <strong>1124</strong><br />(+29 for winning)
|l|☆ydkmdenji
|player|p1|
