|j|☆sadoli
|j|☆scarfwake
|t:|1758362210
|gametype|singles
|player|p1|sadoli|elesa|1398
|player|p2|scarfwake|miku-flying|1424
|gen|9
|tier|[Gen 9] OU
|rated|
|rule|HP Percentage Mod: HP is shown in percentages
|rule|Endless Battle Clause: Forcing endless battles is banned
|rule|Species Clause: Limit one of each Pokémon
|rule|OHKO Clause: OHKO moves are banned
|rule|Evasion Items Clause: Evasion items are banned
|rule|Evasion Moves Clause: Evasion moves are banned
|rule|Evasion Abilities Clause: Evasion abilities are banned
|rule|Sleep Moves Clause: Sleep-inducing moves are banned
|clearpoke
|poke|p1|Ursaluna, F|
|poke|p1|Torkoal, F|
|poke|p1|Cresselia, F|
|poke|p1|Enamorus-Therian, F|
|poke|p1|Hatterene, F|
|poke|p1|Walking Wake|
|poke|p2|Heatran, M|
|poke|p2|Rillaboom, F|
|poke|p2|Ogerpon-Wellspring, F|
|poke|p2|Scizor, F|
|poke|p2|Kyurem|
|poke|p2|Great Tusk|
|teampreview
|inactive|Battle timer is ON: inactive players will automatically lose when time's up. (requested by sadoli)
|
|t:|1758362228
|teamsize|p1|6
|teamsize|p2|6
|start
|switch|p1a: Walking Wake|Walking Wake|100/100
|switch|p2a: Ogerpon|Ogerpon-Wellspring, F|100/100
|turn|1
|
|t:|1758362239
|switch|p2a: Scizor|Scizor, F|100/100
|move|p1a: Walking Wake|Draco Meteor|p2a: Scizor
|-resisted|p2a: Scizor
|-damage|p2a: Scizor|39/100
|-unboost|p1a: Walking Wake|spa|2
|
|-heal|p2a: Scizor|46/100|[from] item: Leftovers
|upkeep
|turn|2
|
|t:|1758362249
|-end|p1a: Walking Wake|Protosynthesis|[silent]
|switch|p1a: Torkoal|Torkoal, F|100/100
|-weather|SunnyDay|[from] ability: Drought|[of] p1a: Torkoal
|move|p2a: Scizor|Knock Off|p1a: Torkoal
|-damage|p1a: Torkoal|70/100
|-enditem|p1a: Torkoal|Heat Rock|[from] move: Knock Off|[of] p2a: Scizor
|
|-weather|SunnyDay|[upkeep]
|-heal|p2a: Scizor|52/100|[from] item: Leftovers
|upkeep
|turn|3
|
|t:|1758362265
|switch|p2a: Heatran|Heatran, M|100/100
|move|p1a: Torkoal|Earth Power|p2a: Heatran
|-supereffective|p2a: Heatran
|-damage|p2a: Heatran|15/100
|
|-weather|SunnyDay|[upkeep]
|-heal|p2a: Heatran|21/100|[from] item: Leftovers
|upkeep
|turn|4
|
|t:|1758362272
|switch|p1a: Cresselia|Cresselia, F|100/100
|move|p2a: Heatran|Dark Pulse|p1a: Cresselia
|-supereffective|p1a: Cresselia
|-damage|p1a: Cresselia|70/100
|
|-weather|SunnyDay|[upkeep]
|-heal|p2a: Heatran|27/100|[from] item: Leftovers
|upkeep
|turn|5
|
|t:|1758362279
|move|p2a: Heatran|Dark Pulse|p1a: Cresselia
|-supereffective|p1a: Cresselia
|-damage|p1a: Cresselia|39/100
|move|p1a: Cresselia|Trick Room|p1a: Cresselia
|-fieldstart|move: Trick Room|[of] p1a: Cresselia
|
|-weather|SunnyDay|[upkeep]
|-heal|p2a: Heatran|33/100|[from] item: Leftovers
|upkeep
|turn|6
|
|t:|1758362284
|switch|p1a: Ursaluna|Ursaluna, F|100/100
|move|p2a: Heatran|Iron Defense|p2a: Heatran
|-boost|p2a: Heatran|def|2
|
|-weather|SunnyDay|[upkeep]
|-heal|p2a: Heatran|39/100|[from] item: Leftovers
|-status|p1a: Ursaluna|brn|[from] item: Flame Orb
|upkeep
|turn|7
|
|t:|1758362297
|switch|p2a: Rillaboom|Rillaboom, F|100/100
|-fieldstart|move: Grassy Terrain|[from] ability: Grassy Surge|[of] p2a: Rillaboom
|move|p1a: Ursaluna|Headlong Rush|p2a: Rillaboom
|-resisted|p2a: Rillaboom
|-damage|p2a: Rillaboom|52/100
|-unboost|p1a: Ursaluna|def|1
|-unboost|p1a: Ursaluna|spd|1
|
|-weather|SunnyDay|[upkeep]
|-heal|p2a: Rillaboom|58/100|[from] Grassy Terrain
|-damage|p1a: Ursaluna|94/100 brn|[from] brn
|upkeep
|turn|8
|
|t:|1758362307
|switch|p2a: Heatran|Heatran, M|39/100
|move|p1a: Ursaluna|Fire Punch|p2a: Heatran
|-start|p2a: Heatran|ability: Flash Fire
|
|-weather|SunnyDay|[upkeep]
|-heal|p1a: Ursaluna|100/100 brn|[from] Grassy Terrain
|-heal|p2a: Heatran|45/100|[from] Grassy Terrain
|-heal|p2a: Heatran|51/100|[from] item: Leftovers
|-damage|p1a: Ursaluna|94/100 brn|[from] brn
|upkeep
|turn|9
|
|t:|1758362321
|move|p1a: Ursaluna|Headlong Rush|p2a: Heatran
|-supereffective|p2a: Heatran
|-crit|p2a: Heatran
|-damage|p2a: Heatran|0 fnt
|-unboost|p1a: Ursaluna|def|1
|-unboost|p1a: Ursaluna|spd|1
|faint|p2a: Heatran
|
|-weather|none
|-heal|p1a: Ursaluna|100/100 brn|[from] Grassy Terrain
|-damage|p1a: Ursaluna|94/100 brn|[from] brn
|-fieldend|move: Trick Room
|upkeep
|
|t:|1758362330
|switch|p2a: Ogerpon|Ogerpon-Wellspring, F|100/100
|turn|10
|
|t:|1758362334
|switch|p1a: Torkoal|Torkoal, F|70/100
|-weather|SunnyDay|[from] ability: Drought|[of] p1a: Torkoal
|move|p2a: Ogerpon|Ivy Cudgel|p1a: Torkoal|[anim] Ivy Cudgel Water
|-supereffective|p1a: Torkoal
|-damage|p1a: Torkoal|22/100
|
|-weather|SunnyDay|[upkeep]
|-heal|p1a: Torkoal|29/100|[from] Grassy Terrain
|upkeep
|turn|11
|
|t:|1758362350
|switch|p1a: Walking Wake|Walking Wake|100/100
|-activate|p1a: Walking Wake|ability: Protosynthesis
|-start|p1a: Walking Wake|protosynthesisspe
|move|p2a: Ogerpon|Ivy Cudgel|p1a: Walking Wake|[anim] Ivy Cudgel Water
|-resisted|p1a: Walking Wake
|-crit|p1a: Walking Wake
|-damage|p1a: Walking Wake|88/100
|
|-weather|SunnyDay|[upkeep]
|-heal|p1a: Walking Wake|94/100|[from] Grassy Terrain
|upkeep
|turn|12
|
|t:|1758362370
|-terastallize|p2a: Ogerpon|Water
|detailschange|p2a: Ogerpon|Ogerpon-Wellspring-Tera, F, tera:Water
|-ability|p2a: Ogerpon|Embody Aspect (Wellspring)|boost
|-boost|p2a: Ogerpon|spd|1
|move|p1a: Walking Wake|Draco Meteor|p2a: Ogerpon
|-damage|p2a: Ogerpon|28/100
|-unboost|p1a: Walking Wake|spa|2
|move|p2a: Ogerpon|Play Rough|p1a: Walking Wake
|-supereffective|p1a: Walking Wake
|-damage|p1a: Walking Wake|3/100
|
|-weather|SunnyDay|[upkeep]
|-heal|p1a: Walking Wake|9/100|[from] Grassy Terrain
|-heal|p2a: Ogerpon|34/100|[from] Grassy Terrain
|upkeep
|turn|13
|
|t:|1758362383
|move|p2a: Ogerpon|Grassy Glide|p1a: Walking Wake
|-crit|p1a: Walking Wake
|-damage|p1a: Walking Wake|0 fnt
|faint|p1a: Walking Wake
|-end|p1a: Walking Wake|Protosynthesis|[silent]
|
|-weather|SunnyDay|[upkeep]
|-heal|p2a: Ogerpon|40/100|[from] Grassy Terrain
|upkeep
|
|t:|1758362402
|switch|p1a: Hatterene|Hatterene, F|100/100
|turn|14
|
|t:|1758362409
|switch|p2a: Scizor|Scizor, F|52/100
|move|p1a: Hatterene|Trick Room|p1a: Hatterene
|-fieldstart|move: Trick Room|[of] p1a: Hatterene
|
|-weather|none
|-heal|p2a: Scizor|58/100|[from] Grassy Terrain
|-heal|p2a: Scizor|64/100|[from] item: Leftovers
|-fieldend|move: Grassy Terrain
|upkeep
|turn|15
|
|t:|1758362412
|move|p2a: Scizor|Bullet Punch|p1a: Hatterene
|-supereffective|p1a: Hatterene
|-damage|p1a: Hatterene|45/100
|move|p1a: Hatterene|Mystical Fire|p2a: Scizor
|-supereffective|p2a: Scizor
|-damage|p2a: Scizor|0 fnt
|faint|p2a: Scizor
|
|upkeep
|
|t:|1758362415
|switch|p2a: Rillaboom|Rillaboom, F|58/100
|-fieldstart|move: Grassy Terrain|[from] ability: Grassy Surge|[of] p2a: Rillaboom
|turn|16
|
|t:|1758362423
|move|p2a: Rillaboom|Grassy Glide|p1a: Hatterene
|-damage|p1a: Hatterene|12/100
|move|p1a: Hatterene|Healing Wish|p1a: Hatterene
|faint|p1a: Hatterene
|
|-heal|p2a: Rillaboom|64/100|[from] Grassy Terrain
|upkeep
|
|t:|1758362435
|switch|p1a: Enamorus|Enamorus-Therian, F|100/100
|turn|17
|
|t:|1758362442
|move|p1a: Enamorus|Mystical Fire|p2a: Rillaboom
|-supereffective|p2a: Rillaboom
|-damage|p2a: Rillaboom|0 fnt
|faint|p2a: Rillaboom
|-damage|p1a: Enamorus|91/100|[from] item: Life Orb
|
|upkeep
|
|t:|1758362445
|switch|p2a: Kyurem|Kyurem|100/100
|-ability|p2a: Kyurem|Pressure
|turn|18
|
|t:|1758362451
|move|p1a: Enamorus|Moonblast|p2a: Kyurem
|-supereffective|p2a: Kyurem
|-damage|p2a: Kyurem|0 fnt
|faint|p2a: Kyurem
|-damage|p1a: Enamorus|81/100|[from] item: Life Orb
|
|-fieldend|move: Trick Room
|upkeep
|
|t:|1758362459
|switch|p2a: Ogerpon|Ogerpon-Wellspring-Tera, F, tera:Water|40/100
|-ability|p2a: Ogerpon|Embody Aspect (Wellspring)|boost
|-boost|p2a: Ogerpon|spd|1
|turn|19
|
|t:|1758362463
|switch|p1a: Torkoal|Torkoal, F|29/100
|-heal|p1a: Torkoal|100/100|[from] move: Healing Wish
|-weather|SunnyDay|[from] ability: Drought|[of] p1a: Torkoal
|move|p2a: Ogerpon|Ivy Cudgel|p1a: Torkoal|[anim] Ivy Cudgel Water
|-supereffective|p1a: Torkoal
|-damage|p1a: Torkoal|30/100
|
|-weather|SunnyDay|[upkeep]
|-heal|p2a: Ogerpon|46/100|[from] Grassy Terrain
|-heal|p1a: Torkoal|36/100|[from] Grassy Terrain
|upkeep
|turn|20
|
|t:|1758362472
|move|p2a: Ogerpon|Ivy Cudgel|p1a: Torkoal|[anim] Ivy Cudgel Water
|-supereffective|p1a: Torkoal
|-damage|p1a: Torkoal|0 fnt
|faint|p1a: Torkoal
|
|-weather|SunnyDay|[upkeep]
|-heal|p2a: Ogerpon|52/100|[from] Grassy Terrain
|upkeep
|
|t:|1758362474
|switch|p1a: Enamorus|Enamorus-Therian, F|81/100
|turn|21
|
|t:|1758362493
|-terastallize|p1a: Enamorus|Water
|move|p2a: Ogerpon|Ivy Cudgel|p1a: Enamorus|[anim] Ivy Cudgel Water
|-resisted|p1a: Enamorus
|-damage|p1a: Enamorus|61/100
|move|p1a: Enamorus|Tailwind|p1a: Enamorus
|-sidestart|p1: sadoli|move: Tailwind
|
|-weather|SunnyDay|[upkeep]
|-heal|p2a: Ogerpon|58/100|[from] Grassy Terrain
|-heal|p1a: Enamorus|67/100|[from] Grassy Terrain
|upkeep
|turn|22
|
|t:|1758362503
|move|p2a: Ogerpon|Grassy Glide|p1a: Enamorus
|-supereffective|p1a: Enamorus
|-damage|p1a: Enamorus|0 fnt
|faint|p1a: Enamorus
|
|-weather|SunnyDay|[upkeep]
|-heal|p2a: Ogerpon|64/100|[from] Grassy Terrain
|upkeep
|
|t:|1758362509
|switch|p1a: Ursaluna|Ursaluna, F|94/100 brn
|turn|23
|
|t:|1758362528
|move|p2a: Ogerpon|Grassy Glide|p1a: Ursaluna
|-supereffective|p1a: Ursaluna
|-damage|p1a: Ursaluna|24/100 brn
|move|p1a: Ursaluna|Facade|p2a: Ogerpon
|-damage|p2a: Ogerpon|0 fnt
|faint|p2a: Ogerpon
|detailschange|p2: Ogerpon|Ogerpon-Wellspring, F|[silent]
|
|-weather|none
|-heal|p1a: Ursaluna|31/100 brn|[from] Grassy Terrain
|-damage|p1a: Ursaluna|24/100 brn|[from] brn
|-fieldend|move: Grassy Terrain
|upkeep
|
|t:|1758362531
|switch|p2a: Great Tusk|Great Tusk|100/100
|turn|24
|
|t:|1758362536
|move|p1a: Ursaluna|Facade|p2a: Great Tusk
|-damage|p2a: Great Tusk|8/100
|move|p2a: Great Tusk|Ice Spinner|p1a: Ursaluna
|-supereffective|p1a: Ursaluna
|-damage|p1a: Ursaluna|0 fnt
|faint|p1a: Ursaluna
|
|-sideend|p1: sadoli|move: Tailwind
|upkeep
|
|t:|1758362542
|switch|p1a: Cresselia|Cresselia, F|39/100
|turn|25
|
|t:|1758362545
|move|p2a: Great Tusk|Close Combat|p1a: Cresselia
|-resisted|p1a: Cresselia
|-damage|p1a: Cresselia|20/100
|-unboost|p2a: Great Tusk|def|1
|-unboost|p2a: Great Tusk|spd|1
|move|p1a: Cresselia|Ice Beam|p2a: Great Tusk
|-supereffective|p2a: Great Tusk
|-damage|p2a: Great Tusk|0 fnt
|faint|p2a: Great Tusk
|-end|p2a: Great Tusk|Protosynthesis|[silent]
|
|win|sadoli
|raw|sadoli's rating: 1398 &rarr; <strong>1419</strong><br />(+21 for winning)
|raw|scarfwake's rating: 1424 &rarr; <strong>1403</strong><br />(-21 for losing)
|l|☆scarfwake
|player|p2|
|l|☆sadoli
|player|p1|
