|j|☆sollyman
|j|☆marisa_fumo_gaming
|t:|1758327902
|gametype|singles
|player|p1|sollyman|169|1395
|player|p2|marisa_fumo_gaming|1|1337
|gen|9
|tier|[Gen 9] OU
|rated|
|rule|HP Percentage Mod: HP is shown in percentages
|rule|Endless Battle Clause: Forcing endless battles is banned
|rule|Species Clause: Limit one of each Pokémon
|rule|OHKO Clause: OHKO moves are banned
|rule|Evasion Items Clause: Evasion items are banned
|rule|Evasion Moves Clause: Evasion moves are banned
|rule|Evasion Abilities Clause: Evasion abilities are banned
|rule|Sleep Moves Clause: Sleep-inducing moves are banned
|clearpoke
|poke|p1|Clefable, F|
|poke|p1|Pecharunt|
|poke|p1|Zamazenta-*|
|poke|p1|Landorus-Therian, M|
|poke|p1|Scizor, M|
|poke|p1|Moltres|
|poke|p2|Electivire, M|
|poke|p2|Dragapult, F|
|poke|p2|Scizor, F|
|poke|p2|Ogerpon-Wellspring, F|
|poke|p2|Enamorus, F|
|poke|p2|Cinderace, F|
|teampreview
|
|t:|1758327917
|teamsize|p1|6
|teamsize|p2|6
|start
|switch|p1a: Scizor|Scizor, M|100/100
|switch|p2a: Dragapult|Dragapult, F|100/100
|turn|1
|
|t:|1758327924
|move|p2a: Dragapult|Will-O-Wisp|p1a: Scizor
|-status|p1a: Scizor|brn
|move|p1a: Scizor|Knock Off|p2a: Dragapult
|-supereffective|p2a: Dragapult
|-damage|p2a: Dragapult|48/100
|-enditem|p2a: Dragapult|Choice Specs|[from] move: Knock Off|[of] p1a: Scizor
|
|-damage|p1a: Scizor|94/100 brn|[from] brn
|upkeep
|turn|2
|inactive|Battle timer is ON: inactive players will automatically lose when time's up. (requested by sollyman)
|
|t:|1758327933
|move|p2a: Dragapult|Shadow Ball|p1a: Scizor
|-damage|p1a: Scizor|52/100 brn
|-unboost|p1a: Scizor|spd|1
|move|p1a: Scizor|Knock Off|p2a: Dragapult
|-supereffective|p2a: Dragapult
|-damage|p2a: Dragapult|12/100
|
|-damage|p1a: Scizor|46/100 brn|[from] brn
|upkeep
|-enditem|p1a: Scizor|Sitrus Berry|[eat]
|-heal|p1a: Scizor|71/100 brn|[from] item: Sitrus Berry
|turn|3
|
|t:|1758327943
|move|p1a: Scizor|Bullet Punch|p2a: Dragapult
|-damage|p2a: Dragapult|0 fnt
|faint|p2a: Dragapult
|
|-damage|p1a: Scizor|65/100 brn|[from] brn
|upkeep
|
|t:|1758327946
|switch|p2a: Cinderace|Cinderace, F|100/100
|turn|4
|
|t:|1758327950
|switch|p1a: Pecharunt|Pecharunt|100/100
|move|p2a: Cinderace|Pyro Ball|p1a: Pecharunt
|-damage|p1a: Pecharunt|75/100
|
|upkeep
|turn|5
|
|t:|1758327955
|move|p2a: Cinderace|Sucker Punch||[still]
|-fail|p2a: Cinderace
|move|p1a: Pecharunt|Parting Shot|p2a: Cinderace
|-unboost|p2a: Cinderace|atk|1
|-unboost|p2a: Cinderace|spa|1
|
|t:|1758327959
|switch|p1a: Landorus|Landorus-Therian, M|100/100|[from] Parting Shot
|-ability|p1a: Landorus|Intimidate|boost
|-unboost|p2a: Cinderace|atk|1
|
|upkeep
|turn|6
|
|t:|1758327962
|move|p2a: Cinderace|U-turn|p1a: Landorus
|-start|p2a: Cinderace|typechange|Bug|[from] ability: Libero
|-resisted|p1a: Landorus
|-damage|p1a: Landorus|91/100
|
|t:|1758327963
|switch|p2a: Enamorus|Enamorus, F|100/100|[from] U-turn
|move|p1a: Landorus|U-turn|p2a: Enamorus
|-resisted|p2a: Enamorus
|-damage|p2a: Enamorus|89/100
|
|t:|1758327967
|switch|p1a: Moltres|Moltres|100/100|[from] U-turn
|
|upkeep
|turn|7
|
|t:|1758327973
|-terastallize|p2a: Enamorus|Stellar
|move|p2a: Enamorus|Tera Blast|p1a: Moltres|[anim] Tera Blast Stellar
|-damage|p1a: Moltres|55/100
|-boost|p2a: Enamorus|atk|1
|-boost|p2a: Enamorus|spa|1
|move|p1a: Moltres|Flamethrower|p2a: Enamorus
|-damage|p2a: Enamorus|17/100
|
|upkeep
|turn|8
|
|t:|1758327980
|move|p2a: Enamorus|Tera Blast|p1a: Moltres|[anim] Tera Blast Stellar
|-damage|p1a: Moltres|0 fnt
|-boost|p2a: Enamorus|atk|1
|-boost|p2a: Enamorus|spa|1
|faint|p1a: Moltres
|
|upkeep
|
|t:|1758327993
|switch|p1a: Scizor|Scizor, M|65/100 brn
|turn|9
|
|t:|1758327995
|switch|p2a: Cinderace|Cinderace, F|100/100
|move|p1a: Scizor|Bullet Punch|p2a: Cinderace
|-resisted|p2a: Cinderace
|-damage|p2a: Cinderace|88/100
|
|-damage|p1a: Scizor|59/100 brn|[from] brn
|upkeep
|turn|10
|
|t:|1758327999
|move|p2a: Cinderace|Pyro Ball|p1a: Scizor
|-supereffective|p1a: Scizor
|-damage|p1a: Scizor|0 fnt
|faint|p1a: Scizor
|
|upkeep
|
|t:|1758328002
|switch|p1a: Landorus|Landorus-Therian, M|91/100
|-ability|p1a: Landorus|Intimidate|boost
|-unboost|p2a: Cinderace|atk|1
|turn|11
|
|t:|1758328006
|move|p2a: Cinderace|U-turn|p1a: Landorus
|-start|p2a: Cinderace|typechange|Bug|[from] ability: Libero
|-resisted|p1a: Landorus
|-damage|p1a: Landorus|79/100
|
|t:|1758328007
|switch|p2a: Scizor|Scizor, F|100/100|[from] U-turn
|move|p1a: Landorus|Stealth Rock|p2a: Scizor
|-sidestart|p2: marisa_fumo_gaming|move: Stealth Rock
|
|-heal|p1a: Landorus|85/100|[from] item: Leftovers
|upkeep
|turn|12
|
|t:|1758328013
|move|p1a: Landorus|U-turn|p2a: Scizor
|-resisted|p2a: Scizor
|-damage|p2a: Scizor|86/100
|
|t:|1758328017
|switch|p1a: Zamazenta|Zamazenta|100/100|[from] U-turn
|-ability|p1a: Zamazenta|Dauntless Shield|boost
|-boost|p1a: Zamazenta|def|1
|move|p2a: Scizor|Dual Wingbeat|p1a: Zamazenta|[miss]
|-miss|p2a: Scizor|p1a: Zamazenta
|
|upkeep
|turn|13
|
|t:|1758328019
|move|p1a: Zamazenta|Iron Defense|p1a: Zamazenta
|-boost|p1a: Zamazenta|def|2
|move|p2a: Scizor|Dual Wingbeat|p1a: Zamazenta
|-supereffective|p1a: Zamazenta
|-damage|p1a: Zamazenta|76/100
|-supereffective|p1a: Zamazenta
|-damage|p1a: Zamazenta|52/100
|-hitcount|p1a: Zamazenta|2
|
|-heal|p1a: Zamazenta|58/100|[from] item: Leftovers
|upkeep
|turn|14
|
|t:|1758328025
|-terastallize|p1a: Zamazenta|Fire
|move|p1a: Zamazenta|Iron Defense|p1a: Zamazenta
|-boost|p1a: Zamazenta|def|2
|move|p2a: Scizor|Dual Wingbeat|p1a: Zamazenta
|-crit|p1a: Zamazenta
|-damage|p1a: Zamazenta|12/100
|-damage|p1a: Zamazenta|3/100
|-hitcount|p1a: Zamazenta|2
|
|-heal|p1a: Zamazenta|9/100|[from] item: Leftovers
|upkeep
|turn|15
|
|t:|1758328029
|switch|p2a: Electivire|Electivire, M|100/100
|move|p1a: Zamazenta|Body Press|p2a: Electivire
|-damage|p2a: Electivire|0 fnt
|faint|p2a: Electivire
|
|-heal|p1a: Zamazenta|16/100|[from] item: Leftovers
|upkeep
|
|t:|1758328044
|switch|p2a: Ogerpon|Ogerpon-Wellspring, F|100/100
|-damage|p2a: Ogerpon|88/100|[from] Stealth Rock
|turn|16
|
|t:|1758328049
|move|p1a: Zamazenta|Body Press|p2a: Ogerpon
|-damage|p2a: Ogerpon|0 fnt
|faint|p2a: Ogerpon
|
|-heal|p1a: Zamazenta|22/100|[from] item: Leftovers
|upkeep
|
|t:|1758328054
|switch|p2a: Scizor|Scizor, F|86/100
|-damage|p2a: Scizor|74/100|[from] Stealth Rock
|turn|17
|
|t:|1758328057
|move|p2a: Scizor|Bullet Punch|p1a: Zamazenta
|-resisted|p1a: Zamazenta
|-damage|p1a: Zamazenta|15/100
|move|p1a: Zamazenta|Body Press|p2a: Scizor
|-damage|p2a: Scizor|0 fnt
|faint|p2a: Scizor
|
|-heal|p1a: Zamazenta|21/100|[from] item: Leftovers
|upkeep
|
|t:|1758328059
|switch|p2a: Enamorus|Enamorus, F, tera:Stellar|17/100
|-damage|p2a: Enamorus|0 fnt|[from] Stealth Rock
|faint|p2a: Enamorus
|
|t:|1758328060
|switch|p2a: Cinderace|Cinderace, F|88/100
|turn|18
|
|t:|1758328064
|move|p2a: Cinderace|Sucker Punch|p1a: Zamazenta
|-start|p2a: Cinderace|typechange|Dark|[from] ability: Libero
|-damage|p1a: Zamazenta|13/100
|move|p1a: Zamazenta|Body Press|p2a: Cinderace
|-supereffective|p2a: Cinderace
|-damage|p2a: Cinderace|0 fnt
|faint|p2a: Cinderace
|
|win|sollyman
|raw|sollyman's rating: 1395 &rarr; <strong>1412</strong><br />(+17 for winning)
|raw|marisa_fumo_gaming's rating: 1337 &rarr; <strong>1320</strong><br />(-17 for losing)
|l|☆marisa_fumo_gaming
|player|p2|
|l|☆sollyman
|player|p1|
