|j|☆Cdb1z
|j|☆Avl2121
|t:|1758302801
|gametype|singles
|player|p1|Cdb1z|170|1235
|player|p2|Avl2121|dragontamer|1214
|gen|9
|tier|[Gen 9] OU
|rated|
|rule|HP Percentage Mod: HP is shown in percentages
|rule|Endless Battle Clause: Forcing endless battles is banned
|rule|Species Clause: Limit one of each Pokémon
|rule|OHKO Clause: OHKO moves are banned
|rule|Evasion Items Clause: Evasion items are banned
|rule|Evasion Moves Clause: Evasion moves are banned
|rule|Evasion Abilities Clause: Evasion abilities are banned
|rule|Sleep Moves Clause: Sleep-inducing moves are banned
|clearpoke
|poke|p1|Cinccino, F|
|poke|p1|Hitmonlee, M|
|poke|p1|Grimmsnarl, M|
|poke|p1|Empoleon, M|
|poke|p1|Garchomp, F|
|poke|p1|Magnezone|
|poke|p2|Sinistcha-Masterpiece|
|poke|p2|Blaziken, F|
|poke|p2|Garganacl, M|
|poke|p2|Garchomp, F|
|poke|p2|Dragapult, F|
|poke|p2|Morpeko, M|
|teampreview
|inactive|Battle timer is ON: inactive players will automatically lose when time's up. (requested by Avl2121)
|
|t:|1758302813
|teamsize|p1|6
|teamsize|p2|6
|start
|switch|p1a: Grimmsnarl|Grimmsnarl, M|100/100
|switch|p2a: Morpeko|Morpeko, M|100/100
|turn|1
|
|t:|1758302818
|move|p2a: Morpeko|Taunt|p1a: Grimmsnarl
|-start|p1a: Grimmsnarl|move: Taunt
|move|p1a: Grimmsnarl|Spirit Break|p2a: Morpeko
|-supereffective|p2a: Morpeko
|-damage|p2a: Morpeko|0 fnt
|faint|p2a: Morpeko
|
|upkeep
|
|t:|1758302828
|switch|p2a: Something|Garchomp, F|100/100
|turn|2
|
|t:|1758302841
|-terastallize|p2a: Something|Electric
|move|p2a: Something|Swords Dance|p2a: Something
|-boost|p2a: Something|atk|2
|move|p1a: Grimmsnarl|Play Rough|p2a: Something
|-damage|p2a: Something|55/100
|-damage|p1a: Grimmsnarl|88/100|[from] ability: Rough Skin|[of] p2a: Something
|
|-heal|p2a: Something|61/100|[from] item: Leftovers
|upkeep
|turn|3
|
|t:|1758302848
|move|p2a: Something|Earthquake|p1a: Grimmsnarl
|-damage|p1a: Grimmsnarl|0 fnt
|faint|p1a: Grimmsnarl
|
|-heal|p2a: Something|68/100|[from] item: Leftovers
|upkeep
|
|t:|1758302857
|switch|p1a: Cinccino|Cinccino, F|100/100
|turn|4
|
|t:|1758302863
|move|p1a: Cinccino|Rock Blast|p2a: Something|[miss]
|-miss|p1a: Cinccino|p2a: Something
|move|p2a: Something|Scale Shot|p1a: Cinccino
|-damage|p1a: Cinccino|50/100
|-damage|p1a: Cinccino|5/100
|-hitcount|p1a: Cinccino|2
|-unboost|p2a: Something|def|1
|-boost|p2a: Something|spe|1
|
|-heal|p2a: Something|74/100|[from] item: Leftovers
|upkeep
|turn|5
|
|t:|1758302878
|move|p2a: Something|Earthquake|p1a: Cinccino
|-damage|p1a: Cinccino|0 fnt
|faint|p1a: Cinccino
|
|-heal|p2a: Something|80/100|[from] item: Leftovers
|upkeep
|
|t:|1758302882
|switch|p1a: Empoleon|Empoleon, M|100/100
|turn|6
|
|t:|1758302889
|-terastallize|p1a: Empoleon|Water
|move|p2a: Something|Tera Blast|p1a: Empoleon|[anim] Tera Blast Electric
|-supereffective|p1a: Empoleon
|-damage|p1a: Empoleon|0 fnt
|faint|p1a: Empoleon
|
|-heal|p2a: Something|86/100|[from] item: Leftovers
|upkeep
|l|☆Cdb1z
|inactive|Cdb1z disconnected and has a minute to reconnect!
|player|p1|
|inactive|Cdb1z has 30 seconds to reconnect!
|inactive|Cdb1z has 20 seconds to reconnect!
|inactive|Cdb1z has 15 seconds to reconnect!
|inactive|Cdb1z has 10 seconds to reconnect!
|inactive|Cdb1z has 5 seconds to reconnect!
|-message|Cdb1z lost due to inactivity.
|
|win|Avl2121
|raw|Cdb1z's rating: 1235 &rarr; <strong>1208</strong><br />(-27 for losing)
|raw|Avl2121's rating: 1214 &rarr; <strong>1241</strong><br />(+27 for winning)
|l|☆Avl2121
|player|p2|
