|j|☆ZenSougo
|j|☆LousiV
|t:|1758362640
|gametype|singles
|player|p1|ZenSougo|miku-ghost|1251
|player|p2|LousiV|102|1254
|gen|9
|tier|[Gen 9] OU
|rated|
|rule|HP Percentage Mod: HP is shown in percentages
|rule|Endless Battle Clause: Forcing endless battles is banned
|rule|Species Clause: Limit one of each Pokémon
|rule|OHKO Clause: OHKO moves are banned
|rule|Evasion Items Clause: Evasion items are banned
|rule|Evasion Moves Clause: Evasion moves are banned
|rule|Evasion Abilities Clause: Evasion abilities are banned
|rule|Sleep Moves Clause: Sleep-inducing moves are banned
|clearpoke
|poke|p1|Pikachu-World, M|
|poke|p1|Araquanid, F|
|poke|p1|Weezing-Galar, M|
|poke|p1|Ceruledge, M|
|poke|p1|Meowscarada, F|
|poke|p1|Iron Treads|
|poke|p2|Cetitan, F|
|poke|p2|Azumarill, M|
|poke|p2|Abomasnow, F|
|poke|p2|Slowking, M|
|poke|p2|Sandy Shocks|
|poke|p2|Dragonite, F|
|teampreview
|inactive|Battle timer is ON: inactive players will automatically lose when time's up. (requested by LousiV)
|
|t:|1758362653
|teamsize|p1|6
|teamsize|p2|6
|start
|switch|p1a: Araquanid|Araquanid, F|100/100
|switch|p2a: Sandy Shocks|Sandy Shocks|100/100
|turn|1
|
|t:|1758362656
|move|p2a: Sandy Shocks|Volt Switch|p1a: Araquanid
|-supereffective|p1a: Araquanid
|-damage|p1a: Araquanid|28/100
|
|t:|1758362663
|-end|p2a: Sandy Shocks|Protosynthesis|[silent]
|switch|p2a: Cetitan|Cetitan, F|100/100|[from] Volt Switch
|move|p1a: Araquanid|Sticky Web|p2a: Cetitan
|-sidestart|p2: LousiV|move: Sticky Web
|
|upkeep
|turn|2
|
|t:|1758362675
|move|p1a: Araquanid|Endure|p1a: Araquanid
|-singleturn|p1a: Araquanid|move: Endure
|move|p2a: Cetitan|Play Rough|p1a: Araquanid
|-activate|p1a: Araquanid|move: Endure
|-damage|p1a: Araquanid|1/100
|
|upkeep
|turn|3
|-enditem|p1a: Araquanid|Custap Berry|[eat]
|-activate|p1a: Araquanid|item: Custap Berry|[consumed]
|
|t:|1758362681
|move|p2a: Cetitan|Ice Shard|p1a: Araquanid
|-resisted|p1a: Araquanid
|-damage|p1a: Araquanid|0 fnt
|faint|p1a: Araquanid
|-damage|p2a: Cetitan|91/100|[from] item: Life Orb
|
|upkeep
|
|t:|1758362704
|switch|p1a: Ceruledge|Ceruledge, M|100/100
|turn|4
|
|t:|1758362710
|move|p1a: Ceruledge|Swords Dance|p1a: Ceruledge
|-boost|p1a: Ceruledge|atk|2
|move|p2a: Cetitan|Liquidation|p1a: Ceruledge
|-supereffective|p1a: Ceruledge
|-enditem|p1a: Ceruledge|Focus Sash
|-damage|p1a: Ceruledge|1/100
|-ability|p1a: Ceruledge|Weak Armor|boost
|-unboost|p1a: Ceruledge|def|1
|-boost|p1a: Ceruledge|spe|2
|
|upkeep
|turn|5
|
|t:|1758362716
|move|p2a: Cetitan|Ice Shard|p1a: Ceruledge
|-resisted|p1a: Ceruledge
|-damage|p1a: Ceruledge|0 fnt
|faint|p1a: Ceruledge
|-damage|p2a: Cetitan|81/100|[from] item: Life Orb
|
|upkeep
|
|t:|1758362724
|switch|p1a: Meowscarada|Meowscarada, F|100/100
|turn|6
|
|t:|1758362731
|move|p1a: Meowscarada|Thunder Punch|p2a: Cetitan
|-start|p1a: Meowscarada|typechange|Electric|[from] ability: Protean
|-damage|p2a: Cetitan|33/100
|move|p2a: Cetitan|Icicle Crash|p1a: Meowscarada
|-damage|p1a: Meowscarada|0 fnt
|faint|p1a: Meowscarada
|
|upkeep
|
|t:|1758362744
|switch|p1a: Iron Treads|Iron Treads|100/100
|turn|7
|
|t:|1758362749
|move|p1a: Iron Treads|Heavy Slam|p2a: Cetitan
|-supereffective|p2a: Cetitan
|-damage|p2a: Cetitan|0 fnt
|faint|p2a: Cetitan
|
|upkeep
|
|t:|1758362754
|switch|p2a: Azumarill|Azumarill, M|100/100
|-activate|p2a: Azumarill|move: Sticky Web
|-unboost|p2a: Azumarill|spe|1
|turn|8
|
|t:|1758362763
|move|p1a: Iron Treads|Heavy Slam|p2a: Azumarill
|-damage|p2a: Azumarill|43/100
|move|p2a: Azumarill|Liquidation|p1a: Iron Treads
|-supereffective|p1a: Iron Treads
|-damage|p1a: Iron Treads|1/100
|
|-heal|p1a: Iron Treads|8/100|[from] item: Leftovers
|upkeep
|turn|9
|
|t:|1758362772
|move|p2a: Azumarill|Aqua Jet|p1a: Iron Treads
|-supereffective|p1a: Iron Treads
|-damage|p1a: Iron Treads|0 fnt
|faint|p1a: Iron Treads
|-end|p1a: Iron Treads|Quark Drive|[silent]
|
|upkeep
|
|t:|1758362778
|switch|p1a: Pikachu|Pikachu-World, M|100/100
|turn|10
|
|t:|1758362784
|move|p2a: Azumarill|Aqua Jet|p1a: Pikachu
|-damage|p1a: Pikachu|13/100
|move|p1a: Pikachu|Nasty Plot|p1a: Pikachu
|-boost|p1a: Pikachu|spa|2
|
|upkeep
|turn|11
|
|t:|1758362788
|move|p1a: Pikachu|Quick Attack|p2a: Azumarill
|-damage|p2a: Azumarill|32/100
|move|p2a: Azumarill|Aqua Jet|p1a: Pikachu
|-damage|p1a: Pikachu|0 fnt
|faint|p1a: Pikachu
|
|upkeep
|
|t:|1758362793
|switch|p1a: Weezing|Weezing-Galar, M|100/100
|turn|12
|-message|ZenSougo forfeited.
|
|win|LousiV
|raw|ZenSougo's rating: 1251 &rarr; <strong>1226</strong><br />(-25 for losing)
|raw|LousiV's rating: 1254 &rarr; <strong>1279</strong><br />(+25 for winning)
|l|☆ZenSougo
|player|p1|
|l|☆LousiV
|player|p2|
