|j|☆Jinghan Yu
|j|☆WDMYJM
|t:|1758351989
|gametype|singles
|player|p1|Jinghan Yu|nate|1202
|player|p2|WDMYJM|picnicker|1271
|gen|9
|tier|[Gen 9] OU
|rated|
|rule|HP Percentage Mod: HP is shown in percentages
|rule|Endless Battle Clause: Forcing endless battles is banned
|rule|Species Clause: Limit one of each Pokémon
|rule|OHKO Clause: OHKO moves are banned
|rule|Evasion Items Clause: Evasion items are banned
|rule|Evasion Moves Clause: Evasion moves are banned
|rule|Evasion Abilities Clause: Evasion abilities are banned
|rule|Sleep Moves Clause: Sleep-inducing moves are banned
|clearpoke
|poke|p1|Scizor, M|
|poke|p1|Ninetales, M|
|poke|p1|Garchomp, M|
|poke|p1|Gyarados, M|
|poke|p1|Typhlosion-Hisui, M|
|poke|p1|Leafeon, M|
|poke|p2|Dragapult, M|
|poke|p2|Blaziken, F|
|poke|p2|Iron Valiant|
|poke|p2|Maushold-Four|
|poke|p2|Greninja-*, M|
|poke|p2|Zamazenta-*|
|teampreview
|
|t:|1758352006
|teamsize|p1|6
|teamsize|p2|6
|start
|switch|p1a: Waite|Ninetales, M|100/100
|switch|p2a: Blaziken|Blaziken, F|100/100
|-weather|SunnyDay|[from] ability: Drought|[of] p1a: Waite
|turn|1
|
|t:|1758352012
|move|p1a: Waite|Encore||[still]
|-fail|p1a: Waite
|move|p2a: Blaziken|Swords Dance|p2a: Blaziken
|-boost|p2a: Blaziken|atk|2
|
|-weather|SunnyDay|[upkeep]
|-ability|p2a: Blaziken|Speed Boost|boost
|-boost|p2a: Blaziken|spe|1
|upkeep
|turn|2
|
|t:|1758352021
|switch|p1a: Osten|Gyarados, M, shiny|100/100
|-ability|p1a: Osten|Intimidate|boost
|-unboost|p2a: Blaziken|atk|1
|-terastallize|p2a: Blaziken|Fire
|move|p2a: Blaziken|Blaze Kick|p1a: Osten
|-resisted|p1a: Osten
|-damage|p1a: Osten|14/100
|
|-weather|SunnyDay|[upkeep]
|-heal|p1a: Osten|20/100|[from] item: Leftovers
|-ability|p2a: Blaziken|Speed Boost|boost
|-boost|p2a: Blaziken|spe|1
|upkeep
|turn|3
|
|t:|1758352030
|move|p2a: Blaziken|Swords Dance|p2a: Blaziken
|-boost|p2a: Blaziken|atk|2
|move|p1a: Osten|Waterfall|p2a: Blaziken
|-supereffective|p2a: Blaziken
|-damage|p2a: Blaziken|30/100
|
|-weather|SunnyDay|[upkeep]
|-heal|p1a: Osten|26/100|[from] item: Leftovers
|-ability|p2a: Blaziken|Speed Boost|boost
|-boost|p2a: Blaziken|spe|1
|upkeep
|turn|4
|
|t:|1758352035
|move|p2a: Blaziken|Close Combat|p1a: Osten
|-resisted|p1a: Osten
|-damage|p1a: Osten|0 fnt
|-unboost|p2a: Blaziken|def|1
|-unboost|p2a: Blaziken|spd|1
|faint|p1a: Osten
|
|-weather|SunnyDay|[upkeep]
|-ability|p2a: Blaziken|Speed Boost|boost
|-boost|p2a: Blaziken|spe|1
|upkeep
|
|t:|1758352037
|switch|p1a: Boden|Scizor, M, shiny|100/100
|turn|5
|
|t:|1758352049
|move|p2a: Blaziken|Upper Hand|p1a: Boden
|-damage|p1a: Boden|8/100
|cant|p1a: Boden|flinch
|
|-weather|SunnyDay|[upkeep]
|-ability|p2a: Blaziken|Speed Boost|boost
|-boost|p2a: Blaziken|spe|1
|upkeep
|turn|6
|
|t:|1758352053
|move|p2a: Blaziken|Upper Hand||[still]
|-fail|p2a: Blaziken
|move|p1a: Boden|Swords Dance|p1a: Boden
|-boost|p1a: Boden|atk|2
|
|-weather|SunnyDay|[upkeep]
|-ability|p2a: Blaziken|Speed Boost|boost
|-boost|p2a: Blaziken|spe|1
|upkeep
|turn|7
|
|t:|1758352065
|move|p1a: Boden|Bullet Punch|p2a: Blaziken
|-resisted|p2a: Blaziken
|-damage|p2a: Blaziken|0 fnt
|faint|p2a: Blaziken
|
|-weather|SunnyDay|[upkeep]
|upkeep
|
|t:|1758352068
|switch|p2a: Greninja|Greninja, M|100/100
|turn|8
|
|t:|1758352070
|move|p2a: Greninja|Water Shuriken|p1a: Boden
|-damage|p1a: Boden|4/100
|-damage|p1a: Boden|0 fnt
|faint|p1a: Boden
|-ability|p2a: Greninja|Battle Bond|boost
|-boost|p2a: Greninja|atk|1
|-boost|p2a: Greninja|spa|1
|-boost|p2a: Greninja|spe|1
|-activate|p2a: Greninja|ability: Battle Bond
|-hitcount|p1: Boden|2
|
|-weather|none
|upkeep
|
|t:|1758352075
|switch|p1a: Waite|Ninetales, M|100/100
|-weather|SunnyDay|[from] ability: Drought|[of] p1a: Waite
|turn|9
|
|t:|1758352080
|switch|p1a: Mangus|Garchomp, M, shiny|100/100
|move|p2a: Greninja|Hydro Pump|p1a: Mangus
|-damage|p1a: Mangus|57/100
|
|-weather|SunnyDay|[upkeep]
|upkeep
|turn|10
|
|t:|1758352086
|move|p2a: Greninja|Ice Beam|p1a: Mangus
|-supereffective|p1a: Mangus
|-damage|p1a: Mangus|0 fnt
|faint|p1a: Mangus
|
|-weather|SunnyDay|[upkeep]
|upkeep
|
|t:|1758352088
|switch|p1a: Osmond|Leafeon, M|100/100
|turn|11
|
|t:|1758352105
|-terastallize|p1a: Osmond|Normal
|move|p1a: Osmond|Swords Dance|p1a: Osmond
|-boost|p1a: Osmond|atk|2
|move|p2a: Greninja|Ice Beam|p1a: Osmond
|-damage|p1a: Osmond|20/100
|
|-weather|SunnyDay|[upkeep]
|upkeep
|turn|12
|
|t:|1758352126
|move|p2a: Greninja|Water Shuriken|p1a: Osmond
|-damage|p1a: Osmond|10/100
|-damage|p1a: Osmond|0 fnt
|faint|p1a: Osmond
|-hitcount|p1: Osmond|2
|
|-weather|SunnyDay|[upkeep]
|upkeep
|-message|Jinghan Yu forfeited.
|
|win|WDMYJM
|raw|Jinghan Yu's rating: 1202 &rarr; <strong>1182</strong><br />(-20 for losing)
|raw|WDMYJM's rating: 1271 &rarr; <strong>1291</strong><br />(+20 for winning)
|l|☆Jinghan Yu
|player|p1|
|l|☆WDMYJM
|player|p2|
