|j|☆maractus' no1 fan
|j|☆CDCS3 Abreu
|t:|1758273986
|gametype|singles
|player|p1|maractus' no1 fan|2|1323
|player|p2|CDCS3 Abreu|lusamine-nihilego|1326
|gen|9
|tier|[Gen 9] OU
|rated|
|rule|HP Percentage Mod: HP is shown in percentages
|rule|Endless Battle Clause: Forcing endless battles is banned
|rule|Species Clause: Limit one of each Pokémon
|rule|OHKO Clause: OHKO moves are banned
|rule|Evasion Items Clause: Evasion items are banned
|rule|Evasion Moves Clause: Evasion moves are banned
|rule|Evasion Abilities Clause: Evasion abilities are banned
|rule|Sleep Moves Clause: Sleep-inducing moves are banned
|clearpoke
|poke|p1|Alomomola, F|
|poke|p1|Slowking-Galar, M|
|poke|p1|Great Tusk|
|poke|p1|Dragonite, M|
|poke|p1|Kyurem|
|poke|p1|Iron Valiant|
|poke|p2|Alomomola, M|
|poke|p2|Dragalge, M|
|poke|p2|Lokix, M|
|poke|p2|Great Tusk|
|poke|p2|Gholdengo|
|poke|p2|Moltres|
|teampreview
|l|☆CDCS3 Abreu
|player|p2|
|j|☆CDCS3 Abreu
|player|p2|CDCS3 Abreu|lusamine-nihilego|
|inactive|Battle timer is ON: inactive players will automatically lose when time's up. (requested by maractus' no1 fan)
|
|t:|1758274033
|teamsize|p1|6
|teamsize|p2|6
|start
|switch|p1a: Alomomola|Alomomola, F|100/100
|switch|p2a: Alomomola|Alomomola, M|100/100
|turn|1
|inactive|maractus' no1 fan has 120 seconds left.
|
|t:|1758274068
|switch|p2a: Dragalge|Dragalge, M|100/100
|move|p1a: Alomomola|Flip Turn|p2a: Dragalge
|-resisted|p2a: Dragalge
|-damage|p2a: Dragalge|90/100
|inactive|maractus' no1 fan has 120 seconds left.
|
|t:|1758274073
|switch|p1a: Kyurem|Kyurem|100/100|[from] Flip Turn
|-ability|p1a: Kyurem|Pressure
|
|upkeep
|turn|2
|
|t:|1758274082
|switch|p2a: Alomomola|Alomomola, M|100/100
|move|p1a: Kyurem|Draco Meteor|p2a: Alomomola|[miss]
|-miss|p1a: Kyurem|p2a: Alomomola
|
|upkeep
|turn|3
|
|t:|1758274109
|switch|p2a: Gholdengo|Gholdengo|100/100
|move|p1a: Kyurem|Draco Meteor|p2a: Gholdengo
|-resisted|p2a: Gholdengo
|-damage|p2a: Gholdengo|40/100
|-unboost|p1a: Kyurem|spa|2
|
|upkeep
|turn|4
|
|t:|1758274123
|switch|p1a: Alomomola|Alomomola, F|100/100
|move|p2a: Gholdengo|Shadow Ball|p1a: Alomomola
|-damage|p1a: Alomomola|49/100
|
|upkeep
|turn|5
|
|t:|1758274142
|switch|p2a: Lokix|Lokix, M|100/100
|move|p1a: Alomomola|Wish|p1a: Alomomola
|
|upkeep
|turn|6
|
|t:|1758274153
|move|p1a: Alomomola|Protect|p1a: Alomomola
|-singleturn|p1a: Alomomola|Protect
|move|p2a: Lokix|Knock Off|p1a: Alomomola
|-activate|p1a: Alomomola|move: Protect
|
|-heal|p1a: Alomomola|99/100|[from] move: Wish|[wisher] Alomomola
|upkeep
|turn|7
|
|t:|1758274159
|move|p2a: Lokix|Knock Off|p1a: Alomomola
|-damage|p1a: Alomomola|64/100
|-enditem|p1a: Alomomola|Heavy-Duty Boots|[from] move: Knock Off|[of] p2a: Lokix
|move|p1a: Alomomola|Flip Turn|p2a: Lokix
|-damage|p2a: Lokix|76/100
|
|t:|1758274164
|switch|p1a: Kyurem|Kyurem|100/100|[from] Flip Turn
|-ability|p1a: Kyurem|Pressure
|
|upkeep
|turn|8
|
|t:|1758274184
|switch|p2a: Moltres|Moltres|100/100
|move|p1a: Kyurem|Draco Meteor|p2a: Moltres
|-damage|p2a: Moltres|33/100
|-unboost|p1a: Kyurem|spa|2
|
|upkeep
|turn|9
|
|t:|1758274192
|-terastallize|p2a: Moltres|Fairy
|move|p1a: Kyurem|Draco Meteor|p2a: Moltres
|-immune|p2a: Moltres
|move|p2a: Moltres|Roost|p2a: Moltres
|-heal|p2a: Moltres|83/100
|
|upkeep
|turn|10
|
|t:|1758274207
|switch|p1a: Slowking|Slowking-Galar, M|100/100
|move|p2a: Moltres|U-turn|p1a: Slowking
|-damage|p1a: Slowking|86/100
|
|t:|1758274223
|switch|p2a: Dragalge|Dragalge, M|90/100|[from] U-turn
|
|upkeep
|turn|11
|
|t:|1758274238
|move|p2a: Dragalge|Flip Turn|p1a: Slowking
|-damage|p1a: Slowking|76/100
|
|t:|1758274243
|switch|p2a: Lokix|Lokix, M|76/100|[from] Flip Turn
|move|p1a: Slowking|Thunder Wave|p2a: Lokix
|-status|p2a: Lokix|par
|
|upkeep
|turn|12
|
|t:|1758274267
|switch|p1a: Alomomola|Alomomola, F|97/100
|move|p2a: Lokix|Knock Off|p1a: Alomomola
|-damage|p1a: Alomomola|70/100
|
|upkeep
|turn|13
|
|t:|1758274274
|switch|p2a: Alomomola|Alomomola, M|100/100
|move|p1a: Alomomola|Flip Turn|p2a: Alomomola
|-resisted|p2a: Alomomola
|-crit|p2a: Alomomola
|-damage|p2a: Alomomola|92/100
|
|t:|1758274281
|switch|p1a: Kyurem|Kyurem|100/100|[from] Flip Turn
|-ability|p1a: Kyurem|Pressure
|
|upkeep
|turn|14
|
|t:|1758274306
|switch|p2a: Gholdengo|Gholdengo|40/100
|move|p1a: Kyurem|Freeze-Dry|p2a: Gholdengo
|-resisted|p2a: Gholdengo
|-damage|p2a: Gholdengo|6/100
|
|upkeep
|turn|15
|
|t:|1758274321
|switch|p1a: Slowking|Slowking-Galar, M|100/100
|move|p2a: Gholdengo|Make It Rain|p1a: Slowking
|-damage|p1a: Slowking|62/100
|-unboost|p2a: Gholdengo|spa|1
|
|upkeep
|turn|16
|
|t:|1758274332
|switch|p2a: Great Tusk|Great Tusk|100/100
|-prepare|p1a: Slowking|Chilly Reception|[premajor]
|move|p1a: Slowking|Chilly Reception|p1a: Slowking
|-weather|Snowscape
|
|t:|1758274336
|switch|p1a: Kyurem|Kyurem|100/100|[from] Chilly Reception
|-ability|p1a: Kyurem|Pressure
|
|-weather|Snowscape|[upkeep]
|upkeep
|turn|17
|
|t:|1758274347
|move|p1a: Kyurem|Freeze-Dry|p2a: Great Tusk
|-supereffective|p2a: Great Tusk
|-damage|p2a: Great Tusk|0 fnt
|faint|p2a: Great Tusk
|-end|p2a: Great Tusk|Protosynthesis|[silent]
|
|-weather|Snowscape|[upkeep]
|upkeep
|
|t:|1758274352
|switch|p2a: Lokix|Lokix, M|76/100 par
|turn|18
|
|t:|1758274356
|move|p2a: Lokix|First Impression|p1a: Kyurem
|-damage|p1a: Kyurem|58/100
|move|p1a: Kyurem|Freeze-Dry|p2a: Lokix
|-damage|p2a: Lokix|0 fnt
|faint|p2a: Lokix
|
|-weather|Snowscape|[upkeep]
|upkeep
|
|t:|1758274364
|switch|p2a: Alomomola|Alomomola, M|100/100
|turn|19
|
|t:|1758274367
|move|p1a: Kyurem|Freeze-Dry|p2a: Alomomola
|-supereffective|p2a: Alomomola
|-damage|p2a: Alomomola|40/100
|-status|p2a: Alomomola|frz
|-curestatus|p2a: Alomomola|frz|[msg]
|move|p2a: Alomomola|Body Slam|p1a: Kyurem
|-damage|p1a: Kyurem|47/100
|-status|p1a: Kyurem|par
|
|-weather|Snowscape|[upkeep]
|upkeep
|turn|20
|
|t:|1758274372
|cant|p1a: Kyurem|par
|move|p2a: Alomomola|Flip Turn|p1a: Kyurem
|-resisted|p1a: Kyurem
|-damage|p1a: Kyurem|42/100 par
|
|t:|1758274381
|switch|p2a: Gholdengo|Gholdengo|6/100|[from] Flip Turn
|
|-weather|none
|upkeep
|turn|21
|
|t:|1758274384
|move|p2a: Gholdengo|Shadow Ball|p1a: Kyurem
|-damage|p1a: Kyurem|1/100 par
|-unboost|p1a: Kyurem|spd|1
|cant|p1a: Kyurem|par
|
|upkeep
|turn|22
|
|t:|1758274390
|move|p2a: Gholdengo|Shadow Ball|p1a: Kyurem
|-damage|p1a: Kyurem|0 fnt
|faint|p1a: Kyurem
|
|upkeep
|
|t:|1758274399
|switch|p1a: Alomomola|Alomomola, F|100/100
|turn|23
|
|t:|1758274415
|switch|p2a: Dragalge|Dragalge, M|90/100
|move|p1a: Alomomola|Flip Turn|p2a: Dragalge
|-resisted|p2a: Dragalge
|-damage|p2a: Dragalge|81/100
|
|t:|1758274419
|switch|p1a: Great Tusk|Great Tusk|100/100|[from] Flip Turn
|
|upkeep
|turn|24
|
|t:|1758274434
|switch|p2a: Moltres|Moltres, tera:Fairy|83/100
|move|p1a: Great Tusk|Headlong Rush|p2a: Moltres
|-damage|p2a: Moltres|0 fnt
|-unboost|p1a: Great Tusk|def|1
|-unboost|p1a: Great Tusk|spd|1
|faint|p2a: Moltres
|-damage|p1a: Great Tusk|91/100|[from] item: Life Orb
|
|upkeep
|
|t:|1758274440
|switch|p2a: Gholdengo|Gholdengo|6/100
|turn|25
|
|t:|1758274451
|-end|p1a: Great Tusk|Protosynthesis|[silent]
|switch|p1a: Slowking|Slowking-Galar, M|95/100
|move|p2a: Gholdengo|Dazzling Gleam|p1a: Slowking
|-resisted|p1a: Slowking
|-damage|p1a: Slowking|87/100
|
|upkeep
|turn|26
|
|t:|1758274461
|switch|p2a: Dragalge|Dragalge, M|81/100
|move|p1a: Slowking|Future Sight|p2a: Dragalge
|-start|p1a: Slowking|move: Future Sight
|
|upkeep
|turn|27
|
|t:|1758274474
|move|p2a: Dragalge|Draco Meteor|p1a: Slowking
|-damage|p1a: Slowking|20/100
|-unboost|p2a: Dragalge|spa|2
|-prepare|p1a: Slowking|Chilly Reception|[premajor]
|move|p1a: Slowking|Chilly Reception|p1a: Slowking
|-weather|Snowscape
|
|t:|1758274482
|switch|p1a: Great Tusk|Great Tusk|91/100|[from] Chilly Reception
|
|-weather|Snowscape|[upkeep]
|upkeep
|turn|28
|
|t:|1758274490
|switch|p2a: Alomomola|Alomomola, M|73/100
|move|p1a: Great Tusk|Rapid Spin|p2a: Alomomola
|-damage|p2a: Alomomola|58/100
|-boost|p1a: Great Tusk|spe|1
|-damage|p1a: Great Tusk|81/100|[from] item: Life Orb
|
|-weather|Snowscape|[upkeep]
|-end|p2a: Alomomola|move: Future Sight
|-damage|p2a: Alomomola|35/100
|upkeep
|turn|29
|
|t:|1758274505
|move|p1a: Great Tusk|Headlong Rush|p2a: Alomomola
|-damage|p2a: Alomomola|0 fnt
|-unboost|p1a: Great Tusk|def|1
|-unboost|p1a: Great Tusk|spd|1
|faint|p2a: Alomomola
|-damage|p1a: Great Tusk|71/100|[from] item: Life Orb
|
|-weather|Snowscape|[upkeep]
|upkeep
|
|t:|1758274508
|switch|p2a: Gholdengo|Gholdengo|6/100
|turn|30
|
|t:|1758274515
|move|p1a: Great Tusk|Knock Off|p2a: Gholdengo
|-supereffective|p2a: Gholdengo
|-damage|p2a: Gholdengo|0 fnt
|-enditem|p2a: Gholdengo|Choice Scarf|[from] move: Knock Off|[of] p1a: Great Tusk
|faint|p2a: Gholdengo
|-damage|p1a: Great Tusk|61/100|[from] item: Life Orb
|
|-weather|Snowscape|[upkeep]
|upkeep
|-message|CDCS3 Abreu forfeited.
|
|win|maractus' no1 fan
|raw|maractus&apos; no1 fan's rating: 1323 &rarr; <strong>1343</strong><br />(+20 for winning)
|raw|CDCS3 Abreu's rating: 1326 &rarr; <strong>1306</strong><br />(-20 for losing)
|l|☆CDCS3 Abreu
|player|p2|
|l|☆maractus' no1 fan
|player|p1|
