|j|☆gabriwkab
|j|☆gallionsfigur
|t:|1758303291
|gametype|singles
|player|p1|gabriwkab|2|1183
|player|p2|gallionsfigur|volkner|1190
|gen|9
|tier|[Gen 9] OU
|rated|
|rule|HP Percentage Mod: HP is shown in percentages
|rule|Endless Battle Clause: Forcing endless battles is banned
|rule|Species Clause: Limit one of each Pokémon
|rule|OHKO Clause: OHKO moves are banned
|rule|Evasion Items Clause: Evasion items are banned
|rule|Evasion Moves Clause: Evasion moves are banned
|rule|Evasion Abilities Clause: Evasion abilities are banned
|rule|Sleep Moves Clause: Sleep-inducing moves are banned
|clearpoke
|poke|p1|Torkoal, F|
|poke|p1|Hatterene, F|
|poke|p1|Raging Bolt|
|poke|p1|Slither Wing|
|poke|p1|Venusaur, F|
|poke|p1|Walking Wake|
|poke|p2|Copperajah, M|
|poke|p2|Greninja-*, F|
|poke|p2|Garchomp, F|
|poke|p2|Arcanine-Hisui, M|
|poke|p2|Sinistcha-Masterpiece|
|poke|p2|Kilowattrel, M|
|teampreview
|
|t:|1758303316
|teamsize|p1|6
|teamsize|p2|6
|start
|switch|p1a: Slither Wing|Slither Wing|100/100
|switch|p2a: Arcanine|Arcanine-Hisui, M|100/100
|turn|1
|
|t:|1758303338
|move|p2a: Arcanine|Head Smash|p1a: Slither Wing
|-damage|p1a: Slither Wing|0 fnt
|faint|p1a: Slither Wing
|-end|p1a: Slither Wing|Protosynthesis|[silent]
|
|upkeep
|
|t:|1758303351
|switch|p1a: Walking Wake|Walking Wake|100/100
|turn|2
|
|t:|1758303370
|switch|p2a: Copperajah|Copperajah, M|100/100
|move|p1a: Walking Wake|Hydro Steam|p2a: Copperajah
|-damage|p2a: Copperajah|56/100
|
|upkeep
|turn|3
|
|t:|1758303380
|move|p1a: Walking Wake|Hydro Steam|p2a: Copperajah
|-damage|p2a: Copperajah|7/100
|move|p2a: Copperajah|Play Rough|p1a: Walking Wake
|-supereffective|p1a: Walking Wake
|-damage|p1a: Walking Wake|0 fnt
|faint|p1a: Walking Wake
|-end|p1a: Walking Wake|Protosynthesis|[silent]
|
|upkeep
|
|t:|1758303388
|switch|p1a: Hatterene|Hatterene, F|100/100
|-item|p1a: Hatterene|Air Balloon
|turn|4
|
|t:|1758303393
|move|p2a: Copperajah|Play Rough|p1a: Hatterene
|-damage|p1a: Hatterene|57/100
|-enditem|p1a: Hatterene|Air Balloon
|move|p1a: Hatterene|Trick Room|p1a: Hatterene
|-fieldstart|move: Trick Room|[of] p1a: Hatterene
|
|upkeep
|turn|5
|
|t:|1758303421
|move|p1a: Hatterene|Dazzling Gleam|p2a: Copperajah
|-resisted|p2a: Copperajah
|-damage|p2a: Copperajah|0 fnt
|faint|p2a: Copperajah
|
|upkeep
|
|t:|1758303428
|switch|p2a: Garchomp|Garchomp, F|100/100
|turn|6
|
|t:|1758303433
|-terastallize|p2a: Garchomp|Steel
|move|p1a: Hatterene|Dazzling Gleam|p2a: Garchomp
|-resisted|p2a: Garchomp
|-damage|p2a: Garchomp|82/100
|move|p2a: Garchomp|Iron Head|p1a: Hatterene
|-supereffective|p1a: Hatterene
|-damage|p1a: Hatterene|0 fnt
|faint|p1a: Hatterene
|
|upkeep
|
|t:|1758303438
|switch|p1a: Torkoal|Torkoal, F|100/100
|-weather|SunnyDay|[from] ability: Drought|[of] p1a: Torkoal
|turn|7
|
|t:|1758303448
|move|p1a: Torkoal|Eruption|p2a: Garchomp
|-supereffective|p2a: Garchomp
|-damage|p2a: Garchomp|0 fnt
|faint|p2a: Garchomp
|
|-weather|SunnyDay|[upkeep]
|upkeep
|
|t:|1758303459
|switch|p2a: Arcanine|Arcanine-Hisui, M|100/100
|turn|8
|
|t:|1758303463
|move|p1a: Torkoal|Earthquake|p2a: Arcanine
|-supereffective|p2a: Arcanine
|-damage|p2a: Arcanine|7/100
|move|p2a: Arcanine|Head Smash|p1a: Torkoal
|-supereffective|p1a: Torkoal
|-damage|p1a: Torkoal|0 fnt
|faint|p1a: Torkoal
|
|-weather|SunnyDay|[upkeep]
|-fieldend|move: Trick Room
|upkeep
|
|t:|1758303473
|switch|p1a: Raging Bolt|Raging Bolt|100/100
|-activate|p1a: Raging Bolt|ability: Protosynthesis
|-start|p1a: Raging Bolt|protosynthesisspa
|turn|9
|
|t:|1758303484
|move|p2a: Arcanine|Head Smash|p1a: Raging Bolt
|-damage|p1a: Raging Bolt|23/100
|move|p1a: Raging Bolt|Weather Ball|p2a: Arcanine
|-resisted|p2a: Arcanine
|-damage|p2a: Arcanine|0 fnt
|faint|p2a: Arcanine
|-damage|p1a: Raging Bolt|13/100|[from] item: Life Orb
|
|-weather|SunnyDay|[upkeep]
|upkeep
|
|t:|1758303505
|switch|p2a: Sinistcha|Sinistcha-Masterpiece|100/100
|turn|10
|
|t:|1758303521
|move|p1a: Raging Bolt|Weather Ball|p2a: Sinistcha
|-supereffective|p2a: Sinistcha
|-damage|p2a: Sinistcha|0 fnt
|faint|p2a: Sinistcha
|-damage|p1a: Raging Bolt|3/100|[from] item: Life Orb
|
|-weather|SunnyDay|[upkeep]
|upkeep
|
|t:|1758303532
|switch|p2a: Kilowattrel|Kilowattrel, M|100/100
|turn|11
|
|t:|1758303542
|move|p2a: Kilowattrel|Thunderbolt|p1a: Raging Bolt
|-resisted|p1a: Raging Bolt
|-damage|p1a: Raging Bolt|0 fnt
|faint|p1a: Raging Bolt
|-end|p1a: Raging Bolt|Protosynthesis|[silent]
|
|-weather|SunnyDay|[upkeep]
|upkeep
|
|t:|1758303545
|switch|p1a: Venusaur|Venusaur, F|100/100
|turn|12
|
|t:|1758303551
|move|p1a: Venusaur|Weather Ball|p2a: Kilowattrel
|-damage|p2a: Kilowattrel|0 fnt
|faint|p2a: Kilowattrel
|-damage|p1a: Venusaur|91/100|[from] item: Life Orb
|
|-weather|SunnyDay|[upkeep]
|upkeep
|
|t:|1758303564
|switch|p2a: Greninja|Greninja, F|100/100
|turn|13
|
|t:|1758303571
|move|p1a: Venusaur|Giga Drain|p2a: Greninja
|-supereffective|p2a: Greninja
|-damage|p2a: Greninja|0 fnt
|-heal|p1a: Venusaur|100/100|[from] drain|[of] p2a: Greninja
|faint|p2a: Greninja
|-damage|p1a: Venusaur|91/100|[from] item: Life Orb
|
|win|gabriwkab
|raw|gabriwkab's rating: 1183 &rarr; <strong>1209</strong><br />(+26 for winning)
|raw|gallionsfigur's rating: 1190 &rarr; <strong>1164</strong><br />(-26 for losing)
|l|☆gallionsfigur
|player|p2|
|l|☆gabriwkab
|player|p1|
