|j|☆alt testing 124n
|j|☆AzureNoire
|t:|1758256567
|gametype|singles
|player|p1|alt testing 124n|169|1486
|player|p2|AzureNoire|101|1436
|gen|9
|tier|[Gen 9] OU
|rated|
|rule|HP Percentage Mod: HP is shown in percentages
|rule|Endless Battle Clause: Forcing endless battles is banned
|rule|Species Clause: Limit one of each Pokémon
|rule|OHKO Clause: OHKO moves are banned
|rule|Evasion Items Clause: Evasion items are banned
|rule|Evasion Moves Clause: Evasion moves are banned
|rule|Evasion Abilities Clause: Evasion abilities are banned
|rule|Sleep Moves Clause: Sleep-inducing moves are banned
|clearpoke
|poke|p1|Darkrai|
|poke|p1|Empoleon, F|
|poke|p1|Great Tusk|
|poke|p1|Moltres|
|poke|p1|Hydrapple, F|
|poke|p1|Slowking-Galar, M|
|poke|p2|Mandibuzz, F|
|poke|p2|Armarouge, M|
|poke|p2|Blaziken, F|
|poke|p2|Lokix, F|
|poke|p2|Hatterene, F|
|poke|p2|Lapras, M|
|teampreview
|inactive|Battle timer is ON: inactive players will automatically lose when time's up. (requested by AzureNoire)
|inactive|alt testing 124n also wants the timer to be on.
|
|t:|1758256581
|teamsize|p1|6
|teamsize|p2|6
|start
|switch|p1a: Empoleon|Empoleon, F|100/100
|switch|p2a: Blaziken|Blaziken, F|100/100
|turn|1
|
|t:|1758256585
|move|p2a: Blaziken|Focus Energy|p2a: Blaziken
|-start|p2a: Blaziken|move: Focus Energy
|move|p1a: Empoleon|Surf|p2a: Blaziken
|-supereffective|p2a: Blaziken
|-damage|p2a: Blaziken|0 fnt
|faint|p2a: Blaziken
|
|upkeep
|
|t:|1758256593
|switch|p2a: Lokix|Lokix, F|100/100
|turn|2
|
|t:|1758256597
|move|p2a: Lokix|Axe Kick|p1a: Empoleon
|-supereffective|p1a: Empoleon
|-damage|p1a: Empoleon|2/100
|move|p1a: Empoleon|Roost|p1a: Empoleon
|-heal|p1a: Empoleon|52/100
|-singleturn|p1a: Empoleon|move: Roost
|
|-heal|p1a: Empoleon|58/100|[from] item: Leftovers
|upkeep
|turn|3
|
|t:|1758256600
|switch|p1a: Moltres|Moltres|100/100
|move|p2a: Lokix|Axe Kick|p1a: Moltres
|-resisted|p1a: Moltres
|-damage|p1a: Moltres|63/100
|-status|p2a: Lokix|brn|[from] ability: Flame Body|[of] p1a: Moltres
|
|-damage|p2a: Lokix|94/100 brn|[from] brn
|upkeep
|turn|4
|
|t:|1758256605
|move|p2a: Lokix|Axe Kick|p1a: Moltres
|-resisted|p1a: Moltres
|-damage|p1a: Moltres|45/100
|-start|p1a: Moltres|confusion
|-activate|p1a: Moltres|confusion
|move|p1a: Moltres|U-turn|p2a: Lokix
|-supereffective|p2a: Lokix
|-damage|p2a: Lokix|54/100 brn
|
|t:|1758256612
|switch|p1a: Great Tusk|Great Tusk|100/100|[from] U-turn
|
|-damage|p2a: Lokix|47/100 brn|[from] brn
|upkeep
|turn|5
|
|t:|1758256617
|switch|p2a: Mandibuzz|Mandibuzz, F|100/100
|move|p1a: Great Tusk|Stealth Rock|p2a: Mandibuzz
|-sidestart|p2: AzureNoire|move: Stealth Rock
|
|upkeep
|turn|6
|
|t:|1758256621
|-end|p1a: Great Tusk|Protosynthesis|[silent]
|switch|p1a: Empoleon|Empoleon, F|58/100
|move|p2a: Mandibuzz|Toxic|p1a: Empoleon
|-immune|p1a: Empoleon
|
|-heal|p1a: Empoleon|64/100|[from] item: Leftovers
|upkeep
|turn|7
|
|t:|1758256626
|move|p2a: Mandibuzz|Defog|p1a: Empoleon
|-unboost|p1a: Empoleon|evasion|1
|-ability|p1a: Empoleon|Competitive|boost
|-boost|p1a: Empoleon|spa|2
|-sideend|p2: AzureNoire|Stealth Rock|[from] move: Defog|[of] p2a: Mandibuzz
|move|p1a: Empoleon|Knock Off|p2a: Mandibuzz
|-resisted|p2a: Mandibuzz
|-damage|p2a: Mandibuzz|94/100
|-enditem|p2a: Mandibuzz|Leftovers|[from] move: Knock Off|[of] p1a: Empoleon
|
|-heal|p1a: Empoleon|71/100|[from] item: Leftovers
|upkeep
|turn|8
|
|t:|1758256634
|move|p2a: Mandibuzz|Foul Play|p1a: Empoleon
|-damage|p1a: Empoleon|44/100
|move|p1a: Empoleon|Ice Beam|p2a: Mandibuzz
|-supereffective|p2a: Mandibuzz
|-damage|p2a: Mandibuzz|33/100
|
|-heal|p1a: Empoleon|50/100|[from] item: Leftovers
|upkeep
|turn|9
|
|t:|1758256642
|switch|p2a: Lapras|Lapras, M|100/100
|move|p1a: Empoleon|Roost|p1a: Empoleon
|-heal|p1a: Empoleon|99/100
|-singleturn|p1a: Empoleon|move: Roost
|
|-heal|p1a: Empoleon|100/100|[from] item: Leftovers
|upkeep
|turn|10
|
|t:|1758256646
|move|p2a: Lapras|Dragon Dance|p2a: Lapras
|-boost|p2a: Lapras|atk|1
|-boost|p2a: Lapras|spe|1
|move|p1a: Empoleon|Knock Off|p2a: Lapras
|-damage|p2a: Lapras|84/100
|-enditem|p2a: Lapras|Leftovers|[from] move: Knock Off|[of] p1a: Empoleon
|
|upkeep
|turn|11
|
|t:|1758256650
|move|p2a: Lapras|Dragon Dance|p2a: Lapras
|-boost|p2a: Lapras|atk|1
|-boost|p2a: Lapras|spe|1
|move|p1a: Empoleon|Surf|p2a: Lapras
|-heal|p2a: Lapras|100/100|[from] ability: Water Absorb|[of] p1a: Empoleon
|
|upkeep
|turn|12
|
|t:|1758256654
|switch|p1a: Slowking|Slowking-Galar, M|100/100
|move|p2a: Lapras|Dragon Dance|p2a: Lapras
|-boost|p2a: Lapras|atk|1
|-boost|p2a: Lapras|spe|1
|
|upkeep
|turn|13
|
|t:|1758256657
|-terastallize|p2a: Lapras|Ground
|move|p2a: Lapras|Earthquake|p1a: Slowking
|-supereffective|p1a: Slowking
|-damage|p1a: Slowking|0 fnt
|faint|p1a: Slowking
|
|upkeep
|
|t:|1758256661
|switch|p1a: Darkrai|Darkrai|100/100
|turn|14
|
|t:|1758256665
|move|p2a: Lapras|Earthquake|p1a: Darkrai
|-damage|p1a: Darkrai|12/100
|move|p1a: Darkrai|Ice Beam|p2a: Lapras
|-supereffective|p2a: Lapras
|-damage|p2a: Lapras|45/100
|
|upkeep
|turn|15
|
|t:|1758256671
|switch|p1a: Hydrapple|Hydrapple, F|100/100
|move|p2a: Lapras|Earthquake|p1a: Hydrapple
|-resisted|p1a: Hydrapple
|-damage|p1a: Hydrapple|83/100
|
|upkeep
|turn|16
|
|t:|1758256676
|-terastallize|p1a: Hydrapple|Fairy
|move|p2a: Lapras|Freeze-Dry|p1a: Hydrapple
|-damage|p1a: Hydrapple|57/100
|move|p1a: Hydrapple|Giga Drain|p2a: Lapras
|-supereffective|p2a: Lapras
|-damage|p2a: Lapras|0 fnt
|-heal|p1a: Hydrapple|80/100|[from] drain|[of] p2a: Lapras
|faint|p2a: Lapras
|
|upkeep
|
|t:|1758256681
|switch|p2a: Mandibuzz|Mandibuzz, F|33/100
|turn|17
|
|t:|1758256687
|switch|p2a: Hatterene|Hatterene, F|100/100
|switch|p1a: Empoleon|Empoleon, F|100/100
|
|upkeep
|turn|18
|
|t:|1758256691
|move|p1a: Empoleon|Knock Off|p2a: Hatterene
|-damage|p2a: Hatterene|84/100
|-enditem|p2a: Hatterene|Covert Cloak|[from] move: Knock Off|[of] p1a: Empoleon
|move|p2a: Hatterene|Nuzzle|p1a: Empoleon
|-supereffective|p1a: Empoleon
|-damage|p1a: Empoleon|92/100
|-status|p1a: Empoleon|par
|
|-heal|p1a: Empoleon|98/100 par|[from] item: Leftovers
|upkeep
|turn|19
|
|t:|1758256697
|move|p2a: Hatterene|Calm Mind|p2a: Hatterene
|-boost|p2a: Hatterene|spa|1
|-boost|p2a: Hatterene|spd|1
|move|p1a: Empoleon|Surf|p2a: Hatterene
|-damage|p2a: Hatterene|59/100
|
|-heal|p1a: Empoleon|100/100 par|[from] item: Leftovers
|upkeep
|turn|20
|
|t:|1758256703
|switch|p1a: Darkrai|Darkrai|12/100
|move|p2a: Hatterene|Calm Mind|p2a: Hatterene
|-boost|p2a: Hatterene|spa|1
|-boost|p2a: Hatterene|spd|1
|
|upkeep
|turn|21
|
|t:|1758256705
|move|p1a: Darkrai|Sludge Bomb|p2a: Hatterene
|-supereffective|p2a: Hatterene
|-damage|p2a: Hatterene|16/100
|move|p2a: Hatterene|Draining Kiss|p1a: Darkrai
|-supereffective|p1a: Darkrai
|-damage|p1a: Darkrai|0 fnt
|-heal|p2a: Hatterene|24/100|[from] drain|[of] p1a: Darkrai
|faint|p1a: Darkrai
|
|upkeep
|
|t:|1758256710
|switch|p1a: Great Tusk|Great Tusk|100/100
|turn|22
|
|t:|1758256716
|move|p1a: Great Tusk|Headlong Rush|p2a: Hatterene
|-damage|p2a: Hatterene|0 fnt
|-unboost|p1a: Great Tusk|def|1
|-unboost|p1a: Great Tusk|spd|1
|faint|p2a: Hatterene
|
|upkeep
|
|t:|1758256719
|switch|p2a: Mandibuzz|Mandibuzz, F|33/100
|turn|23
|
|t:|1758256723
|move|p1a: Great Tusk|Ice Spinner|p2a: Mandibuzz
|-supereffective|p2a: Mandibuzz
|-damage|p2a: Mandibuzz|0 fnt
|faint|p2a: Mandibuzz
|
|upkeep
|
|t:|1758256727
|switch|p2a: Armarouge|Armarouge, M|100/100
|turn|24
|
|t:|1758256730
|move|p1a: Great Tusk|Headlong Rush|p2a: Armarouge
|-supereffective|p2a: Armarouge
|-damage|p2a: Armarouge|0 fnt
|-unboost|p1a: Great Tusk|def|1
|-unboost|p1a: Great Tusk|spd|1
|faint|p2a: Armarouge
|
|upkeep
|
|t:|1758256732
|switch|p2a: Lokix|Lokix, F|47/100 brn
|turn|25
|
|t:|1758256734
|move|p2a: Lokix|First Impression|p1a: Great Tusk
|-resisted|p1a: Great Tusk
|-damage|p1a: Great Tusk|55/100
|move|p1a: Great Tusk|Ice Spinner|p2a: Lokix
|-damage|p2a: Lokix|6/100 brn
|
|-damage|p2a: Lokix|0 fnt|[from] brn
|faint|p2a: Lokix
|
|win|alt testing 124n
|raw|alt testing 124n's rating: 1486 &rarr; <strong>1503</strong><br />(+17 for winning)
|raw|AzureNoire's rating: 1436 &rarr; <strong>1419</strong><br />(-17 for losing)
|l|☆AzureNoire
|player|p2|
|l|☆alt testing 124n
|player|p1|
