|j|☆Trumpismessiah
|j|☆Samurajen
|t:|1758240107
|gametype|singles
|player|p1|Trumpismessiah|102|1304
|player|p2|Samurajen|lady-gen4|1290
|gen|9
|tier|[Gen 9] OU
|rated|
|rule|HP Percentage Mod: HP is shown in percentages
|rule|Endless Battle Clause: Forcing endless battles is banned
|rule|Species Clause: Limit one of each Pokémon
|rule|OHKO Clause: OHKO moves are banned
|rule|Evasion Items Clause: Evasion items are banned
|rule|Evasion Moves Clause: Evasion moves are banned
|rule|Evasion Abilities Clause: Evasion abilities are banned
|rule|Sleep Moves Clause: Sleep-inducing moves are banned
|clearpoke
|poke|p1|Snorlax, F|
|poke|p1|Gengar, F|
|poke|p1|Moltres|
|poke|p1|Vileplume, M|
|poke|p1|Vaporeon, M|
|poke|p1|Tauros, M|
|poke|p2|Ninetales-Alola, M|
|poke|p2|Walking Wake|
|poke|p2|Ogerpon-Wellspring, F|
|poke|p2|Zapdos|
|poke|p2|Great Tusk|
|poke|p2|Lokix, F|
|teampreview
|inactive|Battle timer is ON: inactive players will automatically lose when time's up. (requested by Trumpismessiah)
|
|t:|1758240133
|teamsize|p1|6
|teamsize|p2|6
|start
|switch|p1a: Gengar|Gengar, F|100/100
|switch|p2a: Ninetales|Ninetales-Alola, M|100/100
|-weather|Snowscape|[from] ability: Snow Warning|[of] p2a: Ninetales
|turn|1
|
|t:|1758240140
|move|p2a: Ninetales|Aurora Veil|p2a: Ninetales
|-sidestart|p2: Samurajen|move: Aurora Veil
|move|p1a: Gengar|Sludge Wave|p2a: Ninetales
|-supereffective|p2a: Ninetales
|-damage|p2a: Ninetales|41/100
|
|-weather|Snowscape|[upkeep]
|upkeep
|turn|2
|
|t:|1758240152
|switch|p2a: Lokix|Lokix, F|100/100
|switch|p1a: Vileplume|Vileplume, M|100/100
|
|-weather|Snowscape|[upkeep]
|upkeep
|turn|3
|
|t:|1758240165
|switch|p1a: Moltres|Moltres|100/100
|move|p2a: Lokix|First Impression|p1a: Moltres
|-resisted|p1a: Moltres
|-damage|p1a: Moltres|89/100
|
|-weather|Snowscape|[upkeep]
|upkeep
|turn|4
|
|t:|1758240186
|switch|p2a: Walking Wake|Walking Wake|100/100
|-enditem|p2a: Walking Wake|Booster Energy
|-activate|p2a: Walking Wake|ability: Protosynthesis|[fromitem]
|-start|p2a: Walking Wake|protosynthesisspa
|move|p1a: Moltres|U-turn|p2a: Walking Wake
|-damage|p2a: Walking Wake|92/100
|
|t:|1758240189
|switch|p1a: Vaporeon|Vaporeon, M|100/100|[from] U-turn
|
|-weather|Snowscape|[upkeep]
|upkeep
|turn|5
|
|t:|1758240203
|-end|p2a: Walking Wake|Protosynthesis|[silent]
|switch|p2a: Ogerpon|Ogerpon-Wellspring, F|100/100
|move|p1a: Vaporeon|Protect||[still]
|-fail|p1a: Vaporeon
|
|-weather|none
|-sideend|p2: Samurajen|move: Aurora Veil
|upkeep
|turn|6
|
|t:|1758240219
|switch|p1a: Vileplume|Vileplume, M|100/100
|move|p2a: Ogerpon|Substitute|p2a: Ogerpon
|-start|p2a: Ogerpon|Substitute
|-damage|p2a: Ogerpon|76/100
|
|upkeep
|turn|7
|
|t:|1758240225
|move|p2a: Ogerpon|Ivy Cudgel|p1a: Vileplume|[anim] Ivy Cudgel Water
|-resisted|p1a: Vileplume
|-crit|p1a: Vileplume
|-damage|p1a: Vileplume|66/100
|move|p1a: Vileplume|Sludge Bomb|p2a: Ogerpon
|-supereffective|p2a: Ogerpon
|-end|p2a: Ogerpon|Substitute
|
|upkeep
|turn|8
|
|t:|1758240242
|switch|p2a: Lokix|Lokix, F|100/100
|move|p1a: Vileplume|Strength Sap|p2a: Lokix
|-unboost|p2a: Lokix|atk|1
|-heal|p1a: Vileplume|100/100
|
|upkeep
|turn|9
|
|t:|1758240250
|move|p2a: Lokix|Knock Off|p1a: Vileplume
|-damage|p1a: Vileplume|62/100
|-damage|p2a: Lokix|84/100|[from] item: Rocky Helmet|[of] p1a: Vileplume
|-enditem|p1a: Vileplume|Rocky Helmet|[from] move: Knock Off|[of] p2a: Lokix
|move|p1a: Vileplume|Sludge Bomb|p2a: Lokix
|-damage|p2a: Lokix|24/100
|-status|p2a: Lokix|psn
|
|-damage|p2a: Lokix|11/100 psn|[from] psn
|upkeep
|turn|10
|inactive|Samurajen has 120 seconds left.
|
|t:|1758240290
|switch|p2a: Zapdos|Zapdos|100/100
|move|p1a: Vileplume|Strength Sap|p2a: Zapdos
|-unboost|p2a: Zapdos|atk|1
|-heal|p1a: Vileplume|100/100
|
|upkeep
|turn|11
|inactive|Samurajen has 120 seconds left.
|
|t:|1758240300
|switch|p1a: Snorlax|Snorlax, F|100/100
|move|p2a: Zapdos|Hurricane|p1a: Snorlax|[miss]
|-miss|p2a: Zapdos|p1a: Snorlax
|
|upkeep
|turn|12
|inactive|Samurajen has 120 seconds left.
|
|t:|1758240308
|move|p2a: Zapdos|Volt Switch|p1a: Snorlax
|-damage|p1a: Snorlax|76/100
|
|t:|1758240313
|switch|p2a: Great Tusk|Great Tusk|100/100|[from] Volt Switch
|-enditem|p2a: Great Tusk|Booster Energy
|-activate|p2a: Great Tusk|ability: Protosynthesis|[fromitem]
|-start|p2a: Great Tusk|protosynthesisatk
|move|p1a: Snorlax|Body Slam|p2a: Great Tusk
|-damage|p2a: Great Tusk|70/100
|
|upkeep
|turn|13
|
|t:|1758240323
|switch|p1a: Moltres|Moltres|89/100
|move|p2a: Great Tusk|Rapid Spin|p1a: Moltres
|-damage|p1a: Moltres|71/100
|-boost|p2a: Great Tusk|spe|1
|
|upkeep
|turn|14
|inactive|Samurajen has 120 seconds left.
|
|t:|1758240348
|-terastallize|p2a: Great Tusk|Steel
|move|p2a: Great Tusk|Ice Spinner|p1a: Moltres
|-crit|p1a: Moltres
|-damage|p1a: Moltres|33/100
|move|p1a: Moltres|Will-O-Wisp|p2a: Great Tusk
|-status|p2a: Great Tusk|brn
|
|-damage|p2a: Great Tusk|63/100 brn|[from] brn
|upkeep
|turn|15
|inactive|Samurajen has 120 seconds left.
|
|t:|1758240369
|-end|p2a: Great Tusk|Protosynthesis|[silent]
|switch|p2a: Walking Wake|Walking Wake|92/100
|move|p1a: Moltres|Roost|p1a: Moltres
|-heal|p1a: Moltres|83/100
|-singleturn|p1a: Moltres|move: Roost
|
|upkeep
|turn|16
|
|t:|1758240378
|switch|p1a: Vaporeon|Vaporeon, M|100/100
|move|p2a: Walking Wake|Draco Meteor|p1a: Vaporeon
|-damage|p1a: Vaporeon|61/100
|-unboost|p2a: Walking Wake|spa|2
|
|-heal|p1a: Vaporeon|67/100|[from] item: Leftovers
|upkeep
|turn|17
|
|t:|1758240393
|-end|p2a: Walking Wake|Protosynthesis|[silent]
|switch|p2a: Ninetales|Ninetales-Alola, M|41/100
|-weather|Snowscape|[from] ability: Snow Warning|[of] p2a: Ninetales
|move|p1a: Vaporeon|Shadow Ball|p2a: Ninetales
|-damage|p2a: Ninetales|18/100
|
|-weather|Snowscape|[upkeep]
|-heal|p1a: Vaporeon|74/100|[from] item: Leftovers
|upkeep
|turn|18
|
|t:|1758240402
|move|p2a: Ninetales|Aurora Veil|p2a: Ninetales
|-sidestart|p2: Samurajen|move: Aurora Veil
|move|p1a: Vaporeon|Scald|p2a: Ninetales
|-damage|p2a: Ninetales|0 fnt
|faint|p2a: Ninetales
|
|-weather|Snowscape|[upkeep]
|-heal|p1a: Vaporeon|80/100|[from] item: Leftovers
|upkeep
|
|t:|1758240409
|switch|p2a: Zapdos|Zapdos|100/100
|turn|19
|
|t:|1758240417
|move|p1a: Vaporeon|Protect|p1a: Vaporeon
|-singleturn|p1a: Vaporeon|Protect
|move|p2a: Zapdos|Hurricane|p1a: Vaporeon
|-activate|p1a: Vaporeon|move: Protect
|
|-weather|Snowscape|[upkeep]
|-heal|p1a: Vaporeon|86/100|[from] item: Leftovers
|upkeep
|turn|20
|inactive|Samurajen has 120 seconds left.
|
|t:|1758240425
|switch|p1a: Snorlax|Snorlax, F|76/100
|move|p2a: Zapdos|Thunderbolt|p1a: Snorlax
|-damage|p1a: Snorlax|47/100
|
|-weather|Snowscape|[upkeep]
|upkeep
|turn|21
|-enditem|p1a: Snorlax|Custap Berry|[eat]
|-activate|p1a: Snorlax|item: Custap Berry|[consumed]
|
|t:|1758240432
|move|p1a: Snorlax|Body Slam|p2a: Zapdos
|-damage|p2a: Zapdos|74/100
|-status|p1a: Snorlax|par|[from] ability: Static|[of] p2a: Zapdos
|move|p2a: Zapdos|Thunderbolt|p1a: Snorlax
|-damage|p1a: Snorlax|18/100 par
|
|-weather|none
|-heal|p2a: Zapdos|80/100|[from] item: Leftovers
|upkeep
|turn|22
|
|t:|1758240442
|move|p2a: Zapdos|Thunderbolt|p1a: Snorlax
|-damage|p1a: Snorlax|0 fnt
|faint|p1a: Snorlax
|
|-heal|p2a: Zapdos|86/100|[from] item: Leftovers
|-sideend|p2: Samurajen|move: Aurora Veil
|upkeep
|
|t:|1758240447
|switch|p1a: Tauros|Tauros, M|100/100
|turn|23
|
|t:|1758240463
|move|p1a: Tauros|Body Slam|p2a: Zapdos
|-damage|p2a: Zapdos|5/100
|move|p2a: Zapdos|Thunderbolt|p1a: Tauros
|-damage|p1a: Tauros|19/100
|
|-heal|p2a: Zapdos|11/100|[from] item: Leftovers
|upkeep
|turn|24
|
|t:|1758240472
|move|p1a: Tauros|Body Slam|p2a: Zapdos
|-damage|p2a: Zapdos|0 fnt
|faint|p2a: Zapdos
|
|upkeep
|inactive|Samurajen has 120 seconds left.
|
|t:|1758240510
|switch|p2a: Ogerpon|Ogerpon-Wellspring, F|76/100
|turn|25
|
|t:|1758240533
|move|p2a: Ogerpon|Horn Leech|p1a: Tauros
|-damage|p1a: Tauros|0 fnt
|-heal|p2a: Ogerpon|85/100|[from] drain|[of] p1a: Tauros
|faint|p1a: Tauros
|
|upkeep
|
|t:|1758240535
|switch|p1a: Vileplume|Vileplume, M|100/100
|turn|26
|inactive|Samurajen has 120 seconds left.
|
|t:|1758240560
|switch|p2a: Lokix|Lokix, F|11/100 psn
|move|p1a: Vileplume|Sludge Bomb|p2a: Lokix
|-damage|p2a: Lokix|0 fnt
|faint|p2a: Lokix
|
|upkeep
|
|t:|1758240568
|switch|p2a: Great Tusk|Great Tusk, tera:Steel|63/100 brn
|turn|27
|inactive|Trumpismessiah has 120 seconds left.
|
|t:|1758240598
|move|p2a: Great Tusk|Rapid Spin|p1a: Vileplume
|-damage|p1a: Vileplume|93/100
|-boost|p2a: Great Tusk|spe|1
|move|p1a: Vileplume|Giga Drain|p2a: Great Tusk
|-resisted|p2a: Great Tusk
|-damage|p2a: Great Tusk|41/100 brn
|-heal|p1a: Vileplume|100/100|[from] drain|[of] p2a: Great Tusk
|
|-damage|p2a: Great Tusk|35/100 brn|[from] brn
|upkeep
|turn|28
|inactive|Samurajen has 120 seconds left.
|
|t:|1758240622
|move|p2a: Great Tusk|Ice Spinner|p1a: Vileplume
|-supereffective|p1a: Vileplume
|-damage|p1a: Vileplume|78/100
|move|p1a: Vileplume|Strength Sap|p2a: Great Tusk
|-unboost|p2a: Great Tusk|atk|1
|-heal|p1a: Vileplume|100/100
|
|-damage|p2a: Great Tusk|28/100 brn|[from] brn
|upkeep
|turn|29
|
|t:|1758240647
|move|p2a: Great Tusk|Headlong Rush|p1a: Vileplume
|-damage|p1a: Vileplume|82/100
|-unboost|p2a: Great Tusk|def|1
|-unboost|p2a: Great Tusk|spd|1
|move|p1a: Vileplume|Giga Drain|p2a: Great Tusk
|-resisted|p2a: Great Tusk
|-damage|p2a: Great Tusk|0 fnt
|-heal|p1a: Vileplume|97/100|[from] drain|[of] p2a: Great Tusk
|faint|p2a: Great Tusk
|-end|p2a: Great Tusk|Protosynthesis|[silent]
|
|upkeep
|inactive|Samurajen has 90 seconds left.
|
|t:|1758240666
|switch|p2a: Walking Wake|Walking Wake|92/100
|turn|30
|
|t:|1758240677
|-end|p2a: Walking Wake|Protosynthesis|[silent]
|switch|p2a: Ogerpon|Ogerpon-Wellspring, F|85/100
|switch|p1a: Vaporeon|Vaporeon, M|86/100
|
|-heal|p1a: Vaporeon|92/100|[from] item: Leftovers
|upkeep
|turn|31
|
|t:|1758240684
|switch|p1a: Vileplume|Vileplume, M|97/100
|move|p2a: Ogerpon|Swords Dance|p2a: Ogerpon
|-boost|p2a: Ogerpon|atk|2
|
|upkeep
|turn|32
|
|t:|1758240697
|move|p2a: Ogerpon|Ivy Cudgel|p1a: Vileplume|[anim] Ivy Cudgel Water
|-resisted|p1a: Vileplume
|-damage|p1a: Vileplume|49/100
|move|p1a: Vileplume|Sludge Bomb|p2a: Ogerpon
|-supereffective|p2a: Ogerpon
|-damage|p2a: Ogerpon|2/100
|
|upkeep
|turn|33
|
|t:|1758240704
|move|p2a: Ogerpon|Ivy Cudgel|p1a: Vileplume|[anim] Ivy Cudgel Water
|-resisted|p1a: Vileplume
|-damage|p1a: Vileplume|2/100
|move|p1a: Vileplume|Strength Sap|p2a: Ogerpon
|-unboost|p2a: Ogerpon|atk|1
|-heal|p1a: Vileplume|100/100
|
|upkeep
|turn|34
|c|☆Samurajen|wtf
|c|☆Samurajen|how much do you heal from that
|inactive|Samurajen has 90 seconds left.
|c|☆Samurajen|aight
|-message|Samurajen forfeited.
|
|win|Trumpismessiah
|raw|Trumpismessiah's rating: 1304 &rarr; <strong>1323</strong><br />(+19 for winning)
|raw|Samurajen's rating: 1290 &rarr; <strong>1266</strong><br />(-24 for losing)
