|j|☆Aggrhy
|j|☆omazo
|t:|1758258654
|gametype|singles
|player|p1|Aggrhy|red-masters|1288
|player|p2|omazo|dawn|1354
|gen|9
|tier|[Gen 9] OU
|rated|
|rule|HP Percentage Mod: HP is shown in percentages
|rule|Endless Battle Clause: Forcing endless battles is banned
|rule|Species Clause: Limit one of each Pokémon
|rule|OHKO Clause: OHKO moves are banned
|rule|Evasion Items Clause: Evasion items are banned
|rule|Evasion Moves Clause: Evasion moves are banned
|rule|Evasion Abilities Clause: Evasion abilities are banned
|rule|Sleep Moves Clause: Sleep-inducing moves are banned
|clearpoke
|poke|p1|Pikachu, M|
|poke|p1|Lokix, F|
|poke|p1|Fezandipiti, M|
|poke|p1|Blastoise, F|
|poke|p1|Flygon, M|
|poke|p1|Vikavolt, F|
|poke|p2|Tyranitar, F|
|poke|p2|Excadrill, M|
|poke|p2|Keldeo-Resolute|
|poke|p2|Tornadus-Therian, M|
|poke|p2|Heatran, M|
|poke|p2|Hydrapple, F|
|teampreview
|inactive|Battle timer is ON: inactive players will automatically lose when time's up. (requested by Aggrhy)
|
|t:|1758258676
|teamsize|p1|6
|teamsize|p2|6
|start
|switch|p1a: Vikavolt|Vikavolt, F|100/100
|switch|p2a: Tornadus|Tornadus-Therian, M|100/100
|turn|1
|
|t:|1758258698
|move|p2a: Tornadus|Heat Wave|p1a: Vikavolt
|-supereffective|p1a: Vikavolt
|-damage|p1a: Vikavolt|34/100
|move|p1a: Vikavolt|Discharge|p2a: Tornadus
|-supereffective|p2a: Tornadus
|-damage|p2a: Tornadus|19/100
|
|upkeep
|turn|2
|
|t:|1758258716
|switch|p1a: Fezandipiti|Fezandipiti, M|100/100
|move|p2a: Tornadus|Heat Wave|p1a: Fezandipiti
|-damage|p1a: Fezandipiti|86/100
|
|-heal|p1a: Fezandipiti|92/100|[from] item: Leftovers
|upkeep
|turn|3
|
|t:|1758258724
|switch|p1a: Vikavolt|Vikavolt, F|34/100
|move|p2a: Tornadus|U-turn|p1a: Vikavolt
|-damage|p1a: Vikavolt|22/100
|-damage|p2a: Tornadus|2/100|[from] item: Rocky Helmet|[of] p1a: Vikavolt
|
|t:|1758258733
|switch|p2a: Tyranitar|Tyranitar, F|100/100|[from] U-turn
|-weather|Sandstorm|[from] ability: Sand Stream|[of] p2a: Tyranitar
|
|-weather|Sandstorm|[upkeep]
|-damage|p1a: Vikavolt|16/100|[from] Sandstorm
|upkeep
|turn|4
|
|t:|1758258742
|move|p2a: Tyranitar|Ice Punch|p1a: Vikavolt
|-damage|p1a: Vikavolt|0 fnt
|-damage|p2a: Tyranitar|84/100|[from] item: Rocky Helmet|[of] p1a: Vikavolt
|faint|p1a: Vikavolt
|
|-weather|Sandstorm|[upkeep]
|upkeep
|
|t:|1758258749
|switch|p1a: Lokix|Lokix, F|100/100
|turn|5
|
|t:|1758258755
|switch|p2a: Heatran|Heatran, M|100/100
|move|p1a: Lokix|Swords Dance|p1a: Lokix
|-boost|p1a: Lokix|atk|2
|
|-weather|Sandstorm|[upkeep]
|-damage|p1a: Lokix|94/100|[from] Sandstorm
|upkeep
|turn|6
|
|t:|1758258769
|move|p1a: Lokix|Axe Kick|p2a: Heatran
|-supereffective|p2a: Heatran
|-damage|p2a: Heatran|0 fnt
|faint|p2a: Heatran
|
|-weather|Sandstorm|[upkeep]
|-damage|p1a: Lokix|88/100|[from] Sandstorm
|upkeep
|
|t:|1758258780
|switch|p2a: Tornadus|Tornadus-Therian, M|35/100
|turn|7
|
|t:|1758258784
|move|p1a: Lokix|Sucker Punch|p2a: Tornadus
|-damage|p2a: Tornadus|0 fnt
|faint|p2a: Tornadus
|
|-weather|none
|upkeep
|
|t:|1758258801
|switch|p2a: Hydrapple|Hydrapple, F|100/100
|turn|8
|
|t:|1758258809
|-terastallize|p2a: Hydrapple|Fairy
|move|p1a: Lokix|Leech Life|p2a: Hydrapple
|-resisted|p2a: Hydrapple
|-damage|p2a: Hydrapple|56/100
|-heal|p1a: Lokix|100/100|[from] drain|[of] p2a: Hydrapple
|move|p2a: Hydrapple|Fickle Beam|p1a: Lokix|[anim] Fickle Beam All Out
|-activate|p2a: Hydrapple|move: Fickle Beam
|-damage|p1a: Lokix|0 fnt
|faint|p1a: Lokix
|
|upkeep
|
|t:|1758258826
|switch|p1a: Pikachu|Pikachu, M|100/100
|turn|9
|
|t:|1758258838
|move|p1a: Pikachu|Substitute|p1a: Pikachu
|-start|p1a: Pikachu|Substitute
|-damage|p1a: Pikachu|75/100
|move|p2a: Hydrapple|Earth Power|p1a: Pikachu
|-supereffective|p1a: Pikachu
|-end|p1a: Pikachu|Substitute
|
|upkeep
|turn|10
|
|t:|1758258846
|move|p1a: Pikachu|Thunderbolt|p2a: Hydrapple
|-damage|p2a: Hydrapple|3/100
|move|p2a: Hydrapple|Earth Power|p1a: Pikachu
|-supereffective|p1a: Pikachu
|-damage|p1a: Pikachu|0 fnt
|faint|p1a: Pikachu
|
|upkeep
|
|t:|1758258854
|switch|p1a: Blastoise|Blastoise, F|100/100
|turn|11
|
|t:|1758258862
|switch|p2a: Tyranitar|Tyranitar, F|84/100
|-weather|Sandstorm|[from] ability: Sand Stream|[of] p2a: Tyranitar
|move|p1a: Blastoise|Body Press|p2a: Tyranitar
|-supereffective|p2a: Tyranitar
|-damage|p2a: Tyranitar|0 fnt
|faint|p2a: Tyranitar
|
|-weather|Sandstorm|[upkeep]
|-damage|p1a: Blastoise|94/100|[from] Sandstorm
|-heal|p1a: Blastoise|100/100|[from] item: Leftovers
|upkeep
|
|t:|1758258873
|switch|p2a: Hydrapple|Hydrapple, F, tera:Fairy|36/100
|turn|12
|
|t:|1758258877
|switch|p1a: Fezandipiti|Fezandipiti, M|92/100
|move|p2a: Hydrapple|Giga Drain|p1a: Fezandipiti
|-resisted|p1a: Fezandipiti
|-damage|p1a: Fezandipiti|84/100
|-heal|p2a: Hydrapple|40/100|[from] drain|[of] p1a: Fezandipiti
|
|-weather|Sandstorm|[upkeep]
|-damage|p1a: Fezandipiti|78/100|[from] Sandstorm
|-damage|p2a: Hydrapple|34/100|[from] Sandstorm
|-heal|p1a: Fezandipiti|84/100|[from] item: Leftovers
|upkeep
|turn|13
|
|t:|1758258889
|switch|p2a: Excadrill|Excadrill, M|100/100
|-item|p2a: Excadrill|Air Balloon
|move|p1a: Fezandipiti|Heat Wave|p2a: Excadrill
|-supereffective|p2a: Excadrill
|-damage|p2a: Excadrill|58/100
|-enditem|p2a: Excadrill|Air Balloon
|
|-weather|Sandstorm|[upkeep]
|-damage|p1a: Fezandipiti|78/100|[from] Sandstorm
|-heal|p1a: Fezandipiti|84/100|[from] item: Leftovers
|upkeep
|turn|14
|
|t:|1758258901
|switch|p1a: Blastoise|Blastoise, F|100/100
|move|p2a: Excadrill|Rapid Spin|p1a: Blastoise
|-damage|p1a: Blastoise|86/100
|-boost|p2a: Excadrill|spe|1
|
|-weather|Sandstorm|[upkeep]
|-damage|p1a: Blastoise|80/100|[from] Sandstorm
|-heal|p1a: Blastoise|86/100|[from] item: Leftovers
|upkeep
|turn|15
|
|t:|1758258917
|switch|p2a: Hydrapple|Hydrapple, F, tera:Fairy|68/100
|move|p1a: Blastoise|Body Press|p2a: Hydrapple
|-resisted|p2a: Hydrapple
|-damage|p2a: Hydrapple|62/100
|-damage|p1a: Blastoise|70/100|[from] item: Rocky Helmet|[of] p2a: Hydrapple
|
|-weather|none
|-heal|p1a: Blastoise|76/100|[from] item: Leftovers
|upkeep
|turn|16
|
|t:|1758258929
|switch|p1a: Fezandipiti|Fezandipiti, M|84/100
|move|p2a: Hydrapple|Earth Power|p1a: Fezandipiti
|-supereffective|p1a: Fezandipiti
|-damage|p1a: Fezandipiti|55/100
|
|-heal|p1a: Fezandipiti|61/100|[from] item: Leftovers
|upkeep
|turn|17
|
|t:|1758258948
|move|p1a: Fezandipiti|Heat Wave|p2a: Hydrapple
|-damage|p2a: Hydrapple|44/100
|move|p2a: Hydrapple|Earth Power|p1a: Fezandipiti
|-supereffective|p1a: Fezandipiti
|-damage|p1a: Fezandipiti|35/100
|
|-heal|p1a: Fezandipiti|42/100|[from] item: Leftovers
|upkeep
|turn|18
|
|t:|1758258958
|move|p1a: Fezandipiti|Roost|p1a: Fezandipiti
|-heal|p1a: Fezandipiti|92/100
|-singleturn|p1a: Fezandipiti|move: Roost
|move|p2a: Hydrapple|Earth Power|p1a: Fezandipiti
|-supereffective|p1a: Fezandipiti
|-damage|p1a: Fezandipiti|65/100
|-unboost|p1a: Fezandipiti|spd|1
|
|-heal|p1a: Fezandipiti|71/100|[from] item: Leftovers
|upkeep
|turn|19
|
|t:|1758258970
|move|p1a: Fezandipiti|Moonblast|p2a: Hydrapple
|-damage|p2a: Hydrapple|20/100
|-status|p2a: Hydrapple|tox|[from] ability: Toxic Chain|[of] p1a: Fezandipiti
|move|p2a: Hydrapple|Earth Power|p1a: Fezandipiti
|-supereffective|p1a: Fezandipiti
|-damage|p1a: Fezandipiti|32/100
|
|-heal|p1a: Fezandipiti|38/100|[from] item: Leftovers
|-damage|p2a: Hydrapple|14/100 tox|[from] psn
|upkeep
|turn|20
|
|t:|1758258982
|switch|p2a: Keldeo|Keldeo-Resolute|100/100
|move|p1a: Fezandipiti|Roost|p1a: Fezandipiti
|-heal|p1a: Fezandipiti|88/100
|-singleturn|p1a: Fezandipiti|move: Roost
|
|-heal|p1a: Fezandipiti|94/100|[from] item: Leftovers
|upkeep
|turn|21
|
|t:|1758258991
|switch|p1a: Blastoise|Blastoise, F|76/100
|move|p2a: Keldeo|Flip Turn|p1a: Blastoise
|-resisted|p1a: Blastoise
|-damage|p1a: Blastoise|70/100
|
|t:|1758258994
|switch|p2a: Hydrapple|Hydrapple, F, tera:Fairy|47/100 tox|[from] Flip Turn
|
|-heal|p1a: Blastoise|76/100|[from] item: Leftovers
|-damage|p2a: Hydrapple|41/100 tox|[from] psn
|upkeep
|turn|22
|
|t:|1758259003
|switch|p1a: Fezandipiti|Fezandipiti, M|94/100
|switch|p2a: Excadrill|Excadrill, M|58/100
|
|-heal|p1a: Fezandipiti|99/100|[from] item: Leftovers
|upkeep
|turn|23
|
|t:|1758259015
|switch|p1a: Blastoise|Blastoise, F|76/100
|move|p2a: Excadrill|Earthquake|p1a: Blastoise
|-damage|p1a: Blastoise|36/100
|
|-heal|p1a: Blastoise|42/100|[from] item: Leftovers
|upkeep
|turn|24
|
|t:|1758259028
|move|p2a: Excadrill|Earthquake|p1a: Blastoise
|-damage|p1a: Blastoise|0 fnt
|faint|p1a: Blastoise
|
|upkeep
|
|t:|1758259033
|switch|p1a: Flygon|Flygon, M|100/100
|turn|25
|
|t:|1758259045
|switch|p2a: Hydrapple|Hydrapple, F, tera:Fairy|74/100 tox
|move|p1a: Flygon|Dragon Dance|p1a: Flygon
|-boost|p1a: Flygon|atk|1
|-boost|p1a: Flygon|spe|1
|
|-damage|p2a: Hydrapple|68/100 tox|[from] psn
|upkeep
|turn|26
|
|t:|1758259058
|switch|p1a: Fezandipiti|Fezandipiti, M|99/100
|move|p2a: Hydrapple|Fickle Beam|p1a: Fezandipiti
|-immune|p1a: Fezandipiti
|
|-heal|p1a: Fezandipiti|100/100|[from] item: Leftovers
|-damage|p2a: Hydrapple|56/100 tox|[from] psn
|upkeep
|turn|27
|
|t:|1758259069
|switch|p2a: Keldeo|Keldeo-Resolute|100/100
|move|p1a: Fezandipiti|Moonblast|p2a: Keldeo
|-supereffective|p2a: Keldeo
|-damage|p2a: Keldeo|44/100
|-status|p2a: Keldeo|tox|[from] ability: Toxic Chain|[of] p1a: Fezandipiti
|
|-damage|p2a: Keldeo|38/100 tox|[from] psn
|upkeep
|turn|28
|
|t:|1758259079
|move|p2a: Keldeo|Surf|p1a: Fezandipiti
|-damage|p1a: Fezandipiti|62/100
|move|p1a: Fezandipiti|Moonblast|p2a: Keldeo
|-supereffective|p2a: Keldeo
|-damage|p2a: Keldeo|0 fnt
|faint|p2a: Keldeo
|
|-heal|p1a: Fezandipiti|68/100|[from] item: Leftovers
|upkeep
|
|t:|1758259087
|switch|p2a: Excadrill|Excadrill, M|58/100
|turn|29
|
|t:|1758259098
|switch|p1a: Flygon|Flygon, M|100/100
|move|p2a: Excadrill|Rapid Spin|p1a: Flygon
|-damage|p1a: Flygon|72/100
|-boost|p2a: Excadrill|spe|1
|
|upkeep
|turn|30
|
|t:|1758259105
|move|p2a: Excadrill|Iron Head|p1a: Flygon
|-damage|p1a: Flygon|10/100
|cant|p1a: Flygon|flinch
|
|upkeep
|turn|31
|
|t:|1758259111
|move|p2a: Excadrill|Iron Head|p1a: Flygon
|-damage|p1a: Flygon|0 fnt
|faint|p1a: Flygon
|
|upkeep
|
|t:|1758259116
|switch|p1a: Fezandipiti|Fezandipiti, M|68/100
|turn|32
|
|t:|1758259120
|-terastallize|p1a: Fezandipiti|Flying
|move|p2a: Excadrill|Iron Head|p1a: Fezandipiti
|-damage|p1a: Fezandipiti|20/100
|move|p1a: Fezandipiti|Heat Wave|p2a: Excadrill
|-supereffective|p2a: Excadrill
|-damage|p2a: Excadrill|16/100
|
|-heal|p1a: Fezandipiti|27/100|[from] item: Leftovers
|upkeep
|turn|33
|-message|Aggrhy forfeited.
|
|win|omazo
|raw|Aggrhy's rating: 1288 &rarr; <strong>1268</strong><br />(-20 for losing)
|raw|omazo's rating: 1354 &rarr; <strong>1370</strong><br />(+16 for winning)
|l|☆Aggrhy
|player|p1|
|l|☆omazo
|player|p2|
