|j|☆Bessero
|j|☆underm1nd
|t:|1758280233
|gametype|singles
|player|p1|Bessero|169|1399
|player|p2|underm1nd|101|1381
|gen|9
|tier|[Gen 9] OU
|rated|
|rule|HP Percentage Mod: HP is shown in percentages
|rule|Endless Battle Clause: Forcing endless battles is banned
|rule|Species Clause: Limit one of each Pokémon
|rule|OHKO Clause: OHKO moves are banned
|rule|Evasion Items Clause: Evasion items are banned
|rule|Evasion Moves Clause: Evasion moves are banned
|rule|Evasion Abilities Clause: Evasion abilities are banned
|rule|Sleep Moves Clause: Sleep-inducing moves are banned
|clearpoke
|poke|p1|Crawdaunt, M|
|poke|p1|Latios, M|
|poke|p1|Zamazenta-*|
|poke|p1|Landorus-Therian, M|
|poke|p1|Ting-Lu|
|poke|p1|Gholdengo|
|poke|p2|Meowscarada, F|
|poke|p2|Dragapult, M|
|poke|p2|Slowking-Galar, F|
|poke|p2|Landorus-Therian, M|
|poke|p2|Darkrai|
|poke|p2|Kingambit, M|
|teampreview
|inactive|Battle timer is ON: inactive players will automatically lose when time's up. (requested by Bessero)
|
|t:|1758280284
|teamsize|p1|6
|teamsize|p2|6
|start
|switch|p1a: Latios|Latios, M|100/100
|switch|p2a: Meowscarada|Meowscarada, F|100/100
|turn|1
|
|t:|1758280298
|switch|p2a: Slowking|Slowking-Galar, F|100/100
|move|p1a: Latios|Draco Meteor|p2a: Slowking
|-damage|p2a: Slowking|59/100
|-unboost|p1a: Latios|spa|2
|
|upkeep
|turn|2
|
|t:|1758280313
|switch|p1a: Landorus|Landorus-Therian, M|100/100
|-ability|p1a: Landorus|Intimidate|boost
|-unboost|p2a: Slowking|atk|1
|-prepare|p2a: Slowking|Chilly Reception|[premajor]
|move|p2a: Slowking|Chilly Reception|p2a: Slowking
|-weather|Snowscape
|inactive|underm1nd has 120 seconds left.
|
|t:|1758280353
|switch|p2a: Darkrai|Darkrai|100/100|[from] Chilly Reception
|
|-weather|Snowscape|[upkeep]
|upkeep
|turn|3
|inactive|Bessero has 120 seconds left.
|
|t:|1758280408
|switch|p1a: Ting-Lu|Ting-Lu|100/100
|-ability|p1a: Ting-Lu|Vessel of Ruin
|move|p2a: Darkrai|Ice Beam|p1a: Ting-Lu
|-supereffective|p1a: Ting-Lu
|-damage|p1a: Ting-Lu|73/100
|
|-weather|Snowscape|[upkeep]
|-heal|p1a: Ting-Lu|79/100|[from] item: Leftovers
|upkeep
|turn|4
|
|t:|1758280418
|switch|p2a: Landorus|Landorus-Therian, M|100/100
|-ability|p2a: Landorus|Intimidate|boost
|-unboost|p1a: Ting-Lu|atk|1
|move|p1a: Ting-Lu|Spikes|p2a: Landorus
|-sidestart|p2: underm1nd|Spikes
|
|-weather|Snowscape|[upkeep]
|-heal|p1a: Ting-Lu|86/100|[from] item: Leftovers
|upkeep
|turn|5
|
|t:|1758280427
|move|p2a: Landorus|Stealth Rock|p1a: Ting-Lu
|-sidestart|p1: Bessero|move: Stealth Rock
|move|p1a: Ting-Lu|Whirlwind|p2a: Landorus
|drag|p2a: Meowscarada|Meowscarada, F|100/100
|
|-weather|Snowscape|[upkeep]
|-heal|p1a: Ting-Lu|92/100|[from] item: Leftovers
|upkeep
|turn|6
|
|t:|1758280450
|switch|p1a: Landorus|Landorus-Therian, M|100/100
|-damage|p1a: Landorus|88/100|[from] Stealth Rock
|-ability|p1a: Landorus|Intimidate|boost
|-unboost|p2a: Meowscarada|atk|1
|move|p2a: Meowscarada|Knock Off|p1a: Landorus
|-start|p2a: Meowscarada|typechange|Dark|[from] ability: Protean
|-damage|p1a: Landorus|58/100
|-damage|p2a: Meowscarada|84/100|[from] item: Rocky Helmet|[of] p1a: Landorus
|-enditem|p1a: Landorus|Rocky Helmet|[from] move: Knock Off|[of] p2a: Meowscarada
|
|-weather|none
|upkeep
|turn|7
|
|t:|1758280460
|switch|p2a: Landorus|Landorus-Therian, M|100/100
|-ability|p2a: Landorus|Intimidate|boost
|-unboost|p1a: Landorus|atk|1
|move|p1a: Landorus|Stealth Rock|p2a: Landorus
|-sidestart|p2: underm1nd|move: Stealth Rock
|
|upkeep
|turn|8
|
|t:|1758280469
|move|p2a: Landorus|U-turn|p1a: Landorus
|-resisted|p1a: Landorus
|-damage|p1a: Landorus|46/100
|
|t:|1758280485
|switch|p2a: Dragapult|Dragapult, M|100/100|[from] U-turn
|move|p1a: Landorus|Taunt|p2a: Dragapult
|-start|p2a: Dragapult|move: Taunt
|
|upkeep
|turn|9
|inactive|Bessero has 120 seconds left.
|
|t:|1758280512
|move|p2a: Dragapult|U-turn|p1a: Landorus
|-resisted|p1a: Landorus
|-damage|p1a: Landorus|36/100
|
|t:|1758280518
|switch|p2a: Landorus|Landorus-Therian, M|100/100|[from] U-turn
|-damage|p2a: Landorus|88/100|[from] Stealth Rock
|-ability|p2a: Landorus|Intimidate|boost
|-unboost|p1a: Landorus|atk|1
|move|p1a: Landorus|U-turn|p2a: Landorus
|-resisted|p2a: Landorus
|-damage|p2a: Landorus|83/100
|-damage|p1a: Landorus|20/100|[from] item: Rocky Helmet|[of] p2a: Landorus
|
|t:|1758280533
|switch|p1a: Latios|Latios, M|100/100|[from] U-turn
|-damage|p1a: Latios|88/100|[from] Stealth Rock
|
|upkeep
|turn|10
|inactive|underm1nd has 120 seconds left.
|
|t:|1758280555
|switch|p2a: Slowking|Slowking-Galar, F|92/100
|move|p1a: Latios|Draco Meteor|p2a: Slowking
|-damage|p2a: Slowking|50/100
|-unboost|p1a: Latios|spa|2
|
|upkeep
|turn|11
|inactive|Bessero has 90 seconds left.
|
|t:|1758280580
|switch|p1a: Landorus|Landorus-Therian, M|20/100
|-damage|p1a: Landorus|7/100|[from] Stealth Rock
|-ability|p1a: Landorus|Intimidate|boost
|-unboost|p2a: Slowking|atk|1
|-prepare|p2a: Slowking|Chilly Reception|[premajor]
|move|p2a: Slowking|Chilly Reception|p2a: Slowking
|-weather|Snowscape
|
|t:|1758280591
|switch|p2a: Meowscarada|Meowscarada, F|84/100|[from] Chilly Reception
|
|-weather|Snowscape|[upkeep]
|upkeep
|turn|12
|inactive|Bessero has 90 seconds left.
|
|t:|1758280611
|move|p2a: Meowscarada|U-turn|p1a: Landorus
|-start|p2a: Meowscarada|typechange|Bug|[from] ability: Protean
|-resisted|p1a: Landorus
|-damage|p1a: Landorus|0 fnt
|faint|p1a: Landorus
|
|t:|1758280620
|switch|p2a: Slowking|Slowking-Galar, F|83/100|[from] U-turn
|
|-weather|Snowscape|[upkeep]
|upkeep
|
|t:|1758280637
|switch|p1a: Crawdaunt|Crawdaunt, M|100/100
|-damage|p1a: Crawdaunt|88/100|[from] Stealth Rock
|turn|13
|
|t:|1758280648
|switch|p2a: Landorus|Landorus-Therian, M|83/100
|-damage|p2a: Landorus|71/100|[from] Stealth Rock
|-ability|p2a: Landorus|Intimidate|boost
|-unboost|p1a: Crawdaunt|atk|1
|move|p1a: Crawdaunt|Knock Off|p2a: Landorus
|-damage|p2a: Landorus|4/100
|-damage|p1a: Crawdaunt|72/100|[from] item: Rocky Helmet|[of] p2a: Landorus
|-enditem|p2a: Landorus|Rocky Helmet|[from] move: Knock Off|[of] p1a: Crawdaunt
|
|-weather|Snowscape|[upkeep]
|upkeep
|turn|14
|inactive|underm1nd has 120 seconds left.
|
|t:|1758280706
|switch|p1a: Zamazenta|Zamazenta|100/100
|-damage|p1a: Zamazenta|94/100|[from] Stealth Rock
|-ability|p1a: Zamazenta|Dauntless Shield|boost
|-boost|p1a: Zamazenta|def|1
|move|p2a: Landorus|U-turn|p1a: Zamazenta
|-resisted|p1a: Zamazenta
|-damage|p1a: Zamazenta|89/100
|
|t:|1758280716
|switch|p2a: Dragapult|Dragapult, M|100/100|[from] U-turn
|
|-weather|Snowscape|[upkeep]
|-heal|p1a: Zamazenta|95/100|[from] item: Leftovers
|upkeep
|turn|15
|
|t:|1758280722
|move|p2a: Dragapult|Will-O-Wisp|p1a: Zamazenta
|-status|p1a: Zamazenta|brn
|move|p1a: Zamazenta|Crunch|p2a: Dragapult
|-supereffective|p2a: Dragapult
|-damage|p2a: Dragapult|72/100
|-unboost|p2a: Dragapult|def|1
|
|-weather|none
|-heal|p1a: Zamazenta|100/100 brn|[from] item: Leftovers
|-damage|p1a: Zamazenta|94/100 brn|[from] brn
|upkeep
|turn|16
|
|t:|1758280734
|switch|p1a: Ting-Lu|Ting-Lu|92/100
|-damage|p1a: Ting-Lu|86/100|[from] Stealth Rock
|-ability|p1a: Ting-Lu|Vessel of Ruin
|move|p2a: Dragapult|Hex|p1a: Ting-Lu
|-resisted|p1a: Ting-Lu
|-damage|p1a: Ting-Lu|80/100
|
|-heal|p1a: Ting-Lu|86/100|[from] item: Leftovers
|upkeep
|turn|17
|
|t:|1758280762
|move|p2a: Dragapult|Will-O-Wisp|p1a: Ting-Lu
|-status|p1a: Ting-Lu|brn
|move|p1a: Ting-Lu|Spikes|p2a: Dragapult
|-sidestart|p2: underm1nd|Spikes
|
|-heal|p1a: Ting-Lu|92/100 brn|[from] item: Leftovers
|-damage|p1a: Ting-Lu|86/100 brn|[from] brn
|upkeep
|turn|18
|
|t:|1758280776
|move|p2a: Dragapult|Dragon Darts|p1a: Ting-Lu
|-damage|p1a: Ting-Lu|75/100 brn
|-anim|p2a: Dragapult|Dragon Darts|p1a: Ting-Lu
|-crit|p1a: Ting-Lu
|-damage|p1a: Ting-Lu|58/100 brn
|move|p1a: Ting-Lu|Spikes|p2a: Dragapult
|-sidestart|p2: underm1nd|Spikes
|
|-heal|p1a: Ting-Lu|65/100 brn|[from] item: Leftovers
|-damage|p1a: Ting-Lu|58/100 brn|[from] brn
|upkeep
|turn|19
|inactive|Bessero has 90 seconds left.
|
|t:|1758280782
|move|p2a: Dragapult|Dragon Darts|p1a: Ting-Lu
|-damage|p1a: Ting-Lu|46/100 brn
|-anim|p2a: Dragapult|Dragon Darts|p1a: Ting-Lu
|-damage|p1a: Ting-Lu|33/100 brn
|move|p1a: Ting-Lu|Ruination|p2a: Dragapult
|-damage|p2a: Dragapult|36/100
|
|-heal|p1a: Ting-Lu|39/100 brn|[from] item: Leftovers
|-damage|p1a: Ting-Lu|33/100 brn|[from] brn
|upkeep
|turn|20
|
|t:|1758280787
|move|p2a: Dragapult|Dragon Darts|p1a: Ting-Lu
|-damage|p1a: Ting-Lu|21/100 brn
|-anim|p2a: Dragapult|Dragon Darts|p1a: Ting-Lu
|-damage|p1a: Ting-Lu|8/100 brn
|move|p1a: Ting-Lu|Whirlwind|p2a: Dragapult
|drag|p2a: Meowscarada|Meowscarada, F|84/100
|
|-heal|p1a: Ting-Lu|15/100 brn|[from] item: Leftovers
|-damage|p1a: Ting-Lu|8/100 brn|[from] brn
|upkeep
|turn|21
|inactive|underm1nd has 120 seconds left.
|
|t:|1758280797
|move|p2a: Meowscarada|U-turn|p1a: Ting-Lu
|-start|p2a: Meowscarada|typechange|Bug|[from] ability: Protean
|-supereffective|p1a: Ting-Lu
|-damage|p1a: Ting-Lu|0 fnt
|faint|p1a: Ting-Lu
|
|t:|1758280807
|switch|p2a: Dragapult|Dragapult, M|36/100|[from] U-turn
|
|upkeep
|
|t:|1758280814
|switch|p1a: Latios|Latios, M|88/100
|-damage|p1a: Latios|76/100|[from] Stealth Rock
|turn|22
|inactive|underm1nd has 120 seconds left.
|
|t:|1758280819
|switch|p2a: Slowking|Slowking-Galar, F|100/100
|move|p1a: Latios|Trick|p2a: Slowking
|-activate|p1a: Latios|move: Trick|[of] p2a: Slowking
|-item|p2a: Slowking|Choice Scarf|[from] move: Trick
|-item|p1a: Latios|Heavy-Duty Boots|[from] move: Trick
|
|upkeep
|turn|23
|inactive|Bessero has 120 seconds left.
|
|t:|1758280830
|move|p1a: Latios|Luster Purge|p2a: Slowking
|-damage|p2a: Slowking|71/100
|-unboost|p2a: Slowking|spd|1
|-prepare|p2a: Slowking|Chilly Reception|[premajor]
|move|p2a: Slowking|Chilly Reception|p2a: Slowking
|-weather|Snowscape
|
|t:|1758280839
|switch|p2a: Meowscarada|Meowscarada, F|84/100|[from] Chilly Reception
|
|-weather|Snowscape|[upkeep]
|upkeep
|turn|24
|
|t:|1758280845
|switch|p1a: Zamazenta|Zamazenta|94/100 brn
|-damage|p1a: Zamazenta|88/100 brn|[from] Stealth Rock
|move|p2a: Meowscarada|Knock Off|p1a: Zamazenta
|-start|p2a: Meowscarada|typechange|Dark|[from] ability: Protean
|-resisted|p1a: Zamazenta
|-damage|p1a: Zamazenta|71/100 brn
|-enditem|p1a: Zamazenta|Leftovers|[from] move: Knock Off|[of] p2a: Meowscarada
|
|-weather|Snowscape|[upkeep]
|-damage|p1a: Zamazenta|65/100 brn|[from] brn
|upkeep
|turn|25
|
|t:|1758280860
|switch|p2a: Landorus|Landorus-Therian, M|4/100
|-damage|p2a: Landorus|0 fnt|[from] Stealth Rock
|faint|p2a: Landorus
|move|p1a: Zamazenta|Body Press|p2: Landorus|[notarget]
|-fail|p1a: Zamazenta
|
|-weather|Snowscape|[upkeep]
|-damage|p1a: Zamazenta|59/100 brn|[from] brn
|upkeep
|
|t:|1758280873
|switch|p2a: Dragapult|Dragapult, M|36/100
|turn|26
|
|t:|1758280878
|move|p2a: Dragapult|Hex|p1a: Zamazenta
|-damage|p1a: Zamazenta|16/100 brn
|move|p1a: Zamazenta|Crunch|p2a: Dragapult
|-supereffective|p2a: Dragapult
|-damage|p2a: Dragapult|5/100
|
|-weather|Snowscape|[upkeep]
|-damage|p1a: Zamazenta|10/100 brn|[from] brn
|upkeep
|turn|27
|
|t:|1758280883
|move|p2a: Dragapult|Hex|p1a: Zamazenta
|-damage|p1a: Zamazenta|0 fnt
|faint|p1a: Zamazenta
|
|-weather|none
|upkeep
|
|t:|1758280886
|switch|p1a: Crawdaunt|Crawdaunt, M|72/100
|-damage|p1a: Crawdaunt|59/100|[from] Stealth Rock
|turn|28
|
|t:|1758280900
|switch|p2a: Meowscarada|Meowscarada, F|84/100
|move|p1a: Crawdaunt|Aqua Jet|p2a: Meowscarada
|-resisted|p2a: Meowscarada
|-damage|p2a: Meowscarada|51/100
|
|upkeep
|turn|29
|
|t:|1758280908
|-terastallize|p1a: Crawdaunt|Water
|move|p1a: Crawdaunt|Aqua Jet|p2a: Meowscarada
|-resisted|p2a: Meowscarada
|-damage|p2a: Meowscarada|16/100
|move|p2a: Meowscarada|U-turn|p1a: Crawdaunt
|-start|p2a: Meowscarada|typechange|Bug|[from] ability: Protean
|-damage|p1a: Crawdaunt|14/100
|inactive|underm1nd has 120 seconds left.
|
|t:|1758280947
|switch|p2a: Darkrai|Darkrai|100/100|[from] U-turn
|
|upkeep
|turn|30
|
|t:|1758280955
|move|p1a: Crawdaunt|Aqua Jet|p2a: Darkrai
|-damage|p2a: Darkrai|36/100
|move|p2a: Darkrai|Dark Pulse|p1a: Crawdaunt
|-damage|p1a: Crawdaunt|0 fnt
|faint|p1a: Crawdaunt
|
|upkeep
|
|t:|1758280968
|switch|p1a: Latios|Latios, M|76/100
|turn|31
|
|t:|1758280974
|move|p2a: Darkrai|Dark Pulse|p1a: Latios
|-supereffective|p1a: Latios
|-damage|p1a: Latios|0 fnt
|faint|p1a: Latios
|
|upkeep
|
|t:|1758280979
|switch|p1a: Gholdengo|Gholdengo|100/100
|-damage|p1a: Gholdengo|94/100|[from] Stealth Rock
|-item|p1a: Gholdengo|Air Balloon
|turn|32
|
|t:|1758280989
|move|p2a: Darkrai|Dark Pulse|p1a: Gholdengo
|-supereffective|p1a: Gholdengo
|-damage|p1a: Gholdengo|3/100
|-enditem|p1a: Gholdengo|Air Balloon
|move|p1a: Gholdengo|Make It Rain|p2a: Darkrai
|-damage|p2a: Darkrai|0 fnt
|-unboost|p1a: Gholdengo|spa|1
|faint|p2a: Darkrai
|
|upkeep
|
|t:|1758280995
|switch|p2a: Dragapult|Dragapult, M|5/100
|turn|33
|
|t:|1758281000
|move|p2a: Dragapult|U-turn|p1a: Gholdengo
|-resisted|p1a: Gholdengo
|-damage|p1a: Gholdengo|0 fnt
|faint|p1a: Gholdengo
|
|win|underm1nd
|raw|Bessero's rating: 1399 &rarr; <strong>1378</strong><br />(-21 for losing)
|raw|underm1nd's rating: 1381 &rarr; <strong>1402</strong><br />(+21 for winning)
|l|☆Bessero
|player|p1|
