|j|☆qwertyb0y
|j|☆Absetia
|t:|1758308101
|gametype|singles
|player|p1|qwertyb0y|red|1289
|player|p2|Absetia|bellelba|1341
|gen|9
|tier|[Gen 9] OU
|rated|
|rule|HP Percentage Mod: HP is shown in percentages
|rule|Endless Battle Clause: Forcing endless battles is banned
|rule|Species Clause: Limit one of each Pokémon
|rule|OHKO Clause: OHKO moves are banned
|rule|Evasion Items Clause: Evasion items are banned
|rule|Evasion Moves Clause: Evasion moves are banned
|rule|Evasion Abilities Clause: Evasion abilities are banned
|rule|Sleep Moves Clause: Sleep-inducing moves are banned
|clearpoke
|poke|p1|Ninetales-Alola, F|
|poke|p1|Cetitan, M|
|poke|p1|Kyurem|
|poke|p1|Sandslash-Alola, F|
|poke|p1|Moltres|
|poke|p1|Zamazenta-*|
|poke|p2|Garchomp, F|
|poke|p2|Hatterene, F|
|poke|p2|Zamazenta-*|
|poke|p2|Kingambit, M|
|poke|p2|Heatran, F|
|poke|p2|Zapdos|
|teampreview
|inactive|Battle timer is ON: inactive players will automatically lose when time's up. (requested by qwertyb0y)
|
|t:|1758308118
|teamsize|p1|6
|teamsize|p2|6
|start
|switch|p1a: Ninetales|Ninetales-Alola, F|100/100
|switch|p2a: Kingambit|Kingambit, M|100/100
|-weather|Snowscape|[from] ability: Snow Warning|[of] p1a: Ninetales
|turn|1
|
|t:|1758308125
|-end|p2a: Kingambit|fallenundefined|[silent]
|switch|p2a: Zapdos|Zapdos|100/100
|move|p1a: Ninetales|Aurora Veil|p1a: Ninetales
|-sidestart|p1: qwertyb0y|move: Aurora Veil
|
|-weather|Snowscape|[upkeep]
|upkeep
|turn|2
|
|t:|1758308131
|move|p1a: Ninetales|Blizzard|p2a: Zapdos
|-supereffective|p2a: Zapdos
|-damage|p2a: Zapdos|17/100
|move|p2a: Zapdos|Heat Wave|p1a: Ninetales
|-supereffective|p1a: Ninetales
|-damage|p1a: Ninetales|66/100
|
|-weather|Snowscape|[upkeep]
|upkeep
|turn|3
|
|t:|1758308138
|switch|p2a: Heatran|Heatran, F|100/100
|move|p1a: Ninetales|Blizzard|p2a: Heatran
|-resisted|p2a: Heatran
|-damage|p2a: Heatran|94/100
|-status|p2a: Heatran|frz
|
|-weather|Snowscape|[upkeep]
|-heal|p2a: Heatran|99/100 frz|[from] item: Leftovers
|upkeep
|turn|4
|
|t:|1758308149
|switch|p1a: Cetitan|Cetitan, M, shiny|100/100
|-curestatus|p2a: Heatran|frz|[msg]
|move|p2a: Heatran|Magma Storm|p1a: Cetitan
|-supereffective|p1a: Cetitan
|-damage|p1a: Cetitan|54/100
|-activate|p1a: Cetitan|move: Magma Storm|[of] p2a: Heatran
|
|-weather|Snowscape|[upkeep]
|-heal|p2a: Heatran|100/100|[from] item: Leftovers
|-damage|p1a: Cetitan|42/100|[from] move: Magma Storm|[partiallytrapped]
|upkeep
|-enditem|p1a: Cetitan|Sitrus Berry|[eat]
|-heal|p1a: Cetitan|67/100|[from] item: Sitrus Berry
|turn|5
|
|t:|1758308157
|-terastallize|p1a: Cetitan|Water
|move|p2a: Heatran|Protect|p2a: Heatran
|-singleturn|p2a: Heatran|Protect
|move|p1a: Cetitan|Belly Drum|p1a: Cetitan
|-damage|p1a: Cetitan|17/100
|-setboost|p1a: Cetitan|atk|6|[from] move: Belly Drum
|
|-weather|Snowscape|[upkeep]
|-damage|p1a: Cetitan|4/100|[from] move: Magma Storm|[partiallytrapped]
|-sideend|p1: qwertyb0y|move: Aurora Veil
|upkeep
|turn|6
|
|t:|1758308166
|-terastallize|p2a: Heatran|Grass
|move|p1a: Cetitan|Liquidation|p2a: Heatran
|-resisted|p2a: Heatran
|-damage|p2a: Heatran|30/100
|-unboost|p2a: Heatran|def|1
|move|p2a: Heatran|Substitute|p2a: Heatran
|-start|p2a: Heatran|Substitute
|-damage|p2a: Heatran|5/100
|
|-weather|Snowscape|[upkeep]
|-heal|p2a: Heatran|11/100|[from] item: Leftovers
|-damage|p1a: Cetitan|0 fnt|[from] move: Magma Storm|[partiallytrapped]
|faint|p1a: Cetitan
|upkeep
|
|t:|1758308175
|switch|p1a: Ninetales|Ninetales-Alola, F|66/100
|turn|7
|
|t:|1758308181
|move|p1a: Ninetales|Encore|p2a: Heatran
|-start|p2a: Heatran|Encore
|move|p2a: Heatran|Substitute|p2a: Heatran
|-fail|p2a: Heatran|move: Substitute
|
|-weather|Snowscape|[upkeep]
|-heal|p2a: Heatran|17/100|[from] item: Leftovers
|upkeep
|turn|8
|
|t:|1758308184
|move|p1a: Ninetales|Aurora Veil|p1a: Ninetales
|-sidestart|p1: qwertyb0y|move: Aurora Veil
|move|p2a: Heatran|Substitute|p2a: Heatran
|-fail|p2a: Heatran|move: Substitute
|
|-weather|none
|-heal|p2a: Heatran|24/100|[from] item: Leftovers
|upkeep
|turn|9
|
|t:|1758308186
|move|p1a: Ninetales|Freeze-Dry|p2a: Heatran
|-supereffective|p2a: Heatran
|-end|p2a: Heatran|Substitute
|move|p2a: Heatran|Substitute|p2a: Heatran
|-fail|p2a: Heatran|move: Substitute|[weak]
|
|-heal|p2a: Heatran|30/100|[from] item: Leftovers
|-end|p2a: Heatran|Encore
|upkeep
|turn|10
|
|t:|1758308192
|move|p2a: Heatran|Protect|p2a: Heatran
|-singleturn|p2a: Heatran|Protect
|move|p1a: Ninetales|Freeze-Dry|p2a: Heatran
|-activate|p2a: Heatran|move: Protect
|
|-heal|p2a: Heatran|36/100|[from] item: Leftovers
|upkeep
|turn|11
|
|t:|1758308197
|switch|p2a: Kingambit|Kingambit, M|100/100
|move|p1a: Ninetales|Blizzard|p2a: Kingambit
|-resisted|p2a: Kingambit
|-damage|p2a: Kingambit|81/100
|
|-heal|p2a: Kingambit|87/100|[from] item: Leftovers
|upkeep
|turn|12
|
|t:|1758308213
|switch|p1a: Moltres|Moltres|100/100
|-end|p2a: Kingambit|fallenundefined|[silent]
|switch|p2a: Hatterene|Hatterene, F|100/100
|
|-sideend|p1: qwertyb0y|move: Aurora Veil
|upkeep
|turn|13
|
|t:|1758308221
|switch|p2a: Garchomp|Garchomp, F, shiny|100/100
|move|p1a: Moltres|U-turn|p2a: Garchomp
|-damage|p2a: Garchomp|89/100
|-damage|p1a: Moltres|88/100|[from] ability: Rough Skin|[of] p2a: Garchomp
|-damage|p1a: Moltres|72/100|[from] item: Rocky Helmet|[of] p2a: Garchomp
|
|t:|1758308228
|switch|p1a: Ninetales|Ninetales-Alola, F|66/100|[from] U-turn
|-weather|Snowscape|[from] ability: Snow Warning|[of] p1a: Ninetales
|
|-weather|Snowscape|[upkeep]
|upkeep
|turn|14
|
|t:|1758308235
|switch|p2a: Heatran|Heatran, F, tera:Grass|36/100
|move|p1a: Ninetales|Aurora Veil|p1a: Ninetales
|-sidestart|p1: qwertyb0y|move: Aurora Veil
|
|-weather|Snowscape|[upkeep]
|-heal|p2a: Heatran|42/100|[from] item: Leftovers
|upkeep
|turn|15
|
|t:|1758308242
|move|p1a: Ninetales|Blizzard|p2a: Heatran
|-supereffective|p2a: Heatran
|-damage|p2a: Heatran|0 fnt
|faint|p2a: Heatran
|
|-weather|Snowscape|[upkeep]
|upkeep
|
|t:|1758308256
|switch|p2a: Hatterene|Hatterene, F|100/100
|turn|16
|
|t:|1758308263
|move|p1a: Ninetales|Blizzard|p2a: Hatterene
|-damage|p2a: Hatterene|69/100
|-status|p2a: Hatterene|frz
|cant|p2a: Hatterene|frz
|
|-weather|Snowscape|[upkeep]
|upkeep
|turn|17
|
|t:|1758308269
|move|p1a: Ninetales|Blizzard|p2a: Hatterene
|-damage|p2a: Hatterene|42/100 frz
|-curestatus|p2a: Hatterene|frz|[msg]
|move|p2a: Hatterene|Mystical Fire|p1a: Ninetales
|-supereffective|p1a: Ninetales
|-damage|p1a: Ninetales|41/100
|-unboost|p1a: Ninetales|spa|1
|
|-weather|Snowscape|[upkeep]
|upkeep
|turn|18
|c|☆qwertyb0y|what are the odds wtf
|
|t:|1758308282
|move|p1a: Ninetales|Blizzard|p2a: Hatterene
|-damage|p2a: Hatterene|23/100
|move|p2a: Hatterene|Future Sight|p1a: Ninetales
|-start|p2a: Hatterene|move: Future Sight
|
|-weather|Snowscape|[upkeep]
|-sideend|p1: qwertyb0y|move: Aurora Veil
|upkeep
|turn|19
|
|t:|1758308298
|switch|p1a: OneInAMilion|Sandslash-Alola, F|100/100
|move|p2a: Hatterene|Mystical Fire|p1a: OneInAMilion
|-supereffective|p1a: OneInAMilion
|-damage|p1a: OneInAMilion|0 fnt
|faint|p1a: OneInAMilion
|
|-weather|Snowscape|[upkeep]
|upkeep
|
|t:|1758308301
|switch|p1a: Ninetales|Ninetales-Alola, F|41/100
|turn|20
|
|t:|1758308303
|move|p1a: Ninetales|Aurora Veil|p1a: Ninetales
|-sidestart|p1: qwertyb0y|move: Aurora Veil
|move|p2a: Hatterene|Mystical Fire|p1a: Ninetales
|-supereffective|p1a: Ninetales
|-damage|p1a: Ninetales|12/100
|-unboost|p1a: Ninetales|spa|1
|
|-weather|none
|-end|p1a: Ninetales|move: Future Sight
|-damage|p1a: Ninetales|0 fnt
|faint|p1a: Ninetales
|upkeep
|
|t:|1758308312
|switch|p1a: Zamazenta|Zamazenta|100/100
|-ability|p1a: Zamazenta|Dauntless Shield|boost
|-boost|p1a: Zamazenta|def|1
|turn|21
|
|t:|1758308315
|move|p1a: Zamazenta|Heavy Slam|p2a: Hatterene
|-supereffective|p2a: Hatterene
|-damage|p2a: Hatterene|0 fnt
|faint|p2a: Hatterene
|
|upkeep
|
|t:|1758308321
|switch|p2a: Garchomp|Garchomp, F, shiny|89/100
|turn|22
|
|t:|1758308329
|move|p1a: Zamazenta|Iron Defense|p1a: Zamazenta
|-boost|p1a: Zamazenta|def|2
|move|p2a: Garchomp|Dragon Tail|p1a: Zamazenta
|-damage|p1a: Zamazenta|96/100
|drag|p1a: ColdVision|Kyurem|100/100
|-ability|p1a: ColdVision|Pressure
|
|upkeep
|turn|23
|
|t:|1758308335
|move|p1a: ColdVision|Blizzard|p2a: Garchomp|[miss]
|-miss|p1a: ColdVision|p2a: Garchomp
|move|p2a: Garchomp|Dragon Tail|p1a: ColdVision
|-supereffective|p1a: ColdVision
|-damage|p1a: ColdVision|74/100
|drag|p1a: Moltres|Moltres|72/100
|
|upkeep
|turn|24
|
|t:|1758308341
|move|p2a: Garchomp|Stealth Rock|p1a: Moltres
|-sidestart|p1: qwertyb0y|move: Stealth Rock
|move|p1a: Moltres|Hurricane|p2a: Garchomp
|-damage|p2a: Garchomp|27/100
|
|-sideend|p1: qwertyb0y|move: Aurora Veil
|upkeep
|turn|25
|
|t:|1758308345
|move|p1a: Moltres|Hurricane|p2a: Garchomp
|-damage|p2a: Garchomp|0 fnt
|faint|p2a: Garchomp
|
|upkeep
|
|t:|1758308351
|switch|p2a: Zapdos|Zapdos|17/100
|turn|26
|
|t:|1758308361
|switch|p1a: Zamazenta|Zamazenta|96/100
|-damage|p1a: Zamazenta|90/100|[from] Stealth Rock
|move|p2a: Zapdos|Roost|p2a: Zapdos
|-heal|p2a: Zapdos|67/100
|-singleturn|p2a: Zapdos|move: Roost
|
|-heal|p1a: Zamazenta|96/100|[from] item: Leftovers
|upkeep
|turn|27
|
|t:|1758308367
|move|p1a: Zamazenta|Heavy Slam|p2a: Zapdos
|-resisted|p2a: Zapdos
|-damage|p2a: Zapdos|56/100
|move|p2a: Zapdos|Thunder Wave|p1a: Zamazenta
|-status|p1a: Zamazenta|par
|
|-heal|p1a: Zamazenta|100/100 par|[from] item: Leftovers
|upkeep
|turn|28
|
|t:|1758308373
|move|p2a: Zapdos|Heat Wave|p1a: Zamazenta
|-damage|p1a: Zamazenta|80/100 par
|move|p1a: Zamazenta|Iron Defense|p1a: Zamazenta
|-boost|p1a: Zamazenta|def|2
|
|-heal|p1a: Zamazenta|87/100 par|[from] item: Leftovers
|upkeep
|turn|29
|
|t:|1758308381
|move|p2a: Zapdos|Heat Wave|p1a: Zamazenta
|-damage|p1a: Zamazenta|67/100 par
|move|p1a: Zamazenta|Iron Defense|p1a: Zamazenta
|-boost|p1a: Zamazenta|def|2
|
|-heal|p1a: Zamazenta|73/100 par|[from] item: Leftovers
|upkeep
|turn|30
|
|t:|1758308383
|move|p2a: Zapdos|Heat Wave|p1a: Zamazenta
|-damage|p1a: Zamazenta|52/100 par
|cant|p1a: Zamazenta|par
|
|-heal|p1a: Zamazenta|58/100 par|[from] item: Leftovers
|upkeep
|turn|31
|
|t:|1758308389
|move|p2a: Zapdos|Heat Wave|p1a: Zamazenta
|-damage|p1a: Zamazenta|37/100 par
|cant|p1a: Zamazenta|par
|
|-heal|p1a: Zamazenta|43/100 par|[from] item: Leftovers
|upkeep
|turn|32
|
|t:|1758308394
|move|p2a: Zapdos|Heat Wave|p1a: Zamazenta|[miss]
|-miss|p2a: Zapdos|p1a: Zamazenta
|cant|p1a: Zamazenta|par
|
|-heal|p1a: Zamazenta|49/100 par|[from] item: Leftovers
|upkeep
|turn|33
|
|t:|1758308400
|move|p2a: Zapdos|Heat Wave|p1a: Zamazenta
|-damage|p1a: Zamazenta|29/100 par
|move|p1a: Zamazenta|Body Press|p2a: Zapdos
|-resisted|p2a: Zapdos
|-damage|p2a: Zapdos|13/100
|
|-heal|p1a: Zamazenta|35/100 par|[from] item: Leftovers
|upkeep
|turn|34
|c|☆Absetia|mm
|
|t:|1758308409
|move|p2a: Zapdos|Heat Wave|p1a: Zamazenta
|-damage|p1a: Zamazenta|14/100 par
|move|p1a: Zamazenta|Iron Defense|p1a: Zamazenta
|-boost|p1a: Zamazenta|def|2
|
|-heal|p1a: Zamazenta|20/100 par|[from] item: Leftovers
|upkeep
|turn|35
|
|t:|1758308412
|move|p2a: Zapdos|Heat Wave|p1a: Zamazenta
|-damage|p1a: Zamazenta|0 fnt
|faint|p1a: Zamazenta
|
|upkeep
|c|☆Absetia|insane
|c|☆qwertyb0y|smh
|
|t:|1758308440
|switch|p1a: ColdVision|Kyurem|74/100
|-damage|p1a: ColdVision|50/100|[from] Stealth Rock
|-ability|p1a: ColdVision|Pressure
|turn|36
|
|t:|1758308444
|move|p1a: ColdVision|Freeze-Dry|p2a: Zapdos
|-supereffective|p2a: Zapdos
|-damage|p2a: Zapdos|0 fnt
|faint|p2a: Zapdos
|
|upkeep
|
|t:|1758308446
|switch|p2a: Zamazenta|Zamazenta|100/100
|-ability|p2a: Zamazenta|Dauntless Shield|boost
|-boost|p2a: Zamazenta|def|1
|turn|37
|
|t:|1758308451
|switch|p1a: Moltres|Moltres|72/100
|move|p2a: Zamazenta|Body Press|p1a: Moltres
|-resisted|p1a: Moltres
|-damage|p1a: Moltres|44/100
|
|upkeep
|turn|38
|
|t:|1758308454
|move|p2a: Zamazenta|Iron Defense|p2a: Zamazenta
|-boost|p2a: Zamazenta|def|2
|move|p1a: Moltres|Roost|p1a: Moltres
|-heal|p1a: Moltres|95/100
|-singleturn|p1a: Moltres|move: Roost
|
|upkeep
|turn|39
|
|t:|1758308459
|move|p1a: Moltres|Hurricane|p2a: Zamazenta
|-supereffective|p2a: Zamazenta
|-damage|p2a: Zamazenta|0 fnt
|faint|p2a: Zamazenta
|
|upkeep
|
|t:|1758308462
|switch|p2a: Kingambit|Kingambit, M|87/100
|-activate|p2a: Kingambit|ability: Supreme Overlord
|-start|p2a: Kingambit|fallen5|[silent]
|turn|40
|c|☆Absetia|gg
|
|t:|1758308467
|move|p1a: Moltres|Flamethrower|p2a: Kingambit
|-supereffective|p2a: Kingambit
|-damage|p2a: Kingambit|0 fnt
|faint|p2a: Kingambit
|-end|p2a: Kingambit|fallen5|[silent]
|
|win|qwertyb0y
|raw|qwertyb0y's rating: 1289 &rarr; <strong>1318</strong><br />(+29 for winning)
|raw|Absetia's rating: 1341 &rarr; <strong>1318</strong><br />(-23 for losing)
|c|☆qwertyb0y|ggs
|l|☆Absetia
|player|p2|
|l|☆qwertyb0y
|player|p1|
