|j|☆bladesatoshix
|j|☆YeQiu0
|t:|1758357104
|gametype|singles
|player|p1|bladesatoshix|drayden|1316
|player|p2|YeQiu0|dancer|1343
|gen|9
|tier|[Gen 9] OU
|rated|
|rule|HP Percentage Mod: HP is shown in percentages
|rule|Endless Battle Clause: Forcing endless battles is banned
|rule|Species Clause: Limit one of each Pokémon
|rule|OHKO Clause: OHKO moves are banned
|rule|Evasion Items Clause: Evasion items are banned
|rule|Evasion Moves Clause: Evasion moves are banned
|rule|Evasion Abilities Clause: Evasion abilities are banned
|rule|Sleep Moves Clause: Sleep-inducing moves are banned
|clearpoke
|poke|p1|Swampert, M|
|poke|p1|Clefable, F|
|poke|p1|Ogerpon-Cornerstone, F|
|poke|p1|Lokix, M|
|poke|p1|Weezing-Galar, M|
|poke|p1|Gholdengo|
|poke|p2|Alomomola, F|
|poke|p2|Lokix, F|
|poke|p2|Kingambit, M|
|poke|p2|Great Tusk|
|poke|p2|Glimmora, F|
|poke|p2|Zapdos|
|teampreview
|inactive|Battle timer is ON: inactive players will automatically lose when time's up. (requested by bladesatoshix)
|c|☆bladesatoshix|glhf :)
|
|t:|1758357112
|teamsize|p1|6
|teamsize|p2|6
|start
|switch|p1a: issho|Swampert, M|100/100
|switch|p2a: Glimmora|Glimmora, F|100/100
|turn|1
|
|t:|1758357119
|move|p2a: Glimmora|Stealth Rock|p1a: issho
|-sidestart|p1: bladesatoshix|move: Stealth Rock
|move|p1a: issho|Earthquake|p2a: Glimmora
|-supereffective|p2a: Glimmora
|-enditem|p2a: Glimmora|Focus Sash
|-damage|p2a: Glimmora|1/100
|-activate|p2a: Glimmora|ability: Toxic Debris
|-sidestart|p1: bladesatoshix|move: Toxic Spikes
|
|upkeep
|turn|2
|
|t:|1758357126
|switch|p2a: Alomomola|Alomomola, F|100/100
|move|p1a: issho|Knock Off|p2a: Alomomola
|-damage|p2a: Alomomola|86/100
|-enditem|p2a: Alomomola|Heavy-Duty Boots|[from] move: Knock Off|[of] p1a: issho
|
|upkeep
|turn|3
|
|t:|1758357136
|move|p1a: issho|Flip Turn|p2a: Alomomola
|-resisted|p2a: Alomomola
|-damage|p2a: Alomomola|81/100
|
|t:|1758357139
|switch|p1a: shiguma|Weezing-Galar, M, shiny|100/100|[from] Flip Turn
|-ability|p1a: shiguma|Neutralizing Gas
|-sideend|p1: bladesatoshix|move: Toxic Spikes|[of] p1a: shiguma
|move|p2a: Alomomola|Flip Turn|p1a: shiguma
|-damage|p1a: shiguma|86/100
|
|t:|1758357152
|switch|p2a: Great Tusk|Great Tusk|100/100|[from] Flip Turn
|
|upkeep
|turn|4
|
|t:|1758357155
|-end|p1a: shiguma|ability: Neutralizing Gas
|switch|p1a: chocho|Gholdengo|100/100
|-damage|p1a: chocho|94/100|[from] Stealth Rock
|-item|p1a: chocho|Air Balloon
|move|p2a: Great Tusk|Headlong Rush|p1a: chocho
|-immune|p1a: chocho
|
|upkeep
|turn|5
|
|t:|1758357165
|-end|p2a: Great Tusk|Protosynthesis|[silent]
|switch|p2a: Kingambit|Kingambit, M|100/100
|move|p1a: chocho|Make It Rain|p2a: Kingambit
|-resisted|p2a: Kingambit
|-damage|p2a: Kingambit|66/100
|-unboost|p1a: chocho|spa|1
|
|-heal|p2a: Kingambit|72/100|[from] item: Leftovers
|upkeep
|turn|6
|
|t:|1758357171
|switch|p1a: shiguma|Weezing-Galar, M, shiny|86/100
|-ability|p1a: shiguma|Neutralizing Gas
|move|p2a: Kingambit|Kowtow Cleave|p1a: shiguma
|-resisted|p1a: shiguma
|-damage|p1a: shiguma|63/100
|
|-heal|p2a: Kingambit|78/100|[from] item: Leftovers
|upkeep
|turn|7
|
|t:|1758357181
|move|p1a: shiguma|Will-O-Wisp|p2a: Kingambit
|-status|p2a: Kingambit|brn
|move|p2a: Kingambit|Iron Head|p1a: shiguma
|-supereffective|p1a: shiguma
|-damage|p1a: shiguma|18/100
|
|-heal|p2a: Kingambit|84/100 brn|[from] item: Leftovers
|-damage|p2a: Kingambit|78/100 brn|[from] brn
|upkeep
|turn|8
|
|t:|1758357187
|move|p1a: shiguma|Pain Split|p2a: Kingambit
|-sethp|p2a: Kingambit|47/100 brn|[from] move: Pain Split|[silent]
|-sethp|p1a: shiguma|55/100|[from] move: Pain Split
|move|p2a: Kingambit|Iron Head|p1a: shiguma
|-supereffective|p1a: shiguma
|-damage|p1a: shiguma|17/100
|
|-heal|p2a: Kingambit|53/100 brn|[from] item: Leftovers
|-damage|p2a: Kingambit|47/100 brn|[from] brn
|upkeep
|turn|9
|
|t:|1758357200
|move|p1a: shiguma|Defog|p2a: Kingambit
|-unboost|p2a: Kingambit|evasion|1
|-sideend|p1: bladesatoshix|Stealth Rock|[from] move: Defog|[of] p1a: shiguma
|move|p2a: Kingambit|Iron Head|p1a: shiguma
|-supereffective|p1a: shiguma
|-damage|p1a: shiguma|0 fnt
|faint|p1a: shiguma
|-end|p1a: shiguma|ability: Neutralizing Gas
|
|-heal|p2a: Kingambit|53/100 brn|[from] item: Leftovers
|-damage|p2a: Kingambit|47/100 brn|[from] brn
|upkeep
|
|t:|1758357208
|switch|p1a: issho|Swampert, M|100/100
|turn|10
|
|t:|1758357213
|-end|p2a: Kingambit|fallenundefined|[silent]
|switch|p2a: Alomomola|Alomomola, F|81/100
|move|p1a: issho|Stealth Rock|p2a: Alomomola
|-sidestart|p2: YeQiu0|move: Stealth Rock
|
|upkeep
|turn|11
|
|t:|1758357220
|move|p1a: issho|Flip Turn|p2a: Alomomola
|-resisted|p2a: Alomomola
|-damage|p2a: Alomomola|74/100
|
|t:|1758357226
|switch|p1a: chocho|Gholdengo|94/100|[from] Flip Turn
|-item|p1a: chocho|Air Balloon
|move|p2a: Alomomola|Wish|p2a: Alomomola
|
|upkeep
|turn|12
|
|t:|1758357233
|move|p1a: chocho|Nasty Plot|p1a: chocho
|-boost|p1a: chocho|spa|2
|move|p2a: Alomomola|Flip Turn|p1a: chocho
|-damage|p1a: chocho|79/100
|-enditem|p1a: chocho|Air Balloon
|
|t:|1758357241
|switch|p2a: Great Tusk|Great Tusk|100/100|[from] Flip Turn
|-damage|p2a: Great Tusk|98/100|[from] Stealth Rock
|
|-heal|p2a: Great Tusk|100/100|[from] move: Wish|[wisher] Alomomola
|upkeep
|turn|13
|
|t:|1758357244
|-terastallize|p1a: chocho|Flying
|move|p2a: Great Tusk|Headlong Rush|p1a: chocho
|-immune|p1a: chocho
|move|p1a: chocho|Make It Rain|p2a: Great Tusk
|-damage|p2a: Great Tusk|0 fnt
|-unboost|p1a: chocho|spa|1
|faint|p2a: Great Tusk
|-end|p2a: Great Tusk|Protosynthesis|[silent]
|
|upkeep
|
|t:|1758357252
|switch|p2a: Zapdos|Zapdos|100/100
|turn|14
|
|t:|1758357259
|switch|p1a: issho|Swampert, M|100/100
|move|p2a: Zapdos|Volt Switch|p1a: issho
|-immune|p1a: issho
|
|upkeep
|turn|15
|
|t:|1758357265
|switch|p2a: Alomomola|Alomomola, F|100/100
|-damage|p2a: Alomomola|88/100|[from] Stealth Rock
|move|p1a: issho|Knock Off|p2a: Alomomola
|-damage|p2a: Alomomola|80/100
|
|upkeep
|turn|16
|
|t:|1758357270
|move|p1a: issho|Earthquake|p2a: Alomomola
|-damage|p2a: Alomomola|60/100
|move|p2a: Alomomola|Flip Turn|p1a: issho
|-damage|p1a: issho|86/100
|
|t:|1758357277
|switch|p2a: Zapdos|Zapdos|100/100|[from] Flip Turn
|
|-heal|p1a: issho|92/100|[from] item: Leftovers
|upkeep
|turn|17
|
|t:|1758357283
|move|p2a: Zapdos|Hurricane|p1a: issho
|-damage|p1a: issho|58/100
|move|p1a: issho|Knock Off|p2a: Zapdos
|-damage|p2a: Zapdos|84/100
|-enditem|p2a: Zapdos|Heavy-Duty Boots|[from] move: Knock Off|[of] p1a: issho
|
|-heal|p1a: issho|64/100|[from] item: Leftovers
|upkeep
|turn|18
|
|t:|1758357292
|move|p2a: Zapdos|Hurricane|p1a: issho
|-damage|p1a: issho|28/100
|move|p1a: issho|Flip Turn|p2a: Zapdos
|-damage|p2a: Zapdos|60/100
|
|t:|1758357299
|switch|p1a: hikaru|Ogerpon-Cornerstone, F|100/100|[from] Flip Turn
|
|upkeep
|turn|19
|
|t:|1758357302
|move|p1a: hikaru|Ivy Cudgel|p2a: Zapdos|[anim] Ivy Cudgel Rock
|-supereffective|p2a: Zapdos
|-damage|p2a: Zapdos|0 fnt
|faint|p2a: Zapdos
|
|upkeep
|
|t:|1758357311
|switch|p2a: Kingambit|Kingambit, M|47/100 brn
|-damage|p2a: Kingambit|41/100 brn|[from] Stealth Rock
|-activate|p2a: Kingambit|ability: Supreme Overlord
|-start|p2a: Kingambit|fallen2|[silent]
|turn|20
|
|t:|1758357315
|switch|p1a: issho|Swampert, M|28/100
|move|p2a: Kingambit|Iron Head|p1a: issho
|-resisted|p1a: issho
|-damage|p1a: issho|16/100
|
|-heal|p1a: issho|22/100|[from] item: Leftovers
|-heal|p2a: Kingambit|47/100 brn|[from] item: Leftovers
|-damage|p2a: Kingambit|41/100 brn|[from] brn
|upkeep
|turn|21
|
|t:|1758357322
|-end|p2a: Kingambit|fallen2|[silent]
|switch|p2a: Alomomola|Alomomola, F|93/100
|-damage|p2a: Alomomola|81/100|[from] Stealth Rock
|move|p1a: issho|Flip Turn|p2a: Alomomola
|-resisted|p2a: Alomomola
|-damage|p2a: Alomomola|71/100
|
|t:|1758357329
|switch|p1a: hikaru|Ogerpon-Cornerstone, F|100/100|[from] Flip Turn
|
|upkeep
|turn|22
|
|t:|1758357331
|move|p1a: hikaru|Horn Leech|p2a: Alomomola
|-supereffective|p2a: Alomomola
|-damage|p2a: Alomomola|20/100
|move|p2a: Alomomola|Flip Turn|p1a: hikaru
|-damage|p1a: hikaru|77/100
|
|t:|1758357337
|switch|p2a: Lokix|Lokix, F|100/100|[from] Flip Turn
|-damage|p2a: Lokix|76/100|[from] Stealth Rock
|
|upkeep
|turn|23
|
|t:|1758357341
|switch|p1a: issho|Swampert, M|22/100
|move|p2a: Lokix|U-turn|p1a: issho
|-damage|p1a: issho|0 fnt
|faint|p1a: issho
|
|t:|1758357347
|switch|p2a: Alomomola|Alomomola, F|53/100|[from] U-turn
|-damage|p2a: Alomomola|41/100|[from] Stealth Rock
|
|upkeep
|
|t:|1758357350
|switch|p1a: hikaru|Ogerpon-Cornerstone, F|77/100
|turn|24
|
|t:|1758357354
|switch|p2a: Glimmora|Glimmora, F|1/100
|-damage|p2a: Glimmora|0 fnt|[from] Stealth Rock
|faint|p2a: Glimmora
|move|p1a: hikaru|Horn Leech|p2: Glimmora|[notarget]
|-fail|p1a: hikaru
|
|upkeep
|
|t:|1758357357
|switch|p2a: Lokix|Lokix, F|76/100
|-damage|p2a: Lokix|51/100|[from] Stealth Rock
|turn|25
|
|t:|1758357367
|switch|p1a: akane|Clefable, F|100/100
|move|p2a: Lokix|Knock Off|p1a: akane
|-resisted|p1a: akane
|-damage|p1a: akane|45/100
|-enditem|p1a: akane|Leftovers|[from] move: Knock Off|[of] p2a: Lokix
|
|upkeep
|turn|26
|
|t:|1758357376
|switch|p2a: Alomomola|Alomomola, F|74/100
|-damage|p2a: Alomomola|62/100|[from] Stealth Rock
|move|p1a: akane|Protect||[still]
|-fail|p1a: akane
|
|upkeep
|turn|27
|
|t:|1758357380
|move|p1a: akane|Wish|p1a: akane
|move|p2a: Alomomola|Wish|p2a: Alomomola
|
|upkeep
|turn|28
|
|t:|1758357383
|move|p1a: akane|Calm Mind|p1a: akane
|-boost|p1a: akane|spa|1
|-boost|p1a: akane|spd|1
|move|p2a: Alomomola|Flip Turn|p1a: akane
|-damage|p1a: akane|33/100
|
|t:|1758357388
|switch|p2a: Kingambit|Kingambit, M|41/100 brn|[from] Flip Turn
|-damage|p2a: Kingambit|35/100 brn|[from] Stealth Rock
|-activate|p2a: Kingambit|ability: Supreme Overlord
|-start|p2a: Kingambit|fallen3|[silent]
|
|-heal|p1a: akane|83/100|[from] move: Wish|[wisher] akane
|-heal|p2a: Kingambit|100/100 brn|[from] move: Wish|[wisher] Alomomola
|-damage|p2a: Kingambit|94/100 brn|[from] brn
|upkeep
|turn|29
|
|t:|1758357394
|move|p1a: akane|Protect|p1a: akane
|-singleturn|p1a: akane|Protect
|move|p2a: Kingambit|Swords Dance|p2a: Kingambit
|-boost|p2a: Kingambit|atk|2
|
|-heal|p2a: Kingambit|100/100 brn|[from] item: Leftovers
|-damage|p2a: Kingambit|94/100 brn|[from] brn
|upkeep
|turn|30
|
|t:|1758357400
|move|p1a: akane|Wish|p1a: akane
|move|p2a: Kingambit|Iron Head|p1a: akane
|-supereffective|p1a: akane
|-damage|p1a: akane|33/100
|
|-heal|p2a: Kingambit|100/100 brn|[from] item: Leftovers
|-damage|p2a: Kingambit|94/100 brn|[from] brn
|upkeep
|turn|31
|
|t:|1758357406
|move|p1a: akane|Protect|p1a: akane
|-singleturn|p1a: akane|Protect
|move|p2a: Kingambit|Swords Dance|p2a: Kingambit
|-boost|p2a: Kingambit|atk|2
|
|-heal|p1a: akane|83/100|[from] move: Wish|[wisher] akane
|-heal|p2a: Kingambit|100/100 brn|[from] item: Leftovers
|-damage|p2a: Kingambit|94/100 brn|[from] brn
|upkeep
|turn|32
|c|☆bladesatoshix|damn 49.7% through burn and unaware wow lol
|
|t:|1758357421
|move|p1a: akane|Wish|p1a: akane
|move|p2a: Kingambit|Iron Head|p1a: akane
|-supereffective|p1a: akane
|-damage|p1a: akane|39/100
|
|-heal|p2a: Kingambit|100/100 brn|[from] item: Leftovers
|-damage|p2a: Kingambit|94/100 brn|[from] brn
|upkeep
|turn|33
|
|t:|1758357429
|move|p1a: akane|Protect|p1a: akane
|-singleturn|p1a: akane|Protect
|move|p2a: Kingambit|Swords Dance|p2a: Kingambit
|-boost|p2a: Kingambit|atk|2
|
|-heal|p1a: akane|89/100|[from] move: Wish|[wisher] akane
|-heal|p2a: Kingambit|100/100 brn|[from] item: Leftovers
|-damage|p2a: Kingambit|94/100 brn|[from] brn
|upkeep
|turn|34
|c|☆bladesatoshix|like i said im unaware
|c|☆bladesatoshix|!DT unaware
|raw|<ul class="utilichart"><li class="result"><span class="col namecol"><a href="https://dex.pokemonshowdown.com/abilities/unaware">Unaware</a></span> <span class="col abilitydesccol">This Pokemon ignores other Pokemon's stat stages when taking or doing damage.</span> </li><li style="clear:both"></li></ul>
|raw|<font size="1"><font color="#686868">Gen:</font> 4&nbsp;|&ThickSpace;&#10003; Ignored by Mold Breaker</font>

|c|☆YeQiu0|i have no idea how kingambit is not banned
|c|☆bladesatoshix|me neither it's dumb lol
|
|t:|1758357457
|move|p1a: akane|Wish|p1a: akane
|move|p2a: Kingambit|Iron Head|p1a: akane
|-supereffective|p1a: akane
|-damage|p1a: akane|44/100
|
|-heal|p2a: Kingambit|100/100 brn|[from] item: Leftovers
|-damage|p2a: Kingambit|94/100 brn|[from] brn
|upkeep
|turn|35
|
|t:|1758357462
|move|p1a: akane|Protect|p1a: akane
|-singleturn|p1a: akane|Protect
|move|p2a: Kingambit|Swords Dance|p2a: Kingambit
|-boost|p2a: Kingambit|atk|0
|
|-heal|p1a: akane|94/100|[from] move: Wish|[wisher] akane
|-heal|p2a: Kingambit|100/100 brn|[from] item: Leftovers
|-damage|p2a: Kingambit|94/100 brn|[from] brn
|upkeep
|turn|36
|
|t:|1758357467
|move|p1a: akane|Wish|p1a: akane
|move|p2a: Kingambit|Iron Head|p1a: akane
|-supereffective|p1a: akane
|-damage|p1a: akane|44/100
|
|-heal|p2a: Kingambit|100/100 brn|[from] item: Leftovers
|-damage|p2a: Kingambit|94/100 brn|[from] brn
|upkeep
|turn|37
|
|t:|1758357473
|move|p1a: akane|Protect|p1a: akane
|-singleturn|p1a: akane|Protect
|move|p2a: Kingambit|Kowtow Cleave|p1a: akane
|-activate|p1a: akane|move: Protect
|
|-heal|p1a: akane|94/100|[from] move: Wish|[wisher] akane
|-heal|p2a: Kingambit|100/100 brn|[from] item: Leftovers
|-damage|p2a: Kingambit|94/100 brn|[from] brn
|upkeep
|turn|38
|
|t:|1758357478
|move|p1a: akane|Moonblast|p2a: Kingambit
|-damage|p2a: Kingambit|49/100 brn
|-unboost|p2a: Kingambit|spa|1
|move|p2a: Kingambit|Iron Head|p1a: akane
|-supereffective|p1a: akane
|-damage|p1a: akane|44/100
|
|-heal|p2a: Kingambit|56/100 brn|[from] item: Leftovers
|-damage|p2a: Kingambit|49/100 brn|[from] brn
|upkeep
|turn|39
|
|t:|1758357491
|-end|p2a: Kingambit|fallen3|[silent]
|switch|p2a: Alomomola|Alomomola, F|95/100
|-damage|p2a: Alomomola|83/100|[from] Stealth Rock
|move|p1a: akane|Wish|p1a: akane
|
|upkeep
|turn|40
|
|t:|1758357494
|move|p1a: akane|Moonblast|p2a: Alomomola
|-damage|p2a: Alomomola|27/100
|-unboost|p2a: Alomomola|spa|1
|move|p2a: Alomomola|Scald|p1a: akane
|-damage|p1a: akane|35/100
|
|-heal|p1a: akane|85/100|[from] move: Wish|[wisher] akane
|upkeep
|turn|41
|
|t:|1758357502
|move|p2a: Alomomola|Protect|p2a: Alomomola
|-singleturn|p2a: Alomomola|Protect
|move|p1a: akane|Moonblast|p2a: Alomomola
|-activate|p2a: Alomomola|move: Protect
|
|upkeep
|turn|42
|
|t:|1758357510
|move|p1a: akane|Calm Mind|p1a: akane
|-boost|p1a: akane|spa|1
|-boost|p1a: akane|spd|1
|move|p2a: Alomomola|Wish|p2a: Alomomola
|
|upkeep
|turn|43
|
|t:|1758357517
|move|p1a: akane|Wish|p1a: akane
|move|p2a: Alomomola|Flip Turn|p1a: akane
|-damage|p1a: akane|73/100
|
|t:|1758357521
|switch|p2a: Lokix|Lokix, F|51/100|[from] Flip Turn
|-damage|p2a: Lokix|26/100|[from] Stealth Rock
|
|-heal|p2a: Lokix|100/100|[from] move: Wish|[wisher] Alomomola
|upkeep
|turn|44
|
|t:|1758357525
|-terastallize|p2a: Lokix|Bug
|move|p1a: akane|Protect|p1a: akane
|-singleturn|p1a: akane|Protect
|move|p2a: Lokix|First Impression|p1a: akane
|-activate|p1a: akane|move: Protect
|
|-heal|p1a: akane|100/100|[from] move: Wish|[wisher] akane
|upkeep
|turn|45
|c|☆YeQiu0|well
|c|☆YeQiu0|gg
|
|t:|1758357533
|switch|p2a: Alomomola|Alomomola, F|60/100
|-damage|p2a: Alomomola|48/100|[from] Stealth Rock
|move|p1a: akane|Moonblast|p2a: Alomomola
|-damage|p2a: Alomomola|0 fnt
|faint|p2a: Alomomola
|
|upkeep
|
|t:|1758357535
|switch|p2a: Kingambit|Kingambit, M|49/100 brn
|-damage|p2a: Kingambit|43/100 brn|[from] Stealth Rock
|-activate|p2a: Kingambit|ability: Supreme Overlord
|-start|p2a: Kingambit|fallen4|[silent]
|turn|46
|
|t:|1758357537
|move|p1a: akane|Moonblast|p2a: Kingambit
|-damage|p2a: Kingambit|0 fnt
|faint|p2a: Kingambit
|-end|p2a: Kingambit|fallen4|[silent]
|
|upkeep
|
|t:|1758357540
|switch|p2a: Lokix|Lokix, F, tera:Bug|100/100
|-damage|p2a: Lokix|76/100|[from] Stealth Rock
|turn|47
|c|☆bladesatoshix|gg
|
|t:|1758357545
|move|p1a: akane|Protect|p1a: akane
|-singleturn|p1a: akane|Protect
|move|p2a: Lokix|Leech Life|p1a: akane
|-activate|p1a: akane|move: Protect
|
|upkeep
|turn|48
|
|t:|1758357546
|move|p2a: Lokix|Leech Life|p1a: akane
|-resisted|p1a: akane
|-damage|p1a: akane|43/100
|-heal|p2a: Lokix|100/100|[from] drain|[of] p1a: akane
|move|p1a: akane|Moonblast|p2a: Lokix
|-damage|p2a: Lokix|0 fnt
|faint|p2a: Lokix
|
|win|bladesatoshix
|raw|bladesatoshix's rating: 1316 &rarr; <strong>1338</strong><br />(+22 for winning)
|raw|YeQiu0's rating: 1343 &rarr; <strong>1321</strong><br />(-22 for losing)
|l|☆bladesatoshix
|player|p1|
|l|☆YeQiu0
|player|p2|
