|j|☆vsdackd
|j|☆callmecort3z
|t:|1758375498
|gametype|singles
|player|p1|vsdackd|265|1163
|player|p2|callmecort3z|unknown|1161
|gen|9
|tier|[Gen 9] OU
|rated|
|rule|HP Percentage Mod: HP is shown in percentages
|rule|Endless Battle Clause: Forcing endless battles is banned
|rule|Species Clause: Limit one of each Pokémon
|rule|OHKO Clause: OHKO moves are banned
|rule|Evasion Items Clause: Evasion items are banned
|rule|Evasion Moves Clause: Evasion moves are banned
|rule|Evasion Abilities Clause: Evasion abilities are banned
|rule|Sleep Moves Clause: Sleep-inducing moves are banned
|clearpoke
|poke|p1|Darkrai|
|poke|p1|Deoxys-Speed|
|poke|p1|Iron Valiant|
|poke|p1|Raging Bolt|
|poke|p1|Pecharunt|
|poke|p1|Iron Treads|
|poke|p2|Blaziken, F|
|poke|p2|Torkoal, F|
|poke|p2|Scizor, M|
|poke|p2|Walking Wake|
|poke|p2|Raging Bolt|
|poke|p2|Hatterene, F|
|teampreview
|
|t:|1758375505
|teamsize|p1|6
|teamsize|p2|6
|start
|switch|p1a: Raging Bolt|Raging Bolt|100/100
|switch|p2a: Snoop|Torkoal, F, shiny|100/100
|-weather|SunnyDay|[from] ability: Drought|[of] p2a: Snoop
|-activate|p1a: Raging Bolt|ability: Protosynthesis
|-start|p1a: Raging Bolt|protosynthesisspa
|turn|1
|
|t:|1758375512
|switch|p2a: Sloth|Hatterene, F, shiny|100/100
|move|p1a: Raging Bolt|Thunderbolt|p2a: Sloth
|-damage|p2a: Sloth|0 fnt
|faint|p2a: Sloth
|
|-weather|SunnyDay|[upkeep]
|upkeep
|
|t:|1758375530
|switch|p2a: Zarafa|Raging Bolt|100/100
|-activate|p2a: Zarafa|ability: Protosynthesis
|-start|p2a: Zarafa|protosynthesisspa
|turn|2
|
|t:|1758375535
|-end|p1a: Raging Bolt|Protosynthesis|[silent]
|switch|p1a: Iron Treads|Iron Treads|100/100
|-terastallize|p2a: Zarafa|Fairy
|move|p2a: Zarafa|Dragon Pulse|p1a: Iron Treads
|-resisted|p1a: Iron Treads
|-damage|p1a: Iron Treads|76/100
|
|-weather|SunnyDay|[upkeep]
|-heal|p1a: Iron Treads|82/100|[from] item: Leftovers
|upkeep
|turn|3
|
|t:|1758375542
|-end|p2a: Zarafa|Protosynthesis|[silent]
|switch|p2a: Envy|Scizor, M, shiny|100/100
|move|p1a: Iron Treads|Earthquake|p2a: Envy
|-damage|p2a: Envy|63/100
|
|-weather|SunnyDay|[upkeep]
|-heal|p1a: Iron Treads|88/100|[from] item: Leftovers
|upkeep
|turn|4
|
|t:|1758375549
|-end|p1a: Iron Treads|Quark Drive|[silent]
|switch|p1a: Pecharunt|Pecharunt|100/100
|-item|p1a: Pecharunt|Air Balloon
|move|p2a: Envy|Close Combat|p1a: Pecharunt
|-immune|p1a: Pecharunt
|
|-weather|SunnyDay|[upkeep]
|upkeep
|turn|5
|
|t:|1758375558
|switch|p2a: Snoop|Torkoal, F, shiny|100/100
|move|p1a: Pecharunt|Parting Shot|p2a: Snoop
|-unboost|p2a: Snoop|atk|1
|-unboost|p2a: Snoop|spa|1
|
|t:|1758375561
|switch|p1a: Raging Bolt|Raging Bolt|100/100|[from] Parting Shot
|-activate|p1a: Raging Bolt|ability: Protosynthesis
|-start|p1a: Raging Bolt|protosynthesisspa
|
|-weather|SunnyDay|[upkeep]
|upkeep
|turn|6
|
|t:|1758375566
|move|p1a: Raging Bolt|Draco Meteor|p2a: Snoop
|-damage|p2a: Snoop|0 fnt
|-unboost|p1a: Raging Bolt|spa|2
|faint|p2a: Snoop
|
|-weather|SunnyDay|[upkeep]
|upkeep
|
|t:|1758375572
|switch|p2a: Michael Jackson|Blaziken, F, shiny|100/100
|turn|7
|
|t:|1758375576
|move|p2a: Michael Jackson|Swords Dance|p2a: Michael Jackson
|-boost|p2a: Michael Jackson|atk|2
|move|p1a: Raging Bolt|Draco Meteor|p2a: Michael Jackson
|-damage|p2a: Michael Jackson|0 fnt
|-unboost|p1a: Raging Bolt|spa|2
|faint|p2a: Michael Jackson
|
|-weather|SunnyDay|[upkeep]
|upkeep
|
|t:|1758375583
|switch|p2a: Jala|Walking Wake|100/100
|-activate|p2a: Jala|ability: Protosynthesis
|-start|p2a: Jala|protosynthesisspe
|turn|8
|
|t:|1758375587
|-terastallize|p1a: Raging Bolt|Fairy
|move|p2a: Jala|Draco Meteor|p1a: Raging Bolt
|-immune|p1a: Raging Bolt
|move|p1a: Raging Bolt|Draco Meteor|p2a: Jala
|-supereffective|p2a: Jala
|-damage|p2a: Jala|0 fnt
|-unboost|p1a: Raging Bolt|spa|2
|faint|p2a: Jala
|-end|p2a: Jala|Protosynthesis|[silent]
|
|-weather|none
|-end|p1a: Raging Bolt|Protosynthesis
|upkeep
|-message|callmecort3z forfeited.
|
|win|vsdackd
|raw|vsdackd's rating: 1163 &rarr; <strong>1188</strong><br />(+25 for winning)
|raw|callmecort3z's rating: 1161 &rarr; <strong>1136</strong><br />(-25 for losing)
|l|☆callmecort3z
|player|p2|
