|j|☆useless0o0
|j|☆Moreiny
|t:|1758346032
|gametype|singles
|player|p1|useless0o0|170|1342
|player|p2|Moreiny|102|1384
|gen|9
|tier|[Gen 9] OU
|rated|
|rule|HP Percentage Mod: HP is shown in percentages
|rule|Endless Battle Clause: Forcing endless battles is banned
|rule|Species Clause: Limit one of each Pokémon
|rule|OHKO Clause: OHKO moves are banned
|rule|Evasion Items Clause: Evasion items are banned
|rule|Evasion Moves Clause: Evasion moves are banned
|rule|Evasion Abilities Clause: Evasion abilities are banned
|rule|Sleep Moves Clause: Sleep-inducing moves are banned
|clearpoke
|poke|p1|Pecharunt|
|poke|p1|Chansey, F|
|poke|p1|Enamorus, F|
|poke|p1|Ogerpon-Wellspring, F|
|poke|p1|Great Tusk|
|poke|p1|Kingambit, F|
|poke|p2|Indeedee, M|
|poke|p2|Great Tusk|
|poke|p2|Iron Crown|
|poke|p2|Polteageist|
|poke|p2|Hawlucha, M|
|poke|p2|Deoxys-Speed|
|teampreview
|inactive|Battle timer is ON: inactive players will automatically lose when time's up. (requested by useless0o0)
|inactive|useless0o0 has 120 seconds left.
|
|t:|1758346073
|teamsize|p1|6
|teamsize|p2|6
|start
|switch|p1a: Ogerpon|Ogerpon-Wellspring, F|100/100
|switch|p2a: Great Tusk|Great Tusk|100/100
|turn|1
|
|t:|1758346080
|move|p1a: Ogerpon|Ivy Cudgel|p2a: Great Tusk|[anim] Ivy Cudgel Water
|-supereffective|p2a: Great Tusk
|-damage|p2a: Great Tusk|42/100
|move|p2a: Great Tusk|Stealth Rock|p1a: Ogerpon
|-sidestart|p1: useless0o0|move: Stealth Rock
|
|upkeep
|turn|2
|
|t:|1758346095
|move|p1a: Ogerpon|U-turn|p2a: Great Tusk
|-resisted|p2a: Great Tusk
|-damage|p2a: Great Tusk|35/100
|-damage|p1a: Ogerpon|84/100|[from] item: Rocky Helmet|[of] p2a: Great Tusk
|
|t:|1758346112
|switch|p1a: Enamorus|Enamorus, F|100/100|[from] U-turn
|-damage|p1a: Enamorus|76/100|[from] Stealth Rock
|move|p2a: Great Tusk|Rapid Spin|p1a: Enamorus
|-crit|p1a: Enamorus
|-damage|p1a: Enamorus|41/100
|-boost|p2a: Great Tusk|spe|1
|
|upkeep
|turn|3
|
|t:|1758346128
|move|p2a: Great Tusk|Knock Off|p1a: Enamorus
|-resisted|p1a: Enamorus
|-damage|p1a: Enamorus|17/100
|-enditem|p1a: Enamorus|Expert Belt|[from] move: Knock Off|[of] p2a: Great Tusk
|move|p1a: Enamorus|Moonblast|p2a: Great Tusk
|-supereffective|p2a: Great Tusk
|-damage|p2a: Great Tusk|0 fnt
|faint|p2a: Great Tusk
|-end|p2a: Great Tusk|Protosynthesis|[silent]
|
|upkeep
|
|t:|1758346135
|switch|p2a: Deoxys|Deoxys-Speed|100/100
|-ability|p2a: Deoxys|Pressure
|turn|4
|
|t:|1758346147
|move|p2a: Deoxys|Expanding Force|p1a: Enamorus
|-damage|p1a: Enamorus|0 fnt
|faint|p1a: Enamorus
|
|upkeep
|inactive|useless0o0 has 120 seconds left.
|
|t:|1758346169
|switch|p1a: Margaret|Chansey, F|100/100
|-damage|p1a: Margaret|88/100|[from] Stealth Rock
|turn|5
|
|t:|1758346173
|move|p2a: Deoxys|Superpower|p1a: Margaret
|-supereffective|p1a: Margaret
|-damage|p1a: Margaret|52/100
|-unboost|p2a: Deoxys|atk|1
|-unboost|p2a: Deoxys|def|1
|move|p1a: Margaret|Thunder Wave|p2a: Deoxys
|-status|p2a: Deoxys|par
|
|upkeep
|turn|6
|
|t:|1758346185
|switch|p2a: Indeedee|Indeedee, M|100/100
|-fieldstart|move: Psychic Terrain|[from] ability: Psychic Surge|[of] p2a: Indeedee
|move|p1a: Margaret|Stealth Rock|p2a: Indeedee
|-sidestart|p2: Moreiny|move: Stealth Rock
|
|upkeep
|turn|7
|
|t:|1758346196
|move|p2a: Indeedee|Encore|p1a: Margaret
|-start|p1a: Margaret|Encore
|move|p1a: Margaret|Stealth Rock||[still]
|-fail|p1a: Margaret
|
|upkeep
|turn|8
|
|t:|1758346202
|switch|p1a: Kingambit|Kingambit, F|100/100
|-damage|p1a: Kingambit|94/100|[from] Stealth Rock
|-activate|p1a: Kingambit|ability: Supreme Overlord
|-start|p1a: Kingambit|fallen1|[silent]
|move|p2a: Indeedee|Dazzling Gleam|p1a: Kingambit
|-damage|p1a: Kingambit|69/100
|
|upkeep
|turn|9
|
|t:|1758346216
|switch|p2a: Deoxys|Deoxys-Speed|100/100 par
|-damage|p2a: Deoxys|88/100 par|[from] Stealth Rock
|-ability|p2a: Deoxys|Pressure
|-end|p1a: Kingambit|fallen1|[silent]
|switch|p1a: Margaret|Chansey, F|52/100
|-damage|p1a: Margaret|40/100|[from] Stealth Rock
|
|upkeep
|turn|10
|
|t:|1758346234
|switch|p2a: Hawlucha|Hawlucha, M|100/100
|-damage|p2a: Hawlucha|88/100|[from] Stealth Rock
|-enditem|p2a: Hawlucha|Psychic Seed
|-boost|p2a: Hawlucha|spd|1|[from] item: Psychic Seed
|move|p1a: Margaret|Soft-Boiled|p1a: Margaret
|-heal|p1a: Margaret|90/100
|
|upkeep
|turn|11
|
|t:|1758346252
|switch|p1a: Pecharunt|Pecharunt|100/100
|-damage|p1a: Pecharunt|88/100|[from] Stealth Rock
|move|p2a: Hawlucha|Encore||[still]
|-fail|p2a: Hawlucha
|
|upkeep
|turn|12
|
|t:|1758346257
|-terastallize|p2a: Hawlucha|Steel
|move|p2a: Hawlucha|Swords Dance|p2a: Hawlucha
|-boost|p2a: Hawlucha|atk|2
|move|p1a: Pecharunt|Malignant Chain|p2a: Hawlucha
|-immune|p2a: Hawlucha
|
|upkeep
|turn|13
|l|☆Moreiny
|inactive|Moreiny disconnected and has a minute to reconnect!
|player|p2|
|inactive|Moreiny has 30 seconds to reconnect!
|inactive|Moreiny has 20 seconds to reconnect!
|j|☆Moreiny
|inactive|Moreiny reconnected and has 100 seconds left.
|player|p2|Moreiny|102|
|
|t:|1758346316
|move|p2a: Hawlucha|Swords Dance|p2a: Hawlucha
|-boost|p2a: Hawlucha|atk|2
|move|p1a: Pecharunt|Parting Shot|p2a: Hawlucha
|-unboost|p2a: Hawlucha|atk|1
|-unboost|p2a: Hawlucha|spa|1
|
|t:|1758346338
|switch|p1a: Ogerpon|Ogerpon-Wellspring, F|84/100|[from] Parting Shot
|-damage|p1a: Ogerpon|72/100|[from] Stealth Rock
|
|-fieldend|move: Psychic Terrain
|upkeep
|turn|14
|
|t:|1758346344
|-terastallize|p1a: Ogerpon|Water
|detailschange|p1a: Ogerpon|Ogerpon-Wellspring-Tera, F, tera:Water
|-ability|p1a: Ogerpon|Embody Aspect (Wellspring)|boost
|-boost|p1a: Ogerpon|spd|1
|move|p2a: Hawlucha|Acrobatics|p1a: Ogerpon
|-damage|p1a: Ogerpon|0 fnt
|faint|p1a: Ogerpon
|detailschange|p1: Ogerpon|Ogerpon-Wellspring, F|[silent]
|
|upkeep
|-message|useless0o0 forfeited.
|
|win|Moreiny
|raw|useless0o0's rating: 1342 &rarr; <strong>1324</strong><br />(-18 for losing)
|raw|Moreiny's rating: 1384 &rarr; <strong>1402</strong><br />(+18 for winning)
|l|☆useless0o0
|player|p1|
|l|☆Moreiny
|player|p2|
