|j|☆Can't swim 7
|j|☆ohshittigueraje
|t:|1758350103
|gametype|singles
|player|p1|Can't swim 7|fisherman-gen4|1259
|player|p2|ohshittigueraje|265|1179
|gen|9
|tier|[Gen 9] OU
|rated|
|rule|HP Percentage Mod: HP is shown in percentages
|rule|Endless Battle Clause: Forcing endless battles is banned
|rule|Species Clause: Limit one of each Pokémon
|rule|OHKO Clause: OHKO moves are banned
|rule|Evasion Items Clause: Evasion items are banned
|rule|Evasion Moves Clause: Evasion moves are banned
|rule|Evasion Abilities Clause: Evasion abilities are banned
|rule|Sleep Moves Clause: Sleep-inducing moves are banned
|clearpoke
|poke|p1|Gholdengo|
|poke|p1|Iron Treads|
|poke|p1|Raging Bolt|
|poke|p1|Moltres|
|poke|p1|Dragonite, M|
|poke|p1|Walking Wake|
|poke|p2|Alomomola, M|
|poke|p2|Slowking-Galar, M|
|poke|p2|Scizor, M|
|poke|p2|Rotom-Wash|
|poke|p2|Cryogonal|
|poke|p2|Ambipom, F|
|teampreview
|inactive|Battle timer is ON: inactive players will automatically lose when time's up. (requested by Can't swim 7)
|
|t:|1758350113
|teamsize|p1|6
|teamsize|p2|6
|start
|switch|p1a: Dragonite|Dragonite, M|100/100
|switch|p2a: Ambipom|Ambipom, F|100/100
|turn|1
|
|t:|1758350124
|switch|p1a: Gholdengo|Gholdengo|100/100
|move|p2a: Ambipom|Fake Out|p1a: Gholdengo
|-immune|p1a: Gholdengo
|
|upkeep
|turn|2
|
|t:|1758350135
|move|p1a: Gholdengo|Make It Rain|p2a: Ambipom
|-damage|p2a: Ambipom|2/100
|-unboost|p1a: Gholdengo|spa|1
|move|p2a: Ambipom|Knock Off|p1a: Gholdengo
|-supereffective|p1a: Gholdengo
|-damage|p1a: Gholdengo|27/100
|-enditem|p1a: Gholdengo|Choice Scarf|[from] move: Knock Off|[of] p2a: Ambipom
|
|upkeep
|turn|3
|
|t:|1758350156
|move|p2a: Ambipom|Knock Off|p1a: Gholdengo
|-supereffective|p1a: Gholdengo
|-damage|p1a: Gholdengo|0 fnt
|faint|p1a: Gholdengo
|
|upkeep
|
|t:|1758350161
|switch|p1a: Iron Treads|Iron Treads|100/100
|turn|4
|
|t:|1758350170
|move|p2a: Ambipom|U-turn|p1a: Iron Treads
|-resisted|p1a: Iron Treads
|-damage|p1a: Iron Treads|91/100
|
|t:|1758350177
|switch|p2a: Alomomola|Alomomola, M|100/100|[from] U-turn
|move|p1a: Iron Treads|Rapid Spin|p2a: Alomomola
|-damage|p2a: Alomomola|92/100
|-boost|p1a: Iron Treads|spe|1
|-damage|p1a: Iron Treads|74/100|[from] item: Rocky Helmet|[of] p2a: Alomomola
|
|upkeep
|turn|5
|
|t:|1758350190
|move|p1a: Iron Treads|Knock Off|p2a: Alomomola
|-damage|p2a: Alomomola|75/100
|-damage|p1a: Iron Treads|58/100|[from] item: Rocky Helmet|[of] p2a: Alomomola
|-enditem|p2a: Alomomola|Rocky Helmet|[from] move: Knock Off|[of] p1a: Iron Treads
|move|p2a: Alomomola|Flip Turn|p1a: Iron Treads
|-supereffective|p1a: Iron Treads
|-damage|p1a: Iron Treads|31/100
|
|t:|1758350202
|switch|p2a: Ambipom|Ambipom, F|2/100|[from] Flip Turn
|
|upkeep
|turn|6
|
|t:|1758350211
|-end|p1a: Iron Treads|Quark Drive|[silent]
|switch|p1a: Moltres|Moltres|100/100
|move|p2a: Ambipom|Fake Out|p1a: Moltres
|-damage|p1a: Moltres|72/100
|-status|p2a: Ambipom|brn|[from] ability: Flame Body|[of] p1a: Moltres
|
|-damage|p2a: Ambipom|0 fnt|[from] brn
|faint|p2a: Ambipom
|upkeep
|
|t:|1758350225
|switch|p2a: Slowking|Slowking-Galar, M|100/100
|turn|7
|
|t:|1758350245
|move|p1a: Moltres|Scorching Sands|p2a: Slowking
|-supereffective|p2a: Slowking
|-damage|p2a: Slowking|74/100
|move|p2a: Slowking|Sludge Bomb|p1a: Moltres
|-damage|p1a: Moltres|41/100
|
|-heal|p2a: Slowking|80/100|[from] item: Black Sludge
|upkeep
|turn|8
|
|t:|1758350261
|switch|p1a: Iron Treads|Iron Treads|31/100
|-prepare|p2a: Slowking|Chilly Reception|[premajor]
|move|p2a: Slowking|Chilly Reception|p2a: Slowking
|-weather|Snowscape
|
|t:|1758350270
|switch|p2a: Alomomola|Alomomola, M|100/100|[from] Chilly Reception
|
|-weather|Snowscape|[upkeep]
|upkeep
|turn|9
|
|t:|1758350279
|move|p1a: Iron Treads|Earthquake|p2a: Alomomola
|-damage|p2a: Alomomola|73/100
|move|p2a: Alomomola|Flip Turn|p1a: Iron Treads
|-supereffective|p1a: Iron Treads
|-damage|p1a: Iron Treads|2/100
|inactive|ohshittigueraje has 120 seconds left.
|
|t:|1758350324
|switch|p2a: Scizor|Scizor, M|100/100|[from] Flip Turn
|
|-weather|Snowscape|[upkeep]
|upkeep
|turn|10
|
|t:|1758350331
|move|p2a: Scizor|Bullet Punch|p1a: Iron Treads
|-resisted|p1a: Iron Treads
|-damage|p1a: Iron Treads|0 fnt
|faint|p1a: Iron Treads
|-end|p1a: Iron Treads|Quark Drive|[silent]
|
|-weather|Snowscape|[upkeep]
|upkeep
|
|t:|1758350342
|switch|p1a: Dragonite|Dragonite, M|100/100
|turn|11
|
|t:|1758350348
|move|p2a: Scizor|Bullet Punch|p1a: Dragonite
|-damage|p1a: Dragonite|83/100
|move|p1a: Dragonite|Dragon Dance|p1a: Dragonite
|-boost|p1a: Dragonite|atk|1
|-boost|p1a: Dragonite|spe|1
|
|-weather|Snowscape|[upkeep]
|upkeep
|turn|12
|inactive|ohshittigueraje has 120 seconds left.
|
|t:|1758350358
|move|p2a: Scizor|Bullet Punch|p1a: Dragonite
|-damage|p1a: Dragonite|46/100
|move|p1a: Dragonite|Earthquake|p2a: Scizor
|-damage|p2a: Scizor|40/100
|
|-weather|none
|-heal|p2a: Scizor|46/100|[from] item: Leftovers
|upkeep
|turn|13
|inactive|ohshittigueraje has 120 seconds left.
|
|t:|1758350381
|move|p2a: Scizor|Bullet Punch|p1a: Dragonite
|-damage|p1a: Dragonite|14/100
|move|p1a: Dragonite|Earthquake|p2a: Scizor
|-damage|p2a: Scizor|0 fnt
|faint|p2a: Scizor
|
|upkeep
|
|t:|1758350394
|switch|p2a: Rotom|Rotom-Wash|100/100
|turn|14
|
|t:|1758350401
|move|p1a: Dragonite|Extreme Speed|p2a: Rotom
|-damage|p2a: Rotom|49/100
|move|p2a: Rotom|Volt Switch|p1a: Dragonite
|-damage|p1a: Dragonite|0 fnt
|faint|p1a: Dragonite
|
|t:|1758350409
|switch|p2a: Slowking|Slowking-Galar, M|100/100|[from] Volt Switch
|
|upkeep
|
|t:|1758350423
|switch|p1a: Walking Wake|Walking Wake|100/100
|turn|15
|
|t:|1758350429
|move|p1a: Walking Wake|Draco Meteor|p2a: Slowking
|-damage|p2a: Slowking|50/100
|-unboost|p1a: Walking Wake|spa|2
|-prepare|p2a: Slowking|Chilly Reception|[premajor]
|move|p2a: Slowking|Chilly Reception|p2a: Slowking
|-weather|Snowscape
|
|t:|1758350440
|switch|p2a: Cryogonal|Cryogonal|100/100|[from] Chilly Reception
|
|-weather|Snowscape|[upkeep]
|upkeep
|turn|16
|
|t:|1758350453
|-end|p1a: Walking Wake|Protosynthesis|[silent]
|switch|p1a: Moltres|Moltres|41/100
|move|p2a: Cryogonal|Aurora Veil|p2a: Cryogonal
|-sidestart|p2: ohshittigueraje|move: Aurora Veil
|
|-weather|Snowscape|[upkeep]
|upkeep
|turn|17
|inactive|ohshittigueraje has 120 seconds left.
|
|t:|1758350468
|switch|p2a: Rotom|Rotom-Wash|49/100
|move|p1a: Moltres|Roost|p1a: Moltres
|-heal|p1a: Moltres|91/100
|-singleturn|p1a: Moltres|move: Roost
|
|-weather|Snowscape|[upkeep]
|upkeep
|turn|18
|inactive|ohshittigueraje has 120 seconds left.
|
|t:|1758350489
|switch|p1a: Raging Bolt|Raging Bolt|100/100
|-enditem|p1a: Raging Bolt|Booster Energy
|-activate|p1a: Raging Bolt|ability: Protosynthesis|[fromitem]
|-start|p1a: Raging Bolt|protosynthesisspa
|move|p2a: Rotom|Volt Switch|p1a: Raging Bolt
|-resisted|p1a: Raging Bolt
|-damage|p1a: Raging Bolt|94/100
|
|t:|1758350497
|switch|p2a: Slowking|Slowking-Galar, M|84/100|[from] Volt Switch
|
|-weather|Snowscape|[upkeep]
|-heal|p2a: Slowking|90/100|[from] item: Black Sludge
|upkeep
|turn|19
|inactive|ohshittigueraje has 120 seconds left.
|
|t:|1758350505
|move|p1a: Raging Bolt|Calm Mind|p1a: Raging Bolt
|-boost|p1a: Raging Bolt|spa|1
|-boost|p1a: Raging Bolt|spd|1
|move|p2a: Slowking|Sludge Bomb|p1a: Raging Bolt
|-damage|p1a: Raging Bolt|69/100
|-status|p1a: Raging Bolt|psn
|
|-weather|none
|-heal|p2a: Slowking|96/100|[from] item: Black Sludge
|-damage|p1a: Raging Bolt|57/100 psn|[from] psn
|upkeep
|turn|20
|inactive|ohshittigueraje has 120 seconds left.
|
|t:|1758350518
|move|p1a: Raging Bolt|Thunderbolt|p2a: Slowking
|-damage|p2a: Slowking|64/100
|move|p2a: Slowking|Sludge Bomb|p1a: Raging Bolt
|-damage|p1a: Raging Bolt|31/100 psn
|
|-heal|p2a: Slowking|70/100|[from] item: Black Sludge
|-damage|p1a: Raging Bolt|19/100 psn|[from] psn
|upkeep
|turn|21
|inactive|ohshittigueraje has 120 seconds left.
|inactive|ohshittigueraje has 90 seconds left.
|
|t:|1758350559
|-end|p1a: Raging Bolt|Protosynthesis|[silent]
|switch|p1a: Moltres|Moltres|91/100
|move|p2a: Slowking|Sludge Bomb|p1a: Moltres
|-damage|p1a: Moltres|62/100
|-status|p1a: Moltres|psn
|
|-heal|p2a: Slowking|76/100|[from] item: Black Sludge
|-damage|p1a: Moltres|50/100 psn|[from] psn
|upkeep
|turn|22
|inactive|ohshittigueraje has 90 seconds left.
|
|t:|1758350571
|move|p1a: Moltres|Scorching Sands|p2a: Slowking
|-supereffective|p2a: Slowking
|-damage|p2a: Slowking|63/100
|move|p2a: Slowking|Sludge Bomb|p1a: Moltres
|-damage|p1a: Moltres|21/100 psn
|
|-heal|p2a: Slowking|69/100|[from] item: Black Sludge
|-damage|p1a: Moltres|9/100 psn|[from] psn
|upkeep
|turn|23
|inactive|ohshittigueraje has 90 seconds left.
|
|t:|1758350592
|move|p1a: Moltres|Roost|p1a: Moltres
|-heal|p1a: Moltres|59/100 psn
|-singleturn|p1a: Moltres|move: Roost
|-prepare|p2a: Slowking|Chilly Reception|[premajor]
|move|p2a: Slowking|Chilly Reception|p2a: Slowking
|-weather|Snowscape
|
|t:|1758350600
|switch|p2a: Rotom|Rotom-Wash|49/100|[from] Chilly Reception
|
|-weather|Snowscape|[upkeep]
|-damage|p1a: Moltres|46/100 psn|[from] psn
|-sideend|p2: ohshittigueraje|move: Aurora Veil
|upkeep
|turn|24
|
|t:|1758350611
|move|p2a: Rotom|Volt Switch|p1a: Moltres
|-supereffective|p1a: Moltres
|-damage|p1a: Moltres|3/100 psn
|
|t:|1758350620
|switch|p2a: Slowking|Slowking-Galar, M|100/100|[from] Volt Switch
|move|p1a: Moltres|Roost|p1a: Moltres
|-heal|p1a: Moltres|53/100 psn
|-singleturn|p1a: Moltres|move: Roost
|
|-weather|Snowscape|[upkeep]
|-damage|p1a: Moltres|41/100 psn|[from] psn
|upkeep
|turn|25
|-message|Can't swim 7 forfeited.
|
|win|ohshittigueraje
|raw|Can&apos;t swim 7's rating: 1259 &rarr; <strong>1228</strong><br />(-31 for losing)
|raw|ohshittigueraje's rating: 1179 &rarr; <strong>1210</strong><br />(+31 for winning)
|l|☆Can't swim 7
|player|p1|
|l|☆ohshittigueraje
|player|p2|
