|j|☆PkScept
|j|☆mingying
|t:|1758291366
|gametype|singles
|player|p1|PkScept|170|1390
|player|p2|mingying|102|1443
|gen|9
|tier|[Gen 9] OU
|rated|
|rule|HP Percentage Mod: HP is shown in percentages
|rule|Endless Battle Clause: Forcing endless battles is banned
|rule|Species Clause: Limit one of each Pokémon
|rule|OHKO Clause: OHKO moves are banned
|rule|Evasion Items Clause: Evasion items are banned
|rule|Evasion Moves Clause: Evasion moves are banned
|rule|Evasion Abilities Clause: Evasion abilities are banned
|rule|Sleep Moves Clause: Sleep-inducing moves are banned
|clearpoke
|poke|p1|Venomoth, F|
|poke|p1|Alomomola, M|
|poke|p1|Corviknight, F|
|poke|p1|Rillaboom, M|
|poke|p1|Slowking-Galar, M|
|poke|p1|Hawlucha, M|
|poke|p2|Iron Valiant|
|poke|p2|Dragapult, M|
|poke|p2|Dragonite, M|
|poke|p2|Hatterene, F|
|poke|p2|Great Tusk|
|poke|p2|Darkrai|
|teampreview
|inactive|Battle timer is ON: inactive players will automatically lose when time's up. (requested by mingying)
|
|t:|1758291393
|teamsize|p1|6
|teamsize|p2|6
|start
|switch|p1a: Venomoth|Venomoth, F, shiny|100/100
|switch|p2a: Dragapult|Dragapult, M|100/100
|turn|1
|
|t:|1758291400
|switch|p2a: Hatterene|Hatterene, F|100/100
|switch|p1a: Raven|Corviknight, F|100/100
|-ability|p1a: Raven|Pressure
|
|upkeep
|turn|2
|
|t:|1758291404
|move|p1a: Raven|U-turn|p2a: Hatterene
|-damage|p2a: Hatterene|83/100
|
|t:|1758291414
|switch|p1a: Rillaboom|Rillaboom, M|100/100|[from] U-turn
|-fieldstart|move: Grassy Terrain|[from] ability: Grassy Surge|[of] p1a: Rillaboom
|move|p2a: Hatterene|Psyshock|p1a: Rillaboom
|-damage|p1a: Rillaboom|52/100
|
|-heal|p1a: Rillaboom|58/100|[from] Grassy Terrain
|-heal|p2a: Hatterene|89/100|[from] Grassy Terrain
|upkeep
|turn|3
|
|t:|1758291432
|switch|p2a: Dragonite|Dragonite, M|100/100
|move|p1a: Rillaboom|Knock Off|p2a: Dragonite
|-damage|p2a: Dragonite|80/100
|-enditem|p2a: Dragonite|Life Orb|[from] move: Knock Off|[of] p1a: Rillaboom
|
|-heal|p1a: Rillaboom|64/100|[from] Grassy Terrain
|upkeep
|turn|4
|
|t:|1758291438
|switch|p1a: Raven|Corviknight, F|100/100
|-ability|p1a: Raven|Pressure
|switch|p2a: Dragapult|Dragapult, M|100/100
|
|upkeep
|turn|5
|
|t:|1758291443
|move|p2a: Dragapult|Shadow Ball|p1a: Raven
|-damage|p1a: Raven|47/100
|move|p1a: Raven|U-turn|p2a: Dragapult
|-resisted|p2a: Dragapult
|-damage|p2a: Dragapult|91/100
|inactive|PkScept has 120 seconds left.
|inactive|PkScept has 90 seconds left.
|
|t:|1758291522
|switch|p1a: Mephistus|Slowking-Galar, M|100/100|[from] U-turn
|
|-heal|p2a: Dragapult|97/100|[from] Grassy Terrain
|upkeep
|turn|6
|
|t:|1758291536
|move|p2a: Dragapult|Shadow Ball|p1a: Mephistus
|-supereffective|p1a: Mephistus
|-damage|p1a: Mephistus|44/100
|move|p1a: Mephistus|Toxic|p2a: Dragapult
|-status|p2a: Dragapult|tox
|
|-heal|p2a: Dragapult|100/100 tox|[from] Grassy Terrain
|-heal|p1a: Mephistus|50/100|[from] Grassy Terrain
|-damage|p2a: Dragapult|95/100 tox|[from] psn
|-fieldend|move: Grassy Terrain
|upkeep
|turn|7
|
|t:|1758291549
|switch|p1a: Maho|Alomomola, M|100/100
|move|p2a: Dragapult|Shadow Ball|p1a: Maho
|-damage|p1a: Maho|33/100
|-unboost|p1a: Maho|spd|1
|
|-damage|p2a: Dragapult|83/100 tox|[from] psn
|upkeep
|turn|8
|
|t:|1758291565
|-terastallize|p2a: Dragapult|Ghost
|move|p1a: Maho|Protect|p1a: Maho
|-singleturn|p1a: Maho|Protect
|move|p2a: Dragapult|Shadow Ball|p1a: Maho
|-activate|p1a: Maho|move: Protect
|
|-damage|p2a: Dragapult|65/100 tox|[from] psn
|upkeep
|turn|9
|
|t:|1758291573
|switch|p1a: Rillaboom|Rillaboom, M|64/100
|-fieldstart|move: Grassy Terrain|[from] ability: Grassy Surge|[of] p1a: Rillaboom
|move|p2a: Dragapult|Shadow Ball|p1a: Rillaboom
|-damage|p1a: Rillaboom|0 fnt
|faint|p1a: Rillaboom
|
|-heal|p2a: Dragapult|71/100 tox|[from] Grassy Terrain
|-damage|p2a: Dragapult|47/100 tox|[from] psn
|upkeep
|
|t:|1758291574
|switch|p1a: Hawlucha|Hawlucha, M|100/100
|-enditem|p1a: Hawlucha|Grassy Seed
|-boost|p1a: Hawlucha|def|1|[from] item: Grassy Seed
|turn|10
|
|t:|1758291580
|move|p1a: Hawlucha|Acrobatics|p2a: Dragapult
|-damage|p2a: Dragapult|0 fnt
|faint|p2a: Dragapult
|
|upkeep
|
|t:|1758291585
|switch|p2a: Hatterene|Hatterene, F|89/100
|turn|11
|
|t:|1758291588
|-terastallize|p1a: Hawlucha|Grass
|move|p1a: Hawlucha|Substitute|p1a: Hawlucha
|-start|p1a: Hawlucha|Substitute
|-damage|p1a: Hawlucha|76/100
|move|p2a: Hatterene|Psychic Noise|p1a: Hawlucha
|-damage|p1a: Hawlucha|13/100
|-start|p1a: Hawlucha|move: Heal Block
|
|-heal|p2a: Hatterene|95/100|[from] Grassy Terrain
|upkeep
|turn|12
|
|t:|1758291597
|move|p1a: Hawlucha|Acrobatics|p2a: Hatterene
|-damage|p2a: Hatterene|42/100
|move|p2a: Hatterene|Psychic Noise|p1a: Hawlucha
|-damage|p1a: Hawlucha|0 fnt
|faint|p1a: Hawlucha
|
|-heal|p2a: Hatterene|48/100|[from] Grassy Terrain
|upkeep
|
|t:|1758291602
|switch|p1a: Venomoth|Venomoth, F, shiny|100/100
|turn|13
|
|t:|1758291606
|move|p1a: Venomoth|Sludge Bomb|p2a: Hatterene
|-supereffective|p2a: Hatterene
|-crit|p2a: Hatterene
|-damage|p2a: Hatterene|0 fnt
|faint|p2a: Hatterene
|
|-fieldend|move: Grassy Terrain
|upkeep
|
|t:|1758291617
|switch|p2a: Iron Valiant|Iron Valiant|100/100
|turn|14
|
|t:|1758291621
|move|p2a: Iron Valiant|Psyshock|p1a: Venomoth
|-supereffective|p1a: Venomoth
|-damage|p1a: Venomoth|0 fnt
|faint|p1a: Venomoth
|-damage|p2a: Iron Valiant|91/100|[from] item: Life Orb
|
|upkeep
|
|t:|1758291624
|switch|p1a: Mephistus|Slowking-Galar, M|83/100
|turn|15
|
|t:|1758291627
|move|p2a: Iron Valiant|Knock Off|p1a: Mephistus
|-supereffective|p1a: Mephistus
|-damage|p1a: Mephistus|0 fnt
|-enditem|p1a: Mephistus|Heavy-Duty Boots|[from] move: Knock Off|[of] p2a: Iron Valiant
|faint|p1a: Mephistus
|-damage|p2a: Iron Valiant|81/100|[from] item: Life Orb
|
|upkeep
|
|t:|1758291629
|switch|p1a: Maho|Alomomola, M|66/100
|turn|16
|
|t:|1758291632
|move|p2a: Iron Valiant|Thunderbolt|p1a: Maho
|-supereffective|p1a: Maho
|-damage|p1a: Maho|0 fnt
|faint|p1a: Maho
|-damage|p2a: Iron Valiant|71/100|[from] item: Life Orb
|
|upkeep
|-message|PkScept forfeited.
|
|win|mingying
|raw|PkScept's rating: 1390 &rarr; <strong>1373</strong><br />(-17 for losing)
|raw|mingying's rating: 1443 &rarr; <strong>1460</strong><br />(+17 for winning)
|l|☆PkScept
|player|p1|
|l|☆mingying
|player|p2|
