|j|☆thepablo09
|j|☆seethemalldie
|t:|1758376211
|gametype|singles
|player|p1|thepablo09|102|1244
|player|p2|seethemalldie|102|1275
|gen|9
|tier|[Gen 9] OU
|rated|
|rule|HP Percentage Mod: HP is shown in percentages
|rule|Endless Battle Clause: Forcing endless battles is banned
|rule|Species Clause: Limit one of each Pokémon
|rule|OHKO Clause: OHKO moves are banned
|rule|Evasion Items Clause: Evasion items are banned
|rule|Evasion Moves Clause: Evasion moves are banned
|rule|Evasion Abilities Clause: Evasion abilities are banned
|rule|Sleep Moves Clause: Sleep-inducing moves are banned
|clearpoke
|poke|p1|Dragapult, F|
|poke|p1|Iron Moth|
|poke|p1|Slowking-Galar, F|
|poke|p1|Corviknight, F|
|poke|p1|Pecharunt|
|poke|p1|Gliscor, F|
|poke|p2|Scizor, F|
|poke|p2|Toxtricity-Low-Key, F|
|poke|p2|Hydreigon, M|
|poke|p2|Iron Valiant|
|poke|p2|Ogerpon-Wellspring, F|
|poke|p2|Arcanine-Hisui, M|
|teampreview
|inactive|Battle timer is ON: inactive players will automatically lose when time's up. (requested by seethemalldie)
|
|t:|1758376221
|teamsize|p1|6
|teamsize|p2|6
|start
|switch|p1a: Corviknight|Corviknight, F|100/100
|switch|p2a: Trip|Hydreigon, M, shiny|100/100
|-ability|p1a: Corviknight|Pressure
|turn|1
|
|t:|1758376232
|switch|p1a: Slowking|Slowking-Galar, F|100/100
|move|p2a: Trip|Taunt|p1a: Slowking
|-start|p1a: Slowking|move: Taunt
|
|upkeep
|turn|2
|
|t:|1758376240
|move|p2a: Trip|Tailwind|p2a: Trip
|-sidestart|p2: seethemalldie|move: Tailwind
|move|p1a: Slowking|Ice Beam|p2a: Trip
|-supereffective|p2a: Trip
|-damage|p2a: Trip|33/100
|
|upkeep
|turn|3
|
|t:|1758376248
|move|p2a: Trip|Draco Meteor|p1a: Slowking
|-damage|p1a: Slowking|70/100
|-unboost|p2a: Trip|spa|2
|-enditem|p2a: Trip|Eject Pack
|
|t:|1758376264
|switch|p2a: Chili|Toxtricity-Low-Key, F|100/100
|move|p1a: Slowking|Ice Beam|p2a: Chili
|-damage|p2a: Chili|53/100
|
|-end|p1a: Slowking|move: Taunt
|upkeep
|turn|4
|
|t:|1758376272
|-terastallize|p2a: Chili|Normal
|move|p2a: Chili|Boomburst|p1a: Slowking
|-damage|p1a: Slowking|0 fnt
|faint|p1a: Slowking
|
|upkeep
|
|t:|1758376281
|switch|p1a: Pecharunt|Pecharunt|100/100
|turn|5
|
|t:|1758376287
|switch|p2a: Solid|Scizor, F|100/100
|move|p1a: Pecharunt|Malignant Chain|p2a: Solid
|-immune|p2a: Solid
|
|-sideend|p2: seethemalldie|move: Tailwind
|upkeep
|turn|6
|
|t:|1758376295
|move|p1a: Pecharunt|Parting Shot|p2a: Solid
|-unboost|p2a: Solid|atk|1
|-unboost|p2a: Solid|spa|1
|
|t:|1758376298
|switch|p1a: Corviknight|Corviknight, F|100/100|[from] Parting Shot
|-ability|p1a: Corviknight|Pressure
|move|p2a: Solid|Swords Dance|p2a: Solid
|-boost|p2a: Solid|atk|2
|
|upkeep
|turn|7
|
|t:|1758376310
|move|p1a: Corviknight|Brave Bird|p2a: Solid
|-damage|p2a: Solid|64/100
|-damage|p1a: Corviknight|90/100|[from] Recoil
|move|p2a: Solid|Swords Dance|p2a: Solid
|-boost|p2a: Solid|atk|2
|
|upkeep
|turn|8
|
|t:|1758376324
|move|p1a: Corviknight|Brave Bird|p2a: Solid
|-damage|p2a: Solid|33/100
|-damage|p1a: Corviknight|81/100|[from] Recoil
|move|p2a: Solid|Knock Off|p1a: Corviknight
|-damage|p1a: Corviknight|42/100
|-damage|p2a: Solid|16/100|[from] item: Rocky Helmet|[of] p1a: Corviknight
|-enditem|p1a: Corviknight|Rocky Helmet|[from] move: Knock Off|[of] p2a: Solid
|
|upkeep
|turn|9
|
|t:|1758376339
|switch|p2a: Archie|Arcanine-Hisui, M|100/100
|move|p1a: Corviknight|Brave Bird|p2a: Archie
|-resisted|p2a: Archie
|-damage|p2a: Archie|77/100
|-damage|p1a: Corviknight|35/100|[from] Recoil
|
|upkeep
|turn|10
|
|t:|1758376349
|move|p2a: Archie|Head Smash|p1a: Corviknight
|-damage|p1a: Corviknight|0 fnt
|faint|p1a: Corviknight
|
|upkeep
|
|t:|1758376353
|switch|p1a: Pecharunt|Pecharunt|100/100
|turn|11
|
|t:|1758376362
|switch|p2a: Solid|Scizor, F|16/100
|move|p1a: Pecharunt|Parting Shot|p2a: Solid
|-unboost|p2a: Solid|atk|1
|-unboost|p2a: Solid|spa|1
|
|t:|1758376371
|switch|p1a: Dragapult|Dragapult, F|100/100|[from] Parting Shot
|
|upkeep
|turn|12
|
|t:|1758376375
|move|p2a: Solid|Bullet Punch|p1a: Dragapult
|-damage|p1a: Dragapult|77/100
|move|p1a: Dragapult|Dragon Darts|p2a: Solid
|-resisted|p2a: Solid
|-damage|p2a: Solid|5/100
|-anim|p1a: Dragapult|Dragon Darts|p2a: Solid
|-resisted|p2a: Solid
|-damage|p2a: Solid|0 fnt
|faint|p2a: Solid
|
|-heal|p1a: Dragapult|83/100|[from] item: Leftovers
|upkeep
|
|t:|1758376402
|switch|p2a: Berry|Ogerpon-Wellspring, F|100/100
|turn|13
|
|t:|1758376414
|switch|p1a: Pecharunt|Pecharunt|100/100
|move|p2a: Berry|Knock Off|p1a: Pecharunt
|-supereffective|p1a: Pecharunt
|-damage|p1a: Pecharunt|65/100
|-enditem|p1a: Pecharunt|Heavy-Duty Boots|[from] move: Knock Off|[of] p2a: Berry
|
|upkeep
|turn|14
|
|t:|1758376438
|switch|p2a: Trip|Hydreigon, M, shiny|33/100
|move|p1a: Pecharunt|Malignant Chain|p2a: Trip
|-damage|p2a: Trip|0 fnt
|faint|p2a: Trip
|
|upkeep
|inactive|seethemalldie has 120 seconds left.
|
|t:|1758376461
|switch|p2a: Nite|Iron Valiant, shiny|100/100
|turn|15
|
|t:|1758376465
|move|p2a: Nite|Shadow Ball|p1a: Pecharunt
|-supereffective|p1a: Pecharunt
|-damage|p1a: Pecharunt|0 fnt
|faint|p1a: Pecharunt
|
|upkeep
|
|t:|1758376468
|switch|p1a: Iron Moth|Iron Moth|100/100
|-enditem|p1a: Iron Moth|Booster Energy
|-activate|p1a: Iron Moth|ability: Quark Drive|[fromitem]
|-start|p1a: Iron Moth|quarkdrivespe
|turn|16
|inactive|seethemalldie has 120 seconds left.
|inactive|seethemalldie has 90 seconds left.
|
|t:|1758376530
|-end|p2a: Nite|Quark Drive|[silent]
|switch|p2a: Archie|Arcanine-Hisui, M|77/100
|move|p1a: Iron Moth|Fiery Dance|p2a: Archie
|-resisted|p2a: Archie
|-damage|p2a: Archie|65/100
|
|upkeep
|turn|17
|inactive|thepablo09 has 120 seconds left.
|inactive|thepablo09 has 90 seconds left.
|inactive|thepablo09 has 60 seconds left.
|
|t:|1758376621
|move|p1a: Iron Moth|Sludge Wave|p2a: Archie
|-resisted|p2a: Archie
|-damage|p2a: Archie|35/100
|move|p2a: Archie|Head Smash|p1a: Iron Moth
|-supereffective|p1a: Iron Moth
|-damage|p1a: Iron Moth|0 fnt
|faint|p1a: Iron Moth
|-end|p1a: Iron Moth|Quark Drive|[silent]
|
|upkeep
|inactive|thepablo09 has 60 seconds left.
|
|t:|1758376630
|switch|p1a: Gliscor|Gliscor, F|100/100
|turn|18
|inactive|seethemalldie has 90 seconds left.
|
|t:|1758376651
|switch|p2a: Chili|Toxtricity-Low-Key, F, tera:Normal|53/100
|move|p1a: Gliscor|Protect||[still]
|-fail|p1a: Gliscor
|
|-status|p1a: Gliscor|tox|[from] item: Toxic Orb
|upkeep
|turn|19
|
|t:|1758376662
|move|p2a: Chili|Boomburst|p1a: Gliscor
|-damage|p1a: Gliscor|0 fnt
|faint|p1a: Gliscor
|
|upkeep
|
|t:|1758376665
|switch|p1a: Dragapult|Dragapult, F|83/100
|turn|20
|
|t:|1758376669
|move|p1a: Dragapult|Dragon Dance|p1a: Dragapult
|-boost|p1a: Dragapult|atk|1
|-boost|p1a: Dragapult|spe|1
|move|p2a: Chili|Boomburst|p1a: Dragapult
|-immune|p1a: Dragapult
|
|-heal|p1a: Dragapult|89/100|[from] item: Leftovers
|upkeep
|turn|21
|inactive|thepablo09 has 90 seconds left.
|
|t:|1758376681
|switch|p2a: Archie|Arcanine-Hisui, M|35/100
|move|p1a: Dragapult|Dragon Dance|p1a: Dragapult
|-boost|p1a: Dragapult|atk|1
|-boost|p1a: Dragapult|spe|1
|
|-heal|p1a: Dragapult|95/100|[from] item: Leftovers
|upkeep
|turn|22
|
|t:|1758376688
|move|p1a: Dragapult|Dragon Darts|p2a: Archie
|-damage|p2a: Archie|0 fnt
|faint|p2a: Archie
|
|-heal|p1a: Dragapult|100/100|[from] item: Leftovers
|upkeep
|inactive|seethemalldie has 90 seconds left.
|
|t:|1758376712
|switch|p2a: Berry|Ogerpon-Wellspring, F|100/100
|turn|23
|
|t:|1758376720
|move|p1a: Dragapult|Dragon Darts|p2a: Berry
|-crit|p2a: Berry
|-damage|p2a: Berry|11/100
|-anim|p1a: Dragapult|Dragon Darts|p2a: Berry
|-damage|p2a: Berry|0 fnt
|faint|p2a: Berry
|
|upkeep
|
|t:|1758376726
|switch|p2a: Nite|Iron Valiant, shiny|100/100
|turn|24
|inactive|seethemalldie has 90 seconds left.
|
|t:|1758376742
|move|p1a: Dragapult|Phantom Force||[still]
|-prepare|p1a: Dragapult|Phantom Force
|move|p2a: Nite|Moonblast|p1a: Dragapult|[miss]
|-miss|p2a: Nite|p1a: Dragapult
|
|upkeep
|turn|25
|
|t:|1758376754
|-end|p2a: Nite|Quark Drive|[silent]
|switch|p2a: Chili|Toxtricity-Low-Key, F, tera:Normal|53/100
|move|p1a: Dragapult|Phantom Force|p2a: Chili|[from] lockedmove
|-immune|p2a: Chili
|
|upkeep
|turn|26
|inactive|seethemalldie has 90 seconds left.
|l|☆seethemalldie
|inactive|seethemalldie disconnected and has a minute to reconnect!
|player|p2|
|j|☆seethemalldie
|inactive|seethemalldie reconnected and has 70 seconds left.
|player|p2|seethemalldie|102|
|
|t:|1758376794
|switch|p2a: Nite|Iron Valiant, shiny|100/100
|move|p1a: Dragapult|Substitute|p1a: Dragapult
|-start|p1a: Dragapult|Substitute
|-damage|p1a: Dragapult|76/100
|
|-heal|p1a: Dragapult|82/100|[from] item: Leftovers
|upkeep
|turn|27
|inactive|seethemalldie has 60 seconds left.
|
|t:|1758376812
|-end|p2a: Nite|Quark Drive|[silent]
|switch|p2a: Chili|Toxtricity-Low-Key, F, tera:Normal|53/100
|move|p1a: Dragapult|Phantom Force||[still]
|-prepare|p1a: Dragapult|Phantom Force
|
|-heal|p1a: Dragapult|88/100|[from] item: Leftovers
|upkeep
|turn|28
|inactive|seethemalldie has 60 seconds left.
|
|t:|1758376822
|move|p1a: Dragapult|Phantom Force|p2a: Chili|[from] lockedmove
|-immune|p2a: Chili
|move|p2a: Chili|Volt Switch|p1a: Dragapult
|-resisted|p1a: Dragapult
|-end|p1a: Dragapult|Substitute
|inactive|seethemalldie has 60 seconds left.
|
|t:|1758376829
|switch|p2a: Nite|Iron Valiant, shiny|100/100|[from] Volt Switch
|
|-heal|p1a: Dragapult|94/100|[from] item: Leftovers
|upkeep
|turn|29
|
|t:|1758376836
|move|p1a: Dragapult|Phantom Force||[still]
|-prepare|p1a: Dragapult|Phantom Force
|move|p2a: Nite|Moonblast|p1a: Dragapult|[miss]
|-miss|p2a: Nite|p1a: Dragapult
|
|-heal|p1a: Dragapult|99/100|[from] item: Leftovers
|upkeep
|turn|30
|
|t:|1758376849
|-end|p2a: Nite|Quark Drive|[silent]
|switch|p2a: Chili|Toxtricity-Low-Key, F, tera:Normal|53/100
|move|p1a: Dragapult|Phantom Force|p2a: Chili|[from] lockedmove
|-immune|p2a: Chili
|
|-heal|p1a: Dragapult|100/100|[from] item: Leftovers
|upkeep
|turn|31
|
|t:|1758376862
|switch|p2a: Nite|Iron Valiant, shiny|100/100
|move|p1a: Dragapult|Dragon Darts|p2a: Nite
|-immune|p2a: Nite
|
|upkeep
|turn|32
|inactive|seethemalldie has 60 seconds left.
|
|t:|1758376887
|-end|p2a: Nite|Quark Drive|[silent]
|switch|p2a: Chili|Toxtricity-Low-Key, F, tera:Normal|53/100
|move|p1a: Dragapult|Phantom Force||[still]
|-prepare|p1a: Dragapult|Phantom Force
|
|upkeep
|turn|33
|
|t:|1758376907
|move|p1a: Dragapult|Phantom Force|p2a: Chili|[from] lockedmove
|-immune|p2a: Chili
|move|p2a: Chili|Volt Switch|p1a: Dragapult
|-resisted|p1a: Dragapult
|-damage|p1a: Dragapult|62/100
|
|t:|1758376913
|switch|p2a: Nite|Iron Valiant, shiny|100/100|[from] Volt Switch
|
|-heal|p1a: Dragapult|68/100|[from] item: Leftovers
|upkeep
|turn|34
|
|t:|1758376925
|move|p1a: Dragapult|Substitute|p1a: Dragapult
|-start|p1a: Dragapult|Substitute
|-damage|p1a: Dragapult|43/100
|move|p2a: Nite|Moonblast|p1a: Dragapult
|-supereffective|p1a: Dragapult
|-end|p1a: Dragapult|Substitute
|
|-heal|p1a: Dragapult|49/100|[from] item: Leftovers
|upkeep
|turn|35
|
|t:|1758376936
|-end|p2a: Nite|Quark Drive|[silent]
|switch|p2a: Chili|Toxtricity-Low-Key, F, tera:Normal|53/100
|move|p1a: Dragapult|Phantom Force||[still]
|-prepare|p1a: Dragapult|Phantom Force
|
|-heal|p1a: Dragapult|55/100|[from] item: Leftovers
|upkeep
|turn|36
|
|t:|1758376944
|move|p1a: Dragapult|Phantom Force|p2a: Chili|[from] lockedmove
|-immune|p2a: Chili
|move|p2a: Chili|Overdrive|p1a: Dragapult
|-resisted|p1a: Dragapult
|-damage|p1a: Dragapult|0 fnt
|faint|p1a: Dragapult
|
|win|seethemalldie
|raw|thepablo09's rating: 1244 &rarr; <strong>1221</strong><br />(-23 for losing)
|raw|seethemalldie's rating: 1275 &rarr; <strong>1298</strong><br />(+23 for winning)
|l|☆seethemalldie
|player|p2|
