|j|☆rosie54
|j|☆boredbattle
|t:|1758312192
|gametype|singles
|player|p1|rosie54|lady-gen4|1113
|player|p2|boredbattle|2|1133
|gen|9
|tier|[Gen 9] OU
|rated|
|rule|HP Percentage Mod: HP is shown in percentages
|rule|Endless Battle Clause: Forcing endless battles is banned
|rule|Species Clause: Limit one of each Pokémon
|rule|OHKO Clause: OHKO moves are banned
|rule|Evasion Items Clause: Evasion items are banned
|rule|Evasion Moves Clause: Evasion moves are banned
|rule|Evasion Abilities Clause: Evasion abilities are banned
|rule|Sleep Moves Clause: Sleep-inducing moves are banned
|clearpoke
|poke|p1|Jirachi|
|poke|p1|Gardevoir, F|
|poke|p1|Persian, F|
|poke|p1|Mew|
|poke|p1|Cloyster, F|
|poke|p1|Clefable, F|
|poke|p2|Garganacl, M|
|poke|p2|Grimmsnarl, M|
|poke|p2|Mudsdale, F|
|poke|p2|Walking Wake|
|poke|p2|Vileplume, F|
|poke|p2|Skeledirge, M|
|teampreview
|inactive|Battle timer is ON: inactive players will automatically lose when time's up. (requested by boredbattle)
|
|t:|1758312202
|teamsize|p1|6
|teamsize|p2|6
|start
|switch|p1a: Persian|Persian, F|100/100
|switch|p2a: Vileplume|Vileplume, F|100/100
|turn|1
|
|t:|1758312209
|move|p2a: Vileplume|Protect|p2a: Vileplume
|-singleturn|p2a: Vileplume|Protect
|move|p1a: Persian|Nasty Plot|p1a: Persian
|-boost|p1a: Persian|spa|2
|
|upkeep
|turn|2
|
|t:|1758312216
|move|p1a: Persian|Icy Wind|p2a: Vileplume
|-supereffective|p2a: Vileplume
|-damage|p2a: Vileplume|27/100
|-unboost|p2a: Vileplume|spe|1
|move|p2a: Vileplume|Leech Seed|p1a: Persian
|-start|p1a: Persian|move: Leech Seed
|
|-damage|p1a: Persian|88/100|[from] Leech Seed|[of] p2a: Vileplume
|-heal|p2a: Vileplume|37/100|[silent]
|upkeep
|turn|3
|
|t:|1758312227
|switch|p2a: Skeledirge|Skeledirge, M|100/100
|move|p1a: Persian|Nasty Plot|p1a: Persian
|-boost|p1a: Persian|spa|2
|
|-damage|p1a: Persian|76/100|[from] Leech Seed|[of] p2a: Skeledirge
|upkeep
|turn|4
|
|t:|1758312238
|move|p1a: Persian|Thunderbolt|p2a: Skeledirge
|-damage|p2a: Skeledirge|84/100
|-status|p2a: Skeledirge|par
|move|p2a: Skeledirge|Torch Song|p1a: Persian
|-damage|p1a: Persian|22/100
|-boost|p2a: Skeledirge|spa|1
|-enditem|p2a: Skeledirge|Throat Spray
|-boost|p2a: Skeledirge|spa|1|[from] item: Throat Spray
|
|-damage|p1a: Persian|10/100|[from] Leech Seed|[of] p2a: Skeledirge
|-heal|p2a: Skeledirge|93/100 par|[silent]
|upkeep
|turn|5
|
|t:|1758312251
|move|p1a: Persian|Thunderbolt|p2a: Skeledirge
|-damage|p2a: Skeledirge|77/100 par
|cant|p2a: Skeledirge|par
|
|-damage|p1a: Persian|0 fnt|[from] Leech Seed|[of] p2a: Skeledirge
|-heal|p2a: Skeledirge|83/100 par|[silent]
|faint|p1a: Persian
|upkeep
|
|t:|1758312265
|switch|p1a: Cloyster|Cloyster, F|100/100
|turn|6
|
|t:|1758312269
|move|p1a: Cloyster|Rock Blast|p2a: Skeledirge
|-supereffective|p2a: Skeledirge
|-damage|p2a: Skeledirge|64/100 par
|-supereffective|p2a: Skeledirge
|-damage|p2a: Skeledirge|42/100 par
|-supereffective|p2a: Skeledirge
|-damage|p2a: Skeledirge|23/100 par
|-supereffective|p2a: Skeledirge
|-damage|p2a: Skeledirge|4/100 par
|-supereffective|p2a: Skeledirge
|-damage|p2a: Skeledirge|0 fnt
|faint|p2a: Skeledirge
|-hitcount|p2: Skeledirge|5
|
|upkeep
|
|t:|1758312272
|switch|p2a: Grimmsnarl|Grimmsnarl, M|100/100
|turn|7
|
|t:|1758312283
|move|p2a: Grimmsnarl|Reflect|p2a: Grimmsnarl
|-sidestart|p2: boredbattle|Reflect
|move|p1a: Cloyster|Rock Blast|p2a: Grimmsnarl
|-damage|p2a: Grimmsnarl|94/100
|-damage|p2a: Grimmsnarl|88/100
|-damage|p2a: Grimmsnarl|82/100
|-damage|p2a: Grimmsnarl|76/100
|-damage|p2a: Grimmsnarl|70/100
|-hitcount|p2a: Grimmsnarl|5
|
|upkeep
|turn|8
|
|t:|1758312294
|switch|p1a: Clefable|Clefable, F|100/100
|move|p2a: Grimmsnarl|Parting Shot|p1a: Clefable
|-unboost|p1a: Clefable|atk|1
|-unboost|p1a: Clefable|spa|1
|
|t:|1758312299
|switch|p2a: Garganacl|Garganacl, M|100/100|[from] Parting Shot
|
|upkeep
|turn|9
|
|t:|1758312306
|move|p1a: Clefable|Moonblast|p2a: Garganacl
|-damage|p2a: Garganacl|84/100
|-enditem|p2a: Garganacl|Maranga Berry|[eat]
|-boost|p2a: Garganacl|spd|1|[from] item: Maranga Berry
|move|p2a: Garganacl|Salt Cure|p1a: Clefable
|-damage|p1a: Clefable|89/100
|-start|p1a: Clefable|Salt Cure
|
|-heal|p1a: Clefable|95/100|[from] item: Leftovers
|-damage|p1a: Clefable|83/100|[from] Salt Cure
|upkeep
|turn|10
|
|t:|1758312319
|switch|p1a: Cloyster|Cloyster, F|100/100
|switch|p2a: Mudsdale|Mudsdale, F|100/100
|
|upkeep
|turn|11
|
|t:|1758312326
|move|p1a: Cloyster|Icicle Spear|p2a: Mudsdale
|-supereffective|p2a: Mudsdale
|-damage|p2a: Mudsdale|86/100
|-ability|p2a: Mudsdale|Stamina|boost
|-boost|p2a: Mudsdale|def|1
|-supereffective|p2a: Mudsdale
|-damage|p2a: Mudsdale|77/100
|-ability|p2a: Mudsdale|Stamina|boost
|-boost|p2a: Mudsdale|def|1
|-supereffective|p2a: Mudsdale
|-damage|p2a: Mudsdale|70/100
|-ability|p2a: Mudsdale|Stamina|boost
|-boost|p2a: Mudsdale|def|1
|-supereffective|p2a: Mudsdale
|-damage|p2a: Mudsdale|64/100
|-ability|p2a: Mudsdale|Stamina|boost
|-boost|p2a: Mudsdale|def|1
|-supereffective|p2a: Mudsdale
|-damage|p2a: Mudsdale|60/100
|-ability|p2a: Mudsdale|Stamina|boost
|-boost|p2a: Mudsdale|def|1
|-hitcount|p2a: Mudsdale|5
|move|p2a: Mudsdale|Body Press|p1a: Cloyster
|-supereffective|p1a: Cloyster
|-damage|p1a: Cloyster|0 fnt
|faint|p1a: Cloyster
|
|upkeep
|
|t:|1758312350
|switch|p1a: Mew|Mew|100/100
|turn|12
|
|t:|1758312359
|move|p1a: Mew|Ice Beam|p2a: Mudsdale
|-supereffective|p2a: Mudsdale
|-damage|p2a: Mudsdale|23/100
|-ability|p2a: Mudsdale|Stamina|boost
|-boost|p2a: Mudsdale|def|1
|-enditem|p2a: Mudsdale|Starf Berry|[eat]
|-boost|p2a: Mudsdale|spa|2|[from] item: Starf Berry
|move|p2a: Mudsdale|Body Press|p1a: Mew
|-resisted|p1a: Mew
|-damage|p1a: Mew|58/100
|
|-heal|p1a: Mew|64/100|[from] item: Leftovers
|upkeep
|turn|13
|
|t:|1758312372
|move|p1a: Mew|Ice Beam|p2a: Mudsdale
|-supereffective|p2a: Mudsdale
|-damage|p2a: Mudsdale|0 fnt
|faint|p2a: Mudsdale
|
|-heal|p1a: Mew|70/100|[from] item: Leftovers
|upkeep
|
|t:|1758312374
|switch|p2a: Grimmsnarl|Grimmsnarl, M|70/100
|turn|14
|
|t:|1758312386
|move|p2a: Grimmsnarl|Light Screen|p2a: Grimmsnarl
|-sidestart|p2: boredbattle|move: Light Screen
|move|p1a: Mew|Flamethrower|p2a: Grimmsnarl
|-damage|p2a: Grimmsnarl|55/100
|
|-heal|p1a: Mew|76/100|[from] item: Leftovers
|-sideend|p2: boredbattle|Reflect
|upkeep
|turn|15
|
|t:|1758312398
|switch|p1a: Jirachi|Jirachi|100/100
|move|p2a: Grimmsnarl|Reflect|p2a: Grimmsnarl
|-sidestart|p2: boredbattle|Reflect
|
|upkeep
|turn|16
|
|t:|1758312405
|move|p2a: Grimmsnarl|Parting Shot|p1a: Jirachi
|-unboost|p1a: Jirachi|atk|1
|-unboost|p1a: Jirachi|spa|1
|
|t:|1758312408
|switch|p2a: Vileplume|Vileplume, F|37/100|[from] Parting Shot
|move|p1a: Jirachi|Body Slam|p2a: Vileplume
|-damage|p2a: Vileplume|30/100
|-status|p2a: Vileplume|par
|-damage|p1a: Jirachi|84/100|[from] item: Rocky Helmet|[of] p2a: Vileplume
|
|-heal|p1a: Jirachi|90/100|[from] item: Leftovers
|upkeep
|turn|17
|
|t:|1758312420
|move|p1a: Jirachi|Zen Headbutt|p2a: Vileplume
|-supereffective|p2a: Vileplume
|-damage|p2a: Vileplume|9/100 par
|-damage|p1a: Jirachi|73/100|[from] item: Rocky Helmet|[of] p2a: Vileplume
|cant|p2a: Vileplume|flinch
|
|-heal|p1a: Jirachi|79/100|[from] item: Leftovers
|upkeep
|turn|18
|
|t:|1758312436
|move|p1a: Jirachi|Zen Headbutt|p2a: Vileplume
|-supereffective|p2a: Vileplume
|-damage|p2a: Vileplume|0 fnt
|-damage|p1a: Jirachi|63/100|[from] item: Rocky Helmet|[of] p2a: Vileplume
|-status|p1a: Jirachi|slp|[from] ability: Effect Spore|[of] p2a: Vileplume
|faint|p2a: Vileplume
|
|-heal|p1a: Jirachi|69/100 slp|[from] item: Leftovers
|upkeep
|
|t:|1758312439
|switch|p2a: Garganacl|Garganacl, M|84/100
|turn|19
|
|t:|1758312450
|cant|p1a: Jirachi|slp
|move|p2a: Garganacl|Salt Cure|p1a: Jirachi
|-resisted|p1a: Jirachi
|-damage|p1a: Jirachi|63/100 slp
|-start|p1a: Jirachi|Salt Cure
|
|-heal|p1a: Jirachi|69/100 slp|[from] item: Leftovers
|-damage|p1a: Jirachi|44/100 slp|[from] Salt Cure
|upkeep
|turn|20
|
|t:|1758312459
|cant|p1a: Jirachi|slp
|move|p2a: Garganacl|Body Press|p1a: Jirachi
|-damage|p1a: Jirachi|17/100 slp
|
|-heal|p1a: Jirachi|23/100 slp|[from] item: Leftovers
|-damage|p1a: Jirachi|0 fnt|[from] Salt Cure
|faint|p1a: Jirachi
|upkeep
|
|t:|1758312473
|switch|p1a: Mew|Mew|76/100
|turn|21
|
|t:|1758312479
|move|p1a: Mew|Nasty Plot|p1a: Mew
|-boost|p1a: Mew|spa|2
|move|p2a: Garganacl|Salt Cure|p1a: Mew
|-damage|p1a: Mew|62/100
|-start|p1a: Mew|Salt Cure
|
|-heal|p1a: Mew|69/100|[from] item: Leftovers
|-damage|p1a: Mew|56/100|[from] Salt Cure
|-sideend|p2: boredbattle|move: Light Screen
|upkeep
|turn|22
|
|t:|1758312489
|move|p1a: Mew|Psychic|p2a: Garganacl
|-damage|p2a: Garganacl|24/100
|-unboost|p2a: Garganacl|spd|1
|move|p2a: Garganacl|Avalanche|p1a: Mew
|-damage|p1a: Mew|31/100
|
|-heal|p1a: Mew|37/100|[from] item: Leftovers
|-damage|p1a: Mew|25/100|[from] Salt Cure
|-sideend|p2: boredbattle|Reflect
|upkeep
|turn|23
|
|t:|1758312502
|move|p1a: Mew|Ice Beam|p2a: Garganacl
|-damage|p2a: Garganacl|0 fnt
|faint|p2a: Garganacl
|
|-heal|p1a: Mew|31/100|[from] item: Leftovers
|-damage|p1a: Mew|19/100|[from] Salt Cure
|upkeep
|
|t:|1758312503
|switch|p2a: Grimmsnarl|Grimmsnarl, M|55/100
|turn|24
|
|t:|1758312513
|move|p2a: Grimmsnarl|Light Screen|p2a: Grimmsnarl
|-sidestart|p2: boredbattle|move: Light Screen
|move|p1a: Mew|Ice Beam|p2a: Grimmsnarl
|-damage|p2a: Grimmsnarl|25/100
|
|-heal|p1a: Mew|25/100|[from] item: Leftovers
|-damage|p1a: Mew|13/100|[from] Salt Cure
|upkeep
|turn|25
|
|t:|1758312522
|move|p1a: Mew|Ice Beam|p2a: Grimmsnarl
|-damage|p2a: Grimmsnarl|0 fnt
|faint|p2a: Grimmsnarl
|
|-heal|p1a: Mew|19/100|[from] item: Leftovers
|-damage|p1a: Mew|6/100|[from] Salt Cure
|upkeep
|
|t:|1758312525
|switch|p2a: Walking Wake|Walking Wake|100/100
|-enditem|p2a: Walking Wake|Booster Energy
|-activate|p2a: Walking Wake|ability: Protosynthesis|[fromitem]
|-start|p2a: Walking Wake|protosynthesisspa
|turn|26
|
|t:|1758312535
|move|p1a: Mew|Psychic|p2a: Walking Wake
|-damage|p2a: Walking Wake|58/100
|move|p2a: Walking Wake|Agility|p2a: Walking Wake
|-boost|p2a: Walking Wake|spe|2
|
|-heal|p1a: Mew|13/100|[from] item: Leftovers
|-damage|p1a: Mew|0 fnt|[from] Salt Cure
|faint|p1a: Mew
|upkeep
|
|t:|1758312546
|switch|p1a: Clefable|Clefable, F|83/100
|turn|27
|
|t:|1758312554
|-terastallize|p2a: Walking Wake|Ground
|move|p2a: Walking Wake|Tera Blast|p1a: Clefable|[anim] Tera Blast Ground
|-damage|p1a: Clefable|32/100
|move|p1a: Clefable|Moonblast|p2a: Walking Wake
|-damage|p2a: Walking Wake|40/100
|-unboost|p2a: Walking Wake|spa|1
|
|-heal|p1a: Clefable|38/100|[from] item: Leftovers
|upkeep
|turn|28
|
|t:|1758312566
|move|p1a: Clefable|Protect|p1a: Clefable
|-singleturn|p1a: Clefable|Protect
|move|p2a: Walking Wake|Tera Blast|p1a: Clefable|[anim] Tera Blast Ground
|-activate|p1a: Clefable|move: Protect
|
|-heal|p1a: Clefable|44/100|[from] item: Leftovers
|upkeep
|turn|29
|
|t:|1758312576
|move|p2a: Walking Wake|Tera Blast|p1a: Clefable|[anim] Tera Blast Ground
|-damage|p1a: Clefable|0 fnt
|faint|p1a: Clefable
|
|upkeep
|
|t:|1758312581
|switch|p1a: Gardevoir|Gardevoir, F|100/100
|turn|30
|
|t:|1758312589
|move|p2a: Walking Wake|Tera Blast|p1a: Gardevoir|[anim] Tera Blast Ground
|-damage|p1a: Gardevoir|61/100
|move|p1a: Gardevoir|Moonblast|p2a: Walking Wake
|-damage|p2a: Walking Wake|11/100
|-unboost|p2a: Walking Wake|spa|1
|
|upkeep
|turn|31
|-message|boredbattle forfeited.
|
|win|rosie54
|raw|rosie54's rating: 1113 &rarr; <strong>1139</strong><br />(+26 for winning)
|raw|boredbattle's rating: 1133 &rarr; <strong>1107</strong><br />(-26 for losing)
|l|☆boredbattle
|player|p2|
|l|☆rosie54
|player|p1|
