|j|☆Shibuya Arc
|j|☆evilbryanjohnson
|t:|1758355712
|gametype|singles
|player|p1|Shibuya Arc|101|1651
|player|p2|evilbryanjohnson|265|1729
|gen|9
|tier|[Gen 9] OU
|rated|
|rule|HP Percentage Mod: HP is shown in percentages
|rule|Endless Battle Clause: Forcing endless battles is banned
|rule|Species Clause: Limit one of each Pokémon
|rule|OHKO Clause: OHKO moves are banned
|rule|Evasion Items Clause: Evasion items are banned
|rule|Evasion Moves Clause: Evasion moves are banned
|rule|Evasion Abilities Clause: Evasion abilities are banned
|rule|Sleep Moves Clause: Sleep-inducing moves are banned
|clearpoke
|poke|p1|Dragapult, F|
|poke|p1|Dragonite, F|
|poke|p1|Ting-Lu|
|poke|p1|Weezing-Galar, F|
|poke|p1|Iron Crown|
|poke|p1|Zapdos|
|poke|p2|Great Tusk|
|poke|p2|Dragapult, F|
|poke|p2|Cinderace, F|
|poke|p2|Alomomola, M|
|poke|p2|Kyurem|
|poke|p2|Hydrapple, F|
|teampreview
|inactive|Battle timer is ON: inactive players will automatically lose when time's up. (requested by Shibuya Arc)
|inactive|evilbryanjohnson has 120 seconds left.
|
|t:|1758355752
|teamsize|p1|6
|teamsize|p2|6
|start
|switch|p1a: Dragapult|Dragapult, F|100/100
|switch|p2a: Cinderace|Cinderace, F|100/100
|turn|1
|
|t:|1758355758
|switch|p2a: Alomomola|Alomomola, M|100/100
|move|p1a: Dragapult|Dragon Darts|p2a: Alomomola
|-damage|p2a: Alomomola|90/100
|-anim|p1a: Dragapult|Dragon Darts|p2a: Alomomola
|-damage|p2a: Alomomola|78/100
|
|upkeep
|turn|2
|
|t:|1758355768
|move|p1a: Dragapult|Will-O-Wisp|p2a: Alomomola|[miss]
|-miss|p1a: Dragapult|p2a: Alomomola
|move|p2a: Alomomola|Flip Turn|p1a: Dragapult
|-resisted|p1a: Dragapult
|-damage|p1a: Dragapult|89/100
|
|t:|1758355785
|switch|p2a: Hydrapple|Hydrapple, F|100/100|[from] Flip Turn
|
|upkeep
|turn|3
|
|t:|1758355791
|move|p1a: Dragapult|Will-O-Wisp|p2a: Hydrapple
|-status|p2a: Hydrapple|brn
|move|p2a: Hydrapple|Earth Power|p1a: Dragapult
|-damage|p1a: Dragapult|56/100
|-start|p2a: Hydrapple|Disable|Earth Power|[from] ability: Cursed Body|[of] p1a: Dragapult
|
|-damage|p2a: Hydrapple|94/100 brn|[from] brn
|upkeep
|turn|4
|
|t:|1758355801
|switch|p2a: Alomomola|Alomomola, M|100/100
|move|p1a: Dragapult|U-turn|p2a: Alomomola
|-damage|p2a: Alomomola|89/100
|
|t:|1758355808
|switch|p1a: Zapdos|Zapdos|100/100|[from] U-turn
|
|upkeep
|turn|5
|
|t:|1758355814
|move|p1a: Zapdos|Volt Switch|p2a: Alomomola
|-supereffective|p2a: Alomomola
|-damage|p2a: Alomomola|11/100
|
|t:|1758355821
|switch|p1a: Weezing|Weezing-Galar, F|100/100|[from] Volt Switch
|-ability|p1a: Weezing|Neutralizing Gas
|move|p2a: Alomomola|Wish|p2a: Alomomola
|
|upkeep
|turn|6
|
|t:|1758355827
|move|p2a: Alomomola|Protect|p2a: Alomomola
|-singleturn|p2a: Alomomola|Protect
|move|p1a: Weezing|Will-O-Wisp|p2a: Alomomola
|-activate|p2a: Alomomola|move: Protect
|
|-heal|p2a: Alomomola|61/100|[from] move: Wish|[wisher] Alomomola
|upkeep
|turn|7
|
|t:|1758355834
|move|p1a: Weezing|Toxic Spikes|p2a: Alomomola
|-sidestart|p2: evilbryanjohnson|move: Toxic Spikes
|move|p2a: Alomomola|Flip Turn|p1a: Weezing
|-damage|p1a: Weezing|89/100
|
|t:|1758355857
|switch|p2a: Cinderace|Cinderace, F|100/100|[from] Flip Turn
|
|upkeep
|turn|8
|
|t:|1758355863
|-end|p1a: Weezing|ability: Neutralizing Gas
|switch|p1a: Ting-Lu|Ting-Lu|100/100
|-ability|p1a: Ting-Lu|Vessel of Ruin
|move|p2a: Cinderace|Will-O-Wisp|p1a: Ting-Lu
|-status|p1a: Ting-Lu|brn
|
|-damage|p1a: Ting-Lu|94/100 brn|[from] brn
|upkeep
|turn|9
|
|t:|1758355879
|move|p2a: Cinderace|U-turn|p1a: Ting-Lu
|-supereffective|p1a: Ting-Lu
|-damage|p1a: Ting-Lu|75/100 brn
|
|t:|1758355881
|switch|p2a: Alomomola|Alomomola, M|61/100|[from] U-turn
|move|p1a: Ting-Lu|Ruination|p2a: Alomomola
|-damage|p2a: Alomomola|31/100
|
|-heal|p1a: Ting-Lu|81/100 brn|[from] item: Leftovers
|-damage|p1a: Ting-Lu|75/100 brn|[from] brn
|upkeep
|turn|10
|
|t:|1758355888
|move|p1a: Ting-Lu|Ruination|p2a: Alomomola|[miss]
|-miss|p1a: Ting-Lu|p2a: Alomomola
|move|p2a: Alomomola|Flip Turn|p1a: Ting-Lu
|-supereffective|p1a: Ting-Lu
|-damage|p1a: Ting-Lu|59/100 brn
|
|t:|1758355900
|switch|p2a: Hydrapple|Hydrapple, F|100/100 brn|[from] Flip Turn
|
|-heal|p1a: Ting-Lu|65/100 brn|[from] item: Leftovers
|-damage|p1a: Ting-Lu|59/100 brn|[from] brn
|-damage|p2a: Hydrapple|94/100 brn|[from] brn
|upkeep
|turn|11
|
|t:|1758355906
|move|p1a: Ting-Lu|Ruination|p2a: Hydrapple
|-damage|p2a: Hydrapple|47/100 brn
|move|p2a: Hydrapple|Nasty Plot|p2a: Hydrapple
|-boost|p2a: Hydrapple|spa|2
|
|-heal|p1a: Ting-Lu|65/100 brn|[from] item: Leftovers
|-damage|p1a: Ting-Lu|59/100 brn|[from] brn
|-damage|p2a: Hydrapple|41/100 brn|[from] brn
|upkeep
|turn|12
|
|t:|1758355913
|switch|p1a: Iron Crown|Iron Crown|100/100
|move|p2a: Hydrapple|Fickle Beam|p1a: Iron Crown
|-resisted|p1a: Iron Crown
|-damage|p1a: Iron Crown|70/100
|
|-damage|p2a: Hydrapple|35/100 brn|[from] brn
|upkeep
|turn|13
|
|t:|1758355920
|switch|p2a: Alomomola|Alomomola, M|64/100
|move|p1a: Iron Crown|Psyshock|p2a: Alomomola
|-damage|p2a: Alomomola|35/100
|
|upkeep
|turn|14
|
|t:|1758355927
|switch|p2a: Hydrapple|Hydrapple, F|69/100 brn
|move|p1a: Iron Crown|Psyshock|p2a: Hydrapple
|-damage|p2a: Hydrapple|36/100 brn
|
|-damage|p2a: Hydrapple|30/100 brn|[from] brn
|upkeep
|turn|15
|
|t:|1758355934
|switch|p2a: Alomomola|Alomomola, M|68/100
|move|p1a: Iron Crown|Psyshock|p2a: Alomomola
|-damage|p2a: Alomomola|36/100
|
|upkeep
|turn|16
|
|t:|1758355941
|move|p2a: Alomomola|Protect|p2a: Alomomola
|-singleturn|p2a: Alomomola|Protect
|move|p1a: Iron Crown|Psyshock|p2a: Alomomola
|-activate|p2a: Alomomola|move: Protect
|
|upkeep
|turn|17
|
|t:|1758355948
|switch|p2a: Hydrapple|Hydrapple, F|63/100 brn
|move|p1a: Iron Crown|Psyshock|p2a: Hydrapple
|-damage|p2a: Hydrapple|30/100 brn
|
|-damage|p2a: Hydrapple|24/100 brn|[from] brn
|upkeep
|turn|18
|
|t:|1758355955
|switch|p2a: Alomomola|Alomomola, M|70/100
|move|p1a: Iron Crown|Psyshock|p2a: Alomomola
|-damage|p2a: Alomomola|39/100
|
|upkeep
|turn|19
|
|t:|1758355962
|move|p1a: Iron Crown|Psyshock|p2a: Alomomola
|-damage|p2a: Alomomola|8/100
|move|p2a: Alomomola|Wish|p2a: Alomomola
|
|upkeep
|turn|20
|
|t:|1758355969
|-end|p1a: Iron Crown|Quark Drive|[silent]
|switch|p1a: Zapdos|Zapdos|100/100
|move|p2a: Alomomola|Protect||[still]
|-fail|p2a: Alomomola
|
|-heal|p2a: Alomomola|58/100|[from] move: Wish|[wisher] Alomomola
|upkeep
|turn|21
|
|t:|1758355975
|switch|p2a: Cinderace|Cinderace, F|100/100
|move|p1a: Zapdos|Hurricane|p2a: Cinderace
|-damage|p2a: Cinderace|36/100
|
|upkeep
|turn|22
|
|t:|1758355984
|move|p2a: Cinderace|Court Change|p2a: Cinderace
|-swapsideconditions
|-activate|p2a: Cinderace|move: Court Change
|move|p1a: Zapdos|Volt Switch|p2a: Cinderace
|-damage|p2a: Cinderace|0 fnt
|faint|p2a: Cinderace
|
|t:|1758355991
|switch|p1a: Ting-Lu|Ting-Lu|59/100 brn|[from] Volt Switch
|-ability|p1a: Ting-Lu|Vessel of Ruin
|
|-heal|p1a: Ting-Lu|65/100 brn|[from] item: Leftovers
|-damage|p1a: Ting-Lu|59/100 brn|[from] brn
|upkeep
|
|t:|1758355996
|switch|p2a: Hydrapple|Hydrapple, F|57/100 brn
|turn|23
|
|t:|1758356002
|move|p1a: Ting-Lu|Ruination|p2a: Hydrapple
|-damage|p2a: Hydrapple|29/100 brn
|move|p2a: Hydrapple|Giga Drain|p1a: Ting-Lu
|-supereffective|p1a: Ting-Lu
|-damage|p1a: Ting-Lu|31/100 brn
|-heal|p2a: Hydrapple|46/100 brn|[from] drain|[of] p1a: Ting-Lu
|
|-heal|p1a: Ting-Lu|38/100 brn|[from] item: Leftovers
|-damage|p1a: Ting-Lu|31/100 brn|[from] brn
|-damage|p2a: Hydrapple|40/100 brn|[from] brn
|upkeep
|turn|24
|
|t:|1758356010
|move|p1a: Ting-Lu|Ruination|p2a: Hydrapple
|-damage|p2a: Hydrapple|20/100 brn
|move|p2a: Hydrapple|Giga Drain|p1a: Ting-Lu
|-supereffective|p1a: Ting-Lu
|-damage|p1a: Ting-Lu|7/100 brn
|-heal|p2a: Hydrapple|36/100 brn|[from] drain|[of] p1a: Ting-Lu
|
|-heal|p1a: Ting-Lu|13/100 brn|[from] item: Leftovers
|-damage|p1a: Ting-Lu|7/100 brn|[from] brn
|-damage|p2a: Hydrapple|30/100 brn|[from] brn
|upkeep
|turn|25
|
|t:|1758356018
|move|p1a: Ting-Lu|Ruination|p2a: Hydrapple
|-damage|p2a: Hydrapple|15/100 brn
|move|p2a: Hydrapple|Fickle Beam|p1a: Ting-Lu
|-damage|p1a: Ting-Lu|0 fnt
|faint|p1a: Ting-Lu
|
|-damage|p2a: Hydrapple|9/100 brn|[from] brn
|upkeep
|
|t:|1758356025
|switch|p1a: Iron Crown|Iron Crown|70/100
|turn|26
|
|t:|1758356031
|switch|p2a: Alomomola|Alomomola, M|92/100
|move|p1a: Iron Crown|Tachyon Cutter|p2a: Alomomola
|-resisted|p2a: Alomomola
|-crit|p2a: Alomomola
|-damage|p2a: Alomomola|59/100
|-resisted|p2a: Alomomola
|-damage|p2a: Alomomola|38/100
|-hitcount|p2a: Alomomola|2
|
|upkeep
|turn|27
|
|t:|1758356038
|move|p2a: Alomomola|Protect|p2a: Alomomola
|-singleturn|p2a: Alomomola|Protect
|move|p1a: Iron Crown|Tachyon Cutter|p2a: Alomomola
|-activate|p2a: Alomomola|move: Protect
|
|upkeep
|turn|28
|inactive|evilbryanjohnson has 120 seconds left.
|
|t:|1758356071
|move|p1a: Iron Crown|Tachyon Cutter|p2a: Alomomola
|-resisted|p2a: Alomomola
|-damage|p2a: Alomomola|18/100
|-resisted|p2a: Alomomola
|-damage|p2a: Alomomola|0 fnt
|faint|p2a: Alomomola
|-hitcount|p2: Alomomola|2
|
|upkeep
|inactive|evilbryanjohnson has 120 seconds left.
|
|t:|1758356080
|switch|p2a: Dragapult|Dragapult, F|100/100
|turn|29
|
|t:|1758356087
|-end|p1a: Iron Crown|Quark Drive|[silent]
|switch|p1a: Dragonite|Dragonite, F|100/100
|move|p2a: Dragapult|Hex|p1a: Dragonite
|-damage|p1a: Dragonite|86/100
|
|upkeep
|turn|30
|
|t:|1758356097
|switch|p1a: Zapdos|Zapdos|100/100
|move|p2a: Dragapult|Will-O-Wisp|p1a: Zapdos
|-status|p1a: Zapdos|brn
|
|-damage|p1a: Zapdos|94/100 brn|[from] brn
|upkeep
|turn|31
|
|t:|1758356105
|move|p2a: Dragapult|Hex|p1a: Zapdos
|-crit|p1a: Zapdos
|-damage|p1a: Zapdos|10/100 brn
|move|p1a: Zapdos|Volt Switch|p2a: Dragapult
|-resisted|p2a: Dragapult
|-damage|p2a: Dragapult|75/100
|
|t:|1758356114
|switch|p1a: Iron Crown|Iron Crown|70/100|[from] Volt Switch
|
|upkeep
|turn|32
|
|t:|1758356127
|move|p2a: Dragapult|Hex|p1a: Iron Crown
|-supereffective|p1a: Iron Crown
|-damage|p1a: Iron Crown|13/100
|move|p1a: Iron Crown|Tachyon Cutter|p2a: Dragapult
|-damage|p2a: Dragapult|17/100
|-damage|p2a: Dragapult|0 fnt
|faint|p2a: Dragapult
|-hitcount|p2: Dragapult|2
|
|upkeep
|
|t:|1758356138
|switch|p2a: Hydrapple|Hydrapple, F|42/100 brn
|turn|33
|
|t:|1758356150
|move|p1a: Iron Crown|Tachyon Cutter|p2a: Hydrapple
|-damage|p2a: Hydrapple|6/100 brn
|-damage|p2a: Hydrapple|0 fnt
|faint|p2a: Hydrapple
|-hitcount|p2: Hydrapple|2
|
|upkeep
|
|t:|1758356152
|switch|p2a: Great Tusk|Great Tusk|100/100
|turn|34
|
|t:|1758356158
|-terastallize|p2a: Great Tusk|Steel
|move|p1a: Iron Crown|Tachyon Cutter|p2a: Great Tusk
|-resisted|p2a: Great Tusk
|-damage|p2a: Great Tusk|70/100
|-resisted|p2a: Great Tusk
|-damage|p2a: Great Tusk|41/100
|-hitcount|p2a: Great Tusk|2
|move|p2a: Great Tusk|Rapid Spin|p1a: Iron Crown
|-resisted|p1a: Iron Crown
|-damage|p1a: Iron Crown|3/100
|-boost|p2a: Great Tusk|spe|1
|
|upkeep
|turn|35
|
|t:|1758356166
|-end|p1a: Iron Crown|Quark Drive|[silent]
|switch|p1a: Zapdos|Zapdos|10/100 brn
|move|p2a: Great Tusk|Ice Spinner|p1a: Zapdos
|-supereffective|p1a: Zapdos
|-damage|p1a: Zapdos|0 fnt
|faint|p1a: Zapdos
|
|upkeep
|
|t:|1758356173
|switch|p1a: Dragonite|Dragonite, F|86/100
|turn|36
|
|t:|1758356178
|-terastallize|p1a: Dragonite|Normal
|move|p2a: Great Tusk|Ice Spinner|p1a: Dragonite
|-damage|p1a: Dragonite|60/100
|move|p1a: Dragonite|Earthquake|p2a: Great Tusk
|-supereffective|p2a: Great Tusk
|-damage|p2a: Great Tusk|0 fnt
|faint|p2a: Great Tusk
|-end|p2a: Great Tusk|Protosynthesis|[silent]
|
|upkeep
|
|t:|1758356182
|switch|p2a: Kyurem|Kyurem|100/100
|-ability|p2a: Kyurem|Pressure
|turn|37
|
|t:|1758356188
|switch|p1a: Dragapult|Dragapult, F|56/100
|move|p2a: Kyurem|Freeze-Dry|p1a: Dragapult
|-supereffective|p1a: Dragapult
|-damage|p1a: Dragapult|0 fnt
|faint|p1a: Dragapult
|
|upkeep
|
|t:|1758356195
|switch|p1a: Iron Crown|Iron Crown|3/100
|turn|38
|
|t:|1758356200
|move|p2a: Kyurem|Protect|p2a: Kyurem
|-singleturn|p2a: Kyurem|Protect
|move|p1a: Iron Crown|Tachyon Cutter|p2a: Kyurem
|-activate|p2a: Kyurem|move: Protect
|
|upkeep
|turn|39
|
|t:|1758356209
|move|p2a: Kyurem|Protect||[still]
|-fail|p2a: Kyurem
|move|p1a: Iron Crown|Tachyon Cutter|p2a: Kyurem
|-supereffective|p2a: Kyurem
|-damage|p2a: Kyurem|31/100
|-supereffective|p2a: Kyurem
|-damage|p2a: Kyurem|0 fnt
|faint|p2a: Kyurem
|-hitcount|p2: Kyurem|2
|
|win|Shibuya Arc
|raw|Shibuya Arc's rating: 1651 &rarr; <strong>1675</strong><br />(+24 for winning)
|raw|evilbryanjohnson's rating: 1729 &rarr; <strong>1705</strong><br />(-24 for losing)
|l|☆Shibuya Arc
|player|p1|
|l|☆evilbryanjohnson
|player|p2|
