|j|☆gammafire
|j|☆420Pimmelberger
|t:|1758359786
|gametype|singles
|player|p1|gammafire|veteran|1203
|player|p2|420Pimmelberger|170|1152
|gen|9
|tier|[Gen 9] OU
|rated|
|rule|HP Percentage Mod: HP is shown in percentages
|rule|Endless Battle Clause: Forcing endless battles is banned
|rule|Species Clause: Limit one of each Pokémon
|rule|OHKO Clause: OHKO moves are banned
|rule|Evasion Items Clause: Evasion items are banned
|rule|Evasion Moves Clause: Evasion moves are banned
|rule|Evasion Abilities Clause: Evasion abilities are banned
|rule|Sleep Moves Clause: Sleep-inducing moves are banned
|clearpoke
|poke|p1|Vespiquen, F|
|poke|p1|Florges, F|
|poke|p1|Sylveon, F|
|poke|p1|Blissey, F|
|poke|p1|Pecharunt|
|poke|p1|Medicham, F|
|poke|p2|Golurk|
|poke|p2|Porygon-Z|
|poke|p2|Tentacruel, M|
|poke|p2|Flamigo, F|
|poke|p2|Orthworm, F|
|poke|p2|Hoopa-Unbound|
|teampreview
|c|☆gammafire|glhf
|inactive|Battle timer is ON: inactive players will automatically lose when time's up. (requested by gammafire)
|c|☆420Pimmelberger|tx u2
|
|t:|1758359804
|teamsize|p1|6
|teamsize|p2|6
|start
|switch|p1a: Vespiquen|Vespiquen, F|100/100
|switch|p2a: Big G Man|Golurk|100/100
|-ability|p1a: Vespiquen|Pressure
|turn|1
|
|t:|1758359826
|move|p2a: Big G Man|Poltergeist|p1a: Vespiquen
|-activate|p1a: Vespiquen|move: Poltergeist|Heavy-Duty Boots
|-damage|p1a: Vespiquen|43/100
|move|p1a: Vespiquen|Spikes|p2a: Big G Man
|-sidestart|p2: 420Pimmelberger|Spikes
|
|upkeep
|turn|2
|
|t:|1758359835
|switch|p1a: Blissey|Blissey, F|100/100
|move|p2a: Big G Man|Ice Punch|p1a: Blissey
|-damage|p1a: Blissey|76/100
|
|-status|p1a: Blissey|brn|[from] item: Flame Orb
|upkeep
|turn|3
|
|t:|1758359847
|move|p2a: Big G Man|Dynamic Punch|p1a: Blissey
|-supereffective|p1a: Blissey
|-damage|p1a: Blissey|0 fnt
|faint|p1a: Blissey
|
|upkeep
|
|t:|1758359855
|switch|p1a: Sylveon|Sylveon, F|100/100
|turn|4
|
|t:|1758359869
|move|p1a: Sylveon|Hyper Voice|p2a: Big G Man
|-damage|p2a: Big G Man|46/100
|move|p2a: Big G Man|Poltergeist|p1a: Sylveon
|-activate|p1a: Sylveon|move: Poltergeist|Leftovers
|-damage|p1a: Sylveon|31/100
|
|-heal|p1a: Sylveon|37/100|[from] item: Leftovers
|upkeep
|turn|5
|
|t:|1758359879
|switch|p2a: chris b chicken|Tentacruel, M|100/100
|-damage|p2a: chris b chicken|88/100|[from] Spikes
|move|p1a: Sylveon|Hyper Voice|p2a: chris b chicken
|-resisted|p2a: chris b chicken
|-damage|p2a: chris b chicken|71/100
|
|-heal|p2a: chris b chicken|77/100|[from] item: Leftovers
|-heal|p1a: Sylveon|43/100|[from] item: Leftovers
|upkeep
|turn|6
|
|t:|1758359888
|-terastallize|p1a: Sylveon|Steel
|move|p2a: chris b chicken|Knock Off|p1a: Sylveon
|-damage|p1a: Sylveon|24/100
|-enditem|p1a: Sylveon|Leftovers|[from] move: Knock Off|[of] p2a: chris b chicken
|move|p1a: Sylveon|Wish|p1a: Sylveon
|
|-heal|p2a: chris b chicken|83/100|[from] item: Leftovers
|upkeep
|turn|7
|
|t:|1758359896
|move|p2a: chris b chicken|Rapid Spin|p1a: Sylveon
|-resisted|p1a: Sylveon
|-damage|p1a: Sylveon|20/100
|-boost|p2a: chris b chicken|spe|1
|-sideend|p2: 420Pimmelberger|Spikes|[from] move: Rapid Spin|[of] p2a: chris b chicken
|move|p1a: Sylveon|Calm Mind|p1a: Sylveon
|-boost|p1a: Sylveon|spa|1
|-boost|p1a: Sylveon|spd|1
|
|-heal|p1a: Sylveon|69/100|[from] move: Wish|[wisher] Sylveon
|-heal|p2a: chris b chicken|89/100|[from] item: Leftovers
|upkeep
|turn|8
|
|t:|1758359907
|move|p2a: chris b chicken|Haze|p2a: chris b chicken
|-clearallboost
|move|p1a: Sylveon|Hyper Voice|p2a: chris b chicken
|-resisted|p2a: chris b chicken
|-damage|p2a: chris b chicken|74/100
|
|-heal|p2a: chris b chicken|80/100|[from] item: Leftovers
|upkeep
|turn|9
|
|t:|1758359917
|switch|p1a: Medicham|Medicham, F|100/100
|move|p2a: chris b chicken|Flip Turn|p1a: Medicham
|-damage|p1a: Medicham|76/100
|
|t:|1758359932
|switch|p2a: PlsNoU-Turn|Hoopa-Unbound|100/100|[from] Flip Turn
|
|upkeep
|turn|10
|
|t:|1758359938
|move|p1a: Medicham|Close Combat|p2a: PlsNoU-Turn
|-damage|p2a: PlsNoU-Turn|8/100
|-unboost|p1a: Medicham|def|1
|-unboost|p1a: Medicham|spd|1
|move|p2a: PlsNoU-Turn|Knock Off|p1a: Medicham
|-damage|p1a: Medicham|0 fnt
|-enditem|p1a: Medicham|Choice Scarf|[from] move: Knock Off|[of] p2a: PlsNoU-Turn
|faint|p1a: Medicham
|
|upkeep
|
|t:|1758359951
|switch|p1a: Florges|Florges, F|100/100
|turn|11
|
|t:|1758359956
|switch|p2a: Snek Frien|Orthworm, F|100/100
|move|p1a: Florges|Draining Kiss|p2a: Snek Frien
|-resisted|p2a: Snek Frien
|-damage|p2a: Snek Frien|90/100
|
|-heal|p2a: Snek Frien|96/100|[from] item: Leftovers
|upkeep
|turn|12
|-message|gammafire forfeited.
|
|win|420Pimmelberger
|raw|gammafire's rating: 1203 &rarr; <strong>1174</strong><br />(-29 for losing)
|raw|420Pimmelberger's rating: 1152 &rarr; <strong>1181</strong><br />(+29 for winning)
|l|☆gammafire
|player|p1|
|l|☆420Pimmelberger
|player|p2|
