|j|‽Sd2024
|j|☆hydromissfocushit
|t:|1758256181
|gametype|singles
|player|p1|Sd2024|1|1245
|player|p2|hydromissfocushit|102|1254
|gen|9
|tier|[Gen 9] OU
|rated|
|rule|HP Percentage Mod: HP is shown in percentages
|rule|Endless Battle Clause: Forcing endless battles is banned
|rule|Species Clause: Limit one of each Pokémon
|rule|OHKO Clause: OHKO moves are banned
|rule|Evasion Items Clause: Evasion items are banned
|rule|Evasion Moves Clause: Evasion moves are banned
|rule|Evasion Abilities Clause: Evasion abilities are banned
|rule|Sleep Moves Clause: Sleep-inducing moves are banned
|clearpoke
|poke|p1|Braviary-Hisui, M|
|poke|p1|Kommo-o, F|
|poke|p1|Hatterene, F|
|poke|p1|Ribombee, F|
|poke|p1|Zapdos-Galar|
|poke|p1|Gyarados, F|
|poke|p2|Kyurem|
|poke|p2|Quaquaval, M|
|poke|p2|Alomomola, F|
|poke|p2|Ting-Lu|
|poke|p2|Zapdos|
|poke|p2|Heatran, M|
|teampreview
|inactive|Battle timer is ON: inactive players will automatically lose when time's up. (requested by Sd2024)
|
|t:|1758256188
|teamsize|p1|6
|teamsize|p2|6
|start
|switch|p1a: Ribombee|Ribombee, F|100/100
|switch|p2a: Quaquaval|Quaquaval, M|100/100
|turn|1
|
|t:|1758256193
|move|p1a: Ribombee|Stun Spore|p2a: Quaquaval
|-status|p2a: Quaquaval|par
|move|p2a: Quaquaval|Aqua Step|p1a: Ribombee
|-damage|p1a: Ribombee|25/100
|-boost|p2a: Quaquaval|spe|1
|
|upkeep
|turn|2
|
|t:|1758256201
|move|p1a: Ribombee|Moonblast|p2a: Quaquaval
|-supereffective|p2a: Quaquaval
|-damage|p2a: Quaquaval|43/100 par
|-unboost|p2a: Quaquaval|spa|1
|move|p2a: Quaquaval|Rapid Spin|p1a: Ribombee
|-damage|p1a: Ribombee|0 fnt
|-boost|p2a: Quaquaval|spe|1
|faint|p1a: Ribombee
|-ability|p2a: Quaquaval|Moxie|boost
|-boost|p2a: Quaquaval|atk|1
|
|upkeep
|
|t:|1758256210
|switch|p1a: Braviary|Braviary-Hisui, M|100/100
|turn|3
|
|t:|1758256214
|cant|p2a: Quaquaval|par
|move|p1a: Braviary|Esper Wing|p2a: Quaquaval
|-supereffective|p2a: Quaquaval
|-crit|p2a: Quaquaval
|-damage|p2a: Quaquaval|0 fnt
|-boost|p1a: Braviary|spe|1
|faint|p2a: Quaquaval
|
|upkeep
|
|t:|1758256223
|switch|p2a: Kyurem|Kyurem|100/100
|-ability|p2a: Kyurem|Pressure
|turn|4
|
|t:|1758256234
|move|p1a: Braviary|Hurricane|p2a: Kyurem
|-damage|p2a: Kyurem|48/100
|move|p2a: Kyurem|Ice Beam|p1a: Braviary
|-supereffective|p1a: Braviary
|-damage|p1a: Braviary|0 fnt
|faint|p1a: Braviary
|
|upkeep
|
|t:|1758256243
|switch|p1a: Hatterene|Hatterene, F|100/100
|turn|5
|
|t:|1758256249
|switch|p2a: Heatran|Heatran, M|100/100
|move|p1a: Hatterene|Draining Kiss|p2a: Heatran
|-resisted|p2a: Heatran
|-damage|p2a: Heatran|96/100
|
|upkeep
|turn|6
|
|t:|1758256254
|move|p2a: Heatran|Magma Storm|p1a: Hatterene
|-damage|p1a: Hatterene|72/100
|-activate|p1a: Hatterene|move: Magma Storm|[of] p2a: Heatran
|move|p1a: Hatterene|Nuzzle|p2a: Heatran
|-damage|p2a: Heatran|92/100
|
|-damage|p1a: Hatterene|60/100|[from] move: Magma Storm|[partiallytrapped]
|upkeep
|turn|7
|
|t:|1758256260
|move|p2a: Heatran|Earth Power|p1a: Hatterene
|-damage|p1a: Hatterene|42/100
|move|p1a: Hatterene|Psyshock|p2a: Heatran
|-resisted|p2a: Heatran
|-damage|p2a: Heatran|73/100
|
|-damage|p1a: Hatterene|30/100|[from] move: Magma Storm|[partiallytrapped]
|upkeep
|turn|8
|
|t:|1758256264
|move|p2a: Heatran|Earth Power|p1a: Hatterene
|-crit|p1a: Hatterene
|-damage|p1a: Hatterene|2/100
|-unboost|p1a: Hatterene|spd|1
|move|p1a: Hatterene|Psyshock|p2a: Heatran
|-resisted|p2a: Heatran
|-damage|p2a: Heatran|53/100
|
|-damage|p1a: Hatterene|0 fnt|[from] move: Magma Storm|[partiallytrapped]
|faint|p1a: Hatterene
|upkeep
|
|t:|1758256274
|switch|p1a: Zapdos|Zapdos-Galar|100/100
|turn|9
|
|t:|1758256280
|move|p1a: Zapdos|Thunderous Kick|p2a: Heatran
|-supereffective|p2a: Heatran
|-damage|p2a: Heatran|0 fnt
|faint|p2a: Heatran
|
|upkeep
|
|t:|1758256284
|switch|p2a: Zapdos|Zapdos|100/100
|turn|10
|
|t:|1758256292
|move|p2a: Zapdos|Volt Switch|p1a: Zapdos
|-supereffective|p1a: Zapdos
|-damage|p1a: Zapdos|25/100
|-enditem|p1a: Zapdos|Weakness Policy
|-boost|p1a: Zapdos|atk|2|[from] item: Weakness Policy
|-boost|p1a: Zapdos|spa|2|[from] item: Weakness Policy
|
|t:|1758256296
|switch|p2a: Alomomola|Alomomola, F|100/100|[from] Volt Switch
|move|p1a: Zapdos|Taunt|p2a: Alomomola
|-start|p2a: Alomomola|move: Taunt
|
|upkeep
|turn|11
|
|t:|1758256301
|move|p1a: Zapdos|Knock Off|p2a: Alomomola
|-damage|p2a: Alomomola|67/100
|-enditem|p2a: Alomomola|Heavy-Duty Boots|[from] move: Knock Off|[of] p1a: Zapdos
|move|p2a: Alomomola|Scald|p1a: Zapdos
|-damage|p1a: Zapdos|10/100
|
|upkeep
|turn|12
|
|t:|1758256309
|move|p1a: Zapdos|Thunderous Kick|p2a: Alomomola
|-damage|p2a: Alomomola|22/100
|-unboost|p2a: Alomomola|def|1
|move|p2a: Alomomola|Scald|p1a: Zapdos
|-damage|p1a: Zapdos|0 fnt
|faint|p1a: Zapdos
|
|-end|p2a: Alomomola|move: Taunt
|upkeep
|
|t:|1758256316
|switch|p1a: Gyarados|Gyarados, F|100/100
|turn|13
|
|t:|1758256318
|move|p1a: Gyarados|Dragon Dance|p1a: Gyarados
|-boost|p1a: Gyarados|atk|1
|-boost|p1a: Gyarados|spe|1
|move|p2a: Alomomola|Flip Turn|p1a: Gyarados
|-resisted|p1a: Gyarados
|-damage|p1a: Gyarados|91/100
|
|t:|1758256320
|switch|p2a: Zapdos|Zapdos|100/100|[from] Flip Turn
|
|-heal|p1a: Gyarados|97/100|[from] item: Leftovers
|upkeep
|turn|14
|
|t:|1758256325
|-terastallize|p1a: Gyarados|Ground
|move|p1a: Gyarados|Dragon Dance|p1a: Gyarados
|-boost|p1a: Gyarados|atk|1
|-boost|p1a: Gyarados|spe|1
|move|p2a: Zapdos|Volt Switch|p1a: Gyarados
|-immune|p1a: Gyarados
|
|-heal|p1a: Gyarados|100/100|[from] item: Leftovers
|upkeep
|turn|15
|
|t:|1758256334
|move|p1a: Gyarados|Dragon Dance|p1a: Gyarados
|-boost|p1a: Gyarados|atk|1
|-boost|p1a: Gyarados|spe|1
|move|p2a: Zapdos|Hurricane|p1a: Gyarados
|-damage|p1a: Gyarados|39/100
|
|-heal|p1a: Gyarados|45/100|[from] item: Leftovers
|upkeep
|turn|16
|
|t:|1758256340
|move|p1a: Gyarados|Waterfall|p2a: Zapdos
|-damage|p2a: Zapdos|0 fnt
|-status|p1a: Gyarados|par|[from] ability: Static|[of] p2a: Zapdos
|faint|p2a: Zapdos
|-ability|p1a: Gyarados|Moxie|boost
|-boost|p1a: Gyarados|atk|1
|
|-heal|p1a: Gyarados|51/100 par|[from] item: Leftovers
|upkeep
|
|t:|1758256343
|switch|p2a: Ting-Lu|Ting-Lu|100/100
|-ability|p2a: Ting-Lu|Vessel of Ruin
|turn|17
|
|t:|1758256347
|-terastallize|p2a: Ting-Lu|Poison
|move|p1a: Gyarados|Waterfall|p2a: Ting-Lu
|-damage|p2a: Ting-Lu|33/100
|move|p2a: Ting-Lu|Whirlwind|p1a: Gyarados
|drag|p1a: Kommo-o|Kommo-o, F|100/100
|
|-heal|p2a: Ting-Lu|39/100|[from] item: Leftovers
|upkeep
|turn|18
|
|t:|1758256358
|switch|p1a: Gyarados|Gyarados, F, tera:Ground|51/100 par
|move|p2a: Ting-Lu|Whirlwind|p1a: Gyarados
|drag|p1a: Kommo-o|Kommo-o, F|100/100
|
|-heal|p2a: Ting-Lu|45/100|[from] item: Leftovers
|upkeep
|turn|19
|
|t:|1758256362
|switch|p1a: Gyarados|Gyarados, F, tera:Ground|51/100 par
|move|p2a: Ting-Lu|Whirlwind|p1a: Gyarados
|drag|p1a: Kommo-o|Kommo-o, F|100/100
|
|-heal|p2a: Ting-Lu|51/100|[from] item: Leftovers
|upkeep
|turn|20
|
|t:|1758256368
|switch|p1a: Gyarados|Gyarados, F, tera:Ground|51/100 par
|move|p2a: Ting-Lu|Whirlwind|p1a: Gyarados
|drag|p1a: Kommo-o|Kommo-o, F|100/100
|
|-heal|p2a: Ting-Lu|58/100|[from] item: Leftovers
|upkeep
|turn|21
|
|t:|1758256374
|switch|p1a: Gyarados|Gyarados, F, tera:Ground|51/100 par
|move|p2a: Ting-Lu|Spikes|p1a: Gyarados
|-sidestart|p1: Sd2024|Spikes
|
|-heal|p1a: Gyarados|57/100 par|[from] item: Leftovers
|-heal|p2a: Ting-Lu|64/100|[from] item: Leftovers
|upkeep
|turn|22
|
|t:|1758256380
|move|p1a: Gyarados|Earthquake|p2a: Ting-Lu
|-supereffective|p2a: Ting-Lu
|-damage|p2a: Ting-Lu|9/100
|move|p2a: Ting-Lu|Whirlwind|p1a: Gyarados
|drag|p1a: Kommo-o|Kommo-o, F|100/100
|-damage|p1a: Kommo-o|88/100|[from] Spikes
|
|-heal|p1a: Kommo-o|94/100|[from] item: Leftovers
|-heal|p2a: Ting-Lu|15/100|[from] item: Leftovers
|upkeep
|turn|23
|
|t:|1758256389
|move|p1a: Kommo-o|Shadow Claw|p2a: Ting-Lu
|-damage|p2a: Ting-Lu|4/100
|move|p2a: Ting-Lu|Whirlwind|p1a: Kommo-o
|drag|p1a: Gyarados|Gyarados, F, tera:Ground|57/100 par
|-damage|p1a: Gyarados|45/100 par|[from] Spikes
|
|-heal|p1a: Gyarados|51/100 par|[from] item: Leftovers
|-heal|p2a: Ting-Lu|11/100|[from] item: Leftovers
|upkeep
|turn|24
|
|t:|1758256395
|move|p1a: Gyarados|Earthquake|p2a: Ting-Lu
|-supereffective|p2a: Ting-Lu
|-damage|p2a: Ting-Lu|0 fnt
|faint|p2a: Ting-Lu
|-ability|p1a: Gyarados|Moxie|boost
|-boost|p1a: Gyarados|atk|1
|
|-heal|p1a: Gyarados|57/100 par|[from] item: Leftovers
|upkeep
|
|t:|1758256397
|switch|p2a: Kyurem|Kyurem|48/100
|-ability|p2a: Kyurem|Pressure
|turn|25
|
|t:|1758256401
|move|p2a: Kyurem|Ice Beam|p1a: Gyarados
|-supereffective|p1a: Gyarados
|-damage|p1a: Gyarados|0 fnt
|faint|p1a: Gyarados
|
|upkeep
|
|t:|1758256403
|switch|p1a: Kommo-o|Kommo-o, F|94/100
|-damage|p1a: Kommo-o|82/100|[from] Spikes
|turn|26
|
|t:|1758256406
|move|p2a: Kyurem|Ice Beam|p1a: Kommo-o
|-supereffective|p1a: Kommo-o
|-damage|p1a: Kommo-o|0 fnt
|faint|p1a: Kommo-o
|
|win|hydromissfocushit
|raw|Sd2024's rating: 1245 &rarr; <strong>1221</strong><br />(-24 for losing)
|raw|hydromissfocushit's rating: 1254 &rarr; <strong>1278</strong><br />(+24 for winning)
|l|‽Sd2024
|player|p1|
|l|☆hydromissfocushit
|player|p2|
