|j|☆ParlusZ
|j|☆Duckular
|t:|1758324393
|gametype|singles
|player|p1|ParlusZ|lucas-gen4pt|1038
|player|p2|Duckular|2|1086
|gen|9
|tier|[Gen 9] OU
|rated|
|rule|HP Percentage Mod: HP is shown in percentages
|rule|Endless Battle Clause: Forcing endless battles is banned
|rule|Species Clause: Limit one of each Pokémon
|rule|OHKO Clause: OHKO moves are banned
|rule|Evasion Items Clause: Evasion items are banned
|rule|Evasion Moves Clause: Evasion moves are banned
|rule|Evasion Abilities Clause: Evasion abilities are banned
|rule|Sleep Moves Clause: Sleep-inducing moves are banned
|clearpoke
|poke|p1|Pikachu, M|
|poke|p1|Slaking, M|
|poke|p1|Snorlax, M|
|poke|p1|Regice|
|poke|p1|Ninetales-Alola, F|
|poke|p1|Pincurchin, M|
|poke|p2|Weezing-Galar, F|
|poke|p2|Azelf|
|poke|p2|Veluza, F|
|poke|p2|Flamigo, F|
|poke|p2|Sylveon, F|
|poke|p2|Golem-Alola, F|
|teampreview
|inactive|Battle timer is ON: inactive players will automatically lose when time's up. (requested by Duckular)
|j| sonic supernair
|
|t:|1758324427
|teamsize|p1|6
|teamsize|p2|6
|start
|switch|p1a: Ninetales|Ninetales-Alola, F|100/100
|switch|p2a: Azelf|Azelf|100/100
|-weather|Snowscape|[from] ability: Snow Warning|[of] p1a: Ninetales
|turn|1
|
|t:|1758324432
|move|p2a: Azelf|Taunt|p1a: Ninetales
|-start|p1a: Ninetales|move: Taunt
|cant|p1a: Ninetales|move: Taunt|Aurora Veil
|
|-weather|Snowscape|[upkeep]
|upkeep
|turn|2
|
|t:|1758324437
|move|p2a: Azelf|Stealth Rock|p1a: Ninetales
|-sidestart|p1: ParlusZ|move: Stealth Rock
|move|p1a: Ninetales|Blizzard|p2a: Azelf
|-damage|p2a: Azelf|39/100
|
|-weather|Snowscape|[upkeep]
|upkeep
|turn|3
|c|☆Duckular|Nuh uh
|j| aquiIo
|
|t:|1758324444
|move|p2a: Azelf|Explosion|p1a: Ninetales
|-damage|p1a: Ninetales|18/100
|faint|p2a: Azelf
|move|p1a: Ninetales|Blizzard|p2: Azelf|[notarget]
|-fail|p1a: Ninetales
|
|-weather|Snowscape|[upkeep]
|-end|p1a: Ninetales|move: Taunt
|upkeep
|
|t:|1758324449
|switch|p2a: Veluza|Veluza, F|100/100
|turn|4
|
|t:|1758324453
|move|p2a: Veluza|Flip Turn|p1a: Ninetales
|-damage|p1a: Ninetales|0 fnt
|faint|p1a: Ninetales
|
|t:|1758324455
|switch|p2a: Flamigo|Flamigo, F|100/100|[from] Flip Turn
|
|-weather|Snowscape|[upkeep]
|upkeep
|c|☆Duckular|Guys look I’m a mons player
|c|☆Duckular|I can click pivot moves
|
|t:|1758324477
|switch|p1a: Slaking|Slaking, M|100/100
|-damage|p1a: Slaking|88/100|[from] Stealth Rock
|turn|5
|
|t:|1758324492
|move|p2a: Flamigo|Close Combat|p1a: Slaking
|-supereffective|p1a: Slaking
|-damage|p1a: Slaking|0 fnt
|-unboost|p2a: Flamigo|def|1
|-unboost|p2a: Flamigo|spd|1
|faint|p1a: Slaking
|
|-weather|none
|upkeep
|
|t:|1758324494
|switch|p1a: Pincurchin|Pincurchin, M|100/100
|-damage|p1a: Pincurchin|88/100|[from] Stealth Rock
|-fieldstart|move: Electric Terrain|[from] ability: Electric Surge|[of] p1a: Pincurchin
|turn|6
|l| aquiIo
|c|☆Duckular|Wait
|j| aquiIo
|c|☆Duckular|Yoooo
|c|☆Duckular|this is abouta bw so aura
|c|☆ParlusZ|Bro is obsessed with choice scarf
|j| lt123vbrator
|inactive|ParlusZ has 120 seconds left.
|l| aquiIo
|
|t:|1758324532
|switch|p2a: Golem|Golem-Alola, F|100/100
|-item|p2a: Golem|Air Balloon
|move|p1a: Pincurchin|Thunder Wave|p2a: Golem
|-immune|p2a: Golem
|
|upkeep
|turn|7
|j| aquiIo
|j| Catarina Valentine
|inactive|ParlusZ has 120 seconds left.
|c|☆Duckular|Alright who’s dying
|
|t:|1758324544
|move|p2a: Golem|Explosion|p1a: Pincurchin
|-resisted|p1a: Pincurchin
|-damage|p1a: Pincurchin|0 fnt
|faint|p2a: Golem
|faint|p1a: Pincurchin
|
|upkeep
|c|☆Duckular|pick one
|c| aquiIo|kaboom
|c|☆Duckular|YOOOOOOO
|c| aquiIo|ok
|c| aquiIo|now
|c| aquiIo|go sylveon
|c| aquiIo|and boom again
|
|t:|1758324562
|switch|p2a: Sylveon|Sylveon, F|100/100
|switch|p1a: Snorlax|Snorlax, M|100/100
|-damage|p1a: Snorlax|88/100|[from] Stealth Rock
|turn|8
|c|☆ParlusZ|Bro has help
|inactive|ParlusZ has 120 seconds left.
|c|☆ParlusZ|and spams explosion and choice scarf
|c|☆ParlusZ|LOOL
|c|☆Duckular|Nah don’t worry ur still gonna win
|c|☆Duckular|Watch
|c|☆Duckular|don’t forfeit
|j| Fallon Liadan
|
|t:|1758324590
|-terastallize|p2a: Sylveon|Fairy
|move|p2a: Sylveon|Double-Edge|p1a: Snorlax
|-damage|p1a: Snorlax|31/100
|-damage|p2a: Sylveon|71/100|[from] Recoil
|move|p1a: Snorlax|Body Slam|p2a: Sylveon
|-damage|p2a: Sylveon|4/100
|-status|p2a: Sylveon|par
|
|upkeep
|turn|9
|l| aquiIo
|j| aquiIo
|
|t:|1758324599
|move|p2a: Sylveon|Double-Edge|p1a: Snorlax
|-damage|p1a: Snorlax|0 fnt
|faint|p1a: Snorlax
|-damage|p2a: Sylveon|0 fnt|[from] Recoil
|faint|p2a: Sylveon
|
|upkeep
|
|t:|1758324606
|switch|p2a: Flamigo|Flamigo, F|100/100
|switch|p1a: Pikachu|Pikachu, M|100/100
|-damage|p1a: Pikachu|88/100|[from] Stealth Rock
|turn|10
|c| aquiIo|????
|c| aquiIo|BRO
|c| aquiIo|COPYCAT EXPLOSION
|inactive|ParlusZ has 120 seconds left.
|c| aquiIo|smsmfhhd
|
|t:|1758324612
|move|p2a: Flamigo|Close Combat|p1a: Pikachu
|-damage|p1a: Pikachu|0 fnt
|-unboost|p2a: Flamigo|def|1
|-unboost|p2a: Flamigo|spd|1
|faint|p1a: Pikachu
|
|upkeep
|
|t:|1758324614
|switch|p1a: Regice|Regice|100/100
|-damage|p1a: Regice|75/100|[from] Stealth Rock
|turn|11
|-message|ParlusZ forfeited.
|
|win|Duckular
|raw|ParlusZ's rating: 1038 &rarr; <strong>1024</strong><br />(-14 for losing)
|raw|Duckular's rating: 1086 &rarr; <strong>1109</strong><br />(+23 for winning)
|l|☆ParlusZ
|player|p1|
|c|☆Duckular|NOOOOOOOO
|c|☆Duckular|SHIT
|c| aquiIo|duckular twin
|n|!Duckular|duckular
