|j|☆NorseCode07
|j|☆l1kewheezy
|t:|1758260542
|gametype|singles
|player|p1|NorseCode07|hilbert|1317
|player|p2|l1kewheezy|elesa|1322
|gen|9
|tier|[Gen 9] OU
|rated|
|rule|HP Percentage Mod: HP is shown in percentages
|rule|Endless Battle Clause: Forcing endless battles is banned
|rule|Species Clause: Limit one of each Pokémon
|rule|OHKO Clause: OHKO moves are banned
|rule|Evasion Items Clause: Evasion items are banned
|rule|Evasion Moves Clause: Evasion moves are banned
|rule|Evasion Abilities Clause: Evasion abilities are banned
|rule|Sleep Moves Clause: Sleep-inducing moves are banned
|clearpoke
|poke|p1|Hawlucha, F|
|poke|p1|Chandelure, M|
|poke|p1|Muk-Alola, M|
|poke|p1|Magnezone|
|poke|p1|Mamoswine, M|
|poke|p1|Primarina, F|
|poke|p2|Garchomp, F|
|poke|p2|Gholdengo|
|poke|p2|Slowking-Galar, F|
|poke|p2|Scizor, F|
|poke|p2|Iron Valiant|
|poke|p2|Gliscor, F|
|teampreview
|inactive|Battle timer is ON: inactive players will automatically lose when time's up. (requested by NorseCode07)
|
|t:|1758260570
|teamsize|p1|6
|teamsize|p2|6
|start
|switch|p1a: Wario|Muk-Alola, M|100/100
|switch|p2a: Slowking|Slowking-Galar, F|100/100
|turn|1
|
|t:|1758260579
|switch|p2a: Scizor|Scizor, F|100/100
|move|p1a: Wario|Knock Off|p2a: Scizor
|-damage|p2a: Scizor|57/100
|-enditem|p2a: Scizor|Heavy-Duty Boots|[from] move: Knock Off|[of] p1a: Wario
|
|upkeep
|turn|2
|
|t:|1758260592
|move|p2a: Scizor|U-turn|p1a: Wario
|-damage|p1a: Wario|61/100
|
|t:|1758260605
|switch|p2a: Garchomp|Garchomp, F|100/100|[from] U-turn
|move|p1a: Wario|Knock Off|p2a: Garchomp
|-damage|p2a: Garchomp|58/100
|-damage|p1a: Wario|49/100|[from] ability: Rough Skin|[of] p2a: Garchomp
|-enditem|p2a: Garchomp|Loaded Dice|[from] move: Knock Off|[of] p1a: Wario
|
|-heal|p1a: Wario|55/100|[from] item: Leftovers
|upkeep
|turn|3
|
|t:|1758260617
|switch|p1a: Masked Muscle|Hawlucha, F|100/100
|move|p2a: Garchomp|Scale Shot|p1a: Masked Muscle
|-damage|p1a: Masked Muscle|81/100
|-damage|p1a: Masked Muscle|60/100
|-damage|p1a: Masked Muscle|39/100
|-hitcount|p1a: Masked Muscle|3
|-unboost|p2a: Garchomp|def|1
|-boost|p2a: Garchomp|spe|1
|
|upkeep
|turn|4
|
|t:|1758260631
|move|p2a: Garchomp|Scale Shot|p1a: Masked Muscle
|-damage|p1a: Masked Muscle|20/100
|-damage|p1a: Masked Muscle|0 fnt
|faint|p1a: Masked Muscle
|-hitcount|p1: Masked Muscle|2
|-unboost|p2a: Garchomp|def|1
|-boost|p2a: Garchomp|spe|1
|
|upkeep
|
|t:|1758260639
|switch|p1a: Tusk Boi|Mamoswine, M|100/100
|turn|5
|
|t:|1758260644
|switch|p2a: Scizor|Scizor, F|57/100
|move|p1a: Tusk Boi|Ice Shard|p2a: Scizor
|-resisted|p2a: Scizor
|-damage|p2a: Scizor|48/100
|
|upkeep
|turn|6
|
|t:|1758260656
|switch|p1a: William|Chandelure, M|100/100
|move|p2a: Scizor|U-turn|p1a: William
|-resisted|p1a: William
|-damage|p1a: William|88/100
|
|t:|1758260668
|switch|p2a: Gliscor|Gliscor, F|100/100|[from] U-turn
|
|-status|p2a: Gliscor|tox|[from] item: Toxic Orb
|upkeep
|turn|7
|
|t:|1758260674
|move|p1a: William|Hex|p2a: Gliscor
|-damage|p2a: Gliscor|10/100 tox
|move|p2a: Gliscor|Knock Off|p1a: William
|-supereffective|p1a: William
|-damage|p1a: William|30/100
|-enditem|p1a: William|Heavy-Duty Boots|[from] move: Knock Off|[of] p2a: Gliscor
|
|-heal|p2a: Gliscor|22/100 tox|[from] ability: Poison Heal
|upkeep
|turn|8
|
|t:|1758260690
|switch|p2a: Slowking|Slowking-Galar, F|100/100
|move|p1a: William|Hex|p2a: Slowking
|-supereffective|p2a: Slowking
|-damage|p2a: Slowking|56/100
|
|upkeep
|turn|9
|
|t:|1758260695
|move|p1a: William|Shadow Ball|p2a: Slowking
|-supereffective|p2a: Slowking
|-damage|p2a: Slowking|3/100
|-prepare|p2a: Slowking|Chilly Reception|[premajor]
|move|p2a: Slowking|Chilly Reception|p2a: Slowking
|-weather|Snowscape
|
|t:|1758260719
|switch|p2a: Garchomp|Garchomp, F|58/100|[from] Chilly Reception
|
|-weather|Snowscape|[upkeep]
|upkeep
|turn|10
|
|t:|1758260727
|move|p2a: Garchomp|Earthquake|p1a: William
|-supereffective|p1a: William
|-damage|p1a: William|0 fnt
|faint|p1a: William
|
|-weather|Snowscape|[upkeep]
|upkeep
|
|t:|1758260733
|switch|p1a: Tusk Boi|Mamoswine, M|100/100
|turn|11
|
|t:|1758260738
|switch|p2a: Scizor|Scizor, F|48/100
|move|p1a: Tusk Boi|Earthquake|p2a: Scizor
|-damage|p2a: Scizor|0 fnt
|faint|p2a: Scizor
|
|-weather|Snowscape|[upkeep]
|upkeep
|
|t:|1758260741
|switch|p2a: Gholdengo|Gholdengo|100/100
|-item|p2a: Gholdengo|Air Balloon
|turn|12
|
|t:|1758260754
|move|p1a: Tusk Boi|Icicle Crash|p2a: Gholdengo
|-resisted|p2a: Gholdengo
|-damage|p2a: Gholdengo|87/100
|-enditem|p2a: Gholdengo|Air Balloon
|move|p2a: Gholdengo|Make It Rain|p1a: Tusk Boi
|-supereffective|p1a: Tusk Boi
|-damage|p1a: Tusk Boi|11/100
|-unboost|p2a: Gholdengo|spa|1
|
|-weather|Snowscape|[upkeep]
|upkeep
|turn|13
|
|t:|1758260764
|move|p1a: Tusk Boi|Earthquake|p2a: Gholdengo
|-supereffective|p2a: Gholdengo
|-damage|p2a: Gholdengo|22/100
|move|p2a: Gholdengo|Hex|p1a: Tusk Boi
|-damage|p1a: Tusk Boi|0 fnt
|faint|p1a: Tusk Boi
|
|-weather|none
|upkeep
|
|t:|1758260772
|switch|p1a: Wario|Muk-Alola, M|55/100
|turn|14
|
|t:|1758260776
|move|p2a: Gholdengo|Make It Rain|p1a: Wario
|-damage|p1a: Wario|28/100
|-unboost|p2a: Gholdengo|spa|1
|move|p1a: Wario|Knock Off|p2a: Gholdengo
|-supereffective|p2a: Gholdengo
|-damage|p2a: Gholdengo|0 fnt
|faint|p2a: Gholdengo
|
|-heal|p1a: Wario|34/100|[from] item: Leftovers
|upkeep
|
|t:|1758260800
|switch|p2a: Garchomp|Garchomp, F|58/100
|turn|15
|
|t:|1758260807
|move|p1a: Wario|Protect|p1a: Wario
|-singleturn|p1a: Wario|Protect
|move|p2a: Garchomp|Earthquake|p1a: Wario
|-activate|p1a: Wario|move: Protect
|
|-heal|p1a: Wario|40/100|[from] item: Leftovers
|upkeep
|turn|16
|
|t:|1758260815
|switch|p1a: French Fry|Magnezone|100/100
|-item|p1a: French Fry|Air Balloon
|move|p2a: Garchomp|Earthquake|p1a: French Fry
|-immune|p1a: French Fry
|
|upkeep
|turn|17
|
|t:|1758260821
|move|p1a: French Fry|Flash Cannon|p2a: Garchomp
|-damage|p2a: Garchomp|5/100
|move|p2a: Garchomp|Dragon Tail|p1a: French Fry
|-resisted|p1a: French Fry
|-damage|p1a: French Fry|85/100
|-enditem|p1a: French Fry|Air Balloon
|drag|p1a: Primo|Primarina, F|100/100
|
|upkeep
|turn|18
|
|t:|1758260833
|switch|p2a: Slowking|Slowking-Galar, F|36/100
|move|p1a: Primo|Surf|p2a: Slowking
|-damage|p2a: Slowking|8/100
|
|upkeep
|turn|19
|
|t:|1758260853
|switch|p2a: Gliscor|Gliscor, F|22/100 tox
|move|p1a: Primo|Moonblast|p2a: Gliscor
|-damage|p2a: Gliscor|0 fnt
|faint|p2a: Gliscor
|
|upkeep
|
|t:|1758260867
|switch|p2a: Slowking|Slowking-Galar, F|42/100
|turn|20
|
|t:|1758260871
|move|p1a: Primo|Surf|p2a: Slowking
|-damage|p2a: Slowking|13/100
|move|p2a: Slowking|Sludge Bomb|p1a: Primo
|-supereffective|p1a: Primo
|-damage|p1a: Primo|42/100
|
|-heal|p1a: Primo|49/100|[from] item: Leftovers
|upkeep
|turn|21
|
|t:|1758260878
|move|p1a: Primo|Surf|p2a: Slowking
|-damage|p2a: Slowking|0 fnt
|faint|p2a: Slowking
|
|-heal|p1a: Primo|55/100|[from] item: Leftovers
|upkeep
|
|t:|1758260880
|switch|p2a: Iron Valiant|Iron Valiant|100/100
|turn|22
|
|t:|1758260884
|move|p2a: Iron Valiant|Thunderbolt|p1a: Primo
|-supereffective|p1a: Primo
|-damage|p1a: Primo|0 fnt
|faint|p1a: Primo
|
|upkeep
|
|t:|1758260889
|switch|p1a: French Fry|Magnezone|85/100
|turn|23
|
|t:|1758260895
|-terastallize|p1a: French Fry|Fighting
|move|p2a: Iron Valiant|Thunderbolt|p1a: French Fry
|-damage|p1a: French Fry|34/100
|-status|p1a: French Fry|par
|move|p1a: French Fry|Flash Cannon|p2a: Iron Valiant
|-supereffective|p2a: Iron Valiant
|-damage|p2a: Iron Valiant|0 fnt
|faint|p2a: Iron Valiant
|-end|p2a: Iron Valiant|Quark Drive|[silent]
|
|upkeep
|
|t:|1758260898
|switch|p2a: Garchomp|Garchomp, F|5/100
|turn|24
|
|t:|1758260907
|move|p2a: Garchomp|Earthquake|p1a: French Fry
|-damage|p1a: French Fry|0 fnt
|faint|p1a: French Fry
|
|upkeep
|
|t:|1758260911
|switch|p1a: Wario|Muk-Alola, M|40/100
|turn|25
|
|t:|1758260914
|move|p2a: Garchomp|Earthquake|p1a: Wario
|-supereffective|p1a: Wario
|-damage|p1a: Wario|0 fnt
|faint|p1a: Wario
|
|win|l1kewheezy
|raw|NorseCode07's rating: 1317 &rarr; <strong>1297</strong><br />(-20 for losing)
|raw|l1kewheezy's rating: 1322 &rarr; <strong>1342</strong><br />(+20 for winning)
|l|☆l1kewheezy
|player|p2|
|c|☆NorseCode07|i threw with that tera
|l|☆NorseCode07
|player|p1|
