|j|☆DontMissMantine
|j|☆Mortifi
|t:|1758305444
|gametype|singles
|player|p1|DontMissMantine|lucas|1710
|player|p2|Mortifi|pokemaniac|1695
|gen|9
|tier|[Gen 9] OU
|rated|
|rule|HP Percentage Mod: HP is shown in percentages
|rule|Endless Battle Clause: Forcing endless battles is banned
|rule|Species Clause: Limit one of each Pokémon
|rule|OHKO Clause: OHKO moves are banned
|rule|Evasion Items Clause: Evasion items are banned
|rule|Evasion Moves Clause: Evasion moves are banned
|rule|Evasion Abilities Clause: Evasion abilities are banned
|rule|Sleep Moves Clause: Sleep-inducing moves are banned
|clearpoke
|poke|p1|Pelipper, M|
|poke|p1|Beartic, M|
|poke|p1|Barraskewda, F|
|poke|p1|Ogerpon-Wellspring, F|
|poke|p1|Zapdos|
|poke|p1|Hatterene, F|
|poke|p2|Primarina, F|
|poke|p2|Deoxys-Speed|
|poke|p2|Great Tusk|
|poke|p2|Raging Bolt|
|poke|p2|Gholdengo|
|poke|p2|Skarmory, F|
|teampreview
|inactive|Battle timer is ON: inactive players will automatically lose when time's up. (requested by DontMissMantine)
|
|t:|1758305473
|teamsize|p1|6
|teamsize|p2|6
|start
|switch|p1a: Pelipper|Pelipper, M|100/100
|switch|p2a: Primarina|Primarina, F|100/100
|-weather|RainDance|[from] ability: Drizzle|[of] p1a: Pelipper
|turn|1
|
|t:|1758305491
|switch|p1a: Zapdos|Zapdos|100/100
|move|p2a: Primarina|Moonblast|p1a: Zapdos
|-damage|p1a: Zapdos|43/100
|-unboost|p1a: Zapdos|spa|1
|
|-weather|RainDance|[upkeep]
|upkeep
|turn|2
|
|t:|1758305511
|switch|p2a: Raging Bolt|Raging Bolt|100/100
|move|p1a: Zapdos|Volt Switch|p2a: Raging Bolt
|-resisted|p2a: Raging Bolt
|-damage|p2a: Raging Bolt|97/100
|
|t:|1758305517
|switch|p1a: Beartic|Beartic, M|100/100|[from] Volt Switch
|
|-weather|RainDance|[upkeep]
|upkeep
|turn|3
|
|t:|1758305531
|-end|p2a: Raging Bolt|Protosynthesis|[silent]
|switch|p2a: Skarmory|Skarmory, F|100/100
|move|p1a: Beartic|Icicle Spear|p2a: Skarmory
|-crit|p2a: Skarmory
|-damage|p2a: Skarmory|89/100
|-damage|p2a: Skarmory|80/100
|-damage|p2a: Skarmory|71/100
|-damage|p2a: Skarmory|63/100
|-hitcount|p2a: Skarmory|4
|
|-weather|RainDance|[upkeep]
|upkeep
|turn|4
|
|t:|1758305542
|-terastallize|p1a: Beartic|Electric
|move|p1a: Beartic|Tera Blast|p2a: Skarmory|[anim] Tera Blast Electric
|-supereffective|p2a: Skarmory
|-damage|p2a: Skarmory|11/100
|move|p2a: Skarmory|Roost|p2a: Skarmory
|-heal|p2a: Skarmory|61/100
|-singleturn|p2a: Skarmory|move: Roost
|
|-weather|RainDance|[upkeep]
|upkeep
|turn|5
|inactive|Mortifi has 120 seconds left.
|
|t:|1758305573
|move|p1a: Beartic|Icicle Spear|p2a: Skarmory
|-damage|p2a: Skarmory|53/100
|-damage|p2a: Skarmory|45/100
|-crit|p2a: Skarmory
|-damage|p2a: Skarmory|32/100
|-damage|p2a: Skarmory|24/100
|-damage|p2a: Skarmory|15/100
|-hitcount|p2a: Skarmory|5
|move|p2a: Skarmory|Roost|p2a: Skarmory
|-heal|p2a: Skarmory|65/100
|-singleturn|p2a: Skarmory|move: Roost
|
|-weather|RainDance|[upkeep]
|upkeep
|turn|6
|inactive|Mortifi has 120 seconds left.
|j| AntdonPokemon
|
|t:|1758305587
|move|p1a: Beartic|Tera Blast|p2a: Skarmory|[anim] Tera Blast Electric
|-supereffective|p2a: Skarmory
|-damage|p2a: Skarmory|16/100
|move|p2a: Skarmory|Roost|p2a: Skarmory
|-heal|p2a: Skarmory|66/100
|-singleturn|p2a: Skarmory|move: Roost
|
|-weather|RainDance|[upkeep]
|upkeep
|turn|7
|inactive|Mortifi has 120 seconds left.
|
|t:|1758305597
|move|p1a: Beartic|Swords Dance|p1a: Beartic
|-boost|p1a: Beartic|atk|2
|move|p2a: Skarmory|Roost|p2a: Skarmory
|-heal|p2a: Skarmory|100/100
|-singleturn|p2a: Skarmory|move: Roost
|
|-weather|RainDance|[upkeep]
|upkeep
|turn|8
|inactive|Mortifi has 120 seconds left.
|
|t:|1758305611
|-terastallize|p2a: Skarmory|Dragon
|move|p1a: Beartic|Icicle Spear|p2a: Skarmory
|-supereffective|p2a: Skarmory
|-damage|p2a: Skarmory|66/100
|-supereffective|p2a: Skarmory
|-damage|p2a: Skarmory|34/100
|-supereffective|p2a: Skarmory
|-damage|p2a: Skarmory|0 fnt
|faint|p2a: Skarmory
|-hitcount|p2: Skarmory|3
|
|-weather|none
|upkeep
|inactive|Mortifi has 120 seconds left.
|j| dfkodo
|
|t:|1758305625
|switch|p2a: Great Tusk|Great Tusk|100/100
|turn|9
|inactive|Mortifi has 120 seconds left.
|
|t:|1758305633
|switch|p1a: Pelipper|Pelipper, M|100/100
|-weather|RainDance|[from] ability: Drizzle|[of] p1a: Pelipper
|move|p2a: Great Tusk|Knock Off|p1a: Pelipper
|-damage|p1a: Pelipper|74/100
|-enditem|p1a: Pelipper|Damp Rock|[from] move: Knock Off|[of] p2a: Great Tusk
|
|-weather|RainDance|[upkeep]
|upkeep
|turn|10
|
|t:|1758305642
|-end|p2a: Great Tusk|Protosynthesis|[silent]
|switch|p2a: Primarina|Primarina, F|100/100
|move|p1a: Pelipper|U-turn|p2a: Primarina
|-resisted|p2a: Primarina
|-damage|p2a: Primarina|94/100
|
|t:|1758305649
|switch|p1a: Beartic|Beartic, M, tera:Electric|100/100|[from] U-turn
|
|-weather|RainDance|[upkeep]
|upkeep
|turn|11
|
|t:|1758305657
|move|p1a: Beartic|Tera Blast|p2a: Primarina|[anim] Tera Blast Electric
|-supereffective|p2a: Primarina
|-damage|p2a: Primarina|0 fnt
|faint|p2a: Primarina
|
|-weather|RainDance|[upkeep]
|upkeep
|
|t:|1758305666
|switch|p2a: Great Tusk|Great Tusk|100/100
|turn|12
|
|t:|1758305673
|switch|p1a: Zapdos|Zapdos|43/100
|move|p2a: Great Tusk|Headlong Rush|p1a: Zapdos
|-immune|p1a: Zapdos
|
|-weather|RainDance|[upkeep]
|upkeep
|turn|13
|
|t:|1758305682
|-end|p2a: Great Tusk|Protosynthesis|[silent]
|switch|p2a: Raging Bolt|Raging Bolt|97/100
|move|p1a: Zapdos|Hurricane|p2a: Raging Bolt
|-resisted|p2a: Raging Bolt
|-damage|p2a: Raging Bolt|82/100
|-start|p2a: Raging Bolt|confusion
|
|-weather|RainDance|[upkeep]
|upkeep
|turn|14
|
|t:|1758305710
|move|p1a: Zapdos|Hurricane|p2a: Raging Bolt
|-resisted|p2a: Raging Bolt
|-damage|p2a: Raging Bolt|64/100
|-activate|p2a: Raging Bolt|confusion
|-damage|p2a: Raging Bolt|58/100|[from] confusion
|
|-weather|RainDance|[upkeep]
|upkeep
|turn|15
|
|t:|1758305717
|move|p1a: Zapdos|Hurricane|p2a: Raging Bolt
|-resisted|p2a: Raging Bolt
|-damage|p2a: Raging Bolt|42/100
|-end|p2a: Raging Bolt|confusion
|move|p2a: Raging Bolt|Volt Switch|p1a: Zapdos
|-damage|p1a: Zapdos|13/100
|
|t:|1758305724
|-end|p2a: Raging Bolt|Protosynthesis|[silent]
|switch|p2a: Deoxys|Deoxys-Speed|100/100|[from] Volt Switch
|-ability|p2a: Deoxys|Pressure
|
|-weather|RainDance|[upkeep]
|upkeep
|turn|16
|
|t:|1758305731
|switch|p1a: Hatterene|Hatterene, F|100/100
|move|p2a: Deoxys|Stealth Rock|p1a: Hatterene
|move|p1a: Hatterene|Stealth Rock|p2a: Deoxys|[from] ability: Magic Bounce
|-sidestart|p2: Mortifi|move: Stealth Rock
|
|-weather|none
|upkeep
|turn|17
|j| Partynparadise
|
|t:|1758305740
|move|p1a: Hatterene|Dazzling Gleam|p2a: Deoxys
|-crit|p2a: Deoxys
|-damage|p2a: Deoxys|32/100
|move|p2a: Deoxys|Teleport|p2a: Deoxys
|
|t:|1758305744
|switch|p2a: Gholdengo|Gholdengo|100/100|[from] Teleport
|
|upkeep
|turn|18
|
|t:|1758305756
|switch|p1a: Zapdos|Zapdos|13/100
|move|p2a: Gholdengo|Make It Rain|p1a: Zapdos
|-resisted|p1a: Zapdos
|-crit|p1a: Zapdos
|-damage|p1a: Zapdos|0 fnt
|-unboost|p2a: Gholdengo|spa|1
|faint|p1a: Zapdos
|
|upkeep
|
|t:|1758305765
|switch|p1a: Pelipper|Pelipper, M|74/100
|-weather|RainDance|[from] ability: Drizzle|[of] p1a: Pelipper
|turn|19
|
|t:|1758305772
|move|p2a: Gholdengo|Thunder Wave|p1a: Pelipper
|-status|p1a: Pelipper|par
|cant|p1a: Pelipper|par
|
|-weather|RainDance|[upkeep]
|upkeep
|turn|20
|
|t:|1758305780
|move|p2a: Gholdengo|Hex|p1a: Pelipper
|-damage|p1a: Pelipper|16/100 par
|cant|p1a: Pelipper|par
|
|-weather|RainDance|[upkeep]
|upkeep
|turn|21
|
|t:|1758305787
|switch|p1a: Ogerpon|Ogerpon-Wellspring, F|100/100
|move|p2a: Gholdengo|Hex|p1a: Ogerpon
|-damage|p1a: Ogerpon|75/100
|
|-weather|RainDance|[upkeep]
|upkeep
|turn|22
|
|t:|1758305795
|move|p1a: Ogerpon|Ivy Cudgel|p2a: Gholdengo|[anim] Ivy Cudgel Water
|-damage|p2a: Gholdengo|12/100
|move|p2a: Gholdengo|Thunder Wave|p1a: Ogerpon
|-status|p1a: Ogerpon|par
|
|-weather|RainDance|[upkeep]
|upkeep
|turn|23
|
|t:|1758305808
|switch|p2a: Deoxys|Deoxys-Speed|32/100
|-ability|p2a: Deoxys|Pressure
|move|p1a: Ogerpon|Ivy Cudgel|p2a: Deoxys|[anim] Ivy Cudgel Water
|-damage|p2a: Deoxys|0 fnt
|faint|p2a: Deoxys
|
|-weather|none
|upkeep
|
|t:|1758305817
|switch|p2a: Raging Bolt|Raging Bolt|42/100
|-damage|p2a: Raging Bolt|30/100|[from] Stealth Rock
|turn|24
|
|t:|1758305827
|move|p2a: Raging Bolt|Draco Meteor|p1a: Ogerpon
|-damage|p1a: Ogerpon|0 fnt
|-unboost|p2a: Raging Bolt|spa|2
|faint|p1a: Ogerpon
|
|upkeep
|
|t:|1758305833
|switch|p1a: Pelipper|Pelipper, M|16/100 par
|-weather|RainDance|[from] ability: Drizzle|[of] p1a: Pelipper
|turn|25
|
|t:|1758305841
|switch|p1a: Hatterene|Hatterene, F|100/100
|move|p2a: Raging Bolt|Volt Switch|p1a: Hatterene
|-damage|p1a: Hatterene|78/100
|-enditem|p1a: Hatterene|Eject Button
|
|t:|1758305847
|switch|p1a: Beartic|Beartic, M, tera:Electric|100/100
|
|-weather|RainDance|[upkeep]
|upkeep
|turn|26
|
|t:|1758305853
|move|p1a: Beartic|Icicle Spear|p2a: Raging Bolt
|-supereffective|p2a: Raging Bolt
|-damage|p2a: Raging Bolt|4/100
|-supereffective|p2a: Raging Bolt
|-damage|p2a: Raging Bolt|0 fnt
|faint|p2a: Raging Bolt
|-end|p2a: Raging Bolt|Protosynthesis|[silent]
|-hitcount|p2: Raging Bolt|2
|
|-weather|RainDance|[upkeep]
|upkeep
|
|t:|1758305859
|switch|p2a: Great Tusk|Great Tusk|100/100
|turn|27
|
|t:|1758305867
|move|p1a: Beartic|Icicle Spear|p2a: Great Tusk
|-supereffective|p2a: Great Tusk
|-damage|p2a: Great Tusk|79/100
|-supereffective|p2a: Great Tusk
|-damage|p2a: Great Tusk|57/100
|-supereffective|p2a: Great Tusk
|-damage|p2a: Great Tusk|37/100
|-supereffective|p2a: Great Tusk
|-damage|p2a: Great Tusk|15/100
|-hitcount|p2a: Great Tusk|4
|move|p2a: Great Tusk|Rapid Spin|p1a: Beartic
|-damage|p1a: Beartic|80/100
|-boost|p2a: Great Tusk|spe|1
|-sideend|p2: Mortifi|Stealth Rock|[from] move: Rapid Spin|[of] p2a: Great Tusk
|
|-weather|RainDance|[upkeep]
|upkeep
|turn|28
|
|t:|1758305885
|move|p2a: Great Tusk|Headlong Rush|p1a: Beartic
|-supereffective|p1a: Beartic
|-damage|p1a: Beartic|0 fnt
|-unboost|p2a: Great Tusk|def|1
|-unboost|p2a: Great Tusk|spd|1
|faint|p1a: Beartic
|
|-weather|RainDance|[upkeep]
|upkeep
|
|t:|1758305902
|switch|p1a: Barraskewda|Barraskewda, F|100/100
|turn|29
|-message|Mortifi forfeited.
|
|win|DontMissMantine
|raw|DontMissMantine's rating: 1710 &rarr; <strong>1729</strong><br />(+19 for winning)
|raw|Mortifi's rating: 1695 &rarr; <strong>1676</strong><br />(-19 for losing)
|l|☆Mortifi
|player|p2|
