|j|☆Cdcpu25frish
|j|☆ChasemanY2K
|t:|1758323176
|gametype|singles
|player|p1|Cdcpu25frish|170|1227
|player|p2|ChasemanY2K|169|1243
|gen|9
|tier|[Gen 9] OU
|rated|
|rule|HP Percentage Mod: HP is shown in percentages
|rule|Endless Battle Clause: Forcing endless battles is banned
|rule|Species Clause: Limit one of each Pokémon
|rule|OHKO Clause: OHKO moves are banned
|rule|Evasion Items Clause: Evasion items are banned
|rule|Evasion Moves Clause: Evasion moves are banned
|rule|Evasion Abilities Clause: Evasion abilities are banned
|rule|Sleep Moves Clause: Sleep-inducing moves are banned
|clearpoke
|poke|p1|Weezing-Galar, M|
|poke|p1|Zamazenta-*|
|poke|p1|Tornadus-Therian, M|
|poke|p1|Ogerpon-Wellspring, F|
|poke|p1|Gholdengo|
|poke|p1|Ting-Lu|
|poke|p2|Primarina, M|
|poke|p2|Rillaboom, M|
|poke|p2|Grimmsnarl, M|
|poke|p2|Zamazenta-*|
|poke|p2|Cinderace, M|
|poke|p2|Great Tusk|
|teampreview
|
|t:|1758323197
|teamsize|p1|6
|teamsize|p2|6
|start
|switch|p1a: Tornadus|Tornadus-Therian, M|100/100
|switch|p2a: Cinderace|Cinderace, M|100/100
|turn|1
|
|t:|1758323217
|move|p2a: Cinderace|Pyro Ball|p1a: Tornadus
|-damage|p1a: Tornadus|6/100
|move|p1a: Tornadus|U-turn|p2a: Cinderace
|-resisted|p2a: Cinderace
|-damage|p2a: Cinderace|90/100
|
|t:|1758323224
|switch|p1a: Ogerpon|Ogerpon-Wellspring, F|100/100|[from] U-turn
|
|upkeep
|turn|2
|
|t:|1758323253
|move|p2a: Cinderace|Pyro Ball|p1a: Ogerpon
|-damage|p1a: Ogerpon|0 fnt
|faint|p1a: Ogerpon
|
|upkeep
|inactive|Battle timer is ON: inactive players will automatically lose when time's up. (requested by ChasemanY2K)
|
|t:|1758323259
|switch|p1a: Weezing|Weezing-Galar, M|100/100
|-ability|p1a: Weezing|Neutralizing Gas
|turn|3
|
|t:|1758323266
|move|p2a: Cinderace|Pyro Ball|p1a: Weezing
|-crit|p1a: Weezing
|-damage|p1a: Weezing|12/100
|move|p1a: Weezing|Strange Steam|p2a: Cinderace
|-resisted|p2a: Cinderace
|-damage|p2a: Cinderace|70/100
|-start|p2a: Cinderace|confusion
|
|upkeep
|turn|4
|c|☆Cdcpu25frish|omg
|c|☆Cdcpu25frish|band blaze cinderace
|inactive|Cdcpu25frish has 120 seconds left.
|
|t:|1758323297
|-end|p1a: Weezing|ability: Neutralizing Gas
|switch|p1a: Zamazenta|Zamazenta|100/100
|-ability|p1a: Zamazenta|Dauntless Shield|boost
|-boost|p1a: Zamazenta|def|1
|-activate|p2a: Cinderace|confusion
|-damage|p2a: Cinderace|52/100|[from] confusion
|
|upkeep
|turn|5
|
|t:|1758323304
|move|p1a: Zamazenta|Iron Defense|p1a: Zamazenta
|-boost|p1a: Zamazenta|def|2
|-activate|p2a: Cinderace|confusion
|move|p2a: Cinderace|Pyro Ball|p1a: Zamazenta
|-damage|p1a: Zamazenta|76/100
|
|upkeep
|turn|6
|
|t:|1758323311
|move|p1a: Zamazenta|Iron Defense|p1a: Zamazenta
|-boost|p1a: Zamazenta|def|2
|-end|p2a: Cinderace|confusion
|move|p2a: Cinderace|Pyro Ball|p1a: Zamazenta
|-damage|p1a: Zamazenta|59/100
|
|upkeep
|turn|7
|
|t:|1758323319
|-terastallize|p1a: Zamazenta|Fire
|move|p1a: Zamazenta|Iron Defense|p1a: Zamazenta
|-boost|p1a: Zamazenta|def|1
|move|p2a: Cinderace|Pyro Ball|p1a: Zamazenta
|-resisted|p1a: Zamazenta
|-damage|p1a: Zamazenta|51/100
|
|upkeep
|turn|8
|
|t:|1758323325
|move|p1a: Zamazenta|Rest|p1a: Zamazenta
|-status|p1a: Zamazenta|slp|[from] move: Rest
|-heal|p1a: Zamazenta|100/100 slp|[silent]
|-enditem|p1a: Zamazenta|Chesto Berry|[eat]
|-curestatus|p1a: Zamazenta|slp|[msg]
|move|p2a: Cinderace|Pyro Ball|p1a: Zamazenta
|-resisted|p1a: Zamazenta
|-damage|p1a: Zamazenta|93/100
|
|upkeep
|turn|9
|
|t:|1758323333
|move|p1a: Zamazenta|Body Press|p2a: Cinderace
|-damage|p2a: Cinderace|0 fnt
|faint|p2a: Cinderace
|
|upkeep
|
|t:|1758323335
|switch|p2a: Grimmsnarl|Grimmsnarl, M|100/100
|turn|10
|
|t:|1758323339
|move|p2a: Grimmsnarl|Fake Out|p1a: Zamazenta
|-damage|p1a: Zamazenta|91/100
|cant|p1a: Zamazenta|flinch
|
|upkeep
|turn|11
|
|t:|1758323344
|move|p2a: Grimmsnarl|Thunder Wave|p1a: Zamazenta
|-status|p1a: Zamazenta|par
|cant|p1a: Zamazenta|par
|
|upkeep
|turn|12
|
|t:|1758323370
|move|p2a: Grimmsnarl|Parting Shot|p1a: Zamazenta
|-unboost|p1a: Zamazenta|atk|1
|-unboost|p1a: Zamazenta|spa|1
|
|t:|1758323375
|switch|p2a: Great Tusk|Great Tusk|100/100|[from] Parting Shot
|move|p1a: Zamazenta|Body Press|p2a: Great Tusk
|-damage|p2a: Great Tusk|21/100
|-damage|p1a: Zamazenta|74/100 par|[from] item: Rocky Helmet|[of] p2a: Great Tusk
|
|upkeep
|turn|13
|
|t:|1758323386
|move|p2a: Great Tusk|Headlong Rush|p1a: Zamazenta
|-supereffective|p1a: Zamazenta
|-damage|p1a: Zamazenta|48/100 par
|-unboost|p2a: Great Tusk|def|1
|-unboost|p2a: Great Tusk|spd|1
|cant|p1a: Zamazenta|par
|
|upkeep
|turn|14
|
|t:|1758323394
|move|p2a: Great Tusk|Headlong Rush|p1a: Zamazenta
|-supereffective|p1a: Zamazenta
|-damage|p1a: Zamazenta|20/100 par
|-unboost|p2a: Great Tusk|def|1
|-unboost|p2a: Great Tusk|spd|1
|move|p1a: Zamazenta|Body Press|p2a: Great Tusk
|-damage|p2a: Great Tusk|0 fnt
|-damage|p1a: Zamazenta|4/100 par|[from] item: Rocky Helmet|[of] p2a: Great Tusk
|faint|p2a: Great Tusk
|-end|p2a: Great Tusk|Protosynthesis|[silent]
|
|upkeep
|inactive|ChasemanY2K has 120 seconds left.
|
|t:|1758323418
|switch|p2a: Zamazenta|Zamazenta|100/100
|-ability|p2a: Zamazenta|Dauntless Shield|boost
|-boost|p2a: Zamazenta|def|1
|turn|15
|
|t:|1758323423
|move|p2a: Zamazenta|Body Press|p1a: Zamazenta
|-damage|p1a: Zamazenta|0 fnt
|faint|p1a: Zamazenta
|
|upkeep
|
|t:|1758323426
|switch|p1a: Gholdengo|Gholdengo|100/100
|turn|16
|
|t:|1758323430
|move|p2a: Zamazenta|Crunch|p1a: Gholdengo
|-supereffective|p1a: Gholdengo
|-damage|p1a: Gholdengo|60/100
|move|p1a: Gholdengo|Nasty Plot|p1a: Gholdengo
|-boost|p1a: Gholdengo|spa|2
|
|upkeep
|turn|17
|
|t:|1758323435
|move|p2a: Zamazenta|Crunch|p1a: Gholdengo
|-supereffective|p1a: Gholdengo
|-damage|p1a: Gholdengo|25/100
|move|p1a: Gholdengo|Make It Rain|p2a: Zamazenta
|-damage|p2a: Zamazenta|4/100
|-unboost|p1a: Gholdengo|spa|1
|
|-heal|p2a: Zamazenta|10/100|[from] item: Leftovers
|upkeep
|turn|18
|
|t:|1758323446
|move|p2a: Zamazenta|Crunch|p1a: Gholdengo
|-supereffective|p1a: Gholdengo
|-damage|p1a: Gholdengo|0 fnt
|faint|p1a: Gholdengo
|
|-heal|p2a: Zamazenta|16/100|[from] item: Leftovers
|upkeep
|
|t:|1758323449
|switch|p1a: Tornadus|Tornadus-Therian, M|39/100
|turn|19
|
|t:|1758323457
|switch|p1a: Weezing|Weezing-Galar, M|12/100
|-ability|p1a: Weezing|Neutralizing Gas
|move|p2a: Zamazenta|Iron Head|p1a: Weezing
|-supereffective|p1a: Weezing
|-damage|p1a: Weezing|0 fnt
|faint|p1a: Weezing
|-end|p1a: Weezing|ability: Neutralizing Gas
|
|-heal|p2a: Zamazenta|22/100|[from] item: Leftovers
|upkeep
|
|t:|1758323462
|switch|p1a: Tornadus|Tornadus-Therian, M|72/100
|turn|20
|
|t:|1758323466
|move|p2a: Zamazenta|Body Press|p1a: Tornadus
|-resisted|p1a: Tornadus
|-damage|p1a: Tornadus|47/100
|move|p1a: Tornadus|Bleakwind Storm|p2a: Zamazenta
|-supereffective|p2a: Zamazenta
|-damage|p2a: Zamazenta|0 fnt
|faint|p2a: Zamazenta
|
|upkeep
|
|t:|1758323472
|switch|p2a: Grimmsnarl|Grimmsnarl, M|100/100
|turn|21
|
|t:|1758323488
|switch|p1a: Ting-Lu|Ting-Lu|100/100
|-ability|p1a: Ting-Lu|Vessel of Ruin
|move|p2a: Grimmsnarl|Fake Out|p1a: Ting-Lu
|-damage|p1a: Ting-Lu|95/100
|
|-heal|p1a: Ting-Lu|100/100|[from] item: Leftovers
|upkeep
|turn|22
|
|t:|1758323500
|move|p2a: Grimmsnarl|Spirit Break|p1a: Ting-Lu
|-supereffective|p1a: Ting-Lu
|-damage|p1a: Ting-Lu|70/100
|-unboost|p1a: Ting-Lu|spa|1
|move|p1a: Ting-Lu|Stealth Rock|p2a: Grimmsnarl
|-sidestart|p2: ChasemanY2K|move: Stealth Rock
|
|-heal|p1a: Ting-Lu|76/100|[from] item: Leftovers
|upkeep
|turn|23
|
|t:|1758323523
|move|p2a: Grimmsnarl|Spirit Break|p1a: Ting-Lu
|-supereffective|p1a: Ting-Lu
|-damage|p1a: Ting-Lu|42/100
|-unboost|p1a: Ting-Lu|spa|1
|move|p1a: Ting-Lu|Ruination|p2a: Grimmsnarl
|-damage|p2a: Grimmsnarl|50/100
|
|-heal|p2a: Grimmsnarl|57/100|[from] item: Leftovers
|-heal|p1a: Ting-Lu|48/100|[from] item: Leftovers
|upkeep
|turn|24
|
|t:|1758323531
|switch|p1a: Tornadus|Tornadus-Therian, M|80/100
|move|p2a: Grimmsnarl|Spirit Break|p1a: Tornadus
|-damage|p1a: Tornadus|47/100
|-unboost|p1a: Tornadus|spa|1
|
|-heal|p2a: Grimmsnarl|63/100|[from] item: Leftovers
|upkeep
|turn|25
|
|t:|1758323539
|switch|p1a: Ting-Lu|Ting-Lu|48/100
|-ability|p1a: Ting-Lu|Vessel of Ruin
|move|p2a: Grimmsnarl|Spirit Break|p1a: Ting-Lu
|-supereffective|p1a: Ting-Lu
|-damage|p1a: Ting-Lu|16/100
|-unboost|p1a: Ting-Lu|spa|1
|
|-heal|p2a: Grimmsnarl|69/100|[from] item: Leftovers
|-heal|p1a: Ting-Lu|22/100|[from] item: Leftovers
|upkeep
|turn|26
|
|t:|1758323546
|move|p2a: Grimmsnarl|Spirit Break|p1a: Ting-Lu
|-supereffective|p1a: Ting-Lu
|-damage|p1a: Ting-Lu|0 fnt
|faint|p1a: Ting-Lu
|
|-heal|p2a: Grimmsnarl|75/100|[from] item: Leftovers
|upkeep
|
|t:|1758323549
|switch|p1a: Tornadus|Tornadus-Therian, M|80/100
|turn|27
|
|t:|1758323561
|move|p2a: Grimmsnarl|Thunder Wave|p1a: Tornadus
|-status|p1a: Tornadus|par
|cant|p1a: Tornadus|par
|
|-heal|p2a: Grimmsnarl|81/100|[from] item: Leftovers
|upkeep
|turn|28
|
|t:|1758323568
|move|p1a: Tornadus|Bleakwind Storm|p2a: Grimmsnarl
|-damage|p2a: Grimmsnarl|51/100
|move|p2a: Grimmsnarl|Spirit Break|p1a: Tornadus
|-damage|p1a: Tornadus|48/100 par
|-unboost|p1a: Tornadus|spa|1
|
|-heal|p2a: Grimmsnarl|57/100|[from] item: Leftovers
|upkeep
|turn|29
|-message|Cdcpu25frish forfeited.
|
|win|ChasemanY2K
|raw|Cdcpu25frish's rating: 1252 &rarr; <strong>1226</strong><br />(-26 for losing)
|raw|ChasemanY2K's rating: 1243 &rarr; <strong>1269</strong><br />(+26 for winning)
|l|☆Cdcpu25frish
|player|p1|
