|j|☆asaurusrex
|j|☆bananacrazy
|t:|1758254675
|gametype|singles
|player|p1|asaurusrex|ghetsis|1368
|player|p2|bananacrazy|1|1399
|gen|9
|tier|[Gen 9] OU
|rated|
|rule|HP Percentage Mod: HP is shown in percentages
|rule|Endless Battle Clause: Forcing endless battles is banned
|rule|Species Clause: Limit one of each Pokémon
|rule|OHKO Clause: OHKO moves are banned
|rule|Evasion Items Clause: Evasion items are banned
|rule|Evasion Moves Clause: Evasion moves are banned
|rule|Evasion Abilities Clause: Evasion abilities are banned
|rule|Sleep Moves Clause: Sleep-inducing moves are banned
|clearpoke
|poke|p1|Ogerpon-Wellspring, F|
|poke|p1|Kingambit, M|
|poke|p1|Landorus-Therian, M|
|poke|p1|Glimmora, F|
|poke|p1|Dragapult, F|
|poke|p1|Iron Valiant|
|poke|p2|Great Tusk|
|poke|p2|Alomomola, M|
|poke|p2|Slowking-Galar, M|
|poke|p2|Landorus-Therian, M|
|poke|p2|Meowscarada, M|
|poke|p2|Hydrapple, F|
|teampreview
|inactive|Battle timer is ON: inactive players will automatically lose when time's up. (requested by bananacrazy)
|
|t:|1758254700
|teamsize|p1|6
|teamsize|p2|6
|start
|switch|p1a: Landorus|Landorus-Therian, M|100/100
|switch|p2a: Meowscarada|Meowscarada, M|100/100
|-ability|p1a: Landorus|Intimidate|boost
|-unboost|p2a: Meowscarada|atk|1
|turn|1
|
|t:|1758254708
|move|p2a: Meowscarada|Triple Axel|p1a: Landorus
|-start|p2a: Meowscarada|typechange|Ice|[from] ability: Protean
|-supereffective|p1a: Landorus
|-damage|p1a: Landorus|65/100
|-damage|p2a: Meowscarada|84/100|[from] item: Rocky Helmet|[of] p1a: Landorus
|-hitcount|p1a: Landorus|1
|move|p1a: Landorus|U-turn|p2a: Meowscarada
|-damage|p2a: Meowscarada|51/100
|
|t:|1758254719
|switch|p1a: Glimmora|Glimmora, F|100/100|[from] U-turn
|
|upkeep
|turn|2
|
|t:|1758254727
|move|p2a: Meowscarada|Triple Axel|p1a: Glimmora
|-damage|p1a: Glimmora|90/100
|-activate|p1a: Glimmora|ability: Toxic Debris
|-sidestart|p2: bananacrazy|move: Toxic Spikes
|-damage|p1a: Glimmora|68/100
|-activate|p1a: Glimmora|ability: Toxic Debris
|-sidestart|p2: bananacrazy|move: Toxic Spikes
|-damage|p1a: Glimmora|34/100
|-hitcount|p1a: Glimmora|3
|move|p1a: Glimmora|Spikes|p2a: Meowscarada
|-sidestart|p2: bananacrazy|Spikes
|
|upkeep
|turn|3
|
|t:|1758254741
|move|p2a: Meowscarada|Triple Axel|p1a: Glimmora
|-damage|p1a: Glimmora|23/100
|-damage|p1a: Glimmora|0 fnt
|faint|p1a: Glimmora
|-hitcount|p1: Glimmora|2
|
|upkeep
|
|t:|1758254752
|switch|p1a: Kingambit|Kingambit, M|100/100
|-activate|p1a: Kingambit|ability: Supreme Overlord
|-start|p1a: Kingambit|fallen1|[silent]
|turn|4
|
|t:|1758254768
|switch|p2a: Great Tusk|Great Tusk|100/100
|move|p1a: Kingambit|Iron Head|p2a: Great Tusk
|-damage|p2a: Great Tusk|60/100
|
|upkeep
|turn|5
|
|t:|1758254774
|-end|p1a: Kingambit|fallen1|[silent]
|switch|p1a: Dragapult|Dragapult, F|100/100
|move|p2a: Great Tusk|Headlong Rush|p1a: Dragapult
|-damage|p1a: Dragapult|19/100
|-unboost|p2a: Great Tusk|def|1
|-unboost|p2a: Great Tusk|spd|1
|
|upkeep
|turn|6
|
|t:|1758254785
|-end|p2a: Great Tusk|Protosynthesis|[silent]
|switch|p2a: Slowking|Slowking-Galar, M|100/100
|-sideend|p2: bananacrazy|move: Toxic Spikes|[of] p2a: Slowking
|move|p1a: Dragapult|Shadow Ball|p2a: Slowking
|-supereffective|p2a: Slowking
|-damage|p2a: Slowking|15/100
|
|upkeep
|turn|7
|
|t:|1758254794
|switch|p2a: Alomomola|Alomomola, M|100/100
|-damage|p2a: Alomomola|88/100|[from] Spikes
|move|p1a: Dragapult|Shadow Ball|p2a: Alomomola
|-damage|p2a: Alomomola|64/100
|
|upkeep
|turn|8
|
|t:|1758254801
|switch|p1a: Ogerpon|Ogerpon-Wellspring, F|100/100
|move|p2a: Alomomola|Flip Turn|p1a: Ogerpon
|-immune|p1a: Ogerpon|[from] ability: Water Absorb
|
|upkeep
|turn|9
|
|t:|1758254807
|switch|p2a: Landorus|Landorus-Therian, M|100/100
|-ability|p2a: Landorus|Intimidate|boost
|-unboost|p1a: Ogerpon|atk|1
|move|p1a: Ogerpon|Taunt|p2a: Landorus
|-start|p2a: Landorus|move: Taunt
|
|upkeep
|turn|10
|
|t:|1758254813
|switch|p1a: Landorus|Landorus-Therian, M|65/100
|-ability|p1a: Landorus|Intimidate|boost
|-unboost|p2a: Landorus|atk|1
|move|p2a: Landorus|U-turn|p1a: Landorus
|-resisted|p1a: Landorus
|-damage|p1a: Landorus|56/100
|-damage|p2a: Landorus|84/100|[from] item: Rocky Helmet|[of] p1a: Landorus
|
|t:|1758254821
|switch|p2a: Great Tusk|Great Tusk|60/100|[from] U-turn
|
|upkeep
|turn|11
|
|t:|1758254826
|switch|p1a: Dragapult|Dragapult, F|19/100
|move|p2a: Great Tusk|Stealth Rock|p1a: Dragapult
|-sidestart|p1: asaurusrex|move: Stealth Rock
|
|upkeep
|turn|12
|
|t:|1758254838
|-end|p2a: Great Tusk|Protosynthesis|[silent]
|switch|p2a: Alomomola|Alomomola, M|97/100
|-damage|p2a: Alomomola|85/100|[from] Spikes
|move|p1a: Dragapult|Shadow Ball|p2a: Alomomola
|-damage|p2a: Alomomola|59/100
|
|upkeep
|turn|13
|
|t:|1758254846
|move|p1a: Dragapult|Shadow Ball|p2a: Alomomola
|-damage|p2a: Alomomola|34/100
|-unboost|p2a: Alomomola|spd|1
|move|p2a: Alomomola|Flip Turn|p1a: Dragapult
|-resisted|p1a: Dragapult
|-damage|p1a: Dragapult|8/100
|
|t:|1758254849
|switch|p2a: Landorus|Landorus-Therian, M|84/100|[from] Flip Turn
|-ability|p2a: Landorus|Intimidate|boost
|-fail|p1a: Dragapult|unboost|[from] ability: Clear Body|[of] p1a: Dragapult
|
|upkeep
|turn|14
|
|t:|1758254861
|move|p2a: Landorus|U-turn|p1a: Dragapult
|-resisted|p1a: Dragapult
|-damage|p1a: Dragapult|0 fnt
|faint|p1a: Dragapult
|
|t:|1758254865
|switch|p2a: Meowscarada|Meowscarada, M|51/100|[from] U-turn
|-damage|p2a: Meowscarada|39/100|[from] Spikes
|
|upkeep
|
|t:|1758254874
|switch|p1a: Landorus|Landorus-Therian, M|56/100
|-damage|p1a: Landorus|44/100|[from] Stealth Rock
|-ability|p1a: Landorus|Intimidate|boost
|-unboost|p2a: Meowscarada|atk|1
|turn|15
|
|t:|1758254880
|switch|p1a: Kingambit|Kingambit, M|100/100
|-damage|p1a: Kingambit|94/100|[from] Stealth Rock
|-activate|p1a: Kingambit|ability: Supreme Overlord
|-start|p1a: Kingambit|fallen2|[silent]
|move|p2a: Meowscarada|Flower Trick|p1a: Kingambit
|-start|p2a: Meowscarada|typechange|Grass|[from] ability: Protean
|-resisted|p1a: Kingambit
|-crit|p1a: Kingambit
|-damage|p1a: Kingambit|70/100
|
|-heal|p1a: Kingambit|76/100|[from] item: Leftovers
|upkeep
|turn|16
|
|t:|1758254891
|switch|p2a: Landorus|Landorus-Therian, M|84/100
|-ability|p2a: Landorus|Intimidate|boost
|-unboost|p1a: Kingambit|atk|1
|move|p1a: Kingambit|Iron Head|p2a: Landorus
|-damage|p2a: Landorus|41/100
|
|-heal|p1a: Kingambit|82/100|[from] item: Leftovers
|upkeep
|turn|17
|
|t:|1758254903
|switch|p2a: Great Tusk|Great Tusk|60/100
|-end|p1a: Kingambit|fallen2|[silent]
|switch|p1a: Landorus|Landorus-Therian, M|44/100
|-damage|p1a: Landorus|31/100|[from] Stealth Rock
|-ability|p1a: Landorus|Intimidate|boost
|-unboost|p2a: Great Tusk|atk|1
|
|upkeep
|turn|18
|
|t:|1758254911
|move|p1a: Landorus|Earthquake|p2a: Great Tusk
|-damage|p2a: Great Tusk|28/100
|move|p2a: Great Tusk|Rapid Spin|p1a: Landorus
|-damage|p1a: Landorus|19/100
|-boost|p2a: Great Tusk|spe|1
|-damage|p2a: Great Tusk|11/100|[from] item: Rocky Helmet|[of] p1a: Landorus
|-sideend|p2: bananacrazy|Spikes|[from] move: Rapid Spin|[of] p2a: Great Tusk
|
|upkeep
|turn|19
|
|t:|1758254917
|move|p2a: Great Tusk|Ice Spinner|p1a: Landorus
|-supereffective|p1a: Landorus
|-damage|p1a: Landorus|0 fnt
|-damage|p2a: Great Tusk|0 fnt|[from] item: Rocky Helmet|[of] p1a: Landorus
|faint|p1a: Landorus
|faint|p2a: Great Tusk
|-end|p2a: Great Tusk|Protosynthesis|[silent]
|
|upkeep
|inactive|asaurusrex has 120 seconds left.
|
|t:|1758254962
|switch|p1a: Iron Valiant|Iron Valiant|100/100
|switch|p2a: Landorus|Landorus-Therian, M|41/100
|-ability|p2a: Landorus|Intimidate|boost
|-unboost|p1a: Iron Valiant|atk|1
|-damage|p1a: Iron Valiant|94/100|[from] Stealth Rock
|-enditem|p1a: Iron Valiant|Booster Energy
|-activate|p1a: Iron Valiant|ability: Quark Drive|[fromitem]
|-start|p1a: Iron Valiant|quarkdrivespe
|turn|20
|
|t:|1758254973
|switch|p2a: Slowking|Slowking-Galar, M|48/100
|move|p1a: Iron Valiant|Swords Dance|p1a: Iron Valiant
|-boost|p1a: Iron Valiant|atk|2
|
|upkeep
|turn|21
|
|t:|1758254985
|move|p1a: Iron Valiant|Swords Dance|p1a: Iron Valiant
|-boost|p1a: Iron Valiant|atk|2
|move|p2a: Slowking|Psychic Noise|p1a: Iron Valiant
|-supereffective|p1a: Iron Valiant
|-damage|p1a: Iron Valiant|0 fnt
|faint|p1a: Iron Valiant
|-end|p1a: Iron Valiant|Quark Drive|[silent]
|
|upkeep
|inactive|asaurusrex has 120 seconds left.
|
|t:|1758254997
|switch|p1a: Kingambit|Kingambit, M|82/100
|-damage|p1a: Kingambit|76/100|[from] Stealth Rock
|-activate|p1a: Kingambit|ability: Supreme Overlord
|-start|p1a: Kingambit|fallen4|[silent]
|turn|22
|
|t:|1758255003
|move|p1a: Kingambit|Swords Dance|p1a: Kingambit
|-boost|p1a: Kingambit|atk|2
|move|p2a: Slowking|Flamethrower|p1a: Kingambit
|-supereffective|p1a: Kingambit
|-damage|p1a: Kingambit|30/100
|
|-heal|p1a: Kingambit|37/100|[from] item: Leftovers
|upkeep
|turn|23
|
|t:|1758255011
|move|p1a: Kingambit|Kowtow Cleave|p2a: Slowking
|-supereffective|p2a: Slowking
|-damage|p2a: Slowking|0 fnt
|faint|p2a: Slowking
|
|-heal|p1a: Kingambit|43/100|[from] item: Leftovers
|upkeep
|
|t:|1758255014
|switch|p2a: Landorus|Landorus-Therian, M|41/100
|-ability|p2a: Landorus|Intimidate|boost
|-unboost|p1a: Kingambit|atk|1
|turn|24
|
|t:|1758255018
|switch|p2a: Hydrapple|Hydrapple, F|100/100
|move|p1a: Kingambit|Sucker Punch||[still]
|-fail|p1a: Kingambit
|
|-heal|p1a: Kingambit|49/100|[from] item: Leftovers
|upkeep
|turn|25
|
|t:|1758255026
|move|p1a: Kingambit|Sucker Punch|p2a: Hydrapple
|-damage|p2a: Hydrapple|47/100
|-damage|p1a: Kingambit|33/100|[from] item: Rocky Helmet|[of] p2a: Hydrapple
|move|p2a: Hydrapple|Earth Power|p1a: Kingambit
|-supereffective|p1a: Kingambit
|-damage|p1a: Kingambit|0 fnt
|faint|p1a: Kingambit
|-end|p1a: Kingambit|fallen4|[silent]
|
|upkeep
|
|t:|1758255033
|switch|p1a: Ogerpon|Ogerpon-Wellspring, F|100/100
|-damage|p1a: Ogerpon|88/100|[from] Stealth Rock
|turn|26
|
|t:|1758255041
|move|p1a: Ogerpon|Play Rough|p2a: Hydrapple
|-supereffective|p2a: Hydrapple
|-damage|p2a: Hydrapple|3/100
|-damage|p1a: Ogerpon|72/100|[from] item: Rocky Helmet|[of] p2a: Hydrapple
|move|p2a: Hydrapple|Giga Drain|p1a: Ogerpon
|-damage|p1a: Ogerpon|37/100
|-heal|p2a: Hydrapple|16/100|[from] drain|[of] p1a: Ogerpon
|
|upkeep
|turn|27
|
|t:|1758255049
|move|p1a: Ogerpon|Horn Leech|p2a: Hydrapple
|-resisted|p2a: Hydrapple
|-damage|p2a: Hydrapple|9/100
|-heal|p1a: Ogerpon|41/100|[from] drain|[of] p2a: Hydrapple
|-damage|p1a: Ogerpon|25/100|[from] item: Rocky Helmet|[of] p2a: Hydrapple
|move|p2a: Hydrapple|Giga Drain|p1a: Ogerpon
|-damage|p1a: Ogerpon|0 fnt
|-heal|p2a: Hydrapple|18/100|[from] drain|[of] p1a: Ogerpon
|faint|p1a: Ogerpon
|
|win|bananacrazy
|raw|asaurusrex's rating: 1368 &rarr; <strong>1350</strong><br />(-18 for losing)
|raw|bananacrazy's rating: 1399 &rarr; <strong>1417</strong><br />(+18 for winning)
|l|☆bananacrazy
|player|p2|
|l|☆asaurusrex
|player|p1|
