|j|☆dendroghaster
|j|☆Andrewtre
|t:|1758374232
|gametype|singles
|player|p1|dendroghaster|1|1052
|player|p2|Andrewtre|unknown|1081
|gen|9
|tier|[Gen 9] OU
|rated|
|rule|HP Percentage Mod: HP is shown in percentages
|rule|Endless Battle Clause: Forcing endless battles is banned
|rule|Species Clause: Limit one of each Pokémon
|rule|OHKO Clause: OHKO moves are banned
|rule|Evasion Items Clause: Evasion items are banned
|rule|Evasion Moves Clause: Evasion moves are banned
|rule|Evasion Abilities Clause: Evasion abilities are banned
|rule|Sleep Moves Clause: Sleep-inducing moves are banned
|clearpoke
|poke|p1|Medicham, M|
|poke|p1|Rillaboom, F|
|poke|p1|Ceruledge, F|
|poke|p1|Exeggutor-Alola, M|
|poke|p1|Garchomp, M|
|poke|p1|Rotom-Wash|
|poke|p2|Farigiraf, M|
|poke|p2|Hatterene, F|
|poke|p2|Gardevoir, M|
|poke|p2|Gengar, F|
|poke|p2|Golduck, M|
|poke|p2|Golurk|
|teampreview
|inactive|Battle timer is ON: inactive players will automatically lose when time's up. (requested by Andrewtre)
|
|t:|1758374236
|teamsize|p1|6
|teamsize|p2|6
|start
|switch|p1a: Rillaboom|Rillaboom, F|100/100
|switch|p2a: Hatterene|Hatterene, F|100/100
|-fieldstart|move: Grassy Terrain|[from] ability: Grassy Surge|[of] p1a: Rillaboom
|turn|1
|
|t:|1758374248
|move|p1a: Rillaboom|Knock Off|p2a: Hatterene
|-damage|p2a: Hatterene|72/100
|-enditem|p2a: Hatterene|Focus Sash|[from] move: Knock Off|[of] p1a: Rillaboom
|move|p2a: Hatterene|Trick Room|p2a: Hatterene
|-fieldstart|move: Trick Room|[of] p2a: Hatterene
|
|-heal|p2a: Hatterene|78/100|[from] Grassy Terrain
|upkeep
|turn|2
|
|t:|1758374261
|switch|p1a: Exeggutor|Exeggutor-Alola, M|100/100
|move|p2a: Hatterene|Mystical Fire|p1a: Exeggutor
|-damage|p1a: Exeggutor|69/100
|-unboost|p1a: Exeggutor|spa|1
|
|-heal|p2a: Hatterene|84/100|[from] Grassy Terrain
|-heal|p1a: Exeggutor|75/100|[from] Grassy Terrain
|upkeep
|turn|3
|
|t:|1758374267
|move|p2a: Hatterene|Draining Kiss|p1a: Exeggutor
|-supereffective|p1a: Exeggutor
|-damage|p1a: Exeggutor|14/100
|-heal|p2a: Hatterene|100/100|[from] drain|[of] p1a: Exeggutor
|-enditem|p1a: Exeggutor|Sitrus Berry|[eat]
|-heal|p1a: Exeggutor|39/100|[from] item: Sitrus Berry
|move|p1a: Exeggutor|Gravity|p1a: Exeggutor
|-fieldstart|move: Gravity
|
|-heal|p1a: Exeggutor|45/100|[from] Grassy Terrain
|-item|p1a: Exeggutor|Sitrus Berry|[from] ability: Harvest
|upkeep
|-enditem|p1a: Exeggutor|Sitrus Berry|[eat]
|-heal|p1a: Exeggutor|70/100|[from] item: Sitrus Berry
|turn|4
|
|t:|1758374286
|switch|p1a: Ceruledge|Ceruledge, F|100/100
|-enditem|p1a: Ceruledge|Grassy Seed
|-boost|p1a: Ceruledge|def|1|[from] item: Grassy Seed
|move|p2a: Hatterene|Draining Kiss|p1a: Ceruledge
|-resisted|p1a: Ceruledge
|-damage|p1a: Ceruledge|88/100
|
|-heal|p1a: Ceruledge|95/100|[from] Grassy Terrain
|upkeep
|turn|5
|
|t:|1758374294
|move|p2a: Hatterene|Psychic|p1a: Ceruledge
|-damage|p1a: Ceruledge|55/100
|move|p1a: Ceruledge|Swords Dance|p1a: Ceruledge
|-boost|p1a: Ceruledge|atk|2
|
|-heal|p1a: Ceruledge|62/100|[from] Grassy Terrain
|-fieldend|move: Trick Room
|-fieldend|move: Grassy Terrain
|upkeep
|turn|6
|
|t:|1758374304
|move|p1a: Ceruledge|Swords Dance|p1a: Ceruledge
|-boost|p1a: Ceruledge|atk|2
|move|p2a: Hatterene|Psychic|p1a: Ceruledge
|-damage|p1a: Ceruledge|17/100
|
|upkeep
|turn|7
|
|t:|1758374307
|move|p1a: Ceruledge|Shadow Sneak|p2a: Hatterene
|-supereffective|p2a: Hatterene
|-damage|p2a: Hatterene|0 fnt
|faint|p2a: Hatterene
|
|-fieldend|move: Gravity
|upkeep
|
|t:|1758374314
|switch|p2a: Farigiraf|Farigiraf, M|100/100
|turn|8
|
|t:|1758374320
|move|p1a: Ceruledge|Bitter Blade|p2a: Farigiraf
|-damage|p2a: Farigiraf|0 fnt
|-heal|p1a: Ceruledge|79/100|[from] drain|[of] p2a: Farigiraf
|faint|p2a: Farigiraf
|
|upkeep
|
|t:|1758374322
|switch|p2a: Golduck|Golduck, M|100/100
|turn|9
|
|t:|1758374324
|move|p1a: Ceruledge|Shadow Sneak|p2a: Golduck
|-damage|p2a: Golduck|25/100
|move|p2a: Golduck|Surf|p1a: Ceruledge
|-supereffective|p1a: Ceruledge
|-damage|p1a: Ceruledge|18/100
|
|upkeep
|turn|10
|
|t:|1758374327
|move|p1a: Ceruledge|Shadow Sneak|p2a: Golduck
|-damage|p2a: Golduck|0 fnt
|faint|p2a: Golduck
|
|upkeep
|
|t:|1758374331
|switch|p2a: Gengar|Gengar, F|100/100
|turn|11
|
|t:|1758374334
|move|p1a: Ceruledge|Shadow Sneak|p2a: Gengar
|-supereffective|p2a: Gengar
|-enditem|p2a: Gengar|Focus Sash
|-damage|p2a: Gengar|1/100
|-start|p1a: Ceruledge|Disable|Shadow Sneak|[from] ability: Cursed Body|[of] p2a: Gengar
|move|p2a: Gengar|Shadow Ball|p1a: Ceruledge
|-supereffective|p1a: Ceruledge
|-damage|p1a: Ceruledge|0 fnt
|faint|p1a: Ceruledge
|
|upkeep
|
|t:|1758374349
|switch|p1a: Rillaboom|Rillaboom, F|100/100
|-fieldstart|move: Grassy Terrain|[from] ability: Grassy Surge|[of] p1a: Rillaboom
|turn|12
|
|t:|1758374354
|move|p1a: Rillaboom|Grassy Glide|p2a: Gengar
|-resisted|p2a: Gengar
|-damage|p2a: Gengar|0 fnt
|faint|p2a: Gengar
|
|upkeep
|
|t:|1758374357
|switch|p2a: Gardevoir|Gardevoir, M|100/100
|-ability|p2a: Gardevoir|Grassy Surge|Trace|[from] ability: Trace|[of] p1a: Rillaboom
|turn|13
|
|t:|1758374363
|move|p2a: Gardevoir|Psychic|p1a: Rillaboom
|-damage|p1a: Rillaboom|49/100
|move|p1a: Rillaboom|Knock Off|p2a: Gardevoir
|-damage|p2a: Gardevoir|54/100
|-enditem|p2a: Gardevoir|Choice Scarf|[from] move: Knock Off|[of] p1a: Rillaboom
|
|-heal|p2a: Gardevoir|60/100|[from] Grassy Terrain
|-heal|p1a: Rillaboom|55/100|[from] Grassy Terrain
|-heal|p1a: Rillaboom|61/100|[from] item: Leftovers
|upkeep
|turn|14
|
|t:|1758374373
|switch|p1a: Rotom|Rotom-Wash|100/100
|move|p2a: Gardevoir|Psychic|p1a: Rotom
|-damage|p1a: Rotom|47/100
|
|-heal|p2a: Gardevoir|66/100|[from] Grassy Terrain
|upkeep
|turn|15
|
|t:|1758374388
|move|p1a: Rotom|Thunder Wave|p2a: Gardevoir
|-status|p2a: Gardevoir|par
|move|p2a: Gardevoir|Psychic|p1a: Rotom
|-damage|p1a: Rotom|0 fnt
|faint|p1a: Rotom
|
|-heal|p2a: Gardevoir|72/100 par|[from] Grassy Terrain
|upkeep
|
|t:|1758374395
|switch|p1a: Exeggutor|Exeggutor-Alola, M|70/100
|turn|16
|
|t:|1758374402
|move|p2a: Gardevoir|Moonblast|p1a: Exeggutor
|-supereffective|p1a: Exeggutor
|-damage|p1a: Exeggutor|0 fnt
|faint|p1a: Exeggutor
|
|-heal|p2a: Gardevoir|78/100 par|[from] Grassy Terrain
|-fieldend|move: Grassy Terrain
|upkeep
|
|t:|1758374410
|switch|p1a: Rillaboom|Rillaboom, F|61/100
|-fieldstart|move: Grassy Terrain|[from] ability: Grassy Surge|[of] p1a: Rillaboom
|turn|17
|
|t:|1758374417
|move|p1a: Rillaboom|Grassy Glide|p2a: Gardevoir
|-damage|p2a: Gardevoir|28/100 par
|move|p2a: Gardevoir|Moonblast|p1a: Rillaboom
|-crit|p1a: Rillaboom
|-damage|p1a: Rillaboom|0 fnt
|faint|p1a: Rillaboom
|
|-heal|p2a: Gardevoir|34/100 par|[from] Grassy Terrain
|upkeep
|
|t:|1758374424
|switch|p1a: Medicham|Medicham, M|100/100
|turn|18
|
|t:|1758374428
|move|p1a: Medicham|Trailblaze|p2a: Gardevoir
|-damage|p2a: Gardevoir|0 fnt
|-boost|p1a: Medicham|spe|1
|faint|p2a: Gardevoir
|-damage|p1a: Medicham|91/100|[from] item: Life Orb
|
|-heal|p1a: Medicham|97/100|[from] Grassy Terrain
|upkeep
|
|t:|1758374431
|switch|p2a: Golurk|Golurk|100/100
|turn|19
|
|t:|1758374443
|-terastallize|p2a: Golurk|Fighting
|move|p1a: Medicham|Zen Headbutt|p2a: Golurk
|-supereffective|p2a: Golurk
|-damage|p2a: Golurk|0 fnt
|faint|p2a: Golurk
|-damage|p1a: Medicham|87/100|[from] item: Life Orb
|
|win|dendroghaster
|raw|dendroghaster's rating: 1052 &rarr; <strong>1090</strong><br />(+38 for winning)
|raw|Andrewtre's rating: 1113 &rarr; <strong>1084</strong><br />(-29 for losing)
|l|☆Andrewtre
|player|p2|
|l|☆dendroghaster
|player|p1|
