|j|☆Tentacle Rat Girl
|j|☆Lean4khan
|t:|1758307781
|gametype|singles
|player|p1|Tentacle Rat Girl|hexmaniac-gen6|1270
|player|p2|Lean4khan|parasollady|1269
|gen|9
|tier|[Gen 9] OU
|rated|
|rule|HP Percentage Mod: HP is shown in percentages
|rule|Endless Battle Clause: Forcing endless battles is banned
|rule|Species Clause: Limit one of each Pokémon
|rule|OHKO Clause: OHKO moves are banned
|rule|Evasion Items Clause: Evasion items are banned
|rule|Evasion Moves Clause: Evasion moves are banned
|rule|Evasion Abilities Clause: Evasion abilities are banned
|rule|Sleep Moves Clause: Sleep-inducing moves are banned
|clearpoke
|poke|p1|Weavile, F|
|poke|p1|Dragonite, F|
|poke|p1|Clefable, F|
|poke|p1|Skarmory, F|
|poke|p1|Latias, F|
|poke|p1|Sinistcha|
|poke|p2|Tyranitar, F|
|poke|p2|Excadrill, F|
|poke|p2|Lycanroc, M|
|poke|p2|Ogerpon-Wellspring, F|
|poke|p2|Gholdengo|
|poke|p2|Great Tusk|
|teampreview
|inactive|Battle timer is ON: inactive players will automatically lose when time's up. (requested by Lean4khan)
|
|t:|1758307791
|teamsize|p1|6
|teamsize|p2|6
|start
|switch|p1a: Clemyth|Clefable, F|100/100
|switch|p2a: Tyranitar|Tyranitar, F|100/100
|-weather|Sandstorm|[from] ability: Sand Stream|[of] p2a: Tyranitar
|turn|1
|
|t:|1758307804
|move|p1a: Clemyth|Stealth Rock|p2a: Tyranitar
|-sidestart|p2: Lean4khan|move: Stealth Rock
|move|p2a: Tyranitar|Thunder Wave|p1a: Clemyth
|-status|p1a: Clemyth|par
|
|-weather|Sandstorm|[upkeep]
|upkeep
|turn|2
|
|t:|1758307812
|move|p2a: Tyranitar|Knock Off|p1a: Clemyth
|-resisted|p1a: Clemyth
|-damage|p1a: Clemyth|81/100 par
|-damage|p2a: Tyranitar|84/100|[from] item: Rocky Helmet|[of] p1a: Clemyth
|-enditem|p1a: Clemyth|Rocky Helmet|[from] move: Knock Off|[of] p2a: Tyranitar
|move|p1a: Clemyth|Knock Off|p2a: Tyranitar
|-resisted|p2a: Tyranitar
|-damage|p2a: Tyranitar|79/100
|-enditem|p2a: Tyranitar|Smooth Rock|[from] move: Knock Off|[of] p1a: Clemyth
|
|-weather|Sandstorm|[upkeep]
|upkeep
|turn|3
|
|t:|1758307825
|switch|p2a: Ogerpon|Ogerpon-Wellspring, F|100/100
|-damage|p2a: Ogerpon|88/100|[from] Stealth Rock
|move|p1a: Clemyth|Moonblast|p2a: Ogerpon
|-damage|p2a: Ogerpon|51/100
|-unboost|p2a: Ogerpon|spa|1
|
|-weather|Sandstorm|[upkeep]
|-damage|p2a: Ogerpon|45/100|[from] Sandstorm
|upkeep
|turn|4
|
|t:|1758307841
|move|p2a: Ogerpon|Encore|p1a: Clemyth
|-start|p1a: Clemyth|Encore
|move|p1a: Clemyth|Moonblast|p2a: Ogerpon
|-damage|p2a: Ogerpon|7/100
|-unboost|p2a: Ogerpon|spa|1
|
|-weather|Sandstorm|[upkeep]
|-damage|p2a: Ogerpon|1/100|[from] Sandstorm
|upkeep
|turn|5
|
|t:|1758307855
|switch|p2a: Gholdengo|Gholdengo|100/100
|-damage|p2a: Gholdengo|95/100|[from] Stealth Rock
|-item|p2a: Gholdengo|Air Balloon
|move|p1a: Clemyth|Moonblast|p2a: Gholdengo
|-resisted|p2a: Gholdengo
|-damage|p2a: Gholdengo|79/100
|-enditem|p2a: Gholdengo|Air Balloon
|
|-weather|Sandstorm|[upkeep]
|upkeep
|turn|6
|
|t:|1758307866
|switch|p1a: Obama|Dragonite, F|100/100
|move|p2a: Gholdengo|Nasty Plot|p2a: Gholdengo
|-boost|p2a: Gholdengo|spa|2
|
|-weather|Sandstorm|[upkeep]
|-damage|p1a: Obama|94/100|[from] Sandstorm
|upkeep
|turn|7
|
|t:|1758307887
|-terastallize|p2a: Gholdengo|Fairy
|move|p1a: Obama|Earthquake|p2a: Gholdengo
|-damage|p2a: Gholdengo|39/100
|move|p2a: Gholdengo|Make It Rain|p1a: Obama
|-damage|p1a: Obama|0 fnt
|-unboost|p2a: Gholdengo|spa|1
|faint|p1a: Obama
|
|-weather|Sandstorm|[upkeep]
|-damage|p2a: Gholdengo|33/100|[from] Sandstorm
|upkeep
|
|t:|1758307892
|switch|p1a: Weevil|Weavile, F|100/100
|-ability|p1a: Weevil|Pressure
|turn|8
|
|t:|1758307900
|switch|p2a: Ogerpon|Ogerpon-Wellspring, F|1/100
|-damage|p2a: Ogerpon|0 fnt|[from] Stealth Rock
|faint|p2a: Ogerpon
|move|p1a: Weevil|Ice Shard|p2: Ogerpon|[notarget]
|-fail|p1a: Weevil
|
|-weather|none
|upkeep
|
|t:|1758307907
|switch|p2a: Great Tusk|Great Tusk|100/100
|turn|9
|
|t:|1758307912
|switch|p1a: Sinistcha|Sinistcha|100/100
|move|p2a: Great Tusk|Rapid Spin|p1a: Sinistcha
|-immune|p1a: Sinistcha
|
|upkeep
|turn|10
|
|t:|1758307917
|-end|p2a: Great Tusk|Protosynthesis|[silent]
|switch|p2a: Tyranitar|Tyranitar, F|79/100
|-damage|p2a: Tyranitar|67/100|[from] Stealth Rock
|-weather|Sandstorm|[from] ability: Sand Stream|[of] p2a: Tyranitar
|move|p1a: Sinistcha|Nasty Plot|p1a: Sinistcha
|-boost|p1a: Sinistcha|spa|2
|
|-weather|Sandstorm|[upkeep]
|-damage|p1a: Sinistcha|94/100|[from] Sandstorm
|upkeep
|turn|11
|
|t:|1758307929
|move|p1a: Sinistcha|Matcha Gotcha|p2a: Tyranitar
|-supereffective|p2a: Tyranitar
|-damage|p2a: Tyranitar|0 fnt
|-heal|p1a: Sinistcha|100/100|[from] drain|[of] p2a: Tyranitar
|faint|p2a: Tyranitar
|
|-weather|Sandstorm|[upkeep]
|-damage|p1a: Sinistcha|94/100|[from] Sandstorm
|upkeep
|
|t:|1758307940
|switch|p2a: Lycanroc|Lycanroc, M|100/100
|-damage|p2a: Lycanroc|88/100|[from] Stealth Rock
|turn|12
|
|t:|1758307944
|move|p2a: Lycanroc|Crunch|p1a: Sinistcha
|-supereffective|p1a: Sinistcha
|-damage|p1a: Sinistcha|25/100
|move|p1a: Sinistcha|Matcha Gotcha|p2a: Lycanroc
|-supereffective|p2a: Lycanroc
|-damage|p2a: Lycanroc|0 fnt
|-heal|p1a: Sinistcha|62/100|[from] drain|[of] p2a: Lycanroc
|faint|p2a: Lycanroc
|
|-weather|Sandstorm|[upkeep]
|-damage|p1a: Sinistcha|56/100|[from] Sandstorm
|upkeep
|
|t:|1758307952
|switch|p2a: Excadrill|Excadrill, F|100/100
|-damage|p2a: Excadrill|97/100|[from] Stealth Rock
|turn|13
|-message|Lean4khan forfeited.
|
|win|Tentacle Rat Girl
|raw|Tentacle Rat Girl's rating: 1270 &rarr; <strong>1295</strong><br />(+25 for winning)
|raw|Lean4khan's rating: 1269 &rarr; <strong>1244</strong><br />(-25 for losing)
|l|☆Tentacle Rat Girl
|player|p1|
