|j|☆lesebz
|j|☆TUMECENTZELL
|t:|1758263690
|gametype|singles
|player|p1|lesebz|265|1242
|player|p2|TUMECENTZELL|170|1241
|gen|9
|tier|[Gen 9] OU
|rated|
|rule|HP Percentage Mod: HP is shown in percentages
|rule|Endless Battle Clause: Forcing endless battles is banned
|rule|Species Clause: Limit one of each Pokémon
|rule|OHKO Clause: OHKO moves are banned
|rule|Evasion Items Clause: Evasion items are banned
|rule|Evasion Moves Clause: Evasion moves are banned
|rule|Evasion Abilities Clause: Evasion abilities are banned
|rule|Sleep Moves Clause: Sleep-inducing moves are banned
|clearpoke
|poke|p1|Darkrai|
|poke|p1|Scizor, F|
|poke|p1|Pecharunt|
|poke|p1|Iron Treads|
|poke|p1|Samurott-Hisui, F|
|poke|p1|Ogerpon-Wellspring, F|
|poke|p2|Lokix, F|
|poke|p2|Goodra, F|
|poke|p2|Slowbro, F|
|poke|p2|Corviknight, F|
|poke|p2|Staraptor, M|
|poke|p2|Iron Moth|
|teampreview
|inactive|Battle timer is ON: inactive players will automatically lose when time's up. (requested by lesebz)
|
|t:|1758263701
|teamsize|p1|6
|teamsize|p2|6
|start
|switch|p1a: Samurott|Samurott-Hisui, F|100/100
|switch|p2a: Staraptor|Staraptor, M|100/100
|turn|1
|
|t:|1758263708
|move|p2a: Staraptor|Close Combat|p1a: Samurott
|-supereffective|p1a: Samurott
|-damage|p1a: Samurott|0 fnt
|-unboost|p2a: Staraptor|def|1
|-unboost|p2a: Staraptor|spd|1
|faint|p1a: Samurott
|
|upkeep
|
|t:|1758263715
|switch|p1a: Pecharunt|Pecharunt|100/100
|turn|2
|
|t:|1758263727
|switch|p2a: Slowbro|Slowbro, F|100/100
|move|p1a: Pecharunt|Parting Shot|p2a: Slowbro
|-unboost|p2a: Slowbro|atk|1
|-unboost|p2a: Slowbro|spa|1
|
|t:|1758263733
|switch|p1a: Darkrai|Darkrai|100/100|[from] Parting Shot
|
|upkeep
|turn|3
|
|t:|1758263739
|switch|p2a: Goodra|Goodra, F|100/100
|move|p1a: Darkrai|Dark Pulse|p2a: Goodra
|-damage|p2a: Goodra|83/100
|
|upkeep
|turn|4
|
|t:|1758263753
|move|p1a: Darkrai|Ice Beam|p2a: Goodra
|-supereffective|p2a: Goodra
|-damage|p2a: Goodra|53/100
|move|p2a: Goodra|Scald|p1a: Darkrai
|-damage|p1a: Darkrai|67/100
|
|upkeep
|turn|5
|
|t:|1758263761
|move|p1a: Darkrai|Ice Beam|p2a: Goodra
|-supereffective|p2a: Goodra
|-damage|p2a: Goodra|27/100
|move|p2a: Goodra|Dragon Pulse|p1a: Darkrai
|-damage|p1a: Darkrai|7/100
|
|upkeep
|turn|6
|
|t:|1758263771
|move|p1a: Darkrai|Ice Beam|p2a: Goodra
|-supereffective|p2a: Goodra
|-damage|p2a: Goodra|0 fnt
|faint|p2a: Goodra
|
|upkeep
|
|t:|1758263775
|switch|p2a: Lokix|Lokix, F|100/100
|turn|7
|
|t:|1758263779
|switch|p1a: Scizor|Scizor, F|100/100
|move|p2a: Lokix|First Impression|p1a: Scizor
|-resisted|p1a: Scizor
|-damage|p1a: Scizor|57/100
|
|upkeep
|turn|8
|
|t:|1758263789
|switch|p2a: Slowbro|Slowbro, F|100/100
|move|p1a: Scizor|Knock Off|p2a: Slowbro
|-supereffective|p2a: Slowbro
|-damage|p2a: Slowbro|35/100
|-enditem|p2a: Slowbro|Leftovers|[from] move: Knock Off|[of] p1a: Scizor
|
|upkeep
|turn|9
|
|t:|1758263796
|switch|p2a: Corviknight|Corviknight, F|100/100
|-ability|p2a: Corviknight|Pressure
|move|p1a: Scizor|Knock Off|p2a: Corviknight
|-damage|p2a: Corviknight|65/100
|-damage|p1a: Scizor|41/100|[from] item: Rocky Helmet|[of] p2a: Corviknight
|-enditem|p2a: Corviknight|Rocky Helmet|[from] move: Knock Off|[of] p1a: Scizor
|
|upkeep
|turn|10
|
|t:|1758263807
|switch|p1a: Pecharunt|Pecharunt|100/100
|move|p2a: Corviknight|Brave Bird|p1a: Pecharunt
|-damage|p1a: Pecharunt|79/100
|-damage|p2a: Corviknight|58/100|[from] Recoil
|
|-heal|p1a: Pecharunt|85/100|[from] item: Leftovers
|upkeep
|turn|11
|
|t:|1758263820
|move|p1a: Pecharunt|Shadow Ball|p2a: Corviknight
|-damage|p2a: Corviknight|27/100
|move|p2a: Corviknight|Roost|p2a: Corviknight
|-heal|p2a: Corviknight|77/100
|-singleturn|p2a: Corviknight|move: Roost
|
|-heal|p1a: Pecharunt|91/100|[from] item: Leftovers
|upkeep
|turn|12
|
|t:|1758263831
|switch|p2a: Staraptor|Staraptor, M|100/100
|move|p1a: Pecharunt|Shadow Ball|p2a: Staraptor
|-immune|p2a: Staraptor
|
|-heal|p1a: Pecharunt|97/100|[from] item: Leftovers
|upkeep
|turn|13
|
|t:|1758263842
|move|p2a: Staraptor|Brave Bird|p1a: Pecharunt
|-damage|p1a: Pecharunt|47/100
|-damage|p2a: Staraptor|82/100|[from] Recoil
|move|p1a: Pecharunt|Malignant Chain|p2a: Staraptor
|-damage|p2a: Staraptor|5/100
|-status|p2a: Staraptor|tox
|-start|p2a: Staraptor|confusion|[from] ability: Poison Puppeteer|[of] p1a: Pecharunt
|
|-heal|p1a: Pecharunt|53/100|[from] item: Leftovers
|-damage|p2a: Staraptor|0 fnt|[from] psn
|faint|p2a: Staraptor
|upkeep
|inactive|TUMECENTZELL has 120 seconds left.
|
|t:|1758263873
|switch|p2a: Lokix|Lokix, F|100/100
|turn|14
|
|t:|1758263879
|switch|p1a: Scizor|Scizor, F|41/100
|move|p2a: Lokix|Knock Off|p1a: Scizor
|-damage|p1a: Scizor|0 fnt
|-enditem|p1a: Scizor|Choice Band|[from] move: Knock Off|[of] p2a: Lokix
|faint|p1a: Scizor
|
|upkeep
|
|t:|1758263889
|switch|p1a: Ogerpon|Ogerpon-Wellspring, F|100/100
|turn|15
|
|t:|1758263895
|switch|p2a: Corviknight|Corviknight, F|77/100
|-ability|p2a: Corviknight|Pressure
|move|p1a: Ogerpon|Ivy Cudgel|p2a: Corviknight|[anim] Ivy Cudgel Water
|-damage|p2a: Corviknight|41/100
|
|upkeep
|turn|16
|
|t:|1758263905
|-terastallize|p1a: Ogerpon|Water
|detailschange|p1a: Ogerpon|Ogerpon-Wellspring-Tera, F, tera:Water
|-ability|p1a: Ogerpon|Embody Aspect (Wellspring)|boost
|-boost|p1a: Ogerpon|spd|1
|move|p1a: Ogerpon|Ivy Cudgel|p2a: Corviknight|[anim] Ivy Cudgel Water
|-damage|p2a: Corviknight|0 fnt
|faint|p2a: Corviknight
|
|upkeep
|inactive|TUMECENTZELL has 120 seconds left.
|
|t:|1758263935
|switch|p2a: Iron Moth|Iron Moth|100/100
|-enditem|p2a: Iron Moth|Booster Energy
|-activate|p2a: Iron Moth|ability: Quark Drive|[fromitem]
|-start|p2a: Iron Moth|quarkdrivespa
|turn|17
|inactive|TUMECENTZELL has 120 seconds left.
|
|t:|1758263949
|-terastallize|p2a: Iron Moth|Water
|move|p2a: Iron Moth|Sludge Wave|p1a: Ogerpon
|-damage|p1a: Ogerpon|48/100
|move|p1a: Ogerpon|Ivy Cudgel|p2a: Iron Moth|[anim] Ivy Cudgel Water
|-resisted|p2a: Iron Moth
|-damage|p2a: Iron Moth|30/100
|
|upkeep
|turn|18
|
|t:|1758263959
|switch|p1a: Pecharunt|Pecharunt|53/100
|move|p2a: Iron Moth|Sludge Wave|p1a: Pecharunt
|-resisted|p1a: Pecharunt
|-damage|p1a: Pecharunt|34/100
|
|-heal|p1a: Pecharunt|40/100|[from] item: Leftovers
|upkeep
|turn|19
|
|t:|1758263970
|move|p2a: Iron Moth|Fiery Dance|p1a: Pecharunt
|-damage|p1a: Pecharunt|0 fnt
|-boost|p2a: Iron Moth|spa|1
|faint|p1a: Pecharunt
|
|upkeep
|-message|lesebz forfeited.
|
|win|TUMECENTZELL
|raw|lesebz's rating: 1242 &rarr; <strong>1217</strong><br />(-25 for losing)
|raw|TUMECENTZELL's rating: 1241 &rarr; <strong>1266</strong><br />(+25 for winning)
|l|☆lesebz
|player|p1|
|l|☆TUMECENTZELL
|player|p2|
