|j|☆matougris
|j|☆zawaluduo11
|t:|1758288836
|gametype|singles
|player|p1|matougris|cameraman|1539
|player|p2|zawaluduo11|102|1562
|gen|9
|tier|[Gen 9] OU
|rated|
|rule|HP Percentage Mod: HP is shown in percentages
|rule|Endless Battle Clause: Forcing endless battles is banned
|rule|Species Clause: Limit one of each Pokémon
|rule|OHKO Clause: OHKO moves are banned
|rule|Evasion Items Clause: Evasion items are banned
|rule|Evasion Moves Clause: Evasion moves are banned
|rule|Evasion Abilities Clause: Evasion abilities are banned
|rule|Sleep Moves Clause: Sleep-inducing moves are banned
|clearpoke
|poke|p1|Torkoal, M|
|poke|p1|Walking Wake|
|poke|p1|Iron Moth|
|poke|p1|Kingambit, F|
|poke|p1|Lilligant-Hisui, F|
|poke|p1|Great Tusk|
|poke|p2|Alomomola, F|
|poke|p2|Gliscor, F|
|poke|p2|Kingambit, M|
|poke|p2|Ursaluna, M|
|poke|p2|Raging Bolt|
|poke|p2|Grimmsnarl, M|
|teampreview
|inactive|Battle timer is ON: inactive players will automatically lose when time's up. (requested by zawaluduo11)
|
|t:|1758288851
|teamsize|p1|6
|teamsize|p2|6
|start
|switch|p1a: tapfort 1|Great Tusk, shiny|100/100
|switch|p2a: Grimmsnarl|Grimmsnarl, M|100/100
|turn|1
|
|t:|1758288861
|-end|p1a: tapfort 1|Protosynthesis|[silent]
|switch|p1a: here comes the|Torkoal, M, shiny|100/100
|-weather|SunnyDay|[from] ability: Drought|[of] p1a: here comes the
|move|p2a: Grimmsnarl|Reflect|p2a: Grimmsnarl
|-sidestart|p2: zawaluduo11|Reflect
|
|-weather|SunnyDay|[upkeep]
|upkeep
|turn|2
|
|t:|1758288868
|move|p2a: Grimmsnarl|Taunt|p1a: here comes the
|-start|p1a: here comes the|move: Taunt
|cant|p1a: here comes the|move: Taunt|Stealth Rock
|
|-weather|SunnyDay|[upkeep]
|upkeep
|turn|3
|
|t:|1758288873
|move|p2a: Grimmsnarl|Light Screen|p2a: Grimmsnarl
|-sidestart|p2: zawaluduo11|move: Light Screen
|move|p1a: here comes the|Lava Plume|p2a: Grimmsnarl
|-damage|p2a: Grimmsnarl|82/100
|
|-weather|SunnyDay|[upkeep]
|upkeep
|turn|4
|
|t:|1758288878
|move|p2a: Grimmsnarl|Parting Shot|p1a: here comes the
|-unboost|p1a: here comes the|atk|1
|-unboost|p1a: here comes the|spa|1
|
|t:|1758288882
|switch|p2a: Ursaluna|Ursaluna, M|100/100|[from] Parting Shot
|move|p1a: here comes the|Lava Plume|p2a: Ursaluna
|-damage|p2a: Ursaluna|89/100
|
|-weather|SunnyDay|[upkeep]
|-end|p1a: here comes the|move: Taunt
|-status|p2a: Ursaluna|brn|[from] item: Flame Orb
|upkeep
|turn|5
|
|t:|1758288893
|switch|p1a: tapfort 1|Great Tusk, shiny|100/100
|-activate|p1a: tapfort 1|ability: Protosynthesis
|-start|p1a: tapfort 1|protosynthesisatk
|move|p2a: Ursaluna|Earthquake|p1a: tapfort 1
|-damage|p1a: tapfort 1|34/100
|
|-weather|SunnyDay|[upkeep]
|-damage|p2a: Ursaluna|83/100 brn|[from] brn
|upkeep
|turn|6
|
|t:|1758288903
|switch|p2a: Alomomola|Alomomola, F|100/100
|move|p1a: tapfort 1|Close Combat|p2a: Alomomola
|-damage|p2a: Alomomola|67/100
|-unboost|p1a: tapfort 1|def|1
|-unboost|p1a: tapfort 1|spd|1
|-damage|p1a: tapfort 1|18/100|[from] item: Rocky Helmet|[of] p2a: Alomomola
|-damage|p1a: tapfort 1|8/100|[from] item: Life Orb
|
|-weather|SunnyDay|[upkeep]
|upkeep
|turn|7
|
|t:|1758288913
|move|p1a: tapfort 1|Close Combat|p2a: Alomomola
|-damage|p2a: Alomomola|36/100
|-unboost|p1a: tapfort 1|def|1
|-unboost|p1a: tapfort 1|spd|1
|-damage|p1a: tapfort 1|0 fnt|[from] item: Rocky Helmet|[of] p2a: Alomomola
|faint|p1a: tapfort 1
|-end|p1a: tapfort 1|Protosynthesis|[silent]
|move|p2a: Alomomola|Flip Turn|p1: tapfort 1|[notarget]
|-fail|p2a: Alomomola
|
|-weather|SunnyDay|[upkeep]
|upkeep
|
|t:|1758288927
|switch|p1a: streapteaseuse|Lilligant-Hisui, F, shiny|100/100
|turn|8
|
|t:|1758288932
|switch|p2a: Raging Bolt|Raging Bolt|100/100
|-activate|p2a: Raging Bolt|ability: Protosynthesis
|-start|p2a: Raging Bolt|protosynthesisspa
|move|p1a: streapteaseuse|Ice Spinner|p2a: Raging Bolt
|-supereffective|p2a: Raging Bolt
|-damage|p2a: Raging Bolt|74/100
|-damage|p1a: streapteaseuse|91/100|[from] item: Life Orb
|
|-weather|none
|-end|p2a: Raging Bolt|Protosynthesis
|-sideend|p2: zawaluduo11|Reflect
|upkeep
|turn|9
|
|t:|1758288944
|switch|p1a: here comes the|Torkoal, M, shiny|100/100
|-weather|SunnyDay|[from] ability: Drought|[of] p1a: here comes the
|-activate|p2a: Raging Bolt|ability: Protosynthesis
|-start|p2a: Raging Bolt|protosynthesisspa
|move|p2a: Raging Bolt|Draco Meteor|p1a: here comes the
|-damage|p1a: here comes the|0 fnt
|-unboost|p2a: Raging Bolt|spa|2
|faint|p1a: here comes the
|
|-weather|SunnyDay|[upkeep]
|upkeep
|
|t:|1758288948
|switch|p1a: streapteaseuse|Lilligant-Hisui, F, shiny|91/100
|turn|10
|inactive|zawaluduo11 has 120 seconds left.
|
|t:|1758288979
|-end|p2a: Raging Bolt|Protosynthesis|[silent]
|switch|p2a: Alomomola|Alomomola, F|70/100
|move|p1a: streapteaseuse|Swords Dance|p1a: streapteaseuse
|-boost|p1a: streapteaseuse|atk|2
|
|-weather|SunnyDay|[upkeep]
|-sideend|p2: zawaluduo11|move: Light Screen
|upkeep
|turn|11
|
|t:|1758288986
|switch|p2a: Ursaluna|Ursaluna, M|83/100 brn
|move|p1a: streapteaseuse|Solar Blade||[still]
|-prepare|p1a: streapteaseuse|Solar Blade
|-anim|p1a: streapteaseuse|Solar Blade|p2a: Ursaluna
|-supereffective|p2a: Ursaluna
|-damage|p2a: Ursaluna|0 fnt
|faint|p2a: Ursaluna
|-damage|p1a: streapteaseuse|81/100|[from] item: Life Orb
|
|-weather|SunnyDay|[upkeep]
|upkeep
|
|t:|1758288996
|switch|p2a: Grimmsnarl|Grimmsnarl, M|82/100
|turn|12
|
|t:|1758288999
|move|p2a: Grimmsnarl|Reflect|p2a: Grimmsnarl
|-sidestart|p2: zawaluduo11|Reflect
|move|p1a: streapteaseuse|Swords Dance|p1a: streapteaseuse
|-boost|p1a: streapteaseuse|atk|2
|
|-weather|SunnyDay|[upkeep]
|upkeep
|turn|13
|
|t:|1758289006
|-terastallize|p1a: streapteaseuse|Grass
|move|p2a: Grimmsnarl|Light Screen|p2a: Grimmsnarl
|-sidestart|p2: zawaluduo11|move: Light Screen
|move|p1a: streapteaseuse|Solar Blade||[still]
|-prepare|p1a: streapteaseuse|Solar Blade
|-anim|p1a: streapteaseuse|Solar Blade|p2a: Grimmsnarl
|-damage|p2a: Grimmsnarl|0 fnt
|faint|p2a: Grimmsnarl
|-damage|p1a: streapteaseuse|71/100|[from] item: Life Orb
|
|-weather|SunnyDay|[upkeep]
|upkeep
|inactive|zawaluduo11 has 120 seconds left.
|
|t:|1758289033
|switch|p2a: Raging Bolt|Raging Bolt|74/100
|-activate|p2a: Raging Bolt|ability: Protosynthesis
|-start|p2a: Raging Bolt|protosynthesisspa
|turn|14
|
|t:|1758289041
|move|p2a: Raging Bolt|Thunderclap|p1a: streapteaseuse
|-resisted|p1a: streapteaseuse
|-damage|p1a: streapteaseuse|7/100
|move|p1a: streapteaseuse|Ice Spinner|p2a: Raging Bolt
|-supereffective|p2a: Raging Bolt
|-damage|p2a: Raging Bolt|0 fnt
|faint|p2a: Raging Bolt
|-end|p2a: Raging Bolt|Protosynthesis|[silent]
|-damage|p1a: streapteaseuse|0 fnt|[from] item: Life Orb
|faint|p1a: streapteaseuse
|
|-weather|SunnyDay|[upkeep]
|upkeep
|inactive|zawaluduo11 has 120 seconds left.
|
|t:|1758289052
|switch|p1a: la mite|Iron Moth|100/100
|switch|p2a: Gliscor|Gliscor, F|100/100
|-enditem|p1a: la mite|Booster Energy
|-activate|p1a: la mite|ability: Quark Drive|[fromitem]
|-start|p1a: la mite|quarkdrivespe
|turn|15
|inactive|zawaluduo11 has 120 seconds left.
|
|t:|1758289067
|-terastallize|p2a: Gliscor|Dragon
|move|p1a: la mite|Substitute|p1a: la mite
|-start|p1a: la mite|Substitute
|-damage|p1a: la mite|76/100
|move|p2a: Gliscor|Swords Dance|p2a: Gliscor
|-boost|p2a: Gliscor|atk|2
|
|-weather|SunnyDay|[upkeep]
|-status|p2a: Gliscor|tox|[from] item: Toxic Orb
|upkeep
|turn|16
|inactive|zawaluduo11 has 120 seconds left.
|
|t:|1758289094
|move|p1a: la mite|Sludge Wave|p2a: Gliscor
|-damage|p2a: Gliscor|69/100 tox
|move|p2a: Gliscor|Agility|p2a: Gliscor
|-boost|p2a: Gliscor|spe|2
|
|-weather|none
|-heal|p2a: Gliscor|82/100 tox|[from] ability: Poison Heal
|upkeep
|turn|17
|
|t:|1758289104
|move|p2a: Gliscor|Dual Wingbeat|p1a: la mite
|-end|p1a: la mite|Substitute
|-damage|p1a: la mite|27/100
|-hitcount|p1a: la mite|2
|move|p1a: la mite|Sludge Wave|p2a: Gliscor
|-crit|p2a: Gliscor
|-damage|p2a: Gliscor|0 fnt
|faint|p2a: Gliscor
|
|upkeep
|inactive|zawaluduo11 has 120 seconds left.
|
|t:|1758289115
|switch|p2a: Alomomola|Alomomola, F|100/100
|turn|18
|
|t:|1758289119
|move|p1a: la mite|Substitute|p1a: la mite
|-start|p1a: la mite|Substitute
|-damage|p1a: la mite|2/100
|move|p2a: Alomomola|Flip Turn|p1a: la mite
|-supereffective|p1a: la mite
|-end|p1a: la mite|Substitute
|
|t:|1758289124
|switch|p2a: Kingambit|Kingambit, M|100/100|[from] Flip Turn
|-activate|p2a: Kingambit|ability: Supreme Overlord
|-start|p2a: Kingambit|fallen4|[silent]
|
|upkeep
|turn|19
|
|t:|1758289135
|move|p1a: la mite|Fiery Dance|p2a: Kingambit
|-supereffective|p2a: Kingambit
|-damage|p2a: Kingambit|62/100
|-boost|p1a: la mite|spa|1
|move|p2a: Kingambit|Iron Head|p1a: la mite
|-resisted|p1a: la mite
|-damage|p1a: la mite|0 fnt
|faint|p1a: la mite
|-end|p1a: la mite|Quark Drive|[silent]
|
|-sideend|p2: zawaluduo11|Reflect
|upkeep
|
|t:|1758289140
|switch|p1a: long queue|Walking Wake|100/100
|turn|20
|
|t:|1758289148
|move|p2a: Kingambit|Sucker Punch|p1a: long queue
|-damage|p1a: long queue|29/100
|move|p1a: long queue|Flamethrower|p2a: Kingambit
|-supereffective|p2a: Kingambit
|-damage|p2a: Kingambit|26/100
|-damage|p1a: long queue|20/100|[from] item: Life Orb
|
|-sideend|p2: zawaluduo11|move: Light Screen
|upkeep
|turn|21
|
|t:|1758289157
|move|p2a: Kingambit|Sucker Punch|p1a: long queue
|-damage|p1a: long queue|0 fnt
|faint|p1a: long queue
|-end|p1a: long queue|Protosynthesis|[silent]
|
|upkeep
|
|t:|1758289159
|switch|p1a: frapfort 2|Kingambit, F, shiny|100/100
|-activate|p1a: frapfort 2|ability: Supreme Overlord
|-start|p1a: frapfort 2|fallen5|[silent]
|turn|22
|
|t:|1758289165
|-end|p2a: Kingambit|fallen4|[silent]
|switch|p2a: Alomomola|Alomomola, F|100/100
|move|p1a: frapfort 2|Iron Head|p2a: Alomomola
|-resisted|p2a: Alomomola
|-crit|p2a: Alomomola
|-damage|p2a: Alomomola|71/100
|-damage|p1a: frapfort 2|84/100|[from] item: Rocky Helmet|[of] p2a: Alomomola
|
|-heal|p1a: frapfort 2|90/100|[from] item: Leftovers
|upkeep
|turn|23
|
|t:|1758289174
|move|p2a: Alomomola|Healing Wish|p2a: Alomomola
|faint|p2a: Alomomola
|move|p1a: frapfort 2|Swords Dance|p1a: frapfort 2
|-boost|p1a: frapfort 2|atk|2
|
|-heal|p1a: frapfort 2|96/100|[from] item: Leftovers
|upkeep
|
|t:|1758289180
|switch|p2a: Kingambit|Kingambit, M|26/100
|-heal|p2a: Kingambit|100/100|[from] move: Healing Wish
|-activate|p2a: Kingambit|ability: Supreme Overlord
|-start|p2a: Kingambit|fallen5|[silent]
|turn|24
|
|t:|1758289186
|move|p1a: frapfort 2|Iron Head|p2a: Kingambit
|-resisted|p2a: Kingambit
|-damage|p2a: Kingambit|50/100
|cant|p2a: Kingambit|flinch
|
|-heal|p1a: frapfort 2|100/100|[from] item: Leftovers
|upkeep
|turn|25
|
|t:|1758289193
|move|p1a: frapfort 2|Iron Head|p2a: Kingambit
|-resisted|p2a: Kingambit
|-damage|p2a: Kingambit|0 fnt
|faint|p2a: Kingambit
|-end|p2a: Kingambit|fallen5|[silent]
|
|win|matougris
|raw|matougris's rating: 1539 &rarr; <strong>1560</strong><br />(+21 for winning)
|raw|zawaluduo11's rating: 1562 &rarr; <strong>1541</strong><br />(-21 for losing)
|c|☆matougris|gg
|l|☆matougris
|player|p1|
|l|☆zawaluduo11
|player|p2|
