|j|☆Celestial_dubkun
|j|☆matougris
|t:|1758288322
|gametype|singles
|player|p1|Celestial_dubkun|hiker-gen4|1584
|player|p2|matougris|cameraman|1558
|gen|9
|tier|[Gen 9] OU
|rated|
|rule|HP Percentage Mod: HP is shown in percentages
|rule|Endless Battle Clause: Forcing endless battles is banned
|rule|Species Clause: Limit one of each Pokémon
|rule|OHKO Clause: OHKO moves are banned
|rule|Evasion Items Clause: Evasion items are banned
|rule|Evasion Moves Clause: Evasion moves are banned
|rule|Evasion Abilities Clause: Evasion abilities are banned
|rule|Sleep Moves Clause: Sleep-inducing moves are banned
|clearpoke
|poke|p1|Toxapex, M|
|poke|p1|Goodra-Hisui, M|
|poke|p1|Corviknight, M|
|poke|p1|Great Tusk|
|poke|p1|Enamorus, F|
|poke|p1|Darkrai|
|poke|p2|Torkoal, M|
|poke|p2|Walking Wake|
|poke|p2|Iron Moth|
|poke|p2|Kingambit, F|
|poke|p2|Lilligant-Hisui, F|
|poke|p2|Great Tusk|
|teampreview
|
|t:|1758288330
|teamsize|p1|6
|teamsize|p2|6
|start
|switch|p1a: Enamorus|Enamorus, F|100/100
|switch|p2a: long queue|Walking Wake|100/100
|turn|1
|
|t:|1758288337
|-end|p2a: long queue|Protosynthesis|[silent]
|switch|p2a: frapfort 2|Kingambit, F, shiny|100/100
|move|p1a: Enamorus|Moonblast|p2a: frapfort 2
|-damage|p2a: frapfort 2|19/100
|
|-heal|p2a: frapfort 2|25/100|[from] item: Leftovers
|upkeep
|turn|2
|
|t:|1758288341
|-end|p2a: frapfort 2|fallenundefined|[silent]
|switch|p2a: la mite|Iron Moth|100/100
|-enditem|p2a: la mite|Booster Energy
|-activate|p2a: la mite|ability: Quark Drive|[fromitem]
|-start|p2a: la mite|quarkdrivespe
|move|p1a: Enamorus|Moonblast|p2a: la mite
|-resisted|p2a: la mite
|-damage|p2a: la mite|79/100
|-unboost|p2a: la mite|spa|1
|
|upkeep
|turn|3
|
|t:|1758288345
|switch|p1a: Goodra|Goodra-Hisui, M|100/100
|move|p2a: la mite|Sludge Wave|p1a: Goodra
|-immune|p1a: Goodra
|
|upkeep
|turn|4
|
|t:|1758288353
|-end|p2a: la mite|Quark Drive|[silent]
|switch|p2a: here comes the|Torkoal, M, shiny|100/100
|-weather|SunnyDay|[from] ability: Drought|[of] p2a: here comes the
|move|p1a: Goodra|Dragon Tail|p2a: here comes the|[miss]
|-miss|p1a: Goodra|p2a: here comes the
|
|-weather|SunnyDay|[upkeep]
|upkeep
|turn|5
|
|t:|1758288360
|move|p1a: Goodra|Knock Off|p2a: here comes the
|-damage|p2a: here comes the|78/100
|-enditem|p2a: here comes the|Heat Rock|[from] move: Knock Off|[of] p1a: Goodra
|move|p2a: here comes the|Stealth Rock|p1a: Goodra
|-sidestart|p1: Celestial_dubkun|move: Stealth Rock
|
|-weather|SunnyDay|[upkeep]
|upkeep
|turn|6
|
|t:|1758288369
|switch|p1a: Toxapex|Toxapex, M|100/100
|-damage|p1a: Toxapex|88/100|[from] Stealth Rock
|move|p2a: here comes the|Body Press|p1a: Toxapex
|-resisted|p1a: Toxapex
|-damage|p1a: Toxapex|80/100
|
|-weather|SunnyDay|[upkeep]
|-heal|p1a: Toxapex|86/100|[from] item: Leftovers
|upkeep
|turn|7
|
|t:|1758288386
|switch|p2a: tapfort 1|Great Tusk, shiny|100/100
|-activate|p2a: tapfort 1|ability: Protosynthesis
|-start|p2a: tapfort 1|protosynthesisatk
|move|p1a: Toxapex|Infestation|p2a: tapfort 1
|-resisted|p2a: tapfort 1
|-damage|p2a: tapfort 1|98/100
|-activate|p2a: tapfort 1|move: Infestation|[of] p1a: Toxapex
|
|-weather|SunnyDay|[upkeep]
|-heal|p1a: Toxapex|93/100|[from] item: Leftovers
|-damage|p2a: tapfort 1|86/100|[from] move: Infestation|[partiallytrapped]
|upkeep
|turn|8
|
|t:|1758288399
|move|p2a: tapfort 1|Rapid Spin|p1a: Toxapex
|-damage|p1a: Toxapex|73/100
|-boost|p2a: tapfort 1|spe|1
|-end|p2a: tapfort 1|Infestation|[partiallytrapped]
|-damage|p2a: tapfort 1|76/100|[from] item: Life Orb
|move|p1a: Toxapex|Toxic|p2a: tapfort 1
|-status|p2a: tapfort 1|tox
|
|-weather|SunnyDay|[upkeep]
|-heal|p1a: Toxapex|79/100|[from] item: Leftovers
|-damage|p2a: tapfort 1|70/100 tox|[from] psn
|upkeep
|turn|9
|
|t:|1758288414
|switch|p1a: Corviknight|Corviknight, M|100/100
|-damage|p1a: Corviknight|88/100|[from] Stealth Rock
|-ability|p1a: Corviknight|Pressure
|move|p2a: tapfort 1|Close Combat|p1a: Corviknight
|-damage|p1a: Corviknight|9/100
|-unboost|p2a: tapfort 1|def|1
|-unboost|p2a: tapfort 1|spd|1
|-damage|p2a: tapfort 1|53/100 tox|[from] item: Rocky Helmet|[of] p1a: Corviknight
|-damage|p2a: tapfort 1|43/100 tox|[from] item: Life Orb
|
|-weather|SunnyDay|[upkeep]
|-damage|p2a: tapfort 1|31/100 tox|[from] psn
|upkeep
|turn|10
|
|t:|1758288438
|move|p2a: tapfort 1|Close Combat|p1a: Corviknight
|-damage|p1a: Corviknight|0 fnt
|-unboost|p2a: tapfort 1|def|1
|-unboost|p2a: tapfort 1|spd|1
|-damage|p2a: tapfort 1|15/100 tox|[from] item: Rocky Helmet|[of] p1a: Corviknight
|faint|p1a: Corviknight
|-damage|p2a: tapfort 1|5/100 tox|[from] item: Life Orb
|
|-weather|SunnyDay|[upkeep]
|-damage|p2a: tapfort 1|0 fnt|[from] psn
|faint|p2a: tapfort 1
|-end|p2a: tapfort 1|Protosynthesis|[silent]
|upkeep
|
|t:|1758288452
|switch|p2a: streapteaseuse|Lilligant-Hisui, F, shiny|100/100
|switch|p1a: Goodra|Goodra-Hisui, M|100/100
|-damage|p1a: Goodra|94/100|[from] Stealth Rock
|turn|11
|
|t:|1758288472
|move|p2a: streapteaseuse|Ice Spinner|p1a: Goodra
|-damage|p1a: Goodra|61/100
|-damage|p2a: streapteaseuse|91/100|[from] item: Life Orb
|move|p1a: Goodra|Dragon Tail|p2a: streapteaseuse
|-damage|p2a: streapteaseuse|44/100
|drag|p2a: here comes the|Torkoal, M, shiny|78/100
|
|-weather|none
|upkeep
|turn|12
|
|t:|1758288487
|switch|p2a: frapfort 2|Kingambit, F, shiny|25/100
|-activate|p2a: frapfort 2|ability: Supreme Overlord
|-start|p2a: frapfort 2|fallen1|[silent]
|move|p1a: Goodra|Earthquake|p2a: frapfort 2
|-supereffective|p2a: frapfort 2
|-damage|p2a: frapfort 2|0 fnt
|faint|p2a: frapfort 2
|-end|p2a: frapfort 2|fallen1|[silent]
|
|upkeep
|
|t:|1758288490
|switch|p2a: here comes the|Torkoal, M, shiny|78/100
|-weather|SunnyDay|[from] ability: Drought|[of] p2a: here comes the
|turn|13
|
|t:|1758288498
|switch|p1a: Toxapex|Toxapex, M|100/100
|-damage|p1a: Toxapex|88/100|[from] Stealth Rock
|move|p2a: here comes the|Lava Plume|p1a: Toxapex
|-resisted|p1a: Toxapex
|-damage|p1a: Toxapex|74/100
|-status|p1a: Toxapex|brn
|
|-weather|SunnyDay|[upkeep]
|-heal|p1a: Toxapex|80/100 brn|[from] item: Leftovers
|-damage|p1a: Toxapex|74/100 brn|[from] brn
|upkeep
|turn|14
|
|t:|1758288509
|switch|p1a: Great Tusk|Great Tusk|100/100
|-activate|p1a: Great Tusk|ability: Protosynthesis
|-start|p1a: Great Tusk|protosynthesisatk
|switch|p2a: la mite|Iron Moth|79/100
|
|-weather|SunnyDay|[upkeep]
|upkeep
|turn|15
|
|t:|1758288518
|-terastallize|p1a: Great Tusk|Fire
|move|p2a: la mite|Psychic|p1a: Great Tusk
|-damage|p1a: Great Tusk|53/100
|move|p1a: Great Tusk|Rapid Spin|p2a: la mite
|-damage|p2a: la mite|45/100
|-boost|p1a: Great Tusk|spe|1
|-sideend|p1: Celestial_dubkun|Stealth Rock|[from] move: Rapid Spin|[of] p1a: Great Tusk
|
|-weather|SunnyDay|[upkeep]
|upkeep
|turn|16
|
|t:|1758288535
|move|p1a: Great Tusk|Headlong Rush|p2a: la mite
|-supereffective|p2a: la mite
|-damage|p2a: la mite|0 fnt
|-unboost|p1a: Great Tusk|def|1
|-unboost|p1a: Great Tusk|spd|1
|faint|p2a: la mite
|-end|p2a: la mite|Quark Drive|[silent]
|
|-weather|SunnyDay|[upkeep]
|upkeep
|
|t:|1758288539
|switch|p2a: streapteaseuse|Lilligant-Hisui, F, shiny|44/100
|turn|17
|
|t:|1758288546
|-end|p1a: Great Tusk|Protosynthesis|[silent]
|switch|p1a: Toxapex|Toxapex, M|100/100 brn
|move|p2a: streapteaseuse|Close Combat|p1a: Toxapex
|-resisted|p1a: Toxapex
|-damage|p1a: Toxapex|76/100 brn
|-unboost|p2a: streapteaseuse|def|1
|-unboost|p2a: streapteaseuse|spd|1
|-damage|p2a: streapteaseuse|34/100|[from] item: Life Orb
|
|-weather|none
|-heal|p1a: Toxapex|82/100 brn|[from] item: Leftovers
|-damage|p1a: Toxapex|76/100 brn|[from] brn
|upkeep
|turn|18
|
|t:|1758288551
|switch|p2a: here comes the|Torkoal, M, shiny|78/100
|-weather|SunnyDay|[from] ability: Drought|[of] p2a: here comes the
|move|p1a: Toxapex|Toxic|p2a: here comes the
|-status|p2a: here comes the|tox
|
|-weather|SunnyDay|[upkeep]
|-heal|p1a: Toxapex|82/100 brn|[from] item: Leftovers
|-damage|p2a: here comes the|72/100 tox|[from] psn
|-damage|p1a: Toxapex|76/100 brn|[from] brn
|upkeep
|turn|19
|
|t:|1758288555
|switch|p2a: streapteaseuse|Lilligant-Hisui, F, shiny|34/100
|move|p1a: Toxapex|Infestation|p2a: streapteaseuse
|-damage|p2a: streapteaseuse|30/100
|-activate|p2a: streapteaseuse|move: Infestation|[of] p1a: Toxapex
|
|-weather|SunnyDay|[upkeep]
|-heal|p1a: Toxapex|82/100 brn|[from] item: Leftovers
|-damage|p1a: Toxapex|76/100 brn|[from] brn
|-damage|p2a: streapteaseuse|17/100|[from] move: Infestation|[partiallytrapped]
|upkeep
|turn|20
|
|t:|1758288558
|-terastallize|p2a: streapteaseuse|Grass
|move|p2a: streapteaseuse|Solar Blade||[still]
|-prepare|p2a: streapteaseuse|Solar Blade
|-anim|p2a: streapteaseuse|Solar Blade|p1a: Toxapex
|-damage|p1a: Toxapex|9/100 brn
|-damage|p2a: streapteaseuse|7/100|[from] item: Life Orb
|move|p1a: Toxapex|Recover|p1a: Toxapex
|-heal|p1a: Toxapex|59/100 brn
|
|-weather|SunnyDay|[upkeep]
|-heal|p1a: Toxapex|65/100 brn|[from] item: Leftovers
|-damage|p1a: Toxapex|59/100 brn|[from] brn
|-damage|p2a: streapteaseuse|0 fnt|[from] move: Infestation|[partiallytrapped]
|faint|p2a: streapteaseuse
|upkeep
|
|t:|1758288566
|switch|p2a: long queue|Walking Wake|100/100
|-activate|p2a: long queue|ability: Protosynthesis
|-start|p2a: long queue|protosynthesisspe
|turn|21
|
|t:|1758288571
|move|p2a: long queue|Dragon Pulse|p1a: Toxapex
|-damage|p1a: Toxapex|16/100 brn
|-damage|p2a: long queue|91/100|[from] item: Life Orb
|move|p1a: Toxapex|Toxic|p2a: long queue
|-status|p2a: long queue|tox
|
|-weather|SunnyDay|[upkeep]
|-heal|p1a: Toxapex|22/100 brn|[from] item: Leftovers
|-damage|p2a: long queue|85/100 tox|[from] psn
|-damage|p1a: Toxapex|16/100 brn|[from] brn
|upkeep
|turn|22
|
|t:|1758288574
|switch|p1a: Goodra|Goodra-Hisui, M|61/100
|move|p2a: long queue|Dragon Pulse|p1a: Goodra
|-damage|p1a: Goodra|37/100
|-damage|p2a: long queue|75/100 tox|[from] item: Life Orb
|
|-weather|none
|-end|p2a: long queue|Protosynthesis
|-damage|p2a: long queue|62/100 tox|[from] psn
|upkeep
|turn|23
|
|t:|1758288583
|move|p2a: long queue|Draco Meteor|p1a: Goodra
|-damage|p1a: Goodra|0 fnt
|-unboost|p2a: long queue|spa|2
|faint|p1a: Goodra
|-damage|p2a: long queue|53/100 tox|[from] item: Life Orb
|
|-damage|p2a: long queue|34/100 tox|[from] psn
|upkeep
|
|t:|1758288588
|switch|p1a: Darkrai|Darkrai|100/100
|turn|24
|
|t:|1758288590
|-end|p2a: long queue|Protosynthesis|[silent]
|switch|p2a: here comes the|Torkoal, M, shiny|72/100 tox
|-weather|SunnyDay|[from] ability: Drought|[of] p2a: here comes the
|move|p1a: Darkrai|Dark Pulse|p2a: here comes the
|-damage|p2a: here comes the|33/100 tox
|
|-weather|SunnyDay|[upkeep]
|-damage|p2a: here comes the|27/100 tox|[from] psn
|upkeep
|turn|25
|
|t:|1758288592
|move|p1a: Darkrai|Dark Pulse|p2a: here comes the
|-damage|p2a: here comes the|0 fnt
|faint|p2a: here comes the
|
|-weather|SunnyDay|[upkeep]
|upkeep
|
|t:|1758288594
|switch|p2a: long queue|Walking Wake|34/100 tox
|-activate|p2a: long queue|ability: Protosynthesis
|-start|p2a: long queue|protosynthesisspe
|turn|26
|c|☆matougris|gg
|
|t:|1758288603
|switch|p1a: Great Tusk|Great Tusk, tera:Fire|53/100
|-activate|p1a: Great Tusk|ability: Protosynthesis
|-start|p1a: Great Tusk|protosynthesisatk
|move|p2a: long queue|Hydro Steam|p1a: Great Tusk
|-supereffective|p1a: Great Tusk
|-damage|p1a: Great Tusk|0 fnt
|faint|p1a: Great Tusk
|-end|p1a: Great Tusk|Protosynthesis|[silent]
|-damage|p2a: long queue|24/100 tox|[from] item: Life Orb
|
|-weather|SunnyDay|[upkeep]
|-damage|p2a: long queue|18/100 tox|[from] psn
|upkeep
|
|t:|1758288609
|switch|p1a: Toxapex|Toxapex, M|49/100 brn
|turn|27
|j| Nikator98
|
|t:|1758288611
|switch|p1a: Enamorus|Enamorus, F|100/100
|move|p2a: long queue|Dragon Pulse|p1a: Enamorus
|-immune|p1a: Enamorus
|
|-weather|SunnyDay|[upkeep]
|-damage|p2a: long queue|6/100 tox|[from] psn
|upkeep
|turn|28
|l| Nikator98
|
|t:|1758288616
|move|p2a: long queue|Hydro Steam|p1a: Enamorus
|-damage|p1a: Enamorus|0 fnt
|faint|p1a: Enamorus
|-damage|p2a: long queue|0 fnt|[from] item: Life Orb
|faint|p2a: long queue
|-end|p2a: long queue|Protosynthesis|[silent]
|
|win|Celestial_dubkun
|raw|Celestial_dubkun's rating: 1584 &rarr; <strong>1603</strong><br />(+19 for winning)
|raw|matougris's rating: 1558 &rarr; <strong>1539</strong><br />(-19 for losing)
|l|☆matougris
|player|p2|
|l|☆Celestial_dubkun
|player|p1|
