|badge|p1|bronze|gen9ou|100-6
|badge|p1|silver|gen9uu|30-6
|uhtml|medal-msg|<div class="broadcast-blue">Curious what those medals under the avatar are? PS now has Ladder Seasons! For more information, check out the <a href="https://www.smogon.com/forums/threads/3740067/">thread on Smogon.</a></div>
|j|☆ulky
|j|☆leontief47
|t:|1758293186
|gametype|singles
|player|p1|ulky|rosa|1828
|player|p2|leontief47|clerk|1713
|gen|9
|tier|[Gen 9] OU
|rated|
|rule|HP Percentage Mod: HP is shown in percentages
|rule|Endless Battle Clause: Forcing endless battles is banned
|rule|Species Clause: Limit one of each Pokémon
|rule|OHKO Clause: OHKO moves are banned
|rule|Evasion Items Clause: Evasion items are banned
|rule|Evasion Moves Clause: Evasion moves are banned
|rule|Evasion Abilities Clause: Evasion abilities are banned
|rule|Sleep Moves Clause: Sleep-inducing moves are banned
|clearpoke
|poke|p1|Kyurem|
|poke|p1|Corviknight, F|
|poke|p1|Ting-Lu|
|poke|p1|Dondozo, M|
|poke|p1|Slowking-Galar, L99, F|
|poke|p1|Cinderace, M|
|poke|p2|Rillaboom, F|
|poke|p2|Ogerpon-Cornerstone, F|
|poke|p2|Raging Bolt|
|poke|p2|Zamazenta-*|
|poke|p2|Hawlucha, F|
|poke|p2|Iron Treads|
|teampreview
|j| brimstoneandflames
|
|t:|1758293198
|teamsize|p1|6
|teamsize|p2|6
|start
|switch|p1a: Cinderace|Cinderace, M|100/100
|switch|p2a: Iron Treads|Iron Treads|100/100
|-enditem|p2a: Iron Treads|Booster Energy
|-activate|p2a: Iron Treads|ability: Quark Drive|[fromitem]
|-start|p2a: Iron Treads|quarkdrivespe
|turn|1
|
|t:|1758293203
|switch|p1a: Corviknight|Corviknight, F|100/100
|-ability|p1a: Corviknight|Pressure
|move|p2a: Iron Treads|Earth Power|p1a: Corviknight
|-immune|p1a: Corviknight
|
|upkeep
|turn|2
|
|t:|1758293207
|move|p2a: Iron Treads|Stealth Rock|p1a: Corviknight
|-sidestart|p1: ulky|move: Stealth Rock
|move|p1a: Corviknight|Defog|p2a: Iron Treads
|-unboost|p2a: Iron Treads|evasion|1
|-sideend|p1: ulky|Stealth Rock|[from] move: Defog|[of] p1a: Corviknight
|
|upkeep
|turn|3
|
|t:|1758293212
|-end|p2a: Iron Treads|Quark Drive|[silent]
|switch|p2a: Raging Bolt|Raging Bolt|100/100
|move|p1a: Corviknight|Brave Bird|p2a: Raging Bolt
|-resisted|p2a: Raging Bolt
|-damage|p2a: Raging Bolt|85/100
|-damage|p1a: Corviknight|94/100|[from] Recoil
|
|upkeep
|turn|4
|inactive|Battle timer is ON: inactive players will automatically lose when time's up. (requested by leontief47)
|
|t:|1758293217
|-end|p2a: Raging Bolt|Protosynthesis|[silent]
|switch|p2a: Rillaboom|Rillaboom, F|100/100
|-fieldstart|move: Grassy Terrain|[from] ability: Grassy Surge|[of] p2a: Rillaboom
|switch|p1a: Ting-Lu|Ting-Lu|100/100
|-ability|p1a: Ting-Lu|Vessel of Ruin
|
|upkeep
|turn|5
|inactive|ulky has 120 seconds left.
|
|t:|1758293276
|switch|p1a: Corviknight|Corviknight, F|94/100
|-ability|p1a: Corviknight|Pressure
|move|p2a: Rillaboom|Knock Off|p1a: Corviknight
|-damage|p1a: Corviknight|72/100
|-damage|p2a: Rillaboom|84/100|[from] item: Rocky Helmet|[of] p1a: Corviknight
|-enditem|p1a: Corviknight|Rocky Helmet|[from] move: Knock Off|[of] p2a: Rillaboom
|
|-heal|p2a: Rillaboom|90/100|[from] Grassy Terrain
|upkeep
|turn|6
|
|t:|1758293282
|move|p2a: Rillaboom|U-turn|p1a: Corviknight
|-resisted|p1a: Corviknight
|-damage|p1a: Corviknight|68/100
|
|t:|1758293286
|switch|p2a: Zamazenta|Zamazenta|100/100|[from] U-turn
|-ability|p2a: Zamazenta|Dauntless Shield|boost
|-boost|p2a: Zamazenta|def|1
|move|p1a: Corviknight|U-turn|p2a: Zamazenta
|-resisted|p2a: Zamazenta
|-crit|p2a: Zamazenta
|-damage|p2a: Zamazenta|90/100
|inactive|ulky has 90 seconds left.
|
|t:|1758293317
|switch|p1a: Slowking|Slowking-Galar, L99, F|100/100|[from] U-turn
|
|-heal|p2a: Zamazenta|96/100|[from] Grassy Terrain
|upkeep
|turn|7
|
|t:|1758293328
|-terastallize|p2a: Zamazenta|Dark
|move|p2a: Zamazenta|Crunch|p1a: Slowking
|-supereffective|p1a: Slowking
|-damage|p1a: Slowking|0 fnt
|faint|p1a: Slowking
|-damage|p2a: Zamazenta|86/100|[from] item: Life Orb
|
|-heal|p2a: Zamazenta|92/100|[from] Grassy Terrain
|upkeep
|
|t:|1758293336
|switch|p1a: Dondozo|Dondozo, M|100/100
|turn|8
|
|t:|1758293341
|switch|p2a: Ogerpon|Ogerpon-Cornerstone, F|100/100
|move|p1a: Dondozo|Body Press|p2a: Ogerpon
|-supereffective|p2a: Ogerpon
|-damage|p2a: Ogerpon|32/100
|
|-heal|p2a: Ogerpon|38/100|[from] Grassy Terrain
|upkeep
|turn|9
|
|t:|1758293346
|move|p2a: Ogerpon|Power Whip|p1a: Dondozo|[miss]
|-miss|p2a: Ogerpon|p1a: Dondozo
|move|p1a: Dondozo|Body Press|p2a: Ogerpon
|-supereffective|p2a: Ogerpon
|-damage|p2a: Ogerpon|0 fnt
|faint|p2a: Ogerpon
|
|upkeep
|
|t:|1758293350
|switch|p2a: Rillaboom|Rillaboom, F|90/100
|turn|10
|
|t:|1758293358
|switch|p1a: Corviknight|Corviknight, F|68/100
|-ability|p1a: Corviknight|Pressure
|move|p2a: Rillaboom|Wood Hammer|p1a: Corviknight
|-resisted|p1a: Corviknight
|-damage|p1a: Corviknight|55/100
|-damage|p2a: Rillaboom|86/100|[from] Recoil
|
|-heal|p2a: Rillaboom|92/100|[from] Grassy Terrain
|upkeep
|turn|11
|
|t:|1758293362
|switch|p2a: Zamazenta|Zamazenta, tera:Dark|92/100
|move|p1a: Corviknight|U-turn|p2a: Zamazenta
|-supereffective|p2a: Zamazenta
|-damage|p2a: Zamazenta|64/100
|inactive|ulky has 120 seconds left.
|
|t:|1758293407
|switch|p1a: Dondozo|Dondozo, M|100/100|[from] U-turn
|
|-heal|p2a: Zamazenta|70/100|[from] Grassy Terrain
|-fieldend|move: Grassy Terrain
|upkeep
|turn|12
|
|t:|1758293411
|switch|p2a: Rillaboom|Rillaboom, F|92/100
|-fieldstart|move: Grassy Terrain|[from] ability: Grassy Surge|[of] p2a: Rillaboom
|move|p1a: Dondozo|Body Press|p2a: Rillaboom
|-crit|p2a: Rillaboom
|-damage|p2a: Rillaboom|55/100
|
|-heal|p2a: Rillaboom|61/100|[from] Grassy Terrain
|upkeep
|turn|13
|l| brimstoneandflames
|j| Rieslingt
|l| Rieslingt
|
|t:|1758293437
|switch|p1a: Corviknight|Corviknight, F|55/100
|-ability|p1a: Corviknight|Pressure
|move|p2a: Rillaboom|Wood Hammer|p1a: Corviknight
|-resisted|p1a: Corviknight
|-damage|p1a: Corviknight|43/100
|-damage|p2a: Rillaboom|57/100|[from] Recoil
|
|-heal|p2a: Rillaboom|63/100|[from] Grassy Terrain
|upkeep
|turn|14
|
|t:|1758293441
|move|p2a: Rillaboom|U-turn|p1a: Corviknight
|-resisted|p1a: Corviknight
|-damage|p1a: Corviknight|39/100
|
|t:|1758293444
|switch|p2a: Raging Bolt|Raging Bolt|85/100|[from] U-turn
|-enditem|p2a: Raging Bolt|Grassy Seed
|-boost|p2a: Raging Bolt|def|1|[from] item: Grassy Seed
|move|p1a: Corviknight|Roost|p1a: Corviknight
|-heal|p1a: Corviknight|89/100
|-singleturn|p1a: Corviknight|move: Roost
|
|-heal|p2a: Raging Bolt|91/100|[from] Grassy Terrain
|-heal|p1a: Corviknight|95/100|[from] Grassy Terrain
|upkeep
|turn|15
|
|t:|1758293461
|-end|p2a: Raging Bolt|Protosynthesis|[silent]
|switch|p2a: Zamazenta|Zamazenta, tera:Dark|70/100
|move|p1a: Corviknight|U-turn|p2a: Zamazenta
|-supereffective|p2a: Zamazenta
|-damage|p2a: Zamazenta|42/100
|
|t:|1758293464
|switch|p1a: Dondozo|Dondozo, M|100/100|[from] U-turn
|
|-heal|p2a: Zamazenta|48/100|[from] Grassy Terrain
|upkeep
|turn|16
|
|t:|1758293467
|switch|p2a: Rillaboom|Rillaboom, F|63/100
|move|p1a: Dondozo|Body Press|p2a: Rillaboom
|-damage|p2a: Rillaboom|36/100
|
|-heal|p2a: Rillaboom|43/100|[from] Grassy Terrain
|upkeep
|turn|17
|
|t:|1758293471
|switch|p1a: Corviknight|Corviknight, F|95/100
|-ability|p1a: Corviknight|Pressure
|move|p2a: Rillaboom|U-turn|p1a: Corviknight
|-resisted|p1a: Corviknight
|-damage|p1a: Corviknight|91/100
|
|t:|1758293472
|switch|p2a: Raging Bolt|Raging Bolt|91/100|[from] U-turn
|
|-heal|p2a: Raging Bolt|97/100|[from] Grassy Terrain
|upkeep
|turn|18
|inactive|ulky has 120 seconds left.
|inactive|ulky has 90 seconds left.
|
|t:|1758293556
|switch|p1a: Ting-Lu|Ting-Lu|100/100
|-ability|p1a: Ting-Lu|Vessel of Ruin
|move|p2a: Raging Bolt|Thunderbolt|p1a: Ting-Lu
|-immune|p1a: Ting-Lu
|
|-heal|p2a: Raging Bolt|100/100|[from] Grassy Terrain
|upkeep
|turn|19
|
|t:|1758293564
|-end|p2a: Raging Bolt|Protosynthesis|[silent]
|switch|p2a: Zamazenta|Zamazenta, tera:Dark|48/100
|move|p1a: Ting-Lu|Payback|p2a: Zamazenta
|-resisted|p2a: Zamazenta
|-damage|p2a: Zamazenta|39/100
|
|-heal|p2a: Zamazenta|45/100|[from] Grassy Terrain
|-fieldend|move: Grassy Terrain
|upkeep
|turn|20
|
|t:|1758293583
|switch|p1a: Dondozo|Dondozo, M|100/100
|move|p2a: Zamazenta|Close Combat|p1a: Dondozo
|-damage|p1a: Dondozo|66/100
|-unboost|p2a: Zamazenta|def|1
|-unboost|p2a: Zamazenta|spd|1
|-damage|p2a: Zamazenta|36/100|[from] item: Life Orb
|
|-heal|p1a: Dondozo|72/100|[from] item: Leftovers
|upkeep
|turn|21
|
|t:|1758293589
|switch|p2a: Rillaboom|Rillaboom, F|43/100
|-fieldstart|move: Grassy Terrain|[from] ability: Grassy Surge|[of] p2a: Rillaboom
|move|p1a: Dondozo|Body Press|p2a: Rillaboom
|-damage|p2a: Rillaboom|15/100
|
|-heal|p2a: Rillaboom|21/100|[from] Grassy Terrain
|-heal|p1a: Dondozo|79/100|[from] Grassy Terrain
|-heal|p1a: Dondozo|85/100|[from] item: Leftovers
|upkeep
|turn|22
|-message|leontief47 forfeited.
|
|win|ulky
|raw|ulky's rating: 1828 &rarr; <strong>1842</strong><br />(+14 for winning)
|raw|leontief47's rating: 1713 &rarr; <strong>1699</strong><br />(-14 for losing)
|l|☆leontief47
|player|p2|
|l|☆ulky
|player|p1|
