|j|☆roku777
|j|☆Dwagone
|inactive|Battle timer is ON: inactive players will automatically lose when time's up.
|t:|1758310586
|gametype|singles
|player|p1|roku777|volkner|
|player|p2|Dwagone|lucas-gen4pt|
|gen|9
|tier|[Gen 9] OU
|rated|Tournament battle
|rule|HP Percentage Mod: HP is shown in percentages
|rule|Endless Battle Clause: Forcing endless battles is banned
|rule|Species Clause: Limit one of each Pokémon
|rule|OHKO Clause: OHKO moves are banned
|rule|Evasion Items Clause: Evasion items are banned
|rule|Evasion Moves Clause: Evasion moves are banned
|rule|Evasion Abilities Clause: Evasion abilities are banned
|rule|Sleep Moves Clause: Sleep-inducing moves are banned
|clearpoke
|poke|p1|Gholdengo|
|poke|p1|Corviknight, F|
|poke|p1|Landorus-Therian, M|
|poke|p1|Darkrai|
|poke|p1|Incineroar, F|
|poke|p1|Rillaboom, F|
|poke|p2|Araquanid, M|
|poke|p2|Gholdengo|
|poke|p2|Iron Treads|
|poke|p2|Raging Bolt|
|poke|p2|Iron Valiant|
|poke|p2|Dragonite, M|
|teampreview
|j|*Lady Monita ☀
|inactive|Dwagone also wants the timer to be on.
|c|☆Dwagone|glhf
|inactive|roku777 has 120 seconds left.
|
|t:|1758310628
|teamsize|p1|6
|teamsize|p2|6
|start
|switch|p1a: Incineroar|Incineroar, F|100/100
|switch|p2a: Araquanid|Araquanid, M|100/100
|-ability|p1a: Incineroar|Intimidate|boost
|-unboost|p2a: Araquanid|atk|1
|turn|1
|inactive|Dwagone has 120 seconds left.
|inactive|Dwagone has 90 seconds left.
|
|t:|1758310697
|move|p1a: Incineroar|Fake Out|p2a: Araquanid
|-damage|p2a: Araquanid|87/100
|cant|p2a: Araquanid|flinch
|
|upkeep
|turn|2
|
|t:|1758310705
|move|p1a: Incineroar|Knock Off|p2a: Araquanid
|-damage|p2a: Araquanid|36/100
|-enditem|p2a: Araquanid|Custap Berry|[from] move: Knock Off|[of] p1a: Incineroar
|move|p2a: Araquanid|Sticky Web|p1a: Incineroar
|-sidestart|p1: roku777|move: Sticky Web
|
|upkeep
|turn|3
|
|t:|1758310710
|move|p1a: Incineroar|Parting Shot|p2a: Araquanid
|-unboost|p2a: Araquanid|atk|1
|-unboost|p2a: Araquanid|spa|1
|
|t:|1758310711
|switch|p1a: Corviknight|Corviknight, F|100/100|[from] Parting Shot
|-ability|p1a: Corviknight|Pressure
|move|p2a: Araquanid|Surf|p1a: Corviknight
|-damage|p1a: Corviknight|63/100
|
|-heal|p1a: Corviknight|69/100|[from] item: Leftovers
|upkeep
|turn|4
|
|t:|1758310739
|switch|p2a: Gholdengo|Gholdengo|100/100
|-item|p2a: Gholdengo|Air Balloon
|move|p1a: Corviknight|Defog|p2a: Gholdengo
|-immune|p2a: Gholdengo|[from] ability: Good as Gold
|
|-heal|p1a: Corviknight|75/100|[from] item: Leftovers
|upkeep
|turn|5
|inactive|roku777 has 120 seconds left.
|inactive|Dwagone has 90 seconds left.
|
|t:|1758310775
|switch|p1a: Rillaboom|Rillaboom, F|100/100
|-activate|p1a: Rillaboom|move: Sticky Web
|-unboost|p1a: Rillaboom|spe|1
|-fieldstart|move: Grassy Terrain|[from] ability: Grassy Surge|[of] p1a: Rillaboom
|move|p2a: Gholdengo|Shadow Ball|p1a: Rillaboom
|-damage|p1a: Rillaboom|47/100
|
|-heal|p1a: Rillaboom|53/100|[from] Grassy Terrain
|upkeep
|turn|6
|
|t:|1758310780
|move|p2a: Gholdengo|Shadow Ball|p1a: Rillaboom
|-damage|p1a: Rillaboom|0 fnt
|faint|p1a: Rillaboom
|
|upkeep
|
|t:|1758310798
|switch|p1a: Incineroar|Incineroar, F|100/100
|-ability|p1a: Incineroar|Intimidate|boost
|-unboost|p2a: Gholdengo|atk|1
|turn|7
|
|t:|1758310817
|switch|p2a: Araquanid|Araquanid, M|36/100
|move|p1a: Incineroar|Knock Off|p2a: Araquanid
|-damage|p2a: Araquanid|0 fnt
|faint|p2a: Araquanid
|
|upkeep
|
|t:|1758310825
|switch|p2a: Raging Bolt|Raging Bolt|100/100
|-enditem|p2a: Raging Bolt|Booster Energy
|-activate|p2a: Raging Bolt|ability: Protosynthesis|[fromitem]
|-start|p2a: Raging Bolt|protosynthesisspa
|turn|8
|inactive|roku777 has 120 seconds left.
|inactive|roku777 has 90 seconds left.
|
|t:|1758310873
|move|p2a: Raging Bolt|Calm Mind|p2a: Raging Bolt
|-boost|p2a: Raging Bolt|spa|1
|-boost|p2a: Raging Bolt|spd|1
|move|p1a: Incineroar|Knock Off|p2a: Raging Bolt
|-damage|p2a: Raging Bolt|69/100
|
|-heal|p2a: Raging Bolt|75/100|[from] Grassy Terrain
|upkeep
|turn|9
|
|t:|1758310881
|move|p2a: Raging Bolt|Dragon Pulse|p1a: Incineroar
|-damage|p1a: Incineroar|4/100
|move|p1a: Incineroar|Parting Shot|p2a: Raging Bolt
|-unboost|p2a: Raging Bolt|atk|1
|-unboost|p2a: Raging Bolt|spa|1
|
|t:|1758310891
|switch|p1a: Corviknight|Corviknight, F|75/100|[from] Parting Shot
|-ability|p1a: Corviknight|Pressure
|
|-heal|p2a: Raging Bolt|81/100|[from] Grassy Terrain
|-heal|p1a: Corviknight|81/100|[from] item: Leftovers
|upkeep
|turn|10
|inactive|roku777 has 90 seconds left.
|inactive|Dwagone has 120 seconds left.
|j| Albrtix
|inactive|Dwagone has 90 seconds left.
|
|t:|1758310927
|move|p2a: Raging Bolt|Thunderbolt|p1a: Corviknight
|-supereffective|p1a: Corviknight
|-damage|p1a: Corviknight|0 fnt
|faint|p1a: Corviknight
|
|-heal|p2a: Raging Bolt|87/100|[from] Grassy Terrain
|upkeep
|inactive|roku777 has 90 seconds left.
|
|t:|1758310940
|switch|p1a: Landorus|Landorus-Therian, M|100/100
|-ability|p1a: Landorus|Intimidate|boost
|-unboost|p2a: Raging Bolt|atk|1
|turn|11
|inactive|Dwagone has 90 seconds left.
|
|t:|1758310957
|move|p1a: Landorus|Earthquake|p2a: Raging Bolt
|-supereffective|p2a: Raging Bolt
|-damage|p2a: Raging Bolt|32/100
|move|p2a: Raging Bolt|Dragon Pulse|p1a: Landorus
|-damage|p1a: Landorus|14/100
|
|-heal|p2a: Raging Bolt|38/100|[from] Grassy Terrain
|upkeep
|turn|12
|
|t:|1758310964
|move|p1a: Landorus|Earthquake|p2a: Raging Bolt
|-supereffective|p2a: Raging Bolt
|-damage|p2a: Raging Bolt|0 fnt
|faint|p2a: Raging Bolt
|-end|p2a: Raging Bolt|Protosynthesis|[silent]
|
|-fieldend|move: Grassy Terrain
|upkeep
|
|t:|1758310972
|switch|p2a: Iron Valiant|Iron Valiant|100/100
|-enditem|p2a: Iron Valiant|Booster Energy
|-activate|p2a: Iron Valiant|ability: Quark Drive|[fromitem]
|-start|p2a: Iron Valiant|quarkdrivespa
|turn|13
|
|t:|1758310988
|switch|p1a: Gholdengo|Gholdengo|100/100
|-item|p1a: Gholdengo|Air Balloon
|move|p2a: Iron Valiant|Moonblast|p1a: Gholdengo
|-resisted|p1a: Gholdengo
|-damage|p1a: Gholdengo|59/100
|-enditem|p1a: Gholdengo|Air Balloon
|
|upkeep
|turn|14
|
|t:|1758310996
|move|p2a: Iron Valiant|Shadow Ball|p1a: Gholdengo
|-supereffective|p1a: Gholdengo
|-damage|p1a: Gholdengo|0 fnt
|faint|p1a: Gholdengo
|
|upkeep
|
|t:|1758311001
|switch|p1a: Darkrai|Darkrai|100/100
|turn|15
|
|t:|1758311012
|-terastallize|p1a: Darkrai|Poison
|move|p1a: Darkrai|Sludge Bomb|p2a: Iron Valiant
|-supereffective|p2a: Iron Valiant
|-damage|p2a: Iron Valiant|0 fnt
|faint|p2a: Iron Valiant
|-end|p2a: Iron Valiant|Quark Drive|[silent]
|
|upkeep
|
|t:|1758311016
|switch|p2a: Iron Treads|Iron Treads|100/100
|-enditem|p2a: Iron Treads|Booster Energy
|-activate|p2a: Iron Treads|ability: Quark Drive|[fromitem]
|-start|p2a: Iron Treads|quarkdriveatk
|turn|16
|
|t:|1758311025
|move|p1a: Darkrai|Will-O-Wisp|p2a: Iron Treads|[miss]
|-miss|p1a: Darkrai|p2a: Iron Treads
|move|p2a: Iron Treads|Rapid Spin|p1a: Darkrai
|-damage|p1a: Darkrai|68/100
|-boost|p2a: Iron Treads|spe|1
|
|upkeep
|turn|17
|
|t:|1758311031
|move|p2a: Iron Treads|Earthquake|p1a: Darkrai
|-supereffective|p1a: Darkrai
|-crit|p1a: Darkrai
|-damage|p1a: Darkrai|0 fnt
|faint|p1a: Darkrai
|
|upkeep
|
|t:|1758311043
|switch|p1a: Incineroar|Incineroar, F|4/100
|-ability|p1a: Incineroar|Intimidate|boost
|-unboost|p2a: Iron Treads|atk|1
|turn|18
|
|t:|1758311048
|move|p1a: Incineroar|Fake Out|p2a: Iron Treads
|-resisted|p2a: Iron Treads
|-damage|p2a: Iron Treads|94/100
|cant|p2a: Iron Treads|flinch
|
|upkeep
|turn|19
|
|t:|1758311054
|move|p2a: Iron Treads|Ice Spinner|p1a: Incineroar
|-resisted|p1a: Incineroar
|-damage|p1a: Incineroar|0 fnt
|faint|p1a: Incineroar
|
|upkeep
|
|t:|1758311056
|switch|p1a: Landorus|Landorus-Therian, M|14/100
|-ability|p1a: Landorus|Intimidate|boost
|-unboost|p2a: Iron Treads|atk|1
|turn|20
|
|t:|1758311077
|move|p2a: Iron Treads|Ice Spinner|p1a: Landorus
|-supereffective|p1a: Landorus
|-damage|p1a: Landorus|0 fnt
|-damage|p2a: Iron Treads|77/100|[from] item: Rocky Helmet|[of] p1a: Landorus
|faint|p1a: Landorus
|
|win|Dwagone
|n|☆roku777|roku777
|n|☆Dwagone|dwagone
|n|*Lady Monita ☀|ladymonita
|n| Albrtix|albrtix
|l|*Lady Monita ☀
|l|☆roku777
|player|p1|
