|j|☆Psycho16
|j|☆HungryHound
|t:|1758320136
|gametype|singles
|player|p1|Psycho16|petrel|1432
|player|p2|HungryHound|1|1425
|gen|9
|tier|[Gen 9] OU
|rated|
|rule|HP Percentage Mod: HP is shown in percentages
|rule|Endless Battle Clause: Forcing endless battles is banned
|rule|Species Clause: Limit one of each Pokémon
|rule|OHKO Clause: OHKO moves are banned
|rule|Evasion Items Clause: Evasion items are banned
|rule|Evasion Moves Clause: Evasion moves are banned
|rule|Evasion Abilities Clause: Evasion abilities are banned
|rule|Sleep Moves Clause: Sleep-inducing moves are banned
|clearpoke
|poke|p1|Toxapex, M|
|poke|p1|Incineroar, M|
|poke|p1|Dragonite, F|
|poke|p1|Kilowattrel, F|
|poke|p1|Ditto|
|poke|p1|Cinderace, M|
|poke|p2|Krookodile, M|
|poke|p2|Raging Bolt|
|poke|p2|Iron Valiant|
|poke|p2|Slowking-Galar, F|
|poke|p2|Great Tusk|
|poke|p2|Samurott-Hisui, M|
|teampreview
|inactive|Battle timer is ON: inactive players will automatically lose when time's up. (requested by Psycho16)
|inactive|HungryHound has 120 seconds left.
|
|t:|1758320178
|teamsize|p1|6
|teamsize|p2|6
|start
|switch|p1a: Kilowattrel|Kilowattrel, F|100/100
|switch|p2a: Samurott|Samurott-Hisui, M|100/100
|turn|1
|
|t:|1758320188
|move|p1a: Kilowattrel|Air Slash|p2a: Samurott
|-damage|p2a: Samurott|24/100
|move|p2a: Samurott|Ceaseless Edge|p1a: Kilowattrel|[miss]
|-miss|p2a: Samurott|p1a: Kilowattrel
|
|upkeep
|turn|2
|
|t:|1758320202
|switch|p1a: Dragonite|Dragonite, F|100/100
|switch|p2a: Slowking|Slowking-Galar, F|100/100
|
|upkeep
|turn|3
|
|t:|1758320210
|move|p1a: Dragonite|Scale Shot|p2a: Slowking
|-damage|p2a: Slowking|86/100
|-damage|p2a: Slowking|71/100
|-damage|p2a: Slowking|56/100
|-damage|p2a: Slowking|42/100
|-hitcount|p2a: Slowking|4
|-unboost|p1a: Dragonite|def|1
|-boost|p1a: Dragonite|spe|1
|move|p2a: Slowking|Thunder Wave|p1a: Dragonite
|-status|p1a: Dragonite|par
|
|upkeep
|turn|4
|
|t:|1758320228
|move|p1a: Dragonite|Iron Head|p2a: Slowking
|-damage|p2a: Slowking|7/100
|move|p2a: Slowking|Sludge Bomb|p1a: Dragonite
|-damage|p1a: Dragonite|85/100 par
|
|upkeep
|turn|5
|
|t:|1758320236
|cant|p1a: Dragonite|par
|-prepare|p2a: Slowking|Chilly Reception|[premajor]
|move|p2a: Slowking|Chilly Reception|p2a: Slowking
|-weather|Snowscape
|inactive|HungryHound has 120 seconds left.
|
|t:|1758320274
|switch|p2a: Krookodile|Krookodile, M|100/100|[from] Chilly Reception
|
|-weather|Snowscape|[upkeep]
|upkeep
|turn|6
|
|t:|1758320283
|move|p2a: Krookodile|Bulk Up|p2a: Krookodile
|-boost|p2a: Krookodile|atk|1
|-boost|p2a: Krookodile|def|1
|cant|p1a: Dragonite|par
|
|-weather|Snowscape|[upkeep]
|upkeep
|turn|7
|inactive|HungryHound has 120 seconds left.
|
|t:|1758320295
|switch|p1a: Incineroar|Incineroar, M, shiny|100/100
|-ability|p1a: Incineroar|Intimidate|boost
|-unboost|p2a: Krookodile|atk|1
|move|p2a: Krookodile|Scale Shot|p1a: Incineroar
|-damage|p1a: Incineroar|93/100
|-damage|p1a: Incineroar|85/100
|-damage|p1a: Incineroar|78/100
|-damage|p1a: Incineroar|71/100
|-hitcount|p1a: Incineroar|4
|-unboost|p2a: Krookodile|def|1
|-boost|p2a: Krookodile|spe|1
|
|-weather|Snowscape|[upkeep]
|upkeep
|turn|8
|inactive|HungryHound has 120 seconds left.
|
|t:|1758320310
|move|p2a: Krookodile|Earthquake|p1a: Incineroar
|-supereffective|p1a: Incineroar
|-damage|p1a: Incineroar|0 fnt
|faint|p1a: Incineroar
|-ability|p2a: Krookodile|Moxie|boost
|-boost|p2a: Krookodile|atk|1
|
|-weather|Snowscape|[upkeep]
|upkeep
|
|t:|1758320313
|switch|p1a: Ditto|Ditto|100/100
|-transform|p1a: Ditto|p2a: Krookodile|[from] ability: Imposter
|turn|9
|inactive|HungryHound has 120 seconds left.
|
|t:|1758320331
|-terastallize|p2a: Krookodile|Dragon
|move|p1a: Ditto|Earthquake|p2a: Krookodile
|-damage|p2a: Krookodile|12/100
|move|p2a: Krookodile|Scale Shot|p1a: Ditto
|-damage|p1a: Ditto|73/100
|-damage|p1a: Ditto|49/100
|-damage|p1a: Ditto|22/100
|-damage|p1a: Ditto|0 fnt
|faint|p1a: Ditto
|-ability|p2a: Krookodile|Moxie|boost
|-boost|p2a: Krookodile|atk|1
|-hitcount|p1: Ditto|4
|-unboost|p2a: Krookodile|def|1
|-boost|p2a: Krookodile|spe|1
|
|-weather|none
|upkeep
|
|t:|1758320341
|switch|p1a: Dragonite|Dragonite, F|85/100 par
|turn|10
|
|t:|1758320350
|cant|p1a: Dragonite|par
|move|p2a: Krookodile|Scale Shot|p1a: Dragonite
|-supereffective|p1a: Dragonite
|-damage|p1a: Dragonite|35/100 par
|-supereffective|p1a: Dragonite
|-damage|p1a: Dragonite|0 fnt
|faint|p1a: Dragonite
|-ability|p2a: Krookodile|Moxie|boost
|-boost|p2a: Krookodile|atk|1
|-hitcount|p1: Dragonite|2
|-unboost|p2a: Krookodile|def|1
|-boost|p2a: Krookodile|spe|1
|
|upkeep
|-message|Psycho16 forfeited.
|
|win|HungryHound
|raw|Psycho16's rating: 1432 &rarr; <strong>1412</strong><br />(-20 for losing)
|raw|HungryHound's rating: 1425 &rarr; <strong>1445</strong><br />(+20 for winning)
|l|☆Psycho16
|player|p1|
|l|☆HungryHound
|player|p2|
