|j|☆dilike
|j|☆Vacodrish
|t:|1758258724
|gametype|singles
|player|p1|dilike|pokekid|1435
|player|p2|Vacodrish|beauty-masters|1446
|gen|9
|tier|[Gen 9] OU
|rated|
|rule|HP Percentage Mod: HP is shown in percentages
|rule|Endless Battle Clause: Forcing endless battles is banned
|rule|Species Clause: Limit one of each Pokémon
|rule|OHKO Clause: OHKO moves are banned
|rule|Evasion Items Clause: Evasion items are banned
|rule|Evasion Moves Clause: Evasion moves are banned
|rule|Evasion Abilities Clause: Evasion abilities are banned
|rule|Sleep Moves Clause: Sleep-inducing moves are banned
|clearpoke
|poke|p1|Alomomola, F|
|poke|p1|Cinderace, M|
|poke|p1|Iron Valiant|
|poke|p1|Slowking-Galar, F|
|poke|p1|Landorus-Therian, M|
|poke|p1|Chesnaught, F|
|poke|p2|Iron Moth|
|poke|p2|Ting-Lu|
|poke|p2|Torkoal, M|
|poke|p2|Walking Wake|
|poke|p2|Great Tusk|
|poke|p2|Slither Wing|
|teampreview
|inactive|Battle timer is ON: inactive players will automatically lose when time's up. (requested by dilike)
|
|t:|1758258749
|teamsize|p1|6
|teamsize|p2|6
|start
|switch|p1a: Slowking|Slowking-Galar, F|100/100
|switch|p2a: Torkoal|Torkoal, M|100/100
|-weather|SunnyDay|[from] ability: Drought|[of] p2a: Torkoal
|turn|1
|
|t:|1758258760
|move|p2a: Torkoal|Stealth Rock|p1a: Slowking
|-sidestart|p1: dilike|move: Stealth Rock
|-prepare|p1a: Slowking|Chilly Reception|[premajor]
|move|p1a: Slowking|Chilly Reception|p1a: Slowking
|-weather|Snowscape
|
|t:|1758258763
|switch|p1a: Cinderace|Cinderace, M|100/100|[from] Chilly Reception
|
|-weather|Snowscape|[upkeep]
|upkeep
|turn|2
|
|t:|1758258769
|switch|p2a: Great Tusk|Great Tusk|100/100
|move|p1a: Cinderace|Court Change|p1a: Cinderace
|-start|p1a: Cinderace|typechange|Normal|[from] ability: Libero
|-swapsideconditions
|-activate|p1a: Cinderace|move: Court Change
|
|-weather|Snowscape|[upkeep]
|upkeep
|turn|3
|
|t:|1758258772
|switch|p1a: Chesnaught|Chesnaught, F|100/100
|move|p2a: Great Tusk|Rapid Spin|p1a: Chesnaught
|-damage|p1a: Chesnaught|92/100
|-boost|p2a: Great Tusk|spe|1
|-damage|p2a: Great Tusk|84/100|[from] item: Rocky Helmet|[of] p1a: Chesnaught
|-sideend|p2: Vacodrish|Stealth Rock|[from] move: Rapid Spin|[of] p2a: Great Tusk
|
|-weather|Snowscape|[upkeep]
|upkeep
|turn|4
|
|t:|1758258777
|-end|p2a: Great Tusk|Protosynthesis|[silent]
|switch|p2a: Torkoal|Torkoal, M|100/100
|-weather|SunnyDay|[from] ability: Drought|[of] p2a: Torkoal
|move|p1a: Chesnaught|Leech Seed|p2a: Torkoal
|-start|p2a: Torkoal|move: Leech Seed
|
|-weather|SunnyDay|[upkeep]
|-damage|p2a: Torkoal|88/100|[from] Leech Seed|[of] p1a: Chesnaught
|-heal|p1a: Chesnaught|100/100|[silent]
|upkeep
|turn|5
|
|t:|1758258787
|switch|p1a: Slowking|Slowking-Galar, F|100/100
|switch|p2a: The old|Slither Wing|100/100
|-activate|p2a: The old|ability: Protosynthesis
|-start|p2a: The old|protosynthesisatk
|
|-weather|SunnyDay|[upkeep]
|upkeep
|turn|6
|
|t:|1758258804
|move|p2a: The old|First Impression|p1a: Slowking
|-damage|p1a: Slowking|0 fnt
|faint|p1a: Slowking
|
|-weather|SunnyDay|[upkeep]
|upkeep
|
|t:|1758258810
|switch|p1a: Landorus|Landorus-Therian, M|100/100
|-ability|p1a: Landorus|Intimidate|boost
|-unboost|p2a: The old|atk|1
|turn|7
|
|t:|1758258816
|-end|p2a: The old|Protosynthesis|[silent]
|switch|p2a: Great Tusk|Great Tusk|84/100
|-activate|p2a: Great Tusk|ability: Protosynthesis
|-start|p2a: Great Tusk|protosynthesisspe
|move|p1a: Landorus|U-turn|p2a: Great Tusk
|-resisted|p2a: Great Tusk
|-damage|p2a: Great Tusk|76/100
|
|t:|1758258820
|switch|p1a: Chesnaught|Chesnaught, F|100/100|[from] U-turn
|
|-weather|SunnyDay|[upkeep]
|upkeep
|turn|8
|
|t:|1758258825
|-end|p2a: Great Tusk|Protosynthesis|[silent]
|switch|p2a: The New|Iron Moth|100/100
|move|p1a: Chesnaught|Leech Seed|p2a: The New|[miss]
|-miss|p1a: Chesnaught|p2a: The New
|
|-weather|SunnyDay|[upkeep]
|upkeep
|turn|9
|
|t:|1758258831
|switch|p1a: Alomomola|Alomomola, F|100/100
|move|p2a: The New|Overheat|p1a: Alomomola
|-resisted|p1a: Alomomola
|-damage|p1a: Alomomola|59/100
|-unboost|p2a: The New|spa|2
|
|-weather|SunnyDay|[upkeep]
|upkeep
|turn|10
|
|t:|1758258845
|-end|p2a: The New|Quark Drive|[silent]
|switch|p2a: Walking Wake|Walking Wake|100/100
|-activate|p2a: Walking Wake|ability: Protosynthesis
|-start|p2a: Walking Wake|protosynthesisspe
|move|p1a: Alomomola|Flip Turn|p2a: Walking Wake
|-resisted|p2a: Walking Wake
|-damage|p2a: Walking Wake|99/100
|
|t:|1758258862
|switch|p1a: Landorus|Landorus-Therian, M|100/100|[from] Flip Turn
|-ability|p1a: Landorus|Intimidate|boost
|-unboost|p2a: Walking Wake|atk|1
|
|-weather|SunnyDay|[upkeep]
|upkeep
|turn|11
|
|t:|1758258869
|switch|p1a: Alomomola|Alomomola, F|93/100
|move|p2a: Walking Wake|Hydro Steam|p1a: Alomomola
|-resisted|p1a: Alomomola
|-damage|p1a: Alomomola|72/100
|
|-weather|none
|-end|p2a: Walking Wake|Protosynthesis
|upkeep
|turn|12
|
|t:|1758258878
|-end|p2a: Walking Wake|Protosynthesis|[silent]
|switch|p2a: Torkoal|Torkoal, M|88/100
|-weather|SunnyDay|[from] ability: Drought|[of] p2a: Torkoal
|move|p1a: Alomomola|Mirror Coat||[still]
|-fail|p1a: Alomomola
|
|-weather|SunnyDay|[upkeep]
|upkeep
|turn|13
|
|t:|1758258888
|switch|p2a: Walking Wake|Walking Wake|99/100
|-activate|p2a: Walking Wake|ability: Protosynthesis
|-start|p2a: Walking Wake|protosynthesisspe
|move|p1a: Alomomola|Flip Turn|p2a: Walking Wake
|-resisted|p2a: Walking Wake
|-damage|p2a: Walking Wake|97/100
|
|t:|1758258895
|switch|p1a: Landorus|Landorus-Therian, M|100/100|[from] Flip Turn
|-ability|p1a: Landorus|Intimidate|boost
|-unboost|p2a: Walking Wake|atk|1
|
|-weather|SunnyDay|[upkeep]
|upkeep
|turn|14
|
|t:|1758258900
|switch|p1a: Alomomola|Alomomola, F|100/100
|-terastallize|p2a: Walking Wake|Dragon
|move|p2a: Walking Wake|Draco Meteor|p1a: Alomomola
|-damage|p1a: Alomomola|34/100
|-unboost|p2a: Walking Wake|spa|2
|
|-weather|SunnyDay|[upkeep]
|upkeep
|turn|15
|
|t:|1758258910
|-end|p2a: Walking Wake|Protosynthesis|[silent]
|switch|p2a: The New|Iron Moth|100/100
|switch|p1a: Iron Valiant|Iron Valiant, shiny|100/100
|-enditem|p1a: Iron Valiant|Booster Energy
|-activate|p1a: Iron Valiant|ability: Quark Drive|[fromitem]
|-start|p1a: Iron Valiant|quarkdrivespe
|
|-weather|SunnyDay|[upkeep]
|upkeep
|turn|16
|
|t:|1758258918
|-end|p1a: Iron Valiant|Quark Drive|[silent]
|switch|p1a: Alomomola|Alomomola, F|68/100
|move|p2a: The New|Sludge Wave|p1a: Alomomola
|-damage|p1a: Alomomola|27/100
|
|-weather|SunnyDay|[upkeep]
|upkeep
|turn|17
|
|t:|1758258924
|switch|p1a: Landorus|Landorus-Therian, M|100/100
|-ability|p1a: Landorus|Intimidate|boost
|-unboost|p2a: The New|atk|1
|move|p2a: The New|Sludge Wave|p1a: Landorus
|-resisted|p1a: Landorus
|-crit|p1a: Landorus
|-damage|p1a: Landorus|11/100
|
|-weather|SunnyDay|[upkeep]
|upkeep
|turn|18
|
|t:|1758258930
|move|p1a: Landorus|Earthquake|p2a: The New
|-supereffective|p2a: The New
|-damage|p2a: The New|0 fnt
|faint|p2a: The New
|-end|p2a: The New|Quark Drive|[silent]
|
|-weather|SunnyDay|[upkeep]
|upkeep
|
|t:|1758258939
|switch|p2a: The old|Slither Wing|100/100
|-activate|p2a: The old|ability: Protosynthesis
|-start|p2a: The old|protosynthesisatk
|turn|19
|
|t:|1758258943
|switch|p1a: Chesnaught|Chesnaught, F|100/100
|move|p2a: The old|First Impression|p1a: Chesnaught
|-damage|p1a: Chesnaught|43/100
|-damage|p2a: The old|84/100|[from] item: Rocky Helmet|[of] p1a: Chesnaught
|
|-weather|none
|-end|p2a: The old|Protosynthesis
|upkeep
|turn|20
|
|t:|1758258950
|-end|p2a: The old|Protosynthesis|[silent]
|switch|p2a: Torkoal|Torkoal, M|88/100
|-weather|SunnyDay|[from] ability: Drought|[of] p2a: Torkoal
|move|p1a: Chesnaught|Synthesis|p1a: Chesnaught
|-heal|p1a: Chesnaught|100/100
|
|-weather|SunnyDay|[upkeep]
|upkeep
|turn|21
|
|t:|1758258963
|switch|p2a: The old|Slither Wing|84/100
|-activate|p2a: The old|ability: Protosynthesis
|-start|p2a: The old|protosynthesisatk
|move|p1a: Chesnaught|Leech Seed|p2a: The old|[miss]
|-miss|p1a: Chesnaught|p2a: The old
|
|-weather|SunnyDay|[upkeep]
|upkeep
|turn|22
|
|t:|1758258969
|move|p1a: Chesnaught|Spiky Shield|p1a: Chesnaught
|-singleturn|p1a: Chesnaught|move: Protect
|move|p2a: The old|Flare Blitz|p1a: Chesnaught
|-activate|p1a: Chesnaught|move: Protect
|-damage|p2a: The old|72/100|[from] Spiky Shield|[of] p1a: Chesnaught
|
|-weather|SunnyDay|[upkeep]
|upkeep
|turn|23
|
|t:|1758258976
|-end|p2a: The old|Protosynthesis|[silent]
|switch|p2a: Ting-Lu|Ting-Lu|100/100
|-ability|p2a: Ting-Lu|Vessel of Ruin
|switch|p1a: Alomomola|Alomomola, F|60/100
|
|-weather|SunnyDay|[upkeep]
|upkeep
|turn|24
|
|t:|1758258980
|move|p2a: Ting-Lu|Spikes|p1a: Alomomola
|-sidestart|p1: dilike|Spikes
|move|p1a: Alomomola|Flip Turn|p2a: Ting-Lu
|-supereffective|p2a: Ting-Lu
|-damage|p2a: Ting-Lu|91/100
|
|t:|1758258985
|switch|p1a: Chesnaught|Chesnaught, F|100/100|[from] Flip Turn
|-damage|p1a: Chesnaught|88/100|[from] Spikes
|
|-weather|SunnyDay|[upkeep]
|-heal|p2a: Ting-Lu|97/100|[from] item: Leftovers
|upkeep
|turn|25
|
|t:|1758258988
|switch|p2a: The old|Slither Wing|72/100
|-activate|p2a: The old|ability: Protosynthesis
|-start|p2a: The old|protosynthesisatk
|move|p1a: Chesnaught|Leech Seed|p2a: The old
|-start|p2a: The old|move: Leech Seed
|
|-weather|SunnyDay|[upkeep]
|-damage|p2a: The old|59/100|[from] Leech Seed|[of] p1a: Chesnaught
|-heal|p1a: Chesnaught|99/100|[silent]
|upkeep
|turn|26
|
|t:|1758258996
|-end|p2a: The old|Protosynthesis|[silent]
|switch|p2a: Walking Wake|Walking Wake, tera:Dragon|97/100
|-activate|p2a: Walking Wake|ability: Protosynthesis
|-start|p2a: Walking Wake|protosynthesisspe
|move|p1a: Chesnaught|Spiky Shield||[still]
|-fail|p1a: Chesnaught
|
|-weather|SunnyDay|[upkeep]
|upkeep
|turn|27
|
|t:|1758259003
|switch|p1a: Alomomola|Alomomola, F|94/100
|-damage|p1a: Alomomola|81/100|[from] Spikes
|move|p2a: Walking Wake|Dragon Pulse|p1a: Alomomola
|-damage|p1a: Alomomola|37/100
|
|-weather|none
|-end|p2a: Walking Wake|Protosynthesis
|upkeep
|turn|28
|
|t:|1758259021
|-end|p2a: Walking Wake|Protosynthesis|[silent]
|switch|p2a: Torkoal|Torkoal, M|88/100
|-weather|SunnyDay|[from] ability: Drought|[of] p2a: Torkoal
|switch|p1a: Landorus|Landorus-Therian, M|11/100
|-ability|p1a: Landorus|Intimidate|boost
|-unboost|p2a: Torkoal|atk|1
|
|-weather|SunnyDay|[upkeep]
|upkeep
|turn|29
|
|t:|1758259027
|move|p1a: Landorus|Earthquake|p2a: Torkoal
|-supereffective|p2a: Torkoal
|-damage|p2a: Torkoal|22/100
|move|p2a: Torkoal|Lava Plume|p1a: Landorus
|-damage|p1a: Landorus|0 fnt
|faint|p1a: Landorus
|
|-weather|SunnyDay|[upkeep]
|upkeep
|
|t:|1758259031
|switch|p1a: Cinderace|Cinderace, M|100/100
|turn|30
|
|t:|1758259033
|move|p1a: Cinderace|Pyro Ball|p2a: Torkoal|[miss]
|-miss|p1a: Cinderace|p2a: Torkoal
|move|p2a: Torkoal|Will-O-Wisp|p1a: Cinderace
|-immune|p1a: Cinderace
|
|-weather|SunnyDay|[upkeep]
|upkeep
|turn|31
|
|t:|1758259037
|switch|p2a: Walking Wake|Walking Wake, tera:Dragon|97/100
|-activate|p2a: Walking Wake|ability: Protosynthesis
|-start|p2a: Walking Wake|protosynthesisspe
|move|p1a: Cinderace|Court Change|p1a: Cinderace
|-start|p1a: Cinderace|typechange|Normal|[from] ability: Libero
|-swapsideconditions
|-activate|p1a: Cinderace|move: Court Change
|
|-weather|SunnyDay|[upkeep]
|upkeep
|turn|32
|
|t:|1758259046
|switch|p1a: Iron Valiant|Iron Valiant, shiny|100/100
|move|p2a: Walking Wake|Hydro Steam|p1a: Iron Valiant
|-damage|p1a: Iron Valiant|0 fnt
|faint|p1a: Iron Valiant
|-end|p1a: Iron Valiant|Quark Drive|[silent]
|
|-weather|SunnyDay|[upkeep]
|upkeep
|
|t:|1758259054
|switch|p1a: Alomomola|Alomomola, F|71/100
|turn|33
|
|t:|1758259066
|-end|p2a: Walking Wake|Protosynthesis|[silent]
|switch|p2a: Great Tusk|Great Tusk|76/100
|-activate|p2a: Great Tusk|ability: Protosynthesis
|-start|p2a: Great Tusk|protosynthesisspe
|move|p1a: Alomomola|Flip Turn|p2a: Great Tusk
|-supereffective|p2a: Great Tusk
|-damage|p2a: Great Tusk|66/100
|
|t:|1758259073
|switch|p1a: Chesnaught|Chesnaught, F|99/100|[from] Flip Turn
|
|-weather|SunnyDay|[upkeep]
|upkeep
|turn|34
|
|t:|1758259081
|move|p2a: Great Tusk|Bulk Up|p2a: Great Tusk
|-boost|p2a: Great Tusk|atk|1
|-boost|p2a: Great Tusk|def|1
|move|p1a: Chesnaught|Leech Seed|p2a: Great Tusk|[miss]
|-miss|p1a: Chesnaught|p2a: Great Tusk
|
|-weather|SunnyDay|[upkeep]
|upkeep
|turn|35
|
|t:|1758259086
|move|p2a: Great Tusk|Bulk Up|p2a: Great Tusk
|-boost|p2a: Great Tusk|atk|1
|-boost|p2a: Great Tusk|def|1
|move|p1a: Chesnaught|Leech Seed|p2a: Great Tusk
|-start|p2a: Great Tusk|move: Leech Seed
|
|-weather|none
|-end|p2a: Great Tusk|Protosynthesis
|-damage|p2a: Great Tusk|53/100|[from] Leech Seed|[of] p1a: Chesnaught
|-heal|p1a: Chesnaught|100/100|[silent]
|upkeep
|turn|36
|
|t:|1758259089
|move|p2a: Great Tusk|Bulk Up|p2a: Great Tusk
|-boost|p2a: Great Tusk|atk|1
|-boost|p2a: Great Tusk|def|1
|move|p1a: Chesnaught|Body Press|p2a: Great Tusk
|-damage|p2a: Great Tusk|42/100
|
|-damage|p2a: Great Tusk|30/100|[from] Leech Seed|[of] p1a: Chesnaught
|upkeep
|turn|37
|
|t:|1758259100
|move|p1a: Chesnaught|Spiky Shield|p1a: Chesnaught
|-singleturn|p1a: Chesnaught|move: Protect
|move|p2a: Great Tusk|Ice Spinner|p1a: Chesnaught
|-activate|p1a: Chesnaught|move: Protect
|-damage|p2a: Great Tusk|17/100|[from] Spiky Shield|[of] p1a: Chesnaught
|
|-damage|p2a: Great Tusk|5/100|[from] Leech Seed|[of] p1a: Chesnaught
|upkeep
|turn|38
|
|t:|1758259108
|move|p1a: Chesnaught|Spiky Shield||[still]
|-fail|p1a: Chesnaught
|move|p2a: Great Tusk|Headlong Rush|p1a: Chesnaught
|-resisted|p1a: Chesnaught
|-damage|p1a: Chesnaught|63/100
|-unboost|p2a: Great Tusk|def|1
|-unboost|p2a: Great Tusk|spd|1
|-damage|p2a: Great Tusk|0 fnt|[from] item: Rocky Helmet|[of] p1a: Chesnaught
|faint|p2a: Great Tusk
|-end|p2a: Great Tusk|Protosynthesis|[silent]
|
|upkeep
|
|t:|1758259115
|switch|p2a: Torkoal|Torkoal, M|22/100
|-damage|p2a: Torkoal|10/100|[from] Spikes
|-weather|SunnyDay|[from] ability: Drought|[of] p2a: Torkoal
|turn|39
|
|t:|1758259123
|switch|p1a: Alomomola|Alomomola, F|100/100
|move|p2a: Torkoal|Will-O-Wisp|p1a: Alomomola
|-status|p1a: Alomomola|brn
|
|-weather|SunnyDay|[upkeep]
|-damage|p1a: Alomomola|94/100 brn|[from] brn
|upkeep
|turn|40
|
|t:|1758259127
|move|p1a: Alomomola|Flip Turn|p2a: Torkoal
|-supereffective|p2a: Torkoal
|-damage|p2a: Torkoal|5/100
|
|t:|1758259130
|switch|p1a: Cinderace|Cinderace, M|100/100|[from] Flip Turn
|move|p2a: Torkoal|Stealth Rock|p1a: Cinderace
|-sidestart|p1: dilike|move: Stealth Rock
|
|-weather|SunnyDay|[upkeep]
|upkeep
|turn|41
|l|☆dilike
|inactive|dilike disconnected and has a minute to reconnect!
|player|p1|
|inactive|dilike has 30 seconds to reconnect!
|inactive|dilike has 20 seconds to reconnect!
|inactive|dilike has 15 seconds to reconnect!
|inactive|dilike has 10 seconds to reconnect!
|inactive|dilike has 5 seconds to reconnect!
|-message|dilike lost due to inactivity.
|
|win|Vacodrish
|raw|dilike's rating: 1435 &rarr; <strong>1416</strong><br />(-19 for losing)
|raw|Vacodrish's rating: 1446 &rarr; <strong>1465</strong><br />(+19 for winning)
|l|☆Vacodrish
|player|p2|
