|j|☆Sneasel Squad 彡
|j|☆ArionSerwind
|t:|1758233898
|gametype|singles
|player|p1|Sneasel Squad 彡|elesa|1215
|player|p2|ArionSerwind|silver|1263
|gen|9
|tier|[Gen 9] OU
|rated|
|rule|HP Percentage Mod: HP is shown in percentages
|rule|Endless Battle Clause: Forcing endless battles is banned
|rule|Species Clause: Limit one of each Pokémon
|rule|OHKO Clause: OHKO moves are banned
|rule|Evasion Items Clause: Evasion items are banned
|rule|Evasion Moves Clause: Evasion moves are banned
|rule|Evasion Abilities Clause: Evasion abilities are banned
|rule|Sleep Moves Clause: Sleep-inducing moves are banned
|clearpoke
|poke|p1|Sneasel, M|
|poke|p1|Great Tusk|
|poke|p1|Gholdengo|
|poke|p1|Dragapult, M|
|poke|p1|Kingambit, M|
|poke|p1|Primarina, F|
|poke|p2|Galvantula, M|
|poke|p2|Jirachi|
|poke|p2|Hawlucha, M|
|poke|p2|Pecharunt|
|poke|p2|Rillaboom, M|
|poke|p2|Greninja-*, M|
|teampreview
|inactive|Battle timer is ON: inactive players will automatically lose when time's up. (requested by Sneasel Squad 彡)
|
|t:|1758233903
|teamsize|p1|6
|teamsize|p2|6
|start
|switch|p1a: Sneasel|Sneasel, M|100/100
|switch|p2a: Galvantula|Galvantula, M, shiny|100/100
|turn|1
|
|t:|1758233910
|move|p1a: Sneasel|Swords Dance|p1a: Sneasel
|-boost|p1a: Sneasel|atk|2
|move|p2a: Galvantula|Thunder Wave|p1a: Sneasel
|-status|p1a: Sneasel|par
|
|upkeep
|turn|2
|
|t:|1758233917
|move|p2a: Galvantula|Bug Buzz|p1a: Sneasel
|-supereffective|p1a: Sneasel
|-damage|p1a: Sneasel|19/100 par
|cant|p1a: Sneasel|par
|
|upkeep
|turn|3
|
|t:|1758233922
|move|p1a: Sneasel|Ice Shard|p2a: Galvantula
|-damage|p2a: Galvantula|38/100
|move|p2a: Galvantula|Thunder|p1a: Sneasel
|-damage|p1a: Sneasel|0 fnt
|faint|p1a: Sneasel
|
|upkeep
|
|t:|1758233932
|switch|p1a: Dragapult|Dragapult, M, shiny|100/100
|turn|4
|
|t:|1758233943
|move|p1a: Dragapult|Dragon Darts|p2a: Galvantula
|-damage|p2a: Galvantula|0 fnt
|faint|p2a: Galvantula
|
|upkeep
|
|t:|1758233947
|switch|p2a: Rillaboom|Rillaboom, M|100/100
|-fieldstart|move: Grassy Terrain|[from] ability: Grassy Surge|[of] p2a: Rillaboom
|turn|5
|
|t:|1758233950
|move|p2a: Rillaboom|Fake Out|p1a: Dragapult
|-immune|p1a: Dragapult
|move|p1a: Dragapult|Dragon Darts|p2a: Rillaboom
|-damage|p2a: Rillaboom|64/100
|-anim|p1a: Dragapult|Dragon Darts|p2a: Rillaboom
|-damage|p2a: Rillaboom|26/100
|
|-heal|p2a: Rillaboom|32/100|[from] Grassy Terrain
|-heal|p2a: Rillaboom|39/100|[from] item: Leftovers
|upkeep
|turn|6
|
|t:|1758233955
|move|p1a: Dragapult|Dragon Darts|p2a: Rillaboom
|-damage|p2a: Rillaboom|2/100
|-anim|p1a: Dragapult|Dragon Darts|p2a: Rillaboom
|-damage|p2a: Rillaboom|0 fnt
|faint|p2a: Rillaboom
|
|upkeep
|
|t:|1758233961
|switch|p2a: Hawlucha|Hawlucha, M, shiny|100/100
|-enditem|p2a: Hawlucha|Grassy Seed
|-boost|p2a: Hawlucha|def|1|[from] item: Grassy Seed
|turn|7
|
|t:|1758233963
|move|p2a: Hawlucha|Swords Dance|p2a: Hawlucha
|-boost|p2a: Hawlucha|atk|2
|move|p1a: Dragapult|Dragon Darts|p2a: Hawlucha
|-damage|p2a: Hawlucha|62/100
|-anim|p1a: Dragapult|Dragon Darts|p2a: Hawlucha
|-damage|p2a: Hawlucha|28/100
|
|upkeep
|turn|8
|
|t:|1758233970
|move|p2a: Hawlucha|Acrobatics|p1a: Dragapult
|-damage|p1a: Dragapult|0 fnt
|faint|p1a: Dragapult
|
|upkeep
|
|t:|1758233981
|switch|p1a: Kingambit|Kingambit, M|100/100
|-activate|p1a: Kingambit|ability: Supreme Overlord
|-start|p1a: Kingambit|fallen2|[silent]
|turn|9
|
|t:|1758233987
|move|p1a: Kingambit|Sucker Punch|p2a: Hawlucha
|-resisted|p2a: Hawlucha
|-damage|p2a: Hawlucha|5/100
|move|p2a: Hawlucha|Drain Punch|p1a: Kingambit
|-supereffective|p1a: Kingambit
|-damage|p1a: Kingambit|0 fnt
|-heal|p2a: Hawlucha|62/100|[from] drain|[of] p1a: Kingambit
|faint|p1a: Kingambit
|-end|p1a: Kingambit|fallen2|[silent]
|
|-fieldend|move: Grassy Terrain
|upkeep
|
|t:|1758233997
|switch|p1a: Gholdengo|Gholdengo|100/100
|-item|p1a: Gholdengo|Air Balloon
|turn|10
|inactive|ArionSerwind has 120 seconds left.
|
|t:|1758234039
|move|p2a: Hawlucha|Acrobatics|p1a: Gholdengo
|-resisted|p1a: Gholdengo
|-damage|p1a: Gholdengo|64/100
|-enditem|p1a: Gholdengo|Air Balloon
|move|p1a: Gholdengo|Thunder Wave|p2a: Hawlucha
|-status|p2a: Hawlucha|par
|
|upkeep
|turn|11
|
|t:|1758234046
|cant|p2a: Hawlucha|par
|move|p1a: Gholdengo|Hex|p2a: Hawlucha
|-damage|p2a: Hawlucha|0 fnt
|faint|p2a: Hawlucha
|
|upkeep
|
|t:|1758234054
|switch|p2a: Greninja|Greninja, M|100/100
|turn|12
|
|t:|1758234060
|-terastallize|p1a: Gholdengo|Water
|move|p2a: Greninja|Dark Pulse|p1a: Gholdengo
|-damage|p1a: Gholdengo|29/100
|move|p1a: Gholdengo|Recover|p1a: Gholdengo
|-heal|p1a: Gholdengo|79/100
|
|upkeep
|turn|13
|
|t:|1758234068
|switch|p2a: Pecharunt|Pecharunt|100/100
|move|p1a: Gholdengo|Thunder Wave|p2a: Pecharunt
|-status|p2a: Pecharunt|par
|
|upkeep
|turn|14
|
|t:|1758234074
|move|p1a: Gholdengo|Hex|p2a: Pecharunt
|-supereffective|p2a: Pecharunt
|-damage|p2a: Pecharunt|0 fnt
|faint|p2a: Pecharunt
|
|upkeep
|
|t:|1758234077
|switch|p2a: Jirachi|Jirachi, shiny|100/100
|turn|15
|
|t:|1758234082
|move|p2a: Jirachi|Zen Headbutt|p1a: Gholdengo
|-damage|p1a: Gholdengo|53/100
|cant|p1a: Gholdengo|flinch
|
|upkeep
|turn|16
|
|t:|1758234087
|move|p2a: Jirachi|Zen Headbutt|p1a: Gholdengo
|-damage|p1a: Gholdengo|25/100
|cant|p1a: Gholdengo|flinch
|
|upkeep
|turn|17
|
|t:|1758234091
|move|p2a: Jirachi|Zen Headbutt|p1a: Gholdengo
|-damage|p1a: Gholdengo|0 fnt
|faint|p1a: Gholdengo
|
|upkeep
|
|t:|1758234096
|switch|p1a: Great Tusk|Great Tusk|100/100
|turn|18
|
|t:|1758234099
|move|p1a: Great Tusk|Knock Off|p2a: Jirachi
|-supereffective|p2a: Jirachi
|-damage|p2a: Jirachi|41/100
|-enditem|p2a: Jirachi|Assault Vest|[from] move: Knock Off|[of] p1a: Great Tusk
|move|p2a: Jirachi|Zen Headbutt|p1a: Great Tusk
|-supereffective|p1a: Great Tusk
|-damage|p1a: Great Tusk|44/100
|-damage|p2a: Jirachi|24/100|[from] item: Rocky Helmet|[of] p1a: Great Tusk
|
|upkeep
|turn|19
|
|t:|1758234108
|move|p1a: Great Tusk|Knock Off|p2a: Jirachi
|-supereffective|p2a: Jirachi
|-damage|p2a: Jirachi|0 fnt
|faint|p2a: Jirachi
|
|upkeep
|
|t:|1758234110
|switch|p2a: Greninja|Greninja, M|100/100
|turn|20
|
|t:|1758234115
|move|p2a: Greninja|Hydro Pump|p1a: Great Tusk
|-supereffective|p1a: Great Tusk
|-damage|p1a: Great Tusk|0 fnt
|faint|p1a: Great Tusk
|-end|p1a: Great Tusk|Protosynthesis|[silent]
|-ability|p2a: Greninja|Battle Bond|boost
|-boost|p2a: Greninja|atk|1
|-boost|p2a: Greninja|spa|1
|-boost|p2a: Greninja|spe|1
|-activate|p2a: Greninja|ability: Battle Bond
|
|upkeep
|
|t:|1758234118
|switch|p1a: Primarina|Primarina, F|100/100
|turn|21
|
|t:|1758234122
|-terastallize|p2a: Greninja|Water
|move|p2a: Greninja|Hydro Pump|p1a: Primarina
|-resisted|p1a: Primarina
|-damage|p1a: Primarina|70/100
|move|p1a: Primarina|Moonblast|p2a: Greninja
|-damage|p2a: Greninja|26/100
|
|upkeep
|turn|22
|
|t:|1758234129
|move|p2a: Greninja|Hydro Pump|p1a: Primarina
|-resisted|p1a: Primarina
|-damage|p1a: Primarina|36/100
|move|p1a: Primarina|Moonblast|p2a: Greninja
|-damage|p2a: Greninja|0 fnt
|faint|p2a: Greninja
|
|win|Sneasel Squad 彡
|raw|Sneasel Squad 彡's rating: 1215 &rarr; <strong>1243</strong><br />(+28 for winning)
|raw|ArionSerwind's rating: 1263 &rarr; <strong>1235</strong><br />(-28 for losing)
|l|☆ArionSerwind
|player|p2|
|l|☆Sneasel Squad 彡
|player|p1|
