|j|☆20020129zwh
|j|☆Excelio21
|t:|1758239335
|gametype|singles
|player|p1|20020129zwh|dawn|1376
|player|p2|Excelio21|riley|1458
|gen|9
|tier|[Gen 9] OU
|rated|
|rule|HP Percentage Mod: HP is shown in percentages
|rule|Endless Battle Clause: Forcing endless battles is banned
|rule|Species Clause: Limit one of each Pokémon
|rule|OHKO Clause: OHKO moves are banned
|rule|Evasion Items Clause: Evasion items are banned
|rule|Evasion Moves Clause: Evasion moves are banned
|rule|Evasion Abilities Clause: Evasion abilities are banned
|rule|Sleep Moves Clause: Sleep-inducing moves are banned
|clearpoke
|poke|p1|Torkoal, M|
|poke|p1|Walking Wake|
|poke|p1|Great Tusk|
|poke|p1|Raging Bolt|
|poke|p1|Ceruledge, F|
|poke|p1|Corviknight, M|
|poke|p2|Ogerpon-Wellspring, F|
|poke|p2|Blissey, F|
|poke|p2|Weezing-Galar, F|
|poke|p2|Primarina, M|
|poke|p2|Weavile, M|
|poke|p2|Pelipper, F|
|teampreview
|inactive|Battle timer is ON: inactive players will automatically lose when time's up. (requested by Excelio21)
|
|t:|1758239380
|teamsize|p1|6
|teamsize|p2|6
|start
|switch|p1a: Torkoal|Torkoal, M|100/100
|switch|p2a: Weavile|Weavile, M|100/100
|-ability|p2a: Weavile|Pressure
|-weather|SunnyDay|[from] ability: Drought|[of] p1a: Torkoal
|turn|1
|
|t:|1758239389
|move|p2a: Weavile|Knock Off|p1a: Torkoal
|-damage|p1a: Torkoal|59/100
|-enditem|p1a: Torkoal|Heat Rock|[from] move: Knock Off|[of] p2a: Weavile
|move|p1a: Torkoal|Lava Plume|p2a: Weavile
|-supereffective|p2a: Weavile
|-damage|p2a: Weavile|0 fnt
|faint|p2a: Weavile
|
|-weather|SunnyDay|[upkeep]
|upkeep
|
|t:|1758239397
|switch|p2a: Pelipper|Pelipper, F|100/100
|-weather|RainDance|[from] ability: Drizzle|[of] p2a: Pelipper
|turn|2
|
|t:|1758239405
|switch|p1a: Walking Wake|Walking Wake|100/100
|move|p2a: Pelipper|Hurricane|p1a: Walking Wake
|-damage|p1a: Walking Wake|5/100
|
|-weather|RainDance|[upkeep]
|upkeep
|turn|3
|
|t:|1758239422
|move|p1a: Walking Wake|Hydro Steam|p2a: Pelipper
|-resisted|p2a: Pelipper
|-damage|p2a: Pelipper|33/100
|move|p2a: Pelipper|Hurricane|p1a: Walking Wake
|-damage|p1a: Walking Wake|0 fnt
|faint|p1a: Walking Wake
|-end|p1a: Walking Wake|Protosynthesis|[silent]
|
|-weather|RainDance|[upkeep]
|upkeep
|
|t:|1758239435
|switch|p1a: Raging Bolt|Raging Bolt|100/100
|turn|4
|
|t:|1758239443
|switch|p2a: Blissey|Blissey, F|100/100
|move|p1a: Raging Bolt|Volt Switch|p2a: Blissey
|-damage|p2a: Blissey|85/100
|
|t:|1758239449
|-end|p1a: Raging Bolt|Protosynthesis|[silent]
|switch|p1a: Ceruledge|Ceruledge, F|100/100|[from] Volt Switch
|
|-weather|RainDance|[upkeep]
|-heal|p2a: Blissey|91/100|[from] item: Leftovers
|upkeep
|turn|5
|
|t:|1758239458
|switch|p2a: Weezing|Weezing-Galar, F|100/100
|move|p1a: Ceruledge|Swords Dance|p1a: Ceruledge
|-boost|p1a: Ceruledge|atk|2
|
|-weather|RainDance|[upkeep]
|upkeep
|turn|6
|
|t:|1758239471
|move|p1a: Ceruledge|Swords Dance|p1a: Ceruledge
|-boost|p1a: Ceruledge|atk|2
|move|p2a: Weezing|Pain Split|p1a: Ceruledge
|-sethp|p1a: Ceruledge|100/100|[from] move: Pain Split|[silent]
|-sethp|p2a: Weezing|94/100|[from] move: Pain Split
|
|-weather|none
|-heal|p2a: Weezing|99/100|[from] item: Black Sludge
|upkeep
|turn|7
|
|t:|1758239481
|switch|p2a: Pelipper|Pelipper, F|33/100
|-weather|RainDance|[from] ability: Drizzle|[of] p2a: Pelipper
|move|p1a: Ceruledge|Swords Dance|p1a: Ceruledge
|-boost|p1a: Ceruledge|atk|2
|
|-weather|RainDance|[upkeep]
|upkeep
|turn|8
|
|t:|1758239490
|move|p1a: Ceruledge|Bitter Blade|p2a: Pelipper
|-resisted|p2a: Pelipper
|-damage|p2a: Pelipper|0 fnt
|faint|p2a: Pelipper
|
|-weather|RainDance|[upkeep]
|upkeep
|
|t:|1758239497
|switch|p2a: Ogerpon|Ogerpon-Wellspring, F|100/100
|turn|9
|
|t:|1758239503
|move|p2a: Ogerpon|Ivy Cudgel|p1a: Ceruledge|[anim] Ivy Cudgel Water
|-supereffective|p1a: Ceruledge
|-enditem|p1a: Ceruledge|Focus Sash
|-damage|p1a: Ceruledge|1/100
|-ability|p1a: Ceruledge|Weak Armor|boost
|-unboost|p1a: Ceruledge|def|1
|-boost|p1a: Ceruledge|spe|2
|move|p1a: Ceruledge|Bitter Blade|p2a: Ogerpon
|-damage|p2a: Ogerpon|0 fnt
|-heal|p1a: Ceruledge|53/100|[from] drain|[of] p2a: Ogerpon
|faint|p2a: Ogerpon
|
|-weather|RainDance|[upkeep]
|upkeep
|
|t:|1758239516
|switch|p2a: Primarina|Primarina, M|100/100
|turn|10
|
|t:|1758239520
|-terastallize|p1a: Ceruledge|Fire
|move|p1a: Ceruledge|Bitter Blade|p2a: Primarina
|-resisted|p2a: Primarina
|-damage|p2a: Primarina|18/100
|-heal|p1a: Ceruledge|100/100|[from] drain|[of] p2a: Primarina
|move|p2a: Primarina|Surf|p1a: Ceruledge
|-supereffective|p1a: Ceruledge
|-damage|p1a: Ceruledge|0 fnt
|faint|p1a: Ceruledge
|
|-weather|RainDance|[upkeep]
|upkeep
|
|t:|1758239534
|switch|p1a: Raging Bolt|Raging Bolt|100/100
|turn|11
|
|t:|1758239540
|move|p1a: Raging Bolt|Volt Switch|p2a: Primarina
|-supereffective|p2a: Primarina
|-damage|p2a: Primarina|0 fnt
|faint|p2a: Primarina
|
|t:|1758239546
|-end|p1a: Raging Bolt|Protosynthesis|[silent]
|switch|p1a: Torkoal|Torkoal, M|59/100|[from] Volt Switch
|-weather|SunnyDay|[from] ability: Drought|[of] p1a: Torkoal
|
|-weather|SunnyDay|[upkeep]
|upkeep
|
|t:|1758239554
|switch|p2a: Blissey|Blissey, F|91/100
|turn|12
|
|t:|1758239558
|switch|p1a: Corviknight|Corviknight, M|100/100
|-ability|p1a: Corviknight|Pressure
|move|p2a: Blissey|Stealth Rock|p1a: Corviknight
|-sidestart|p1: 20020129zwh|move: Stealth Rock
|
|-weather|SunnyDay|[upkeep]
|-heal|p2a: Blissey|97/100|[from] item: Leftovers
|upkeep
|turn|13
|
|t:|1758239568
|move|p1a: Corviknight|Iron Defense|p1a: Corviknight
|-boost|p1a: Corviknight|def|2
|move|p2a: Blissey|Thunder Wave|p1a: Corviknight
|-status|p1a: Corviknight|par
|
|-weather|SunnyDay|[upkeep]
|-heal|p2a: Blissey|100/100|[from] item: Leftovers
|upkeep
|turn|14
|
|t:|1758239577
|move|p2a: Blissey|Seismic Toss|p1a: Corviknight
|-damage|p1a: Corviknight|75/100 par
|move|p1a: Corviknight|Iron Defense|p1a: Corviknight
|-boost|p1a: Corviknight|def|2
|
|-weather|SunnyDay|[upkeep]
|upkeep
|turn|15
|
|t:|1758239585
|-terastallize|p2a: Blissey|Ghost
|move|p2a: Blissey|Seismic Toss|p1a: Corviknight
|-damage|p1a: Corviknight|50/100 par
|move|p1a: Corviknight|Iron Defense|p1a: Corviknight
|-boost|p1a: Corviknight|def|2
|
|-weather|none
|upkeep
|turn|16
|
|t:|1758239595
|move|p2a: Blissey|Seismic Toss|p1a: Corviknight
|-damage|p1a: Corviknight|25/100 par
|move|p1a: Corviknight|Defog|p2a: Blissey
|-unboost|p2a: Blissey|evasion|1
|-sideend|p1: 20020129zwh|Stealth Rock|[from] move: Defog|[of] p1a: Corviknight
|
|upkeep
|turn|17
|
|t:|1758239603
|move|p2a: Blissey|Seismic Toss|p1a: Corviknight
|-damage|p1a: Corviknight|0 fnt
|faint|p1a: Corviknight
|
|upkeep
|
|t:|1758239610
|switch|p1a: Great Tusk|Great Tusk|100/100
|turn|18
|
|t:|1758239615
|switch|p2a: Weezing|Weezing-Galar, F|99/100
|move|p1a: Great Tusk|Bulk Up|p1a: Great Tusk
|-boost|p1a: Great Tusk|atk|1
|-boost|p1a: Great Tusk|def|1
|
|-heal|p2a: Weezing|100/100|[from] item: Black Sludge
|upkeep
|turn|19
|
|t:|1758239637
|move|p1a: Great Tusk|Ice Spinner|p2a: Weezing
|-damage|p2a: Weezing|57/100
|move|p2a: Weezing|Will-O-Wisp|p1a: Great Tusk
|-status|p1a: Great Tusk|brn
|
|-heal|p2a: Weezing|63/100|[from] item: Black Sludge
|-damage|p1a: Great Tusk|94/100 brn|[from] brn
|upkeep
|turn|20
|
|t:|1758239650
|-end|p1a: Great Tusk|Protosynthesis|[silent]
|switch|p1a: Torkoal|Torkoal, M|59/100
|-weather|SunnyDay|[from] ability: Drought|[of] p1a: Torkoal
|move|p2a: Weezing|Pain Split|p1a: Torkoal
|-sethp|p1a: Torkoal|60/100|[from] move: Pain Split|[silent]
|-sethp|p2a: Weezing|62/100|[from] move: Pain Split
|
|-weather|SunnyDay|[upkeep]
|-heal|p2a: Weezing|68/100|[from] item: Black Sludge
|upkeep
|turn|21
|
|t:|1758239661
|switch|p2a: Blissey|Blissey, F, tera:Ghost|100/100
|move|p1a: Torkoal|Stealth Rock|p2a: Blissey
|-sidestart|p2: Excelio21|move: Stealth Rock
|
|-weather|SunnyDay|[upkeep]
|upkeep
|turn|22
|
|t:|1758239671
|switch|p1a: Great Tusk|Great Tusk|94/100 brn
|-activate|p1a: Great Tusk|ability: Protosynthesis
|-start|p1a: Great Tusk|protosynthesisatk
|move|p2a: Blissey|Stealth Rock|p1a: Great Tusk
|-sidestart|p1: 20020129zwh|move: Stealth Rock
|
|-weather|SunnyDay|[upkeep]
|-heal|p1a: Great Tusk|100/100 brn|[from] item: Leftovers
|-damage|p1a: Great Tusk|94/100 brn|[from] brn
|upkeep
|turn|23
|
|t:|1758239683
|move|p1a: Great Tusk|Bulk Up|p1a: Great Tusk
|-boost|p1a: Great Tusk|atk|1
|-boost|p1a: Great Tusk|def|1
|move|p2a: Blissey|Seismic Toss|p1a: Great Tusk
|-damage|p1a: Great Tusk|67/100 brn
|
|-weather|SunnyDay|[upkeep]
|-heal|p1a: Great Tusk|74/100 brn|[from] item: Leftovers
|-damage|p1a: Great Tusk|67/100 brn|[from] brn
|upkeep
|turn|24
|
|t:|1758239694
|move|p1a: Great Tusk|Headlong Rush|p2a: Blissey
|-damage|p2a: Blissey|39/100
|-unboost|p1a: Great Tusk|def|1
|-unboost|p1a: Great Tusk|spd|1
|move|p2a: Blissey|Seismic Toss|p1a: Great Tusk
|-damage|p1a: Great Tusk|40/100 brn
|
|-weather|none
|-end|p1a: Great Tusk|Protosynthesis
|-heal|p1a: Great Tusk|47/100 brn|[from] item: Leftovers
|-heal|p2a: Blissey|45/100|[from] item: Leftovers
|-damage|p1a: Great Tusk|40/100 brn|[from] brn
|upkeep
|turn|25
|
|t:|1758239706
|move|p1a: Great Tusk|Headlong Rush|p2a: Blissey
|-damage|p2a: Blissey|1/100
|-unboost|p1a: Great Tusk|def|1
|-unboost|p1a: Great Tusk|spd|1
|move|p2a: Blissey|Soft-Boiled|p2a: Blissey
|-heal|p2a: Blissey|51/100
|
|-heal|p1a: Great Tusk|47/100 brn|[from] item: Leftovers
|-heal|p2a: Blissey|57/100|[from] item: Leftovers
|-damage|p1a: Great Tusk|40/100 brn|[from] brn
|upkeep
|turn|26
|
|t:|1758239719
|move|p1a: Great Tusk|Bulk Up|p1a: Great Tusk
|-boost|p1a: Great Tusk|atk|1
|-boost|p1a: Great Tusk|def|1
|move|p2a: Blissey|Soft-Boiled|p2a: Blissey
|-heal|p2a: Blissey|100/100
|
|-heal|p1a: Great Tusk|47/100 brn|[from] item: Leftovers
|-damage|p1a: Great Tusk|40/100 brn|[from] brn
|upkeep
|turn|27
|
|t:|1758239729
|move|p1a: Great Tusk|Bulk Up|p1a: Great Tusk
|-boost|p1a: Great Tusk|atk|1
|-boost|p1a: Great Tusk|def|1
|move|p2a: Blissey|Seismic Toss|p1a: Great Tusk
|-damage|p1a: Great Tusk|13/100 brn
|
|-heal|p1a: Great Tusk|20/100 brn|[from] item: Leftovers
|-damage|p1a: Great Tusk|13/100 brn|[from] brn
|upkeep
|turn|28
|
|t:|1758239743
|switch|p2a: Weezing|Weezing-Galar, F|68/100
|-damage|p2a: Weezing|55/100|[from] Stealth Rock
|move|p1a: Great Tusk|Headlong Rush|p2a: Weezing
|-immune|p2a: Weezing|[from] ability: Levitate
|
|-heal|p1a: Great Tusk|20/100 brn|[from] item: Leftovers
|-heal|p2a: Weezing|61/100|[from] item: Black Sludge
|-damage|p1a: Great Tusk|13/100 brn|[from] brn
|upkeep
|turn|29
|
|t:|1758239755
|move|p1a: Great Tusk|Ice Spinner|p2a: Weezing
|-damage|p2a: Weezing|29/100
|move|p2a: Weezing|Sludge Wave|p1a: Great Tusk
|-resisted|p1a: Great Tusk
|-damage|p1a: Great Tusk|0 fnt
|faint|p1a: Great Tusk
|-end|p1a: Great Tusk|Protosynthesis|[silent]
|
|-heal|p2a: Weezing|35/100|[from] item: Black Sludge
|upkeep
|
|t:|1758239765
|switch|p1a: Raging Bolt|Raging Bolt|100/100
|-damage|p1a: Raging Bolt|88/100|[from] Stealth Rock
|turn|30
|
|t:|1758239773
|move|p1a: Raging Bolt|Volt Switch|p2a: Weezing
|-damage|p2a: Weezing|0 fnt
|faint|p2a: Weezing
|
|t:|1758239780
|-end|p1a: Raging Bolt|Protosynthesis|[silent]
|switch|p1a: Torkoal|Torkoal, M|60/100|[from] Volt Switch
|-damage|p1a: Torkoal|35/100|[from] Stealth Rock
|-weather|SunnyDay|[from] ability: Drought|[of] p1a: Torkoal
|
|-weather|SunnyDay|[upkeep]
|upkeep
|
|t:|1758239783
|switch|p2a: Blissey|Blissey, F, tera:Ghost|100/100
|-damage|p2a: Blissey|88/100|[from] Stealth Rock
|turn|31
|
|t:|1758239793
|move|p2a: Blissey|Seismic Toss|p1a: Torkoal
|-damage|p1a: Torkoal|6/100
|move|p1a: Torkoal|Rapid Spin|p2a: Blissey
|-immune|p2a: Blissey
|
|-weather|SunnyDay|[upkeep]
|-heal|p2a: Blissey|94/100|[from] item: Leftovers
|upkeep
|turn|32
|
|t:|1758239820
|move|p2a: Blissey|Seismic Toss|p1a: Torkoal
|-damage|p1a: Torkoal|0 fnt
|faint|p1a: Torkoal
|
|-weather|SunnyDay|[upkeep]
|-heal|p2a: Blissey|99/100|[from] item: Leftovers
|upkeep
|
|t:|1758239827
|switch|p1a: Raging Bolt|Raging Bolt|88/100
|-damage|p1a: Raging Bolt|75/100|[from] Stealth Rock
|-activate|p1a: Raging Bolt|ability: Protosynthesis
|-start|p1a: Raging Bolt|protosynthesisspa
|turn|33
|
|t:|1758239852
|move|p1a: Raging Bolt|Weather Ball|p2a: Blissey
|-damage|p2a: Blissey|73/100
|move|p2a: Blissey|Soft-Boiled|p2a: Blissey
|-heal|p2a: Blissey|100/100
|
|-weather|SunnyDay|[upkeep]
|upkeep
|turn|34
|
|t:|1758239862
|move|p1a: Raging Bolt|Volt Switch|p2a: Blissey
|-damage|p2a: Blissey|81/100
|move|p2a: Blissey|Seismic Toss|p1a: Raging Bolt
|-damage|p1a: Raging Bolt|50/100
|
|-weather|none
|-end|p1a: Raging Bolt|Protosynthesis
|-heal|p2a: Blissey|87/100|[from] item: Leftovers
|upkeep
|turn|35
|-message|20020129zwh forfeited.
|
|win|Excelio21
|raw|20020129zwh's rating: 1376 &rarr; <strong>1361</strong><br />(-15 for losing)
|raw|Excelio21's rating: 1458 &rarr; <strong>1473</strong><br />(+15 for winning)
|l|☆20020129zwh
|player|p1|
