|j|☆Rodri1x
|j|☆rockdrigox666
|t:|1758349340
|gametype|singles
|player|p1|Rodri1x|1|1114
|player|p2|rockdrigox666|102|1110
|gen|9
|tier|[Gen 9] OU
|rated|
|rule|HP Percentage Mod: HP is shown in percentages
|rule|Endless Battle Clause: Forcing endless battles is banned
|rule|Species Clause: Limit one of each Pokémon
|rule|OHKO Clause: OHKO moves are banned
|rule|Evasion Items Clause: Evasion items are banned
|rule|Evasion Moves Clause: Evasion moves are banned
|rule|Evasion Abilities Clause: Evasion abilities are banned
|rule|Sleep Moves Clause: Sleep-inducing moves are banned
|clearpoke
|poke|p1|Zoroark-Hisui, F|
|poke|p1|Coalossal, M|
|poke|p1|Wo-Chien|
|poke|p1|Kommo-o, F|
|poke|p1|Feraligatr, F|
|poke|p1|Sandy Shocks|
|poke|p2|Weavile, F|
|poke|p2|Garchomp, M|
|poke|p2|Typhlosion, F|
|poke|p2|Tyranitar, F|
|poke|p2|Raging Bolt|
|poke|p2|Orthworm, M|
|teampreview
|inactive|Battle timer is ON: inactive players will automatically lose when time's up. (requested by rockdrigox666)
|inactive|Rodri1x has 120 seconds left.
|
|t:|1758349382
|teamsize|p1|6
|teamsize|p2|6
|start
|switch|p1a: Coalossal|Coalossal, M|100/100
|switch|p2a: Garchomp|Garchomp, M|100/100
|turn|1
|
|t:|1758349396
|move|p2a: Garchomp|Stealth Rock|p1a: Coalossal
|-sidestart|p1: Rodri1x|move: Stealth Rock
|move|p1a: Coalossal|Scald|p2a: Garchomp
|-damage|p2a: Garchomp|86/100
|
|upkeep
|turn|2
|
|t:|1758349401
|move|p1a: Coalossal|Scald|p2a: Garchomp
|-damage|p2a: Garchomp|71/100
|-status|p2a: Garchomp|brn
|move|p2a: Garchomp|Dragon Tail|p1a: Coalossal
|-crit|p1a: Coalossal
|-damage|p1a: Coalossal|91/100
|-damage|p2a: Garchomp|54/100 brn|[from] item: Rocky Helmet|[of] p1a: Coalossal
|drag|p1a: Wo-Chien|Wo-Chien|100/100
|-damage|p1a: Wo-Chien|88/100|[from] Stealth Rock
|
|-damage|p2a: Garchomp|48/100 brn|[from] brn
|upkeep
|turn|3
|
|t:|1758349430
|switch|p1a: Coalossal|Coalossal, M|91/100
|-damage|p1a: Coalossal|66/100|[from] Stealth Rock
|move|p2a: Garchomp|Flamethrower|p1a: Coalossal
|-resisted|p1a: Coalossal
|-damage|p1a: Coalossal|62/100
|
|-damage|p2a: Garchomp|42/100 brn|[from] brn
|upkeep
|turn|4
|inactive|Rodri1x has 120 seconds left.
|
|t:|1758349448
|move|p2a: Garchomp|Stealth Rock||[still]
|-fail|p2a: Garchomp
|move|p1a: Coalossal|Stealth Rock|p2a: Garchomp
|-sidestart|p2: rockdrigox666|move: Stealth Rock
|
|-damage|p2a: Garchomp|36/100 brn|[from] brn
|upkeep
|turn|5
|inactive|Rodri1x has 120 seconds left.
|
|t:|1758349459
|move|p2a: Garchomp|Spikes|p1a: Coalossal
|-sidestart|p1: Rodri1x|Spikes
|move|p1a: Coalossal|Scald|p2a: Garchomp
|-damage|p2a: Garchomp|22/100 brn
|
|-damage|p2a: Garchomp|16/100 brn|[from] brn
|upkeep
|turn|6
|
|t:|1758349468
|move|p2a: Garchomp|Spikes|p1a: Coalossal
|-sidestart|p1: Rodri1x|Spikes
|move|p1a: Coalossal|Scald|p2a: Garchomp
|-damage|p2a: Garchomp|2/100 brn
|
|-damage|p2a: Garchomp|0 fnt|[from] brn
|faint|p2a: Garchomp
|upkeep
|
|t:|1758349476
|switch|p2a: Tyranitar|Tyranitar, F|100/100
|-damage|p2a: Tyranitar|88/100|[from] Stealth Rock
|-weather|Sandstorm|[from] ability: Sand Stream|[of] p2a: Tyranitar
|turn|7
|
|t:|1758349482
|move|p2a: Tyranitar|Earthquake|p1a: Coalossal
|-supereffective|p1a: Coalossal
|-damage|p1a: Coalossal|0 fnt
|faint|p1a: Coalossal
|
|-weather|Sandstorm|[upkeep]
|upkeep
|inactive|Rodri1x has 120 seconds left.
|
|t:|1758349509
|switch|p1a: Feraligatr|Feraligatr, F|100/100
|-damage|p1a: Feraligatr|88/100|[from] Stealth Rock
|-damage|p1a: Feraligatr|71/100|[from] Spikes
|turn|8
|
|t:|1758349515
|move|p1a: Feraligatr|Dragon Dance|p1a: Feraligatr
|-boost|p1a: Feraligatr|atk|1
|-boost|p1a: Feraligatr|spe|1
|move|p2a: Tyranitar|Crunch|p1a: Feraligatr
|-damage|p1a: Feraligatr|23/100
|-unboost|p1a: Feraligatr|def|1
|
|-weather|Sandstorm|[upkeep]
|-damage|p1a: Feraligatr|17/100|[from] Sandstorm
|upkeep
|turn|9
|inactive|Rodri1x has 120 seconds left.
|
|t:|1758349533
|move|p1a: Feraligatr|Liquidation|p2a: Tyranitar
|-supereffective|p2a: Tyranitar
|-damage|p2a: Tyranitar|0 fnt
|faint|p2a: Tyranitar
|
|-weather|Sandstorm|[upkeep]
|-damage|p1a: Feraligatr|11/100|[from] Sandstorm
|upkeep
|
|t:|1758349544
|switch|p2a: Orthworm|Orthworm, M|100/100
|-damage|p2a: Orthworm|94/100|[from] Stealth Rock
|turn|10
|
|t:|1758349554
|-terastallize|p2a: Orthworm|Electric
|move|p1a: Feraligatr|Liquidation|p2a: Orthworm
|-damage|p2a: Orthworm|32/100
|move|p2a: Orthworm|Body Press|p1a: Feraligatr
|-crit|p1a: Feraligatr
|-damage|p1a: Feraligatr|0 fnt
|faint|p1a: Feraligatr
|
|-weather|Sandstorm|[upkeep]
|-damage|p2a: Orthworm|26/100|[from] Sandstorm
|-heal|p2a: Orthworm|32/100|[from] item: Leftovers
|upkeep
|inactive|Rodri1x has 120 seconds left.
|
|t:|1758349572
|switch|p1a: Wo-Chien|Wo-Chien|88/100
|-damage|p1a: Wo-Chien|76/100|[from] Stealth Rock
|-damage|p1a: Wo-Chien|59/100|[from] Spikes
|turn|11
|
|t:|1758349577
|move|p1a: Wo-Chien|Trick|p2a: Orthworm
|-activate|p1a: Wo-Chien|move: Trick|[of] p2a: Orthworm
|-item|p2a: Orthworm|Choice Specs|[from] move: Trick
|-item|p1a: Wo-Chien|Leftovers|[from] move: Trick
|move|p2a: Orthworm|Rest|p2a: Orthworm
|-status|p2a: Orthworm|slp|[from] move: Rest
|-heal|p2a: Orthworm|100/100 slp|[silent]
|
|-weather|none
|-heal|p1a: Wo-Chien|65/100|[from] item: Leftovers
|upkeep
|turn|12
|
|t:|1758349585
|switch|p2a: Weavile|Weavile, F|100/100
|-damage|p2a: Weavile|76/100|[from] Stealth Rock
|move|p1a: Wo-Chien|Nasty Plot|p1a: Wo-Chien
|-boost|p1a: Wo-Chien|spa|2
|
|-heal|p1a: Wo-Chien|71/100|[from] item: Leftovers
|upkeep
|turn|13
|
|t:|1758349591
|move|p2a: Weavile|Ice Spinner|p1a: Wo-Chien
|-damage|p1a: Wo-Chien|0 fnt
|replace|p1a: Zoroark|Zoroark-Hisui, F
|-end|p1a: Zoroark|Illusion
|faint|p1a: Zoroark
|-damage|p2a: Weavile|66/100|[from] item: Life Orb
|
|upkeep
|
|t:|1758349602
|switch|p1a: Sandy Shocks|Sandy Shocks|100/100
|-damage|p1a: Sandy Shocks|94/100|[from] Stealth Rock
|-damage|p1a: Sandy Shocks|78/100|[from] Spikes
|turn|14
|
|t:|1758349606
|move|p1a: Sandy Shocks|Earth Power|p2a: Weavile
|-damage|p2a: Weavile|0 fnt
|faint|p2a: Weavile
|
|upkeep
|
|t:|1758349612
|switch|p2a: Orthworm|Orthworm, M, tera:Electric|100/100 slp
|-damage|p2a: Orthworm|88/100 slp|[from] Stealth Rock
|turn|15
|
|t:|1758349615
|move|p1a: Sandy Shocks|Earth Power|p2a: Orthworm
|-heal|p2a: Orthworm|100/100 slp|[from] ability: Earth Eater|[of] p1a: Sandy Shocks
|cant|p2a: Orthworm|slp
|
|upkeep
|turn|16
|
|t:|1758349627
|-end|p1a: Sandy Shocks|Protosynthesis|[silent]
|switch|p1a: Wo-Chien|Wo-Chien|100/100
|-damage|p1a: Wo-Chien|88/100|[from] Stealth Rock
|-damage|p1a: Wo-Chien|72/100|[from] Spikes
|-ability|p1a: Wo-Chien|Tablets of Ruin
|cant|p2a: Orthworm|slp
|
|-heal|p1a: Wo-Chien|78/100|[from] item: Leftovers
|upkeep
|turn|17
|
|t:|1758349635
|move|p1a: Wo-Chien|Ruination|p2a: Orthworm
|-damage|p2a: Orthworm|50/100 slp
|-curestatus|p2a: Orthworm|slp|[msg]
|move|p2a: Orthworm|Body Press|p1a: Wo-Chien
|-supereffective|p1a: Wo-Chien
|-damage|p1a: Wo-Chien|39/100
|
|-heal|p1a: Wo-Chien|45/100|[from] item: Leftovers
|upkeep
|turn|18
|
|t:|1758349643
|move|p1a: Wo-Chien|Leech Seed|p2a: Orthworm
|-start|p2a: Orthworm|move: Leech Seed
|move|p2a: Orthworm|Body Press|p1a: Wo-Chien
|-supereffective|p1a: Wo-Chien
|-damage|p1a: Wo-Chien|9/100
|
|-heal|p1a: Wo-Chien|15/100|[from] item: Leftovers
|-damage|p2a: Orthworm|38/100|[from] Leech Seed|[of] p1a: Wo-Chien
|-heal|p1a: Wo-Chien|29/100|[silent]
|upkeep
|turn|19
|
|t:|1758349661
|switch|p1a: Kommo-o|Kommo-o, F|100/100
|-damage|p1a: Kommo-o|94/100|[from] Stealth Rock
|-damage|p1a: Kommo-o|78/100|[from] Spikes
|move|p2a: Orthworm|Body Press|p1a: Kommo-o
|-damage|p1a: Kommo-o|49/100
|
|-damage|p2a: Orthworm|25/100|[from] Leech Seed|[of] p1a: Kommo-o
|-heal|p1a: Kommo-o|64/100|[silent]
|upkeep
|turn|20
|
|t:|1758349670
|switch|p2a: Raging Bolt|Raging Bolt|100/100
|-damage|p2a: Raging Bolt|88/100|[from] Stealth Rock
|-enditem|p2a: Raging Bolt|Booster Energy
|-activate|p2a: Raging Bolt|ability: Protosynthesis|[fromitem]
|-start|p2a: Raging Bolt|protosynthesisspa
|move|p1a: Kommo-o|Dragon Dance|p1a: Kommo-o
|-boost|p1a: Kommo-o|atk|1
|-boost|p1a: Kommo-o|spe|1
|
|upkeep
|turn|21
|
|t:|1758349681
|move|p2a: Raging Bolt|Thunderclap|p1a: Kommo-o
|-resisted|p1a: Kommo-o
|-damage|p1a: Kommo-o|35/100
|move|p1a: Kommo-o|Close Combat|p2a: Raging Bolt
|-damage|p2a: Raging Bolt|23/100
|-unboost|p1a: Kommo-o|def|1
|-unboost|p1a: Kommo-o|spd|1
|
|upkeep
|turn|22
|
|t:|1758349691
|move|p2a: Raging Bolt|Thunderclap|p1a: Kommo-o
|-resisted|p1a: Kommo-o
|-damage|p1a: Kommo-o|0 fnt
|faint|p1a: Kommo-o
|
|upkeep
|
|t:|1758349700
|switch|p1a: Wo-Chien|Wo-Chien|29/100
|-damage|p1a: Wo-Chien|17/100|[from] Stealth Rock
|-damage|p1a: Wo-Chien|0 fnt|[from] Spikes
|faint|p1a: Wo-Chien
|
|t:|1758349702
|switch|p1a: Sandy Shocks|Sandy Shocks|78/100
|-damage|p1a: Sandy Shocks|72/100|[from] Stealth Rock
|-damage|p1a: Sandy Shocks|55/100|[from] Spikes
|turn|23
|
|t:|1758349708
|move|p1a: Sandy Shocks|Power Gem|p2a: Raging Bolt
|-damage|p2a: Raging Bolt|2/100
|move|p2a: Raging Bolt|Draco Meteor|p1a: Sandy Shocks
|-damage|p1a: Sandy Shocks|0 fnt
|-unboost|p2a: Raging Bolt|spa|2
|faint|p1a: Sandy Shocks
|-end|p1a: Sandy Shocks|Protosynthesis|[silent]
|
|win|rockdrigox666
|raw|Rodri1x's rating: 1114 &rarr; <strong>1089</strong><br />(-25 for losing)
|raw|rockdrigox666's rating: 1110 &rarr; <strong>1135</strong><br />(+25 for winning)
|l|☆Rodri1x
|player|p1|
|l|☆rockdrigox666
|player|p2|
