|j|☆Sauronikov
|j|☆Ayayalaptop
|t:|1758293681
|gametype|singles
|player|p1|Sauronikov|265|1332
|player|p2|Ayayalaptop|266|1341
|gen|9
|tier|[Gen 9] OU
|rated|
|rule|HP Percentage Mod: HP is shown in percentages
|rule|Endless Battle Clause: Forcing endless battles is banned
|rule|Species Clause: Limit one of each Pokémon
|rule|OHKO Clause: OHKO moves are banned
|rule|Evasion Items Clause: Evasion items are banned
|rule|Evasion Moves Clause: Evasion moves are banned
|rule|Evasion Abilities Clause: Evasion abilities are banned
|rule|Sleep Moves Clause: Sleep-inducing moves are banned
|clearpoke
|poke|p1|Grimmsnarl, M|
|poke|p1|Rhyperior, F|
|poke|p1|Revavroom, M|
|poke|p1|Entei|
|poke|p1|Raikou|
|poke|p1|Suicune|
|poke|p2|Jirachi|
|poke|p2|Landorus-Therian, M|
|poke|p2|Glimmora, F|
|poke|p2|Incineroar, F|
|poke|p2|Ogerpon, F|
|poke|p2|Indeedee, M|
|teampreview
|inactive|Battle timer is ON: inactive players will automatically lose when time's up. (requested by Ayayalaptop)
|
|t:|1758293700
|teamsize|p1|6
|teamsize|p2|6
|start
|switch|p1a: Grimmsnarl|Grimmsnarl, M|100/100
|switch|p2a: Glimmora|Glimmora, F|100/100
|turn|1
|
|t:|1758293704
|move|p1a: Grimmsnarl|Taunt|p2a: Glimmora
|-start|p2a: Glimmora|move: Taunt
|cant|p2a: Glimmora|move: Taunt|Spikes
|
|upkeep
|turn|2
|
|t:|1758293709
|move|p1a: Grimmsnarl|Light Screen|p1a: Grimmsnarl
|-sidestart|p1: Sauronikov|move: Light Screen
|move|p2a: Glimmora|Mortal Spin|p1a: Grimmsnarl
|-supereffective|p1a: Grimmsnarl
|-crit|p1a: Grimmsnarl
|-damage|p1a: Grimmsnarl|83/100
|-status|p1a: Grimmsnarl|psn
|
|-damage|p1a: Grimmsnarl|71/100 psn|[from] psn
|upkeep
|turn|3
|
|t:|1758293714
|switch|p2a: Jirachi|Jirachi|100/100
|move|p1a: Grimmsnarl|Parting Shot|p2a: Jirachi
|-unboost|p2a: Jirachi|atk|1
|-unboost|p2a: Jirachi|spa|1
|
|t:|1758293718
|switch|p1a: Revavroom|Revavroom, M|100/100|[from] Parting Shot
|
|upkeep
|turn|4
|
|t:|1758293725
|move|p2a: Jirachi|Wish|p2a: Jirachi
|move|p1a: Revavroom|Shift Gear|p1a: Revavroom
|-boost|p1a: Revavroom|spe|2
|-boost|p1a: Revavroom|atk|1
|
|upkeep
|turn|5
|
|t:|1758293730
|move|p1a: Revavroom|Shift Gear|p1a: Revavroom
|-boost|p1a: Revavroom|spe|2
|-boost|p1a: Revavroom|atk|1
|move|p2a: Jirachi|Psychic Noise|p1a: Revavroom
|-damage|p1a: Revavroom|84/100
|-start|p1a: Revavroom|move: Heal Block
|
|upkeep
|turn|6
|
|t:|1758293736
|switch|p2a: Incineroar|Incineroar, F|100/100
|-ability|p2a: Incineroar|Intimidate|boost
|-unboost|p1a: Revavroom|atk|1
|move|p1a: Revavroom|High Horsepower|p2a: Incineroar
|-supereffective|p2a: Incineroar
|-damage|p2a: Incineroar|35/100
|
|-end|p1a: Revavroom|move: Heal Block
|upkeep
|turn|7
|
|t:|1758293742
|switch|p2a: Landorus|Landorus-Therian, M|100/100
|-ability|p2a: Landorus|Intimidate|boost
|-unboost|p1a: Revavroom|atk|1
|move|p1a: Revavroom|High Horsepower|p2a: Landorus
|-immune|p2a: Landorus
|
|upkeep
|turn|8
|
|t:|1758293745
|switch|p1a: Rhyperior|Rhyperior, F, shiny|100/100
|move|p2a: Landorus|Earthquake|p1a: Rhyperior
|-supereffective|p1a: Rhyperior
|-damage|p1a: Rhyperior|6/100
|-enditem|p1a: Rhyperior|Weakness Policy
|-boost|p1a: Rhyperior|atk|2|[from] item: Weakness Policy
|-boost|p1a: Rhyperior|spa|2|[from] item: Weakness Policy
|
|upkeep
|turn|9
|
|t:|1758293754
|move|p2a: Landorus|Earthquake|p1a: Rhyperior
|-supereffective|p1a: Rhyperior
|-damage|p1a: Rhyperior|0 fnt
|faint|p1a: Rhyperior
|
|-sideend|p1: Sauronikov|move: Light Screen
|upkeep
|
|t:|1758293755
|switch|p1a: Grimmsnarl|Grimmsnarl, M|71/100 psn
|turn|10
|
|t:|1758293760
|switch|p2a: Jirachi|Jirachi|100/100
|move|p1a: Grimmsnarl|Reflect|p1a: Grimmsnarl
|-sidestart|p1: Sauronikov|Reflect
|
|-damage|p1a: Grimmsnarl|58/100 psn|[from] psn
|upkeep
|turn|11
|
|t:|1758293766
|move|p1a: Grimmsnarl|Taunt|p2a: Jirachi
|-start|p2a: Jirachi|move: Taunt
|cant|p2a: Jirachi|move: Taunt|Stealth Rock
|
|-damage|p1a: Grimmsnarl|46/100 psn|[from] psn
|upkeep
|turn|12
|
|t:|1758293777
|move|p1a: Grimmsnarl|Light Screen|p1a: Grimmsnarl
|-sidestart|p1: Sauronikov|move: Light Screen
|move|p2a: Jirachi|Doom Desire|p1a: Grimmsnarl
|-start|p2a: Jirachi|Doom Desire
|
|-damage|p1a: Grimmsnarl|33/100 psn|[from] psn
|upkeep
|turn|13
|
|t:|1758293789
|move|p1a: Grimmsnarl|Parting Shot|p2a: Jirachi
|-unboost|p2a: Jirachi|atk|1
|-unboost|p2a: Jirachi|spa|1
|
|t:|1758293793
|switch|p1a: Entei|Entei, shiny|100/100|[from] Parting Shot
|move|p2a: Jirachi|Psychic Noise|p1a: Entei
|-damage|p1a: Entei|89/100
|-start|p1a: Entei|move: Heal Block
|
|-end|p2a: Jirachi|move: Taunt
|upkeep
|turn|14
|
|t:|1758293811
|switch|p2a: Glimmora|Glimmora, F|100/100
|move|p1a: Entei|Agility|p1a: Entei
|-boost|p1a: Entei|spe|2
|
|-end|p1a: Entei|move: Doom Desire
|-resisted|p1a: Entei
|-damage|p1a: Entei|72/100
|-end|p1a: Entei|move: Heal Block
|upkeep
|turn|15
|
|t:|1758293819
|move|p1a: Entei|Stomping Tantrum|p2a: Glimmora
|-supereffective|p2a: Glimmora
|-damage|p2a: Glimmora|26/100
|-activate|p2a: Glimmora|ability: Toxic Debris
|-sidestart|p1: Sauronikov|move: Toxic Spikes
|move|p2a: Glimmora|Mortal Spin|p1a: Entei
|-damage|p1a: Entei|69/100
|-status|p1a: Entei|psn
|
|-heal|p2a: Glimmora|32/100|[from] item: Black Sludge
|-damage|p1a: Entei|57/100 psn|[from] psn
|upkeep
|turn|16
|
|t:|1758293824
|move|p2a: Glimmora|Spiky Shield|p2a: Glimmora
|-singleturn|p2a: Glimmora|move: Protect
|move|p1a: Entei|Sacred Fire|p2a: Glimmora
|-activate|p2a: Glimmora|move: Protect
|
|-heal|p2a: Glimmora|38/100|[from] item: Black Sludge
|-damage|p1a: Entei|44/100 psn|[from] psn
|upkeep
|turn|17
|
|t:|1758293842
|switch|p2a: Incineroar|Incineroar, F|35/100
|-ability|p2a: Incineroar|Intimidate|boost
|-fail|p1a: Entei|unboost|Attack|[from] ability: Inner Focus|[of] p1a: Entei
|move|p1a: Entei|Sacred Fire|p2a: Incineroar
|-resisted|p2a: Incineroar
|-damage|p2a: Incineroar|19/100
|
|-damage|p1a: Entei|32/100 psn|[from] psn
|-sideend|p1: Sauronikov|Reflect
|upkeep
|turn|18
|
|t:|1758293852
|switch|p2a: Indeedee|Indeedee, M|100/100
|-fieldstart|move: Psychic Terrain|[from] ability: Psychic Surge|[of] p2a: Indeedee
|move|p1a: Entei|Sacred Fire|p2a: Indeedee
|-damage|p2a: Indeedee|0 fnt
|faint|p2a: Indeedee
|
|-damage|p1a: Entei|19/100 psn|[from] psn
|upkeep
|
|t:|1758293864
|switch|p2a: Incineroar|Incineroar, F|19/100
|-ability|p2a: Incineroar|Intimidate|boost
|-fail|p1a: Entei|unboost|Attack|[from] ability: Inner Focus|[of] p1a: Entei
|turn|19
|
|t:|1758293870
|move|p1a: Entei|Stomping Tantrum|p2a: Incineroar
|-supereffective|p2a: Incineroar
|-damage|p2a: Incineroar|0 fnt
|faint|p2a: Incineroar
|
|-damage|p1a: Entei|7/100 psn|[from] psn
|-sideend|p1: Sauronikov|move: Light Screen
|upkeep
|
|t:|1758293876
|switch|p2a: Glimmora|Glimmora, F|38/100
|turn|20
|
|t:|1758293879
|move|p2a: Glimmora|Spiky Shield|p2a: Glimmora
|-singleturn|p2a: Glimmora|move: Protect
|move|p1a: Entei|Sacred Fire|p2a: Glimmora
|-activate|p2a: Glimmora|move: Protect
|
|-heal|p2a: Glimmora|45/100|[from] item: Black Sludge
|-damage|p1a: Entei|0 fnt|[from] psn
|faint|p1a: Entei
|upkeep
|
|t:|1758293881
|switch|p1a: Revavroom|Revavroom, M|84/100
|-sideend|p1: Sauronikov|move: Toxic Spikes|[of] p1a: Revavroom
|turn|21
|
|t:|1758293886
|move|p1a: Revavroom|Shift Gear|p1a: Revavroom
|-boost|p1a: Revavroom|spe|2
|-boost|p1a: Revavroom|atk|1
|move|p2a: Glimmora|Spikes|p1a: Revavroom
|-sidestart|p1: Sauronikov|Spikes
|
|-heal|p2a: Glimmora|51/100|[from] item: Black Sludge
|upkeep
|turn|22
|
|t:|1758293890
|switch|p2a: Landorus|Landorus-Therian, M|100/100
|-ability|p2a: Landorus|Intimidate|boost
|-unboost|p1a: Revavroom|atk|1
|move|p1a: Revavroom|Shift Gear|p1a: Revavroom
|-boost|p1a: Revavroom|spe|2
|-boost|p1a: Revavroom|atk|1
|
|-fieldend|move: Psychic Terrain
|upkeep
|turn|23
|
|t:|1758293895
|-terastallize|p1a: Revavroom|Ground
|move|p1a: Revavroom|Temper Flare|p2a: Landorus
|-damage|p2a: Landorus|57/100
|move|p2a: Landorus|Earthquake|p1a: Revavroom
|-damage|p1a: Revavroom|0 fnt
|faint|p1a: Revavroom
|
|upkeep
|
|t:|1758293908
|switch|p1a: Suicune|Suicune, shiny|100/100
|-damage|p1a: Suicune|88/100|[from] Spikes
|turn|24
|
|t:|1758293913
|switch|p2a: Ogerpon|Ogerpon, F|100/100
|move|p1a: Suicune|Agility|p1a: Suicune
|-boost|p1a: Suicune|spe|2
|
|upkeep
|turn|25
|
|t:|1758293918
|move|p1a: Suicune|Air Slash|p2a: Ogerpon
|-supereffective|p2a: Ogerpon
|-damage|p2a: Ogerpon|55/100
|move|p2a: Ogerpon|Ivy Cudgel|p1a: Suicune
|-supereffective|p1a: Suicune
|-damage|p1a: Suicune|6/100
|-enditem|p1a: Suicune|Weakness Policy
|-boost|p1a: Suicune|atk|2|[from] item: Weakness Policy
|-boost|p1a: Suicune|spa|2|[from] item: Weakness Policy
|
|upkeep
|turn|26
|
|t:|1758293934
|move|p1a: Suicune|Ice Beam|p2a: Ogerpon
|-supereffective|p2a: Ogerpon
|-damage|p2a: Ogerpon|0 fnt
|faint|p2a: Ogerpon
|
|upkeep
|
|t:|1758293937
|switch|p2a: Jirachi|Jirachi|100/100
|turn|27
|
|t:|1758293940
|move|p1a: Suicune|Scald|p2a: Jirachi
|-damage|p2a: Jirachi|47/100
|-status|p2a: Jirachi|brn
|move|p2a: Jirachi|Psychic Noise|p1a: Suicune
|-damage|p1a: Suicune|0 fnt
|faint|p1a: Suicune
|
|-heal|p2a: Jirachi|53/100 brn|[from] item: Leftovers
|-damage|p2a: Jirachi|47/100 brn|[from] brn
|upkeep
|
|t:|1758293949
|switch|p1a: Grimmsnarl|Grimmsnarl, M|33/100 psn
|-damage|p1a: Grimmsnarl|21/100 psn|[from] Spikes
|turn|28
|
|t:|1758293952
|move|p1a: Grimmsnarl|Reflect|p1a: Grimmsnarl
|-sidestart|p1: Sauronikov|Reflect
|move|p2a: Jirachi|Doom Desire|p1a: Grimmsnarl
|-start|p2a: Jirachi|Doom Desire
|
|-heal|p2a: Jirachi|53/100 brn|[from] item: Leftovers
|-damage|p1a: Grimmsnarl|9/100 psn|[from] psn
|-damage|p2a: Jirachi|47/100 brn|[from] brn
|upkeep
|turn|29
|
|t:|1758293957
|move|p1a: Grimmsnarl|Light Screen|p1a: Grimmsnarl
|-sidestart|p1: Sauronikov|move: Light Screen
|move|p2a: Jirachi|Stealth Rock|p1a: Grimmsnarl
|-sidestart|p1: Sauronikov|move: Stealth Rock
|
|-heal|p2a: Jirachi|53/100 brn|[from] item: Leftovers
|-damage|p1a: Grimmsnarl|0 fnt|[from] psn
|faint|p1a: Grimmsnarl
|-damage|p2a: Jirachi|47/100 brn|[from] brn
|upkeep
|
|t:|1758293960
|switch|p1a: Raikou|Raikou|100/100
|-damage|p1a: Raikou|88/100|[from] Spikes
|-damage|p1a: Raikou|75/100|[from] Stealth Rock
|turn|30
|
|t:|1758293964
|move|p1a: Raikou|Agility|p1a: Raikou
|-boost|p1a: Raikou|spe|2
|move|p2a: Jirachi|Wish|p2a: Jirachi
|
|-end|p1a: Raikou|move: Doom Desire
|-resisted|p1a: Raikou
|-damage|p1a: Raikou|61/100
|-heal|p2a: Jirachi|53/100 brn|[from] item: Leftovers
|-damage|p2a: Jirachi|47/100 brn|[from] brn
|upkeep
|turn|31
|
|t:|1758293970
|move|p1a: Raikou|Thunderbolt|p2a: Jirachi
|-damage|p2a: Jirachi|5/100 brn
|move|p2a: Jirachi|Psychic Noise|p1a: Raikou
|-damage|p1a: Raikou|45/100
|-start|p1a: Raikou|move: Heal Block
|
|-heal|p2a: Jirachi|55/100 brn|[from] move: Wish|[wisher] Jirachi
|-heal|p2a: Jirachi|62/100 brn|[from] item: Leftovers
|-damage|p2a: Jirachi|55/100 brn|[from] brn
|upkeep
|turn|32
|
|t:|1758293981
|move|p1a: Raikou|Scald|p2a: Jirachi
|-damage|p2a: Jirachi|32/100 brn
|move|p2a: Jirachi|Wish|p2a: Jirachi
|
|-heal|p2a: Jirachi|39/100 brn|[from] item: Leftovers
|-damage|p2a: Jirachi|32/100 brn|[from] brn
|-end|p1a: Raikou|move: Heal Block
|upkeep
|turn|33
|
|t:|1758293995
|switch|p2a: Landorus|Landorus-Therian, M|57/100
|-ability|p2a: Landorus|Intimidate|boost
|-fail|p1a: Raikou|unboost|Attack|[from] ability: Inner Focus|[of] p1a: Raikou
|move|p1a: Raikou|Thunderbolt|p2a: Landorus
|-immune|p2a: Landorus
|
|-heal|p2a: Landorus|100/100|[from] move: Wish|[wisher] Jirachi
|upkeep
|turn|34
|-message|Sauronikov forfeited.
|
|win|Ayayalaptop
|raw|Sauronikov's rating: 1332 &rarr; <strong>1313</strong><br />(-19 for losing)
|raw|Ayayalaptop's rating: 1341 &rarr; <strong>1360</strong><br />(+19 for winning)
|l|☆Sauronikov
|player|p1|
|l|☆Ayayalaptop
|player|p2|
