|j|☆Cashmeere
|j|☆pbjojo
|t:|1758254632
|gametype|singles
|player|p1|Cashmeere|101|1271
|player|p2|pbjojo|hoopster|1293
|gen|9
|tier|[Gen 9] OU
|rated|
|rule|HP Percentage Mod: HP is shown in percentages
|rule|Endless Battle Clause: Forcing endless battles is banned
|rule|Species Clause: Limit one of each Pokémon
|rule|OHKO Clause: OHKO moves are banned
|rule|Evasion Items Clause: Evasion items are banned
|rule|Evasion Moves Clause: Evasion moves are banned
|rule|Evasion Abilities Clause: Evasion abilities are banned
|rule|Sleep Moves Clause: Sleep-inducing moves are banned
|clearpoke
|poke|p1|Primarina, F|
|poke|p1|Darkrai|
|poke|p1|Iron Moth|
|poke|p1|Dragonite, M|
|poke|p1|Corviknight, M|
|poke|p1|Gliscor, M|
|poke|p2|Zamazenta-*|
|poke|p2|Pecharunt|
|poke|p2|Kyurem|
|poke|p2|Ninetales-Alola, M|
|poke|p2|Araquanid, F|
|poke|p2|Avalugg, M|
|teampreview
|
|t:|1758254640
|teamsize|p1|6
|teamsize|p2|6
|start
|switch|p1a: Iron Moth|Iron Moth|100/100
|switch|p2a: hehe|Ninetales-Alola, M, shiny|100/100
|-weather|Snowscape|[from] ability: Snow Warning|[of] p2a: hehe
|-enditem|p1a: Iron Moth|Booster Energy
|-activate|p1a: Iron Moth|ability: Quark Drive|[fromitem]
|-start|p1a: Iron Moth|quarkdrivespe
|turn|1
|
|t:|1758254651
|switch|p2a: spidy|Araquanid, F, shiny|100/100
|move|p1a: Iron Moth|Fiery Dance|p2a: spidy
|-damage|p2a: spidy|87/100
|
|-weather|Snowscape|[upkeep]
|upkeep
|turn|2
|
|t:|1758254660
|move|p1a: Iron Moth|Fiery Dance|p2a: spidy
|-damage|p2a: spidy|75/100
|move|p2a: spidy|Sticky Web|p1a: Iron Moth
|-sidestart|p1: Cashmeere|move: Sticky Web
|
|-weather|Snowscape|[upkeep]
|upkeep
|turn|3
|
|t:|1758254666
|-end|p1a: Iron Moth|Quark Drive|[silent]
|switch|p1a: Corviknight|Corviknight, M, shiny|100/100
|-ability|p1a: Corviknight|Pressure
|move|p2a: spidy|Liquidation|p1a: Corviknight
|-damage|p1a: Corviknight|63/100
|-damage|p2a: spidy|58/100|[from] item: Rocky Helmet|[of] p1a: Corviknight
|
|-weather|Snowscape|[upkeep]
|upkeep
|turn|4
|
|t:|1758254683
|move|p1a: Corviknight|Defog|p2a: spidy
|-unboost|p2a: spidy|evasion|1
|-sideend|p1: Cashmeere|Sticky Web|[from] move: Defog|[of] p1a: Corviknight
|move|p2a: spidy|Liquidation|p1a: Corviknight
|-damage|p1a: Corviknight|28/100
|-damage|p2a: spidy|42/100|[from] item: Rocky Helmet|[of] p1a: Corviknight
|
|-weather|Snowscape|[upkeep]
|upkeep
|turn|5
|
|t:|1758254694
|switch|p1a: Primarina|Primarina, F|100/100
|move|p2a: spidy|Liquidation|p1a: Primarina
|-resisted|p1a: Primarina
|-damage|p1a: Primarina|75/100
|
|-weather|Snowscape|[upkeep]
|-heal|p1a: Primarina|81/100|[from] item: Leftovers
|upkeep
|turn|6
|
|t:|1758254698
|move|p1a: Primarina|Calm Mind|p1a: Primarina
|-boost|p1a: Primarina|spa|1
|-boost|p1a: Primarina|spd|1
|move|p2a: spidy|Sticky Web|p1a: Primarina
|-sidestart|p1: Cashmeere|move: Sticky Web
|
|-weather|Snowscape|[upkeep]
|-heal|p1a: Primarina|87/100|[from] item: Leftovers
|upkeep
|turn|7
|
|t:|1758254704
|move|p1a: Primarina|Draining Kiss|p2a: spidy
|-damage|p2a: spidy|14/100
|-heal|p1a: Primarina|100/100|[from] drain|[of] p2a: spidy
|move|p2a: spidy|Liquidation|p1a: Primarina
|-resisted|p1a: Primarina
|-damage|p1a: Primarina|75/100
|-unboost|p1a: Primarina|def|1
|
|-weather|Snowscape|[upkeep]
|-heal|p1a: Primarina|81/100|[from] item: Leftovers
|upkeep
|turn|8
|-enditem|p2a: spidy|Custap Berry|[eat]
|-activate|p2a: spidy|item: Custap Berry|[consumed]
|
|t:|1758254710
|move|p2a: spidy|Endeavor|p1a: Primarina
|-damage|p1a: Primarina|13/100
|move|p1a: Primarina|Draining Kiss|p2a: spidy
|-damage|p2a: spidy|0 fnt
|-heal|p1a: Primarina|22/100|[from] drain|[of] p2a: spidy
|faint|p2a: spidy
|
|-weather|none
|-heal|p1a: Primarina|28/100|[from] item: Leftovers
|upkeep
|
|t:|1758254721
|switch|p2a: zaza|Zamazenta, shiny|100/100
|-ability|p2a: zaza|Dauntless Shield|boost
|-boost|p2a: zaza|def|1
|turn|9
|
|t:|1758254728
|move|p2a: zaza|Iron Head|p1a: Primarina
|-damage|p1a: Primarina|0 fnt
|faint|p1a: Primarina
|-damage|p2a: zaza|91/100|[from] item: Life Orb
|
|upkeep
|
|t:|1758254735
|switch|p1a: Dragonite|Dragonite, M, shiny|100/100
|turn|10
|
|t:|1758254742
|switch|p2a: hehe|Ninetales-Alola, M, shiny|100/100
|-weather|Snowscape|[from] ability: Snow Warning|[of] p2a: hehe
|move|p1a: Dragonite|Dragon Dance|p1a: Dragonite
|-boost|p1a: Dragonite|atk|1
|-boost|p1a: Dragonite|spe|1
|
|-weather|Snowscape|[upkeep]
|upkeep
|turn|11
|
|t:|1758254753
|-terastallize|p1a: Dragonite|Normal
|move|p1a: Dragonite|Dragon Dance|p1a: Dragonite
|-boost|p1a: Dragonite|atk|1
|-boost|p1a: Dragonite|spe|1
|move|p2a: hehe|Encore|p1a: Dragonite
|-start|p1a: Dragonite|Encore
|
|-weather|Snowscape|[upkeep]
|upkeep
|turn|12
|
|t:|1758254761
|move|p1a: Dragonite|Dragon Dance|p1a: Dragonite
|-boost|p1a: Dragonite|atk|1
|-boost|p1a: Dragonite|spe|1
|move|p2a: hehe|Blizzard|p1a: Dragonite
|-damage|p1a: Dragonite|78/100
|
|-weather|Snowscape|[upkeep]
|-heal|p1a: Dragonite|84/100|[from] item: Leftovers
|upkeep
|turn|13
|
|t:|1758254765
|switch|p2a: zaza|Zamazenta, shiny|91/100
|move|p1a: Dragonite|Dragon Dance|p1a: Dragonite
|-boost|p1a: Dragonite|atk|1
|-boost|p1a: Dragonite|spe|1
|
|-weather|Snowscape|[upkeep]
|-heal|p1a: Dragonite|91/100|[from] item: Leftovers
|upkeep
|turn|14
|
|t:|1758254770
|-terastallize|p2a: zaza|Fighting
|move|p1a: Dragonite|Dragon Dance|p1a: Dragonite
|-boost|p1a: Dragonite|atk|1
|-boost|p1a: Dragonite|spe|1
|move|p2a: zaza|Close Combat|p1a: Dragonite
|-supereffective|p1a: Dragonite
|-damage|p1a: Dragonite|0 fnt
|-unboost|p2a: zaza|def|1
|-unboost|p2a: zaza|spd|1
|faint|p1a: Dragonite
|-damage|p2a: zaza|81/100|[from] item: Life Orb
|
|-weather|Snowscape|[upkeep]
|upkeep
|-message|Cashmeere forfeited.
|
|win|pbjojo
|raw|Cashmeere's rating: 1271 &rarr; <strong>1248</strong><br />(-23 for losing)
|raw|pbjojo's rating: 1293 &rarr; <strong>1316</strong><br />(+23 for winning)
|l|☆Cashmeere
|player|p1|
|l|☆pbjojo
|player|p2|
