|j|☆GracideaDashX
|j|☆RizzlenDizzle
|t:|1758341141
|gametype|singles
|player|p1|GracideaDashX|beauty|1297
|player|p2|RizzlenDizzle|266|1290
|gen|9
|tier|[Gen 9] OU
|rated|
|rule|HP Percentage Mod: HP is shown in percentages
|rule|Endless Battle Clause: Forcing endless battles is banned
|rule|Species Clause: Limit one of each Pokémon
|rule|OHKO Clause: OHKO moves are banned
|rule|Evasion Items Clause: Evasion items are banned
|rule|Evasion Moves Clause: Evasion moves are banned
|rule|Evasion Abilities Clause: Evasion abilities are banned
|rule|Sleep Moves Clause: Sleep-inducing moves are banned
|clearpoke
|poke|p1|Dragapult, M|
|poke|p1|Gholdengo|
|poke|p1|Chesnaught, F|
|poke|p1|Arboliva, M|
|poke|p1|Deoxys-Speed|
|poke|p1|Maushold-Four|
|poke|p2|Hydrapple, F|
|poke|p2|Dragonite, M|
|poke|p2|Samurott-Hisui, F|
|poke|p2|Scizor, M|
|poke|p2|Slowking-Galar, F|
|poke|p2|Kyurem|
|teampreview
|inactive|Battle timer is ON: inactive players will automatically lose when time's up. (requested by GracideaDashX)
|
|t:|1758341151
|teamsize|p1|6
|teamsize|p2|6
|start
|switch|p1a: Deoxys|Deoxys-Speed|100/100
|switch|p2a: Samurott|Samurott-Hisui, F, shiny|100/100
|-ability|p1a: Deoxys|Pressure
|turn|1
|
|t:|1758341159
|move|p1a: Deoxys|Thunderbolt|p2a: Samurott
|-supereffective|p2a: Samurott
|-damage|p2a: Samurott|13/100
|move|p2a: Samurott|Ceaseless Edge|p1a: Deoxys
|-supereffective|p1a: Deoxys
|-damage|p1a: Deoxys|0 fnt
|-sidestart|p1: GracideaDashX|Spikes
|faint|p1a: Deoxys
|-damage|p2a: Samurott|3/100|[from] item: Life Orb
|
|upkeep
|
|t:|1758341182
|switch|p1a: Arboliva|Arboliva, M, shiny|100/100
|-damage|p1a: Arboliva|88/100|[from] Spikes
|turn|2
|
|t:|1758341189
|move|p2a: Samurott|X-Scissor|p1a: Arboliva
|-supereffective|p1a: Arboliva
|-damage|p1a: Arboliva|0 fnt
|-fieldstart|move: Grassy Terrain|[from] ability: Seed Sower|[of] p1a: Arboliva
|faint|p1a: Arboliva
|-damage|p2a: Samurott|0 fnt|[from] item: Life Orb
|faint|p2a: Samurott
|
|upkeep
|
|t:|1758341202
|switch|p2a: Hydrapple|Hydrapple, F, shiny|100/100
|switch|p1a: Chesnaught|Chesnaught, F, shiny|100/100
|-damage|p1a: Chesnaught|88/100|[from] Spikes
|turn|3
|
|t:|1758341207
|move|p1a: Chesnaught|Belly Drum|p1a: Chesnaught
|-damage|p1a: Chesnaught|38/100
|-setboost|p1a: Chesnaught|atk|6|[from] move: Belly Drum
|-enditem|p1a: Chesnaught|Sitrus Berry|[eat]
|-heal|p1a: Chesnaught|63/100|[from] item: Sitrus Berry
|move|p2a: Hydrapple|Fickle Beam|p1a: Chesnaught
|-damage|p1a: Chesnaught|26/100
|
|-heal|p1a: Chesnaught|32/100|[from] Grassy Terrain
|upkeep
|turn|4
|
|t:|1758341230
|switch|p2a: Scizor|Scizor, M, shiny|100/100
|-terastallize|p1a: Chesnaught|Steel
|move|p1a: Chesnaught|Drain Punch|p2a: Scizor
|-damage|p2a: Scizor|15/100
|-heal|p1a: Chesnaught|73/100|[from] drain|[of] p2a: Scizor
|-damage|p1a: Chesnaught|56/100|[from] item: Rocky Helmet|[of] p2a: Scizor
|
|-heal|p1a: Chesnaught|62/100|[from] Grassy Terrain
|-heal|p2a: Scizor|21/100|[from] Grassy Terrain
|upkeep
|turn|5
|
|t:|1758341243
|move|p1a: Chesnaught|Grassy Glide|p2a: Scizor
|-resisted|p2a: Scizor
|-damage|p2a: Scizor|0 fnt
|-damage|p1a: Chesnaught|46/100|[from] item: Rocky Helmet|[of] p2a: Scizor
|faint|p2a: Scizor
|
|-heal|p1a: Chesnaught|52/100|[from] Grassy Terrain
|upkeep
|
|t:|1758341249
|switch|p2a: Kyurem|Kyurem, shiny|100/100
|-ability|p2a: Kyurem|Pressure
|turn|6
|
|t:|1758341256
|move|p2a: Kyurem|Earth Power|p1a: Chesnaught
|-supereffective|p1a: Chesnaught
|-damage|p1a: Chesnaught|0 fnt
|faint|p1a: Chesnaught
|
|-fieldend|move: Grassy Terrain
|upkeep
|
|t:|1758341268
|switch|p1a: Maushold|Maushold-Four|100/100
|-damage|p1a: Maushold|88/100|[from] Spikes
|turn|7
|
|t:|1758341283
|switch|p2a: Hydrapple|Hydrapple, F, shiny|100/100
|move|p1a: Maushold|Substitute|p1a: Maushold
|-start|p1a: Maushold|Substitute
|-damage|p1a: Maushold|63/100
|
|upkeep
|turn|8
|
|t:|1758341289
|move|p1a: Maushold|Tidy Up|p1a: Maushold
|-end|p1a: Maushold|Substitute
|-sideend|p1: GracideaDashX|Spikes
|-activate|p1a: Maushold|move: Tidy Up
|-boost|p1a: Maushold|atk|1
|-boost|p1a: Maushold|spe|1
|move|p2a: Hydrapple|Fickle Beam|p1a: Maushold
|-damage|p1a: Maushold|22/100
|
|upkeep
|turn|9
|
|t:|1758341299
|move|p1a: Maushold|Population Bomb|p2a: Hydrapple
|-damage|p2a: Hydrapple|93/100
|-damage|p2a: Hydrapple|86/100
|-damage|p2a: Hydrapple|79/100
|-damage|p2a: Hydrapple|72/100
|-damage|p2a: Hydrapple|64/100
|-crit|p2a: Hydrapple
|-damage|p2a: Hydrapple|53/100
|-damage|p2a: Hydrapple|46/100
|-damage|p2a: Hydrapple|39/100
|-damage|p2a: Hydrapple|32/100
|-damage|p2a: Hydrapple|25/100
|-hitcount|p2a: Hydrapple|10
|move|p2a: Hydrapple|Fickle Beam|p1a: Maushold
|-damage|p1a: Maushold|0 fnt
|faint|p1a: Maushold
|
|-heal|p2a: Hydrapple|31/100|[from] item: Leftovers
|upkeep
|
|t:|1758341317
|switch|p1a: Dragapult|Dragapult, M, shiny|100/100
|turn|10
|
|t:|1758341334
|move|p1a: Dragapult|Dragon Darts|p2a: Hydrapple
|-supereffective|p2a: Hydrapple
|-damage|p2a: Hydrapple|0 fnt
|faint|p2a: Hydrapple
|
|upkeep
|
|t:|1758341340
|switch|p2a: Dragonite|Dragonite, M, shiny|100/100
|turn|11
|
|t:|1758341347
|-terastallize|p2a: Dragonite|Steel
|move|p1a: Dragapult|Dragon Darts|p2a: Dragonite
|-resisted|p2a: Dragonite
|-damage|p2a: Dragonite|90/100
|-anim|p1a: Dragapult|Dragon Darts|p2a: Dragonite
|-resisted|p2a: Dragonite
|-damage|p2a: Dragonite|67/100
|move|p2a: Dragonite|Dragon Dance|p2a: Dragonite
|-boost|p2a: Dragonite|atk|1
|-boost|p2a: Dragonite|spe|1
|
|-heal|p2a: Dragonite|74/100|[from] item: Leftovers
|upkeep
|turn|12
|
|t:|1758341355
|switch|p1a: Gholdengo|Gholdengo, shiny|100/100
|move|p2a: Dragonite|Dragon Claw|p1a: Gholdengo
|-resisted|p1a: Gholdengo
|-damage|p1a: Gholdengo|76/100
|
|-heal|p2a: Dragonite|80/100|[from] item: Leftovers
|upkeep
|turn|13
|
|t:|1758341366
|switch|p2a: Slowking|Slowking-Galar, F|100/100
|move|p1a: Gholdengo|Focus Blast|p2a: Slowking
|-resisted|p2a: Slowking
|-damage|p2a: Slowking|96/100
|
|upkeep
|turn|14
|
|t:|1758341379
|move|p1a: Gholdengo|Shadow Ball|p2a: Slowking
|-supereffective|p2a: Slowking
|-damage|p2a: Slowking|66/100
|-unboost|p2a: Slowking|spd|1
|move|p2a: Slowking|Flamethrower|p1a: Gholdengo
|-supereffective|p1a: Gholdengo
|-damage|p1a: Gholdengo|43/100
|
|upkeep
|turn|15
|
|t:|1758341388
|move|p1a: Gholdengo|Shadow Ball|p2a: Slowking
|-supereffective|p2a: Slowking
|-damage|p2a: Slowking|19/100
|move|p2a: Slowking|Flamethrower|p1a: Gholdengo
|-supereffective|p1a: Gholdengo
|-damage|p1a: Gholdengo|3/100
|
|upkeep
|turn|16
|
|t:|1758341395
|move|p1a: Gholdengo|Shadow Ball|p2a: Slowking
|-supereffective|p2a: Slowking
|-damage|p2a: Slowking|0 fnt
|faint|p2a: Slowking
|
|upkeep
|
|t:|1758341400
|switch|p2a: Kyurem|Kyurem, shiny|100/100
|-ability|p2a: Kyurem|Pressure
|turn|17
|
|t:|1758341406
|move|p2a: Kyurem|Ice Beam|p1a: Gholdengo
|-resisted|p1a: Gholdengo
|-damage|p1a: Gholdengo|0 fnt
|faint|p1a: Gholdengo
|
|upkeep
|
|t:|1758341411
|switch|p1a: Dragapult|Dragapult, M, shiny|100/100
|turn|18
|
|t:|1758341413
|move|p2a: Kyurem|Ice Beam|p1a: Dragapult
|-supereffective|p1a: Dragapult
|-damage|p1a: Dragapult|0 fnt
|faint|p1a: Dragapult
|
|win|RizzlenDizzle
|raw|GracideaDashX's rating: 1297 &rarr; <strong>1271</strong><br />(-26 for losing)
|raw|RizzlenDizzle's rating: 1290 &rarr; <strong>1316</strong><br />(+26 for winning)
|l|☆RizzlenDizzle
|player|p2|
|l|☆GracideaDashX
|player|p1|
