|j|☆dogtemple
|j|☆Skyluxneon
|t:|1758272181
|gametype|singles
|player|p1|dogtemple|roxie|1322
|player|p2|Skyluxneon|101|1300
|gen|9
|tier|[Gen 9] OU
|rated|
|rule|HP Percentage Mod: HP is shown in percentages
|rule|Endless Battle Clause: Forcing endless battles is banned
|rule|Species Clause: Limit one of each Pokémon
|rule|OHKO Clause: OHKO moves are banned
|rule|Evasion Items Clause: Evasion items are banned
|rule|Evasion Moves Clause: Evasion moves are banned
|rule|Evasion Abilities Clause: Evasion abilities are banned
|rule|Sleep Moves Clause: Sleep-inducing moves are banned
|clearpoke
|poke|p1|Great Tusk|
|poke|p1|Ninetales, M|
|poke|p1|Charizard, M|
|poke|p1|Araquanid, M|
|poke|p1|Raging Bolt|
|poke|p1|Houndstone, M|
|poke|p2|Chesnaught, M|
|poke|p2|Polteageist|
|poke|p2|Slowbro, F|
|poke|p2|Lycanroc-Dusk, M|
|poke|p2|Goodra-Hisui, F|
|poke|p2|Mandibuzz, F|
|teampreview
|inactive|Battle timer is ON: inactive players will automatically lose when time's up. (requested by dogtemple)
|
|t:|1758272205
|teamsize|p1|6
|teamsize|p2|6
|start
|switch|p1a: Araquanid|Araquanid, M|100/100
|switch|p2a: Lycanroc|Lycanroc-Dusk, M|100/100
|turn|1
|
|t:|1758272210
|move|p2a: Lycanroc|Accelerock|p1a: Araquanid
|-supereffective|p1a: Araquanid
|-damage|p1a: Araquanid|19/100
|-damage|p2a: Lycanroc|91/100|[from] item: Life Orb
|move|p1a: Araquanid|Sticky Web|p2a: Lycanroc
|-sidestart|p2: Skyluxneon|move: Sticky Web
|
|upkeep
|turn|2
|-enditem|p1a: Araquanid|Custap Berry|[eat]
|-activate|p1a: Araquanid|item: Custap Berry|[consumed]
|
|t:|1758272219
|move|p1a: Araquanid|Liquidation|p2a: Lycanroc
|-supereffective|p2a: Lycanroc
|-damage|p2a: Lycanroc|0 fnt
|faint|p2a: Lycanroc
|
|upkeep
|
|t:|1758272227
|switch|p2a: Mandibuzz|Mandibuzz, F|100/100
|turn|3
|
|t:|1758272231
|move|p2a: Mandibuzz|Defog|p1a: Araquanid
|-unboost|p1a: Araquanid|evasion|1
|-sideend|p2: Skyluxneon|Sticky Web|[from] move: Defog|[of] p2a: Mandibuzz
|move|p1a: Araquanid|Endeavor|p2a: Mandibuzz
|-damage|p2a: Mandibuzz|15/100
|
|upkeep
|turn|4
|
|t:|1758272237
|move|p2a: Mandibuzz|Toxic|p1a: Araquanid
|-status|p1a: Araquanid|tox
|move|p1a: Araquanid|Sticky Web|p2a: Mandibuzz
|-sidestart|p2: Skyluxneon|move: Sticky Web
|
|-damage|p1a: Araquanid|13/100 tox|[from] psn
|upkeep
|turn|5
|
|t:|1758272244
|move|p2a: Mandibuzz|Defog|p1a: Araquanid
|-unboost|p1a: Araquanid|evasion|1
|-sideend|p2: Skyluxneon|Sticky Web|[from] move: Defog|[of] p2a: Mandibuzz
|move|p1a: Araquanid|Sticky Web|p2a: Mandibuzz
|-sidestart|p2: Skyluxneon|move: Sticky Web
|
|-damage|p1a: Araquanid|0 fnt|[from] psn
|faint|p1a: Araquanid
|upkeep
|
|t:|1758272253
|switch|p1a: Charizard|Charizard, M|100/100
|turn|6
|
|t:|1758272267
|switch|p2a: Goodra|Goodra-Hisui, F|100/100
|-activate|p2a: Goodra|move: Sticky Web
|-unboost|p2a: Goodra|spe|1
|move|p1a: Charizard|Overheat|p2a: Goodra
|-damage|p2a: Goodra|50/100
|-unboost|p1a: Charizard|spa|2
|
|-heal|p2a: Goodra|56/100|[from] item: Leftovers
|upkeep
|turn|7
|
|t:|1758272276
|switch|p1a: Ninetales|Ninetales, M|100/100
|-weather|SunnyDay|[from] ability: Drought|[of] p1a: Ninetales
|switch|p2a: Mandibuzz|Mandibuzz, F|15/100
|
|-weather|SunnyDay|[upkeep]
|upkeep
|turn|8
|
|t:|1758272281
|move|p1a: Ninetales|Weather Ball|p2a: Mandibuzz
|-damage|p2a: Mandibuzz|0 fnt
|faint|p2a: Mandibuzz
|
|-weather|SunnyDay|[upkeep]
|upkeep
|
|t:|1758272283
|switch|p2a: Polteageist|Polteageist|100/100
|-activate|p2a: Polteageist|move: Sticky Web
|-unboost|p2a: Polteageist|spe|1
|turn|9
|
|t:|1758272288
|move|p1a: Ninetales|Weather Ball|p2a: Polteageist
|-damage|p2a: Polteageist|30/100
|move|p2a: Polteageist|Shell Smash|p2a: Polteageist
|-unboost|p2a: Polteageist|def|1
|-unboost|p2a: Polteageist|spd|1
|-boost|p2a: Polteageist|atk|2
|-boost|p2a: Polteageist|spa|2
|-boost|p2a: Polteageist|spe|2
|
|-weather|SunnyDay|[upkeep]
|upkeep
|turn|10
|
|t:|1758272300
|-terastallize|p2a: Polteageist|Ghost
|move|p2a: Polteageist|Shadow Ball|p1a: Ninetales
|-damage|p1a: Ninetales|0 fnt
|faint|p1a: Ninetales
|
|-weather|SunnyDay|[upkeep]
|upkeep
|
|t:|1758272303
|switch|p1a: Houndstone|Houndstone, M|100/100
|turn|11
|
|t:|1758272307
|move|p1a: Houndstone|Shadow Sneak|p2a: Polteageist
|-supereffective|p2a: Polteageist
|-damage|p2a: Polteageist|0 fnt
|faint|p2a: Polteageist
|
|-weather|SunnyDay|[upkeep]
|upkeep
|
|t:|1758272314
|switch|p2a: Chesnaught|Chesnaught, M, shiny|100/100
|-activate|p2a: Chesnaught|move: Sticky Web
|-unboost|p2a: Chesnaught|spe|1
|turn|12
|
|t:|1758272319
|switch|p1a: Charizard|Charizard, M|100/100
|move|p2a: Chesnaught|Rock Slide|p1a: Charizard
|-supereffective|p1a: Charizard
|-damage|p1a: Charizard|2/100
|
|-weather|SunnyDay|[upkeep]
|-damage|p1a: Charizard|0 fnt|[from] ability: Solar Power|[of] p1a: Charizard
|faint|p1a: Charizard
|upkeep
|
|t:|1758272329
|switch|p1a: Raging Bolt|Raging Bolt|100/100
|-activate|p1a: Raging Bolt|ability: Protosynthesis
|-start|p1a: Raging Bolt|protosynthesisspa
|turn|13
|
|t:|1758272338
|switch|p2a: Goodra|Goodra-Hisui, F|56/100
|-activate|p2a: Goodra|move: Sticky Web
|-unboost|p2a: Goodra|spe|1
|move|p1a: Raging Bolt|Dragon Pulse|p2a: Goodra
|-damage|p2a: Goodra|17/100
|
|-weather|SunnyDay|[upkeep]
|-heal|p2a: Goodra|23/100|[from] item: Leftovers
|upkeep
|turn|14
|
|t:|1758272342
|move|p1a: Raging Bolt|Dragon Pulse|p2a: Goodra
|-damage|p2a: Goodra|0 fnt
|faint|p2a: Goodra
|
|-weather|none
|-end|p1a: Raging Bolt|Protosynthesis
|upkeep
|-enditem|p1a: Raging Bolt|Booster Energy
|-activate|p1a: Raging Bolt|ability: Protosynthesis|[fromitem]
|-start|p1a: Raging Bolt|protosynthesisspa
|
|t:|1758272349
|switch|p2a: Chesnaught|Chesnaught, M, shiny|100/100
|-activate|p2a: Chesnaught|move: Sticky Web
|-unboost|p2a: Chesnaught|spe|1
|turn|15
|
|t:|1758272351
|move|p1a: Raging Bolt|Dragon Pulse|p2a: Chesnaught
|-damage|p2a: Chesnaught|22/100
|move|p2a: Chesnaught|Leech Seed|p1a: Raging Bolt
|-start|p1a: Raging Bolt|move: Leech Seed
|
|-damage|p1a: Raging Bolt|88/100|[from] Leech Seed|[of] p2a: Chesnaught
|-heal|p2a: Chesnaught|36/100|[silent]
|upkeep
|turn|16
|
|t:|1758272357
|move|p2a: Chesnaught|Spiky Shield|p2a: Chesnaught
|-singleturn|p2a: Chesnaught|move: Protect
|move|p1a: Raging Bolt|Dragon Pulse|p2a: Chesnaught
|-activate|p2a: Chesnaught|move: Protect
|
|-damage|p1a: Raging Bolt|76/100|[from] Leech Seed|[of] p2a: Chesnaught
|-heal|p2a: Chesnaught|49/100|[silent]
|upkeep
|turn|17
|
|t:|1758272364
|switch|p2a: Slowbro|Slowbro, F|100/100
|-activate|p2a: Slowbro|move: Sticky Web
|-unboost|p2a: Slowbro|spe|1
|move|p1a: Raging Bolt|Dragon Pulse|p2a: Slowbro
|-damage|p2a: Slowbro|44/100
|
|-damage|p1a: Raging Bolt|63/100|[from] Leech Seed|[of] p2a: Slowbro
|-heal|p2a: Slowbro|60/100|[silent]
|upkeep
|turn|18
|
|t:|1758272375
|move|p1a: Raging Bolt|Thunderbolt|p2a: Slowbro
|-supereffective|p2a: Slowbro
|-damage|p2a: Slowbro|0 fnt
|faint|p2a: Slowbro
|
|upkeep
|
|t:|1758272377
|switch|p2a: Chesnaught|Chesnaught, M, shiny|49/100
|-activate|p2a: Chesnaught|move: Sticky Web
|-unboost|p2a: Chesnaught|spe|1
|turn|19
|
|t:|1758272379
|move|p2a: Chesnaught|Spiky Shield|p2a: Chesnaught
|-singleturn|p2a: Chesnaught|move: Protect
|move|p1a: Raging Bolt|Dragon Pulse|p2a: Chesnaught
|-activate|p2a: Chesnaught|move: Protect
|
|-damage|p1a: Raging Bolt|51/100|[from] Leech Seed|[of] p2a: Chesnaught
|-heal|p2a: Chesnaught|63/100|[silent]
|upkeep
|turn|20
|
|t:|1758272387
|move|p1a: Raging Bolt|Dragon Pulse|p2a: Chesnaught
|-damage|p2a: Chesnaught|0 fnt
|faint|p2a: Chesnaught
|
|win|dogtemple
|raw|dogtemple's rating: 1322 &rarr; <strong>1341</strong><br />(+19 for winning)
|raw|Skyluxneon's rating: 1300 &rarr; <strong>1277</strong><br />(-23 for losing)
|l|☆Skyluxneon
|player|p2|
|l|☆dogtemple
|player|p1|
