|j|☆PkmnMstrBob
|j|☆isuck2025
|t:|1758244303
|gametype|singles
|player|p1|PkmnMstrBob|102|
|player|p2|isuck2025|102|
|gen|9
|tier|[Gen 9] OU
|rule|HP Percentage Mod: HP is shown in percentages
|rule|Endless Battle Clause: Forcing endless battles is banned
|rule|Species Clause: Limit one of each Pokémon
|rule|OHKO Clause: OHKO moves are banned
|rule|Evasion Items Clause: Evasion items are banned
|rule|Evasion Moves Clause: Evasion moves are banned
|rule|Evasion Abilities Clause: Evasion abilities are banned
|rule|Sleep Moves Clause: Sleep-inducing moves are banned
|clearpoke
|poke|p1|Kyurem|
|poke|p1|Gholdengo|
|poke|p1|Skarmory, M|
|poke|p1|Skeledirge, F|
|poke|p1|Meowscarada, F|
|poke|p1|Gastrodon, F|
|poke|p2|Corviknight, F|
|poke|p2|Iron Boulder|
|poke|p2|Zapdos-Galar|
|poke|p2|Gardevoir, M|
|poke|p2|Mew|
|poke|p2|Entei|
|teampreview
|
|t:|1758244316
|teamsize|p1|6
|teamsize|p2|6
|start
|switch|p1a: Meowscarada|Meowscarada, F|100/100
|switch|p2a: Gardevoir|Gardevoir, M|100/100
|turn|1
|
|t:|1758244325
|move|p1a: Meowscarada|Knock Off|p2a: Gardevoir
|-start|p1a: Meowscarada|typechange|Dark|[from] ability: Protean
|-damage|p2a: Gardevoir|11/100
|move|p2a: Gardevoir|Draining Kiss|p1a: Meowscarada
|-supereffective|p1a: Meowscarada
|-damage|p1a: Meowscarada|20/100
|-heal|p2a: Gardevoir|75/100|[from] drain|[of] p1a: Meowscarada
|
|upkeep
|turn|2
|j| Firmhold3
|
|t:|1758244340
|switch|p2a: Corviknight|Corviknight, F|100/100
|-ability|p2a: Corviknight|Pressure
|move|p1a: Meowscarada|Knock Off|p2a: Corviknight
|-damage|p2a: Corviknight|42/100
|-enditem|p2a: Corviknight|Focus Sash|[from] move: Knock Off|[of] p1a: Meowscarada
|
|upkeep
|turn|3
|j| metamorphic rocks
|
|t:|1758244348
|move|p1a: Meowscarada|Knock Off|p2a: Corviknight
|-damage|p2a: Corviknight|8/100
|move|p2a: Corviknight|Air Slash|p1a: Meowscarada
|-damage|p1a: Meowscarada|0 fnt
|faint|p1a: Meowscarada
|
|upkeep
|l| metamorphic rocks
|
|t:|1758244355
|switch|p1a: Skeledirge|Skeledirge, F|100/100
|turn|4
|
|t:|1758244361
|move|p1a: Skeledirge|Torch Song|p2a: Corviknight
|-supereffective|p2a: Corviknight
|-damage|p2a: Corviknight|0 fnt
|-boost|p1a: Skeledirge|spa|1
|faint|p2a: Corviknight
|
|upkeep
|
|t:|1758244368
|switch|p2a: Entei|Entei|100/100
|-ability|p2a: Entei|Pressure
|turn|5
|
|t:|1758244373
|move|p2a: Entei|Crunch|p1a: Skeledirge
|-supereffective|p1a: Skeledirge
|-damage|p1a: Skeledirge|62/100
|move|p1a: Skeledirge|Torch Song|p2a: Entei
|-resisted|p2a: Entei
|-damage|p2a: Entei|76/100
|-boost|p1a: Skeledirge|spa|1
|
|-heal|p1a: Skeledirge|68/100|[from] item: Leftovers
|upkeep
|turn|6
|
|t:|1758244384
|-terastallize|p1a: Skeledirge|Fairy
|move|p2a: Entei|Double-Edge|p1a: Skeledirge
|-damage|p1a: Skeledirge|37/100
|-damage|p2a: Entei|65/100|[from] Recoil
|move|p1a: Skeledirge|Torch Song|p2a: Entei
|-resisted|p2a: Entei
|-damage|p2a: Entei|32/100
|-boost|p1a: Skeledirge|spa|1
|
|-heal|p1a: Skeledirge|43/100|[from] item: Leftovers
|upkeep
|turn|7
|
|t:|1758244395
|move|p2a: Entei|Eruption|p1a: Skeledirge
|-damage|p1a: Skeledirge|33/100
|move|p1a: Skeledirge|Slack Off|p1a: Skeledirge
|-heal|p1a: Skeledirge|83/100
|
|-heal|p1a: Skeledirge|89/100|[from] item: Leftovers
|upkeep
|turn|8
|j| N0t-Rm0n
|
|t:|1758244411
|-terastallize|p2a: Entei|Fire
|move|p2a: Entei|Body Slam|p1a: Skeledirge
|-damage|p1a: Skeledirge|68/100
|move|p1a: Skeledirge|Torch Song|p2a: Entei
|-resisted|p2a: Entei
|-damage|p2a: Entei|0 fnt
|-boost|p1a: Skeledirge|spa|1
|faint|p2a: Entei
|
|-heal|p1a: Skeledirge|74/100|[from] item: Leftovers
|upkeep
|
|t:|1758244423
|switch|p2a: Mew|Mew|100/100
|turn|9
|
|t:|1758244428
|move|p2a: Mew|Aura Sphere|p1a: Skeledirge
|-resisted|p1a: Skeledirge
|-damage|p1a: Skeledirge|65/100
|move|p1a: Skeledirge|Hex|p2a: Mew
|-supereffective|p2a: Mew
|-damage|p2a: Mew|0 fnt
|faint|p2a: Mew
|
|-heal|p1a: Skeledirge|71/100|[from] item: Leftovers
|upkeep
|
|t:|1758244437
|switch|p2a: Zapdos|Zapdos-Galar|100/100
|turn|10
|
|t:|1758244447
|move|p2a: Zapdos|Agility|p2a: Zapdos
|-boost|p2a: Zapdos|spe|2
|move|p1a: Skeledirge|Torch Song|p2a: Zapdos
|-damage|p2a: Zapdos|1/100
|-boost|p1a: Skeledirge|spa|1
|
|-heal|p1a: Skeledirge|77/100|[from] item: Leftovers
|upkeep
|turn|11
|
|t:|1758244457
|move|p2a: Zapdos|Ancient Power|p1a: Skeledirge
|-damage|p1a: Skeledirge|69/100
|move|p1a: Skeledirge|Hex|p2a: Zapdos
|-crit|p2a: Zapdos
|-damage|p2a: Zapdos|0 fnt
|faint|p2a: Zapdos
|
|-heal|p1a: Skeledirge|75/100|[from] item: Leftovers
|upkeep
|
|t:|1758244465
|switch|p2a: Iron Boulder|Iron Boulder|100/100
|turn|12
|
|t:|1758244470
|move|p2a: Iron Boulder|Iron Head|p1a: Skeledirge
|-supereffective|p1a: Skeledirge
|-damage|p1a: Skeledirge|32/100
|move|p1a: Skeledirge|Hex|p2a: Iron Boulder
|-supereffective|p2a: Iron Boulder
|-damage|p2a: Iron Boulder|0 fnt
|faint|p2a: Iron Boulder
|-end|p2a: Iron Boulder|Quark Drive|[silent]
|
|-heal|p1a: Skeledirge|38/100|[from] item: Leftovers
|upkeep
|
|t:|1758244478
|switch|p2a: Gardevoir|Gardevoir, M|75/100
|turn|13
|
|t:|1758244482
|move|p2a: Gardevoir|Draining Kiss|p1a: Skeledirge
|-damage|p1a: Skeledirge|19/100
|-heal|p2a: Gardevoir|96/100|[from] drain|[of] p1a: Skeledirge
|move|p1a: Skeledirge|Hex|p2a: Gardevoir
|-supereffective|p2a: Gardevoir
|-damage|p2a: Gardevoir|0 fnt
|faint|p2a: Gardevoir
|
|win|PkmnMstrBob
|l| N0t-Rm0n
