|j|☆god's loving gift
|j|☆One-Round
|t:|1758320912
|gametype|singles
|player|p1|god's loving gift|unknownf|1180
|player|p2|One-Round|101|1199
|gen|9
|tier|[Gen 9] OU
|rated|
|rule|HP Percentage Mod: HP is shown in percentages
|rule|Endless Battle Clause: Forcing endless battles is banned
|rule|Species Clause: Limit one of each Pokémon
|rule|OHKO Clause: OHKO moves are banned
|rule|Evasion Items Clause: Evasion items are banned
|rule|Evasion Moves Clause: Evasion moves are banned
|rule|Evasion Abilities Clause: Evasion abilities are banned
|rule|Sleep Moves Clause: Sleep-inducing moves are banned
|clearpoke
|poke|p1|Iron Valiant|
|poke|p1|Cinderace, M|
|poke|p1|Pecharunt|
|poke|p1|Ogerpon-Wellspring, F|
|poke|p1|Dragapult, F|
|poke|p1|Great Tusk|
|poke|p2|Mimikyu, M|
|poke|p2|Hoopa-Unbound|
|poke|p2|Ursaluna, M|
|poke|p2|Meganium, F|
|poke|p2|Indeedee, M|
|poke|p2|Hatterene, F|
|teampreview
|inactive|Battle timer is ON: inactive players will automatically lose when time's up. (requested by god's loving gift)
|
|t:|1758320923
|teamsize|p1|6
|teamsize|p2|6
|start
|switch|p1a: Dragapult|Dragapult, F|100/100
|switch|p2a: Indeedee|Indeedee, M|100/100
|-fieldstart|move: Psychic Terrain|[from] ability: Psychic Surge|[of] p2a: Indeedee
|turn|1
|
|t:|1758320930
|move|p1a: Dragapult|U-turn|p2a: Indeedee
|-supereffective|p2a: Indeedee
|-damage|p2a: Indeedee|0 fnt
|faint|p2a: Indeedee
|
|t:|1758320935
|switch|p1a: Pecharunt|Pecharunt|100/100|[from] U-turn
|
|upkeep
|
|t:|1758320944
|switch|p2a: Hoopa|Hoopa-Unbound|100/100
|turn|2
|
|t:|1758320963
|move|p1a: Pecharunt|Parting Shot|p2a: Hoopa
|-unboost|p2a: Hoopa|atk|1
|-unboost|p2a: Hoopa|spa|1
|
|t:|1758320969
|switch|p1a: Great Tusk|Great Tusk|100/100|[from] Parting Shot
|move|p2a: Hoopa|Trick Room|p2a: Hoopa
|-fieldstart|move: Trick Room|[of] p2a: Hoopa
|
|upkeep
|turn|3
|
|t:|1758320976
|move|p2a: Hoopa|Expanding Force|p1a: Great Tusk
|-supereffective|p1a: Great Tusk
|-damage|p1a: Great Tusk|0 fnt
|faint|p1a: Great Tusk
|-end|p1a: Great Tusk|Protosynthesis|[silent]
|-item|p2a: Hoopa|Choice Scarf|[from] ability: Magician|[of] p1: Great Tusk
|
|upkeep
|
|t:|1758320989
|switch|p1a: Pecharunt|Pecharunt|100/100
|turn|4
|
|t:|1758321004
|-terastallize|p1a: Pecharunt|Dark
|move|p2a: Hoopa|Expanding Force|p1a: Pecharunt
|-immune|p1a: Pecharunt
|move|p1a: Pecharunt|Malignant Chain|p2a: Hoopa
|-crit|p2a: Hoopa
|-damage|p2a: Hoopa|66/100
|-status|p2a: Hoopa|tox
|-start|p2a: Hoopa|confusion|[from] ability: Poison Puppeteer|[of] p1a: Pecharunt
|
|-damage|p2a: Hoopa|60/100 tox|[from] psn
|upkeep
|turn|5
|
|t:|1758321026
|switch|p2a: Ursaluna|Ursaluna, M|100/100
|move|p1a: Pecharunt|Malignant Chain|p2a: Ursaluna
|-resisted|p2a: Ursaluna
|-damage|p2a: Ursaluna|86/100
|-status|p2a: Ursaluna|tox
|-start|p2a: Ursaluna|confusion|[from] ability: Poison Puppeteer|[of] p1a: Pecharunt
|
|-damage|p2a: Ursaluna|80/100 tox|[from] psn
|upkeep
|turn|6
|
|t:|1758321043
|-activate|p2a: Ursaluna|confusion
|move|p2a: Ursaluna|Headlong Rush|p1a: Pecharunt
|-damage|p1a: Pecharunt|30/100
|-unboost|p2a: Ursaluna|def|1
|-unboost|p2a: Ursaluna|spd|1
|-damage|p2a: Ursaluna|64/100 tox|[from] item: Rocky Helmet|[of] p1a: Pecharunt
|move|p1a: Pecharunt|Parting Shot|p2a: Ursaluna
|-unboost|p2a: Ursaluna|atk|1
|-unboost|p2a: Ursaluna|spa|1
|
|t:|1758321054
|switch|p1a: Ogerpon|Ogerpon-Wellspring, F|100/100|[from] Parting Shot
|
|-damage|p2a: Ursaluna|51/100 tox|[from] psn
|-fieldend|move: Trick Room
|upkeep
|turn|7
|
|t:|1758321061
|move|p1a: Ogerpon|Swords Dance|p1a: Ogerpon
|-boost|p1a: Ogerpon|atk|2
|-activate|p2a: Ursaluna|confusion
|-damage|p2a: Ursaluna|41/100 tox|[from] confusion
|
|-damage|p2a: Ursaluna|23/100 tox|[from] psn
|upkeep
|turn|8
|
|t:|1758321068
|move|p1a: Ogerpon|Ivy Cudgel|p2a: Ursaluna|[anim] Ivy Cudgel Water
|-supereffective|p2a: Ursaluna
|-damage|p2a: Ursaluna|0 fnt
|faint|p2a: Ursaluna
|
|-fieldend|move: Psychic Terrain
|upkeep
|
|t:|1758321075
|switch|p2a: Meganium|Meganium, F|100/100
|turn|9
|
|t:|1758321081
|move|p1a: Ogerpon|Taunt|p2a: Meganium
|-start|p2a: Meganium|move: Taunt
|cant|p2a: Meganium|move: Taunt|Leech Seed
|
|upkeep
|turn|10
|
|t:|1758321086
|move|p1a: Ogerpon|Ivy Cudgel|p2a: Meganium|[anim] Ivy Cudgel Water
|-resisted|p2a: Meganium
|-damage|p2a: Meganium|62/100
|move|p2a: Meganium|Grass Knot|p1a: Ogerpon
|-damage|p1a: Ogerpon|81/100
|
|-heal|p2a: Meganium|68/100|[from] item: Leftovers
|upkeep
|turn|11
|
|t:|1758321102
|switch|p2a: Hatterene|Hatterene, F|100/100
|move|p1a: Ogerpon|Swords Dance|p1a: Ogerpon
|-boost|p1a: Ogerpon|atk|2
|
|upkeep
|turn|12
|
|t:|1758321111
|move|p1a: Ogerpon|Ivy Cudgel|p2a: Hatterene|[anim] Ivy Cudgel Water
|-crit|p2a: Hatterene
|-damage|p2a: Hatterene|0 fnt
|faint|p2a: Hatterene
|
|upkeep
|
|t:|1758321117
|switch|p2a: Mimikyu|Mimikyu, M|100/100
|turn|13
|
|t:|1758321121
|move|p1a: Ogerpon|Taunt|p2a: Mimikyu
|-start|p2a: Mimikyu|move: Taunt
|cant|p2a: Mimikyu|move: Taunt|Trick Room
|
|upkeep
|turn|14
|
|t:|1758321130
|switch|p2a: Meganium|Meganium, F|68/100
|move|p1a: Ogerpon|Ivy Cudgel|p2a: Meganium|[anim] Ivy Cudgel Water
|-resisted|p2a: Meganium
|-damage|p2a: Meganium|12/100
|
|-heal|p2a: Meganium|18/100|[from] item: Leftovers
|upkeep
|turn|15
|
|t:|1758321139
|move|p1a: Ogerpon|Ivy Cudgel|p2a: Meganium|[anim] Ivy Cudgel Water
|-resisted|p2a: Meganium
|-damage|p2a: Meganium|0 fnt
|faint|p2a: Meganium
|
|upkeep
|
|t:|1758321145
|switch|p2a: Mimikyu|Mimikyu, M|100/100
|turn|16
|
|t:|1758321148
|move|p1a: Ogerpon|Taunt|p2a: Mimikyu
|-start|p2a: Mimikyu|move: Taunt
|cant|p2a: Mimikyu|move: Taunt|Destiny Bond
|
|upkeep
|turn|17
|-message|One-Round forfeited.
|
|win|god's loving gift
|raw|god&apos;s loving gift's rating: 1180 &rarr; <strong>1206</strong><br />(+26 for winning)
|raw|One-Round's rating: 1199 &rarr; <strong>1173</strong><br />(-26 for losing)
|l|☆One-Round
|player|p2|
|l|☆god's loving gift
|player|p1|
