|inactive|Battle timer is ON: inactive players will automatically lose when time's up.
|t:|1758298301
|gametype|singles
|player|p1|FFKz|#fcl12relicsingers|
|player|p2|Baddy|#scl5shoguns2|
|gen|9
|tier|[Gen 9] OU
|rule|HP Percentage Mod: HP is shown in percentages
|rule|Endless Battle Clause: Forcing endless battles is banned
|rule|Species Clause: Limit one of each Pokémon
|rule|OHKO Clause: OHKO moves are banned
|rule|Evasion Items Clause: Evasion items are banned
|rule|Evasion Moves Clause: Evasion moves are banned
|rule|Evasion Abilities Clause: Evasion abilities are banned
|rule|Sleep Moves Clause: Sleep-inducing moves are banned
|clearpoke
|poke|p1|Ursaluna, M|
|poke|p1|Slowking-Galar, F|
|poke|p1|Moltres|
|poke|p1|Zamazenta-*|
|poke|p1|Clefable, M|
|poke|p1|Gholdengo|
|poke|p2|Skeledirge, F|
|poke|p2|Zamazenta-*|
|poke|p2|Ting-Lu|
|poke|p2|Clefable, F|
|poke|p2|Dragonite, F|
|poke|p2|Eelektross, F|
|teampreview
|c|☆Baddy|hf
|c|☆FFKz|hf
|c|☆FFKz|I initially wanted to load Eelektross too LOL
|c|☆Baddy|great minds think alike 
|inactive|FFKz has 270 seconds left.
|inactive|Baddy has 270 seconds left.
|inactive|FFKz has 240 seconds left.
|inactive|Baddy has 240 seconds left.
|inactive|Baddy has 210 seconds left.
|
|t:|1758298398
|teamsize|p1|6
|teamsize|p2|6
|start
|switch|p1a: Moltres|Moltres|100/100
|switch|p2a: Clefable|Clefable, F|100/100
|turn|1
|
|t:|1758298415
|move|p1a: Moltres|U-turn|p2a: Clefable
|-resisted|p2a: Clefable
|-damage|p2a: Clefable|95/100
|-damage|p1a: Moltres|84/100|[from] item: Rocky Helmet|[of] p2a: Clefable
|
|t:|1758298419
|switch|p1a: Clefable|Clefable, M|100/100|[from] U-turn
|move|p2a: Clefable|Knock Off|p1a: Clefable
|-resisted|p1a: Clefable
|-damage|p1a: Clefable|95/100
|-enditem|p1a: Clefable|Leftovers|[from] move: Knock Off|[of] p2a: Clefable
|
|upkeep
|turn|2
|
|t:|1758298424
|move|p1a: Clefable|Stealth Rock|p2a: Clefable
|-sidestart|p2: Baddy|move: Stealth Rock
|move|p2a: Clefable|Calm Mind|p2a: Clefable
|-boost|p2a: Clefable|spa|1
|-boost|p2a: Clefable|spd|1
|
|upkeep
|turn|3
|
|t:|1758298431
|switch|p1a: Slowking|Slowking-Galar, F|100/100
|move|p2a: Clefable|Knock Off|p1a: Slowking
|-supereffective|p1a: Slowking
|-damage|p1a: Slowking|71/100
|-enditem|p1a: Slowking|Heavy-Duty Boots|[from] move: Knock Off|[of] p2a: Clefable
|
|upkeep
|turn|4
|
|t:|1758298434
|switch|p2a: Ting-Lu|Ting-Lu|100/100
|-damage|p2a: Ting-Lu|94/100|[from] Stealth Rock
|-ability|p2a: Ting-Lu|Vessel of Ruin
|-prepare|p1a: Slowking|Chilly Reception|[premajor]
|move|p1a: Slowking|Chilly Reception|p1a: Slowking
|-weather|Snowscape
|
|t:|1758298437
|switch|p1a: Ursaluna|Ursaluna, M|100/100|[from] Chilly Reception
|
|-weather|Snowscape|[upkeep]
|-heal|p2a: Ting-Lu|100/100|[from] item: Leftovers
|-status|p1a: Ursaluna|brn|[from] item: Flame Orb
|upkeep
|turn|5
|
|t:|1758298441
|move|p1a: Ursaluna|Headlong Rush|p2a: Ting-Lu
|-damage|p2a: Ting-Lu|44/100
|-unboost|p1a: Ursaluna|def|1
|-unboost|p1a: Ursaluna|spd|1
|move|p2a: Ting-Lu|Ruination|p1a: Ursaluna
|-damage|p1a: Ursaluna|51/100 brn
|
|-weather|Snowscape|[upkeep]
|-heal|p2a: Ting-Lu|50/100|[from] item: Leftovers
|-damage|p1a: Ursaluna|44/100 brn|[from] brn
|upkeep
|turn|6
|
|t:|1758298446
|switch|p2a: Dragonite|Dragonite, F|100/100
|move|p1a: Ursaluna|Facade|p2a: Dragonite
|-damage|p2a: Dragonite|50/100
|
|-weather|Snowscape|[upkeep]
|-damage|p1a: Ursaluna|38/100 brn|[from] brn
|upkeep
|turn|7
|
|t:|1758298455
|switch|p1a: Moltres|Moltres|84/100
|move|p2a: Dragonite|Roost|p2a: Dragonite
|-heal|p2a: Dragonite|99/100
|-singleturn|p2a: Dragonite|move: Roost
|
|-weather|Snowscape|[upkeep]
|upkeep
|turn|8
|
|t:|1758298463
|switch|p2a: Clefable|Clefable, F|95/100
|move|p1a: Moltres|U-turn|p2a: Clefable
|-resisted|p2a: Clefable
|-damage|p2a: Clefable|89/100
|-damage|p1a: Moltres|68/100|[from] item: Rocky Helmet|[of] p2a: Clefable
|
|t:|1758298467
|switch|p1a: Ursaluna|Ursaluna, M|38/100 brn|[from] U-turn
|
|-weather|none
|-damage|p1a: Ursaluna|32/100 brn|[from] brn
|upkeep
|turn|9
|inactive|Baddy has 270 seconds left.
|
|t:|1758298506
|switch|p2a: Zamazenta|Zamazenta|100/100
|-ability|p2a: Zamazenta|Dauntless Shield|boost
|-boost|p2a: Zamazenta|def|1
|move|p1a: Ursaluna|Headlong Rush|p2a: Zamazenta
|-damage|p2a: Zamazenta|36/100
|-unboost|p1a: Ursaluna|def|1
|-unboost|p1a: Ursaluna|spd|1
|
|-damage|p1a: Ursaluna|26/100 brn|[from] brn
|upkeep
|turn|10
|inactive|Baddy has 270 seconds left.
|
|t:|1758298512
|switch|p1a: Slowking|Slowking-Galar, F|100/100
|move|p2a: Zamazenta|Crunch|p1a: Slowking
|-supereffective|p1a: Slowking
|-damage|p1a: Slowking|47/100
|
|upkeep
|turn|11
|inactive|Baddy has 270 seconds left.
|
|t:|1758298530
|switch|p1a: Clefable|Clefable, M|95/100
|move|p2a: Zamazenta|Close Combat|p1a: Clefable
|-resisted|p1a: Clefable
|-damage|p1a: Clefable|74/100
|-unboost|p2a: Zamazenta|def|1
|-unboost|p2a: Zamazenta|spd|1
|
|upkeep
|turn|12
|inactive|Baddy has 270 seconds left.
|
|t:|1758298542
|switch|p1a: Slowking|Slowking-Galar, F|80/100
|move|p2a: Zamazenta|Stone Edge|p1a: Slowking
|-damage|p1a: Slowking|47/100
|
|upkeep
|turn|13
|
|t:|1758298550
|switch|p1a: Clefable|Clefable, M|74/100
|move|p2a: Zamazenta|Stone Edge|p1a: Clefable
|-damage|p1a: Clefable|48/100
|
|upkeep
|turn|14
|
|t:|1758298556
|move|p2a: Zamazenta|Crunch|p1a: Clefable
|-resisted|p1a: Clefable
|-damage|p1a: Clefable|38/100
|-unboost|p1a: Clefable|def|1
|move|p1a: Clefable|Moonlight|p1a: Clefable
|-heal|p1a: Clefable|88/100
|
|upkeep
|turn|15
|
|t:|1758298562
|move|p2a: Zamazenta|Crunch|p1a: Clefable
|-resisted|p1a: Clefable
|-damage|p1a: Clefable|73/100
|-unboost|p1a: Clefable|def|1
|move|p1a: Clefable|Moonblast|p2a: Zamazenta
|-supereffective|p2a: Zamazenta
|-damage|p2a: Zamazenta|0 fnt
|faint|p2a: Zamazenta
|
|upkeep
|
|t:|1758298569
|switch|p2a: Eelektross|Eelektross, F|100/100
|-damage|p2a: Eelektross|88/100|[from] Stealth Rock
|turn|16
|
|t:|1758298577
|switch|p1a: Zamazenta|Zamazenta|100/100
|-ability|p1a: Zamazenta|Dauntless Shield|boost
|-boost|p1a: Zamazenta|def|1
|move|p2a: Eelektross|Coil|p2a: Eelektross
|-boost|p2a: Eelektross|atk|1
|-boost|p2a: Eelektross|def|1
|-boost|p2a: Eelektross|accuracy|1
|
|-heal|p2a: Eelektross|94/100|[from] item: Leftovers
|upkeep
|turn|17
|
|t:|1758298581
|move|p1a: Zamazenta|Iron Defense|p1a: Zamazenta
|-boost|p1a: Zamazenta|def|2
|move|p2a: Eelektross|Knock Off|p1a: Zamazenta
|-resisted|p1a: Zamazenta
|-crit|p1a: Zamazenta
|-damage|p1a: Zamazenta|79/100
|-enditem|p1a: Zamazenta|Leftovers|[from] move: Knock Off|[of] p2a: Eelektross
|
|-heal|p2a: Eelektross|100/100|[from] item: Leftovers
|upkeep
|turn|18
|
|t:|1758298593
|switch|p2a: Skeledirge|Skeledirge, F|100/100
|move|p1a: Zamazenta|Crunch|p2a: Skeledirge
|-supereffective|p2a: Skeledirge
|-damage|p2a: Skeledirge|66/100
|
|upkeep
|turn|19
|
|t:|1758298599
|switch|p1a: Slowking|Slowking-Galar, F|80/100
|move|p2a: Skeledirge|Slack Off|p2a: Skeledirge
|-heal|p2a: Skeledirge|100/100
|
|upkeep
|turn|20
|
|t:|1758298604
|move|p2a: Skeledirge|Will-O-Wisp|p1a: Slowking|[miss]
|-miss|p2a: Skeledirge|p1a: Slowking
|move|p1a: Slowking|Thunder Wave|p2a: Skeledirge
|-status|p2a: Skeledirge|par
|
|upkeep
|turn|21
|
|t:|1758298607
|move|p2a: Skeledirge|Will-O-Wisp|p1a: Slowking
|-status|p1a: Slowking|brn
|-prepare|p1a: Slowking|Chilly Reception|[premajor]
|move|p1a: Slowking|Chilly Reception|p1a: Slowking
|-weather|Snowscape
|
|t:|1758298610
|switch|p1a: Ursaluna|Ursaluna, M|26/100 brn|[from] Chilly Reception
|
|-weather|Snowscape|[upkeep]
|-damage|p1a: Ursaluna|20/100 brn|[from] brn
|upkeep
|turn|22
|
|t:|1758298615
|move|p1a: Ursaluna|Facade|p2a: Skeledirge
|-immune|p2a: Skeledirge
|move|p2a: Skeledirge|Torch Song|p1a: Ursaluna
|-damage|p1a: Ursaluna|0 fnt
|-boost|p2a: Skeledirge|spa|1
|faint|p1a: Ursaluna
|
|-weather|Snowscape|[upkeep]
|upkeep
|
|t:|1758298644
|switch|p1a: Gholdengo|Gholdengo|100/100
|-item|p1a: Gholdengo|Air Balloon
|turn|23
|
|t:|1758298652
|switch|p2a: Ting-Lu|Ting-Lu|50/100
|-damage|p2a: Ting-Lu|44/100|[from] Stealth Rock
|-ability|p2a: Ting-Lu|Vessel of Ruin
|-terastallize|p1a: Gholdengo|Fairy
|move|p1a: Gholdengo|Shadow Ball|p2a: Ting-Lu
|-resisted|p2a: Ting-Lu
|-damage|p2a: Ting-Lu|36/100
|
|-weather|Snowscape|[upkeep]
|-heal|p2a: Ting-Lu|43/100|[from] item: Leftovers
|upkeep
|turn|24
|
|t:|1758298657
|switch|p1a: Moltres|Moltres|68/100
|move|p2a: Ting-Lu|Ruination|p1a: Moltres
|-damage|p1a: Moltres|34/100
|
|-weather|Snowscape|[upkeep]
|-heal|p2a: Ting-Lu|49/100|[from] item: Leftovers
|upkeep
|turn|25
|
|t:|1758298661
|move|p1a: Moltres|Will-O-Wisp|p2a: Ting-Lu|[miss]
|-miss|p1a: Moltres|p2a: Ting-Lu
|move|p2a: Ting-Lu|Stealth Rock|p1a: Moltres
|-sidestart|p1: FFKz|move: Stealth Rock
|
|-weather|none
|-heal|p2a: Ting-Lu|55/100|[from] item: Leftovers
|upkeep
|turn|26
|
|t:|1758298665
|switch|p2a: Clefable|Clefable, F|89/100
|move|p1a: Moltres|Will-O-Wisp|p2a: Clefable
|-status|p2a: Clefable|brn
|
|upkeep
|turn|27
|
|t:|1758298670
|move|p1a: Moltres|Roost|p1a: Moltres
|-heal|p1a: Moltres|84/100
|-singleturn|p1a: Moltres|move: Roost
|move|p2a: Clefable|Knock Off|p1a: Moltres
|-damage|p1a: Moltres|80/100
|-enditem|p1a: Moltres|Heavy-Duty Boots|[from] move: Knock Off|[of] p2a: Clefable
|
|upkeep
|turn|28
|c|☆FFKz|oh
|
|t:|1758298680
|move|p1a: Moltres|Flamethrower|p2a: Clefable
|-damage|p2a: Clefable|54/100 brn
|move|p2a: Clefable|Calm Mind|p2a: Clefable
|-boost|p2a: Clefable|spa|1
|-boost|p2a: Clefable|spd|1
|
|upkeep
|turn|29
|
|t:|1758298684
|move|p1a: Moltres|U-turn|p2a: Clefable
|-resisted|p2a: Clefable
|-damage|p2a: Clefable|49/100 brn
|-damage|p1a: Moltres|63/100|[from] item: Rocky Helmet|[of] p2a: Clefable
|
|t:|1758298688
|switch|p1a: Gholdengo|Gholdengo, tera:Fairy|100/100|[from] U-turn
|-damage|p1a: Gholdengo|88/100|[from] Stealth Rock
|-item|p1a: Gholdengo|Air Balloon
|move|p2a: Clefable|Moonlight|p2a: Clefable
|-heal|p2a: Clefable|99/100 brn
|
|upkeep
|turn|30
|
|t:|1758298694
|switch|p2a: Ting-Lu|Ting-Lu|55/100
|-damage|p2a: Ting-Lu|49/100|[from] Stealth Rock
|-ability|p2a: Ting-Lu|Vessel of Ruin
|move|p1a: Gholdengo|Nasty Plot|p1a: Gholdengo
|-boost|p1a: Gholdengo|spa|2
|
|-heal|p2a: Ting-Lu|55/100|[from] item: Leftovers
|upkeep
|turn|31
|
|t:|1758298699
|move|p1a: Gholdengo|Nasty Plot|p1a: Gholdengo
|-boost|p1a: Gholdengo|spa|2
|move|p2a: Ting-Lu|Ruination|p1a: Gholdengo
|-damage|p1a: Gholdengo|44/100
|-enditem|p1a: Gholdengo|Air Balloon
|
|-heal|p2a: Ting-Lu|61/100|[from] item: Leftovers
|upkeep
|turn|32
|
|t:|1758298703
|move|p1a: Gholdengo|Recover|p1a: Gholdengo
|-heal|p1a: Gholdengo|94/100
|move|p2a: Ting-Lu|Ruination|p1a: Gholdengo
|-damage|p1a: Gholdengo|48/100
|
|-heal|p2a: Ting-Lu|68/100|[from] item: Leftovers
|upkeep
|turn|33
|
|t:|1758298706
|move|p1a: Gholdengo|Nasty Plot|p1a: Gholdengo
|-boost|p1a: Gholdengo|spa|2
|move|p2a: Ting-Lu|Ruination|p1a: Gholdengo
|-damage|p1a: Gholdengo|24/100
|
|-heal|p2a: Ting-Lu|74/100|[from] item: Leftovers
|upkeep
|turn|34
|
|t:|1758298713
|move|p1a: Gholdengo|Recover|p1a: Gholdengo
|-heal|p1a: Gholdengo|74/100
|move|p2a: Ting-Lu|Ruination|p1a: Gholdengo
|-damage|p1a: Gholdengo|37/100
|
|-heal|p2a: Ting-Lu|80/100|[from] item: Leftovers
|upkeep
|turn|35
|
|t:|1758298716
|move|p1a: Gholdengo|Recover|p1a: Gholdengo
|-heal|p1a: Gholdengo|87/100
|move|p2a: Ting-Lu|Ruination|p1a: Gholdengo|[miss]
|-miss|p2a: Ting-Lu|p1a: Gholdengo
|
|-heal|p2a: Ting-Lu|86/100|[from] item: Leftovers
|upkeep
|turn|36
|
|t:|1758298719
|move|p1a: Gholdengo|Make It Rain|p2a: Ting-Lu
|-damage|p2a: Ting-Lu|0 fnt
|-unboost|p1a: Gholdengo|spa|1
|faint|p2a: Ting-Lu
|
|upkeep
|
|t:|1758298735
|switch|p2a: Skeledirge|Skeledirge, F|100/100 par
|turn|37
|
|t:|1758298739
|-terastallize|p2a: Skeledirge|Water
|move|p1a: Gholdengo|Shadow Ball|p2a: Skeledirge
|-damage|p2a: Skeledirge|77/100 par
|move|p2a: Skeledirge|Torch Song|p1a: Gholdengo
|-damage|p1a: Gholdengo|60/100
|-boost|p2a: Skeledirge|spa|1
|
|upkeep
|turn|38
|
|t:|1758298744
|move|p1a: Gholdengo|Shadow Ball|p2a: Skeledirge
|-damage|p2a: Skeledirge|51/100 par
|cant|p2a: Skeledirge|par
|
|upkeep
|turn|39
|
|t:|1758298749
|move|p1a: Gholdengo|Shadow Ball|p2a: Skeledirge
|-damage|p2a: Skeledirge|26/100 par
|move|p2a: Skeledirge|Slack Off|p2a: Skeledirge
|-heal|p2a: Skeledirge|76/100 par
|
|upkeep
|turn|40
|
|t:|1758298753
|move|p1a: Gholdengo|Recover|p1a: Gholdengo
|-heal|p1a: Gholdengo|100/100
|move|p2a: Skeledirge|Slack Off|p2a: Skeledirge
|-heal|p2a: Skeledirge|100/100 par
|
|upkeep
|turn|41
|
|t:|1758298758
|switch|p1a: Slowking|Slowking-Galar, F|100/100 brn
|-damage|p1a: Slowking|88/100 brn|[from] Stealth Rock
|cant|p2a: Skeledirge|par
|
|-damage|p1a: Slowking|82/100 brn|[from] brn
|upkeep
|turn|42
|
|t:|1758298763
|move|p2a: Skeledirge|Torch Song|p1a: Slowking
|-damage|p1a: Slowking|53/100 brn
|-boost|p2a: Skeledirge|spa|1
|move|p1a: Slowking|Sludge Bomb|p2a: Skeledirge
|-damage|p2a: Skeledirge|74/100 par
|
|-damage|p1a: Slowking|47/100 brn|[from] brn
|upkeep
|turn|43
|
|t:|1758298772
|move|p2a: Skeledirge|Torch Song|p1a: Slowking
|-damage|p1a: Slowking|12/100 brn
|-boost|p2a: Skeledirge|spa|1
|move|p1a: Slowking|Sludge Bomb|p2a: Skeledirge
|-damage|p2a: Skeledirge|52/100 par
|
|-damage|p1a: Slowking|6/100 brn|[from] brn
|upkeep
|turn|44
|
|t:|1758298777
|move|p2a: Skeledirge|Slack Off|p2a: Skeledirge
|-heal|p2a: Skeledirge|100/100 par
|move|p1a: Slowking|Sludge Bomb|p2a: Skeledirge
|-damage|p2a: Skeledirge|75/100 par
|
|-damage|p1a: Slowking|0 fnt|[from] brn
|faint|p1a: Slowking
|upkeep
|
|t:|1758298794
|switch|p1a: Zamazenta|Zamazenta|79/100
|-damage|p1a: Zamazenta|73/100|[from] Stealth Rock
|turn|45
|
|t:|1758298805
|switch|p2a: Clefable|Clefable, F|99/100 brn
|move|p1a: Zamazenta|Body Press|p2a: Clefable
|-resisted|p2a: Clefable
|-damage|p2a: Clefable|85/100 brn
|-damage|p1a: Zamazenta|57/100|[from] item: Rocky Helmet|[of] p2a: Clefable
|
|upkeep
|turn|46
|
|t:|1758298809
|move|p1a: Zamazenta|Heavy Slam|p2a: Clefable
|-supereffective|p2a: Clefable
|-damage|p2a: Clefable|33/100 brn
|-damage|p1a: Zamazenta|40/100|[from] item: Rocky Helmet|[of] p2a: Clefable
|move|p2a: Clefable|Calm Mind|p2a: Clefable
|-boost|p2a: Clefable|spa|1
|-boost|p2a: Clefable|spd|1
|
|upkeep
|turn|47
|
|t:|1758298819
|move|p1a: Zamazenta|Heavy Slam|p2a: Clefable
|-supereffective|p2a: Clefable
|-damage|p2a: Clefable|0 fnt
|-damage|p1a: Zamazenta|24/100|[from] item: Rocky Helmet|[of] p2a: Clefable
|faint|p2a: Clefable
|
|upkeep
|
|t:|1758298834
|switch|p2a: Dragonite|Dragonite, F|99/100
|turn|48
|
|t:|1758298839
|switch|p1a: Clefable|Clefable, M|73/100
|move|p2a: Dragonite|Earthquake|p1a: Clefable
|-damage|p1a: Clefable|48/100
|
|upkeep
|turn|49
|
|t:|1758298846
|switch|p2a: Eelektross|Eelektross, F|100/100
|-damage|p2a: Eelektross|88/100|[from] Stealth Rock
|move|p1a: Clefable|Moonlight|p1a: Clefable
|-heal|p1a: Clefable|98/100
|
|-heal|p2a: Eelektross|94/100|[from] item: Leftovers
|upkeep
|turn|50
|
|t:|1758298855
|move|p1a: Clefable|Moonblast|p2a: Eelektross
|-damage|p2a: Eelektross|69/100
|move|p2a: Eelektross|Supercell Slam|p1a: Clefable
|-damage|p1a: Clefable|67/100
|
|-heal|p2a: Eelektross|76/100|[from] item: Leftovers
|upkeep
|turn|51
|
|t:|1758298867
|move|p1a: Clefable|Moonlight|p1a: Clefable
|-heal|p1a: Clefable|100/100
|move|p2a: Eelektross|Coil|p2a: Eelektross
|-boost|p2a: Eelektross|atk|1
|-boost|p2a: Eelektross|def|1
|-boost|p2a: Eelektross|accuracy|1
|
|-heal|p2a: Eelektross|82/100|[from] item: Leftovers
|upkeep
|turn|52
|
|t:|1758298873
|move|p1a: Clefable|Moonblast|p2a: Eelektross
|-damage|p2a: Eelektross|57/100
|move|p2a: Eelektross|Supercell Slam|p1a: Clefable
|-damage|p1a: Clefable|56/100
|
|-heal|p2a: Eelektross|63/100|[from] item: Leftovers
|upkeep
|turn|53
|
|t:|1758298879
|move|p1a: Clefable|Moonblast|p2a: Eelektross
|-damage|p2a: Eelektross|41/100
|move|p2a: Eelektross|Coil|p2a: Eelektross
|-boost|p2a: Eelektross|atk|1
|-boost|p2a: Eelektross|def|1
|-boost|p2a: Eelektross|accuracy|1
|
|-heal|p2a: Eelektross|47/100|[from] item: Leftovers
|upkeep
|turn|54
|
|t:|1758298883
|move|p1a: Clefable|Healing Wish|p1a: Clefable
|faint|p1a: Clefable
|move|p2a: Eelektross|Supercell Slam|p1: Clefable|[notarget]
|-fail|p2a: Eelektross
|
|-heal|p2a: Eelektross|53/100|[from] item: Leftovers
|upkeep
|
|t:|1758298886
|switch|p1a: Zamazenta|Zamazenta|24/100
|-heal|p1a: Zamazenta|100/100|[from] move: Healing Wish
|-damage|p1a: Zamazenta|94/100|[from] Stealth Rock
|turn|55
|
|t:|1758298890
|move|p1a: Zamazenta|Iron Defense|p1a: Zamazenta
|-boost|p1a: Zamazenta|def|2
|move|p2a: Eelektross|Drain Punch|p1a: Zamazenta
|-damage|p1a: Zamazenta|80/100
|-heal|p2a: Eelektross|61/100|[from] drain|[of] p1a: Zamazenta
|
|-heal|p2a: Eelektross|67/100|[from] item: Leftovers
|upkeep
|turn|56
|
|t:|1758298894
|move|p1a: Zamazenta|Body Press|p2a: Eelektross
|-damage|p2a: Eelektross|30/100
|move|p2a: Eelektross|Supercell Slam|p1a: Zamazenta
|-crit|p1a: Zamazenta
|-damage|p1a: Zamazenta|4/100
|
|-heal|p2a: Eelektross|36/100|[from] item: Leftovers
|upkeep
|turn|57
|
|t:|1758298904
|move|p1a: Zamazenta|Body Press|p2a: Eelektross
|-crit|p2a: Eelektross
|-damage|p2a: Eelektross|0 fnt
|faint|p2a: Eelektross
|
|upkeep
|
|t:|1758298906
|switch|p2a: Dragonite|Dragonite, F|99/100
|turn|58
|
|t:|1758298910
|switch|p1a: Moltres|Moltres|63/100
|-damage|p1a: Moltres|13/100|[from] Stealth Rock
|move|p2a: Dragonite|Extreme Speed|p1a: Moltres
|-damage|p1a: Moltres|0 fnt
|-status|p2a: Dragonite|brn|[from] ability: Flame Body|[of] p1a: Moltres
|faint|p1a: Moltres
|
|-damage|p2a: Dragonite|93/100 brn|[from] brn
|upkeep
|
|t:|1758298914
|switch|p1a: Gholdengo|Gholdengo, tera:Fairy|100/100
|-damage|p1a: Gholdengo|88/100|[from] Stealth Rock
|turn|59
|
|t:|1758298919
|move|p1a: Gholdengo|Shadow Ball|p2a: Dragonite
|-damage|p2a: Dragonite|62/100 brn
|move|p2a: Dragonite|Earthquake|p1a: Gholdengo
|-damage|p1a: Gholdengo|75/100
|
|-damage|p2a: Dragonite|56/100 brn|[from] brn
|upkeep
|turn|60
|
|t:|1758298924
|move|p1a: Gholdengo|Shadow Ball|p2a: Dragonite
|-damage|p2a: Dragonite|25/100 brn
|move|p2a: Dragonite|Earthquake|p1a: Gholdengo
|-damage|p1a: Gholdengo|63/100
|
|-damage|p2a: Dragonite|18/100 brn|[from] brn
|upkeep
|turn|61
|
|t:|1758298926
|move|p1a: Gholdengo|Recover|p1a: Gholdengo
|-heal|p1a: Gholdengo|100/100
|move|p2a: Dragonite|Earthquake|p1a: Gholdengo
|-damage|p1a: Gholdengo|88/100
|
|-damage|p2a: Dragonite|12/100 brn|[from] brn
|upkeep
|turn|62
|
|t:|1758298933
|move|p2a: Dragonite|Extreme Speed|p1a: Gholdengo
|-damage|p1a: Gholdengo|79/100
|move|p1a: Gholdengo|Shadow Ball|p2a: Dragonite
|-damage|p2a: Dragonite|0 fnt
|faint|p2a: Dragonite
|
|upkeep
|
|t:|1758298936
|switch|p2a: Skeledirge|Skeledirge, F, tera:Water|75/100 par
|turn|63
|
|t:|1758298940
|move|p1a: Gholdengo|Shadow Ball|p2a: Skeledirge
|-damage|p2a: Skeledirge|50/100 par
|move|p2a: Skeledirge|Slack Off|p2a: Skeledirge
|-heal|p2a: Skeledirge|100/100 par
|
|upkeep
|turn|64
|
|t:|1758298944
|move|p1a: Gholdengo|Shadow Ball|p2a: Skeledirge
|-damage|p2a: Skeledirge|75/100 par
|move|p2a: Skeledirge|Torch Song|p1a: Gholdengo
|-damage|p1a: Gholdengo|47/100
|-boost|p2a: Skeledirge|spa|1
|
|upkeep
|turn|65
|
|t:|1758298948
|move|p1a: Gholdengo|Shadow Ball|p2a: Skeledirge
|-damage|p2a: Skeledirge|47/100 par
|-unboost|p2a: Skeledirge|spd|1
|cant|p2a: Skeledirge|par
|
|upkeep
|turn|66
|
|t:|1758298953
|move|p1a: Gholdengo|Shadow Ball|p2a: Skeledirge
|-damage|p2a: Skeledirge|8/100 par
|move|p2a: Skeledirge|Torch Song|p1a: Gholdengo
|-damage|p1a: Gholdengo|3/100
|-boost|p2a: Skeledirge|spa|1
|
|upkeep
|turn|67
|
|t:|1758298958
|move|p1a: Gholdengo|Shadow Ball|p2a: Skeledirge
|-damage|p2a: Skeledirge|0 fnt
|faint|p2a: Skeledirge
|
|win|FFKz
|c|☆FFKz|gg
|c|☆Baddy|gg
|c|☆FFKz|sorry for para
