|j|☆Lord Spink
|j|‽cattoungue2681
|t:|1758260330
|gametype|singles
|player|p1|Lord Spink|2|1318
|player|p2|cattoungue2681|169|1412
|gen|9
|tier|[Gen 9] OU
|rated|
|rule|HP Percentage Mod: HP is shown in percentages
|rule|Endless Battle Clause: Forcing endless battles is banned
|rule|Species Clause: Limit one of each Pokémon
|rule|OHKO Clause: OHKO moves are banned
|rule|Evasion Items Clause: Evasion items are banned
|rule|Evasion Moves Clause: Evasion moves are banned
|rule|Evasion Abilities Clause: Evasion abilities are banned
|rule|Sleep Moves Clause: Sleep-inducing moves are banned
|clearpoke
|poke|p1|Samurott-Hisui, M|
|poke|p1|Arcanine, M|
|poke|p1|Hatterene, F|
|poke|p1|Glimmora, F|
|poke|p1|Forretress, F|
|poke|p1|Porygon-Z|
|poke|p2|Dragonite, F|
|poke|p2|Hatterene, F|
|poke|p2|Great Tusk|
|poke|p2|Ceruledge, M|
|poke|p2|Ting-Lu|
|poke|p2|Kyurem|
|teampreview
|inactive|Battle timer is ON: inactive players will automatically lose when time's up. (requested by Lord Spink)
|
|t:|1758260340
|teamsize|p1|6
|teamsize|p2|6
|start
|switch|p1a: Big Hermoine|Hatterene, F|100/100
|switch|p2a: Ting-Lu|Ting-Lu|100/100
|-ability|p2a: Ting-Lu|Vessel of Ruin
|turn|1
|
|t:|1758260349
|move|p2a: Ting-Lu|Ruination|p1a: Big Hermoine|[miss]
|-miss|p2a: Ting-Lu|p1a: Big Hermoine
|move|p1a: Big Hermoine|Draining Kiss|p2a: Ting-Lu
|-supereffective|p2a: Ting-Lu
|-damage|p2a: Ting-Lu|74/100
|
|-heal|p2a: Ting-Lu|81/100|[from] item: Leftovers
|upkeep
|turn|2
|
|t:|1758260358
|move|p1a: Big Hermoine|Future Sight|p2a: Ting-Lu
|-start|p1a: Big Hermoine|move: Future Sight
|move|p2a: Ting-Lu|Whirlwind|p1a: Big Hermoine
|move|p1a: Big Hermoine|Whirlwind|p2a: Ting-Lu|[from] ability: Magic Bounce
|drag|p2a: Dragonite|Dragonite, F|100/100
|
|upkeep
|turn|3
|
|t:|1758260369
|switch|p2a: Hatterene|Hatterene, F|100/100
|move|p1a: Big Hermoine|Draining Kiss|p2a: Hatterene
|-damage|p2a: Hatterene|79/100
|
|upkeep
|turn|4
|
|t:|1758260374
|move|p2a: Hatterene|Draining Kiss|p1a: Big Hermoine
|-damage|p1a: Big Hermoine|84/100
|-heal|p2a: Hatterene|92/100|[from] drain|[of] p1a: Big Hermoine
|move|p1a: Big Hermoine|Mystical Fire|p2a: Hatterene
|-damage|p2a: Hatterene|71/100
|-unboost|p2a: Hatterene|spa|1
|
|-end|p2a: Hatterene|move: Future Sight
|-resisted|p2a: Hatterene
|-damage|p2a: Hatterene|47/100
|upkeep
|turn|5
|
|t:|1758260385
|switch|p1a: Big Samuel|Samurott-Hisui, M|100/100
|move|p2a: Hatterene|Nuzzle|p1a: Big Samuel
|-supereffective|p1a: Big Samuel
|-damage|p1a: Big Samuel|91/100
|-status|p1a: Big Samuel|par
|
|upkeep
|turn|6
|
|t:|1758260392
|cant|p1a: Big Samuel|par
|move|p2a: Hatterene|Draining Kiss|p1a: Big Samuel
|-supereffective|p1a: Big Samuel
|-damage|p1a: Big Samuel|37/100 par
|-heal|p2a: Hatterene|89/100|[from] drain|[of] p1a: Big Samuel
|
|upkeep
|turn|7
|
|t:|1758260398
|cant|p1a: Big Samuel|par
|move|p2a: Hatterene|Draining Kiss|p1a: Big Samuel
|-supereffective|p1a: Big Samuel
|-damage|p1a: Big Samuel|0 fnt
|-heal|p2a: Hatterene|100/100|[from] drain|[of] p1a: Big Samuel
|faint|p1a: Big Samuel
|
|upkeep
|
|t:|1758260405
|switch|p1a: Big Gemma|Glimmora, F|100/100
|turn|8
|
|t:|1758260409
|move|p1a: Big Gemma|Sludge Wave|p2a: Hatterene
|-supereffective|p2a: Hatterene
|-damage|p2a: Hatterene|4/100
|move|p2a: Hatterene|Psyshock|p1a: Big Gemma
|-supereffective|p1a: Big Gemma
|-crit|p1a: Big Gemma
|-damage|p1a: Big Gemma|0 fnt
|faint|p1a: Big Gemma
|
|upkeep
|
|t:|1758260417
|switch|p1a: Big Polydipsia|Porygon-Z|100/100
|turn|9
|
|t:|1758260421
|move|p1a: Big Polydipsia|Tera Blast|p2a: Hatterene
|-damage|p2a: Hatterene|0 fnt
|faint|p2a: Hatterene
|
|upkeep
|
|t:|1758260427
|switch|p2a: Ting-Lu|Ting-Lu|81/100
|-ability|p2a: Ting-Lu|Vessel of Ruin
|turn|10
|
|t:|1758260432
|-terastallize|p1a: Big Polydipsia|Fairy
|move|p1a: Big Polydipsia|Tera Blast|p2a: Ting-Lu|[anim] Tera Blast Fairy
|-supereffective|p2a: Ting-Lu
|-damage|p2a: Ting-Lu|31/100
|move|p2a: Ting-Lu|Stealth Rock|p1a: Big Polydipsia
|-sidestart|p1: Lord Spink|move: Stealth Rock
|
|-heal|p2a: Ting-Lu|37/100|[from] item: Leftovers
|upkeep
|turn|11
|
|t:|1758260449
|move|p1a: Big Polydipsia|Tera Blast|p2a: Ting-Lu|[anim] Tera Blast Fairy
|-supereffective|p2a: Ting-Lu
|-damage|p2a: Ting-Lu|0 fnt
|faint|p2a: Ting-Lu
|
|upkeep
|
|t:|1758260453
|switch|p2a: Ceruledge|Ceruledge, M|100/100
|turn|12
|
|t:|1758260457
|switch|p1a: Big Archibald|Arcanine, M|100/100
|-damage|p1a: Big Archibald|75/100|[from] Stealth Rock
|-ability|p1a: Big Archibald|Intimidate|boost
|-unboost|p2a: Ceruledge|atk|1
|move|p2a: Ceruledge|Swords Dance|p2a: Ceruledge
|-boost|p2a: Ceruledge|atk|2
|
|upkeep
|turn|13
|
|t:|1758260466
|move|p2a: Ceruledge|Swords Dance|p2a: Ceruledge
|-boost|p2a: Ceruledge|atk|2
|move|p1a: Big Archibald|Wild Charge|p2a: Ceruledge
|-damage|p2a: Ceruledge|39/100
|-ability|p2a: Ceruledge|Weak Armor|boost
|-unboost|p2a: Ceruledge|def|1
|-boost|p2a: Ceruledge|spe|2
|-damage|p1a: Big Archibald|64/100|[from] Recoil
|
|upkeep
|turn|14
|
|t:|1758260475
|move|p2a: Ceruledge|Shadow Sneak|p1a: Big Archibald
|-damage|p1a: Big Archibald|10/100
|move|p1a: Big Archibald|Wild Charge|p2a: Ceruledge
|-damage|p2a: Ceruledge|0 fnt
|faint|p2a: Ceruledge
|-damage|p1a: Big Archibald|3/100|[from] Recoil
|
|upkeep
|
|t:|1758260484
|switch|p2a: Kyurem|Kyurem|100/100
|-ability|p2a: Kyurem|Pressure
|turn|15
|
|t:|1758260510
|move|p2a: Kyurem|Dragon Dance|p2a: Kyurem
|-boost|p2a: Kyurem|atk|1
|-boost|p2a: Kyurem|spe|1
|move|p1a: Big Archibald|Wild Charge|p2a: Kyurem
|-resisted|p2a: Kyurem
|-damage|p2a: Kyurem|79/100
|-damage|p1a: Big Archibald|0 fnt|[from] Recoil
|faint|p1a: Big Archibald
|
|upkeep
|
|t:|1758260522
|switch|p1a: Big Francesca|Forretress, F|100/100
|-damage|p1a: Big Francesca|88/100|[from] Stealth Rock
|turn|16
|
|t:|1758260537
|-terastallize|p2a: Kyurem|Fire
|move|p2a: Kyurem|Tera Blast|p1a: Big Francesca|[anim] Tera Blast Fire
|-supereffective|p1a: Big Francesca
|-damage|p1a: Big Francesca|0 fnt
|faint|p1a: Big Francesca
|
|upkeep
|
|t:|1758260543
|switch|p1a: Big Hermoine|Hatterene, F|84/100
|-damage|p1a: Big Hermoine|71/100|[from] Stealth Rock
|turn|17
|
|t:|1758260553
|move|p2a: Kyurem|Icicle Spear|p1a: Big Hermoine
|-damage|p1a: Big Hermoine|50/100
|-damage|p1a: Big Hermoine|29/100
|-damage|p1a: Big Hermoine|9/100
|-damage|p1a: Big Hermoine|0 fnt
|faint|p1a: Big Hermoine
|-hitcount|p1: Big Hermoine|4
|
|upkeep
|
|t:|1758260561
|switch|p1a: Big Polydipsia|Porygon-Z, tera:Fairy|100/100
|-damage|p1a: Big Polydipsia|88/100|[from] Stealth Rock
|turn|18
|
|t:|1758260565
|move|p2a: Kyurem|Icicle Spear|p1a: Big Polydipsia
|-damage|p1a: Big Polydipsia|57/100
|-damage|p1a: Big Polydipsia|29/100
|-damage|p1a: Big Polydipsia|0 fnt
|faint|p1a: Big Polydipsia
|-hitcount|p1: Big Polydipsia|3
|
|win|cattoungue2681
|raw|Lord Spink's rating: 1318 &rarr; <strong>1303</strong><br />(-15 for losing)
|raw|cattoungue2681's rating: 1412 &rarr; <strong>1427</strong><br />(+15 for winning)
|l|☆Lord Spink
|player|p1|
|l|‽cattoungue2681
|player|p2|
