|j|☆SamiFawad
|j|☆Obito 2001
|t:|1758366709
|gametype|singles
|player|p1|SamiFawad|169|1652
|player|p2|Obito 2001|blue-gen3two|1699
|gen|9
|tier|[Gen 9] OU
|rated|
|rule|HP Percentage Mod: HP is shown in percentages
|rule|Endless Battle Clause: Forcing endless battles is banned
|rule|Species Clause: Limit one of each Pokémon
|rule|OHKO Clause: OHKO moves are banned
|rule|Evasion Items Clause: Evasion items are banned
|rule|Evasion Moves Clause: Evasion moves are banned
|rule|Evasion Abilities Clause: Evasion abilities are banned
|rule|Sleep Moves Clause: Sleep-inducing moves are banned
|clearpoke
|poke|p1|Slowking-Galar, M|
|poke|p1|Samurott-Hisui, F|
|poke|p1|Magnezone|
|poke|p1|Pecharunt|
|poke|p1|Ogerpon-Cornerstone, F|
|poke|p1|Great Tusk|
|poke|p2|Iron Crown|
|poke|p2|Primarina, F|
|poke|p2|Great Tusk|
|poke|p2|Rillaboom, F|
|poke|p2|Ogerpon-Wellspring, F|
|poke|p2|Pecharunt|
|teampreview
|inactive|Battle timer is ON: inactive players will automatically lose when time's up. (requested by Obito 2001)
|
|t:|1758366722
|teamsize|p1|6
|teamsize|p2|6
|start
|switch|p1a: Magnezone|Magnezone|100/100
|switch|p2a: Rillaboom|Rillaboom, F|100/100
|-fieldstart|move: Grassy Terrain|[from] ability: Grassy Surge|[of] p2a: Rillaboom
|turn|1
|
|t:|1758366738
|switch|p1a: Pecharunt|Pecharunt|100/100
|move|p2a: Rillaboom|Low Kick|p1a: Pecharunt
|-immune|p1a: Pecharunt
|
|upkeep
|turn|2
|
|t:|1758366745
|move|p2a: Rillaboom|Knock Off|p1a: Pecharunt
|-supereffective|p1a: Pecharunt
|-damage|p1a: Pecharunt|61/100
|-damage|p2a: Rillaboom|84/100|[from] item: Rocky Helmet|[of] p1a: Pecharunt
|-enditem|p1a: Pecharunt|Rocky Helmet|[from] move: Knock Off|[of] p2a: Rillaboom
|move|p1a: Pecharunt|Shadow Ball|p2a: Rillaboom
|-damage|p2a: Rillaboom|42/100
|
|-heal|p2a: Rillaboom|48/100|[from] Grassy Terrain
|-heal|p1a: Pecharunt|67/100|[from] Grassy Terrain
|upkeep
|turn|3
|
|t:|1758366754
|move|p2a: Rillaboom|U-turn|p1a: Pecharunt
|-resisted|p1a: Pecharunt
|-crit|p1a: Pecharunt
|-damage|p1a: Pecharunt|62/100
|
|t:|1758366758
|switch|p2a: Pecharunt|Pecharunt|100/100|[from] U-turn
|move|p1a: Pecharunt|Recover|p1a: Pecharunt
|-heal|p1a: Pecharunt|100/100
|
|upkeep
|turn|4
|
|t:|1758366760
|move|p2a: Pecharunt|Shadow Ball|p1a: Pecharunt
|-supereffective|p1a: Pecharunt
|-crit|p1a: Pecharunt
|-damage|p1a: Pecharunt|32/100
|move|p1a: Pecharunt|Shadow Ball|p2a: Pecharunt
|-supereffective|p2a: Pecharunt
|-damage|p2a: Pecharunt|28/100
|-unboost|p2a: Pecharunt|spd|1
|
|-heal|p2a: Pecharunt|34/100|[from] Grassy Terrain
|-heal|p1a: Pecharunt|38/100|[from] Grassy Terrain
|upkeep
|turn|5
|
|t:|1758366773
|-terastallize|p1a: Pecharunt|Normal
|move|p2a: Pecharunt|Parting Shot|p1a: Pecharunt
|-unboost|p1a: Pecharunt|atk|1
|-unboost|p1a: Pecharunt|spa|1
|
|t:|1758366780
|switch|p2a: Minari|Primarina, F, shiny|100/100|[from] Parting Shot
|move|p1a: Pecharunt|Recover|p1a: Pecharunt
|-heal|p1a: Pecharunt|88/100
|
|-heal|p1a: Pecharunt|94/100|[from] Grassy Terrain
|upkeep
|turn|6
|
|t:|1758366785
|switch|p2a: Pecharunt|Pecharunt|34/100
|move|p1a: Pecharunt|Malignant Chain|p2a: Pecharunt
|-resisted|p2a: Pecharunt
|-damage|p2a: Pecharunt|27/100
|
|-heal|p2a: Pecharunt|33/100|[from] Grassy Terrain
|-heal|p1a: Pecharunt|99/100|[from] Grassy Terrain
|upkeep
|turn|7
|
|t:|1758366789
|move|p2a: Pecharunt|Recover|p2a: Pecharunt
|-heal|p2a: Pecharunt|83/100
|move|p1a: Pecharunt|Parting Shot|p2a: Pecharunt
|-unboost|p2a: Pecharunt|atk|1
|-unboost|p2a: Pecharunt|spa|1
|
|t:|1758366791
|switch|p1a: Samurott|Samurott-Hisui, F|100/100|[from] Parting Shot
|
|-heal|p2a: Pecharunt|89/100|[from] Grassy Terrain
|upkeep
|turn|8
|
|t:|1758366796
|move|p1a: Samurott|Ceaseless Edge|p2a: Pecharunt
|-supereffective|p2a: Pecharunt
|-damage|p2a: Pecharunt|38/100
|-sidestart|p2: Obito 2001|Spikes
|move|p2a: Pecharunt|Malignant Chain|p1a: Samurott
|-damage|p1a: Samurott|79/100
|-status|p1a: Samurott|tox
|-start|p1a: Samurott|confusion|[from] ability: Poison Puppeteer|[of] p2a: Pecharunt
|
|-heal|p1a: Samurott|85/100 tox|[from] Grassy Terrain
|-heal|p2a: Pecharunt|44/100|[from] Grassy Terrain
|-damage|p1a: Samurott|79/100 tox|[from] psn
|-fieldend|move: Grassy Terrain
|upkeep
|turn|9
|
|t:|1758366803
|switch|p1a: Pecharunt|Pecharunt, tera:Normal|99/100
|switch|p2a: Mega Donphan|Great Tusk|100/100
|
|upkeep
|turn|10
|
|t:|1758366807
|move|p2a: Mega Donphan|Stealth Rock|p1a: Pecharunt
|-sidestart|p1: SamiFawad|move: Stealth Rock
|move|p1a: Pecharunt|Malignant Chain|p2a: Mega Donphan
|-resisted|p2a: Mega Donphan
|-damage|p2a: Mega Donphan|67/100
|
|upkeep
|turn|11
|
|t:|1758366811
|move|p2a: Mega Donphan|Rapid Spin|p1a: Pecharunt
|-damage|p1a: Pecharunt|90/100
|-boost|p2a: Mega Donphan|spe|1
|-sideend|p2: Obito 2001|Spikes|[from] move: Rapid Spin|[of] p2a: Mega Donphan
|move|p1a: Pecharunt|Shadow Ball|p2a: Mega Donphan
|-damage|p2a: Mega Donphan|13/100
|
|upkeep
|turn|12
|
|t:|1758366816
|-end|p2a: Mega Donphan|Protosynthesis|[silent]
|switch|p2a: Pecharunt|Pecharunt|44/100
|move|p1a: Pecharunt|Parting Shot|p2a: Pecharunt
|-unboost|p2a: Pecharunt|atk|1
|-unboost|p2a: Pecharunt|spa|1
|
|t:|1758366819
|switch|p1a: Samurott|Samurott-Hisui, F|79/100 tox|[from] Parting Shot
|-damage|p1a: Samurott|66/100 tox|[from] Stealth Rock
|
|-damage|p1a: Samurott|60/100 tox|[from] psn
|upkeep
|turn|13
|
|t:|1758366827
|move|p1a: Samurott|Ceaseless Edge|p2a: Pecharunt|[miss]
|-miss|p1a: Samurott|p2a: Pecharunt
|move|p2a: Pecharunt|Parting Shot|p1a: Samurott
|-unboost|p1a: Samurott|atk|1
|-unboost|p1a: Samurott|spa|1
|
|t:|1758366830
|switch|p2a: Ban me|Ogerpon-Wellspring, F|100/100|[from] Parting Shot
|
|-damage|p1a: Samurott|48/100 tox|[from] psn
|upkeep
|turn|14
|j| Ctannn
|
|t:|1758366837
|switch|p1a: Pecharunt|Pecharunt, tera:Normal|90/100
|-damage|p1a: Pecharunt|77/100|[from] Stealth Rock
|move|p2a: Ban me|U-turn|p1a: Pecharunt
|-damage|p1a: Pecharunt|60/100
|
|t:|1758366845
|switch|p2a: Zanpakuto|Iron Crown|100/100|[from] U-turn
|-enditem|p2a: Zanpakuto|Booster Energy
|-activate|p2a: Zanpakuto|ability: Quark Drive|[fromitem]
|-start|p2a: Zanpakuto|quarkdrivespe
|
|upkeep
|turn|15
|
|t:|1758366850
|move|p2a: Zanpakuto|Calm Mind|p2a: Zanpakuto
|-boost|p2a: Zanpakuto|spa|1
|-boost|p2a: Zanpakuto|spd|1
|move|p1a: Pecharunt|Recover|p1a: Pecharunt
|-heal|p1a: Pecharunt|100/100
|
|upkeep
|turn|16
|
|t:|1758366855
|switch|p1a: Slowking|Slowking-Galar, M|100/100
|-damage|p1a: Slowking|88/100|[from] Stealth Rock
|move|p2a: Zanpakuto|Focus Blast|p1a: Slowking
|-resisted|p1a: Slowking
|-damage|p1a: Slowking|81/100
|
|upkeep
|turn|17
|
|t:|1758366859
|move|p2a: Zanpakuto|Psyshock|p1a: Slowking
|-damage|p1a: Slowking|22/100
|move|p1a: Slowking|Flamethrower|p2a: Zanpakuto
|-supereffective|p2a: Zanpakuto
|-damage|p2a: Zanpakuto|63/100
|
|upkeep
|turn|18
|
|t:|1758366865
|move|p2a: Zanpakuto|Tachyon Cutter|p1a: Slowking
|-damage|p1a: Slowking|3/100
|-damage|p1a: Slowking|0 fnt
|faint|p1a: Slowking
|-hitcount|p1: Slowking|2
|
|upkeep
|
|t:|1758366876
|switch|p1a: Great Tusk|Great Tusk|100/100
|-damage|p1a: Great Tusk|98/100|[from] Stealth Rock
|turn|19
|
|t:|1758366883
|move|p2a: Zanpakuto|Psyshock|p1a: Great Tusk
|-supereffective|p1a: Great Tusk
|-damage|p1a: Great Tusk|44/100
|move|p1a: Great Tusk|Earthquake|p2a: Zanpakuto
|-supereffective|p2a: Zanpakuto
|-damage|p2a: Zanpakuto|0 fnt
|faint|p2a: Zanpakuto
|-end|p2a: Zanpakuto|Quark Drive|[silent]
|
|upkeep
|
|t:|1758366887
|switch|p2a: Ban me|Ogerpon-Wellspring, F|100/100
|turn|20
|
|t:|1758366900
|move|p2a: Ban me|Ivy Cudgel|p1a: Great Tusk|[anim] Ivy Cudgel Water
|-supereffective|p1a: Great Tusk
|-damage|p1a: Great Tusk|0 fnt
|faint|p1a: Great Tusk
|-end|p1a: Great Tusk|Protosynthesis|[silent]
|
|upkeep
|
|t:|1758366903
|switch|p1a: Pecharunt|Pecharunt, tera:Normal|100/100
|-damage|p1a: Pecharunt|88/100|[from] Stealth Rock
|turn|21
|
|t:|1758366907
|move|p2a: Ban me|U-turn|p1a: Pecharunt
|-damage|p1a: Pecharunt|73/100
|
|t:|1758366909
|switch|p2a: Pecharunt|Pecharunt|44/100|[from] U-turn
|move|p1a: Pecharunt|Shadow Ball|p2a: Pecharunt
|-supereffective|p2a: Pecharunt
|-damage|p2a: Pecharunt|0 fnt
|faint|p2a: Pecharunt
|
|upkeep
|
|t:|1758366913
|switch|p2a: Minari|Primarina, F, shiny|100/100
|turn|22
|
|t:|1758366921
|-terastallize|p2a: Minari|Steel
|move|p2a: Minari|Substitute|p2a: Minari
|-start|p2a: Minari|Substitute
|-damage|p2a: Minari|76/100
|move|p1a: Pecharunt|Malignant Chain|p2a: Minari
|-immune|p2a: Minari
|
|-heal|p2a: Minari|82/100|[from] item: Leftovers
|upkeep
|turn|23
|
|t:|1758366924
|move|p2a: Minari|Psychic Noise|p1a: Pecharunt
|-damage|p1a: Pecharunt|34/100
|-start|p1a: Pecharunt|move: Heal Block
|move|p1a: Pecharunt|Shadow Ball|p2a: Minari
|-end|p2a: Minari|Substitute
|
|-heal|p2a: Minari|88/100|[from] item: Leftovers
|upkeep
|turn|24
|j| Nikator98
|
|t:|1758366932
|move|p2a: Minari|Moonblast|p1a: Pecharunt
|-damage|p1a: Pecharunt|0 fnt
|faint|p1a: Pecharunt
|
|-heal|p2a: Minari|94/100|[from] item: Leftovers
|upkeep
|l| Nikator98
|
|t:|1758366938
|switch|p1a: Samurott|Samurott-Hisui, F|48/100 tox
|-damage|p1a: Samurott|35/100 tox|[from] Stealth Rock
|turn|25
|
|t:|1758366944
|move|p1a: Samurott|Sacred Sword|p2a: Minari
|-supereffective|p2a: Minari
|-damage|p2a: Minari|0 fnt
|faint|p2a: Minari
|
|-damage|p1a: Samurott|29/100 tox|[from] psn
|upkeep
|
|t:|1758366947
|switch|p2a: Rillaboom|Rillaboom, F|48/100
|-fieldstart|move: Grassy Terrain|[from] ability: Grassy Surge|[of] p2a: Rillaboom
|turn|26
|
|t:|1758366953
|move|p1a: Samurott|Sucker Punch|p2a: Rillaboom
|-damage|p2a: Rillaboom|17/100
|move|p2a: Rillaboom|Grassy Glide|p1a: Samurott
|-supereffective|p1a: Samurott
|-damage|p1a: Samurott|0 fnt
|faint|p1a: Samurott
|
|-heal|p2a: Rillaboom|23/100|[from] Grassy Terrain
|upkeep
|
|t:|1758366958
|switch|p1a: Ogerpon|Ogerpon-Cornerstone, F|100/100
|-damage|p1a: Ogerpon|88/100|[from] Stealth Rock
|turn|27
|
|t:|1758366965
|move|p2a: Rillaboom|Grassy Glide|p1a: Ogerpon
|-damage|p1a: Ogerpon|39/100
|move|p1a: Ogerpon|Knock Off|p2a: Rillaboom
|-damage|p2a: Rillaboom|0 fnt
|-enditem|p2a: Rillaboom|Terrain Extender|[from] move: Knock Off|[of] p1a: Ogerpon
|faint|p2a: Rillaboom
|
|-heal|p1a: Ogerpon|45/100|[from] Grassy Terrain
|upkeep
|
|t:|1758366968
|switch|p2a: Ban me|Ogerpon-Wellspring, F|100/100
|turn|28
|
|t:|1758366971
|move|p2a: Ban me|Grassy Glide|p1a: Ogerpon
|-damage|p1a: Ogerpon|0 fnt
|faint|p1a: Ogerpon
|
|upkeep
|
|t:|1758366974
|switch|p1a: Magnezone|Magnezone|100/100
|-damage|p1a: Magnezone|94/100|[from] Stealth Rock
|turn|29
|
|t:|1758366978
|move|p1a: Magnezone|Tera Blast|p2a: Ban me
|-damage|p2a: Ban me|67/100
|move|p2a: Ban me|Ivy Cudgel|p1a: Magnezone|[anim] Ivy Cudgel Water
|-damage|p1a: Magnezone|27/100
|
|-heal|p1a: Magnezone|33/100|[from] Grassy Terrain
|-heal|p2a: Ban me|73/100|[from] Grassy Terrain
|upkeep
|turn|30
|
|t:|1758366981
|move|p1a: Magnezone|Tera Blast|p2a: Ban me
|-damage|p2a: Ban me|38/100
|move|p2a: Ban me|Ivy Cudgel|p1a: Magnezone|[anim] Ivy Cudgel Water
|-damage|p1a: Magnezone|0 fnt
|faint|p1a: Magnezone
|
|win|Obito 2001
|raw|SamiFawad's rating: 1652 &rarr; <strong>1635</strong><br />(-17 for losing)
|raw|Obito 2001's rating: 1699 &rarr; <strong>1716</strong><br />(+17 for winning)
|l|☆SamiFawad
|player|p1|
|l|☆Obito 2001
|player|p2|
