|j|☆Charle_phate
|j|☆saibayman
|t:|1758341521
|gametype|singles
|player|p1|Charle_phate|blue|1264
|player|p2|saibayman|265|1316
|gen|9
|tier|[Gen 9] OU
|rated|
|rule|HP Percentage Mod: HP is shown in percentages
|rule|Endless Battle Clause: Forcing endless battles is banned
|rule|Species Clause: Limit one of each Pokémon
|rule|OHKO Clause: OHKO moves are banned
|rule|Evasion Items Clause: Evasion items are banned
|rule|Evasion Moves Clause: Evasion moves are banned
|rule|Evasion Abilities Clause: Evasion abilities are banned
|rule|Sleep Moves Clause: Sleep-inducing moves are banned
|clearpoke
|poke|p1|Serperior, F|
|poke|p1|Rotom-Wash|
|poke|p1|Zapdos|
|poke|p1|Heatran, F|
|poke|p1|Clefable, M|
|poke|p1|Landorus-Therian, M|
|poke|p2|Metagross|
|poke|p2|Great Tusk|
|poke|p2|Slowking-Galar, F|
|poke|p2|Dragapult, M|
|poke|p2|Meowscarada, M|
|poke|p2|Zapdos|
|teampreview
|inactive|Battle timer is ON: inactive players will automatically lose when time's up. (requested by saibayman)
|
|t:|1758341525
|teamsize|p1|6
|teamsize|p2|6
|start
|switch|p1a: Rotom|Rotom-Wash|100/100
|switch|p2a: Dragapult|Dragapult, M|100/100
|turn|1
|
|t:|1758341545
|switch|p1a: Heatran|Heatran, F|100/100
|move|p2a: Dragapult|Dragon Darts|p1a: Heatran
|-resisted|p1a: Heatran
|-damage|p1a: Heatran|90/100
|-anim|p2a: Dragapult|Dragon Darts|p1a: Heatran
|-resisted|p1a: Heatran
|-crit|p1a: Heatran
|-damage|p1a: Heatran|74/100
|
|-heal|p1a: Heatran|81/100|[from] item: Leftovers
|upkeep
|turn|2
|
|t:|1758341560
|move|p2a: Dragapult|U-turn|p1a: Heatran
|-resisted|p1a: Heatran
|-damage|p1a: Heatran|75/100
|
|t:|1758341563
|switch|p2a: Great Tusk|Great Tusk|100/100|[from] U-turn
|move|p1a: Heatran|Substitute|p1a: Heatran
|-start|p1a: Heatran|Substitute
|-damage|p1a: Heatran|50/100
|
|-heal|p1a: Heatran|57/100|[from] item: Leftovers
|upkeep
|turn|3
|
|t:|1758341573
|move|p2a: Great Tusk|Rapid Spin|p1a: Heatran
|-resisted|p1a: Heatran
|-activate|p1a: Heatran|move: Substitute|[damage]
|-boost|p2a: Great Tusk|spe|1
|move|p1a: Heatran|Lava Plume|p2a: Great Tusk
|-damage|p2a: Great Tusk|58/100
|-status|p2a: Great Tusk|brn
|
|-heal|p2a: Great Tusk|65/100 brn|[from] item: Leftovers
|-heal|p1a: Heatran|63/100|[from] item: Leftovers
|-damage|p2a: Great Tusk|58/100 brn|[from] brn
|upkeep
|turn|4
|inactive|Charle_phate has 120 seconds left.
|
|t:|1758341605
|move|p2a: Great Tusk|Earthquake|p1a: Heatran
|-supereffective|p1a: Heatran
|-end|p1a: Heatran|Substitute
|move|p1a: Heatran|Magma Storm|p2a: Great Tusk
|-damage|p2a: Great Tusk|0 fnt
|faint|p2a: Great Tusk
|-end|p2a: Great Tusk|Protosynthesis|[silent]
|
|-heal|p1a: Heatran|69/100|[from] item: Leftovers
|upkeep
|inactive|saibayman has 120 seconds left.
|
|t:|1758341643
|switch|p2a: Metagross|Metagross, shiny|100/100
|turn|5
|
|t:|1758341656
|switch|p1a: Rotom|Rotom-Wash|100/100
|-terastallize|p2a: Metagross|Dragon
|move|p2a: Metagross|Body Press|p1a: Rotom
|-damage|p1a: Rotom|73/100
|
|-heal|p1a: Rotom|79/100|[from] item: Leftovers
|upkeep
|turn|6
|inactive|saibayman has 120 seconds left.
|
|t:|1758341667
|move|p1a: Rotom|Thunder Wave|p2a: Metagross
|-status|p2a: Metagross|par
|move|p2a: Metagross|Stealth Rock|p1a: Rotom
|-sidestart|p1: Charle_phate|move: Stealth Rock
|
|-heal|p1a: Rotom|85/100|[from] item: Leftovers
|upkeep
|turn|7
|
|t:|1758341676
|move|p1a: Rotom|Charge Beam|p2a: Metagross
|-resisted|p2a: Metagross
|-damage|p2a: Metagross|91/100 par
|-boost|p1a: Rotom|spa|1
|move|p2a: Metagross|Psychic Fangs|p1a: Rotom
|-damage|p1a: Rotom|50/100
|
|-heal|p1a: Rotom|56/100|[from] item: Leftovers
|upkeep
|turn|8
|
|t:|1758341686
|move|p1a: Rotom|Charge Beam|p2a: Metagross|[miss]
|-miss|p1a: Rotom|p2a: Metagross
|move|p2a: Metagross|Psychic Fangs|p1a: Rotom
|-damage|p1a: Rotom|23/100
|
|-heal|p1a: Rotom|29/100|[from] item: Leftovers
|upkeep
|turn|9
|
|t:|1758341707
|move|p1a: Rotom|Pain Split|p2a: Metagross
|-sethp|p2a: Metagross|56/100 par|[from] move: Pain Split|[silent]
|-sethp|p1a: Rotom|76/100|[from] move: Pain Split
|move|p2a: Metagross|Psychic Fangs|p1a: Rotom
|-damage|p1a: Rotom|38/100
|
|-heal|p1a: Rotom|44/100|[from] item: Leftovers
|upkeep
|turn|10
|
|t:|1758341718
|move|p1a: Rotom|Charge Beam|p2a: Metagross
|-resisted|p2a: Metagross
|-damage|p2a: Metagross|41/100 par
|-boost|p1a: Rotom|spa|1
|cant|p2a: Metagross|par
|
|-heal|p1a: Rotom|50/100|[from] item: Leftovers
|upkeep
|turn|11
|
|t:|1758341728
|move|p1a: Rotom|Hydro Pump|p2a: Metagross
|-resisted|p2a: Metagross
|-damage|p2a: Metagross|0 fnt
|faint|p2a: Metagross
|
|-heal|p1a: Rotom|56/100|[from] item: Leftovers
|upkeep
|
|t:|1758341736
|switch|p2a: Zapdos|Zapdos|100/100
|turn|12
|inactive|Charle_phate has 120 seconds left.
|
|t:|1758341768
|move|p2a: Zapdos|Volt Switch|p1a: Rotom
|-damage|p1a: Rotom|2/100
|
|t:|1758341775
|switch|p2a: Slowking|Slowking-Galar, F|100/100|[from] Volt Switch
|move|p1a: Rotom|Pain Split|p2a: Slowking
|-sethp|p2a: Slowking|51/100|[from] move: Pain Split|[silent]
|-sethp|p1a: Rotom|74/100|[from] move: Pain Split
|
|-heal|p1a: Rotom|80/100|[from] item: Leftovers
|upkeep
|turn|13
|-message|saibayman forfeited.
|
|win|Charle_phate
|raw|Charle_phate's rating: 1264 &rarr; <strong>1293</strong><br />(+29 for winning)
|raw|saibayman's rating: 1316 &rarr; <strong>1293</strong><br />(-23 for losing)
|l|☆saibayman
|player|p2|
|l|☆Charle_phate
|player|p1|
