|j|☆Alex Corzoma
|j|☆icantdomath6
|t:|1758341878
|gametype|singles
|player|p1|Alex Corzoma|scientist-gen4dp|1126
|player|p2|icantdomath6|unknown|1074
|gen|9
|tier|[Gen 9] OU
|rated|
|rule|HP Percentage Mod: HP is shown in percentages
|rule|Endless Battle Clause: Forcing endless battles is banned
|rule|Species Clause: Limit one of each Pokémon
|rule|OHKO Clause: OHKO moves are banned
|rule|Evasion Items Clause: Evasion items are banned
|rule|Evasion Moves Clause: Evasion moves are banned
|rule|Evasion Abilities Clause: Evasion abilities are banned
|rule|Sleep Moves Clause: Sleep-inducing moves are banned
|clearpoke
|poke|p1|Rotom|
|poke|p1|Kingambit, M|
|poke|p1|Enamorus, F|
|poke|p1|Cinderace, M|
|poke|p1|Weezing-Galar, M|
|poke|p1|Slowking-Galar, F|
|poke|p2|Gholdengo|
|poke|p2|Slaking, F|
|poke|p2|Cinderace, F|
|poke|p2|Darkrai|
|poke|p2|Meowscarada, F|
|poke|p2|Gliscor, F|
|teampreview
|inactive|Battle timer is ON: inactive players will automatically lose when time's up. (requested by icantdomath6)
|
|t:|1758341886
|teamsize|p1|6
|teamsize|p2|6
|start
|switch|p1a: Corzo-Moi|Rotom|100/100
|switch|p2a: Gliscor|Gliscor, F|100/100
|turn|1
|
|t:|1758341904
|move|p1a: Corzo-Moi|Trick|p2a: Gliscor
|-activate|p1a: Corzo-Moi|move: Trick|[of] p2a: Gliscor
|-item|p2a: Gliscor|Choice Scarf|[from] move: Trick
|-item|p1a: Corzo-Moi|Toxic Orb|[from] move: Trick
|move|p2a: Gliscor|Stealth Rock|p1a: Corzo-Moi
|-sidestart|p1: Alex Corzoma|move: Stealth Rock
|
|-status|p1a: Corzo-Moi|tox|[from] item: Toxic Orb
|upkeep
|turn|2
|
|t:|1758341926
|switch|p2a: Darkrai|Darkrai|100/100
|switch|p1a: Régine|Slowking-Galar, F|100/100
|-damage|p1a: Régine|88/100|[from] Stealth Rock
|
|upkeep
|turn|3
|inactive|Alex Corzoma has 120 seconds left.
|
|t:|1758341954
|switch|p1a: Laguiole|Kingambit, M|100/100
|-damage|p1a: Laguiole|94/100|[from] Stealth Rock
|-terastallize|p2a: Darkrai|Dark
|move|p2a: Darkrai|Dark Pulse|p1a: Laguiole
|-resisted|p1a: Laguiole
|-damage|p1a: Laguiole|42/100
|
|-heal|p1a: Laguiole|48/100|[from] item: Leftovers
|upkeep
|turn|4
|inactive|Alex Corzoma has 120 seconds left.
|
|t:|1758341971
|move|p2a: Darkrai|Dark Pulse|p1a: Laguiole
|-resisted|p1a: Laguiole
|-damage|p1a: Laguiole|0 fnt
|faint|p1a: Laguiole
|-end|p1a: Laguiole|fallenundefined|[silent]
|
|upkeep
|
|t:|1758341976
|switch|p1a: Arielle Dombasle|Enamorus, F|100/100
|-damage|p1a: Arielle Dombasle|76/100|[from] Stealth Rock
|turn|5
|
|t:|1758341997
|switch|p2a: Gholdengo|Gholdengo|100/100
|move|p1a: Arielle Dombasle|Moonblast|p2a: Gholdengo
|-resisted|p2a: Gholdengo
|-damage|p2a: Gholdengo|66/100
|-unboost|p2a: Gholdengo|spa|1
|-enditem|p2a: Gholdengo|White Herb
|-clearnegativeboost|p2a: Gholdengo|[silent]
|
|upkeep
|turn|6
|inactive|Alex Corzoma has 120 seconds left.
|
|t:|1758342013
|switch|p1a: Corzo-Moi|Rotom|100/100 tox
|-damage|p1a: Corzo-Moi|88/100 tox|[from] Stealth Rock
|move|p2a: Gholdengo|Make It Rain|p1a: Corzo-Moi
|-resisted|p1a: Corzo-Moi
|-damage|p1a: Corzo-Moi|35/100 tox
|-unboost|p2a: Gholdengo|spa|1
|
|-damage|p1a: Corzo-Moi|29/100 tox|[from] psn
|upkeep
|turn|7
|inactive|Alex Corzoma has 120 seconds left.
|
|t:|1758342023
|move|p1a: Corzo-Moi|Shadow Ball|p2a: Gholdengo
|-supereffective|p2a: Gholdengo
|-damage|p2a: Gholdengo|0 fnt
|faint|p2a: Gholdengo
|
|-damage|p1a: Corzo-Moi|17/100 tox|[from] psn
|upkeep
|
|t:|1758342032
|switch|p2a: Darkrai|Darkrai, tera:Dark|100/100
|turn|8
|
|t:|1758342038
|move|p2a: Darkrai|Dark Pulse|p1a: Corzo-Moi
|-supereffective|p1a: Corzo-Moi
|-damage|p1a: Corzo-Moi|0 fnt
|faint|p1a: Corzo-Moi
|
|upkeep
|
|t:|1758342049
|switch|p1a: Arielle Dombasle|Enamorus, F|76/100
|-damage|p1a: Arielle Dombasle|51/100|[from] Stealth Rock
|turn|9
|
|t:|1758342054
|move|p1a: Arielle Dombasle|Moonblast|p2a: Darkrai
|-supereffective|p2a: Darkrai
|-damage|p2a: Darkrai|0 fnt
|faint|p2a: Darkrai
|
|upkeep
|
|t:|1758342064
|switch|p2a: Gliscor|Gliscor, F|100/100
|turn|10
|
|t:|1758342072
|move|p1a: Arielle Dombasle|Moonblast|p2a: Gliscor
|-damage|p2a: Gliscor|35/100
|-unboost|p2a: Gliscor|spa|1
|move|p2a: Gliscor|Toxic|p1a: Arielle Dombasle
|-status|p1a: Arielle Dombasle|tox
|
|-damage|p1a: Arielle Dombasle|44/100 tox|[from] psn
|upkeep
|turn|11
|
|t:|1758342088
|move|p1a: Arielle Dombasle|Moonblast|p2a: Gliscor
|-damage|p2a: Gliscor|0 fnt
|faint|p2a: Gliscor
|
|-damage|p1a: Arielle Dombasle|32/100 tox|[from] psn
|upkeep
|
|t:|1758342096
|switch|p2a: Meowscarada|Meowscarada, F|100/100
|turn|12
|
|t:|1758342109
|move|p1a: Arielle Dombasle|Moonblast|p2a: Meowscarada
|-supereffective|p2a: Meowscarada
|-damage|p2a: Meowscarada|0 fnt
|faint|p2a: Meowscarada
|
|-damage|p1a: Arielle Dombasle|13/100 tox|[from] psn
|upkeep
|
|t:|1758342115
|switch|p2a: Cinderace|Cinderace, F|100/100
|turn|13
|
|t:|1758342119
|move|p2a: Cinderace|Sucker Punch|p1a: Arielle Dombasle
|-start|p2a: Cinderace|typechange|Dark|[from] ability: Libero
|-resisted|p1a: Arielle Dombasle
|-damage|p1a: Arielle Dombasle|0 fnt
|faint|p1a: Arielle Dombasle
|-damage|p2a: Cinderace|91/100|[from] item: Life Orb
|
|upkeep
|
|t:|1758342126
|switch|p1a: Frank Lelapin|Cinderace, M|100/100
|turn|14
|
|t:|1758342135
|move|p2a: Cinderace|Sucker Punch||[still]
|-fail|p2a: Cinderace
|move|p1a: Frank Lelapin|Court Change|p1a: Frank Lelapin
|-start|p1a: Frank Lelapin|typechange|Normal|[from] ability: Libero
|-swapsideconditions
|-activate|p1a: Frank Lelapin|move: Court Change
|
|upkeep
|turn|15
|
|t:|1758342144
|move|p2a: Cinderace|High Jump Kick|p1a: Frank Lelapin
|-supereffective|p1a: Frank Lelapin
|-damage|p1a: Frank Lelapin|0 fnt
|faint|p1a: Frank Lelapin
|-damage|p2a: Cinderace|81/100|[from] item: Life Orb
|
|upkeep
|
|t:|1758342152
|switch|p1a: Sir Gareth|Weezing-Galar, M|100/100
|-ability|p1a: Sir Gareth|Neutralizing Gas
|turn|16
|
|t:|1758342158
|move|p2a: Cinderace|Pyro Ball|p1a: Sir Gareth
|-damage|p1a: Sir Gareth|69/100
|-damage|p2a: Cinderace|71/100|[from] item: Life Orb
|move|p1a: Sir Gareth|Strange Steam|p2a: Cinderace
|-supereffective|p2a: Cinderace
|-damage|p2a: Cinderace|0 fnt
|faint|p2a: Cinderace
|
|upkeep
|
|t:|1758342162
|switch|p2a: Slaking|Slaking, F|100/100
|-damage|p2a: Slaking|88/100|[from] Stealth Rock
|turn|17
|
|t:|1758342171
|move|p2a: Slaking|Earthquake|p1a: Sir Gareth
|-supereffective|p1a: Sir Gareth
|-damage|p1a: Sir Gareth|0 fnt
|faint|p1a: Sir Gareth
|-end|p1a: Sir Gareth|ability: Neutralizing Gas
|
|upkeep
|
|t:|1758342176
|switch|p1a: Régine|Slowking-Galar, F|100/100
|turn|18
|
|t:|1758342190
|cant|p2a: Slaking|ability: Truant
|move|p1a: Régine|Psyshock|p2a: Slaking
|-damage|p2a: Slaking|57/100
|
|upkeep
|turn|19
|
|t:|1758342197
|-terastallize|p1a: Régine|Water
|move|p2a: Slaking|Earthquake|p1a: Régine
|-damage|p1a: Régine|37/100
|move|p1a: Régine|Psyshock|p2a: Slaking
|-damage|p2a: Slaking|26/100
|
|upkeep
|turn|20
|
|t:|1758342204
|cant|p2a: Slaking|ability: Truant
|move|p1a: Régine|Psyshock|p2a: Slaking
|-damage|p2a: Slaking|0 fnt
|faint|p2a: Slaking
|
|win|Alex Corzoma
|raw|Alex Corzoma's rating: 1126 &rarr; <strong>1147</strong><br />(+21 for winning)
|raw|icantdomath6's rating: 1074 &rarr; <strong>1056</strong><br />(-18 for losing)
|l|☆icantdomath6
|player|p2|
