|j|☆m355y
|j|☆HungryHound
|t:|1758322491
|gametype|singles
|player|p1|m355y|170|1518
|player|p2|HungryHound|1|1447
|gen|9
|tier|[Gen 9] OU
|rated|
|rule|HP Percentage Mod: HP is shown in percentages
|rule|Endless Battle Clause: Forcing endless battles is banned
|rule|Species Clause: Limit one of each Pokémon
|rule|OHKO Clause: OHKO moves are banned
|rule|Evasion Items Clause: Evasion items are banned
|rule|Evasion Moves Clause: Evasion moves are banned
|rule|Evasion Abilities Clause: Evasion abilities are banned
|rule|Sleep Moves Clause: Sleep-inducing moves are banned
|clearpoke
|poke|p1|Ogerpon-Wellspring, F|
|poke|p1|Gholdengo|
|poke|p1|Iron Valiant|
|poke|p1|Ting-Lu|
|poke|p1|Raging Bolt|
|poke|p1|Weezing-Galar, M|
|poke|p2|Krookodile, F|
|poke|p2|Raging Bolt|
|poke|p2|Iron Valiant|
|poke|p2|Slowking-Galar, F|
|poke|p2|Great Tusk|
|poke|p2|Samurott-Hisui, M|
|teampreview
|
|t:|1758322516
|teamsize|p1|6
|teamsize|p2|6
|start
|switch|p1a: Ogerpon|Ogerpon-Wellspring, F|100/100
|switch|p2a: Samurott|Samurott-Hisui, M|100/100
|turn|1
|
|t:|1758322529
|switch|p2a: Slowking|Slowking-Galar, F|100/100
|move|p1a: Ogerpon|U-turn|p2a: Slowking
|-damage|p2a: Slowking|72/100
|
|t:|1758322552
|switch|p1a: Ting-Lu|Ting-Lu|100/100|[from] U-turn
|-ability|p1a: Ting-Lu|Vessel of Ruin
|
|upkeep
|turn|2
|
|t:|1758322560
|move|p1a: Ting-Lu|Earthquake|p2a: Slowking
|-supereffective|p2a: Slowking
|-damage|p2a: Slowking|0 fnt
|faint|p2a: Slowking
|
|upkeep
|inactive|Battle timer is ON: inactive players will automatically lose when time's up. (requested by m355y)
|
|t:|1758322571
|switch|p2a: Tuskulus|Great Tusk|100/100
|turn|3
|
|t:|1758322583
|move|p2a: Tuskulus|Rapid Spin|p1a: Ting-Lu
|-damage|p1a: Ting-Lu|90/100
|-boost|p2a: Tuskulus|spe|1
|move|p1a: Ting-Lu|Stealth Rock|p2a: Tuskulus
|-sidestart|p2: HungryHound|move: Stealth Rock
|
|-heal|p1a: Ting-Lu|96/100|[from] item: Leftovers
|upkeep
|turn|4
|
|t:|1758322591
|switch|p1a: Gholdengo|Gholdengo|100/100
|-item|p1a: Gholdengo|Air Balloon
|move|p2a: Tuskulus|Ice Spinner|p1a: Gholdengo
|-resisted|p1a: Gholdengo
|-damage|p1a: Gholdengo|89/100
|-enditem|p1a: Gholdengo|Air Balloon
|
|upkeep
|turn|5
|
|t:|1758322600
|move|p2a: Tuskulus|Headlong Rush|p1a: Gholdengo
|-supereffective|p1a: Gholdengo
|-damage|p1a: Gholdengo|0 fnt
|-unboost|p2a: Tuskulus|def|1
|-unboost|p2a: Tuskulus|spd|1
|faint|p1a: Gholdengo
|
|upkeep
|
|t:|1758322618
|switch|p1a: Ogerpon|Ogerpon-Wellspring, F|100/100
|turn|6
|
|t:|1758322629
|-end|p2a: Tuskulus|Protosynthesis|[silent]
|switch|p2a: Raging Bolt|Raging Bolt|100/100
|-damage|p2a: Raging Bolt|88/100|[from] Stealth Rock
|move|p1a: Ogerpon|Power Whip|p2a: Raging Bolt
|-resisted|p2a: Raging Bolt
|-damage|p2a: Raging Bolt|60/100
|
|upkeep
|turn|7
|
|t:|1758322650
|-end|p2a: Raging Bolt|Protosynthesis|[silent]
|switch|p2a: Samurott|Samurott-Hisui, M|100/100
|-damage|p2a: Samurott|88/100|[from] Stealth Rock
|move|p1a: Ogerpon|Knock Off|p2a: Samurott
|-resisted|p2a: Samurott
|-damage|p2a: Samurott|62/100
|-enditem|p2a: Samurott|Choice Band|[from] move: Knock Off|[of] p1a: Ogerpon
|
|upkeep
|turn|8
|
|t:|1758322661
|move|p1a: Ogerpon|Power Whip|p2a: Samurott
|-supereffective|p2a: Samurott
|-damage|p2a: Samurott|0 fnt
|faint|p2a: Samurott
|
|upkeep
|inactive|HungryHound has 120 seconds left.
|
|t:|1758322682
|switch|p2a: Raging Bolt|Raging Bolt|60/100
|-damage|p2a: Raging Bolt|47/100|[from] Stealth Rock
|turn|9
|
|t:|1758322689
|move|p1a: Ogerpon|Knock Off|p2a: Raging Bolt
|-damage|p2a: Raging Bolt|17/100
|-enditem|p2a: Raging Bolt|Choice Specs|[from] move: Knock Off|[of] p1a: Ogerpon
|move|p2a: Raging Bolt|Volt Switch|p1a: Ogerpon
|-damage|p1a: Ogerpon|52/100
|
|t:|1758322696
|-end|p2a: Raging Bolt|Protosynthesis|[silent]
|switch|p2a: Krookodile|Krookodile, F|100/100|[from] Volt Switch
|-damage|p2a: Krookodile|94/100|[from] Stealth Rock
|
|upkeep
|turn|10
|
|t:|1758322711
|-terastallize|p2a: Krookodile|Dragon
|move|p1a: Ogerpon|U-turn|p2a: Krookodile
|-damage|p2a: Krookodile|58/100
|
|t:|1758322729
|switch|p1a: Iron Valiant|Iron Valiant|100/100|[from] U-turn
|-enditem|p1a: Iron Valiant|Booster Energy
|-activate|p1a: Iron Valiant|ability: Quark Drive|[fromitem]
|-start|p1a: Iron Valiant|quarkdrivespe
|move|p2a: Krookodile|Scale Shot|p1a: Iron Valiant
|-immune|p1a: Iron Valiant
|
|upkeep
|turn|11
|-message|HungryHound forfeited.
|
|win|m355y
|raw|m355y's rating: 1518 &rarr; <strong>1534</strong><br />(+16 for winning)
|raw|HungryHound's rating: 1447 &rarr; <strong>1431</strong><br />(-16 for losing)
|l|☆HungryHound
|player|p2|
|l|☆m355y
|player|p1|
