|j|☆miamiaquatic
|j|☆santiaegon
|t:|1758287307
|gametype|singles
|player|p1|miamiaquatic|170|1271
|player|p2|santiaegon|volo|1231
|gen|9
|tier|[Gen 9] OU
|rated|
|rule|HP Percentage Mod: HP is shown in percentages
|rule|Endless Battle Clause: Forcing endless battles is banned
|rule|Species Clause: Limit one of each Pokémon
|rule|OHKO Clause: OHKO moves are banned
|rule|Evasion Items Clause: Evasion items are banned
|rule|Evasion Moves Clause: Evasion moves are banned
|rule|Evasion Abilities Clause: Evasion abilities are banned
|rule|Sleep Moves Clause: Sleep-inducing moves are banned
|clearpoke
|poke|p1|Dragonite, F|
|poke|p1|Blastoise, M|
|poke|p1|Clefable, M|
|poke|p1|Scizor, M|
|poke|p1|Ceruledge, F|
|poke|p1|Raichu, M|
|poke|p2|Enamorus, F|
|poke|p2|Iron Moth|
|poke|p2|Araquanid, F|
|poke|p2|Garganacl, M|
|poke|p2|Dragapult, M|
|poke|p2|Corviknight, M|
|teampreview
|
|t:|1758287329
|teamsize|p1|6
|teamsize|p2|6
|start
|switch|p1a: Ceruledge|Ceruledge, F|100/100
|switch|p2a: Enamorus|Enamorus, F|100/100
|turn|1
|
|t:|1758287342
|switch|p1a: Scizor|Scizor, M|100/100
|move|p2a: Enamorus|Calm Mind|p2a: Enamorus
|-boost|p2a: Enamorus|spa|1
|-boost|p2a: Enamorus|spd|1
|
|upkeep
|turn|2
|
|t:|1758287364
|move|p1a: Scizor|Bullet Punch|p2a: Enamorus
|-supereffective|p2a: Enamorus
|-damage|p2a: Enamorus|0 fnt
|faint|p2a: Enamorus
|
|upkeep
|
|t:|1758287370
|switch|p2a: Corviknight|Corviknight, M|100/100
|-ability|p2a: Corviknight|Pressure
|turn|3
|
|t:|1758287378
|switch|p1a: Raichu|Raichu, M|100/100
|move|p2a: Corviknight|Iron Defense|p2a: Corviknight
|-boost|p2a: Corviknight|def|2
|
|upkeep
|turn|4
|
|t:|1758287384
|move|p1a: Raichu|Nuzzle|p2a: Corviknight
|-supereffective|p2a: Corviknight
|-damage|p2a: Corviknight|96/100
|-status|p2a: Corviknight|par
|-damage|p1a: Raichu|84/100|[from] item: Rocky Helmet|[of] p2a: Corviknight
|-damage|p1a: Raichu|74/100|[from] item: Life Orb
|move|p2a: Corviknight|Body Press|p1a: Raichu
|-damage|p1a: Raichu|0 fnt
|faint|p1a: Raichu
|
|upkeep
|
|t:|1758287389
|switch|p1a: Ceruledge|Ceruledge, F|100/100
|turn|5
|
|t:|1758287398
|switch|p2a: Dragapult|Dragapult, M|100/100
|move|p1a: Ceruledge|Swords Dance|p1a: Ceruledge
|-boost|p1a: Ceruledge|atk|2
|
|upkeep
|turn|6
|
|t:|1758287403
|move|p1a: Ceruledge|Shadow Sneak|p2a: Dragapult
|-supereffective|p2a: Dragapult
|-damage|p2a: Dragapult|0 fnt
|faint|p2a: Dragapult
|
|upkeep
|
|t:|1758287407
|switch|p2a: Garganacl|Garganacl, M|100/100
|turn|7
|
|t:|1758287416
|move|p1a: Ceruledge|Swords Dance|p1a: Ceruledge
|-boost|p1a: Ceruledge|atk|2
|move|p2a: Garganacl|Salt Cure|p1a: Ceruledge
|-supereffective|p1a: Ceruledge
|-damage|p1a: Ceruledge|64/100
|-start|p1a: Ceruledge|Salt Cure
|-ability|p1a: Ceruledge|Weak Armor|boost
|-unboost|p1a: Ceruledge|def|1
|-boost|p1a: Ceruledge|spe|2
|
|-damage|p1a: Ceruledge|51/100|[from] Salt Cure
|upkeep
|turn|8
|
|t:|1758287421
|move|p1a: Ceruledge|Shadow Claw|p2a: Garganacl
|-damage|p2a: Garganacl|62/100
|move|p2a: Garganacl|Curse|p2a: Garganacl
|-unboost|p2a: Garganacl|spe|1
|-boost|p2a: Garganacl|atk|1
|-boost|p2a: Garganacl|def|1
|
|-heal|p2a: Garganacl|68/100|[from] item: Leftovers
|-damage|p1a: Ceruledge|39/100|[from] Salt Cure
|upkeep
|turn|9
|
|t:|1758287427
|move|p1a: Ceruledge|Shadow Claw|p2a: Garganacl
|-damage|p2a: Garganacl|42/100
|move|p2a: Garganacl|Recover|p2a: Garganacl
|-heal|p2a: Garganacl|92/100
|
|-heal|p2a: Garganacl|98/100|[from] item: Leftovers
|-damage|p1a: Ceruledge|27/100|[from] Salt Cure
|upkeep
|turn|10
|
|t:|1758287430
|move|p1a: Ceruledge|Shadow Claw|p2a: Garganacl
|-crit|p2a: Garganacl
|-damage|p2a: Garganacl|40/100
|move|p2a: Garganacl|Curse|p2a: Garganacl
|-unboost|p2a: Garganacl|spe|1
|-boost|p2a: Garganacl|atk|1
|-boost|p2a: Garganacl|def|1
|
|-heal|p2a: Garganacl|46/100|[from] item: Leftovers
|-damage|p1a: Ceruledge|14/100|[from] Salt Cure
|upkeep
|turn|11
|
|t:|1758287433
|move|p1a: Ceruledge|Shadow Claw|p2a: Garganacl
|-crit|p2a: Garganacl
|-damage|p2a: Garganacl|0 fnt
|faint|p2a: Garganacl
|
|-damage|p1a: Ceruledge|2/100|[from] Salt Cure
|upkeep
|
|t:|1758287443
|switch|p2a: Araquanid|Araquanid, F|100/100
|turn|12
|
|t:|1758287445
|move|p2a: Araquanid|Endure|p2a: Araquanid
|-singleturn|p2a: Araquanid|move: Endure
|move|p1a: Ceruledge|Bitter Blade|p2a: Araquanid
|-damage|p2a: Araquanid|17/100
|-heal|p1a: Ceruledge|51/100|[from] drain|[of] p2a: Araquanid
|
|-damage|p1a: Ceruledge|39/100|[from] Salt Cure
|upkeep
|turn|13
|-enditem|p2a: Araquanid|Custap Berry|[eat]
|-activate|p2a: Araquanid|item: Custap Berry|[consumed]
|
|t:|1758287452
|move|p2a: Araquanid|Surf|p1a: Ceruledge
|-supereffective|p1a: Ceruledge
|-damage|p1a: Ceruledge|0 fnt
|faint|p1a: Ceruledge
|
|upkeep
|
|t:|1758287456
|switch|p1a: Scizor|Scizor, M|100/100
|turn|14
|
|t:|1758287460
|move|p1a: Scizor|Trailblaze|p2a: Araquanid
|-damage|p2a: Araquanid|0 fnt
|-boost|p1a: Scizor|spe|1
|faint|p2a: Araquanid
|
|upkeep
|
|t:|1758287464
|switch|p2a: Corviknight|Corviknight, M|96/100 par
|-ability|p2a: Corviknight|Pressure
|turn|15
|
|t:|1758287466
|move|p1a: Scizor|Swords Dance|p1a: Scizor
|-boost|p1a: Scizor|atk|2
|move|p2a: Corviknight|Iron Defense|p2a: Corviknight
|-boost|p2a: Corviknight|def|2
|
|upkeep
|turn|16
|
|t:|1758287472
|move|p1a: Scizor|Swords Dance|p1a: Scizor
|-boost|p1a: Scizor|atk|2
|cant|p2a: Corviknight|par
|
|upkeep
|turn|17
|
|t:|1758287477
|move|p1a: Scizor|Swords Dance|p1a: Scizor
|-boost|p1a: Scizor|atk|2
|cant|p2a: Corviknight|par
|
|upkeep
|turn|18
|c|☆santiaegon|omg
|
|t:|1758287485
|move|p1a: Scizor|Bullet Punch|p2a: Corviknight
|-resisted|p2a: Corviknight
|-damage|p2a: Corviknight|76/100 par
|-damage|p1a: Scizor|84/100|[from] item: Rocky Helmet|[of] p2a: Corviknight
|move|p2a: Corviknight|Body Press|p1a: Scizor
|-damage|p1a: Scizor|35/100
|-enditem|p1a: Scizor|Sitrus Berry|[eat]
|-heal|p1a: Scizor|60/100|[from] item: Sitrus Berry
|
|upkeep
|turn|19
|
|t:|1758287492
|move|p1a: Scizor|Bullet Punch|p2a: Corviknight
|-resisted|p2a: Corviknight
|-damage|p2a: Corviknight|54/100 par
|-damage|p1a: Scizor|43/100|[from] item: Rocky Helmet|[of] p2a: Corviknight
|cant|p2a: Corviknight|par
|
|upkeep
|turn|20
|
|t:|1758287497
|move|p1a: Scizor|Bullet Punch|p2a: Corviknight
|-resisted|p2a: Corviknight
|-damage|p2a: Corviknight|34/100 par
|-damage|p1a: Scizor|27/100|[from] item: Rocky Helmet|[of] p2a: Corviknight
|move|p2a: Corviknight|Roost|p2a: Corviknight
|-heal|p2a: Corviknight|84/100 par
|-singleturn|p2a: Corviknight|move: Roost
|
|upkeep
|turn|21
|
|t:|1758287504
|move|p1a: Scizor|Bullet Punch|p2a: Corviknight
|-resisted|p2a: Corviknight
|-damage|p2a: Corviknight|64/100 par
|-damage|p1a: Scizor|10/100|[from] item: Rocky Helmet|[of] p2a: Corviknight
|move|p2a: Corviknight|Iron Defense|p2a: Corviknight
|-boost|p2a: Corviknight|def|2
|
|upkeep
|turn|22
|
|t:|1758287507
|move|p1a: Scizor|Bullet Punch|p2a: Corviknight
|-resisted|p2a: Corviknight
|-damage|p2a: Corviknight|49/100 par
|-damage|p1a: Scizor|0 fnt|[from] item: Rocky Helmet|[of] p2a: Corviknight
|faint|p1a: Scizor
|move|p2a: Corviknight|Iron Defense|p2a: Corviknight
|-boost|p2a: Corviknight|def|2
|
|upkeep
|
|t:|1758287509
|switch|p1a: Blastoise|Blastoise, M|100/100
|turn|23
|
|t:|1758287511
|move|p1a: Blastoise|Surf|p2a: Corviknight
|-damage|p2a: Corviknight|14/100 par
|cant|p2a: Corviknight|par
|
|upkeep
|turn|24
|
|t:|1758287514
|move|p1a: Blastoise|Surf|p2a: Corviknight
|-damage|p2a: Corviknight|0 fnt
|faint|p2a: Corviknight
|
|upkeep
|
|t:|1758287517
|switch|p2a: Iron Moth|Iron Moth|100/100
|-enditem|p2a: Iron Moth|Booster Energy
|-activate|p2a: Iron Moth|ability: Quark Drive|[fromitem]
|-start|p2a: Iron Moth|quarkdrivespe
|turn|25
|
|t:|1758287522
|-terastallize|p2a: Iron Moth|Fairy
|move|p2a: Iron Moth|Dazzling Gleam|p1a: Blastoise
|-damage|p1a: Blastoise|59/100
|move|p1a: Blastoise|Surf|p2a: Iron Moth
|-damage|p2a: Iron Moth|56/100
|
|upkeep
|turn|26
|
|t:|1758287530
|move|p2a: Iron Moth|Dazzling Gleam|p1a: Blastoise
|-damage|p1a: Blastoise|16/100
|move|p1a: Blastoise|Surf|p2a: Iron Moth
|-damage|p2a: Iron Moth|0 fnt
|faint|p2a: Iron Moth
|-end|p2a: Iron Moth|Quark Drive|[silent]
|
|win|miamiaquatic
|raw|miamiaquatic's rating: 1271 &rarr; <strong>1293</strong><br />(+22 for winning)
|raw|santiaegon's rating: 1231 &rarr; <strong>1209</strong><br />(-22 for losing)
|l|☆santiaegon
|player|p2|
|l|☆miamiaquatic
|player|p1|
