|j|☆raffwastaken
|j|☆denaturat.pl
|t:|1758271010
|gametype|singles
|player|p1|raffwastaken|aaron|1052
|player|p2|denaturat.pl|candice|1076
|gen|9
|tier|[Gen 9] OU
|rated|
|rule|HP Percentage Mod: HP is shown in percentages
|rule|Endless Battle Clause: Forcing endless battles is banned
|rule|Species Clause: Limit one of each Pokémon
|rule|OHKO Clause: OHKO moves are banned
|rule|Evasion Items Clause: Evasion items are banned
|rule|Evasion Moves Clause: Evasion moves are banned
|rule|Evasion Abilities Clause: Evasion abilities are banned
|rule|Sleep Moves Clause: Sleep-inducing moves are banned
|clearpoke
|poke|p1|Clefable, F|
|poke|p1|Alomomola, M|
|poke|p1|Hoopa-Unbound|
|poke|p1|Araquanid, M|
|poke|p1|Kingambit, F|
|poke|p1|Slowking-Galar, M|
|poke|p2|Whimsicott, M|
|poke|p2|Minior|
|poke|p2|Forretress, F|
|poke|p2|Azumarill, F|
|poke|p2|Duraludon, F|
|poke|p2|Pelipper, F|
|teampreview
|inactive|Battle timer is ON: inactive players will automatically lose when time's up. (requested by raffwastaken)
|
|t:|1758271020
|teamsize|p1|6
|teamsize|p2|6
|start
|switch|p1a: Araquanid|Araquanid, M|100/100
|switch|p2a: Forretress|Forretress, F|100/100
|turn|1
|
|t:|1758271026
|move|p1a: Araquanid|Sticky Web|p2a: Forretress
|-sidestart|p2: denaturat.pl|move: Sticky Web
|move|p2a: Forretress|Stealth Rock|p1a: Araquanid
|-sidestart|p1: raffwastaken|move: Stealth Rock
|
|upkeep
|turn|2
|
|t:|1758271033
|switch|p1a: Clefable|Clefable, F|100/100
|move|p2a: Forretress|Spikes|p1a: Clefable
|-sidestart|p1: raffwastaken|Spikes
|
|upkeep
|turn|3
|
|t:|1758271037
|move|p1a: Clefable|Calm Mind|p1a: Clefable
|-boost|p1a: Clefable|spa|1
|-boost|p1a: Clefable|spd|1
|move|p2a: Forretress|Spikes|p1a: Clefable
|-sidestart|p1: raffwastaken|Spikes
|
|upkeep
|turn|4
|
|t:|1758271040
|move|p1a: Clefable|Charge Beam|p2a: Forretress
|-damage|p2a: Forretress|60/100
|-boost|p1a: Clefable|spa|1
|move|p2a: Forretress|Spikes|p1a: Clefable
|-sidestart|p1: raffwastaken|Spikes
|
|upkeep
|turn|5
|
|t:|1758271047
|move|p1a: Clefable|Charge Beam|p2a: Forretress|[miss]
|-miss|p1a: Clefable|p2a: Forretress
|move|p2a: Forretress|Explosion|p1a: Clefable
|-damage|p1a: Clefable|42/100
|faint|p2a: Forretress
|
|upkeep
|
|t:|1758271053
|switch|p2a: Duraludon|Duraludon, F|100/100
|-activate|p2a: Duraludon|move: Sticky Web
|-unboost|p2a: Duraludon|spe|1
|turn|6
|
|t:|1758271058
|move|p1a: Clefable|Moonlight|p1a: Clefable
|-heal|p1a: Clefable|92/100
|move|p2a: Duraludon|Heavy Slam|p1a: Clefable
|-supereffective|p1a: Clefable
|-damage|p1a: Clefable|45/100
|
|upkeep
|turn|7
|
|t:|1758271065
|move|p1a: Clefable|Moonlight|p1a: Clefable
|-heal|p1a: Clefable|95/100
|move|p2a: Duraludon|Heavy Slam|p1a: Clefable
|-supereffective|p1a: Clefable
|-damage|p1a: Clefable|45/100
|
|upkeep
|turn|8
|
|t:|1758271071
|move|p1a: Clefable|Moonlight|p1a: Clefable
|-heal|p1a: Clefable|95/100
|move|p2a: Duraludon|Heavy Slam|p1a: Clefable
|-supereffective|p1a: Clefable
|-damage|p1a: Clefable|48/100
|
|upkeep
|turn|9
|
|t:|1758271078
|move|p1a: Clefable|Charge Beam|p2a: Duraludon|[miss]
|-miss|p1a: Clefable|p2a: Duraludon
|move|p2a: Duraludon|Heavy Slam|p1a: Clefable
|-supereffective|p1a: Clefable
|-damage|p1a: Clefable|0 fnt
|faint|p1a: Clefable
|
|upkeep
|
|t:|1758271083
|switch|p1a: Araquanid|Araquanid, M|100/100
|-damage|p1a: Araquanid|75/100|[from] Stealth Rock
|-damage|p1a: Araquanid|50/100|[from] Spikes
|turn|10
|
|t:|1758271089
|move|p1a: Araquanid|Endure|p1a: Araquanid
|-singleturn|p1a: Araquanid|move: Endure
|move|p2a: Duraludon|Iron Defense|p2a: Duraludon
|-boost|p2a: Duraludon|def|2
|
|upkeep
|turn|11
|
|t:|1758271093
|move|p2a: Duraludon|Iron Defense|p2a: Duraludon
|-boost|p2a: Duraludon|def|2
|move|p1a: Araquanid|Endeavor|p2a: Duraludon
|-damage|p2a: Duraludon|50/100
|
|upkeep
|turn|12
|
|t:|1758271102
|move|p1a: Araquanid|Endure|p1a: Araquanid
|-singleturn|p1a: Araquanid|move: Endure
|move|p2a: Duraludon|Draco Meteor|p1a: Araquanid
|-damage|p1a: Araquanid|11/100
|-unboost|p2a: Duraludon|spa|2
|
|upkeep
|turn|13
|-enditem|p1a: Araquanid|Custap Berry|[eat]
|-activate|p1a: Araquanid|item: Custap Berry|[consumed]
|
|t:|1758271108
|move|p1a: Araquanid|Endeavor|p2a: Duraludon
|-damage|p2a: Duraludon|11/100
|move|p2a: Duraludon|Iron Defense|p2a: Duraludon
|-boost|p2a: Duraludon|def|2
|
|upkeep
|turn|14
|
|t:|1758271115
|move|p2a: Duraludon|Iron Defense|p2a: Duraludon
|-boost|p2a: Duraludon|def|0
|move|p1a: Araquanid|Surf|p2a: Duraludon
|-resisted|p2a: Duraludon
|-damage|p2a: Duraludon|0 fnt
|faint|p2a: Duraludon
|
|upkeep
|
|t:|1758271126
|switch|p2a: Pelipper|Pelipper, F|100/100
|-weather|RainDance|[from] ability: Drizzle|[of] p2a: Pelipper
|turn|15
|
|t:|1758271131
|move|p2a: Pelipper|Hurricane|p1a: Araquanid
|-supereffective|p1a: Araquanid
|-damage|p1a: Araquanid|0 fnt
|faint|p1a: Araquanid
|
|-weather|RainDance|[upkeep]
|upkeep
|
|t:|1758271135
|switch|p1a: Hoopa|Hoopa-Unbound|100/100
|-damage|p1a: Hoopa|88/100|[from] Stealth Rock
|-damage|p1a: Hoopa|63/100|[from] Spikes
|turn|16
|
|t:|1758271145
|-terastallize|p1a: Hoopa|Dark
|move|p1a: Hoopa|Hyperspace Fury|p2a: Pelipper
|-damage|p2a: Pelipper|0 fnt
|-unboost|p1a: Hoopa|def|1
|faint|p2a: Pelipper
|
|-weather|RainDance|[upkeep]
|upkeep
|
|t:|1758271151
|switch|p2a: Whimsicott|Whimsicott, M|100/100
|-activate|p2a: Whimsicott|move: Sticky Web
|-unboost|p2a: Whimsicott|spe|1
|turn|17
|
|t:|1758271155
|switch|p1a: Slowking|Slowking-Galar, M|100/100
|move|p2a: Whimsicott|Encore||[still]
|-fail|p2a: Whimsicott
|
|-weather|RainDance|[upkeep]
|upkeep
|turn|18
|
|t:|1758271166
|move|p2a: Whimsicott|Substitute|p2a: Whimsicott
|-start|p2a: Whimsicott|Substitute
|-damage|p2a: Whimsicott|76/100
|move|p1a: Slowking|Thunder Wave||[still]
|-fail|p1a: Slowking
|
|-weather|RainDance|[upkeep]
|-heal|p2a: Whimsicott|82/100|[from] item: Leftovers
|upkeep
|turn|19
|
|t:|1758271171
|move|p2a: Whimsicott|Leech Seed|p1a: Slowking
|-start|p1a: Slowking|move: Leech Seed
|move|p1a: Slowking|Sludge Bomb|p2a: Whimsicott
|-supereffective|p2a: Whimsicott
|-end|p2a: Whimsicott|Substitute
|
|-weather|RainDance|[upkeep]
|-heal|p2a: Whimsicott|88/100|[from] item: Leftovers
|-damage|p1a: Slowking|88/100|[from] Leech Seed|[of] p2a: Whimsicott
|-heal|p2a: Whimsicott|100/100|[silent]
|upkeep
|turn|20
|
|t:|1758271177
|move|p2a: Whimsicott|Substitute|p2a: Whimsicott
|-start|p2a: Whimsicott|Substitute
|-damage|p2a: Whimsicott|76/100
|move|p1a: Slowking|Sludge Bomb|p2a: Whimsicott
|-supereffective|p2a: Whimsicott
|-end|p2a: Whimsicott|Substitute
|
|-weather|RainDance|[upkeep]
|-heal|p2a: Whimsicott|82/100|[from] item: Leftovers
|-damage|p1a: Slowking|76/100|[from] Leech Seed|[of] p2a: Whimsicott
|-heal|p2a: Whimsicott|97/100|[silent]
|upkeep
|turn|21
|
|t:|1758271183
|move|p2a: Whimsicott|Substitute|p2a: Whimsicott
|-start|p2a: Whimsicott|Substitute
|-damage|p2a: Whimsicott|72/100
|move|p1a: Slowking|Sludge Bomb|p2a: Whimsicott
|-supereffective|p2a: Whimsicott
|-end|p2a: Whimsicott|Substitute
|
|-weather|RainDance|[upkeep]
|-heal|p2a: Whimsicott|79/100|[from] item: Leftovers
|-damage|p1a: Slowking|63/100|[from] Leech Seed|[of] p2a: Whimsicott
|-heal|p2a: Whimsicott|94/100|[silent]
|upkeep
|turn|22
|
|t:|1758271190
|switch|p1a: Kingambit|Kingambit, F|100/100
|-damage|p1a: Kingambit|94/100|[from] Stealth Rock
|-damage|p1a: Kingambit|69/100|[from] Spikes
|-activate|p1a: Kingambit|ability: Supreme Overlord
|-start|p1a: Kingambit|fallen2|[silent]
|move|p2a: Whimsicott|Substitute|p2a: Whimsicott
|-start|p2a: Whimsicott|Substitute
|-damage|p2a: Whimsicott|69/100
|
|-weather|none
|-heal|p1a: Kingambit|76/100|[from] item: Leftovers
|-heal|p2a: Whimsicott|75/100|[from] item: Leftovers
|upkeep
|turn|23
|
|t:|1758271197
|move|p2a: Whimsicott|Leech Seed|p1a: Kingambit
|-hint|Since gen 7, Dark is immune to Prankster moves.
|-immune|p1a: Kingambit
|move|p1a: Kingambit|Iron Head|p2a: Whimsicott
|-supereffective|p2a: Whimsicott
|-end|p2a: Whimsicott|Substitute
|
|-heal|p1a: Kingambit|82/100|[from] item: Leftovers
|-heal|p2a: Whimsicott|81/100|[from] item: Leftovers
|upkeep
|turn|24
|c|☆raffwastaken|I HATE THIS
|
|t:|1758271205
|move|p2a: Whimsicott|Substitute|p2a: Whimsicott
|-start|p2a: Whimsicott|Substitute
|-damage|p2a: Whimsicott|57/100
|move|p1a: Kingambit|Iron Head|p2a: Whimsicott
|-supereffective|p2a: Whimsicott
|-end|p2a: Whimsicott|Substitute
|
|-heal|p1a: Kingambit|88/100|[from] item: Leftovers
|-heal|p2a: Whimsicott|63/100|[from] item: Leftovers
|upkeep
|turn|25
|
|t:|1758271212
|-terastallize|p2a: Whimsicott|Grass
|move|p2a: Whimsicott|Leech Seed|p1a: Kingambit
|-hint|Since gen 7, Dark is immune to Prankster moves.
|-immune|p1a: Kingambit
|move|p1a: Kingambit|Iron Head|p2a: Whimsicott
|-damage|p2a: Whimsicott|18/100
|
|-heal|p1a: Kingambit|94/100|[from] item: Leftovers
|-heal|p2a: Whimsicott|24/100|[from] item: Leftovers
|upkeep
|turn|26
|
|t:|1758271223
|move|p1a: Kingambit|Iron Head|p2a: Whimsicott
|-damage|p2a: Whimsicott|0 fnt
|faint|p2a: Whimsicott
|
|-heal|p1a: Kingambit|99/100|[from] item: Leftovers
|upkeep
|
|t:|1758271225
|switch|p2a: Azumarill|Azumarill, F|100/100
|-activate|p2a: Azumarill|move: Sticky Web
|-unboost|p2a: Azumarill|spe|1
|turn|27
|
|t:|1758271228
|move|p1a: Kingambit|Iron Head|p2a: Azumarill
|-damage|p2a: Azumarill|32/100
|-enditem|p2a: Azumarill|Sitrus Berry|[eat]
|-heal|p2a: Azumarill|57/100|[from] item: Sitrus Berry
|cant|p2a: Azumarill|flinch
|
|-heal|p1a: Kingambit|100/100|[from] item: Leftovers
|upkeep
|turn|28
|
|t:|1758271242
|move|p1a: Kingambit|Iron Head|p2a: Azumarill
|-damage|p2a: Azumarill|0 fnt
|faint|p2a: Azumarill
|
|upkeep
|
|t:|1758271244
|switch|p2a: Minior|Minior|100/100
|-formechange|p2a: Minior|Minior-Meteor||[from] ability: Shields Down
|turn|29
|
|t:|1758271249
|move|p2a: Minior|Shell Smash|p2a: Minior
|-unboost|p2a: Minior|def|1
|-unboost|p2a: Minior|spd|1
|-boost|p2a: Minior|atk|2
|-boost|p2a: Minior|spa|2
|-boost|p2a: Minior|spe|2
|-enditem|p2a: Minior|White Herb
|-clearnegativeboost|p2a: Minior|[silent]
|move|p1a: Kingambit|Iron Head|p2a: Minior
|-supereffective|p2a: Minior
|-damage|p2a: Minior|0 fnt
|faint|p2a: Minior
|
|win|raffwastaken
|raw|raffwastaken's rating: 1052 &rarr; <strong>1086</strong><br />(+34 for winning)
|raw|denaturat.pl's rating: 1076 &rarr; <strong>1053</strong><br />(-23 for losing)
|l|☆denaturat.pl
|player|p2|
