|j|☆maatmatos
|j|☆the goobchamponing
|t:|1758309248
|gametype|singles
|player|p1|maatmatos|unknown|1525
|player|p2|the goobchamponing|koga|1543
|gen|9
|tier|[Gen 9] OU
|rated|
|rule|HP Percentage Mod: HP is shown in percentages
|rule|Endless Battle Clause: Forcing endless battles is banned
|rule|Species Clause: Limit one of each Pokémon
|rule|OHKO Clause: OHKO moves are banned
|rule|Evasion Items Clause: Evasion items are banned
|rule|Evasion Moves Clause: Evasion moves are banned
|rule|Evasion Abilities Clause: Evasion abilities are banned
|rule|Sleep Moves Clause: Sleep-inducing moves are banned
|clearpoke
|poke|p1|Manaphy|
|poke|p1|Skeledirge, M|
|poke|p1|Grimmsnarl, M|
|poke|p1|Dragapult, F|
|poke|p1|Ursaluna, F|
|poke|p1|Corviknight, F|
|poke|p2|Scizor, M|
|poke|p2|Gholdengo|
|poke|p2|Ogerpon-Wellspring, F|
|poke|p2|Ting-Lu|
|poke|p2|Dragonite, M|
|poke|p2|Glimmora, F|
|teampreview
|inactive|Battle timer is ON: inactive players will automatically lose when time's up. (requested by the goobchamponing)
|
|t:|1758309252
|teamsize|p1|6
|teamsize|p2|6
|start
|switch|p1a: Dragapult|Dragapult, F|100/100
|switch|p2a: Glimmora|Glimmora, F|100/100
|turn|1
|
|t:|1758309256
|switch|p2a: Ting-Lu|Ting-Lu|100/100
|-ability|p2a: Ting-Lu|Vessel of Ruin
|move|p1a: Dragapult|Dragon Darts|p2a: Ting-Lu
|-damage|p2a: Ting-Lu|85/100
|-anim|p1a: Dragapult|Dragon Darts|p2a: Ting-Lu
|-damage|p2a: Ting-Lu|67/100
|
|-heal|p2a: Ting-Lu|74/100|[from] item: Leftovers
|upkeep
|turn|2
|j| Sniper20657
|j| IM AT MY LIMIT
|
|t:|1758309270
|switch|p1a: Ursaluna|Ursaluna, F|100/100
|move|p2a: Ting-Lu|Stealth Rock|p1a: Ursaluna
|-sidestart|p1: maatmatos|move: Stealth Rock
|
|-heal|p2a: Ting-Lu|80/100|[from] item: Leftovers
|-status|p1a: Ursaluna|brn|[from] item: Flame Orb
|upkeep
|turn|3
|l| IM AT MY LIMIT
|
|t:|1758309277
|move|p1a: Ursaluna|Facade|p2a: Ting-Lu
|-damage|p2a: Ting-Lu|25/100
|move|p2a: Ting-Lu|Ruination|p1a: Ursaluna
|-damage|p1a: Ursaluna|51/100 brn
|
|-heal|p2a: Ting-Lu|31/100|[from] item: Leftovers
|-damage|p1a: Ursaluna|45/100 brn|[from] brn
|upkeep
|turn|4
|
|t:|1758309285
|move|p1a: Ursaluna|Earthquake|p2a: Ting-Lu
|-damage|p2a: Ting-Lu|0 fnt
|faint|p2a: Ting-Lu
|
|-damage|p1a: Ursaluna|39/100 brn|[from] brn
|upkeep
|
|t:|1758309288
|switch|p2a: Ogerpon|Ogerpon-Wellspring, F|100/100
|turn|5
|
|t:|1758309293
|move|p2a: Ogerpon|Ivy Cudgel|p1a: Ursaluna|[anim] Ivy Cudgel Water
|-supereffective|p1a: Ursaluna
|-damage|p1a: Ursaluna|0 fnt
|faint|p1a: Ursaluna
|
|upkeep
|
|t:|1758309297
|switch|p1a: Corviknight|Corviknight, F|100/100
|-damage|p1a: Corviknight|88/100|[from] Stealth Rock
|turn|6
|
|t:|1758309301
|switch|p2a: Gholdengo|Gholdengo|100/100
|-item|p2a: Gholdengo|Air Balloon
|move|p1a: Corviknight|Defog|p2a: Gholdengo
|-immune|p2a: Gholdengo|[from] ability: Good as Gold
|
|upkeep
|turn|7
|
|t:|1758309308
|move|p2a: Gholdengo|Thunder Wave|p1a: Corviknight
|-status|p1a: Corviknight|par
|move|p1a: Corviknight|U-turn|p2a: Gholdengo
|-resisted|p2a: Gholdengo
|-damage|p2a: Gholdengo|97/100
|-enditem|p2a: Gholdengo|Air Balloon
|inactive|maatmatos has 120 seconds left.
|
|t:|1758309343
|switch|p1a: Dragapult|Dragapult, F|100/100|[from] U-turn
|-damage|p1a: Dragapult|88/100|[from] Stealth Rock
|
|upkeep
|turn|8
|
|t:|1758309351
|move|p1a: Dragapult|Phantom Force||[still]
|-prepare|p1a: Dragapult|Phantom Force
|move|p2a: Gholdengo|Thunder Wave|p1a: Dragapult|[miss]
|-miss|p2a: Gholdengo|p1a: Dragapult
|
|upkeep
|turn|9
|j| IM AT MY LIMIT
|
|t:|1758309356
|switch|p2a: Glimmora|Glimmora, F|100/100
|move|p1a: Dragapult|Phantom Force|p2a: Glimmora|[from] lockedmove
|-damage|p2a: Glimmora|19/100
|-damage|p1a: Dragapult|72/100|[from] item: Rocky Helmet|[of] p2a: Glimmora
|-activate|p2a: Glimmora|ability: Toxic Debris
|-sidestart|p1: maatmatos|move: Toxic Spikes
|
|upkeep
|turn|10
|l| IM AT MY LIMIT
|
|t:|1758309364
|move|p1a: Dragapult|Phantom Force||[still]
|-prepare|p1a: Dragapult|Phantom Force
|move|p2a: Glimmora|Power Gem|p1a: Dragapult|[miss]
|-miss|p2a: Glimmora|p1a: Dragapult
|
|upkeep
|turn|11
|
|t:|1758309369
|move|p1a: Dragapult|Phantom Force|p2a: Glimmora|[from] lockedmove
|-damage|p2a: Glimmora|0 fnt
|-damage|p1a: Dragapult|55/100|[from] item: Rocky Helmet|[of] p2a: Glimmora
|-activate|p2a: Glimmora|ability: Toxic Debris
|-sidestart|p1: maatmatos|move: Toxic Spikes
|faint|p2a: Glimmora
|
|upkeep
|
|t:|1758309372
|switch|p2a: Scizor|Scizor, M|100/100
|turn|12
|
|t:|1758309378
|switch|p1a: Corviknight|Corviknight, F|88/100 par
|-damage|p1a: Corviknight|76/100 par|[from] Stealth Rock
|move|p2a: Scizor|Knock Off|p1a: Corviknight
|-damage|p1a: Corviknight|55/100 par
|-damage|p2a: Scizor|84/100|[from] item: Rocky Helmet|[of] p1a: Corviknight
|-enditem|p1a: Corviknight|Rocky Helmet|[from] move: Knock Off|[of] p2a: Scizor
|
|upkeep
|turn|13
|
|t:|1758309386
|switch|p2a: Gholdengo|Gholdengo|97/100
|cant|p1a: Corviknight|par
|
|upkeep
|turn|14
|
|t:|1758309391
|move|p2a: Gholdengo|Shadow Ball|p1a: Corviknight
|-damage|p1a: Corviknight|9/100 par
|move|p1a: Corviknight|U-turn|p2a: Gholdengo
|-resisted|p2a: Gholdengo
|-damage|p2a: Gholdengo|94/100
|
|t:|1758309408
|switch|p1a: Skeledirge|Skeledirge, M|100/100|[from] U-turn
|-damage|p1a: Skeledirge|75/100|[from] Stealth Rock
|-status|p1a: Skeledirge|tox
|
|-heal|p1a: Skeledirge|82/100 tox|[from] item: Leftovers
|-damage|p1a: Skeledirge|75/100 tox|[from] psn
|upkeep
|turn|15
|
|t:|1758309416
|move|p2a: Gholdengo|Shadow Ball|p1a: Skeledirge
|-supereffective|p1a: Skeledirge
|-damage|p1a: Skeledirge|0 fnt
|faint|p1a: Skeledirge
|
|upkeep
|-message|maatmatos forfeited.
|
|win|the goobchamponing
|raw|maatmatos's rating: 1525 &rarr; <strong>1506</strong><br />(-19 for losing)
|raw|the goobchamponing's rating: 1543 &rarr; <strong>1562</strong><br />(+19 for winning)
|l|☆maatmatos
|player|p1|
