|j|☆hauntersnightmare
|j|☆Volga123
|t:|1758287739
|gametype|singles
|player|p1|hauntersnightmare|266|1397
|player|p2|Volga123|cynthia|1456
|gen|9
|tier|[Gen 9] OU
|rated|
|rule|HP Percentage Mod: HP is shown in percentages
|rule|Endless Battle Clause: Forcing endless battles is banned
|rule|Species Clause: Limit one of each Pokémon
|rule|OHKO Clause: OHKO moves are banned
|rule|Evasion Items Clause: Evasion items are banned
|rule|Evasion Moves Clause: Evasion moves are banned
|rule|Evasion Abilities Clause: Evasion abilities are banned
|rule|Sleep Moves Clause: Sleep-inducing moves are banned
|clearpoke
|poke|p1|Pawmot, F|
|poke|p1|Cresselia, F|
|poke|p1|Corviknight, M|
|poke|p1|Ninetales-Alola, M|
|poke|p1|Kingambit, M|
|poke|p1|Dragapult, M|
|poke|p2|Araquanid, F|
|poke|p2|Politoed, M|
|poke|p2|Raging Bolt|
|poke|p2|Bisharp, F|
|poke|p2|Noivern, F|
|poke|p2|Clodsire, M|
|teampreview
|
|t:|1758287749
|teamsize|p1|6
|teamsize|p2|6
|start
|switch|p1a: Ninetales|Ninetales-Alola, M|100/100
|switch|p2a: Araquanid|Araquanid, F|100/100
|-weather|Snowscape|[from] ability: Snow Warning|[of] p1a: Ninetales
|turn|1
|
|t:|1758287752
|switch|p2a: Bisharp|Bisharp, F|100/100
|move|p1a: Ninetales|Aurora Veil|p1a: Ninetales
|-sidestart|p1: hauntersnightmare|move: Aurora Veil
|
|-weather|Snowscape|[upkeep]
|upkeep
|turn|2
|
|t:|1758287756
|switch|p1a: Pawmot|Pawmot, F|100/100
|move|p2a: Bisharp|Brick Break|p1a: Pawmot
|-sideend|p1: hauntersnightmare|move: Aurora Veil
|-damage|p1a: Pawmot|70/100
|
|-weather|Snowscape|[upkeep]
|upkeep
|turn|3
|
|t:|1758287760
|switch|p2a: Clodsire|Clodsire, M|100/100
|move|p1a: Pawmot|Nuzzle|p2a: Clodsire
|-immune|p2a: Clodsire
|
|-weather|Snowscape|[upkeep]
|upkeep
|turn|4
|
|t:|1758287763
|move|p1a: Pawmot|Knock Off|p2a: Clodsire
|-damage|p2a: Clodsire|83/100
|-enditem|p2a: Clodsire|Black Sludge|[from] move: Knock Off|[of] p1a: Pawmot
|move|p2a: Clodsire|Stealth Rock|p1a: Pawmot
|-sidestart|p1: hauntersnightmare|move: Stealth Rock
|
|-weather|Snowscape|[upkeep]
|upkeep
|turn|5
|
|t:|1758287768
|switch|p1a: Corviknight|Corviknight, M|100/100
|-damage|p1a: Corviknight|88/100|[from] Stealth Rock
|-ability|p1a: Corviknight|Pressure
|move|p2a: Clodsire|Toxic|p1a: Corviknight
|-immune|p1a: Corviknight
|
|-weather|none
|-heal|p1a: Corviknight|94/100|[from] item: Leftovers
|upkeep
|turn|6
|
|t:|1758287773
|switch|p2a: Politoed|Politoed, M|100/100
|-weather|RainDance|[from] ability: Drizzle|[of] p2a: Politoed
|move|p1a: Corviknight|Substitute|p1a: Corviknight
|-start|p1a: Corviknight|Substitute
|-damage|p1a: Corviknight|69/100
|
|-weather|RainDance|[upkeep]
|-heal|p1a: Corviknight|75/100|[from] item: Leftovers
|upkeep
|turn|7
|
|t:|1758287779
|move|p2a: Politoed|Surf|p1a: Corviknight
|-end|p1a: Corviknight|Substitute
|move|p1a: Corviknight|Bulk Up|p1a: Corviknight
|-boost|p1a: Corviknight|atk|1
|-boost|p1a: Corviknight|def|1
|
|-weather|RainDance|[upkeep]
|-heal|p1a: Corviknight|82/100|[from] item: Leftovers
|upkeep
|turn|8
|
|t:|1758287782
|move|p2a: Politoed|Surf|p1a: Corviknight
|-damage|p1a: Corviknight|38/100
|move|p1a: Corviknight|Roost|p1a: Corviknight
|-heal|p1a: Corviknight|88/100
|-singleturn|p1a: Corviknight|move: Roost
|
|-weather|RainDance|[upkeep]
|-heal|p1a: Corviknight|94/100|[from] item: Leftovers
|upkeep
|turn|9
|
|t:|1758287787
|switch|p1a: Ninetales|Ninetales-Alola, M|100/100
|-damage|p1a: Ninetales|75/100|[from] Stealth Rock
|-weather|Snowscape|[from] ability: Snow Warning|[of] p1a: Ninetales
|move|p2a: Politoed|Surf|p1a: Ninetales
|-damage|p1a: Ninetales|31/100
|
|-weather|Snowscape|[upkeep]
|upkeep
|turn|10
|
|t:|1758287796
|switch|p2a: Bisharp|Bisharp, F|100/100
|move|p1a: Ninetales|Aurora Veil|p1a: Ninetales
|-sidestart|p1: hauntersnightmare|move: Aurora Veil
|
|-weather|Snowscape|[upkeep]
|upkeep
|turn|11
|
|t:|1758287799
|switch|p1a: Dragapult|Dragapult, M|100/100
|-damage|p1a: Dragapult|88/100|[from] Stealth Rock
|move|p2a: Bisharp|Swords Dance|p2a: Bisharp
|-boost|p2a: Bisharp|atk|2
|
|-weather|Snowscape|[upkeep]
|-heal|p1a: Dragapult|94/100|[from] item: Leftovers
|upkeep
|turn|12
|
|t:|1758287808
|switch|p1a: Cresselia|Cresselia, F|100/100
|-damage|p1a: Cresselia|88/100|[from] Stealth Rock
|switch|p2a: Araquanid|Araquanid, F|100/100
|
|-weather|Snowscape|[upkeep]
|upkeep
|turn|13
|
|t:|1758287822
|move|p1a: Cresselia|Trick|p2a: Araquanid
|-activate|p1a: Cresselia|move: Trick|[of] p2a: Araquanid
|-item|p2a: Araquanid|Choice Scarf|[from] move: Trick
|-item|p1a: Cresselia|Choice Band|[from] move: Trick
|move|p2a: Araquanid|Liquidation|p1a: Cresselia
|-damage|p1a: Cresselia|60/100
|
|-weather|none
|upkeep
|turn|14
|
|t:|1758287832
|switch|p1a: Dragapult|Dragapult, M|94/100
|-damage|p1a: Dragapult|82/100|[from] Stealth Rock
|move|p2a: Araquanid|Liquidation|p1a: Dragapult
|-resisted|p1a: Dragapult
|-damage|p1a: Dragapult|57/100
|
|-heal|p1a: Dragapult|63/100|[from] item: Leftovers
|upkeep
|turn|15
|
|t:|1758287836
|move|p1a: Dragapult|Dragon Dance|p1a: Dragapult
|-boost|p1a: Dragapult|atk|1
|-boost|p1a: Dragapult|spe|1
|move|p2a: Araquanid|Liquidation|p1a: Dragapult
|-resisted|p1a: Dragapult
|-damage|p1a: Dragapult|37/100
|
|-heal|p1a: Dragapult|43/100|[from] item: Leftovers
|upkeep
|turn|16
|
|t:|1758287839
|move|p1a: Dragapult|Dragon Darts|p2a: Araquanid
|-damage|p2a: Araquanid|60/100
|-anim|p1a: Dragapult|Dragon Darts|p2a: Araquanid
|-damage|p2a: Araquanid|19/100
|move|p2a: Araquanid|Liquidation|p1a: Dragapult
|-resisted|p1a: Dragapult
|-crit|p1a: Dragapult
|-damage|p1a: Dragapult|0 fnt
|faint|p1a: Dragapult
|
|upkeep
|
|t:|1758287843
|switch|p1a: Pawmot|Pawmot, F|70/100
|-damage|p1a: Pawmot|64/100|[from] Stealth Rock
|turn|17
|
|t:|1758287853
|move|p1a: Pawmot|Revival Blessing|p1a: Pawmot
|-enditem|p1a: Pawmot|Leppa Berry|[eat]
|-activate|p1a: Pawmot|item: Leppa Berry|Revival Blessing|[consumed]
|
|t:|1758287857
|-heal|p1: Dragapult|50/100|[from] move: Revival Blessing
|move|p2a: Araquanid|Liquidation|p1a: Pawmot
|-damage|p1a: Pawmot|24/100
|
|-sideend|p1: hauntersnightmare|move: Aurora Veil
|upkeep
|turn|18
|inactive|Battle timer is ON: inactive players will automatically lose when time's up. (requested by Volga123)
|
|t:|1758287879
|switch|p1a: Ninetales|Ninetales-Alola, M|31/100
|-damage|p1a: Ninetales|6/100|[from] Stealth Rock
|-weather|Snowscape|[from] ability: Snow Warning|[of] p1a: Ninetales
|switch|p2a: Clodsire|Clodsire, M|83/100
|
|-weather|Snowscape|[upkeep]
|upkeep
|turn|19
|
|t:|1758287887
|move|p1a: Ninetales|Aurora Veil|p1a: Ninetales
|-sidestart|p1: hauntersnightmare|move: Aurora Veil
|move|p2a: Clodsire|Earthquake|p1a: Ninetales
|-damage|p1a: Ninetales|0 fnt
|faint|p1a: Ninetales
|
|-weather|Snowscape|[upkeep]
|upkeep
|
|t:|1758287896
|switch|p1a: Pawmot|Pawmot, F|24/100
|-damage|p1a: Pawmot|18/100|[from] Stealth Rock
|turn|20
|
|t:|1758287900
|move|p1a: Pawmot|Revival Blessing|p1a: Pawmot
|
|t:|1758287902
|-heal|p1: Ninetales|50/100|[from] move: Revival Blessing
|move|p2a: Clodsire|Earthquake|p1a: Pawmot
|-supereffective|p1a: Pawmot
|-damage|p1a: Pawmot|0 fnt
|faint|p1a: Pawmot
|
|-weather|Snowscape|[upkeep]
|upkeep
|
|t:|1758287908
|switch|p1a: Kingambit|Kingambit, M|100/100
|-damage|p1a: Kingambit|94/100|[from] Stealth Rock
|-activate|p1a: Kingambit|ability: Supreme Overlord
|-start|p1a: Kingambit|fallen3|[silent]
|turn|21
|
|t:|1758287915
|switch|p2a: Bisharp|Bisharp, F|100/100
|move|p1a: Kingambit|Swords Dance|p1a: Kingambit
|-boost|p1a: Kingambit|atk|2
|
|-weather|Snowscape|[upkeep]
|-heal|p1a: Kingambit|100/100|[from] item: Leftovers
|upkeep
|turn|22
|
|t:|1758287918
|-terastallize|p1a: Kingambit|Fire
|move|p2a: Bisharp|Brick Break|p1a: Kingambit
|-sideend|p1: hauntersnightmare|move: Aurora Veil
|-damage|p1a: Kingambit|86/100
|move|p1a: Kingambit|Swords Dance|p1a: Kingambit
|-boost|p1a: Kingambit|atk|2
|
|-weather|none
|-heal|p1a: Kingambit|92/100|[from] item: Leftovers
|upkeep
|turn|23
|
|t:|1758287925
|move|p2a: Bisharp|Brick Break|p1a: Kingambit
|-damage|p1a: Kingambit|77/100
|move|p1a: Kingambit|Kowtow Cleave|p2a: Bisharp
|-resisted|p2a: Bisharp
|-crit|p2a: Bisharp
|-damage|p2a: Bisharp|33/100
|
|-heal|p1a: Kingambit|84/100|[from] item: Leftovers
|upkeep
|turn|24
|
|t:|1758287931
|move|p2a: Bisharp|Sucker Punch|p1a: Kingambit
|-damage|p1a: Kingambit|61/100
|move|p1a: Kingambit|Sucker Punch||[still]
|-fail|p1a: Kingambit
|
|-heal|p1a: Kingambit|67/100|[from] item: Leftovers
|upkeep
|turn|25
|
|t:|1758287935
|move|p2a: Bisharp|Brick Break|p1a: Kingambit
|-crit|p1a: Kingambit
|-damage|p1a: Kingambit|42/100
|move|p1a: Kingambit|Swords Dance|p1a: Kingambit
|-boost|p1a: Kingambit|atk|2
|
|-heal|p1a: Kingambit|49/100|[from] item: Leftovers
|upkeep
|turn|26
|
|t:|1758287944
|move|p2a: Bisharp|Brick Break|p1a: Kingambit
|-damage|p1a: Kingambit|33/100
|move|p1a: Kingambit|Kowtow Cleave|p2a: Bisharp
|-resisted|p2a: Bisharp
|-damage|p2a: Bisharp|0 fnt
|faint|p2a: Bisharp
|
|-heal|p1a: Kingambit|39/100|[from] item: Leftovers
|upkeep
|
|t:|1758287956
|switch|p2a: Araquanid|Araquanid, F|19/100
|turn|27
|
|t:|1758287959
|move|p1a: Kingambit|Sucker Punch||[still]
|-fail|p1a: Kingambit
|move|p2a: Araquanid|Sticky Web|p1a: Kingambit
|-sidestart|p1: hauntersnightmare|move: Sticky Web
|
|-heal|p1a: Kingambit|45/100|[from] item: Leftovers
|upkeep
|turn|28
|
|t:|1758287961
|move|p2a: Araquanid|Sticky Web||[still]
|-fail|p2a: Araquanid
|move|p1a: Kingambit|Kowtow Cleave|p2a: Araquanid
|-damage|p2a: Araquanid|0 fnt
|faint|p2a: Araquanid
|
|-heal|p1a: Kingambit|51/100|[from] item: Leftovers
|upkeep
|
|t:|1758287964
|switch|p2a: Raging Bolt|Raging Bolt|100/100
|-enditem|p2a: Raging Bolt|Booster Energy
|-activate|p2a: Raging Bolt|ability: Protosynthesis|[fromitem]
|-start|p2a: Raging Bolt|protosynthesisspa
|turn|29
|
|t:|1758287978
|move|p2a: Raging Bolt|Thunderclap|p1a: Kingambit
|-crit|p1a: Kingambit
|-damage|p1a: Kingambit|0 fnt
|faint|p1a: Kingambit
|-end|p1a: Kingambit|fallen3|[silent]
|
|upkeep
|
|t:|1758287987
|switch|p1a: Ninetales|Ninetales-Alola, M|50/100
|-damage|p1a: Ninetales|25/100|[from] Stealth Rock
|-activate|p1a: Ninetales|move: Sticky Web
|-unboost|p1a: Ninetales|spe|1
|-weather|Snowscape|[from] ability: Snow Warning|[of] p1a: Ninetales
|turn|30
|
|t:|1758287990
|-end|p2a: Raging Bolt|Protosynthesis|[silent]
|switch|p2a: Politoed|Politoed, M|100/100
|-weather|RainDance|[from] ability: Drizzle|[of] p2a: Politoed
|move|p1a: Ninetales|Aurora Veil||[still]
|-fail|p1a: Ninetales
|
|-weather|RainDance|[upkeep]
|upkeep
|turn|31
|
|t:|1758287994
|move|p1a: Ninetales|Snowscape|p1a: Ninetales
|-weather|Snowscape
|move|p2a: Politoed|Surf|p1a: Ninetales
|-damage|p1a: Ninetales|0 fnt
|faint|p1a: Ninetales
|
|-weather|Snowscape|[upkeep]
|upkeep
|
|t:|1758288000
|switch|p1a: Cresselia|Cresselia, F|60/100
|-damage|p1a: Cresselia|48/100|[from] Stealth Rock
|turn|32
|
|t:|1758288009
|switch|p2a: Noivern|Noivern, F|100/100
|move|p1a: Cresselia|Trick|p2a: Noivern
|-activate|p1a: Cresselia|move: Trick|[of] p2a: Noivern
|-item|p2a: Noivern|Choice Band|[from] move: Trick
|-item|p1a: Cresselia|Throat Spray|[from] move: Trick
|
|-weather|Snowscape|[upkeep]
|upkeep
|turn|33
|
|t:|1758288021
|switch|p2a: Politoed|Politoed, M|100/100
|-weather|RainDance|[from] ability: Drizzle|[of] p2a: Politoed
|move|p1a: Cresselia|Lunar Dance|p1a: Cresselia
|faint|p1a: Cresselia
|
|-weather|RainDance|[upkeep]
|upkeep
|
|t:|1758288023
|switch|p1a: Dragapult|Dragapult, M|50/100
|-heal|p1a: Dragapult|100/100|[from] move: Lunar Dance
|-damage|p1a: Dragapult|88/100|[from] Stealth Rock
|-activate|p1a: Dragapult|move: Sticky Web
|-fail|p1a: Dragapult|unboost|[from] ability: Clear Body|[of] p1a: Dragapult
|turn|34
|
|t:|1758288026
|move|p1a: Dragapult|Dragon Dance|p1a: Dragapult
|-boost|p1a: Dragapult|atk|1
|-boost|p1a: Dragapult|spe|1
|move|p2a: Politoed|Ice Beam|p1a: Dragapult
|-supereffective|p1a: Dragapult
|-damage|p1a: Dragapult|19/100
|-status|p1a: Dragapult|frz
|
|-weather|RainDance|[upkeep]
|-heal|p1a: Dragapult|25/100 frz|[from] item: Leftovers
|upkeep
|turn|35
|
|t:|1758288030
|cant|p1a: Dragapult|frz
|move|p2a: Politoed|Ice Beam|p1a: Dragapult
|-supereffective|p1a: Dragapult
|-damage|p1a: Dragapult|0 fnt
|faint|p1a: Dragapult
|
|-weather|RainDance|[upkeep]
|upkeep
|-message|hauntersnightmare forfeited.
|
|win|Volga123
|raw|hauntersnightmare's rating: 1397 &rarr; <strong>1380</strong><br />(-17 for losing)
|raw|Volga123's rating: 1456 &rarr; <strong>1473</strong><br />(+17 for winning)
|l|☆hauntersnightmare
|player|p1|
|l|☆Volga123
|player|p2|
