|j|☆burrito_theinferno
|j|☆kanadeyo1saki
|t:|1758241147
|gametype|singles
|player|p1|burrito_theinferno|266|1152
|player|p2|kanadeyo1saki|alec-anime|1212
|gen|9
|tier|[Gen 9] OU
|rated|
|rule|HP Percentage Mod: HP is shown in percentages
|rule|Endless Battle Clause: Forcing endless battles is banned
|rule|Species Clause: Limit one of each Pokémon
|rule|OHKO Clause: OHKO moves are banned
|rule|Evasion Items Clause: Evasion items are banned
|rule|Evasion Moves Clause: Evasion moves are banned
|rule|Evasion Abilities Clause: Evasion abilities are banned
|rule|Sleep Moves Clause: Sleep-inducing moves are banned
|clearpoke
|poke|p1|Komala, M|
|poke|p1|Garchomp, F|
|poke|p1|Swalot, F|
|poke|p1|Espeon, M|
|poke|p1|Dragonite, F|
|poke|p1|Blaziken, F|
|poke|p2|Great Tusk|
|poke|p2|Heatran, M|
|poke|p2|Weavile, F|
|poke|p2|Primarina, M|
|poke|p2|Ogerpon, F|
|poke|p2|Pecharunt|
|teampreview
|inactive|Battle timer is ON: inactive players will automatically lose when time's up. (requested by burrito_theinferno)
|
|t:|1758241157
|teamsize|p1|6
|teamsize|p2|6
|start
|switch|p1a: Swalot|Swalot, F|100/100
|switch|p2a: Heatransgender|Heatran, M|100/100
|-item|p2a: Heatransgender|Air Balloon
|turn|1
|
|t:|1758241169
|move|p2a: Heatransgender|Earth Power|p1a: Swalot
|-supereffective|p1a: Swalot
|-damage|p1a: Swalot|46/100
|move|p1a: Swalot|Stuff Cheeks|p1a: Swalot
|-boost|p1a: Swalot|def|2
|-enditem|p1a: Swalot|Starf Berry|[eat]
|-boost|p1a: Swalot|spe|2|[from] item: Starf Berry
|
|upkeep
|turn|2
|
|t:|1758241187
|move|p2a: Heatransgender|Earth Power|p1a: Swalot
|-supereffective|p1a: Swalot
|-damage|p1a: Swalot|0 fnt
|faint|p1a: Swalot
|
|upkeep
|
|t:|1758241195
|switch|p1a: Dragonite|Dragonite, F|100/100
|turn|3
|
|t:|1758241203
|-terastallize|p1a: Dragonite|Fire
|move|p2a: Heatransgender|Stealth Rock|p1a: Dragonite
|-sidestart|p1: burrito_theinferno|move: Stealth Rock
|move|p1a: Dragonite|Dragon Dance|p1a: Dragonite
|-boost|p1a: Dragonite|atk|1
|-boost|p1a: Dragonite|spe|1
|
|upkeep
|turn|4
|
|t:|1758241216
|move|p1a: Dragonite|Dragon Claw|p2a: Heatransgender
|-resisted|p2a: Heatransgender
|-damage|p2a: Heatransgender|65/100
|-enditem|p2a: Heatransgender|Air Balloon
|move|p2a: Heatransgender|Taunt|p1a: Dragonite
|-start|p1a: Dragonite|move: Taunt
|
|upkeep
|turn|5
|
|t:|1758241225
|switch|p2a: gay daughter|Primarina, M, shiny|100/100
|move|p1a: Dragonite|Dragon Claw|p2a: gay daughter
|-immune|p2a: gay daughter
|
|upkeep
|turn|6
|
|t:|1758241234
|switch|p1a: Komala|Komala, M|100/100
|-damage|p1a: Komala|88/100|[from] Stealth Rock
|-ability|p1a: Komala|Comatose
|move|p2a: gay daughter|Moonblast|p1a: Komala
|-crit|p1a: Komala
|-damage|p1a: Komala|10/100
|
|-heal|p1a: Komala|17/100|[from] item: Leftovers
|upkeep
|turn|7
|
|t:|1758241248
|move|p1a: Komala|Rapid Spin|p2a: gay daughter
|-damage|p2a: gay daughter|70/100
|-boost|p1a: Komala|spe|1
|-sideend|p1: burrito_theinferno|Stealth Rock|[from] move: Rapid Spin|[of] p1a: Komala
|move|p2a: gay daughter|Flip Turn|p1a: Komala
|-damage|p1a: Komala|0 fnt
|faint|p1a: Komala
|
|t:|1758241261
|switch|p2a: lesbian daughter|Ogerpon, F|100/100|[from] Flip Turn
|
|upkeep
|
|t:|1758241267
|switch|p1a: Garchomp|Garchomp, F|100/100
|turn|8
|
|t:|1758241285
|move|p2a: lesbian daughter|Ivy Cudgel|p1a: Garchomp
|-damage|p1a: Garchomp|54/100
|move|p1a: Garchomp|Swords Dance|p1a: Garchomp
|-boost|p1a: Garchomp|atk|2
|
|upkeep
|turn|9
|
|t:|1758241293
|-terastallize|p2a: lesbian daughter|Grass
|detailschange|p2a: lesbian daughter|Ogerpon-Teal-Tera, F, tera:Grass
|-ability|p2a: lesbian daughter|Embody Aspect (Teal)|boost
|-boost|p2a: lesbian daughter|spe|1
|move|p2a: lesbian daughter|Ivy Cudgel|p1a: Garchomp
|-crit|p1a: Garchomp
|-damage|p1a: Garchomp|0 fnt
|faint|p1a: Garchomp
|
|upkeep
|
|t:|1758241303
|switch|p1a: Dragonite|Dragonite, F, tera:Fire|100/100
|turn|10
|
|t:|1758241314
|switch|p2a: woke dog|Great Tusk, shiny|100/100
|move|p1a: Dragonite|Dragon Dance|p1a: Dragonite
|-boost|p1a: Dragonite|atk|1
|-boost|p1a: Dragonite|spe|1
|
|upkeep
|turn|11
|
|t:|1758241329
|move|p1a: Dragonite|Dragon Claw|p2a: woke dog
|-damage|p2a: woke dog|53/100
|move|p2a: woke dog|Headlong Rush|p1a: Dragonite
|-supereffective|p1a: Dragonite
|-damage|p1a: Dragonite|33/100
|-unboost|p2a: woke dog|def|1
|-unboost|p2a: woke dog|spd|1
|-enditem|p1a: Dragonite|Weakness Policy
|-boost|p1a: Dragonite|atk|2|[from] item: Weakness Policy
|-boost|p1a: Dragonite|spa|2|[from] item: Weakness Policy
|
|upkeep
|turn|12
|inactive|kanadeyo1saki has 120 seconds left.
|
|t:|1758241366
|move|p1a: Dragonite|Extreme Speed|p2a: woke dog
|-damage|p2a: woke dog|0 fnt
|faint|p2a: woke dog
|-end|p2a: woke dog|Protosynthesis|[silent]
|
|upkeep
|
|t:|1758241377
|switch|p2a: mochi michael|Pecharunt|100/100
|turn|13
|
|t:|1758241385
|move|p1a: Dragonite|Fire Punch|p2a: mochi michael
|-damage|p2a: mochi michael|52/100
|-damage|p1a: Dragonite|16/100|[from] item: Rocky Helmet|[of] p2a: mochi michael
|move|p2a: mochi michael|Malignant Chain|p1a: Dragonite
|-damage|p1a: Dragonite|0 fnt
|faint|p1a: Dragonite
|
|upkeep
|
|t:|1758241393
|switch|p1a: Espeon|Espeon, M|100/100
|turn|14
|
|t:|1758241400
|move|p1a: Espeon|Trick|p2a: mochi michael
|-activate|p1a: Espeon|move: Trick|[of] p2a: mochi michael
|-item|p2a: mochi michael|Choice Scarf|[from] move: Trick
|-item|p1a: Espeon|Rocky Helmet|[from] move: Trick
|move|p2a: mochi michael|Malignant Chain|p1a: Espeon
|-crit|p1a: Espeon
|-damage|p1a: Espeon|44/100
|-status|p1a: Espeon|tox
|-start|p1a: Espeon|confusion|[from] ability: Poison Puppeteer|[of] p2a: mochi michael
|
|-damage|p1a: Espeon|38/100 tox|[from] psn
|upkeep
|turn|15
|
|t:|1758241413
|-activate|p1a: Espeon|confusion
|move|p1a: Espeon|Psyshock|p2a: mochi michael
|-supereffective|p2a: mochi michael
|-damage|p2a: mochi michael|6/100
|move|p2a: mochi michael|Malignant Chain|p1a: Espeon
|-damage|p1a: Espeon|0 fnt
|faint|p1a: Espeon
|
|upkeep
|
|t:|1758241417
|switch|p1a: Blaziken|Blaziken, F|100/100
|turn|16
|
|t:|1758241424
|move|p2a: mochi michael|Malignant Chain|p1a: Blaziken
|-damage|p1a: Blaziken|51/100
|move|p1a: Blaziken|Thunder Punch|p2a: mochi michael
|-damage|p2a: mochi michael|0 fnt
|faint|p2a: mochi michael
|-damage|p1a: Blaziken|41/100|[from] item: Life Orb
|
|-ability|p1a: Blaziken|Speed Boost|boost
|-boost|p1a: Blaziken|spe|1
|upkeep
|
|t:|1758241439
|switch|p2a: gay daughter|Primarina, M, shiny|70/100
|turn|17
|
|t:|1758241446
|move|p1a: Blaziken|Thunder Punch|p2a: gay daughter
|-supereffective|p2a: gay daughter
|-damage|p2a: gay daughter|0 fnt
|faint|p2a: gay daughter
|-damage|p1a: Blaziken|31/100|[from] item: Life Orb
|
|-ability|p1a: Blaziken|Speed Boost|boost
|-boost|p1a: Blaziken|spe|1
|upkeep
|inactive|kanadeyo1saki has 120 seconds left.
|
|t:|1758241466
|switch|p2a: Heatransgender|Heatran, M|65/100
|turn|18
|
|t:|1758241474
|move|p1a: Blaziken|Close Combat|p2a: Heatransgender
|-supereffective|p2a: Heatransgender
|-damage|p2a: Heatransgender|0 fnt
|-unboost|p1a: Blaziken|def|1
|-unboost|p1a: Blaziken|spd|1
|faint|p2a: Heatransgender
|-damage|p1a: Blaziken|21/100|[from] item: Life Orb
|
|-ability|p1a: Blaziken|Speed Boost|boost
|-boost|p1a: Blaziken|spe|1
|upkeep
|inactive|kanadeyo1saki has 120 seconds left.
|
|t:|1758241487
|switch|p2a: lesbian daughter|Ogerpon-Teal-Tera, F, tera:Grass|100/100
|-ability|p2a: lesbian daughter|Embody Aspect (Teal)|boost
|-boost|p2a: lesbian daughter|spe|1
|turn|19
|
|t:|1758241492
|move|p1a: Blaziken|Close Combat|p2a: lesbian daughter
|-damage|p2a: lesbian daughter|0 fnt
|-unboost|p1a: Blaziken|def|1
|-unboost|p1a: Blaziken|spd|1
|faint|p2a: lesbian daughter
|detailschange|p2: lesbian daughter|Ogerpon, F|[silent]
|-damage|p1a: Blaziken|11/100|[from] item: Life Orb
|
|-ability|p1a: Blaziken|Speed Boost|boost
|-boost|p1a: Blaziken|spe|1
|upkeep
|
|t:|1758241501
|switch|p2a: I LAND AXEL #TRUE|Weavile, F|100/100
|-ability|p2a: I LAND AXEL #TRUE|Pressure
|turn|20
|
|t:|1758241505
|move|p2a: I LAND AXEL #TRUE|Ice Shard|p1a: Blaziken
|-resisted|p1a: Blaziken
|-damage|p1a: Blaziken|0 fnt
|faint|p1a: Blaziken
|
|win|kanadeyo1saki
|raw|burrito_theinferno's rating: 1152 &rarr; <strong>1131</strong><br />(-21 for losing)
|raw|kanadeyo1saki's rating: 1212 &rarr; <strong>1233</strong><br />(+21 for winning)
