|j|☆sauronikov
|j|☆Wiiboidibo
|t:|1758345595
|gametype|singles
|player|p1|sauronikov|101|1353
|player|p2|Wiiboidibo|169|1384
|gen|9
|tier|[Gen 9] OU
|rated|
|rule|HP Percentage Mod: HP is shown in percentages
|rule|Endless Battle Clause: Forcing endless battles is banned
|rule|Species Clause: Limit one of each Pokémon
|rule|OHKO Clause: OHKO moves are banned
|rule|Evasion Items Clause: Evasion items are banned
|rule|Evasion Moves Clause: Evasion moves are banned
|rule|Evasion Abilities Clause: Evasion abilities are banned
|rule|Sleep Moves Clause: Sleep-inducing moves are banned
|clearpoke
|poke|p1|Grimmsnarl, M|
|poke|p1|Iron Boulder|
|poke|p1|Iron Crown|
|poke|p1|Iron Leaves|
|poke|p1|Raikou|
|poke|p1|Entei|
|poke|p2|Iron Boulder|
|poke|p2|Glimmora, M|
|poke|p2|Hatterene, F|
|poke|p2|Kingambit, M|
|poke|p2|Iron Moth|
|poke|p2|Quaquaval, F|
|teampreview
|
|t:|1758345610
|teamsize|p1|6
|teamsize|p2|6
|start
|switch|p1a: Grimmsnarl|Grimmsnarl, M|100/100
|switch|p2a: Glimmora|Glimmora, M|100/100
|turn|1
|
|t:|1758345617
|move|p1a: Grimmsnarl|Taunt|p2a: Glimmora
|-start|p2a: Glimmora|move: Taunt
|cant|p2a: Glimmora|move: Taunt|Stealth Rock
|
|upkeep
|turn|2
|
|t:|1758345621
|move|p1a: Grimmsnarl|Light Screen|p1a: Grimmsnarl
|-sidestart|p1: sauronikov|move: Light Screen
|move|p2a: Glimmora|Mortal Spin|p1a: Grimmsnarl
|-supereffective|p1a: Grimmsnarl
|-damage|p1a: Grimmsnarl|89/100
|-status|p1a: Grimmsnarl|psn
|
|-damage|p1a: Grimmsnarl|77/100 psn|[from] psn
|upkeep
|turn|3
|
|t:|1758345630
|switch|p2a: Hatterene|Hatterene, F|100/100
|move|p1a: Grimmsnarl|Parting Shot|p2a: Hatterene
|move|p2a: Hatterene|Parting Shot|p1a: Grimmsnarl|[from] ability: Magic Bounce
|-unboost|p1a: Grimmsnarl|atk|1
|-unboost|p1a: Grimmsnarl|spa|1
|
|t:|1758345639
|switch|p2a: Glimmora|Glimmora, M|100/100|[from] Parting Shot
|
|-damage|p1a: Grimmsnarl|64/100 psn|[from] psn
|upkeep
|turn|4
|
|t:|1758345645
|switch|p2a: Hatterene|Hatterene, F|100/100
|move|p1a: Grimmsnarl|Taunt|p2a: Hatterene
|move|p2a: Hatterene|Taunt|p1a: Grimmsnarl|[from] ability: Magic Bounce
|-start|p1a: Grimmsnarl|move: Taunt
|
|-damage|p1a: Grimmsnarl|52/100 psn|[from] psn
|upkeep
|turn|5
|
|t:|1758345655
|switch|p1a: Iron Crown|Iron Crown|100/100
|move|p2a: Hatterene|Calm Mind|p2a: Hatterene
|-boost|p2a: Hatterene|spa|1
|-boost|p2a: Hatterene|spd|1
|
|upkeep
|turn|6
|
|t:|1758345665
|-terastallize|p2a: Hatterene|Water
|move|p1a: Iron Crown|Agility|p1a: Iron Crown
|-boost|p1a: Iron Crown|spe|2
|move|p2a: Hatterene|Mystical Fire|p1a: Iron Crown
|-supereffective|p1a: Iron Crown
|-damage|p1a: Iron Crown|75/100
|-unboost|p1a: Iron Crown|spa|1
|-enditem|p1a: Iron Crown|Weakness Policy
|-boost|p1a: Iron Crown|atk|2|[from] item: Weakness Policy
|-boost|p1a: Iron Crown|spa|2|[from] item: Weakness Policy
|
|upkeep
|turn|7
|
|t:|1758345677
|-terastallize|p1a: Iron Crown|Electric
|move|p1a: Iron Crown|Supercell Slam|p2a: Hatterene
|-supereffective|p2a: Hatterene
|-damage|p2a: Hatterene|12/100
|move|p2a: Hatterene|Mystical Fire|p1a: Iron Crown
|-damage|p1a: Iron Crown|62/100
|-unboost|p1a: Iron Crown|spa|1
|
|-heal|p2a: Hatterene|18/100|[from] item: Leftovers
|upkeep
|turn|8
|
|t:|1758345690
|move|p1a: Iron Crown|Zen Headbutt|p2a: Hatterene
|-damage|p2a: Hatterene|0 fnt
|faint|p2a: Hatterene
|
|upkeep
|
|t:|1758345697
|switch|p2a: Glimmora|Glimmora, M|100/100
|turn|9
|
|t:|1758345703
|move|p1a: Iron Crown|Tachyon Cutter|p2a: Glimmora
|-supereffective|p2a: Glimmora
|-damage|p2a: Glimmora|22/100
|-supereffective|p2a: Glimmora
|-damage|p2a: Glimmora|0 fnt
|faint|p2a: Glimmora
|-hitcount|p2: Glimmora|2
|
|-sideend|p1: sauronikov|move: Light Screen
|upkeep
|
|t:|1758345711
|switch|p2a: Kingambit|Kingambit, M|100/100
|-activate|p2a: Kingambit|ability: Supreme Overlord
|-start|p2a: Kingambit|fallen2|[silent]
|turn|10
|
|t:|1758345717
|move|p2a: Kingambit|Sucker Punch|p1a: Iron Crown
|-damage|p1a: Iron Crown|18/100
|move|p1a: Iron Crown|Supercell Slam|p2a: Kingambit
|-damage|p2a: Kingambit|64/100
|
|-heal|p2a: Kingambit|70/100|[from] item: Leftovers
|upkeep
|turn|11
|
|t:|1758345725
|move|p2a: Kingambit|Sucker Punch|p1a: Iron Crown
|-damage|p1a: Iron Crown|0 fnt
|faint|p1a: Iron Crown
|-end|p1a: Iron Crown|Quark Drive|[silent]
|
|-heal|p2a: Kingambit|76/100|[from] item: Leftovers
|upkeep
|
|t:|1758345733
|switch|p1a: Raikou|Raikou, shiny|100/100
|turn|12
|
|t:|1758345739
|move|p1a: Raikou|Scald|p2a: Kingambit
|-damage|p2a: Kingambit|50/100
|-status|p2a: Kingambit|brn
|move|p2a: Kingambit|Swords Dance|p2a: Kingambit
|-boost|p2a: Kingambit|atk|2
|
|-heal|p2a: Kingambit|56/100 brn|[from] item: Leftovers
|-damage|p2a: Kingambit|50/100 brn|[from] brn
|upkeep
|turn|13
|
|t:|1758345749
|move|p2a: Kingambit|Sucker Punch||[still]
|-fail|p2a: Kingambit
|move|p1a: Raikou|Agility|p1a: Raikou
|-boost|p1a: Raikou|spe|2
|
|-heal|p2a: Kingambit|56/100 brn|[from] item: Leftovers
|-damage|p2a: Kingambit|50/100 brn|[from] brn
|upkeep
|turn|14
|
|t:|1758345761
|move|p1a: Raikou|Aura Sphere|p2a: Kingambit
|-supereffective|p2a: Kingambit
|-damage|p2a: Kingambit|0 fnt
|faint|p2a: Kingambit
|-end|p2a: Kingambit|fallen2|[silent]
|
|upkeep
|
|t:|1758345768
|switch|p2a: Iron Moth|Iron Moth|100/100
|-enditem|p2a: Iron Moth|Booster Energy
|-activate|p2a: Iron Moth|ability: Quark Drive|[fromitem]
|-start|p2a: Iron Moth|quarkdrivespe
|turn|15
|
|t:|1758345775
|move|p1a: Raikou|Scald|p2a: Iron Moth
|-supereffective|p2a: Iron Moth
|-damage|p2a: Iron Moth|44/100
|move|p2a: Iron Moth|Sludge Wave|p1a: Raikou
|-damage|p1a: Raikou|58/100
|
|upkeep
|turn|16
|
|t:|1758345783
|move|p1a: Raikou|Thunder|p2a: Iron Moth
|-damage|p2a: Iron Moth|0 fnt
|faint|p2a: Iron Moth
|-end|p2a: Iron Moth|Quark Drive|[silent]
|
|upkeep
|
|t:|1758345788
|switch|p2a: Iron Boulder|Iron Boulder|100/100
|-enditem|p2a: Iron Boulder|Booster Energy
|-activate|p2a: Iron Boulder|ability: Quark Drive|[fromitem]
|-start|p2a: Iron Boulder|quarkdrivespe
|turn|17
|
|t:|1758345793
|move|p2a: Iron Boulder|Mighty Cleave|p1a: Raikou
|-damage|p1a: Raikou|3/100
|move|p1a: Raikou|Scald|p2a: Iron Boulder
|-supereffective|p2a: Iron Boulder
|-damage|p2a: Iron Boulder|46/100
|
|upkeep
|turn|18
|
|t:|1758345800
|move|p2a: Iron Boulder|Mighty Cleave|p1a: Raikou
|-damage|p1a: Raikou|0 fnt
|faint|p1a: Raikou
|
|upkeep
|
|t:|1758345806
|switch|p1a: Grimmsnarl|Grimmsnarl, M|52/100 psn
|turn|19
|
|t:|1758345809
|move|p1a: Grimmsnarl|Reflect|p1a: Grimmsnarl
|-sidestart|p1: sauronikov|Reflect
|move|p2a: Iron Boulder|Swords Dance|p2a: Iron Boulder
|-boost|p2a: Iron Boulder|atk|2
|
|-damage|p1a: Grimmsnarl|40/100 psn|[from] psn
|upkeep
|turn|20
|
|t:|1758345818
|move|p1a: Grimmsnarl|Parting Shot|p2a: Iron Boulder
|-unboost|p2a: Iron Boulder|atk|1
|-unboost|p2a: Iron Boulder|spa|1
|
|t:|1758345820
|switch|p1a: Iron Leaves|Iron Leaves|100/100|[from] Parting Shot
|move|p2a: Iron Boulder|Mighty Cleave|p1a: Iron Leaves
|-damage|p1a: Iron Leaves|67/100
|
|upkeep
|turn|21
|
|t:|1758345828
|move|p2a: Iron Boulder|Zen Headbutt|p1a: Iron Leaves
|-resisted|p1a: Iron Leaves
|-damage|p1a: Iron Leaves|51/100
|move|p1a: Iron Leaves|Leaf Blade|p2a: Iron Boulder
|-supereffective|p2a: Iron Boulder
|-damage|p2a: Iron Boulder|0 fnt
|faint|p2a: Iron Boulder
|-end|p2a: Iron Boulder|Quark Drive|[silent]
|
|upkeep
|-message|Wiiboidibo forfeited.
|
|win|sauronikov
|raw|sauronikov's rating: 1353 &rarr; <strong>1375</strong><br />(+22 for winning)
|raw|Wiiboidibo's rating: 1384 &rarr; <strong>1362</strong><br />(-22 for losing)
|l|☆Wiiboidibo
|player|p2|
|l|☆sauronikov
|player|p1|
