|j|☆rjtugpu33636j33
|j|☆Milo Everspring
|t:|1758342122
|gametype|singles
|player|p1|rjtugpu33636j33|1|1240
|player|p2|Milo Everspring|2|1209
|gen|9
|tier|[Gen 9] OU
|rated|
|rule|HP Percentage Mod: HP is shown in percentages
|rule|Endless Battle Clause: Forcing endless battles is banned
|rule|Species Clause: Limit one of each Pokémon
|rule|OHKO Clause: OHKO moves are banned
|rule|Evasion Items Clause: Evasion items are banned
|rule|Evasion Moves Clause: Evasion moves are banned
|rule|Evasion Abilities Clause: Evasion abilities are banned
|rule|Sleep Moves Clause: Sleep-inducing moves are banned
|clearpoke
|poke|p1|Ceruledge, F|
|poke|p1|Walking Wake|
|poke|p1|Weezing-Galar, M|
|poke|p1|Kingambit, M|
|poke|p1|Rillaboom, F|
|poke|p1|Zapdos|
|poke|p2|Ting-Lu|
|poke|p2|Gliscor, F|
|poke|p2|Slowking-Galar, M|
|poke|p2|Kyurem|
|poke|p2|Corviknight, M|
|poke|p2|Skeledirge, F|
|teampreview
|inactive|Battle timer is ON: inactive players will automatically lose when time's up. (requested by Milo Everspring)
|
|t:|1758342156
|teamsize|p1|6
|teamsize|p2|6
|start
|switch|p1a: Ceruledge|Ceruledge, F|100/100
|switch|p2a: Julia|Ting-Lu|100/100
|-ability|p2a: Julia|Vessel of Ruin
|turn|1
|
|t:|1758342171
|switch|p1a: Rillaboom|Rillaboom, F|100/100
|-fieldstart|move: Grassy Terrain|[from] ability: Grassy Surge|[of] p1a: Rillaboom
|move|p2a: Julia|Stealth Rock|p1a: Rillaboom
|-sidestart|p1: rjtugpu33636j33|move: Stealth Rock
|
|upkeep
|turn|2
|
|t:|1758342185
|switch|p2a: Gramblebhast|Skeledirge, F|100/100
|move|p1a: Rillaboom|Knock Off|p2a: Gramblebhast
|-supereffective|p2a: Gramblebhast
|-damage|p2a: Gramblebhast|39/100
|-enditem|p2a: Gramblebhast|Leftovers|[from] move: Knock Off|[of] p1a: Rillaboom
|
|-heal|p2a: Gramblebhast|45/100|[from] Grassy Terrain
|upkeep
|turn|3
|
|t:|1758342193
|move|p1a: Rillaboom|U-turn|p2a: Gramblebhast
|-resisted|p2a: Gramblebhast
|-damage|p2a: Gramblebhast|40/100
|
|t:|1758342200
|switch|p1a: Weezing|Weezing-Galar, M|100/100|[from] U-turn
|-ability|p1a: Weezing|Neutralizing Gas
|move|p2a: Gramblebhast|Slack Off|p2a: Gramblebhast
|-heal|p2a: Gramblebhast|90/100
|
|-heal|p2a: Gramblebhast|96/100|[from] Grassy Terrain
|upkeep
|turn|4
|
|t:|1758342206
|switch|p2a: ew gross!|Slowking-Galar, M|100/100
|move|p1a: Weezing|Defog|p2a: ew gross!
|-unboost|p2a: ew gross!|evasion|1
|-sideend|p1: rjtugpu33636j33|Stealth Rock|[from] move: Defog|[of] p1a: Weezing
|-fieldend|move: Grassy Terrain
|
|upkeep
|turn|5
|
|t:|1758342214
|-end|p1a: Weezing|ability: Neutralizing Gas
|switch|p1a: Kingambit|Kingambit, M|100/100
|-prepare|p2a: ew gross!|Chilly Reception|[premajor]
|move|p2a: ew gross!|Chilly Reception|p2a: ew gross!
|-weather|Snowscape
|
|t:|1758342228
|switch|p2a: Kyupumuku|Kyurem|100/100|[from] Chilly Reception
|-ability|p2a: Kyupumuku|Pressure
|
|-weather|Snowscape|[upkeep]
|upkeep
|turn|6
|
|t:|1758342243
|-end|p1a: Kingambit|fallenundefined|[silent]
|switch|p1a: Zapdos|Zapdos|100/100
|move|p2a: Kyupumuku|Earth Power|p1a: Zapdos
|-immune|p1a: Zapdos
|
|-weather|Snowscape|[upkeep]
|upkeep
|turn|7
|
|t:|1758342250
|switch|p2a: Julia|Ting-Lu|100/100
|-ability|p2a: Julia|Vessel of Ruin
|move|p1a: Zapdos|Hurricane|p2a: Julia
|-damage|p2a: Julia|65/100
|
|-weather|Snowscape|[upkeep]
|-heal|p2a: Julia|72/100|[from] item: Leftovers
|upkeep
|turn|8
|
|t:|1758342255
|switch|p1a: Weezing|Weezing-Galar, M|100/100
|-ability|p1a: Weezing|Neutralizing Gas
|move|p2a: Julia|Stealth Rock|p1a: Weezing
|-sidestart|p1: rjtugpu33636j33|move: Stealth Rock
|
|-weather|Snowscape|[upkeep]
|-heal|p2a: Julia|78/100|[from] item: Leftovers
|upkeep
|turn|9
|
|t:|1758342261
|move|p1a: Weezing|Will-O-Wisp|p2a: Julia
|-status|p2a: Julia|brn
|move|p2a: Julia|Earthquake|p1a: Weezing
|-supereffective|p1a: Weezing
|-damage|p1a: Weezing|75/100
|
|-weather|none
|-heal|p2a: Julia|84/100 brn|[from] item: Leftovers
|-damage|p2a: Julia|78/100 brn|[from] brn
|upkeep
|turn|10
|
|t:|1758342267
|move|p1a: Weezing|Defog|p2a: Julia
|-unboost|p2a: Julia|evasion|1
|-sideend|p1: rjtugpu33636j33|Stealth Rock|[from] move: Defog|[of] p1a: Weezing
|move|p2a: Julia|Ruination|p1a: Weezing
|-damage|p1a: Weezing|38/100
|
|-heal|p2a: Julia|84/100 brn|[from] item: Leftovers
|-damage|p2a: Julia|78/100 brn|[from] brn
|upkeep
|turn|11
|
|t:|1758342272
|move|p1a: Weezing|Pain Split|p2a: Julia
|-sethp|p2a: Julia|51/100 brn|[from] move: Pain Split|[silent]
|-sethp|p1a: Weezing|79/100|[from] move: Pain Split
|move|p2a: Julia|Stealth Rock|p1a: Weezing
|-sidestart|p1: rjtugpu33636j33|move: Stealth Rock
|
|-heal|p2a: Julia|58/100 brn|[from] item: Leftovers
|-damage|p2a: Julia|51/100 brn|[from] brn
|upkeep
|turn|12
|
|t:|1758342276
|move|p1a: Weezing|Defog|p2a: Julia
|-unboost|p2a: Julia|evasion|1
|-sideend|p1: rjtugpu33636j33|Stealth Rock|[from] move: Defog|[of] p1a: Weezing
|move|p2a: Julia|Ruination|p1a: Weezing
|-damage|p1a: Weezing|40/100
|
|-heal|p2a: Julia|58/100 brn|[from] item: Leftovers
|-damage|p2a: Julia|51/100 brn|[from] brn
|upkeep
|turn|13
|
|t:|1758342284
|move|p1a: Weezing|Pain Split|p2a: Julia
|-sethp|p2a: Julia|39/100 brn|[from] move: Pain Split|[silent]
|-sethp|p1a: Weezing|59/100|[from] move: Pain Split
|move|p2a: Julia|Stealth Rock|p1a: Weezing
|-sidestart|p1: rjtugpu33636j33|move: Stealth Rock
|
|-heal|p2a: Julia|45/100 brn|[from] item: Leftovers
|-damage|p2a: Julia|39/100 brn|[from] brn
|upkeep
|turn|14
|
|t:|1758342292
|move|p1a: Weezing|Pain Split|p2a: Julia
|-sethp|p2a: Julia|39/100 brn|[from] move: Pain Split|[silent]
|-sethp|p1a: Weezing|59/100|[from] move: Pain Split
|move|p2a: Julia|Ruination|p1a: Weezing
|-damage|p1a: Weezing|30/100
|
|-heal|p2a: Julia|45/100 brn|[from] item: Leftovers
|-damage|p2a: Julia|39/100 brn|[from] brn
|upkeep
|turn|15
|
|t:|1758342298
|move|p1a: Weezing|Defog|p2a: Julia
|-unboost|p2a: Julia|evasion|1
|-sideend|p1: rjtugpu33636j33|Stealth Rock|[from] move: Defog|[of] p1a: Weezing
|move|p2a: Julia|Earthquake|p1a: Weezing
|-supereffective|p1a: Weezing
|-damage|p1a: Weezing|5/100
|
|-heal|p2a: Julia|45/100 brn|[from] item: Leftovers
|-damage|p2a: Julia|39/100 brn|[from] brn
|upkeep
|turn|16
|
|t:|1758342303
|move|p1a: Weezing|Pain Split|p2a: Julia
|-sethp|p2a: Julia|21/100 brn|[from] move: Pain Split|[silent]
|-sethp|p1a: Weezing|32/100|[from] move: Pain Split
|move|p2a: Julia|Stealth Rock|p1a: Weezing
|-sidestart|p1: rjtugpu33636j33|move: Stealth Rock
|
|-heal|p2a: Julia|27/100 brn|[from] item: Leftovers
|-damage|p2a: Julia|21/100 brn|[from] brn
|upkeep
|turn|17
|
|t:|1758342310
|move|p1a: Weezing|Defog|p2a: Julia
|-unboost|p2a: Julia|evasion|1
|-sideend|p1: rjtugpu33636j33|Stealth Rock|[from] move: Defog|[of] p1a: Weezing
|move|p2a: Julia|Ruination|p1a: Weezing
|-damage|p1a: Weezing|16/100
|
|-heal|p2a: Julia|27/100 brn|[from] item: Leftovers
|-damage|p2a: Julia|21/100 brn|[from] brn
|upkeep
|turn|18
|
|t:|1758342312
|move|p1a: Weezing|Pain Split|p2a: Julia
|-sethp|p2a: Julia|16/100 brn|[from] move: Pain Split|[silent]
|-sethp|p1a: Weezing|24/100|[from] move: Pain Split
|move|p2a: Julia|Stealth Rock|p1a: Weezing
|-sidestart|p1: rjtugpu33636j33|move: Stealth Rock
|
|-heal|p2a: Julia|22/100 brn|[from] item: Leftovers
|-damage|p2a: Julia|16/100 brn|[from] brn
|upkeep
|turn|19
|
|t:|1758342317
|move|p1a: Weezing|Defog|p2a: Julia
|-unboost|p2a: Julia|evasion|1
|-sideend|p1: rjtugpu33636j33|Stealth Rock|[from] move: Defog|[of] p1a: Weezing
|move|p2a: Julia|Earthquake|p1a: Weezing
|-supereffective|p1a: Weezing
|-crit|p1a: Weezing
|-damage|p1a: Weezing|0 fnt
|faint|p1a: Weezing
|-end|p1a: Weezing|ability: Neutralizing Gas
|-ability|p2a: Julia|Vessel of Ruin
|
|-heal|p2a: Julia|22/100 brn|[from] item: Leftovers
|-damage|p2a: Julia|16/100 brn|[from] brn
|upkeep
|
|t:|1758342322
|switch|p1a: Walking Wake|Walking Wake|100/100
|turn|20
|
|t:|1758342328
|move|p1a: Walking Wake|Flip Turn|p2a: Julia
|-supereffective|p2a: Julia
|-damage|p2a: Julia|2/100 brn
|
|t:|1758342333
|-end|p1a: Walking Wake|Protosynthesis|[silent]
|switch|p1a: Ceruledge|Ceruledge, F|100/100|[from] Flip Turn
|move|p2a: Julia|Stealth Rock|p1a: Ceruledge
|-sidestart|p1: rjtugpu33636j33|move: Stealth Rock
|
|-heal|p2a: Julia|8/100 brn|[from] item: Leftovers
|-damage|p2a: Julia|2/100 brn|[from] brn
|upkeep
|turn|21
|
|t:|1758342344
|move|p1a: Ceruledge|Bitter Blade|p2a: Julia
|-damage|p2a: Julia|0 fnt
|faint|p2a: Julia
|
|upkeep
|
|t:|1758342352
|switch|p2a: scored botter?|Gliscor, F|100/100
|turn|22
|
|t:|1758342355
|move|p2a: scored botter?|Swords Dance|p2a: scored botter?
|-boost|p2a: scored botter?|atk|2
|move|p1a: Ceruledge|Swords Dance|p1a: Ceruledge
|-boost|p1a: Ceruledge|atk|2
|
|-status|p2a: scored botter?|tox|[from] item: Toxic Orb
|upkeep
|turn|23
|
|t:|1758342365
|-terastallize|p2a: scored botter?|Water
|move|p2a: scored botter?|High Horsepower|p1a: Ceruledge
|-supereffective|p1a: Ceruledge
|-enditem|p1a: Ceruledge|Focus Sash
|-damage|p1a: Ceruledge|1/100
|-ability|p1a: Ceruledge|Weak Armor|boost
|-unboost|p1a: Ceruledge|def|1
|-boost|p1a: Ceruledge|spe|2
|move|p1a: Ceruledge|Swords Dance|p1a: Ceruledge
|-boost|p1a: Ceruledge|atk|2
|
|upkeep
|turn|24
|
|t:|1758342373
|move|p1a: Ceruledge|Poltergeist|p2a: scored botter?|[miss]
|-miss|p1a: Ceruledge|p2a: scored botter?
|move|p2a: scored botter?|Dual Wingbeat|p1a: Ceruledge
|-damage|p1a: Ceruledge|0 fnt
|faint|p1a: Ceruledge
|-hitcount|p1: Ceruledge|1
|
|upkeep
|
|t:|1758342383
|switch|p1a: Zapdos|Zapdos|100/100
|turn|25
|
|t:|1758342388
|move|p1a: Zapdos|Volt Switch|p2a: scored botter?
|-supereffective|p2a: scored botter?
|-damage|p2a: scored botter?|0 fnt
|faint|p2a: scored botter?
|
|t:|1758342399
|switch|p1a: Kingambit|Kingambit, M|100/100|[from] Volt Switch
|-damage|p1a: Kingambit|94/100|[from] Stealth Rock
|-activate|p1a: Kingambit|ability: Supreme Overlord
|-start|p1a: Kingambit|fallen2|[silent]
|
|-heal|p1a: Kingambit|100/100|[from] item: Leftovers
|upkeep
|
|t:|1758342408
|switch|p2a: Kyupumuku|Kyurem|100/100
|-ability|p2a: Kyupumuku|Pressure
|turn|26
|
|t:|1758342418
|-terastallize|p1a: Kingambit|Ghost
|move|p2a: Kyupumuku|Earth Power|p1a: Kingambit
|-damage|p1a: Kingambit|46/100
|move|p1a: Kingambit|Iron Head|p2a: Kyupumuku
|-supereffective|p2a: Kyupumuku
|-damage|p2a: Kyupumuku|0 fnt
|faint|p2a: Kyupumuku
|
|-heal|p1a: Kingambit|52/100|[from] item: Leftovers
|upkeep
|
|t:|1758342426
|switch|p2a: ew gross!|Slowking-Galar, M|100/100
|turn|27
|
|t:|1758342432
|move|p1a: Kingambit|Kowtow Cleave|p2a: ew gross!
|-supereffective|p2a: ew gross!
|-damage|p2a: ew gross!|0 fnt
|faint|p2a: ew gross!
|
|-heal|p1a: Kingambit|58/100|[from] item: Leftovers
|upkeep
|
|t:|1758342436
|switch|p2a: Gramblebhast|Skeledirge, F|96/100
|turn|28
|
|t:|1758342440
|move|p1a: Kingambit|Kowtow Cleave|p2a: Gramblebhast
|-supereffective|p2a: Gramblebhast
|-damage|p2a: Gramblebhast|0 fnt
|faint|p2a: Gramblebhast
|
|-heal|p1a: Kingambit|64/100|[from] item: Leftovers
|upkeep
|-message|Milo Everspring forfeited.
|
|win|rjtugpu33636j33
|raw|rjtugpu33636j33's rating: 1240 &rarr; <strong>1263</strong><br />(+23 for winning)
|raw|Milo Everspring's rating: 1209 &rarr; <strong>1186</strong><br />(-23 for losing)
|l|☆Milo Everspring
|player|p2|
