|j|☆heavenly3x
|j|☆5J3aD6Hk4Ryi8gvR
|t:|1758296530
|gametype|singles
|player|p1|heavenly3x|giovanni|1057
|player|p2|5J3aD6Hk4Ryi8gvR|101|1000
|gen|9
|tier|[Gen 9] OU
|rated|
|rule|HP Percentage Mod: HP is shown in percentages
|rule|Endless Battle Clause: Forcing endless battles is banned
|rule|Species Clause: Limit one of each Pokémon
|rule|OHKO Clause: OHKO moves are banned
|rule|Evasion Items Clause: Evasion items are banned
|rule|Evasion Moves Clause: Evasion moves are banned
|rule|Evasion Abilities Clause: Evasion abilities are banned
|rule|Sleep Moves Clause: Sleep-inducing moves are banned
|clearpoke
|poke|p1|Zamazenta-*|
|poke|p1|Ninetales-Alola, M|
|poke|p1|Darkrai|
|poke|p1|Ceruledge, F|
|poke|p1|Gliscor, M|
|poke|p1|Hatterene, F|
|poke|p2|Iron Crown|
|poke|p2|Meowscarada, F|
|poke|p2|Great Tusk|
|poke|p2|Pecharunt|
|poke|p2|Ting-Lu|
|poke|p2|Iron Valiant|
|teampreview
|inactive|Battle timer is ON: inactive players will automatically lose when time's up. (requested by 5J3aD6Hk4Ryi8gvR)
|
|t:|1758296538
|teamsize|p1|6
|teamsize|p2|6
|start
|switch|p1a: Ninetales|Ninetales-Alola, M, shiny|100/100
|switch|p2a: Iron Crown|Iron Crown|100/100
|-weather|Snowscape|[from] ability: Snow Warning|[of] p1a: Ninetales
|turn|1
|
|t:|1758296555
|move|p1a: Ninetales|Aurora Veil|p1a: Ninetales
|-sidestart|p1: heavenly3x|move: Aurora Veil
|move|p2a: Iron Crown|Tachyon Cutter|p1a: Ninetales
|-supereffective|p1a: Ninetales
|-crit|p1a: Ninetales
|-damage|p1a: Ninetales|0 fnt
|faint|p1a: Ninetales
|-hitcount|p1: Ninetales|1
|
|-weather|Snowscape|[upkeep]
|upkeep
|
|t:|1758296563
|switch|p1a: Darkrai|Darkrai|100/100
|turn|2
|
|t:|1758296567
|-end|p2a: Iron Crown|Quark Drive|[silent]
|switch|p2a: Ting-Lu|Ting-Lu|100/100
|-ability|p2a: Ting-Lu|Vessel of Ruin
|move|p1a: Darkrai|Nasty Plot|p1a: Darkrai
|-boost|p1a: Darkrai|spa|2
|
|-weather|Snowscape|[upkeep]
|upkeep
|turn|3
|
|t:|1758296576
|switch|p1a: Hatterene|Hatterene, F, shiny|100/100
|move|p2a: Ting-Lu|Ruination|p1a: Hatterene
|-damage|p1a: Hatterene|51/100
|
|-weather|Snowscape|[upkeep]
|-heal|p1a: Hatterene|57/100|[from] item: Leftovers
|upkeep
|turn|4
|
|t:|1758296583
|switch|p2a: Iron Crown|Iron Crown|100/100
|move|p1a: Hatterene|Draining Kiss|p2a: Iron Crown
|-resisted|p2a: Iron Crown
|-damage|p2a: Iron Crown|89/100
|-heal|p1a: Hatterene|65/100|[from] drain|[of] p2a: Iron Crown
|
|-weather|Snowscape|[upkeep]
|-heal|p1a: Hatterene|71/100|[from] item: Leftovers
|upkeep
|turn|5
|
|t:|1758296593
|switch|p1a: Darkrai|Darkrai|100/100
|move|p2a: Iron Crown|Tachyon Cutter|p1a: Darkrai
|-crit|p1a: Darkrai
|-damage|p1a: Darkrai|21/100
|-crit|p1a: Darkrai
|-damage|p1a: Darkrai|0 fnt
|faint|p1a: Darkrai
|-hitcount|p1: Darkrai|2
|
|-weather|none
|upkeep
|
|t:|1758296601
|switch|p1a: Ceruledge|Ceruledge, F|100/100
|turn|6
|
|t:|1758296608
|-end|p2a: Iron Crown|Quark Drive|[silent]
|switch|p2a: Great Tusk|Great Tusk|100/100
|move|p1a: Ceruledge|Bitter Blade|p2a: Great Tusk
|-damage|p2a: Great Tusk|79/100
|
|-heal|p2a: Great Tusk|85/100|[from] item: Leftovers
|upkeep
|turn|7
|
|t:|1758296622
|switch|p1a: Hatterene|Hatterene, F, shiny|71/100
|move|p2a: Great Tusk|Headlong Rush|p1a: Hatterene
|-damage|p1a: Hatterene|49/100
|-unboost|p2a: Great Tusk|def|1
|-unboost|p2a: Great Tusk|spd|1
|
|-heal|p2a: Great Tusk|91/100|[from] item: Leftovers
|-heal|p1a: Hatterene|55/100|[from] item: Leftovers
|upkeep
|turn|8
|
|t:|1758296631
|-end|p2a: Great Tusk|Protosynthesis|[silent]
|switch|p2a: Iron Crown|Iron Crown|89/100
|move|p1a: Hatterene|Draining Kiss|p2a: Iron Crown
|-resisted|p2a: Iron Crown
|-damage|p2a: Iron Crown|77/100
|-heal|p1a: Hatterene|64/100|[from] drain|[of] p2a: Iron Crown
|
|-heal|p1a: Hatterene|70/100|[from] item: Leftovers
|-sideend|p1: heavenly3x|move: Aurora Veil
|upkeep
|turn|9
|
|t:|1758296642
|-terastallize|p1a: Hatterene|Water
|move|p2a: Iron Crown|Tachyon Cutter|p1a: Hatterene
|-resisted|p1a: Hatterene
|-damage|p1a: Hatterene|50/100
|-resisted|p1a: Hatterene
|-damage|p1a: Hatterene|31/100
|-hitcount|p1a: Hatterene|2
|move|p1a: Hatterene|Mystical Fire|p2a: Iron Crown
|-supereffective|p2a: Iron Crown
|-damage|p2a: Iron Crown|31/100
|-unboost|p2a: Iron Crown|spa|1
|
|-heal|p1a: Hatterene|37/100|[from] item: Leftovers
|upkeep
|turn|10
|inactive|heavenly3x has 120 seconds left.
|
|t:|1758296672
|-end|p2a: Iron Crown|Quark Drive|[silent]
|switch|p2a: Pecharunt|Pecharunt|100/100
|switch|p1a: Ceruledge|Ceruledge, F|100/100
|
|upkeep
|turn|11
|
|t:|1758296678
|move|p1a: Ceruledge|Shadow Sneak|p2a: Pecharunt
|-supereffective|p2a: Pecharunt
|-damage|p2a: Pecharunt|85/100
|move|p2a: Pecharunt|Parting Shot|p1a: Ceruledge
|-unboost|p1a: Ceruledge|atk|1
|-unboost|p1a: Ceruledge|spa|1
|
|t:|1758296683
|switch|p2a: Meowscarada|Meowscarada, F|100/100|[from] Parting Shot
|
|upkeep
|turn|12
|
|t:|1758296692
|move|p2a: Meowscarada|Knock Off|p1a: Ceruledge
|-start|p2a: Meowscarada|typechange|Dark|[from] ability: Protean
|-supereffective|p1a: Ceruledge
|-damage|p1a: Ceruledge|0 fnt
|-enditem|p1a: Ceruledge|Covert Cloak|[from] move: Knock Off|[of] p2a: Meowscarada
|faint|p1a: Ceruledge
|
|upkeep
|
|t:|1758296705
|switch|p1a: Hatterene|Hatterene, F, shiny, tera:Water|37/100
|turn|13
|-message|heavenly3x forfeited.
|
|win|5J3aD6Hk4Ryi8gvR
|raw|heavenly3x's rating: 1057 &rarr; <strong>1035</strong><br />(-22 for losing)
|raw|5J3aD6Hk4Ryi8gvR's rating: 1000 &rarr; <strong>1047</strong><br />(+47 for winning)
|l|☆heavenly3x
|player|p1|
