|j|☆sunny dancing
|j|☆Labooble
|t:|1758372582
|gametype|singles
|player|p1|sunny dancing|101|1681
|player|p2|Labooble|266|1554
|gen|9
|tier|[Gen 9] OU
|rated|
|rule|HP Percentage Mod: HP is shown in percentages
|rule|Endless Battle Clause: Forcing endless battles is banned
|rule|Species Clause: Limit one of each Pokémon
|rule|OHKO Clause: OHKO moves are banned
|rule|Evasion Items Clause: Evasion items are banned
|rule|Evasion Moves Clause: Evasion moves are banned
|rule|Evasion Abilities Clause: Evasion abilities are banned
|rule|Sleep Moves Clause: Sleep-inducing moves are banned
|clearpoke
|poke|p1|Ogerpon-Wellspring, F|
|poke|p1|Slowking-Galar, F|
|poke|p1|Great Tusk|
|poke|p1|Moltres|
|poke|p1|Dragapult, F|
|poke|p1|Kingambit, M|
|poke|p2|Toxapex, M|
|poke|p2|Fezandipiti, M|
|poke|p2|Moltres|
|poke|p2|Kyurem|
|poke|p2|Dragapult, M|
|poke|p2|Primarina, M|
|teampreview
|inactive|Battle timer is ON: inactive players will automatically lose when time's up. (requested by sunny dancing)
|
|t:|1758372618
|teamsize|p1|6
|teamsize|p2|6
|start
|switch|p1a: Slowking|Slowking-Galar, F|100/100
|switch|p2a: Fezandipiti|Fezandipiti, M|100/100
|turn|1
|
|t:|1758372625
|move|p2a: Fezandipiti|Beat Up|p1a: Slowking
|-supereffective|p1a: Slowking
|-damage|p1a: Slowking|94/100
|-supereffective|p1a: Slowking
|-damage|p1a: Slowking|89/100
|-supereffective|p1a: Slowking
|-damage|p1a: Slowking|83/100
|-supereffective|p1a: Slowking
|-crit|p1a: Slowking
|-damage|p1a: Slowking|71/100
|-supereffective|p1a: Slowking
|-damage|p1a: Slowking|63/100
|-supereffective|p1a: Slowking
|-damage|p1a: Slowking|57/100
|-hitcount|p1a: Slowking|6
|move|p1a: Slowking|Psyshock|p2a: Fezandipiti
|-supereffective|p2a: Fezandipiti
|-damage|p2a: Fezandipiti|16/100
|
|upkeep
|turn|2
|
|t:|1758372641
|switch|p1a: Great Tusk|Great Tusk|100/100
|move|p2a: Fezandipiti|Beat Up|p1a: Great Tusk
|-resisted|p1a: Great Tusk
|-damage|p1a: Great Tusk|99/100
|-resisted|p1a: Great Tusk
|-damage|p1a: Great Tusk|99/100
|-resisted|p1a: Great Tusk
|-damage|p1a: Great Tusk|97/100
|-resisted|p1a: Great Tusk
|-damage|p1a: Great Tusk|96/100
|-resisted|p1a: Great Tusk
|-damage|p1a: Great Tusk|94/100
|-resisted|p1a: Great Tusk
|-damage|p1a: Great Tusk|93/100
|-hitcount|p1a: Great Tusk|6
|
|upkeep
|turn|3
|inactive|Labooble has 120 seconds left.
|inactive|Labooble has 90 seconds left.
|inactive|Labooble has 60 seconds left.
|inactive|Labooble has 30 seconds left.
|inactive|Labooble has 20 seconds left.
|inactive|Labooble has 15 seconds left.
|inactive|Labooble has 10 seconds left.
|
|t:|1758372784
|move|p1a: Great Tusk|Headlong Rush|p2a: Fezandipiti
|-supereffective|p2a: Fezandipiti
|-damage|p2a: Fezandipiti|0 fnt
|-unboost|p1a: Great Tusk|def|1
|-unboost|p1a: Great Tusk|spd|1
|faint|p2a: Fezandipiti
|
|upkeep
|inactive|Labooble has 15 seconds left this turn.
|
|t:|1758372787
|switch|p2a: Moltres|Moltres|100/100
|turn|4
|inactive|Labooble has 25 seconds left this turn.
|
|t:|1758372793
|-end|p1a: Great Tusk|Protosynthesis|[silent]
|switch|p1a: Slowking|Slowking-Galar, F|91/100
|move|p2a: Moltres|Flamethrower|p1a: Slowking
|-damage|p1a: Slowking|63/100
|-status|p1a: Slowking|brn
|
|-damage|p1a: Slowking|57/100 brn|[from] brn
|upkeep
|turn|5
|
|t:|1758372804
|move|p2a: Moltres|Scorching Sands|p1a: Slowking
|-supereffective|p1a: Slowking
|-damage|p1a: Slowking|31/100 brn
|move|p1a: Slowking|Sludge Bomb|p2a: Moltres
|-damage|p2a: Moltres|61/100
|
|-damage|p1a: Slowking|25/100 brn|[from] brn
|upkeep
|turn|6
|
|t:|1758372815
|switch|p1a: Ogerpon|Ogerpon-Wellspring, F|100/100
|move|p2a: Moltres|Flamethrower|p1a: Ogerpon
|-damage|p1a: Ogerpon|38/100
|
|upkeep
|turn|7
|
|t:|1758372822
|switch|p2a: Toxapex|Toxapex, M|100/100
|move|p1a: Ogerpon|Ivy Cudgel|p2a: Toxapex|[anim] Ivy Cudgel Water
|-resisted|p2a: Toxapex
|-damage|p2a: Toxapex|84/100
|
|upkeep
|turn|8
|
|t:|1758372839
|move|p1a: Ogerpon|Power Whip|p2a: Toxapex
|-damage|p2a: Toxapex|40/100
|-damage|p1a: Ogerpon|21/100|[from] item: Rocky Helmet|[of] p2a: Toxapex
|move|p2a: Toxapex|Toxic|p1a: Ogerpon
|-status|p1a: Ogerpon|tox
|
|-damage|p1a: Ogerpon|15/100 tox|[from] psn
|upkeep
|turn|9
|
|t:|1758372848
|move|p1a: Ogerpon|Power Whip|p2a: Toxapex|[miss]
|-miss|p1a: Ogerpon|p2a: Toxapex
|move|p2a: Toxapex|Recover|p2a: Toxapex
|-heal|p2a: Toxapex|91/100
|
|-damage|p1a: Ogerpon|3/100 tox|[from] psn
|upkeep
|turn|10
|
|t:|1758372856
|move|p1a: Ogerpon|Knock Off|p2a: Toxapex
|-damage|p2a: Toxapex|67/100
|-damage|p1a: Ogerpon|0 fnt|[from] item: Rocky Helmet|[of] p2a: Toxapex
|faint|p1a: Ogerpon
|move|p2a: Toxapex|Recover|p2a: Toxapex
|-heal|p2a: Toxapex|100/100
|
|upkeep
|
|t:|1758372865
|switch|p1a: Slowking|Slowking-Galar, F|59/100 brn
|turn|11
|
|t:|1758372872
|move|p2a: Toxapex|Surf|p1a: Slowking
|-damage|p1a: Slowking|49/100 brn
|move|p1a: Slowking|Sludge Bomb|p2a: Toxapex
|-resisted|p2a: Toxapex
|-damage|p2a: Toxapex|82/100
|
|-damage|p1a: Slowking|43/100 brn|[from] brn
|upkeep
|turn|12
|
|t:|1758372883
|switch|p1a: Dragapult|Dragapult, F|100/100
|move|p2a: Toxapex|Surf|p1a: Dragapult
|-resisted|p1a: Dragapult
|-damage|p1a: Dragapult|86/100
|
|upkeep
|turn|13
|
|t:|1758372891
|switch|p1a: Slowking|Slowking-Galar, F|77/100 brn
|move|p2a: Toxapex|Toxic||[still]
|-fail|p2a: Toxapex
|
|-damage|p1a: Slowking|70/100 brn|[from] brn
|upkeep
|turn|14
|
|t:|1758372898
|move|p2a: Toxapex|Surf|p1a: Slowking
|-damage|p1a: Slowking|60/100 brn
|move|p1a: Slowking|Psyshock|p2a: Toxapex
|-supereffective|p2a: Toxapex
|-damage|p2a: Toxapex|34/100
|
|-damage|p1a: Slowking|54/100 brn|[from] brn
|upkeep
|turn|15
|inactive|Labooble has 90 seconds left.
|
|t:|1758372909
|switch|p1a: Dragapult|Dragapult, F|86/100
|move|p2a: Toxapex|Surf|p1a: Dragapult
|-resisted|p1a: Dragapult
|-damage|p1a: Dragapult|72/100
|
|upkeep
|turn|16
|
|t:|1758372917
|switch|p1a: Slowking|Slowking-Galar, F|88/100 brn
|move|p2a: Toxapex|Recover|p2a: Toxapex
|-heal|p2a: Toxapex|85/100
|
|-damage|p1a: Slowking|81/100 brn|[from] brn
|upkeep
|turn|17
|
|t:|1758372924
|move|p2a: Toxapex|Surf|p1a: Slowking
|-damage|p1a: Slowking|71/100 brn
|move|p1a: Slowking|Psyshock|p2a: Toxapex
|-supereffective|p2a: Toxapex
|-damage|p2a: Toxapex|38/100
|
|-damage|p1a: Slowking|65/100 brn|[from] brn
|upkeep
|turn|18
|inactive|Labooble has 90 seconds left.
|
|t:|1758372969
|switch|p1a: Kingambit|Kingambit, M|100/100
|-activate|p1a: Kingambit|ability: Supreme Overlord
|-start|p1a: Kingambit|fallen1|[silent]
|move|p2a: Toxapex|Recover|p2a: Toxapex
|-heal|p2a: Toxapex|89/100
|
|upkeep
|turn|19
|
|t:|1758372975
|-end|p1a: Kingambit|fallen1|[silent]
|switch|p1a: Slowking|Slowking-Galar, F|99/100 brn
|move|p2a: Toxapex|Surf|p1a: Slowking
|-damage|p1a: Slowking|89/100 brn
|
|-damage|p1a: Slowking|82/100 brn|[from] brn
|upkeep
|turn|20
|
|t:|1758372983
|move|p2a: Toxapex|Surf|p1a: Slowking
|-damage|p1a: Slowking|72/100 brn
|move|p1a: Slowking|Psyshock|p2a: Toxapex
|-supereffective|p2a: Toxapex
|-damage|p2a: Toxapex|46/100
|
|-damage|p1a: Slowking|66/100 brn|[from] brn
|upkeep
|turn|21
|
|t:|1758372993
|switch|p1a: Kingambit|Kingambit, M|100/100
|-activate|p1a: Kingambit|ability: Supreme Overlord
|-start|p1a: Kingambit|fallen1|[silent]
|move|p2a: Toxapex|Recover|p2a: Toxapex
|-heal|p2a: Toxapex|97/100
|
|upkeep
|turn|22
|
|t:|1758373000
|-end|p1a: Kingambit|fallen1|[silent]
|switch|p1a: Slowking|Slowking-Galar, F|99/100 brn
|move|p2a: Toxapex|Surf|p1a: Slowking
|-damage|p1a: Slowking|90/100 brn
|
|-damage|p1a: Slowking|83/100 brn|[from] brn
|upkeep
|turn|23
|
|t:|1758373008
|move|p2a: Toxapex|Surf|p1a: Slowking
|-damage|p1a: Slowking|74/100 brn
|move|p1a: Slowking|Psyshock|p2a: Toxapex
|-supereffective|p2a: Toxapex
|-damage|p2a: Toxapex|48/100
|
|-damage|p1a: Slowking|68/100 brn|[from] brn
|upkeep
|turn|24
|inactive|Labooble has 120 seconds left.
|
|t:|1758373018
|switch|p1a: Kingambit|Kingambit, M|100/100
|-activate|p1a: Kingambit|ability: Supreme Overlord
|-start|p1a: Kingambit|fallen1|[silent]
|move|p2a: Toxapex|Recover|p2a: Toxapex
|-heal|p2a: Toxapex|99/100
|
|upkeep
|turn|25
|
|t:|1758373025
|-end|p1a: Kingambit|fallen1|[silent]
|switch|p1a: Slowking|Slowking-Galar, F|100/100 brn
|move|p2a: Toxapex|Surf|p1a: Slowking
|-crit|p1a: Slowking
|-damage|p1a: Slowking|87/100 brn
|
|-damage|p1a: Slowking|81/100 brn|[from] brn
|upkeep
|turn|26
|
|t:|1758373033
|move|p2a: Toxapex|Surf|p1a: Slowking
|-damage|p1a: Slowking|71/100 brn
|move|p1a: Slowking|Psyshock|p2a: Toxapex
|-supereffective|p2a: Toxapex
|-damage|p2a: Toxapex|56/100
|
|-damage|p1a: Slowking|65/100 brn|[from] brn
|upkeep
|turn|27
|
|t:|1758373043
|move|p2a: Toxapex|Surf|p1a: Slowking
|-damage|p1a: Slowking|54/100 brn
|move|p1a: Slowking|Sludge Bomb|p2a: Toxapex
|-resisted|p2a: Toxapex
|-damage|p2a: Toxapex|37/100
|
|-damage|p1a: Slowking|48/100 brn|[from] brn
|upkeep
|turn|28
|
|t:|1758373053
|switch|p1a: Dragapult|Dragapult, F|72/100
|move|p2a: Toxapex|Surf|p1a: Dragapult
|-resisted|p1a: Dragapult
|-crit|p1a: Dragapult
|-damage|p1a: Dragapult|49/100
|
|upkeep
|turn|29
|
|t:|1758373061
|switch|p1a: Slowking|Slowking-Galar, F|81/100 brn
|move|p2a: Toxapex|Recover|p2a: Toxapex
|-heal|p2a: Toxapex|88/100
|
|-damage|p1a: Slowking|75/100 brn|[from] brn
|upkeep
|turn|30
|
|t:|1758373068
|move|p2a: Toxapex|Surf|p1a: Slowking
|-damage|p1a: Slowking|66/100 brn
|move|p1a: Slowking|Psyshock|p2a: Toxapex
|-supereffective|p2a: Toxapex
|-damage|p2a: Toxapex|45/100
|
|-damage|p1a: Slowking|60/100 brn|[from] brn
|upkeep
|turn|31
|
|t:|1758373084
|switch|p1a: Dragapult|Dragapult, F|49/100
|move|p2a: Toxapex|Surf|p1a: Dragapult
|-resisted|p1a: Dragapult
|-damage|p1a: Dragapult|34/100
|
|upkeep
|turn|32
|
|t:|1758373092
|switch|p1a: Slowking|Slowking-Galar, F|93/100 brn
|move|p2a: Toxapex|Surf|p1a: Slowking
|-damage|p1a: Slowking|84/100 brn
|
|-damage|p1a: Slowking|78/100 brn|[from] brn
|upkeep
|turn|33
|
|t:|1758373112
|move|p2a: Toxapex|Recover|p2a: Toxapex
|-heal|p2a: Toxapex|96/100
|move|p1a: Slowking|Psyshock|p2a: Toxapex
|-supereffective|p2a: Toxapex
|-damage|p2a: Toxapex|52/100
|
|-damage|p1a: Slowking|72/100 brn|[from] brn
|upkeep
|turn|34
|
|t:|1758373119
|move|p2a: Toxapex|Surf|p1a: Slowking
|-damage|p1a: Slowking|63/100 brn
|move|p1a: Slowking|Psyshock|p2a: Toxapex
|-supereffective|p2a: Toxapex
|-damage|p2a: Toxapex|10/100
|
|-damage|p1a: Slowking|57/100 brn|[from] brn
|upkeep
|turn|35
|
|t:|1758373129
|switch|p1a: Dragapult|Dragapult, F|34/100
|move|p2a: Toxapex|Surf|p1a: Dragapult
|-resisted|p1a: Dragapult
|-damage|p1a: Dragapult|18/100
|
|upkeep
|turn|36
|
|t:|1758373136
|move|p1a: Dragapult|Hex|p2a: Toxapex
|-damage|p2a: Toxapex|0 fnt
|faint|p2a: Toxapex
|
|upkeep
|
|t:|1758373139
|switch|p2a: Dragapult|Dragapult, M|100/100
|turn|37
|
|t:|1758373145
|move|p2a: Dragapult|Dragon Darts|p1a: Dragapult
|-supereffective|p1a: Dragapult
|-damage|p1a: Dragapult|0 fnt
|faint|p1a: Dragapult
|
|upkeep
|
|t:|1758373157
|switch|p1a: Slowking|Slowking-Galar, F|90/100 brn
|turn|38
|
|t:|1758373164
|move|p2a: Dragapult|Dragon Darts|p1a: Slowking
|-damage|p1a: Slowking|62/100 brn
|-anim|p2a: Dragapult|Dragon Darts|p1a: Slowking
|-damage|p1a: Slowking|34/100 brn
|move|p1a: Slowking|Sludge Bomb|p2a: Dragapult
|-resisted|p2a: Dragapult
|-damage|p2a: Dragapult|74/100
|
|-damage|p1a: Slowking|27/100 brn|[from] brn
|upkeep
|turn|39
|
|t:|1758373176
|switch|p1a: Kingambit|Kingambit, M|100/100
|-activate|p1a: Kingambit|ability: Supreme Overlord
|-start|p1a: Kingambit|fallen2|[silent]
|move|p2a: Dragapult|Dragon Darts|p1a: Kingambit
|-resisted|p1a: Kingambit
|-damage|p1a: Kingambit|90/100
|-anim|p2a: Dragapult|Dragon Darts|p1a: Kingambit
|-resisted|p1a: Kingambit
|-damage|p1a: Kingambit|80/100
|
|-heal|p1a: Kingambit|86/100|[from] item: Leftovers
|upkeep
|turn|40
|
|t:|1758373184
|switch|p2a: Moltres|Moltres|61/100
|move|p1a: Kingambit|Swords Dance|p1a: Kingambit
|-boost|p1a: Kingambit|atk|2
|
|-heal|p1a: Kingambit|93/100|[from] item: Leftovers
|upkeep
|turn|41
|
|t:|1758373190
|-end|p1a: Kingambit|fallen2|[silent]
|switch|p1a: Slowking|Slowking-Galar, F|61/100 brn
|move|p2a: Moltres|Flamethrower|p1a: Slowking
|-damage|p1a: Slowking|36/100 brn
|
|-damage|p1a: Slowking|30/100 brn|[from] brn
|upkeep
|turn|42
|
|t:|1758373197
|switch|p1a: Moltres|Moltres|100/100
|move|p2a: Moltres|Flamethrower|p1a: Moltres
|-resisted|p1a: Moltres
|-damage|p1a: Moltres|73/100
|
|upkeep
|turn|43
|
|t:|1758373203
|move|p1a: Moltres|Roost|p1a: Moltres
|-heal|p1a: Moltres|100/100
|-singleturn|p1a: Moltres|move: Roost
|move|p2a: Moltres|Hurricane|p1a: Moltres|[miss]
|-miss|p2a: Moltres|p1a: Moltres
|
|upkeep
|turn|44
|
|t:|1758373210
|move|p1a: Moltres|U-turn|p2a: Moltres
|-resisted|p2a: Moltres
|-damage|p2a: Moltres|58/100
|
|t:|1758373217
|switch|p1a: Slowking|Slowking-Galar, F|64/100 brn|[from] U-turn
|move|p2a: Moltres|Hurricane|p1a: Slowking|[miss]
|-miss|p2a: Moltres|p1a: Slowking
|
|-damage|p1a: Slowking|57/100 brn|[from] brn
|upkeep
|turn|45
|
|t:|1758373223
|move|p2a: Moltres|Flamethrower|p1a: Slowking
|-damage|p1a: Slowking|33/100 brn
|move|p1a: Slowking|Sludge Bomb|p2a: Moltres
|-damage|p2a: Moltres|18/100
|
|-damage|p1a: Slowking|27/100 brn|[from] brn
|upkeep
|turn|46
|
|t:|1758373230
|move|p2a: Moltres|Hurricane|p1a: Slowking|[miss]
|-miss|p2a: Moltres|p1a: Slowking
|move|p1a: Slowking|Sludge Bomb|p2a: Moltres
|-damage|p2a: Moltres|0 fnt
|faint|p2a: Moltres
|
|-damage|p1a: Slowking|21/100 brn|[from] brn
|upkeep
|
|t:|1758373235
|switch|p2a: Kyurem|Kyurem|100/100
|-ability|p2a: Kyurem|Pressure
|turn|47
|
|t:|1758373242
|switch|p1a: Moltres|Moltres|100/100
|move|p2a: Kyurem|Draco Meteor|p1a: Moltres
|-damage|p1a: Moltres|32/100
|-unboost|p2a: Kyurem|spa|2
|
|upkeep
|turn|48
|
|t:|1758373250
|move|p2a: Kyurem|Draco Meteor|p1a: Moltres
|-damage|p1a: Moltres|0 fnt
|-unboost|p2a: Kyurem|spa|2
|faint|p1a: Moltres
|
|upkeep
|
|t:|1758373258
|switch|p1a: Kingambit|Kingambit, M|93/100
|-activate|p1a: Kingambit|ability: Supreme Overlord
|-start|p1a: Kingambit|fallen3|[silent]
|turn|49
|
|t:|1758373279
|switch|p2a: Primarina|Primarina, M|100/100
|move|p1a: Kingambit|Iron Head|p2a: Primarina
|-damage|p2a: Primarina|52/100
|
|-heal|p1a: Kingambit|99/100|[from] item: Leftovers
|-heal|p2a: Primarina|58/100|[from] item: Leftovers
|upkeep
|turn|50
|
|t:|1758373290
|move|p1a: Kingambit|Iron Head|p2a: Primarina
|-damage|p2a: Primarina|10/100
|move|p2a: Primarina|Calm Mind|p2a: Primarina
|-boost|p2a: Primarina|spa|1
|-boost|p2a: Primarina|spd|1
|
|-heal|p1a: Kingambit|100/100|[from] item: Leftovers
|-heal|p2a: Primarina|16/100|[from] item: Leftovers
|upkeep
|turn|51
|
|t:|1758373297
|move|p1a: Kingambit|Iron Head|p2a: Primarina
|-damage|p2a: Primarina|0 fnt
|faint|p2a: Primarina
|
|upkeep
|
|t:|1758373305
|switch|p2a: Kyurem|Kyurem|100/100
|-ability|p2a: Kyurem|Pressure
|turn|52
|
|t:|1758373311
|-terastallize|p2a: Kyurem|Steel
|-terastallize|p1a: Kingambit|Ghost
|move|p2a: Kyurem|Earth Power|p1a: Kingambit
|-damage|p1a: Kingambit|70/100
|move|p1a: Kingambit|Iron Head|p2a: Kyurem
|-resisted|p2a: Kyurem
|-damage|p2a: Kyurem|74/100
|
|-heal|p1a: Kingambit|76/100|[from] item: Leftovers
|upkeep
|turn|53
|
|t:|1758373323
|move|p1a: Kingambit|Sucker Punch|p2a: Kyurem
|-damage|p2a: Kyurem|27/100
|move|p2a: Kyurem|Draco Meteor|p1a: Kingambit
|-damage|p1a: Kingambit|3/100
|-unboost|p2a: Kyurem|spa|2
|
|-heal|p1a: Kingambit|9/100|[from] item: Leftovers
|upkeep
|turn|54
|
|t:|1758373330
|move|p2a: Kyurem|Substitute|p2a: Kyurem
|-start|p2a: Kyurem|Substitute
|-damage|p2a: Kyurem|3/100
|move|p1a: Kingambit|Iron Head|p2a: Kyurem
|-resisted|p2a: Kyurem
|-end|p2a: Kyurem|Substitute
|
|-heal|p1a: Kingambit|15/100|[from] item: Leftovers
|upkeep
|turn|55
|
|t:|1758373338
|switch|p2a: Dragapult|Dragapult, M|74/100
|move|p1a: Kingambit|Iron Head|p2a: Dragapult
|-damage|p2a: Dragapult|0 fnt
|faint|p2a: Dragapult
|
|-heal|p1a: Kingambit|22/100|[from] item: Leftovers
|upkeep
|-message|Labooble forfeited.
|
|win|sunny dancing
|raw|sunny dancing's rating: 1681 &rarr; <strong>1694</strong><br />(+13 for winning)
|raw|Labooble's rating: 1554 &rarr; <strong>1541</strong><br />(-13 for losing)
|l|☆sunny dancing
|player|p1|
|l|☆Labooble
|player|p2|
