|j|‽temporarylight
|j|☆yzl123
|t:|1758304614
|gametype|singles
|player|p1|temporarylight|rika|1495
|player|p2|yzl123|unknown|1488
|gen|9
|tier|[Gen 9] OU
|rated|
|rule|HP Percentage Mod: HP is shown in percentages
|rule|Endless Battle Clause: Forcing endless battles is banned
|rule|Species Clause: Limit one of each Pokémon
|rule|OHKO Clause: OHKO moves are banned
|rule|Evasion Items Clause: Evasion items are banned
|rule|Evasion Moves Clause: Evasion moves are banned
|rule|Evasion Abilities Clause: Evasion abilities are banned
|rule|Sleep Moves Clause: Sleep-inducing moves are banned
|clearpoke
|poke|p1|Tyranitar, F|
|poke|p1|Clefable, M|
|poke|p1|Gliscor, M|
|poke|p1|Keldeo-Resolute|
|poke|p1|Toxapex, F|
|poke|p1|Gholdengo|
|poke|p2|Umbreon, M|
|poke|p2|Ditto|
|poke|p2|Iron Moth|
|poke|p2|Enamorus, F|
|poke|p2|Great Tusk|
|poke|p2|Greninja-*, F|
|teampreview
|inactive|Battle timer is ON: inactive players will automatically lose when time's up. (requested by yzl123)
|
|t:|1758304628
|teamsize|p1|6
|teamsize|p2|6
|start
|switch|p1a: Keldeo|Keldeo-Resolute|100/100
|switch|p2a: Enamorus|Enamorus, F, shiny|100/100
|turn|1
|
|t:|1758304636
|switch|p1a: Toxapex|Toxapex, F|100/100
|move|p2a: Enamorus|Moonblast|p1a: Toxapex
|-resisted|p1a: Toxapex
|-damage|p1a: Toxapex|81/100
|
|upkeep
|turn|2
|
|t:|1758304642
|move|p2a: Enamorus|Substitute|p2a: Enamorus
|-start|p2a: Enamorus|Substitute
|-damage|p2a: Enamorus|76/100
|move|p1a: Toxapex|Toxic||[still]
|-fail|p1a: Toxapex
|
|upkeep
|turn|3
|
|t:|1758304647
|move|p2a: Enamorus|Earth Power|p1a: Toxapex
|-supereffective|p1a: Toxapex
|-damage|p1a: Toxapex|18/100
|move|p1a: Toxapex|Surf|p2a: Enamorus
|-end|p2a: Enamorus|Substitute
|
|upkeep
|turn|4
|
|t:|1758304653
|switch|p1a: Clefable|Clefable, M|100/100
|move|p2a: Enamorus|Substitute|p2a: Enamorus
|-start|p2a: Enamorus|Substitute
|-damage|p2a: Enamorus|51/100
|
|upkeep
|turn|5
|
|t:|1758304656
|move|p2a: Enamorus|Moonblast|p1a: Clefable
|-damage|p1a: Clefable|53/100
|-unboost|p1a: Clefable|spa|1
|move|p1a: Clefable|Calm Mind|p1a: Clefable
|-boost|p1a: Clefable|spa|1
|-boost|p1a: Clefable|spd|1
|
|-heal|p1a: Clefable|59/100|[from] item: Leftovers
|upkeep
|turn|6
|
|t:|1758304660
|move|p2a: Enamorus|Moonblast|p1a: Clefable
|-damage|p1a: Clefable|28/100
|-unboost|p1a: Clefable|spa|1
|move|p1a: Clefable|Wish|p1a: Clefable
|
|-heal|p1a: Clefable|34/100|[from] item: Leftovers
|upkeep
|turn|7
|
|t:|1758304670
|move|p1a: Clefable|Protect|p1a: Clefable
|-singleturn|p1a: Clefable|Protect
|move|p2a: Enamorus|Moonblast|p1a: Clefable
|-activate|p1a: Clefable|move: Protect
|
|-heal|p1a: Clefable|84/100|[from] move: Wish|[wisher] Clefable
|-heal|p1a: Clefable|90/100|[from] item: Leftovers
|upkeep
|turn|8
|
|t:|1758304675
|move|p2a: Enamorus|Superpower|p1a: Clefable
|-resisted|p1a: Clefable
|-damage|p1a: Clefable|80/100
|-boost|p2a: Enamorus|atk|1
|-boost|p2a: Enamorus|def|1
|move|p1a: Clefable|Calm Mind|p1a: Clefable
|-boost|p1a: Clefable|spa|1
|-boost|p1a: Clefable|spd|1
|
|-heal|p1a: Clefable|86/100|[from] item: Leftovers
|upkeep
|turn|9
|
|t:|1758304687
|move|p2a: Enamorus|Superpower|p1a: Clefable
|-resisted|p1a: Clefable
|-damage|p1a: Clefable|70/100
|-boost|p2a: Enamorus|atk|1
|-boost|p2a: Enamorus|def|1
|move|p1a: Clefable|Calm Mind|p1a: Clefable
|-boost|p1a: Clefable|spa|1
|-boost|p1a: Clefable|spd|1
|
|-heal|p1a: Clefable|76/100|[from] item: Leftovers
|upkeep
|turn|10
|
|t:|1758304694
|move|p2a: Enamorus|Superpower|p1a: Clefable
|-resisted|p1a: Clefable
|-damage|p1a: Clefable|53/100
|-boost|p2a: Enamorus|atk|1
|-boost|p2a: Enamorus|def|1
|move|p1a: Clefable|Moonblast|p2a: Enamorus
|-end|p2a: Enamorus|Substitute
|
|-heal|p1a: Clefable|59/100|[from] item: Leftovers
|upkeep
|turn|11
|
|t:|1758304699
|move|p2a: Enamorus|Superpower|p1a: Clefable
|-resisted|p1a: Clefable
|-damage|p1a: Clefable|32/100
|-boost|p2a: Enamorus|atk|1
|-boost|p2a: Enamorus|def|1
|move|p1a: Clefable|Moonblast|p2a: Enamorus
|-damage|p2a: Enamorus|0 fnt
|faint|p2a: Enamorus
|
|-heal|p1a: Clefable|38/100|[from] item: Leftovers
|upkeep
|
|t:|1758304702
|switch|p2a: Ditto|Ditto, shiny|100/100
|-transform|p2a: Ditto|p1a: Clefable|[from] ability: Imposter
|turn|12
|
|t:|1758304706
|move|p1a: Clefable|Protect|p1a: Clefable
|-singleturn|p1a: Clefable|Protect
|move|p2a: Ditto|Moonblast|p1a: Clefable
|-activate|p1a: Clefable|move: Protect
|
|-heal|p1a: Clefable|44/100|[from] item: Leftovers
|upkeep
|turn|13
|
|t:|1758304713
|switch|p1a: Toxapex|Toxapex, F|51/100
|move|p2a: Ditto|Moonblast|p1a: Toxapex
|-resisted|p1a: Toxapex
|-damage|p1a: Toxapex|34/100
|
|upkeep
|turn|14
|
|t:|1758304721
|move|p2a: Ditto|Moonblast|p1a: Toxapex
|-resisted|p1a: Toxapex
|-damage|p1a: Toxapex|16/100
|move|p1a: Toxapex|Recover|p1a: Toxapex
|-heal|p1a: Toxapex|66/100
|
|upkeep
|turn|15
|
|t:|1758304728
|move|p2a: Ditto|Moonblast|p1a: Toxapex
|-resisted|p1a: Toxapex
|-damage|p1a: Toxapex|48/100
|move|p1a: Toxapex|Haze|p1a: Toxapex
|-clearallboost
|
|upkeep
|turn|16
|
|t:|1758304744
|switch|p2a: Great Tusk|Great Tusk|100/100
|move|p1a: Toxapex|Toxic|p2a: Great Tusk
|-status|p2a: Great Tusk|tox
|
|-damage|p2a: Great Tusk|94/100 tox|[from] psn
|upkeep
|turn|17
|
|t:|1758304753
|switch|p1a: Keldeo|Keldeo-Resolute|100/100
|move|p2a: Great Tusk|Ice Spinner|p1a: Keldeo
|-resisted|p1a: Keldeo
|-damage|p1a: Keldeo|85/100
|
|-damage|p2a: Great Tusk|82/100 tox|[from] psn
|upkeep
|turn|18
|
|t:|1758304760
|-end|p2a: Great Tusk|Protosynthesis|[silent]
|switch|p2a: Greninja|Greninja, F, shiny|100/100
|move|p1a: Keldeo|Surf|p2a: Greninja
|-resisted|p2a: Greninja
|-damage|p2a: Greninja|62/100
|
|upkeep
|turn|19
|
|t:|1758304766
|move|p1a: Keldeo|Vacuum Wave|p2a: Greninja
|-supereffective|p2a: Greninja
|-damage|p2a: Greninja|0 fnt
|faint|p2a: Greninja
|
|upkeep
|
|t:|1758304770
|switch|p2a: Iron Moth|Iron Moth, shiny|100/100
|-enditem|p2a: Iron Moth|Booster Energy
|-activate|p2a: Iron Moth|ability: Quark Drive|[fromitem]
|-start|p2a: Iron Moth|quarkdrivespa
|turn|20
|
|t:|1758304776
|switch|p1a: Tyranitar|Tyranitar, F|100/100
|-weather|Sandstorm|[from] ability: Sand Stream|[of] p1a: Tyranitar
|move|p2a: Iron Moth|Dazzling Gleam|p1a: Tyranitar
|-supereffective|p1a: Tyranitar
|-damage|p1a: Tyranitar|66/100
|
|-weather|Sandstorm|[upkeep]
|-damage|p2a: Iron Moth|95/100|[from] Sandstorm
|upkeep
|turn|21
|
|t:|1758304783
|-terastallize|p2a: Iron Moth|Grass
|move|p2a: Iron Moth|Energy Ball|p1a: Tyranitar
|-supereffective|p1a: Tyranitar
|-damage|p1a: Tyranitar|17/100
|move|p1a: Tyranitar|Roar|p2a: Iron Moth
|-end|p2a: Iron Moth|Quark Drive|[silent]
|drag|p2a: Great Tusk|Great Tusk|82/100 tox
|
|-weather|Sandstorm|[upkeep]
|-damage|p2a: Great Tusk|76/100 tox|[from] psn
|upkeep
|turn|22
|
|t:|1758304791
|switch|p1a: Gholdengo|Gholdengo|100/100
|-item|p1a: Gholdengo|Air Balloon
|move|p2a: Great Tusk|Headlong Rush|p1a: Gholdengo
|-immune|p1a: Gholdengo
|
|-weather|Sandstorm|[upkeep]
|-damage|p2a: Great Tusk|63/100 tox|[from] psn
|upkeep
|turn|23
|-message|yzl123 forfeited.
|
|win|temporarylight
|raw|temporarylight's rating: 1495 &rarr; <strong>1515</strong><br />(+20 for winning)
|raw|yzl123's rating: 1488 &rarr; <strong>1468</strong><br />(-20 for losing)
|l|☆yzl123
|player|p2|
|n|☆temporarylight|temporarylight
|n|‽temporarylight|temporarylight
|n|‽temporarylight|temporarylight
|n|‽temporarylight|temporarylight
|n|‽temporarylight|temporarylight
|n|‽temporarylight|temporarylight
|n|‽temporarylight|temporarylight
|n|‽temporarylight|temporarylight
|n|‽temporarylight|temporarylight
|n|‽temporarylight|temporarylight
|l|‽temporarylight
|player|p1|
