|j|☆potatogaming4444
|j|☆DeCompaniu
|t:|1758351018
|gametype|singles
|player|p1|potatogaming4444|169|1148
|player|p2|DeCompaniu|richboy|1200
|gen|9
|tier|[Gen 9] OU
|rated|
|rule|HP Percentage Mod: HP is shown in percentages
|rule|Endless Battle Clause: Forcing endless battles is banned
|rule|Species Clause: Limit one of each Pokémon
|rule|OHKO Clause: OHKO moves are banned
|rule|Evasion Items Clause: Evasion items are banned
|rule|Evasion Moves Clause: Evasion moves are banned
|rule|Evasion Abilities Clause: Evasion abilities are banned
|rule|Sleep Moves Clause: Sleep-inducing moves are banned
|clearpoke
|poke|p1|Crawdaunt, F|
|poke|p1|Hatterene, F|
|poke|p1|Araquanid, F|
|poke|p1|Corviknight, F|
|poke|p1|Iron Treads|
|poke|p1|Slither Wing|
|poke|p2|Greedent, F|
|poke|p2|Hawlucha, M|
|poke|p2|Glimmora, F|
|poke|p2|Indeedee, M|
|poke|p2|Polteageist-Antique|
|poke|p2|Golurk|
|teampreview
|
|t:|1758351026
|teamsize|p1|6
|teamsize|p2|6
|start
|switch|p1a: Iron Treads|Iron Treads|100/100
|switch|p2a: Glimmora|Glimmora, F|100/100
|turn|1
|
|t:|1758351033
|move|p1a: Iron Treads|Earthquake|p2a: Glimmora
|-supereffective|p2a: Glimmora
|-enditem|p2a: Glimmora|Focus Sash
|-damage|p2a: Glimmora|1/100
|-activate|p2a: Glimmora|ability: Toxic Debris
|-sidestart|p1: potatogaming4444|move: Toxic Spikes
|move|p2a: Glimmora|Stealth Rock|p1a: Iron Treads
|-sidestart|p1: potatogaming4444|move: Stealth Rock
|
|upkeep
|turn|2
|
|t:|1758351043
|switch|p2a: Golurk|Golurk|100/100
|move|p1a: Iron Treads|Rapid Spin|p2a: Golurk
|-immune|p2a: Golurk
|
|upkeep
|turn|3
|
|t:|1758351051
|-end|p1a: Iron Treads|Quark Drive|[silent]
|switch|p1a: Corviknight|Corviknight, F|100/100
|-damage|p1a: Corviknight|88/100|[from] Stealth Rock
|-ability|p1a: Corviknight|Pressure
|move|p2a: Golurk|Trick|p1a: Corviknight
|-activate|p2a: Golurk|move: Trick|[of] p1a: Corviknight
|-item|p1a: Corviknight|Choice Band|[from] move: Trick
|-item|p2a: Golurk|Leftovers|[from] move: Trick
|
|upkeep
|turn|4
|
|t:|1758351061
|move|p1a: Corviknight|Defog|p2a: Golurk
|-unboost|p2a: Golurk|evasion|1
|-sideend|p1: potatogaming4444|Toxic Spikes|[from] move: Defog|[of] p1a: Corviknight
|-sideend|p1: potatogaming4444|Stealth Rock|[from] move: Defog|[of] p1a: Corviknight
|move|p2a: Golurk|Poltergeist|p1a: Corviknight
|-activate|p1a: Corviknight|move: Poltergeist|Choice Band
|-damage|p1a: Corviknight|52/100
|
|upkeep
|turn|5
|
|t:|1758351072
|switch|p1a: Slither Wing|Slither Wing|100/100
|-enditem|p1a: Slither Wing|Booster Energy
|-activate|p1a: Slither Wing|ability: Protosynthesis|[fromitem]
|-start|p1a: Slither Wing|protosynthesisatk
|move|p2a: Golurk|Dynamic Punch|p1a: Slither Wing
|-resisted|p1a: Slither Wing
|-damage|p1a: Slither Wing|77/100
|-start|p1a: Slither Wing|confusion
|
|upkeep
|turn|6
|
|t:|1758351083
|switch|p2a: Indeedee|Indeedee, M|100/100
|-fieldstart|move: Psychic Terrain|[from] ability: Psychic Surge|[of] p2a: Indeedee
|-activate|p1a: Slither Wing|confusion
|-damage|p1a: Slither Wing|57/100|[from] confusion
|
|upkeep
|turn|7
|
|t:|1758351095
|-end|p1a: Slither Wing|Protosynthesis|[silent]
|switch|p1a: Hatterene|Hatterene, F|100/100
|move|p2a: Indeedee|Expanding Force|p1a: Hatterene
|-resisted|p1a: Hatterene
|-damage|p1a: Hatterene|62/100
|
|-heal|p1a: Hatterene|68/100|[from] item: Leftovers
|upkeep
|turn|8
|
|t:|1758351104
|switch|p2a: Golurk|Golurk|100/100
|move|p1a: Hatterene|Calm Mind|p1a: Hatterene
|-boost|p1a: Hatterene|spa|1
|-boost|p1a: Hatterene|spd|1
|
|-heal|p1a: Hatterene|74/100|[from] item: Leftovers
|upkeep
|turn|9
|
|t:|1758351113
|switch|p1a: Slither Wing|Slither Wing|57/100
|move|p2a: Golurk|Poltergeist||[still]
|-fail|p2a: Golurk
|
|upkeep
|turn|10
|
|t:|1758351126
|move|p1a: Slither Wing|Flame Charge|p2a: Golurk
|-damage|p2a: Golurk|82/100
|-boost|p1a: Slither Wing|spe|1
|move|p2a: Golurk|Dynamic Punch|p1a: Slither Wing
|-resisted|p1a: Slither Wing
|-damage|p1a: Slither Wing|33/100
|-start|p1a: Slither Wing|confusion
|
|-heal|p2a: Golurk|88/100|[from] item: Leftovers
|-fieldend|move: Psychic Terrain
|upkeep
|turn|11
|
|t:|1758351140
|-end|p1a: Slither Wing|Protosynthesis|[silent]
|switch|p1a: Araquanid|Araquanid, F|100/100
|move|p2a: Golurk|Earthquake|p1a: Araquanid
|-resisted|p1a: Araquanid
|-damage|p1a: Araquanid|73/100
|
|-heal|p2a: Golurk|94/100|[from] item: Leftovers
|upkeep
|turn|12
|
|t:|1758351150
|switch|p2a: Polteageist|Polteageist-Antique|100/100
|move|p1a: Araquanid|Sticky Web|p2a: Polteageist
|-sidestart|p2: DeCompaniu|move: Sticky Web
|
|upkeep
|turn|13
|
|t:|1758351157
|move|p2a: Polteageist|Shell Smash|p2a: Polteageist
|-unboost|p2a: Polteageist|def|1
|-unboost|p2a: Polteageist|spd|1
|-boost|p2a: Polteageist|atk|2
|-boost|p2a: Polteageist|spa|2
|-boost|p2a: Polteageist|spe|2
|move|p1a: Araquanid|Liquidation|p2a: Polteageist
|-enditem|p2a: Polteageist|Focus Sash
|-damage|p2a: Polteageist|1/100
|-ability|p2a: Polteageist|Weak Armor|boost
|-unboost|p2a: Polteageist|def|1
|-boost|p2a: Polteageist|spe|2
|
|upkeep
|turn|14
|
|t:|1758351170
|move|p1a: Araquanid|Endure|p1a: Araquanid
|-singleturn|p1a: Araquanid|move: Endure
|move|p2a: Polteageist|Stored Power|p1a: Araquanid
|-activate|p1a: Araquanid|move: Endure
|-damage|p1a: Araquanid|1/100
|
|upkeep
|turn|15
|-enditem|p1a: Araquanid|Custap Berry|[eat]
|-activate|p1a: Araquanid|item: Custap Berry|[consumed]
|
|t:|1758351178
|switch|p2a: Indeedee|Indeedee, M|100/100
|-activate|p2a: Indeedee|move: Sticky Web
|-unboost|p2a: Indeedee|spe|1
|-fieldstart|move: Psychic Terrain|[from] ability: Psychic Surge|[of] p2a: Indeedee
|move|p1a: Araquanid|Liquidation|p2a: Indeedee
|-damage|p2a: Indeedee|15/100
|
|upkeep
|turn|16
|
|t:|1758351191
|move|p2a: Indeedee|Expanding Force|p1a: Araquanid
|-damage|p1a: Araquanid|0 fnt
|faint|p1a: Araquanid
|
|upkeep
|
|t:|1758351202
|switch|p1a: Slither Wing|Slither Wing|33/100
|turn|17
|
|t:|1758351210
|switch|p2a: Polteageist|Polteageist-Antique|1/100
|-activate|p2a: Polteageist|move: Sticky Web
|-unboost|p2a: Polteageist|spe|1
|move|p1a: Slither Wing|Flame Charge|p2a: Polteageist
|-damage|p2a: Polteageist|0 fnt
|-boost|p1a: Slither Wing|spe|1
|faint|p2a: Polteageist
|
|upkeep
|
|t:|1758351221
|switch|p2a: Hawlucha|Hawlucha, M|100/100
|-enditem|p2a: Hawlucha|Psychic Seed
|-boost|p2a: Hawlucha|spd|1|[from] item: Psychic Seed
|turn|18
|
|t:|1758351227
|move|p2a: Hawlucha|Acrobatics|p1a: Slither Wing
|-supereffective|p1a: Slither Wing
|-damage|p1a: Slither Wing|0 fnt
|faint|p1a: Slither Wing
|-end|p1a: Slither Wing|Protosynthesis|[silent]
|
|upkeep
|
|t:|1758351233
|switch|p1a: Hatterene|Hatterene, F|74/100
|turn|19
|
|t:|1758351239
|move|p2a: Hawlucha|Acrobatics|p1a: Hatterene
|-damage|p1a: Hatterene|31/100
|move|p1a: Hatterene|Psychic Noise|p2a: Hawlucha
|-supereffective|p2a: Hawlucha
|-damage|p2a: Hawlucha|2/100
|-start|p2a: Hawlucha|move: Heal Block
|
|-heal|p1a: Hatterene|37/100|[from] item: Leftovers
|-fieldend|move: Psychic Terrain
|upkeep
|turn|20
|
|t:|1758351256
|switch|p1a: Corviknight|Corviknight, F|52/100
|-ability|p1a: Corviknight|Pressure
|move|p2a: Hawlucha|Acrobatics|p1a: Corviknight
|-resisted|p1a: Corviknight
|-damage|p1a: Corviknight|38/100
|
|-end|p2a: Hawlucha|move: Heal Block
|upkeep
|turn|21
|
|t:|1758351267
|move|p2a: Hawlucha|Close Combat|p1a: Corviknight
|-damage|p1a: Corviknight|4/100
|-unboost|p2a: Hawlucha|def|1
|-unboost|p2a: Hawlucha|spd|1
|move|p1a: Corviknight|U-turn|p2a: Hawlucha
|-resisted|p2a: Hawlucha
|-damage|p2a: Hawlucha|0 fnt
|faint|p2a: Hawlucha
|
|t:|1758351278
|switch|p1a: Crawdaunt|Crawdaunt, F|100/100|[from] U-turn
|
|upkeep
|
|t:|1758351282
|switch|p2a: Greedent|Greedent, F|100/100
|-activate|p2a: Greedent|move: Sticky Web
|-unboost|p2a: Greedent|spe|1
|turn|22
|
|t:|1758351287
|move|p1a: Crawdaunt|Dragon Dance|p1a: Crawdaunt
|-boost|p1a: Crawdaunt|atk|1
|-boost|p1a: Crawdaunt|spe|1
|move|p2a: Greedent|Stuff Cheeks|p2a: Greedent
|-boost|p2a: Greedent|def|2
|-enditem|p2a: Greedent|Ganlon Berry|[eat]
|-boost|p2a: Greedent|def|1|[from] item: Ganlon Berry
|
|upkeep
|turn|23
|
|t:|1758351301
|move|p1a: Crawdaunt|Crabhammer|p2a: Greedent
|-damage|p2a: Greedent|75/100
|-damage|p1a: Crawdaunt|91/100|[from] item: Life Orb
|move|p2a: Greedent|Body Press|p1a: Crawdaunt
|-supereffective|p1a: Crawdaunt
|-damage|p1a: Crawdaunt|0 fnt
|faint|p1a: Crawdaunt
|
|upkeep
|
|t:|1758351306
|switch|p1a: Hatterene|Hatterene, F|37/100
|turn|24
|
|t:|1758351316
|move|p1a: Hatterene|Draining Kiss|p2a: Greedent
|-damage|p2a: Greedent|51/100
|-heal|p1a: Hatterene|62/100|[from] drain|[of] p2a: Greedent
|move|p2a: Greedent|Knock Off|p1a: Hatterene
|-damage|p1a: Hatterene|45/100
|-enditem|p1a: Hatterene|Leftovers|[from] move: Knock Off|[of] p2a: Greedent
|
|upkeep
|turn|25
|
|t:|1758351327
|move|p1a: Hatterene|Calm Mind|p1a: Hatterene
|-boost|p1a: Hatterene|spa|1
|-boost|p1a: Hatterene|spd|1
|move|p2a: Greedent|Super Fang|p1a: Hatterene|[miss]
|-miss|p2a: Greedent|p1a: Hatterene
|
|upkeep
|turn|26
|
|t:|1758351334
|move|p1a: Hatterene|Draining Kiss|p2a: Greedent
|-damage|p2a: Greedent|19/100
|-heal|p1a: Hatterene|79/100|[from] drain|[of] p2a: Greedent
|move|p2a: Greedent|Super Fang|p1a: Hatterene
|-damage|p1a: Hatterene|40/100
|
|upkeep
|turn|27
|
|t:|1758351342
|move|p1a: Hatterene|Calm Mind|p1a: Hatterene
|-boost|p1a: Hatterene|spa|1
|-boost|p1a: Hatterene|spd|1
|move|p2a: Greedent|Super Fang|p1a: Hatterene
|-damage|p1a: Hatterene|20/100
|
|upkeep
|turn|28
|
|t:|1758351350
|move|p1a: Hatterene|Draining Kiss|p2a: Greedent
|-damage|p2a: Greedent|0 fnt
|-heal|p1a: Hatterene|39/100|[from] drain|[of] p2a: Greedent
|faint|p2a: Greedent
|
|upkeep
|
|t:|1758351358
|switch|p2a: Glimmora|Glimmora, F|1/100
|-activate|p2a: Glimmora|move: Sticky Web
|-unboost|p2a: Glimmora|spe|1
|turn|29
|
|t:|1758351364
|switch|p1a: Iron Treads|Iron Treads|100/100
|move|p2a: Glimmora|Sludge Bomb|p1a: Iron Treads
|-immune|p1a: Iron Treads
|
|upkeep
|turn|30
|
|t:|1758351372
|move|p1a: Iron Treads|Ice Spinner|p2a: Glimmora
|-damage|p2a: Glimmora|0 fnt
|-activate|p2a: Glimmora|ability: Toxic Debris
|-sidestart|p1: potatogaming4444|move: Toxic Spikes
|faint|p2a: Glimmora
|
|upkeep
|-message|DeCompaniu forfeited.
|
|win|potatogaming4444
|raw|potatogaming4444's rating: 1148 &rarr; <strong>1177</strong><br />(+29 for winning)
|raw|DeCompaniu's rating: 1200 &rarr; <strong>1171</strong><br />(-29 for losing)
|l|☆DeCompaniu
|player|p2|
|l|☆potatogaming4444
|player|p1|
