|badge|p1|bronze|gen9ou|100-6
|uhtml|medal-msg|<div class="broadcast-blue">Curious what those medals under the avatar are? PS now has Ladder Seasons! For more information, check out the <a href="https://www.smogon.com/forums/threads/3740067/">thread on Smogon.</a></div>
|badge|p2|bronze|gen9ou|100-6
|uhtml|medal-msg|<div class="broadcast-blue">Curious what those medals under the avatar are? PS now has Ladder Seasons! For more information, check out the <a href="https://www.smogon.com/forums/threads/3740067/">thread on Smogon.</a></div>
|j|☆mathismathin
|j|☆sunny dancing
|t:|1758342485
|gametype|singles
|player|p1|mathismathin|hilbert|1848
|player|p2|sunny dancing|101|1835
|gen|9
|tier|[Gen 9] OU
|rated|
|rule|HP Percentage Mod: HP is shown in percentages
|rule|Endless Battle Clause: Forcing endless battles is banned
|rule|Species Clause: Limit one of each Pokémon
|rule|OHKO Clause: OHKO moves are banned
|rule|Evasion Items Clause: Evasion items are banned
|rule|Evasion Moves Clause: Evasion moves are banned
|rule|Evasion Abilities Clause: Evasion abilities are banned
|rule|Sleep Moves Clause: Sleep-inducing moves are banned
|clearpoke
|poke|p1|Krookodile, F|
|poke|p1|Noivern, F|
|poke|p1|Porygon-Z|
|poke|p1|Jirachi|
|poke|p1|Slowbro, F|
|poke|p1|Mienshao, M|
|poke|p2|Ogerpon-Wellspring, F|
|poke|p2|Slowking-Galar, M|
|poke|p2|Great Tusk|
|poke|p2|Moltres|
|poke|p2|Dragapult, F|
|poke|p2|Kingambit, M|
|teampreview
|
|t:|1758342494
|teamsize|p1|6
|teamsize|p2|6
|start
|switch|p1a: Jirachi|Jirachi|100/100
|switch|p2a: Ogerpon|Ogerpon-Wellspring, F|100/100
|turn|1
|inactive|Battle timer is ON: inactive players will automatically lose when time's up. (requested by sunny dancing)
|
|t:|1758342500
|move|p1a: Jirachi|U-turn|p2a: Ogerpon
|-supereffective|p2a: Ogerpon
|-damage|p2a: Ogerpon|52/100
|j| wwwksjfkasdjfkf
|j| king of spycrabs
|inactive|mathismathin has 120 seconds left.
|inactive|mathismathin has 90 seconds left.
|
|t:|1758342564
|switch|p1a: Noivern|Noivern, F|100/100|[from] U-turn
|move|p2a: Ogerpon|Knock Off|p1a: Noivern
|-damage|p1a: Noivern|62/100
|-enditem|p1a: Noivern|Heavy-Duty Boots|[from] move: Knock Off|[of] p2a: Ogerpon
|
|upkeep
|turn|2
|
|t:|1758342577
|switch|p2a: Slowking|Slowking-Galar, M|100/100
|move|p1a: Noivern|Draco Meteor|p2a: Slowking
|-damage|p2a: Slowking|77/100
|-unboost|p1a: Noivern|spa|2
|
|upkeep
|turn|3
|
|t:|1758342584
|switch|p1a: Jirachi|Jirachi|100/100
|move|p2a: Slowking|Flamethrower|p1a: Jirachi
|-supereffective|p1a: Jirachi
|-damage|p1a: Jirachi|45/100
|
|upkeep
|turn|4
|
|t:|1758342592
|move|p1a: Jirachi|U-turn|p2a: Slowking
|-damage|p2a: Slowking|56/100
|
|t:|1758342593
|switch|p1a: Krookodile|Krookodile, F|100/100|[from] U-turn
|-ability|p1a: Krookodile|Intimidate|boost
|-unboost|p2a: Slowking|atk|1
|move|p2a: Slowking|Flamethrower|p1a: Krookodile
|-damage|p1a: Krookodile|66/100
|
|-heal|p1a: Krookodile|72/100|[from] item: Leftovers
|upkeep
|turn|5
|
|t:|1758342603
|switch|p2a: Great Tusk|Great Tusk|100/100
|move|p1a: Krookodile|Earthquake|p2a: Great Tusk
|-damage|p2a: Great Tusk|68/100
|
|-heal|p1a: Krookodile|78/100|[from] item: Leftovers
|upkeep
|turn|6
|inactive|mathismathin has 120 seconds left.
|
|t:|1758342634
|switch|p1a: Slowbro|Slowbro, F|100/100
|move|p2a: Great Tusk|Stealth Rock|p1a: Slowbro
|-sidestart|p1: mathismathin|move: Stealth Rock
|
|upkeep
|turn|7
|
|t:|1758342640
|-end|p2a: Great Tusk|Protosynthesis|[silent]
|switch|p2a: Ogerpon|Ogerpon-Wellspring, F|52/100
|move|p1a: Slowbro|Foul Play|p2a: Ogerpon
|-damage|p2a: Ogerpon|13/100
|
|upkeep
|turn|8
|inactive|mathismathin has 120 seconds left.
|
|t:|1758342661
|move|p2a: Ogerpon|Power Whip|p1a: Slowbro
|-supereffective|p1a: Slowbro
|-damage|p1a: Slowbro|10/100
|-damage|p2a: Ogerpon|0 fnt|[from] item: Rocky Helmet|[of] p1a: Slowbro
|faint|p2a: Ogerpon
|move|p1a: Slowbro|Foul Play|p2: Ogerpon|[notarget]
|-fail|p1a: Slowbro
|
|upkeep
|
|t:|1758342671
|switch|p2a: Slowking|Slowking-Galar, M|89/100
|turn|9
|
|t:|1758342679
|switch|p1a: Krookodile|Krookodile, F|78/100
|-damage|p1a: Krookodile|72/100|[from] Stealth Rock
|-ability|p1a: Krookodile|Intimidate|boost
|-unboost|p2a: Slowking|atk|1
|move|p2a: Slowking|Ice Beam|p1a: Krookodile
|-supereffective|p1a: Krookodile
|-damage|p1a: Krookodile|0 fnt
|faint|p1a: Krookodile
|
|upkeep
|
|t:|1758342686
|switch|p1a: Porygon-Z|Porygon-Z|100/100
|-damage|p1a: Porygon-Z|88/100|[from] Stealth Rock
|-ability|p1a: Porygon-Z|Download|boost
|-boost|p1a: Porygon-Z|atk|1
|turn|10
|
|t:|1758342693
|-terastallize|p1a: Porygon-Z|Ground
|move|p1a: Porygon-Z|Tera Blast|p2a: Slowking|[anim] Tera Blast Ground
|-supereffective|p2a: Slowking
|-damage|p2a: Slowking|24/100
|move|p2a: Slowking|Psyshock|p1a: Porygon-Z
|-damage|p1a: Porygon-Z|30/100
|
|upkeep
|turn|11
|-message|mathismathin forfeited.
|
|win|sunny dancing
|raw|mathismathin's rating: 1822 &rarr; <strong>1803</strong><br />(-19 for losing)
|raw|sunny dancing's rating: 1835 &rarr; <strong>1854</strong><br />(+19 for winning)
|l|☆mathismathin
|player|p1|
|c| wwwksjfkasdjfkf|bruh, he would attack ofc if you had rocky helmet you should have used slack off or sth
|l|☆sunny dancing
|player|p2|
|l| wwwksjfkasdjfkf
|l| king of spycrabs
