|j|☆Huboy
|j|☆peakmindset
|t:|1758317434
|gametype|singles
|player|p1|Huboy|102|1595
|player|p2|peakmindset|byron|1619
|gen|9
|tier|[Gen 9] OU
|rated|
|rule|HP Percentage Mod: HP is shown in percentages
|rule|Endless Battle Clause: Forcing endless battles is banned
|rule|Species Clause: Limit one of each Pokémon
|rule|OHKO Clause: OHKO moves are banned
|rule|Evasion Items Clause: Evasion items are banned
|rule|Evasion Moves Clause: Evasion moves are banned
|rule|Evasion Abilities Clause: Evasion abilities are banned
|rule|Sleep Moves Clause: Sleep-inducing moves are banned
|clearpoke
|poke|p1|Great Tusk|
|poke|p1|Dondozo, M|
|poke|p1|Ribombee, F|
|poke|p1|Goodra-Hisui, M|
|poke|p1|Milotic, F|
|poke|p1|Toxicroak, M|
|poke|p2|Pelipper, F|
|poke|p2|Hatterene, F|
|poke|p2|Iron Treads|
|poke|p2|Toxicroak, F|
|poke|p2|Barraskewda, F|
|poke|p2|Zapdos|
|teampreview
|c|☆peakmindset|Cool team
|
|t:|1758317468
|teamsize|p1|6
|teamsize|p2|6
|start
|switch|p1a: Goodra|Goodra-Hisui, M|100/100
|switch|p2a: Pelipper|Pelipper, F|100/100
|-weather|RainDance|[from] ability: Drizzle|[of] p2a: Pelipper
|turn|1
|
|t:|1758317481
|switch|p2a: Hatterene|Hatterene, F|100/100
|move|p1a: Goodra|Thunderbolt|p2a: Hatterene
|-damage|p2a: Hatterene|74/100
|-enditem|p2a: Hatterene|Eject Button
|
|t:|1758317491
|switch|p2a: Barraskewda|Barraskewda, F|100/100
|
|-weather|RainDance|[upkeep]
|upkeep
|turn|2
|inactive|Battle timer is ON: inactive players will automatically lose when time's up. (requested by peakmindset)
|
|t:|1758317498
|switch|p1a: Toxicroak|Toxicroak, M|100/100
|move|p2a: Barraskewda|Close Combat|p1a: Toxicroak
|-resisted|p1a: Toxicroak
|-damage|p1a: Toxicroak|73/100
|-unboost|p2a: Barraskewda|def|1
|-unboost|p2a: Barraskewda|spd|1
|
|-weather|RainDance|[upkeep]
|-heal|p1a: Toxicroak|85/100|[from] ability: Dry Skin
|-heal|p1a: Toxicroak|91/100|[from] item: Leftovers
|upkeep
|turn|3
|
|t:|1758317503
|switch|p2a: Zapdos|Zapdos|100/100
|move|p1a: Toxicroak|Knock Off|p2a: Zapdos
|-damage|p2a: Zapdos|74/100
|-enditem|p2a: Zapdos|Choice Specs|[from] move: Knock Off|[of] p1a: Toxicroak
|
|-weather|RainDance|[upkeep]
|-heal|p1a: Toxicroak|100/100|[from] ability: Dry Skin
|upkeep
|turn|4
|
|t:|1758317520
|switch|p1a: Goodra|Goodra-Hisui, M|100/100
|move|p2a: Zapdos|Volt Switch|p1a: Goodra
|-resisted|p1a: Goodra
|-damage|p1a: Goodra|86/100
|
|t:|1758317524
|switch|p2a: Iron Treads|Iron Treads|100/100|[from] Volt Switch
|
|-weather|RainDance|[upkeep]
|upkeep
|turn|5
|
|t:|1758317535
|-terastallize|p1a: Goodra|Ground
|move|p2a: Iron Treads|Stealth Rock|p1a: Goodra
|-sidestart|p1: Huboy|move: Stealth Rock
|move|p1a: Goodra|Earthquake|p2a: Iron Treads
|-supereffective|p2a: Iron Treads
|-damage|p2a: Iron Treads|36/100
|
|-weather|RainDance|[upkeep]
|-heal|p2a: Iron Treads|42/100|[from] item: Leftovers
|upkeep
|turn|6
|
|t:|1758317543
|-end|p2a: Iron Treads|Quark Drive|[silent]
|switch|p2a: Pelipper|Pelipper, F|100/100
|move|p1a: Goodra|Earthquake|p2a: Pelipper
|-immune|p2a: Pelipper
|
|-weather|RainDance|[upkeep]
|upkeep
|turn|7
|
|t:|1758317553
|switch|p2a: Toxicroak|Toxicroak, F|100/100
|move|p1a: Goodra|Thunderbolt|p2a: Toxicroak
|-damage|p2a: Toxicroak|68/100
|
|-weather|RainDance|[upkeep]
|-heal|p2a: Toxicroak|80/100|[from] ability: Dry Skin
|upkeep
|turn|8
|
|t:|1758317563
|move|p1a: Goodra|Earthquake|p2a: Toxicroak
|-supereffective|p2a: Toxicroak
|-crit|p2a: Toxicroak
|-damage|p2a: Toxicroak|0 fnt
|faint|p2a: Toxicroak
|
|-weather|none
|upkeep
|
|t:|1758317567
|switch|p2a: Barraskewda|Barraskewda, F|100/100
|turn|9
|
|t:|1758317573
|switch|p2a: Zapdos|Zapdos|74/100
|switch|p1a: Toxicroak|Toxicroak, M|100/100
|-damage|p1a: Toxicroak|94/100|[from] Stealth Rock
|
|-heal|p1a: Toxicroak|100/100|[from] item: Leftovers
|upkeep
|turn|10
|c|☆peakmindset|Top 5 crits of all time
|
|t:|1758317592
|switch|p1a: Goodra|Goodra-Hisui, M, tera:Ground|86/100
|-damage|p1a: Goodra|80/100|[from] Stealth Rock
|move|p2a: Zapdos|Hurricane|p1a: Goodra
|-damage|p1a: Goodra|28/100
|-start|p1a: Goodra|confusion
|
|upkeep
|turn|11
|
|t:|1758317614
|move|p2a: Zapdos|Hurricane|p1a: Goodra|[miss]
|-miss|p2a: Zapdos|p1a: Goodra
|-activate|p1a: Goodra|confusion
|move|p1a: Goodra|Ice Beam|p2a: Zapdos
|-supereffective|p2a: Zapdos
|-damage|p2a: Zapdos|18/100
|
|upkeep
|turn|12
|inactive|Huboy has 120 seconds left.
|
|t:|1758317636
|move|p2a: Zapdos|Hurricane|p1a: Goodra
|-damage|p1a: Goodra|0 fnt
|faint|p1a: Goodra
|
|upkeep
|inactive|Huboy has 120 seconds left.
|
|t:|1758317645
|switch|p1a: Ribombee|Ribombee, F|100/100
|-damage|p1a: Ribombee|76/100|[from] Stealth Rock
|turn|13
|
|t:|1758317649
|switch|p2a: Hatterene|Hatterene, F|74/100
|move|p1a: Ribombee|Moonblast|p2a: Hatterene
|-damage|p2a: Hatterene|35/100
|-unboost|p2a: Hatterene|spa|1
|
|upkeep
|turn|14
|
|t:|1758317657
|switch|p2a: Pelipper|Pelipper, F|100/100
|-weather|RainDance|[from] ability: Drizzle|[of] p2a: Pelipper
|move|p1a: Ribombee|Moonblast|p2a: Pelipper
|-damage|p2a: Pelipper|64/100
|
|-weather|RainDance|[upkeep]
|upkeep
|turn|15
|
|t:|1758317663
|switch|p1a: Milotic|Milotic, F|100/100
|-damage|p1a: Milotic|88/100|[from] Stealth Rock
|switch|p2a: Hatterene|Hatterene, F|35/100
|
|-weather|RainDance|[upkeep]
|upkeep
|turn|16
|
|t:|1758317666
|move|p1a: Milotic|Scald|p2a: Hatterene
|-damage|p2a: Hatterene|0 fnt
|faint|p2a: Hatterene
|
|-weather|RainDance|[upkeep]
|upkeep
|
|t:|1758317669
|switch|p2a: Zapdos|Zapdos|18/100
|turn|17
|
|t:|1758317674
|move|p2a: Zapdos|Thunder|p1a: Milotic
|-supereffective|p1a: Milotic
|-damage|p1a: Milotic|0 fnt
|faint|p1a: Milotic
|
|-weather|RainDance|[upkeep]
|upkeep
|
|t:|1758317677
|switch|p1a: Ribombee|Ribombee, F|76/100
|-damage|p1a: Ribombee|51/100|[from] Stealth Rock
|turn|18
|
|t:|1758317680
|switch|p2a: Iron Treads|Iron Treads|42/100
|move|p1a: Ribombee|Moonblast|p2a: Iron Treads
|-resisted|p2a: Iron Treads
|-damage|p2a: Iron Treads|27/100
|
|-weather|RainDance|[upkeep]
|-heal|p2a: Iron Treads|33/100|[from] item: Leftovers
|upkeep
|turn|19
|
|t:|1758317687
|switch|p1a: Great Tusk|Great Tusk|100/100
|-damage|p1a: Great Tusk|98/100|[from] Stealth Rock
|-end|p2a: Iron Treads|Quark Drive|[silent]
|switch|p2a: Zapdos|Zapdos|18/100
|
|-weather|RainDance|[upkeep]
|upkeep
|turn|20
|
|t:|1758317690
|move|p2a: Zapdos|Hurricane|p1a: Great Tusk
|-supereffective|p1a: Great Tusk
|-damage|p1a: Great Tusk|10/100
|-start|p1a: Great Tusk|confusion
|-activate|p1a: Great Tusk|confusion
|-damage|p1a: Great Tusk|1/100|[from] confusion
|
|-weather|RainDance|[upkeep]
|upkeep
|turn|21
|
|t:|1758317700
|move|p2a: Zapdos|Hurricane|p1a: Great Tusk
|-supereffective|p1a: Great Tusk
|-damage|p1a: Great Tusk|0 fnt
|faint|p1a: Great Tusk
|-end|p1a: Great Tusk|Protosynthesis|[silent]
|
|-weather|none
|upkeep
|
|t:|1758317702
|switch|p1a: Ribombee|Ribombee, F|51/100
|-damage|p1a: Ribombee|26/100|[from] Stealth Rock
|turn|22
|
|t:|1758317709
|switch|p2a: Pelipper|Pelipper, F|64/100
|-weather|RainDance|[from] ability: Drizzle|[of] p2a: Pelipper
|move|p1a: Ribombee|Moonblast|p2a: Pelipper
|-damage|p2a: Pelipper|22/100
|
|-weather|RainDance|[upkeep]
|upkeep
|turn|23
|
|t:|1758317714
|move|p1a: Ribombee|Moonblast|p2a: Pelipper
|-damage|p2a: Pelipper|0 fnt
|faint|p2a: Pelipper
|
|-weather|RainDance|[upkeep]
|upkeep
|
|t:|1758317716
|switch|p2a: Barraskewda|Barraskewda, F|100/100
|turn|24
|
|t:|1758317722
|switch|p2a: Zapdos|Zapdos|18/100
|move|p1a: Ribombee|Moonblast|p2a: Zapdos
|-damage|p2a: Zapdos|0 fnt
|faint|p2a: Zapdos
|
|-weather|RainDance|[upkeep]
|upkeep
|
|t:|1758317723
|switch|p2a: Barraskewda|Barraskewda, F|100/100
|turn|25
|
|t:|1758317729
|move|p2a: Barraskewda|Close Combat|p1a: Ribombee
|-resisted|p1a: Ribombee
|-damage|p1a: Ribombee|0 fnt
|-unboost|p2a: Barraskewda|def|1
|-unboost|p2a: Barraskewda|spd|1
|faint|p1a: Ribombee
|
|-weather|RainDance|[upkeep]
|upkeep
|
|t:|1758317731
|switch|p1a: Dondozo|Dondozo, M|100/100
|-damage|p1a: Dondozo|88/100|[from] Stealth Rock
|turn|26
|c|☆peakmindset|Gg well played
|-message|peakmindset forfeited.
|
|win|Huboy
|raw|Huboy's rating: 1595 &rarr; <strong>1616</strong><br />(+21 for winning)
|raw|peakmindset's rating: 1619 &rarr; <strong>1598</strong><br />(-21 for losing)
|l|☆peakmindset
|player|p2|
|c|☆Huboy|gg
|l|☆Huboy
|player|p1|
