|j|☆kdach777777
|j|☆yanyee
|t:|1758288195
|gametype|singles
|player|p1|kdach777777|169|1264
|player|p2|yanyee|janine|1324
|gen|9
|tier|[Gen 9] OU
|rated|
|rule|HP Percentage Mod: HP is shown in percentages
|rule|Endless Battle Clause: Forcing endless battles is banned
|rule|Species Clause: Limit one of each Pokémon
|rule|OHKO Clause: OHKO moves are banned
|rule|Evasion Items Clause: Evasion items are banned
|rule|Evasion Moves Clause: Evasion moves are banned
|rule|Evasion Abilities Clause: Evasion abilities are banned
|rule|Sleep Moves Clause: Sleep-inducing moves are banned
|clearpoke
|poke|p1|Klefki, F|
|poke|p1|Gyarados, M|
|poke|p1|Scizor, F|
|poke|p1|Dragonite, M|
|poke|p1|Quagsire, M|
|poke|p1|Gliscor, M|
|poke|p2|Quagsire, M|
|poke|p2|Corviknight, M|
|poke|p2|Clodsire, M|
|poke|p2|Slowking, F|
|poke|p2|Noivern, F|
|poke|p2|Meowscarada, F|
|teampreview
|
|t:|1758288212
|teamsize|p1|6
|teamsize|p2|6
|start
|switch|p1a: Gyarados|Gyarados, M|100/100
|switch|p2a: Noivern|Noivern, F|100/100
|-item|p1a: Gyarados|Lum Berry|[from] ability: Frisk|[of] p2a: Noivern
|-ability|p1a: Gyarados|Intimidate|boost
|-unboost|p2a: Noivern|atk|1
|turn|1
|
|t:|1758288219
|-terastallize|p2a: Noivern|Normal
|move|p2a: Noivern|Boomburst|p1a: Gyarados
|-damage|p1a: Gyarados|4/100
|move|p1a: Gyarados|Dragon Dance|p1a: Gyarados
|-boost|p1a: Gyarados|atk|1
|-boost|p1a: Gyarados|spe|1
|
|upkeep
|turn|2
|
|t:|1758288227
|switch|p2a: Corviknight|Corviknight, M|100/100
|move|p1a: Gyarados|Waterfall|p2a: Corviknight
|-damage|p2a: Corviknight|63/100
|-damage|p1a: Gyarados|0 fnt|[from] item: Rocky Helmet|[of] p2a: Corviknight
|faint|p1a: Gyarados
|
|upkeep
|
|t:|1758288236
|switch|p1a: Dragonite|Dragonite, M|100/100
|turn|3
|
|t:|1758288241
|switch|p2a: Quagsire|Quagsire, M|100/100
|move|p1a: Dragonite|Dragon Dance|p1a: Dragonite
|-boost|p1a: Dragonite|atk|1
|-boost|p1a: Dragonite|spe|1
|
|upkeep
|turn|4
|
|t:|1758288248
|move|p1a: Dragonite|Dragon Claw|p2a: Quagsire
|-damage|p2a: Quagsire|70/100
|move|p2a: Quagsire|Whirlpool|p1a: Dragonite
|-resisted|p1a: Dragonite
|-damage|p1a: Dragonite|98/100
|-activate|p1a: Dragonite|move: Whirlpool|[of] p2a: Quagsire
|
|-damage|p1a: Dragonite|86/100|[from] move: Whirlpool|[partiallytrapped]
|upkeep
|turn|5
|
|t:|1758288256
|move|p1a: Dragonite|Dragon Dance|p1a: Dragonite
|-boost|p1a: Dragonite|atk|1
|-boost|p1a: Dragonite|spe|1
|move|p2a: Quagsire|Recover|p2a: Quagsire
|-heal|p2a: Quagsire|100/100
|
|-damage|p1a: Dragonite|74/100|[from] move: Whirlpool|[partiallytrapped]
|upkeep
|turn|6
|
|t:|1758288264
|move|p1a: Dragonite|Dragon Claw|p2a: Quagsire
|-damage|p2a: Quagsire|70/100
|move|p2a: Quagsire|Toxic|p1a: Dragonite
|-status|p1a: Dragonite|tox
|
|-damage|p1a: Dragonite|67/100 tox|[from] psn
|-damage|p1a: Dragonite|55/100 tox|[from] move: Whirlpool|[partiallytrapped]
|upkeep
|turn|7
|
|t:|1758288277
|move|p1a: Dragonite|Dragon Claw|p2a: Quagsire
|-damage|p2a: Quagsire|38/100
|move|p2a: Quagsire|Recover|p2a: Quagsire
|-heal|p2a: Quagsire|88/100
|
|-damage|p1a: Dragonite|43/100 tox|[from] psn
|-damage|p1a: Dragonite|30/100 tox|[from] move: Whirlpool|[partiallytrapped]
|upkeep
|turn|8
|
|t:|1758288286
|move|p1a: Dragonite|Dragon Claw|p2a: Quagsire
|-damage|p2a: Quagsire|57/100
|move|p2a: Quagsire|Recover|p2a: Quagsire
|-heal|p2a: Quagsire|100/100
|
|-damage|p1a: Dragonite|12/100 tox|[from] psn
|-end|p1a: Dragonite|Whirlpool|[partiallytrapped]
|upkeep
|turn|9
|
|t:|1758288300
|move|p1a: Dragonite|Dragon Claw|p2a: Quagsire
|-damage|p2a: Quagsire|71/100
|move|p2a: Quagsire|Whirlpool|p1a: Dragonite
|-resisted|p1a: Dragonite
|-crit|p1a: Dragonite
|-damage|p1a: Dragonite|5/100 tox
|-activate|p1a: Dragonite|move: Whirlpool|[of] p2a: Quagsire
|
|-damage|p1a: Dragonite|0 fnt|[from] psn
|faint|p1a: Dragonite
|upkeep
|
|t:|1758288311
|switch|p1a: Quagsire|Quagsire, M|100/100
|turn|10
|
|t:|1758288316
|-terastallize|p1a: Quagsire|Steel
|move|p1a: Quagsire|Amnesia|p1a: Quagsire
|-boost|p1a: Quagsire|spd|2
|move|p2a: Quagsire|Toxic|p1a: Quagsire
|-immune|p1a: Quagsire
|
|upkeep
|turn|11
|
|t:|1758288323
|move|p1a: Quagsire|Curse|p1a: Quagsire
|-unboost|p1a: Quagsire|spe|1
|-boost|p1a: Quagsire|atk|1
|-boost|p1a: Quagsire|def|1
|move|p2a: Quagsire|Earthquake|p1a: Quagsire
|-supereffective|p1a: Quagsire
|-damage|p1a: Quagsire|62/100
|
|-heal|p1a: Quagsire|68/100|[from] item: Leftovers
|upkeep
|turn|12
|
|t:|1758288332
|move|p2a: Quagsire|Whirlpool|p1a: Quagsire
|-damage|p1a: Quagsire|57/100
|-activate|p1a: Quagsire|move: Whirlpool|[of] p2a: Quagsire
|move|p1a: Quagsire|Curse|p1a: Quagsire
|-unboost|p1a: Quagsire|spe|1
|-boost|p1a: Quagsire|atk|1
|-boost|p1a: Quagsire|def|1
|
|-heal|p1a: Quagsire|63/100|[from] item: Leftovers
|-damage|p1a: Quagsire|51/100|[from] move: Whirlpool|[partiallytrapped]
|upkeep
|turn|13
|
|t:|1758288353
|move|p2a: Quagsire|Earthquake|p1a: Quagsire
|-supereffective|p1a: Quagsire
|-damage|p1a: Quagsire|11/100
|move|p1a: Quagsire|Recover|p1a: Quagsire
|-heal|p1a: Quagsire|61/100
|
|-heal|p1a: Quagsire|67/100|[from] item: Leftovers
|-damage|p1a: Quagsire|55/100|[from] move: Whirlpool|[partiallytrapped]
|upkeep
|turn|14
|-message|kdach777777 forfeited.
|
|win|yanyee
|raw|kdach777777's rating: 1264 &rarr; <strong>1243</strong><br />(-21 for losing)
|raw|yanyee's rating: 1324 &rarr; <strong>1341</strong><br />(+17 for winning)
|l|☆kdach777777
|player|p1|
|l|☆yanyee
|player|p2|
