|j|☆PalworldDX
|j|☆hyperoffenseweasel
|t:|1758258043
|gametype|singles
|player|p1|PalworldDX|palmer|1200
|player|p2|hyperoffenseweasel|2|1236
|gen|9
|tier|[Gen 9] OU
|rated|
|rule|HP Percentage Mod: HP is shown in percentages
|rule|Endless Battle Clause: Forcing endless battles is banned
|rule|Species Clause: Limit one of each Pokémon
|rule|OHKO Clause: OHKO moves are banned
|rule|Evasion Items Clause: Evasion items are banned
|rule|Evasion Moves Clause: Evasion moves are banned
|rule|Evasion Abilities Clause: Evasion abilities are banned
|rule|Sleep Moves Clause: Sleep-inducing moves are banned
|clearpoke
|poke|p1|Dragapult, M|
|poke|p1|Slowking-Galar, M|
|poke|p1|Cloyster, M|
|poke|p1|Jirachi|
|poke|p1|Umbreon, F|
|poke|p1|Slaking, F|
|poke|p2|Zamazenta-*|
|poke|p2|Ninetales-Alola, F|
|poke|p2|Gliscor, M|
|poke|p2|Hatterene, F|
|poke|p2|Iron Valiant|
|poke|p2|Weavile, F|
|teampreview
|inactive|Battle timer is ON: inactive players will automatically lose when time's up. (requested by hyperoffenseweasel)
|
|t:|1758258047
|teamsize|p1|6
|teamsize|p2|6
|start
|switch|p1a: Dragapult|Dragapult, M|100/100
|switch|p2a: Zamazenta|Zamazenta|100/100
|-ability|p2a: Zamazenta|Dauntless Shield|boost
|-boost|p2a: Zamazenta|def|1
|turn|1
|
|t:|1758258063
|move|p1a: Dragapult|U-turn|p2a: Zamazenta
|-resisted|p2a: Zamazenta
|-damage|p2a: Zamazenta|94/100
|
|t:|1758258068
|switch|p1a: Slowking|Slowking-Galar, M|100/100|[from] U-turn
|move|p2a: Zamazenta|Crunch|p1a: Slowking
|-supereffective|p1a: Slowking
|-damage|p1a: Slowking|50/100
|
|-heal|p1a: Slowking|56/100|[from] item: Black Sludge
|upkeep
|turn|2
|
|t:|1758258077
|move|p2a: Zamazenta|Crunch|p1a: Slowking
|-supereffective|p1a: Slowking
|-damage|p1a: Slowking|12/100
|move|p1a: Slowking|Thunder Wave|p2a: Zamazenta
|-status|p2a: Zamazenta|par
|
|-heal|p1a: Slowking|18/100|[from] item: Black Sludge
|upkeep
|turn|3
|
|t:|1758258084
|switch|p1a: Umbreon|Umbreon, F|100/100
|move|p2a: Zamazenta|Crunch|p1a: Umbreon
|-resisted|p1a: Umbreon
|-crit|p1a: Umbreon
|-damage|p1a: Umbreon|91/100
|
|-heal|p1a: Umbreon|97/100|[from] item: Leftovers
|upkeep
|turn|4
|
|t:|1758258095
|move|p2a: Zamazenta|Body Press|p1a: Umbreon
|-supereffective|p1a: Umbreon
|-damage|p1a: Umbreon|33/100
|move|p1a: Umbreon|Wish|p1a: Umbreon
|
|-heal|p1a: Umbreon|39/100|[from] item: Leftovers
|upkeep
|turn|5
|
|t:|1758258101
|switch|p1a: Slowking|Slowking-Galar, M|51/100
|move|p2a: Zamazenta|Iron Defense|p2a: Zamazenta
|-boost|p2a: Zamazenta|def|2
|
|-heal|p1a: Slowking|100/100|[from] move: Wish|[wisher] Umbreon
|upkeep
|turn|6
|
|t:|1758258108
|move|p2a: Zamazenta|Crunch|p1a: Slowking
|-supereffective|p1a: Slowking
|-damage|p1a: Slowking|52/100
|-unboost|p1a: Slowking|def|1
|move|p1a: Slowking|Future Sight|p2a: Zamazenta
|-start|p1a: Slowking|move: Future Sight
|
|-heal|p1a: Slowking|58/100|[from] item: Black Sludge
|upkeep
|turn|7
|
|t:|1758258121
|switch|p1a: Jirachi|Jirachi|100/100
|move|p2a: Zamazenta|Crunch|p1a: Jirachi
|-supereffective|p1a: Jirachi
|-damage|p1a: Jirachi|72/100
|
|-heal|p1a: Jirachi|78/100|[from] item: Leftovers
|upkeep
|turn|8
|
|t:|1758258132
|move|p1a: Jirachi|Wish|p1a: Jirachi
|cant|p2a: Zamazenta|par
|
|-end|p2a: Zamazenta|move: Future Sight
|-supereffective|p2a: Zamazenta
|-damage|p2a: Zamazenta|7/100 par
|-heal|p1a: Jirachi|84/100|[from] item: Leftovers
|upkeep
|turn|9
|
|t:|1758258148
|switch|p2a: Ninetales|Ninetales-Alola, F|100/100
|-weather|Snowscape|[from] ability: Snow Warning|[of] p2a: Ninetales
|move|p1a: Jirachi|Iron Head|p2a: Ninetales
|-supereffective|p2a: Ninetales
|-damage|p2a: Ninetales|11/100
|
|-weather|Snowscape|[upkeep]
|-heal|p1a: Jirachi|100/100|[from] move: Wish|[wisher] Jirachi
|upkeep
|turn|10
|
|t:|1758258164
|move|p2a: Ninetales|Aurora Veil|p2a: Ninetales
|-sidestart|p2: hyperoffenseweasel|move: Aurora Veil
|move|p1a: Jirachi|Wish|p1a: Jirachi
|
|-weather|Snowscape|[upkeep]
|upkeep
|turn|11
|
|t:|1758258180
|switch|p1a: Umbreon|Umbreon, F|39/100
|move|p2a: Ninetales|Roar|p1a: Umbreon
|drag|p1a: Slaking|Slaking, F|100/100
|
|-weather|Snowscape|[upkeep]
|upkeep
|turn|12
|
|t:|1758258191
|switch|p1a: Jirachi|Jirachi|100/100
|move|p2a: Ninetales|Roar|p1a: Jirachi
|drag|p1a: Slowking|Slowking-Galar, M|92/100
|
|-weather|Snowscape|[upkeep]
|-heal|p1a: Slowking|98/100|[from] item: Black Sludge
|upkeep
|turn|13
|
|t:|1758258212
|switch|p2a: Zamazenta|Zamazenta|7/100 par
|move|p1a: Slowking|Future Sight|p2a: Zamazenta
|-start|p1a: Slowking|move: Future Sight
|
|-weather|none
|-heal|p1a: Slowking|100/100|[from] item: Black Sludge
|upkeep
|turn|14
|
|t:|1758258224
|cant|p2a: Zamazenta|par
|-prepare|p1a: Slowking|Chilly Reception|[premajor]
|move|p1a: Slowking|Chilly Reception|p1a: Slowking
|-weather|Snowscape
|
|t:|1758258233
|switch|p1a: Umbreon|Umbreon, F|39/100|[from] Chilly Reception
|
|-weather|Snowscape|[upkeep]
|-heal|p1a: Umbreon|45/100|[from] item: Leftovers
|upkeep
|turn|15
|
|t:|1758258245
|switch|p2a: Weavile|Weavile, F|100/100
|-ability|p2a: Weavile|Pressure
|move|p1a: Umbreon|Wish|p1a: Umbreon
|
|-weather|Snowscape|[upkeep]
|-end|p2a: Weavile|move: Future Sight
|-immune|p2a: Weavile
|-heal|p1a: Umbreon|51/100|[from] item: Leftovers
|upkeep
|turn|16
|
|t:|1758258265
|move|p2a: Weavile|Swords Dance|p2a: Weavile
|-boost|p2a: Weavile|atk|2
|move|p1a: Umbreon|Toxic|p2a: Weavile|[miss]
|-miss|p1a: Umbreon|p2a: Weavile
|
|-weather|Snowscape|[upkeep]
|-heal|p1a: Umbreon|100/100|[from] move: Wish|[wisher] Umbreon
|upkeep
|turn|17
|
|t:|1758258278
|move|p2a: Weavile|Swords Dance|p2a: Weavile
|-boost|p2a: Weavile|atk|2
|move|p1a: Umbreon|Foul Play|p2a: Weavile
|-resisted|p2a: Weavile
|-crit|p2a: Weavile
|-damage|p2a: Weavile|0 fnt
|faint|p2a: Weavile
|
|-weather|Snowscape|[upkeep]
|-sideend|p2: hyperoffenseweasel|move: Aurora Veil
|upkeep
|-message|hyperoffenseweasel forfeited.
|
|win|PalworldDX
|raw|PalworldDX's rating: 1200 &rarr; <strong>1228</strong><br />(+28 for winning)
|raw|hyperoffenseweasel's rating: 1236 &rarr; <strong>1208</strong><br />(-28 for losing)
|l|☆hyperoffenseweasel
|player|p2|
|l|☆PalworldDX
|player|p1|
