|j|☆coping walrus
|j|☆shuppetlover
|t:|1758319501
|gametype|singles
|player|p1|coping walrus|wattson|1130
|player|p2|shuppetlover|workerice|1066
|gen|9
|tier|[Gen 9] OU
|rated|
|rule|HP Percentage Mod: HP is shown in percentages
|rule|Endless Battle Clause: Forcing endless battles is banned
|rule|Species Clause: Limit one of each Pokémon
|rule|OHKO Clause: OHKO moves are banned
|rule|Evasion Items Clause: Evasion items are banned
|rule|Evasion Moves Clause: Evasion moves are banned
|rule|Evasion Abilities Clause: Evasion abilities are banned
|rule|Sleep Moves Clause: Sleep-inducing moves are banned
|clearpoke
|poke|p1|Abomasnow, F|
|poke|p1|Maushold|
|poke|p1|Diancie|
|poke|p1|Staraptor, F|
|poke|p1|Volcanion|
|poke|p1|Polteageist|
|poke|p2|Numel, F|
|poke|p2|Umbreon, F|
|poke|p2|Mienshao, M|
|poke|p2|Torkoal, F|
|poke|p2|Flygon, M|
|poke|p2|Blaziken, M|
|teampreview
|inactive|Battle timer is ON: inactive players will automatically lose when time's up. (requested by coping walrus)
|inactive|shuppetlover has 120 seconds left.
|c|☆coping walrus|if you love shuppet so much why dont you marry it
|
|t:|1758319536
|teamsize|p1|6
|teamsize|p2|6
|start
|switch|p1a: Bagga Hot Cheetos|Volcanion|100/100
|switch|p2a: Flyeon|Flygon, M|100/100
|turn|1
|
|t:|1758319541
|move|p1a: Bagga Hot Cheetos|Steam Eruption|p2a: Flyeon
|-damage|p2a: Flyeon|24/100
|move|p2a: Flyeon|Agility|p2a: Flyeon
|-boost|p2a: Flyeon|spe|2
|
|upkeep
|turn|2
|
|t:|1758319549
|move|p2a: Flyeon|Boomburst|p1a: Bagga Hot Cheetos
|-damage|p1a: Bagga Hot Cheetos|53/100
|-enditem|p2a: Flyeon|Throat Spray
|-boost|p2a: Flyeon|spa|1|[from] item: Throat Spray
|move|p1a: Bagga Hot Cheetos|Steam Eruption|p2a: Flyeon
|-damage|p2a: Flyeon|0 fnt
|faint|p2a: Flyeon
|
|upkeep
|
|t:|1758319565
|switch|p2a: Kelleon|Torkoal, F|100/100
|-weather|SunnyDay|[from] ability: Drought|[of] p2a: Kelleon
|turn|3
|
|t:|1758319573
|move|p1a: Bagga Hot Cheetos|Steam Eruption|p2a: Kelleon
|-supereffective|p2a: Kelleon
|-damage|p2a: Kelleon|43/100
|move|p2a: Kelleon|Solar Beam||[still]
|-prepare|p2a: Kelleon|Solar Beam
|-anim|p2a: Kelleon|Solar Beam|p1a: Bagga Hot Cheetos
|-damage|p1a: Bagga Hot Cheetos|23/100
|
|-weather|SunnyDay|[upkeep]
|upkeep
|turn|4
|
|t:|1758319580
|move|p1a: Bagga Hot Cheetos|Steam Eruption|p2a: Kelleon
|-supereffective|p2a: Kelleon
|-damage|p2a: Kelleon|0 fnt
|faint|p2a: Kelleon
|
|-weather|SunnyDay|[upkeep]
|upkeep
|
|t:|1758319591
|switch|p2a: Flareon standing|Blaziken, M|100/100
|turn|5
|
|t:|1758319595
|move|p1a: Bagga Hot Cheetos|Steam Eruption|p2a: Flareon standing
|-supereffective|p2a: Flareon standing
|-damage|p2a: Flareon standing|0 fnt
|faint|p2a: Flareon standing
|
|-weather|SunnyDay|[upkeep]
|upkeep
|
|t:|1758319601
|switch|p2a: Umbreon|Umbreon, F|100/100
|turn|6
|
|t:|1758319604
|move|p1a: Bagga Hot Cheetos|Steam Eruption|p2a: Umbreon
|-damage|p2a: Umbreon|77/100
|move|p2a: Umbreon|Wish|p2a: Umbreon
|
|-weather|SunnyDay|[upkeep]
|-heal|p2a: Umbreon|83/100|[from] item: Leftovers
|upkeep
|turn|7
|
|t:|1758319610
|move|p1a: Bagga Hot Cheetos|Steam Eruption|p2a: Umbreon|[miss]
|-miss|p1a: Bagga Hot Cheetos|p2a: Umbreon
|move|p2a: Umbreon|Curse|p2a: Umbreon
|-unboost|p2a: Umbreon|spe|1
|-boost|p2a: Umbreon|atk|1
|-boost|p2a: Umbreon|def|1
|
|-weather|none
|-heal|p2a: Umbreon|100/100|[from] move: Wish|[wisher] Umbreon
|upkeep
|turn|8
|
|t:|1758319620
|switch|p1a: Pete Wentz|Staraptor, F|100/100
|move|p2a: Umbreon|Curse|p2a: Umbreon
|-unboost|p2a: Umbreon|spe|1
|-boost|p2a: Umbreon|atk|1
|-boost|p2a: Umbreon|def|1
|
|upkeep
|turn|9
|
|t:|1758319627
|move|p1a: Pete Wentz|Close Combat|p2a: Umbreon
|-supereffective|p2a: Umbreon
|-crit|p2a: Umbreon
|-damage|p2a: Umbreon|0 fnt
|-unboost|p1a: Pete Wentz|def|1
|-unboost|p1a: Pete Wentz|spd|1
|faint|p2a: Umbreon
|
|upkeep
|c|☆shuppetlover|....
|
|t:|1758319648
|switch|p2a: Groudeon|Numel, F|100/100
|turn|10
|c|☆coping walrus|pete wentz is powerful
|
|t:|1758319656
|move|p1a: Pete Wentz|Close Combat|p2a: Groudeon
|-damage|p2a: Groudeon|42/100
|-unboost|p1a: Pete Wentz|def|1
|-unboost|p1a: Pete Wentz|spd|1
|move|p2a: Groudeon|Growth|p2a: Groudeon
|-boost|p2a: Groudeon|atk|2
|-boost|p2a: Groudeon|spa|2
|
|upkeep
|turn|11
|
|t:|1758319663
|move|p1a: Pete Wentz|Close Combat|p2a: Groudeon
|-damage|p2a: Groudeon|0 fnt
|-unboost|p1a: Pete Wentz|def|1
|-unboost|p1a: Pete Wentz|spd|1
|faint|p2a: Groudeon
|
|upkeep
|
|t:|1758319665
|switch|p2a: Stasheon|Mienshao, M|100/100
|turn|12
|
|t:|1758319671
|move|p1a: Pete Wentz|Close Combat|p2a: Stasheon
|-damage|p2a: Stasheon|0 fnt
|-unboost|p1a: Pete Wentz|def|1
|-unboost|p1a: Pete Wentz|spd|1
|faint|p2a: Stasheon
|
|win|coping walrus
|raw|coping walrus's rating: 1130 &rarr; <strong>1150</strong><br />(+20 for winning)
|raw|shuppetlover's rating: 1066 &rarr; <strong>1050</strong><br />(-16 for losing)
|c|☆coping walrus|ggs
|c|☆shuppetlover|I call haxs
|l|☆shuppetlover
|player|p2|
|c|☆coping walrus|hacks? hahahahahaha
|c|☆coping walrus|reckless choice band man
|c|☆coping walrus|its a great build
