|j|☆Turqoietoise
|j|☆thefunbegins
|t:|1758295870
|gametype|singles
|player|p1|Turqoietoise|juan|1147
|player|p2|thefunbegins|gentleman-gen4|1183
|gen|9
|tier|[Gen 9] OU
|rated|
|rule|HP Percentage Mod: HP is shown in percentages
|rule|Endless Battle Clause: Forcing endless battles is banned
|rule|Species Clause: Limit one of each Pokémon
|rule|OHKO Clause: OHKO moves are banned
|rule|Evasion Items Clause: Evasion items are banned
|rule|Evasion Moves Clause: Evasion moves are banned
|rule|Evasion Abilities Clause: Evasion abilities are banned
|rule|Sleep Moves Clause: Sleep-inducing moves are banned
|clearpoke
|poke|p1|Iron Moth|
|poke|p1|Rotom-Wash|
|poke|p1|Great Tusk|
|poke|p1|Ting-Lu|
|poke|p1|Enamorus, F|
|poke|p1|Scizor, M|
|poke|p2|Ambipom, M|
|poke|p2|Regidrago|
|poke|p2|Delphox, M|
|poke|p2|Registeel|
|poke|p2|Furret, F|
|poke|p2|Latios, M|
|teampreview
|
|t:|1758295886
|teamsize|p1|6
|teamsize|p2|6
|start
|switch|p1a: Ting-Lu|Ting-Lu|100/100
|switch|p2a: Ambipom|Ambipom, M|100/100
|-ability|p1a: Ting-Lu|Vessel of Ruin
|turn|1
|
|t:|1758295895
|move|p2a: Ambipom|Fake Out|p1a: Ting-Lu
|-damage|p1a: Ting-Lu|82/100
|-damage|p2a: Ambipom|91/100|[from] item: Life Orb
|cant|p1a: Ting-Lu|flinch
|
|-heal|p1a: Ting-Lu|88/100|[from] item: Leftovers
|upkeep
|turn|2
|
|t:|1758295904
|move|p2a: Ambipom|U-turn|p1a: Ting-Lu
|-supereffective|p1a: Ting-Lu
|-damage|p1a: Ting-Lu|59/100
|-damage|p2a: Ambipom|81/100|[from] item: Life Orb
|
|t:|1758295907
|switch|p2a: Furret|Furret, F, shiny|100/100|[from] U-turn
|move|p1a: Ting-Lu|Spikes|p2a: Furret
|-sidestart|p2: thefunbegins|Spikes
|
|-heal|p1a: Ting-Lu|65/100|[from] item: Leftovers
|upkeep
|turn|3
|
|t:|1758295917
|switch|p1a: Great Tusk|Great Tusk|100/100
|move|p2a: Furret|Tidy Up|p2a: Furret
|-sideend|p2: thefunbegins|Spikes
|-activate|p2a: Furret|move: Tidy Up
|-boost|p2a: Furret|atk|1
|-boost|p2a: Furret|spe|1
|
|upkeep
|turn|4
|
|t:|1758295931
|-terastallize|p2a: Furret|Ghost
|move|p2a: Furret|Last Resort|p1a: Great Tusk
|-damage|p1a: Great Tusk|40/100
|move|p1a: Great Tusk|Earthquake|p2a: Furret
|-damage|p2a: Furret|24/100
|
|upkeep
|turn|5
|
|t:|1758295941
|-end|p1a: Great Tusk|Protosynthesis|[silent]
|switch|p1a: Ting-Lu|Ting-Lu|65/100
|-ability|p1a: Ting-Lu|Vessel of Ruin
|move|p2a: Furret|Last Resort|p1a: Ting-Lu
|-damage|p1a: Ting-Lu|16/100
|
|-heal|p1a: Ting-Lu|22/100|[from] item: Leftovers
|upkeep
|turn|6
|
|t:|1758295971
|move|p2a: Furret|Last Resort|p1a: Ting-Lu
|-crit|p1a: Ting-Lu
|-damage|p1a: Ting-Lu|0 fnt
|faint|p1a: Ting-Lu
|
|upkeep
|
|t:|1758295977
|switch|p1a: Scizor|Scizor, M|100/100
|turn|7
|
|t:|1758295985
|move|p1a: Scizor|Bullet Punch|p2a: Furret
|-damage|p2a: Furret|0 fnt
|faint|p2a: Furret
|
|upkeep
|
|t:|1758295987
|switch|p2a: Delphox|Delphox, M|100/100
|turn|8
|
|t:|1758295993
|switch|p1a: Rotom|Rotom-Wash|100/100
|move|p2a: Delphox|Overheat|p1a: Rotom
|-resisted|p1a: Rotom
|-damage|p1a: Rotom|69/100
|-unboost|p2a: Delphox|spa|2
|-enditem|p2a: Delphox|Eject Pack
|
|t:|1758296001
|switch|p2a: Ambipom|Ambipom, M|81/100
|
|-heal|p1a: Rotom|75/100|[from] item: Leftovers
|upkeep
|turn|9
|
|t:|1758296009
|move|p2a: Ambipom|Fake Out|p1a: Rotom
|-damage|p1a: Rotom|41/100
|-damage|p2a: Ambipom|71/100|[from] item: Life Orb
|cant|p1a: Rotom|flinch
|
|-heal|p1a: Rotom|47/100|[from] item: Leftovers
|upkeep
|turn|10
|
|t:|1758296018
|move|p2a: Ambipom|Double Hit|p1a: Rotom
|-damage|p1a: Rotom|13/100
|-damage|p1a: Rotom|0 fnt
|faint|p1a: Rotom
|-hitcount|p1: Rotom|2
|-damage|p2a: Ambipom|61/100|[from] item: Life Orb
|
|upkeep
|
|t:|1758296028
|switch|p1a: Scizor|Scizor, M|100/100
|turn|11
|
|t:|1758296032
|switch|p2a: Delphox|Delphox, M|100/100
|move|p1a: Scizor|Bullet Punch|p2a: Delphox
|-resisted|p2a: Delphox
|-damage|p2a: Delphox|62/100
|
|upkeep
|turn|12
|
|t:|1758296042
|switch|p1a: Iron Moth|Iron Moth|100/100
|move|p2a: Delphox|Psychic|p1a: Iron Moth
|-supereffective|p1a: Iron Moth
|-damage|p1a: Iron Moth|5/100
|-item|p2a: Delphox|Heavy-Duty Boots|[from] ability: Magician|[of] p1a: Iron Moth
|
|upkeep
|turn|13
|
|t:|1758296053
|move|p1a: Iron Moth|Sludge Wave|p2a: Delphox
|-damage|p2a: Delphox|3/100
|move|p2a: Delphox|Psychic|p1a: Iron Moth
|-supereffective|p1a: Iron Moth
|-damage|p1a: Iron Moth|0 fnt
|faint|p1a: Iron Moth
|-end|p1a: Iron Moth|Quark Drive|[silent]
|
|upkeep
|
|t:|1758296062
|switch|p1a: Scizor|Scizor, M|100/100
|turn|14
|
|t:|1758296065
|move|p1a: Scizor|Bullet Punch|p2a: Delphox
|-resisted|p2a: Delphox
|-damage|p2a: Delphox|0 fnt
|faint|p2a: Delphox
|
|upkeep
|
|t:|1758296072
|switch|p2a: Registeel|Registeel|100/100
|turn|15
|
|t:|1758296076
|switch|p1a: Great Tusk|Great Tusk|40/100
|move|p2a: Registeel|Thunder Wave|p1a: Great Tusk
|-immune|p1a: Great Tusk
|
|upkeep
|turn|16
|
|t:|1758296086
|switch|p2a: Latios|Latios, M|100/100
|move|p1a: Great Tusk|Earthquake|p2a: Latios
|-immune|p2a: Latios|[from] ability: Levitate
|
|upkeep
|turn|17
|
|t:|1758296096
|-end|p1a: Great Tusk|Protosynthesis|[silent]
|switch|p1a: Scizor|Scizor, M|100/100
|move|p2a: Latios|Dragon Dance|p2a: Latios
|-boost|p2a: Latios|atk|1
|-boost|p2a: Latios|spe|1
|
|upkeep
|turn|18
|
|t:|1758296107
|switch|p2a: Registeel|Registeel|100/100
|-terastallize|p1a: Scizor|Steel
|move|p1a: Scizor|Bullet Punch|p2a: Registeel
|-resisted|p2a: Registeel
|-damage|p2a: Registeel|82/100
|
|-heal|p2a: Registeel|88/100|[from] item: Leftovers
|upkeep
|turn|19
|
|t:|1758296119
|switch|p1a: Great Tusk|Great Tusk|40/100
|move|p2a: Registeel|Stealth Rock|p1a: Great Tusk
|-sidestart|p1: Turqoietoise|move: Stealth Rock
|
|-heal|p2a: Registeel|94/100|[from] item: Leftovers
|upkeep
|turn|20
|
|t:|1758296127
|move|p1a: Great Tusk|Ice Spinner|p2a: Registeel
|-resisted|p2a: Registeel
|-damage|p2a: Registeel|86/100
|move|p2a: Registeel|Flash Cannon|p1a: Great Tusk
|-damage|p1a: Great Tusk|7/100
|-unboost|p1a: Great Tusk|spd|1
|
|-heal|p2a: Registeel|93/100|[from] item: Leftovers
|upkeep
|turn|21
|
|t:|1758296141
|switch|p2a: Latios|Latios, M|100/100
|move|p1a: Great Tusk|Earthquake|p2a: Latios
|-immune|p2a: Latios|[from] ability: Levitate
|
|upkeep
|turn|22
|
|t:|1758296149
|move|p2a: Latios|Earthquake|p1a: Great Tusk
|-damage|p1a: Great Tusk|0 fnt
|faint|p1a: Great Tusk
|-end|p1a: Great Tusk|Protosynthesis|[silent]
|
|upkeep
|
|t:|1758296154
|switch|p1a: Scizor|Scizor, M, tera:Steel|100/100
|-damage|p1a: Scizor|94/100|[from] Stealth Rock
|turn|23
|
|t:|1758296162
|move|p2a: Latios|Earthquake|p1a: Scizor
|-supereffective|p1a: Scizor
|-damage|p1a: Scizor|35/100
|move|p1a: Scizor|U-turn|p2a: Latios
|-supereffective|p2a: Latios
|-damage|p2a: Latios|0 fnt
|faint|p2a: Latios
|
|t:|1758296170
|switch|p1a: Enamorus|Enamorus, F|100/100|[from] U-turn
|
|upkeep
|
|t:|1758296173
|switch|p2a: Ambipom|Ambipom, M|61/100
|turn|24
|
|t:|1758296181
|move|p2a: Ambipom|Fake Out|p1a: Enamorus
|-damage|p1a: Enamorus|39/100
|-damage|p2a: Ambipom|51/100|[from] item: Life Orb
|cant|p1a: Enamorus|flinch
|
|upkeep
|turn|25
|
|t:|1758296188
|move|p2a: Ambipom|Aerial Ace|p1a: Enamorus
|-damage|p1a: Enamorus|0 fnt
|faint|p1a: Enamorus
|-damage|p2a: Ambipom|41/100|[from] item: Life Orb
|
|upkeep
|
|t:|1758296196
|switch|p1a: Scizor|Scizor, M, tera:Steel|35/100
|-damage|p1a: Scizor|29/100|[from] Stealth Rock
|turn|26
|-message|Turqoietoise forfeited.
|
|win|thefunbegins
|raw|Turqoietoise's rating: 1147 &rarr; <strong>1125</strong><br />(-22 for losing)
|raw|thefunbegins's rating: 1183 &rarr; <strong>1205</strong><br />(+22 for winning)
|l|☆Turqoietoise
|player|p1|
|l|☆thefunbegins
|player|p2|
