|j|‽jimola
|j|☆Beto1769
|t:|1758361228
|gametype|singles
|player|p1|jimola|266|1664
|player|p2|Beto1769|erika|1698
|gen|9
|tier|[Gen 9] OU
|rated|
|rule|HP Percentage Mod: HP is shown in percentages
|rule|Endless Battle Clause: Forcing endless battles is banned
|rule|Species Clause: Limit one of each Pokémon
|rule|OHKO Clause: OHKO moves are banned
|rule|Evasion Items Clause: Evasion items are banned
|rule|Evasion Moves Clause: Evasion moves are banned
|rule|Evasion Abilities Clause: Evasion abilities are banned
|rule|Sleep Moves Clause: Sleep-inducing moves are banned
|clearpoke
|poke|p1|Keldeo|
|poke|p1|Weavile, M|
|poke|p1|Iron Moth|
|poke|p1|Ribombee, M|
|poke|p1|Great Tusk|
|poke|p1|Gholdengo|
|poke|p2|Dragonite, F|
|poke|p2|Zamazenta-*|
|poke|p2|Landorus-Therian, M|
|poke|p2|Gholdengo|
|poke|p2|Darkrai|
|poke|p2|Hatterene, F|
|teampreview
|
|t:|1758361259
|teamsize|p1|6
|teamsize|p2|6
|start
|switch|p1a: Ribombee|Ribombee, M|100/100
|switch|p2a: Hatterene|Hatterene, F|100/100
|turn|1
|
|t:|1758361266
|move|p1a: Ribombee|Skill Swap|p2a: Hatterene
|-activate|p1a: Ribombee|move: Skill Swap|Magic Bounce|Shield Dust|[of] p2a: Hatterene
|move|p2a: Hatterene|Mystical Fire|p1a: Ribombee
|-supereffective|p1a: Ribombee
|-damage|p1a: Ribombee|11/100
|-unboost|p1a: Ribombee|spa|1
|
|upkeep
|turn|2
|
|t:|1758361272
|move|p1a: Ribombee|Sticky Web|p2a: Hatterene
|-sidestart|p2: Beto1769|move: Sticky Web
|move|p2a: Hatterene|Draining Kiss|p1a: Ribombee
|-damage|p1a: Ribombee|0 fnt
|faint|p1a: Ribombee
|
|upkeep
|
|t:|1758361278
|switch|p1a: Iron Moth|Iron Moth|100/100
|-enditem|p1a: Iron Moth|Booster Energy
|-activate|p1a: Iron Moth|ability: Quark Drive|[fromitem]
|-start|p1a: Iron Moth|quarkdrivespa
|turn|3
|
|t:|1758361285
|move|p1a: Iron Moth|Sludge Wave|p2a: Hatterene
|-supereffective|p2a: Hatterene
|-damage|p2a: Hatterene|9/100
|move|p2a: Hatterene|Psyshock|p1a: Iron Moth
|-supereffective|p1a: Iron Moth
|-damage|p1a: Iron Moth|0 fnt
|faint|p1a: Iron Moth
|-end|p1a: Iron Moth|Quark Drive|[silent]
|
|upkeep
|
|t:|1758361295
|switch|p1a: Keldeo|Keldeo|100/100
|turn|4
|
|t:|1758361297
|move|p1a: Keldeo|Surf|p2a: Hatterene
|-damage|p2a: Hatterene|0 fnt
|faint|p2a: Hatterene
|-damage|p1a: Keldeo|91/100|[from] item: Life Orb
|
|upkeep
|
|t:|1758361302
|switch|p2a: Gholdengo|Gholdengo|100/100
|-activate|p2a: Gholdengo|move: Sticky Web
|-unboost|p2a: Gholdengo|spe|1
|turn|5
|
|t:|1758361305
|move|p1a: Keldeo|Surf|p2a: Gholdengo
|-damage|p2a: Gholdengo|27/100
|-damage|p1a: Keldeo|81/100|[from] item: Life Orb
|move|p2a: Gholdengo|Thunderbolt|p1a: Keldeo
|-supereffective|p1a: Keldeo
|-damage|p1a: Keldeo|9/100
|
|upkeep
|turn|6
|
|t:|1758361313
|move|p1a: Keldeo|Surf|p2a: Gholdengo
|-damage|p2a: Gholdengo|0 fnt
|faint|p2a: Gholdengo
|-damage|p1a: Keldeo|0 fnt|[from] item: Life Orb
|faint|p1a: Keldeo
|
|upkeep
|inactive|Battle timer is ON: inactive players will automatically lose when time's up. (requested by Beto1769)
|
|t:|1758361328
|switch|p1a: Weavile|Weavile, M|100/100
|switch|p2a: Darkrai|Darkrai|100/100
|-ability|p1a: Weavile|Pressure
|turn|7
|
|t:|1758361345
|move|p1a: Weavile|Triple Axel|p2a: Darkrai
|-damage|p2a: Darkrai|83/100
|-damage|p2a: Darkrai|49/100
|-damage|p2a: Darkrai|0 fnt
|faint|p2a: Darkrai
|-hitcount|p2: Darkrai|3
|
|upkeep
|
|t:|1758361352
|switch|p2a: Zamazenta|Zamazenta|100/100
|-activate|p2a: Zamazenta|move: Sticky Web
|-unboost|p2a: Zamazenta|spe|1
|-ability|p2a: Zamazenta|Dauntless Shield|boost
|-boost|p2a: Zamazenta|def|1
|turn|8
|
|t:|1758361379
|move|p1a: Weavile|Triple Axel|p2a: Zamazenta
|-damage|p2a: Zamazenta|93/100
|-damage|p2a: Zamazenta|79/100
|-damage|p2a: Zamazenta|56/100
|-hitcount|p2a: Zamazenta|3
|move|p2a: Zamazenta|Crunch|p1a: Weavile
|-resisted|p1a: Weavile
|-damage|p1a: Weavile|82/100
|
|-heal|p2a: Zamazenta|62/100|[from] item: Leftovers
|upkeep
|turn|9
|inactive|jimola has 120 seconds left.
|
|t:|1758361409
|move|p1a: Weavile|Triple Axel|p2a: Zamazenta
|-damage|p2a: Zamazenta|54/100
|-damage|p2a: Zamazenta|39/100
|-damage|p2a: Zamazenta|16/100
|-hitcount|p2a: Zamazenta|3
|move|p2a: Zamazenta|Crunch|p1a: Weavile
|-resisted|p1a: Weavile
|-crit|p1a: Weavile
|-damage|p1a: Weavile|52/100
|
|-heal|p2a: Zamazenta|23/100|[from] item: Leftovers
|upkeep
|turn|10
|
|t:|1758361417
|-terastallize|p2a: Zamazenta|Fire
|move|p1a: Weavile|Triple Axel|p2a: Zamazenta
|-resisted|p2a: Zamazenta
|-damage|p2a: Zamazenta|19/100
|-resisted|p2a: Zamazenta
|-damage|p2a: Zamazenta|12/100
|-resisted|p2a: Zamazenta
|-damage|p2a: Zamazenta|1/100
|-hitcount|p2a: Zamazenta|3
|move|p2a: Zamazenta|Body Press|p1a: Weavile
|-supereffective|p1a: Weavile
|-damage|p1a: Weavile|0 fnt
|faint|p1a: Weavile
|
|-heal|p2a: Zamazenta|7/100|[from] item: Leftovers
|upkeep
|
|t:|1758361429
|switch|p1a: Great Tusk|Great Tusk|100/100
|turn|11
|
|t:|1758361437
|move|p1a: Great Tusk|Rapid Spin|p2a: Zamazenta
|-damage|p2a: Zamazenta|0 fnt
|-boost|p1a: Great Tusk|spe|1
|faint|p2a: Zamazenta
|
|upkeep
|
|t:|1758361439
|switch|p2a: Landorus|Landorus-Therian, M|100/100
|-ability|p2a: Landorus|Intimidate|boost
|-unboost|p1a: Great Tusk|atk|1
|turn|12
|inactive|jimola has 120 seconds left.
|
|t:|1758361451
|-terastallize|p1a: Great Tusk|Ice
|move|p1a: Great Tusk|Ice Spinner|p2a: Landorus
|-supereffective|p2a: Landorus
|-damage|p2a: Landorus|0 fnt
|-damage|p1a: Great Tusk|84/100|[from] item: Rocky Helmet|[of] p2a: Landorus
|faint|p2a: Landorus
|
|upkeep
|
|t:|1758361456
|switch|p2a: Dragonite|Dragonite, F|100/100
|turn|13
|
|t:|1758361459
|move|p1a: Great Tusk|Rapid Spin|p2a: Dragonite
|-damage|p2a: Dragonite|94/100
|-boost|p1a: Great Tusk|spe|1
|move|p2a: Dragonite|Earthquake|p1a: Great Tusk
|-damage|p1a: Great Tusk|60/100
|
|upkeep
|turn|14
|
|t:|1758361465
|move|p2a: Dragonite|Extreme Speed|p1a: Great Tusk
|-damage|p1a: Great Tusk|41/100
|move|p1a: Great Tusk|Ice Spinner|p2a: Dragonite
|-supereffective|p2a: Dragonite
|-damage|p2a: Dragonite|0 fnt
|faint|p2a: Dragonite
|
|win|jimola
|raw|jimola's rating: 1664 &rarr; <strong>1686</strong><br />(+22 for winning)
|raw|Beto1769's rating: 1698 &rarr; <strong>1676</strong><br />(-22 for losing)
|l|☆Beto1769
|player|p2|
