|j|☆Aggrhy
|j|☆Mightyeena
|t:|1758250673
|gametype|singles
|player|p1|Aggrhy|red-masters|1351
|player|p2|Mightyeena|pokemaniac|1293
|gen|9
|tier|[Gen 9] OU
|rated|
|rule|HP Percentage Mod: HP is shown in percentages
|rule|Endless Battle Clause: Forcing endless battles is banned
|rule|Species Clause: Limit one of each Pokémon
|rule|OHKO Clause: OHKO moves are banned
|rule|Evasion Items Clause: Evasion items are banned
|rule|Evasion Moves Clause: Evasion moves are banned
|rule|Evasion Abilities Clause: Evasion abilities are banned
|rule|Sleep Moves Clause: Sleep-inducing moves are banned
|clearpoke
|poke|p1|Pikachu, F|
|poke|p1|Lokix, F|
|poke|p1|Fezandipiti, M|
|poke|p1|Blastoise, F|
|poke|p1|Flygon, F|
|poke|p1|Vikavolt, F|
|poke|p2|Samurott-Hisui, M|
|poke|p2|Great Tusk|
|poke|p2|Volcanion|
|poke|p2|Hydrapple, M|
|poke|p2|Gholdengo|
|poke|p2|Landorus-Therian, M|
|teampreview
|inactive|Battle timer is ON: inactive players will automatically lose when time's up. (requested by Mightyeena)
|inactive|Aggrhy also wants the timer to be on.
|
|t:|1758250694
|teamsize|p1|6
|teamsize|p2|6
|start
|switch|p1a: Pikachu|Pikachu, F|100/100
|switch|p2a: Great Tusk|Great Tusk|100/100
|turn|1
|
|t:|1758250704
|-terastallize|p1a: Pikachu|Flying
|move|p1a: Pikachu|Surf|p2a: Great Tusk
|-supereffective|p2a: Great Tusk
|-damage|p2a: Great Tusk|0 fnt
|faint|p2a: Great Tusk
|-end|p2a: Great Tusk|Protosynthesis|[silent]
|
|upkeep
|
|t:|1758250714
|switch|p2a: Landorus|Landorus-Therian, M|100/100
|-ability|p2a: Landorus|Intimidate|boost
|-unboost|p1a: Pikachu|atk|1
|turn|2
|
|t:|1758250720
|switch|p1a: Vikavolt|Vikavolt, F|100/100
|move|p2a: Landorus|Stone Edge|p1a: Vikavolt
|-supereffective|p1a: Vikavolt
|-damage|p1a: Vikavolt|40/100
|
|upkeep
|turn|3
|
|t:|1758250728
|switch|p1a: Blastoise|Blastoise, F|100/100
|move|p2a: Landorus|Stone Edge|p1a: Blastoise
|-damage|p1a: Blastoise|76/100
|
|-heal|p1a: Blastoise|82/100|[from] item: Leftovers
|upkeep
|turn|4
|
|t:|1758250737
|switch|p2a: Hydrapple|Hydrapple, M|100/100
|switch|p1a: Vikavolt|Vikavolt, F|40/100
|
|upkeep
|turn|5
|
|t:|1758250746
|-terastallize|p2a: Hydrapple|Steel
|move|p2a: Hydrapple|Nasty Plot|p2a: Hydrapple
|-boost|p2a: Hydrapple|spa|2
|move|p1a: Vikavolt|Sticky Web|p2a: Hydrapple
|-sidestart|p2: Mightyeena|move: Sticky Web
|
|upkeep
|turn|6
|
|t:|1758250753
|move|p2a: Hydrapple|Fickle Beam|p1a: Vikavolt
|-damage|p1a: Vikavolt|0 fnt
|faint|p1a: Vikavolt
|
|upkeep
|
|t:|1758250759
|switch|p1a: Flygon|Flygon, F|100/100
|turn|7
|
|t:|1758250765
|move|p1a: Flygon|Earthquake|p2a: Hydrapple
|-supereffective|p2a: Hydrapple
|-damage|p2a: Hydrapple|32/100
|-damage|p1a: Flygon|91/100|[from] item: Life Orb
|move|p2a: Hydrapple|Fickle Beam|p1a: Flygon
|-supereffective|p1a: Flygon
|-damage|p1a: Flygon|0 fnt
|faint|p1a: Flygon
|
|upkeep
|
|t:|1758250776
|switch|p1a: Pikachu|Pikachu, F, tera:Flying|100/100
|turn|8
|
|t:|1758250782
|move|p1a: Pikachu|Surf|p2a: Hydrapple
|-damage|p2a: Hydrapple|0 fnt
|faint|p2a: Hydrapple
|
|upkeep
|
|t:|1758250786
|switch|p2a: Landorus|Landorus-Therian, M|100/100
|-ability|p2a: Landorus|Intimidate|boost
|-unboost|p1a: Pikachu|atk|1
|turn|9
|
|t:|1758250796
|switch|p1a: Blastoise|Blastoise, F|82/100
|move|p2a: Landorus|U-turn|p1a: Blastoise
|-damage|p1a: Blastoise|63/100
|
|t:|1758250802
|switch|p2a: Volcanion|Volcanion|100/100|[from] U-turn
|
|-heal|p1a: Blastoise|70/100|[from] item: Leftovers
|upkeep
|turn|10
|
|t:|1758250809
|switch|p1a: Fezandipiti|Fezandipiti, M|100/100
|move|p2a: Volcanion|Sludge Bomb|p1a: Fezandipiti
|-damage|p1a: Fezandipiti|85/100
|
|-heal|p1a: Fezandipiti|91/100|[from] item: Leftovers
|upkeep
|turn|11
|
|t:|1758250819
|move|p1a: Fezandipiti|Heat Wave|p2a: Volcanion|[miss]
|-miss|p1a: Fezandipiti|p2a: Volcanion
|move|p2a: Volcanion|Steam Eruption|p1a: Fezandipiti
|-damage|p1a: Fezandipiti|61/100
|-status|p1a: Fezandipiti|brn
|
|-heal|p1a: Fezandipiti|67/100 brn|[from] item: Leftovers
|-damage|p1a: Fezandipiti|61/100 brn|[from] brn
|upkeep
|turn|12
|
|t:|1758250837
|move|p1a: Fezandipiti|Moonblast|p2a: Volcanion
|-resisted|p2a: Volcanion
|-damage|p2a: Volcanion|88/100
|-unboost|p2a: Volcanion|spa|1
|move|p2a: Volcanion|Steam Eruption|p1a: Fezandipiti
|-damage|p1a: Fezandipiti|41/100 brn
|
|-heal|p1a: Fezandipiti|47/100 brn|[from] item: Leftovers
|-damage|p1a: Fezandipiti|41/100 brn|[from] brn
|upkeep
|turn|13
|
|t:|1758250848
|move|p1a: Fezandipiti|Roost|p1a: Fezandipiti
|-heal|p1a: Fezandipiti|91/100 brn
|-singleturn|p1a: Fezandipiti|move: Roost
|move|p2a: Volcanion|Flamethrower|p1a: Fezandipiti
|-damage|p1a: Fezandipiti|73/100 brn
|
|-heal|p1a: Fezandipiti|79/100 brn|[from] item: Leftovers
|-damage|p1a: Fezandipiti|73/100 brn|[from] brn
|upkeep
|turn|14
|
|t:|1758250861
|switch|p2a: Landorus|Landorus-Therian, M|100/100
|-ability|p2a: Landorus|Intimidate|boost
|-unboost|p1a: Fezandipiti|atk|1
|move|p1a: Fezandipiti|Nasty Plot|p1a: Fezandipiti
|-boost|p1a: Fezandipiti|spa|2
|
|-heal|p1a: Fezandipiti|79/100 brn|[from] item: Leftovers
|-damage|p1a: Fezandipiti|73/100 brn|[from] brn
|upkeep
|turn|15
|
|t:|1758250872
|switch|p1a: Pikachu|Pikachu, F, tera:Flying|100/100
|move|p2a: Landorus|Stone Edge|p1a: Pikachu
|-supereffective|p1a: Pikachu
|-damage|p1a: Pikachu|0 fnt
|faint|p1a: Pikachu
|
|upkeep
|
|t:|1758250882
|switch|p1a: Fezandipiti|Fezandipiti, M|73/100 brn
|turn|16
|
|t:|1758250885
|switch|p2a: Volcanion|Volcanion|88/100
|move|p1a: Fezandipiti|Moonblast|p2a: Volcanion
|-resisted|p2a: Volcanion
|-damage|p2a: Volcanion|75/100
|
|-heal|p1a: Fezandipiti|79/100 brn|[from] item: Leftovers
|-damage|p1a: Fezandipiti|73/100 brn|[from] brn
|upkeep
|turn|17
|
|t:|1758250897
|switch|p2a: Landorus|Landorus-Therian, M|100/100
|-ability|p2a: Landorus|Intimidate|boost
|-unboost|p1a: Fezandipiti|atk|1
|move|p1a: Fezandipiti|Moonblast|p2a: Landorus
|-damage|p2a: Landorus|70/100
|-unboost|p2a: Landorus|spa|1
|
|-heal|p1a: Fezandipiti|79/100 brn|[from] item: Leftovers
|-damage|p1a: Fezandipiti|73/100 brn|[from] brn
|upkeep
|turn|18
|
|t:|1758250910
|switch|p1a: Blastoise|Blastoise, F|70/100
|move|p2a: Landorus|Earthquake|p1a: Blastoise
|-damage|p1a: Blastoise|32/100
|
|-heal|p1a: Blastoise|38/100|[from] item: Leftovers
|upkeep
|turn|19
|
|t:|1758250919
|move|p2a: Landorus|Earthquake|p1a: Blastoise
|-damage|p1a: Blastoise|0 fnt
|faint|p1a: Blastoise
|
|upkeep
|
|t:|1758250924
|switch|p1a: Lokix|Lokix, F|100/100
|turn|20
|
|t:|1758250928
|switch|p2a: Volcanion|Volcanion|75/100
|move|p1a: Lokix|Swords Dance|p1a: Lokix
|-boost|p1a: Lokix|atk|2
|
|upkeep
|turn|21
|
|t:|1758250935
|move|p1a: Lokix|Axe Kick|p2a: Volcanion
|-damage|p2a: Volcanion|16/100
|move|p2a: Volcanion|Will-O-Wisp|p1a: Lokix|[miss]
|-miss|p2a: Volcanion|p1a: Lokix
|
|upkeep
|turn|22
|
|t:|1758250942
|move|p1a: Lokix|Leech Life|p2a: Volcanion
|-resisted|p2a: Volcanion
|-damage|p2a: Volcanion|0 fnt
|faint|p2a: Volcanion
|
|upkeep
|
|t:|1758250948
|switch|p2a: Landorus|Landorus-Therian, M|70/100
|-ability|p2a: Landorus|Intimidate|boost
|-unboost|p1a: Lokix|atk|1
|turn|23
|
|t:|1758250953
|move|p2a: Landorus|Stone Edge|p1a: Lokix
|-supereffective|p1a: Lokix
|-damage|p1a: Lokix|6/100
|move|p1a: Lokix|Swords Dance|p1a: Lokix
|-boost|p1a: Lokix|atk|2
|
|upkeep
|turn|24
|
|t:|1758250960
|move|p1a: Lokix|Sucker Punch|p2a: Landorus
|-damage|p2a: Landorus|0 fnt
|faint|p2a: Landorus
|
|upkeep
|
|t:|1758250964
|switch|p2a: Samurott|Samurott-Hisui, M|100/100
|-activate|p2a: Samurott|move: Sticky Web
|-unboost|p2a: Samurott|spe|1
|turn|25
|
|t:|1758250969
|move|p1a: Lokix|Sucker Punch|p2a: Samurott
|-resisted|p2a: Samurott
|-damage|p2a: Samurott|8/100
|move|p2a: Samurott|Sucker Punch||[still]
|-fail|p2a: Samurott
|
|upkeep
|turn|26
|
|t:|1758250975
|move|p1a: Lokix|Sucker Punch|p2a: Samurott
|-resisted|p2a: Samurott
|-crit|p2a: Samurott
|-damage|p2a: Samurott|0 fnt
|faint|p2a: Samurott
|
|upkeep
|
|t:|1758250977
|switch|p2a: Gholdengo|Gholdengo|100/100
|-item|p2a: Gholdengo|Air Balloon
|turn|27
|
|t:|1758250989
|move|p2a: Gholdengo|Make It Rain|p1a: Lokix
|-damage|p1a: Lokix|0 fnt
|-unboost|p2a: Gholdengo|spa|1
|faint|p1a: Lokix
|
|upkeep
|
|t:|1758250995
|switch|p1a: Fezandipiti|Fezandipiti, M|73/100 brn
|turn|28
|
|t:|1758250999
|move|p2a: Gholdengo|Make It Rain|p1a: Fezandipiti
|-supereffective|p1a: Fezandipiti
|-damage|p1a: Fezandipiti|27/100 brn
|-unboost|p2a: Gholdengo|spa|1
|move|p1a: Fezandipiti|Heat Wave|p2a: Gholdengo
|-supereffective|p2a: Gholdengo
|-damage|p2a: Gholdengo|70/100
|-enditem|p2a: Gholdengo|Air Balloon
|
|-heal|p1a: Fezandipiti|33/100 brn|[from] item: Leftovers
|-damage|p1a: Fezandipiti|27/100 brn|[from] brn
|upkeep
|turn|29
|
|t:|1758251012
|move|p2a: Gholdengo|Make It Rain|p1a: Fezandipiti
|-supereffective|p1a: Fezandipiti
|-damage|p1a: Fezandipiti|0 fnt
|-unboost|p2a: Gholdengo|spa|1
|faint|p1a: Fezandipiti
|
|win|Mightyeena
|raw|Aggrhy's rating: 1351 &rarr; <strong>1328</strong><br />(-23 for losing)
|raw|Mightyeena's rating: 1293 &rarr; <strong>1322</strong><br />(+29 for winning)
|l|☆Aggrhy
|player|p1|
|l|☆Mightyeena
|player|p2|
