|j|☆idonteatpets
|j|☆yang_en_ze
|t:|1758336281
|gametype|singles
|player|p1|idonteatpets|170|1163
|player|p2|yang_en_ze|cynthia-gen4|1142
|gen|9
|tier|[Gen 9] OU
|rated|
|rule|HP Percentage Mod: HP is shown in percentages
|rule|Endless Battle Clause: Forcing endless battles is banned
|rule|Species Clause: Limit one of each Pokémon
|rule|OHKO Clause: OHKO moves are banned
|rule|Evasion Items Clause: Evasion items are banned
|rule|Evasion Moves Clause: Evasion moves are banned
|rule|Evasion Abilities Clause: Evasion abilities are banned
|rule|Sleep Moves Clause: Sleep-inducing moves are banned
|clearpoke
|poke|p1|Glimmora, M|
|poke|p1|Iron Valiant|
|poke|p1|Kingambit, F|
|poke|p1|Indeedee-F, F|
|poke|p1|Polteageist-Antique|
|poke|p1|Walking Wake|
|poke|p2|Dragapult, F|
|poke|p2|Raging Bolt|
|poke|p2|Dondozo, M|
|poke|p2|Glimmora, F|
|poke|p2|Ogerpon-Wellspring, F|
|poke|p2|Landorus-Therian, M|
|teampreview
|c|☆idonteatpets|hi
|
|t:|1758336296
|teamsize|p1|6
|teamsize|p2|6
|start
|switch|p1a: Indeedee|Indeedee-F, F|100/100
|switch|p2a: Ogerpon|Ogerpon-Wellspring, F|100/100
|-fieldstart|move: Psychic Terrain|[from] ability: Psychic Surge|[of] p1a: Indeedee
|turn|1
|
|t:|1758336309
|move|p2a: Ogerpon|Encore||[still]
|-fail|p2a: Ogerpon
|move|p1a: Indeedee|Healing Wish|p1a: Indeedee
|faint|p1a: Indeedee
|
|upkeep
|
|t:|1758336343
|switch|p1a: Glimmora|Glimmora, M|100/100
|turn|2
|
|t:|1758336355
|switch|p1a: Polteageist|Polteageist-Antique|100/100
|-terastallize|p2a: Ogerpon|Water
|detailschange|p2a: Ogerpon|Ogerpon-Wellspring-Tera, F, tera:Water
|-ability|p2a: Ogerpon|Embody Aspect (Wellspring)|boost
|-boost|p2a: Ogerpon|spd|1
|move|p2a: Ogerpon|Ivy Cudgel|p1a: Polteageist|[anim] Ivy Cudgel Water
|-enditem|p1a: Polteageist|Focus Sash
|-damage|p1a: Polteageist|1/100
|-ability|p1a: Polteageist|Weak Armor|boost
|-unboost|p1a: Polteageist|def|1
|-boost|p1a: Polteageist|spe|2
|
|upkeep
|turn|3
|
|t:|1758336374
|move|p1a: Polteageist|Psyshock|p2a: Ogerpon
|-damage|p2a: Ogerpon|58/100
|move|p2a: Ogerpon|Play Rough|p1a: Polteageist
|-damage|p1a: Polteageist|0 fnt
|faint|p1a: Polteageist
|
|upkeep
|
|t:|1758336397
|switch|p1a: Glimmora|Glimmora, M|100/100
|turn|4
|
|t:|1758336403
|move|p1a: Glimmora|Stealth Rock|p2a: Ogerpon
|-sidestart|p2: yang_en_ze|move: Stealth Rock
|move|p2a: Ogerpon|Ivy Cudgel|p1a: Glimmora|[anim] Ivy Cudgel Water
|-supereffective|p1a: Glimmora
|-enditem|p1a: Glimmora|Focus Sash
|-damage|p1a: Glimmora|1/100
|-activate|p1a: Glimmora|ability: Toxic Debris
|-sidestart|p2: yang_en_ze|move: Toxic Spikes
|
|upkeep
|turn|5
|
|t:|1758336418
|move|p1a: Glimmora|Spiky Shield|p1a: Glimmora
|-singleturn|p1a: Glimmora|move: Protect
|move|p2a: Ogerpon|Play Rough|p1a: Glimmora
|-activate|p1a: Glimmora|move: Protect
|-damage|p2a: Ogerpon|46/100|[from] Spiky Shield|[of] p1a: Glimmora
|
|upkeep
|turn|6
|
|t:|1758336427
|move|p1a: Glimmora|Sludge Bomb|p2a: Ogerpon
|-damage|p2a: Ogerpon|9/100
|move|p2a: Ogerpon|Play Rough|p1a: Glimmora
|-resisted|p1a: Glimmora
|-damage|p1a: Glimmora|0 fnt
|-activate|p1a: Glimmora|ability: Toxic Debris
|-sidestart|p2: yang_en_ze|move: Toxic Spikes
|faint|p1a: Glimmora
|
|upkeep
|
|t:|1758336442
|switch|p1a: Walking Wake|Walking Wake|100/100
|turn|7
|
|t:|1758336445
|move|p1a: Walking Wake|Hydro Steam|p2a: Ogerpon
|-resisted|p2a: Ogerpon
|-damage|p2a: Ogerpon|0 fnt
|faint|p2a: Ogerpon
|detailschange|p2: Ogerpon|Ogerpon-Wellspring, F|[silent]
|
|upkeep
|
|t:|1758336458
|switch|p2a: Dondozo|Dondozo, M|100/100
|-damage|p2a: Dondozo|88/100|[from] Stealth Rock
|-status|p2a: Dondozo|tox
|turn|8
|
|t:|1758336466
|move|p1a: Walking Wake|Hydro Steam|p2a: Dondozo
|-resisted|p2a: Dondozo
|-damage|p2a: Dondozo|57/100 tox
|move|p2a: Dondozo|Curse|p2a: Dondozo
|-unboost|p2a: Dondozo|spe|1
|-boost|p2a: Dondozo|atk|1
|-boost|p2a: Dondozo|def|1
|
|-heal|p2a: Dondozo|64/100 tox|[from] item: Leftovers
|-damage|p2a: Dondozo|57/100 tox|[from] psn
|-fieldend|move: Psychic Terrain
|upkeep
|turn|9
|
|t:|1758336479
|move|p2a: Dondozo|Protect|p2a: Dondozo
|-singleturn|p2a: Dondozo|Protect
|move|p1a: Walking Wake|Hydro Steam|p2a: Dondozo
|-activate|p2a: Dondozo|move: Protect
|
|-heal|p2a: Dondozo|64/100 tox|[from] item: Leftovers
|-damage|p2a: Dondozo|51/100 tox|[from] psn
|upkeep
|turn|10
|
|t:|1758336505
|-terastallize|p1a: Walking Wake|Water
|move|p1a: Walking Wake|Hydro Steam|p2a: Dondozo
|-resisted|p2a: Dondozo
|-damage|p2a: Dondozo|8/100 tox
|move|p2a: Dondozo|Earthquake|p1a: Walking Wake
|-damage|p1a: Walking Wake|53/100
|
|-heal|p2a: Dondozo|14/100 tox|[from] item: Leftovers
|-damage|p2a: Dondozo|0 fnt|[from] psn
|faint|p2a: Dondozo
|upkeep
|
|t:|1758336522
|switch|p2a: Dragapult|Dragapult, F, shiny|100/100
|-damage|p2a: Dragapult|88/100|[from] Stealth Rock
|-status|p2a: Dragapult|tox
|turn|11
|
|t:|1758336533
|-end|p1a: Walking Wake|Protosynthesis|[silent]
|switch|p1a: Iron Valiant|Iron Valiant|100/100
|-enditem|p1a: Iron Valiant|Booster Energy
|-activate|p1a: Iron Valiant|ability: Quark Drive|[fromitem]
|-start|p1a: Iron Valiant|quarkdrivespe
|move|p2a: Dragapult|Dragon Dance|p2a: Dragapult
|-boost|p2a: Dragapult|atk|1
|-boost|p2a: Dragapult|spe|1
|
|-damage|p2a: Dragapult|82/100 tox|[from] psn
|upkeep
|turn|12
|
|t:|1758336548
|move|p2a: Dragapult|Phantom Force||[still]
|-prepare|p2a: Dragapult|Phantom Force
|move|p1a: Iron Valiant|Spirit Break|p2a: Dragapult|[miss]
|-miss|p1a: Iron Valiant|p2a: Dragapult
|
|-damage|p2a: Dragapult|70/100 tox|[from] psn
|upkeep
|turn|13
|
|t:|1758336592
|move|p2a: Dragapult|Phantom Force|p1a: Iron Valiant|[from] lockedmove
|-damage|p1a: Iron Valiant|0 fnt
|faint|p1a: Iron Valiant
|-end|p1a: Iron Valiant|Quark Drive|[silent]
|-damage|p2a: Dragapult|60/100 tox|[from] item: Life Orb
|
|-damage|p2a: Dragapult|42/100 tox|[from] psn
|upkeep
|
|t:|1758336603
|switch|p1a: Kingambit|Kingambit, F|100/100
|-activate|p1a: Kingambit|ability: Supreme Overlord
|-start|p1a: Kingambit|fallen4|[silent]
|turn|14
|
|t:|1758336610
|switch|p2a: Landorus|Landorus-Therian, M|100/100
|-damage|p2a: Landorus|88/100|[from] Stealth Rock
|-ability|p2a: Landorus|Intimidate|boost
|-unboost|p1a: Kingambit|atk|1
|move|p1a: Kingambit|Swords Dance|p1a: Kingambit
|-boost|p1a: Kingambit|atk|2
|
|upkeep
|turn|15
|
|t:|1758336621
|move|p1a: Kingambit|Sucker Punch|p2a: Landorus
|-damage|p2a: Landorus|5/100
|move|p2a: Landorus|Earthquake|p1a: Kingambit
|-supereffective|p1a: Kingambit
|-damage|p1a: Kingambit|11/100
|
|-heal|p1a: Kingambit|18/100|[from] item: Leftovers
|upkeep
|turn|16
|
|t:|1758336633
|switch|p2a: Raging Bolt|Raging Bolt|100/100
|-damage|p2a: Raging Bolt|88/100|[from] Stealth Rock
|-status|p2a: Raging Bolt|tox
|-enditem|p2a: Raging Bolt|Booster Energy
|-activate|p2a: Raging Bolt|ability: Protosynthesis|[fromitem]
|-start|p2a: Raging Bolt|protosynthesisspa
|move|p1a: Kingambit|Sucker Punch||[still]
|-fail|p1a: Kingambit
|
|-heal|p1a: Kingambit|24/100|[from] item: Leftovers
|-damage|p2a: Raging Bolt|82/100 tox|[from] psn
|upkeep
|turn|17
|
|t:|1758336648
|move|p2a: Raging Bolt|Thunderclap|p1a: Kingambit
|-damage|p1a: Kingambit|0 fnt
|faint|p1a: Kingambit
|-end|p1a: Kingambit|fallen4|[silent]
|
|-damage|p2a: Raging Bolt|70/100 tox|[from] psn
|upkeep
|
|t:|1758336653
|switch|p1a: Walking Wake|Walking Wake, tera:Water|53/100
|-heal|p1a: Walking Wake|100/100|[from] move: Healing Wish
|turn|18
|c|☆idonteatpets|what
|c|☆idonteatpets|how
|c|☆idonteatpets|what is this lol
|c|☆idonteatpets|???
|
|t:|1758336686
|move|p2a: Raging Bolt|Thunderclap|p1a: Walking Wake
|-supereffective|p1a: Walking Wake
|-damage|p1a: Walking Wake|0 fnt
|faint|p1a: Walking Wake
|-end|p1a: Walking Wake|Protosynthesis|[silent]
|
|win|yang_en_ze
|raw|idonteatpets's rating: 1163 &rarr; <strong>1136</strong><br />(-27 for losing)
|raw|yang_en_ze's rating: 1142 &rarr; <strong>1169</strong><br />(+27 for winning)
|l|☆yang_en_ze
|player|p2|
