|j|☆llr6236
|j|☆mysnakeissolid24
|t:|1758324552
|gametype|singles
|player|p1|llr6236|allister|1191
|player|p2|mysnakeissolid24|265|1238
|gen|9
|tier|[Gen 9] OU
|rated|
|rule|HP Percentage Mod: HP is shown in percentages
|rule|Endless Battle Clause: Forcing endless battles is banned
|rule|Species Clause: Limit one of each Pokémon
|rule|OHKO Clause: OHKO moves are banned
|rule|Evasion Items Clause: Evasion items are banned
|rule|Evasion Moves Clause: Evasion moves are banned
|rule|Evasion Abilities Clause: Evasion abilities are banned
|rule|Sleep Moves Clause: Sleep-inducing moves are banned
|clearpoke
|poke|p1|Ceruledge, M|
|poke|p1|Goodra-Hisui, F|
|poke|p1|Electivire, M|
|poke|p1|Flapple, F|
|poke|p1|Suicune|
|poke|p1|Lilligant, F|
|poke|p2|Gholdengo|
|poke|p2|Zamazenta-*|
|poke|p2|Garchomp, M|
|poke|p2|Zapdos|
|poke|p2|Heatran, F|
|poke|p2|Ogerpon-Wellspring, F|
|teampreview
|inactive|Battle timer is ON: inactive players will automatically lose when time's up. (requested by llr6236)
|
|t:|1758324563
|teamsize|p1|6
|teamsize|p2|6
|start
|switch|p1a: Green apple🍏|Flapple, F, shiny|100/100
|switch|p2a: Heatran|Heatran, F|100/100
|turn|1
|
|t:|1758324569
|move|p1a: Green apple🍏|Dragon Dance|p1a: Green apple🍏
|-boost|p1a: Green apple🍏|atk|1
|-boost|p1a: Green apple🍏|spe|1
|move|p2a: Heatran|Magma Storm|p1a: Green apple🍏|[miss]
|-miss|p2a: Heatran|p1a: Green apple🍏
|
|upkeep
|turn|2
|
|t:|1758324581
|move|p1a: Green apple🍏|Outrage|p2a: Heatran
|-resisted|p2a: Heatran
|-damage|p2a: Heatran|27/100
|move|p2a: Heatran|Magma Storm|p1a: Green apple🍏|[miss]
|-miss|p2a: Heatran|p1a: Green apple🍏
|
|-heal|p2a: Heatran|33/100|[from] item: Leftovers
|upkeep
|turn|3
|
|t:|1758324587
|move|p1a: Green apple🍏|Outrage|p2a: Heatran|[from] lockedmove
|-resisted|p2a: Heatran
|-damage|p2a: Heatran|0 fnt
|faint|p2a: Heatran
|
|upkeep
|
|t:|1758324590
|switch|p2a: Gholdengo|Gholdengo|100/100
|-item|p2a: Gholdengo|Air Balloon
|turn|4
|
|t:|1758324594
|move|p1a: Green apple🍏|Outrage|p2a: Gholdengo|[from] lockedmove
|-resisted|p2a: Gholdengo
|-damage|p2a: Gholdengo|50/100
|-enditem|p2a: Gholdengo|Air Balloon
|-start|p1a: Green apple🍏|confusion|[fatigue]
|move|p2a: Gholdengo|Thunder Wave|p1a: Green apple🍏
|-status|p1a: Green apple🍏|par
|
|upkeep
|turn|5
|
|t:|1758324602
|move|p2a: Gholdengo|Recover|p2a: Gholdengo
|-heal|p2a: Gholdengo|100/100
|-activate|p1a: Green apple🍏|confusion
|-damage|p1a: Green apple🍏|70/100 par|[from] confusion
|
|upkeep
|turn|6
|
|t:|1758324605
|move|p2a: Gholdengo|Hex|p1a: Green apple🍏
|-damage|p1a: Green apple🍏|0 fnt
|faint|p1a: Green apple🍏
|
|upkeep
|
|t:|1758324609
|switch|p1a: Flower🌺|Lilligant, F, shiny|100/100
|turn|7
|
|t:|1758324614
|move|p1a: Flower🌺|Quiver Dance|p1a: Flower🌺
|-boost|p1a: Flower🌺|spa|1
|-boost|p1a: Flower🌺|spd|1
|-boost|p1a: Flower🌺|spe|1
|move|p2a: Gholdengo|Thunder Wave|p1a: Flower🌺|[miss]
|-miss|p2a: Gholdengo|p1a: Flower🌺
|
|upkeep
|turn|8
|
|t:|1758324621
|move|p1a: Flower🌺|Petal Dance|p2a: Gholdengo
|-resisted|p2a: Gholdengo
|-damage|p2a: Gholdengo|40/100
|-damage|p1a: Flower🌺|91/100|[from] item: Life Orb
|move|p2a: Gholdengo|Thunder Wave|p1a: Flower🌺
|-status|p1a: Flower🌺|par
|
|upkeep
|turn|9
|
|t:|1758324632
|move|p2a: Gholdengo|Hex|p1a: Flower🌺
|-damage|p1a: Flower🌺|33/100 par
|move|p1a: Flower🌺|Petal Dance|p2a: Gholdengo|[from] lockedmove
|-resisted|p2a: Gholdengo
|-damage|p2a: Gholdengo|0 fnt
|faint|p2a: Gholdengo
|-damage|p1a: Flower🌺|23/100 par|[from] item: Life Orb
|
|upkeep
|
|t:|1758324638
|switch|p2a: Zapdos|Zapdos|100/100
|turn|10
|c|☆llr6236|Holy Thuder wave spam
|
|t:|1758324648
|move|p2a: Zapdos|Heat Wave|p1a: Flower🌺|[miss]
|-miss|p2a: Zapdos|p1a: Flower🌺
|move|p1a: Flower🌺|Petal Dance|p2a: Zapdos|[from] lockedmove
|-resisted|p2a: Zapdos
|-crit|p2a: Zapdos
|-damage|p2a: Zapdos|0 fnt
|faint|p2a: Zapdos
|-damage|p1a: Flower🌺|13/100 par|[from] item: Life Orb
|
|upkeep
|-message|mysnakeissolid24 forfeited.
|
|win|llr6236
|raw|llr6236's rating: 1191 &rarr; <strong>1219</strong><br />(+28 for winning)
|raw|mysnakeissolid24's rating: 1238 &rarr; <strong>1210</strong><br />(-28 for losing)
|l|☆mysnakeissolid24
|player|p2|
|l|☆llr6236
|player|p1|
