|badge|p2|silver|gen9ru|30-6
|uhtml|medal-msg|<div class="broadcast-blue">Curious what those medals under the avatar are? PS now has Ladder Seasons! For more information, check out the <a href="https://www.smogon.com/forums/threads/3740067/">thread on Smogon.</a></div>
|j|☆Rhyenn
|j|☆somepepper
|t:|1758335122
|gametype|singles
|player|p1|Rhyenn|infielder|1331
|player|p2|somepepper|scientist|1283
|gen|9
|tier|[Gen 9] OU
|rated|
|rule|HP Percentage Mod: HP is shown in percentages
|rule|Endless Battle Clause: Forcing endless battles is banned
|rule|Species Clause: Limit one of each Pokémon
|rule|OHKO Clause: OHKO moves are banned
|rule|Evasion Items Clause: Evasion items are banned
|rule|Evasion Moves Clause: Evasion moves are banned
|rule|Evasion Abilities Clause: Evasion abilities are banned
|rule|Sleep Moves Clause: Sleep-inducing moves are banned
|clearpoke
|poke|p1|Zamazenta-*|
|poke|p1|Hoopa-Unbound|
|poke|p1|Iron Moth|
|poke|p1|Kingambit, M|
|poke|p1|Hatterene, F|
|poke|p1|Great Tusk|
|poke|p2|Gardevoir, F|
|poke|p2|Greninja-*, M|
|poke|p2|Blaziken, M|
|poke|p2|Shiftry, M|
|poke|p2|Banette, M|
|poke|p2|Bisharp, M|
|teampreview
|inactive|Battle timer is ON: inactive players will automatically lose when time's up. (requested by Rhyenn)
|
|t:|1758335142
|teamsize|p1|6
|teamsize|p2|6
|start
|switch|p1a: Act 4|Great Tusk|100/100
|switch|p2a: Shane|Greninja, M|100/100
|turn|1
|
|t:|1758335172
|-end|p1a: Act 4|Protosynthesis|[silent]
|switch|p1a: HoopThereItIs|Hoopa-Unbound|100/100
|move|p2a: Shane|Surf|p1a: HoopThereItIs
|-start|p2a: Shane|typechange|Water|[from] ability: Protean
|-damage|p1a: HoopThereItIs|75/100
|
|upkeep
|turn|2
|
|t:|1758335185
|switch|p2a: Mindy|Gardevoir, F|100/100
|-ability|p2a: Mindy|Magician|Trace|[from] ability: Trace|[of] p1a: HoopThereItIs
|move|p1a: HoopThereItIs|Thunderbolt|p2a: Mindy
|-damage|p2a: Mindy|80/100
|
|upkeep
|turn|3
|
|t:|1758335200
|move|p1a: HoopThereItIs|Knock Off|p2a: Mindy
|-damage|p2a: Mindy|0 fnt
|-enditem|p2a: Mindy|Assault Vest|[from] move: Knock Off|[of] p1a: HoopThereItIs
|faint|p2a: Mindy
|
|upkeep
|
|t:|1758335211
|switch|p2a: Shane|Greninja, M|100/100
|turn|4
|
|t:|1758335223
|move|p2a: Shane|U-turn|p1a: HoopThereItIs
|-start|p2a: Shane|typechange|Bug|[from] ability: Protean
|-supereffective|p1a: HoopThereItIs
|-damage|p1a: HoopThereItIs|0 fnt
|faint|p1a: HoopThereItIs
|
|t:|1758335229
|switch|p2a: Victor|Banette, M|100/100|[from] U-turn
|
|upkeep
|
|t:|1758335243
|switch|p1a: Show Gun|Kingambit, M, shiny|100/100
|-activate|p1a: Show Gun|ability: Supreme Overlord
|-start|p1a: Show Gun|fallen1|[silent]
|turn|5
|
|t:|1758335249
|switch|p2a: Percy|Bisharp, M|100/100
|move|p1a: Show Gun|Kowtow Cleave|p2a: Percy
|-resisted|p2a: Percy
|-damage|p2a: Percy|81/100
|
|upkeep
|turn|6
|
|t:|1758335259
|move|p2a: Percy|Low Kick|p1a: Show Gun
|-supereffective|p1a: Show Gun
|-damage|p1a: Show Gun|10/100
|move|p1a: Show Gun|Swords Dance|p1a: Show Gun
|-boost|p1a: Show Gun|atk|2
|
|-heal|p1a: Show Gun|17/100|[from] item: Leftovers
|upkeep
|turn|7
|
|t:|1758335280
|-terastallize|p1a: Show Gun|Ghost
|move|p2a: Percy|Iron Head|p1a: Show Gun
|-damage|p1a: Show Gun|0 fnt
|faint|p1a: Show Gun
|-end|p1a: Show Gun|fallen1|[silent]
|
|upkeep
|
|t:|1758335288
|switch|p1a: Motthew|Iron Moth|100/100
|turn|8
|
|t:|1758335299
|move|p2a: Percy|Sucker Punch|p1a: Motthew
|-crit|p1a: Motthew
|-damage|p1a: Motthew|20/100
|move|p1a: Motthew|Fiery Dance|p2a: Percy
|-supereffective|p2a: Percy
|-damage|p2a: Percy|23/100
|-boost|p1a: Motthew|spa|1
|
|upkeep
|turn|9
|
|t:|1758335310
|-end|p1a: Motthew|Quark Drive|[silent]
|switch|p1a: Act 4|Great Tusk|100/100
|move|p2a: Percy|Sucker Punch||[still]
|-fail|p2a: Percy
|
|upkeep
|turn|10
|
|t:|1758335317
|move|p1a: Act 4|Stealth Rock|p2a: Percy
|-sidestart|p2: somepepper|move: Stealth Rock
|move|p2a: Percy|Iron Head|p1a: Act 4
|-damage|p1a: Act 4|77/100
|
|upkeep
|turn|11
|
|t:|1758335324
|move|p1a: Act 4|Rapid Spin|p2a: Percy
|-resisted|p2a: Percy
|-crit|p2a: Percy
|-damage|p2a: Percy|14/100
|-boost|p1a: Act 4|spe|1
|move|p2a: Percy|Iron Head|p1a: Act 4
|-damage|p1a: Act 4|51/100
|
|upkeep
|turn|12
|
|t:|1758335333
|move|p2a: Percy|Sucker Punch|p1a: Act 4
|-resisted|p1a: Act 4
|-damage|p1a: Act 4|40/100
|move|p1a: Act 4|Rapid Spin|p2a: Percy
|-resisted|p2a: Percy
|-damage|p2a: Percy|7/100
|-boost|p1a: Act 4|spe|1
|
|upkeep
|turn|13
|
|t:|1758335342
|move|p2a: Percy|Sucker Punch|p1a: Act 4
|-resisted|p1a: Act 4
|-damage|p1a: Act 4|28/100
|move|p1a: Act 4|Rapid Spin|p2a: Percy
|-resisted|p2a: Percy
|-damage|p2a: Percy|1/100
|-boost|p1a: Act 4|spe|1
|
|upkeep
|turn|14
|
|t:|1758335350
|move|p2a: Percy|Sucker Punch|p1a: Act 4
|-resisted|p1a: Act 4
|-damage|p1a: Act 4|18/100
|move|p1a: Act 4|Rapid Spin|p2a: Percy
|-resisted|p2a: Percy
|-crit|p2a: Percy
|-damage|p2a: Percy|0 fnt
|-boost|p1a: Act 4|spe|1
|faint|p2a: Percy
|
|upkeep
|
|t:|1758335361
|switch|p2a: Colin|Shiftry, M|100/100
|-damage|p2a: Colin|88/100|[from] Stealth Rock
|turn|15
|
|t:|1758335365
|-terastallize|p2a: Colin|Poison
|move|p1a: Act 4|Ice Spinner|p2a: Colin
|-damage|p2a: Colin|62/100
|move|p2a: Colin|Defog|p1a: Act 4
|-unboost|p1a: Act 4|evasion|1
|-sideend|p2: somepepper|Stealth Rock|[from] move: Defog|[of] p2a: Colin
|
|-heal|p2a: Colin|69/100|[from] item: Leftovers
|upkeep
|turn|16
|
|t:|1758335376
|move|p2a: Colin|Protect|p2a: Colin
|-singleturn|p2a: Colin|Protect
|move|p1a: Act 4|Headlong Rush|p2a: Colin
|-activate|p2a: Colin|move: Protect
|
|-heal|p2a: Colin|75/100|[from] item: Leftovers
|upkeep
|turn|17
|
|t:|1758335384
|move|p1a: Act 4|Headlong Rush|p2a: Colin
|-supereffective|p2a: Colin
|-damage|p2a: Colin|0 fnt
|-unboost|p1a: Act 4|def|1
|-unboost|p1a: Act 4|spd|1
|faint|p2a: Colin
|
|upkeep
|
|t:|1758335394
|switch|p2a: Victor|Banette, M|100/100
|-item|p1a: Act 4|Heavy-Duty Boots|[from] ability: Frisk|[of] p2a: Victor
|turn|18
|
|t:|1758335408
|move|p2a: Victor|Sucker Punch|p1a: Act 4
|-resisted|p1a: Act 4
|-damage|p1a: Act 4|4/100
|move|p1a: Act 4|Headlong Rush|p2a: Victor
|-enditem|p2a: Victor|Focus Sash
|-damage|p2a: Victor|1/100
|-unboost|p1a: Act 4|def|1
|-unboost|p1a: Act 4|spd|1
|
|upkeep
|turn|19
|
|t:|1758335418
|move|p1a: Act 4|Stealth Rock|p2a: Victor
|-sidestart|p2: somepepper|move: Stealth Rock
|move|p2a: Victor|Curse|p1a: Act 4
|-start|p1a: Act 4|Curse|[of] p2a: Victor
|-damage|p2a: Victor|0 fnt
|faint|p2a: Victor
|
|-damage|p1a: Act 4|0 fnt|[from] Curse
|faint|p1a: Act 4
|-end|p1a: Act 4|Protosynthesis|[silent]
|upkeep
|
|t:|1758335436
|switch|p1a: Hat Witch|Hatterene, F, shiny|100/100
|switch|p2a: Cole|Blaziken, M|100/100
|-damage|p2a: Cole|88/100|[from] Stealth Rock
|turn|20
|
|t:|1758335445
|move|p2a: Cole|Swords Dance|p2a: Cole
|-boost|p2a: Cole|atk|2
|move|p1a: Hat Witch|Healing Wish|p1a: Hat Witch
|faint|p1a: Hat Witch
|
|-ability|p2a: Cole|Speed Boost|boost
|-boost|p2a: Cole|spe|1
|upkeep
|
|t:|1758335454
|switch|p1a: Pinky|Zamazenta, shiny|100/100
|-ability|p1a: Pinky|Dauntless Shield|boost
|-boost|p1a: Pinky|def|1
|turn|21
|
|t:|1758335459
|move|p1a: Pinky|Substitute|p1a: Pinky
|-start|p1a: Pinky|Substitute
|-damage|p1a: Pinky|76/100
|move|p2a: Cole|Swords Dance|p2a: Cole
|-boost|p2a: Cole|atk|2
|
|-heal|p1a: Pinky|82/100|[from] item: Leftovers
|-ability|p2a: Cole|Speed Boost|boost
|-boost|p2a: Cole|spe|1
|upkeep
|turn|22
|
|t:|1758335470
|move|p2a: Cole|Close Combat|p1a: Pinky
|-end|p1a: Pinky|Substitute
|-unboost|p2a: Cole|def|1
|-unboost|p2a: Cole|spd|1
|move|p1a: Pinky|Body Press|p2a: Cole
|-damage|p2a: Cole|0 fnt
|faint|p2a: Cole
|
|-heal|p1a: Pinky|88/100|[from] item: Leftovers
|upkeep
|-message|somepepper forfeited.
|
|win|Rhyenn
|raw|Rhyenn's rating: 1331 &rarr; <strong>1348</strong><br />(+17 for winning)
|raw|somepepper's rating: 1283 &rarr; <strong>1261</strong><br />(-22 for losing)
|l|☆somepepper
|player|p2|
|l|☆Rhyenn
|player|p1|
