|j|☆Gil_Kenobi
|j|‽Moosehey
|t:|1758289255
|gametype|singles
|player|p1|Gil_Kenobi|n|1280
|player|p2|Moosehey|101|1239
|gen|9
|tier|[Gen 9] OU
|rated|
|rule|HP Percentage Mod: HP is shown in percentages
|rule|Endless Battle Clause: Forcing endless battles is banned
|rule|Species Clause: Limit one of each Pokémon
|rule|OHKO Clause: OHKO moves are banned
|rule|Evasion Items Clause: Evasion items are banned
|rule|Evasion Moves Clause: Evasion moves are banned
|rule|Evasion Abilities Clause: Evasion abilities are banned
|rule|Sleep Moves Clause: Sleep-inducing moves are banned
|clearpoke
|poke|p1|Galvantula, F|
|poke|p1|Samurott-Hisui, F|
|poke|p1|Kyurem|
|poke|p1|Mismagius, F|
|poke|p1|Cinderace, M|
|poke|p1|Thundurus, M|
|poke|p2|Jolteon, M|
|poke|p2|Ceruledge, F|
|poke|p2|Incineroar, F|
|poke|p2|Alomomola, F|
|poke|p2|Cinderace, M|
|poke|p2|Meowscarada, M|
|teampreview
|inactive|Battle timer is ON: inactive players will automatically lose when time's up. (requested by Gil_Kenobi)
|
|t:|1758289284
|teamsize|p1|6
|teamsize|p2|6
|start
|switch|p1a: Galvantula|Galvantula, F|100/100
|switch|p2a: Ceruledge|Ceruledge, F|100/100
|turn|1
|
|t:|1758289296
|move|p1a: Galvantula|Thunder|p2a: Ceruledge
|-damage|p2a: Ceruledge|42/100
|move|p2a: Ceruledge|Swords Dance|p2a: Ceruledge
|-boost|p2a: Ceruledge|atk|2
|
|upkeep
|turn|2
|
|t:|1758289304
|move|p1a: Galvantula|Thunder|p2a: Ceruledge|[miss]
|-miss|p1a: Galvantula|p2a: Ceruledge
|move|p2a: Ceruledge|Bitter Blade|p1a: Galvantula
|-supereffective|p1a: Galvantula
|-enditem|p1a: Galvantula|Focus Sash
|-damage|p1a: Galvantula|1/100
|-heal|p2a: Ceruledge|91/100|[from] drain|[of] p1a: Galvantula
|
|upkeep
|turn|3
|
|t:|1758289314
|move|p1a: Galvantula|Sticky Web|p2a: Ceruledge
|-sidestart|p2: Moosehey|move: Sticky Web
|move|p2a: Ceruledge|Bitter Blade|p1a: Galvantula
|-supereffective|p1a: Galvantula
|-damage|p1a: Galvantula|0 fnt
|-heal|p2a: Ceruledge|91/100|[from] drain|[of] p1a: Galvantula
|faint|p1a: Galvantula
|
|upkeep
|
|t:|1758289328
|switch|p1a: Samurott|Samurott-Hisui, F|100/100
|turn|4
|
|t:|1758289335
|move|p1a: Samurott|Aqua Cutter|p2a: Ceruledge
|-supereffective|p2a: Ceruledge
|-damage|p2a: Ceruledge|0 fnt
|faint|p2a: Ceruledge
|-damage|p1a: Samurott|91/100|[from] item: Life Orb
|
|upkeep
|
|t:|1758289343
|switch|p2a: Alomomola|Alomomola, F, shiny|100/100
|-activate|p2a: Alomomola|move: Sticky Web
|-unboost|p2a: Alomomola|spe|1
|turn|5
|
|t:|1758289347
|move|p1a: Samurott|Ceaseless Edge|p2a: Alomomola
|-damage|p2a: Alomomola|70/100
|-damage|p1a: Samurott|74/100|[from] item: Rocky Helmet|[of] p2a: Alomomola
|-sidestart|p2: Moosehey|Spikes
|-damage|p1a: Samurott|64/100|[from] item: Life Orb
|move|p2a: Alomomola|Whirlpool|p1a: Samurott
|-resisted|p1a: Samurott
|-damage|p1a: Samurott|60/100
|-activate|p1a: Samurott|move: Whirlpool|[of] p2a: Alomomola
|
|-damage|p1a: Samurott|47/100|[from] move: Whirlpool|[partiallytrapped]
|upkeep
|turn|6
|
|t:|1758289360
|move|p1a: Samurott|Ceaseless Edge|p2a: Alomomola
|-crit|p2a: Alomomola
|-damage|p2a: Alomomola|21/100
|-damage|p1a: Samurott|31/100|[from] item: Rocky Helmet|[of] p2a: Alomomola
|-sidestart|p2: Moosehey|Spikes
|-damage|p1a: Samurott|21/100|[from] item: Life Orb
|move|p2a: Alomomola|Wish|p2a: Alomomola
|
|-damage|p1a: Samurott|8/100|[from] move: Whirlpool|[partiallytrapped]
|upkeep
|turn|7
|
|t:|1758289371
|move|p2a: Alomomola|Protect|p2a: Alomomola
|-singleturn|p2a: Alomomola|Protect
|move|p1a: Samurott|Ceaseless Edge|p2a: Alomomola
|-activate|p2a: Alomomola|move: Protect
|
|-heal|p2a: Alomomola|71/100|[from] move: Wish|[wisher] Alomomola
|-damage|p1a: Samurott|0 fnt|[from] move: Whirlpool|[partiallytrapped]
|faint|p1a: Samurott
|upkeep
|inactive|Gil_Kenobi has 120 seconds left.
|
|t:|1758289403
|switch|p1a: Kyurem|Kyurem, shiny|100/100
|-ability|p1a: Kyurem|Pressure
|turn|8
|
|t:|1758289410
|move|p1a: Kyurem|Freeze-Dry|p2a: Alomomola
|-supereffective|p2a: Alomomola
|-damage|p2a: Alomomola|8/100
|move|p2a: Alomomola|Flip Turn|p1a: Kyurem
|-resisted|p1a: Kyurem
|-damage|p1a: Kyurem|94/100
|
|t:|1758289416
|switch|p2a: Cinderace|Cinderace, M|100/100|[from] Flip Turn
|
|upkeep
|turn|9
|
|t:|1758289423
|move|p2a: Cinderace|Court Change|p2a: Cinderace
|-start|p2a: Cinderace|typechange|Normal|[from] ability: Libero
|-swapsideconditions
|-activate|p2a: Cinderace|move: Court Change
|move|p1a: Kyurem|Dragon Dance|p1a: Kyurem
|-boost|p1a: Kyurem|atk|1
|-boost|p1a: Kyurem|spe|1
|
|upkeep
|turn|10
|
|t:|1758289439
|move|p1a: Kyurem|Scale Shot|p2a: Cinderace
|-damage|p2a: Cinderace|71/100
|-damage|p2a: Cinderace|42/100
|-damage|p2a: Cinderace|13/100
|-damage|p2a: Cinderace|0 fnt
|faint|p2a: Cinderace
|-hitcount|p2: Cinderace|4
|-unboost|p1a: Kyurem|def|1
|-boost|p1a: Kyurem|spe|1
|
|upkeep
|
|t:|1758289450
|switch|p2a: Incineroar|Incineroar, F|100/100
|-ability|p2a: Incineroar|Intimidate|boost
|-unboost|p1a: Kyurem|atk|1
|turn|11
|
|t:|1758289464
|switch|p1a: Thundurus|Thundurus, M|100/100
|move|p2a: Incineroar|Knock Off|p1a: Thundurus
|-damage|p1a: Thundurus|39/100
|-enditem|p1a: Thundurus|Leftovers|[from] move: Knock Off|[of] p2a: Incineroar
|
|upkeep
|turn|12
|
|t:|1758289474
|move|p1a: Thundurus|Discharge|p2a: Incineroar
|-damage|p2a: Incineroar|81/100
|move|p2a: Incineroar|U-turn|p1a: Thundurus
|-resisted|p1a: Thundurus
|-damage|p1a: Thundurus|25/100
|
|t:|1758289480
|switch|p2a: Jolteon|Jolteon, M|100/100|[from] U-turn
|
|-status|p2a: Jolteon|brn|[from] item: Flame Orb
|upkeep
|turn|13
|
|t:|1758289486
|move|p2a: Jolteon|Thunderbolt|p1a: Thundurus
|-damage|p1a: Thundurus|0 fnt
|faint|p1a: Thundurus
|
|-damage|p2a: Jolteon|95/100 brn|[from] brn
|upkeep
|
|t:|1758289490
|switch|p1a: Cinderace|Cinderace, M|100/100
|turn|14
|
|t:|1758289496
|move|p2a: Jolteon|Volt Switch|p1a: Cinderace
|-damage|p1a: Cinderace|58/100
|
|t:|1758289500
|switch|p2a: Alomomola|Alomomola, F, shiny|42/100|[from] Volt Switch
|move|p1a: Cinderace|Court Change|p1a: Cinderace
|-start|p1a: Cinderace|typechange|Normal|[from] ability: Libero
|-swapsideconditions
|-activate|p1a: Cinderace|move: Court Change
|
|upkeep
|turn|15
|
|t:|1758289512
|switch|p1a: Kyurem|Kyurem, shiny|94/100
|-ability|p1a: Kyurem|Pressure
|move|p2a: Alomomola|Whirlpool|p1a: Kyurem
|-resisted|p1a: Kyurem
|-damage|p1a: Kyurem|91/100
|-activate|p1a: Kyurem|move: Whirlpool|[of] p2a: Alomomola
|
|-damage|p1a: Kyurem|78/100|[from] move: Whirlpool|[partiallytrapped]
|upkeep
|turn|16
|
|t:|1758289523
|move|p2a: Alomomola|Protect|p2a: Alomomola
|-singleturn|p2a: Alomomola|Protect
|move|p1a: Kyurem|Freeze-Dry|p2a: Alomomola
|-activate|p2a: Alomomola|move: Protect
|
|-damage|p1a: Kyurem|66/100|[from] move: Whirlpool|[partiallytrapped]
|upkeep
|turn|17
|
|t:|1758289534
|switch|p2a: Incineroar|Incineroar, F|81/100
|-activate|p2a: Incineroar|move: Sticky Web
|-unboost|p2a: Incineroar|spe|1
|-damage|p2a: Incineroar|65/100|[from] Spikes
|-ability|p2a: Incineroar|Intimidate|boost
|-unboost|p1a: Kyurem|atk|1
|move|p1a: Kyurem|Freeze-Dry|p2a: Incineroar
|-resisted|p2a: Incineroar
|-damage|p2a: Incineroar|59/100
|
|-end|p1a: Kyurem|Whirlpool|[partiallytrapped]|[silent]
|upkeep
|turn|18
|
|t:|1758289548
|switch|p1a: Cinderace|Cinderace, M|58/100
|move|p2a: Incineroar|Flare Blitz|p1a: Cinderace
|-resisted|p1a: Cinderace
|-damage|p1a: Cinderace|24/100
|-damage|p2a: Incineroar|50/100|[from] Recoil
|
|upkeep
|turn|19
|
|t:|1758289572
|move|p1a: Cinderace|High Jump Kick|p2a: Incineroar
|-start|p1a: Cinderace|typechange|Fighting|[from] ability: Libero
|-supereffective|p2a: Incineroar
|-damage|p2a: Incineroar|0 fnt
|faint|p2a: Incineroar
|
|upkeep
|
|t:|1758289579
|switch|p2a: Meowscarada|Meowscarada, M|100/100
|-activate|p2a: Meowscarada|move: Sticky Web
|-unboost|p2a: Meowscarada|spe|1
|-damage|p2a: Meowscarada|84/100|[from] Spikes
|turn|20
|
|t:|1758289589
|move|p2a: Meowscarada|Triple Axel|p1a: Cinderace|[miss]
|-start|p2a: Meowscarada|typechange|Ice|[from] ability: Protean
|-miss|p2a: Meowscarada|p1a: Cinderace
|move|p1a: Cinderace|High Jump Kick|p2a: Meowscarada|[miss]
|-miss|p1a: Cinderace|p2a: Meowscarada
|-damage|p1a: Cinderace|0 fnt|[from] highjumpkick
|faint|p1a: Cinderace
|
|upkeep
|
|t:|1758289598
|switch|p1a: Kyurem|Kyurem, shiny|66/100
|-ability|p1a: Kyurem|Pressure
|turn|21
|
|t:|1758289603
|move|p2a: Meowscarada|Triple Axel|p1a: Kyurem
|-damage|p1a: Kyurem|56/100
|-crit|p1a: Kyurem
|-damage|p1a: Kyurem|31/100
|-damage|p1a: Kyurem|3/100
|-hitcount|p1a: Kyurem|3
|move|p1a: Kyurem|Scale Shot|p2a: Meowscarada
|-damage|p2a: Meowscarada|63/100
|-damage|p2a: Meowscarada|42/100
|-damage|p2a: Meowscarada|21/100
|-damage|p2a: Meowscarada|0 fnt
|faint|p2a: Meowscarada
|-hitcount|p2: Meowscarada|4
|-unboost|p1a: Kyurem|def|1
|-boost|p1a: Kyurem|spe|1
|
|upkeep
|
|t:|1758289619
|switch|p2a: Alomomola|Alomomola, F, shiny|75/100
|-activate|p2a: Alomomola|move: Sticky Web
|-unboost|p2a: Alomomola|spe|1
|-damage|p2a: Alomomola|58/100|[from] Spikes
|turn|22
|inactive|Gil_Kenobi has 120 seconds left.
|
|t:|1758289653
|move|p1a: Kyurem|Freeze-Dry|p2a: Alomomola
|-supereffective|p2a: Alomomola
|-damage|p2a: Alomomola|0 fnt
|faint|p2a: Alomomola
|
|upkeep
|
|t:|1758289658
|switch|p2a: Jolteon|Jolteon, M|95/100 brn
|-activate|p2a: Jolteon|move: Sticky Web
|-unboost|p2a: Jolteon|spe|1
|-damage|p2a: Jolteon|78/100 brn|[from] Spikes
|turn|23
|
|t:|1758289665
|move|p1a: Kyurem|Freeze-Dry|p2a: Jolteon
|-damage|p2a: Jolteon|41/100 brn
|move|p2a: Jolteon|Shadow Ball|p1a: Kyurem
|-damage|p1a: Kyurem|0 fnt
|faint|p1a: Kyurem
|
|-damage|p2a: Jolteon|35/100 brn|[from] brn
|upkeep
|
|t:|1758289670
|switch|p1a: Mismagius|Mismagius, F|100/100
|turn|24
|
|t:|1758289679
|-terastallize|p1a: Mismagius|Fairy
|move|p2a: Jolteon|Shadow Ball|p1a: Mismagius
|-damage|p1a: Mismagius|72/100
|move|p1a: Mismagius|Dazzling Gleam|p2a: Jolteon
|-damage|p2a: Jolteon|0 fnt
|faint|p2a: Jolteon
|-damage|p1a: Mismagius|62/100|[from] item: Life Orb
|
|win|Gil_Kenobi
|raw|Gil_Kenobi's rating: 1280 &rarr; <strong>1302</strong><br />(+22 for winning)
|raw|Moosehey's rating: 1239 &rarr; <strong>1217</strong><br />(-22 for losing)
|l|‽Moosehey
|player|p2|
|l|☆Gil_Kenobi
|player|p1|
