|j|‽Axj5869
|j|☆Samarand
|t:|1758359407
|gametype|singles
|player|p1|Axj5869|2|1305
|player|p2|Samarand|veteranf|1344
|gen|9
|tier|[Gen 9] OU
|rated|
|rule|HP Percentage Mod: HP is shown in percentages
|rule|Endless Battle Clause: Forcing endless battles is banned
|rule|Species Clause: Limit one of each Pokémon
|rule|OHKO Clause: OHKO moves are banned
|rule|Evasion Items Clause: Evasion items are banned
|rule|Evasion Moves Clause: Evasion moves are banned
|rule|Evasion Abilities Clause: Evasion abilities are banned
|rule|Sleep Moves Clause: Sleep-inducing moves are banned
|clearpoke
|poke|p1|Corviknight, F|
|poke|p1|Pecharunt|
|poke|p1|Dragonite, F|
|poke|p1|Meowscarada, F|
|poke|p1|Kingambit, F|
|poke|p1|Ting-Lu|
|poke|p2|Delphox, F|
|poke|p2|Diancie|
|poke|p2|Corviknight, M|
|poke|p2|Primarina, M|
|poke|p2|Regice|
|poke|p2|Ninetales-Alola, M|
|teampreview
|
|t:|1758359426
|teamsize|p1|6
|teamsize|p2|6
|start
|switch|p1a: Meowscarada|Meowscarada, F|100/100
|switch|p2a: Ninetales|Ninetales-Alola, M|100/100
|-weather|Snowscape|[from] ability: Snow Warning|[of] p2a: Ninetales
|turn|1
|
|t:|1758359438
|move|p1a: Meowscarada|Flower Trick|p2a: Ninetales
|-start|p1a: Meowscarada|typechange|Grass|[from] ability: Protean
|-crit|p2a: Ninetales
|-damage|p2a: Ninetales|50/100
|move|p2a: Ninetales|Aurora Veil|p2a: Ninetales
|-sidestart|p2: Samarand|move: Aurora Veil
|
|-weather|Snowscape|[upkeep]
|upkeep
|turn|2
|
|t:|1758359460
|switch|p2a: Regice|Regice|100/100
|move|p1a: Meowscarada|Flower Trick|p2a: Regice
|-crit|p2a: Regice
|-damage|p2a: Regice|58/100
|
|-weather|Snowscape|[upkeep]
|-heal|p2a: Regice|65/100|[from] ability: Ice Body
|-heal|p2a: Regice|71/100|[from] item: Leftovers
|upkeep
|turn|3
|
|t:|1758359468
|switch|p1a: Kingambit|Kingambit, F|100/100
|move|p2a: Regice|Blizzard|p1a: Kingambit
|-resisted|p1a: Kingambit
|-damage|p1a: Kingambit|75/100
|
|-weather|Snowscape|[upkeep]
|-heal|p2a: Regice|77/100|[from] ability: Ice Body
|-heal|p2a: Regice|83/100|[from] item: Leftovers
|upkeep
|turn|4
|
|t:|1758359477
|move|p1a: Kingambit|Low Kick|p2a: Regice
|-supereffective|p2a: Regice
|-damage|p2a: Regice|57/100
|move|p2a: Regice|Charge Beam|p1a: Kingambit
|-damage|p1a: Kingambit|58/100
|-boost|p2a: Regice|spa|1
|
|-weather|Snowscape|[upkeep]
|-heal|p2a: Regice|63/100|[from] ability: Ice Body
|-heal|p2a: Regice|69/100|[from] item: Leftovers
|upkeep
|turn|5
|
|t:|1758359488
|-terastallize|p2a: Regice|Electric
|move|p1a: Kingambit|Iron Head|p2a: Regice
|-resisted|p2a: Regice
|-damage|p2a: Regice|58/100
|cant|p2a: Regice|flinch
|
|-weather|none
|-heal|p2a: Regice|64/100|[from] item: Leftovers
|-sideend|p2: Samarand|move: Aurora Veil
|upkeep
|turn|6
|
|t:|1758359495
|-end|p1a: Kingambit|fallenundefined|[silent]
|switch|p1a: Ting-Lu|Ting-Lu|100/100
|-ability|p1a: Ting-Lu|Vessel of Ruin
|move|p2a: Regice|Snowscape|p2a: Regice
|-weather|Snowscape
|
|-weather|Snowscape|[upkeep]
|-heal|p2a: Regice|70/100|[from] ability: Ice Body
|-heal|p2a: Regice|76/100|[from] item: Leftovers
|upkeep
|turn|7
|
|t:|1758359505
|move|p2a: Regice|Blizzard|p1a: Ting-Lu
|-supereffective|p1a: Ting-Lu
|-damage|p1a: Ting-Lu|14/100
|move|p1a: Ting-Lu|Stealth Rock|p2a: Regice
|-sidestart|p2: Samarand|move: Stealth Rock
|
|-weather|Snowscape|[upkeep]
|-heal|p2a: Regice|82/100|[from] ability: Ice Body
|-heal|p2a: Regice|88/100|[from] item: Leftovers
|-heal|p1a: Ting-Lu|20/100|[from] item: Leftovers
|upkeep
|turn|8
|
|t:|1758359513
|move|p2a: Regice|Blizzard|p1a: Ting-Lu
|-supereffective|p1a: Ting-Lu
|-damage|p1a: Ting-Lu|0 fnt
|faint|p1a: Ting-Lu
|
|-weather|Snowscape|[upkeep]
|-heal|p2a: Regice|94/100|[from] ability: Ice Body
|-heal|p2a: Regice|100/100|[from] item: Leftovers
|upkeep
|
|t:|1758359525
|switch|p1a: Meowscarada|Meowscarada, F|100/100
|turn|9
|
|t:|1758359536
|move|p1a: Meowscarada|Flower Trick|p2a: Regice
|-start|p1a: Meowscarada|typechange|Grass|[from] ability: Protean
|-crit|p2a: Regice
|-damage|p2a: Regice|36/100
|move|p2a: Regice|Blizzard|p1a: Meowscarada
|-supereffective|p1a: Meowscarada
|-damage|p1a: Meowscarada|0 fnt
|faint|p1a: Meowscarada
|
|-weather|Snowscape|[upkeep]
|-heal|p2a: Regice|42/100|[from] ability: Ice Body
|-heal|p2a: Regice|48/100|[from] item: Leftovers
|upkeep
|
|t:|1758359543
|switch|p1a: Pecharunt|Pecharunt|100/100
|turn|10
|
|t:|1758359546
|move|p2a: Regice|Protect|p2a: Regice
|-singleturn|p2a: Regice|Protect
|move|p1a: Pecharunt|Malignant Chain|p2a: Regice
|-activate|p2a: Regice|move: Protect
|
|-weather|none
|-heal|p2a: Regice|54/100|[from] item: Leftovers
|upkeep
|turn|11
|
|t:|1758359556
|switch|p2a: Corviknight|Corviknight, M|100/100
|-damage|p2a: Corviknight|88/100|[from] Stealth Rock
|move|p1a: Pecharunt|Malignant Chain|p2a: Corviknight
|-immune|p2a: Corviknight
|
|upkeep
|turn|12
|
|t:|1758359574
|move|p1a: Pecharunt|Parting Shot|p2a: Corviknight
|-ability|p2a: Corviknight|Mirror Armor
|-unboost|p1a: Pecharunt|atk|1
|-ability|p2a: Corviknight|Mirror Armor
|-unboost|p1a: Pecharunt|spa|1
|-message|Axj5869 forfeited.
|
|win|Samarand
|raw|Axj5869's rating: 1305 &rarr; <strong>1287</strong><br />(-18 for losing)
|raw|Samarand's rating: 1344 &rarr; <strong>1362</strong><br />(+18 for winning)
|l|‽Axj5869
|player|p1|
|l|☆Samarand
|player|p2|
