|j|☆blitzwao
|j|☆2545304124abc
|t:|1758282622
|gametype|singles
|player|p1|blitzwao|266|1040
|player|p2|2545304124abc|dawn|1094
|gen|9
|tier|[Gen 9] OU
|rated|
|rule|HP Percentage Mod: HP is shown in percentages
|rule|Endless Battle Clause: Forcing endless battles is banned
|rule|Species Clause: Limit one of each Pokémon
|rule|OHKO Clause: OHKO moves are banned
|rule|Evasion Items Clause: Evasion items are banned
|rule|Evasion Moves Clause: Evasion moves are banned
|rule|Evasion Abilities Clause: Evasion abilities are banned
|rule|Sleep Moves Clause: Sleep-inducing moves are banned
|clearpoke
|poke|p1|Ambipom, M|
|poke|p1|Alomomola, F|
|poke|p1|Skarmory, M|
|poke|p1|Gholdengo|
|poke|p1|Glimmora, F|
|poke|p1|Arboliva, M|
|poke|p2|Scizor, F|
|poke|p2|Gliscor, M|
|poke|p2|Skeledirge, F|
|poke|p2|Walking Wake|
|poke|p2|Torkoal, M|
|poke|p2|Whimsicott, F|
|teampreview
|
|t:|1758282632
|teamsize|p1|6
|teamsize|p2|6
|start
|switch|p1a: Skarmory|Skarmory, M|100/100
|switch|p2a: Gliscor|Gliscor, M, shiny|100/100
|turn|1
|
|t:|1758282639
|move|p2a: Gliscor|Stealth Rock|p1a: Skarmory
|-sidestart|p1: blitzwao|move: Stealth Rock
|move|p1a: Skarmory|Stealth Rock|p2a: Gliscor
|-sidestart|p2: 2545304124abc|move: Stealth Rock
|
|-status|p2a: Gliscor|tox|[from] item: Toxic Orb
|upkeep
|turn|2
|
|t:|1758282647
|switch|p2a: Whimsicott|Whimsicott, F, shiny|100/100
|-damage|p2a: Whimsicott|88/100|[from] Stealth Rock
|move|p1a: Skarmory|Whirlwind|p2a: Whimsicott
|drag|p2a: Skeledirge|Skeledirge, F|100/100
|-damage|p2a: Skeledirge|76/100|[from] Stealth Rock
|
|-heal|p2a: Skeledirge|82/100|[from] item: Leftovers
|upkeep
|turn|3
|
|t:|1758282662
|move|p1a: Skarmory|Spikes|p2a: Skeledirge
|-sidestart|p2: 2545304124abc|Spikes
|move|p2a: Skeledirge|Will-O-Wisp|p1a: Skarmory
|-status|p1a: Skarmory|brn
|
|-heal|p2a: Skeledirge|88/100|[from] item: Leftovers
|-damage|p1a: Skarmory|95/100 brn|[from] brn
|upkeep
|turn|4
|
|t:|1758282671
|switch|p2a: Torkoal|Torkoal, M, shiny|100/100
|-damage|p2a: Torkoal|76/100|[from] Stealth Rock
|-damage|p2a: Torkoal|63/100|[from] Spikes
|-weather|SunnyDay|[from] ability: Drought|[of] p2a: Torkoal
|move|p1a: Skarmory|Spikes|p2a: Torkoal
|-sidestart|p2: 2545304124abc|Spikes
|
|-weather|SunnyDay|[upkeep]
|-heal|p1a: Skarmory|100/100 brn|[from] item: Leftovers
|-damage|p1a: Skarmory|95/100 brn|[from] brn
|upkeep
|turn|5
|
|t:|1758282685
|move|p1a: Skarmory|Protect|p1a: Skarmory
|-singleturn|p1a: Skarmory|Protect
|move|p2a: Torkoal|Rapid Spin|p1a: Skarmory
|-activate|p1a: Skarmory|move: Protect
|
|-weather|SunnyDay|[upkeep]
|-heal|p1a: Skarmory|100/100 brn|[from] item: Leftovers
|-damage|p1a: Skarmory|95/100 brn|[from] brn
|upkeep
|turn|6
|
|t:|1758282694
|switch|p1a: Gholdengo|Gholdengo|100/100
|-damage|p1a: Gholdengo|94/100|[from] Stealth Rock
|move|p2a: Torkoal|Earth Power|p1a: Gholdengo
|-supereffective|p1a: Gholdengo
|-damage|p1a: Gholdengo|58/100
|
|-weather|SunnyDay|[upkeep]
|-heal|p1a: Gholdengo|64/100|[from] item: Leftovers
|upkeep
|turn|7
|
|t:|1758282706
|switch|p2a: Gliscor|Gliscor, M, shiny|100/100 tox
|-damage|p2a: Gliscor|88/100 tox|[from] Stealth Rock
|move|p1a: Gholdengo|Shadow Ball|p2a: Gliscor
|-damage|p2a: Gliscor|35/100 tox
|
|-weather|SunnyDay|[upkeep]
|-heal|p1a: Gholdengo|70/100|[from] item: Leftovers
|-heal|p2a: Gliscor|48/100 tox|[from] ability: Poison Heal
|upkeep
|turn|8
|
|t:|1758282718
|move|p2a: Gliscor|Protect|p2a: Gliscor
|-singleturn|p2a: Gliscor|Protect
|move|p1a: Gholdengo|Shadow Ball|p2a: Gliscor
|-activate|p2a: Gliscor|move: Protect
|
|-weather|SunnyDay|[upkeep]
|-heal|p1a: Gholdengo|76/100|[from] item: Leftovers
|-heal|p2a: Gliscor|60/100 tox|[from] ability: Poison Heal
|upkeep
|turn|9
|
|t:|1758282734
|switch|p1a: Glimmora|Glimmora, F|100/100
|-damage|p1a: Glimmora|88/100|[from] Stealth Rock
|move|p2a: Gliscor|Earthquake|p1a: Glimmora
|-supereffective|p1a: Glimmora
|-damage|p1a: Glimmora|0 fnt
|-activate|p1a: Glimmora|ability: Toxic Debris
|-sidestart|p2: 2545304124abc|move: Toxic Spikes
|faint|p1a: Glimmora
|
|-weather|SunnyDay|[upkeep]
|-heal|p2a: Gliscor|73/100 tox|[from] ability: Poison Heal
|upkeep
|
|t:|1758282748
|switch|p1a: Ambipom|Ambipom, M|100/100
|-damage|p1a: Ambipom|88/100|[from] Stealth Rock
|turn|10
|
|t:|1758282752
|move|p1a: Ambipom|Double-Edge|p2a: Gliscor
|-damage|p2a: Gliscor|11/100 tox
|-damage|p1a: Ambipom|63/100|[from] Recoil
|move|p2a: Gliscor|Earthquake|p1a: Ambipom
|-damage|p1a: Ambipom|0 fnt
|faint|p1a: Ambipom
|
|-weather|SunnyDay|[upkeep]
|-heal|p2a: Gliscor|23/100 tox|[from] ability: Poison Heal
|upkeep
|
|t:|1758282763
|switch|p1a: Skarmory|Skarmory, M|95/100 brn
|-damage|p1a: Skarmory|82/100 brn|[from] Stealth Rock
|turn|11
|
|t:|1758282768
|move|p2a: Gliscor|Protect|p2a: Gliscor
|-singleturn|p2a: Gliscor|Protect
|move|p1a: Skarmory|Whirlwind|p2a: Gliscor
|drag|p2a: Skeledirge|Skeledirge, F|88/100
|-damage|p2a: Skeledirge|63/100|[from] Stealth Rock
|-damage|p2a: Skeledirge|46/100|[from] Spikes
|-status|p2a: Skeledirge|psn
|
|-weather|none
|-heal|p1a: Skarmory|88/100 brn|[from] item: Leftovers
|-heal|p2a: Skeledirge|53/100 psn|[from] item: Leftovers
|-damage|p2a: Skeledirge|40/100 psn|[from] psn
|-damage|p1a: Skarmory|82/100 brn|[from] brn
|upkeep
|turn|12
|
|t:|1758282783
|move|p2a: Skeledirge|Slack Off|p2a: Skeledirge
|-heal|p2a: Skeledirge|90/100 psn
|move|p1a: Skarmory|Whirlwind|p2a: Skeledirge
|drag|p2a: Walking Wake|Walking Wake|100/100
|-damage|p2a: Walking Wake|88/100|[from] Stealth Rock
|-damage|p2a: Walking Wake|72/100|[from] Spikes
|-status|p2a: Walking Wake|psn
|
|-heal|p1a: Skarmory|88/100 brn|[from] item: Leftovers
|-damage|p2a: Walking Wake|59/100 psn|[from] psn
|-damage|p1a: Skarmory|82/100 brn|[from] brn
|upkeep
|turn|13
|
|t:|1758282800
|move|p2a: Walking Wake|Hydro Steam|p1a: Skarmory
|-damage|p1a: Skarmory|23/100 brn
|move|p1a: Skarmory|Whirlwind|p2a: Walking Wake
|-end|p2a: Walking Wake|Protosynthesis|[silent]
|drag|p2a: Torkoal|Torkoal, M, shiny|63/100
|-damage|p2a: Torkoal|39/100|[from] Stealth Rock
|-damage|p2a: Torkoal|22/100|[from] Spikes
|-status|p2a: Torkoal|psn
|-weather|SunnyDay|[from] ability: Drought|[of] p2a: Torkoal
|
|-weather|SunnyDay|[upkeep]
|-heal|p1a: Skarmory|29/100 brn|[from] item: Leftovers
|-damage|p2a: Torkoal|10/100 psn|[from] psn
|-damage|p1a: Skarmory|23/100 brn|[from] brn
|upkeep
|turn|14
|
|t:|1758282817
|switch|p1a: Arboliva|Arboliva, M|100/100
|-damage|p1a: Arboliva|88/100|[from] Stealth Rock
|move|p2a: Torkoal|Rapid Spin|p1a: Arboliva
|-damage|p1a: Arboliva|78/100
|-boost|p2a: Torkoal|spe|1
|-sideend|p2: 2545304124abc|Spikes|[from] move: Rapid Spin|[of] p2a: Torkoal
|-sideend|p2: 2545304124abc|Toxic Spikes|[from] move: Rapid Spin|[of] p2a: Torkoal
|-sideend|p2: 2545304124abc|Stealth Rock|[from] move: Rapid Spin|[of] p2a: Torkoal
|
|-weather|SunnyDay|[upkeep]
|-damage|p2a: Torkoal|0 fnt|[from] psn
|faint|p2a: Torkoal
|upkeep
|
|t:|1758282830
|switch|p2a: Walking Wake|Walking Wake|59/100 psn
|-activate|p2a: Walking Wake|ability: Protosynthesis
|-start|p2a: Walking Wake|protosynthesisspa
|turn|15
|
|t:|1758282837
|move|p2a: Walking Wake|Draco Meteor|p1a: Arboliva
|-damage|p1a: Arboliva|12/100
|-unboost|p2a: Walking Wake|spa|2
|-enditem|p1a: Arboliva|Sitrus Berry|[eat]
|-heal|p1a: Arboliva|37/100|[from] item: Sitrus Berry
|move|p1a: Arboliva|Substitute|p1a: Arboliva
|-start|p1a: Arboliva|Substitute
|-damage|p1a: Arboliva|12/100
|
|-weather|SunnyDay|[upkeep]
|-damage|p2a: Walking Wake|47/100 psn|[from] psn
|-item|p1a: Arboliva|Sitrus Berry|[from] ability: Harvest
|upkeep
|-enditem|p1a: Arboliva|Sitrus Berry|[eat]
|-heal|p1a: Arboliva|37/100|[from] item: Sitrus Berry
|turn|16
|
|t:|1758282854
|move|p2a: Walking Wake|Draco Meteor|p1a: Arboliva|[miss]
|-miss|p2a: Walking Wake|p1a: Arboliva
|move|p1a: Arboliva|Leech Seed|p2a: Walking Wake
|-start|p2a: Walking Wake|move: Leech Seed
|
|-weather|SunnyDay|[upkeep]
|-damage|p2a: Walking Wake|35/100 psn|[from] Leech Seed|[of] p1a: Arboliva
|-heal|p1a: Arboliva|49/100|[silent]
|-damage|p2a: Walking Wake|22/100 psn|[from] psn
|-item|p1a: Arboliva|Sitrus Berry|[from] ability: Harvest
|upkeep
|-enditem|p1a: Arboliva|Sitrus Berry|[eat]
|-heal|p1a: Arboliva|74/100|[from] item: Sitrus Berry
|turn|17
|
|t:|1758282870
|-end|p2a: Walking Wake|Protosynthesis|[silent]
|switch|p2a: Gliscor|Gliscor, M, shiny|23/100 tox
|move|p1a: Arboliva|Protect||[still]
|-fail|p1a: Arboliva
|
|-weather|SunnyDay|[upkeep]
|-heal|p2a: Gliscor|36/100 tox|[from] ability: Poison Heal
|-item|p1a: Arboliva|Sitrus Berry|[from] ability: Harvest
|upkeep
|turn|18
|
|t:|1758282880
|move|p2a: Gliscor|Protect|p2a: Gliscor
|-singleturn|p2a: Gliscor|Protect
|move|p1a: Arboliva|Leech Seed|p2a: Gliscor
|-activate|p2a: Gliscor|move: Protect
|
|-weather|SunnyDay|[upkeep]
|-heal|p2a: Gliscor|48/100 tox|[from] ability: Poison Heal
|upkeep
|turn|19
|
|t:|1758282890
|move|p2a: Gliscor|Facade|p1a: Arboliva
|-end|p1a: Arboliva|Substitute
|move|p1a: Arboliva|Leech Seed|p2a: Gliscor|[miss]
|-miss|p1a: Arboliva|p2a: Gliscor
|
|-weather|SunnyDay|[upkeep]
|-heal|p2a: Gliscor|61/100 tox|[from] ability: Poison Heal
|upkeep
|turn|20
|
|t:|1758282900
|-terastallize|p1a: Arboliva|Fairy
|move|p2a: Gliscor|Facade|p1a: Arboliva
|-damage|p1a: Arboliva|31/100
|-enditem|p1a: Arboliva|Sitrus Berry|[eat]
|-heal|p1a: Arboliva|56/100|[from] item: Sitrus Berry
|move|p1a: Arboliva|Leech Seed|p2a: Gliscor
|-start|p2a: Gliscor|move: Leech Seed
|
|-weather|none
|-damage|p2a: Gliscor|48/100 tox|[from] Leech Seed|[of] p1a: Arboliva
|-heal|p1a: Arboliva|68/100|[silent]
|-heal|p2a: Gliscor|61/100 tox|[from] ability: Poison Heal
|-item|p1a: Arboliva|Sitrus Berry|[from] ability: Harvest
|upkeep
|turn|21
|
|t:|1758282916
|switch|p2a: Scizor|Scizor, F, shiny|100/100
|move|p1a: Arboliva|Substitute|p1a: Arboliva
|-start|p1a: Arboliva|Substitute
|-damage|p1a: Arboliva|43/100
|-enditem|p1a: Arboliva|Sitrus Berry|[eat]
|-heal|p1a: Arboliva|68/100|[from] item: Sitrus Berry
|
|-item|p1a: Arboliva|Sitrus Berry|[from] ability: Harvest
|upkeep
|turn|22
|
|t:|1758282935
|move|p2a: Scizor|Bullet Punch|p1a: Arboliva
|-supereffective|p1a: Arboliva
|-end|p1a: Arboliva|Substitute
|move|p1a: Arboliva|Strength Sap|p2a: Scizor
|-unboost|p2a: Scizor|atk|1
|-heal|p1a: Arboliva|100/100
|
|upkeep
|turn|23
|
|t:|1758282944
|move|p2a: Scizor|Bullet Punch|p1a: Arboliva
|-supereffective|p1a: Arboliva
|-damage|p1a: Arboliva|43/100
|-enditem|p1a: Arboliva|Sitrus Berry|[eat]
|-heal|p1a: Arboliva|68/100|[from] item: Sitrus Berry
|move|p1a: Arboliva|Substitute|p1a: Arboliva
|-start|p1a: Arboliva|Substitute
|-damage|p1a: Arboliva|43/100
|
|-item|p1a: Arboliva|Sitrus Berry|[from] ability: Harvest
|upkeep
|-enditem|p1a: Arboliva|Sitrus Berry|[eat]
|-heal|p1a: Arboliva|68/100|[from] item: Sitrus Berry
|turn|24
|
|t:|1758282957
|move|p2a: Scizor|Bullet Punch|p1a: Arboliva
|-supereffective|p1a: Arboliva
|-end|p1a: Arboliva|Substitute
|move|p1a: Arboliva|Strength Sap|p2a: Scizor
|-unboost|p2a: Scizor|atk|1
|-heal|p1a: Arboliva|100/100
|
|-item|p1a: Arboliva|Sitrus Berry|[from] ability: Harvest
|upkeep
|turn|25
|
|t:|1758282968
|-terastallize|p2a: Scizor|Steel
|move|p2a: Scizor|Bullet Punch|p1a: Arboliva
|-supereffective|p1a: Arboliva
|-damage|p1a: Arboliva|39/100
|-enditem|p1a: Arboliva|Sitrus Berry|[eat]
|-heal|p1a: Arboliva|64/100|[from] item: Sitrus Berry
|move|p1a: Arboliva|Substitute|p1a: Arboliva
|-start|p1a: Arboliva|Substitute
|-damage|p1a: Arboliva|39/100
|
|-item|p1a: Arboliva|Sitrus Berry|[from] ability: Harvest
|upkeep
|-enditem|p1a: Arboliva|Sitrus Berry|[eat]
|-heal|p1a: Arboliva|64/100|[from] item: Sitrus Berry
|turn|26
|
|t:|1758282982
|move|p2a: Scizor|Bullet Punch|p1a: Arboliva
|-supereffective|p1a: Arboliva
|-end|p1a: Arboliva|Substitute
|move|p1a: Arboliva|Leech Seed|p2a: Scizor
|-start|p2a: Scizor|move: Leech Seed
|
|-damage|p2a: Scizor|88/100|[from] Leech Seed|[of] p1a: Arboliva
|-heal|p1a: Arboliva|74/100|[silent]
|-item|p1a: Arboliva|Sitrus Berry|[from] ability: Harvest
|upkeep
|turn|27
|
|t:|1758282993
|move|p2a: Scizor|Bullet Punch|p1a: Arboliva
|-supereffective|p1a: Arboliva
|-damage|p1a: Arboliva|22/100
|-enditem|p1a: Arboliva|Sitrus Berry|[eat]
|-heal|p1a: Arboliva|47/100|[from] item: Sitrus Berry
|move|p1a: Arboliva|Substitute|p1a: Arboliva
|-start|p1a: Arboliva|Substitute
|-damage|p1a: Arboliva|22/100
|
|-damage|p2a: Scizor|76/100|[from] Leech Seed|[of] p1a: Arboliva
|-heal|p1a: Arboliva|32/100|[silent]
|-item|p1a: Arboliva|Sitrus Berry|[from] ability: Harvest
|upkeep
|-enditem|p1a: Arboliva|Sitrus Berry|[eat]
|-heal|p1a: Arboliva|57/100|[from] item: Sitrus Berry
|turn|28
|
|t:|1758283009
|switch|p2a: Skeledirge|Skeledirge, F|90/100 psn
|move|p1a: Arboliva|Protect||[still]
|-fail|p1a: Arboliva
|
|-heal|p2a: Skeledirge|96/100 psn|[from] item: Leftovers
|-damage|p2a: Skeledirge|84/100 psn|[from] psn
|upkeep
|turn|29
|
|t:|1758283018
|move|p2a: Skeledirge|Torch Song|p1a: Arboliva
|-damage|p1a: Arboliva|39/100
|-boost|p2a: Skeledirge|spa|1
|move|p1a: Arboliva|Leech Seed|p2a: Skeledirge
|-start|p2a: Skeledirge|move: Leech Seed
|
|-heal|p2a: Skeledirge|90/100 psn|[from] item: Leftovers
|-damage|p2a: Skeledirge|78/100 psn|[from] Leech Seed|[of] p1a: Arboliva
|-heal|p1a: Arboliva|53/100|[silent]
|-damage|p2a: Skeledirge|65/100 psn|[from] psn
|-item|p1a: Arboliva|Sitrus Berry|[from] ability: Harvest
|upkeep
|turn|30
|
|t:|1758283032
|move|p1a: Arboliva|Protect|p1a: Arboliva
|-singleturn|p1a: Arboliva|Protect
|move|p2a: Skeledirge|Torch Song|p1a: Arboliva
|-activate|p1a: Arboliva|move: Protect
|
|-heal|p2a: Skeledirge|71/100 psn|[from] item: Leftovers
|-damage|p2a: Skeledirge|59/100 psn|[from] Leech Seed|[of] p1a: Arboliva
|-heal|p1a: Arboliva|67/100|[silent]
|-damage|p2a: Skeledirge|46/100 psn|[from] psn
|upkeep
|turn|31
|
|t:|1758283044
|move|p2a: Skeledirge|Torch Song|p1a: Arboliva
|-damage|p1a: Arboliva|40/100
|-boost|p2a: Skeledirge|spa|1
|-enditem|p1a: Arboliva|Sitrus Berry|[eat]
|-heal|p1a: Arboliva|65/100|[from] item: Sitrus Berry
|move|p1a: Arboliva|Strength Sap|p2a: Skeledirge
|-unboost|p2a: Skeledirge|atk|1
|-heal|p1a: Arboliva|100/100
|
|-heal|p2a: Skeledirge|53/100 psn|[from] item: Leftovers
|-damage|p2a: Skeledirge|40/100 psn|[from] Leech Seed|[of] p1a: Arboliva
|-damage|p2a: Skeledirge|28/100 psn|[from] psn
|upkeep
|turn|32
|
|t:|1758283061
|move|p1a: Arboliva|Protect|p1a: Arboliva
|-singleturn|p1a: Arboliva|Protect
|move|p2a: Skeledirge|Hex|p1a: Arboliva
|-activate|p1a: Arboliva|move: Protect
|
|-heal|p2a: Skeledirge|34/100 psn|[from] item: Leftovers
|-damage|p2a: Skeledirge|21/100 psn|[from] Leech Seed|[of] p1a: Arboliva
|-damage|p2a: Skeledirge|9/100 psn|[from] psn
|upkeep
|turn|33
|
|t:|1758283083
|switch|p2a: Gliscor|Gliscor, M, shiny|61/100 tox
|move|p1a: Arboliva|Strength Sap|p2a: Gliscor
|-unboost|p2a: Gliscor|atk|1
|
|-heal|p2a: Gliscor|73/100 tox|[from] ability: Poison Heal
|-item|p1a: Arboliva|Sitrus Berry|[from] ability: Harvest
|upkeep
|turn|34
|
|t:|1758283110
|move|p2a: Gliscor|Earthquake|p1a: Arboliva
|-end|p1a: Arboliva|Substitute
|move|p1a: Arboliva|Leech Seed|p2a: Gliscor
|-start|p2a: Gliscor|move: Leech Seed
|
|-damage|p2a: Gliscor|61/100 tox|[from] Leech Seed|[of] p1a: Arboliva
|-heal|p2a: Gliscor|73/100 tox|[from] ability: Poison Heal
|upkeep
|turn|35
|
|t:|1758283121
|switch|p2a: Scizor|Scizor, F, shiny, tera:Steel|76/100
|move|p1a: Arboliva|Substitute|p1a: Arboliva
|-start|p1a: Arboliva|Substitute
|-damage|p1a: Arboliva|75/100
|
|upkeep
|turn|36
|
|t:|1758283137
|move|p2a: Scizor|Swords Dance|p2a: Scizor
|-boost|p2a: Scizor|atk|2
|move|p1a: Arboliva|Leech Seed|p2a: Scizor
|-start|p2a: Scizor|move: Leech Seed
|
|-damage|p2a: Scizor|63/100|[from] Leech Seed|[of] p1a: Arboliva
|-heal|p1a: Arboliva|85/100|[silent]
|upkeep
|turn|37
|
|t:|1758283150
|move|p2a: Scizor|Bullet Punch|p1a: Arboliva
|-supereffective|p1a: Arboliva
|-end|p1a: Arboliva|Substitute
|move|p1a: Arboliva|Strength Sap|p2a: Scizor
|-unboost|p2a: Scizor|atk|1
|-heal|p1a: Arboliva|100/100
|
|-damage|p2a: Scizor|51/100|[from] Leech Seed|[of] p1a: Arboliva
|upkeep
|turn|38
|
|t:|1758283160
|move|p2a: Scizor|Swords Dance|p2a: Scizor
|-boost|p2a: Scizor|atk|2
|move|p1a: Arboliva|Substitute|p1a: Arboliva
|-start|p1a: Arboliva|Substitute
|-damage|p1a: Arboliva|75/100
|
|-damage|p2a: Scizor|38/100|[from] Leech Seed|[of] p1a: Arboliva
|-heal|p1a: Arboliva|85/100|[silent]
|upkeep
|turn|39
|
|t:|1758283169
|move|p1a: Arboliva|Protect|p1a: Arboliva
|-singleturn|p1a: Arboliva|Protect
|move|p2a: Scizor|Bullet Punch|p1a: Arboliva
|-activate|p1a: Arboliva|move: Protect
|
|-damage|p2a: Scizor|26/100|[from] Leech Seed|[of] p1a: Arboliva
|-heal|p1a: Arboliva|95/100|[silent]
|upkeep
|turn|40
|
|t:|1758283180
|move|p2a: Scizor|Bullet Punch|p1a: Arboliva
|-supereffective|p1a: Arboliva
|-end|p1a: Arboliva|Substitute
|move|p1a: Arboliva|Strength Sap|p2a: Scizor
|-unboost|p2a: Scizor|atk|1
|-heal|p1a: Arboliva|100/100
|
|-damage|p2a: Scizor|14/100|[from] Leech Seed|[of] p1a: Arboliva
|upkeep
|turn|41
|
|t:|1758283190
|move|p2a: Scizor|Bullet Punch|p1a: Arboliva
|-supereffective|p1a: Arboliva
|-damage|p1a: Arboliva|0 fnt
|faint|p1a: Arboliva
|
|upkeep
|
|t:|1758283197
|switch|p1a: Skarmory|Skarmory, M|23/100 brn
|-damage|p1a: Skarmory|10/100 brn|[from] Stealth Rock
|turn|42
|
|t:|1758283205
|switch|p2a: Whimsicott|Whimsicott, F, shiny|88/100
|move|p1a: Skarmory|Whirlwind|p2a: Whimsicott
|drag|p2a: Skeledirge|Skeledirge, F|9/100 psn
|
|-heal|p1a: Skarmory|16/100 brn|[from] item: Leftovers
|-heal|p2a: Skeledirge|15/100 psn|[from] item: Leftovers
|-damage|p2a: Skeledirge|3/100 psn|[from] psn
|-damage|p1a: Skarmory|10/100 brn|[from] brn
|upkeep
|turn|43
|
|t:|1758283217
|move|p1a: Skarmory|Stealth Rock|p2a: Skeledirge
|-sidestart|p2: 2545304124abc|move: Stealth Rock
|move|p2a: Skeledirge|Slack Off|p2a: Skeledirge
|-heal|p2a: Skeledirge|53/100 psn
|
|-heal|p1a: Skarmory|16/100 brn|[from] item: Leftovers
|-heal|p2a: Skeledirge|59/100 psn|[from] item: Leftovers
|-damage|p2a: Skeledirge|46/100 psn|[from] psn
|-damage|p1a: Skarmory|10/100 brn|[from] brn
|upkeep
|turn|44
|
|t:|1758283229
|switch|p2a: Gliscor|Gliscor, M, shiny|73/100 tox
|-damage|p2a: Gliscor|61/100 tox|[from] Stealth Rock
|move|p1a: Skarmory|Whirlwind|p2a: Gliscor
|drag|p2a: Whimsicott|Whimsicott, F, shiny|88/100
|-damage|p2a: Whimsicott|76/100|[from] Stealth Rock
|
|-heal|p1a: Skarmory|16/100 brn|[from] item: Leftovers
|-damage|p1a: Skarmory|10/100 brn|[from] brn
|upkeep
|turn|45
|
|t:|1758283242
|move|p2a: Whimsicott|Leech Seed|p1a: Skarmory
|-start|p1a: Skarmory|move: Leech Seed
|move|p1a: Skarmory|Whirlwind|p2a: Whimsicott
|drag|p2a: Gliscor|Gliscor, M, shiny|61/100 tox
|-damage|p2a: Gliscor|48/100 tox|[from] Stealth Rock
|
|-heal|p1a: Skarmory|16/100 brn|[from] item: Leftovers
|-damage|p1a: Skarmory|4/100 brn|[from] Leech Seed|[of] p2a: Gliscor
|-heal|p2a: Gliscor|60/100 tox|[silent]
|-heal|p2a: Gliscor|72/100 tox|[from] ability: Poison Heal
|-damage|p1a: Skarmory|0 fnt|[from] brn
|faint|p1a: Skarmory
|upkeep
|
|t:|1758283257
|switch|p1a: Alomomola|Alomomola, F|100/100
|-damage|p1a: Alomomola|88/100|[from] Stealth Rock
|turn|46
|
|t:|1758283268
|move|p2a: Gliscor|Protect|p2a: Gliscor
|-singleturn|p2a: Gliscor|Protect
|move|p1a: Alomomola|Wish|p1a: Alomomola
|
|-heal|p1a: Alomomola|94/100|[from] item: Leftovers
|-heal|p2a: Gliscor|85/100 tox|[from] ability: Poison Heal
|upkeep
|turn|47
|
|t:|1758283278
|switch|p2a: Whimsicott|Whimsicott, F, shiny|76/100
|-damage|p2a: Whimsicott|63/100|[from] Stealth Rock
|move|p1a: Alomomola|Flip Turn|p2a: Whimsicott
|-resisted|p2a: Whimsicott
|-crit|p2a: Whimsicott
|-damage|p2a: Whimsicott|48/100
|
|t:|1758283285
|switch|p1a: Gholdengo|Gholdengo|76/100|[from] Flip Turn
|-damage|p1a: Gholdengo|70/100|[from] Stealth Rock
|
|-heal|p1a: Gholdengo|100/100|[from] move: Wish|[wisher] Alomomola
|upkeep
|turn|48
|
|t:|1758283299
|switch|p2a: Gliscor|Gliscor, M, shiny|85/100 tox
|-damage|p2a: Gliscor|72/100 tox|[from] Stealth Rock
|move|p1a: Gholdengo|Shadow Ball|p2a: Gliscor
|-damage|p2a: Gliscor|12/100 tox
|-unboost|p2a: Gliscor|spd|1
|
|-heal|p2a: Gliscor|24/100 tox|[from] ability: Poison Heal
|upkeep
|turn|49
|
|t:|1758283311
|move|p2a: Gliscor|Protect|p2a: Gliscor
|-singleturn|p2a: Gliscor|Protect
|move|p1a: Gholdengo|Shadow Ball|p2a: Gliscor
|-activate|p2a: Gliscor|move: Protect
|
|-heal|p2a: Gliscor|36/100 tox|[from] ability: Poison Heal
|upkeep
|turn|50
|
|t:|1758283322
|switch|p2a: Skeledirge|Skeledirge, F|46/100 psn
|-damage|p2a: Skeledirge|22/100 psn|[from] Stealth Rock
|move|p1a: Gholdengo|Shadow Ball|p2a: Skeledirge
|-supereffective|p2a: Skeledirge
|-damage|p2a: Skeledirge|0 fnt
|faint|p2a: Skeledirge
|
|upkeep
|
|t:|1758283331
|switch|p2a: Walking Wake|Walking Wake|22/100 psn
|-damage|p2a: Walking Wake|10/100 psn|[from] Stealth Rock
|turn|51
|
|t:|1758283337
|move|p2a: Walking Wake|Hydro Steam|p1a: Gholdengo
|-damage|p1a: Gholdengo|58/100
|move|p1a: Gholdengo|Shadow Ball|p2a: Walking Wake
|-damage|p2a: Walking Wake|0 fnt
|faint|p2a: Walking Wake
|-end|p2a: Walking Wake|Protosynthesis|[silent]
|
|-heal|p1a: Gholdengo|64/100|[from] item: Leftovers
|upkeep
|l|☆2545304124abc
|player|p2|
|inactive|Battle timer is ON: inactive players will automatically lose when time's up. (requested by blitzwao)
|inactive|2545304124abc has 30 seconds to reconnect!
|inactive|2545304124abc has 20 seconds to reconnect!
|inactive|2545304124abc has 15 seconds to reconnect!
|c|☆blitzwao|LMFAOOO
|inactive|2545304124abc has 10 seconds to reconnect!
|inactive|2545304124abc has 5 seconds to reconnect!
|-message|2545304124abc lost due to inactivity.
|
|win|blitzwao
|raw|blitzwao's rating: 1040 &rarr; <strong>1077</strong><br />(+37 for winning)
|raw|2545304124abc's rating: 1068 &rarr; <strong>1046</strong><br />(-22 for losing)
