|j|☆meowshott
|j|☆SpiritMunch
|t:|1758299299
|gametype|singles
|player|p1|meowshott|2|1152
|player|p2|SpiritMunch|preschooler|1138
|gen|9
|tier|[Gen 9] OU
|rated|
|rule|HP Percentage Mod: HP is shown in percentages
|rule|Endless Battle Clause: Forcing endless battles is banned
|rule|Species Clause: Limit one of each Pokémon
|rule|OHKO Clause: OHKO moves are banned
|rule|Evasion Items Clause: Evasion items are banned
|rule|Evasion Moves Clause: Evasion moves are banned
|rule|Evasion Abilities Clause: Evasion abilities are banned
|rule|Sleep Moves Clause: Sleep-inducing moves are banned
|clearpoke
|poke|p1|Vileplume, M|
|poke|p1|Moltres|
|poke|p1|Garganacl, M|
|poke|p1|Maushold|
|poke|p1|Umbreon, F|
|poke|p1|Wo-Chien|
|poke|p2|Torkoal, F|
|poke|p2|Espeon, F|
|poke|p2|Pawmot, M|
|poke|p2|Cresselia, F|
|poke|p2|Tropius, M|
|poke|p2|Skuntank, M|
|teampreview
|inactive|Battle timer is ON: inactive players will automatically lose when time's up. (requested by meowshott)
|
|t:|1758299323
|teamsize|p1|6
|teamsize|p2|6
|start
|switch|p1a: Wo-Chien|Wo-Chien, shiny|100/100
|switch|p2a: Torkoal|Torkoal, F|100/100
|-ability|p1a: Wo-Chien|Tablets of Ruin
|-weather|SunnyDay|[from] ability: Drought|[of] p2a: Torkoal
|turn|1
|
|t:|1758299333
|switch|p1a: Moltres|Moltres|100/100
|move|p2a: Torkoal|Shell Smash|p2a: Torkoal
|-unboost|p2a: Torkoal|def|1
|-unboost|p2a: Torkoal|spd|1
|-boost|p2a: Torkoal|atk|2
|-boost|p2a: Torkoal|spa|2
|-boost|p2a: Torkoal|spe|2
|-enditem|p2a: Torkoal|Eject Pack
|
|t:|1758299335
|switch|p2a: Espeon|Espeon, F|100/100
|
|-weather|SunnyDay|[upkeep]
|upkeep
|turn|2
|c|☆meowshott|what
|
|t:|1758299350
|move|p2a: Espeon|Copycat|p2a: Espeon
|move|p2a: Espeon|Shell Smash|p2a: Espeon|[from] move: Copycat
|-unboost|p2a: Espeon|def|1
|-unboost|p2a: Espeon|spd|1
|-boost|p2a: Espeon|atk|2
|-boost|p2a: Espeon|spa|2
|-boost|p2a: Espeon|spe|2
|-enditem|p2a: Espeon|White Herb
|-clearnegativeboost|p2a: Espeon|[silent]
|move|p1a: Moltres|U-turn|p2a: Espeon
|-supereffective|p2a: Espeon
|-damage|p2a: Espeon|44/100
|
|t:|1758299360
|switch|p1a: Wo-Chien|Wo-Chien, shiny|100/100|[from] U-turn
|-ability|p1a: Wo-Chien|Tablets of Ruin
|
|-weather|SunnyDay|[upkeep]
|upkeep
|turn|3
|
|t:|1758299372
|-terastallize|p2a: Espeon|Fairy
|-terastallize|p1a: Wo-Chien|Poison
|move|p2a: Espeon|Dazzling Gleam|p1a: Wo-Chien
|-resisted|p1a: Wo-Chien
|-damage|p1a: Wo-Chien|80/100
|move|p1a: Wo-Chien|Knock Off|p2a: Espeon
|-resisted|p2a: Espeon
|-damage|p2a: Espeon|26/100
|
|-weather|SunnyDay|[upkeep]
|-heal|p1a: Wo-Chien|86/100|[from] item: Leftovers
|upkeep
|turn|4
|
|t:|1758299380
|switch|p1a: Umbreon|Umbreon, F, shiny|100/100
|move|p2a: Espeon|Stored Power|p1a: Umbreon
|-immune|p1a: Umbreon
|
|-weather|SunnyDay|[upkeep]
|upkeep
|turn|5
|
|t:|1758299385
|move|p2a: Espeon|Dazzling Gleam|p1a: Umbreon
|-supereffective|p1a: Umbreon
|-damage|p1a: Umbreon|21/100
|move|p1a: Umbreon|Toxic|p2a: Espeon
|move|p2a: Espeon|Toxic|p1a: Umbreon|[from] ability: Magic Bounce
|-status|p1a: Umbreon|tox
|-activate|p1a: Umbreon|ability: Synchronize
|-status|p2a: Espeon|tox
|
|-weather|none
|-heal|p1a: Umbreon|27/100 tox|[from] item: Leftovers
|-damage|p2a: Espeon|20/100 tox|[from] psn
|-damage|p1a: Umbreon|21/100 tox|[from] psn
|upkeep
|turn|6
|
|t:|1758299397
|move|p1a: Umbreon|Protect|p1a: Umbreon
|-singleturn|p1a: Umbreon|Protect
|move|p2a: Espeon|Dazzling Gleam|p1a: Umbreon
|-activate|p1a: Umbreon|move: Protect
|
|-heal|p1a: Umbreon|27/100 tox|[from] item: Leftovers
|-damage|p2a: Espeon|8/100 tox|[from] psn
|-damage|p1a: Umbreon|15/100 tox|[from] psn
|upkeep
|turn|7
|
|t:|1758299403
|switch|p1a: Wo-Chien|Wo-Chien, shiny, tera:Poison|86/100
|-ability|p1a: Wo-Chien|Tablets of Ruin
|move|p2a: Espeon|Dazzling Gleam|p1a: Wo-Chien
|-resisted|p1a: Wo-Chien
|-damage|p1a: Wo-Chien|62/100
|
|-heal|p1a: Wo-Chien|68/100|[from] item: Leftovers
|-damage|p2a: Espeon|0 fnt|[from] psn
|faint|p2a: Espeon
|upkeep
|
|t:|1758299407
|switch|p2a: Torkoal|Torkoal, F|100/100
|-weather|SunnyDay|[from] ability: Drought|[of] p2a: Torkoal
|turn|8
|
|t:|1758299414
|switch|p1a: Umbreon|Umbreon, F, shiny|15/100 tox
|move|p2a: Torkoal|Earthquake|p1a: Umbreon
|-damage|p1a: Umbreon|0 fnt
|faint|p1a: Umbreon
|
|-weather|SunnyDay|[upkeep]
|upkeep
|
|t:|1758299418
|switch|p1a: Garganacl|Garganacl, M, shiny|100/100
|turn|9
|
|t:|1758299424
|switch|p2a: Tropius|Tropius, M, shiny|100/100
|move|p1a: Garganacl|Rock Polish|p1a: Garganacl
|-boost|p1a: Garganacl|spe|2
|
|-weather|SunnyDay|[upkeep]
|upkeep
|turn|10
|
|t:|1758299433
|move|p1a: Garganacl|Stone Edge|p2a: Tropius
|-supereffective|p2a: Tropius
|-damage|p2a: Tropius|12/100
|-enditem|p2a: Tropius|Starf Berry|[eat]
|-boost|p2a: Tropius|spa|2|[from] item: Starf Berry
|move|p2a: Tropius|Substitute|p2a: Tropius
|-fail|p2a: Tropius|move: Substitute|[weak]
|
|-weather|SunnyDay|[upkeep]
|-item|p2a: Tropius|Starf Berry|[from] ability: Harvest
|upkeep
|-enditem|p2a: Tropius|Starf Berry|[eat]
|-boost|p2a: Tropius|def|2|[from] item: Starf Berry
|turn|11
|
|t:|1758299440
|move|p2a: Tropius|Protect|p2a: Tropius
|-singleturn|p2a: Tropius|Protect
|move|p1a: Garganacl|Stone Edge|p2a: Tropius
|-activate|p2a: Tropius|move: Protect
|
|-weather|SunnyDay|[upkeep]
|-item|p2a: Tropius|Starf Berry|[from] ability: Harvest
|upkeep
|-enditem|p2a: Tropius|Starf Berry|[eat]
|-boost|p2a: Tropius|spa|2|[from] item: Starf Berry
|turn|12
|
|t:|1758299450
|move|p1a: Garganacl|Stone Edge|p2a: Tropius|[miss]
|-miss|p1a: Garganacl|p2a: Tropius
|move|p2a: Tropius|Synthesis|p2a: Tropius
|-heal|p2a: Tropius|79/100
|
|-weather|none
|upkeep
|turn|13
|
|t:|1758299464
|move|p1a: Garganacl|Stone Edge|p2a: Tropius
|-supereffective|p2a: Tropius
|-damage|p2a: Tropius|36/100
|move|p2a: Tropius|Fly||[still]
|-prepare|p2a: Tropius|Fly
|
|-item|p2a: Tropius|Starf Berry|[from] ability: Harvest
|upkeep
|turn|14
|
|t:|1758299469
|move|p1a: Garganacl|Stone Edge|p2a: Tropius|[miss]
|-miss|p1a: Garganacl|p2a: Tropius
|move|p2a: Tropius|Fly|p1a: Garganacl|[from] lockedmove
|-resisted|p1a: Garganacl
|-damage|p1a: Garganacl|91/100
|
|upkeep
|turn|15
|
|t:|1758299476
|move|p1a: Garganacl|Stone Edge|p2a: Tropius|[miss]
|-miss|p1a: Garganacl|p2a: Tropius
|move|p2a: Tropius|Substitute|p2a: Tropius
|-start|p2a: Tropius|Substitute
|-damage|p2a: Tropius|11/100
|-enditem|p2a: Tropius|Starf Berry|[eat]
|-boost|p2a: Tropius|spd|2|[from] item: Starf Berry
|
|-item|p2a: Tropius|Starf Berry|[from] ability: Harvest
|upkeep
|-enditem|p2a: Tropius|Starf Berry|[eat]
|-boost|p2a: Tropius|spa|2|[from] item: Starf Berry
|turn|16
|c|☆meowshott|how is this real
|
|t:|1758299485
|move|p2a: Tropius|Protect|p2a: Tropius
|-singleturn|p2a: Tropius|Protect
|move|p1a: Garganacl|Stone Edge|p2a: Tropius
|-activate|p2a: Tropius|move: Protect
|
|-item|p2a: Tropius|Starf Berry|[from] ability: Harvest
|upkeep
|-enditem|p2a: Tropius|Starf Berry|[eat]
|-boost|p2a: Tropius|spd|2|[from] item: Starf Berry
|turn|17
|
|t:|1758299497
|move|p1a: Garganacl|Stone Edge|p2a: Tropius
|-supereffective|p2a: Tropius
|-end|p2a: Tropius|Substitute
|move|p2a: Tropius|Synthesis|p2a: Tropius
|-heal|p2a: Tropius|61/100
|
|upkeep
|turn|18
|
|t:|1758299504
|switch|p1a: Maushold|Maushold|100/100
|move|p2a: Tropius|Substitute|p2a: Tropius
|-start|p2a: Tropius|Substitute
|-damage|p2a: Tropius|36/100
|
|-item|p2a: Tropius|Starf Berry|[from] ability: Harvest
|upkeep
|turn|19
|
|t:|1758299511
|move|p1a: Maushold|Population Bomb|p2a: Tropius
|-activate|p2a: Tropius|move: Substitute|[damage]
|-activate|p2a: Tropius|move: Substitute|[damage]
|-activate|p2a: Tropius|move: Substitute|[damage]
|-activate|p2a: Tropius|move: Substitute|[damage]
|-activate|p2a: Tropius|move: Substitute|[damage]
|-end|p2a: Tropius|Substitute
|-damage|p2a: Tropius|32/100
|-damage|p2a: Tropius|28/100
|-damage|p2a: Tropius|23/100
|-enditem|p2a: Tropius|Starf Berry|[eat]
|-boost|p2a: Tropius|atk|2|[from] item: Starf Berry
|-damage|p2a: Tropius|19/100
|-hitcount|p2a: Tropius|10
|move|p2a: Tropius|Substitute|p2a: Tropius
|-fail|p2a: Tropius|move: Substitute|[weak]
|
|upkeep
|turn|20
|
|t:|1758299529
|move|p2a: Tropius|Protect|p2a: Tropius
|-singleturn|p2a: Tropius|Protect
|move|p1a: Maushold|Population Bomb|p2a: Tropius
|-activate|p2a: Tropius|move: Protect
|
|upkeep
|turn|21
|
|t:|1758299536
|move|p2a: Tropius|Protect||[still]
|-fail|p2a: Tropius
|move|p1a: Maushold|Population Bomb|p2a: Tropius
|-crit|p2a: Tropius
|-damage|p2a: Tropius|6/100
|-damage|p2a: Tropius|2/100
|-damage|p2a: Tropius|0 fnt
|faint|p2a: Tropius
|-hitcount|p2: Tropius|3
|
|upkeep
|-message|SpiritMunch forfeited.
|
|win|meowshott
|raw|meowshott's rating: 1152 &rarr; <strong>1176</strong><br />(+24 for winning)
|raw|SpiritMunch's rating: 1138 &rarr; <strong>1114</strong><br />(-24 for losing)
|l|☆SpiritMunch
|player|p2|
|l|☆meowshott
|player|p1|
