|j|☆authorbin
|j|☆tigerspace02
|t:|1758291934
|gametype|singles
|player|p1|authorbin|mira|1458
|player|p2|tigerspace02|lance-gen1rb|1430
|gen|9
|tier|[Gen 9] OU
|rated|
|rule|HP Percentage Mod: HP is shown in percentages
|rule|Endless Battle Clause: Forcing endless battles is banned
|rule|Species Clause: Limit one of each Pokémon
|rule|OHKO Clause: OHKO moves are banned
|rule|Evasion Items Clause: Evasion items are banned
|rule|Evasion Moves Clause: Evasion moves are banned
|rule|Evasion Abilities Clause: Evasion abilities are banned
|rule|Sleep Moves Clause: Sleep-inducing moves are banned
|clearpoke
|poke|p1|Hatterene, F|
|poke|p1|Great Tusk|
|poke|p1|Ogerpon-Wellspring, F|
|poke|p1|Kingambit, M|
|poke|p1|Ting-Lu|
|poke|p1|Scizor, F|
|poke|p2|Kyurem|
|poke|p2|Darkrai|
|poke|p2|Gholdengo|
|poke|p2|Greninja-*, M|
|poke|p2|Iron Valiant|
|poke|p2|Cinderace, M|
|teampreview
|c|☆tigerspace02|glhf
|inactive|Battle timer is ON: inactive players will automatically lose when time's up. (requested by authorbin)
|c|☆authorbin|glhf
|c|☆authorbin|国人？
|c|☆tigerspace02|no sorry
|c|☆authorbin|OK
|c|☆tigerspace02|solamente ingles y espanol
|c|☆authorbin|OK
|inactive|tigerspace02 has 120 seconds left.
|c|☆authorbin|OK i know
|
|t:|1758291998
|teamsize|p1|6
|teamsize|p2|6
|start
|switch|p1a: Ting-Lu|Ting-Lu|100/100
|switch|p2a: Cinderace|Cinderace, M|100/100
|-ability|p1a: Ting-Lu|Vessel of Ruin
|turn|1
|
|t:|1758292022
|switch|p1a: Great Tusk|Great Tusk|100/100
|-enditem|p1a: Great Tusk|Booster Energy
|-activate|p1a: Great Tusk|ability: Protosynthesis|[fromitem]
|-start|p1a: Great Tusk|protosynthesisspe
|move|p2a: Cinderace|High Jump Kick|p1a: Great Tusk
|-start|p2a: Cinderace|typechange|Fighting|[from] ability: Libero
|-damage|p1a: Great Tusk|62/100
|
|upkeep
|turn|2
|
|t:|1758292036
|switch|p2a: Greninja|Greninja, M|100/100
|move|p1a: Great Tusk|Knock Off|p2a: Greninja
|-resisted|p2a: Greninja
|-damage|p2a: Greninja|74/100
|-enditem|p2a: Greninja|Life Orb|[from] move: Knock Off|[of] p1a: Great Tusk
|
|upkeep
|turn|3
|
|t:|1758292056
|move|p2a: Greninja|Water Shuriken|p1a: Great Tusk
|-supereffective|p1a: Great Tusk
|-damage|p1a: Great Tusk|43/100
|-supereffective|p1a: Great Tusk
|-damage|p1a: Great Tusk|25/100
|-supereffective|p1a: Great Tusk
|-damage|p1a: Great Tusk|7/100
|-supereffective|p1a: Great Tusk
|-damage|p1a: Great Tusk|0 fnt
|faint|p1a: Great Tusk
|-end|p1a: Great Tusk|Protosynthesis|[silent]
|-ability|p2a: Greninja|Battle Bond|boost
|-boost|p2a: Greninja|atk|1
|-boost|p2a: Greninja|spa|1
|-boost|p2a: Greninja|spe|1
|-activate|p2a: Greninja|ability: Battle Bond
|-hitcount|p1: Great Tusk|4
|
|upkeep
|
|t:|1758292069
|switch|p1a: Hatterene|Hatterene, F|100/100
|turn|4
|
|t:|1758292078
|move|p2a: Greninja|Gunk Shot|p1a: Hatterene
|-supereffective|p1a: Hatterene
|-damage|p1a: Hatterene|9/100
|-status|p1a: Hatterene|psn
|move|p1a: Hatterene|Nuzzle|p2a: Greninja
|-supereffective|p2a: Greninja
|-damage|p2a: Greninja|59/100
|-status|p2a: Greninja|par
|
|-damage|p1a: Hatterene|0 fnt|[from] psn
|faint|p1a: Hatterene
|upkeep
|
|t:|1758292090
|switch|p1a: Scizor|Scizor, F, shiny|100/100
|turn|5
|
|t:|1758292098
|move|p2a: Greninja|Water Shuriken|p1a: Scizor
|-damage|p1a: Scizor|88/100
|-damage|p1a: Scizor|75/100
|-damage|p1a: Scizor|62/100
|-hitcount|p1a: Scizor|3
|move|p1a: Scizor|U-turn|p2a: Greninja
|-supereffective|p2a: Greninja
|-damage|p2a: Greninja|0 fnt
|faint|p2a: Greninja
|
|t:|1758292109
|switch|p1a: Ogerpon|Ogerpon-Wellspring, F|100/100|[from] U-turn
|
|upkeep
|
|t:|1758292118
|switch|p2a: Kyurem|Kyurem|100/100
|-ability|p2a: Kyurem|Pressure
|turn|6
|
|t:|1758292147
|move|p1a: Ogerpon|Ivy Cudgel|p2a: Kyurem|[anim] Ivy Cudgel Water
|-resisted|p2a: Kyurem
|-damage|p2a: Kyurem|77/100
|move|p2a: Kyurem|Dragon Dance|p2a: Kyurem
|-boost|p2a: Kyurem|atk|1
|-boost|p2a: Kyurem|spe|1
|
|upkeep
|turn|7
|inactive|tigerspace02 has 120 seconds left.
|
|t:|1758292168
|-terastallize|p1a: Ogerpon|Water
|detailschange|p1a: Ogerpon|Ogerpon-Wellspring-Tera, F, tera:Water
|-ability|p1a: Ogerpon|Embody Aspect (Wellspring)|boost
|-boost|p1a: Ogerpon|spd|1
|move|p2a: Kyurem|Earth Power|p1a: Ogerpon
|-damage|p1a: Ogerpon|78/100
|move|p1a: Ogerpon|Trailblaze|p2a: Kyurem
|-resisted|p2a: Kyurem
|-damage|p2a: Kyurem|64/100
|-boost|p1a: Ogerpon|spe|1
|
|upkeep
|turn|8
|inactive|tigerspace02 has 120 seconds left.
|
|t:|1758292180
|move|p2a: Kyurem|Freeze-Dry|p1a: Ogerpon
|-supereffective|p1a: Ogerpon
|-damage|p1a: Ogerpon|15/100
|move|p1a: Ogerpon|Swords Dance|p1a: Ogerpon
|-boost|p1a: Ogerpon|atk|2
|
|upkeep
|turn|9
|inactive|tigerspace02 has 120 seconds left.
|
|t:|1758292202
|move|p2a: Kyurem|Freeze-Dry|p1a: Ogerpon
|-supereffective|p1a: Ogerpon
|-damage|p1a: Ogerpon|0 fnt
|faint|p1a: Ogerpon
|detailschange|p1: Ogerpon|Ogerpon-Wellspring, F|[silent]
|
|upkeep
|
|t:|1758292205
|switch|p1a: Scizor|Scizor, F, shiny|62/100
|turn|10
|inactive|tigerspace02 has 120 seconds left.
|
|t:|1758292213
|-terastallize|p2a: Kyurem|Ground
|move|p2a: Kyurem|Earth Power|p1a: Scizor
|-damage|p1a: Scizor|0 fnt
|faint|p1a: Scizor
|
|upkeep
|
|t:|1758292218
|switch|p1a: Ting-Lu|Ting-Lu|100/100
|-ability|p1a: Ting-Lu|Vessel of Ruin
|turn|11
|c|☆authorbin|gg
|-message|authorbin forfeited.
|
|win|tigerspace02
|raw|authorbin's rating: 1458 &rarr; <strong>1436</strong><br />(-22 for losing)
|raw|tigerspace02's rating: 1430 &rarr; <strong>1452</strong><br />(+22 for winning)
|l|☆authorbin
|player|p1|
|c|☆tigerspace02|not over
|c|☆tigerspace02|ok gg
