|j|☆drayco lol
|j|☆king gimmick
|t:|1758314598
|gametype|singles
|player|p1|drayco lol|266|1048
|player|p2|king gimmick|1|1092
|gen|9
|tier|[Gen 9] OU
|rated|
|rule|HP Percentage Mod: HP is shown in percentages
|rule|Endless Battle Clause: Forcing endless battles is banned
|rule|Species Clause: Limit one of each Pokémon
|rule|OHKO Clause: OHKO moves are banned
|rule|Evasion Items Clause: Evasion items are banned
|rule|Evasion Moves Clause: Evasion moves are banned
|rule|Evasion Abilities Clause: Evasion abilities are banned
|rule|Sleep Moves Clause: Sleep-inducing moves are banned
|clearpoke
|poke|p1|Latios, M|
|poke|p1|Pelipper, F|
|poke|p1|Garchomp, M|
|poke|p1|Zapdos|
|poke|p1|Conkeldurr, F|
|poke|p1|Dragonite, F|
|poke|p2|Clodsire, F|
|poke|p2|Hawlucha, M|
|poke|p2|Metagross|
|poke|p2|Azumarill, F|
|poke|p2|Greninja-*, M|
|poke|p2|Skeledirge, F|
|teampreview
|inactive|Battle timer is ON: inactive players will automatically lose when time's up. (requested by king gimmick)
|
|t:|1758314623
|teamsize|p1|6
|teamsize|p2|6
|start
|switch|p1a: Garchomp|Garchomp, M|100/100
|switch|p2a: Clodsire|Clodsire, F|100/100
|turn|1
|
|t:|1758314630
|move|p1a: Garchomp|Spikes|p2a: Clodsire
|-sidestart|p2: king gimmick|Spikes
|move|p2a: Clodsire|Stealth Rock|p1a: Garchomp
|-sidestart|p1: drayco lol|move: Stealth Rock
|
|upkeep
|turn|2
|
|t:|1758314639
|switch|p2a: Hawlucha|Hawlucha, M, shiny|100/100
|move|p1a: Garchomp|Stealth Rock|p2a: Hawlucha
|-sidestart|p2: king gimmick|move: Stealth Rock
|
|upkeep
|turn|3
|
|t:|1758314650
|move|p2a: Hawlucha|Body Slam|p1a: Garchomp
|-enditem|p2a: Hawlucha|Normal Gem|[from] gem
|-damage|p1a: Garchomp|79/100
|-damage|p2a: Hawlucha|88/100|[from] ability: Rough Skin|[of] p1a: Garchomp
|move|p1a: Garchomp|Scale Shot|p2a: Hawlucha
|-damage|p2a: Hawlucha|72/100
|-damage|p2a: Hawlucha|56/100
|-damage|p2a: Hawlucha|41/100
|-hitcount|p2a: Hawlucha|3
|-unboost|p1a: Garchomp|def|1
|-boost|p1a: Garchomp|spe|1
|
|upkeep
|turn|4
|
|t:|1758314663
|move|p2a: Hawlucha|Acrobatics|p1a: Garchomp
|-damage|p1a: Garchomp|37/100
|-damage|p2a: Hawlucha|28/100|[from] ability: Rough Skin|[of] p1a: Garchomp
|move|p1a: Garchomp|Earthquake|p2a: Hawlucha
|-immune|p2a: Hawlucha
|
|upkeep
|turn|5
|
|t:|1758314679
|-terastallize|p1a: Garchomp|Dragon
|move|p2a: Hawlucha|Acrobatics|p1a: Garchomp
|-damage|p1a: Garchomp|0 fnt
|-damage|p2a: Hawlucha|16/100|[from] ability: Rough Skin|[of] p1a: Garchomp
|faint|p1a: Garchomp
|
|upkeep
|
|t:|1758314701
|switch|p1a: Pelipper|Pelipper, F|100/100
|-weather|RainDance|[from] ability: Drizzle|[of] p1a: Pelipper
|turn|6
|
|t:|1758314713
|move|p2a: Hawlucha|Acrobatics|p1a: Pelipper
|-damage|p1a: Pelipper|65/100
|move|p1a: Pelipper|Weather Ball|p2a: Hawlucha
|-damage|p2a: Hawlucha|0 fnt
|faint|p2a: Hawlucha
|
|-weather|RainDance|[upkeep]
|upkeep
|inactive|king gimmick has 120 seconds left.
|
|t:|1758314747
|switch|p2a: Metagross|Metagross|100/100
|-damage|p2a: Metagross|88/100|[from] Spikes
|-damage|p2a: Metagross|82/100|[from] Stealth Rock
|turn|7
|inactive|king gimmick has 120 seconds left.
|
|t:|1758314753
|move|p1a: Pelipper|Quick Attack|p2a: Metagross
|-resisted|p2a: Metagross
|-damage|p2a: Metagross|80/100
|move|p2a: Metagross|Agility|p2a: Metagross
|-boost|p2a: Metagross|spe|2
|
|-weather|RainDance|[upkeep]
|upkeep
|turn|8
|inactive|king gimmick has 120 seconds left.
|
|t:|1758314764
|move|p2a: Metagross|Psychic Fangs|p1a: Pelipper
|-damage|p1a: Pelipper|25/100
|move|p1a: Pelipper|Weather Ball|p2a: Metagross
|-damage|p2a: Metagross|32/100
|
|-weather|RainDance|[upkeep]
|upkeep
|turn|9
|
|t:|1758314772
|move|p2a: Metagross|Psychic Fangs|p1a: Pelipper
|-damage|p1a: Pelipper|0 fnt
|faint|p1a: Pelipper
|
|-weather|RainDance|[upkeep]
|upkeep
|
|t:|1758314780
|switch|p1a: Latios|Latios, M|100/100
|-damage|p1a: Latios|88/100|[from] Stealth Rock
|turn|10
|
|t:|1758314795
|move|p2a: Metagross|Iron Head|p1a: Latios
|-damage|p1a: Latios|47/100
|cant|p1a: Latios|flinch
|
|-weather|none
|upkeep
|turn|11
|
|t:|1758314803
|move|p2a: Metagross|Iron Head|p1a: Latios
|-damage|p1a: Latios|9/100
|move|p1a: Latios|Recover|p1a: Latios
|-heal|p1a: Latios|59/100
|
|upkeep
|turn|12
|
|t:|1758314811
|move|p2a: Metagross|Iron Head|p1a: Latios
|-damage|p1a: Latios|19/100
|move|p1a: Latios|Weather Ball|p2a: Metagross
|-resisted|p2a: Metagross
|-damage|p2a: Metagross|25/100
|
|upkeep
|turn|13
|
|t:|1758314822
|switch|p1a: Zapdos|Zapdos|100/100
|move|p2a: Metagross|Iron Head|p1a: Zapdos
|-resisted|p1a: Zapdos
|-damage|p1a: Zapdos|79/100
|-status|p2a: Metagross|par|[from] ability: Static|[of] p1a: Zapdos
|
|upkeep
|turn|14
|
|t:|1758314836
|move|p1a: Zapdos|Electro Ball|p2a: Metagross
|-damage|p2a: Metagross|2/100 par
|move|p2a: Metagross|Psychic Fangs|p1a: Zapdos
|-damage|p1a: Zapdos|25/100
|
|upkeep
|turn|15
|
|t:|1758314843
|move|p1a: Zapdos|Thunder Wave|p2a: Metagross
|-fail|p2a: Metagross|par
|cant|p2a: Metagross|par
|
|upkeep
|turn|16
|
|t:|1758314849
|move|p1a: Zapdos|Thunderbolt|p2a: Metagross
|-crit|p2a: Metagross
|-damage|p2a: Metagross|0 fnt
|faint|p2a: Metagross
|
|upkeep
|
|t:|1758314868
|switch|p2a: Clodsire|Clodsire, F|100/100
|-damage|p2a: Clodsire|88/100|[from] Spikes
|-damage|p2a: Clodsire|82/100|[from] Stealth Rock
|turn|17
|
|t:|1758314875
|move|p1a: Zapdos|Thunder Wave|p2a: Clodsire
|-immune|p2a: Clodsire
|move|p2a: Clodsire|Poison Jab|p1a: Zapdos
|-damage|p1a: Zapdos|2/100
|-status|p1a: Zapdos|psn
|
|-damage|p1a: Zapdos|0 fnt|[from] psn
|faint|p1a: Zapdos
|upkeep
|
|t:|1758314891
|switch|p1a: Dragonite|Dragonite, F|100/100
|turn|18
|
|t:|1758314900
|move|p1a: Dragonite|Extreme Speed|p2a: Clodsire
|-damage|p2a: Clodsire|64/100
|move|p2a: Clodsire|Poison Jab|p1a: Dragonite
|-damage|p1a: Dragonite|85/100
|
|upkeep
|turn|19
|
|t:|1758314908
|move|p2a: Clodsire|Poison Jab|p1a: Dragonite
|-damage|p1a: Dragonite|68/100
|move|p1a: Dragonite|Dragon Tail|p2a: Clodsire
|-damage|p2a: Clodsire|44/100
|drag|p2a: Skeledirge|Skeledirge, F|100/100
|-damage|p2a: Skeledirge|88/100|[from] Spikes
|-damage|p2a: Skeledirge|63/100|[from] Stealth Rock
|
|upkeep
|turn|20
|
|t:|1758314919
|move|p1a: Dragonite|Extreme Speed|p2a: Skeledirge
|-immune|p2a: Skeledirge
|move|p2a: Skeledirge|Alluring Voice|p1a: Dragonite
|-supereffective|p1a: Dragonite
|-damage|p1a: Dragonite|33/100
|-enditem|p2a: Skeledirge|Throat Spray
|-boost|p2a: Skeledirge|spa|1|[from] item: Throat Spray
|
|upkeep
|turn|21
|
|t:|1758314928
|move|p2a: Skeledirge|Alluring Voice|p1a: Dragonite
|-supereffective|p1a: Dragonite
|-damage|p1a: Dragonite|0 fnt
|faint|p1a: Dragonite
|
|upkeep
|
|t:|1758314933
|switch|p1a: Conkeldurr|Conkeldurr, F|100/100
|turn|22
|
|t:|1758314940
|move|p1a: Conkeldurr|Mach Punch|p2a: Skeledirge
|-immune|p2a: Skeledirge
|move|p2a: Skeledirge|Slack Off|p2a: Skeledirge
|-heal|p2a: Skeledirge|100/100
|
|upkeep
|turn|23
|
|t:|1758314949
|move|p2a: Skeledirge|Torch Song|p1a: Conkeldurr
|-damage|p1a: Conkeldurr|52/100
|-boost|p2a: Skeledirge|spa|1
|move|p1a: Conkeldurr|Body Slam|p2a: Skeledirge
|-immune|p2a: Skeledirge
|
|upkeep
|turn|24
|
|t:|1758314958
|move|p2a: Skeledirge|Flame Charge|p1a: Conkeldurr
|-damage|p1a: Conkeldurr|43/100
|-boost|p2a: Skeledirge|spe|1
|move|p1a: Conkeldurr|Drain Punch|p2a: Skeledirge
|-immune|p2a: Skeledirge
|
|upkeep
|turn|25
|
|t:|1758314966
|move|p2a: Skeledirge|Torch Song|p1a: Conkeldurr
|-damage|p1a: Conkeldurr|0 fnt
|-boost|p2a: Skeledirge|spa|1
|faint|p1a: Conkeldurr
|
|upkeep
|
|t:|1758314972
|switch|p1a: Latios|Latios, M|19/100
|-damage|p1a: Latios|7/100|[from] Stealth Rock
|turn|26
|
|t:|1758314976
|move|p2a: Skeledirge|Alluring Voice|p1a: Latios
|-supereffective|p1a: Latios
|-damage|p1a: Latios|0 fnt
|faint|p1a: Latios
|
|win|king gimmick
|raw|drayco lol's rating: 1048 &rarr; <strong>1033</strong><br />(-15 for losing)
|raw|king gimmick's rating: 1092 &rarr; <strong>1115</strong><br />(+23 for winning)
