|j|☆Liepard 54
|j|☆DannyDumps
|t:|1758328960
|gametype|singles
|player|p1|Liepard 54|hilda|1117
|player|p2|DannyDumps|102|1161
|gen|9
|tier|[Gen 9] OU
|rated|
|rule|HP Percentage Mod: HP is shown in percentages
|rule|Endless Battle Clause: Forcing endless battles is banned
|rule|Species Clause: Limit one of each Pokémon
|rule|OHKO Clause: OHKO moves are banned
|rule|Evasion Items Clause: Evasion items are banned
|rule|Evasion Moves Clause: Evasion moves are banned
|rule|Evasion Abilities Clause: Evasion abilities are banned
|rule|Sleep Moves Clause: Sleep-inducing moves are banned
|clearpoke
|poke|p1|Araquanid, M|
|poke|p1|Blaziken, F|
|poke|p1|Clodsire, F|
|poke|p1|Meowscarada, M|
|poke|p1|Corviknight, F|
|poke|p1|Slowking-Galar, F|
|poke|p2|Pelipper, F|
|poke|p2|Hatterene, F|
|poke|p2|Iron Treads|
|poke|p2|Toxicroak, F|
|poke|p2|Barraskewda, F|
|poke|p2|Zapdos|
|teampreview
|inactive|Battle timer is ON: inactive players will automatically lose when time's up. (requested by Liepard 54)
|
|t:|1758328970
|teamsize|p1|6
|teamsize|p2|6
|start
|switch|p1a: Meowscarada|Meowscarada, M|100/100
|switch|p2a: Barraskewda|Barraskewda, F|100/100
|turn|1
|
|t:|1758328984
|switch|p2a: Pelipper|Pelipper, F|100/100
|-weather|RainDance|[from] ability: Drizzle|[of] p2a: Pelipper
|move|p1a: Meowscarada|Flower Trick|p2a: Pelipper
|-start|p1a: Meowscarada|typechange|Grass|[from] ability: Protean
|-crit|p2a: Pelipper
|-damage|p2a: Pelipper|48/100
|
|-weather|RainDance|[upkeep]
|upkeep
|turn|2
|
|t:|1758328992
|switch|p2a: Zapdos|Zapdos|100/100
|move|p1a: Meowscarada|Flower Trick|p2a: Zapdos
|-resisted|p2a: Zapdos
|-crit|p2a: Zapdos
|-damage|p2a: Zapdos|71/100
|
|-weather|RainDance|[upkeep]
|upkeep
|turn|3
|
|t:|1758328997
|switch|p1a: Clodsire|Clodsire, F|100/100
|-terastallize|p2a: Zapdos|Flying
|move|p2a: Zapdos|Hurricane|p1a: Clodsire
|-damage|p1a: Clodsire|36/100
|-start|p1a: Clodsire|confusion
|
|-weather|RainDance|[upkeep]
|upkeep
|turn|4
|
|t:|1758329006
|move|p2a: Zapdos|Hurricane|p1a: Clodsire
|-damage|p1a: Clodsire|0 fnt
|faint|p1a: Clodsire
|
|-weather|RainDance|[upkeep]
|upkeep
|
|t:|1758329011
|switch|p1a: Corviknight|Corviknight, F|100/100
|turn|5
|
|t:|1758329020
|switch|p2a: Iron Treads|Iron Treads|100/100
|move|p1a: Corviknight|Brave Bird|p2a: Iron Treads
|-resisted|p2a: Iron Treads
|-damage|p2a: Iron Treads|86/100
|-damage|p1a: Corviknight|96/100|[from] Recoil
|
|-weather|RainDance|[upkeep]
|-heal|p2a: Iron Treads|92/100|[from] item: Leftovers
|upkeep
|turn|6
|
|t:|1758329025
|move|p2a: Iron Treads|Stealth Rock|p1a: Corviknight
|-sidestart|p1: Liepard 54|move: Stealth Rock
|move|p1a: Corviknight|Body Press|p2a: Iron Treads
|-supereffective|p2a: Iron Treads
|-damage|p2a: Iron Treads|50/100
|
|-weather|RainDance|[upkeep]
|-heal|p2a: Iron Treads|56/100|[from] item: Leftovers
|upkeep
|turn|7
|
|t:|1758329029
|move|p2a: Iron Treads|Volt Switch|p1a: Corviknight
|-supereffective|p1a: Corviknight
|-damage|p1a: Corviknight|73/100
|
|t:|1758329033
|-end|p2a: Iron Treads|Quark Drive|[silent]
|switch|p2a: Zapdos|Zapdos, tera:Flying|71/100|[from] Volt Switch
|move|p1a: Corviknight|Defog|p2a: Zapdos
|-unboost|p2a: Zapdos|evasion|1
|-sideend|p1: Liepard 54|Stealth Rock|[from] move: Defog|[of] p1a: Corviknight
|
|-weather|RainDance|[upkeep]
|upkeep
|turn|8
|
|t:|1758329041
|move|p2a: Zapdos|Volt Switch|p1a: Corviknight
|-supereffective|p1a: Corviknight
|-damage|p1a: Corviknight|0 fnt
|faint|p1a: Corviknight
|
|t:|1758329049
|switch|p2a: Toxicroak|Toxicroak, F|100/100|[from] Volt Switch
|
|-weather|none
|upkeep
|
|t:|1758329060
|switch|p1a: Slowking|Slowking-Galar, F|100/100
|turn|9
|
|t:|1758329071
|move|p2a: Toxicroak|Knock Off|p1a: Slowking
|-supereffective|p1a: Slowking
|-damage|p1a: Slowking|73/100
|move|p1a: Slowking|Flamethrower|p2a: Toxicroak
|-damage|p2a: Toxicroak|66/100
|
|upkeep
|turn|10
|
|t:|1758329083
|switch|p2a: Pelipper|Pelipper, F|48/100
|-weather|RainDance|[from] ability: Drizzle|[of] p2a: Pelipper
|move|p1a: Slowking|Psychic|p2a: Pelipper
|-damage|p2a: Pelipper|17/100
|
|-weather|RainDance|[upkeep]
|upkeep
|turn|11
|
|t:|1758329089
|move|p2a: Pelipper|U-turn|p1a: Slowking
|-damage|p1a: Slowking|65/100
|
|t:|1758329093
|switch|p2a: Barraskewda|Barraskewda, F|100/100|[from] U-turn
|move|p1a: Slowking|Psychic|p2a: Barraskewda
|-damage|p2a: Barraskewda|21/100
|
|-weather|RainDance|[upkeep]
|upkeep
|turn|12
|
|t:|1758329100
|move|p2a: Barraskewda|Flip Turn|p1a: Slowking
|-damage|p1a: Slowking|0 fnt
|faint|p1a: Slowking
|
|t:|1758329105
|switch|p2a: Toxicroak|Toxicroak, F|66/100|[from] Flip Turn
|
|-weather|RainDance|[upkeep]
|-heal|p2a: Toxicroak|79/100|[from] ability: Dry Skin
|upkeep
|
|t:|1758329109
|switch|p1a: Araquanid|Araquanid, M|100/100
|turn|13
|
|t:|1758329114
|move|p2a: Toxicroak|Toxic|p1a: Araquanid
|-status|p1a: Araquanid|tox
|move|p1a: Araquanid|Liquidation|p2a: Toxicroak
|-heal|p2a: Toxicroak|100/100|[from] ability: Dry Skin|[of] p1a: Araquanid
|
|-weather|RainDance|[upkeep]
|-damage|p1a: Araquanid|94/100 tox|[from] psn
|upkeep
|turn|14
|
|t:|1758329123
|move|p2a: Toxicroak|Encore|p1a: Araquanid
|-start|p1a: Araquanid|Encore
|move|p1a: Araquanid|Liquidation|p2a: Toxicroak
|-immune|p2a: Toxicroak|[from] ability: Dry Skin
|
|-weather|RainDance|[upkeep]
|-damage|p1a: Araquanid|82/100 tox|[from] psn
|upkeep
|turn|15
|
|t:|1758329128
|switch|p1a: Blaziken|Blaziken, F|100/100
|move|p2a: Toxicroak|Knock Off|p1a: Blaziken
|-resisted|p1a: Blaziken
|-crit|p1a: Blaziken
|-damage|p1a: Blaziken|72/100
|-enditem|p1a: Blaziken|Life Orb|[from] move: Knock Off|[of] p2a: Toxicroak
|
|-weather|RainDance|[upkeep]
|upkeep
|turn|16
|
|t:|1758329144
|switch|p2a: Hatterene|Hatterene, F|100/100
|move|p1a: Blaziken|Protect||[still]
|-fail|p1a: Blaziken
|
|-weather|RainDance|[upkeep]
|-ability|p1a: Blaziken|Speed Boost|boost
|-boost|p1a: Blaziken|spe|1
|upkeep
|turn|17
|
|t:|1758329150
|switch|p1a: Araquanid|Araquanid, M|82/100 tox
|move|p2a: Hatterene|Nuzzle|p1a: Araquanid
|-supereffective|p1a: Araquanid
|-damage|p1a: Araquanid|74/100 tox
|
|-weather|none
|-damage|p1a: Araquanid|68/100 tox|[from] psn
|upkeep
|turn|18
|
|t:|1758329166
|move|p2a: Hatterene|Healing Wish|p2a: Hatterene
|faint|p2a: Hatterene
|move|p1a: Araquanid|Poison Jab|p2: Hatterene|[notarget]
|-fail|p1a: Araquanid
|
|-damage|p1a: Araquanid|56/100 tox|[from] psn
|upkeep
|
|t:|1758329169
|switch|p2a: Pelipper|Pelipper, F|17/100
|-heal|p2a: Pelipper|100/100|[from] move: Healing Wish
|-weather|RainDance|[from] ability: Drizzle|[of] p2a: Pelipper
|turn|19
|
|t:|1758329175
|move|p2a: Pelipper|Hurricane|p1a: Araquanid
|-supereffective|p1a: Araquanid
|-damage|p1a: Araquanid|6/100 tox
|move|p1a: Araquanid|Poison Jab|p2a: Pelipper
|-damage|p2a: Pelipper|84/100
|-status|p2a: Pelipper|psn
|
|-weather|RainDance|[upkeep]
|-damage|p2a: Pelipper|72/100 psn|[from] psn
|-damage|p1a: Araquanid|0 fnt|[from] psn
|faint|p1a: Araquanid
|upkeep
|
|t:|1758329185
|switch|p1a: Blaziken|Blaziken, F|72/100
|turn|20
|
|t:|1758329187
|move|p1a: Blaziken|Protect|p1a: Blaziken
|-singleturn|p1a: Blaziken|Protect
|move|p2a: Pelipper|Hurricane|p1a: Blaziken
|-activate|p1a: Blaziken|move: Protect
|
|-weather|RainDance|[upkeep]
|-damage|p2a: Pelipper|59/100 psn|[from] psn
|-ability|p1a: Blaziken|Speed Boost|boost
|-boost|p1a: Blaziken|spe|1
|upkeep
|turn|21
|
|t:|1758329201
|-terastallize|p1a: Blaziken|Fighting
|move|p1a: Blaziken|Swords Dance|p1a: Blaziken
|-boost|p1a: Blaziken|atk|2
|move|p2a: Pelipper|Hurricane|p1a: Blaziken
|-supereffective|p1a: Blaziken
|-damage|p1a: Blaziken|0 fnt
|faint|p1a: Blaziken
|
|-weather|RainDance|[upkeep]
|-damage|p2a: Pelipper|47/100 psn|[from] psn
|upkeep
|
|t:|1758329204
|switch|p1a: Meowscarada|Meowscarada, M|100/100
|turn|22
|
|t:|1758329209
|move|p1a: Meowscarada|Shadow Claw|p2a: Pelipper
|-start|p1a: Meowscarada|typechange|Ghost|[from] ability: Protean
|-damage|p2a: Pelipper|14/100 psn
|move|p2a: Pelipper|Hurricane|p1a: Meowscarada
|-damage|p1a: Meowscarada|44/100
|
|-weather|RainDance|[upkeep]
|-damage|p2a: Pelipper|1/100 psn|[from] psn
|upkeep
|turn|23
|
|t:|1758329216
|move|p1a: Meowscarada|Shadow Claw|p2a: Pelipper
|-damage|p2a: Pelipper|0 fnt
|faint|p2a: Pelipper
|
|-weather|RainDance|[upkeep]
|upkeep
|
|t:|1758329219
|switch|p2a: Barraskewda|Barraskewda, F|21/100
|turn|24
|
|t:|1758329225
|move|p2a: Barraskewda|Aqua Jet|p1a: Meowscarada
|-damage|p1a: Meowscarada|0 fnt
|faint|p1a: Meowscarada
|
|win|DannyDumps
|raw|Liepard 54's rating: 1117 &rarr; <strong>1095</strong><br />(-22 for losing)
|raw|DannyDumps's rating: 1161 &rarr; <strong>1183</strong><br />(+22 for winning)
|l|☆Liepard 54
|player|p1|
