|j|☆RiaSingh2121
|j|☆NightZero
|t:|1758288593
|gametype|singles
|player|p1|RiaSingh2121|1|1282
|player|p2|NightZero|gaeric|1231
|gen|9
|tier|[Gen 9] OU
|rated|
|rule|HP Percentage Mod: HP is shown in percentages
|rule|Endless Battle Clause: Forcing endless battles is banned
|rule|Species Clause: Limit one of each Pokémon
|rule|OHKO Clause: OHKO moves are banned
|rule|Evasion Items Clause: Evasion items are banned
|rule|Evasion Moves Clause: Evasion moves are banned
|rule|Evasion Abilities Clause: Evasion abilities are banned
|rule|Sleep Moves Clause: Sleep-inducing moves are banned
|clearpoke
|poke|p1|Hatterene, F|
|poke|p1|Torkoal, M|
|poke|p1|Corviknight, F|
|poke|p1|Ursaluna, M|
|poke|p1|Hattrem, F|
|poke|p1|Iron Hands|
|poke|p2|Ting-Lu|
|poke|p2|Iron Hands|
|poke|p2|Weezing-Galar, M|
|poke|p2|Venusaur, M|
|poke|p2|Ninetales, F|
|poke|p2|Glalie, M|
|teampreview
|inactive|Battle timer is ON: inactive players will automatically lose when time's up. (requested by NightZero)
|
|t:|1758288601
|teamsize|p1|6
|teamsize|p2|6
|start
|switch|p1a: Hattrem|Hattrem, F|100/100
|switch|p2a: Weezing|Weezing-Galar, M|100/100
|-ability|p2a: Weezing|Neutralizing Gas
|turn|1
|
|t:|1758288613
|move|p2a: Weezing|Sludge Bomb|p1a: Hattrem
|-crit|p1a: Hattrem
|-damage|p1a: Hattrem|60/100
|-status|p1a: Hattrem|psn
|move|p1a: Hattrem|Trick Room|p1a: Hattrem
|-fieldstart|move: Trick Room|[of] p1a: Hattrem
|
|-damage|p1a: Hattrem|48/100 psn|[from] psn
|upkeep
|turn|2
|
|t:|1758288622
|move|p1a: Hattrem|Healing Wish|p1a: Hattrem
|faint|p1a: Hattrem
|move|p2a: Weezing|Sludge Bomb|p1: Hattrem|[notarget]
|-fail|p2a: Weezing
|
|upkeep
|
|t:|1758288628
|switch|p1a: Ursaluna|Ursaluna, M|100/100
|turn|3
|
|t:|1758288632
|-end|p2a: Weezing|ability: Neutralizing Gas
|switch|p2a: Glalie|Glalie, M, shiny|100/100
|move|p1a: Ursaluna|Swords Dance|p1a: Ursaluna
|-boost|p1a: Ursaluna|atk|2
|
|-status|p1a: Ursaluna|brn|[from] item: Flame Orb
|upkeep
|turn|4
|
|t:|1758288643
|move|p1a: Ursaluna|Drain Punch|p2a: Glalie
|-supereffective|p2a: Glalie
|-enditem|p2a: Glalie|Focus Sash
|-damage|p2a: Glalie|1/100
|move|p2a: Glalie|Chilling Water|p1a: Ursaluna
|-supereffective|p1a: Ursaluna
|-damage|p1a: Ursaluna|79/100 brn
|-unboost|p1a: Ursaluna|atk|1
|
|-damage|p1a: Ursaluna|73/100 brn|[from] brn
|upkeep
|turn|5
|
|t:|1758288650
|move|p1a: Ursaluna|Drain Punch|p2a: Glalie
|-supereffective|p2a: Glalie
|-damage|p2a: Glalie|0 fnt
|-heal|p1a: Ursaluna|74/100 brn|[from] drain|[of] p2a: Glalie
|faint|p2a: Glalie
|
|-damage|p1a: Ursaluna|67/100 brn|[from] brn
|-fieldend|move: Trick Room
|upkeep
|
|t:|1758288659
|switch|p2a: Ting-Lu|Ting-Lu|100/100
|-ability|p2a: Ting-Lu|Vessel of Ruin
|turn|6
|
|t:|1758288664
|move|p2a: Ting-Lu|Ruination|p1a: Ursaluna
|-damage|p1a: Ursaluna|34/100 brn
|move|p1a: Ursaluna|Drain Punch|p2a: Ting-Lu
|-supereffective|p2a: Ting-Lu
|-damage|p2a: Ting-Lu|27/100
|-heal|p1a: Ursaluna|75/100 brn|[from] drain|[of] p2a: Ting-Lu
|
|-heal|p2a: Ting-Lu|33/100|[from] item: Leftovers
|-damage|p1a: Ursaluna|69/100 brn|[from] brn
|upkeep
|turn|7
|
|t:|1758288675
|move|p1a: Ursaluna|Facade|p2a: Ting-Lu
|-damage|p2a: Ting-Lu|0 fnt
|faint|p2a: Ting-Lu
|
|-damage|p1a: Ursaluna|63/100 brn|[from] brn
|upkeep
|
|t:|1758288683
|switch|p2a: Ninetales|Ninetales, F|100/100
|-weather|SunnyDay|[from] ability: Drought|[of] p2a: Ninetales
|turn|8
|
|t:|1758288694
|switch|p1a: Iron Hands|Iron Hands|100/100
|move|p2a: Ninetales|Weather Ball|p1a: Iron Hands
|-damage|p1a: Iron Hands|79/100
|
|-weather|SunnyDay|[upkeep]
|upkeep
|turn|9
|
|t:|1758288707
|move|p2a: Ninetales|Will-O-Wisp|p1a: Iron Hands|[miss]
|-miss|p2a: Ninetales|p1a: Iron Hands
|move|p1a: Iron Hands|Drain Punch|p2a: Ninetales
|-damage|p2a: Ninetales|58/100
|-heal|p1a: Iron Hands|94/100|[from] drain|[of] p2a: Ninetales
|
|-weather|SunnyDay|[upkeep]
|upkeep
|turn|10
|
|t:|1758288720
|switch|p2a: Weezing|Weezing-Galar, M|100/100
|-ability|p2a: Weezing|Neutralizing Gas
|-end|p1a: Iron Hands|Quark Drive|[silent]
|switch|p1a: Hatterene|Hatterene, F|100/100
|
|-weather|SunnyDay|[upkeep]
|upkeep
|turn|11
|
|t:|1758288736
|move|p2a: Weezing|Sludge Bomb|p1a: Hatterene
|-supereffective|p1a: Hatterene
|-damage|p1a: Hatterene|59/100
|move|p1a: Hatterene|Trick Room|p1a: Hatterene
|-fieldstart|move: Trick Room|[of] p1a: Hatterene
|
|-weather|SunnyDay|[upkeep]
|upkeep
|turn|12
|
|t:|1758288742
|switch|p1a: Ursaluna|Ursaluna, M|63/100 brn
|-heal|p1a: Ursaluna|100/100|[from] move: Healing Wish
|move|p2a: Weezing|Sludge Bomb|p1a: Ursaluna
|-resisted|p1a: Ursaluna
|-damage|p1a: Ursaluna|89/100
|
|-weather|SunnyDay|[upkeep]
|-status|p1a: Ursaluna|brn|[from] item: Flame Orb
|upkeep
|turn|13
|
|t:|1758288757
|move|p1a: Ursaluna|Earthquake|p2a: Weezing
|-supereffective|p2a: Weezing
|-damage|p2a: Weezing|61/100
|move|p2a: Weezing|Pain Split|p1a: Ursaluna
|-sethp|p1a: Ursaluna|66/100 brn|[from] move: Pain Split|[silent]
|-sethp|p2a: Weezing|92/100|[from] move: Pain Split
|
|-weather|SunnyDay|[upkeep]
|-damage|p1a: Ursaluna|60/100 brn|[from] brn
|upkeep
|turn|14
|
|t:|1758288765
|move|p1a: Ursaluna|Swords Dance|p1a: Ursaluna
|-boost|p1a: Ursaluna|atk|2
|move|p2a: Weezing|Pain Split|p1a: Ursaluna
|-sethp|p1a: Ursaluna|63/100 brn|[from] move: Pain Split|[silent]
|-sethp|p2a: Weezing|88/100|[from] move: Pain Split
|
|-weather|SunnyDay|[upkeep]
|-damage|p1a: Ursaluna|57/100 brn|[from] brn
|upkeep
|turn|15
|
|t:|1758288778
|move|p1a: Ursaluna|Facade|p2a: Weezing
|-damage|p2a: Weezing|0 fnt
|faint|p2a: Weezing
|-end|p2a: Weezing|ability: Neutralizing Gas
|
|-weather|none
|-damage|p1a: Ursaluna|51/100 brn|[from] brn
|-fieldend|move: Trick Room
|upkeep
|
|t:|1758288783
|switch|p2a: Ninetales|Ninetales, F|58/100
|-weather|SunnyDay|[from] ability: Drought|[of] p2a: Ninetales
|turn|16
|
|t:|1758288795
|switch|p1a: Iron Hands|Iron Hands|94/100
|move|p2a: Ninetales|Weather Ball|p1a: Iron Hands
|-damage|p1a: Iron Hands|68/100
|
|-weather|SunnyDay|[upkeep]
|upkeep
|turn|17
|
|t:|1758288806
|switch|p2a: Venusaur|Venusaur, M|100/100
|move|p1a: Iron Hands|Earthquake|p2a: Venusaur
|-damage|p2a: Venusaur|56/100
|
|-weather|SunnyDay|[upkeep]
|upkeep
|turn|18
|
|t:|1758288821
|move|p2a: Venusaur|Giga Drain|p1a: Iron Hands
|-damage|p1a: Iron Hands|44/100
|-heal|p2a: Venusaur|76/100|[from] drain|[of] p1a: Iron Hands
|-damage|p2a: Venusaur|66/100|[from] item: Life Orb
|move|p1a: Iron Hands|Ice Punch|p2a: Venusaur
|-supereffective|p2a: Venusaur
|-damage|p2a: Venusaur|0 fnt
|faint|p2a: Venusaur
|
|-weather|SunnyDay|[upkeep]
|upkeep
|
|t:|1758288829
|switch|p2a: Ninetales|Ninetales, F|58/100
|turn|19
|
|t:|1758288850
|move|p2a: Ninetales|Will-O-Wisp|p1a: Iron Hands
|-status|p1a: Iron Hands|brn
|move|p1a: Iron Hands|Earthquake|p2a: Ninetales
|-supereffective|p2a: Ninetales
|-damage|p2a: Ninetales|16/100
|
|-weather|SunnyDay|[upkeep]
|-damage|p1a: Iron Hands|38/100 brn|[from] brn
|upkeep
|turn|20
|
|t:|1758288860
|move|p2a: Ninetales|Encore|p1a: Iron Hands
|-start|p1a: Iron Hands|Encore
|move|p1a: Iron Hands|Earthquake|p2a: Ninetales
|-supereffective|p2a: Ninetales
|-damage|p2a: Ninetales|0 fnt
|faint|p2a: Ninetales
|
|-weather|SunnyDay|[upkeep]
|-damage|p1a: Iron Hands|32/100 brn|[from] brn
|upkeep
|
|t:|1758288861
|switch|p2a: Iron Hands|Iron Hands|100/100
|-enditem|p2a: Iron Hands|Booster Energy
|-activate|p2a: Iron Hands|ability: Quark Drive|[fromitem]
|-start|p2a: Iron Hands|quarkdriveatk
|turn|21
|
|t:|1758288886
|-end|p1a: Iron Hands|Quark Drive|[silent]
|switch|p1a: Corviknight|Corviknight, F|100/100
|-terastallize|p2a: Iron Hands|Flying
|move|p2a: Iron Hands|Swords Dance|p2a: Iron Hands
|-boost|p2a: Iron Hands|atk|2
|
|-weather|SunnyDay|[upkeep]
|upkeep
|turn|22
|
|t:|1758288895
|move|p1a: Corviknight|Brave Bird|p2a: Iron Hands
|-damage|p2a: Iron Hands|74/100
|-damage|p1a: Corviknight|90/100|[from] Recoil
|move|p2a: Iron Hands|Thunder Punch|p1a: Corviknight
|-supereffective|p1a: Corviknight
|-damage|p1a: Corviknight|0 fnt
|-damage|p2a: Iron Hands|57/100|[from] item: Rocky Helmet|[of] p1a: Corviknight
|faint|p1a: Corviknight
|
|-weather|SunnyDay|[upkeep]
|upkeep
|
|t:|1758288910
|switch|p1a: Hatterene|Hatterene, F|59/100
|turn|23
|
|t:|1758288913
|move|p2a: Iron Hands|Thunder Punch|p1a: Hatterene
|-damage|p1a: Hatterene|0 fnt
|faint|p1a: Hatterene
|
|-weather|none
|upkeep
|
|t:|1758288919
|switch|p1a: Ursaluna|Ursaluna, M|51/100 brn
|turn|24
|
|t:|1758288924
|move|p2a: Iron Hands|Drain Punch|p1a: Ursaluna
|-supereffective|p1a: Ursaluna
|-damage|p1a: Ursaluna|0 fnt
|-heal|p2a: Iron Hands|84/100|[from] drain|[of] p1a: Ursaluna
|faint|p1a: Ursaluna
|
|upkeep
|
|t:|1758288930
|switch|p1a: Torkoal|Torkoal, M|100/100
|-weather|SunnyDay|[from] ability: Drought|[of] p1a: Torkoal
|turn|25
|
|t:|1758288935
|-terastallize|p1a: Torkoal|Fire
|move|p2a: Iron Hands|Drain Punch|p1a: Torkoal
|-damage|p1a: Torkoal|19/100
|-heal|p2a: Iron Hands|100/100|[from] drain|[of] p1a: Torkoal
|move|p1a: Torkoal|Lava Plume|p2a: Iron Hands
|-damage|p2a: Iron Hands|42/100
|-status|p2a: Iron Hands|brn
|
|-weather|SunnyDay|[upkeep]
|-damage|p2a: Iron Hands|36/100 brn|[from] brn
|upkeep
|turn|26
|
|t:|1758288945
|move|p2a: Iron Hands|Drain Punch|p1a: Torkoal
|-damage|p1a: Torkoal|0 fnt
|-heal|p2a: Iron Hands|43/100 brn|[from] drain|[of] p1a: Torkoal
|faint|p1a: Torkoal
|
|-weather|SunnyDay|[upkeep]
|-damage|p2a: Iron Hands|37/100 brn|[from] brn
|upkeep
|
|t:|1758288947
|switch|p1a: Iron Hands|Iron Hands|32/100 brn
|turn|27
|
|t:|1758288950
|move|p2a: Iron Hands|Drain Punch|p1a: Iron Hands
|-damage|p1a: Iron Hands|3/100 brn
|-heal|p2a: Iron Hands|53/100 brn|[from] drain|[of] p1a: Iron Hands
|move|p1a: Iron Hands|Thunder Punch|p2a: Iron Hands
|-supereffective|p2a: Iron Hands
|-damage|p2a: Iron Hands|26/100 brn
|
|-weather|SunnyDay|[upkeep]
|-damage|p2a: Iron Hands|20/100 brn|[from] brn
|-damage|p1a: Iron Hands|0 fnt|[from] brn
|faint|p1a: Iron Hands
|-end|p1a: Iron Hands|Quark Drive|[silent]
|
|win|NightZero
|raw|RiaSingh2121's rating: 1282 &rarr; <strong>1253</strong><br />(-29 for losing)
|raw|NightZero's rating: 1231 &rarr; <strong>1260</strong><br />(+29 for winning)
|l|☆NightZero
|player|p2|
|l|☆RiaSingh2121
|player|p1|
