|j|☆turbotoby95
|j|☆lolcano46
|t:|1758232802
|gametype|singles
|player|p1|turbotoby95|101|1507
|player|p2|lolcano46|fisherman-gen4|1572
|gen|9
|tier|[Gen 9] OU
|rated|
|rule|HP Percentage Mod: HP is shown in percentages
|rule|Endless Battle Clause: Forcing endless battles is banned
|rule|Species Clause: Limit one of each Pokémon
|rule|OHKO Clause: OHKO moves are banned
|rule|Evasion Items Clause: Evasion items are banned
|rule|Evasion Moves Clause: Evasion moves are banned
|rule|Evasion Abilities Clause: Evasion abilities are banned
|rule|Sleep Moves Clause: Sleep-inducing moves are banned
|clearpoke
|poke|p1|Vaporeon, F|
|poke|p1|Ting-Lu|
|poke|p1|Darkrai|
|poke|p1|Gholdengo|
|poke|p1|Ditto|
|poke|p1|Dragonite, F|
|poke|p2|Azelf|
|poke|p2|Ogerpon-Wellspring, F|
|poke|p2|Scizor, M|
|poke|p2|Gengar, M|
|poke|p2|Raging Bolt|
|poke|p2|Cinderace, M|
|teampreview
|inactive|Battle timer is ON: inactive players will automatically lose when time's up. (requested by lolcano46)
|
|t:|1758232813
|teamsize|p1|6
|teamsize|p2|6
|start
|switch|p1a: Yoink!|Ditto, shiny|100/100
|switch|p2a: Gengar|Gengar, M|100/100
|-transform|p1a: Yoink!|p2a: Gengar|[from] ability: Imposter
|turn|1
|
|t:|1758232819
|move|p2a: Gengar|Thunder Wave|p1a: Yoink!
|-status|p1a: Yoink!|par
|cant|p1a: Yoink!|par
|
|upkeep
|turn|2
|
|t:|1758232825
|switch|p2a: Cinderace|Cinderace, M|100/100
|move|p1a: Yoink!|Shadow Ball|p2a: Cinderace
|-damage|p2a: Cinderace|45/100
|
|upkeep
|turn|3
|
|t:|1758232831
|move|p2a: Cinderace|Sucker Punch|p1a: Yoink!
|-start|p2a: Cinderace|typechange|Dark|[from] ability: Libero
|-supereffective|p1a: Yoink!
|-damage|p1a: Yoink!|0 fnt
|-start|p2a: Cinderace|Disable|Sucker Punch|[from] ability: Cursed Body|[of] p1a: Yoink!
|faint|p1a: Yoink!
|
|upkeep
|
|t:|1758232838
|switch|p1a: Gyatdengo|Gholdengo|100/100
|turn|4
|
|t:|1758232844
|switch|p2a: Raging Bolt|Raging Bolt|100/100
|-enditem|p2a: Raging Bolt|Booster Energy
|-activate|p2a: Raging Bolt|ability: Protosynthesis|[fromitem]
|-start|p2a: Raging Bolt|protosynthesisspa
|move|p1a: Gyatdengo|Thunder Wave|p2a: Raging Bolt|[miss]
|-miss|p1a: Gyatdengo|p2a: Raging Bolt
|
|upkeep
|turn|5
|
|t:|1758232851
|switch|p1a: Ting-Lu|Ting-Lu|100/100
|-ability|p1a: Ting-Lu|Vessel of Ruin
|move|p2a: Raging Bolt|Calm Mind|p2a: Raging Bolt
|-boost|p2a: Raging Bolt|spa|1
|-boost|p2a: Raging Bolt|spd|1
|
|upkeep
|turn|6
|
|t:|1758232854
|move|p2a: Raging Bolt|Dragon Pulse|p1a: Ting-Lu
|-damage|p1a: Ting-Lu|44/100
|move|p1a: Ting-Lu|Whirlwind|p2a: Raging Bolt
|-end|p2a: Raging Bolt|Protosynthesis|[silent]
|drag|p2a: Azelf|Azelf|100/100
|
|-heal|p1a: Ting-Lu|50/100|[from] item: Leftovers
|upkeep
|turn|7
|
|t:|1758232861
|move|p2a: Azelf|Dazzling Gleam|p1a: Ting-Lu
|-supereffective|p1a: Ting-Lu
|-damage|p1a: Ting-Lu|13/100
|move|p1a: Ting-Lu|Spikes|p2a: Azelf
|-sidestart|p2: lolcano46|Spikes
|
|-heal|p1a: Ting-Lu|19/100|[from] item: Leftovers
|upkeep
|turn|8
|
|t:|1758232869
|switch|p1a: Gyatdengo|Gholdengo|100/100
|move|p2a: Azelf|Flamethrower|p1a: Gyatdengo
|-supereffective|p1a: Gyatdengo
|-damage|p1a: Gyatdengo|16/100
|
|upkeep
|turn|9
|
|t:|1758232875
|switch|p2a: Cinderace|Cinderace, M|45/100
|move|p1a: Gyatdengo|Shadow Ball|p2a: Cinderace
|-damage|p2a: Cinderace|0 fnt
|faint|p2a: Cinderace
|
|upkeep
|
|t:|1758232880
|switch|p2a: Gengar|Gengar, M|100/100
|-damage|p2a: Gengar|88/100|[from] Spikes
|turn|10
|
|t:|1758232886
|move|p2a: Gengar|Shadow Ball|p1a: Gyatdengo
|-supereffective|p1a: Gyatdengo
|-damage|p1a: Gyatdengo|0 fnt
|faint|p1a: Gyatdengo
|
|upkeep
|
|t:|1758232888
|switch|p1a: Swagonite|Dragonite, F|100/100
|turn|11
|
|t:|1758232894
|switch|p2a: Azelf|Azelf|100/100
|move|p1a: Swagonite|Dragon Dance|p1a: Swagonite
|-boost|p1a: Swagonite|atk|1
|-boost|p1a: Swagonite|spe|1
|
|upkeep
|turn|12
|
|t:|1758232901
|switch|p2a: Gengar|Gengar, M|88/100
|-damage|p2a: Gengar|76/100|[from] Spikes
|move|p1a: Swagonite|Earthquake|p2a: Gengar
|-supereffective|p2a: Gengar
|-damage|p2a: Gengar|0 fnt
|faint|p2a: Gengar
|
|upkeep
|
|t:|1758232904
|switch|p2a: Azelf|Azelf|100/100
|turn|13
|
|t:|1758232908
|-terastallize|p2a: Azelf|Fairy
|move|p1a: Swagonite|Earthquake|p2a: Azelf
|-immune|p2a: Azelf|[from] ability: Levitate
|move|p2a: Azelf|Dazzling Gleam|p1a: Swagonite
|-supereffective|p1a: Swagonite
|-damage|p1a: Swagonite|54/100
|
|-heal|p1a: Swagonite|60/100|[from] item: Leftovers
|upkeep
|turn|14
|
|t:|1758232917
|-terastallize|p1a: Swagonite|Fire
|move|p1a: Swagonite|Roost|p1a: Swagonite
|-heal|p1a: Swagonite|100/100
|move|p2a: Azelf|Dazzling Gleam|p1a: Swagonite
|-resisted|p1a: Swagonite
|-crit|p1a: Swagonite
|-damage|p1a: Swagonite|85/100
|
|-heal|p1a: Swagonite|91/100|[from] item: Leftovers
|upkeep
|turn|15
|
|t:|1758232920
|move|p1a: Swagonite|Dragon Dance|p1a: Swagonite
|-boost|p1a: Swagonite|atk|1
|-boost|p1a: Swagonite|spe|1
|move|p2a: Azelf|Psychic|p1a: Swagonite
|-damage|p1a: Swagonite|44/100
|
|-heal|p1a: Swagonite|50/100|[from] item: Leftovers
|upkeep
|turn|16
|
|t:|1758232927
|move|p1a: Swagonite|Roost|p1a: Swagonite
|-heal|p1a: Swagonite|99/100
|move|p2a: Azelf|Psychic|p1a: Swagonite
|-damage|p1a: Swagonite|51/100
|
|-heal|p1a: Swagonite|57/100|[from] item: Leftovers
|upkeep
|turn|17
|
|t:|1758232933
|move|p1a: Swagonite|Roost|p1a: Swagonite
|-heal|p1a: Swagonite|100/100
|move|p2a: Azelf|Psychic|p1a: Swagonite
|-damage|p1a: Swagonite|75/100
|
|-heal|p1a: Swagonite|81/100|[from] item: Leftovers
|upkeep
|turn|18
|
|t:|1758232940
|move|p1a: Swagonite|Dragon Dance|p1a: Swagonite
|-boost|p1a: Swagonite|atk|1
|-boost|p1a: Swagonite|spe|1
|move|p2a: Azelf|Psychic|p1a: Swagonite
|-damage|p1a: Swagonite|30/100
|
|-heal|p1a: Swagonite|37/100|[from] item: Leftovers
|upkeep
|turn|19
|
|t:|1758232946
|move|p1a: Swagonite|Roost|p1a: Swagonite
|-heal|p1a: Swagonite|87/100
|move|p2a: Azelf|Psychic|p1a: Swagonite
|-damage|p1a: Swagonite|38/100
|
|-heal|p1a: Swagonite|44/100|[from] item: Leftovers
|upkeep
|turn|20
|
|t:|1758232953
|move|p1a: Swagonite|Roost|p1a: Swagonite
|-heal|p1a: Swagonite|94/100
|move|p2a: Azelf|Psychic|p1a: Swagonite
|-damage|p1a: Swagonite|42/100
|
|-heal|p1a: Swagonite|48/100|[from] item: Leftovers
|upkeep
|turn|21
|
|t:|1758232959
|move|p1a: Swagonite|Roost|p1a: Swagonite
|-heal|p1a: Swagonite|98/100
|move|p2a: Azelf|Psychic|p1a: Swagonite
|-damage|p1a: Swagonite|49/100
|
|-heal|p1a: Swagonite|55/100|[from] item: Leftovers
|upkeep
|turn|22
|
|t:|1758232966
|move|p1a: Swagonite|Roost|p1a: Swagonite
|-heal|p1a: Swagonite|100/100
|move|p2a: Azelf|Psychic|p1a: Swagonite
|-damage|p1a: Swagonite|75/100
|
|-heal|p1a: Swagonite|81/100|[from] item: Leftovers
|upkeep
|turn|23
|
|t:|1758232973
|move|p1a: Swagonite|Ice Spinner|p2a: Azelf
|-damage|p2a: Azelf|0 fnt
|faint|p2a: Azelf
|
|-heal|p1a: Swagonite|88/100|[from] item: Leftovers
|upkeep
|
|t:|1758232976
|switch|p2a: Ogerpon|Ogerpon-Wellspring, F|100/100
|-damage|p2a: Ogerpon|88/100|[from] Spikes
|turn|24
|
|t:|1758232979
|move|p1a: Swagonite|Ice Spinner|p2a: Ogerpon
|-damage|p2a: Ogerpon|0 fnt
|faint|p2a: Ogerpon
|
|-heal|p1a: Swagonite|94/100|[from] item: Leftovers
|upkeep
|
|t:|1758232983
|switch|p2a: Raging Bolt|Raging Bolt|100/100
|-damage|p2a: Raging Bolt|88/100|[from] Spikes
|turn|25
|
|t:|1758232986
|move|p2a: Raging Bolt|Thunderclap|p1a: Swagonite
|-damage|p1a: Swagonite|50/100
|move|p1a: Swagonite|Earthquake|p2a: Raging Bolt
|-supereffective|p2a: Raging Bolt
|-damage|p2a: Raging Bolt|0 fnt
|faint|p2a: Raging Bolt
|-end|p2a: Raging Bolt|Protosynthesis|[silent]
|
|-heal|p1a: Swagonite|56/100|[from] item: Leftovers
|upkeep
|
|t:|1758232989
|switch|p2a: Scizor|Scizor, M|100/100
|-damage|p2a: Scizor|88/100|[from] Spikes
|turn|26
|-message|lolcano46 forfeited.
|
|win|turbotoby95
|raw|turbotoby95's rating: 1507 &rarr; <strong>1531</strong><br />(+24 for winning)
|raw|lolcano46's rating: 1572 &rarr; <strong>1548</strong><br />(-24 for losing)
|l|☆lolcano46
|player|p2|
|l|☆turbotoby95
|player|p1|
