|j|☆Linton Molnar
|j|☆FinkLarry
|t:|1758362871
|gametype|singles
|player|p1|Linton Molnar|gambler|1182
|player|p2|FinkLarry|sisandbro|1142
|gen|9
|tier|[Gen 9] OU
|rated|
|rule|HP Percentage Mod: HP is shown in percentages
|rule|Endless Battle Clause: Forcing endless battles is banned
|rule|Species Clause: Limit one of each Pokémon
|rule|OHKO Clause: OHKO moves are banned
|rule|Evasion Items Clause: Evasion items are banned
|rule|Evasion Moves Clause: Evasion moves are banned
|rule|Evasion Abilities Clause: Evasion abilities are banned
|rule|Sleep Moves Clause: Sleep-inducing moves are banned
|clearpoke
|poke|p1|Alomomola, M|
|poke|p1|Dondozo, F|
|poke|p1|Blissey, F|
|poke|p1|Clodsire, F|
|poke|p1|Clefable, M|
|poke|p1|Garganacl, M|
|poke|p2|Rotom-Wash|
|poke|p2|Dragapult, M|
|poke|p2|Zoroark, F|
|poke|p2|Infernape, M|
|poke|p2|Cinderace, F|
|poke|p2|Kingambit, F|
|teampreview
|
|t:|1758362886
|teamsize|p1|6
|teamsize|p2|6
|start
|switch|p1a: Clodsire|Clodsire, F|100/100
|switch|p2a: Harrier Du Bois|Dragapult, M|100/100
|turn|1
|
|t:|1758362896
|move|p2a: Harrier Du Bois|U-turn|p1a: Clodsire
|-resisted|p1a: Clodsire
|-damage|p1a: Clodsire|88/100
|-damage|p2a: Harrier Du Bois|91/100|[from] item: Life Orb
|
|t:|1758362902
|switch|p2a: ZA/UM|Rotom-Wash|100/100|[from] U-turn
|move|p1a: Clodsire|Toxic|p2a: ZA/UM
|-status|p2a: ZA/UM|tox
|
|-heal|p1a: Clodsire|94/100|[from] item: Leftovers
|-damage|p2a: ZA/UM|95/100 tox|[from] psn
|upkeep
|turn|2
|
|t:|1758362918
|switch|p1a: Blissey|Blissey, F|100/100
|move|p2a: ZA/UM|Hydro Pump|p1a: Blissey
|-damage|p1a: Blissey|88/100
|
|-heal|p2a: ZA/UM|100/100 tox|[from] item: Leftovers
|-heal|p1a: Blissey|94/100|[from] item: Leftovers
|-damage|p2a: ZA/UM|89/100 tox|[from] psn
|upkeep
|turn|3
|
|t:|1758362938
|switch|p2a: Cindelaras|Cinderace, F|100/100
|move|p1a: Blissey|Stealth Rock|p2a: Cindelaras
|-sidestart|p2: FinkLarry|move: Stealth Rock
|
|-heal|p1a: Blissey|100/100|[from] item: Leftovers
|upkeep
|turn|4
|
|t:|1758362954
|switch|p1a: Garganacl|Garganacl, M|100/100
|move|p2a: Cindelaras|High Jump Kick|p1a: Garganacl
|-start|p2a: Cindelaras|typechange|Fighting|[from] ability: Libero
|-supereffective|p1a: Garganacl
|-damage|p1a: Garganacl|41/100
|
|-heal|p1a: Garganacl|47/100|[from] item: Leftovers
|upkeep
|turn|5
|
|t:|1758362974
|switch|p1a: Dondozo|Dondozo, F|100/100
|move|p2a: Cindelaras|High Jump Kick|p1a: Dondozo|[miss]
|-miss|p2a: Cindelaras|p1a: Dondozo
|-damage|p2a: Cindelaras|51/100|[from] highjumpkick
|
|upkeep
|turn|6
|
|t:|1758363004
|move|p2a: Cindelaras|High Jump Kick|p1a: Dondozo
|-damage|p1a: Dondozo|63/100
|move|p1a: Dondozo|Curse|p1a: Dondozo
|-unboost|p1a: Dondozo|spe|1
|-boost|p1a: Dondozo|atk|1
|-boost|p1a: Dondozo|def|1
|
|-heal|p1a: Dondozo|69/100|[from] item: Leftovers
|upkeep
|turn|7
|
|t:|1758363015
|move|p2a: Cindelaras|High Jump Kick|p1a: Dondozo
|-damage|p1a: Dondozo|44/100
|move|p1a: Dondozo|Curse|p1a: Dondozo
|-unboost|p1a: Dondozo|spe|1
|-boost|p1a: Dondozo|atk|1
|-boost|p1a: Dondozo|def|1
|
|-heal|p1a: Dondozo|50/100|[from] item: Leftovers
|upkeep
|turn|8
|
|t:|1758363030
|move|p2a: Cindelaras|U-turn|p1a: Dondozo
|-damage|p1a: Dondozo|43/100
|inactive|Battle timer is ON: inactive players will automatically lose when time's up. (requested by Linton Molnar)
|
|t:|1758363051
|switch|p2a: Harrier Du Bois|Dragapult, M|91/100|[from] U-turn
|-damage|p2a: Harrier Du Bois|78/100|[from] Stealth Rock
|move|p1a: Dondozo|Rest|p1a: Dondozo
|-status|p1a: Dondozo|slp|[from] move: Rest
|-heal|p1a: Dondozo|100/100 slp|[silent]
|
|upkeep
|turn|9
|
|t:|1758363066
|move|p2a: Harrier Du Bois|Dragon Dance|p2a: Harrier Du Bois
|-boost|p2a: Harrier Du Bois|atk|1
|-boost|p2a: Harrier Du Bois|spe|1
|cant|p1a: Dondozo|slp
|move|p1a: Dondozo|Sleep Talk|p1a: Dondozo
|move|p1a: Dondozo|Crunch|p2a: Harrier Du Bois|[from] move: Sleep Talk
|-supereffective|p2a: Harrier Du Bois
|-damage|p2a: Harrier Du Bois|0 fnt
|faint|p2a: Harrier Du Bois
|
|upkeep
|
|t:|1758363079
|switch|p2a: ZA/UM|Rotom-Wash|89/100 tox
|-damage|p2a: ZA/UM|76/100 tox|[from] Stealth Rock
|turn|10
|inactive|Linton Molnar has 120 seconds left.
|
|t:|1758363114
|-terastallize|p1a: Dondozo|Dragon
|move|p2a: ZA/UM|Volt Switch|p1a: Dondozo
|-resisted|p1a: Dondozo
|-damage|p1a: Dondozo|93/100 slp
|
|t:|1758363133
|switch|p2a: Cindelaras|Cinderace, F|51/100|[from] Volt Switch
|cant|p1a: Dondozo|slp
|
|-heal|p1a: Dondozo|99/100 slp|[from] item: Leftovers
|upkeep
|turn|11
|
|t:|1758363150
|move|p2a: Cindelaras|Court Change|p2a: Cindelaras
|-start|p2a: Cindelaras|typechange|Normal|[from] ability: Libero
|-swapsideconditions
|-activate|p2a: Cindelaras|move: Court Change
|-curestatus|p1a: Dondozo|slp|[msg]
|move|p1a: Dondozo|Curse|p1a: Dondozo
|-unboost|p1a: Dondozo|spe|1
|-boost|p1a: Dondozo|atk|1
|-boost|p1a: Dondozo|def|1
|
|-heal|p1a: Dondozo|100/100|[from] item: Leftovers
|upkeep
|turn|12
|
|t:|1758363163
|move|p2a: Cindelaras|U-turn|p1a: Dondozo
|-damage|p1a: Dondozo|95/100
|
|t:|1758363167
|switch|p2a: infer r*pe|Infernape, M|100/100|[from] U-turn
|move|p1a: Dondozo|Curse|p1a: Dondozo
|-unboost|p1a: Dondozo|spe|1
|-boost|p1a: Dondozo|atk|1
|-boost|p1a: Dondozo|def|1
|
|-heal|p1a: Dondozo|100/100|[from] item: Leftovers
|upkeep
|turn|13
|
|t:|1758363177
|move|p2a: infer r*pe|Flare Blitz|p1a: Dondozo
|-resisted|p1a: Dondozo
|-damage|p1a: Dondozo|95/100
|-damage|p2a: infer r*pe|97/100|[from] Recoil
|move|p1a: Dondozo|Curse|p1a: Dondozo
|-unboost|p1a: Dondozo|spe|1
|-boost|p1a: Dondozo|atk|1
|-boost|p1a: Dondozo|def|1
|
|-heal|p1a: Dondozo|100/100|[from] item: Leftovers
|upkeep
|turn|14
|
|t:|1758363189
|switch|p2a: Cindelaras|Cinderace, F|51/100
|move|p1a: Dondozo|Curse|p1a: Dondozo
|-unboost|p1a: Dondozo|spe|1
|-boost|p1a: Dondozo|atk|1
|-boost|p1a: Dondozo|def|1
|
|upkeep
|turn|15
|
|t:|1758363200
|move|p2a: Cindelaras|U-turn|p1a: Dondozo
|-start|p2a: Cindelaras|typechange|Bug|[from] ability: Libero
|-damage|p1a: Dondozo|96/100
|
|t:|1758363208
|switch|p2a: ZA/UM|Rotom-Wash|76/100 tox|[from] U-turn
|move|p1a: Dondozo|Crunch|p2a: ZA/UM
|-damage|p2a: ZA/UM|0 fnt
|faint|p2a: ZA/UM
|
|-heal|p1a: Dondozo|100/100|[from] item: Leftovers
|upkeep
|
|t:|1758363216
|switch|p2a: infer r*pe|Infernape, M|97/100
|turn|16
|
|t:|1758363223
|move|p2a: infer r*pe|Stone Edge|p1a: Dondozo
|-crit|p1a: Dondozo
|-damage|p1a: Dondozo|74/100
|move|p1a: Dondozo|Crunch|p2a: infer r*pe
|-resisted|p2a: infer r*pe
|-damage|p2a: infer r*pe|38/100
|
|-heal|p1a: Dondozo|80/100|[from] item: Leftovers
|upkeep
|turn|17
|
|t:|1758363233
|move|p2a: infer r*pe|Stone Edge|p1a: Dondozo|[miss]
|-miss|p2a: infer r*pe|p1a: Dondozo
|move|p1a: Dondozo|Crunch|p2a: infer r*pe
|-resisted|p2a: infer r*pe
|-damage|p2a: infer r*pe|0 fnt
|faint|p2a: infer r*pe
|
|-heal|p1a: Dondozo|86/100|[from] item: Leftovers
|upkeep
|
|t:|1758363248
|switch|p2a: Mona Kimura|Kingambit, F|100/100
|turn|18
|
|t:|1758363263
|move|p2a: Mona Kimura|Sunny Day|p2a: Mona Kimura
|-weather|SunnyDay
|move|p1a: Dondozo|Crunch|p2a: Mona Kimura
|-resisted|p2a: Mona Kimura
|-damage|p2a: Mona Kimura|35/100
|-unboost|p2a: Mona Kimura|def|1
|replace|p2a: CobyPersin|Zoroark, F
|-end|p2a: CobyPersin|Illusion
|
|-weather|SunnyDay|[upkeep]
|-heal|p1a: Dondozo|92/100|[from] item: Leftovers
|upkeep
|turn|19
|
|t:|1758363274
|move|p2a: CobyPersin|Flamethrower|p1a: Dondozo
|-resisted|p1a: Dondozo
|-damage|p1a: Dondozo|79/100
|move|p1a: Dondozo|Crunch|p2a: CobyPersin
|-resisted|p2a: CobyPersin
|-damage|p2a: CobyPersin|0 fnt
|faint|p2a: CobyPersin
|
|-weather|SunnyDay|[upkeep]
|-heal|p1a: Dondozo|86/100|[from] item: Leftovers
|upkeep
|
|t:|1758363284
|switch|p2a: Cindelaras|Cinderace, F|51/100
|turn|20
|
|t:|1758363289
|move|p2a: Cindelaras|High Jump Kick|p1a: Dondozo
|-start|p2a: Cindelaras|typechange|Fighting|[from] ability: Libero
|-damage|p1a: Dondozo|76/100
|move|p1a: Dondozo|Crunch|p2a: Cindelaras
|-resisted|p2a: Cindelaras
|-damage|p2a: Cindelaras|0 fnt
|faint|p2a: Cindelaras
|
|-weather|SunnyDay|[upkeep]
|-heal|p1a: Dondozo|82/100|[from] item: Leftovers
|upkeep
|
|t:|1758363299
|switch|p2a: Mona Kimura|Kingambit, F|100/100
|-activate|p2a: Mona Kimura|ability: Supreme Overlord
|-start|p2a: Mona Kimura|fallen5|[silent]
|turn|21
|inactive|FinkLarry has 120 seconds left.
|
|t:|1758363334
|move|p2a: Mona Kimura|Swords Dance|p2a: Mona Kimura
|-boost|p2a: Mona Kimura|atk|2
|move|p1a: Dondozo|Crunch|p2a: Mona Kimura
|-resisted|p2a: Mona Kimura
|-damage|p2a: Mona Kimura|75/100
|
|-weather|SunnyDay|[upkeep]
|-heal|p2a: Mona Kimura|81/100|[from] item: Leftovers
|-heal|p1a: Dondozo|88/100|[from] item: Leftovers
|upkeep
|turn|22
|inactive|FinkLarry has 120 seconds left.
|
|t:|1758363348
|move|p2a: Mona Kimura|Swords Dance|p2a: Mona Kimura
|-boost|p2a: Mona Kimura|atk|2
|move|p1a: Dondozo|Crunch|p2a: Mona Kimura
|-resisted|p2a: Mona Kimura
|-damage|p2a: Mona Kimura|57/100
|
|-weather|none
|-heal|p2a: Mona Kimura|63/100|[from] item: Leftovers
|-heal|p1a: Dondozo|95/100|[from] item: Leftovers
|upkeep
|turn|23
|
|t:|1758363360
|move|p2a: Mona Kimura|Swords Dance|p2a: Mona Kimura
|-boost|p2a: Mona Kimura|atk|2
|move|p1a: Dondozo|Crunch|p2a: Mona Kimura
|-resisted|p2a: Mona Kimura
|-damage|p2a: Mona Kimura|38/100
|
|-heal|p2a: Mona Kimura|44/100|[from] item: Leftovers
|-heal|p1a: Dondozo|100/100|[from] item: Leftovers
|upkeep
|turn|24
|inactive|FinkLarry has 120 seconds left.
|
|t:|1758363384
|move|p2a: Mona Kimura|Iron Head|p1a: Dondozo
|-damage|p1a: Dondozo|90/100
|move|p1a: Dondozo|Crunch|p2a: Mona Kimura
|-resisted|p2a: Mona Kimura
|-damage|p2a: Mona Kimura|18/100
|-unboost|p2a: Mona Kimura|def|1
|
|-heal|p2a: Mona Kimura|24/100|[from] item: Leftovers
|-heal|p1a: Dondozo|96/100|[from] item: Leftovers
|upkeep
|turn|25
|inactive|FinkLarry has 120 seconds left.
|
|t:|1758363394
|move|p2a: Mona Kimura|Reversal|p1a: Dondozo
|-damage|p1a: Dondozo|90/100
|move|p1a: Dondozo|Crunch|p2a: Mona Kimura
|-resisted|p2a: Mona Kimura
|-damage|p2a: Mona Kimura|0 fnt
|faint|p2a: Mona Kimura
|-end|p2a: Mona Kimura|fallen5|[silent]
|
|win|Linton Molnar
|raw|Linton Molnar's rating: 1182 &rarr; <strong>1204</strong><br />(+22 for winning)
|raw|FinkLarry's rating: 1142 &rarr; <strong>1120</strong><br />(-22 for losing)
|l|☆Linton Molnar
|player|p1|
