|j|☆4arms67
|j|☆mansonabuluting
|t:|1758241611
|gametype|singles
|player|p1|4arms67|101|1474
|player|p2|mansonabuluting|bellelba|1503
|gen|9
|tier|[Gen 9] OU
|rated|
|rule|HP Percentage Mod: HP is shown in percentages
|rule|Endless Battle Clause: Forcing endless battles is banned
|rule|Species Clause: Limit one of each Pokémon
|rule|OHKO Clause: OHKO moves are banned
|rule|Evasion Items Clause: Evasion items are banned
|rule|Evasion Moves Clause: Evasion moves are banned
|rule|Evasion Abilities Clause: Evasion abilities are banned
|rule|Sleep Moves Clause: Sleep-inducing moves are banned
|clearpoke
|poke|p1|Alomomola, M|
|poke|p1|Dragalge, F|
|poke|p1|Lokix, M|
|poke|p1|Great Tusk|
|poke|p1|Gholdengo|
|poke|p1|Moltres|
|poke|p2|Rillaboom, M|
|poke|p2|Hawlucha, F|
|poke|p2|Thundurus-Therian, M|
|poke|p2|Great Tusk|
|poke|p2|Volcanion|
|poke|p2|Goodra-Hisui, M|
|teampreview
|
|t:|1758241636
|teamsize|p1|6
|teamsize|p2|6
|start
|switch|p1a: Dragalge|Dragalge, F|100/100
|switch|p2a: Thundurus|Thundurus-Therian, M|100/100
|turn|1
|
|t:|1758241665
|move|p2a: Thundurus|Volt Switch|p1a: Dragalge
|-resisted|p1a: Dragalge
|-damage|p1a: Dragalge|80/100
|
|t:|1758241671
|switch|p2a: Great Tusk|Great Tusk|100/100|[from] Volt Switch
|move|p1a: Dragalge|Draco Meteor|p2a: Great Tusk
|-damage|p2a: Great Tusk|0 fnt
|-unboost|p1a: Dragalge|spa|2
|faint|p2a: Great Tusk
|-end|p2a: Great Tusk|Protosynthesis|[silent]
|
|upkeep
|
|t:|1758241678
|switch|p2a: Rillaboom|Rillaboom, M|100/100
|-fieldstart|move: Grassy Terrain|[from] ability: Grassy Surge|[of] p2a: Rillaboom
|turn|2
|
|t:|1758241682
|switch|p1a: Moltres|Moltres|100/100
|move|p2a: Rillaboom|Knock Off|p1a: Moltres
|-crit|p1a: Moltres
|-damage|p1a: Moltres|15/100
|-enditem|p1a: Moltres|Heavy-Duty Boots|[from] move: Knock Off|[of] p2a: Rillaboom
|
|upkeep
|turn|3
|
|t:|1758241690
|switch|p2a: Volcanion|Volcanion|100/100
|move|p1a: Moltres|Roost|p1a: Moltres
|-heal|p1a: Moltres|65/100
|-singleturn|p1a: Moltres|move: Roost
|
|-heal|p1a: Moltres|71/100|[from] Grassy Terrain
|upkeep
|turn|4
|
|t:|1758241696
|switch|p1a: Alomomola|Alomomola, M|100/100
|move|p2a: Volcanion|Steam Eruption|p1a: Alomomola
|-resisted|p1a: Alomomola
|-damage|p1a: Alomomola|76/100
|
|-heal|p1a: Alomomola|82/100|[from] Grassy Terrain
|upkeep
|turn|5
|
|t:|1758241763
|switch|p2a: Thundurus|Thundurus-Therian, M|100/100
|move|p1a: Alomomola|Flip Turn|p2a: Thundurus
|-damage|p2a: Thundurus|75/100
|
|t:|1758241772
|switch|p1a: Dragalge|Dragalge, F|80/100|[from] Flip Turn
|
|-heal|p1a: Dragalge|86/100|[from] Grassy Terrain
|upkeep
|turn|6
|
|t:|1758241801
|move|p2a: Thundurus|Thunder Wave|p1a: Dragalge
|-status|p1a: Dragalge|par
|move|p1a: Dragalge|Draco Meteor|p2a: Thundurus
|-damage|p2a: Thundurus|0 fnt
|-unboost|p1a: Dragalge|spa|2
|faint|p2a: Thundurus
|
|-heal|p1a: Dragalge|92/100 par|[from] Grassy Terrain
|-fieldend|move: Grassy Terrain
|upkeep
|
|t:|1758241806
|switch|p2a: Rillaboom|Rillaboom, M|100/100
|-fieldstart|move: Grassy Terrain|[from] ability: Grassy Surge|[of] p2a: Rillaboom
|turn|7
|
|t:|1758241815
|switch|p2a: Hawlucha|Hawlucha, F|100/100
|-enditem|p2a: Hawlucha|Grassy Seed
|-boost|p2a: Hawlucha|def|1|[from] item: Grassy Seed
|switch|p1a: Moltres|Moltres|71/100
|
|upkeep
|turn|8
|
|t:|1758241827
|move|p2a: Hawlucha|Substitute|p2a: Hawlucha
|-start|p2a: Hawlucha|Substitute
|-damage|p2a: Hawlucha|76/100
|move|p1a: Moltres|Roar|p2a: Hawlucha
|drag|p2a: Goodra|Goodra-Hisui, M|100/100
|
|upkeep
|turn|9
|
|t:|1758241849
|move|p1a: Moltres|U-turn|p2a: Goodra
|-resisted|p2a: Goodra
|-damage|p2a: Goodra|94/100
|-ability|p2a: Goodra|Gooey
|-unboost|p1a: Moltres|spe|1
|
|t:|1758241854
|switch|p1a: Great Tusk|Great Tusk|100/100|[from] U-turn
|move|p2a: Goodra|Surf|p1a: Great Tusk
|-supereffective|p1a: Great Tusk
|-crit|p1a: Great Tusk
|-damage|p1a: Great Tusk|0 fnt
|faint|p1a: Great Tusk
|-end|p1a: Great Tusk|Protosynthesis|[silent]
|
|-heal|p2a: Goodra|99/100|[from] Grassy Terrain
|upkeep
|
|t:|1758241870
|switch|p1a: Lokix|Lokix, M|100/100
|turn|10
|
|t:|1758241889
|move|p1a: Lokix|Knock Off|p2a: Goodra
|-damage|p2a: Goodra|30/100
|-ability|p2a: Goodra|Gooey
|-unboost|p1a: Lokix|spe|1
|-enditem|p2a: Goodra|Assault Vest|[from] move: Knock Off|[of] p1a: Lokix
|move|p2a: Goodra|Flamethrower|p1a: Lokix
|-supereffective|p1a: Lokix
|-damage|p1a: Lokix|0 fnt
|faint|p1a: Lokix
|
|-heal|p2a: Goodra|36/100|[from] Grassy Terrain
|upkeep
|
|t:|1758241900
|switch|p1a: Gholdengo|Gholdengo|100/100
|turn|11
|
|t:|1758241919
|move|p1a: Gholdengo|Shadow Ball|p2a: Goodra
|-damage|p2a: Goodra|8/100
|move|p2a: Goodra|Flamethrower|p1a: Gholdengo
|-supereffective|p1a: Gholdengo
|-damage|p1a: Gholdengo|25/100
|
|-heal|p1a: Gholdengo|31/100|[from] Grassy Terrain
|-heal|p2a: Goodra|14/100|[from] Grassy Terrain
|-fieldend|move: Grassy Terrain
|upkeep
|turn|12
|
|t:|1758241926
|move|p1a: Gholdengo|Shadow Ball|p2a: Goodra
|-damage|p2a: Goodra|0 fnt
|faint|p2a: Goodra
|
|upkeep
|
|t:|1758241935
|switch|p2a: Rillaboom|Rillaboom, M|100/100
|-fieldstart|move: Grassy Terrain|[from] ability: Grassy Surge|[of] p2a: Rillaboom
|turn|13
|
|t:|1758241947
|switch|p1a: Dragalge|Dragalge, F|92/100 par
|move|p2a: Rillaboom|Knock Off|p1a: Dragalge
|-damage|p1a: Dragalge|35/100 par
|-enditem|p1a: Dragalge|Choice Specs|[from] move: Knock Off|[of] p2a: Rillaboom
|
|-heal|p1a: Dragalge|41/100 par|[from] Grassy Terrain
|upkeep
|turn|14
|
|t:|1758241960
|move|p2a: Rillaboom|Knock Off|p1a: Dragalge
|-damage|p1a: Dragalge|0 fnt
|faint|p1a: Dragalge
|
|upkeep
|
|t:|1758241962
|switch|p1a: Moltres|Moltres|71/100
|turn|15
|
|t:|1758241980
|switch|p2a: Volcanion|Volcanion|100/100
|move|p1a: Moltres|U-turn|p2a: Volcanion
|-resisted|p2a: Volcanion
|-damage|p2a: Volcanion|95/100
|
|t:|1758241986
|switch|p1a: Gholdengo|Gholdengo|31/100|[from] U-turn
|
|-heal|p1a: Gholdengo|37/100|[from] Grassy Terrain
|-heal|p2a: Volcanion|100/100|[from] Grassy Terrain
|upkeep
|turn|16
|
|t:|1758241990
|move|p1a: Gholdengo|Shadow Ball|p2a: Volcanion
|-damage|p2a: Volcanion|56/100
|move|p2a: Volcanion|Steam Eruption|p1a: Gholdengo
|-damage|p1a: Gholdengo|0 fnt
|faint|p1a: Gholdengo
|
|-heal|p2a: Volcanion|62/100|[from] Grassy Terrain
|upkeep
|
|t:|1758241996
|switch|p1a: Moltres|Moltres|71/100
|turn|17
|inactive|Battle timer is ON: inactive players will automatically lose when time's up. (requested by 4arms67)
|
|t:|1758242019
|move|p1a: Moltres|Flamethrower|p2a: Volcanion
|-resisted|p2a: Volcanion
|-damage|p2a: Volcanion|53/100
|move|p2a: Volcanion|Steam Eruption|p1a: Moltres
|-supereffective|p1a: Moltres
|-damage|p1a: Moltres|0 fnt
|faint|p1a: Moltres
|
|-heal|p2a: Volcanion|59/100|[from] Grassy Terrain
|-fieldend|move: Grassy Terrain
|upkeep
|
|t:|1758242025
|switch|p1a: Alomomola|Alomomola, M|100/100
|turn|18
|-message|4arms67 forfeited.
|
|win|mansonabuluting
|raw|4arms67's rating: 1474 &rarr; <strong>1456</strong><br />(-18 for losing)
|raw|mansonabuluting's rating: 1503 &rarr; <strong>1521</strong><br />(+18 for winning)
|l|☆4arms67
|player|p1|
|l|☆mansonabuluting
|player|p2|
