|j|☆Rin1604
|j|☆noahthebadplayer
|t:|1758259908
|gametype|singles
|player|p1|Rin1604|miku-ghost|1302
|player|p2|noahthebadplayer|170|1248
|gen|9
|tier|[Gen 9] OU
|rated|
|rule|HP Percentage Mod: HP is shown in percentages
|rule|Endless Battle Clause: Forcing endless battles is banned
|rule|Species Clause: Limit one of each Pokémon
|rule|OHKO Clause: OHKO moves are banned
|rule|Evasion Items Clause: Evasion items are banned
|rule|Evasion Moves Clause: Evasion moves are banned
|rule|Evasion Abilities Clause: Evasion abilities are banned
|rule|Sleep Moves Clause: Sleep-inducing moves are banned
|clearpoke
|poke|p1|Ogerpon-Cornerstone, F|
|poke|p1|Hatterene, F|
|poke|p1|Pecharunt|
|poke|p1|Landorus-Therian, M|
|poke|p1|Kingambit, M|
|poke|p1|Latios, M|
|poke|p2|Iron Valiant|
|poke|p2|Dragonite, F|
|poke|p2|Iron Treads|
|poke|p2|Overqwil, M|
|poke|p2|Chandelure, F|
|poke|p2|Hariyama, M|
|teampreview
|c|☆noahthebadplayer|Glhf
|
|t:|1758259925
|teamsize|p1|6
|teamsize|p2|6
|start
|switch|p1a: Landorus|Landorus-Therian, M|100/100
|switch|p2a: Chandelure|Chandelure, F|100/100
|-ability|p1a: Landorus|Intimidate|boost
|-unboost|p2a: Chandelure|atk|1
|turn|1
|inactive|Battle timer is ON: inactive players will automatically lose when time's up. (requested by noahthebadplayer)
|
|t:|1758259935
|move|p2a: Chandelure|Will-O-Wisp|p1a: Landorus
|-status|p1a: Landorus|brn
|move|p1a: Landorus|Stealth Rock|p2a: Chandelure
|-sidestart|p2: noahthebadplayer|move: Stealth Rock
|
|-damage|p1a: Landorus|94/100 brn|[from] brn
|upkeep
|turn|2
|
|t:|1758259940
|move|p2a: Chandelure|Flamethrower|p1a: Landorus
|-crit|p1a: Landorus
|-damage|p1a: Landorus|0 fnt
|faint|p1a: Landorus
|-damage|p2a: Chandelure|91/100|[from] item: Life Orb
|
|upkeep
|
|t:|1758259951
|switch|p1a: Ogerpon|Ogerpon-Cornerstone, F|100/100
|turn|3
|
|t:|1758259954
|move|p1a: Ogerpon|Knock Off|p2a: Chandelure
|-supereffective|p2a: Chandelure
|-damage|p2a: Chandelure|0 fnt
|-enditem|p2a: Chandelure|Life Orb|[from] move: Knock Off|[of] p1a: Ogerpon
|faint|p2a: Chandelure
|
|upkeep
|
|t:|1758259958
|switch|p2a: Iron Treads|Iron Treads|100/100
|-damage|p2a: Iron Treads|98/100|[from] Stealth Rock
|-item|p2a: Iron Treads|Air Balloon
|turn|4
|
|t:|1758259964
|move|p1a: Ogerpon|Power Whip|p2a: Iron Treads
|-damage|p2a: Iron Treads|42/100
|-enditem|p2a: Iron Treads|Air Balloon
|move|p2a: Iron Treads|Rapid Spin|p1a: Ogerpon
|-resisted|p1a: Ogerpon
|-damage|p1a: Ogerpon|93/100
|-boost|p2a: Iron Treads|spe|1
|-sideend|p2: noahthebadplayer|Stealth Rock|[from] move: Rapid Spin|[of] p2a: Iron Treads
|
|upkeep
|turn|5
|
|t:|1758259978
|switch|p1a: Latios|Latios, M|100/100
|move|p2a: Iron Treads|Volt Switch|p1a: Latios
|-resisted|p1a: Latios
|-damage|p1a: Latios|95/100
|
|t:|1758259983
|-end|p2a: Iron Treads|Quark Drive|[silent]
|switch|p2a: Overqwil|Overqwil, M|100/100|[from] Volt Switch
|-ability|p2a: Overqwil|Intimidate|boost
|-unboost|p1a: Latios|atk|1
|
|upkeep
|turn|6
|
|t:|1758259992
|move|p1a: Latios|Aura Sphere|p2a: Overqwil
|-damage|p2a: Overqwil|62/100
|move|p2a: Overqwil|Spikes|p1a: Latios
|-sidestart|p1: Rin1604|Spikes
|
|-heal|p2a: Overqwil|68/100|[from] item: Black Sludge
|upkeep
|turn|7
|
|t:|1758260002
|move|p1a: Latios|Aura Sphere|p2a: Overqwil
|-damage|p2a: Overqwil|29/100
|move|p2a: Overqwil|Spikes|p1a: Latios
|-sidestart|p1: Rin1604|Spikes
|
|-heal|p2a: Overqwil|35/100|[from] item: Black Sludge
|upkeep
|turn|8
|
|t:|1758260007
|move|p1a: Latios|Aura Sphere|p2a: Overqwil
|-damage|p2a: Overqwil|0 fnt
|faint|p2a: Overqwil
|
|upkeep
|
|t:|1758260018
|switch|p2a: Hariyama|Hariyama, M, shiny|100/100
|turn|9
|
|t:|1758260023
|switch|p1a: Pecharunt|Pecharunt|100/100
|-terastallize|p2a: Hariyama|Fairy
|move|p2a: Hariyama|Tera Blast|p1a: Pecharunt|[anim] Tera Blast Fairy
|-resisted|p1a: Pecharunt
|-damage|p1a: Pecharunt|88/100
|-damage|p2a: Hariyama|91/100|[from] item: Life Orb
|
|upkeep
|turn|10
|
|t:|1758260030
|move|p1a: Pecharunt|Parting Shot|p2a: Hariyama
|-unboost|p2a: Hariyama|atk|1
|-unboost|p2a: Hariyama|spa|1
|
|t:|1758260036
|switch|p1a: Hatterene|Hatterene, F|100/100|[from] Parting Shot
|-damage|p1a: Hatterene|84/100|[from] Spikes
|move|p2a: Hariyama|Zen Headbutt|p1a: Hatterene
|-resisted|p1a: Hatterene
|-damage|p1a: Hatterene|65/100
|
|upkeep
|turn|11
|
|t:|1758260053
|switch|p2a: Iron Treads|Iron Treads|42/100
|move|p1a: Hatterene|Draining Kiss|p2a: Iron Treads
|-resisted|p2a: Iron Treads
|-damage|p2a: Iron Treads|27/100
|-heal|p1a: Hatterene|78/100|[from] drain|[of] p2a: Iron Treads
|
|upkeep
|turn|12
|
|t:|1758260071
|-terastallize|p1a: Hatterene|Water
|move|p2a: Iron Treads|Earthquake|p1a: Hatterene
|-damage|p1a: Hatterene|32/100
|move|p1a: Hatterene|Mystical Fire|p2a: Iron Treads
|-supereffective|p2a: Iron Treads
|-crit|p2a: Iron Treads
|-damage|p2a: Iron Treads|0 fnt
|faint|p2a: Iron Treads
|-end|p2a: Iron Treads|Quark Drive|[silent]
|
|upkeep
|-message|noahthebadplayer forfeited.
|
|win|Rin1604
|raw|Rin1604's rating: 1302 &rarr; <strong>1319</strong><br />(+17 for winning)
|raw|noahthebadplayer's rating: 1248 &rarr; <strong>1227</strong><br />(-21 for losing)
|l|☆noahthebadplayer
|player|p2|
|l|☆Rin1604
|player|p1|
