|j|☆Scanlan voxmachina
|j|☆jibreel69
|t:|1758283684
|gametype|singles
|player|p1|Scanlan voxmachina|gentleman-gen4dp|1412
|player|p2|jibreel69|1|1400
|gen|9
|tier|[Gen 9] OU
|rated|
|rule|HP Percentage Mod: HP is shown in percentages
|rule|Endless Battle Clause: Forcing endless battles is banned
|rule|Species Clause: Limit one of each Pokémon
|rule|OHKO Clause: OHKO moves are banned
|rule|Evasion Items Clause: Evasion items are banned
|rule|Evasion Moves Clause: Evasion moves are banned
|rule|Evasion Abilities Clause: Evasion abilities are banned
|rule|Sleep Moves Clause: Sleep-inducing moves are banned
|clearpoke
|poke|p1|Alomomola, F|
|poke|p1|Ninetales-Alola, M|
|poke|p1|Latias, F|
|poke|p1|Cinderace, F|
|poke|p1|Clodsire, M|
|poke|p1|Meowscarada, M|
|poke|p2|Hatterene, F|
|poke|p2|Ursaluna, M|
|poke|p2|Porygon2|
|poke|p2|Cresselia, F|
|poke|p2|Malamar, M|
|poke|p2|Torkoal, M|
|teampreview
|inactive|Battle timer is ON: inactive players will automatically lose when time's up. (requested by Scanlan voxmachina)
|
|t:|1758283695
|teamsize|p1|6
|teamsize|p2|6
|start
|switch|p1a: Meowscarada|Meowscarada, M|100/100
|switch|p2a: Cooper|Torkoal, M|100/100
|-weather|SunnyDay|[from] ability: Drought|[of] p2a: Cooper
|turn|1
|
|t:|1758283709
|move|p1a: Meowscarada|Knock Off|p2a: Cooper
|-start|p1a: Meowscarada|typechange|Dark|[from] ability: Protean
|-crit|p2a: Cooper
|-damage|p2a: Cooper|49/100
|-enditem|p2a: Cooper|Choice Specs|[from] move: Knock Off|[of] p1a: Meowscarada
|move|p2a: Cooper|Weather Ball|p1a: Meowscarada
|-damage|p1a: Meowscarada|0 fnt
|faint|p1a: Meowscarada
|
|-weather|SunnyDay|[upkeep]
|upkeep
|
|t:|1758283722
|switch|p1a: Ninetales|Ninetales-Alola, M|100/100
|-weather|Snowscape|[from] ability: Snow Warning|[of] p1a: Ninetales
|turn|2
|
|t:|1758283735
|switch|p2a: Mann|Ursaluna, M|100/100
|move|p1a: Ninetales|Aurora Veil|p1a: Ninetales
|-sidestart|p1: Scanlan voxmachina|move: Aurora Veil
|
|-weather|Snowscape|[upkeep]
|-status|p2a: Mann|brn|[from] item: Flame Orb
|upkeep
|turn|3
|
|t:|1758283745
|switch|p1a: Alomomola|Alomomola, F|100/100
|switch|p2a: TARS|Porygon2, shiny|100/100
|-ability|p2a: TARS|Download|boost
|-boost|p2a: TARS|spa|1
|
|-weather|Snowscape|[upkeep]
|upkeep
|turn|4
|
|t:|1758283750
|move|p1a: Alomomola|Flip Turn|p2a: TARS
|-damage|p2a: TARS|89/100
|
|t:|1758283752
|switch|p1a: Clodsire|Clodsire, M|100/100|[from] Flip Turn
|move|p2a: TARS|Trick Room|p2a: TARS
|-fieldstart|move: Trick Room|[of] p2a: TARS
|
|-weather|Snowscape|[upkeep]
|upkeep
|turn|5
|
|t:|1758283761
|switch|p2a: Brand|Hatterene, F, shiny|100/100
|move|p1a: Clodsire|Toxic|p2a: Brand
|move|p2a: Brand|Toxic|p1a: Clodsire|[from] ability: Magic Bounce|[miss]
|-miss|p2a: Brand|p1a: Clodsire
|
|-weather|Snowscape|[upkeep]
|upkeep
|turn|6
|
|t:|1758283770
|switch|p1a: Cinderace|Cinderace, F|100/100
|move|p2a: Brand|Psychic Noise|p1a: Cinderace
|-damage|p1a: Cinderace|68/100
|-start|p1a: Cinderace|move: Heal Block
|
|-weather|none
|upkeep
|turn|7
|
|t:|1758283787
|switch|p2a: TARS|Porygon2, shiny|89/100
|-ability|p2a: TARS|Download|boost
|-boost|p2a: TARS|spa|1
|move|p1a: Cinderace|Iron Head|p2a: TARS
|-start|p1a: Cinderace|typechange|Steel|[from] ability: Libero
|-damage|p2a: TARS|63/100
|
|-end|p1a: Cinderace|move: Heal Block
|upkeep
|turn|8
|
|t:|1758283802
|switch|p1a: Clodsire|Clodsire, M|100/100
|-terastallize|p2a: TARS|Ground
|move|p2a: TARS|Tera Blast|p1a: Clodsire|[anim] Tera Blast Ground
|-supereffective|p1a: Clodsire
|-damage|p1a: Clodsire|76/100
|
|-heal|p1a: Clodsire|82/100|[from] item: Leftovers
|-fieldend|move: Trick Room
|upkeep
|turn|9
|
|t:|1758283815
|switch|p2a: Brand|Hatterene, F, shiny|100/100
|move|p1a: Clodsire|Toxic|p2a: Brand
|move|p2a: Brand|Toxic|p1a: Clodsire|[from] ability: Magic Bounce
|-immune|p1a: Clodsire
|
|-heal|p1a: Clodsire|88/100|[from] item: Leftovers
|-sideend|p1: Scanlan voxmachina|move: Aurora Veil
|upkeep
|turn|10
|
|t:|1758283821
|switch|p1a: Ninetales|Ninetales-Alola, M|100/100
|-weather|Snowscape|[from] ability: Snow Warning|[of] p1a: Ninetales
|move|p2a: Brand|Trick Room|p2a: Brand
|-fieldstart|move: Trick Room|[of] p2a: Brand
|
|-weather|Snowscape|[upkeep]
|upkeep
|turn|11
|
|t:|1758283837
|move|p2a: Brand|Psychic Noise|p1a: Ninetales
|-damage|p1a: Ninetales|55/100
|-start|p1a: Ninetales|move: Heal Block
|move|p1a: Ninetales|Aurora Veil|p1a: Ninetales
|-sidestart|p1: Scanlan voxmachina|move: Aurora Veil
|
|-weather|Snowscape|[upkeep]
|upkeep
|turn|12
|
|t:|1758283849
|switch|p1a: Alomomola|Alomomola, F|100/100
|move|p2a: Brand|Psychic Noise|p1a: Alomomola
|-damage|p1a: Alomomola|74/100
|-start|p1a: Alomomola|move: Heal Block
|
|-weather|Snowscape|[upkeep]
|upkeep
|turn|13
|
|t:|1758283858
|move|p2a: Brand|Psychic Noise|p1a: Alomomola
|-damage|p1a: Alomomola|45/100
|move|p1a: Alomomola|Flip Turn|p2a: Brand
|-damage|p2a: Brand|81/100
|
|t:|1758283867
|switch|p1a: Cinderace|Cinderace, F|68/100|[from] Flip Turn
|
|-weather|Snowscape|[upkeep]
|upkeep
|turn|14
|
|t:|1758283881
|move|p2a: Brand|Psychic Noise|p1a: Cinderace
|-damage|p1a: Cinderace|35/100
|-start|p1a: Cinderace|move: Heal Block
|move|p1a: Cinderace|U-turn|p2a: Brand
|-start|p1a: Cinderace|typechange|Bug|[from] ability: Libero
|-crit|p2a: Brand
|-damage|p2a: Brand|21/100
|
|t:|1758283886
|switch|p1a: Alomomola|Alomomola, F|78/100|[from] U-turn
|
|-weather|none
|-fieldend|move: Trick Room
|upkeep
|turn|15
|
|t:|1758283899
|switch|p2a: TARS|Porygon2, shiny, tera:Ground|63/100
|-ability|p2a: TARS|Download|boost
|-boost|p2a: TARS|spa|1
|move|p1a: Alomomola|Flip Turn|p2a: TARS
|-supereffective|p2a: TARS
|-damage|p2a: TARS|43/100
|
|t:|1758283911
|switch|p1a: Ninetales|Ninetales-Alola, M|55/100|[from] Flip Turn
|-weather|Snowscape|[from] ability: Snow Warning|[of] p1a: Ninetales
|
|-weather|Snowscape|[upkeep]
|upkeep
|turn|16
|
|t:|1758283922
|move|p1a: Ninetales|Freeze-Dry|p2a: TARS
|-supereffective|p2a: TARS
|-damage|p2a: TARS|17/100
|move|p2a: TARS|Trick Room|p2a: TARS
|-fieldstart|move: Trick Room|[of] p2a: TARS
|
|-weather|Snowscape|[upkeep]
|upkeep
|turn|17
|
|t:|1758283929
|move|p2a: TARS|Hyper Beam|p1a: Ninetales
|-damage|p1a: Ninetales|0 fnt
|-mustrecharge|p2a: TARS
|faint|p1a: Ninetales
|
|-weather|Snowscape|[upkeep]
|upkeep
|
|t:|1758283937
|switch|p1a: Alomomola|Alomomola, F|100/100
|turn|18
|
|t:|1758283941
|cant|p2a: TARS|recharge
|move|p1a: Alomomola|Flip Turn|p2a: TARS
|-supereffective|p2a: TARS
|-damage|p2a: TARS|0 fnt
|faint|p2a: TARS
|
|t:|1758283944
|switch|p1a: Clodsire|Clodsire, M|88/100|[from] Flip Turn
|
|-weather|Snowscape|[upkeep]
|-heal|p1a: Clodsire|94/100|[from] item: Leftovers
|-sideend|p1: Scanlan voxmachina|move: Aurora Veil
|upkeep
|
|t:|1758283956
|switch|p2a: Mann|Ursaluna, M|100/100 brn
|turn|19
|inactive|Scanlan voxmachina has 120 seconds left.
|
|t:|1758283989
|switch|p1a: Alomomola|Alomomola, F|100/100
|move|p2a: Mann|Facade|p1a: Alomomola
|-damage|p1a: Alomomola|32/100
|-damage|p2a: Mann|84/100 brn|[from] item: Rocky Helmet|[of] p1a: Alomomola
|
|-weather|none
|-damage|p2a: Mann|78/100 brn|[from] brn
|upkeep
|turn|20
|
|t:|1758283997
|move|p1a: Alomomola|Protect|p1a: Alomomola
|-singleturn|p1a: Alomomola|Protect
|move|p2a: Mann|Facade|p1a: Alomomola
|-activate|p1a: Alomomola|move: Protect
|
|-damage|p2a: Mann|72/100 brn|[from] brn
|-fieldend|move: Trick Room
|upkeep
|turn|21
|
|t:|1758284015
|move|p2a: Mann|Facade|p1a: Alomomola
|-damage|p1a: Alomomola|0 fnt
|-damage|p2a: Mann|55/100 brn|[from] item: Rocky Helmet|[of] p1a: Alomomola
|faint|p1a: Alomomola
|
|-damage|p2a: Mann|49/100 brn|[from] brn
|upkeep
|inactive|Scanlan voxmachina has 120 seconds left.
|
|t:|1758284035
|switch|p1a: Latias|Latias, F|100/100
|turn|22
|
|t:|1758284039
|move|p1a: Latias|Calm Mind|p1a: Latias
|-boost|p1a: Latias|spa|1
|-boost|p1a: Latias|spd|1
|move|p2a: Mann|Facade|p1a: Latias
|-damage|p1a: Latias|0 fnt
|faint|p1a: Latias
|
|-damage|p2a: Mann|43/100 brn|[from] brn
|upkeep
|inactive|Scanlan voxmachina has 120 seconds left.
|l|☆Scanlan voxmachina
|inactive|Scanlan voxmachina disconnected and has a minute to reconnect!
|player|p1|
|inactive|Scanlan voxmachina has 30 seconds to reconnect!
|inactive|Scanlan voxmachina has 20 seconds to reconnect!
|inactive|Scanlan voxmachina has 15 seconds to reconnect!
|inactive|Scanlan voxmachina has 10 seconds to reconnect!
|inactive|Scanlan voxmachina has 5 seconds to reconnect!
|-message|Scanlan voxmachina lost due to inactivity.
|
|win|jibreel69
|raw|Scanlan voxmachina's rating: 1412 &rarr; <strong>1391</strong><br />(-21 for losing)
|raw|jibreel69's rating: 1400 &rarr; <strong>1421</strong><br />(+21 for winning)
