|j|☆lunadream
|j|☆uwontwinprobably
|t:|1758261109
|gametype|singles
|player|p1|lunadream|266|1530
|player|p2|uwontwinprobably|acetrainer-gen4dp|1492
|gen|9
|tier|[Gen 9] OU
|rated|
|rule|HP Percentage Mod: HP is shown in percentages
|rule|Endless Battle Clause: Forcing endless battles is banned
|rule|Species Clause: Limit one of each Pokémon
|rule|OHKO Clause: OHKO moves are banned
|rule|Evasion Items Clause: Evasion items are banned
|rule|Evasion Moves Clause: Evasion moves are banned
|rule|Evasion Abilities Clause: Evasion abilities are banned
|rule|Sleep Moves Clause: Sleep-inducing moves are banned
|clearpoke
|poke|p1|Comfey, M|
|poke|p1|Great Tusk|
|poke|p1|Kingambit, F|
|poke|p1|Ogerpon-Wellspring, F|
|poke|p1|Moltres|
|poke|p1|Raging Bolt|
|poke|p2|Heatran, M|
|poke|p2|Zamazenta-*|
|poke|p2|Enamorus, F|
|poke|p2|Ursaluna, M|
|poke|p2|Ogerpon-Wellspring, F|
|poke|p2|Kyurem|
|teampreview
|inactive|Battle timer is ON: inactive players will automatically lose when time's up. (requested by lunadream)
|c|☆lunadream|Glhf
|c|☆uwontwinprobably|no
|c|☆uwontwinprobably|this is serious
|inactive|uwontwinprobably has 120 seconds left.
|c|☆lunadream|Bruh
|c|☆uwontwinprobably|lol
|c|☆uwontwinprobably|;3
|
|t:|1758261159
|teamsize|p1|6
|teamsize|p2|6
|start
|switch|p1a: Ogerpon|Ogerpon-Wellspring, F|100/100
|switch|p2a: Ogerpon|Ogerpon-Wellspring, F|100/100
|turn|1
|c|☆uwontwinprobably|fuck
|
|t:|1758261167
|move|p2a: Ogerpon|Horn Leech|p1a: Ogerpon
|-damage|p1a: Ogerpon|46/100
|move|p1a: Ogerpon|U-turn|p2a: Ogerpon
|-supereffective|p2a: Ogerpon
|-damage|p2a: Ogerpon|32/100
|c|☆uwontwinprobably|im scarf so faster
|
|t:|1758261182
|switch|p1a: Raging Bolt|Raging Bolt|100/100|[from] U-turn
|
|upkeep
|turn|2
|c|☆lunadream|Sure u r
|c|☆lunadream|Lol
|
|t:|1758261206
|switch|p2a: Ursaluna|Ursaluna, M|100/100
|move|p1a: Raging Bolt|Dragon Pulse|p2a: Ursaluna
|-damage|p2a: Ursaluna|65/100
|
|-status|p2a: Ursaluna|brn|[from] item: Flame Orb
|upkeep
|turn|3
|
|t:|1758261221
|move|p2a: Ursaluna|Trailblaze|p1a: Raging Bolt
|-resisted|p1a: Raging Bolt
|-damage|p1a: Raging Bolt|92/100
|-boost|p2a: Ursaluna|spe|1
|move|p1a: Raging Bolt|Dragon Pulse|p2a: Ursaluna
|-damage|p2a: Ursaluna|29/100 brn
|
|-heal|p1a: Raging Bolt|98/100|[from] item: Leftovers
|-damage|p2a: Ursaluna|22/100 brn|[from] brn
|upkeep
|turn|4
|
|t:|1758261228
|-end|p1a: Raging Bolt|Protosynthesis|[silent]
|switch|p1a: Kingambit|Kingambit, F|100/100
|move|p2a: Ursaluna|Earthquake|p1a: Kingambit
|-supereffective|p1a: Kingambit
|-damage|p1a: Kingambit|3/100
|
|-damage|p2a: Ursaluna|16/100 brn|[from] brn
|upkeep
|turn|5
|c|☆lunadream|Dafug i lived?
|c|☆uwontwinprobably|true
|inactive|uwontwinprobably has 120 seconds left.
|c|☆uwontwinprobably|but gamby kinda thicc
|
|t:|1758261262
|move|p1a: Kingambit|Sucker Punch||[still]
|-fail|p1a: Kingambit
|move|p2a: Ursaluna|Swords Dance|p2a: Ursaluna
|-boost|p2a: Ursaluna|atk|2
|
|-damage|p2a: Ursaluna|10/100 brn|[from] brn
|upkeep
|turn|6
|
|t:|1758261267
|move|p1a: Kingambit|Sucker Punch||[still]
|-fail|p1a: Kingambit
|move|p2a: Ursaluna|Swords Dance|p2a: Ursaluna
|-boost|p2a: Ursaluna|atk|2
|
|-damage|p2a: Ursaluna|4/100 brn|[from] brn
|upkeep
|turn|7
|c|☆lunadream|But but
|c|☆lunadream|Guts ursa
|
|t:|1758261282
|move|p1a: Kingambit|Sucker Punch|p2a: Ursaluna
|-damage|p2a: Ursaluna|0 fnt
|faint|p2a: Ursaluna
|
|upkeep
|c|☆lunadream|Scawy
|
|t:|1758261294
|switch|p2a: Kyurem|Kyurem|100/100
|-ability|p2a: Kyurem|Pressure
|turn|8
|
|t:|1758261304
|-end|p1a: Kingambit|fallenundefined|[silent]
|switch|p1a: Moltres|Moltres|100/100
|move|p2a: Kyurem|Freeze-Dry|p1a: Moltres
|-damage|p1a: Moltres|63/100
|
|upkeep
|turn|9
|
|t:|1758261316
|move|p2a: Kyurem|Freeze-Dry|p1a: Moltres
|-damage|p1a: Moltres|22/100
|move|p1a: Moltres|Flamethrower|p2a: Kyurem
|-damage|p2a: Kyurem|65/100
|
|upkeep
|turn|10
|
|t:|1758261323
|switch|p1a: Comfey|Comfey, M|100/100
|move|p2a: Kyurem|Freeze-Dry|p1a: Comfey
|-damage|p1a: Comfey|58/100
|
|upkeep
|turn|11
|c|☆uwontwinprobably|bro im banded chill
|
|t:|1758261330
|switch|p2a: Heatran|Heatran, M|100/100
|move|p1a: Comfey|Draining Kiss|p2a: Heatran
|-resisted|p2a: Heatran
|-damage|p2a: Heatran|95/100
|-heal|p1a: Comfey|63/100|[from] drain|[of] p2a: Heatran
|-damage|p1a: Comfey|53/100|[from] item: Life Orb
|
|upkeep
|turn|12
|
|t:|1758261338
|switch|p1a: Raging Bolt|Raging Bolt|98/100
|move|p2a: Heatran|Heat Wave|p1a: Raging Bolt
|-resisted|p1a: Raging Bolt
|-crit|p1a: Raging Bolt
|-damage|p1a: Raging Bolt|66/100
|
|-heal|p1a: Raging Bolt|72/100|[from] item: Leftovers
|upkeep
|turn|13
|
|t:|1758261347
|move|p2a: Heatran|Heat Wave|p1a: Raging Bolt
|-resisted|p1a: Raging Bolt
|-crit|p1a: Raging Bolt
|-damage|p1a: Raging Bolt|41/100
|move|p1a: Raging Bolt|Thunderbolt|p2a: Heatran
|-damage|p2a: Heatran|46/100
|
|-heal|p1a: Raging Bolt|48/100|[from] item: Leftovers
|upkeep
|turn|14
|c|☆lunadream|Okay mister razor claw
|inactive|lunadream has 120 seconds left.
|
|t:|1758261380
|move|p2a: Heatran|Heat Wave|p1a: Raging Bolt
|-resisted|p1a: Raging Bolt
|-damage|p1a: Raging Bolt|26/100
|move|p1a: Raging Bolt|Thunderbolt|p2a: Heatran
|-crit|p2a: Heatran
|-damage|p2a: Heatran|0 fnt
|faint|p2a: Heatran
|
|-heal|p1a: Raging Bolt|32/100|[from] item: Leftovers
|upkeep
|c|☆uwontwinprobably|crit def mattered
|inactive|uwontwinprobably has 120 seconds left.
|c|☆lunadream|Yep
|
|t:|1758261399
|switch|p2a: Kyurem|Kyurem|65/100
|-ability|p2a: Kyurem|Pressure
|turn|15
|c|☆lunadream|Totally
|
|t:|1758261411
|move|p1a: Raging Bolt|Thunderclap|p2a: Kyurem
|-resisted|p2a: Kyurem
|-damage|p2a: Kyurem|48/100
|move|p2a: Kyurem|Freeze-Dry|p1a: Raging Bolt
|-supereffective|p1a: Raging Bolt
|-damage|p1a: Raging Bolt|0 fnt
|faint|p1a: Raging Bolt
|-end|p1a: Raging Bolt|Protosynthesis|[silent]
|
|upkeep
|
|t:|1758261416
|switch|p1a: Comfey|Comfey, M|53/100
|turn|16
|
|t:|1758261423
|switch|p2a: Enamorus|Enamorus, F|100/100
|move|p1a: Comfey|Draining Kiss|p2a: Enamorus
|-damage|p2a: Enamorus|60/100
|-heal|p1a: Comfey|82/100|[from] drain|[of] p2a: Enamorus
|-damage|p1a: Comfey|72/100|[from] item: Life Orb
|
|upkeep
|turn|17
|
|t:|1758261434
|-terastallize|p2a: Enamorus|Stellar
|-terastallize|p1a: Comfey|Fairy
|move|p1a: Comfey|Draining Kiss|p2a: Enamorus
|-damage|p2a: Enamorus|1/100
|-heal|p1a: Comfey|100/100|[from] drain|[of] p2a: Enamorus
|-damage|p1a: Comfey|91/100|[from] item: Life Orb
|move|p2a: Enamorus|Tera Blast|p1a: Comfey|[anim] Tera Blast Stellar
|-supereffective|p1a: Comfey
|-damage|p1a: Comfey|0 fnt
|-boost|p2a: Enamorus|atk|1
|-boost|p2a: Enamorus|spa|1
|faint|p1a: Comfey
|
|upkeep
|c|☆lunadream|...
|c|☆uwontwinprobably|LOL
|c|☆uwontwinprobably|ok that was funny
|
|t:|1758261451
|switch|p1a: Kingambit|Kingambit, F|3/100
|-activate|p1a: Kingambit|ability: Supreme Overlord
|-start|p1a: Kingambit|fallen2|[silent]
|turn|18
|c|☆lunadream|Aighy
|
|t:|1758261456
|switch|p2a: Zamazenta|Zamazenta|100/100
|-ability|p2a: Zamazenta|Dauntless Shield|boost
|-boost|p2a: Zamazenta|def|1
|move|p1a: Kingambit|Sucker Punch||[still]
|-fail|p1a: Kingambit
|
|upkeep
|turn|19
|
|t:|1758261461
|-end|p1a: Kingambit|fallen2|[silent]
|switch|p1a: Moltres|Moltres|22/100
|move|p2a: Zamazenta|Wild Charge|p1a: Moltres
|-supereffective|p1a: Moltres
|-damage|p1a: Moltres|0 fnt
|faint|p1a: Moltres
|-damage|p2a: Zamazenta|94/100|[from] Recoil
|-damage|p2a: Zamazenta|84/100|[from] item: Life Orb
|
|upkeep
|
|t:|1758261466
|switch|p1a: Great Tusk|Great Tusk|100/100
|turn|20
|
|t:|1758261474
|switch|p2a: Kyurem|Kyurem|48/100
|-ability|p2a: Kyurem|Pressure
|move|p1a: Great Tusk|Rapid Spin|p2a: Kyurem
|-damage|p2a: Kyurem|31/100
|-boost|p1a: Great Tusk|spe|1
|
|upkeep
|turn|21
|
|t:|1758261481
|move|p2a: Kyurem|Freeze-Dry|p1a: Great Tusk
|-supereffective|p1a: Great Tusk
|-damage|p1a: Great Tusk|17/100
|move|p1a: Great Tusk|Rapid Spin|p2a: Kyurem
|-damage|p2a: Kyurem|13/100
|-boost|p1a: Great Tusk|spe|1
|
|upkeep
|turn|22
|
|t:|1758261488
|move|p2a: Kyurem|Freeze-Dry|p1a: Great Tusk
|-supereffective|p1a: Great Tusk
|-damage|p1a: Great Tusk|0 fnt
|faint|p1a: Great Tusk
|-end|p1a: Great Tusk|Protosynthesis|[silent]
|
|upkeep
|c|☆uwontwinprobably|HOW
|
|t:|1758261492
|switch|p1a: Kingambit|Kingambit, F|3/100
|-activate|p1a: Kingambit|ability: Supreme Overlord
|-start|p1a: Kingambit|fallen4|[silent]
|turn|23
|c|☆uwontwinprobably|bro u were like min min speed
|
|t:|1758261506
|switch|p2a: Ogerpon|Ogerpon-Wellspring, F|32/100
|move|p1a: Kingambit|Sucker Punch||[still]
|-fail|p1a: Kingambit
|
|upkeep
|turn|24
|c|☆lunadream|Yeah
|c|☆uwontwinprobably|gg
|
|t:|1758261527
|move|p1a: Kingambit|Sucker Punch||[still]
|-fail|p1a: Kingambit
|move|p2a: Ogerpon|Swords Dance|p2a: Ogerpon
|-boost|p2a: Ogerpon|atk|2
|
|upkeep
|turn|25
|c|☆uwontwinprobably|im better
|c|☆lunadream|Yes u r
|c|☆uwontwinprobably|nooo stop ur good too
|c|☆uwontwinprobably|ur just new
|
|t:|1758261553
|move|p2a: Ogerpon|Swords Dance|p2a: Ogerpon
|-boost|p2a: Ogerpon|atk|2
|move|p1a: Kingambit|Swords Dance|p1a: Kingambit
|-boost|p1a: Kingambit|atk|2
|
|upkeep
|turn|26
|
|t:|1758261559
|move|p1a: Kingambit|Sucker Punch|p2a: Ogerpon
|-damage|p2a: Ogerpon|0 fnt
|faint|p2a: Ogerpon
|
|upkeep
|
|t:|1758261561
|switch|p2a: Zamazenta|Zamazenta|84/100
|turn|27
|
|t:|1758261565
|move|p2a: Zamazenta|Wild Charge|p1a: Kingambit
|-damage|p1a: Kingambit|0 fnt
|faint|p1a: Kingambit
|-end|p1a: Kingambit|fallen4|[silent]
|-damage|p2a: Zamazenta|83/100|[from] Recoil
|-damage|p2a: Zamazenta|74/100|[from] item: Life Orb
|
|upkeep
|
|t:|1758261567
|switch|p1a: Ogerpon|Ogerpon-Wellspring, F|46/100
|turn|28
|
|t:|1758261569
|move|p2a: Zamazenta|Wild Charge|p1a: Ogerpon
|-damage|p1a: Ogerpon|0 fnt
|faint|p1a: Ogerpon
|-damage|p2a: Zamazenta|63/100|[from] Recoil
|-damage|p2a: Zamazenta|53/100|[from] item: Life Orb
|
|win|uwontwinprobably
|raw|lunadream's rating: 1530 &rarr; <strong>1508</strong><br />(-22 for losing)
|raw|uwontwinprobably's rating: 1492 &rarr; <strong>1514</strong><br />(+22 for winning)
|c|☆lunadream|gh
|c|☆lunadream|Gg
|c|☆uwontwinprobably|gg
|l|☆lunadream
|player|p1|
|l|☆uwontwinprobably
|player|p2|
