|badge|p1|bronze|gen9ou|100-6
|uhtml|medal-msg|<div class="broadcast-blue">Curious what those medals under the avatar are? PS now has Ladder Seasons! For more information, check out the <a href="https://www.smogon.com/forums/threads/3740067/">thread on Smogon.</a></div>
|badge|p2|bronze|gen9ou|100-6
|uhtml|medal-msg|<div class="broadcast-blue">Curious what those medals under the avatar are? PS now has Ladder Seasons! For more information, check out the <a href="https://www.smogon.com/forums/threads/3740067/">thread on Smogon.</a></div>
|j|☆Ctannn
|j|☆sunny dancing
|t:|1758343526
|gametype|singles
|player|p1|Ctannn|2|1856
|player|p2|sunny dancing|101|1821
|gen|9
|tier|[Gen 9] OU
|rated|
|rule|HP Percentage Mod: HP is shown in percentages
|rule|Endless Battle Clause: Forcing endless battles is banned
|rule|Species Clause: Limit one of each Pokémon
|rule|OHKO Clause: OHKO moves are banned
|rule|Evasion Items Clause: Evasion items are banned
|rule|Evasion Moves Clause: Evasion moves are banned
|rule|Evasion Abilities Clause: Evasion abilities are banned
|rule|Sleep Moves Clause: Sleep-inducing moves are banned
|clearpoke
|poke|p1|Rillaboom, F|
|poke|p1|Garganacl, F|
|poke|p1|Cinderace, F|
|poke|p1|Raging Bolt|
|poke|p1|Slowking-Galar, F|
|poke|p1|Landorus-Therian, M|
|poke|p2|Ogerpon-Wellspring, F|
|poke|p2|Slowking-Galar, F|
|poke|p2|Great Tusk|
|poke|p2|Moltres|
|poke|p2|Dragapult, M|
|poke|p2|Kingambit, M|
|teampreview
|inactive|Battle timer is ON: inactive players will automatically lose when time's up. (requested by Ctannn)
|
|t:|1758343536
|teamsize|p1|6
|teamsize|p2|6
|start
|switch|p1a: Landorus|Landorus-Therian, M|100/100
|switch|p2a: Great Tusk|Great Tusk|100/100
|-ability|p1a: Landorus|Intimidate|boost
|-unboost|p2a: Great Tusk|atk|1
|turn|1
|inactive|sunny dancing also wants the timer to be on.
|
|t:|1758343546
|switch|p1a: Slowking|Slowking-Galar, F|100/100
|move|p2a: Great Tusk|Ice Spinner|p1a: Slowking
|-damage|p1a: Slowking|86/100
|-damage|p2a: Great Tusk|84/100|[from] item: Rocky Helmet|[of] p1a: Slowking
|
|upkeep
|turn|2
|
|t:|1758343557
|move|p2a: Great Tusk|Stealth Rock|p1a: Slowking
|-sidestart|p1: Ctannn|move: Stealth Rock
|move|p1a: Slowking|Psychic|p2a: Great Tusk
|-supereffective|p2a: Great Tusk
|-damage|p2a: Great Tusk|0 fnt
|faint|p2a: Great Tusk
|-end|p2a: Great Tusk|Protosynthesis|[silent]
|
|upkeep
|
|t:|1758343564
|switch|p2a: Kingambit|Kingambit, M|100/100
|-activate|p2a: Kingambit|ability: Supreme Overlord
|-start|p2a: Kingambit|fallen1|[silent]
|turn|3
|
|t:|1758343578
|switch|p1a: Landorus|Landorus-Therian, M|100/100
|-damage|p1a: Landorus|88/100|[from] Stealth Rock
|-ability|p1a: Landorus|Intimidate|boost
|-unboost|p2a: Kingambit|atk|1
|move|p2a: Kingambit|Swords Dance|p2a: Kingambit
|-boost|p2a: Kingambit|atk|2
|
|upkeep
|turn|4
|
|t:|1758343584
|-terastallize|p2a: Kingambit|Ghost
|move|p2a: Kingambit|Swords Dance|p2a: Kingambit
|-boost|p2a: Kingambit|atk|2
|move|p1a: Landorus|Earthquake|p2a: Kingambit
|-damage|p2a: Kingambit|62/100
|
|-heal|p2a: Kingambit|69/100|[from] item: Leftovers
|upkeep
|turn|5
|
|t:|1758343592
|move|p2a: Kingambit|Iron Head|p1a: Landorus
|-damage|p1a: Landorus|5/100
|-damage|p2a: Kingambit|52/100|[from] item: Rocky Helmet|[of] p1a: Landorus
|move|p1a: Landorus|Earthquake|p2a: Kingambit
|-damage|p2a: Kingambit|13/100
|
|-heal|p2a: Kingambit|20/100|[from] item: Leftovers
|upkeep
|turn|6
|
|t:|1758343599
|move|p2a: Kingambit|Low Kick|p1a: Landorus
|-resisted|p1a: Landorus
|-crit|p1a: Landorus
|-damage|p1a: Landorus|0 fnt
|-damage|p2a: Kingambit|3/100|[from] item: Rocky Helmet|[of] p1a: Landorus
|faint|p1a: Landorus
|
|-heal|p2a: Kingambit|9/100|[from] item: Leftovers
|upkeep
|
|t:|1758343602
|switch|p1a: Rillaboom|Rillaboom, F|100/100
|-damage|p1a: Rillaboom|88/100|[from] Stealth Rock
|-fieldstart|move: Grassy Terrain|[from] ability: Grassy Surge|[of] p1a: Rillaboom
|turn|7
|
|t:|1758343609
|switch|p1a: Cinderace|Cinderace, F|100/100
|-end|p2a: Kingambit|fallen1|[silent]
|switch|p2a: Moltres|Moltres|100/100
|
|upkeep
|turn|8
|
|t:|1758343615
|move|p1a: Cinderace|Court Change|p1a: Cinderace
|-start|p1a: Cinderace|typechange|Normal|[from] ability: Libero
|-swapsideconditions
|-activate|p1a: Cinderace|move: Court Change
|move|p2a: Moltres|Flamethrower|p1a: Cinderace
|-damage|p1a: Cinderace|43/100
|-status|p1a: Cinderace|brn
|
|-heal|p1a: Cinderace|49/100 brn|[from] Grassy Terrain
|-damage|p1a: Cinderace|43/100 brn|[from] brn
|upkeep
|turn|9
|
|t:|1758343624
|move|p1a: Cinderace|U-turn|p2a: Moltres
|-resisted|p2a: Moltres
|-damage|p2a: Moltres|99/100
|
|t:|1758343626
|switch|p1a: Slowking|Slowking-Galar, F|100/100|[from] U-turn
|move|p2a: Moltres|U-turn|p1a: Slowking
|-damage|p1a: Slowking|90/100
|-damage|p2a: Moltres|82/100|[from] item: Rocky Helmet|[of] p1a: Slowking
|
|t:|1758343634
|switch|p2a: Dragapult|Dragapult, M|100/100|[from] U-turn
|
|-heal|p1a: Slowking|96/100|[from] Grassy Terrain
|upkeep
|turn|10
|
|t:|1758343645
|switch|p1a: Garganacl|Garganacl, F|100/100
|move|p2a: Dragapult|Hex|p1a: Garganacl
|-damage|p1a: Garganacl|92/100
|
|-heal|p1a: Garganacl|99/100|[from] Grassy Terrain
|-heal|p1a: Garganacl|100/100|[from] item: Leftovers
|upkeep
|turn|11
|
|t:|1758343656
|move|p2a: Dragapult|U-turn|p1a: Garganacl
|-damage|p1a: Garganacl|87/100
|
|t:|1758343663
|switch|p2a: Kingambit|Kingambit, M, tera:Ghost|9/100|[from] U-turn
|-damage|p2a: Kingambit|0 fnt|[from] Stealth Rock
|faint|p2a: Kingambit
|-end|p2a: Kingambit|fallen1|[silent]
|move|p1a: Garganacl|Salt Cure|p2: Kingambit|[notarget]
|-fail|p1a: Garganacl
|
|-heal|p1a: Garganacl|93/100|[from] Grassy Terrain
|-heal|p1a: Garganacl|99/100|[from] item: Leftovers
|-fieldend|move: Grassy Terrain
|upkeep
|
|t:|1758343669
|switch|p2a: Ogerpon|Ogerpon-Wellspring, F|100/100
|-damage|p2a: Ogerpon|88/100|[from] Stealth Rock
|turn|12
|
|t:|1758343676
|switch|p1a: Cinderace|Cinderace, F|43/100 brn
|move|p2a: Ogerpon|U-turn|p1a: Cinderace
|-resisted|p1a: Cinderace
|-damage|p1a: Cinderace|23/100 brn
|
|t:|1758343684
|switch|p2a: Slowking|Slowking-Galar, F|100/100|[from] U-turn
|-damage|p2a: Slowking|88/100|[from] Stealth Rock
|
|-damage|p1a: Cinderace|17/100 brn|[from] brn
|upkeep
|turn|13
|
|t:|1758343690
|switch|p2a: Moltres|Moltres|82/100
|move|p1a: Cinderace|U-turn|p2a: Moltres
|-start|p1a: Cinderace|typechange|Bug|[from] ability: Libero
|-resisted|p2a: Moltres
|-damage|p2a: Moltres|79/100
|
|t:|1758343692
|switch|p1a: Garganacl|Garganacl, F|99/100|[from] U-turn
|
|-heal|p1a: Garganacl|100/100|[from] item: Leftovers
|upkeep
|turn|14
|j| minilarry
|
|t:|1758343699
|move|p2a: Moltres|Roost|p2a: Moltres
|-heal|p2a: Moltres|100/100
|-singleturn|p2a: Moltres|move: Roost
|move|p1a: Garganacl|Salt Cure|p2a: Moltres
|-supereffective|p2a: Moltres
|-damage|p2a: Moltres|80/100
|-start|p2a: Moltres|Salt Cure
|
|-damage|p2a: Moltres|68/100|[from] Salt Cure
|upkeep
|turn|15
|
|t:|1758343706
|move|p2a: Moltres|Roost|p2a: Moltres
|-heal|p2a: Moltres|100/100
|-singleturn|p2a: Moltres|move: Roost
|move|p1a: Garganacl|Curse|p1a: Garganacl
|-unboost|p1a: Garganacl|spe|1
|-boost|p1a: Garganacl|atk|1
|-boost|p1a: Garganacl|def|1
|
|-damage|p2a: Moltres|88/100|[from] Salt Cure
|upkeep
|turn|16
|
|t:|1758343712
|move|p2a: Moltres|Roost|p2a: Moltres
|-heal|p2a: Moltres|100/100
|-singleturn|p2a: Moltres|move: Roost
|move|p1a: Garganacl|Salt Cure|p2a: Moltres
|-supereffective|p2a: Moltres
|-damage|p2a: Moltres|73/100
|
|-damage|p2a: Moltres|61/100|[from] Salt Cure
|upkeep
|turn|17
|
|t:|1758343719
|move|p2a: Moltres|Roost|p2a: Moltres
|-heal|p2a: Moltres|100/100
|-singleturn|p2a: Moltres|move: Roost
|move|p1a: Garganacl|Curse|p1a: Garganacl
|-unboost|p1a: Garganacl|spe|1
|-boost|p1a: Garganacl|atk|1
|-boost|p1a: Garganacl|def|1
|
|-damage|p2a: Moltres|88/100|[from] Salt Cure
|upkeep
|turn|18
|
|t:|1758343725
|move|p1a: Garganacl|Salt Cure|p2a: Moltres
|-supereffective|p2a: Moltres
|-damage|p2a: Moltres|16/100
|move|p2a: Moltres|Roar|p1a: Garganacl
|drag|p1a: Slowking|Slowking-Galar, F|100/100
|
|-damage|p2a: Moltres|4/100|[from] Salt Cure
|upkeep
|turn|19
|
|t:|1758343732
|switch|p2a: Slowking|Slowking-Galar, F|100/100
|-damage|p2a: Slowking|88/100|[from] Stealth Rock
|move|p1a: Slowking|Future Sight|p2a: Slowking
|-start|p1a: Slowking|move: Future Sight
|
|upkeep
|turn|20
|
|t:|1758343738
|move|p2a: Slowking|Ice Beam|p1a: Slowking
|-damage|p1a: Slowking|78/100
|-prepare|p1a: Slowking|Chilly Reception|[premajor]
|move|p1a: Slowking|Chilly Reception|p1a: Slowking
|-weather|Snowscape
|
|t:|1758343744
|switch|p1a: Raging Bolt|Raging Bolt|100/100|[from] Chilly Reception
|
|-weather|Snowscape|[upkeep]
|upkeep
|turn|21
|
|t:|1758343750
|move|p1a: Raging Bolt|Volt Switch|p2a: Slowking
|-damage|p2a: Slowking|56/100
|
|t:|1758343754
|-end|p1a: Raging Bolt|Protosynthesis|[silent]
|switch|p1a: Garganacl|Garganacl, F|100/100|[from] Volt Switch
|move|p2a: Slowking|Sludge Bomb|p1a: Garganacl
|-resisted|p1a: Garganacl
|-damage|p1a: Garganacl|88/100
|
|-weather|Snowscape|[upkeep]
|-end|p2a: Slowking|move: Future Sight
|-damage|p2a: Slowking|33/100
|-heal|p1a: Garganacl|94/100|[from] item: Leftovers
|upkeep
|turn|22
|
|t:|1758343761
|switch|p2a: Ogerpon|Ogerpon-Wellspring, F|88/100
|-damage|p2a: Ogerpon|76/100|[from] Stealth Rock
|move|p1a: Garganacl|Salt Cure|p2a: Ogerpon
|-damage|p2a: Ogerpon|58/100
|-start|p2a: Ogerpon|Salt Cure
|
|-weather|Snowscape|[upkeep]
|-heal|p1a: Garganacl|99/100|[from] item: Leftovers
|-damage|p2a: Ogerpon|33/100|[from] Salt Cure
|upkeep
|turn|23
|
|t:|1758343768
|switch|p1a: Cinderace|Cinderace, F|17/100 brn
|move|p2a: Ogerpon|U-turn|p1a: Cinderace
|-resisted|p1a: Cinderace
|-damage|p1a: Cinderace|0 fnt
|faint|p1a: Cinderace
|
|t:|1758343775
|switch|p2a: Slowking|Slowking-Galar, F|66/100|[from] U-turn
|-damage|p2a: Slowking|54/100|[from] Stealth Rock
|
|-weather|Snowscape|[upkeep]
|upkeep
|
|t:|1758343779
|switch|p1a: Garganacl|Garganacl, F|99/100
|turn|24
|
|t:|1758343786
|switch|p2a: Moltres|Moltres|4/100
|move|p1a: Garganacl|Curse|p1a: Garganacl
|-unboost|p1a: Garganacl|spe|1
|-boost|p1a: Garganacl|atk|1
|-boost|p1a: Garganacl|def|1
|
|-weather|none
|-heal|p1a: Garganacl|100/100|[from] item: Leftovers
|upkeep
|turn|25
|
|t:|1758343792
|move|p2a: Moltres|Roost|p2a: Moltres
|-heal|p2a: Moltres|54/100
|-singleturn|p2a: Moltres|move: Roost
|move|p1a: Garganacl|Curse|p1a: Garganacl
|-unboost|p1a: Garganacl|spe|1
|-boost|p1a: Garganacl|atk|1
|-boost|p1a: Garganacl|def|1
|
|upkeep
|turn|26
|
|t:|1758343798
|move|p2a: Moltres|Roost|p2a: Moltres
|-heal|p2a: Moltres|100/100
|-singleturn|p2a: Moltres|move: Roost
|move|p1a: Garganacl|Salt Cure|p2a: Moltres
|-supereffective|p2a: Moltres
|-damage|p2a: Moltres|59/100
|-start|p2a: Moltres|Salt Cure
|
|-damage|p2a: Moltres|47/100|[from] Salt Cure
|upkeep
|turn|27
|
|t:|1758343805
|move|p2a: Moltres|Roost|p2a: Moltres
|-heal|p2a: Moltres|97/100
|-singleturn|p2a: Moltres|move: Roost
|move|p1a: Garganacl|Salt Cure|p2a: Moltres
|-supereffective|p2a: Moltres
|-damage|p2a: Moltres|62/100
|
|-damage|p2a: Moltres|50/100|[from] Salt Cure
|upkeep
|turn|28
|
|t:|1758343812
|move|p2a: Moltres|Roost|p2a: Moltres
|-heal|p2a: Moltres|99/100
|-singleturn|p2a: Moltres|move: Roost
|move|p1a: Garganacl|Salt Cure|p2a: Moltres
|-supereffective|p2a: Moltres
|-damage|p2a: Moltres|62/100
|
|-damage|p2a: Moltres|50/100|[from] Salt Cure
|upkeep
|turn|29
|
|t:|1758343819
|move|p2a: Moltres|U-turn|p1a: Garganacl
|-damage|p1a: Garganacl|96/100
|
|t:|1758343826
|switch|p2a: Ogerpon|Ogerpon-Wellspring, F|33/100|[from] U-turn
|-damage|p2a: Ogerpon|20/100|[from] Stealth Rock
|move|p1a: Garganacl|Salt Cure|p2a: Ogerpon
|-damage|p2a: Ogerpon|0 fnt
|faint|p2a: Ogerpon
|
|-heal|p1a: Garganacl|100/100|[from] item: Leftovers
|upkeep
|
|t:|1758343832
|switch|p2a: Slowking|Slowking-Galar, F|87/100
|-damage|p2a: Slowking|75/100|[from] Stealth Rock
|turn|30
|
|t:|1758343839
|switch|p2a: Dragapult|Dragapult, M|100/100
|move|p1a: Garganacl|Salt Cure|p2a: Dragapult
|-damage|p2a: Dragapult|63/100
|-start|p2a: Dragapult|Salt Cure
|
|-damage|p2a: Dragapult|51/100|[from] Salt Cure
|upkeep
|turn|31
|
|t:|1758343846
|move|p2a: Dragapult|U-turn|p1a: Garganacl
|-damage|p1a: Garganacl|93/100
|
|t:|1758343852
|switch|p2a: Slowking|Slowking-Galar, F|100/100|[from] U-turn
|-damage|p2a: Slowking|88/100|[from] Stealth Rock
|move|p1a: Garganacl|Salt Cure|p2a: Slowking
|-damage|p2a: Slowking|60/100
|-start|p2a: Slowking|Salt Cure
|
|-heal|p1a: Garganacl|99/100|[from] item: Leftovers
|-damage|p2a: Slowking|47/100|[from] Salt Cure
|upkeep
|turn|32
|
|t:|1758343859
|switch|p2a: Dragapult|Dragapult, M|51/100
|move|p1a: Garganacl|Salt Cure|p2a: Dragapult
|-damage|p2a: Dragapult|13/100
|-start|p2a: Dragapult|Salt Cure
|
|-heal|p1a: Garganacl|100/100|[from] item: Leftovers
|-damage|p2a: Dragapult|1/100|[from] Salt Cure
|upkeep
|turn|33
|
|t:|1758343865
|switch|p2a: Slowking|Slowking-Galar, F|80/100
|-damage|p2a: Slowking|68/100|[from] Stealth Rock
|move|p1a: Garganacl|Curse|p1a: Garganacl
|-unboost|p1a: Garganacl|spe|1
|-boost|p1a: Garganacl|atk|1
|-boost|p1a: Garganacl|def|1
|
|upkeep
|turn|34
|
|t:|1758343872
|move|p2a: Slowking|Psyshock|p1a: Garganacl
|-damage|p1a: Garganacl|91/100
|move|p1a: Garganacl|Salt Cure|p2a: Slowking
|-damage|p2a: Slowking|36/100
|-start|p2a: Slowking|Salt Cure
|
|-heal|p1a: Garganacl|97/100|[from] item: Leftovers
|-damage|p2a: Slowking|23/100|[from] Salt Cure
|upkeep
|turn|35
|
|t:|1758343878
|move|p2a: Slowking|Psyshock|p1a: Garganacl
|-damage|p1a: Garganacl|87/100
|move|p1a: Garganacl|Salt Cure|p2a: Slowking
|-damage|p2a: Slowking|0 fnt
|faint|p2a: Slowking
|
|-heal|p1a: Garganacl|93/100|[from] item: Leftovers
|upkeep
|
|t:|1758343884
|switch|p2a: Moltres|Moltres|50/100
|turn|36
|
|t:|1758343890
|move|p2a: Moltres|Flamethrower|p1a: Garganacl
|-resisted|p1a: Garganacl
|-damage|p1a: Garganacl|82/100
|move|p1a: Garganacl|Salt Cure|p2a: Moltres
|-supereffective|p2a: Moltres
|-damage|p2a: Moltres|0 fnt
|faint|p2a: Moltres
|
|-heal|p1a: Garganacl|88/100|[from] item: Leftovers
|upkeep
|
|t:|1758343896
|switch|p2a: Dragapult|Dragapult, M|1/100
|turn|37
|
|t:|1758343899
|move|p2a: Dragapult|Dragon Darts|p1a: Garganacl
|-damage|p1a: Garganacl|82/100
|-anim|p2a: Dragapult|Dragon Darts|p1a: Garganacl
|-damage|p1a: Garganacl|76/100
|move|p1a: Garganacl|Salt Cure|p2a: Dragapult
|-damage|p2a: Dragapult|0 fnt
|faint|p2a: Dragapult
|
|win|Ctannn
|raw|Ctannn's rating: 1856 &rarr; <strong>1874</strong><br />(+18 for winning)
|raw|sunny dancing's rating: 1821 &rarr; <strong>1803</strong><br />(-18 for losing)
|l|☆sunny dancing
|player|p2|
|l|☆Ctannn
|player|p1|
