|j|☆darkmaniman+minus
|j|☆Sauronikov
|t:|1758269484
|gametype|singles
|player|p1|darkmaniman+minus|palmer|1400
|player|p2|Sauronikov|1|1340
|gen|9
|tier|[Gen 9] OU
|rated|
|rule|HP Percentage Mod: HP is shown in percentages
|rule|Endless Battle Clause: Forcing endless battles is banned
|rule|Species Clause: Limit one of each Pokémon
|rule|OHKO Clause: OHKO moves are banned
|rule|Evasion Items Clause: Evasion items are banned
|rule|Evasion Moves Clause: Evasion moves are banned
|rule|Evasion Abilities Clause: Evasion abilities are banned
|rule|Sleep Moves Clause: Sleep-inducing moves are banned
|clearpoke
|poke|p1|Drifblim, M|
|poke|p1|Rillaboom, M|
|poke|p1|Magnezone|
|poke|p1|Ogerpon-Wellspring, F|
|poke|p1|Slowking-Galar, F|
|poke|p1|Cinderace, M|
|poke|p2|Grimmsnarl, M|
|poke|p2|Rhyperior, M|
|poke|p2|Revavroom, F|
|poke|p2|Entei|
|poke|p2|Raikou|
|poke|p2|Suicune|
|teampreview
|
|t:|1758269492
|teamsize|p1|6
|teamsize|p2|6
|start
|switch|p1a: Rillaboom|Rillaboom, M|100/100
|switch|p2a: Grimmsnarl|Grimmsnarl, M|100/100
|-fieldstart|move: Grassy Terrain|[from] ability: Grassy Surge|[of] p1a: Rillaboom
|turn|1
|
|t:|1758269501
|move|p2a: Grimmsnarl|Taunt|p1a: Rillaboom
|-start|p1a: Rillaboom|move: Taunt
|cant|p1a: Rillaboom|move: Taunt|Leech Seed
|
|upkeep
|turn|2
|
|t:|1758269510
|switch|p1a: Magnezone|Magnezone|100/100
|move|p2a: Grimmsnarl|Reflect|p2a: Grimmsnarl
|-sidestart|p2: Sauronikov|Reflect
|
|upkeep
|turn|3
|
|t:|1758269513
|move|p2a: Grimmsnarl|Light Screen|p2a: Grimmsnarl
|-sidestart|p2: Sauronikov|move: Light Screen
|move|p1a: Magnezone|Flash Cannon|p2a: Grimmsnarl
|-supereffective|p2a: Grimmsnarl
|-damage|p2a: Grimmsnarl|17/100
|-unboost|p2a: Grimmsnarl|spd|1
|
|-heal|p2a: Grimmsnarl|23/100|[from] Grassy Terrain
|upkeep
|turn|4
|
|t:|1758269516
|move|p2a: Grimmsnarl|Parting Shot|p1a: Magnezone
|-unboost|p1a: Magnezone|atk|1
|-unboost|p1a: Magnezone|spa|1
|
|t:|1758269518
|switch|p2a: Entei|Entei, shiny|100/100|[from] Parting Shot
|move|p1a: Magnezone|Flash Cannon|p2a: Entei
|-resisted|p2a: Entei
|-damage|p2a: Entei|86/100
|
|-heal|p2a: Entei|93/100|[from] Grassy Terrain
|upkeep
|turn|5
|
|t:|1758269524
|switch|p1a: Slowking|Slowking-Galar, F|100/100
|move|p2a: Entei|Agility|p2a: Entei
|-boost|p2a: Entei|spe|2
|
|-heal|p2a: Entei|99/100|[from] Grassy Terrain
|upkeep
|turn|6
|
|t:|1758269526
|move|p2a: Entei|Sacred Fire|p1a: Slowking
|-damage|p1a: Slowking|43/100
|move|p1a: Slowking|Sludge Bomb|p2a: Entei
|-damage|p2a: Entei|82/100
|-status|p2a: Entei|psn
|
|-heal|p2a: Entei|88/100 psn|[from] Grassy Terrain
|-heal|p1a: Slowking|49/100|[from] Grassy Terrain
|-damage|p2a: Entei|76/100 psn|[from] psn
|upkeep
|turn|7
|
|t:|1758269533
|switch|p1a: Cinderace|Cinderace, M|100/100
|move|p2a: Entei|Sacred Fire|p1a: Cinderace
|-resisted|p1a: Cinderace
|-damage|p1a: Cinderace|69/100
|
|-heal|p2a: Entei|82/100 psn|[from] Grassy Terrain
|-heal|p1a: Cinderace|75/100|[from] Grassy Terrain
|-damage|p2a: Entei|70/100 psn|[from] psn
|upkeep
|turn|8
|
|t:|1758269536
|move|p2a: Entei|Stomping Tantrum|p1a: Cinderace
|-supereffective|p1a: Cinderace
|-damage|p1a: Cinderace|14/100
|move|p1a: Cinderace|U-turn|p2a: Entei
|-resisted|p2a: Entei
|-damage|p2a: Entei|65/100 psn
|
|t:|1758269549
|switch|p1a: Ogerpon|Ogerpon-Wellspring, F|100/100|[from] U-turn
|
|-heal|p2a: Entei|72/100 psn|[from] Grassy Terrain
|-damage|p2a: Entei|59/100 psn|[from] psn
|-fieldend|move: Grassy Terrain
|upkeep
|turn|9
|
|t:|1758269553
|move|p2a: Entei|Sacred Fire|p1a: Ogerpon
|-crit|p1a: Ogerpon
|-damage|p1a: Ogerpon|0 fnt
|faint|p1a: Ogerpon
|
|-damage|p2a: Entei|47/100 psn|[from] psn
|-sideend|p2: Sauronikov|Reflect
|upkeep
|
|t:|1758269562
|switch|p1a: Rillaboom|Rillaboom, M|100/100
|-fieldstart|move: Grassy Terrain|[from] ability: Grassy Surge|[of] p1a: Rillaboom
|turn|10
|
|t:|1758269568
|move|p1a: Rillaboom|Protect|p1a: Rillaboom
|-singleturn|p1a: Rillaboom|Protect
|move|p2a: Entei|Sacred Fire|p1a: Rillaboom
|-activate|p1a: Rillaboom|move: Protect
|
|-heal|p2a: Entei|53/100 psn|[from] Grassy Terrain
|-damage|p2a: Entei|41/100 psn|[from] psn
|-sideend|p2: Sauronikov|move: Light Screen
|upkeep
|turn|11
|
|t:|1758269571
|switch|p1a: Slowking|Slowking-Galar, F|82/100
|move|p2a: Entei|Sacred Fire|p1a: Slowking|[miss]
|-miss|p2a: Entei|p1a: Slowking
|
|-heal|p2a: Entei|47/100 psn|[from] Grassy Terrain
|-heal|p1a: Slowking|89/100|[from] Grassy Terrain
|-damage|p2a: Entei|34/100 psn|[from] psn
|upkeep
|turn|12
|
|t:|1758269578
|move|p2a: Entei|Stomping Tantrum|p1a: Slowking
|-supereffective|p1a: Slowking
|-damage|p1a: Slowking|0 fnt
|faint|p1a: Slowking
|
|-heal|p2a: Entei|41/100 psn|[from] Grassy Terrain
|-damage|p2a: Entei|28/100 psn|[from] psn
|upkeep
|
|t:|1758269582
|switch|p1a: Rillaboom|Rillaboom, M|100/100
|turn|13
|
|t:|1758269584
|move|p1a: Rillaboom|Protect|p1a: Rillaboom
|-singleturn|p1a: Rillaboom|Protect
|move|p2a: Entei|Sacred Fire|p1a: Rillaboom
|-activate|p1a: Rillaboom|move: Protect
|
|-heal|p2a: Entei|34/100 psn|[from] Grassy Terrain
|-damage|p2a: Entei|22/100 psn|[from] psn
|upkeep
|turn|14
|
|t:|1758269586
|move|p1a: Rillaboom|Grassy Glide|p2a: Entei
|-resisted|p2a: Entei
|-damage|p2a: Entei|4/100 psn
|move|p2a: Entei|Sacred Fire|p1a: Rillaboom
|-supereffective|p1a: Rillaboom
|-damage|p1a: Rillaboom|1/100
|-status|p1a: Rillaboom|brn
|
|-heal|p2a: Entei|10/100 psn|[from] Grassy Terrain
|-heal|p1a: Rillaboom|8/100 brn|[from] Grassy Terrain
|-damage|p2a: Entei|0 fnt|[from] psn
|faint|p2a: Entei
|-damage|p1a: Rillaboom|1/100 brn|[from] brn
|upkeep
|
|t:|1758269596
|switch|p2a: Rhyperior|Rhyperior, M, shiny|100/100
|turn|15
|
|t:|1758269598
|move|p2a: Rhyperior|Rock Polish|p2a: Rhyperior
|-boost|p2a: Rhyperior|spe|2
|move|p1a: Rillaboom|Leech Seed|p2a: Rhyperior
|-start|p2a: Rhyperior|move: Leech Seed
|
|-heal|p1a: Rillaboom|8/100 brn|[from] Grassy Terrain
|-damage|p2a: Rhyperior|88/100|[from] Leech Seed|[of] p1a: Rillaboom
|-heal|p1a: Rillaboom|21/100 brn|[silent]
|-damage|p1a: Rillaboom|15/100 brn|[from] brn
|upkeep
|turn|16
|
|t:|1758269604
|move|p1a: Rillaboom|Grassy Glide|p2a: Rhyperior
|-supereffective|p2a: Rhyperior
|-damage|p2a: Rhyperior|47/100
|-enditem|p2a: Rhyperior|Weakness Policy
|-boost|p2a: Rhyperior|atk|2|[from] item: Weakness Policy
|-boost|p2a: Rhyperior|spa|2|[from] item: Weakness Policy
|move|p2a: Rhyperior|Ice Punch|p1a: Rillaboom
|-supereffective|p1a: Rillaboom
|-damage|p1a: Rillaboom|0 fnt
|faint|p1a: Rillaboom
|
|-heal|p2a: Rhyperior|53/100|[from] Grassy Terrain
|upkeep
|
|t:|1758269609
|switch|p1a: Drifblim|Drifblim, M|100/100
|-enditem|p1a: Drifblim|Grassy Seed
|-boost|p1a: Drifblim|def|1|[from] item: Grassy Seed
|turn|17
|
|t:|1758269611
|move|p1a: Drifblim|Will-O-Wisp|p2a: Rhyperior
|-status|p2a: Rhyperior|brn
|move|p2a: Rhyperior|Ice Punch|p1a: Drifblim
|-supereffective|p1a: Drifblim
|-damage|p1a: Drifblim|61/100
|
|-heal|p2a: Rhyperior|59/100 brn|[from] Grassy Terrain
|-damage|p2a: Rhyperior|47/100 brn|[from] Leech Seed|[of] p1a: Drifblim
|-heal|p1a: Drifblim|72/100|[silent]
|-damage|p2a: Rhyperior|41/100 brn|[from] brn
|-fieldend|move: Grassy Terrain
|upkeep
|turn|18
|
|t:|1758269619
|move|p1a: Drifblim|Strength Sap|p2a: Rhyperior
|-unboost|p2a: Rhyperior|atk|1
|-heal|p1a: Drifblim|100/100
|move|p2a: Rhyperior|Ice Punch|p1a: Drifblim
|-supereffective|p1a: Drifblim
|-damage|p1a: Drifblim|71/100
|-status|p1a: Drifblim|frz
|
|-damage|p2a: Rhyperior|28/100 brn|[from] Leech Seed|[of] p1a: Drifblim
|-heal|p1a: Drifblim|81/100 frz|[silent]
|-damage|p2a: Rhyperior|22/100 brn|[from] brn
|upkeep
|turn|19
|
|t:|1758269626
|switch|p2a: Raikou|Raikou|100/100
|cant|p1a: Drifblim|frz
|
|upkeep
|turn|20
|
|t:|1758269629
|cant|p1a: Drifblim|frz
|move|p2a: Raikou|Agility|p2a: Raikou
|-boost|p2a: Raikou|spe|2
|
|upkeep
|turn|21
|
|t:|1758269631
|move|p2a: Raikou|Thunderbolt|p1a: Drifblim
|-supereffective|p1a: Drifblim
|-damage|p1a: Drifblim|0 fnt
|faint|p1a: Drifblim
|
|upkeep
|
|t:|1758269633
|switch|p1a: Magnezone|Magnezone|100/100
|turn|22
|
|t:|1758269637
|-terastallize|p2a: Raikou|Water
|move|p2a: Raikou|Scald|p1a: Magnezone
|-damage|p1a: Magnezone|57/100
|move|p1a: Magnezone|Flash Cannon|p2a: Raikou
|-resisted|p2a: Raikou
|-damage|p2a: Raikou|64/100
|
|upkeep
|turn|23
|
|t:|1758269644
|move|p2a: Raikou|Aura Sphere|p1a: Magnezone
|-supereffective|p1a: Magnezone
|-damage|p1a: Magnezone|0 fnt
|faint|p1a: Magnezone
|
|upkeep
|-message|darkmaniman+minus forfeited.
|
|win|Sauronikov
|raw|darkmaniman+minus's rating: 1400 &rarr; <strong>1377</strong><br />(-23 for losing)
|raw|Sauronikov's rating: 1340 &rarr; <strong>1363</strong><br />(+23 for winning)
|l|☆darkmaniman+minus
|player|p1|
|l|☆Sauronikov
|player|p2|
