|j|☆inmajik
|j|‽socaselectah
|t:|1758272204
|gametype|singles
|player|p1|inmajik|schoolkid-gen4dp|1531
|player|p2|socaselectah|2|1497
|gen|9
|tier|[Gen 9] OU
|rated|
|rule|HP Percentage Mod: HP is shown in percentages
|rule|Endless Battle Clause: Forcing endless battles is banned
|rule|Species Clause: Limit one of each Pokémon
|rule|OHKO Clause: OHKO moves are banned
|rule|Evasion Items Clause: Evasion items are banned
|rule|Evasion Moves Clause: Evasion moves are banned
|rule|Evasion Abilities Clause: Evasion abilities are banned
|rule|Sleep Moves Clause: Sleep-inducing moves are banned
|clearpoke
|poke|p1|Cinderace, F|
|poke|p1|Alomomola, M|
|poke|p1|Lokix, F|
|poke|p1|Enamorus, F|
|poke|p1|Slowking-Galar, M|
|poke|p1|Great Tusk|
|poke|p2|Torkoal, F|
|poke|p2|Clefable, M|
|poke|p2|Mandibuzz, F|
|poke|p2|Walking Wake|
|poke|p2|Iron Moth|
|poke|p2|Brute Bonnet|
|teampreview
|inactive|Battle timer is ON: inactive players will automatically lose when time's up. (requested by inmajik)
|
|t:|1758272223
|teamsize|p1|6
|teamsize|p2|6
|start
|switch|p1a: Slowking|Slowking-Galar, M|100/100
|switch|p2a: Clefable|Clefable, M|100/100
|turn|1
|
|t:|1758272226
|move|p2a: Clefable|Trick|p1a: Slowking
|-activate|p2a: Clefable|move: Trick|[of] p1a: Slowking
|-item|p1a: Slowking|Choice Scarf|[from] move: Trick
|-item|p2a: Clefable|Shuca Berry|[from] move: Trick
|move|p1a: Slowking|Sludge Bomb|p2a: Clefable
|-supereffective|p2a: Clefable
|-damage|p2a: Clefable|55/100
|
|upkeep
|turn|2
|
|t:|1758272237
|move|p2a: Clefable|Moonlight|p2a: Clefable
|-heal|p2a: Clefable|100/100
|move|p1a: Slowking|Sludge Bomb|p2a: Clefable
|-supereffective|p2a: Clefable
|-damage|p2a: Clefable|56/100
|
|upkeep
|turn|3
|
|t:|1758272242
|switch|p2a: Iron Moth|Iron Moth|100/100
|-enditem|p2a: Iron Moth|Booster Energy
|-activate|p2a: Iron Moth|ability: Quark Drive|[fromitem]
|-start|p2a: Iron Moth|quarkdrivespe
|move|p1a: Slowking|Sludge Bomb|p2a: Iron Moth
|-resisted|p2a: Iron Moth
|-damage|p2a: Iron Moth|85/100
|
|upkeep
|turn|4
|
|t:|1758272246
|switch|p1a: Alomomola|Alomomola, M|100/100
|move|p2a: Iron Moth|Substitute|p2a: Iron Moth
|-start|p2a: Iron Moth|Substitute
|-damage|p2a: Iron Moth|60/100
|
|upkeep
|turn|5
|
|t:|1758272252
|move|p1a: Alomomola|Aqua Jet|p2a: Iron Moth
|-supereffective|p2a: Iron Moth
|-end|p2a: Iron Moth|Substitute
|move|p2a: Iron Moth|Discharge|p1a: Alomomola
|-supereffective|p1a: Alomomola
|-damage|p1a: Alomomola|72/100
|
|upkeep
|turn|6
|
|t:|1758272258
|move|p2a: Iron Moth|Discharge|p1a: Alomomola
|-supereffective|p1a: Alomomola
|-damage|p1a: Alomomola|45/100
|move|p1a: Alomomola|Flip Turn|p2a: Iron Moth
|-supereffective|p2a: Iron Moth
|-damage|p2a: Iron Moth|6/100
|
|t:|1758272265
|switch|p1a: Lokix|Lokix, F|100/100|[from] Flip Turn
|
|upkeep
|turn|7
|
|t:|1758272268
|-end|p2a: Iron Moth|Quark Drive|[silent]
|switch|p2a: Torkoal|Torkoal, F|100/100
|-weather|SunnyDay|[from] ability: Drought|[of] p2a: Torkoal
|move|p1a: Lokix|First Impression|p2a: Torkoal
|-resisted|p2a: Torkoal
|-damage|p2a: Torkoal|66/100
|
|-weather|SunnyDay|[upkeep]
|upkeep
|turn|8
|
|t:|1758272274
|switch|p1a: Alomomola|Alomomola, M|79/100
|switch|p2a: Iron Moth|Iron Moth|6/100
|
|-weather|SunnyDay|[upkeep]
|upkeep
|turn|9
|
|t:|1758272276
|move|p2a: Iron Moth|Discharge|p1a: Alomomola
|-supereffective|p1a: Alomomola
|-damage|p1a: Alomomola|54/100
|move|p1a: Alomomola|Flip Turn|p2a: Iron Moth
|-supereffective|p2a: Iron Moth
|-damage|p2a: Iron Moth|0 fnt
|faint|p2a: Iron Moth
|-end|p2a: Iron Moth|Quark Drive|[silent]
|
|t:|1758272279
|switch|p1a: Slowking|Slowking-Galar, M|100/100|[from] Flip Turn
|
|-weather|SunnyDay|[upkeep]
|upkeep
|
|t:|1758272291
|switch|p2a: Brute Bonnet|Brute Bonnet|100/100
|-activate|p2a: Brute Bonnet|ability: Protosynthesis
|-start|p2a: Brute Bonnet|protosynthesisatk
|turn|10
|
|t:|1758272304
|move|p2a: Brute Bonnet|Growth|p2a: Brute Bonnet
|-boost|p2a: Brute Bonnet|atk|2
|-boost|p2a: Brute Bonnet|spa|2
|-prepare|p1a: Slowking|Chilly Reception|[premajor]
|move|p1a: Slowking|Chilly Reception|p1a: Slowking
|-weather|Snowscape
|-end|p2a: Brute Bonnet|Protosynthesis
|
|t:|1758272309
|switch|p1a: Lokix|Lokix, F|100/100|[from] Chilly Reception
|
|-weather|Snowscape|[upkeep]
|upkeep
|turn|11
|
|t:|1758272311
|move|p2a: Brute Bonnet|Sucker Punch|p1a: Lokix
|-resisted|p1a: Lokix
|-damage|p1a: Lokix|32/100
|move|p1a: Lokix|U-turn|p2a: Brute Bonnet
|-supereffective|p2a: Brute Bonnet
|-crit|p2a: Brute Bonnet
|-damage|p2a: Brute Bonnet|0 fnt
|faint|p2a: Brute Bonnet
|-end|p2a: Brute Bonnet|Protosynthesis|[silent]
|
|t:|1758272321
|switch|p1a: Slowking|Slowking-Galar, M|100/100|[from] U-turn
|
|-weather|Snowscape|[upkeep]
|upkeep
|
|t:|1758272326
|switch|p2a: Clefable|Clefable, M|56/100
|turn|12
|
|t:|1758272329
|move|p2a: Clefable|Moonlight|p2a: Clefable
|-heal|p2a: Clefable|81/100
|move|p1a: Slowking|Sludge Bomb|p2a: Clefable
|-supereffective|p2a: Clefable
|-damage|p2a: Clefable|33/100
|
|-weather|Snowscape|[upkeep]
|upkeep
|turn|13
|
|t:|1758272336
|switch|p2a: Mandibuzz|Mandibuzz, F|100/100
|move|p1a: Slowking|Sludge Bomb|p2a: Mandibuzz
|-damage|p2a: Mandibuzz|72/100
|
|-weather|Snowscape|[upkeep]
|-heal|p2a: Mandibuzz|78/100|[from] item: Leftovers
|upkeep
|turn|14
|
|t:|1758272340
|move|p1a: Slowking|Sludge Bomb|p2a: Mandibuzz
|-damage|p2a: Mandibuzz|50/100
|move|p2a: Mandibuzz|Whirlwind|p1a: Slowking
|drag|p1a: Enamorus|Enamorus, F|100/100
|
|-weather|none
|-heal|p2a: Mandibuzz|56/100|[from] item: Leftovers
|upkeep
|turn|15
|
|t:|1758272345
|switch|p2a: Clefable|Clefable, M|33/100
|move|p1a: Enamorus|Moonblast|p2a: Clefable
|-damage|p2a: Clefable|0 fnt
|faint|p2a: Clefable
|
|upkeep
|
|t:|1758272346
|switch|p2a: Torkoal|Torkoal, F|66/100
|-weather|SunnyDay|[from] ability: Drought|[of] p2a: Torkoal
|turn|16
|
|t:|1758272352
|switch|p1a: Alomomola|Alomomola, M|87/100
|move|p2a: Torkoal|Stealth Rock|p1a: Alomomola
|-sidestart|p1: inmajik|move: Stealth Rock
|
|-weather|SunnyDay|[upkeep]
|upkeep
|turn|17
|
|t:|1758272354
|switch|p2a: Mandibuzz|Mandibuzz, F|56/100
|move|p1a: Alomomola|Flip Turn|p2a: Mandibuzz
|-damage|p2a: Mandibuzz|52/100
|
|t:|1758272357
|switch|p1a: Enamorus|Enamorus, F|100/100|[from] Flip Turn
|-damage|p1a: Enamorus|76/100|[from] Stealth Rock
|
|-weather|SunnyDay|[upkeep]
|-heal|p2a: Mandibuzz|58/100|[from] item: Leftovers
|upkeep
|turn|18
|
|t:|1758272359
|move|p1a: Enamorus|Moonblast|p2a: Mandibuzz
|-supereffective|p2a: Mandibuzz
|-damage|p2a: Mandibuzz|0 fnt
|faint|p2a: Mandibuzz
|
|-weather|SunnyDay|[upkeep]
|upkeep
|
|t:|1758272361
|switch|p2a: Walking Wake|Walking Wake|100/100
|-activate|p2a: Walking Wake|ability: Protosynthesis
|-start|p2a: Walking Wake|protosynthesisspe
|turn|19
|
|t:|1758272376
|switch|p1a: Alomomola|Alomomola, M|100/100
|-damage|p1a: Alomomola|88/100|[from] Stealth Rock
|-terastallize|p2a: Walking Wake|Fairy
|move|p2a: Walking Wake|Hydro Steam|p1a: Alomomola
|-resisted|p1a: Alomomola
|-crit|p1a: Alomomola
|-damage|p1a: Alomomola|65/100
|
|-weather|SunnyDay|[upkeep]
|upkeep
|turn|20
|
|t:|1758272380
|move|p2a: Walking Wake|Hydro Steam|p1a: Alomomola
|-resisted|p1a: Alomomola
|-damage|p1a: Alomomola|50/100
|move|p1a: Alomomola|Mirror Coat|p2a: Walking Wake
|-damage|p2a: Walking Wake|54/100
|
|-weather|SunnyDay|[upkeep]
|upkeep
|turn|21
|-message|socaselectah forfeited.
|
|win|inmajik
|raw|inmajik's rating: 1531 &rarr; <strong>1549</strong><br />(+18 for winning)
|raw|socaselectah's rating: 1497 &rarr; <strong>1479</strong><br />(-18 for losing)
|l|‽socaselectah
|player|p2|
|l|☆inmajik
|player|p1|
