|j|☆Dnites
|j|☆yeetasian68
|t:|1758308990
|gametype|singles
|player|p1|Dnites|265|1209
|player|p2|yeetasian68|hugh|1259
|gen|9
|tier|[Gen 9] OU
|rated|
|rule|HP Percentage Mod: HP is shown in percentages
|rule|Endless Battle Clause: Forcing endless battles is banned
|rule|Species Clause: Limit one of each Pokémon
|rule|OHKO Clause: OHKO moves are banned
|rule|Evasion Items Clause: Evasion items are banned
|rule|Evasion Moves Clause: Evasion moves are banned
|rule|Evasion Abilities Clause: Evasion abilities are banned
|rule|Sleep Moves Clause: Sleep-inducing moves are banned
|clearpoke
|poke|p1|Slither Wing|
|poke|p1|Ninetales, F|
|poke|p1|Arboliva, M|
|poke|p1|Great Tusk|
|poke|p1|Charizard, M|
|poke|p1|Greninja-*, M|
|poke|p2|Iron Crown|
|poke|p2|Samurott-Hisui, F|
|poke|p2|Iron Valiant|
|poke|p2|Great Tusk|
|poke|p2|Zapdos|
|poke|p2|Iron Moth|
|teampreview
|inactive|Battle timer is ON: inactive players will automatically lose when time's up. (requested by yeetasian68)
|
|t:|1758309013
|teamsize|p1|6
|teamsize|p2|6
|start
|switch|p1a: Slither Wing|Slither Wing|100/100
|switch|p2a: Zapdos|Zapdos|100/100
|turn|1
|
|t:|1758309018
|move|p2a: Zapdos|Hurricane|p1a: Slither Wing
|-supereffective|p1a: Slither Wing
|-damage|p1a: Slither Wing|0 fnt
|faint|p1a: Slither Wing
|-end|p1a: Slither Wing|Protosynthesis|[silent]
|
|upkeep
|
|t:|1758309022
|switch|p1a: Ninetales|Ninetales, F|100/100
|-weather|SunnyDay|[from] ability: Drought|[of] p1a: Ninetales
|turn|2
|
|t:|1758309032
|move|p1a: Ninetales|Fire Blast|p2a: Zapdos
|-damage|p2a: Zapdos|43/100
|move|p2a: Zapdos|Thunder Wave|p1a: Ninetales
|-status|p1a: Ninetales|par
|
|-weather|SunnyDay|[upkeep]
|upkeep
|turn|3
|
|t:|1758309053
|switch|p1a: Great Tusk|Great Tusk|100/100
|-activate|p1a: Great Tusk|ability: Protosynthesis
|-start|p1a: Great Tusk|protosynthesisspe
|move|p2a: Zapdos|Roost|p2a: Zapdos
|-heal|p2a: Zapdos|93/100
|-singleturn|p2a: Zapdos|move: Roost
|
|-weather|SunnyDay|[upkeep]
|upkeep
|turn|4
|l|☆Dnites
|inactive|Dnites disconnected and has a minute to reconnect!
|player|p1|
|j|☆Dnites
|inactive|Dnites reconnected and has 140 seconds left.
|player|p1|Dnites|265|
|
|t:|1758309076
|-terastallize|p2a: Zapdos|Steel
|move|p1a: Great Tusk|Bulk Up|p1a: Great Tusk
|-boost|p1a: Great Tusk|atk|1
|-boost|p1a: Great Tusk|def|1
|move|p2a: Zapdos|Hurricane|p1a: Great Tusk
|-supereffective|p1a: Great Tusk
|-damage|p1a: Great Tusk|0 fnt
|faint|p1a: Great Tusk
|-end|p1a: Great Tusk|Protosynthesis|[silent]
|
|-weather|SunnyDay|[upkeep]
|upkeep
|
|t:|1758309082
|switch|p1a: Greninja|Greninja, M|100/100
|turn|5
|
|t:|1758309088
|move|p1a: Greninja|Weather Ball|p2a: Zapdos
|-start|p1a: Greninja|typechange|Fire|[from] ability: Protean
|-supereffective|p2a: Zapdos
|-damage|p2a: Zapdos|0 fnt
|faint|p2a: Zapdos
|
|-weather|SunnyDay|[upkeep]
|upkeep
|
|t:|1758309103
|switch|p2a: Iron Moth|Iron Moth|100/100
|turn|6
|
|t:|1758309107
|move|p2a: Iron Moth|Sludge Wave|p1a: Greninja
|-damage|p1a: Greninja|2/100
|move|p1a: Greninja|Weather Ball|p2a: Iron Moth
|-resisted|p2a: Iron Moth
|-damage|p2a: Iron Moth|48/100
|
|-weather|SunnyDay|[upkeep]
|upkeep
|turn|7
|
|t:|1758309133
|move|p2a: Iron Moth|Sludge Wave|p1a: Greninja
|-damage|p1a: Greninja|0 fnt
|faint|p1a: Greninja
|
|-weather|SunnyDay|[upkeep]
|upkeep
|
|t:|1758309136
|switch|p1a: Charizard|Charizard, M|100/100
|turn|8
|
|t:|1758309144
|-end|p2a: Iron Moth|Quark Drive|[silent]
|switch|p2a: Iron Crown|Iron Crown|100/100
|move|p1a: Charizard|Air Slash|p2a: Iron Crown
|-resisted|p2a: Iron Crown
|-damage|p2a: Iron Crown|74/100
|
|-weather|SunnyDay|[upkeep]
|-damage|p1a: Charizard|88/100|[from] ability: Solar Power|[of] p1a: Charizard
|upkeep
|turn|9
|
|t:|1758309148
|move|p1a: Charizard|Fire Blast|p2a: Iron Crown
|-supereffective|p2a: Iron Crown
|-damage|p2a: Iron Crown|0 fnt
|faint|p2a: Iron Crown
|-end|p2a: Iron Crown|Quark Drive|[silent]
|
|-weather|none
|upkeep
|
|t:|1758309152
|switch|p2a: Samurott|Samurott-Hisui, F|100/100
|turn|10
|
|t:|1758309160
|switch|p1a: Ninetales|Ninetales, F|100/100 par
|-weather|SunnyDay|[from] ability: Drought|[of] p1a: Ninetales
|move|p2a: Samurott|Razor Shell|p1a: Ninetales
|-supereffective|p1a: Ninetales
|-damage|p1a: Ninetales|1/100 par
|-unboost|p1a: Ninetales|def|1
|
|-weather|SunnyDay|[upkeep]
|upkeep
|turn|11
|
|t:|1758309165
|switch|p1a: Arboliva|Arboliva, M|100/100
|move|p2a: Samurott|Razor Shell|p1a: Arboliva
|-resisted|p1a: Arboliva
|-damage|p1a: Arboliva|87/100
|-unboost|p1a: Arboliva|def|1
|
|-weather|SunnyDay|[upkeep]
|upkeep
|turn|12
|
|t:|1758309174
|switch|p2a: Iron Moth|Iron Moth|48/100
|move|p1a: Arboliva|Growth|p1a: Arboliva
|-boost|p1a: Arboliva|atk|2
|-boost|p1a: Arboliva|spa|2
|
|-weather|SunnyDay|[upkeep]
|upkeep
|turn|13
|
|t:|1758309188
|-terastallize|p1a: Arboliva|Fairy
|move|p2a: Iron Moth|Sludge Wave|p1a: Arboliva
|-supereffective|p1a: Arboliva
|-damage|p1a: Arboliva|0 fnt
|faint|p1a: Arboliva
|
|-weather|SunnyDay|[upkeep]
|upkeep
|
|t:|1758309193
|switch|p1a: Charizard|Charizard, M|88/100
|turn|14
|
|t:|1758309196
|move|p2a: Iron Moth|Sludge Wave|p1a: Charizard
|-damage|p1a: Charizard|19/100
|move|p1a: Charizard|Solar Beam||[still]
|-prepare|p1a: Charizard|Solar Beam
|-anim|p1a: Charizard|Solar Beam|p2a: Iron Moth
|-resisted|p2a: Iron Moth
|-damage|p2a: Iron Moth|35/100
|
|-weather|SunnyDay|[upkeep]
|-damage|p1a: Charizard|7/100|[from] ability: Solar Power|[of] p1a: Charizard
|upkeep
|turn|15
|-message|Dnites forfeited.
|
|win|yeetasian68
|raw|Dnites's rating: 1209 &rarr; <strong>1188</strong><br />(-21 for losing)
|raw|yeetasian68's rating: 1259 &rarr; <strong>1280</strong><br />(+21 for winning)
|l|☆Dnites
|player|p1|
|l|☆yeetasian68
|player|p2|
