|j|☆gabriwkab
|j|☆xail44
|t:|1758305527
|gametype|singles
|player|p1|gabriwkab|2|1131
|player|p2|xail44|102|1127
|gen|9
|tier|[Gen 9] OU
|rated|
|rule|HP Percentage Mod: HP is shown in percentages
|rule|Endless Battle Clause: Forcing endless battles is banned
|rule|Species Clause: Limit one of each Pokémon
|rule|OHKO Clause: OHKO moves are banned
|rule|Evasion Items Clause: Evasion items are banned
|rule|Evasion Moves Clause: Evasion moves are banned
|rule|Evasion Abilities Clause: Evasion abilities are banned
|rule|Sleep Moves Clause: Sleep-inducing moves are banned
|clearpoke
|poke|p1|Kingambit, F|
|poke|p1|Deoxys-Speed|
|poke|p1|Great Tusk|
|poke|p1|Dragonite, M|
|poke|p1|Iron Moth|
|poke|p1|Primarina, M|
|poke|p2|Hatterene, F|
|poke|p2|Honchkrow, F|
|poke|p2|Terrakion|
|poke|p2|Alomomola, M|
|poke|p2|Metagross|
|poke|p2|Salazzle, F|
|teampreview
|inactive|Battle timer is ON: inactive players will automatically lose when time's up. (requested by xail44)
|
|t:|1758305545
|teamsize|p1|6
|teamsize|p2|6
|start
|switch|p1a: Kendrick DNA|Deoxys-Speed|100/100
|switch|p2a: Terrakion|Terrakion|100/100
|-ability|p1a: Kendrick DNA|Pressure
|turn|1
|
|t:|1758305561
|move|p1a: Kendrick DNA|Nasty Plot|p1a: Kendrick DNA
|-boost|p1a: Kendrick DNA|spa|2
|move|p2a: Terrakion|Stealth Rock|p1a: Kendrick DNA
|-sidestart|p1: gabriwkab|move: Stealth Rock
|
|upkeep
|turn|2
|
|t:|1758305577
|move|p1a: Kendrick DNA|Psycho Boost|p2a: Terrakion
|-supereffective|p2a: Terrakion
|-damage|p2a: Terrakion|0 fnt
|-unboost|p1a: Kendrick DNA|spa|2
|faint|p2a: Terrakion
|-damage|p1a: Kendrick DNA|91/100|[from] item: Life Orb
|
|upkeep
|
|t:|1758305581
|switch|p2a: Hatterene|Hatterene, F|100/100
|turn|3
|
|t:|1758305587
|move|p1a: Kendrick DNA|Shadow Ball|p2a: Hatterene
|-supereffective|p2a: Hatterene
|-damage|p2a: Hatterene|37/100
|-damage|p1a: Kendrick DNA|81/100|[from] item: Life Orb
|move|p2a: Hatterene|Trick Room|p2a: Hatterene
|-fieldstart|move: Trick Room|[of] p2a: Hatterene
|
|upkeep
|turn|4
|
|t:|1758305590
|move|p2a: Hatterene|Misty Explosion|p1a: Kendrick DNA
|-damage|p1a: Kendrick DNA|0 fnt
|faint|p2a: Hatterene
|faint|p1a: Kendrick DNA
|
|upkeep
|
|t:|1758305602
|switch|p2a: Honchkrow|Honchkrow, F|100/100
|switch|p1a: Primarina|Primarina, M|100/100
|-damage|p1a: Primarina|88/100|[from] Stealth Rock
|-enditem|p2a: Honchkrow|Room Service
|-unboost|p2a: Honchkrow|spe|1|[from] item: Room Service
|turn|5
|
|t:|1758305612
|-terastallize|p2a: Honchkrow|Ground
|move|p2a: Honchkrow|Acrobatics|p1a: Primarina
|-damage|p1a: Primarina|8/100
|move|p1a: Primarina|Moonblast|p2a: Honchkrow
|-damage|p2a: Honchkrow|28/100
|
|upkeep
|turn|6
|
|t:|1758305625
|move|p2a: Honchkrow|Acrobatics|p1a: Primarina
|-damage|p1a: Primarina|0 fnt
|faint|p1a: Primarina
|-ability|p2a: Honchkrow|Moxie|boost
|-boost|p2a: Honchkrow|atk|1
|
|upkeep
|
|t:|1758305639
|switch|p1a: Yoshi|Dragonite, M, shiny|100/100
|-damage|p1a: Yoshi|76/100|[from] Stealth Rock
|turn|7
|
|t:|1758305645
|move|p1a: Yoshi|Extreme Speed|p2a: Honchkrow
|-damage|p2a: Honchkrow|0 fnt
|faint|p2a: Honchkrow
|
|-fieldend|move: Trick Room
|upkeep
|
|t:|1758305650
|switch|p2a: Metagross|Metagross|100/100
|turn|8
|
|t:|1758305663
|switch|p1a: Great Tusk|Great Tusk|100/100
|-damage|p1a: Great Tusk|98/100|[from] Stealth Rock
|-enditem|p1a: Great Tusk|Booster Energy
|-activate|p1a: Great Tusk|ability: Protosynthesis|[fromitem]
|-start|p1a: Great Tusk|protosynthesisatk
|move|p2a: Metagross|Agility|p2a: Metagross
|-boost|p2a: Metagross|spe|2
|
|upkeep
|turn|9
|
|t:|1758305670
|move|p2a: Metagross|Psychic|p1a: Great Tusk
|-supereffective|p1a: Great Tusk
|-damage|p1a: Great Tusk|0 fnt
|faint|p1a: Great Tusk
|-end|p1a: Great Tusk|Protosynthesis|[silent]
|
|upkeep
|
|t:|1758305673
|switch|p1a: Iron Moth|Iron Moth|100/100
|-damage|p1a: Iron Moth|76/100|[from] Stealth Rock
|-enditem|p1a: Iron Moth|Booster Energy
|-activate|p1a: Iron Moth|ability: Quark Drive|[fromitem]
|-start|p1a: Iron Moth|quarkdrivespe
|turn|10
|
|t:|1758305676
|move|p1a: Iron Moth|Fiery Dance|p2a: Metagross
|-supereffective|p2a: Metagross
|-damage|p2a: Metagross|19/100
|move|p2a: Metagross|Meteor Beam||[still]
|-prepare|p2a: Metagross|Meteor Beam
|-boost|p2a: Metagross|spa|1
|-enditem|p2a: Metagross|Power Herb
|-anim|p2a: Metagross|Meteor Beam|p1a: Iron Moth
|-supereffective|p1a: Iron Moth
|-damage|p1a: Iron Moth|0 fnt
|faint|p1a: Iron Moth
|-end|p1a: Iron Moth|Quark Drive|[silent]
|
|upkeep
|
|t:|1758305680
|switch|p1a: Yoshi|Dragonite, M, shiny|76/100
|-damage|p1a: Yoshi|51/100|[from] Stealth Rock
|turn|11
|
|t:|1758305688
|move|p2a: Metagross|Psychic|p1a: Yoshi
|-damage|p1a: Yoshi|0 fnt
|faint|p1a: Yoshi
|
|upkeep
|
|t:|1758305690
|switch|p1a: Kingambit|Kingambit, F|100/100
|-damage|p1a: Kingambit|94/100|[from] Stealth Rock
|-activate|p1a: Kingambit|ability: Supreme Overlord
|-start|p1a: Kingambit|fallen5|[silent]
|turn|12
|
|t:|1758305698
|-terastallize|p1a: Kingambit|Ghost
|move|p1a: Kingambit|Sucker Punch|p2a: Metagross
|-supereffective|p2a: Metagross
|-damage|p2a: Metagross|0 fnt
|faint|p2a: Metagross
|
|-heal|p1a: Kingambit|100/100|[from] item: Leftovers
|upkeep
|
|t:|1758305705
|switch|p2a: Salazzle|Salazzle, F|100/100
|-item|p2a: Salazzle|Air Balloon
|turn|13
|
|t:|1758305707
|move|p1a: Kingambit|Sucker Punch||[still]
|-fail|p1a: Kingambit
|move|p2a: Salazzle|Will-O-Wisp|p1a: Kingambit
|-status|p1a: Kingambit|brn
|
|-damage|p1a: Kingambit|94/100 brn|[from] brn
|upkeep
|turn|14
|
|t:|1758305714
|move|p2a: Salazzle|Flamethrower|p1a: Kingambit
|-damage|p1a: Kingambit|53/100 brn
|move|p1a: Kingambit|Swords Dance|p1a: Kingambit
|-boost|p1a: Kingambit|atk|2
|
|-heal|p1a: Kingambit|59/100 brn|[from] item: Leftovers
|-damage|p1a: Kingambit|53/100 brn|[from] brn
|upkeep
|turn|15
|
|t:|1758305722
|switch|p2a: Alomomola|Alomomola, M|100/100
|move|p1a: Kingambit|Kowtow Cleave|p2a: Alomomola
|-damage|p2a: Alomomola|48/100
|-damage|p1a: Kingambit|36/100 brn|[from] item: Rocky Helmet|[of] p2a: Alomomola
|
|-heal|p1a: Kingambit|42/100 brn|[from] item: Leftovers
|-damage|p1a: Kingambit|36/100 brn|[from] brn
|upkeep
|turn|16
|
|t:|1758305733
|move|p1a: Kingambit|Kowtow Cleave|p2a: Alomomola
|-damage|p2a: Alomomola|0 fnt
|-damage|p1a: Kingambit|20/100 brn|[from] item: Rocky Helmet|[of] p2a: Alomomola
|faint|p2a: Alomomola
|
|-heal|p1a: Kingambit|26/100 brn|[from] item: Leftovers
|-damage|p1a: Kingambit|20/100 brn|[from] brn
|upkeep
|c|☆gabriwkab|aqua jet?
|
|t:|1758305741
|switch|p2a: Salazzle|Salazzle, F|100/100
|-item|p2a: Salazzle|Air Balloon
|turn|17
|
|t:|1758305749
|move|p2a: Salazzle|Flamethrower|p1a: Kingambit
|-damage|p1a: Kingambit|0 fnt
|faint|p1a: Kingambit
|-end|p1a: Kingambit|fallen5|[silent]
|
|win|xail44
|raw|gabriwkab's rating: 1131 &rarr; <strong>1106</strong><br />(-25 for losing)
|raw|xail44's rating: 1127 &rarr; <strong>1152</strong><br />(+25 for winning)
|l|☆gabriwkab
|player|p1|
|c|☆xail44|gg
|l|☆xail44
|player|p2|
