|j|☆fearow sniper
|j|☆Psycho16
|t:|1758249176
|gametype|singles
|player|p1|fearow sniper|backersf|1371
|player|p2|Psycho16|petrel|1376
|gen|9
|tier|[Gen 9] OU
|rated|
|rule|HP Percentage Mod: HP is shown in percentages
|rule|Endless Battle Clause: Forcing endless battles is banned
|rule|Species Clause: Limit one of each Pokémon
|rule|OHKO Clause: OHKO moves are banned
|rule|Evasion Items Clause: Evasion items are banned
|rule|Evasion Moves Clause: Evasion moves are banned
|rule|Evasion Abilities Clause: Evasion abilities are banned
|rule|Sleep Moves Clause: Sleep-inducing moves are banned
|clearpoke
|poke|p1|Tyranitar, M|
|poke|p1|Excadrill, M|
|poke|p1|Ogerpon-Wellspring, F|
|poke|p1|Zapdos|
|poke|p1|Blaziken, M|
|poke|p1|Dragapult, F|
|poke|p2|Toxapex, F|
|poke|p2|Incineroar, F|
|poke|p2|Dragonite, M|
|poke|p2|Kilowattrel, M|
|poke|p2|Ditto|
|poke|p2|Cinderace, M|
|teampreview
|inactive|Battle timer is ON: inactive players will automatically lose when time's up. (requested by Psycho16)
|inactive|fearow sniper also wants the timer to be on.
|
|t:|1758249187
|teamsize|p1|6
|teamsize|p2|6
|start
|switch|p1a: Tyranitar|Tyranitar, M, shiny|100/100
|switch|p2a: Ditto|Ditto|100/100
|-transform|p2a: Ditto|p1a: Tyranitar|[from] ability: Imposter
|-weather|Sandstorm|[from] ability: Sand Stream|[of] p2a: Ditto
|turn|1
|inactive|Psycho16 has 120 seconds left.
|
|t:|1758249225
|switch|p2a: Incineroar|Incineroar, F, shiny|100/100
|-ability|p2a: Incineroar|Intimidate|boost
|-unboost|p1a: Tyranitar|atk|1
|switch|p1a: Ogerpon|Ogerpon-Wellspring, F|100/100
|
|-weather|Sandstorm|[upkeep]
|-damage|p1a: Ogerpon|95/100|[from] Sandstorm
|-damage|p2a: Incineroar|94/100|[from] Sandstorm
|upkeep
|turn|2
|inactive|Psycho16 has 120 seconds left.
|
|t:|1758249237
|move|p1a: Ogerpon|Swords Dance|p1a: Ogerpon
|-boost|p1a: Ogerpon|atk|2
|move|p2a: Incineroar|Parting Shot|p1a: Ogerpon
|-unboost|p1a: Ogerpon|atk|1
|-unboost|p1a: Ogerpon|spa|1
|inactive|Psycho16 has 120 seconds left.
|
|t:|1758249250
|switch|p2a: Cinderace|Cinderace, M|100/100|[from] Parting Shot
|
|-weather|Sandstorm|[upkeep]
|-damage|p2a: Cinderace|95/100|[from] Sandstorm
|-damage|p1a: Ogerpon|89/100|[from] Sandstorm
|upkeep
|turn|3
|
|t:|1758249256
|switch|p1a: Zapdos|Zapdos|100/100
|move|p2a: Cinderace|U-turn|p1a: Zapdos
|-start|p2a: Cinderace|typechange|Bug|[from] ability: Libero
|-resisted|p1a: Zapdos
|-damage|p1a: Zapdos|88/100
|inactive|Psycho16 has 120 seconds left.
|
|t:|1758249267
|switch|p2a: Kilowattrel|Kilowattrel, M|100/100|[from] U-turn
|
|-weather|Sandstorm|[upkeep]
|-damage|p2a: Kilowattrel|94/100|[from] Sandstorm
|-damage|p1a: Zapdos|81/100|[from] Sandstorm
|upkeep
|turn|4
|
|t:|1758249276
|move|p2a: Kilowattrel|Volt Switch|p1a: Zapdos
|-damage|p1a: Zapdos|39/100
|inactive|Psycho16 has 120 seconds left.
|
|t:|1758249287
|switch|p2a: Dragonite|Dragonite, M|100/100|[from] Volt Switch
|move|p1a: Zapdos|U-turn|p2a: Dragonite
|-resisted|p2a: Dragonite
|-crit|p2a: Dragonite
|-damage|p2a: Dragonite|96/100
|
|t:|1758249309
|switch|p1a: Dragapult|Dragapult, F, shiny|100/100|[from] U-turn
|
|-weather|Sandstorm|[upkeep]
|-damage|p1a: Dragapult|95/100|[from] Sandstorm
|-damage|p2a: Dragonite|90/100|[from] Sandstorm
|upkeep
|turn|5
|
|t:|1758249315
|move|p1a: Dragapult|Will-O-Wisp|p2a: Dragonite
|-status|p2a: Dragonite|brn
|move|p2a: Dragonite|Scale Shot|p1a: Dragapult
|-supereffective|p1a: Dragapult
|-damage|p1a: Dragapult|76/100
|-supereffective|p1a: Dragapult
|-damage|p1a: Dragapult|54/100
|-supereffective|p1a: Dragapult
|-damage|p1a: Dragapult|35/100
|-supereffective|p1a: Dragapult
|-damage|p1a: Dragapult|14/100
|-supereffective|p1a: Dragapult
|-damage|p1a: Dragapult|0 fnt
|faint|p1a: Dragapult
|-hitcount|p1: Dragapult|5
|-unboost|p2a: Dragonite|def|1
|-boost|p2a: Dragonite|spe|1
|
|-weather|none
|-damage|p2a: Dragonite|84/100 brn|[from] brn
|upkeep
|
|t:|1758249325
|switch|p1a: Tyranitar|Tyranitar, M, shiny|100/100
|-weather|Sandstorm|[from] ability: Sand Stream|[of] p1a: Tyranitar
|turn|6
|
|t:|1758249328
|move|p2a: Dragonite|Iron Head|p1a: Tyranitar
|-supereffective|p1a: Tyranitar
|-damage|p1a: Tyranitar|75/100
|cant|p1a: Tyranitar|flinch
|
|-weather|Sandstorm|[upkeep]
|-damage|p2a: Dragonite|78/100 brn|[from] Sandstorm
|-damage|p2a: Dragonite|72/100 brn|[from] brn
|upkeep
|turn|7
|
|t:|1758249333
|move|p2a: Dragonite|Iron Head|p1a: Tyranitar
|-supereffective|p1a: Tyranitar
|-damage|p1a: Tyranitar|50/100
|cant|p1a: Tyranitar|flinch
|
|-weather|Sandstorm|[upkeep]
|-damage|p2a: Dragonite|66/100 brn|[from] Sandstorm
|-damage|p2a: Dragonite|60/100 brn|[from] brn
|upkeep
|turn|8
|
|t:|1758249348
|-terastallize|p2a: Dragonite|Steel
|move|p2a: Dragonite|Iron Head|p1a: Tyranitar
|-supereffective|p1a: Tyranitar
|-damage|p1a: Tyranitar|15/100
|move|p1a: Tyranitar|Ice Beam|p2a: Dragonite
|-resisted|p2a: Dragonite
|-damage|p2a: Dragonite|50/100 brn
|
|-weather|Sandstorm|[upkeep]
|-damage|p2a: Dragonite|44/100 brn|[from] brn
|upkeep
|turn|9
|
|t:|1758249357
|switch|p1a: Zapdos|Zapdos|39/100
|move|p2a: Dragonite|Scale Shot|p1a: Zapdos
|-damage|p1a: Zapdos|34/100
|-damage|p1a: Zapdos|28/100
|-damage|p1a: Zapdos|23/100
|-damage|p1a: Zapdos|18/100
|-hitcount|p1a: Zapdos|4
|-unboost|p2a: Dragonite|def|1
|-boost|p2a: Dragonite|spe|1
|
|-weather|Sandstorm|[upkeep]
|-damage|p1a: Zapdos|12/100|[from] Sandstorm
|-damage|p2a: Dragonite|38/100 brn|[from] brn
|upkeep
|turn|10
|
|t:|1758249375
|move|p2a: Dragonite|Scale Shot|p1a: Zapdos
|-damage|p1a: Zapdos|6/100
|-damage|p1a: Zapdos|1/100
|-damage|p1a: Zapdos|0 fnt
|faint|p1a: Zapdos
|-hitcount|p1: Zapdos|3
|-unboost|p2a: Dragonite|def|1
|-boost|p2a: Dragonite|spe|1
|
|-weather|Sandstorm|[upkeep]
|-damage|p2a: Dragonite|32/100 brn|[from] brn
|upkeep
|
|t:|1758249380
|switch|p1a: Excadrill|Excadrill, M, shiny|100/100
|turn|11
|
|t:|1758249383
|move|p1a: Excadrill|Earthquake|p2a: Dragonite
|-supereffective|p2a: Dragonite
|-damage|p2a: Dragonite|0 fnt
|faint|p2a: Dragonite
|
|-weather|Sandstorm|[upkeep]
|upkeep
|
|t:|1758249404
|switch|p2a: Ditto|Ditto|100/100
|-transform|p2a: Ditto|p1a: Excadrill|[from] ability: Imposter
|turn|12
|
|t:|1758249415
|switch|p1a: Ogerpon|Ogerpon-Wellspring, F|89/100
|move|p2a: Ditto|Earthquake|p1a: Ogerpon
|-resisted|p1a: Ogerpon
|-damage|p1a: Ogerpon|54/100
|
|-weather|Sandstorm|[upkeep]
|-damage|p1a: Ogerpon|48/100|[from] Sandstorm
|upkeep
|turn|13
|
|t:|1758249421
|switch|p2a: Toxapex|Toxapex, F|100/100
|move|p1a: Ogerpon|Ivy Cudgel|p2a: Toxapex|[anim] Ivy Cudgel Water
|-resisted|p2a: Toxapex
|-damage|p2a: Toxapex|77/100
|
|-weather|none
|-heal|p2a: Toxapex|83/100|[from] item: Black Sludge
|upkeep
|turn|14
|
|t:|1758249437
|switch|p1a: Excadrill|Excadrill, M, shiny|100/100
|move|p2a: Toxapex|Surf|p1a: Excadrill
|-supereffective|p1a: Excadrill
|-damage|p1a: Excadrill|47/100
|
|-heal|p2a: Toxapex|89/100|[from] item: Black Sludge
|upkeep
|turn|15
|
|t:|1758249451
|switch|p1a: Ogerpon|Ogerpon-Wellspring, F|48/100
|switch|p2a: Kilowattrel|Kilowattrel, M|94/100
|
|upkeep
|turn|16
|
|t:|1758249457
|switch|p1a: Tyranitar|Tyranitar, M, shiny|15/100
|-weather|Sandstorm|[from] ability: Sand Stream|[of] p1a: Tyranitar
|move|p2a: Kilowattrel|Air Slash|p1a: Tyranitar
|-resisted|p1a: Tyranitar
|-damage|p1a: Tyranitar|6/100
|
|-weather|Sandstorm|[upkeep]
|-damage|p2a: Kilowattrel|88/100|[from] Sandstorm
|upkeep
|turn|17
|
|t:|1758249463
|move|p2a: Kilowattrel|Air Slash|p1a: Tyranitar
|-resisted|p1a: Tyranitar
|-damage|p1a: Tyranitar|0 fnt
|faint|p1a: Tyranitar
|
|-weather|Sandstorm|[upkeep]
|-damage|p2a: Kilowattrel|82/100|[from] Sandstorm
|upkeep
|
|t:|1758249470
|switch|p1a: Blaziken|Blaziken, M, shiny|100/100
|turn|18
|-message|fearow sniper forfeited.
|
|win|Psycho16
|raw|fearow sniper's rating: 1371 &rarr; <strong>1351</strong><br />(-20 for losing)
|raw|Psycho16's rating: 1376 &rarr; <strong>1396</strong><br />(+20 for winning)
|l|☆fearow sniper
|player|p1|
|l|☆Psycho16
|player|p2|
