|j|☆rubensof_7
|j|☆raffwastaken
|t:|1758273769
|gametype|singles
|player|p1|rubensof_7|lucas|1079
|player|p2|raffwastaken|aaron|1086
|gen|9
|tier|[Gen 9] OU
|rated|
|rule|HP Percentage Mod: HP is shown in percentages
|rule|Endless Battle Clause: Forcing endless battles is banned
|rule|Species Clause: Limit one of each Pokémon
|rule|OHKO Clause: OHKO moves are banned
|rule|Evasion Items Clause: Evasion items are banned
|rule|Evasion Moves Clause: Evasion moves are banned
|rule|Evasion Abilities Clause: Evasion abilities are banned
|rule|Sleep Moves Clause: Sleep-inducing moves are banned
|clearpoke
|poke|p1|Forretress, M|
|poke|p1|Lucario, F|
|poke|p1|Gliscor, F|
|poke|p1|Greninja-*, F|
|poke|p1|Gyarados, M|
|poke|p1|Gardevoir, M|
|poke|p2|Cobalion|
|poke|p2|Hydreigon, F|
|poke|p2|Emboar, F|
|poke|p2|Serperior, F|
|poke|p2|Alomomola, M|
|poke|p2|Terrakion|
|teampreview
|inactive|Battle timer is ON: inactive players will automatically lose when time's up. (requested by raffwastaken)
|
|t:|1758273777
|teamsize|p1|6
|teamsize|p2|6
|start
|switch|p1a: Forretress|Forretress, M, shiny|100/100
|switch|p2a: Emboar|Emboar, F, shiny|100/100
|turn|1
|
|t:|1758273784
|move|p2a: Emboar|Flare Blitz|p1a: Forretress
|-supereffective|p1a: Forretress
|-ability|p1a: Forretress|Sturdy
|-damage|p1a: Forretress|1/100
|-damage|p2a: Emboar|84/100|[from] item: Rocky Helmet|[of] p1a: Forretress
|-damage|p2a: Emboar|52/100|[from] Recoil
|move|p1a: Forretress|Stealth Rock|p2a: Emboar
|-sidestart|p2: raffwastaken|move: Stealth Rock
|
|upkeep
|turn|2
|
|t:|1758273794
|move|p2a: Emboar|Flare Blitz|p1a: Forretress
|-supereffective|p1a: Forretress
|-damage|p1a: Forretress|0 fnt
|-damage|p2a: Emboar|35/100|[from] item: Rocky Helmet|[of] p1a: Forretress
|faint|p1a: Forretress
|-damage|p2a: Emboar|35/100|[from] Recoil
|
|upkeep
|
|t:|1758273803
|switch|p1a: Gyarados|Gyarados, M|100/100
|turn|3
|
|t:|1758273808
|switch|p2a: Cobalion|Cobalion|100/100
|-damage|p2a: Cobalion|97/100|[from] Stealth Rock
|move|p1a: Gyarados|Rain Dance|p1a: Gyarados
|-weather|RainDance
|
|-weather|RainDance|[upkeep]
|-heal|p2a: Cobalion|100/100|[from] item: Leftovers
|upkeep
|turn|4
|
|t:|1758273820
|move|p2a: Cobalion|Stealth Rock|p1a: Gyarados
|-sidestart|p1: rubensof_7|move: Stealth Rock
|move|p1a: Gyarados|Waterfall|p2a: Cobalion
|-damage|p2a: Cobalion|53/100
|
|-weather|RainDance|[upkeep]
|-heal|p2a: Cobalion|59/100|[from] item: Leftovers
|upkeep
|turn|5
|
|t:|1758273831
|move|p2a: Cobalion|Body Press|p1a: Gyarados
|-resisted|p1a: Gyarados
|-damage|p1a: Gyarados|72/100
|move|p1a: Gyarados|Dragon Dance|p1a: Gyarados
|-boost|p1a: Gyarados|atk|1
|-boost|p1a: Gyarados|spe|1
|
|-weather|RainDance|[upkeep]
|-heal|p2a: Cobalion|65/100|[from] item: Leftovers
|upkeep
|turn|6
|
|t:|1758273844
|switch|p2a: Alomomola|Alomomola, M|100/100
|move|p1a: Gyarados|Dragon Dance|p1a: Gyarados
|-boost|p1a: Gyarados|atk|1
|-boost|p1a: Gyarados|spe|1
|
|-weather|RainDance|[upkeep]
|upkeep
|turn|7
|inactive|rubensof_7 has 120 seconds left.
|
|t:|1758273877
|move|p1a: Gyarados|Crunch|p2a: Alomomola
|-damage|p2a: Alomomola|67/100
|-unboost|p2a: Alomomola|def|1
|move|p2a: Alomomola|Scald|p1a: Gyarados
|-resisted|p1a: Gyarados
|-damage|p1a: Gyarados|62/100
|-status|p1a: Gyarados|brn
|
|-weather|none
|-damage|p1a: Gyarados|55/100 brn|[from] brn
|upkeep
|turn|8
|inactive|rubensof_7 has 120 seconds left.
|
|t:|1758273888
|switch|p2a: Cobalion|Cobalion|65/100
|-damage|p2a: Cobalion|62/100|[from] Stealth Rock
|move|p1a: Gyarados|Crunch|p2a: Cobalion
|-resisted|p2a: Cobalion
|-damage|p2a: Cobalion|52/100
|-unboost|p2a: Cobalion|def|1
|-ability|p2a: Cobalion|Justified|boost
|-boost|p2a: Cobalion|atk|1
|
|-heal|p2a: Cobalion|58/100|[from] item: Leftovers
|-damage|p1a: Gyarados|49/100 brn|[from] brn
|upkeep
|turn|9
|inactive|rubensof_7 has 120 seconds left.
|
|t:|1758273901
|move|p1a: Gyarados|Waterfall|p2a: Cobalion
|-damage|p2a: Cobalion|4/100
|move|p2a: Cobalion|Iron Head|p1a: Gyarados
|-resisted|p1a: Gyarados
|-damage|p1a: Gyarados|27/100 brn
|
|-heal|p2a: Cobalion|10/100|[from] item: Leftovers
|-damage|p1a: Gyarados|21/100 brn|[from] brn
|upkeep
|turn|10
|inactive|rubensof_7 has 120 seconds left.
|
|t:|1758273912
|switch|p2a: Alomomola|Alomomola, M|99/100
|move|p1a: Gyarados|Waterfall|p2a: Alomomola
|-resisted|p2a: Alomomola
|-damage|p2a: Alomomola|85/100
|
|-damage|p1a: Gyarados|15/100 brn|[from] brn
|upkeep
|turn|11
|
|t:|1758273921
|move|p1a: Gyarados|Rain Dance|p1a: Gyarados
|-weather|RainDance
|move|p2a: Alomomola|Wish|p2a: Alomomola
|
|-weather|RainDance|[upkeep]
|-damage|p1a: Gyarados|9/100 brn|[from] brn
|upkeep
|turn|12
|
|t:|1758273931
|move|p1a: Gyarados|Crunch|p2a: Alomomola
|-damage|p2a: Alomomola|68/100
|move|p2a: Alomomola|Flip Turn|p1a: Gyarados
|-resisted|p1a: Gyarados
|-damage|p1a: Gyarados|0 fnt
|faint|p1a: Gyarados
|
|t:|1758273936
|switch|p2a: Emboar|Emboar, F, shiny|35/100|[from] Flip Turn
|-damage|p2a: Emboar|22/100|[from] Stealth Rock
|
|-weather|RainDance|[upkeep]
|-heal|p2a: Emboar|96/100|[from] move: Wish|[wisher] Alomomola
|upkeep
|
|t:|1758273945
|switch|p1a: Greninja|Greninja, F, shiny|100/100
|turn|13
|
|t:|1758273958
|move|p1a: Greninja|Ice Beam|p2a: Emboar
|-start|p1a: Greninja|typechange|Ice|[from] ability: Protean
|-resisted|p2a: Emboar
|-damage|p2a: Emboar|67/100
|move|p2a: Emboar|Close Combat|p1a: Greninja
|-supereffective|p1a: Greninja
|-damage|p1a: Greninja|0 fnt
|-unboost|p2a: Emboar|def|1
|-unboost|p2a: Emboar|spd|1
|faint|p1a: Greninja
|
|-weather|RainDance|[upkeep]
|upkeep
|inactive|rubensof_7 has 120 seconds left.
|
|t:|1758273975
|switch|p1a: Gardevoir|Gardevoir, M, shiny|100/100
|-damage|p1a: Gardevoir|88/100|[from] Stealth Rock
|-ability|p1a: Gardevoir|Reckless|Trace|[from] ability: Trace|[of] p2a: Emboar
|turn|14
|
|t:|1758273985
|switch|p2a: Alomomola|Alomomola, M|100/100
|move|p1a: Gardevoir|Wish|p1a: Gardevoir
|
|-weather|RainDance|[upkeep]
|upkeep
|turn|15
|
|t:|1758273994
|move|p1a: Gardevoir|Calm Mind|p1a: Gardevoir
|-boost|p1a: Gardevoir|spa|1
|-boost|p1a: Gardevoir|spd|1
|move|p2a: Alomomola|Wish|p2a: Alomomola
|
|-weather|none
|-heal|p1a: Gardevoir|100/100|[from] move: Wish|[wisher] Gardevoir
|upkeep
|turn|16
|
|t:|1758274008
|move|p1a: Gardevoir|Calm Mind|p1a: Gardevoir
|-boost|p1a: Gardevoir|spa|1
|-boost|p1a: Gardevoir|spd|1
|move|p2a: Alomomola|Flip Turn|p1a: Gardevoir
|-damage|p1a: Gardevoir|73/100
|
|t:|1758274012
|switch|p2a: Hydreigon|Hydreigon, F|100/100|[from] Flip Turn
|-damage|p2a: Hydreigon|88/100|[from] Stealth Rock
|
|-heal|p2a: Hydreigon|100/100|[from] move: Wish|[wisher] Alomomola
|upkeep
|turn|17
|
|t:|1758274027
|-terastallize|p1a: Gardevoir|Fairy
|move|p2a: Hydreigon|Flash Cannon|p1a: Gardevoir
|-supereffective|p1a: Gardevoir
|-damage|p1a: Gardevoir|48/100
|move|p1a: Gardevoir|Moonblast|p2a: Hydreigon
|-supereffective|p2a: Hydreigon
|-damage|p2a: Hydreigon|0 fnt
|faint|p2a: Hydreigon
|-damage|p1a: Gardevoir|38/100|[from] item: Life Orb
|
|upkeep
|
|t:|1758274038
|switch|p2a: Serperior|Serperior, F|100/100
|-damage|p2a: Serperior|88/100|[from] Stealth Rock
|turn|18
|
|t:|1758274043
|-terastallize|p2a: Serperior|Grass
|move|p2a: Serperior|Leaf Storm|p1a: Gardevoir
|-crit|p1a: Gardevoir
|-damage|p1a: Gardevoir|0 fnt
|-boost|p2a: Serperior|spa|2
|faint|p1a: Gardevoir
|
|-heal|p2a: Serperior|94/100|[from] item: Leftovers
|upkeep
|
|t:|1758274056
|switch|p1a: Gliscor|Gliscor, F, shiny|100/100
|-damage|p1a: Gliscor|88/100|[from] Stealth Rock
|turn|19
|inactive|rubensof_7 has 120 seconds left.
|
|t:|1758274092
|move|p2a: Serperior|Leaf Storm|p1a: Gliscor
|-damage|p1a: Gliscor|0 fnt
|-boost|p2a: Serperior|spa|2
|faint|p1a: Gliscor
|
|-heal|p2a: Serperior|100/100|[from] item: Leftovers
|upkeep
|
|t:|1758274100
|switch|p1a: Lucario|Lucario, F, shiny|100/100
|-damage|p1a: Lucario|98/100|[from] Stealth Rock
|turn|20
|inactive|rubensof_7 has 120 seconds left.
|
|t:|1758274105
|move|p2a: Serperior|Leaf Storm|p1a: Lucario
|-resisted|p1a: Lucario
|-damage|p1a: Lucario|0 fnt
|-boost|p2a: Serperior|spa|2
|faint|p1a: Lucario
|
|win|raffwastaken
|raw|rubensof_7's rating: 1079 &rarr; <strong>1058</strong><br />(-21 for losing)
|raw|raffwastaken's rating: 1086 &rarr; <strong>1113</strong><br />(+27 for winning)
|l|☆rubensof_7
|player|p1|
|l|☆raffwastaken
|player|p2|
