|j|☆3ndgam3
|j|☆flagfrog
|t:|1758378343
|gametype|singles
|player|p1|3ndgam3|red-gen1main|1347
|player|p2|flagfrog|1|1346
|gen|9
|tier|[Gen 9] OU
|rated|
|rule|HP Percentage Mod: HP is shown in percentages
|rule|Endless Battle Clause: Forcing endless battles is banned
|rule|Species Clause: Limit one of each Pokémon
|rule|OHKO Clause: OHKO moves are banned
|rule|Evasion Items Clause: Evasion items are banned
|rule|Evasion Moves Clause: Evasion moves are banned
|rule|Evasion Abilities Clause: Evasion abilities are banned
|rule|Sleep Moves Clause: Sleep-inducing moves are banned
|clearpoke
|poke|p1|Iron Valiant|
|poke|p1|Dragapult, M|
|poke|p1|Glimmora, M|
|poke|p1|Ogerpon-Wellspring, F|
|poke|p1|Landorus-Therian, M|
|poke|p1|Kingambit, M|
|poke|p2|Zamazenta-*|
|poke|p2|Slowking-Galar, F|
|poke|p2|Kingambit, F|
|poke|p2|Clefable, F|
|poke|p2|Gliscor, F|
|poke|p2|Kyurem|
|teampreview
|inactive|Battle timer is ON: inactive players will automatically lose when time's up. (requested by flagfrog)
|
|t:|1758378351
|teamsize|p1|6
|teamsize|p2|6
|start
|switch|p1a: Dragapult|Dragapult, M, shiny|100/100
|switch|p2a: 蝠翼侠蝎|Gliscor, F, shiny|100/100
|turn|1
|
|t:|1758378364
|switch|p1a: Glimmora|Glimmora, M, shiny|100/100
|move|p2a: 蝠翼侠蝎|Protect||[still]
|-fail|p2a: 蝠翼侠蝎
|
|-status|p2a: 蝠翼侠蝎|tox|[from] item: Toxic Orb
|upkeep
|turn|2
|
|t:|1758378368
|switch|p1a: Landorus|Landorus-Therian, M, shiny|100/100
|-ability|p1a: Landorus|Intimidate|boost
|-unboost|p2a: 蝠翼侠蝎|atk|1
|move|p2a: 蝠翼侠蝎|Earthquake|p1a: Landorus
|-immune|p1a: Landorus
|
|upkeep
|turn|3
|
|t:|1758378371
|move|p1a: Landorus|Taunt|p2a: 蝠翼侠蝎
|-start|p2a: 蝠翼侠蝎|move: Taunt
|move|p2a: 蝠翼侠蝎|Knock Off|p1a: Landorus
|-damage|p1a: Landorus|86/100
|-damage|p2a: 蝠翼侠蝎|84/100 tox|[from] item: Rocky Helmet|[of] p1a: Landorus
|-enditem|p1a: Landorus|Rocky Helmet|[from] move: Knock Off|[of] p2a: 蝠翼侠蝎
|
|-heal|p2a: 蝠翼侠蝎|97/100 tox|[from] ability: Poison Heal
|upkeep
|turn|4
|
|t:|1758378377
|move|p1a: Landorus|Stealth Rock|p2a: 蝠翼侠蝎
|-sidestart|p2: flagfrog|move: Stealth Rock
|move|p2a: 蝠翼侠蝎|Knock Off|p1a: Landorus
|-damage|p1a: Landorus|77/100
|
|-heal|p2a: 蝠翼侠蝎|100/100 tox|[from] ability: Poison Heal
|upkeep
|turn|5
|
|t:|1758378381
|move|p1a: Landorus|U-turn|p2a: 蝠翼侠蝎
|-resisted|p2a: 蝠翼侠蝎
|-damage|p2a: 蝠翼侠蝎|91/100 tox
|
|t:|1758378383
|switch|p1a: Ogerpon|Ogerpon-Wellspring, F|100/100|[from] U-turn
|move|p2a: 蝠翼侠蝎|Knock Off|p1a: Ogerpon
|-damage|p1a: Ogerpon|88/100
|
|-heal|p2a: 蝠翼侠蝎|100/100 tox|[from] ability: Poison Heal
|-end|p2a: 蝠翼侠蝎|move: Taunt
|upkeep
|turn|6
|
|t:|1758378388
|switch|p2a: 皎月祈光|Clefable, F|100/100
|move|p1a: Ogerpon|Ivy Cudgel|p2a: 皎月祈光|[anim] Ivy Cudgel Water
|-damage|p2a: 皎月祈光|54/100
|
|upkeep
|turn|7
|
|t:|1758378401
|move|p1a: Ogerpon|Taunt|p2a: 皎月祈光
|-start|p2a: 皎月祈光|move: Taunt
|cant|p2a: 皎月祈光|move: Taunt|Healing Wish
|
|upkeep
|turn|8
|
|t:|1758378403
|switch|p1a: Glimmora|Glimmora, M, shiny|100/100
|switch|p2a: 寒言卜策|Slowking-Galar, F|100/100
|
|upkeep
|turn|9
|
|t:|1758378412
|move|p1a: Glimmora|Spikes|p2a: 寒言卜策
|-sidestart|p2: flagfrog|Spikes
|-prepare|p2a: 寒言卜策|Chilly Reception|[premajor]
|move|p2a: 寒言卜策|Chilly Reception|p2a: 寒言卜策
|-weather|Snowscape
|
|t:|1758378424
|switch|p2a: 蝠翼侠蝎|Gliscor, F, shiny|100/100 tox|[from] Chilly Reception
|-damage|p2a: 蝠翼侠蝎|88/100 tox|[from] Stealth Rock
|
|-weather|Snowscape|[upkeep]
|-heal|p2a: 蝠翼侠蝎|100/100 tox|[from] ability: Poison Heal
|upkeep
|turn|10
|
|t:|1758378437
|switch|p2a: 皎月祈光|Clefable, F|54/100
|move|p1a: Glimmora|Meteor Beam||[still]
|-prepare|p1a: Glimmora|Meteor Beam
|-boost|p1a: Glimmora|spa|1
|-enditem|p1a: Glimmora|Power Herb
|-anim|p1a: Glimmora|Meteor Beam|p2a: 皎月祈光
|-damage|p2a: 皎月祈光|0 fnt
|faint|p2a: 皎月祈光
|
|-weather|Snowscape|[upkeep]
|upkeep
|-message|flagfrog forfeited.
|
|win|3ndgam3
|raw|3ndgam3's rating: 1347 &rarr; <strong>1367</strong><br />(+20 for winning)
|raw|flagfrog's rating: 1346 &rarr; <strong>1326</strong><br />(-20 for losing)
|l|☆flagfrog
|player|p2|
