|j|☆SML Shrek
|j|☆sus skibidi
|t:|1758340971
|gametype|singles
|player|p1|SML Shrek|hiker-gen4|1327
|player|p2|sus skibidi|miku-ice|1344
|gen|9
|tier|[Gen 9] OU
|rated|
|rule|HP Percentage Mod: HP is shown in percentages
|rule|Endless Battle Clause: Forcing endless battles is banned
|rule|Species Clause: Limit one of each Pokémon
|rule|OHKO Clause: OHKO moves are banned
|rule|Evasion Items Clause: Evasion items are banned
|rule|Evasion Moves Clause: Evasion moves are banned
|rule|Evasion Abilities Clause: Evasion abilities are banned
|rule|Sleep Moves Clause: Sleep-inducing moves are banned
|clearpoke
|poke|p1|Ribombee, F|
|poke|p1|Cinderace, F|
|poke|p1|Quaquaval, M|
|poke|p1|Gholdengo|
|poke|p1|Sinistcha|
|poke|p1|Ting-Lu|
|poke|p2|Regidrago|
|poke|p2|Hatterene, F|
|poke|p2|Gholdengo|
|poke|p2|Landorus-Therian, M|
|poke|p2|Zamazenta-*|
|poke|p2|Dragonite, F|
|teampreview
|inactive|Battle timer is ON: inactive players will automatically lose when time's up. (requested by sus skibidi)
|
|t:|1758340978
|teamsize|p1|6
|teamsize|p2|6
|start
|switch|p1a: Ribombee|Ribombee, F|100/100
|switch|p2a: Landorus|Landorus-Therian, M|100/100
|-ability|p2a: Landorus|Intimidate|boost
|-unboost|p1a: Ribombee|atk|1
|turn|1
|
|t:|1758340984
|move|p1a: Ribombee|Skill Swap|p2a: Landorus
|-activate|p1a: Ribombee|move: Skill Swap|Intimidate|Shield Dust|[of] p2a: Landorus
|-ability|p1a: Ribombee|Intimidate|boost
|-unboost|p2a: Landorus|atk|1
|move|p2a: Landorus|U-turn|p1a: Ribombee
|-resisted|p1a: Ribombee
|-damage|p1a: Ribombee|90/100
|
|t:|1758340988
|switch|p2a: Hatterene|Hatterene, F|100/100|[from] U-turn
|
|upkeep
|turn|2
|
|t:|1758340993
|move|p1a: Ribombee|Skill Swap|p2a: Hatterene
|-activate|p1a: Ribombee|move: Skill Swap|Magic Bounce|Intimidate|[of] p2a: Hatterene
|-ability|p2a: Hatterene|Intimidate|boost
|-unboost|p1a: Ribombee|atk|1
|move|p2a: Hatterene|Mystical Fire|p1a: Ribombee
|-supereffective|p1a: Ribombee
|-damage|p1a: Ribombee|26/100
|-unboost|p1a: Ribombee|spa|1
|
|upkeep
|turn|3
|
|t:|1758341019
|move|p1a: Ribombee|Sticky Web|p2a: Hatterene
|-sidestart|p2: sus skibidi|move: Sticky Web
|move|p2a: Hatterene|Mystical Fire|p1a: Ribombee
|-supereffective|p1a: Ribombee
|-damage|p1a: Ribombee|0 fnt
|faint|p1a: Ribombee
|
|upkeep
|
|t:|1758341025
|switch|p1a: Ting-Lu|Ting-Lu|100/100
|-ability|p1a: Ting-Lu|Vessel of Ruin
|turn|4
|
|t:|1758341029
|move|p1a: Ting-Lu|Stealth Rock|p2a: Hatterene
|-sidestart|p2: sus skibidi|move: Stealth Rock
|move|p2a: Hatterene|Draining Kiss|p1a: Ting-Lu
|-supereffective|p1a: Ting-Lu
|-damage|p1a: Ting-Lu|83/100
|
|-heal|p1a: Ting-Lu|89/100|[from] item: Leftovers
|upkeep
|turn|5
|
|t:|1758341040
|move|p1a: Ting-Lu|Spikes|p2a: Hatterene
|-sidestart|p2: sus skibidi|Spikes
|move|p2a: Hatterene|Draining Kiss|p1a: Ting-Lu
|-supereffective|p1a: Ting-Lu
|-damage|p1a: Ting-Lu|69/100
|
|-heal|p1a: Ting-Lu|76/100|[from] item: Leftovers
|upkeep
|turn|6
|
|t:|1758341046
|move|p1a: Ting-Lu|Spikes|p2a: Hatterene
|-sidestart|p2: sus skibidi|Spikes
|move|p2a: Hatterene|Draining Kiss|p1a: Ting-Lu
|-supereffective|p1a: Ting-Lu
|-damage|p1a: Ting-Lu|57/100
|
|-heal|p1a: Ting-Lu|63/100|[from] item: Leftovers
|upkeep
|turn|7
|
|t:|1758341052
|move|p1a: Ting-Lu|Spikes|p2a: Hatterene
|-sidestart|p2: sus skibidi|Spikes
|move|p2a: Hatterene|Draining Kiss|p1a: Ting-Lu
|-supereffective|p1a: Ting-Lu
|-damage|p1a: Ting-Lu|43/100
|
|-heal|p1a: Ting-Lu|50/100|[from] item: Leftovers
|upkeep
|turn|8
|
|t:|1758341059
|move|p2a: Hatterene|Draining Kiss|p1a: Ting-Lu
|-supereffective|p1a: Ting-Lu
|-damage|p1a: Ting-Lu|31/100
|move|p1a: Ting-Lu|Whirlwind|p2a: Hatterene
|drag|p2a: Zamazenta|Zamazenta|100/100
|-activate|p2a: Zamazenta|move: Sticky Web
|-unboost|p2a: Zamazenta|spe|1
|-damage|p2a: Zamazenta|94/100|[from] Stealth Rock
|-damage|p2a: Zamazenta|69/100|[from] Spikes
|-ability|p2a: Zamazenta|Dauntless Shield|boost
|-boost|p2a: Zamazenta|def|1
|
|-heal|p2a: Zamazenta|76/100|[from] item: Leftovers
|-heal|p1a: Ting-Lu|37/100|[from] item: Leftovers
|upkeep
|turn|9
|
|t:|1758341073
|-terastallize|p1a: Ting-Lu|Ghost
|move|p2a: Zamazenta|Body Press|p1a: Ting-Lu
|-immune|p1a: Ting-Lu
|move|p1a: Ting-Lu|Whirlwind|p2a: Zamazenta
|drag|p2a: Dragonite|Dragonite, F|100/100
|-damage|p2a: Dragonite|76/100|[from] Stealth Rock
|
|-heal|p1a: Ting-Lu|43/100|[from] item: Leftovers
|upkeep
|turn|10
|
|t:|1758341082
|move|p2a: Dragonite|Scale Shot|p1a: Ting-Lu|[miss]
|-miss|p2a: Dragonite|p1a: Ting-Lu
|move|p1a: Ting-Lu|Whirlwind|p2a: Dragonite
|drag|p2a: Hatterene|Hatterene, F|100/100
|-activate|p2a: Hatterene|move: Sticky Web
|-unboost|p2a: Hatterene|spe|1
|-damage|p2a: Hatterene|88/100|[from] Stealth Rock
|-damage|p2a: Hatterene|63/100|[from] Spikes
|
|-heal|p1a: Ting-Lu|50/100|[from] item: Leftovers
|-heal|p2a: Hatterene|69/100|[from] item: Leftovers
|upkeep
|turn|11
|-message|sus skibidi forfeited.
|
|win|SML Shrek
|raw|SML Shrek's rating: 1327 &rarr; <strong>1348</strong><br />(+21 for winning)
|raw|sus skibidi's rating: 1344 &rarr; <strong>1323</strong><br />(-21 for losing)
|l|☆sus skibidi
|player|p2|
|l|☆SML Shrek
|player|p1|
