|j|☆poussinot
|j|☆Denvertzzz
|t:|1758362495
|gametype|singles
|player|p1|poussinot|n|1221
|player|p2|Denvertzzz|102|1201
|gen|9
|tier|[Gen 9] OU
|rated|
|rule|HP Percentage Mod: HP is shown in percentages
|rule|Endless Battle Clause: Forcing endless battles is banned
|rule|Species Clause: Limit one of each Pokémon
|rule|OHKO Clause: OHKO moves are banned
|rule|Evasion Items Clause: Evasion items are banned
|rule|Evasion Moves Clause: Evasion moves are banned
|rule|Evasion Abilities Clause: Evasion abilities are banned
|rule|Sleep Moves Clause: Sleep-inducing moves are banned
|clearpoke
|poke|p1|Dragonite, F|
|poke|p1|Zamazenta-*|
|poke|p1|Landorus-Therian, M|
|poke|p1|Gholdengo|
|poke|p1|Darkrai|
|poke|p1|Hatterene, F|
|poke|p2|Glimmora, M|
|poke|p2|Skeledirge, M|
|poke|p2|Torterra, M|
|poke|p2|Clodsire, M|
|poke|p2|Oricorio-Pa'u, M|
|poke|p2|Cobalion|
|teampreview
|inactive|Battle timer is ON: inactive players will automatically lose when time's up. (requested by Denvertzzz)
|
|t:|1758362526
|teamsize|p1|6
|teamsize|p2|6
|start
|switch|p1a: Landorus|Landorus-Therian, M|100/100
|switch|p2a: Glimmora|Glimmora, M, shiny|100/100
|-ability|p1a: Landorus|Intimidate|boost
|-unboost|p2a: Glimmora|atk|1
|turn|1
|
|t:|1758362535
|-terastallize|p2a: Glimmora|Flying
|move|p2a: Glimmora|Meteor Beam||[still]
|-prepare|p2a: Glimmora|Meteor Beam
|-boost|p2a: Glimmora|spa|1
|-enditem|p2a: Glimmora|Power Herb
|-anim|p2a: Glimmora|Meteor Beam|p1a: Landorus|[miss]
|-miss|p2a: Glimmora|p1a: Landorus
|move|p1a: Landorus|Earthquake|p2a: Glimmora
|-immune|p2a: Glimmora
|
|upkeep
|turn|2
|inactive|poussinot has 120 seconds left.
|
|t:|1758362571
|move|p2a: Glimmora|Meteor Beam||[still]
|-prepare|p2a: Glimmora|Meteor Beam
|-boost|p2a: Glimmora|spa|1
|move|p1a: Landorus|Stealth Rock|p2a: Glimmora
|-sidestart|p2: Denvertzzz|move: Stealth Rock
|
|upkeep
|turn|3
|
|t:|1758362577
|move|p2a: Glimmora|Meteor Beam|p1a: Landorus|[from] lockedmove
|-damage|p1a: Landorus|0 fnt
|faint|p1a: Landorus
|
|upkeep
|
|t:|1758362583
|switch|p1a: Dragonite|Dragonite, F|100/100
|turn|4
|
|t:|1758362592
|move|p1a: Dragonite|Dragon Dance|p1a: Dragonite
|-boost|p1a: Dragonite|atk|1
|-boost|p1a: Dragonite|spe|1
|move|p2a: Glimmora|Meteor Beam||[still]
|-prepare|p2a: Glimmora|Meteor Beam
|-boost|p2a: Glimmora|spa|1
|
|upkeep
|turn|5
|
|t:|1758362606
|-terastallize|p1a: Dragonite|Flying
|move|p1a: Dragonite|Tera Blast|p2a: Glimmora|[anim] Tera Blast Flying
|-damage|p2a: Glimmora|0 fnt
|-activate|p2a: Glimmora|ability: Toxic Debris
|-sidestart|p1: poussinot|move: Toxic Spikes
|faint|p2a: Glimmora
|
|upkeep
|
|t:|1758362623
|switch|p2a: Skeledirge|Skeledirge, M, shiny|100/100
|-damage|p2a: Skeledirge|76/100|[from] Stealth Rock
|-item|p2a: Skeledirge|Air Balloon
|turn|6
|
|t:|1758362643
|move|p1a: Dragonite|Tera Blast|p2a: Skeledirge|[anim] Tera Blast Flying
|-damage|p2a: Skeledirge|33/100
|-enditem|p2a: Skeledirge|Air Balloon
|move|p2a: Skeledirge|Torch Song|p1a: Dragonite
|-damage|p1a: Dragonite|79/100
|-boost|p2a: Skeledirge|spa|1
|
|upkeep
|turn|7
|
|t:|1758362652
|move|p1a: Dragonite|Tera Blast|p2a: Skeledirge|[anim] Tera Blast Flying
|-damage|p2a: Skeledirge|0 fnt
|faint|p2a: Skeledirge
|
|upkeep
|
|t:|1758362661
|switch|p2a: Torterra|Torterra, M, shiny|100/100
|-damage|p2a: Torterra|94/100|[from] Stealth Rock
|turn|8
|
|t:|1758362671
|move|p1a: Dragonite|Tera Blast|p2a: Torterra|[anim] Tera Blast Flying
|-supereffective|p2a: Torterra
|-damage|p2a: Torterra|0 fnt
|faint|p2a: Torterra
|
|upkeep
|
|t:|1758362676
|switch|p2a: Cobalion|Cobalion|100/100
|-damage|p2a: Cobalion|97/100|[from] Stealth Rock
|turn|9
|
|t:|1758362683
|move|p1a: Dragonite|Earthquake|p2a: Cobalion
|-supereffective|p2a: Cobalion
|-damage|p2a: Cobalion|27/100
|move|p2a: Cobalion|Reflect|p2a: Cobalion
|-sidestart|p2: Denvertzzz|Reflect
|
|upkeep
|turn|10
|
|t:|1758362690
|move|p1a: Dragonite|Earthquake|p2a: Cobalion
|-supereffective|p2a: Cobalion
|-damage|p2a: Cobalion|0 fnt
|faint|p2a: Cobalion
|
|upkeep
|
|t:|1758362696
|switch|p2a: Oricorio|Oricorio-Pa'u, M|100/100
|-damage|p2a: Oricorio|75/100|[from] Stealth Rock
|turn|11
|
|t:|1758362702
|move|p1a: Dragonite|Tera Blast|p2a: Oricorio|[anim] Tera Blast Flying
|-damage|p2a: Oricorio|3/100
|move|p2a: Oricorio|Quiver Dance|p2a: Oricorio
|-boost|p2a: Oricorio|spa|1
|-boost|p2a: Oricorio|spd|1
|-boost|p2a: Oricorio|spe|1
|
|upkeep
|turn|12
|
|t:|1758362711
|move|p1a: Dragonite|Extreme Speed|p2a: Oricorio
|-damage|p2a: Oricorio|0 fnt
|faint|p2a: Oricorio
|
|upkeep
|
|t:|1758362716
|switch|p2a: Clodsire|Clodsire, M, shiny|100/100
|-damage|p2a: Clodsire|94/100|[from] Stealth Rock
|turn|13
|
|t:|1758362731
|move|p1a: Dragonite|Dragon Dance|p1a: Dragonite
|-boost|p1a: Dragonite|atk|1
|-boost|p1a: Dragonite|spe|1
|move|p2a: Clodsire|Toxic|p1a: Dragonite
|-status|p1a: Dragonite|tox
|-enditem|p1a: Dragonite|Lum Berry|[eat]
|-curestatus|p1a: Dragonite|tox|[msg]
|
|-heal|p2a: Clodsire|100/100|[from] item: Black Sludge
|-sideend|p2: Denvertzzz|Reflect
|upkeep
|turn|14
|-message|Denvertzzz forfeited.
|
|win|poussinot
|raw|poussinot's rating: 1221 &rarr; <strong>1245</strong><br />(+24 for winning)
|raw|Denvertzzz's rating: 1201 &rarr; <strong>1177</strong><br />(-24 for losing)
|l|☆Denvertzzz
|player|p2|
|l|☆poussinot
|player|p1|
|j|☆poussinot
|player|p1|poussinot|n|
|l|☆poussinot
|player|p1|
