|j|☆oknuh
|j|☆diav
|t:|1758285847
|gametype|singles
|player|p1|oknuh|1|1483
|player|p2|diav|artist-gen4|1498
|gen|9
|tier|[Gen 9] OU
|rated|
|rule|HP Percentage Mod: HP is shown in percentages
|rule|Endless Battle Clause: Forcing endless battles is banned
|rule|Species Clause: Limit one of each Pokémon
|rule|OHKO Clause: OHKO moves are banned
|rule|Evasion Items Clause: Evasion items are banned
|rule|Evasion Moves Clause: Evasion moves are banned
|rule|Evasion Abilities Clause: Evasion abilities are banned
|rule|Sleep Moves Clause: Sleep-inducing moves are banned
|clearpoke
|poke|p1|Kingambit, M|
|poke|p1|Hydrapple, F|
|poke|p1|Zapdos|
|poke|p1|Kyurem|
|poke|p1|Great Tusk|
|poke|p1|Ogerpon-Wellspring, F|
|poke|p2|Kyurem|
|poke|p2|Chansey, F|
|poke|p2|Samurott-Hisui, M|
|poke|p2|Corviknight, M|
|poke|p2|Hatterene, F|
|poke|p2|Zamazenta-*|
|teampreview
|inactive|Battle timer is ON: inactive players will automatically lose when time's up. (requested by diav)
|
|t:|1758285860
|teamsize|p1|6
|teamsize|p2|6
|start
|switch|p1a: bl;egh|Ogerpon-Wellspring, F|100/100
|switch|p2a: Kyurem|Kyurem|100/100
|-ability|p2a: Kyurem|Pressure
|turn|1
|
|t:|1758285873
|switch|p1a: black|Kingambit, M|100/100
|move|p2a: Kyurem|Freeze-Dry|p1a: black
|-resisted|p1a: black
|-damage|p1a: black|72/100
|
|-heal|p1a: black|78/100|[from] item: Leftovers
|upkeep
|turn|2
|
|t:|1758285878
|switch|p2a: Corviknight|Corviknight, M|100/100
|move|p1a: black|Iron Head|p2a: Corviknight
|-resisted|p2a: Corviknight
|-damage|p2a: Corviknight|88/100
|
|-heal|p1a: black|84/100|[from] item: Leftovers
|-heal|p2a: Corviknight|94/100|[from] item: Leftovers
|upkeep
|turn|3
|
|t:|1758285888
|-end|p1a: black|fallenundefined|[silent]
|switch|p1a: special ed|Zapdos|100/100
|move|p2a: Corviknight|U-turn|p1a: special ed
|-resisted|p1a: special ed
|-damage|p1a: special ed|95/100
|
|t:|1758285891
|switch|p2a: Kyurem|Kyurem|100/100|[from] U-turn
|-ability|p2a: Kyurem|Pressure
|
|upkeep
|turn|4
|
|t:|1758285898
|move|p2a: Kyurem|Ice Beam|p1a: special ed
|-supereffective|p1a: special ed
|-damage|p1a: special ed|0 fnt
|faint|p1a: special ed
|
|upkeep
|
|t:|1758285917
|switch|p1a: bench|Kyurem|100/100
|-ability|p1a: bench|Pressure
|turn|5
|
|t:|1758285920
|switch|p2a: Chansey|Chansey, F|100/100
|move|p1a: bench|Draco Meteor|p2a: Chansey
|-crit|p2a: Chansey
|-damage|p2a: Chansey|68/100
|-unboost|p1a: bench|spa|2
|
|upkeep
|turn|6
|
|t:|1758285929
|switch|p1a: Great musk|Great Tusk|100/100
|switch|p2a: Kyurem|Kyurem|100/100
|-ability|p2a: Kyurem|Pressure
|
|upkeep
|turn|7
|
|t:|1758285944
|-terastallize|p1a: Great musk|Steel
|move|p2a: Kyurem|Ice Beam|p1a: Great musk
|-resisted|p1a: Great musk
|-damage|p1a: Great musk|46/100
|move|p1a: Great musk|Knock Off|p2a: Kyurem
|-damage|p2a: Kyurem|68/100
|-enditem|p2a: Kyurem|Choice Specs|[from] move: Knock Off|[of] p1a: Great musk
|
|upkeep
|turn|8
|
|t:|1758285952
|-end|p1a: Great musk|Protosynthesis|[silent]
|switch|p1a: dragon|Hydrapple, F|100/100
|move|p2a: Kyurem|Earth Power|p1a: dragon
|-resisted|p1a: dragon
|-damage|p1a: dragon|88/100
|
|upkeep
|turn|9
|
|t:|1758285974
|switch|p1a: black|Kingambit, M|84/100
|-activate|p1a: black|ability: Supreme Overlord
|-start|p1a: black|fallen1|[silent]
|move|p2a: Kyurem|Freeze-Dry|p1a: black
|-resisted|p1a: black
|-damage|p1a: black|66/100
|
|-heal|p1a: black|72/100|[from] item: Leftovers
|upkeep
|turn|10
|
|t:|1758285980
|switch|p2a: Corviknight|Corviknight, M|94/100
|move|p1a: black|Sucker Punch||[still]
|-fail|p1a: black
|
|-heal|p1a: black|78/100|[from] item: Leftovers
|-heal|p2a: Corviknight|99/100|[from] item: Leftovers
|upkeep
|turn|11
|
|t:|1758285984
|-end|p1a: black|fallen1|[silent]
|switch|p1a: bl;egh|Ogerpon-Wellspring, F|100/100
|move|p2a: Corviknight|U-turn|p1a: bl;egh
|-supereffective|p1a: bl;egh
|-damage|p1a: bl;egh|61/100
|
|t:|1758285988
|switch|p2a: Zamazenta|Zamazenta, shiny|100/100|[from] U-turn
|-ability|p2a: Zamazenta|Dauntless Shield|boost
|-boost|p2a: Zamazenta|def|1
|
|upkeep
|turn|12
|
|t:|1758286003
|switch|p1a: dragon|Hydrapple, F|100/100
|move|p2a: Zamazenta|Howl|p2a: Zamazenta
|-boost|p2a: Zamazenta|atk|1
|
|upkeep
|turn|13
|
|t:|1758286009
|move|p2a: Zamazenta|Close Combat|p1a: dragon
|-damage|p1a: dragon|9/100
|-unboost|p2a: Zamazenta|def|1
|-unboost|p2a: Zamazenta|spd|1
|-damage|p2a: Zamazenta|91/100|[from] item: Life Orb
|move|p1a: dragon|Fickle Beam|p2a: Zamazenta|[anim] Fickle Beam All Out
|-activate|p1a: dragon|move: Fickle Beam
|-damage|p2a: Zamazenta|0 fnt
|faint|p2a: Zamazenta
|
|upkeep
|
|t:|1758286019
|switch|p2a: Kyurem|Kyurem|68/100
|-ability|p2a: Kyurem|Pressure
|turn|14
|
|t:|1758286027
|switch|p1a: bl;egh|Ogerpon-Wellspring, F|61/100
|move|p2a: Kyurem|Freeze-Dry|p1a: bl;egh
|-supereffective|p1a: bl;egh
|-damage|p1a: bl;egh|0 fnt
|faint|p1a: bl;egh
|
|upkeep
|
|t:|1758286031
|switch|p1a: black|Kingambit, M|78/100
|-activate|p1a: black|ability: Supreme Overlord
|-start|p1a: black|fallen2|[silent]
|turn|15
|
|t:|1758286035
|switch|p2a: Corviknight|Corviknight, M|99/100
|move|p1a: black|Swords Dance|p1a: black
|-boost|p1a: black|atk|2
|
|-heal|p1a: black|84/100|[from] item: Leftovers
|-heal|p2a: Corviknight|100/100|[from] item: Leftovers
|upkeep
|turn|16
|
|t:|1758286040
|move|p1a: black|Kowtow Cleave|p2a: Corviknight
|-damage|p2a: Corviknight|23/100
|move|p2a: Corviknight|Brave Bird|p1a: black
|-resisted|p1a: black
|-damage|p1a: black|69/100
|-damage|p2a: Corviknight|18/100|[from] Recoil
|
|-heal|p1a: black|75/100|[from] item: Leftovers
|-heal|p2a: Corviknight|25/100|[from] item: Leftovers
|upkeep
|turn|17
|
|t:|1758286044
|move|p1a: black|Kowtow Cleave|p2a: Corviknight
|-damage|p2a: Corviknight|0 fnt
|faint|p2a: Corviknight
|
|-heal|p1a: black|81/100|[from] item: Leftovers
|upkeep
|
|t:|1758286047
|switch|p2a: Samurott|Samurott-Hisui, M|100/100
|turn|18
|
|t:|1758286054
|-end|p1a: black|fallen2|[silent]
|switch|p1a: dragon|Hydrapple, F|42/100
|move|p2a: Samurott|Aqua Cutter|p1a: dragon
|-resisted|p1a: dragon
|-damage|p1a: dragon|32/100
|
|upkeep
|turn|19
|
|t:|1758286061
|move|p2a: Samurott|Ceaseless Edge|p1a: dragon
|-damage|p1a: dragon|0 fnt
|-sidestart|p1: oknuh|Spikes
|faint|p1a: dragon
|
|upkeep
|
|t:|1758286065
|switch|p1a: bench|Kyurem|100/100
|-damage|p1a: bench|88/100|[from] Spikes
|-ability|p1a: bench|Pressure
|turn|20
|
|t:|1758286071
|switch|p2a: Chansey|Chansey, F|68/100
|move|p1a: bench|Draco Meteor|p2a: Chansey|[miss]
|-miss|p1a: bench|p2a: Chansey
|
|upkeep
|turn|21
|
|t:|1758286075
|switch|p1a: black|Kingambit, M|81/100
|-damage|p1a: black|69/100|[from] Spikes
|-activate|p1a: black|ability: Supreme Overlord
|-start|p1a: black|fallen3|[silent]
|move|p2a: Chansey|Soft-Boiled|p2a: Chansey
|-heal|p2a: Chansey|100/100
|
|-heal|p1a: black|75/100|[from] item: Leftovers
|upkeep
|turn|22
|
|t:|1758286080
|switch|p2a: Samurott|Samurott-Hisui, M|100/100
|move|p1a: black|Swords Dance|p1a: black
|-boost|p1a: black|atk|2
|
|-heal|p1a: black|81/100|[from] item: Leftovers
|upkeep
|turn|23
|
|t:|1758286086
|move|p2a: Samurott|Aqua Cutter|p1a: black
|-damage|p1a: black|41/100
|move|p1a: black|Iron Head|p2a: Samurott
|-resisted|p2a: Samurott
|-damage|p2a: Samurott|25/100
|
|-heal|p1a: black|47/100|[from] item: Leftovers
|upkeep
|turn|24
|
|t:|1758286094
|move|p1a: black|Sucker Punch||[still]
|-fail|p1a: black
|move|p2a: Samurott|Swords Dance|p2a: Samurott
|-boost|p2a: Samurott|atk|2
|
|-heal|p1a: black|54/100|[from] item: Leftovers
|upkeep
|turn|25
|
|t:|1758286100
|move|p2a: Samurott|Sucker Punch|p1a: black
|-resisted|p1a: black
|-damage|p1a: black|23/100
|move|p1a: black|Sucker Punch||[still]
|-fail|p1a: black
|
|-heal|p1a: black|29/100|[from] item: Leftovers
|upkeep
|turn|26
|
|t:|1758286109
|-end|p1a: black|fallen3|[silent]
|switch|p1a: Great musk|Great Tusk, tera:Steel|46/100
|move|p2a: Samurott|Sucker Punch||[still]
|-fail|p2a: Samurott
|
|upkeep
|turn|27
|
|t:|1758286117
|move|p2a: Samurott|Sucker Punch|p1a: Great musk
|-damage|p1a: Great musk|0 fnt
|faint|p1a: Great musk
|-end|p1a: Great musk|Protosynthesis|[silent]
|
|upkeep
|
|t:|1758286119
|switch|p1a: bench|Kyurem|88/100
|-damage|p1a: bench|75/100|[from] Spikes
|-ability|p1a: bench|Pressure
|turn|28
|
|t:|1758286123
|move|p2a: Samurott|Sucker Punch|p1a: bench
|-crit|p1a: bench
|-damage|p1a: bench|0 fnt
|faint|p1a: bench
|
|upkeep
|
|t:|1758286130
|switch|p1a: black|Kingambit, M|29/100
|-damage|p1a: black|17/100|[from] Spikes
|-activate|p1a: black|ability: Supreme Overlord
|-start|p1a: black|fallen5|[silent]
|turn|29
|
|t:|1758286143
|move|p2a: Samurott|Aqua Cutter|p1a: black
|-crit|p1a: black
|-damage|p1a: black|0 fnt
|faint|p1a: black
|-end|p1a: black|fallen5|[silent]
|
|win|diav
|raw|oknuh's rating: 1483 &rarr; <strong>1464</strong><br />(-19 for losing)
|raw|diav's rating: 1498 &rarr; <strong>1517</strong><br />(+19 for winning)
|l|☆diav
|player|p2|
|l|☆oknuh
|player|p1|
