|j|☆lowgear
|j|☆Salim6201
|t:|1758291054
|gametype|singles
|player|p1|lowgear|ltsurge|1424
|player|p2|Salim6201|266|1425
|gen|9
|tier|[Gen 9] OU
|rated|
|rule|HP Percentage Mod: HP is shown in percentages
|rule|Endless Battle Clause: Forcing endless battles is banned
|rule|Species Clause: Limit one of each Pokémon
|rule|OHKO Clause: OHKO moves are banned
|rule|Evasion Items Clause: Evasion items are banned
|rule|Evasion Moves Clause: Evasion moves are banned
|rule|Evasion Abilities Clause: Evasion abilities are banned
|rule|Sleep Moves Clause: Sleep-inducing moves are banned
|clearpoke
|poke|p1|Tyranitar, M|
|poke|p1|Gholdengo|
|poke|p1|Zamazenta-*|
|poke|p1|Rillaboom, F|
|poke|p1|Garchomp, F|
|poke|p1|Zapdos|
|poke|p2|Okidogi, M|
|poke|p2|Ting-Lu|
|poke|p2|Great Tusk|
|poke|p2|Ogerpon-Wellspring, F|
|poke|p2|Dragonite, F|
|poke|p2|Gholdengo|
|teampreview
|inactive|Battle timer is ON: inactive players will automatically lose when time's up. (requested by Salim6201)
|inactive|lowgear has 120 seconds left.
|
|t:|1758291094
|teamsize|p1|6
|teamsize|p2|6
|start
|switch|p1a: Tyranitar|Tyranitar, M|100/100
|switch|p2a: Mizu-men|Ogerpon-Wellspring, F|100/100
|-weather|Sandstorm|[from] ability: Sand Stream|[of] p1a: Tyranitar
|turn|1
|
|t:|1758291118
|switch|p1a: Zapdos|Zapdos|100/100
|move|p2a: Mizu-men|Ivy Cudgel|p1a: Zapdos|[anim] Ivy Cudgel Water
|-damage|p1a: Zapdos|42/100
|
|-weather|Sandstorm|[upkeep]
|-damage|p2a: Mizu-men|95/100|[from] Sandstorm
|-damage|p1a: Zapdos|36/100|[from] Sandstorm
|upkeep
|turn|2
|inactive|Salim6201 has 120 seconds left.
|
|t:|1758291153
|switch|p1a: Rillaboom|Rillaboom, F|100/100
|-fieldstart|move: Grassy Terrain|[from] ability: Grassy Surge|[of] p1a: Rillaboom
|move|p2a: Mizu-men|Ivy Cudgel|p1a: Rillaboom|[anim] Ivy Cudgel Water
|-resisted|p1a: Rillaboom
|-crit|p1a: Rillaboom
|-damage|p1a: Rillaboom|50/100
|
|-weather|Sandstorm|[upkeep]
|-damage|p2a: Mizu-men|89/100|[from] Sandstorm
|-damage|p1a: Rillaboom|44/100|[from] Sandstorm
|-heal|p2a: Mizu-men|95/100|[from] Grassy Terrain
|-heal|p1a: Rillaboom|50/100|[from] Grassy Terrain
|upkeep
|turn|3
|inactive|lowgear has 120 seconds left.
|
|t:|1758291185
|move|p2a: Mizu-men|U-turn|p1a: Rillaboom
|-supereffective|p1a: Rillaboom
|-damage|p1a: Rillaboom|0 fnt
|faint|p1a: Rillaboom
|inactive|Salim6201 has 120 seconds left.
|
|t:|1758291216
|switch|p2a: Gholdengo|Gholdengo|100/100|[from] U-turn
|
|-weather|Sandstorm|[upkeep]
|upkeep
|
|t:|1758291225
|switch|p1a: Gholdengo|Gholdengo|100/100
|-item|p1a: Gholdengo|Air Balloon
|turn|4
|inactive|lowgear has 120 seconds left.
|
|t:|1758291231
|move|p2a: Gholdengo|Shadow Ball|p1a: Gholdengo
|-supereffective|p1a: Gholdengo
|-damage|p1a: Gholdengo|11/100
|-enditem|p1a: Gholdengo|Air Balloon
|move|p1a: Gholdengo|Shadow Ball|p2a: Gholdengo
|-supereffective|p2a: Gholdengo
|-damage|p2a: Gholdengo|0 fnt
|faint|p2a: Gholdengo
|
|-weather|Sandstorm|[upkeep]
|-heal|p1a: Gholdengo|17/100|[from] Grassy Terrain
|upkeep
|
|t:|1758291237
|switch|p2a: Mizu-men|Ogerpon-Wellspring, F|95/100
|turn|5
|
|t:|1758291242
|switch|p1a: Garchomp|Garchomp, F|100/100
|move|p2a: Mizu-men|Knock Off|p1a: Garchomp
|-damage|p1a: Garchomp|78/100
|-damage|p2a: Mizu-men|82/100|[from] ability: Rough Skin|[of] p1a: Garchomp
|-damage|p2a: Mizu-men|66/100|[from] item: Rocky Helmet|[of] p1a: Garchomp
|-enditem|p1a: Garchomp|Rocky Helmet|[from] move: Knock Off|[of] p2a: Mizu-men
|
|-weather|none
|-heal|p2a: Mizu-men|72/100|[from] Grassy Terrain
|-heal|p1a: Garchomp|84/100|[from] Grassy Terrain
|upkeep
|turn|6
|
|t:|1758291254
|switch|p2a: Kodaikyojin|Great Tusk|100/100
|move|p1a: Garchomp|Stealth Rock|p2a: Kodaikyojin
|-sidestart|p2: Salim6201|move: Stealth Rock
|
|-heal|p1a: Garchomp|90/100|[from] Grassy Terrain
|-fieldend|move: Grassy Terrain
|upkeep
|turn|7
|
|t:|1758291258
|move|p2a: Kodaikyojin|Stealth Rock|p1a: Garchomp
|-sidestart|p1: lowgear|move: Stealth Rock
|move|p1a: Garchomp|Spikes|p2a: Kodaikyojin
|-sidestart|p2: Salim6201|Spikes
|
|upkeep
|turn|8
|
|t:|1758291263
|switch|p1a: Gholdengo|Gholdengo|17/100
|-damage|p1a: Gholdengo|11/100|[from] Stealth Rock
|move|p2a: Kodaikyojin|Ice Spinner|p1a: Gholdengo
|-resisted|p1a: Gholdengo
|-damage|p1a: Gholdengo|0 fnt
|faint|p1a: Gholdengo
|
|upkeep
|
|t:|1758291273
|switch|p1a: Zapdos|Zapdos|36/100
|turn|9
|
|t:|1758291278
|move|p1a: Zapdos|Roost|p1a: Zapdos
|-heal|p1a: Zapdos|86/100
|-singleturn|p1a: Zapdos|move: Roost
|move|p2a: Kodaikyojin|Rapid Spin|p1a: Zapdos
|-crit|p1a: Zapdos
|-damage|p1a: Zapdos|57/100
|-boost|p2a: Kodaikyojin|spe|1
|-sideend|p2: Salim6201|Spikes|[from] move: Rapid Spin|[of] p2a: Kodaikyojin
|-sideend|p2: Salim6201|Stealth Rock|[from] move: Rapid Spin|[of] p2a: Kodaikyojin
|
|upkeep
|turn|10
|
|t:|1758291284
|-end|p2a: Kodaikyojin|Protosynthesis|[silent]
|switch|p2a: Jubaku-shishi|Ting-Lu|100/100
|-ability|p2a: Jubaku-shishi|Vessel of Ruin
|move|p1a: Zapdos|Roost|p1a: Zapdos
|-heal|p1a: Zapdos|100/100
|-singleturn|p1a: Zapdos|move: Roost
|
|upkeep
|turn|11
|
|t:|1758291293
|switch|p1a: Zamazenta|Zamazenta|100/100
|-ability|p1a: Zamazenta|Dauntless Shield|boost
|-boost|p1a: Zamazenta|def|1
|move|p2a: Jubaku-shishi|Spikes|p1a: Zamazenta
|-sidestart|p1: lowgear|Spikes
|
|upkeep
|turn|12
|inactive|Salim6201 has 120 seconds left.
|
|t:|1758291330
|move|p1a: Zamazenta|Howl|p1a: Zamazenta
|-boost|p1a: Zamazenta|atk|1
|move|p2a: Jubaku-shishi|Whirlwind|p1a: Zamazenta
|drag|p1a: Zapdos|Zapdos|100/100
|
|upkeep
|turn|13
|inactive|Salim6201 has 120 seconds left.
|
|t:|1758291350
|switch|p1a: Garchomp|Garchomp, F|90/100
|-damage|p1a: Garchomp|84/100|[from] Stealth Rock
|-damage|p1a: Garchomp|72/100|[from] Spikes
|move|p2a: Jubaku-shishi|Spikes|p1a: Garchomp
|-sidestart|p1: lowgear|Spikes
|
|upkeep
|turn|14
|
|t:|1758291354
|switch|p2a: Kodaikyojin|Great Tusk|100/100
|move|p1a: Garchomp|Stealth Rock|p2a: Kodaikyojin
|-sidestart|p2: Salim6201|move: Stealth Rock
|
|upkeep
|turn|15
|
|t:|1758291362
|-terastallize|p1a: Garchomp|Ghost
|move|p2a: Kodaikyojin|Ice Spinner|p1a: Garchomp
|-damage|p1a: Garchomp|54/100
|-damage|p2a: Kodaikyojin|88/100|[from] ability: Rough Skin|[of] p1a: Garchomp
|move|p1a: Garchomp|Spikes|p2a: Kodaikyojin
|-sidestart|p2: Salim6201|Spikes
|
|upkeep
|turn|16
|
|t:|1758291366
|move|p2a: Kodaikyojin|Headlong Rush|p1a: Garchomp
|-damage|p1a: Garchomp|15/100
|-unboost|p2a: Kodaikyojin|def|1
|-unboost|p2a: Kodaikyojin|spd|1
|-damage|p2a: Kodaikyojin|76/100|[from] ability: Rough Skin|[of] p1a: Garchomp
|move|p1a: Garchomp|Spikes|p2a: Kodaikyojin
|-sidestart|p2: Salim6201|Spikes
|
|upkeep
|turn|17
|
|t:|1758291375
|switch|p1a: Zapdos|Zapdos|100/100
|move|p2a: Kodaikyojin|Headlong Rush|p1a: Zapdos
|-immune|p1a: Zapdos
|
|upkeep
|turn|18
|inactive|Salim6201 has 120 seconds left.
|inactive|Salim6201 has 90 seconds left.
|
|t:|1758291436
|-end|p2a: Kodaikyojin|Protosynthesis|[silent]
|switch|p2a: Jubaku-shishi|Ting-Lu|100/100
|-damage|p2a: Jubaku-shishi|94/100|[from] Stealth Rock
|-damage|p2a: Jubaku-shishi|78/100|[from] Spikes
|-ability|p2a: Jubaku-shishi|Vessel of Ruin
|move|p1a: Zapdos|Air Cutter|p2a: Jubaku-shishi
|-damage|p2a: Jubaku-shishi|66/100
|
|-heal|p2a: Jubaku-shishi|72/100|[from] item: Leftovers
|upkeep
|turn|19
|
|t:|1758291453
|move|p1a: Zapdos|Air Cutter|p2a: Jubaku-shishi
|-damage|p2a: Jubaku-shishi|61/100
|move|p2a: Jubaku-shishi|Spikes|p1a: Zapdos
|-sidestart|p1: lowgear|Spikes
|
|-heal|p2a: Jubaku-shishi|68/100|[from] item: Leftovers
|upkeep
|turn|20
|
|t:|1758291458
|move|p1a: Zapdos|Air Cutter|p2a: Jubaku-shishi
|-crit|p2a: Jubaku-shishi
|-damage|p2a: Jubaku-shishi|52/100
|move|p2a: Jubaku-shishi|Whirlwind|p1a: Zapdos
|drag|p1a: Zamazenta|Zamazenta|100/100
|
|-heal|p2a: Jubaku-shishi|58/100|[from] item: Leftovers
|upkeep
|turn|21
|
|t:|1758291468
|move|p1a: Zamazenta|Close Combat|p2a: Jubaku-shishi
|-supereffective|p2a: Jubaku-shishi
|-damage|p2a: Jubaku-shishi|0 fnt
|-unboost|p1a: Zamazenta|def|1
|-unboost|p1a: Zamazenta|spd|1
|faint|p2a: Jubaku-shishi
|
|upkeep
|
|t:|1758291471
|switch|p2a: Kusani-oni|Okidogi, M|100/100
|-damage|p2a: Kusani-oni|94/100|[from] Stealth Rock
|-damage|p2a: Kusani-oni|78/100|[from] Spikes
|turn|22
|
|t:|1758291484
|switch|p1a: Garchomp|Garchomp, F, tera:Ghost|15/100
|-damage|p1a: Garchomp|3/100|[from] Stealth Rock
|-damage|p1a: Garchomp|0 fnt|[from] Spikes
|faint|p1a: Garchomp
|move|p2a: Kusani-oni|Knock Off|p1: Garchomp|[notarget]
|-fail|p2a: Kusani-oni
|
|upkeep
|
|t:|1758291492
|switch|p1a: Zapdos|Zapdos|100/100
|turn|23
|inactive|Salim6201 has 120 seconds left.
|
|t:|1758291540
|switch|p2a: Kodaikyojin|Great Tusk|76/100
|move|p1a: Zapdos|Air Cutter|p2a: Kodaikyojin
|-supereffective|p2a: Kodaikyojin
|-crit|p2a: Kodaikyojin
|-damage|p2a: Kodaikyojin|0 fnt
|faint|p2a: Kodaikyojin
|-end|p2a: Kodaikyojin|Protosynthesis|[silent]
|
|upkeep
|
|t:|1758291542
|switch|p2a: Hi-Ryū|Dragonite, F|100/100
|turn|24
|
|t:|1758291567
|move|p1a: Zapdos|Thunderbolt|p2a: Hi-Ryū
|-damage|p2a: Hi-Ryū|83/100
|move|p2a: Hi-Ryū|Dragon Tail|p1a: Zapdos
|-damage|p1a: Zapdos|63/100
|drag|p1a: Tyranitar|Tyranitar, M|100/100
|-weather|Sandstorm|[from] ability: Sand Stream|[of] p1a: Tyranitar
|
|-weather|Sandstorm|[upkeep]
|-damage|p2a: Hi-Ryū|77/100|[from] Sandstorm
|upkeep
|turn|25
|
|t:|1758291581
|move|p1a: Tyranitar|Ice Punch|p2a: Hi-Ryū
|-supereffective|p2a: Hi-Ryū
|-damage|p2a: Hi-Ryū|0 fnt
|faint|p2a: Hi-Ryū
|
|-weather|Sandstorm|[upkeep]
|upkeep
|
|t:|1758291584
|switch|p2a: Kusani-oni|Okidogi, M|78/100
|-damage|p2a: Kusani-oni|72/100|[from] Stealth Rock
|-damage|p2a: Kusani-oni|55/100|[from] Spikes
|turn|26
|inactive|lowgear has 120 seconds left.
|inactive|lowgear has 90 seconds left.
|
|t:|1758291639
|move|p1a: Tyranitar|Ice Punch|p2a: Kusani-oni
|-damage|p2a: Kusani-oni|33/100
|-status|p2a: Kusani-oni|frz
|cant|p2a: Kusani-oni|frz
|
|-weather|Sandstorm|[upkeep]
|-damage|p2a: Kusani-oni|26/100 frz|[from] Sandstorm
|upkeep
|turn|27
|
|t:|1758291660
|move|p1a: Tyranitar|Ice Punch|p2a: Kusani-oni
|-damage|p2a: Kusani-oni|4/100 frz
|cant|p2a: Kusani-oni|frz
|
|-weather|Sandstorm|[upkeep]
|-damage|p2a: Kusani-oni|0 fnt|[from] Sandstorm
|faint|p2a: Kusani-oni
|upkeep
|
|t:|1758291664
|switch|p2a: Mizu-men|Ogerpon-Wellspring, F|72/100
|-damage|p2a: Mizu-men|59/100|[from] Stealth Rock
|-damage|p2a: Mizu-men|43/100|[from] Spikes
|turn|28
|
|t:|1758291669
|move|p2a: Mizu-men|Horn Leech|p1a: Tyranitar
|-supereffective|p1a: Tyranitar
|-damage|p1a: Tyranitar|25/100
|-heal|p2a: Mizu-men|87/100|[from] drain|[of] p1a: Tyranitar
|move|p1a: Tyranitar|Knock Off|p2a: Mizu-men
|-damage|p2a: Mizu-men|40/100
|
|-weather|none
|upkeep
|turn|29
|inactive|lowgear has 120 seconds left.
|
|t:|1758291679
|move|p2a: Mizu-men|Horn Leech|p1a: Tyranitar
|-supereffective|p1a: Tyranitar
|-damage|p1a: Tyranitar|0 fnt
|-heal|p2a: Mizu-men|54/100|[from] drain|[of] p1a: Tyranitar
|faint|p1a: Tyranitar
|
|upkeep
|
|t:|1758291681
|switch|p1a: Zapdos|Zapdos|63/100
|turn|30
|
|t:|1758291685
|-terastallize|p2a: Mizu-men|Water
|detailschange|p2a: Mizu-men|Ogerpon-Wellspring-Tera, F, tera:Water
|-ability|p2a: Mizu-men|Embody Aspect (Wellspring)|boost
|-boost|p2a: Mizu-men|spd|1
|move|p2a: Mizu-men|Ivy Cudgel|p1a: Zapdos|[anim] Ivy Cudgel Water
|-damage|p1a: Zapdos|0 fnt
|faint|p1a: Zapdos
|
|upkeep
|
|t:|1758291692
|switch|p1a: Zamazenta|Zamazenta|100/100
|turn|31
|
|t:|1758291699
|move|p1a: Zamazenta|Howl|p1a: Zamazenta
|-boost|p1a: Zamazenta|atk|1
|move|p2a: Mizu-men|Ivy Cudgel|p1a: Zamazenta|[anim] Ivy Cudgel Water
|-damage|p1a: Zamazenta|33/100
|
|upkeep
|turn|32
|
|t:|1758291702
|move|p1a: Zamazenta|Close Combat|p2a: Mizu-men
|-damage|p2a: Mizu-men|0 fnt
|-unboost|p1a: Zamazenta|def|1
|-unboost|p1a: Zamazenta|spd|1
|faint|p2a: Mizu-men
|detailschange|p2: Mizu-men|Ogerpon-Wellspring, F|[silent]
|
|win|lowgear
|raw|lowgear's rating: 1424 &rarr; <strong>1444</strong><br />(+20 for winning)
|raw|Salim6201's rating: 1425 &rarr; <strong>1405</strong><br />(-20 for losing)
|l|☆Salim6201
|player|p2|
|l|☆lowgear
|player|p1|
