|j|☆Plug Kristmas
|j|☆Edkdkclslww
|t:|1758351050
|gametype|singles
|player|p1|Plug Kristmas|rood|1146
|player|p2|Edkdkclslww|jacq|1195
|gen|9
|tier|[Gen 9] OU
|rated|
|rule|HP Percentage Mod: HP is shown in percentages
|rule|Endless Battle Clause: Forcing endless battles is banned
|rule|Species Clause: Limit one of each Pokémon
|rule|OHKO Clause: OHKO moves are banned
|rule|Evasion Items Clause: Evasion items are banned
|rule|Evasion Moves Clause: Evasion moves are banned
|rule|Evasion Abilities Clause: Evasion abilities are banned
|rule|Sleep Moves Clause: Sleep-inducing moves are banned
|clearpoke
|poke|p1|Hariyama, F|
|poke|p1|Forretress, F|
|poke|p1|Manaphy|
|poke|p1|Heatran, F|
|poke|p1|Gliscor, M|
|poke|p1|Alcremie-Rainbow-Swirl, F|
|poke|p2|Indeedee, M|
|poke|p2|Polteageist-Antique|
|poke|p2|Hatterene, F|
|poke|p2|Iron Boulder|
|poke|p2|Cinderace, F|
|poke|p2|Ogerpon-Wellspring, F|
|teampreview
|
|t:|1758351059
|teamsize|p1|6
|teamsize|p2|6
|start
|switch|p1a: Manaphy|Manaphy|100/100
|switch|p2a: Indeedee|Indeedee, M|100/100
|-fieldstart|move: Psychic Terrain|[from] ability: Psychic Surge|[of] p2a: Indeedee
|turn|1
|
|t:|1758351066
|move|p1a: Manaphy|Tail Glow|p1a: Manaphy
|-boost|p1a: Manaphy|spa|3
|move|p2a: Indeedee|Expanding Force|p1a: Manaphy
|-damage|p1a: Manaphy|29/100
|
|-heal|p1a: Manaphy|35/100|[from] item: Leftovers
|upkeep
|turn|2
|
|t:|1758351075
|switch|p2a: Ogerpon|Ogerpon-Wellspring, F|100/100
|move|p1a: Manaphy|Surf|p2a: Ogerpon
|-immune|p2a: Ogerpon|[from] ability: Water Absorb
|
|-heal|p1a: Manaphy|41/100|[from] item: Leftovers
|upkeep
|turn|3
|
|t:|1758351083
|move|p2a: Ogerpon|Trailblaze|p1a: Manaphy
|-supereffective|p1a: Manaphy
|-damage|p1a: Manaphy|0 fnt
|-boost|p2a: Ogerpon|spe|1
|faint|p1a: Manaphy
|
|upkeep
|
|t:|1758351093
|switch|p1a: Gliscor|Gliscor, M|100/100
|turn|4
|
|t:|1758351097
|move|p2a: Ogerpon|Swords Dance|p2a: Ogerpon
|-boost|p2a: Ogerpon|atk|2
|move|p1a: Gliscor|Gunk Shot|p2a: Ogerpon
|-supereffective|p2a: Ogerpon
|-damage|p2a: Ogerpon|9/100
|
|-status|p1a: Gliscor|tox|[from] item: Toxic Orb
|upkeep
|turn|5
|
|t:|1758351107
|switch|p1a: Forretress|Forretress, F|100/100
|move|p2a: Ogerpon|Ivy Cudgel|p1a: Forretress|[anim] Ivy Cudgel Water
|-damage|p1a: Forretress|34/100
|
|upkeep
|turn|6
|
|t:|1758351113
|move|p2a: Ogerpon|Ivy Cudgel|p1a: Forretress|[anim] Ivy Cudgel Water
|-damage|p1a: Forretress|0 fnt
|faint|p1a: Forretress
|
|upkeep
|
|t:|1758351120
|switch|p1a: Alcremie|Alcremie-Rainbow-Swirl, F|100/100
|turn|7
|
|t:|1758351123
|move|p2a: Ogerpon|Ivy Cudgel|p1a: Alcremie|[anim] Ivy Cudgel Water
|-damage|p1a: Alcremie|0 fnt
|faint|p1a: Alcremie
|
|upkeep
|
|t:|1758351131
|switch|p1a: Heatran|Heatran, F|100/100
|-item|p1a: Heatran|Air Balloon
|turn|8
|
|t:|1758351136
|move|p2a: Ogerpon|Ivy Cudgel|p1a: Heatran|[anim] Ivy Cudgel Water
|-supereffective|p1a: Heatran
|-damage|p1a: Heatran|0 fnt
|-enditem|p1a: Heatran|Air Balloon
|faint|p1a: Heatran
|
|-fieldend|move: Psychic Terrain
|upkeep
|
|t:|1758351145
|switch|p1a: Hariyama|Hariyama, F|100/100
|turn|9
|
|t:|1758351148
|switch|p2a: Indeedee|Indeedee, M|100/100
|-fieldstart|move: Psychic Terrain|[from] ability: Psychic Surge|[of] p2a: Indeedee
|move|p1a: Hariyama|Thunder Punch|p2a: Indeedee
|-damage|p2a: Indeedee|39/100
|
|-status|p1a: Hariyama|brn|[from] item: Flame Orb
|upkeep
|turn|10
|
|t:|1758351158
|move|p2a: Indeedee|Expanding Force|p1a: Hariyama
|-supereffective|p1a: Hariyama
|-damage|p1a: Hariyama|0 fnt
|faint|p1a: Hariyama
|
|upkeep
|
|t:|1758351163
|switch|p1a: Gliscor|Gliscor, M|100/100 tox
|turn|11
|
|t:|1758351168
|switch|p2a: Hatterene|Hatterene, F, shiny|100/100
|move|p1a: Gliscor|High Horsepower|p2a: Hatterene
|-damage|p2a: Hatterene|63/100
|-enditem|p2a: Hatterene|Eject Button
|
|t:|1758351173
|switch|p2a: Polteageist|Polteageist-Antique, shiny|100/100
|
|upkeep
|turn|12
|
|t:|1758351183
|move|p1a: Gliscor|Knock Off|p2a: Polteageist
|-supereffective|p2a: Polteageist
|-enditem|p2a: Polteageist|Focus Sash
|-damage|p2a: Polteageist|1/100
|-ability|p2a: Polteageist|Weak Armor|boost
|-unboost|p2a: Polteageist|def|1
|-boost|p2a: Polteageist|spe|2
|move|p2a: Polteageist|Shell Smash|p2a: Polteageist
|-unboost|p2a: Polteageist|def|1
|-unboost|p2a: Polteageist|spd|1
|-boost|p2a: Polteageist|atk|2
|-boost|p2a: Polteageist|spa|2
|-boost|p2a: Polteageist|spe|2
|
|upkeep
|turn|13
|
|t:|1758351197
|move|p2a: Polteageist|Stored Power|p1a: Gliscor
|-damage|p1a: Gliscor|0 fnt
|faint|p1a: Gliscor
|
|win|Edkdkclslww
|raw|Plug Kristmas's rating: 1146 &rarr; <strong>1125</strong><br />(-21 for losing)
|raw|Edkdkclslww's rating: 1195 &rarr; <strong>1216</strong><br />(+21 for winning)
|l|☆Plug Kristmas
|player|p1|
|l|☆Edkdkclslww
|player|p2|
