|j|☆mResss
|j|☆MIT POG MOMENT
|t:|1758301584
|gametype|singles
|player|p1|mResss|veteran|1522
|player|p2|MIT POG MOMENT|crasherwake|1511
|gen|9
|tier|[Gen 9] OU
|rated|
|rule|HP Percentage Mod: HP is shown in percentages
|rule|Endless Battle Clause: Forcing endless battles is banned
|rule|Species Clause: Limit one of each Pokémon
|rule|OHKO Clause: OHKO moves are banned
|rule|Evasion Items Clause: Evasion items are banned
|rule|Evasion Moves Clause: Evasion moves are banned
|rule|Evasion Abilities Clause: Evasion abilities are banned
|rule|Sleep Moves Clause: Sleep-inducing moves are banned
|clearpoke
|poke|p1|Latios, M|
|poke|p1|Alomomola, M|
|poke|p1|Weezing-Galar, F|
|poke|p1|Dragonite, F|
|poke|p1|Gholdengo|
|poke|p1|Great Tusk|
|poke|p2|Dragonite, M|
|poke|p2|Porygon-Z|
|poke|p2|Samurott-Hisui, M|
|poke|p2|Corviknight, F|
|poke|p2|Landorus-Therian, M|
|poke|p2|Iron Valiant|
|teampreview
|inactive|Battle timer is ON: inactive players will automatically lose when time's up. (requested by mResss)
|
|t:|1758301610
|teamsize|p1|6
|teamsize|p2|6
|start
|switch|p1a: Alomomola|Alomomola, M|100/100
|switch|p2a: Landorus|Landorus-Therian, M|100/100
|-ability|p2a: Landorus|Intimidate|boost
|-unboost|p1a: Alomomola|atk|1
|turn|1
|
|t:|1758301620
|move|p2a: Landorus|Earthquake|p1a: Alomomola
|-damage|p1a: Alomomola|59/100
|move|p1a: Alomomola|Flip Turn|p2a: Landorus
|-supereffective|p2a: Landorus
|-damage|p2a: Landorus|74/100
|
|t:|1758301647
|switch|p1a: Great Tusk|Great Tusk|100/100|[from] Flip Turn
|
|upkeep
|turn|2
|
|t:|1758301652
|switch|p2a: goldnuts|Corviknight, F|100/100
|-ability|p2a: goldnuts|Pressure
|move|p1a: Great Tusk|Stealth Rock|p2a: goldnuts
|-sidestart|p2: MIT POG MOMENT|move: Stealth Rock
|
|upkeep
|turn|3
|
|t:|1758301658
|-end|p1a: Great Tusk|Protosynthesis|[silent]
|switch|p1a: Gholdengo|Gholdengo|100/100
|move|p2a: goldnuts|U-turn|p1a: Gholdengo
|-resisted|p1a: Gholdengo
|-damage|p1a: Gholdengo|97/100
|
|t:|1758301661
|switch|p2a: Samurott|Samurott-Hisui, M|100/100|[from] U-turn
|-damage|p2a: Samurott|88/100|[from] Stealth Rock
|
|upkeep
|turn|4
|
|t:|1758301670
|switch|p1a: Weezing|Weezing-Galar, F|100/100
|-ability|p1a: Weezing|Neutralizing Gas
|move|p2a: Samurott|Ceaseless Edge|p1a: Weezing|[miss]
|-miss|p2a: Samurott|p1a: Weezing
|
|upkeep
|turn|5
|
|t:|1758301676
|move|p2a: Samurott|Ceaseless Edge|p1a: Weezing
|-resisted|p1a: Weezing
|-damage|p1a: Weezing|90/100
|-sidestart|p1: mResss|Spikes
|move|p1a: Weezing|Will-O-Wisp|p2a: Samurott
|-status|p2a: Samurott|brn
|
|-damage|p2a: Samurott|82/100 brn|[from] brn
|upkeep
|turn|6
|
|t:|1758301684
|switch|p2a: THIS AINT RU|Porygon-Z|100/100
|-damage|p2a: THIS AINT RU|88/100|[from] Stealth Rock
|move|p1a: Weezing|Sludge Bomb|p2a: THIS AINT RU
|-damage|p2a: THIS AINT RU|51/100
|
|upkeep
|turn|7
|
|t:|1758301698
|-end|p1a: Weezing|ability: Neutralizing Gas
|switch|p1a: Alomomola|Alomomola, M|92/100
|-damage|p1a: Alomomola|80/100|[from] Spikes
|move|p2a: THIS AINT RU|Tri Attack|p1a: Alomomola
|-damage|p1a: Alomomola|31/100
|-status|p1a: Alomomola|frz
|
|upkeep
|turn|8
|
|t:|1758301703
|switch|p2a: Samurott|Samurott-Hisui, M|82/100 brn
|-damage|p2a: Samurott|69/100 brn|[from] Stealth Rock
|switch|p1a: Gholdengo|Gholdengo|97/100
|-damage|p1a: Gholdengo|84/100|[from] Spikes
|
|-damage|p2a: Samurott|63/100 brn|[from] brn
|upkeep
|turn|9
|
|t:|1758301709
|switch|p1a: Weezing|Weezing-Galar, F|90/100
|-ability|p1a: Weezing|Neutralizing Gas
|move|p2a: Samurott|Ceaseless Edge|p1a: Weezing
|-resisted|p1a: Weezing
|-damage|p1a: Weezing|85/100
|-sidestart|p1: mResss|Spikes
|
|-damage|p2a: Samurott|57/100 brn|[from] brn
|upkeep
|turn|10
|
|t:|1758301714
|move|p2a: Samurott|Razor Shell|p1a: Weezing
|-damage|p1a: Weezing|74/100
|-unboost|p1a: Weezing|def|1
|move|p1a: Weezing|Sludge Bomb|p2a: Samurott
|-damage|p2a: Samurott|14/100 brn
|
|-damage|p2a: Samurott|8/100 brn|[from] brn
|upkeep
|turn|11
|
|t:|1758301718
|move|p2a: Samurott|Ceaseless Edge|p1a: Weezing
|-resisted|p1a: Weezing
|-damage|p1a: Weezing|67/100
|-sidestart|p1: mResss|Spikes
|move|p1a: Weezing|Defog|p2a: Samurott
|-unboost|p2a: Samurott|evasion|1
|-sideend|p2: MIT POG MOMENT|Stealth Rock|[from] move: Defog|[of] p1a: Weezing
|-sideend|p1: mResss|Spikes|[from] move: Defog|[of] p1a: Weezing
|
|-damage|p2a: Samurott|1/100 brn|[from] brn
|upkeep
|turn|12
|
|t:|1758301722
|move|p2a: Samurott|Ceaseless Edge|p1a: Weezing
|-resisted|p1a: Weezing
|-damage|p1a: Weezing|59/100
|-sidestart|p1: mResss|Spikes
|move|p1a: Weezing|Defog|p2a: Samurott
|-unboost|p2a: Samurott|evasion|1
|-sideend|p1: mResss|Spikes|[from] move: Defog|[of] p1a: Weezing
|
|-damage|p2a: Samurott|0 fnt|[from] brn
|faint|p2a: Samurott
|upkeep
|
|t:|1758301727
|switch|p2a: THIS AINT RU|Porygon-Z|51/100
|turn|13
|
|t:|1758301734
|-end|p1a: Weezing|ability: Neutralizing Gas
|switch|p1a: Alomomola|Alomomola, M|64/100 frz
|move|p2a: THIS AINT RU|Dark Pulse|p1a: Alomomola
|-damage|p1a: Alomomola|40/100 frz
|
|upkeep
|turn|14
|
|t:|1758301745
|switch|p2a: Dragonite|Dragonite, M|100/100
|cant|p1a: Alomomola|frz
|
|upkeep
|turn|15
|
|t:|1758301756
|switch|p1a: Dragonite|Dragonite, F|100/100
|move|p2a: Dragonite|Dragon Dance|p2a: Dragonite
|-boost|p2a: Dragonite|atk|1
|-boost|p2a: Dragonite|spe|1
|
|upkeep
|turn|16
|
|t:|1758301760
|move|p2a: Dragonite|Ice Spinner|p1a: Dragonite
|-supereffective|p1a: Dragonite
|-damage|p1a: Dragonite|14/100
|move|p1a: Dragonite|Dragon Tail|p2a: Dragonite
|-supereffective|p2a: Dragonite
|-damage|p2a: Dragonite|71/100
|drag|p2a: Iron Valiant|Iron Valiant|100/100
|-enditem|p2a: Iron Valiant|Booster Energy
|-activate|p2a: Iron Valiant|ability: Quark Drive|[fromitem]
|-start|p2a: Iron Valiant|quarkdrivespe
|
|upkeep
|turn|17
|
|t:|1758301776
|switch|p1a: Weezing|Weezing-Galar, F|59/100
|-ability|p1a: Weezing|Neutralizing Gas
|move|p2a: Iron Valiant|Calm Mind|p2a: Iron Valiant
|-boost|p2a: Iron Valiant|spa|1
|-boost|p2a: Iron Valiant|spd|1
|
|upkeep
|turn|18
|
|t:|1758301781
|move|p2a: Iron Valiant|Psyshock|p1a: Weezing
|-supereffective|p1a: Weezing
|-damage|p1a: Weezing|7/100
|move|p1a: Weezing|Sludge Bomb|p2a: Iron Valiant
|-supereffective|p2a: Iron Valiant
|-damage|p2a: Iron Valiant|33/100
|
|upkeep
|turn|19
|
|t:|1758301787
|move|p2a: Iron Valiant|Psyshock|p1a: Weezing
|-supereffective|p1a: Weezing
|-damage|p1a: Weezing|0 fnt
|faint|p1a: Weezing
|-end|p1a: Weezing|ability: Neutralizing Gas
|
|upkeep
|
|t:|1758301789
|switch|p1a: Dragonite|Dragonite, F|14/100
|turn|20
|
|t:|1758301797
|move|p1a: Dragonite|Extreme Speed|p2a: Iron Valiant
|-damage|p2a: Iron Valiant|0 fnt
|faint|p2a: Iron Valiant
|-end|p2a: Iron Valiant|Quark Drive|[silent]
|
|upkeep
|
|t:|1758301800
|switch|p2a: goldnuts|Corviknight, F|100/100
|-ability|p2a: goldnuts|Pressure
|turn|21
|
|t:|1758301804
|move|p1a: Dragonite|Roost|p1a: Dragonite
|-heal|p1a: Dragonite|64/100
|-singleturn|p1a: Dragonite|move: Roost
|move|p2a: goldnuts|U-turn|p1a: Dragonite
|-damage|p1a: Dragonite|51/100
|
|t:|1758301814
|switch|p2a: Landorus|Landorus-Therian, M|74/100|[from] U-turn
|-ability|p2a: Landorus|Intimidate|boost
|-unboost|p1a: Dragonite|atk|1
|
|upkeep
|turn|22
|
|t:|1758301823
|switch|p1a: Great Tusk|Great Tusk|100/100
|move|p2a: Landorus|Outrage|p1a: Great Tusk
|-damage|p1a: Great Tusk|61/100
|-damage|p2a: Landorus|57/100|[from] item: Rocky Helmet|[of] p1a: Great Tusk
|
|upkeep
|turn|23
|
|t:|1758301841
|-end|p1a: Great Tusk|Protosynthesis|[silent]
|switch|p1a: Gholdengo|Gholdengo|84/100
|move|p2a: Landorus|Outrage|p1a: Gholdengo|[from] lockedmove
|-resisted|p1a: Gholdengo
|-crit|p1a: Gholdengo
|-damage|p1a: Gholdengo|41/100
|-start|p2a: Landorus|confusion|[fatigue]
|
|upkeep
|turn|24
|
|t:|1758301854
|switch|p2a: THIS AINT RU|Porygon-Z|51/100
|move|p1a: Gholdengo|Make It Rain|p2a: THIS AINT RU
|-damage|p2a: THIS AINT RU|0 fnt
|-unboost|p1a: Gholdengo|spa|1
|faint|p2a: THIS AINT RU
|
|upkeep
|
|t:|1758301857
|switch|p2a: Dragonite|Dragonite, M|71/100
|turn|25
|
|t:|1758301867
|move|p1a: Gholdengo|Make It Rain|p2a: Dragonite
|-damage|p2a: Dragonite|34/100
|-unboost|p1a: Gholdengo|spa|1
|move|p2a: Dragonite|Dragon Dance|p2a: Dragonite
|-boost|p2a: Dragonite|atk|1
|-boost|p2a: Dragonite|spe|1
|
|upkeep
|turn|26
|
|t:|1758301874
|move|p1a: Gholdengo|Make It Rain|p2a: Dragonite
|-damage|p2a: Dragonite|8/100
|-unboost|p1a: Gholdengo|spa|1
|move|p2a: Dragonite|Dragon Dance|p2a: Dragonite
|-boost|p2a: Dragonite|atk|1
|-boost|p2a: Dragonite|spe|1
|
|upkeep
|turn|27
|
|t:|1758301881
|move|p1a: Gholdengo|Make It Rain|p2a: Dragonite
|-damage|p2a: Dragonite|0 fnt
|-unboost|p1a: Gholdengo|spa|1
|faint|p2a: Dragonite
|
|upkeep
|
|t:|1758301886
|switch|p2a: Landorus|Landorus-Therian, M|57/100
|-ability|p2a: Landorus|Intimidate|boost
|-unboost|p1a: Gholdengo|atk|1
|turn|28
|
|t:|1758301894
|switch|p1a: Great Tusk|Great Tusk|61/100
|move|p2a: Landorus|U-turn|p1a: Great Tusk
|-resisted|p1a: Great Tusk
|-damage|p1a: Great Tusk|51/100
|-damage|p2a: Landorus|40/100|[from] item: Rocky Helmet|[of] p1a: Great Tusk
|
|t:|1758301896
|switch|p2a: goldnuts|Corviknight, F|100/100|[from] U-turn
|-ability|p2a: goldnuts|Pressure
|
|upkeep
|turn|29
|
|t:|1758301900
|move|p1a: Great Tusk|Stealth Rock|p2a: goldnuts
|-sidestart|p2: MIT POG MOMENT|move: Stealth Rock
|move|p2a: goldnuts|U-turn|p1a: Great Tusk
|-resisted|p1a: Great Tusk
|-damage|p1a: Great Tusk|45/100
|-damage|p2a: goldnuts|84/100|[from] item: Rocky Helmet|[of] p1a: Great Tusk
|
|t:|1758301902
|switch|p2a: Landorus|Landorus-Therian, M|40/100|[from] U-turn
|-damage|p2a: Landorus|28/100|[from] Stealth Rock
|-ability|p2a: Landorus|Intimidate|boost
|-unboost|p1a: Great Tusk|atk|1
|
|upkeep
|turn|30
|
|t:|1758301904
|-terastallize|p2a: Landorus|Ground
|move|p2a: Landorus|Earthquake|p1a: Great Tusk
|-damage|p1a: Great Tusk|0 fnt
|faint|p1a: Great Tusk
|-end|p1a: Great Tusk|Protosynthesis|[silent]
|
|upkeep
|
|t:|1758301910
|switch|p1a: Dragonite|Dragonite, F|51/100
|turn|31
|
|t:|1758301912
|switch|p2a: goldnuts|Corviknight, F|84/100
|-damage|p2a: goldnuts|72/100|[from] Stealth Rock
|-ability|p2a: goldnuts|Pressure
|move|p1a: Dragonite|Roost|p1a: Dragonite
|-heal|p1a: Dragonite|100/100
|-singleturn|p1a: Dragonite|move: Roost
|
|upkeep
|turn|32
|
|t:|1758301921
|switch|p1a: Gholdengo|Gholdengo|41/100
|move|p2a: goldnuts|Iron Defense|p2a: goldnuts
|-boost|p2a: goldnuts|def|2
|
|upkeep
|turn|33
|
|t:|1758301925
|move|p1a: Gholdengo|Shadow Ball|p2a: goldnuts
|-damage|p2a: goldnuts|30/100
|move|p2a: goldnuts|U-turn|p1a: Gholdengo
|-resisted|p1a: Gholdengo
|-damage|p1a: Gholdengo|38/100
|
|t:|1758301928
|switch|p2a: Landorus|Landorus-Therian, M, tera:Ground|28/100|[from] U-turn
|-damage|p2a: Landorus|22/100|[from] Stealth Rock
|-ability|p2a: Landorus|Intimidate|boost
|-unboost|p1a: Gholdengo|atk|1
|
|upkeep
|turn|34
|
|t:|1758301936
|move|p1a: Gholdengo|Shadow Ball|p2a: Landorus
|-damage|p2a: Landorus|0 fnt
|faint|p2a: Landorus
|
|upkeep
|-message|MIT POG MOMENT forfeited.
|
|win|mResss
|raw|mResss's rating: 1522 &rarr; <strong>1541</strong><br />(+19 for winning)
|raw|MIT POG MOMENT's rating: 1511 &rarr; <strong>1492</strong><br />(-19 for losing)
|l|☆MIT POG MOMENT
|player|p2|
|l|☆mResss
|player|p1|
