|j|☆Neggets
|j|☆QD lol
|t:|1758232586
|gametype|singles
|player|p1|Neggets|2|1060
|player|p2|QD lol|plasmagrunt|1106
|gen|9
|tier|[Gen 9] OU
|rated|
|rule|HP Percentage Mod: HP is shown in percentages
|rule|Endless Battle Clause: Forcing endless battles is banned
|rule|Species Clause: Limit one of each Pokémon
|rule|OHKO Clause: OHKO moves are banned
|rule|Evasion Items Clause: Evasion items are banned
|rule|Evasion Moves Clause: Evasion moves are banned
|rule|Evasion Abilities Clause: Evasion abilities are banned
|rule|Sleep Moves Clause: Sleep-inducing moves are banned
|clearpoke
|poke|p1|Cobalion|
|poke|p1|Virizion|
|poke|p1|Gallade, M|
|poke|p1|Keldeo|
|poke|p1|Arcanine, M|
|poke|p1|Terrakion|
|poke|p2|Exeggutor, M|
|poke|p2|Hatterene, F|
|poke|p2|Goodra, F|
|poke|p2|Enamorus, F|
|poke|p2|Cloyster, F|
|poke|p2|Iron Treads|
|teampreview
|inactive|Battle timer is ON: inactive players will automatically lose when time's up. (requested by QD lol)
|c|☆QD lol|Thank goodness I didn't have any dark types with me
|
|t:|1758232616
|teamsize|p1|6
|teamsize|p2|6
|start
|switch|p1a: Virizion|Virizion|100/100
|switch|p2a: Anti stall|Exeggutor, M|100/100
|turn|1
|
|t:|1758232646
|switch|p1a: Arcanine|Arcanine, M|100/100
|move|p2a: Anti stall|Psychic Noise|p1a: Arcanine
|-damage|p1a: Arcanine|44/100
|-start|p1a: Arcanine|move: Heal Block
|
|upkeep
|turn|2
|inactive|Neggets has 120 seconds left.
|
|t:|1758232666
|switch|p2a: Anti Landerus|Cloyster, F|100/100
|move|p1a: Arcanine|Flare Blitz|p2a: Anti Landerus
|-damage|p2a: Anti Landerus|28/100
|-status|p2a: Anti Landerus|brn
|-damage|p1a: Arcanine|27/100|[from] Recoil
|
|-damage|p2a: Anti Landerus|22/100 brn|[from] brn
|-end|p1a: Arcanine|move: Heal Block
|upkeep
|turn|3
|inactive|Neggets has 120 seconds left.
|c|☆Neggets|I hate landourus too
|
|t:|1758232696
|move|p1a: Arcanine|Flare Blitz|p2a: Anti Landerus
|-damage|p2a: Anti Landerus|0 fnt
|faint|p2a: Anti Landerus
|-damage|p1a: Arcanine|21/100|[from] Recoil
|
|upkeep
|c|☆QD lol|Extremely annoying to deal with
|
|t:|1758232705
|switch|p2a: Anti great tusk|Enamorus, F|100/100
|turn|4
|inactive|Neggets has 90 seconds left.
|
|t:|1758232731
|switch|p1a: Virizion|Virizion|100/100
|move|p2a: Anti great tusk|Superpower|p1a: Virizion
|-crit|p1a: Virizion
|-damage|p1a: Virizion|20/100
|-boost|p2a: Anti great tusk|atk|1
|-boost|p2a: Anti great tusk|def|1
|
|upkeep
|turn|5
|inactive|Neggets has 90 seconds left.
|
|t:|1758232767
|move|p1a: Virizion|Close Combat|p2a: Anti great tusk
|-resisted|p2a: Anti great tusk
|-damage|p2a: Anti great tusk|89/100
|-unboost|p1a: Virizion|def|1
|-unboost|p1a: Virizion|spd|1
|-damage|p1a: Virizion|10/100|[from] item: Life Orb
|move|p2a: Anti great tusk|Superpower|p1a: Virizion
|-damage|p1a: Virizion|0 fnt
|-boost|p2a: Anti great tusk|atk|1
|-boost|p2a: Anti great tusk|def|1
|faint|p1a: Virizion
|
|-heal|p2a: Anti great tusk|95/100|[from] item: Leftovers
|upkeep
|inactive|Neggets has 60 seconds left.
|
|t:|1758232778
|switch|p1a: Cobalion|Cobalion, shiny|100/100
|turn|6
|inactive|Neggets has 60 seconds left.
|
|t:|1758232791
|move|p2a: Anti great tusk|Superpower|p1a: Cobalion
|-supereffective|p1a: Cobalion
|-damage|p1a: Cobalion|23/100
|-boost|p2a: Anti great tusk|atk|1
|-boost|p2a: Anti great tusk|def|1
|move|p1a: Cobalion|Steel Beam|p2a: Anti great tusk
|-supereffective|p2a: Anti great tusk
|-damage|p2a: Anti great tusk|0 fnt
|-damage|p1a: Cobalion|0 fnt|[from] steelbeam
|faint|p1a: Cobalion
|faint|p2a: Anti great tusk
|
|upkeep
|inactive|Neggets has 60 seconds left.
|
|t:|1758232811
|switch|p2a: Hatterene|Hatterene, F|100/100
|switch|p1a: Gallade|Gallade, M|100/100
|turn|7
|
|t:|1758232821
|move|p1a: Gallade|Psycho Cut|p2a: Hatterene
|-resisted|p2a: Hatterene
|-damage|p2a: Hatterene|85/100
|move|p2a: Hatterene|Nuzzle|p1a: Gallade
|-damage|p1a: Gallade|93/100
|-status|p1a: Gallade|par
|
|-heal|p2a: Hatterene|91/100|[from] item: Leftovers
|upkeep
|turn|8
|
|t:|1758232831
|move|p1a: Gallade|Psycho Cut|p2a: Hatterene
|-resisted|p2a: Hatterene
|-damage|p2a: Hatterene|76/100
|move|p2a: Hatterene|Calm Mind|p2a: Hatterene
|-boost|p2a: Hatterene|spa|1
|-boost|p2a: Hatterene|spd|1
|
|-heal|p2a: Hatterene|82/100|[from] item: Leftovers
|upkeep
|turn|9
|
|t:|1758232840
|move|p1a: Gallade|Aqua Cutter|p2a: Hatterene
|-crit|p2a: Hatterene
|-damage|p2a: Hatterene|52/100
|move|p2a: Hatterene|Draining Kiss|p1a: Gallade
|-supereffective|p1a: Gallade
|-damage|p1a: Gallade|26/100 par
|-heal|p2a: Hatterene|99/100|[from] drain|[of] p1a: Gallade
|
|-heal|p2a: Hatterene|100/100|[from] item: Leftovers
|upkeep
|turn|10
|inactive|Neggets has 60 seconds left.
|
|t:|1758232850
|move|p1a: Gallade|Aqua Cutter|p2a: Hatterene
|-damage|p2a: Hatterene|78/100
|move|p2a: Hatterene|Draining Kiss|p1a: Gallade
|-supereffective|p1a: Gallade
|-damage|p1a: Gallade|0 fnt
|-heal|p2a: Hatterene|96/100|[from] drain|[of] p1a: Gallade
|faint|p1a: Gallade
|
|-heal|p2a: Hatterene|100/100|[from] item: Leftovers
|upkeep
|
|t:|1758232862
|switch|p1a: Terrakion|Terrakion|100/100
|turn|11
|
|t:|1758232872
|-terastallize|p1a: Terrakion|Bug
|move|p1a: Terrakion|X-Scissor|p2a: Hatterene
|-damage|p2a: Hatterene|66/100
|move|p2a: Hatterene|Psychic Noise|p1a: Terrakion
|-damage|p1a: Terrakion|39/100
|-start|p1a: Terrakion|move: Heal Block
|
|-heal|p2a: Hatterene|72/100|[from] item: Leftovers
|upkeep
|turn|12
|inactive|Neggets has 60 seconds left.
|
|t:|1758232884
|move|p1a: Terrakion|X-Scissor|p2a: Hatterene
|-damage|p2a: Hatterene|39/100
|move|p2a: Hatterene|Psychic Noise|p1a: Terrakion
|-damage|p1a: Terrakion|0 fnt
|faint|p1a: Terrakion
|
|-heal|p2a: Hatterene|45/100|[from] item: Leftovers
|upkeep
|inactive|Neggets has 30 seconds left.
|
|t:|1758232919
|switch|p1a: Keldeo|Keldeo|100/100
|turn|13
|
|t:|1758232924
|move|p1a: Keldeo|Psych Up|p2a: Hatterene
|-copyboost|p1a: Keldeo|p2a: Hatterene|[from] move: Psych Up
|move|p2a: Hatterene|Draining Kiss|p1a: Keldeo
|-supereffective|p1a: Keldeo
|-damage|p1a: Keldeo|49/100
|-heal|p2a: Hatterene|86/100|[from] drain|[of] p1a: Keldeo
|
|-heal|p2a: Hatterene|92/100|[from] item: Leftovers
|upkeep
|turn|14
|
|t:|1758232934
|move|p1a: Keldeo|Hydro Pump|p2a: Hatterene
|-damage|p2a: Hatterene|35/100
|move|p2a: Hatterene|Draining Kiss|p1a: Keldeo
|-supereffective|p1a: Keldeo
|-damage|p1a: Keldeo|0 fnt
|-heal|p2a: Hatterene|73/100|[from] drain|[of] p1a: Keldeo
|faint|p1a: Keldeo
|
|-heal|p2a: Hatterene|79/100|[from] item: Leftovers
|upkeep
|
|t:|1758232946
|switch|p1a: Arcanine|Arcanine, M|21/100
|turn|15
|
|t:|1758232951
|move|p1a: Arcanine|Flare Blitz|p2a: Hatterene
|-damage|p2a: Hatterene|9/100
|-damage|p1a: Arcanine|0 fnt|[from] Recoil
|faint|p1a: Arcanine
|
|win|QD lol
|raw|Neggets's rating: 1060 &rarr; <strong>1044</strong><br />(-16 for losing)
|raw|QD lol's rating: 1106 &rarr; <strong>1128</strong><br />(+22 for winning)
|c|☆QD lol|ggs
|l|☆QD lol
|player|p2|
|c|☆Neggets|Ggs
|l|☆Neggets
|player|p1|
