|j|☆Truffle buddah
|j|☆Eight Five
|t:|1758259977
|gametype|singles
|player|p1|Truffle buddah|li|1663
|player|p2|Eight Five|170|1634
|gen|9
|tier|[Gen 9] OU
|rated|
|rule|HP Percentage Mod: HP is shown in percentages
|rule|Endless Battle Clause: Forcing endless battles is banned
|rule|Species Clause: Limit one of each Pokémon
|rule|OHKO Clause: OHKO moves are banned
|rule|Evasion Items Clause: Evasion items are banned
|rule|Evasion Moves Clause: Evasion moves are banned
|rule|Evasion Abilities Clause: Evasion abilities are banned
|rule|Sleep Moves Clause: Sleep-inducing moves are banned
|clearpoke
|poke|p1|Hydrapple, F|
|poke|p1|Hatterene, F|
|poke|p1|Iron Hands|
|poke|p1|Diancie|
|poke|p1|Scizor, M|
|poke|p1|Dragonite, F|
|poke|p2|Iron Treads|
|poke|p2|Landorus-Therian, M|
|poke|p2|Iron Leaves|
|poke|p2|Chandelure, M|
|poke|p2|Primarina, F|
|poke|p2|Zapdos|
|teampreview
|inactive|Battle timer is ON: inactive players will automatically lose when time's up. (requested by Eight Five)
|
|t:|1758260010
|teamsize|p1|6
|teamsize|p2|6
|start
|switch|p1a: Iron Hands|Iron Hands|100/100
|switch|p2a: Landorus|Landorus-Therian, M|100/100
|-ability|p2a: Landorus|Intimidate|boost
|-unboost|p1a: Iron Hands|atk|1
|turn|1
|
|t:|1758260016
|-end|p1a: Iron Hands|Quark Drive|[silent]
|switch|p1a: Hatterene|Hatterene, F|100/100
|move|p2a: Landorus|Earthquake|p1a: Hatterene
|-damage|p1a: Hatterene|39/100
|
|-heal|p1a: Hatterene|45/100|[from] item: Leftovers
|upkeep
|turn|2
|
|t:|1758260019
|switch|p1a: Hydrapple|Hydrapple, F|100/100
|move|p2a: Landorus|Earthquake|p1a: Hydrapple
|-resisted|p1a: Hydrapple
|-damage|p1a: Hydrapple|80/100
|
|upkeep
|turn|3
|
|t:|1758260024
|move|p2a: Landorus|U-turn|p1a: Hydrapple
|-supereffective|p1a: Hydrapple
|-damage|p1a: Hydrapple|49/100
|-damage|p2a: Landorus|84/100|[from] item: Rocky Helmet|[of] p1a: Hydrapple
|
|t:|1758260040
|switch|p2a: Iron Leaves|Iron Leaves|100/100|[from] U-turn
|-enditem|p2a: Iron Leaves|Booster Energy
|-activate|p2a: Iron Leaves|ability: Quark Drive|[fromitem]
|-start|p2a: Iron Leaves|quarkdrivespe
|move|p1a: Hydrapple|Earth Power|p2a: Iron Leaves
|-resisted|p2a: Iron Leaves
|-damage|p2a: Iron Leaves|89/100
|
|upkeep
|turn|4
|
|t:|1758260054
|switch|p1a: Scizor|Scizor, M|100/100
|move|p2a: Iron Leaves|Gravity|p2a: Iron Leaves
|-fieldstart|move: Gravity
|
|upkeep
|turn|5
|inactive|Eight Five has 120 seconds left.
|
|t:|1758260084
|-end|p2a: Iron Leaves|Quark Drive|[silent]
|switch|p2a: Zapdos|Zapdos|100/100
|move|p1a: Scizor|U-turn|p2a: Zapdos
|-resisted|p2a: Zapdos
|-damage|p2a: Zapdos|75/100
|-status|p1a: Scizor|par|[from] ability: Static|[of] p2a: Zapdos
|
|t:|1758260088
|switch|p1a: Diancie|Diancie|100/100|[from] U-turn
|
|upkeep
|turn|6
|
|t:|1758260093
|move|p2a: Zapdos|Zap Cannon|p1a: Diancie|[miss]
|-miss|p2a: Zapdos|p1a: Diancie
|move|p1a: Diancie|Trick Room|p1a: Diancie
|-fieldstart|move: Trick Room|[of] p1a: Diancie
|
|upkeep
|turn|7
|
|t:|1758260096
|move|p1a: Diancie|Meteor Beam||[still]
|-prepare|p1a: Diancie|Meteor Beam
|-boost|p1a: Diancie|spa|1
|-enditem|p1a: Diancie|Power Herb
|-anim|p1a: Diancie|Meteor Beam|p2a: Zapdos
|-supereffective|p2a: Zapdos
|-damage|p2a: Zapdos|0 fnt
|faint|p2a: Zapdos
|
|upkeep
|
|t:|1758260105
|switch|p2a: Primarina|Primarina, F|100/100
|turn|8
|
|t:|1758260108
|move|p2a: Primarina|Protect|p2a: Primarina
|-singleturn|p2a: Primarina|Protect
|move|p1a: Diancie|Moonblast|p2a: Primarina
|-activate|p2a: Primarina|move: Protect
|
|-fieldend|move: Gravity
|upkeep
|turn|9
|
|t:|1758260110
|move|p1a: Diancie|Moonblast|p2a: Primarina
|-damage|p2a: Primarina|40/100
|move|p2a: Primarina|Calm Mind|p2a: Primarina
|-boost|p2a: Primarina|spa|1
|-boost|p2a: Primarina|spd|1
|
|-heal|p2a: Primarina|46/100|[from] item: Leftovers
|upkeep
|turn|10
|
|t:|1758260118
|move|p2a: Primarina|Protect|p2a: Primarina
|-singleturn|p2a: Primarina|Protect
|move|p1a: Diancie|Moonblast|p2a: Primarina
|-activate|p2a: Primarina|move: Protect
|
|-heal|p2a: Primarina|52/100|[from] item: Leftovers
|-fieldend|move: Trick Room
|upkeep
|turn|11
|
|t:|1758260120
|move|p2a: Primarina|Draining Kiss|p1a: Diancie
|-damage|p1a: Diancie|75/100
|-heal|p2a: Primarina|68/100|[from] drain|[of] p1a: Diancie
|move|p1a: Diancie|Trick Room|p1a: Diancie
|-fieldstart|move: Trick Room|[of] p1a: Diancie
|
|-heal|p2a: Primarina|74/100|[from] item: Leftovers
|upkeep
|turn|12
|
|t:|1758260125
|move|p2a: Primarina|Protect|p2a: Primarina
|-singleturn|p2a: Primarina|Protect
|move|p1a: Diancie|Moonblast|p2a: Primarina
|-activate|p2a: Primarina|move: Protect
|
|-heal|p2a: Primarina|80/100|[from] item: Leftovers
|upkeep
|turn|13
|
|t:|1758260132
|move|p1a: Diancie|Moonblast|p2a: Primarina
|-damage|p2a: Primarina|42/100
|move|p2a: Primarina|Calm Mind|p2a: Primarina
|-boost|p2a: Primarina|spa|1
|-boost|p2a: Primarina|spd|1
|
|-heal|p2a: Primarina|48/100|[from] item: Leftovers
|upkeep
|turn|14
|
|t:|1758260136
|move|p2a: Primarina|Protect|p2a: Primarina
|-singleturn|p2a: Primarina|Protect
|move|p1a: Diancie|Meteor Beam||[still]
|-prepare|p1a: Diancie|Meteor Beam
|-boost|p1a: Diancie|spa|1
|
|-heal|p2a: Primarina|54/100|[from] item: Leftovers
|upkeep
|turn|15
|
|t:|1758260141
|move|p2a: Primarina|Protect|p2a: Primarina
|-singleturn|p2a: Primarina|Protect
|move|p1a: Diancie|Meteor Beam|p2a: Primarina|[from] lockedmove
|-activate|p2a: Primarina|move: Protect
|
|-heal|p2a: Primarina|60/100|[from] item: Leftovers
|-fieldend|move: Trick Room
|upkeep
|turn|16
|
|t:|1758260145
|move|p2a: Primarina|Psychic Noise|p1a: Diancie
|-supereffective|p1a: Diancie
|-damage|p1a: Diancie|0 fnt
|faint|p1a: Diancie
|
|-heal|p2a: Primarina|66/100|[from] item: Leftovers
|upkeep
|
|t:|1758260149
|switch|p1a: Scizor|Scizor, M|100/100 par
|turn|17
|
|t:|1758260154
|move|p2a: Primarina|Protect|p2a: Primarina
|-singleturn|p2a: Primarina|Protect
|move|p1a: Scizor|Bullet Punch|p2a: Primarina
|-activate|p2a: Primarina|move: Protect
|
|-heal|p2a: Primarina|72/100|[from] item: Leftovers
|upkeep
|turn|18
|
|t:|1758260157
|move|p1a: Scizor|Bullet Punch|p2a: Primarina
|-damage|p2a: Primarina|46/100
|move|p2a: Primarina|Psychic Noise|p1a: Scizor
|-damage|p1a: Scizor|24/100 par
|-start|p1a: Scizor|move: Heal Block
|
|-heal|p2a: Primarina|52/100|[from] item: Leftovers
|upkeep
|turn|19
|
|t:|1758260163
|move|p2a: Primarina|Protect|p2a: Primarina
|-singleturn|p2a: Primarina|Protect
|cant|p1a: Scizor|par
|
|-heal|p2a: Primarina|58/100|[from] item: Leftovers
|-end|p1a: Scizor|move: Heal Block
|upkeep
|turn|20
|
|t:|1758260165
|move|p1a: Scizor|Bullet Punch|p2a: Primarina
|-damage|p2a: Primarina|31/100
|move|p2a: Primarina|Psychic Noise|p1a: Scizor
|-damage|p1a: Scizor|0 fnt
|faint|p1a: Scizor
|
|-heal|p2a: Primarina|37/100|[from] item: Leftovers
|upkeep
|
|t:|1758260169
|switch|p1a: Dragonite|Dragonite, F|100/100
|turn|21
|
|t:|1758260173
|move|p1a: Dragonite|Encore|p2a: Primarina
|-start|p2a: Primarina|Encore
|move|p2a: Primarina|Psychic Noise|p1a: Dragonite
|-resisted|p1a: Dragonite
|-damage|p1a: Dragonite|83/100
|-start|p1a: Dragonite|move: Heal Block
|
|-heal|p2a: Primarina|43/100|[from] item: Leftovers
|upkeep
|turn|22
|
|t:|1758260180
|switch|p2a: Iron Treads|Iron Treads|100/100
|-enditem|p2a: Iron Treads|Booster Energy
|-activate|p2a: Iron Treads|ability: Quark Drive|[fromitem]
|-start|p2a: Iron Treads|quarkdrivespe
|move|p1a: Dragonite|Dragon Dance|p1a: Dragonite
|-boost|p1a: Dragonite|atk|1
|-boost|p1a: Dragonite|spe|1
|
|-end|p1a: Dragonite|move: Heal Block
|upkeep
|turn|23
|
|t:|1758260187
|-terastallize|p1a: Dragonite|Fire
|move|p2a: Iron Treads|Ice Spinner|p1a: Dragonite
|-resisted|p1a: Dragonite
|-damage|p1a: Dragonite|70/100
|move|p1a: Dragonite|Dragon Dance|p1a: Dragonite
|-boost|p1a: Dragonite|atk|1
|-boost|p1a: Dragonite|spe|1
|
|upkeep
|turn|24
|
|t:|1758260198
|-terastallize|p2a: Iron Treads|Ghost
|move|p1a: Dragonite|Fire Punch|p2a: Iron Treads
|-damage|p2a: Iron Treads|14/100
|move|p2a: Iron Treads|Earthquake|p1a: Dragonite
|-supereffective|p1a: Dragonite
|-damage|p1a: Dragonite|0 fnt
|faint|p1a: Dragonite
|
|upkeep
|
|t:|1758260220
|switch|p1a: Hatterene|Hatterene, F|45/100
|turn|25
|j| PoojeetTruckDriver
|
|t:|1758260230
|move|p2a: Iron Treads|Earthquake|p1a: Hatterene
|-damage|p1a: Hatterene|7/100
|move|p1a: Hatterene|Trick Room|p1a: Hatterene
|-fieldstart|move: Trick Room|[of] p1a: Hatterene
|
|-heal|p1a: Hatterene|13/100|[from] item: Leftovers
|upkeep
|turn|26
|
|t:|1758260237
|move|p1a: Hatterene|Draining Kiss|p2a: Iron Treads
|-damage|p2a: Iron Treads|0 fnt
|-heal|p1a: Hatterene|23/100|[from] drain|[of] p2a: Iron Treads
|faint|p2a: Iron Treads
|-end|p2a: Iron Treads|Quark Drive|[silent]
|
|-heal|p1a: Hatterene|29/100|[from] item: Leftovers
|upkeep
|
|t:|1758260239
|switch|p2a: Primarina|Primarina, F|43/100
|turn|27
|
|t:|1758260248
|move|p1a: Hatterene|Calm Mind|p1a: Hatterene
|-boost|p1a: Hatterene|spa|1
|-boost|p1a: Hatterene|spd|1
|move|p2a: Primarina|Draining Kiss|p1a: Hatterene
|-damage|p1a: Hatterene|14/100
|-heal|p2a: Primarina|53/100|[from] drain|[of] p1a: Hatterene
|
|-heal|p1a: Hatterene|20/100|[from] item: Leftovers
|-heal|p2a: Primarina|59/100|[from] item: Leftovers
|upkeep
|turn|28
|
|t:|1758260253
|move|p2a: Primarina|Protect|p2a: Primarina
|-singleturn|p2a: Primarina|Protect
|move|p1a: Hatterene|Calm Mind|p1a: Hatterene
|-boost|p1a: Hatterene|spa|1
|-boost|p1a: Hatterene|spd|1
|
|-heal|p1a: Hatterene|26/100|[from] item: Leftovers
|-heal|p2a: Primarina|65/100|[from] item: Leftovers
|upkeep
|turn|29
|
|t:|1758260261
|move|p1a: Hatterene|Draining Kiss|p2a: Primarina
|-damage|p2a: Primarina|27/100
|-heal|p1a: Hatterene|59/100|[from] drain|[of] p2a: Primarina
|move|p2a: Primarina|Psychic Noise|p1a: Hatterene
|-damage|p1a: Hatterene|42/100
|-start|p1a: Hatterene|move: Heal Block
|
|-heal|p2a: Primarina|33/100|[from] item: Leftovers
|-fieldend|move: Trick Room
|upkeep
|turn|30
|
|t:|1758260265
|move|p2a: Primarina|Calm Mind|p2a: Primarina
|-boost|p2a: Primarina|spa|1
|-boost|p2a: Primarina|spd|1
|move|p1a: Hatterene|Psychic Noise|p2a: Primarina
|-damage|p2a: Primarina|0 fnt
|faint|p2a: Primarina
|
|-end|p1a: Hatterene|move: Heal Block
|upkeep
|
|t:|1758260269
|switch|p2a: Landorus|Landorus-Therian, M|84/100
|-ability|p2a: Landorus|Intimidate|boost
|-unboost|p1a: Hatterene|atk|1
|turn|31
|
|t:|1758260275
|switch|p1a: Hydrapple|Hydrapple, F|82/100
|move|p2a: Landorus|Earthquake|p1a: Hydrapple
|-resisted|p1a: Hydrapple
|-damage|p1a: Hydrapple|60/100
|
|upkeep
|turn|32
|
|t:|1758260284
|move|p2a: Landorus|U-turn|p1a: Hydrapple
|-supereffective|p1a: Hydrapple
|-damage|p1a: Hydrapple|27/100
|-damage|p2a: Landorus|67/100|[from] item: Rocky Helmet|[of] p1a: Hydrapple
|
|t:|1758260286
|switch|p2a: Iron Leaves|Iron Leaves|89/100|[from] U-turn
|move|p1a: Hydrapple|Fickle Beam|p2a: Iron Leaves|[anim] Fickle Beam All Out
|-activate|p1a: Hydrapple|move: Fickle Beam
|-damage|p2a: Iron Leaves|25/100
|
|upkeep
|turn|33
|
|t:|1758260303
|switch|p1a: Hatterene|Hatterene, F|42/100
|move|p2a: Iron Leaves|Leaf Blade|p1a: Hatterene
|-damage|p1a: Hatterene|7/100
|
|-heal|p1a: Hatterene|13/100|[from] item: Leftovers
|upkeep
|turn|34
|
|t:|1758260313
|move|p2a: Iron Leaves|Leaf Blade|p1a: Hatterene
|-damage|p1a: Hatterene|0 fnt
|faint|p1a: Hatterene
|
|upkeep
|
|t:|1758260314
|switch|p1a: Hydrapple|Hydrapple, F|60/100
|turn|35
|
|t:|1758260321
|switch|p1a: Iron Hands|Iron Hands|100/100
|move|p2a: Iron Leaves|Close Combat|p1a: Iron Hands
|-damage|p1a: Iron Hands|75/100
|-unboost|p2a: Iron Leaves|def|1
|-unboost|p2a: Iron Leaves|spd|1
|
|-heal|p1a: Iron Hands|81/100|[from] item: Leftovers
|upkeep
|turn|36
|
|t:|1758260328
|-end|p1a: Iron Hands|Quark Drive|[silent]
|switch|p1a: Hydrapple|Hydrapple, F|94/100
|move|p2a: Iron Leaves|Gravity|p2a: Iron Leaves
|-fieldstart|move: Gravity
|
|upkeep
|turn|37
|
|t:|1758260332
|move|p2a: Iron Leaves|Close Combat|p1a: Hydrapple
|-damage|p1a: Hydrapple|73/100
|-unboost|p2a: Iron Leaves|def|1
|-unboost|p2a: Iron Leaves|spd|1
|-damage|p2a: Iron Leaves|8/100|[from] item: Rocky Helmet|[of] p1a: Hydrapple
|move|p1a: Hydrapple|Giga Drain|p2a: Iron Leaves
|-resisted|p2a: Iron Leaves
|-damage|p2a: Iron Leaves|0 fnt
|-heal|p1a: Hydrapple|76/100|[from] drain|[of] p2a: Iron Leaves
|faint|p2a: Iron Leaves
|-end|p2a: Iron Leaves|Quark Drive|[silent]
|
|upkeep
|
|t:|1758260338
|switch|p2a: Chandelure|Chandelure, M|100/100
|turn|38
|
|t:|1758260348
|move|p2a: Chandelure|Inferno|p1a: Hydrapple
|-damage|p1a: Hydrapple|20/100
|-status|p1a: Hydrapple|brn
|move|p1a: Hydrapple|Earth Power|p2a: Chandelure
|-supereffective|p2a: Chandelure
|-damage|p2a: Chandelure|31/100
|-unboost|p2a: Chandelure|spd|1
|
|-damage|p1a: Hydrapple|14/100 brn|[from] brn
|upkeep
|turn|39
|
|t:|1758260362
|move|p2a: Chandelure|Inferno|p1a: Hydrapple
|-damage|p1a: Hydrapple|0 fnt
|faint|p1a: Hydrapple
|
|upkeep
|
|t:|1758260363
|switch|p1a: Iron Hands|Iron Hands|81/100
|turn|40
|
|t:|1758260365
|move|p2a: Chandelure|Inferno|p1a: Iron Hands
|-damage|p1a: Iron Hands|31/100
|-status|p1a: Iron Hands|brn
|move|p1a: Iron Hands|Wild Charge|p2a: Chandelure
|-damage|p2a: Chandelure|0 fnt
|faint|p2a: Chandelure
|-damage|p1a: Iron Hands|27/100 brn|[from] Recoil
|
|-heal|p1a: Iron Hands|33/100 brn|[from] item: Leftovers
|-damage|p1a: Iron Hands|27/100 brn|[from] brn
|-fieldend|move: Gravity
|upkeep
|
|t:|1758260368
|switch|p2a: Landorus|Landorus-Therian, M|67/100
|-ability|p2a: Landorus|Intimidate|boost
|-unboost|p1a: Iron Hands|atk|1
|turn|41
|inactive|Truffle buddah has 120 seconds left.
|inactive|Truffle buddah has 90 seconds left.
|
|t:|1758260453
|move|p2a: Landorus|Earthquake|p1a: Iron Hands
|-supereffective|p1a: Iron Hands
|-damage|p1a: Iron Hands|0 fnt
|faint|p1a: Iron Hands
|-end|p1a: Iron Hands|Quark Drive|[silent]
|
|win|Eight Five
|raw|Truffle buddah's rating: 1663 &rarr; <strong>1641</strong><br />(-22 for losing)
|raw|Eight Five's rating: 1634 &rarr; <strong>1656</strong><br />(+22 for winning)
|l|☆Truffle buddah
|player|p1|
|l|☆Eight Five
|player|p2|
