|j|☆MJS1998
|j|☆banjin
|t:|1758372694
|gametype|singles
|player|p1|MJS1998|cynthia-gen4|1436
|player|p2|banjin|beauty-gen6xy|1428
|gen|9
|tier|[Gen 9] OU
|rated|
|rule|HP Percentage Mod: HP is shown in percentages
|rule|Endless Battle Clause: Forcing endless battles is banned
|rule|Species Clause: Limit one of each Pokémon
|rule|OHKO Clause: OHKO moves are banned
|rule|Evasion Items Clause: Evasion items are banned
|rule|Evasion Moves Clause: Evasion moves are banned
|rule|Evasion Abilities Clause: Evasion abilities are banned
|rule|Sleep Moves Clause: Sleep-inducing moves are banned
|clearpoke
|poke|p1|Alomomola, F|
|poke|p1|Slowking-Galar, F|
|poke|p1|Enamorus, F|
|poke|p1|Meowscarada, F|
|poke|p1|Iron Crown|
|poke|p1|Great Tusk|
|poke|p2|Minior-Blue|
|poke|p2|Lokix, F|
|poke|p2|Thundurus-Therian, M|
|poke|p2|Muk-Alola, M|
|poke|p2|Emboar, F|
|poke|p2|Ditto|
|teampreview
|inactive|Battle timer is ON: inactive players will automatically lose when time's up. (requested by banjin)
|
|t:|1758372720
|teamsize|p1|6
|teamsize|p2|6
|start
|switch|p1a: Meowscarada|Meowscarada, F|100/100
|switch|p2a: Beppo|Muk-Alola, M|100/100
|turn|1
|
|t:|1758372731
|move|p1a: Meowscarada|U-turn|p2a: Beppo
|-start|p1a: Meowscarada|typechange|Bug|[from] ability: Protean
|-damage|p2a: Beppo|68/100
|
|t:|1758372736
|switch|p1a: Alomomola|Alomomola, F|100/100|[from] U-turn
|move|p2a: Beppo|Knock Off|p1a: Alomomola
|-damage|p1a: Alomomola|73/100
|-damage|p2a: Beppo|51/100|[from] item: Rocky Helmet|[of] p1a: Alomomola
|-enditem|p1a: Alomomola|Rocky Helmet|[from] move: Knock Off|[of] p2a: Beppo
|
|upkeep
|turn|2
|
|t:|1758372751
|switch|p2a: Paws|Thundurus-Therian, M|100/100
|move|p1a: Alomomola|Scald|p2a: Paws
|-damage|p2a: Paws|81/100
|-status|p2a: Paws|brn
|
|-damage|p2a: Paws|75/100 brn|[from] brn
|upkeep
|turn|3
|
|t:|1758372765
|move|p1a: Alomomola|Protect|p1a: Alomomola
|-singleturn|p1a: Alomomola|Protect
|move|p2a: Paws|Nasty Plot|p2a: Paws
|-boost|p2a: Paws|spa|2
|
|-damage|p2a: Paws|69/100 brn|[from] brn
|upkeep
|turn|4
|
|t:|1758372770
|switch|p1a: Slowking|Slowking-Galar, F|100/100
|move|p2a: Paws|Agility|p2a: Paws
|-boost|p2a: Paws|spe|2
|
|-damage|p2a: Paws|63/100 brn|[from] brn
|upkeep
|turn|5
|
|t:|1758372777
|move|p2a: Paws|Nasty Plot|p2a: Paws
|-boost|p2a: Paws|spa|2
|move|p1a: Slowking|Sludge Bomb|p2a: Paws
|-damage|p2a: Paws|0 fnt
|faint|p2a: Paws
|
|upkeep
|
|t:|1758372803
|switch|p2a: Mr. Brightside|Minior-Blue|100/100
|-formechange|p2a: Mr. Brightside|Minior-Meteor||[from] ability: Shields Down
|turn|6
|
|t:|1758372819
|move|p2a: Mr. Brightside|Shell Smash|p2a: Mr. Brightside
|-unboost|p2a: Mr. Brightside|def|1
|-unboost|p2a: Mr. Brightside|spd|1
|-boost|p2a: Mr. Brightside|atk|2
|-boost|p2a: Mr. Brightside|spa|2
|-boost|p2a: Mr. Brightside|spe|2
|-enditem|p2a: Mr. Brightside|White Herb
|-clearnegativeboost|p2a: Mr. Brightside|[silent]
|move|p1a: Slowking|Ice Beam|p2a: Mr. Brightside
|-supereffective|p2a: Mr. Brightside
|-damage|p2a: Mr. Brightside|26/100
|
|-formechange|p2a: Mr. Brightside|Minior-Blue||[from] ability: Shields Down
|upkeep
|turn|7
|
|t:|1758372833
|switch|p1a: Alomomola|Alomomola, F|100/100
|move|p2a: Mr. Brightside|Earthquake|p1a: Alomomola
|-crit|p1a: Alomomola
|-damage|p1a: Alomomola|54/100
|
|upkeep
|turn|8
|
|t:|1758372839
|move|p2a: Mr. Brightside|Acrobatics|p1a: Alomomola
|-damage|p1a: Alomomola|0 fnt
|faint|p1a: Alomomola
|
|upkeep
|
|t:|1758372855
|switch|p1a: Great Tusk|Great Tusk|100/100
|turn|9
|
|t:|1758372859
|-terastallize|p1a: Great Tusk|Steel
|move|p2a: Mr. Brightside|Substitute|p2a: Mr. Brightside
|-start|p2a: Mr. Brightside|Substitute
|-damage|p2a: Mr. Brightside|1/100
|move|p1a: Great Tusk|Close Combat|p2a: Mr. Brightside
|-end|p2a: Mr. Brightside|Substitute
|-unboost|p1a: Great Tusk|def|1
|-unboost|p1a: Great Tusk|spd|1
|-enditem|p1a: Great Tusk|Eject Pack
|
|t:|1758372870
|-end|p1a: Great Tusk|Protosynthesis|[silent]
|switch|p1a: Meowscarada|Meowscarada, F|100/100
|
|upkeep
|turn|10
|
|t:|1758372875
|move|p2a: Mr. Brightside|Acrobatics|p1a: Meowscarada
|-supereffective|p1a: Meowscarada
|-damage|p1a: Meowscarada|0 fnt
|faint|p1a: Meowscarada
|
|upkeep
|
|t:|1758372880
|switch|p1a: Iron Crown|Iron Crown|100/100
|turn|11
|
|t:|1758372883
|move|p2a: Mr. Brightside|Earthquake|p1a: Iron Crown
|-supereffective|p1a: Iron Crown
|-damage|p1a: Iron Crown|0 fnt
|faint|p1a: Iron Crown
|-end|p1a: Iron Crown|Quark Drive|[silent]
|
|upkeep
|
|t:|1758372885
|switch|p1a: Great Tusk|Great Tusk, tera:Steel|100/100
|turn|12
|
|t:|1758372889
|-terastallize|p2a: Mr. Brightside|Ghost
|move|p2a: Mr. Brightside|Earthquake|p1a: Great Tusk
|-supereffective|p1a: Great Tusk
|-damage|p1a: Great Tusk|16/100
|move|p1a: Great Tusk|Rapid Spin|p2a: Mr. Brightside
|-immune|p2a: Mr. Brightside
|
|upkeep
|turn|13
|c|☆banjin|gg
|
|t:|1758372906
|move|p2a: Mr. Brightside|Acrobatics|p1a: Great Tusk
|-resisted|p1a: Great Tusk
|-damage|p1a: Great Tusk|0 fnt
|faint|p1a: Great Tusk
|-end|p1a: Great Tusk|Protosynthesis|[silent]
|
|upkeep
|-message|MJS1998 forfeited.
|
|win|banjin
|raw|MJS1998's rating: 1436 &rarr; <strong>1416</strong><br />(-20 for losing)
|raw|banjin's rating: 1428 &rarr; <strong>1448</strong><br />(+20 for winning)
|l|☆MJS1998
|player|p1|
|l|☆banjin
|player|p2|
