|j|☆lilpoem
|j|‽Athfive
|t:|1758270148
|gametype|singles
|player|p1|lilpoem|maid|1286
|player|p2|Athfive|palmer|1310
|gen|9
|tier|[Gen 9] OU
|rated|
|rule|HP Percentage Mod: HP is shown in percentages
|rule|Endless Battle Clause: Forcing endless battles is banned
|rule|Species Clause: Limit one of each Pokémon
|rule|OHKO Clause: OHKO moves are banned
|rule|Evasion Items Clause: Evasion items are banned
|rule|Evasion Moves Clause: Evasion moves are banned
|rule|Evasion Abilities Clause: Evasion abilities are banned
|rule|Sleep Moves Clause: Sleep-inducing moves are banned
|clearpoke
|poke|p1|Okidogi, M|
|poke|p1|Kommo-o, M|
|poke|p1|Zamazenta-*|
|poke|p1|Iron Hands|
|poke|p1|Iron Valiant|
|poke|p1|Great Tusk|
|poke|p2|Tyranitar, F|
|poke|p2|Dragonite, F|
|poke|p2|Quagsire, F|
|poke|p2|Great Tusk|
|poke|p2|Houndstone, F|
|poke|p2|Kingambit, F|
|teampreview
|inactive|Battle timer is ON: inactive players will automatically lose when time's up. (requested by lilpoem)
|
|t:|1758270162
|teamsize|p1|6
|teamsize|p2|6
|start
|switch|p1a: KOKO The Gorrila|Okidogi, M|100/100
|switch|p2a: Tyranitar|Tyranitar, F|100/100
|-weather|Sandstorm|[from] ability: Sand Stream|[of] p2a: Tyranitar
|turn|1
|
|t:|1758270166
|-terastallize|p2a: Tyranitar|Flying
|move|p2a: Tyranitar|Stone Edge|p1a: KOKO The Gorrila
|-resisted|p1a: KOKO The Gorrila
|-damage|p1a: KOKO The Gorrila|64/100
|move|p1a: KOKO The Gorrila|Close Combat|p2a: Tyranitar
|-resisted|p2a: Tyranitar
|-damage|p2a: Tyranitar|67/100
|-unboost|p1a: KOKO The Gorrila|def|1
|-unboost|p1a: KOKO The Gorrila|spd|1
|
|-weather|Sandstorm|[upkeep]
|-damage|p2a: Tyranitar|61/100|[from] Sandstorm
|-damage|p1a: KOKO The Gorrila|58/100|[from] Sandstorm
|upkeep
|turn|2
|
|t:|1758270180
|switch|p2a: Kingambit|Kingambit, F|100/100
|switch|p1a: Bruce Lee|Kommo-o, M|100/100
|
|-weather|Sandstorm|[upkeep]
|-damage|p1a: Bruce Lee|95/100|[from] Sandstorm
|upkeep
|turn|3
|
|t:|1758270187
|-end|p2a: Kingambit|fallenundefined|[silent]
|switch|p2a: Houndstone|Houndstone, F|100/100
|move|p1a: Bruce Lee|Clangorous Soul|p1a: Bruce Lee
|-boost|p1a: Bruce Lee|atk|1
|-boost|p1a: Bruce Lee|def|1
|-boost|p1a: Bruce Lee|spa|1
|-boost|p1a: Bruce Lee|spd|1
|-boost|p1a: Bruce Lee|spe|1
|-damage|p1a: Bruce Lee|62/100
|-enditem|p1a: Bruce Lee|Throat Spray
|-boost|p1a: Bruce Lee|spa|1|[from] item: Throat Spray
|
|-weather|Sandstorm|[upkeep]
|-damage|p1a: Bruce Lee|56/100|[from] Sandstorm
|upkeep
|turn|4
|
|t:|1758270197
|move|p2a: Houndstone|Play Rough|p1a: Bruce Lee
|-supereffective|p1a: Bruce Lee
|-damage|p1a: Bruce Lee|0 fnt
|faint|p1a: Bruce Lee
|
|-weather|Sandstorm|[upkeep]
|upkeep
|
|t:|1758270206
|switch|p1a: KOKO The Gorrila|Okidogi, M|58/100
|turn|5
|c|☆lilpoem|Some bs
|
|t:|1758270222
|switch|p2a: Great Tusk|Great Tusk|100/100
|move|p1a: KOKO The Gorrila|Fling|p2a: Great Tusk
|-resisted|p2a: Great Tusk
|-damage|p2a: Great Tusk|96/100
|-status|p2a: Great Tusk|par
|-enditem|p1a: KOKO The Gorrila|Light Ball|[from] move: Fling
|
|-weather|none
|upkeep
|turn|6
|
|t:|1758270229
|move|p1a: KOKO The Gorrila|Ice Punch|p2a: Great Tusk
|-supereffective|p2a: Great Tusk
|-damage|p2a: Great Tusk|58/100 par
|cant|p2a: Great Tusk|par
|
|upkeep
|turn|7
|
|t:|1758270235
|move|p1a: KOKO The Gorrila|Ice Punch|p2a: Great Tusk
|-supereffective|p2a: Great Tusk
|-damage|p2a: Great Tusk|19/100 par
|move|p2a: Great Tusk|Headlong Rush|p1a: KOKO The Gorrila
|-supereffective|p1a: KOKO The Gorrila
|-damage|p1a: KOKO The Gorrila|0 fnt
|-unboost|p2a: Great Tusk|def|1
|-unboost|p2a: Great Tusk|spd|1
|faint|p1a: KOKO The Gorrila
|
|upkeep
|
|t:|1758270242
|switch|p1a: Great Twump|Great Tusk|100/100
|-enditem|p1a: Great Twump|Booster Energy
|-activate|p1a: Great Twump|ability: Protosynthesis|[fromitem]
|-start|p1a: Great Twump|protosynthesisatk
|turn|8
|
|t:|1758270245
|-end|p2a: Great Tusk|Protosynthesis|[silent]
|switch|p2a: Dragonite|Dragonite, F|100/100
|move|p1a: Great Twump|Rapid Spin|p2a: Dragonite
|-damage|p2a: Dragonite|88/100
|-boost|p1a: Great Twump|spe|1
|
|upkeep
|turn|9
|
|t:|1758270248
|move|p1a: Great Twump|Ice Spinner|p2a: Dragonite
|-supereffective|p2a: Dragonite
|-damage|p2a: Dragonite|0 fnt
|faint|p2a: Dragonite
|
|upkeep
|
|t:|1758270254
|switch|p2a: Quagsire|Quagsire, F|100/100
|turn|10
|
|t:|1758270258
|move|p1a: Great Twump|Earthquake|p2a: Quagsire
|-damage|p2a: Quagsire|26/100
|move|p2a: Quagsire|Liquidation|p1a: Great Twump
|-supereffective|p1a: Great Twump
|-damage|p1a: Great Twump|29/100
|
|upkeep
|turn|11
|
|t:|1758270270
|move|p1a: Great Twump|Earthquake|p2a: Quagsire
|-damage|p2a: Quagsire|0 fnt
|faint|p2a: Quagsire
|
|upkeep
|
|t:|1758270278
|switch|p2a: Tyranitar|Tyranitar, F, tera:Flying|61/100
|-weather|Sandstorm|[from] ability: Sand Stream|[of] p2a: Tyranitar
|turn|12
|
|t:|1758270282
|move|p1a: Great Twump|Ice Spinner|p2a: Tyranitar
|-supereffective|p2a: Tyranitar
|-damage|p2a: Tyranitar|0 fnt
|faint|p2a: Tyranitar
|
|-weather|Sandstorm|[upkeep]
|upkeep
|
|t:|1758270285
|switch|p2a: Houndstone|Houndstone, F|100/100
|turn|13
|
|t:|1758270288
|move|p2a: Houndstone|Poltergeist||[still]
|-fail|p2a: Houndstone
|move|p1a: Great Twump|Earthquake|p2a: Houndstone
|-damage|p2a: Houndstone|8/100
|
|-weather|Sandstorm|[upkeep]
|upkeep
|turn|14
|
|t:|1758270297
|move|p2a: Houndstone|Poltergeist||[still]
|-fail|p2a: Houndstone
|move|p1a: Great Twump|Earthquake|p2a: Houndstone
|-crit|p2a: Houndstone
|-damage|p2a: Houndstone|0 fnt
|faint|p2a: Houndstone
|
|-weather|Sandstorm|[upkeep]
|upkeep
|
|t:|1758270299
|switch|p2a: Kingambit|Kingambit, F|100/100
|-activate|p2a: Kingambit|ability: Supreme Overlord
|-start|p2a: Kingambit|fallen4|[silent]
|turn|15
|c|☆lilpoem|Gg
|
|t:|1758270304
|move|p2a: Kingambit|Sucker Punch|p1a: Great Twump
|-resisted|p1a: Great Twump
|-damage|p1a: Great Twump|0 fnt
|faint|p1a: Great Twump
|-end|p1a: Great Twump|Protosynthesis|[silent]
|
|-weather|Sandstorm|[upkeep]
|upkeep
|
|t:|1758270307
|switch|p1a: Diamond Hands|Iron Hands|100/100
|-enditem|p1a: Diamond Hands|Booster Energy
|-activate|p1a: Diamond Hands|ability: Quark Drive|[fromitem]
|-start|p1a: Diamond Hands|quarkdriveatk
|turn|16
|-message|Athfive forfeited.
|
|win|lilpoem
|raw|lilpoem's rating: 1286 &rarr; <strong>1313</strong><br />(+27 for winning)
|raw|Athfive's rating: 1310 &rarr; <strong>1289</strong><br />(-21 for losing)
|l|‽Athfive
|player|p2|
|l|☆lilpoem
|player|p1|
