|j|☆underm1nd
|j|☆AvrTingluPlayer
|t:|1758281528
|gametype|singles
|player|p1|underm1nd|101|1383
|player|p2|AvrTingluPlayer|ethan|1366
|gen|9
|tier|[Gen 9] OU
|rated|
|rule|HP Percentage Mod: HP is shown in percentages
|rule|Endless Battle Clause: Forcing endless battles is banned
|rule|Species Clause: Limit one of each Pokémon
|rule|OHKO Clause: OHKO moves are banned
|rule|Evasion Items Clause: Evasion items are banned
|rule|Evasion Moves Clause: Evasion moves are banned
|rule|Evasion Abilities Clause: Evasion abilities are banned
|rule|Sleep Moves Clause: Sleep-inducing moves are banned
|clearpoke
|poke|p1|Meowscarada, F|
|poke|p1|Dragapult, M|
|poke|p1|Slowking-Galar, M|
|poke|p1|Landorus-Therian, M|
|poke|p1|Darkrai|
|poke|p1|Kingambit, M|
|poke|p2|Araquanid, F|
|poke|p2|Gholdengo|
|poke|p2|Kyurem|
|poke|p2|Samurott-Hisui, F|
|poke|p2|Great Tusk|
|poke|p2|Rillaboom, M|
|teampreview
|inactive|Battle timer is ON: inactive players will automatically lose when time's up. (requested by AvrTingluPlayer)
|inactive|underm1nd has 120 seconds left.
|
|t:|1758281582
|teamsize|p1|6
|teamsize|p2|6
|start
|switch|p1a: Meowscarada|Meowscarada, F|100/100
|switch|p2a: Rillaboom|Rillaboom, M|100/100
|-fieldstart|move: Grassy Terrain|[from] ability: Grassy Surge|[of] p2a: Rillaboom
|turn|1
|inactive|underm1nd has 120 seconds left.
|
|t:|1758281615
|move|p1a: Meowscarada|U-turn|p2a: Rillaboom
|-start|p1a: Meowscarada|typechange|Bug|[from] ability: Protean
|-supereffective|p2a: Rillaboom
|-damage|p2a: Rillaboom|34/100
|inactive|underm1nd has 120 seconds left.
|
|t:|1758281626
|switch|p1a: Landorus|Landorus-Therian, M|100/100|[from] U-turn
|-ability|p1a: Landorus|Intimidate|boost
|-unboost|p2a: Rillaboom|atk|1
|move|p2a: Rillaboom|Wood Hammer|p1a: Landorus
|-crit|p1a: Landorus
|-damage|p1a: Landorus|0 fnt
|-damage|p2a: Rillaboom|17/100|[from] item: Rocky Helmet|[of] p1a: Landorus
|faint|p1a: Landorus
|-damage|p2a: Rillaboom|0 fnt|[from] Recoil
|faint|p2a: Rillaboom
|
|upkeep
|inactive|underm1nd has 90 seconds left.
|
|t:|1758281657
|switch|p1a: Meowscarada|Meowscarada, F|100/100
|switch|p2a: Araquanid|Araquanid, F|100/100
|turn|2
|
|t:|1758281670
|move|p1a: Meowscarada|Knock Off|p2a: Araquanid
|-start|p1a: Meowscarada|typechange|Dark|[from] ability: Protean
|-damage|p2a: Araquanid|63/100
|-enditem|p2a: Araquanid|Custap Berry|[from] move: Knock Off|[of] p1a: Meowscarada
|move|p2a: Araquanid|Sticky Web|p1a: Meowscarada
|-sidestart|p1: underm1nd|move: Sticky Web
|
|-heal|p2a: Araquanid|69/100|[from] Grassy Terrain
|upkeep
|turn|3
|
|t:|1758281679
|move|p1a: Meowscarada|Spikes|p2a: Araquanid
|-sidestart|p2: AvrTingluPlayer|Spikes
|move|p2a: Araquanid|Infestation|p1a: Meowscarada
|-supereffective|p1a: Meowscarada
|-damage|p1a: Meowscarada|88/100
|-activate|p1a: Meowscarada|move: Infestation|[of] p2a: Araquanid
|
|-heal|p1a: Meowscarada|94/100|[from] Grassy Terrain
|-heal|p2a: Araquanid|75/100|[from] Grassy Terrain
|-damage|p1a: Meowscarada|82/100|[from] move: Infestation|[partiallytrapped]
|upkeep
|turn|4
|
|t:|1758281684
|move|p1a: Meowscarada|Spikes|p2a: Araquanid
|-sidestart|p2: AvrTingluPlayer|Spikes
|move|p2a: Araquanid|Liquidation|p1a: Meowscarada
|-damage|p1a: Meowscarada|17/100
|
|-heal|p1a: Meowscarada|23/100|[from] Grassy Terrain
|-heal|p2a: Araquanid|82/100|[from] Grassy Terrain
|-damage|p1a: Meowscarada|11/100|[from] move: Infestation|[partiallytrapped]
|upkeep
|turn|5
|inactive|underm1nd has 90 seconds left.
|inactive|underm1nd has 60 seconds left.
|
|t:|1758281749
|move|p1a: Meowscarada|U-turn|p2a: Araquanid
|-damage|p2a: Araquanid|66/100
|
|t:|1758281757
|switch|p1a: Dragapult|Dragapult, M|100/100|[from] U-turn
|move|p2a: Araquanid|Liquidation|p1a: Dragapult
|-resisted|p1a: Dragapult
|-damage|p1a: Dragapult|72/100
|-unboost|p1a: Dragapult|def|1
|
|-heal|p1a: Dragapult|78/100|[from] Grassy Terrain
|-heal|p2a: Araquanid|72/100|[from] Grassy Terrain
|-fieldend|move: Grassy Terrain
|upkeep
|turn|6
|inactive|underm1nd has 60 seconds left.
|
|t:|1758281766
|move|p1a: Dragapult|Dragon Darts|p2a: Araquanid
|-damage|p2a: Araquanid|54/100
|-anim|p1a: Dragapult|Dragon Darts|p2a: Araquanid
|-damage|p2a: Araquanid|39/100
|move|p2a: Araquanid|Liquidation|p1a: Dragapult
|-resisted|p1a: Dragapult
|-damage|p1a: Dragapult|34/100
|
|upkeep
|turn|7
|inactive|underm1nd has 60 seconds left.
|
|t:|1758281785
|move|p1a: Dragapult|U-turn|p2a: Araquanid
|-damage|p2a: Araquanid|23/100
|
|t:|1758281788
|switch|p1a: Slowking|Slowking-Galar, M|100/100|[from] U-turn
|move|p2a: Araquanid|Liquidation|p1a: Slowking
|-damage|p1a: Slowking|59/100
|
|upkeep
|turn|8
|
|t:|1758281796
|move|p2a: Araquanid|Liquidation|p1a: Slowking
|-damage|p1a: Slowking|15/100
|-prepare|p1a: Slowking|Chilly Reception|[premajor]
|move|p1a: Slowking|Chilly Reception|p1a: Slowking
|-weather|Snowscape
|
|t:|1758281800
|switch|p1a: Dragapult|Dragapult, M|34/100|[from] Chilly Reception
|
|-weather|Snowscape|[upkeep]
|upkeep
|turn|9
|
|t:|1758281805
|move|p1a: Dragapult|Dragon Darts|p2a: Araquanid
|-damage|p2a: Araquanid|5/100
|-anim|p1a: Dragapult|Dragon Darts|p2a: Araquanid
|-damage|p2a: Araquanid|0 fnt
|faint|p2a: Araquanid
|
|-weather|Snowscape|[upkeep]
|upkeep
|
|t:|1758281819
|switch|p2a: Samurott|Samurott-Hisui, F|100/100
|-damage|p2a: Samurott|84/100|[from] Spikes
|turn|10
|inactive|underm1nd has 90 seconds left.
|
|t:|1758281832
|move|p2a: Samurott|Sucker Punch||[still]
|-fail|p2a: Samurott
|move|p1a: Dragapult|Will-O-Wisp|p2a: Samurott
|-status|p2a: Samurott|brn
|
|-weather|Snowscape|[upkeep]
|-damage|p2a: Samurott|78/100 brn|[from] brn
|upkeep
|turn|11
|inactive|underm1nd has 90 seconds left.
|inactive|underm1nd has 60 seconds left.
|
|t:|1758281869
|move|p1a: Dragapult|U-turn|p2a: Samurott
|-supereffective|p2a: Samurott
|-damage|p2a: Samurott|23/100 brn
|inactive|underm1nd has 60 seconds left.
|
|t:|1758281875
|switch|p1a: Meowscarada|Meowscarada, F|11/100|[from] U-turn
|move|p2a: Samurott|Ceaseless Edge|p1a: Meowscarada
|-resisted|p1a: Meowscarada
|-damage|p1a: Meowscarada|0 fnt
|-sidestart|p1: underm1nd|Spikes
|faint|p1a: Meowscarada
|-damage|p2a: Samurott|13/100 brn|[from] item: Life Orb
|
|-weather|Snowscape|[upkeep]
|-damage|p2a: Samurott|7/100 brn|[from] brn
|upkeep
|inactive|underm1nd has 60 seconds left.
|inactive|underm1nd has 30 seconds left.
|
|t:|1758281911
|switch|p1a: Darkrai|Darkrai|100/100
|turn|12
|
|t:|1758281915
|move|p1a: Darkrai|Nasty Plot|p1a: Darkrai
|-boost|p1a: Darkrai|spa|2
|move|p2a: Samurott|Razor Shell|p1a: Darkrai
|-damage|p1a: Darkrai|59/100
|-unboost|p1a: Darkrai|def|1
|-damage|p2a: Samurott|0 fnt|[from] item: Life Orb
|faint|p2a: Samurott
|
|-weather|none
|upkeep
|inactive|AvrTingluPlayer has 120 seconds left.
|inactive|AvrTingluPlayer has 90 seconds left.
|
|t:|1758281977
|switch|p2a: Great Tusk|Great Tusk|100/100
|turn|13
|
|t:|1758281987
|move|p1a: Darkrai|Ice Beam|p2a: Great Tusk
|-supereffective|p2a: Great Tusk
|-damage|p2a: Great Tusk|0 fnt
|faint|p2a: Great Tusk
|-end|p2a: Great Tusk|Protosynthesis|[silent]
|
|upkeep
|
|t:|1758281990
|switch|p2a: Gholdengo|Gholdengo|100/100
|-item|p2a: Gholdengo|Air Balloon
|turn|14
|
|t:|1758281995
|-terastallize|p2a: Gholdengo|Water
|move|p1a: Darkrai|Dark Pulse|p2a: Gholdengo
|-damage|p2a: Gholdengo|14/100
|-enditem|p2a: Gholdengo|Air Balloon
|move|p2a: Gholdengo|Thunder Wave|p1a: Darkrai
|-status|p1a: Darkrai|par
|
|upkeep
|turn|15
|inactive|AvrTingluPlayer has 120 seconds left.
|inactive|underm1nd has 60 seconds left.
|
|t:|1758282005
|move|p2a: Gholdengo|Make It Rain|p1a: Darkrai
|-damage|p1a: Darkrai|0 fnt
|-unboost|p2a: Gholdengo|spa|1
|faint|p1a: Darkrai
|
|upkeep
|inactive|underm1nd has 60 seconds left.
|
|t:|1758282019
|switch|p1a: Kingambit|Kingambit, M|100/100
|-activate|p1a: Kingambit|ability: Supreme Overlord
|-start|p1a: Kingambit|fallen3|[silent]
|turn|16
|inactive|underm1nd has 60 seconds left.
|
|t:|1758282026
|-end|p1a: Kingambit|fallen3|[silent]
|switch|p1a: Slowking|Slowking-Galar, M|48/100
|move|p2a: Gholdengo|Thunder Wave|p1a: Slowking
|-status|p1a: Slowking|par
|
|upkeep
|turn|17
|
|t:|1758282030
|move|p2a: Gholdengo|Recover|p2a: Gholdengo
|-heal|p2a: Gholdengo|64/100
|-prepare|p1a: Slowking|Chilly Reception|[premajor]
|cant|p1a: Slowking|par
|
|upkeep
|turn|18
|
|t:|1758282035
|move|p2a: Gholdengo|Hex|p1a: Slowking
|-supereffective|p1a: Slowking
|-damage|p1a: Slowking|6/100 par
|-prepare|p1a: Slowking|Chilly Reception|[premajor]
|move|p1a: Slowking|Chilly Reception|p1a: Slowking
|-weather|Snowscape
|
|t:|1758282047
|switch|p1a: Kingambit|Kingambit, M|100/100|[from] Chilly Reception
|-activate|p1a: Kingambit|ability: Supreme Overlord
|-start|p1a: Kingambit|fallen3|[silent]
|
|-weather|Snowscape|[upkeep]
|upkeep
|turn|19
|
|t:|1758282074
|switch|p2a: Kyurem|Kyurem|100/100
|-damage|p2a: Kyurem|84/100|[from] Spikes
|-ability|p2a: Kyurem|Pressure
|move|p1a: Kingambit|Swords Dance|p1a: Kingambit
|-boost|p1a: Kingambit|atk|2
|
|-weather|Snowscape|[upkeep]
|upkeep
|turn|20
|inactive|underm1nd has 90 seconds left.
|
|t:|1758282090
|-terastallize|p1a: Kingambit|Fairy
|move|p2a: Kyurem|Earth Power|p1a: Kingambit
|-damage|p1a: Kingambit|47/100
|move|p1a: Kingambit|Iron Head|p2a: Kyurem
|-supereffective|p2a: Kyurem
|-damage|p2a: Kyurem|0 fnt
|faint|p2a: Kyurem
|
|-weather|Snowscape|[upkeep]
|upkeep
|
|t:|1758282095
|switch|p2a: Gholdengo|Gholdengo, tera:Water|64/100
|-damage|p2a: Gholdengo|47/100|[from] Spikes
|turn|21
|
|t:|1758282100
|move|p1a: Kingambit|Sucker Punch|p2a: Gholdengo
|-damage|p2a: Gholdengo|0 fnt
|faint|p2a: Gholdengo
|
|win|underm1nd
|raw|underm1nd's rating: 1383 &rarr; <strong>1402</strong><br />(+19 for winning)
|raw|AvrTingluPlayer's rating: 1366 &rarr; <strong>1347</strong><br />(-19 for losing)
|l|☆AvrTingluPlayer
|player|p2|
