|j|☆Ancia
|j|‽zoysebas875
|t:|1758278790
|gametype|singles
|player|p1|Ancia|266|1406
|player|p2|zoysebas875|169|1400
|gen|9
|tier|[Gen 9] OU
|rated|
|rule|HP Percentage Mod: HP is shown in percentages
|rule|Endless Battle Clause: Forcing endless battles is banned
|rule|Species Clause: Limit one of each Pokémon
|rule|OHKO Clause: OHKO moves are banned
|rule|Evasion Items Clause: Evasion items are banned
|rule|Evasion Moves Clause: Evasion moves are banned
|rule|Evasion Abilities Clause: Evasion abilities are banned
|rule|Sleep Moves Clause: Sleep-inducing moves are banned
|clearpoke
|poke|p1|Hatterene, F|
|poke|p1|Ceruledge, M|
|poke|p1|Hydrapple, M|
|poke|p1|Milotic, F|
|poke|p1|Gallade, M|
|poke|p1|Glimmora, M|
|poke|p2|Pelipper, F|
|poke|p2|Barraskewda, M|
|poke|p2|Zapdos|
|poke|p2|Goodra-Hisui, M|
|poke|p2|Gholdengo|
|poke|p2|Walking Wake|
|teampreview
|
|t:|1758278796
|teamsize|p1|6
|teamsize|p2|6
|start
|switch|p1a: Glimmora|Glimmora, M|100/100
|switch|p2a: Pelipper|Pelipper, F|100/100
|-weather|RainDance|[from] ability: Drizzle|[of] p2a: Pelipper
|turn|1
|
|t:|1758278811
|switch|p2a: Gholdengo|Gholdengo|100/100
|-item|p2a: Gholdengo|Air Balloon
|move|p1a: Glimmora|Meteor Beam||[still]
|-prepare|p1a: Glimmora|Meteor Beam
|-boost|p1a: Glimmora|spa|1
|-enditem|p1a: Glimmora|Power Herb
|-anim|p1a: Glimmora|Meteor Beam|p2a: Gholdengo
|-resisted|p2a: Gholdengo
|-damage|p2a: Gholdengo|44/100
|-enditem|p2a: Gholdengo|Air Balloon
|
|-weather|RainDance|[upkeep]
|upkeep
|turn|2
|
|t:|1758278822
|move|p1a: Glimmora|Earth Power|p2a: Gholdengo
|-supereffective|p2a: Gholdengo
|-damage|p2a: Gholdengo|0 fnt
|faint|p2a: Gholdengo
|
|-weather|RainDance|[upkeep]
|upkeep
|
|t:|1758278827
|switch|p2a: Barraskewda|Barraskewda, M|100/100
|turn|3
|
|t:|1758278836
|move|p2a: Barraskewda|Flip Turn|p1a: Glimmora
|-supereffective|p1a: Glimmora
|-damage|p1a: Glimmora|0 fnt
|-activate|p1a: Glimmora|ability: Toxic Debris
|-sidestart|p2: zoysebas875|move: Toxic Spikes
|faint|p1a: Glimmora
|
|t:|1758278843
|switch|p2a: Zapdos|Zapdos|100/100|[from] Flip Turn
|
|-weather|RainDance|[upkeep]
|upkeep
|
|t:|1758278852
|switch|p1a: Hatterene|Hatterene, F|100/100
|turn|4
|
|t:|1758278856
|move|p2a: Zapdos|Volt Switch|p1a: Hatterene
|-damage|p1a: Hatterene|59/100
|
|t:|1758278859
|switch|p2a: Goodra|Goodra-Hisui, M|100/100|[from] Volt Switch
|move|p1a: Hatterene|Calm Mind|p1a: Hatterene
|-boost|p1a: Hatterene|spa|1
|-boost|p1a: Hatterene|spd|1
|
|-weather|RainDance|[upkeep]
|-heal|p1a: Hatterene|65/100|[from] item: Leftovers
|upkeep
|turn|5
|
|t:|1758278895
|-terastallize|p1a: Hatterene|Water
|move|p2a: Goodra|Heavy Slam|p1a: Hatterene
|-resisted|p1a: Hatterene
|-damage|p1a: Hatterene|45/100
|move|p1a: Hatterene|Mystical Fire|p2a: Goodra
|-damage|p2a: Goodra|93/100
|-unboost|p2a: Goodra|spa|1
|
|-weather|RainDance|[upkeep]
|-heal|p1a: Hatterene|50/100|[from] item: Leftovers
|upkeep
|turn|6
|
|t:|1758278905
|move|p2a: Goodra|Knock Off|p1a: Hatterene
|-damage|p1a: Hatterene|28/100
|-enditem|p1a: Hatterene|Leftovers|[from] move: Knock Off|[of] p2a: Goodra
|move|p1a: Hatterene|Draining Kiss|p2a: Goodra
|-damage|p2a: Goodra|77/100
|-heal|p1a: Hatterene|42/100|[from] drain|[of] p2a: Goodra
|
|-weather|RainDance|[upkeep]
|upkeep
|turn|7
|
|t:|1758278923
|move|p2a: Goodra|Dragon Claw|p1a: Hatterene
|-crit|p1a: Hatterene
|-damage|p1a: Hatterene|2/100
|move|p1a: Hatterene|Calm Mind|p1a: Hatterene
|-boost|p1a: Hatterene|spa|1
|-boost|p1a: Hatterene|spd|1
|
|-weather|RainDance|[upkeep]
|upkeep
|turn|8
|
|t:|1758278930
|move|p2a: Goodra|Dragon Claw|p1a: Hatterene
|-damage|p1a: Hatterene|0 fnt
|faint|p1a: Hatterene
|
|-weather|none
|upkeep
|
|t:|1758278942
|switch|p1a: Ceruledge|Ceruledge, M|100/100
|turn|9
|
|t:|1758278948
|switch|p2a: Pelipper|Pelipper, F|100/100
|-weather|RainDance|[from] ability: Drizzle|[of] p2a: Pelipper
|move|p1a: Ceruledge|Swords Dance|p1a: Ceruledge
|-boost|p1a: Ceruledge|atk|2
|
|-weather|RainDance|[upkeep]
|upkeep
|turn|10
|
|t:|1758278951
|move|p1a: Ceruledge|Poltergeist|p2a: Pelipper
|-activate|p2a: Pelipper|move: Poltergeist|Damp Rock
|-damage|p2a: Pelipper|16/100
|move|p2a: Pelipper|Weather Ball|p1a: Ceruledge
|-supereffective|p1a: Ceruledge
|-enditem|p1a: Ceruledge|Focus Sash
|-damage|p1a: Ceruledge|1/100
|
|-weather|RainDance|[upkeep]
|upkeep
|turn|11
|
|t:|1758278965
|move|p1a: Ceruledge|Bitter Blade|p2a: Pelipper
|-resisted|p2a: Pelipper
|-damage|p2a: Pelipper|0 fnt
|-heal|p1a: Ceruledge|9/100|[from] drain|[of] p2a: Pelipper
|faint|p2a: Pelipper
|
|-weather|RainDance|[upkeep]
|upkeep
|
|t:|1758278968
|switch|p2a: Barraskewda|Barraskewda, M|100/100
|-status|p2a: Barraskewda|psn
|turn|12
|
|t:|1758278971
|move|p2a: Barraskewda|Aqua Jet|p1a: Ceruledge
|-supereffective|p1a: Ceruledge
|-damage|p1a: Ceruledge|0 fnt
|faint|p1a: Ceruledge
|
|-weather|RainDance|[upkeep]
|-damage|p2a: Barraskewda|88/100 psn|[from] psn
|upkeep
|
|t:|1758278974
|switch|p1a: Milotic|Milotic, F|100/100
|turn|13
|
|t:|1758278980
|switch|p2a: Goodra|Goodra-Hisui, M|77/100
|move|p1a: Milotic|Scald|p2a: Goodra
|-resisted|p2a: Goodra
|-damage|p2a: Goodra|68/100
|-status|p2a: Goodra|brn
|
|-weather|RainDance|[upkeep]
|-damage|p2a: Goodra|62/100 brn|[from] brn
|upkeep
|turn|14
|
|t:|1758278986
|move|p1a: Milotic|Substitute|p1a: Milotic
|-start|p1a: Milotic|Substitute
|-damage|p1a: Milotic|76/100
|move|p2a: Goodra|Knock Off|p1a: Milotic
|-activate|p1a: Milotic|move: Substitute|[damage]
|
|-weather|RainDance|[upkeep]
|-damage|p2a: Goodra|56/100 brn|[from] brn
|upkeep
|turn|15
|
|t:|1758278996
|move|p1a: Milotic|Ice Beam|p2a: Goodra
|-damage|p2a: Goodra|46/100 brn
|move|p2a: Goodra|Knock Off|p1a: Milotic
|-activate|p1a: Milotic|move: Substitute|[damage]
|
|-weather|RainDance|[upkeep]
|-damage|p2a: Goodra|40/100 brn|[from] brn
|upkeep
|turn|16
|
|t:|1758279000
|move|p1a: Milotic|Ice Beam|p2a: Goodra
|-damage|p2a: Goodra|31/100 brn
|move|p2a: Goodra|Knock Off|p1a: Milotic
|-end|p1a: Milotic|Substitute
|
|-weather|none
|-damage|p2a: Goodra|25/100 brn|[from] brn
|upkeep
|turn|17
|
|t:|1758279003
|move|p1a: Milotic|Substitute|p1a: Milotic
|-start|p1a: Milotic|Substitute
|-damage|p1a: Milotic|51/100
|move|p2a: Goodra|Draco Meteor|p1a: Milotic
|-end|p1a: Milotic|Substitute
|-unboost|p2a: Goodra|spa|2
|
|-damage|p2a: Goodra|19/100 brn|[from] brn
|upkeep
|turn|18
|
|t:|1758279014
|move|p1a: Milotic|Substitute|p1a: Milotic
|-start|p1a: Milotic|Substitute
|-damage|p1a: Milotic|26/100
|move|p2a: Goodra|Draco Meteor|p1a: Milotic
|-activate|p1a: Milotic|move: Substitute|[damage]
|-unboost|p2a: Goodra|spa|2
|
|-damage|p2a: Goodra|13/100 brn|[from] brn
|upkeep
|turn|19
|
|t:|1758279019
|move|p1a: Milotic|Recover|p1a: Milotic
|-heal|p1a: Milotic|76/100
|move|p2a: Goodra|Draco Meteor|p1a: Milotic
|-end|p1a: Milotic|Substitute
|-unboost|p2a: Goodra|spa|2
|
|-damage|p2a: Goodra|7/100 brn|[from] brn
|upkeep
|turn|20
|
|t:|1758279029
|move|p1a: Milotic|Substitute|p1a: Milotic
|-start|p1a: Milotic|Substitute
|-damage|p1a: Milotic|51/100
|move|p2a: Goodra|Draco Meteor|p1a: Milotic
|-activate|p1a: Milotic|move: Substitute|[damage]
|
|-damage|p2a: Goodra|1/100 brn|[from] brn
|upkeep
|turn|21
|
|t:|1758279034
|move|p1a: Milotic|Recover|p1a: Milotic
|-heal|p1a: Milotic|100/100
|move|p2a: Goodra|Draco Meteor|p1a: Milotic
|-activate|p1a: Milotic|move: Substitute|[damage]
|
|-damage|p2a: Goodra|0 fnt|[from] brn
|faint|p2a: Goodra
|upkeep
|
|t:|1758279045
|switch|p2a: Barraskewda|Barraskewda, M|88/100 psn
|turn|22
|
|t:|1758279050
|move|p2a: Barraskewda|Flip Turn|p1a: Milotic
|-resisted|p1a: Milotic
|-end|p1a: Milotic|Substitute
|
|t:|1758279052
|switch|p2a: Walking Wake|Walking Wake|100/100|[from] Flip Turn
|-status|p2a: Walking Wake|psn
|-enditem|p2a: Walking Wake|Booster Energy
|-activate|p2a: Walking Wake|ability: Protosynthesis|[fromitem]
|-start|p2a: Walking Wake|protosynthesisspa
|move|p1a: Milotic|Scald|p2a: Walking Wake
|-resisted|p2a: Walking Wake
|-damage|p2a: Walking Wake|93/100 psn
|
|-damage|p2a: Walking Wake|80/100 psn|[from] psn
|upkeep
|turn|23
|
|t:|1758279059
|move|p2a: Walking Wake|Draco Meteor|p1a: Milotic
|-damage|p1a: Milotic|44/100
|-unboost|p2a: Walking Wake|spa|2
|move|p1a: Milotic|Ice Beam|p2a: Walking Wake
|-damage|p2a: Walking Wake|58/100 psn
|
|-damage|p2a: Walking Wake|45/100 psn|[from] psn
|upkeep
|turn|24
|
|t:|1758279066
|-end|p2a: Walking Wake|Protosynthesis|[silent]
|switch|p2a: Zapdos|Zapdos|100/100
|move|p1a: Milotic|Recover|p1a: Milotic
|-heal|p1a: Milotic|94/100
|
|upkeep
|turn|25
|
|t:|1758279070
|-terastallize|p2a: Zapdos|Electric
|move|p2a: Zapdos|Volt Switch|p1a: Milotic
|-supereffective|p1a: Milotic
|-crit|p1a: Milotic
|-damage|p1a: Milotic|0 fnt
|faint|p1a: Milotic
|
|t:|1758279081
|switch|p2a: Walking Wake|Walking Wake|45/100 psn|[from] Volt Switch
|
|-damage|p2a: Walking Wake|33/100 psn|[from] psn
|upkeep
|
|t:|1758279085
|switch|p1a: Gallade|Gallade, M|100/100
|turn|26
|
|t:|1758279088
|-end|p2a: Walking Wake|Protosynthesis|[silent]
|switch|p2a: Zapdos|Zapdos, tera:Electric|100/100
|move|p1a: Gallade|Sacred Sword|p2a: Zapdos
|-damage|p2a: Zapdos|24/100
|
|upkeep
|turn|27
|
|t:|1758279093
|move|p1a: Gallade|Psycho Cut|p2a: Zapdos
|-damage|p2a: Zapdos|0 fnt
|faint|p2a: Zapdos
|
|upkeep
|
|t:|1758279096
|switch|p2a: Barraskewda|Barraskewda, M|88/100 psn
|turn|28
|
|t:|1758279099
|switch|p1a: Hydrapple|Hydrapple, M|100/100
|move|p2a: Barraskewda|Liquidation|p1a: Hydrapple
|-resisted|p1a: Hydrapple
|-crit|p1a: Hydrapple
|-damage|p1a: Hydrapple|86/100
|-unboost|p1a: Hydrapple|def|1
|
|-damage|p2a: Barraskewda|75/100 psn|[from] psn
|upkeep
|turn|29
|
|t:|1758279103
|move|p2a: Barraskewda|Liquidation|p1a: Hydrapple
|-resisted|p1a: Hydrapple
|-damage|p1a: Hydrapple|71/100
|move|p1a: Hydrapple|Fickle Beam|p2a: Barraskewda|[anim] Fickle Beam All Out
|-activate|p1a: Hydrapple|move: Fickle Beam
|-damage|p2a: Barraskewda|0 fnt
|faint|p2a: Barraskewda
|
|upkeep
|
|t:|1758279107
|switch|p2a: Walking Wake|Walking Wake|33/100 psn
|turn|30
|
|t:|1758279111
|switch|p1a: Gallade|Gallade, M|100/100
|move|p2a: Walking Wake|Dragon Pulse|p1a: Gallade
|-damage|p1a: Gallade|56/100
|
|-damage|p2a: Walking Wake|20/100 psn|[from] psn
|upkeep
|turn|31
|
|t:|1758279118
|move|p2a: Walking Wake|Surf|p1a: Gallade
|-damage|p1a: Gallade|6/100
|move|p1a: Gallade|Psycho Cut|p2a: Walking Wake
|-damage|p2a: Walking Wake|0 fnt
|faint|p2a: Walking Wake
|-end|p2a: Walking Wake|Protosynthesis|[silent]
|
|win|Ancia
|raw|Ancia's rating: 1383 &rarr; <strong>1404</strong><br />(+21 for winning)
|raw|zoysebas875's rating: 1400 &rarr; <strong>1379</strong><br />(-21 for losing)
|l|‽zoysebas875
|player|p2|
|l|☆Ancia
|player|p1|
