|j|☆Kjojon
|j|☆boyabc
|t:|1758375523
|gametype|singles
|player|p1|Kjojon|brock|1098
|player|p2|boyabc|lyra|1060
|gen|9
|tier|[Gen 9] OU
|rated|
|rule|HP Percentage Mod: HP is shown in percentages
|rule|Endless Battle Clause: Forcing endless battles is banned
|rule|Species Clause: Limit one of each Pokémon
|rule|OHKO Clause: OHKO moves are banned
|rule|Evasion Items Clause: Evasion items are banned
|rule|Evasion Moves Clause: Evasion moves are banned
|rule|Evasion Abilities Clause: Evasion abilities are banned
|rule|Sleep Moves Clause: Sleep-inducing moves are banned
|clearpoke
|poke|p1|Gardevoir, F|
|poke|p1|Meowscarada, F|
|poke|p1|Volcanion|
|poke|p1|Golurk|
|poke|p1|Kleavor, M|
|poke|p1|Cramorant, M|
|poke|p2|Jirachi|
|poke|p2|Tsareena, F|
|poke|p2|Ambipom, F|
|poke|p2|Inteleon, M|
|poke|p2|Talonflame, M|
|poke|p2|Zapdos|
|teampreview
|
|t:|1758375536
|teamsize|p1|6
|teamsize|p2|6
|start
|switch|p1a: Sylvelin|Meowscarada, F|100/100
|switch|p2a: Zapdos|Zapdos|100/100
|turn|1
|
|t:|1758375545
|move|p1a: Sylvelin|U-turn|p2a: Zapdos
|-start|p1a: Sylvelin|typechange|Bug|[from] ability: Protean
|-resisted|p2a: Zapdos
|-damage|p2a: Zapdos|80/100
|-status|p1a: Sylvelin|par|[from] ability: Static|[of] p2a: Zapdos
|
|t:|1758375547
|switch|p1a: Kelog|Golurk, shiny|100/100|[from] U-turn
|move|p2a: Zapdos|Heat Wave|p1a: Kelog
|-damage|p1a: Kelog|56/100
|
|upkeep
|turn|2
|
|t:|1758375562
|move|p2a: Zapdos|U-turn|p1a: Kelog
|-resisted|p1a: Kelog
|-damage|p1a: Kelog|48/100
|
|t:|1758375567
|switch|p2a: Inteleon|Inteleon, M|100/100|[from] U-turn
|move|p1a: Kelog|Ice Punch|p2a: Inteleon
|-resisted|p2a: Inteleon
|-damage|p2a: Inteleon|76/100
|
|upkeep
|turn|3
|
|t:|1758375582
|switch|p1a: Sylvelin|Meowscarada, F|100/100 par
|move|p2a: Inteleon|Ice Beam|p1a: Sylvelin
|-supereffective|p1a: Sylvelin
|-damage|p1a: Sylvelin|11/100 par
|
|upkeep
|turn|4
|
|t:|1758375591
|move|p2a: Inteleon|Ice Beam|p1a: Sylvelin
|-supereffective|p1a: Sylvelin
|-damage|p1a: Sylvelin|0 fnt
|faint|p1a: Sylvelin
|
|upkeep
|
|t:|1758375601
|switch|p1a: Crameo|Cramorant, M, shiny|100/100
|turn|5
|
|t:|1758375619
|move|p2a: Inteleon|Ice Beam|p1a: Crameo
|-damage|p1a: Crameo|68/100
|move|p1a: Crameo|Surf|p2a: Inteleon
|-formechange|p1a: Crameo|Cramorant-Gulping|
|-resisted|p2a: Inteleon
|-damage|p2a: Inteleon|53/100
|
|upkeep
|turn|6
|
|t:|1758375629
|move|p2a: Inteleon|Snipe Shot|p1a: Crameo
|-resisted|p1a: Crameo
|-damage|p1a: Crameo|48/100
|-damage|p2a: Inteleon|28/100|[from] ability: Gulp Missile|[of] p1a: Crameo
|-unboost|p2a: Inteleon|def|1
|-formechange|p1a: Crameo|Cramorant|
|move|p1a: Crameo|Roost|p1a: Crameo
|-heal|p1a: Crameo|98/100
|-singleturn|p1a: Crameo|move: Roost
|
|upkeep
|turn|7
|
|t:|1758375643
|move|p2a: Inteleon|Dark Pulse|p1a: Crameo
|-damage|p1a: Crameo|69/100
|move|p1a: Crameo|Surf|p2a: Inteleon
|-formechange|p1a: Crameo|Cramorant-Gulping|
|-resisted|p2a: Inteleon
|-damage|p2a: Inteleon|3/100
|
|upkeep
|turn|8
|
|t:|1758375652
|move|p2a: Inteleon|Ice Beam|p1a: Crameo
|-damage|p1a: Crameo|38/100
|-damage|p2a: Inteleon|0 fnt|[from] ability: Gulp Missile|[of] p1a: Crameo
|-formechange|p1a: Crameo|Cramorant|
|faint|p2a: Inteleon
|move|p1a: Crameo|Roost|p1a: Crameo
|-heal|p1a: Crameo|88/100
|-singleturn|p1a: Crameo|move: Roost
|
|upkeep
|
|t:|1758375662
|switch|p2a: Zapdos|Zapdos|80/100
|turn|9
|
|t:|1758375682
|switch|p1a: Kelog|Golurk, shiny|48/100
|move|p2a: Zapdos|Heat Wave|p1a: Kelog
|-damage|p1a: Kelog|8/100
|
|upkeep
|turn|10
|inactive|Battle timer is ON: inactive players will automatically lose when time's up. (requested by boyabc)
|l|☆boyabc
|inactive|boyabc disconnected and has a minute to reconnect!
|player|p2|
|j|☆boyabc
|inactive|boyabc reconnected and has 135 seconds left.
|player|p2|boyabc|lyra|
|
|t:|1758375714
|move|p2a: Zapdos|Heat Wave|p1a: Kelog
|-damage|p1a: Kelog|0 fnt
|faint|p1a: Kelog
|
|upkeep
|
|t:|1758375731
|switch|p1a: Mr. Cleave|Kleavor, M|100/100
|turn|11
|
|t:|1758375743
|move|p2a: Zapdos|Heat Wave|p1a: Mr. Cleave
|-damage|p1a: Mr. Cleave|45/100
|move|p1a: Mr. Cleave|Tailwind|p1a: Mr. Cleave
|-sidestart|p1: Kjojon|move: Tailwind
|
|upkeep
|turn|12
|
|t:|1758375749
|move|p1a: Mr. Cleave|Stone Axe|p2a: Zapdos
|-supereffective|p2a: Zapdos
|-damage|p2a: Zapdos|0 fnt
|-sidestart|p2: boyabc|move: Stealth Rock
|faint|p2a: Zapdos
|
|upkeep
|
|t:|1758375759
|switch|p2a: Tsareena|Tsareena, F|100/100
|-damage|p2a: Tsareena|88/100|[from] Stealth Rock
|turn|13
|
|t:|1758375766
|-terastallize|p2a: Tsareena|Fighting
|move|p1a: Mr. Cleave|U-turn|p2a: Tsareena
|-resisted|p2a: Tsareena
|-damage|p2a: Tsareena|59/100
|
|t:|1758375773
|switch|p1a: Xodium|Gardevoir, F, shiny|100/100|[from] U-turn
|move|p2a: Tsareena|Rapid Spin|p1a: Xodium
|-damage|p1a: Xodium|67/100
|-boost|p2a: Tsareena|spe|1
|-sideend|p2: boyabc|Stealth Rock|[from] move: Rapid Spin|[of] p2a: Tsareena
|
|upkeep
|turn|14
|
|t:|1758375789
|move|p1a: Xodium|Psychic|p2a: Tsareena
|-supereffective|p2a: Tsareena
|-damage|p2a: Tsareena|0 fnt
|faint|p2a: Tsareena
|
|-sideend|p1: Kjojon|move: Tailwind
|upkeep
|
|t:|1758375803
|switch|p2a: Ambipom|Ambipom, F|100/100
|turn|15
|
|t:|1758375808
|move|p2a: Ambipom|Fake Out|p1a: Xodium
|-damage|p1a: Xodium|12/100
|-damage|p2a: Ambipom|91/100|[from] item: Life Orb
|cant|p1a: Xodium|flinch
|
|upkeep
|turn|16
|
|t:|1758375816
|move|p1a: Xodium|Psychic|p2a: Ambipom
|-damage|p2a: Ambipom|15/100
|move|p2a: Ambipom|Knock Off|p1a: Xodium
|-damage|p1a: Xodium|0 fnt
|-enditem|p1a: Xodium|Choice Scarf|[from] move: Knock Off|[of] p2a: Ambipom
|faint|p1a: Xodium
|-damage|p2a: Ambipom|5/100|[from] item: Life Orb
|
|upkeep
|
|t:|1758375832
|switch|p1a: Mr. Cleave|Kleavor, M|45/100
|turn|17
|
|t:|1758375842
|move|p2a: Ambipom|Triple Axel|p1a: Mr. Cleave
|-damage|p1a: Mr. Cleave|30/100
|-damage|p1a: Mr. Cleave|2/100
|-damage|p1a: Mr. Cleave|0 fnt
|faint|p1a: Mr. Cleave
|-hitcount|p1: Mr. Cleave|3
|-damage|p2a: Ambipom|0 fnt|[from] item: Life Orb
|faint|p2a: Ambipom
|
|upkeep
|
|t:|1758375857
|switch|p2a: Talonflame|Talonflame, M|100/100
|switch|p1a: Crameo|Cramorant, M, shiny|88/100
|turn|18
|
|t:|1758375866
|move|p2a: Talonflame|Brave Bird|p1a: Crameo
|-damage|p1a: Crameo|26/100
|-damage|p2a: Talonflame|77/100|[from] Recoil
|move|p1a: Crameo|Surf|p2a: Talonflame
|-formechange|p1a: Crameo|Cramorant-Gorging|
|-supereffective|p2a: Talonflame
|-damage|p2a: Talonflame|0 fnt
|faint|p2a: Talonflame
|
|upkeep
|
|t:|1758375876
|switch|p2a: Jirachi|Jirachi|100/100
|turn|19
|
|t:|1758375881
|move|p2a: Jirachi|Zen Headbutt|p1a: Crameo
|-damage|p1a: Crameo|0 fnt
|-damage|p2a: Jirachi|76/100|[from] ability: Gulp Missile|[of] p1a: Crameo
|-status|p2a: Jirachi|par
|-formechange|p1a: Crameo|Cramorant|
|faint|p1a: Crameo
|
|upkeep
|
|t:|1758375886
|switch|p1a: Fulminator|Volcanion|100/100
|turn|20
|
|t:|1758375891
|move|p2a: Jirachi|Zen Headbutt|p1a: Fulminator|[miss]
|-miss|p2a: Jirachi|p1a: Fulminator
|move|p1a: Fulminator|Flamethrower|p2a: Jirachi
|-supereffective|p2a: Jirachi
|-damage|p2a: Jirachi|0 fnt
|faint|p2a: Jirachi
|
|win|Kjojon
|raw|Kjojon's rating: 1098 &rarr; <strong>1121</strong><br />(+23 for winning)
|raw|boyabc's rating: 1060 &rarr; <strong>1043</strong><br />(-17 for losing)
|c|☆Kjojon|gg's
|l|☆boyabc
|player|p2|
