|j|☆3ndgam3
|j|☆KingProbs
|t:|1758295634
|gametype|singles
|player|p1|3ndgam3|ninjaboy|1140
|player|p2|KingProbs|169|1197
|gen|9
|tier|[Gen 9] OU
|rated|
|rule|HP Percentage Mod: HP is shown in percentages
|rule|Endless Battle Clause: Forcing endless battles is banned
|rule|Species Clause: Limit one of each Pokémon
|rule|OHKO Clause: OHKO moves are banned
|rule|Evasion Items Clause: Evasion items are banned
|rule|Evasion Moves Clause: Evasion moves are banned
|rule|Evasion Abilities Clause: Evasion abilities are banned
|rule|Sleep Moves Clause: Sleep-inducing moves are banned
|clearpoke
|poke|p1|Iron Valiant|
|poke|p1|Dragapult, M|
|poke|p1|Glimmora, M|
|poke|p1|Ogerpon-Wellspring, F|
|poke|p1|Landorus-Therian, M|
|poke|p1|Kingambit, M|
|poke|p2|Corviknight, F|
|poke|p2|Meowscarada, M|
|poke|p2|Great Tusk|
|poke|p2|Dragapult, M|
|poke|p2|Walking Wake|
|poke|p2|Slowking-Galar, F|
|teampreview
|inactive|Battle timer is ON: inactive players will automatically lose when time's up. (requested by KingProbs)
|
|t:|1758295650
|teamsize|p1|6
|teamsize|p2|6
|start
|switch|p1a: Ogerpon|Ogerpon-Wellspring, F|100/100
|switch|p2a: Meowscarada|Meowscarada, M|100/100
|turn|1
|
|t:|1758295661
|switch|p1a: Landorus|Landorus-Therian, M, shiny|100/100
|-ability|p1a: Landorus|Intimidate|boost
|-unboost|p2a: Meowscarada|atk|1
|move|p2a: Meowscarada|U-turn|p1a: Landorus
|-start|p2a: Meowscarada|typechange|Bug|[from] ability: Protean
|-resisted|p1a: Landorus
|-damage|p1a: Landorus|88/100
|-damage|p2a: Meowscarada|84/100|[from] item: Rocky Helmet|[of] p1a: Landorus
|
|t:|1758295668
|switch|p2a: Walking Wake|Walking Wake|100/100|[from] U-turn
|
|upkeep
|turn|2
|
|t:|1758295676
|switch|p1a: Kingambit|Kingambit, M, shiny|100/100
|move|p2a: Walking Wake|Hurricane|p1a: Kingambit|[miss]
|-miss|p2a: Walking Wake|p1a: Kingambit
|
|upkeep
|turn|3
|
|t:|1758295682
|-end|p1a: Kingambit|fallenundefined|[silent]
|switch|p1a: Glimmora|Glimmora, M, shiny|100/100
|move|p2a: Walking Wake|Flamethrower|p1a: Glimmora
|-resisted|p1a: Glimmora
|-damage|p1a: Glimmora|79/100
|
|upkeep
|turn|4
|
|t:|1758295686
|switch|p1a: Ogerpon|Ogerpon-Wellspring, F|100/100
|move|p2a: Walking Wake|Hydro Steam|p1a: Ogerpon
|-immune|p1a: Ogerpon|[from] ability: Water Absorb
|
|upkeep
|turn|5
|
|t:|1758295692
|-end|p2a: Walking Wake|Protosynthesis|[silent]
|switch|p2a: Corviknight|Corviknight, F|100/100
|move|p1a: Ogerpon|Play Rough|p2a: Corviknight|[miss]
|-miss|p1a: Ogerpon|p2a: Corviknight
|
|upkeep
|turn|6
|
|t:|1758295699
|switch|p1a: Glimmora|Glimmora, M, shiny|79/100
|move|p2a: Corviknight|Brave Bird|p1a: Glimmora
|-resisted|p1a: Glimmora
|-damage|p1a: Glimmora|56/100
|-activate|p1a: Glimmora|ability: Toxic Debris
|-sidestart|p2: KingProbs|move: Toxic Spikes
|-damage|p2a: Corviknight|95/100|[from] Recoil
|
|upkeep
|turn|7
|
|t:|1758295703
|move|p1a: Glimmora|Meteor Beam||[still]
|-prepare|p1a: Glimmora|Meteor Beam
|-boost|p1a: Glimmora|spa|1
|-enditem|p1a: Glimmora|Power Herb
|-anim|p1a: Glimmora|Meteor Beam|p2a: Corviknight
|-damage|p2a: Corviknight|0 fnt
|faint|p2a: Corviknight
|
|upkeep
|
|t:|1758295709
|switch|p2a: Walking Wake|Walking Wake|100/100
|turn|8
|
|t:|1758295725
|move|p2a: Walking Wake|Hurricane|p1a: Glimmora
|-resisted|p1a: Glimmora
|-crit|p1a: Glimmora
|-damage|p1a: Glimmora|21/100
|move|p1a: Glimmora|Spikes|p2a: Walking Wake
|-sidestart|p2: KingProbs|Spikes
|
|upkeep
|turn|9
|
|t:|1758295745
|move|p2a: Walking Wake|Hydro Steam|p1a: Glimmora
|-supereffective|p1a: Glimmora
|-damage|p1a: Glimmora|0 fnt
|faint|p1a: Glimmora
|
|upkeep
|
|t:|1758295748
|switch|p1a: Dragapult|Dragapult, M, shiny|100/100
|turn|10
|
|t:|1758295757
|-end|p2a: Walking Wake|Protosynthesis|[silent]
|switch|p2a: Slowking|Slowking-Galar, F|100/100
|-sideend|p2: KingProbs|move: Toxic Spikes|[of] p2a: Slowking
|-damage|p2a: Slowking|88/100|[from] Spikes
|move|p1a: Dragapult|Draco Meteor|p2a: Slowking
|-damage|p2a: Slowking|43/100
|-unboost|p1a: Dragapult|spa|2
|
|upkeep
|turn|11
|
|t:|1758295765
|switch|p1a: Kingambit|Kingambit, M, shiny|100/100
|-activate|p1a: Kingambit|ability: Supreme Overlord
|-start|p1a: Kingambit|fallen1|[silent]
|move|p2a: Slowking|Flamethrower|p1a: Kingambit
|-supereffective|p1a: Kingambit
|-damage|p1a: Kingambit|40/100
|
|-heal|p1a: Kingambit|46/100|[from] item: Leftovers
|upkeep
|turn|12
|
|t:|1758295777
|-end|p1a: Kingambit|fallen1|[silent]
|switch|p1a: Ogerpon|Ogerpon-Wellspring, F|100/100
|switch|p2a: Great Tusk|Great Tusk|100/100
|-damage|p2a: Great Tusk|88/100|[from] Spikes
|-enditem|p2a: Great Tusk|Booster Energy
|-activate|p2a: Great Tusk|ability: Protosynthesis|[fromitem]
|-start|p2a: Great Tusk|protosynthesisatk
|
|upkeep
|turn|13
|
|t:|1758295788
|move|p1a: Ogerpon|Ivy Cudgel|p2a: Great Tusk|[anim] Ivy Cudgel Water
|-supereffective|p2a: Great Tusk
|-damage|p2a: Great Tusk|0 fnt
|faint|p2a: Great Tusk
|-end|p2a: Great Tusk|Protosynthesis|[silent]
|
|upkeep
|
|t:|1758295791
|switch|p2a: Walking Wake|Walking Wake|100/100
|turn|14
|
|t:|1758295805
|switch|p1a: Dragapult|Dragapult, M, shiny|100/100
|move|p2a: Walking Wake|Hurricane|p1a: Dragapult
|-damage|p1a: Dragapult|50/100
|
|upkeep
|turn|15
|
|t:|1758295817
|-end|p2a: Walking Wake|Protosynthesis|[silent]
|switch|p2a: Slowking|Slowking-Galar, F|76/100
|-damage|p2a: Slowking|64/100|[from] Spikes
|move|p1a: Dragapult|Draco Meteor|p2a: Slowking
|-damage|p2a: Slowking|12/100
|-unboost|p1a: Dragapult|spa|2
|
|upkeep
|turn|16
|
|t:|1758295827
|move|p1a: Dragapult|Draco Meteor|p2a: Slowking
|-damage|p2a: Slowking|0 fnt
|-unboost|p1a: Dragapult|spa|2
|faint|p2a: Slowking
|
|upkeep
|
|t:|1758295834
|switch|p2a: Walking Wake|Walking Wake|100/100
|turn|17
|
|t:|1758295843
|switch|p1a: Ogerpon|Ogerpon-Wellspring, F|100/100
|move|p2a: Walking Wake|Flamethrower|p1a: Ogerpon
|-damage|p1a: Ogerpon|63/100
|
|upkeep
|turn|18
|
|t:|1758295846
|move|p1a: Ogerpon|Play Rough|p2a: Walking Wake|[miss]
|-miss|p1a: Ogerpon|p2a: Walking Wake
|move|p2a: Walking Wake|Hurricane|p1a: Ogerpon|[miss]
|-miss|p2a: Walking Wake|p1a: Ogerpon
|
|upkeep
|turn|19
|
|t:|1758295851
|-terastallize|p2a: Walking Wake|Water
|move|p1a: Ogerpon|Play Rough|p2a: Walking Wake
|-damage|p2a: Walking Wake|60/100
|move|p2a: Walking Wake|Hurricane|p1a: Ogerpon
|-supereffective|p1a: Ogerpon
|-damage|p1a: Ogerpon|0 fnt
|faint|p1a: Ogerpon
|
|upkeep
|
|t:|1758295861
|switch|p1a: Dragapult|Dragapult, M, shiny|50/100
|turn|20
|
|t:|1758295866
|move|p1a: Dragapult|Shadow Ball|p2a: Walking Wake
|-damage|p2a: Walking Wake|0 fnt
|faint|p2a: Walking Wake
|-end|p2a: Walking Wake|Protosynthesis|[silent]
|
|upkeep
|
|t:|1758295868
|switch|p2a: Meowscarada|Meowscarada, M|84/100
|turn|21
|
|t:|1758295878
|switch|p1a: Landorus|Landorus-Therian, M, shiny|88/100
|-ability|p1a: Landorus|Intimidate|boost
|-unboost|p2a: Meowscarada|atk|1
|move|p2a: Meowscarada|Sucker Punch||[still]
|-fail|p2a: Meowscarada
|
|upkeep
|turn|22
|
|t:|1758295886
|move|p2a: Meowscarada|Triple Axel|p1a: Landorus
|-start|p2a: Meowscarada|typechange|Ice|[from] ability: Protean
|-supereffective|p1a: Landorus
|-damage|p1a: Landorus|63/100
|-damage|p2a: Meowscarada|68/100|[from] item: Rocky Helmet|[of] p1a: Landorus
|-supereffective|p1a: Landorus
|-damage|p1a: Landorus|13/100
|-damage|p2a: Meowscarada|51/100|[from] item: Rocky Helmet|[of] p1a: Landorus
|-supereffective|p1a: Landorus
|-damage|p1a: Landorus|0 fnt
|-damage|p2a: Meowscarada|35/100|[from] item: Rocky Helmet|[of] p1a: Landorus
|faint|p1a: Landorus
|-hitcount|p1: Landorus|3
|
|upkeep
|
|t:|1758295902
|switch|p1a: Iron Valiant|Iron Valiant, shiny|100/100
|-enditem|p1a: Iron Valiant|Booster Energy
|-activate|p1a: Iron Valiant|ability: Quark Drive|[fromitem]
|-start|p1a: Iron Valiant|quarkdrivespe
|turn|23
|
|t:|1758295906
|move|p2a: Meowscarada|Sucker Punch|p1a: Iron Valiant
|-resisted|p1a: Iron Valiant
|-damage|p1a: Iron Valiant|95/100
|move|p1a: Iron Valiant|Spirit Break|p2a: Meowscarada
|-damage|p2a: Meowscarada|0 fnt
|faint|p2a: Meowscarada
|
|upkeep
|
|t:|1758295910
|switch|p2a: Dragapult|Dragapult, M|100/100
|turn|24
|-message|KingProbs forfeited.
|
|win|3ndgam3
|raw|3ndgam3's rating: 1140 &rarr; <strong>1169</strong><br />(+29 for winning)
|raw|KingProbs's rating: 1197 &rarr; <strong>1168</strong><br />(-29 for losing)
|l|☆KingProbs
|player|p2|
