|j|☆Mewhyegg
|j|☆Pokemonardos
|t:|1758289853
|gametype|singles
|player|p1|Mewhyegg|265|1056
|player|p2|Pokemonardos|benga|1106
|gen|9
|tier|[Gen 9] OU
|rated|
|rule|HP Percentage Mod: HP is shown in percentages
|rule|Endless Battle Clause: Forcing endless battles is banned
|rule|Species Clause: Limit one of each Pokémon
|rule|OHKO Clause: OHKO moves are banned
|rule|Evasion Items Clause: Evasion items are banned
|rule|Evasion Moves Clause: Evasion moves are banned
|rule|Evasion Abilities Clause: Evasion abilities are banned
|rule|Sleep Moves Clause: Sleep-inducing moves are banned
|clearpoke
|poke|p1|Corviknight, M|
|poke|p1|Weavile, F|
|poke|p1|Ursaluna, M|
|poke|p1|Greninja-*, M|
|poke|p1|Hydreigon, F|
|poke|p1|Mismagius, F|
|poke|p2|Iron Moth|
|poke|p2|Corviknight, F|
|poke|p2|Toxapex, F|
|poke|p2|Kingambit, M|
|poke|p2|Great Tusk|
|poke|p2|Dragonite, M|
|teampreview
|inactive|Battle timer is ON: inactive players will automatically lose when time's up. (requested by Pokemonardos)
|inactive|Mewhyegg also wants the timer to be on.
|inactive|Pokemonardos has 120 seconds left.
|
|t:|1758289886
|teamsize|p1|6
|teamsize|p2|6
|start
|switch|p1a: Cookie|Ursaluna, M|100/100
|switch|p2a: Great Tusk|Great Tusk|100/100
|turn|1
|
|t:|1758289895
|move|p1a: Cookie|Protect|p1a: Cookie
|-singleturn|p1a: Cookie|Protect
|move|p2a: Great Tusk|Stealth Rock|p1a: Cookie
|-sidestart|p1: Mewhyegg|move: Stealth Rock
|
|-status|p1a: Cookie|brn|[from] item: Flame Orb
|upkeep
|turn|2
|
|t:|1758289905
|move|p2a: Great Tusk|Knock Off|p1a: Cookie
|-crit|p1a: Cookie
|-damage|p1a: Cookie|67/100 brn
|-enditem|p1a: Cookie|Flame Orb|[from] move: Knock Off|[of] p2a: Great Tusk
|move|p1a: Cookie|Facade|p2a: Great Tusk
|-damage|p2a: Great Tusk|31/100
|
|-damage|p1a: Cookie|60/100 brn|[from] brn
|upkeep
|turn|3
|
|t:|1758289921
|move|p2a: Great Tusk|Earthquake|p1a: Cookie
|-damage|p1a: Cookie|25/100 brn
|move|p1a: Cookie|Facade|p2a: Great Tusk
|-damage|p2a: Great Tusk|0 fnt
|faint|p2a: Great Tusk
|-end|p2a: Great Tusk|Protosynthesis|[silent]
|
|-damage|p1a: Cookie|19/100 brn|[from] brn
|upkeep
|
|t:|1758289936
|switch|p2a: Dragonite|Dragonite, M|100/100
|turn|4
|
|t:|1758289944
|move|p2a: Dragonite|Dragon Claw|p1a: Cookie
|-damage|p1a: Cookie|0 fnt
|faint|p1a: Cookie
|
|upkeep
|
|t:|1758289965
|switch|p1a: Cleo|Weavile, F|100/100
|-damage|p1a: Cleo|75/100|[from] Stealth Rock
|-ability|p1a: Cleo|Pressure
|turn|5
|
|t:|1758289972
|move|p1a: Cleo|Triple Axel|p2a: Dragonite|[miss]
|-miss|p1a: Cleo|p2a: Dragonite
|move|p2a: Dragonite|Iron Head|p1a: Cleo
|-supereffective|p1a: Cleo
|-damage|p1a: Cleo|0 fnt
|faint|p1a: Cleo
|
|upkeep
|
|t:|1758289982
|switch|p1a: Mylady|Mismagius, F|100/100
|-damage|p1a: Mylady|88/100|[from] Stealth Rock
|turn|6
|c|☆Pokemonardos|I was too lucky
|
|t:|1758289997
|move|p1a: Mylady|Dazzling Gleam|p2a: Dragonite
|-supereffective|p2a: Dragonite
|-damage|p2a: Dragonite|61/100
|move|p2a: Dragonite|Dragon Claw|p1a: Mylady
|-damage|p1a: Mylady|15/100
|
|-heal|p1a: Mylady|21/100|[from] item: Leftovers
|upkeep
|turn|7
|
|t:|1758290007
|-terastallize|p1a: Mylady|Fairy
|move|p1a: Mylady|Dazzling Gleam|p2a: Dragonite
|-supereffective|p2a: Dragonite
|-damage|p2a: Dragonite|0 fnt
|faint|p2a: Dragonite
|
|-heal|p1a: Mylady|27/100|[from] item: Leftovers
|upkeep
|
|t:|1758290015
|switch|p2a: Toxapex|Toxapex, F|100/100
|turn|8
|
|t:|1758290022
|move|p1a: Mylady|Thunderbolt|p2a: Toxapex
|-supereffective|p2a: Toxapex
|-damage|p2a: Toxapex|72/100
|move|p2a: Toxapex|Toxic|p1a: Mylady
|-status|p1a: Mylady|tox
|
|-heal|p1a: Mylady|34/100 tox|[from] item: Leftovers
|-heal|p2a: Toxapex|78/100|[from] item: Black Sludge
|-damage|p1a: Mylady|27/100 tox|[from] psn
|upkeep
|turn|9
|
|t:|1758290038
|move|p2a: Toxapex|Baneful Bunker|p2a: Toxapex
|-singleturn|p2a: Toxapex|move: Protect
|move|p1a: Mylady|Will-O-Wisp|p2a: Toxapex
|-activate|p2a: Toxapex|move: Protect
|
|-heal|p1a: Mylady|34/100 tox|[from] item: Leftovers
|-heal|p2a: Toxapex|84/100|[from] item: Black Sludge
|-damage|p1a: Mylady|21/100 tox|[from] psn
|upkeep
|turn|10
|
|t:|1758290051
|move|p1a: Mylady|Will-O-Wisp|p2a: Toxapex
|-status|p2a: Toxapex|brn
|move|p2a: Toxapex|Infestation|p1a: Mylady
|-resisted|p1a: Mylady
|-damage|p1a: Mylady|20/100 tox
|-activate|p1a: Mylady|move: Infestation|[of] p2a: Toxapex
|
|-heal|p1a: Mylady|26/100 tox|[from] item: Leftovers
|-heal|p2a: Toxapex|90/100 brn|[from] item: Black Sludge
|-damage|p1a: Mylady|8/100 tox|[from] psn
|-damage|p2a: Toxapex|84/100 brn|[from] brn
|-damage|p1a: Mylady|0 fnt|[from] move: Infestation|[partiallytrapped]
|faint|p1a: Mylady
|upkeep
|
|t:|1758290069
|switch|p1a: Bud|Corviknight, M|100/100
|-damage|p1a: Bud|88/100|[from] Stealth Rock
|turn|11
|
|t:|1758290080
|switch|p2a: Corviknight|Corviknight, F|100/100
|move|p1a: Bud|Iron Defense|p1a: Bud
|-boost|p1a: Bud|def|2
|
|upkeep
|turn|12
|
|t:|1758290089
|move|p2a: Corviknight|Bulk Up|p2a: Corviknight
|-boost|p2a: Corviknight|atk|1
|-boost|p2a: Corviknight|def|1
|move|p1a: Bud|Iron Defense|p1a: Bud
|-boost|p1a: Bud|def|2
|
|upkeep
|turn|13
|
|t:|1758290099
|move|p2a: Corviknight|Bulk Up|p2a: Corviknight
|-boost|p2a: Corviknight|atk|1
|-boost|p2a: Corviknight|def|1
|move|p1a: Bud|Body Press|p2a: Corviknight
|-damage|p2a: Corviknight|75/100
|-damage|p1a: Bud|71/100|[from] item: Rocky Helmet|[of] p2a: Corviknight
|
|upkeep
|turn|14
|
|t:|1758290108
|move|p2a: Corviknight|Body Press|p1a: Bud
|-crit|p1a: Bud
|-damage|p1a: Bud|22/100
|-damage|p2a: Corviknight|58/100|[from] item: Rocky Helmet|[of] p1a: Bud
|move|p1a: Bud|Iron Defense|p1a: Bud
|-boost|p1a: Bud|def|2
|
|upkeep
|turn|15
|
|t:|1758290116
|move|p2a: Corviknight|Roost|p2a: Corviknight
|-heal|p2a: Corviknight|100/100
|-singleturn|p2a: Corviknight|move: Roost
|move|p1a: Bud|Roost|p1a: Bud
|-heal|p1a: Bud|72/100
|-singleturn|p1a: Bud|move: Roost
|
|upkeep
|turn|16
|
|t:|1758290127
|switch|p1a: Roses|Hydreigon, F|100/100
|-damage|p1a: Roses|88/100|[from] Stealth Rock
|move|p2a: Corviknight|Body Press|p1a: Roses
|-supereffective|p1a: Roses
|-damage|p1a: Roses|0 fnt
|-damage|p2a: Corviknight|84/100|[from] item: Rocky Helmet|[of] p1a: Roses
|faint|p1a: Roses
|
|upkeep
|-message|Mewhyegg forfeited.
|
|win|Pokemonardos
|raw|Mewhyegg's rating: 1056 &rarr; <strong>1040</strong><br />(-16 for losing)
|raw|Pokemonardos's rating: 1106 &rarr; <strong>1127</strong><br />(+21 for winning)
|l|☆Mewhyegg
|player|p1|
|l|☆Pokemonardos
|player|p2|
|j|☆Pokemonardos
|player|p2|Pokemonardos|benga|
