|j|☆are you jesus?
|j|☆megaYama
|t:|1758350994
|gametype|singles
|player|p1|are you jesus?|grimsley|1108
|player|p2|megaYama|ghetsis-gen5bw|1111
|gen|9
|tier|[Gen 9] OU
|rated|
|rule|HP Percentage Mod: HP is shown in percentages
|rule|Endless Battle Clause: Forcing endless battles is banned
|rule|Species Clause: Limit one of each Pokémon
|rule|OHKO Clause: OHKO moves are banned
|rule|Evasion Items Clause: Evasion items are banned
|rule|Evasion Moves Clause: Evasion moves are banned
|rule|Evasion Abilities Clause: Evasion abilities are banned
|rule|Sleep Moves Clause: Sleep-inducing moves are banned
|clearpoke
|poke|p1|Orthworm, F|
|poke|p1|Barraskewda, F|
|poke|p1|Raikou|
|poke|p1|Frosmoth, F|
|poke|p1|Tentacruel, F|
|poke|p1|Sandaconda, M|
|poke|p2|Ceruledge, M|
|poke|p2|Great Tusk|
|poke|p2|Araquanid, F|
|poke|p2|Magnezone|
|poke|p2|Enamorus, F|
|poke|p2|Iron Crown|
|teampreview
|c|☆are you jesus?|hi
|
|t:|1758351000
|teamsize|p1|6
|teamsize|p2|6
|start
|switch|p1a: Barraskewda|Barraskewda, F|100/100
|switch|p2a: Araquanid|Araquanid, F|100/100
|turn|1
|
|t:|1758351011
|switch|p1a: Raikou|Raikou|100/100
|move|p2a: Araquanid|Sticky Web|p1a: Raikou
|-sidestart|p1: are you jesus?|move: Sticky Web
|
|upkeep
|turn|2
|
|t:|1758351024
|switch|p2a: Great Tusk|Great Tusk|100/100
|move|p1a: Raikou|Calm Mind|p1a: Raikou
|-boost|p1a: Raikou|spa|1
|-boost|p1a: Raikou|spd|1
|
|upkeep
|turn|3
|
|t:|1758351035
|switch|p1a: Orthrelm|Orthworm, F|100/100
|-activate|p1a: Orthrelm|move: Sticky Web
|-unboost|p1a: Orthrelm|spe|1
|move|p2a: Great Tusk|Headlong Rush|p1a: Orthrelm
|-immune|p1a: Orthrelm|[from] ability: Earth Eater
|
|upkeep
|turn|4
|
|t:|1758351042
|move|p2a: Great Tusk|Headlong Rush|p1a: Orthrelm
|-immune|p1a: Orthrelm|[from] ability: Earth Eater
|move|p1a: Orthrelm|Iron Defense|p1a: Orthrelm
|-boost|p1a: Orthrelm|def|2
|
|upkeep
|turn|5
|
|t:|1758351129
|-end|p2a: Great Tusk|Protosynthesis|[silent]
|switch|p2a: Enamorus|Enamorus, F|100/100
|move|p1a: Orthrelm|Body Press|p2a: Enamorus
|-resisted|p2a: Enamorus
|-damage|p2a: Enamorus|74/100
|
|upkeep
|turn|6
|
|t:|1758351146
|move|p2a: Enamorus|Mystical Fire|p1a: Orthrelm
|-supereffective|p1a: Orthrelm
|-damage|p1a: Orthrelm|22/100
|-unboost|p1a: Orthrelm|spa|1
|move|p1a: Orthrelm|Iron Head|p2a: Enamorus
|-supereffective|p2a: Enamorus
|-damage|p2a: Enamorus|0 fnt
|faint|p2a: Enamorus
|
|-heal|p1a: Orthrelm|28/100|[from] item: Leftovers
|upkeep
|
|t:|1758351172
|switch|p2a: Ceruledge|Ceruledge, M|100/100
|turn|7
|
|t:|1758351184
|-terastallize|p2a: Ceruledge|Ghost
|move|p2a: Ceruledge|Swords Dance|p2a: Ceruledge
|-boost|p2a: Ceruledge|atk|2
|move|p1a: Orthrelm|Stealth Rock|p2a: Ceruledge
|-sidestart|p2: megaYama|move: Stealth Rock
|
|-heal|p1a: Orthrelm|34/100|[from] item: Leftovers
|upkeep
|turn|8
|
|t:|1758351195
|move|p2a: Ceruledge|Swords Dance|p2a: Ceruledge
|-boost|p2a: Ceruledge|atk|2
|move|p1a: Orthrelm|Iron Head|p2a: Ceruledge
|-damage|p2a: Ceruledge|69/100
|-ability|p2a: Ceruledge|Weak Armor|boost
|-unboost|p2a: Ceruledge|def|1
|-boost|p2a: Ceruledge|spe|2
|
|-heal|p1a: Orthrelm|40/100|[from] item: Leftovers
|upkeep
|turn|9
|
|t:|1758351203
|move|p2a: Ceruledge|Bitter Blade|p1a: Orthrelm
|-supereffective|p1a: Orthrelm
|-damage|p1a: Orthrelm|0 fnt
|-heal|p2a: Ceruledge|93/100|[from] drain|[of] p1a: Orthrelm
|faint|p1a: Orthrelm
|
|upkeep
|
|t:|1758351207
|switch|p1a: Tentacruel|Tentacruel, F|100/100
|-activate|p1a: Tentacruel|move: Sticky Web
|-unboost|p1a: Tentacruel|spe|1
|turn|10
|
|t:|1758351221
|move|p2a: Ceruledge|Poltergeist|p1a: Tentacruel
|-activate|p1a: Tentacruel|move: Poltergeist|Leftovers
|-damage|p1a: Tentacruel|0 fnt
|faint|p1a: Tentacruel
|
|upkeep
|
|t:|1758351243
|switch|p1a: Sandaconda|Sandaconda, M|100/100
|-activate|p1a: Sandaconda|move: Sticky Web
|-unboost|p1a: Sandaconda|spe|1
|turn|11
|c|☆are you jesus?|gg
|-message|are you jesus? forfeited.
|
|win|megaYama
|raw|are you jesus?'s rating: 1108 &rarr; <strong>1083</strong><br />(-25 for losing)
|raw|megaYama's rating: 1111 &rarr; <strong>1136</strong><br />(+25 for winning)
|l|☆are you jesus?
|player|p1|
|l|☆megaYama
|player|p2|
