|j|☆appleuser3000
|j|☆vywxiwjxjwk
|t:|1758301843
|gametype|singles
|player|p1|appleuser3000|marley|1381
|player|p2|vywxiwjxjwk|n|1399
|gen|9
|tier|[Gen 9] OU
|rated|
|rule|HP Percentage Mod: HP is shown in percentages
|rule|Endless Battle Clause: Forcing endless battles is banned
|rule|Species Clause: Limit one of each Pokémon
|rule|OHKO Clause: OHKO moves are banned
|rule|Evasion Items Clause: Evasion items are banned
|rule|Evasion Moves Clause: Evasion moves are banned
|rule|Evasion Abilities Clause: Evasion abilities are banned
|rule|Sleep Moves Clause: Sleep-inducing moves are banned
|clearpoke
|poke|p1|Gliscor, M|
|poke|p1|Gholdengo|
|poke|p1|Great Tusk|
|poke|p1|Raging Bolt|
|poke|p1|Moltres|
|poke|p1|Toxicroak, M|
|poke|p2|Samurott-Hisui, F|
|poke|p2|Great Tusk|
|poke|p2|Volcanion|
|poke|p2|Hydrapple, F|
|poke|p2|Gholdengo|
|poke|p2|Landorus-Therian, M|
|teampreview
|inactive|Battle timer is ON: inactive players will automatically lose when time's up. (requested by appleuser3000)
|inactive|vywxiwjxjwk also wants the timer to be on.
|
|t:|1758301855
|teamsize|p1|6
|teamsize|p2|6
|start
|switch|p1a: Geto|Toxicroak, M, shiny|100/100
|switch|p2a: King Tusk|Great Tusk|100/100
|turn|1
|
|t:|1758301860
|move|p1a: Geto|Protect|p1a: Geto
|-singleturn|p1a: Geto|Protect
|move|p2a: King Tusk|Stealth Rock|p1a: Geto
|-sidestart|p1: appleuser3000|move: Stealth Rock
|
|upkeep
|turn|2
|
|t:|1758301864
|switch|p1a: ryomen sukuna|Moltres, shiny|100/100
|move|p2a: King Tusk|Headlong Rush|p1a: ryomen sukuna
|-immune|p1a: ryomen sukuna
|
|upkeep
|turn|3
|
|t:|1758301870
|-end|p2a: King Tusk|Protosynthesis|[silent]
|switch|p2a: Erupting Star|Volcanion|100/100
|move|p1a: ryomen sukuna|Will-O-Wisp|p2a: Erupting Star
|-immune|p2a: Erupting Star
|
|upkeep
|turn|4
|
|t:|1758301888
|move|p2a: Erupting Star|Will-O-Wisp|p1a: ryomen sukuna
|-immune|p1a: ryomen sukuna
|move|p1a: ryomen sukuna|U-turn|p2a: Erupting Star
|-resisted|p2a: Erupting Star
|-damage|p2a: Erupting Star|95/100
|
|t:|1758301891
|switch|p1a: itsumaki|Gliscor, M, shiny|100/100|[from] U-turn
|-damage|p1a: itsumaki|88/100|[from] Stealth Rock
|
|-status|p1a: itsumaki|tox|[from] item: Toxic Orb
|upkeep
|turn|5
|
|t:|1758301897
|move|p2a: Erupting Star|Steam Eruption|p1a: itsumaki
|-supereffective|p1a: itsumaki
|-damage|p1a: itsumaki|0 fnt
|faint|p1a: itsumaki
|
|upkeep
|inactive|appleuser3000 has 120 seconds left.
|inactive|appleuser3000 has 90 seconds left.
|inactive|appleuser3000 has 60 seconds left.
|
|t:|1758301992
|switch|p1a: maharaga|Raging Bolt|100/100
|-damage|p1a: maharaga|88/100|[from] Stealth Rock
|-enditem|p1a: maharaga|Booster Energy
|-activate|p1a: maharaga|ability: Protosynthesis|[fromitem]
|-start|p1a: maharaga|protosynthesisspa
|turn|6
|
|t:|1758302001
|switch|p2a: Heart of Ghold|Gholdengo|100/100
|-item|p2a: Heart of Ghold|Air Balloon
|move|p1a: maharaga|Draco Meteor|p2a: Heart of Ghold
|-resisted|p2a: Heart of Ghold
|-damage|p2a: Heart of Ghold|53/100
|-unboost|p1a: maharaga|spa|2
|-enditem|p2a: Heart of Ghold|Air Balloon
|
|upkeep
|turn|7
|
|t:|1758302018
|move|p2a: Heart of Ghold|Recover|p2a: Heart of Ghold
|-heal|p2a: Heart of Ghold|100/100
|move|p1a: maharaga|Calm Mind|p1a: maharaga
|-boost|p1a: maharaga|spa|1
|-boost|p1a: maharaga|spd|1
|
|upkeep
|turn|8
|
|t:|1758302024
|switch|p2a: King Tusk|Great Tusk|100/100
|move|p1a: maharaga|Calm Mind|p1a: maharaga
|-boost|p1a: maharaga|spa|1
|-boost|p1a: maharaga|spd|1
|
|upkeep
|turn|9
|inactive|appleuser3000 has 60 seconds left.
|
|t:|1758302066
|move|p2a: King Tusk|Headlong Rush|p1a: maharaga
|-supereffective|p1a: maharaga
|-damage|p1a: maharaga|0 fnt
|-unboost|p2a: King Tusk|def|1
|-unboost|p2a: King Tusk|spd|1
|faint|p1a: maharaga
|-end|p1a: maharaga|Protosynthesis|[silent]
|
|upkeep
|-message|appleuser3000 forfeited.
|
|win|vywxiwjxjwk
|raw|appleuser3000's rating: 1381 &rarr; <strong>1362</strong><br />(-19 for losing)
|raw|vywxiwjxjwk's rating: 1399 &rarr; <strong>1418</strong><br />(+19 for winning)
|l|☆appleuser3000
|player|p1|
