|j|☆mangoseedplant
|j|☆capitolg
|t:|1758313596
|gametype|singles
|player|p1|mangoseedplant|2|1269
|player|p2|capitolg|bellelba|1311
|gen|9
|tier|[Gen 9] OU
|rated|
|rule|HP Percentage Mod: HP is shown in percentages
|rule|Endless Battle Clause: Forcing endless battles is banned
|rule|Species Clause: Limit one of each Pokémon
|rule|OHKO Clause: OHKO moves are banned
|rule|Evasion Items Clause: Evasion items are banned
|rule|Evasion Moves Clause: Evasion moves are banned
|rule|Evasion Abilities Clause: Evasion abilities are banned
|rule|Sleep Moves Clause: Sleep-inducing moves are banned
|clearpoke
|poke|p1|Pelipper, F|
|poke|p1|Barraskewda, F|
|poke|p1|Iron Treads|
|poke|p1|Raging Bolt|
|poke|p1|Tornadus-Therian, M|
|poke|p1|Iron Valiant|
|poke|p2|Masquerain, F|
|poke|p2|Articuno-Galar|
|poke|p2|Smeargle, F|
|poke|p2|Empoleon, F|
|poke|p2|Passimian, F|
|poke|p2|Chandelure, F|
|teampreview
|inactive|Battle timer is ON: inactive players will automatically lose when time's up. (requested by mangoseedplant)
|
|t:|1758313601
|teamsize|p1|6
|teamsize|p2|6
|start
|switch|p1a: Pelipper|Pelipper, F|100/100
|switch|p2a: Masquerain|Masquerain, F|100/100
|-ability|p2a: Masquerain|Intimidate|boost
|-unboost|p1a: Pelipper|atk|1
|-weather|RainDance|[from] ability: Drizzle|[of] p1a: Pelipper
|turn|1
|
|t:|1758313610
|move|p2a: Masquerain|Sticky Web|p1a: Pelipper
|-sidestart|p1: mangoseedplant|move: Sticky Web
|move|p1a: Pelipper|Hurricane|p2a: Masquerain
|-supereffective|p2a: Masquerain
|-damage|p2a: Masquerain|16/100
|
|-weather|RainDance|[upkeep]
|upkeep
|turn|2
|
|t:|1758313619
|move|p2a: Masquerain|Ice Beam|p1a: Pelipper
|-damage|p1a: Pelipper|71/100
|move|p1a: Pelipper|Hurricane|p2a: Masquerain
|-supereffective|p2a: Masquerain
|-damage|p2a: Masquerain|0 fnt
|faint|p2a: Masquerain
|
|-weather|RainDance|[upkeep]
|upkeep
|
|t:|1758313621
|switch|p2a: Smeargle|Smeargle, F|100/100
|turn|3
|
|t:|1758313632
|move|p1a: Pelipper|U-turn|p2a: Smeargle
|-damage|p2a: Smeargle|86/100
|
|t:|1758313635
|switch|p1a: Iron Treads|Iron Treads|100/100|[from] U-turn
|-activate|p1a: Iron Treads|move: Sticky Web
|-unboost|p1a: Iron Treads|spe|1
|-enditem|p1a: Iron Treads|Booster Energy
|-activate|p1a: Iron Treads|ability: Quark Drive|[fromitem]
|-start|p1a: Iron Treads|quarkdrivedef
|move|p2a: Smeargle|Trick Room|p2a: Smeargle
|-fieldstart|move: Trick Room|[of] p2a: Smeargle
|
|-weather|RainDance|[upkeep]
|upkeep
|turn|4
|
|t:|1758313646
|move|p2a: Smeargle|Burning Bulwark|p2a: Smeargle
|-singleturn|p2a: Smeargle|move: Protect
|move|p1a: Iron Treads|Knock Off|p2a: Smeargle
|-activate|p2a: Smeargle|move: Protect
|-status|p1a: Iron Treads|brn
|
|-weather|RainDance|[upkeep]
|-damage|p1a: Iron Treads|94/100 brn|[from] brn
|upkeep
|turn|5
|
|t:|1758313656
|move|p2a: Smeargle|Court Change|p2a: Smeargle
|-swapsideconditions
|-activate|p2a: Smeargle|move: Court Change
|move|p1a: Iron Treads|Rapid Spin|p2a: Smeargle
|-damage|p2a: Smeargle|71/100
|-boost|p1a: Iron Treads|spe|1
|
|-weather|RainDance|[upkeep]
|-damage|p1a: Iron Treads|88/100 brn|[from] brn
|upkeep
|turn|6
|
|t:|1758313665
|move|p2a: Smeargle|Taunt|p1a: Iron Treads
|-start|p1a: Iron Treads|move: Taunt
|move|p1a: Iron Treads|Knock Off|p2a: Smeargle
|-damage|p2a: Smeargle|43/100
|-enditem|p2a: Smeargle|Focus Sash|[from] move: Knock Off|[of] p1a: Iron Treads
|
|-weather|RainDance|[upkeep]
|-damage|p1a: Iron Treads|82/100 brn|[from] brn
|upkeep
|turn|7
|
|t:|1758313680
|move|p2a: Smeargle|Burning Bulwark|p2a: Smeargle
|-singleturn|p2a: Smeargle|move: Protect
|move|p1a: Iron Treads|Earthquake|p2a: Smeargle
|-activate|p2a: Smeargle|move: Protect
|
|-weather|RainDance|[upkeep]
|-damage|p1a: Iron Treads|76/100 brn|[from] brn
|-fieldend|move: Trick Room
|upkeep
|turn|8
|
|t:|1758313689
|move|p1a: Iron Treads|Knock Off|p2a: Smeargle
|-damage|p2a: Smeargle|23/100
|move|p2a: Smeargle|Trick Room|p2a: Smeargle
|-fieldstart|move: Trick Room|[of] p2a: Smeargle
|
|-weather|none
|-damage|p1a: Iron Treads|70/100 brn|[from] brn
|-end|p1a: Iron Treads|move: Taunt
|upkeep
|turn|9
|
|t:|1758313700
|switch|p2a: Passimian|Passimian, F|100/100
|-activate|p2a: Passimian|move: Sticky Web
|-unboost|p2a: Passimian|spe|1
|-ability|p2a: Passimian|Defiant|boost
|-boost|p2a: Passimian|atk|2
|-end|p1a: Iron Treads|Quark Drive|[silent]
|switch|p1a: Pelipper|Pelipper, F|71/100
|-weather|RainDance|[from] ability: Drizzle|[of] p1a: Pelipper
|
|-weather|RainDance|[upkeep]
|upkeep
|turn|10
|
|t:|1758313712
|move|p1a: Pelipper|Hurricane|p2a: Passimian
|-supereffective|p2a: Passimian
|-damage|p2a: Passimian|4/100
|-enditem|p2a: Passimian|Sitrus Berry|[eat]
|-heal|p2a: Passimian|29/100|[from] item: Sitrus Berry
|move|p2a: Passimian|Facade|p1a: Pelipper
|-damage|p1a: Pelipper|27/100
|
|-weather|RainDance|[upkeep]
|upkeep
|turn|11
|
|t:|1758313721
|move|p1a: Pelipper|Hurricane|p2a: Passimian
|-supereffective|p2a: Passimian
|-crit|p2a: Passimian
|-damage|p2a: Passimian|0 fnt
|faint|p2a: Passimian
|
|-weather|RainDance|[upkeep]
|upkeep
|
|t:|1758313730
|switch|p2a: Articuno|Articuno-Galar|100/100
|-activate|p2a: Articuno|move: Sticky Web
|-unboost|p2a: Articuno|spe|1
|-ability|p2a: Articuno|Competitive|boost
|-boost|p2a: Articuno|spa|2
|turn|12
|
|t:|1758313737
|move|p2a: Articuno|Freezing Glare|p1a: Pelipper
|-damage|p1a: Pelipper|0 fnt
|faint|p1a: Pelipper
|
|-weather|RainDance|[upkeep]
|-fieldend|move: Trick Room
|upkeep
|
|t:|1758313746
|switch|p1a: Raging Bolt|Raging Bolt|100/100
|-enditem|p1a: Raging Bolt|Booster Energy
|-activate|p1a: Raging Bolt|ability: Protosynthesis|[fromitem]
|-start|p1a: Raging Bolt|protosynthesisspa
|turn|13
|
|t:|1758313751
|switch|p2a: Smeargle|Smeargle, F|23/100
|-activate|p2a: Smeargle|move: Sticky Web
|-unboost|p2a: Smeargle|spe|1
|move|p1a: Raging Bolt|Thunder|p2a: Smeargle
|-damage|p2a: Smeargle|0 fnt
|faint|p2a: Smeargle
|
|-weather|RainDance|[upkeep]
|upkeep
|
|t:|1758313754
|switch|p2a: Chandelure|Chandelure, F|100/100
|-activate|p2a: Chandelure|move: Sticky Web
|-unboost|p2a: Chandelure|spe|1
|turn|14
|
|t:|1758313766
|move|p1a: Raging Bolt|Weather Ball|p2a: Chandelure
|-supereffective|p2a: Chandelure
|-enditem|p2a: Chandelure|Focus Sash
|-damage|p2a: Chandelure|1/100
|move|p2a: Chandelure|Trick Room|p2a: Chandelure
|-fieldstart|move: Trick Room|[of] p2a: Chandelure
|
|-weather|RainDance|[upkeep]
|upkeep
|turn|15
|
|t:|1758313774
|move|p1a: Raging Bolt|Thunderclap|p2a: Chandelure
|-damage|p2a: Chandelure|0 fnt
|faint|p2a: Chandelure
|
|-weather|RainDance|[upkeep]
|upkeep
|
|t:|1758313776
|switch|p2a: Empoleon|Empoleon, F|100/100
|-activate|p2a: Empoleon|move: Sticky Web
|-unboost|p2a: Empoleon|spe|1
|-ability|p2a: Empoleon|Competitive|boost
|-boost|p2a: Empoleon|spa|2
|turn|16
|
|t:|1758313785
|move|p2a: Empoleon|Ice Beam|p1a: Raging Bolt
|-supereffective|p1a: Raging Bolt
|-crit|p1a: Raging Bolt
|-damage|p1a: Raging Bolt|0 fnt
|faint|p1a: Raging Bolt
|-end|p1a: Raging Bolt|Protosynthesis|[silent]
|
|-weather|none
|upkeep
|
|t:|1758313798
|switch|p1a: Iron Treads|Iron Treads|70/100 brn
|turn|17
|
|t:|1758313803
|move|p2a: Empoleon|Surf|p1a: Iron Treads
|-supereffective|p1a: Iron Treads
|-damage|p1a: Iron Treads|0 fnt
|faint|p1a: Iron Treads
|-end|p1a: Iron Treads|Quark Drive|[silent]
|
|upkeep
|
|t:|1758313809
|switch|p1a: Barraskewda|Barraskewda, F|100/100
|turn|18
|
|t:|1758313813
|move|p2a: Empoleon|Surf|p1a: Barraskewda
|-resisted|p1a: Barraskewda
|-damage|p1a: Barraskewda|0 fnt
|faint|p1a: Barraskewda
|
|-fieldend|move: Trick Room
|upkeep
|
|t:|1758313819
|switch|p1a: Iron Valiant|Iron Valiant|100/100
|turn|19
|
|t:|1758313823
|-terastallize|p2a: Empoleon|Flying
|move|p1a: Iron Valiant|Close Combat|p2a: Empoleon
|-resisted|p2a: Empoleon
|-damage|p2a: Empoleon|69/100
|-unboost|p1a: Iron Valiant|def|1
|-unboost|p1a: Iron Valiant|spd|1
|-damage|p1a: Iron Valiant|91/100|[from] item: Life Orb
|move|p2a: Empoleon|Air Slash|p1a: Iron Valiant
|-supereffective|p1a: Iron Valiant
|-damage|p1a: Iron Valiant|0 fnt
|faint|p1a: Iron Valiant
|-end|p1a: Iron Valiant|Quark Drive|[silent]
|
|upkeep
|
|t:|1758313835
|switch|p1a: Tornadus|Tornadus-Therian, M|100/100
|turn|20
|
|t:|1758313840
|-terastallize|p1a: Tornadus|Flying
|move|p1a: Tornadus|Hurricane|p2a: Empoleon
|-damage|p2a: Empoleon|18/100
|move|p2a: Empoleon|Ice Beam|p1a: Tornadus
|-supereffective|p1a: Tornadus
|-damage|p1a: Tornadus|0 fnt
|faint|p1a: Tornadus
|
|win|capitolg
|raw|mangoseedplant's rating: 1269 &rarr; <strong>1247</strong><br />(-22 for losing)
|raw|capitolg's rating: 1311 &rarr; <strong>1329</strong><br />(+18 for winning)
|l|☆capitolg
|player|p2|
|l|☆mangoseedplant
|player|p1|
