|j|☆TUMECENTZELL
|j|‽Cyb90
|t:|1758261419
|gametype|singles
|player|p1|TUMECENTZELL|170|1214
|player|p2|Cyb90|hugh|1243
|gen|9
|tier|[Gen 9] OU
|rated|
|rule|HP Percentage Mod: HP is shown in percentages
|rule|Endless Battle Clause: Forcing endless battles is banned
|rule|Species Clause: Limit one of each Pokémon
|rule|OHKO Clause: OHKO moves are banned
|rule|Evasion Items Clause: Evasion items are banned
|rule|Evasion Moves Clause: Evasion moves are banned
|rule|Evasion Abilities Clause: Evasion abilities are banned
|rule|Sleep Moves Clause: Sleep-inducing moves are banned
|clearpoke
|poke|p1|Lokix, M|
|poke|p1|Goodra, F|
|poke|p1|Slowbro, F|
|poke|p1|Corviknight, M|
|poke|p1|Staraptor, F|
|poke|p1|Iron Moth|
|poke|p2|Gengar, F|
|poke|p2|Weavile, F|
|poke|p2|Dragonite, M|
|poke|p2|Heatran, F|
|poke|p2|Rotom-Wash|
|poke|p2|Great Tusk|
|teampreview
|
|t:|1758261430
|teamsize|p1|6
|teamsize|p2|6
|start
|switch|p1a: Staraptor|Staraptor, F|100/100
|switch|p2a: Gengar|Gengar, F|100/100
|turn|1
|inactive|Battle timer is ON: inactive players will automatically lose when time's up. (requested by TUMECENTZELL)
|
|t:|1758261445
|move|p1a: Staraptor|Brave Bird|p2a: Gengar
|-damage|p2a: Gengar|0 fnt
|faint|p2a: Gengar
|-damage|p1a: Staraptor|73/100|[from] Recoil
|
|upkeep
|
|t:|1758261454
|switch|p2a: Great Tusk|Great Tusk|100/100
|-enditem|p2a: Great Tusk|Booster Energy
|-activate|p2a: Great Tusk|ability: Protosynthesis|[fromitem]
|-start|p2a: Great Tusk|protosynthesisatk
|turn|2
|
|t:|1758261461
|move|p1a: Staraptor|Brave Bird|p2a: Great Tusk
|-supereffective|p2a: Great Tusk
|-damage|p2a: Great Tusk|7/100
|-damage|p1a: Staraptor|30/100|[from] Recoil
|move|p2a: Great Tusk|Bulk Up|p2a: Great Tusk
|-boost|p2a: Great Tusk|atk|1
|-boost|p2a: Great Tusk|def|1
|
|upkeep
|turn|3
|
|t:|1758261470
|move|p1a: Staraptor|Brave Bird|p2a: Great Tusk
|-supereffective|p2a: Great Tusk
|-damage|p2a: Great Tusk|0 fnt
|faint|p2a: Great Tusk
|-end|p2a: Great Tusk|Protosynthesis|[silent]
|-damage|p1a: Staraptor|27/100|[from] Recoil
|
|upkeep
|
|t:|1758261481
|switch|p2a: Heatran|Heatran, F|100/100
|turn|4
|
|t:|1758261485
|switch|p1a: Goodra|Goodra, F|100/100
|move|p2a: Heatran|Stealth Rock|p1a: Goodra
|-sidestart|p1: TUMECENTZELL|move: Stealth Rock
|
|upkeep
|turn|5
|
|t:|1758261502
|switch|p2a: Rotom|Rotom-Wash|100/100
|move|p1a: Goodra|Scald|p2a: Rotom
|-resisted|p2a: Rotom
|-damage|p2a: Rotom|90/100
|-status|p2a: Rotom|brn
|
|-heal|p2a: Rotom|96/100 brn|[from] item: Leftovers
|-damage|p2a: Rotom|90/100 brn|[from] brn
|upkeep
|turn|6
|
|t:|1758261517
|move|p2a: Rotom|Will-O-Wisp|p1a: Goodra
|-status|p1a: Goodra|brn
|move|p1a: Goodra|Dragon Pulse|p2a: Rotom
|-damage|p2a: Rotom|53/100 brn
|
|-heal|p2a: Rotom|60/100 brn|[from] item: Leftovers
|-damage|p2a: Rotom|53/100 brn|[from] brn
|-damage|p1a: Goodra|94/100 brn|[from] brn
|upkeep
|turn|7
|
|t:|1758261527
|move|p2a: Rotom|Pain Split|p1a: Goodra
|-sethp|p1a: Goodra|68/100 brn|[from] move: Pain Split|[silent]
|-sethp|p2a: Rotom|86/100 brn|[from] move: Pain Split
|move|p1a: Goodra|Dragon Pulse|p2a: Rotom
|-damage|p2a: Rotom|53/100 brn
|
|-heal|p2a: Rotom|59/100 brn|[from] item: Leftovers
|-damage|p2a: Rotom|53/100 brn|[from] brn
|-damage|p1a: Goodra|62/100 brn|[from] brn
|upkeep
|turn|8
|
|t:|1758261545
|switch|p1a: Staraptor|Staraptor, F|27/100
|-damage|p1a: Staraptor|2/100|[from] Stealth Rock
|move|p2a: Rotom|Volt Switch|p1a: Staraptor
|-supereffective|p1a: Staraptor
|-damage|p1a: Staraptor|0 fnt
|faint|p1a: Staraptor
|
|t:|1758261561
|switch|p2a: Weavile|Weavile, F|100/100|[from] Volt Switch
|-ability|p2a: Weavile|Pressure
|
|upkeep
|
|t:|1758261567
|switch|p1a: Corviknight|Corviknight, M|100/100
|-damage|p1a: Corviknight|88/100|[from] Stealth Rock
|-ability|p1a: Corviknight|Pressure
|turn|9
|
|t:|1758261576
|switch|p2a: Heatran|Heatran, F|100/100
|move|p1a: Corviknight|Defog|p2a: Heatran
|-unboost|p2a: Heatran|evasion|1
|-sideend|p1: TUMECENTZELL|Stealth Rock|[from] move: Defog|[of] p1a: Corviknight
|
|upkeep
|turn|10
|
|t:|1758261584
|switch|p1a: Goodra|Goodra, F|62/100 brn
|move|p2a: Heatran|Lava Plume|p1a: Goodra
|-resisted|p1a: Goodra
|-damage|p1a: Goodra|52/100 brn
|
|-damage|p1a: Goodra|46/100 brn|[from] brn
|upkeep
|turn|11
|
|t:|1758261597
|move|p1a: Goodra|Scald|p2a: Heatran
|-supereffective|p2a: Heatran
|-damage|p2a: Heatran|59/100
|move|p2a: Heatran|Flash Cannon|p1a: Goodra
|-damage|p1a: Goodra|26/100 brn
|
|-heal|p2a: Heatran|65/100|[from] item: Leftovers
|-damage|p1a: Goodra|20/100 brn|[from] brn
|upkeep
|turn|12
|
|t:|1758261608
|switch|p2a: Rotom|Rotom-Wash|53/100 brn
|move|p1a: Goodra|Scald|p2a: Rotom
|-resisted|p2a: Rotom
|-damage|p2a: Rotom|41/100 brn
|
|-heal|p2a: Rotom|47/100 brn|[from] item: Leftovers
|-damage|p2a: Rotom|41/100 brn|[from] brn
|-damage|p1a: Goodra|14/100 brn|[from] brn
|upkeep
|turn|13
|
|t:|1758261619
|move|p2a: Rotom|Hydro Pump|p1a: Goodra
|-resisted|p1a: Goodra
|-damage|p1a: Goodra|4/100 brn
|move|p1a: Goodra|Dragon Pulse|p2a: Rotom
|-damage|p2a: Rotom|5/100 brn
|
|-heal|p2a: Rotom|11/100 brn|[from] item: Leftovers
|-damage|p2a: Rotom|5/100 brn|[from] brn
|-damage|p1a: Goodra|0 fnt|[from] brn
|faint|p1a: Goodra
|upkeep
|inactive|TUMECENTZELL has 120 seconds left.
|
|t:|1758261653
|switch|p1a: Lokix|Lokix, M|100/100
|turn|14
|
|t:|1758261659
|move|p1a: Lokix|First Impression|p2a: Rotom
|-damage|p2a: Rotom|0 fnt
|faint|p2a: Rotom
|
|upkeep
|inactive|Cyb90 has 120 seconds left.
|
|t:|1758261696
|switch|p2a: Dragonite|Dragonite, M|100/100
|turn|15
|
|t:|1758261700
|move|p1a: Lokix|Knock Off|p2a: Dragonite
|-damage|p2a: Dragonite|75/100
|-enditem|p2a: Dragonite|Heavy-Duty Boots|[from] move: Knock Off|[of] p1a: Lokix
|move|p2a: Dragonite|Dragon Claw|p1a: Lokix
|-damage|p1a: Lokix|27/100
|
|upkeep
|turn|16
|
|t:|1758261708
|switch|p1a: Slowbro|Slowbro, F|100/100
|move|p2a: Dragonite|Dragon Claw|p1a: Slowbro
|-crit|p1a: Slowbro
|-damage|p1a: Slowbro|59/100
|
|-heal|p1a: Slowbro|65/100|[from] item: Leftovers
|upkeep
|turn|17
|
|t:|1758261726
|switch|p2a: Weavile|Weavile, F|100/100
|-ability|p2a: Weavile|Pressure
|move|p1a: Slowbro|Scald|p2a: Weavile
|-damage|p2a: Weavile|62/100
|
|-heal|p1a: Slowbro|71/100|[from] item: Leftovers
|upkeep
|turn|18
|
|t:|1758261736
|switch|p1a: Corviknight|Corviknight, M|88/100
|-ability|p1a: Corviknight|Pressure
|move|p2a: Weavile|Knock Off|p1a: Corviknight
|-damage|p1a: Corviknight|54/100
|-damage|p2a: Weavile|46/100|[from] item: Rocky Helmet|[of] p1a: Corviknight
|-enditem|p1a: Corviknight|Rocky Helmet|[from] move: Knock Off|[of] p2a: Weavile
|
|upkeep
|turn|19
|
|t:|1758261750
|switch|p2a: Heatran|Heatran, F|65/100
|move|p1a: Corviknight|Roost|p1a: Corviknight
|-heal|p1a: Corviknight|100/100
|-singleturn|p1a: Corviknight|move: Roost
|
|-heal|p2a: Heatran|71/100|[from] item: Leftovers
|upkeep
|turn|20
|inactive|Cyb90 has 120 seconds left.
|
|t:|1758261766
|move|p2a: Heatran|Stealth Rock|p1a: Corviknight
|-sidestart|p1: TUMECENTZELL|move: Stealth Rock
|move|p1a: Corviknight|Brave Bird|p2a: Heatran
|-resisted|p2a: Heatran
|-damage|p2a: Heatran|56/100
|-damage|p1a: Corviknight|96/100|[from] Recoil
|
|-heal|p2a: Heatran|62/100|[from] item: Leftovers
|upkeep
|turn|21
|inactive|Cyb90 has 120 seconds left.
|l|‽Cyb90
|inactive|Cyb90 disconnected and has a minute to reconnect!
|player|p2|
|inactive|Cyb90 has 30 seconds to reconnect!
|inactive|Cyb90 has 20 seconds to reconnect!
|inactive|Cyb90 has 15 seconds to reconnect!
|inactive|Cyb90 has 10 seconds to reconnect!
|inactive|Cyb90 has 5 seconds to reconnect!
|-message|Cyb90 lost due to inactivity.
|
|win|TUMECENTZELL
|raw|TUMECENTZELL's rating: 1214 &rarr; <strong>1241</strong><br />(+27 for winning)
|raw|Cyb90's rating: 1243 &rarr; <strong>1216</strong><br />(-27 for losing)
|l|☆TUMECENTZELL
|player|p1|
