|j|☆Onaerybluer
|j|☆axunyu
|t:|1758317389
|gametype|singles
|player|p1|Onaerybluer|bellelba|1296
|player|p2|axunyu|169|1285
|gen|9
|tier|[Gen 9] OU
|rated|
|rule|HP Percentage Mod: HP is shown in percentages
|rule|Endless Battle Clause: Forcing endless battles is banned
|rule|Species Clause: Limit one of each Pokémon
|rule|OHKO Clause: OHKO moves are banned
|rule|Evasion Items Clause: Evasion items are banned
|rule|Evasion Moves Clause: Evasion moves are banned
|rule|Evasion Abilities Clause: Evasion abilities are banned
|rule|Sleep Moves Clause: Sleep-inducing moves are banned
|clearpoke
|poke|p1|Cinderace, F|
|poke|p1|Vespiquen, F|
|poke|p1|Primarina, F|
|poke|p1|Meowscarada, F|
|poke|p1|Hatterene, F|
|poke|p1|Gliscor, F|
|poke|p2|Walking Wake|
|poke|p2|Torkoal, F|
|poke|p2|Scovillain, M|
|poke|p2|Great Tusk|
|poke|p2|Gallade, M|
|poke|p2|Dragapult, F|
|teampreview
|inactive|Battle timer is ON: inactive players will automatically lose when time's up. (requested by Onaerybluer)
|
|t:|1758317398
|teamsize|p1|6
|teamsize|p2|6
|start
|switch|p1a: Belle|Meowscarada, F, shiny|100/100
|switch|p2a: Dragapult|Dragapult, F|100/100
|turn|1
|
|t:|1758317403
|move|p1a: Belle|Knock Off|p2a: Dragapult
|-start|p1a: Belle|typechange|Dark|[from] ability: Protean
|-supereffective|p2a: Dragapult
|-damage|p2a: Dragapult|0 fnt
|-enditem|p2a: Dragapult|Choice Band|[from] move: Knock Off|[of] p1a: Belle
|faint|p2a: Dragapult
|
|upkeep
|
|t:|1758317420
|switch|p2a: Torkoal|Torkoal, F, shiny|100/100
|-weather|SunnyDay|[from] ability: Drought|[of] p2a: Torkoal
|turn|2
|
|t:|1758317426
|switch|p2a: Great Tusk|Great Tusk|100/100
|-activate|p2a: Great Tusk|ability: Protosynthesis
|-start|p2a: Great Tusk|protosynthesisatk
|move|p1a: Belle|Knock Off|p2a: Great Tusk
|-resisted|p2a: Great Tusk
|-damage|p2a: Great Tusk|85/100
|-enditem|p2a: Great Tusk|Heavy-Duty Boots|[from] move: Knock Off|[of] p1a: Belle
|
|-weather|SunnyDay|[upkeep]
|upkeep
|turn|3
|
|t:|1758317433
|switch|p1a: Buffy|Vespiquen, F|100/100
|-ability|p1a: Buffy|Pressure
|move|p2a: Great Tusk|Stealth Rock|p1a: Buffy
|-sidestart|p1: Onaerybluer|move: Stealth Rock
|
|-weather|SunnyDay|[upkeep]
|upkeep
|turn|4
|
|t:|1758317438
|move|p2a: Great Tusk|Ice Spinner|p1a: Buffy
|-supereffective|p1a: Buffy
|-damage|p1a: Buffy|50/100
|move|p1a: Buffy|Toxic|p2a: Great Tusk
|-status|p2a: Great Tusk|tox
|
|-weather|SunnyDay|[upkeep]
|-damage|p2a: Great Tusk|79/100 tox|[from] psn
|upkeep
|turn|5
|
|t:|1758317442
|move|p1a: Buffy|Protect|p1a: Buffy
|-singleturn|p1a: Buffy|Protect
|move|p2a: Great Tusk|Rapid Spin|p1a: Buffy
|-activate|p1a: Buffy|move: Protect
|
|-weather|SunnyDay|[upkeep]
|-damage|p2a: Great Tusk|67/100 tox|[from] psn
|upkeep
|turn|6
|
|t:|1758317447
|move|p2a: Great Tusk|Ice Spinner|p1a: Buffy
|-supereffective|p1a: Buffy
|-damage|p1a: Buffy|0 fnt
|faint|p1a: Buffy
|
|-weather|SunnyDay|[upkeep]
|-damage|p2a: Great Tusk|48/100 tox|[from] psn
|upkeep
|
|t:|1758317452
|switch|p1a: Belle|Meowscarada, F, shiny|100/100
|-damage|p1a: Belle|88/100|[from] Stealth Rock
|turn|7
|
|t:|1758317456
|move|p1a: Belle|Play Rough|p2a: Great Tusk
|-start|p1a: Belle|typechange|Fairy|[from] ability: Protean
|-supereffective|p2a: Great Tusk
|-damage|p2a: Great Tusk|0 fnt
|faint|p2a: Great Tusk
|-end|p2a: Great Tusk|Protosynthesis|[silent]
|
|-weather|SunnyDay|[upkeep]
|upkeep
|
|t:|1758317464
|switch|p2a: Scovillain|Scovillain, M|100/100
|turn|8
|
|t:|1758317471
|switch|p1a: Ashley|Cinderace, F, shiny|100/100
|-damage|p1a: Ashley|76/100|[from] Stealth Rock
|move|p2a: Scovillain|Solar Beam||[still]
|-prepare|p2a: Scovillain|Solar Beam
|-anim|p2a: Scovillain|Solar Beam|p1a: Ashley
|-resisted|p1a: Ashley
|-damage|p1a: Ashley|19/100
|-damage|p2a: Scovillain|91/100|[from] item: Life Orb
|
|-weather|SunnyDay|[upkeep]
|upkeep
|turn|9
|
|t:|1758317477
|move|p2a: Scovillain|Fire Blast|p1a: Ashley|[miss]
|-miss|p2a: Scovillain|p1a: Ashley
|move|p1a: Ashley|Court Change|p1a: Ashley
|-start|p1a: Ashley|typechange|Normal|[from] ability: Libero
|-swapsideconditions
|-activate|p1a: Ashley|move: Court Change
|
|-weather|none
|upkeep
|turn|10
|
|t:|1758317488
|move|p1a: Ashley|U-turn|p2a: Scovillain
|-damage|p2a: Scovillain|36/100
|-damage|p1a: Ashley|9/100|[from] item: Life Orb
|
|t:|1758317505
|switch|p1a: Greaseball|Gliscor, F, shiny|100/100|[from] U-turn
|move|p2a: Scovillain|Fire Blast|p1a: Greaseball
|-damage|p1a: Greaseball|17/100
|-status|p1a: Greaseball|brn
|-damage|p2a: Scovillain|26/100|[from] item: Life Orb
|
|-damage|p1a: Greaseball|11/100 brn|[from] brn
|upkeep
|turn|11
|
|t:|1758317516
|switch|p2a: Torkoal|Torkoal, F, shiny|100/100
|-damage|p2a: Torkoal|76/100|[from] Stealth Rock
|-weather|SunnyDay|[from] ability: Drought|[of] p2a: Torkoal
|move|p1a: Greaseball|Facade|p2a: Torkoal
|-damage|p2a: Torkoal|57/100
|
|-weather|SunnyDay|[upkeep]
|-damage|p1a: Greaseball|4/100 brn|[from] brn
|upkeep
|turn|12
|
|t:|1758317521
|move|p1a: Greaseball|Facade|p2a: Torkoal
|-damage|p2a: Torkoal|40/100
|move|p2a: Torkoal|Rapid Spin|p1a: Greaseball
|-crit|p1a: Greaseball
|-damage|p1a: Greaseball|0 fnt
|-boost|p2a: Torkoal|spe|1
|-sideend|p2: axunyu|Stealth Rock|[from] move: Rapid Spin|[of] p2a: Torkoal
|faint|p1a: Greaseball
|
|-weather|SunnyDay|[upkeep]
|upkeep
|
|t:|1758317530
|switch|p1a: Pearl|Hatterene, F|100/100
|turn|13
|
|t:|1758317536
|switch|p2a: Gallade|Gallade, M, shiny|100/100
|move|p1a: Pearl|Calm Mind|p1a: Pearl
|-boost|p1a: Pearl|spa|1
|-boost|p1a: Pearl|spd|1
|
|-weather|SunnyDay|[upkeep]
|upkeep
|turn|14
|
|t:|1758317542
|move|p2a: Gallade|Psycho Cut|p1a: Pearl
|-resisted|p1a: Pearl
|-damage|p1a: Pearl|70/100
|move|p1a: Pearl|Draining Kiss|p2a: Gallade
|-supereffective|p2a: Gallade
|-damage|p2a: Gallade|2/100
|-heal|p1a: Pearl|100/100|[from] drain|[of] p2a: Gallade
|
|-weather|SunnyDay|[upkeep]
|upkeep
|turn|15
|
|t:|1758317562
|move|p2a: Gallade|Psycho Cut|p1a: Pearl
|-resisted|p1a: Pearl
|-crit|p1a: Pearl
|-damage|p1a: Pearl|53/100
|move|p1a: Pearl|Draining Kiss|p2a: Gallade
|-supereffective|p2a: Gallade
|-damage|p2a: Gallade|0 fnt
|-heal|p1a: Pearl|54/100|[from] drain|[of] p2a: Gallade
|faint|p2a: Gallade
|
|-weather|SunnyDay|[upkeep]
|-heal|p1a: Pearl|60/100|[from] item: Leftovers
|upkeep
|
|t:|1758317564
|switch|p2a: Walking Wake|Walking Wake|100/100
|-activate|p2a: Walking Wake|ability: Protosynthesis
|-start|p2a: Walking Wake|protosynthesisspa
|turn|16
|
|t:|1758317568
|-terastallize|p2a: Walking Wake|Water
|-terastallize|p1a: Pearl|Water
|move|p2a: Walking Wake|Hydro Steam|p1a: Pearl
|-resisted|p1a: Pearl
|-crit|p1a: Pearl
|-damage|p1a: Pearl|0 fnt
|faint|p1a: Pearl
|
|-weather|SunnyDay|[upkeep]
|upkeep
|
|t:|1758317576
|switch|p1a: Belle|Meowscarada, F, shiny|88/100
|turn|17
|
|t:|1758317581
|move|p1a: Belle|Flower Trick|p2a: Walking Wake
|-start|p1a: Belle|typechange|Grass|[from] ability: Protean
|-supereffective|p2a: Walking Wake
|-crit|p2a: Walking Wake
|-damage|p2a: Walking Wake|0 fnt
|faint|p2a: Walking Wake
|-end|p2a: Walking Wake|Protosynthesis|[silent]
|
|-weather|SunnyDay|[upkeep]
|upkeep
|
|t:|1758317587
|switch|p2a: Scovillain|Scovillain, M|26/100
|turn|18
|
|t:|1758317591
|switch|p1a: Ashley|Cinderace, F, shiny|9/100
|move|p2a: Scovillain|Fire Blast|p1a: Ashley
|-resisted|p1a: Ashley
|-damage|p1a: Ashley|0 fnt
|faint|p1a: Ashley
|-damage|p2a: Scovillain|16/100|[from] item: Life Orb
|
|-weather|none
|upkeep
|
|t:|1758317598
|switch|p1a: Dinah|Primarina, F|100/100
|turn|19
|
|t:|1758317603
|move|p2a: Scovillain|Giga Drain|p1a: Dinah
|-supereffective|p1a: Dinah
|-damage|p1a: Dinah|23/100
|-heal|p2a: Scovillain|68/100|[from] drain|[of] p1a: Dinah
|-damage|p2a: Scovillain|58/100|[from] item: Life Orb
|move|p1a: Dinah|Hyper Voice|p2a: Scovillain
|-damage|p2a: Scovillain|0 fnt
|faint|p2a: Scovillain
|
|-heal|p1a: Dinah|29/100|[from] item: Leftovers
|upkeep
|-message|axunyu forfeited.
|
|win|Onaerybluer
|raw|Onaerybluer's rating: 1296 &rarr; <strong>1320</strong><br />(+24 for winning)
|raw|axunyu's rating: 1285 &rarr; <strong>1261</strong><br />(-24 for losing)
|l|☆axunyu
|player|p2|
|l|☆Onaerybluer
|player|p1|
