|j|☆h4idar
|j|☆420Pimmelberger
|t:|1758360952
|gametype|singles
|player|p1|h4idar|169|1193
|player|p2|420Pimmelberger|170|1152
|gen|9
|tier|[Gen 9] OU
|rated|
|rule|HP Percentage Mod: HP is shown in percentages
|rule|Endless Battle Clause: Forcing endless battles is banned
|rule|Species Clause: Limit one of each Pokémon
|rule|OHKO Clause: OHKO moves are banned
|rule|Evasion Items Clause: Evasion items are banned
|rule|Evasion Moves Clause: Evasion moves are banned
|rule|Evasion Abilities Clause: Evasion abilities are banned
|rule|Sleep Moves Clause: Sleep-inducing moves are banned
|clearpoke
|poke|p1|Scizor, M|
|poke|p1|Zapdos|
|poke|p1|Kyurem|
|poke|p1|Primarina, F|
|poke|p1|Arcanine-Hisui, M|
|poke|p1|Great Tusk|
|poke|p2|Golurk|
|poke|p2|Porygon-Z|
|poke|p2|Tentacruel, M|
|poke|p2|Flamigo, M|
|poke|p2|Orthworm, M|
|poke|p2|Hoopa-Unbound|
|teampreview
|inactive|Battle timer is ON: inactive players will automatically lose when time's up. (requested by h4idar)
|
|t:|1758360964
|teamsize|p1|6
|teamsize|p2|6
|start
|switch|p1a: Primarina|Primarina, F|100/100
|switch|p2a: Young Oatmeal|Flamigo, M|100/100
|turn|1
|
|t:|1758360977
|switch|p2a: Snek Frien|Orthworm, M|100/100
|move|p1a: Primarina|Moonblast|p2a: Snek Frien
|-resisted|p2a: Snek Frien
|-crit|p2a: Snek Frien
|-damage|p2a: Snek Frien|53/100
|
|-heal|p2a: Snek Frien|59/100|[from] item: Leftovers
|upkeep
|turn|2
|
|t:|1758360985
|move|p2a: Snek Frien|Heavy Slam|p1a: Primarina
|-damage|p1a: Primarina|58/100
|move|p1a: Primarina|Flip Turn|p2a: Snek Frien
|-damage|p2a: Snek Frien|48/100
|
|t:|1758360994
|switch|p1a: Arcanine|Arcanine-Hisui, M|100/100|[from] Flip Turn
|
|-heal|p2a: Snek Frien|55/100|[from] item: Leftovers
|upkeep
|turn|3
|
|t:|1758361004
|switch|p2a: chris b chicken|Tentacruel, M|100/100
|move|p1a: Arcanine|Wild Charge|p2a: chris b chicken
|-supereffective|p2a: chris b chicken
|-damage|p2a: chris b chicken|2/100
|
|-heal|p2a: chris b chicken|8/100|[from] item: Leftovers
|upkeep
|turn|4
|
|t:|1758361013
|switch|p2a: Big G Man|Golurk|100/100
|move|p1a: Arcanine|Wild Charge|p2a: Big G Man
|-immune|p2a: Big G Man
|
|upkeep
|turn|5
|
|t:|1758361020
|switch|p1a: Kyurem|Kyurem|100/100
|-ability|p1a: Kyurem|Pressure
|move|p2a: Big G Man|Poltergeist|p1a: Kyurem
|-activate|p1a: Kyurem|move: Poltergeist|Choice Scarf
|-damage|p1a: Kyurem|46/100
|
|upkeep
|turn|6
|
|t:|1758361035
|switch|p2a: PlsNoU-Turn|Hoopa-Unbound|100/100
|move|p1a: Kyurem|Freeze-Dry|p2a: PlsNoU-Turn
|-damage|p2a: PlsNoU-Turn|82/100
|
|upkeep
|turn|7
|
|t:|1758361048
|switch|p1a: Scizor|Scizor, M|100/100
|move|p2a: PlsNoU-Turn|Drain Punch|p1a: Scizor
|-damage|p1a: Scizor|77/100
|-heal|p2a: PlsNoU-Turn|93/100|[from] drain|[of] p1a: Scizor
|
|upkeep
|turn|8
|
|t:|1758361061
|switch|p2a: Snek Frien|Orthworm, M|55/100
|move|p1a: Scizor|U-turn|p2a: Snek Frien
|-resisted|p2a: Snek Frien
|-damage|p2a: Snek Frien|35/100
|
|t:|1758361067
|switch|p1a: Arcanine|Arcanine-Hisui, M|100/100|[from] U-turn
|
|-heal|p2a: Snek Frien|41/100|[from] item: Leftovers
|upkeep
|turn|9
|
|t:|1758361075
|switch|p2a: chris b chicken|Tentacruel, M|8/100
|move|p1a: Arcanine|Flare Blitz|p2a: chris b chicken
|-resisted|p2a: chris b chicken
|-damage|p2a: chris b chicken|0 fnt
|faint|p2a: chris b chicken
|
|upkeep
|
|t:|1758361089
|switch|p2a: Big G Man|Golurk|100/100
|turn|10
|
|t:|1758361096
|move|p1a: Arcanine|Flare Blitz|p2a: Big G Man
|-damage|p2a: Big G Man|8/100
|move|p2a: Big G Man|Earthquake|p1a: Arcanine
|-supereffective|p1a: Arcanine
|-damage|p1a: Arcanine|0 fnt
|faint|p1a: Arcanine
|
|upkeep
|
|t:|1758361104
|switch|p1a: Kyurem|Kyurem|46/100
|-ability|p1a: Kyurem|Pressure
|turn|11
|
|t:|1758361110
|switch|p2a: PlsNoU-Turn|Hoopa-Unbound|93/100
|move|p1a: Kyurem|Earth Power|p2a: PlsNoU-Turn
|-damage|p2a: PlsNoU-Turn|77/100
|-unboost|p2a: PlsNoU-Turn|spd|1
|
|upkeep
|turn|12
|
|t:|1758361120
|switch|p1a: Zapdos|Zapdos|100/100
|move|p2a: PlsNoU-Turn|Drain Punch|p1a: Zapdos
|-resisted|p1a: Zapdos
|-crit|p1a: Zapdos
|-damage|p1a: Zapdos|80/100
|-heal|p2a: PlsNoU-Turn|88/100|[from] drain|[of] p1a: Zapdos
|
|upkeep
|turn|13
|
|t:|1758361131
|switch|p2a: Big G Man|Golurk|8/100
|move|p1a: Zapdos|Thunder Wave|p2a: Big G Man
|-immune|p2a: Big G Man
|
|upkeep
|turn|14
|
|t:|1758361137
|move|p1a: Zapdos|Hurricane|p2a: Big G Man
|-damage|p2a: Big G Man|0 fnt
|faint|p2a: Big G Man
|
|upkeep
|
|t:|1758361142
|switch|p2a: 1 Button|Porygon-Z|100/100
|turn|15
|
|t:|1758361145
|move|p2a: 1 Button|Hyper Beam|p1a: Zapdos
|-damage|p1a: Zapdos|0 fnt
|-mustrecharge|p2a: 1 Button
|faint|p1a: Zapdos
|
|upkeep
|
|t:|1758361150
|switch|p1a: Scizor|Scizor, M|77/100
|turn|16
|
|t:|1758361154
|cant|p2a: 1 Button|recharge
|move|p1a: Scizor|Close Combat|p2a: 1 Button
|-supereffective|p2a: 1 Button
|-damage|p2a: 1 Button|0 fnt
|-unboost|p1a: Scizor|def|1
|-unboost|p1a: Scizor|spd|1
|faint|p2a: 1 Button
|
|upkeep
|
|t:|1758361163
|switch|p2a: Young Oatmeal|Flamigo, M|100/100
|turn|17
|
|t:|1758361172
|switch|p1a: Great Tusk|Great Tusk|100/100
|-enditem|p1a: Great Tusk|Booster Energy
|-activate|p1a: Great Tusk|ability: Protosynthesis|[fromitem]
|-start|p1a: Great Tusk|protosynthesisatk
|move|p2a: Young Oatmeal|Swords Dance|p2a: Young Oatmeal
|-boost|p2a: Young Oatmeal|atk|2
|
|upkeep
|turn|18
|
|t:|1758361196
|-terastallize|p2a: Young Oatmeal|Steel
|move|p2a: Young Oatmeal|Acrobatics|p1a: Great Tusk
|-supereffective|p1a: Great Tusk
|-damage|p1a: Great Tusk|21/100
|move|p1a: Great Tusk|Ice Spinner|p2a: Young Oatmeal
|-resisted|p2a: Young Oatmeal
|-damage|p2a: Young Oatmeal|75/100
|
|upkeep
|turn|19
|
|t:|1758361208
|-terastallize|p1a: Great Tusk|Steel
|move|p2a: Young Oatmeal|Acrobatics|p1a: Great Tusk
|-resisted|p1a: Great Tusk
|-damage|p1a: Great Tusk|2/100
|move|p1a: Great Tusk|Headlong Rush|p2a: Young Oatmeal
|-supereffective|p2a: Young Oatmeal
|-damage|p2a: Young Oatmeal|0 fnt
|-unboost|p1a: Great Tusk|def|1
|-unboost|p1a: Great Tusk|spd|1
|faint|p2a: Young Oatmeal
|
|upkeep
|
|t:|1758361221
|switch|p2a: Snek Frien|Orthworm, M|41/100
|turn|20
|
|t:|1758361230
|move|p1a: Great Tusk|Headlong Rush|p2a: Snek Frien
|-heal|p2a: Snek Frien|66/100|[from] ability: Earth Eater|[of] p1a: Great Tusk
|move|p2a: Snek Frien|Iron Defense|p2a: Snek Frien
|-boost|p2a: Snek Frien|def|2
|
|-heal|p2a: Snek Frien|72/100|[from] item: Leftovers
|upkeep
|turn|21
|
|t:|1758361250
|-end|p1a: Great Tusk|Protosynthesis|[silent]
|switch|p1a: Scizor|Scizor, M|77/100
|move|p2a: Snek Frien|Stealth Rock|p1a: Scizor
|-sidestart|p1: h4idar|move: Stealth Rock
|
|-heal|p2a: Snek Frien|78/100|[from] item: Leftovers
|upkeep
|turn|22
|
|t:|1758361267
|move|p1a: Scizor|Knock Off|p2a: Snek Frien
|-crit|p2a: Snek Frien
|-damage|p2a: Snek Frien|25/100
|-enditem|p2a: Snek Frien|Leftovers|[from] move: Knock Off|[of] p1a: Scizor
|move|p2a: Snek Frien|Body Press|p1a: Scizor
|-damage|p1a: Scizor|24/100
|
|upkeep
|turn|23
|
|t:|1758361277
|switch|p1a: Great Tusk|Great Tusk, tera:Steel|2/100
|-damage|p1a: Great Tusk|0 fnt|[from] Stealth Rock
|faint|p1a: Great Tusk
|-end|p1a: Great Tusk|Protosynthesis|[silent]
|move|p2a: Snek Frien|Body Press|p1: Great Tusk|[notarget]
|-fail|p2a: Snek Frien
|
|upkeep
|
|t:|1758361285
|switch|p1a: Scizor|Scizor, M|24/100
|-damage|p1a: Scizor|12/100|[from] Stealth Rock
|turn|24
|
|t:|1758361296
|move|p2a: Snek Frien|Body Press|p1a: Scizor
|-damage|p1a: Scizor|0 fnt
|faint|p1a: Scizor
|
|upkeep
|
|t:|1758361302
|switch|p1a: Kyurem|Kyurem|46/100
|-damage|p1a: Kyurem|21/100|[from] Stealth Rock
|-ability|p1a: Kyurem|Pressure
|turn|25
|
|t:|1758361314
|move|p1a: Kyurem|Earth Power|p2a: Snek Frien
|-heal|p2a: Snek Frien|50/100|[from] ability: Earth Eater|[of] p1a: Kyurem
|move|p2a: Snek Frien|Body Press|p1a: Kyurem
|-supereffective|p1a: Kyurem
|-damage|p1a: Kyurem|0 fnt
|faint|p1a: Kyurem
|
|upkeep
|-message|h4idar forfeited.
|
|win|420Pimmelberger
|raw|h4idar's rating: 1193 &rarr; <strong>1165</strong><br />(-28 for losing)
|raw|420Pimmelberger's rating: 1152 &rarr; <strong>1180</strong><br />(+28 for winning)
|l|☆h4idar
|player|p1|
|l|☆420Pimmelberger
|player|p2|
