|j|☆jxrx
|j|☆mcdog5
|t:|1758379398
|gametype|singles
|player|p1|jxrx|norman|1291
|player|p2|mcdog5|palmer|1310
|gen|9
|tier|[Gen 9] OU
|rated|
|rule|HP Percentage Mod: HP is shown in percentages
|rule|Endless Battle Clause: Forcing endless battles is banned
|rule|Species Clause: Limit one of each Pokémon
|rule|OHKO Clause: OHKO moves are banned
|rule|Evasion Items Clause: Evasion items are banned
|rule|Evasion Moves Clause: Evasion moves are banned
|rule|Evasion Abilities Clause: Evasion abilities are banned
|rule|Sleep Moves Clause: Sleep-inducing moves are banned
|clearpoke
|poke|p1|Dragapult, M|
|poke|p1|Vileplume, M|
|poke|p1|Mamoswine, M|
|poke|p1|Ursaluna, M|
|poke|p1|Sylveon, F|
|poke|p1|Iron Jugulis|
|poke|p2|Slowking-Galar, F|
|poke|p2|Dragapult, M|
|poke|p2|Ogerpon-Cornerstone, F|
|poke|p2|Iron Hands|
|poke|p2|Glimmora, F|
|poke|p2|Darkrai|
|teampreview
|inactive|Battle timer is ON: inactive players will automatically lose when time's up. (requested by mcdog5)
|inactive|jxrx has 120 seconds left.
|
|t:|1758379432
|teamsize|p1|6
|teamsize|p2|6
|start
|switch|p1a: Sylveon|Sylveon, F|100/100
|switch|p2a: Dragapult|Dragapult, M|100/100
|turn|1
|
|t:|1758379442
|move|p2a: Dragapult|U-turn|p1a: Sylveon
|-resisted|p1a: Sylveon
|-damage|p1a: Sylveon|92/100
|
|t:|1758379448
|switch|p2a: Slowking|Slowking-Galar, F|100/100|[from] U-turn
|move|p1a: Sylveon|Mud-Slap|p2a: Slowking
|-supereffective|p2a: Slowking
|-damage|p2a: Slowking|95/100
|-unboost|p2a: Slowking|accuracy|1
|
|-heal|p1a: Sylveon|98/100|[from] item: Leftovers
|-heal|p2a: Slowking|100/100|[from] item: Leftovers
|upkeep
|turn|2
|c|☆mcdog5|tech
|
|t:|1758379458
|move|p1a: Sylveon|Wish|p1a: Sylveon
|move|p2a: Slowking|Toxic|p1a: Sylveon
|-status|p1a: Sylveon|tox
|
|-heal|p1a: Sylveon|100/100 tox|[from] item: Leftovers
|-damage|p1a: Sylveon|94/100 tox|[from] psn
|upkeep
|turn|3
|c|☆mcdog5|lol
|
|t:|1758379467
|switch|p1a: Ursaluna|Ursaluna, M|100/100
|move|p2a: Slowking|Toxic|p1a: Ursaluna
|-status|p1a: Ursaluna|tox
|
|-damage|p1a: Ursaluna|94/100 tox|[from] psn
|upkeep
|turn|4
|
|t:|1758379482
|switch|p2a: Ogerpon|Ogerpon-Cornerstone, F|100/100
|move|p1a: Ursaluna|Headlong Rush|p2a: Ogerpon
|-ability|p2a: Ogerpon|Sturdy
|-damage|p2a: Ogerpon|1/100
|-unboost|p1a: Ursaluna|def|1
|-unboost|p1a: Ursaluna|spd|1
|
|-damage|p1a: Ursaluna|82/100 tox|[from] psn
|upkeep
|turn|5
|
|t:|1758379487
|switch|p1a: Vileplume|Vileplume, M|100/100
|move|p2a: Ogerpon|Horn Leech|p1a: Vileplume
|-resisted|p1a: Vileplume
|-damage|p1a: Vileplume|91/100
|-heal|p2a: Ogerpon|6/100|[from] drain|[of] p1a: Vileplume
|-damage|p2a: Ogerpon|0 fnt|[from] item: Rocky Helmet|[of] p1a: Vileplume
|faint|p2a: Ogerpon
|
|upkeep
|
|t:|1758379500
|switch|p2a: Dragapult|Dragapult, M|100/100
|turn|6
|
|t:|1758379505
|switch|p1a: Sylveon|Sylveon, F|94/100 tox
|move|p2a: Dragapult|Will-O-Wisp||[still]
|-fail|p2a: Dragapult
|
|-heal|p1a: Sylveon|100/100 tox|[from] item: Leftovers
|-damage|p1a: Sylveon|94/100 tox|[from] psn
|upkeep
|turn|7
|
|t:|1758379513
|move|p2a: Dragapult|U-turn|p1a: Sylveon
|-resisted|p1a: Sylveon
|-damage|p1a: Sylveon|86/100 tox
|
|t:|1758379522
|switch|p2a: Slowking|Slowking-Galar, F|100/100|[from] U-turn
|move|p1a: Sylveon|Mud-Slap|p2a: Slowking
|-supereffective|p2a: Slowking
|-damage|p2a: Slowking|94/100
|-unboost|p2a: Slowking|accuracy|1
|
|-heal|p1a: Sylveon|92/100 tox|[from] item: Leftovers
|-heal|p2a: Slowking|100/100|[from] item: Leftovers
|-damage|p1a: Sylveon|80/100 tox|[from] psn
|upkeep
|turn|8
|
|t:|1758379529
|move|p1a: Sylveon|Wish|p1a: Sylveon
|-prepare|p2a: Slowking|Chilly Reception|[premajor]
|move|p2a: Slowking|Chilly Reception|p2a: Slowking
|-weather|Snowscape
|
|t:|1758379535
|switch|p2a: Glimmora|Glimmora, F|100/100|[from] Chilly Reception
|
|-weather|Snowscape|[upkeep]
|-heal|p1a: Sylveon|86/100 tox|[from] item: Leftovers
|-damage|p1a: Sylveon|68/100 tox|[from] psn
|upkeep
|turn|9
|
|t:|1758379541
|move|p2a: Glimmora|Spikes|p1a: Sylveon
|-sidestart|p1: jxrx|Spikes
|move|p1a: Sylveon|Mud-Slap|p2a: Glimmora
|-supereffective|p2a: Glimmora
|-damage|p2a: Glimmora|77/100
|-unboost|p2a: Glimmora|accuracy|1
|
|-weather|Snowscape|[upkeep]
|-heal|p1a: Sylveon|100/100 tox|[from] move: Wish|[wisher] Sylveon
|-damage|p1a: Sylveon|76/100 tox|[from] psn
|upkeep
|turn|10
|
|t:|1758379544
|move|p2a: Glimmora|Spikes|p1a: Sylveon
|-sidestart|p1: jxrx|Spikes
|move|p1a: Sylveon|Mud-Slap|p2a: Glimmora
|-supereffective|p2a: Glimmora
|-damage|p2a: Glimmora|54/100
|-unboost|p2a: Glimmora|accuracy|1
|
|-weather|Snowscape|[upkeep]
|-heal|p1a: Sylveon|82/100 tox|[from] item: Leftovers
|-damage|p1a: Sylveon|52/100 tox|[from] psn
|upkeep
|turn|11
|
|t:|1758379551
|move|p2a: Glimmora|Spikes|p1a: Sylveon
|-sidestart|p1: jxrx|Spikes
|move|p1a: Sylveon|Wish|p1a: Sylveon
|
|-weather|Snowscape|[upkeep]
|-heal|p1a: Sylveon|58/100 tox|[from] item: Leftovers
|-damage|p1a: Sylveon|21/100 tox|[from] psn
|upkeep
|turn|12
|inactive|jxrx has 120 seconds left.
|inactive|jxrx has 90 seconds left.
|
|t:|1758379618
|switch|p1a: Iron Jugulis|Iron Jugulis|100/100
|-enditem|p1a: Iron Jugulis|Booster Energy
|-activate|p1a: Iron Jugulis|ability: Quark Drive|[fromitem]
|-start|p1a: Iron Jugulis|quarkdrivespe
|move|p2a: Glimmora|Toxic|p1a: Iron Jugulis
|-status|p1a: Iron Jugulis|tox
|
|-weather|none
|-damage|p1a: Iron Jugulis|94/100 tox|[from] psn
|upkeep
|turn|13
|inactive|jxrx has 90 seconds left.
|
|t:|1758379625
|move|p1a: Iron Jugulis|Dark Pulse|p2a: Glimmora
|-damage|p2a: Glimmora|9/100
|move|p2a: Glimmora|Power Gem|p1a: Iron Jugulis|[miss]
|-miss|p2a: Glimmora|p1a: Iron Jugulis
|
|-damage|p1a: Iron Jugulis|82/100 tox|[from] psn
|upkeep
|turn|14
|
|t:|1758379630
|move|p1a: Iron Jugulis|Dark Pulse|p2a: Glimmora
|-damage|p2a: Glimmora|0 fnt
|faint|p2a: Glimmora
|
|-damage|p1a: Iron Jugulis|64/100 tox|[from] psn
|upkeep
|
|t:|1758379634
|switch|p2a: Dragapult|Dragapult, M|100/100
|turn|15
|
|t:|1758379636
|switch|p2a: Darkrai|Darkrai, shiny|100/100
|move|p1a: Iron Jugulis|Dark Pulse|p2a: Darkrai
|-resisted|p2a: Darkrai
|-damage|p2a: Darkrai|72/100
|
|-damage|p1a: Iron Jugulis|40/100 tox|[from] psn
|upkeep
|turn|16
|
|t:|1758379642
|switch|p2a: Slowking|Slowking-Galar, F|100/100
|move|p1a: Iron Jugulis|Air Slash|p2a: Slowking
|-damage|p2a: Slowking|78/100
|
|-heal|p2a: Slowking|84/100|[from] item: Leftovers
|-damage|p1a: Iron Jugulis|9/100 tox|[from] psn
|upkeep
|turn|17
|
|t:|1758379647
|move|p1a: Iron Jugulis|Dark Pulse|p2a: Slowking
|-supereffective|p2a: Slowking
|-damage|p2a: Slowking|39/100
|-prepare|p2a: Slowking|Chilly Reception|[premajor]
|move|p2a: Slowking|Chilly Reception|p2a: Slowking
|-weather|Snowscape
|
|t:|1758379655
|switch|p2a: Darkrai|Darkrai, shiny|72/100|[from] Chilly Reception
|
|-weather|Snowscape|[upkeep]
|-damage|p1a: Iron Jugulis|0 fnt|[from] psn
|faint|p1a: Iron Jugulis
|-end|p1a: Iron Jugulis|Quark Drive|[silent]
|upkeep
|
|t:|1758379658
|switch|p1a: Ursaluna|Ursaluna, M|82/100 tox
|-damage|p1a: Ursaluna|58/100 tox|[from] Spikes
|turn|18
|
|t:|1758379662
|move|p2a: Darkrai|Ice Beam|p1a: Ursaluna
|-supereffective|p1a: Ursaluna
|-damage|p1a: Ursaluna|0 fnt
|faint|p1a: Ursaluna
|
|-weather|Snowscape|[upkeep]
|upkeep
|
|t:|1758379666
|switch|p1a: Mamoswine|Mamoswine, M|100/100
|-damage|p1a: Mamoswine|76/100|[from] Spikes
|turn|19
|inactive|mcdog5 has 120 seconds left.
|
|t:|1758379706
|switch|p2a: Dragapult|Dragapult, M|100/100
|move|p1a: Mamoswine|Earthquake|p2a: Dragapult
|-damage|p2a: Dragapult|0 fnt
|faint|p2a: Dragapult
|
|-weather|Snowscape|[upkeep]
|upkeep
|
|t:|1758379710
|switch|p2a: Iron Hands|Iron Hands|100/100
|turn|20
|
|t:|1758379734
|move|p1a: Mamoswine|Earthquake|p2a: Iron Hands
|-supereffective|p2a: Iron Hands
|-damage|p2a: Iron Hands|0 fnt
|faint|p2a: Iron Hands
|-end|p2a: Iron Hands|Quark Drive|[silent]
|
|-weather|Snowscape|[upkeep]
|upkeep
|
|t:|1758379739
|switch|p2a: Slowking|Slowking-Galar, F|72/100
|turn|21
|
|t:|1758379743
|-terastallize|p2a: Slowking|Flying
|move|p1a: Mamoswine|Earthquake|p2a: Slowking
|-immune|p2a: Slowking
|move|p2a: Slowking|Toxic|p1a: Mamoswine
|-status|p1a: Mamoswine|tox
|
|-weather|none
|-heal|p2a: Slowking|78/100|[from] item: Leftovers
|-damage|p1a: Mamoswine|70/100 tox|[from] psn
|upkeep
|turn|22
|
|t:|1758379748
|switch|p1a: Sylveon|Sylveon, F|21/100 tox
|-damage|p1a: Sylveon|0 fnt|[from] Spikes
|faint|p1a: Sylveon
|-prepare|p2a: Slowking|Chilly Reception|[premajor]
|move|p2a: Slowking|Chilly Reception|p2a: Slowking
|-weather|Snowscape
|
|t:|1758379750
|switch|p2a: Darkrai|Darkrai, shiny|72/100|[from] Chilly Reception
|
|-weather|Snowscape|[upkeep]
|upkeep
|
|t:|1758379758
|switch|p1a: Mamoswine|Mamoswine, M|70/100 tox
|-damage|p1a: Mamoswine|45/100 tox|[from] Spikes
|turn|23
|
|t:|1758379761
|move|p1a: Mamoswine|Ice Shard|p2a: Darkrai
|-crit|p2a: Darkrai
|-damage|p2a: Darkrai|6/100
|move|p2a: Darkrai|Dark Pulse|p1a: Mamoswine
|-damage|p1a: Mamoswine|0 fnt
|faint|p1a: Mamoswine
|
|-weather|Snowscape|[upkeep]
|upkeep
|
|t:|1758379785
|switch|p1a: Dragapult|Dragapult, M|100/100
|-damage|p1a: Dragapult|76/100|[from] Spikes
|turn|24
|
|t:|1758379791
|switch|p2a: Slowking|Slowking-Galar, F, tera:Flying|100/100
|move|p1a: Dragapult|Phantom Force||[still]
|-prepare|p1a: Dragapult|Phantom Force
|
|-weather|Snowscape|[upkeep]
|-heal|p1a: Dragapult|82/100|[from] item: Leftovers
|upkeep
|turn|25
|
|t:|1758379798
|move|p1a: Dragapult|Phantom Force|p2a: Slowking|[from] lockedmove
|-damage|p2a: Slowking|50/100
|move|p2a: Slowking|Thunder Wave|p1a: Dragapult
|-status|p1a: Dragapult|par
|
|-weather|Snowscape|[upkeep]
|-heal|p1a: Dragapult|88/100 par|[from] item: Leftovers
|-heal|p2a: Slowking|56/100|[from] item: Leftovers
|upkeep
|turn|26
|
|t:|1758379805
|cant|p1a: Dragapult|par
|move|p2a: Slowking|Sludge Bomb|p1a: Dragapult
|-resisted|p1a: Dragapult
|-damage|p1a: Dragapult|66/100 par
|
|-weather|none
|-heal|p1a: Dragapult|72/100 par|[from] item: Leftovers
|-heal|p2a: Slowking|62/100|[from] item: Leftovers
|upkeep
|turn|27
|
|t:|1758379813
|move|p1a: Dragapult|Dragon Dance|p1a: Dragapult
|-boost|p1a: Dragapult|atk|1
|-boost|p1a: Dragapult|spe|1
|move|p2a: Slowking|Sludge Bomb|p1a: Dragapult
|-resisted|p1a: Dragapult
|-damage|p1a: Dragapult|49/100 par
|
|-heal|p1a: Dragapult|55/100 par|[from] item: Leftovers
|-heal|p2a: Slowking|69/100|[from] item: Leftovers
|upkeep
|turn|28
|
|t:|1758379816
|move|p1a: Dragapult|Dragon Dance|p1a: Dragapult
|-boost|p1a: Dragapult|atk|1
|-boost|p1a: Dragapult|spe|1
|move|p2a: Slowking|Sludge Bomb|p1a: Dragapult
|-resisted|p1a: Dragapult
|-damage|p1a: Dragapult|33/100 par
|
|-heal|p1a: Dragapult|39/100 par|[from] item: Leftovers
|-heal|p2a: Slowking|75/100|[from] item: Leftovers
|upkeep
|turn|29
|
|t:|1758379820
|move|p1a: Dragapult|Dragon Darts|p2a: Slowking
|-damage|p2a: Slowking|24/100
|-anim|p1a: Dragapult|Dragon Darts|p2a: Slowking
|-damage|p2a: Slowking|0 fnt
|faint|p2a: Slowking
|
|-heal|p1a: Dragapult|45/100 par|[from] item: Leftovers
|upkeep
|-message|mcdog5 forfeited.
|
|win|jxrx
|raw|jxrx's rating: 1291 &rarr; <strong>1317</strong><br />(+26 for winning)
|raw|mcdog5's rating: 1310 &rarr; <strong>1289</strong><br />(-21 for losing)
|l|☆mcdog5
|player|p2|
|l|☆jxrx
|player|p1|
