|j|☆tu'ko delimo
|j|☆Underquill
|t:|1758283437
|gametype|singles
|player|p1|tu'ko delimo|266|1344
|player|p2|Underquill|1|1307
|gen|9
|tier|[Gen 9] OU
|rated|
|rule|HP Percentage Mod: HP is shown in percentages
|rule|Endless Battle Clause: Forcing endless battles is banned
|rule|Species Clause: Limit one of each Pokémon
|rule|OHKO Clause: OHKO moves are banned
|rule|Evasion Items Clause: Evasion items are banned
|rule|Evasion Moves Clause: Evasion moves are banned
|rule|Evasion Abilities Clause: Evasion abilities are banned
|rule|Sleep Moves Clause: Sleep-inducing moves are banned
|clearpoke
|poke|p1|Tyranitar, M|
|poke|p1|Gholdengo|
|poke|p1|Zamazenta-*|
|poke|p1|Rillaboom, F|
|poke|p1|Glimmora, F|
|poke|p1|Rotom-Wash|
|poke|p2|Greninja-*, M|
|poke|p2|Entei|
|poke|p2|Fezandipiti, M|
|poke|p2|Corviknight, F|
|poke|p2|Iron Hands|
|poke|p2|Whimsicott, M|
|teampreview
|inactive|Battle timer is ON: inactive players will automatically lose when time's up. (requested by tu'ko delimo)
|inactive|Underquill also wants the timer to be on.
|
|t:|1758283456
|teamsize|p1|6
|teamsize|p2|6
|start
|switch|p1a: Tyranitar|Tyranitar, M|100/100
|switch|p2a: Greninja|Greninja, M|100/100
|-weather|Sandstorm|[from] ability: Sand Stream|[of] p1a: Tyranitar
|turn|1
|
|t:|1758283461
|switch|p2a: Whimsicott|Whimsicott, M|100/100
|switch|p1a: Rillaboom|Rillaboom, F|100/100
|-fieldstart|move: Grassy Terrain|[from] ability: Grassy Surge|[of] p1a: Rillaboom
|
|-weather|Sandstorm|[upkeep]
|-damage|p1a: Rillaboom|94/100|[from] Sandstorm
|-damage|p2a: Whimsicott|94/100|[from] Sandstorm
|-heal|p1a: Rillaboom|100/100|[from] Grassy Terrain
|-heal|p2a: Whimsicott|100/100|[from] Grassy Terrain
|upkeep
|turn|2
|
|t:|1758283464
|move|p2a: Whimsicott|Substitute|p2a: Whimsicott
|-start|p2a: Whimsicott|Substitute
|-damage|p2a: Whimsicott|76/100
|move|p1a: Rillaboom|U-turn|p2a: Whimsicott
|-end|p2a: Whimsicott|Substitute
|-damage|p1a: Rillaboom|91/100|[from] item: Life Orb
|
|t:|1758283471
|switch|p1a: Glimmora|Glimmora, F|100/100|[from] U-turn
|
|-weather|Sandstorm|[upkeep]
|-damage|p2a: Whimsicott|70/100|[from] Sandstorm
|-heal|p2a: Whimsicott|76/100|[from] Grassy Terrain
|-heal|p2a: Whimsicott|82/100|[from] item: Leftovers
|upkeep
|turn|3
|
|t:|1758283476
|move|p2a: Whimsicott|Substitute|p2a: Whimsicott
|-start|p2a: Whimsicott|Substitute
|-damage|p2a: Whimsicott|57/100
|move|p1a: Glimmora|Mortal Spin|p2a: Whimsicott
|-supereffective|p2a: Whimsicott
|-activate|p2a: Whimsicott|move: Substitute|[damage]
|
|-weather|Sandstorm|[upkeep]
|-damage|p2a: Whimsicott|51/100|[from] Sandstorm
|-heal|p2a: Whimsicott|57/100|[from] Grassy Terrain
|-heal|p2a: Whimsicott|63/100|[from] item: Leftovers
|upkeep
|turn|4
|
|t:|1758283480
|move|p2a: Whimsicott|Encore|p1a: Glimmora
|-start|p1a: Glimmora|Encore
|move|p1a: Glimmora|Mortal Spin|p2a: Whimsicott
|-supereffective|p2a: Whimsicott
|-end|p2a: Whimsicott|Substitute
|
|-weather|Sandstorm|[upkeep]
|-damage|p2a: Whimsicott|57/100|[from] Sandstorm
|-heal|p2a: Whimsicott|63/100|[from] Grassy Terrain
|-heal|p2a: Whimsicott|70/100|[from] item: Leftovers
|upkeep
|turn|5
|
|t:|1758283485
|switch|p1a: Rillaboom|Rillaboom, F|91/100
|move|p2a: Whimsicott|Substitute|p2a: Whimsicott
|-start|p2a: Whimsicott|Substitute
|-damage|p2a: Whimsicott|45/100
|
|-weather|none
|-heal|p1a: Rillaboom|97/100|[from] Grassy Terrain
|-heal|p2a: Whimsicott|51/100|[from] Grassy Terrain
|-heal|p2a: Whimsicott|57/100|[from] item: Leftovers
|-fieldend|move: Grassy Terrain
|upkeep
|turn|6
|
|t:|1758283488
|move|p1a: Rillaboom|U-turn|p2a: Whimsicott
|-end|p2a: Whimsicott|Substitute
|-damage|p1a: Rillaboom|87/100|[from] item: Life Orb
|
|t:|1758283500
|switch|p1a: Rotom|Rotom-Wash, shiny|100/100|[from] U-turn
|move|p2a: Whimsicott|Moonblast|p1a: Rotom
|-damage|p1a: Rotom|70/100
|
|-heal|p2a: Whimsicott|63/100|[from] item: Leftovers
|-heal|p1a: Rotom|76/100|[from] item: Leftovers
|upkeep
|turn|7
|
|t:|1758283507
|move|p2a: Whimsicott|Substitute|p2a: Whimsicott
|-start|p2a: Whimsicott|Substitute
|-damage|p2a: Whimsicott|39/100
|move|p1a: Rotom|Will-O-Wisp|p2a: Whimsicott|[miss]
|-miss|p1a: Rotom|p2a: Whimsicott
|
|-heal|p2a: Whimsicott|45/100|[from] item: Leftovers
|-heal|p1a: Rotom|82/100|[from] item: Leftovers
|upkeep
|turn|8
|
|t:|1758283512
|switch|p1a: Tyranitar|Tyranitar, M|100/100
|-weather|Sandstorm|[from] ability: Sand Stream|[of] p1a: Tyranitar
|move|p2a: Whimsicott|Leech Seed|p1a: Tyranitar
|-hint|Since gen 7, Dark is immune to Prankster moves.
|-immune|p1a: Tyranitar
|
|-weather|Sandstorm|[upkeep]
|-damage|p2a: Whimsicott|39/100|[from] Sandstorm
|-heal|p2a: Whimsicott|45/100|[from] item: Leftovers
|upkeep
|turn|9
|
|t:|1758283517
|switch|p1a: Rillaboom|Rillaboom, F|87/100
|-fieldstart|move: Grassy Terrain|[from] ability: Grassy Surge|[of] p1a: Rillaboom
|move|p2a: Whimsicott|Moonblast|p1a: Rillaboom
|-damage|p1a: Rillaboom|48/100
|-unboost|p1a: Rillaboom|spa|1
|
|-weather|Sandstorm|[upkeep]
|-damage|p1a: Rillaboom|42/100|[from] Sandstorm
|-damage|p2a: Whimsicott|39/100|[from] Sandstorm
|-heal|p1a: Rillaboom|48/100|[from] Grassy Terrain
|-heal|p2a: Whimsicott|45/100|[from] Grassy Terrain
|-heal|p2a: Whimsicott|51/100|[from] item: Leftovers
|upkeep
|turn|10
|
|t:|1758283521
|move|p1a: Rillaboom|U-turn|p2a: Whimsicott
|-end|p2a: Whimsicott|Substitute
|-damage|p1a: Rillaboom|38/100|[from] item: Life Orb
|
|t:|1758283525
|switch|p1a: Rotom|Rotom-Wash, shiny|82/100|[from] U-turn
|move|p2a: Whimsicott|Moonblast|p1a: Rotom
|-damage|p1a: Rotom|53/100
|
|-weather|Sandstorm|[upkeep]
|-damage|p2a: Whimsicott|45/100|[from] Sandstorm
|-damage|p1a: Rotom|47/100|[from] Sandstorm
|-heal|p2a: Whimsicott|51/100|[from] Grassy Terrain
|-heal|p2a: Whimsicott|57/100|[from] item: Leftovers
|-heal|p1a: Rotom|53/100|[from] item: Leftovers
|upkeep
|turn|11
|
|t:|1758283529
|move|p2a: Whimsicott|Substitute|p2a: Whimsicott
|-start|p2a: Whimsicott|Substitute
|-damage|p2a: Whimsicott|32/100
|move|p1a: Rotom|Volt Switch|p2a: Whimsicott
|-resisted|p2a: Whimsicott
|-activate|p2a: Whimsicott|move: Substitute|[damage]
|
|t:|1758283535
|switch|p1a: Glimmora|Glimmora, F|100/100|[from] Volt Switch
|
|-weather|Sandstorm|[upkeep]
|-damage|p2a: Whimsicott|26/100|[from] Sandstorm
|-heal|p2a: Whimsicott|32/100|[from] Grassy Terrain
|-heal|p2a: Whimsicott|39/100|[from] item: Leftovers
|upkeep
|turn|12
|
|t:|1758283539
|move|p2a: Whimsicott|Leech Seed|p1a: Glimmora
|-start|p1a: Glimmora|move: Leech Seed
|move|p1a: Glimmora|Power Gem|p2a: Whimsicott
|-end|p2a: Whimsicott|Substitute
|
|-weather|none
|-heal|p2a: Whimsicott|45/100|[from] Grassy Terrain
|-heal|p2a: Whimsicott|51/100|[from] item: Leftovers
|-damage|p1a: Glimmora|88/100|[from] Leech Seed|[of] p2a: Whimsicott
|-heal|p2a: Whimsicott|63/100|[silent]
|upkeep
|turn|13
|inactive|tu'ko delimo has 120 seconds left.
|inactive|tu'ko delimo has 90 seconds left.
|
|t:|1758283602
|move|p2a: Whimsicott|Substitute|p2a: Whimsicott
|-start|p2a: Whimsicott|Substitute
|-damage|p2a: Whimsicott|38/100
|move|p1a: Glimmora|Power Gem|p2a: Whimsicott
|-end|p2a: Whimsicott|Substitute
|
|-heal|p1a: Glimmora|94/100|[from] Grassy Terrain
|-heal|p2a: Whimsicott|44/100|[from] Grassy Terrain
|-heal|p2a: Whimsicott|50/100|[from] item: Leftovers
|-damage|p1a: Glimmora|82/100|[from] Leech Seed|[of] p2a: Whimsicott
|-heal|p2a: Whimsicott|62/100|[silent]
|-fieldend|move: Grassy Terrain
|upkeep
|turn|14
|
|t:|1758283612
|switch|p1a: Tyranitar|Tyranitar, M|100/100
|-weather|Sandstorm|[from] ability: Sand Stream|[of] p1a: Tyranitar
|move|p2a: Whimsicott|Substitute|p2a: Whimsicott
|-start|p2a: Whimsicott|Substitute
|-damage|p2a: Whimsicott|37/100
|
|-weather|Sandstorm|[upkeep]
|-damage|p2a: Whimsicott|31/100|[from] Sandstorm
|-heal|p2a: Whimsicott|37/100|[from] item: Leftovers
|upkeep
|turn|15
|
|t:|1758283617
|move|p2a: Whimsicott|Moonblast|p1a: Tyranitar
|-supereffective|p1a: Tyranitar
|-damage|p1a: Tyranitar|71/100
|-unboost|p1a: Tyranitar|spa|1
|move|p1a: Tyranitar|Stone Edge|p2a: Whimsicott|[miss]
|-miss|p1a: Tyranitar|p2a: Whimsicott
|
|-weather|Sandstorm|[upkeep]
|-damage|p2a: Whimsicott|31/100|[from] Sandstorm
|-heal|p2a: Whimsicott|37/100|[from] item: Leftovers
|upkeep
|turn|16
|
|t:|1758283623
|move|p2a: Whimsicott|Moonblast|p1a: Tyranitar
|-supereffective|p1a: Tyranitar
|-damage|p1a: Tyranitar|45/100
|move|p1a: Tyranitar|Tera Blast|p2a: Whimsicott
|-activate|p2a: Whimsicott|move: Substitute|[damage]
|
|-weather|Sandstorm|[upkeep]
|-damage|p2a: Whimsicott|31/100|[from] Sandstorm
|-heal|p2a: Whimsicott|37/100|[from] item: Leftovers
|upkeep
|turn|17
|
|t:|1758283631
|switch|p1a: Rillaboom|Rillaboom, F|38/100
|-fieldstart|move: Grassy Terrain|[from] ability: Grassy Surge|[of] p1a: Rillaboom
|move|p2a: Whimsicott|Moonblast|p1a: Rillaboom
|-damage|p1a: Rillaboom|4/100
|-unboost|p1a: Rillaboom|spa|1
|
|-weather|Sandstorm|[upkeep]
|-damage|p1a: Rillaboom|0 fnt|[from] Sandstorm
|-damage|p2a: Whimsicott|31/100|[from] Sandstorm
|faint|p1a: Rillaboom
|-heal|p2a: Whimsicott|37/100|[from] Grassy Terrain
|-heal|p2a: Whimsicott|44/100|[from] item: Leftovers
|upkeep
|
|t:|1758283637
|switch|p1a: Glimmora|Glimmora, F|82/100
|turn|18
|
|t:|1758283641
|move|p1a: Glimmora|Spiky Shield|p1a: Glimmora
|-singleturn|p1a: Glimmora|move: Protect
|move|p2a: Whimsicott|Leech Seed|p1a: Glimmora
|-activate|p1a: Glimmora|move: Protect
|
|-weather|none
|-heal|p1a: Glimmora|88/100|[from] Grassy Terrain
|-heal|p2a: Whimsicott|50/100|[from] Grassy Terrain
|-heal|p2a: Whimsicott|56/100|[from] item: Leftovers
|upkeep
|turn|19
|
|t:|1758283645
|move|p2a: Whimsicott|Leech Seed|p1a: Glimmora
|-start|p1a: Glimmora|move: Leech Seed
|move|p1a: Glimmora|Power Gem|p2a: Whimsicott
|-end|p2a: Whimsicott|Substitute
|
|-heal|p1a: Glimmora|94/100|[from] Grassy Terrain
|-heal|p2a: Whimsicott|62/100|[from] Grassy Terrain
|-heal|p2a: Whimsicott|68/100|[from] item: Leftovers
|-damage|p1a: Glimmora|82/100|[from] Leech Seed|[of] p2a: Whimsicott
|-heal|p2a: Whimsicott|80/100|[silent]
|upkeep
|turn|20
|
|t:|1758283651
|move|p2a: Whimsicott|Substitute|p2a: Whimsicott
|-start|p2a: Whimsicott|Substitute
|-damage|p2a: Whimsicott|55/100
|move|p1a: Glimmora|Power Gem|p2a: Whimsicott
|-end|p2a: Whimsicott|Substitute
|
|-heal|p1a: Glimmora|88/100|[from] Grassy Terrain
|-heal|p2a: Whimsicott|61/100|[from] Grassy Terrain
|-heal|p2a: Whimsicott|68/100|[from] item: Leftovers
|-damage|p1a: Glimmora|76/100|[from] Leech Seed|[of] p2a: Whimsicott
|-heal|p2a: Whimsicott|79/100|[silent]
|upkeep
|turn|21
|
|t:|1758283658
|switch|p1a: Tyranitar|Tyranitar, M|45/100
|-weather|Sandstorm|[from] ability: Sand Stream|[of] p1a: Tyranitar
|switch|p2a: Greninja|Greninja, M|100/100
|
|-weather|Sandstorm|[upkeep]
|-damage|p2a: Greninja|95/100|[from] Sandstorm
|-heal|p2a: Greninja|100/100|[from] Grassy Terrain
|-heal|p1a: Tyranitar|51/100|[from] Grassy Terrain
|-fieldend|move: Grassy Terrain
|upkeep
|turn|22
|
|t:|1758283666
|switch|p1a: Rotom|Rotom-Wash, shiny|53/100
|move|p2a: Greninja|Water Shuriken|p1a: Rotom
|-resisted|p1a: Rotom
|-damage|p1a: Rotom|50/100
|-resisted|p1a: Rotom
|-damage|p1a: Rotom|47/100
|-hitcount|p1a: Rotom|2
|
|-weather|Sandstorm|[upkeep]
|-damage|p2a: Greninja|95/100|[from] Sandstorm
|-damage|p1a: Rotom|40/100|[from] Sandstorm
|-heal|p1a: Rotom|47/100|[from] item: Leftovers
|upkeep
|turn|23
|
|t:|1758283670
|switch|p2a: Iron Hands|Iron Hands|100/100
|-enditem|p2a: Iron Hands|Booster Energy
|-activate|p2a: Iron Hands|ability: Quark Drive|[fromitem]
|-start|p2a: Iron Hands|quarkdriveatk
|move|p1a: Rotom|Pain Split|p2a: Iron Hands
|-sethp|p2a: Iron Hands|64/100|[from] move: Pain Split|[silent]
|-sethp|p1a: Rotom|100/100|[from] move: Pain Split
|
|-weather|Sandstorm|[upkeep]
|-damage|p1a: Rotom|94/100|[from] Sandstorm
|-damage|p2a: Iron Hands|58/100|[from] Sandstorm
|-heal|p1a: Rotom|100/100|[from] item: Leftovers
|upkeep
|turn|24
|
|t:|1758283676
|move|p1a: Rotom|Will-O-Wisp|p2a: Iron Hands
|-status|p2a: Iron Hands|brn
|move|p2a: Iron Hands|Supercell Slam|p1a: Rotom
|-damage|p1a: Rotom|68/100
|
|-weather|Sandstorm|[upkeep]
|-damage|p1a: Rotom|62/100|[from] Sandstorm
|-damage|p2a: Iron Hands|52/100 brn|[from] Sandstorm
|-heal|p1a: Rotom|68/100|[from] item: Leftovers
|-damage|p2a: Iron Hands|46/100 brn|[from] brn
|upkeep
|turn|25
|
|t:|1758283681
|move|p1a: Rotom|Hydro Pump|p2a: Iron Hands
|-damage|p2a: Iron Hands|11/100 brn
|move|p2a: Iron Hands|Facade|p1a: Rotom
|-damage|p1a: Rotom|13/100
|
|-weather|none
|-heal|p1a: Rotom|20/100|[from] item: Leftovers
|-damage|p2a: Iron Hands|5/100 brn|[from] brn
|upkeep
|turn|26
|l|☆Underquill
|inactive|Underquill disconnected and has a minute to reconnect!
|player|p2|
|inactive|Underquill has 30 seconds to reconnect!
|inactive|Underquill has 20 seconds to reconnect!
|inactive|Underquill has 15 seconds to reconnect!
|j|☆Underquill
|inactive|Underquill reconnected and has 100 seconds left.
|player|p2|Underquill|1|
|
|t:|1758283734
|move|p1a: Rotom|Volt Switch|p2a: Iron Hands
|-resisted|p2a: Iron Hands
|-damage|p2a: Iron Hands|0 fnt
|faint|p2a: Iron Hands
|-end|p2a: Iron Hands|Quark Drive|[silent]
|
|t:|1758283742
|switch|p1a: Tyranitar|Tyranitar, M|51/100|[from] Volt Switch
|-weather|Sandstorm|[from] ability: Sand Stream|[of] p1a: Tyranitar
|
|-weather|Sandstorm|[upkeep]
|upkeep
|
|t:|1758283761
|switch|p2a: Greninja|Greninja, M|95/100
|turn|27
|l|☆Underquill
|inactive|Underquill disconnected and has a minute to reconnect!
|player|p2|
|j|☆Underquill
|inactive|Underquill reconnected and has 95 seconds left.
|player|p2|Underquill|1|
|inactive|Underquill has 90 seconds left.
|
|t:|1758283780
|switch|p1a: Rotom|Rotom-Wash, shiny|20/100
|move|p2a: Greninja|Liquidation|p1a: Rotom
|-resisted|p1a: Rotom
|-damage|p1a: Rotom|8/100
|
|-weather|Sandstorm|[upkeep]
|-damage|p2a: Greninja|89/100|[from] Sandstorm
|-damage|p1a: Rotom|2/100|[from] Sandstorm
|-heal|p1a: Rotom|8/100|[from] item: Leftovers
|upkeep
|turn|28
|inactive|tu'ko delimo has 120 seconds left.
|
|t:|1758283826
|move|p2a: Greninja|Dark Pulse|p1a: Rotom
|-damage|p1a: Rotom|0 fnt
|faint|p1a: Rotom
|-ability|p2a: Greninja|Battle Bond|boost
|-boost|p2a: Greninja|atk|1
|-boost|p2a: Greninja|spa|1
|-boost|p2a: Greninja|spe|1
|-activate|p2a: Greninja|ability: Battle Bond
|
|-weather|Sandstorm|[upkeep]
|-damage|p2a: Greninja|83/100|[from] Sandstorm
|upkeep
|
|t:|1758283834
|switch|p1a: Tyranitar|Tyranitar, M|51/100
|turn|29
|
|t:|1758283844
|-terastallize|p2a: Greninja|Water
|move|p2a: Greninja|Liquidation|p1a: Tyranitar
|-supereffective|p1a: Tyranitar
|-damage|p1a: Tyranitar|0 fnt
|faint|p1a: Tyranitar
|
|-weather|Sandstorm|[upkeep]
|-damage|p2a: Greninja|77/100|[from] Sandstorm
|upkeep
|
|t:|1758283851
|switch|p1a: Glimmora|Glimmora, F|76/100
|turn|30
|
|t:|1758283854
|move|p1a: Glimmora|Spiky Shield|p1a: Glimmora
|-singleturn|p1a: Glimmora|move: Protect
|move|p2a: Greninja|Liquidation|p1a: Glimmora
|-activate|p1a: Glimmora|move: Protect
|-damage|p2a: Greninja|64/100|[from] Spiky Shield|[of] p1a: Glimmora
|
|-weather|none
|upkeep
|turn|31
|
|t:|1758283859
|move|p2a: Greninja|Liquidation|p1a: Glimmora
|-supereffective|p1a: Glimmora
|-damage|p1a: Glimmora|0 fnt
|-activate|p1a: Glimmora|ability: Toxic Debris
|-sidestart|p2: Underquill|move: Toxic Spikes
|faint|p1a: Glimmora
|
|upkeep
|
|t:|1758283865
|switch|p1a: Zamazenta|Zamazenta|100/100
|-ability|p1a: Zamazenta|Dauntless Shield|boost
|-boost|p1a: Zamazenta|def|1
|turn|32
|
|t:|1758283868
|switch|p2a: Fezandipiti|Fezandipiti, M|100/100
|-sideend|p2: Underquill|move: Toxic Spikes|[of] p2a: Fezandipiti
|move|p1a: Zamazenta|Body Press|p2a: Fezandipiti
|-resisted|p2a: Fezandipiti
|-damage|p2a: Fezandipiti|84/100
|
|-heal|p2a: Fezandipiti|90/100|[from] item: Leftovers
|upkeep
|turn|33
|
|t:|1758283876
|move|p1a: Zamazenta|Protect|p1a: Zamazenta
|-singleturn|p1a: Zamazenta|Protect
|move|p2a: Fezandipiti|Toxic|p1a: Zamazenta
|-activate|p1a: Zamazenta|move: Protect
|
|-heal|p2a: Fezandipiti|96/100|[from] item: Leftovers
|upkeep
|turn|34
|
|t:|1758283882
|switch|p1a: Gholdengo|Gholdengo|100/100
|-item|p1a: Gholdengo|Air Balloon
|switch|p2a: Whimsicott|Whimsicott, M|79/100
|
|-heal|p2a: Whimsicott|86/100|[from] item: Leftovers
|upkeep
|turn|35
|
|t:|1758283888
|switch|p2a: Corviknight|Corviknight, F|100/100
|move|p1a: Gholdengo|Nasty Plot|p1a: Gholdengo
|-boost|p1a: Gholdengo|spa|2
|
|upkeep
|turn|36
|
|t:|1758283892
|move|p1a: Gholdengo|Nasty Plot|p1a: Gholdengo
|-boost|p1a: Gholdengo|spa|2
|move|p2a: Corviknight|Brave Bird|p1a: Gholdengo
|-resisted|p1a: Gholdengo
|-damage|p1a: Gholdengo|88/100
|-enditem|p1a: Gholdengo|Air Balloon
|-damage|p2a: Corviknight|96/100|[from] Recoil
|
|upkeep
|turn|37
|
|t:|1758283896
|move|p1a: Gholdengo|Nasty Plot|p1a: Gholdengo
|-boost|p1a: Gholdengo|spa|2
|move|p2a: Corviknight|Brave Bird|p1a: Gholdengo
|-resisted|p1a: Gholdengo
|-damage|p1a: Gholdengo|75/100
|-damage|p2a: Corviknight|93/100|[from] Recoil
|
|upkeep
|turn|38
|
|t:|1758283899
|move|p1a: Gholdengo|Hex|p2a: Corviknight
|-damage|p2a: Corviknight|20/100
|move|p2a: Corviknight|Brave Bird|p1a: Gholdengo
|-resisted|p1a: Gholdengo
|-damage|p1a: Gholdengo|63/100
|-damage|p2a: Corviknight|16/100|[from] Recoil
|
|upkeep
|turn|39
|
|t:|1758283901
|move|p1a: Gholdengo|Hex|p2a: Corviknight
|-damage|p2a: Corviknight|0 fnt
|faint|p2a: Corviknight
|
|upkeep
|
|t:|1758283904
|switch|p2a: Entei|Entei|100/100
|turn|40
|
|t:|1758283906
|move|p2a: Entei|Sacred Fire|p1a: Gholdengo
|-supereffective|p1a: Gholdengo
|-damage|p1a: Gholdengo|0 fnt
|faint|p1a: Gholdengo
|
|upkeep
|
|t:|1758283910
|switch|p1a: Zamazenta|Zamazenta|100/100
|turn|41
|
|t:|1758283914
|move|p1a: Zamazenta|Iron Defense|p1a: Zamazenta
|-boost|p1a: Zamazenta|def|2
|move|p2a: Entei|Sacred Fire|p1a: Zamazenta
|-damage|p1a: Zamazenta|73/100
|
|upkeep
|turn|42
|
|t:|1758283917
|switch|p2a: Whimsicott|Whimsicott, M|86/100
|move|p1a: Zamazenta|Protect||[still]
|-fail|p1a: Zamazenta
|
|-heal|p2a: Whimsicott|92/100|[from] item: Leftovers
|upkeep
|turn|43
|
|t:|1758283922
|move|p2a: Whimsicott|Encore|p1a: Zamazenta
|-start|p1a: Zamazenta|Encore
|move|p1a: Zamazenta|Protect||[still]
|-fail|p1a: Zamazenta
|
|-heal|p2a: Whimsicott|98/100|[from] item: Leftovers
|upkeep
|turn|44
|-message|tu'ko delimo forfeited.
|
|win|Underquill
|raw|tu&apos;ko delimo's rating: 1344 &rarr; <strong>1322</strong><br />(-22 for losing)
|raw|Underquill's rating: 1307 &rarr; <strong>1329</strong><br />(+22 for winning)
|l|☆tu'ko delimo
|player|p1|
|l|☆Underquill
|player|p2|
