|j|☆ArtichauDD
|j|☆jtremes
|t:|1758300087
|gametype|singles
|player|p1|ArtichauDD|170|1203
|player|p2|jtremes|170|1222
|gen|9
|tier|[Gen 9] OU
|rated|
|rule|HP Percentage Mod: HP is shown in percentages
|rule|Endless Battle Clause: Forcing endless battles is banned
|rule|Species Clause: Limit one of each Pokémon
|rule|OHKO Clause: OHKO moves are banned
|rule|Evasion Items Clause: Evasion items are banned
|rule|Evasion Moves Clause: Evasion moves are banned
|rule|Evasion Abilities Clause: Evasion abilities are banned
|rule|Sleep Moves Clause: Sleep-inducing moves are banned
|clearpoke
|poke|p1|Samurott-Hisui, M|
|poke|p1|Rillaboom, M|
|poke|p1|Landorus-Therian, M|
|poke|p1|Gholdengo|
|poke|p1|Weavile, M|
|poke|p1|Exeggutor-Alola, F|
|poke|p2|Hawlucha, F|
|poke|p2|Rillaboom, F|
|poke|p2|Skeledirge, F|
|poke|p2|Ting-Lu|
|poke|p2|Keldeo-Resolute|
|poke|p2|Corviknight, M|
|teampreview
|inactive|Battle timer is ON: inactive players will automatically lose when time's up. (requested by jtremes)
|
|t:|1758300095
|teamsize|p1|6
|teamsize|p2|6
|start
|switch|p1a: Landorus|Landorus-Therian, M|100/100
|switch|p2a: Keldeo|Keldeo-Resolute|100/100
|-ability|p1a: Landorus|Intimidate|boost
|-unboost|p2a: Keldeo|atk|1
|turn|1
|
|t:|1758300115
|switch|p1a: Rillaboom|Rillaboom, M|100/100
|-fieldstart|move: Grassy Terrain|[from] ability: Grassy Surge|[of] p1a: Rillaboom
|move|p2a: Keldeo|Substitute|p2a: Keldeo
|-start|p2a: Keldeo|Substitute
|-damage|p2a: Keldeo|76/100
|
|-heal|p2a: Keldeo|82/100|[from] Grassy Terrain
|-heal|p2a: Keldeo|88/100|[from] item: Leftovers
|upkeep
|turn|2
|
|t:|1758300125
|move|p2a: Keldeo|Secret Sword|p1a: Rillaboom
|-damage|p1a: Rillaboom|62/100
|move|p1a: Rillaboom|U-turn|p2a: Keldeo
|-resisted|p2a: Keldeo
|-activate|p2a: Keldeo|move: Substitute|[damage]
|
|t:|1758300131
|switch|p1a: Exeggutor|Exeggutor-Alola, F|100/100|[from] U-turn
|-item|p2a: Keldeo|Leftovers|[from] ability: Frisk|[of] p1a: Exeggutor
|
|-heal|p2a: Keldeo|94/100|[from] Grassy Terrain
|-heal|p2a: Keldeo|100/100|[from] item: Leftovers
|upkeep
|turn|3
|
|t:|1758300141
|move|p2a: Keldeo|Calm Mind|p2a: Keldeo
|-boost|p2a: Keldeo|spa|1
|-boost|p2a: Keldeo|spd|1
|move|p1a: Exeggutor|Giga Drain|p2a: Keldeo
|-supereffective|p2a: Keldeo
|-end|p2a: Keldeo|Substitute
|
|upkeep
|turn|4
|
|t:|1758300154
|switch|p2a: Hawlucha|Hawlucha, F|100/100
|-enditem|p2a: Hawlucha|Grassy Seed
|-boost|p2a: Hawlucha|def|1|[from] item: Grassy Seed
|move|p1a: Exeggutor|Giga Drain|p2a: Hawlucha
|-resisted|p2a: Hawlucha
|-damage|p2a: Hawlucha|44/100
|
|upkeep
|turn|5
|
|t:|1758300161
|move|p2a: Hawlucha|Acrobatics|p1a: Exeggutor
|-supereffective|p1a: Exeggutor
|-damage|p1a: Exeggutor|0 fnt
|faint|p1a: Exeggutor
|
|-fieldend|move: Grassy Terrain
|upkeep
|
|t:|1758300168
|switch|p1a: Samurott|Samurott-Hisui, M|100/100
|turn|6
|
|t:|1758300190
|move|p2a: Hawlucha|Acrobatics|p1a: Samurott
|-damage|p1a: Samurott|47/100
|move|p1a: Samurott|Razor Shell|p2a: Hawlucha
|-damage|p2a: Hawlucha|0 fnt
|faint|p2a: Hawlucha
|
|upkeep
|
|t:|1758300194
|switch|p2a: Keldeo|Keldeo-Resolute|100/100
|turn|7
|
|t:|1758300203
|switch|p1a: Rillaboom|Rillaboom, M|62/100
|-fieldstart|move: Grassy Terrain|[from] ability: Grassy Surge|[of] p1a: Rillaboom
|move|p2a: Keldeo|Secret Sword|p1a: Rillaboom
|-damage|p1a: Rillaboom|29/100
|
|-heal|p1a: Rillaboom|35/100|[from] Grassy Terrain
|upkeep
|turn|8
|
|t:|1758300213
|switch|p2a: Corviknight|Corviknight, M|100/100
|-ability|p2a: Corviknight|Pressure
|move|p1a: Rillaboom|Grassy Glide|p2a: Corviknight
|-resisted|p2a: Corviknight
|-damage|p2a: Corviknight|92/100
|
|-heal|p1a: Rillaboom|41/100|[from] Grassy Terrain
|-heal|p2a: Corviknight|98/100|[from] item: Leftovers
|upkeep
|turn|9
|inactive|jtremes has 120 seconds left.
|inactive|jtremes has 90 seconds left.
|inactive|jtremes has 60 seconds left.
|inactive|jtremes has 30 seconds left.
|inactive|jtremes has 20 seconds left.
|
|t:|1758300347
|switch|p1a: Gholdengo|Gholdengo|100/100
|-item|p1a: Gholdengo|Air Balloon
|move|p2a: Corviknight|U-turn|p1a: Gholdengo
|-resisted|p1a: Gholdengo
|-damage|p1a: Gholdengo|98/100
|-enditem|p1a: Gholdengo|Air Balloon
|inactive|jtremes has 25 seconds left this turn.
|inactive|jtremes has 20 seconds left.
|
|t:|1758300352
|switch|p2a: Ting-Lu|Ting-Lu|100/100|[from] U-turn
|-ability|p2a: Ting-Lu|Vessel of Ruin
|
|-heal|p1a: Gholdengo|100/100|[from] Grassy Terrain
|upkeep
|turn|10
|inactive|jtremes has 30 seconds left this turn.
|
|t:|1758300366
|switch|p1a: Landorus|Landorus-Therian, M|100/100
|-ability|p1a: Landorus|Intimidate|boost
|-unboost|p2a: Ting-Lu|atk|1
|move|p2a: Ting-Lu|Ruination|p1a: Landorus|[miss]
|-miss|p2a: Ting-Lu|p1a: Landorus
|
|upkeep
|turn|11
|
|t:|1758300374
|move|p1a: Landorus|Stealth Rock|p2a: Ting-Lu
|-sidestart|p2: jtremes|move: Stealth Rock
|move|p2a: Ting-Lu|Stealth Rock|p1a: Landorus
|-sidestart|p1: ArtichauDD|move: Stealth Rock
|
|-fieldend|move: Grassy Terrain
|upkeep
|turn|12
|
|t:|1758300382
|switch|p2a: Rillaboom|Rillaboom, F|100/100
|-damage|p2a: Rillaboom|88/100|[from] Stealth Rock
|-fieldstart|move: Grassy Terrain|[from] ability: Grassy Surge|[of] p2a: Rillaboom
|move|p1a: Landorus|U-turn|p2a: Rillaboom
|-supereffective|p2a: Rillaboom
|-damage|p2a: Rillaboom|60/100
|
|t:|1758300391
|switch|p1a: Weavile|Weavile, M|100/100|[from] U-turn
|-ability|p1a: Weavile|Pressure
|
|-heal|p2a: Rillaboom|67/100|[from] Grassy Terrain
|upkeep
|turn|13
|
|t:|1758300413
|move|p1a: Weavile|Triple Axel|p2a: Rillaboom
|-supereffective|p2a: Rillaboom
|-damage|p2a: Rillaboom|52/100
|-supereffective|p2a: Rillaboom
|-damage|p2a: Rillaboom|23/100
|-supereffective|p2a: Rillaboom
|-crit|p2a: Rillaboom
|-damage|p2a: Rillaboom|0 fnt
|faint|p2a: Rillaboom
|-hitcount|p2: Rillaboom|3
|
|upkeep
|
|t:|1758300417
|switch|p2a: Keldeo|Keldeo-Resolute|100/100
|-damage|p2a: Keldeo|94/100|[from] Stealth Rock
|turn|14
|
|t:|1758300431
|switch|p1a: Gholdengo|Gholdengo|100/100
|-damage|p1a: Gholdengo|94/100|[from] Stealth Rock
|move|p2a: Keldeo|Substitute|p2a: Keldeo
|-start|p2a: Keldeo|Substitute
|-damage|p2a: Keldeo|69/100
|
|-heal|p2a: Keldeo|76/100|[from] Grassy Terrain
|-heal|p2a: Keldeo|82/100|[from] item: Leftovers
|-heal|p1a: Gholdengo|100/100|[from] Grassy Terrain
|upkeep
|turn|15
|inactive|jtremes has 30 seconds left.
|
|t:|1758300458
|move|p2a: Keldeo|Surf|p1a: Gholdengo
|-damage|p1a: Gholdengo|64/100
|move|p1a: Gholdengo|Nasty Plot|p1a: Gholdengo
|-boost|p1a: Gholdengo|spa|2
|
|-heal|p2a: Keldeo|88/100|[from] Grassy Terrain
|-heal|p2a: Keldeo|94/100|[from] item: Leftovers
|-heal|p1a: Gholdengo|70/100|[from] Grassy Terrain
|upkeep
|turn|16
|c|☆ArtichauDD|Dude just play
|inactive|jtremes has 30 seconds left.
|
|t:|1758300469
|move|p2a: Keldeo|Surf|p1a: Gholdengo
|-damage|p1a: Gholdengo|31/100
|move|p1a: Gholdengo|Hex|p2a: Keldeo
|-end|p2a: Keldeo|Substitute
|
|-heal|p2a: Keldeo|100/100|[from] Grassy Terrain
|-heal|p1a: Gholdengo|37/100|[from] Grassy Terrain
|upkeep
|turn|17
|
|t:|1758300479
|-terastallize|p2a: Keldeo|Water
|move|p2a: Keldeo|Surf|p1a: Gholdengo
|-damage|p1a: Gholdengo|0 fnt
|faint|p1a: Gholdengo
|
|upkeep
|
|t:|1758300494
|switch|p1a: Rillaboom|Rillaboom, M|41/100
|-damage|p1a: Rillaboom|28/100|[from] Stealth Rock
|turn|18
|
|t:|1758300511
|switch|p2a: Corviknight|Corviknight, M|98/100
|-damage|p2a: Corviknight|86/100|[from] Stealth Rock
|-ability|p2a: Corviknight|Pressure
|move|p1a: Rillaboom|Grassy Glide|p2a: Corviknight
|-resisted|p2a: Corviknight
|-damage|p2a: Corviknight|77/100
|
|-heal|p1a: Rillaboom|34/100|[from] Grassy Terrain
|-heal|p2a: Corviknight|83/100|[from] item: Leftovers
|upkeep
|turn|19
|
|t:|1758300527
|switch|p1a: Landorus|Landorus-Therian, M|100/100
|-damage|p1a: Landorus|88/100|[from] Stealth Rock
|-ability|p1a: Landorus|Intimidate|boost
|-unboost|p2a: Corviknight|atk|1
|move|p2a: Corviknight|U-turn|p1a: Landorus
|-resisted|p1a: Landorus
|-crit|p1a: Landorus
|-damage|p1a: Landorus|78/100
|-damage|p2a: Corviknight|67/100|[from] item: Rocky Helmet|[of] p1a: Landorus
|inactive|jtremes has 30 seconds left.
|inactive|jtremes has 20 seconds left.
|
|t:|1758300555
|switch|p2a: Keldeo|Keldeo-Resolute, tera:Water|100/100|[from] U-turn
|-damage|p2a: Keldeo|88/100|[from] Stealth Rock
|
|-heal|p2a: Keldeo|94/100|[from] Grassy Terrain
|-heal|p2a: Keldeo|100/100|[from] item: Leftovers
|-fieldend|move: Grassy Terrain
|upkeep
|turn|20
|inactive|jtremes has 30 seconds left this turn.
|
|t:|1758300567
|move|p2a: Keldeo|Surf|p1a: Landorus
|-supereffective|p1a: Landorus
|-damage|p1a: Landorus|0 fnt
|faint|p1a: Landorus
|
|upkeep
|-message|ArtichauDD forfeited.
|
|win|jtremes
|raw|ArtichauDD's rating: 1203 &rarr; <strong>1179</strong><br />(-24 for losing)
|raw|jtremes's rating: 1222 &rarr; <strong>1246</strong><br />(+24 for winning)
|l|☆ArtichauDD
|player|p1|
