|j|☆ouku bakuza
|j|☆SamiFawad
|t:|1758367367
|gametype|singles
|player|p1|ouku bakuza|1|1575
|player|p2|SamiFawad|169|1617
|gen|9
|tier|[Gen 9] OU
|rated|
|rule|HP Percentage Mod: HP is shown in percentages
|rule|Endless Battle Clause: Forcing endless battles is banned
|rule|Species Clause: Limit one of each Pokémon
|rule|OHKO Clause: OHKO moves are banned
|rule|Evasion Items Clause: Evasion items are banned
|rule|Evasion Moves Clause: Evasion moves are banned
|rule|Evasion Abilities Clause: Evasion abilities are banned
|rule|Sleep Moves Clause: Sleep-inducing moves are banned
|clearpoke
|poke|p1|Great Tusk|
|poke|p1|Dragonite, M|
|poke|p1|Gholdengo|
|poke|p1|Iron Treads|
|poke|p1|Rotom-Wash|
|poke|p1|Iron Valiant|
|poke|p2|Slowking-Galar, F|
|poke|p2|Samurott-Hisui, F|
|poke|p2|Muk-Alola, M|
|poke|p2|Pecharunt|
|poke|p2|Ogerpon-Cornerstone, F|
|poke|p2|Great Tusk|
|teampreview
|inactive|Battle timer is ON: inactive players will automatically lose when time's up. (requested by ouku bakuza)
|
|t:|1758367384
|teamsize|p1|6
|teamsize|p2|6
|start
|switch|p1a: Rotom|Rotom-Wash|100/100
|switch|p2a: Slowking|Slowking-Galar, F|100/100
|turn|1
|
|t:|1758367403
|move|p1a: Rotom|Trick|p2a: Slowking
|-activate|p1a: Rotom|move: Trick|[of] p2a: Slowking
|-item|p2a: Slowking|Choice Scarf|[from] move: Trick
|-item|p1a: Rotom|Assault Vest|[from] move: Trick
|move|p2a: Slowking|Future Sight|p1a: Rotom
|-start|p2a: Slowking|move: Future Sight
|
|upkeep
|turn|2
|
|t:|1758367415
|switch|p2a: Muk|Muk-Alola, M|100/100
|move|p1a: Rotom|Volt Switch|p2a: Muk
|-damage|p2a: Muk|84/100
|
|t:|1758367421
|switch|p1a: Iron Treads|Iron Treads|100/100|[from] Volt Switch
|-enditem|p1a: Iron Treads|Booster Energy
|-activate|p1a: Iron Treads|ability: Quark Drive|[fromitem]
|-start|p1a: Iron Treads|quarkdrivespe
|
|upkeep
|turn|3
|
|t:|1758367429
|move|p1a: Iron Treads|Earthquake|p2a: Muk
|-supereffective|p2a: Muk
|-damage|p2a: Muk|0 fnt
|faint|p2a: Muk
|
|-end|p1a: Iron Treads|move: Future Sight
|-resisted|p1a: Iron Treads
|-damage|p1a: Iron Treads|55/100
|upkeep
|
|t:|1758367436
|switch|p2a: Samurott|Samurott-Hisui, F|100/100
|turn|4
|
|t:|1758367447
|move|p1a: Iron Treads|Earthquake|p2a: Samurott
|-damage|p2a: Samurott|35/100
|move|p2a: Samurott|Ceaseless Edge|p1a: Iron Treads
|-damage|p1a: Iron Treads|7/100
|-sidestart|p1: ouku bakuza|Spikes
|
|upkeep
|turn|5
|
|t:|1758367456
|-end|p1a: Iron Treads|Quark Drive|[silent]
|switch|p1a: Rotom|Rotom-Wash|100/100
|move|p2a: Samurott|Sucker Punch||[still]
|-fail|p2a: Samurott
|
|upkeep
|turn|6
|
|t:|1758367464
|move|p2a: Samurott|Ceaseless Edge|p1a: Rotom
|-damage|p1a: Rotom|44/100
|-sidestart|p1: ouku bakuza|Spikes
|move|p1a: Rotom|Volt Switch|p2a: Samurott
|-supereffective|p2a: Samurott
|-damage|p2a: Samurott|0 fnt
|faint|p2a: Samurott
|
|t:|1758367475
|switch|p1a: Iron Treads|Iron Treads|7/100|[from] Volt Switch
|-damage|p1a: Iron Treads|0 fnt|[from] Spikes
|faint|p1a: Iron Treads
|-end|p1a: Iron Treads|Quark Drive|[silent]
|
|upkeep
|
|t:|1758367485
|switch|p1a: Rotom|Rotom-Wash|44/100
|switch|p2a: Pecharunt|Pecharunt|100/100
|turn|7
|
|t:|1758367494
|move|p1a: Rotom|Volt Switch|p2a: Pecharunt
|-damage|p2a: Pecharunt|74/100
|
|t:|1758367497
|switch|p1a: ood horns|Great Tusk|100/100|[from] Volt Switch
|-damage|p1a: ood horns|84/100|[from] Spikes
|-enditem|p1a: ood horns|Booster Energy
|-activate|p1a: ood horns|ability: Protosynthesis|[fromitem]
|-start|p1a: ood horns|protosynthesisatk
|move|p2a: Pecharunt|Shadow Ball|p1a: ood horns
|-damage|p1a: ood horns|34/100
|
|upkeep
|turn|8
|
|t:|1758367508
|switch|p2a: Great Tusk|Great Tusk|100/100
|move|p1a: ood horns|Earthquake|p2a: Great Tusk
|-damage|p2a: Great Tusk|67/100
|
|upkeep
|turn|9
|
|t:|1758367523
|move|p1a: ood horns|Rapid Spin|p2a: Great Tusk
|-crit|p2a: Great Tusk
|-damage|p2a: Great Tusk|49/100
|-boost|p1a: ood horns|spe|1
|-damage|p1a: ood horns|18/100|[from] item: Rocky Helmet|[of] p2a: Great Tusk
|-sideend|p1: ouku bakuza|Spikes|[from] move: Rapid Spin|[of] p1a: ood horns
|move|p2a: Great Tusk|Stealth Rock|p1a: ood horns
|-sidestart|p1: ouku bakuza|move: Stealth Rock
|
|upkeep
|turn|10
|
|t:|1758367538
|move|p1a: ood horns|Ice Spinner|p2a: Great Tusk
|-supereffective|p2a: Great Tusk
|-damage|p2a: Great Tusk|10/100
|-damage|p1a: ood horns|2/100|[from] item: Rocky Helmet|[of] p2a: Great Tusk
|move|p2a: Great Tusk|Stealth Rock||[still]
|-fail|p2a: Great Tusk
|
|upkeep
|turn|11
|
|t:|1758367548
|move|p1a: ood horns|Rapid Spin|p2a: Great Tusk
|-damage|p2a: Great Tusk|0 fnt
|-boost|p1a: ood horns|spe|1
|-damage|p1a: ood horns|0 fnt|[from] item: Rocky Helmet|[of] p2a: Great Tusk
|faint|p2a: Great Tusk
|-end|p2a: Great Tusk|Protosynthesis|[silent]
|faint|p1a: ood horns
|-end|p1a: ood horns|Protosynthesis|[silent]
|
|upkeep
|
|t:|1758367564
|switch|p1a: Iron Valiant|Iron Valiant|100/100
|switch|p2a: Slowking|Slowking-Galar, F|100/100
|-damage|p1a: Iron Valiant|94/100|[from] Stealth Rock
|-enditem|p1a: Iron Valiant|Booster Energy
|-activate|p1a: Iron Valiant|ability: Quark Drive|[fromitem]
|-start|p1a: Iron Valiant|quarkdrivespe
|turn|12
|
|t:|1758367571
|-end|p1a: Iron Valiant|Quark Drive|[silent]
|switch|p1a: van gho|Gholdengo|100/100
|-damage|p1a: van gho|94/100|[from] Stealth Rock
|move|p2a: Slowking|Future Sight|p1a: van gho
|-start|p2a: Slowking|move: Future Sight
|
|-heal|p1a: van gho|100/100|[from] item: Leftovers
|upkeep
|turn|13
|
|t:|1758367583
|switch|p2a: Ogerpon|Ogerpon-Cornerstone, F|100/100
|move|p1a: van gho|Nasty Plot|p1a: van gho
|-boost|p1a: van gho|spa|2
|
|upkeep
|turn|14
|
|t:|1758367588
|move|p2a: Ogerpon|Knock Off|p1a: van gho
|-supereffective|p1a: van gho
|-damage|p1a: van gho|45/100
|-enditem|p1a: van gho|Leftovers|[from] move: Knock Off|[of] p2a: Ogerpon
|move|p1a: van gho|Make It Rain|p2a: Ogerpon
|-supereffective|p2a: Ogerpon
|-ability|p2a: Ogerpon|Sturdy
|-damage|p2a: Ogerpon|1/100
|-unboost|p1a: van gho|spa|1
|
|-end|p1a: van gho|move: Future Sight
|-resisted|p1a: van gho
|-damage|p1a: van gho|15/100
|upkeep
|turn|15
|
|t:|1758367600
|move|p2a: Ogerpon|Ivy Cudgel|p1a: van gho|[anim] Ivy Cudgel Rock
|-resisted|p1a: van gho
|-damage|p1a: van gho|0 fnt
|faint|p1a: van gho
|
|upkeep
|
|t:|1758367607
|switch|p1a: Iron Valiant|Iron Valiant|94/100
|-damage|p1a: Iron Valiant|88/100|[from] Stealth Rock
|turn|16
|
|t:|1758367613
|move|p1a: Iron Valiant|Spirit Break|p2a: Ogerpon
|-damage|p2a: Ogerpon|0 fnt
|faint|p2a: Ogerpon
|
|upkeep
|
|t:|1758367615
|switch|p2a: Pecharunt|Pecharunt|74/100
|turn|17
|
|t:|1758367619
|move|p1a: Iron Valiant|Knock Off|p2a: Pecharunt
|-supereffective|p2a: Pecharunt
|-damage|p2a: Pecharunt|33/100
|-damage|p1a: Iron Valiant|71/100|[from] item: Rocky Helmet|[of] p2a: Pecharunt
|-enditem|p2a: Pecharunt|Rocky Helmet|[from] move: Knock Off|[of] p1a: Iron Valiant
|move|p2a: Pecharunt|Malignant Chain|p1a: Iron Valiant
|-supereffective|p1a: Iron Valiant
|-damage|p1a: Iron Valiant|0 fnt
|faint|p1a: Iron Valiant
|-end|p1a: Iron Valiant|Quark Drive|[silent]
|
|upkeep
|
|t:|1758367626
|switch|p1a: Dragonite|Dragonite, M|100/100
|-damage|p1a: Dragonite|75/100|[from] Stealth Rock
|turn|18
|
|t:|1758367630
|-terastallize|p2a: Pecharunt|Normal
|move|p1a: Dragonite|Dragon Dance|p1a: Dragonite
|-boost|p1a: Dragonite|atk|1
|-boost|p1a: Dragonite|spe|1
|move|p2a: Pecharunt|Recover|p2a: Pecharunt
|-heal|p2a: Pecharunt|83/100
|
|-heal|p1a: Dragonite|82/100|[from] item: Leftovers
|upkeep
|turn|19
|inactive|ouku bakuza has 120 seconds left.
|inactive|ouku bakuza has 90 seconds left.
|
|t:|1758367698
|move|p1a: Dragonite|Dragon Claw|p2a: Pecharunt
|-damage|p2a: Pecharunt|42/100
|move|p2a: Pecharunt|Malignant Chain|p1a: Dragonite
|-damage|p1a: Dragonite|34/100
|
|-heal|p1a: Dragonite|40/100|[from] item: Leftovers
|upkeep
|turn|20
|inactive|ouku bakuza has 90 seconds left.
|
|t:|1758367732
|move|p1a: Dragonite|Dragon Claw|p2a: Pecharunt
|-damage|p2a: Pecharunt|0 fnt
|faint|p2a: Pecharunt
|
|-heal|p1a: Dragonite|46/100|[from] item: Leftovers
|upkeep
|
|t:|1758367735
|switch|p2a: Slowking|Slowking-Galar, F|100/100
|turn|21
|l|☆ouku bakuza
|inactive|ouku bakuza disconnected and has a minute to reconnect!
|player|p1|
|j|☆ouku bakuza
|inactive|ouku bakuza reconnected and has 70 seconds left.
|player|p1|ouku bakuza|1|
|
|t:|1758367753
|move|p1a: Dragonite|Dragon Claw|p2a: Slowking
|-damage|p2a: Slowking|22/100
|move|p2a: Slowking|Sludge Bomb|p1a: Dragonite
|-damage|p1a: Dragonite|2/100
|
|-heal|p1a: Dragonite|8/100|[from] item: Leftovers
|upkeep
|turn|22
|-message|SamiFawad forfeited.
|
|win|ouku bakuza
|raw|ouku bakuza's rating: 1575 &rarr; <strong>1597</strong><br />(+22 for winning)
|raw|SamiFawad's rating: 1617 &rarr; <strong>1595</strong><br />(-22 for losing)
|l|☆SamiFawad
|player|p2|
|l|☆ouku bakuza
|player|p1|
