|j|☆Sorenn
|j|☆mulie
|t:|1758379693
|gametype|singles
|player|p1|Sorenn|mira|1309
|player|p2|mulie|170|1371
|gen|9
|tier|[Gen 9] OU
|rated|
|rule|HP Percentage Mod: HP is shown in percentages
|rule|Endless Battle Clause: Forcing endless battles is banned
|rule|Species Clause: Limit one of each Pokémon
|rule|OHKO Clause: OHKO moves are banned
|rule|Evasion Items Clause: Evasion items are banned
|rule|Evasion Moves Clause: Evasion moves are banned
|rule|Evasion Abilities Clause: Evasion abilities are banned
|rule|Sleep Moves Clause: Sleep-inducing moves are banned
|clearpoke
|poke|p1|Ogerpon-Wellspring, F|
|poke|p1|Skeledirge, M|
|poke|p1|Primarina, M|
|poke|p1|Jolteon, M|
|poke|p1|Cinccino, F|
|poke|p1|Ninetales-Alola, F|
|poke|p2|Rotom-Mow|
|poke|p2|Tyranitar, M|
|poke|p2|Moltres|
|poke|p2|Alomomola, F|
|poke|p2|Great Tusk|
|poke|p2|Darkrai|
|teampreview
|inactive|Battle timer is ON: inactive players will automatically lose when time's up. (requested by Sorenn)
|
|t:|1758379709
|teamsize|p1|6
|teamsize|p2|6
|start
|switch|p1a: Ogerpon|Ogerpon-Wellspring, F|100/100
|switch|p2a: Darkrai|Darkrai|100/100
|turn|1
|
|t:|1758379715
|switch|p1a: Primarina|Primarina, M, shiny|100/100
|move|p2a: Darkrai|Sludge Bomb|p1a: Primarina
|-supereffective|p1a: Primarina
|-damage|p1a: Primarina|43/100
|
|upkeep
|turn|2
|
|t:|1758379719
|-terastallize|p1a: Primarina|Steel
|move|p2a: Darkrai|Sludge Bomb|p1a: Primarina
|-immune|p1a: Primarina
|move|p1a: Primarina|Moonblast|p2a: Darkrai
|-supereffective|p2a: Darkrai
|-damage|p2a: Darkrai|0 fnt
|faint|p2a: Darkrai
|
|upkeep
|
|t:|1758379724
|switch|p2a: Moltres|Moltres|100/100
|turn|3
|
|t:|1758379732
|switch|p1a: Skeledirge|Skeledirge, M, shiny|100/100
|move|p2a: Moltres|Flamethrower|p1a: Skeledirge
|-resisted|p1a: Skeledirge
|-damage|p1a: Skeledirge|82/100
|
|-heal|p1a: Skeledirge|88/100|[from] item: Leftovers
|upkeep
|turn|4
|
|t:|1758379740
|move|p2a: Moltres|U-turn|p1a: Skeledirge
|-resisted|p1a: Skeledirge
|-damage|p1a: Skeledirge|86/100
|
|t:|1758379751
|switch|p2a: Great Tusk|Great Tusk|100/100|[from] U-turn
|move|p1a: Skeledirge|Torch Song|p2a: Great Tusk
|-damage|p2a: Great Tusk|63/100
|-boost|p1a: Skeledirge|spa|1
|
|-heal|p2a: Great Tusk|69/100|[from] item: Leftovers
|-heal|p1a: Skeledirge|92/100|[from] item: Leftovers
|upkeep
|turn|5
|
|t:|1758379760
|move|p2a: Great Tusk|Headlong Rush|p1a: Skeledirge
|-supereffective|p1a: Skeledirge
|-damage|p1a: Skeledirge|27/100
|-unboost|p2a: Great Tusk|def|1
|-unboost|p2a: Great Tusk|spd|1
|move|p1a: Skeledirge|Will-O-Wisp|p2a: Great Tusk
|-status|p2a: Great Tusk|brn
|
|-heal|p2a: Great Tusk|75/100 brn|[from] item: Leftovers
|-heal|p1a: Skeledirge|33/100|[from] item: Leftovers
|-damage|p2a: Great Tusk|69/100 brn|[from] brn
|upkeep
|turn|6
|
|t:|1758379767
|move|p2a: Great Tusk|Headlong Rush|p1a: Skeledirge
|-supereffective|p1a: Skeledirge
|-damage|p1a: Skeledirge|0 fnt
|-unboost|p2a: Great Tusk|def|1
|-unboost|p2a: Great Tusk|spd|1
|faint|p1a: Skeledirge
|
|-heal|p2a: Great Tusk|75/100 brn|[from] item: Leftovers
|-damage|p2a: Great Tusk|69/100 brn|[from] brn
|upkeep
|
|t:|1758379771
|switch|p1a: Ogerpon|Ogerpon-Wellspring, F|100/100
|turn|7
|
|t:|1758379776
|-end|p2a: Great Tusk|Protosynthesis|[silent]
|switch|p2a: Rotom|Rotom-Mow|100/100
|move|p1a: Ogerpon|Swords Dance|p1a: Ogerpon
|-boost|p1a: Ogerpon|atk|2
|
|upkeep
|turn|8
|
|t:|1758379781
|move|p1a: Ogerpon|Knock Off|p2a: Rotom
|-damage|p2a: Rotom|40/100
|-damage|p1a: Ogerpon|84/100|[from] item: Rocky Helmet|[of] p2a: Rotom
|-enditem|p2a: Rotom|Rocky Helmet|[from] move: Knock Off|[of] p1a: Ogerpon
|move|p2a: Rotom|Thunder Wave|p1a: Ogerpon
|-status|p1a: Ogerpon|par
|
|upkeep
|turn|9
|
|t:|1758379786
|move|p2a: Rotom|Leaf Storm|p1a: Ogerpon
|-damage|p1a: Ogerpon|27/100 par
|-unboost|p2a: Rotom|spa|2
|move|p1a: Ogerpon|Knock Off|p2a: Rotom
|-damage|p2a: Rotom|0 fnt
|faint|p2a: Rotom
|
|upkeep
|
|t:|1758379795
|switch|p2a: Moltres|Moltres|100/100
|turn|10
|
|t:|1758379803
|move|p2a: Moltres|Flamethrower|p1a: Ogerpon
|-damage|p1a: Ogerpon|0 fnt
|faint|p1a: Ogerpon
|
|upkeep
|
|t:|1758379805
|switch|p1a: Ninetales|Ninetales-Alola, F, shiny|100/100
|-weather|Snowscape|[from] ability: Snow Warning|[of] p1a: Ninetales
|turn|11
|
|t:|1758379815
|switch|p2a: Tyranitar|Tyranitar, M|100/100
|-weather|Sandstorm|[from] ability: Sand Stream|[of] p2a: Tyranitar
|move|p1a: Ninetales|Moonblast|p2a: Tyranitar
|-supereffective|p2a: Tyranitar
|-damage|p2a: Tyranitar|83/100
|-unboost|p2a: Tyranitar|spa|1
|
|-weather|Sandstorm|[upkeep]
|-damage|p1a: Ninetales|94/100|[from] Sandstorm
|upkeep
|turn|12
|
|t:|1758379826
|switch|p1a: Primarina|Primarina, M, shiny, tera:Steel|43/100
|move|p2a: Tyranitar|Knock Off|p1a: Primarina
|-damage|p1a: Primarina|0 fnt
|-enditem|p1a: Primarina|Assault Vest|[from] move: Knock Off|[of] p2a: Tyranitar
|faint|p1a: Primarina
|
|-weather|Sandstorm|[upkeep]
|upkeep
|
|t:|1758379834
|switch|p1a: Cinccino|Cinccino, F, shiny|100/100
|turn|13
|
|t:|1758379841
|move|p1a: Cinccino|Tidy Up|p1a: Cinccino
|-boost|p1a: Cinccino|atk|1
|-boost|p1a: Cinccino|spe|1
|move|p2a: Tyranitar|Knock Off|p1a: Cinccino
|-damage|p1a: Cinccino|10/100
|-enditem|p1a: Cinccino|Loaded Dice|[from] move: Knock Off|[of] p2a: Tyranitar
|
|-weather|Sandstorm|[upkeep]
|-damage|p1a: Cinccino|4/100|[from] Sandstorm
|upkeep
|turn|14
|-message|Sorenn forfeited.
|
|win|mulie
|raw|Sorenn's rating: 1309 &rarr; <strong>1293</strong><br />(-16 for losing)
|raw|mulie's rating: 1371 &rarr; <strong>1387</strong><br />(+16 for winning)
|l|☆Sorenn
|player|p1|
|l|☆mulie
|player|p2|
