|inactive|Battle timer is ON: inactive players will automatically lose when time's up.
|badge|p1|silver|gen9ou|30-6
|uhtml|medal-msg|<div class="broadcast-blue">Curious what those medals under the avatar are? PS now has Ladder Seasons! For more information, check out the <a href="https://www.smogon.com/forums/threads/3740067/">thread on Smogon.</a></div>
|t:|1758337810
|gametype|singles
|player|p1|LT123VB 87|dawn|
|player|p2|Coach Jones 6fifth|lusamine-nihilego|
|gen|9
|tier|[Gen 9] OU
|rule|HP Percentage Mod: HP is shown in percentages
|rule|Endless Battle Clause: Forcing endless battles is banned
|rule|Species Clause: Limit one of each Pokémon
|rule|OHKO Clause: OHKO moves are banned
|rule|Evasion Items Clause: Evasion items are banned
|rule|Evasion Moves Clause: Evasion moves are banned
|rule|Evasion Abilities Clause: Evasion abilities are banned
|rule|Sleep Moves Clause: Sleep-inducing moves are banned
|clearpoke
|poke|p1|Hydrapple, M|
|poke|p1|Chansey, F|
|poke|p1|Moltres|
|poke|p1|Great Tusk|
|poke|p1|Enamorus, F|
|poke|p1|Toxapex, F|
|poke|p2|Great Tusk|
|poke|p2|Gholdengo|
|poke|p2|Raging Bolt|
|poke|p2|Primarina, M|
|poke|p2|Rillaboom, M|
|poke|p2|Tornadus-Therian, M|
|teampreview
|
|t:|1758337823
|teamsize|p1|6
|teamsize|p2|6
|start
|switch|p1a: Toxapex|Toxapex, F|100/100
|switch|p2a: Tornadus|Tornadus-Therian, M, shiny|100/100
|turn|1
|
|t:|1758337826
|move|p2a: Tornadus|Knock Off|p1a: Toxapex
|-damage|p1a: Toxapex|88/100
|-enditem|p1a: Toxapex|Heavy-Duty Boots|[from] move: Knock Off|[of] p2a: Tornadus
|move|p1a: Toxapex|Toxic|p2a: Tornadus
|-status|p2a: Tornadus|tox
|
|-damage|p2a: Tornadus|94/100 tox|[from] psn
|upkeep
|turn|2
|
|t:|1758337828
|move|p2a: Tornadus|Bleakwind Storm|p1a: Toxapex
|-crit|p1a: Toxapex
|-damage|p1a: Toxapex|44/100
|move|p1a: Toxapex|Toxic Spikes|p2a: Tornadus
|-sidestart|p2: Coach Jones 6fifth|move: Toxic Spikes
|
|-damage|p2a: Tornadus|82/100 tox|[from] psn
|upkeep
|turn|3
|
|t:|1758337833
|move|p1a: Toxapex|Baneful Bunker|p1a: Toxapex
|-singleturn|p1a: Toxapex|move: Protect
|move|p2a: Tornadus|Bleakwind Storm|p1a: Toxapex
|-activate|p1a: Toxapex|move: Protect
|
|-damage|p2a: Tornadus|64/100 tox|[from] psn
|upkeep
|turn|4
|
|t:|1758337852
|move|p2a: Tornadus|U-turn|p1a: Toxapex
|-resisted|p1a: Toxapex
|-damage|p1a: Toxapex|39/100
|
|t:|1758337854
|switch|p2a: Gholdengo|Gholdengo|100/100|[from] U-turn
|move|p1a: Toxapex|Toxic Spikes|p2a: Gholdengo
|-sidestart|p2: Coach Jones 6fifth|move: Toxic Spikes
|
|upkeep
|turn|5
|
|t:|1758337860
|switch|p1a: Moltres|Moltres|100/100
|move|p2a: Gholdengo|Shadow Ball|p1a: Moltres
|-damage|p1a: Moltres|70/100
|-unboost|p1a: Moltres|spd|1
|
|upkeep
|turn|6
|
|t:|1758337866
|switch|p2a: Tornadus|Tornadus-Therian, M, shiny|97/100 tox
|switch|p1a: Chansey|Chansey, F|100/100
|
|-damage|p2a: Tornadus|91/100 tox|[from] psn
|upkeep
|turn|7
|
|t:|1758337871
|switch|p1a: Toxapex|Toxapex, F|73/100
|move|p2a: Tornadus|U-turn|p1a: Toxapex
|-resisted|p1a: Toxapex
|-damage|p1a: Toxapex|68/100
|
|t:|1758337874
|switch|p2a: Great Tusk|Great Tusk|100/100|[from] U-turn
|
|upkeep
|turn|8
|
|t:|1758337882
|switch|p1a: Enamorus|Enamorus, F|100/100
|move|p2a: Great Tusk|Stealth Rock|p1a: Enamorus
|-sidestart|p1: LT123VB 87|move: Stealth Rock
|
|upkeep
|turn|9
|
|t:|1758337886
|-end|p2a: Great Tusk|Protosynthesis|[silent]
|switch|p2a: Tornadus|Tornadus-Therian, M, shiny|100/100 tox
|move|p1a: Enamorus|Substitute|p1a: Enamorus
|-start|p1a: Enamorus|Substitute
|-damage|p1a: Enamorus|76/100
|
|-heal|p1a: Enamorus|82/100|[from] item: Leftovers
|-damage|p2a: Tornadus|94/100 tox|[from] psn
|upkeep
|turn|10
|
|t:|1758337891
|move|p2a: Tornadus|Icy Wind|p1a: Enamorus
|-supereffective|p1a: Enamorus
|-end|p1a: Enamorus|Substitute
|move|p1a: Enamorus|Moonblast|p2a: Tornadus
|-damage|p2a: Tornadus|61/100 tox
|
|-heal|p1a: Enamorus|88/100|[from] item: Leftovers
|-damage|p2a: Tornadus|49/100 tox|[from] psn
|upkeep
|turn|11
|
|t:|1758337901
|move|p2a: Tornadus|U-turn|p1a: Enamorus
|-resisted|p1a: Enamorus
|-damage|p1a: Enamorus|83/100
|
|t:|1758337903
|switch|p2a: Gholdengo|Gholdengo|100/100|[from] U-turn
|move|p1a: Enamorus|Moonblast|p2a: Gholdengo
|-resisted|p2a: Gholdengo
|-damage|p2a: Gholdengo|71/100
|-unboost|p2a: Gholdengo|spa|1
|
|-heal|p1a: Enamorus|89/100|[from] item: Leftovers
|upkeep
|turn|12
|
|t:|1758337914
|switch|p1a: Chansey|Chansey, F|100/100
|-damage|p1a: Chansey|88/100|[from] Stealth Rock
|move|p2a: Gholdengo|Make It Rain|p1a: Chansey
|-damage|p1a: Chansey|74/100
|-unboost|p2a: Gholdengo|spa|1
|
|upkeep
|turn|13
|
|t:|1758337916
|switch|p2a: Great Tusk|Great Tusk|100/100
|move|p1a: Chansey|Stealth Rock|p2a: Great Tusk
|-sidestart|p2: Coach Jones 6fifth|move: Stealth Rock
|
|upkeep
|turn|14
|
|t:|1758337921
|switch|p1a: Moltres|Moltres|70/100
|move|p2a: Great Tusk|Rapid Spin|p1a: Moltres
|-damage|p1a: Moltres|56/100
|-boost|p2a: Great Tusk|spe|1
|-sideend|p2: Coach Jones 6fifth|Toxic Spikes|[from] move: Rapid Spin|[of] p2a: Great Tusk
|-sideend|p2: Coach Jones 6fifth|Stealth Rock|[from] move: Rapid Spin|[of] p2a: Great Tusk
|
|upkeep
|turn|15
|
|t:|1758337924
|-end|p2a: Great Tusk|Protosynthesis|[silent]
|switch|p2a: Raging Bolt|Raging Bolt|100/100
|move|p1a: Moltres|Roost|p1a: Moltres
|-heal|p1a: Moltres|100/100
|-singleturn|p1a: Moltres|move: Roost
|
|upkeep
|turn|16
|inactive|LT123VB 87 has 270 seconds left.
|
|t:|1758337957
|switch|p1a: Chansey|Chansey, F|74/100
|-damage|p1a: Chansey|62/100|[from] Stealth Rock
|move|p2a: Raging Bolt|Volt Switch|p1a: Chansey
|-damage|p1a: Chansey|40/100
|
|t:|1758337959
|-end|p2a: Raging Bolt|Protosynthesis|[silent]
|switch|p2a: Primarina|Primarina, M|100/100|[from] Volt Switch
|
|upkeep
|turn|17
|
|t:|1758337964
|move|p2a: Primarina|Substitute|p2a: Primarina
|-start|p2a: Primarina|Substitute
|-damage|p2a: Primarina|75/100
|move|p1a: Chansey|Thunder Wave||[still]
|-fail|p1a: Chansey
|
|-heal|p2a: Primarina|82/100|[from] item: Leftovers
|upkeep
|turn|18
|inactive|LT123VB 87 has 270 seconds left.
|inactive|LT123VB 87 has 240 seconds left.
|inactive|LT123VB 87 has 210 seconds left.
|
|t:|1758338062
|-terastallize|p2a: Primarina|Ghost
|move|p2a: Primarina|Calm Mind|p2a: Primarina
|-boost|p2a: Primarina|spa|1
|-boost|p2a: Primarina|spd|1
|move|p1a: Chansey|Soft-Boiled|p1a: Chansey
|-heal|p1a: Chansey|91/100
|
|-heal|p2a: Primarina|88/100|[from] item: Leftovers
|upkeep
|turn|19
|
|t:|1758338067
|switch|p1a: Moltres|Moltres|100/100
|move|p2a: Primarina|Calm Mind|p2a: Primarina
|-boost|p2a: Primarina|spa|1
|-boost|p2a: Primarina|spd|1
|
|-heal|p2a: Primarina|94/100|[from] item: Leftovers
|upkeep
|turn|20
|inactive|LT123VB 87 has 210 seconds left.
|
|t:|1758338073
|-terastallize|p1a: Moltres|Dark
|move|p2a: Primarina|Psychic Noise|p1a: Moltres
|-damage|p1a: Moltres|56/100
|-start|p1a: Moltres|move: Heal Block
|move|p1a: Moltres|Roar|p2a: Primarina
|drag|p2a: Gholdengo|Gholdengo|71/100
|
|upkeep
|turn|21
|inactive|LT123VB 87 has 210 seconds left.
|
|t:|1758338087
|switch|p2a: Raging Bolt|Raging Bolt|100/100
|switch|p1a: Toxapex|Toxapex, F|100/100
|-damage|p1a: Toxapex|88/100|[from] Stealth Rock
|
|upkeep
|turn|22
|
|t:|1758338094
|move|p1a: Toxapex|Baneful Bunker|p1a: Toxapex
|-singleturn|p1a: Toxapex|move: Protect
|move|p2a: Raging Bolt|Thunderbolt|p1a: Toxapex
|-activate|p1a: Toxapex|move: Protect
|
|upkeep
|turn|23
|
|t:|1758338103
|-end|p2a: Raging Bolt|Protosynthesis|[silent]
|switch|p2a: Rillaboom|Rillaboom, M|100/100
|-fieldstart|move: Grassy Terrain|[from] ability: Grassy Surge|[of] p2a: Rillaboom
|switch|p1a: Chansey|Chansey, F|91/100
|-damage|p1a: Chansey|78/100|[from] Stealth Rock
|
|-heal|p1a: Chansey|84/100|[from] Grassy Terrain
|upkeep
|turn|24
|
|t:|1758338115
|switch|p1a: Toxapex|Toxapex, F|100/100
|-damage|p1a: Toxapex|88/100|[from] Stealth Rock
|move|p2a: Rillaboom|U-turn|p1a: Toxapex
|-resisted|p1a: Toxapex
|-damage|p1a: Toxapex|78/100
|
|t:|1758338117
|switch|p2a: Primarina|Primarina, M, tera:Ghost|94/100|[from] U-turn
|
|-heal|p2a: Primarina|99/100|[from] Grassy Terrain
|-heal|p2a: Primarina|100/100|[from] item: Leftovers
|-heal|p1a: Toxapex|84/100|[from] Grassy Terrain
|upkeep
|turn|25
|
|t:|1758338123
|switch|p1a: Moltres|Moltres, tera:Dark|56/100
|move|p2a: Primarina|Substitute|p2a: Primarina
|-start|p2a: Primarina|Substitute
|-damage|p2a: Primarina|75/100
|
|-heal|p1a: Moltres|62/100|[from] Grassy Terrain
|-heal|p2a: Primarina|82/100|[from] Grassy Terrain
|-heal|p2a: Primarina|88/100|[from] item: Leftovers
|upkeep
|turn|26
|
|t:|1758338128
|move|p1a: Moltres|Roost|p1a: Moltres
|-heal|p1a: Moltres|100/100
|move|p2a: Primarina|Calm Mind|p2a: Primarina
|-boost|p2a: Primarina|spa|1
|-boost|p2a: Primarina|spd|1
|
|-heal|p2a: Primarina|94/100|[from] Grassy Terrain
|-heal|p2a: Primarina|99/100|[from] item: Leftovers
|upkeep
|turn|27
|
|t:|1758338131
|move|p2a: Primarina|Psychic Noise|p1a: Moltres
|-damage|p1a: Moltres|67/100
|-start|p1a: Moltres|move: Heal Block
|move|p1a: Moltres|Roar|p2a: Primarina
|drag|p2a: Raging Bolt|Raging Bolt|100/100
|
|-fieldend|move: Grassy Terrain
|upkeep
|turn|28
|
|t:|1758338140
|switch|p1a: Chansey|Chansey, F|84/100
|-damage|p1a: Chansey|72/100|[from] Stealth Rock
|move|p2a: Raging Bolt|Draco Meteor|p1a: Chansey
|-damage|p1a: Chansey|37/100
|-unboost|p2a: Raging Bolt|spa|2
|
|upkeep
|turn|29
|
|t:|1758338146
|-end|p2a: Raging Bolt|Protosynthesis|[silent]
|switch|p2a: Rillaboom|Rillaboom, M|100/100
|-fieldstart|move: Grassy Terrain|[from] ability: Grassy Surge|[of] p2a: Rillaboom
|move|p1a: Chansey|Soft-Boiled|p1a: Chansey
|-heal|p1a: Chansey|87/100
|
|-heal|p1a: Chansey|93/100|[from] Grassy Terrain
|upkeep
|turn|30
|inactive|LT123VB 87 has 270 seconds left.
|
|t:|1758338163
|switch|p1a: Toxapex|Toxapex, F|100/100
|-damage|p1a: Toxapex|88/100|[from] Stealth Rock
|move|p2a: Rillaboom|Knock Off|p1a: Toxapex
|-damage|p1a: Toxapex|69/100
|
|-heal|p1a: Toxapex|75/100|[from] Grassy Terrain
|upkeep
|turn|31
|
|t:|1758338170
|switch|p2a: Raging Bolt|Raging Bolt|100/100
|move|p1a: Toxapex|Toxic|p2a: Raging Bolt
|-status|p2a: Raging Bolt|tox
|
|-heal|p1a: Toxapex|81/100|[from] Grassy Terrain
|-damage|p2a: Raging Bolt|94/100 tox|[from] psn
|upkeep
|turn|32
|
|t:|1758338185
|-end|p2a: Raging Bolt|Protosynthesis|[silent]
|switch|p2a: Gholdengo|Gholdengo|71/100
|move|p1a: Toxapex|Baneful Bunker||[still]
|-fail|p1a: Toxapex
|
|-heal|p2a: Gholdengo|77/100|[from] Grassy Terrain
|-heal|p1a: Toxapex|88/100|[from] Grassy Terrain
|upkeep
|turn|33
|
|t:|1758338190
|switch|p2a: Raging Bolt|Raging Bolt|94/100 tox
|move|p1a: Toxapex|Baneful Bunker||[still]
|-fail|p1a: Toxapex
|
|-heal|p2a: Raging Bolt|100/100 tox|[from] Grassy Terrain
|-heal|p1a: Toxapex|94/100|[from] Grassy Terrain
|-damage|p2a: Raging Bolt|94/100 tox|[from] psn
|-fieldend|move: Grassy Terrain
|upkeep
|turn|34
|
|t:|1758338193
|-end|p2a: Raging Bolt|Protosynthesis|[silent]
|switch|p2a: Gholdengo|Gholdengo|77/100
|move|p1a: Toxapex|Baneful Bunker||[still]
|-fail|p1a: Toxapex
|
|upkeep
|turn|35
|
|t:|1758338200
|move|p1a: Toxapex|Baneful Bunker|p1a: Toxapex
|-singleturn|p1a: Toxapex|move: Protect
|move|p2a: Gholdengo|Shadow Ball|p1a: Toxapex
|-activate|p1a: Toxapex|move: Protect
|
|upkeep
|turn|36
|
|t:|1758338205
|move|p2a: Gholdengo|Shadow Ball|p1a: Toxapex
|-crit|p1a: Toxapex
|-damage|p1a: Toxapex|38/100
|-unboost|p1a: Toxapex|spd|1
|move|p1a: Toxapex|Toxic Spikes|p2a: Gholdengo
|-sidestart|p2: Coach Jones 6fifth|move: Toxic Spikes
|
|upkeep
|turn|37
|
|t:|1758338212
|switch|p2a: Great Tusk|Great Tusk|100/100
|switch|p1a: Chansey|Chansey, F|93/100
|-damage|p1a: Chansey|81/100|[from] Stealth Rock
|
|upkeep
|turn|38
|c|☆LT123VB 87|can i get some luck too
|
|t:|1758338222
|-end|p2a: Great Tusk|Protosynthesis|[silent]
|switch|p2a: Tornadus|Tornadus-Therian, M, shiny|82/100 tox
|switch|p1a: Hydrapple|Hydrapple, M|100/100
|
|-damage|p2a: Tornadus|76/100 tox|[from] psn
|upkeep
|turn|39
|
|t:|1758338236
|move|p2a: Tornadus|Bleakwind Storm|p1a: Hydrapple
|-supereffective|p1a: Hydrapple
|-damage|p1a: Hydrapple|26/100
|-unboost|p1a: Hydrapple|spe|1
|move|p1a: Hydrapple|Fickle Beam|p2a: Tornadus|[anim] Fickle Beam All Out
|-activate|p1a: Hydrapple|move: Fickle Beam
|-damage|p2a: Tornadus|21/100 tox
|
|-damage|p2a: Tornadus|9/100 tox|[from] psn
|upkeep
|turn|40
|
|t:|1758338251
|switch|p2a: Great Tusk|Great Tusk|100/100
|move|p1a: Hydrapple|Giga Drain|p2a: Great Tusk
|-supereffective|p2a: Great Tusk
|-damage|p2a: Great Tusk|0 fnt
|-heal|p1a: Hydrapple|78/100|[from] drain|[of] p2a: Great Tusk
|faint|p2a: Great Tusk
|-end|p2a: Great Tusk|Protosynthesis|[silent]
|
|upkeep
|raw|<div class="broadcast-red"><strong>Moderated chat was set to ☆!</strong><br />Only users of rank ☆ and higher can talk.</div>
|inactive|Coach Jones 6fifth has 270 seconds left.
|
|t:|1758338310
|switch|p2a: Raging Bolt|Raging Bolt|94/100 tox
|turn|41
|
|t:|1758338319
|switch|p1a: Chansey|Chansey, F|81/100
|-damage|p1a: Chansey|68/100|[from] Stealth Rock
|move|p2a: Raging Bolt|Volt Switch|p1a: Chansey
|-damage|p1a: Chansey|47/100
|
|t:|1758338325
|-end|p2a: Raging Bolt|Protosynthesis|[silent]
|switch|p2a: Rillaboom|Rillaboom, M|100/100|[from] Volt Switch
|-status|p2a: Rillaboom|psn
|-fieldstart|move: Grassy Terrain|[from] ability: Grassy Surge|[of] p2a: Rillaboom
|
|-heal|p1a: Chansey|53/100|[from] Grassy Terrain
|-damage|p2a: Rillaboom|88/100 psn|[from] psn
|upkeep
|turn|42
|
|t:|1758338336
|switch|p1a: Hydrapple|Hydrapple, M|100/100
|move|p2a: Rillaboom|U-turn|p1a: Hydrapple
|-supereffective|p1a: Hydrapple
|-damage|p1a: Hydrapple|43/100
|
|t:|1758338341
|switch|p2a: Raging Bolt|Raging Bolt|94/100 tox|[from] U-turn
|
|-heal|p2a: Raging Bolt|100/100 tox|[from] Grassy Terrain
|-heal|p1a: Hydrapple|49/100|[from] Grassy Terrain
|-damage|p2a: Raging Bolt|94/100 tox|[from] psn
|upkeep
|turn|43
|
|t:|1758338347
|switch|p1a: Enamorus|Enamorus, F|89/100
|-damage|p1a: Enamorus|64/100|[from] Stealth Rock
|move|p2a: Raging Bolt|Volt Switch|p1a: Enamorus
|-supereffective|p1a: Enamorus
|-crit|p1a: Enamorus
|-damage|p1a: Enamorus|0 fnt
|faint|p1a: Enamorus
|
|t:|1758338353
|-end|p2a: Raging Bolt|Protosynthesis|[silent]
|switch|p2a: Rillaboom|Rillaboom, M|88/100 psn|[from] Volt Switch
|
|-heal|p2a: Rillaboom|94/100 psn|[from] Grassy Terrain
|-damage|p2a: Rillaboom|82/100 psn|[from] psn
|upkeep
|
|t:|1758338375
|switch|p1a: Hydrapple|Hydrapple, M|82/100
|turn|44
|
|t:|1758338378
|move|p2a: Rillaboom|U-turn|p1a: Hydrapple
|-supereffective|p1a: Hydrapple
|-damage|p1a: Hydrapple|27/100
|
|t:|1758338381
|switch|p2a: Gholdengo|Gholdengo|77/100|[from] U-turn
|move|p1a: Hydrapple|Fickle Beam|p2a: Gholdengo
|-resisted|p2a: Gholdengo
|-damage|p2a: Gholdengo|52/100
|
|-heal|p2a: Gholdengo|58/100|[from] Grassy Terrain
|-heal|p1a: Hydrapple|33/100|[from] Grassy Terrain
|upkeep
|turn|45
|
|t:|1758338388
|switch|p2a: Rillaboom|Rillaboom, M|82/100 psn
|switch|p1a: Toxapex|Toxapex, F|72/100
|-damage|p1a: Toxapex|59/100|[from] Stealth Rock
|
|-heal|p2a: Rillaboom|88/100 psn|[from] Grassy Terrain
|-heal|p1a: Toxapex|65/100|[from] Grassy Terrain
|-damage|p2a: Rillaboom|76/100 psn|[from] psn
|-fieldend|move: Grassy Terrain
|upkeep
|turn|46
|inactive|Coach Jones 6fifth has 270 seconds left.
|
|t:|1758338447
|move|p2a: Rillaboom|U-turn|p1a: Toxapex
|-resisted|p1a: Toxapex
|-damage|p1a: Toxapex|55/100
|
|t:|1758338448
|switch|p2a: Primarina|Primarina, M, tera:Ghost|99/100|[from] U-turn
|-status|p2a: Primarina|psn
|move|p1a: Toxapex|Toxic Spikes|p2a: Primarina
|-sidestart|p2: Coach Jones 6fifth|move: Toxic Spikes
|
|-heal|p2a: Primarina|100/100 psn|[from] item: Leftovers
|-damage|p2a: Primarina|88/100 psn|[from] psn
|upkeep
|turn|47
|
|t:|1758338458
|switch|p2a: Rillaboom|Rillaboom, M|76/100 psn
|-fieldstart|move: Grassy Terrain|[from] ability: Grassy Surge|[of] p2a: Rillaboom
|move|p1a: Toxapex|Poison Jab|p2a: Rillaboom
|-supereffective|p2a: Rillaboom
|-damage|p2a: Rillaboom|31/100 psn
|
|-heal|p2a: Rillaboom|37/100 psn|[from] Grassy Terrain
|-heal|p1a: Toxapex|61/100|[from] Grassy Terrain
|-damage|p2a: Rillaboom|25/100 psn|[from] psn
|upkeep
|turn|48
|
|t:|1758338466
|switch|p2a: Raging Bolt|Raging Bolt|94/100 tox
|move|p1a: Toxapex|Baneful Bunker||[still]
|-fail|p1a: Toxapex
|
|-heal|p2a: Raging Bolt|100/100 tox|[from] Grassy Terrain
|-heal|p1a: Toxapex|68/100|[from] Grassy Terrain
|-damage|p2a: Raging Bolt|94/100 tox|[from] psn
|upkeep
|turn|49
|
|t:|1758338470
|move|p1a: Toxapex|Baneful Bunker|p1a: Toxapex
|-singleturn|p1a: Toxapex|move: Protect
|move|p2a: Raging Bolt|Draco Meteor|p1a: Toxapex
|-activate|p1a: Toxapex|move: Protect
|
|-heal|p2a: Raging Bolt|100/100 tox|[from] Grassy Terrain
|-heal|p1a: Toxapex|74/100|[from] Grassy Terrain
|-damage|p2a: Raging Bolt|88/100 tox|[from] psn
|upkeep
|turn|50
|inactive|LT123VB 87 has 270 seconds left.
|inactive|LT123VB 87 has 240 seconds left.
|
|t:|1758338535
|switch|p1a: Hydrapple|Hydrapple, M|66/100
|move|p2a: Raging Bolt|Draco Meteor|p1a: Hydrapple
|-supereffective|p1a: Hydrapple
|-damage|p1a: Hydrapple|0 fnt
|-unboost|p2a: Raging Bolt|spa|2
|faint|p1a: Hydrapple
|
|-heal|p2a: Raging Bolt|94/100 tox|[from] Grassy Terrain
|-damage|p2a: Raging Bolt|76/100 tox|[from] psn
|upkeep
|
|t:|1758338537
|switch|p1a: Chansey|Chansey, F|53/100
|-damage|p1a: Chansey|41/100|[from] Stealth Rock
|turn|51
|
|t:|1758338541
|-end|p2a: Raging Bolt|Protosynthesis|[silent]
|switch|p2a: Tornadus|Tornadus-Therian, M, shiny|42/100 tox
|move|p1a: Chansey|Soft-Boiled|p1a: Chansey
|-heal|p1a: Chansey|91/100
|
|-heal|p1a: Chansey|97/100|[from] Grassy Terrain
|-damage|p2a: Tornadus|36/100 tox|[from] psn
|-fieldend|move: Grassy Terrain
|upkeep
|turn|52
|
|t:|1758338547
|move|p2a: Tornadus|Knock Off|p1a: Chansey
|-damage|p1a: Chansey|84/100
|-enditem|p1a: Chansey|Eviolite|[from] move: Knock Off|[of] p2a: Tornadus
|move|p1a: Chansey|Seismic Toss|p2a: Tornadus
|-damage|p2a: Tornadus|8/100 tox
|
|-damage|p2a: Tornadus|0 fnt|[from] psn
|faint|p2a: Tornadus
|upkeep
|
|t:|1758338549
|switch|p2a: Rillaboom|Rillaboom, M|25/100 psn
|-fieldstart|move: Grassy Terrain|[from] ability: Grassy Surge|[of] p2a: Rillaboom
|turn|53
|
|t:|1758338554
|move|p2a: Rillaboom|U-turn|p1a: Chansey
|-damage|p1a: Chansey|52/100
|
|t:|1758338555
|switch|p2a: Primarina|Primarina, M, tera:Ghost|88/100 psn|[from] U-turn
|move|p1a: Chansey|Soft-Boiled|p1a: Chansey
|-heal|p1a: Chansey|100/100
|
|-heal|p2a: Primarina|94/100 psn|[from] Grassy Terrain
|-heal|p2a: Primarina|99/100 psn|[from] item: Leftovers
|-damage|p2a: Primarina|88/100 psn|[from] psn
|upkeep
|turn|54
|
|t:|1758338563
|switch|p1a: Toxapex|Toxapex, F|100/100
|-damage|p1a: Toxapex|88/100|[from] Stealth Rock
|move|p2a: Primarina|Calm Mind|p2a: Primarina
|-boost|p2a: Primarina|spa|1
|-boost|p2a: Primarina|spd|1
|
|-heal|p2a: Primarina|94/100 psn|[from] Grassy Terrain
|-heal|p2a: Primarina|99/100 psn|[from] item: Leftovers
|-heal|p1a: Toxapex|94/100|[from] Grassy Terrain
|-damage|p2a: Primarina|88/100 psn|[from] psn
|upkeep
|turn|55
|
|t:|1758338566
|move|p2a: Primarina|Calm Mind|p2a: Primarina
|-boost|p2a: Primarina|spa|1
|-boost|p2a: Primarina|spd|1
|move|p1a: Toxapex|Poison Jab|p2a: Primarina
|-resisted|p2a: Primarina
|-damage|p2a: Primarina|79/100 psn
|
|-heal|p2a: Primarina|85/100 psn|[from] Grassy Terrain
|-heal|p2a: Primarina|91/100 psn|[from] item: Leftovers
|-heal|p1a: Toxapex|100/100|[from] Grassy Terrain
|-damage|p2a: Primarina|79/100 psn|[from] psn
|upkeep
|turn|56
|
|t:|1758338573
|move|p2a: Primarina|Calm Mind|p2a: Primarina
|-boost|p2a: Primarina|spa|1
|-boost|p2a: Primarina|spd|1
|move|p1a: Toxapex|Poison Jab|p2a: Primarina
|-resisted|p2a: Primarina
|-damage|p2a: Primarina|72/100 psn
|
|-heal|p2a: Primarina|78/100 psn|[from] Grassy Terrain
|-heal|p2a: Primarina|84/100 psn|[from] item: Leftovers
|-damage|p2a: Primarina|71/100 psn|[from] psn
|upkeep
|turn|57
|
|t:|1758338582
|move|p2a: Primarina|Draining Kiss|p1a: Toxapex
|-resisted|p1a: Toxapex
|-damage|p1a: Toxapex|80/100
|-heal|p2a: Primarina|84/100 psn|[from] drain|[of] p1a: Toxapex
|move|p1a: Toxapex|Poison Jab|p2a: Primarina
|-resisted|p2a: Primarina
|-damage|p2a: Primarina|77/100 psn
|
|-heal|p2a: Primarina|83/100 psn|[from] Grassy Terrain
|-heal|p2a: Primarina|89/100 psn|[from] item: Leftovers
|-heal|p1a: Toxapex|86/100|[from] Grassy Terrain
|-damage|p2a: Primarina|77/100 psn|[from] psn
|-fieldend|move: Grassy Terrain
|upkeep
|turn|58
|
|t:|1758338595
|move|p2a: Primarina|Draining Kiss|p1a: Toxapex
|-resisted|p1a: Toxapex
|-damage|p1a: Toxapex|65/100
|-heal|p2a: Primarina|90/100 psn|[from] drain|[of] p1a: Toxapex
|move|p1a: Toxapex|Poison Jab|p2a: Primarina
|-resisted|p2a: Primarina
|-damage|p2a: Primarina|82/100 psn
|
|-heal|p2a: Primarina|88/100 psn|[from] item: Leftovers
|-damage|p2a: Primarina|75/100 psn|[from] psn
|upkeep
|turn|59
|
|t:|1758338597
|move|p2a: Primarina|Calm Mind|p2a: Primarina
|-boost|p2a: Primarina|spa|1
|-boost|p2a: Primarina|spd|1
|move|p1a: Toxapex|Poison Jab|p2a: Primarina
|-resisted|p2a: Primarina
|-damage|p2a: Primarina|68/100 psn
|
|-heal|p2a: Primarina|74/100 psn|[from] item: Leftovers
|-damage|p2a: Primarina|61/100 psn|[from] psn
|upkeep
|turn|60
|
|t:|1758338608
|move|p1a: Toxapex|Baneful Bunker|p1a: Toxapex
|-singleturn|p1a: Toxapex|move: Protect
|move|p2a: Primarina|Draining Kiss|p1a: Toxapex
|-activate|p1a: Toxapex|move: Protect
|
|-heal|p2a: Primarina|68/100 psn|[from] item: Leftovers
|-damage|p2a: Primarina|55/100 psn|[from] psn
|upkeep
|turn|61
|
|t:|1758338625
|move|p2a: Primarina|Draining Kiss|p1a: Toxapex
|-resisted|p1a: Toxapex
|-damage|p1a: Toxapex|40/100
|-heal|p2a: Primarina|71/100 psn|[from] drain|[of] p1a: Toxapex
|move|p1a: Toxapex|Poison Jab|p2a: Primarina
|-resisted|p2a: Primarina
|-damage|p2a: Primarina|63/100 psn
|
|-heal|p2a: Primarina|69/100 psn|[from] item: Leftovers
|-damage|p2a: Primarina|57/100 psn|[from] psn
|upkeep
|turn|62
|
|t:|1758338630
|move|p2a: Primarina|Draining Kiss|p1a: Toxapex
|-resisted|p1a: Toxapex
|-damage|p1a: Toxapex|15/100
|-heal|p2a: Primarina|72/100 psn|[from] drain|[of] p1a: Toxapex
|move|p1a: Toxapex|Poison Jab|p2a: Primarina
|-resisted|p2a: Primarina
|-damage|p2a: Primarina|65/100 psn
|
|-heal|p2a: Primarina|71/100 psn|[from] item: Leftovers
|-damage|p2a: Primarina|58/100 psn|[from] psn
|upkeep
|turn|63
|
|t:|1758338633
|move|p2a: Primarina|Calm Mind|p2a: Primarina
|-boost|p2a: Primarina|spa|1
|-boost|p2a: Primarina|spd|1
|move|p1a: Toxapex|Poison Jab|p2a: Primarina
|-resisted|p2a: Primarina
|-damage|p2a: Primarina|51/100 psn
|
|-heal|p2a: Primarina|57/100 psn|[from] item: Leftovers
|-damage|p2a: Primarina|44/100 psn|[from] psn
|upkeep
|turn|64
|
|t:|1758338637
|move|p2a: Primarina|Substitute|p2a: Primarina
|-start|p2a: Primarina|Substitute
|-damage|p2a: Primarina|19/100 psn
|move|p1a: Toxapex|Poison Jab|p2a: Primarina
|-resisted|p2a: Primarina
|-activate|p2a: Primarina|move: Substitute|[damage]
|
|-heal|p2a: Primarina|25/100 psn|[from] item: Leftovers
|-damage|p2a: Primarina|13/100 psn|[from] psn
|upkeep
|turn|65
|
|t:|1758338645
|move|p1a: Toxapex|Baneful Bunker|p1a: Toxapex
|-singleturn|p1a: Toxapex|move: Protect
|move|p2a: Primarina|Draining Kiss|p1a: Toxapex
|-activate|p1a: Toxapex|move: Protect
|
|-heal|p2a: Primarina|19/100 psn|[from] item: Leftovers
|-damage|p2a: Primarina|7/100 psn|[from] psn
|upkeep
|turn|66
|
|t:|1758338667
|move|p1a: Toxapex|Baneful Bunker||[still]
|-fail|p1a: Toxapex
|move|p2a: Primarina|Draining Kiss|p1a: Toxapex
|-resisted|p1a: Toxapex
|-damage|p1a: Toxapex|0 fnt
|-heal|p2a: Primarina|16/100 psn|[from] drain|[of] p1a: Toxapex
|faint|p1a: Toxapex
|
|-heal|p2a: Primarina|22/100 psn|[from] item: Leftovers
|-damage|p2a: Primarina|10/100 psn|[from] psn
|upkeep
|
|t:|1758338673
|switch|p1a: Moltres|Moltres, tera:Dark|67/100
|turn|67
|
|t:|1758338677
|move|p1a: Moltres|Flamethrower|p2a: Primarina
|-activate|p2a: Primarina|move: Substitute|[damage]
|move|p2a: Primarina|Draining Kiss|p1a: Moltres
|-supereffective|p1a: Moltres
|-damage|p1a: Moltres|0 fnt
|-heal|p2a: Primarina|63/100 psn|[from] drain|[of] p1a: Moltres
|faint|p1a: Moltres
|
|-heal|p2a: Primarina|69/100 psn|[from] item: Leftovers
|-damage|p2a: Primarina|56/100 psn|[from] psn
|upkeep
|-message|LT123VB 87 forfeited.
|
|win|Coach Jones 6fifth
|player|p1|
