|j|‽gottaketchupyall
|j|☆AKONDROMAN
|t:|1758272737
|gametype|singles
|player|p1|gottaketchupyall|102|1230
|player|p2|AKONDROMAN|170|1244
|gen|9
|tier|[Gen 9] OU
|rated|
|rule|HP Percentage Mod: HP is shown in percentages
|rule|Endless Battle Clause: Forcing endless battles is banned
|rule|Species Clause: Limit one of each Pokémon
|rule|OHKO Clause: OHKO moves are banned
|rule|Evasion Items Clause: Evasion items are banned
|rule|Evasion Moves Clause: Evasion moves are banned
|rule|Evasion Abilities Clause: Evasion abilities are banned
|rule|Sleep Moves Clause: Sleep-inducing moves are banned
|clearpoke
|poke|p1|Dragonair, M|
|poke|p1|Clefable, F|
|poke|p1|Chesnaught, F|
|poke|p1|Corviknight, F|
|poke|p1|Slowking-Galar, M|
|poke|p1|Garganacl, M|
|poke|p2|Cinderace, M|
|poke|p2|Corviknight, F|
|poke|p2|Samurott-Hisui, F|
|poke|p2|Zapdos|
|poke|p2|Gardevoir, F|
|poke|p2|Dragapult, M|
|teampreview
|inactive|Battle timer is ON: inactive players will automatically lose when time's up. (requested by AKONDROMAN)
|
|t:|1758272751
|teamsize|p1|6
|teamsize|p2|6
|start
|switch|p1a: Chesnaught|Chesnaught, F|100/100
|switch|p2a: Zapdos|Zapdos, shiny|100/100
|turn|1
|
|t:|1758272766
|switch|p1a: Slowking|Slowking-Galar, M|100/100
|move|p2a: Zapdos|Hurricane|p1a: Slowking
|-damage|p1a: Slowking|69/100
|-start|p1a: Slowking|confusion
|
|-heal|p1a: Slowking|75/100|[from] item: Leftovers
|upkeep
|turn|2
|
|t:|1758272785
|move|p2a: Zapdos|Volt Switch|p1a: Slowking
|-damage|p1a: Slowking|54/100
|
|t:|1758272790
|switch|p2a: Samurott|Samurott-Hisui, F, shiny|100/100|[from] Volt Switch
|-activate|p1a: Slowking|confusion
|move|p1a: Slowking|Toxic Spikes|p2a: Samurott
|-sidestart|p2: AKONDROMAN|move: Toxic Spikes
|
|-heal|p1a: Slowking|60/100|[from] item: Leftovers
|upkeep
|turn|3
|
|t:|1758272813
|switch|p1a: Chesnaught|Chesnaught, F|100/100
|move|p2a: Samurott|Knock Off|p1a: Chesnaught
|-resisted|p1a: Chesnaught
|-damage|p1a: Chesnaught|77/100
|-enditem|p1a: Chesnaught|Big Root|[from] move: Knock Off|[of] p2a: Samurott
|-damage|p2a: Samurott|91/100|[from] item: Life Orb
|
|upkeep
|turn|4
|
|t:|1758272821
|move|p2a: Samurott|Flip Turn|p1a: Chesnaught
|-resisted|p1a: Chesnaught
|-damage|p1a: Chesnaught|62/100
|-damage|p2a: Samurott|81/100|[from] item: Life Orb
|
|t:|1758272824
|switch|p2a: Zapdos|Zapdos, shiny|100/100|[from] Flip Turn
|move|p1a: Chesnaught|Leech Seed|p2a: Zapdos
|-start|p2a: Zapdos|move: Leech Seed
|
|-damage|p2a: Zapdos|88/100|[from] Leech Seed|[of] p1a: Chesnaught
|-heal|p1a: Chesnaught|72/100|[silent]
|upkeep
|turn|5
|
|t:|1758272839
|move|p2a: Zapdos|Hurricane|p1a: Chesnaught|[miss]
|-miss|p2a: Zapdos|p1a: Chesnaught
|move|p1a: Chesnaught|Spikes|p2a: Zapdos
|-sidestart|p2: AKONDROMAN|Spikes
|
|-damage|p2a: Zapdos|76/100|[from] Leech Seed|[of] p1a: Chesnaught
|-heal|p1a: Chesnaught|83/100|[silent]
|upkeep
|turn|6
|
|t:|1758272847
|-terastallize|p1a: Chesnaught|Steel
|move|p2a: Zapdos|Hurricane|p1a: Chesnaught|[miss]
|-miss|p2a: Zapdos|p1a: Chesnaught
|move|p1a: Chesnaught|Spikes|p2a: Zapdos
|-sidestart|p2: AKONDROMAN|Spikes
|
|-damage|p2a: Zapdos|63/100|[from] Leech Seed|[of] p1a: Chesnaught
|-heal|p1a: Chesnaught|93/100|[silent]
|upkeep
|turn|7
|
|t:|1758272850
|move|p2a: Zapdos|Heat Wave|p1a: Chesnaught
|-supereffective|p1a: Chesnaught
|-damage|p1a: Chesnaught|43/100
|move|p1a: Chesnaught|Bulk Up|p1a: Chesnaught
|-boost|p1a: Chesnaught|atk|1
|-boost|p1a: Chesnaught|def|1
|
|-damage|p2a: Zapdos|51/100|[from] Leech Seed|[of] p1a: Chesnaught
|-heal|p1a: Chesnaught|53/100|[silent]
|upkeep
|turn|8
|
|t:|1758272856
|move|p2a: Zapdos|Heat Wave|p1a: Chesnaught
|-supereffective|p1a: Chesnaught
|-damage|p1a: Chesnaught|1/100
|-status|p1a: Chesnaught|brn
|move|p1a: Chesnaught|Drain Punch|p2a: Zapdos
|-resisted|p2a: Zapdos
|-damage|p2a: Zapdos|38/100
|-heal|p1a: Chesnaught|7/100 brn|[from] drain|[of] p2a: Zapdos
|
|-damage|p2a: Zapdos|26/100|[from] Leech Seed|[of] p1a: Chesnaught
|-heal|p1a: Chesnaught|17/100 brn|[silent]
|-damage|p1a: Chesnaught|11/100 brn|[from] brn
|upkeep
|turn|9
|
|t:|1758272868
|move|p2a: Zapdos|Volt Switch|p1a: Chesnaught
|-damage|p1a: Chesnaught|0 fnt
|faint|p1a: Chesnaught
|
|t:|1758272876
|switch|p2a: Cinderace|Cinderace, M, shiny|100/100|[from] Volt Switch
|
|upkeep
|
|t:|1758272900
|switch|p1a: Dragonair|Dragonair, M|100/100
|turn|10
|
|t:|1758272904
|move|p2a: Cinderace|Court Change|p2a: Cinderace
|-start|p2a: Cinderace|typechange|Normal|[from] ability: Libero
|-swapsideconditions
|-activate|p2a: Cinderace|move: Court Change
|move|p1a: Dragonair|Thunder Wave|p2a: Cinderace
|-status|p2a: Cinderace|par
|
|upkeep
|turn|11
|
|t:|1758272910
|move|p1a: Dragonair|Wrap|p2a: Cinderace
|-damage|p2a: Cinderace|96/100 par
|-activate|p2a: Cinderace|move: Wrap|[of] p1a: Dragonair
|move|p2a: Cinderace|U-turn|p1a: Dragonair
|-damage|p1a: Dragonair|83/100
|
|t:|1758272918
|switch|p2a: Gardevoir|Gardevoir, F, shiny|100/100|[from] U-turn
|-ability|p2a: Gardevoir|Shed Skin|Trace|[from] ability: Trace|[of] p1a: Dragonair
|
|upkeep
|turn|12
|
|t:|1758272930
|switch|p1a: Clefable|Clefable, F|100/100
|-status|p1a: Clefable|psn
|-damage|p1a: Clefable|84/100 psn|[from] Spikes
|move|p2a: Gardevoir|Moonblast|p1a: Clefable
|-damage|p1a: Clefable|38/100 psn
|
|-heal|p1a: Clefable|44/100 psn|[from] item: Leftovers
|-damage|p1a: Clefable|31/100 psn|[from] psn
|upkeep
|turn|13
|-message|gottaketchupyall forfeited.
|
|win|AKONDROMAN
|raw|gottaketchupyall's rating: 1230 &rarr; <strong>1206</strong><br />(-24 for losing)
|raw|AKONDROMAN's rating: 1244 &rarr; <strong>1268</strong><br />(+24 for winning)
|l|‽gottaketchupyall
|player|p1|
|l|☆AKONDROMAN
|player|p2|
