|badge|p2|bronze|gen9ou|100-6
|uhtml|medal-msg|<div class="broadcast-blue">Curious what those medals under the avatar are? PS now has Ladder Seasons! For more information, check out the <a href="https://www.smogon.com/forums/threads/3740067/">thread on Smogon.</a></div>
|j|☆ILOVEPECHARUNTRAH
|j|☆mathismathin
|t:|1758342325
|gametype|singles
|player|p1|ILOVEPECHARUNTRAH|miku-ghost|1736
|player|p2|mathismathin|hilbert|1848
|gen|9
|tier|[Gen 9] OU
|rated|
|rule|HP Percentage Mod: HP is shown in percentages
|rule|Endless Battle Clause: Forcing endless battles is banned
|rule|Species Clause: Limit one of each Pokémon
|rule|OHKO Clause: OHKO moves are banned
|rule|Evasion Items Clause: Evasion items are banned
|rule|Evasion Moves Clause: Evasion moves are banned
|rule|Evasion Abilities Clause: Evasion abilities are banned
|rule|Sleep Moves Clause: Sleep-inducing moves are banned
|clearpoke
|poke|p1|Deoxys-Speed|
|poke|p1|Dragonite, F|
|poke|p1|Iron Valiant|
|poke|p1|Kingambit, M|
|poke|p1|Glimmora, M|
|poke|p1|Great Tusk|
|poke|p2|Krookodile, M|
|poke|p2|Noivern, F|
|poke|p2|Porygon-Z|
|poke|p2|Jirachi|
|poke|p2|Slowbro, F|
|poke|p2|Mienshao, M|
|teampreview
|c|☆ILOVEPECHARUNTRAH|glhf
|
|t:|1758342339
|teamsize|p1|6
|teamsize|p2|6
|start
|switch|p1a: Glimmora|Glimmora, M|100/100
|switch|p2a: Slowbro|Slowbro, F|100/100
|turn|1
|
|t:|1758342343
|move|p1a: Glimmora|Stealth Rock|p2a: Slowbro
|-sidestart|p2: mathismathin|move: Stealth Rock
|move|p2a: Slowbro|Scald|p1a: Glimmora
|-supereffective|p1a: Glimmora
|-damage|p1a: Glimmora|22/100
|
|upkeep
|turn|2
|j| wwwksjfkasdjfkf
|c| wwwksjfkasdjfkf|hmm
|
|t:|1758342375
|move|p1a: Glimmora|Meteor Beam||[still]
|-prepare|p1a: Glimmora|Meteor Beam
|-boost|p1a: Glimmora|spa|1
|-enditem|p1a: Glimmora|Power Herb
|-anim|p1a: Glimmora|Meteor Beam|p2a: Slowbro
|-damage|p2a: Slowbro|0 fnt
|faint|p2a: Slowbro
|
|upkeep
|
|t:|1758342381
|switch|p2a: Noivern|Noivern, F|100/100
|turn|3
|
|t:|1758342387
|move|p2a: Noivern|Draco Meteor|p1a: Glimmora|[miss]
|-miss|p2a: Noivern|p1a: Glimmora
|move|p1a: Glimmora|Stealth Rock||[still]
|-fail|p1a: Glimmora
|
|upkeep
|turn|4
|
|t:|1758342390
|move|p2a: Noivern|Draco Meteor|p1a: Glimmora
|-damage|p1a: Glimmora|0 fnt
|-unboost|p2a: Noivern|spa|2
|faint|p1a: Glimmora
|
|upkeep
|
|t:|1758342409
|switch|p1a: Deoxys|Deoxys-Speed|100/100
|-ability|p1a: Deoxys|Pressure
|turn|5
|c| wwwksjfkasdjfkf|bro did you predict defog?
|c|☆ILOVEPECHARUNTRAH|yep
|c| wwwksjfkasdjfkf|ohk
|c|☆ILOVEPECHARUNTRAH|didn't have a good move to hit noiv anyway
|
|t:|1758342452
|switch|p2a: Krookodile|Krookodile, M|100/100
|-damage|p2a: Krookodile|94/100|[from] Stealth Rock
|-ability|p2a: Krookodile|Intimidate|boost
|-unboost|p1a: Deoxys|atk|1
|move|p1a: Deoxys|Reflect|p1a: Deoxys
|-sidestart|p1: ILOVEPECHARUNTRAH|Reflect
|
|-heal|p2a: Krookodile|100/100|[from] item: Leftovers
|upkeep
|turn|6
|c| wwwksjfkasdjfkf|No sludge wave or sludge bomb?
|c|☆ILOVEPECHARUNTRAH|nah, mbeam, mortal spin, EP, rocks
|c| wwwksjfkasdjfkf|oh
|
|t:|1758342468
|switch|p1a: Great Tusk|Great Tusk|100/100
|-enditem|p1a: Great Tusk|Booster Energy
|-activate|p1a: Great Tusk|ability: Protosynthesis|[fromitem]
|-start|p1a: Great Tusk|protosynthesisspe
|move|p2a: Krookodile|Knock Off|p1a: Great Tusk
|-resisted|p1a: Great Tusk
|-damage|p1a: Great Tusk|96/100
|
|upkeep
|turn|7
|
|t:|1758342479
|switch|p2a: Porygon-Z|Porygon-Z|100/100
|-damage|p2a: Porygon-Z|88/100|[from] Stealth Rock
|-ability|p2a: Porygon-Z|Download|boost
|-boost|p2a: Porygon-Z|spa|1
|move|p1a: Great Tusk|Bulk Up|p1a: Great Tusk
|-boost|p1a: Great Tusk|atk|1
|-boost|p1a: Great Tusk|def|1
|
|upkeep
|turn|8
|
|t:|1758342488
|move|p1a: Great Tusk|Headlong Rush|p2a: Porygon-Z
|-damage|p2a: Porygon-Z|0 fnt
|-unboost|p1a: Great Tusk|def|1
|-unboost|p1a: Great Tusk|spd|1
|faint|p2a: Porygon-Z
|
|upkeep
|-message|mathismathin forfeited.
|
|win|ILOVEPECHARUNTRAH
|raw|ILOVEPECHARUNTRAH's rating: 1736 &rarr; <strong>1762</strong><br />(+26 for winning)
|raw|mathismathin's rating: 1848 &rarr; <strong>1822</strong><br />(-26 for losing)
|l|☆mathismathin
|player|p2|
|c|☆ILOVEPECHARUNTRAH|gg
|l| wwwksjfkasdjfkf
|l|☆ILOVEPECHARUNTRAH
|player|p1|
