|j|☆Naz-sama
|j|☆o monstro01
|t:|1758345735
|gametype|singles
|player|p1|Naz-sama|lady|1572
|player|p2|o monstro01|clay|1599
|gen|9
|tier|[Gen 9] OU
|rated|
|rule|HP Percentage Mod: HP is shown in percentages
|rule|Endless Battle Clause: Forcing endless battles is banned
|rule|Species Clause: Limit one of each Pokémon
|rule|OHKO Clause: OHKO moves are banned
|rule|Evasion Items Clause: Evasion items are banned
|rule|Evasion Moves Clause: Evasion moves are banned
|rule|Evasion Abilities Clause: Evasion abilities are banned
|rule|Sleep Moves Clause: Sleep-inducing moves are banned
|clearpoke
|poke|p1|Pelipper, F|
|poke|p1|Iron Treads|
|poke|p1|Hatterene, F|
|poke|p1|Toxicroak, M|
|poke|p1|Barraskewda, F|
|poke|p1|Talonflame, M|
|poke|p2|Dragonite, F|
|poke|p2|Great Tusk|
|poke|p2|Iron Moth|
|poke|p2|Ogerpon-Wellspring, F|
|poke|p2|Iron Valiant|
|poke|p2|Scizor, M|
|teampreview
|inactive|Battle timer is ON: inactive players will automatically lose when time's up. (requested by Naz-sama)
|
|t:|1758345751
|teamsize|p1|6
|teamsize|p2|6
|start
|switch|p1a: Pelipper|Pelipper, F|100/100
|switch|p2a: Ogerpon|Ogerpon-Wellspring, F|100/100
|-weather|RainDance|[from] ability: Drizzle|[of] p1a: Pelipper
|turn|1
|
|t:|1758345762
|move|p2a: Ogerpon|U-turn|p1a: Pelipper
|-resisted|p1a: Pelipper
|-damage|p1a: Pelipper|87/100
|
|t:|1758345774
|switch|p2a: Scizor|Scizor, M|100/100|[from] U-turn
|move|p1a: Pelipper|Hurricane|p2a: Scizor
|-damage|p2a: Scizor|47/100
|
|-weather|RainDance|[upkeep]
|-heal|p2a: Scizor|53/100|[from] item: Leftovers
|upkeep
|turn|2
|
|t:|1758345790
|move|p2a: Scizor|Trailblaze|p1a: Pelipper
|-damage|p1a: Pelipper|61/100
|-boost|p2a: Scizor|spe|1
|move|p1a: Pelipper|U-turn|p2a: Scizor
|-resisted|p2a: Scizor
|-crit|p2a: Scizor
|-damage|p2a: Scizor|45/100
|
|t:|1758345798
|switch|p1a: Talonflame|Talonflame, M|100/100|[from] U-turn
|
|-weather|RainDance|[upkeep]
|-heal|p2a: Scizor|51/100|[from] item: Leftovers
|upkeep
|turn|3
|
|t:|1758345814
|switch|p2a: Iron Moth|Iron Moth|100/100
|-enditem|p2a: Iron Moth|Booster Energy
|-activate|p2a: Iron Moth|ability: Quark Drive|[fromitem]
|-start|p2a: Iron Moth|quarkdrivespe
|move|p1a: Talonflame|Hurricane|p2a: Iron Moth
|-damage|p2a: Iron Moth|39/100
|
|-weather|RainDance|[upkeep]
|upkeep
|turn|4
|
|t:|1758345824
|move|p1a: Talonflame|Hurricane|p2a: Iron Moth
|-damage|p2a: Iron Moth|0 fnt
|faint|p2a: Iron Moth
|-end|p2a: Iron Moth|Quark Drive|[silent]
|
|-weather|RainDance|[upkeep]
|upkeep
|
|t:|1758345831
|switch|p2a: Dragonite|Dragonite, F|100/100
|turn|5
|
|t:|1758345841
|switch|p1a: Toxicroak|Toxicroak, M|100/100
|move|p2a: Dragonite|Dragon Dance|p2a: Dragonite
|-boost|p2a: Dragonite|atk|1
|-boost|p2a: Dragonite|spe|1
|
|-weather|RainDance|[upkeep]
|upkeep
|turn|6
|
|t:|1758345854
|-terastallize|p1a: Toxicroak|Flying
|move|p2a: Dragonite|Earthquake|p1a: Toxicroak
|-immune|p1a: Toxicroak
|move|p1a: Toxicroak|Encore|p2a: Dragonite
|-start|p2a: Dragonite|Encore
|
|-weather|RainDance|[upkeep]
|upkeep
|turn|7
|
|t:|1758345864
|switch|p2a: Great Tusk|Great Tusk|100/100
|move|p1a: Toxicroak|Knock Off|p2a: Great Tusk
|-resisted|p2a: Great Tusk
|-damage|p2a: Great Tusk|95/100
|-damage|p1a: Toxicroak|84/100|[from] item: Rocky Helmet|[of] p2a: Great Tusk
|-enditem|p2a: Great Tusk|Rocky Helmet|[from] move: Knock Off|[of] p1a: Toxicroak
|
|-weather|RainDance|[upkeep]
|-heal|p1a: Toxicroak|96/100|[from] ability: Dry Skin
|upkeep
|turn|8
|
|t:|1758345875
|move|p2a: Great Tusk|Ice Spinner|p1a: Toxicroak
|-supereffective|p1a: Toxicroak
|-damage|p1a: Toxicroak|55/100
|-damage|p2a: Great Tusk|78/100|[from] item: Rocky Helmet|[of] p1a: Toxicroak
|move|p1a: Toxicroak|Toxic|p2a: Great Tusk
|-status|p2a: Great Tusk|tox
|
|-weather|none
|-damage|p2a: Great Tusk|72/100 tox|[from] psn
|upkeep
|turn|9
|
|t:|1758345886
|switch|p1a: Pelipper|Pelipper, F|61/100
|-weather|RainDance|[from] ability: Drizzle|[of] p1a: Pelipper
|move|p2a: Great Tusk|Ice Spinner|p1a: Pelipper
|-damage|p1a: Pelipper|38/100
|
|-weather|RainDance|[upkeep]
|-damage|p2a: Great Tusk|60/100 tox|[from] psn
|upkeep
|turn|10
|
|t:|1758345896
|move|p2a: Great Tusk|Ice Spinner|p1a: Pelipper
|-damage|p1a: Pelipper|16/100
|move|p1a: Pelipper|Roost|p1a: Pelipper
|-heal|p1a: Pelipper|66/100
|-singleturn|p1a: Pelipper|move: Roost
|
|-weather|RainDance|[upkeep]
|-damage|p2a: Great Tusk|41/100 tox|[from] psn
|upkeep
|turn|11
|
|t:|1758345907
|move|p2a: Great Tusk|Stealth Rock|p1a: Pelipper
|-sidestart|p1: Naz-sama|move: Stealth Rock
|move|p1a: Pelipper|U-turn|p2a: Great Tusk
|-resisted|p2a: Great Tusk
|-damage|p2a: Great Tusk|39/100 tox
|
|t:|1758345915
|switch|p1a: Barraskewda|Barraskewda, F|100/100|[from] U-turn
|-damage|p1a: Barraskewda|88/100|[from] Stealth Rock
|
|-weather|RainDance|[upkeep]
|-damage|p2a: Great Tusk|14/100 tox|[from] psn
|upkeep
|turn|12
|
|t:|1758345925
|move|p1a: Barraskewda|Close Combat|p2a: Great Tusk
|-damage|p2a: Great Tusk|0 fnt
|-unboost|p1a: Barraskewda|def|1
|-unboost|p1a: Barraskewda|spd|1
|faint|p2a: Great Tusk
|-end|p2a: Great Tusk|Protosynthesis|[silent]
|
|-weather|RainDance|[upkeep]
|upkeep
|
|t:|1758345933
|switch|p2a: Iron Valiant|Iron Valiant|100/100
|-enditem|p2a: Iron Valiant|Booster Energy
|-activate|p2a: Iron Valiant|ability: Quark Drive|[fromitem]
|-start|p2a: Iron Valiant|quarkdrivespe
|turn|13
|
|t:|1758345942
|switch|p1a: Iron Treads|Iron Treads|100/100
|-damage|p1a: Iron Treads|97/100|[from] Stealth Rock
|move|p2a: Iron Valiant|Knock Off|p1a: Iron Treads
|-damage|p1a: Iron Treads|70/100
|-enditem|p1a: Iron Treads|Leftovers|[from] move: Knock Off|[of] p2a: Iron Valiant
|
|-weather|RainDance|[upkeep]
|upkeep
|turn|14
|
|t:|1758345953
|move|p2a: Iron Valiant|Close Combat|p1a: Iron Treads
|-supereffective|p1a: Iron Treads
|-damage|p1a: Iron Treads|0 fnt
|-unboost|p2a: Iron Valiant|def|1
|-unboost|p2a: Iron Valiant|spd|1
|faint|p1a: Iron Treads
|-end|p1a: Iron Treads|Quark Drive|[silent]
|
|-weather|RainDance|[upkeep]
|upkeep
|inactive|Naz-sama has 120 seconds left.
|
|t:|1758345993
|switch|p1a: Barraskewda|Barraskewda, F|88/100
|-damage|p1a: Barraskewda|76/100|[from] Stealth Rock
|turn|15
|
|t:|1758345999
|-end|p2a: Iron Valiant|Quark Drive|[silent]
|switch|p2a: Ogerpon|Ogerpon-Wellspring, F|100/100
|move|p1a: Barraskewda|Flip Turn|p2a: Ogerpon
|-immune|p2a: Ogerpon|[from] ability: Water Absorb
|
|-weather|RainDance|[upkeep]
|upkeep
|turn|16
|inactive|Naz-sama has 120 seconds left.
|
|t:|1758346023
|switch|p1a: Hatterene|Hatterene, F|100/100
|-damage|p1a: Hatterene|88/100|[from] Stealth Rock
|move|p2a: Ogerpon|Swords Dance|p2a: Ogerpon
|-boost|p2a: Ogerpon|atk|2
|
|-weather|none
|upkeep
|turn|17
|
|t:|1758346038
|-terastallize|p2a: Ogerpon|Water
|detailschange|p2a: Ogerpon|Ogerpon-Wellspring-Tera, F, tera:Water
|-ability|p2a: Ogerpon|Embody Aspect (Wellspring)|boost
|-boost|p2a: Ogerpon|spd|1
|move|p2a: Ogerpon|Ivy Cudgel|p1a: Hatterene|[anim] Ivy Cudgel Water
|-damage|p1a: Hatterene|0 fnt
|faint|p1a: Hatterene
|
|upkeep
|
|t:|1758346048
|switch|p1a: Pelipper|Pelipper, F|66/100
|-damage|p1a: Pelipper|41/100|[from] Stealth Rock
|-weather|RainDance|[from] ability: Drizzle|[of] p1a: Pelipper
|turn|18
|inactive|Naz-sama has 120 seconds left.
|
|t:|1758346055
|switch|p1a: Toxicroak|Toxicroak, M, tera:Flying|55/100
|-damage|p1a: Toxicroak|30/100|[from] Stealth Rock
|move|p2a: Ogerpon|Horn Leech|p1a: Toxicroak
|-resisted|p1a: Toxicroak
|-damage|p1a: Toxicroak|0 fnt
|-damage|p2a: Ogerpon|84/100|[from] item: Rocky Helmet|[of] p1a: Toxicroak
|faint|p1a: Toxicroak
|
|-weather|RainDance|[upkeep]
|upkeep
|inactive|Naz-sama has 120 seconds left.
|
|t:|1758346068
|switch|p1a: Barraskewda|Barraskewda, F|76/100
|-damage|p1a: Barraskewda|64/100|[from] Stealth Rock
|turn|19
|
|t:|1758346076
|switch|p2a: Scizor|Scizor, M|51/100
|move|p1a: Barraskewda|Close Combat|p2a: Scizor
|-damage|p2a: Scizor|0 fnt
|-unboost|p1a: Barraskewda|def|1
|-unboost|p1a: Barraskewda|spd|1
|faint|p2a: Scizor
|
|-weather|RainDance|[upkeep]
|upkeep
|
|t:|1758346087
|switch|p2a: Iron Valiant|Iron Valiant|100/100
|turn|20
|inactive|Naz-sama has 120 seconds left.
|inactive|Naz-sama has 90 seconds left.
|
|t:|1758346138
|switch|p1a: Pelipper|Pelipper, F|41/100
|-damage|p1a: Pelipper|16/100|[from] Stealth Rock
|move|p2a: Iron Valiant|Knock Off|p1a: Pelipper
|-damage|p1a: Pelipper|0 fnt
|-enditem|p1a: Pelipper|Damp Rock|[from] move: Knock Off|[of] p2a: Iron Valiant
|faint|p1a: Pelipper
|
|-weather|RainDance|[upkeep]
|upkeep
|inactive|Naz-sama has 90 seconds left.
|
|t:|1758346144
|switch|p1a: Talonflame|Talonflame, M|100/100
|-damage|p1a: Talonflame|51/100|[from] Stealth Rock
|turn|21
|
|t:|1758346154
|-end|p2a: Iron Valiant|Quark Drive|[silent]
|switch|p2a: Dragonite|Dragonite, F|100/100
|move|p1a: Talonflame|Hurricane|p2a: Dragonite
|-damage|p2a: Dragonite|66/100
|
|-weather|RainDance|[upkeep]
|upkeep
|turn|22
|
|t:|1758346162
|move|p2a: Dragonite|Extreme Speed|p1a: Talonflame
|-crit|p1a: Talonflame
|-damage|p1a: Talonflame|0 fnt
|faint|p1a: Talonflame
|
|-weather|RainDance|[upkeep]
|upkeep
|
|t:|1758346166
|switch|p1a: Barraskewda|Barraskewda, F|64/100
|-damage|p1a: Barraskewda|52/100|[from] Stealth Rock
|turn|23
|-message|Naz-sama forfeited.
|
|win|o monstro01
|raw|Naz-sama's rating: 1572 &rarr; <strong>1554</strong><br />(-18 for losing)
|raw|o monstro01's rating: 1599 &rarr; <strong>1617</strong><br />(+18 for winning)
|l|☆Naz-sama
|player|p1|
|l|☆o monstro01
|player|p2|
