|j|☆I will eat another
|j|☆hewstonisgay
|t:|1758357266
|gametype|singles
|player|p1|I will eat another|plasmagrunt|1244
|player|p2|hewstonisgay|265|1190
|gen|9
|tier|[Gen 9] OU
|rated|
|rule|HP Percentage Mod: HP is shown in percentages
|rule|Endless Battle Clause: Forcing endless battles is banned
|rule|Species Clause: Limit one of each Pokémon
|rule|OHKO Clause: OHKO moves are banned
|rule|Evasion Items Clause: Evasion items are banned
|rule|Evasion Moves Clause: Evasion moves are banned
|rule|Evasion Abilities Clause: Evasion abilities are banned
|rule|Sleep Moves Clause: Sleep-inducing moves are banned
|clearpoke
|poke|p1|Breloom, M|
|poke|p1|Swinub, M|
|poke|p1|Iron Crown|
|poke|p1|Glimmora, F|
|poke|p1|Talonflame, F|
|poke|p1|Greninja-*, F|
|poke|p2|Zamazenta-*|
|poke|p2|Dragapult, F|
|poke|p2|Ogerpon-Wellspring, F|
|poke|p2|Gliscor, M|
|poke|p2|Iron Moth|
|poke|p2|Scizor, F|
|teampreview
|inactive|Battle timer is ON: inactive players will automatically lose when time's up. (requested by I will eat another)
|
|t:|1758357273
|teamsize|p1|6
|teamsize|p2|6
|start
|switch|p1a: Quajutsu|Greninja, F|100/100
|switch|p2a: Ogerpon|Ogerpon-Wellspring, F|100/100
|turn|1
|
|t:|1758357287
|move|p1a: Quajutsu|Sludge Wave|p2a: Ogerpon
|-start|p1a: Quajutsu|typechange|Poison|[from] ability: Protean
|-supereffective|p2a: Ogerpon
|-damage|p2a: Ogerpon|0 fnt
|faint|p2a: Ogerpon
|
|upkeep
|
|t:|1758357294
|switch|p2a: Scizor|Scizor, F|100/100
|turn|2
|
|t:|1758357298
|switch|p1a: Fiaro|Talonflame, F|100/100
|move|p2a: Scizor|U-turn|p1a: Fiaro
|-resisted|p1a: Fiaro
|-damage|p1a: Fiaro|91/100
|-status|p2a: Scizor|brn|[from] ability: Flame Body|[of] p1a: Fiaro
|
|t:|1758357313
|switch|p2a: Zamazenta|Zamazenta|100/100|[from] U-turn
|-ability|p2a: Zamazenta|Dauntless Shield|boost
|-boost|p2a: Zamazenta|def|1
|
|upkeep
|turn|3
|
|t:|1758357328
|move|p2a: Zamazenta|Wild Charge|p1a: Fiaro
|-supereffective|p1a: Fiaro
|-damage|p1a: Fiaro|39/100
|-damage|p2a: Zamazenta|86/100|[from] Recoil
|move|p1a: Fiaro|Will-O-Wisp|p2a: Zamazenta
|-status|p2a: Zamazenta|brn
|
|-heal|p2a: Zamazenta|92/100 brn|[from] item: Leftovers
|-damage|p2a: Zamazenta|86/100 brn|[from] brn
|upkeep
|turn|4
|
|t:|1758357338
|move|p2a: Zamazenta|Wild Charge|p1a: Fiaro
|-supereffective|p1a: Fiaro
|-damage|p1a: Fiaro|12/100
|-damage|p2a: Zamazenta|79/100 brn|[from] Recoil
|move|p1a: Fiaro|Roost|p1a: Fiaro
|-heal|p1a: Fiaro|62/100
|-singleturn|p1a: Fiaro|move: Roost
|
|-heal|p2a: Zamazenta|85/100 brn|[from] item: Leftovers
|-damage|p2a: Zamazenta|79/100 brn|[from] brn
|upkeep
|turn|5
|
|t:|1758357349
|switch|p2a: Gliscor|Gliscor, M|100/100
|move|p1a: Fiaro|Roost|p1a: Fiaro
|-heal|p1a: Fiaro|100/100
|-singleturn|p1a: Fiaro|move: Roost
|
|-status|p2a: Gliscor|tox|[from] item: Toxic Orb
|upkeep
|turn|6
|
|t:|1758357358
|move|p1a: Fiaro|Flamethrower|p2a: Gliscor
|-damage|p2a: Gliscor|80/100 tox
|move|p2a: Gliscor|Swords Dance|p2a: Gliscor
|-boost|p2a: Gliscor|atk|2
|
|-heal|p2a: Gliscor|93/100 tox|[from] ability: Poison Heal
|upkeep
|turn|7
|
|t:|1758357369
|move|p1a: Fiaro|Flamethrower|p2a: Gliscor
|-damage|p2a: Gliscor|70/100 tox
|move|p2a: Gliscor|Swords Dance|p2a: Gliscor
|-boost|p2a: Gliscor|atk|2
|
|-heal|p2a: Gliscor|82/100 tox|[from] ability: Poison Heal
|upkeep
|turn|8
|
|t:|1758357378
|move|p1a: Fiaro|Flamethrower|p2a: Gliscor
|-damage|p2a: Gliscor|60/100 tox
|move|p2a: Gliscor|Swords Dance|p2a: Gliscor
|-boost|p2a: Gliscor|atk|2
|
|-heal|p2a: Gliscor|73/100 tox|[from] ability: Poison Heal
|upkeep
|turn|9
|
|t:|1758357386
|move|p2a: Gliscor|Protect|p2a: Gliscor
|-singleturn|p2a: Gliscor|Protect
|move|p1a: Fiaro|Flamethrower|p2a: Gliscor
|-activate|p2a: Gliscor|move: Protect
|
|-heal|p2a: Gliscor|85/100 tox|[from] ability: Poison Heal
|upkeep
|turn|10
|
|t:|1758357393
|move|p1a: Fiaro|Flamethrower|p2a: Gliscor
|-crit|p2a: Gliscor
|-damage|p2a: Gliscor|53/100 tox
|move|p2a: Gliscor|Facade|p1a: Fiaro
|-damage|p1a: Fiaro|0 fnt
|faint|p1a: Fiaro
|
|-heal|p2a: Gliscor|65/100 tox|[from] ability: Poison Heal
|upkeep
|
|t:|1758357403
|switch|p1a: Lumiflora|Glimmora, F|100/100
|turn|11
|
|t:|1758357408
|move|p1a: Lumiflora|Meteor Beam||[still]
|-prepare|p1a: Lumiflora|Meteor Beam
|-boost|p1a: Lumiflora|spa|1
|-enditem|p1a: Lumiflora|Power Herb
|-anim|p1a: Lumiflora|Meteor Beam|p2a: Gliscor
|-damage|p2a: Gliscor|0 fnt
|faint|p2a: Gliscor
|
|upkeep
|inactive|hewstonisgay has 120 seconds left.
|
|t:|1758357448
|switch|p2a: Scizor|Scizor, F|100/100 brn
|turn|12
|
|t:|1758357457
|move|p2a: Scizor|Bullet Punch|p1a: Lumiflora
|-supereffective|p1a: Lumiflora
|-damage|p1a: Lumiflora|59/100
|-activate|p1a: Lumiflora|ability: Toxic Debris
|-sidestart|p2: hewstonisgay|move: Toxic Spikes
|move|p1a: Lumiflora|Meteor Beam||[still]
|-prepare|p1a: Lumiflora|Meteor Beam
|-boost|p1a: Lumiflora|spa|1
|
|-damage|p2a: Scizor|94/100 brn|[from] brn
|upkeep
|turn|13
|
|t:|1758357467
|move|p2a: Scizor|Bullet Punch|p1a: Lumiflora
|-supereffective|p1a: Lumiflora
|-damage|p1a: Lumiflora|21/100
|-activate|p1a: Lumiflora|ability: Toxic Debris
|-sidestart|p2: hewstonisgay|move: Toxic Spikes
|move|p1a: Lumiflora|Meteor Beam|p2a: Scizor|[from] lockedmove
|-damage|p2a: Scizor|0 fnt
|faint|p2a: Scizor
|
|upkeep
|inactive|hewstonisgay has 120 seconds left.
|
|t:|1758357479
|switch|p2a: Iron Moth|Iron Moth|100/100
|-sideend|p2: hewstonisgay|move: Toxic Spikes|[of] p2a: Iron Moth
|-enditem|p2a: Iron Moth|Booster Energy
|-activate|p2a: Iron Moth|ability: Quark Drive|[fromitem]
|-start|p2a: Iron Moth|quarkdrivespe
|turn|14
|
|t:|1758357493
|move|p2a: Iron Moth|Fiery Dance|p1a: Lumiflora
|-resisted|p1a: Lumiflora
|-damage|p1a: Lumiflora|0 fnt
|faint|p1a: Lumiflora
|
|upkeep
|
|t:|1758357498
|switch|p1a: Quiekel|Swinub, M|100/100
|turn|15
|inactive|hewstonisgay has 120 seconds left.
|
|t:|1758357538
|-terastallize|p2a: Iron Moth|Grass
|move|p2a: Iron Moth|Fiery Dance|p1a: Quiekel
|-supereffective|p1a: Quiekel
|-enditem|p1a: Quiekel|Focus Sash
|-damage|p1a: Quiekel|1/100
|-boost|p2a: Iron Moth|spa|1
|move|p1a: Quiekel|Earthquake|p2a: Iron Moth
|-resisted|p2a: Iron Moth
|-damage|p2a: Iron Moth|79/100
|
|upkeep
|turn|16
|
|t:|1758357551
|move|p1a: Quiekel|Ice Shard|p2a: Iron Moth
|-supereffective|p2a: Iron Moth
|-damage|p2a: Iron Moth|41/100
|move|p2a: Iron Moth|Fiery Dance|p1a: Quiekel
|-supereffective|p1a: Quiekel
|-damage|p1a: Quiekel|0 fnt
|faint|p1a: Quiekel
|
|upkeep
|
|t:|1758357561
|switch|p1a: Kapilz|Breloom, M|100/100
|turn|17
|
|t:|1758357566
|move|p1a: Kapilz|Mach Punch|p2a: Iron Moth
|-damage|p2a: Iron Moth|0 fnt
|faint|p2a: Iron Moth
|-end|p2a: Iron Moth|Quark Drive|[silent]
|-damage|p1a: Kapilz|91/100|[from] item: Life Orb
|
|upkeep
|
|t:|1758357572
|switch|p2a: Dragapult|Dragapult, F|100/100
|turn|18
|
|t:|1758357579
|move|p2a: Dragapult|Dragon Dance|p2a: Dragapult
|-boost|p2a: Dragapult|atk|1
|-boost|p2a: Dragapult|spe|1
|move|p1a: Kapilz|Rock Tomb|p2a: Dragapult
|-damage|p2a: Dragapult|49/100
|-damage|p1a: Kapilz|81/100|[from] item: Life Orb
|
|upkeep
|turn|19
|
|t:|1758357594
|move|p2a: Dragapult|Dragon Darts|p1a: Kapilz
|-damage|p1a: Kapilz|0 fnt
|faint|p1a: Kapilz
|-damage|p2a: Dragapult|39/100|[from] item: Life Orb
|
|upkeep
|
|t:|1758357600
|switch|p1a: Eisenkrone|Iron Crown|100/100
|-enditem|p1a: Eisenkrone|Booster Energy
|-activate|p1a: Eisenkrone|ability: Quark Drive|[fromitem]
|-start|p1a: Eisenkrone|quarkdrivespe
|turn|20
|
|t:|1758357606
|move|p2a: Dragapult|Phantom Force||[still]
|-prepare|p2a: Dragapult|Phantom Force
|move|p1a: Eisenkrone|Tachyon Cutter|p2a: Dragapult|[miss]
|-miss|p1a: Eisenkrone|p2a: Dragapult
|
|upkeep
|turn|21
|
|t:|1758357614
|-terastallize|p1a: Eisenkrone|Fighting
|move|p2a: Dragapult|Phantom Force|p1a: Eisenkrone|[from] lockedmove
|-damage|p1a: Eisenkrone|1/100
|-damage|p2a: Dragapult|29/100|[from] item: Life Orb
|move|p1a: Eisenkrone|Tachyon Cutter|p2a: Dragapult
|-damage|p2a: Dragapult|0 fnt
|faint|p2a: Dragapult
|-hitcount|p2: Dragapult|1
|
|upkeep
|
|t:|1758357623
|switch|p2a: Zamazenta|Zamazenta|79/100 brn
|turn|22
|
|t:|1758357626
|move|p1a: Eisenkrone|Psyshock|p2a: Zamazenta
|-supereffective|p2a: Zamazenta
|-damage|p2a: Zamazenta|8/100 brn
|move|p2a: Zamazenta|Body Press|p1a: Eisenkrone
|-damage|p1a: Eisenkrone|0 fnt
|faint|p1a: Eisenkrone
|-end|p1a: Eisenkrone|Quark Drive|[silent]
|
|-heal|p2a: Zamazenta|15/100 brn|[from] item: Leftovers
|-damage|p2a: Zamazenta|8/100 brn|[from] brn
|upkeep
|
|t:|1758357636
|switch|p1a: Quajutsu|Greninja, F|100/100
|turn|23
|
|t:|1758357641
|move|p2a: Zamazenta|Body Press|p1a: Quajutsu
|-supereffective|p1a: Quajutsu
|-damage|p1a: Quajutsu|43/100
|move|p1a: Quajutsu|Surf|p2a: Zamazenta
|-start|p1a: Quajutsu|typechange|Water|[from] ability: Protean
|-crit|p2a: Zamazenta
|-damage|p2a: Zamazenta|0 fnt
|faint|p2a: Zamazenta
|
|win|I will eat another
|raw|I will eat another's rating: 1244 &rarr; <strong>1265</strong><br />(+21 for winning)
|raw|hewstonisgay's rating: 1190 &rarr; <strong>1169</strong><br />(-21 for losing)
|l|☆hewstonisgay
|player|p2|
|l|☆I will eat another
|player|p1|
