|j|☆Douglas888
|j|☆maxbennettkelly
|t:|1758316217
|gametype|singles
|player|p1|Douglas888|2|1136
|player|p2|maxbennettkelly|2|1191
|gen|9
|tier|[Gen 9] OU
|rated|
|rule|HP Percentage Mod: HP is shown in percentages
|rule|Endless Battle Clause: Forcing endless battles is banned
|rule|Species Clause: Limit one of each Pokémon
|rule|OHKO Clause: OHKO moves are banned
|rule|Evasion Items Clause: Evasion items are banned
|rule|Evasion Moves Clause: Evasion moves are banned
|rule|Evasion Abilities Clause: Evasion abilities are banned
|rule|Sleep Moves Clause: Sleep-inducing moves are banned
|clearpoke
|poke|p1|Abomasnow, M|
|poke|p1|Beartic, M|
|poke|p1|Zoroark-Hisui, M|
|poke|p1|Slowbro, M|
|poke|p1|Bisharp, M|
|poke|p1|Chandelure, M|
|poke|p2|Umbreon, F|
|poke|p2|Glimmora, M|
|poke|p2|Iron Moth|
|poke|p2|Gholdengo|
|poke|p2|Dragonite, F|
|poke|p2|Garchomp, F|
|teampreview
|
|t:|1758316239
|teamsize|p1|6
|teamsize|p2|6
|start
|switch|p1a: Bisharp|Bisharp, M|100/100
|switch|p2a: Glimmora|Glimmora, M, shiny|100/100
|turn|1
|
|t:|1758316254
|move|p2a: Glimmora|Stealth Rock|p1a: Bisharp
|-sidestart|p1: Douglas888|move: Stealth Rock
|move|p1a: Bisharp|Stealth Rock|p2a: Glimmora
|-sidestart|p2: maxbennettkelly|move: Stealth Rock
|
|upkeep
|turn|2
|
|t:|1758316262
|move|p2a: Glimmora|Earth Power|p1a: Bisharp
|-supereffective|p1a: Bisharp
|-damage|p1a: Bisharp|45/100
|move|p1a: Bisharp|Iron Head|p2a: Glimmora
|-supereffective|p2a: Glimmora
|-enditem|p2a: Glimmora|Focus Sash
|-damage|p2a: Glimmora|1/100
|-activate|p2a: Glimmora|ability: Toxic Debris
|-sidestart|p1: Douglas888|move: Toxic Spikes
|
|upkeep
|turn|3
|
|t:|1758316272
|move|p2a: Glimmora|Earth Power|p1a: Bisharp
|-supereffective|p1a: Bisharp
|-damage|p1a: Bisharp|0 fnt
|faint|p1a: Bisharp
|
|upkeep
|
|t:|1758316279
|switch|p1a: Slowbro|Slowbro, M|100/100
|turn|4
|
|t:|1758316288
|move|p1a: Slowbro|Psychic|p2a: Glimmora
|-supereffective|p2a: Glimmora
|-damage|p2a: Glimmora|0 fnt
|faint|p2a: Glimmora
|
|upkeep
|
|t:|1758316316
|switch|p2a: Umbreon|Umbreon, F, shiny|100/100
|-damage|p2a: Umbreon|88/100|[from] Stealth Rock
|turn|5
|
|t:|1758316327
|switch|p1a: Abomasnow|Abomasnow, M|100/100
|-damage|p1a: Abomasnow|75/100|[from] Stealth Rock
|-status|p1a: Abomasnow|psn
|-weather|Snowscape|[from] ability: Snow Warning|[of] p1a: Abomasnow
|move|p2a: Umbreon|Thunder Wave||[still]
|-fail|p2a: Umbreon
|
|-weather|Snowscape|[upkeep]
|-heal|p2a: Umbreon|94/100|[from] item: Leftovers
|-heal|p1a: Abomasnow|82/100 psn|[from] item: Leftovers
|-damage|p1a: Abomasnow|69/100 psn|[from] psn
|upkeep
|turn|6
|
|t:|1758316341
|move|p2a: Umbreon|Foul Play|p1a: Abomasnow
|-damage|p1a: Abomasnow|45/100 psn
|move|p1a: Abomasnow|Leech Seed|p2a: Umbreon
|-start|p2a: Umbreon|move: Leech Seed
|
|-weather|Snowscape|[upkeep]
|-heal|p2a: Umbreon|99/100|[from] item: Leftovers
|-heal|p1a: Abomasnow|51/100 psn|[from] item: Leftovers
|-damage|p2a: Umbreon|88/100|[from] Leech Seed|[of] p1a: Abomasnow
|-heal|p1a: Abomasnow|64/100 psn|[silent]
|-damage|p1a: Abomasnow|51/100 psn|[from] psn
|upkeep
|turn|7
|
|t:|1758316356
|switch|p1a: Beartic|Beartic, M|100/100
|move|p2a: Umbreon|Foul Play|p1a: Beartic
|-damage|p1a: Beartic|60/100
|
|-weather|Snowscape|[upkeep]
|-heal|p2a: Umbreon|94/100|[from] item: Leftovers
|-damage|p2a: Umbreon|81/100|[from] Leech Seed|[of] p1a: Beartic
|-heal|p1a: Beartic|75/100|[silent]
|upkeep
|turn|8
|
|t:|1758316373
|move|p1a: Beartic|Play Rough|p2a: Umbreon
|-supereffective|p2a: Umbreon
|-damage|p2a: Umbreon|30/100
|move|p2a: Umbreon|Thunder Wave|p1a: Beartic
|-status|p1a: Beartic|par
|
|-weather|Snowscape|[upkeep]
|-heal|p2a: Umbreon|36/100|[from] item: Leftovers
|-damage|p2a: Umbreon|24/100|[from] Leech Seed|[of] p1a: Beartic
|-heal|p1a: Beartic|90/100 par|[silent]
|upkeep
|turn|9
|
|t:|1758316387
|move|p1a: Beartic|Liquidation|p2a: Umbreon
|-damage|p2a: Umbreon|2/100
|move|p2a: Umbreon|Wish|p2a: Umbreon
|
|-weather|none
|-heal|p2a: Umbreon|8/100|[from] item: Leftovers
|-damage|p2a: Umbreon|0 fnt|[from] Leech Seed|[of] p1a: Beartic
|-heal|p1a: Beartic|99/100 par|[silent]
|faint|p2a: Umbreon
|upkeep
|
|t:|1758316413
|switch|p2a: Iron Moth|Iron Moth, shiny|100/100
|-damage|p2a: Iron Moth|76/100|[from] Stealth Rock
|-enditem|p2a: Iron Moth|Booster Energy
|-activate|p2a: Iron Moth|ability: Quark Drive|[fromitem]
|-start|p2a: Iron Moth|quarkdrivespe
|turn|10
|
|t:|1758316420
|move|p2a: Iron Moth|Fiery Dance|p1a: Beartic
|-supereffective|p1a: Beartic
|-damage|p1a: Beartic|1/100 par
|move|p1a: Beartic|Liquidation|p2a: Iron Moth
|-supereffective|p2a: Iron Moth
|-damage|p2a: Iron Moth|0 fnt
|faint|p2a: Iron Moth
|-end|p2a: Iron Moth|Quark Drive|[silent]
|
|upkeep
|
|t:|1758316429
|switch|p2a: Dragonite|Dragonite, F, shiny|100/100
|turn|11
|
|t:|1758316434
|move|p2a: Dragonite|Extreme Speed|p1a: Beartic
|-damage|p1a: Beartic|0 fnt
|faint|p1a: Beartic
|
|upkeep
|inactive|Battle timer is ON: inactive players will automatically lose when time's up. (requested by maxbennettkelly)
|
|t:|1758316475
|switch|p1a: Abomasnow|Abomasnow, M|51/100 psn
|-damage|p1a: Abomasnow|26/100 psn|[from] Stealth Rock
|-weather|Snowscape|[from] ability: Snow Warning|[of] p1a: Abomasnow
|turn|12
|
|t:|1758316485
|move|p2a: Dragonite|Extreme Speed|p1a: Abomasnow
|-damage|p1a: Abomasnow|2/100 psn
|move|p1a: Abomasnow|Aurora Veil|p1a: Abomasnow
|-sidestart|p1: Douglas888|move: Aurora Veil
|
|-weather|Snowscape|[upkeep]
|-heal|p1a: Abomasnow|8/100 psn|[from] item: Leftovers
|-damage|p1a: Abomasnow|0 fnt|[from] psn
|faint|p1a: Abomasnow
|upkeep
|
|t:|1758316493
|switch|p1a: Slowbro|Slowbro, M|100/100
|turn|13
|
|t:|1758316514
|switch|p2a: Gholdengo|Gholdengo, shiny|100/100
|-damage|p2a: Gholdengo|94/100|[from] Stealth Rock
|move|p1a: Slowbro|Blizzard|p2a: Gholdengo
|-resisted|p2a: Gholdengo
|-crit|p2a: Gholdengo
|-damage|p2a: Gholdengo|71/100
|
|-weather|Snowscape|[upkeep]
|upkeep
|turn|14
|
|t:|1758316526
|-terastallize|p1a: Slowbro|Water
|move|p2a: Gholdengo|Trick|p1a: Slowbro
|-activate|p2a: Gholdengo|move: Trick|[of] p1a: Slowbro
|-item|p1a: Slowbro|Choice Scarf|[from] move: Trick
|-item|p2a: Gholdengo|Heavy-Duty Boots|[from] move: Trick
|move|p1a: Slowbro|Scald|p2a: Gholdengo
|-damage|p2a: Gholdengo|26/100
|-status|p2a: Gholdengo|brn
|
|-weather|Snowscape|[upkeep]
|-damage|p2a: Gholdengo|20/100 brn|[from] brn
|upkeep
|turn|15
|inactive|maxbennettkelly has 120 seconds left.
|
|t:|1758316551
|switch|p2a: Garchomp|Garchomp, F, shiny|100/100
|-damage|p2a: Garchomp|94/100|[from] Stealth Rock
|move|p1a: Slowbro|Scald|p2a: Garchomp
|-crit|p2a: Garchomp
|-damage|p2a: Garchomp|32/100
|-status|p2a: Garchomp|brn
|
|-weather|Snowscape|[upkeep]
|-damage|p2a: Garchomp|26/100 brn|[from] brn
|upkeep
|turn|16
|inactive|maxbennettkelly has 120 seconds left.
|
|t:|1758316568
|-terastallize|p2a: Garchomp|Electric
|move|p2a: Garchomp|Tera Blast|p1a: Slowbro|[anim] Tera Blast Electric
|-supereffective|p1a: Slowbro
|-damage|p1a: Slowbro|89/100
|move|p1a: Slowbro|Scald|p2a: Garchomp
|-damage|p2a: Garchomp|0 fnt
|faint|p2a: Garchomp
|
|-weather|none
|-sideend|p1: Douglas888|move: Aurora Veil
|upkeep
|
|t:|1758316583
|switch|p2a: Dragonite|Dragonite, F, shiny|100/100
|turn|17
|
|t:|1758316589
|move|p2a: Dragonite|Earthquake|p1a: Slowbro
|-damage|p1a: Slowbro|67/100
|move|p1a: Slowbro|Scald|p2a: Dragonite
|-resisted|p2a: Dragonite
|-damage|p2a: Dragonite|91/100
|-status|p2a: Dragonite|brn
|
|-damage|p2a: Dragonite|84/100 brn|[from] brn
|upkeep
|turn|18
|c|☆maxbennettkelly|WHAT
|
|t:|1758316605
|switch|p1a: Chandelure|Chandelure, M|100/100
|-damage|p1a: Chandelure|76/100|[from] Stealth Rock
|-item|p1a: Chandelure|Air Balloon
|move|p2a: Dragonite|Earthquake|p1a: Chandelure
|-immune|p1a: Chandelure
|
|-damage|p2a: Dragonite|78/100 brn|[from] brn
|upkeep
|turn|19
|-message|maxbennettkelly forfeited.
|
|win|Douglas888
|raw|Douglas888's rating: 1136 &rarr; <strong>1165</strong><br />(+29 for winning)
|raw|maxbennettkelly's rating: 1191 &rarr; <strong>1162</strong><br />(-29 for losing)
|l|☆maxbennettkelly
|player|p2|
|l|☆Douglas888
|player|p1|
