|j|☆fate1q
|j|☆moira roserade
|inactive|Battle timer is ON: inactive players will automatically lose when time's up.
|t:|1758310590
|gametype|singles
|player|p1|fate1q|lucas|
|player|p2|moira roserade|fantina|
|gen|9
|tier|[Gen 9] OU
|rated|Tournament battle
|rule|HP Percentage Mod: HP is shown in percentages
|rule|Endless Battle Clause: Forcing endless battles is banned
|rule|Species Clause: Limit one of each Pokémon
|rule|OHKO Clause: OHKO moves are banned
|rule|Evasion Items Clause: Evasion items are banned
|rule|Evasion Moves Clause: Evasion moves are banned
|rule|Evasion Abilities Clause: Evasion abilities are banned
|rule|Sleep Moves Clause: Sleep-inducing moves are banned
|clearpoke
|poke|p1|Rillaboom, F|
|poke|p1|Darkrai|
|poke|p1|Gholdengo|
|poke|p1|Cinderace, F|
|poke|p1|Garganacl, F|
|poke|p1|Landorus-Therian, M|
|poke|p2|Iron Moth|
|poke|p2|Mamoswine, M|
|poke|p2|Iron Crown|
|poke|p2|Iron Hands|
|poke|p2|Meowscarada, M|
|poke|p2|Primarina, M|
|teampreview
|j|*Lady Monita ☀
|inactive|fate1q also wants the timer to be on.
|inactive|fate1q has 120 seconds left.
|
|t:|1758310621
|teamsize|p1|6
|teamsize|p2|6
|start
|switch|p1a: Landorus|Landorus-Therian, M|100/100
|switch|p2a: Mary|Meowscarada, M, shiny|100/100
|-ability|p1a: Landorus|Intimidate|boost
|-unboost|p2a: Mary|atk|1
|turn|1
|inactive|moira roserade has 120 seconds left.
|
|t:|1758310677
|switch|p1a: Cinderace|Cinderace, F|100/100
|move|p2a: Mary|Triple Axel|p1a: Cinderace|[miss]
|-start|p2a: Mary|typechange|Ice|[from] ability: Protean
|-miss|p2a: Mary|p1a: Cinderace
|
|upkeep
|turn|2
|
|t:|1758310690
|move|p2a: Mary|Triple Axel|p1a: Cinderace|[miss]
|-miss|p2a: Mary|p1a: Cinderace
|move|p1a: Cinderace|Gunk Shot|p2a: Mary|[miss]
|-start|p1a: Cinderace|typechange|Poison|[from] ability: Libero
|-miss|p1a: Cinderace|p2a: Mary
|
|upkeep
|turn|3
|
|t:|1758310696
|move|p2a: Mary|Triple Axel|p1a: Cinderace|[miss]
|-miss|p2a: Mary|p1a: Cinderace
|move|p1a: Cinderace|Pyro Ball|p2a: Mary|[miss]
|-miss|p1a: Cinderace|p2a: Mary
|
|upkeep
|turn|4
|
|t:|1758310705
|switch|p2a: James|Iron Moth, shiny|100/100
|-enditem|p2a: James|Booster Energy
|-activate|p2a: James|ability: Quark Drive|[fromitem]
|-start|p2a: James|quarkdrivespe
|move|p1a: Cinderace|Pyro Ball|p2a: James
|-resisted|p2a: James
|-damage|p2a: James|74/100
|
|upkeep
|turn|5
|
|t:|1758310721
|switch|p1a: Garganacl|Garganacl, F|100/100
|move|p2a: James|Substitute|p2a: James
|-start|p2a: James|Substitute
|-damage|p2a: James|49/100
|
|upkeep
|turn|6
|
|t:|1758310729
|move|p2a: James|Fiery Dance|p1a: Garganacl
|-resisted|p1a: Garganacl
|-damage|p1a: Garganacl|88/100
|move|p1a: Garganacl|Body Press|p2a: James
|-resisted|p2a: James
|-activate|p2a: James|move: Substitute|[damage]
|
|-heal|p1a: Garganacl|94/100|[from] item: Leftovers
|upkeep
|turn|7
|j| Albrtix
|
|t:|1758310734
|move|p2a: James|Fiery Dance|p1a: Garganacl
|-resisted|p1a: Garganacl
|-damage|p1a: Garganacl|81/100
|move|p1a: Garganacl|Salt Cure|p2a: James
|-supereffective|p2a: James
|-end|p2a: James|Substitute
|
|-heal|p1a: Garganacl|87/100|[from] item: Leftovers
|upkeep
|turn|8
|
|t:|1758310739
|move|p2a: James|Substitute|p2a: James
|-start|p2a: James|Substitute
|-damage|p2a: James|24/100
|move|p1a: Garganacl|Salt Cure|p2a: James
|-supereffective|p2a: James
|-end|p2a: James|Substitute
|
|-heal|p1a: Garganacl|93/100|[from] item: Leftovers
|upkeep
|turn|9
|
|t:|1758310744
|-end|p2a: James|Quark Drive|[silent]
|switch|p2a: Bartholomew|Iron Hands, shiny|100/100
|-enditem|p2a: Bartholomew|Booster Energy
|-activate|p2a: Bartholomew|ability: Quark Drive|[fromitem]
|-start|p2a: Bartholomew|quarkdriveatk
|move|p1a: Garganacl|Salt Cure|p2a: Bartholomew
|-resisted|p2a: Bartholomew
|-damage|p2a: Bartholomew|96/100
|-start|p2a: Bartholomew|Salt Cure
|
|-heal|p1a: Garganacl|99/100|[from] item: Leftovers
|-damage|p2a: Bartholomew|83/100|[from] Salt Cure
|upkeep
|turn|10
|inactive|moira roserade has 120 seconds left.
|
|t:|1758310778
|switch|p1a: Gholdengo|Gholdengo|100/100
|move|p2a: Bartholomew|Swords Dance|p2a: Bartholomew
|-boost|p2a: Bartholomew|atk|2
|
|-damage|p2a: Bartholomew|71/100|[from] Salt Cure
|upkeep
|turn|11
|inactive|moira roserade has 120 seconds left.
|
|t:|1758310799
|switch|p1a: Landorus|Landorus-Therian, M|100/100
|-ability|p1a: Landorus|Intimidate|boost
|-unboost|p2a: Bartholomew|atk|1
|move|p2a: Bartholomew|Wild Charge|p1a: Landorus
|-immune|p1a: Landorus
|
|-damage|p2a: Bartholomew|59/100|[from] Salt Cure
|upkeep
|turn|12
|
|t:|1758310808
|-terastallize|p2a: Bartholomew|Flying
|move|p1a: Landorus|U-turn|p2a: Bartholomew
|-resisted|p2a: Bartholomew
|-damage|p2a: Bartholomew|53/100
|
|t:|1758310819
|switch|p1a: Cinderace|Cinderace, F|100/100|[from] U-turn
|move|p2a: Bartholomew|Ice Punch|p1a: Cinderace
|-resisted|p1a: Cinderace
|-damage|p1a: Cinderace|58/100
|-status|p1a: Cinderace|frz
|
|-damage|p2a: Bartholomew|40/100|[from] Salt Cure
|upkeep
|turn|13
|
|t:|1758310829
|-curestatus|p1a: Cinderace|frz|[from] move: Pyro Ball
|move|p1a: Cinderace|Pyro Ball|p2a: Bartholomew
|-damage|p2a: Bartholomew|7/100
|move|p2a: Bartholomew|Wild Charge|p1a: Cinderace
|-damage|p1a: Cinderace|0 fnt
|faint|p1a: Cinderace
|-damage|p2a: Bartholomew|0 fnt|[from] Recoil
|faint|p2a: Bartholomew
|-end|p2a: Bartholomew|Quark Drive|[silent]
|
|upkeep
|inactive|fate1q has 120 seconds left.
|
|t:|1758310858
|switch|p1a: Darkrai|Darkrai|100/100
|switch|p2a: James|Iron Moth, shiny|24/100
|turn|14
|inactive|fate1q has 120 seconds left.
|inactive|moira roserade has 120 seconds left.
|
|t:|1758310878
|move|p1a: Darkrai|Dark Pulse|p2a: James
|-damage|p2a: James|0 fnt
|faint|p2a: James
|-end|p2a: James|Quark Drive|[silent]
|
|upkeep
|
|t:|1758310881
|switch|p2a: Paul|Mamoswine, M, shiny|100/100
|turn|15
|inactive|fate1q has 120 seconds left.
|
|t:|1758310896
|move|p1a: Darkrai|Dark Pulse|p2a: Paul
|-damage|p2a: Paul|39/100
|move|p2a: Paul|Stealth Rock|p1a: Darkrai
|-sidestart|p1: fate1q|move: Stealth Rock
|
|upkeep
|turn|16
|
|t:|1758310901
|move|p2a: Paul|Ice Shard|p1a: Darkrai
|-damage|p1a: Darkrai|73/100
|move|p1a: Darkrai|Dark Pulse|p2a: Paul
|-damage|p2a: Paul|0 fnt
|faint|p2a: Paul
|
|upkeep
|
|t:|1758310906
|switch|p2a: Mary|Meowscarada, M, shiny|100/100
|turn|17
|inactive|fate1q has 120 seconds left.
|
|t:|1758310940
|switch|p1a: Garganacl|Garganacl, F|99/100
|-damage|p1a: Garganacl|87/100|[from] Stealth Rock
|move|p2a: Mary|U-turn|p1a: Garganacl
|-start|p2a: Mary|typechange|Bug|[from] ability: Protean
|-damage|p1a: Garganacl|67/100
|inactive|moira roserade has 120 seconds left.
|
|t:|1758310998
|switch|p2a: John|Iron Crown|100/100|[from] U-turn
|
|-heal|p1a: Garganacl|73/100|[from] item: Leftovers
|upkeep
|turn|18
|
|t:|1758311004
|move|p2a: John|Tachyon Cutter|p1a: Garganacl
|-supereffective|p1a: Garganacl
|-damage|p1a: Garganacl|22/100
|-supereffective|p1a: Garganacl
|-damage|p1a: Garganacl|0 fnt
|faint|p1a: Garganacl
|-hitcount|p1: Garganacl|2
|
|upkeep
|inactive|fate1q has 120 seconds left.
|
|t:|1758311025
|switch|p1a: Landorus|Landorus-Therian, M|100/100
|-damage|p1a: Landorus|88/100|[from] Stealth Rock
|-ability|p1a: Landorus|Intimidate|boost
|-unboost|p2a: John|atk|1
|turn|19
|inactive|moira roserade has 120 seconds left.
|
|t:|1758311047
|move|p2a: John|Tachyon Cutter|p1a: Landorus
|-damage|p1a: Landorus|45/100
|-damage|p1a: Landorus|7/100
|-hitcount|p1a: Landorus|2
|move|p1a: Landorus|U-turn|p2a: John
|-damage|p2a: John|81/100
|
|t:|1758311051
|switch|p1a: Gholdengo|Gholdengo|100/100|[from] U-turn
|-damage|p1a: Gholdengo|94/100|[from] Stealth Rock
|
|upkeep
|turn|20
|inactive|fate1q has 120 seconds left.
|
|t:|1758311059
|move|p2a: John|Tachyon Cutter|p1a: Gholdengo
|-resisted|p1a: Gholdengo
|-damage|p1a: Gholdengo|75/100
|-resisted|p1a: Gholdengo
|-damage|p1a: Gholdengo|56/100
|-hitcount|p1a: Gholdengo|2
|move|p1a: Gholdengo|Nasty Plot|p1a: Gholdengo
|-boost|p1a: Gholdengo|spa|2
|
|upkeep
|turn|21
|
|t:|1758311061
|move|p2a: John|Tachyon Cutter|p1a: Gholdengo
|-resisted|p1a: Gholdengo
|-damage|p1a: Gholdengo|37/100
|-resisted|p1a: Gholdengo
|-damage|p1a: Gholdengo|19/100
|-hitcount|p1a: Gholdengo|2
|move|p1a: Gholdengo|Recover|p1a: Gholdengo
|-heal|p1a: Gholdengo|69/100
|
|upkeep
|turn|22
|inactive|moira roserade has 120 seconds left.
|
|t:|1758311095
|move|p2a: John|Tachyon Cutter|p1a: Gholdengo
|-resisted|p1a: Gholdengo
|-damage|p1a: Gholdengo|52/100
|-resisted|p1a: Gholdengo
|-damage|p1a: Gholdengo|35/100
|-hitcount|p1a: Gholdengo|2
|move|p1a: Gholdengo|Shadow Ball|p2a: John
|-supereffective|p2a: John
|-crit|p2a: John
|-damage|p2a: John|0 fnt
|faint|p2a: John
|-end|p2a: John|Quark Drive|[silent]
|
|upkeep
|
|t:|1758311098
|switch|p2a: Mary|Meowscarada, M, shiny|100/100
|turn|23
|
|t:|1758311122
|switch|p1a: Landorus|Landorus-Therian, M|7/100
|-damage|p1a: Landorus|0 fnt|[from] Stealth Rock
|faint|p1a: Landorus
|move|p2a: Mary|Knock Off|p1: Landorus|[notarget]
|-fail|p2a: Mary
|
|upkeep
|
|t:|1758311129
|switch|p1a: Rillaboom|Rillaboom, F|100/100
|-fieldstart|move: Grassy Terrain|[from] ability: Grassy Surge|[of] p1a: Rillaboom
|turn|24
|inactive|moira roserade has 120 seconds left.
|inactive|fate1q has 120 seconds left.
|inactive|moira roserade has 90 seconds left.
|
|t:|1758311171
|switch|p2a: Mary Mag|Primarina, M, shiny|100/100
|move|p1a: Rillaboom|Wood Hammer|p2a: Mary Mag
|-supereffective|p2a: Mary Mag
|-damage|p2a: Mary Mag|0 fnt
|faint|p2a: Mary Mag
|-damage|p1a: Rillaboom|66/100|[from] Recoil
|
|-heal|p1a: Rillaboom|72/100|[from] Grassy Terrain
|upkeep
|
|t:|1758311172
|switch|p2a: Mary|Meowscarada, M, shiny|100/100
|turn|25
|
|t:|1758311183
|switch|p1a: Darkrai|Darkrai|73/100
|-damage|p1a: Darkrai|61/100|[from] Stealth Rock
|move|p2a: Mary|Triple Axel|p1a: Darkrai
|-start|p2a: Mary|typechange|Ice|[from] ability: Protean
|-damage|p1a: Darkrai|49/100
|-damage|p1a: Darkrai|24/100
|-damage|p1a: Darkrai|0 fnt
|faint|p1a: Darkrai
|-hitcount|p1: Darkrai|3
|
|upkeep
|
|t:|1758311190
|switch|p1a: Gholdengo|Gholdengo|35/100
|-damage|p1a: Gholdengo|29/100|[from] Stealth Rock
|-enditem|p1a: Gholdengo|Grassy Seed
|-boost|p1a: Gholdengo|def|1|[from] item: Grassy Seed
|turn|26
|inactive|moira roserade has 90 seconds left.
|inactive|fate1q has 90 seconds left.
|
|t:|1758311244
|move|p2a: Mary|Triple Axel|p1a: Gholdengo
|-resisted|p1a: Gholdengo
|-damage|p1a: Gholdengo|27/100
|-resisted|p1a: Gholdengo
|-damage|p1a: Gholdengo|22/100
|-resisted|p1a: Gholdengo
|-damage|p1a: Gholdengo|16/100
|-hitcount|p1a: Gholdengo|3
|move|p1a: Gholdengo|Recover|p1a: Gholdengo
|-heal|p1a: Gholdengo|66/100
|
|-heal|p1a: Gholdengo|72/100|[from] Grassy Terrain
|upkeep
|turn|27
|
|t:|1758311248
|move|p2a: Mary|Triple Axel|p1a: Gholdengo
|-resisted|p1a: Gholdengo
|-damage|p1a: Gholdengo|70/100
|-resisted|p1a: Gholdengo
|-damage|p1a: Gholdengo|65/100
|-resisted|p1a: Gholdengo
|-damage|p1a: Gholdengo|59/100
|-hitcount|p1a: Gholdengo|3
|move|p1a: Gholdengo|Nasty Plot|p1a: Gholdengo
|-boost|p1a: Gholdengo|spa|2
|
|-heal|p1a: Gholdengo|65/100|[from] Grassy Terrain
|upkeep
|turn|28
|
|t:|1758311250
|move|p2a: Mary|Triple Axel|p1a: Gholdengo
|-resisted|p1a: Gholdengo
|-damage|p1a: Gholdengo|63/100
|-resisted|p1a: Gholdengo
|-damage|p1a: Gholdengo|58/100
|-resisted|p1a: Gholdengo
|-damage|p1a: Gholdengo|51/100
|-hitcount|p1a: Gholdengo|3
|move|p1a: Gholdengo|Recover|p1a: Gholdengo
|-heal|p1a: Gholdengo|100/100
|
|-fieldend|move: Grassy Terrain
|upkeep
|turn|29
|-message|moira roserade forfeited.
|
|win|fate1q
|n|☆fate1q|fate1q
|n|☆moira roserade|moiraroserade
|n|*Lady Monita ☀|ladymonita
|n| Albrtix|albrtix
|l|☆moira roserade
|player|p2|
