|j|☆OAG225N
|j|☆SickBRE12
|t:|1758355615
|gametype|singles
|player|p1|OAG225N|n|1065
|player|p2|SickBRE12|dragontamer|1062
|gen|9
|tier|[Gen 9] OU
|rated|
|rule|HP Percentage Mod: HP is shown in percentages
|rule|Endless Battle Clause: Forcing endless battles is banned
|rule|Species Clause: Limit one of each Pokémon
|rule|OHKO Clause: OHKO moves are banned
|rule|Evasion Items Clause: Evasion items are banned
|rule|Evasion Moves Clause: Evasion moves are banned
|rule|Evasion Abilities Clause: Evasion abilities are banned
|rule|Sleep Moves Clause: Sleep-inducing moves are banned
|clearpoke
|poke|p1|Garchomp, M|
|poke|p1|Weavile, M|
|poke|p1|Porygon-Z|
|poke|p1|Masquerain, F|
|poke|p1|Toxapex, M|
|poke|p1|Deoxys-Defense|
|poke|p2|Ogerpon-Wellspring, F|
|poke|p2|Polteageist|
|poke|p2|Blaziken, M|
|poke|p2|Glimmora, F|
|poke|p2|Ting-Lu|
|poke|p2|Crawdaunt, M|
|teampreview
|inactive|Battle timer is ON: inactive players will automatically lose when time's up. (requested by SickBRE12)
|
|t:|1758355631
|teamsize|p1|6
|teamsize|p2|6
|start
|switch|p1a: Deoxys|Deoxys-Defense|100/100
|switch|p2a: Blaziken|Blaziken, M|100/100
|-ability|p1a: Deoxys|Pressure
|turn|1
|
|t:|1758355639
|move|p2a: Blaziken|Focus Energy|p2a: Blaziken
|-start|p2a: Blaziken|move: Focus Energy
|move|p1a: Deoxys|Reflect|p1a: Deoxys
|-sidestart|p1: OAG225N|Reflect
|
|-ability|p2a: Blaziken|Speed Boost|boost
|-boost|p2a: Blaziken|spe|1
|upkeep
|turn|2
|inactive|SickBRE12 has 120 seconds left.
|
|t:|1758355686
|move|p2a: Blaziken|Brick Break|p1a: Deoxys
|-sideend|p1: OAG225N|Reflect
|-resisted|p1a: Deoxys
|-crit|p1a: Deoxys
|-damage|p1a: Deoxys|83/100
|move|p1a: Deoxys|Light Screen|p1a: Deoxys
|-sidestart|p1: OAG225N|move: Light Screen
|
|-ability|p2a: Blaziken|Speed Boost|boost
|-boost|p2a: Blaziken|spe|1
|upkeep
|turn|3
|
|t:|1758355698
|switch|p1a: Toxapex|Toxapex, M|100/100
|move|p2a: Blaziken|Brick Break|p1a: Toxapex
|-sideend|p1: OAG225N|move: Light Screen
|-resisted|p1a: Toxapex
|-crit|p1a: Toxapex
|-damage|p1a: Toxapex|81/100
|
|-heal|p1a: Toxapex|87/100|[from] item: Black Sludge
|-ability|p2a: Blaziken|Speed Boost|boost
|-boost|p2a: Blaziken|spe|1
|upkeep
|turn|4
|
|t:|1758355716
|move|p2a: Blaziken|Overheat|p1a: Toxapex
|-resisted|p1a: Toxapex
|-crit|p1a: Toxapex
|-damage|p1a: Toxapex|50/100
|-unboost|p2a: Blaziken|spa|2
|move|p1a: Toxapex|Surf|p2a: Blaziken
|-supereffective|p2a: Blaziken
|-damage|p2a: Blaziken|39/100
|
|-heal|p1a: Toxapex|56/100|[from] item: Black Sludge
|-ability|p2a: Blaziken|Speed Boost|boost
|-boost|p2a: Blaziken|spe|1
|upkeep
|turn|5
|
|t:|1758355728
|switch|p2a: Ogerpon|Ogerpon-Wellspring, F|100/100
|move|p1a: Toxapex|Toxic|p2a: Ogerpon
|-status|p2a: Ogerpon|tox
|
|-heal|p1a: Toxapex|62/100|[from] item: Black Sludge
|-damage|p2a: Ogerpon|95/100 tox|[from] psn
|upkeep
|turn|6
|
|t:|1758355738
|move|p2a: Ogerpon|Swords Dance|p2a: Ogerpon
|-boost|p2a: Ogerpon|atk|2
|move|p1a: Toxapex|Recover|p1a: Toxapex
|-heal|p1a: Toxapex|100/100
|
|-damage|p2a: Ogerpon|83/100 tox|[from] psn
|upkeep
|turn|7
|
|t:|1758355741
|move|p1a: Toxapex|Baneful Bunker|p1a: Toxapex
|-singleturn|p1a: Toxapex|move: Protect
|move|p2a: Ogerpon|Power Whip|p1a: Toxapex
|-activate|p1a: Toxapex|move: Protect
|
|-damage|p2a: Ogerpon|65/100 tox|[from] psn
|upkeep
|turn|8
|
|t:|1758355756
|switch|p1a: Masquerain|Masquerain, F|100/100
|-ability|p1a: Masquerain|Intimidate|boost
|-unboost|p2a: Ogerpon|atk|1
|move|p2a: Ogerpon|Power Whip|p1a: Masquerain
|-resisted|p1a: Masquerain
|-damage|p1a: Masquerain|63/100
|
|-damage|p2a: Ogerpon|41/100 tox|[from] psn
|upkeep
|turn|9
|
|t:|1758355764
|move|p2a: Ogerpon|Ivy Cudgel|p1a: Masquerain|[anim] Ivy Cudgel Water
|-damage|p1a: Masquerain|0 fnt
|faint|p1a: Masquerain
|
|-damage|p2a: Ogerpon|11/100 tox|[from] psn
|upkeep
|
|t:|1758355767
|switch|p1a: Toxapex|Toxapex, M|100/100
|turn|10
|
|t:|1758355771
|switch|p2a: Glimmora|Glimmora, F|100/100
|move|p1a: Toxapex|Baneful Bunker||[still]
|-fail|p1a: Toxapex
|
|upkeep
|turn|11
|
|t:|1758355777
|switch|p1a: Deoxys|Deoxys-Defense|83/100
|-ability|p1a: Deoxys|Pressure
|move|p2a: Glimmora|Earth Power|p1a: Deoxys
|-damage|p1a: Deoxys|67/100
|
|upkeep
|turn|12
|
|t:|1758355783
|move|p2a: Glimmora|Toxic|p1a: Deoxys
|-status|p1a: Deoxys|tox
|move|p1a: Deoxys|Light Screen|p1a: Deoxys
|-sidestart|p1: OAG225N|move: Light Screen
|
|-damage|p1a: Deoxys|61/100 tox|[from] psn
|upkeep
|turn|13
|
|t:|1758355792
|switch|p2a: Crawdaunt|Crawdaunt, M|100/100
|move|p1a: Deoxys|Reflect|p1a: Deoxys
|-sidestart|p1: OAG225N|Reflect
|
|-damage|p1a: Deoxys|49/100 tox|[from] psn
|upkeep
|turn|14
|
|t:|1758355795
|move|p2a: Crawdaunt|Dragon Dance|p2a: Crawdaunt
|-boost|p2a: Crawdaunt|atk|1
|-boost|p2a: Crawdaunt|spe|1
|move|p1a: Deoxys|Teleport|p1a: Deoxys
|
|t:|1758355801
|switch|p1a: Weavile|Weavile, M|100/100|[from] Teleport
|-ability|p1a: Weavile|Pressure
|
|upkeep
|turn|15
|
|t:|1758355808
|move|p1a: Weavile|X-Scissor|p2a: Crawdaunt
|-supereffective|p2a: Crawdaunt
|-damage|p2a: Crawdaunt|8/100
|-damage|p1a: Weavile|91/100|[from] item: Life Orb
|move|p2a: Crawdaunt|Brick Break|p1a: Weavile
|-sideend|p1: OAG225N|Reflect
|-sideend|p1: OAG225N|move: Light Screen
|-supereffective|p1a: Weavile
|-damage|p1a: Weavile|0 fnt
|faint|p1a: Weavile
|
|upkeep
|
|t:|1758355821
|switch|p1a: Toxapex|Toxapex, M|100/100
|turn|16
|
|t:|1758355841
|move|p2a: Crawdaunt|Dragon Dance|p2a: Crawdaunt
|-boost|p2a: Crawdaunt|atk|1
|-boost|p2a: Crawdaunt|spe|1
|move|p1a: Toxapex|Surf|p2a: Crawdaunt
|-resisted|p2a: Crawdaunt
|-damage|p2a: Crawdaunt|0 fnt
|faint|p2a: Crawdaunt
|
|upkeep
|
|t:|1758355847
|switch|p2a: Glimmora|Glimmora, F|100/100
|turn|17
|
|t:|1758355855
|move|p2a: Glimmora|Earth Power|p1a: Toxapex
|-supereffective|p1a: Toxapex
|-damage|p1a: Toxapex|53/100
|move|p1a: Toxapex|Surf|p2a: Glimmora
|-supereffective|p2a: Glimmora
|-damage|p2a: Glimmora|51/100
|
|-heal|p1a: Toxapex|59/100|[from] item: Black Sludge
|upkeep
|turn|18
|
|t:|1758355874
|move|p1a: Toxapex|Baneful Bunker|p1a: Toxapex
|-singleturn|p1a: Toxapex|move: Protect
|move|p2a: Glimmora|Earth Power|p1a: Toxapex
|-activate|p1a: Toxapex|move: Protect
|
|-heal|p1a: Toxapex|65/100|[from] item: Black Sludge
|upkeep
|turn|19
|
|t:|1758355882
|move|p2a: Glimmora|Earth Power|p1a: Toxapex
|-supereffective|p1a: Toxapex
|-damage|p1a: Toxapex|23/100
|move|p1a: Toxapex|Surf|p2a: Glimmora
|-supereffective|p2a: Glimmora
|-damage|p2a: Glimmora|8/100
|
|-heal|p1a: Toxapex|29/100|[from] item: Black Sludge
|upkeep
|turn|20
|
|t:|1758355894
|move|p1a: Toxapex|Baneful Bunker|p1a: Toxapex
|-singleturn|p1a: Toxapex|move: Protect
|move|p2a: Glimmora|Toxic|p1a: Toxapex
|-activate|p1a: Toxapex|move: Protect
|
|-heal|p1a: Toxapex|35/100|[from] item: Black Sludge
|upkeep
|turn|21
|
|t:|1758355901
|switch|p1a: Deoxys|Deoxys-Defense|49/100 tox
|-ability|p1a: Deoxys|Pressure
|move|p2a: Glimmora|Earth Power|p1a: Deoxys
|-damage|p1a: Deoxys|33/100 tox
|
|-damage|p1a: Deoxys|27/100 tox|[from] psn
|upkeep
|turn|22
|
|t:|1758355907
|move|p2a: Glimmora|Earth Power|p1a: Deoxys
|-damage|p1a: Deoxys|12/100 tox
|move|p1a: Deoxys|Stealth Rock|p2a: Glimmora
|-sidestart|p2: SickBRE12|move: Stealth Rock
|
|-damage|p1a: Deoxys|0 fnt|[from] psn
|faint|p1a: Deoxys
|upkeep
|
|t:|1758355912
|switch|p1a: Garchomp|Garchomp, M|100/100
|turn|23
|
|t:|1758355920
|move|p1a: Garchomp|Earthquake|p2a: Glimmora
|-supereffective|p2a: Glimmora
|-damage|p2a: Glimmora|0 fnt
|-activate|p2a: Glimmora|ability: Toxic Debris
|-sidestart|p1: OAG225N|move: Toxic Spikes
|faint|p2a: Glimmora
|
|upkeep
|
|t:|1758355939
|switch|p2a: Polteageist|Polteageist|100/100
|-damage|p2a: Polteageist|88/100|[from] Stealth Rock
|turn|24
|
|t:|1758355948
|move|p1a: Garchomp|Earthquake|p2a: Polteageist
|-damage|p2a: Polteageist|0 fnt
|faint|p2a: Polteageist
|
|upkeep
|
|t:|1758355953
|switch|p2a: Ting-Lu|Ting-Lu|100/100
|-damage|p2a: Ting-Lu|94/100|[from] Stealth Rock
|-ability|p2a: Ting-Lu|Vessel of Ruin
|turn|25
|
|t:|1758355960
|move|p1a: Garchomp|Swords Dance|p1a: Garchomp
|-boost|p1a: Garchomp|atk|2
|move|p2a: Ting-Lu|Body Press|p1a: Garchomp
|-damage|p1a: Garchomp|77/100
|-damage|p2a: Ting-Lu|82/100|[from] ability: Rough Skin|[of] p1a: Garchomp
|
|upkeep
|turn|26
|
|t:|1758355966
|move|p1a: Garchomp|Swords Dance|p1a: Garchomp
|-boost|p1a: Garchomp|atk|2
|move|p2a: Ting-Lu|Earthquake|p1a: Garchomp
|-damage|p1a: Garchomp|29/100
|
|upkeep
|turn|27
|
|t:|1758355970
|move|p1a: Garchomp|Earthquake|p2a: Ting-Lu
|-damage|p2a: Ting-Lu|0 fnt
|faint|p2a: Ting-Lu
|
|upkeep
|
|t:|1758355974
|switch|p2a: Ogerpon|Ogerpon-Wellspring, F|11/100 tox
|-damage|p2a: Ogerpon|0 fnt|[from] Stealth Rock
|faint|p2a: Ogerpon
|
|t:|1758355976
|switch|p2a: Blaziken|Blaziken, M|39/100
|-damage|p2a: Blaziken|26/100|[from] Stealth Rock
|turn|28
|c|☆SickBRE12|gg
|
|t:|1758355983
|-terastallize|p2a: Blaziken|Ice
|move|p1a: Garchomp|Poison Jab|p2a: Blaziken
|-damage|p2a: Blaziken|0 fnt
|faint|p2a: Blaziken
|
|win|OAG225N
|raw|OAG225N's rating: 1065 &rarr; <strong>1095</strong><br />(+30 for winning)
|raw|SickBRE12's rating: 1062 &rarr; <strong>1043</strong><br />(-19 for losing)
|l|☆SickBRE12
|player|p2|
|c|☆OAG225N|gg
|l|☆OAG225N
|player|p1|
