|j|‽Houuney
|j|☆TCML
|t:|1758287916
|gametype|singles
|player|p1|Houuney|dawn-gen4pt|1080
|player|p2|TCML|hugh|1108
|gen|9
|tier|[Gen 9] OU
|rated|
|rule|HP Percentage Mod: HP is shown in percentages
|rule|Endless Battle Clause: Forcing endless battles is banned
|rule|Species Clause: Limit one of each Pokémon
|rule|OHKO Clause: OHKO moves are banned
|rule|Evasion Items Clause: Evasion items are banned
|rule|Evasion Moves Clause: Evasion moves are banned
|rule|Evasion Abilities Clause: Evasion abilities are banned
|rule|Sleep Moves Clause: Sleep-inducing moves are banned
|clearpoke
|poke|p1|Glimmora, M|
|poke|p1|Falinks|
|poke|p1|Darkrai|
|poke|p1|Gholdengo|
|poke|p1|Iron Crown|
|poke|p1|Kyurem|
|poke|p2|Ninetales, M|
|poke|p2|Venusaur, F|
|poke|p2|Dragonite, M|
|poke|p2|Great Tusk|
|poke|p2|Walking Wake|
|poke|p2|Kingambit, M|
|teampreview
|inactive|Battle timer is ON: inactive players will automatically lose when time's up. (requested by TCML)
|
|t:|1758287934
|teamsize|p1|6
|teamsize|p2|6
|start
|switch|p1a: Glimmora|Glimmora, M|100/100
|switch|p2a: Great Tusk|Great Tusk|100/100
|turn|1
|
|t:|1758287943
|move|p2a: Great Tusk|Headlong Rush|p1a: Glimmora
|-supereffective|p1a: Glimmora
|-enditem|p1a: Glimmora|Focus Sash
|-damage|p1a: Glimmora|1/100
|-unboost|p2a: Great Tusk|def|1
|-unboost|p2a: Great Tusk|spd|1
|-activate|p1a: Glimmora|ability: Toxic Debris
|-sidestart|p2: TCML|move: Toxic Spikes
|move|p1a: Glimmora|Sludge Wave|p2a: Great Tusk
|-resisted|p2a: Great Tusk
|-damage|p2a: Great Tusk|48/100
|
|-heal|p2a: Great Tusk|54/100|[from] item: Leftovers
|upkeep
|turn|2
|
|t:|1758287959
|switch|p1a: Gholdengo|Gholdengo|100/100
|move|p2a: Great Tusk|Rapid Spin|p1a: Gholdengo
|-immune|p1a: Gholdengo
|
|-heal|p2a: Great Tusk|60/100|[from] item: Leftovers
|upkeep
|turn|3
|
|t:|1758287967
|switch|p1a: Glimmora|Glimmora, M|1/100
|move|p2a: Great Tusk|Knock Off|p1a: Glimmora
|-damage|p1a: Glimmora|0 fnt
|-activate|p1a: Glimmora|ability: Toxic Debris
|-sidestart|p2: TCML|move: Toxic Spikes
|faint|p1a: Glimmora
|
|-heal|p2a: Great Tusk|67/100|[from] item: Leftovers
|upkeep
|
|t:|1758287974
|switch|p1a: Kyurem|Kyurem|100/100
|-ability|p1a: Kyurem|Pressure
|turn|4
|
|t:|1758287981
|-end|p2a: Great Tusk|Protosynthesis|[silent]
|switch|p2a: Kingambit|Kingambit, M|100/100
|-item|p2a: Kingambit|Air Balloon
|move|p1a: Kyurem|Dragon Dance|p1a: Kyurem
|-boost|p1a: Kyurem|atk|1
|-boost|p1a: Kyurem|spe|1
|
|upkeep
|turn|5
|
|t:|1758288003
|move|p1a: Kyurem|Stone Edge|p2a: Kingambit|[miss]
|-miss|p1a: Kyurem|p2a: Kingambit
|move|p2a: Kingambit|Iron Head|p1a: Kyurem
|-supereffective|p1a: Kyurem
|-damage|p1a: Kyurem|2/100
|
|upkeep
|turn|6
|
|t:|1758288012
|move|p1a: Kyurem|Stone Edge|p2a: Kingambit|[miss]
|-miss|p1a: Kyurem|p2a: Kingambit
|move|p2a: Kingambit|Poison Jab|p1a: Kyurem
|-damage|p1a: Kyurem|0 fnt
|faint|p1a: Kyurem
|
|upkeep
|
|t:|1758288027
|switch|p1a: Iron Crown|Iron Crown|100/100
|-enditem|p1a: Iron Crown|Booster Energy
|-activate|p1a: Iron Crown|ability: Quark Drive|[fromitem]
|-start|p1a: Iron Crown|quarkdrivespe
|turn|7
|
|t:|1758288053
|move|p1a: Iron Crown|Focus Blast|p2a: Kingambit
|-supereffective|p2a: Kingambit
|-damage|p2a: Kingambit|0 fnt
|-enditem|p2a: Kingambit|Air Balloon
|faint|p2a: Kingambit
|-end|p2a: Kingambit|fallenundefined|[silent]
|
|upkeep
|
|t:|1758288057
|switch|p2a: Venusaur|Venusaur, F|100/100
|-sideend|p2: TCML|move: Toxic Spikes|[of] p2a: Venusaur
|turn|8
|
|t:|1758288075
|switch|p2a: Walking Wake|Walking Wake|100/100
|move|p1a: Iron Crown|Calm Mind|p1a: Iron Crown
|-boost|p1a: Iron Crown|spa|1
|-boost|p1a: Iron Crown|spd|1
|
|upkeep
|turn|9
|inactive|TCML has 120 seconds left.
|
|t:|1758288097
|move|p1a: Iron Crown|Tachyon Cutter|p2a: Walking Wake
|-resisted|p2a: Walking Wake
|-damage|p2a: Walking Wake|87/100
|-resisted|p2a: Walking Wake
|-crit|p2a: Walking Wake
|-damage|p2a: Walking Wake|65/100
|-hitcount|p2a: Walking Wake|2
|move|p2a: Walking Wake|Flamethrower|p1a: Iron Crown
|-supereffective|p1a: Iron Crown
|-damage|p1a: Iron Crown|62/100
|
|upkeep
|turn|10
|inactive|TCML has 120 seconds left.
|
|t:|1758288107
|move|p1a: Iron Crown|Calm Mind|p1a: Iron Crown
|-boost|p1a: Iron Crown|spa|1
|-boost|p1a: Iron Crown|spd|1
|move|p2a: Walking Wake|Flamethrower|p1a: Iron Crown
|-supereffective|p1a: Iron Crown
|-damage|p1a: Iron Crown|33/100
|
|upkeep
|turn|11
|
|t:|1758288115
|move|p1a: Iron Crown|Calm Mind|p1a: Iron Crown
|-boost|p1a: Iron Crown|spa|1
|-boost|p1a: Iron Crown|spd|1
|move|p2a: Walking Wake|Flamethrower|p1a: Iron Crown
|-supereffective|p1a: Iron Crown
|-damage|p1a: Iron Crown|12/100
|
|upkeep
|turn|12
|
|t:|1758288121
|move|p1a: Iron Crown|Tachyon Cutter|p2a: Walking Wake
|-resisted|p2a: Walking Wake
|-damage|p2a: Walking Wake|44/100
|-resisted|p2a: Walking Wake
|-damage|p2a: Walking Wake|20/100
|-hitcount|p2a: Walking Wake|2
|move|p2a: Walking Wake|Flamethrower|p1a: Iron Crown
|-supereffective|p1a: Iron Crown
|-damage|p1a: Iron Crown|0 fnt
|faint|p1a: Iron Crown
|-end|p1a: Iron Crown|Quark Drive|[silent]
|
|upkeep
|
|t:|1758288135
|switch|p1a: Darkrai|Darkrai|100/100
|turn|13
|
|t:|1758288140
|move|p1a: Darkrai|Dark Pulse|p2a: Walking Wake
|-damage|p2a: Walking Wake|0 fnt
|faint|p2a: Walking Wake
|-end|p2a: Walking Wake|Protosynthesis|[silent]
|
|upkeep
|
|t:|1758288143
|switch|p2a: Ninetales|Ninetales, M, shiny|100/100
|-weather|SunnyDay|[from] ability: Drought|[of] p2a: Ninetales
|turn|14
|
|t:|1758288148
|move|p1a: Darkrai|Nasty Plot|p1a: Darkrai
|-boost|p1a: Darkrai|spa|2
|move|p2a: Ninetales|Fire Blast|p1a: Darkrai
|-damage|p1a: Darkrai|25/100
|
|-weather|SunnyDay|[upkeep]
|upkeep
|turn|15
|
|t:|1758288157
|move|p1a: Darkrai|Dark Pulse|p2a: Ninetales
|-damage|p2a: Ninetales|4/100
|move|p2a: Ninetales|Solar Beam||[still]
|-prepare|p2a: Ninetales|Solar Beam
|-anim|p2a: Ninetales|Solar Beam|p1a: Darkrai
|-damage|p1a: Darkrai|0 fnt
|faint|p1a: Darkrai
|
|-weather|SunnyDay|[upkeep]
|upkeep
|
|t:|1758288162
|switch|p1a: Gholdengo|Gholdengo|100/100
|turn|16
|
|t:|1758288166
|move|p2a: Ninetales|Fire Blast|p1a: Gholdengo
|-supereffective|p1a: Gholdengo
|-damage|p1a: Gholdengo|0 fnt
|faint|p1a: Gholdengo
|
|-weather|SunnyDay|[upkeep]
|upkeep
|
|t:|1758288170
|switch|p1a: Falinks|Falinks|100/100
|turn|17
|
|t:|1758288175
|move|p1a: Falinks|First Impression|p2a: Ninetales
|-resisted|p2a: Ninetales
|-damage|p2a: Ninetales|0 fnt
|faint|p2a: Ninetales
|
|-weather|SunnyDay|[upkeep]
|upkeep
|
|t:|1758288178
|switch|p2a: Venusaur|Venusaur, F|100/100
|turn|18
|
|t:|1758288181
|move|p2a: Venusaur|Growth|p2a: Venusaur
|-boost|p2a: Venusaur|atk|2
|-boost|p2a: Venusaur|spa|2
|move|p1a: Falinks|No Retreat|p1a: Falinks
|-boost|p1a: Falinks|atk|1
|-boost|p1a: Falinks|def|1
|-boost|p1a: Falinks|spa|1
|-boost|p1a: Falinks|spd|1
|-boost|p1a: Falinks|spe|1
|-start|p1a: Falinks|move: No Retreat
|
|-weather|SunnyDay|[upkeep]
|upkeep
|turn|19
|
|t:|1758288189
|move|p2a: Venusaur|Solar Beam||[still]
|-prepare|p2a: Venusaur|Solar Beam
|-anim|p2a: Venusaur|Solar Beam|p1a: Falinks
|-damage|p1a: Falinks|0 fnt
|faint|p1a: Falinks
|-damage|p2a: Venusaur|91/100|[from] item: Life Orb
|
|win|TCML
|raw|Houuney's rating: 1080 &rarr; <strong>1060</strong><br />(-20 for losing)
|raw|TCML's rating: 1108 &rarr; <strong>1131</strong><br />(+23 for winning)
|l|‽Houuney
|player|p1|
|l|☆TCML
|player|p2|
