|j|☆edollas
|j|☆rulorules2
|t:|1758329182
|gametype|singles
|player|p1|edollas|biker-gen4|1486
|player|p2|rulorules2|red|1400
|gen|9
|tier|[Gen 9] OU
|rated|
|rule|HP Percentage Mod: HP is shown in percentages
|rule|Endless Battle Clause: Forcing endless battles is banned
|rule|Species Clause: Limit one of each Pokémon
|rule|OHKO Clause: OHKO moves are banned
|rule|Evasion Items Clause: Evasion items are banned
|rule|Evasion Moves Clause: Evasion moves are banned
|rule|Evasion Abilities Clause: Evasion abilities are banned
|rule|Sleep Moves Clause: Sleep-inducing moves are banned
|clearpoke
|poke|p1|Hoopa-Unbound|
|poke|p1|Toxapex, F|
|poke|p1|Weezing-Galar, M|
|poke|p1|Ogerpon-Wellspring, F|
|poke|p1|Garchomp, F|
|poke|p1|Great Tusk|
|poke|p2|Zamazenta-*|
|poke|p2|Breloom, M|
|poke|p2|Great Tusk|
|poke|p2|Kingambit, F|
|poke|p2|Gholdengo|
|poke|p2|Garganacl, F|
|teampreview
|
|t:|1758329214
|teamsize|p1|6
|teamsize|p2|6
|start
|switch|p1a: Weezing|Weezing-Galar, M|100/100
|switch|p2a: Great Tusk|Great Tusk|100/100
|-ability|p1a: Weezing|Neutralizing Gas
|-item|p1a: Weezing|Air Balloon
|turn|1
|
|t:|1758329219
|move|p2a: Great Tusk|Headlong Rush|p1a: Weezing
|-immune|p1a: Weezing
|move|p1a: Weezing|Will-O-Wisp|p2a: Great Tusk
|-status|p2a: Great Tusk|brn
|
|-damage|p2a: Great Tusk|94/100 brn|[from] brn
|upkeep
|turn|2
|
|t:|1758329229
|move|p2a: Great Tusk|Stealth Rock|p1a: Weezing
|-sidestart|p1: edollas|move: Stealth Rock
|move|p1a: Weezing|Strange Steam|p2a: Great Tusk
|-supereffective|p2a: Great Tusk
|-damage|p2a: Great Tusk|8/100 brn
|
|-damage|p2a: Great Tusk|2/100 brn|[from] brn
|upkeep
|turn|3
|
|t:|1758329234
|move|p2a: Great Tusk|Ice Spinner|p1a: Weezing
|-damage|p1a: Weezing|92/100
|-enditem|p1a: Weezing|Air Balloon
|move|p1a: Weezing|Defog|p2a: Great Tusk
|-unboost|p2a: Great Tusk|evasion|1
|-sideend|p1: edollas|Stealth Rock|[from] move: Defog|[of] p1a: Weezing
|
|-damage|p2a: Great Tusk|0 fnt|[from] brn
|faint|p2a: Great Tusk
|-end|p2a: Great Tusk|Protosynthesis|[silent]
|upkeep
|
|t:|1758329242
|switch|p2a: Gholdengo|Gholdengo|100/100
|turn|4
|
|t:|1758329255
|-end|p1a: Weezing|ability: Neutralizing Gas
|switch|p1a: Toxapex|Toxapex, F|100/100
|move|p2a: Gholdengo|Trick|p1a: Toxapex
|-activate|p2a: Gholdengo|move: Trick|[of] p1a: Toxapex
|-item|p1a: Toxapex|Choice Scarf|[from] move: Trick
|-item|p2a: Gholdengo|Assault Vest|[from] move: Trick
|
|upkeep
|turn|5
|
|t:|1758329264
|move|p2a: Gholdengo|Shadow Ball|p1a: Toxapex
|-damage|p1a: Toxapex|64/100
|move|p1a: Toxapex|Mud Shot|p2a: Gholdengo
|-supereffective|p2a: Gholdengo
|-damage|p2a: Gholdengo|82/100
|-unboost|p2a: Gholdengo|spe|1
|
|upkeep
|turn|6
|
|t:|1758329276
|switch|p2a: Breloom|Breloom, M|100/100
|move|p1a: Toxapex|Mud Shot|p2a: Breloom
|-resisted|p2a: Breloom
|-damage|p2a: Breloom|91/100
|-unboost|p2a: Breloom|spe|1
|
|upkeep
|turn|7
|
|t:|1758329285
|switch|p1a: Weezing|Weezing-Galar, M|92/100
|-ability|p1a: Weezing|Neutralizing Gas
|move|p2a: Breloom|Bullet Seed|p1a: Weezing
|-resisted|p1a: Weezing
|-damage|p1a: Weezing|85/100
|-resisted|p1a: Weezing
|-damage|p1a: Weezing|77/100
|-resisted|p1a: Weezing
|-damage|p1a: Weezing|70/100
|-resisted|p1a: Weezing
|-damage|p1a: Weezing|62/100
|-resisted|p1a: Weezing
|-damage|p1a: Weezing|55/100
|-hitcount|p1a: Weezing|5
|
|upkeep
|turn|8
|
|t:|1758329304
|switch|p2a: Gholdengo|Gholdengo|82/100
|move|p1a: Weezing|Will-O-Wisp|p2a: Gholdengo
|-status|p2a: Gholdengo|brn
|
|-damage|p2a: Gholdengo|76/100 brn|[from] brn
|upkeep
|turn|9
|
|t:|1758329313
|-end|p1a: Weezing|ability: Neutralizing Gas
|switch|p1a: Toxapex|Toxapex, F|97/100
|move|p2a: Gholdengo|Shadow Ball|p1a: Toxapex
|-damage|p1a: Toxapex|59/100
|-unboost|p1a: Toxapex|spd|1
|
|-damage|p2a: Gholdengo|70/100 brn|[from] brn
|upkeep
|turn|10
|
|t:|1758329319
|move|p2a: Gholdengo|Shadow Ball|p1a: Toxapex
|-damage|p1a: Toxapex|1/100
|move|p1a: Toxapex|Mud Shot|p2a: Gholdengo
|-supereffective|p2a: Gholdengo
|-damage|p2a: Gholdengo|52/100 brn
|-unboost|p2a: Gholdengo|spe|1
|
|-damage|p2a: Gholdengo|46/100 brn|[from] brn
|upkeep
|turn|11
|
|t:|1758329323
|switch|p1a: Hoopa|Hoopa-Unbound|100/100
|move|p2a: Gholdengo|Shadow Ball|p1a: Hoopa
|-damage|p1a: Hoopa|65/100
|-unboost|p1a: Hoopa|spd|1
|
|-damage|p2a: Gholdengo|40/100 brn|[from] brn
|upkeep
|turn|12
|
|t:|1758329330
|switch|p2a: Garganacl|Garganacl, F|100/100
|move|p1a: Hoopa|Hyperspace Fury|p2a: Garganacl
|-crit|p2a: Garganacl
|-damage|p2a: Garganacl|52/100
|-unboost|p1a: Hoopa|def|1
|
|-heal|p2a: Garganacl|58/100|[from] item: Leftovers
|upkeep
|turn|13
|
|t:|1758329350
|switch|p1a: Weezing|Weezing-Galar, M|55/100
|-ability|p1a: Weezing|Neutralizing Gas
|move|p2a: Garganacl|Salt Cure|p1a: Weezing
|-damage|p1a: Weezing|45/100
|-start|p1a: Weezing|Salt Cure
|
|-heal|p2a: Garganacl|65/100|[from] item: Leftovers
|-damage|p1a: Weezing|33/100|[from] Salt Cure
|upkeep
|turn|14
|
|t:|1758329356
|move|p2a: Garganacl|Protect|p2a: Garganacl
|-singleturn|p2a: Garganacl|Protect
|move|p1a: Weezing|Pain Split|p2a: Garganacl
|-activate|p2a: Garganacl|move: Protect
|
|-heal|p2a: Garganacl|71/100|[from] item: Leftovers
|-damage|p1a: Weezing|21/100|[from] Salt Cure
|upkeep
|turn|15
|
|t:|1758329366
|-end|p1a: Weezing|ability: Neutralizing Gas
|switch|p1a: Great Tusk|Great Tusk|100/100
|switch|p2a: Gholdengo|Gholdengo|40/100 brn
|
|-damage|p2a: Gholdengo|34/100 brn|[from] brn
|upkeep
|turn|16
|
|t:|1758329374
|switch|p2a: Zamazenta|Zamazenta|100/100
|-ability|p2a: Zamazenta|Dauntless Shield|boost
|-boost|p2a: Zamazenta|def|1
|move|p1a: Great Tusk|Knock Off|p2a: Zamazenta
|-resisted|p2a: Zamazenta
|-damage|p2a: Zamazenta|93/100
|-enditem|p2a: Zamazenta|Leftovers|[from] move: Knock Off|[of] p1a: Great Tusk
|
|upkeep
|turn|17
|
|t:|1758329415
|-end|p1a: Great Tusk|Protosynthesis|[silent]
|switch|p1a: Toxapex|Toxapex, F|34/100
|move|p2a: Zamazenta|Iron Defense|p2a: Zamazenta
|-boost|p2a: Zamazenta|def|2
|
|upkeep
|turn|18
|
|t:|1758329422
|-terastallize|p2a: Zamazenta|Steel
|move|p2a: Zamazenta|Body Press|p1a: Toxapex
|-resisted|p1a: Toxapex
|-damage|p1a: Toxapex|0 fnt
|faint|p1a: Toxapex
|
|upkeep
|
|t:|1758329440
|switch|p1a: Weezing|Weezing-Galar, M|21/100
|-ability|p1a: Weezing|Neutralizing Gas
|turn|19
|
|t:|1758329446
|move|p2a: Zamazenta|Body Press|p1a: Weezing
|-resisted|p1a: Weezing
|-damage|p1a: Weezing|5/100
|move|p1a: Weezing|Pain Split|p2a: Zamazenta
|-sethp|p2a: Zamazenta|48/100|[from] move: Pain Split|[silent]
|-sethp|p1a: Weezing|56/100|[from] move: Pain Split
|
|upkeep
|turn|20
|
|t:|1758329452
|move|p2a: Zamazenta|Iron Defense|p2a: Zamazenta
|-boost|p2a: Zamazenta|def|2
|move|p1a: Weezing|Will-O-Wisp|p2a: Zamazenta
|-status|p2a: Zamazenta|brn
|
|-damage|p2a: Zamazenta|42/100 brn|[from] brn
|upkeep
|turn|21
|
|t:|1758329468
|-end|p1a: Weezing|ability: Neutralizing Gas
|switch|p1a: Great Tusk|Great Tusk|100/100
|move|p2a: Zamazenta|Heavy Slam|p1a: Great Tusk
|-damage|p1a: Great Tusk|95/100
|
|-damage|p2a: Zamazenta|36/100 brn|[from] brn
|upkeep
|turn|22
|
|t:|1758329478
|-terastallize|p1a: Great Tusk|Ghost
|move|p2a: Zamazenta|Body Press|p1a: Great Tusk
|-immune|p1a: Great Tusk
|move|p1a: Great Tusk|Rapid Spin|p2a: Zamazenta
|-resisted|p2a: Zamazenta
|-damage|p2a: Zamazenta|34/100 brn
|-boost|p1a: Great Tusk|spe|1
|
|-damage|p2a: Zamazenta|28/100 brn|[from] brn
|upkeep
|turn|23
|
|t:|1758329486
|move|p2a: Zamazenta|Crunch|p1a: Great Tusk
|-supereffective|p1a: Great Tusk
|-damage|p1a: Great Tusk|82/100
|-unboost|p1a: Great Tusk|def|1
|move|p1a: Great Tusk|Earthquake|p2a: Zamazenta
|-supereffective|p2a: Zamazenta
|-damage|p2a: Zamazenta|7/100 brn
|
|-damage|p2a: Zamazenta|1/100 brn|[from] brn
|upkeep
|turn|24
|
|t:|1758329494
|move|p2a: Zamazenta|Crunch|p1a: Great Tusk
|-supereffective|p1a: Great Tusk
|-damage|p1a: Great Tusk|64/100
|-unboost|p1a: Great Tusk|def|1
|move|p1a: Great Tusk|Rapid Spin|p2a: Zamazenta
|-resisted|p2a: Zamazenta
|-damage|p2a: Zamazenta|0 fnt
|-boost|p1a: Great Tusk|spe|1
|faint|p2a: Zamazenta
|
|upkeep
|
|t:|1758329501
|switch|p2a: Breloom|Breloom, M|91/100
|turn|25
|
|t:|1758329508
|-end|p1a: Great Tusk|Protosynthesis|[silent]
|switch|p1a: Weezing|Weezing-Galar, M|56/100
|-ability|p1a: Weezing|Neutralizing Gas
|move|p2a: Breloom|Rock Tomb|p1a: Weezing
|-damage|p1a: Weezing|35/100
|-unboost|p1a: Weezing|spe|1
|
|upkeep
|turn|26
|
|t:|1758329521
|switch|p2a: Gholdengo|Gholdengo|34/100 brn
|move|p1a: Weezing|Will-O-Wisp|p2a: Gholdengo
|-fail|p2a: Gholdengo|brn
|
|-damage|p2a: Gholdengo|28/100 brn|[from] brn
|upkeep
|turn|27
|
|t:|1758329534
|-end|p1a: Weezing|ability: Neutralizing Gas
|switch|p1a: Hoopa|Hoopa-Unbound|65/100
|move|p2a: Gholdengo|Shadow Ball|p1a: Hoopa
|-damage|p1a: Hoopa|28/100
|
|-damage|p2a: Gholdengo|22/100 brn|[from] brn
|upkeep
|turn|28
|
|t:|1758329542
|move|p2a: Gholdengo|Shadow Ball|p1a: Hoopa
|-damage|p1a: Hoopa|0 fnt
|faint|p1a: Hoopa
|
|-damage|p2a: Gholdengo|16/100 brn|[from] brn
|upkeep
|inactive|Battle timer is ON: inactive players will automatically lose when time's up. (requested by rulorules2)
|
|t:|1758329597
|switch|p1a: Garchomp|Garchomp, F|100/100
|turn|29
|
|t:|1758329605
|switch|p2a: Breloom|Breloom, M|91/100
|move|p1a: Garchomp|Earthquake|p2a: Breloom
|-resisted|p2a: Breloom
|-damage|p2a: Breloom|48/100
|
|upkeep
|turn|30
|
|t:|1758329613
|move|p1a: Garchomp|Fire Blast|p2a: Breloom
|-supereffective|p2a: Breloom
|-damage|p2a: Breloom|0 fnt
|faint|p2a: Breloom
|
|upkeep
|
|t:|1758329618
|switch|p2a: Garganacl|Garganacl, F|71/100
|turn|31
|
|t:|1758329633
|switch|p1a: Great Tusk|Great Tusk, tera:Ghost|64/100
|move|p2a: Garganacl|Salt Cure|p1a: Great Tusk
|-damage|p1a: Great Tusk|55/100
|-start|p1a: Great Tusk|Salt Cure
|
|-heal|p2a: Garganacl|77/100|[from] item: Leftovers
|-damage|p1a: Great Tusk|42/100|[from] Salt Cure
|upkeep
|turn|32
|
|t:|1758329640
|move|p2a: Garganacl|Protect|p2a: Garganacl
|-singleturn|p2a: Garganacl|Protect
|move|p1a: Great Tusk|Knock Off|p2a: Garganacl
|-activate|p2a: Garganacl|move: Protect
|
|-heal|p2a: Garganacl|83/100|[from] item: Leftovers
|-damage|p1a: Great Tusk|30/100|[from] Salt Cure
|upkeep
|turn|33
|
|t:|1758329656
|move|p1a: Great Tusk|Earthquake|p2a: Garganacl
|-supereffective|p2a: Garganacl
|-damage|p2a: Garganacl|25/100
|move|p2a: Garganacl|Salt Cure|p1a: Great Tusk
|-damage|p1a: Great Tusk|21/100
|
|-heal|p2a: Garganacl|31/100|[from] item: Leftovers
|-damage|p1a: Great Tusk|8/100|[from] Salt Cure
|upkeep
|turn|34
|
|t:|1758329664
|-end|p1a: Great Tusk|Protosynthesis|[silent]
|switch|p1a: Garchomp|Garchomp, F|100/100
|move|p2a: Garganacl|Protect||[still]
|-fail|p2a: Garganacl
|
|-heal|p2a: Garganacl|37/100|[from] item: Leftovers
|upkeep
|turn|35
|
|t:|1758329670
|move|p2a: Garganacl|Protect|p2a: Garganacl
|-singleturn|p2a: Garganacl|Protect
|move|p1a: Garchomp|Earthquake|p2a: Garganacl
|-activate|p2a: Garganacl|move: Protect
|
|-heal|p2a: Garganacl|43/100|[from] item: Leftovers
|upkeep
|turn|36
|
|t:|1758329677
|move|p1a: Garchomp|Earthquake|p2a: Garganacl
|-supereffective|p2a: Garganacl
|-damage|p2a: Garganacl|0 fnt
|faint|p2a: Garganacl
|
|upkeep
|
|t:|1758329685
|switch|p2a: Gholdengo|Gholdengo|16/100 brn
|turn|37
|
|t:|1758329696
|move|p2a: Gholdengo|Make It Rain|p1a: Garchomp
|-damage|p1a: Garchomp|55/100
|-unboost|p2a: Gholdengo|spa|1
|move|p1a: Garchomp|Scale Shot|p2a: Gholdengo
|-resisted|p2a: Gholdengo
|-damage|p2a: Gholdengo|8/100 brn
|-resisted|p2a: Gholdengo
|-damage|p2a: Gholdengo|0 fnt
|faint|p2a: Gholdengo
|-hitcount|p2: Gholdengo|2
|-unboost|p1a: Garchomp|def|1
|-boost|p1a: Garchomp|spe|1
|
|upkeep
|
|t:|1758329702
|switch|p2a: Kingambit|Kingambit, F|100/100
|-activate|p2a: Kingambit|ability: Supreme Overlord
|-start|p2a: Kingambit|fallen5|[silent]
|turn|38
|
|t:|1758329706
|move|p2a: Kingambit|Sucker Punch|p1a: Garchomp
|-damage|p1a: Garchomp|0 fnt
|-damage|p2a: Kingambit|88/100|[from] ability: Rough Skin|[of] p1a: Garchomp
|faint|p1a: Garchomp
|
|upkeep
|
|t:|1758329716
|switch|p1a: Weezing|Weezing-Galar, M|35/100
|-ability|p1a: Weezing|Neutralizing Gas
|turn|39
|
|t:|1758329723
|move|p1a: Weezing|Will-O-Wisp|p2a: Kingambit
|-status|p2a: Kingambit|brn
|move|p2a: Kingambit|Swords Dance|p2a: Kingambit
|-boost|p2a: Kingambit|atk|2
|
|-damage|p2a: Kingambit|82/100 brn|[from] brn
|upkeep
|turn|40
|
|t:|1758329728
|move|p1a: Weezing|Pain Split|p2a: Kingambit
|-sethp|p2a: Kingambit|55/100 brn|[from] move: Pain Split|[silent]
|-sethp|p1a: Weezing|67/100|[from] move: Pain Split
|move|p2a: Kingambit|Iron Head|p1a: Weezing
|-supereffective|p1a: Weezing
|-damage|p1a: Weezing|7/100
|
|-damage|p2a: Kingambit|49/100 brn|[from] brn
|upkeep
|turn|41
|
|t:|1758329738
|move|p1a: Weezing|Strange Steam|p2a: Kingambit
|-crit|p2a: Kingambit
|-damage|p2a: Kingambit|12/100 brn
|move|p2a: Kingambit|Iron Head|p1a: Weezing
|-supereffective|p1a: Weezing
|-crit|p1a: Weezing
|-damage|p1a: Weezing|0 fnt
|faint|p1a: Weezing
|-end|p1a: Weezing|ability: Neutralizing Gas
|-activate|p2a: Kingambit|ability: Supreme Overlord
|-start|p2a: Kingambit|fallen5|[silent]
|
|-damage|p2a: Kingambit|6/100 brn|[from] brn
|upkeep
|
|t:|1758329747
|switch|p1a: Great Tusk|Great Tusk, tera:Ghost|8/100
|turn|42
|
|t:|1758329752
|move|p2a: Kingambit|Sucker Punch|p1a: Great Tusk
|-supereffective|p1a: Great Tusk
|-damage|p1a: Great Tusk|0 fnt
|faint|p1a: Great Tusk
|-end|p1a: Great Tusk|Protosynthesis|[silent]
|
|-damage|p2a: Kingambit|0 fnt|[from] brn
|faint|p2a: Kingambit
|-end|p2a: Kingambit|fallen5|[silent]
|
|win|edollas
|raw|edollas's rating: 1486 &rarr; <strong>1501</strong><br />(+15 for winning)
|raw|rulorules2's rating: 1400 &rarr; <strong>1385</strong><br />(-15 for losing)
|l|☆rulorules2
|player|p2|
|l|☆edollas
|player|p1|
