|j|☆LuthStar
|j|☆Blazing567
|t:|1758288020
|gametype|singles
|player|p1|LuthStar|ethan|1120
|player|p2|Blazing567|265|1183
|gen|9
|tier|[Gen 9] OU
|rated|
|rule|HP Percentage Mod: HP is shown in percentages
|rule|Endless Battle Clause: Forcing endless battles is banned
|rule|Species Clause: Limit one of each Pokémon
|rule|OHKO Clause: OHKO moves are banned
|rule|Evasion Items Clause: Evasion items are banned
|rule|Evasion Moves Clause: Evasion moves are banned
|rule|Evasion Abilities Clause: Evasion abilities are banned
|rule|Sleep Moves Clause: Sleep-inducing moves are banned
|clearpoke
|poke|p1|Typhlosion, M|
|poke|p1|Donphan, M|
|poke|p1|Azumarill, F|
|poke|p1|Espeon, F|
|poke|p1|Hitmontop, M|
|poke|p1|Scizor, M|
|poke|p2|Landorus-Therian, M|
|poke|p2|Dondozo, F|
|poke|p2|Kyurem|
|poke|p2|Slowking-Galar, F|
|poke|p2|Kingambit, F|
|poke|p2|Clefable, M|
|teampreview
|
|t:|1758288028
|teamsize|p1|6
|teamsize|p2|6
|start
|switch|p1a: Azumarill|Azumarill, F|100/100
|switch|p2a: Landorus|Landorus-Therian, M|100/100
|-ability|p2a: Landorus|Intimidate|boost
|-unboost|p1a: Azumarill|atk|1
|turn|1
|
|t:|1758288035
|switch|p2a: Dondozo|Dondozo, F|100/100
|switch|p1a: Espeon|Espeon, F|100/100
|
|upkeep
|turn|2
|
|t:|1758288041
|move|p1a: Espeon|Trick|p2a: Dondozo
|-activate|p1a: Espeon|move: Trick|[of] p2a: Dondozo
|-item|p2a: Dondozo|Choice Specs|[from] move: Trick
|-item|p1a: Espeon|Leftovers|[from] move: Trick
|move|p2a: Dondozo|Liquidation|p1a: Espeon
|-damage|p1a: Espeon|45/100
|
|-heal|p1a: Espeon|52/100|[from] item: Leftovers
|upkeep
|turn|3
|
|t:|1758288052
|move|p1a: Espeon|Psychic|p2a: Dondozo
|-damage|p2a: Dondozo|56/100
|-unboost|p2a: Dondozo|spd|1
|move|p2a: Dondozo|Liquidation|p1a: Espeon
|-damage|p1a: Espeon|0 fnt
|faint|p1a: Espeon
|
|upkeep
|
|t:|1758288060
|switch|p1a: Typhlosion|Typhlosion, M|100/100
|turn|4
|
|t:|1758288075
|-terastallize|p1a: Typhlosion|Dragon
|move|p1a: Typhlosion|Tera Blast|p2a: Dondozo|[anim] Tera Blast Dragon
|-damage|p2a: Dondozo|0 fnt
|faint|p2a: Dondozo
|
|upkeep
|
|t:|1758288084
|switch|p2a: Clefable|Clefable, M|100/100
|turn|5
|
|t:|1758288091
|switch|p1a: Scizor|Scizor, M|100/100
|move|p2a: Clefable|Moonblast|p1a: Scizor
|-resisted|p1a: Scizor
|-crit|p1a: Scizor
|-damage|p1a: Scizor|63/100
|-unboost|p1a: Scizor|spa|1
|
|upkeep
|turn|6
|
|t:|1758288099
|-terastallize|p2a: Clefable|Fire
|move|p1a: Scizor|U-turn|p2a: Clefable
|-resisted|p2a: Clefable
|-damage|p2a: Clefable|65/100
|
|t:|1758288105
|switch|p1a: Typhlosion|Typhlosion, M, tera:Dragon|100/100|[from] U-turn
|move|p2a: Clefable|Flamethrower|p1a: Typhlosion
|-start|p1a: Typhlosion|ability: Flash Fire
|
|-heal|p2a: Clefable|71/100|[from] item: Leftovers
|upkeep
|turn|7
|
|t:|1758288122
|switch|p2a: Slowking|Slowking-Galar, F|100/100
|move|p1a: Typhlosion|Tera Blast|p2a: Slowking|[anim] Tera Blast Dragon
|-damage|p2a: Slowking|65/100
|
|-heal|p2a: Slowking|72/100|[from] item: Leftovers
|upkeep
|turn|8
|
|t:|1758288134
|-end|p1a: Typhlosion|ability: Flash Fire|[silent]
|switch|p1a: Scizor|Scizor, M|63/100
|move|p2a: Slowking|Psychic Noise|p1a: Scizor
|-resisted|p1a: Scizor
|-damage|p1a: Scizor|47/100
|-start|p1a: Scizor|move: Heal Block
|
|-heal|p2a: Slowking|78/100|[from] item: Leftovers
|upkeep
|turn|9
|
|t:|1758288145
|move|p1a: Scizor|U-turn|p2a: Slowking
|-damage|p2a: Slowking|10/100
|
|t:|1758288150
|switch|p1a: Azumarill|Azumarill, F|100/100|[from] U-turn
|move|p2a: Slowking|Slack Off|p2a: Slowking
|-heal|p2a: Slowking|60/100
|
|-heal|p2a: Slowking|66/100|[from] item: Leftovers
|upkeep
|turn|10
|
|t:|1758288159
|switch|p1a: Scizor|Scizor, M|47/100
|switch|p2a: Landorus|Landorus-Therian, M|100/100
|-ability|p2a: Landorus|Intimidate|boost
|-unboost|p1a: Scizor|atk|1
|
|upkeep
|turn|11
|
|t:|1758288173
|move|p2a: Landorus|Earthquake|p1a: Scizor
|-damage|p1a: Scizor|0 fnt
|faint|p1a: Scizor
|
|upkeep
|
|t:|1758288180
|switch|p1a: Donphan|Donphan, M|100/100
|turn|12
|
|t:|1758288185
|switch|p2a: Slowking|Slowking-Galar, F|99/100
|move|p1a: Donphan|Stealth Rock|p2a: Slowking
|-sidestart|p2: Blazing567|move: Stealth Rock
|
|-heal|p2a: Slowking|100/100|[from] item: Leftovers
|upkeep
|turn|13
|
|t:|1758288193
|move|p1a: Donphan|Earthquake|p2a: Slowking
|-supereffective|p2a: Slowking
|-damage|p2a: Slowking|14/100
|move|p2a: Slowking|Psychic Noise|p1a: Donphan
|-damage|p1a: Donphan|66/100
|-start|p1a: Donphan|move: Heal Block
|
|-heal|p2a: Slowking|20/100|[from] item: Leftovers
|upkeep
|turn|14
|
|t:|1758288205
|switch|p2a: Landorus|Landorus-Therian, M|100/100
|-damage|p2a: Landorus|88/100|[from] Stealth Rock
|-ability|p2a: Landorus|Intimidate|boost
|-unboost|p1a: Donphan|atk|1
|move|p1a: Donphan|Ice Spinner|p2a: Landorus
|-supereffective|p2a: Landorus
|-damage|p2a: Landorus|18/100
|-enditem|p2a: Landorus|Sitrus Berry|[eat]
|-heal|p2a: Landorus|43/100|[from] item: Sitrus Berry
|
|-end|p1a: Donphan|move: Heal Block
|upkeep
|turn|15
|
|t:|1758288217
|move|p2a: Landorus|Earthquake|p1a: Donphan
|-damage|p1a: Donphan|34/100
|move|p1a: Donphan|Ice Spinner|p2a: Landorus
|-supereffective|p2a: Landorus
|-crit|p2a: Landorus
|-damage|p2a: Landorus|0 fnt
|faint|p2a: Landorus
|
|-heal|p1a: Donphan|40/100|[from] item: Leftovers
|upkeep
|
|t:|1758288233
|switch|p2a: Kyurem|Kyurem|100/100
|-damage|p2a: Kyurem|76/100|[from] Stealth Rock
|-ability|p2a: Kyurem|Pressure
|turn|16
|
|t:|1758288251
|move|p2a: Kyurem|Icicle Spear|p1a: Donphan
|-supereffective|p1a: Donphan
|-damage|p1a: Donphan|18/100
|-supereffective|p1a: Donphan
|-damage|p1a: Donphan|0 fnt
|faint|p1a: Donphan
|-hitcount|p1: Donphan|2
|
|upkeep
|
|t:|1758288257
|switch|p1a: Hitmontop|Hitmontop, M|100/100
|turn|17
|
|t:|1758288262
|switch|p2a: Clefable|Clefable, M, tera:Fire|71/100
|move|p1a: Hitmontop|Fake Out|p2a: Clefable
|-damage|p2a: Clefable|44/100
|-damage|p1a: Hitmontop|91/100|[from] item: Life Orb
|
|-heal|p2a: Clefable|50/100|[from] item: Leftovers
|upkeep
|turn|18
|
|t:|1758288271
|move|p1a: Hitmontop|High Jump Kick|p2a: Clefable
|-damage|p2a: Clefable|0 fnt
|faint|p2a: Clefable
|-damage|p1a: Hitmontop|81/100|[from] item: Life Orb
|
|upkeep
|
|t:|1758288277
|switch|p2a: Slowking|Slowking-Galar, F|53/100
|-damage|p2a: Slowking|41/100|[from] Stealth Rock
|turn|19
|
|t:|1758288289
|switch|p1a: Typhlosion|Typhlosion, M, tera:Dragon|100/100
|move|p2a: Slowking|Slack Off|p2a: Slowking
|-heal|p2a: Slowking|91/100
|
|-heal|p2a: Slowking|97/100|[from] item: Leftovers
|upkeep
|turn|20
|
|t:|1758288298
|move|p1a: Typhlosion|Tera Blast|p2a: Slowking|[anim] Tera Blast Dragon
|-damage|p2a: Slowking|59/100
|move|p2a: Slowking|Psychic Noise|p1a: Typhlosion
|-damage|p1a: Typhlosion|71/100
|-start|p1a: Typhlosion|move: Heal Block
|
|-heal|p2a: Slowking|65/100|[from] item: Leftovers
|upkeep
|turn|21
|
|t:|1758288308
|move|p1a: Typhlosion|Tera Blast|p2a: Slowking|[anim] Tera Blast Dragon
|-damage|p2a: Slowking|33/100
|move|p2a: Slowking|Psychic Noise|p1a: Typhlosion
|-crit|p1a: Typhlosion
|-damage|p1a: Typhlosion|29/100
|
|-heal|p2a: Slowking|39/100|[from] item: Leftovers
|-end|p1a: Typhlosion|move: Heal Block
|upkeep
|turn|22
|
|t:|1758288317
|move|p1a: Typhlosion|Tera Blast|p2a: Slowking|[anim] Tera Blast Dragon
|-damage|p2a: Slowking|1/100
|move|p2a: Slowking|Slack Off|p2a: Slowking
|-heal|p2a: Slowking|51/100
|
|-heal|p2a: Slowking|57/100|[from] item: Leftovers
|upkeep
|turn|23
|
|t:|1758288324
|move|p1a: Typhlosion|Tera Blast|p2a: Slowking|[anim] Tera Blast Dragon
|-damage|p2a: Slowking|24/100
|move|p2a: Slowking|Slack Off|p2a: Slowking
|-heal|p2a: Slowking|74/100
|
|-heal|p2a: Slowking|80/100|[from] item: Leftovers
|upkeep
|turn|24
|
|t:|1758288331
|move|p1a: Typhlosion|Tera Blast|p2a: Slowking|[anim] Tera Blast Dragon
|-damage|p2a: Slowking|47/100
|move|p2a: Slowking|Slack Off|p2a: Slowking
|-heal|p2a: Slowking|97/100
|
|-heal|p2a: Slowking|100/100|[from] item: Leftovers
|upkeep
|turn|25
|
|t:|1758288337
|move|p1a: Typhlosion|Tera Blast|p2a: Slowking|[anim] Tera Blast Dragon
|-damage|p2a: Slowking|68/100
|move|p2a: Slowking|Psychic Noise|p1a: Typhlosion
|-damage|p1a: Typhlosion|0 fnt
|faint|p1a: Typhlosion
|
|-heal|p2a: Slowking|74/100|[from] item: Leftovers
|upkeep
|
|t:|1758288348
|switch|p1a: Hitmontop|Hitmontop, M|81/100
|turn|26
|
|t:|1758288353
|move|p1a: Hitmontop|Fake Out|p2a: Slowking
|-damage|p2a: Slowking|49/100
|-damage|p1a: Hitmontop|71/100|[from] item: Life Orb
|cant|p2a: Slowking|flinch
|
|-heal|p2a: Slowking|55/100|[from] item: Leftovers
|upkeep
|turn|27
|
|t:|1758288362
|move|p1a: Hitmontop|Triple Axel|p2a: Slowking
|-damage|p2a: Slowking|42/100
|-damage|p2a: Slowking|19/100
|-damage|p2a: Slowking|0 fnt
|faint|p2a: Slowking
|-hitcount|p2: Slowking|3
|-damage|p1a: Hitmontop|61/100|[from] item: Life Orb
|
|upkeep
|
|t:|1758288373
|switch|p2a: Kyurem|Kyurem|76/100
|-damage|p2a: Kyurem|51/100|[from] Stealth Rock
|-ability|p2a: Kyurem|Pressure
|turn|28
|
|t:|1758288378
|move|p1a: Hitmontop|Mach Punch|p2a: Kyurem
|-supereffective|p2a: Kyurem
|-damage|p2a: Kyurem|0 fnt
|faint|p2a: Kyurem
|-damage|p1a: Hitmontop|51/100|[from] item: Life Orb
|
|upkeep
|
|t:|1758288383
|switch|p2a: Kingambit|Kingambit, F|100/100
|-damage|p2a: Kingambit|94/100|[from] Stealth Rock
|-activate|p2a: Kingambit|ability: Supreme Overlord
|-start|p2a: Kingambit|fallen5|[silent]
|turn|29
|
|t:|1758288392
|move|p2a: Kingambit|Sucker Punch|p1a: Hitmontop
|-resisted|p1a: Hitmontop
|-damage|p1a: Hitmontop|0 fnt
|faint|p1a: Hitmontop
|
|upkeep
|
|t:|1758288396
|switch|p1a: Azumarill|Azumarill, F|100/100
|turn|30
|
|t:|1758288403
|move|p2a: Kingambit|Sucker Punch|p1a: Azumarill
|-resisted|p1a: Azumarill
|-damage|p1a: Azumarill|67/100
|move|p1a: Azumarill|Liquidation|p2a: Kingambit
|-damage|p2a: Kingambit|59/100
|-unboost|p2a: Kingambit|def|1
|
|upkeep
|turn|31
|
|t:|1758288411
|move|p2a: Kingambit|Iron Head|p1a: Azumarill
|-damage|p1a: Azumarill|0 fnt
|faint|p1a: Azumarill
|
|win|Blazing567
|raw|LuthStar's rating: 1120 &rarr; <strong>1099</strong><br />(-21 for losing)
|raw|Blazing567's rating: 1183 &rarr; <strong>1204</strong><br />(+21 for winning)
|l|☆LuthStar
|player|p1|
|l|☆Blazing567
|player|p2|
