|j|☆DFPT174
|j|☆lilaqueenofthe7k
|t:|1758373531
|gametype|singles
|player|p1|DFPT174|shadowtriad|1327
|player|p2|lilaqueenofthe7k|elesa|1329
|gen|9
|tier|[Gen 9] OU
|rated|
|rule|HP Percentage Mod: HP is shown in percentages
|rule|Endless Battle Clause: Forcing endless battles is banned
|rule|Species Clause: Limit one of each Pokémon
|rule|OHKO Clause: OHKO moves are banned
|rule|Evasion Items Clause: Evasion items are banned
|rule|Evasion Moves Clause: Evasion moves are banned
|rule|Evasion Abilities Clause: Evasion abilities are banned
|rule|Sleep Moves Clause: Sleep-inducing moves are banned
|clearpoke
|poke|p1|Pelipper, F|
|poke|p1|Meloetta|
|poke|p1|Scizor, M|
|poke|p1|Kingdra, M|
|poke|p1|Garchomp, M|
|poke|p1|Tentacruel, F|
|poke|p2|Torkoal, F|
|poke|p2|Walking Wake|
|poke|p2|Cinderace, F|
|poke|p2|Great Tusk|
|poke|p2|Hatterene, F|
|poke|p2|Rillaboom, M|
|teampreview
|inactive|Battle timer is ON: inactive players will automatically lose when time's up. (requested by DFPT174)
|
|t:|1758373547
|teamsize|p1|6
|teamsize|p2|6
|start
|switch|p1a: Pelipper|Pelipper, F, shiny|100/100
|switch|p2a: Torkoal|Torkoal, F|100/100
|-weather|RainDance|[from] ability: Drizzle|[of] p1a: Pelipper
|-weather|SunnyDay|[from] ability: Drought|[of] p2a: Torkoal
|turn|1
|
|t:|1758373558
|move|p1a: Pelipper|U-turn|p2a: Torkoal
|-resisted|p2a: Torkoal
|-damage|p2a: Torkoal|98/100
|
|t:|1758373562
|switch|p1a: Meloetta|Meloetta|100/100|[from] U-turn
|move|p2a: Torkoal|Stealth Rock|p1a: Meloetta
|-sidestart|p1: DFPT174|move: Stealth Rock
|
|-weather|SunnyDay|[upkeep]
|upkeep
|turn|2
|
|t:|1758373575
|switch|p2a: Hatterene|Hatterene, F|100/100
|move|p1a: Meloetta|Psychic|p2a: Hatterene
|-resisted|p2a: Hatterene
|-damage|p2a: Hatterene|75/100
|-enditem|p2a: Hatterene|Eject Button
|j| Jinghan Yu
|l| Jinghan Yu
|
|t:|1758373589
|switch|p2a: Cinderace|Cinderace, F|100/100
|
|-weather|SunnyDay|[upkeep]
|upkeep
|turn|3
|
|t:|1758373598
|move|p2a: Cinderace|Gunk Shot|p1a: Meloetta
|-start|p2a: Cinderace|typechange|Poison|[from] ability: Libero
|-damage|p1a: Meloetta|24/100
|move|p1a: Meloetta|Relic Song|p2a: Cinderace
|-damage|p2a: Cinderace|45/100
|-formechange|p1a: Meloetta|Meloetta-Pirouette|[msg]
|
|-weather|SunnyDay|[upkeep]
|upkeep
|turn|4
|
|t:|1758373614
|move|p2a: Cinderace|Gunk Shot|p1a: Meloetta
|-damage|p1a: Meloetta|0 fnt
|faint|p1a: Meloetta
|
|-weather|SunnyDay|[upkeep]
|upkeep
|
|t:|1758373620
|switch|p1a: Tentacruel|Tentacruel, F, shiny|100/100
|-damage|p1a: Tentacruel|88/100|[from] Stealth Rock
|turn|5
|
|t:|1758373642
|switch|p2a: Great Tusk|Great Tusk|100/100
|-activate|p2a: Great Tusk|ability: Protosynthesis
|-start|p2a: Great Tusk|protosynthesisatk
|move|p1a: Tentacruel|Rapid Spin|p2a: Great Tusk
|-damage|p2a: Great Tusk|95/100
|-boost|p1a: Tentacruel|spe|1
|-sideend|p1: DFPT174|Stealth Rock|[from] move: Rapid Spin|[of] p1a: Tentacruel
|
|-weather|SunnyDay|[upkeep]
|-heal|p1a: Tentacruel|94/100|[from] item: Leftovers
|upkeep
|turn|6
|inactive|lilaqueenofthe7k has 120 seconds left.
|
|t:|1758373676
|switch|p1a: Pelipper|Pelipper, F, shiny|100/100
|-weather|RainDance|[from] ability: Drizzle|[of] p1a: Pelipper
|-end|p2a: Great Tusk|Protosynthesis
|-end|p2a: Great Tusk|Protosynthesis|[silent]
|switch|p2a: Torkoal|Torkoal, F|98/100
|-weather|SunnyDay|[from] ability: Drought|[of] p2a: Torkoal
|
|-weather|SunnyDay|[upkeep]
|upkeep
|turn|7
|inactive|lilaqueenofthe7k has 120 seconds left.
|
|t:|1758373691
|switch|p2a: Walking Wake|Walking Wake|100/100
|-activate|p2a: Walking Wake|ability: Protosynthesis
|-start|p2a: Walking Wake|protosynthesisspe
|move|p1a: Pelipper|U-turn|p2a: Walking Wake
|-damage|p2a: Walking Wake|91/100
|
|t:|1758373709
|switch|p1a: Tentacruel|Tentacruel, F, shiny|94/100|[from] U-turn
|
|-weather|SunnyDay|[upkeep]
|-heal|p1a: Tentacruel|100/100|[from] item: Leftovers
|upkeep
|turn|8
|
|t:|1758373717
|move|p2a: Walking Wake|Draco Meteor|p1a: Tentacruel
|-damage|p1a: Tentacruel|38/100
|-unboost|p2a: Walking Wake|spa|2
|move|p1a: Tentacruel|Knock Off|p2a: Walking Wake
|-damage|p2a: Walking Wake|75/100
|-enditem|p2a: Walking Wake|Choice Specs|[from] move: Knock Off|[of] p1a: Tentacruel
|
|-weather|SunnyDay|[upkeep]
|-heal|p1a: Tentacruel|44/100|[from] item: Leftovers
|upkeep
|turn|9
|
|t:|1758373732
|move|p2a: Walking Wake|Flip Turn|p1a: Tentacruel
|-resisted|p1a: Tentacruel
|-damage|p1a: Tentacruel|38/100
|
|t:|1758373740
|-end|p2a: Walking Wake|Protosynthesis|[silent]
|switch|p2a: Great Tusk|Great Tusk|95/100|[from] Flip Turn
|-activate|p2a: Great Tusk|ability: Protosynthesis
|-start|p2a: Great Tusk|protosynthesisatk
|move|p1a: Tentacruel|Toxic|p2a: Great Tusk
|-status|p2a: Great Tusk|tox
|
|-weather|SunnyDay|[upkeep]
|-heal|p1a: Tentacruel|44/100|[from] item: Leftovers
|-damage|p2a: Great Tusk|89/100 tox|[from] psn
|upkeep
|turn|10
|
|t:|1758373753
|switch|p1a: Garchomp|Garchomp, M, shiny|100/100
|move|p2a: Great Tusk|Headlong Rush|p1a: Garchomp
|-damage|p1a: Garchomp|50/100
|-unboost|p2a: Great Tusk|def|1
|-unboost|p2a: Great Tusk|spd|1
|-damage|p2a: Great Tusk|76/100 tox|[from] ability: Rough Skin|[of] p1a: Garchomp
|-damage|p2a: Great Tusk|60/100 tox|[from] item: Rocky Helmet|[of] p1a: Garchomp
|
|-weather|SunnyDay|[upkeep]
|-damage|p2a: Great Tusk|47/100 tox|[from] psn
|upkeep
|turn|11
|
|t:|1758373766
|move|p2a: Great Tusk|Headlong Rush|p1a: Garchomp
|-damage|p1a: Garchomp|0 fnt
|-unboost|p2a: Great Tusk|def|1
|-unboost|p2a: Great Tusk|spd|1
|-damage|p2a: Great Tusk|35/100 tox|[from] ability: Rough Skin|[of] p1a: Garchomp
|-damage|p2a: Great Tusk|19/100 tox|[from] item: Rocky Helmet|[of] p1a: Garchomp
|faint|p1a: Garchomp
|
|-weather|SunnyDay|[upkeep]
|-damage|p2a: Great Tusk|0 fnt|[from] psn
|faint|p2a: Great Tusk
|-end|p2a: Great Tusk|Protosynthesis|[silent]
|upkeep
|
|t:|1758373783
|switch|p2a: Walking Wake|Walking Wake|75/100
|switch|p1a: Kingdra|Kingdra, M, shiny|100/100
|-activate|p2a: Walking Wake|ability: Protosynthesis
|-start|p2a: Walking Wake|protosynthesisspe
|turn|12
|
|t:|1758373793
|switch|p1a: Scizor|Scizor, M, shiny|100/100
|move|p2a: Walking Wake|Draco Meteor|p1a: Scizor
|-resisted|p1a: Scizor
|-damage|p1a: Scizor|61/100
|-unboost|p2a: Walking Wake|spa|2
|
|-weather|SunnyDay|[upkeep]
|upkeep
|turn|13
|inactive|DFPT174 has 120 seconds left.
|
|t:|1758373831
|move|p2a: Walking Wake|Flamethrower|p1a: Scizor
|-supereffective|p1a: Scizor
|-damage|p1a: Scizor|0 fnt
|faint|p1a: Scizor
|
|-weather|none
|-end|p2a: Walking Wake|Protosynthesis
|upkeep
|
|t:|1758373851
|switch|p1a: Pelipper|Pelipper, F, shiny|100/100
|-weather|RainDance|[from] ability: Drizzle|[of] p1a: Pelipper
|turn|14
|
|t:|1758373859
|-end|p2a: Walking Wake|Protosynthesis|[silent]
|switch|p2a: Torkoal|Torkoal, F|98/100
|-weather|SunnyDay|[from] ability: Drought|[of] p2a: Torkoal
|move|p1a: Pelipper|Weather Ball|p2a: Torkoal
|-resisted|p2a: Torkoal
|-damage|p2a: Torkoal|78/100
|
|-weather|SunnyDay|[upkeep]
|upkeep
|turn|15
|
|t:|1758373884
|switch|p1a: Tentacruel|Tentacruel, F, shiny|44/100
|switch|p2a: Rillaboom|Rillaboom, M|100/100
|-fieldstart|move: Grassy Terrain|[from] ability: Grassy Surge|[of] p2a: Rillaboom
|
|-weather|SunnyDay|[upkeep]
|-heal|p1a: Tentacruel|51/100|[from] Grassy Terrain
|-heal|p1a: Tentacruel|57/100|[from] item: Leftovers
|upkeep
|turn|16
|
|t:|1758373896
|move|p2a: Rillaboom|Wood Hammer|p1a: Tentacruel
|-damage|p1a: Tentacruel|0 fnt
|faint|p1a: Tentacruel
|-damage|p2a: Rillaboom|82/100|[from] Recoil
|
|-weather|SunnyDay|[upkeep]
|-heal|p2a: Rillaboom|88/100|[from] Grassy Terrain
|upkeep
|
|t:|1758373905
|switch|p1a: Kingdra|Kingdra, M, shiny|100/100
|turn|17
|
|t:|1758373910
|move|p2a: Rillaboom|Wood Hammer|p1a: Kingdra
|-damage|p1a: Kingdra|0 fnt
|faint|p1a: Kingdra
|-damage|p2a: Rillaboom|60/100|[from] Recoil
|
|-weather|SunnyDay|[upkeep]
|-heal|p2a: Rillaboom|66/100|[from] Grassy Terrain
|upkeep
|-message|DFPT174 forfeited.
|
|win|lilaqueenofthe7k
|raw|DFPT174's rating: 1327 &rarr; <strong>1307</strong><br />(-20 for losing)
|raw|lilaqueenofthe7k's rating: 1329 &rarr; <strong>1349</strong><br />(+20 for winning)
|l|☆DFPT174
|player|p1|
|l|☆lilaqueenofthe7k
|player|p2|
