|j|☆Mattd2114
|j|☆Playboydj101
|t:|1758372699
|gametype|singles
|player|p1|Mattd2114|102|1307
|player|p2|Playboydj101|2|1297
|gen|9
|tier|[Gen 9] OU
|rated|
|rule|HP Percentage Mod: HP is shown in percentages
|rule|Endless Battle Clause: Forcing endless battles is banned
|rule|Species Clause: Limit one of each Pokémon
|rule|OHKO Clause: OHKO moves are banned
|rule|Evasion Items Clause: Evasion items are banned
|rule|Evasion Moves Clause: Evasion moves are banned
|rule|Evasion Abilities Clause: Evasion abilities are banned
|rule|Sleep Moves Clause: Sleep-inducing moves are banned
|clearpoke
|poke|p1|Magcargo, M|
|poke|p1|Bellibolt, M|
|poke|p1|Donphan, F|
|poke|p1|Mimikyu, M|
|poke|p1|Garchomp, F|
|poke|p1|Walking Wake|
|poke|p2|Sylveon, M|
|poke|p2|Umbreon, F|
|poke|p2|Vaporeon, M|
|poke|p2|Flareon, M|
|poke|p2|Espeon, F|
|poke|p2|Jolteon, F|
|teampreview
|inactive|Battle timer is ON: inactive players will automatically lose when time's up. (requested by Playboydj101)
|
|t:|1758372712
|teamsize|p1|6
|teamsize|p2|6
|start
|switch|p1a: Donphan|Donphan, F|100/100
|switch|p2a: Espeon|Espeon, F|100/100
|turn|1
|inactive|Playboydj101 has 120 seconds left.
|
|t:|1758372755
|move|p2a: Espeon|Trick|p1a: Donphan
|-activate|p2a: Espeon|move: Trick|[of] p1a: Donphan
|-item|p1a: Donphan|Choice Specs|[from] move: Trick
|-item|p2a: Espeon|Heavy-Duty Boots|[from] move: Trick
|move|p1a: Donphan|Earthquake|p2a: Espeon
|-damage|p2a: Espeon|0 fnt
|faint|p2a: Espeon
|
|upkeep
|
|t:|1758372765
|switch|p2a: Umbreon|Umbreon, F|100/100
|turn|2
|
|t:|1758372770
|switch|p1a: Bellibolt|Bellibolt, M, shiny|100/100
|-item|p1a: Bellibolt|Air Balloon
|move|p2a: Umbreon|Calm Mind|p2a: Umbreon
|-boost|p2a: Umbreon|spa|1
|-boost|p2a: Umbreon|spd|1
|
|upkeep
|turn|3
|inactive|Playboydj101 has 120 seconds left.
|
|t:|1758372783
|move|p2a: Umbreon|Calm Mind|p2a: Umbreon
|-boost|p2a: Umbreon|spa|1
|-boost|p2a: Umbreon|spd|1
|move|p1a: Bellibolt|Acid Spray|p2a: Umbreon
|-damage|p2a: Umbreon|97/100
|-unboost|p2a: Umbreon|spd|2
|
|-heal|p2a: Umbreon|100/100|[from] item: Leftovers
|upkeep
|turn|4
|
|t:|1758372812
|move|p2a: Umbreon|Calm Mind|p2a: Umbreon
|-boost|p2a: Umbreon|spa|1
|-boost|p2a: Umbreon|spd|1
|move|p1a: Bellibolt|Acid Spray|p2a: Umbreon
|-damage|p2a: Umbreon|95/100
|-unboost|p2a: Umbreon|spd|2
|
|-heal|p2a: Umbreon|100/100|[from] item: Leftovers
|upkeep
|turn|5
|
|t:|1758372822
|move|p2a: Umbreon|Calm Mind|p2a: Umbreon
|-boost|p2a: Umbreon|spa|1
|-boost|p2a: Umbreon|spd|1
|move|p1a: Bellibolt|Acid Spray|p2a: Umbreon
|-crit|p2a: Umbreon
|-damage|p2a: Umbreon|88/100
|-unboost|p2a: Umbreon|spd|2
|
|-heal|p2a: Umbreon|94/100|[from] item: Leftovers
|upkeep
|turn|6
|
|t:|1758372833
|move|p2a: Umbreon|Calm Mind|p2a: Umbreon
|-boost|p2a: Umbreon|spa|1
|-boost|p2a: Umbreon|spd|1
|move|p1a: Bellibolt|Parabolic Charge|p2a: Umbreon
|-damage|p2a: Umbreon|66/100
|
|-heal|p2a: Umbreon|72/100|[from] item: Leftovers
|upkeep
|turn|7
|
|t:|1758372841
|move|p2a: Umbreon|Calm Mind|p2a: Umbreon
|-boost|p2a: Umbreon|spa|1
|-boost|p2a: Umbreon|spd|1
|move|p1a: Bellibolt|Acid Spray|p2a: Umbreon
|-damage|p2a: Umbreon|64/100
|-unboost|p2a: Umbreon|spd|2
|
|-heal|p2a: Umbreon|70/100|[from] item: Leftovers
|upkeep
|turn|8
|
|t:|1758372846
|move|p2a: Umbreon|Dark Pulse|p1a: Bellibolt
|-damage|p1a: Bellibolt|33/100
|-start|p1a: Bellibolt|Charge|Dark Pulse|[from] ability: Electromorphosis
|-enditem|p1a: Bellibolt|Air Balloon
|move|p1a: Bellibolt|Parabolic Charge|p2a: Umbreon
|-damage|p2a: Umbreon|0 fnt
|-heal|p1a: Bellibolt|66/100|[from] drain|[of] p2a: Umbreon
|faint|p2a: Umbreon
|-end|p1a: Bellibolt|Charge|[silent]
|
|upkeep
|
|t:|1758372865
|switch|p2a: Flareon|Flareon, M|100/100
|turn|9
|
|t:|1758372874
|move|p2a: Flareon|Flare Blitz|p1a: Bellibolt
|-damage|p1a: Bellibolt|0 fnt
|faint|p1a: Bellibolt
|-damage|p2a: Flareon|73/100|[from] Recoil
|-damage|p2a: Flareon|63/100|[from] item: Life Orb
|
|upkeep
|
|t:|1758372877
|switch|p1a: Garchomp|Garchomp, F, shiny|100/100
|turn|10
|
|t:|1758372887
|switch|p2a: Sylveon|Sylveon, M|100/100
|move|p1a: Garchomp|Spikes|p2a: Sylveon
|-sidestart|p2: Playboydj101|Spikes
|
|upkeep
|turn|11
|inactive|Mattd2114 has 120 seconds left.
|
|t:|1758372923
|move|p1a: Garchomp|Spikes|p2a: Sylveon
|-sidestart|p2: Playboydj101|Spikes
|move|p2a: Sylveon|Calm Mind|p2a: Sylveon
|-boost|p2a: Sylveon|spa|1
|-boost|p2a: Sylveon|spd|1
|
|upkeep
|turn|12
|
|t:|1758372932
|move|p1a: Garchomp|Poison Jab|p2a: Sylveon
|-supereffective|p2a: Sylveon
|-damage|p2a: Sylveon|60/100
|move|p2a: Sylveon|Calm Mind|p2a: Sylveon
|-boost|p2a: Sylveon|spa|1
|-boost|p2a: Sylveon|spd|1
|
|-heal|p2a: Sylveon|66/100|[from] item: Leftovers
|upkeep
|turn|13
|
|t:|1758372946
|move|p1a: Garchomp|Poison Jab|p2a: Sylveon
|-supereffective|p2a: Sylveon
|-damage|p2a: Sylveon|27/100
|-status|p2a: Sylveon|psn
|move|p2a: Sylveon|Hyper Voice|p1a: Garchomp
|-supereffective|p1a: Garchomp
|-damage|p1a: Garchomp|0 fnt
|faint|p1a: Garchomp
|
|-heal|p2a: Sylveon|33/100 psn|[from] item: Leftovers
|-damage|p2a: Sylveon|21/100 psn|[from] psn
|upkeep
|
|t:|1758372952
|switch|p1a: Donphan|Donphan, F|100/100
|turn|14
|c|☆Mattd2114|Gg
|
|t:|1758372972
|move|p2a: Sylveon|Hyper Voice|p1a: Donphan
|-ability|p1a: Donphan|Sturdy
|-damage|p1a: Donphan|1/100
|move|p1a: Donphan|Stealth Rock|p2a: Sylveon
|-sidestart|p2: Playboydj101|move: Stealth Rock
|
|-heal|p2a: Sylveon|27/100 psn|[from] item: Leftovers
|-damage|p2a: Sylveon|15/100 psn|[from] psn
|upkeep
|turn|15
|
|t:|1758372981
|move|p2a: Sylveon|Wish|p2a: Sylveon
|move|p1a: Donphan|Stealth Rock||[still]
|-fail|p1a: Donphan
|
|-heal|p2a: Sylveon|21/100 psn|[from] item: Leftovers
|-damage|p2a: Sylveon|8/100 psn|[from] psn
|upkeep
|turn|16
|
|t:|1758372988
|move|p2a: Sylveon|Calm Mind|p2a: Sylveon
|-boost|p2a: Sylveon|spa|1
|-boost|p2a: Sylveon|spd|1
|move|p1a: Donphan|Stealth Rock||[still]
|-fail|p1a: Donphan
|
|-heal|p2a: Sylveon|58/100 psn|[from] move: Wish|[wisher] Sylveon
|-heal|p2a: Sylveon|64/100 psn|[from] item: Leftovers
|-damage|p2a: Sylveon|52/100 psn|[from] psn
|upkeep
|turn|17
|
|t:|1758372993
|switch|p1a: Mimikyu|Mimikyu, M|100/100
|move|p2a: Sylveon|Wish|p2a: Sylveon
|
|-heal|p2a: Sylveon|58/100 psn|[from] item: Leftovers
|-damage|p2a: Sylveon|46/100 psn|[from] psn
|upkeep
|turn|18
|
|t:|1758372998
|move|p1a: Mimikyu|Swords Dance|p1a: Mimikyu
|-boost|p1a: Mimikyu|atk|2
|move|p2a: Sylveon|Hyper Voice|p1a: Mimikyu
|-activate|p1a: Mimikyu|ability: Disguise
|-damage|p1a: Mimikyu|100/100
|detailschange|p1a: Mimikyu|Mimikyu-Busted, M
|-damage|p1a: Mimikyu|88/100|[from] pokemon: Mimikyu-Busted
|
|-heal|p2a: Sylveon|96/100 psn|[from] move: Wish|[wisher] Sylveon
|-heal|p2a: Sylveon|100/100 psn|[from] item: Leftovers
|-damage|p2a: Sylveon|88/100 psn|[from] psn
|upkeep
|turn|19
|
|t:|1758373014
|-terastallize|p1a: Mimikyu|Ghost
|move|p1a: Mimikyu|Shadow Claw|p2a: Sylveon
|-damage|p2a: Sylveon|3/100 psn
|-damage|p1a: Mimikyu|78/100|[from] item: Life Orb
|move|p2a: Sylveon|Hyper Voice|p1a: Mimikyu
|-damage|p1a: Mimikyu|0 fnt
|faint|p1a: Mimikyu
|
|-heal|p2a: Sylveon|9/100 psn|[from] item: Leftovers
|-damage|p2a: Sylveon|0 fnt|[from] psn
|faint|p2a: Sylveon
|upkeep
|
|t:|1758373040
|switch|p1a: Donphan|Donphan, F|1/100
|switch|p2a: Jolteon|Jolteon, F|100/100
|-damage|p2a: Jolteon|84/100|[from] Spikes
|-damage|p2a: Jolteon|72/100|[from] Stealth Rock
|turn|20
|
|t:|1758373045
|move|p1a: Donphan|Ice Shard|p2a: Jolteon
|-damage|p2a: Jolteon|41/100
|move|p2a: Jolteon|Shadow Ball|p1a: Donphan
|-damage|p1a: Donphan|0 fnt
|faint|p1a: Donphan
|-damage|p2a: Jolteon|31/100|[from] item: Life Orb
|
|upkeep
|
|t:|1758373050
|switch|p1a: Magcargo|Magcargo, M, shiny|100/100
|turn|21
|
|t:|1758373053
|move|p2a: Jolteon|Discharge|p1a: Magcargo
|-damage|p1a: Magcargo|21/100
|-damage|p2a: Jolteon|22/100|[from] item: Life Orb
|move|p1a: Magcargo|Ancient Power|p2a: Jolteon
|-damage|p2a: Jolteon|0 fnt
|faint|p2a: Jolteon
|
|upkeep
|
|t:|1758373061
|switch|p2a: Vaporeon|Vaporeon, M|100/100
|-damage|p2a: Vaporeon|84/100|[from] Spikes
|-damage|p2a: Vaporeon|72/100|[from] Stealth Rock
|turn|22
|
|t:|1758373065
|move|p1a: Magcargo|Ancient Power|p2a: Vaporeon
|-damage|p2a: Vaporeon|50/100
|move|p2a: Vaporeon|Scald|p1a: Magcargo
|-supereffective|p1a: Magcargo
|-damage|p1a: Magcargo|0 fnt
|faint|p1a: Magcargo
|
|-heal|p2a: Vaporeon|56/100|[from] item: Leftovers
|upkeep
|
|t:|1758373068
|switch|p1a: Walking Wake|Walking Wake|100/100
|turn|23
|
|t:|1758373072
|switch|p2a: Flareon|Flareon, M|63/100
|-damage|p2a: Flareon|47/100|[from] Spikes
|-damage|p2a: Flareon|22/100|[from] Stealth Rock
|move|p1a: Walking Wake|Dragon Pulse|p2a: Flareon
|-damage|p2a: Flareon|0 fnt
|faint|p2a: Flareon
|
|upkeep
|
|t:|1758373079
|switch|p2a: Vaporeon|Vaporeon, M|56/100
|-damage|p2a: Vaporeon|40/100|[from] Spikes
|-damage|p2a: Vaporeon|27/100|[from] Stealth Rock
|turn|24
|
|t:|1758373084
|move|p2a: Vaporeon|Protect|p2a: Vaporeon
|-singleturn|p2a: Vaporeon|Protect
|move|p1a: Walking Wake|Dragon Pulse|p2a: Vaporeon
|-activate|p2a: Vaporeon|move: Protect
|
|-heal|p2a: Vaporeon|33/100|[from] item: Leftovers
|upkeep
|turn|25
|
|t:|1758373088
|-terastallize|p2a: Vaporeon|Steel
|move|p1a: Walking Wake|Dragon Pulse|p2a: Vaporeon
|-resisted|p2a: Vaporeon
|-crit|p2a: Vaporeon
|-damage|p2a: Vaporeon|0 fnt
|faint|p2a: Vaporeon
|
|win|Mattd2114
|raw|Mattd2114's rating: 1307 &rarr; <strong>1326</strong><br />(+19 for winning)
|raw|Playboydj101's rating: 1297 &rarr; <strong>1273</strong><br />(-24 for losing)
|l|☆Playboydj101
|player|p2|
|l|☆Mattd2114
|player|p1|
