|j|☆gopiki
|j|☆RobustLoki
|t:|1758369943
|gametype|singles
|player|p1|gopiki|266|1547
|player|p2|RobustLoki|scientist|1513
|gen|9
|tier|[Gen 9] OU
|rated|
|rule|HP Percentage Mod: HP is shown in percentages
|rule|Endless Battle Clause: Forcing endless battles is banned
|rule|Species Clause: Limit one of each Pokémon
|rule|OHKO Clause: OHKO moves are banned
|rule|Evasion Items Clause: Evasion items are banned
|rule|Evasion Moves Clause: Evasion moves are banned
|rule|Evasion Abilities Clause: Evasion abilities are banned
|rule|Sleep Moves Clause: Sleep-inducing moves are banned
|clearpoke
|poke|p1|Mabosstiff, M|
|poke|p1|Moltres|
|poke|p1|Alomomola, M|
|poke|p1|Raging Bolt|
|poke|p1|Clodsire, F|
|poke|p1|Ogerpon-Wellspring, F|
|poke|p2|Araquanid, F|
|poke|p2|Cinderace, M|
|poke|p2|Empoleon, M|
|poke|p2|Serperior, M|
|poke|p2|Kingambit, M|
|poke|p2|Ogerpon, F|
|teampreview
|
|t:|1758369987
|teamsize|p1|6
|teamsize|p2|6
|start
|switch|p1a: Raging Bolt|Raging Bolt|100/100
|switch|p2a: Araquanid|Araquanid, F|100/100
|turn|1
|
|t:|1758370000
|move|p1a: Raging Bolt|Thunderbolt|p2a: Araquanid
|-supereffective|p2a: Araquanid
|-damage|p2a: Araquanid|38/100
|move|p2a: Araquanid|Sticky Web|p1a: Raging Bolt
|-sidestart|p1: gopiki|move: Sticky Web
|
|upkeep
|turn|2
|
|t:|1758370013
|move|p2a: Araquanid|Endure|p2a: Araquanid
|-singleturn|p2a: Araquanid|move: Endure
|move|p1a: Raging Bolt|Thunderbolt|p2a: Araquanid
|-supereffective|p2a: Araquanid
|-activate|p2a: Araquanid|move: Endure
|-damage|p2a: Araquanid|1/100
|
|upkeep
|turn|3
|
|t:|1758370023
|switch|p2a: Cinderace|Cinderace, M|100/100
|move|p1a: Raging Bolt|Volt Switch|p2a: Cinderace
|-damage|p2a: Cinderace|36/100
|
|t:|1758370043
|-end|p1a: Raging Bolt|Protosynthesis|[silent]
|switch|p1a: Clodsire|Clodsire, F|100/100|[from] Volt Switch
|-activate|p1a: Clodsire|move: Sticky Web
|-unboost|p1a: Clodsire|spe|1
|
|upkeep
|turn|4
|
|t:|1758370067
|move|p2a: Cinderace|U-turn|p1a: Clodsire
|-start|p2a: Cinderace|typechange|Bug|[from] ability: Libero
|-resisted|p1a: Clodsire
|-damage|p1a: Clodsire|84/100
|inactive|Battle timer is ON: inactive players will automatically lose when time's up. (requested by gopiki)
|
|t:|1758370102
|switch|p2a: Ogerpon|Ogerpon, F|100/100|[from] U-turn
|move|p1a: Clodsire|Earthquake|p2a: Ogerpon
|-resisted|p2a: Ogerpon
|-damage|p2a: Ogerpon|82/100
|
|-heal|p1a: Clodsire|90/100|[from] item: Leftovers
|upkeep
|turn|5
|
|t:|1758370112
|move|p2a: Ogerpon|U-turn|p1a: Clodsire
|-resisted|p1a: Clodsire
|-damage|p1a: Clodsire|78/100
|
|t:|1758370115
|switch|p2a: Cinderace|Cinderace, M|36/100|[from] U-turn
|move|p1a: Clodsire|Toxic|p2a: Cinderace
|-status|p2a: Cinderace|tox
|
|-heal|p1a: Clodsire|84/100|[from] item: Leftovers
|-damage|p2a: Cinderace|30/100 tox|[from] psn
|upkeep
|turn|6
|
|t:|1758370126
|move|p2a: Cinderace|Court Change|p2a: Cinderace
|-start|p2a: Cinderace|typechange|Normal|[from] ability: Libero
|-swapsideconditions
|-activate|p2a: Cinderace|move: Court Change
|move|p1a: Clodsire|Earthquake|p2a: Cinderace
|-damage|p2a: Cinderace|0 fnt
|faint|p2a: Cinderace
|
|-heal|p1a: Clodsire|90/100|[from] item: Leftovers
|upkeep
|
|t:|1758370149
|switch|p2a: Ogerpon|Ogerpon, F|82/100
|-activate|p2a: Ogerpon|move: Sticky Web
|-unboost|p2a: Ogerpon|spe|1
|-ability|p2a: Ogerpon|Defiant|boost
|-boost|p2a: Ogerpon|atk|2
|turn|7
|
|t:|1758370156
|move|p2a: Ogerpon|Ivy Cudgel|p1a: Clodsire
|-damage|p1a: Clodsire|41/100
|move|p1a: Clodsire|Toxic|p2a: Ogerpon
|-status|p2a: Ogerpon|tox
|
|-heal|p1a: Clodsire|48/100|[from] item: Leftovers
|-damage|p2a: Ogerpon|76/100 tox|[from] psn
|upkeep
|turn|8
|
|t:|1758370169
|switch|p2a: Empoleon|Empoleon, M|100/100
|-activate|p2a: Empoleon|move: Sticky Web
|-unboost|p2a: Empoleon|spe|1
|-ability|p2a: Empoleon|Competitive|boost
|-boost|p2a: Empoleon|spa|2
|switch|p1a: Moltres|Moltres|100/100
|
|upkeep
|turn|9
|
|t:|1758370180
|switch|p1a: Ogerpon|Ogerpon-Wellspring, F|100/100
|move|p2a: Empoleon|Ice Beam|p1a: Ogerpon
|-crit|p1a: Ogerpon
|-damage|p1a: Ogerpon|0 fnt
|faint|p1a: Ogerpon
|-damage|p2a: Empoleon|91/100|[from] item: Life Orb
|
|upkeep
|
|t:|1758370190
|switch|p1a: Raging Bolt|Raging Bolt|100/100
|turn|10
|inactive|RobustLoki has 120 seconds left.
|
|t:|1758370228
|-terastallize|p2a: Empoleon|Fighting
|move|p1a: Raging Bolt|Volt Switch|p2a: Empoleon
|-damage|p2a: Empoleon|53/100
|
|t:|1758370241
|-end|p1a: Raging Bolt|Protosynthesis|[silent]
|switch|p1a: Moltres|Moltres|100/100|[from] Volt Switch
|move|p2a: Empoleon|Ice Beam|p1a: Moltres
|-damage|p1a: Moltres|16/100
|-damage|p2a: Empoleon|44/100|[from] item: Life Orb
|
|upkeep
|turn|11
|
|t:|1758370254
|move|p1a: Moltres|Hurricane|p2a: Empoleon
|-supereffective|p2a: Empoleon
|-damage|p2a: Empoleon|0 fnt
|faint|p2a: Empoleon
|
|upkeep
|inactive|RobustLoki has 120 seconds left.
|inactive|RobustLoki has 90 seconds left.
|inactive|RobustLoki has 60 seconds left.
|
|t:|1758370330
|switch|p2a: Araquanid|Araquanid, F|1/100
|-activate|p2a: Araquanid|move: Sticky Web
|-unboost|p2a: Araquanid|spe|1
|turn|12
|inactive|gopiki has 120 seconds left.
|-enditem|p2a: Araquanid|Custap Berry|[eat]
|-activate|p2a: Araquanid|item: Custap Berry|[consumed]
|
|t:|1758370363
|move|p2a: Araquanid|Endeavor|p1a: Moltres
|-damage|p1a: Moltres|1/100
|move|p1a: Moltres|U-turn|p2a: Araquanid
|-damage|p2a: Araquanid|0 fnt
|faint|p2a: Araquanid
|inactive|gopiki has 120 seconds left.
|
|t:|1758370373
|switch|p1a: Clodsire|Clodsire, F|48/100|[from] U-turn
|
|-heal|p1a: Clodsire|54/100|[from] item: Leftovers
|upkeep
|
|t:|1758370378
|switch|p2a: Kingambit|Kingambit, M|100/100
|-activate|p2a: Kingambit|move: Sticky Web
|-unboost|p2a: Kingambit|spe|1
|-ability|p2a: Kingambit|Defiant|boost
|-boost|p2a: Kingambit|atk|2
|turn|13
|
|t:|1758370384
|move|p2a: Kingambit|Kowtow Cleave|p1a: Clodsire
|-damage|p1a: Clodsire|5/100
|move|p1a: Clodsire|Earthquake|p2a: Kingambit
|-supereffective|p2a: Kingambit
|-damage|p2a: Kingambit|59/100
|
|-heal|p1a: Clodsire|12/100|[from] item: Leftovers
|upkeep
|turn|14
|
|t:|1758370394
|switch|p1a: Moltres|Moltres|1/100
|move|p2a: Kingambit|Kowtow Cleave|p1a: Moltres
|-damage|p1a: Moltres|0 fnt
|faint|p1a: Moltres
|
|upkeep
|
|t:|1758370404
|switch|p1a: Raging Bolt|Raging Bolt|100/100
|turn|15
|
|t:|1758370411
|move|p1a: Raging Bolt|Thunderclap|p2a: Kingambit
|-damage|p2a: Kingambit|16/100
|move|p2a: Kingambit|Kowtow Cleave|p1a: Raging Bolt
|-damage|p1a: Raging Bolt|17/100
|
|upkeep
|turn|16
|
|t:|1758370418
|move|p2a: Kingambit|Sucker Punch|p1a: Raging Bolt
|-damage|p1a: Raging Bolt|0 fnt
|faint|p1a: Raging Bolt
|-end|p1a: Raging Bolt|Protosynthesis|[silent]
|
|upkeep
|
|t:|1758370426
|switch|p1a: Mabosstiff|Mabosstiff, M|100/100
|turn|17
|c|☆RobustLoki|bro you gotta fix your move order
|inactive|RobustLoki has 120 seconds left.
|c|☆RobustLoki|if you clicked bolt and then clap then you coulda beat this
|
|t:|1758370447
|move|p2a: Kingambit|Sucker Punch|p1a: Mabosstiff
|-resisted|p1a: Mabosstiff
|-damage|p1a: Mabosstiff|61/100
|move|p1a: Mabosstiff|Crunch|p2a: Kingambit
|-resisted|p2a: Kingambit
|-damage|p2a: Kingambit|0 fnt
|faint|p2a: Kingambit
|
|upkeep
|
|t:|1758370452
|switch|p2a: Ogerpon|Ogerpon, F|76/100 tox
|-activate|p2a: Ogerpon|move: Sticky Web
|-unboost|p2a: Ogerpon|spe|1
|-ability|p2a: Ogerpon|Defiant|boost
|-boost|p2a: Ogerpon|atk|2
|turn|18
|
|t:|1758370461
|move|p2a: Ogerpon|Ivy Cudgel|p1a: Mabosstiff
|-damage|p1a: Mabosstiff|0 fnt
|faint|p1a: Mabosstiff
|
|-damage|p2a: Ogerpon|70/100 tox|[from] psn
|upkeep
|
|t:|1758370468
|switch|p1a: Alomomola|Alomomola, M|100/100
|turn|19
|
|t:|1758370473
|-terastallize|p1a: Alomomola|Dragon
|move|p2a: Ogerpon|Ivy Cudgel|p1a: Alomomola
|-resisted|p1a: Alomomola
|-damage|p1a: Alomomola|67/100
|move|p1a: Alomomola|Wish|p1a: Alomomola
|
|-damage|p2a: Ogerpon|58/100 tox|[from] psn
|upkeep
|turn|20
|
|t:|1758370483
|move|p2a: Ogerpon|Ivy Cudgel|p1a: Alomomola
|-resisted|p1a: Alomomola
|-damage|p1a: Alomomola|31/100
|move|p1a: Alomomola|Flip Turn|p2a: Ogerpon
|-resisted|p2a: Ogerpon
|-damage|p2a: Ogerpon|48/100 tox
|c|☆RobustLoki|gg
|
|t:|1758370490
|switch|p1a: Clodsire|Clodsire, F|12/100|[from] Flip Turn
|
|-heal|p1a: Clodsire|67/100|[from] move: Wish|[wisher] Alomomola
|-heal|p1a: Clodsire|73/100|[from] item: Leftovers
|-damage|p2a: Ogerpon|30/100 tox|[from] psn
|upkeep
|turn|21
|
|t:|1758370499
|move|p2a: Ogerpon|Ivy Cudgel|p1a: Clodsire
|-damage|p1a: Clodsire|24/100
|move|p1a: Clodsire|Recover|p1a: Clodsire
|-heal|p1a: Clodsire|74/100
|
|-heal|p1a: Clodsire|80/100|[from] item: Leftovers
|-damage|p2a: Ogerpon|6/100 tox|[from] psn
|upkeep
|turn|22
|
|t:|1758370510
|move|p2a: Ogerpon|Ivy Cudgel|p1a: Clodsire
|-damage|p1a: Clodsire|30/100
|move|p1a: Clodsire|Recover|p1a: Clodsire
|-heal|p1a: Clodsire|80/100
|
|-heal|p1a: Clodsire|86/100|[from] item: Leftovers
|-damage|p2a: Ogerpon|0 fnt|[from] psn
|faint|p2a: Ogerpon
|upkeep
|
|t:|1758370514
|switch|p2a: Serperior|Serperior, M|100/100
|-activate|p2a: Serperior|move: Sticky Web
|-boost|p2a: Serperior|spe|1
|turn|23
|
|t:|1758370525
|move|p2a: Serperior|Glare|p1a: Clodsire
|-status|p1a: Clodsire|par
|move|p1a: Clodsire|Earthquake|p2a: Serperior
|-resisted|p2a: Serperior
|-damage|p2a: Serperior|85/100
|
|-heal|p2a: Serperior|91/100|[from] item: Leftovers
|-heal|p1a: Clodsire|92/100 par|[from] item: Leftovers
|upkeep
|turn|24
|
|t:|1758370535
|move|p2a: Serperior|Leaf Storm|p1a: Clodsire
|-damage|p1a: Clodsire|61/100 par
|-boost|p2a: Serperior|spa|2
|move|p1a: Clodsire|Toxic|p2a: Serperior
|-status|p2a: Serperior|tox
|
|-heal|p2a: Serperior|97/100 tox|[from] item: Leftovers
|-heal|p1a: Clodsire|67/100 par|[from] item: Leftovers
|-damage|p2a: Serperior|91/100 tox|[from] psn
|upkeep
|turn|25
|c|☆RobustLoki|gg
|
|t:|1758370545
|move|p2a: Serperior|Leaf Storm|p1a: Clodsire
|-damage|p1a: Clodsire|37/100 par
|-boost|p2a: Serperior|spa|2
|move|p1a: Clodsire|Recover|p1a: Clodsire
|-heal|p1a: Clodsire|87/100 par
|
|-heal|p2a: Serperior|97/100 tox|[from] item: Leftovers
|-heal|p1a: Clodsire|94/100 par|[from] item: Leftovers
|-damage|p2a: Serperior|85/100 tox|[from] psn
|upkeep
|turn|26
|
|t:|1758370558
|move|p2a: Serperior|Leaf Storm|p1a: Clodsire
|-damage|p1a: Clodsire|65/100 par
|-boost|p2a: Serperior|spa|2
|cant|p1a: Clodsire|par
|
|-heal|p2a: Serperior|91/100 tox|[from] item: Leftovers
|-heal|p1a: Clodsire|71/100 par|[from] item: Leftovers
|-damage|p2a: Serperior|73/100 tox|[from] psn
|upkeep
|turn|27
|
|t:|1758370569
|move|p2a: Serperior|Leaf Storm|p1a: Clodsire
|-damage|p1a: Clodsire|39/100 par
|move|p1a: Clodsire|Recover|p1a: Clodsire
|-heal|p1a: Clodsire|89/100 par
|
|-heal|p2a: Serperior|79/100 tox|[from] item: Leftovers
|-heal|p1a: Clodsire|96/100 par|[from] item: Leftovers
|-damage|p2a: Serperior|54/100 tox|[from] psn
|upkeep
|turn|28
|-message|RobustLoki forfeited.
|
|win|gopiki
|raw|gopiki's rating: 1547 &rarr; <strong>1566</strong><br />(+19 for winning)
|raw|RobustLoki's rating: 1531 &rarr; <strong>1512</strong><br />(-19 for losing)
|l|☆RobustLoki
|player|p2|
