|j|☆The Paldea Region
|j|☆DeFeNdvs
|t:|1758288860
|gametype|singles
|player|p1|The Paldea Region|emma|1420
|player|p2|DeFeNdvs|266|1397
|gen|9
|tier|[Gen 9] OU
|rated|
|rule|HP Percentage Mod: HP is shown in percentages
|rule|Endless Battle Clause: Forcing endless battles is banned
|rule|Species Clause: Limit one of each Pokémon
|rule|OHKO Clause: OHKO moves are banned
|rule|Evasion Items Clause: Evasion items are banned
|rule|Evasion Moves Clause: Evasion moves are banned
|rule|Evasion Abilities Clause: Evasion abilities are banned
|rule|Sleep Moves Clause: Sleep-inducing moves are banned
|clearpoke
|poke|p1|Veluza, F|
|poke|p1|Tornadus-Therian, M|
|poke|p1|Blissey, F|
|poke|p1|Zamazenta-*|
|poke|p1|Gliscor, F|
|poke|p1|Quaquaval, M|
|poke|p2|Alomomola, M|
|poke|p2|Gliscor, F|
|poke|p2|Corviknight, F|
|poke|p2|Clodsire, M|
|poke|p2|Slowking-Galar, F|
|poke|p2|Skeledirge, M|
|teampreview
|
|t:|1758288876
|teamsize|p1|6
|teamsize|p2|6
|start
|switch|p1a: Veluza|Veluza, F|100/100
|switch|p2a: Gliscor|Gliscor, F|100/100
|-ability|p1a: Veluza|Mold Breaker
|turn|1
|inactive|Battle timer is ON: inactive players will automatically lose when time's up. (requested by DeFeNdvs)
|
|t:|1758288889
|switch|p1a: Gliscor|Gliscor, F|100/100
|move|p2a: Gliscor|Protect||[still]
|-fail|p2a: Gliscor
|
|-status|p2a: Gliscor|tox|[from] item: Toxic Orb
|-status|p1a: Gliscor|tox|[from] item: Toxic Orb
|upkeep
|turn|2
|
|t:|1758288904
|switch|p1a: Veluza|Veluza, F|100/100
|-ability|p1a: Veluza|Mold Breaker
|move|p2a: Gliscor|U-turn|p1a: Veluza
|-supereffective|p1a: Veluza
|-damage|p1a: Veluza|61/100
|
|t:|1758288913
|switch|p2a: Alomomola|Alomomola, M|100/100|[from] U-turn
|
|upkeep
|turn|3
|
|t:|1758288922
|move|p1a: Veluza|Final Gambit|p2a: Alomomola
|-damage|p2a: Alomomola|57/100
|faint|p1a: Veluza
|move|p2a: Alomomola|Flip Turn|p1: Veluza|[notarget]
|-fail|p2a: Alomomola
|
|upkeep
|
|t:|1758288927
|switch|p1a: Blissey|Blissey, F|100/100
|turn|4
|
|t:|1758288952
|move|p1a: Blissey|Trick|p2a: Alomomola
|-activate|p1a: Blissey|move: Trick|[of] p2a: Alomomola
|-item|p2a: Alomomola|Choice Scarf|[from] move: Trick
|-item|p1a: Blissey|Assault Vest|[from] move: Trick
|move|p2a: Alomomola|Flip Turn|p1a: Blissey
|-damage|p1a: Blissey|65/100
|
|t:|1758288962
|switch|p2a: Slowking|Slowking-Galar, F|100/100|[from] Flip Turn
|
|upkeep
|turn|5
|
|t:|1758288976
|switch|p1a: Gliscor|Gliscor, F|100/100 tox
|move|p2a: Slowking|Future Sight|p1a: Gliscor
|-start|p2a: Slowking|move: Future Sight
|
|upkeep
|turn|6
|
|t:|1758288989
|switch|p2a: Alomomola|Alomomola, M|90/100
|move|p1a: Gliscor|Knock Off|p2a: Alomomola
|-damage|p2a: Alomomola|73/100
|-enditem|p2a: Alomomola|Choice Scarf|[from] move: Knock Off|[of] p1a: Gliscor
|
|upkeep
|turn|7
|
|t:|1758289001
|move|p1a: Gliscor|Toxic|p2a: Alomomola
|-status|p2a: Alomomola|tox
|move|p2a: Alomomola|Flip Turn|p1a: Gliscor
|-supereffective|p1a: Gliscor
|-damage|p1a: Gliscor|75/100 tox
|
|t:|1758289015
|switch|p2a: Gliscor|Gliscor, F|100/100 tox|[from] Flip Turn
|
|-end|p1a: Gliscor|move: Future Sight
|-damage|p1a: Gliscor|18/100 tox
|-heal|p1a: Gliscor|30/100 tox|[from] ability: Poison Heal
|upkeep
|turn|8
|
|t:|1758289025
|switch|p2a: Alomomola|Alomomola, M|100/100 tox
|move|p1a: Gliscor|Knock Off|p2a: Alomomola
|-damage|p2a: Alomomola|90/100 tox
|
|-heal|p1a: Gliscor|43/100 tox|[from] ability: Poison Heal
|-damage|p2a: Alomomola|83/100 tox|[from] psn
|upkeep
|turn|9
|
|t:|1758289034
|move|p1a: Gliscor|Protect|p1a: Gliscor
|-singleturn|p1a: Gliscor|Protect
|move|p2a: Alomomola|Ice Beam|p1a: Gliscor
|-activate|p1a: Gliscor|move: Protect
|
|-heal|p1a: Gliscor|55/100 tox|[from] ability: Poison Heal
|-damage|p2a: Alomomola|71/100 tox|[from] psn
|upkeep
|turn|10
|
|t:|1758289043
|switch|p1a: Tornadus|Tornadus-Therian, M|100/100
|move|p2a: Alomomola|Flip Turn|p1a: Tornadus
|-damage|p1a: Tornadus|77/100
|-enditem|p1a: Tornadus|Eject Button
|
|t:|1758289050
|switch|p1a: Quaquaval|Quaquaval, M|100/100
|
|-damage|p2a: Alomomola|53/100 tox|[from] psn
|upkeep
|turn|11
|
|t:|1758289065
|switch|p2a: Skeledirge|Skeledirge, M|100/100
|move|p1a: Quaquaval|Aqua Step|p2a: Skeledirge
|-supereffective|p2a: Skeledirge
|-damage|p2a: Skeledirge|48/100
|-boost|p1a: Quaquaval|spe|1
|
|-heal|p2a: Skeledirge|54/100|[from] item: Leftovers
|upkeep
|turn|12
|
|t:|1758289095
|switch|p1a: Gliscor|Gliscor, F|55/100 tox
|-terastallize|p2a: Skeledirge|Fairy
|move|p2a: Skeledirge|Will-O-Wisp||[still]
|-fail|p2a: Skeledirge
|
|-heal|p2a: Skeledirge|60/100|[from] item: Leftovers
|-heal|p1a: Gliscor|68/100 tox|[from] ability: Poison Heal
|upkeep
|turn|13
|inactive|The Paldea Region has 120 seconds left.
|
|t:|1758289111
|switch|p2a: Alomomola|Alomomola, M|86/100 tox
|move|p1a: Gliscor|Protect||[still]
|-fail|p1a: Gliscor
|
|-heal|p1a: Gliscor|80/100 tox|[from] ability: Poison Heal
|-damage|p2a: Alomomola|80/100 tox|[from] psn
|upkeep
|turn|14
|inactive|The Paldea Region has 120 seconds left.
|
|t:|1758289126
|switch|p1a: Tornadus|Tornadus-Therian, M|100/100
|move|p2a: Alomomola|Scald|p1a: Tornadus
|-damage|p1a: Tornadus|84/100
|-status|p1a: Tornadus|brn
|
|-damage|p2a: Alomomola|67/100 tox|[from] psn
|-damage|p1a: Tornadus|78/100 brn|[from] brn
|upkeep
|turn|15
|
|t:|1758289136
|move|p1a: Tornadus|Bleakwind Storm|p2a: Alomomola
|-damage|p2a: Alomomola|36/100 tox
|-unboost|p2a: Alomomola|spe|1
|move|p2a: Alomomola|Flip Turn|p1a: Tornadus
|-damage|p1a: Tornadus|56/100 brn
|
|t:|1758289144
|switch|p2a: Slowking|Slowking-Galar, F|100/100|[from] Flip Turn
|
|-damage|p1a: Tornadus|50/100 brn|[from] brn
|upkeep
|turn|16
|
|t:|1758289150
|switch|p1a: Gliscor|Gliscor, F|80/100 tox
|move|p2a: Slowking|Future Sight|p1a: Gliscor
|-start|p2a: Slowking|move: Future Sight
|
|-heal|p1a: Gliscor|93/100 tox|[from] ability: Poison Heal
|upkeep
|turn|17
|
|t:|1758289158
|switch|p2a: Alomomola|Alomomola, M|69/100 tox
|move|p1a: Gliscor|Earthquake|p2a: Alomomola
|-damage|p2a: Alomomola|43/100 tox
|
|-heal|p1a: Gliscor|100/100 tox|[from] ability: Poison Heal
|-damage|p2a: Alomomola|36/100 tox|[from] psn
|upkeep
|turn|18
|
|t:|1758289171
|switch|p2a: Gliscor|Gliscor, F|100/100 tox
|move|p1a: Gliscor|Protect||[still]
|-fail|p1a: Gliscor
|
|-end|p1a: Gliscor|move: Future Sight
|-damage|p1a: Gliscor|50/100 tox
|-heal|p1a: Gliscor|62/100 tox|[from] ability: Poison Heal
|upkeep
|turn|19
|
|t:|1758289183
|move|p1a: Gliscor|Knock Off|p2a: Gliscor
|-damage|p2a: Gliscor|83/100 tox
|-enditem|p2a: Gliscor|Toxic Orb|[from] move: Knock Off|[of] p1a: Gliscor
|move|p2a: Gliscor|U-turn|p1a: Gliscor
|-resisted|p1a: Gliscor
|-damage|p1a: Gliscor|57/100 tox
|
|t:|1758289197
|switch|p2a: Alomomola|Alomomola, M|70/100 tox|[from] U-turn
|
|-heal|p1a: Gliscor|69/100 tox|[from] ability: Poison Heal
|-damage|p2a: Alomomola|64/100 tox|[from] psn
|upkeep
|turn|20
|
|t:|1758289204
|switch|p1a: Tornadus|Tornadus-Therian, M|83/100 brn
|move|p2a: Alomomola|Flip Turn|p1a: Tornadus
|-damage|p1a: Tornadus|60/100 brn
|
|t:|1758289212
|switch|p2a: Skeledirge|Skeledirge, M, tera:Fairy|60/100|[from] Flip Turn
|
|-heal|p2a: Skeledirge|66/100|[from] item: Leftovers
|-damage|p1a: Tornadus|54/100 brn|[from] brn
|upkeep
|turn|21
|
|t:|1758289228
|switch|p1a: Gliscor|Gliscor, F|69/100 tox
|move|p2a: Skeledirge|Slack Off|p2a: Skeledirge
|-heal|p2a: Skeledirge|100/100
|
|-heal|p1a: Gliscor|82/100 tox|[from] ability: Poison Heal
|upkeep
|turn|22
|
|t:|1758289238
|switch|p2a: Gliscor|Gliscor, F|83/100 tox
|move|p1a: Gliscor|Toxic|p2a: Gliscor|[miss]
|-miss|p1a: Gliscor|p2a: Gliscor
|
|-heal|p1a: Gliscor|94/100 tox|[from] ability: Poison Heal
|-heal|p2a: Gliscor|96/100 tox|[from] ability: Poison Heal
|upkeep
|turn|23
|
|t:|1758289246
|switch|p1a: Tornadus|Tornadus-Therian, M|87/100 brn
|move|p2a: Gliscor|U-turn|p1a: Tornadus
|-resisted|p1a: Tornadus
|-damage|p1a: Tornadus|76/100 brn
|
|t:|1758289252
|switch|p2a: Slowking|Slowking-Galar, F|100/100|[from] U-turn
|
|-damage|p1a: Tornadus|70/100 brn|[from] brn
|upkeep
|turn|24
|
|t:|1758289268
|switch|p1a: Quaquaval|Quaquaval, M|100/100
|move|p2a: Slowking|Future Sight|p1a: Quaquaval
|-start|p2a: Slowking|move: Future Sight
|
|upkeep
|turn|25
|
|t:|1758289288
|switch|p1a: Gliscor|Gliscor, F|94/100 tox
|move|p2a: Slowking|Psyshock|p1a: Gliscor
|-damage|p1a: Gliscor|63/100 tox
|
|-heal|p1a: Gliscor|75/100 tox|[from] ability: Poison Heal
|upkeep
|turn|26
|
|t:|1758289298
|switch|p1a: Tornadus|Tornadus-Therian, M|100/100 brn
|move|p2a: Slowking|Psyshock|p1a: Tornadus
|-crit|p1a: Tornadus
|-damage|p1a: Tornadus|14/100 brn
|
|-end|p1a: Tornadus|move: Future Sight
|-damage|p1a: Tornadus|0 fnt
|faint|p1a: Tornadus
|upkeep
|
|t:|1758289307
|switch|p1a: Quaquaval|Quaquaval, M|100/100
|turn|27
|-message|The Paldea Region forfeited.
|
|win|DeFeNdvs
|raw|The Paldea Region's rating: 1420 &rarr; <strong>1399</strong><br />(-21 for losing)
|raw|DeFeNdvs's rating: 1397 &rarr; <strong>1418</strong><br />(+21 for winning)
|c|☆The Paldea Region|gg
|l|☆DeFeNdvs
|player|p2|
