|j|☆Zavanna
|j|☆Oberon100
|t:|1758284298
|gametype|singles
|player|p1|Zavanna|169|1138
|player|p2|Oberon100|nurse|1125
|gen|9
|tier|[Gen 9] OU
|rated|
|rule|HP Percentage Mod: HP is shown in percentages
|rule|Endless Battle Clause: Forcing endless battles is banned
|rule|Species Clause: Limit one of each Pokémon
|rule|OHKO Clause: OHKO moves are banned
|rule|Evasion Items Clause: Evasion items are banned
|rule|Evasion Moves Clause: Evasion moves are banned
|rule|Evasion Abilities Clause: Evasion abilities are banned
|rule|Sleep Moves Clause: Sleep-inducing moves are banned
|clearpoke
|poke|p1|Vaporeon, M|
|poke|p1|Incineroar, M|
|poke|p1|Rillaboom, F|
|poke|p1|Landorus-Therian, M|
|poke|p1|Iron Crown|
|poke|p1|Weezing-Galar, F|
|poke|p2|Alomomola, F|
|poke|p2|Blissey, F|
|poke|p2|Enamorus, F|
|poke|p2|Latias, F|
|poke|p2|Comfey, F|
|poke|p2|Clefable, F|
|teampreview
|
|t:|1758284319
|teamsize|p1|6
|teamsize|p2|6
|start
|switch|p1a: Landorus|Landorus-Therian, M|100/100
|switch|p2a: Latias|Latias, F|100/100
|-ability|p1a: Landorus|Intimidate|boost
|-unboost|p2a: Latias|atk|1
|turn|1
|inactive|Battle timer is ON: inactive players will automatically lose when time's up. (requested by Zavanna)
|
|t:|1758284330
|move|p2a: Latias|Surf|p1a: Landorus
|-supereffective|p1a: Landorus
|-damage|p1a: Landorus|16/100
|move|p1a: Landorus|U-turn|p2a: Latias
|-supereffective|p2a: Latias
|-damage|p2a: Latias|49/100
|
|t:|1758284335
|switch|p1a: Vaporeon|Vaporeon, M|100/100|[from] U-turn
|
|upkeep
|turn|2
|
|t:|1758284344
|switch|p2a: Blissey|Blissey, F|100/100
|move|p1a: Vaporeon|Calm Mind|p1a: Vaporeon
|-boost|p1a: Vaporeon|spa|1
|-boost|p1a: Vaporeon|spd|1
|
|upkeep
|turn|3
|
|t:|1758284353
|move|p1a: Vaporeon|Scald|p2a: Blissey
|-damage|p2a: Blissey|84/100
|-status|p2a: Blissey|brn
|move|p2a: Blissey|Stealth Rock|p1a: Vaporeon
|-sidestart|p1: Zavanna|move: Stealth Rock
|
|-damage|p2a: Blissey|78/100 brn|[from] brn
|upkeep
|turn|4
|
|t:|1758284364
|move|p1a: Vaporeon|Calm Mind|p1a: Vaporeon
|-boost|p1a: Vaporeon|spa|1
|-boost|p1a: Vaporeon|spd|1
|move|p2a: Blissey|Seismic Toss|p1a: Vaporeon
|-damage|p1a: Vaporeon|76/100
|
|-damage|p2a: Blissey|71/100 brn|[from] brn
|upkeep
|turn|5
|
|t:|1758284372
|move|p1a: Vaporeon|Ice Beam|p2a: Blissey
|-damage|p2a: Blissey|52/100 brn
|move|p2a: Blissey|Heal Bell|p2a: Blissey
|-activate|p2a: Blissey|move: Heal Bell
|-curestatus|p2a: Blissey|brn|[msg]
|
|upkeep
|turn|6
|
|t:|1758284380
|move|p1a: Vaporeon|Scald|p2a: Blissey
|-crit|p2a: Blissey
|-damage|p2a: Blissey|18/100
|move|p2a: Blissey|Soft-Boiled|p2a: Blissey
|-heal|p2a: Blissey|68/100
|
|upkeep
|turn|7
|
|t:|1758284387
|move|p1a: Vaporeon|Scald|p2a: Blissey
|-damage|p2a: Blissey|45/100
|-status|p2a: Blissey|brn
|move|p2a: Blissey|Seismic Toss|p1a: Vaporeon
|-damage|p1a: Vaporeon|51/100
|
|-damage|p2a: Blissey|38/100 brn|[from] brn
|upkeep
|turn|8
|
|t:|1758284403
|-curestatus|p2a: Blissey|brn|[from] ability: Natural Cure
|switch|p2a: Comfey|Comfey, F|100/100
|move|p1a: Vaporeon|Calm Mind|p1a: Vaporeon
|-boost|p1a: Vaporeon|spa|1
|-boost|p1a: Vaporeon|spd|1
|
|upkeep
|turn|9
|
|t:|1758284415
|move|p2a: Comfey|Leech Seed|p1a: Vaporeon|[miss]
|-miss|p2a: Comfey|p1a: Vaporeon
|move|p1a: Vaporeon|Scald|p2a: Comfey
|-damage|p2a: Comfey|12/100
|
|upkeep
|turn|10
|
|t:|1758284425
|move|p2a: Comfey|Giga Drain|p1a: Vaporeon
|-supereffective|p1a: Vaporeon
|-damage|p1a: Vaporeon|37/100
|-heal|p2a: Comfey|24/100|[from] drain|[of] p1a: Vaporeon
|-damage|p2a: Comfey|14/100|[from] item: Life Orb
|move|p1a: Vaporeon|Scald|p2a: Comfey
|-damage|p2a: Comfey|0 fnt
|faint|p2a: Comfey
|
|upkeep
|
|t:|1758284440
|switch|p2a: Latias|Latias, F|49/100
|turn|11
|
|t:|1758284448
|move|p2a: Latias|Mist Ball|p1a: Vaporeon
|-damage|p1a: Vaporeon|14/100
|move|p1a: Vaporeon|Ice Beam|p2a: Latias
|-supereffective|p2a: Latias
|-damage|p2a: Latias|0 fnt
|faint|p2a: Latias
|
|upkeep
|
|t:|1758284457
|switch|p2a: Enamorus|Enamorus, F|100/100
|turn|12
|-enditem|p1a: Vaporeon|Custap Berry|[eat]
|-activate|p1a: Vaporeon|item: Custap Berry|[consumed]
|
|t:|1758284461
|move|p1a: Vaporeon|Ice Beam|p2a: Enamorus
|-supereffective|p2a: Enamorus
|-damage|p2a: Enamorus|0 fnt
|faint|p2a: Enamorus
|
|upkeep
|-message|Oberon100 forfeited.
|
|win|Zavanna
|raw|Zavanna's rating: 1138 &rarr; <strong>1162</strong><br />(+24 for winning)
|raw|Oberon100's rating: 1125 &rarr; <strong>1101</strong><br />(-24 for losing)
|l|☆Oberon100
|player|p2|
|l|☆Zavanna
|player|p1|
