|j|☆Celestial_dubkun
|j|☆Thibault56
|t:|1758356031
|gametype|singles
|player|p1|Celestial_dubkun|hiker-gen4|1632
|player|p2|Thibault56|acetrainer|1736
|gen|9
|tier|[Gen 9] OU
|rated|
|rule|HP Percentage Mod: HP is shown in percentages
|rule|Endless Battle Clause: Forcing endless battles is banned
|rule|Species Clause: Limit one of each Pokémon
|rule|OHKO Clause: OHKO moves are banned
|rule|Evasion Items Clause: Evasion items are banned
|rule|Evasion Moves Clause: Evasion moves are banned
|rule|Evasion Abilities Clause: Evasion abilities are banned
|rule|Sleep Moves Clause: Sleep-inducing moves are banned
|clearpoke
|poke|p1|Toxapex, M|
|poke|p1|Goodra-Hisui, F|
|poke|p1|Corviknight, M|
|poke|p1|Great Tusk|
|poke|p1|Enamorus, F|
|poke|p1|Darkrai|
|poke|p2|Clodsire, F|
|poke|p2|Pelipper, F|
|poke|p2|Barraskewda, M|
|poke|p2|Zapdos|
|poke|p2|Corviknight, F|
|poke|p2|Incineroar, F|
|teampreview
|
|t:|1758356043
|teamsize|p1|6
|teamsize|p2|6
|start
|switch|p1a: Enamorus|Enamorus, F|100/100
|switch|p2a: Incineroar|Incineroar, F|100/100
|-ability|p2a: Incineroar|Intimidate|boost
|-boost|p1a: Enamorus|atk|1
|turn|1
|inactive|Battle timer is ON: inactive players will automatically lose when time's up. (requested by Thibault56)
|
|t:|1758356051
|switch|p2a: Clodsire|Clodsire, F|100/100
|move|p1a: Enamorus|Moonblast|p2a: Clodsire
|-resisted|p2a: Clodsire
|-damage|p2a: Clodsire|80/100
|
|-heal|p2a: Clodsire|86/100|[from] item: Leftovers
|upkeep
|turn|2
|
|t:|1758356058
|switch|p1a: Corviknight|Corviknight, M|100/100
|-ability|p1a: Corviknight|Pressure
|move|p2a: Clodsire|Toxic|p1a: Corviknight
|-immune|p1a: Corviknight
|
|-heal|p2a: Clodsire|92/100|[from] item: Leftovers
|upkeep
|turn|3
|
|t:|1758356062
|switch|p2a: Pelipper|Pelipper, F|100/100
|-weather|RainDance|[from] ability: Drizzle|[of] p2a: Pelipper
|move|p1a: Corviknight|U-turn|p2a: Pelipper
|-resisted|p2a: Pelipper
|-damage|p2a: Pelipper|93/100
|
|t:|1758356065
|switch|p1a: Enamorus|Enamorus, F|100/100|[from] U-turn
|
|-weather|RainDance|[upkeep]
|upkeep
|turn|4
|
|t:|1758356070
|switch|p2a: Clodsire|Clodsire, F|92/100
|move|p1a: Enamorus|Psychic|p2a: Clodsire
|-supereffective|p2a: Clodsire
|-damage|p2a: Clodsire|43/100
|
|-weather|RainDance|[upkeep]
|-heal|p2a: Clodsire|49/100|[from] item: Leftovers
|upkeep
|turn|5
|
|t:|1758356080
|switch|p1a: Great Tusk|Great Tusk|100/100
|switch|p2a: Incineroar|Incineroar, F|100/100
|-ability|p2a: Incineroar|Intimidate|boost
|-unboost|p1a: Great Tusk|atk|1
|
|-weather|RainDance|[upkeep]
|upkeep
|turn|6
|
|t:|1758356096
|-end|p1a: Great Tusk|Protosynthesis|[silent]
|switch|p1a: Enamorus|Enamorus, F|100/100
|switch|p2a: Zapdos|Zapdos|100/100
|
|-weather|RainDance|[upkeep]
|upkeep
|turn|7
|
|t:|1758356101
|-terastallize|p1a: Enamorus|Fairy
|move|p1a: Enamorus|Moonblast|p2a: Zapdos
|-damage|p2a: Zapdos|0 fnt
|faint|p2a: Zapdos
|
|-weather|RainDance|[upkeep]
|upkeep
|
|t:|1758356105
|switch|p2a: Barraskewda|Barraskewda, M|100/100
|turn|8
|
|t:|1758356108
|switch|p1a: Toxapex|Toxapex, M|100/100
|-terastallize|p2a: Barraskewda|Water
|move|p2a: Barraskewda|Liquidation|p1a: Toxapex
|-resisted|p1a: Toxapex
|-damage|p1a: Toxapex|52/100
|
|-weather|RainDance|[upkeep]
|-heal|p1a: Toxapex|59/100|[from] item: Leftovers
|upkeep
|turn|9
|
|t:|1758356125
|switch|p2a: Clodsire|Clodsire, F|49/100
|move|p1a: Toxapex|Recover|p1a: Toxapex
|-heal|p1a: Toxapex|100/100
|
|-weather|RainDance|[upkeep]
|-heal|p2a: Clodsire|55/100|[from] item: Leftovers
|upkeep
|turn|10
|
|t:|1758356130
|switch|p1a: Great Tusk|Great Tusk|100/100
|move|p2a: Clodsire|Recover|p2a: Clodsire
|-heal|p2a: Clodsire|100/100
|
|-weather|none
|upkeep
|turn|11
|
|t:|1758356143
|-end|p1a: Great Tusk|Protosynthesis|[silent]
|switch|p1a: Enamorus|Enamorus, F, tera:Fairy|100/100
|switch|p2a: Pelipper|Pelipper, F|93/100
|-weather|RainDance|[from] ability: Drizzle|[of] p2a: Pelipper
|
|-weather|RainDance|[upkeep]
|upkeep
|turn|12
|
|t:|1758356147
|move|p1a: Enamorus|Moonblast|p2a: Pelipper
|-damage|p2a: Pelipper|0 fnt
|faint|p2a: Pelipper
|
|-weather|RainDance|[upkeep]
|upkeep
|
|t:|1758356151
|switch|p2a: Barraskewda|Barraskewda, M, tera:Water|100/100
|turn|13
|
|t:|1758356158
|switch|p1a: Toxapex|Toxapex, M|100/100
|move|p2a: Barraskewda|Liquidation|p1a: Toxapex
|-resisted|p1a: Toxapex
|-damage|p1a: Toxapex|56/100
|
|-weather|RainDance|[upkeep]
|-heal|p1a: Toxapex|62/100|[from] item: Leftovers
|upkeep
|turn|14
|
|t:|1758356165
|move|p2a: Barraskewda|Liquidation|p1a: Toxapex
|-resisted|p1a: Toxapex
|-damage|p1a: Toxapex|15/100
|move|p1a: Toxapex|Recover|p1a: Toxapex
|-heal|p1a: Toxapex|65/100
|
|-weather|RainDance|[upkeep]
|-heal|p1a: Toxapex|72/100|[from] item: Leftovers
|upkeep
|turn|15
|
|t:|1758356173
|move|p2a: Barraskewda|Liquidation|p1a: Toxapex
|-resisted|p1a: Toxapex
|-damage|p1a: Toxapex|23/100
|move|p1a: Toxapex|Recover|p1a: Toxapex
|-heal|p1a: Toxapex|73/100
|
|-weather|RainDance|[upkeep]
|-heal|p1a: Toxapex|79/100|[from] item: Leftovers
|upkeep
|turn|16
|
|t:|1758356181
|move|p2a: Barraskewda|Liquidation|p1a: Toxapex
|-resisted|p1a: Toxapex
|-damage|p1a: Toxapex|35/100
|move|p1a: Toxapex|Recover|p1a: Toxapex
|-heal|p1a: Toxapex|85/100
|
|-weather|RainDance|[upkeep]
|-heal|p1a: Toxapex|92/100|[from] item: Leftovers
|upkeep
|turn|17
|
|t:|1758356185
|move|p2a: Barraskewda|Liquidation|p1a: Toxapex
|-resisted|p1a: Toxapex
|-damage|p1a: Toxapex|50/100
|move|p1a: Toxapex|Recover|p1a: Toxapex
|-heal|p1a: Toxapex|99/100
|
|-weather|RainDance|[upkeep]
|-heal|p1a: Toxapex|100/100|[from] item: Leftovers
|upkeep
|turn|18
|
|t:|1758356190
|move|p2a: Barraskewda|Liquidation|p1a: Toxapex
|-resisted|p1a: Toxapex
|-damage|p1a: Toxapex|56/100
|move|p1a: Toxapex|Infestation|p2a: Barraskewda
|-damage|p2a: Barraskewda|94/100
|-activate|p2a: Barraskewda|move: Infestation|[of] p1a: Toxapex
|
|-weather|none
|-heal|p1a: Toxapex|62/100|[from] item: Leftovers
|-damage|p2a: Barraskewda|81/100|[from] move: Infestation|[partiallytrapped]
|upkeep
|turn|19
|
|t:|1758356195
|move|p2a: Barraskewda|Liquidation|p1a: Toxapex
|-resisted|p1a: Toxapex
|-damage|p1a: Toxapex|34/100
|move|p1a: Toxapex|Toxic|p2a: Barraskewda
|-status|p2a: Barraskewda|tox
|
|-heal|p1a: Toxapex|40/100|[from] item: Leftovers
|-damage|p2a: Barraskewda|75/100 tox|[from] psn
|-damage|p2a: Barraskewda|63/100 tox|[from] move: Infestation|[partiallytrapped]
|upkeep
|turn|20
|-message|Thibault56 forfeited.
|
|win|Celestial_dubkun
|raw|Celestial_dubkun's rating: 1632 &rarr; <strong>1658</strong><br />(+26 for winning)
|raw|Thibault56's rating: 1736 &rarr; <strong>1710</strong><br />(-26 for losing)
|l|☆Thibault56
|player|p2|
|l|☆Celestial_dubkun
|player|p1|
