|j|☆federal government
|j|☆GlueLicker
|inactive|Battle timer is ON: inactive players will automatically lose when time's up.
|t:|1758311203
|gametype|singles
|player|p1|federal government|169|
|player|p2|GlueLicker|harlequin|
|gen|9
|tier|[Gen 9] OU
|rated|Tournament battle
|rule|HP Percentage Mod: HP is shown in percentages
|rule|Endless Battle Clause: Forcing endless battles is banned
|rule|Species Clause: Limit one of each Pokémon
|rule|OHKO Clause: OHKO moves are banned
|rule|Evasion Items Clause: Evasion items are banned
|rule|Evasion Moves Clause: Evasion moves are banned
|rule|Evasion Abilities Clause: Evasion abilities are banned
|rule|Sleep Moves Clause: Sleep-inducing moves are banned
|clearpoke
|poke|p1|Kyurem|
|poke|p1|Corviknight, F|
|poke|p1|Zamazenta-*|
|poke|p1|Rillaboom, F|
|poke|p1|Gholdengo|
|poke|p1|Deoxys-Speed|
|poke|p2|Ogerpon, F|
|poke|p2|Raging Bolt|
|poke|p2|Tinkaton, F|
|poke|p2|Garchomp, M|
|poke|p2|Slowking-Galar, F|
|poke|p2|Corviknight, F|
|teampreview
|j|*Lady Monita ☀
|
|t:|1758311215
|teamsize|p1|6
|teamsize|p2|6
|start
|switch|p1a: Deoxys|Deoxys-Speed|100/100
|switch|p2a: Tinkaton|Tinkaton, F|100/100
|-ability|p1a: Deoxys|Pressure
|-item|p2a: Tinkaton|Air Balloon
|turn|1
|j| Albrtix
|
|t:|1758311221
|move|p1a: Deoxys|Taunt|p2a: Tinkaton
|-start|p2a: Tinkaton|move: Taunt
|move|p2a: Tinkaton|Knock Off|p1a: Deoxys
|-supereffective|p1a: Deoxys
|-crit|p1a: Deoxys
|-damage|p1a: Deoxys|40/100
|-enditem|p1a: Deoxys|Focus Sash|[from] move: Knock Off|[of] p2a: Tinkaton
|
|upkeep
|turn|2
|j|#theironpikachu
|
|t:|1758311229
|move|p1a: Deoxys|Spikes|p2a: Tinkaton
|-sidestart|p2: GlueLicker|Spikes
|move|p2a: Tinkaton|Gigaton Hammer|p1a: Deoxys
|-damage|p1a: Deoxys|0 fnt
|faint|p1a: Deoxys
|
|upkeep
|l|#theironpikachu
|
|t:|1758311241
|switch|p1a: Zamazenta|Zamazenta|100/100
|-ability|p1a: Zamazenta|Dauntless Shield|boost
|-boost|p1a: Zamazenta|def|1
|turn|3
|
|t:|1758311251
|switch|p2a: Corviknight|Corviknight, F|100/100
|-ability|p2a: Corviknight|Pressure
|move|p1a: Zamazenta|Close Combat|p2a: Corviknight
|-damage|p2a: Corviknight|36/100
|-unboost|p1a: Zamazenta|def|1
|-unboost|p1a: Zamazenta|spd|1
|-damage|p1a: Zamazenta|84/100|[from] item: Rocky Helmet|[of] p2a: Corviknight
|
|upkeep
|turn|4
|
|t:|1758311260
|switch|p1a: Gholdengo|Gholdengo|100/100
|switch|p2a: Slowking|Slowking-Galar, F|100/100
|-damage|p2a: Slowking|88/100|[from] Spikes
|
|upkeep
|turn|5
|
|t:|1758311267
|move|p1a: Gholdengo|Shadow Ball|p2a: Slowking
|-supereffective|p2a: Slowking
|-damage|p2a: Slowking|34/100
|-prepare|p2a: Slowking|Chilly Reception|[premajor]
|move|p2a: Slowking|Chilly Reception|p2a: Slowking
|-weather|Snowscape
|
|t:|1758311286
|switch|p2a: Ogerpon|Ogerpon, F|100/100|[from] Chilly Reception
|-damage|p2a: Ogerpon|88/100|[from] Spikes
|
|-weather|Snowscape|[upkeep]
|upkeep
|turn|6
|
|t:|1758311293
|switch|p1a: Corviknight|Corviknight, F|100/100
|-ability|p1a: Corviknight|Unnerve
|move|p2a: Ogerpon|Knock Off|p1a: Corviknight
|-damage|p1a: Corviknight|73/100
|-damage|p2a: Ogerpon|72/100|[from] item: Rocky Helmet|[of] p1a: Corviknight
|-enditem|p1a: Corviknight|Rocky Helmet|[from] move: Knock Off|[of] p2a: Ogerpon
|
|-weather|Snowscape|[upkeep]
|upkeep
|turn|7
|
|t:|1758311297
|switch|p2a: Corviknight|Corviknight, F|36/100
|-ability|p2a: Corviknight|Pressure
|move|p1a: Corviknight|U-turn|p2a: Corviknight
|-resisted|p2a: Corviknight
|-damage|p2a: Corviknight|34/100
|-damage|p1a: Corviknight|56/100|[from] item: Rocky Helmet|[of] p2a: Corviknight
|
|t:|1758311302
|switch|p1a: Kyurem|Kyurem|100/100|[from] U-turn
|-ability|p1a: Kyurem|Pressure
|
|-weather|Snowscape|[upkeep]
|upkeep
|turn|8
|
|t:|1758311308
|switch|p2a: Tinkaton|Tinkaton, F|100/100
|-item|p2a: Tinkaton|Air Balloon
|move|p1a: Kyurem|Ice Beam|p2a: Tinkaton
|-resisted|p2a: Tinkaton
|-damage|p2a: Tinkaton|72/100
|-enditem|p2a: Tinkaton|Air Balloon
|
|-weather|Snowscape|[upkeep]
|upkeep
|turn|9
|
|t:|1758311318
|switch|p1a: Gholdengo|Gholdengo|100/100
|move|p2a: Tinkaton|Stealth Rock|p1a: Gholdengo
|-sidestart|p1: federal government|move: Stealth Rock
|
|-weather|none
|upkeep
|turn|10
|
|t:|1758311332
|move|p2a: Tinkaton|Knock Off|p1a: Gholdengo
|-supereffective|p1a: Gholdengo
|-damage|p1a: Gholdengo|66/100
|-enditem|p1a: Gholdengo|Leftovers|[from] move: Knock Off|[of] p2a: Tinkaton
|move|p1a: Gholdengo|Make It Rain|p2a: Tinkaton
|-damage|p2a: Tinkaton|24/100
|-unboost|p1a: Gholdengo|spa|1
|
|upkeep
|turn|11
|j| Le Lioness
|
|t:|1758311346
|switch|p2a: Raging Bolt|Raging Bolt|100/100
|-damage|p2a: Raging Bolt|88/100|[from] Spikes
|move|p1a: Gholdengo|Make It Rain|p2a: Raging Bolt
|-resisted|p2a: Raging Bolt
|-damage|p2a: Raging Bolt|71/100
|-unboost|p1a: Gholdengo|spa|1
|
|upkeep
|turn|12
|
|t:|1758311351
|move|p2a: Raging Bolt|Volt Switch|p1a: Gholdengo
|-damage|p1a: Gholdengo|21/100
|
|t:|1758311355
|-end|p2a: Raging Bolt|Protosynthesis|[silent]
|switch|p2a: Slowking|Slowking-Galar, F|68/100|[from] Volt Switch
|-damage|p2a: Slowking|55/100|[from] Spikes
|move|p1a: Gholdengo|Recover|p1a: Gholdengo
|-heal|p1a: Gholdengo|71/100
|
|upkeep
|turn|13
|
|t:|1758311361
|move|p1a: Gholdengo|Recover|p1a: Gholdengo
|-heal|p1a: Gholdengo|100/100
|move|p2a: Slowking|Future Sight|p1a: Gholdengo
|-start|p2a: Slowking|move: Future Sight
|
|upkeep
|turn|14
|
|t:|1758311365
|move|p1a: Gholdengo|Nasty Plot|p1a: Gholdengo
|-boost|p1a: Gholdengo|spa|2
|-prepare|p2a: Slowking|Chilly Reception|[premajor]
|move|p2a: Slowking|Chilly Reception|p2a: Slowking
|-weather|Snowscape
|
|t:|1758311368
|switch|p2a: Garchomp|Garchomp, M|100/100|[from] Chilly Reception
|-damage|p2a: Garchomp|88/100|[from] Spikes
|
|-weather|Snowscape|[upkeep]
|upkeep
|turn|15
|
|t:|1758311374
|switch|p1a: Corviknight|Corviknight, F|56/100
|-ability|p1a: Corviknight|Unnerve
|-damage|p1a: Corviknight|44/100|[from] Stealth Rock
|move|p2a: Garchomp|Earthquake|p1a: Corviknight
|-immune|p1a: Corviknight
|
|-weather|Snowscape|[upkeep]
|-end|p1a: Corviknight|move: Future Sight
|-resisted|p1a: Corviknight
|-damage|p1a: Corviknight|24/100
|upkeep
|turn|16
|
|t:|1758311378
|move|p2a: Garchomp|Fire Fang|p1a: Corviknight
|-supereffective|p1a: Corviknight
|-damage|p1a: Corviknight|0 fnt
|faint|p1a: Corviknight
|
|-weather|Snowscape|[upkeep]
|upkeep
|
|t:|1758311390
|switch|p1a: Zamazenta|Zamazenta|84/100
|-damage|p1a: Zamazenta|78/100|[from] Stealth Rock
|turn|17
|
|t:|1758311403
|move|p1a: Zamazenta|Crunch|p2a: Garchomp
|-damage|p2a: Garchomp|42/100
|-damage|p1a: Zamazenta|65/100|[from] ability: Rough Skin|[of] p2a: Garchomp
|move|p2a: Garchomp|Scale Shot|p1a: Zamazenta
|-damage|p1a: Zamazenta|53/100
|-damage|p1a: Zamazenta|40/100
|-crit|p1a: Zamazenta
|-damage|p1a: Zamazenta|21/100
|-damage|p1a: Zamazenta|9/100
|-damage|p1a: Zamazenta|0 fnt
|faint|p1a: Zamazenta
|-hitcount|p1: Zamazenta|5
|-unboost|p2a: Garchomp|def|1
|-boost|p2a: Garchomp|spe|1
|
|-weather|Snowscape|[upkeep]
|upkeep
|
|t:|1758311408
|switch|p1a: Rillaboom|Rillaboom, F|100/100
|-damage|p1a: Rillaboom|88/100|[from] Stealth Rock
|-fieldstart|move: Grassy Terrain|[from] ability: Grassy Surge|[of] p1a: Rillaboom
|turn|18
|
|t:|1758311416
|switch|p2a: Slowking|Slowking-Galar, F|88/100
|-damage|p2a: Slowking|76/100|[from] Spikes
|move|p1a: Rillaboom|Grassy Glide|p2a: Slowking
|-resisted|p2a: Slowking
|-damage|p2a: Slowking|63/100
|
|-weather|none
|-heal|p1a: Rillaboom|94/100|[from] Grassy Terrain
|-heal|p2a: Slowking|69/100|[from] Grassy Terrain
|upkeep
|turn|19
|
|t:|1758311425
|move|p1a: Rillaboom|Knock Off|p2a: Slowking
|-supereffective|p2a: Slowking
|-damage|p2a: Slowking|16/100
|-enditem|p2a: Slowking|Shuca Berry|[from] move: Knock Off|[of] p1a: Rillaboom
|move|p2a: Slowking|Future Sight|p1a: Rillaboom
|-start|p2a: Slowking|move: Future Sight
|
|-heal|p1a: Rillaboom|100/100|[from] Grassy Terrain
|-heal|p2a: Slowking|22/100|[from] Grassy Terrain
|upkeep
|turn|20
|l| Le Lioness
|
|t:|1758311432
|move|p1a: Rillaboom|Knock Off|p2a: Slowking
|-supereffective|p2a: Slowking
|-damage|p2a: Slowking|0 fnt
|faint|p2a: Slowking
|
|upkeep
|
|t:|1758311455
|switch|p2a: Raging Bolt|Raging Bolt|71/100
|-damage|p2a: Raging Bolt|59/100|[from] Spikes
|turn|21
|
|t:|1758311460
|move|p2a: Raging Bolt|Thunderclap|p1a: Rillaboom
|-resisted|p1a: Rillaboom
|-damage|p1a: Rillaboom|66/100
|move|p1a: Rillaboom|Knock Off|p2a: Raging Bolt
|-damage|p2a: Raging Bolt|26/100
|-enditem|p2a: Raging Bolt|Choice Specs|[from] move: Knock Off|[of] p1a: Rillaboom
|
|-end|p1a: Rillaboom|move: Future Sight
|-damage|p1a: Rillaboom|12/100
|-heal|p2a: Raging Bolt|32/100|[from] Grassy Terrain
|-heal|p1a: Rillaboom|19/100|[from] Grassy Terrain
|upkeep
|turn|22
|
|t:|1758311475
|move|p2a: Raging Bolt|Volt Switch|p1a: Rillaboom
|-resisted|p1a: Rillaboom
|-damage|p1a: Rillaboom|0 fnt
|faint|p1a: Rillaboom
|
|t:|1758311482
|-end|p2a: Raging Bolt|Protosynthesis|[silent]
|switch|p2a: Corviknight|Corviknight, F|34/100|[from] Volt Switch
|-ability|p2a: Corviknight|Pressure
|
|upkeep
|
|t:|1758311486
|switch|p1a: Gholdengo|Gholdengo|100/100
|-damage|p1a: Gholdengo|94/100|[from] Stealth Rock
|turn|23
|
|t:|1758311489
|move|p1a: Gholdengo|Nasty Plot|p1a: Gholdengo
|-boost|p1a: Gholdengo|spa|2
|move|p2a: Corviknight|U-turn|p1a: Gholdengo
|-resisted|p1a: Gholdengo
|-damage|p1a: Gholdengo|91/100
|
|t:|1758311490
|switch|p2a: Garchomp|Garchomp, M|42/100|[from] U-turn
|-damage|p2a: Garchomp|30/100|[from] Spikes
|
|-heal|p2a: Garchomp|36/100|[from] Grassy Terrain
|-heal|p1a: Gholdengo|97/100|[from] Grassy Terrain
|upkeep
|turn|24
|
|t:|1758311498
|-terastallize|p1a: Gholdengo|Fairy
|move|p2a: Garchomp|Earthquake|p1a: Gholdengo
|-crit|p1a: Gholdengo
|-damage|p1a: Gholdengo|59/100
|move|p1a: Gholdengo|Shadow Ball|p2a: Garchomp
|-damage|p2a: Garchomp|0 fnt
|faint|p2a: Garchomp
|
|-heal|p1a: Gholdengo|66/100|[from] Grassy Terrain
|upkeep
|
|t:|1758311509
|switch|p2a: Tinkaton|Tinkaton, F|24/100
|-damage|p2a: Tinkaton|12/100|[from] Spikes
|turn|25
|
|t:|1758311515
|move|p2a: Tinkaton|Gigaton Hammer|p1a: Gholdengo
|-supereffective|p1a: Gholdengo
|-damage|p1a: Gholdengo|0 fnt
|faint|p1a: Gholdengo
|
|-heal|p2a: Tinkaton|18/100|[from] Grassy Terrain
|-fieldend|move: Grassy Terrain
|upkeep
|
|t:|1758311517
|switch|p1a: Kyurem|Kyurem|100/100
|-damage|p1a: Kyurem|76/100|[from] Stealth Rock
|-ability|p1a: Kyurem|Pressure
|turn|26
|
|t:|1758311523
|move|p1a: Kyurem|Ice Beam|p2a: Tinkaton
|-resisted|p2a: Tinkaton
|-damage|p2a: Tinkaton|0 fnt
|faint|p2a: Tinkaton
|
|upkeep
|
|t:|1758311538
|switch|p2a: Ogerpon|Ogerpon, F|72/100
|-damage|p2a: Ogerpon|59/100|[from] Spikes
|turn|27
|
|t:|1758311542
|-terastallize|p2a: Ogerpon|Grass
|detailschange|p2a: Ogerpon|Ogerpon-Teal-Tera, F, tera:Grass
|-ability|p2a: Ogerpon|Embody Aspect (Teal)|boost
|-boost|p2a: Ogerpon|spe|1
|move|p2a: Ogerpon|Low Kick|p1a: Kyurem
|-supereffective|p1a: Kyurem
|-damage|p1a: Kyurem|0 fnt
|faint|p1a: Kyurem
|
|win|GlueLicker
|n|☆federal government|federalgovernment
|n|☆GlueLicker|gluelicker
|n|*Lady Monita ☀|ladymonita
|n| Albrtix|albrtix
|l|*Lady Monita ☀
|l|☆GlueLicker
|player|p2|
|l|☆federal government
|player|p1|
