|j|☆Tururui
|j|☆CamiCarpenter
|t:|1758328684
|gametype|singles
|player|p1|Tururui|fisherman-gen4|1074
|player|p2|CamiCarpenter|ghetsis-gen5bw|1074
|gen|9
|tier|[Gen 9] OU
|rated|
|rule|HP Percentage Mod: HP is shown in percentages
|rule|Endless Battle Clause: Forcing endless battles is banned
|rule|Species Clause: Limit one of each Pokémon
|rule|OHKO Clause: OHKO moves are banned
|rule|Evasion Items Clause: Evasion items are banned
|rule|Evasion Moves Clause: Evasion moves are banned
|rule|Evasion Abilities Clause: Evasion abilities are banned
|rule|Sleep Moves Clause: Sleep-inducing moves are banned
|clearpoke
|poke|p1|Kingambit, M|
|poke|p1|Dragapult, M|
|poke|p1|Weavile, F|
|poke|p1|Zamazenta-*|
|poke|p1|Great Tusk|
|poke|p1|Raging Bolt|
|poke|p2|Araquanid, M|
|poke|p2|Great Tusk|
|poke|p2|Toxapex, M|
|poke|p2|Rotom-Wash|
|poke|p2|Skeledirge, M|
|poke|p2|Scizor, M|
|teampreview
|
|t:|1758328701
|teamsize|p1|6
|teamsize|p2|6
|start
|switch|p1a: Great Tusk|Great Tusk|100/100
|switch|p2a: Alpiste|Araquanid, M|100/100
|turn|1
|
|t:|1758328708
|move|p1a: Great Tusk|Stealth Rock|p2a: Alpiste
|-sidestart|p2: CamiCarpenter|move: Stealth Rock
|move|p2a: Alpiste|Liquidation|p1a: Great Tusk
|-supereffective|p1a: Great Tusk
|-damage|p1a: Great Tusk|48/100
|
|-heal|p1a: Great Tusk|54/100|[from] item: Leftovers
|upkeep
|turn|2
|
|t:|1758328730
|-end|p1a: Great Tusk|Protosynthesis|[silent]
|switch|p1a: Raging Bolt|Raging Bolt|100/100
|-enditem|p1a: Raging Bolt|Booster Energy
|-activate|p1a: Raging Bolt|ability: Protosynthesis|[fromitem]
|-start|p1a: Raging Bolt|protosynthesisspa
|move|p2a: Alpiste|Lunge|p1a: Raging Bolt
|-damage|p1a: Raging Bolt|83/100
|-unboost|p1a: Raging Bolt|atk|1
|
|upkeep
|turn|3
|
|t:|1758328738
|move|p1a: Raging Bolt|Volt Switch|p2a: Alpiste
|-supereffective|p2a: Alpiste
|-damage|p2a: Alpiste|40/100
|
|t:|1758328751
|-end|p1a: Raging Bolt|Protosynthesis|[silent]
|switch|p1a: Zamazenta|Zamazenta|100/100|[from] Volt Switch
|-ability|p1a: Zamazenta|Dauntless Shield|boost
|-boost|p1a: Zamazenta|def|1
|move|p2a: Alpiste|Sticky Web|p1a: Zamazenta
|-sidestart|p1: Tururui|move: Sticky Web
|
|upkeep
|turn|4
|
|t:|1758328759
|move|p1a: Zamazenta|Wild Charge|p2a: Alpiste
|-supereffective|p2a: Alpiste
|-damage|p2a: Alpiste|0 fnt
|faint|p2a: Alpiste
|-damage|p1a: Zamazenta|90/100|[from] Recoil
|
|-heal|p1a: Zamazenta|96/100|[from] item: Leftovers
|upkeep
|
|t:|1758328771
|switch|p2a: Arveja|Toxapex, M|100/100
|-damage|p2a: Arveja|88/100|[from] Stealth Rock
|turn|5
|
|t:|1758328776
|switch|p1a: Great Tusk|Great Tusk|54/100
|-activate|p1a: Great Tusk|move: Sticky Web
|-unboost|p1a: Great Tusk|spe|1
|move|p2a: Arveja|Toxic|p1a: Great Tusk
|-status|p1a: Great Tusk|tox
|
|-heal|p1a: Great Tusk|60/100 tox|[from] item: Leftovers
|-heal|p2a: Arveja|94/100|[from] item: Leftovers
|-damage|p1a: Great Tusk|54/100 tox|[from] psn
|upkeep
|turn|6
|
|t:|1758328793
|switch|p2a: Electrocaribe|Skeledirge, M|100/100
|move|p1a: Great Tusk|Rapid Spin|p2a: Electrocaribe
|-immune|p2a: Electrocaribe
|
|-heal|p1a: Great Tusk|60/100 tox|[from] item: Leftovers
|-damage|p1a: Great Tusk|48/100 tox|[from] psn
|upkeep
|turn|7
|
|t:|1758328803
|switch|p2a: Menisco|Great Tusk|100/100
|-damage|p2a: Menisco|98/100|[from] Stealth Rock
|move|p1a: Great Tusk|Earthquake|p2a: Menisco
|-damage|p2a: Menisco|60/100
|
|-heal|p2a: Menisco|66/100|[from] item: Leftovers
|-heal|p1a: Great Tusk|54/100 tox|[from] item: Leftovers
|-damage|p1a: Great Tusk|35/100 tox|[from] psn
|upkeep
|turn|8
|
|t:|1758328817
|-end|p2a: Menisco|Protosynthesis|[silent]
|switch|p2a: Electrocaribe|Skeledirge, M|100/100
|move|p1a: Great Tusk|Rapid Spin|p2a: Electrocaribe
|-immune|p2a: Electrocaribe
|
|-heal|p1a: Great Tusk|41/100 tox|[from] item: Leftovers
|-damage|p1a: Great Tusk|16/100 tox|[from] psn
|upkeep
|turn|9
|
|t:|1758328827
|switch|p2a: Menisco|Great Tusk|66/100
|-damage|p2a: Menisco|63/100|[from] Stealth Rock
|move|p1a: Great Tusk|Rapid Spin|p2a: Menisco
|-damage|p2a: Menisco|52/100
|-boost|p1a: Great Tusk|spe|1
|-sideend|p1: Tururui|Sticky Web|[from] move: Rapid Spin|[of] p1a: Great Tusk
|
|-heal|p2a: Menisco|58/100|[from] item: Leftovers
|-heal|p1a: Great Tusk|23/100 tox|[from] item: Leftovers
|-damage|p1a: Great Tusk|0 fnt|[from] psn
|faint|p1a: Great Tusk
|-end|p1a: Great Tusk|Protosynthesis|[silent]
|upkeep
|
|t:|1758328840
|switch|p1a: Zamazenta|Zamazenta|96/100
|turn|10
|
|t:|1758328844
|move|p1a: Zamazenta|Play Rough|p2a: Menisco
|-supereffective|p2a: Menisco
|-damage|p2a: Menisco|18/100
|move|p2a: Menisco|Stealth Rock|p1a: Zamazenta
|-sidestart|p1: Tururui|move: Stealth Rock
|
|-heal|p1a: Zamazenta|100/100|[from] item: Leftovers
|-heal|p2a: Menisco|24/100|[from] item: Leftovers
|upkeep
|turn|11
|inactive|Battle timer is ON: inactive players will automatically lose when time's up. (requested by Tururui)
|
|t:|1758328852
|-end|p2a: Menisco|Protosynthesis|[silent]
|switch|p2a: Arveja|Toxapex, M|100/100
|-damage|p2a: Arveja|88/100|[from] Stealth Rock
|move|p1a: Zamazenta|Play Rough|p2a: Arveja
|-resisted|p2a: Arveja
|-damage|p2a: Arveja|76/100
|
|-heal|p2a: Arveja|83/100|[from] item: Leftovers
|upkeep
|turn|12
|
|t:|1758328868
|switch|p1a: Raging Bolt|Raging Bolt|83/100
|-damage|p1a: Raging Bolt|71/100|[from] Stealth Rock
|move|p2a: Arveja|Recover|p2a: Arveja
|-heal|p2a: Arveja|100/100
|
|upkeep
|turn|13
|
|t:|1758328876
|move|p1a: Raging Bolt|Calm Mind|p1a: Raging Bolt
|-boost|p1a: Raging Bolt|spa|1
|-boost|p1a: Raging Bolt|spd|1
|move|p2a: Arveja|Toxic|p1a: Raging Bolt
|-status|p1a: Raging Bolt|tox
|
|-damage|p1a: Raging Bolt|65/100 tox|[from] psn
|upkeep
|turn|14
|
|t:|1758328890
|move|p1a: Raging Bolt|Calm Mind|p1a: Raging Bolt
|-boost|p1a: Raging Bolt|spa|1
|-boost|p1a: Raging Bolt|spd|1
|move|p2a: Arveja|Haze|p2a: Arveja
|-clearallboost
|
|-damage|p1a: Raging Bolt|52/100 tox|[from] psn
|upkeep
|turn|15
|
|t:|1758328898
|move|p1a: Raging Bolt|Calm Mind|p1a: Raging Bolt
|-boost|p1a: Raging Bolt|spa|1
|-boost|p1a: Raging Bolt|spd|1
|move|p2a: Arveja|Toxic Spikes|p1a: Raging Bolt
|-sidestart|p1: Tururui|move: Toxic Spikes
|
|-damage|p1a: Raging Bolt|34/100 tox|[from] psn
|upkeep
|turn|16
|
|t:|1758328906
|move|p1a: Raging Bolt|Volt Switch|p2a: Arveja
|-supereffective|p2a: Arveja
|-damage|p2a: Arveja|23/100
|
|t:|1758328910
|-end|p1a: Raging Bolt|Protosynthesis|[silent]
|switch|p1a: Dragapult|Dragapult, M|100/100|[from] Volt Switch
|-damage|p1a: Dragapult|88/100|[from] Stealth Rock
|-status|p1a: Dragapult|psn
|move|p2a: Arveja|Haze|p2a: Arveja
|-clearallboost
|
|-heal|p2a: Arveja|29/100|[from] item: Leftovers
|-damage|p1a: Dragapult|76/100 psn|[from] psn
|upkeep
|turn|17
|
|t:|1758328921
|switch|p2a: Mochila|Rotom-Wash|100/100
|-damage|p2a: Mochila|88/100|[from] Stealth Rock
|move|p1a: Dragapult|Thunderbolt|p2a: Mochila
|-damage|p2a: Mochila|53/100
|-damage|p1a: Dragapult|66/100 psn|[from] item: Life Orb
|
|-heal|p2a: Mochila|60/100|[from] item: Leftovers
|-damage|p1a: Dragapult|54/100 psn|[from] psn
|upkeep
|turn|18
|
|t:|1758328940
|move|p1a: Dragapult|Shadow Ball|p2a: Mochila
|-crit|p2a: Mochila
|-damage|p2a: Mochila|0 fnt
|faint|p2a: Mochila
|-damage|p1a: Dragapult|44/100 psn|[from] item: Life Orb
|
|-damage|p1a: Dragapult|32/100 psn|[from] psn
|upkeep
|
|t:|1758328947
|switch|p2a: Arveja|Toxapex, M|62/100
|-damage|p2a: Arveja|50/100|[from] Stealth Rock
|turn|19
|
|t:|1758328973
|move|p1a: Dragapult|Thunderbolt|p2a: Arveja
|-supereffective|p2a: Arveja
|-damage|p2a: Arveja|9/100
|-damage|p1a: Dragapult|22/100 psn|[from] item: Life Orb
|move|p2a: Arveja|Recover|p2a: Arveja
|-heal|p2a: Arveja|59/100
|
|-heal|p2a: Arveja|65/100|[from] item: Leftovers
|-damage|p1a: Dragapult|10/100 psn|[from] psn
|upkeep
|turn|20
|
|t:|1758328982
|move|p1a: Dragapult|Thunderbolt|p2a: Arveja
|-supereffective|p2a: Arveja
|-crit|p2a: Arveja
|-damage|p2a: Arveja|2/100
|-damage|p1a: Dragapult|0 fnt|[from] item: Life Orb
|faint|p1a: Dragapult
|move|p2a: Arveja|Recover|p2a: Arveja
|-heal|p2a: Arveja|52/100
|
|-heal|p2a: Arveja|58/100|[from] item: Leftovers
|upkeep
|inactive|Tururui has 120 seconds left.
|
|t:|1758329002
|switch|p1a: Raging Bolt|Raging Bolt|34/100 tox
|-damage|p1a: Raging Bolt|22/100 tox|[from] Stealth Rock
|turn|21
|
|t:|1758329006
|move|p1a: Raging Bolt|Volt Switch|p2a: Arveja
|-supereffective|p2a: Arveja
|-damage|p2a: Arveja|10/100
|
|t:|1758329010
|-end|p1a: Raging Bolt|Protosynthesis|[silent]
|switch|p1a: Zamazenta|Zamazenta|100/100|[from] Volt Switch
|-damage|p1a: Zamazenta|94/100|[from] Stealth Rock
|-status|p1a: Zamazenta|psn
|move|p2a: Arveja|Recover|p2a: Arveja
|-heal|p2a: Arveja|60/100
|
|-heal|p1a: Zamazenta|100/100 psn|[from] item: Leftovers
|-heal|p2a: Arveja|66/100|[from] item: Leftovers
|-damage|p1a: Zamazenta|88/100 psn|[from] psn
|upkeep
|turn|22
|
|t:|1758329021
|switch|p2a: Menisco|Great Tusk|24/100
|-damage|p2a: Menisco|21/100|[from] Stealth Rock
|move|p1a: Zamazenta|Wild Charge|p2a: Menisco
|-immune|p2a: Menisco
|
|-heal|p1a: Zamazenta|94/100 psn|[from] item: Leftovers
|-heal|p2a: Menisco|28/100|[from] item: Leftovers
|-damage|p1a: Zamazenta|82/100 psn|[from] psn
|upkeep
|turn|23
|
|t:|1758329030
|move|p1a: Zamazenta|Play Rough|p2a: Menisco|[miss]
|-miss|p1a: Zamazenta|p2a: Menisco
|move|p2a: Menisco|Rapid Spin|p1a: Zamazenta
|-damage|p1a: Zamazenta|68/100 psn
|-boost|p2a: Menisco|spe|1
|-sideend|p2: CamiCarpenter|Stealth Rock|[from] move: Rapid Spin|[of] p2a: Menisco
|
|-heal|p2a: Menisco|34/100|[from] item: Leftovers
|-heal|p1a: Zamazenta|74/100 psn|[from] item: Leftovers
|-damage|p1a: Zamazenta|62/100 psn|[from] psn
|upkeep
|turn|24
|
|t:|1758329044
|move|p2a: Menisco|Headlong Rush|p1a: Zamazenta
|-damage|p1a: Zamazenta|16/100 psn
|-unboost|p2a: Menisco|def|1
|-unboost|p2a: Menisco|spd|1
|move|p1a: Zamazenta|Play Rough|p2a: Menisco
|-supereffective|p2a: Menisco
|-damage|p2a: Menisco|0 fnt
|faint|p2a: Menisco
|-end|p2a: Menisco|Protosynthesis|[silent]
|
|-heal|p1a: Zamazenta|22/100 psn|[from] item: Leftovers
|-damage|p1a: Zamazenta|10/100 psn|[from] psn
|upkeep
|
|t:|1758329054
|switch|p2a: Arveja|Toxapex, M|99/100
|turn|25
|
|t:|1758329064
|move|p1a: Zamazenta|Wild Charge|p2a: Arveja
|-supereffective|p2a: Arveja
|-damage|p2a: Arveja|49/100
|-damage|p1a: Zamazenta|0 fnt|[from] Recoil
|faint|p1a: Zamazenta
|move|p2a: Arveja|Toxic Spikes|p1: Zamazenta
|-sidestart|p1: Tururui|move: Toxic Spikes
|
|-heal|p2a: Arveja|55/100|[from] item: Leftovers
|upkeep
|
|t:|1758329069
|switch|p1a: Raging Bolt|Raging Bolt|22/100 tox
|-damage|p1a: Raging Bolt|9/100 tox|[from] Stealth Rock
|turn|26
|
|t:|1758329079
|-terastallize|p2a: Arveja|Steel
|move|p1a: Raging Bolt|Volt Switch|p2a: Arveja
|-damage|p2a: Arveja|30/100
|
|t:|1758329089
|-end|p1a: Raging Bolt|Protosynthesis|[silent]
|switch|p1a: Kingambit|Kingambit, M|100/100|[from] Volt Switch
|-damage|p1a: Kingambit|94/100|[from] Stealth Rock
|-activate|p1a: Kingambit|ability: Supreme Overlord
|-start|p1a: Kingambit|fallen3|[silent]
|move|p2a: Arveja|Recover|p2a: Arveja
|-heal|p2a: Arveja|80/100
|
|-heal|p2a: Arveja|87/100|[from] item: Leftovers
|upkeep
|turn|27
|
|t:|1758329102
|move|p1a: Kingambit|Swords Dance|p1a: Kingambit
|-boost|p1a: Kingambit|atk|2
|move|p2a: Arveja|Haze|p2a: Arveja
|-clearallboost
|
|-heal|p2a: Arveja|93/100|[from] item: Leftovers
|upkeep
|turn|28
|
|t:|1758329111
|move|p1a: Kingambit|Swords Dance|p1a: Kingambit
|-boost|p1a: Kingambit|atk|2
|move|p2a: Arveja|Haze|p2a: Arveja
|-clearallboost
|
|-heal|p2a: Arveja|99/100|[from] item: Leftovers
|upkeep
|turn|29
|
|t:|1758329118
|move|p1a: Kingambit|Foul Play|p2a: Arveja
|-crit|p2a: Arveja
|-damage|p2a: Arveja|72/100
|move|p2a: Arveja|Haze|p2a: Arveja
|-clearallboost
|
|-heal|p2a: Arveja|78/100|[from] item: Leftovers
|upkeep
|turn|30
|
|t:|1758329125
|move|p1a: Kingambit|Swords Dance|p1a: Kingambit
|-boost|p1a: Kingambit|atk|2
|move|p2a: Arveja|Haze|p2a: Arveja
|-clearallboost
|
|-heal|p2a: Arveja|84/100|[from] item: Leftovers
|upkeep
|turn|31
|
|t:|1758329133
|switch|p2a: Electrocaribe|Skeledirge, M|100/100
|move|p1a: Kingambit|Foul Play|p2a: Electrocaribe
|-supereffective|p2a: Electrocaribe
|-damage|p2a: Electrocaribe|63/100
|
|upkeep
|turn|32
|
|t:|1758329142
|move|p2a: Electrocaribe|Torch Song|p1a: Kingambit
|-supereffective|p1a: Kingambit
|-damage|p1a: Kingambit|31/100
|-boost|p2a: Electrocaribe|spa|1
|move|p1a: Kingambit|Foul Play|p2a: Electrocaribe
|-supereffective|p2a: Electrocaribe
|-damage|p2a: Electrocaribe|24/100
|
|upkeep
|turn|33
|
|t:|1758329154
|move|p1a: Kingambit|Sucker Punch||[still]
|-fail|p1a: Kingambit
|move|p2a: Electrocaribe|Slack Off|p2a: Electrocaribe
|-heal|p2a: Electrocaribe|74/100
|
|upkeep
|turn|34
|
|t:|1758329161
|move|p2a: Electrocaribe|Torch Song|p1a: Kingambit
|-supereffective|p1a: Kingambit
|-damage|p1a: Kingambit|0 fnt
|-boost|p2a: Electrocaribe|spa|1
|faint|p1a: Kingambit
|-end|p1a: Kingambit|fallen3|[silent]
|
|upkeep
|
|t:|1758329164
|switch|p1a: Weavile|Weavile, F|100/100
|-damage|p1a: Weavile|76/100|[from] Stealth Rock
|-status|p1a: Weavile|tox
|-ability|p1a: Weavile|Pressure
|turn|35
|
|t:|1758329172
|move|p1a: Weavile|Throat Chop|p2a: Electrocaribe
|-supereffective|p2a: Electrocaribe
|-damage|p2a: Electrocaribe|25/100
|-start|p2a: Electrocaribe|Throat Chop|[silent]
|move|p2a: Electrocaribe|Hex|p1a: Weavile
|-resisted|p1a: Weavile
|-damage|p1a: Weavile|9/100 tox
|
|-damage|p1a: Weavile|3/100 tox|[from] psn
|upkeep
|turn|36
|
|t:|1758329180
|switch|p2a: Arveja|Toxapex, M, tera:Steel|100/100
|move|p1a: Weavile|Throat Chop|p2a: Arveja
|-damage|p2a: Arveja|70/100
|-start|p2a: Arveja|Throat Chop|[silent]
|
|-heal|p2a: Arveja|76/100|[from] item: Leftovers
|-damage|p1a: Weavile|0 fnt|[from] psn
|faint|p1a: Weavile
|upkeep
|
|t:|1758329188
|switch|p1a: Raging Bolt|Raging Bolt|9/100 tox
|-damage|p1a: Raging Bolt|0 fnt|[from] Stealth Rock
|faint|p1a: Raging Bolt
|-end|p1a: Raging Bolt|Protosynthesis|[silent]
|
|win|CamiCarpenter
|raw|Tururui's rating: 1074 &rarr; <strong>1053</strong><br />(-21 for losing)
|raw|CamiCarpenter's rating: 1074 &rarr; <strong>1103</strong><br />(+29 for winning)
|c|☆CamiCarpenter|gg
