|j|☆LionGeeter
|j|☆Plug Kristmas
|t:|1758350725
|gametype|singles
|player|p1|LionGeeter|bruno|1079
|player|p2|Plug Kristmas|rood|1124
|gen|9
|tier|[Gen 9] OU
|rated|
|rule|HP Percentage Mod: HP is shown in percentages
|rule|Endless Battle Clause: Forcing endless battles is banned
|rule|Species Clause: Limit one of each Pokémon
|rule|OHKO Clause: OHKO moves are banned
|rule|Evasion Items Clause: Evasion items are banned
|rule|Evasion Moves Clause: Evasion moves are banned
|rule|Evasion Abilities Clause: Evasion abilities are banned
|rule|Sleep Moves Clause: Sleep-inducing moves are banned
|clearpoke
|poke|p1|Glimmora, F|
|poke|p1|Garganacl, M|
|poke|p1|Dondozo, F|
|poke|p1|Dragapult, M|
|poke|p1|Clefable, M|
|poke|p1|Ting-Lu|
|poke|p2|Hariyama, F|
|poke|p2|Forretress, M|
|poke|p2|Manaphy|
|poke|p2|Heatran, M|
|poke|p2|Gliscor, F|
|poke|p2|Alcremie-Rainbow-Swirl, F|
|teampreview
|
|t:|1758350735
|teamsize|p1|6
|teamsize|p2|6
|start
|switch|p1a: Glimmora|Glimmora, F|100/100
|switch|p2a: Manaphy|Manaphy|100/100
|turn|1
|inactive|Battle timer is ON: inactive players will automatically lose when time's up. (requested by Plug Kristmas)
|
|t:|1758350746
|move|p2a: Manaphy|Tail Glow|p2a: Manaphy
|-boost|p2a: Manaphy|spa|3
|move|p1a: Glimmora|Reflect|p1a: Glimmora
|-sidestart|p1: LionGeeter|Reflect
|
|upkeep
|turn|2
|
|t:|1758350753
|move|p2a: Manaphy|Tail Glow|p2a: Manaphy
|-boost|p2a: Manaphy|spa|3
|move|p1a: Glimmora|Light Screen|p1a: Glimmora
|-sidestart|p1: LionGeeter|move: Light Screen
|
|upkeep
|turn|3
|
|t:|1758350759
|move|p2a: Manaphy|Surf|p1a: Glimmora
|-supereffective|p1a: Glimmora
|-enditem|p1a: Glimmora|Focus Sash
|-damage|p1a: Glimmora|1/100
|move|p1a: Glimmora|Spikes|p2a: Manaphy
|-sidestart|p2: Plug Kristmas|Spikes
|
|upkeep
|turn|4
|
|t:|1758350769
|move|p1a: Glimmora|Spiky Shield|p1a: Glimmora
|-singleturn|p1a: Glimmora|move: Protect
|move|p2a: Manaphy|Energy Ball|p1a: Glimmora
|-activate|p1a: Glimmora|move: Protect
|
|upkeep
|turn|5
|
|t:|1758350777
|move|p2a: Manaphy|Surf|p1a: Glimmora
|-supereffective|p1a: Glimmora
|-damage|p1a: Glimmora|0 fnt
|faint|p1a: Glimmora
|
|-sideend|p1: LionGeeter|Reflect
|upkeep
|
|t:|1758350800
|switch|p1a: Dragapult|Dragapult, M|100/100
|turn|6
|inactive|LionGeeter has 120 seconds left.
|
|t:|1758350832
|move|p1a: Dragapult|Outrage|p2a: Manaphy
|-damage|p2a: Manaphy|34/100
|move|p2a: Manaphy|Blizzard|p1a: Dragapult|[miss]
|-miss|p2a: Manaphy|p1a: Dragapult
|
|-heal|p2a: Manaphy|40/100|[from] item: Leftovers
|-sideend|p1: LionGeeter|move: Light Screen
|upkeep
|turn|7
|
|t:|1758350851
|switch|p2a: Alcremie|Alcremie-Rainbow-Swirl, F|100/100
|-damage|p2a: Alcremie|88/100|[from] Spikes
|move|p1a: Dragapult|Outrage|p2a: Alcremie|[from] lockedmove
|-immune|p2a: Alcremie
|-start|p1a: Dragapult|confusion|[fatigue]
|
|-heal|p2a: Alcremie|94/100|[from] item: Leftovers
|upkeep
|turn|8
|inactive|LionGeeter has 120 seconds left.
|
|t:|1758350862
|switch|p1a: Clefable|Clefable, M|100/100
|move|p2a: Alcremie|Calm Mind|p2a: Alcremie
|-boost|p2a: Alcremie|spa|1
|-boost|p2a: Alcremie|spd|1
|
|-heal|p2a: Alcremie|99/100|[from] item: Leftovers
|upkeep
|turn|9
|inactive|LionGeeter has 120 seconds left.
|
|t:|1758350874
|switch|p2a: Gliscor|Gliscor, F|100/100
|move|p1a: Clefable|Cosmic Power|p1a: Clefable
|-boost|p1a: Clefable|def|1
|-boost|p1a: Clefable|spd|1
|
|-status|p2a: Gliscor|tox|[from] item: Toxic Orb
|upkeep
|turn|10
|inactive|LionGeeter has 120 seconds left.
|
|t:|1758350885
|move|p2a: Gliscor|Gunk Shot|p1a: Clefable
|-supereffective|p1a: Clefable
|-damage|p1a: Clefable|48/100
|move|p1a: Clefable|Cosmic Power|p1a: Clefable
|-boost|p1a: Clefable|def|1
|-boost|p1a: Clefable|spd|1
|
|upkeep
|turn|11
|inactive|LionGeeter has 120 seconds left.
|
|t:|1758350894
|move|p2a: Gliscor|Gunk Shot|p1a: Clefable
|-supereffective|p1a: Clefable
|-damage|p1a: Clefable|9/100
|move|p1a: Clefable|Rest|p1a: Clefable
|-status|p1a: Clefable|slp|[from] move: Rest
|-heal|p1a: Clefable|100/100 slp|[silent]
|-enditem|p1a: Clefable|Chesto Berry|[eat]
|-curestatus|p1a: Clefable|slp|[msg]
|
|upkeep
|turn|12
|
|t:|1758350905
|move|p2a: Gliscor|Gunk Shot|p1a: Clefable
|-supereffective|p1a: Clefable
|-damage|p1a: Clefable|64/100
|move|p1a: Clefable|Cosmic Power|p1a: Clefable
|-boost|p1a: Clefable|def|1
|-boost|p1a: Clefable|spd|1
|
|upkeep
|turn|13
|
|t:|1758350912
|move|p2a: Gliscor|Gunk Shot|p1a: Clefable
|-supereffective|p1a: Clefable
|-damage|p1a: Clefable|32/100
|move|p1a: Clefable|Draining Kiss|p2a: Gliscor
|-damage|p2a: Gliscor|78/100 tox
|-heal|p1a: Clefable|45/100|[from] drain|[of] p2a: Gliscor
|
|-heal|p2a: Gliscor|90/100 tox|[from] ability: Poison Heal
|upkeep
|turn|14
|
|t:|1758350923
|move|p2a: Gliscor|Gunk Shot|p1a: Clefable
|-supereffective|p1a: Clefable
|-damage|p1a: Clefable|15/100
|move|p1a: Clefable|Draining Kiss|p2a: Gliscor
|-damage|p2a: Gliscor|66/100 tox
|-heal|p1a: Clefable|28/100|[from] drain|[of] p2a: Gliscor
|
|-heal|p2a: Gliscor|79/100 tox|[from] ability: Poison Heal
|upkeep
|turn|15
|
|t:|1758350933
|move|p2a: Gliscor|Gunk Shot|p1a: Clefable
|-supereffective|p1a: Clefable
|-damage|p1a: Clefable|0 fnt
|faint|p1a: Clefable
|
|-heal|p2a: Gliscor|91/100 tox|[from] ability: Poison Heal
|upkeep
|
|t:|1758350943
|switch|p1a: Dondozo|Dondozo, F|100/100
|turn|16
|
|t:|1758350956
|switch|p2a: Alcremie|Alcremie-Rainbow-Swirl, F|99/100
|-damage|p2a: Alcremie|88/100|[from] Spikes
|move|p1a: Dondozo|Outrage|p2a: Alcremie
|-immune|p2a: Alcremie
|
|-heal|p2a: Alcremie|94/100|[from] item: Leftovers
|upkeep
|turn|17
|
|t:|1758350967
|switch|p1a: Garganacl|Garganacl, M|100/100
|move|p2a: Alcremie|Calm Mind|p2a: Alcremie
|-boost|p2a: Alcremie|spa|1
|-boost|p2a: Alcremie|spd|1
|
|-heal|p2a: Alcremie|99/100|[from] item: Leftovers
|upkeep
|turn|18
|
|t:|1758350977
|move|p2a: Alcremie|Draining Kiss|p1a: Garganacl
|-damage|p1a: Garganacl|76/100
|-heal|p2a: Alcremie|100/100|[from] drain|[of] p1a: Garganacl
|move|p1a: Garganacl|Stealth Rock|p2a: Alcremie
|-sidestart|p2: Plug Kristmas|move: Stealth Rock
|
|upkeep
|turn|19
|
|t:|1758350991
|move|p2a: Alcremie|Draining Kiss|p1a: Garganacl
|-damage|p1a: Garganacl|52/100
|move|p1a: Garganacl|Earthquake|p2a: Alcremie
|-damage|p2a: Alcremie|69/100
|
|-heal|p2a: Alcremie|75/100|[from] item: Leftovers
|upkeep
|turn|20
|
|t:|1758350999
|move|p2a: Alcremie|Draining Kiss|p1a: Garganacl
|-damage|p1a: Garganacl|24/100
|-heal|p2a: Alcremie|100/100|[from] drain|[of] p1a: Garganacl
|move|p1a: Garganacl|Earthquake|p2a: Alcremie
|-damage|p2a: Alcremie|68/100
|
|-heal|p2a: Alcremie|74/100|[from] item: Leftovers
|upkeep
|turn|21
|
|t:|1758351015
|switch|p1a: Dondozo|Dondozo, F|100/100
|move|p2a: Alcremie|Calm Mind|p2a: Alcremie
|-boost|p2a: Alcremie|spa|1
|-boost|p2a: Alcremie|spd|1
|
|-heal|p2a: Alcremie|80/100|[from] item: Leftovers
|upkeep
|turn|22
|
|t:|1758351027
|switch|p1a: Ting-Lu|Ting-Lu|100/100
|-ability|p1a: Ting-Lu|Vessel of Ruin
|move|p2a: Alcremie|Draining Kiss|p1a: Ting-Lu
|-supereffective|p1a: Ting-Lu
|-damage|p1a: Ting-Lu|56/100
|-heal|p2a: Alcremie|100/100|[from] drain|[of] p1a: Ting-Lu
|
|upkeep
|turn|23
|-message|LionGeeter forfeited.
|
|win|Plug Kristmas
|raw|LionGeeter's rating: 1079 &rarr; <strong>1060</strong><br />(-19 for losing)
|raw|Plug Kristmas's rating: 1124 &rarr; <strong>1146</strong><br />(+22 for winning)
|l|☆LionGeeter
|player|p1|
|l|☆Plug Kristmas
|player|p2|
