|j|☆sauronikov
|j|☆Dareven
|t:|1758345943
|gametype|singles
|player|p1|sauronikov|101|1375
|player|p2|Dareven|n|1386
|gen|9
|tier|[Gen 9] OU
|rated|
|rule|HP Percentage Mod: HP is shown in percentages
|rule|Endless Battle Clause: Forcing endless battles is banned
|rule|Species Clause: Limit one of each Pokémon
|rule|OHKO Clause: OHKO moves are banned
|rule|Evasion Items Clause: Evasion items are banned
|rule|Evasion Moves Clause: Evasion moves are banned
|rule|Evasion Abilities Clause: Evasion abilities are banned
|rule|Sleep Moves Clause: Sleep-inducing moves are banned
|clearpoke
|poke|p1|Grimmsnarl, M|
|poke|p1|Iron Boulder|
|poke|p1|Iron Crown|
|poke|p1|Iron Leaves|
|poke|p1|Raikou|
|poke|p1|Entei|
|poke|p2|Ceruledge, F|
|poke|p2|Ninetales, F|
|poke|p2|Leavanny, M|
|poke|p2|Great Tusk|
|poke|p2|Raging Bolt|
|poke|p2|Walking Wake|
|teampreview
|inactive|Battle timer is ON: inactive players will automatically lose when time's up. (requested by Dareven)
|
|t:|1758345949
|teamsize|p1|6
|teamsize|p2|6
|start
|switch|p1a: Grimmsnarl|Grimmsnarl, M|100/100
|switch|p2a: Ninetales|Ninetales, F, shiny|100/100
|-weather|SunnyDay|[from] ability: Drought|[of] p2a: Ninetales
|turn|1
|
|t:|1758345957
|switch|p2a: Leavanny|Leavanny, M, shiny|100/100
|move|p1a: Grimmsnarl|Light Screen|p1a: Grimmsnarl
|-sidestart|p1: sauronikov|move: Light Screen
|
|-weather|SunnyDay|[upkeep]
|upkeep
|turn|2
|
|t:|1758345963
|move|p1a: Grimmsnarl|Reflect|p1a: Grimmsnarl
|-sidestart|p1: sauronikov|Reflect
|move|p2a: Leavanny|Sticky Web|p1a: Grimmsnarl
|-sidestart|p1: sauronikov|move: Sticky Web
|
|-weather|SunnyDay|[upkeep]
|upkeep
|turn|3
|
|t:|1758345972
|move|p1a: Grimmsnarl|Parting Shot|p2a: Leavanny
|-unboost|p2a: Leavanny|atk|1
|-unboost|p2a: Leavanny|spa|1
|
|t:|1758345975
|switch|p1a: Iron Crown|Iron Crown|100/100|[from] Parting Shot
|-activate|p1a: Iron Crown|move: Sticky Web
|-unboost|p1a: Iron Crown|spe|1
|move|p2a: Leavanny|Leaf Storm|p1a: Iron Crown
|-resisted|p1a: Iron Crown
|-damage|p1a: Iron Crown|95/100
|-unboost|p2a: Leavanny|spa|2
|-enditem|p2a: Leavanny|Eject Pack
|
|t:|1758345992
|switch|p2a: Ceruledge|Ceruledge, F|100/100
|
|-weather|SunnyDay|[upkeep]
|upkeep
|turn|4
|
|t:|1758345997
|move|p2a: Ceruledge|Swords Dance|p2a: Ceruledge
|-boost|p2a: Ceruledge|atk|2
|move|p1a: Iron Crown|Agility|p1a: Iron Crown
|-boost|p1a: Iron Crown|spe|2
|
|-weather|SunnyDay|[upkeep]
|upkeep
|turn|5
|
|t:|1758346005
|-terastallize|p1a: Iron Crown|Fire
|move|p1a: Iron Crown|Psychic|p2a: Ceruledge
|-damage|p2a: Ceruledge|46/100
|move|p2a: Ceruledge|Bitter Blade|p1a: Iron Crown
|-resisted|p1a: Iron Crown
|-damage|p1a: Iron Crown|60/100
|-heal|p2a: Ceruledge|69/100|[from] drain|[of] p1a: Iron Crown
|
|-weather|SunnyDay|[upkeep]
|upkeep
|turn|6
|
|t:|1758346013
|move|p2a: Ceruledge|Shadow Sneak|p1a: Iron Crown
|-damage|p1a: Iron Crown|39/100
|move|p1a: Iron Crown|Tachyon Cutter|p2a: Ceruledge
|-resisted|p2a: Ceruledge
|-damage|p2a: Ceruledge|53/100
|-resisted|p2a: Ceruledge
|-damage|p2a: Ceruledge|37/100
|-hitcount|p2a: Ceruledge|2
|
|-weather|SunnyDay|[upkeep]
|upkeep
|turn|7
|
|t:|1758346019
|move|p1a: Iron Crown|Psychic|p2a: Ceruledge
|-damage|p2a: Ceruledge|0 fnt
|faint|p2a: Ceruledge
|
|-weather|SunnyDay|[upkeep]
|upkeep
|
|t:|1758346023
|switch|p2a: Walking Wake|Walking Wake|100/100
|-activate|p2a: Walking Wake|ability: Protosynthesis
|-start|p2a: Walking Wake|protosynthesisspa
|turn|8
|
|t:|1758346029
|move|p1a: Iron Crown|Tachyon Cutter|p2a: Walking Wake
|-resisted|p2a: Walking Wake
|-damage|p2a: Walking Wake|85/100
|-resisted|p2a: Walking Wake
|-damage|p2a: Walking Wake|68/100
|-hitcount|p2a: Walking Wake|2
|move|p2a: Walking Wake|Hydro Steam|p1a: Iron Crown
|-supereffective|p1a: Iron Crown
|-damage|p1a: Iron Crown|0 fnt
|faint|p1a: Iron Crown
|-end|p1a: Iron Crown|Quark Drive|[silent]
|
|-weather|none
|-end|p2a: Walking Wake|Protosynthesis
|-sideend|p1: sauronikov|move: Light Screen
|upkeep
|
|t:|1758346041
|switch|p1a: Iron Leaves|Iron Leaves|100/100
|-activate|p1a: Iron Leaves|move: Sticky Web
|-unboost|p1a: Iron Leaves|spe|1
|turn|9
|
|t:|1758346046
|-end|p2a: Walking Wake|Protosynthesis|[silent]
|switch|p2a: Ninetales|Ninetales, F, shiny|100/100
|-weather|SunnyDay|[from] ability: Drought|[of] p2a: Ninetales
|move|p1a: Iron Leaves|Agility|p1a: Iron Leaves
|-boost|p1a: Iron Leaves|spe|2
|
|-weather|SunnyDay|[upkeep]
|-sideend|p1: sauronikov|Reflect
|upkeep
|turn|10
|
|t:|1758346053
|move|p1a: Iron Leaves|Agility|p1a: Iron Leaves
|-boost|p1a: Iron Leaves|spe|2
|move|p2a: Ninetales|Weather Ball|p1a: Iron Leaves
|-supereffective|p1a: Iron Leaves
|-damage|p1a: Iron Leaves|24/100
|-enditem|p1a: Iron Leaves|Weakness Policy
|-boost|p1a: Iron Leaves|atk|2|[from] item: Weakness Policy
|-boost|p1a: Iron Leaves|spa|2|[from] item: Weakness Policy
|
|-weather|SunnyDay|[upkeep]
|upkeep
|turn|11
|
|t:|1758346062
|move|p1a: Iron Leaves|Close Combat|p2a: Ninetales
|-damage|p2a: Ninetales|0 fnt
|-unboost|p1a: Iron Leaves|def|1
|-unboost|p1a: Iron Leaves|spd|1
|faint|p2a: Ninetales
|
|-weather|SunnyDay|[upkeep]
|upkeep
|
|t:|1758346067
|switch|p2a: Raging Bolt|Raging Bolt|100/100
|-activate|p2a: Raging Bolt|ability: Protosynthesis
|-start|p2a: Raging Bolt|protosynthesisspa
|turn|12
|
|t:|1758346072
|move|p2a: Raging Bolt|Thunderclap|p1a: Iron Leaves
|-resisted|p1a: Iron Leaves
|-damage|p1a: Iron Leaves|0 fnt
|faint|p1a: Iron Leaves
|-end|p1a: Iron Leaves|Quark Drive|[silent]
|
|-weather|SunnyDay|[upkeep]
|upkeep
|
|t:|1758346075
|switch|p1a: Iron Boulder|Iron Boulder|100/100
|-activate|p1a: Iron Boulder|move: Sticky Web
|-unboost|p1a: Iron Boulder|spe|1
|turn|13
|
|t:|1758346081
|-terastallize|p2a: Raging Bolt|Fairy
|move|p2a: Raging Bolt|Dragon Pulse|p1a: Iron Boulder
|-crit|p1a: Iron Boulder
|-damage|p1a: Iron Boulder|16/100
|move|p1a: Iron Boulder|Agility|p1a: Iron Boulder
|-boost|p1a: Iron Boulder|spe|2
|
|-weather|SunnyDay|[upkeep]
|upkeep
|turn|14
|-message|sauronikov forfeited.
|
|win|Dareven
|raw|sauronikov's rating: 1375 &rarr; <strong>1356</strong><br />(-19 for losing)
|raw|Dareven's rating: 1386 &rarr; <strong>1405</strong><br />(+19 for winning)
|l|☆sauronikov
|player|p1|
|l|☆Dareven
|player|p2|
