|j|☆showdup
|j|☆Sigmaurus
|t:|1758290891
|gametype|singles
|player|p1|showdup|scientist|1277
|player|p2|Sigmaurus|rosa|1300
|gen|9
|tier|[Gen 9] OU
|rated|
|rule|HP Percentage Mod: HP is shown in percentages
|rule|Endless Battle Clause: Forcing endless battles is banned
|rule|Species Clause: Limit one of each Pokémon
|rule|OHKO Clause: OHKO moves are banned
|rule|Evasion Items Clause: Evasion items are banned
|rule|Evasion Moves Clause: Evasion moves are banned
|rule|Evasion Abilities Clause: Evasion abilities are banned
|rule|Sleep Moves Clause: Sleep-inducing moves are banned
|clearpoke
|poke|p1|Torkoal, F|
|poke|p1|Grimmsnarl, M|
|poke|p1|Maushold|
|poke|p1|Walking Wake|
|poke|p1|Blaziken, M|
|poke|p1|Espeon, M|
|poke|p2|Weavile, F|
|poke|p2|Thundurus-Therian, M|
|poke|p2|Cobalion|
|poke|p2|Araquanid, M|
|poke|p2|Chandelure, M|
|poke|p2|Hoopa-Unbound|
|teampreview
|
|t:|1758290901
|teamsize|p1|6
|teamsize|p2|6
|start
|switch|p1a: Torkoal|Torkoal, F|100/100
|switch|p2a: Araquanid|Araquanid, M|100/100
|-weather|SunnyDay|[from] ability: Drought|[of] p1a: Torkoal
|turn|1
|
|t:|1758290912
|move|p2a: Araquanid|Liquidation|p1a: Torkoal
|-supereffective|p1a: Torkoal
|-damage|p1a: Torkoal|60/100
|-enditem|p1a: Torkoal|Eject Button
|
|t:|1758290923
|switch|p1a: Walking Wake|Walking Wake|100/100
|-activate|p1a: Walking Wake|ability: Protosynthesis
|-start|p1a: Walking Wake|protosynthesisspe
|
|-weather|SunnyDay|[upkeep]
|upkeep
|turn|2
|
|t:|1758290927
|move|p1a: Walking Wake|Draco Meteor|p2a: Araquanid
|-damage|p2a: Araquanid|18/100
|-unboost|p1a: Walking Wake|spa|2
|move|p2a: Araquanid|Sticky Web|p1a: Walking Wake
|-sidestart|p1: showdup|move: Sticky Web
|
|-weather|SunnyDay|[upkeep]
|-heal|p2a: Araquanid|24/100|[from] item: Leftovers
|upkeep
|turn|3
|
|t:|1758290944
|switch|p2a: Hoopa|Hoopa-Unbound|100/100
|move|p1a: Walking Wake|Draco Meteor|p2a: Hoopa
|-crit|p2a: Hoopa
|-damage|p2a: Hoopa|20/100
|-unboost|p1a: Walking Wake|spa|2
|
|-weather|SunnyDay|[upkeep]
|upkeep
|turn|4
|
|t:|1758290958
|move|p1a: Walking Wake|Draco Meteor|p2a: Hoopa
|-damage|p2a: Hoopa|1/100
|-unboost|p1a: Walking Wake|spa|2
|move|p2a: Hoopa|Psychic Noise|p1a: Walking Wake
|-damage|p1a: Walking Wake|37/100
|-start|p1a: Walking Wake|move: Heal Block
|
|-weather|SunnyDay|[upkeep]
|upkeep
|turn|5
|
|t:|1758290986
|switch|p2a: Thundurus|Thundurus-Therian, M|100/100
|move|p1a: Walking Wake|Draco Meteor|p2a: Thundurus
|-damage|p2a: Thundurus|70/100
|
|-weather|none
|-end|p1a: Walking Wake|Protosynthesis
|-end|p1a: Walking Wake|move: Heal Block
|upkeep
|turn|6
|
|t:|1758290993
|-end|p1a: Walking Wake|Protosynthesis|[silent]
|switch|p1a: Torkoal|Torkoal, F|60/100
|-activate|p1a: Torkoal|move: Sticky Web
|-unboost|p1a: Torkoal|spe|1
|-weather|SunnyDay|[from] ability: Drought|[of] p1a: Torkoal
|move|p2a: Thundurus|Thunderbolt|p1a: Torkoal
|-damage|p1a: Torkoal|0 fnt
|faint|p1a: Torkoal
|
|-weather|SunnyDay|[upkeep]
|upkeep
|
|t:|1758291001
|switch|p1a: Walking Wake|Walking Wake|37/100
|-activate|p1a: Walking Wake|move: Sticky Web
|-unboost|p1a: Walking Wake|spe|1
|-activate|p1a: Walking Wake|ability: Protosynthesis
|-start|p1a: Walking Wake|protosynthesisspa
|turn|7
|
|t:|1758291006
|-terastallize|p2a: Thundurus|Fairy
|move|p2a: Thundurus|Thunderbolt|p1a: Walking Wake
|-damage|p1a: Walking Wake|0 fnt
|faint|p1a: Walking Wake
|-end|p1a: Walking Wake|Protosynthesis|[silent]
|
|-weather|SunnyDay|[upkeep]
|upkeep
|
|t:|1758291027
|switch|p1a: Grimmsnarl|Grimmsnarl, M|100/100
|-activate|p1a: Grimmsnarl|move: Sticky Web
|-unboost|p1a: Grimmsnarl|spe|1
|turn|8
|
|t:|1758291032
|move|p1a: Grimmsnarl|Light Screen|p1a: Grimmsnarl
|-sidestart|p1: showdup|move: Light Screen
|move|p2a: Thundurus|Thunderbolt|p1a: Grimmsnarl
|-damage|p1a: Grimmsnarl|78/100
|
|-weather|SunnyDay|[upkeep]
|upkeep
|turn|9
|
|t:|1758291040
|move|p2a: Thundurus|Thunderbolt|p1a: Grimmsnarl
|-damage|p1a: Grimmsnarl|56/100
|move|p1a: Grimmsnarl|Spirit Break|p2a: Thundurus
|-damage|p2a: Thundurus|31/100
|-unboost|p2a: Thundurus|spa|1
|
|-weather|SunnyDay|[upkeep]
|upkeep
|turn|10
|
|t:|1758291046
|move|p2a: Thundurus|U-turn|p1a: Grimmsnarl
|-damage|p1a: Grimmsnarl|36/100
|
|t:|1758291051
|switch|p2a: Weavile|Weavile, F|100/100|[from] U-turn
|-ability|p2a: Weavile|Pressure
|move|p1a: Grimmsnarl|Spirit Break|p2a: Weavile
|-supereffective|p2a: Weavile
|-damage|p2a: Weavile|2/100
|-unboost|p2a: Weavile|spa|1
|
|-weather|none
|upkeep
|turn|11
|
|t:|1758291062
|move|p1a: Grimmsnarl|Reflect|p1a: Grimmsnarl
|-sidestart|p1: showdup|Reflect
|move|p2a: Weavile|Knock Off|p1a: Grimmsnarl
|-resisted|p1a: Grimmsnarl
|-damage|p1a: Grimmsnarl|27/100
|-enditem|p1a: Grimmsnarl|Light Clay|[from] move: Knock Off|[of] p2a: Weavile
|-damage|p2a: Weavile|0 fnt|[from] item: Life Orb
|faint|p2a: Weavile
|
|upkeep
|inactive|Battle timer is ON: inactive players will automatically lose when time's up. (requested by showdup)
|
|t:|1758291078
|switch|p2a: Cobalion|Cobalion|100/100
|-item|p2a: Cobalion|Air Balloon
|turn|12
|
|t:|1758291081
|move|p1a: Grimmsnarl|Thunder Wave|p2a: Cobalion
|-status|p2a: Cobalion|par
|move|p2a: Cobalion|Iron Defense|p2a: Cobalion
|-boost|p2a: Cobalion|def|2
|
|upkeep
|turn|13
|
|t:|1758291088
|switch|p1a: Blaziken|Blaziken, M|100/100
|-activate|p1a: Blaziken|move: Sticky Web
|-unboost|p1a: Blaziken|spe|1
|move|p2a: Cobalion|Iron Defense|p2a: Cobalion
|-boost|p2a: Cobalion|def|2
|
|upkeep
|turn|14
|
|t:|1758291093
|move|p1a: Blaziken|Blaze Kick|p2a: Cobalion|[miss]
|-miss|p1a: Blaziken|p2a: Cobalion
|move|p2a: Cobalion|Body Press|p1a: Blaziken
|-damage|p1a: Blaziken|4/100
|
|-ability|p1a: Blaziken|Speed Boost|boost
|-boost|p1a: Blaziken|spe|1
|upkeep
|turn|15
|
|t:|1758291101
|move|p1a: Blaziken|Blaze Kick|p2a: Cobalion
|-supereffective|p2a: Cobalion
|-damage|p2a: Cobalion|77/100 par
|-enditem|p2a: Cobalion|Air Balloon
|-damage|p1a: Blaziken|0 fnt|[from] item: Life Orb
|faint|p1a: Blaziken
|cant|p2a: Cobalion|par
|
|-sideend|p1: showdup|move: Light Screen
|upkeep
|
|t:|1758291112
|switch|p1a: Espeon|Espeon, M|100/100
|-activate|p1a: Espeon|move: Sticky Web
|-unboost|p1a: Espeon|spe|1
|turn|16
|
|t:|1758291123
|-terastallize|p1a: Espeon|Fighting
|move|p1a: Espeon|Tera Blast|p2a: Cobalion|[anim] Tera Blast Fighting
|-supereffective|p2a: Cobalion
|-damage|p2a: Cobalion|0 fnt
|faint|p2a: Cobalion
|-damage|p1a: Espeon|91/100|[from] item: Life Orb
|
|upkeep
|
|t:|1758291132
|switch|p2a: Chandelure|Chandelure, M|100/100
|turn|17
|
|t:|1758291136
|move|p2a: Chandelure|Psychic|p1a: Espeon
|-supereffective|p1a: Espeon
|-damage|p1a: Espeon|0 fnt
|faint|p1a: Espeon
|
|upkeep
|
|t:|1758291139
|switch|p1a: Grimmsnarl|Grimmsnarl, M|27/100
|-activate|p1a: Grimmsnarl|move: Sticky Web
|-unboost|p1a: Grimmsnarl|spe|1
|turn|18
|
|t:|1758291142
|move|p1a: Grimmsnarl|Light Screen|p1a: Grimmsnarl
|-sidestart|p1: showdup|move: Light Screen
|move|p2a: Chandelure|Heat Wave|p1a: Grimmsnarl
|-damage|p1a: Grimmsnarl|5/100
|
|-sideend|p1: showdup|Reflect
|upkeep
|turn|19
|
|t:|1758291149
|switch|p2a: Hoopa|Hoopa-Unbound|1/100
|move|p1a: Grimmsnarl|Thunder Wave|p2a: Hoopa
|-hint|Since gen 7, Dark is immune to Prankster moves.
|-immune|p2a: Hoopa
|
|upkeep
|turn|20
|
|t:|1758291161
|move|p1a: Grimmsnarl|Reflect|p1a: Grimmsnarl
|-sidestart|p1: showdup|Reflect
|move|p2a: Hoopa|Thunderbolt|p1a: Grimmsnarl
|-crit|p1a: Grimmsnarl
|-damage|p1a: Grimmsnarl|0 fnt
|faint|p1a: Grimmsnarl
|
|upkeep
|
|t:|1758291163
|switch|p1a: Maushold|Maushold|100/100
|-activate|p1a: Maushold|move: Sticky Web
|-unboost|p1a: Maushold|spe|1
|turn|21
|
|t:|1758291167
|move|p2a: Hoopa|Dark Pulse|p1a: Maushold
|-damage|p1a: Maushold|61/100
|move|p1a: Maushold|Population Bomb|p2a: Hoopa
|-damage|p2a: Hoopa|0 fnt
|faint|p2a: Hoopa
|-hitcount|p2: Hoopa|1
|
|upkeep
|
|t:|1758291176
|switch|p2a: Chandelure|Chandelure, M|100/100
|turn|22
|
|t:|1758291183
|move|p2a: Chandelure|Heat Wave|p1a: Maushold
|-damage|p1a: Maushold|19/100
|move|p1a: Maushold|Bite|p2a: Chandelure
|-supereffective|p2a: Chandelure
|-damage|p2a: Chandelure|43/100
|
|-sideend|p1: showdup|move: Light Screen
|upkeep
|turn|23
|
|t:|1758291188
|move|p2a: Chandelure|Heat Wave|p1a: Maushold
|-damage|p1a: Maushold|0 fnt
|faint|p1a: Maushold
|
|win|Sigmaurus
|raw|showdup's rating: 1255 &rarr; <strong>1233</strong><br />(-22 for losing)
|raw|Sigmaurus's rating: 1300 &rarr; <strong>1322</strong><br />(+22 for winning)
|l|☆showdup
|player|p1|
|l|☆Sigmaurus
|player|p2|
