|j|☆FightingGymLeader8
|j|☆yemm
|t:|1758342055
|gametype|singles
|player|p1|FightingGymLeader8|blackbelt-gen4dp|1124
|player|p2|yemm|266|1203
|gen|9
|tier|[Gen 9] OU
|rated|
|rule|HP Percentage Mod: HP is shown in percentages
|rule|Endless Battle Clause: Forcing endless battles is banned
|rule|Species Clause: Limit one of each Pokémon
|rule|OHKO Clause: OHKO moves are banned
|rule|Evasion Items Clause: Evasion items are banned
|rule|Evasion Moves Clause: Evasion moves are banned
|rule|Evasion Abilities Clause: Evasion abilities are banned
|rule|Sleep Moves Clause: Sleep-inducing moves are banned
|clearpoke
|poke|p1|Hitmontop, M|
|poke|p1|Scrafty, M|
|poke|p1|Chesnaught, F|
|poke|p1|Iron Valiant|
|poke|p1|Zamazenta-*|
|poke|p1|Kommo-o, F|
|poke|p2|Great Tusk|
|poke|p2|Kingambit, M|
|poke|p2|Raging Bolt|
|poke|p2|Walking Wake|
|poke|p2|Ninetales, M|
|poke|p2|Ceruledge, F|
|teampreview
|inactive|Battle timer is ON: inactive players will automatically lose when time's up. (requested by yemm)
|c|☆FightingGymLeader8|Will yoi earn your fighting badge
|c|☆FightingGymLeader8|You
|c|☆yemm|LMAO
|c|☆yemm|idk
|inactive|yemm has 120 seconds left.
|
|t:|1758342087
|teamsize|p1|6
|teamsize|p2|6
|start
|switch|p1a: Hitmontop|Hitmontop, M|100/100
|switch|p2a: Ninetales|Ninetales, M|100/100
|-weather|SunnyDay|[from] ability: Drought|[of] p2a: Ninetales
|turn|1
|
|t:|1758342104
|switch|p2a: Walking Wake|Walking Wake|100/100
|-activate|p2a: Walking Wake|ability: Protosynthesis
|-start|p2a: Walking Wake|protosynthesisspe
|move|p1a: Hitmontop|Triple Kick|p2a: Walking Wake
|-crit|p2a: Walking Wake
|-damage|p2a: Walking Wake|88/100
|-damage|p2a: Walking Wake|71/100
|-damage|p2a: Walking Wake|48/100
|-hitcount|p2a: Walking Wake|3
|
|-weather|SunnyDay|[upkeep]
|upkeep
|turn|2
|c|☆FightingGymLeader8|Test your luck
|
|t:|1758342126
|move|p2a: Walking Wake|Hydro Steam|p1a: Hitmontop
|-damage|p1a: Hitmontop|36/100
|move|p1a: Hitmontop|Triple Axel|p2a: Walking Wake
|-damage|p2a: Walking Wake|38/100
|-damage|p2a: Walking Wake|17/100
|-damage|p2a: Walking Wake|0 fnt
|faint|p2a: Walking Wake
|-end|p2a: Walking Wake|Protosynthesis|[silent]
|-hitcount|p2: Walking Wake|3
|
|-weather|SunnyDay|[upkeep]
|upkeep
|inactive|yemm has 120 seconds left.
|
|t:|1758342141
|switch|p2a: Raging Bolt|Raging Bolt|100/100
|-activate|p2a: Raging Bolt|ability: Protosynthesis
|-start|p2a: Raging Bolt|protosynthesisspa
|turn|3
|inactive|yemm has 120 seconds left.
|
|t:|1758342152
|move|p2a: Raging Bolt|Solar Beam||[still]
|-prepare|p2a: Raging Bolt|Solar Beam
|-anim|p2a: Raging Bolt|Solar Beam|p1a: Hitmontop
|-damage|p1a: Hitmontop|0 fnt
|faint|p1a: Hitmontop
|-damage|p2a: Raging Bolt|91/100|[from] item: Life Orb
|
|-weather|SunnyDay|[upkeep]
|upkeep
|
|t:|1758342159
|switch|p1a: Chesnaught|Chesnaught, F, shiny|100/100
|turn|4
|
|t:|1758342164
|move|p2a: Raging Bolt|Weather Ball|p1a: Chesnaught
|-immune|p1a: Chesnaught|[from] ability: Bulletproof
|move|p1a: Chesnaught|Leech Seed|p2a: Raging Bolt
|-start|p2a: Raging Bolt|move: Leech Seed
|
|-weather|SunnyDay|[upkeep]
|-damage|p2a: Raging Bolt|78/100|[from] Leech Seed|[of] p1a: Chesnaught
|upkeep
|turn|5
|
|t:|1758342180
|-end|p2a: Raging Bolt|Protosynthesis|[silent]
|switch|p2a: Ceruledge|Ceruledge, F|100/100
|move|p1a: Chesnaught|Trailblaze|p2a: Ceruledge
|-resisted|p2a: Ceruledge
|-damage|p2a: Ceruledge|90/100
|-boost|p1a: Chesnaught|spe|1
|-ability|p2a: Ceruledge|Weak Armor|boost
|-unboost|p2a: Ceruledge|def|1
|-boost|p2a: Ceruledge|spe|2
|
|-weather|SunnyDay|[upkeep]
|upkeep
|turn|6
|c|☆FightingGymLeader8|We dont like balls
|inactive|yemm has 120 seconds left.
|
|t:|1758342200
|move|p2a: Ceruledge|Bitter Blade|p1a: Chesnaught
|-supereffective|p1a: Chesnaught
|-damage|p1a: Chesnaught|0 fnt
|-heal|p2a: Ceruledge|100/100|[from] drain|[of] p1a: Chesnaught
|faint|p1a: Chesnaught
|
|-weather|SunnyDay|[upkeep]
|upkeep
|
|t:|1758342205
|switch|p1a: Scrafty|Scrafty, M|100/100
|turn|7
|
|t:|1758342215
|-terastallize|p2a: Ceruledge|Fairy
|move|p2a: Ceruledge|Bitter Blade|p1a: Scrafty
|-crit|p1a: Scrafty
|-damage|p1a: Scrafty|0 fnt
|faint|p1a: Scrafty
|
|-weather|SunnyDay|[upkeep]
|upkeep
|
|t:|1758342224
|switch|p1a: Zamazenta|Zamazenta|100/100
|-ability|p1a: Zamazenta|Dauntless Shield|boost
|-boost|p1a: Zamazenta|def|1
|turn|8
|
|t:|1758342232
|move|p2a: Ceruledge|Poltergeist|p1a: Zamazenta
|-activate|p1a: Zamazenta|move: Poltergeist|Throat Spray
|-damage|p1a: Zamazenta|59/100
|move|p1a: Zamazenta|Snarl|p2a: Ceruledge
|-resisted|p2a: Ceruledge
|-damage|p2a: Ceruledge|94/100
|-unboost|p2a: Ceruledge|spa|1
|-enditem|p1a: Zamazenta|Throat Spray
|-boost|p1a: Zamazenta|spa|1|[from] item: Throat Spray
|
|-weather|none
|upkeep
|turn|9
|
|t:|1758342250
|move|p2a: Ceruledge|Poltergeist||[still]
|-fail|p2a: Ceruledge
|move|p1a: Zamazenta|Flash Cannon|p2a: Ceruledge
|-supereffective|p2a: Ceruledge
|-damage|p2a: Ceruledge|39/100
|
|upkeep
|turn|10
|
|t:|1758342259
|switch|p2a: Ninetales|Ninetales, M|100/100
|-weather|SunnyDay|[from] ability: Drought|[of] p2a: Ninetales
|move|p1a: Zamazenta|Flash Cannon|p2a: Ninetales
|-resisted|p2a: Ninetales
|-damage|p2a: Ninetales|83/100
|
|-weather|SunnyDay|[upkeep]
|upkeep
|turn|11
|
|t:|1758342283
|switch|p2a: Raging Bolt|Raging Bolt|78/100
|-activate|p2a: Raging Bolt|ability: Protosynthesis
|-start|p2a: Raging Bolt|protosynthesisspa
|move|p1a: Zamazenta|Snarl|p2a: Raging Bolt
|-damage|p2a: Raging Bolt|60/100
|-unboost|p2a: Raging Bolt|spa|1
|
|-weather|SunnyDay|[upkeep]
|upkeep
|turn|12
|
|t:|1758342301
|move|p1a: Zamazenta|Moonblast|p2a: Raging Bolt
|-supereffective|p2a: Raging Bolt
|-damage|p2a: Raging Bolt|0 fnt
|faint|p2a: Raging Bolt
|-end|p2a: Raging Bolt|Protosynthesis|[silent]
|
|-weather|SunnyDay|[upkeep]
|upkeep
|inactive|yemm has 120 seconds left.
|c|☆FightingGymLeader8|Special zam is good
|inactive|yemm has 90 seconds left.
|
|t:|1758342343
|switch|p2a: Great Tusk|Great Tusk|100/100
|-activate|p2a: Great Tusk|ability: Protosynthesis
|-start|p2a: Great Tusk|protosynthesisatk
|turn|13
|
|t:|1758342355
|move|p1a: Zamazenta|Moonblast|p2a: Great Tusk
|-supereffective|p2a: Great Tusk
|-damage|p2a: Great Tusk|38/100
|-unboost|p2a: Great Tusk|spa|1
|move|p2a: Great Tusk|Temper Flare|p1a: Zamazenta
|-damage|p1a: Zamazenta|25/100
|
|-weather|SunnyDay|[upkeep]
|upkeep
|turn|14
|c|☆yemm|yeah ts is kinda crazy
|c|☆FightingGymLeader8|This high elo zam lol
|
|t:|1758342366
|-end|p2a: Great Tusk|Protosynthesis|[silent]
|switch|p2a: Ceruledge|Ceruledge, F, tera:Fairy|39/100
|move|p1a: Zamazenta|Moonblast|p2a: Ceruledge
|-damage|p2a: Ceruledge|3/100
|-unboost|p2a: Ceruledge|spa|1
|
|-weather|SunnyDay|[upkeep]
|upkeep
|turn|15
|c|☆FightingGymLeader8|YOu normally see at like 160p+
|c|☆FightingGymLeader8|1600
|
|t:|1758342391
|move|p2a: Ceruledge|Shadow Sneak|p1a: Zamazenta
|-damage|p1a: Zamazenta|12/100
|move|p1a: Zamazenta|Flash Cannon|p2a: Ceruledge
|-supereffective|p2a: Ceruledge
|-damage|p2a: Ceruledge|0 fnt
|faint|p2a: Ceruledge
|
|-weather|SunnyDay|[upkeep]
|upkeep
|c|☆yemm|gotcha gotcha
|c|☆yemm|ive never been up there
|inactive|yemm has 90 seconds left.
|c|☆yemm|i j started playing latter
|
|t:|1758342407
|switch|p2a: Kingambit|Kingambit, M|100/100
|-activate|p2a: Kingambit|ability: Supreme Overlord
|-start|p2a: Kingambit|fallen3|[silent]
|-item|p2a: Kingambit|Air Balloon
|turn|16
|inactive|yemm has 90 seconds left.
|
|t:|1758342414
|move|p2a: Kingambit|Sucker Punch|p1a: Zamazenta
|-resisted|p1a: Zamazenta
|-damage|p1a: Zamazenta|0 fnt
|faint|p1a: Zamazenta
|
|-weather|SunnyDay|[upkeep]
|upkeep
|
|t:|1758342417
|switch|p1a: Iron Valiant|Iron Valiant|100/100
|-enditem|p1a: Iron Valiant|Booster Energy
|-activate|p1a: Iron Valiant|ability: Quark Drive|[fromitem]
|-start|p1a: Iron Valiant|quarkdrivespe
|turn|17
|inactive|yemm has 90 seconds left.
|c|☆FightingGymLeader8|I got it from friend
|c|☆FightingGymLeader8|He good
|
|t:|1758342452
|move|p1a: Iron Valiant|Drain Punch|p2a: Kingambit
|-supereffective|p2a: Kingambit
|-damage|p2a: Kingambit|0 fnt
|-enditem|p2a: Kingambit|Air Balloon
|faint|p2a: Kingambit
|-end|p2a: Kingambit|fallen3|[silent]
|
|-weather|none
|upkeep
|
|t:|1758342462
|switch|p2a: Ninetales|Ninetales, M|83/100
|-weather|SunnyDay|[from] ability: Drought|[of] p2a: Ninetales
|turn|18
|inactive|yemm has 60 seconds left.
|
|t:|1758342483
|move|p1a: Iron Valiant|Spirit Break|p2a: Ninetales
|-resisted|p2a: Ninetales
|-damage|p2a: Ninetales|60/100
|-unboost|p2a: Ninetales|spa|1
|move|p2a: Ninetales|Overheat|p1a: Iron Valiant
|-damage|p1a: Iron Valiant|22/100
|-unboost|p2a: Ninetales|spa|2
|
|-weather|SunnyDay|[upkeep]
|upkeep
|turn|19
|inactive|yemm has 60 seconds left.
|
|t:|1758342503
|move|p1a: Iron Valiant|Drain Punch|p2a: Ninetales
|-damage|p2a: Ninetales|9/100
|-heal|p1a: Iron Valiant|43/100|[from] drain|[of] p2a: Ninetales
|move|p2a: Ninetales|Overheat|p1a: Iron Valiant
|-damage|p1a: Iron Valiant|1/100
|-unboost|p2a: Ninetales|spa|2
|
|-weather|SunnyDay|[upkeep]
|upkeep
|turn|20
|inactive|yemm has 60 seconds left.
|
|t:|1758342518
|move|p1a: Iron Valiant|Drain Punch|p2a: Ninetales
|-damage|p2a: Ninetales|0 fnt
|-heal|p1a: Iron Valiant|4/100|[from] drain|[of] p2a: Ninetales
|faint|p2a: Ninetales
|
|-weather|SunnyDay|[upkeep]
|upkeep
|c|☆FightingGymLeader8|Lol survived with 1
|c|☆FightingGymLeader8|Crazy
|
|t:|1758342524
|switch|p2a: Great Tusk|Great Tusk|38/100
|-activate|p2a: Great Tusk|ability: Protosynthesis
|-start|p2a: Great Tusk|protosynthesisatk
|turn|21
|c|☆yemm|thats crazy
|
|t:|1758342535
|move|p1a: Iron Valiant|Spirit Break|p2a: Great Tusk
|-supereffective|p2a: Great Tusk
|-damage|p2a: Great Tusk|0 fnt
|faint|p2a: Great Tusk
|-end|p2a: Great Tusk|Protosynthesis|[silent]
|
|win|FightingGymLeader8
|raw|FightingGymLeader8's rating: 1124 &rarr; <strong>1155</strong><br />(+31 for winning)
|raw|yemm's rating: 1203 &rarr; <strong>1172</strong><br />(-31 for losing)
|c|☆yemm|lemme challenge again
|l|☆yemm
|player|p2|
|c|☆FightingGymLeader8|Okay
|l|☆FightingGymLeader8
|player|p1|
