|j|☆Crocodile E
|j|☆AllegianceIs2UrMom
|t:|1758365897
|gametype|singles
|player|p1|Crocodile E|depotagent|1508
|player|p2|AllegianceIs2UrMom|102|1475
|gen|9
|tier|[Gen 9] OU
|rated|
|rule|HP Percentage Mod: HP is shown in percentages
|rule|Endless Battle Clause: Forcing endless battles is banned
|rule|Species Clause: Limit one of each Pokémon
|rule|OHKO Clause: OHKO moves are banned
|rule|Evasion Items Clause: Evasion items are banned
|rule|Evasion Moves Clause: Evasion moves are banned
|rule|Evasion Abilities Clause: Evasion abilities are banned
|rule|Sleep Moves Clause: Sleep-inducing moves are banned
|clearpoke
|poke|p1|Deoxys-Speed|
|poke|p1|Gholdengo|
|poke|p1|Ting-Lu|
|poke|p1|Ogerpon-Wellspring, F|
|poke|p1|Kingambit, M|
|poke|p1|Raging Bolt|
|poke|p2|Metagross|
|poke|p2|Hatterene, F|
|poke|p2|Iron Hands|
|poke|p2|Toedscruel, M|
|poke|p2|Pelipper, F|
|poke|p2|Ursaluna, M|
|teampreview
|
|t:|1758365906
|teamsize|p1|6
|teamsize|p2|6
|start
|switch|p1a: Kingambit|Kingambit, M|100/100
|switch|p2a: Metagross|Metagross|100/100
|turn|1
|inactive|Battle timer is ON: inactive players will automatically lose when time's up. (requested by Crocodile E)
|
|t:|1758365909
|switch|p2a: Iron Hands|Iron Hands|100/100
|move|p1a: Kingambit|Kowtow Cleave|p2a: Iron Hands
|-resisted|p2a: Iron Hands
|-damage|p2a: Iron Hands|86/100
|
|-heal|p2a: Iron Hands|92/100|[from] item: Leftovers
|upkeep
|turn|2
|
|t:|1758365913
|-end|p1a: Kingambit|fallenundefined|[silent]
|switch|p1a: Gholdengo|Gholdengo|100/100
|-item|p1a: Gholdengo|Air Balloon
|move|p2a: Iron Hands|Swords Dance|p2a: Iron Hands
|-boost|p2a: Iron Hands|atk|2
|
|-heal|p2a: Iron Hands|99/100|[from] item: Leftovers
|upkeep
|turn|3
|
|t:|1758365920
|move|p1a: Gholdengo|Shadow Ball|p2a: Iron Hands
|-damage|p2a: Iron Hands|67/100
|-unboost|p2a: Iron Hands|spd|1
|move|p2a: Iron Hands|Supercell Slam|p1a: Gholdengo
|-damage|p1a: Gholdengo|23/100
|-enditem|p1a: Gholdengo|Air Balloon
|
|-heal|p2a: Iron Hands|73/100|[from] item: Leftovers
|upkeep
|turn|4
|
|t:|1758365929
|move|p1a: Gholdengo|Make It Rain|p2a: Iron Hands
|-resisted|p2a: Iron Hands
|-damage|p2a: Iron Hands|38/100
|-unboost|p1a: Gholdengo|spa|1
|move|p2a: Iron Hands|Drain Punch|p1a: Gholdengo
|-immune|p1a: Gholdengo
|
|-heal|p2a: Iron Hands|44/100|[from] item: Leftovers
|upkeep
|turn|5
|
|t:|1758365936
|move|p1a: Gholdengo|Recover|p1a: Gholdengo
|-heal|p1a: Gholdengo|73/100
|move|p2a: Iron Hands|Drain Punch|p1a: Gholdengo
|-immune|p1a: Gholdengo
|
|-heal|p2a: Iron Hands|50/100|[from] item: Leftovers
|upkeep
|turn|6
|
|t:|1758365941
|move|p1a: Gholdengo|Nasty Plot|p1a: Gholdengo
|-boost|p1a: Gholdengo|spa|2
|move|p2a: Iron Hands|Drain Punch|p1a: Gholdengo
|-immune|p1a: Gholdengo
|
|-heal|p2a: Iron Hands|56/100|[from] item: Leftovers
|upkeep
|turn|7
|c|☆AllegianceIs2UrMom|Why cant I hit this shit, it is steel type
|
|t:|1758365956
|move|p1a: Gholdengo|Shadow Ball|p2a: Iron Hands
|-damage|p2a: Iron Hands|0 fnt
|faint|p2a: Iron Hands
|-end|p2a: Iron Hands|Quark Drive|[silent]
|
|upkeep
|c|☆AllegianceIs2UrMom|This game is broken as fuck
|inactive|AllegianceIs2UrMom has 120 seconds left.
|c|☆AllegianceIs2UrMom|They don't know how to code
|inactive|AllegianceIs2UrMom has 90 seconds left.
|
|t:|1758366009
|switch|p2a: Toedscruel|Toedscruel, M|100/100
|turn|8
|
|t:|1758366014
|move|p2a: Toedscruel|Earth Power|p1a: Gholdengo
|-supereffective|p1a: Gholdengo
|-damage|p1a: Gholdengo|23/100
|move|p1a: Gholdengo|Make It Rain|p2a: Toedscruel
|-damage|p2a: Toedscruel|49/100
|-unboost|p1a: Gholdengo|spa|1
|
|-heal|p2a: Toedscruel|55/100|[from] item: Leftovers
|upkeep
|turn|9
|
|t:|1758366021
|switch|p1a: Ting-Lu|Ting-Lu|100/100
|-ability|p1a: Ting-Lu|Vessel of Ruin
|move|p2a: Toedscruel|Trick Room|p2a: Toedscruel
|-fieldstart|move: Trick Room|[of] p2a: Toedscruel
|
|-heal|p2a: Toedscruel|61/100|[from] item: Leftovers
|upkeep
|turn|10
|
|t:|1758366025
|switch|p2a: Hatterene|Hatterene, F|100/100
|move|p1a: Ting-Lu|Earthquake|p2a: Hatterene
|-damage|p2a: Hatterene|69/100
|
|-heal|p2a: Hatterene|75/100|[from] item: Leftovers
|upkeep
|turn|11
|
|t:|1758366028
|move|p2a: Hatterene|Draining Kiss|p1a: Ting-Lu
|-supereffective|p1a: Ting-Lu
|-damage|p1a: Ting-Lu|79/100
|-heal|p2a: Hatterene|100/100|[from] drain|[of] p1a: Ting-Lu
|move|p1a: Ting-Lu|Ruination|p2a: Hatterene
|-damage|p2a: Hatterene|50/100
|
|-heal|p2a: Hatterene|56/100|[from] item: Leftovers
|-heal|p1a: Ting-Lu|86/100|[from] item: Leftovers
|upkeep
|turn|12
|
|t:|1758366033
|move|p2a: Hatterene|Draining Kiss|p1a: Ting-Lu
|-supereffective|p1a: Ting-Lu
|-damage|p1a: Ting-Lu|65/100
|-heal|p2a: Hatterene|82/100|[from] drain|[of] p1a: Ting-Lu
|move|p1a: Ting-Lu|Ruination|p2a: Hatterene|[miss]
|-miss|p1a: Ting-Lu|p2a: Hatterene
|
|-heal|p2a: Hatterene|88/100|[from] item: Leftovers
|-heal|p1a: Ting-Lu|71/100|[from] item: Leftovers
|upkeep
|turn|13
|
|t:|1758366037
|move|p2a: Hatterene|Draining Kiss|p1a: Ting-Lu
|-supereffective|p1a: Ting-Lu
|-damage|p1a: Ting-Lu|52/100
|-heal|p2a: Hatterene|100/100|[from] drain|[of] p1a: Ting-Lu
|move|p1a: Ting-Lu|Whirlwind|p2a: Hatterene
|move|p2a: Hatterene|Whirlwind|p1a: Ting-Lu|[from] ability: Magic Bounce
|drag|p1a: Deoxys|Deoxys-Speed|100/100
|-ability|p1a: Deoxys|Pressure
|
|-fieldend|move: Trick Room
|upkeep
|turn|14
|
|t:|1758366041
|move|p1a: Deoxys|Knock Off|p2a: Hatterene
|-crit|p2a: Hatterene
|-damage|p2a: Hatterene|69/100
|-enditem|p2a: Hatterene|Leftovers|[from] move: Knock Off|[of] p1a: Deoxys
|move|p2a: Hatterene|Trick Room|p2a: Hatterene
|-fieldstart|move: Trick Room|[of] p2a: Hatterene
|
|upkeep
|turn|15
|
|t:|1758366048
|switch|p2a: Metagross|Metagross|100/100
|switch|p1a: Gholdengo|Gholdengo|23/100
|
|upkeep
|turn|16
|
|t:|1758366054
|move|p2a: Metagross|Psychic Fangs|p1a: Gholdengo
|-resisted|p1a: Gholdengo
|-damage|p1a: Gholdengo|4/100
|move|p1a: Gholdengo|Recover|p1a: Gholdengo
|-heal|p1a: Gholdengo|55/100
|
|upkeep
|turn|17
|
|t:|1758366056
|move|p2a: Metagross|Knock Off|p1a: Gholdengo
|-supereffective|p1a: Gholdengo
|-damage|p1a: Gholdengo|17/100
|move|p1a: Gholdengo|Recover|p1a: Gholdengo
|-heal|p1a: Gholdengo|68/100
|
|upkeep
|turn|18
|
|t:|1758366058
|move|p2a: Metagross|Knock Off|p1a: Gholdengo
|-supereffective|p1a: Gholdengo
|-damage|p1a: Gholdengo|29/100
|move|p1a: Gholdengo|Recover|p1a: Gholdengo
|-heal|p1a: Gholdengo|80/100
|
|-fieldend|move: Trick Room
|upkeep
|turn|19
|
|t:|1758366061
|move|p1a: Gholdengo|Shadow Ball|p2a: Metagross
|-supereffective|p2a: Metagross
|-damage|p2a: Metagross|48/100
|move|p2a: Metagross|Knock Off|p1a: Gholdengo
|-supereffective|p1a: Gholdengo
|-damage|p1a: Gholdengo|39/100
|
|upkeep
|turn|20
|
|t:|1758366065
|move|p1a: Gholdengo|Shadow Ball|p2a: Metagross
|-supereffective|p2a: Metagross
|-damage|p2a: Metagross|3/100
|move|p2a: Metagross|Knock Off|p1a: Gholdengo
|-supereffective|p1a: Gholdengo
|-damage|p1a: Gholdengo|3/100
|
|upkeep
|turn|21
|
|t:|1758366068
|move|p2a: Metagross|Bullet Punch|p1a: Gholdengo
|-resisted|p1a: Gholdengo
|-damage|p1a: Gholdengo|0 fnt
|faint|p1a: Gholdengo
|
|upkeep
|
|t:|1758366072
|switch|p1a: Ogerpon|Ogerpon-Wellspring, F|100/100
|turn|22
|
|t:|1758366077
|switch|p2a: Pelipper|Pelipper, F|100/100
|-weather|RainDance|[from] ability: Drizzle|[of] p2a: Pelipper
|move|p1a: Ogerpon|Substitute|p1a: Ogerpon
|-start|p1a: Ogerpon|Substitute
|-damage|p1a: Ogerpon|76/100
|
|-weather|RainDance|[upkeep]
|upkeep
|turn|23
|
|t:|1758366079
|move|p1a: Ogerpon|Swords Dance|p1a: Ogerpon
|-boost|p1a: Ogerpon|atk|2
|move|p2a: Pelipper|Hurricane|p1a: Ogerpon
|-supereffective|p1a: Ogerpon
|-end|p1a: Ogerpon|Substitute
|
|-weather|RainDance|[upkeep]
|upkeep
|turn|24
|
|t:|1758366081
|move|p1a: Ogerpon|Horn Leech|p2a: Pelipper
|-damage|p2a: Pelipper|11/100
|-heal|p1a: Ogerpon|100/100|[from] drain|[of] p2a: Pelipper
|move|p2a: Pelipper|Hurricane|p1a: Ogerpon
|-supereffective|p1a: Ogerpon
|-damage|p1a: Ogerpon|0 fnt
|faint|p1a: Ogerpon
|
|-weather|RainDance|[upkeep]
|upkeep
|
|t:|1758366086
|switch|p1a: Deoxys|Deoxys-Speed|100/100
|-ability|p1a: Deoxys|Pressure
|turn|25
|
|t:|1758366107
|move|p1a: Deoxys|Knock Off|p2a: Pelipper
|-damage|p2a: Pelipper|0 fnt
|-enditem|p2a: Pelipper|Mystic Water|[from] move: Knock Off|[of] p1a: Deoxys
|faint|p2a: Pelipper
|
|-weather|RainDance|[upkeep]
|upkeep
|
|t:|1758366109
|switch|p2a: Hatterene|Hatterene, F|69/100
|turn|26
|
|t:|1758366112
|switch|p1a: Ting-Lu|Ting-Lu|52/100
|-ability|p1a: Ting-Lu|Vessel of Ruin
|move|p2a: Hatterene|Trick Room|p2a: Hatterene
|-fieldstart|move: Trick Room|[of] p2a: Hatterene
|
|-weather|none
|-heal|p1a: Ting-Lu|58/100|[from] item: Leftovers
|upkeep
|turn|27
|
|t:|1758366122
|move|p2a: Hatterene|Draining Kiss|p1a: Ting-Lu
|-supereffective|p1a: Ting-Lu
|-damage|p1a: Ting-Lu|37/100
|-heal|p2a: Hatterene|95/100|[from] drain|[of] p1a: Ting-Lu
|move|p1a: Ting-Lu|Earthquake|p2a: Hatterene
|-damage|p2a: Hatterene|67/100
|
|-heal|p1a: Ting-Lu|43/100|[from] item: Leftovers
|upkeep
|turn|28
|
|t:|1758366125
|move|p2a: Hatterene|Draining Kiss|p1a: Ting-Lu
|-supereffective|p1a: Ting-Lu
|-damage|p1a: Ting-Lu|22/100
|-heal|p2a: Hatterene|92/100|[from] drain|[of] p1a: Ting-Lu
|move|p1a: Ting-Lu|Earthquake|p2a: Hatterene
|-damage|p2a: Hatterene|63/100
|
|-heal|p1a: Ting-Lu|28/100|[from] item: Leftovers
|upkeep
|turn|29
|
|t:|1758366127
|move|p2a: Hatterene|Draining Kiss|p1a: Ting-Lu
|-supereffective|p1a: Ting-Lu
|-damage|p1a: Ting-Lu|8/100
|-heal|p2a: Hatterene|87/100|[from] drain|[of] p1a: Ting-Lu
|move|p1a: Ting-Lu|Earthquake|p2a: Hatterene
|-damage|p2a: Hatterene|57/100
|
|-heal|p1a: Ting-Lu|14/100|[from] item: Leftovers
|upkeep
|turn|30
|
|t:|1758366129
|move|p2a: Hatterene|Draining Kiss|p1a: Ting-Lu
|-supereffective|p1a: Ting-Lu
|-damage|p1a: Ting-Lu|0 fnt
|-heal|p2a: Hatterene|74/100|[from] drain|[of] p1a: Ting-Lu
|faint|p1a: Ting-Lu
|
|-fieldend|move: Trick Room
|upkeep
|
|t:|1758366131
|switch|p1a: Kingambit|Kingambit, M|100/100
|-activate|p1a: Kingambit|ability: Supreme Overlord
|-start|p1a: Kingambit|fallen3|[silent]
|turn|31
|
|t:|1758366140
|move|p1a: Kingambit|Iron Head|p2a: Hatterene
|-supereffective|p2a: Hatterene
|-damage|p2a: Hatterene|0 fnt
|faint|p2a: Hatterene
|
|upkeep
|
|t:|1758366144
|switch|p2a: Ursaluna|Ursaluna, M|100/100
|turn|32
|
|t:|1758366149
|-terastallize|p1a: Kingambit|Ghost
|move|p1a: Kingambit|Low Kick|p2a: Ursaluna
|-supereffective|p2a: Ursaluna
|-damage|p2a: Ursaluna|4/100
|move|p2a: Ursaluna|Swords Dance|p2a: Ursaluna
|-boost|p2a: Ursaluna|atk|2
|
|-status|p2a: Ursaluna|brn|[from] item: Flame Orb
|upkeep
|turn|33
|
|t:|1758366155
|-terastallize|p2a: Ursaluna|Ghost
|move|p1a: Kingambit|Sucker Punch|p2a: Ursaluna
|-supereffective|p2a: Ursaluna
|-damage|p2a: Ursaluna|0 fnt
|faint|p2a: Ursaluna
|
|upkeep
|-message|AllegianceIs2UrMom forfeited.
|
|win|Crocodile E
