|j|☆parthhhhh
|j|☆dawnsleftbreast
|t:|1758280367
|gametype|singles
|player|p1|parthhhhh|1|
|player|p2|dawnsleftbreast|steven|
|gen|9
|tier|[Gen 9] OU
|rule|HP Percentage Mod: HP is shown in percentages
|rule|Endless Battle Clause: Forcing endless battles is banned
|rule|Species Clause: Limit one of each Pokémon
|rule|OHKO Clause: OHKO moves are banned
|rule|Evasion Items Clause: Evasion items are banned
|rule|Evasion Moves Clause: Evasion moves are banned
|rule|Evasion Abilities Clause: Evasion abilities are banned
|rule|Sleep Moves Clause: Sleep-inducing moves are banned
|clearpoke
|poke|p1|Zamazenta-*|
|poke|p1|Weavile, F|
|poke|p1|Clefable, F|
|poke|p1|Mismagius, M|
|poke|p1|Great Tusk|
|poke|p1|Darkrai|
|poke|p2|Dragonite, M|
|poke|p2|Ceruledge, M|
|poke|p2|Araquanid, M|
|poke|p2|Iron Valiant|
|poke|p2|Glimmora, F|
|poke|p2|Gholdengo|
|teampreview
|
|t:|1758280385
|teamsize|p1|6
|teamsize|p2|6
|start
|switch|p1a: Mismagius|Mismagius, M|100/100
|switch|p2a: Rolanda|Glimmora, F, shiny|100/100
|turn|1
|
|t:|1758280438
|move|p1a: Mismagius|Calm Mind|p1a: Mismagius
|-boost|p1a: Mismagius|spa|1
|-boost|p1a: Mismagius|spd|1
|move|p2a: Rolanda|Stealth Rock|p1a: Mismagius
|-sidestart|p1: parthhhhh|move: Stealth Rock
|
|upkeep
|turn|2
|
|t:|1758280473
|switch|p2a: Blob|Araquanid, M, shiny|100/100
|move|p1a: Mismagius|Psychic|p2a: Blob
|-damage|p2a: Blob|69/100
|
|-heal|p2a: Blob|75/100|[from] item: Leftovers
|upkeep
|turn|3
|
|t:|1758280498
|move|p1a: Mismagius|Calm Mind|p1a: Mismagius
|-boost|p1a: Mismagius|spa|1
|-boost|p1a: Mismagius|spd|1
|move|p2a: Blob|Liquidation|p1a: Mismagius
|-damage|p1a: Mismagius|0 fnt
|faint|p1a: Mismagius
|
|-heal|p2a: Blob|81/100|[from] item: Leftovers
|upkeep
|
|t:|1758280531
|switch|p1a: Zamazenta|Zamazenta|100/100
|-damage|p1a: Zamazenta|94/100|[from] Stealth Rock
|-ability|p1a: Zamazenta|Dauntless Shield|boost
|-boost|p1a: Zamazenta|def|1
|turn|4
|
|t:|1758280562
|move|p1a: Zamazenta|Iron Defense|p1a: Zamazenta
|-boost|p1a: Zamazenta|def|2
|move|p2a: Blob|Reflect|p2a: Blob
|-sidestart|p2: dawnsleftbreast|Reflect
|
|-heal|p1a: Zamazenta|100/100|[from] item: Leftovers
|-heal|p2a: Blob|88/100|[from] item: Leftovers
|upkeep
|turn|5
|
|t:|1758280578
|move|p1a: Zamazenta|Iron Defense|p1a: Zamazenta
|-boost|p1a: Zamazenta|def|2
|move|p2a: Blob|Sticky Web|p1a: Zamazenta
|-sidestart|p1: parthhhhh|move: Sticky Web
|
|-heal|p2a: Blob|94/100|[from] item: Leftovers
|upkeep
|turn|6
|
|t:|1758280587
|switch|p2a: Norrin Radd|Gholdengo|100/100
|move|p1a: Zamazenta|Body Press|p2a: Norrin Radd
|-immune|p2a: Norrin Radd
|
|upkeep
|turn|7
|
|t:|1758280610
|-terastallize|p1a: Zamazenta|Poison
|move|p1a: Zamazenta|Crunch|p2a: Norrin Radd
|-supereffective|p2a: Norrin Radd
|-damage|p2a: Norrin Radd|74/100
|move|p2a: Norrin Radd|Dazzling Gleam|p1a: Zamazenta
|-resisted|p1a: Zamazenta
|-crit|p1a: Zamazenta
|-damage|p1a: Zamazenta|76/100
|
|-heal|p1a: Zamazenta|82/100|[from] item: Leftovers
|upkeep
|turn|8
|
|t:|1758280631
|switch|p2a: Rolanda|Glimmora, F, shiny|100/100
|move|p1a: Zamazenta|Crunch|p2a: Rolanda
|-damage|p2a: Rolanda|86/100
|-activate|p2a: Rolanda|ability: Toxic Debris
|-sidestart|p1: parthhhhh|move: Toxic Spikes
|
|-heal|p1a: Zamazenta|88/100|[from] item: Leftovers
|-sideend|p2: dawnsleftbreast|Reflect
|upkeep
|turn|9
|
|t:|1758280649
|switch|p2a: Norrin Radd|Gholdengo|74/100
|move|p1a: Zamazenta|Body Press|p2a: Norrin Radd
|-immune|p2a: Norrin Radd
|
|-heal|p1a: Zamazenta|95/100|[from] item: Leftovers
|upkeep
|turn|10
|
|t:|1758280661
|move|p1a: Zamazenta|Iron Defense|p1a: Zamazenta
|-boost|p1a: Zamazenta|def|1
|move|p2a: Norrin Radd|Shadow Ball|p1a: Zamazenta
|-damage|p1a: Zamazenta|43/100
|
|-heal|p1a: Zamazenta|49/100|[from] item: Leftovers
|upkeep
|turn|11
|
|t:|1758280670
|move|p1a: Zamazenta|Rest|p1a: Zamazenta
|-status|p1a: Zamazenta|slp|[from] move: Rest
|-heal|p1a: Zamazenta|100/100 slp|[silent]
|move|p2a: Norrin Radd|Shadow Ball|p1a: Zamazenta
|-damage|p1a: Zamazenta|50/100 slp
|
|-heal|p1a: Zamazenta|56/100 slp|[from] item: Leftovers
|upkeep
|turn|12
|
|t:|1758280682
|cant|p1a: Zamazenta|slp
|move|p2a: Norrin Radd|Shadow Ball|p1a: Zamazenta
|-damage|p1a: Zamazenta|10/100 slp
|
|-heal|p1a: Zamazenta|16/100 slp|[from] item: Leftovers
|upkeep
|turn|13
|
|t:|1758280692
|cant|p1a: Zamazenta|slp
|move|p2a: Norrin Radd|Shadow Ball|p1a: Zamazenta
|-damage|p1a: Zamazenta|0 fnt
|faint|p1a: Zamazenta
|
|upkeep
|
|t:|1758280700
|switch|p1a: Great Tusk|Great Tusk|100/100
|-damage|p1a: Great Tusk|98/100|[from] Stealth Rock
|-activate|p1a: Great Tusk|move: Sticky Web
|-unboost|p1a: Great Tusk|spe|1
|-status|p1a: Great Tusk|psn
|-enditem|p1a: Great Tusk|Booster Energy
|-activate|p1a: Great Tusk|ability: Protosynthesis|[fromitem]
|-start|p1a: Great Tusk|protosynthesisatk
|turn|14
|
|t:|1758280716
|move|p2a: Norrin Radd|Shadow Ball|p1a: Great Tusk
|-damage|p1a: Great Tusk|14/100 psn
|move|p1a: Great Tusk|Rapid Spin|p2a: Norrin Radd
|-immune|p2a: Norrin Radd
|
|-damage|p1a: Great Tusk|1/100 psn|[from] psn
|upkeep
|turn|15
|
|t:|1758280732
|move|p2a: Norrin Radd|Shadow Ball|p1a: Great Tusk
|-damage|p1a: Great Tusk|0 fnt
|faint|p1a: Great Tusk
|-end|p1a: Great Tusk|Protosynthesis|[silent]
|
|upkeep
|
|t:|1758280740
|switch|p1a: Darkrai|Darkrai, shiny|100/100
|-damage|p1a: Darkrai|88/100|[from] Stealth Rock
|-activate|p1a: Darkrai|move: Sticky Web
|-unboost|p1a: Darkrai|spe|1
|-status|p1a: Darkrai|psn
|turn|16
|
|t:|1758280753
|switch|p2a: Rolanda|Glimmora, F, shiny|86/100
|move|p1a: Darkrai|Dark Pulse|p2a: Rolanda
|-damage|p2a: Rolanda|28/100
|
|-heal|p1a: Darkrai|94/100 psn|[from] item: Leftovers
|-damage|p1a: Darkrai|82/100 psn|[from] psn
|upkeep
|turn|17
|
|t:|1758280771
|move|p2a: Rolanda|Sludge Wave|p1a: Darkrai
|-damage|p1a: Darkrai|14/100 psn
|move|p1a: Darkrai|Dark Pulse|p2a: Rolanda
|-damage|p2a: Rolanda|0 fnt
|faint|p2a: Rolanda
|
|-heal|p1a: Darkrai|20/100 psn|[from] item: Leftovers
|-damage|p1a: Darkrai|8/100 psn|[from] psn
|upkeep
|
|t:|1758280781
|switch|p2a: Blob|Araquanid, M, shiny|94/100
|turn|18
|
|t:|1758280795
|move|p1a: Darkrai|Sludge Bomb|p2a: Blob
|-damage|p2a: Blob|70/100
|-status|p2a: Blob|psn
|move|p2a: Blob|Leech Life|p1a: Darkrai
|-supereffective|p1a: Darkrai
|-damage|p1a: Darkrai|0 fnt
|-heal|p2a: Blob|73/100 psn|[from] drain|[of] p1a: Darkrai
|faint|p1a: Darkrai
|
|-heal|p2a: Blob|80/100 psn|[from] item: Leftovers
|-damage|p2a: Blob|67/100 psn|[from] psn
|upkeep
|
|t:|1758280812
|switch|p1a: Weavile|Weavile, F|100/100
|-damage|p1a: Weavile|76/100|[from] Stealth Rock
|-activate|p1a: Weavile|move: Sticky Web
|-unboost|p1a: Weavile|spe|1
|-status|p1a: Weavile|psn
|-ability|p1a: Weavile|Pressure
|turn|19
|
|t:|1758280820
|move|p1a: Weavile|Low Kick|p2a: Blob
|-resisted|p2a: Blob
|-damage|p2a: Blob|53/100 psn
|move|p2a: Blob|Leech Life|p1a: Weavile
|-supereffective|p1a: Weavile
|-damage|p1a: Weavile|0 fnt
|-heal|p2a: Blob|84/100 psn|[from] drain|[of] p1a: Weavile
|faint|p1a: Weavile
|
|-heal|p2a: Blob|90/100 psn|[from] item: Leftovers
|-damage|p2a: Blob|78/100 psn|[from] psn
|upkeep
|
|t:|1758280833
|switch|p1a: Clefable|Clefable, F|100/100
|-damage|p1a: Clefable|88/100|[from] Stealth Rock
|-activate|p1a: Clefable|move: Sticky Web
|-unboost|p1a: Clefable|spe|1
|-status|p1a: Clefable|psn
|turn|20
|
|t:|1758280846
|switch|p2a: Norrin Radd|Gholdengo|74/100
|move|p1a: Clefable|Moonblast|p2a: Norrin Radd
|-resisted|p2a: Norrin Radd
|-damage|p2a: Norrin Radd|55/100
|
|-heal|p1a: Clefable|94/100 psn|[from] item: Leftovers
|-damage|p1a: Clefable|82/100 psn|[from] psn
|upkeep
|turn|21
|
|t:|1758280859
|-terastallize|p2a: Norrin Radd|Steel
|move|p2a: Norrin Radd|Flash Cannon|p1a: Clefable
|-supereffective|p1a: Clefable
|-damage|p1a: Clefable|0 fnt
|faint|p1a: Clefable
|
|win|dawnsleftbreast
|l|☆parthhhhh
|player|p1|
