|j|☆randomx6
|j|☆shuppetlover
|t:|1758243894
|gametype|singles
|player|p1|randomx6|lucas|1073
|player|p2|shuppetlover|workerice|1045
|gen|9
|tier|[Gen 9] OU
|rated|
|rule|HP Percentage Mod: HP is shown in percentages
|rule|Endless Battle Clause: Forcing endless battles is banned
|rule|Species Clause: Limit one of each Pokémon
|rule|OHKO Clause: OHKO moves are banned
|rule|Evasion Items Clause: Evasion items are banned
|rule|Evasion Moves Clause: Evasion moves are banned
|rule|Evasion Abilities Clause: Evasion abilities are banned
|rule|Sleep Moves Clause: Sleep-inducing moves are banned
|clearpoke
|poke|p1|Dedenne, F|
|poke|p1|Electivire, M|
|poke|p1|Iron Crown|
|poke|p1|Iron Thorns|
|poke|p1|Hippowdon, M|
|poke|p1|Honchkrow, F|
|poke|p2|Kingambit, M|
|poke|p2|Goodra, M|
|poke|p2|Furret, F|
|poke|p2|Krookodile, F|
|poke|p2|Bronzong|
|poke|p2|Shiftry, F|
|teampreview
|
|t:|1758243904
|teamsize|p1|6
|teamsize|p2|6
|start
|switch|p1a: Electivire|Electivire, M|100/100
|switch|p2a: Kingambit|Kingambit, M|100/100
|turn|1
|
|t:|1758243911
|move|p1a: Electivire|Reflect|p1a: Electivire
|-sidestart|p1: randomx6|Reflect
|move|p2a: Kingambit|Mean Look|p1a: Electivire
|-activate|p1a: Electivire|trapped
|
|upkeep
|turn|2
|
|t:|1758243915
|move|p1a: Electivire|Light Screen|p1a: Electivire
|-sidestart|p1: randomx6|move: Light Screen
|move|p2a: Kingambit|Substitute|p2a: Kingambit
|-start|p2a: Kingambit|Substitute
|-damage|p2a: Kingambit|75/100
|
|-heal|p2a: Kingambit|82/100|[from] item: Leftovers
|upkeep
|turn|3
|
|t:|1758243919
|move|p1a: Electivire|Knock Off|p2a: Kingambit
|-resisted|p2a: Kingambit
|-activate|p2a: Kingambit|move: Substitute|[damage]
|move|p2a: Kingambit|Swords Dance|p2a: Kingambit
|-boost|p2a: Kingambit|atk|2
|
|-heal|p2a: Kingambit|88/100|[from] item: Leftovers
|upkeep
|turn|4
|
|t:|1758243923
|move|p1a: Electivire|Knock Off|p2a: Kingambit
|-resisted|p2a: Kingambit
|-activate|p2a: Kingambit|move: Substitute|[damage]
|move|p2a: Kingambit|Swords Dance|p2a: Kingambit
|-boost|p2a: Kingambit|atk|2
|
|-heal|p2a: Kingambit|94/100|[from] item: Leftovers
|upkeep
|turn|5
|
|t:|1758243935
|move|p1a: Electivire|Knock Off|p2a: Kingambit
|-resisted|p2a: Kingambit
|-end|p2a: Kingambit|Substitute
|move|p2a: Kingambit|Swords Dance|p2a: Kingambit
|-boost|p2a: Kingambit|atk|2
|
|-heal|p2a: Kingambit|99/100|[from] item: Leftovers
|upkeep
|turn|6
|
|t:|1758243941
|move|p2a: Kingambit|Sucker Punch|p1a: Electivire
|-damage|p1a: Electivire|0 fnt
|faint|p1a: Electivire
|
|-heal|p2a: Kingambit|100/100|[from] item: Leftovers
|upkeep
|
|t:|1758243951
|switch|p1a: Hippowdon|Hippowdon, M|100/100
|-weather|Sandstorm|[from] ability: Sand Stream|[of] p1a: Hippowdon
|turn|7
|
|t:|1758243955
|move|p2a: Kingambit|Substitute|p2a: Kingambit
|-start|p2a: Kingambit|Substitute
|-damage|p2a: Kingambit|75/100
|move|p1a: Hippowdon|Whirlwind|p2a: Kingambit
|drag|p2a: Bronzong|Bronzong|100/100
|
|-weather|Sandstorm|[upkeep]
|upkeep
|turn|8
|
|t:|1758243961
|switch|p1a: Iron Crown|Iron Crown|100/100
|switch|p2a: Kingambit|Kingambit, M|75/100
|
|-weather|Sandstorm|[upkeep]
|-heal|p2a: Kingambit|82/100|[from] item: Leftovers
|-sideend|p1: randomx6|Reflect
|upkeep
|turn|9
|
|t:|1758243995
|-end|p1a: Iron Crown|Quark Drive|[silent]
|switch|p1a: Hippowdon|Hippowdon, M|100/100
|switch|p2a: Krookodile|Krookodile, F|100/100
|
|-weather|Sandstorm|[upkeep]
|-sideend|p1: randomx6|move: Light Screen
|upkeep
|turn|10
|
|t:|1758244010
|move|p2a: Krookodile|Crunch|p1a: Hippowdon
|-damage|p1a: Hippowdon|78/100
|move|p1a: Hippowdon|Earthquake|p2a: Krookodile
|-crit|p2a: Krookodile
|-damage|p2a: Krookodile|34/100
|
|-weather|Sandstorm|[upkeep]
|-heal|p1a: Hippowdon|85/100|[from] item: Leftovers
|upkeep
|turn|11
|
|t:|1758244027
|move|p2a: Krookodile|Earthquake|p1a: Hippowdon
|-damage|p1a: Hippowdon|58/100
|move|p1a: Hippowdon|Earthquake|p2a: Krookodile
|-damage|p2a: Krookodile|0 fnt
|faint|p2a: Krookodile
|
|-weather|none
|-heal|p1a: Hippowdon|64/100|[from] item: Leftovers
|upkeep
|
|t:|1758244037
|switch|p2a: Furret|Furret, F|100/100
|-item|p1a: Hippowdon|Leftovers|[from] ability: Frisk|[of] p2a: Furret
|turn|12
|
|t:|1758244041
|move|p2a: Furret|Focus Energy|p2a: Furret
|-start|p2a: Furret|move: Focus Energy
|move|p1a: Hippowdon|Slack Off|p1a: Hippowdon
|-heal|p1a: Hippowdon|100/100
|
|upkeep
|turn|13
|
|t:|1758244046
|move|p2a: Furret|Last Resort|p1a: Hippowdon
|-crit|p1a: Hippowdon
|-damage|p1a: Hippowdon|48/100
|-damage|p2a: Furret|91/100|[from] item: Life Orb
|move|p1a: Hippowdon|Earthquake|p2a: Furret
|-damage|p2a: Furret|34/100
|
|-heal|p1a: Hippowdon|54/100|[from] item: Leftovers
|upkeep
|turn|14
|
|t:|1758244095
|switch|p1a: Dedenne|Dedenne, F|100/100
|move|p2a: Furret|Last Resort|p1a: Dedenne
|-damage|p1a: Dedenne|0 fnt
|faint|p1a: Dedenne
|-damage|p2a: Furret|24/100|[from] item: Life Orb
|
|upkeep
|
|t:|1758244123
|switch|p1a: Iron Crown|Iron Crown|100/100
|turn|15
|
|t:|1758244150
|-end|p1a: Iron Crown|Quark Drive|[silent]
|switch|p1a: Hippowdon|Hippowdon, M|54/100
|-weather|Sandstorm|[from] ability: Sand Stream|[of] p1a: Hippowdon
|move|p2a: Furret|Last Resort|p1a: Hippowdon
|-damage|p1a: Hippowdon|16/100
|-damage|p2a: Furret|14/100|[from] item: Life Orb
|
|-weather|Sandstorm|[upkeep]
|-damage|p2a: Furret|8/100|[from] Sandstorm
|-heal|p1a: Hippowdon|22/100|[from] item: Leftovers
|upkeep
|turn|16
|
|t:|1758244164
|move|p2a: Furret|Last Resort|p1a: Hippowdon
|-damage|p1a: Hippowdon|0 fnt
|faint|p1a: Hippowdon
|-damage|p2a: Furret|0 fnt|[from] item: Life Orb
|faint|p2a: Furret
|
|-weather|Sandstorm|[upkeep]
|upkeep
|
|t:|1758244182
|switch|p2a: Goodra|Goodra, M|100/100
|switch|p1a: Iron Thorns|Iron Thorns|100/100
|-item|p1a: Iron Thorns|Air Balloon
|turn|17
|
|t:|1758244189
|move|p1a: Iron Thorns|Dragon Dance|p1a: Iron Thorns
|-boost|p1a: Iron Thorns|atk|1
|-boost|p1a: Iron Thorns|spe|1
|move|p2a: Goodra|Thunder|p1a: Iron Thorns|[miss]
|-miss|p2a: Goodra|p1a: Iron Thorns
|-enditem|p2a: Goodra|Blunder Policy
|-boost|p2a: Goodra|spe|2
|
|-weather|Sandstorm|[upkeep]
|-damage|p2a: Goodra|94/100|[from] Sandstorm
|upkeep
|turn|18
|
|t:|1758244203
|move|p2a: Goodra|Dragon Pulse|p1a: Iron Thorns
|-damage|p1a: Iron Thorns|69/100
|-enditem|p1a: Iron Thorns|Air Balloon
|move|p1a: Iron Thorns|Stone Edge|p2a: Goodra|[miss]
|-miss|p1a: Iron Thorns|p2a: Goodra
|
|-weather|Sandstorm|[upkeep]
|-damage|p2a: Goodra|88/100|[from] Sandstorm
|upkeep
|turn|19
|
|t:|1758244212
|move|p2a: Goodra|Dragon Pulse|p1a: Iron Thorns
|-damage|p1a: Iron Thorns|34/100
|move|p1a: Iron Thorns|Dragon Dance|p1a: Iron Thorns
|-boost|p1a: Iron Thorns|atk|1
|-boost|p1a: Iron Thorns|spe|1
|
|-weather|none
|upkeep
|turn|20
|
|t:|1758244220
|move|p1a: Iron Thorns|Earthquake|p2a: Goodra
|-damage|p2a: Goodra|2/100
|move|p2a: Goodra|Flamethrower|p1a: Iron Thorns
|-resisted|p1a: Iron Thorns
|-damage|p1a: Iron Thorns|15/100
|
|upkeep
|turn|21
|
|t:|1758244227
|move|p1a: Iron Thorns|Earthquake|p2a: Goodra
|-damage|p2a: Goodra|0 fnt
|faint|p2a: Goodra
|
|upkeep
|
|t:|1758244234
|switch|p2a: Shiftry|Shiftry, F|100/100
|turn|22
|
|t:|1758244244
|move|p2a: Shiftry|Sucker Punch|p1a: Iron Thorns
|-damage|p1a: Iron Thorns|0 fnt
|faint|p1a: Iron Thorns
|-end|p1a: Iron Thorns|Quark Drive|[silent]
|
|upkeep
|
|t:|1758244248
|switch|p1a: Honchkrow|Honchkrow, F|100/100
|turn|23
|
|t:|1758244253
|move|p1a: Honchkrow|Brave Bird|p2a: Shiftry
|-supereffective|p2a: Shiftry
|-damage|p2a: Shiftry|0 fnt
|faint|p2a: Shiftry
|-ability|p1a: Honchkrow|Moxie|boost
|-boost|p1a: Honchkrow|atk|1
|-damage|p1a: Honchkrow|65/100|[from] Recoil
|
|upkeep
|
|t:|1758244258
|switch|p2a: Kingambit|Kingambit, M|82/100
|turn|24
|
|t:|1758244264
|move|p1a: Honchkrow|Heat Wave|p2a: Kingambit
|-supereffective|p2a: Kingambit
|-damage|p2a: Kingambit|35/100
|move|p2a: Kingambit|Substitute|p2a: Kingambit
|-start|p2a: Kingambit|Substitute
|-damage|p2a: Kingambit|10/100
|
|-heal|p2a: Kingambit|16/100|[from] item: Leftovers
|upkeep
|turn|25
|
|t:|1758244276
|switch|p1a: Iron Crown|Iron Crown|100/100
|-terastallize|p2a: Kingambit|Dragon
|move|p2a: Kingambit|Swords Dance|p2a: Kingambit
|-boost|p2a: Kingambit|atk|2
|
|-heal|p2a: Kingambit|22/100|[from] item: Leftovers
|upkeep
|turn|26
|
|t:|1758244282
|move|p2a: Kingambit|Sucker Punch||[still]
|-fail|p2a: Kingambit
|move|p1a: Iron Crown|Agility|p1a: Iron Crown
|-boost|p1a: Iron Crown|spe|2
|
|-heal|p2a: Kingambit|28/100|[from] item: Leftovers
|upkeep
|turn|27
|
|t:|1758244284
|move|p1a: Iron Crown|Agility|p1a: Iron Crown
|-boost|p1a: Iron Crown|spe|2
|move|p2a: Kingambit|Swords Dance|p2a: Kingambit
|-boost|p2a: Kingambit|atk|2
|
|-heal|p2a: Kingambit|34/100|[from] item: Leftovers
|upkeep
|turn|28
|
|t:|1758244288
|move|p2a: Kingambit|Sucker Punch||[still]
|-fail|p2a: Kingambit
|move|p1a: Iron Crown|Calm Mind|p1a: Iron Crown
|-boost|p1a: Iron Crown|spa|1
|-boost|p1a: Iron Crown|spd|1
|
|-heal|p2a: Kingambit|40/100|[from] item: Leftovers
|upkeep
|turn|29
|
|t:|1758244291
|move|p1a: Iron Crown|Calm Mind|p1a: Iron Crown
|-boost|p1a: Iron Crown|spa|1
|-boost|p1a: Iron Crown|spd|1
|move|p2a: Kingambit|Swords Dance|p2a: Kingambit
|-boost|p2a: Kingambit|atk|2
|
|-heal|p2a: Kingambit|46/100|[from] item: Leftovers
|upkeep
|turn|30
|
|t:|1758244295
|move|p1a: Iron Crown|Calm Mind|p1a: Iron Crown
|-boost|p1a: Iron Crown|spa|1
|-boost|p1a: Iron Crown|spd|1
|move|p2a: Kingambit|Swords Dance|p2a: Kingambit
|-boost|p2a: Kingambit|atk|0
|
|-heal|p2a: Kingambit|52/100|[from] item: Leftovers
|upkeep
|turn|31
|
|t:|1758244299
|move|p1a: Iron Crown|Calm Mind|p1a: Iron Crown
|-boost|p1a: Iron Crown|spa|1
|-boost|p1a: Iron Crown|spd|1
|move|p2a: Kingambit|Swords Dance|p2a: Kingambit
|-boost|p2a: Kingambit|atk|0
|
|-heal|p2a: Kingambit|58/100|[from] item: Leftovers
|upkeep
|turn|32
|
|t:|1758244302
|move|p2a: Kingambit|Sucker Punch||[still]
|-fail|p2a: Kingambit
|move|p1a: Iron Crown|Calm Mind|p1a: Iron Crown
|-boost|p1a: Iron Crown|spa|1
|-boost|p1a: Iron Crown|spd|1
|
|-heal|p2a: Kingambit|64/100|[from] item: Leftovers
|upkeep
|turn|33
|
|t:|1758244304
|move|p1a: Iron Crown|Calm Mind|p1a: Iron Crown
|-boost|p1a: Iron Crown|spa|1
|-boost|p1a: Iron Crown|spd|1
|move|p2a: Kingambit|Swords Dance|p2a: Kingambit
|-boost|p2a: Kingambit|atk|0
|
|-heal|p2a: Kingambit|70/100|[from] item: Leftovers
|upkeep
|turn|34
|
|t:|1758244307
|move|p1a: Iron Crown|Calm Mind|p1a: Iron Crown
|-boost|p1a: Iron Crown|spa|0
|-boost|p1a: Iron Crown|spd|0
|move|p2a: Kingambit|Swords Dance|p2a: Kingambit
|-boost|p2a: Kingambit|atk|0
|
|-heal|p2a: Kingambit|76/100|[from] item: Leftovers
|upkeep
|turn|35
|
|t:|1758244309
|move|p1a: Iron Crown|Agility|p1a: Iron Crown
|-boost|p1a: Iron Crown|spe|2
|move|p2a: Kingambit|Swords Dance|p2a: Kingambit
|-boost|p2a: Kingambit|atk|0
|
|-heal|p2a: Kingambit|82/100|[from] item: Leftovers
|upkeep
|turn|36
|
|t:|1758244313
|move|p2a: Kingambit|Sucker Punch||[still]
|-fail|p2a: Kingambit
|move|p1a: Iron Crown|Calm Mind|p1a: Iron Crown
|-boost|p1a: Iron Crown|spa|0
|-boost|p1a: Iron Crown|spd|0
|
|-heal|p2a: Kingambit|88/100|[from] item: Leftovers
|upkeep
|turn|37
|
|t:|1758244315
|move|p1a: Iron Crown|Calm Mind|p1a: Iron Crown
|-boost|p1a: Iron Crown|spa|0
|-boost|p1a: Iron Crown|spd|0
|move|p2a: Kingambit|Swords Dance|p2a: Kingambit
|-boost|p2a: Kingambit|atk|0
|
|-heal|p2a: Kingambit|94/100|[from] item: Leftovers
|upkeep
|turn|38
|
|t:|1758244319
|move|p1a: Iron Crown|Calm Mind|p1a: Iron Crown
|-boost|p1a: Iron Crown|spa|0
|-boost|p1a: Iron Crown|spd|0
|move|p2a: Kingambit|Swords Dance|p2a: Kingambit
|-boost|p2a: Kingambit|atk|0
|
|-heal|p2a: Kingambit|100/100|[from] item: Leftovers
|upkeep
|turn|39
|
|t:|1758244321
|move|p1a: Iron Crown|Calm Mind|p1a: Iron Crown
|-boost|p1a: Iron Crown|spa|0
|-boost|p1a: Iron Crown|spd|0
|move|p2a: Kingambit|Swords Dance|p2a: Kingambit
|-boost|p2a: Kingambit|atk|0
|
|upkeep
|turn|40
|
|t:|1758244328
|move|p1a: Iron Crown|Calm Mind|p1a: Iron Crown
|-boost|p1a: Iron Crown|spa|0
|-boost|p1a: Iron Crown|spd|0
|move|p2a: Kingambit|Swords Dance|p2a: Kingambit
|-boost|p2a: Kingambit|atk|0
|
|upkeep
|turn|41
|
|t:|1758244333
|move|p1a: Iron Crown|Agility|p1a: Iron Crown
|-boost|p1a: Iron Crown|spe|0
|move|p2a: Kingambit|Swords Dance|p2a: Kingambit
|-boost|p2a: Kingambit|atk|0
|
|upkeep
|turn|42
|
|t:|1758244337
|move|p1a: Iron Crown|Agility|p1a: Iron Crown
|-boost|p1a: Iron Crown|spe|0
|move|p2a: Kingambit|Swords Dance|p2a: Kingambit
|-boost|p2a: Kingambit|atk|0
|
|upkeep
|turn|43
|
|t:|1758244343
|move|p1a: Iron Crown|Agility|p1a: Iron Crown
|-boost|p1a: Iron Crown|spe|0
|move|p2a: Kingambit|Swords Dance|p2a: Kingambit
|-boost|p2a: Kingambit|atk|0
|
|upkeep
|turn|44
|
|t:|1758244349
|move|p1a: Iron Crown|Agility|p1a: Iron Crown
|-boost|p1a: Iron Crown|spe|0
|move|p2a: Kingambit|Swords Dance|p2a: Kingambit
|-boost|p2a: Kingambit|atk|0
|
|upkeep
|turn|45
|
|t:|1758244357
|move|p1a: Iron Crown|Agility|p1a: Iron Crown
|-boost|p1a: Iron Crown|spe|0
|move|p2a: Kingambit|Swords Dance|p2a: Kingambit
|-boost|p2a: Kingambit|atk|0
|
|upkeep
|turn|46
|
|t:|1758244360
|move|p1a: Iron Crown|Agility|p1a: Iron Crown
|-boost|p1a: Iron Crown|spe|0
|move|p2a: Kingambit|Swords Dance|p2a: Kingambit
|-boost|p2a: Kingambit|atk|0
|
|upkeep
|turn|47
|inactive|Battle timer is ON: inactive players will automatically lose when time's up. (requested by randomx6)
|
|t:|1758244371
|move|p1a: Iron Crown|Agility|p1a: Iron Crown
|-boost|p1a: Iron Crown|spe|0
|move|p2a: Kingambit|Swords Dance|p2a: Kingambit
|-boost|p2a: Kingambit|atk|0
|
|upkeep
|turn|48
|
|t:|1758244373
|move|p1a: Iron Crown|Agility|p1a: Iron Crown
|-boost|p1a: Iron Crown|spe|0
|move|p2a: Kingambit|Swords Dance|p2a: Kingambit
|-boost|p2a: Kingambit|atk|0
|
|upkeep
|turn|49
|
|t:|1758244378
|move|p1a: Iron Crown|Agility|p1a: Iron Crown
|-boost|p1a: Iron Crown|spe|0
|move|p2a: Kingambit|Swords Dance|p2a: Kingambit
|-boost|p2a: Kingambit|atk|0
|
|upkeep
|turn|50
|
|t:|1758244386
|move|p1a: Iron Crown|Agility|p1a: Iron Crown
|-boost|p1a: Iron Crown|spe|0
|move|p2a: Kingambit|Swords Dance|p2a: Kingambit
|-boost|p2a: Kingambit|atk|0
|
|upkeep
|turn|51
|
|t:|1758244393
|move|p1a: Iron Crown|Agility|p1a: Iron Crown
|-boost|p1a: Iron Crown|spe|0
|move|p2a: Kingambit|Swords Dance|p2a: Kingambit
|-boost|p2a: Kingambit|atk|0
|
|upkeep
|turn|52
|
|t:|1758244399
|move|p1a: Iron Crown|Agility|p1a: Iron Crown
|-boost|p1a: Iron Crown|spe|0
|move|p2a: Kingambit|Swords Dance|p2a: Kingambit
|-boost|p2a: Kingambit|atk|0
|
|upkeep
|turn|53
|
|t:|1758244405
|move|p1a: Iron Crown|Agility|p1a: Iron Crown
|-boost|p1a: Iron Crown|spe|0
|move|p2a: Kingambit|Swords Dance|p2a: Kingambit
|-boost|p2a: Kingambit|atk|0
|
|upkeep
|turn|54
|
|t:|1758244410
|move|p1a: Iron Crown|Agility|p1a: Iron Crown
|-boost|p1a: Iron Crown|spe|0
|move|p2a: Kingambit|Swords Dance|p2a: Kingambit
|-boost|p2a: Kingambit|atk|0
|
|upkeep
|turn|55
|
|t:|1758244420
|move|p1a: Iron Crown|Agility|p1a: Iron Crown
|-boost|p1a: Iron Crown|spe|0
|move|p2a: Kingambit|Swords Dance|p2a: Kingambit
|-boost|p2a: Kingambit|atk|0
|
|upkeep
|turn|56
|
|t:|1758244429
|move|p1a: Iron Crown|Agility|p1a: Iron Crown
|-boost|p1a: Iron Crown|spe|0
|move|p2a: Kingambit|Swords Dance|p2a: Kingambit
|-boost|p2a: Kingambit|atk|0
|
|upkeep
|turn|57
|
|t:|1758244434
|move|p1a: Iron Crown|Agility|p1a: Iron Crown
|-boost|p1a: Iron Crown|spe|0
|move|p2a: Kingambit|Swords Dance|p2a: Kingambit
|-boost|p2a: Kingambit|atk|0
|
|upkeep
|turn|58
|
|t:|1758244447
|move|p1a: Iron Crown|Agility|p1a: Iron Crown
|-boost|p1a: Iron Crown|spe|0
|move|p2a: Kingambit|Mean Look|p1a: Iron Crown
|-activate|p1a: Iron Crown|trapped
|
|upkeep
|turn|59
|
|t:|1758244462
|move|p1a: Iron Crown|Agility|p1a: Iron Crown
|-boost|p1a: Iron Crown|spe|0
|move|p2a: Kingambit|Substitute|p2a: Kingambit
|-fail|p2a: Kingambit|move: Substitute
|
|upkeep
|turn|60
|
|t:|1758244470
|move|p1a: Iron Crown|Agility|p1a: Iron Crown
|-boost|p1a: Iron Crown|spe|0
|move|p2a: Kingambit|Substitute|p2a: Kingambit
|-fail|p2a: Kingambit|move: Substitute
|
|upkeep
|turn|61
|
|t:|1758244476
|move|p1a: Iron Crown|Agility|p1a: Iron Crown
|-boost|p1a: Iron Crown|spe|0
|move|p2a: Kingambit|Substitute|p2a: Kingambit
|-fail|p2a: Kingambit|move: Substitute
|
|upkeep
|turn|62
|
|t:|1758244481
|move|p1a: Iron Crown|Agility|p1a: Iron Crown
|-boost|p1a: Iron Crown|spe|0
|move|p2a: Kingambit|Substitute|p2a: Kingambit
|-fail|p2a: Kingambit|move: Substitute
|
|upkeep
|turn|63
|
|t:|1758244486
|move|p1a: Iron Crown|Agility|p1a: Iron Crown
|-boost|p1a: Iron Crown|spe|0
|move|p2a: Kingambit|Substitute|p2a: Kingambit
|-fail|p2a: Kingambit|move: Substitute
|
|upkeep
|turn|64
|
|t:|1758244488
|move|p1a: Iron Crown|Agility|p1a: Iron Crown
|-boost|p1a: Iron Crown|spe|0
|move|p2a: Kingambit|Substitute|p2a: Kingambit
|-fail|p2a: Kingambit|move: Substitute
|
|upkeep
|turn|65
|
|t:|1758244490
|move|p1a: Iron Crown|Agility|p1a: Iron Crown
|-boost|p1a: Iron Crown|spe|0
|move|p2a: Kingambit|Substitute|p2a: Kingambit
|-fail|p2a: Kingambit|move: Substitute
|
|upkeep
|turn|66
|
|t:|1758244493
|move|p1a: Iron Crown|Agility|p1a: Iron Crown
|-boost|p1a: Iron Crown|spe|0
|move|p2a: Kingambit|Substitute|p2a: Kingambit
|-fail|p2a: Kingambit|move: Substitute
|
|upkeep
|turn|67
|
|t:|1758244495
|move|p1a: Iron Crown|Agility|p1a: Iron Crown
|-boost|p1a: Iron Crown|spe|0
|move|p2a: Kingambit|Substitute|p2a: Kingambit
|-fail|p2a: Kingambit|move: Substitute
|
|upkeep
|turn|68
|
|t:|1758244500
|move|p1a: Iron Crown|Agility|p1a: Iron Crown
|-boost|p1a: Iron Crown|spe|0
|move|p2a: Kingambit|Substitute|p2a: Kingambit
|-fail|p2a: Kingambit|move: Substitute
|
|upkeep
|turn|69
|
|t:|1758244504
|move|p1a: Iron Crown|Agility|p1a: Iron Crown
|-boost|p1a: Iron Crown|spe|0
|move|p2a: Kingambit|Substitute|p2a: Kingambit
|-fail|p2a: Kingambit|move: Substitute
|
|upkeep
|turn|70
|
|t:|1758244509
|move|p1a: Iron Crown|Agility|p1a: Iron Crown
|-boost|p1a: Iron Crown|spe|0
|move|p2a: Kingambit|Substitute|p2a: Kingambit
|-fail|p2a: Kingambit|move: Substitute
|
|upkeep
|turn|71
|
|t:|1758244514
|move|p1a: Iron Crown|Agility|p1a: Iron Crown
|-boost|p1a: Iron Crown|spe|0
|move|p2a: Kingambit|Substitute|p2a: Kingambit
|-fail|p2a: Kingambit|move: Substitute
|
|upkeep
|turn|72
|
|t:|1758244518
|move|p1a: Iron Crown|Agility|p1a: Iron Crown
|-boost|p1a: Iron Crown|spe|0
|move|p2a: Kingambit|Mean Look||[still]
|-fail|p2a: Kingambit
|
|upkeep
|turn|73
|
|t:|1758244521
|move|p1a: Iron Crown|Agility|p1a: Iron Crown
|-boost|p1a: Iron Crown|spe|0
|move|p2a: Kingambit|Mean Look||[still]
|-fail|p2a: Kingambit
|
|upkeep
|turn|74
|
|t:|1758244525
|move|p1a: Iron Crown|Agility|p1a: Iron Crown
|-boost|p1a: Iron Crown|spe|0
|move|p2a: Kingambit|Mean Look||[still]
|-fail|p2a: Kingambit
|
|upkeep
|turn|75
|
|t:|1758244528
|move|p1a: Iron Crown|Agility|p1a: Iron Crown
|-boost|p1a: Iron Crown|spe|0
|move|p2a: Kingambit|Mean Look||[still]
|-fail|p2a: Kingambit
|
|upkeep
|turn|76
|
|t:|1758244530
|move|p1a: Iron Crown|Agility|p1a: Iron Crown
|-boost|p1a: Iron Crown|spe|0
|move|p2a: Kingambit|Mean Look||[still]
|-fail|p2a: Kingambit
|
|upkeep
|turn|77
|
|t:|1758244532
|move|p1a: Iron Crown|Agility|p1a: Iron Crown
|-boost|p1a: Iron Crown|spe|0
|move|p2a: Kingambit|Mean Look||[still]
|-fail|p2a: Kingambit
|
|upkeep
|turn|78
|
|t:|1758244535
|move|p2a: Kingambit|Sucker Punch||[still]
|-fail|p2a: Kingambit
|move|p1a: Iron Crown|Agility|p1a: Iron Crown
|-boost|p1a: Iron Crown|spe|0
|
|upkeep
|turn|79
|
|t:|1758244537
|move|p2a: Kingambit|Sucker Punch||[still]
|-fail|p2a: Kingambit
|move|p1a: Iron Crown|Agility|p1a: Iron Crown
|-boost|p1a: Iron Crown|spe|0
|
|upkeep
|turn|80
|
|t:|1758244540
|move|p2a: Kingambit|Sucker Punch||[still]
|-fail|p2a: Kingambit
|move|p1a: Iron Crown|Agility|p1a: Iron Crown
|-boost|p1a: Iron Crown|spe|0
|
|upkeep
|turn|81
|
|t:|1758244543
|move|p1a: Iron Crown|Stored Power|p2a: Kingambit
|-end|p2a: Kingambit|Substitute
|-activate|p2a: Kingambit|move: Struggle
|move|p2a: Kingambit|Struggle|p1a: Iron Crown
|-damage|p1a: Iron Crown|16/100
|-damage|p2a: Kingambit|75/100|[from] recoil
|
|-heal|p2a: Kingambit|82/100|[from] item: Leftovers
|upkeep
|turn|82
|
|t:|1758244551
|move|p1a: Iron Crown|Stored Power|p2a: Kingambit
|-damage|p2a: Kingambit|0 fnt
|faint|p2a: Kingambit
|
|upkeep
|
|t:|1758244553
|switch|p2a: Bronzong|Bronzong|100/100
|turn|83
|
|t:|1758244578
|move|p1a: Iron Crown|Stored Power|p2a: Bronzong
|-resisted|p2a: Bronzong
|-damage|p2a: Bronzong|0 fnt
|faint|p2a: Bronzong
|
|win|randomx6
|raw|randomx6's rating: 1073 &rarr; <strong>1100</strong><br />(+27 for winning)
|raw|shuppetlover's rating: 1045 &rarr; <strong>1030</strong><br />(-15 for losing)
