|j|☆nicolasgimenez
|j|☆JelloGringoElmo
|t:|1758344588
|gametype|singles
|player|p1|nicolasgimenez|101|1236
|player|p2|JelloGringoElmo|skyla|1243
|gen|9
|tier|[Gen 9] OU
|rated|
|rule|HP Percentage Mod: HP is shown in percentages
|rule|Endless Battle Clause: Forcing endless battles is banned
|rule|Species Clause: Limit one of each Pokémon
|rule|OHKO Clause: OHKO moves are banned
|rule|Evasion Items Clause: Evasion items are banned
|rule|Evasion Moves Clause: Evasion moves are banned
|rule|Evasion Abilities Clause: Evasion abilities are banned
|rule|Sleep Moves Clause: Sleep-inducing moves are banned
|clearpoke
|poke|p1|Vaporeon, M|
|poke|p1|Hitmonlee, M|
|poke|p1|Articuno|
|poke|p1|Dragonite, F|
|poke|p1|Cobalion|
|poke|p1|Malamar, M|
|poke|p2|Clefable, F|
|poke|p2|Dragapult, M|
|poke|p2|Chesnaught, M|
|poke|p2|Gholdengo|
|poke|p2|Rillaboom, M|
|poke|p2|Hawlucha, M|
|teampreview
|l|☆nicolasgimenez
|player|p1|
|j|☆nicolasgimenez
|player|p1|nicolasgimenez|101|
|
|t:|1758344618
|teamsize|p1|6
|teamsize|p2|6
|start
|switch|p1a: Cobalion|Cobalion|100/100
|switch|p2a: Clefable|Clefable, F, shiny|100/100
|turn|1
|
|t:|1758344631
|switch|p2a: Boomer|Dragapult, M, shiny|100/100
|move|p1a: Cobalion|Stealth Rock|p2a: Boomer
|-sidestart|p2: JelloGringoElmo|move: Stealth Rock
|
|upkeep
|turn|2
|
|t:|1758344640
|move|p2a: Boomer|Flamethrower|p1a: Cobalion
|-supereffective|p1a: Cobalion
|-damage|p1a: Cobalion|50/100
|move|p1a: Cobalion|Thunder Wave|p2a: Boomer|[miss]
|-miss|p1a: Cobalion|p2a: Boomer
|
|-heal|p1a: Cobalion|56/100|[from] item: Leftovers
|upkeep
|turn|3
|
|t:|1758344649
|move|p2a: Boomer|Reflect|p2a: Boomer
|-sidestart|p2: JelloGringoElmo|Reflect
|move|p1a: Cobalion|Thunder Wave|p2a: Boomer
|-status|p2a: Boomer|par
|
|-heal|p1a: Cobalion|63/100|[from] item: Leftovers
|upkeep
|turn|4
|
|t:|1758344659
|switch|p1a: Malamar|Malamar, M|100/100
|move|p2a: Boomer|Flamethrower|p1a: Malamar
|-damage|p1a: Malamar|79/100
|
|upkeep
|turn|5
|
|t:|1758344669
|move|p1a: Malamar|Knock Off|p2a: Boomer
|-supereffective|p2a: Boomer
|-damage|p2a: Boomer|58/100 par
|-enditem|p2a: Boomer|Light Clay|[from] move: Knock Off|[of] p1a: Malamar
|move|p2a: Boomer|Shadow Ball|p1a: Malamar
|-damage|p1a: Malamar|51/100
|
|upkeep
|turn|6
|
|t:|1758344684
|move|p1a: Malamar|Lunge|p2a: Boomer
|-resisted|p2a: Boomer
|-damage|p2a: Boomer|52/100 par
|-unboost|p2a: Boomer|atk|1
|move|p2a: Boomer|Shadow Ball|p1a: Malamar
|-damage|p1a: Malamar|23/100
|
|upkeep
|turn|7
|
|t:|1758344693
|move|p1a: Malamar|Knock Off|p2a: Boomer
|-supereffective|p2a: Boomer
|-damage|p2a: Boomer|18/100 par
|-start|p1a: Malamar|Disable|Knock Off|[from] ability: Cursed Body|[of] p2a: Boomer
|move|p2a: Boomer|Shadow Ball|p1a: Malamar
|-damage|p1a: Malamar|0 fnt
|faint|p1a: Malamar
|
|upkeep
|
|t:|1758344708
|switch|p1a: Vaporeon|Vaporeon, M|100/100
|turn|8
|
|t:|1758344713
|move|p2a: Boomer|Light Screen|p2a: Boomer
|-sidestart|p2: JelloGringoElmo|move: Light Screen
|move|p1a: Vaporeon|Calm Mind|p1a: Vaporeon
|-boost|p1a: Vaporeon|spa|1
|-boost|p1a: Vaporeon|spd|1
|
|upkeep
|turn|9
|
|t:|1758344719
|cant|p2a: Boomer|par
|move|p1a: Vaporeon|Calm Mind|p1a: Vaporeon
|-boost|p1a: Vaporeon|spa|1
|-boost|p1a: Vaporeon|spd|1
|
|upkeep
|turn|10
|
|t:|1758344729
|move|p2a: Boomer|Flamethrower|p1a: Vaporeon
|-resisted|p1a: Vaporeon
|-damage|p1a: Vaporeon|97/100
|move|p1a: Vaporeon|Scald|p2a: Boomer
|-resisted|p2a: Boomer
|-damage|p2a: Boomer|0 fnt
|faint|p2a: Boomer
|
|-heal|p1a: Vaporeon|100/100|[from] item: Leftovers
|-sideend|p2: JelloGringoElmo|Reflect
|upkeep
|
|t:|1758344735
|switch|p2a: Donkey Kong|Rillaboom, M, shiny|100/100
|-damage|p2a: Donkey Kong|88/100|[from] Stealth Rock
|-fieldstart|move: Grassy Terrain|[from] ability: Grassy Surge|[of] p2a: Donkey Kong
|turn|11
|
|t:|1758344746
|switch|p1a: Cobalion|Cobalion|63/100
|move|p2a: Donkey Kong|Grassy Glide|p1a: Cobalion
|-resisted|p1a: Cobalion
|-damage|p1a: Cobalion|53/100
|
|-heal|p1a: Cobalion|59/100|[from] Grassy Terrain
|-heal|p1a: Cobalion|65/100|[from] item: Leftovers
|-heal|p2a: Donkey Kong|94/100|[from] Grassy Terrain
|upkeep
|turn|12
|
|t:|1758344759
|move|p1a: Cobalion|Thunder Wave|p2a: Donkey Kong
|-status|p2a: Donkey Kong|par
|cant|p2a: Donkey Kong|par
|
|-heal|p1a: Cobalion|71/100|[from] Grassy Terrain
|-heal|p1a: Cobalion|77/100|[from] item: Leftovers
|-heal|p2a: Donkey Kong|100/100 par|[from] Grassy Terrain
|-sideend|p2: JelloGringoElmo|move: Light Screen
|upkeep
|turn|13
|
|t:|1758344771
|move|p1a: Cobalion|Iron Head|p2a: Donkey Kong
|-damage|p2a: Donkey Kong|77/100 par
|move|p2a: Donkey Kong|U-turn|p1a: Cobalion
|-resisted|p1a: Cobalion
|-damage|p1a: Cobalion|74/100
|
|t:|1758344779
|switch|p2a: Rex|Chesnaught, M, shiny|100/100|[from] U-turn
|-damage|p2a: Rex|94/100|[from] Stealth Rock
|
|-heal|p1a: Cobalion|80/100|[from] Grassy Terrain
|-heal|p1a: Cobalion|87/100|[from] item: Leftovers
|-heal|p2a: Rex|100/100|[from] Grassy Terrain
|upkeep
|turn|14
|
|t:|1758344795
|move|p1a: Cobalion|Thunder Wave|p2a: Rex
|-status|p2a: Rex|par
|move|p2a: Rex|Belly Drum|p2a: Rex
|-damage|p2a: Rex|50/100 par
|-setboost|p2a: Rex|atk|6|[from] move: Belly Drum
|-enditem|p2a: Rex|Sitrus Berry|[eat]
|-heal|p2a: Rex|75/100 par|[from] item: Sitrus Berry
|
|-heal|p1a: Cobalion|93/100|[from] Grassy Terrain
|-heal|p1a: Cobalion|99/100|[from] item: Leftovers
|-heal|p2a: Rex|82/100 par|[from] Grassy Terrain
|upkeep
|turn|15
|
|t:|1758344812
|move|p1a: Cobalion|Body Press|p2a: Rex
|-damage|p2a: Rex|43/100 par
|move|p2a: Rex|Drain Punch|p1a: Cobalion
|-supereffective|p1a: Cobalion
|-damage|p1a: Cobalion|0 fnt
|-heal|p2a: Rex|98/100 par|[from] drain|[of] p1a: Cobalion
|faint|p1a: Cobalion
|
|-heal|p2a: Rex|100/100 par|[from] Grassy Terrain
|upkeep
|
|t:|1758344828
|switch|p1a: Articuno|Articuno|100/100
|-ability|p1a: Articuno|Pressure
|turn|16
|inactive|Battle timer is ON: inactive players will automatically lose when time's up. (requested by JelloGringoElmo)
|
|t:|1758344834
|-terastallize|p2a: Rex|Fire
|move|p1a: Articuno|Freeze-Dry|p2a: Rex
|-resisted|p2a: Rex
|-damage|p2a: Rex|81/100 par
|move|p2a: Rex|Tera Blast|p1a: Articuno|[anim] Tera Blast Fire
|-supereffective|p1a: Articuno
|-damage|p1a: Articuno|0 fnt
|faint|p1a: Articuno
|
|-heal|p2a: Rex|87/100 par|[from] Grassy Terrain
|upkeep
|
|t:|1758344847
|switch|p1a: Vaporeon|Vaporeon, M|100/100
|turn|17
|
|t:|1758344853
|-terastallize|p1a: Vaporeon|Water
|cant|p2a: Rex|par
|move|p1a: Vaporeon|Scald|p2a: Rex
|-supereffective|p2a: Rex
|-damage|p2a: Rex|0 fnt
|faint|p2a: Rex
|
|upkeep
|
|t:|1758344860
|switch|p2a: Clefable|Clefable, F, shiny|100/100
|-damage|p2a: Clefable|88/100|[from] Stealth Rock
|turn|18
|
|t:|1758344868
|move|p1a: Vaporeon|Scald|p2a: Clefable
|-damage|p2a: Clefable|38/100
|-status|p2a: Clefable|brn
|move|p2a: Clefable|Calm Mind|p2a: Clefable
|-boost|p2a: Clefable|spa|1
|-boost|p2a: Clefable|spd|1
|
|-heal|p2a: Clefable|44/100 brn|[from] Grassy Terrain
|-heal|p2a: Clefable|50/100 brn|[from] item: Leftovers
|-damage|p2a: Clefable|44/100 brn|[from] brn
|-fieldend|move: Grassy Terrain
|upkeep
|turn|19
|
|t:|1758344883
|switch|p1a: Hitmonlee|Hitmonlee, M|100/100
|move|p2a: Clefable|Moonblast|p1a: Hitmonlee
|-supereffective|p1a: Hitmonlee
|-damage|p1a: Hitmonlee|0 fnt
|faint|p1a: Hitmonlee
|
|-heal|p2a: Clefable|50/100 brn|[from] item: Leftovers
|-damage|p2a: Clefable|44/100 brn|[from] brn
|upkeep
|
|t:|1758344894
|switch|p1a: Vaporeon|Vaporeon, M, tera:Water|100/100
|turn|20
|
|t:|1758344900
|move|p1a: Vaporeon|Scald|p2a: Clefable
|-damage|p2a: Clefable|10/100 brn
|move|p2a: Clefable|Moonblast|p1a: Vaporeon
|-damage|p1a: Vaporeon|51/100
|
|-heal|p1a: Vaporeon|58/100|[from] item: Leftovers
|-heal|p2a: Clefable|16/100 brn|[from] item: Leftovers
|-damage|p2a: Clefable|10/100 brn|[from] brn
|upkeep
|turn|21
|
|t:|1758344911
|move|p1a: Vaporeon|Scald|p2a: Clefable
|-damage|p2a: Clefable|0 fnt
|faint|p2a: Clefable
|
|-heal|p1a: Vaporeon|64/100|[from] item: Leftovers
|upkeep
|
|t:|1758344914
|switch|p2a: Donkey Kong|Rillaboom, M, shiny|77/100 par
|-damage|p2a: Donkey Kong|65/100 par|[from] Stealth Rock
|-fieldstart|move: Grassy Terrain|[from] ability: Grassy Surge|[of] p2a: Donkey Kong
|turn|22
|
|t:|1758344924
|switch|p1a: Dragonite|Dragonite, F|100/100
|move|p2a: Donkey Kong|Grassy Glide|p1a: Dragonite
|-resisted|p1a: Dragonite
|-damage|p1a: Dragonite|96/100
|
|-heal|p2a: Donkey Kong|71/100 par|[from] Grassy Terrain
|upkeep
|turn|23
|
|t:|1758344935
|move|p1a: Dragonite|Dragon Dance|p1a: Dragonite
|-boost|p1a: Dragonite|atk|1
|-boost|p1a: Dragonite|spe|1
|move|p2a: Donkey Kong|Taunt|p1a: Dragonite
|-start|p1a: Dragonite|move: Taunt
|
|-heal|p2a: Donkey Kong|77/100 par|[from] Grassy Terrain
|upkeep
|turn|24
|
|t:|1758344945
|move|p1a: Dragonite|Dragon Claw|p2a: Donkey Kong
|-damage|p2a: Donkey Kong|21/100 par
|move|p2a: Donkey Kong|Knock Off|p1a: Dragonite
|-damage|p1a: Dragonite|53/100
|-enditem|p1a: Dragonite|Blunder Policy|[from] move: Knock Off|[of] p2a: Donkey Kong
|
|-heal|p2a: Donkey Kong|27/100 par|[from] Grassy Terrain
|upkeep
|turn|25
|
|t:|1758344967
|move|p2a: Donkey Kong|Grassy Glide|p1a: Dragonite
|-resisted|p1a: Dragonite
|-damage|p1a: Dragonite|42/100
|move|p1a: Dragonite|Dragon Claw|p2a: Donkey Kong
|-damage|p2a: Donkey Kong|0 fnt
|faint|p2a: Donkey Kong
|
|upkeep
|
|t:|1758344979
|switch|p2a: Nacho Libre|Hawlucha, M, shiny|100/100
|-damage|p2a: Nacho Libre|88/100|[from] Stealth Rock
|-enditem|p2a: Nacho Libre|Grassy Seed
|-boost|p2a: Nacho Libre|def|1|[from] item: Grassy Seed
|turn|26
|
|t:|1758344987
|move|p1a: Dragonite|Extreme Speed|p2a: Nacho Libre
|-damage|p2a: Nacho Libre|52/100
|move|p2a: Nacho Libre|Acrobatics|p1a: Dragonite
|-crit|p1a: Dragonite
|-damage|p1a: Dragonite|0 fnt
|faint|p1a: Dragonite
|
|upkeep
|
|t:|1758344995
|switch|p1a: Vaporeon|Vaporeon, M, tera:Water|64/100
|turn|27
|
|t:|1758345004
|move|p2a: Nacho Libre|Close Combat|p1a: Vaporeon
|-damage|p1a: Vaporeon|0 fnt
|-unboost|p2a: Nacho Libre|def|1
|-unboost|p2a: Nacho Libre|spd|1
|faint|p1a: Vaporeon
|
|win|JelloGringoElmo
|raw|nicolasgimenez's rating: 1236 &rarr; <strong>1212</strong><br />(-24 for losing)
|raw|JelloGringoElmo's rating: 1243 &rarr; <strong>1267</strong><br />(+24 for winning)
|l|☆nicolasgimenez
|player|p1|
|l|☆JelloGringoElmo
|player|p2|
