|j|☆hansie
|j|☆sailormooo
|t:|1758263346
|gametype|singles
|player|p1|hansie|hiker-gen3rs|1122
|player|p2|sailormooo|whitney|1158
|gen|9
|tier|[Gen 9] OU
|rated|
|rule|HP Percentage Mod: HP is shown in percentages
|rule|Endless Battle Clause: Forcing endless battles is banned
|rule|Species Clause: Limit one of each Pokémon
|rule|OHKO Clause: OHKO moves are banned
|rule|Evasion Items Clause: Evasion items are banned
|rule|Evasion Moves Clause: Evasion moves are banned
|rule|Evasion Abilities Clause: Evasion abilities are banned
|rule|Sleep Moves Clause: Sleep-inducing moves are banned
|clearpoke
|poke|p1|Torkoal, F|
|poke|p1|Hatterene, F|
|poke|p1|Raging Bolt|
|poke|p1|Slither Wing|
|poke|p1|Arboliva, F|
|poke|p1|Walking Wake|
|poke|p2|Maushold-Four|
|poke|p2|Zoroark-Hisui, F|
|poke|p2|Ursaluna, F|
|poke|p2|Ditto|
|poke|p2|Arboliva, F|
|poke|p2|Meloetta|
|teampreview
|inactive|Battle timer is ON: inactive players will automatically lose when time's up. (requested by sailormooo)
|
|t:|1758263362
|teamsize|p1|6
|teamsize|p2|6
|start
|switch|p1a: Arboliva|Arboliva, F|100/100
|switch|p2a: Pocahontas|Arboliva, F, shiny|100/100
|turn|1
|
|t:|1758263368
|move|p2a: Pocahontas|Nasty Plot|p2a: Pocahontas
|-boost|p2a: Pocahontas|spa|2
|move|p1a: Arboliva|Substitute|p1a: Arboliva
|-start|p1a: Arboliva|Substitute
|-damage|p1a: Arboliva|75/100
|
|upkeep
|turn|2
|
|t:|1758263374
|move|p2a: Pocahontas|Hyper Voice|p1a: Arboliva
|-damage|p1a: Arboliva|15/100
|-enditem|p1a: Arboliva|Starf Berry|[eat]
|-boost|p1a: Arboliva|def|2|[from] item: Starf Berry
|move|p1a: Arboliva|Leech Seed|p2a: Pocahontas
|-start|p2a: Pocahontas|move: Leech Seed
|
|-damage|p2a: Pocahontas|88/100|[from] Leech Seed|[of] p1a: Arboliva
|-heal|p1a: Arboliva|23/100|[silent]
|upkeep
|turn|3
|
|t:|1758263383
|move|p1a: Arboliva|Protect|p1a: Arboliva
|-singleturn|p1a: Arboliva|Protect
|move|p2a: Pocahontas|Hyper Voice|p1a: Arboliva
|-activate|p1a: Arboliva|move: Protect
|
|-damage|p2a: Pocahontas|76/100|[from] Leech Seed|[of] p1a: Arboliva
|-heal|p1a: Arboliva|32/100|[silent]
|-item|p1a: Arboliva|Starf Berry|[from] ability: Harvest
|upkeep
|turn|4
|
|t:|1758263398
|move|p1a: Arboliva|Protect|p1a: Arboliva
|-singleturn|p1a: Arboliva|Protect
|move|p2a: Pocahontas|Hyper Voice|p1a: Arboliva
|-activate|p1a: Arboliva|move: Protect
|
|-damage|p2a: Pocahontas|63/100|[from] Leech Seed|[of] p1a: Arboliva
|-heal|p1a: Arboliva|40/100|[silent]
|upkeep
|turn|5
|
|t:|1758263418
|switch|p1a: Hatterene|Hatterene, F|100/100
|-item|p1a: Hatterene|Air Balloon
|move|p2a: Pocahontas|Hyper Voice|p1a: Hatterene
|-damage|p1a: Hatterene|10/100
|-enditem|p1a: Hatterene|Air Balloon
|
|-damage|p2a: Pocahontas|51/100|[from] Leech Seed|[of] p1a: Hatterene
|-heal|p1a: Hatterene|20/100|[silent]
|upkeep
|turn|6
|
|t:|1758263429
|move|p2a: Pocahontas|Shadow Ball|p1a: Hatterene
|-supereffective|p1a: Hatterene
|-damage|p1a: Hatterene|0 fnt
|faint|p1a: Hatterene
|
|upkeep
|
|t:|1758263434
|switch|p1a: Raging Bolt|Raging Bolt|100/100
|turn|7
|
|t:|1758263439
|move|p1a: Raging Bolt|Thunderclap|p2a: Pocahontas
|-damage|p2a: Pocahontas|0 fnt
|replace|p2a: Belle|Zoroark-Hisui, F, shiny
|-end|p2a: Belle|Illusion
|faint|p2a: Belle
|-damage|p1a: Raging Bolt|91/100|[from] item: Life Orb
|
|upkeep
|
|t:|1758263444
|switch|p2a: Merida|Ursaluna, F, shiny|100/100
|turn|8
|
|t:|1758263449
|-end|p1a: Raging Bolt|Protosynthesis|[silent]
|switch|p1a: Torkoal|Torkoal, F|100/100
|-weather|SunnyDay|[from] ability: Drought|[of] p1a: Torkoal
|move|p2a: Merida|Earthquake|p1a: Torkoal
|-supereffective|p1a: Torkoal
|-damage|p1a: Torkoal|3/100
|
|-weather|SunnyDay|[upkeep]
|-status|p2a: Merida|brn|[from] item: Flame Orb
|upkeep
|turn|9
|
|t:|1758263460
|move|p2a: Merida|Facade|p1a: Torkoal
|-damage|p1a: Torkoal|0 fnt
|faint|p1a: Torkoal
|
|-weather|SunnyDay|[upkeep]
|-damage|p2a: Merida|94/100 brn|[from] brn
|upkeep
|
|t:|1758263469
|switch|p1a: Walking Wake|Walking Wake|100/100
|-activate|p1a: Walking Wake|ability: Protosynthesis
|-start|p1a: Walking Wake|protosynthesisspe
|turn|10
|
|t:|1758263480
|move|p1a: Walking Wake|Hydro Steam|p2a: Merida
|-supereffective|p2a: Merida
|-damage|p2a: Merida|0 fnt
|faint|p2a: Merida
|
|-weather|SunnyDay|[upkeep]
|upkeep
|
|t:|1758263486
|switch|p2a: Aurora|Meloetta|100/100
|turn|11
|
|t:|1758263490
|move|p1a: Walking Wake|Flip Turn|p2a: Aurora
|-damage|p2a: Aurora|91/100
|
|t:|1758263498
|-end|p1a: Walking Wake|Protosynthesis|[silent]
|switch|p1a: Slither Wing|Slither Wing|100/100|[from] Flip Turn
|-activate|p1a: Slither Wing|ability: Protosynthesis
|-start|p1a: Slither Wing|protosynthesisatk
|move|p2a: Aurora|Calm Mind|p2a: Aurora
|-boost|p2a: Aurora|spa|1
|-boost|p2a: Aurora|spd|1
|
|-weather|SunnyDay|[upkeep]
|-heal|p2a: Aurora|98/100|[from] item: Leftovers
|upkeep
|turn|12
|
|t:|1758263508
|move|p1a: Slither Wing|First Impression|p2a: Aurora
|-supereffective|p2a: Aurora
|-damage|p2a: Aurora|0 fnt
|faint|p2a: Aurora
|
|-weather|SunnyDay|[upkeep]
|upkeep
|
|t:|1758263514
|switch|p2a: Cinderella|Maushold-Four, shiny|100/100
|turn|13
|
|t:|1758263525
|-terastallize|p2a: Cinderella|Ghost
|move|p2a: Cinderella|Tidy Up|p2a: Cinderella
|-boost|p2a: Cinderella|atk|1
|-boost|p2a: Cinderella|spe|1
|move|p1a: Slither Wing|U-turn|p2a: Cinderella
|-resisted|p2a: Cinderella
|-damage|p2a: Cinderella|57/100
|
|t:|1758263532
|-end|p1a: Slither Wing|Protosynthesis|[silent]
|switch|p1a: Raging Bolt|Raging Bolt|91/100|[from] U-turn
|-activate|p1a: Raging Bolt|ability: Protosynthesis
|-start|p1a: Raging Bolt|protosynthesisspa
|
|-weather|SunnyDay|[upkeep]
|upkeep
|turn|14
|
|t:|1758263538
|move|p1a: Raging Bolt|Thunderclap|p2a: Cinderella
|-damage|p2a: Cinderella|0 fnt
|faint|p2a: Cinderella
|-damage|p1a: Raging Bolt|81/100|[from] item: Life Orb
|
|-weather|SunnyDay|[upkeep]
|upkeep
|
|t:|1758263542
|switch|p2a: Pocahontas|Arboliva, F, shiny|100/100
|turn|15
|
|t:|1758263546
|move|p1a: Raging Bolt|Weather Ball|p2a: Pocahontas
|-supereffective|p2a: Pocahontas
|-damage|p2a: Pocahontas|0 fnt
|faint|p2a: Pocahontas
|-damage|p1a: Raging Bolt|71/100|[from] item: Life Orb
|
|-weather|none
|-end|p1a: Raging Bolt|Protosynthesis
|upkeep
|
|t:|1758263549
|switch|p2a: Ariel|Ditto, shiny|100/100
|-transform|p2a: Ariel|p1a: Raging Bolt|[from] ability: Imposter
|turn|16
|
|t:|1758263556
|move|p2a: Ariel|Dragon Pulse|p1a: Raging Bolt
|-supereffective|p1a: Raging Bolt
|-damage|p1a: Raging Bolt|0 fnt
|faint|p1a: Raging Bolt
|-end|p1a: Raging Bolt|Protosynthesis|[silent]
|
|upkeep
|
|t:|1758263561
|switch|p1a: Arboliva|Arboliva, F|40/100
|turn|17
|
|t:|1758263566
|move|p2a: Ariel|Dragon Pulse|p1a: Arboliva
|-damage|p1a: Arboliva|10/100
|-enditem|p1a: Arboliva|Starf Berry|[eat]
|-boost|p1a: Arboliva|spd|2|[from] item: Starf Berry
|move|p1a: Arboliva|Leech Seed|p2a: Ariel|[miss]
|-miss|p1a: Arboliva|p2a: Ariel
|
|-item|p1a: Arboliva|Starf Berry|[from] ability: Harvest
|upkeep
|-enditem|p1a: Arboliva|Starf Berry|[eat]
|-boost|p1a: Arboliva|spe|2|[from] item: Starf Berry
|turn|18
|
|t:|1758263577
|move|p1a: Arboliva|Protect|p1a: Arboliva
|-singleturn|p1a: Arboliva|Protect
|move|p2a: Ariel|Dragon Pulse|p1a: Arboliva
|-activate|p1a: Arboliva|move: Protect
|
|-item|p1a: Arboliva|Starf Berry|[from] ability: Harvest
|upkeep
|-enditem|p1a: Arboliva|Starf Berry|[eat]
|-boost|p1a: Arboliva|spe|2|[from] item: Starf Berry
|turn|19
|
|t:|1758263589
|move|p2a: Ariel|Dragon Pulse|p1a: Arboliva
|-damage|p1a: Arboliva|0 fnt
|faint|p1a: Arboliva
|
|upkeep
|
|t:|1758263594
|switch|p1a: Slither Wing|Slither Wing|100/100
|turn|20
|
|t:|1758263599
|move|p1a: Slither Wing|First Impression|p2a: Ariel
|-damage|p2a: Ariel|43/100
|move|p2a: Ariel|Dragon Pulse|p1a: Slither Wing
|-damage|p1a: Slither Wing|65/100
|
|upkeep
|turn|21
|-message|sailormooo forfeited.
|
|win|hansie
|raw|hansie's rating: 1122 &rarr; <strong>1150</strong><br />(+28 for winning)
|raw|sailormooo's rating: 1158 &rarr; <strong>1130</strong><br />(-28 for losing)
|l|☆sailormooo
|player|p2|
|l|☆hansie
|player|p1|
