|j|☆Kis Vegallomas
|j|☆tregafzzg4
|t:|1758313998
|gametype|singles
|player|p1|Kis Vegallomas|169|1410
|player|p2|tregafzzg4|sage|1425
|gen|9
|tier|[Gen 9] OU
|rated|
|rule|HP Percentage Mod: HP is shown in percentages
|rule|Endless Battle Clause: Forcing endless battles is banned
|rule|Species Clause: Limit one of each Pokémon
|rule|OHKO Clause: OHKO moves are banned
|rule|Evasion Items Clause: Evasion items are banned
|rule|Evasion Moves Clause: Evasion moves are banned
|rule|Evasion Abilities Clause: Evasion abilities are banned
|rule|Sleep Moves Clause: Sleep-inducing moves are banned
|clearpoke
|poke|p1|Oricorio-Pom-Pom, F|
|poke|p1|Frosmoth, M|
|poke|p1|Venomoth, M|
|poke|p1|Torterra, F|
|poke|p1|Cloyster, F|
|poke|p1|Polteageist-Antique|
|poke|p2|Dragapult, F|
|poke|p2|Weezing-Galar, M|
|poke|p2|Moltres|
|poke|p2|Scizor, F|
|poke|p2|Kyurem|
|poke|p2|Muk-Alola, F|
|teampreview
|
|t:|1758314016
|teamsize|p1|6
|teamsize|p2|6
|start
|switch|p1a: Venomoth|Venomoth, M|100/100
|switch|p2a: Dragapult|Dragapult, F|100/100
|turn|1
|
|t:|1758314020
|move|p2a: Dragapult|Substitute|p2a: Dragapult
|-start|p2a: Dragapult|Substitute
|-damage|p2a: Dragapult|76/100
|move|p1a: Venomoth|Quiver Dance|p1a: Venomoth
|-boost|p1a: Venomoth|spa|1
|-boost|p1a: Venomoth|spd|1
|-boost|p1a: Venomoth|spe|1
|
|upkeep
|turn|2
|
|t:|1758314023
|move|p1a: Venomoth|Sludge Wave|p2a: Dragapult
|-resisted|p2a: Dragapult
|-end|p2a: Dragapult|Substitute
|move|p2a: Dragapult|Dragon Dance|p2a: Dragapult
|-boost|p2a: Dragapult|atk|1
|-boost|p2a: Dragapult|spe|1
|
|upkeep
|turn|3
|
|t:|1758314029
|move|p2a: Dragapult|Substitute|p2a: Dragapult
|-start|p2a: Dragapult|Substitute
|-damage|p2a: Dragapult|51/100
|move|p1a: Venomoth|Sludge Wave|p2a: Dragapult
|-resisted|p2a: Dragapult
|-end|p2a: Dragapult|Substitute
|
|upkeep
|turn|4
|
|t:|1758314033
|move|p2a: Dragapult|Dragon Darts|p1a: Venomoth
|-damage|p1a: Venomoth|29/100
|-anim|p2a: Dragapult|Dragon Darts|p1a: Venomoth
|-damage|p1a: Venomoth|0 fnt
|faint|p1a: Venomoth
|
|upkeep
|
|t:|1758314036
|switch|p1a: Cloyster|Cloyster, F|100/100
|turn|5
|
|t:|1758314040
|move|p1a: Cloyster|Ice Shard|p2a: Dragapult
|-supereffective|p2a: Dragapult
|-damage|p2a: Dragapult|0 fnt
|faint|p2a: Dragapult
|
|upkeep
|
|t:|1758314044
|switch|p2a: Scizor|Scizor, F|100/100
|turn|6
|
|t:|1758314051
|move|p1a: Cloyster|Rock Blast|p2a: Scizor|[miss]
|-miss|p1a: Cloyster|p2a: Scizor
|move|p2a: Scizor|Close Combat|p1a: Cloyster
|-supereffective|p1a: Cloyster
|-enditem|p1a: Cloyster|Focus Sash
|-damage|p1a: Cloyster|1/100
|-unboost|p2a: Scizor|def|1
|-unboost|p2a: Scizor|spd|1
|
|upkeep
|turn|7
|
|t:|1758314055
|switch|p2a: Weezing|Weezing-Galar, M|100/100
|-ability|p2a: Weezing|Neutralizing Gas
|move|p1a: Cloyster|Rock Blast|p2a: Weezing
|-damage|p2a: Weezing|95/100
|-damage|p2a: Weezing|90/100
|-damage|p2a: Weezing|85/100
|-damage|p2a: Weezing|80/100
|-damage|p2a: Weezing|75/100
|-hitcount|p2a: Weezing|5
|
|upkeep
|turn|8
|
|t:|1758314062
|switch|p1a: Oricorio|Oricorio-Pom-Pom, F|100/100
|move|p2a: Weezing|Strange Steam|p1a: Oricorio
|-damage|p1a: Oricorio|64/100
|
|upkeep
|turn|9
|
|t:|1758314065
|-end|p2a: Weezing|ability: Neutralizing Gas
|switch|p2a: Muk|Muk-Alola, F|100/100
|move|p1a: Oricorio|Quiver Dance|p1a: Oricorio
|-boost|p1a: Oricorio|spa|1
|-boost|p1a: Oricorio|spd|1
|-boost|p1a: Oricorio|spe|1
|
|upkeep
|turn|10
|
|t:|1758314071
|move|p1a: Oricorio|Quiver Dance|p1a: Oricorio
|-boost|p1a: Oricorio|spa|1
|-boost|p1a: Oricorio|spd|1
|-boost|p1a: Oricorio|spe|1
|move|p2a: Muk|Knock Off|p1a: Oricorio
|-damage|p1a: Oricorio|16/100
|-status|p1a: Oricorio|psn|[from] ability: Poison Touch|[of] p2a: Muk
|-enditem|p1a: Oricorio|Heavy-Duty Boots|[from] move: Knock Off|[of] p2a: Muk
|
|-damage|p1a: Oricorio|4/100 psn|[from] psn
|upkeep
|turn|11
|
|t:|1758314073
|move|p2a: Muk|Shadow Sneak|p1a: Oricorio
|-damage|p1a: Oricorio|0 fnt
|faint|p1a: Oricorio
|
|upkeep
|
|t:|1758314079
|switch|p1a: Torterra|Torterra, F|100/100
|turn|12
|
|t:|1758314083
|move|p1a: Torterra|Shell Smash|p1a: Torterra
|-unboost|p1a: Torterra|def|1
|-unboost|p1a: Torterra|spd|1
|-boost|p1a: Torterra|atk|2
|-boost|p1a: Torterra|spa|2
|-boost|p1a: Torterra|spe|2
|move|p2a: Muk|Poison Jab|p1a: Torterra
|-damage|p1a: Torterra|58/100
|-status|p1a: Torterra|psn
|
|-damage|p1a: Torterra|46/100 psn|[from] psn
|upkeep
|turn|13
|
|t:|1758314087
|move|p2a: Muk|Shadow Sneak|p1a: Torterra
|-damage|p1a: Torterra|32/100 psn
|move|p1a: Torterra|Headlong Rush|p2a: Muk
|-supereffective|p2a: Muk
|-damage|p2a: Muk|0 fnt
|-unboost|p1a: Torterra|def|1
|-unboost|p1a: Torterra|spd|1
|faint|p2a: Muk
|
|-damage|p1a: Torterra|20/100 psn|[from] psn
|upkeep
|
|t:|1758314090
|switch|p2a: Scizor|Scizor, F|100/100
|turn|14
|
|t:|1758314094
|move|p2a: Scizor|Bullet Punch|p1a: Torterra
|-damage|p1a: Torterra|0 fnt
|faint|p1a: Torterra
|
|upkeep
|
|t:|1758314096
|switch|p1a: Frosmoth|Frosmoth, M|100/100
|turn|15
|
|t:|1758314098
|-terastallize|p1a: Frosmoth|Water
|-terastallize|p2a: Scizor|Steel
|move|p2a: Scizor|Bullet Punch|p1a: Frosmoth
|-resisted|p1a: Frosmoth
|-damage|p1a: Frosmoth|36/100
|move|p1a: Frosmoth|Quiver Dance|p1a: Frosmoth
|-boost|p1a: Frosmoth|spa|1
|-boost|p1a: Frosmoth|spd|1
|-boost|p1a: Frosmoth|spe|1
|
|upkeep
|turn|16
|
|t:|1758314104
|move|p2a: Scizor|Bullet Punch|p1a: Frosmoth
|-resisted|p1a: Frosmoth
|-damage|p1a: Frosmoth|0 fnt
|faint|p1a: Frosmoth
|
|upkeep
|
|t:|1758314107
|switch|p1a: Polteageist|Polteageist-Antique|100/100
|turn|17
|
|t:|1758314111
|move|p2a: Scizor|Bullet Punch|p1a: Polteageist
|-enditem|p1a: Polteageist|Focus Sash
|-damage|p1a: Polteageist|1/100
|-ability|p1a: Polteageist|Weak Armor|boost
|-unboost|p1a: Polteageist|def|1
|-boost|p1a: Polteageist|spe|2
|move|p1a: Polteageist|Shadow Ball|p2a: Scizor
|-damage|p2a: Scizor|35/100
|-unboost|p2a: Scizor|spd|1
|
|upkeep
|turn|18
|-message|Kis Vegallomas forfeited.
|
|win|tregafzzg4
|raw|Kis Vegallomas's rating: 1410 &rarr; <strong>1391</strong><br />(-19 for losing)
|raw|tregafzzg4's rating: 1425 &rarr; <strong>1444</strong><br />(+19 for winning)
|l|☆Kis Vegallomas
|player|p1|
|l|☆tregafzzg4
|player|p2|
