|j|☆Clairrr03
|j|☆nina guitar
|t:|1758367155
|gametype|singles
|player|p1|Clairrr03|169|1276
|player|p2|nina guitar|hilbert|1314
|gen|9
|tier|[Gen 9] OU
|rated|
|rule|HP Percentage Mod: HP is shown in percentages
|rule|Endless Battle Clause: Forcing endless battles is banned
|rule|Species Clause: Limit one of each Pokémon
|rule|OHKO Clause: OHKO moves are banned
|rule|Evasion Items Clause: Evasion items are banned
|rule|Evasion Moves Clause: Evasion moves are banned
|rule|Evasion Abilities Clause: Evasion abilities are banned
|rule|Sleep Moves Clause: Sleep-inducing moves are banned
|clearpoke
|poke|p1|Raging Bolt|
|poke|p1|Great Tusk|
|poke|p1|Iron Moth|
|poke|p1|Corviknight, F|
|poke|p1|Primarina, M|
|poke|p1|Ribombee, M|
|poke|p2|Tyranitar, F|
|poke|p2|Excadrill, M|
|poke|p2|Keldeo-Resolute|
|poke|p2|Tornadus-Therian, M|
|poke|p2|Heatran, F|
|poke|p2|Hydrapple, F|
|teampreview
|inactive|Battle timer is ON: inactive players will automatically lose when time's up. (requested by Clairrr03)
|inactive|nina guitar also wants the timer to be on.
|
|t:|1758367169
|teamsize|p1|6
|teamsize|p2|6
|start
|switch|p1a: Ribombee|Ribombee, M|100/100
|switch|p2a: Hydrapple|Hydrapple, F|100/100
|turn|1
|
|t:|1758367180
|move|p1a: Ribombee|Sticky Web|p2a: Hydrapple
|-sidestart|p2: nina guitar|move: Sticky Web
|move|p2a: Hydrapple|Nasty Plot|p2a: Hydrapple
|-boost|p2a: Hydrapple|spa|2
|
|upkeep
|turn|2
|
|t:|1758367186
|move|p1a: Ribombee|Moonblast|p2a: Hydrapple
|-supereffective|p2a: Hydrapple
|-damage|p2a: Hydrapple|15/100
|move|p2a: Hydrapple|Nasty Plot|p2a: Hydrapple
|-boost|p2a: Hydrapple|spa|2
|
|upkeep
|turn|3
|
|t:|1758367196
|switch|p2a: Heatran|Heatran, F|100/100
|-activate|p2a: Heatran|move: Sticky Web
|-unboost|p2a: Heatran|spe|1
|move|p1a: Ribombee|Moonblast|p2a: Heatran
|-resisted|p2a: Heatran
|-damage|p2a: Heatran|95/100
|
|-heal|p2a: Heatran|100/100|[from] item: Leftovers
|upkeep
|turn|4
|
|t:|1758367204
|move|p1a: Ribombee|Stun Spore|p2a: Heatran
|-status|p2a: Heatran|par
|move|p2a: Heatran|Magma Storm|p1a: Ribombee|[miss]
|-miss|p2a: Heatran|p1a: Ribombee
|
|upkeep
|turn|5
|
|t:|1758367215
|move|p1a: Ribombee|Psychic Noise|p2a: Heatran
|-resisted|p2a: Heatran
|-damage|p2a: Heatran|94/100 par
|-start|p2a: Heatran|move: Heal Block
|move|p2a: Heatran|Magma Storm|p1a: Ribombee|[miss]
|-miss|p2a: Heatran|p1a: Ribombee
|
|upkeep
|turn|6
|
|t:|1758367221
|move|p1a: Ribombee|Psychic Noise|p2a: Heatran
|-resisted|p2a: Heatran
|-damage|p2a: Heatran|88/100 par
|cant|p2a: Heatran|par
|
|-end|p2a: Heatran|move: Heal Block
|upkeep
|turn|7
|
|t:|1758367226
|move|p1a: Ribombee|Psychic Noise|p2a: Heatran
|-resisted|p2a: Heatran
|-damage|p2a: Heatran|81/100 par
|-start|p2a: Heatran|move: Heal Block
|cant|p2a: Heatran|par
|
|upkeep
|turn|8
|
|t:|1758367232
|move|p1a: Ribombee|Psychic Noise|p2a: Heatran
|-resisted|p2a: Heatran
|-damage|p2a: Heatran|75/100 par
|cant|p2a: Heatran|par
|
|-end|p2a: Heatran|move: Heal Block
|upkeep
|turn|9
|
|t:|1758367237
|move|p1a: Ribombee|Psychic Noise|p2a: Heatran
|-resisted|p2a: Heatran
|-damage|p2a: Heatran|68/100 par
|-start|p2a: Heatran|move: Heal Block
|move|p2a: Heatran|Magma Storm|p1a: Ribombee|[miss]
|-miss|p2a: Heatran|p1a: Ribombee
|
|upkeep
|turn|10
|
|t:|1758367244
|move|p1a: Ribombee|Psychic Noise|p2a: Heatran
|-resisted|p2a: Heatran
|-damage|p2a: Heatran|61/100 par
|move|p2a: Heatran|Magma Storm|p1a: Ribombee|[miss]
|-miss|p2a: Heatran|p1a: Ribombee
|
|-end|p2a: Heatran|move: Heal Block
|upkeep
|turn|11
|
|t:|1758367249
|move|p1a: Ribombee|Psychic Noise|p2a: Heatran
|-resisted|p2a: Heatran
|-damage|p2a: Heatran|55/100 par
|-start|p2a: Heatran|move: Heal Block
|cant|p2a: Heatran|par
|
|upkeep
|turn|12
|
|t:|1758367256
|move|p1a: Ribombee|Psychic Noise|p2a: Heatran
|-resisted|p2a: Heatran
|-damage|p2a: Heatran|48/100 par
|move|p2a: Heatran|Magma Storm|p1a: Ribombee|[miss]
|-miss|p2a: Heatran|p1a: Ribombee
|
|-end|p2a: Heatran|move: Heal Block
|upkeep
|turn|13
|
|t:|1758367264
|move|p1a: Ribombee|Psychic Noise|p2a: Heatran
|-resisted|p2a: Heatran
|-damage|p2a: Heatran|41/100 par
|-start|p2a: Heatran|move: Heal Block
|move|p2a: Heatran|Magma Storm|p1a: Ribombee|[miss]
|-miss|p2a: Heatran|p1a: Ribombee
|
|upkeep
|turn|14
|
|t:|1758367272
|move|p1a: Ribombee|Psychic Noise|p2a: Heatran
|-resisted|p2a: Heatran
|-damage|p2a: Heatran|35/100 par
|cant|p2a: Heatran|par
|
|-end|p2a: Heatran|move: Heal Block
|upkeep
|turn|15
|
|t:|1758367279
|move|p1a: Ribombee|Psychic Noise|p2a: Heatran
|-resisted|p2a: Heatran
|-damage|p2a: Heatran|28/100 par
|-start|p2a: Heatran|move: Heal Block
|move|p2a: Heatran|Magma Storm|p1a: Ribombee
|-supereffective|p1a: Ribombee
|-crit|p1a: Ribombee
|-enditem|p1a: Ribombee|Focus Sash
|-damage|p1a: Ribombee|1/100
|-activate|p1a: Ribombee|move: Magma Storm|[of] p2a: Heatran
|
|-damage|p1a: Ribombee|0 fnt|[from] move: Magma Storm|[partiallytrapped]
|faint|p1a: Ribombee
|upkeep
|
|t:|1758367306
|switch|p1a: Primarina|Primarina, M|100/100
|turn|16
|
|t:|1758367310
|move|p1a: Primarina|Substitute|p1a: Primarina
|-start|p1a: Primarina|Substitute
|-damage|p1a: Primarina|75/100
|move|p2a: Heatran|Magma Storm|p1a: Primarina
|-resisted|p1a: Primarina
|-activate|p1a: Primarina|move: Substitute|[damage]
|
|-heal|p1a: Primarina|82/100|[from] item: Leftovers
|-end|p2a: Heatran|move: Heal Block
|upkeep
|turn|17
|
|t:|1758367315
|move|p1a: Primarina|Calm Mind|p1a: Primarina
|-boost|p1a: Primarina|spa|1
|-boost|p1a: Primarina|spd|1
|move|p2a: Heatran|Taunt|p1a: Primarina
|-start|p1a: Primarina|move: Taunt
|
|-heal|p1a: Primarina|88/100|[from] item: Leftovers
|-heal|p2a: Heatran|34/100 par|[from] item: Leftovers
|upkeep
|turn|18
|
|t:|1758367320
|move|p1a: Primarina|Draining Kiss|p2a: Heatran
|-resisted|p2a: Heatran
|-damage|p2a: Heatran|29/100 par
|-heal|p1a: Primarina|92/100|[from] drain|[of] p2a: Heatran
|cant|p2a: Heatran|par
|
|-heal|p1a: Primarina|98/100|[from] item: Leftovers
|-heal|p2a: Heatran|35/100 par|[from] item: Leftovers
|upkeep
|turn|19
|
|t:|1758367323
|move|p1a: Primarina|Psychic Noise|p2a: Heatran
|-supereffective|p2a: Heatran
|-damage|p2a: Heatran|0 fnt
|faint|p2a: Heatran
|
|-heal|p1a: Primarina|100/100|[from] item: Leftovers
|upkeep
|
|t:|1758367333
|switch|p2a: Excadrill|Excadrill, M|100/100
|-item|p2a: Excadrill|Air Balloon
|turn|20
|
|t:|1758367335
|-terastallize|p2a: Excadrill|Ghost
|move|p2a: Excadrill|Rapid Spin|p1a: Primarina
|-end|p1a: Primarina|Substitute
|-sideend|p2: nina guitar|Sticky Web|[from] move: Rapid Spin|[of] p2a: Excadrill
|-boost|p2a: Excadrill|spe|1
|move|p1a: Primarina|Psychic Noise|p2a: Excadrill
|-damage|p2a: Excadrill|37/100
|-start|p2a: Excadrill|move: Heal Block
|-enditem|p2a: Excadrill|Air Balloon
|
|-end|p1a: Primarina|move: Taunt
|upkeep
|turn|21
|
|t:|1758367341
|move|p2a: Excadrill|Iron Head|p1a: Primarina
|-damage|p1a: Primarina|61/100
|move|p1a: Primarina|Draining Kiss|p2a: Excadrill
|-damage|p2a: Excadrill|0 fnt
|-heal|p1a: Primarina|88/100|[from] drain|[of] p2a: Excadrill
|faint|p2a: Excadrill
|
|-heal|p1a: Primarina|94/100|[from] item: Leftovers
|upkeep
|-message|nina guitar forfeited.
|
|win|Clairrr03
|raw|Clairrr03's rating: 1276 &rarr; <strong>1304</strong><br />(+28 for winning)
|raw|nina guitar's rating: 1314 &rarr; <strong>1292</strong><br />(-22 for losing)
|l|☆nina guitar
|player|p2|
