|j|☆guiyas
|j|☆Blackmagicfr
|t:|1758348362
|gametype|singles
|player|p1|guiyas|lucas|1444
|player|p2|Blackmagicfr|giovanni|1468
|gen|9
|tier|[Gen 9] OU
|rated|
|rule|HP Percentage Mod: HP is shown in percentages
|rule|Endless Battle Clause: Forcing endless battles is banned
|rule|Species Clause: Limit one of each Pokémon
|rule|OHKO Clause: OHKO moves are banned
|rule|Evasion Items Clause: Evasion items are banned
|rule|Evasion Moves Clause: Evasion moves are banned
|rule|Evasion Abilities Clause: Evasion abilities are banned
|rule|Sleep Moves Clause: Sleep-inducing moves are banned
|clearpoke
|poke|p1|Torkoal, F|
|poke|p1|Venusaur, F|
|poke|p1|Great Tusk|
|poke|p1|Gholdengo|
|poke|p1|Kingambit, M|
|poke|p1|Dragapult, M|
|poke|p2|Electrode-Hisui|
|poke|p2|Rillaboom, M|
|poke|p2|Alomomola, M|
|poke|p2|Heatran, M|
|poke|p2|Great Tusk|
|poke|p2|Zamazenta-*|
|teampreview
|inactive|Battle timer is ON: inactive players will automatically lose when time's up. (requested by Blackmagicfr)
|
|t:|1758348374
|teamsize|p1|6
|teamsize|p2|6
|start
|switch|p1a: Torkoal|Torkoal, F|100/100
|switch|p2a: Heatran|Heatran, M|100/100
|-weather|SunnyDay|[from] ability: Drought|[of] p1a: Torkoal
|turn|1
|
|t:|1758348385
|move|p2a: Heatran|Magma Storm|p1a: Torkoal
|-resisted|p1a: Torkoal
|-damage|p1a: Torkoal|57/100
|-activate|p1a: Torkoal|move: Magma Storm|[of] p2a: Heatran
|move|p1a: Torkoal|Scorching Sands|p2a: Heatran
|-supereffective|p2a: Heatran
|-damage|p2a: Heatran|68/100
|
|-weather|SunnyDay|[upkeep]
|-heal|p2a: Heatran|75/100|[from] item: Leftovers
|-damage|p1a: Torkoal|44/100|[from] move: Magma Storm|[partiallytrapped]
|upkeep
|turn|2
|
|t:|1758348403
|move|p2a: Heatran|Earth Power|p1a: Torkoal
|-supereffective|p1a: Torkoal
|-damage|p1a: Torkoal|0 fnt
|faint|p1a: Torkoal
|
|-weather|SunnyDay|[upkeep]
|-heal|p2a: Heatran|81/100|[from] item: Leftovers
|upkeep
|
|t:|1758348406
|switch|p1a: Venusaur|Venusaur, F|100/100
|turn|3
|
|t:|1758348413
|-terastallize|p1a: Venusaur|Fire
|-terastallize|p2a: Heatran|Grass
|move|p1a: Venusaur|Growth|p1a: Venusaur
|-boost|p1a: Venusaur|atk|2
|-boost|p1a: Venusaur|spa|2
|move|p2a: Heatran|Magma Storm|p1a: Venusaur|[miss]
|-miss|p2a: Heatran|p1a: Venusaur
|
|-weather|SunnyDay|[upkeep]
|-heal|p2a: Heatran|87/100|[from] item: Leftovers
|upkeep
|turn|4
|
|t:|1758348421
|move|p1a: Venusaur|Sludge Bomb|p2a: Heatran
|-supereffective|p2a: Heatran
|-damage|p2a: Heatran|0 fnt
|faint|p2a: Heatran
|-damage|p1a: Venusaur|91/100|[from] item: Life Orb
|
|-weather|SunnyDay|[upkeep]
|upkeep
|
|t:|1758348426
|switch|p2a: Alomomola|Alomomola, M|100/100
|turn|5
|
|t:|1758348430
|move|p2a: Alomomola|Protect|p2a: Alomomola
|-singleturn|p2a: Alomomola|Protect
|move|p1a: Venusaur|Giga Drain|p2a: Alomomola
|-activate|p2a: Alomomola|move: Protect
|
|-weather|SunnyDay|[upkeep]
|upkeep
|turn|6
|
|t:|1758348449
|switch|p2a: Electrode|Electrode-Hisui, shiny|100/100
|move|p1a: Venusaur|Sludge Bomb|p2a: Electrode
|-supereffective|p2a: Electrode
|-damage|p2a: Electrode|0 fnt
|faint|p2a: Electrode
|-damage|p1a: Venusaur|81/100|[from] item: Life Orb
|
|-weather|SunnyDay|[upkeep]
|upkeep
|
|t:|1758348453
|switch|p2a: Alomomola|Alomomola, M|100/100
|turn|7
|
|t:|1758348458
|move|p2a: Alomomola|Protect|p2a: Alomomola
|-singleturn|p2a: Alomomola|Protect
|move|p1a: Venusaur|Growth|p1a: Venusaur
|-boost|p1a: Venusaur|atk|2
|-boost|p1a: Venusaur|spa|2
|
|-weather|SunnyDay|[upkeep]
|upkeep
|turn|8
|
|t:|1758348465
|move|p2a: Alomomola|Protect||[still]
|-fail|p2a: Alomomola
|move|p1a: Venusaur|Giga Drain|p2a: Alomomola
|-supereffective|p2a: Alomomola
|-damage|p2a: Alomomola|0 fnt
|-heal|p1a: Venusaur|100/100|[from] drain|[of] p2a: Alomomola
|faint|p2a: Alomomola
|-damage|p1a: Venusaur|91/100|[from] item: Life Orb
|
|-weather|none
|upkeep
|
|t:|1758348479
|switch|p2a: Zamazenta|Zamazenta|100/100
|-ability|p2a: Zamazenta|Dauntless Shield|boost
|-boost|p2a: Zamazenta|def|1
|turn|9
|
|t:|1758348484
|move|p2a: Zamazenta|Close Combat|p1a: Venusaur
|-damage|p1a: Venusaur|0 fnt
|-unboost|p2a: Zamazenta|def|1
|-unboost|p2a: Zamazenta|spd|1
|faint|p1a: Venusaur
|
|upkeep
|
|t:|1758348492
|switch|p1a: Gholdengo|Gholdengo|100/100
|turn|10
|
|t:|1758348494
|switch|p2a: Great Tusk|Great Tusk|100/100
|move|p1a: Gholdengo|Shadow Ball|p2a: Great Tusk
|-damage|p2a: Great Tusk|48/100
|
|upkeep
|turn|11
|
|t:|1758348505
|move|p1a: Gholdengo|Shadow Ball|p2a: Great Tusk
|-damage|p2a: Great Tusk|0 fnt
|faint|p2a: Great Tusk
|-end|p2a: Great Tusk|Protosynthesis|[silent]
|
|upkeep
|
|t:|1758348508
|switch|p2a: Rillaboom|Rillaboom, M|100/100
|-fieldstart|move: Grassy Terrain|[from] ability: Grassy Surge|[of] p2a: Rillaboom
|turn|12
|
|t:|1758348511
|move|p1a: Gholdengo|Shadow Ball|p2a: Rillaboom
|-damage|p2a: Rillaboom|50/100
|-unboost|p2a: Rillaboom|spd|1
|move|p2a: Rillaboom|Knock Off|p1a: Gholdengo
|-supereffective|p1a: Gholdengo
|-damage|p1a: Gholdengo|22/100
|-enditem|p1a: Gholdengo|Choice Scarf|[from] move: Knock Off|[of] p2a: Rillaboom
|
|-heal|p1a: Gholdengo|28/100|[from] Grassy Terrain
|-heal|p2a: Rillaboom|57/100|[from] Grassy Terrain
|upkeep
|turn|13
|
|t:|1758348518
|switch|p2a: Zamazenta|Zamazenta|100/100
|move|p1a: Gholdengo|Shadow Ball|p2a: Zamazenta
|-damage|p2a: Zamazenta|60/100
|
|-heal|p2a: Zamazenta|66/100|[from] Grassy Terrain
|-heal|p1a: Gholdengo|34/100|[from] Grassy Terrain
|upkeep
|turn|14
|
|t:|1758348522
|move|p2a: Zamazenta|Crunch|p1a: Gholdengo
|-supereffective|p1a: Gholdengo
|-damage|p1a: Gholdengo|0 fnt
|faint|p1a: Gholdengo
|
|-heal|p2a: Zamazenta|72/100|[from] Grassy Terrain
|upkeep
|
|t:|1758348526
|switch|p1a: Kingambit|Kingambit, M|100/100
|-activate|p1a: Kingambit|ability: Supreme Overlord
|-start|p1a: Kingambit|fallen3|[silent]
|turn|15
|
|t:|1758348528
|switch|p2a: Rillaboom|Rillaboom, M|57/100
|move|p1a: Kingambit|Swords Dance|p1a: Kingambit
|-boost|p1a: Kingambit|atk|2
|
|-heal|p2a: Rillaboom|63/100|[from] Grassy Terrain
|upkeep
|turn|16
|
|t:|1758348533
|move|p2a: Rillaboom|U-turn|p1a: Kingambit
|-damage|p1a: Kingambit|80/100
|
|t:|1758348537
|switch|p2a: Zamazenta|Zamazenta|72/100|[from] U-turn
|move|p1a: Kingambit|Kowtow Cleave|p2a: Zamazenta
|-resisted|p2a: Zamazenta
|-damage|p2a: Zamazenta|0 fnt
|faint|p2a: Zamazenta
|
|-heal|p1a: Kingambit|86/100|[from] Grassy Terrain
|upkeep
|
|t:|1758348540
|switch|p2a: Rillaboom|Rillaboom, M|63/100
|turn|17
|
|t:|1758348544
|move|p2a: Rillaboom|Wood Hammer|p1a: Kingambit
|-resisted|p1a: Kingambit
|-damage|p1a: Kingambit|55/100
|-damage|p2a: Rillaboom|53/100|[from] Recoil
|move|p1a: Kingambit|Iron Head|p2a: Rillaboom
|-damage|p2a: Rillaboom|0 fnt
|faint|p2a: Rillaboom
|
|win|guiyas
|raw|guiyas's rating: 1444 &rarr; <strong>1465</strong><br />(+21 for winning)
|raw|Blackmagicfr's rating: 1468 &rarr; <strong>1447</strong><br />(-21 for losing)
|l|☆Blackmagicfr
|player|p2|
|l|☆guiyas
|player|p1|
