|j|☆Khalil He
|j|☆Prestina
|t:|1758277412
|gametype|singles
|player|p1|Khalil He|unknown|1482
|player|p2|Prestina|akari|1471
|gen|9
|tier|[Gen 9] OU
|rated|
|rule|HP Percentage Mod: HP is shown in percentages
|rule|Endless Battle Clause: Forcing endless battles is banned
|rule|Species Clause: Limit one of each Pokémon
|rule|OHKO Clause: OHKO moves are banned
|rule|Evasion Items Clause: Evasion items are banned
|rule|Evasion Moves Clause: Evasion moves are banned
|rule|Evasion Abilities Clause: Evasion abilities are banned
|rule|Sleep Moves Clause: Sleep-inducing moves are banned
|clearpoke
|poke|p1|Samurott-Hisui, M|
|poke|p1|Landorus-Therian, M|
|poke|p1|Scizor, M|
|poke|p1|Araquanid, M|
|poke|p1|Gholdengo|
|poke|p1|Weavile, M|
|poke|p2|Iron Treads|
|poke|p2|Darkrai|
|poke|p2|Sylveon, F|
|poke|p2|Slowking, F|
|poke|p2|Meowscarada, F|
|poke|p2|Garchomp, F|
|teampreview
|inactive|Battle timer is ON: inactive players will automatically lose when time's up. (requested by Prestina)
|
|t:|1758277431
|teamsize|p1|6
|teamsize|p2|6
|start
|switch|p1a: Samurott|Samurott-Hisui, M, shiny|100/100
|switch|p2a: Weed Cat|Meowscarada, F, shiny|100/100
|turn|1
|
|t:|1758277435
|move|p2a: Weed Cat|U-turn|p1a: Samurott
|-start|p2a: Weed Cat|typechange|Bug|[from] ability: Protean
|-supereffective|p1a: Samurott
|-enditem|p1a: Samurott|Focus Sash
|-damage|p1a: Samurott|1/100
|
|t:|1758277439
|switch|p2a: Girlfailure|Garchomp, F, shiny|100/100|[from] U-turn
|move|p1a: Samurott|Ceaseless Edge|p2a: Girlfailure
|-damage|p2a: Girlfailure|69/100
|-damage|p1a: Samurott|0 fnt|[from] ability: Rough Skin|[of] p2a: Girlfailure
|faint|p1a: Samurott
|
|upkeep
|
|t:|1758277448
|switch|p1a: Weavile|Weavile, M|100/100
|turn|2
|inactive|Prestina has 120 seconds left.
|
|t:|1758277479
|switch|p2a: Mariah Carey|Slowking, F, shiny|100/100
|move|p1a: Weavile|Swords Dance|p1a: Weavile
|-boost|p1a: Weavile|atk|2
|
|upkeep
|turn|3
|
|t:|1758277485
|move|p1a: Weavile|Knock Off|p2a: Mariah Carey
|-supereffective|p2a: Mariah Carey
|-damage|p2a: Mariah Carey|0 fnt
|-enditem|p2a: Mariah Carey|Heavy-Duty Boots|[from] move: Knock Off|[of] p1a: Weavile
|faint|p2a: Mariah Carey
|
|upkeep
|
|t:|1758277493
|switch|p2a: Weed Cat|Meowscarada, F, shiny|100/100
|turn|4
|
|t:|1758277497
|-terastallize|p2a: Weed Cat|Fire
|move|p1a: Weavile|Ice Shard|p2a: Weed Cat
|-resisted|p2a: Weed Cat
|-damage|p2a: Weed Cat|71/100
|move|p2a: Weed Cat|U-turn|p1a: Weavile
|-supereffective|p1a: Weavile
|-enditem|p1a: Weavile|Focus Sash
|-damage|p1a: Weavile|1/100
|-enditem|p2a: Weed Cat|Choice Band|[silent]|[from] ability: Pickpocket|[of] p2a: Weed Cat
|-item|p1a: Weavile|Choice Band|[from] ability: Pickpocket|[of] p2a: Weed Cat
|
|t:|1758277503
|switch|p2a: Girlfailure|Garchomp, F, shiny|69/100|[from] U-turn
|
|upkeep
|turn|5
|
|t:|1758277512
|move|p1a: Weavile|Ice Shard|p2a: Girlfailure
|-supereffective|p2a: Girlfailure
|-damage|p2a: Girlfailure|0 fnt
|faint|p2a: Girlfailure
|
|upkeep
|
|t:|1758277518
|switch|p2a: Weed Cat|Meowscarada, F, shiny, tera:Fire|71/100
|turn|6
|
|t:|1758277531
|switch|p1a: Scizor|Scizor, M|100/100
|move|p2a: Weed Cat|U-turn|p1a: Scizor
|-resisted|p1a: Scizor
|-damage|p1a: Scizor|88/100
|
|t:|1758277547
|switch|p2a: Asgore's Truck|Iron Treads|100/100|[from] U-turn
|-item|p2a: Asgore's Truck|Air Balloon
|
|upkeep
|turn|7
|
|t:|1758277551
|-end|p2a: Asgore's Truck|Quark Drive|[silent]
|switch|p2a: Estrogen|Sylveon, F|100/100
|move|p1a: Scizor|Close Combat|p2a: Estrogen
|-resisted|p2a: Estrogen
|-damage|p2a: Estrogen|82/100
|-unboost|p1a: Scizor|def|1
|-unboost|p1a: Scizor|spd|1
|
|-heal|p2a: Estrogen|88/100|[from] item: Leftovers
|upkeep
|turn|8
|
|t:|1758277559
|switch|p1a: Araquanid|Araquanid, M, shiny|100/100
|move|p2a: Estrogen|Hyper Voice|p1a: Araquanid
|-damage|p1a: Araquanid|69/100
|
|-heal|p2a: Estrogen|94/100|[from] item: Leftovers
|upkeep
|turn|9
|
|t:|1758277566
|move|p2a: Estrogen|Calm Mind|p2a: Estrogen
|-boost|p2a: Estrogen|spa|1
|-boost|p2a: Estrogen|spd|1
|move|p1a: Araquanid|Liquidation|p2a: Estrogen
|-damage|p2a: Estrogen|14/100
|
|-heal|p2a: Estrogen|20/100|[from] item: Leftovers
|upkeep
|turn|10
|
|t:|1758277573
|move|p2a: Estrogen|Protect|p2a: Estrogen
|-singleturn|p2a: Estrogen|Protect
|move|p1a: Araquanid|Liquidation|p2a: Estrogen
|-activate|p2a: Estrogen|move: Protect
|
|-heal|p2a: Estrogen|26/100|[from] item: Leftovers
|upkeep
|turn|11
|
|t:|1758277577
|move|p2a: Estrogen|Hyper Voice|p1a: Araquanid
|-damage|p1a: Araquanid|22/100
|move|p1a: Araquanid|Liquidation|p2a: Estrogen
|-damage|p2a: Estrogen|0 fnt
|faint|p2a: Estrogen
|
|upkeep
|
|t:|1758277583
|switch|p2a: Weed Cat|Meowscarada, F, shiny, tera:Fire|71/100
|turn|12
|
|t:|1758277590
|move|p2a: Weed Cat|Knock Off|p1a: Araquanid
|-damage|p1a: Araquanid|0 fnt
|-enditem|p1a: Araquanid|Choice Band|[from] move: Knock Off|[of] p2a: Weed Cat
|faint|p1a: Araquanid
|
|upkeep
|
|t:|1758277593
|switch|p1a: Landorus|Landorus-Therian, M, shiny|100/100
|-ability|p1a: Landorus|Intimidate|boost
|-unboost|p2a: Weed Cat|atk|1
|turn|13
|
|t:|1758277600
|switch|p2a: Asgore's Truck|Iron Treads|100/100
|-item|p2a: Asgore's Truck|Air Balloon
|move|p1a: Landorus|Earthquake|p2a: Asgore's Truck
|-immune|p2a: Asgore's Truck
|
|upkeep
|turn|14
|
|t:|1758277606
|switch|p1a: Scizor|Scizor, M|88/100
|move|p2a: Asgore's Truck|Ice Spinner|p1a: Scizor
|-resisted|p1a: Scizor
|-damage|p1a: Scizor|71/100
|
|upkeep
|turn|15
|
|t:|1758277615
|move|p2a: Asgore's Truck|Earthquake|p1a: Scizor
|-damage|p1a: Scizor|18/100
|move|p1a: Scizor|Close Combat|p2a: Asgore's Truck
|-supereffective|p2a: Asgore's Truck
|-damage|p2a: Asgore's Truck|19/100
|-unboost|p1a: Scizor|def|1
|-unboost|p1a: Scizor|spd|1
|-enditem|p2a: Asgore's Truck|Air Balloon
|
|upkeep
|turn|16
|
|t:|1758277626
|move|p1a: Scizor|Bullet Punch|p2a: Asgore's Truck
|-resisted|p2a: Asgore's Truck
|-damage|p2a: Asgore's Truck|2/100
|move|p2a: Asgore's Truck|Ice Spinner|p1a: Scizor
|-resisted|p1a: Scizor
|-damage|p1a: Scizor|0 fnt
|faint|p1a: Scizor
|
|upkeep
|
|t:|1758277635
|switch|p1a: Weavile|Weavile, M|1/100
|turn|17
|
|t:|1758277644
|-end|p2a: Asgore's Truck|Quark Drive|[silent]
|switch|p2a: Goth IHOP|Darkrai, shiny|100/100
|move|p1a: Weavile|Ice Spinner|p2a: Goth IHOP
|-damage|p2a: Goth IHOP|28/100
|
|upkeep
|turn|18
|
|t:|1758277650
|move|p2a: Goth IHOP|Dark Pulse|p1a: Weavile
|-resisted|p1a: Weavile
|-damage|p1a: Weavile|0 fnt
|faint|p1a: Weavile
|
|upkeep
|
|t:|1758277653
|switch|p1a: Landorus|Landorus-Therian, M, shiny|100/100
|-ability|p1a: Landorus|Intimidate|boost
|-unboost|p2a: Goth IHOP|atk|1
|turn|19
|
|t:|1758277658
|move|p2a: Goth IHOP|Dark Pulse|p1a: Landorus
|-damage|p1a: Landorus|46/100
|move|p1a: Landorus|Earthquake|p2a: Goth IHOP
|-crit|p2a: Goth IHOP
|-damage|p2a: Goth IHOP|0 fnt
|faint|p2a: Goth IHOP
|
|upkeep
|
|t:|1758277662
|switch|p2a: Asgore's Truck|Iron Treads|2/100
|turn|20
|
|t:|1758277664
|move|p1a: Landorus|Earthquake|p2a: Asgore's Truck
|-supereffective|p2a: Asgore's Truck
|-damage|p2a: Asgore's Truck|0 fnt
|faint|p2a: Asgore's Truck
|-end|p2a: Asgore's Truck|Quark Drive|[silent]
|
|upkeep
|
|t:|1758277667
|switch|p2a: Weed Cat|Meowscarada, F, shiny, tera:Fire|71/100
|turn|21
|
|t:|1758277671
|move|p2a: Weed Cat|Sucker Punch|p1a: Landorus
|-damage|p1a: Landorus|11/100
|move|p1a: Landorus|Earthquake|p2a: Weed Cat
|-supereffective|p2a: Weed Cat
|-damage|p2a: Weed Cat|0 fnt
|faint|p2a: Weed Cat
|
|win|Khalil He
|raw|Khalil He's rating: 1482 &rarr; <strong>1501</strong><br />(+19 for winning)
|raw|Prestina's rating: 1471 &rarr; <strong>1452</strong><br />(-19 for losing)
|l|☆Prestina
|player|p2|
|l|☆Khalil He
|player|p1|
