|j|☆AllegianceIs2UrMom
|j|☆LaughingCamelzz
|t:|1758355252
|gametype|singles
|player|p1|AllegianceIs2UrMom|102|1509
|player|p2|LaughingCamelzz|102|1473
|gen|9
|tier|[Gen 9] OU
|rated|
|rule|HP Percentage Mod: HP is shown in percentages
|rule|Endless Battle Clause: Forcing endless battles is banned
|rule|Species Clause: Limit one of each Pokémon
|rule|OHKO Clause: OHKO moves are banned
|rule|Evasion Items Clause: Evasion items are banned
|rule|Evasion Moves Clause: Evasion moves are banned
|rule|Evasion Abilities Clause: Evasion abilities are banned
|rule|Sleep Moves Clause: Sleep-inducing moves are banned
|clearpoke
|poke|p1|Metagross|
|poke|p1|Hatterene, F|
|poke|p1|Iron Hands|
|poke|p1|Toedscruel, M|
|poke|p1|Pelipper, F|
|poke|p1|Ursaluna, F|
|poke|p2|Ninetales, M|
|poke|p2|Lilligant-Hisui, F|
|poke|p2|Walking Wake|
|poke|p2|Great Tusk|
|poke|p2|Hatterene, F|
|poke|p2|Arcanine-Hisui, F|
|teampreview
|
|t:|1758355261
|teamsize|p1|6
|teamsize|p2|6
|start
|switch|p1a: Pelipper|Pelipper, F|100/100
|switch|p2a: Ninetales|Ninetales, M|100/100
|-weather|SunnyDay|[from] ability: Drought|[of] p2a: Ninetales
|-weather|RainDance|[from] ability: Drizzle|[of] p1a: Pelipper
|turn|1
|inactive|Battle timer is ON: inactive players will automatically lose when time's up. (requested by AllegianceIs2UrMom)
|
|t:|1758355270
|switch|p2a: Hatterene|Hatterene, F|100/100
|move|p1a: Pelipper|U-turn|p2a: Hatterene
|-damage|p2a: Hatterene|89/100
|
|t:|1758355273
|switch|p1a: Ursaluna|Ursaluna, F|100/100|[from] U-turn
|
|-weather|RainDance|[upkeep]
|-status|p1a: Ursaluna|brn|[from] item: Flame Orb
|upkeep
|turn|2
|
|t:|1758355287
|move|p2a: Hatterene|Draining Kiss|p1a: Ursaluna
|-damage|p1a: Ursaluna|76/100 brn
|-heal|p2a: Hatterene|100/100|[from] drain|[of] p1a: Ursaluna
|move|p1a: Ursaluna|Facade|p2a: Hatterene
|-damage|p2a: Hatterene|0 fnt
|faint|p2a: Hatterene
|
|-weather|RainDance|[upkeep]
|-damage|p1a: Ursaluna|70/100 brn|[from] brn
|upkeep
|
|t:|1758355300
|switch|p2a: Lilligant|Lilligant-Hisui, F|100/100
|turn|3
|
|t:|1758355307
|switch|p1a: Metagross|Metagross|100/100
|move|p2a: Lilligant|Close Combat|p1a: Metagross
|-damage|p1a: Metagross|47/100
|-unboost|p2a: Lilligant|def|1
|-unboost|p2a: Lilligant|spd|1
|-damage|p2a: Lilligant|91/100|[from] item: Life Orb
|
|-weather|RainDance|[upkeep]
|upkeep
|turn|4
|
|t:|1758355316
|switch|p1a: Hatterene|Hatterene, F|100/100
|move|p2a: Lilligant|Close Combat|p1a: Hatterene
|-resisted|p1a: Hatterene
|-damage|p1a: Hatterene|84/100
|-unboost|p2a: Lilligant|def|1
|-unboost|p2a: Lilligant|spd|1
|-damage|p2a: Lilligant|81/100|[from] item: Life Orb
|
|-weather|RainDance|[upkeep]
|-heal|p1a: Hatterene|90/100|[from] item: Leftovers
|upkeep
|turn|5
|
|t:|1758355327
|switch|p2a: Ninetales|Ninetales, M|100/100
|-weather|SunnyDay|[from] ability: Drought|[of] p2a: Ninetales
|move|p1a: Hatterene|Trick Room|p1a: Hatterene
|-fieldstart|move: Trick Room|[of] p1a: Hatterene
|
|-weather|SunnyDay|[upkeep]
|-heal|p1a: Hatterene|96/100|[from] item: Leftovers
|upkeep
|turn|6
|
|t:|1758355338
|switch|p1a: Ursaluna|Ursaluna, F|70/100 brn
|move|p2a: Ninetales|Weather Ball|p1a: Ursaluna
|-damage|p1a: Ursaluna|36/100 brn
|
|-weather|SunnyDay|[upkeep]
|-damage|p1a: Ursaluna|30/100 brn|[from] brn
|upkeep
|turn|7
|
|t:|1758355358
|switch|p2a: Arcanine|Arcanine-Hisui, F|100/100
|move|p1a: Ursaluna|Facade|p2a: Arcanine
|-resisted|p2a: Arcanine
|-damage|p2a: Arcanine|17/100
|
|-weather|SunnyDay|[upkeep]
|-damage|p1a: Ursaluna|24/100 brn|[from] brn
|upkeep
|turn|8
|
|t:|1758355366
|switch|p1a: Pelipper|Pelipper, F|100/100
|-weather|RainDance|[from] ability: Drizzle|[of] p1a: Pelipper
|move|p2a: Arcanine|Extreme Speed|p1a: Pelipper
|-damage|p1a: Pelipper|75/100
|
|-weather|RainDance|[upkeep]
|upkeep
|turn|9
|inactive|AllegianceIs2UrMom has 120 seconds left.
|
|t:|1758355401
|switch|p1a: Iron Hands|Iron Hands|100/100
|switch|p2a: Ninetales|Ninetales, M|100/100
|-weather|SunnyDay|[from] ability: Drought|[of] p2a: Ninetales
|
|-weather|SunnyDay|[upkeep]
|-fieldend|move: Trick Room
|upkeep
|turn|10
|
|t:|1758355408
|move|p2a: Ninetales|Will-O-Wisp|p1a: Iron Hands
|-status|p1a: Iron Hands|brn
|move|p1a: Iron Hands|Swords Dance|p1a: Iron Hands
|-boost|p1a: Iron Hands|atk|2
|
|-weather|SunnyDay|[upkeep]
|-damage|p1a: Iron Hands|94/100 brn|[from] brn
|upkeep
|turn|11
|
|t:|1758355416
|move|p2a: Ninetales|Encore|p1a: Iron Hands
|-start|p1a: Iron Hands|Encore
|move|p1a: Iron Hands|Swords Dance|p1a: Iron Hands
|-boost|p1a: Iron Hands|atk|2
|
|-weather|SunnyDay|[upkeep]
|-heal|p1a: Iron Hands|100/100 brn|[from] item: Leftovers
|-damage|p1a: Iron Hands|94/100 brn|[from] brn
|upkeep
|turn|12
|
|t:|1758355424
|switch|p2a: Walking Wake|Walking Wake|100/100
|-activate|p2a: Walking Wake|ability: Protosynthesis
|-start|p2a: Walking Wake|protosynthesisspe
|-end|p1a: Iron Hands|Quark Drive|[silent]
|switch|p1a: Pelipper|Pelipper, F|75/100
|-weather|RainDance|[from] ability: Drizzle|[of] p1a: Pelipper
|-end|p2a: Walking Wake|Protosynthesis
|
|-weather|RainDance|[upkeep]
|upkeep
|turn|13
|
|t:|1758355437
|-terastallize|p2a: Walking Wake|Water
|move|p2a: Walking Wake|Hydro Steam|p1a: Pelipper
|-resisted|p1a: Pelipper
|-damage|p1a: Pelipper|0 fnt
|faint|p1a: Pelipper
|
|-weather|RainDance|[upkeep]
|upkeep
|
|t:|1758355442
|switch|p1a: Toedscruel|Toedscruel, M|100/100
|turn|14
|
|t:|1758355448
|-end|p2a: Walking Wake|Protosynthesis|[silent]
|switch|p2a: Lilligant|Lilligant-Hisui, F|81/100
|move|p1a: Toedscruel|Trick Room|p1a: Toedscruel
|-fieldstart|move: Trick Room|[of] p1a: Toedscruel
|
|-weather|RainDance|[upkeep]
|upkeep
|turn|15
|
|t:|1758355459
|switch|p1a: Metagross|Metagross|47/100
|move|p2a: Lilligant|Triple Axel|p1a: Metagross
|-resisted|p1a: Metagross
|-damage|p1a: Metagross|43/100
|-resisted|p1a: Metagross
|-damage|p1a: Metagross|36/100
|-resisted|p1a: Metagross
|-damage|p1a: Metagross|28/100
|-hitcount|p1a: Metagross|3
|-damage|p2a: Lilligant|71/100|[from] item: Life Orb
|
|-weather|RainDance|[upkeep]
|upkeep
|turn|16
|
|t:|1758355470
|move|p1a: Metagross|Psychic Fangs|p2a: Lilligant
|-supereffective|p2a: Lilligant
|-damage|p2a: Lilligant|0 fnt
|faint|p2a: Lilligant
|
|-weather|none
|upkeep
|
|t:|1758355479
|switch|p2a: Great Tusk|Great Tusk|100/100
|turn|17
|
|t:|1758355490
|move|p1a: Metagross|Psychic Fangs|p2a: Great Tusk
|-supereffective|p2a: Great Tusk
|-damage|p2a: Great Tusk|37/100
|move|p2a: Great Tusk|Headlong Rush|p1a: Metagross
|-supereffective|p1a: Metagross
|-damage|p1a: Metagross|0 fnt
|-unboost|p2a: Great Tusk|def|1
|-unboost|p2a: Great Tusk|spd|1
|faint|p1a: Metagross
|
|upkeep
|
|t:|1758355501
|switch|p1a: Toedscruel|Toedscruel, M|100/100
|turn|18
|
|t:|1758355508
|move|p1a: Toedscruel|Earth Power|p2a: Great Tusk
|-damage|p2a: Great Tusk|0 fnt
|faint|p2a: Great Tusk
|-end|p2a: Great Tusk|Protosynthesis|[silent]
|
|-fieldend|move: Trick Room
|upkeep
|
|t:|1758355520
|switch|p2a: Arcanine|Arcanine-Hisui, F|17/100
|turn|19
|
|t:|1758355538
|-terastallize|p1a: Toedscruel|Water
|move|p2a: Arcanine|Flare Blitz|p1a: Toedscruel
|-resisted|p1a: Toedscruel
|-damage|p1a: Toedscruel|62/100
|move|p1a: Toedscruel|Trick Room|p1a: Toedscruel
|-fieldstart|move: Trick Room|[of] p1a: Toedscruel
|
|-heal|p1a: Toedscruel|68/100|[from] item: Leftovers
|upkeep
|turn|20
|
|t:|1758355553
|switch|p1a: Ursaluna|Ursaluna, F|24/100 brn
|switch|p2a: Ninetales|Ninetales, M|100/100
|-weather|SunnyDay|[from] ability: Drought|[of] p2a: Ninetales
|
|-weather|SunnyDay|[upkeep]
|-damage|p1a: Ursaluna|18/100 brn|[from] brn
|upkeep
|turn|21
|
|t:|1758355563
|move|p1a: Ursaluna|Facade|p2a: Ninetales
|-damage|p2a: Ninetales|0 fnt
|faint|p2a: Ninetales
|
|-weather|SunnyDay|[upkeep]
|-damage|p1a: Ursaluna|12/100 brn|[from] brn
|upkeep
|
|t:|1758355569
|switch|p2a: Arcanine|Arcanine-Hisui, F|17/100
|turn|22
|
|t:|1758355584
|switch|p1a: Iron Hands|Iron Hands|94/100 brn
|move|p2a: Arcanine|Extreme Speed|p1a: Iron Hands
|-damage|p1a: Iron Hands|80/100 brn
|
|-weather|SunnyDay|[upkeep]
|-heal|p1a: Iron Hands|86/100 brn|[from] item: Leftovers
|-damage|p1a: Iron Hands|80/100 brn|[from] brn
|upkeep
|turn|23
|
|t:|1758355592
|move|p2a: Arcanine|Extreme Speed|p1a: Iron Hands
|-damage|p1a: Iron Hands|65/100 brn
|move|p1a: Iron Hands|Supercell Slam|p2a: Arcanine
|-damage|p2a: Arcanine|0 fnt
|faint|p2a: Arcanine
|
|-weather|SunnyDay|[upkeep]
|-heal|p1a: Iron Hands|71/100 brn|[from] item: Leftovers
|-damage|p1a: Iron Hands|65/100 brn|[from] brn
|-fieldend|move: Trick Room
|upkeep
|
|t:|1758355602
|switch|p2a: Walking Wake|Walking Wake, tera:Water|100/100
|-activate|p2a: Walking Wake|ability: Protosynthesis
|-start|p2a: Walking Wake|protosynthesisspe
|turn|24
|
|t:|1758355610
|-end|p1a: Iron Hands|Quark Drive|[silent]
|switch|p1a: Ursaluna|Ursaluna, F|12/100 brn
|move|p2a: Walking Wake|Hydro Steam|p1a: Ursaluna
|-supereffective|p1a: Ursaluna
|-damage|p1a: Ursaluna|0 fnt
|faint|p1a: Ursaluna
|
|-weather|SunnyDay|[upkeep]
|upkeep
|
|t:|1758355614
|switch|p1a: Toedscruel|Toedscruel, M, tera:Water|68/100
|turn|25
|
|t:|1758355619
|move|p2a: Walking Wake|Hydro Steam|p1a: Toedscruel
|-resisted|p1a: Toedscruel
|-damage|p1a: Toedscruel|30/100
|move|p1a: Toedscruel|Trick Room|p1a: Toedscruel
|-fieldstart|move: Trick Room|[of] p1a: Toedscruel
|
|-weather|SunnyDay|[upkeep]
|-heal|p1a: Toedscruel|36/100|[from] item: Leftovers
|upkeep
|turn|26
|
|t:|1758355626
|move|p1a: Toedscruel|Giga Drain|p2a: Walking Wake
|-supereffective|p2a: Walking Wake
|-damage|p2a: Walking Wake|49/100
|-heal|p1a: Toedscruel|60/100|[from] drain|[of] p2a: Walking Wake
|move|p2a: Walking Wake|Hydro Steam|p1a: Toedscruel
|-resisted|p1a: Toedscruel
|-damage|p1a: Toedscruel|26/100
|
|-weather|SunnyDay|[upkeep]
|-heal|p1a: Toedscruel|32/100|[from] item: Leftovers
|upkeep
|turn|27
|
|t:|1758355635
|move|p1a: Toedscruel|Giga Drain|p2a: Walking Wake
|-supereffective|p2a: Walking Wake
|-damage|p2a: Walking Wake|0 fnt
|-heal|p1a: Toedscruel|55/100|[from] drain|[of] p2a: Walking Wake
|faint|p2a: Walking Wake
|-end|p2a: Walking Wake|Protosynthesis|[silent]
|
|win|AllegianceIs2UrMom
|raw|AllegianceIs2UrMom's rating: 1509 &rarr; <strong>1527</strong><br />(+18 for winning)
|raw|LaughingCamelzz's rating: 1473 &rarr; <strong>1455</strong><br />(-18 for losing)
|l|☆LaughingCamelzz
|player|p2|
|l|☆AllegianceIs2UrMom
|player|p1|
