|j|☆tertyrats
|j|☆Slave of Freedom
|t:|1758242506
|gametype|singles
|player|p1|tertyrats|1|1327
|player|p2|Slave of Freedom|winona|1286
|gen|9
|tier|[Gen 9] OU
|rated|
|rule|HP Percentage Mod: HP is shown in percentages
|rule|Endless Battle Clause: Forcing endless battles is banned
|rule|Species Clause: Limit one of each Pokémon
|rule|OHKO Clause: OHKO moves are banned
|rule|Evasion Items Clause: Evasion items are banned
|rule|Evasion Moves Clause: Evasion moves are banned
|rule|Evasion Abilities Clause: Evasion abilities are banned
|rule|Sleep Moves Clause: Sleep-inducing moves are banned
|clearpoke
|poke|p1|Grafaiai, M|
|poke|p1|Rillaboom, F|
|poke|p1|Ogerpon-Cornerstone, F|
|poke|p1|Glimmora, M|
|poke|p1|Enamorus, F|
|poke|p1|Kingambit, F|
|poke|p2|Araquanid, F|
|poke|p2|Kingambit, M|
|poke|p2|Enamorus, F|
|poke|p2|Ogerpon, F|
|poke|p2|Pecharunt|
|poke|p2|Great Tusk|
|teampreview
|inactive|Battle timer is ON: inactive players will automatically lose when time's up. (requested by tertyrats)
|
|t:|1758242513
|teamsize|p1|6
|teamsize|p2|6
|start
|switch|p1a: Glimmora|Glimmora, M|100/100
|switch|p2a: Araquanid|Araquanid, F|100/100
|turn|1
|
|t:|1758242540
|move|p1a: Glimmora|Stealth Rock|p2a: Araquanid
|-sidestart|p2: Slave of Freedom|move: Stealth Rock
|move|p2a: Araquanid|Sticky Web|p1a: Glimmora
|-sidestart|p1: tertyrats|move: Sticky Web
|
|upkeep
|turn|2
|
|t:|1758242546
|move|p1a: Glimmora|Mortal Spin|p2a: Araquanid
|-damage|p2a: Araquanid|94/100
|-status|p2a: Araquanid|psn
|-sideend|p1: tertyrats|Sticky Web|[from] move: Mortal Spin|[of] p1a: Glimmora
|move|p2a: Araquanid|Surf|p1a: Glimmora
|-supereffective|p1a: Glimmora
|-enditem|p1a: Glimmora|Focus Sash
|-damage|p1a: Glimmora|1/100
|
|-damage|p2a: Araquanid|82/100 psn|[from] psn
|upkeep
|turn|3
|
|t:|1758242558
|move|p1a: Glimmora|Power Gem|p2a: Araquanid
|-supereffective|p2a: Araquanid
|-damage|p2a: Araquanid|18/100 psn
|move|p2a: Araquanid|Surf|p1a: Glimmora
|-supereffective|p1a: Glimmora
|-damage|p1a: Glimmora|0 fnt
|faint|p1a: Glimmora
|
|-damage|p2a: Araquanid|6/100 psn|[from] psn
|upkeep
|
|t:|1758242567
|switch|p1a: Rillaboom|Rillaboom, F|100/100
|-fieldstart|move: Grassy Terrain|[from] ability: Grassy Surge|[of] p1a: Rillaboom
|turn|4
|-enditem|p2a: Araquanid|Custap Berry|[eat]
|-activate|p2a: Araquanid|item: Custap Berry|[consumed]
|
|t:|1758242571
|move|p2a: Araquanid|Sticky Web|p1a: Rillaboom
|-sidestart|p1: tertyrats|move: Sticky Web
|move|p1a: Rillaboom|U-turn|p2a: Araquanid
|-damage|p2a: Araquanid|0 fnt
|faint|p2a: Araquanid
|
|t:|1758242582
|switch|p1a: Grafaiai|Grafaiai, M|100/100|[from] U-turn
|-activate|p1a: Grafaiai|move: Sticky Web
|-unboost|p1a: Grafaiai|spe|1
|-enditem|p1a: Grafaiai|Grassy Seed
|-boost|p1a: Grafaiai|def|1|[from] item: Grassy Seed
|
|upkeep
|
|t:|1758242594
|switch|p2a: Great Tusk|Great Tusk|100/100
|-damage|p2a: Great Tusk|98/100|[from] Stealth Rock
|-enditem|p2a: Great Tusk|Booster Energy
|-activate|p2a: Great Tusk|ability: Protosynthesis|[fromitem]
|-start|p2a: Great Tusk|protosynthesisatk
|turn|5
|
|t:|1758242605
|-terastallize|p1a: Grafaiai|Flying
|move|p1a: Grafaiai|Swords Dance|p1a: Grafaiai
|-boost|p1a: Grafaiai|atk|2
|move|p2a: Great Tusk|Headlong Rush|p1a: Grafaiai
|-immune|p1a: Grafaiai
|
|-heal|p2a: Great Tusk|100/100|[from] Grassy Terrain
|upkeep
|turn|6
|
|t:|1758242612
|move|p1a: Grafaiai|Acrobatics|p2a: Great Tusk
|-supereffective|p2a: Great Tusk
|-damage|p2a: Great Tusk|0 fnt
|faint|p2a: Great Tusk
|-end|p2a: Great Tusk|Protosynthesis|[silent]
|
|upkeep
|j| PlumGaminer
|j| Krystalcorre
|c| PlumGaminer|probably
|
|t:|1758242637
|switch|p2a: Kingambit|Kingambit, M|100/100
|-damage|p2a: Kingambit|94/100|[from] Stealth Rock
|turn|7
|c| PlumGaminer|who knows
|
|t:|1758242642
|move|p2a: Kingambit|Sucker Punch|p1a: Grafaiai
|-damage|p1a: Grafaiai|58/100
|move|p1a: Grafaiai|Low Kick|p2a: Kingambit
|-supereffective|p2a: Kingambit
|-damage|p2a: Kingambit|0 fnt
|faint|p2a: Kingambit
|
|upkeep
|
|t:|1758242649
|switch|p2a: Enamorus|Enamorus, F|100/100
|-damage|p2a: Enamorus|76/100|[from] Stealth Rock
|turn|8
|
|t:|1758242659
|-terastallize|p2a: Enamorus|Ground
|move|p1a: Grafaiai|Gunk Shot|p2a: Enamorus
|-resisted|p2a: Enamorus
|-damage|p2a: Enamorus|0 fnt
|faint|p2a: Enamorus
|
|-fieldend|move: Grassy Terrain
|upkeep
|c| Krystalcorre|missed a tera call gg
|c| Krystalcorre|play nd ou ladies and gentlemen
|l| Krystalcorre
|c|☆Slave of Freedom|brooooooooooo
|
|t:|1758242676
|switch|p2a: Ogerpon|Ogerpon, F|100/100
|-damage|p2a: Ogerpon|88/100|[from] Stealth Rock
|turn|9
|
|t:|1758242681
|move|p1a: Grafaiai|Acrobatics|p2a: Ogerpon
|-supereffective|p2a: Ogerpon
|-damage|p2a: Ogerpon|0 fnt
|faint|p2a: Ogerpon
|
|upkeep
|-message|Slave of Freedom forfeited.
|
|win|tertyrats
|raw|tertyrats's rating: 1327 &rarr; <strong>1345</strong><br />(+18 for winning)
|raw|Slave of Freedom's rating: 1286 &rarr; <strong>1264</strong><br />(-22 for losing)
|l|☆Slave of Freedom
|player|p2|
|l| PlumGaminer
|c|☆tertyrats|gg
|l|☆tertyrats
|player|p1|
