|j|☆idareyoutolose
|j|☆GLOCKED
|t:|1758357324
|gametype|singles
|player|p1|idareyoutolose|bellelba|1322
|player|p2|GLOCKED|brock|1310
|gen|9
|tier|[Gen 9] OU
|rated|
|rule|HP Percentage Mod: HP is shown in percentages
|rule|Endless Battle Clause: Forcing endless battles is banned
|rule|Species Clause: Limit one of each Pokémon
|rule|OHKO Clause: OHKO moves are banned
|rule|Evasion Items Clause: Evasion items are banned
|rule|Evasion Moves Clause: Evasion moves are banned
|rule|Evasion Abilities Clause: Evasion abilities are banned
|rule|Sleep Moves Clause: Sleep-inducing moves are banned
|clearpoke
|poke|p1|Ting-Lu|
|poke|p1|Hatterene, F|
|poke|p1|Great Tusk|
|poke|p1|Ceruledge, F|
|poke|p1|Dragonite, M|
|poke|p1|Kyurem|
|poke|p2|Alomomola, M|
|poke|p2|Clefable, M|
|poke|p2|Wo-Chien|
|poke|p2|Corviknight, F|
|poke|p2|Mandibuzz, F|
|poke|p2|Salazzle, F|
|teampreview
|c|☆idareyoutolose|today stall day or what o.o
|
|t:|1758357347
|teamsize|p1|6
|teamsize|p2|6
|start
|switch|p1a: Hatterene|Hatterene, F|100/100
|switch|p2a: Wo-Chien|Wo-Chien|100/100
|-ability|p2a: Wo-Chien|Tablets of Ruin
|turn|1
|
|t:|1758357372
|move|p2a: Wo-Chien|Knock Off|p1a: Hatterene
|-damage|p1a: Hatterene|77/100
|-enditem|p1a: Hatterene|Assault Vest|[from] move: Knock Off|[of] p2a: Wo-Chien
|move|p1a: Hatterene|Nuzzle|p2a: Wo-Chien
|-resisted|p2a: Wo-Chien
|-damage|p2a: Wo-Chien|99/100
|-status|p2a: Wo-Chien|par
|
|-heal|p2a: Wo-Chien|100/100 par|[from] item: Leftovers
|upkeep
|turn|2
|
|t:|1758357396
|switch|p2a: Salazzle|Salazzle, F|100/100
|move|p1a: Hatterene|Draining Kiss|p2a: Salazzle
|-resisted|p2a: Salazzle
|-damage|p2a: Salazzle|90/100
|-heal|p1a: Hatterene|84/100|[from] drain|[of] p2a: Salazzle
|
|-heal|p2a: Salazzle|96/100|[from] item: Leftovers
|upkeep
|turn|3
|
|t:|1758357402
|move|p2a: Salazzle|Substitute|p2a: Salazzle
|-start|p2a: Salazzle|Substitute
|-damage|p2a: Salazzle|71/100
|move|p1a: Hatterene|Psychic Noise|p2a: Salazzle
|-supereffective|p2a: Salazzle
|-crit|p2a: Salazzle
|-damage|p2a: Salazzle|0 fnt
|faint|p2a: Salazzle
|
|upkeep
|
|t:|1758357413
|switch|p2a: Clefable|Clefable, M|100/100
|turn|4
|
|t:|1758357431
|move|p2a: Clefable|Calm Mind|p2a: Clefable
|-boost|p2a: Clefable|spa|1
|-boost|p2a: Clefable|spd|1
|move|p1a: Hatterene|Nuzzle|p2a: Clefable
|-damage|p2a: Clefable|97/100
|-status|p2a: Clefable|par
|
|upkeep
|turn|5
|
|t:|1758357446
|switch|p1a: Ting-Lu|Ting-Lu|100/100
|-ability|p1a: Ting-Lu|Vessel of Ruin
|move|p2a: Clefable|Calm Mind|p2a: Clefable
|-boost|p2a: Clefable|spa|1
|-boost|p2a: Clefable|spd|1
|
|upkeep
|turn|6
|
|t:|1758357451
|move|p1a: Ting-Lu|Stealth Rock|p2a: Clefable
|-sidestart|p2: GLOCKED|move: Stealth Rock
|move|p2a: Clefable|Moonblast|p1a: Ting-Lu
|-supereffective|p1a: Ting-Lu
|-damage|p1a: Ting-Lu|49/100
|-unboost|p1a: Ting-Lu|spa|1
|
|-heal|p1a: Ting-Lu|55/100|[from] item: Leftovers
|upkeep
|turn|7
|
|t:|1758357471
|move|p2a: Clefable|Calm Mind|p2a: Clefable
|-boost|p2a: Clefable|spa|1
|-boost|p2a: Clefable|spd|1
|move|p1a: Ting-Lu|Whirlwind|p2a: Clefable
|drag|p2a: Mandibuzz|Mandibuzz, F|100/100
|
|-heal|p1a: Ting-Lu|61/100|[from] item: Leftovers
|upkeep
|turn|8
|
|t:|1758357480
|move|p2a: Mandibuzz|Knock Off|p1a: Ting-Lu
|-resisted|p1a: Ting-Lu
|-damage|p1a: Ting-Lu|55/100
|-enditem|p1a: Ting-Lu|Leftovers|[from] move: Knock Off|[of] p2a: Mandibuzz
|move|p1a: Ting-Lu|Ruination|p2a: Mandibuzz
|-damage|p2a: Mandibuzz|50/100
|
|upkeep
|turn|9
|
|t:|1758357489
|move|p2a: Mandibuzz|Defog|p1a: Ting-Lu
|-unboost|p1a: Ting-Lu|evasion|1
|-sideend|p2: GLOCKED|Stealth Rock|[from] move: Defog|[of] p2a: Mandibuzz
|move|p1a: Ting-Lu|Ruination|p2a: Mandibuzz
|-damage|p2a: Mandibuzz|25/100
|
|upkeep
|turn|10
|
|t:|1758357492
|move|p2a: Mandibuzz|Roost|p2a: Mandibuzz
|-heal|p2a: Mandibuzz|75/100
|-singleturn|p2a: Mandibuzz|move: Roost
|move|p1a: Ting-Lu|Stealth Rock|p2a: Mandibuzz
|-sidestart|p2: GLOCKED|move: Stealth Rock
|
|upkeep
|turn|11
|
|t:|1758357518
|move|p2a: Mandibuzz|Defog|p1a: Ting-Lu
|-unboost|p1a: Ting-Lu|evasion|1
|-sideend|p2: GLOCKED|Stealth Rock|[from] move: Defog|[of] p2a: Mandibuzz
|move|p1a: Ting-Lu|Ruination|p2a: Mandibuzz
|-damage|p2a: Mandibuzz|38/100
|
|upkeep
|turn|12
|
|t:|1758357526
|move|p2a: Mandibuzz|Roost|p2a: Mandibuzz
|-heal|p2a: Mandibuzz|88/100
|-singleturn|p2a: Mandibuzz|move: Roost
|move|p1a: Ting-Lu|Stealth Rock|p2a: Mandibuzz
|-sidestart|p2: GLOCKED|move: Stealth Rock
|
|upkeep
|turn|13
|
|t:|1758357534
|move|p2a: Mandibuzz|Defog|p1a: Ting-Lu
|-unboost|p1a: Ting-Lu|evasion|1
|-sideend|p2: GLOCKED|Stealth Rock|[from] move: Defog|[of] p2a: Mandibuzz
|move|p1a: Ting-Lu|Whirlwind|p2a: Mandibuzz
|drag|p2a: Clefable|Clefable, M|97/100 par
|
|upkeep
|turn|14
|
|t:|1758357543
|move|p1a: Ting-Lu|Ruination|p2a: Clefable
|-damage|p2a: Clefable|49/100 par
|move|p2a: Clefable|Moonblast|p1a: Ting-Lu
|-supereffective|p1a: Ting-Lu
|-damage|p1a: Ting-Lu|25/100
|
|upkeep
|turn|15
|
|t:|1758357551
|move|p1a: Ting-Lu|Ruination|p2a: Clefable
|-damage|p2a: Clefable|25/100 par
|move|p2a: Clefable|Moonblast|p1a: Ting-Lu
|-supereffective|p1a: Ting-Lu
|-damage|p1a: Ting-Lu|0 fnt
|faint|p1a: Ting-Lu
|
|upkeep
|
|t:|1758357556
|switch|p1a: Ceruledge|Ceruledge, F|100/100
|turn|16
|
|t:|1758357572
|move|p1a: Ceruledge|Bitter Blade|p2a: Clefable
|-damage|p2a: Clefable|0 fnt
|faint|p2a: Clefable
|
|upkeep
|
|t:|1758357575
|switch|p2a: Alomomola|Alomomola, M|100/100
|turn|17
|
|t:|1758357629
|switch|p1a: Kyurem|Kyurem|100/100
|-ability|p1a: Kyurem|Pressure
|move|p2a: Alomomola|Scald|p1a: Kyurem
|-resisted|p1a: Kyurem
|-damage|p1a: Kyurem|95/100
|-status|p1a: Kyurem|brn
|
|-damage|p1a: Kyurem|88/100 brn|[from] brn
|upkeep
|turn|18
|
|t:|1758357635
|move|p1a: Kyurem|Freeze-Dry|p2a: Alomomola
|-supereffective|p2a: Alomomola
|-damage|p2a: Alomomola|48/100
|move|p2a: Alomomola|Mirror Coat|p1a: Kyurem
|-damage|p1a: Kyurem|0 fnt
|faint|p1a: Kyurem
|
|upkeep
|
|t:|1758357661
|switch|p1a: Hatterene|Hatterene, F|84/100
|turn|19
|
|t:|1758357674
|move|p2a: Alomomola|Body Slam|p1a: Hatterene
|-damage|p1a: Hatterene|68/100
|-status|p1a: Hatterene|par
|move|p1a: Hatterene|Nuzzle|p2a: Alomomola
|-supereffective|p2a: Alomomola
|-damage|p2a: Alomomola|42/100
|-status|p2a: Alomomola|par
|
|upkeep
|turn|20
|
|t:|1758357692
|move|p1a: Hatterene|Psyshock|p2a: Alomomola
|-damage|p2a: Alomomola|11/100 par
|move|p2a: Alomomola|Mirror Coat|p1a: Hatterene
|-damage|p1a: Hatterene|0 fnt
|faint|p1a: Hatterene
|
|upkeep
|
|t:|1758357696
|switch|p1a: Dragonite|Dragonite, M|100/100
|turn|21
|
|t:|1758357700
|move|p1a: Dragonite|Extreme Speed|p2a: Alomomola
|-damage|p2a: Alomomola|0 fnt
|faint|p2a: Alomomola
|
|upkeep
|
|t:|1758357711
|switch|p2a: Wo-Chien|Wo-Chien|100/100 par
|-ability|p2a: Wo-Chien|Tablets of Ruin
|turn|22
|
|t:|1758357720
|-terastallize|p1a: Dragonite|Fairy
|move|p1a: Dragonite|Tera Blast|p2a: Wo-Chien|[anim] Tera Blast Fairy
|-supereffective|p2a: Wo-Chien
|-damage|p2a: Wo-Chien|62/100 par
|cant|p2a: Wo-Chien|par
|
|-heal|p2a: Wo-Chien|68/100 par|[from] item: Leftovers
|upkeep
|turn|23
|
|t:|1758357727
|cant|p2a: Wo-Chien|par
|move|p1a: Dragonite|Tera Blast|p2a: Wo-Chien|[anim] Tera Blast Fairy
|-supereffective|p2a: Wo-Chien
|-damage|p2a: Wo-Chien|25/100 par
|
|-heal|p2a: Wo-Chien|31/100 par|[from] item: Leftovers
|upkeep
|turn|24
|
|t:|1758357741
|-terastallize|p2a: Wo-Chien|Water
|move|p1a: Dragonite|Tera Blast|p2a: Wo-Chien|[anim] Tera Blast Fairy
|-damage|p2a: Wo-Chien|11/100 par
|move|p2a: Wo-Chien|Leech Seed|p1a: Dragonite
|-start|p1a: Dragonite|move: Leech Seed
|
|-heal|p2a: Wo-Chien|18/100 par|[from] item: Leftovers
|-damage|p1a: Dragonite|88/100|[from] Leech Seed|[of] p2a: Wo-Chien
|-heal|p2a: Wo-Chien|30/100 par|[silent]
|upkeep
|turn|25
|
|t:|1758357763
|move|p1a: Dragonite|Tera Blast|p2a: Wo-Chien|[anim] Tera Blast Fairy
|-damage|p2a: Wo-Chien|7/100 par
|move|p2a: Wo-Chien|Poison Powder|p1a: Dragonite
|-status|p1a: Dragonite|psn
|
|-heal|p1a: Dragonite|94/100 psn|[from] item: Leftovers
|-heal|p2a: Wo-Chien|13/100 par|[from] item: Leftovers
|-damage|p1a: Dragonite|82/100 psn|[from] Leech Seed|[of] p2a: Wo-Chien
|-heal|p2a: Wo-Chien|25/100 par|[silent]
|-damage|p1a: Dragonite|70/100 psn|[from] psn
|upkeep
|turn|26
|
|t:|1758357779
|move|p2a: Wo-Chien|Protect|p2a: Wo-Chien
|-singleturn|p2a: Wo-Chien|Protect
|move|p1a: Dragonite|Tera Blast|p2a: Wo-Chien|[anim] Tera Blast Fairy
|-activate|p2a: Wo-Chien|move: Protect
|
|-heal|p1a: Dragonite|76/100 psn|[from] item: Leftovers
|-heal|p2a: Wo-Chien|31/100 par|[from] item: Leftovers
|-damage|p1a: Dragonite|63/100 psn|[from] Leech Seed|[of] p2a: Wo-Chien
|-heal|p2a: Wo-Chien|43/100 par|[silent]
|-damage|p1a: Dragonite|51/100 psn|[from] psn
|upkeep
|turn|27
|
|t:|1758357787
|cant|p2a: Wo-Chien|par
|move|p1a: Dragonite|Tera Blast|p2a: Wo-Chien|[anim] Tera Blast Fairy
|-damage|p2a: Wo-Chien|22/100 par
|
|-heal|p1a: Dragonite|57/100 psn|[from] item: Leftovers
|-heal|p2a: Wo-Chien|29/100 par|[from] item: Leftovers
|-damage|p1a: Dragonite|45/100 psn|[from] Leech Seed|[of] p2a: Wo-Chien
|-heal|p2a: Wo-Chien|41/100 par|[silent]
|-damage|p1a: Dragonite|33/100 psn|[from] psn
|upkeep
|turn|28
|
|t:|1758357791
|switch|p1a: Great Tusk|Great Tusk|100/100
|move|p2a: Wo-Chien|Protect||[still]
|-fail|p2a: Wo-Chien
|
|-heal|p2a: Wo-Chien|47/100 par|[from] item: Leftovers
|upkeep
|turn|29
|
|t:|1758357798
|move|p2a: Wo-Chien|Protect|p2a: Wo-Chien
|-singleturn|p2a: Wo-Chien|Protect
|move|p1a: Great Tusk|Knock Off|p2a: Wo-Chien
|-activate|p2a: Wo-Chien|move: Protect
|
|-heal|p2a: Wo-Chien|53/100 par|[from] item: Leftovers
|upkeep
|turn|30
|
|t:|1758357807
|move|p1a: Great Tusk|Knock Off|p2a: Wo-Chien
|-damage|p2a: Wo-Chien|38/100 par
|-enditem|p2a: Wo-Chien|Leftovers|[from] move: Knock Off|[of] p1a: Great Tusk
|move|p2a: Wo-Chien|Poison Powder|p1a: Great Tusk
|-status|p1a: Great Tusk|psn
|
|-damage|p1a: Great Tusk|88/100 psn|[from] psn
|upkeep
|turn|31
|
|t:|1758357830
|-end|p1a: Great Tusk|Protosynthesis|[silent]
|switch|p1a: Dragonite|Dragonite, M, tera:Fairy|33/100 psn
|cant|p2a: Wo-Chien|par
|
|-heal|p1a: Dragonite|39/100 psn|[from] item: Leftovers
|-damage|p1a: Dragonite|26/100 psn|[from] psn
|upkeep
|turn|32
|
|t:|1758357837
|move|p1a: Dragonite|Roost|p1a: Dragonite
|-heal|p1a: Dragonite|77/100 psn
|move|p2a: Wo-Chien|Leech Seed|p1a: Dragonite
|-start|p1a: Dragonite|move: Leech Seed
|
|-heal|p1a: Dragonite|83/100 psn|[from] item: Leftovers
|-damage|p1a: Dragonite|70/100 psn|[from] Leech Seed|[of] p2a: Wo-Chien
|-heal|p2a: Wo-Chien|50/100 par|[silent]
|-damage|p1a: Dragonite|58/100 psn|[from] psn
|upkeep
|turn|33
|
|t:|1758357843
|switch|p1a: Great Tusk|Great Tusk|88/100 psn
|move|p2a: Wo-Chien|Knock Off|p1a: Great Tusk
|-resisted|p1a: Great Tusk
|-damage|p1a: Great Tusk|81/100 psn
|-enditem|p1a: Great Tusk|Leftovers|[from] move: Knock Off|[of] p2a: Wo-Chien
|
|-damage|p1a: Great Tusk|68/100 psn|[from] psn
|upkeep
|turn|34
|
|t:|1758357846
|-end|p1a: Great Tusk|Protosynthesis|[silent]
|switch|p1a: Dragonite|Dragonite, M, tera:Fairy|58/100 psn
|move|p2a: Wo-Chien|Leech Seed|p1a: Dragonite|[miss]
|-miss|p2a: Wo-Chien|p1a: Dragonite
|
|-heal|p1a: Dragonite|64/100 psn|[from] item: Leftovers
|-damage|p1a: Dragonite|52/100 psn|[from] psn
|upkeep
|turn|35
|
|t:|1758357851
|move|p1a: Dragonite|Tera Blast|p2a: Wo-Chien|[anim] Tera Blast Fairy
|-damage|p2a: Wo-Chien|31/100 par
|move|p2a: Wo-Chien|Leech Seed|p1a: Dragonite
|-start|p1a: Dragonite|move: Leech Seed
|
|-heal|p1a: Dragonite|58/100 psn|[from] item: Leftovers
|-damage|p1a: Dragonite|45/100 psn|[from] Leech Seed|[of] p2a: Wo-Chien
|-heal|p2a: Wo-Chien|43/100 par|[silent]
|-damage|p1a: Dragonite|33/100 psn|[from] psn
|upkeep
|turn|36
|
|t:|1758357856
|switch|p1a: Great Tusk|Great Tusk|68/100 psn
|move|p2a: Wo-Chien|Leech Seed|p1a: Great Tusk
|-start|p1a: Great Tusk|move: Leech Seed
|
|-damage|p1a: Great Tusk|56/100 psn|[from] Leech Seed|[of] p2a: Wo-Chien
|-heal|p2a: Wo-Chien|57/100 par|[silent]
|-damage|p1a: Great Tusk|44/100 psn|[from] psn
|upkeep
|turn|37
|
|t:|1758357862
|-end|p1a: Great Tusk|Protosynthesis|[silent]
|switch|p1a: Ceruledge|Ceruledge, F|100/100
|move|p2a: Wo-Chien|Protect||[still]
|-fail|p2a: Wo-Chien
|
|upkeep
|turn|38
|
|t:|1758357869
|move|p1a: Ceruledge|Close Combat|p2a: Wo-Chien
|-crit|p2a: Wo-Chien
|-damage|p2a: Wo-Chien|25/100 par
|-unboost|p1a: Ceruledge|def|1
|-unboost|p1a: Ceruledge|spd|1
|cant|p2a: Wo-Chien|par
|
|upkeep
|turn|39
|
|t:|1758357886
|move|p1a: Ceruledge|Close Combat|p2a: Wo-Chien
|-damage|p2a: Wo-Chien|7/100 par
|-unboost|p1a: Ceruledge|def|1
|-unboost|p1a: Ceruledge|spd|1
|cant|p2a: Wo-Chien|par
|
|upkeep
|turn|40
|
|t:|1758357894
|move|p1a: Ceruledge|Shadow Sneak|p2a: Wo-Chien
|-damage|p2a: Wo-Chien|0 fnt
|faint|p2a: Wo-Chien
|
|upkeep
|
|t:|1758357897
|switch|p2a: Mandibuzz|Mandibuzz, F|88/100
|turn|41
|
|t:|1758357909
|move|p1a: Ceruledge|Close Combat|p2a: Mandibuzz
|-damage|p2a: Mandibuzz|59/100
|-unboost|p1a: Ceruledge|def|1
|-unboost|p1a: Ceruledge|spd|1
|move|p2a: Mandibuzz|Knock Off|p1a: Ceruledge
|-supereffective|p1a: Ceruledge
|-enditem|p1a: Ceruledge|Focus Sash
|-damage|p1a: Ceruledge|1/100
|-ability|p1a: Ceruledge|Weak Armor|boost
|-unboost|p1a: Ceruledge|def|1
|-boost|p1a: Ceruledge|spe|2
|
|upkeep
|turn|42
|
|t:|1758357937
|move|p1a: Ceruledge|Close Combat|p2a: Mandibuzz
|-damage|p2a: Mandibuzz|25/100
|-unboost|p1a: Ceruledge|def|1
|-unboost|p1a: Ceruledge|spd|1
|move|p2a: Mandibuzz|Knock Off|p1a: Ceruledge
|-supereffective|p1a: Ceruledge
|-damage|p1a: Ceruledge|0 fnt
|faint|p1a: Ceruledge
|
|upkeep
|
|t:|1758357941
|switch|p1a: Great Tusk|Great Tusk|44/100 psn
|turn|43
|
|t:|1758357950
|move|p1a: Great Tusk|Ice Spinner|p2a: Mandibuzz
|-supereffective|p2a: Mandibuzz
|-damage|p2a: Mandibuzz|0 fnt
|faint|p2a: Mandibuzz
|
|-damage|p1a: Great Tusk|31/100 psn|[from] psn
|upkeep
|
|t:|1758357951
|switch|p2a: Corviknight|Corviknight, F|100/100
|-ability|p2a: Corviknight|Pressure
|turn|44
|
|t:|1758357960
|move|p1a: Great Tusk|Knock Off|p2a: Corviknight
|-damage|p2a: Corviknight|85/100
|-enditem|p2a: Corviknight|Heavy-Duty Boots|[from] move: Knock Off|[of] p1a: Great Tusk
|move|p2a: Corviknight|Taunt|p1a: Great Tusk
|-start|p1a: Great Tusk|move: Taunt
|
|-damage|p1a: Great Tusk|19/100 psn|[from] psn
|upkeep
|turn|45
|
|t:|1758357965
|move|p1a: Great Tusk|Ice Spinner|p2a: Corviknight
|-damage|p2a: Corviknight|71/100
|move|p2a: Corviknight|Taunt||[still]
|-fail|p2a: Corviknight
|
|-damage|p1a: Great Tusk|6/100 psn|[from] psn
|upkeep
|turn|46
|
|t:|1758357994
|move|p1a: Great Tusk|Ice Spinner|p2a: Corviknight
|-damage|p2a: Corviknight|57/100
|move|p2a: Corviknight|Roost|p2a: Corviknight
|-heal|p2a: Corviknight|100/100
|-singleturn|p2a: Corviknight|move: Roost
|
|-damage|p1a: Great Tusk|0 fnt|[from] psn
|faint|p1a: Great Tusk
|-end|p1a: Great Tusk|Protosynthesis|[silent]
|upkeep
|-message|idareyoutolose forfeited.
|
|win|GLOCKED
|raw|idareyoutolose's rating: 1322 &rarr; <strong>1301</strong><br />(-21 for losing)
|raw|GLOCKED's rating: 1310 &rarr; <strong>1331</strong><br />(+21 for winning)
|l|☆idareyoutolose
|player|p1|
|l|☆GLOCKED
|player|p2|
