|j|☆Juggperc1
|j|☆mansonabuluting
|t:|1758361964
|gametype|singles
|player|p1|Juggperc1|camper|1446
|player|p2|mansonabuluting|102|1536
|gen|9
|tier|[Gen 9] OU
|rated|
|rule|HP Percentage Mod: HP is shown in percentages
|rule|Endless Battle Clause: Forcing endless battles is banned
|rule|Species Clause: Limit one of each Pokémon
|rule|OHKO Clause: OHKO moves are banned
|rule|Evasion Items Clause: Evasion items are banned
|rule|Evasion Moves Clause: Evasion moves are banned
|rule|Evasion Abilities Clause: Evasion abilities are banned
|rule|Sleep Moves Clause: Sleep-inducing moves are banned
|clearpoke
|poke|p1|Gardevoir, F|
|poke|p1|Ogerpon-Wellspring, F|
|poke|p1|Glimmora, M|
|poke|p1|Gliscor, M|
|poke|p1|Zamazenta-*|
|poke|p1|Weezing-Galar, F|
|poke|p2|Volcanion|
|poke|p2|Rillaboom, M|
|poke|p2|Hawlucha, F|
|poke|p2|Thundurus-Therian, M|
|poke|p2|Goodra-Hisui, F|
|poke|p2|Great Tusk|
|teampreview
|
|t:|1758361968
|teamsize|p1|6
|teamsize|p2|6
|start
|switch|p1a: Glimmora|Glimmora, M|100/100
|switch|p2a: Thundurus|Thundurus-Therian, M|100/100
|turn|1
|inactive|Battle timer is ON: inactive players will automatically lose when time's up. (requested by mansonabuluting)
|
|t:|1758361972
|move|p2a: Thundurus|Volt Switch|p1a: Glimmora
|-damage|p1a: Glimmora|43/100
|
|t:|1758361974
|switch|p2a: Goodra|Goodra-Hisui, F|100/100|[from] Volt Switch
|move|p1a: Glimmora|Power Gem|p2a: Goodra
|-resisted|p2a: Goodra
|-damage|p2a: Goodra|91/100
|
|upkeep
|turn|2
|inactive|Juggperc1 has 120 seconds left.
|
|t:|1758362007
|move|p1a: Glimmora|Stealth Rock|p2a: Goodra
|-sidestart|p2: mansonabuluting|move: Stealth Rock
|move|p2a: Goodra|Flash Cannon|p1a: Glimmora
|-supereffective|p1a: Glimmora
|-damage|p1a: Glimmora|0 fnt
|faint|p1a: Glimmora
|
|upkeep
|inactive|Juggperc1 has 120 seconds left.
|
|t:|1758362016
|switch|p1a: Zamazenta|Zamazenta|100/100
|-ability|p1a: Zamazenta|Dauntless Shield|boost
|-boost|p1a: Zamazenta|def|1
|turn|3
|
|t:|1758362020
|switch|p2a: Great Tusk|Great Tusk|100/100
|-damage|p2a: Great Tusk|97/100|[from] Stealth Rock
|move|p1a: Zamazenta|Close Combat|p2a: Great Tusk
|-damage|p2a: Great Tusk|68/100
|-unboost|p1a: Zamazenta|def|1
|-unboost|p1a: Zamazenta|spd|1
|-damage|p1a: Zamazenta|84/100|[from] item: Rocky Helmet|[of] p2a: Great Tusk
|
|upkeep
|turn|4
|
|t:|1758362030
|move|p1a: Zamazenta|Close Combat|p2a: Great Tusk
|-damage|p2a: Great Tusk|39/100
|-unboost|p1a: Zamazenta|def|1
|-unboost|p1a: Zamazenta|spd|1
|-damage|p1a: Zamazenta|67/100|[from] item: Rocky Helmet|[of] p2a: Great Tusk
|move|p2a: Great Tusk|Rapid Spin|p1a: Zamazenta
|-damage|p1a: Zamazenta|45/100
|-boost|p2a: Great Tusk|spe|1
|-sideend|p2: mansonabuluting|Stealth Rock|[from] move: Rapid Spin|[of] p2a: Great Tusk
|
|upkeep
|turn|5
|
|t:|1758362035
|switch|p1a: Weezing|Weezing-Galar, F|100/100
|-ability|p1a: Weezing|Neutralizing Gas
|-item|p1a: Weezing|Air Balloon
|move|p2a: Great Tusk|Stealth Rock|p1a: Weezing
|-sidestart|p1: Juggperc1|move: Stealth Rock
|
|upkeep
|turn|6
|
|t:|1758362039
|-end|p2a: Great Tusk|Protosynthesis|[silent]
|switch|p2a: Volcanion|Volcanion|100/100
|move|p1a: Weezing|Defog|p2a: Volcanion
|-unboost|p2a: Volcanion|evasion|1
|-sideend|p1: Juggperc1|Stealth Rock|[from] move: Defog|[of] p1a: Weezing
|
|upkeep
|turn|7
|
|t:|1758362044
|move|p2a: Volcanion|Overheat|p1a: Weezing
|-damage|p1a: Weezing|0 fnt
|-unboost|p2a: Volcanion|spa|2
|-enditem|p1a: Weezing|Air Balloon
|faint|p1a: Weezing
|-end|p1a: Weezing|ability: Neutralizing Gas
|
|upkeep
|
|t:|1758362048
|switch|p1a: Gliscor|Gliscor, M|100/100
|turn|8
|
|t:|1758362051
|switch|p2a: Great Tusk|Great Tusk|39/100
|move|p1a: Gliscor|Swords Dance|p1a: Gliscor
|-boost|p1a: Gliscor|atk|2
|
|-status|p1a: Gliscor|tox|[from] item: Toxic Orb
|upkeep
|turn|9
|
|t:|1758362057
|move|p1a: Gliscor|Earthquake|p2a: Great Tusk
|-damage|p2a: Great Tusk|0 fnt
|faint|p2a: Great Tusk
|-end|p2a: Great Tusk|Protosynthesis|[silent]
|
|upkeep
|
|t:|1758362061
|switch|p2a: Rillaboom|Rillaboom, M|100/100
|-fieldstart|move: Grassy Terrain|[from] ability: Grassy Surge|[of] p2a: Rillaboom
|turn|10
|
|t:|1758362089
|move|p1a: Gliscor|Facade|p2a: Rillaboom
|-damage|p2a: Rillaboom|34/100
|move|p2a: Rillaboom|Wood Hammer|p1a: Gliscor
|-damage|p1a: Gliscor|0 fnt
|faint|p1a: Gliscor
|-damage|p2a: Rillaboom|10/100|[from] Recoil
|
|-heal|p2a: Rillaboom|16/100|[from] Grassy Terrain
|upkeep
|
|t:|1758362095
|switch|p1a: Gardevoir|Gardevoir, F|100/100
|-ability|p1a: Gardevoir|Grassy Surge|Trace|[from] ability: Trace|[of] p2a: Rillaboom
|turn|11
|
|t:|1758362102
|switch|p2a: Goodra|Goodra-Hisui, F|91/100
|move|p1a: Gardevoir|Psychic|p2a: Goodra
|-resisted|p2a: Goodra
|-damage|p2a: Goodra|82/100
|
|-heal|p2a: Goodra|88/100|[from] Grassy Terrain
|upkeep
|turn|12
|
|t:|1758362104
|switch|p1a: Zamazenta|Zamazenta|45/100
|move|p2a: Goodra|Flash Cannon|p1a: Zamazenta
|-damage|p1a: Zamazenta|4/100
|
|-heal|p1a: Zamazenta|10/100|[from] Grassy Terrain
|-heal|p2a: Goodra|94/100|[from] Grassy Terrain
|upkeep
|turn|13
|
|t:|1758362110
|switch|p2a: Rillaboom|Rillaboom, M|16/100
|move|p1a: Zamazenta|Close Combat|p2a: Rillaboom
|-damage|p2a: Rillaboom|0 fnt
|-unboost|p1a: Zamazenta|def|1
|-unboost|p1a: Zamazenta|spd|1
|faint|p2a: Rillaboom
|
|-heal|p1a: Zamazenta|16/100|[from] Grassy Terrain
|upkeep
|
|t:|1758362112
|switch|p2a: Hawlucha|Hawlucha, F|100/100
|-enditem|p2a: Hawlucha|Grassy Seed
|-boost|p2a: Hawlucha|def|1|[from] item: Grassy Seed
|turn|14
|
|t:|1758362115
|move|p2a: Hawlucha|Acrobatics|p1a: Zamazenta
|-supereffective|p1a: Zamazenta
|-damage|p1a: Zamazenta|0 fnt
|faint|p1a: Zamazenta
|
|-fieldend|move: Grassy Terrain
|upkeep
|
|t:|1758362118
|switch|p1a: Gardevoir|Gardevoir, F|100/100
|-ability|p1a: Gardevoir|Unburden|Trace|[from] ability: Trace|[of] p2a: Hawlucha
|turn|15
|
|t:|1758362123
|move|p2a: Hawlucha|Acrobatics|p1a: Gardevoir
|-damage|p1a: Gardevoir|8/100
|move|p1a: Gardevoir|Moonblast|p2a: Hawlucha
|-supereffective|p2a: Hawlucha
|-damage|p2a: Hawlucha|0 fnt
|faint|p2a: Hawlucha
|
|upkeep
|
|t:|1758362125
|switch|p2a: Thundurus|Thundurus-Therian, M|100/100
|turn|16
|
|t:|1758362127
|move|p2a: Thundurus|Volt Switch|p1a: Gardevoir
|-damage|p1a: Gardevoir|0 fnt
|faint|p1a: Gardevoir
|
|t:|1758362129
|switch|p2a: Goodra|Goodra-Hisui, F|94/100|[from] Volt Switch
|
|upkeep
|
|t:|1758362133
|switch|p1a: Ogerpon|Ogerpon-Wellspring, F|100/100
|turn|17
|
|t:|1758362136
|-terastallize|p1a: Ogerpon|Water
|detailschange|p1a: Ogerpon|Ogerpon-Wellspring-Tera, F, tera:Water
|-ability|p1a: Ogerpon|Embody Aspect (Wellspring)|boost
|-boost|p1a: Ogerpon|spd|1
|move|p1a: Ogerpon|Swords Dance|p1a: Ogerpon
|-boost|p1a: Ogerpon|atk|2
|move|p2a: Goodra|Draco Meteor|p1a: Ogerpon
|-damage|p1a: Ogerpon|46/100
|-unboost|p2a: Goodra|spa|2
|
|upkeep
|turn|18
|
|t:|1758362139
|move|p1a: Ogerpon|Horn Leech|p2a: Goodra
|-resisted|p2a: Goodra
|-damage|p2a: Goodra|72/100
|-heal|p1a: Ogerpon|59/100|[from] drain|[of] p2a: Goodra
|-ability|p2a: Goodra|Gooey
|-unboost|p1a: Ogerpon|spe|1
|move|p2a: Goodra|Draco Meteor|p1a: Ogerpon
|-damage|p1a: Ogerpon|34/100
|-unboost|p2a: Goodra|spa|2
|
|upkeep
|turn|19
|
|t:|1758362143
|move|p1a: Ogerpon|Ivy Cudgel|p2a: Goodra|[anim] Ivy Cudgel Water
|-resisted|p2a: Goodra
|-damage|p2a: Goodra|0 fnt
|faint|p2a: Goodra
|
|upkeep
|
|t:|1758362147
|switch|p2a: Thundurus|Thundurus-Therian, M|100/100
|turn|20
|
|t:|1758362148
|move|p2a: Thundurus|Volt Switch|p1a: Ogerpon
|-supereffective|p1a: Ogerpon
|-damage|p1a: Ogerpon|0 fnt
|faint|p1a: Ogerpon
|detailschange|p1: Ogerpon|Ogerpon-Wellspring, F|[silent]
|
|win|mansonabuluting
|raw|Juggperc1's rating: 1468 &rarr; <strong>1452</strong><br />(-16 for losing)
|raw|mansonabuluting's rating: 1536 &rarr; <strong>1552</strong><br />(+16 for winning)
|l|☆mansonabuluting
|player|p2|
|l|☆Juggperc1
|player|p1|
