|j|☆Tyronejjontavious2
|j|☆bfio
|t:|1758297612
|gametype|singles
|player|p1|Tyronejjontavious2|wikstrom|1294
|player|p2|bfio|preschooler|1266
|gen|9
|tier|[Gen 9] OU
|rated|
|rule|HP Percentage Mod: HP is shown in percentages
|rule|Endless Battle Clause: Forcing endless battles is banned
|rule|Species Clause: Limit one of each Pokémon
|rule|OHKO Clause: OHKO moves are banned
|rule|Evasion Items Clause: Evasion items are banned
|rule|Evasion Moves Clause: Evasion moves are banned
|rule|Evasion Abilities Clause: Evasion abilities are banned
|rule|Sleep Moves Clause: Sleep-inducing moves are banned
|clearpoke
|poke|p1|Keldeo-Resolute|
|poke|p1|Houndstone, M|
|poke|p1|Kingambit, M|
|poke|p1|Gliscor, M|
|poke|p1|Pawmot, M|
|poke|p1|Tentacruel, M|
|poke|p2|Toxicroak, M|
|poke|p2|Slowking-Galar, F|
|poke|p2|Kyurem|
|poke|p2|Great Tusk|
|poke|p2|Gholdengo|
|poke|p2|Samurott-Hisui, M|
|teampreview
|inactive|Battle timer is ON: inactive players will automatically lose when time's up. (requested by bfio)
|inactive|Tyronejjontavious2 also wants the timer to be on.
|
|t:|1758297641
|teamsize|p1|6
|teamsize|p2|6
|start
|switch|p1a: Keldeo|Keldeo-Resolute|100/100
|switch|p2a: Kyurem|Kyurem|100/100
|-ability|p2a: Kyurem|Pressure
|turn|1
|inactive|Tyronejjontavious2 has 120 seconds left.
|inactive|Tyronejjontavious2 has 90 seconds left.
|
|t:|1758297705
|switch|p2a: Toxicroak|Toxicroak, M|100/100
|move|p1a: Keldeo|Substitute|p1a: Keldeo
|-start|p1a: Keldeo|Substitute
|-damage|p1a: Keldeo|76/100
|
|-heal|p1a: Keldeo|82/100|[from] item: Leftovers
|upkeep
|turn|2
|inactive|Tyronejjontavious2 has 90 seconds left.
|
|t:|1758297716
|switch|p1a: Gliscor|Gliscor, M|100/100
|move|p2a: Toxicroak|Gunk Shot|p1a: Gliscor
|-resisted|p1a: Gliscor
|-damage|p1a: Gliscor|73/100
|-damage|p2a: Toxicroak|91/100|[from] item: Life Orb
|
|-status|p1a: Gliscor|tox|[from] item: Toxic Orb
|upkeep
|turn|3
|
|t:|1758297723
|switch|p2a: Gholdengo|Gholdengo|100/100
|-item|p2a: Gholdengo|Air Balloon
|move|p1a: Gliscor|Protect||[still]
|-fail|p1a: Gliscor
|
|-heal|p1a: Gliscor|86/100 tox|[from] ability: Poison Heal
|upkeep
|turn|4
|inactive|bfio has 120 seconds left.
|
|t:|1758297757
|move|p2a: Gholdengo|Nasty Plot|p2a: Gholdengo
|-boost|p2a: Gholdengo|spa|2
|move|p1a: Gliscor|Knock Off|p2a: Gholdengo
|-supereffective|p2a: Gholdengo
|-damage|p2a: Gholdengo|51/100
|-enditem|p2a: Gholdengo|Air Balloon
|
|-heal|p1a: Gliscor|98/100 tox|[from] ability: Poison Heal
|upkeep
|turn|5
|
|t:|1758297762
|switch|p1a: Tentacruel|Tentacruel, M|100/100
|move|p2a: Gholdengo|Make It Rain|p1a: Tentacruel
|-resisted|p1a: Tentacruel
|-damage|p1a: Tentacruel|53/100
|-unboost|p2a: Gholdengo|spa|1
|
|-heal|p1a: Tentacruel|59/100|[from] item: Leftovers
|upkeep
|turn|6
|
|t:|1758297773
|move|p2a: Gholdengo|Recover|p2a: Gholdengo
|-heal|p2a: Gholdengo|100/100
|move|p1a: Tentacruel|Flip Turn|p2a: Gholdengo
|-damage|p2a: Gholdengo|84/100
|
|t:|1758297788
|switch|p1a: Kingambit|Kingambit, M|100/100|[from] Flip Turn
|
|upkeep
|turn|7
|
|t:|1758297797
|switch|p2a: Toxicroak|Toxicroak, M|91/100
|move|p1a: Kingambit|Iron Head|p2a: Toxicroak
|-damage|p2a: Toxicroak|12/100
|
|upkeep
|turn|8
|
|t:|1758297815
|move|p1a: Kingambit|Sucker Punch|p2a: Toxicroak
|-resisted|p2a: Toxicroak
|-damage|p2a: Toxicroak|0 fnt
|faint|p2a: Toxicroak
|
|upkeep
|
|t:|1758297830
|switch|p2a: Great Tusk|Great Tusk|100/100
|turn|9
|
|t:|1758297836
|-end|p1a: Kingambit|fallenundefined|[silent]
|switch|p1a: Houndstone|Houndstone, M|100/100
|move|p2a: Great Tusk|Bulk Up|p2a: Great Tusk
|-boost|p2a: Great Tusk|atk|1
|-boost|p2a: Great Tusk|def|1
|
|upkeep
|turn|10
|
|t:|1758297847
|move|p2a: Great Tusk|Headlong Rush|p1a: Houndstone
|-damage|p1a: Houndstone|57/100
|-unboost|p2a: Great Tusk|def|1
|-unboost|p2a: Great Tusk|spd|1
|move|p1a: Houndstone|Will-O-Wisp|p2a: Great Tusk|[miss]
|-miss|p1a: Houndstone|p2a: Great Tusk
|
|-heal|p1a: Houndstone|63/100|[from] item: Leftovers
|upkeep
|turn|11
|inactive|Tyronejjontavious2 has 120 seconds left.
|inactive|bfio has 120 seconds left.
|
|t:|1758297889
|-end|p2a: Great Tusk|Protosynthesis|[silent]
|switch|p2a: Gholdengo|Gholdengo|84/100
|move|p1a: Houndstone|Will-O-Wisp|p2a: Gholdengo
|-immune|p2a: Gholdengo|[from] ability: Good as Gold
|
|-heal|p1a: Houndstone|69/100|[from] item: Leftovers
|upkeep
|turn|12
|inactive|bfio has 90 seconds left.
|
|t:|1758297924
|switch|p1a: Kingambit|Kingambit, M|100/100
|move|p2a: Gholdengo|Shadow Ball|p1a: Kingambit
|-resisted|p1a: Kingambit
|-damage|p1a: Kingambit|74/100
|
|-heal|p1a: Kingambit|80/100|[from] item: Leftovers
|upkeep
|turn|13
|
|t:|1758297928
|switch|p2a: Great Tusk|Great Tusk|100/100
|move|p1a: Kingambit|Kowtow Cleave|p2a: Great Tusk
|-resisted|p2a: Great Tusk
|-damage|p2a: Great Tusk|85/100
|
|-heal|p2a: Great Tusk|91/100|[from] item: Leftovers
|-heal|p1a: Kingambit|86/100|[from] item: Leftovers
|upkeep
|turn|14
|
|t:|1758297938
|-end|p1a: Kingambit|fallenundefined|[silent]
|switch|p1a: Houndstone|Houndstone, M|69/100
|move|p2a: Great Tusk|Headlong Rush|p1a: Houndstone
|-damage|p1a: Houndstone|42/100
|-unboost|p2a: Great Tusk|def|1
|-unboost|p2a: Great Tusk|spd|1
|
|-heal|p2a: Great Tusk|97/100|[from] item: Leftovers
|-heal|p1a: Houndstone|48/100|[from] item: Leftovers
|upkeep
|turn|15
|
|t:|1758297945
|-end|p2a: Great Tusk|Protosynthesis|[silent]
|switch|p2a: Samurott|Samurott-Hisui, M|100/100
|move|p1a: Houndstone|Pain Split|p2a: Samurott
|-sethp|p2a: Samurott|76/100|[from] move: Pain Split|[silent]
|-sethp|p1a: Houndstone|71/100|[from] move: Pain Split
|
|-heal|p1a: Houndstone|77/100|[from] item: Leftovers
|upkeep
|turn|16
|
|t:|1758297953
|switch|p2a: Gholdengo|Gholdengo|84/100
|switch|p1a: Keldeo|Keldeo-Resolute|82/100
|
|-heal|p1a: Keldeo|88/100|[from] item: Leftovers
|upkeep
|turn|17
|
|t:|1758297958
|move|p1a: Keldeo|Surf|p2a: Gholdengo
|-damage|p2a: Gholdengo|40/100
|move|p2a: Gholdengo|Shadow Ball|p1a: Keldeo
|-crit|p1a: Keldeo
|-damage|p1a: Keldeo|23/100
|
|-heal|p1a: Keldeo|29/100|[from] item: Leftovers
|upkeep
|turn|18
|inactive|bfio has 120 seconds left.
|
|t:|1758297967
|switch|p2a: Slowking|Slowking-Galar, F|100/100
|move|p1a: Keldeo|Surf|p2a: Slowking
|-damage|p2a: Slowking|68/100
|
|-heal|p1a: Keldeo|36/100|[from] item: Leftovers
|upkeep
|turn|19
|
|t:|1758297980
|move|p1a: Keldeo|Substitute|p1a: Keldeo
|-start|p1a: Keldeo|Substitute
|-damage|p1a: Keldeo|11/100
|-prepare|p2a: Slowking|Chilly Reception|[premajor]
|move|p2a: Slowking|Chilly Reception|p2a: Slowking
|-weather|Snowscape
|inactive|bfio has 120 seconds left.
|
|t:|1758297997
|switch|p2a: Kyurem|Kyurem|100/100|[from] Chilly Reception
|-ability|p2a: Kyurem|Pressure
|
|-weather|Snowscape|[upkeep]
|-heal|p1a: Keldeo|17/100|[from] item: Leftovers
|upkeep
|turn|20
|
|t:|1758298006
|move|p1a: Keldeo|Secret Sword|p2a: Kyurem
|-supereffective|p2a: Kyurem
|-damage|p2a: Kyurem|44/100
|move|p2a: Kyurem|Scale Shot|p1a: Keldeo
|-activate|p1a: Keldeo|move: Substitute|[damage]
|-end|p1a: Keldeo|Substitute
|-damage|p1a: Keldeo|3/100
|-damage|p1a: Keldeo|0 fnt
|faint|p1a: Keldeo
|-hitcount|p1: Keldeo|4
|-unboost|p2a: Kyurem|def|1
|-boost|p2a: Kyurem|spe|1
|
|-weather|Snowscape|[upkeep]
|upkeep
|
|t:|1758298015
|switch|p1a: Houndstone|Houndstone, M|77/100
|turn|21
|inactive|bfio has 120 seconds left.
|inactive|Tyronejjontavious2 has 120 seconds left.
|inactive|bfio has 90 seconds left.
|
|t:|1758298077
|move|p2a: Kyurem|Icicle Spear|p1a: Houndstone
|-damage|p1a: Houndstone|66/100
|-damage|p1a: Houndstone|55/100
|-damage|p1a: Houndstone|43/100
|-damage|p1a: Houndstone|31/100
|-damage|p1a: Houndstone|19/100
|-hitcount|p1a: Houndstone|5
|move|p1a: Houndstone|Will-O-Wisp|p2a: Kyurem
|-status|p2a: Kyurem|brn
|
|-weather|Snowscape|[upkeep]
|-heal|p1a: Houndstone|25/100|[from] item: Leftovers
|-damage|p2a: Kyurem|38/100 brn|[from] brn
|upkeep
|turn|22
|inactive|Tyronejjontavious2 has 120 seconds left.
|
|t:|1758298109
|switch|p1a: Kingambit|Kingambit, M|86/100
|-activate|p1a: Kingambit|ability: Supreme Overlord
|-start|p1a: Kingambit|fallen1|[silent]
|move|p2a: Kyurem|Scale Shot|p1a: Kingambit
|-resisted|p1a: Kingambit
|-crit|p1a: Kingambit
|-damage|p1a: Kingambit|82/100
|-resisted|p1a: Kingambit
|-damage|p1a: Kingambit|79/100
|-resisted|p1a: Kingambit
|-damage|p1a: Kingambit|76/100
|-resisted|p1a: Kingambit
|-damage|p1a: Kingambit|74/100
|-resisted|p1a: Kingambit
|-damage|p1a: Kingambit|70/100
|-hitcount|p1a: Kingambit|5
|-unboost|p2a: Kyurem|def|1
|-boost|p2a: Kyurem|spe|1
|
|-weather|Snowscape|[upkeep]
|-heal|p1a: Kingambit|76/100|[from] item: Leftovers
|-damage|p2a: Kyurem|31/100 brn|[from] brn
|upkeep
|turn|23
|
|t:|1758298122
|switch|p2a: Great Tusk|Great Tusk|97/100
|move|p1a: Kingambit|Sucker Punch||[still]
|-fail|p1a: Kingambit
|
|-weather|none
|-heal|p2a: Great Tusk|100/100|[from] item: Leftovers
|-heal|p1a: Kingambit|83/100|[from] item: Leftovers
|upkeep
|turn|24
|inactive|Tyronejjontavious2 has 90 seconds left.
|
|t:|1758298163
|-end|p2a: Great Tusk|Protosynthesis|[silent]
|switch|p2a: Kyurem|Kyurem|31/100 brn
|-ability|p2a: Kyurem|Pressure
|-end|p1a: Kingambit|fallen1|[silent]
|switch|p1a: Gliscor|Gliscor, M|98/100 tox
|
|-heal|p1a: Gliscor|100/100 tox|[from] ability: Poison Heal
|-damage|p2a: Kyurem|25/100 brn|[from] brn
|upkeep
|turn|25
|
|t:|1758298173
|switch|p1a: Kingambit|Kingambit, M|83/100
|-activate|p1a: Kingambit|ability: Supreme Overlord
|-start|p1a: Kingambit|fallen1|[silent]
|move|p2a: Kyurem|Dragon Dance|p2a: Kyurem
|-boost|p2a: Kyurem|atk|1
|-boost|p2a: Kyurem|spe|1
|
|-heal|p1a: Kingambit|89/100|[from] item: Leftovers
|-damage|p2a: Kyurem|19/100 brn|[from] brn
|upkeep
|turn|26
|
|t:|1758298177
|move|p1a: Kingambit|Sucker Punch|p2a: Kyurem
|-damage|p2a: Kyurem|0 fnt
|faint|p2a: Kyurem
|
|-heal|p1a: Kingambit|95/100|[from] item: Leftovers
|upkeep
|
|t:|1758298182
|switch|p2a: Samurott|Samurott-Hisui, M|76/100
|turn|27
|inactive|bfio has 120 seconds left.
|inactive|Tyronejjontavious2 has 90 seconds left.
|
|t:|1758298207
|-end|p1a: Kingambit|fallen1|[silent]
|switch|p1a: Pawmot|Pawmot, M|100/100
|move|p2a: Samurott|Sacred Sword|p1a: Pawmot
|-damage|p1a: Pawmot|33/100
|
|upkeep
|turn|28
|inactive|Tyronejjontavious2 has 90 seconds left.
|inactive|bfio has 120 seconds left.
|
|t:|1758298215
|move|p2a: Samurott|Aqua Jet|p1a: Pawmot
|-damage|p1a: Pawmot|0 fnt
|faint|p1a: Pawmot
|
|upkeep
|inactive|Tyronejjontavious2 has 90 seconds left.
|inactive|Tyronejjontavious2 has 60 seconds left.
|
|t:|1758298254
|switch|p1a: Kingambit|Kingambit, M|95/100
|-activate|p1a: Kingambit|ability: Supreme Overlord
|-start|p1a: Kingambit|fallen2|[silent]
|turn|29
|
|t:|1758298259
|-terastallize|p1a: Kingambit|Fairy
|move|p2a: Samurott|Ceaseless Edge|p1a: Kingambit
|-resisted|p1a: Kingambit
|-damage|p1a: Kingambit|76/100
|-sidestart|p1: Tyronejjontavious2|Spikes
|move|p1a: Kingambit|Swords Dance|p1a: Kingambit
|-boost|p1a: Kingambit|atk|2
|
|-heal|p1a: Kingambit|83/100|[from] item: Leftovers
|upkeep
|turn|30
|inactive|Tyronejjontavious2 has 60 seconds left.
|inactive|Tyronejjontavious2 has 30 seconds left.
|
|t:|1758298318
|move|p2a: Samurott|Aqua Jet|p1a: Kingambit
|-damage|p1a: Kingambit|67/100
|move|p1a: Kingambit|Kowtow Cleave|p2a: Samurott
|-resisted|p2a: Samurott
|-damage|p2a: Samurott|0 fnt
|faint|p2a: Samurott
|
|-heal|p1a: Kingambit|74/100|[from] item: Leftovers
|upkeep
|
|t:|1758298326
|switch|p2a: Gholdengo|Gholdengo|40/100
|turn|31
|inactive|Tyronejjontavious2 has 30 seconds left.
|inactive|Tyronejjontavious2 has 20 seconds left.
|inactive|Tyronejjontavious2 has 15 seconds left.
|
|t:|1758298354
|move|p1a: Kingambit|Sucker Punch|p2a: Gholdengo
|-supereffective|p2a: Gholdengo
|-damage|p2a: Gholdengo|0 fnt
|faint|p2a: Gholdengo
|
|-heal|p1a: Kingambit|80/100|[from] item: Leftovers
|upkeep
|
|t:|1758298356
|switch|p2a: Great Tusk|Great Tusk|100/100
|turn|32
|inactive|Tyronejjontavious2 has 30 seconds left this turn.
|
|t:|1758298358
|move|p2a: Great Tusk|Rapid Spin|p1a: Kingambit
|-damage|p1a: Kingambit|63/100
|-boost|p2a: Great Tusk|spe|1
|move|p1a: Kingambit|Iron Head|p2a: Great Tusk
|-damage|p2a: Great Tusk|29/100
|
|-heal|p2a: Great Tusk|35/100|[from] item: Leftovers
|-heal|p1a: Kingambit|69/100|[from] item: Leftovers
|upkeep
|turn|33
|
|t:|1758298362
|move|p2a: Great Tusk|Headlong Rush|p1a: Kingambit
|-damage|p1a: Kingambit|6/100
|-unboost|p2a: Great Tusk|def|1
|-unboost|p2a: Great Tusk|spd|1
|move|p1a: Kingambit|Iron Head|p2a: Great Tusk
|-damage|p2a: Great Tusk|0 fnt
|faint|p2a: Great Tusk
|-end|p2a: Great Tusk|Protosynthesis|[silent]
|
|-heal|p1a: Kingambit|12/100|[from] item: Leftovers
|upkeep
|
|t:|1758298364
|switch|p2a: Slowking|Slowking-Galar, F|100/100
|turn|34
|
|t:|1758298366
|move|p1a: Kingambit|Kowtow Cleave|p2a: Slowking
|-supereffective|p2a: Slowking
|-damage|p2a: Slowking|0 fnt
|faint|p2a: Slowking
|
|win|Tyronejjontavious2
|raw|Tyronejjontavious2's rating: 1294 &rarr; <strong>1317</strong><br />(+23 for winning)
|raw|bfio's rating: 1266 &rarr; <strong>1243</strong><br />(-23 for losing)
|l|☆bfio
|player|p2|
|l|☆Tyronejjontavious2
|player|p1|
