|j|☆AC/DC1994
|j|☆raxiahsta
|t:|1758325974
|gametype|singles
|player|p1|AC/DC1994|pokemonbreeder-gen4|1106
|player|p2|raxiahsta|265|1074
|gen|9
|tier|[Gen 9] OU
|rated|
|rule|HP Percentage Mod: HP is shown in percentages
|rule|Endless Battle Clause: Forcing endless battles is banned
|rule|Species Clause: Limit one of each Pokémon
|rule|OHKO Clause: OHKO moves are banned
|rule|Evasion Items Clause: Evasion items are banned
|rule|Evasion Moves Clause: Evasion moves are banned
|rule|Evasion Abilities Clause: Evasion abilities are banned
|rule|Sleep Moves Clause: Sleep-inducing moves are banned
|clearpoke
|poke|p1|Conkeldurr, M|
|poke|p1|Azumarill, F|
|poke|p1|Golem, M|
|poke|p1|Gengar, F|
|poke|p1|Muk-Alola, M|
|poke|p1|Rotom-Frost|
|poke|p2|Gyarados, M|
|poke|p2|Meganium, F|
|poke|p2|Tyranitar, M|
|poke|p2|Donphan, F|
|poke|p2|Vaporeon, F|
|poke|p2|Hitmonchan, M|
|teampreview
|inactive|Battle timer is ON: inactive players will automatically lose when time's up. (requested by raxiahsta)
|
|t:|1758325991
|teamsize|p1|6
|teamsize|p2|6
|start
|switch|p1a: Azumarill|Azumarill, F|100/100
|switch|p2a: Donphan|Donphan, F|100/100
|turn|1
|
|t:|1758325999
|move|p1a: Azumarill|Belly Drum|p1a: Azumarill
|-damage|p1a: Azumarill|50/100
|-setboost|p1a: Azumarill|atk|6|[from] move: Belly Drum
|-enditem|p1a: Azumarill|Sitrus Berry|[eat]
|-heal|p1a: Azumarill|75/100|[from] item: Sitrus Berry
|move|p2a: Donphan|Earthquake|p1a: Azumarill
|-damage|p1a: Azumarill|26/100
|
|upkeep
|turn|2
|c|☆raxiahsta|bitchhh
|
|t:|1758326008
|move|p1a: Azumarill|Liquidation|p2a: Donphan
|-supereffective|p2a: Donphan
|-ability|p2a: Donphan|Sturdy
|-damage|p2a: Donphan|1/100
|move|p2a: Donphan|Earthquake|p1a: Azumarill
|-damage|p1a: Azumarill|0 fnt
|faint|p1a: Azumarill
|
|-heal|p2a: Donphan|7/100|[from] item: Leftovers
|upkeep
|
|t:|1758326022
|switch|p1a: Gengar|Gengar, F|100/100
|turn|3
|
|t:|1758326026
|move|p2a: Donphan|Ice Shard|p1a: Gengar
|-damage|p1a: Gengar|82/100
|move|p1a: Gengar|Shadow Ball|p2a: Donphan
|-damage|p2a: Donphan|0 fnt
|faint|p2a: Donphan
|
|upkeep
|
|t:|1758326034
|switch|p2a: Tyranitar|Tyranitar, M|100/100
|-weather|Sandstorm|[from] ability: Sand Stream|[of] p2a: Tyranitar
|turn|4
|
|t:|1758326039
|switch|p2a: Gyarados|Gyarados, M, shiny|100/100
|-ability|p2a: Gyarados|Intimidate|boost
|-unboost|p1a: Gengar|atk|1
|move|p1a: Gengar|Destiny Bond|p1a: Gengar
|-singlemove|p1a: Gengar|Destiny Bond
|
|-weather|Sandstorm|[upkeep]
|-damage|p1a: Gengar|76/100|[from] Sandstorm
|-damage|p2a: Gyarados|94/100|[from] Sandstorm
|upkeep
|turn|5
|
|t:|1758326051
|move|p1a: Gengar|Sludge Wave|p2a: Gyarados
|-damage|p2a: Gyarados|51/100
|move|p2a: Gyarados|Dragon Dance|p2a: Gyarados
|-boost|p2a: Gyarados|atk|1
|-boost|p2a: Gyarados|spe|1
|
|-weather|Sandstorm|[upkeep]
|-damage|p2a: Gyarados|45/100|[from] Sandstorm
|-damage|p1a: Gengar|70/100|[from] Sandstorm
|upkeep
|turn|6
|
|t:|1758326066
|switch|p1a: The Rock|Golem, M|100/100
|move|p2a: Gyarados|Outrage|p1a: The Rock
|-damage|p1a: The Rock|50/100
|
|-weather|Sandstorm|[upkeep]
|-damage|p2a: Gyarados|39/100|[from] Sandstorm
|upkeep
|turn|7
|
|t:|1758326082
|-terastallize|p1a: The Rock|Steel
|move|p2a: Gyarados|Outrage|p1a: The Rock|[from] lockedmove
|-resisted|p1a: The Rock
|-damage|p1a: The Rock|24/100
|-start|p2a: Gyarados|confusion|[fatigue]
|-enditem|p2a: Gyarados|Lum Berry|[eat]
|-end|p2a: Gyarados|confusion
|move|p1a: The Rock|Stone Edge|p2a: Gyarados
|-supereffective|p2a: Gyarados
|-damage|p2a: Gyarados|0 fnt
|faint|p2a: Gyarados
|
|-weather|Sandstorm|[upkeep]
|upkeep
|c|☆raxiahsta|fucker
|
|t:|1758326096
|switch|p2a: Hitmonchan|Hitmonchan, M|100/100
|turn|8
|-enditem|p1a: The Rock|Custap Berry|[eat]
|-activate|p1a: The Rock|item: Custap Berry|[consumed]
|
|t:|1758326099
|move|p1a: The Rock|Explosion|p2a: Hitmonchan
|-damage|p2a: Hitmonchan|11/100
|faint|p1a: The Rock
|move|p2a: Hitmonchan|Drain Punch|p1: The Rock|[notarget]
|-fail|p2a: Hitmonchan
|
|-weather|none
|upkeep
|
|t:|1758326109
|switch|p1a: Gengar|Gengar, F|70/100
|turn|9
|
|t:|1758326116
|switch|p2a: Tyranitar|Tyranitar, M|100/100
|-weather|Sandstorm|[from] ability: Sand Stream|[of] p2a: Tyranitar
|move|p1a: Gengar|Sludge Wave|p2a: Tyranitar
|-resisted|p2a: Tyranitar
|-damage|p2a: Tyranitar|86/100
|
|-weather|Sandstorm|[upkeep]
|-damage|p1a: Gengar|64/100|[from] Sandstorm
|upkeep
|turn|10
|
|t:|1758326126
|move|p1a: Gengar|Destiny Bond|p1a: Gengar
|-singlemove|p1a: Gengar|Destiny Bond
|move|p2a: Tyranitar|Stone Edge|p1a: Gengar
|-damage|p1a: Gengar|5/100
|
|-weather|Sandstorm|[upkeep]
|-damage|p1a: Gengar|0 fnt|[from] Sandstorm
|faint|p1a: Gengar
|upkeep
|
|t:|1758326136
|switch|p1a: Magnate|Conkeldurr, M|100/100
|turn|11
|c|☆raxiahsta|hahahaha
|
|t:|1758326144
|switch|p2a: Hitmonchan|Hitmonchan, M|11/100
|move|p1a: Magnate|Hammer Arm|p2a: Hitmonchan
|-damage|p2a: Hitmonchan|0 fnt
|-unboost|p1a: Magnate|spe|1
|faint|p2a: Hitmonchan
|
|-weather|Sandstorm|[upkeep]
|-damage|p1a: Magnate|95/100|[from] Sandstorm
|-status|p1a: Magnate|brn|[from] item: Flame Orb
|upkeep
|
|t:|1758326154
|switch|p2a: Meganium|Meganium, F|100/100
|turn|12
|
|t:|1758326159
|switch|p1a: Moco|Muk-Alola, M, shiny|100/100
|move|p2a: Meganium|Reflect|p2a: Meganium
|-sidestart|p2: raxiahsta|Reflect
|
|-weather|Sandstorm|[upkeep]
|-damage|p2a: Meganium|94/100|[from] Sandstorm
|-damage|p1a: Moco|94/100|[from] Sandstorm
|-heal|p1a: Moco|100/100|[from] item: Leftovers
|upkeep
|turn|13
|
|t:|1758326168
|switch|p2a: Vaporeon|Vaporeon, F|100/100
|move|p1a: Moco|Acid Armor|p1a: Moco
|-boost|p1a: Moco|def|2
|
|-weather|none
|upkeep
|turn|14
|
|t:|1758326179
|move|p2a: Vaporeon|Surf|p1a: Moco
|-damage|p1a: Moco|69/100
|move|p1a: Moco|Knock Off|p2a: Vaporeon
|-damage|p2a: Vaporeon|79/100
|-enditem|p2a: Vaporeon|Leftovers|[from] move: Knock Off|[of] p1a: Moco
|
|-heal|p1a: Moco|76/100|[from] item: Leftovers
|upkeep
|turn|15
|
|t:|1758326195
|move|p2a: Vaporeon|Surf|p1a: Moco
|-damage|p1a: Moco|46/100
|move|p1a: Moco|Gunk Shot|p2a: Vaporeon
|-damage|p2a: Vaporeon|54/100
|-status|p2a: Vaporeon|psn
|
|-heal|p1a: Moco|52/100|[from] item: Leftovers
|-damage|p2a: Vaporeon|42/100 psn|[from] psn
|upkeep
|turn|16
|
|t:|1758326206
|switch|p1a: Rotom|Rotom-Frost|100/100
|move|p2a: Vaporeon|Wish|p2a: Vaporeon
|
|-damage|p2a: Vaporeon|29/100 psn|[from] psn
|upkeep
|turn|17
|
|t:|1758326214
|move|p2a: Vaporeon|Protect|p2a: Vaporeon
|-singleturn|p2a: Vaporeon|Protect
|move|p1a: Rotom|Nasty Plot|p1a: Rotom
|-boost|p1a: Rotom|spa|2
|
|-heal|p2a: Vaporeon|79/100 psn|[from] move: Wish|[wisher] Vaporeon
|-damage|p2a: Vaporeon|67/100 psn|[from] psn
|upkeep
|turn|18
|
|t:|1758326224
|switch|p2a: Meganium|Meganium, F|94/100
|move|p1a: Rotom|Thunderbolt|p2a: Meganium
|-resisted|p2a: Meganium
|-damage|p2a: Meganium|67/100
|
|upkeep
|turn|19
|
|t:|1758326249
|move|p1a: Rotom|Blizzard|p2a: Meganium
|-supereffective|p2a: Meganium
|-damage|p2a: Meganium|0 fnt
|faint|p2a: Meganium
|
|-sideend|p2: raxiahsta|Reflect
|upkeep
|
|t:|1758326257
|switch|p2a: Tyranitar|Tyranitar, M|86/100
|-weather|Sandstorm|[from] ability: Sand Stream|[of] p2a: Tyranitar
|turn|20
|
|t:|1758326271
|move|p1a: Rotom|Thunderbolt|p2a: Tyranitar
|-damage|p2a: Tyranitar|31/100
|move|p2a: Tyranitar|Dragon Dance|p2a: Tyranitar
|-boost|p2a: Tyranitar|atk|1
|-boost|p2a: Tyranitar|spe|1
|
|-weather|Sandstorm|[upkeep]
|-damage|p1a: Rotom|94/100|[from] Sandstorm
|upkeep
|turn|21
|c|☆raxiahsta|i fucking hate legendary pokemon u lilll bitchh
|
|t:|1758326282
|move|p2a: Tyranitar|Stone Edge|p1a: Rotom
|-supereffective|p1a: Rotom
|-damage|p1a: Rotom|0 fnt
|faint|p1a: Rotom
|
|-weather|Sandstorm|[upkeep]
|upkeep
|
|t:|1758326290
|switch|p1a: Magnate|Conkeldurr, M|95/100 brn
|turn|22
|
|t:|1758326294
|switch|p2a: Vaporeon|Vaporeon, F|67/100 psn
|move|p1a: Magnate|Hammer Arm|p2a: Vaporeon
|-damage|p2a: Vaporeon|0 fnt
|-unboost|p1a: Magnate|spe|1
|faint|p2a: Vaporeon
|
|-weather|Sandstorm|[upkeep]
|-damage|p1a: Magnate|89/100 brn|[from] Sandstorm
|-damage|p1a: Magnate|83/100 brn|[from] brn
|upkeep
|-message|raxiahsta forfeited.
|
|win|AC/DC1994
