|j|☆meio_potato
|j|☆alalu
|t:|1758242626
|gametype|singles
|player|p1|meio_potato|dawn-gen4pt|1461
|player|p2|alalu|102|1531
|gen|9
|tier|[Gen 9] OU
|rated|
|rule|HP Percentage Mod: HP is shown in percentages
|rule|Endless Battle Clause: Forcing endless battles is banned
|rule|Species Clause: Limit one of each Pokémon
|rule|OHKO Clause: OHKO moves are banned
|rule|Evasion Items Clause: Evasion items are banned
|rule|Evasion Moves Clause: Evasion moves are banned
|rule|Evasion Abilities Clause: Evasion abilities are banned
|rule|Sleep Moves Clause: Sleep-inducing moves are banned
|clearpoke
|poke|p1|Gastrodon-East, F|
|poke|p1|Garchomp, M|
|poke|p1|Iron Valiant|
|poke|p1|Iron Treads|
|poke|p1|Blaziken, F|
|poke|p1|Azumarill, F|
|poke|p2|Great Tusk|
|poke|p2|Ting-Lu|
|poke|p2|Raging Bolt|
|poke|p2|Kingambit, M|
|poke|p2|Moltres|
|poke|p2|Ogerpon-Wellspring, F|
|teampreview
|inactive|Battle timer is ON: inactive players will automatically lose when time's up. (requested by meio_potato)
|
|t:|1758242641
|teamsize|p1|6
|teamsize|p2|6
|start
|switch|p1a: Baby Shark|Garchomp, M|100/100
|switch|p2a: Ogerpon|Ogerpon-Wellspring, F|100/100
|turn|1
|
|t:|1758242649
|move|p2a: Ogerpon|Leech Seed|p1a: Baby Shark
|-start|p1a: Baby Shark|move: Leech Seed
|move|p1a: Baby Shark|Dragon Claw|p2a: Ogerpon
|-damage|p2a: Ogerpon|57/100
|
|-damage|p1a: Baby Shark|88/100|[from] Leech Seed|[of] p2a: Ogerpon
|-heal|p2a: Ogerpon|69/100|[silent]
|upkeep
|turn|2
|
|t:|1758242658
|switch|p2a: Ting-Lu|Ting-Lu, shiny|100/100
|-ability|p2a: Ting-Lu|Vessel of Ruin
|move|p1a: Baby Shark|Swords Dance|p1a: Baby Shark
|-boost|p1a: Baby Shark|atk|2
|
|-heal|p1a: Baby Shark|94/100|[from] item: Leftovers
|-damage|p1a: Baby Shark|82/100|[from] Leech Seed|[of] p2a: Ting-Lu
|upkeep
|turn|3
|
|t:|1758242663
|move|p1a: Baby Shark|Earthquake|p2a: Ting-Lu
|-damage|p2a: Ting-Lu|39/100
|move|p2a: Ting-Lu|Stealth Rock|p1a: Baby Shark
|-sidestart|p1: meio_potato|move: Stealth Rock
|
|-heal|p1a: Baby Shark|88/100|[from] item: Leftovers
|-heal|p2a: Ting-Lu|45/100|[from] item: Leftovers
|-damage|p1a: Baby Shark|76/100|[from] Leech Seed|[of] p2a: Ting-Lu
|-heal|p2a: Ting-Lu|53/100|[silent]
|upkeep
|turn|4
|
|t:|1758242668
|move|p1a: Baby Shark|Earthquake|p2a: Ting-Lu
|-damage|p2a: Ting-Lu|0 fnt
|faint|p2a: Ting-Lu
|
|-heal|p1a: Baby Shark|82/100|[from] item: Leftovers
|upkeep
|
|t:|1758242672
|switch|p2a: Great Tusk|Great Tusk, shiny|100/100
|turn|5
|
|t:|1758242675
|move|p1a: Baby Shark|Earthquake|p2a: Great Tusk
|-crit|p2a: Great Tusk
|-damage|p2a: Great Tusk|27/100
|move|p2a: Great Tusk|Ice Spinner|p1a: Baby Shark
|-supereffective|p1a: Baby Shark
|-damage|p1a: Baby Shark|0 fnt
|-damage|p2a: Great Tusk|15/100|[from] ability: Rough Skin|[of] p1a: Baby Shark
|faint|p1a: Baby Shark
|
|upkeep
|
|t:|1758242685
|switch|p1a: Dogo|Iron Treads|100/100
|-damage|p1a: Dogo|97/100|[from] Stealth Rock
|-enditem|p1a: Dogo|Booster Energy
|-activate|p1a: Dogo|ability: Quark Drive|[fromitem]
|-start|p1a: Dogo|quarkdriveatk
|turn|6
|
|t:|1758242689
|-end|p2a: Great Tusk|Protosynthesis|[silent]
|switch|p2a: Moltres|Moltres, shiny|100/100
|move|p1a: Dogo|Rapid Spin|p2a: Moltres
|-damage|p2a: Moltres|87/100
|-boost|p1a: Dogo|spe|1
|-status|p1a: Dogo|brn|[from] ability: Flame Body|[of] p2a: Moltres
|-sideend|p1: meio_potato|Stealth Rock|[from] move: Rapid Spin|[of] p1a: Dogo
|
|-damage|p1a: Dogo|91/100 brn|[from] brn
|upkeep
|turn|7
|
|t:|1758242693
|move|p1a: Dogo|Ice Spinner|p2a: Moltres
|-damage|p2a: Moltres|75/100
|move|p2a: Moltres|Scorching Sands|p1a: Dogo
|-supereffective|p1a: Dogo
|-damage|p1a: Dogo|46/100 brn
|
|-damage|p1a: Dogo|39/100 brn|[from] brn
|upkeep
|turn|8
|
|t:|1758242697
|move|p1a: Dogo|Ice Spinner|p2a: Moltres
|-damage|p2a: Moltres|63/100
|move|p2a: Moltres|Scorching Sands|p1a: Dogo
|-supereffective|p1a: Dogo
|-damage|p1a: Dogo|0 fnt
|faint|p1a: Dogo
|-end|p1a: Dogo|Quark Drive|[silent]
|
|upkeep
|
|t:|1758242701
|switch|p1a: Majesty|Iron Valiant, shiny|100/100
|-enditem|p1a: Majesty|Booster Energy
|-activate|p1a: Majesty|ability: Quark Drive|[fromitem]
|-start|p1a: Majesty|quarkdrivespe
|turn|9
|
|t:|1758242706
|move|p1a: Majesty|Thunderbolt|p2a: Moltres
|-supereffective|p2a: Moltres
|-damage|p2a: Moltres|0 fnt
|faint|p2a: Moltres
|
|upkeep
|
|t:|1758242710
|switch|p2a: Kingambit|Kingambit, M, shiny|100/100
|turn|10
|
|t:|1758242713
|move|p1a: Majesty|Aura Sphere|p2a: Kingambit
|-supereffective|p2a: Kingambit
|-damage|p2a: Kingambit|0 fnt
|faint|p2a: Kingambit
|
|upkeep
|
|t:|1758242717
|switch|p2a: Ragie|Raging Bolt|100/100
|turn|11
|
|t:|1758242721
|-terastallize|p2a: Ragie|Electric
|move|p1a: Majesty|Moonblast|p2a: Ragie
|-damage|p2a: Ragie|63/100
|-unboost|p2a: Ragie|spa|1
|move|p2a: Ragie|Thunderbolt|p1a: Majesty
|-crit|p1a: Majesty
|-damage|p1a: Majesty|0 fnt
|faint|p1a: Majesty
|-end|p1a: Majesty|Quark Drive|[silent]
|
|upkeep
|
|t:|1758242728
|switch|p1a: Escargot|Gastrodon-East, F|100/100
|turn|12
|
|t:|1758242733
|-end|p2a: Ragie|Protosynthesis|[silent]
|switch|p2a: Great Tusk|Great Tusk, shiny|15/100
|move|p1a: Escargot|Earth Power|p2a: Great Tusk
|-damage|p2a: Great Tusk|0 fnt
|faint|p2a: Great Tusk
|-end|p2a: Great Tusk|Protosynthesis|[silent]
|
|upkeep
|
|t:|1758242736
|switch|p2a: Ogerpon|Ogerpon-Wellspring, F|69/100
|turn|13
|
|t:|1758242738
|-terastallize|p1a: Escargot|Fire
|move|p2a: Ogerpon|Substitute|p2a: Ogerpon
|-start|p2a: Ogerpon|Substitute
|-damage|p2a: Ogerpon|45/100
|move|p1a: Escargot|Sludge Bomb|p2a: Ogerpon
|-supereffective|p2a: Ogerpon
|-end|p2a: Ogerpon|Substitute
|
|upkeep
|turn|14
|
|t:|1758242742
|move|p2a: Ogerpon|Leech Seed|p1a: Escargot
|-start|p1a: Escargot|move: Leech Seed
|move|p1a: Escargot|Sludge Bomb|p2a: Ogerpon
|-supereffective|p2a: Ogerpon
|-crit|p2a: Ogerpon
|-damage|p2a: Ogerpon|0 fnt
|faint|p2a: Ogerpon
|
|upkeep
|
|t:|1758242746
|switch|p2a: Ragie|Raging Bolt, tera:Electric|63/100
|turn|15
|
|t:|1758242749
|move|p2a: Ragie|Thunderbolt|p1a: Escargot
|-damage|p1a: Escargot|30/100
|-status|p1a: Escargot|par
|move|p1a: Escargot|Earth Power|p2a: Ragie
|-supereffective|p2a: Ragie
|-damage|p2a: Ragie|0 fnt
|faint|p2a: Ragie
|-end|p2a: Ragie|Protosynthesis|[silent]
|
|win|meio_potato
|raw|meio_potato's rating: 1461 &rarr; <strong>1485</strong><br />(+24 for winning)
|raw|alalu's rating: 1531 &rarr; <strong>1507</strong><br />(-24 for losing)
|l|☆alalu
|player|p2|
|l|☆meio_potato
|player|p1|
