|j|☆rahul'stroy
|j|☆The Paldea Region
|t:|1758290653
|gametype|singles
|player|p1|rahul'stroy|unknown|1460
|player|p2|The Paldea Region|emma|1403
|gen|9
|tier|[Gen 9] OU
|rated|
|rule|HP Percentage Mod: HP is shown in percentages
|rule|Endless Battle Clause: Forcing endless battles is banned
|rule|Species Clause: Limit one of each Pokémon
|rule|OHKO Clause: OHKO moves are banned
|rule|Evasion Items Clause: Evasion items are banned
|rule|Evasion Moves Clause: Evasion moves are banned
|rule|Evasion Abilities Clause: Evasion abilities are banned
|rule|Sleep Moves Clause: Sleep-inducing moves are banned
|clearpoke
|poke|p1|Araquanid, M|
|poke|p1|Enamorus, F|
|poke|p1|Kyurem|
|poke|p1|Zapdos|
|poke|p1|Scizor, M|
|poke|p1|Great Tusk|
|poke|p2|Veluza, F|
|poke|p2|Tornadus-Therian, M|
|poke|p2|Blissey, F|
|poke|p2|Zamazenta-*|
|poke|p2|Gliscor, M|
|poke|p2|Quaquaval, M|
|teampreview
|
|t:|1758290697
|teamsize|p1|6
|teamsize|p2|6
|start
|switch|p1a: "Wrath"|Zapdos|100/100
|switch|p2a: Veluza|Veluza, F|100/100
|-ability|p2a: Veluza|Mold Breaker
|turn|1
|
|t:|1758290709
|move|p2a: Veluza|Final Gambit|p1a: "Wrath"
|-damage|p1a: "Wrath"|0 fnt
|faint|p2a: Veluza
|faint|p1a: "Wrath"
|
|upkeep
|
|t:|1758290741
|switch|p2a: Blissey|Blissey, F|100/100
|switch|p1a: "Lust"|Enamorus, F|100/100
|turn|2
|
|t:|1758290749
|switch|p1a: "Gluttony"|Great Tusk|100/100
|move|p2a: Blissey|Copycat|p2a: Blissey
|move|p2a: Blissey|Final Gambit|p1a: "Gluttony"|[from] move: Copycat
|-damage|p1a: "Gluttony"|0 fnt
|faint|p2a: Blissey
|faint|p1a: "Gluttony"
|-end|p1a: "Gluttony"|Protosynthesis|[silent]
|
|upkeep
|
|t:|1758290768
|switch|p2a: Tornadus|Tornadus-Therian, M|100/100
|switch|p1a: "Greed"|Araquanid, M|100/100
|turn|3
|
|t:|1758290782
|-terastallize|p2a: Tornadus|Flying
|move|p2a: Tornadus|Bleakwind Storm|p1a: "Greed"|[miss]
|-miss|p2a: Tornadus|p1a: "Greed"
|move|p1a: "Greed"|Liquidation|p2a: Tornadus
|-damage|p2a: Tornadus|0 fnt
|faint|p2a: Tornadus
|
|upkeep
|
|t:|1758290794
|switch|p2a: Quaquaval|Quaquaval, M|100/100
|turn|4
|
|t:|1758290811
|move|p2a: Quaquaval|Knock Off|p1a: "Greed"
|-damage|p1a: "Greed"|60/100
|-enditem|p1a: "Greed"|Mystic Water|[from] move: Knock Off|[of] p2a: Quaquaval
|move|p1a: "Greed"|Sticky Web|p2a: Quaquaval
|-sidestart|p2: The Paldea Region|move: Sticky Web
|
|upkeep
|turn|5
|
|t:|1758290820
|move|p2a: Quaquaval|Aqua Step|p1a: "Greed"
|-resisted|p1a: "Greed"
|-damage|p1a: "Greed"|37/100
|-boost|p2a: Quaquaval|spe|1
|move|p1a: "Greed"|Liquidation|p2a: Quaquaval
|-resisted|p2a: Quaquaval
|-damage|p2a: Quaquaval|60/100
|-unboost|p2a: Quaquaval|def|1
|
|upkeep
|turn|6
|
|t:|1758290839
|move|p2a: Quaquaval|Close Combat|p1a: "Greed"
|-resisted|p1a: "Greed"
|-damage|p1a: "Greed"|0 fnt
|-unboost|p2a: Quaquaval|def|1
|-unboost|p2a: Quaquaval|spd|1
|faint|p1a: "Greed"
|-ability|p2a: Quaquaval|Moxie|boost
|-boost|p2a: Quaquaval|atk|1
|
|upkeep
|
|t:|1758290851
|switch|p1a: "Lust"|Enamorus, F|100/100
|turn|7
|
|t:|1758290862
|move|p1a: "Lust"|Moonblast|p2a: Quaquaval
|-supereffective|p2a: Quaquaval
|-crit|p2a: Quaquaval
|-damage|p2a: Quaquaval|0 fnt
|faint|p2a: Quaquaval
|
|upkeep
|
|t:|1758290865
|switch|p2a: Gliscor|Gliscor, M|100/100
|turn|8
|
|t:|1758290879
|switch|p2a: Zamazenta|Zamazenta|100/100
|-activate|p2a: Zamazenta|move: Sticky Web
|-unboost|p2a: Zamazenta|spe|1
|-ability|p2a: Zamazenta|Dauntless Shield|boost
|-boost|p2a: Zamazenta|def|1
|move|p1a: "Lust"|Moonblast|p2a: Zamazenta
|-supereffective|p2a: Zamazenta
|-damage|p2a: Zamazenta|6/100
|
|-heal|p2a: Zamazenta|12/100|[from] item: Leftovers
|upkeep
|turn|9
|-message|The Paldea Region forfeited.
|
|win|rahul'stroy
|raw|rahul&apos;stroy's rating: 1460 &rarr; <strong>1477</strong><br />(+17 for winning)
|raw|The Paldea Region's rating: 1403 &rarr; <strong>1386</strong><br />(-17 for losing)
|l|☆rahul'stroy
|player|p1|
