|j|☆LoscarGD
|j|☆Jenkinss
|t:|1758235452
|gametype|singles
|player|p1|LoscarGD|veteran|1054
|player|p2|Jenkinss|266|1062
|gen|9
|tier|[Gen 9] OU
|rated|
|rule|HP Percentage Mod: HP is shown in percentages
|rule|Endless Battle Clause: Forcing endless battles is banned
|rule|Species Clause: Limit one of each Pokémon
|rule|OHKO Clause: OHKO moves are banned
|rule|Evasion Items Clause: Evasion items are banned
|rule|Evasion Moves Clause: Evasion moves are banned
|rule|Evasion Abilities Clause: Evasion abilities are banned
|rule|Sleep Moves Clause: Sleep-inducing moves are banned
|clearpoke
|poke|p1|Pelipper, F|
|poke|p1|Deoxys-Speed|
|poke|p1|Swampert, M|
|poke|p1|Zapdos|
|poke|p1|Blaziken, M|
|poke|p1|Scizor, M|
|poke|p2|Ribombee, F|
|poke|p2|Gholdengo|
|poke|p2|Charizard, M|
|poke|p2|Torkoal, M|
|poke|p2|Iron Moth|
|poke|p2|Scyther, M|
|teampreview
|inactive|Battle timer is ON: inactive players will automatically lose when time's up. (requested by Jenkinss)
|
|t:|1758235460
|teamsize|p1|6
|teamsize|p2|6
|start
|switch|p1a: Blaziken|Blaziken, M|100/100
|switch|p2a: Ribombee|Ribombee, F|100/100
|turn|1
|
|t:|1758235478
|move|p2a: Ribombee|Trick|p1a: Blaziken
|-activate|p2a: Ribombee|move: Trick|[of] p1a: Blaziken
|-item|p1a: Blaziken|Choice Specs|[from] move: Trick
|-item|p2a: Ribombee|Focus Sash|[from] move: Trick
|move|p1a: Blaziken|Swords Dance|p1a: Blaziken
|-boost|p1a: Blaziken|atk|2
|
|-ability|p1a: Blaziken|Speed Boost|boost
|-boost|p1a: Blaziken|spe|1
|upkeep
|turn|2
|
|t:|1758235496
|switch|p1a: Zapdos|Zapdos|100/100
|move|p2a: Ribombee|Sticky Web|p1a: Zapdos
|-sidestart|p1: LoscarGD|move: Sticky Web
|
|upkeep
|turn|3
|
|t:|1758235502
|switch|p2a: Gholdengo|Gholdengo|100/100
|move|p1a: Zapdos|Thunderbolt|p2a: Gholdengo
|-crit|p2a: Gholdengo
|-damage|p2a: Gholdengo|0 fnt
|faint|p2a: Gholdengo
|
|upkeep
|
|t:|1758235510
|switch|p2a: Torkoal|Torkoal, M|100/100
|-weather|SunnyDay|[from] ability: Drought|[of] p2a: Torkoal
|turn|4
|
|t:|1758235520
|move|p1a: Zapdos|Thunderbolt|p2a: Torkoal
|-damage|p2a: Torkoal|9/100
|move|p2a: Torkoal|Flamethrower|p1a: Zapdos
|-damage|p1a: Zapdos|23/100
|
|-weather|SunnyDay|[upkeep]
|upkeep
|turn|5
|
|t:|1758235528
|move|p1a: Zapdos|Thunderbolt|p2a: Torkoal
|-damage|p2a: Torkoal|0 fnt
|faint|p2a: Torkoal
|
|-weather|SunnyDay|[upkeep]
|upkeep
|
|t:|1758235537
|switch|p2a: Ribombee|Ribombee, F|100/100
|turn|6
|
|t:|1758235563
|move|p2a: Ribombee|Moonblast|p1a: Zapdos
|-damage|p1a: Zapdos|0 fnt
|faint|p1a: Zapdos
|
|-weather|SunnyDay|[upkeep]
|upkeep
|inactive|LoscarGD has 120 seconds left.
|
|t:|1758235575
|switch|p1a: Pelipper|Pelipper, F|100/100
|-weather|RainDance|[from] ability: Drizzle|[of] p1a: Pelipper
|turn|7
|
|t:|1758235580
|move|p2a: Ribombee|Moonblast|p1a: Pelipper
|-damage|p1a: Pelipper|61/100
|move|p1a: Pelipper|Hurricane|p2a: Ribombee
|-supereffective|p2a: Ribombee
|-enditem|p2a: Ribombee|Focus Sash
|-damage|p2a: Ribombee|1/100
|
|-weather|RainDance|[upkeep]
|-heal|p1a: Pelipper|67/100|[from] item: Leftovers
|upkeep
|turn|8
|
|t:|1758235590
|move|p2a: Ribombee|Moonblast|p1a: Pelipper
|-damage|p1a: Pelipper|24/100
|move|p1a: Pelipper|Hurricane|p2a: Ribombee
|-supereffective|p2a: Ribombee
|-damage|p2a: Ribombee|0 fnt
|faint|p2a: Ribombee
|
|-weather|RainDance|[upkeep]
|-heal|p1a: Pelipper|30/100|[from] item: Leftovers
|upkeep
|
|t:|1758235606
|switch|p2a: Scyther|Scyther, M|100/100
|turn|9
|
|t:|1758235613
|move|p2a: Scyther|Trailblaze|p1a: Pelipper
|-damage|p1a: Pelipper|5/100
|-boost|p2a: Scyther|spe|1
|move|p1a: Pelipper|Roost|p1a: Pelipper
|-heal|p1a: Pelipper|55/100
|-singleturn|p1a: Pelipper|move: Roost
|
|-weather|RainDance|[upkeep]
|-heal|p1a: Pelipper|61/100|[from] item: Leftovers
|upkeep
|turn|10
|
|t:|1758235625
|move|p2a: Scyther|Dual Wingbeat|p1a: Pelipper
|-damage|p1a: Pelipper|34/100
|-damage|p1a: Pelipper|7/100
|-hitcount|p1a: Pelipper|2
|move|p1a: Pelipper|Hurricane|p2a: Scyther
|-supereffective|p2a: Scyther
|-damage|p2a: Scyther|35/100
|-start|p2a: Scyther|confusion
|
|-weather|RainDance|[upkeep]
|-heal|p1a: Pelipper|13/100|[from] item: Leftovers
|upkeep
|turn|11
|
|t:|1758235642
|switch|p1a: Swampert|Swampert, M|100/100
|-activate|p1a: Swampert|move: Sticky Web
|-unboost|p1a: Swampert|spe|1
|-activate|p2a: Scyther|confusion
|-damage|p2a: Scyther|15/100|[from] confusion
|
|-weather|none
|upkeep
|turn|12
|
|t:|1758235651
|-activate|p2a: Scyther|confusion
|move|p2a: Scyther|Dual Wingbeat|p1a: Swampert
|-crit|p1a: Swampert
|-damage|p1a: Swampert|59/100
|-damage|p1a: Swampert|31/100
|-hitcount|p1a: Swampert|2
|move|p1a: Swampert|Ice Punch|p2a: Scyther
|-supereffective|p2a: Scyther
|-damage|p2a: Scyther|0 fnt
|faint|p2a: Scyther
|
|-heal|p1a: Swampert|37/100|[from] item: Leftovers
|upkeep
|-message|Jenkinss forfeited.
|
|win|LoscarGD
|raw|LoscarGD's rating: 1054 &rarr; <strong>1087</strong><br />(+33 for winning)
|raw|Jenkinss's rating: 1062 &rarr; <strong>1042</strong><br />(-20 for losing)
|l|☆Jenkinss
|player|p2|
