|j|☆powerfull_rock
|j|☆nah just click
|t:|1758284642
|gametype|singles
|player|p1|powerfull_rock|blackbelt|1722
|player|p2|nah just click|266|1688
|gen|9
|tier|[Gen 9] OU
|rated|
|rule|HP Percentage Mod: HP is shown in percentages
|rule|Endless Battle Clause: Forcing endless battles is banned
|rule|Species Clause: Limit one of each Pokémon
|rule|OHKO Clause: OHKO moves are banned
|rule|Evasion Items Clause: Evasion items are banned
|rule|Evasion Moves Clause: Evasion moves are banned
|rule|Evasion Abilities Clause: Evasion abilities are banned
|rule|Sleep Moves Clause: Sleep-inducing moves are banned
|clearpoke
|poke|p1|Iron Crown|
|poke|p1|Enamorus, F|
|poke|p1|Ting-Lu|
|poke|p1|Sinistcha|
|poke|p1|Hatterene, F|
|poke|p1|Great Tusk|
|poke|p2|Gholdengo|
|poke|p2|Landorus-Therian, M|
|poke|p2|Ogerpon-Wellspring, F|
|poke|p2|Great Tusk|
|poke|p2|Iron Moth|
|poke|p2|Primarina, F|
|teampreview
|inactive|Battle timer is ON: inactive players will automatically lose when time's up. (requested by nah just click)
|
|t:|1758284649
|teamsize|p1|6
|teamsize|p2|6
|start
|switch|p1a: Enamorus|Enamorus, F|100/100
|switch|p2a: Primarina|Primarina, F|100/100
|turn|1
|
|t:|1758284658
|move|p1a: Enamorus|Calm Mind|p1a: Enamorus
|-boost|p1a: Enamorus|spa|1
|-boost|p1a: Enamorus|spd|1
|move|p2a: Primarina|Sparkling Aria|p1a: Enamorus
|-damage|p1a: Enamorus|27/100
|
|-heal|p1a: Enamorus|33/100|[from] item: Leftovers
|upkeep
|turn|2
|
|t:|1758284663
|move|p1a: Enamorus|Moonblast|p2a: Primarina
|-damage|p2a: Primarina|41/100
|-unboost|p2a: Primarina|spa|1
|move|p2a: Primarina|Sparkling Aria|p1a: Enamorus
|-crit|p1a: Enamorus
|-damage|p1a: Enamorus|0 fnt
|faint|p1a: Enamorus
|
|upkeep
|j| Drosophila_enjoyer
|
|t:|1758284677
|switch|p1a: Sinistcha|Sinistcha|100/100
|turn|3
|
|t:|1758284686
|switch|p2a: Iron Moth|Iron Moth|100/100
|-enditem|p2a: Iron Moth|Booster Energy
|-activate|p2a: Iron Moth|ability: Quark Drive|[fromitem]
|-start|p2a: Iron Moth|quarkdrivespe
|move|p1a: Sinistcha|Matcha Gotcha|p2a: Iron Moth
|-resisted|p2a: Iron Moth
|-damage|p2a: Iron Moth|92/100
|
|upkeep
|turn|4
|
|t:|1758284691
|switch|p1a: Ting-Lu|Ting-Lu|100/100
|-ability|p1a: Ting-Lu|Vessel of Ruin
|move|p2a: Iron Moth|Fiery Dance|p1a: Ting-Lu
|-damage|p1a: Ting-Lu|85/100
|-boost|p2a: Iron Moth|spa|1
|
|-heal|p1a: Ting-Lu|91/100|[from] item: Leftovers
|upkeep
|turn|5
|l| Drosophila_enjoyer
|
|t:|1758284701
|move|p2a: Iron Moth|Fiery Dance|p1a: Ting-Lu
|-damage|p1a: Ting-Lu|68/100
|-boost|p2a: Iron Moth|spa|1
|move|p1a: Ting-Lu|Stealth Rock|p2a: Iron Moth
|-sidestart|p2: nah just click|move: Stealth Rock
|
|-heal|p1a: Ting-Lu|74/100|[from] item: Leftovers
|upkeep
|turn|6
|j| Disscratch
|
|t:|1758284709
|-terastallize|p2a: Iron Moth|Ground
|move|p2a: Iron Moth|Fiery Dance|p1a: Ting-Lu
|-crit|p1a: Ting-Lu
|-damage|p1a: Ting-Lu|21/100
|move|p1a: Ting-Lu|Earthquake|p2a: Iron Moth
|-damage|p2a: Iron Moth|37/100
|
|-heal|p1a: Ting-Lu|27/100|[from] item: Leftovers
|upkeep
|turn|7
|
|t:|1758284724
|move|p2a: Iron Moth|Fiery Dance|p1a: Ting-Lu
|-damage|p1a: Ting-Lu|0 fnt
|-boost|p2a: Iron Moth|spa|1
|faint|p1a: Ting-Lu
|
|upkeep
|
|t:|1758284730
|switch|p1a: Hatterene|Hatterene, F|100/100
|turn|8
|j| Pokeniceguy
|
|t:|1758284737
|-terastallize|p1a: Hatterene|Water
|move|p2a: Iron Moth|Sludge Wave|p1a: Hatterene
|-crit|p1a: Hatterene
|-damage|p1a: Hatterene|0 fnt
|faint|p1a: Hatterene
|
|upkeep
|-message|powerfull_rock forfeited.
|
|win|nah just click
|raw|powerfull_rock's rating: 1722 &rarr; <strong>1700</strong><br />(-22 for losing)
|raw|nah just click's rating: 1688 &rarr; <strong>1710</strong><br />(+22 for winning)
|l|☆powerfull_rock
|player|p1|
|l|☆nah just click
|player|p2|
|l| Disscratch
|l| Pokeniceguy
|j| Pokeniceguy
|l| Pokeniceguy
