|badge|p1|bronze|gen9monotype|100-6
|badge|p1|bronze|gen9uu|100-6
|uhtml|medal-msg|<div class="broadcast-blue">Curious what those medals under the avatar are? PS now has Ladder Seasons! For more information, check out the <a href="https://www.smogon.com/forums/threads/3740067/">thread on Smogon.</a></div>
|badge|p2|bronze|gen9ou|100-6
|uhtml|medal-msg|<div class="broadcast-blue">Curious what those medals under the avatar are? PS now has Ladder Seasons! For more information, check out the <a href="https://www.smogon.com/forums/threads/3740067/">thread on Smogon.</a></div>
|j|☆domingo a noite
|j|☆Moreini
|t:|1758240704
|gametype|singles
|player|p1|domingo a noite|miku-ice|1775
|player|p2|Moreini|102|1854
|gen|9
|tier|[Gen 9] OU
|rated|
|rule|HP Percentage Mod: HP is shown in percentages
|rule|Endless Battle Clause: Forcing endless battles is banned
|rule|Species Clause: Limit one of each Pokémon
|rule|OHKO Clause: OHKO moves are banned
|rule|Evasion Items Clause: Evasion items are banned
|rule|Evasion Moves Clause: Evasion moves are banned
|rule|Evasion Abilities Clause: Evasion abilities are banned
|rule|Sleep Moves Clause: Sleep-inducing moves are banned
|clearpoke
|poke|p1|Ogerpon-Wellspring, F|
|poke|p1|Kingambit, F|
|poke|p1|Landorus-Therian, M|
|poke|p1|Glimmora, F|
|poke|p1|Dragapult, M|
|poke|p1|Iron Valiant|
|poke|p2|Indeedee, M|
|poke|p2|Great Tusk|
|poke|p2|Iron Crown|
|poke|p2|Polteageist|
|poke|p2|Hawlucha, F|
|poke|p2|Deoxys-Speed|
|teampreview
|inactive|Battle timer is ON: inactive players will automatically lose when time's up. (requested by Moreini)
|
|t:|1758240743
|teamsize|p1|6
|teamsize|p2|6
|start
|switch|p1a: Dragapult|Dragapult, M|100/100
|switch|p2a: Indeedee|Indeedee, M|100/100
|-fieldstart|move: Psychic Terrain|[from] ability: Psychic Surge|[of] p2a: Indeedee
|turn|1
|
|t:|1758240752
|switch|p2a: Great Tusk|Great Tusk|100/100
|move|p1a: Dragapult|U-turn|p2a: Great Tusk
|-resisted|p2a: Great Tusk
|-damage|p2a: Great Tusk|97/100
|-damage|p1a: Dragapult|84/100|[from] item: Rocky Helmet|[of] p2a: Great Tusk
|
|t:|1758240764
|switch|p1a: Landorus|Landorus-Therian, M|100/100|[from] U-turn
|-ability|p1a: Landorus|Intimidate|boost
|-unboost|p2a: Great Tusk|atk|1
|
|upkeep
|turn|2
|
|t:|1758240768
|move|p1a: Landorus|Stealth Rock|p2a: Great Tusk
|-sidestart|p2: Moreini|move: Stealth Rock
|move|p2a: Great Tusk|Knock Off|p1a: Landorus
|-damage|p1a: Landorus|81/100
|-damage|p2a: Great Tusk|80/100|[from] item: Rocky Helmet|[of] p1a: Landorus
|-enditem|p1a: Landorus|Rocky Helmet|[from] move: Knock Off|[of] p2a: Great Tusk
|
|upkeep
|turn|3
|
|t:|1758240772
|move|p1a: Landorus|U-turn|p2a: Great Tusk
|-resisted|p2a: Great Tusk
|-damage|p2a: Great Tusk|75/100
|-damage|p1a: Landorus|65/100|[from] item: Rocky Helmet|[of] p2a: Great Tusk
|
|t:|1758240773
|switch|p1a: Dragapult|Dragapult, M|84/100|[from] U-turn
|move|p2a: Great Tusk|Rapid Spin|p1a: Dragapult
|-immune|p1a: Dragapult
|
|upkeep
|turn|4
|
|t:|1758240778
|move|p1a: Dragapult|Flamethrower|p2a: Great Tusk
|-damage|p2a: Great Tusk|23/100
|move|p2a: Great Tusk|Stealth Rock|p1a: Dragapult
|-sidestart|p1: domingo a noite|move: Stealth Rock
|
|upkeep
|turn|5
|
|t:|1758240786
|-end|p2a: Great Tusk|Protosynthesis|[silent]
|switch|p2a: Deoxys|Deoxys-Speed|100/100
|-damage|p2a: Deoxys|88/100|[from] Stealth Rock
|-ability|p2a: Deoxys|Pressure
|move|p1a: Dragapult|Flamethrower|p2a: Deoxys
|-crit|p2a: Deoxys
|-damage|p2a: Deoxys|0 fnt
|faint|p2a: Deoxys
|
|upkeep
|
|t:|1758240795
|switch|p2a: Hawlucha|Hawlucha, F|100/100
|-damage|p2a: Hawlucha|88/100|[from] Stealth Rock
|-enditem|p2a: Hawlucha|Psychic Seed
|-boost|p2a: Hawlucha|spd|1|[from] item: Psychic Seed
|turn|6
|
|t:|1758240797
|move|p2a: Hawlucha|Swords Dance|p2a: Hawlucha
|-boost|p2a: Hawlucha|atk|2
|move|p1a: Dragapult|Flamethrower|p2a: Hawlucha
|-damage|p2a: Hawlucha|45/100
|
|upkeep
|turn|7
|
|t:|1758240802
|switch|p1a: Landorus|Landorus-Therian, M|65/100
|-damage|p1a: Landorus|52/100|[from] Stealth Rock
|-ability|p1a: Landorus|Intimidate|boost
|-unboost|p2a: Hawlucha|atk|1
|move|p2a: Hawlucha|Close Combat|p1a: Landorus
|-resisted|p1a: Landorus
|-damage|p1a: Landorus|11/100
|-unboost|p2a: Hawlucha|def|1
|-unboost|p2a: Hawlucha|spd|1
|
|upkeep
|turn|8
|
|t:|1758240806
|move|p2a: Hawlucha|Swords Dance|p2a: Hawlucha
|-boost|p2a: Hawlucha|atk|2
|move|p1a: Landorus|U-turn|p2a: Hawlucha
|-resisted|p2a: Hawlucha
|-damage|p2a: Hawlucha|34/100
|
|t:|1758240812
|switch|p1a: Kingambit|Kingambit, F|100/100|[from] U-turn
|-damage|p1a: Kingambit|94/100|[from] Stealth Rock
|
|-heal|p1a: Kingambit|100/100|[from] item: Leftovers
|-fieldend|move: Psychic Terrain
|upkeep
|turn|9
|
|t:|1758240815
|move|p1a: Kingambit|Sucker Punch||[still]
|-fail|p1a: Kingambit
|move|p2a: Hawlucha|Encore|p1a: Kingambit
|-start|p1a: Kingambit|Encore
|
|upkeep
|turn|10
|
|t:|1758240818
|-end|p1a: Kingambit|fallenundefined|[silent]
|switch|p1a: Landorus|Landorus-Therian, M|11/100
|-damage|p1a: Landorus|0 fnt|[from] Stealth Rock
|faint|p1a: Landorus
|move|p2a: Hawlucha|Swords Dance|p2a: Hawlucha
|-boost|p2a: Hawlucha|atk|2
|
|upkeep
|
|t:|1758240819
|switch|p1a: Kingambit|Kingambit, F|100/100
|-damage|p1a: Kingambit|94/100|[from] Stealth Rock
|-activate|p1a: Kingambit|ability: Supreme Overlord
|-start|p1a: Kingambit|fallen1|[silent]
|turn|11
|
|t:|1758240824
|switch|p2a: Great Tusk|Great Tusk|23/100
|-damage|p2a: Great Tusk|20/100|[from] Stealth Rock
|move|p1a: Kingambit|Sucker Punch||[still]
|-fail|p1a: Kingambit
|
|-heal|p1a: Kingambit|100/100|[from] item: Leftovers
|upkeep
|turn|12
|
|t:|1758240827
|-end|p1a: Kingambit|fallen1|[silent]
|switch|p1a: Dragapult|Dragapult, M|84/100
|-damage|p1a: Dragapult|72/100|[from] Stealth Rock
|move|p2a: Great Tusk|Knock Off|p1a: Dragapult
|-supereffective|p1a: Dragapult
|-damage|p1a: Dragapult|0 fnt
|-enditem|p1a: Dragapult|Choice Specs|[from] move: Knock Off|[of] p2a: Great Tusk
|faint|p1a: Dragapult
|
|upkeep
|
|t:|1758240830
|switch|p1a: Ogerpon|Ogerpon-Wellspring, F|100/100
|-damage|p1a: Ogerpon|88/100|[from] Stealth Rock
|turn|13
|
|t:|1758240839
|-terastallize|p2a: Great Tusk|Dragon
|move|p1a: Ogerpon|Ivy Cudgel|p2a: Great Tusk|[anim] Ivy Cudgel Water
|-resisted|p2a: Great Tusk
|-damage|p2a: Great Tusk|5/100
|move|p2a: Great Tusk|Rapid Spin|p1a: Ogerpon
|-crit|p1a: Ogerpon
|-damage|p1a: Ogerpon|61/100
|-boost|p2a: Great Tusk|spe|1
|-sideend|p2: Moreini|Stealth Rock|[from] move: Rapid Spin|[of] p2a: Great Tusk
|
|upkeep
|turn|14
|
|t:|1758240850
|switch|p1a: Glimmora|Glimmora, F|100/100
|-damage|p1a: Glimmora|88/100|[from] Stealth Rock
|-end|p2a: Great Tusk|Protosynthesis|[silent]
|switch|p2a: Indeedee|Indeedee, M|100/100
|-fieldstart|move: Psychic Terrain|[from] ability: Psychic Surge|[of] p2a: Indeedee
|
|upkeep
|turn|15
|
|t:|1758240853
|switch|p1a: Kingambit|Kingambit, F|100/100
|-damage|p1a: Kingambit|94/100|[from] Stealth Rock
|-activate|p1a: Kingambit|ability: Supreme Overlord
|-start|p1a: Kingambit|fallen2|[silent]
|move|p2a: Indeedee|Expanding Force|p1a: Kingambit
|-immune|p1a: Kingambit
|
|-heal|p1a: Kingambit|100/100|[from] item: Leftovers
|upkeep
|turn|16
|
|t:|1758240857
|move|p2a: Indeedee|Healing Wish|p2a: Indeedee
|faint|p2a: Indeedee
|move|p1a: Kingambit|Iron Head|p2: Indeedee|[notarget]
|-fail|p1a: Kingambit
|
|upkeep
|j| kindnessalwayswins
|
|t:|1758240862
|switch|p2a: Great Tusk|Great Tusk, tera:Dragon|5/100
|-heal|p2a: Great Tusk|100/100|[from] move: Healing Wish
|turn|17
|
|t:|1758240875
|-end|p1a: Kingambit|fallen2|[silent]
|switch|p1a: Glimmora|Glimmora, F|88/100
|-damage|p1a: Glimmora|76/100|[from] Stealth Rock
|move|p2a: Great Tusk|Earthquake|p1a: Glimmora
|-supereffective|p1a: Glimmora
|-damage|p1a: Glimmora|0 fnt
|-activate|p1a: Glimmora|ability: Toxic Debris
|-sidestart|p2: Moreini|move: Toxic Spikes
|faint|p1a: Glimmora
|
|upkeep
|
|t:|1758240880
|switch|p1a: Iron Valiant|Iron Valiant|100/100
|-damage|p1a: Iron Valiant|94/100|[from] Stealth Rock
|-enditem|p1a: Iron Valiant|Booster Energy
|-activate|p1a: Iron Valiant|ability: Quark Drive|[fromitem]
|-start|p1a: Iron Valiant|quarkdrivespe
|turn|18
|
|t:|1758240883
|-end|p2a: Great Tusk|Protosynthesis|[silent]
|switch|p2a: Hawlucha|Hawlucha, F|34/100
|move|p1a: Iron Valiant|Encore||[still]
|-fail|p1a: Iron Valiant
|
|upkeep
|turn|19
|
|t:|1758240892
|-terastallize|p1a: Iron Valiant|Steel
|move|p1a: Iron Valiant|Swords Dance|p1a: Iron Valiant
|-boost|p1a: Iron Valiant|atk|2
|move|p2a: Hawlucha|Acrobatics|p1a: Iron Valiant
|-resisted|p1a: Iron Valiant
|-damage|p1a: Iron Valiant|61/100
|
|upkeep
|turn|20
|
|t:|1758240899
|move|p1a: Iron Valiant|Spirit Break|p2a: Hawlucha
|-supereffective|p2a: Hawlucha
|-damage|p2a: Hawlucha|0 fnt
|faint|p2a: Hawlucha
|
|upkeep
|
|t:|1758240910
|switch|p2a: Iron Crown|Iron Crown|100/100
|turn|21
|
|t:|1758240924
|move|p1a: Iron Valiant|Knock Off|p2a: Iron Crown
|-supereffective|p2a: Iron Crown
|-damage|p2a: Iron Crown|0 fnt
|-enditem|p2a: Iron Crown|Choice Specs|[from] move: Knock Off|[of] p1a: Iron Valiant
|faint|p2a: Iron Crown
|-end|p2a: Iron Crown|Quark Drive|[silent]
|
|-fieldend|move: Psychic Terrain
|upkeep
|
|t:|1758240926
|switch|p2a: Great Tusk|Great Tusk, tera:Dragon|100/100
|-status|p2a: Great Tusk|psn
|turn|22
|
|t:|1758240934
|move|p1a: Iron Valiant|Spirit Break|p2a: Great Tusk
|-supereffective|p2a: Great Tusk
|-damage|p2a: Great Tusk|29/100 psn
|-unboost|p2a: Great Tusk|spa|1
|-damage|p1a: Iron Valiant|44/100|[from] item: Rocky Helmet|[of] p2a: Great Tusk
|move|p2a: Great Tusk|Earthquake|p1a: Iron Valiant
|-supereffective|p1a: Iron Valiant
|-damage|p1a: Iron Valiant|0 fnt
|faint|p1a: Iron Valiant
|-end|p1a: Iron Valiant|Quark Drive|[silent]
|
|-damage|p2a: Great Tusk|16/100 psn|[from] psn
|upkeep
|
|t:|1758240938
|switch|p1a: Ogerpon|Ogerpon-Wellspring, F|61/100
|-damage|p1a: Ogerpon|48/100|[from] Stealth Rock
|turn|23
|
|t:|1758240943
|move|p1a: Ogerpon|Play Rough|p2a: Great Tusk
|-supereffective|p2a: Great Tusk
|-damage|p2a: Great Tusk|0 fnt
|-damage|p1a: Ogerpon|32/100|[from] item: Rocky Helmet|[of] p2a: Great Tusk
|faint|p2a: Great Tusk
|-end|p2a: Great Tusk|Protosynthesis|[silent]
|
|upkeep
|-message|Moreini forfeited.
|
|win|domingo a noite
|raw|domingo a noite's rating: 1775 &rarr; <strong>1799</strong><br />(+24 for winning)
|raw|Moreini's rating: 1854 &rarr; <strong>1830</strong><br />(-24 for losing)
|l|☆Moreini
|player|p2|
|l|☆domingo a noite
|player|p1|
