|j|☆GFYSYDAR
|j|☆sorenn
|t:|1758313134
|gametype|singles
|player|p1|GFYSYDAR|scientist-gen4dp|1333
|player|p2|sorenn|beauty|1336
|gen|9
|tier|[Gen 9] OU
|rated|
|rule|HP Percentage Mod: HP is shown in percentages
|rule|Endless Battle Clause: Forcing endless battles is banned
|rule|Species Clause: Limit one of each Pokémon
|rule|OHKO Clause: OHKO moves are banned
|rule|Evasion Items Clause: Evasion items are banned
|rule|Evasion Moves Clause: Evasion moves are banned
|rule|Evasion Abilities Clause: Evasion abilities are banned
|rule|Sleep Moves Clause: Sleep-inducing moves are banned
|clearpoke
|poke|p1|Electrode-Hisui|
|poke|p1|Gallade, M|
|poke|p1|Slowking-Galar, M|
|poke|p1|Alomomola, F|
|poke|p1|Great Tusk|
|poke|p1|Landorus-Therian, M|
|poke|p2|Ogerpon-Wellspring, F|
|poke|p2|Skeledirge, M|
|poke|p2|Primarina, M|
|poke|p2|Jolteon, M|
|poke|p2|Cinccino, F|
|poke|p2|Ninetales-Alola, F|
|teampreview
|l|☆GFYSYDAR
|player|p1|
|inactive|Battle timer is ON: inactive players will automatically lose when time's up. (requested by sorenn)
|j|☆GFYSYDAR
|inactive|GFYSYDAR reconnected and has 145 seconds left.
|player|p1|GFYSYDAR|scientist-gen4dp|
|
|t:|1758313155
|teamsize|p1|6
|teamsize|p2|6
|start
|switch|p1a: Electrode|Electrode-Hisui, shiny|100/100
|switch|p2a: Ninetales|Ninetales-Alola, F, shiny|100/100
|-weather|Snowscape|[from] ability: Snow Warning|[of] p2a: Ninetales
|turn|1
|
|t:|1758313165
|move|p1a: Electrode|Leaf Storm|p2a: Ninetales
|-damage|p2a: Ninetales|30/100
|-unboost|p1a: Electrode|spa|2
|move|p2a: Ninetales|Aurora Veil|p2a: Ninetales
|-sidestart|p2: sorenn|move: Aurora Veil
|
|-weather|Snowscape|[upkeep]
|upkeep
|turn|2
|
|t:|1758313173
|switch|p1a: Slowking|Slowking-Galar, M|100/100
|move|p2a: Ninetales|Blizzard|p1a: Slowking
|-damage|p1a: Slowking|82/100
|
|-weather|Snowscape|[upkeep]
|upkeep
|turn|3
|
|t:|1758313181
|switch|p2a: Jolteon|Jolteon, M, shiny|100/100
|move|p1a: Slowking|Toxic|p2a: Jolteon
|-status|p2a: Jolteon|tox
|
|-weather|Snowscape|[upkeep]
|-damage|p2a: Jolteon|95/100 tox|[from] psn
|upkeep
|turn|4
|
|t:|1758313190
|move|p2a: Jolteon|Volt Switch|p1a: Slowking
|-damage|p1a: Slowking|54/100
|
|t:|1758313193
|switch|p2a: Cinccino|Cinccino, F, shiny|100/100|[from] Volt Switch
|move|p1a: Slowking|Future Sight|p2a: Cinccino
|-start|p1a: Slowking|move: Future Sight
|
|-weather|Snowscape|[upkeep]
|upkeep
|turn|5
|
|t:|1758313200
|switch|p1a: Landorus|Landorus-Therian, M|100/100
|-ability|p1a: Landorus|Intimidate|boost
|-unboost|p2a: Cinccino|atk|1
|move|p2a: Cinccino|Tail Slap|p1a: Landorus
|-damage|p1a: Landorus|94/100
|-damage|p2a: Cinccino|84/100|[from] item: Rocky Helmet|[of] p1a: Landorus
|-damage|p1a: Landorus|86/100
|-damage|p2a: Cinccino|68/100|[from] item: Rocky Helmet|[of] p1a: Landorus
|-damage|p1a: Landorus|79/100
|-damage|p2a: Cinccino|51/100|[from] item: Rocky Helmet|[of] p1a: Landorus
|-damage|p1a: Landorus|72/100
|-damage|p2a: Cinccino|35/100|[from] item: Rocky Helmet|[of] p1a: Landorus
|-damage|p1a: Landorus|64/100
|-damage|p2a: Cinccino|18/100|[from] item: Rocky Helmet|[of] p1a: Landorus
|-hitcount|p1a: Landorus|5
|
|-weather|none
|upkeep
|turn|6
|
|t:|1758313219
|switch|p2a: Primarina|Primarina, M, shiny|100/100
|move|p1a: Landorus|U-turn|p2a: Primarina
|-resisted|p2a: Primarina
|-damage|p2a: Primarina|93/100
|
|t:|1758313224
|switch|p1a: Slowking|Slowking-Galar, M|87/100|[from] U-turn
|
|-end|p2a: Primarina|move: Future Sight
|-damage|p2a: Primarina|80/100
|upkeep
|turn|7
|
|t:|1758313231
|switch|p2a: Jolteon|Jolteon, M, shiny|95/100 tox
|move|p1a: Slowking|Toxic|p2a: Jolteon
|-fail|p2a: Jolteon|tox
|
|-damage|p2a: Jolteon|89/100 tox|[from] psn
|upkeep
|turn|8
|
|t:|1758313239
|move|p2a: Jolteon|Shadow Ball|p1a: Slowking
|-supereffective|p1a: Slowking
|-damage|p1a: Slowking|43/100
|move|p1a: Slowking|Toxic|p2a: Jolteon
|-fail|p2a: Jolteon|tox
|
|-damage|p2a: Jolteon|77/100 tox|[from] psn
|-sideend|p2: sorenn|move: Aurora Veil
|upkeep
|turn|9
|
|t:|1758313248
|switch|p2a: Ninetales|Ninetales-Alola, F, shiny|30/100
|-weather|Snowscape|[from] ability: Snow Warning|[of] p2a: Ninetales
|switch|p1a: Alomomola|Alomomola, F, shiny|100/100
|
|-weather|Snowscape|[upkeep]
|upkeep
|turn|10
|
|t:|1758313257
|move|p2a: Ninetales|Aurora Veil|p2a: Ninetales
|-sidestart|p2: sorenn|move: Aurora Veil
|move|p1a: Alomomola|Flip Turn|p2a: Ninetales
|-damage|p2a: Ninetales|23/100
|
|t:|1758313263
|switch|p1a: Slowking|Slowking-Galar, M|77/100|[from] Flip Turn
|
|-weather|Snowscape|[upkeep]
|upkeep
|turn|11
|
|t:|1758313269
|switch|p2a: Cinccino|Cinccino, F, shiny|18/100
|-prepare|p1a: Slowking|Chilly Reception|[premajor]
|move|p1a: Slowking|Chilly Reception|p1a: Slowking
|
|t:|1758313274
|switch|p1a: Landorus|Landorus-Therian, M|64/100|[from] Chilly Reception
|-ability|p1a: Landorus|Intimidate|boost
|-unboost|p2a: Cinccino|atk|1
|
|-weather|Snowscape|[upkeep]
|upkeep
|turn|12
|
|t:|1758313303
|switch|p1a: Alomomola|Alomomola, F, shiny|100/100
|move|p2a: Cinccino|Tidy Up|p2a: Cinccino
|-boost|p2a: Cinccino|atk|1
|-boost|p2a: Cinccino|spe|1
|
|-weather|Snowscape|[upkeep]
|upkeep
|turn|13
|
|t:|1758313311
|move|p2a: Cinccino|Tail Slap|p1a: Alomomola
|-damage|p1a: Alomomola|92/100
|-damage|p1a: Alomomola|84/100
|-damage|p1a: Alomomola|75/100
|-damage|p1a: Alomomola|68/100
|-damage|p1a: Alomomola|60/100
|-hitcount|p1a: Alomomola|5
|move|p1a: Alomomola|Body Slam|p2a: Cinccino
|-damage|p2a: Cinccino|5/100
|-status|p2a: Cinccino|par
|
|-weather|none
|upkeep
|turn|14
|
|t:|1758313324
|switch|p1a: Landorus|Landorus-Therian, M|64/100
|-ability|p1a: Landorus|Intimidate|boost
|-unboost|p2a: Cinccino|atk|1
|cant|p2a: Cinccino|par
|
|upkeep
|turn|15
|
|t:|1758313334
|move|p2a: Cinccino|Triple Axel|p1a: Landorus
|-supereffective|p1a: Landorus
|-damage|p1a: Landorus|49/100
|-damage|p2a: Cinccino|0 fnt|[from] item: Rocky Helmet|[of] p1a: Landorus
|faint|p2a: Cinccino
|-hitcount|p1a: Landorus|1
|move|p1a: Landorus|Stealth Rock|p2: Cinccino
|-sidestart|p2: sorenn|move: Stealth Rock
|
|upkeep
|
|t:|1758313338
|switch|p2a: Ogerpon|Ogerpon-Wellspring, F|100/100
|-damage|p2a: Ogerpon|88/100|[from] Stealth Rock
|turn|16
|
|t:|1758313348
|-terastallize|p1a: Landorus|Water
|move|p2a: Ogerpon|Swords Dance|p2a: Ogerpon
|-boost|p2a: Ogerpon|atk|2
|move|p1a: Landorus|U-turn|p2a: Ogerpon
|-supereffective|p2a: Ogerpon
|-damage|p2a: Ogerpon|59/100
|
|t:|1758313358
|switch|p1a: Electrode|Electrode-Hisui, shiny|100/100|[from] U-turn
|
|upkeep
|turn|17
|
|t:|1758313365
|-terastallize|p2a: Ogerpon|Water
|detailschange|p2a: Ogerpon|Ogerpon-Wellspring-Tera, F, tera:Water
|-ability|p2a: Ogerpon|Embody Aspect (Wellspring)|boost
|-boost|p2a: Ogerpon|spd|1
|move|p1a: Electrode|Volt Switch|p2a: Ogerpon
|-supereffective|p2a: Ogerpon
|-damage|p2a: Ogerpon|27/100
|
|t:|1758313373
|switch|p1a: Landorus|Landorus-Therian, M, tera:Water|49/100|[from] Volt Switch
|-ability|p1a: Landorus|Intimidate|boost
|-unboost|p2a: Ogerpon|atk|1
|move|p2a: Ogerpon|Knock Off|p1a: Landorus
|-damage|p1a: Landorus|7/100
|-damage|p2a: Ogerpon|10/100|[from] item: Rocky Helmet|[of] p1a: Landorus
|-enditem|p1a: Landorus|Rocky Helmet|[from] move: Knock Off|[of] p2a: Ogerpon
|
|-sideend|p2: sorenn|move: Aurora Veil
|upkeep
|turn|18
|
|t:|1758313385
|move|p2a: Ogerpon|Horn Leech|p1a: Landorus
|-supereffective|p1a: Landorus
|-damage|p1a: Landorus|0 fnt
|-heal|p2a: Ogerpon|14/100|[from] drain|[of] p1a: Landorus
|faint|p1a: Landorus
|
|upkeep
|
|t:|1758313392
|switch|p1a: Electrode|Electrode-Hisui, shiny|100/100
|turn|19
|
|t:|1758313398
|move|p1a: Electrode|Leaf Storm|p2a: Ogerpon
|-supereffective|p2a: Ogerpon
|-damage|p2a: Ogerpon|0 fnt
|-unboost|p1a: Electrode|spa|2
|faint|p2a: Ogerpon
|detailschange|p2: Ogerpon|Ogerpon-Wellspring, F|[silent]
|
|upkeep
|
|t:|1758313407
|switch|p2a: Skeledirge|Skeledirge, M, shiny|100/100
|-damage|p2a: Skeledirge|75/100|[from] Stealth Rock
|turn|20
|
|t:|1758313412
|switch|p1a: Gallade|Gallade, M, shiny|100/100
|move|p2a: Skeledirge|Will-O-Wisp|p1a: Gallade
|-status|p1a: Gallade|brn
|
|-heal|p2a: Skeledirge|82/100|[from] item: Leftovers
|-damage|p1a: Gallade|94/100 brn|[from] brn
|upkeep
|turn|21
|
|t:|1758313422
|move|p1a: Gallade|Knock Off|p2a: Skeledirge
|-supereffective|p2a: Skeledirge
|-damage|p2a: Skeledirge|53/100
|-enditem|p2a: Skeledirge|Leftovers|[from] move: Knock Off|[of] p1a: Gallade
|move|p2a: Skeledirge|Torch Song|p1a: Gallade
|-damage|p1a: Gallade|63/100 brn
|-boost|p2a: Skeledirge|spa|1
|
|-damage|p1a: Gallade|57/100 brn|[from] brn
|upkeep
|turn|22
|
|t:|1758313432
|move|p1a: Gallade|Knock Off|p2a: Skeledirge
|-supereffective|p2a: Skeledirge
|-damage|p2a: Skeledirge|34/100
|move|p2a: Skeledirge|Slack Off|p2a: Skeledirge
|-heal|p2a: Skeledirge|84/100
|
|-damage|p1a: Gallade|51/100 brn|[from] brn
|upkeep
|turn|23
|
|t:|1758313440
|move|p1a: Gallade|Knock Off|p2a: Skeledirge
|-supereffective|p2a: Skeledirge
|-damage|p2a: Skeledirge|66/100
|move|p2a: Skeledirge|Hex|p1a: Gallade
|-supereffective|p1a: Gallade
|-damage|p1a: Gallade|0 fnt
|faint|p1a: Gallade
|
|upkeep
|
|t:|1758313448
|switch|p1a: Great Tusk|Great Tusk|100/100
|turn|24
|
|t:|1758313459
|move|p1a: Great Tusk|Headlong Rush|p2a: Skeledirge
|-supereffective|p2a: Skeledirge
|-damage|p2a: Skeledirge|0 fnt
|-unboost|p1a: Great Tusk|def|1
|-unboost|p1a: Great Tusk|spd|1
|faint|p2a: Skeledirge
|
|upkeep
|-message|sorenn forfeited.
|
|win|GFYSYDAR
|raw|GFYSYDAR's rating: 1333 &rarr; <strong>1353</strong><br />(+20 for winning)
|raw|sorenn's rating: 1336 &rarr; <strong>1316</strong><br />(-20 for losing)
|l|☆sorenn
|player|p2|
