|j|☆planeterose
|j|☆PkScept
|t:|1758377193
|gametype|singles
|player|p1|planeterose|102|1402
|player|p2|PkScept|169|1377
|gen|9
|tier|[Gen 9] OU
|rated|
|rule|HP Percentage Mod: HP is shown in percentages
|rule|Endless Battle Clause: Forcing endless battles is banned
|rule|Species Clause: Limit one of each Pokémon
|rule|OHKO Clause: OHKO moves are banned
|rule|Evasion Items Clause: Evasion items are banned
|rule|Evasion Moves Clause: Evasion moves are banned
|rule|Evasion Abilities Clause: Evasion abilities are banned
|rule|Sleep Moves Clause: Sleep-inducing moves are banned
|clearpoke
|poke|p1|Kingambit, M|
|poke|p1|Alomomola, M|
|poke|p1|Enamorus, F|
|poke|p1|Great Tusk|
|poke|p1|Samurott-Hisui, F|
|poke|p1|Darkrai|
|poke|p2|Venomoth, F|
|poke|p2|Alomomola, M|
|poke|p2|Corviknight, F|
|poke|p2|Rillaboom, M|
|poke|p2|Slowking-Galar, M|
|poke|p2|Hawlucha, M|
|teampreview
|
|t:|1758377216
|teamsize|p1|6
|teamsize|p2|6
|start
|switch|p1a: Enamorus|Enamorus, F|100/100
|switch|p2a: Raven|Corviknight, F|100/100
|-ability|p2a: Raven|Pressure
|turn|1
|
|t:|1758377231
|move|p1a: Enamorus|Mystical Fire|p2a: Raven
|-supereffective|p2a: Raven
|-damage|p2a: Raven|25/100
|-unboost|p2a: Raven|spa|1
|move|p2a: Raven|U-turn|p1a: Enamorus
|-resisted|p1a: Enamorus
|-damage|p1a: Enamorus|95/100
|
|t:|1758377242
|switch|p2a: Mephistus|Slowking-Galar, M|100/100|[from] U-turn
|
|upkeep
|turn|2
|
|t:|1758377247
|switch|p1a: Samurott|Samurott-Hisui, F, shiny|100/100
|-prepare|p2a: Mephistus|Chilly Reception|[premajor]
|move|p2a: Mephistus|Chilly Reception|p2a: Mephistus
|-weather|Snowscape
|
|t:|1758377254
|switch|p2a: Rillaboom|Rillaboom, M|100/100|[from] Chilly Reception
|-fieldstart|move: Grassy Terrain|[from] ability: Grassy Surge|[of] p2a: Rillaboom
|
|-weather|Snowscape|[upkeep]
|upkeep
|turn|3
|
|t:|1758377262
|switch|p1a: Kingambit|Kingambit, M, shiny|100/100
|move|p2a: Rillaboom|Wood Hammer|p1a: Kingambit
|-resisted|p1a: Kingambit
|-damage|p1a: Kingambit|67/100
|-damage|p2a: Rillaboom|88/100|[from] Recoil
|
|-weather|Snowscape|[upkeep]
|-heal|p2a: Rillaboom|94/100|[from] Grassy Terrain
|-heal|p1a: Kingambit|74/100|[from] Grassy Terrain
|upkeep
|turn|4
|
|t:|1758377276
|move|p2a: Rillaboom|Knock Off|p1a: Kingambit
|-resisted|p1a: Kingambit
|-damage|p1a: Kingambit|61/100
|-enditem|p1a: Kingambit|Lum Berry|[from] move: Knock Off|[of] p2a: Rillaboom
|move|p1a: Kingambit|Kowtow Cleave|p2a: Rillaboom
|-damage|p2a: Rillaboom|41/100
|
|-weather|Snowscape|[upkeep]
|-heal|p2a: Rillaboom|47/100|[from] Grassy Terrain
|-heal|p1a: Kingambit|67/100|[from] Grassy Terrain
|upkeep
|turn|5
|
|t:|1758377325
|switch|p2a: Maho|Alomomola, M|100/100
|move|p1a: Kingambit|Kowtow Cleave|p2a: Maho
|-damage|p2a: Maho|76/100
|
|-weather|Snowscape|[upkeep]
|-heal|p2a: Maho|82/100|[from] Grassy Terrain
|-heal|p1a: Kingambit|73/100|[from] Grassy Terrain
|upkeep
|turn|6
|
|t:|1758377336
|move|p2a: Maho|Scald|p1a: Kingambit
|-damage|p1a: Kingambit|62/100
|move|p1a: Kingambit|Swords Dance|p1a: Kingambit
|-boost|p1a: Kingambit|atk|2
|
|-weather|none
|-heal|p2a: Maho|89/100|[from] Grassy Terrain
|-heal|p1a: Kingambit|68/100|[from] Grassy Terrain
|-fieldend|move: Grassy Terrain
|upkeep
|turn|7
|
|t:|1758377345
|move|p2a: Maho|Scald|p1a: Kingambit
|-damage|p1a: Kingambit|57/100
|move|p1a: Kingambit|Kowtow Cleave|p2a: Maho
|-damage|p2a: Maho|37/100
|
|upkeep
|turn|8
|
|t:|1758377350
|move|p2a: Maho|Scald|p1a: Kingambit
|-damage|p1a: Kingambit|45/100
|move|p1a: Kingambit|Kowtow Cleave|p2a: Maho
|-damage|p2a: Maho|0 fnt
|faint|p2a: Maho
|
|upkeep
|
|t:|1758377352
|switch|p2a: Raven|Corviknight, F|25/100
|-ability|p2a: Raven|Pressure
|turn|9
|
|t:|1758377356
|move|p2a: Raven|Roost|p2a: Raven
|-heal|p2a: Raven|75/100
|-singleturn|p2a: Raven|move: Roost
|move|p1a: Kingambit|Kowtow Cleave|p2a: Raven
|-damage|p2a: Raven|16/100
|-damage|p1a: Kingambit|28/100|[from] item: Rocky Helmet|[of] p2a: Raven
|
|upkeep
|turn|10
|
|t:|1758377364
|move|p2a: Raven|Body Press|p1a: Kingambit
|-supereffective|p1a: Kingambit
|-damage|p1a: Kingambit|0 fnt
|faint|p1a: Kingambit
|-end|p1a: Kingambit|fallenundefined|[silent]
|
|upkeep
|inactive|Battle timer is ON: inactive players will automatically lose when time's up. (requested by PkScept)
|
|t:|1758377372
|switch|p1a: Darkrai|Darkrai, shiny|100/100
|turn|11
|
|t:|1758377377
|move|p1a: Darkrai|Dark Pulse|p2a: Raven
|-damage|p2a: Raven|0 fnt
|faint|p2a: Raven
|
|upkeep
|
|t:|1758377383
|switch|p2a: Rillaboom|Rillaboom, M|47/100
|-fieldstart|move: Grassy Terrain|[from] ability: Grassy Surge|[of] p2a: Rillaboom
|turn|12
|
|t:|1758377388
|move|p2a: Rillaboom|Grassy Glide|p1a: Darkrai
|-damage|p1a: Darkrai|45/100
|move|p1a: Darkrai|Dark Pulse|p2a: Rillaboom
|-damage|p2a: Rillaboom|7/100
|
|-heal|p1a: Darkrai|51/100|[from] Grassy Terrain
|-heal|p2a: Rillaboom|13/100|[from] Grassy Terrain
|upkeep
|turn|13
|
|t:|1758377397
|switch|p1a: Enamorus|Enamorus, F|95/100
|move|p2a: Rillaboom|Grassy Glide|p1a: Enamorus
|-resisted|p1a: Enamorus
|-damage|p1a: Enamorus|64/100
|
|-heal|p2a: Rillaboom|20/100|[from] Grassy Terrain
|upkeep
|turn|14
|
|t:|1758377404
|switch|p2a: Mephistus|Slowking-Galar, M|100/100
|move|p1a: Enamorus|Earth Power|p2a: Mephistus
|-supereffective|p2a: Mephistus
|-damage|p2a: Mephistus|45/100
|
|-heal|p2a: Mephistus|51/100|[from] Grassy Terrain
|upkeep
|turn|15
|
|t:|1758377408
|move|p1a: Enamorus|Earth Power|p2a: Mephistus
|-supereffective|p2a: Mephistus
|-damage|p2a: Mephistus|0 fnt
|faint|p2a: Mephistus
|
|upkeep
|
|t:|1758377411
|switch|p2a: Hawlucha|Hawlucha, M|100/100
|-enditem|p2a: Hawlucha|Grassy Seed
|-boost|p2a: Hawlucha|def|1|[from] item: Grassy Seed
|turn|16
|
|t:|1758377415
|switch|p1a: Alomomola|Alomomola, M, shiny|100/100
|move|p2a: Hawlucha|Substitute|p2a: Hawlucha
|-start|p2a: Hawlucha|Substitute
|-damage|p2a: Hawlucha|76/100
|
|-fieldend|move: Grassy Terrain
|upkeep
|turn|17
|
|t:|1758377418
|move|p2a: Hawlucha|Bulk Up|p2a: Hawlucha
|-boost|p2a: Hawlucha|atk|1
|-boost|p2a: Hawlucha|def|1
|move|p1a: Alomomola|Scald|p2a: Hawlucha
|-activate|p2a: Hawlucha|move: Substitute|[damage]
|
|upkeep
|turn|18
|
|t:|1758377424
|move|p2a: Hawlucha|Bulk Up|p2a: Hawlucha
|-boost|p2a: Hawlucha|atk|1
|-boost|p2a: Hawlucha|def|1
|move|p1a: Alomomola|Wish|p1a: Alomomola
|
|upkeep
|turn|19
|
|t:|1758377428
|move|p2a: Hawlucha|Bulk Up|p2a: Hawlucha
|-boost|p2a: Hawlucha|atk|1
|-boost|p2a: Hawlucha|def|1
|move|p1a: Alomomola|Flip Turn|p2a: Hawlucha
|-end|p2a: Hawlucha|Substitute
|
|t:|1758377432
|switch|p1a: Great Tusk|Great Tusk, shiny|100/100|[from] Flip Turn
|
|upkeep
|turn|20
|
|t:|1758377438
|-terastallize|p1a: Great Tusk|Water
|move|p2a: Hawlucha|Substitute|p2a: Hawlucha
|-start|p2a: Hawlucha|Substitute
|-damage|p2a: Hawlucha|51/100
|move|p1a: Great Tusk|Bulk Up|p1a: Great Tusk
|-boost|p1a: Great Tusk|atk|1
|-boost|p1a: Great Tusk|def|1
|
|upkeep
|turn|21
|
|t:|1758377443
|move|p2a: Hawlucha|Acrobatics|p1a: Great Tusk
|-damage|p1a: Great Tusk|58/100
|move|p1a: Great Tusk|Bulk Up|p1a: Great Tusk
|-boost|p1a: Great Tusk|atk|1
|-boost|p1a: Great Tusk|def|1
|
|-heal|p1a: Great Tusk|65/100|[from] item: Leftovers
|upkeep
|turn|22
|
|t:|1758377447
|move|p2a: Hawlucha|Acrobatics|p1a: Great Tusk
|-damage|p1a: Great Tusk|36/100
|move|p1a: Great Tusk|Ice Spinner|p2a: Hawlucha
|-supereffective|p2a: Hawlucha
|-end|p2a: Hawlucha|Substitute
|
|-heal|p1a: Great Tusk|42/100|[from] item: Leftovers
|upkeep
|turn|23
|
|t:|1758377457
|move|p2a: Hawlucha|Substitute|p2a: Hawlucha
|-start|p2a: Hawlucha|Substitute
|-damage|p2a: Hawlucha|26/100
|move|p1a: Great Tusk|Bulk Up|p1a: Great Tusk
|-boost|p1a: Great Tusk|atk|1
|-boost|p1a: Great Tusk|def|1
|
|-heal|p1a: Great Tusk|48/100|[from] item: Leftovers
|upkeep
|turn|24
|
|t:|1758377462
|move|p2a: Hawlucha|Acrobatics|p1a: Great Tusk
|-damage|p1a: Great Tusk|23/100
|move|p1a: Great Tusk|Bulk Up|p1a: Great Tusk
|-boost|p1a: Great Tusk|atk|1
|-boost|p1a: Great Tusk|def|1
|
|-heal|p1a: Great Tusk|30/100|[from] item: Leftovers
|upkeep
|turn|25
|
|t:|1758377465
|move|p2a: Hawlucha|Acrobatics|p1a: Great Tusk
|-damage|p1a: Great Tusk|10/100
|move|p1a: Great Tusk|Ice Spinner|p2a: Hawlucha
|-supereffective|p2a: Hawlucha
|-end|p2a: Hawlucha|Substitute
|
|-heal|p1a: Great Tusk|16/100|[from] item: Leftovers
|upkeep
|turn|26
|
|t:|1758377470
|move|p2a: Hawlucha|Acrobatics|p1a: Great Tusk
|-damage|p1a: Great Tusk|0 fnt
|faint|p1a: Great Tusk
|-end|p1a: Great Tusk|Protosynthesis|[silent]
|
|upkeep
|
|t:|1758377493
|switch|p1a: Alomomola|Alomomola, M, shiny|100/100
|turn|27
|
|t:|1758377497
|move|p2a: Hawlucha|Substitute|p2a: Hawlucha
|-start|p2a: Hawlucha|Substitute
|-damage|p2a: Hawlucha|1/100
|move|p1a: Alomomola|Scald|p2a: Hawlucha
|-activate|p2a: Hawlucha|move: Substitute|[damage]
|
|upkeep
|turn|28
|
|t:|1758377502
|move|p2a: Hawlucha|Acrobatics|p1a: Alomomola
|-damage|p1a: Alomomola|33/100
|move|p1a: Alomomola|Scald|p2a: Hawlucha
|-end|p2a: Hawlucha|Substitute
|
|upkeep
|turn|29
|
|t:|1758377507
|move|p2a: Hawlucha|Acrobatics|p1a: Alomomola
|-damage|p1a: Alomomola|0 fnt
|faint|p1a: Alomomola
|
|upkeep
|
|t:|1758377510
|switch|p1a: Samurott|Samurott-Hisui, F, shiny|100/100
|turn|30
|
|t:|1758377517
|move|p1a: Samurott|Aqua Jet|p2a: Hawlucha
|-damage|p2a: Hawlucha|0 fnt
|faint|p2a: Hawlucha
|
|upkeep
|
|t:|1758377521
|switch|p2a: Rillaboom|Rillaboom, M|20/100
|-fieldstart|move: Grassy Terrain|[from] ability: Grassy Surge|[of] p2a: Rillaboom
|turn|31
|inactive|planeterose has 120 seconds left.
|inactive|planeterose has 90 seconds left.
|
|t:|1758377599
|move|p2a: Rillaboom|Grassy Glide|p1a: Samurott
|-supereffective|p1a: Samurott
|-damage|p1a: Samurott|5/100
|move|p1a: Samurott|Ceaseless Edge|p2a: Rillaboom
|-damage|p2a: Rillaboom|0 fnt
|-sidestart|p2: PkScept|Spikes
|faint|p2a: Rillaboom
|
|-heal|p1a: Samurott|11/100|[from] Grassy Terrain
|upkeep
|
|t:|1758377611
|switch|p2a: Venomoth|Venomoth, F, shiny|100/100
|turn|32
|
|t:|1758377623
|move|p1a: Samurott|Aqua Cutter|p2a: Venomoth
|-damage|p2a: Venomoth|9/100
|move|p2a: Venomoth|Bug Buzz|p1a: Samurott
|-supereffective|p1a: Samurott
|-damage|p1a: Samurott|0 fnt
|faint|p1a: Samurott
|
|-heal|p2a: Venomoth|15/100|[from] Grassy Terrain
|upkeep
|
|t:|1758377630
|switch|p1a: Enamorus|Enamorus, F|64/100
|turn|33
|inactive|planeterose has 90 seconds left.
|
|t:|1758377637
|move|p1a: Enamorus|Moonblast|p2a: Venomoth
|-resisted|p2a: Venomoth
|-damage|p2a: Venomoth|0 fnt
|faint|p2a: Venomoth
|
|win|planeterose
|raw|planeterose's rating: 1402 &rarr; <strong>1421</strong><br />(+19 for winning)
|raw|PkScept's rating: 1377 &rarr; <strong>1358</strong><br />(-19 for losing)
|l|☆PkScept
|player|p2|
|l|☆planeterose
|player|p1|
