|j|☆Zodiac Senpai
|j|☆Minoluck
|t:|1758344483
|gametype|singles
|player|p1|Zodiac Senpai|169|1307
|player|p2|Minoluck|gentleman-gen4dp|1224
|gen|9
|tier|[Gen 9] OU
|rated|
|rule|HP Percentage Mod: HP is shown in percentages
|rule|Endless Battle Clause: Forcing endless battles is banned
|rule|Species Clause: Limit one of each Pokémon
|rule|OHKO Clause: OHKO moves are banned
|rule|Evasion Items Clause: Evasion items are banned
|rule|Evasion Moves Clause: Evasion moves are banned
|rule|Evasion Abilities Clause: Evasion abilities are banned
|rule|Sleep Moves Clause: Sleep-inducing moves are banned
|clearpoke
|poke|p1|Dragapult, F|
|poke|p1|Corviknight, M|
|poke|p1|Cinderace, F|
|poke|p1|Samurott-Hisui, F|
|poke|p1|Great Tusk|
|poke|p1|Primarina, F|
|poke|p2|Staraptor, M|
|poke|p2|Cinderace, F|
|poke|p2|Iron Valiant|
|poke|p2|Arcanine-Hisui, F|
|poke|p2|Raging Bolt|
|poke|p2|Pincurchin, F|
|teampreview
|inactive|Battle timer is ON: inactive players will automatically lose when time's up. (requested by Zodiac Senpai)
|
|t:|1758344495
|teamsize|p1|6
|teamsize|p2|6
|start
|switch|p1a: Cinderace|Cinderace, F, shiny|100/100
|switch|p2a: Raging Bolt|Raging Bolt|100/100
|turn|1
|
|t:|1758344500
|move|p1a: Cinderace|U-turn|p2a: Raging Bolt
|-start|p1a: Cinderace|typechange|Bug|[from] ability: Libero
|-damage|p2a: Raging Bolt|63/100
|
|t:|1758344510
|switch|p1a: Great Tusk|Great Tusk, shiny|100/100|[from] U-turn
|-enditem|p1a: Great Tusk|Booster Energy
|-activate|p1a: Great Tusk|ability: Protosynthesis|[fromitem]
|-start|p1a: Great Tusk|protosynthesisatk
|move|p2a: Raging Bolt|Volt Switch|p1a: Great Tusk
|-immune|p1a: Great Tusk
|
|upkeep
|turn|2
|
|t:|1758344520
|-end|p2a: Raging Bolt|Protosynthesis|[silent]
|switch|p2a: Staraptor|Staraptor, M|100/100
|move|p1a: Great Tusk|Knock Off|p2a: Staraptor
|-damage|p2a: Staraptor|39/100
|-enditem|p2a: Staraptor|Choice Band|[from] move: Knock Off|[of] p1a: Great Tusk
|
|upkeep
|turn|3
|
|t:|1758344533
|-end|p1a: Great Tusk|Protosynthesis|[silent]
|switch|p1a: Corviknight|Corviknight, M, shiny|100/100
|move|p2a: Staraptor|Brave Bird|p1a: Corviknight
|-resisted|p1a: Corviknight
|-damage|p1a: Corviknight|78/100
|-damage|p2a: Staraptor|23/100|[from] item: Rocky Helmet|[of] p1a: Corviknight
|-damage|p2a: Staraptor|14/100|[from] Recoil
|
|upkeep
|turn|4
|
|t:|1758344544
|move|p2a: Staraptor|U-turn|p1a: Corviknight
|-resisted|p1a: Corviknight
|-damage|p1a: Corviknight|74/100
|-damage|p2a: Staraptor|0 fnt|[from] item: Rocky Helmet|[of] p1a: Corviknight
|faint|p2a: Staraptor
|move|p1a: Corviknight|U-turn|p2: Staraptor|[notarget]
|-fail|p1a: Corviknight
|
|upkeep
|
|t:|1758344549
|switch|p2a: Raging Bolt|Raging Bolt|63/100
|turn|5
|
|t:|1758344556
|move|p1a: Corviknight|U-turn|p2a: Raging Bolt
|-damage|p2a: Raging Bolt|51/100
|
|t:|1758344562
|switch|p1a: Great Tusk|Great Tusk, shiny|100/100|[from] U-turn
|move|p2a: Raging Bolt|Dragon Pulse|p1a: Great Tusk
|-damage|p1a: Great Tusk|0 fnt
|faint|p1a: Great Tusk
|-end|p1a: Great Tusk|Protosynthesis|[silent]
|
|upkeep
|
|t:|1758344571
|switch|p1a: Dragapult|Dragapult, F, shiny|100/100
|turn|6
|
|t:|1758344579
|-end|p2a: Raging Bolt|Protosynthesis|[silent]
|switch|p2a: Pincurchin|Pincurchin, F|100/100
|-fieldstart|move: Electric Terrain|[from] ability: Electric Surge|[of] p2a: Pincurchin
|move|p1a: Dragapult|Dragon Darts|p2a: Pincurchin
|-damage|p2a: Pincurchin|73/100
|-anim|p1a: Dragapult|Dragon Darts|p2a: Pincurchin
|-damage|p2a: Pincurchin|47/100
|
|upkeep
|turn|7
|
|t:|1758344592
|move|p1a: Dragapult|Dragon Darts|p2a: Pincurchin
|-damage|p2a: Pincurchin|23/100
|-anim|p1a: Dragapult|Dragon Darts|p2a: Pincurchin
|-damage|p2a: Pincurchin|0 fnt
|faint|p2a: Pincurchin
|
|upkeep
|
|t:|1758344594
|switch|p2a: Iron Valiant|Iron Valiant|100/100
|-activate|p2a: Iron Valiant|ability: Quark Drive
|-start|p2a: Iron Valiant|quarkdrivespe
|turn|8
|
|t:|1758344610
|switch|p1a: Primarina|Primarina, F, shiny|100/100
|-terastallize|p2a: Iron Valiant|Fairy
|move|p2a: Iron Valiant|Moonblast|p1a: Primarina
|-damage|p1a: Primarina|35/100
|-damage|p2a: Iron Valiant|91/100|[from] item: Life Orb
|
|-heal|p1a: Primarina|41/100|[from] item: Leftovers
|upkeep
|turn|9
|
|t:|1758344619
|move|p2a: Iron Valiant|Moonblast|p1a: Primarina
|-damage|p1a: Primarina|0 fnt
|faint|p1a: Primarina
|-damage|p2a: Iron Valiant|81/100|[from] item: Life Orb
|
|upkeep
|
|t:|1758344625
|switch|p1a: Cinderace|Cinderace, F, shiny|100/100
|turn|10
|
|t:|1758344639
|move|p2a: Iron Valiant|Moonblast|p1a: Cinderace
|-resisted|p1a: Cinderace
|-damage|p1a: Cinderace|44/100
|-damage|p2a: Iron Valiant|71/100|[from] item: Life Orb
|move|p1a: Cinderace|Pyro Ball|p2a: Iron Valiant
|-damage|p2a: Iron Valiant|0 fnt
|faint|p2a: Iron Valiant
|-end|p2a: Iron Valiant|Quark Drive|[silent]
|
|upkeep
|
|t:|1758344644
|switch|p2a: Arcanine|Arcanine-Hisui, F|100/100
|turn|11
|
|t:|1758344648
|move|p2a: Arcanine|Flare Blitz|p1a: Cinderace
|-resisted|p1a: Cinderace
|-damage|p1a: Cinderace|1/100
|move|p1a: Cinderace|Pyro Ball|p2a: Arcanine|[miss]
|-miss|p1a: Cinderace|p2a: Arcanine
|
|upkeep
|turn|12
|
|t:|1758344654
|move|p2a: Arcanine|Flare Blitz|p1a: Cinderace
|-resisted|p1a: Cinderace
|-damage|p1a: Cinderace|0 fnt
|faint|p1a: Cinderace
|
|upkeep
|
|t:|1758344659
|switch|p1a: Samurott|Samurott-Hisui, F, shiny|100/100
|turn|13
|
|t:|1758344670
|move|p2a: Arcanine|Flare Blitz|p1a: Samurott
|-resisted|p1a: Samurott
|-damage|p1a: Samurott|67/100
|move|p1a: Samurott|Aqua Cutter|p2a: Arcanine
|-supereffective|p2a: Arcanine
|-damage|p2a: Arcanine|0 fnt
|faint|p2a: Arcanine
|
|-fieldend|move: Electric Terrain
|upkeep
|
|t:|1758344676
|switch|p2a: Cinderace|Cinderace, F|100/100
|turn|14
|
|t:|1758344681
|move|p1a: Samurott|Aqua Jet|p2a: Cinderace
|-supereffective|p2a: Cinderace
|-damage|p2a: Cinderace|45/100
|move|p2a: Cinderace|High Jump Kick|p1a: Samurott
|-start|p2a: Cinderace|typechange|Fighting|[from] ability: Libero
|-supereffective|p1a: Samurott
|-damage|p1a: Samurott|0 fnt
|faint|p1a: Samurott
|
|upkeep
|
|t:|1758344691
|switch|p1a: Dragapult|Dragapult, F, shiny|100/100
|turn|15
|
|t:|1758344694
|move|p1a: Dragapult|Dragon Darts|p2a: Cinderace
|-damage|p2a: Cinderace|12/100
|-anim|p1a: Dragapult|Dragon Darts|p2a: Cinderace
|-damage|p2a: Cinderace|0 fnt
|faint|p2a: Cinderace
|
|upkeep
|
|t:|1758344696
|switch|p2a: Raging Bolt|Raging Bolt|51/100
|turn|16
|
|t:|1758344707
|move|p2a: Raging Bolt|Thunderclap|p1a: Dragapult
|-resisted|p1a: Dragapult
|-damage|p1a: Dragapult|58/100
|move|p1a: Dragapult|Dragon Darts|p2a: Raging Bolt
|-supereffective|p2a: Raging Bolt
|-damage|p2a: Raging Bolt|18/100
|-anim|p1a: Dragapult|Dragon Darts|p2a: Raging Bolt
|-supereffective|p2a: Raging Bolt
|-damage|p2a: Raging Bolt|0 fnt
|faint|p2a: Raging Bolt
|-end|p2a: Raging Bolt|Protosynthesis|[silent]
|
|win|Zodiac Senpai
|raw|Zodiac Senpai's rating: 1307 &rarr; <strong>1322</strong><br />(+15 for winning)
|raw|Minoluck's rating: 1224 &rarr; <strong>1205</strong><br />(-19 for losing)
|l|☆Minoluck
|player|p2|
|l|☆Zodiac Senpai
|player|p1|
