|j|☆TUMECENTZELL
|j|☆Dio_Eleutherios
|t:|1758262552
|gametype|singles
|player|p1|TUMECENTZELL|170|1281
|player|p2|Dio_Eleutherios|parasollady|1316
|gen|9
|tier|[Gen 9] OU
|rated|
|rule|HP Percentage Mod: HP is shown in percentages
|rule|Endless Battle Clause: Forcing endless battles is banned
|rule|Species Clause: Limit one of each Pokémon
|rule|OHKO Clause: OHKO moves are banned
|rule|Evasion Items Clause: Evasion items are banned
|rule|Evasion Moves Clause: Evasion moves are banned
|rule|Evasion Abilities Clause: Evasion abilities are banned
|rule|Sleep Moves Clause: Sleep-inducing moves are banned
|clearpoke
|poke|p1|Lokix, F|
|poke|p1|Goodra, M|
|poke|p1|Slowbro, M|
|poke|p1|Corviknight, F|
|poke|p1|Staraptor, M|
|poke|p1|Iron Moth|
|poke|p2|Dragonite, F|
|poke|p2|Gholdengo|
|poke|p2|Great Tusk|
|poke|p2|Garganacl, F|
|poke|p2|Alomomola, F|
|poke|p2|Raging Bolt|
|teampreview
|inactive|Battle timer is ON: inactive players will automatically lose when time's up. (requested by Dio_Eleutherios)
|
|t:|1758262596
|teamsize|p1|6
|teamsize|p2|6
|start
|switch|p1a: Goodra|Goodra, M|100/100
|switch|p2a: Garganacl|Garganacl, F|100/100
|turn|1
|
|t:|1758262602
|move|p1a: Goodra|Scald|p2a: Garganacl
|-supereffective|p2a: Garganacl
|-damage|p2a: Garganacl|65/100
|move|p2a: Garganacl|Salt Cure|p1a: Goodra
|-damage|p1a: Goodra|85/100
|-start|p1a: Goodra|Salt Cure
|
|-heal|p2a: Garganacl|71/100|[from] item: Leftovers
|-damage|p1a: Goodra|72/100|[from] Salt Cure
|upkeep
|turn|2
|
|t:|1758262613
|switch|p1a: Iron Moth|Iron Moth|100/100
|-enditem|p1a: Iron Moth|Booster Energy
|-activate|p1a: Iron Moth|ability: Quark Drive|[fromitem]
|-start|p1a: Iron Moth|quarkdrivespa
|move|p2a: Garganacl|Stealth Rock|p1a: Iron Moth
|-sidestart|p1: TUMECENTZELL|move: Stealth Rock
|
|-heal|p2a: Garganacl|77/100|[from] item: Leftovers
|upkeep
|turn|3
|
|t:|1758262622
|-terastallize|p1a: Iron Moth|Water
|-terastallize|p2a: Garganacl|Fairy
|move|p1a: Iron Moth|Tera Blast|p2a: Garganacl|[anim] Tera Blast Water
|-damage|p2a: Garganacl|37/100
|move|p2a: Garganacl|Salt Cure|p1a: Iron Moth
|-damage|p1a: Iron Moth|77/100
|-start|p1a: Iron Moth|Salt Cure
|
|-heal|p2a: Garganacl|43/100|[from] item: Leftovers
|-damage|p1a: Iron Moth|52/100|[from] Salt Cure
|upkeep
|turn|4
|
|t:|1758262633
|move|p2a: Garganacl|Protect|p2a: Garganacl
|-singleturn|p2a: Garganacl|Protect
|move|p1a: Iron Moth|Sludge Wave|p2a: Garganacl
|-activate|p2a: Garganacl|move: Protect
|
|-heal|p2a: Garganacl|49/100|[from] item: Leftovers
|-damage|p1a: Iron Moth|28/100|[from] Salt Cure
|upkeep
|turn|5
|
|t:|1758262644
|-end|p1a: Iron Moth|Quark Drive|[silent]
|switch|p1a: Corviknight|Corviknight, F|100/100
|-damage|p1a: Corviknight|88/100|[from] Stealth Rock
|-ability|p1a: Corviknight|Pressure
|switch|p2a: Alomomola|Alomomola, F|100/100
|
|upkeep
|turn|6
|
|t:|1758262652
|move|p1a: Corviknight|Defog|p2a: Alomomola
|-unboost|p2a: Alomomola|evasion|1
|-sideend|p1: TUMECENTZELL|Stealth Rock|[from] move: Defog|[of] p1a: Corviknight
|move|p2a: Alomomola|Wish|p2a: Alomomola
|
|upkeep
|turn|7
|
|t:|1758262660
|switch|p1a: Iron Moth|Iron Moth, tera:Water|28/100
|move|p2a: Alomomola|Flip Turn|p1a: Iron Moth
|-resisted|p1a: Iron Moth
|-damage|p1a: Iron Moth|13/100
|
|t:|1758262668
|switch|p2a: Garganacl|Garganacl, F, tera:Fairy|49/100|[from] Flip Turn
|
|-heal|p2a: Garganacl|100/100|[from] move: Wish|[wisher] Alomomola
|upkeep
|turn|8
|
|t:|1758262674
|move|p1a: Iron Moth|Sludge Wave|p2a: Garganacl
|-supereffective|p2a: Garganacl
|-crit|p2a: Garganacl
|-damage|p2a: Garganacl|0 fnt
|faint|p2a: Garganacl
|
|upkeep
|
|t:|1758262682
|switch|p2a: Dragonite|Dragonite, F|100/100
|turn|9
|
|t:|1758262694
|-end|p1a: Iron Moth|Quark Drive|[silent]
|switch|p1a: Slowbro|Slowbro, M|100/100
|move|p2a: Dragonite|Dragon Dance|p2a: Dragonite
|-boost|p2a: Dragonite|atk|1
|-boost|p2a: Dragonite|spe|1
|
|upkeep
|turn|10
|
|t:|1758262699
|move|p2a: Dragonite|Earthquake|p1a: Slowbro
|-damage|p1a: Slowbro|67/100
|move|p1a: Slowbro|Scald|p2a: Dragonite
|-resisted|p2a: Dragonite
|-damage|p2a: Dragonite|93/100
|-status|p2a: Dragonite|brn
|
|-heal|p1a: Slowbro|73/100|[from] item: Leftovers
|-damage|p2a: Dragonite|87/100 brn|[from] brn
|upkeep
|turn|11
|
|t:|1758262709
|switch|p1a: Corviknight|Corviknight, F|88/100
|-ability|p1a: Corviknight|Pressure
|move|p2a: Dragonite|Dragon Dance|p2a: Dragonite
|-boost|p2a: Dragonite|atk|1
|-boost|p2a: Dragonite|spe|1
|
|-damage|p2a: Dragonite|81/100 brn|[from] brn
|upkeep
|turn|12
|
|t:|1758262717
|move|p2a: Dragonite|Extreme Speed|p1a: Corviknight
|-resisted|p1a: Corviknight
|-damage|p1a: Corviknight|78/100
|-damage|p2a: Dragonite|64/100 brn|[from] item: Rocky Helmet|[of] p1a: Corviknight
|move|p1a: Corviknight|Bulk Up|p1a: Corviknight
|-boost|p1a: Corviknight|atk|1
|-boost|p1a: Corviknight|def|1
|
|-damage|p2a: Dragonite|58/100 brn|[from] brn
|upkeep
|turn|13
|
|t:|1758262727
|switch|p2a: Raging Bolt|Raging Bolt|100/100
|move|p1a: Corviknight|Brave Bird|p2a: Raging Bolt
|-resisted|p2a: Raging Bolt
|-damage|p2a: Raging Bolt|76/100
|-damage|p1a: Corviknight|70/100|[from] Recoil
|
|upkeep
|turn|14
|
|t:|1758262735
|switch|p1a: Goodra|Goodra, M|72/100
|move|p2a: Raging Bolt|Dragon Pulse|p1a: Goodra
|-supereffective|p1a: Goodra
|-damage|p1a: Goodra|6/100
|
|upkeep
|turn|15
|
|t:|1758262745
|move|p2a: Raging Bolt|Dragon Pulse|p1a: Goodra
|-supereffective|p1a: Goodra
|-crit|p1a: Goodra
|-damage|p1a: Goodra|0 fnt
|faint|p1a: Goodra
|
|upkeep
|inactive|TUMECENTZELL has 120 seconds left.
|
|t:|1758262777
|switch|p1a: Staraptor|Staraptor, M|100/100
|turn|16
|
|t:|1758262781
|move|p1a: Staraptor|Brave Bird|p2a: Raging Bolt
|-resisted|p2a: Raging Bolt
|-damage|p2a: Raging Bolt|42/100
|-damage|p1a: Staraptor|87/100|[from] Recoil
|move|p2a: Raging Bolt|Dragon Pulse|p1a: Staraptor
|-damage|p1a: Staraptor|0 fnt
|faint|p1a: Staraptor
|
|upkeep
|inactive|TUMECENTZELL has 120 seconds left.
|
|t:|1758262799
|switch|p1a: Lokix|Lokix, F|100/100
|turn|17
|
|t:|1758262803
|-end|p2a: Raging Bolt|Protosynthesis|[silent]
|switch|p2a: Dragonite|Dragonite, F|58/100 brn
|move|p1a: Lokix|First Impression|p2a: Dragonite
|-resisted|p2a: Dragonite
|-damage|p2a: Dragonite|14/100 brn
|
|-damage|p2a: Dragonite|7/100 brn|[from] brn
|upkeep
|turn|18
|
|t:|1758262812
|move|p1a: Lokix|Sucker Punch||[still]
|-fail|p1a: Lokix
|move|p2a: Dragonite|Roost|p2a: Dragonite
|-heal|p2a: Dragonite|57/100 brn
|-singleturn|p2a: Dragonite|move: Roost
|
|-damage|p2a: Dragonite|51/100 brn|[from] brn
|upkeep
|turn|19
|
|t:|1758262820
|move|p1a: Lokix|Knock Off|p2a: Dragonite
|-damage|p2a: Dragonite|0 fnt
|-enditem|p2a: Dragonite|Heavy-Duty Boots|[from] move: Knock Off|[of] p1a: Lokix
|faint|p2a: Dragonite
|
|upkeep
|
|t:|1758262827
|switch|p2a: Gholdengo|Gholdengo|100/100
|turn|20
|
|t:|1758262830
|move|p2a: Gholdengo|Trick|p1a: Lokix
|-activate|p2a: Gholdengo|move: Trick|[of] p1a: Lokix
|-item|p1a: Lokix|Choice Scarf|[from] move: Trick
|-item|p2a: Gholdengo|Heavy-Duty Boots|[from] move: Trick
|move|p1a: Lokix|Knock Off|p2a: Gholdengo
|-supereffective|p2a: Gholdengo
|-damage|p2a: Gholdengo|0 fnt
|-enditem|p2a: Gholdengo|Heavy-Duty Boots|[from] move: Knock Off|[of] p1a: Lokix
|faint|p2a: Gholdengo
|
|upkeep
|
|t:|1758262834
|switch|p2a: Great Tusk|Great Tusk|100/100
|turn|21
|
|t:|1758262845
|switch|p1a: Slowbro|Slowbro, M|100/100
|move|p2a: Great Tusk|Ice Spinner|p1a: Slowbro
|-resisted|p1a: Slowbro
|-damage|p1a: Slowbro|93/100
|
|-heal|p1a: Slowbro|99/100|[from] item: Leftovers
|upkeep
|turn|22
|
|t:|1758262854
|move|p2a: Great Tusk|Knock Off|p1a: Slowbro
|-supereffective|p1a: Slowbro
|-damage|p1a: Slowbro|59/100
|-enditem|p1a: Slowbro|Leftovers|[from] move: Knock Off|[of] p2a: Great Tusk
|move|p1a: Slowbro|Psychic|p2a: Great Tusk
|-supereffective|p2a: Great Tusk
|-damage|p2a: Great Tusk|14/100
|
|upkeep
|turn|23
|
|t:|1758262863
|-end|p2a: Great Tusk|Protosynthesis|[silent]
|switch|p2a: Alomomola|Alomomola, F|100/100
|move|p1a: Slowbro|Psychic|p2a: Alomomola
|-damage|p2a: Alomomola|70/100
|
|upkeep
|turn|24
|
|t:|1758262873
|switch|p1a: Lokix|Lokix, F|100/100
|move|p2a: Alomomola|Wish|p2a: Alomomola
|
|upkeep
|turn|25
|
|t:|1758262882
|move|p2a: Alomomola|Protect|p2a: Alomomola
|-singleturn|p2a: Alomomola|Protect
|move|p1a: Lokix|Knock Off|p2a: Alomomola
|-activate|p2a: Alomomola|move: Protect
|
|-heal|p2a: Alomomola|100/100|[from] move: Wish|[wisher] Alomomola
|upkeep
|turn|26
|
|t:|1758262889
|move|p1a: Lokix|Knock Off|p2a: Alomomola
|-damage|p2a: Alomomola|70/100
|-enditem|p2a: Alomomola|Heavy-Duty Boots|[from] move: Knock Off|[of] p1a: Lokix
|move|p2a: Alomomola|Wish|p2a: Alomomola
|
|upkeep
|turn|27
|
|t:|1758262894
|move|p1a: Lokix|Knock Off|p2a: Alomomola
|-damage|p2a: Alomomola|52/100
|move|p2a: Alomomola|Flip Turn|p1a: Lokix
|-damage|p1a: Lokix|76/100
|
|t:|1758262897
|switch|p2a: Raging Bolt|Raging Bolt|42/100|[from] Flip Turn
|
|-heal|p2a: Raging Bolt|100/100|[from] move: Wish|[wisher] Alomomola
|upkeep
|turn|28
|
|t:|1758262910
|move|p2a: Raging Bolt|Thunderclap|p1a: Lokix
|-damage|p1a: Lokix|0 fnt
|faint|p1a: Lokix
|
|upkeep
|
|t:|1758262931
|switch|p1a: Slowbro|Slowbro, M|92/100
|turn|29
|
|t:|1758262939
|move|p2a: Raging Bolt|Thunderclap|p1a: Slowbro
|-supereffective|p1a: Slowbro
|-crit|p1a: Slowbro
|-damage|p1a: Slowbro|0 fnt
|faint|p1a: Slowbro
|
|upkeep
|
|t:|1758262943
|switch|p1a: Iron Moth|Iron Moth, tera:Water|13/100
|turn|30
|
|t:|1758262947
|move|p2a: Raging Bolt|Thunderclap|p1a: Iron Moth
|-supereffective|p1a: Iron Moth
|-damage|p1a: Iron Moth|0 fnt
|faint|p1a: Iron Moth
|-end|p1a: Iron Moth|Quark Drive|[silent]
|
|upkeep
|
|t:|1758262951
|switch|p1a: Corviknight|Corviknight, F|70/100
|-ability|p1a: Corviknight|Pressure
|turn|31
|-message|TUMECENTZELL forfeited.
|
|win|Dio_Eleutherios
|raw|TUMECENTZELL's rating: 1281 &rarr; <strong>1259</strong><br />(-22 for losing)
|raw|Dio_Eleutherios's rating: 1316 &rarr; <strong>1334</strong><br />(+18 for winning)
|l|☆TUMECENTZELL
|player|p1|
|l|☆Dio_Eleutherios
|player|p2|
