|j|☆KONGLIANG
|j|☆ChichoRubicho
|t:|1758279523
|gametype|singles
|player|p1|KONGLIANG|steven|1411
|player|p2|ChichoRubicho|volkner|1388
|gen|9
|tier|[Gen 9] OU
|rated|
|rule|HP Percentage Mod: HP is shown in percentages
|rule|Endless Battle Clause: Forcing endless battles is banned
|rule|Species Clause: Limit one of each Pokémon
|rule|OHKO Clause: OHKO moves are banned
|rule|Evasion Items Clause: Evasion items are banned
|rule|Evasion Moves Clause: Evasion moves are banned
|rule|Evasion Abilities Clause: Evasion abilities are banned
|rule|Sleep Moves Clause: Sleep-inducing moves are banned
|clearpoke
|poke|p1|Latias, F|
|poke|p1|Ribombee, F|
|poke|p1|Sinistcha|
|poke|p1|Kingambit, F|
|poke|p1|Iron Moth|
|poke|p1|Raging Bolt|
|poke|p2|Dragonite, M|
|poke|p2|Tyranitar, F|
|poke|p2|Excadrill, M|
|poke|p2|Charizard, M|
|poke|p2|Rotom-Wash|
|poke|p2|Venusaur, M|
|teampreview
|inactive|Battle timer is ON: inactive players will automatically lose when time's up. (requested by KONGLIANG)
|
|t:|1758279549
|teamsize|p1|6
|teamsize|p2|6
|start
|switch|p1a: Ribombee|Ribombee, F|100/100
|switch|p2a: Tyna|Tyranitar, F|100/100
|-weather|Sandstorm|[from] ability: Sand Stream|[of] p2a: Tyna
|turn|1
|
|t:|1758279556
|move|p1a: Ribombee|Skill Swap|p2a: Tyna
|-activate|p1a: Ribombee|move: Skill Swap|Sand Stream|Shield Dust|[of] p2a: Tyna
|move|p2a: Tyna|Stone Edge|p1a: Ribombee
|-supereffective|p1a: Ribombee
|-enditem|p1a: Ribombee|Focus Sash
|-damage|p1a: Ribombee|1/100
|
|-weather|Sandstorm|[upkeep]
|-damage|p1a: Ribombee|0 fnt|[from] Sandstorm
|faint|p1a: Ribombee
|upkeep
|
|t:|1758279580
|switch|p1a: Sinistcha|Sinistcha|100/100
|turn|2
|
|t:|1758279590
|move|p1a: Sinistcha|Strength Sap|p2a: Tyna
|-unboost|p2a: Tyna|atk|1
|move|p2a: Tyna|Knock Off|p1a: Sinistcha
|-supereffective|p1a: Sinistcha
|-damage|p1a: Sinistcha|47/100
|-enditem|p1a: Sinistcha|Leftovers|[from] move: Knock Off|[of] p2a: Tyna
|
|-weather|Sandstorm|[upkeep]
|-damage|p1a: Sinistcha|41/100|[from] Sandstorm
|upkeep
|turn|3
|
|t:|1758279602
|move|p1a: Sinistcha|Strength Sap|p2a: Tyna
|-unboost|p2a: Tyna|atk|1
|-heal|p1a: Sinistcha|100/100
|move|p2a: Tyna|Stealth Rock|p1a: Sinistcha
|-sidestart|p1: KONGLIANG|move: Stealth Rock
|
|-weather|Sandstorm|[upkeep]
|-damage|p1a: Sinistcha|94/100|[from] Sandstorm
|upkeep
|turn|4
|
|t:|1758279611
|switch|p2a: Charizard|Charizard, M|100/100
|move|p1a: Sinistcha|Nasty Plot|p1a: Sinistcha
|-boost|p1a: Sinistcha|spa|2
|
|-weather|Sandstorm|[upkeep]
|-damage|p2a: Charizard|94/100|[from] Sandstorm
|-damage|p1a: Sinistcha|88/100|[from] Sandstorm
|upkeep
|turn|5
|
|t:|1758279620
|move|p2a: Charizard|Overheat|p1a: Sinistcha
|-supereffective|p1a: Sinistcha
|-damage|p1a: Sinistcha|19/100
|-unboost|p2a: Charizard|spa|2
|move|p1a: Sinistcha|Shadow Ball|p2a: Charizard
|-damage|p2a: Charizard|30/100
|
|-weather|Sandstorm|[upkeep]
|-damage|p2a: Charizard|24/100|[from] Sandstorm
|-damage|p1a: Sinistcha|13/100|[from] Sandstorm
|upkeep
|turn|6
|
|t:|1758279641
|switch|p1a: Latias|Latias, F|100/100
|-damage|p1a: Latias|88/100|[from] Stealth Rock
|move|p2a: Charizard|Air Slash|p1a: Latias
|-damage|p1a: Latias|74/100
|
|-weather|Sandstorm|[upkeep]
|-damage|p1a: Latias|68/100|[from] Sandstorm
|-damage|p2a: Charizard|18/100|[from] Sandstorm
|upkeep
|turn|7
|
|t:|1758279651
|switch|p2a: Tyna|Tyranitar, F|100/100
|move|p1a: Latias|Calm Mind|p1a: Latias
|-boost|p1a: Latias|spa|1
|-boost|p1a: Latias|spd|1
|
|-weather|Sandstorm|[upkeep]
|-damage|p1a: Latias|62/100|[from] Sandstorm
|upkeep
|turn|8
|
|t:|1758279668
|-terastallize|p1a: Latias|Poison
|move|p1a: Latias|Aura Sphere|p2a: Tyna
|-supereffective|p2a: Tyna
|-crit|p2a: Tyna
|-damage|p2a: Tyna|0 fnt
|faint|p2a: Tyna
|
|-weather|none
|upkeep
|
|t:|1758279678
|switch|p2a: Peanut|Dragonite, M|100/100
|turn|9
|
|t:|1758279687
|-terastallize|p2a: Peanut|Normal
|move|p2a: Peanut|Extreme Speed|p1a: Latias
|-damage|p1a: Latias|0 fnt
|faint|p1a: Latias
|
|upkeep
|inactive|KONGLIANG has 120 seconds left.
|
|t:|1758279712
|switch|p1a: Sinistcha|Sinistcha|13/100
|-damage|p1a: Sinistcha|0 fnt|[from] Stealth Rock
|faint|p1a: Sinistcha
|inactive|KONGLIANG has 120 seconds left.
|
|t:|1758279725
|switch|p1a: Raging Bolt|Raging Bolt|100/100
|-damage|p1a: Raging Bolt|88/100|[from] Stealth Rock
|-enditem|p1a: Raging Bolt|Booster Energy
|-activate|p1a: Raging Bolt|ability: Protosynthesis|[fromitem]
|-start|p1a: Raging Bolt|protosynthesisspa
|turn|10
|
|t:|1758279736
|switch|p2a: Charizard|Charizard, M|18/100
|move|p1a: Raging Bolt|Dragon Pulse|p2a: Charizard
|-damage|p2a: Charizard|0 fnt
|faint|p2a: Charizard
|
|upkeep
|
|t:|1758279746
|switch|p2a: Rufus|Excadrill, M|100/100
|-item|p2a: Rufus|Air Balloon
|turn|11
|inactive|KONGLIANG has 120 seconds left.
|
|t:|1758279772
|move|p2a: Rufus|Earthquake|p1a: Raging Bolt
|-supereffective|p1a: Raging Bolt
|-damage|p1a: Raging Bolt|0 fnt
|faint|p1a: Raging Bolt
|-end|p1a: Raging Bolt|Protosynthesis|[silent]
|
|upkeep
|
|t:|1758279774
|switch|p1a: Kingambit|Kingambit, F|100/100
|-damage|p1a: Kingambit|94/100|[from] Stealth Rock
|-activate|p1a: Kingambit|ability: Supreme Overlord
|-start|p1a: Kingambit|fallen4|[silent]
|-item|p1a: Kingambit|Air Balloon
|turn|12
|
|t:|1758279791
|move|p2a: Rufus|Iron Head|p1a: Kingambit
|-resisted|p1a: Kingambit
|-damage|p1a: Kingambit|75/100
|-enditem|p1a: Kingambit|Air Balloon
|move|p1a: Kingambit|Kowtow Cleave|p2a: Rufus
|-damage|p2a: Rufus|0 fnt
|-enditem|p2a: Rufus|Air Balloon
|faint|p2a: Rufus
|
|upkeep
|
|t:|1758279805
|switch|p2a: Peanut|Dragonite, M, tera:Normal|100/100
|turn|13
|
|t:|1758279808
|move|p1a: Kingambit|Sucker Punch|p2a: Peanut
|-damage|p2a: Peanut|71/100
|move|p2a: Peanut|Earthquake|p1a: Kingambit
|-supereffective|p1a: Kingambit
|-damage|p1a: Kingambit|0 fnt
|faint|p1a: Kingambit
|-end|p1a: Kingambit|fallen4|[silent]
|
|upkeep
|
|t:|1758279811
|switch|p1a: Iron Moth|Iron Moth|100/100
|-damage|p1a: Iron Moth|76/100|[from] Stealth Rock
|-enditem|p1a: Iron Moth|Booster Energy
|-activate|p1a: Iron Moth|ability: Quark Drive|[fromitem]
|-start|p1a: Iron Moth|quarkdrivespa
|turn|14
|
|t:|1758279819
|move|p1a: Iron Moth|Sludge Wave|p2a: Peanut
|-damage|p2a: Peanut|4/100
|-status|p2a: Peanut|psn
|move|p2a: Peanut|Earthquake|p1a: Iron Moth
|-supereffective|p1a: Iron Moth
|-damage|p1a: Iron Moth|0 fnt
|faint|p1a: Iron Moth
|-end|p1a: Iron Moth|Quark Drive|[silent]
|
|win|ChichoRubicho
|raw|KONGLIANG's rating: 1411 &rarr; <strong>1390</strong><br />(-21 for losing)
|raw|ChichoRubicho's rating: 1388 &rarr; <strong>1409</strong><br />(+21 for winning)
|l|☆KONGLIANG
|player|p1|
|l|☆ChichoRubicho
|player|p2|
