|j|☆Guilherme84
|j|☆txumelhas
|t:|1758297813
|gametype|singles
|player|p1|Guilherme84|dawn|1163
|player|p2|txumelhas|pryce|1168
|gen|9
|tier|[Gen 9] OU
|rated|
|rule|HP Percentage Mod: HP is shown in percentages
|rule|Endless Battle Clause: Forcing endless battles is banned
|rule|Species Clause: Limit one of each Pokémon
|rule|OHKO Clause: OHKO moves are banned
|rule|Evasion Items Clause: Evasion items are banned
|rule|Evasion Moves Clause: Evasion moves are banned
|rule|Evasion Abilities Clause: Evasion abilities are banned
|rule|Sleep Moves Clause: Sleep-inducing moves are banned
|clearpoke
|poke|p1|Dragonite, F|
|poke|p1|Malamar, M|
|poke|p1|Victreebel, F|
|poke|p1|Hawlucha, F|
|poke|p1|Delphox, F|
|poke|p1|Greninja-*, M|
|poke|p2|Toxapex, M|
|poke|p2|Incineroar, M|
|poke|p2|Muk-Alola, F|
|poke|p2|Mimikyu, M|
|poke|p2|Ninetales-Alola, M|
|poke|p2|Araquanid, M|
|teampreview
|
|t:|1758297835
|teamsize|p1|6
|teamsize|p2|6
|start
|switch|p1a: Malamar|Malamar, M|100/100
|switch|p2a: Ninetales|Ninetales-Alola, M|100/100
|-weather|Snowscape|[from] ability: Snow Warning|[of] p2a: Ninetales
|turn|1
|inactive|Battle timer is ON: inactive players will automatically lose when time's up. (requested by txumelhas)
|
|t:|1758297845
|move|p2a: Ninetales|Aurora Veil|p2a: Ninetales
|-sidestart|p2: txumelhas|move: Aurora Veil
|move|p1a: Malamar|Superpower|p2a: Ninetales
|-damage|p2a: Ninetales|81/100
|-boost|p1a: Malamar|atk|1
|-boost|p1a: Malamar|def|1
|
|-weather|Snowscape|[upkeep]
|upkeep
|turn|2
|
|t:|1758297854
|move|p2a: Ninetales|Moonblast|p1a: Malamar
|-supereffective|p1a: Malamar
|-damage|p1a: Malamar|42/100
|-boost|p1a: Malamar|spa|1
|move|p1a: Malamar|Superpower|p2a: Ninetales
|-damage|p2a: Ninetales|52/100
|-boost|p1a: Malamar|atk|1
|-boost|p1a: Malamar|def|1
|
|-weather|Snowscape|[upkeep]
|upkeep
|turn|3
|
|t:|1758297865
|move|p2a: Ninetales|Moonblast|p1a: Malamar
|-supereffective|p1a: Malamar
|-damage|p1a: Malamar|0 fnt
|faint|p1a: Malamar
|
|-weather|Snowscape|[upkeep]
|upkeep
|
|t:|1758297870
|switch|p1a: Victreebel|Victreebel, F|100/100
|turn|4
|
|t:|1758297879
|switch|p2a: Araquanid|Araquanid, M|100/100
|move|p1a: Victreebel|Sludge Bomb|p2a: Araquanid
|-damage|p2a: Araquanid|86/100
|
|-weather|Snowscape|[upkeep]
|-heal|p2a: Araquanid|92/100|[from] item: Leftovers
|upkeep
|turn|5
|
|t:|1758297892
|switch|p1a: Delphox|Delphox, F|100/100
|move|p2a: Araquanid|Sticky Web|p1a: Delphox
|-sidestart|p1: Guilherme84|move: Sticky Web
|
|-weather|none
|-heal|p2a: Araquanid|98/100|[from] item: Leftovers
|upkeep
|turn|6
|
|t:|1758297901
|move|p1a: Delphox|Fire Blast|p2a: Araquanid
|-damage|p2a: Araquanid|87/100
|-damage|p1a: Delphox|91/100|[from] item: Life Orb
|move|p2a: Araquanid|Liquidation|p1a: Delphox
|-supereffective|p1a: Delphox
|-damage|p1a: Delphox|0 fnt
|faint|p1a: Delphox
|
|-heal|p2a: Araquanid|93/100|[from] item: Leftovers
|upkeep
|
|t:|1758297914
|switch|p1a: Hawlucha|Hawlucha, F|100/100
|turn|7
|
|t:|1758297918
|move|p1a: Hawlucha|Swords Dance|p1a: Hawlucha
|-boost|p1a: Hawlucha|atk|2
|move|p2a: Araquanid|Liquidation|p1a: Hawlucha
|-damage|p1a: Hawlucha|7/100
|
|-heal|p2a: Araquanid|99/100|[from] item: Leftovers
|upkeep
|turn|8
|
|t:|1758297928
|move|p1a: Hawlucha|Dual Wingbeat|p2a: Araquanid
|-supereffective|p2a: Araquanid
|-damage|p2a: Araquanid|62/100
|-supereffective|p2a: Araquanid
|-damage|p2a: Araquanid|24/100
|-hitcount|p2a: Araquanid|2
|move|p2a: Araquanid|Liquidation|p1a: Hawlucha
|-damage|p1a: Hawlucha|0 fnt
|faint|p1a: Hawlucha
|
|-heal|p2a: Araquanid|30/100|[from] item: Leftovers
|-sideend|p2: txumelhas|move: Aurora Veil
|upkeep
|
|t:|1758297938
|switch|p1a: Greninja|Greninja, M|100/100
|-activate|p1a: Greninja|move: Sticky Web
|-unboost|p1a: Greninja|spe|1
|turn|9
|
|t:|1758297944
|-terastallize|p1a: Greninja|Water
|move|p1a: Greninja|Hydro Pump|p2a: Araquanid
|-resisted|p2a: Araquanid
|-damage|p2a: Araquanid|6/100
|move|p2a: Araquanid|Leech Life|p1a: Greninja
|-damage|p1a: Greninja|57/100
|-heal|p2a: Araquanid|24/100|[from] drain|[of] p1a: Greninja
|
|-heal|p2a: Araquanid|30/100|[from] item: Leftovers
|upkeep
|turn|10
|
|t:|1758297956
|move|p1a: Greninja|Hydro Pump|p2a: Araquanid
|-resisted|p2a: Araquanid
|-damage|p2a: Araquanid|5/100
|move|p2a: Araquanid|Leech Life|p1a: Greninja
|-damage|p1a: Greninja|9/100
|-heal|p2a: Araquanid|26/100|[from] drain|[of] p1a: Greninja
|
|-heal|p2a: Araquanid|32/100|[from] item: Leftovers
|upkeep
|turn|11
|
|t:|1758297966
|move|p1a: Greninja|Hydro Pump|p2a: Araquanid
|-resisted|p2a: Araquanid
|-damage|p2a: Araquanid|10/100
|move|p2a: Araquanid|Leech Life|p1a: Greninja
|-damage|p1a: Greninja|0 fnt
|-heal|p2a: Araquanid|14/100|[from] drain|[of] p1a: Greninja
|faint|p1a: Greninja
|
|-heal|p2a: Araquanid|20/100|[from] item: Leftovers
|upkeep
|-message|Guilherme84 forfeited.
|
|win|txumelhas
|raw|Guilherme84's rating: 1163 &rarr; <strong>1138</strong><br />(-25 for losing)
|raw|txumelhas's rating: 1168 &rarr; <strong>1193</strong><br />(+25 for winning)
|l|☆Guilherme84
|player|p1|
|l|☆txumelhas
|player|p2|
