|inactive|Battle timer is ON: inactive players will automatically lose when time's up.
|t:|1758232086
|gametype|singles
|player|p1|Electric win|#scl5islanders|
|player|p2|Finchinator|#scl5gible|
|gen|9
|tier|[Gen 9] OU
|rule|HP Percentage Mod: HP is shown in percentages
|rule|Endless Battle Clause: Forcing endless battles is banned
|rule|Species Clause: Limit one of each Pokémon
|rule|OHKO Clause: OHKO moves are banned
|rule|Evasion Items Clause: Evasion items are banned
|rule|Evasion Moves Clause: Evasion moves are banned
|rule|Evasion Abilities Clause: Evasion abilities are banned
|rule|Sleep Moves Clause: Sleep-inducing moves are banned
|clearpoke
|poke|p1|Darkrai|
|poke|p1|Tinkaton, F|
|poke|p1|Moltres|
|poke|p1|Pecharunt|
|poke|p1|Rillaboom, F|
|poke|p1|Gliscor, M|
|poke|p2|Primarina, M|
|poke|p2|Cinderace, M|
|poke|p2|Landorus-Therian, M|
|poke|p2|Zamazenta-*|
|poke|p2|Kyurem|
|poke|p2|Kingambit, F|
|teampreview
|c|☆Finchinator|hf
|rated|Smogon Champions League
|c|☆Electric win|U2
|inactive|Electric win has 270 seconds left.
|inactive|Finchinator has 270 seconds left.
|inactive|Electric win has 240 seconds left.
|inactive|Electric win has 210 seconds left.
|inactive|Electric win has 180 seconds left.
|
|t:|1758232224
|teamsize|p1|6
|teamsize|p2|6
|start
|switch|p1a: Darkrai|Darkrai, shiny|100/100
|switch|p2a: Kyurem|Kyurem|100/100
|-ability|p2a: Kyurem|Pressure
|turn|1
|inactive|Electric win has 210 seconds left.
|inactive|Finchinator has 270 seconds left.
|
|t:|1758232270
|switch|p1a: Moltres|Moltres, shiny|100/100
|switch|p2a: Primarina|Primarina, M|100/100
|
|upkeep
|turn|2
|inactive|Finchinator has 270 seconds left.
|inactive|Electric win has 180 seconds left.
|
|t:|1758232308
|switch|p1a: Tinkaton|Tinkaton, F|100/100
|-ability|p1a: Tinkaton|Mold Breaker
|move|p2a: Primarina|Surf|p1a: Tinkaton
|-damage|p1a: Tinkaton|62/100
|
|-heal|p1a: Tinkaton|68/100|[from] item: Leftovers
|upkeep
|turn|3
|
|t:|1758232329
|move|p1a: Tinkaton|Gigaton Hammer|p2a: Primarina
|-damage|p2a: Primarina|46/100
|move|p2a: Primarina|Surf|p1a: Tinkaton
|-damage|p1a: Tinkaton|30/100
|
|-heal|p1a: Tinkaton|36/100|[from] item: Leftovers
|upkeep
|turn|4
|
|t:|1758232338
|switch|p1a: Rillaboom|Rillaboom, F, shiny|100/100
|-fieldstart|move: Grassy Terrain|[from] ability: Grassy Surge|[of] p1a: Rillaboom
|move|p2a: Primarina|Surf|p1a: Rillaboom
|-resisted|p1a: Rillaboom
|-damage|p1a: Rillaboom|75/100
|
|-heal|p1a: Rillaboom|81/100|[from] Grassy Terrain
|-heal|p2a: Primarina|52/100|[from] Grassy Terrain
|upkeep
|turn|5
|inactive|Finchinator has 270 seconds left.
|
|t:|1758232354
|switch|p2a: Cinderace|Cinderace, M|100/100
|move|p1a: Rillaboom|U-turn|p2a: Cinderace
|-resisted|p2a: Cinderace
|-damage|p2a: Cinderace|84/100
|
|t:|1758232364
|switch|p1a: Gliscor|Gliscor, M, shiny|100/100|[from] U-turn
|
|-heal|p2a: Cinderace|91/100|[from] Grassy Terrain
|-status|p1a: Gliscor|tox|[from] item: Toxic Orb
|upkeep
|turn|6
|
|t:|1758232369
|switch|p2a: Kyurem|Kyurem|100/100
|-ability|p2a: Kyurem|Pressure
|move|p1a: Gliscor|Spikes|p2a: Kyurem
|-sidestart|p2: Finchinator|Spikes
|
|upkeep
|turn|7
|
|t:|1758232386
|move|p1a: Gliscor|Protect|p1a: Gliscor
|-singleturn|p1a: Gliscor|Protect
|move|p2a: Kyurem|Freeze-Dry|p1a: Gliscor
|-activate|p1a: Gliscor|move: Protect
|
|upkeep
|turn|8
|
|t:|1758232390
|switch|p1a: Moltres|Moltres, shiny|100/100
|move|p2a: Kyurem|Freeze-Dry|p1a: Moltres
|-crit|p1a: Moltres
|-damage|p1a: Moltres|45/100
|
|-fieldend|move: Grassy Terrain
|upkeep
|turn|9
|inactive|Electric win has 180 seconds left.
|inactive|Finchinator has 270 seconds left.
|inactive|Electric win has 150 seconds left.
|
|t:|1758232441
|switch|p1a: Tinkaton|Tinkaton, F|36/100
|-ability|p1a: Tinkaton|Mold Breaker
|-terastallize|p2a: Kyurem|Ice
|move|p2a: Kyurem|Freeze-Dry|p1a: Tinkaton
|-resisted|p1a: Tinkaton
|-damage|p1a: Tinkaton|13/100
|
|-heal|p1a: Tinkaton|19/100|[from] item: Leftovers
|upkeep
|turn|10
|
|t:|1758232459
|move|p2a: Kyurem|Freeze-Dry|p1a: Tinkaton
|-resisted|p1a: Tinkaton
|-damage|p1a: Tinkaton|0 fnt
|faint|p1a: Tinkaton
|
|upkeep
|inactive|Electric win has 120 seconds left.
|
|t:|1758232489
|switch|p1a: Gliscor|Gliscor, M, shiny|100/100 tox
|turn|11
|
|t:|1758232494
|-terastallize|p1a: Gliscor|Fairy
|move|p2a: Kyurem|Substitute|p2a: Kyurem
|-start|p2a: Kyurem|Substitute
|-damage|p2a: Kyurem|76/100
|move|p1a: Gliscor|Toxic||[still]
|-fail|p1a: Gliscor
|
|upkeep
|turn|12
|
|t:|1758232514
|move|p2a: Kyurem|Freeze-Dry|p1a: Gliscor
|-damage|p1a: Gliscor|52/100 tox
|move|p1a: Gliscor|Earthquake|p2a: Kyurem
|-end|p2a: Kyurem|Substitute
|
|-heal|p1a: Gliscor|65/100 tox|[from] ability: Poison Heal
|upkeep
|turn|13
|inactive|Finchinator has 240 seconds left.
|
|t:|1758232539
|move|p2a: Kyurem|Freeze-Dry|p1a: Gliscor
|-damage|p1a: Gliscor|20/100 tox
|move|p1a: Gliscor|Toxic|p2a: Kyurem
|-status|p2a: Kyurem|tox
|
|-damage|p2a: Kyurem|69/100 tox|[from] psn
|-heal|p1a: Gliscor|32/100 tox|[from] ability: Poison Heal
|upkeep
|turn|14
|inactive|Finchinator has 240 seconds left.
|
|t:|1758232550
|move|p1a: Gliscor|Protect|p1a: Gliscor
|-singleturn|p1a: Gliscor|Protect
|move|p2a: Kyurem|Freeze-Dry|p1a: Gliscor
|-activate|p1a: Gliscor|move: Protect
|
|-damage|p2a: Kyurem|57/100 tox|[from] psn
|-heal|p1a: Gliscor|45/100 tox|[from] ability: Poison Heal
|upkeep
|turn|15
|inactive|Electric win has 120 seconds left.
|inactive|Electric win has 90 seconds left.
|
|t:|1758232635
|switch|p1a: Darkrai|Darkrai, shiny|100/100
|move|p2a: Kyurem|Freeze-Dry|p1a: Darkrai
|-damage|p1a: Darkrai|27/100
|
|-damage|p2a: Kyurem|39/100 tox|[from] psn
|upkeep
|turn|16
|inactive|Electric win has 60 seconds left.
|inactive|Finchinator has 240 seconds left.
|
|t:|1758232661
|switch|p2a: Cinderace|Cinderace, M|91/100
|move|p1a: Darkrai|Dark Pulse|p2a: Cinderace
|-damage|p2a: Cinderace|39/100
|
|upkeep
|turn|17
|inactive|Electric win has 60 seconds left.
|
|t:|1758232680
|switch|p2a: Zamazenta|Zamazenta|100/100
|-damage|p2a: Zamazenta|88/100|[from] Spikes
|-ability|p2a: Zamazenta|Dauntless Shield|boost
|-boost|p2a: Zamazenta|def|1
|move|p1a: Darkrai|Dark Pulse|p2a: Zamazenta
|-resisted|p2a: Zamazenta
|-damage|p2a: Zamazenta|69/100
|
|-heal|p2a: Zamazenta|76/100|[from] item: Leftovers
|upkeep
|turn|18
|inactive|Electric win has 60 seconds left.
|inactive|Finchinator has 240 seconds left.
|
|t:|1758232688
|switch|p2a: Landorus|Landorus-Therian, M|100/100
|-ability|p2a: Landorus|Intimidate|boost
|-unboost|p1a: Darkrai|atk|1
|switch|p1a: Gliscor|Gliscor, M, shiny, tera:Fairy|45/100 tox
|
|-heal|p1a: Gliscor|57/100 tox|[from] ability: Poison Heal
|upkeep
|turn|19
|inactive|Electric win has 60 seconds left.
|
|t:|1758232701
|move|p2a: Landorus|Taunt|p1a: Gliscor
|-start|p1a: Gliscor|move: Taunt
|cant|p1a: Gliscor|move: Taunt|Toxic
|
|-heal|p1a: Gliscor|70/100 tox|[from] ability: Poison Heal
|upkeep
|turn|20
|
|t:|1758232709
|switch|p1a: Moltres|Moltres, shiny|45/100
|move|p2a: Landorus|Earth Power|p1a: Moltres
|-immune|p1a: Moltres
|
|upkeep
|turn|21
|
|t:|1758232713
|move|p2a: Landorus|Stone Edge|p1a: Moltres
|-supereffective|p1a: Moltres
|-damage|p1a: Moltres|0 fnt
|faint|p1a: Moltres
|
|upkeep
|
|t:|1758232720
|switch|p1a: Darkrai|Darkrai, shiny|27/100
|turn|22
|inactive|Finchinator has 270 seconds left.
|
|t:|1758232737
|switch|p2a: Cinderace|Cinderace, M|39/100
|move|p1a: Darkrai|Ice Beam|p2a: Cinderace
|-resisted|p2a: Cinderace
|-damage|p2a: Cinderace|18/100
|
|upkeep
|turn|23
|
|t:|1758232745
|move|p1a: Darkrai|Ice Beam|p2a: Cinderace
|-resisted|p2a: Cinderace
|-damage|p2a: Cinderace|0 fnt
|faint|p2a: Cinderace
|
|upkeep
|inactive|Finchinator has 270 seconds left.
|
|t:|1758232760
|switch|p2a: Primarina|Primarina, M|52/100
|-damage|p2a: Primarina|39/100|[from] Spikes
|turn|24
|inactive|Electric win has 90 seconds left.
|inactive|Finchinator has 270 seconds left.
|
|t:|1758232778
|move|p1a: Darkrai|Sludge Bomb|p2a: Primarina
|-supereffective|p2a: Primarina
|-damage|p2a: Primarina|6/100
|move|p2a: Primarina|Flip Turn|p1a: Darkrai
|-damage|p1a: Darkrai|0 fnt
|faint|p1a: Darkrai
|
|t:|1758232792
|switch|p2a: Landorus|Landorus-Therian, M|100/100|[from] Flip Turn
|
|upkeep
|inactive|Electric win has 90 seconds left.
|
|t:|1758232826
|switch|p1a: Rillaboom|Rillaboom, F, shiny|81/100
|-fieldstart|move: Grassy Terrain|[from] ability: Grassy Surge|[of] p1a: Rillaboom
|turn|25
|
|t:|1758232836
|move|p2a: Landorus|U-turn|p1a: Rillaboom
|-supereffective|p1a: Rillaboom
|-damage|p1a: Rillaboom|41/100
|
|t:|1758232838
|switch|p2a: Primarina|Primarina, M|6/100|[from] U-turn
|-damage|p2a: Primarina|0 fnt|[from] Spikes
|faint|p2a: Primarina
|move|p1a: Rillaboom|Wood Hammer|p2: Primarina|[notarget]
|-fail|p1a: Rillaboom
|
|-heal|p1a: Rillaboom|47/100|[from] Grassy Terrain
|upkeep
|
|t:|1758232846
|switch|p2a: Landorus|Landorus-Therian, M|100/100
|-ability|p2a: Landorus|Intimidate|boost
|-unboost|p1a: Rillaboom|atk|1
|turn|26
|
|t:|1758232851
|switch|p1a: Gliscor|Gliscor, M, shiny, tera:Fairy|70/100 tox
|move|p2a: Landorus|U-turn|p1a: Gliscor
|-resisted|p1a: Gliscor
|-damage|p1a: Gliscor|62/100 tox
|
|t:|1758232854
|switch|p2a: Kingambit|Kingambit, F|100/100|[from] U-turn
|-damage|p2a: Kingambit|88/100|[from] Spikes
|-activate|p2a: Kingambit|ability: Supreme Overlord
|-start|p2a: Kingambit|fallen2|[silent]
|
|-heal|p1a: Gliscor|68/100 tox|[from] Grassy Terrain
|-heal|p2a: Kingambit|94/100|[from] Grassy Terrain
|-heal|p2a: Kingambit|100/100|[from] item: Leftovers
|-heal|p1a: Gliscor|80/100 tox|[from] ability: Poison Heal
|upkeep
|turn|27
|
|t:|1758232860
|move|p1a: Gliscor|Earthquake|p2a: Kingambit
|-supereffective|p2a: Kingambit
|-damage|p2a: Kingambit|74/100
|move|p2a: Kingambit|Iron Head|p1a: Gliscor
|-supereffective|p1a: Gliscor
|-damage|p1a: Gliscor|0 fnt
|faint|p1a: Gliscor
|
|-heal|p2a: Kingambit|80/100|[from] Grassy Terrain
|-heal|p2a: Kingambit|86/100|[from] item: Leftovers
|upkeep
|
|t:|1758232864
|switch|p1a: Rillaboom|Rillaboom, F, shiny|47/100
|turn|28
|
|t:|1758232874
|-end|p2a: Kingambit|fallen2|[silent]
|switch|p2a: Zamazenta|Zamazenta|76/100
|-damage|p2a: Zamazenta|63/100|[from] Spikes
|move|p1a: Rillaboom|Grassy Glide|p2a: Zamazenta
|-damage|p2a: Zamazenta|34/100
|
|-heal|p2a: Zamazenta|41/100|[from] Grassy Terrain
|-heal|p2a: Zamazenta|47/100|[from] item: Leftovers
|-heal|p1a: Rillaboom|53/100|[from] Grassy Terrain
|upkeep
|turn|29
|
|t:|1758232888
|switch|p1a: Pecharunt|Pecharunt|100/100
|move|p2a: Zamazenta|Body Press|p1a: Pecharunt
|-immune|p1a: Pecharunt
|
|-heal|p2a: Zamazenta|53/100|[from] Grassy Terrain
|-heal|p2a: Zamazenta|59/100|[from] item: Leftovers
|-fieldend|move: Grassy Terrain
|upkeep
|turn|30
|
|t:|1758232891
|move|p1a: Pecharunt|Nasty Plot|p1a: Pecharunt
|-boost|p1a: Pecharunt|spa|2
|move|p2a: Zamazenta|Roar|p1a: Pecharunt
|drag|p1a: Rillaboom|Rillaboom, F, shiny|53/100
|-fieldstart|move: Grassy Terrain|[from] ability: Grassy Surge|[of] p1a: Rillaboom
|
|-heal|p2a: Zamazenta|65/100|[from] Grassy Terrain
|-heal|p2a: Zamazenta|72/100|[from] item: Leftovers
|-heal|p1a: Rillaboom|59/100|[from] Grassy Terrain
|upkeep
|turn|31
|
|t:|1758232897
|switch|p1a: Pecharunt|Pecharunt|100/100
|move|p2a: Zamazenta|Crunch|p1a: Pecharunt
|-supereffective|p1a: Pecharunt
|-damage|p1a: Pecharunt|78/100
|
|-heal|p2a: Zamazenta|78/100|[from] Grassy Terrain
|-heal|p2a: Zamazenta|84/100|[from] item: Leftovers
|-heal|p1a: Pecharunt|84/100|[from] Grassy Terrain
|upkeep
|turn|32
|
|t:|1758232899
|move|p1a: Pecharunt|Malignant Chain|p2a: Zamazenta
|-crit|p2a: Zamazenta
|-damage|p2a: Zamazenta|40/100
|move|p2a: Zamazenta|Roar|p1a: Pecharunt
|drag|p1a: Rillaboom|Rillaboom, F, shiny|59/100
|
|-heal|p2a: Zamazenta|46/100|[from] Grassy Terrain
|-heal|p2a: Zamazenta|52/100|[from] item: Leftovers
|-heal|p1a: Rillaboom|65/100|[from] Grassy Terrain
|upkeep
|turn|33
|
|t:|1758232904
|switch|p1a: Pecharunt|Pecharunt|84/100
|move|p2a: Zamazenta|Crunch|p1a: Pecharunt
|-supereffective|p1a: Pecharunt
|-damage|p1a: Pecharunt|64/100
|
|-heal|p2a: Zamazenta|58/100|[from] Grassy Terrain
|-heal|p2a: Zamazenta|65/100|[from] item: Leftovers
|-heal|p1a: Pecharunt|70/100|[from] Grassy Terrain
|upkeep
|turn|34
|
|t:|1758232909
|switch|p2a: Kingambit|Kingambit, F|86/100
|-damage|p2a: Kingambit|74/100|[from] Spikes
|-activate|p2a: Kingambit|ability: Supreme Overlord
|-start|p2a: Kingambit|fallen2|[silent]
|move|p1a: Pecharunt|Malignant Chain|p2a: Kingambit
|-immune|p2a: Kingambit
|
|-heal|p1a: Pecharunt|76/100|[from] Grassy Terrain
|-heal|p2a: Kingambit|80/100|[from] Grassy Terrain
|-heal|p2a: Kingambit|86/100|[from] item: Leftovers
|-fieldend|move: Grassy Terrain
|upkeep
|turn|35
|
|t:|1758232912
|move|p1a: Pecharunt|Nasty Plot|p1a: Pecharunt
|-boost|p1a: Pecharunt|spa|2
|move|p2a: Kingambit|Kowtow Cleave|p1a: Pecharunt
|-supereffective|p1a: Pecharunt
|-damage|p1a: Pecharunt|16/100
|
|-heal|p2a: Kingambit|92/100|[from] item: Leftovers
|upkeep
|turn|36
|
|t:|1758232916
|move|p1a: Pecharunt|Shadow Ball|p2a: Kingambit
|-resisted|p2a: Kingambit
|-damage|p2a: Kingambit|66/100
|move|p2a: Kingambit|Kowtow Cleave|p1a: Pecharunt
|-supereffective|p1a: Pecharunt
|-damage|p1a: Pecharunt|0 fnt
|faint|p1a: Pecharunt
|
|-heal|p2a: Kingambit|72/100|[from] item: Leftovers
|upkeep
|c|☆Electric win|gg
|
|t:|1758232920
|switch|p1a: Rillaboom|Rillaboom, F, shiny|65/100
|-fieldstart|move: Grassy Terrain|[from] ability: Grassy Surge|[of] p1a: Rillaboom
|turn|37
|
|t:|1758232923
|move|p1a: Rillaboom|Wood Hammer|p2a: Kingambit
|-resisted|p2a: Kingambit
|-damage|p2a: Kingambit|34/100
|-damage|p1a: Rillaboom|54/100|[from] Recoil
|move|p2a: Kingambit|Kowtow Cleave|p1a: Rillaboom
|-damage|p1a: Rillaboom|0 fnt
|faint|p1a: Rillaboom
|
|win|Finchinator
|c|☆Finchinator|gg
|player|p2|
