|j|☆PokeBlaze17
|j|☆xX_Gab_Xx
|t:|1758299148
|gametype|singles
|player|p1|PokeBlaze17|cheren-gen5bw2|1239
|player|p2|xX_Gab_Xx|hugh|1284
|gen|9
|tier|[Gen 9] OU
|rated|
|rule|HP Percentage Mod: HP is shown in percentages
|rule|Endless Battle Clause: Forcing endless battles is banned
|rule|Species Clause: Limit one of each Pokémon
|rule|OHKO Clause: OHKO moves are banned
|rule|Evasion Items Clause: Evasion items are banned
|rule|Evasion Moves Clause: Evasion moves are banned
|rule|Evasion Abilities Clause: Evasion abilities are banned
|rule|Sleep Moves Clause: Sleep-inducing moves are banned
|clearpoke
|poke|p1|Clefable, F|
|poke|p1|Sableye, F|
|poke|p1|Haxorus, M|
|poke|p1|Glimmora, M|
|poke|p1|Kilowattrel, F|
|poke|p1|Komala, M|
|poke|p2|Gliscor, F|
|poke|p2|Skarmory, M|
|poke|p2|Amoonguss, M|
|poke|p2|Blissey, F|
|poke|p2|Clodsire, F|
|poke|p2|Dondozo, M|
|teampreview
|inactive|Battle timer is ON: inactive players will automatically lose when time's up. (requested by xX_Gab_Xx)
|
|t:|1758299155
|teamsize|p1|6
|teamsize|p2|6
|start
|switch|p1a: Glimmora|Glimmora, M, shiny|100/100
|switch|p2a: Gliscor|Gliscor, F, shiny|100/100
|turn|1
|
|t:|1758299163
|move|p1a: Glimmora|Stealth Rock|p2a: Gliscor
|-sidestart|p2: xX_Gab_Xx|move: Stealth Rock
|move|p2a: Gliscor|Earthquake|p1a: Glimmora
|-supereffective|p1a: Glimmora
|-damage|p1a: Glimmora|0 fnt
|-activate|p1a: Glimmora|ability: Toxic Debris
|-sidestart|p2: xX_Gab_Xx|move: Toxic Spikes
|faint|p1a: Glimmora
|
|-status|p2a: Gliscor|tox|[from] item: Toxic Orb
|upkeep
|
|t:|1758299175
|switch|p1a: Komala|Komala, M, shiny|100/100
|-ability|p1a: Komala|Comatose
|turn|2
|
|t:|1758299184
|switch|p2a: Skarmory|Skarmory, M|100/100
|-damage|p2a: Skarmory|88/100|[from] Stealth Rock
|move|p1a: Komala|Bulk Up|p1a: Komala
|-boost|p1a: Komala|atk|1
|-boost|p1a: Komala|def|1
|
|upkeep
|turn|3
|
|t:|1758299193
|switch|p1a: Sableye|Sableye, F|100/100
|move|p2a: Skarmory|Stealth Rock|p1a: Sableye
|-sidestart|p1: PokeBlaze17|move: Stealth Rock
|
|upkeep
|turn|4
|
|t:|1758299199
|switch|p2a: Gliscor|Gliscor, F, shiny|100/100 tox
|-damage|p2a: Gliscor|88/100 tox|[from] Stealth Rock
|move|p1a: Sableye|Encore||[still]
|-fail|p1a: Sableye
|
|-heal|p2a: Gliscor|100/100 tox|[from] ability: Poison Heal
|upkeep
|turn|5
|
|t:|1758299208
|move|p1a: Sableye|Reflect|p1a: Sableye
|-sidestart|p1: PokeBlaze17|Reflect
|move|p2a: Gliscor|Knock Off|p1a: Sableye
|-damage|p1a: Sableye|91/100
|-enditem|p1a: Sableye|Light Clay|[from] move: Knock Off|[of] p2a: Gliscor
|
|upkeep
|turn|6
|
|t:|1758299216
|move|p1a: Sableye|Light Screen|p1a: Sableye
|-sidestart|p1: PokeBlaze17|move: Light Screen
|move|p2a: Gliscor|Knock Off|p1a: Sableye
|-damage|p1a: Sableye|84/100
|
|upkeep
|turn|7
|
|t:|1758299222
|move|p1a: Sableye|Encore|p2a: Gliscor
|-start|p2a: Gliscor|Encore
|move|p2a: Gliscor|Knock Off|p1a: Sableye
|-damage|p1a: Sableye|77/100
|
|upkeep
|turn|8
|
|t:|1758299240
|switch|p1a: Haxorus|Haxorus, M, shiny|100/100
|-damage|p1a: Haxorus|88/100|[from] Stealth Rock
|-ability|p1a: Haxorus|Mold Breaker
|move|p2a: Gliscor|Knock Off|p1a: Haxorus
|-damage|p1a: Haxorus|74/100
|-enditem|p1a: Haxorus|Lum Berry|[from] move: Knock Off|[of] p2a: Gliscor
|
|upkeep
|turn|9
|
|t:|1758299256
|switch|p2a: Skarmory|Skarmory, M|88/100
|-damage|p2a: Skarmory|76/100|[from] Stealth Rock
|move|p1a: Haxorus|Dragon Dance|p1a: Haxorus
|-boost|p1a: Haxorus|atk|1
|-boost|p1a: Haxorus|spe|1
|
|upkeep
|turn|10
|
|t:|1758299270
|move|p1a: Haxorus|Iron Head|p2a: Skarmory
|-resisted|p2a: Skarmory
|-damage|p2a: Skarmory|62/100
|-damage|p1a: Haxorus|58/100|[from] item: Rocky Helmet|[of] p2a: Skarmory
|cant|p2a: Skarmory|flinch
|
|-sideend|p1: PokeBlaze17|move: Light Screen
|upkeep
|turn|11
|
|t:|1758299282
|move|p1a: Haxorus|Dragon Dance|p1a: Haxorus
|-boost|p1a: Haxorus|atk|1
|-boost|p1a: Haxorus|spe|1
|move|p2a: Skarmory|Iron Defense|p2a: Skarmory
|-boost|p2a: Skarmory|def|2
|
|upkeep
|turn|12
|
|t:|1758299292
|switch|p1a: Sableye|Sableye, F|77/100
|-damage|p1a: Sableye|65/100|[from] Stealth Rock
|move|p2a: Skarmory|Roost|p2a: Skarmory
|-heal|p2a: Skarmory|100/100
|-singleturn|p2a: Skarmory|move: Roost
|
|-sideend|p1: PokeBlaze17|Reflect
|upkeep
|turn|13
|
|t:|1758299304
|switch|p2a: Clodsire|Clodsire, F|100/100
|-sideend|p2: xX_Gab_Xx|move: Toxic Spikes|[of] p2a: Clodsire
|move|p1a: Sableye|Reflect|p1a: Sableye
|-sidestart|p1: PokeBlaze17|Reflect
|
|upkeep
|turn|14
|
|t:|1758299311
|move|p1a: Sableye|Light Screen|p1a: Sableye
|-sidestart|p1: PokeBlaze17|move: Light Screen
|move|p2a: Clodsire|Toxic|p1a: Sableye
|-status|p1a: Sableye|tox
|
|-damage|p1a: Sableye|59/100 tox|[from] psn
|upkeep
|turn|15
|
|t:|1758299318
|switch|p2a: Gliscor|Gliscor, F, shiny|100/100 tox
|-damage|p2a: Gliscor|88/100 tox|[from] Stealth Rock
|move|p1a: Sableye|Encore||[still]
|-fail|p1a: Sableye
|
|-heal|p2a: Gliscor|100/100 tox|[from] ability: Poison Heal
|-damage|p1a: Sableye|46/100 tox|[from] psn
|upkeep
|turn|16
|
|t:|1758299329
|switch|p1a: Kilowattrel|Kilowattrel, F, shiny|100/100
|move|p2a: Gliscor|Knock Off|p1a: Kilowattrel
|-damage|p1a: Kilowattrel|81/100
|-enditem|p1a: Kilowattrel|Heavy-Duty Boots|[from] move: Knock Off|[of] p2a: Gliscor
|
|upkeep
|turn|17
|
|t:|1758299337
|switch|p2a: Clodsire|Clodsire, F|100/100
|move|p1a: Kilowattrel|Substitute|p1a: Kilowattrel
|-start|p1a: Kilowattrel|Substitute
|-damage|p1a: Kilowattrel|56/100
|
|-sideend|p1: PokeBlaze17|Reflect
|upkeep
|turn|18
|
|t:|1758299346
|-terastallize|p1a: Kilowattrel|Ice
|move|p1a: Kilowattrel|Tera Blast|p2a: Clodsire|[anim] Tera Blast Ice
|-supereffective|p2a: Clodsire
|-damage|p2a: Clodsire|61/100
|move|p2a: Clodsire|Poison Jab|p1a: Kilowattrel
|-end|p1a: Kilowattrel|Substitute
|
|-sideend|p1: PokeBlaze17|move: Light Screen
|upkeep
|turn|19
|
|t:|1758299356
|move|p1a: Kilowattrel|Tera Blast|p2a: Clodsire|[anim] Tera Blast Ice
|-supereffective|p2a: Clodsire
|-crit|p2a: Clodsire
|-damage|p2a: Clodsire|0 fnt
|faint|p2a: Clodsire
|
|upkeep
|
|t:|1758299362
|switch|p2a: Blissey|Blissey, F|100/100
|turn|20
|
|t:|1758299367
|move|p1a: Kilowattrel|Discharge|p2a: Blissey
|-damage|p2a: Blissey|89/100
|move|p2a: Blissey|Thunder Wave|p1a: Kilowattrel
|-status|p1a: Kilowattrel|par
|
|upkeep
|turn|21
|
|t:|1758299379
|cant|p1a: Kilowattrel|par
|move|p2a: Blissey|Seismic Toss|p1a: Kilowattrel
|-damage|p1a: Kilowattrel|21/100 par
|
|upkeep
|turn|22
|
|t:|1758299387
|switch|p2a: Gliscor|Gliscor, F, shiny|100/100 tox
|-damage|p2a: Gliscor|88/100 tox|[from] Stealth Rock
|cant|p1a: Kilowattrel|par
|
|-heal|p2a: Gliscor|100/100 tox|[from] ability: Poison Heal
|upkeep
|turn|23
|
|t:|1758299396
|move|p2a: Gliscor|Earthquake|p1a: Kilowattrel
|-damage|p1a: Kilowattrel|0 fnt
|faint|p1a: Kilowattrel
|
|upkeep
|
|t:|1758299406
|switch|p1a: Sableye|Sableye, F|46/100 tox
|-damage|p1a: Sableye|34/100 tox|[from] Stealth Rock
|turn|24
|
|t:|1758299411
|move|p1a: Sableye|Reflect|p1a: Sableye
|-sidestart|p1: PokeBlaze17|Reflect
|move|p2a: Gliscor|Earthquake|p1a: Sableye
|-damage|p1a: Sableye|18/100 tox
|
|-damage|p1a: Sableye|11/100 tox|[from] psn
|upkeep
|turn|25
|
|t:|1758299420
|move|p1a: Sableye|Light Screen|p1a: Sableye
|-sidestart|p1: PokeBlaze17|move: Light Screen
|move|p2a: Gliscor|Knock Off|p1a: Sableye
|-damage|p1a: Sableye|4/100 tox
|
|-damage|p1a: Sableye|0 fnt|[from] psn
|faint|p1a: Sableye
|upkeep
|
|t:|1758299429
|switch|p1a: Komala|Komala, M, shiny|100/100
|-damage|p1a: Komala|88/100|[from] Stealth Rock
|-ability|p1a: Komala|Comatose
|turn|26
|
|t:|1758299435
|move|p2a: Gliscor|Knock Off|p1a: Komala
|-damage|p1a: Komala|72/100
|-enditem|p1a: Komala|Mirror Herb|[from] move: Knock Off|[of] p2a: Gliscor
|move|p1a: Komala|Bulk Up|p1a: Komala
|-boost|p1a: Komala|atk|1
|-boost|p1a: Komala|def|1
|
|upkeep
|turn|27
|
|t:|1758299444
|switch|p2a: Skarmory|Skarmory, M|100/100
|-damage|p2a: Skarmory|88/100|[from] Stealth Rock
|move|p1a: Komala|Wish|p1a: Komala
|
|upkeep
|turn|28
|
|t:|1758299456
|move|p2a: Skarmory|Iron Defense|p2a: Skarmory
|-boost|p2a: Skarmory|def|2
|move|p1a: Komala|Bulk Up|p1a: Komala
|-boost|p1a: Komala|atk|1
|-boost|p1a: Komala|def|1
|
|-heal|p1a: Komala|100/100|[from] move: Wish|[wisher] Komala
|-sideend|p1: PokeBlaze17|Reflect
|upkeep
|turn|29
|
|t:|1758299466
|move|p2a: Skarmory|Iron Defense|p2a: Skarmory
|-boost|p2a: Skarmory|def|2
|move|p1a: Komala|Body Slam|p2a: Skarmory
|-resisted|p2a: Skarmory
|-damage|p2a: Skarmory|82/100
|-damage|p1a: Komala|84/100|[from] item: Rocky Helmet|[of] p2a: Skarmory
|
|-sideend|p1: PokeBlaze17|move: Light Screen
|upkeep
|turn|30
|
|t:|1758299475
|move|p2a: Skarmory|Body Press|p1a: Komala
|-supereffective|p1a: Komala
|-damage|p1a: Komala|0 fnt
|faint|p1a: Komala
|
|upkeep
|
|t:|1758299481
|switch|p1a: Clefable|Clefable, F, shiny|100/100
|turn|31
|
|t:|1758299489
|switch|p2a: Gliscor|Gliscor, F, shiny|100/100 tox
|-damage|p2a: Gliscor|88/100 tox|[from] Stealth Rock
|move|p1a: Clefable|Calm Mind|p1a: Clefable
|-boost|p1a: Clefable|spa|1
|-boost|p1a: Clefable|spd|1
|
|-heal|p2a: Gliscor|100/100 tox|[from] ability: Poison Heal
|upkeep
|turn|32
|
|t:|1758299504
|move|p2a: Gliscor|Knock Off|p1a: Clefable
|-resisted|p1a: Clefable
|-damage|p1a: Clefable|92/100
|-enditem|p1a: Clefable|Leftovers|[from] move: Knock Off|[of] p2a: Gliscor
|move|p1a: Clefable|Calm Mind|p1a: Clefable
|-boost|p1a: Clefable|spa|1
|-boost|p1a: Clefable|spd|1
|
|upkeep
|turn|33
|
|t:|1758299512
|switch|p2a: Amoonguss|Amoonguss, M|100/100
|move|p1a: Clefable|Draining Kiss|p2a: Amoonguss
|-resisted|p2a: Amoonguss
|-damage|p2a: Amoonguss|85/100
|-heal|p1a: Clefable|100/100|[from] drain|[of] p2a: Amoonguss
|
|upkeep
|turn|34
|
|t:|1758299520
|move|p1a: Clefable|Psyshock|p2a: Amoonguss
|-supereffective|p2a: Amoonguss
|-damage|p2a: Amoonguss|32/100
|move|p2a: Amoonguss|Toxic|p1a: Clefable
|-status|p1a: Clefable|tox
|
|upkeep
|turn|35
|
|t:|1758299529
|switch|p2a: Skarmory|Skarmory, M|82/100
|-damage|p2a: Skarmory|70/100|[from] Stealth Rock
|move|p1a: Clefable|Calm Mind|p1a: Clefable
|-boost|p1a: Clefable|spa|1
|-boost|p1a: Clefable|spd|1
|
|upkeep
|turn|36
|
|t:|1758299537
|move|p2a: Skarmory|Iron Defense|p2a: Skarmory
|-boost|p2a: Skarmory|def|2
|move|p1a: Clefable|Flamethrower|p2a: Skarmory
|-supereffective|p2a: Skarmory
|-damage|p2a: Skarmory|0 fnt
|faint|p2a: Skarmory
|
|upkeep
|
|t:|1758299546
|switch|p2a: Blissey|Blissey, F|89/100
|turn|37
|
|t:|1758299551
|move|p1a: Clefable|Psyshock|p2a: Blissey
|-damage|p2a: Blissey|43/100
|move|p2a: Blissey|Calm Mind|p2a: Blissey
|-boost|p2a: Blissey|spa|1
|-boost|p2a: Blissey|spd|1
|
|upkeep
|turn|38
|
|t:|1758299558
|move|p1a: Clefable|Psyshock|p2a: Blissey
|-damage|p2a: Blissey|0 fnt
|faint|p2a: Blissey
|
|upkeep
|
|t:|1758299564
|switch|p2a: Dondozo|Dondozo, M|100/100
|turn|39
|
|t:|1758299570
|move|p1a: Clefable|Draining Kiss|p2a: Dondozo
|-damage|p2a: Dondozo|84/100
|move|p2a: Dondozo|Curse|p2a: Dondozo
|-unboost|p2a: Dondozo|spe|1
|-boost|p2a: Dondozo|atk|1
|-boost|p2a: Dondozo|def|1
|
|upkeep
|turn|40
|-message|PokeBlaze17 forfeited.
|
|win|xX_Gab_Xx
|raw|PokeBlaze17's rating: 1239 &rarr; <strong>1217</strong><br />(-22 for losing)
|raw|xX_Gab_Xx's rating: 1284 &rarr; <strong>1306</strong><br />(+22 for winning)
|l|☆PokeBlaze17
|player|p1|
|l|☆xX_Gab_Xx
|player|p2|
