|j|☆mema20
|j|☆tony93420
|t:|1758325049
|gametype|singles
|player|p1|mema20|morty|1183
|player|p2|tony93420|hugh|1253
|gen|9
|tier|[Gen 9] OU
|rated|
|rule|HP Percentage Mod: HP is shown in percentages
|rule|Endless Battle Clause: Forcing endless battles is banned
|rule|Species Clause: Limit one of each Pokémon
|rule|OHKO Clause: OHKO moves are banned
|rule|Evasion Items Clause: Evasion items are banned
|rule|Evasion Moves Clause: Evasion moves are banned
|rule|Evasion Abilities Clause: Evasion abilities are banned
|rule|Sleep Moves Clause: Sleep-inducing moves are banned
|clearpoke
|poke|p1|Iron Valiant|
|poke|p1|Great Tusk|
|poke|p1|Ogerpon-Wellspring, F|
|poke|p1|Dragonite, F|
|poke|p1|Iron Boulder|
|poke|p1|Heatran, F|
|poke|p2|Gliscor, M|
|poke|p2|Cinderace, M|
|poke|p2|Moltres|
|poke|p2|Dragonite, M|
|poke|p2|Ogerpon-Cornerstone, F|
|poke|p2|Donphan, M|
|teampreview
|inactive|Battle timer is ON: inactive players will automatically lose when time's up. (requested by tony93420)
|
|t:|1758325056
|teamsize|p1|6
|teamsize|p2|6
|start
|switch|p1a: Iron Valiant|Iron Valiant|100/100
|switch|p2a: Ogerpon|Ogerpon-Cornerstone, F|100/100
|turn|1
|
|t:|1758325068
|move|p2a: Ogerpon|Spiky Shield|p2a: Ogerpon
|-singleturn|p2a: Ogerpon|move: Protect
|move|p1a: Iron Valiant|Moonblast|p2a: Ogerpon
|-activate|p2a: Ogerpon|move: Protect
|
|upkeep
|turn|2
|
|t:|1758325073
|switch|p2a: Moltres|Moltres|100/100
|move|p1a: Iron Valiant|Moonblast|p2a: Moltres
|-resisted|p2a: Moltres
|-damage|p2a: Moltres|70/100
|
|upkeep
|turn|3
|
|t:|1758325078
|-end|p1a: Iron Valiant|Quark Drive|[silent]
|switch|p1a: Heatran|Heatran, F|100/100
|move|p2a: Moltres|Scorching Sands|p1a: Heatran
|-supereffective|p1a: Heatran
|-damage|p1a: Heatran|29/100
|
|-heal|p1a: Heatran|35/100|[from] item: Leftovers
|upkeep
|turn|4
|
|t:|1758325091
|switch|p1a: Ogerpon|Ogerpon-Wellspring, F|100/100
|move|p2a: Moltres|Scorching Sands|p1a: Ogerpon
|-resisted|p1a: Ogerpon
|-damage|p1a: Ogerpon|90/100
|
|upkeep
|turn|5
|
|t:|1758325099
|move|p1a: Ogerpon|Ivy Cudgel|p2a: Moltres|[anim] Ivy Cudgel Water
|-supereffective|p2a: Moltres
|-damage|p2a: Moltres|0 fnt
|faint|p2a: Moltres
|
|upkeep
|
|t:|1758325101
|switch|p2a: Cinderace|Cinderace, M, shiny|100/100
|turn|6
|
|t:|1758325104
|switch|p1a: Heatran|Heatran, F|35/100
|move|p2a: Cinderace|U-turn|p1a: Heatran
|-start|p2a: Cinderace|typechange|Bug|[from] ability: Libero
|-resisted|p1a: Heatran
|-damage|p1a: Heatran|27/100
|
|t:|1758325111
|switch|p2a: Gliscor|Gliscor, M, shiny|100/100|[from] U-turn
|
|-heal|p1a: Heatran|33/100|[from] item: Leftovers
|-status|p2a: Gliscor|tox|[from] item: Toxic Orb
|upkeep
|turn|7
|
|t:|1758325122
|move|p2a: Gliscor|Agility|p2a: Gliscor
|-boost|p2a: Gliscor|spe|2
|move|p1a: Heatran|Taunt|p2a: Gliscor
|-start|p2a: Gliscor|move: Taunt
|
|-heal|p1a: Heatran|40/100|[from] item: Leftovers
|upkeep
|turn|8
|
|t:|1758325127
|move|p2a: Gliscor|Earthquake|p1a: Heatran
|-supereffective|p1a: Heatran
|-damage|p1a: Heatran|0 fnt
|faint|p1a: Heatran
|
|upkeep
|
|t:|1758325134
|switch|p1a: Ogerpon|Ogerpon-Wellspring, F|90/100
|turn|9
|
|t:|1758325138
|-terastallize|p1a: Ogerpon|Water
|detailschange|p1a: Ogerpon|Ogerpon-Wellspring-Tera, F, tera:Water
|-ability|p1a: Ogerpon|Embody Aspect (Wellspring)|boost
|-boost|p1a: Ogerpon|spd|1
|move|p2a: Gliscor|Facade|p1a: Ogerpon
|-damage|p1a: Ogerpon|34/100
|move|p1a: Ogerpon|Ivy Cudgel|p2a: Gliscor|[anim] Ivy Cudgel Water
|-supereffective|p2a: Gliscor
|-damage|p2a: Gliscor|0 fnt
|faint|p2a: Gliscor
|
|upkeep
|
|t:|1758325148
|switch|p2a: Cinderace|Cinderace, M, shiny|100/100
|turn|10
|
|t:|1758325156
|switch|p1a: Great Tusk|Great Tusk|100/100
|move|p2a: Cinderace|Will-O-Wisp|p1a: Great Tusk
|-status|p1a: Great Tusk|brn
|
|-damage|p1a: Great Tusk|94/100 brn|[from] brn
|upkeep
|turn|11
|
|t:|1758325163
|move|p2a: Cinderace|U-turn|p1a: Great Tusk
|-start|p2a: Cinderace|typechange|Bug|[from] ability: Libero
|-resisted|p1a: Great Tusk
|-damage|p1a: Great Tusk|83/100 brn
|
|t:|1758325168
|switch|p2a: Donphan|Donphan, M|100/100|[from] U-turn
|move|p1a: Great Tusk|Stealth Rock|p2a: Donphan
|-sidestart|p2: tony93420|move: Stealth Rock
|
|-damage|p1a: Great Tusk|77/100 brn|[from] brn
|upkeep
|turn|12
|
|t:|1758325173
|move|p1a: Great Tusk|Ice Spinner|p2a: Donphan
|-supereffective|p2a: Donphan
|-damage|p2a: Donphan|82/100
|move|p2a: Donphan|Rapid Spin|p1a: Great Tusk
|-damage|p1a: Great Tusk|66/100 brn
|-boost|p2a: Donphan|spe|1
|-sideend|p2: tony93420|Stealth Rock|[from] move: Rapid Spin|[of] p2a: Donphan
|
|-damage|p1a: Great Tusk|60/100 brn|[from] brn
|upkeep
|turn|13
|
|t:|1758325178
|move|p1a: Great Tusk|Stealth Rock|p2a: Donphan
|-sidestart|p2: tony93420|move: Stealth Rock
|move|p2a: Donphan|Rapid Spin|p1a: Great Tusk
|-damage|p1a: Great Tusk|50/100 brn
|-boost|p2a: Donphan|spe|1
|-sideend|p2: tony93420|Stealth Rock|[from] move: Rapid Spin|[of] p2a: Donphan
|
|-damage|p1a: Great Tusk|44/100 brn|[from] brn
|upkeep
|turn|14
|
|t:|1758325182
|move|p1a: Great Tusk|Headlong Rush|p2a: Donphan
|-damage|p2a: Donphan|62/100
|-unboost|p1a: Great Tusk|def|1
|-unboost|p1a: Great Tusk|spd|1
|move|p2a: Donphan|Ice Spinner|p1a: Great Tusk
|-supereffective|p1a: Great Tusk
|-damage|p1a: Great Tusk|0 fnt
|faint|p1a: Great Tusk
|-end|p1a: Great Tusk|Protosynthesis|[silent]
|
|upkeep
|
|t:|1758325189
|switch|p1a: Dragonite|Dragonite, F|100/100
|turn|15
|
|t:|1758325192
|move|p1a: Dragonite|Earthquake|p2a: Donphan
|-damage|p2a: Donphan|42/100
|move|p2a: Donphan|Ice Spinner|p1a: Dragonite
|-supereffective|p1a: Dragonite
|-damage|p1a: Dragonite|51/100
|
|upkeep
|turn|16
|
|t:|1758325199
|move|p1a: Dragonite|Extreme Speed|p2a: Donphan
|-damage|p2a: Donphan|25/100
|move|p2a: Donphan|Ice Shard|p1a: Dragonite
|-supereffective|p1a: Dragonite
|-damage|p1a: Dragonite|4/100
|
|upkeep
|turn|17
|
|t:|1758325204
|move|p1a: Dragonite|Extreme Speed|p2a: Donphan
|-damage|p2a: Donphan|7/100
|move|p2a: Donphan|Ice Shard|p1a: Dragonite
|-supereffective|p1a: Dragonite
|-crit|p1a: Dragonite
|-damage|p1a: Dragonite|0 fnt
|faint|p1a: Dragonite
|
|upkeep
|
|t:|1758325215
|switch|p1a: Iron Boulder|Iron Boulder|100/100
|-enditem|p1a: Iron Boulder|Booster Energy
|-activate|p1a: Iron Boulder|ability: Quark Drive|[fromitem]
|-start|p1a: Iron Boulder|quarkdrivespe
|turn|18
|
|t:|1758325223
|move|p1a: Iron Boulder|Mighty Cleave|p2a: Donphan
|-resisted|p2a: Donphan
|-damage|p2a: Donphan|0 fnt
|faint|p2a: Donphan
|
|upkeep
|
|t:|1758325226
|switch|p2a: Ogerpon|Ogerpon-Cornerstone, F|100/100
|turn|19
|
|t:|1758325234
|move|p1a: Iron Boulder|Earthquake|p2a: Ogerpon
|-damage|p2a: Ogerpon|58/100
|move|p2a: Ogerpon|Knock Off|p1a: Iron Boulder
|-supereffective|p1a: Iron Boulder
|-damage|p1a: Iron Boulder|33/100
|
|upkeep
|turn|20
|
|t:|1758325241
|move|p2a: Ogerpon|Spiky Shield|p2a: Ogerpon
|-singleturn|p2a: Ogerpon|move: Protect
|move|p1a: Iron Boulder|Close Combat|p2a: Ogerpon
|-activate|p2a: Ogerpon|move: Protect
|-damage|p1a: Iron Boulder|20/100|[from] Spiky Shield|[of] p2a: Ogerpon
|
|upkeep
|turn|21
|
|t:|1758325250
|move|p1a: Iron Boulder|Close Combat|p2a: Ogerpon
|-supereffective|p2a: Ogerpon
|-damage|p2a: Ogerpon|0 fnt
|-unboost|p1a: Iron Boulder|def|1
|-unboost|p1a: Iron Boulder|spd|1
|faint|p2a: Ogerpon
|
|upkeep
|
|t:|1758325252
|switch|p2a: Cinderace|Cinderace, M, shiny|100/100
|turn|22
|
|t:|1758325257
|move|p2a: Cinderace|Sucker Punch|p1a: Iron Boulder
|-start|p2a: Cinderace|typechange|Dark|[from] ability: Libero
|-supereffective|p1a: Iron Boulder
|-damage|p1a: Iron Boulder|0 fnt
|faint|p1a: Iron Boulder
|-end|p1a: Iron Boulder|Quark Drive|[silent]
|
|upkeep
|
|t:|1758325262
|switch|p1a: Iron Valiant|Iron Valiant|100/100
|turn|23
|
|t:|1758325265
|move|p2a: Cinderace|Sucker Punch|p1a: Iron Valiant
|-resisted|p1a: Iron Valiant
|-damage|p1a: Iron Valiant|90/100
|move|p1a: Iron Valiant|Moonblast|p2a: Cinderace
|-supereffective|p2a: Cinderace
|-damage|p2a: Cinderace|0 fnt
|faint|p2a: Cinderace
|
|upkeep
|
|t:|1758325268
|switch|p2a: Dragonite|Dragonite, M|100/100
|turn|24
|
|t:|1758325270
|-terastallize|p2a: Dragonite|Fairy
|move|p1a: Iron Valiant|Moonblast|p2a: Dragonite
|-crit|p2a: Dragonite
|-damage|p2a: Dragonite|45/100
|move|p2a: Dragonite|Dragon Dance|p2a: Dragonite
|-boost|p2a: Dragonite|atk|1
|-boost|p2a: Dragonite|spe|1
|
|-heal|p2a: Dragonite|51/100|[from] item: Leftovers
|upkeep
|turn|25
|
|t:|1758325273
|move|p2a: Dragonite|Tera Blast|p1a: Iron Valiant|[anim] Tera Blast Fairy
|-supereffective|p1a: Iron Valiant
|-damage|p1a: Iron Valiant|0 fnt
|faint|p1a: Iron Valiant
|-end|p1a: Iron Valiant|Quark Drive|[silent]
|
|-heal|p2a: Dragonite|57/100|[from] item: Leftovers
|upkeep
|
|t:|1758325276
|switch|p1a: Ogerpon|Ogerpon-Wellspring-Tera, F, tera:Water|34/100
|-ability|p1a: Ogerpon|Embody Aspect (Wellspring)|boost
|-boost|p1a: Ogerpon|spd|1
|turn|26
|
|t:|1758325278
|move|p2a: Dragonite|Tera Blast|p1a: Ogerpon|[anim] Tera Blast Fairy
|-damage|p1a: Ogerpon|0 fnt
|faint|p1a: Ogerpon
|detailschange|p1: Ogerpon|Ogerpon-Wellspring, F|[silent]
|
|win|tony93420
|raw|mema20's rating: 1183 &rarr; <strong>1163</strong><br />(-20 for losing)
|raw|tony93420's rating: 1253 &rarr; <strong>1273</strong><br />(+20 for winning)
