|j|☆ScitherK
|j|☆Basquias312
|t:|1758379064
|gametype|singles
|player|p1|ScitherK|265|1055
|player|p2|Basquias312|265|1092
|gen|9
|tier|[Gen 9] OU
|rated|
|rule|HP Percentage Mod: HP is shown in percentages
|rule|Endless Battle Clause: Forcing endless battles is banned
|rule|Species Clause: Limit one of each Pokémon
|rule|OHKO Clause: OHKO moves are banned
|rule|Evasion Items Clause: Evasion items are banned
|rule|Evasion Moves Clause: Evasion moves are banned
|rule|Evasion Abilities Clause: Evasion abilities are banned
|rule|Sleep Moves Clause: Sleep-inducing moves are banned
|clearpoke
|poke|p1|Banette, M|
|poke|p1|Scizor, M|
|poke|p1|Trevenant, M|
|poke|p1|Samurott-Hisui, F|
|poke|p1|Garchomp, M|
|poke|p1|Kingambit, M|
|poke|p2|Pelipper, F|
|poke|p2|Hatterene, F|
|poke|p2|Iron Treads|
|poke|p2|Toxicroak, F|
|poke|p2|Barraskewda, F|
|poke|p2|Zapdos|
|teampreview
|inactive|Battle timer is ON: inactive players will automatically lose when time's up. (requested by Basquias312)
|
|t:|1758379077
|teamsize|p1|6
|teamsize|p2|6
|start
|switch|p1a: Garchomp|Garchomp, M|100/100
|switch|p2a: Pelipper|Pelipper, F|100/100
|-weather|RainDance|[from] ability: Drizzle|[of] p2a: Pelipper
|turn|1
|
|t:|1758379085
|move|p1a: Garchomp|Stealth Rock|p2a: Pelipper
|-sidestart|p2: Basquias312|move: Stealth Rock
|move|p2a: Pelipper|U-turn|p1a: Garchomp
|-damage|p1a: Garchomp|91/100
|-damage|p2a: Pelipper|88/100|[from] ability: Rough Skin|[of] p1a: Garchomp
|
|t:|1758379087
|switch|p2a: Iron Treads|Iron Treads|100/100|[from] U-turn
|-damage|p2a: Iron Treads|98/100|[from] Stealth Rock
|
|-weather|RainDance|[upkeep]
|-heal|p2a: Iron Treads|100/100|[from] item: Leftovers
|upkeep
|turn|2
|
|t:|1758379099
|switch|p1a: Trevenant|Trevenant, M|100/100
|-terastallize|p2a: Iron Treads|Normal
|move|p2a: Iron Treads|Rapid Spin|p1a: Trevenant
|-immune|p1a: Trevenant
|
|-weather|RainDance|[upkeep]
|upkeep
|turn|3
|
|t:|1758379112
|move|p2a: Iron Treads|Stealth Rock|p1a: Trevenant
|-sidestart|p1: ScitherK|move: Stealth Rock
|move|p1a: Trevenant|Toxic|p2a: Iron Treads
|-status|p2a: Iron Treads|tox
|
|-weather|RainDance|[upkeep]
|-damage|p2a: Iron Treads|94/100 tox|[from] psn
|upkeep
|turn|4
|
|t:|1758379120
|move|p2a: Iron Treads|Volt Switch|p1a: Trevenant
|-resisted|p1a: Trevenant
|-damage|p1a: Trevenant|95/100
|
|t:|1758379127
|-end|p2a: Iron Treads|Quark Drive|[silent]
|switch|p2a: Toxicroak|Toxicroak, F|100/100|[from] Volt Switch
|-damage|p2a: Toxicroak|94/100|[from] Stealth Rock
|move|p1a: Trevenant|Drain Punch|p2a: Toxicroak
|-resisted|p2a: Toxicroak
|-damage|p2a: Toxicroak|85/100
|-heal|p1a: Trevenant|99/100|[from] drain|[of] p2a: Toxicroak
|-damage|p1a: Trevenant|83/100|[from] item: Rocky Helmet|[of] p2a: Toxicroak
|
|-weather|RainDance|[upkeep]
|-heal|p2a: Toxicroak|98/100|[from] ability: Dry Skin
|-heal|p1a: Trevenant|90/100|[from] item: Leftovers
|upkeep
|turn|5
|
|t:|1758379141
|switch|p1a: Samurott|Samurott-Hisui, F|100/100
|-damage|p1a: Samurott|88/100|[from] Stealth Rock
|move|p2a: Toxicroak|Knock Off|p1a: Samurott
|-resisted|p1a: Samurott
|-damage|p1a: Samurott|72/100
|-enditem|p1a: Samurott|Choice Scarf|[from] move: Knock Off|[of] p2a: Toxicroak
|
|-weather|RainDance|[upkeep]
|-heal|p2a: Toxicroak|100/100|[from] ability: Dry Skin
|upkeep
|turn|6
|
|t:|1758379166
|move|p1a: Samurott|Aqua Cutter|p2a: Toxicroak
|-immune|p2a: Toxicroak|[from] ability: Dry Skin
|move|p2a: Toxicroak|Toxic|p1a: Samurott
|-status|p1a: Samurott|tox
|
|-weather|RainDance|[upkeep]
|-damage|p1a: Samurott|66/100 tox|[from] psn
|upkeep
|turn|7
|
|t:|1758379185
|move|p1a: Samurott|Sacred Sword|p2a: Toxicroak
|-resisted|p2a: Toxicroak
|-damage|p2a: Toxicroak|81/100
|-damage|p1a: Samurott|50/100 tox|[from] item: Rocky Helmet|[of] p2a: Toxicroak
|move|p2a: Toxicroak|Drain Punch|p1a: Samurott
|-supereffective|p1a: Samurott
|-damage|p1a: Samurott|0 fnt
|-heal|p2a: Toxicroak|100/100|[from] drain|[of] p1a: Samurott
|faint|p1a: Samurott
|
|-weather|RainDance|[upkeep]
|upkeep
|
|t:|1758379199
|switch|p1a: Scizor|Scizor, M|100/100
|-damage|p1a: Scizor|88/100|[from] Stealth Rock
|turn|8
|
|t:|1758379207
|move|p2a: Toxicroak|Drain Punch|p1a: Scizor
|-damage|p1a: Scizor|66/100
|move|p1a: Scizor|Iron Defense|p1a: Scizor
|-boost|p1a: Scizor|def|2
|
|-weather|none
|-heal|p1a: Scizor|72/100|[from] item: Leftovers
|upkeep
|turn|9
|
|t:|1758379215
|move|p2a: Toxicroak|Encore|p1a: Scizor
|-start|p1a: Scizor|Encore
|move|p1a: Scizor|Iron Defense|p1a: Scizor
|-boost|p1a: Scizor|def|2
|
|-heal|p1a: Scizor|78/100|[from] item: Leftovers
|upkeep
|turn|10
|
|t:|1758379224
|switch|p2a: Pelipper|Pelipper, F|88/100
|-damage|p2a: Pelipper|63/100|[from] Stealth Rock
|-weather|RainDance|[from] ability: Drizzle|[of] p2a: Pelipper
|move|p1a: Scizor|Iron Defense|p1a: Scizor
|-boost|p1a: Scizor|def|2
|
|-weather|RainDance|[upkeep]
|-heal|p1a: Scizor|84/100|[from] item: Leftovers
|upkeep
|turn|11
|
|t:|1758379248
|move|p1a: Scizor|Iron Defense|p1a: Scizor
|-boost|p1a: Scizor|def|0
|move|p2a: Pelipper|Hurricane|p1a: Scizor
|-damage|p1a: Scizor|48/100
|
|-weather|RainDance|[upkeep]
|-heal|p1a: Scizor|54/100|[from] item: Leftovers
|-end|p1a: Scizor|Encore
|upkeep
|turn|12
|inactive|Basquias312 has 120 seconds left.
|
|t:|1758379281
|move|p1a: Scizor|Swords Dance|p1a: Scizor
|-boost|p1a: Scizor|atk|2
|move|p2a: Pelipper|Hurricane|p1a: Scizor
|-damage|p1a: Scizor|17/100
|
|-weather|RainDance|[upkeep]
|-heal|p1a: Scizor|23/100|[from] item: Leftovers
|upkeep
|turn|13
|
|t:|1758379289
|move|p1a: Scizor|Bullet Punch|p2a: Pelipper
|-resisted|p2a: Pelipper
|-damage|p2a: Pelipper|36/100
|move|p2a: Pelipper|Hurricane|p1a: Scizor
|-damage|p1a: Scizor|0 fnt
|faint|p1a: Scizor
|
|-weather|RainDance|[upkeep]
|upkeep
|
|t:|1758379297
|switch|p1a: Banette|Banette, M|100/100
|-damage|p1a: Banette|88/100|[from] Stealth Rock
|turn|14
|
|t:|1758379301
|move|p1a: Banette|Shadow Sneak|p2a: Pelipper
|-damage|p2a: Pelipper|17/100
|move|p2a: Pelipper|Knock Off|p1a: Banette
|-supereffective|p1a: Banette
|-damage|p1a: Banette|43/100
|-enditem|p1a: Banette|Focus Sash|[from] move: Knock Off|[of] p2a: Pelipper
|
|-weather|RainDance|[upkeep]
|upkeep
|turn|15
|
|t:|1758379308
|move|p1a: Banette|Shadow Sneak|p2a: Pelipper
|-damage|p2a: Pelipper|0 fnt
|faint|p2a: Pelipper
|
|-weather|RainDance|[upkeep]
|upkeep
|inactive|Basquias312 has 120 seconds left.
|
|t:|1758379344
|switch|p2a: Barraskewda|Barraskewda, F|100/100
|-damage|p2a: Barraskewda|88/100|[from] Stealth Rock
|turn|16
|
|t:|1758379361
|move|p2a: Barraskewda|Liquidation|p1a: Banette
|-damage|p1a: Banette|0 fnt
|-start|p2a: Barraskewda|Disable|Liquidation|[from] ability: Cursed Body|[of] p1a: Banette
|faint|p1a: Banette
|
|-weather|RainDance|[upkeep]
|upkeep
|
|t:|1758379367
|switch|p1a: Trevenant|Trevenant, M|90/100
|-damage|p1a: Trevenant|77/100|[from] Stealth Rock
|turn|17
|
|t:|1758379374
|switch|p2a: Toxicroak|Toxicroak, F|100/100
|-damage|p2a: Toxicroak|94/100|[from] Stealth Rock
|move|p1a: Trevenant|Toxic|p2a: Toxicroak
|-immune|p2a: Toxicroak
|
|-weather|none
|-heal|p1a: Trevenant|83/100|[from] item: Leftovers
|upkeep
|turn|18
|
|t:|1758379384
|switch|p1a: Kingambit|Kingambit, M|100/100
|-damage|p1a: Kingambit|94/100|[from] Stealth Rock
|-activate|p1a: Kingambit|ability: Supreme Overlord
|-start|p1a: Kingambit|fallen3|[silent]
|move|p2a: Toxicroak|Toxic|p1a: Kingambit
|-immune|p1a: Kingambit
|
|upkeep
|turn|19
|
|t:|1758379398
|move|p2a: Toxicroak|Drain Punch|p1a: Kingambit
|-supereffective|p1a: Kingambit
|-damage|p1a: Kingambit|22/100
|-heal|p2a: Toxicroak|100/100|[from] drain|[of] p1a: Kingambit
|move|p1a: Kingambit|Iron Head|p2a: Toxicroak
|-damage|p2a: Toxicroak|51/100
|-damage|p1a: Kingambit|5/100|[from] item: Rocky Helmet|[of] p2a: Toxicroak
|
|upkeep
|turn|20
|
|t:|1758379411
|-end|p1a: Kingambit|fallen3|[silent]
|switch|p1a: Garchomp|Garchomp, M|91/100
|-damage|p1a: Garchomp|85/100|[from] Stealth Rock
|move|p2a: Toxicroak|Knock Off|p1a: Garchomp
|-damage|p1a: Garchomp|61/100
|-damage|p2a: Toxicroak|39/100|[from] ability: Rough Skin|[of] p1a: Garchomp
|-enditem|p1a: Garchomp|Life Orb|[from] move: Knock Off|[of] p2a: Toxicroak
|
|upkeep
|turn|21
|
|t:|1758379426
|move|p1a: Garchomp|Dragon Claw|p2a: Toxicroak
|-damage|p2a: Toxicroak|0 fnt
|-damage|p1a: Garchomp|44/100|[from] item: Rocky Helmet|[of] p2a: Toxicroak
|faint|p2a: Toxicroak
|
|upkeep
|
|t:|1758379430
|switch|p2a: Hatterene|Hatterene, F|100/100
|-damage|p2a: Hatterene|88/100|[from] Stealth Rock
|turn|22
|
|t:|1758379440
|switch|p1a: Trevenant|Trevenant, M|83/100
|-damage|p1a: Trevenant|71/100|[from] Stealth Rock
|move|p2a: Hatterene|Draining Kiss|p1a: Trevenant
|-damage|p1a: Trevenant|49/100
|-heal|p2a: Hatterene|100/100|[from] drain|[of] p1a: Trevenant
|
|-heal|p1a: Trevenant|56/100|[from] item: Leftovers
|upkeep
|turn|23
|
|t:|1758379452
|switch|p2a: Iron Treads|Iron Treads, tera:Normal|94/100 tox
|-damage|p2a: Iron Treads|82/100 tox|[from] Stealth Rock
|move|p1a: Trevenant|Knock Off|p2a: Iron Treads
|-damage|p2a: Iron Treads|64/100 tox
|-enditem|p2a: Iron Treads|Leftovers|[from] move: Knock Off|[of] p1a: Trevenant
|
|-heal|p1a: Trevenant|62/100|[from] item: Leftovers
|-damage|p2a: Iron Treads|58/100 tox|[from] psn
|upkeep
|turn|24
|
|t:|1758379461
|move|p1a: Trevenant|Protect|p1a: Trevenant
|-singleturn|p1a: Trevenant|Protect
|move|p2a: Iron Treads|Volt Switch|p1a: Trevenant
|-activate|p1a: Trevenant|move: Protect
|
|-heal|p1a: Trevenant|68/100|[from] item: Leftovers
|-damage|p2a: Iron Treads|46/100 tox|[from] psn
|upkeep
|turn|25
|
|t:|1758379470
|move|p2a: Iron Treads|Volt Switch|p1a: Trevenant
|-resisted|p1a: Trevenant
|-damage|p1a: Trevenant|63/100
|
|t:|1758379472
|-end|p2a: Iron Treads|Quark Drive|[silent]
|switch|p2a: Zapdos|Zapdos|100/100|[from] Volt Switch
|-damage|p2a: Zapdos|76/100|[from] Stealth Rock
|move|p1a: Trevenant|Drain Punch|p2a: Zapdos
|-resisted|p2a: Zapdos
|-damage|p2a: Zapdos|63/100
|-heal|p1a: Trevenant|68/100|[from] drain|[of] p2a: Zapdos
|
|-heal|p1a: Trevenant|74/100|[from] item: Leftovers
|upkeep
|turn|26
|
|t:|1758379497
|-terastallize|p1a: Trevenant|Ghost
|move|p2a: Zapdos|Hurricane|p1a: Trevenant|[miss]
|-miss|p2a: Zapdos|p1a: Trevenant
|move|p1a: Trevenant|Toxic|p2a: Zapdos
|-status|p2a: Zapdos|tox
|
|-heal|p1a: Trevenant|80/100|[from] item: Leftovers
|-damage|p2a: Zapdos|57/100 tox|[from] psn
|upkeep
|turn|27
|-message|Basquias312 forfeited.
|
|win|ScitherK
|raw|ScitherK's rating: 1055 &rarr; <strong>1090</strong><br />(+35 for winning)
|raw|Basquias312's rating: 1092 &rarr; <strong>1066</strong><br />(-26 for losing)
|l|☆Basquias312
|player|p2|
|l|☆ScitherK
|player|p1|
