|j|☆Reginald Chaos
|j|☆doctorrocket
|t:|1758342077
|gametype|singles
|player|p1|Reginald Chaos|170|1275
|player|p2|doctorrocket|scientist|1288
|gen|9
|tier|[Gen 9] OU
|rated|
|rule|HP Percentage Mod: HP is shown in percentages
|rule|Endless Battle Clause: Forcing endless battles is banned
|rule|Species Clause: Limit one of each Pokémon
|rule|OHKO Clause: OHKO moves are banned
|rule|Evasion Items Clause: Evasion items are banned
|rule|Evasion Moves Clause: Evasion moves are banned
|rule|Evasion Abilities Clause: Evasion abilities are banned
|rule|Sleep Moves Clause: Sleep-inducing moves are banned
|clearpoke
|poke|p1|Pelipper, F|
|poke|p1|Beartic, M|
|poke|p1|Barraskewda, M|
|poke|p1|Ogerpon-Wellspring, F|
|poke|p1|Zapdos|
|poke|p1|Hatterene, F|
|poke|p2|Kyurem|
|poke|p2|Garganacl, M|
|poke|p2|Kingambit, F|
|poke|p2|Raging Bolt|
|poke|p2|Ogerpon-Wellspring, F|
|poke|p2|Ribombee, M|
|teampreview
|inactive|Battle timer is ON: inactive players will automatically lose when time's up. (requested by doctorrocket)
|
|t:|1758342095
|teamsize|p1|6
|teamsize|p2|6
|start
|switch|p1a: Beartic|Beartic, M|100/100
|switch|p2a: Ogerpon|Ogerpon-Wellspring, F|100/100
|turn|1
|
|t:|1758342101
|move|p2a: Ogerpon|Ivy Cudgel|p1a: Beartic|[anim] Ivy Cudgel Water
|-damage|p1a: Beartic|33/100
|move|p1a: Beartic|Icicle Spear|p2a: Ogerpon
|-damage|p2a: Ogerpon|82/100
|-damage|p2a: Ogerpon|63/100
|-damage|p2a: Ogerpon|43/100
|-damage|p2a: Ogerpon|23/100
|-damage|p2a: Ogerpon|2/100
|-hitcount|p2a: Ogerpon|5
|
|upkeep
|turn|2
|
|t:|1758342121
|switch|p1a: Hatterene|Hatterene, F|100/100
|move|p2a: Ogerpon|Ivy Cudgel|p1a: Hatterene|[anim] Ivy Cudgel Water
|-damage|p1a: Hatterene|40/100
|-enditem|p1a: Hatterene|Eject Button
|
|t:|1758342125
|switch|p1a: Barraskewda|Barraskewda, M|100/100
|
|upkeep
|turn|3
|
|t:|1758342130
|switch|p2a: Kingambit|Kingambit, F|100/100
|move|p1a: Barraskewda|Poison Jab|p2a: Kingambit
|-immune|p2a: Kingambit
|
|upkeep
|turn|4
|
|t:|1758342135
|move|p1a: Barraskewda|Close Combat|p2a: Kingambit
|-supereffective|p2a: Kingambit
|-damage|p2a: Kingambit|0 fnt
|-unboost|p1a: Barraskewda|def|1
|-unboost|p1a: Barraskewda|spd|1
|faint|p2a: Kingambit
|-end|p2a: Kingambit|fallenundefined|[silent]
|
|upkeep
|
|t:|1758342142
|switch|p2a: Garganacl|Garganacl, M|100/100
|turn|5
|
|t:|1758342144
|-terastallize|p2a: Garganacl|Ghost
|move|p1a: Barraskewda|Flip Turn|p2a: Garganacl
|-damage|p2a: Garganacl|75/100
|
|t:|1758342154
|switch|p1a: Pelipper|Pelipper, F|100/100|[from] Flip Turn
|-weather|RainDance|[from] ability: Drizzle|[of] p1a: Pelipper
|move|p2a: Garganacl|Iron Defense|p2a: Garganacl
|-boost|p2a: Garganacl|def|2
|
|-weather|RainDance|[upkeep]
|-heal|p2a: Garganacl|81/100|[from] item: Leftovers
|upkeep
|turn|6
|
|t:|1758342162
|move|p1a: Pelipper|Surf|p2a: Garganacl
|-damage|p2a: Garganacl|46/100
|move|p2a: Garganacl|Recover|p2a: Garganacl
|-heal|p2a: Garganacl|96/100
|
|-weather|RainDance|[upkeep]
|-heal|p2a: Garganacl|100/100|[from] item: Leftovers
|upkeep
|turn|7
|
|t:|1758342167
|move|p1a: Pelipper|U-turn|p2a: Garganacl
|-resisted|p2a: Garganacl
|-damage|p2a: Garganacl|99/100
|
|t:|1758342174
|switch|p1a: Ogerpon|Ogerpon-Wellspring, F|100/100|[from] U-turn
|move|p2a: Garganacl|Salt Cure|p1a: Ogerpon
|-damage|p1a: Ogerpon|82/100
|-start|p1a: Ogerpon|Salt Cure
|
|-weather|RainDance|[upkeep]
|-heal|p2a: Garganacl|100/100|[from] item: Leftovers
|-damage|p1a: Ogerpon|57/100|[from] Salt Cure
|upkeep
|turn|8
|
|t:|1758342184
|-terastallize|p1a: Ogerpon|Water
|detailschange|p1a: Ogerpon|Ogerpon-Wellspring-Tera, F, tera:Water
|-ability|p1a: Ogerpon|Embody Aspect (Wellspring)|boost
|-boost|p1a: Ogerpon|spd|1
|move|p1a: Ogerpon|Ivy Cudgel|p2a: Garganacl|[anim] Ivy Cudgel Water
|-damage|p2a: Garganacl|63/100
|move|p2a: Garganacl|Body Press|p1a: Ogerpon
|-damage|p1a: Ogerpon|0 fnt
|faint|p1a: Ogerpon
|detailschange|p1: Ogerpon|Ogerpon-Wellspring, F|[silent]
|
|-weather|RainDance|[upkeep]
|-heal|p2a: Garganacl|69/100|[from] item: Leftovers
|upkeep
|
|t:|1758342196
|switch|p1a: Zapdos|Zapdos|100/100
|turn|9
|
|t:|1758342199
|move|p1a: Zapdos|Thunder|p2a: Garganacl
|-damage|p2a: Garganacl|29/100
|move|p2a: Garganacl|Recover|p2a: Garganacl
|-heal|p2a: Garganacl|79/100
|
|-weather|RainDance|[upkeep]
|-heal|p2a: Garganacl|86/100|[from] item: Leftovers
|upkeep
|turn|10
|
|t:|1758342204
|move|p1a: Zapdos|Thunder|p2a: Garganacl
|-damage|p2a: Garganacl|47/100
|move|p2a: Garganacl|Salt Cure|p1a: Zapdos
|-supereffective|p1a: Zapdos
|-damage|p1a: Zapdos|68/100
|-start|p1a: Zapdos|Salt Cure
|
|-weather|RainDance|[upkeep]
|-heal|p2a: Garganacl|53/100|[from] item: Leftovers
|-damage|p1a: Zapdos|56/100|[from] Salt Cure
|upkeep
|turn|11
|
|t:|1758342213
|move|p1a: Zapdos|Volt Switch|p2a: Garganacl
|-damage|p2a: Garganacl|28/100
|
|t:|1758342221
|switch|p1a: Hatterene|Hatterene, F|40/100|[from] Volt Switch
|move|p2a: Garganacl|Recover|p2a: Garganacl
|-heal|p2a: Garganacl|78/100
|
|-weather|RainDance|[upkeep]
|-heal|p2a: Garganacl|85/100|[from] item: Leftovers
|upkeep
|turn|12
|
|t:|1758342224
|move|p2a: Garganacl|Salt Cure|p1a: Hatterene
|-crit|p1a: Hatterene
|-damage|p1a: Hatterene|17/100
|-start|p1a: Hatterene|Salt Cure
|move|p1a: Hatterene|Psychic Noise|p2a: Garganacl
|-damage|p2a: Garganacl|60/100
|-start|p2a: Garganacl|move: Heal Block
|
|-weather|none
|-damage|p1a: Hatterene|4/100|[from] Salt Cure
|upkeep
|turn|13
|
|t:|1758342229
|move|p2a: Garganacl|Salt Cure|p1a: Hatterene
|-damage|p1a: Hatterene|0 fnt
|faint|p1a: Hatterene
|
|-end|p2a: Garganacl|move: Heal Block
|upkeep
|-message|Reginald Chaos forfeited.
|
|win|doctorrocket
|raw|Reginald Chaos's rating: 1275 &rarr; <strong>1251</strong><br />(-24 for losing)
|raw|doctorrocket's rating: 1288 &rarr; <strong>1312</strong><br />(+24 for winning)
|l|☆Reginald Chaos
|player|p1|
|l|☆doctorrocket
|player|p2|
