|j|☆Aionzo000
|j|☆GFYSYDAR
|t:|1758298822
|gametype|singles
|player|p1|Aionzo000|will|1320
|player|p2|GFYSYDAR|scientist-gen4dp|1278
|gen|9
|tier|[Gen 9] OU
|rated|
|rule|HP Percentage Mod: HP is shown in percentages
|rule|Endless Battle Clause: Forcing endless battles is banned
|rule|Species Clause: Limit one of each Pokémon
|rule|OHKO Clause: OHKO moves are banned
|rule|Evasion Items Clause: Evasion items are banned
|rule|Evasion Moves Clause: Evasion moves are banned
|rule|Evasion Abilities Clause: Evasion abilities are banned
|rule|Sleep Moves Clause: Sleep-inducing moves are banned
|clearpoke
|poke|p1|Iron Moth|
|poke|p1|Kingambit, F|
|poke|p1|Dragonite, F|
|poke|p1|Ogerpon-Cornerstone, F|
|poke|p1|Iron Valiant|
|poke|p1|Raging Bolt|
|poke|p2|Electrode-Hisui|
|poke|p2|Gallade, M|
|poke|p2|Slowking-Galar, M|
|poke|p2|Alomomola, M|
|poke|p2|Great Tusk|
|poke|p2|Landorus-Therian, M|
|teampreview
|inactive|Battle timer is ON: inactive players will automatically lose when time's up. (requested by Aionzo000)
|
|t:|1758298830
|teamsize|p1|6
|teamsize|p2|6
|start
|switch|p1a: Ogerpon|Ogerpon-Cornerstone, F|100/100
|switch|p2a: Landorus|Landorus-Therian, M|100/100
|-ability|p2a: Landorus|Intimidate|boost
|-unboost|p1a: Ogerpon|atk|1
|turn|1
|
|t:|1758298838
|move|p1a: Ogerpon|Swords Dance|p1a: Ogerpon
|-boost|p1a: Ogerpon|atk|2
|move|p2a: Landorus|Stealth Rock|p1a: Ogerpon
|-sidestart|p1: Aionzo000|move: Stealth Rock
|
|upkeep
|turn|2
|
|t:|1758298856
|move|p1a: Ogerpon|Ivy Cudgel|p2a: Landorus|[anim] Ivy Cudgel Rock
|-damage|p2a: Landorus|43/100
|move|p2a: Landorus|U-turn|p1a: Ogerpon
|-supereffective|p1a: Ogerpon
|-damage|p1a: Ogerpon|43/100
|
|t:|1758298864
|switch|p2a: Electrode|Electrode-Hisui, shiny|100/100|[from] U-turn
|
|upkeep
|turn|3
|l|☆GFYSYDAR
|inactive|GFYSYDAR disconnected and has a minute to reconnect!
|player|p2|
|
|t:|1758298893
|move|p2a: Electrode|Leaf Storm|p1a: Ogerpon
|-damage|p1a: Ogerpon|0 fnt
|-unboost|p2a: Electrode|spa|2
|faint|p1a: Ogerpon
|
|upkeep
|
|t:|1758298900
|switch|p1a: Dragonite|Dragonite, F|100/100
|turn|4
|j|☆GFYSYDAR
|inactive|GFYSYDAR reconnected and has 130 seconds left.
|player|p2|GFYSYDAR|scientist-gen4dp|
|
|t:|1758298927
|switch|p2a: Landorus|Landorus-Therian, M|43/100
|-ability|p2a: Landorus|Intimidate|boost
|-unboost|p1a: Dragonite|atk|1
|move|p1a: Dragonite|Dragon Dance|p1a: Dragonite
|-boost|p1a: Dragonite|atk|1
|-boost|p1a: Dragonite|spe|1
|
|upkeep
|turn|5
|
|t:|1758298935
|move|p1a: Dragonite|Dragon Dance|p1a: Dragonite
|-boost|p1a: Dragonite|atk|1
|-boost|p1a: Dragonite|spe|1
|move|p2a: Landorus|U-turn|p1a: Dragonite
|-resisted|p1a: Dragonite
|-damage|p1a: Dragonite|94/100
|
|t:|1758298941
|switch|p2a: Great Tusk|Great Tusk|100/100|[from] U-turn
|
|upkeep
|turn|6
|
|t:|1758298946
|-end|p2a: Great Tusk|Protosynthesis|[silent]
|switch|p2a: Landorus|Landorus-Therian, M|43/100
|-ability|p2a: Landorus|Intimidate|boost
|-unboost|p1a: Dragonite|atk|1
|-terastallize|p1a: Dragonite|Flying
|move|p1a: Dragonite|Tera Blast|p2a: Landorus|[anim] Tera Blast Flying
|-damage|p2a: Landorus|1/100
|
|upkeep
|turn|7
|
|t:|1758298956
|switch|p2a: Alomomola|Alomomola, M, shiny|100/100
|move|p1a: Dragonite|Dragon Dance|p1a: Dragonite
|-boost|p1a: Dragonite|atk|1
|-boost|p1a: Dragonite|spe|1
|
|upkeep
|turn|8
|
|t:|1758298966
|move|p1a: Dragonite|Dragon Dance|p1a: Dragonite
|-boost|p1a: Dragonite|atk|1
|-boost|p1a: Dragonite|spe|1
|move|p2a: Alomomola|Body Slam|p1a: Dragonite
|-damage|p1a: Dragonite|76/100
|
|upkeep
|turn|9
|
|t:|1758298975
|move|p1a: Dragonite|Tera Blast|p2a: Alomomola|[anim] Tera Blast Flying
|-damage|p2a: Alomomola|32/100
|move|p2a: Alomomola|Body Slam|p1a: Dragonite
|-damage|p1a: Dragonite|59/100
|-status|p1a: Dragonite|par
|
|upkeep
|turn|10
|
|t:|1758298984
|switch|p2a: Landorus|Landorus-Therian, M|1/100
|-ability|p2a: Landorus|Intimidate|boost
|-unboost|p1a: Dragonite|atk|1
|cant|p1a: Dragonite|par
|
|upkeep
|turn|11
|
|t:|1758298991
|move|p1a: Dragonite|Tera Blast|p2a: Landorus|[anim] Tera Blast Flying
|-damage|p2a: Landorus|0 fnt
|faint|p2a: Landorus
|
|upkeep
|
|t:|1758298996
|switch|p2a: Electrode|Electrode-Hisui, shiny|100/100
|turn|12
|
|t:|1758299000
|move|p2a: Electrode|Volt Switch|p1a: Dragonite
|-supereffective|p1a: Dragonite
|-damage|p1a: Dragonite|0 fnt
|faint|p1a: Dragonite
|
|t:|1758299012
|switch|p2a: Gallade|Gallade, M, shiny|100/100|[from] Volt Switch
|
|upkeep
|
|t:|1758299016
|switch|p1a: Iron Moth|Iron Moth|100/100
|-damage|p1a: Iron Moth|76/100|[from] Stealth Rock
|-enditem|p1a: Iron Moth|Booster Energy
|-activate|p1a: Iron Moth|ability: Quark Drive|[fromitem]
|-start|p1a: Iron Moth|quarkdrivespe
|turn|13
|
|t:|1758299024
|move|p1a: Iron Moth|Fiery Dance|p2a: Gallade
|-damage|p2a: Gallade|57/100
|-boost|p1a: Iron Moth|spa|1
|move|p2a: Gallade|Psycho Cut|p1a: Iron Moth
|-supereffective|p1a: Iron Moth
|-damage|p1a: Iron Moth|0 fnt
|faint|p1a: Iron Moth
|-end|p1a: Iron Moth|Quark Drive|[silent]
|
|upkeep
|
|t:|1758299031
|switch|p1a: Iron Valiant|Iron Valiant|100/100
|-damage|p1a: Iron Valiant|94/100|[from] Stealth Rock
|-enditem|p1a: Iron Valiant|Booster Energy
|-activate|p1a: Iron Valiant|ability: Quark Drive|[fromitem]
|-start|p1a: Iron Valiant|quarkdrivespe
|turn|14
|
|t:|1758299050
|-terastallize|p2a: Gallade|Poison
|move|p1a: Iron Valiant|Knock Off|p2a: Gallade
|-damage|p2a: Gallade|0 fnt
|-enditem|p2a: Gallade|Choice Band|[from] move: Knock Off|[of] p1a: Iron Valiant
|faint|p2a: Gallade
|
|upkeep
|
|t:|1758299057
|switch|p2a: Slowking|Slowking-Galar, M|100/100
|turn|15
|
|t:|1758299060
|move|p1a: Iron Valiant|Knock Off|p2a: Slowking
|-supereffective|p2a: Slowking
|-damage|p2a: Slowking|32/100
|-enditem|p2a: Slowking|Heavy-Duty Boots|[from] move: Knock Off|[of] p1a: Iron Valiant
|move|p2a: Slowking|Sludge Bomb|p1a: Iron Valiant
|-supereffective|p1a: Iron Valiant
|-damage|p1a: Iron Valiant|0 fnt
|faint|p1a: Iron Valiant
|-end|p1a: Iron Valiant|Quark Drive|[silent]
|
|upkeep
|
|t:|1758299068
|switch|p1a: Raging Bolt|Raging Bolt|100/100
|-damage|p1a: Raging Bolt|88/100|[from] Stealth Rock
|-enditem|p1a: Raging Bolt|Booster Energy
|-activate|p1a: Raging Bolt|ability: Protosynthesis|[fromitem]
|-start|p1a: Raging Bolt|protosynthesisspa
|turn|16
|
|t:|1758299079
|move|p1a: Raging Bolt|Calm Mind|p1a: Raging Bolt
|-boost|p1a: Raging Bolt|spa|1
|-boost|p1a: Raging Bolt|spd|1
|move|p2a: Slowking|Toxic|p1a: Raging Bolt
|-status|p1a: Raging Bolt|tox
|
|-damage|p1a: Raging Bolt|82/100 tox|[from] psn
|upkeep
|turn|17
|c|☆GFYSYDAR|Gg
|
|t:|1758299089
|move|p1a: Raging Bolt|Dragon Pulse|p2a: Slowking
|-damage|p2a: Slowking|0 fnt
|faint|p2a: Slowking
|
|-damage|p1a: Raging Bolt|70/100 tox|[from] psn
|upkeep
|
|t:|1758299095
|switch|p2a: Great Tusk|Great Tusk|100/100
|turn|18
|
|t:|1758299099
|move|p2a: Great Tusk|Headlong Rush|p1a: Raging Bolt
|-supereffective|p1a: Raging Bolt
|-damage|p1a: Raging Bolt|0 fnt
|-unboost|p2a: Great Tusk|def|1
|-unboost|p2a: Great Tusk|spd|1
|faint|p1a: Raging Bolt
|-end|p1a: Raging Bolt|Protosynthesis|[silent]
|
|upkeep
|
|t:|1758299102
|switch|p1a: Kingambit|Kingambit, F|100/100
|-damage|p1a: Kingambit|94/100|[from] Stealth Rock
|-activate|p1a: Kingambit|ability: Supreme Overlord
|-start|p1a: Kingambit|fallen5|[silent]
|turn|19
|
|t:|1758299111
|move|p2a: Great Tusk|Headlong Rush|p1a: Kingambit
|-supereffective|p1a: Kingambit
|-damage|p1a: Kingambit|0 fnt
|-unboost|p2a: Great Tusk|def|1
|-unboost|p2a: Great Tusk|spd|1
|faint|p1a: Kingambit
|-end|p1a: Kingambit|fallen5|[silent]
|
|win|GFYSYDAR
|raw|Aionzo000's rating: 1320 &rarr; <strong>1298</strong><br />(-22 for losing)
|raw|GFYSYDAR's rating: 1278 &rarr; <strong>1306</strong><br />(+28 for winning)
|l|☆Aionzo000
|player|p1|
|l|☆GFYSYDAR
|player|p2|
