|j|☆WithVadehors
|j|☆mathismathin
|t:|1758248952
|gametype|singles
|player|p1|WithVadehors|elesa-masters2|1598
|player|p2|mathismathin|hilbert|1707
|gen|9
|tier|[Gen 9] OU
|rated|
|rule|HP Percentage Mod: HP is shown in percentages
|rule|Endless Battle Clause: Forcing endless battles is banned
|rule|Species Clause: Limit one of each Pokémon
|rule|OHKO Clause: OHKO moves are banned
|rule|Evasion Items Clause: Evasion items are banned
|rule|Evasion Moves Clause: Evasion moves are banned
|rule|Evasion Abilities Clause: Evasion abilities are banned
|rule|Sleep Moves Clause: Sleep-inducing moves are banned
|clearpoke
|poke|p1|Pelipper, F|
|poke|p1|Hydrapple, F|
|poke|p1|Iron Treads|
|poke|p1|Dragapult, F|
|poke|p1|Alomomola, L99, M|
|poke|p1|Iron Crown|
|poke|p2|Hatterene, F|
|poke|p2|Zapdos|
|poke|p2|Gholdengo|
|poke|p2|Great Tusk|
|poke|p2|Samurott-Hisui, F|
|poke|p2|Zamazenta-*|
|teampreview
|
|t:|1758248962
|teamsize|p1|6
|teamsize|p2|6
|start
|switch|p1a: Pel y pleut|Pelipper, F|100/100
|switch|p2a: Samurott|Samurott-Hisui, F|100/100
|-weather|RainDance|[from] ability: Drizzle|[of] p1a: Pel y pleut
|turn|1
|j| HBooks
|
|t:|1758248981
|switch|p1a: Hydrapple|Hydrapple, F|100/100
|move|p2a: Samurott|Ceaseless Edge|p1a: Hydrapple
|-damage|p1a: Hydrapple|74/100
|-sidestart|p1: WithVadehors|Spikes
|
|-weather|RainDance|[upkeep]
|upkeep
|turn|2
|
|t:|1758248987
|switch|p2a: Zapdos|Zapdos|100/100
|move|p1a: Hydrapple|Giga Drain|p2a: Zapdos
|-resisted|p2a: Zapdos
|-damage|p2a: Zapdos|88/100
|-heal|p1a: Hydrapple|80/100|[from] drain|[of] p2a: Zapdos
|
|-weather|RainDance|[upkeep]
|-heal|p2a: Zapdos|94/100|[from] item: Leftovers
|upkeep
|turn|3
|
|t:|1758248992
|switch|p1a: Alomomola|Alomomola, L99, M|100/100
|-damage|p1a: Alomomola|88/100|[from] Spikes
|move|p2a: Zapdos|Weather Ball|p1a: Alomomola
|-resisted|p1a: Alomomola
|-damage|p1a: Alomomola|75/100
|
|-weather|RainDance|[upkeep]
|-heal|p2a: Zapdos|99/100|[from] item: Leftovers
|upkeep
|turn|4
|
|t:|1758248996
|switch|p2a: Samurott|Samurott-Hisui, F|100/100
|move|p1a: Alomomola|Mirror Coat||[still]
|-fail|p1a: Alomomola
|
|-weather|RainDance|[upkeep]
|upkeep
|turn|5
|
|t:|1758249000
|move|p2a: Samurott|Knock Off|p1a: Alomomola
|-damage|p1a: Alomomola|43/100
|-enditem|p1a: Alomomola|Assault Vest|[from] move: Knock Off|[of] p2a: Samurott
|move|p1a: Alomomola|Play Rough|p2a: Samurott|[miss]
|-miss|p1a: Alomomola|p2a: Samurott
|
|-weather|none
|upkeep
|turn|6
|
|t:|1758249009
|move|p2a: Samurott|Knock Off|p1a: Alomomola
|-damage|p1a: Alomomola|23/100
|move|p1a: Alomomola|Flip Turn|p2a: Samurott
|-resisted|p2a: Samurott
|-damage|p2a: Samurott|91/100
|
|t:|1758249024
|switch|p1a: Iron Crown|Iron Crown|100/100|[from] Flip Turn
|-damage|p1a: Iron Crown|88/100|[from] Spikes
|
|upkeep
|turn|7
|
|t:|1758249048
|move|p2a: Samurott|Knock Off|p1a: Iron Crown
|-supereffective|p1a: Iron Crown
|-damage|p1a: Iron Crown|0 fnt
|-enditem|p1a: Iron Crown|Choice Scarf|[from] move: Knock Off|[of] p2a: Samurott
|faint|p1a: Iron Crown
|-end|p1a: Iron Crown|Quark Drive|[silent]
|
|upkeep
|-message|WithVadehors forfeited.
|
|win|mathismathin
|raw|WithVadehors's rating: 1598 &rarr; <strong>1584</strong><br />(-14 for losing)
|raw|mathismathin's rating: 1707 &rarr; <strong>1721</strong><br />(+14 for winning)
|l|☆WithVadehors
|player|p1|
|l| HBooks
