|j|☆TheForgottenRanker
|j|☆wgw2333
|t:|1758255241
|gametype|singles
|player|p1|TheForgottenRanker|roy|1205
|player|p2|wgw2333|102|1251
|gen|9
|tier|[Gen 9] OU
|rated|
|rule|HP Percentage Mod: HP is shown in percentages
|rule|Endless Battle Clause: Forcing endless battles is banned
|rule|Species Clause: Limit one of each Pokémon
|rule|OHKO Clause: OHKO moves are banned
|rule|Evasion Items Clause: Evasion items are banned
|rule|Evasion Moves Clause: Evasion moves are banned
|rule|Evasion Abilities Clause: Evasion abilities are banned
|rule|Sleep Moves Clause: Sleep-inducing moves are banned
|clearpoke
|poke|p1|Zoroark-Hisui, M|
|poke|p1|Vaporeon, F|
|poke|p1|Infernape, M|
|poke|p1|Wo-Chien|
|poke|p1|Zapdos|
|poke|p1|Iron Crown|
|poke|p2|Ninetales-Alola, M|
|poke|p2|Polteageist|
|poke|p2|Serperior, M|
|poke|p2|Cinderace, F|
|poke|p2|Dragapult, F|
|poke|p2|Deoxys-Defense|
|teampreview
|
|t:|1758255279
|teamsize|p1|6
|teamsize|p2|6
|start
|switch|p1a: Infernape|Infernape, M, shiny|100/100
|switch|p2a: Ninetales|Ninetales-Alola, M|100/100
|-weather|Snowscape|[from] ability: Snow Warning|[of] p2a: Ninetales
|turn|1
|inactive|Battle timer is ON: inactive players will automatically lose when time's up. (requested by TheForgottenRanker)
|
|t:|1758255296
|move|p1a: Infernape|Stealth Rock|p2a: Ninetales
|-sidestart|p2: wgw2333|move: Stealth Rock
|move|p2a: Ninetales|Aurora Veil|p2a: Ninetales
|-sidestart|p2: wgw2333|move: Aurora Veil
|
|-weather|Snowscape|[upkeep]
|upkeep
|turn|2
|
|t:|1758255311
|switch|p2a: Deoxys|Deoxys-Defense|100/100
|-ability|p2a: Deoxys|Pressure
|move|p1a: Infernape|Fire Punch|p2a: Deoxys
|-damage|p2a: Deoxys|89/100
|
|-weather|Snowscape|[upkeep]
|upkeep
|turn|3
|
|t:|1758255323
|switch|p1a: Wo-Chien|Wo-Chien|100/100
|-ability|p1a: Wo-Chien|Tablets of Ruin
|move|p2a: Deoxys|Calm Mind|p2a: Deoxys
|-boost|p2a: Deoxys|spa|1
|-boost|p2a: Deoxys|spd|1
|
|-weather|Snowscape|[upkeep]
|upkeep
|turn|4
|
|t:|1758255337
|move|p2a: Deoxys|Ice Beam|p1a: Wo-Chien
|-supereffective|p1a: Wo-Chien
|-damage|p1a: Wo-Chien|72/100
|move|p1a: Wo-Chien|Taunt|p2a: Deoxys
|-start|p2a: Deoxys|move: Taunt
|
|-weather|Snowscape|[upkeep]
|-heal|p1a: Wo-Chien|78/100|[from] item: Leftovers
|upkeep
|turn|5
|
|t:|1758255345
|move|p2a: Deoxys|Ice Beam|p1a: Wo-Chien
|-supereffective|p1a: Wo-Chien
|-damage|p1a: Wo-Chien|52/100
|move|p1a: Wo-Chien|Leech Seed|p2a: Deoxys
|-start|p2a: Deoxys|move: Leech Seed
|
|-weather|none
|-heal|p1a: Wo-Chien|58/100|[from] item: Leftovers
|-damage|p2a: Deoxys|76/100|[from] Leech Seed|[of] p1a: Wo-Chien
|-heal|p1a: Wo-Chien|68/100|[silent]
|upkeep
|turn|6
|
|t:|1758255374
|switch|p2a: Serperior|Serperior, M|100/100
|-damage|p2a: Serperior|88/100|[from] Stealth Rock
|move|p1a: Wo-Chien|Ruination|p2a: Serperior
|-damage|p2a: Serperior|44/100
|
|-heal|p2a: Serperior|51/100|[from] item: Leftovers
|-heal|p1a: Wo-Chien|74/100|[from] item: Leftovers
|upkeep
|turn|7
|
|t:|1758255391
|switch|p1a: Zapdos|Zapdos, shiny|100/100
|move|p2a: Serperior|Glare|p1a: Zapdos
|-immune|p1a: Zapdos
|
|-heal|p2a: Serperior|57/100|[from] item: Leftovers
|upkeep
|turn|8
|inactive|wgw2333 has 120 seconds left.
|
|t:|1758255429
|switch|p2a: Polteageist|Polteageist|100/100
|-damage|p2a: Polteageist|88/100|[from] Stealth Rock
|move|p1a: Zapdos|Hurricane|p2a: Polteageist|[miss]
|-miss|p1a: Zapdos|p2a: Polteageist
|
|-sideend|p2: wgw2333|move: Aurora Veil
|upkeep
|turn|9
|
|t:|1758255438
|switch|p2a: Ninetales|Ninetales-Alola, M|100/100
|-damage|p2a: Ninetales|76/100|[from] Stealth Rock
|-weather|Snowscape|[from] ability: Snow Warning|[of] p2a: Ninetales
|move|p1a: Zapdos|Hurricane|p2a: Ninetales
|-damage|p2a: Ninetales|32/100
|
|-weather|Snowscape|[upkeep]
|upkeep
|turn|10
|inactive|TheForgottenRanker has 120 seconds left.
|
|t:|1758255478
|move|p1a: Zapdos|Thunderbolt|p2a: Ninetales
|-damage|p2a: Ninetales|0 fnt
|faint|p2a: Ninetales
|
|-weather|Snowscape|[upkeep]
|upkeep
|
|t:|1758255498
|switch|p2a: Deoxys|Deoxys-Defense|76/100
|-ability|p2a: Deoxys|Pressure
|turn|11
|
|t:|1758255503
|move|p1a: Zapdos|Volt Switch|p2a: Deoxys
|-damage|p2a: Deoxys|51/100
|
|t:|1758255508
|switch|p1a: Vaporeon|Vaporeon, F|100/100|[from] Volt Switch
|move|p2a: Deoxys|Ice Beam|p1a: Vaporeon
|-resisted|p1a: Vaporeon
|-damage|p1a: Vaporeon|93/100
|
|-weather|Snowscape|[upkeep]
|upkeep
|turn|12
|inactive|wgw2333 has 120 seconds left.
|
|t:|1758255520
|move|p2a: Deoxys|Recover|p2a: Deoxys
|-heal|p2a: Deoxys|100/100
|move|p1a: Vaporeon|Calm Mind|p1a: Vaporeon
|-boost|p1a: Vaporeon|spa|1
|-boost|p1a: Vaporeon|spd|1
|
|-weather|Snowscape|[upkeep]
|upkeep
|turn|13
|
|t:|1758255531
|move|p2a: Deoxys|Calm Mind|p2a: Deoxys
|-boost|p2a: Deoxys|spa|1
|-boost|p2a: Deoxys|spd|1
|move|p1a: Vaporeon|Calm Mind|p1a: Vaporeon
|-boost|p1a: Vaporeon|spa|1
|-boost|p1a: Vaporeon|spd|1
|
|-weather|none
|upkeep
|turn|14
|
|t:|1758255538
|move|p2a: Deoxys|Calm Mind|p2a: Deoxys
|-boost|p2a: Deoxys|spa|1
|-boost|p2a: Deoxys|spd|1
|move|p1a: Vaporeon|Alluring Voice|p2a: Deoxys
|-damage|p2a: Deoxys|83/100
|-start|p2a: Deoxys|confusion
|
|upkeep
|turn|15
|
|t:|1758255548
|-activate|p2a: Deoxys|confusion
|-damage|p2a: Deoxys|80/100|[from] confusion
|move|p1a: Vaporeon|Scald|p2a: Deoxys
|-damage|p2a: Deoxys|50/100
|
|upkeep
|turn|16
|
|t:|1758255557
|-activate|p2a: Deoxys|confusion
|move|p2a: Deoxys|Recover|p2a: Deoxys
|-heal|p2a: Deoxys|99/100
|move|p1a: Vaporeon|Scald|p2a: Deoxys
|-damage|p2a: Deoxys|73/100
|
|upkeep
|turn|17
|
|t:|1758255564
|-end|p2a: Deoxys|confusion
|move|p2a: Deoxys|Calm Mind|p2a: Deoxys
|-boost|p2a: Deoxys|spa|1
|-boost|p2a: Deoxys|spd|1
|move|p1a: Vaporeon|Scald|p2a: Deoxys
|-damage|p2a: Deoxys|50/100
|
|upkeep
|turn|18
|
|t:|1758255572
|move|p2a: Deoxys|Thunderbolt|p1a: Vaporeon
|-supereffective|p1a: Vaporeon
|-damage|p1a: Vaporeon|61/100
|move|p1a: Vaporeon|Alluring Voice|p2a: Deoxys
|-damage|p2a: Deoxys|35/100
|
|upkeep
|turn|19
|
|t:|1758255580
|move|p2a: Deoxys|Recover|p2a: Deoxys
|-heal|p2a: Deoxys|85/100
|move|p1a: Vaporeon|Scald|p2a: Deoxys
|-damage|p2a: Deoxys|63/100
|
|upkeep
|turn|20
|
|t:|1758255587
|switch|p1a: Wo-Chien|Wo-Chien|74/100
|-ability|p1a: Wo-Chien|Tablets of Ruin
|move|p2a: Deoxys|Calm Mind|p2a: Deoxys
|-boost|p2a: Deoxys|spa|1
|-boost|p2a: Deoxys|spd|1
|
|-heal|p1a: Wo-Chien|80/100|[from] item: Leftovers
|upkeep
|turn|21
|
|t:|1758255601
|-terastallize|p2a: Deoxys|Steel
|-terastallize|p1a: Wo-Chien|Dark
|move|p2a: Deoxys|Ice Beam|p1a: Wo-Chien
|-damage|p1a: Wo-Chien|51/100
|move|p1a: Wo-Chien|Leech Seed|p2a: Deoxys
|-start|p2a: Deoxys|move: Leech Seed
|
|-heal|p1a: Wo-Chien|57/100|[from] item: Leftovers
|-damage|p2a: Deoxys|51/100|[from] Leech Seed|[of] p1a: Wo-Chien
|-heal|p1a: Wo-Chien|67/100|[silent]
|upkeep
|turn|22
|inactive|wgw2333 has 120 seconds left.
|c|☆TheForgottenRanker|Idk what exactly that tera was for but ty for the waste
|
|t:|1758255635
|switch|p2a: Serperior|Serperior, M|57/100
|-damage|p2a: Serperior|44/100|[from] Stealth Rock
|move|p1a: Wo-Chien|Stun Spore|p2a: Serperior
|-immune|p2a: Serperior
|
|-heal|p2a: Serperior|51/100|[from] item: Leftovers
|-heal|p1a: Wo-Chien|73/100|[from] item: Leftovers
|upkeep
|turn|23
|
|t:|1758255645
|switch|p1a: Zapdos|Zapdos, shiny|100/100
|move|p2a: Serperior|Leaf Storm|p1a: Zapdos
|-resisted|p1a: Zapdos
|-damage|p1a: Zapdos|77/100
|-boost|p2a: Serperior|spa|2
|
|-heal|p2a: Serperior|57/100|[from] item: Leftovers
|upkeep
|turn|24
|inactive|wgw2333 has 120 seconds left.
|
|t:|1758255660
|move|p2a: Serperior|Substitute|p2a: Serperior
|-start|p2a: Serperior|Substitute
|-damage|p2a: Serperior|32/100
|move|p1a: Zapdos|Heat Wave|p2a: Serperior
|-supereffective|p2a: Serperior
|-end|p2a: Serperior|Substitute
|
|-heal|p2a: Serperior|38/100|[from] item: Leftovers
|upkeep
|turn|25
|inactive|wgw2333 has 120 seconds left.
|inactive|wgw2333 has 90 seconds left.
|
|t:|1758255701
|switch|p2a: Polteageist|Polteageist|88/100
|-damage|p2a: Polteageist|76/100|[from] Stealth Rock
|move|p1a: Zapdos|Heat Wave|p2a: Polteageist|[miss]
|-miss|p1a: Zapdos|p2a: Polteageist
|
|upkeep
|turn|26
|
|t:|1758255719
|move|p1a: Zapdos|Thunderbolt|p2a: Polteageist
|-damage|p2a: Polteageist|29/100
|move|p2a: Polteageist|Shell Smash|p2a: Polteageist
|-unboost|p2a: Polteageist|def|1
|-unboost|p2a: Polteageist|spd|1
|-boost|p2a: Polteageist|atk|2
|-boost|p2a: Polteageist|spa|2
|-boost|p2a: Polteageist|spe|2
|-enditem|p2a: Polteageist|White Herb
|-clearnegativeboost|p2a: Polteageist|[silent]
|
|upkeep
|turn|27
|
|t:|1758255731
|move|p2a: Polteageist|Strength Sap|p1a: Zapdos
|-unboost|p1a: Zapdos|atk|1
|-heal|p2a: Polteageist|80/100
|move|p1a: Zapdos|Thunderbolt|p2a: Polteageist
|-damage|p2a: Polteageist|36/100
|-start|p1a: Zapdos|Disable|Thunderbolt|[from] ability: Cursed Body|[of] p2a: Polteageist
|
|upkeep
|turn|28
|
|t:|1758255742
|move|p2a: Polteageist|Shadow Ball|p1a: Zapdos
|-damage|p1a: Zapdos|0 fnt
|faint|p1a: Zapdos
|
|upkeep
|
|t:|1758255764
|switch|p1a: Infernape|Infernape, M, shiny|100/100
|turn|29
|
|t:|1758255777
|move|p2a: Polteageist|Shadow Ball|p1a: Infernape
|-crit|p1a: Infernape
|-enditem|p1a: Infernape|Focus Sash
|-damage|p1a: Infernape|1/100
|move|p1a: Infernape|Fire Punch|p2a: Polteageist
|-damage|p2a: Polteageist|0 fnt
|-start|p1a: Infernape|Disable|Fire Punch|[from] ability: Cursed Body|[of] p2a: Polteageist
|faint|p2a: Polteageist
|
|upkeep
|inactive|wgw2333 has 90 seconds left.
|
|t:|1758255801
|switch|p2a: Cinderace|Cinderace, F|100/100
|turn|30
|inactive|wgw2333 has 90 seconds left.
|
|t:|1758255808
|move|p2a: Cinderace|Pyro Ball|p1a: Infernape
|-resisted|p1a: Infernape
|-damage|p1a: Infernape|0 fnt
|faint|p1a: Infernape
|
|upkeep
|
|t:|1758255818
|switch|p1a: Vaporeon|Vaporeon, F|61/100
|turn|31
|
|t:|1758255830
|switch|p2a: Deoxys|Deoxys-Defense, tera:Steel|51/100
|-ability|p2a: Deoxys|Pressure
|move|p1a: Vaporeon|Scald|p2a: Deoxys
|-damage|p2a: Deoxys|21/100
|
|upkeep
|turn|32
|
|t:|1758255839
|move|p2a: Deoxys|Recover|p2a: Deoxys
|-heal|p2a: Deoxys|71/100
|move|p1a: Vaporeon|Scald|p2a: Deoxys
|-damage|p2a: Deoxys|41/100
|
|upkeep
|turn|33
|
|t:|1758255847
|move|p2a: Deoxys|Recover|p2a: Deoxys
|-heal|p2a: Deoxys|91/100
|move|p1a: Vaporeon|Scald|p2a: Deoxys
|-damage|p2a: Deoxys|62/100
|-status|p2a: Deoxys|brn
|
|-damage|p2a: Deoxys|56/100 brn|[from] brn
|upkeep
|turn|34
|inactive|wgw2333 has 90 seconds left.
|inactive|TheForgottenRanker has 120 seconds left.
|
|t:|1758255882
|switch|p2a: Serperior|Serperior, M|38/100
|-damage|p2a: Serperior|26/100|[from] Stealth Rock
|switch|p1a: Wo-Chien|Wo-Chien, tera:Dark|73/100
|-ability|p1a: Wo-Chien|Tablets of Ruin
|
|-heal|p2a: Serperior|32/100|[from] item: Leftovers
|-heal|p1a: Wo-Chien|79/100|[from] item: Leftovers
|upkeep
|turn|35
|inactive|wgw2333 has 90 seconds left.
|inactive|TheForgottenRanker has 120 seconds left.
|
|t:|1758255902
|switch|p1a: Vaporeon|Vaporeon, F|61/100
|move|p2a: Serperior|Glare|p1a: Vaporeon
|-status|p1a: Vaporeon|par
|
|-heal|p2a: Serperior|38/100|[from] item: Leftovers
|upkeep
|turn|36
|inactive|wgw2333 has 90 seconds left.
|
|t:|1758255914
|move|p2a: Serperior|Substitute|p2a: Serperior
|-start|p2a: Serperior|Substitute
|-damage|p2a: Serperior|13/100
|move|p1a: Vaporeon|Ice Beam|p2a: Serperior
|-supereffective|p2a: Serperior
|-end|p2a: Serperior|Substitute
|
|-heal|p2a: Serperior|20/100|[from] item: Leftovers
|upkeep
|turn|37
|
|t:|1758255923
|move|p2a: Serperior|Leaf Storm|p1a: Vaporeon|[miss]
|-miss|p2a: Serperior|p1a: Vaporeon
|cant|p1a: Vaporeon|par
|
|-heal|p2a: Serperior|26/100|[from] item: Leftovers
|upkeep
|turn|38
|inactive|wgw2333 has 90 seconds left.
|
|t:|1758255946
|move|p2a: Serperior|Substitute|p2a: Serperior
|-start|p2a: Serperior|Substitute
|-damage|p2a: Serperior|1/100
|move|p1a: Vaporeon|Ice Beam|p2a: Serperior
|-supereffective|p2a: Serperior
|-end|p2a: Serperior|Substitute
|
|-heal|p2a: Serperior|7/100|[from] item: Leftovers
|upkeep
|turn|39
|inactive|wgw2333 has 90 seconds left.
|
|t:|1758255956
|move|p2a: Serperior|Leaf Storm|p1a: Vaporeon
|-supereffective|p1a: Vaporeon
|-crit|p1a: Vaporeon
|-damage|p1a: Vaporeon|0 fnt
|-boost|p2a: Serperior|spa|2
|faint|p1a: Vaporeon
|
|-heal|p2a: Serperior|13/100|[from] item: Leftovers
|upkeep
|
|t:|1758255965
|switch|p1a: Iron Crown|Iron Crown|100/100
|-enditem|p1a: Iron Crown|Booster Energy
|-activate|p1a: Iron Crown|ability: Quark Drive|[fromitem]
|-start|p1a: Iron Crown|quarkdrivespa
|turn|40
|
|t:|1758255973
|move|p2a: Serperior|Glare|p1a: Iron Crown
|-status|p1a: Iron Crown|par
|move|p1a: Iron Crown|Tachyon Cutter|p2a: Serperior
|-damage|p2a: Serperior|0 fnt
|faint|p2a: Serperior
|-hitcount|p2: Serperior|1
|
|upkeep
|
|t:|1758255985
|switch|p2a: Cinderace|Cinderace, F|100/100
|turn|41
|
|t:|1758255994
|move|p2a: Cinderace|Pyro Ball|p1a: Iron Crown
|-supereffective|p1a: Iron Crown
|-damage|p1a: Iron Crown|0 fnt
|faint|p1a: Iron Crown
|-end|p1a: Iron Crown|Quark Drive|[silent]
|
|upkeep
|
|t:|1758255998
|switch|p1a: Wo-Chien|Wo-Chien, tera:Dark|79/100
|-ability|p1a: Wo-Chien|Tablets of Ruin
|turn|42
|
|t:|1758256005
|move|p2a: Cinderace|Pyro Ball|p1a: Wo-Chien
|-damage|p1a: Wo-Chien|41/100
|move|p1a: Wo-Chien|Stun Spore|p2a: Cinderace
|-status|p2a: Cinderace|par
|
|-heal|p1a: Wo-Chien|48/100|[from] item: Leftovers
|upkeep
|turn|43
|inactive|wgw2333 has 120 seconds left.
|
|t:|1758256016
|move|p1a: Wo-Chien|Leech Seed|p2a: Cinderace
|-start|p2a: Cinderace|move: Leech Seed
|move|p2a: Cinderace|Gunk Shot|p1a: Wo-Chien
|-start|p2a: Cinderace|typechange|Poison|[from] ability: Libero
|-damage|p1a: Wo-Chien|7/100
|
|-heal|p1a: Wo-Chien|14/100|[from] item: Leftovers
|-damage|p2a: Cinderace|88/100 par|[from] Leech Seed|[of] p1a: Wo-Chien
|-heal|p1a: Wo-Chien|23/100|[silent]
|upkeep
|turn|44
|inactive|wgw2333 has 120 seconds left.
|
|t:|1758256026
|move|p1a: Wo-Chien|Ruination|p2a: Cinderace
|-damage|p2a: Cinderace|44/100 par
|move|p2a: Cinderace|Gunk Shot|p1a: Wo-Chien
|-damage|p1a: Wo-Chien|0 fnt
|faint|p1a: Wo-Chien
|
|upkeep
|
|t:|1758256032
|switch|p1a: Zoroark|Zoroark-Hisui, M, shiny|100/100
|turn|45
|
|t:|1758256043
|cant|p2a: Cinderace|par
|move|p1a: Zoroark|Shadow Ball|p2a: Cinderace
|-damage|p2a: Cinderace|0 fnt
|faint|p2a: Cinderace
|-damage|p1a: Zoroark|91/100|[from] item: Life Orb
|
|upkeep
|
|t:|1758256053
|switch|p2a: Dragapult|Dragapult, F|100/100
|turn|46
|
|t:|1758256061
|move|p2a: Dragapult|Dragon Darts|p1a: Zoroark
|-damage|p1a: Zoroark|47/100
|-anim|p2a: Dragapult|Dragon Darts|p1a: Zoroark
|-damage|p1a: Zoroark|0 fnt
|faint|p1a: Zoroark
|
|win|wgw2333
|raw|TheForgottenRanker's rating: 1205 &rarr; <strong>1183</strong><br />(-22 for losing)
|raw|wgw2333's rating: 1251 &rarr; <strong>1273</strong><br />(+22 for winning)
|l|☆TheForgottenRanker
|player|p1|
