|j|☆3ndgam3
|j|☆pepetermo
|t:|1758296427
|gametype|singles
|player|p1|3ndgam3|ninjaboy|1150
|player|p2|pepetermo|170|1107
|gen|9
|tier|[Gen 9] OU
|rated|
|rule|HP Percentage Mod: HP is shown in percentages
|rule|Endless Battle Clause: Forcing endless battles is banned
|rule|Species Clause: Limit one of each Pokémon
|rule|OHKO Clause: OHKO moves are banned
|rule|Evasion Items Clause: Evasion items are banned
|rule|Evasion Moves Clause: Evasion moves are banned
|rule|Evasion Abilities Clause: Evasion abilities are banned
|rule|Sleep Moves Clause: Sleep-inducing moves are banned
|clearpoke
|poke|p1|Iron Valiant|
|poke|p1|Dragapult, M|
|poke|p1|Glimmora, M|
|poke|p1|Ogerpon-Wellspring, F|
|poke|p1|Landorus-Therian, M|
|poke|p1|Kingambit, M|
|poke|p2|Haxorus, M|
|poke|p2|Iron Valiant|
|poke|p2|Moltres-Galar|
|poke|p2|Gastrodon-East, F|
|poke|p2|Tyranitar, F|
|poke|p2|Cloyster, M|
|teampreview
|
|t:|1758296439
|teamsize|p1|6
|teamsize|p2|6
|start
|switch|p1a: Ogerpon|Ogerpon-Wellspring, F|100/100
|switch|p2a: Moltres|Moltres-Galar|100/100
|turn|1
|
|t:|1758296444
|switch|p1a: Glimmora|Glimmora, M, shiny|100/100
|move|p2a: Moltres|Agility|p2a: Moltres
|-boost|p2a: Moltres|spe|2
|
|upkeep
|turn|2
|
|t:|1758296451
|-terastallize|p2a: Moltres|Dark
|move|p2a: Moltres|Nasty Plot|p2a: Moltres
|-boost|p2a: Moltres|spa|2
|move|p1a: Glimmora|Meteor Beam||[still]
|-prepare|p1a: Glimmora|Meteor Beam
|-boost|p1a: Glimmora|spa|1
|-enditem|p1a: Glimmora|Power Herb
|-anim|p1a: Glimmora|Meteor Beam|p2a: Moltres
|-damage|p2a: Moltres|9/100
|-ability|p2a: Moltres|Berserk|boost
|-boost|p2a: Moltres|spa|1
|
|-heal|p2a: Moltres|15/100|[from] item: Leftovers
|upkeep
|turn|3
|
|t:|1758296463
|move|p2a: Moltres|Fiery Wrath|p1a: Glimmora
|-damage|p1a: Glimmora|0 fnt
|faint|p1a: Glimmora
|
|-heal|p2a: Moltres|21/100|[from] item: Leftovers
|upkeep
|
|t:|1758296473
|switch|p1a: Iron Valiant|Iron Valiant, shiny|100/100
|-enditem|p1a: Iron Valiant|Booster Energy
|-activate|p1a: Iron Valiant|ability: Quark Drive|[fromitem]
|-start|p1a: Iron Valiant|quarkdrivespe
|turn|4
|
|t:|1758296479
|-terastallize|p1a: Iron Valiant|Steel
|move|p1a: Iron Valiant|Spirit Break|p2a: Moltres
|-supereffective|p2a: Moltres
|-damage|p2a: Moltres|0 fnt
|faint|p2a: Moltres
|
|upkeep
|
|t:|1758296487
|switch|p2a: Haxorus|Haxorus, M, shiny|100/100
|turn|5
|
|t:|1758296494
|move|p1a: Iron Valiant|Swords Dance|p1a: Iron Valiant
|-boost|p1a: Iron Valiant|atk|2
|move|p2a: Haxorus|Dragon Dance|p2a: Haxorus
|-boost|p2a: Haxorus|atk|1
|-boost|p2a: Haxorus|spe|1
|
|upkeep
|turn|6
|
|t:|1758296500
|move|p1a: Iron Valiant|Spirit Break|p2a: Haxorus
|-supereffective|p2a: Haxorus
|-damage|p2a: Haxorus|0 fnt
|faint|p2a: Haxorus
|
|upkeep
|
|t:|1758296507
|switch|p2a: Gastrodon|Gastrodon-East, F|100/100
|turn|7
|
|t:|1758296520
|move|p1a: Iron Valiant|Spirit Break|p2a: Gastrodon
|-damage|p2a: Gastrodon|25/100
|-unboost|p2a: Gastrodon|spa|1
|move|p2a: Gastrodon|Earth Power|p1a: Iron Valiant
|-supereffective|p1a: Iron Valiant
|-damage|p1a: Iron Valiant|23/100
|
|-heal|p2a: Gastrodon|31/100|[from] item: Leftovers
|upkeep
|turn|8
|
|t:|1758296530
|move|p1a: Iron Valiant|Spirit Break|p2a: Gastrodon
|-damage|p2a: Gastrodon|0 fnt
|faint|p2a: Gastrodon
|
|upkeep
|
|t:|1758296540
|switch|p2a: Tyranitar|Tyranitar, F|100/100
|-weather|Sandstorm|[from] ability: Sand Stream|[of] p2a: Tyranitar
|turn|9
|
|t:|1758296546
|move|p1a: Iron Valiant|Spirit Break|p2a: Tyranitar
|-supereffective|p2a: Tyranitar
|-damage|p2a: Tyranitar|0 fnt
|faint|p2a: Tyranitar
|
|-weather|Sandstorm|[upkeep]
|upkeep
|
|t:|1758296554
|switch|p2a: Cloyster|Cloyster, M|100/100
|turn|10
|
|t:|1758296558
|move|p1a: Iron Valiant|Knock Off|p2a: Cloyster
|-damage|p2a: Cloyster|49/100
|-enditem|p2a: Cloyster|White Herb|[from] move: Knock Off|[of] p1a: Iron Valiant
|move|p2a: Cloyster|Shell Smash|p2a: Cloyster
|-unboost|p2a: Cloyster|def|1
|-unboost|p2a: Cloyster|spd|1
|-boost|p2a: Cloyster|atk|2
|-boost|p2a: Cloyster|spa|2
|-boost|p2a: Cloyster|spe|2
|
|-weather|Sandstorm|[upkeep]
|-damage|p2a: Cloyster|43/100|[from] Sandstorm
|upkeep
|turn|11
|
|t:|1758296568
|move|p1a: Iron Valiant|Encore|p2a: Cloyster
|-start|p2a: Cloyster|Encore
|move|p2a: Cloyster|Shell Smash|p2a: Cloyster
|-unboost|p2a: Cloyster|def|1
|-unboost|p2a: Cloyster|spd|1
|-boost|p2a: Cloyster|atk|2
|-boost|p2a: Cloyster|spa|2
|-boost|p2a: Cloyster|spe|2
|
|-weather|Sandstorm|[upkeep]
|-damage|p2a: Cloyster|37/100|[from] Sandstorm
|upkeep
|turn|12
|
|t:|1758296577
|move|p2a: Cloyster|Shell Smash|p2a: Cloyster
|-unboost|p2a: Cloyster|def|1
|-unboost|p2a: Cloyster|spd|1
|-boost|p2a: Cloyster|atk|2
|-boost|p2a: Cloyster|spa|2
|-boost|p2a: Cloyster|spe|2
|move|p1a: Iron Valiant|Spirit Break|p2a: Cloyster
|-damage|p2a: Cloyster|0 fnt
|faint|p2a: Cloyster
|
|-weather|Sandstorm|[upkeep]
|upkeep
|
|t:|1758296589
|switch|p2a: Iron Valiant|Iron Valiant, shiny|100/100
|-enditem|p2a: Iron Valiant|Booster Energy
|-activate|p2a: Iron Valiant|ability: Quark Drive|[fromitem]
|-start|p2a: Iron Valiant|quarkdriveatk
|turn|13
|
|t:|1758296595
|move|p1a: Iron Valiant|Spirit Break|p2a: Iron Valiant
|-supereffective|p2a: Iron Valiant
|-damage|p2a: Iron Valiant|0 fnt
|faint|p2a: Iron Valiant
|-end|p2a: Iron Valiant|Quark Drive|[silent]
|
|win|3ndgam3
|raw|3ndgam3's rating: 1171 &rarr; <strong>1191</strong><br />(+20 for winning)
|raw|pepetermo's rating: 1107 &rarr; <strong>1087</strong><br />(-20 for losing)
