|j|☆Icey Claw
|j|☆lilpoem
|t:|1758253848
|gametype|singles
|player|p1|Icey Claw|may|1242
|player|p2|lilpoem|red|1253
|gen|9
|tier|[Gen 9] OU
|rated|
|rule|HP Percentage Mod: HP is shown in percentages
|rule|Endless Battle Clause: Forcing endless battles is banned
|rule|Species Clause: Limit one of each Pokémon
|rule|OHKO Clause: OHKO moves are banned
|rule|Evasion Items Clause: Evasion items are banned
|rule|Evasion Moves Clause: Evasion moves are banned
|rule|Evasion Abilities Clause: Evasion abilities are banned
|rule|Sleep Moves Clause: Sleep-inducing moves are banned
|clearpoke
|poke|p1|Weavile, M|
|poke|p1|Indeedee, M|
|poke|p1|Deoxys-Speed|
|poke|p1|Iron Treads|
|poke|p1|Ting-Lu|
|poke|p1|Samurott-Hisui, M|
|poke|p2|Okidogi, M|
|poke|p2|Kommo-o, M|
|poke|p2|Zamazenta-*|
|poke|p2|Iron Hands|
|poke|p2|Iron Valiant|
|poke|p2|Great Tusk|
|teampreview
|inactive|Battle timer is ON: inactive players will automatically lose when time's up. (requested by Icey Claw)
|c|☆Icey Claw|glhf
|
|t:|1758253852
|teamsize|p1|6
|teamsize|p2|6
|start
|switch|p1a: Indeedee|Indeedee, M|100/100
|switch|p2a: KOKO The Gorrila|Okidogi, M|100/100
|-fieldstart|move: Psychic Terrain|[from] ability: Psychic Surge|[of] p1a: Indeedee
|turn|1
|
|t:|1758253856
|move|p1a: Indeedee|Expanding Force|p2a: KOKO The Gorrila
|-supereffective|p2a: KOKO The Gorrila
|-damage|p2a: KOKO The Gorrila|0 fnt
|faint|p2a: KOKO The Gorrila
|
|upkeep
|
|t:|1758253866
|switch|p2a: Great Twump|Great Tusk|100/100
|-enditem|p2a: Great Twump|Booster Energy
|-activate|p2a: Great Twump|ability: Protosynthesis|[fromitem]
|-start|p2a: Great Twump|protosynthesisatk
|turn|2
|
|t:|1758253870
|-terastallize|p2a: Great Twump|Dark
|move|p1a: Indeedee|Expanding Force|p2a: Great Twump
|-immune|p2a: Great Twump
|move|p2a: Great Twump|Earthquake|p1a: Indeedee
|-damage|p1a: Indeedee|0 fnt
|faint|p1a: Indeedee
|
|upkeep
|
|t:|1758253877
|switch|p1a: Deoxys|Deoxys-Speed|100/100
|-ability|p1a: Deoxys|Pressure
|turn|3
|c|☆lilpoem|Same u 2
|
|t:|1758253888
|-terastallize|p1a: Deoxys|Fighting
|move|p1a: Deoxys|Tera Blast|p2a: Great Twump|[anim] Tera Blast Fighting
|-supereffective|p2a: Great Twump
|-damage|p2a: Great Twump|0 fnt
|faint|p2a: Great Twump
|-end|p2a: Great Twump|Protosynthesis|[silent]
|-damage|p1a: Deoxys|91/100|[from] item: Life Orb
|
|upkeep
|
|t:|1758253894
|switch|p2a: Valorant Of SOL|Iron Valiant|100/100
|-enditem|p2a: Valorant Of SOL|Booster Energy
|-activate|p2a: Valorant Of SOL|ability: Quark Drive|[fromitem]
|-start|p2a: Valorant Of SOL|quarkdrivespe
|turn|4
|c|☆Icey Claw|how do you like the surprise tera?
|c|☆Icey Claw|lol
|
|t:|1758253908
|move|p2a: Valorant Of SOL|Moonblast|p1a: Deoxys
|-supereffective|p1a: Deoxys
|-damage|p1a: Deoxys|0 fnt
|faint|p1a: Deoxys
|
|upkeep
|
|t:|1758253911
|switch|p1a: Iron Treads|Iron Treads|100/100
|-enditem|p1a: Iron Treads|Booster Energy
|-activate|p1a: Iron Treads|ability: Quark Drive|[fromitem]
|-start|p1a: Iron Treads|quarkdriveatk
|turn|5
|
|t:|1758253932
|move|p2a: Valorant Of SOL|Confuse Ray|p1a: Iron Treads
|-start|p1a: Iron Treads|confusion
|-activate|p1a: Iron Treads|confusion
|move|p1a: Iron Treads|Iron Head|p2a: Valorant Of SOL
|-supereffective|p2a: Valorant Of SOL
|-damage|p2a: Valorant Of SOL|0 fnt
|faint|p2a: Valorant Of SOL
|-end|p2a: Valorant Of SOL|Quark Drive|[silent]
|
|-fieldend|move: Psychic Terrain
|upkeep
|
|t:|1758253945
|switch|p2a: Dark Aura|Zamazenta|100/100
|-ability|p2a: Dark Aura|Dauntless Shield|boost
|-boost|p2a: Dark Aura|def|1
|turn|6
|
|t:|1758253953
|-end|p1a: Iron Treads|Quark Drive|[silent]
|switch|p1a: Samurott|Samurott-Hisui, M|100/100
|move|p2a: Dark Aura|Close Combat|p1a: Samurott
|-supereffective|p1a: Samurott
|-damage|p1a: Samurott|0 fnt
|-unboost|p2a: Dark Aura|def|1
|-unboost|p2a: Dark Aura|spd|1
|faint|p1a: Samurott
|-damage|p2a: Dark Aura|91/100|[from] item: Life Orb
|
|upkeep
|c|☆Icey Claw|oh its the banded set
|
|t:|1758253966
|switch|p1a: Ting-Lu|Ting-Lu|100/100
|-ability|p1a: Ting-Lu|Vessel of Ruin
|turn|7
|
|t:|1758253969
|move|p2a: Dark Aura|Close Combat|p1a: Ting-Lu
|-supereffective|p1a: Ting-Lu
|-damage|p1a: Ting-Lu|8/100
|-unboost|p2a: Dark Aura|def|1
|-unboost|p2a: Dark Aura|spd|1
|-damage|p2a: Dark Aura|81/100|[from] item: Life Orb
|move|p1a: Ting-Lu|Earthquake|p2a: Dark Aura
|-crit|p2a: Dark Aura
|-damage|p2a: Dark Aura|0 fnt
|faint|p2a: Dark Aura
|
|-heal|p1a: Ting-Lu|14/100|[from] item: Leftovers
|upkeep
|
|t:|1758253978
|switch|p2a: Bruce Lee|Kommo-o, M|100/100
|turn|8
|
|t:|1758253982
|move|p2a: Bruce Lee|Clangorous Soul|p2a: Bruce Lee
|-boost|p2a: Bruce Lee|atk|1
|-boost|p2a: Bruce Lee|def|1
|-boost|p2a: Bruce Lee|spa|1
|-boost|p2a: Bruce Lee|spd|1
|-boost|p2a: Bruce Lee|spe|1
|-damage|p2a: Bruce Lee|68/100
|-enditem|p2a: Bruce Lee|Throat Spray
|-boost|p2a: Bruce Lee|spa|1|[from] item: Throat Spray
|move|p1a: Ting-Lu|Rest|p1a: Ting-Lu
|-status|p1a: Ting-Lu|slp|[from] move: Rest
|-heal|p1a: Ting-Lu|100/100 slp|[silent]
|
|upkeep
|turn|9
|
|t:|1758253989
|move|p2a: Bruce Lee|Boomburst|p1a: Ting-Lu
|-damage|p1a: Ting-Lu|57/100 slp
|cant|p1a: Ting-Lu|slp
|move|p1a: Ting-Lu|Sleep Talk|p1a: Ting-Lu
|move|p1a: Ting-Lu|Earthquake|p2a: Bruce Lee|[from] move: Sleep Talk
|-damage|p2a: Bruce Lee|37/100
|
|-heal|p1a: Ting-Lu|63/100 slp|[from] item: Leftovers
|upkeep
|turn|10
|
|t:|1758253994
|move|p2a: Bruce Lee|Boomburst|p1a: Ting-Lu
|-damage|p1a: Ting-Lu|21/100 slp
|cant|p1a: Ting-Lu|slp
|move|p1a: Ting-Lu|Sleep Talk|p1a: Ting-Lu
|move|p1a: Ting-Lu|Earthquake|p2a: Bruce Lee|[from] move: Sleep Talk
|-damage|p2a: Bruce Lee|12/100
|
|-heal|p1a: Ting-Lu|27/100 slp|[from] item: Leftovers
|upkeep
|turn|11
|
|t:|1758254001
|move|p2a: Bruce Lee|Boomburst|p1a: Ting-Lu
|-damage|p1a: Ting-Lu|0 fnt
|faint|p1a: Ting-Lu
|
|upkeep
|
|t:|1758254002
|switch|p1a: Weavile|Weavile, M|100/100
|-ability|p1a: Weavile|Pressure
|turn|12
|
|t:|1758254006
|switch|p2a: Diamond Hands|Iron Hands|100/100
|-enditem|p2a: Diamond Hands|Booster Energy
|-activate|p2a: Diamond Hands|ability: Quark Drive|[fromitem]
|-start|p2a: Diamond Hands|quarkdriveatk
|move|p1a: Weavile|Ice Shard|p2a: Diamond Hands
|-damage|p2a: Diamond Hands|87/100
|
|upkeep
|turn|13
|
|t:|1758254010
|switch|p1a: Iron Treads|Iron Treads|100/100
|move|p2a: Diamond Hands|Fake Out|p1a: Iron Treads
|-resisted|p1a: Iron Treads
|-damage|p1a: Iron Treads|90/100
|
|upkeep
|turn|14
|
|t:|1758254016
|move|p1a: Iron Treads|Earthquake|p2a: Diamond Hands
|-supereffective|p2a: Diamond Hands
|-damage|p2a: Diamond Hands|21/100
|move|p2a: Diamond Hands|Earthquake|p1a: Iron Treads
|-supereffective|p1a: Iron Treads
|-damage|p1a: Iron Treads|0 fnt
|faint|p1a: Iron Treads
|-end|p1a: Iron Treads|Quark Drive|[silent]
|
|upkeep
|
|t:|1758254018
|switch|p1a: Weavile|Weavile, M|100/100
|-ability|p1a: Weavile|Pressure
|turn|15
|
|t:|1758254026
|move|p1a: Weavile|Triple Axel|p2a: Diamond Hands
|-damage|p2a: Diamond Hands|13/100
|-damage|p2a: Diamond Hands|0 fnt
|faint|p2a: Diamond Hands
|-end|p2a: Diamond Hands|Quark Drive|[silent]
|-hitcount|p2: Diamond Hands|2
|
|upkeep
|c|☆Icey Claw|gg
|
|t:|1758254029
|switch|p2a: Bruce Lee|Kommo-o, M|12/100
|turn|16
|
|t:|1758254033
|move|p1a: Weavile|Ice Shard|p2a: Bruce Lee
|-supereffective|p2a: Bruce Lee
|-damage|p2a: Bruce Lee|0 fnt
|faint|p2a: Bruce Lee
|
|win|Icey Claw
|raw|Icey Claw's rating: 1242 &rarr; <strong>1268</strong><br />(+26 for winning)
|raw|lilpoem's rating: 1253 &rarr; <strong>1227</strong><br />(-26 for losing)
|c|☆lilpoem|I messed up first move fg
|c|☆lilpoem|gg
|l|☆lilpoem
|player|p2|
