|j|☆raditzisthebest
|j|☆raviolikid
|t:|1758346498
|gametype|singles
|player|p1|raditzisthebest|bruno|1611
|player|p2|raviolikid|clair|1610
|gen|9
|tier|[Gen 9] OU
|rated|
|rule|HP Percentage Mod: HP is shown in percentages
|rule|Endless Battle Clause: Forcing endless battles is banned
|rule|Species Clause: Limit one of each Pokémon
|rule|OHKO Clause: OHKO moves are banned
|rule|Evasion Items Clause: Evasion items are banned
|rule|Evasion Moves Clause: Evasion moves are banned
|rule|Evasion Abilities Clause: Evasion abilities are banned
|rule|Sleep Moves Clause: Sleep-inducing moves are banned
|clearpoke
|poke|p1|Primarina, M|
|poke|p1|Great Tusk|
|poke|p1|Kingambit, M|
|poke|p1|Slowking-Galar, M|
|poke|p1|Ogerpon, F|
|poke|p1|Enamorus, F|
|poke|p2|Garchomp, F|
|poke|p2|Iron Treads|
|poke|p2|Primarina, M|
|poke|p2|Pecharunt|
|poke|p2|Meowscarada, M|
|poke|p2|Raging Bolt|
|teampreview
|inactive|Battle timer is ON: inactive players will automatically lose when time's up. (requested by raviolikid)
|
|t:|1758346520
|teamsize|p1|6
|teamsize|p2|6
|start
|switch|p1a: Basilio|Great Tusk, shiny|100/100
|switch|p2a: Poker Face|Meowscarada, M|100/100
|turn|1
|
|t:|1758346533
|move|p2a: Poker Face|U-turn|p1a: Basilio
|-start|p2a: Poker Face|typechange|Bug|[from] ability: Protean
|-resisted|p1a: Basilio
|-damage|p1a: Basilio|88/100
|-damage|p2a: Poker Face|84/100|[from] item: Rocky Helmet|[of] p1a: Basilio
|
|t:|1758346538
|switch|p2a: Monster|Garchomp, F|100/100|[from] U-turn
|move|p1a: Basilio|Stealth Rock|p2a: Monster
|-sidestart|p2: raviolikid|move: Stealth Rock
|
|upkeep
|turn|2
|
|t:|1758346543
|move|p1a: Basilio|Ice Spinner|p2a: Monster
|-supereffective|p2a: Monster
|-damage|p2a: Monster|28/100
|-damage|p1a: Basilio|75/100|[from] ability: Rough Skin|[of] p2a: Monster
|-damage|p1a: Basilio|59/100|[from] item: Rocky Helmet|[of] p2a: Monster
|move|p2a: Monster|Stealth Rock|p1a: Basilio
|-sidestart|p1: raditzisthebest|move: Stealth Rock
|
|upkeep
|turn|3
|
|t:|1758346549
|switch|p2a: Disease|Pecharunt|100/100
|-damage|p2a: Disease|88/100|[from] Stealth Rock
|-item|p2a: Disease|Air Balloon
|move|p1a: Basilio|Headlong Rush|p2a: Disease
|-immune|p2a: Disease
|
|upkeep
|turn|4
|
|t:|1758346565
|move|p2a: Disease|Shadow Ball|p1a: Basilio
|-damage|p1a: Basilio|23/100
|move|p1a: Basilio|Rapid Spin|p2a: Disease
|-immune|p2a: Disease
|
|upkeep
|turn|5
|
|t:|1758346573
|-end|p1a: Basilio|Protosynthesis|[silent]
|switch|p1a: Strohl|Kingambit, M, shiny|100/100
|-damage|p1a: Strohl|94/100|[from] Stealth Rock
|move|p2a: Disease|Shadow Ball|p1a: Strohl
|-resisted|p1a: Strohl
|-damage|p1a: Strohl|83/100
|
|-heal|p1a: Strohl|89/100|[from] item: Leftovers
|upkeep
|turn|6
|
|t:|1758346581
|move|p2a: Disease|Parting Shot|p1a: Strohl
|-unboost|p1a: Strohl|atk|1
|-unboost|p1a: Strohl|spa|1
|c|☆raviolikid|Nice nicknames
|c|☆raviolikid|metaphor is good
|
|t:|1758346594
|switch|p2a: Monster|Garchomp, F|28/100|[from] Parting Shot
|-damage|p2a: Monster|22/100|[from] Stealth Rock
|move|p1a: Strohl|Kowtow Cleave|p2a: Monster
|-damage|p2a: Monster|2/100
|-damage|p1a: Strohl|77/100|[from] ability: Rough Skin|[of] p2a: Monster
|-damage|p1a: Strohl|60/100|[from] item: Rocky Helmet|[of] p2a: Monster
|
|-heal|p1a: Strohl|67/100|[from] item: Leftovers
|upkeep
|turn|7
|c|☆raditzisthebest|thank you
|
|t:|1758346602
|move|p2a: Monster|Spikes|p1a: Strohl
|-sidestart|p1: raditzisthebest|Spikes
|move|p1a: Strohl|Kowtow Cleave|p2a: Monster
|-damage|p2a: Monster|0 fnt
|-damage|p1a: Strohl|54/100|[from] ability: Rough Skin|[of] p2a: Monster
|-damage|p1a: Strohl|37/100|[from] item: Rocky Helmet|[of] p2a: Monster
|faint|p2a: Monster
|
|-heal|p1a: Strohl|44/100|[from] item: Leftovers
|upkeep
|
|t:|1758346611
|switch|p2a: Heavy Metal Lover|Iron Treads|100/100
|turn|8
|
|t:|1758346616
|-end|p1a: Strohl|fallenundefined|[silent]
|switch|p1a: Heismay|Ogerpon, F|100/100
|-damage|p1a: Heismay|88/100|[from] Stealth Rock
|-damage|p1a: Heismay|76/100|[from] Spikes
|move|p2a: Heavy Metal Lover|Rapid Spin|p1a: Heismay
|-damage|p1a: Heismay|57/100
|-boost|p2a: Heavy Metal Lover|spe|1
|-sideend|p2: raviolikid|Stealth Rock|[from] move: Rapid Spin|[of] p2a: Heavy Metal Lover
|
|upkeep
|turn|9
|
|t:|1758346625
|-end|p2a: Heavy Metal Lover|Quark Drive|[silent]
|switch|p2a: Disease|Pecharunt|88/100
|-item|p2a: Disease|Air Balloon
|move|p1a: Heismay|Knock Off|p2a: Disease
|-supereffective|p2a: Disease
|-damage|p2a: Disease|36/100
|-enditem|p2a: Disease|Air Balloon
|
|upkeep
|turn|10
|
|t:|1758346632
|move|p1a: Heismay|Knock Off|p2a: Disease
|-supereffective|p2a: Disease
|-damage|p2a: Disease|0 fnt
|faint|p2a: Disease
|
|upkeep
|
|t:|1758346635
|switch|p2a: Poker Face|Meowscarada, M|84/100
|turn|11
|
|t:|1758346643
|switch|p1a: Eupha|Enamorus, F, shiny|100/100
|-damage|p1a: Eupha|76/100|[from] Stealth Rock
|move|p2a: Poker Face|U-turn|p1a: Eupha
|-start|p2a: Poker Face|typechange|Bug|[from] ability: Protean
|-resisted|p1a: Eupha
|-damage|p1a: Eupha|62/100
|
|t:|1758346648
|switch|p2a: 1000 Doves|Primarina, M|100/100|[from] U-turn
|
|upkeep
|turn|12
|
|t:|1758346659
|switch|p1a: More|Slowking-Galar, M, shiny|100/100
|-damage|p1a: More|88/100|[from] Stealth Rock
|-damage|p1a: More|76/100|[from] Spikes
|move|p2a: 1000 Doves|Flip Turn|p1a: More
|-damage|p1a: More|65/100
|j| Ctannn
|
|t:|1758346663
|switch|p2a: Poker Face|Meowscarada, M|84/100|[from] Flip Turn
|
|upkeep
|turn|13
|
|t:|1758346675
|switch|p1a: Heismay|Ogerpon, F|57/100
|-damage|p1a: Heismay|44/100|[from] Stealth Rock
|-damage|p1a: Heismay|32/100|[from] Spikes
|move|p2a: Poker Face|Knock Off|p1a: Heismay
|-start|p2a: Poker Face|typechange|Dark|[from] ability: Protean
|-damage|p1a: Heismay|0 fnt
|-enditem|p1a: Heismay|Choice Band|[from] move: Knock Off|[of] p2a: Poker Face
|faint|p1a: Heismay
|
|upkeep
|
|t:|1758346684
|switch|p1a: Eupha|Enamorus, F, shiny|62/100
|-damage|p1a: Eupha|37/100|[from] Stealth Rock
|turn|14
|
|t:|1758346692
|switch|p2a: 1000 Doves|Primarina, M|100/100
|move|p1a: Eupha|Moonblast|p2a: 1000 Doves
|-damage|p2a: 1000 Doves|65/100
|
|upkeep
|turn|15
|
|t:|1758346702
|move|p1a: Eupha|Moonblast|p2a: 1000 Doves
|-damage|p2a: 1000 Doves|30/100
|move|p2a: 1000 Doves|Surf|p1a: Eupha
|-damage|p1a: Eupha|0 fnt
|faint|p1a: Eupha
|
|upkeep
|
|t:|1758346706
|switch|p1a: Basilio|Great Tusk, shiny|23/100
|-damage|p1a: Basilio|20/100|[from] Stealth Rock
|-damage|p1a: Basilio|8/100|[from] Spikes
|turn|16
|
|t:|1758346712
|move|p1a: Basilio|Rapid Spin|p2a: 1000 Doves
|-damage|p2a: 1000 Doves|6/100
|-boost|p1a: Basilio|spe|1
|-sideend|p1: raditzisthebest|Spikes|[from] move: Rapid Spin|[of] p1a: Basilio
|-sideend|p1: raditzisthebest|Stealth Rock|[from] move: Rapid Spin|[of] p1a: Basilio
|move|p2a: 1000 Doves|Surf|p1a: Basilio
|-supereffective|p1a: Basilio
|-damage|p1a: Basilio|0 fnt
|faint|p1a: Basilio
|-end|p1a: Basilio|Protosynthesis|[silent]
|
|upkeep
|
|t:|1758346720
|switch|p1a: Strohl|Kingambit, M, shiny|44/100
|-activate|p1a: Strohl|ability: Supreme Overlord
|-start|p1a: Strohl|fallen3|[silent]
|turn|17
|
|t:|1758346724
|move|p1a: Strohl|Sucker Punch|p2a: 1000 Doves
|-resisted|p2a: 1000 Doves
|-damage|p2a: 1000 Doves|0 fnt
|faint|p2a: 1000 Doves
|
|-heal|p1a: Strohl|50/100|[from] item: Leftovers
|upkeep
|
|t:|1758346733
|switch|p2a: Heavy Metal Lover|Iron Treads|100/100
|turn|18
|
|t:|1758346747
|move|p2a: Heavy Metal Lover|Earthquake|p1a: Strohl
|-supereffective|p1a: Strohl
|-damage|p1a: Strohl|0 fnt
|faint|p1a: Strohl
|-end|p1a: Strohl|fallen3|[silent]
|
|upkeep
|
|t:|1758346750
|switch|p1a: Junah|Primarina, M, shiny|100/100
|turn|19
|
|t:|1758346758
|move|p2a: Heavy Metal Lover|Earthquake|p1a: Junah
|-damage|p1a: Junah|38/100
|move|p1a: Junah|Psychic Noise|p2a: Heavy Metal Lover
|-supereffective|p2a: Heavy Metal Lover
|-damage|p2a: Heavy Metal Lover|0 fnt
|faint|p2a: Heavy Metal Lover
|-end|p2a: Heavy Metal Lover|Quark Drive|[silent]
|
|-heal|p1a: Junah|44/100|[from] item: Leftovers
|upkeep
|
|t:|1758346763
|switch|p2a: Venus|Raging Bolt|100/100
|turn|20
|
|t:|1758346767
|move|p2a: Venus|Volt Switch|p1a: Junah
|-supereffective|p1a: Junah
|-damage|p1a: Junah|0 fnt
|faint|p1a: Junah
|
|t:|1758346768
|-end|p2a: Venus|Protosynthesis|[silent]
|switch|p2a: Poker Face|Meowscarada, M|84/100|[from] Volt Switch
|
|upkeep
|
|t:|1758346772
|switch|p1a: More|Slowking-Galar, M, shiny|98/100
|turn|21
|
|t:|1758346776
|-terastallize|p1a: More|Ice
|move|p2a: Poker Face|Trick|p1a: More
|-start|p2a: Poker Face|typechange|Psychic|[from] ability: Protean
|-activate|p2a: Poker Face|move: Trick|[of] p1a: More
|-item|p1a: More|Choice Scarf|[from] move: Trick
|-item|p2a: Poker Face|Assault Vest|[from] move: Trick
|move|p1a: More|Ice Beam|p2a: Poker Face
|-damage|p2a: Poker Face|51/100
|
|upkeep
|turn|22
|
|t:|1758346791
|move|p2a: Poker Face|U-turn|p1a: More
|-damage|p1a: More|81/100
|
|t:|1758346792
|switch|p2a: Venus|Raging Bolt|100/100|[from] U-turn
|move|p1a: More|Ice Beam|p2a: Venus
|-supereffective|p2a: Venus
|-damage|p2a: Venus|41/100
|
|upkeep
|turn|23
|
|t:|1758346795
|move|p2a: Venus|Draco Meteor|p1a: More|[miss]
|-miss|p2a: Venus|p1a: More
|move|p1a: More|Ice Beam|p2a: Venus
|-supereffective|p2a: Venus
|-damage|p2a: Venus|0 fnt
|faint|p2a: Venus
|-end|p2a: Venus|Protosynthesis|[silent]
|
|upkeep
|
|t:|1758346798
|switch|p2a: Poker Face|Meowscarada, M|51/100
|turn|24
|
|t:|1758346803
|move|p2a: Poker Face|Triple Axel|p1a: More
|-start|p2a: Poker Face|typechange|Ice|[from] ability: Protean
|-resisted|p1a: More
|-damage|p1a: More|78/100
|-resisted|p1a: More
|-damage|p1a: More|71/100
|-resisted|p1a: More
|-damage|p1a: More|61/100
|-hitcount|p1a: More|3
|move|p1a: More|Ice Beam|p2a: Poker Face
|-resisted|p2a: Poker Face
|-damage|p2a: Poker Face|35/100
|
|upkeep
|turn|25
|
|t:|1758346806
|move|p2a: Poker Face|Triple Axel|p1a: More
|-resisted|p1a: More
|-damage|p1a: More|58/100
|-resisted|p1a: More
|-damage|p1a: More|52/100
|-resisted|p1a: More
|-damage|p1a: More|41/100
|-hitcount|p1a: More|3
|move|p1a: More|Ice Beam|p2a: Poker Face
|-resisted|p2a: Poker Face
|-damage|p2a: Poker Face|18/100
|
|upkeep
|turn|26
|c|☆raviolikid|Gg
|
|t:|1758346811
|move|p2a: Poker Face|Triple Axel|p1a: More
|-resisted|p1a: More
|-damage|p1a: More|38/100
|-resisted|p1a: More
|-damage|p1a: More|31/100
|-resisted|p1a: More
|-damage|p1a: More|21/100
|-hitcount|p1a: More|3
|move|p1a: More|Ice Beam|p2a: Poker Face
|-resisted|p2a: Poker Face
|-damage|p2a: Poker Face|0 fnt
|faint|p2a: Poker Face
|
|win|raditzisthebest
|raw|raditzisthebest's rating: 1611 &rarr; <strong>1631</strong><br />(+20 for winning)
|raw|raviolikid's rating: 1610 &rarr; <strong>1590</strong><br />(-20 for losing)
|c|☆raditzisthebest|im so sorry
|c|☆raviolikid|It’s all good
|l|☆raditzisthebest
|player|p1|
|c|☆raviolikid|i probably would have won if I clicked specs tbolt anyway
|l|☆raviolikid
|player|p2|
