|j|☆joker9000
|j|☆leshawnfr
|t:|1758283844
|gametype|singles
|player|p1|joker9000|101|1234
|player|p2|leshawnfr|byron|1225
|gen|9
|tier|[Gen 9] OU
|rated|
|rule|HP Percentage Mod: HP is shown in percentages
|rule|Endless Battle Clause: Forcing endless battles is banned
|rule|Species Clause: Limit one of each Pokémon
|rule|OHKO Clause: OHKO moves are banned
|rule|Evasion Items Clause: Evasion items are banned
|rule|Evasion Moves Clause: Evasion moves are banned
|rule|Evasion Abilities Clause: Evasion abilities are banned
|rule|Sleep Moves Clause: Sleep-inducing moves are banned
|clearpoke
|poke|p1|Clodsire, F|
|poke|p1|Zoroark-Hisui, M|
|poke|p1|Corviknight, M|
|poke|p1|Dondozo, F|
|poke|p1|Skeledirge, M|
|poke|p1|Breloom, F|
|poke|p2|Iron Boulder|
|poke|p2|Porygon-Z|
|poke|p2|Pelipper, M|
|poke|p2|Ribombee, F|
|poke|p2|Moltres-Galar|
|poke|p2|Ceruledge, M|
|teampreview
|
|t:|1758283855
|teamsize|p1|6
|teamsize|p2|6
|start
|switch|p1a: Clodsire|Clodsire, F|100/100
|switch|p2a: Ribombee|Ribombee, F|100/100
|turn|1
|
|t:|1758283860
|move|p2a: Ribombee|Sticky Web|p1a: Clodsire
|-sidestart|p1: joker9000|move: Sticky Web
|move|p1a: Clodsire|Toxic|p2a: Ribombee
|-status|p2a: Ribombee|tox
|
|-damage|p2a: Ribombee|94/100 tox|[from] psn
|upkeep
|turn|2
|
|t:|1758283864
|move|p2a: Ribombee|U-turn|p1a: Clodsire
|-resisted|p1a: Clodsire
|-damage|p1a: Clodsire|94/100
|
|t:|1758283874
|switch|p2a: Porygon-Z|Porygon-Z|100/100|[from] U-turn
|move|p1a: Clodsire|Spikes|p2a: Porygon-Z
|-sidestart|p2: leshawnfr|Spikes
|
|-heal|p1a: Clodsire|99/100|[from] item: Black Sludge
|upkeep
|turn|3
|
|t:|1758283885
|move|p2a: Porygon-Z|Tri Attack|p1a: Clodsire
|-damage|p1a: Clodsire|64/100
|move|p1a: Clodsire|Toxic|p2a: Porygon-Z
|-status|p2a: Porygon-Z|tox
|
|-heal|p1a: Clodsire|70/100|[from] item: Black Sludge
|-damage|p2a: Porygon-Z|94/100 tox|[from] psn
|upkeep
|turn|4
|
|t:|1758283894
|move|p2a: Porygon-Z|Nasty Plot|p2a: Porygon-Z
|-boost|p2a: Porygon-Z|spa|2
|move|p1a: Clodsire|Spikes|p2a: Porygon-Z
|-sidestart|p2: leshawnfr|Spikes
|
|-heal|p1a: Clodsire|76/100|[from] item: Black Sludge
|-damage|p2a: Porygon-Z|82/100 tox|[from] psn
|upkeep
|turn|5
|
|t:|1758283901
|move|p2a: Porygon-Z|Tri Attack|p1a: Clodsire
|-damage|p1a: Clodsire|0 fnt
|faint|p1a: Clodsire
|
|-damage|p2a: Porygon-Z|64/100 tox|[from] psn
|upkeep
|
|t:|1758283911
|switch|p1a: Skeledirge|Skeledirge, M|100/100
|-activate|p1a: Skeledirge|move: Sticky Web
|-unboost|p1a: Skeledirge|spe|1
|turn|6
|
|t:|1758283915
|move|p2a: Porygon-Z|Ice Beam|p1a: Skeledirge
|-resisted|p1a: Skeledirge
|-damage|p1a: Skeledirge|85/100
|move|p1a: Skeledirge|Torch Song|p2a: Porygon-Z
|-damage|p2a: Porygon-Z|11/100 tox
|-boost|p1a: Skeledirge|spa|1
|-enditem|p1a: Skeledirge|Throat Spray
|-boost|p1a: Skeledirge|spa|1|[from] item: Throat Spray
|
|-damage|p2a: Porygon-Z|0 fnt|[from] psn
|faint|p2a: Porygon-Z
|upkeep
|
|t:|1758283921
|switch|p2a: Pelipper|Pelipper, M|100/100
|-weather|RainDance|[from] ability: Drizzle|[of] p2a: Pelipper
|turn|7
|
|t:|1758283938
|-terastallize|p1a: Skeledirge|Grass
|move|p2a: Pelipper|Hurricane|p1a: Skeledirge
|-supereffective|p1a: Skeledirge
|-damage|p1a: Skeledirge|0 fnt
|faint|p1a: Skeledirge
|
|-weather|RainDance|[upkeep]
|upkeep
|c|☆leshawnfr|Lol
|
|t:|1758283945
|switch|p1a: Dondozo|Dondozo, F|100/100
|-activate|p1a: Dondozo|move: Sticky Web
|-unboost|p1a: Dondozo|spe|1
|turn|8
|c|☆joker9000|Had feeling that was coming :(
|
|t:|1758283959
|move|p2a: Pelipper|Hurricane|p1a: Dondozo
|-damage|p1a: Dondozo|31/100
|-start|p1a: Dondozo|confusion
|-activate|p1a: Dondozo|confusion
|move|p1a: Dondozo|Avalanche|p2a: Pelipper
|-damage|p2a: Pelipper|41/100
|
|-weather|RainDance|[upkeep]
|upkeep
|turn|9
|
|t:|1758283967
|move|p2a: Pelipper|Hurricane|p1a: Dondozo
|-damage|p1a: Dondozo|0 fnt
|faint|p1a: Dondozo
|
|-weather|RainDance|[upkeep]
|upkeep
|
|t:|1758283970
|switch|p1a: Corviknight|Corviknight, M|100/100
|turn|10
|
|t:|1758283974
|move|p1a: Corviknight|Iron Head|p2a: Pelipper
|-resisted|p2a: Pelipper
|-damage|p2a: Pelipper|22/100
|move|p2a: Pelipper|Hurricane|p1a: Corviknight
|-resisted|p1a: Corviknight
|-damage|p1a: Corviknight|65/100
|
|-weather|RainDance|[upkeep]
|-heal|p1a: Corviknight|71/100|[from] item: Leftovers
|upkeep
|turn|11
|
|t:|1758283982
|move|p1a: Corviknight|Iron Head|p2a: Pelipper
|-resisted|p2a: Pelipper
|-damage|p2a: Pelipper|1/100
|move|p2a: Pelipper|Hurricane|p1a: Corviknight
|-resisted|p1a: Corviknight
|-damage|p1a: Corviknight|32/100
|
|-weather|none
|-heal|p1a: Corviknight|38/100|[from] item: Leftovers
|upkeep
|turn|12
|
|t:|1758283990
|move|p1a: Corviknight|Roost|p1a: Corviknight
|-heal|p1a: Corviknight|88/100
|-singleturn|p1a: Corviknight|move: Roost
|move|p2a: Pelipper|Hurricane|p1a: Corviknight
|-resisted|p1a: Corviknight
|-damage|p1a: Corviknight|52/100
|
|-heal|p1a: Corviknight|58/100|[from] item: Leftovers
|upkeep
|turn|13
|
|t:|1758283999
|move|p1a: Corviknight|Roost|p1a: Corviknight
|-heal|p1a: Corviknight|100/100
|-singleturn|p1a: Corviknight|move: Roost
|move|p2a: Pelipper|Hurricane|p1a: Corviknight|[miss]
|-miss|p2a: Pelipper|p1a: Corviknight
|
|upkeep
|turn|14
|
|t:|1758284003
|move|p1a: Corviknight|U-turn|p2a: Pelipper
|-resisted|p2a: Pelipper
|-damage|p2a: Pelipper|0 fnt
|faint|p2a: Pelipper
|
|t:|1758284006
|switch|p1a: Breloom|Breloom, F|100/100|[from] U-turn
|-activate|p1a: Breloom|move: Sticky Web
|-unboost|p1a: Breloom|spe|1
|
|upkeep
|
|t:|1758284018
|switch|p2a: Ceruledge|Ceruledge, M|100/100
|-damage|p2a: Ceruledge|84/100|[from] Spikes
|turn|15
|
|t:|1758284023
|move|p2a: Ceruledge|Shadow Sneak|p1a: Breloom
|-damage|p1a: Breloom|68/100
|move|p1a: Breloom|Rock Tomb|p2a: Ceruledge
|-supereffective|p2a: Ceruledge
|-damage|p2a: Ceruledge|0 fnt
|faint|p2a: Ceruledge
|-damage|p1a: Breloom|58/100|[from] item: Life Orb
|
|upkeep
|
|t:|1758284029
|switch|p2a: Iron Boulder|Iron Boulder|100/100
|-damage|p2a: Iron Boulder|84/100|[from] Spikes
|-enditem|p2a: Iron Boulder|Booster Energy
|-activate|p2a: Iron Boulder|ability: Quark Drive|[fromitem]
|-start|p2a: Iron Boulder|quarkdrivespe
|turn|16
|
|t:|1758284035
|-terastallize|p2a: Iron Boulder|Fighting
|move|p1a: Breloom|Mach Punch|p2a: Iron Boulder
|-damage|p2a: Iron Boulder|33/100
|-damage|p1a: Breloom|48/100|[from] item: Life Orb
|move|p2a: Iron Boulder|Swords Dance|p2a: Iron Boulder
|-boost|p2a: Iron Boulder|atk|2
|
|upkeep
|turn|17
|
|t:|1758284043
|move|p1a: Breloom|Mach Punch|p2a: Iron Boulder
|-damage|p2a: Iron Boulder|0 fnt
|faint|p2a: Iron Boulder
|-end|p2a: Iron Boulder|Quark Drive|[silent]
|-damage|p1a: Breloom|38/100|[from] item: Life Orb
|
|upkeep
|
|t:|1758284046
|switch|p2a: Moltres|Moltres-Galar, shiny|100/100
|turn|18
|
|t:|1758284050
|move|p1a: Breloom|Mach Punch|p2a: Moltres
|-damage|p2a: Moltres|57/100
|-damage|p1a: Breloom|28/100|[from] item: Life Orb
|move|p2a: Moltres|Air Slash|p1a: Breloom
|-supereffective|p1a: Breloom
|-damage|p1a: Breloom|0 fnt
|faint|p1a: Breloom
|
|upkeep
|
|t:|1758284062
|switch|p1a: Corviknight|Corviknight, M|100/100
|-activate|p1a: Corviknight|move: Sticky Web
|-unboost|p1a: Corviknight|spe|1
|turn|19
|
|t:|1758284074
|move|p2a: Moltres|Shadow Ball|p1a: Corviknight
|-immune|p1a: Corviknight
|move|p1a: Corviknight|Focus Blast|p2a: Moltres
|-damage|p2a: Moltres|4/100
|-unboost|p2a: Moltres|spd|1
|-ability|p2a: Moltres|Berserk|boost
|-boost|p2a: Moltres|spa|1
|
|upkeep
|turn|20
|
|t:|1758284080
|move|p2a: Moltres|Dark Pulse|p1a: Corviknight
|-supereffective|p1a: Corviknight
|-damage|p1a: Corviknight|0 fnt
|replace|p1a: Zoroark|Zoroark-Hisui, M
|-end|p1a: Zoroark|Illusion
|faint|p1a: Zoroark
|
|upkeep
|
|t:|1758284083
|switch|p1a: Corviknight|Corviknight, M|100/100
|turn|21
|
|t:|1758284087
|move|p2a: Moltres|Dark Pulse|p1a: Corviknight
|-damage|p1a: Corviknight|45/100
|move|p1a: Corviknight|Iron Head|p2a: Moltres
|-damage|p2a: Moltres|0 fnt
|faint|p2a: Moltres
|
|-heal|p1a: Corviknight|51/100|[from] item: Leftovers
|upkeep
|
|t:|1758284093
|switch|p2a: Ribombee|Ribombee, F|94/100 tox
|-damage|p2a: Ribombee|78/100 tox|[from] Spikes
|turn|22
|
|t:|1758284112
|move|p2a: Ribombee|Quiver Dance|p2a: Ribombee
|-boost|p2a: Ribombee|spa|1
|-boost|p2a: Ribombee|spd|1
|-boost|p2a: Ribombee|spe|1
|move|p1a: Corviknight|Iron Head|p2a: Ribombee
|-supereffective|p2a: Ribombee
|-damage|p2a: Ribombee|0 fnt
|faint|p2a: Ribombee
|
|win|joker9000
|raw|joker9000's rating: 1234 &rarr; <strong>1258</strong><br />(+24 for winning)
|raw|leshawnfr's rating: 1225 &rarr; <strong>1201</strong><br />(-24 for losing)
|c|☆joker9000|gg
|c|☆leshawnfr|Gg
|l|☆joker9000
|player|p1|
|l|☆leshawnfr
|player|p2|
