|j|☆AkaHosh
|j|☆herreisbar
|t:|1758304130
|gametype|singles
|player|p1|AkaHosh|lucas|1053
|player|p2|herreisbar|1|1075
|gen|9
|tier|[Gen 9] OU
|rated|
|rule|HP Percentage Mod: HP is shown in percentages
|rule|Endless Battle Clause: Forcing endless battles is banned
|rule|Species Clause: Limit one of each Pokémon
|rule|OHKO Clause: OHKO moves are banned
|rule|Evasion Items Clause: Evasion items are banned
|rule|Evasion Moves Clause: Evasion moves are banned
|rule|Evasion Abilities Clause: Evasion abilities are banned
|rule|Sleep Moves Clause: Sleep-inducing moves are banned
|clearpoke
|poke|p1|Garchomp, M|
|poke|p1|Garganacl, F|
|poke|p1|Greninja-*, M|
|poke|p1|Toxtricity-Low-Key, M|
|poke|p1|Tinkaton, F|
|poke|p1|Hawlucha, M|
|poke|p2|Toxapex, M|
|poke|p2|Dragapult, M|
|poke|p2|Hatterene, F|
|poke|p2|Gliscor, F|
|poke|p2|Blastoise, F|
|poke|p2|Garchomp, F|
|teampreview
|
|t:|1758304144
|teamsize|p1|6
|teamsize|p2|6
|start
|switch|p1a: Greninja|Greninja, M, shiny|100/100
|switch|p2a: Garchomp|Garchomp, F|100/100
|turn|1
|
|t:|1758304161
|switch|p2a: Toxapex|Toxapex, M|100/100
|move|p1a: Greninja|Ice Beam|p2a: Toxapex
|-start|p1a: Greninja|typechange|Ice|[from] ability: Protean
|-resisted|p2a: Toxapex
|-damage|p2a: Toxapex|86/100
|-damage|p1a: Greninja|91/100|[from] item: Life Orb
|
|-heal|p2a: Toxapex|92/100|[from] item: Leftovers
|upkeep
|turn|2
|
|t:|1758304171
|switch|p1a: Tinkaton|Tinkaton, F|100/100
|-ability|p1a: Tinkaton|Mold Breaker
|-item|p1a: Tinkaton|Air Balloon
|move|p2a: Toxapex|Toxic|p1a: Tinkaton
|-immune|p1a: Tinkaton
|
|-heal|p2a: Toxapex|98/100|[from] item: Leftovers
|upkeep
|turn|3
|
|t:|1758304184
|switch|p2a: Gliscor|Gliscor, F|100/100
|move|p1a: Tinkaton|Swords Dance|p1a: Tinkaton
|-boost|p1a: Tinkaton|atk|2
|
|-status|p2a: Gliscor|tox|[from] item: Toxic Orb
|upkeep
|turn|4
|
|t:|1758304192
|move|p2a: Gliscor|Earthquake|p1a: Tinkaton
|-immune|p1a: Tinkaton
|move|p1a: Tinkaton|Play Rough|p2a: Gliscor
|-damage|p2a: Gliscor|36/100 tox
|-unboost|p2a: Gliscor|atk|1
|
|-heal|p2a: Gliscor|49/100 tox|[from] ability: Poison Heal
|upkeep
|turn|5
|
|t:|1758304203
|move|p2a: Gliscor|Protect|p2a: Gliscor
|-singleturn|p2a: Gliscor|Protect
|move|p1a: Tinkaton|Play Rough|p2a: Gliscor
|-activate|p2a: Gliscor|move: Protect
|
|-heal|p2a: Gliscor|61/100 tox|[from] ability: Poison Heal
|upkeep
|turn|6
|
|t:|1758304212
|switch|p2a: Blastoise|Blastoise, F|100/100
|move|p1a: Tinkaton|Play Rough|p2a: Blastoise
|-crit|p2a: Blastoise
|-damage|p2a: Blastoise|0 fnt
|faint|p2a: Blastoise
|
|upkeep
|
|t:|1758304219
|switch|p2a: Dragapult|Dragapult, M|100/100
|turn|7
|
|t:|1758304227
|move|p2a: Dragapult|Fire Blast|p1a: Tinkaton
|-supereffective|p1a: Tinkaton
|-damage|p1a: Tinkaton|3/100
|-enditem|p1a: Tinkaton|Air Balloon
|move|p1a: Tinkaton|Play Rough|p2a: Dragapult
|-supereffective|p2a: Dragapult
|-damage|p2a: Dragapult|0 fnt
|faint|p2a: Dragapult
|
|upkeep
|
|t:|1758304237
|switch|p2a: Garchomp|Garchomp, F|100/100
|turn|8
|
|t:|1758304241
|move|p2a: Garchomp|Earthquake|p1a: Tinkaton
|-supereffective|p1a: Tinkaton
|-damage|p1a: Tinkaton|0 fnt
|faint|p1a: Tinkaton
|
|upkeep
|
|t:|1758304244
|switch|p1a: Greninja|Greninja, M, shiny|91/100
|turn|9
|
|t:|1758304253
|switch|p2a: Toxapex|Toxapex, M|100/100
|move|p1a: Greninja|Grass Knot|p2a: Toxapex
|-start|p1a: Greninja|typechange|Grass|[from] ability: Protean
|-damage|p2a: Toxapex|85/100
|-damage|p1a: Greninja|81/100|[from] item: Life Orb
|
|-heal|p2a: Toxapex|91/100|[from] item: Leftovers
|upkeep
|turn|10
|
|t:|1758304279
|switch|p1a: Garganacl|Garganacl, F|100/100
|switch|p2a: Hatterene|Hatterene, F|100/100
|
|upkeep
|turn|11
|
|t:|1758304286
|move|p1a: Garganacl|Salt Cure|p2a: Hatterene
|-damage|p2a: Hatterene|80/100
|-start|p2a: Hatterene|Salt Cure
|move|p2a: Hatterene|Giga Drain|p1a: Garganacl
|-supereffective|p1a: Garganacl
|-damage|p1a: Garganacl|0 fnt
|-heal|p2a: Hatterene|100/100|[from] drain|[of] p1a: Garganacl
|faint|p1a: Garganacl
|
|-damage|p2a: Hatterene|88/100|[from] Salt Cure
|upkeep
|
|t:|1758304295
|switch|p1a: Garchomp|Garchomp, M|100/100
|turn|12
|
|t:|1758304308
|switch|p2a: Toxapex|Toxapex, M|100/100
|-terastallize|p1a: Garchomp|Steel
|move|p1a: Garchomp|Swords Dance|p1a: Garchomp
|-boost|p1a: Garchomp|atk|2
|
|upkeep
|turn|13
|
|t:|1758304320
|move|p1a: Garchomp|Earthquake|p2a: Toxapex
|-supereffective|p2a: Toxapex
|-damage|p2a: Toxapex|0 fnt
|faint|p2a: Toxapex
|
|upkeep
|
|t:|1758304327
|switch|p2a: Garchomp|Garchomp, F|100/100
|turn|14
|
|t:|1758304340
|move|p2a: Garchomp|Earthquake|p1a: Garchomp
|-supereffective|p1a: Garchomp
|-damage|p1a: Garchomp|3/100
|move|p1a: Garchomp|Scale Shot|p2a: Garchomp
|-supereffective|p2a: Garchomp
|-crit|p2a: Garchomp
|-damage|p2a: Garchomp|21/100
|-supereffective|p2a: Garchomp
|-damage|p2a: Garchomp|0 fnt
|faint|p2a: Garchomp
|-hitcount|p2: Garchomp|2
|-unboost|p1a: Garchomp|def|1
|-boost|p1a: Garchomp|spe|1
|
|upkeep
|
|t:|1758304351
|switch|p2a: Gliscor|Gliscor, F|61/100 tox
|turn|15
|
|t:|1758304370
|move|p1a: Garchomp|Scale Shot|p2a: Gliscor
|-crit|p2a: Gliscor
|-damage|p2a: Gliscor|17/100 tox
|-damage|p2a: Gliscor|0 fnt
|faint|p2a: Gliscor
|-hitcount|p2: Gliscor|2
|-unboost|p1a: Garchomp|def|1
|-boost|p1a: Garchomp|spe|1
|
|upkeep
|
|t:|1758304375
|switch|p2a: Hatterene|Hatterene, F|88/100
|turn|16
|inactive|Battle timer is ON: inactive players will automatically lose when time's up. (requested by AkaHosh)
|
|t:|1758304382
|-terastallize|p2a: Hatterene|Psychic
|move|p1a: Garchomp|Iron Head|p2a: Hatterene
|-damage|p2a: Hatterene|0 fnt
|faint|p2a: Hatterene
|
|win|AkaHosh
|raw|AkaHosh's rating: 1053 &rarr; <strong>1087</strong><br />(+34 for winning)
|raw|herreisbar's rating: 1075 &rarr; <strong>1052</strong><br />(-23 for losing)
|l|☆herreisbar
|player|p2|
