|j|☆dxBasti
|j|☆slowbro named paul
|t:|1758274459
|gametype|singles
|player|p1|dxBasti|n|1342
|player|p2|slowbro named paul|skierf|1334
|gen|9
|tier|[Gen 9] OU
|rated|
|rule|HP Percentage Mod: HP is shown in percentages
|rule|Endless Battle Clause: Forcing endless battles is banned
|rule|Species Clause: Limit one of each Pokémon
|rule|OHKO Clause: OHKO moves are banned
|rule|Evasion Items Clause: Evasion items are banned
|rule|Evasion Moves Clause: Evasion moves are banned
|rule|Evasion Abilities Clause: Evasion abilities are banned
|rule|Sleep Moves Clause: Sleep-inducing moves are banned
|clearpoke
|poke|p1|Indeedee, M|
|poke|p1|Hatterene, F|
|poke|p1|Ursaluna, M|
|poke|p1|Iron Hands|
|poke|p1|Hoopa-Unbound|
|poke|p1|Mimikyu, F|
|poke|p2|Vaporeon, F|
|poke|p2|Arboliva, F|
|poke|p2|Fezandipiti, M|
|poke|p2|Tyranitar, M|
|poke|p2|Salamence, M|
|poke|p2|Excadrill, M|
|teampreview
|inactive|Battle timer is ON: inactive players will automatically lose when time's up. (requested by slowbro named paul)
|
|t:|1758274465
|teamsize|p1|6
|teamsize|p2|6
|start
|switch|p1a: Iron Hands|Iron Hands|100/100
|switch|p2a: guy who digs|Excadrill, M|100/100
|-ability|p2a: guy who digs|Mold Breaker
|-enditem|p1a: Iron Hands|Booster Energy
|-activate|p1a: Iron Hands|ability: Quark Drive|[fromitem]
|-start|p1a: Iron Hands|quarkdriveatk
|turn|1
|
|t:|1758274470
|switch|p2a: DASTARDLY DRAGON|Salamence, M|100/100
|-ability|p2a: DASTARDLY DRAGON|Intimidate|boost
|-unboost|p1a: Iron Hands|atk|1
|-terastallize|p1a: Iron Hands|Flying
|move|p1a: Iron Hands|Ice Punch|p2a: DASTARDLY DRAGON
|-supereffective|p2a: DASTARDLY DRAGON
|-damage|p2a: DASTARDLY DRAGON|31/100
|
|upkeep
|turn|2
|
|t:|1758274479
|move|p2a: DASTARDLY DRAGON|Roost|p2a: DASTARDLY DRAGON
|-heal|p2a: DASTARDLY DRAGON|81/100
|-singleturn|p2a: DASTARDLY DRAGON|move: Roost
|move|p1a: Iron Hands|Ice Punch|p2a: DASTARDLY DRAGON
|-supereffective|p2a: DASTARDLY DRAGON
|-damage|p2a: DASTARDLY DRAGON|45/100
|
|upkeep
|turn|3
|
|t:|1758274486
|move|p2a: DASTARDLY DRAGON|Roost|p2a: DASTARDLY DRAGON
|-heal|p2a: DASTARDLY DRAGON|95/100
|-singleturn|p2a: DASTARDLY DRAGON|move: Roost
|move|p1a: Iron Hands|Ice Punch|p2a: DASTARDLY DRAGON
|-supereffective|p2a: DASTARDLY DRAGON
|-damage|p2a: DASTARDLY DRAGON|57/100
|
|upkeep
|turn|4
|
|t:|1758274488
|-terastallize|p2a: DASTARDLY DRAGON|Flying
|move|p2a: DASTARDLY DRAGON|Breaking Swipe|p1a: Iron Hands
|-crit|p1a: Iron Hands
|-damage|p1a: Iron Hands|71/100
|-unboost|p1a: Iron Hands|atk|1
|move|p1a: Iron Hands|Ice Punch|p2a: DASTARDLY DRAGON
|-supereffective|p2a: DASTARDLY DRAGON
|-damage|p2a: DASTARDLY DRAGON|27/100
|
|upkeep
|turn|5
|
|t:|1758274492
|move|p2a: DASTARDLY DRAGON|Roost|p2a: DASTARDLY DRAGON
|-heal|p2a: DASTARDLY DRAGON|77/100
|-hint|If a Terastallized Pokemon uses Roost, it remains Flying-type.
|move|p1a: Iron Hands|Ice Punch|p2a: DASTARDLY DRAGON
|-supereffective|p2a: DASTARDLY DRAGON
|-damage|p2a: DASTARDLY DRAGON|48/100
|
|upkeep
|turn|6
|
|t:|1758274496
|move|p2a: DASTARDLY DRAGON|Breaking Swipe|p1a: Iron Hands
|-damage|p1a: Iron Hands|51/100
|-unboost|p1a: Iron Hands|atk|1
|move|p1a: Iron Hands|Ice Punch|p2a: DASTARDLY DRAGON
|-supereffective|p2a: DASTARDLY DRAGON
|-damage|p2a: DASTARDLY DRAGON|24/100
|
|upkeep
|turn|7
|
|t:|1758274500
|switch|p2a: Catfish|Vaporeon, F|100/100
|move|p1a: Iron Hands|Supercell Slam|p2a: Catfish
|-supereffective|p2a: Catfish
|-damage|p2a: Catfish|57/100
|
|-heal|p2a: Catfish|64/100|[from] item: Leftovers
|upkeep
|turn|8
|
|t:|1758274502
|move|p2a: Catfish|Scald|p1a: Iron Hands
|-damage|p1a: Iron Hands|28/100
|move|p1a: Iron Hands|Supercell Slam|p2a: Catfish
|-supereffective|p2a: Catfish
|-damage|p2a: Catfish|18/100
|
|-heal|p2a: Catfish|25/100|[from] item: Leftovers
|upkeep
|turn|9
|
|t:|1758274506
|move|p2a: Catfish|Scald|p1a: Iron Hands
|-damage|p1a: Iron Hands|4/100
|move|p1a: Iron Hands|Supercell Slam|p2a: Catfish
|-supereffective|p2a: Catfish
|-damage|p2a: Catfish|0 fnt
|faint|p2a: Catfish
|
|upkeep
|
|t:|1758274509
|switch|p2a: DASTARDLY DRAGON|Salamence, M, tera:Flying|24/100
|-ability|p2a: DASTARDLY DRAGON|Intimidate|boost
|-unboost|p1a: Iron Hands|atk|1
|turn|10
|
|t:|1758274510
|move|p2a: DASTARDLY DRAGON|Roost|p2a: DASTARDLY DRAGON
|-heal|p2a: DASTARDLY DRAGON|74/100
|-hint|If a Terastallized Pokemon uses Roost, it remains Flying-type.
|move|p1a: Iron Hands|Ice Punch|p2a: DASTARDLY DRAGON
|-supereffective|p2a: DASTARDLY DRAGON
|-damage|p2a: DASTARDLY DRAGON|56/100
|
|upkeep
|turn|11
|
|t:|1758274513
|move|p2a: DASTARDLY DRAGON|Dragon Dance|p2a: DASTARDLY DRAGON
|-boost|p2a: DASTARDLY DRAGON|atk|1
|-boost|p2a: DASTARDLY DRAGON|spe|1
|move|p1a: Iron Hands|Supercell Slam|p2a: DASTARDLY DRAGON
|-supereffective|p2a: DASTARDLY DRAGON
|-damage|p2a: DASTARDLY DRAGON|18/100
|
|upkeep
|turn|12
|
|t:|1758274515
|move|p2a: DASTARDLY DRAGON|Breaking Swipe|p1a: Iron Hands
|-damage|p1a: Iron Hands|0 fnt
|faint|p1a: Iron Hands
|-end|p1a: Iron Hands|Quark Drive|[silent]
|
|upkeep
|
|t:|1758274519
|switch|p1a: Indeedee|Indeedee, M|100/100
|-fieldstart|move: Psychic Terrain|[from] ability: Psychic Surge|[of] p1a: Indeedee
|turn|13
|
|t:|1758274522
|switch|p1a: Mimikyu|Mimikyu, F|100/100
|move|p2a: DASTARDLY DRAGON|Dual Wingbeat|p1a: Mimikyu
|-activate|p1a: Mimikyu|ability: Disguise
|-damage|p1a: Mimikyu|100/100
|detailschange|p1a: Mimikyu|Mimikyu-Busted, F
|-damage|p1a: Mimikyu|88/100|[from] pokemon: Mimikyu-Busted
|-damage|p1a: Mimikyu|56/100
|-hitcount|p1a: Mimikyu|2
|-enditem|p1a: Mimikyu|Red Card|[of] p2a: DASTARDLY DRAGON
|drag|p2a: Olive Garden|Arboliva, F|100/100
|
|upkeep
|turn|14
|
|t:|1758274526
|move|p2a: Olive Garden|Giga Drain|p1a: Mimikyu
|-damage|p1a: Mimikyu|11/100
|move|p1a: Mimikyu|Trick Room|p1a: Mimikyu
|-fieldstart|move: Trick Room|[of] p1a: Mimikyu
|
|upkeep
|turn|15
|
|t:|1758274530
|switch|p2a: Reptar|Tyranitar, M|100/100
|-weather|Sandstorm|[from] ability: Sand Stream|[of] p2a: Reptar
|move|p1a: Mimikyu|Curse|p2a: Reptar
|-start|p2a: Reptar|Curse|[of] p1a: Mimikyu
|-damage|p1a: Mimikyu|0 fnt
|faint|p1a: Mimikyu
|
|-weather|Sandstorm|[upkeep]
|-damage|p2a: Reptar|75/100|[from] Curse
|upkeep
|
|t:|1758274533
|switch|p1a: Ursaluna|Ursaluna, M|100/100
|turn|16
|
|t:|1758274541
|switch|p2a: DASTARDLY DRAGON|Salamence, M, tera:Flying|18/100
|-ability|p2a: DASTARDLY DRAGON|Intimidate|boost
|-unboost|p1a: Ursaluna|atk|1
|move|p1a: Ursaluna|Ice Punch|p2a: DASTARDLY DRAGON
|-supereffective|p2a: DASTARDLY DRAGON
|-damage|p2a: DASTARDLY DRAGON|0 fnt
|faint|p2a: DASTARDLY DRAGON
|
|-weather|Sandstorm|[upkeep]
|-status|p1a: Ursaluna|brn|[from] item: Flame Orb
|upkeep
|
|t:|1758274544
|switch|p2a: Olive Garden|Arboliva, F|100/100
|turn|17
|
|t:|1758274546
|move|p2a: Olive Garden|Giga Drain|p1a: Ursaluna
|-supereffective|p1a: Ursaluna
|-damage|p1a: Ursaluna|31/100 brn
|move|p1a: Ursaluna|Facade|p2a: Olive Garden
|-damage|p2a: Olive Garden|7/100
|-fieldstart|move: Grassy Terrain|[from] ability: Seed Sower|[of] p2a: Olive Garden
|
|-weather|Sandstorm|[upkeep]
|-damage|p2a: Olive Garden|1/100|[from] Sandstorm
|-heal|p2a: Olive Garden|7/100|[from] Grassy Terrain
|-heal|p1a: Ursaluna|37/100 brn|[from] Grassy Terrain
|-damage|p1a: Ursaluna|31/100 brn|[from] brn
|upkeep
|turn|18
|
|t:|1758274549
|move|p2a: Olive Garden|Giga Drain|p1a: Ursaluna
|-supereffective|p1a: Ursaluna
|-damage|p1a: Ursaluna|0 fnt
|-heal|p2a: Olive Garden|27/100|[from] drain|[of] p1a: Ursaluna
|faint|p1a: Ursaluna
|
|-weather|Sandstorm|[upkeep]
|-damage|p2a: Olive Garden|20/100|[from] Sandstorm
|-heal|p2a: Olive Garden|27/100|[from] Grassy Terrain
|-fieldend|move: Trick Room
|upkeep
|
|t:|1758274554
|switch|p1a: Indeedee|Indeedee, M|100/100
|-fieldstart|move: Psychic Terrain|[from] ability: Psychic Surge|[of] p1a: Indeedee
|turn|19
|
|t:|1758274560
|switch|p1a: Hoopa|Hoopa-Unbound|100/100
|-enditem|p1a: Hoopa|Psychic Seed
|-boost|p1a: Hoopa|spd|1|[from] item: Psychic Seed
|move|p2a: Olive Garden|Giga Drain|p1a: Hoopa
|-damage|p1a: Hoopa|78/100
|-heal|p2a: Olive Garden|38/100|[from] drain|[of] p1a: Hoopa
|
|-weather|none
|upkeep
|turn|20
|
|t:|1758274563
|move|p2a: Olive Garden|Alluring Voice|p1a: Hoopa
|-supereffective|p1a: Hoopa
|-damage|p1a: Hoopa|51/100
|move|p1a: Hoopa|Trick Room|p1a: Hoopa
|-fieldstart|move: Trick Room|[of] p1a: Hoopa
|
|upkeep
|turn|21
|
|t:|1758274567
|switch|p2a: Reptar|Tyranitar, M|75/100
|-weather|Sandstorm|[from] ability: Sand Stream|[of] p2a: Reptar
|move|p1a: Hoopa|Expanding Force|p2a: Reptar
|-immune|p2a: Reptar
|
|-weather|Sandstorm|[upkeep]
|-damage|p1a: Hoopa|45/100|[from] Sandstorm
|upkeep
|turn|22
|
|t:|1758274570
|move|p1a: Hoopa|Focus Blast|p2a: Reptar
|-supereffective|p2a: Reptar
|-damage|p2a: Reptar|24/100
|-item|p1a: Hoopa|Assault Vest|[from] ability: Magician|[of] p2a: Reptar
|move|p2a: Reptar|Knock Off|p1a: Hoopa
|-damage|p1a: Hoopa|0 fnt
|-enditem|p1a: Hoopa|Assault Vest|[from] move: Knock Off|[of] p2a: Reptar
|faint|p1a: Hoopa
|
|-weather|Sandstorm|[upkeep]
|upkeep
|
|t:|1758274573
|switch|p1a: Hatterene|Hatterene, F|100/100
|turn|23
|
|t:|1758274576
|move|p1a: Hatterene|Draining Kiss|p2a: Reptar
|-supereffective|p2a: Reptar
|-damage|p2a: Reptar|0 fnt
|faint|p2a: Reptar
|-damage|p1a: Hatterene|91/100|[from] item: Life Orb
|
|-weather|Sandstorm|[upkeep]
|-damage|p1a: Hatterene|85/100|[from] Sandstorm
|upkeep
|
|t:|1758274578
|switch|p2a: guy who digs|Excadrill, M|100/100
|-ability|p2a: guy who digs|Mold Breaker
|turn|24
|
|t:|1758274580
|switch|p2a: Olive Garden|Arboliva, F|38/100
|move|p1a: Hatterene|Mystical Fire|p2a: Olive Garden
|-supereffective|p2a: Olive Garden
|-damage|p2a: Olive Garden|0 fnt
|-fieldstart|move: Grassy Terrain|[from] ability: Seed Sower|[of] p2a: Olive Garden
|faint|p2a: Olive Garden
|-damage|p1a: Hatterene|75/100|[from] item: Life Orb
|
|-weather|Sandstorm|[upkeep]
|-damage|p1a: Hatterene|69/100|[from] Sandstorm
|-heal|p1a: Hatterene|75/100|[from] Grassy Terrain
|-fieldend|move: Trick Room
|upkeep
|
|t:|1758274583
|switch|p2a: guy who digs|Excadrill, M|100/100
|-ability|p2a: guy who digs|Mold Breaker
|turn|25
|
|t:|1758274586
|switch|p1a: Indeedee|Indeedee, M|100/100
|-fieldstart|move: Psychic Terrain|[from] ability: Psychic Surge|[of] p1a: Indeedee
|move|p2a: guy who digs|Iron Head|p1a: Indeedee
|-damage|p1a: Indeedee|40/100
|-damage|p2a: guy who digs|91/100|[from] item: Life Orb
|
|-weather|none
|upkeep
|turn|26
|
|t:|1758274590
|move|p2a: guy who digs|Iron Head|p1a: Indeedee
|-damage|p1a: Indeedee|0 fnt
|faint|p1a: Indeedee
|-damage|p2a: guy who digs|81/100|[from] item: Life Orb
|
|upkeep
|
|t:|1758274592
|switch|p1a: Hatterene|Hatterene, F|75/100
|turn|27
|
|t:|1758274595
|move|p2a: guy who digs|Iron Head|p1a: Hatterene
|-supereffective|p1a: Hatterene
|-damage|p1a: Hatterene|0 fnt
|faint|p1a: Hatterene
|-damage|p2a: guy who digs|71/100|[from] item: Life Orb
|
|win|slowbro named paul
|raw|dxBasti's rating: 1342 &rarr; <strong>1322</strong><br />(-20 for losing)
|raw|slowbro named paul's rating: 1334 &rarr; <strong>1354</strong><br />(+20 for winning)
|l|☆dxBasti
|player|p1|
|l|☆slowbro named paul
|player|p2|
