|j|‽mogaraki
|j|☆r1se 0f j1mothy
|t:|1758358170
|gametype|singles
|player|p1|mogaraki|170|1212
|player|p2|r1se 0f j1mothy|veteran|1215
|gen|9
|tier|[Gen 9] OU
|rated|
|rule|HP Percentage Mod: HP is shown in percentages
|rule|Endless Battle Clause: Forcing endless battles is banned
|rule|Species Clause: Limit one of each Pokémon
|rule|OHKO Clause: OHKO moves are banned
|rule|Evasion Items Clause: Evasion items are banned
|rule|Evasion Moves Clause: Evasion moves are banned
|rule|Evasion Abilities Clause: Evasion abilities are banned
|rule|Sleep Moves Clause: Sleep-inducing moves are banned
|clearpoke
|poke|p1|Skeledirge, M|
|poke|p1|Darkrai|
|poke|p1|Great Tusk|
|poke|p1|Slowking-Galar, F|
|poke|p1|Ogerpon-Wellspring, F|
|poke|p1|Jolteon, M|
|poke|p2|Pelipper, F|
|poke|p2|Blastoise, M|
|poke|p2|Raging Bolt|
|poke|p2|Barraskewda, M|
|poke|p2|Ogerpon-Wellspring, F|
|poke|p2|Iron Treads|
|teampreview
|inactive|Battle timer is ON: inactive players will automatically lose when time's up. (requested by r1se 0f j1mothy)
|inactive|mogaraki has 120 seconds left.
|
|t:|1758358215
|teamsize|p1|6
|teamsize|p2|6
|start
|switch|p1a: Darkrai|Darkrai|100/100
|switch|p2a: Pelipper|Pelipper, F|100/100
|-item|p1a: Darkrai|Air Balloon
|-weather|RainDance|[from] ability: Drizzle|[of] p2a: Pelipper
|turn|1
|
|t:|1758358224
|move|p1a: Darkrai|Nasty Plot|p1a: Darkrai
|-boost|p1a: Darkrai|spa|2
|move|p2a: Pelipper|U-turn|p1a: Darkrai
|-supereffective|p1a: Darkrai
|-damage|p1a: Darkrai|76/100
|-enditem|p1a: Darkrai|Air Balloon
|
|t:|1758358231
|switch|p2a: Raging Bolt|Raging Bolt|100/100|[from] U-turn
|
|-weather|RainDance|[upkeep]
|upkeep
|turn|2
|
|t:|1758358238
|move|p2a: Raging Bolt|Thunderclap|p1a: Darkrai
|-damage|p1a: Darkrai|19/100
|move|p1a: Darkrai|Ice Beam|p2a: Raging Bolt
|-supereffective|p2a: Raging Bolt
|-damage|p2a: Raging Bolt|0 fnt
|faint|p2a: Raging Bolt
|-end|p2a: Raging Bolt|Protosynthesis|[silent]
|
|-weather|RainDance|[upkeep]
|upkeep
|
|t:|1758358247
|switch|p2a: Barraskewda|Barraskewda, M|100/100
|turn|3
|
|t:|1758358255
|move|p2a: Barraskewda|Ice Fang|p1a: Darkrai
|-damage|p1a: Darkrai|0 fnt
|faint|p1a: Darkrai
|
|-weather|RainDance|[upkeep]
|upkeep
|
|t:|1758358269
|switch|p1a: Ogerpon|Ogerpon-Wellspring, F|100/100
|turn|4
|
|t:|1758358274
|move|p2a: Barraskewda|Ice Fang|p1a: Ogerpon|[miss]
|-miss|p2a: Barraskewda|p1a: Ogerpon
|move|p1a: Ogerpon|Power Whip|p2a: Barraskewda
|-supereffective|p2a: Barraskewda
|-damage|p2a: Barraskewda|0 fnt
|faint|p2a: Barraskewda
|
|-weather|RainDance|[upkeep]
|upkeep
|
|t:|1758358295
|switch|p2a: Pelipper|Pelipper, F|100/100
|turn|5
|
|t:|1758358304
|move|p1a: Ogerpon|Knock Off|p2a: Pelipper
|-damage|p2a: Pelipper|69/100
|-enditem|p2a: Pelipper|Damp Rock|[from] move: Knock Off|[of] p1a: Ogerpon
|move|p2a: Pelipper|Hurricane|p1a: Ogerpon
|-supereffective|p1a: Ogerpon
|-damage|p1a: Ogerpon|9/100
|
|-weather|RainDance|[upkeep]
|upkeep
|turn|6
|
|t:|1758358312
|move|p1a: Ogerpon|U-turn|p2a: Pelipper
|-resisted|p2a: Pelipper
|-damage|p2a: Pelipper|59/100
|
|t:|1758358328
|switch|p1a: Jolteon|Jolteon, M|100/100|[from] U-turn
|move|p2a: Pelipper|U-turn|p1a: Jolteon
|-damage|p1a: Jolteon|83/100
|
|t:|1758358338
|switch|p2a: Blastoise|Blastoise, M|100/100|[from] U-turn
|
|-weather|RainDance|[upkeep]
|upkeep
|turn|7
|
|t:|1758358346
|move|p1a: Jolteon|Thunderbolt|p2a: Blastoise
|-supereffective|p2a: Blastoise
|-damage|p2a: Blastoise|0 fnt
|faint|p2a: Blastoise
|-damage|p1a: Jolteon|73/100|[from] item: Life Orb
|
|-weather|RainDance|[upkeep]
|upkeep
|
|t:|1758358352
|switch|p2a: Ogerpon|Ogerpon-Wellspring, F|100/100
|turn|8
|
|t:|1758358358
|move|p1a: Jolteon|Protect|p1a: Jolteon
|-singleturn|p1a: Jolteon|Protect
|move|p2a: Ogerpon|Ivy Cudgel|p1a: Jolteon|[anim] Ivy Cudgel Water
|-activate|p1a: Jolteon|move: Protect
|
|-weather|none
|upkeep
|turn|9
|
|t:|1758358368
|switch|p1a: Ogerpon|Ogerpon-Wellspring, F|9/100
|move|p2a: Ogerpon|Ivy Cudgel|p1a: Ogerpon|[anim] Ivy Cudgel Water
|-heal|p1a: Ogerpon|34/100|[from] ability: Water Absorb|[of] p2a: Ogerpon
|
|upkeep
|turn|10
|
|t:|1758358374
|move|p2a: Ogerpon|Spiky Shield|p2a: Ogerpon
|-singleturn|p2a: Ogerpon|move: Protect
|move|p1a: Ogerpon|Power Whip|p2a: Ogerpon
|-activate|p2a: Ogerpon|move: Protect
|-damage|p1a: Ogerpon|21/100|[from] Spiky Shield|[of] p2a: Ogerpon
|
|upkeep
|turn|11
|
|t:|1758358382
|move|p2a: Ogerpon|U-turn|p1a: Ogerpon
|-supereffective|p1a: Ogerpon
|-damage|p1a: Ogerpon|0 fnt
|faint|p1a: Ogerpon
|
|t:|1758358384
|switch|p2a: Pelipper|Pelipper, F|59/100|[from] U-turn
|-weather|RainDance|[from] ability: Drizzle|[of] p2a: Pelipper
|
|-weather|RainDance|[upkeep]
|upkeep
|
|t:|1758358394
|switch|p1a: Jolteon|Jolteon, M|73/100
|turn|12
|
|t:|1758358402
|switch|p2a: Imagine nicknaming|Iron Treads|100/100
|move|p1a: Jolteon|Protect||[still]
|-fail|p1a: Jolteon
|
|-weather|RainDance|[upkeep]
|upkeep
|turn|13
|
|t:|1758358419
|move|p1a: Jolteon|Protect|p1a: Jolteon
|-singleturn|p1a: Jolteon|Protect
|move|p2a: Imagine nicknaming|Earthquake|p1a: Jolteon
|-activate|p1a: Jolteon|move: Protect
|
|-weather|RainDance|[upkeep]
|upkeep
|turn|14
|
|t:|1758358424
|switch|p1a: Great Tusk|Great Tusk|100/100
|-enditem|p1a: Great Tusk|Booster Energy
|-activate|p1a: Great Tusk|ability: Protosynthesis|[fromitem]
|-start|p1a: Great Tusk|protosynthesisatk
|move|p2a: Imagine nicknaming|Earthquake|p1a: Great Tusk
|-damage|p1a: Great Tusk|65/100
|
|-weather|RainDance|[upkeep]
|upkeep
|turn|15
|
|t:|1758358435
|move|p2a: Imagine nicknaming|Earthquake|p1a: Great Tusk
|-damage|p1a: Great Tusk|34/100
|move|p1a: Great Tusk|Close Combat|p2a: Imagine nicknaming
|-supereffective|p2a: Imagine nicknaming
|-damage|p2a: Imagine nicknaming|0 fnt
|-unboost|p1a: Great Tusk|def|1
|-unboost|p1a: Great Tusk|spd|1
|faint|p2a: Imagine nicknaming
|-end|p2a: Imagine nicknaming|Quark Drive|[silent]
|
|-weather|none
|upkeep
|
|t:|1758358439
|switch|p2a: Pelipper|Pelipper, F|59/100
|-weather|RainDance|[from] ability: Drizzle|[of] p2a: Pelipper
|turn|16
|
|t:|1758358445
|move|p1a: Great Tusk|Close Combat|p2a: Pelipper
|-resisted|p2a: Pelipper
|-damage|p2a: Pelipper|28/100
|-unboost|p1a: Great Tusk|def|1
|-unboost|p1a: Great Tusk|spd|1
|move|p2a: Pelipper|Hurricane|p1a: Great Tusk
|-supereffective|p1a: Great Tusk
|-damage|p1a: Great Tusk|0 fnt
|faint|p1a: Great Tusk
|-end|p1a: Great Tusk|Protosynthesis|[silent]
|
|-weather|RainDance|[upkeep]
|upkeep
|
|t:|1758358458
|switch|p1a: Jolteon|Jolteon, M|73/100
|turn|17
|
|t:|1758358466
|move|p1a: Jolteon|Protect|p1a: Jolteon
|-singleturn|p1a: Jolteon|Protect
|move|p2a: Pelipper|U-turn|p1a: Jolteon
|-activate|p1a: Jolteon|move: Protect
|
|-weather|RainDance|[upkeep]
|upkeep
|turn|18
|
|t:|1758358471
|move|p1a: Jolteon|Thunderbolt|p2a: Pelipper
|-supereffective|p2a: Pelipper
|-damage|p2a: Pelipper|0 fnt
|faint|p2a: Pelipper
|-damage|p1a: Jolteon|63/100|[from] item: Life Orb
|
|-weather|RainDance|[upkeep]
|upkeep
|
|t:|1758358473
|switch|p2a: Ogerpon|Ogerpon-Wellspring, F|100/100
|turn|19
|
|t:|1758358480
|move|p1a: Jolteon|Thunderbolt|p2a: Ogerpon
|-crit|p2a: Ogerpon
|-damage|p2a: Ogerpon|12/100
|-damage|p1a: Jolteon|53/100|[from] item: Life Orb
|move|p2a: Ogerpon|Ivy Cudgel|p1a: Jolteon|[anim] Ivy Cudgel Water
|-damage|p1a: Jolteon|0 fnt
|faint|p1a: Jolteon
|
|-weather|RainDance|[upkeep]
|upkeep
|
|t:|1758358483
|switch|p1a: Slowking|Slowking-Galar, F|100/100
|turn|20
|
|t:|1758358489
|move|p2a: Ogerpon|Spiky Shield|p2a: Ogerpon
|-singleturn|p2a: Ogerpon|move: Protect
|move|p1a: Slowking|Sludge Bomb|p2a: Ogerpon
|-activate|p2a: Ogerpon|move: Protect
|
|-weather|none
|upkeep
|turn|21
|
|t:|1758358501
|-terastallize|p2a: Ogerpon|Water
|detailschange|p2a: Ogerpon|Ogerpon-Wellspring-Tera, F, tera:Water
|-ability|p2a: Ogerpon|Embody Aspect (Wellspring)|boost
|-boost|p2a: Ogerpon|spd|1
|move|p2a: Ogerpon|Ivy Cudgel|p1a: Slowking|[anim] Ivy Cudgel Water
|-damage|p1a: Slowking|40/100
|move|p1a: Slowking|Sludge Bomb|p2a: Ogerpon
|-damage|p2a: Ogerpon|0 fnt
|faint|p2a: Ogerpon
|detailschange|p2: Ogerpon|Ogerpon-Wellspring, F|[silent]
|
|win|mogaraki
|raw|mogaraki's rating: 1212 &rarr; <strong>1237</strong><br />(+25 for winning)
|raw|r1se 0f j1mothy's rating: 1215 &rarr; <strong>1190</strong><br />(-25 for losing)
|l|‽mogaraki
|player|p1|
|l|☆r1se 0f j1mothy
|player|p2|
