|j|☆Kasey D
|j|☆xuelidd
|t:|1758246579
|gametype|singles
|player|p1|Kasey D|1|1120
|player|p2|xuelidd|265|1170
|gen|9
|tier|[Gen 9] OU
|rated|
|rule|HP Percentage Mod: HP is shown in percentages
|rule|Endless Battle Clause: Forcing endless battles is banned
|rule|Species Clause: Limit one of each Pokémon
|rule|OHKO Clause: OHKO moves are banned
|rule|Evasion Items Clause: Evasion items are banned
|rule|Evasion Moves Clause: Evasion moves are banned
|rule|Evasion Abilities Clause: Evasion abilities are banned
|rule|Sleep Moves Clause: Sleep-inducing moves are banned
|clearpoke
|poke|p1|Wigglytuff, M|
|poke|p1|Hatterene, F|
|poke|p1|Reuniclus, F|
|poke|p1|Farigiraf, F|
|poke|p1|Banette, M|
|poke|p1|Mamoswine, F|
|poke|p2|Torkoal, M|
|poke|p2|Alomomola, M|
|poke|p2|Moltres|
|poke|p2|Great Tusk|
|poke|p2|Raging Bolt|
|poke|p2|Kingambit, F|
|teampreview
|inactive|Battle timer is ON: inactive players will automatically lose when time's up. (requested by xuelidd)
|
|t:|1758246607
|teamsize|p1|6
|teamsize|p2|6
|start
|switch|p1a: Hatterene|Hatterene, F|100/100
|switch|p2a: 小明剑魔|Torkoal, M|100/100
|-weather|SunnyDay|[from] ability: Drought|[of] p2a: 小明剑魔
|turn|1
|
|t:|1758246616
|move|p2a: 小明剑魔|Eruption|p1a: Hatterene
|-enditem|p1a: Hatterene|Focus Sash
|-damage|p1a: Hatterene|1/100
|move|p1a: Hatterene|Psychic Noise|p2a: 小明剑魔
|-damage|p2a: 小明剑魔|41/100
|-start|p2a: 小明剑魔|move: Heal Block
|
|-weather|SunnyDay|[upkeep]
|upkeep
|turn|2
|
|t:|1758246629
|move|p2a: 小明剑魔|Eruption|p1a: Hatterene
|-damage|p1a: Hatterene|0 fnt
|faint|p1a: Hatterene
|
|-weather|SunnyDay|[upkeep]
|-end|p2a: 小明剑魔|move: Heal Block
|upkeep
|
|t:|1758246641
|switch|p1a: Farigiraf|Farigiraf, F|100/100
|turn|3
|
|t:|1758246655
|switch|p2a: 大酱|Kingambit, F|100/100
|move|p1a: Farigiraf|Trick Room|p1a: Farigiraf
|-fieldstart|move: Trick Room|[of] p1a: Farigiraf
|
|-weather|SunnyDay|[upkeep]
|upkeep
|turn|4
|
|t:|1758246668
|move|p2a: 大酱|Iron Head|p1a: Farigiraf
|-damage|p1a: Farigiraf|52/100
|move|p1a: Farigiraf|Thunderbolt|p2a: 大酱
|-damage|p2a: 大酱|77/100
|-status|p2a: 大酱|par
|-damage|p1a: Farigiraf|42/100|[from] item: Life Orb
|
|-weather|SunnyDay|[upkeep]
|upkeep
|turn|5
|
|t:|1758246678
|cant|p2a: 大酱|par
|move|p1a: Farigiraf|Thunderbolt|p2a: 大酱
|-damage|p2a: 大酱|52/100 par
|-damage|p1a: Farigiraf|32/100|[from] item: Life Orb
|
|-weather|SunnyDay|[upkeep]
|upkeep
|turn|6
|
|t:|1758246688
|cant|p2a: 大酱|par
|move|p1a: Farigiraf|Thunderbolt|p2a: 大酱
|-damage|p2a: 大酱|30/100 par
|-damage|p1a: Farigiraf|22/100|[from] item: Life Orb
|
|-weather|SunnyDay|[upkeep]
|upkeep
|turn|7
|
|t:|1758246701
|move|p2a: 大酱|Sucker Punch||[still]
|cant|p1a: Farigiraf|ability: Armor Tail|Sucker Punch|[of] p2a: 大酱
|move|p1a: Farigiraf|Thunderbolt|p2a: 大酱
|-damage|p2a: 大酱|7/100 par
|-damage|p1a: Farigiraf|12/100|[from] item: Life Orb
|
|-weather|SunnyDay|[upkeep]
|-fieldend|move: Trick Room
|upkeep
|turn|8
|inactive|xuelidd has 120 seconds left.
|c|☆xuelidd|u are so lucky
|c|☆xuelidd|wow
|
|t:|1758246747
|-end|p2a: 大酱|fallenundefined|[silent]
|switch|p2a: 梦泪鼓|Raging Bolt|100/100
|-activate|p2a: 梦泪鼓|ability: Protosynthesis
|-start|p2a: 梦泪鼓|protosynthesisspa
|move|p1a: Farigiraf|Hyper Voice|p2a: 梦泪鼓
|-damage|p2a: 梦泪鼓|64/100
|-damage|p1a: Farigiraf|2/100|[from] item: Life Orb
|
|-weather|none
|-end|p2a: 梦泪鼓|Protosynthesis
|upkeep
|turn|9
|
|t:|1758246769
|-end|p2a: 梦泪鼓|Protosynthesis|[silent]
|switch|p2a: 大酱|Kingambit, F|7/100 par
|move|p1a: Farigiraf|Psychic|p2a: 大酱
|-immune|p2a: 大酱
|
|upkeep
|turn|10
|
|t:|1758246777
|-end|p2a: 大酱|fallenundefined|[silent]
|switch|p2a: 哦玛吉利曼波|Alomomola, M|100/100
|move|p1a: Farigiraf|Hyper Voice|p2a: 哦玛吉利曼波
|-damage|p2a: 哦玛吉利曼波|27/100
|-damage|p1a: Farigiraf|0 fnt|[from] item: Life Orb
|faint|p1a: Farigiraf
|
|upkeep
|
|t:|1758246793
|switch|p1a: Banette|Banette, M|100/100
|-item|p2a: 哦玛吉利曼波|Rocky Helmet|[from] ability: Frisk|[of] p1a: Banette
|turn|11
|
|t:|1758246800
|switch|p2a: 小明剑魔|Torkoal, M|41/100
|-weather|SunnyDay|[from] ability: Drought|[of] p2a: 小明剑魔
|move|p1a: Banette|Shadow Sneak|p2a: 小明剑魔
|-damage|p2a: 小明剑魔|26/100
|
|-weather|SunnyDay|[upkeep]
|upkeep
|turn|12
|
|t:|1758246811
|switch|p2a: 哦玛吉利曼波|Alomomola, M|60/100
|move|p1a: Banette|Poltergeist|p2a: 哦玛吉利曼波
|-activate|p2a: 哦玛吉利曼波|move: Poltergeist|Rocky Helmet
|-damage|p2a: 哦玛吉利曼波|31/100
|
|-weather|SunnyDay|[upkeep]
|upkeep
|turn|13
|inactive|xuelidd has 120 seconds left.
|
|t:|1758246820
|move|p2a: 哦玛吉利曼波|Wish|p2a: 哦玛吉利曼波
|move|p1a: Banette|Poltergeist|p2a: 哦玛吉利曼波
|-activate|p2a: 哦玛吉利曼波|move: Poltergeist|Rocky Helmet
|-damage|p2a: 哦玛吉利曼波|3/100
|
|-weather|SunnyDay|[upkeep]
|upkeep
|turn|14
|inactive|xuelidd has 120 seconds left.
|
|t:|1758246835
|move|p2a: 哦玛吉利曼波|Protect|p2a: 哦玛吉利曼波
|-singleturn|p2a: 哦玛吉利曼波|Protect
|move|p1a: Banette|Poltergeist|p2a: 哦玛吉利曼波
|-activate|p2a: 哦玛吉利曼波|move: Protect
|
|-weather|SunnyDay|[upkeep]
|-heal|p2a: 哦玛吉利曼波|53/100|[from] move: Wish|[wisher] 哦玛吉利曼波
|upkeep
|turn|15
|inactive|xuelidd has 120 seconds left.
|
|t:|1758246849
|switch|p1a: Wigglytuff|Wigglytuff, M|100/100
|move|p2a: 哦玛吉利曼波|Flip Turn|p1a: Wigglytuff
|-damage|p1a: Wigglytuff|91/100
|inactive|xuelidd has 120 seconds left.
|
|t:|1758246859
|switch|p2a: 米高·云顿|Moltres|100/100|[from] Flip Turn
|-ability|p2a: 米高·云顿|Pressure
|
|-weather|SunnyDay|[upkeep]
|upkeep
|turn|16
|inactive|xuelidd has 120 seconds left.
|
|t:|1758246872
|move|p2a: 米高·云顿|Flamethrower|p1a: Wigglytuff
|-damage|p1a: Wigglytuff|8/100
|move|p1a: Wigglytuff|Ice Beam|p2a: 米高·云顿
|-damage|p2a: 米高·云顿|52/100
|
|-weather|SunnyDay|[upkeep]
|upkeep
|turn|17
|
|t:|1758246882
|move|p2a: 米高·云顿|Flamethrower|p1a: Wigglytuff
|-damage|p1a: Wigglytuff|0 fnt
|faint|p1a: Wigglytuff
|
|-weather|SunnyDay|[upkeep]
|upkeep
|
|t:|1758246907
|switch|p1a: Mamoswine|Mamoswine, F|100/100
|turn|18
|
|t:|1758246912
|move|p1a: Mamoswine|Icicle Crash|p2a: 米高·云顿
|-damage|p2a: 米高·云顿|0 fnt
|faint|p2a: 米高·云顿
|
|-weather|none
|upkeep
|
|t:|1758246919
|switch|p2a: 小明剑魔|Torkoal, M|26/100
|-weather|SunnyDay|[from] ability: Drought|[of] p2a: 小明剑魔
|turn|19
|
|t:|1758246928
|switch|p2a: 哦玛吉利曼波|Alomomola, M|86/100
|move|p1a: Mamoswine|Icicle Crash|p2a: 哦玛吉利曼波
|-resisted|p2a: 哦玛吉利曼波
|-crit|p2a: 哦玛吉利曼波
|-damage|p2a: 哦玛吉利曼波|68/100
|
|-weather|SunnyDay|[upkeep]
|upkeep
|turn|20
|
|t:|1758246938
|switch|p1a: Reuniclus|Reuniclus, F|100/100
|move|p2a: 哦玛吉利曼波|Wish|p2a: 哦玛吉利曼波
|
|-weather|SunnyDay|[upkeep]
|upkeep
|turn|21
|
|t:|1758246947
|move|p2a: 哦玛吉利曼波|Flip Turn|p1a: Reuniclus
|-damage|p1a: Reuniclus|93/100
|
|t:|1758246953
|switch|p2a: 大酱|Kingambit, F|7/100 par|[from] Flip Turn
|-activate|p2a: 大酱|ability: Supreme Overlord
|-start|p2a: 大酱|fallen1|[silent]
|move|p1a: Reuniclus|Focus Blast|p2a: 大酱
|-supereffective|p2a: 大酱
|-damage|p2a: 大酱|0 fnt
|faint|p2a: 大酱
|-end|p2a: 大酱|fallen1|[silent]
|
|-weather|SunnyDay|[upkeep]
|upkeep
|
|t:|1758246965
|switch|p2a: 哦玛吉利曼波|Alomomola, M|100/100
|turn|22
|
|t:|1758246977
|move|p2a: 哦玛吉利曼波|Wish|p2a: 哦玛吉利曼波
|move|p1a: Reuniclus|Psychic|p2a: 哦玛吉利曼波
|-damage|p2a: 哦玛吉利曼波|21/100
|
|-weather|SunnyDay|[upkeep]
|upkeep
|turn|23
|
|t:|1758246985
|switch|p2a: 梦泪鼓|Raging Bolt|64/100
|-activate|p2a: 梦泪鼓|ability: Protosynthesis
|-start|p2a: 梦泪鼓|protosynthesisspa
|move|p1a: Reuniclus|Psychic|p2a: 梦泪鼓
|-damage|p2a: 梦泪鼓|27/100
|
|-weather|SunnyDay|[upkeep]
|-heal|p2a: 梦泪鼓|92/100|[from] move: Wish|[wisher] 哦玛吉利曼波
|upkeep
|turn|24
|
|t:|1758246997
|move|p2a: 梦泪鼓|Weather Ball|p1a: Reuniclus
|-damage|p1a: Reuniclus|21/100
|move|p1a: Reuniclus|Psyshock|p2a: 梦泪鼓
|-damage|p2a: 梦泪鼓|51/100
|
|-weather|SunnyDay|[upkeep]
|upkeep
|turn|25
|
|t:|1758247011
|move|p2a: 梦泪鼓|Volt Switch|p1a: Reuniclus
|-damage|p1a: Reuniclus|0 fnt
|faint|p1a: Reuniclus
|
|t:|1758247016
|-end|p2a: 梦泪鼓|Protosynthesis|[silent]
|switch|p2a: 哦玛吉利曼波|Alomomola, M|55/100|[from] Volt Switch
|
|-weather|SunnyDay|[upkeep]
|upkeep
|
|t:|1758247026
|switch|p1a: Mamoswine|Mamoswine, F|100/100
|turn|26
|
|t:|1758247031
|move|p1a: Mamoswine|Earthquake|p2a: 哦玛吉利曼波
|-damage|p2a: 哦玛吉利曼波|22/100
|move|p2a: 哦玛吉利曼波|Wish|p2a: 哦玛吉利曼波
|
|-weather|none
|upkeep
|turn|27
|
|t:|1758247046
|move|p1a: Mamoswine|Earthquake|p2a: 哦玛吉利曼波
|-damage|p2a: 哦玛吉利曼波|0 fnt
|faint|p2a: 哦玛吉利曼波
|
|upkeep
|
|t:|1758247052
|switch|p2a: 大象葱茏凯|Great Tusk|100/100
|turn|28
|
|t:|1758247064
|-terastallize|p1a: Mamoswine|Fairy
|-terastallize|p2a: 大象葱茏凯|Steel
|move|p1a: Mamoswine|Earthquake|p2a: 大象葱茏凯
|-supereffective|p2a: 大象葱茏凯
|-damage|p2a: 大象葱茏凯|12/100
|move|p2a: 大象葱茏凯|Earthquake|p1a: Mamoswine
|-damage|p1a: Mamoswine|37/100
|
|-heal|p2a: 大象葱茏凯|18/100|[from] item: Leftovers
|upkeep
|turn|29
|
|t:|1758247082
|-end|p2a: 大象葱茏凯|Protosynthesis|[silent]
|switch|p2a: 小明剑魔|Torkoal, M|26/100
|-weather|SunnyDay|[from] ability: Drought|[of] p2a: 小明剑魔
|move|p1a: Mamoswine|Earthquake|p2a: 小明剑魔
|-supereffective|p2a: 小明剑魔
|-damage|p2a: 小明剑魔|0 fnt
|faint|p2a: 小明剑魔
|
|-weather|SunnyDay|[upkeep]
|upkeep
|
|t:|1758247093
|switch|p2a: 梦泪鼓|Raging Bolt|51/100
|-activate|p2a: 梦泪鼓|ability: Protosynthesis
|-start|p2a: 梦泪鼓|protosynthesisspa
|turn|30
|
|t:|1758247100
|move|p1a: Mamoswine|Earthquake|p2a: 梦泪鼓
|-supereffective|p2a: 梦泪鼓
|-damage|p2a: 梦泪鼓|0 fnt
|faint|p2a: 梦泪鼓
|-end|p2a: 梦泪鼓|Protosynthesis|[silent]
|
|-weather|SunnyDay|[upkeep]
|upkeep
|-message|xuelidd forfeited.
|
|win|Kasey D
|raw|Kasey D's rating: 1120 &rarr; <strong>1149</strong><br />(+29 for winning)
|raw|xuelidd's rating: 1170 &rarr; <strong>1141</strong><br />(-29 for losing)
|l|☆xuelidd
|player|p2|
|l|☆Kasey D
|player|p1|
