|j|☆astaprint
|j|☆AlphaDreams
|t:|1758362902
|gametype|singles
|player|p1|astaprint|lance|1175
|player|p2|AlphaDreams|caitlin|1235
|gen|9
|tier|[Gen 9] OU
|rated|
|rule|HP Percentage Mod: HP is shown in percentages
|rule|Endless Battle Clause: Forcing endless battles is banned
|rule|Species Clause: Limit one of each Pokémon
|rule|OHKO Clause: OHKO moves are banned
|rule|Evasion Items Clause: Evasion items are banned
|rule|Evasion Moves Clause: Evasion moves are banned
|rule|Evasion Abilities Clause: Evasion abilities are banned
|rule|Sleep Moves Clause: Sleep-inducing moves are banned
|clearpoke
|poke|p1|Gliscor, M|
|poke|p1|Darkrai|
|poke|p1|Metagross|
|poke|p1|Heatran, F|
|poke|p1|Serperior, M|
|poke|p1|Clefable, F|
|poke|p2|Decidueye, M|
|poke|p2|Ceruledge, M|
|poke|p2|Samurott-Hisui, M|
|poke|p2|Great Tusk|
|poke|p2|Enamorus, F|
|poke|p2|Garganacl, M|
|teampreview
|
|t:|1758362912
|teamsize|p1|6
|teamsize|p2|6
|start
|switch|p1a: Clefable|Clefable, F|100/100
|switch|p2a: Samurott|Samurott-Hisui, M|100/100
|turn|1
|
|t:|1758362919
|move|p2a: Samurott|Flip Turn|p1a: Clefable
|-damage|p1a: Clefable|79/100
|
|t:|1758362938
|switch|p2a: Garganacl|Garganacl, M|100/100|[from] Flip Turn
|move|p1a: Clefable|Thunder Wave|p2a: Garganacl
|-immune|p2a: Garganacl|[from] ability: Purifying Salt
|
|-heal|p1a: Clefable|85/100|[from] item: Leftovers
|upkeep
|turn|2
|
|t:|1758362945
|move|p1a: Clefable|Knock Off|p2a: Garganacl
|-damage|p2a: Garganacl|89/100
|-enditem|p2a: Garganacl|Rocky Helmet|[from] move: Knock Off|[of] p1a: Clefable
|move|p2a: Garganacl|Iron Defense|p2a: Garganacl
|-boost|p2a: Garganacl|def|2
|
|-heal|p1a: Clefable|91/100|[from] item: Leftovers
|upkeep
|turn|3
|
|t:|1758362953
|move|p1a: Clefable|Wish|p1a: Clefable
|move|p2a: Garganacl|Salt Cure|p1a: Clefable
|-damage|p1a: Clefable|81/100
|-start|p1a: Clefable|Salt Cure
|
|-heal|p1a: Clefable|87/100|[from] item: Leftovers
|upkeep
|turn|4
|
|t:|1758362959
|move|p2a: Garganacl|Protect|p2a: Garganacl
|-singleturn|p2a: Garganacl|Protect
|move|p1a: Clefable|Moonblast|p2a: Garganacl
|-activate|p2a: Garganacl|move: Protect
|
|-heal|p1a: Clefable|100/100|[from] move: Wish|[wisher] Clefable
|upkeep
|turn|5
|
|t:|1758362972
|move|p1a: Clefable|Wish|p1a: Clefable
|move|p2a: Garganacl|Iron Defense|p2a: Garganacl
|-boost|p2a: Garganacl|def|2
|
|upkeep
|turn|6
|
|t:|1758362985
|switch|p1a: Serperior|Serperior, M|100/100
|move|p2a: Garganacl|Recover|p2a: Garganacl
|-heal|p2a: Garganacl|100/100
|
|upkeep
|turn|7
|
|t:|1758362992
|switch|p2a: Decidueye|Decidueye, M|100/100
|move|p1a: Serperior|Leaf Storm|p2a: Decidueye
|-resisted|p2a: Decidueye
|-damage|p2a: Decidueye|77/100
|-boost|p1a: Serperior|spa|2
|
|upkeep
|turn|8
|
|t:|1758363000
|move|p1a: Serperior|Leaf Storm|p2a: Decidueye|[miss]
|-miss|p1a: Serperior|p2a: Decidueye
|move|p2a: Decidueye|Roost|p2a: Decidueye
|-heal|p2a: Decidueye|100/100
|-singleturn|p2a: Decidueye|move: Roost
|
|upkeep
|turn|9
|
|t:|1758363006
|move|p1a: Serperior|Leaf Storm|p2a: Decidueye
|-resisted|p2a: Decidueye
|-crit|p2a: Decidueye
|-damage|p2a: Decidueye|30/100
|-boost|p1a: Serperior|spa|2
|move|p2a: Decidueye|U-turn|p1a: Serperior
|-supereffective|p1a: Serperior
|-damage|p1a: Serperior|65/100
|
|t:|1758363012
|switch|p2a: Ceruledge|Ceruledge, M|100/100|[from] U-turn
|
|upkeep
|turn|10
|
|t:|1758363015
|move|p1a: Serperior|Leaf Storm|p2a: Ceruledge
|-resisted|p2a: Ceruledge
|-damage|p2a: Ceruledge|18/100
|-boost|p1a: Serperior|spa|2
|move|p2a: Ceruledge|Bitter Blade|p1a: Serperior
|-supereffective|p1a: Serperior
|-damage|p1a: Serperior|0 fnt
|-heal|p2a: Ceruledge|51/100|[from] drain|[of] p1a: Serperior
|faint|p1a: Serperior
|
|upkeep
|
|t:|1758363029
|switch|p1a: Clefable|Clefable, F|100/100
|turn|11
|
|t:|1758363035
|move|p2a: Ceruledge|Bitter Blade|p1a: Clefable
|-damage|p1a: Clefable|62/100
|-heal|p2a: Ceruledge|76/100|[from] drain|[of] p1a: Clefable
|move|p1a: Clefable|Thunder Wave|p2a: Ceruledge
|-status|p2a: Ceruledge|par
|
|-heal|p1a: Clefable|69/100|[from] item: Leftovers
|upkeep
|turn|12
|
|t:|1758363043
|move|p1a: Clefable|Knock Off|p2a: Ceruledge
|-supereffective|p2a: Ceruledge
|-damage|p2a: Ceruledge|31/100 par
|-ability|p2a: Ceruledge|Weak Armor|boost
|-unboost|p2a: Ceruledge|def|1
|-boost|p2a: Ceruledge|spe|2
|-enditem|p2a: Ceruledge|Focus Sash|[from] move: Knock Off|[of] p1a: Clefable
|move|p2a: Ceruledge|Bitter Blade|p1a: Clefable
|-damage|p1a: Clefable|36/100
|-heal|p2a: Ceruledge|53/100 par|[from] drain|[of] p1a: Clefable
|
|-heal|p1a: Clefable|42/100|[from] item: Leftovers
|upkeep
|turn|13
|
|t:|1758363055
|move|p2a: Ceruledge|Bitter Blade|p1a: Clefable
|-damage|p1a: Clefable|7/100
|-heal|p2a: Ceruledge|77/100 par|[from] drain|[of] p1a: Clefable
|move|p1a: Clefable|Wish|p1a: Clefable
|
|-heal|p1a: Clefable|13/100|[from] item: Leftovers
|upkeep
|turn|14
|
|t:|1758363063
|cant|p2a: Ceruledge|par
|move|p1a: Clefable|Moonblast|p2a: Ceruledge
|-resisted|p2a: Ceruledge
|-damage|p2a: Ceruledge|58/100 par
|-unboost|p2a: Ceruledge|spa|1
|
|-heal|p1a: Clefable|63/100|[from] move: Wish|[wisher] Clefable
|-heal|p1a: Clefable|69/100|[from] item: Leftovers
|upkeep
|turn|15
|
|t:|1758363073
|move|p2a: Ceruledge|Swords Dance|p2a: Ceruledge
|-boost|p2a: Ceruledge|atk|2
|move|p1a: Clefable|Wish|p1a: Clefable
|
|-heal|p1a: Clefable|75/100|[from] item: Leftovers
|upkeep
|turn|16
|
|t:|1758363078
|move|p2a: Ceruledge|Bitter Blade|p1a: Clefable
|-damage|p1a: Clefable|10/100
|-heal|p2a: Ceruledge|100/100 par|[from] drain|[of] p1a: Clefable
|move|p1a: Clefable|Knock Off|p2a: Ceruledge
|-supereffective|p2a: Ceruledge
|-damage|p2a: Ceruledge|61/100 par
|-ability|p2a: Ceruledge|Weak Armor|boost
|-unboost|p2a: Ceruledge|def|1
|-boost|p2a: Ceruledge|spe|2
|
|-heal|p1a: Clefable|60/100|[from] move: Wish|[wisher] Clefable
|-heal|p1a: Clefable|66/100|[from] item: Leftovers
|upkeep
|turn|17
|
|t:|1758363091
|move|p2a: Ceruledge|Bitter Blade|p1a: Clefable
|-damage|p1a: Clefable|0 fnt
|-heal|p2a: Ceruledge|100/100 par|[from] drain|[of] p1a: Clefable
|faint|p1a: Clefable
|
|upkeep
|
|t:|1758363102
|switch|p1a: Heatran|Heatran, F|100/100
|turn|18
|
|t:|1758363106
|-terastallize|p2a: Ceruledge|Ghost
|move|p2a: Ceruledge|Poltergeist|p1a: Heatran|[miss]
|-miss|p2a: Ceruledge|p1a: Heatran
|move|p1a: Heatran|Earth Power|p2a: Ceruledge
|-damage|p2a: Ceruledge|70/100 par
|
|upkeep
|turn|19
|
|t:|1758363116
|move|p2a: Ceruledge|Poltergeist|p1a: Heatran
|-activate|p1a: Heatran|move: Poltergeist|Leftovers
|-damage|p1a: Heatran|0 fnt
|faint|p1a: Heatran
|
|upkeep
|
|t:|1758363123
|switch|p1a: Darkrai|Darkrai|100/100
|turn|20
|
|t:|1758363127
|move|p2a: Ceruledge|Bitter Blade|p1a: Darkrai
|-damage|p1a: Darkrai|0 fnt
|-heal|p2a: Ceruledge|100/100 par|[from] drain|[of] p1a: Darkrai
|faint|p1a: Darkrai
|
|upkeep
|-message|astaprint forfeited.
|
|win|AlphaDreams
|raw|astaprint's rating: 1175 &rarr; <strong>1154</strong><br />(-21 for losing)
|raw|AlphaDreams's rating: 1235 &rarr; <strong>1256</strong><br />(+21 for winning)
|l|☆astaprint
|player|p1|
|l|☆AlphaDreams
|player|p2|
