|j|☆Spacecowboy98
|j|☆broci
|t:|1758373892
|gametype|singles
|player|p1|Spacecowboy98|riley|1264
|player|p2|broci|170|1271
|gen|9
|tier|[Gen 9] OU
|rated|
|rule|HP Percentage Mod: HP is shown in percentages
|rule|Endless Battle Clause: Forcing endless battles is banned
|rule|Species Clause: Limit one of each Pokémon
|rule|OHKO Clause: OHKO moves are banned
|rule|Evasion Items Clause: Evasion items are banned
|rule|Evasion Moves Clause: Evasion moves are banned
|rule|Evasion Abilities Clause: Evasion abilities are banned
|rule|Sleep Moves Clause: Sleep-inducing moves are banned
|clearpoke
|poke|p1|Heatran, F|
|poke|p1|Araquanid, F|
|poke|p1|Kyurem|
|poke|p1|Alomomola, F|
|poke|p1|Great Tusk|
|poke|p1|Dudunsparce-*, M|
|poke|p2|Gholdengo|
|poke|p2|Glimmora, F|
|poke|p2|Great Tusk|
|poke|p2|Dragonite, F|
|poke|p2|Ribombee, F|
|poke|p2|Scizor, F|
|teampreview
|inactive|Battle timer is ON: inactive players will automatically lose when time's up. (requested by Spacecowboy98)
|
|t:|1758373913
|teamsize|p1|6
|teamsize|p2|6
|start
|switch|p1a: Heatran|Heatran, F|100/100
|switch|p2a: Ribombee|Ribombee, F|100/100
|turn|1
|
|t:|1758373920
|move|p2a: Ribombee|Skill Swap|p1a: Heatran
|-activate|p2a: Ribombee|move: Skill Swap|Flash Fire|Shield Dust|[of] p1a: Heatran
|move|p1a: Heatran|Magma Storm|p2a: Ribombee
|-start|p2a: Ribombee|ability: Flash Fire
|
|upkeep
|turn|2
|c|☆Spacecowboy98|Sick
|
|t:|1758373932
|switch|p1a: Araquanid|Araquanid, F|100/100
|move|p2a: Ribombee|Sticky Web|p1a: Araquanid
|-sidestart|p1: Spacecowboy98|move: Sticky Web
|
|upkeep
|turn|3
|
|t:|1758373940
|move|p2a: Ribombee|Skill Swap|p1a: Araquanid
|-activate|p2a: Ribombee|move: Skill Swap|Water Bubble|Flash Fire|[of] p1a: Araquanid
|-end|p2a: Ribombee|ability: Flash Fire|[silent]
|move|p1a: Araquanid|Liquidation|p2a: Ribombee
|-damage|p2a: Ribombee|3/100
|
|upkeep
|turn|4
|
|t:|1758373958
|move|p2a: Ribombee|Moonblast|p1a: Araquanid
|-damage|p1a: Araquanid|67/100
|move|p1a: Araquanid|Liquidation|p2a: Ribombee
|-damage|p2a: Ribombee|0 fnt
|faint|p2a: Ribombee
|
|upkeep
|
|t:|1758373965
|switch|p2a: Dragonite|Dragonite, F|100/100
|turn|5
|
|t:|1758373979
|switch|p1a: Dudunsparce|Dudunsparce, M|100/100
|-activate|p1a: Dudunsparce|move: Sticky Web
|-unboost|p1a: Dudunsparce|spe|1
|move|p2a: Dragonite|Dragon Dance|p2a: Dragonite
|-boost|p2a: Dragonite|atk|1
|-boost|p2a: Dragonite|spe|1
|
|upkeep
|turn|6
|
|t:|1758373986
|move|p2a: Dragonite|Dragon Dance|p2a: Dragonite
|-boost|p2a: Dragonite|atk|1
|-boost|p2a: Dragonite|spe|1
|move|p1a: Dudunsparce|Glare|p2a: Dragonite
|-status|p2a: Dragonite|par
|
|upkeep
|turn|7
|
|t:|1758373995
|switch|p1a: Alomomola|Alomomola, F|100/100
|-activate|p1a: Alomomola|move: Sticky Web
|-unboost|p1a: Alomomola|spe|1
|move|p2a: Dragonite|Dragon Dance|p2a: Dragonite
|-boost|p2a: Dragonite|atk|1
|-boost|p2a: Dragonite|spe|1
|
|upkeep
|turn|8
|
|t:|1758374004
|-terastallize|p2a: Dragonite|Flying
|move|p2a: Dragonite|Tera Blast|p1a: Alomomola|[anim] Tera Blast Flying
|-damage|p1a: Alomomola|17/100
|move|p1a: Alomomola|Flip Turn|p2a: Dragonite
|-damage|p2a: Dragonite|91/100 par
|
|t:|1758374015
|switch|p1a: Kyurem|Kyurem|100/100|[from] Flip Turn
|-activate|p1a: Kyurem|move: Sticky Web
|-unboost|p1a: Kyurem|spe|1
|-ability|p1a: Kyurem|Pressure
|
|upkeep
|turn|9
|
|t:|1758374024
|move|p2a: Dragonite|Tera Blast|p1a: Kyurem|[anim] Tera Blast Flying
|-damage|p1a: Kyurem|0 fnt
|faint|p1a: Kyurem
|
|upkeep
|
|t:|1758374032
|switch|p1a: Great Tusk|Great Tusk|100/100
|-activate|p1a: Great Tusk|move: Sticky Web
|-unboost|p1a: Great Tusk|spe|1
|turn|10
|
|t:|1758374046
|move|p2a: Dragonite|Tera Blast|p1a: Great Tusk|[anim] Tera Blast Flying
|-supereffective|p1a: Great Tusk
|-damage|p1a: Great Tusk|0 fnt
|faint|p1a: Great Tusk
|-end|p1a: Great Tusk|Protosynthesis|[silent]
|
|upkeep
|
|t:|1758374052
|switch|p1a: Heatran|Heatran, F|100/100
|-activate|p1a: Heatran|move: Sticky Web
|-unboost|p1a: Heatran|spe|1
|turn|11
|
|t:|1758374057
|cant|p2a: Dragonite|par
|move|p1a: Heatran|Magma Storm|p2a: Dragonite|[miss]
|-miss|p1a: Heatran|p2a: Dragonite
|
|upkeep
|turn|12
|
|t:|1758374060
|move|p2a: Dragonite|Tera Blast|p1a: Heatran|[anim] Tera Blast Flying
|-resisted|p1a: Heatran
|-damage|p1a: Heatran|27/100
|move|p1a: Heatran|Magma Storm|p2a: Dragonite|[miss]
|-miss|p1a: Heatran|p2a: Dragonite
|
|upkeep
|turn|13
|
|t:|1758374063
|move|p2a: Dragonite|Tera Blast|p1a: Heatran|[anim] Tera Blast Flying
|-resisted|p1a: Heatran
|-damage|p1a: Heatran|0 fnt
|faint|p1a: Heatran
|
|upkeep
|-message|Spacecowboy98 forfeited.
|
|win|broci
|raw|Spacecowboy98's rating: 1264 &rarr; <strong>1240</strong><br />(-24 for losing)
|raw|broci's rating: 1271 &rarr; <strong>1295</strong><br />(+24 for winning)
|l|☆Spacecowboy98
|player|p1|
