|j|☆gabriwkab
|j|☆20120414x
|t:|1758290774
|gametype|singles
|player|p1|gabriwkab|170|1186
|player|p2|20120414x|winona|1202
|gen|9
|tier|[Gen 9] OU
|rated|
|rule|HP Percentage Mod: HP is shown in percentages
|rule|Endless Battle Clause: Forcing endless battles is banned
|rule|Species Clause: Limit one of each Pokémon
|rule|OHKO Clause: OHKO moves are banned
|rule|Evasion Items Clause: Evasion items are banned
|rule|Evasion Moves Clause: Evasion moves are banned
|rule|Evasion Abilities Clause: Evasion abilities are banned
|rule|Sleep Moves Clause: Sleep-inducing moves are banned
|clearpoke
|poke|p1|Kingambit, M|
|poke|p1|Deoxys-Speed|
|poke|p1|Great Tusk|
|poke|p1|Dragonite, F|
|poke|p1|Iron Moth|
|poke|p1|Primarina, F|
|poke|p2|Zamazenta-*|
|poke|p2|Great Tusk|
|poke|p2|Quaquaval, F|
|poke|p2|Cobalion|
|poke|p2|Tyranitar, F|
|poke|p2|Drednaw, F|
|teampreview
|
|t:|1758290787
|teamsize|p1|6
|teamsize|p2|6
|start
|switch|p1a: Yoshi|Dragonite, F, shiny|100/100
|switch|p2a: Tyranitar|Tyranitar, F|100/100
|-weather|Sandstorm|[from] ability: Sand Stream|[of] p2a: Tyranitar
|turn|1
|
|t:|1758290800
|move|p1a: Yoshi|Outrage|p2a: Tyranitar
|-damage|p2a: Tyranitar|0 fnt
|faint|p2a: Tyranitar
|
|-weather|Sandstorm|[upkeep]
|-damage|p1a: Yoshi|94/100|[from] Sandstorm
|upkeep
|
|t:|1758290808
|switch|p2a: Zamazenta|Zamazenta|100/100
|-ability|p2a: Zamazenta|Dauntless Shield|boost
|-boost|p2a: Zamazenta|def|1
|turn|2
|
|t:|1758290816
|move|p2a: Zamazenta|Iron Defense|p2a: Zamazenta
|-boost|p2a: Zamazenta|def|2
|move|p1a: Yoshi|Outrage|p2a: Zamazenta|[from] lockedmove
|-damage|p2a: Zamazenta|69/100
|-start|p1a: Yoshi|confusion|[fatigue]
|
|-weather|Sandstorm|[upkeep]
|-damage|p2a: Zamazenta|63/100|[from] Sandstorm
|-damage|p1a: Yoshi|88/100|[from] Sandstorm
|-heal|p2a: Zamazenta|69/100|[from] item: Leftovers
|upkeep
|turn|3
|
|t:|1758290829
|switch|p1a: Primarina|Primarina, F|100/100
|move|p2a: Zamazenta|Substitute|p2a: Zamazenta
|-start|p2a: Zamazenta|Substitute
|-damage|p2a: Zamazenta|44/100
|
|-weather|Sandstorm|[upkeep]
|-damage|p2a: Zamazenta|38/100|[from] Sandstorm
|-damage|p1a: Primarina|94/100|[from] Sandstorm
|-heal|p2a: Zamazenta|44/100|[from] item: Leftovers
|upkeep
|turn|4
|
|t:|1758290845
|move|p2a: Zamazenta|Body Press|p1a: Primarina
|-resisted|p1a: Primarina
|-damage|p1a: Primarina|17/100
|move|p1a: Primarina|Psychic Noise|p2a: Zamazenta
|-supereffective|p2a: Zamazenta
|-damage|p2a: Zamazenta|4/100
|-start|p2a: Zamazenta|move: Heal Block
|
|-weather|Sandstorm|[upkeep]
|-damage|p2a: Zamazenta|0 fnt|[from] Sandstorm
|-damage|p1a: Primarina|10/100|[from] Sandstorm
|faint|p2a: Zamazenta
|upkeep
|
|t:|1758290860
|switch|p2a: Great Tusk|Great Tusk|100/100
|-enditem|p2a: Great Tusk|Booster Energy
|-activate|p2a: Great Tusk|ability: Protosynthesis|[fromitem]
|-start|p2a: Great Tusk|protosynthesisatk
|turn|5
|
|t:|1758290892
|move|p2a: Great Tusk|Rapid Spin|p1a: Primarina
|-damage|p1a: Primarina|0 fnt
|-boost|p2a: Great Tusk|spe|1
|faint|p1a: Primarina
|
|-weather|none
|upkeep
|
|t:|1758290899
|switch|p1a: Yoshi|Dragonite, F, shiny|88/100
|turn|6
|
|t:|1758290911
|-terastallize|p2a: Great Tusk|Steel
|move|p2a: Great Tusk|Rapid Spin|p1a: Yoshi
|-damage|p1a: Yoshi|62/100
|-boost|p2a: Great Tusk|spe|1
|move|p1a: Yoshi|Outrage|p2a: Great Tusk
|-resisted|p2a: Great Tusk
|-damage|p2a: Great Tusk|64/100
|
|upkeep
|turn|7
|
|t:|1758290923
|move|p2a: Great Tusk|Ice Spinner|p1a: Yoshi
|-supereffective|p1a: Yoshi
|-crit|p1a: Yoshi
|-damage|p1a: Yoshi|0 fnt
|faint|p1a: Yoshi
|
|upkeep
|
|t:|1758290937
|switch|p1a: Iron Moth|Iron Moth|100/100
|-enditem|p1a: Iron Moth|Booster Energy
|-activate|p1a: Iron Moth|ability: Quark Drive|[fromitem]
|-start|p1a: Iron Moth|quarkdrivespe
|turn|8
|
|t:|1758290945
|-terastallize|p1a: Iron Moth|Ground
|move|p2a: Great Tusk|Headlong Rush|p1a: Iron Moth
|-damage|p1a: Iron Moth|0 fnt
|-unboost|p2a: Great Tusk|def|1
|-unboost|p2a: Great Tusk|spd|1
|faint|p1a: Iron Moth
|-end|p1a: Iron Moth|Quark Drive|[silent]
|
|upkeep
|
|t:|1758290955
|switch|p1a: Great Tusk|Great Tusk|100/100
|-enditem|p1a: Great Tusk|Booster Energy
|-activate|p1a: Great Tusk|ability: Protosynthesis|[fromitem]
|-start|p1a: Great Tusk|protosynthesisatk
|turn|9
|
|t:|1758290966
|move|p2a: Great Tusk|Headlong Rush|p1a: Great Tusk
|-damage|p1a: Great Tusk|40/100
|-unboost|p2a: Great Tusk|def|1
|-unboost|p2a: Great Tusk|spd|1
|move|p1a: Great Tusk|Headlong Rush|p2a: Great Tusk
|-supereffective|p2a: Great Tusk
|-damage|p2a: Great Tusk|0 fnt
|-unboost|p1a: Great Tusk|def|1
|-unboost|p1a: Great Tusk|spd|1
|faint|p2a: Great Tusk
|-end|p2a: Great Tusk|Protosynthesis|[silent]
|
|upkeep
|
|t:|1758290979
|switch|p2a: Quaquaval|Quaquaval, F|100/100
|turn|10
|
|t:|1758290989
|move|p1a: Great Tusk|Close Combat|p2a: Quaquaval
|-damage|p2a: Quaquaval|0 fnt
|-unboost|p1a: Great Tusk|def|1
|-unboost|p1a: Great Tusk|spd|1
|faint|p2a: Quaquaval
|
|upkeep
|
|t:|1758290995
|switch|p2a: Cobalion|Cobalion|100/100
|turn|11
|
|t:|1758291000
|move|p2a: Cobalion|Vacuum Wave|p1a: Great Tusk
|-damage|p1a: Great Tusk|0 fnt
|faint|p1a: Great Tusk
|-end|p1a: Great Tusk|Protosynthesis|[silent]
|
|upkeep
|
|t:|1758291005
|switch|p1a: Kendrick DNA|Deoxys-Speed|100/100
|-ability|p1a: Kendrick DNA|Pressure
|turn|12
|
|t:|1758291012
|move|p1a: Kendrick DNA|Psycho Boost|p2a: Cobalion
|-damage|p2a: Cobalion|0 fnt
|-unboost|p1a: Kendrick DNA|spa|2
|faint|p2a: Cobalion
|-damage|p1a: Kendrick DNA|91/100|[from] item: Life Orb
|
|upkeep
|
|t:|1758291020
|switch|p2a: Drednaw|Drednaw, F|100/100
|turn|13
|
|t:|1758291029
|move|p1a: Kendrick DNA|Focus Blast|p2a: Drednaw|[miss]
|-miss|p1a: Kendrick DNA|p2a: Drednaw
|move|p2a: Drednaw|Substitute|p2a: Drednaw
|-start|p2a: Drednaw|Substitute
|-damage|p2a: Drednaw|76/100
|
|upkeep
|turn|14
|
|t:|1758291038
|move|p1a: Kendrick DNA|Nasty Plot|p1a: Kendrick DNA
|-boost|p1a: Kendrick DNA|spa|2
|move|p2a: Drednaw|Shell Smash|p2a: Drednaw
|-unboost|p2a: Drednaw|def|1
|-unboost|p2a: Drednaw|spd|1
|-boost|p2a: Drednaw|atk|2
|-boost|p2a: Drednaw|spa|2
|-boost|p2a: Drednaw|spe|2
|
|upkeep
|turn|15
|
|t:|1758291051
|move|p2a: Drednaw|Liquidation|p1a: Kendrick DNA
|-damage|p1a: Kendrick DNA|0 fnt
|faint|p1a: Kendrick DNA
|
|upkeep
|
|t:|1758291054
|switch|p1a: Kingambit|Kingambit, M|100/100
|-activate|p1a: Kingambit|ability: Supreme Overlord
|-start|p1a: Kingambit|fallen5|[silent]
|turn|16
|
|t:|1758291060
|move|p1a: Kingambit|Sucker Punch|p2a: Drednaw
|-end|p2a: Drednaw|Substitute
|move|p2a: Drednaw|Liquidation|p1a: Kingambit
|-damage|p1a: Kingambit|35/100
|
|-heal|p1a: Kingambit|41/100|[from] item: Leftovers
|upkeep
|turn|17
|
|t:|1758291070
|move|p2a: Drednaw|Liquidation|p1a: Kingambit
|-damage|p1a: Kingambit|0 fnt
|faint|p1a: Kingambit
|-end|p1a: Kingambit|fallen5|[silent]
|
|win|20120414x
|raw|gabriwkab's rating: 1186 &rarr; <strong>1162</strong><br />(-24 for losing)
|raw|20120414x's rating: 1202 &rarr; <strong>1226</strong><br />(+24 for winning)
|l|☆gabriwkab
|player|p1|
|l|☆20120414x
|player|p2|
