|j|☆CherylBush
|j|☆scrubtest98
|t:|1758255930
|gametype|singles
|player|p1|CherylBush|mallow-masters|1629
|player|p2|scrubtest98|102|1574
|gen|9
|tier|[Gen 9] OU
|rated|
|rule|HP Percentage Mod: HP is shown in percentages
|rule|Endless Battle Clause: Forcing endless battles is banned
|rule|Species Clause: Limit one of each Pokémon
|rule|OHKO Clause: OHKO moves are banned
|rule|Evasion Items Clause: Evasion items are banned
|rule|Evasion Moves Clause: Evasion moves are banned
|rule|Evasion Abilities Clause: Evasion abilities are banned
|rule|Sleep Moves Clause: Sleep-inducing moves are banned
|clearpoke
|poke|p1|Landorus-Therian, M|
|poke|p1|Skeledirge, M|
|poke|p1|Skarmory, M|
|poke|p1|Hydrapple, M|
|poke|p1|Samurott-Hisui, M|
|poke|p1|Fezandipiti, M|
|poke|p2|Zamazenta-*|
|poke|p2|Rillaboom, F|
|poke|p2|Gholdengo|
|poke|p2|Ting-Lu|
|poke|p2|Tornadus-Therian, M|
|poke|p2|Hawlucha, M|
|teampreview
|
|t:|1758255938
|teamsize|p1|6
|teamsize|p2|6
|start
|switch|p1a: Skarmory|Skarmory, M, shiny|100/100
|switch|p2a: Rillaboom|Rillaboom, F|100/100
|-fieldstart|move: Grassy Terrain|[from] ability: Grassy Surge|[of] p2a: Rillaboom
|turn|1
|
|t:|1758255943
|move|p2a: Rillaboom|Knock Off|p1a: Skarmory
|-damage|p1a: Skarmory|68/100
|-damage|p2a: Rillaboom|84/100|[from] item: Rocky Helmet|[of] p1a: Skarmory
|-enditem|p1a: Skarmory|Rocky Helmet|[from] move: Knock Off|[of] p2a: Rillaboom
|move|p1a: Skarmory|Stealth Rock|p2a: Rillaboom
|-sidestart|p2: scrubtest98|move: Stealth Rock
|
|-heal|p2a: Rillaboom|90/100|[from] Grassy Terrain
|upkeep
|turn|2
|
|t:|1758255956
|switch|p2a: Gholdengo|Gholdengo|100/100
|-damage|p2a: Gholdengo|94/100|[from] Stealth Rock
|-enditem|p2a: Gholdengo|Grassy Seed
|-boost|p2a: Gholdengo|def|1|[from] item: Grassy Seed
|switch|p1a: Samurott|Samurott-Hisui, M, shiny|100/100
|
|-heal|p2a: Gholdengo|100/100|[from] Grassy Terrain
|upkeep
|turn|3
|
|t:|1758255967
|switch|p2a: Zamazenta|Zamazenta|100/100
|-damage|p2a: Zamazenta|94/100|[from] Stealth Rock
|-ability|p2a: Zamazenta|Dauntless Shield|boost
|-boost|p2a: Zamazenta|def|1
|move|p1a: Samurott|Flip Turn|p2a: Zamazenta
|-damage|p2a: Zamazenta|80/100
|
|t:|1758255978
|switch|p1a: Skarmory|Skarmory, M, shiny|68/100|[from] Flip Turn
|
|-heal|p2a: Zamazenta|86/100|[from] Grassy Terrain
|-heal|p2a: Zamazenta|93/100|[from] item: Leftovers
|upkeep
|turn|4
|
|t:|1758255982
|move|p2a: Zamazenta|Iron Defense|p2a: Zamazenta
|-boost|p2a: Zamazenta|def|2
|move|p1a: Skarmory|Roost|p1a: Skarmory
|-heal|p1a: Skarmory|100/100
|-singleturn|p1a: Skarmory|move: Roost
|
|-heal|p2a: Zamazenta|99/100|[from] Grassy Terrain
|-heal|p2a: Zamazenta|100/100|[from] item: Leftovers
|upkeep
|turn|5
|
|t:|1758255987
|switch|p1a: Fez Boi|Fezandipiti, M|100/100
|move|p2a: Zamazenta|Body Press|p1a: Fez Boi
|-resisted|p1a: Fez Boi
|-damage|p1a: Fez Boi|79/100
|
|-heal|p1a: Fez Boi|85/100|[from] Grassy Terrain
|-fieldend|move: Grassy Terrain
|upkeep
|turn|6
|
|t:|1758255992
|move|p2a: Zamazenta|Substitute|p2a: Zamazenta
|-start|p2a: Zamazenta|Substitute
|-damage|p2a: Zamazenta|75/100
|move|p1a: Fez Boi|Moonblast|p2a: Zamazenta
|-supereffective|p2a: Zamazenta
|-end|p2a: Zamazenta|Substitute
|
|-heal|p2a: Zamazenta|82/100|[from] item: Leftovers
|upkeep
|turn|7
|
|t:|1758256000
|move|p2a: Zamazenta|Iron Defense|p2a: Zamazenta
|-boost|p2a: Zamazenta|def|2
|move|p1a: Fez Boi|Moonblast|p2a: Zamazenta
|-supereffective|p2a: Zamazenta
|-damage|p2a: Zamazenta|46/100
|-status|p2a: Zamazenta|tox|[from] ability: Toxic Chain|[of] p1a: Fez Boi
|
|-heal|p2a: Zamazenta|52/100 tox|[from] item: Leftovers
|-damage|p2a: Zamazenta|46/100 tox|[from] psn
|upkeep
|turn|8
|
|t:|1758256004
|switch|p1a: Skeledirge|Skeledirge, M, shiny|100/100
|move|p2a: Zamazenta|Body Press|p1a: Skeledirge
|-immune|p1a: Skeledirge
|
|-heal|p2a: Zamazenta|52/100 tox|[from] item: Leftovers
|-damage|p2a: Zamazenta|40/100 tox|[from] psn
|upkeep
|turn|9
|
|t:|1758256011
|move|p2a: Zamazenta|Crunch|p1a: Skeledirge
|-supereffective|p1a: Skeledirge
|-damage|p1a: Skeledirge|69/100
|move|p1a: Skeledirge|Torch Song|p2a: Zamazenta
|-damage|p2a: Zamazenta|17/100 tox
|-boost|p1a: Skeledirge|spa|1
|
|-heal|p2a: Zamazenta|23/100 tox|[from] item: Leftovers
|-damage|p2a: Zamazenta|4/100 tox|[from] psn
|upkeep
|turn|10
|
|t:|1758256015
|move|p2a: Zamazenta|Crunch|p1a: Skeledirge
|-supereffective|p1a: Skeledirge
|-damage|p1a: Skeledirge|37/100
|move|p1a: Skeledirge|Slack Off|p1a: Skeledirge
|-heal|p1a: Skeledirge|87/100
|
|-heal|p2a: Zamazenta|11/100 tox|[from] item: Leftovers
|-damage|p2a: Zamazenta|0 fnt|[from] psn
|faint|p2a: Zamazenta
|upkeep
|
|t:|1758256021
|switch|p2a: Ting-Lu|Ting-Lu|100/100
|-damage|p2a: Ting-Lu|94/100|[from] Stealth Rock
|-ability|p2a: Ting-Lu|Vessel of Ruin
|turn|11
|
|t:|1758256027
|switch|p1a: Leviathan|Hydrapple, M, shiny|100/100
|move|p2a: Ting-Lu|Earthquake|p1a: Leviathan
|-resisted|p1a: Leviathan
|-damage|p1a: Leviathan|88/100
|
|-heal|p2a: Ting-Lu|100/100|[from] item: Leftovers
|upkeep
|turn|12
|
|t:|1758256032
|switch|p2a: Rillaboom|Rillaboom, F|90/100
|-damage|p2a: Rillaboom|78/100|[from] Stealth Rock
|-fieldstart|move: Grassy Terrain|[from] ability: Grassy Surge|[of] p2a: Rillaboom
|move|p1a: Leviathan|Fickle Beam|p2a: Rillaboom
|-damage|p2a: Rillaboom|34/100
|
|-heal|p2a: Rillaboom|40/100|[from] Grassy Terrain
|-heal|p1a: Leviathan|94/100|[from] Grassy Terrain
|upkeep
|turn|13
|
|t:|1758256037
|move|p2a: Rillaboom|U-turn|p1a: Leviathan
|-supereffective|p1a: Leviathan
|-damage|p1a: Leviathan|41/100
|
|t:|1758256040
|switch|p2a: Gholdengo|Gholdengo|100/100|[from] U-turn
|-damage|p2a: Gholdengo|94/100|[from] Stealth Rock
|move|p1a: Leviathan|Fickle Beam|p2a: Gholdengo|[anim] Fickle Beam All Out
|-activate|p1a: Leviathan|move: Fickle Beam
|-resisted|p2a: Gholdengo
|-damage|p2a: Gholdengo|57/100
|
|-heal|p2a: Gholdengo|63/100|[from] Grassy Terrain
|-heal|p1a: Leviathan|47/100|[from] Grassy Terrain
|upkeep
|turn|14
|
|t:|1758256050
|switch|p1a: Samurott|Samurott-Hisui, M, shiny|100/100
|move|p2a: Gholdengo|Recover|p2a: Gholdengo
|-heal|p2a: Gholdengo|100/100
|
|upkeep
|turn|15
|
|t:|1758256053
|-terastallize|p2a: Gholdengo|Water
|move|p1a: Samurott|Ceaseless Edge|p2a: Gholdengo
|-damage|p2a: Gholdengo|68/100
|-sidestart|p2: scrubtest98|Spikes
|move|p2a: Gholdengo|Nasty Plot|p2a: Gholdengo
|-boost|p2a: Gholdengo|spa|2
|
|-heal|p2a: Gholdengo|74/100|[from] Grassy Terrain
|upkeep
|turn|16
|
|t:|1758256063
|move|p1a: Samurott|Ceaseless Edge|p2a: Gholdengo
|-damage|p2a: Gholdengo|40/100
|-sidestart|p2: scrubtest98|Spikes
|move|p2a: Gholdengo|Nasty Plot|p2a: Gholdengo
|-boost|p2a: Gholdengo|spa|2
|
|-heal|p2a: Gholdengo|46/100|[from] Grassy Terrain
|-fieldend|move: Grassy Terrain
|upkeep
|turn|17
|
|t:|1758256069
|-terastallize|p1a: Samurott|Dark
|move|p1a: Samurott|Ceaseless Edge|p2a: Gholdengo
|-crit|p2a: Gholdengo
|-damage|p2a: Gholdengo|0 fnt
|-sidestart|p2: scrubtest98|Spikes
|faint|p2a: Gholdengo
|
|upkeep
|
|t:|1758256083
|switch|p2a: Rillaboom|Rillaboom, F|40/100
|-damage|p2a: Rillaboom|27/100|[from] Stealth Rock
|-damage|p2a: Rillaboom|3/100|[from] Spikes
|-fieldstart|move: Grassy Terrain|[from] ability: Grassy Surge|[of] p2a: Rillaboom
|turn|18
|
|t:|1758256089
|move|p1a: Samurott|Sucker Punch|p2a: Rillaboom
|-damage|p2a: Rillaboom|0 fnt
|faint|p2a: Rillaboom
|
|upkeep
|
|t:|1758256094
|switch|p2a: Hawlucha|Hawlucha, M|100/100
|-damage|p2a: Hawlucha|88/100|[from] Stealth Rock
|-enditem|p2a: Hawlucha|Grassy Seed
|-boost|p2a: Hawlucha|def|1|[from] item: Grassy Seed
|turn|19
|
|t:|1758256100
|switch|p1a: Landorus|Landorus-Therian, M, shiny|100/100
|-ability|p1a: Landorus|Intimidate|boost
|-unboost|p2a: Hawlucha|atk|1
|move|p2a: Hawlucha|Swords Dance|p2a: Hawlucha
|-boost|p2a: Hawlucha|atk|2
|
|upkeep
|turn|20
|
|t:|1758256103
|move|p2a: Hawlucha|Swords Dance|p2a: Hawlucha
|-boost|p2a: Hawlucha|atk|2
|move|p1a: Landorus|U-turn|p2a: Hawlucha
|-resisted|p2a: Hawlucha
|-damage|p2a: Hawlucha|82/100
|
|t:|1758256107
|switch|p1a: Skeledirge|Skeledirge, M, shiny|87/100|[from] U-turn
|
|-heal|p1a: Skeledirge|93/100|[from] Grassy Terrain
|upkeep
|turn|21
|
|t:|1758256110
|move|p2a: Hawlucha|Acrobatics|p1a: Skeledirge
|-damage|p1a: Skeledirge|58/100
|move|p1a: Skeledirge|Torch Song|p2a: Hawlucha
|-damage|p2a: Hawlucha|40/100
|-boost|p1a: Skeledirge|spa|1
|
|-heal|p1a: Skeledirge|64/100|[from] Grassy Terrain
|upkeep
|turn|22
|
|t:|1758256113
|move|p2a: Hawlucha|Acrobatics|p1a: Skeledirge
|-damage|p1a: Skeledirge|26/100
|move|p1a: Skeledirge|Torch Song|p2a: Hawlucha
|-damage|p2a: Hawlucha|0 fnt
|-boost|p1a: Skeledirge|spa|1
|faint|p2a: Hawlucha
|
|-heal|p1a: Skeledirge|32/100|[from] Grassy Terrain
|-fieldend|move: Grassy Terrain
|upkeep
|
|t:|1758256116
|switch|p2a: Tornadus|Tornadus-Therian, M|100/100
|turn|23
|
|t:|1758256121
|move|p2a: Tornadus|Bleakwind Storm|p1a: Skeledirge
|-damage|p1a: Skeledirge|0 fnt
|faint|p1a: Skeledirge
|
|upkeep
|
|t:|1758256132
|switch|p1a: Landorus|Landorus-Therian, M, shiny|100/100
|-ability|p1a: Landorus|Intimidate|boost
|-unboost|p2a: Tornadus|atk|1
|turn|24
|
|t:|1758256134
|move|p1a: Landorus|Stone Edge|p2a: Tornadus
|-supereffective|p2a: Tornadus
|-damage|p2a: Tornadus|3/100
|move|p2a: Tornadus|Nasty Plot|p2a: Tornadus
|-boost|p2a: Tornadus|spa|2
|
|upkeep
|turn|25
|
|t:|1758256137
|move|p1a: Landorus|Stone Edge|p2a: Tornadus
|-supereffective|p2a: Tornadus
|-damage|p2a: Tornadus|0 fnt
|faint|p2a: Tornadus
|
|upkeep
|-message|scrubtest98 forfeited.
|
|win|CherylBush
|raw|CherylBush's rating: 1629 &rarr; <strong>1646</strong><br />(+17 for winning)
|raw|scrubtest98's rating: 1574 &rarr; <strong>1557</strong><br />(-17 for losing)
|l|☆scrubtest98
|player|p2|
|l|☆CherylBush
|player|p1|
