|j|☆I Want E Coyote
|j|☆imprisonpaulgeorge
|t:|1758288404
|gametype|singles
|player|p1|I Want E Coyote|caitlin|1301
|player|p2|imprisonpaulgeorge|265|1315
|gen|9
|tier|[Gen 9] OU
|rated|
|rule|HP Percentage Mod: HP is shown in percentages
|rule|Endless Battle Clause: Forcing endless battles is banned
|rule|Species Clause: Limit one of each Pokémon
|rule|OHKO Clause: OHKO moves are banned
|rule|Evasion Items Clause: Evasion items are banned
|rule|Evasion Moves Clause: Evasion moves are banned
|rule|Evasion Abilities Clause: Evasion abilities are banned
|rule|Sleep Moves Clause: Sleep-inducing moves are banned
|clearpoke
|poke|p1|Kingambit, M|
|poke|p1|Alomomola, M|
|poke|p1|Goodra, M|
|poke|p1|Great Tusk|
|poke|p1|Ting-Lu|
|poke|p1|Slowking-Galar, M|
|poke|p2|Samurott-Hisui, F|
|poke|p2|Great Tusk|
|poke|p2|Volcanion|
|poke|p2|Hydrapple, M|
|poke|p2|Gholdengo|
|poke|p2|Landorus-Therian, M|
|teampreview
|c|☆I Want E Coyote|Glhf
|
|t:|1758288414
|teamsize|p1|6
|teamsize|p2|6
|start
|switch|p1a: Damn boi he fish|Alomomola, M, shiny|100/100
|switch|p2a: Landorus|Landorus-Therian, M|100/100
|-ability|p2a: Landorus|Intimidate|boost
|-unboost|p1a: Damn boi he fish|atk|1
|turn|1
|inactive|Battle timer is ON: inactive players will automatically lose when time's up. (requested by imprisonpaulgeorge)
|
|t:|1758288442
|move|p2a: Landorus|U-turn|p1a: Damn boi he fish
|-damage|p1a: Damn boi he fish|86/100
|-damage|p2a: Landorus|84/100|[from] item: Rocky Helmet|[of] p1a: Damn boi he fish
|
|t:|1758288446
|switch|p2a: Volcanion|Volcanion|100/100|[from] U-turn
|move|p1a: Damn boi he fish|Scald|p2a: Volcanion
|-immune|p2a: Volcanion|[from] ability: Water Absorb
|
|upkeep
|turn|2
|
|t:|1758288453
|switch|p2a: Great Tusk|Great Tusk|100/100
|switch|p1a: See me in a crown|Slowking-Galar, M, shiny|100/100
|
|upkeep
|turn|3
|
|t:|1758288457
|switch|p1a: Damn boi he fish|Alomomola, M, shiny|100/100
|move|p2a: Great Tusk|Stealth Rock|p1a: Damn boi he fish
|-sidestart|p1: I Want E Coyote|move: Stealth Rock
|
|upkeep
|turn|4
|
|t:|1758288462
|-end|p2a: Great Tusk|Protosynthesis|[silent]
|switch|p2a: Volcanion|Volcanion|100/100
|move|p1a: Damn boi he fish|Flip Turn|p2a: Volcanion
|-immune|p2a: Volcanion|[from] ability: Water Absorb
|
|upkeep
|turn|5
|
|t:|1758288470
|switch|p1a: See me in a crown|Slowking-Galar, M, shiny|100/100
|move|p2a: Volcanion|Will-O-Wisp|p1a: See me in a crown
|-status|p1a: See me in a crown|brn
|
|-damage|p1a: See me in a crown|94/100 brn|[from] brn
|upkeep
|turn|6
|
|t:|1758288478
|move|p2a: Volcanion|Steam Eruption|p1a: See me in a crown
|-damage|p1a: See me in a crown|64/100 brn
|move|p1a: See me in a crown|Future Sight|p2a: Volcanion
|-start|p1a: See me in a crown|move: Future Sight
|
|-damage|p1a: See me in a crown|58/100 brn|[from] brn
|upkeep
|turn|7
|
|t:|1758288482
|move|p2a: Volcanion|Steam Eruption|p1a: See me in a crown
|-damage|p1a: See me in a crown|26/100 brn
|move|p1a: See me in a crown|Thunder Wave|p2a: Volcanion
|-status|p2a: Volcanion|par
|
|-damage|p1a: See me in a crown|20/100 brn|[from] brn
|upkeep
|turn|8
|
|t:|1758288491
|switch|p2a: Samurott|Samurott-Hisui, F|100/100
|switch|p1a: Yoghurt dragon|Goodra, M, shiny|100/100
|-damage|p1a: Yoghurt dragon|88/100|[from] Stealth Rock
|
|-end|p2a: Samurott|move: Future Sight
|-immune|p2a: Samurott
|upkeep
|turn|9
|
|t:|1758288497
|move|p1a: Yoghurt dragon|Draco Meteor|p2a: Samurott
|-damage|p2a: Samurott|61/100
|-unboost|p1a: Yoghurt dragon|spa|2
|move|p2a: Samurott|Ceaseless Edge|p1a: Yoghurt dragon
|-damage|p1a: Yoghurt dragon|31/100
|-ability|p1a: Yoghurt dragon|Gooey
|-unboost|p2a: Samurott|spe|1
|-sidestart|p1: I Want E Coyote|Spikes
|
|upkeep
|turn|10
|
|t:|1758288504
|switch|p1a: Damn boi he fish|Alomomola, M, shiny|100/100
|-damage|p1a: Damn boi he fish|88/100|[from] Stealth Rock
|-damage|p1a: Damn boi he fish|76/100|[from] Spikes
|move|p2a: Samurott|Razor Shell|p1a: Damn boi he fish
|-resisted|p1a: Damn boi he fish
|-crit|p1a: Damn boi he fish
|-damage|p1a: Damn boi he fish|58/100
|-damage|p2a: Samurott|44/100|[from] item: Rocky Helmet|[of] p1a: Damn boi he fish
|
|upkeep
|turn|11
|
|t:|1758288510
|move|p2a: Samurott|Knock Off|p1a: Damn boi he fish
|-damage|p1a: Damn boi he fish|38/100
|-damage|p2a: Samurott|28/100|[from] item: Rocky Helmet|[of] p1a: Damn boi he fish
|-enditem|p1a: Damn boi he fish|Rocky Helmet|[from] move: Knock Off|[of] p2a: Samurott
|move|p1a: Damn boi he fish|Wish|p1a: Damn boi he fish
|
|upkeep
|turn|12
|
|t:|1758288513
|move|p2a: Samurott|Ceaseless Edge|p1a: Damn boi he fish
|-damage|p1a: Damn boi he fish|15/100
|-sidestart|p1: I Want E Coyote|Spikes
|move|p1a: Damn boi he fish|Alluring Voice|p2a: Samurott
|-supereffective|p2a: Samurott
|-damage|p2a: Samurott|15/100
|
|-heal|p1a: Damn boi he fish|65/100|[from] move: Wish|[wisher] Damn boi he fish
|upkeep
|turn|13
|
|t:|1758288520
|switch|p2a: Volcanion|Volcanion|100/100 par
|move|p1a: Damn boi he fish|Wish|p1a: Damn boi he fish
|
|upkeep
|turn|14
|
|t:|1758288525
|switch|p1a: See me in a crown|Slowking-Galar, M, shiny|53/100 brn
|move|p2a: Volcanion|Steam Eruption|p1a: See me in a crown
|-damage|p1a: See me in a crown|19/100 brn
|
|-heal|p1a: See me in a crown|87/100 brn|[from] move: Wish|[wisher] Damn boi he fish
|-damage|p1a: See me in a crown|81/100 brn|[from] brn
|upkeep
|turn|15
|
|t:|1758288531
|move|p2a: Volcanion|Steam Eruption|p1a: See me in a crown
|-damage|p1a: See me in a crown|49/100 brn
|-prepare|p1a: See me in a crown|Chilly Reception|[premajor]
|move|p1a: See me in a crown|Chilly Reception|p1a: See me in a crown
|-weather|Snowscape
|
|t:|1758288538
|switch|p1a: The moose is loose|Ting-Lu|100/100|[from] Chilly Reception
|-damage|p1a: The moose is loose|94/100|[from] Stealth Rock
|-damage|p1a: The moose is loose|78/100|[from] Spikes
|-ability|p1a: The moose is loose|Vessel of Ruin
|
|-weather|Snowscape|[upkeep]
|-heal|p1a: The moose is loose|84/100|[from] item: Leftovers
|upkeep
|turn|16
|
|t:|1758288544
|switch|p2a: Great Tusk|Great Tusk|100/100
|move|p1a: The moose is loose|Spikes|p2a: Great Tusk
|-sidestart|p2: imprisonpaulgeorge|Spikes
|
|-weather|Snowscape|[upkeep]
|-heal|p1a: The moose is loose|90/100|[from] item: Leftovers
|upkeep
|turn|17
|
|t:|1758288552
|switch|p1a: Elon Tusk|Great Tusk, shiny|100/100
|-damage|p1a: Elon Tusk|98/100|[from] Stealth Rock
|-damage|p1a: Elon Tusk|81/100|[from] Spikes
|move|p2a: Great Tusk|Rapid Spin|p1a: Elon Tusk
|-damage|p1a: Elon Tusk|68/100
|-boost|p2a: Great Tusk|spe|1
|-sideend|p2: imprisonpaulgeorge|Spikes|[from] move: Rapid Spin|[of] p2a: Great Tusk
|
|-weather|Snowscape|[upkeep]
|-heal|p1a: Elon Tusk|74/100|[from] item: Leftovers
|upkeep
|turn|18
|
|t:|1758288555
|move|p2a: Great Tusk|Ice Spinner|p1a: Elon Tusk
|-supereffective|p1a: Elon Tusk
|-damage|p1a: Elon Tusk|30/100
|move|p1a: Elon Tusk|Knock Off|p2a: Great Tusk
|-resisted|p2a: Great Tusk
|-damage|p2a: Great Tusk|89/100
|-enditem|p2a: Great Tusk|Heavy-Duty Boots|[from] move: Knock Off|[of] p1a: Elon Tusk
|
|-weather|Snowscape|[upkeep]
|-heal|p1a: Elon Tusk|36/100|[from] item: Leftovers
|upkeep
|turn|19
|
|t:|1758288563
|move|p2a: Great Tusk|Ice Spinner|p1a: Elon Tusk
|-supereffective|p1a: Elon Tusk
|-damage|p1a: Elon Tusk|0 fnt
|faint|p1a: Elon Tusk
|-end|p1a: Elon Tusk|Protosynthesis|[silent]
|
|-weather|none
|upkeep
|
|t:|1758288567
|switch|p1a: Damn boi he fish|Alomomola, M, shiny|98/100
|-damage|p1a: Damn boi he fish|86/100|[from] Stealth Rock
|-damage|p1a: Damn boi he fish|69/100|[from] Spikes
|turn|20
|
|t:|1758288570
|move|p2a: Great Tusk|Headlong Rush|p1a: Damn boi he fish
|-damage|p1a: Damn boi he fish|33/100
|-unboost|p2a: Great Tusk|def|1
|-unboost|p2a: Great Tusk|spd|1
|move|p1a: Damn boi he fish|Wish|p1a: Damn boi he fish
|
|upkeep
|turn|21
|
|t:|1758288577
|-end|p2a: Great Tusk|Protosynthesis|[silent]
|switch|p2a: Volcanion|Volcanion|100/100 par
|switch|p1a: The moose is loose|Ting-Lu|90/100
|-damage|p1a: The moose is loose|84/100|[from] Stealth Rock
|-damage|p1a: The moose is loose|67/100|[from] Spikes
|-ability|p1a: The moose is loose|Vessel of Ruin
|
|-heal|p1a: The moose is loose|100/100|[from] move: Wish|[wisher] Damn boi he fish
|upkeep
|turn|22
|
|t:|1758288580
|switch|p2a: Great Tusk|Great Tusk|89/100
|move|p1a: The moose is loose|Spikes|p2a: Great Tusk
|-sidestart|p2: imprisonpaulgeorge|Spikes
|
|upkeep
|turn|23
|
|t:|1758288584
|move|p2a: Great Tusk|Rapid Spin|p1a: The moose is loose
|-damage|p1a: The moose is loose|91/100
|-boost|p2a: Great Tusk|spe|1
|-sideend|p2: imprisonpaulgeorge|Spikes|[from] move: Rapid Spin|[of] p2a: Great Tusk
|move|p1a: The moose is loose|Whirlwind|p2a: Great Tusk
|-end|p2a: Great Tusk|Protosynthesis|[silent]
|drag|p2a: Samurott|Samurott-Hisui, F|15/100
|
|-heal|p1a: The moose is loose|97/100|[from] item: Leftovers
|upkeep
|turn|24
|
|t:|1758288589
|move|p2a: Samurott|Ceaseless Edge|p1a: The moose is loose
|-resisted|p1a: The moose is loose
|-damage|p1a: The moose is loose|86/100
|-sidestart|p1: I Want E Coyote|Spikes
|move|p1a: The moose is loose|Spikes|p2a: Samurott
|-sidestart|p2: imprisonpaulgeorge|Spikes
|
|-heal|p1a: The moose is loose|93/100|[from] item: Leftovers
|upkeep
|turn|25
|
|t:|1758288593
|move|p2a: Samurott|Razor Shell|p1a: The moose is loose
|-supereffective|p1a: The moose is loose
|-damage|p1a: The moose is loose|44/100
|move|p1a: The moose is loose|Whirlwind|p2a: Samurott
|drag|p2a: Landorus|Landorus-Therian, M|84/100
|-ability|p2a: Landorus|Intimidate|boost
|-unboost|p1a: The moose is loose|atk|1
|
|-heal|p1a: The moose is loose|50/100|[from] item: Leftovers
|upkeep
|turn|26
|
|t:|1758288597
|move|p2a: Landorus|U-turn|p1a: The moose is loose
|-supereffective|p1a: The moose is loose
|-damage|p1a: The moose is loose|22/100
|
|t:|1758288602
|switch|p2a: Great Tusk|Great Tusk|89/100|[from] U-turn
|-damage|p2a: Great Tusk|77/100|[from] Spikes
|move|p1a: The moose is loose|Stealth Rock|p2a: Great Tusk
|-sidestart|p2: imprisonpaulgeorge|move: Stealth Rock
|
|-heal|p1a: The moose is loose|29/100|[from] item: Leftovers
|upkeep
|turn|27
|
|t:|1758288606
|move|p2a: Great Tusk|Rapid Spin|p1a: The moose is loose
|-damage|p1a: The moose is loose|20/100
|-boost|p2a: Great Tusk|spe|1
|-sideend|p2: imprisonpaulgeorge|Spikes|[from] move: Rapid Spin|[of] p2a: Great Tusk
|-sideend|p2: imprisonpaulgeorge|Stealth Rock|[from] move: Rapid Spin|[of] p2a: Great Tusk
|move|p1a: The moose is loose|Whirlwind|p2a: Great Tusk
|-end|p2a: Great Tusk|Protosynthesis|[silent]
|drag|p2a: Hydrapple|Hydrapple, M|100/100
|
|-heal|p1a: The moose is loose|26/100|[from] item: Leftovers
|upkeep
|turn|28
|
|t:|1758288612
|move|p2a: Hydrapple|Giga Drain|p1a: The moose is loose
|-supereffective|p1a: The moose is loose
|-damage|p1a: The moose is loose|0 fnt
|faint|p1a: The moose is loose
|
|upkeep
|
|t:|1758288618
|switch|p1a: Yoghurt dragon|Goodra, M, shiny|31/100
|-damage|p1a: Yoghurt dragon|18/100|[from] Stealth Rock
|-damage|p1a: Yoghurt dragon|0 fnt|[from] Spikes
|faint|p1a: Yoghurt dragon
|
|t:|1758288625
|switch|p1a: See me in a crown|Slowking-Galar, M, shiny|82/100 brn
|turn|29
|
|t:|1758288632
|switch|p2a: Gholdengo|Gholdengo|100/100
|-item|p2a: Gholdengo|Air Balloon
|move|p1a: See me in a crown|Thunder Wave|p2a: Gholdengo
|-immune|p2a: Gholdengo|[from] ability: Good as Gold
|
|-damage|p1a: See me in a crown|76/100 brn|[from] brn
|upkeep
|turn|30
|
|t:|1758288638
|move|p2a: Gholdengo|Shadow Ball|p1a: See me in a crown
|-supereffective|p1a: See me in a crown
|-damage|p1a: See me in a crown|30/100 brn
|move|p1a: See me in a crown|Fire Blast|p2a: Gholdengo
|-supereffective|p2a: Gholdengo
|-damage|p2a: Gholdengo|51/100
|-enditem|p2a: Gholdengo|Air Balloon
|
|-damage|p1a: See me in a crown|24/100 brn|[from] brn
|upkeep
|turn|31
|
|t:|1758288647
|switch|p1a: Fear my moustache|Kingambit, M, shiny|100/100
|-damage|p1a: Fear my moustache|94/100|[from] Stealth Rock
|-damage|p1a: Fear my moustache|69/100|[from] Spikes
|move|p2a: Gholdengo|Recover|p2a: Gholdengo
|-heal|p2a: Gholdengo|100/100
|
|upkeep
|turn|32
|
|t:|1758288656
|switch|p2a: Great Tusk|Great Tusk|77/100
|move|p1a: Fear my moustache|Iron Head|p2a: Great Tusk
|-damage|p2a: Great Tusk|47/100
|
|upkeep
|turn|33
|
|t:|1758288663
|switch|p1a: Damn boi he fish|Alomomola, M, shiny|66/100
|-damage|p1a: Damn boi he fish|54/100|[from] Stealth Rock
|-damage|p1a: Damn boi he fish|29/100|[from] Spikes
|move|p2a: Great Tusk|Headlong Rush|p1a: Damn boi he fish
|-damage|p1a: Damn boi he fish|0 fnt
|-unboost|p2a: Great Tusk|def|1
|-unboost|p2a: Great Tusk|spd|1
|faint|p1a: Damn boi he fish
|
|upkeep
|
|t:|1758288667
|switch|p1a: Fear my moustache|Kingambit, M, shiny|69/100
|-damage|p1a: Fear my moustache|63/100|[from] Stealth Rock
|-damage|p1a: Fear my moustache|38/100|[from] Spikes
|turn|34
|
|t:|1758288684
|move|p1a: Fear my moustache|Sucker Punch|p2a: Great Tusk
|-resisted|p2a: Great Tusk
|-damage|p2a: Great Tusk|26/100
|move|p2a: Great Tusk|Headlong Rush|p1a: Fear my moustache
|-supereffective|p1a: Fear my moustache
|-damage|p1a: Fear my moustache|0 fnt
|-unboost|p2a: Great Tusk|def|1
|-unboost|p2a: Great Tusk|spd|1
|faint|p1a: Fear my moustache
|
|upkeep
|
|t:|1758288686
|switch|p1a: See me in a crown|Slowking-Galar, M, shiny|58/100 brn
|turn|35
|c|☆I Want E Coyote|Gg
|
|t:|1758288695
|-end|p2a: Great Tusk|Protosynthesis|[silent]
|switch|p2a: Landorus|Landorus-Therian, M|84/100
|-ability|p2a: Landorus|Intimidate|boost
|-unboost|p1a: See me in a crown|atk|1
|move|p1a: See me in a crown|Future Sight|p2a: Landorus
|-start|p1a: See me in a crown|move: Future Sight
|
|-damage|p1a: See me in a crown|52/100 brn|[from] brn
|upkeep
|turn|36
|
|t:|1758288698
|-terastallize|p1a: See me in a crown|Fairy
|move|p2a: Landorus|Earthquake|p1a: See me in a crown
|-damage|p1a: See me in a crown|0 fnt
|faint|p1a: See me in a crown
|
|win|imprisonpaulgeorge
|raw|I Want E Coyote's rating: 1301 &rarr; <strong>1282</strong><br />(-19 for losing)
|raw|imprisonpaulgeorge's rating: 1315 &rarr; <strong>1334</strong><br />(+19 for winning)
|l|☆imprisonpaulgeorge
|player|p2|
|l|☆I Want E Coyote
|player|p1|
