|j|☆notmeezo
|j|☆IzzyFl0
|t:|1758257399
|gametype|singles
|player|p1|notmeezo|lucas|1353
|player|p2|IzzyFl0|unknown|1382
|gen|9
|tier|[Gen 9] OU
|rated|
|rule|HP Percentage Mod: HP is shown in percentages
|rule|Endless Battle Clause: Forcing endless battles is banned
|rule|Species Clause: Limit one of each Pokémon
|rule|OHKO Clause: OHKO moves are banned
|rule|Evasion Items Clause: Evasion items are banned
|rule|Evasion Moves Clause: Evasion moves are banned
|rule|Evasion Abilities Clause: Evasion abilities are banned
|rule|Sleep Moves Clause: Sleep-inducing moves are banned
|clearpoke
|poke|p1|Zamazenta-*|
|poke|p1|Serperior, M|
|poke|p1|Rotom-Heat|
|poke|p1|Corviknight, M|
|poke|p1|Gliscor, F|
|poke|p1|Ogerpon-Wellspring, F|
|poke|p2|Crawdaunt, M|
|poke|p2|Latios, M|
|poke|p2|Zamazenta-*|
|poke|p2|Landorus-Therian, M|
|poke|p2|Ting-Lu|
|poke|p2|Gholdengo|
|teampreview
|inactive|Battle timer is ON: inactive players will automatically lose when time's up. (requested by notmeezo)
|
|t:|1758257428
|teamsize|p1|6
|teamsize|p2|6
|start
|switch|p1a: Telkom|Rotom-Heat|100/100
|switch|p2a: Landorus|Landorus-Therian, M|100/100
|-ability|p2a: Landorus|Intimidate|boost
|-unboost|p1a: Telkom|atk|1
|turn|1
|
|t:|1758257438
|move|p1a: Telkom|Overheat|p2a: Landorus
|-damage|p2a: Landorus|36/100
|-unboost|p1a: Telkom|spa|2
|move|p2a: Landorus|Stealth Rock|p1a: Telkom
|-sidestart|p1: notmeezo|move: Stealth Rock
|
|upkeep
|turn|2
|
|t:|1758257453
|switch|p2a: Ting-Lu|Ting-Lu|100/100
|-ability|p2a: Ting-Lu|Vessel of Ruin
|move|p1a: Telkom|Overheat|p2a: Ting-Lu
|-damage|p2a: Ting-Lu|87/100
|-unboost|p1a: Telkom|spa|2
|
|-heal|p2a: Ting-Lu|93/100|[from] item: Leftovers
|upkeep
|turn|3
|inactive|IzzyFl0 has 120 seconds left.
|
|t:|1758257487
|switch|p1a: Corviknight|Corviknight, M|100/100
|-damage|p1a: Corviknight|88/100|[from] Stealth Rock
|switch|p2a: Zamazenta|Zamazenta|100/100
|-ability|p2a: Zamazenta|Dauntless Shield|boost
|-boost|p2a: Zamazenta|def|1
|
|upkeep
|turn|4
|inactive|IzzyFl0 has 120 seconds left.
|
|t:|1758257496
|move|p2a: Zamazenta|Iron Defense|p2a: Zamazenta
|-boost|p2a: Zamazenta|def|2
|move|p1a: Corviknight|Defog|p2a: Zamazenta
|-unboost|p2a: Zamazenta|evasion|1
|-sideend|p1: notmeezo|Stealth Rock|[from] move: Defog|[of] p1a: Corviknight
|
|upkeep
|turn|5
|inactive|IzzyFl0 has 120 seconds left.
|
|t:|1758257512
|switch|p1a: Shield|Zamazenta|100/100
|-ability|p1a: Shield|Dauntless Shield|boost
|-boost|p1a: Shield|def|1
|move|p2a: Zamazenta|Body Press|p1a: Shield
|-damage|p1a: Shield|60/100
|
|upkeep
|turn|6
|inactive|IzzyFl0 has 120 seconds left.
|
|t:|1758257522
|move|p2a: Zamazenta|Body Press|p1a: Shield
|-damage|p1a: Shield|19/100
|-enditem|p1a: Shield|Aguav Berry|[eat]
|-heal|p1a: Shield|52/100|[from] item: Aguav Berry
|move|p1a: Shield|Iron Defense|p1a: Shield
|-boost|p1a: Shield|def|2
|
|upkeep
|turn|7
|inactive|IzzyFl0 has 120 seconds left.
|
|t:|1758257534
|move|p2a: Zamazenta|Iron Defense|p2a: Zamazenta
|-boost|p2a: Zamazenta|def|2
|move|p1a: Shield|Iron Defense|p1a: Shield
|-boost|p1a: Shield|def|2
|
|upkeep
|turn|8
|inactive|IzzyFl0 has 120 seconds left.
|
|t:|1758257544
|move|p2a: Zamazenta|Body Press|p1a: Shield
|-damage|p1a: Shield|28/100
|move|p1a: Shield|Roar|p2a: Zamazenta
|drag|p2a: Latios|Latios, M|100/100
|
|upkeep
|turn|9
|
|t:|1758257553
|move|p2a: Latios|Luster Purge|p1a: Shield
|-supereffective|p1a: Shield
|-damage|p1a: Shield|0 fnt
|faint|p1a: Shield
|
|upkeep
|
|t:|1758257571
|switch|p1a: Mystic|Ogerpon-Wellspring, F|100/100
|turn|10
|
|t:|1758257580
|move|p2a: Latios|Luster Purge|p1a: Mystic
|-damage|p1a: Mystic|43/100
|-unboost|p1a: Mystic|spd|1
|move|p1a: Mystic|Knock Off|p2a: Latios
|-supereffective|p2a: Latios
|-damage|p2a: Latios|0 fnt
|-enditem|p2a: Latios|Choice Scarf|[from] move: Knock Off|[of] p1a: Mystic
|faint|p2a: Latios
|
|upkeep
|inactive|IzzyFl0 has 120 seconds left.
|
|t:|1758257618
|switch|p2a: Zamazenta|Zamazenta|100/100
|turn|11
|inactive|notmeezo has 120 seconds left.
|
|t:|1758257661
|move|p2a: Zamazenta|Iron Defense|p2a: Zamazenta
|-boost|p2a: Zamazenta|def|2
|move|p1a: Mystic|Ivy Cudgel|p2a: Zamazenta|[anim] Ivy Cudgel Water
|-crit|p2a: Zamazenta
|-damage|p2a: Zamazenta|33/100
|
|-heal|p2a: Zamazenta|39/100|[from] item: Leftovers
|upkeep
|turn|12
|
|t:|1758257668
|move|p2a: Zamazenta|Body Press|p1a: Mystic
|-damage|p1a: Mystic|0 fnt
|faint|p1a: Mystic
|
|-heal|p2a: Zamazenta|46/100|[from] item: Leftovers
|upkeep
|
|t:|1758257671
|switch|p1a: Corviknight|Corviknight, M|88/100
|turn|13
|inactive|IzzyFl0 has 120 seconds left.
|inactive|IzzyFl0 has 90 seconds left.
|
|t:|1758257717
|-terastallize|p2a: Zamazenta|Fire
|move|p2a: Zamazenta|Iron Defense|p2a: Zamazenta
|-boost|p2a: Zamazenta|def|2
|move|p1a: Corviknight|Body Press|p2a: Zamazenta
|-damage|p2a: Zamazenta|39/100
|
|-heal|p2a: Zamazenta|45/100|[from] item: Leftovers
|upkeep
|turn|14
|
|t:|1758257725
|move|p2a: Zamazenta|Body Press|p1a: Corviknight
|-damage|p1a: Corviknight|24/100
|-damage|p2a: Zamazenta|29/100|[from] item: Rocky Helmet|[of] p1a: Corviknight
|move|p1a: Corviknight|Iron Defense|p1a: Corviknight
|-boost|p1a: Corviknight|def|2
|
|-heal|p2a: Zamazenta|35/100|[from] item: Leftovers
|upkeep
|turn|15
|inactive|IzzyFl0 has 90 seconds left.
|
|t:|1758257734
|move|p2a: Zamazenta|Body Press|p1a: Corviknight
|-damage|p1a: Corviknight|0 fnt
|-damage|p2a: Zamazenta|18/100|[from] item: Rocky Helmet|[of] p1a: Corviknight
|faint|p1a: Corviknight
|
|-heal|p2a: Zamazenta|24/100|[from] item: Leftovers
|upkeep
|
|t:|1758257738
|switch|p1a: Telkom|Rotom-Heat|100/100
|turn|16
|
|t:|1758257745
|move|p2a: Zamazenta|Body Press|p1a: Telkom
|-damage|p1a: Telkom|0 fnt
|faint|p1a: Telkom
|
|-heal|p2a: Zamazenta|31/100|[from] item: Leftovers
|upkeep
|
|t:|1758257747
|switch|p1a: Pinch|Gliscor, F|100/100
|turn|17
|
|t:|1758257756
|move|p1a: Pinch|Protect|p1a: Pinch
|-singleturn|p1a: Pinch|Protect
|move|p2a: Zamazenta|Iron Defense|p2a: Zamazenta
|-boost|p2a: Zamazenta|def|2
|
|-heal|p2a: Zamazenta|37/100|[from] item: Leftovers
|-status|p1a: Pinch|tox|[from] item: Toxic Orb
|upkeep
|turn|18
|
|t:|1758257764
|move|p2a: Zamazenta|Body Press|p1a: Pinch
|-resisted|p1a: Pinch
|-damage|p1a: Pinch|49/100 tox
|move|p1a: Pinch|Earthquake|p2a: Zamazenta
|-supereffective|p2a: Zamazenta
|-damage|p2a: Zamazenta|24/100
|
|-heal|p2a: Zamazenta|31/100|[from] item: Leftovers
|-heal|p1a: Pinch|61/100 tox|[from] ability: Poison Heal
|upkeep
|turn|19
|inactive|IzzyFl0 has 120 seconds left.
|
|t:|1758257774
|move|p2a: Zamazenta|Body Press|p1a: Pinch
|-resisted|p1a: Pinch
|-damage|p1a: Pinch|9/100 tox
|move|p1a: Pinch|Toxic|p2a: Zamazenta
|-status|p2a: Zamazenta|tox
|
|-heal|p2a: Zamazenta|37/100 tox|[from] item: Leftovers
|-damage|p2a: Zamazenta|31/100 tox|[from] psn
|-heal|p1a: Pinch|22/100 tox|[from] ability: Poison Heal
|upkeep
|turn|20
|
|t:|1758257783
|move|p1a: Pinch|Protect|p1a: Pinch
|-singleturn|p1a: Pinch|Protect
|move|p2a: Zamazenta|Body Press|p1a: Pinch
|-activate|p1a: Pinch|move: Protect
|
|-heal|p2a: Zamazenta|37/100 tox|[from] item: Leftovers
|-damage|p2a: Zamazenta|24/100 tox|[from] psn
|-heal|p1a: Pinch|34/100 tox|[from] ability: Poison Heal
|upkeep
|turn|21
|
|t:|1758257793
|move|p2a: Zamazenta|Body Press|p1a: Pinch
|-resisted|p1a: Pinch
|-damage|p1a: Pinch|0 fnt
|faint|p1a: Pinch
|
|-heal|p2a: Zamazenta|31/100 tox|[from] item: Leftovers
|-damage|p2a: Zamazenta|12/100 tox|[from] psn
|upkeep
|
|t:|1758257795
|switch|p1a: Fuzzy|Serperior, M|100/100
|turn|22
|
|t:|1758257801
|-terastallize|p1a: Fuzzy|Electric
|move|p2a: Zamazenta|Body Press|p1a: Fuzzy
|-damage|p1a: Fuzzy|0 fnt
|faint|p1a: Fuzzy
|
|win|IzzyFl0
|raw|notmeezo's rating: 1353 &rarr; <strong>1335</strong><br />(-18 for losing)
|raw|IzzyFl0's rating: 1382 &rarr; <strong>1400</strong><br />(+18 for winning)
|l|☆IzzyFl0
|player|p2|
|l|☆notmeezo
|player|p1|
