|j|☆mala☆huju
|j|☆Mr.villains
|t:|1758256870
|gametype|singles
|player|p1|mala☆huju|#malahuju|1554
|player|p2|Mr.villains|cynthia-gen4|1588
|gen|9
|tier|[Gen 9] OU
|rated|
|rule|HP Percentage Mod: HP is shown in percentages
|rule|Endless Battle Clause: Forcing endless battles is banned
|rule|Species Clause: Limit one of each Pokémon
|rule|OHKO Clause: OHKO moves are banned
|rule|Evasion Items Clause: Evasion items are banned
|rule|Evasion Moves Clause: Evasion moves are banned
|rule|Evasion Abilities Clause: Evasion abilities are banned
|rule|Sleep Moves Clause: Sleep-inducing moves are banned
|clearpoke
|poke|p1|Weezing-Galar, F|
|poke|p1|Alomomola, F|
|poke|p1|Ting-Lu|
|poke|p1|Zamazenta-*|
|poke|p1|Iron Crown|
|poke|p1|Ogerpon-Wellspring, F|
|poke|p2|Darkrai|
|poke|p2|Glimmora, F|
|poke|p2|Dragonite, M|
|poke|p2|Enamorus, F|
|poke|p2|Corviknight, M|
|poke|p2|Kingambit, F|
|teampreview
|inactive|Battle timer is ON: inactive players will automatically lose when time's up. (requested by mala☆huju)
|inactive|mala☆huju has 120 seconds left.
|c|☆mala☆huju|hf
|inactive|mala☆huju has 90 seconds left.
|inactive|mala☆huju has 60 seconds left.
|inactive|mala☆huju has 30 seconds left.
|
|t:|1758257003
|teamsize|p1|6
|teamsize|p2|6
|start
|switch|p1a: Iron Crown|Iron Crown|100/100
|switch|p2a: Darkrai|Darkrai|100/100
|turn|1
|inactive|mala☆huju has 90 seconds left.
|
|t:|1758257011
|-end|p1a: Iron Crown|Quark Drive|[silent]
|switch|p1a: Ting-Lu|Ting-Lu|100/100
|-ability|p1a: Ting-Lu|Vessel of Ruin
|move|p2a: Darkrai|Dark Pulse|p1a: Ting-Lu
|-resisted|p1a: Ting-Lu
|-damage|p1a: Ting-Lu|92/100
|
|-heal|p1a: Ting-Lu|98/100|[from] item: Leftovers
|upkeep
|turn|2
|
|t:|1758257015
|switch|p2a: Glimmora|Glimmora, F|100/100
|move|p1a: Ting-Lu|Stealth Rock|p2a: Glimmora
|-sidestart|p2: Mr.villains|move: Stealth Rock
|
|-heal|p1a: Ting-Lu|100/100|[from] item: Leftovers
|upkeep
|turn|3
|
|t:|1758257020
|switch|p1a: Iron Crown|Iron Crown|100/100
|move|p2a: Glimmora|Mortal Spin|p1a: Iron Crown
|-immune|p1a: Iron Crown
|
|upkeep
|turn|4
|
|t:|1758257028
|switch|p2a: Corviknight|Corviknight, M|100/100
|-damage|p2a: Corviknight|88/100|[from] Stealth Rock
|-ability|p2a: Corviknight|Pressure
|move|p1a: Iron Crown|Tachyon Cutter|p2a: Corviknight
|-resisted|p2a: Corviknight
|-damage|p2a: Corviknight|75/100
|-resisted|p2a: Corviknight
|-damage|p2a: Corviknight|64/100
|-hitcount|p2a: Corviknight|2
|
|-heal|p2a: Corviknight|70/100|[from] item: Leftovers
|upkeep
|turn|5
|inactive|mala☆huju has 120 seconds left.
|
|t:|1758257038
|move|p1a: Iron Crown|Volt Switch|p2a: Corviknight
|-supereffective|p2a: Corviknight
|-damage|p2a: Corviknight|25/100
|
|t:|1758257046
|-end|p1a: Iron Crown|Quark Drive|[silent]
|switch|p1a: Weezing|Weezing-Galar, F|100/100|[from] Volt Switch
|-ability|p1a: Weezing|Neutralizing Gas
|move|p2a: Corviknight|U-turn|p1a: Weezing
|-resisted|p1a: Weezing
|-damage|p1a: Weezing|98/100
|
|t:|1758257058
|switch|p2a: Darkrai|Darkrai|100/100|[from] U-turn
|-damage|p2a: Darkrai|88/100|[from] Stealth Rock
|
|-heal|p2a: Darkrai|94/100|[from] item: Leftovers
|upkeep
|turn|6
|
|t:|1758257064
|move|p2a: Darkrai|Nasty Plot|p2a: Darkrai
|-boost|p2a: Darkrai|spa|2
|move|p1a: Weezing|Strange Steam|p2a: Darkrai
|-supereffective|p2a: Darkrai
|-damage|p2a: Darkrai|28/100
|
|-heal|p2a: Darkrai|34/100|[from] item: Leftovers
|upkeep
|turn|7
|
|t:|1758257070
|move|p2a: Darkrai|Dark Pulse|p1a: Weezing
|-resisted|p1a: Weezing
|-damage|p1a: Weezing|35/100
|cant|p1a: Weezing|flinch
|
|-heal|p2a: Darkrai|40/100|[from] item: Leftovers
|upkeep
|turn|8
|
|t:|1758257077
|-end|p1a: Weezing|ability: Neutralizing Gas
|switch|p1a: Ting-Lu|Ting-Lu|100/100
|-ability|p1a: Ting-Lu|Vessel of Ruin
|move|p2a: Darkrai|Ice Beam|p1a: Ting-Lu
|-supereffective|p1a: Ting-Lu
|-damage|p1a: Ting-Lu|46/100
|-status|p1a: Ting-Lu|frz
|
|-heal|p2a: Darkrai|46/100|[from] item: Leftovers
|-heal|p1a: Ting-Lu|52/100 frz|[from] item: Leftovers
|upkeep
|turn|9
|
|t:|1758257086
|move|p2a: Darkrai|Ice Beam|p1a: Ting-Lu
|-supereffective|p1a: Ting-Lu
|-damage|p1a: Ting-Lu|2/100 frz
|cant|p1a: Ting-Lu|frz
|
|-heal|p2a: Darkrai|52/100|[from] item: Leftovers
|-heal|p1a: Ting-Lu|9/100 frz|[from] item: Leftovers
|upkeep
|turn|10
|c|☆mala☆huju|neat
|
|t:|1758257095
|move|p2a: Darkrai|Ice Beam|p1a: Ting-Lu
|-supereffective|p1a: Ting-Lu
|-damage|p1a: Ting-Lu|0 fnt
|faint|p1a: Ting-Lu
|
|-heal|p2a: Darkrai|58/100|[from] item: Leftovers
|upkeep
|
|t:|1758257101
|switch|p1a: Zamazenta|Zamazenta|100/100
|-ability|p1a: Zamazenta|Dauntless Shield|boost
|-boost|p1a: Zamazenta|def|1
|turn|11
|
|t:|1758257108
|-terastallize|p2a: Darkrai|Poison
|move|p1a: Zamazenta|Close Combat|p2a: Darkrai
|-resisted|p2a: Darkrai
|-damage|p2a: Darkrai|17/100
|-unboost|p1a: Zamazenta|def|1
|-unboost|p1a: Zamazenta|spd|1
|move|p2a: Darkrai|Ice Beam|p1a: Zamazenta
|-damage|p1a: Zamazenta|6/100
|
|-heal|p2a: Darkrai|23/100|[from] item: Leftovers
|upkeep
|turn|12
|
|t:|1758257121
|switch|p2a: Glimmora|Glimmora, F|100/100
|-damage|p2a: Glimmora|88/100|[from] Stealth Rock
|move|p1a: Zamazenta|Close Combat|p2a: Glimmora
|-damage|p2a: Glimmora|40/100
|-unboost|p1a: Zamazenta|def|1
|-unboost|p1a: Zamazenta|spd|1
|-activate|p2a: Glimmora|ability: Toxic Debris
|-sidestart|p1: mala☆huju|move: Toxic Spikes
|-enditem|p2a: Glimmora|Red Card|[of] p1a: Zamazenta
|drag|p1a: Alomomola|Alomomola, F|100/100
|
|upkeep
|turn|13
|
|t:|1758257136
|switch|p1a: Iron Crown|Iron Crown|100/100
|move|p2a: Glimmora|Earth Power|p1a: Iron Crown
|-supereffective|p1a: Iron Crown
|-damage|p1a: Iron Crown|69/100
|
|upkeep
|turn|14
|
|t:|1758257145
|move|p1a: Iron Crown|Tachyon Cutter|p2a: Glimmora
|-supereffective|p2a: Glimmora
|-damage|p2a: Glimmora|0 fnt
|faint|p2a: Glimmora
|-hitcount|p2: Glimmora|1
|
|upkeep
|
|t:|1758257149
|switch|p2a: Darkrai|Darkrai, tera:Poison|23/100
|-damage|p2a: Darkrai|10/100|[from] Stealth Rock
|turn|15
|
|t:|1758257157
|-end|p1a: Iron Crown|Quark Drive|[silent]
|switch|p1a: Weezing|Weezing-Galar, F|35/100
|-ability|p1a: Weezing|Neutralizing Gas
|-sideend|p1: mala☆huju|move: Toxic Spikes|[of] p1a: Weezing
|move|p2a: Darkrai|Dark Pulse|p1a: Weezing
|-resisted|p1a: Weezing
|-damage|p1a: Weezing|4/100
|
|-heal|p2a: Darkrai|17/100|[from] item: Leftovers
|upkeep
|turn|16
|
|t:|1758257162
|move|p2a: Darkrai|Ice Beam|p1a: Weezing
|-damage|p1a: Weezing|0 fnt
|faint|p1a: Weezing
|-end|p1a: Weezing|ability: Neutralizing Gas
|
|-heal|p2a: Darkrai|23/100|[from] item: Leftovers
|upkeep
|
|t:|1758257164
|switch|p1a: Zamazenta|Zamazenta|6/100
|turn|17
|
|t:|1758257170
|switch|p2a: Corviknight|Corviknight, M|25/100
|-damage|p2a: Corviknight|12/100|[from] Stealth Rock
|-ability|p2a: Corviknight|Pressure
|move|p1a: Zamazenta|Heavy Slam|p2a: Corviknight
|-resisted|p2a: Corviknight
|-damage|p2a: Corviknight|6/100
|
|-heal|p2a: Corviknight|13/100|[from] item: Leftovers
|upkeep
|turn|18
|
|t:|1758257176
|move|p1a: Zamazenta|Crunch|p2a: Corviknight
|-damage|p2a: Corviknight|0 fnt
|faint|p2a: Corviknight
|
|upkeep
|
|t:|1758257179
|switch|p2a: Enamorus|Enamorus, F|100/100
|-damage|p2a: Enamorus|76/100|[from] Stealth Rock
|turn|19
|
|t:|1758257185
|switch|p1a: Iron Crown|Iron Crown|69/100
|move|p2a: Enamorus|Earth Power|p1a: Iron Crown
|-supereffective|p1a: Iron Crown
|-damage|p1a: Iron Crown|25/100
|
|upkeep
|turn|20
|
|t:|1758257192
|move|p2a: Enamorus|Earth Power|p1a: Iron Crown
|-supereffective|p1a: Iron Crown
|-damage|p1a: Iron Crown|0 fnt
|faint|p1a: Iron Crown
|-end|p1a: Iron Crown|Quark Drive|[silent]
|
|upkeep
|
|t:|1758257211
|switch|p1a: Alomomola|Alomomola, F|100/100
|turn|21
|
|t:|1758257227
|switch|p2a: Darkrai|Darkrai, tera:Poison|23/100
|-damage|p2a: Darkrai|10/100|[from] Stealth Rock
|move|p1a: Alomomola|Wish|p1a: Alomomola
|
|-heal|p2a: Darkrai|16/100|[from] item: Leftovers
|upkeep
|turn|22
|
|t:|1758257235
|move|p2a: Darkrai|Dark Pulse|p1a: Alomomola
|-damage|p1a: Alomomola|50/100
|move|p1a: Alomomola|Flip Turn|p2a: Darkrai
|-damage|p2a: Darkrai|0 fnt
|faint|p2a: Darkrai
|
|t:|1758257240
|switch|p1a: Zamazenta|Zamazenta|6/100|[from] Flip Turn
|
|-heal|p1a: Zamazenta|88/100|[from] move: Wish|[wisher] Alomomola
|upkeep
|
|t:|1758257244
|switch|p2a: Enamorus|Enamorus, F|76/100
|-damage|p2a: Enamorus|51/100|[from] Stealth Rock
|turn|23
|inactive|mala☆huju has 120 seconds left.
|
|t:|1758257287
|switch|p1a: Alomomola|Alomomola, F|83/100
|move|p2a: Enamorus|Earth Power|p1a: Alomomola
|-damage|p1a: Alomomola|43/100
|
|upkeep
|turn|24
|
|t:|1758257297
|move|p2a: Enamorus|Earth Power|p1a: Alomomola
|-damage|p1a: Alomomola|4/100
|move|p1a: Alomomola|Wish|p1a: Alomomola
|
|upkeep
|turn|25
|
|t:|1758257303
|move|p1a: Alomomola|Protect|p1a: Alomomola
|-singleturn|p1a: Alomomola|Protect
|move|p2a: Enamorus|Earth Power|p1a: Alomomola
|-activate|p1a: Alomomola|move: Protect
|
|-heal|p1a: Alomomola|54/100|[from] move: Wish|[wisher] Alomomola
|upkeep
|turn|26
|
|t:|1758257308
|switch|p2a: Dragonite|Dragonite, M|100/100
|move|p1a: Alomomola|Wish|p1a: Alomomola
|
|upkeep
|turn|27
|
|t:|1758257312
|switch|p1a: Zamazenta|Zamazenta|88/100
|move|p2a: Dragonite|Substitute|p2a: Dragonite
|-start|p2a: Dragonite|Substitute
|-damage|p2a: Dragonite|76/100
|
|-heal|p1a: Zamazenta|100/100|[from] move: Wish|[wisher] Alomomola
|upkeep
|turn|28
|
|t:|1758257320
|move|p1a: Zamazenta|Stone Edge|p2a: Dragonite
|-supereffective|p2a: Dragonite
|-end|p2a: Dragonite|Substitute
|move|p2a: Dragonite|Dragon Dance|p2a: Dragonite
|-boost|p2a: Dragonite|atk|1
|-boost|p2a: Dragonite|spe|1
|
|upkeep
|turn|29
|
|t:|1758257327
|move|p2a: Dragonite|Substitute|p2a: Dragonite
|-start|p2a: Dragonite|Substitute
|-damage|p2a: Dragonite|51/100
|move|p1a: Zamazenta|Stone Edge|p2a: Dragonite
|-supereffective|p2a: Dragonite
|-crit|p2a: Dragonite
|-end|p2a: Dragonite|Substitute
|
|upkeep
|turn|30
|
|t:|1758257329
|move|p2a: Dragonite|Substitute|p2a: Dragonite
|-start|p2a: Dragonite|Substitute
|-damage|p2a: Dragonite|26/100
|move|p1a: Zamazenta|Stone Edge|p2a: Dragonite|[miss]
|-miss|p1a: Zamazenta|p2a: Dragonite
|
|upkeep
|turn|31
|
|t:|1758257333
|move|p2a: Dragonite|Earthquake|p1a: Zamazenta
|-damage|p1a: Zamazenta|55/100
|move|p1a: Zamazenta|Stone Edge|p2a: Dragonite
|-supereffective|p2a: Dragonite
|-end|p2a: Dragonite|Substitute
|
|upkeep
|turn|32
|
|t:|1758257338
|move|p2a: Dragonite|Substitute|p2a: Dragonite
|-start|p2a: Dragonite|Substitute
|-damage|p2a: Dragonite|1/100
|move|p1a: Zamazenta|Stone Edge|p2a: Dragonite|[miss]
|-miss|p1a: Zamazenta|p2a: Dragonite
|
|upkeep
|turn|33
|
|t:|1758257351
|move|p2a: Dragonite|Earthquake|p1a: Zamazenta
|-damage|p1a: Zamazenta|4/100
|move|p1a: Zamazenta|Stone Edge|p2a: Dragonite
|-supereffective|p2a: Dragonite
|-end|p2a: Dragonite|Substitute
|
|upkeep
|turn|34
|
|t:|1758257362
|move|p2a: Dragonite|Earthquake|p1a: Zamazenta
|-damage|p1a: Zamazenta|0 fnt
|faint|p1a: Zamazenta
|
|upkeep
|
|t:|1758257364
|switch|p1a: Alomomola|Alomomola, F|88/100
|turn|35
|
|t:|1758257369
|move|p2a: Dragonite|Earthquake|p1a: Alomomola
|-damage|p1a: Alomomola|58/100
|move|p1a: Alomomola|Flip Turn|p2a: Dragonite
|-resisted|p2a: Dragonite
|-damage|p2a: Dragonite|0 fnt
|faint|p2a: Dragonite
|
|t:|1758257374
|switch|p1a: Ogerpon|Ogerpon-Wellspring, F|100/100|[from] Flip Turn
|
|upkeep
|
|t:|1758257381
|switch|p2a: Enamorus|Enamorus, F|51/100
|-damage|p2a: Enamorus|26/100|[from] Stealth Rock
|turn|36
|
|t:|1758257385
|-terastallize|p1a: Ogerpon|Water
|detailschange|p1a: Ogerpon|Ogerpon-Wellspring-Tera, F, tera:Water
|-ability|p1a: Ogerpon|Embody Aspect (Wellspring)|boost
|-boost|p1a: Ogerpon|spd|1
|move|p2a: Enamorus|Moonblast|p1a: Ogerpon
|-damage|p1a: Ogerpon|66/100
|-unboost|p1a: Ogerpon|spa|1
|move|p1a: Ogerpon|Ivy Cudgel|p2a: Enamorus|[anim] Ivy Cudgel Water
|-damage|p2a: Enamorus|0 fnt
|faint|p2a: Enamorus
|
|upkeep
|
|t:|1758257389
|switch|p2a: Kingambit|Kingambit, F|100/100
|-damage|p2a: Kingambit|94/100|[from] Stealth Rock
|-activate|p2a: Kingambit|ability: Supreme Overlord
|-start|p2a: Kingambit|fallen5|[silent]
|turn|37
|
|t:|1758257398
|switch|p1a: Alomomola|Alomomola, F|91/100
|move|p2a: Kingambit|Swords Dance|p2a: Kingambit
|-boost|p2a: Kingambit|atk|2
|
|-heal|p2a: Kingambit|100/100|[from] item: Leftovers
|upkeep
|turn|38
|
|t:|1758257402
|move|p2a: Kingambit|Kowtow Cleave|p1a: Alomomola
|-damage|p1a: Alomomola|17/100
|move|p1a: Alomomola|Scald|p2a: Kingambit
|-damage|p2a: Kingambit|86/100
|
|-heal|p2a: Kingambit|92/100|[from] item: Leftovers
|upkeep
|turn|39
|
|t:|1758257409
|move|p2a: Kingambit|Kowtow Cleave|p1a: Alomomola
|-damage|p1a: Alomomola|0 fnt
|faint|p1a: Alomomola
|
|-heal|p2a: Kingambit|98/100|[from] item: Leftovers
|upkeep
|
|t:|1758257411
|switch|p1a: Ogerpon|Ogerpon-Wellspring-Tera, F, tera:Water|66/100
|-ability|p1a: Ogerpon|Embody Aspect (Wellspring)|boost
|-boost|p1a: Ogerpon|spd|1
|turn|40
|
|t:|1758257415
|move|p1a: Ogerpon|Synthesis|p1a: Ogerpon
|-heal|p1a: Ogerpon|100/100
|move|p2a: Kingambit|Kowtow Cleave|p1a: Ogerpon
|-damage|p1a: Ogerpon|0 fnt
|faint|p1a: Ogerpon
|detailschange|p1: Ogerpon|Ogerpon-Wellspring, F|[silent]
|
|win|Mr.villains
|raw|mala☆huju's rating: 1554 &rarr; <strong>1536</strong><br />(-18 for losing)
|raw|Mr.villains's rating: 1588 &rarr; <strong>1606</strong><br />(+18 for winning)
|l|☆mala☆huju
|player|p1|
|l|☆Mr.villains
|player|p2|
