|badge|p2|bronze|gen9ou|100-6
|uhtml|medal-msg|<div class="broadcast-blue">Curious what those medals under the avatar are? PS now has Ladder Seasons! For more information, check out the <a href="https://www.smogon.com/forums/threads/3740067/">thread on Smogon.</a></div>
|j|☆eros maniac
|j|☆mathismathin
|t:|1758343169
|gametype|singles
|player|p1|eros maniac|1|1812
|player|p2|mathismathin|hilbert|1785
|gen|9
|tier|[Gen 9] OU
|rated|
|rule|HP Percentage Mod: HP is shown in percentages
|rule|Endless Battle Clause: Forcing endless battles is banned
|rule|Species Clause: Limit one of each Pokémon
|rule|OHKO Clause: OHKO moves are banned
|rule|Evasion Items Clause: Evasion items are banned
|rule|Evasion Moves Clause: Evasion moves are banned
|rule|Evasion Abilities Clause: Evasion abilities are banned
|rule|Sleep Moves Clause: Sleep-inducing moves are banned
|clearpoke
|poke|p1|Frosmoth, F|
|poke|p1|Maushold-Four|
|poke|p1|Mamoswine, F|
|poke|p1|Sinistcha|
|poke|p1|Alomomola, F|
|poke|p1|Weezing-Galar, F|
|poke|p2|Walking Wake|
|poke|p2|Sinistcha|
|poke|p2|Volcanion|
|poke|p2|Slowbro, M|
|poke|p2|Coalossal, F|
|poke|p2|Emboar, F|
|teampreview
|inactive|Battle timer is ON: inactive players will automatically lose when time's up. (requested by eros maniac)
|
|t:|1758343179
|teamsize|p1|6
|teamsize|p2|6
|start
|switch|p1a: Mamoswine|Mamoswine, F|100/100
|switch|p2a: Slowbro|Slowbro, M|100/100
|turn|1
|
|t:|1758343184
|switch|p1a: Frosmoth|Frosmoth, F, shiny|100/100
|move|p2a: Slowbro|Scald|p1a: Frosmoth
|-damage|p1a: Frosmoth|91/100
|
|-heal|p1a: Frosmoth|97/100|[from] item: Leftovers
|upkeep
|turn|2
|
|t:|1758343209
|switch|p2a: Emboar|Emboar, F|100/100
|move|p1a: Frosmoth|Substitute|p1a: Frosmoth
|-start|p1a: Frosmoth|Substitute
|-damage|p1a: Frosmoth|72/100
|
|-heal|p1a: Frosmoth|78/100|[from] item: Leftovers
|upkeep
|turn|3
|
|t:|1758343212
|move|p1a: Frosmoth|Ice Beam|p2a: Emboar
|-resisted|p2a: Emboar
|-damage|p2a: Emboar|87/100
|move|p2a: Emboar|Flare Blitz|p1a: Frosmoth
|-supereffective|p1a: Frosmoth
|-end|p1a: Frosmoth|Substitute
|-damage|p2a: Emboar|79/100|[from] Recoil|[of] p1a: Frosmoth
|
|-heal|p1a: Frosmoth|84/100|[from] item: Leftovers
|upkeep
|turn|4
|
|t:|1758343218
|switch|p1a: Alomomola|Alomomola, F, shiny|100/100
|move|p2a: Emboar|Close Combat|p1a: Alomomola
|-damage|p1a: Alomomola|56/100
|-unboost|p2a: Emboar|def|1
|-unboost|p2a: Emboar|spd|1
|-damage|p2a: Emboar|63/100|[from] item: Rocky Helmet|[of] p1a: Alomomola
|
|upkeep
|turn|5
|
|t:|1758343223
|switch|p2a: Volcanion|Volcanion|100/100
|move|p1a: Alomomola|Wish|p1a: Alomomola
|
|upkeep
|turn|6
|
|t:|1758343228
|switch|p1a: Frosmoth|Frosmoth, F, shiny|84/100
|move|p2a: Volcanion|Flamethrower|p1a: Frosmoth
|-supereffective|p1a: Frosmoth
|-crit|p1a: Frosmoth
|-damage|p1a: Frosmoth|0 fnt
|faint|p1a: Frosmoth
|
|upkeep
|
|t:|1758343233
|switch|p1a: Mamoswine|Mamoswine, F|100/100
|turn|7
|
|t:|1758343236
|switch|p2a: Slowbro|Slowbro, M|100/100
|move|p1a: Mamoswine|Earthquake|p2a: Slowbro
|-damage|p2a: Slowbro|48/100
|
|upkeep
|turn|8
|
|t:|1758343239
|switch|p2a: Sinistcha|Sinistcha|100/100
|move|p1a: Mamoswine|Earthquake|p2a: Sinistcha
|-resisted|p2a: Sinistcha
|-damage|p2a: Sinistcha|63/100
|
|-heal|p2a: Sinistcha|69/100|[from] item: Leftovers
|upkeep
|turn|9
|
|t:|1758343244
|switch|p1a: Weezing|Weezing-Galar, F|100/100
|-ability|p1a: Weezing|Neutralizing Gas
|move|p2a: Sinistcha|Calm Mind|p2a: Sinistcha
|-boost|p2a: Sinistcha|spa|1
|-boost|p2a: Sinistcha|spd|1
|
|-heal|p2a: Sinistcha|75/100|[from] item: Leftovers
|upkeep
|turn|10
|
|t:|1758343247
|move|p2a: Sinistcha|Scald|p1a: Weezing
|-damage|p1a: Weezing|46/100
|move|p1a: Weezing|Toxic|p2a: Sinistcha
|-status|p2a: Sinistcha|tox
|
|-heal|p2a: Sinistcha|81/100 tox|[from] item: Leftovers
|-damage|p2a: Sinistcha|75/100 tox|[from] psn
|upkeep
|turn|11
|
|t:|1758343253
|move|p2a: Sinistcha|Scald|p1a: Weezing
|-damage|p1a: Weezing|0 fnt
|faint|p1a: Weezing
|-end|p1a: Weezing|ability: Neutralizing Gas
|
|-heal|p2a: Sinistcha|81/100 tox|[from] item: Leftovers
|-damage|p2a: Sinistcha|69/100 tox|[from] psn
|upkeep
|
|t:|1758343256
|switch|p1a: Mamoswine|Mamoswine, F|100/100
|turn|12
|
|t:|1758343260
|move|p1a: Mamoswine|Icicle Crash|p2a: Sinistcha
|-supereffective|p2a: Sinistcha
|-damage|p2a: Sinistcha|0 fnt
|faint|p2a: Sinistcha
|
|upkeep
|
|t:|1758343267
|switch|p2a: Volcanion|Volcanion|100/100
|turn|13
|
|t:|1758343270
|switch|p1a: Alomomola|Alomomola, F, shiny|89/100
|move|p2a: Volcanion|Sludge Bomb|p1a: Alomomola
|-damage|p1a: Alomomola|59/100
|
|upkeep
|turn|14
|
|t:|1758343276
|move|p2a: Volcanion|Sludge Bomb|p1a: Alomomola
|-damage|p1a: Alomomola|26/100
|-status|p1a: Alomomola|psn
|move|p1a: Alomomola|Wish|p1a: Alomomola
|
|-damage|p1a: Alomomola|14/100 psn|[from] psn
|upkeep
|turn|15
|
|t:|1758343279
|switch|p1a: Mamoswine|Mamoswine, F|100/100
|move|p2a: Volcanion|Steam Eruption|p1a: Mamoswine
|-supereffective|p1a: Mamoswine
|-damage|p1a: Mamoswine|0 fnt
|faint|p1a: Mamoswine
|
|upkeep
|
|t:|1758343285
|switch|p1a: Maushold|Maushold-Four|100/100
|turn|16
|
|t:|1758343295
|switch|p2a: Slowbro|Slowbro, M|81/100
|move|p1a: Maushold|Tidy Up|p1a: Maushold
|-boost|p1a: Maushold|atk|1
|-boost|p1a: Maushold|spe|1
|
|upkeep
|turn|17
|
|t:|1758343299
|move|p1a: Maushold|Population Bomb|p2a: Slowbro
|-damage|p2a: Slowbro|71/100
|-damage|p1a: Maushold|84/100|[from] item: Rocky Helmet|[of] p2a: Slowbro
|-damage|p2a: Slowbro|61/100
|-damage|p1a: Maushold|68/100|[from] item: Rocky Helmet|[of] p2a: Slowbro
|-damage|p2a: Slowbro|52/100
|-damage|p1a: Maushold|51/100|[from] item: Rocky Helmet|[of] p2a: Slowbro
|-damage|p2a: Slowbro|41/100
|-damage|p1a: Maushold|35/100|[from] item: Rocky Helmet|[of] p2a: Slowbro
|-damage|p2a: Slowbro|30/100
|-damage|p1a: Maushold|18/100|[from] item: Rocky Helmet|[of] p2a: Slowbro
|-damage|p2a: Slowbro|19/100
|-damage|p1a: Maushold|2/100|[from] item: Rocky Helmet|[of] p2a: Slowbro
|-damage|p2a: Slowbro|9/100
|-damage|p1a: Maushold|0 fnt|[from] item: Rocky Helmet|[of] p2a: Slowbro
|faint|p1a: Maushold
|-hitcount|p2a: Slowbro|7
|move|p2a: Slowbro|Scald|p1: Maushold|[notarget]
|-fail|p2a: Slowbro
|
|upkeep
|
|t:|1758343304
|switch|p1a: Sinistcha|Sinistcha, shiny|100/100
|turn|18
|
|t:|1758343308
|switch|p2a: Volcanion|Volcanion|100/100
|move|p1a: Sinistcha|Calm Mind|p1a: Sinistcha
|-boost|p1a: Sinistcha|spa|1
|-boost|p1a: Sinistcha|spd|1
|
|upkeep
|turn|19
|
|t:|1758343313
|move|p2a: Volcanion|Flamethrower|p1a: Sinistcha
|-supereffective|p1a: Sinistcha
|-damage|p1a: Sinistcha|62/100
|move|p1a: Sinistcha|Calm Mind|p1a: Sinistcha
|-boost|p1a: Sinistcha|spa|1
|-boost|p1a: Sinistcha|spd|1
|
|upkeep
|turn|20
|
|t:|1758343318
|-terastallize|p2a: Volcanion|Poison
|move|p2a: Volcanion|Sludge Bomb|p1a: Sinistcha
|-damage|p1a: Sinistcha|32/100
|move|p1a: Sinistcha|Strength Sap|p2a: Volcanion
|-unboost|p2a: Volcanion|atk|1
|-heal|p1a: Sinistcha|91/100
|
|upkeep
|turn|21
|
|t:|1758343326
|move|p2a: Volcanion|Sludge Bomb|p1a: Sinistcha
|-damage|p1a: Sinistcha|59/100
|move|p1a: Sinistcha|Shadow Ball|p2a: Volcanion
|-damage|p2a: Volcanion|57/100
|-unboost|p2a: Volcanion|spd|1
|
|upkeep
|turn|22
|
|t:|1758343333
|move|p2a: Volcanion|Sludge Bomb|p1a: Sinistcha
|-damage|p1a: Sinistcha|27/100
|-status|p1a: Sinistcha|psn
|move|p1a: Sinistcha|Shadow Ball|p2a: Volcanion
|-damage|p2a: Volcanion|0 fnt
|faint|p2a: Volcanion
|
|-damage|p1a: Sinistcha|15/100 psn|[from] psn
|upkeep
|
|t:|1758343342
|switch|p2a: Walking Wake|Walking Wake|100/100
|turn|23
|
|t:|1758343345
|move|p2a: Walking Wake|Knock Off|p1a: Sinistcha
|-supereffective|p1a: Sinistcha
|-enditem|p1a: Sinistcha|Colbur Berry|[eat]
|-enditem|p1a: Sinistcha|Colbur Berry|[weaken]
|-damage|p1a: Sinistcha|3/100 psn
|move|p1a: Sinistcha|Matcha Gotcha|p2a: Walking Wake
|-damage|p2a: Walking Wake|26/100
|-heal|p1a: Sinistcha|40/100 psn|[from] drain|[of] p2a: Walking Wake
|-status|p2a: Walking Wake|brn
|
|-damage|p1a: Sinistcha|27/100 psn|[from] psn
|-damage|p2a: Walking Wake|20/100 brn|[from] brn
|upkeep
|turn|24
|
|t:|1758343354
|-end|p2a: Walking Wake|Protosynthesis|[silent]
|switch|p2a: Emboar|Emboar, F|63/100
|move|p1a: Sinistcha|Strength Sap|p2a: Emboar
|-unboost|p2a: Emboar|atk|1
|-heal|p1a: Sinistcha|100/100 psn
|
|-damage|p1a: Sinistcha|88/100 psn|[from] psn
|upkeep
|turn|25
|
|t:|1758343359
|move|p1a: Sinistcha|Shadow Ball|p2a: Emboar
|-damage|p2a: Emboar|17/100
|move|p2a: Emboar|Flare Blitz|p1a: Sinistcha
|-supereffective|p1a: Sinistcha
|-damage|p1a: Sinistcha|50/100 psn
|-damage|p2a: Emboar|5/100|[from] Recoil
|
|-damage|p1a: Sinistcha|37/100 psn|[from] psn
|upkeep
|turn|26
|
|t:|1758343364
|move|p1a: Sinistcha|Strength Sap|p2a: Emboar
|-unboost|p2a: Emboar|atk|1
|-heal|p1a: Sinistcha|100/100 psn
|move|p2a: Emboar|Flare Blitz|p1a: Sinistcha
|-supereffective|p1a: Sinistcha
|-damage|p1a: Sinistcha|72/100 psn
|-damage|p2a: Emboar|0 fnt|[from] Recoil
|faint|p2a: Emboar
|
|-damage|p1a: Sinistcha|60/100 psn|[from] psn
|upkeep
|
|t:|1758343368
|switch|p2a: Coalossal|Coalossal, F|100/100
|turn|27
|j| wgw2333
|
|t:|1758343371
|move|p1a: Sinistcha|Strength Sap|p2a: Coalossal
|-unboost|p2a: Coalossal|atk|1
|-heal|p1a: Sinistcha|100/100 psn
|move|p2a: Coalossal|Overheat|p1a: Sinistcha
|-supereffective|p1a: Sinistcha
|-damage|p1a: Sinistcha|76/100 psn
|-unboost|p2a: Coalossal|spa|2
|
|-damage|p1a: Sinistcha|64/100 psn|[from] psn
|upkeep
|turn|28
|
|t:|1758343374
|move|p1a: Sinistcha|Matcha Gotcha|p2a: Coalossal
|-damage|p2a: Coalossal|49/100
|-heal|p1a: Sinistcha|96/100 psn|[from] drain|[of] p2a: Coalossal
|move|p2a: Coalossal|Overheat|p1a: Sinistcha|[miss]
|-miss|p2a: Coalossal|p1a: Sinistcha
|
|-damage|p1a: Sinistcha|83/100 psn|[from] psn
|upkeep
|turn|29
|
|t:|1758343380
|move|p1a: Sinistcha|Matcha Gotcha|p2a: Coalossal
|-damage|p2a: Coalossal|0 fnt
|-heal|p1a: Sinistcha|100/100 psn|[from] drain|[of] p2a: Coalossal
|faint|p2a: Coalossal
|
|-damage|p1a: Sinistcha|88/100 psn|[from] psn
|upkeep
|
|t:|1758343383
|switch|p2a: Walking Wake|Walking Wake|20/100 brn
|turn|30
|
|t:|1758343386
|move|p2a: Walking Wake|Draco Meteor|p1a: Sinistcha
|-damage|p1a: Sinistcha|46/100 psn
|-unboost|p2a: Walking Wake|spa|2
|move|p1a: Sinistcha|Strength Sap|p2a: Walking Wake
|-unboost|p2a: Walking Wake|atk|1
|-heal|p1a: Sinistcha|99/100 psn
|
|-damage|p1a: Sinistcha|86/100 psn|[from] psn
|-damage|p2a: Walking Wake|13/100 brn|[from] brn
|upkeep
|turn|31
|-message|mathismathin forfeited.
|
|win|eros maniac
|raw|eros maniac's rating: 1812 &rarr; <strong>1830</strong><br />(+18 for winning)
|raw|mathismathin's rating: 1785 &rarr; <strong>1767</strong><br />(-18 for losing)
|l|☆mathismathin
|player|p2|
|l|☆eros maniac
|player|p1|
|l| wgw2333
