|j|☆earl5000
|j|☆kookies&kilik
|t:|1758288330
|gametype|singles
|player|p1|earl5000|palmer|1312
|player|p2|kookies&kilik|iris-gen5bw2|1298
|gen|9
|tier|[Gen 9] OU
|rated|
|rule|HP Percentage Mod: HP is shown in percentages
|rule|Endless Battle Clause: Forcing endless battles is banned
|rule|Species Clause: Limit one of each Pokémon
|rule|OHKO Clause: OHKO moves are banned
|rule|Evasion Items Clause: Evasion items are banned
|rule|Evasion Moves Clause: Evasion moves are banned
|rule|Evasion Abilities Clause: Evasion abilities are banned
|rule|Sleep Moves Clause: Sleep-inducing moves are banned
|clearpoke
|poke|p1|Dragonite, F|
|poke|p1|Iron Valiant|
|poke|p1|Glimmora, F|
|poke|p1|Kingambit, M|
|poke|p1|Deoxys-Speed|
|poke|p1|Great Tusk|
|poke|p2|Slither Wing|
|poke|p2|Cinderace, F|
|poke|p2|Blastoise, F|
|poke|p2|Klefki, F|
|poke|p2|Thundurus-Therian, M|
|poke|p2|Krookodile, M|
|teampreview
|inactive|Battle timer is ON: inactive players will automatically lose when time's up. (requested by earl5000)
|
|t:|1758288350
|teamsize|p1|6
|teamsize|p2|6
|start
|switch|p1a: Glimmora|Glimmora, F|100/100
|switch|p2a: mighty moth|Slither Wing, shiny|100/100
|turn|1
|
|t:|1758288353
|move|p1a: Glimmora|Meteor Beam||[still]
|-prepare|p1a: Glimmora|Meteor Beam
|-boost|p1a: Glimmora|spa|1
|-enditem|p1a: Glimmora|Power Herb
|-anim|p1a: Glimmora|Meteor Beam|p2a: mighty moth
|-damage|p2a: mighty moth|42/100
|move|p2a: mighty moth|Earthquake|p1a: Glimmora
|-supereffective|p1a: Glimmora
|-damage|p1a: Glimmora|0 fnt
|-activate|p1a: Glimmora|ability: Toxic Debris
|-sidestart|p2: kookies&kilik|move: Toxic Spikes
|faint|p1a: Glimmora
|
|upkeep
|
|t:|1758288370
|switch|p1a: Great Tusk|Great Tusk|100/100
|-enditem|p1a: Great Tusk|Booster Energy
|-activate|p1a: Great Tusk|ability: Protosynthesis|[fromitem]
|-start|p1a: Great Tusk|protosynthesisspe
|turn|2
|
|t:|1758288380
|-end|p2a: mighty moth|Protosynthesis|[silent]
|switch|p2a: Thundurus|Thundurus-Therian, M|100/100
|move|p1a: Great Tusk|Bulk Up|p1a: Great Tusk
|-boost|p1a: Great Tusk|atk|1
|-boost|p1a: Great Tusk|def|1
|
|upkeep
|turn|3
|
|t:|1758288387
|move|p1a: Great Tusk|Head Smash|p2a: Thundurus
|-supereffective|p2a: Thundurus
|-damage|p2a: Thundurus|0 fnt
|faint|p2a: Thundurus
|-damage|p1a: Great Tusk|66/100|[from] Recoil
|
|upkeep
|
|t:|1758288407
|switch|p2a: Klefki|Klefki, F|100/100
|turn|4
|
|t:|1758288412
|move|p2a: Klefki|Reflect|p2a: Klefki
|-sidestart|p2: kookies&kilik|Reflect
|move|p1a: Great Tusk|Headlong Rush|p2a: Klefki
|-supereffective|p2a: Klefki
|-damage|p2a: Klefki|38/100
|-unboost|p1a: Great Tusk|def|1
|-unboost|p1a: Great Tusk|spd|1
|
|upkeep
|turn|5
|
|t:|1758288423
|switch|p2a: Krookodile|Krookodile, M|100/100
|-status|p2a: Krookodile|psn
|-ability|p2a: Krookodile|Intimidate|boost
|-unboost|p1a: Great Tusk|atk|1
|move|p1a: Great Tusk|Headlong Rush|p2a: Krookodile
|-damage|p2a: Krookodile|66/100 psn
|-unboost|p1a: Great Tusk|def|1
|-unboost|p1a: Great Tusk|spd|1
|
|-damage|p2a: Krookodile|54/100 psn|[from] psn
|upkeep
|turn|6
|
|t:|1758288431
|switch|p2a: Klefki|Klefki, F|38/100
|move|p1a: Great Tusk|Bulk Up|p1a: Great Tusk
|-boost|p1a: Great Tusk|atk|1
|-boost|p1a: Great Tusk|def|1
|
|upkeep
|turn|7
|
|t:|1758288438
|move|p1a: Great Tusk|Headlong Rush|p2a: Klefki
|-supereffective|p2a: Klefki
|-damage|p2a: Klefki|0 fnt
|-unboost|p1a: Great Tusk|def|1
|-unboost|p1a: Great Tusk|spd|1
|faint|p2a: Klefki
|
|upkeep
|
|t:|1758288450
|switch|p2a: Krookodile|Krookodile, M|54/100 psn
|-ability|p2a: Krookodile|Intimidate|boost
|-unboost|p1a: Great Tusk|atk|1
|turn|8
|
|t:|1758288454
|move|p2a: Krookodile|Earthquake|p1a: Great Tusk
|-damage|p1a: Great Tusk|20/100
|move|p1a: Great Tusk|Headlong Rush|p2a: Krookodile
|-crit|p2a: Krookodile
|-damage|p2a: Krookodile|0 fnt
|-unboost|p1a: Great Tusk|def|1
|-unboost|p1a: Great Tusk|spd|1
|faint|p2a: Krookodile
|
|upkeep
|
|t:|1758288458
|switch|p2a: Blastoise|Blastoise, F|100/100
|-status|p2a: Blastoise|psn
|turn|9
|
|t:|1758288462
|move|p1a: Great Tusk|Taunt|p2a: Blastoise
|-start|p2a: Blastoise|move: Taunt
|cant|p2a: Blastoise|move: Taunt|Shell Smash
|
|-damage|p2a: Blastoise|88/100 psn|[from] psn
|upkeep
|turn|10
|
|t:|1758288467
|move|p1a: Great Tusk|Headlong Rush|p2a: Blastoise
|-crit|p2a: Blastoise
|-damage|p2a: Blastoise|4/100 psn
|-unboost|p1a: Great Tusk|def|1
|-unboost|p1a: Great Tusk|spd|1
|move|p2a: Blastoise|Ice Beam|p1a: Great Tusk
|-supereffective|p1a: Great Tusk
|-damage|p1a: Great Tusk|0 fnt
|faint|p1a: Great Tusk
|-end|p1a: Great Tusk|Protosynthesis|[silent]
|
|-damage|p2a: Blastoise|0 fnt|[from] psn
|faint|p2a: Blastoise
|upkeep
|
|t:|1758288479
|switch|p1a: Iron Valiant|Iron Valiant|100/100
|switch|p2a: Cinderace|Cinderace, F|100/100
|-enditem|p1a: Iron Valiant|Booster Energy
|-activate|p1a: Iron Valiant|ability: Quark Drive|[fromitem]
|-start|p1a: Iron Valiant|quarkdrivespe
|turn|11
|
|t:|1758288484
|move|p1a: Iron Valiant|Knock Off|p2a: Cinderace
|-damage|p2a: Cinderace|81/100
|-enditem|p2a: Cinderace|Heavy-Duty Boots|[from] move: Knock Off|[of] p1a: Iron Valiant
|move|p2a: Cinderace|Gunk Shot|p1a: Iron Valiant
|-start|p2a: Cinderace|typechange|Poison|[from] ability: Libero
|-supereffective|p1a: Iron Valiant
|-damage|p1a: Iron Valiant|0 fnt
|faint|p1a: Iron Valiant
|-end|p1a: Iron Valiant|Quark Drive|[silent]
|
|-sideend|p2: kookies&kilik|Reflect
|upkeep
|
|t:|1758288493
|switch|p1a: Deoxys|Deoxys-Speed|100/100
|-ability|p1a: Deoxys|Pressure
|turn|12
|
|t:|1758288497
|-terastallize|p2a: Cinderace|Fire
|move|p1a: Deoxys|Psycho Boost|p2a: Cinderace
|-damage|p2a: Cinderace|11/100
|-unboost|p1a: Deoxys|spa|2
|move|p2a: Cinderace|Court Change|p2a: Cinderace
|-swapsideconditions
|-activate|p2a: Cinderace|move: Court Change
|
|upkeep
|turn|13
|
|t:|1758288506
|move|p2a: Cinderace|Sucker Punch|p1a: Deoxys
|-supereffective|p1a: Deoxys
|-damage|p1a: Deoxys|41/100
|move|p1a: Deoxys|Psycho Boost|p2a: Cinderace
|-damage|p2a: Cinderace|0 fnt
|-unboost|p1a: Deoxys|spa|2
|faint|p2a: Cinderace
|
|upkeep
|
|t:|1758288510
|switch|p2a: mighty moth|Slither Wing, shiny|42/100
|turn|14
|
|t:|1758288512
|move|p2a: mighty moth|First Impression|p1a: Deoxys
|-supereffective|p1a: Deoxys
|-damage|p1a: Deoxys|0 fnt
|faint|p1a: Deoxys
|
|upkeep
|
|t:|1758288514
|switch|p1a: Dragonite|Dragonite, F|100/100
|turn|15
|
|t:|1758288520
|-terastallize|p1a: Dragonite|Flying
|move|p1a: Dragonite|Tera Blast|p2a: mighty moth|[anim] Tera Blast Flying
|-supereffective|p2a: mighty moth
|-damage|p2a: mighty moth|0 fnt
|faint|p2a: mighty moth
|-end|p2a: mighty moth|Protosynthesis|[silent]
|
|win|earl5000
|raw|earl5000's rating: 1312 &rarr; <strong>1331</strong><br />(+19 for winning)
|raw|kookies&amp;kilik's rating: 1298 &rarr; <strong>1274</strong><br />(-24 for losing)
|l|☆kookies&kilik
|player|p2|
|l|☆earl5000
|player|p1|
