|j|☆Weyselb
|j|☆Oreoinabox
|t:|1758243834
|gametype|singles
|player|p1|Weyselb|pokemaniac|1410
|player|p2|Oreoinabox|266|1414
|gen|9
|tier|[Gen 9] OU
|rated|
|rule|HP Percentage Mod: HP is shown in percentages
|rule|Endless Battle Clause: Forcing endless battles is banned
|rule|Species Clause: Limit one of each Pokémon
|rule|OHKO Clause: OHKO moves are banned
|rule|Evasion Items Clause: Evasion items are banned
|rule|Evasion Moves Clause: Evasion moves are banned
|rule|Evasion Abilities Clause: Evasion abilities are banned
|rule|Sleep Moves Clause: Sleep-inducing moves are banned
|clearpoke
|poke|p1|Lokix, F|
|poke|p1|Gliscor, M|
|poke|p1|Alomomola, M|
|poke|p1|Enamorus, F|
|poke|p1|Great Tusk|
|poke|p1|Slowking-Galar, M|
|poke|p2|Iron Thorns|
|poke|p2|Araquanid, M|
|poke|p2|Blastoise, M|
|poke|p2|Corviknight, M|
|poke|p2|Great Tusk|
|poke|p2|Meowscarada, M|
|teampreview
|inactive|Battle timer is ON: inactive players will automatically lose when time's up. (requested by Oreoinabox)
|
|t:|1758243860
|teamsize|p1|6
|teamsize|p2|6
|start
|switch|p1a: Lokix|Lokix, F|100/100
|switch|p2a: Araquanid|Araquanid, M|100/100
|turn|1
|
|t:|1758243872
|move|p1a: Lokix|U-turn|p2a: Araquanid
|-damage|p2a: Araquanid|42/100
|
|t:|1758243877
|switch|p1a: Alomomola|Alomomola, M|100/100|[from] U-turn
|move|p2a: Araquanid|Sticky Web|p1a: Alomomola
|-sidestart|p1: Weyselb|move: Sticky Web
|
|upkeep
|turn|2
|
|t:|1758243891
|move|p1a: Alomomola|Wish|p1a: Alomomola
|move|p2a: Araquanid|Liquidation|p1a: Alomomola
|-resisted|p1a: Alomomola
|-damage|p1a: Alomomola|82/100
|
|upkeep
|turn|3
|
|t:|1758243898
|switch|p1a: Lokix|Lokix, F|100/100
|-activate|p1a: Lokix|move: Sticky Web
|-unboost|p1a: Lokix|spe|1
|switch|p2a: Meowscarada|Meowscarada, M|100/100
|
|upkeep
|turn|4
|
|t:|1758243903
|switch|p2a: Corviknight|Corviknight, M|100/100
|-ability|p2a: Corviknight|Pressure
|move|p1a: Lokix|First Impression|p2a: Corviknight
|-resisted|p2a: Corviknight
|-damage|p2a: Corviknight|79/100
|
|-heal|p2a: Corviknight|86/100|[from] item: Leftovers
|upkeep
|turn|5
|
|t:|1758243908
|switch|p1a: Gliscor|Gliscor, M|100/100
|move|p2a: Corviknight|Brave Bird|p1a: Gliscor
|-damage|p1a: Gliscor|71/100
|-damage|p2a: Corviknight|77/100|[from] Recoil
|
|-heal|p2a: Corviknight|83/100|[from] item: Leftovers
|-status|p1a: Gliscor|tox|[from] item: Toxic Orb
|upkeep
|turn|6
|
|t:|1758243915
|switch|p2a: Blastoise|Blastoise, M|100/100
|move|p1a: Gliscor|Stealth Rock|p2a: Blastoise
|-sidestart|p2: Oreoinabox|move: Stealth Rock
|
|-heal|p1a: Gliscor|84/100 tox|[from] ability: Poison Heal
|upkeep
|turn|7
|
|t:|1758243918
|switch|p1a: Slowking|Slowking-Galar, M|100/100
|move|p2a: Blastoise|Shell Smash|p2a: Blastoise
|-unboost|p2a: Blastoise|def|1
|-unboost|p2a: Blastoise|spd|1
|-boost|p2a: Blastoise|atk|2
|-boost|p2a: Blastoise|spa|2
|-boost|p2a: Blastoise|spe|2
|-enditem|p2a: Blastoise|White Herb
|-clearnegativeboost|p2a: Blastoise|[silent]
|
|upkeep
|turn|8
|
|t:|1758243929
|move|p2a: Blastoise|Surf|p1a: Slowking
|-crit|p1a: Slowking
|-damage|p1a: Slowking|38/100
|-prepare|p1a: Slowking|Chilly Reception|[premajor]
|move|p1a: Slowking|Chilly Reception|p1a: Slowking
|-weather|Snowscape
|
|t:|1758243950
|switch|p1a: Lokix|Lokix, F|100/100|[from] Chilly Reception
|-activate|p1a: Lokix|move: Sticky Web
|-unboost|p1a: Lokix|spe|1
|
|-weather|Snowscape|[upkeep]
|upkeep
|turn|9
|
|t:|1758243956
|-terastallize|p1a: Lokix|Bug
|move|p1a: Lokix|First Impression|p2a: Blastoise
|-crit|p2a: Blastoise
|-damage|p2a: Blastoise|0 fnt
|faint|p2a: Blastoise
|
|-weather|Snowscape|[upkeep]
|upkeep
|
|t:|1758243963
|switch|p2a: Iron Thorns|Iron Thorns|100/100
|-damage|p2a: Iron Thorns|88/100|[from] Stealth Rock
|-enditem|p2a: Iron Thorns|Booster Energy
|-activate|p2a: Iron Thorns|ability: Quark Drive|[fromitem]
|-start|p2a: Iron Thorns|quarkdriveatk
|turn|10
|
|t:|1758243967
|switch|p1a: Alomomola|Alomomola, M|100/100
|move|p2a: Iron Thorns|Dragon Dance|p2a: Iron Thorns
|-boost|p2a: Iron Thorns|atk|1
|-boost|p2a: Iron Thorns|spe|1
|
|-weather|Snowscape|[upkeep]
|upkeep
|turn|11
|
|t:|1758243974
|switch|p1a: Gliscor|Gliscor, M|84/100 tox
|move|p2a: Iron Thorns|Ice Punch|p1a: Gliscor
|-supereffective|p1a: Gliscor
|-damage|p1a: Gliscor|0 fnt
|faint|p1a: Gliscor
|
|-weather|Snowscape|[upkeep]
|upkeep
|inactive|Weyselb has 120 seconds left.
|
|t:|1758244005
|switch|p1a: Enamorus|Enamorus, F|100/100
|turn|12
|
|t:|1758244010
|move|p1a: Enamorus|Earth Power|p2a: Iron Thorns
|-supereffective|p2a: Iron Thorns
|-damage|p2a: Iron Thorns|0 fnt
|faint|p2a: Iron Thorns
|-end|p2a: Iron Thorns|Quark Drive|[silent]
|
|-weather|none
|upkeep
|
|t:|1758244022
|switch|p2a: Great Tusk|Great Tusk|100/100
|-damage|p2a: Great Tusk|98/100|[from] Stealth Rock
|turn|13
|
|t:|1758244027
|switch|p1a: Great Tusk|Great Tusk|100/100
|-activate|p1a: Great Tusk|move: Sticky Web
|-unboost|p1a: Great Tusk|spe|1
|move|p2a: Great Tusk|Rapid Spin|p1a: Great Tusk
|-damage|p1a: Great Tusk|89/100
|-boost|p2a: Great Tusk|spe|1
|-sideend|p2: Oreoinabox|Stealth Rock|[from] move: Rapid Spin|[of] p2a: Great Tusk
|
|-heal|p1a: Great Tusk|95/100|[from] item: Leftovers
|upkeep
|turn|14
|
|t:|1758244034
|move|p2a: Great Tusk|Ice Spinner|p1a: Great Tusk
|-supereffective|p1a: Great Tusk
|-crit|p1a: Great Tusk
|-damage|p1a: Great Tusk|39/100
|move|p1a: Great Tusk|Rapid Spin|p2a: Great Tusk
|-damage|p2a: Great Tusk|86/100
|-boost|p1a: Great Tusk|spe|1
|-sideend|p1: Weyselb|Sticky Web|[from] move: Rapid Spin|[of] p1a: Great Tusk
|
|-heal|p1a: Great Tusk|45/100|[from] item: Leftovers
|upkeep
|turn|15
|
|t:|1758244039
|-end|p1a: Great Tusk|Protosynthesis|[silent]
|switch|p1a: Alomomola|Alomomola, M|100/100
|move|p2a: Great Tusk|Ice Spinner|p1a: Alomomola
|-resisted|p1a: Alomomola
|-damage|p1a: Alomomola|93/100
|
|upkeep
|turn|16
|
|t:|1758244044
|-terastallize|p2a: Great Tusk|Grass
|move|p2a: Great Tusk|Close Combat|p1a: Alomomola
|-damage|p1a: Alomomola|57/100
|-unboost|p2a: Great Tusk|def|1
|-unboost|p2a: Great Tusk|spd|1
|move|p1a: Alomomola|Wish|p1a: Alomomola
|
|upkeep
|turn|17
|
|t:|1758244053
|-end|p2a: Great Tusk|Protosynthesis|[silent]
|switch|p2a: Araquanid|Araquanid, M|42/100
|move|p1a: Alomomola|Flip Turn|p2a: Araquanid
|-resisted|p2a: Araquanid
|-damage|p2a: Araquanid|33/100
|
|t:|1758244057
|switch|p1a: Great Tusk|Great Tusk|45/100|[from] Flip Turn
|
|-heal|p1a: Great Tusk|100/100|[from] move: Wish|[wisher] Alomomola
|upkeep
|turn|18
|
|t:|1758244063
|-end|p1a: Great Tusk|Protosynthesis|[silent]
|switch|p1a: Alomomola|Alomomola, M|91/100
|move|p2a: Araquanid|Liquidation|p1a: Alomomola
|-resisted|p1a: Alomomola
|-damage|p1a: Alomomola|74/100
|
|upkeep
|turn|19
|
|t:|1758244069
|move|p1a: Alomomola|Flip Turn|p2a: Araquanid
|-resisted|p2a: Araquanid
|-damage|p2a: Araquanid|24/100
|
|t:|1758244076
|switch|p1a: Slowking|Slowking-Galar, M|71/100|[from] Flip Turn
|move|p2a: Araquanid|Sticky Web|p1a: Slowking
|-sidestart|p1: Weyselb|move: Sticky Web
|
|upkeep
|turn|20
|
|t:|1758244081
|move|p2a: Araquanid|Liquidation|p1a: Slowking
|-damage|p1a: Slowking|0 fnt
|faint|p1a: Slowking
|
|upkeep
|
|t:|1758244084
|switch|p1a: Lokix|Lokix, F, tera:Bug|100/100
|-activate|p1a: Lokix|move: Sticky Web
|-unboost|p1a: Lokix|spe|1
|turn|21
|
|t:|1758244089
|switch|p2a: Corviknight|Corviknight, M|83/100
|-ability|p2a: Corviknight|Pressure
|move|p1a: Lokix|Knock Off|p2a: Corviknight
|-damage|p2a: Corviknight|40/100
|-enditem|p2a: Corviknight|Leftovers|[from] move: Knock Off|[of] p1a: Lokix
|
|upkeep
|turn|22
|
|t:|1758244094
|switch|p1a: Great Tusk|Great Tusk|100/100
|-activate|p1a: Great Tusk|move: Sticky Web
|-unboost|p1a: Great Tusk|spe|1
|move|p2a: Corviknight|Roost|p2a: Corviknight
|-heal|p2a: Corviknight|90/100
|-singleturn|p2a: Corviknight|move: Roost
|
|upkeep
|turn|23
|
|t:|1758244100
|move|p1a: Great Tusk|Rapid Spin|p2a: Corviknight
|-resisted|p2a: Corviknight
|-damage|p2a: Corviknight|84/100
|-boost|p1a: Great Tusk|spe|1
|-sideend|p1: Weyselb|Sticky Web|[from] move: Rapid Spin|[of] p1a: Great Tusk
|move|p2a: Corviknight|Brave Bird|p1a: Great Tusk
|-supereffective|p1a: Great Tusk
|-damage|p1a: Great Tusk|57/100
|-damage|p2a: Corviknight|69/100|[from] Recoil
|
|-heal|p1a: Great Tusk|63/100|[from] item: Leftovers
|upkeep
|turn|24
|
|t:|1758244105
|-end|p1a: Great Tusk|Protosynthesis|[silent]
|switch|p1a: Alomomola|Alomomola, M|100/100
|move|p2a: Corviknight|U-turn|p1a: Alomomola
|-damage|p1a: Alomomola|92/100
|
|t:|1758244107
|switch|p2a: Meowscarada|Meowscarada, M|100/100|[from] U-turn
|
|upkeep
|turn|25
|
|t:|1758244112
|move|p1a: Alomomola|Protect|p1a: Alomomola
|-singleturn|p1a: Alomomola|Protect
|move|p2a: Meowscarada|Flower Trick|p1a: Alomomola
|-start|p2a: Meowscarada|typechange|Grass|[from] ability: Protean
|-activate|p1a: Alomomola|move: Protect
|
|upkeep
|turn|26
|
|t:|1758244117
|switch|p1a: Enamorus|Enamorus, F|100/100
|move|p2a: Meowscarada|Flower Trick|p1a: Enamorus
|-resisted|p1a: Enamorus
|-crit|p1a: Enamorus
|-damage|p1a: Enamorus|47/100
|
|upkeep
|turn|27
|
|t:|1758244130
|switch|p2a: Corviknight|Corviknight, M|69/100
|-ability|p2a: Corviknight|Pressure
|move|p1a: Enamorus|Moonblast|p2a: Corviknight
|-resisted|p2a: Corviknight
|-damage|p2a: Corviknight|45/100
|
|upkeep
|turn|28
|
|t:|1758244135
|switch|p1a: Alomomola|Alomomola, M|100/100
|move|p2a: Corviknight|Roost|p2a: Corviknight
|-heal|p2a: Corviknight|95/100
|-singleturn|p2a: Corviknight|move: Roost
|
|upkeep
|turn|29
|
|t:|1758244141
|move|p2a: Corviknight|U-turn|p1a: Alomomola
|-damage|p1a: Alomomola|93/100
|
|t:|1758244143
|switch|p2a: Meowscarada|Meowscarada, M|100/100|[from] U-turn
|move|p1a: Alomomola|Flip Turn|p2a: Meowscarada
|-resisted|p2a: Meowscarada
|-damage|p2a: Meowscarada|87/100
|
|t:|1758244146
|switch|p1a: Lokix|Lokix, F, tera:Bug|100/100|[from] Flip Turn
|
|upkeep
|turn|30
|
|t:|1758244151
|switch|p2a: Corviknight|Corviknight, M|95/100
|-ability|p2a: Corviknight|Pressure
|move|p1a: Lokix|First Impression|p2a: Corviknight
|-resisted|p2a: Corviknight
|-damage|p2a: Corviknight|68/100
|
|upkeep
|turn|31
|
|t:|1758244154
|switch|p1a: Alomomola|Alomomola, M|100/100
|move|p2a: Corviknight|Brave Bird|p1a: Alomomola
|-damage|p1a: Alomomola|82/100
|-damage|p2a: Corviknight|59/100|[from] Recoil
|
|upkeep
|turn|32
|
|t:|1758244160
|move|p2a: Corviknight|Roost|p2a: Corviknight
|-heal|p2a: Corviknight|100/100
|-singleturn|p2a: Corviknight|move: Roost
|move|p1a: Alomomola|Flip Turn|p2a: Corviknight
|-damage|p2a: Corviknight|90/100
|
|t:|1758244163
|switch|p1a: Enamorus|Enamorus, F|47/100|[from] Flip Turn
|
|upkeep
|turn|33
|
|t:|1758244168
|move|p1a: Enamorus|Mystical Fire|p2a: Corviknight
|-supereffective|p2a: Corviknight
|-damage|p2a: Corviknight|41/100
|-unboost|p2a: Corviknight|spa|1
|move|p2a: Corviknight|U-turn|p1a: Enamorus
|-resisted|p1a: Enamorus
|-damage|p1a: Enamorus|41/100
|
|t:|1758244174
|switch|p2a: Meowscarada|Meowscarada, M|87/100|[from] U-turn
|
|upkeep
|turn|34
|
|t:|1758244180
|switch|p1a: Alomomola|Alomomola, M|100/100
|switch|p2a: Araquanid|Araquanid, M|24/100
|
|upkeep
|turn|35
|
|t:|1758244185
|move|p1a: Alomomola|Wish|p1a: Alomomola
|move|p2a: Araquanid|Sticky Web|p1a: Alomomola
|-sidestart|p1: Weyselb|move: Sticky Web
|
|upkeep
|turn|36
|
|t:|1758244188
|move|p1a: Alomomola|Flip Turn|p2a: Araquanid
|-resisted|p2a: Araquanid
|-damage|p2a: Araquanid|15/100
|
|t:|1758244192
|switch|p1a: Enamorus|Enamorus, F|41/100|[from] Flip Turn
|move|p2a: Araquanid|Liquidation|p1a: Enamorus
|-damage|p1a: Enamorus|0 fnt
|faint|p1a: Enamorus
|
|upkeep
|
|t:|1758244199
|switch|p1a: Lokix|Lokix, F, tera:Bug|100/100
|-activate|p1a: Lokix|move: Sticky Web
|-unboost|p1a: Lokix|spe|1
|turn|37
|
|t:|1758244206
|move|p1a: Lokix|U-turn|p2a: Araquanid
|-damage|p2a: Araquanid|0 fnt
|faint|p2a: Araquanid
|
|t:|1758244220
|switch|p1a: Alomomola|Alomomola, M|100/100|[from] U-turn
|
|upkeep
|
|t:|1758244222
|switch|p2a: Meowscarada|Meowscarada, M|87/100
|turn|38
|
|t:|1758244226
|switch|p1a: Great Tusk|Great Tusk|63/100
|-activate|p1a: Great Tusk|move: Sticky Web
|-unboost|p1a: Great Tusk|spe|1
|move|p2a: Meowscarada|Flower Trick|p1a: Great Tusk
|-start|p2a: Meowscarada|typechange|Grass|[from] ability: Protean
|-supereffective|p1a: Great Tusk
|-crit|p1a: Great Tusk
|-damage|p1a: Great Tusk|0 fnt
|faint|p1a: Great Tusk
|-end|p1a: Great Tusk|Protosynthesis|[silent]
|
|upkeep
|
|t:|1758244233
|switch|p1a: Lokix|Lokix, F, tera:Bug|100/100
|-activate|p1a: Lokix|move: Sticky Web
|-unboost|p1a: Lokix|spe|1
|turn|39
|
|t:|1758244239
|switch|p2a: Great Tusk|Great Tusk, tera:Grass|86/100
|move|p1a: Lokix|Leech Life|p2a: Great Tusk
|-supereffective|p2a: Great Tusk
|-damage|p2a: Great Tusk|0 fnt
|faint|p2a: Great Tusk
|-end|p2a: Great Tusk|Protosynthesis|[silent]
|
|upkeep
|
|t:|1758244245
|switch|p2a: Corviknight|Corviknight, M|41/100
|-ability|p2a: Corviknight|Pressure
|turn|40
|
|t:|1758244247
|move|p1a: Lokix|Leech Life|p2a: Corviknight
|-resisted|p2a: Corviknight
|-damage|p2a: Corviknight|13/100
|move|p2a: Corviknight|Roost|p2a: Corviknight
|-heal|p2a: Corviknight|63/100
|-singleturn|p2a: Corviknight|move: Roost
|
|upkeep
|turn|41
|
|t:|1758244253
|switch|p1a: Alomomola|Alomomola, M|100/100
|move|p2a: Corviknight|Roost|p2a: Corviknight
|-heal|p2a: Corviknight|100/100
|-singleturn|p2a: Corviknight|move: Roost
|
|upkeep
|turn|42
|
|t:|1758244258
|move|p2a: Corviknight|U-turn|p1a: Alomomola
|-damage|p1a: Alomomola|93/100
|
|t:|1758244260
|switch|p2a: Meowscarada|Meowscarada, M|87/100|[from] U-turn
|move|p1a: Alomomola|Scald|p2a: Meowscarada
|-resisted|p2a: Meowscarada
|-damage|p2a: Meowscarada|77/100
|
|upkeep
|turn|43
|
|t:|1758244271
|move|p2a: Meowscarada|U-turn|p1a: Alomomola
|-start|p2a: Meowscarada|typechange|Bug|[from] ability: Protean
|-damage|p1a: Alomomola|65/100
|
|t:|1758244274
|switch|p2a: Corviknight|Corviknight, M|100/100|[from] U-turn
|-ability|p2a: Corviknight|Pressure
|move|p1a: Alomomola|Scald|p2a: Corviknight
|-damage|p2a: Corviknight|88/100
|-status|p2a: Corviknight|brn
|
|-damage|p2a: Corviknight|82/100 brn|[from] brn
|upkeep
|turn|44
|
|t:|1758244284
|move|p2a: Corviknight|Brave Bird|p1a: Alomomola
|-damage|p1a: Alomomola|55/100
|-damage|p2a: Corviknight|78/100 brn|[from] Recoil
|move|p1a: Alomomola|Flip Turn|p2a: Corviknight
|-damage|p2a: Corviknight|66/100 brn
|
|t:|1758244286
|switch|p1a: Lokix|Lokix, F, tera:Bug|100/100|[from] Flip Turn
|-activate|p1a: Lokix|move: Sticky Web
|-unboost|p1a: Lokix|spe|1
|
|-damage|p2a: Corviknight|60/100 brn|[from] brn
|upkeep
|turn|45
|
|t:|1758244294
|move|p1a: Lokix|U-turn|p2a: Corviknight
|-resisted|p2a: Corviknight
|-damage|p2a: Corviknight|35/100 brn
|
|t:|1758244296
|switch|p1a: Alomomola|Alomomola, M|89/100|[from] U-turn
|move|p2a: Corviknight|Roost|p2a: Corviknight
|-heal|p2a: Corviknight|85/100 brn
|-singleturn|p2a: Corviknight|move: Roost
|
|-damage|p2a: Corviknight|79/100 brn|[from] brn
|upkeep
|turn|46
|
|t:|1758244306
|move|p2a: Corviknight|U-turn|p1a: Alomomola
|-damage|p1a: Alomomola|85/100
|
|t:|1758244307
|switch|p2a: Meowscarada|Meowscarada, M|77/100|[from] U-turn
|move|p1a: Alomomola|Scald|p2a: Meowscarada
|-resisted|p2a: Meowscarada
|-damage|p2a: Meowscarada|66/100
|
|upkeep
|turn|47
|
|t:|1758244312
|move|p1a: Alomomola|Protect|p1a: Alomomola
|-singleturn|p1a: Alomomola|Protect
|move|p2a: Meowscarada|Flower Trick|p1a: Alomomola
|-start|p2a: Meowscarada|typechange|Grass|[from] ability: Protean
|-activate|p1a: Alomomola|move: Protect
|
|upkeep
|turn|48
|
|t:|1758244317
|switch|p1a: Lokix|Lokix, F, tera:Bug|100/100
|-activate|p1a: Lokix|move: Sticky Web
|-unboost|p1a: Lokix|spe|1
|move|p2a: Meowscarada|Flower Trick|p1a: Lokix
|-resisted|p1a: Lokix
|-crit|p1a: Lokix
|-damage|p1a: Lokix|47/100
|
|upkeep
|turn|49
|
|t:|1758244327
|move|p2a: Meowscarada|Flower Trick|p1a: Lokix
|-resisted|p1a: Lokix
|-crit|p1a: Lokix
|-damage|p1a: Lokix|0 fnt
|faint|p1a: Lokix
|
|upkeep
|-message|Weyselb forfeited.
|
|win|Oreoinabox
|raw|Weyselb's rating: 1410 &rarr; <strong>1390</strong><br />(-20 for losing)
|raw|Oreoinabox's rating: 1414 &rarr; <strong>1434</strong><br />(+20 for winning)
|l|☆Weyselb
|player|p1|
|l|☆Oreoinabox
|player|p2|
