|j|☆driderwebs
|j|☆god of joe
|t:|1758307806
|gametype|singles
|player|p1|driderwebs|169|1691
|player|p2|god of joe|fisherman|1683
|gen|9
|tier|[Gen 9] OU
|rated|
|rule|HP Percentage Mod: HP is shown in percentages
|rule|Endless Battle Clause: Forcing endless battles is banned
|rule|Species Clause: Limit one of each Pokémon
|rule|OHKO Clause: OHKO moves are banned
|rule|Evasion Items Clause: Evasion items are banned
|rule|Evasion Moves Clause: Evasion moves are banned
|rule|Evasion Abilities Clause: Evasion abilities are banned
|rule|Sleep Moves Clause: Sleep-inducing moves are banned
|clearpoke
|poke|p1|Iron Valiant|
|poke|p1|Garganacl, F|
|poke|p1|Moltres|
|poke|p1|Iron Treads|
|poke|p1|Meowscarada, F|
|poke|p1|Araquanid, M|
|poke|p2|Dragapult, F|
|poke|p2|Glimmora, M|
|poke|p2|Great Tusk|
|poke|p2|Ting-Lu|
|poke|p2|Gholdengo|
|poke|p2|Moltres|
|teampreview
|
|t:|1758307821
|teamsize|p1|6
|teamsize|p2|6
|start
|switch|p1a: Meowscarada|Meowscarada, F|100/100
|switch|p2a: Dragapult|Dragapult, F|100/100
|turn|1
|
|t:|1758307844
|switch|p2a: Moltres|Moltres|100/100
|switch|p1a: Garganacl|Garganacl, F|100/100
|
|upkeep
|turn|2
|
|t:|1758307849
|move|p2a: Moltres|U-turn|p1a: Garganacl
|-damage|p1a: Garganacl|93/100
|
|t:|1758307851
|switch|p2a: Glimmora|Glimmora, M|100/100|[from] U-turn
|move|p1a: Garganacl|Salt Cure|p2a: Glimmora
|-damage|p2a: Glimmora|83/100
|-start|p2a: Glimmora|Salt Cure
|-activate|p2a: Glimmora|ability: Toxic Debris
|-sidestart|p1: driderwebs|move: Toxic Spikes
|-enditem|p2a: Glimmora|Red Card|[of] p1a: Garganacl
|drag|p1a: Meowscarada|Meowscarada, F|100/100
|-status|p1a: Meowscarada|psn
|
|-damage|p1a: Meowscarada|88/100 psn|[from] psn
|-damage|p2a: Glimmora|71/100|[from] Salt Cure
|upkeep
|turn|3
|
|t:|1758307864
|move|p1a: Meowscarada|Flower Trick|p2a: Glimmora
|-start|p1a: Meowscarada|typechange|Grass|[from] ability: Protean
|-crit|p2a: Glimmora
|-damage|p2a: Glimmora|0 fnt
|-activate|p2a: Glimmora|ability: Toxic Debris
|-sidestart|p1: driderwebs|move: Toxic Spikes
|faint|p2a: Glimmora
|
|-damage|p1a: Meowscarada|76/100 psn|[from] psn
|upkeep
|
|t:|1758307871
|switch|p2a: Dragapult|Dragapult, F|100/100
|turn|4
|
|t:|1758307878
|switch|p1a: Garganacl|Garganacl, F|93/100
|move|p2a: Dragapult|U-turn|p1a: Garganacl
|-damage|p1a: Garganacl|84/100
|
|t:|1758307883
|switch|p2a: Great Tusk|Great Tusk|100/100|[from] U-turn
|
|-heal|p1a: Garganacl|90/100|[from] item: Leftovers
|upkeep
|turn|5
|
|t:|1758307892
|-terastallize|p1a: Garganacl|Ghost
|move|p2a: Great Tusk|Close Combat|p1a: Garganacl
|-immune|p1a: Garganacl
|move|p1a: Garganacl|Salt Cure|p2a: Great Tusk
|-resisted|p2a: Great Tusk
|-damage|p2a: Great Tusk|98/100
|-start|p2a: Great Tusk|Salt Cure
|
|-heal|p1a: Garganacl|96/100|[from] item: Leftovers
|-damage|p2a: Great Tusk|85/100|[from] Salt Cure
|upkeep
|turn|6
|
|t:|1758307904
|-end|p2a: Great Tusk|Protosynthesis|[silent]
|switch|p2a: Ting-Lu|Ting-Lu|100/100
|-ability|p2a: Ting-Lu|Vessel of Ruin
|move|p1a: Garganacl|Protect||[still]
|-fail|p1a: Garganacl
|
|-heal|p1a: Garganacl|100/100|[from] item: Leftovers
|upkeep
|turn|7
|
|t:|1758307912
|move|p2a: Ting-Lu|Spikes|p1a: Garganacl
|-sidestart|p1: driderwebs|Spikes
|move|p1a: Garganacl|Salt Cure|p2a: Ting-Lu
|-resisted|p2a: Ting-Lu
|-damage|p2a: Ting-Lu|97/100
|-start|p2a: Ting-Lu|Salt Cure
|
|-heal|p2a: Ting-Lu|100/100|[from] item: Leftovers
|-damage|p2a: Ting-Lu|88/100|[from] Salt Cure
|upkeep
|turn|8
|
|t:|1758307920
|move|p2a: Ting-Lu|Ruination|p1a: Garganacl
|-damage|p1a: Garganacl|50/100
|move|p1a: Garganacl|Body Press|p2a: Ting-Lu
|-supereffective|p2a: Ting-Lu
|-damage|p2a: Ting-Lu|54/100
|
|-heal|p2a: Ting-Lu|60/100|[from] item: Leftovers
|-heal|p1a: Garganacl|57/100|[from] item: Leftovers
|-damage|p2a: Ting-Lu|48/100|[from] Salt Cure
|upkeep
|turn|9
|
|t:|1758307929
|move|p1a: Garganacl|Body Press|p2a: Ting-Lu
|-supereffective|p2a: Ting-Lu
|-damage|p2a: Ting-Lu|16/100
|move|p2a: Ting-Lu|Whirlwind|p1a: Garganacl
|drag|p1a: Araquanid|Araquanid, M|100/100
|-status|p1a: Araquanid|tox
|-damage|p1a: Araquanid|88/100 tox|[from] Spikes
|
|-heal|p2a: Ting-Lu|22/100|[from] item: Leftovers
|-damage|p1a: Araquanid|82/100 tox|[from] psn
|-damage|p2a: Ting-Lu|10/100|[from] Salt Cure
|upkeep
|turn|10
|
|t:|1758307941
|switch|p2a: Dragapult|Dragapult, F|100/100
|move|p1a: Araquanid|Liquidation|p2a: Dragapult
|-resisted|p2a: Dragapult
|-damage|p2a: Dragapult|60/100
|
|-damage|p1a: Araquanid|70/100 tox|[from] psn
|upkeep
|turn|11
|
|t:|1758307962
|-terastallize|p2a: Dragapult|Ghost
|move|p2a: Dragapult|Hex|p1a: Araquanid
|-damage|p1a: Araquanid|6/100 tox
|move|p1a: Araquanid|Crunch|p2a: Dragapult
|-supereffective|p2a: Dragapult
|-damage|p2a: Dragapult|7/100
|
|-damage|p1a: Araquanid|0 fnt|[from] psn
|faint|p1a: Araquanid
|upkeep
|
|t:|1758307974
|switch|p1a: Garganacl|Garganacl, F, tera:Ghost|57/100
|-damage|p1a: Garganacl|44/100|[from] Spikes
|turn|12
|
|t:|1758307981
|move|p1a: Garganacl|Protect|p1a: Garganacl
|-singleturn|p1a: Garganacl|Protect
|move|p2a: Dragapult|Hex|p1a: Garganacl
|-activate|p1a: Garganacl|move: Protect
|
|-heal|p1a: Garganacl|50/100|[from] item: Leftovers
|upkeep
|turn|13
|
|t:|1758307985
|switch|p2a: Great Tusk|Great Tusk|85/100
|move|p1a: Garganacl|Recover|p1a: Garganacl
|-heal|p1a: Garganacl|100/100
|
|upkeep
|turn|14
|
|t:|1758307989
|move|p2a: Great Tusk|Knock Off|p1a: Garganacl
|-supereffective|p1a: Garganacl
|-damage|p1a: Garganacl|47/100
|-enditem|p1a: Garganacl|Leftovers|[from] move: Knock Off|[of] p2a: Great Tusk
|move|p1a: Garganacl|Salt Cure|p2a: Great Tusk
|-resisted|p2a: Great Tusk
|-damage|p2a: Great Tusk|83/100
|-start|p2a: Great Tusk|Salt Cure
|
|-damage|p2a: Great Tusk|70/100|[from] Salt Cure
|upkeep
|turn|15
|
|t:|1758308000
|-end|p2a: Great Tusk|Protosynthesis|[silent]
|switch|p2a: Dragapult|Dragapult, F, tera:Ghost|7/100
|move|p1a: Garganacl|Recover|p1a: Garganacl
|-heal|p1a: Garganacl|97/100
|
|upkeep
|turn|16
|
|t:|1758308011
|move|p2a: Dragapult|U-turn|p1a: Garganacl
|-resisted|p1a: Garganacl
|-damage|p1a: Garganacl|93/100
|
|t:|1758308014
|switch|p2a: Great Tusk|Great Tusk|70/100|[from] U-turn
|move|p1a: Garganacl|Salt Cure|p2a: Great Tusk
|-resisted|p2a: Great Tusk
|-damage|p2a: Great Tusk|68/100
|-start|p2a: Great Tusk|Salt Cure
|
|-damage|p2a: Great Tusk|56/100|[from] Salt Cure
|upkeep
|turn|17
|
|t:|1758308018
|move|p2a: Great Tusk|Headlong Rush|p1a: Garganacl
|-damage|p1a: Garganacl|42/100
|-unboost|p2a: Great Tusk|def|1
|-unboost|p2a: Great Tusk|spd|1
|move|p1a: Garganacl|Salt Cure|p2a: Great Tusk
|-resisted|p2a: Great Tusk
|-damage|p2a: Great Tusk|52/100
|
|-damage|p2a: Great Tusk|40/100|[from] Salt Cure
|upkeep
|turn|18
|
|t:|1758308034
|-end|p2a: Great Tusk|Protosynthesis|[silent]
|switch|p2a: Gholdengo|Gholdengo|100/100
|switch|p1a: Moltres|Moltres|100/100
|
|upkeep
|turn|19
|
|t:|1758308040
|move|p2a: Gholdengo|Thunder Wave|p1a: Moltres
|-status|p1a: Moltres|par
|move|p1a: Moltres|Flamethrower|p2a: Gholdengo
|-supereffective|p2a: Gholdengo
|-damage|p2a: Gholdengo|2/100
|
|upkeep
|turn|20
|
|t:|1758308046
|move|p2a: Gholdengo|Hex|p1a: Moltres
|-damage|p1a: Moltres|41/100 par
|move|p1a: Moltres|Flamethrower|p2a: Gholdengo
|-supereffective|p2a: Gholdengo
|-damage|p2a: Gholdengo|0 fnt
|faint|p2a: Gholdengo
|
|upkeep
|
|t:|1758308050
|switch|p2a: Dragapult|Dragapult, F, tera:Ghost|7/100
|turn|21
|
|t:|1758308063
|move|p2a: Dragapult|Shadow Ball|p1a: Moltres
|-damage|p1a: Moltres|0 fnt
|faint|p1a: Moltres
|
|upkeep
|
|t:|1758308073
|switch|p1a: Iron Treads|Iron Treads|100/100
|turn|22
|
|t:|1758308082
|switch|p2a: Moltres|Moltres|100/100
|move|p1a: Iron Treads|Ice Spinner|p2a: Moltres
|-damage|p2a: Moltres|84/100
|
|upkeep
|turn|23
|
|t:|1758308088
|move|p1a: Iron Treads|Rapid Spin|p2a: Moltres
|-damage|p2a: Moltres|73/100
|-boost|p1a: Iron Treads|spe|1
|-status|p1a: Iron Treads|brn|[from] ability: Flame Body|[of] p2a: Moltres
|-sideend|p1: driderwebs|Spikes|[from] move: Rapid Spin|[of] p1a: Iron Treads
|-sideend|p1: driderwebs|Toxic Spikes|[from] move: Rapid Spin|[of] p1a: Iron Treads
|move|p2a: Moltres|Flamethrower|p1a: Iron Treads
|-supereffective|p1a: Iron Treads
|-damage|p1a: Iron Treads|0 fnt
|faint|p1a: Iron Treads
|-end|p1a: Iron Treads|Quark Drive|[silent]
|
|upkeep
|
|t:|1758308092
|switch|p1a: Garganacl|Garganacl, F, tera:Ghost|42/100
|turn|24
|
|t:|1758308095
|move|p1a: Garganacl|Protect|p1a: Garganacl
|-singleturn|p1a: Garganacl|Protect
|move|p2a: Moltres|U-turn|p1a: Garganacl
|-activate|p1a: Garganacl|move: Protect
|
|upkeep
|turn|25
|
|t:|1758308096
|move|p2a: Moltres|U-turn|p1a: Garganacl
|-resisted|p1a: Garganacl
|-damage|p1a: Garganacl|38/100
|
|t:|1758308098
|switch|p2a: Great Tusk|Great Tusk|40/100|[from] U-turn
|move|p1a: Garganacl|Recover|p1a: Garganacl
|-heal|p1a: Garganacl|88/100
|
|upkeep
|turn|26
|
|t:|1758308103
|move|p2a: Great Tusk|Headlong Rush|p1a: Garganacl
|-damage|p1a: Garganacl|41/100
|-unboost|p2a: Great Tusk|def|1
|-unboost|p2a: Great Tusk|spd|1
|move|p1a: Garganacl|Salt Cure|p2a: Great Tusk
|-resisted|p2a: Great Tusk
|-damage|p2a: Great Tusk|36/100
|-start|p2a: Great Tusk|Salt Cure
|
|-damage|p2a: Great Tusk|23/100|[from] Salt Cure
|upkeep
|turn|27
|
|t:|1758308112
|move|p1a: Garganacl|Protect|p1a: Garganacl
|-singleturn|p1a: Garganacl|Protect
|move|p2a: Great Tusk|Headlong Rush|p1a: Garganacl
|-activate|p1a: Garganacl|move: Protect
|
|-damage|p2a: Great Tusk|11/100|[from] Salt Cure
|upkeep
|turn|28
|
|t:|1758308121
|move|p1a: Garganacl|Protect||[still]
|-fail|p1a: Garganacl
|move|p2a: Great Tusk|Headlong Rush|p1a: Garganacl
|-damage|p1a: Garganacl|0 fnt
|-unboost|p2a: Great Tusk|def|1
|-unboost|p2a: Great Tusk|spd|1
|faint|p1a: Garganacl
|
|-damage|p2a: Great Tusk|0 fnt|[from] Salt Cure
|faint|p2a: Great Tusk
|-end|p2a: Great Tusk|Protosynthesis|[silent]
|upkeep
|
|t:|1758308127
|switch|p2a: Dragapult|Dragapult, F, tera:Ghost|7/100
|switch|p1a: Meowscarada|Meowscarada, F|76/100 psn
|turn|29
|
|t:|1758308130
|move|p2a: Dragapult|U-turn|p1a: Meowscarada
|-supereffective|p1a: Meowscarada
|-damage|p1a: Meowscarada|0 fnt
|faint|p1a: Meowscarada
|
|t:|1758308133
|switch|p2a: Moltres|Moltres|73/100|[from] U-turn
|
|upkeep
|
|t:|1758308136
|switch|p1a: Iron Valiant|Iron Valiant|100/100
|-enditem|p1a: Iron Valiant|Booster Energy
|-activate|p1a: Iron Valiant|ability: Quark Drive|[fromitem]
|-start|p1a: Iron Valiant|quarkdrivespe
|turn|30
|
|t:|1758308140
|move|p1a: Iron Valiant|Moonblast|p2a: Moltres
|-resisted|p2a: Moltres
|-damage|p2a: Moltres|47/100
|move|p2a: Moltres|Flamethrower|p1a: Iron Valiant
|-damage|p1a: Iron Valiant|34/100
|
|upkeep
|turn|31
|
|t:|1758308146
|move|p1a: Iron Valiant|Moonblast|p2a: Moltres
|-resisted|p2a: Moltres
|-damage|p2a: Moltres|22/100
|-unboost|p2a: Moltres|spa|1
|move|p2a: Moltres|Flamethrower|p1a: Iron Valiant
|-damage|p1a: Iron Valiant|0 fnt
|faint|p1a: Iron Valiant
|-end|p1a: Iron Valiant|Quark Drive|[silent]
|
|win|god of joe
|raw|driderwebs's rating: 1691 &rarr; <strong>1671</strong><br />(-20 for losing)
|raw|god of joe's rating: 1683 &rarr; <strong>1703</strong><br />(+20 for winning)
|l|☆driderwebs
|player|p1|
|l|☆god of joe
|player|p2|
