|j|☆Hubertbutbetter
|j|☆Amigo26
|t:|1758337346
|gametype|singles
|player|p1|Hubertbutbetter|miku-ghost|1509
|player|p2|Amigo26|nate|1529
|gen|9
|tier|[Gen 9] OU
|rated|
|rule|HP Percentage Mod: HP is shown in percentages
|rule|Endless Battle Clause: Forcing endless battles is banned
|rule|Species Clause: Limit one of each Pokémon
|rule|OHKO Clause: OHKO moves are banned
|rule|Evasion Items Clause: Evasion items are banned
|rule|Evasion Moves Clause: Evasion moves are banned
|rule|Evasion Abilities Clause: Evasion abilities are banned
|rule|Sleep Moves Clause: Sleep-inducing moves are banned
|clearpoke
|poke|p1|Reuniclus, F|
|poke|p1|Dondozo, M|
|poke|p1|Samurott-Hisui, M|
|poke|p1|Corviknight, F|
|poke|p1|Ting-Lu|
|poke|p1|Amoonguss, F|
|poke|p2|Primarina, M|
|poke|p2|Great Tusk|
|poke|p2|Kingambit, M|
|poke|p2|Slowking-Galar, M|
|poke|p2|Ogerpon, F|
|poke|p2|Enamorus, F|
|teampreview
|inactive|Battle timer is ON: inactive players will automatically lose when time's up. (requested by Amigo26)
|
|t:|1758337364
|teamsize|p1|6
|teamsize|p2|6
|start
|switch|p1a: Reuniclus|Reuniclus, F, shiny|100/100
|switch|p2a: Anonymous|Ogerpon, F|100/100
|turn|1
|
|t:|1758337369
|move|p2a: Anonymous|Knock Off|p1a: Reuniclus
|-supereffective|p1a: Reuniclus
|-damage|p1a: Reuniclus|29/100
|-enditem|p1a: Reuniclus|Life Orb|[from] move: Knock Off|[of] p2a: Anonymous
|move|p1a: Reuniclus|Psyshock|p2a: Anonymous
|-damage|p2a: Anonymous|59/100
|
|upkeep
|turn|2
|
|t:|1758337393
|switch|p2a: Celestine|Primarina, M, shiny|100/100
|move|p1a: Reuniclus|Focus Blast|p2a: Celestine|[miss]
|-miss|p1a: Reuniclus|p2a: Celestine
|
|upkeep
|turn|3
|
|t:|1758337403
|move|p2a: Celestine|Substitute|p2a: Celestine
|-start|p2a: Celestine|Substitute
|-damage|p2a: Celestine|76/100
|move|p1a: Reuniclus|Recover|p1a: Reuniclus
|-heal|p1a: Reuniclus|79/100
|
|-heal|p2a: Celestine|82/100|[from] item: Leftovers
|upkeep
|turn|4
|
|t:|1758337410
|move|p2a: Celestine|Psychic Noise|p1a: Reuniclus
|-damage|p1a: Reuniclus|42/100
|-start|p1a: Reuniclus|move: Heal Block
|move|p1a: Reuniclus|Calm Mind|p1a: Reuniclus
|-boost|p1a: Reuniclus|spa|1
|-boost|p1a: Reuniclus|spd|1
|
|-heal|p2a: Celestine|88/100|[from] item: Leftovers
|upkeep
|turn|5
|
|t:|1758337417
|move|p2a: Celestine|Psychic Noise|p1a: Reuniclus
|-damage|p1a: Reuniclus|14/100
|move|p1a: Reuniclus|Psyshock|p2a: Celestine
|-end|p2a: Celestine|Substitute
|
|-heal|p2a: Celestine|94/100|[from] item: Leftovers
|-end|p1a: Reuniclus|move: Heal Block
|upkeep
|turn|6
|
|t:|1758337422
|move|p2a: Celestine|Psychic Noise|p1a: Reuniclus
|-damage|p1a: Reuniclus|0 fnt
|faint|p1a: Reuniclus
|
|-heal|p2a: Celestine|99/100|[from] item: Leftovers
|upkeep
|
|t:|1758337426
|switch|p1a: Amoonguss|Amoonguss, F|100/100
|turn|7
|j| theviolator3000
|
|t:|1758337435
|move|p2a: Celestine|Substitute|p2a: Celestine
|-start|p2a: Celestine|Substitute
|-damage|p2a: Celestine|75/100
|move|p1a: Amoonguss|Sludge Bomb|p2a: Celestine
|-supereffective|p2a: Celestine
|-end|p2a: Celestine|Substitute
|
|-heal|p2a: Celestine|81/100|[from] item: Leftovers
|upkeep
|turn|8
|
|t:|1758337458
|switch|p2a: Mantra|Slowking-Galar, M, shiny|100/100
|move|p1a: Amoonguss|Giga Drain|p2a: Mantra
|-resisted|p2a: Mantra
|-damage|p2a: Mantra|94/100
|
|upkeep
|turn|9
|
|t:|1758337473
|switch|p1a: Samurott|Samurott-Hisui, M, shiny|100/100
|switch|p2a: Anonymous|Ogerpon, F|59/100
|
|upkeep
|turn|10
|inactive|Hubertbutbetter has 120 seconds left.
|
|t:|1758337509
|move|p2a: Anonymous|U-turn|p1a: Samurott
|-supereffective|p1a: Samurott
|-damage|p1a: Samurott|24/100
|
|t:|1758337529
|switch|p2a: Behemoth|Great Tusk, shiny|100/100|[from] U-turn
|move|p1a: Samurott|Ceaseless Edge|p2a: Behemoth|[miss]
|-miss|p1a: Samurott|p2a: Behemoth
|
|upkeep
|turn|11
|inactive|Hubertbutbetter has 120 seconds left.
|j| scarfwake
|inactive|Hubertbutbetter has 90 seconds left.
|l| scarfwake
|
|t:|1758337577
|move|p2a: Behemoth|Rapid Spin|p1a: Samurott
|-damage|p1a: Samurott|3/100
|-boost|p2a: Behemoth|spe|1
|move|p1a: Samurott|Aqua Cutter|p2a: Behemoth
|-supereffective|p2a: Behemoth
|-damage|p2a: Behemoth|39/100
|
|upkeep
|turn|12
|inactive|Hubertbutbetter has 90 seconds left.
|
|t:|1758337612
|switch|p1a: Amoonguss|Amoonguss, F|100/100
|move|p2a: Behemoth|Stealth Rock|p1a: Amoonguss
|-sidestart|p1: Hubertbutbetter|move: Stealth Rock
|
|upkeep
|turn|13
|inactive|Amigo26 has 120 seconds left.
|
|t:|1758337642
|move|p2a: Behemoth|Ice Spinner|p1a: Amoonguss
|-supereffective|p1a: Amoonguss
|-damage|p1a: Amoonguss|59/100
|move|p1a: Amoonguss|Giga Drain|p2a: Behemoth
|-supereffective|p2a: Behemoth
|-damage|p2a: Behemoth|0 fnt
|-heal|p1a: Amoonguss|76/100|[from] drain|[of] p2a: Behemoth
|faint|p2a: Behemoth
|-end|p2a: Behemoth|Protosynthesis|[silent]
|
|upkeep
|inactive|Amigo26 has 120 seconds left.
|
|t:|1758337653
|switch|p2a: Overgod|Kingambit, M, shiny|100/100
|-activate|p2a: Overgod|ability: Supreme Overlord
|-start|p2a: Overgod|fallen1|[silent]
|turn|14
|
|t:|1758337662
|move|p2a: Overgod|Kowtow Cleave|p1a: Amoonguss
|-damage|p1a: Amoonguss|34/100
|move|p1a: Amoonguss|Foul Play|p2a: Overgod
|-resisted|p2a: Overgod
|-damage|p2a: Overgod|87/100
|
|-heal|p2a: Overgod|94/100|[from] item: Leftovers
|upkeep
|turn|15
|inactive|Hubertbutbetter has 90 seconds left.
|
|t:|1758337674
|-end|p2a: Overgod|fallen1|[silent]
|switch|p2a: Celestine|Primarina, M, shiny|81/100
|switch|p1a: Dondozo|Dondozo, M|100/100
|
|-heal|p2a: Celestine|87/100|[from] item: Leftovers
|upkeep
|turn|16
|
|t:|1758337682
|switch|p1a: Ting-Lu|Ting-Lu|100/100
|-damage|p1a: Ting-Lu|94/100|[from] Stealth Rock
|-ability|p1a: Ting-Lu|Vessel of Ruin
|move|p2a: Celestine|Whirlpool|p1a: Ting-Lu
|-supereffective|p1a: Ting-Lu
|-damage|p1a: Ting-Lu|77/100
|-activate|p1a: Ting-Lu|move: Whirlpool|[of] p2a: Celestine
|
|-heal|p2a: Celestine|93/100|[from] item: Leftovers
|-heal|p1a: Ting-Lu|83/100|[from] item: Leftovers
|-damage|p1a: Ting-Lu|71/100|[from] move: Whirlpool|[partiallytrapped]
|upkeep
|turn|17
|
|t:|1758337686
|move|p2a: Celestine|Substitute|p2a: Celestine
|-start|p2a: Celestine|Substitute
|-damage|p2a: Celestine|68/100
|move|p1a: Ting-Lu|Earthquake|p2a: Celestine
|-end|p2a: Celestine|Substitute
|
|-heal|p2a: Celestine|74/100|[from] item: Leftovers
|-heal|p1a: Ting-Lu|77/100|[from] item: Leftovers
|-damage|p1a: Ting-Lu|65/100|[from] move: Whirlpool|[partiallytrapped]
|upkeep
|turn|18
|
|t:|1758337689
|move|p2a: Celestine|Psychic Noise|p1a: Ting-Lu
|-supereffective|p1a: Ting-Lu
|-damage|p1a: Ting-Lu|29/100
|-start|p1a: Ting-Lu|move: Heal Block
|move|p1a: Ting-Lu|Earthquake|p2a: Celestine
|-damage|p2a: Celestine|13/100
|
|-heal|p2a: Celestine|19/100|[from] item: Leftovers
|-damage|p1a: Ting-Lu|16/100|[from] move: Whirlpool|[partiallytrapped]
|upkeep
|turn|19
|inactive|Hubertbutbetter has 120 seconds left.
|
|t:|1758337696
|move|p2a: Celestine|Moonblast|p1a: Ting-Lu
|-supereffective|p1a: Ting-Lu
|-crit|p1a: Ting-Lu
|-damage|p1a: Ting-Lu|0 fnt
|faint|p1a: Ting-Lu
|
|-heal|p2a: Celestine|25/100|[from] item: Leftovers
|upkeep
|inactive|Hubertbutbetter has 120 seconds left.
|
|t:|1758337721
|switch|p1a: Amoonguss|Amoonguss, F|67/100
|turn|20
|
|t:|1758337725
|switch|p2a: Mantra|Slowking-Galar, M, shiny|100/100
|move|p1a: Amoonguss|Giga Drain|p2a: Mantra
|-resisted|p2a: Mantra
|-damage|p2a: Mantra|95/100
|-heal|p1a: Amoonguss|70/100|[from] drain|[of] p2a: Mantra
|
|upkeep
|turn|21
|inactive|Hubertbutbetter has 120 seconds left.
|
|t:|1758337750
|switch|p1a: Samurott|Samurott-Hisui, M, shiny|3/100
|move|p2a: Mantra|Flamethrower|p1a: Samurott
|-resisted|p1a: Samurott
|-damage|p1a: Samurott|0 fnt
|faint|p1a: Samurott
|
|upkeep
|
|t:|1758337754
|switch|p1a: Dondozo|Dondozo, M|100/100
|turn|22
|
|t:|1758337757
|move|p1a: Dondozo|Liquidation|p2a: Mantra
|-damage|p2a: Mantra|75/100
|move|p2a: Mantra|Psychic Noise|p1a: Dondozo
|-damage|p1a: Dondozo|72/100
|-start|p1a: Dondozo|move: Heal Block
|
|upkeep
|turn|23
|inactive|Hubertbutbetter has 120 seconds left.
|inactive|Hubertbutbetter has 90 seconds left.
|
|t:|1758337798
|move|p1a: Dondozo|Liquidation|p2a: Mantra
|-damage|p2a: Mantra|54/100
|move|p2a: Mantra|Sludge Bomb|p1a: Dondozo
|-damage|p1a: Dondozo|39/100
|
|-end|p1a: Dondozo|move: Heal Block
|upkeep
|turn|24
|
|t:|1758337812
|move|p1a: Dondozo|Rest|p1a: Dondozo
|-status|p1a: Dondozo|slp|[from] move: Rest
|-heal|p1a: Dondozo|100/100 slp|[silent]
|move|p2a: Mantra|Psychic Noise|p1a: Dondozo
|-damage|p1a: Dondozo|74/100 slp
|-start|p1a: Dondozo|move: Heal Block
|
|upkeep
|turn|25
|inactive|Hubertbutbetter has 90 seconds left.
|
|t:|1758337828
|switch|p2a: Anonymous|Ogerpon, F|59/100
|cant|p1a: Dondozo|slp
|move|p1a: Dondozo|Sleep Talk|p1a: Dondozo
|cant|p1a: Dondozo|move: Heal Block|Rest
|
|-end|p1a: Dondozo|move: Heal Block
|upkeep
|turn|26
|
|t:|1758337844
|switch|p1a: Amoonguss|Amoonguss, F|100/100
|move|p2a: Anonymous|Ivy Cudgel|p1a: Amoonguss
|-resisted|p1a: Amoonguss
|-damage|p1a: Amoonguss|86/100
|
|upkeep
|turn|27
|inactive|Hubertbutbetter has 90 seconds left.
|
|t:|1758337862
|switch|p2a: Mantra|Slowking-Galar, M, shiny|88/100
|move|p1a: Amoonguss|Sludge Bomb|p2a: Mantra
|-resisted|p2a: Mantra
|-damage|p2a: Mantra|81/100
|
|upkeep
|turn|28
|
|t:|1758337869
|move|p2a: Mantra|Flamethrower|p1a: Amoonguss
|-supereffective|p1a: Amoonguss
|-damage|p1a: Amoonguss|47/100
|move|p1a: Amoonguss|Foul Play|p2a: Mantra
|-supereffective|p2a: Mantra
|-damage|p2a: Mantra|65/100
|
|upkeep
|turn|29
|inactive|Hubertbutbetter has 90 seconds left.
|inactive|Hubertbutbetter has 60 seconds left.
|inactive|Hubertbutbetter has 30 seconds left.
|inactive|Hubertbutbetter has 20 seconds left.
|inactive|Hubertbutbetter has 15 seconds left.
|inactive|Hubertbutbetter has 10 seconds left.
|
|t:|1758337972
|move|p1a: Amoonguss|Foul Play|p2a: Mantra
|-supereffective|p2a: Mantra
|-damage|p2a: Mantra|49/100
|move|p2a: Mantra|Psychic Noise|p1a: Amoonguss
|-supereffective|p1a: Amoonguss
|-damage|p1a: Amoonguss|1/100
|-start|p1a: Amoonguss|move: Heal Block
|
|upkeep
|turn|30
|inactive|Hubertbutbetter has 20 seconds left this turn.
|-message|Hubertbutbetter forfeited.
|
|win|Amigo26
|raw|Hubertbutbetter's rating: 1509 &rarr; <strong>1490</strong><br />(-19 for losing)
|raw|Amigo26's rating: 1529 &rarr; <strong>1548</strong><br />(+19 for winning)
|l|☆Hubertbutbetter
|player|p1|
|l|☆Amigo26
|player|p2|
|j|☆Amigo26
|player|p2|Amigo26|nate|
|l|☆Amigo26
|player|p2|
