|j|☆Jmds900
|j|☆xOmniscience
|t:|1758322995
|gametype|singles
|player|p1|Jmds900|265|1098
|player|p2|xOmniscience|flannery|1157
|gen|9
|tier|[Gen 9] OU
|rated|
|rule|HP Percentage Mod: HP is shown in percentages
|rule|Endless Battle Clause: Forcing endless battles is banned
|rule|Species Clause: Limit one of each Pokémon
|rule|OHKO Clause: OHKO moves are banned
|rule|Evasion Items Clause: Evasion items are banned
|rule|Evasion Moves Clause: Evasion moves are banned
|rule|Evasion Abilities Clause: Evasion abilities are banned
|rule|Sleep Moves Clause: Sleep-inducing moves are banned
|clearpoke
|poke|p1|Pelipper, F|
|poke|p1|Poliwrath, M|
|poke|p1|Umbreon, M|
|poke|p1|Weezing, F|
|poke|p1|Persian, F|
|poke|p1|Rotom-Wash|
|poke|p2|Fezandipiti, M|
|poke|p2|Dragonite, M|
|poke|p2|Ting-Lu|
|poke|p2|Iron Moth|
|poke|p2|Gholdengo|
|poke|p2|Ogerpon-Wellspring, F|
|teampreview
|inactive|Battle timer is ON: inactive players will automatically lose when time's up. (requested by xOmniscience)
|
|t:|1758323002
|teamsize|p1|6
|teamsize|p2|6
|start
|switch|p1a: Persian|Persian, F|100/100
|switch|p2a: Fezandipiti|Fezandipiti, M|100/100
|turn|1
|
|t:|1758323009
|move|p1a: Persian|Fake Out|p2a: Fezandipiti
|-damage|p2a: Fezandipiti|76/100
|cant|p2a: Fezandipiti|flinch
|
|upkeep
|turn|2
|
|t:|1758323015
|move|p1a: Persian|Knock Off|p2a: Fezandipiti
|-resisted|p2a: Fezandipiti
|-damage|p2a: Fezandipiti|63/100
|-enditem|p2a: Fezandipiti|Heavy-Duty Boots|[from] move: Knock Off|[of] p1a: Persian
|move|p2a: Fezandipiti|Beat Up|p1a: Persian
|-damage|p1a: Persian|94/100
|-damage|p1a: Persian|85/100
|-damage|p1a: Persian|77/100
|-status|p1a: Persian|tox|[from] ability: Toxic Chain|[of] p2a: Fezandipiti
|-damage|p1a: Persian|71/100 tox
|-damage|p1a: Persian|66/100 tox
|-damage|p1a: Persian|57/100 tox
|-hitcount|p1a: Persian|6
|
|-damage|p1a: Persian|50/100 tox|[from] psn
|upkeep
|turn|3
|
|t:|1758323036
|move|p1a: Persian|U-turn|p2a: Fezandipiti
|-resisted|p2a: Fezandipiti
|-damage|p2a: Fezandipiti|59/100
|
|t:|1758323039
|switch|p1a: Weezing|Weezing, F|100/100|[from] U-turn
|move|p2a: Fezandipiti|Roost|p2a: Fezandipiti
|-heal|p2a: Fezandipiti|100/100
|-singleturn|p2a: Fezandipiti|move: Roost
|
|upkeep
|turn|4
|inactive|Jmds900 has 120 seconds left.
|inactive|Jmds900 has 90 seconds left.
|
|t:|1758323105
|move|p2a: Fezandipiti|U-turn|p1a: Weezing
|-resisted|p1a: Weezing
|-damage|p1a: Weezing|92/100
|
|t:|1758323122
|switch|p2a: Ting-Lu|Ting-Lu|100/100|[from] U-turn
|-ability|p2a: Ting-Lu|Vessel of Ruin
|move|p1a: Weezing|Will-O-Wisp|p2a: Ting-Lu
|-status|p2a: Ting-Lu|brn
|
|-heal|p1a: Weezing|98/100|[from] item: Black Sludge
|-damage|p2a: Ting-Lu|94/100 brn|[from] brn
|upkeep
|turn|5
|inactive|Jmds900 has 90 seconds left.
|
|t:|1758323133
|move|p1a: Weezing|Toxic Spikes|p2a: Ting-Lu
|-sidestart|p2: xOmniscience|move: Toxic Spikes
|move|p2a: Ting-Lu|Spikes|p1a: Weezing
|-sidestart|p1: Jmds900|Spikes
|
|-heal|p1a: Weezing|100/100|[from] item: Black Sludge
|-heal|p2a: Ting-Lu|100/100 brn|[from] item: Leftovers
|-damage|p2a: Ting-Lu|94/100 brn|[from] brn
|upkeep
|turn|6
|inactive|Jmds900 has 90 seconds left.
|
|t:|1758323142
|move|p1a: Weezing|Toxic Spikes|p2a: Ting-Lu
|-sidestart|p2: xOmniscience|move: Toxic Spikes
|move|p2a: Ting-Lu|Spikes|p1a: Weezing
|-sidestart|p1: Jmds900|Spikes
|
|-heal|p2a: Ting-Lu|100/100 brn|[from] item: Leftovers
|-damage|p2a: Ting-Lu|94/100 brn|[from] brn
|upkeep
|turn|7
|inactive|Jmds900 has 90 seconds left.
|
|t:|1758323155
|switch|p1a: Rotom|Rotom-Wash|100/100
|move|p2a: Ting-Lu|Spikes|p1a: Rotom
|-sidestart|p1: Jmds900|Spikes
|
|-heal|p2a: Ting-Lu|100/100 brn|[from] item: Leftovers
|-damage|p2a: Ting-Lu|94/100 brn|[from] brn
|upkeep
|turn|8
|inactive|Jmds900 has 90 seconds left.
|
|t:|1758323166
|switch|p2a: Ogerpon|Ogerpon-Wellspring, F|100/100
|-status|p2a: Ogerpon|tox
|move|p1a: Rotom|Hydro Pump|p2a: Ogerpon
|-immune|p2a: Ogerpon|[from] ability: Water Absorb
|
|-damage|p2a: Ogerpon|95/100 tox|[from] psn
|upkeep
|turn|9
|
|t:|1758323176
|move|p2a: Ogerpon|Encore|p1a: Rotom
|-start|p1a: Rotom|Encore
|move|p1a: Rotom|Hydro Pump|p2a: Ogerpon
|-heal|p2a: Ogerpon|100/100 tox|[from] ability: Water Absorb|[of] p1a: Rotom
|
|-damage|p2a: Ogerpon|89/100 tox|[from] psn
|upkeep
|turn|10
|
|t:|1758323185
|switch|p1a: Umbreon|Umbreon, M|100/100
|-damage|p1a: Umbreon|76/100|[from] Spikes
|move|p2a: Ogerpon|Trailblaze|p1a: Umbreon
|-damage|p1a: Umbreon|53/100
|-boost|p2a: Ogerpon|spe|1
|
|-heal|p1a: Umbreon|59/100|[from] item: Leftovers
|-damage|p2a: Ogerpon|71/100 tox|[from] psn
|upkeep
|turn|11
|
|t:|1758323197
|-terastallize|p2a: Ogerpon|Water
|detailschange|p2a: Ogerpon|Ogerpon-Wellspring-Tera, F, tera:Water
|-ability|p2a: Ogerpon|Embody Aspect (Wellspring)|boost
|-boost|p2a: Ogerpon|spd|1
|move|p2a: Ogerpon|Ivy Cudgel|p1a: Umbreon|[anim] Ivy Cudgel Water
|-damage|p1a: Umbreon|0 fnt
|faint|p1a: Umbreon
|
|-damage|p2a: Ogerpon|47/100 tox|[from] psn
|upkeep
|inactive|Jmds900 has 90 seconds left.
|
|t:|1758323221
|switch|p1a: Persian|Persian, F|50/100 tox
|-damage|p1a: Persian|25/100 tox|[from] Spikes
|turn|12
|inactive|Jmds900 has 90 seconds left.
|
|t:|1758323227
|move|p1a: Persian|Fake Out|p2a: Ogerpon
|-damage|p2a: Ogerpon|16/100 tox
|cant|p2a: Ogerpon|flinch
|
|-damage|p2a: Ogerpon|0 fnt|[from] psn
|faint|p2a: Ogerpon
|detailschange|p2: Ogerpon|Ogerpon-Wellspring, F|[silent]
|-damage|p1a: Persian|19/100 tox|[from] psn
|upkeep
|
|t:|1758323235
|switch|p2a: Fezandipiti|Fezandipiti, M|100/100
|-sideend|p2: xOmniscience|move: Toxic Spikes|[of] p2a: Fezandipiti
|turn|13
|
|t:|1758323247
|move|p1a: Persian|U-turn|p2a: Fezandipiti
|-resisted|p2a: Fezandipiti
|-damage|p2a: Fezandipiti|97/100
|
|t:|1758323251
|switch|p1a: Weezing|Weezing, F|100/100|[from] U-turn
|move|p2a: Fezandipiti|Beat Up|p1a: Weezing
|-damage|p1a: Weezing|98/100
|-damage|p1a: Weezing|94/100
|-damage|p1a: Weezing|91/100
|-damage|p1a: Weezing|88/100
|-hitcount|p1a: Weezing|4
|
|-heal|p1a: Weezing|94/100|[from] item: Black Sludge
|upkeep
|turn|14
|
|t:|1758323273
|switch|p2a: Iron Moth|Iron Moth|100/100
|-enditem|p2a: Iron Moth|Booster Energy
|-activate|p2a: Iron Moth|ability: Quark Drive|[fromitem]
|-start|p2a: Iron Moth|quarkdrivespe
|move|p1a: Weezing|Sludge Bomb|p2a: Iron Moth
|-resisted|p2a: Iron Moth
|-damage|p2a: Iron Moth|87/100
|
|-heal|p1a: Weezing|99/100|[from] item: Black Sludge
|upkeep
|turn|15
|inactive|Jmds900 has 90 seconds left.
|
|t:|1758323295
|switch|p1a: Pelipper|Pelipper, F|100/100
|-weather|RainDance|[from] ability: Drizzle|[of] p1a: Pelipper
|move|p2a: Iron Moth|Fiery Dance|p1a: Pelipper
|-resisted|p1a: Pelipper
|-damage|p1a: Pelipper|87/100
|-boost|p2a: Iron Moth|spa|1
|
|-weather|RainDance|[upkeep]
|upkeep
|turn|16
|inactive|Jmds900 has 90 seconds left.
|
|t:|1758323313
|-end|p2a: Iron Moth|Quark Drive|[silent]
|switch|p2a: Fezandipiti|Fezandipiti, M|97/100
|move|p1a: Pelipper|Surf|p2a: Fezandipiti
|-damage|p2a: Fezandipiti|70/100
|
|-weather|RainDance|[upkeep]
|upkeep
|turn|17
|inactive|Jmds900 has 90 seconds left.
|
|t:|1758323331
|move|p2a: Fezandipiti|U-turn|p1a: Pelipper
|-resisted|p1a: Pelipper
|-damage|p1a: Pelipper|81/100
|-status|p1a: Pelipper|tox|[from] ability: Toxic Chain|[of] p2a: Fezandipiti
|
|t:|1758323339
|switch|p2a: Gholdengo|Gholdengo|100/100|[from] U-turn
|-item|p2a: Gholdengo|Air Balloon
|move|p1a: Pelipper|Hurricane|p2a: Gholdengo
|-resisted|p2a: Gholdengo
|-damage|p2a: Gholdengo|80/100
|-start|p2a: Gholdengo|confusion
|-enditem|p2a: Gholdengo|Air Balloon
|
|-weather|RainDance|[upkeep]
|-damage|p1a: Pelipper|75/100 tox|[from] psn
|upkeep
|turn|18
|inactive|Jmds900 has 90 seconds left.
|
|t:|1758323356
|switch|p1a: Rotom|Rotom-Wash|100/100
|-activate|p2a: Gholdengo|confusion
|move|p2a: Gholdengo|Nasty Plot|p2a: Gholdengo
|-boost|p2a: Gholdengo|spa|2
|
|-weather|RainDance|[upkeep]
|upkeep
|turn|19
|
|t:|1758323365
|-activate|p2a: Gholdengo|confusion
|-damage|p2a: Gholdengo|75/100|[from] confusion
|move|p1a: Rotom|Hydro Pump|p2a: Gholdengo
|-damage|p2a: Gholdengo|2/100
|
|-weather|RainDance|[upkeep]
|upkeep
|turn|20
|inactive|Jmds900 has 90 seconds left.
|
|t:|1758323376
|-activate|p2a: Gholdengo|confusion
|-damage|p2a: Gholdengo|0 fnt|[from] confusion
|faint|p2a: Gholdengo
|move|p1a: Rotom|Hydro Pump|p2: Gholdengo|[notarget]
|-fail|p1a: Rotom
|
|-weather|RainDance|[upkeep]
|upkeep
|
|t:|1758323382
|switch|p2a: Dragonite|Dragonite, M|100/100
|turn|21
|
|t:|1758323386
|move|p2a: Dragonite|Dragon Dance|p2a: Dragonite
|-boost|p2a: Dragonite|atk|1
|-boost|p2a: Dragonite|spe|1
|move|p1a: Rotom|Will-O-Wisp|p2a: Dragonite
|-status|p2a: Dragonite|brn
|
|-weather|RainDance|[upkeep]
|-damage|p2a: Dragonite|94/100 brn|[from] brn
|upkeep
|turn|22
|
|t:|1758323402
|move|p2a: Dragonite|Dragon Dance|p2a: Dragonite
|-boost|p2a: Dragonite|atk|1
|-boost|p2a: Dragonite|spe|1
|move|p1a: Rotom|Volt Switch|p2a: Dragonite
|-damage|p2a: Dragonite|67/100 brn
|
|t:|1758323408
|switch|p1a: Persian|Persian, F|19/100 tox|[from] Volt Switch
|-damage|p1a: Persian|0 fnt|[from] Spikes
|faint|p1a: Persian
|
|-weather|none
|-damage|p2a: Dragonite|61/100 brn|[from] brn
|upkeep
|inactive|Jmds900 has 90 seconds left.
|
|t:|1758323420
|switch|p1a: Weezing|Weezing, F|99/100
|turn|23
|
|t:|1758323427
|move|p2a: Dragonite|Extreme Speed|p1a: Weezing
|-damage|p1a: Weezing|72/100
|move|p1a: Weezing|Sludge Bomb|p2a: Dragonite
|-damage|p2a: Dragonite|30/100 brn
|
|-heal|p1a: Weezing|78/100|[from] item: Black Sludge
|-damage|p2a: Dragonite|24/100 brn|[from] brn
|upkeep
|turn|24
|
|t:|1758323439
|move|p2a: Dragonite|Ice Spinner|p1a: Weezing
|-damage|p1a: Weezing|52/100
|move|p1a: Weezing|Sludge Bomb|p2a: Dragonite
|-damage|p2a: Dragonite|0 fnt
|faint|p2a: Dragonite
|
|-heal|p1a: Weezing|58/100|[from] item: Black Sludge
|upkeep
|
|t:|1758323446
|switch|p2a: Iron Moth|Iron Moth|87/100
|turn|25
|
|t:|1758323457
|move|p2a: Iron Moth|Fiery Dance|p1a: Weezing
|-damage|p1a: Weezing|19/100
|move|p1a: Weezing|Pain Split|p2a: Iron Moth
|-sethp|p2a: Iron Moth|54/100|[from] move: Pain Split|[silent]
|-sethp|p1a: Weezing|49/100|[from] move: Pain Split
|
|-heal|p1a: Weezing|55/100|[from] item: Black Sludge
|upkeep
|turn|26
|
|t:|1758323469
|move|p2a: Iron Moth|Fiery Dance|p1a: Weezing
|-damage|p1a: Weezing|18/100
|-boost|p2a: Iron Moth|spa|1
|move|p1a: Weezing|Pain Split|p2a: Iron Moth
|-sethp|p2a: Iron Moth|37/100|[from] move: Pain Split|[silent]
|-sethp|p1a: Weezing|33/100|[from] move: Pain Split
|
|-heal|p1a: Weezing|39/100|[from] item: Black Sludge
|upkeep
|turn|27
|
|t:|1758323480
|move|p2a: Iron Moth|Fiery Dance|p1a: Weezing
|-damage|p1a: Weezing|0 fnt
|faint|p1a: Weezing
|
|upkeep
|
|t:|1758323487
|switch|p1a: Pelipper|Pelipper, F|75/100 tox
|-weather|RainDance|[from] ability: Drizzle|[of] p1a: Pelipper
|turn|28
|
|t:|1758323505
|move|p2a: Iron Moth|Dazzling Gleam|p1a: Pelipper
|-damage|p1a: Pelipper|14/100 tox
|move|p1a: Pelipper|Surf|p2a: Iron Moth
|-supereffective|p2a: Iron Moth
|-damage|p2a: Iron Moth|0 fnt
|faint|p2a: Iron Moth
|-end|p2a: Iron Moth|Quark Drive|[silent]
|
|-weather|RainDance|[upkeep]
|-damage|p1a: Pelipper|8/100 tox|[from] psn
|upkeep
|
|t:|1758323520
|switch|p2a: Ting-Lu|Ting-Lu|94/100 brn
|-ability|p2a: Ting-Lu|Vessel of Ruin
|turn|29
|l|☆Jmds900
|inactive|Jmds900 disconnected and has a minute to reconnect!
|player|p1|
|j|☆Jmds900
|inactive|Jmds900 reconnected and has 105 seconds left.
|player|p1|Jmds900|265|
|
|t:|1758323537
|move|p1a: Pelipper|Surf|p2a: Ting-Lu
|-supereffective|p2a: Ting-Lu
|-crit|p2a: Ting-Lu
|-damage|p2a: Ting-Lu|41/100 brn
|move|p2a: Ting-Lu|Whirlwind|p1a: Pelipper
|drag|p1a: Poliwrath|Poliwrath, M|100/100
|-damage|p1a: Poliwrath|76/100|[from] Spikes
|
|-weather|RainDance|[upkeep]
|-heal|p2a: Ting-Lu|47/100 brn|[from] item: Leftovers
|-damage|p2a: Ting-Lu|41/100 brn|[from] brn
|upkeep
|turn|30
|
|t:|1758323552
|-terastallize|p1a: Poliwrath|Water
|move|p1a: Poliwrath|Drain Punch|p2a: Ting-Lu
|-supereffective|p2a: Ting-Lu
|-damage|p2a: Ting-Lu|8/100 brn
|-heal|p1a: Poliwrath|100/100|[from] drain|[of] p2a: Ting-Lu
|move|p2a: Ting-Lu|Ruination|p1a: Poliwrath
|-damage|p1a: Poliwrath|50/100
|-enditem|p1a: Poliwrath|Sitrus Berry|[eat]
|-heal|p1a: Poliwrath|75/100|[from] item: Sitrus Berry
|
|-weather|RainDance|[upkeep]
|-heal|p2a: Ting-Lu|14/100 brn|[from] item: Leftovers
|-damage|p2a: Ting-Lu|8/100 brn|[from] brn
|upkeep
|turn|31
|
|t:|1758323568
|move|p1a: Poliwrath|Liquidation|p2a: Ting-Lu
|-supereffective|p2a: Ting-Lu
|-damage|p2a: Ting-Lu|0 fnt
|faint|p2a: Ting-Lu
|
|-weather|RainDance|[upkeep]
|upkeep
|
|t:|1758323574
|switch|p2a: Fezandipiti|Fezandipiti, M|70/100
|turn|32
|
|t:|1758323578
|move|p1a: Poliwrath|Liquidation|p2a: Fezandipiti
|-damage|p2a: Fezandipiti|0 fnt
|faint|p2a: Fezandipiti
|
|win|Jmds900
|raw|Jmds900's rating: 1098 &rarr; <strong>1128</strong><br />(+30 for winning)
|raw|xOmniscience's rating: 1157 &rarr; <strong>1128</strong><br />(-29 for losing)
|l|☆xOmniscience
|player|p2|
|l|☆Jmds900
|player|p1|
