|j|☆KingKaido107
|j|‽v1n001
|t:|1758246815
|gametype|singles
|player|p1|KingKaido107|dragontamer-gen6|1725
|player|p2|v1n001|266|1757
|gen|9
|tier|[Gen 9] OU
|rated|
|rule|HP Percentage Mod: HP is shown in percentages
|rule|Endless Battle Clause: Forcing endless battles is banned
|rule|Species Clause: Limit one of each Pokémon
|rule|OHKO Clause: OHKO moves are banned
|rule|Evasion Items Clause: Evasion items are banned
|rule|Evasion Moves Clause: Evasion moves are banned
|rule|Evasion Abilities Clause: Evasion abilities are banned
|rule|Sleep Moves Clause: Sleep-inducing moves are banned
|clearpoke
|poke|p1|Ting-Lu|
|poke|p1|Gholdengo|
|poke|p1|Slowking-Galar, M|
|poke|p1|Cinderace, F|
|poke|p1|Arcanine-Hisui, M|
|poke|p1|Kingambit, F|
|poke|p2|Rillaboom, F|
|poke|p2|Hawlucha, F|
|poke|p2|Gholdengo|
|poke|p2|Heatran, F|
|poke|p2|Glimmora, F|
|poke|p2|Ogerpon-Wellspring, F|
|teampreview
|inactive|Battle timer is ON: inactive players will automatically lose when time's up. (requested by v1n001)
|inactive|KingKaido107 also wants the timer to be on.
|
|t:|1758246828
|teamsize|p1|6
|teamsize|p2|6
|start
|switch|p1a: Slowking|Slowking-Galar, M|100/100
|switch|p2a: Rillaboom|Rillaboom, F, shiny|100/100
|-fieldstart|move: Grassy Terrain|[from] ability: Grassy Surge|[of] p2a: Rillaboom
|turn|1
|
|t:|1758246833
|move|p2a: Rillaboom|Knock Off|p1a: Slowking
|-supereffective|p1a: Slowking
|-enditem|p1a: Slowking|Colbur Berry|[eat]
|-enditem|p1a: Slowking|Colbur Berry|[weaken]
|-damage|p1a: Slowking|72/100
|move|p1a: Slowking|Sludge Bomb|p2a: Rillaboom
|-supereffective|p2a: Rillaboom
|-damage|p2a: Rillaboom|25/100
|-status|p2a: Rillaboom|psn
|
|-heal|p2a: Rillaboom|31/100 psn|[from] Grassy Terrain
|-heal|p1a: Slowking|78/100|[from] Grassy Terrain
|-damage|p2a: Rillaboom|19/100 psn|[from] psn
|upkeep
|turn|2
|j| pelmanism
|
|t:|1758246836
|move|p2a: Rillaboom|U-turn|p1a: Slowking
|-damage|p1a: Slowking|58/100
|
|t:|1758246838
|switch|p2a: Heatran|Heatran, F, shiny|100/100|[from] U-turn
|-prepare|p1a: Slowking|Chilly Reception|[premajor]
|move|p1a: Slowking|Chilly Reception|p1a: Slowking
|-weather|Snowscape
|
|t:|1758246840
|switch|p1a: Ting-Lu|Ting-Lu|100/100|[from] Chilly Reception
|-ability|p1a: Ting-Lu|Vessel of Ruin
|
|-weather|Snowscape|[upkeep]
|upkeep
|turn|3
|
|t:|1758246842
|move|p2a: Heatran|Taunt|p1a: Ting-Lu
|-start|p1a: Ting-Lu|move: Taunt
|move|p1a: Ting-Lu|Earthquake|p2a: Heatran
|-supereffective|p2a: Heatran
|-damage|p2a: Heatran|40/100
|
|-weather|Snowscape|[upkeep]
|-heal|p2a: Heatran|47/100|[from] Grassy Terrain
|-heal|p2a: Heatran|53/100|[from] item: Leftovers
|upkeep
|turn|4
|
|t:|1758246844
|switch|p2a: Ogerpon|Ogerpon-Wellspring, F|100/100
|move|p1a: Ting-Lu|Earthquake|p2a: Ogerpon
|-resisted|p2a: Ogerpon
|-crit|p2a: Ogerpon
|-damage|p2a: Ogerpon|81/100
|
|-weather|Snowscape|[upkeep]
|-heal|p2a: Ogerpon|87/100|[from] Grassy Terrain
|upkeep
|turn|5
|j| guochangyu
|
|t:|1758246847
|switch|p1a: Slowking|Slowking-Galar, M|91/100
|move|p2a: Ogerpon|Trailblaze|p1a: Slowking
|-resisted|p1a: Slowking
|-damage|p1a: Slowking|78/100
|-boost|p2a: Ogerpon|spe|1
|
|-weather|Snowscape|[upkeep]
|-heal|p2a: Ogerpon|93/100|[from] Grassy Terrain
|-heal|p1a: Slowking|84/100|[from] Grassy Terrain
|upkeep
|turn|6
|
|t:|1758246850
|-terastallize|p2a: Ogerpon|Water
|detailschange|p2a: Ogerpon|Ogerpon-Wellspring-Tera, F, tera:Water
|-ability|p2a: Ogerpon|Embody Aspect (Wellspring)|boost
|-boost|p2a: Ogerpon|spd|1
|move|p2a: Ogerpon|Swords Dance|p2a: Ogerpon
|-boost|p2a: Ogerpon|atk|2
|move|p1a: Slowking|Sludge Bomb|p2a: Ogerpon
|-damage|p2a: Ogerpon|68/100
|-status|p2a: Ogerpon|psn
|
|-weather|none
|-heal|p2a: Ogerpon|74/100 psn|[from] Grassy Terrain
|-heal|p1a: Slowking|90/100|[from] Grassy Terrain
|-damage|p2a: Ogerpon|62/100 psn|[from] psn
|upkeep
|turn|7
|j| AntdonPokemon
|
|t:|1758246861
|move|p2a: Ogerpon|Ivy Cudgel|p1a: Slowking|[anim] Ivy Cudgel Water
|-damage|p1a: Slowking|0 fnt
|faint|p1a: Slowking
|
|-heal|p2a: Ogerpon|68/100 psn|[from] Grassy Terrain
|-damage|p2a: Ogerpon|55/100 psn|[from] psn
|upkeep
|
|t:|1758246866
|switch|p1a: Arcanine|Arcanine-Hisui, M|100/100
|turn|8
|
|t:|1758246868
|move|p1a: Arcanine|Extreme Speed|p2a: Ogerpon
|-damage|p2a: Ogerpon|6/100 psn
|move|p2a: Ogerpon|Ivy Cudgel|p1a: Arcanine|[anim] Ivy Cudgel Water
|-supereffective|p1a: Arcanine
|-damage|p1a: Arcanine|0 fnt
|faint|p1a: Arcanine
|
|-heal|p2a: Ogerpon|12/100 psn|[from] Grassy Terrain
|-damage|p2a: Ogerpon|0 fnt|[from] psn
|faint|p2a: Ogerpon
|detailschange|p2: Ogerpon|Ogerpon-Wellspring, F|[silent]
|-fieldend|move: Grassy Terrain
|upkeep
|
|t:|1758246871
|switch|p2a: Rillaboom|Rillaboom, F, shiny|19/100 psn
|switch|p1a: Cinderace|Cinderace, F|100/100
|-fieldstart|move: Grassy Terrain|[from] ability: Grassy Surge|[of] p2a: Rillaboom
|turn|9
|
|t:|1758246873
|switch|p2a: Glimmora|Glimmora, F, shiny|100/100
|move|p1a: Cinderace|U-turn|p2a: Glimmora
|-start|p1a: Cinderace|typechange|Bug|[from] ability: Libero
|-resisted|p2a: Glimmora
|-damage|p2a: Glimmora|81/100
|-activate|p2a: Glimmora|ability: Toxic Debris
|-sidestart|p1: KingKaido107|move: Toxic Spikes
|
|t:|1758246876
|switch|p1a: Ting-Lu|Ting-Lu|100/100|[from] U-turn
|-status|p1a: Ting-Lu|psn
|-ability|p1a: Ting-Lu|Vessel of Ruin
|
|-heal|p2a: Glimmora|87/100|[from] Grassy Terrain
|-damage|p1a: Ting-Lu|88/100 psn|[from] psn
|upkeep
|turn|10
|
|t:|1758246882
|switch|p2a: Hawlucha|Hawlucha, F, shiny|100/100
|-enditem|p2a: Hawlucha|Grassy Seed
|-boost|p2a: Hawlucha|def|1|[from] item: Grassy Seed
|move|p1a: Ting-Lu|Earthquake|p2a: Hawlucha
|-immune|p2a: Hawlucha
|
|-heal|p1a: Ting-Lu|94/100 psn|[from] Grassy Terrain
|-heal|p1a: Ting-Lu|100/100 psn|[from] item: Leftovers
|-damage|p1a: Ting-Lu|88/100 psn|[from] psn
|upkeep
|turn|11
|
|t:|1758246884
|switch|p1a: Cinderace|Cinderace, F|100/100
|move|p2a: Hawlucha|Encore||[still]
|-fail|p2a: Hawlucha
|
|upkeep
|turn|12
|
|t:|1758246887
|move|p2a: Hawlucha|Swords Dance|p2a: Hawlucha
|-boost|p2a: Hawlucha|atk|2
|move|p1a: Cinderace|Will-O-Wisp|p2a: Hawlucha
|-status|p2a: Hawlucha|brn
|
|-damage|p2a: Hawlucha|94/100 brn|[from] brn
|upkeep
|turn|13
|
|t:|1758246890
|move|p2a: Hawlucha|Encore|p1a: Cinderace
|-start|p1a: Cinderace|Encore
|move|p1a: Cinderace|Will-O-Wisp|p2a: Hawlucha
|-fail|p2a: Hawlucha|brn
|
|-damage|p2a: Hawlucha|88/100 brn|[from] brn
|upkeep
|turn|14
|
|t:|1758246893
|switch|p1a: Gholdengo|Gholdengo|100/100
|move|p2a: Hawlucha|Swords Dance|p2a: Hawlucha
|-boost|p2a: Hawlucha|atk|2
|
|-damage|p2a: Hawlucha|82/100 brn|[from] brn
|upkeep
|turn|15
|
|t:|1758246895
|move|p2a: Hawlucha|Acrobatics|p1a: Gholdengo
|-resisted|p1a: Gholdengo
|-damage|p1a: Gholdengo|76/100
|move|p1a: Gholdengo|Make It Rain|p2a: Hawlucha
|-damage|p2a: Hawlucha|0 fnt
|-unboost|p1a: Gholdengo|spa|1
|faint|p2a: Hawlucha
|
|-heal|p1a: Gholdengo|83/100|[from] Grassy Terrain
|upkeep
|
|t:|1758246898
|switch|p2a: Heatran|Heatran, F, shiny|53/100
|turn|16
|
|t:|1758246901
|switch|p1a: Ting-Lu|Ting-Lu|88/100 psn
|-ability|p1a: Ting-Lu|Vessel of Ruin
|move|p2a: Heatran|Magma Storm|p1a: Ting-Lu|[miss]
|-miss|p2a: Heatran|p1a: Ting-Lu
|
|-heal|p2a: Heatran|59/100|[from] Grassy Terrain
|-heal|p2a: Heatran|65/100|[from] item: Leftovers
|-heal|p1a: Ting-Lu|94/100 psn|[from] Grassy Terrain
|-heal|p1a: Ting-Lu|100/100 psn|[from] item: Leftovers
|-damage|p1a: Ting-Lu|88/100 psn|[from] psn
|-fieldend|move: Grassy Terrain
|upkeep
|turn|17
|
|t:|1758246903
|switch|p2a: Rillaboom|Rillaboom, F, shiny|19/100 psn
|-fieldstart|move: Grassy Terrain|[from] ability: Grassy Surge|[of] p2a: Rillaboom
|move|p1a: Ting-Lu|Earthquake|p2a: Rillaboom
|-resisted|p2a: Rillaboom
|-damage|p2a: Rillaboom|9/100 psn
|
|-heal|p2a: Rillaboom|16/100 psn|[from] Grassy Terrain
|-heal|p1a: Ting-Lu|94/100 psn|[from] Grassy Terrain
|-heal|p1a: Ting-Lu|100/100 psn|[from] item: Leftovers
|-damage|p2a: Rillaboom|3/100 psn|[from] psn
|-damage|p1a: Ting-Lu|88/100 psn|[from] psn
|upkeep
|turn|18
|
|t:|1758246906
|switch|p1a: Cinderace|Cinderace, F|100/100
|move|p2a: Rillaboom|U-turn|p1a: Cinderace
|-resisted|p1a: Cinderace
|-damage|p1a: Cinderace|81/100
|
|t:|1758246910
|switch|p2a: Glimmora|Glimmora, F, shiny|87/100|[from] U-turn
|
|-heal|p1a: Cinderace|87/100|[from] Grassy Terrain
|-heal|p2a: Glimmora|94/100|[from] Grassy Terrain
|upkeep
|turn|19
|
|t:|1758246915
|move|p1a: Cinderace|U-turn|p2a: Glimmora
|-start|p1a: Cinderace|typechange|Bug|[from] ability: Libero
|-resisted|p2a: Glimmora
|-damage|p2a: Glimmora|72/100
|-activate|p2a: Glimmora|ability: Toxic Debris
|-sidestart|p1: KingKaido107|move: Toxic Spikes
|
|t:|1758246916
|switch|p1a: Ting-Lu|Ting-Lu|88/100 psn|[from] U-turn
|-ability|p1a: Ting-Lu|Vessel of Ruin
|move|p2a: Glimmora|Dazzling Gleam|p1a: Ting-Lu
|-supereffective|p1a: Ting-Lu
|-damage|p1a: Ting-Lu|67/100 psn
|
|-heal|p2a: Glimmora|78/100|[from] Grassy Terrain
|-heal|p1a: Ting-Lu|73/100 psn|[from] Grassy Terrain
|-heal|p1a: Ting-Lu|79/100 psn|[from] item: Leftovers
|-damage|p1a: Ting-Lu|67/100 psn|[from] psn
|upkeep
|turn|20
|
|t:|1758246922
|switch|p2a: Gholdengo|Gholdengo|100/100
|-enditem|p2a: Gholdengo|Grassy Seed
|-boost|p2a: Gholdengo|def|1|[from] item: Grassy Seed
|move|p1a: Ting-Lu|Rest|p1a: Ting-Lu
|-status|p1a: Ting-Lu|slp|[from] move: Rest
|-heal|p1a: Ting-Lu|100/100 slp|[silent]
|
|upkeep
|turn|21
|
|t:|1758246925
|switch|p1a: Cinderace|Cinderace, F|87/100
|move|p2a: Gholdengo|Nasty Plot|p2a: Gholdengo
|-boost|p2a: Gholdengo|spa|2
|
|-heal|p1a: Cinderace|93/100|[from] Grassy Terrain
|upkeep
|turn|22
|
|t:|1758246927
|move|p1a: Cinderace|Court Change|p1a: Cinderace
|-start|p1a: Cinderace|typechange|Normal|[from] ability: Libero
|-swapsideconditions
|-activate|p1a: Cinderace|move: Court Change
|move|p2a: Gholdengo|Nasty Plot|p2a: Gholdengo
|-boost|p2a: Gholdengo|spa|2
|
|-heal|p1a: Cinderace|99/100|[from] Grassy Terrain
|upkeep
|turn|23
|
|t:|1758246930
|move|p1a: Cinderace|Pyro Ball|p2a: Gholdengo
|-supereffective|p2a: Gholdengo
|-damage|p2a: Gholdengo|61/100
|move|p2a: Gholdengo|Nasty Plot|p2a: Gholdengo
|-boost|p2a: Gholdengo|spa|2
|
|-heal|p1a: Cinderace|100/100|[from] Grassy Terrain
|-heal|p2a: Gholdengo|67/100|[from] Grassy Terrain
|upkeep
|turn|24
|
|t:|1758246931
|move|p1a: Cinderace|U-turn|p2a: Gholdengo
|-resisted|p2a: Gholdengo
|-damage|p2a: Gholdengo|64/100
|
|t:|1758246933
|switch|p1a: Ting-Lu|Ting-Lu|100/100 slp|[from] U-turn
|-ability|p1a: Ting-Lu|Vessel of Ruin
|move|p2a: Gholdengo|Recover|p2a: Gholdengo
|-heal|p2a: Gholdengo|100/100
|
|-fieldend|move: Grassy Terrain
|upkeep
|turn|25
|j| allee23
|
|t:|1758246937
|move|p2a: Gholdengo|Make It Rain|p1a: Ting-Lu
|-damage|p1a: Ting-Lu|16/100 slp
|-unboost|p2a: Gholdengo|spa|1
|cant|p1a: Ting-Lu|slp
|move|p1a: Ting-Lu|Sleep Talk|p1a: Ting-Lu
|move|p1a: Ting-Lu|Earthquake|p2a: Gholdengo|[from] move: Sleep Talk
|-supereffective|p2a: Gholdengo
|-damage|p2a: Gholdengo|62/100
|
|-heal|p1a: Ting-Lu|22/100 slp|[from] item: Leftovers
|upkeep
|turn|26
|
|t:|1758246939
|move|p2a: Gholdengo|Recover|p2a: Gholdengo
|-heal|p2a: Gholdengo|100/100
|cant|p1a: Ting-Lu|slp
|move|p1a: Ting-Lu|Sleep Talk|p1a: Ting-Lu
|move|p1a: Ting-Lu|Earthquake|p2a: Gholdengo|[from] move: Sleep Talk
|-supereffective|p2a: Gholdengo
|-damage|p2a: Gholdengo|68/100
|
|-heal|p1a: Ting-Lu|28/100 slp|[from] item: Leftovers
|upkeep
|turn|27
|
|t:|1758246943
|move|p2a: Gholdengo|Recover|p2a: Gholdengo
|-heal|p2a: Gholdengo|100/100
|-curestatus|p1a: Ting-Lu|slp|[msg]
|move|p1a: Ting-Lu|Earthquake|p2a: Gholdengo
|-supereffective|p2a: Gholdengo
|-damage|p2a: Gholdengo|64/100
|
|-heal|p1a: Ting-Lu|35/100|[from] item: Leftovers
|upkeep
|turn|28
|
|t:|1758246945
|move|p2a: Gholdengo|Make It Rain|p1a: Ting-Lu
|-crit|p1a: Ting-Lu
|-damage|p1a: Ting-Lu|0 fnt
|-unboost|p2a: Gholdengo|spa|1
|faint|p1a: Ting-Lu
|
|upkeep
|
|t:|1758246947
|switch|p1a: Cinderace|Cinderace, F|100/100
|turn|29
|
|t:|1758246949
|move|p1a: Cinderace|Pyro Ball|p2a: Gholdengo
|-supereffective|p2a: Gholdengo
|-damage|p2a: Gholdengo|5/100
|move|p2a: Gholdengo|Recover|p2a: Gholdengo
|-heal|p2a: Gholdengo|55/100
|
|upkeep
|turn|30
|
|t:|1758246951
|move|p1a: Cinderace|Pyro Ball|p2a: Gholdengo
|-supereffective|p2a: Gholdengo
|-damage|p2a: Gholdengo|2/100
|move|p2a: Gholdengo|Shadow Ball|p1a: Cinderace
|-damage|p1a: Cinderace|0 fnt
|faint|p1a: Cinderace
|
|upkeep
|
|t:|1758246954
|switch|p1a: Kingambit|Kingambit, F|100/100
|-activate|p1a: Kingambit|ability: Supreme Overlord
|-start|p1a: Kingambit|fallen4|[silent]
|turn|31
|
|t:|1758246959
|move|p1a: Kingambit|Sucker Punch|p2a: Gholdengo
|-supereffective|p2a: Gholdengo
|-damage|p2a: Gholdengo|0 fnt
|faint|p2a: Gholdengo
|
|upkeep
|
|t:|1758246961
|switch|p2a: Rillaboom|Rillaboom, F, shiny|3/100 psn
|-fieldstart|move: Grassy Terrain|[from] ability: Grassy Surge|[of] p2a: Rillaboom
|turn|32
|
|t:|1758246964
|-end|p1a: Kingambit|fallen4|[silent]
|switch|p1a: Gholdengo|Gholdengo|83/100
|move|p2a: Rillaboom|Low Kick|p1a: Gholdengo
|-immune|p1a: Gholdengo
|
|-heal|p2a: Rillaboom|9/100 psn|[from] Grassy Terrain
|-heal|p1a: Gholdengo|89/100|[from] Grassy Terrain
|-damage|p2a: Rillaboom|0 fnt|[from] psn
|faint|p2a: Rillaboom
|upkeep
|
|t:|1758246966
|switch|p2a: Heatran|Heatran, F, shiny|65/100
|turn|33
|
|t:|1758246969
|move|p1a: Gholdengo|Shadow Ball|p2a: Heatran
|-damage|p2a: Heatran|41/100
|move|p2a: Heatran|Magma Storm|p1a: Gholdengo|[miss]
|-miss|p2a: Heatran|p1a: Gholdengo
|
|-heal|p1a: Gholdengo|95/100|[from] Grassy Terrain
|-heal|p2a: Heatran|47/100|[from] Grassy Terrain
|-heal|p2a: Heatran|53/100|[from] item: Leftovers
|upkeep
|turn|34
|
|t:|1758246972
|move|p1a: Gholdengo|Shadow Ball|p2a: Heatran
|-damage|p2a: Heatran|31/100
|move|p2a: Heatran|Magma Storm|p1a: Gholdengo|[miss]
|-miss|p2a: Heatran|p1a: Gholdengo
|
|-heal|p1a: Gholdengo|100/100|[from] Grassy Terrain
|-heal|p2a: Heatran|38/100|[from] Grassy Terrain
|-heal|p2a: Heatran|44/100|[from] item: Leftovers
|upkeep
|turn|35
|
|t:|1758246973
|move|p1a: Gholdengo|Shadow Ball|p2a: Heatran
|-damage|p2a: Heatran|20/100
|move|p2a: Heatran|Magma Storm|p1a: Gholdengo|[miss]
|-miss|p2a: Heatran|p1a: Gholdengo
|
|-heal|p2a: Heatran|26/100|[from] Grassy Terrain
|-heal|p2a: Heatran|33/100|[from] item: Leftovers
|upkeep
|turn|36
|
|t:|1758246975
|move|p1a: Gholdengo|Shadow Ball|p2a: Heatran
|-damage|p2a: Heatran|11/100
|move|p2a: Heatran|Magma Storm|p1a: Gholdengo|[miss]
|-miss|p2a: Heatran|p1a: Gholdengo
|
|-heal|p2a: Heatran|17/100|[from] Grassy Terrain
|-heal|p2a: Heatran|23/100|[from] item: Leftovers
|upkeep
|turn|37
|
|t:|1758246976
|move|p1a: Gholdengo|Shadow Ball|p2a: Heatran
|-damage|p2a: Heatran|0 fnt
|faint|p2a: Heatran
|
|upkeep
|
|t:|1758246978
|switch|p2a: Glimmora|Glimmora, F, shiny|78/100
|-sideend|p2: v1n001|move: Toxic Spikes|[of] p2a: Glimmora
|turn|38
|
|t:|1758246980
|move|p2a: Glimmora|Meteor Beam||[still]
|-prepare|p2a: Glimmora|Meteor Beam
|-boost|p2a: Glimmora|spa|1
|-enditem|p2a: Glimmora|Power Herb
|-anim|p2a: Glimmora|Meteor Beam|p1a: Gholdengo
|-resisted|p1a: Gholdengo
|-damage|p1a: Gholdengo|58/100
|move|p1a: Gholdengo|Make It Rain|p2a: Glimmora
|-supereffective|p2a: Glimmora
|-damage|p2a: Glimmora|0 fnt
|-unboost|p1a: Gholdengo|spa|1
|faint|p2a: Glimmora
|
|win|KingKaido107
|raw|KingKaido107's rating: 1725 &rarr; <strong>1745</strong><br />(+20 for winning)
|raw|v1n001's rating: 1728 &rarr; <strong>1708</strong><br />(-20 for losing)
|l|‽v1n001
|player|p2|
|l|☆KingKaido107
|player|p1|
