|j|☆RobustLoki
|j|☆kingkaido65
|t:|1758345803
|gametype|singles
|player|p1|RobustLoki|scientist|1618
|player|p2|kingkaido65|1|1600
|gen|9
|tier|[Gen 9] OU
|rated|
|rule|HP Percentage Mod: HP is shown in percentages
|rule|Endless Battle Clause: Forcing endless battles is banned
|rule|Species Clause: Limit one of each Pokémon
|rule|OHKO Clause: OHKO moves are banned
|rule|Evasion Items Clause: Evasion items are banned
|rule|Evasion Moves Clause: Evasion moves are banned
|rule|Evasion Abilities Clause: Evasion abilities are banned
|rule|Sleep Moves Clause: Sleep-inducing moves are banned
|clearpoke
|poke|p1|Ninetales-Alola, M|
|poke|p1|Farigiraf, F|
|poke|p1|Gliscor, F|
|poke|p1|Hatterene, F|
|poke|p1|Ceruledge, M|
|poke|p1|Iron Crown|
|poke|p2|Slowking-Galar, M|
|poke|p2|Zapdos-Galar|
|poke|p2|Ting-Lu|
|poke|p2|Dragapult, M|
|poke|p2|Corviknight, F|
|poke|p2|Gholdengo|
|teampreview
|
|t:|1758345813
|teamsize|p1|6
|teamsize|p2|6
|start
|switch|p1a: Malevolent Shrine|Ceruledge, M|100/100
|switch|p2a: Slowking|Slowking-Galar, M|100/100
|turn|1
|
|t:|1758345816
|move|p1a: Malevolent Shrine|Taunt|p2a: Slowking
|-start|p2a: Slowking|move: Taunt
|cant|p2a: Slowking|move: Taunt|Toxic
|
|upkeep
|turn|2
|
|t:|1758345823
|switch|p1a: Ryoiki Tenkai.. :|Ninetales-Alola, M|100/100
|-weather|Snowscape|[from] ability: Snow Warning|[of] p1a: Ryoiki Tenkai.. :
|switch|p2a: Gholdengo|Gholdengo|100/100
|
|-weather|Snowscape|[upkeep]
|upkeep
|turn|3
|
|t:|1758345828
|move|p2a: Gholdengo|Make It Rain|p1a: Ryoiki Tenkai.. :
|-supereffective|p1a: Ryoiki Tenkai.. :
|-damage|p1a: Ryoiki Tenkai.. :|0 fnt
|-unboost|p2a: Gholdengo|spa|1
|faint|p1a: Ryoiki Tenkai.. :
|
|-weather|Snowscape|[upkeep]
|upkeep
|
|t:|1758345833
|switch|p1a: Iron Crown|Iron Crown|100/100
|turn|4
|
|t:|1758345836
|switch|p2a: Ting-Lu|Ting-Lu|100/100
|-ability|p2a: Ting-Lu|Vessel of Ruin
|move|p1a: Iron Crown|Calm Mind|p1a: Iron Crown
|-boost|p1a: Iron Crown|spa|1
|-boost|p1a: Iron Crown|spd|1
|
|-weather|Snowscape|[upkeep]
|upkeep
|turn|5
|
|t:|1758345849
|-terastallize|p1a: Iron Crown|Fighting
|move|p1a: Iron Crown|Focus Blast|p2a: Ting-Lu|[miss]
|-miss|p1a: Iron Crown|p2a: Ting-Lu
|move|p2a: Ting-Lu|Whirlwind|p1a: Iron Crown
|-end|p1a: Iron Crown|Quark Drive|[silent]
|drag|p1a: Infinite Void|Hatterene, F|100/100
|
|-weather|Snowscape|[upkeep]
|upkeep
|turn|6
|
|t:|1758345855
|switch|p2a: Slowking|Slowking-Galar, M|100/100
|move|p1a: Infinite Void|Calm Mind|p1a: Infinite Void
|-boost|p1a: Infinite Void|spa|1
|-boost|p1a: Infinite Void|spd|1
|
|-weather|none
|upkeep
|turn|7
|
|t:|1758345858
|move|p1a: Infinite Void|Calm Mind|p1a: Infinite Void
|-boost|p1a: Infinite Void|spa|1
|-boost|p1a: Infinite Void|spd|1
|-prepare|p2a: Slowking|Chilly Reception|[premajor]
|move|p2a: Slowking|Chilly Reception|p2a: Slowking
|-weather|Snowscape
|
|t:|1758345861
|switch|p2a: Gholdengo|Gholdengo|100/100|[from] Chilly Reception
|
|-weather|Snowscape|[upkeep]
|upkeep
|turn|8
|
|t:|1758345864
|move|p2a: Gholdengo|Trick|p1a: Infinite Void
|-activate|p2a: Gholdengo|move: Trick|[of] p1a: Infinite Void
|-item|p1a: Infinite Void|Choice Scarf|[from] move: Trick
|-item|p2a: Gholdengo|Leftovers|[from] move: Trick
|move|p1a: Infinite Void|Mystical Fire|p2a: Gholdengo
|-supereffective|p2a: Gholdengo
|-damage|p2a: Gholdengo|2/100
|-unboost|p2a: Gholdengo|spa|1
|
|-weather|Snowscape|[upkeep]
|-heal|p2a: Gholdengo|8/100|[from] item: Leftovers
|upkeep
|turn|9
|
|t:|1758345872
|switch|p2a: Ting-Lu|Ting-Lu|100/100
|-ability|p2a: Ting-Lu|Vessel of Ruin
|move|p1a: Infinite Void|Mystical Fire|p2a: Ting-Lu
|-damage|p2a: Ting-Lu|81/100
|-unboost|p2a: Ting-Lu|spa|1
|
|-weather|Snowscape|[upkeep]
|-heal|p2a: Ting-Lu|87/100|[from] item: Leftovers
|upkeep
|turn|10
|
|t:|1758345876
|move|p1a: Infinite Void|Mystical Fire|p2a: Ting-Lu
|-damage|p2a: Ting-Lu|67/100
|-unboost|p2a: Ting-Lu|spa|1
|move|p2a: Ting-Lu|Ruination|p1a: Infinite Void
|-damage|p1a: Infinite Void|51/100
|
|-weather|Snowscape|[upkeep]
|-heal|p2a: Ting-Lu|74/100|[from] item: Leftovers
|upkeep
|turn|11
|
|t:|1758345882
|move|p1a: Infinite Void|Mystical Fire|p2a: Ting-Lu
|-damage|p2a: Ting-Lu|56/100
|-unboost|p2a: Ting-Lu|spa|1
|move|p2a: Ting-Lu|Ruination|p1a: Infinite Void
|-damage|p1a: Infinite Void|26/100
|
|-weather|none
|-heal|p2a: Ting-Lu|62/100|[from] item: Leftovers
|upkeep
|turn|12
|
|t:|1758345885
|switch|p1a: Deadly Sentencing|Gliscor, F|100/100
|move|p2a: Ting-Lu|Earthquake|p1a: Deadly Sentencing
|-immune|p1a: Deadly Sentencing
|
|-heal|p2a: Ting-Lu|68/100|[from] item: Leftovers
|-status|p1a: Deadly Sentencing|tox|[from] item: Toxic Orb
|upkeep
|turn|13
|
|t:|1758345888
|switch|p1a: Infinite Void|Hatterene, F|26/100
|move|p2a: Ting-Lu|Stealth Rock|p1a: Infinite Void
|move|p1a: Infinite Void|Stealth Rock|p2a: Ting-Lu|[from] ability: Magic Bounce
|-sidestart|p2: kingkaido65|move: Stealth Rock
|
|-heal|p2a: Ting-Lu|75/100|[from] item: Leftovers
|upkeep
|turn|14
|
|t:|1758345892
|move|p1a: Infinite Void|Draining Kiss|p2a: Ting-Lu
|-supereffective|p2a: Ting-Lu
|-damage|p2a: Ting-Lu|55/100
|-heal|p1a: Infinite Void|50/100|[from] drain|[of] p2a: Ting-Lu
|move|p2a: Ting-Lu|Earthquake|p1a: Infinite Void
|-damage|p1a: Infinite Void|19/100
|
|-heal|p2a: Ting-Lu|61/100|[from] item: Leftovers
|upkeep
|turn|15
|
|t:|1758345896
|move|p1a: Infinite Void|Draining Kiss|p2a: Ting-Lu
|-supereffective|p2a: Ting-Lu
|-damage|p2a: Ting-Lu|41/100
|-heal|p1a: Infinite Void|44/100|[from] drain|[of] p2a: Ting-Lu
|move|p2a: Ting-Lu|Earthquake|p1a: Infinite Void
|-damage|p1a: Infinite Void|15/100
|
|-heal|p2a: Ting-Lu|47/100|[from] item: Leftovers
|upkeep
|turn|16
|
|t:|1758345898
|switch|p2a: Slowking|Slowking-Galar, M|100/100
|-damage|p2a: Slowking|88/100|[from] Stealth Rock
|move|p1a: Infinite Void|Draining Kiss|p2a: Slowking
|-resisted|p2a: Slowking
|-damage|p2a: Slowking|80/100
|-heal|p1a: Infinite Void|22/100|[from] drain|[of] p2a: Slowking
|
|upkeep
|turn|17
|
|t:|1758345903
|move|p1a: Infinite Void|Draining Kiss|p2a: Slowking
|-resisted|p2a: Slowking
|-damage|p2a: Slowking|71/100
|-heal|p1a: Infinite Void|30/100|[from] drain|[of] p2a: Slowking
|move|p2a: Slowking|Ice Beam|p1a: Infinite Void
|-damage|p1a: Infinite Void|7/100
|
|upkeep
|turn|18
|
|t:|1758345906
|switch|p1a: Iron Crown|Iron Crown, tera:Fighting|100/100
|move|p2a: Slowking|Ice Beam|p1a: Iron Crown
|-damage|p1a: Iron Crown|77/100
|
|upkeep
|turn|19
|
|t:|1758345910
|-end|p1a: Iron Crown|Quark Drive|[silent]
|switch|p1a: Infinite Void|Hatterene, F|7/100
|-prepare|p2a: Slowking|Chilly Reception|[premajor]
|move|p2a: Slowking|Chilly Reception|p2a: Slowking
|-weather|Snowscape
|
|t:|1758345915
|switch|p2a: Zapdos|Zapdos-Galar|100/100|[from] Chilly Reception
|-damage|p2a: Zapdos|88/100|[from] Stealth Rock
|
|-weather|Snowscape|[upkeep]
|upkeep
|turn|20
|
|t:|1758345918
|move|p2a: Zapdos|U-turn|p1a: Infinite Void
|-damage|p1a: Infinite Void|0 fnt
|faint|p1a: Infinite Void
|
|t:|1758345922
|switch|p2a: Gholdengo|Gholdengo|8/100|[from] U-turn
|-damage|p2a: Gholdengo|2/100|[from] Stealth Rock
|
|-weather|Snowscape|[upkeep]
|-heal|p2a: Gholdengo|8/100|[from] item: Leftovers
|upkeep
|
|t:|1758345928
|switch|p1a: Iron Crown|Iron Crown, tera:Fighting|77/100
|turn|21
|
|t:|1758345934
|move|p1a: Iron Crown|Calm Mind|p1a: Iron Crown
|-boost|p1a: Iron Crown|spa|1
|-boost|p1a: Iron Crown|spd|1
|move|p2a: Gholdengo|Shadow Ball|p1a: Iron Crown
|-damage|p1a: Iron Crown|50/100
|
|-weather|Snowscape|[upkeep]
|-heal|p2a: Gholdengo|14/100|[from] item: Leftovers
|upkeep
|turn|22
|
|t:|1758345945
|move|p1a: Iron Crown|Agility|p1a: Iron Crown
|-boost|p1a: Iron Crown|spe|2
|move|p2a: Gholdengo|Make It Rain|p1a: Iron Crown
|-damage|p1a: Iron Crown|5/100
|-unboost|p2a: Gholdengo|spa|1
|
|-weather|Snowscape|[upkeep]
|-heal|p2a: Gholdengo|20/100|[from] item: Leftovers
|upkeep
|turn|23
|
|t:|1758345953
|move|p1a: Iron Crown|Stored Power|p2a: Gholdengo
|-resisted|p2a: Gholdengo
|-damage|p2a: Gholdengo|0 fnt
|faint|p2a: Gholdengo
|
|-weather|none
|upkeep
|
|t:|1758345970
|switch|p2a: Corviknight|Corviknight, F|100/100
|-damage|p2a: Corviknight|88/100|[from] Stealth Rock
|-ability|p2a: Corviknight|Pressure
|turn|24
|
|t:|1758345974
|move|p1a: Iron Crown|Focus Blast|p2a: Corviknight
|-damage|p2a: Corviknight|0 fnt
|faint|p2a: Corviknight
|
|upkeep
|
|t:|1758345979
|switch|p2a: Ting-Lu|Ting-Lu|47/100
|-damage|p2a: Ting-Lu|41/100|[from] Stealth Rock
|-ability|p2a: Ting-Lu|Vessel of Ruin
|turn|25
|c|☆RobustLoki|stay strong, stay plottin
|
|t:|1758345987
|move|p1a: Iron Crown|Focus Blast|p2a: Ting-Lu
|-supereffective|p2a: Ting-Lu
|-damage|p2a: Ting-Lu|0 fnt
|faint|p2a: Ting-Lu
|
|upkeep
|
|t:|1758345990
|switch|p2a: Slowking|Slowking-Galar, M|71/100
|-damage|p2a: Slowking|59/100|[from] Stealth Rock
|turn|26
|
|t:|1758345997
|switch|p2a: Zapdos|Zapdos-Galar|88/100
|-damage|p2a: Zapdos|76/100|[from] Stealth Rock
|move|p1a: Iron Crown|Stored Power|p2a: Zapdos
|-supereffective|p2a: Zapdos
|-damage|p2a: Zapdos|0 fnt
|faint|p2a: Zapdos
|
|upkeep
|
|t:|1758345998
|switch|p2a: Slowking|Slowking-Galar, M|59/100
|-damage|p2a: Slowking|46/100|[from] Stealth Rock
|turn|27
|
|t:|1758346001
|move|p1a: Iron Crown|Stored Power|p2a: Slowking
|-damage|p2a: Slowking|0 fnt
|faint|p2a: Slowking
|
|upkeep
|
|t:|1758346003
|switch|p2a: Dragapult|Dragapult, M|100/100
|-damage|p2a: Dragapult|88/100|[from] Stealth Rock
|turn|28
|c|☆RobustLoki|yo
|c|☆RobustLoki|no regen goob
|
|t:|1758346009
|move|p1a: Iron Crown|Stored Power|p2a: Dragapult
|-damage|p2a: Dragapult|0 fnt
|faint|p2a: Dragapult
|
|win|RobustLoki
|raw|RobustLoki's rating: 1618 &rarr; <strong>1637</strong><br />(+19 for winning)
|raw|kingkaido65's rating: 1600 &rarr; <strong>1581</strong><br />(-19 for losing)
|l|☆kingkaido65
|player|p2|
|c|☆RobustLoki|gg
|l|☆RobustLoki
|player|p1|
