|badge|p1|bronze|gen9ou|100-6
|uhtml|medal-msg|<div class="broadcast-blue">Curious what those medals under the avatar are? PS now has Ladder Seasons! For more information, check out the <a href="https://www.smogon.com/forums/threads/3740067/">thread on Smogon.</a></div>
|j|☆saeyouwontletgo
|j|☆PasserbyGremlin
|t:|1758256708
|gametype|singles
|player|p1|saeyouwontletgo|102|1811
|player|p2|PasserbyGremlin|clown|1747
|gen|9
|tier|[Gen 9] OU
|rated|
|rule|HP Percentage Mod: HP is shown in percentages
|rule|Endless Battle Clause: Forcing endless battles is banned
|rule|Species Clause: Limit one of each Pokémon
|rule|OHKO Clause: OHKO moves are banned
|rule|Evasion Items Clause: Evasion items are banned
|rule|Evasion Moves Clause: Evasion moves are banned
|rule|Evasion Abilities Clause: Evasion abilities are banned
|rule|Sleep Moves Clause: Sleep-inducing moves are banned
|clearpoke
|poke|p1|Pecharunt|
|poke|p1|Great Tusk|
|poke|p1|Ogerpon-Wellspring, F|
|poke|p1|Iron Crown|
|poke|p1|Landorus-Therian, M|
|poke|p1|Samurott-Hisui, M|
|poke|p2|Alomomola, M|
|poke|p2|Kyurem|
|poke|p2|Iron Treads|
|poke|p2|Scizor, M|
|poke|p2|Darkrai|
|poke|p2|Weezing-Galar, M|
|teampreview
|inactive|Battle timer is ON: inactive players will automatically lose when time's up. (requested by saeyouwontletgo)
|
|t:|1758256722
|teamsize|p1|6
|teamsize|p2|6
|start
|switch|p1a: Iron Crown|Iron Crown|100/100
|switch|p2a: Scizor|Scizor, M|100/100
|turn|1
|
|t:|1758256729
|move|p1a: Iron Crown|Volt Switch|p2a: Scizor
|-damage|p2a: Scizor|53/100
|
|t:|1758256731
|-end|p1a: Iron Crown|Quark Drive|[silent]
|switch|p1a: Pecharunt|Pecharunt|100/100|[from] Volt Switch
|move|p2a: Scizor|U-turn|p1a: Pecharunt
|-resisted|p1a: Pecharunt
|-damage|p1a: Pecharunt|93/100
|-damage|p2a: Scizor|37/100|[from] item: Rocky Helmet|[of] p1a: Pecharunt
|
|t:|1758256740
|switch|p2a: Kyurem|Kyurem|100/100|[from] U-turn
|-ability|p2a: Kyurem|Pressure
|
|upkeep
|turn|2
|
|t:|1758256748
|move|p2a: Kyurem|Draco Meteor|p1a: Pecharunt
|-damage|p1a: Pecharunt|0 fnt
|-unboost|p2a: Kyurem|spa|2
|faint|p1a: Pecharunt
|
|upkeep
|
|t:|1758256751
|switch|p1a: Samurott|Samurott-Hisui, M|100/100
|turn|3
|j| IM AT MY LIMIT
|
|t:|1758256757
|switch|p2a: Weezing|Weezing-Galar, M|100/100
|-ability|p2a: Weezing|Neutralizing Gas
|move|p1a: Samurott|Ceaseless Edge|p2a: Weezing
|-resisted|p2a: Weezing
|-damage|p2a: Weezing|90/100
|-sidestart|p2: PasserbyGremlin|Spikes
|
|upkeep
|turn|4
|
|t:|1758256761
|move|p1a: Samurott|Flip Turn|p2a: Weezing
|-damage|p2a: Weezing|72/100
|
|t:|1758256763
|switch|p1a: Iron Crown|Iron Crown|100/100|[from] Flip Turn
|move|p2a: Weezing|Will-O-Wisp|p1a: Iron Crown|[miss]
|-miss|p2a: Weezing|p1a: Iron Crown
|
|upkeep
|turn|5
|
|t:|1758256771
|-end|p2a: Weezing|ability: Neutralizing Gas
|switch|p2a: Alomomola|Alomomola, M|100/100
|-damage|p2a: Alomomola|88/100|[from] Spikes
|move|p1a: Iron Crown|Tachyon Cutter|p2a: Alomomola
|-resisted|p2a: Alomomola
|-damage|p2a: Alomomola|78/100
|-resisted|p2a: Alomomola
|-damage|p2a: Alomomola|68/100
|-hitcount|p2a: Alomomola|2
|
|upkeep
|turn|6
|
|t:|1758256778
|-end|p1a: Iron Crown|Quark Drive|[silent]
|switch|p1a: Samurott|Samurott-Hisui, M|100/100
|move|p2a: Alomomola|Body Slam|p1a: Samurott
|-damage|p1a: Samurott|81/100
|
|upkeep
|turn|7
|
|t:|1758256781
|switch|p2a: Weezing|Weezing-Galar, M|72/100
|-ability|p2a: Weezing|Neutralizing Gas
|move|p1a: Samurott|Ceaseless Edge|p2a: Weezing
|-resisted|p2a: Weezing
|-damage|p2a: Weezing|62/100
|-sidestart|p2: PasserbyGremlin|Spikes
|
|upkeep
|turn|8
|
|t:|1758256785
|move|p1a: Samurott|Flip Turn|p2a: Weezing
|-damage|p2a: Weezing|43/100
|
|t:|1758256788
|switch|p1a: Iron Crown|Iron Crown|100/100|[from] Flip Turn
|move|p2a: Weezing|Defog|p1a: Iron Crown
|-unboost|p1a: Iron Crown|evasion|1
|-sideend|p2: PasserbyGremlin|Spikes|[from] move: Defog|[of] p2a: Weezing
|
|upkeep
|turn|9
|
|t:|1758256792
|-end|p2a: Weezing|ability: Neutralizing Gas
|switch|p2a: Iron Treads|Iron Treads|100/100
|move|p1a: Iron Crown|Volt Switch|p2a: Iron Treads
|-immune|p2a: Iron Treads
|
|upkeep
|turn|10
|
|t:|1758256797
|-end|p1a: Iron Crown|Quark Drive|[silent]
|switch|p1a: Great Tusk|Great Tusk|100/100
|-enditem|p1a: Great Tusk|Booster Energy
|-activate|p1a: Great Tusk|ability: Protosynthesis|[fromitem]
|-start|p1a: Great Tusk|protosynthesisspe
|move|p2a: Iron Treads|Stealth Rock|p1a: Great Tusk
|-sidestart|p1: saeyouwontletgo|move: Stealth Rock
|
|upkeep
|turn|11
|
|t:|1758256803
|-end|p2a: Iron Treads|Quark Drive|[silent]
|switch|p2a: Alomomola|Alomomola, M|100/100
|move|p1a: Great Tusk|Stealth Rock|p2a: Alomomola
|-sidestart|p2: PasserbyGremlin|move: Stealth Rock
|
|upkeep
|turn|12
|
|t:|1758256806
|move|p1a: Great Tusk|Knock Off|p2a: Alomomola
|-damage|p2a: Alomomola|83/100
|-enditem|p2a: Alomomola|Assault Vest|[from] move: Knock Off|[of] p1a: Great Tusk
|move|p2a: Alomomola|Scald|p1a: Great Tusk
|-supereffective|p1a: Great Tusk
|-damage|p1a: Great Tusk|67/100
|-status|p1a: Great Tusk|brn
|
|-damage|p1a: Great Tusk|61/100 brn|[from] brn
|upkeep
|turn|13
|
|t:|1758256812
|move|p1a: Great Tusk|Rapid Spin|p2a: Alomomola
|-damage|p2a: Alomomola|78/100
|-boost|p1a: Great Tusk|spe|1
|-sideend|p1: saeyouwontletgo|Stealth Rock|[from] move: Rapid Spin|[of] p1a: Great Tusk
|move|p2a: Alomomola|Flip Turn|p1a: Great Tusk
|-supereffective|p1a: Great Tusk
|-damage|p1a: Great Tusk|40/100 brn
|j| king of spycrabs
|inactive|PasserbyGremlin has 120 seconds left.
|
|t:|1758256845
|switch|p2a: Weezing|Weezing-Galar, M|43/100|[from] Flip Turn
|-ability|p2a: Weezing|Neutralizing Gas
|
|-damage|p1a: Great Tusk|34/100 brn|[from] brn
|upkeep
|turn|14
|inactive|PasserbyGremlin has 120 seconds left.
|
|t:|1758256855
|-end|p2a: Weezing|ability: Neutralizing Gas
|switch|p2a: Alomomola|Alomomola, M|100/100
|-damage|p2a: Alomomola|88/100|[from] Stealth Rock
|move|p1a: Great Tusk|Headlong Rush|p2a: Alomomola
|-damage|p2a: Alomomola|70/100
|-unboost|p1a: Great Tusk|def|1
|-unboost|p1a: Great Tusk|spd|1
|
|-damage|p1a: Great Tusk|27/100 brn|[from] brn
|upkeep
|turn|15
|
|t:|1758256861
|move|p1a: Great Tusk|Headlong Rush|p2a: Alomomola
|-damage|p2a: Alomomola|53/100
|-unboost|p1a: Great Tusk|def|1
|-unboost|p1a: Great Tusk|spd|1
|move|p2a: Alomomola|Flip Turn|p1a: Great Tusk
|-supereffective|p1a: Great Tusk
|-damage|p1a: Great Tusk|0 fnt
|faint|p1a: Great Tusk
|-end|p1a: Great Tusk|Protosynthesis|[silent]
|
|t:|1758256871
|switch|p2a: Darkrai|Darkrai|100/100|[from] Flip Turn
|-damage|p2a: Darkrai|88/100|[from] Stealth Rock
|
|-heal|p2a: Darkrai|94/100|[from] item: Leftovers
|upkeep
|j| Gen9oupipipi
|
|t:|1758256878
|switch|p1a: Landorus|Landorus-Therian, M|100/100
|-ability|p1a: Landorus|Intimidate|boost
|-unboost|p2a: Darkrai|atk|1
|turn|16
|
|t:|1758256895
|move|p1a: Landorus|U-turn|p2a: Darkrai
|-supereffective|p2a: Darkrai
|-damage|p2a: Darkrai|17/100
|
|t:|1758256899
|switch|p1a: Samurott|Samurott-Hisui, M|81/100|[from] U-turn
|move|p2a: Darkrai|Focus Blast|p1a: Samurott
|-supereffective|p1a: Samurott
|-damage|p1a: Samurott|9/100
|
|-heal|p2a: Darkrai|23/100|[from] item: Leftovers
|upkeep
|turn|17
|
|t:|1758256907
|switch|p2a: Weezing|Weezing-Galar, M|43/100
|-ability|p2a: Weezing|Neutralizing Gas
|move|p1a: Samurott|Aqua Jet|p2a: Weezing
|-damage|p2a: Weezing|28/100
|
|upkeep
|turn|18
|
|t:|1758256931
|move|p1a: Samurott|Flip Turn|p2a: Weezing
|-damage|p2a: Weezing|9/100
|
|t:|1758256933
|switch|p1a: Iron Crown|Iron Crown|100/100|[from] Flip Turn
|move|p2a: Weezing|Defog|p1a: Iron Crown
|-unboost|p1a: Iron Crown|evasion|1
|-sideend|p2: PasserbyGremlin|Stealth Rock|[from] move: Defog|[of] p2a: Weezing
|
|upkeep
|turn|19
|
|t:|1758256938
|move|p1a: Iron Crown|Tachyon Cutter|p2a: Weezing
|-supereffective|p2a: Weezing
|-damage|p2a: Weezing|0 fnt
|faint|p2a: Weezing
|-end|p2a: Weezing|ability: Neutralizing Gas
|-hitcount|p2: Weezing|1
|
|upkeep
|
|t:|1758256947
|switch|p2a: Iron Treads|Iron Treads|100/100
|turn|20
|
|t:|1758256958
|-end|p1a: Iron Crown|Quark Drive|[silent]
|switch|p1a: Landorus|Landorus-Therian, M|100/100
|-ability|p1a: Landorus|Intimidate|boost
|-fail|p2a: Iron Treads|unboost|[from] item: Clear Amulet|[of] p2a: Iron Treads
|move|p2a: Iron Treads|Rapid Spin|p1a: Landorus
|-damage|p1a: Landorus|82/100
|-boost|p2a: Iron Treads|spe|1
|
|upkeep
|turn|21
|
|t:|1758256984
|switch|p1a: Samurott|Samurott-Hisui, M|9/100
|move|p2a: Iron Treads|Ice Spinner|p1a: Samurott
|-resisted|p1a: Samurott
|-damage|p1a: Samurott|0 fnt
|faint|p1a: Samurott
|
|upkeep
|
|t:|1758256987
|switch|p1a: Ogerpon|Ogerpon-Wellspring, F|100/100
|turn|22
|l| Gen9oupipipi
|
|t:|1758257006
|move|p2a: Iron Treads|Ice Spinner|p1a: Ogerpon
|-damage|p1a: Ogerpon|78/100
|move|p1a: Ogerpon|Swords Dance|p1a: Ogerpon
|-boost|p1a: Ogerpon|atk|2
|
|upkeep
|turn|23
|
|t:|1758257024
|move|p2a: Iron Treads|Ice Spinner|p1a: Ogerpon
|-damage|p1a: Ogerpon|55/100
|move|p1a: Ogerpon|Trailblaze|p2a: Iron Treads
|-damage|p2a: Iron Treads|54/100
|-boost|p1a: Ogerpon|spe|1
|
|upkeep
|turn|24
|
|t:|1758257028
|move|p2a: Iron Treads|Rapid Spin|p1a: Ogerpon
|-damage|p1a: Ogerpon|41/100
|-boost|p2a: Iron Treads|spe|1
|move|p1a: Ogerpon|Synthesis|p1a: Ogerpon
|-heal|p1a: Ogerpon|91/100
|
|upkeep
|turn|25
|
|t:|1758257036
|-end|p2a: Iron Treads|Quark Drive|[silent]
|switch|p2a: Kyurem|Kyurem|100/100
|-ability|p2a: Kyurem|Pressure
|move|p1a: Ogerpon|Swords Dance|p1a: Ogerpon
|-boost|p1a: Ogerpon|atk|2
|
|upkeep
|turn|26
|
|t:|1758257040
|-terastallize|p1a: Ogerpon|Water
|detailschange|p1a: Ogerpon|Ogerpon-Wellspring-Tera, F, tera:Water
|-ability|p1a: Ogerpon|Embody Aspect (Wellspring)|boost
|-boost|p1a: Ogerpon|spd|1
|move|p1a: Ogerpon|Ivy Cudgel|p2a: Kyurem|[anim] Ivy Cudgel Water
|-resisted|p2a: Kyurem
|-damage|p2a: Kyurem|6/100
|move|p2a: Kyurem|Freeze-Dry|p1a: Ogerpon
|-supereffective|p1a: Ogerpon
|-damage|p1a: Ogerpon|15/100
|
|upkeep
|turn|27
|
|t:|1758257052
|move|p1a: Ogerpon|Trailblaze|p2a: Kyurem
|-resisted|p2a: Kyurem
|-damage|p2a: Kyurem|0 fnt
|-boost|p1a: Ogerpon|spe|1
|faint|p2a: Kyurem
|
|upkeep
|
|t:|1758257055
|switch|p2a: Scizor|Scizor, M|37/100
|turn|28
|
|t:|1758257057
|switch|p1a: Landorus|Landorus-Therian, M|82/100
|-ability|p1a: Landorus|Intimidate|boost
|-unboost|p2a: Scizor|atk|1
|move|p2a: Scizor|Bullet Punch|p1a: Landorus
|-damage|p1a: Landorus|41/100
|
|upkeep
|turn|29
|
|t:|1758257077
|switch|p1a: Iron Crown|Iron Crown|100/100
|switch|p2a: Alomomola|Alomomola, M|86/100
|
|upkeep
|turn|30
|
|t:|1758257088
|move|p1a: Iron Crown|Focus Blast|p2a: Alomomola
|-damage|p2a: Alomomola|41/100
|move|p2a: Alomomola|Mirror Coat|p1a: Iron Crown
|-damage|p1a: Iron Crown|0 fnt
|faint|p1a: Iron Crown
|-end|p1a: Iron Crown|Quark Drive|[silent]
|
|upkeep
|
|t:|1758257093
|switch|p1a: Ogerpon|Ogerpon-Wellspring-Tera, F, tera:Water|15/100
|-ability|p1a: Ogerpon|Embody Aspect (Wellspring)|boost
|-boost|p1a: Ogerpon|spd|1
|turn|31
|
|t:|1758257101
|move|p1a: Ogerpon|Synthesis|p1a: Ogerpon
|-heal|p1a: Ogerpon|65/100
|move|p2a: Alomomola|Flip Turn|p1a: Ogerpon
|-resisted|p1a: Ogerpon
|-damage|p1a: Ogerpon|58/100
|
|t:|1758257106
|switch|p2a: Darkrai|Darkrai|23/100|[from] Flip Turn
|
|-heal|p2a: Darkrai|29/100|[from] item: Leftovers
|upkeep
|turn|32
|
|t:|1758257116
|move|p2a: Darkrai|Dark Pulse|p1a: Ogerpon
|-damage|p1a: Ogerpon|30/100
|cant|p1a: Ogerpon|flinch
|
|-heal|p2a: Darkrai|35/100|[from] item: Leftovers
|upkeep
|turn|33
|
|t:|1758257124
|-terastallize|p2a: Darkrai|Poison
|move|p2a: Darkrai|Sludge Bomb|p1a: Ogerpon
|-damage|p1a: Ogerpon|1/100
|-status|p1a: Ogerpon|psn
|move|p1a: Ogerpon|Trailblaze|p2a: Darkrai
|-resisted|p2a: Darkrai
|-damage|p2a: Darkrai|18/100
|-boost|p1a: Ogerpon|spe|1
|
|-heal|p2a: Darkrai|24/100|[from] item: Leftovers
|-damage|p1a: Ogerpon|0 fnt|[from] psn
|faint|p1a: Ogerpon
|detailschange|p1: Ogerpon|Ogerpon-Wellspring, F|[silent]
|upkeep
|c|☆saeyouwontletgo|unlucky
|-message|saeyouwontletgo forfeited.
|
|win|PasserbyGremlin
|raw|saeyouwontletgo's rating: 1811 &rarr; <strong>1787</strong><br />(-24 for losing)
|raw|PasserbyGremlin's rating: 1747 &rarr; <strong>1771</strong><br />(+24 for winning)
|l|☆saeyouwontletgo
|player|p1|
|l| king of spycrabs
|l|☆PasserbyGremlin
|player|p2|
|l| IM AT MY LIMIT
