|j|☆DABOSS14
|j|☆y_de_yuki
|t:|1758305989
|gametype|singles
|player|p1|DABOSS14|266|1387
|player|p2|y_de_yuki|266|1445
|gen|9
|tier|[Gen 9] OU
|rated|
|rule|HP Percentage Mod: HP is shown in percentages
|rule|Endless Battle Clause: Forcing endless battles is banned
|rule|Species Clause: Limit one of each Pokémon
|rule|OHKO Clause: OHKO moves are banned
|rule|Evasion Items Clause: Evasion items are banned
|rule|Evasion Moves Clause: Evasion moves are banned
|rule|Evasion Abilities Clause: Evasion abilities are banned
|rule|Sleep Moves Clause: Sleep-inducing moves are banned
|clearpoke
|poke|p1|Araquanid, M|
|poke|p1|Kyurem|
|poke|p1|Slowking-Galar, M|
|poke|p1|Corviknight, M|
|poke|p1|Krookodile, M|
|poke|p1|Dragonite, M|
|poke|p2|Mimikyu, F|
|poke|p2|Ogerpon-Wellspring, F|
|poke|p2|Meloetta|
|poke|p2|Raichu, M|
|poke|p2|Umbreon, M|
|poke|p2|Corviknight, M|
|teampreview
|inactive|Battle timer is ON: inactive players will automatically lose when time's up. (requested by DABOSS14)
|
|t:|1758305996
|teamsize|p1|6
|teamsize|p2|6
|start
|switch|p1a: Aragog|Araquanid, M, shiny|100/100
|switch|p2a: Garfield|Raichu, M|100/100
|turn|1
|
|t:|1758306002
|move|p2a: Garfield|Volt Switch|p1a: Aragog
|-supereffective|p1a: Aragog
|-damage|p1a: Aragog|29/100
|
|t:|1758306005
|switch|p2a: Afrodita|Ogerpon-Wellspring, F|100/100|[from] Volt Switch
|move|p1a: Aragog|Liquidation|p2a: Afrodita
|-immune|p2a: Afrodita|[from] ability: Water Absorb
|
|upkeep
|turn|2
|
|t:|1758306018
|switch|p1a: Corvid 19|Corviknight, M, shiny|100/100
|move|p2a: Afrodita|Horn Leech|p1a: Corvid 19
|-resisted|p1a: Corvid 19
|-damage|p1a: Corvid 19|93/100
|
|-heal|p1a: Corvid 19|99/100|[from] item: Leftovers
|upkeep
|turn|3
|
|t:|1758306031
|move|p2a: Afrodita|U-turn|p1a: Corvid 19
|-resisted|p1a: Corvid 19
|-damage|p1a: Corvid 19|93/100
|
|t:|1758306033
|switch|p2a: Corvo|Corviknight, M|100/100|[from] U-turn
|-ability|p2a: Corvo|Pressure
|move|p1a: Corvid 19|Iron Defense|p1a: Corvid 19
|-boost|p1a: Corvid 19|def|2
|
|-heal|p1a: Corvid 19|99/100|[from] item: Leftovers
|upkeep
|turn|4
|
|t:|1758306043
|move|p1a: Corvid 19|Iron Defense|p1a: Corvid 19
|-boost|p1a: Corvid 19|def|2
|move|p2a: Corvo|U-turn|p1a: Corvid 19
|-resisted|p1a: Corvid 19
|-damage|p1a: Corvid 19|99/100
|
|t:|1758306046
|switch|p2a: Garfield|Raichu, M|100/100|[from] U-turn
|
|-heal|p1a: Corvid 19|100/100|[from] item: Leftovers
|upkeep
|turn|5
|
|t:|1758306055
|-terastallize|p1a: Corvid 19|Dragon
|move|p2a: Garfield|Surf|p1a: Corvid 19
|-resisted|p1a: Corvid 19
|-damage|p1a: Corvid 19|84/100
|move|p1a: Corvid 19|Body Press|p2a: Garfield
|-damage|p2a: Garfield|0 fnt
|faint|p2a: Garfield
|
|-heal|p1a: Corvid 19|90/100|[from] item: Leftovers
|upkeep
|
|t:|1758306059
|switch|p2a: Jinx|Umbreon, M|100/100
|turn|6
|
|t:|1758306069
|move|p1a: Corvid 19|Body Press|p2a: Jinx
|-supereffective|p2a: Jinx
|-damage|p2a: Jinx|0 fnt
|faint|p2a: Jinx
|
|-heal|p1a: Corvid 19|97/100|[from] item: Leftovers
|upkeep
|
|t:|1758306075
|switch|p2a: Coral|Mimikyu, F, shiny|100/100
|turn|7
|
|t:|1758306084
|switch|p1a: Aragog|Araquanid, M, shiny|29/100
|move|p2a: Coral|Swords Dance|p2a: Coral
|-boost|p2a: Coral|atk|2
|
|upkeep
|turn|8
|
|t:|1758306091
|move|p2a: Coral|Shadow Sneak|p1a: Aragog
|-damage|p1a: Aragog|0 fnt
|faint|p1a: Aragog
|-damage|p2a: Coral|91/100|[from] item: Life Orb
|
|upkeep
|
|t:|1758306103
|switch|p1a: King K. Rool|Krookodile, M, shiny|100/100
|turn|9
|
|t:|1758306108
|move|p1a: King K. Rool|Knock Off|p2a: Coral
|-activate|p2a: Coral|ability: Disguise
|-damage|p2a: Coral|91/100
|-enditem|p2a: Coral|Life Orb|[from] move: Knock Off|[of] p1a: King K. Rool
|detailschange|p2a: Coral|Mimikyu-Busted, F, shiny
|-damage|p2a: Coral|78/100|[from] pokemon: Mimikyu-Busted
|move|p2a: Coral|Drain Punch|p1a: King K. Rool
|-supereffective|p1a: King K. Rool
|-damage|p1a: King K. Rool|9/100
|-heal|p2a: Coral|100/100|[from] drain|[of] p1a: King K. Rool
|
|upkeep
|turn|10
|
|t:|1758306127
|move|p2a: Coral|Shadow Sneak|p1a: King K. Rool
|-resisted|p1a: King K. Rool
|-damage|p1a: King K. Rool|0 fnt
|faint|p1a: King K. Rool
|
|upkeep
|
|t:|1758306140
|switch|p1a: Slowking|Slowking-Galar, M, shiny|100/100
|turn|11
|
|t:|1758306145
|move|p2a: Coral|Swords Dance|p2a: Coral
|-boost|p2a: Coral|atk|2
|-prepare|p1a: Slowking|Chilly Reception|[premajor]
|move|p1a: Slowking|Chilly Reception|p1a: Slowking
|-weather|Snowscape
|
|t:|1758306151
|switch|p1a: Kyurem|Kyurem, shiny|100/100|[from] Chilly Reception
|-ability|p1a: Kyurem|Pressure
|
|-weather|Snowscape|[upkeep]
|upkeep
|turn|12
|
|t:|1758306160
|move|p2a: Coral|Play Rough|p1a: Kyurem
|-supereffective|p1a: Kyurem
|-damage|p1a: Kyurem|0 fnt
|faint|p1a: Kyurem
|
|-weather|Snowscape|[upkeep]
|upkeep
|
|t:|1758306171
|switch|p1a: Slowking|Slowking-Galar, M, shiny|100/100
|turn|13
|
|t:|1758306176
|-terastallize|p2a: Coral|Ghost
|move|p2a: Coral|Shadow Sneak|p1a: Slowking
|-supereffective|p1a: Slowking
|-damage|p1a: Slowking|0 fnt
|faint|p1a: Slowking
|
|-weather|Snowscape|[upkeep]
|upkeep
|inactive|DABOSS14 has 120 seconds left.
|l|☆DABOSS14
|inactive|DABOSS14 disconnected and has a minute to reconnect!
|player|p1|
|inactive|DABOSS14 has 30 seconds to reconnect!
|inactive|DABOSS14 has 20 seconds to reconnect!
|inactive|DABOSS14 has 15 seconds to reconnect!
|inactive|DABOSS14 has 10 seconds to reconnect!
|inactive|DABOSS14 has 5 seconds to reconnect!
|-message|DABOSS14 lost due to inactivity.
|
|win|y_de_yuki
|raw|DABOSS14's rating: 1387 &rarr; <strong>1370</strong><br />(-17 for losing)
|raw|y_de_yuki's rating: 1445 &rarr; <strong>1462</strong><br />(+17 for winning)
|l|☆y_de_yuki
|player|p2|
