|j|☆Popswrong4laughing
|j|☆Ogerpogging
|t:|1758234984
|gametype|singles
|player|p1|Popswrong4laughing|galacticgruntf|1535
|player|p2|Ogerpogging|1|1485
|gen|9
|tier|[Gen 9] OU
|rated|
|rule|HP Percentage Mod: HP is shown in percentages
|rule|Endless Battle Clause: Forcing endless battles is banned
|rule|Species Clause: Limit one of each Pokémon
|rule|OHKO Clause: OHKO moves are banned
|rule|Evasion Items Clause: Evasion items are banned
|rule|Evasion Moves Clause: Evasion moves are banned
|rule|Evasion Abilities Clause: Evasion abilities are banned
|rule|Sleep Moves Clause: Sleep-inducing moves are banned
|clearpoke
|poke|p1|Darkrai|
|poke|p1|Landorus-Therian, M|
|poke|p1|Weezing-Galar, M|
|poke|p1|Alomomola, M|
|poke|p1|Zamazenta-*|
|poke|p1|Gholdengo|
|poke|p2|Zamazenta-*|
|poke|p2|Corviknight, F|
|poke|p2|Great Tusk|
|poke|p2|Tinkaton, F|
|poke|p2|Dragapult, M|
|poke|p2|Kingambit, F|
|teampreview
|
|t:|1758235014
|teamsize|p1|6
|teamsize|p2|6
|start
|switch|p1a: Gholdengo|Gholdengo|100/100
|switch|p2a: Tinkaton|Tinkaton, F|100/100
|-ability|p2a: Tinkaton|Mold Breaker
|-item|p2a: Tinkaton|Air Balloon
|turn|1
|
|t:|1758235047
|switch|p1a: Landorus|Landorus-Therian, M|100/100
|-ability|p1a: Landorus|Intimidate|boost
|-unboost|p2a: Tinkaton|atk|1
|move|p2a: Tinkaton|Thunder Wave|p1a: Landorus
|-immune|p1a: Landorus
|
|upkeep
|turn|2
|
|t:|1758235056
|move|p1a: Landorus|U-turn|p2a: Tinkaton
|-resisted|p2a: Tinkaton
|-damage|p2a: Tinkaton|93/100
|-enditem|p2a: Tinkaton|Air Balloon
|
|t:|1758235060
|switch|p1a: Gholdengo|Gholdengo|100/100|[from] U-turn
|move|p2a: Tinkaton|Stealth Rock|p1a: Gholdengo
|-sidestart|p1: Popswrong4laughing|move: Stealth Rock
|
|upkeep
|turn|3
|
|t:|1758235080
|move|p1a: Gholdengo|Make It Rain|p2a: Tinkaton
|-damage|p2a: Tinkaton|47/100
|-unboost|p1a: Gholdengo|spa|1
|move|p2a: Tinkaton|Thunder Wave|p1a: Gholdengo
|-status|p1a: Gholdengo|par
|
|upkeep
|turn|4
|
|t:|1758235090
|switch|p2a: Kingambit|Kingambit, F|100/100
|move|p1a: Gholdengo|Make It Rain|p2a: Kingambit
|-resisted|p2a: Kingambit
|-damage|p2a: Kingambit|74/100
|-unboost|p1a: Gholdengo|spa|1
|
|upkeep
|turn|5
|
|t:|1758235101
|switch|p1a: Alomomola|Alomomola, M|100/100
|-end|p2a: Kingambit|fallenundefined|[silent]
|switch|p2a: Great Tusk|Great Tusk|100/100
|
|upkeep
|turn|6
|
|t:|1758235105
|move|p2a: Great Tusk|Knock Off|p1a: Alomomola
|-damage|p1a: Alomomola|76/100
|-enditem|p1a: Alomomola|Heavy-Duty Boots|[from] move: Knock Off|[of] p2a: Great Tusk
|move|p1a: Alomomola|Scald|p2a: Great Tusk
|-supereffective|p2a: Great Tusk
|-damage|p2a: Great Tusk|64/100
|-status|p2a: Great Tusk|brn
|
|-damage|p2a: Great Tusk|58/100 brn|[from] brn
|upkeep
|turn|7
|
|t:|1758235114
|-end|p2a: Great Tusk|Protosynthesis|[silent]
|switch|p2a: Dragapult|Dragapult, M|100/100
|move|p1a: Alomomola|Flip Turn|p2a: Dragapult
|-resisted|p2a: Dragapult
|-damage|p2a: Dragapult|89/100
|
|t:|1758235124
|switch|p1a: Landorus|Landorus-Therian, M|100/100|[from] Flip Turn
|-damage|p1a: Landorus|88/100|[from] Stealth Rock
|-ability|p1a: Landorus|Intimidate|boost
|-unboost|p2a: Dragapult|atk|1
|
|upkeep
|turn|8
|
|t:|1758235128
|move|p1a: Landorus|Earthquake|p2a: Dragapult
|-damage|p2a: Dragapult|9/100
|move|p2a: Dragapult|Draco Meteor|p1a: Landorus
|-damage|p1a: Landorus|0 fnt
|-unboost|p2a: Dragapult|spa|2
|faint|p1a: Landorus
|
|upkeep
|
|t:|1758235135
|switch|p1a: Weezing|Weezing-Galar, M|100/100
|-ability|p1a: Weezing|Neutralizing Gas
|turn|9
|
|t:|1758235141
|switch|p2a: Tinkaton|Tinkaton, F|47/100
|move|p1a: Weezing|Defog|p2a: Tinkaton
|-unboost|p2a: Tinkaton|evasion|1
|-sideend|p1: Popswrong4laughing|Stealth Rock|[from] move: Defog|[of] p1a: Weezing
|
|upkeep
|turn|10
|
|t:|1758235146
|-end|p1a: Weezing|ability: Neutralizing Gas
|-ability|p2a: Tinkaton|Mold Breaker
|switch|p1a: Gholdengo|Gholdengo|100/100 par
|move|p2a: Tinkaton|Encore||[still]
|-fail|p2a: Tinkaton
|
|upkeep
|turn|11
|
|t:|1758235151
|move|p2a: Tinkaton|Stealth Rock|p1a: Gholdengo
|-sidestart|p1: Popswrong4laughing|move: Stealth Rock
|move|p1a: Gholdengo|Make It Rain|p2a: Tinkaton
|-damage|p2a: Tinkaton|4/100
|-unboost|p1a: Gholdengo|spa|1
|
|upkeep
|turn|12
|
|t:|1758235184
|switch|p2a: Kingambit|Kingambit, F|74/100
|move|p1a: Gholdengo|Make It Rain|p2a: Kingambit
|-resisted|p2a: Kingambit
|-damage|p2a: Kingambit|52/100
|-unboost|p1a: Gholdengo|spa|1
|
|upkeep
|turn|13
|
|t:|1758235192
|switch|p1a: Alomomola|Alomomola, M|100/100
|-damage|p1a: Alomomola|88/100|[from] Stealth Rock
|move|p2a: Kingambit|Kowtow Cleave|p1a: Alomomola
|-damage|p1a: Alomomola|43/100
|
|upkeep
|turn|14
|
|t:|1758235200
|switch|p1a: Zamazenta|Zamazenta|100/100
|-damage|p1a: Zamazenta|94/100|[from] Stealth Rock
|-ability|p1a: Zamazenta|Dauntless Shield|boost
|-boost|p1a: Zamazenta|def|1
|move|p2a: Kingambit|Kowtow Cleave|p1a: Zamazenta
|-resisted|p1a: Zamazenta
|-crit|p1a: Zamazenta
|-damage|p1a: Zamazenta|52/100
|
|upkeep
|turn|15
|
|t:|1758235207
|-end|p2a: Kingambit|fallenundefined|[silent]
|switch|p2a: Corviknight|Corviknight, F|100/100
|-ability|p2a: Corviknight|Pressure
|move|p1a: Zamazenta|Close Combat|p2a: Corviknight
|-damage|p2a: Corviknight|51/100
|-unboost|p1a: Zamazenta|def|1
|-unboost|p1a: Zamazenta|spd|1
|-damage|p1a: Zamazenta|43/100|[from] item: Life Orb
|
|-heal|p2a: Corviknight|57/100|[from] item: Leftovers
|upkeep
|turn|16
|
|t:|1758235227
|switch|p1a: Weezing|Weezing-Galar, M|100/100
|-ability|p1a: Weezing|Neutralizing Gas
|move|p2a: Corviknight|Roost|p2a: Corviknight
|-heal|p2a: Corviknight|100/100
|-singleturn|p2a: Corviknight|move: Roost
|
|upkeep
|turn|17
|
|t:|1758235232
|move|p2a: Corviknight|U-turn|p1a: Weezing
|-resisted|p1a: Weezing
|-damage|p1a: Weezing|98/100
|
|t:|1758235234
|switch|p2a: Tinkaton|Tinkaton, F|4/100|[from] U-turn
|move|p1a: Weezing|Will-O-Wisp|p2a: Tinkaton
|-status|p2a: Tinkaton|brn
|
|-damage|p2a: Tinkaton|0 fnt|[from] brn
|faint|p2a: Tinkaton
|upkeep
|
|t:|1758235240
|switch|p2a: Dragapult|Dragapult, M|9/100
|turn|18
|
|t:|1758235252
|-end|p1a: Weezing|ability: Neutralizing Gas
|switch|p1a: Gholdengo|Gholdengo|100/100 par
|-damage|p1a: Gholdengo|94/100 par|[from] Stealth Rock
|-terastallize|p2a: Dragapult|Ghost
|move|p2a: Dragapult|Shadow Ball|p1a: Gholdengo
|-supereffective|p1a: Gholdengo
|-damage|p1a: Gholdengo|0 fnt
|faint|p1a: Gholdengo
|
|upkeep
|
|t:|1758235263
|switch|p1a: Alomomola|Alomomola, M|76/100
|-damage|p1a: Alomomola|64/100|[from] Stealth Rock
|turn|19
|
|t:|1758235275
|move|p2a: Dragapult|Shadow Ball|p1a: Alomomola
|-damage|p1a: Alomomola|7/100
|move|p1a: Alomomola|Flip Turn|p2a: Dragapult
|-damage|p2a: Dragapult|0 fnt
|faint|p2a: Dragapult
|
|t:|1758235285
|switch|p1a: Weezing|Weezing-Galar, M|98/100|[from] Flip Turn
|-ability|p1a: Weezing|Neutralizing Gas
|
|upkeep
|
|t:|1758235314
|switch|p2a: Great Tusk|Great Tusk|58/100 brn
|turn|20
|
|t:|1758235327
|move|p2a: Great Tusk|Headlong Rush|p1a: Weezing
|-supereffective|p1a: Weezing
|-damage|p1a: Weezing|60/100
|-unboost|p2a: Great Tusk|def|1
|-unboost|p2a: Great Tusk|spd|1
|move|p1a: Weezing|Defog|p2a: Great Tusk
|-unboost|p2a: Great Tusk|evasion|1
|-sideend|p1: Popswrong4laughing|Stealth Rock|[from] move: Defog|[of] p1a: Weezing
|
|-damage|p2a: Great Tusk|52/100 brn|[from] brn
|upkeep
|turn|21
|
|t:|1758235336
|-end|p1a: Weezing|ability: Neutralizing Gas
|switch|p1a: Alomomola|Alomomola, M|40/100
|move|p2a: Great Tusk|Headlong Rush|p1a: Alomomola
|-damage|p1a: Alomomola|20/100
|-unboost|p2a: Great Tusk|def|1
|-unboost|p2a: Great Tusk|spd|1
|
|-damage|p2a: Great Tusk|46/100 brn|[from] brn
|upkeep
|turn|22
|
|t:|1758235343
|switch|p1a: Weezing|Weezing-Galar, M|60/100
|-ability|p1a: Weezing|Neutralizing Gas
|move|p2a: Great Tusk|Knock Off|p1a: Weezing
|-resisted|p1a: Weezing
|-damage|p1a: Weezing|55/100
|-enditem|p1a: Weezing|Heavy-Duty Boots|[from] move: Knock Off|[of] p2a: Great Tusk
|
|-damage|p2a: Great Tusk|39/100 brn|[from] brn
|upkeep
|turn|23
|
|t:|1758235358
|-end|p1a: Weezing|ability: Neutralizing Gas
|switch|p1a: Alomomola|Alomomola, M|53/100
|move|p2a: Great Tusk|Headlong Rush|p1a: Alomomola
|-crit|p1a: Alomomola
|-damage|p1a: Alomomola|19/100
|-unboost|p2a: Great Tusk|def|1
|-unboost|p2a: Great Tusk|spd|1
|
|-damage|p2a: Great Tusk|33/100 brn|[from] brn
|upkeep
|turn|24
|
|t:|1758235368
|switch|p1a: Weezing|Weezing-Galar, M|55/100
|-ability|p1a: Weezing|Neutralizing Gas
|move|p2a: Great Tusk|Headlong Rush|p1a: Weezing
|-supereffective|p1a: Weezing
|-damage|p1a: Weezing|14/100
|-unboost|p2a: Great Tusk|def|1
|-unboost|p2a: Great Tusk|spd|1
|
|-damage|p2a: Great Tusk|27/100 brn|[from] brn
|upkeep
|turn|25
|
|t:|1758235379
|-end|p1a: Weezing|ability: Neutralizing Gas
|switch|p1a: Alomomola|Alomomola, M|52/100
|move|p2a: Great Tusk|Headlong Rush|p1a: Alomomola
|-damage|p1a: Alomomola|29/100
|-unboost|p2a: Great Tusk|def|1
|-unboost|p2a: Great Tusk|spd|1
|
|-damage|p2a: Great Tusk|21/100 brn|[from] brn
|upkeep
|turn|26
|
|t:|1758235394
|-end|p2a: Great Tusk|Protosynthesis|[silent]
|switch|p2a: Zamazenta|Zamazenta|100/100
|-ability|p2a: Zamazenta|Dauntless Shield|boost
|-boost|p2a: Zamazenta|def|1
|move|p1a: Alomomola|Wish|p1a: Alomomola
|
|upkeep
|turn|27
|
|t:|1758235400
|move|p1a: Alomomola|Protect|p1a: Alomomola
|-singleturn|p1a: Alomomola|Protect
|move|p2a: Zamazenta|Close Combat|p1a: Alomomola
|-activate|p1a: Alomomola|move: Protect
|
|-heal|p1a: Alomomola|79/100|[from] move: Wish|[wisher] Alomomola
|upkeep
|turn|28
|
|t:|1758235407
|-terastallize|p1a: Alomomola|Fairy
|move|p2a: Zamazenta|Close Combat|p1a: Alomomola
|-resisted|p1a: Alomomola
|-damage|p1a: Alomomola|47/100
|-unboost|p2a: Zamazenta|def|1
|-unboost|p2a: Zamazenta|spd|1
|move|p1a: Alomomola|Wish|p1a: Alomomola
|
|upkeep
|turn|29
|
|t:|1758235412
|move|p2a: Zamazenta|Close Combat|p1a: Alomomola
|-resisted|p1a: Alomomola
|-damage|p1a: Alomomola|13/100
|-unboost|p2a: Zamazenta|def|1
|-unboost|p2a: Zamazenta|spd|1
|move|p1a: Alomomola|Flip Turn|p2a: Zamazenta
|-damage|p2a: Zamazenta|80/100
|
|t:|1758235417
|switch|p1a: Weezing|Weezing-Galar, M|14/100|[from] Flip Turn
|-ability|p1a: Weezing|Neutralizing Gas
|
|-heal|p1a: Weezing|90/100|[from] move: Wish|[wisher] Alomomola
|upkeep
|turn|30
|
|t:|1758235423
|switch|p2a: Great Tusk|Great Tusk|21/100 brn
|move|p1a: Weezing|Strange Steam|p2a: Great Tusk
|-supereffective|p2a: Great Tusk
|-damage|p2a: Great Tusk|0 fnt
|faint|p2a: Great Tusk
|-end|p2a: Great Tusk|Protosynthesis|[silent]
|
|upkeep
|
|t:|1758235426
|switch|p2a: Corviknight|Corviknight, F|100/100
|turn|31
|
|t:|1758235429
|move|p2a: Corviknight|Brave Bird|p1a: Weezing
|-damage|p1a: Weezing|65/100
|-damage|p2a: Corviknight|93/100|[from] Recoil
|move|p1a: Weezing|Will-O-Wisp|p2a: Corviknight
|-status|p2a: Corviknight|brn
|
|-heal|p2a: Corviknight|99/100 brn|[from] item: Leftovers
|-damage|p2a: Corviknight|93/100 brn|[from] brn
|upkeep
|turn|32
|
|t:|1758235434
|-end|p1a: Weezing|ability: Neutralizing Gas
|-ability|p2a: Corviknight|Pressure
|switch|p1a: Alomomola|Alomomola, M, tera:Fairy|47/100
|move|p2a: Corviknight|U-turn|p1a: Alomomola
|-resisted|p1a: Alomomola
|-damage|p1a: Alomomola|44/100
|
|t:|1758235437
|switch|p2a: Kingambit|Kingambit, F|52/100|[from] U-turn
|-activate|p2a: Kingambit|ability: Supreme Overlord
|-start|p2a: Kingambit|fallen3|[silent]
|
|upkeep
|turn|33
|
|t:|1758235444
|switch|p1a: Darkrai|Darkrai|100/100
|move|p2a: Kingambit|Swords Dance|p2a: Kingambit
|-boost|p2a: Kingambit|atk|2
|
|upkeep
|turn|34
|
|t:|1758235448
|move|p2a: Kingambit|Sucker Punch||[still]
|-fail|p2a: Kingambit
|move|p1a: Darkrai|Substitute|p1a: Darkrai
|-start|p1a: Darkrai|Substitute
|-damage|p1a: Darkrai|76/100
|
|-heal|p1a: Darkrai|82/100|[from] item: Leftovers
|upkeep
|turn|35
|
|t:|1758235453
|move|p2a: Kingambit|Sucker Punch|p1a: Darkrai
|-resisted|p1a: Darkrai
|-end|p1a: Darkrai|Substitute
|move|p1a: Darkrai|Dark Pulse|p2a: Kingambit
|-resisted|p2a: Kingambit
|-damage|p2a: Kingambit|26/100
|
|-heal|p1a: Darkrai|88/100|[from] item: Leftovers
|upkeep
|turn|36
|
|t:|1758235459
|move|p1a: Darkrai|Substitute|p1a: Darkrai
|-start|p1a: Darkrai|Substitute
|-damage|p1a: Darkrai|63/100
|move|p2a: Kingambit|Low Kick|p1a: Darkrai
|-supereffective|p1a: Darkrai
|-crit|p1a: Darkrai
|-end|p1a: Darkrai|Substitute
|
|-heal|p1a: Darkrai|69/100|[from] item: Leftovers
|upkeep
|turn|37
|
|t:|1758235466
|move|p2a: Kingambit|Sucker Punch||[still]
|-fail|p2a: Kingambit
|move|p1a: Darkrai|Disable|p2a: Kingambit
|-start|p2a: Kingambit|Disable|Sucker Punch
|
|-heal|p1a: Darkrai|75/100|[from] item: Leftovers
|upkeep
|turn|38
|
|t:|1758235469
|move|p1a: Darkrai|Dark Pulse|p2a: Kingambit
|-resisted|p2a: Kingambit
|-damage|p2a: Kingambit|3/100
|move|p2a: Kingambit|Low Kick|p1a: Darkrai
|-supereffective|p1a: Darkrai
|-damage|p1a: Darkrai|0 fnt
|faint|p1a: Darkrai
|
|upkeep
|
|t:|1758235474
|switch|p1a: Zamazenta|Zamazenta|43/100
|turn|39
|
|t:|1758235478
|-end|p2a: Kingambit|fallen3|[silent]
|switch|p2a: Corviknight|Corviknight, F|93/100 brn
|-ability|p2a: Corviknight|Pressure
|move|p1a: Zamazenta|Close Combat|p2a: Corviknight
|-damage|p2a: Corviknight|49/100 brn
|-unboost|p1a: Zamazenta|def|1
|-unboost|p1a: Zamazenta|spd|1
|-damage|p1a: Zamazenta|33/100|[from] item: Life Orb
|
|-heal|p2a: Corviknight|55/100 brn|[from] item: Leftovers
|-damage|p2a: Corviknight|49/100 brn|[from] brn
|upkeep
|turn|40
|
|t:|1758235481
|switch|p1a: Alomomola|Alomomola, M, tera:Fairy|77/100
|move|p2a: Corviknight|U-turn|p1a: Alomomola
|-resisted|p1a: Alomomola
|-damage|p1a: Alomomola|75/100
|
|t:|1758235485
|switch|p2a: Kingambit|Kingambit, F|3/100|[from] U-turn
|-activate|p2a: Kingambit|ability: Supreme Overlord
|-start|p2a: Kingambit|fallen3|[silent]
|
|upkeep
|turn|41
|
|t:|1758235488
|move|p2a: Kingambit|Kowtow Cleave|p1a: Alomomola
|-resisted|p1a: Alomomola
|-damage|p1a: Alomomola|49/100
|move|p1a: Alomomola|Wish|p1a: Alomomola
|
|upkeep
|turn|42
|-message|Ogerpogging forfeited.
|
|win|Popswrong4laughing
|raw|Popswrong4laughing's rating: 1535 &rarr; <strong>1552</strong><br />(+17 for winning)
|raw|Ogerpogging's rating: 1485 &rarr; <strong>1468</strong><br />(-17 for losing)
|l|☆Ogerpogging
|player|p2|
