|j|☆pollitolks
|j|☆jojojony
|inactive|Battle timer is ON: inactive players will automatically lose when time's up.
|t:|1758301660
|gametype|singles
|player|p1|pollitolks|170|
|player|p2|jojojony|n-masters|
|gen|9
|tier|[Gen 9] OU
|rated|Tournament battle
|rule|HP Percentage Mod: HP is shown in percentages
|rule|Endless Battle Clause: Forcing endless battles is banned
|rule|Species Clause: Limit one of each Pokémon
|rule|OHKO Clause: OHKO moves are banned
|rule|Evasion Items Clause: Evasion items are banned
|rule|Evasion Moves Clause: Evasion moves are banned
|rule|Evasion Abilities Clause: Evasion abilities are banned
|rule|Sleep Moves Clause: Sleep-inducing moves are banned
|clearpoke
|poke|p1|Great Tusk|
|poke|p1|Kingambit, F|
|poke|p1|Raging Bolt|
|poke|p1|Walking Wake|
|poke|p1|Ninetales, M|
|poke|p1|Ceruledge, F|
|poke|p2|Great Tusk|
|poke|p2|Gholdengo|
|poke|p2|Dragapult, F|
|poke|p2|Kingambit, F|
|poke|p2|Iron Valiant|
|poke|p2|Hatterene, F|
|teampreview
|inactive|pollitolks has 120 seconds left.
|inactive|jojojony has 120 seconds left.
|
|t:|1758301710
|teamsize|p1|6
|teamsize|p2|6
|start
|switch|p1a: Ninetales|Ninetales, M|100/100
|switch|p2a: Iron Valiant|Iron Valiant|100/100
|-weather|SunnyDay|[from] ability: Drought|[of] p1a: Ninetales
|turn|1
|inactive|pollitolks has 120 seconds left.
|
|t:|1758301744
|move|p2a: Iron Valiant|Psyshock|p1a: Ninetales
|-damage|p1a: Ninetales|50/100
|-damage|p2a: Iron Valiant|91/100|[from] item: Life Orb
|move|p1a: Ninetales|Scorching Sands|p2a: Iron Valiant
|-damage|p2a: Iron Valiant|54/100
|
|-weather|SunnyDay|[upkeep]
|upkeep
|turn|2
|inactive|pollitolks has 120 seconds left.
|
|t:|1758301758
|switch|p1a: Kingambit|Kingambit, F|100/100
|-item|p1a: Kingambit|Air Balloon
|move|p2a: Iron Valiant|Psyshock|p1a: Kingambit
|-immune|p1a: Kingambit
|
|-weather|SunnyDay|[upkeep]
|upkeep
|turn|3
|inactive|pollitolks has 120 seconds left.
|
|t:|1758301772
|-end|p1a: Kingambit|fallenundefined|[silent]
|switch|p1a: Ceruledge|Ceruledge, F|100/100
|move|p2a: Iron Valiant|Encore||[still]
|-fail|p2a: Iron Valiant
|
|-weather|SunnyDay|[upkeep]
|upkeep
|turn|4
|inactive|pollitolks has 120 seconds left.
|inactive|jojojony has 120 seconds left.
|inactive|jojojony has 90 seconds left.
|
|t:|1758301844
|-end|p2a: Iron Valiant|Quark Drive|[silent]
|switch|p2a: Dragapult|Dragapult, F|100/100
|move|p1a: Ceruledge|Poltergeist|p2a: Dragapult|[miss]
|-miss|p1a: Ceruledge|p2a: Dragapult
|
|-weather|SunnyDay|[upkeep]
|upkeep
|turn|5
|
|t:|1758301862
|switch|p1a: Kingambit|Kingambit, F|100/100
|-item|p1a: Kingambit|Air Balloon
|move|p2a: Dragapult|Shadow Ball|p1a: Kingambit
|-resisted|p1a: Kingambit
|-damage|p1a: Kingambit|71/100
|-enditem|p1a: Kingambit|Air Balloon
|
|-weather|SunnyDay|[upkeep]
|upkeep
|turn|6
|inactive|pollitolks has 90 seconds left.
|inactive|jojojony has 60 seconds left.
|inactive|jojojony has 30 seconds left.
|inactive|jojojony has 20 seconds left.
|
|t:|1758301929
|switch|p2a: Great Tusk|Great Tusk|100/100
|-activate|p2a: Great Tusk|ability: Protosynthesis
|-start|p2a: Great Tusk|protosynthesisatk
|move|p1a: Kingambit|Sucker Punch||[still]
|-fail|p1a: Kingambit
|
|-weather|SunnyDay|[upkeep]
|upkeep
|turn|7
|inactive|jojojony has 30 seconds left this turn.
|inactive|pollitolks has 90 seconds left.
|inactive|jojojony has 20 seconds left.
|inactive|jojojony has 15 seconds left.
|
|t:|1758301963
|-end|p1a: Kingambit|fallenundefined|[silent]
|switch|p1a: Walking Wake|Walking Wake|100/100
|-activate|p1a: Walking Wake|ability: Protosynthesis
|-start|p1a: Walking Wake|protosynthesisspe
|move|p2a: Great Tusk|Headlong Rush|p1a: Walking Wake
|-damage|p1a: Walking Wake|19/100
|-unboost|p2a: Great Tusk|def|1
|-unboost|p2a: Great Tusk|spd|1
|
|-weather|SunnyDay|[upkeep]
|upkeep
|turn|8
|inactive|jojojony has 25 seconds left this turn.
|inactive|jojojony has 20 seconds left.
|inactive|jojojony has 15 seconds left.
|inactive|jojojony has 10 seconds left.
|inactive|jojojony has 5 seconds left.
|
|t:|1758301984
|-end|p2a: Great Tusk|Protosynthesis|[silent]
|switch|p2a: Dragapult|Dragapult, F|100/100
|move|p1a: Walking Wake|Hydro Steam|p2a: Dragapult
|-resisted|p2a: Dragapult
|-damage|p2a: Dragapult|54/100
|
|-weather|none
|-end|p1a: Walking Wake|Protosynthesis
|upkeep
|turn|9
|inactive|jojojony has 15 seconds left this turn.
|inactive|jojojony has 10 seconds left.
|inactive|jojojony has 5 seconds left.
|inactive|pollitolks has 60 seconds left.
|
|t:|1758302017
|-end|p1a: Walking Wake|Protosynthesis|[silent]
|switch|p1a: Kingambit|Kingambit, F|71/100
|move|p2a: Dragapult|Shadow Ball|p1a: Kingambit
|-resisted|p1a: Kingambit
|-damage|p1a: Kingambit|45/100
|
|upkeep
|turn|10
|inactive|jojojony has 15 seconds left this turn.
|inactive|jojojony has 10 seconds left.
|
|t:|1758302024
|switch|p2a: Iron Valiant|Iron Valiant|54/100
|move|p1a: Kingambit|Kowtow Cleave|p2a: Iron Valiant
|-resisted|p2a: Iron Valiant
|-damage|p2a: Iron Valiant|37/100
|
|upkeep
|turn|11
|inactive|jojojony has 20 seconds left this turn.
|inactive|jojojony has 15 seconds left.
|inactive|jojojony has 10 seconds left.
|
|t:|1758302043
|-end|p1a: Kingambit|fallenundefined|[silent]
|switch|p1a: Ceruledge|Ceruledge, F|100/100
|move|p2a: Iron Valiant|Close Combat|p1a: Ceruledge
|-immune|p1a: Ceruledge
|
|upkeep
|turn|12
|inactive|jojojony has 20 seconds left this turn.
|inactive|jojojony has 15 seconds left.
|
|t:|1758302053
|-end|p2a: Iron Valiant|Quark Drive|[silent]
|switch|p2a: Great Tusk|Great Tusk|100/100
|-enditem|p2a: Great Tusk|Booster Energy
|-activate|p2a: Great Tusk|ability: Protosynthesis|[fromitem]
|-start|p2a: Great Tusk|protosynthesisatk
|move|p1a: Ceruledge|Poltergeist||[still]
|-fail|p1a: Ceruledge
|
|upkeep
|turn|13
|inactive|jojojony has 25 seconds left this turn.
|inactive|jojojony has 20 seconds left.
|inactive|jojojony has 15 seconds left.
|
|t:|1758302078
|switch|p1a: Ninetales|Ninetales, M|50/100
|-weather|SunnyDay|[from] ability: Drought|[of] p1a: Ninetales
|move|p2a: Great Tusk|Headlong Rush|p1a: Ninetales
|-supereffective|p1a: Ninetales
|-damage|p1a: Ninetales|0 fnt
|-unboost|p2a: Great Tusk|def|1
|-unboost|p2a: Great Tusk|spd|1
|faint|p1a: Ninetales
|
|-weather|SunnyDay|[upkeep]
|upkeep
|
|t:|1758302080
|switch|p1a: Walking Wake|Walking Wake|19/100
|-activate|p1a: Walking Wake|ability: Protosynthesis
|-start|p1a: Walking Wake|protosynthesisspe
|turn|14
|inactive|jojojony has 30 seconds left this turn.
|inactive|jojojony has 20 seconds left.
|inactive|jojojony has 15 seconds left.
|inactive|jojojony has 10 seconds left.
|
|t:|1758302102
|-terastallize|p2a: Great Tusk|Water
|move|p1a: Walking Wake|Hydro Steam|p2a: Great Tusk
|-resisted|p2a: Great Tusk
|-damage|p2a: Great Tusk|28/100
|move|p2a: Great Tusk|Ice Spinner|p1a: Walking Wake
|-damage|p1a: Walking Wake|0 fnt
|faint|p1a: Walking Wake
|-end|p1a: Walking Wake|Protosynthesis|[silent]
|
|-weather|SunnyDay|[upkeep]
|upkeep
|inactive|pollitolks has 30 seconds left.
|
|t:|1758302126
|switch|p1a: Kingambit|Kingambit, F|45/100
|-activate|p1a: Kingambit|ability: Supreme Overlord
|-start|p1a: Kingambit|fallen2|[silent]
|turn|15
|inactive|jojojony has 25 seconds left this turn.
|inactive|jojojony has 20 seconds left.
|
|t:|1758302136
|-end|p2a: Great Tusk|Protosynthesis|[silent]
|switch|p2a: Iron Valiant|Iron Valiant|37/100
|move|p1a: Kingambit|Sucker Punch||[still]
|-fail|p1a: Kingambit
|
|-weather|SunnyDay|[upkeep]
|upkeep
|turn|16
|inactive|jojojony has 30 seconds left this turn.
|inactive|jojojony has 20 seconds left.
|
|t:|1758302150
|-end|p1a: Kingambit|fallen2|[silent]
|switch|p1a: Ceruledge|Ceruledge, F|100/100
|move|p2a: Iron Valiant|Close Combat|p1a: Ceruledge
|-immune|p1a: Ceruledge
|
|-weather|SunnyDay|[upkeep]
|upkeep
|turn|17
|inactive|jojojony has 30 seconds left this turn.
|inactive|jojojony has 20 seconds left.
|
|t:|1758302164
|-end|p2a: Iron Valiant|Quark Drive|[silent]
|switch|p2a: Great Tusk|Great Tusk, tera:Water|28/100
|-activate|p2a: Great Tusk|ability: Protosynthesis
|-start|p2a: Great Tusk|protosynthesisatk
|move|p1a: Ceruledge|Bitter Blade|p2a: Great Tusk
|-resisted|p2a: Great Tusk
|-damage|p2a: Great Tusk|1/100
|
|-weather|SunnyDay|[upkeep]
|upkeep
|turn|18
|inactive|jojojony has 30 seconds left this turn.
|
|t:|1758302172
|move|p1a: Ceruledge|Shadow Sneak|p2a: Great Tusk
|-damage|p2a: Great Tusk|0 fnt
|faint|p2a: Great Tusk
|-end|p2a: Great Tusk|Protosynthesis|[silent]
|
|-weather|SunnyDay|[upkeep]
|upkeep
|inactive|jojojony has 30 seconds left this turn.
|
|t:|1758302177
|switch|p2a: Dragapult|Dragapult, F|54/100
|turn|19
|
|t:|1758302185
|switch|p1a: Kingambit|Kingambit, F|45/100
|-activate|p1a: Kingambit|ability: Supreme Overlord
|-start|p1a: Kingambit|fallen2|[silent]
|move|p2a: Dragapult|Shadow Ball|p1a: Kingambit
|-resisted|p1a: Kingambit
|-damage|p1a: Kingambit|16/100
|
|-weather|SunnyDay|[upkeep]
|upkeep
|turn|20
|
|t:|1758302195
|switch|p2a: Iron Valiant|Iron Valiant|37/100
|move|p1a: Kingambit|Sucker Punch||[still]
|-fail|p1a: Kingambit
|
|-weather|none
|upkeep
|turn|21
|
|t:|1758302221
|move|p2a: Iron Valiant|Close Combat|p1a: Kingambit
|-supereffective|p1a: Kingambit
|-damage|p1a: Kingambit|0 fnt
|-unboost|p2a: Iron Valiant|def|1
|-unboost|p2a: Iron Valiant|spd|1
|faint|p1a: Kingambit
|-end|p1a: Kingambit|fallen2|[silent]
|-damage|p2a: Iron Valiant|27/100|[from] item: Life Orb
|
|upkeep
|
|t:|1758302223
|switch|p1a: Ceruledge|Ceruledge, F|100/100
|turn|22
|
|t:|1758302234
|move|p1a: Ceruledge|Shadow Sneak|p2a: Iron Valiant
|-damage|p2a: Iron Valiant|0 fnt
|faint|p2a: Iron Valiant
|-end|p2a: Iron Valiant|Quark Drive|[silent]
|
|upkeep
|
|t:|1758302237
|switch|p2a: Dragapult|Dragapult, F|54/100
|turn|23
|inactive|pollitolks has 60 seconds left.
|
|t:|1758302263
|-terastallize|p1a: Ceruledge|Fairy
|move|p2a: Dragapult|Shadow Ball|p1a: Ceruledge
|-damage|p1a: Ceruledge|52/100
|move|p1a: Ceruledge|Swords Dance|p1a: Ceruledge
|-boost|p1a: Ceruledge|atk|2
|
|upkeep
|turn|24
|inactive|pollitolks has 60 seconds left.
|inactive|jojojony has 60 seconds left.
|
|t:|1758302284
|move|p2a: Dragapult|Shadow Ball|p1a: Ceruledge
|-damage|p1a: Ceruledge|0 fnt
|faint|p1a: Ceruledge
|
|upkeep
|c|☆pollitolks|xd
|c|☆jojojony|cagafa
|c|☆jojojony|max damage
|
|t:|1758302311
|switch|p1a: Great Tusk|Great Tusk|100/100
|turn|25
|c|☆pollitolks|ya
|c|☆pollitolks|gg
|inactive|jojojony has 60 seconds left.
|
|t:|1758302330
|switch|p2a: Hatterene|Hatterene, F|100/100
|move|p1a: Great Tusk|Ice Spinner|p2a: Hatterene
|-damage|p2a: Hatterene|75/100
|
|-heal|p2a: Hatterene|81/100|[from] item: Leftovers
|upkeep
|turn|26
|inactive|jojojony has 60 seconds left.
|
|t:|1758302346
|move|p1a: Great Tusk|Headlong Rush|p2a: Hatterene
|-damage|p2a: Hatterene|20/100
|-unboost|p1a: Great Tusk|def|1
|-unboost|p1a: Great Tusk|spd|1
|move|p2a: Hatterene|Draining Kiss|p1a: Great Tusk
|-supereffective|p1a: Great Tusk
|-damage|p1a: Great Tusk|33/100
|-heal|p2a: Hatterene|80/100|[from] drain|[of] p1a: Great Tusk
|
|-heal|p2a: Hatterene|86/100|[from] item: Leftovers
|upkeep
|turn|27
|
|t:|1758302360
|move|p1a: Great Tusk|Headlong Rush|p2a: Hatterene
|-damage|p2a: Hatterene|32/100
|-unboost|p1a: Great Tusk|def|1
|-unboost|p1a: Great Tusk|spd|1
|move|p2a: Hatterene|Draining Kiss|p1a: Great Tusk
|-supereffective|p1a: Great Tusk
|-damage|p1a: Great Tusk|0 fnt
|-heal|p2a: Hatterene|60/100|[from] drain|[of] p1a: Great Tusk
|faint|p1a: Great Tusk
|-end|p1a: Great Tusk|Protosynthesis|[silent]
|
|-heal|p2a: Hatterene|66/100|[from] item: Leftovers
|upkeep
|
|t:|1758302361
|switch|p1a: Raging Bolt|Raging Bolt|100/100
|turn|28
|c|☆jojojony|gg
|
|t:|1758302375
|move|p1a: Raging Bolt|Weather Ball|p2a: Hatterene
|-damage|p2a: Hatterene|37/100
|-damage|p1a: Raging Bolt|91/100|[from] item: Life Orb
|move|p2a: Hatterene|Draining Kiss|p1a: Raging Bolt
|-supereffective|p1a: Raging Bolt
|-damage|p1a: Raging Bolt|48/100
|-heal|p2a: Hatterene|76/100|[from] drain|[of] p1a: Raging Bolt
|
|-heal|p2a: Hatterene|82/100|[from] item: Leftovers
|upkeep
|turn|29
|
|t:|1758302383
|move|p1a: Raging Bolt|Thunderclap|p2a: Hatterene
|-crit|p2a: Hatterene
|-damage|p2a: Hatterene|0 fnt
|faint|p2a: Hatterene
|-damage|p1a: Raging Bolt|38/100|[from] item: Life Orb
|
|upkeep
|
|t:|1758302385
|switch|p2a: Dragapult|Dragapult, F|54/100
|turn|30
|inactive|pollitolks has 60 seconds left.
|c|☆jojojony|no bro
|
|t:|1758302397
|move|p2a: Dragapult|Draco Meteor|p1a: Raging Bolt
|-supereffective|p1a: Raging Bolt
|-damage|p1a: Raging Bolt|0 fnt
|-unboost|p2a: Dragapult|spa|2
|faint|p1a: Raging Bolt
|-end|p1a: Raging Bolt|Protosynthesis|[silent]
|
|win|jojojony
|n|☆pollitolks|pollitolks
|n|☆jojojony|jojojony
|c|☆jojojony|no lo hagas mas dificil
|l|☆pollitolks
|player|p1|
|l|☆jojojony
|player|p2|
|j|☆pollitolks
|player|p1|pollitolks|170|
