|j|☆Sunruko
|j|☆uihjvb
|t:|1758349316
|gametype|singles
|player|p1|Sunruko|drayden|1118
|player|p2|uihjvb|266|1145
|gen|9
|tier|[Gen 9] OU
|rated|
|rule|HP Percentage Mod: HP is shown in percentages
|rule|Endless Battle Clause: Forcing endless battles is banned
|rule|Species Clause: Limit one of each Pokémon
|rule|OHKO Clause: OHKO moves are banned
|rule|Evasion Items Clause: Evasion items are banned
|rule|Evasion Moves Clause: Evasion moves are banned
|rule|Evasion Abilities Clause: Evasion abilities are banned
|rule|Sleep Moves Clause: Sleep-inducing moves are banned
|clearpoke
|poke|p1|Cinderace, M|
|poke|p1|Alomomola, F|
|poke|p1|Glimmora, M|
|poke|p1|Kingambit, F|
|poke|p1|Pecharunt|
|poke|p1|Primarina, M|
|poke|p2|Ceruledge, M|
|poke|p2|Dondozo, F|
|poke|p2|Reuniclus, F|
|poke|p2|Toxapex, F|
|poke|p2|Dragonite, F|
|poke|p2|Gliscor, F|
|teampreview
|inactive|Battle timer is ON: inactive players will automatically lose when time's up. (requested by Sunruko)
|
|t:|1758349319
|teamsize|p1|6
|teamsize|p2|6
|start
|switch|p1a: Glimmora|Glimmora, M, shiny|100/100
|switch|p2a: Reuniclus|Reuniclus, F, shiny|100/100
|turn|1
|
|t:|1758349331
|-terastallize|p2a: Reuniclus|Steel
|move|p1a: Glimmora|Stealth Rock|p2a: Reuniclus
|-sidestart|p2: uihjvb|move: Stealth Rock
|move|p2a: Reuniclus|Calm Mind|p2a: Reuniclus
|-boost|p2a: Reuniclus|spa|1
|-boost|p2a: Reuniclus|spd|1
|
|upkeep
|turn|2
|
|t:|1758349340
|move|p1a: Glimmora|Mortal Spin|p2a: Reuniclus
|-immune|p2a: Reuniclus
|move|p2a: Reuniclus|Calm Mind|p2a: Reuniclus
|-boost|p2a: Reuniclus|spa|1
|-boost|p2a: Reuniclus|spd|1
|
|upkeep
|turn|3
|
|t:|1758349348
|move|p1a: Glimmora|Energy Ball|p2a: Reuniclus
|-resisted|p2a: Reuniclus
|-damage|p2a: Reuniclus|96/100
|-unboost|p2a: Reuniclus|spd|1
|move|p2a: Reuniclus|Acid Armor|p2a: Reuniclus
|-boost|p2a: Reuniclus|def|2
|
|-heal|p2a: Reuniclus|100/100|[from] item: Leftovers
|upkeep
|turn|4
|
|t:|1758349359
|switch|p1a: Cinderace|Cinderace, M, shiny|100/100
|move|p2a: Reuniclus|Acid Armor|p2a: Reuniclus
|-boost|p2a: Reuniclus|def|2
|
|upkeep
|turn|5
|
|t:|1758349369
|move|p1a: Cinderace|Pyro Ball|p2a: Reuniclus
|-supereffective|p2a: Reuniclus
|-damage|p2a: Reuniclus|57/100
|move|p2a: Reuniclus|Acid Armor|p2a: Reuniclus
|-boost|p2a: Reuniclus|def|2
|
|-heal|p2a: Reuniclus|63/100|[from] item: Leftovers
|upkeep
|turn|6
|
|t:|1758349378
|move|p1a: Cinderace|Pyro Ball|p2a: Reuniclus
|-supereffective|p2a: Reuniclus
|-damage|p2a: Reuniclus|32/100
|move|p2a: Reuniclus|Recover|p2a: Reuniclus
|-heal|p2a: Reuniclus|82/100
|
|-heal|p2a: Reuniclus|88/100|[from] item: Leftovers
|upkeep
|turn|7
|
|t:|1758349386
|move|p1a: Cinderace|Pyro Ball|p2a: Reuniclus|[miss]
|-miss|p1a: Cinderace|p2a: Reuniclus
|move|p2a: Reuniclus|Flash Cannon|p1a: Cinderace
|-resisted|p1a: Cinderace
|-damage|p1a: Cinderace|48/100
|
|-heal|p2a: Reuniclus|94/100|[from] item: Leftovers
|upkeep
|turn|8
|
|t:|1758349395
|move|p1a: Cinderace|Pyro Ball|p2a: Reuniclus
|-supereffective|p2a: Reuniclus
|-damage|p2a: Reuniclus|59/100
|move|p2a: Reuniclus|Flash Cannon|p1a: Cinderace
|-resisted|p1a: Cinderace
|-damage|p1a: Cinderace|0 fnt
|faint|p1a: Cinderace
|
|-heal|p2a: Reuniclus|66/100|[from] item: Leftovers
|upkeep
|
|t:|1758349405
|switch|p1a: Primarina|Primarina, M|100/100
|turn|9
|
|t:|1758349411
|move|p1a: Primarina|Moonblast|p2a: Reuniclus
|-resisted|p2a: Reuniclus
|-damage|p2a: Reuniclus|51/100
|-unboost|p2a: Reuniclus|spa|1
|move|p2a: Reuniclus|Calm Mind|p2a: Reuniclus
|-boost|p2a: Reuniclus|spa|1
|-boost|p2a: Reuniclus|spd|1
|
|-heal|p2a: Reuniclus|57/100|[from] item: Leftovers
|upkeep
|turn|10
|
|t:|1758349421
|move|p1a: Primarina|Moonblast|p2a: Reuniclus
|-resisted|p2a: Reuniclus
|-damage|p2a: Reuniclus|46/100
|move|p2a: Reuniclus|Calm Mind|p2a: Reuniclus
|-boost|p2a: Reuniclus|spa|1
|-boost|p2a: Reuniclus|spd|1
|
|-heal|p2a: Reuniclus|52/100|[from] item: Leftovers
|upkeep
|turn|11
|
|t:|1758349432
|switch|p1a: Pecharunt|Pecharunt|100/100
|-item|p1a: Pecharunt|Air Balloon
|move|p2a: Reuniclus|Calm Mind|p2a: Reuniclus
|-boost|p2a: Reuniclus|spa|1
|-boost|p2a: Reuniclus|spd|1
|
|-heal|p2a: Reuniclus|58/100|[from] item: Leftovers
|upkeep
|turn|12
|
|t:|1758349442
|move|p1a: Pecharunt|Parting Shot|p2a: Reuniclus
|-unboost|p2a: Reuniclus|atk|1
|-unboost|p2a: Reuniclus|spa|1
|
|t:|1758349445
|switch|p1a: Glimmora|Glimmora, M, shiny|100/100|[from] Parting Shot
|move|p2a: Reuniclus|Calm Mind|p2a: Reuniclus
|-boost|p2a: Reuniclus|spa|1
|-boost|p2a: Reuniclus|spd|1
|
|-heal|p2a: Reuniclus|64/100|[from] item: Leftovers
|upkeep
|turn|13
|
|t:|1758349456
|move|p1a: Glimmora|Spiky Shield|p1a: Glimmora
|-singleturn|p1a: Glimmora|move: Protect
|move|p2a: Reuniclus|Calm Mind|p2a: Reuniclus
|-boost|p2a: Reuniclus|spa|1
|-boost|p2a: Reuniclus|spd|1
|
|-heal|p2a: Reuniclus|70/100|[from] item: Leftovers
|upkeep
|turn|14
|
|t:|1758349466
|switch|p1a: Kingambit|Kingambit, F, shiny|100/100
|-activate|p1a: Kingambit|ability: Supreme Overlord
|-start|p1a: Kingambit|fallen1|[silent]
|move|p2a: Reuniclus|Flash Cannon|p1a: Kingambit
|-resisted|p1a: Kingambit
|-damage|p1a: Kingambit|45/100
|
|-heal|p2a: Reuniclus|76/100|[from] item: Leftovers
|upkeep
|turn|15
|
|t:|1758349477
|-end|p1a: Kingambit|fallen1|[silent]
|switch|p1a: Alomomola|Alomomola, F|100/100
|move|p2a: Reuniclus|Flash Cannon|p1a: Alomomola
|-resisted|p1a: Alomomola
|-damage|p1a: Alomomola|44/100
|
|-heal|p1a: Alomomola|50/100|[from] item: Leftovers
|-heal|p2a: Reuniclus|83/100|[from] item: Leftovers
|upkeep
|turn|16
|
|t:|1758349486
|switch|p1a: Primarina|Primarina, M|100/100
|move|p2a: Reuniclus|Calm Mind|p2a: Reuniclus
|-boost|p2a: Reuniclus|spa|1
|-boost|p2a: Reuniclus|spd|0
|
|-heal|p2a: Reuniclus|89/100|[from] item: Leftovers
|upkeep
|turn|17
|
|t:|1758349498
|switch|p1a: Alomomola|Alomomola, F|84/100
|move|p2a: Reuniclus|Flash Cannon|p1a: Alomomola
|-resisted|p1a: Alomomola
|-damage|p1a: Alomomola|20/100
|
|-heal|p1a: Alomomola|26/100|[from] item: Leftovers
|-heal|p2a: Reuniclus|95/100|[from] item: Leftovers
|upkeep
|turn|18
|
|t:|1758349507
|move|p1a: Alomomola|Wish|p1a: Alomomola
|move|p2a: Reuniclus|Flash Cannon|p1a: Alomomola
|-resisted|p1a: Alomomola
|-damage|p1a: Alomomola|0 fnt
|faint|p1a: Alomomola
|
|-heal|p2a: Reuniclus|100/100|[from] item: Leftovers
|upkeep
|
|t:|1758349516
|switch|p1a: Kingambit|Kingambit, F, shiny|45/100
|-activate|p1a: Kingambit|ability: Supreme Overlord
|-start|p1a: Kingambit|fallen2|[silent]
|turn|19
|
|t:|1758349522
|move|p1a: Kingambit|Swords Dance|p1a: Kingambit
|-boost|p1a: Kingambit|atk|2
|move|p2a: Reuniclus|Flash Cannon|p1a: Kingambit
|-resisted|p1a: Kingambit
|-damage|p1a: Kingambit|0 fnt
|faint|p1a: Kingambit
|-end|p1a: Kingambit|fallen2|[silent]
|
|upkeep
|
|t:|1758349533
|switch|p1a: Primarina|Primarina, M|100/100
|turn|20
|
|t:|1758349537
|move|p1a: Primarina|Moonblast|p2a: Reuniclus
|-resisted|p2a: Reuniclus
|-damage|p2a: Reuniclus|94/100
|move|p2a: Reuniclus|Flash Cannon|p1a: Primarina
|-damage|p1a: Primarina|0 fnt
|faint|p1a: Primarina
|
|-heal|p2a: Reuniclus|99/100|[from] item: Leftovers
|upkeep
|
|t:|1758349546
|switch|p1a: Pecharunt|Pecharunt|100/100
|-item|p1a: Pecharunt|Air Balloon
|turn|21
|
|t:|1758349551
|move|p1a: Pecharunt|Hex|p2a: Reuniclus
|-damage|p2a: Reuniclus|96/100
|move|p2a: Reuniclus|Flash Cannon|p1a: Pecharunt
|-damage|p1a: Pecharunt|0 fnt
|-enditem|p1a: Pecharunt|Air Balloon
|faint|p1a: Pecharunt
|
|-heal|p2a: Reuniclus|100/100|[from] item: Leftovers
|upkeep
|
|t:|1758349559
|switch|p1a: Glimmora|Glimmora, M, shiny|100/100
|turn|22
|
|t:|1758349564
|move|p1a: Glimmora|Energy Ball|p2a: Reuniclus
|-resisted|p2a: Reuniclus
|-damage|p2a: Reuniclus|98/100
|move|p2a: Reuniclus|Flash Cannon|p1a: Glimmora
|-supereffective|p1a: Glimmora
|-enditem|p1a: Glimmora|Focus Sash
|-damage|p1a: Glimmora|1/100
|
|-heal|p2a: Reuniclus|100/100|[from] item: Leftovers
|upkeep
|turn|23
|
|t:|1758349574
|move|p1a: Glimmora|Energy Ball|p2a: Reuniclus
|-resisted|p2a: Reuniclus
|-damage|p2a: Reuniclus|98/100
|move|p2a: Reuniclus|Flash Cannon|p1a: Glimmora
|-supereffective|p1a: Glimmora
|-damage|p1a: Glimmora|0 fnt
|faint|p1a: Glimmora
|
|win|uihjvb
|raw|Sunruko's rating: 1118 &rarr; <strong>1095</strong><br />(-23 for losing)
|raw|uihjvb's rating: 1145 &rarr; <strong>1168</strong><br />(+23 for winning)
|l|☆Sunruko
|player|p1|
|l|☆uihjvb
|player|p2|
