|j|☆nah just click
|j|☆ay cheu
|t:|1758283991
|gametype|singles
|player|p1|nah just click|266|1627
|player|p2|ay cheu|riley|1633
|gen|9
|tier|[Gen 9] OU
|rated|
|rule|HP Percentage Mod: HP is shown in percentages
|rule|Endless Battle Clause: Forcing endless battles is banned
|rule|Species Clause: Limit one of each Pokémon
|rule|OHKO Clause: OHKO moves are banned
|rule|Evasion Items Clause: Evasion items are banned
|rule|Evasion Moves Clause: Evasion moves are banned
|rule|Evasion Abilities Clause: Evasion abilities are banned
|rule|Sleep Moves Clause: Sleep-inducing moves are banned
|clearpoke
|poke|p1|Gholdengo|
|poke|p1|Landorus-Therian, M|
|poke|p1|Ogerpon-Wellspring, F|
|poke|p1|Great Tusk|
|poke|p1|Iron Moth|
|poke|p1|Primarina, F|
|poke|p2|Arcanine-Hisui, M|
|poke|p2|Snorlax, M|
|poke|p2|Zoroark, M|
|poke|p2|Chesnaught, M|
|poke|p2|Gliscor, M|
|poke|p2|Fezandipiti, M|
|teampreview
|inactive|Battle timer is ON: inactive players will automatically lose when time's up. (requested by nah just click)
|
|t:|1758284000
|teamsize|p1|6
|teamsize|p2|6
|start
|switch|p1a: Primarina|Primarina, F|100/100
|switch|p2a: Gliscor|Gliscor, M|100/100
|turn|1
|
|t:|1758284006
|move|p2a: Gliscor|U-turn|p1a: Primarina
|-resisted|p1a: Primarina
|-damage|p1a: Primarina|91/100
|
|t:|1758284010
|switch|p2a: Fezandipiti|Fezandipiti, M|100/100|[from] U-turn
|move|p1a: Primarina|Sparkling Aria|p2a: Fezandipiti
|-damage|p2a: Fezandipiti|43/100
|
|-heal|p2a: Fezandipiti|49/100|[from] item: Leftovers
|upkeep
|turn|2
|
|t:|1758284016
|move|p2a: Fezandipiti|Moonblast|p1a: Primarina
|-damage|p1a: Primarina|72/100
|-status|p1a: Primarina|tox|[from] ability: Toxic Chain|[of] p2a: Fezandipiti
|move|p1a: Primarina|Sparkling Aria|p2a: Fezandipiti
|-damage|p2a: Fezandipiti|0 fnt
|faint|p2a: Fezandipiti
|
|-damage|p1a: Primarina|66/100 tox|[from] psn
|upkeep
|
|t:|1758284024
|switch|p2a: 阿黄|Arcanine-Hisui, M|100/100
|turn|3
|
|t:|1758284028
|-terastallize|p2a: 阿黄|Rock
|move|p2a: 阿黄|Head Smash|p1a: Primarina
|-damage|p1a: Primarina|0 fnt
|faint|p1a: Primarina
|
|upkeep
|
|t:|1758284031
|switch|p1a: Landorus|Landorus-Therian, M|100/100
|-ability|p1a: Landorus|Intimidate|boost
|-unboost|p2a: 阿黄|atk|1
|turn|4
|
|t:|1758284037
|switch|p2a: Gliscor|Gliscor, M|100/100
|move|p1a: Landorus|Earthquake|p2a: Gliscor
|-immune|p2a: Gliscor
|
|-status|p2a: Gliscor|tox|[from] item: Toxic Orb
|upkeep
|turn|5
|
|t:|1758284043
|switch|p1a: Ogerpon|Ogerpon-Wellspring, F|100/100
|move|p2a: Gliscor|Stealth Rock|p1a: Ogerpon
|-sidestart|p1: nah just click|move: Stealth Rock
|
|upkeep
|turn|6
|
|t:|1758284045
|switch|p2a: Chesnaught|Chesnaught, M|100/100
|move|p1a: Ogerpon|Knock Off|p2a: Chesnaught
|-resisted|p2a: Chesnaught
|-damage|p2a: Chesnaught|89/100
|-damage|p1a: Ogerpon|84/100|[from] item: Rocky Helmet|[of] p2a: Chesnaught
|-enditem|p2a: Chesnaught|Rocky Helmet|[from] move: Knock Off|[of] p1a: Ogerpon
|
|upkeep
|turn|7
|
|t:|1758284052
|move|p1a: Ogerpon|U-turn|p2a: Chesnaught
|-damage|p2a: Chesnaught|73/100
|
|t:|1758284053
|switch|p1a: Landorus|Landorus-Therian, M|100/100|[from] U-turn
|-damage|p1a: Landorus|88/100|[from] Stealth Rock
|-ability|p1a: Landorus|Intimidate|boost
|-unboost|p2a: Chesnaught|atk|1
|move|p2a: Chesnaught|Iron Defense|p2a: Chesnaught
|-boost|p2a: Chesnaught|def|2
|
|upkeep
|turn|8
|
|t:|1758284060
|move|p1a: Landorus|Stealth Rock|p2a: Chesnaught
|-sidestart|p2: ay cheu|move: Stealth Rock
|move|p2a: Chesnaught|Spikes|p1a: Landorus
|-sidestart|p1: nah just click|Spikes
|
|upkeep
|turn|9
|
|t:|1758284074
|switch|p1a: Gholdengo|Gholdengo|100/100
|-damage|p1a: Gholdengo|94/100|[from] Stealth Rock
|-damage|p1a: Gholdengo|82/100|[from] Spikes
|move|p2a: Chesnaught|Body Press|p1a: Gholdengo
|-immune|p1a: Gholdengo
|
|upkeep
|turn|10
|
|t:|1758284085
|switch|p2a: Gliscor|Gliscor, M|100/100 tox
|-damage|p2a: Gliscor|88/100 tox|[from] Stealth Rock
|move|p1a: Gholdengo|Make It Rain|p2a: Gliscor
|-damage|p2a: Gliscor|11/100 tox
|-unboost|p1a: Gholdengo|spa|1
|
|-heal|p2a: Gliscor|24/100 tox|[from] ability: Poison Heal
|upkeep
|turn|11
|
|t:|1758284088
|move|p1a: Gholdengo|Make It Rain|p2a: Gliscor
|-damage|p2a: Gliscor|0 fnt
|-unboost|p1a: Gholdengo|spa|1
|faint|p2a: Gliscor
|
|upkeep
|-message|ay cheu forfeited.
|
|win|nah just click
|raw|nah just click's rating: 1627 &rarr; <strong>1647</strong><br />(+20 for winning)
|raw|ay cheu's rating: 1633 &rarr; <strong>1613</strong><br />(-20 for losing)
|l|☆ay cheu
|player|p2|
|l|☆nah just click
|player|p1|
