|j|☆spreadthesalt
|j|☆jslo32193
|t:|1758342388
|gametype|singles
|player|p1|spreadthesalt|266|1168
|player|p2|jslo32193|lance|1174
|gen|9
|tier|[Gen 9] OU
|rated|
|rule|HP Percentage Mod: HP is shown in percentages
|rule|Endless Battle Clause: Forcing endless battles is banned
|rule|Species Clause: Limit one of each Pokémon
|rule|OHKO Clause: OHKO moves are banned
|rule|Evasion Items Clause: Evasion items are banned
|rule|Evasion Moves Clause: Evasion moves are banned
|rule|Evasion Abilities Clause: Evasion abilities are banned
|rule|Sleep Moves Clause: Sleep-inducing moves are banned
|clearpoke
|poke|p1|Wo-Chien|
|poke|p1|Cinderace, M|
|poke|p1|Samurott-Hisui, F|
|poke|p1|Clodsire, M|
|poke|p1|Ribombee, M|
|poke|p1|Hatterene, F|
|poke|p2|Dragonite, M|
|poke|p2|Articuno|
|poke|p2|Greninja-*, M|
|poke|p2|Zapdos|
|poke|p2|Blaziken, M|
|poke|p2|Scizor, F|
|teampreview
|
|t:|1758342407
|teamsize|p1|6
|teamsize|p2|6
|start
|switch|p1a: Samurott|Samurott-Hisui, F, shiny|100/100
|switch|p2a: Luke|Dragonite, M, shiny|100/100
|turn|1
|
|t:|1758342428
|switch|p2a: Articuno|Articuno, shiny|100/100
|-ability|p2a: Articuno|Pressure
|move|p1a: Samurott|Ceaseless Edge|p2a: Articuno
|-damage|p2a: Articuno|61/100
|-sidestart|p2: jslo32193|Spikes
|
|upkeep
|turn|2
|
|t:|1758342447
|switch|p1a: Cinderace|Cinderace, M, shiny|100/100
|move|p2a: Articuno|Freeze-Dry|p1a: Cinderace
|-resisted|p1a: Cinderace
|-damage|p1a: Cinderace|86/100
|
|upkeep
|turn|3
|
|t:|1758342456
|move|p1a: Cinderace|Pyro Ball|p2a: Articuno
|-supereffective|p2a: Articuno
|-damage|p2a: Articuno|0 fnt
|faint|p2a: Articuno
|
|upkeep
|
|t:|1758342460
|switch|p2a: Luke|Dragonite, M, shiny|100/100
|turn|4
|
|t:|1758342469
|move|p1a: Cinderace|U-turn|p2a: Luke
|-start|p1a: Cinderace|typechange|Bug|[from] ability: Libero
|-resisted|p2a: Luke
|-damage|p2a: Luke|94/100
|
|t:|1758342473
|switch|p1a: Samurott|Samurott-Hisui, F, shiny|100/100|[from] U-turn
|move|p2a: Luke|Dragon Dance|p2a: Luke
|-boost|p2a: Luke|atk|1
|-boost|p2a: Luke|spe|1
|
|-heal|p2a: Luke|99/100|[from] item: Leftovers
|upkeep
|turn|5
|
|t:|1758342500
|move|p1a: Samurott|Ceaseless Edge|p2a: Luke
|-damage|p2a: Luke|57/100
|-sidestart|p2: jslo32193|Spikes
|move|p2a: Luke|Dragon Dance|p2a: Luke
|-boost|p2a: Luke|atk|1
|-boost|p2a: Luke|spe|1
|
|-heal|p2a: Luke|63/100|[from] item: Leftovers
|upkeep
|turn|6
|
|t:|1758342525
|move|p2a: Luke|Outrage|p1a: Samurott
|-enditem|p1a: Samurott|Focus Sash
|-damage|p1a: Samurott|1/100
|move|p1a: Samurott|Ceaseless Edge|p2a: Luke
|-damage|p2a: Luke|26/100
|-sidestart|p2: jslo32193|Spikes
|
|-heal|p2a: Luke|32/100|[from] item: Leftovers
|upkeep
|turn|7
|
|t:|1758342537
|switch|p1a: Ribombee|Ribombee, M, shiny|100/100
|move|p2a: Luke|Outrage|p1a: Ribombee|[from] lockedmove
|-immune|p1a: Ribombee
|-start|p2a: Luke|confusion|[fatigue]
|
|-heal|p2a: Luke|38/100|[from] item: Leftovers
|upkeep
|turn|8
|
|t:|1758342555
|-terastallize|p2a: Luke|Normal
|-activate|p2a: Luke|confusion
|move|p2a: Luke|Extreme Speed|p1a: Ribombee
|-enditem|p1a: Ribombee|Focus Sash
|-damage|p1a: Ribombee|1/100
|move|p1a: Ribombee|Moonblast|p2a: Luke
|-damage|p2a: Luke|0 fnt
|faint|p2a: Luke
|
|upkeep
|
|t:|1758342565
|switch|p2a: Scizor|Scizor, F, shiny|100/100
|-damage|p2a: Scizor|76/100|[from] Spikes
|turn|9
|
|t:|1758342574
|move|p1a: Ribombee|Sticky Web|p2a: Scizor
|-sidestart|p2: jslo32193|move: Sticky Web
|move|p2a: Scizor|Swords Dance|p2a: Scizor
|-boost|p2a: Scizor|atk|2
|
|upkeep
|turn|10
|
|t:|1758342590
|switch|p1a: Cinderace|Cinderace, M, shiny|86/100
|move|p2a: Scizor|Swords Dance|p2a: Scizor
|-boost|p2a: Scizor|atk|2
|
|upkeep
|turn|11
|
|t:|1758342601
|move|p2a: Scizor|Bullet Punch|p1a: Cinderace
|-resisted|p1a: Cinderace
|-damage|p1a: Cinderace|5/100
|-damage|p2a: Scizor|66/100|[from] item: Life Orb
|move|p1a: Cinderace|Pyro Ball|p2a: Scizor|[miss]
|-miss|p1a: Cinderace|p2a: Scizor
|
|upkeep
|turn|12
|
|t:|1758342611
|move|p1a: Cinderace|Sucker Punch|p2a: Scizor
|-start|p1a: Cinderace|typechange|Dark|[from] ability: Libero
|-damage|p2a: Scizor|37/100
|move|p2a: Scizor|Bullet Punch|p1a: Cinderace
|-damage|p1a: Cinderace|0 fnt
|faint|p1a: Cinderace
|-damage|p2a: Scizor|27/100|[from] item: Life Orb
|
|upkeep
|
|t:|1758342632
|switch|p1a: Hatterene|Hatterene, F|100/100
|turn|13
|
|t:|1758342636
|-terastallize|p1a: Hatterene|Water
|move|p2a: Scizor|Bullet Punch|p1a: Hatterene
|-resisted|p1a: Hatterene
|-damage|p1a: Hatterene|48/100
|-damage|p2a: Scizor|10/100|[from] item: Rocky Helmet|[of] p1a: Hatterene
|-damage|p2a: Scizor|0 fnt|[from] item: Life Orb
|faint|p2a: Scizor
|move|p1a: Hatterene|Mystical Fire|p2: Scizor|[notarget]
|-fail|p1a: Hatterene
|
|upkeep
|
|t:|1758342651
|switch|p2a: Zapdos|Zapdos, shiny|100/100
|turn|14
|
|t:|1758342663
|move|p2a: Zapdos|Thunder Wave|p1a: Hatterene
|move|p1a: Hatterene|Thunder Wave|p2a: Zapdos|[from] ability: Magic Bounce
|-immune|p2a: Zapdos
|move|p1a: Hatterene|Mystical Fire|p2a: Zapdos
|-damage|p2a: Zapdos|79/100
|-unboost|p2a: Zapdos|spa|1
|
|-heal|p2a: Zapdos|85/100|[from] item: Leftovers
|upkeep
|turn|15
|
|t:|1758342677
|move|p2a: Zapdos|Thunderbolt|p1a: Hatterene
|-supereffective|p1a: Hatterene
|-damage|p1a: Hatterene|0 fnt
|faint|p1a: Hatterene
|
|-heal|p2a: Zapdos|92/100|[from] item: Leftovers
|upkeep
|
|t:|1758342688
|switch|p1a: Clodsire|Clodsire, M, shiny|100/100
|turn|16
|
|t:|1758342691
|move|p2a: Zapdos|Thunder Wave|p1a: Clodsire
|-immune|p1a: Clodsire
|move|p1a: Clodsire|Toxic|p2a: Zapdos
|-status|p2a: Zapdos|tox
|
|-heal|p2a: Zapdos|98/100 tox|[from] item: Leftovers
|-damage|p2a: Zapdos|92/100 tox|[from] psn
|upkeep
|turn|17
|
|t:|1758342705
|move|p2a: Zapdos|Heat Wave|p1a: Clodsire
|-damage|p1a: Clodsire|80/100
|move|p1a: Clodsire|Toxic|p2a: Zapdos
|-fail|p2a: Zapdos|tox
|
|-heal|p2a: Zapdos|98/100 tox|[from] item: Leftovers
|-damage|p2a: Zapdos|85/100 tox|[from] psn
|upkeep
|turn|18
|
|t:|1758342749
|move|p1a: Clodsire|Protect|p1a: Clodsire
|-singleturn|p1a: Clodsire|Protect
|move|p2a: Zapdos|Heat Wave|p1a: Clodsire
|-activate|p1a: Clodsire|move: Protect
|
|-heal|p2a: Zapdos|92/100 tox|[from] item: Leftovers
|-damage|p2a: Zapdos|73/100 tox|[from] psn
|upkeep
|turn|19
|
|t:|1758342759
|move|p2a: Zapdos|Heat Wave|p1a: Clodsire
|-damage|p1a: Clodsire|57/100
|move|p1a: Clodsire|Toxic|p2a: Zapdos
|-fail|p2a: Zapdos|tox
|
|-heal|p2a: Zapdos|79/100 tox|[from] item: Leftovers
|-damage|p2a: Zapdos|54/100 tox|[from] psn
|upkeep
|turn|20
|
|t:|1758342788
|switch|p2a: Greninja|Greninja, M|100/100
|-damage|p2a: Greninja|76/100|[from] Spikes
|-activate|p2a: Greninja|move: Sticky Web
|-unboost|p2a: Greninja|spe|1
|move|p1a: Clodsire|Recover|p1a: Clodsire
|-heal|p1a: Clodsire|100/100
|
|upkeep
|turn|21
|
|t:|1758342808
|move|p2a: Greninja|Surf|p1a: Clodsire
|-supereffective|p1a: Clodsire
|-damage|p1a: Clodsire|32/100
|-damage|p2a: Greninja|66/100|[from] item: Life Orb
|move|p1a: Clodsire|Toxic|p2a: Greninja
|-status|p2a: Greninja|tox
|
|-damage|p2a: Greninja|60/100 tox|[from] psn
|upkeep
|turn|22
|
|t:|1758342820
|move|p1a: Clodsire|Protect|p1a: Clodsire
|-singleturn|p1a: Clodsire|Protect
|move|p2a: Greninja|Water Shuriken|p1a: Clodsire
|-activate|p1a: Clodsire|move: Protect
|
|-damage|p2a: Greninja|48/100 tox|[from] psn
|upkeep
|turn|23
|
|t:|1758342845
|switch|p1a: Ribombee|Ribombee, M, shiny|1/100
|move|p2a: Greninja|Surf|p1a: Ribombee
|-damage|p1a: Ribombee|0 fnt
|faint|p1a: Ribombee
|-ability|p2a: Greninja|Battle Bond|boost
|-boost|p2a: Greninja|atk|1
|-boost|p2a: Greninja|spa|1
|-boost|p2a: Greninja|spe|1
|-activate|p2a: Greninja|ability: Battle Bond
|-damage|p2a: Greninja|38/100 tox|[from] item: Life Orb
|
|-damage|p2a: Greninja|20/100 tox|[from] psn
|upkeep
|
|t:|1758342853
|switch|p1a: Clodsire|Clodsire, M, shiny|32/100
|turn|24
|
|t:|1758342867
|switch|p2a: Zapdos|Zapdos, shiny|54/100 tox
|move|p1a: Clodsire|Protect||[still]
|-fail|p1a: Clodsire
|
|-heal|p2a: Zapdos|60/100 tox|[from] item: Leftovers
|-damage|p2a: Zapdos|54/100 tox|[from] psn
|upkeep
|turn|25
|
|t:|1758342874
|move|p2a: Zapdos|Heat Wave|p1a: Clodsire
|-crit|p1a: Clodsire
|-damage|p1a: Clodsire|0 fnt
|faint|p1a: Clodsire
|
|-heal|p2a: Zapdos|60/100 tox|[from] item: Leftovers
|-damage|p2a: Zapdos|48/100 tox|[from] psn
|upkeep
|
|t:|1758342881
|switch|p1a: Wo-Chien|Wo-Chien|100/100
|-ability|p1a: Wo-Chien|Tablets of Ruin
|turn|26
|
|t:|1758342889
|move|p2a: Zapdos|Heat Wave|p1a: Wo-Chien
|-supereffective|p1a: Wo-Chien
|-damage|p1a: Wo-Chien|49/100
|move|p1a: Wo-Chien|Leech Seed|p2a: Zapdos
|-start|p2a: Zapdos|move: Leech Seed
|
|-heal|p2a: Zapdos|54/100 tox|[from] item: Leftovers
|-damage|p2a: Zapdos|42/100 tox|[from] Leech Seed|[of] p1a: Wo-Chien
|-heal|p1a: Wo-Chien|64/100|[silent]
|-damage|p2a: Zapdos|23/100 tox|[from] psn
|upkeep
|turn|27
|
|t:|1758342912
|move|p1a: Wo-Chien|Protect|p1a: Wo-Chien
|-singleturn|p1a: Wo-Chien|Protect
|move|p2a: Zapdos|Thunder Wave|p1a: Wo-Chien
|-activate|p1a: Wo-Chien|move: Protect
|
|-heal|p2a: Zapdos|29/100 tox|[from] item: Leftovers
|-damage|p2a: Zapdos|17/100 tox|[from] Leech Seed|[of] p1a: Wo-Chien
|-heal|p1a: Wo-Chien|78/100|[silent]
|-damage|p2a: Zapdos|0 fnt|[from] psn
|faint|p2a: Zapdos
|upkeep
|
|t:|1758342925
|switch|p2a: Greninja|Greninja, M|20/100 tox
|-damage|p2a: Greninja|0 fnt|[from] Spikes
|faint|p2a: Greninja
|
|t:|1758342930
|switch|p2a: Blaziken|Blaziken, M, shiny|100/100
|-damage|p2a: Blaziken|76/100|[from] Spikes
|-activate|p2a: Blaziken|move: Sticky Web
|-unboost|p2a: Blaziken|spe|1
|turn|28
|
|t:|1758342935
|move|p1a: Wo-Chien|Leech Seed|p2a: Blaziken
|-start|p2a: Blaziken|move: Leech Seed
|move|p2a: Blaziken|Bulk Up|p2a: Blaziken
|-boost|p2a: Blaziken|atk|1
|-boost|p2a: Blaziken|def|1
|
|-heal|p2a: Blaziken|82/100|[from] item: Leftovers
|-damage|p2a: Blaziken|69/100|[from] Leech Seed|[of] p1a: Wo-Chien
|-heal|p1a: Wo-Chien|89/100|[silent]
|-ability|p2a: Blaziken|Speed Boost|boost
|-boost|p2a: Blaziken|spe|1
|upkeep
|turn|29
|
|t:|1758342945
|move|p2a: Blaziken|Knock Off|p1a: Wo-Chien
|-resisted|p1a: Wo-Chien
|-damage|p1a: Wo-Chien|74/100
|-enditem|p1a: Wo-Chien|Heavy-Duty Boots|[from] move: Knock Off|[of] p2a: Blaziken
|move|p1a: Wo-Chien|Ruination|p2a: Blaziken
|-damage|p2a: Blaziken|35/100
|
|-heal|p2a: Blaziken|41/100|[from] item: Leftovers
|-damage|p2a: Blaziken|29/100|[from] Leech Seed|[of] p1a: Wo-Chien
|-heal|p1a: Wo-Chien|86/100|[silent]
|-ability|p2a: Blaziken|Speed Boost|boost
|-boost|p2a: Blaziken|spe|1
|upkeep
|turn|30
|
|t:|1758342959
|move|p1a: Wo-Chien|Protect|p1a: Wo-Chien
|-singleturn|p1a: Wo-Chien|Protect
|move|p2a: Blaziken|Close Combat|p1a: Wo-Chien
|-activate|p1a: Wo-Chien|move: Protect
|
|-heal|p2a: Blaziken|35/100|[from] item: Leftovers
|-damage|p2a: Blaziken|22/100|[from] Leech Seed|[of] p1a: Wo-Chien
|-heal|p1a: Wo-Chien|97/100|[silent]
|-ability|p2a: Blaziken|Speed Boost|boost
|-boost|p2a: Blaziken|spe|1
|upkeep
|turn|31
|
|t:|1758342972
|move|p2a: Blaziken|Close Combat|p1a: Wo-Chien
|-supereffective|p1a: Wo-Chien
|-damage|p1a: Wo-Chien|0 fnt
|-unboost|p2a: Blaziken|def|1
|-unboost|p2a: Blaziken|spd|1
|faint|p1a: Wo-Chien
|
|-heal|p2a: Blaziken|28/100|[from] item: Leftovers
|-ability|p2a: Blaziken|Speed Boost|boost
|-boost|p2a: Blaziken|spe|1
|upkeep
|
|t:|1758342975
|switch|p1a: Samurott|Samurott-Hisui, F, shiny|1/100
|turn|32
|
|t:|1758342986
|move|p1a: Samurott|Aqua Jet|p2a: Blaziken
|-supereffective|p2a: Blaziken
|-damage|p2a: Blaziken|0 fnt
|faint|p2a: Blaziken
|
|win|spreadthesalt
|raw|spreadthesalt's rating: 1168 &rarr; <strong>1193</strong><br />(+25 for winning)
|raw|jslo32193's rating: 1174 &rarr; <strong>1149</strong><br />(-25 for losing)
|l|☆jslo32193
|player|p2|
|l|☆spreadthesalt
|player|p1|
