|j|☆that one doujin
|j|☆osamabinnoddin99
|t:|1758342933
|gametype|singles
|player|p1|that one doujin|miku-fairy|1105
|player|p2|osamabinnoddin99|fisherman-gen4|1072
|gen|9
|tier|[Gen 9] OU
|rated|
|rule|HP Percentage Mod: HP is shown in percentages
|rule|Endless Battle Clause: Forcing endless battles is banned
|rule|Species Clause: Limit one of each Pokémon
|rule|OHKO Clause: OHKO moves are banned
|rule|Evasion Items Clause: Evasion items are banned
|rule|Evasion Moves Clause: Evasion moves are banned
|rule|Evasion Abilities Clause: Evasion abilities are banned
|rule|Sleep Moves Clause: Sleep-inducing moves are banned
|clearpoke
|poke|p1|Raichu, M|
|poke|p1|Jolteon, M|
|poke|p1|Zebstrika, M|
|poke|p1|Luxray, M|
|poke|p1|Morpeko, F|
|poke|p1|Pawmot, F|
|poke|p2|Landorus-Therian, M|
|poke|p2|Darkrai|
|poke|p2|Primarina, M|
|poke|p2|Dragonite, M|
|poke|p2|Scizor, M|
|poke|p2|Pecharunt|
|teampreview
|
|t:|1758342942
|teamsize|p1|6
|teamsize|p2|6
|start
|switch|p1a: Zebstrika|Zebstrika, M|100/100
|switch|p2a: Landorus|Landorus-Therian, M|100/100
|-ability|p2a: Landorus|Intimidate|boost
|-unboost|p1a: Zebstrika|atk|1
|turn|1
|
|t:|1758342950
|move|p1a: Zebstrika|Taunt|p2a: Landorus
|-start|p2a: Landorus|move: Taunt
|cant|p2a: Landorus|move: Taunt|Stealth Rock
|
|upkeep
|turn|2
|
|t:|1758342955
|move|p1a: Zebstrika|Rain Dance|p1a: Zebstrika
|-weather|RainDance
|move|p2a: Landorus|Earthquake|p1a: Zebstrika
|-supereffective|p1a: Zebstrika
|-damage|p1a: Zebstrika|0 fnt
|faint|p1a: Zebstrika
|
|-weather|RainDance|[upkeep]
|upkeep
|
|t:|1758342964
|switch|p1a: Raichu|Raichu, M, shiny|100/100
|turn|3
|
|t:|1758342969
|-terastallize|p2a: Landorus|Water
|move|p1a: Raichu|Nasty Plot|p1a: Raichu
|-boost|p1a: Raichu|spa|2
|move|p2a: Landorus|Earthquake|p1a: Raichu
|-supereffective|p1a: Raichu
|-enditem|p1a: Raichu|Focus Sash
|-damage|p1a: Raichu|1/100
|
|-weather|RainDance|[upkeep]
|-end|p2a: Landorus|move: Taunt
|upkeep
|turn|4
|
|t:|1758342981
|move|p1a: Raichu|Thunder|p2a: Landorus
|-supereffective|p2a: Landorus
|-damage|p2a: Landorus|0 fnt
|faint|p2a: Landorus
|
|-weather|RainDance|[upkeep]
|upkeep
|
|t:|1758342985
|switch|p2a: Dragonite|Dragonite, M|100/100
|turn|5
|
|t:|1758342996
|move|p2a: Dragonite|Extreme Speed|p1a: Raichu
|-damage|p1a: Raichu|0 fnt
|faint|p1a: Raichu
|
|-weather|RainDance|[upkeep]
|upkeep
|
|t:|1758343006
|switch|p1a: Morpeko|Morpeko, F|100/100
|turn|6
|
|t:|1758343009
|move|p1a: Morpeko|Fake Out|p2a: Dragonite
|-damage|p2a: Dragonite|94/100
|cant|p2a: Dragonite|flinch
|
|-weather|RainDance|[upkeep]
|-formechange|p1a: Morpeko|Morpeko-Hangry||[from] ability: Hunger Switch
|upkeep
|turn|7
|
|t:|1758343018
|-terastallize|p1a: Morpeko|Ghost
|move|p1a: Morpeko|Parting Shot|p2a: Dragonite
|-unboost|p2a: Dragonite|atk|1
|-unboost|p2a: Dragonite|spa|1
|
|t:|1758343024
|switch|p1a: Luxray|Luxray, M, shiny|100/100|[from] Parting Shot
|-ability|p1a: Luxray|Intimidate|boost
|-unboost|p2a: Dragonite|atk|1
|move|p2a: Dragonite|Dragon Dance|p2a: Dragonite
|-boost|p2a: Dragonite|atk|1
|-boost|p2a: Dragonite|spe|1
|
|-weather|RainDance|[upkeep]
|upkeep
|turn|8
|
|t:|1758343042
|switch|p2a: Darkrai|Darkrai|100/100
|move|p1a: Luxray|Ice Fang|p2a: Darkrai
|-damage|p2a: Darkrai|73/100
|
|-weather|RainDance|[upkeep]
|-heal|p2a: Darkrai|79/100|[from] item: Leftovers
|upkeep
|turn|9
|
|t:|1758343053
|move|p2a: Darkrai|Nasty Plot|p2a: Darkrai
|-boost|p2a: Darkrai|spa|2
|move|p1a: Luxray|Trailblaze|p2a: Darkrai
|-damage|p2a: Darkrai|56/100
|-boost|p1a: Luxray|spe|1
|
|-weather|none
|-heal|p2a: Darkrai|62/100|[from] item: Leftovers
|upkeep
|turn|10
|
|t:|1758343065
|move|p1a: Luxray|Ice Fang|p2a: Darkrai
|-damage|p2a: Darkrai|34/100
|move|p2a: Darkrai|Dark Pulse|p1a: Luxray
|-damage|p1a: Luxray|22/100
|
|-heal|p2a: Darkrai|40/100|[from] item: Leftovers
|upkeep
|turn|11
|
|t:|1758343074
|move|p1a: Luxray|Ice Fang|p2a: Darkrai
|-damage|p2a: Darkrai|13/100
|cant|p2a: Darkrai|flinch
|
|-heal|p2a: Darkrai|19/100|[from] item: Leftovers
|upkeep
|turn|12
|
|t:|1758343084
|switch|p2a: Primarina|Primarina, M|100/100
|move|p1a: Luxray|Ice Fang|p2a: Primarina
|-resisted|p2a: Primarina
|-damage|p2a: Primarina|87/100
|
|upkeep
|turn|13
|
|t:|1758343093
|move|p1a: Luxray|Trailblaze|p2a: Primarina
|-supereffective|p2a: Primarina
|-damage|p2a: Primarina|38/100
|-boost|p1a: Luxray|spe|1
|move|p2a: Primarina|Moonblast|p1a: Luxray
|-damage|p1a: Luxray|0 fnt
|faint|p1a: Luxray
|
|upkeep
|
|t:|1758343103
|switch|p1a: Morpeko|Morpeko-Hangry, F, tera:Ghost|100/100
|turn|14
|
|t:|1758343109
|move|p1a: Morpeko|Fake Out|p2a: Primarina
|-damage|p2a: Primarina|22/100
|cant|p2a: Primarina|flinch
|
|upkeep
|turn|15
|
|t:|1758343117
|move|p1a: Morpeko|Parting Shot|p2a: Primarina
|-unboost|p2a: Primarina|atk|1
|-unboost|p2a: Primarina|spa|1
|
|t:|1758343121
|switch|p1a: Jolteon|Jolteon, M|100/100|[from] Parting Shot
|move|p2a: Primarina|Surf|p1a: Jolteon
|-damage|p1a: Jolteon|35/100
|
|-status|p1a: Jolteon|brn|[from] item: Flame Orb
|upkeep
|turn|16
|
|t:|1758343134
|move|p1a: Jolteon|Thunder|p2a: Primarina|[miss]
|-miss|p1a: Jolteon|p2a: Primarina
|move|p2a: Primarina|Flip Turn|p1a: Jolteon
|-damage|p1a: Jolteon|7/100 brn
|
|t:|1758343141
|switch|p2a: Darkrai|Darkrai|19/100|[from] Flip Turn
|
|-heal|p2a: Darkrai|25/100|[from] item: Leftovers
|-damage|p1a: Jolteon|1/100 brn|[from] brn
|upkeep
|turn|17
|
|t:|1758343149
|move|p1a: Jolteon|Thunder|p2a: Darkrai
|-damage|p2a: Darkrai|0 fnt
|faint|p2a: Darkrai
|
|-damage|p1a: Jolteon|0 fnt|[from] brn
|faint|p1a: Jolteon
|upkeep
|
|t:|1758343159
|switch|p2a: Scizor|Scizor, M|100/100
|switch|p1a: Morpeko|Morpeko-Hangry, F, tera:Ghost|100/100
|turn|18
|
|t:|1758343165
|move|p1a: Morpeko|Fake Out|p2a: Scizor
|-resisted|p2a: Scizor
|-damage|p2a: Scizor|95/100
|cant|p2a: Scizor|flinch
|
|upkeep
|turn|19
|
|t:|1758343172
|move|p1a: Morpeko|Parting Shot|p2a: Scizor
|-unboost|p2a: Scizor|atk|1
|-unboost|p2a: Scizor|spa|1
|
|t:|1758343175
|switch|p1a: Pawmot|Pawmot, F, shiny|100/100|[from] Parting Shot
|move|p2a: Scizor|Knock Off|p1a: Pawmot
|-resisted|p1a: Pawmot
|-damage|p1a: Pawmot|82/100
|-enditem|p1a: Pawmot|Punching Glove|[from] move: Knock Off|[of] p2a: Scizor
|
|upkeep
|turn|20
|
|t:|1758343183
|switch|p2a: Primarina|Primarina, M|22/100
|move|p1a: Pawmot|Bulk Up|p1a: Pawmot
|-boost|p1a: Pawmot|atk|1
|-boost|p1a: Pawmot|def|1
|
|upkeep
|turn|21
|
|t:|1758343190
|move|p1a: Pawmot|Thunder Punch|p2a: Primarina
|-supereffective|p2a: Primarina
|-damage|p2a: Primarina|0 fnt
|faint|p2a: Primarina
|
|upkeep
|
|t:|1758343194
|switch|p2a: Pecharunt|Pecharunt|100/100
|turn|22
|
|t:|1758343205
|move|p1a: Pawmot|Thunder Punch|p2a: Pecharunt
|-damage|p2a: Pecharunt|69/100
|move|p2a: Pecharunt|Malignant Chain|p1a: Pawmot
|-damage|p1a: Pawmot|20/100
|
|upkeep
|turn|23
|
|t:|1758343212
|move|p1a: Pawmot|Thunder Punch|p2a: Pecharunt
|-damage|p2a: Pecharunt|38/100
|move|p2a: Pecharunt|Malignant Chain|p1a: Pawmot
|-damage|p1a: Pawmot|0 fnt
|faint|p1a: Pawmot
|
|upkeep
|
|t:|1758343220
|switch|p1a: Morpeko|Morpeko-Hangry, F, tera:Ghost|100/100
|turn|24
|
|t:|1758343225
|move|p1a: Morpeko|Aura Wheel|p2a: Pecharunt
|-supereffective|p2a: Pecharunt
|-damage|p2a: Pecharunt|0 fnt
|-boost|p1a: Morpeko|spe|1
|faint|p2a: Pecharunt
|
|upkeep
|
|t:|1758343232
|switch|p2a: Dragonite|Dragonite, M|94/100
|turn|25
|
|t:|1758343238
|move|p1a: Morpeko|Knock Off|p2a: Dragonite
|-damage|p2a: Dragonite|49/100
|-enditem|p2a: Dragonite|Heavy-Duty Boots|[from] move: Knock Off|[of] p1a: Morpeko
|move|p2a: Dragonite|Earthquake|p1a: Morpeko
|-damage|p1a: Morpeko|24/100
|
|upkeep
|turn|26
|
|t:|1758343247
|move|p1a: Morpeko|Aura Wheel|p2a: Dragonite
|-damage|p2a: Dragonite|0 fnt
|-boost|p1a: Morpeko|spe|1
|faint|p2a: Dragonite
|
|upkeep
|
|t:|1758343249
|switch|p2a: Scizor|Scizor, M|95/100
|turn|27
|
|t:|1758343256
|move|p2a: Scizor|Bullet Punch|p1a: Morpeko
|-damage|p1a: Morpeko|0 fnt
|faint|p1a: Morpeko
|detailschange|p1: Morpeko|Morpeko, F|[silent]
|
|win|osamabinnoddin99
|raw|that one doujin's rating: 1105 &rarr; <strong>1078</strong><br />(-27 for losing)
|raw|osamabinnoddin99's rating: 1072 &rarr; <strong>1104</strong><br />(+32 for winning)
|c|☆osamabinnoddin99|gg wp
|l|☆that one doujin
|player|p1|
|l|☆osamabinnoddin99
|player|p2|
