|j|☆Firo丶Ennis
|j|☆mojiji
|t:|1758266885
|gametype|singles
|player|p1|Firo丶Ennis|266|1080
|player|p2|mojiji|twins-gen4dp|1089
|gen|9
|tier|[Gen 9] OU
|rated|
|rule|HP Percentage Mod: HP is shown in percentages
|rule|Endless Battle Clause: Forcing endless battles is banned
|rule|Species Clause: Limit one of each Pokémon
|rule|OHKO Clause: OHKO moves are banned
|rule|Evasion Items Clause: Evasion items are banned
|rule|Evasion Moves Clause: Evasion moves are banned
|rule|Evasion Abilities Clause: Evasion abilities are banned
|rule|Sleep Moves Clause: Sleep-inducing moves are banned
|clearpoke
|poke|p1|Glimmora, F|
|poke|p1|Dragonite, F|
|poke|p1|Deoxys-Speed|
|poke|p1|Araquanid, F|
|poke|p1|Scizor, F|
|poke|p1|Iron Moth|
|poke|p2|Samurott-Hisui, M|
|poke|p2|Mamoswine, M|
|poke|p2|Volcanion|
|poke|p2|Hydrapple, M|
|poke|p2|Gholdengo|
|poke|p2|Landorus-Therian, M|
|teampreview
|
|t:|1758266913
|teamsize|p1|6
|teamsize|p2|6
|start
|switch|p1a: Araquanid|Araquanid, F|100/100
|switch|p2a: Mamoswine|Mamoswine, M, shiny|100/100
|turn|1
|
|t:|1758266926
|switch|p2a: Volcanion|Volcanion|100/100
|move|p1a: Araquanid|Sticky Web|p2a: Volcanion
|-sidestart|p2: mojiji|move: Sticky Web
|
|upkeep
|turn|2
|
|t:|1758266941
|switch|p1a: Glimmora|Glimmora, F|100/100
|move|p2a: Volcanion|Steam Eruption|p1a: Glimmora
|-supereffective|p1a: Glimmora
|-damage|p1a: Glimmora|0 fnt
|faint|p1a: Glimmora
|
|upkeep
|
|t:|1758266947
|switch|p1a: Iron Moth|Iron Moth|100/100
|-enditem|p1a: Iron Moth|Booster Energy
|-activate|p1a: Iron Moth|ability: Quark Drive|[fromitem]
|-start|p1a: Iron Moth|quarkdrivespa
|turn|3
|
|t:|1758266959
|switch|p2a: Landorus|Landorus-Therian, M, shiny|100/100
|-ability|p2a: Landorus|Intimidate|boost
|-unboost|p1a: Iron Moth|atk|1
|move|p1a: Iron Moth|Discharge|p2a: Landorus
|-immune|p2a: Landorus
|
|upkeep
|turn|4
|
|t:|1758266971
|move|p2a: Landorus|Stone Edge|p1a: Iron Moth
|-supereffective|p1a: Iron Moth
|-damage|p1a: Iron Moth|0 fnt
|faint|p1a: Iron Moth
|-end|p1a: Iron Moth|Quark Drive|[silent]
|
|upkeep
|
|t:|1758266976
|switch|p1a: Deoxys|Deoxys-Speed|100/100
|-ability|p1a: Deoxys|Pressure
|turn|5
|
|t:|1758266989
|switch|p2a: Samurott|Samurott-Hisui, M, shiny|100/100
|move|p1a: Deoxys|Ice Beam|p2a: Samurott
|-resisted|p2a: Samurott
|-crit|p2a: Samurott
|-damage|p2a: Samurott|75/100
|
|upkeep
|turn|6
|
|t:|1758267000
|move|p1a: Deoxys|Focus Blast|p2a: Samurott
|-supereffective|p2a: Samurott
|-damage|p2a: Samurott|0 fnt
|faint|p2a: Samurott
|
|upkeep
|
|t:|1758267028
|switch|p2a: Gholdengo|Gholdengo, shiny|100/100
|-item|p2a: Gholdengo|Air Balloon
|turn|7
|
|t:|1758267038
|move|p1a: Deoxys|Dark Pulse|p2a: Gholdengo
|-supereffective|p2a: Gholdengo
|-damage|p2a: Gholdengo|65/100
|-enditem|p2a: Gholdengo|Air Balloon
|move|p2a: Gholdengo|Thunder Wave|p1a: Deoxys
|-status|p1a: Deoxys|par
|
|upkeep
|turn|8
|
|t:|1758267058
|switch|p1a: Dragonite|Dragonite, F|100/100
|move|p2a: Gholdengo|Hex|p1a: Dragonite
|-damage|p1a: Dragonite|89/100
|
|upkeep
|turn|9
|
|t:|1758267069
|move|p2a: Gholdengo|Thunder Wave|p1a: Dragonite
|-status|p1a: Dragonite|par
|move|p1a: Dragonite|Dragon Dance|p1a: Dragonite
|-boost|p1a: Dragonite|atk|1
|-boost|p1a: Dragonite|spe|1
|
|upkeep
|turn|10
|
|t:|1758267077
|move|p2a: Gholdengo|Hex|p1a: Dragonite
|-damage|p1a: Dragonite|36/100 par
|move|p1a: Dragonite|Earthquake|p2a: Gholdengo
|-supereffective|p2a: Gholdengo
|-damage|p2a: Gholdengo|0 fnt
|faint|p2a: Gholdengo
|
|upkeep
|
|t:|1758267088
|switch|p2a: Mamoswine|Mamoswine, M, shiny|100/100
|-activate|p2a: Mamoswine|move: Sticky Web
|-unboost|p2a: Mamoswine|spe|1
|turn|11
|
|t:|1758267099
|-terastallize|p1a: Dragonite|Normal
|move|p1a: Dragonite|Extreme Speed|p2a: Mamoswine
|-damage|p2a: Mamoswine|22/100
|move|p2a: Mamoswine|Ice Shard|p1a: Dragonite
|-damage|p1a: Dragonite|9/100 par
|-damage|p2a: Mamoswine|12/100|[from] item: Life Orb
|
|upkeep
|turn|12
|
|t:|1758267109
|move|p1a: Dragonite|Extreme Speed|p2a: Mamoswine
|-damage|p2a: Mamoswine|0 fnt
|faint|p2a: Mamoswine
|
|upkeep
|
|t:|1758267117
|switch|p2a: Landorus|Landorus-Therian, M, shiny|100/100
|-ability|p2a: Landorus|Intimidate|boost
|-unboost|p1a: Dragonite|atk|1
|turn|13
|
|t:|1758267124
|move|p1a: Dragonite|Extreme Speed|p2a: Landorus
|-damage|p2a: Landorus|41/100
|move|p2a: Landorus|U-turn|p1a: Dragonite
|-damage|p1a: Dragonite|0 fnt
|faint|p1a: Dragonite
|
|t:|1758267135
|switch|p2a: Volcanion|Volcanion|100/100|[from] U-turn
|
|upkeep
|
|t:|1758267148
|switch|p1a: Deoxys|Deoxys-Speed|100/100 par
|-ability|p1a: Deoxys|Pressure
|turn|14
|
|t:|1758267155
|move|p2a: Volcanion|Steam Eruption|p1a: Deoxys
|-damage|p1a: Deoxys|56/100 par
|move|p1a: Deoxys|Psycho Boost|p2a: Volcanion
|-damage|p2a: Volcanion|32/100
|-unboost|p1a: Deoxys|spa|2
|
|upkeep
|turn|15
|
|t:|1758267166
|move|p2a: Volcanion|Steam Eruption|p1a: Deoxys
|-damage|p1a: Deoxys|5/100 par
|move|p1a: Deoxys|Psycho Boost|p2a: Volcanion
|-damage|p2a: Volcanion|0 fnt
|-unboost|p1a: Deoxys|spa|2
|faint|p2a: Volcanion
|
|upkeep
|
|t:|1758267178
|switch|p2a: Landorus|Landorus-Therian, M, shiny|41/100
|-ability|p2a: Landorus|Intimidate|boost
|-unboost|p1a: Deoxys|atk|1
|turn|16
|
|t:|1758267185
|move|p2a: Landorus|Earthquake|p1a: Deoxys
|-damage|p1a: Deoxys|0 fnt
|faint|p1a: Deoxys
|
|upkeep
|
|t:|1758267194
|switch|p1a: Araquanid|Araquanid, F|100/100
|turn|17
|
|t:|1758267200
|switch|p2a: Hydrapple|Hydrapple, M, shiny|100/100
|-activate|p2a: Hydrapple|move: Sticky Web
|-unboost|p2a: Hydrapple|spe|1
|move|p1a: Araquanid|Liquidation|p2a: Hydrapple
|-resisted|p2a: Hydrapple
|-damage|p2a: Hydrapple|88/100
|-damage|p1a: Araquanid|84/100|[from] item: Rocky Helmet|[of] p2a: Hydrapple
|-damage|p1a: Araquanid|74/100|[from] item: Life Orb
|
|upkeep
|turn|18
|
|t:|1758267226
|switch|p2a: Landorus|Landorus-Therian, M, shiny|41/100
|-ability|p2a: Landorus|Intimidate|boost
|-unboost|p1a: Araquanid|atk|1
|move|p1a: Araquanid|Leech Life|p2a: Landorus
|-resisted|p2a: Landorus
|-damage|p2a: Landorus|27/100
|-heal|p1a: Araquanid|81/100|[from] drain|[of] p2a: Landorus
|-damage|p1a: Araquanid|71/100|[from] item: Life Orb
|
|upkeep
|turn|19
|
|t:|1758267249
|-terastallize|p2a: Landorus|Flying
|move|p2a: Landorus|Stone Edge|p1a: Araquanid
|-supereffective|p1a: Araquanid
|-damage|p1a: Araquanid|0 fnt
|faint|p1a: Araquanid
|
|upkeep
|
|t:|1758267254
|switch|p1a: Scizor|Scizor, F|100/100
|turn|20
|
|t:|1758267263
|move|p2a: Landorus|Stone Edge|p1a: Scizor
|-damage|p1a: Scizor|53/100
|move|p1a: Scizor|Swords Dance|p1a: Scizor
|-boost|p1a: Scizor|atk|2
|
|upkeep
|turn|21
|
|t:|1758267271
|move|p1a: Scizor|Bullet Punch|p2a: Landorus
|-damage|p2a: Landorus|0 fnt
|faint|p2a: Landorus
|
|upkeep
|
|t:|1758267277
|switch|p2a: Hydrapple|Hydrapple, M, shiny|100/100
|-activate|p2a: Hydrapple|move: Sticky Web
|-unboost|p2a: Hydrapple|spe|1
|turn|22
|
|t:|1758267284
|move|p1a: Scizor|Bullet Punch|p2a: Hydrapple
|-damage|p2a: Hydrapple|61/100
|-damage|p1a: Scizor|37/100|[from] item: Rocky Helmet|[of] p2a: Hydrapple
|move|p2a: Hydrapple|Fickle Beam|p1a: Scizor
|-resisted|p1a: Scizor
|-crit|p1a: Scizor
|-damage|p1a: Scizor|10/100
|
|upkeep
|turn|23
|
|t:|1758267293
|move|p1a: Scizor|Close Combat|p2a: Hydrapple
|-crit|p2a: Hydrapple
|-damage|p2a: Hydrapple|0 fnt
|-unboost|p1a: Scizor|def|1
|-unboost|p1a: Scizor|spd|1
|-damage|p1a: Scizor|0 fnt|[from] item: Rocky Helmet|[of] p2a: Hydrapple
|faint|p2a: Hydrapple
|faint|p1a: Scizor
|
|win|Firo丶Ennis
|raw|Firo丶Ennis's rating: 1080 &rarr; <strong>1109</strong><br />(+29 for winning)
|raw|mojiji's rating: 1089 &rarr; <strong>1065</strong><br />(-24 for losing)
|l|☆mojiji
|player|p2|
