|j|☆madensuyu
|j|☆DampRockstar
|t:|1758312928
|gametype|singles
|player|p1|madensuyu|gambler|1190
|player|p2|DampRockstar|hoopster|1239
|gen|9
|tier|[Gen 9] OU
|rated|
|rule|HP Percentage Mod: HP is shown in percentages
|rule|Endless Battle Clause: Forcing endless battles is banned
|rule|Species Clause: Limit one of each Pokémon
|rule|OHKO Clause: OHKO moves are banned
|rule|Evasion Items Clause: Evasion items are banned
|rule|Evasion Moves Clause: Evasion moves are banned
|rule|Evasion Abilities Clause: Evasion abilities are banned
|rule|Sleep Moves Clause: Sleep-inducing moves are banned
|clearpoke
|poke|p1|Galvantula, M|
|poke|p1|Corviknight, M|
|poke|p1|Iron Treads|
|poke|p1|Dragapult, F|
|poke|p1|Scizor, F|
|poke|p1|Iron Moth|
|poke|p2|Falinks|
|poke|p2|Polteageist|
|poke|p2|Cinderace, M|
|poke|p2|Regidrago|
|poke|p2|Skeledirge, F|
|poke|p2|Cinccino, F|
|teampreview
|inactive|Battle timer is ON: inactive players will automatically lose when time's up. (requested by DampRockstar)
|inactive|madensuyu also wants the timer to be on.
|
|t:|1758312945
|teamsize|p1|6
|teamsize|p2|6
|start
|switch|p1a: Galvantula|Galvantula, M|100/100
|switch|p2a: Falinks|Falinks|100/100
|turn|1
|
|t:|1758312954
|move|p1a: Galvantula|Thunder Wave|p2a: Falinks
|-status|p2a: Falinks|par
|cant|p2a: Falinks|par
|
|upkeep
|turn|2
|
|t:|1758312961
|move|p1a: Galvantula|Lunge|p2a: Falinks
|-resisted|p2a: Falinks
|-damage|p2a: Falinks|87/100 par
|-unboost|p2a: Falinks|atk|1
|-ability|p2a: Falinks|Defiant|boost
|-boost|p2a: Falinks|atk|2
|move|p2a: Falinks|No Retreat|p2a: Falinks
|-boost|p2a: Falinks|atk|1
|-boost|p2a: Falinks|def|1
|-boost|p2a: Falinks|spa|1
|-boost|p2a: Falinks|spd|1
|-boost|p2a: Falinks|spe|1
|-start|p2a: Falinks|move: No Retreat
|
|upkeep
|turn|3
|
|t:|1758312974
|move|p1a: Galvantula|Sticky Web|p2a: Falinks
|-sidestart|p2: DampRockstar|move: Sticky Web
|cant|p2a: Falinks|par
|
|upkeep
|turn|4
|
|t:|1758312979
|move|p1a: Galvantula|Thunder|p2a: Falinks
|-damage|p2a: Falinks|44/100 par
|move|p2a: Falinks|Knock Off|p1a: Galvantula
|-damage|p1a: Galvantula|8/100
|-enditem|p1a: Galvantula|Focus Sash|[from] move: Knock Off|[of] p2a: Falinks
|
|upkeep
|turn|5
|
|t:|1758312993
|move|p1a: Galvantula|Thunder|p2a: Falinks
|-damage|p2a: Falinks|0 fnt
|faint|p2a: Falinks
|
|upkeep
|
|t:|1758313011
|switch|p2a: Cinderace|Cinderace, M|100/100
|turn|6
|
|t:|1758313026
|switch|p1a: Iron Moth|Iron Moth|100/100
|-enditem|p1a: Iron Moth|Booster Energy
|-activate|p1a: Iron Moth|ability: Quark Drive|[fromitem]
|-start|p1a: Iron Moth|quarkdrivespa
|move|p2a: Cinderace|Court Change|p2a: Cinderace
|-start|p2a: Cinderace|typechange|Normal|[from] ability: Libero
|-swapsideconditions
|-activate|p2a: Cinderace|move: Court Change
|
|upkeep
|turn|7
|inactive|madensuyu has 120 seconds left.
|
|t:|1758313060
|move|p2a: Cinderace|U-turn|p1a: Iron Moth
|-resisted|p1a: Iron Moth
|-damage|p1a: Iron Moth|92/100
|
|t:|1758313067
|switch|p2a: Skeledirge|Skeledirge, F|100/100|[from] U-turn
|move|p1a: Iron Moth|Discharge|p2a: Skeledirge
|-damage|p2a: Skeledirge|63/100
|
|-heal|p2a: Skeledirge|69/100|[from] item: Leftovers
|upkeep
|turn|8
|inactive|madensuyu has 120 seconds left.
|
|t:|1758313079
|move|p1a: Iron Moth|Discharge|p2a: Skeledirge
|-damage|p2a: Skeledirge|30/100
|move|p2a: Skeledirge|Roar|p1a: Iron Moth
|-end|p1a: Iron Moth|Quark Drive|[silent]
|drag|p1a: Scizor|Scizor, F|100/100
|-activate|p1a: Scizor|move: Sticky Web
|-unboost|p1a: Scizor|spe|1
|
|-heal|p2a: Skeledirge|36/100|[from] item: Leftovers
|upkeep
|turn|9
|inactive|madensuyu has 120 seconds left.
|
|t:|1758313104
|switch|p1a: Iron Moth|Iron Moth|92/100
|-activate|p1a: Iron Moth|move: Sticky Web
|-unboost|p1a: Iron Moth|spe|1
|-terastallize|p2a: Skeledirge|Grass
|move|p2a: Skeledirge|Slack Off|p2a: Skeledirge
|-heal|p2a: Skeledirge|86/100
|
|-heal|p2a: Skeledirge|92/100|[from] item: Leftovers
|upkeep
|turn|10
|
|t:|1758313115
|move|p1a: Iron Moth|Flamethrower|p2a: Skeledirge
|-supereffective|p2a: Skeledirge
|-damage|p2a: Skeledirge|0 fnt
|faint|p2a: Skeledirge
|
|upkeep
|
|t:|1758313127
|switch|p2a: Polteageist|Polteageist|100/100
|turn|11
|
|t:|1758313147
|move|p2a: Polteageist|Shell Smash|p2a: Polteageist
|-unboost|p2a: Polteageist|def|1
|-unboost|p2a: Polteageist|spd|1
|-boost|p2a: Polteageist|atk|2
|-boost|p2a: Polteageist|spa|2
|-boost|p2a: Polteageist|spe|2
|move|p1a: Iron Moth|Dazzling Gleam|p2a: Polteageist
|-damage|p2a: Polteageist|52/100
|
|upkeep
|turn|12
|
|t:|1758313163
|move|p2a: Polteageist|Stored Power|p1a: Iron Moth
|-supereffective|p1a: Iron Moth
|-damage|p1a: Iron Moth|0 fnt
|faint|p1a: Iron Moth
|-end|p1a: Iron Moth|Quark Drive|[silent]
|
|upkeep
|
|t:|1758313168
|switch|p1a: Scizor|Scizor, F|100/100
|-activate|p1a: Scizor|move: Sticky Web
|-unboost|p1a: Scizor|spe|1
|turn|13
|inactive|DampRockstar has 120 seconds left.
|
|t:|1758313202
|move|p1a: Scizor|Bullet Punch|p2a: Polteageist
|-damage|p2a: Polteageist|0 fnt
|faint|p2a: Polteageist
|
|upkeep
|inactive|DampRockstar has 120 seconds left.
|
|t:|1758313208
|switch|p2a: Cinderace|Cinderace, M|100/100
|turn|14
|
|t:|1758313218
|switch|p1a: Galvantula|Galvantula, M|8/100
|-activate|p1a: Galvantula|move: Sticky Web
|-unboost|p1a: Galvantula|spe|1
|move|p2a: Cinderace|Pyro Ball|p1a: Galvantula|[miss]
|-miss|p2a: Cinderace|p1a: Galvantula
|
|upkeep
|turn|15
|
|t:|1758313227
|move|p2a: Cinderace|Pyro Ball|p1a: Galvantula
|-supereffective|p1a: Galvantula
|-damage|p1a: Galvantula|0 fnt
|faint|p1a: Galvantula
|
|upkeep
|inactive|madensuyu has 90 seconds left.
|
|t:|1758313254
|switch|p1a: Iron Treads|Iron Treads|100/100
|-activate|p1a: Iron Treads|move: Sticky Web
|-unboost|p1a: Iron Treads|spe|1
|-enditem|p1a: Iron Treads|Booster Energy
|-activate|p1a: Iron Treads|ability: Quark Drive|[fromitem]
|-start|p1a: Iron Treads|quarkdriveatk
|turn|16
|inactive|madensuyu has 90 seconds left.
|
|t:|1758313266
|-terastallize|p1a: Iron Treads|Water
|move|p2a: Cinderace|High Jump Kick|p1a: Iron Treads
|-start|p2a: Cinderace|typechange|Fighting|[from] ability: Libero
|-damage|p1a: Iron Treads|48/100
|move|p1a: Iron Treads|Rapid Spin|p2a: Cinderace
|-crit|p2a: Cinderace
|-damage|p2a: Cinderace|53/100
|-boost|p1a: Iron Treads|spe|1
|-sideend|p1: madensuyu|Sticky Web|[from] move: Rapid Spin|[of] p1a: Iron Treads
|
|upkeep
|turn|17
|inactive|madensuyu has 90 seconds left.
|
|t:|1758313283
|move|p2a: Cinderace|High Jump Kick|p1a: Iron Treads
|-damage|p1a: Iron Treads|0 fnt
|faint|p1a: Iron Treads
|-end|p1a: Iron Treads|Quark Drive|[silent]
|
|upkeep
|
|t:|1758313287
|switch|p1a: Dragapult|Dragapult, F|100/100
|turn|18
|inactive|madensuyu has 90 seconds left.
|
|t:|1758313299
|move|p1a: Dragapult|Outrage|p2a: Cinderace
|-damage|p2a: Cinderace|0 fnt
|faint|p2a: Cinderace
|
|upkeep
|
|t:|1758313304
|switch|p2a: Regidrago|Regidrago|100/100
|turn|19
|inactive|madensuyu has 90 seconds left.
|
|t:|1758313320
|move|p2a: Regidrago|Dragon Energy|p1a: Dragapult
|-supereffective|p1a: Dragapult
|-damage|p1a: Dragapult|0 fnt
|faint|p1a: Dragapult
|
|upkeep
|
|t:|1758313325
|switch|p1a: Corviknight|Corviknight, M|100/100
|-ability|p1a: Corviknight|Pressure
|turn|20
|
|t:|1758313334
|switch|p2a: Cinccino|Cinccino, F|100/100
|move|p1a: Corviknight|Body Slam|p2a: Cinccino
|-damage|p2a: Cinccino|60/100
|-status|p2a: Cinccino|par
|
|upkeep
|turn|21
|
|t:|1758313344
|move|p2a: Cinccino|Tidy Up|p2a: Cinccino
|-boost|p2a: Cinccino|atk|1
|-boost|p2a: Cinccino|spe|1
|move|p1a: Corviknight|Iron Head|p2a: Cinccino
|-damage|p2a: Cinccino|2/100 par
|
|upkeep
|turn|22
|inactive|DampRockstar has 120 seconds left.
|
|t:|1758313403
|move|p2a: Cinccino|Triple Axel|p1a: Corviknight
|-damage|p1a: Corviknight|89/100
|-damage|p1a: Corviknight|70/100
|-damage|p1a: Corviknight|38/100
|-hitcount|p1a: Corviknight|3
|move|p1a: Corviknight|Iron Head|p2a: Cinccino
|-damage|p2a: Cinccino|0 fnt
|faint|p2a: Cinccino
|
|-heal|p1a: Corviknight|44/100|[from] item: Leftovers
|upkeep
|
|t:|1758313412
|switch|p2a: Regidrago|Regidrago|100/100
|turn|23
|inactive|DampRockstar has 90 seconds left.
|
|t:|1758313440
|move|p2a: Regidrago|Ancient Power|p1a: Corviknight
|-damage|p1a: Corviknight|27/100
|move|p1a: Corviknight|Roost|p1a: Corviknight
|-heal|p1a: Corviknight|77/100
|-singleturn|p1a: Corviknight|move: Roost
|
|-heal|p1a: Corviknight|83/100|[from] item: Leftovers
|upkeep
|turn|24
|
|t:|1758313449
|move|p2a: Regidrago|Ancient Power|p1a: Corviknight
|-damage|p1a: Corviknight|66/100
|move|p1a: Corviknight|Body Slam|p2a: Regidrago
|-damage|p2a: Regidrago|74/100
|-status|p2a: Regidrago|par
|
|-heal|p1a: Corviknight|73/100|[from] item: Leftovers
|upkeep
|turn|25
|inactive|madensuyu has 120 seconds left.
|
|t:|1758313471
|cant|p2a: Regidrago|par
|move|p1a: Corviknight|Iron Head|p2a: Regidrago
|-damage|p2a: Regidrago|39/100 par
|
|-heal|p1a: Corviknight|79/100|[from] item: Leftovers
|upkeep
|turn|26
|c|☆madensuyu|gg
|
|t:|1758313486
|move|p2a: Regidrago|Ancient Power|p1a: Corviknight
|-damage|p1a: Corviknight|61/100
|move|p1a: Corviknight|Iron Head|p2a: Regidrago
|-damage|p2a: Regidrago|3/100 par
|
|-heal|p1a: Corviknight|67/100|[from] item: Leftovers
|upkeep
|turn|27
|c|☆DampRockstar|gg
|
|t:|1758313496
|move|p2a: Regidrago|Ancient Power|p1a: Corviknight
|-damage|p1a: Corviknight|51/100
|move|p1a: Corviknight|Iron Head|p2a: Regidrago
|-damage|p2a: Regidrago|0 fnt
|faint|p2a: Regidrago
|
|win|madensuyu
|raw|madensuyu's rating: 1190 &rarr; <strong>1219</strong><br />(+29 for winning)
|raw|DampRockstar's rating: 1239 &rarr; <strong>1210</strong><br />(-29 for losing)
|l|☆DampRockstar
|player|p2|
|l|☆madensuyu
|player|p1|
