|j|☆Yothas
|j|☆katapuldrawr
|t:|1758307744
|gametype|singles
|player|p1|Yothas|2|1240
|player|p2|katapuldrawr|101|1256
|gen|9
|tier|[Gen 9] OU
|rated|
|rule|HP Percentage Mod: HP is shown in percentages
|rule|Endless Battle Clause: Forcing endless battles is banned
|rule|Species Clause: Limit one of each Pokémon
|rule|OHKO Clause: OHKO moves are banned
|rule|Evasion Items Clause: Evasion items are banned
|rule|Evasion Moves Clause: Evasion moves are banned
|rule|Evasion Abilities Clause: Evasion abilities are banned
|rule|Sleep Moves Clause: Sleep-inducing moves are banned
|clearpoke
|poke|p1|Slaking, F|
|poke|p1|Clodsire, F|
|poke|p1|Clefable, F|
|poke|p1|Medicham, M|
|poke|p1|Landorus-Therian, M|
|poke|p1|Blastoise, F|
|poke|p2|Zapdos|
|poke|p2|Infernape, F|
|poke|p2|Weezing-Galar, F|
|poke|p2|Ting-Lu|
|poke|p2|Lokix, F|
|poke|p2|Kyurem|
|teampreview
|inactive|Battle timer is ON: inactive players will automatically lose when time's up. (requested by Yothas)
|inactive|katapuldrawr has 120 seconds left.
|inactive|katapuldrawr has 90 seconds left.
|
|t:|1758307836
|teamsize|p1|6
|teamsize|p2|6
|start
|switch|p1a: Slaking|Slaking, F|100/100
|switch|p2a: Kyurem|Kyurem|100/100
|-ability|p2a: Kyurem|Pressure
|turn|1
|
|t:|1758307844
|switch|p2a: Zapdos|Zapdos|100/100
|move|p1a: Slaking|Giga Impact|p2a: Zapdos
|-damage|p2a: Zapdos|8/100
|-mustrecharge|p1a: Slaking
|
|upkeep
|turn|2
|
|t:|1758307851
|cant|p1a: Slaking|recharge
|move|p2a: Zapdos|Discharge|p1a: Slaking
|-damage|p1a: Slaking|65/100
|
|upkeep
|turn|3
|
|t:|1758307858
|switch|p1a: Clodsire|Clodsire, F|100/100
|move|p2a: Zapdos|U-turn|p1a: Clodsire
|-resisted|p1a: Clodsire
|-damage|p1a: Clodsire|93/100
|
|t:|1758307866
|switch|p2a: Kyurem|Kyurem|100/100|[from] U-turn
|-ability|p2a: Kyurem|Pressure
|
|-heal|p1a: Clodsire|99/100|[from] item: Leftovers
|upkeep
|turn|4
|
|t:|1758307874
|move|p2a: Kyurem|Freeze-Dry|p1a: Clodsire
|-supereffective|p1a: Clodsire
|-damage|p1a: Clodsire|45/100
|move|p1a: Clodsire|Toxic|p2a: Kyurem
|-status|p2a: Kyurem|tox
|
|-heal|p1a: Clodsire|51/100|[from] item: Leftovers
|-damage|p2a: Kyurem|94/100 tox|[from] psn
|upkeep
|turn|5
|
|t:|1758307883
|switch|p1a: Clefable|Clefable, F|100/100
|move|p2a: Kyurem|Freeze-Dry|p1a: Clefable
|-damage|p1a: Clefable|46/100
|
|-heal|p1a: Clefable|53/100|[from] item: Leftovers
|-damage|p2a: Kyurem|82/100 tox|[from] psn
|upkeep
|turn|6
|
|t:|1758307889
|move|p2a: Kyurem|Freeze-Dry|p1a: Clefable
|-damage|p1a: Clefable|1/100
|move|p1a: Clefable|Stealth Rock|p2a: Kyurem
|-sidestart|p2: katapuldrawr|move: Stealth Rock
|
|-heal|p1a: Clefable|7/100|[from] item: Leftovers
|-damage|p2a: Kyurem|64/100 tox|[from] psn
|upkeep
|turn|7
|
|t:|1758307902
|move|p2a: Kyurem|Freeze-Dry|p1a: Clefable
|-damage|p1a: Clefable|0 fnt
|faint|p1a: Clefable
|
|-damage|p2a: Kyurem|39/100 tox|[from] psn
|upkeep
|
|t:|1758307905
|switch|p1a: Slaking|Slaking, F|65/100
|turn|8
|
|t:|1758307908
|switch|p2a: Zapdos|Zapdos|8/100
|move|p1a: Slaking|Knock Off|p2a: Zapdos
|-damage|p2a: Zapdos|0 fnt
|-enditem|p2a: Zapdos|Heavy-Duty Boots|[from] move: Knock Off|[of] p1a: Slaking
|faint|p2a: Zapdos
|
|upkeep
|
|t:|1758307918
|switch|p2a: Infernape|Infernape, F|100/100
|-damage|p2a: Infernape|88/100|[from] Stealth Rock
|turn|9
|
|t:|1758307928
|switch|p1a: Landorus|Landorus-Therian, M|100/100
|-ability|p1a: Landorus|Intimidate|boost
|-unboost|p2a: Infernape|atk|1
|move|p2a: Infernape|Nasty Plot|p2a: Infernape
|-boost|p2a: Infernape|spa|2
|
|upkeep
|turn|10
|
|t:|1758307937
|switch|p1a: Clodsire|Clodsire, F|51/100
|move|p2a: Infernape|Endure||[still]
|-fail|p2a: Infernape
|
|-heal|p1a: Clodsire|57/100|[from] item: Leftovers
|upkeep
|turn|11
|
|t:|1758307945
|-terastallize|p2a: Infernape|Fire
|move|p2a: Infernape|Flamethrower|p1a: Clodsire
|-damage|p1a: Clodsire|27/100
|move|p1a: Clodsire|Toxic|p2a: Infernape
|-status|p2a: Infernape|tox
|
|-heal|p1a: Clodsire|34/100|[from] item: Leftovers
|-damage|p2a: Infernape|82/100 tox|[from] psn
|upkeep
|turn|12
|
|t:|1758307951
|move|p2a: Infernape|Flamethrower|p1a: Clodsire
|-damage|p1a: Clodsire|5/100
|move|p1a: Clodsire|Recover|p1a: Clodsire
|-heal|p1a: Clodsire|55/100
|
|-heal|p1a: Clodsire|61/100|[from] item: Leftovers
|-damage|p2a: Infernape|70/100 tox|[from] psn
|upkeep
|turn|13
|c|☆katapuldrawr|nah
|c|☆katapuldrawr|that mon is evil
|-message|katapuldrawr forfeited.
|
|win|Yothas
|raw|Yothas's rating: 1240 &rarr; <strong>1266</strong><br />(+26 for winning)
|raw|katapuldrawr's rating: 1256 &rarr; <strong>1230</strong><br />(-26 for losing)
|l|☆katapuldrawr
|player|p2|
|l|☆Yothas
|player|p1|
