|j|☆Edkdkclslww
|j|☆rellmise
|t:|1758350503
|gametype|singles
|player|p1|Edkdkclslww|jacq|1171
|player|p2|rellmise|allister-masters|1157
|gen|9
|tier|[Gen 9] OU
|rated|
|rule|HP Percentage Mod: HP is shown in percentages
|rule|Endless Battle Clause: Forcing endless battles is banned
|rule|Species Clause: Limit one of each Pokémon
|rule|OHKO Clause: OHKO moves are banned
|rule|Evasion Items Clause: Evasion items are banned
|rule|Evasion Moves Clause: Evasion moves are banned
|rule|Evasion Abilities Clause: Evasion abilities are banned
|rule|Sleep Moves Clause: Sleep-inducing moves are banned
|clearpoke
|poke|p1|Haxorus, F|
|poke|p1|Deoxys-Speed|
|poke|p1|Dragonite, M|
|poke|p1|Gholdengo|
|poke|p1|Ting-Lu|
|poke|p1|Corviknight, F|
|poke|p2|Great Tusk|
|poke|p2|Heatran, M|
|poke|p2|Weavile, F|
|poke|p2|Pecharunt|
|poke|p2|Ogerpon-Wellspring, F|
|poke|p2|Enamorus, F|
|teampreview
|
|t:|1758350516
|teamsize|p1|6
|teamsize|p2|6
|start
|switch|p1a: Deoxys|Deoxys-Speed|100/100
|switch|p2a: Heatransgender|Heatran, M|100/100
|-ability|p1a: Deoxys|Pressure
|-item|p2a: Heatransgender|Air Balloon
|turn|1
|
|t:|1758350552
|move|p1a: Deoxys|Superpower|p2a: Heatransgender
|-supereffective|p2a: Heatransgender
|-damage|p2a: Heatransgender|21/100
|-unboost|p1a: Deoxys|atk|1
|-unboost|p1a: Deoxys|def|1
|-enditem|p2a: Heatransgender|Air Balloon
|-damage|p1a: Deoxys|91/100|[from] item: Life Orb
|move|p2a: Heatransgender|Magma Storm|p1a: Deoxys
|-damage|p1a: Deoxys|0 fnt
|faint|p1a: Deoxys
|
|upkeep
|
|t:|1758350568
|switch|p1a: Plus Ultra|Haxorus, F, shiny|100/100
|-ability|p1a: Plus Ultra|Mold Breaker
|turn|2
|
|t:|1758350578
|switch|p2a: lesbian aunt|Enamorus, F|100/100
|move|p1a: Plus Ultra|Scale Shot|p2a: lesbian aunt
|-immune|p2a: lesbian aunt
|
|upkeep
|turn|3
|
|t:|1758350600
|-terastallize|p1a: Plus Ultra|Electric
|move|p2a: lesbian aunt|Earth Power|p1a: Plus Ultra
|-supereffective|p1a: Plus Ultra
|-damage|p1a: Plus Ultra|8/100
|-unboost|p1a: Plus Ultra|spd|1
|move|p1a: Plus Ultra|Tera Blast|p2a: lesbian aunt|[anim] Tera Blast Electric
|-supereffective|p2a: lesbian aunt
|-damage|p2a: lesbian aunt|0 fnt
|faint|p2a: lesbian aunt
|
|upkeep
|
|t:|1758350612
|switch|p2a: I LAND AXEL #TRUE|Weavile, F|100/100
|-ability|p2a: I LAND AXEL #TRUE|Pressure
|turn|4
|
|t:|1758350622
|move|p2a: I LAND AXEL #TRUE|Ice Shard|p1a: Plus Ultra
|-damage|p1a: Plus Ultra|0 fnt
|faint|p1a: Plus Ultra
|
|upkeep
|
|t:|1758350624
|switch|p1a: Corviknight|Corviknight, F|100/100
|-ability|p1a: Corviknight|Pressure
|turn|5
|
|t:|1758350660
|switch|p2a: bisexual daughter|Ogerpon-Wellspring, F|100/100
|move|p1a: Corviknight|U-turn|p2a: bisexual daughter
|-supereffective|p2a: bisexual daughter
|-damage|p2a: bisexual daughter|63/100
|
|t:|1758350668
|switch|p1a: Dragonite|Dragonite, M|100/100|[from] U-turn
|
|upkeep
|turn|6
|
|t:|1758350690
|switch|p2a: mochi michael|Pecharunt|100/100
|move|p1a: Dragonite|Dragon Tail|p2a: mochi michael
|-damage|p2a: mochi michael|85/100
|-damage|p1a: Dragonite|84/100|[from] item: Rocky Helmet|[of] p2a: mochi michael
|drag|p2a: I LAND AXEL #TRUE|Weavile, F|100/100
|-ability|p2a: I LAND AXEL #TRUE|Pressure
|
|upkeep
|turn|7
|
|t:|1758350702
|switch|p1a: Corviknight|Corviknight, F|100/100
|-ability|p1a: Corviknight|Pressure
|move|p2a: I LAND AXEL #TRUE|Triple Axel|p1a: Corviknight
|-damage|p1a: Corviknight|92/100
|-damage|p2a: I LAND AXEL #TRUE|84/100|[from] item: Rocky Helmet|[of] p1a: Corviknight
|-damage|p1a: Corviknight|74/100
|-damage|p2a: I LAND AXEL #TRUE|68/100|[from] item: Rocky Helmet|[of] p1a: Corviknight
|-hitcount|p1a: Corviknight|2
|
|upkeep
|turn|8
|
|t:|1758350720
|switch|p2a: mochi michael|Pecharunt|85/100
|move|p1a: Corviknight|Brave Bird|p2a: mochi michael
|-damage|p2a: mochi michael|67/100
|-damage|p1a: Corviknight|57/100|[from] item: Rocky Helmet|[of] p2a: mochi michael
|-damage|p1a: Corviknight|52/100|[from] Recoil
|
|upkeep
|turn|9
|
|t:|1758350732
|move|p2a: mochi michael|Shadow Ball|p1a: Corviknight
|-damage|p1a: Corviknight|28/100
|move|p1a: Corviknight|Roost|p1a: Corviknight
|-heal|p1a: Corviknight|78/100
|-singleturn|p1a: Corviknight|move: Roost
|
|upkeep
|turn|10
|
|t:|1758350740
|move|p2a: mochi michael|Recover|p2a: mochi michael
|-heal|p2a: mochi michael|100/100
|move|p1a: Corviknight|Roost|p1a: Corviknight
|-heal|p1a: Corviknight|100/100
|-singleturn|p1a: Corviknight|move: Roost
|
|upkeep
|turn|11
|
|t:|1758350748
|move|p2a: mochi michael|Shadow Ball|p1a: Corviknight
|-damage|p1a: Corviknight|77/100
|-unboost|p1a: Corviknight|spd|1
|move|p1a: Corviknight|U-turn|p2a: mochi michael
|-resisted|p2a: mochi michael
|-damage|p2a: mochi michael|99/100
|-damage|p1a: Corviknight|60/100|[from] item: Rocky Helmet|[of] p2a: mochi michael
|
|t:|1758350753
|switch|p1a: Gholdengo|Gholdengo|100/100|[from] U-turn
|-item|p1a: Gholdengo|Air Balloon
|
|upkeep
|turn|12
|
|t:|1758350785
|switch|p2a: woke dog|Great Tusk, shiny|100/100
|move|p1a: Gholdengo|Thunder Wave|p2a: woke dog
|-immune|p2a: woke dog
|
|upkeep
|turn|13
|
|t:|1758350795
|move|p2a: woke dog|Ice Spinner|p1a: Gholdengo
|-resisted|p1a: Gholdengo
|-damage|p1a: Gholdengo|91/100
|-enditem|p1a: Gholdengo|Air Balloon
|move|p1a: Gholdengo|Make It Rain|p2a: woke dog
|-damage|p2a: woke dog|15/100
|-unboost|p1a: Gholdengo|spa|1
|
|upkeep
|turn|14
|
|t:|1758350806
|switch|p1a: Corviknight|Corviknight, F|60/100
|-ability|p1a: Corviknight|Pressure
|-terastallize|p2a: woke dog|Ground
|move|p2a: woke dog|Headlong Rush|p1a: Corviknight
|-immune|p1a: Corviknight
|
|upkeep
|turn|15
|
|t:|1758350822
|-end|p2a: woke dog|Protosynthesis|[silent]
|switch|p2a: mochi michael|Pecharunt|99/100
|move|p1a: Corviknight|Roost|p1a: Corviknight
|-heal|p1a: Corviknight|100/100
|-singleturn|p1a: Corviknight|move: Roost
|
|upkeep
|turn|16
|
|t:|1758350830
|switch|p1a: Ting-Lu|Ting-Lu|100/100
|-ability|p1a: Ting-Lu|Vessel of Ruin
|move|p2a: mochi michael|Shadow Ball|p1a: Ting-Lu
|-resisted|p1a: Ting-Lu
|-damage|p1a: Ting-Lu|95/100
|
|-heal|p1a: Ting-Lu|100/100|[from] item: Leftovers
|upkeep
|turn|17
|
|t:|1758350840
|move|p2a: mochi michael|Malignant Chain|p1a: Ting-Lu
|-resisted|p1a: Ting-Lu
|-damage|p1a: Ting-Lu|94/100
|-status|p1a: Ting-Lu|tox
|-start|p1a: Ting-Lu|confusion|[from] ability: Poison Puppeteer|[of] p2a: mochi michael
|-activate|p1a: Ting-Lu|confusion
|move|p1a: Ting-Lu|Stealth Rock|p2a: mochi michael
|-sidestart|p2: rellmise|move: Stealth Rock
|
|-heal|p1a: Ting-Lu|99/100 tox|[from] item: Leftovers
|-damage|p1a: Ting-Lu|94/100 tox|[from] psn
|upkeep
|turn|18
|
|t:|1758350859
|move|p2a: mochi michael|Parting Shot|p1a: Ting-Lu
|-unboost|p1a: Ting-Lu|atk|1
|-unboost|p1a: Ting-Lu|spa|1
|
|t:|1758350869
|switch|p2a: bisexual daughter|Ogerpon-Wellspring, F|63/100|[from] Parting Shot
|-damage|p2a: bisexual daughter|50/100|[from] Stealth Rock
|-end|p1a: Ting-Lu|confusion
|move|p1a: Ting-Lu|Ruination|p2a: bisexual daughter
|-damage|p2a: bisexual daughter|25/100
|
|-heal|p1a: Ting-Lu|99/100 tox|[from] item: Leftovers
|-damage|p1a: Ting-Lu|88/100 tox|[from] psn
|upkeep
|turn|19
|
|t:|1758350883
|switch|p1a: Dragonite|Dragonite, M|84/100
|move|p2a: bisexual daughter|Horn Leech|p1a: Dragonite
|-resisted|p1a: Dragonite
|-damage|p1a: Dragonite|73/100
|-heal|p2a: bisexual daughter|32/100|[from] drain|[of] p1a: Dragonite
|
|upkeep
|turn|20
|
|t:|1758350902
|switch|p2a: mochi michael|Pecharunt|99/100
|-damage|p2a: mochi michael|87/100|[from] Stealth Rock
|move|p1a: Dragonite|Roost|p1a: Dragonite
|-heal|p1a: Dragonite|100/100
|-singleturn|p1a: Dragonite|move: Roost
|
|upkeep
|turn|21
|
|t:|1758350912
|switch|p1a: Corviknight|Corviknight, F|100/100
|-ability|p1a: Corviknight|Pressure
|move|p2a: mochi michael|Malignant Chain|p1a: Corviknight
|-immune|p1a: Corviknight
|
|upkeep
|turn|22
|
|t:|1758350919
|switch|p1a: Ting-Lu|Ting-Lu|88/100 tox
|-ability|p1a: Ting-Lu|Vessel of Ruin
|move|p2a: mochi michael|Shadow Ball|p1a: Ting-Lu
|-resisted|p1a: Ting-Lu
|-damage|p1a: Ting-Lu|83/100 tox
|
|-heal|p1a: Ting-Lu|89/100 tox|[from] item: Leftovers
|-damage|p1a: Ting-Lu|83/100 tox|[from] psn
|upkeep
|turn|23
|
|t:|1758350952
|switch|p2a: woke dog|Great Tusk, shiny, tera:Ground|15/100
|move|p1a: Ting-Lu|Earthquake|p2a: woke dog
|-damage|p2a: woke dog|0 fnt
|faint|p2a: woke dog
|-end|p2a: woke dog|Protosynthesis|[silent]
|
|-heal|p1a: Ting-Lu|89/100 tox|[from] item: Leftovers
|-damage|p1a: Ting-Lu|77/100 tox|[from] psn
|upkeep
|
|t:|1758350963
|switch|p2a: I LAND AXEL #TRUE|Weavile, F|68/100
|-damage|p2a: I LAND AXEL #TRUE|43/100|[from] Stealth Rock
|-ability|p2a: I LAND AXEL #TRUE|Pressure
|turn|24
|
|t:|1758350969
|switch|p1a: Corviknight|Corviknight, F|100/100
|-ability|p1a: Corviknight|Pressure
|move|p2a: I LAND AXEL #TRUE|Triple Axel|p1a: Corviknight
|-damage|p1a: Corviknight|91/100
|-damage|p2a: I LAND AXEL #TRUE|26/100|[from] item: Rocky Helmet|[of] p1a: Corviknight
|-damage|p1a: Corviknight|73/100
|-damage|p2a: I LAND AXEL #TRUE|10/100|[from] item: Rocky Helmet|[of] p1a: Corviknight
|-damage|p1a: Corviknight|47/100
|-damage|p2a: I LAND AXEL #TRUE|0 fnt|[from] item: Rocky Helmet|[of] p1a: Corviknight
|faint|p2a: I LAND AXEL #TRUE
|-hitcount|p1a: Corviknight|3
|
|upkeep
|inactive|Battle timer is ON: inactive players will automatically lose when time's up. (requested by Edkdkclslww)
|
|t:|1758350983
|switch|p2a: mochi michael|Pecharunt|87/100
|-damage|p2a: mochi michael|74/100|[from] Stealth Rock
|turn|25
|
|t:|1758350989
|move|p2a: mochi michael|Shadow Ball|p1a: Corviknight
|-damage|p1a: Corviknight|23/100
|move|p1a: Corviknight|Roost|p1a: Corviknight
|-heal|p1a: Corviknight|73/100
|-singleturn|p1a: Corviknight|move: Roost
|
|upkeep
|turn|26
|
|t:|1758350996
|move|p2a: mochi michael|Shadow Ball|p1a: Corviknight
|-damage|p1a: Corviknight|48/100
|move|p1a: Corviknight|Roost|p1a: Corviknight
|-heal|p1a: Corviknight|98/100
|-singleturn|p1a: Corviknight|move: Roost
|
|upkeep
|turn|27
|
|t:|1758351003
|switch|p1a: Ting-Lu|Ting-Lu|77/100 tox
|-ability|p1a: Ting-Lu|Vessel of Ruin
|move|p2a: mochi michael|Shadow Ball|p1a: Ting-Lu
|-resisted|p1a: Ting-Lu
|-damage|p1a: Ting-Lu|71/100 tox
|-unboost|p1a: Ting-Lu|spd|1
|
|-heal|p1a: Ting-Lu|77/100 tox|[from] item: Leftovers
|-damage|p1a: Ting-Lu|71/100 tox|[from] psn
|upkeep
|turn|28
|
|t:|1758351021
|switch|p2a: bisexual daughter|Ogerpon-Wellspring, F|32/100
|-damage|p2a: bisexual daughter|20/100|[from] Stealth Rock
|move|p1a: Ting-Lu|Earthquake|p2a: bisexual daughter
|-resisted|p2a: bisexual daughter
|-damage|p2a: bisexual daughter|0 fnt
|faint|p2a: bisexual daughter
|
|-heal|p1a: Ting-Lu|77/100 tox|[from] item: Leftovers
|-damage|p1a: Ting-Lu|65/100 tox|[from] psn
|upkeep
|-message|rellmise forfeited.
|
|win|Edkdkclslww
|raw|Edkdkclslww's rating: 1171 &rarr; <strong>1195</strong><br />(+24 for winning)
|raw|rellmise's rating: 1157 &rarr; <strong>1133</strong><br />(-24 for losing)
|l|☆rellmise
|player|p2|
|l|☆Edkdkclslww
|player|p1|
