|j|☆Battlebot998
|j|☆Leon717
|t:|1758324232
|gametype|singles
|player|p1|Battlebot998|kabu|1154
|player|p2|Leon717|red|1200
|gen|9
|tier|[Gen 9] OU
|rated|
|rule|HP Percentage Mod: HP is shown in percentages
|rule|Endless Battle Clause: Forcing endless battles is banned
|rule|Species Clause: Limit one of each Pokémon
|rule|OHKO Clause: OHKO moves are banned
|rule|Evasion Items Clause: Evasion items are banned
|rule|Evasion Moves Clause: Evasion moves are banned
|rule|Evasion Abilities Clause: Evasion abilities are banned
|rule|Sleep Moves Clause: Sleep-inducing moves are banned
|clearpoke
|poke|p1|Crabominable, M|
|poke|p1|Grimmsnarl, M|
|poke|p1|Talonflame, F|
|poke|p1|Minior-Green|
|poke|p1|Gholdengo|
|poke|p1|Mew|
|poke|p2|Kingambit, M|
|poke|p2|Rillaboom, M|
|poke|p2|Dragonite, M|
|poke|p2|Primarina, F|
|poke|p2|Iron Hands|
|poke|p2|Glimmora, F|
|teampreview
|inactive|Battle timer is ON: inactive players will automatically lose when time's up. (requested by Leon717)
|
|t:|1758324240
|teamsize|p1|6
|teamsize|p2|6
|start
|switch|p1a: Grimmsnarl|Grimmsnarl, M|100/100
|switch|p2a: Glimmora|Glimmora, F|100/100
|turn|1
|
|t:|1758324248
|switch|p1a: Gholdengo|Gholdengo|100/100
|move|p2a: Glimmora|Mortal Spin|p1a: Gholdengo
|-immune|p1a: Gholdengo
|
|upkeep
|turn|2
|
|t:|1758324260
|move|p2a: Glimmora|Spiky Shield|p2a: Glimmora
|-singleturn|p2a: Glimmora|move: Protect
|move|p1a: Gholdengo|Make It Rain|p2a: Glimmora
|-activate|p2a: Glimmora|move: Protect
|
|upkeep
|turn|3
|
|t:|1758324269
|-terastallize|p2a: Glimmora|Flying
|move|p1a: Gholdengo|Make It Rain|p2a: Glimmora
|-damage|p2a: Glimmora|41/100
|-unboost|p1a: Gholdengo|spa|1
|move|p2a: Glimmora|Stealth Rock|p1a: Gholdengo
|-sidestart|p1: Battlebot998|move: Stealth Rock
|
|upkeep
|turn|4
|
|t:|1758324278
|switch|p1a: Talonflame|Talonflame, F|100/100
|move|p2a: Glimmora|Spikes|p1a: Talonflame
|-sidestart|p1: Battlebot998|Spikes
|
|upkeep
|turn|5
|
|t:|1758324284
|move|p1a: Talonflame|Brave Bird|p2a: Glimmora
|-damage|p2a: Glimmora|0 fnt
|-damage|p1a: Talonflame|84/100|[from] item: Rocky Helmet|[of] p2a: Glimmora
|-activate|p2a: Glimmora|ability: Toxic Debris
|-sidestart|p1: Battlebot998|move: Toxic Spikes
|faint|p2a: Glimmora
|-damage|p1a: Talonflame|70/100|[from] Recoil
|
|upkeep
|
|t:|1758324294
|switch|p2a: Primarina|Primarina, F|100/100
|turn|6
|
|t:|1758324297
|move|p1a: Talonflame|Defog|p2a: Primarina
|-unboost|p2a: Primarina|evasion|1
|-sideend|p1: Battlebot998|Spikes|[from] move: Defog|[of] p1a: Talonflame
|-sideend|p1: Battlebot998|Toxic Spikes|[from] move: Defog|[of] p1a: Talonflame
|-sideend|p1: Battlebot998|Stealth Rock|[from] move: Defog|[of] p1a: Talonflame
|move|p2a: Primarina|Calm Mind|p2a: Primarina
|-boost|p2a: Primarina|spa|1
|-boost|p2a: Primarina|spd|1
|
|upkeep
|turn|7
|
|t:|1758324305
|move|p1a: Talonflame|Brave Bird|p2a: Primarina
|-damage|p2a: Primarina|50/100
|-damage|p1a: Talonflame|53/100|[from] Recoil
|move|p2a: Primarina|Calm Mind|p2a: Primarina
|-boost|p2a: Primarina|spa|1
|-boost|p2a: Primarina|spd|1
|
|upkeep
|turn|8
|
|t:|1758324314
|move|p1a: Talonflame|Brave Bird|p2a: Primarina
|-damage|p2a: Primarina|1/100
|-damage|p1a: Talonflame|37/100|[from] Recoil
|move|p2a: Primarina|Surf|p1a: Talonflame
|-supereffective|p1a: Talonflame
|-crit|p1a: Talonflame
|-damage|p1a: Talonflame|0 fnt
|faint|p1a: Talonflame
|
|upkeep
|
|t:|1758324319
|switch|p1a: Mew|Mew|100/100
|turn|9
|-enditem|p2a: Primarina|Custap Berry|[eat]
|-activate|p2a: Primarina|item: Custap Berry|[consumed]
|
|t:|1758324326
|move|p2a: Primarina|Surf|p1a: Mew
|-damage|p1a: Mew|0 fnt
|faint|p1a: Mew
|
|upkeep
|
|t:|1758324348
|switch|p1a: Gholdengo|Gholdengo|100/100
|turn|10
|
|t:|1758324352
|move|p1a: Gholdengo|Shadow Ball|p2a: Primarina
|-damage|p2a: Primarina|0 fnt
|faint|p2a: Primarina
|
|upkeep
|
|t:|1758324361
|switch|p2a: Dragonite|Dragonite, M|100/100
|turn|11
|
|t:|1758324365
|move|p1a: Gholdengo|Shadow Ball|p2a: Dragonite
|-damage|p2a: Dragonite|79/100
|-unboost|p2a: Dragonite|spd|1
|move|p2a: Dragonite|Dragon Dance|p2a: Dragonite
|-boost|p2a: Dragonite|atk|1
|-boost|p2a: Dragonite|spe|1
|
|upkeep
|turn|12
|
|t:|1758324373
|move|p1a: Gholdengo|Shadow Ball|p2a: Dragonite
|-damage|p2a: Dragonite|15/100
|-unboost|p2a: Dragonite|spd|1
|move|p2a: Dragonite|Earthquake|p1a: Gholdengo
|-supereffective|p1a: Gholdengo
|-damage|p1a: Gholdengo|0 fnt
|faint|p1a: Gholdengo
|
|upkeep
|
|t:|1758324379
|switch|p1a: Grimmsnarl|Grimmsnarl, M|100/100
|turn|13
|
|t:|1758324385
|move|p1a: Grimmsnarl|Reflect|p1a: Grimmsnarl
|-sidestart|p1: Battlebot998|Reflect
|move|p2a: Dragonite|Earthquake|p1a: Grimmsnarl
|-damage|p1a: Grimmsnarl|67/100
|
|upkeep
|turn|14
|
|t:|1758324400
|move|p2a: Dragonite|Ice Spinner|p1a: Grimmsnarl
|-damage|p1a: Grimmsnarl|38/100
|move|p1a: Grimmsnarl|Spirit Break|p2a: Dragonite
|-supereffective|p2a: Dragonite
|-damage|p2a: Dragonite|0 fnt
|faint|p2a: Dragonite
|
|upkeep
|
|t:|1758324412
|switch|p2a: Rillaboom|Rillaboom, M|100/100
|-fieldstart|move: Grassy Terrain|[from] ability: Grassy Surge|[of] p2a: Rillaboom
|turn|15
|
|t:|1758324416
|move|p2a: Rillaboom|Fake Out|p1a: Grimmsnarl
|-damage|p1a: Grimmsnarl|28/100
|cant|p1a: Grimmsnarl|flinch
|
|-heal|p1a: Grimmsnarl|34/100|[from] Grassy Terrain
|upkeep
|turn|16
|
|t:|1758324425
|move|p1a: Grimmsnarl|Thunder Wave|p2a: Rillaboom
|-status|p2a: Rillaboom|par
|cant|p2a: Rillaboom|par
|
|-heal|p1a: Grimmsnarl|40/100|[from] Grassy Terrain
|upkeep
|turn|17
|
|t:|1758324434
|move|p1a: Grimmsnarl|Light Screen|p1a: Grimmsnarl
|-sidestart|p1: Battlebot998|move: Light Screen
|move|p2a: Rillaboom|Drum Beating|p1a: Grimmsnarl
|-damage|p1a: Grimmsnarl|7/100
|-unboost|p1a: Grimmsnarl|spe|1
|
|-heal|p1a: Grimmsnarl|13/100|[from] Grassy Terrain
|upkeep
|turn|18
|
|t:|1758324442
|move|p2a: Rillaboom|Drain Punch|p1a: Grimmsnarl
|-damage|p1a: Grimmsnarl|0 fnt
|faint|p1a: Grimmsnarl
|
|upkeep
|
|t:|1758324443
|switch|p1a: Minior|Minior-Green|100/100
|-formechange|p1a: Minior|Minior-Meteor||[from] ability: Shields Down
|turn|19
|
|t:|1758324453
|move|p1a: Minior|Shell Smash|p1a: Minior
|-unboost|p1a: Minior|def|1
|-unboost|p1a: Minior|spd|1
|-boost|p1a: Minior|atk|2
|-boost|p1a: Minior|spa|2
|-boost|p1a: Minior|spe|2
|-enditem|p1a: Minior|White Herb
|-clearnegativeboost|p1a: Minior|[silent]
|move|p2a: Rillaboom|Drum Beating|p1a: Minior
|-damage|p1a: Minior|62/100
|-unboost|p1a: Minior|spe|1
|
|-fieldend|move: Grassy Terrain
|upkeep
|turn|20
|
|t:|1758324465
|move|p1a: Minior|Acrobatics|p2a: Rillaboom
|-supereffective|p2a: Rillaboom
|-damage|p2a: Rillaboom|0 fnt
|faint|p2a: Rillaboom
|
|-sideend|p1: Battlebot998|Reflect
|upkeep
|
|t:|1758324471
|switch|p2a: Iron Hands|Iron Hands|100/100
|turn|21
|
|t:|1758324478
|-terastallize|p1a: Minior|Dragon
|move|p2a: Iron Hands|Fake Out|p1a: Minior
|-damage|p1a: Minior|40/100
|cant|p1a: Minior|flinch
|
|-formechange|p1a: Minior|Minior-Green||[from] ability: Shields Down
|upkeep
|turn|22
|
|t:|1758324486
|move|p1a: Minior|Earthquake|p2a: Iron Hands
|-supereffective|p2a: Iron Hands
|-damage|p2a: Iron Hands|22/100
|move|p2a: Iron Hands|Drain Punch|p1a: Minior
|-damage|p1a: Minior|0 fnt
|-heal|p2a: Iron Hands|34/100|[from] drain|[of] p1a: Minior
|faint|p1a: Minior
|
|upkeep
|
|t:|1758324490
|switch|p1a: Crabominable|Crabominable, M|100/100
|turn|23
|
|t:|1758324499
|move|p2a: Iron Hands|Drain Punch|p1a: Crabominable
|-supereffective|p1a: Crabominable
|-damage|p1a: Crabominable|0 fnt
|-heal|p2a: Iron Hands|78/100|[from] drain|[of] p1a: Crabominable
|faint|p1a: Crabominable
|
|win|Leon717
|raw|Battlebot998's rating: 1154 &rarr; <strong>1132</strong><br />(-22 for losing)
|raw|Leon717's rating: 1200 &rarr; <strong>1222</strong><br />(+22 for winning)
|l|☆Battlebot998
|player|p1|
|l|☆Leon717
|player|p2|
