|j|☆AllegianceIs2UrMom
|j|☆QingKe
|t:|1758377848
|gametype|singles
|player|p1|AllegianceIs2UrMom|2|1376
|player|p2|QingKe|266|1400
|gen|9
|tier|[Gen 9] OU
|rated|
|rule|HP Percentage Mod: HP is shown in percentages
|rule|Endless Battle Clause: Forcing endless battles is banned
|rule|Species Clause: Limit one of each Pokémon
|rule|OHKO Clause: OHKO moves are banned
|rule|Evasion Items Clause: Evasion items are banned
|rule|Evasion Moves Clause: Evasion moves are banned
|rule|Evasion Abilities Clause: Evasion abilities are banned
|rule|Sleep Moves Clause: Sleep-inducing moves are banned
|clearpoke
|poke|p1|Metagross|
|poke|p1|Hatterene, F|
|poke|p1|Iron Hands|
|poke|p1|Toedscruel, M|
|poke|p1|Pelipper, F|
|poke|p1|Ursaluna, F|
|poke|p2|Walking Wake|
|poke|p2|Landorus-Therian, M|
|poke|p2|Leafeon, F|
|poke|p2|Heatran, M|
|poke|p2|Torkoal, F|
|poke|p2|Raging Bolt|
|teampreview
|inactive|Battle timer is ON: inactive players will automatically lose when time's up. (requested by QingKe)
|
|t:|1758377900
|teamsize|p1|6
|teamsize|p2|6
|start
|switch|p1a: Ursaluna|Ursaluna, F|100/100
|switch|p2a: Landorus|Landorus-Therian, M|100/100
|-ability|p2a: Landorus|Intimidate|boost
|-unboost|p1a: Ursaluna|atk|1
|turn|1
|inactive|QingKe has 120 seconds left.
|
|t:|1758377936
|switch|p1a: Hatterene|Hatterene, F|100/100
|move|p2a: Landorus|Taunt|p1a: Hatterene
|move|p1a: Hatterene|Taunt|p2a: Landorus|[from] ability: Magic Bounce
|-start|p2a: Landorus|move: Taunt
|
|upkeep
|turn|2
|
|t:|1758377948
|move|p2a: Landorus|U-turn|p1a: Hatterene
|-damage|p1a: Hatterene|77/100
|
|t:|1758377956
|switch|p2a: Heatran|Heatran, M|100/100|[from] U-turn
|move|p1a: Hatterene|Psychic|p2a: Heatran
|-resisted|p2a: Heatran
|-damage|p2a: Heatran|85/100
|
|-heal|p2a: Heatran|91/100|[from] item: Leftovers
|-heal|p1a: Hatterene|83/100|[from] item: Leftovers
|upkeep
|turn|3
|
|t:|1758377965
|switch|p1a: Pelipper|Pelipper, F|100/100
|-weather|RainDance|[from] ability: Drizzle|[of] p1a: Pelipper
|move|p2a: Heatran|Magma Storm|p1a: Pelipper
|-resisted|p1a: Pelipper
|-damage|p1a: Pelipper|81/100
|-activate|p1a: Pelipper|move: Magma Storm|[of] p2a: Heatran
|
|-weather|RainDance|[upkeep]
|-heal|p2a: Heatran|97/100|[from] item: Leftovers
|-damage|p1a: Pelipper|69/100|[from] move: Magma Storm|[partiallytrapped]
|upkeep
|turn|4
|
|t:|1758377984
|switch|p2a: Raging Bolt|Raging Bolt|100/100
|move|p1a: Pelipper|Weather Ball|p2a: Raging Bolt
|-resisted|p2a: Raging Bolt
|-damage|p2a: Raging Bolt|64/100
|
|-weather|RainDance|[upkeep]
|-end|p1a: Pelipper|Magma Storm|[partiallytrapped]|[silent]
|upkeep
|turn|5
|
|t:|1758377991
|switch|p1a: Ursaluna|Ursaluna, F|100/100
|move|p2a: Raging Bolt|Weather Ball|p1a: Ursaluna
|-supereffective|p1a: Ursaluna
|-damage|p1a: Ursaluna|0 fnt
|faint|p1a: Ursaluna
|
|-weather|RainDance|[upkeep]
|upkeep
|
|t:|1758377998
|switch|p1a: Iron Hands|Iron Hands|100/100
|turn|6
|
|t:|1758378002
|-end|p2a: Raging Bolt|Protosynthesis|[silent]
|switch|p2a: Landorus|Landorus-Therian, M|100/100
|-ability|p2a: Landorus|Intimidate|boost
|-unboost|p1a: Iron Hands|atk|1
|move|p1a: Iron Hands|Swords Dance|p1a: Iron Hands
|-boost|p1a: Iron Hands|atk|2
|
|-weather|RainDance|[upkeep]
|upkeep
|turn|7
|
|t:|1758378016
|move|p2a: Landorus|Earthquake|p1a: Iron Hands
|-supereffective|p1a: Iron Hands
|-damage|p1a: Iron Hands|29/100
|move|p1a: Iron Hands|Ice Punch|p2a: Landorus
|-supereffective|p2a: Landorus
|-damage|p2a: Landorus|0 fnt
|faint|p2a: Landorus
|
|-weather|none
|-heal|p1a: Iron Hands|35/100|[from] item: Leftovers
|upkeep
|
|t:|1758378037
|switch|p2a: Walking Wake|Walking Wake|100/100
|turn|8
|
|t:|1758378054
|-end|p1a: Iron Hands|Quark Drive|[silent]
|switch|p1a: Toedscruel|Toedscruel, M|100/100
|move|p2a: Walking Wake|Hydro Steam|p1a: Toedscruel
|-damage|p1a: Toedscruel|67/100
|-damage|p2a: Walking Wake|91/100|[from] item: Life Orb
|
|-heal|p1a: Toedscruel|73/100|[from] item: Leftovers
|upkeep
|turn|9
|
|t:|1758378068
|move|p2a: Walking Wake|Flamethrower|p1a: Toedscruel
|-supereffective|p1a: Toedscruel
|-damage|p1a: Toedscruel|29/100
|-damage|p2a: Walking Wake|81/100|[from] item: Life Orb
|move|p1a: Toedscruel|Earth Power|p2a: Walking Wake
|-damage|p2a: Walking Wake|51/100
|
|-heal|p1a: Toedscruel|35/100|[from] item: Leftovers
|upkeep
|turn|10
|
|t:|1758378078
|-terastallize|p1a: Toedscruel|Water
|move|p2a: Walking Wake|Flamethrower|p1a: Toedscruel
|-resisted|p1a: Toedscruel
|-damage|p1a: Toedscruel|23/100
|-damage|p2a: Walking Wake|41/100|[from] item: Life Orb
|move|p1a: Toedscruel|Trick Room|p1a: Toedscruel
|-fieldstart|move: Trick Room|[of] p1a: Toedscruel
|
|-heal|p1a: Toedscruel|29/100|[from] item: Leftovers
|upkeep
|turn|11
|
|t:|1758378087
|-end|p2a: Walking Wake|Protosynthesis|[silent]
|switch|p2a: Torkoal|Torkoal, F|100/100
|-weather|SunnyDay|[from] ability: Drought|[of] p2a: Torkoal
|move|p1a: Toedscruel|Giga Drain|p2a: Torkoal
|-resisted|p2a: Torkoal
|-damage|p2a: Torkoal|87/100
|-heal|p1a: Toedscruel|36/100|[from] drain|[of] p2a: Torkoal
|
|-weather|SunnyDay|[upkeep]
|-heal|p1a: Toedscruel|42/100|[from] item: Leftovers
|upkeep
|turn|12
|
|t:|1758378101
|switch|p1a: Pelipper|Pelipper, F|69/100
|-weather|RainDance|[from] ability: Drizzle|[of] p1a: Pelipper
|move|p2a: Torkoal|Body Press|p1a: Pelipper
|-resisted|p1a: Pelipper
|-crit|p1a: Pelipper
|-damage|p1a: Pelipper|43/100
|
|-weather|RainDance|[upkeep]
|upkeep
|turn|13
|
|t:|1758378113
|switch|p2a: Leafeon|Leafeon, F, shiny|100/100
|move|p1a: Pelipper|Weather Ball|p2a: Leafeon
|-resisted|p2a: Leafeon
|-damage|p2a: Leafeon|24/100
|
|-weather|RainDance|[upkeep]
|upkeep
|turn|14
|
|t:|1758378122
|move|p1a: Pelipper|Weather Ball|p2a: Leafeon
|-resisted|p2a: Leafeon
|-damage|p2a: Leafeon|0 fnt
|faint|p2a: Leafeon
|
|-weather|RainDance|[upkeep]
|-fieldend|move: Trick Room
|upkeep
|
|t:|1758378136
|switch|p2a: Raging Bolt|Raging Bolt|64/100
|turn|15
|
|t:|1758378140
|move|p2a: Raging Bolt|Volt Switch|p1a: Pelipper
|-supereffective|p1a: Pelipper
|-damage|p1a: Pelipper|0 fnt
|faint|p1a: Pelipper
|
|t:|1758378145
|-end|p2a: Raging Bolt|Protosynthesis|[silent]
|switch|p2a: Walking Wake|Walking Wake|41/100|[from] Volt Switch
|
|-weather|RainDance|[upkeep]
|upkeep
|
|t:|1758378152
|switch|p1a: Toedscruel|Toedscruel, M, tera:Water|42/100
|turn|16
|
|t:|1758378160
|move|p2a: Walking Wake|Hurricane|p1a: Toedscruel
|-damage|p1a: Toedscruel|11/100
|-damage|p2a: Walking Wake|31/100|[from] item: Life Orb
|move|p1a: Toedscruel|Trick Room|p1a: Toedscruel
|-fieldstart|move: Trick Room|[of] p1a: Toedscruel
|
|-weather|none
|-heal|p1a: Toedscruel|17/100|[from] item: Leftovers
|upkeep
|turn|17
|
|t:|1758378173
|move|p1a: Toedscruel|Earth Power|p2a: Walking Wake
|-damage|p2a: Walking Wake|3/100
|move|p2a: Walking Wake|Hurricane|p1a: Toedscruel
|-damage|p1a: Toedscruel|0 fnt
|faint|p1a: Toedscruel
|-damage|p2a: Walking Wake|0 fnt|[from] item: Life Orb
|faint|p2a: Walking Wake
|-end|p2a: Walking Wake|Protosynthesis|[silent]
|
|upkeep
|
|t:|1758378189
|switch|p1a: Hatterene|Hatterene, F|83/100
|switch|p2a: Torkoal|Torkoal, F|87/100
|-weather|SunnyDay|[from] ability: Drought|[of] p2a: Torkoal
|turn|18
|
|t:|1758378199
|move|p1a: Hatterene|Psychic|p2a: Torkoal
|-damage|p2a: Torkoal|30/100
|move|p2a: Torkoal|Flamethrower|p1a: Hatterene
|-damage|p1a: Hatterene|39/100
|
|-weather|SunnyDay|[upkeep]
|-heal|p1a: Hatterene|45/100|[from] item: Leftovers
|upkeep
|turn|19
|
|t:|1758378206
|switch|p2a: Heatran|Heatran, M|97/100
|move|p1a: Hatterene|Psychic|p2a: Heatran
|-resisted|p2a: Heatran
|-damage|p2a: Heatran|80/100
|
|-weather|SunnyDay|[upkeep]
|-heal|p1a: Hatterene|51/100|[from] item: Leftovers
|-heal|p2a: Heatran|87/100|[from] item: Leftovers
|upkeep
|turn|20
|
|t:|1758378225
|move|p1a: Hatterene|Healing Wish|p1a: Hatterene
|faint|p1a: Hatterene
|move|p2a: Heatran|Magma Storm|p1: Hatterene|[notarget]
|-fail|p2a: Heatran
|
|-weather|SunnyDay|[upkeep]
|-heal|p2a: Heatran|93/100|[from] item: Leftovers
|-fieldend|move: Trick Room
|upkeep
|
|t:|1758378236
|switch|p1a: Iron Hands|Iron Hands|35/100
|-heal|p1a: Iron Hands|100/100|[from] move: Healing Wish
|turn|21
|
|t:|1758378255
|-terastallize|p2a: Heatran|Grass
|move|p2a: Heatran|Magma Storm|p1a: Iron Hands|[miss]
|-miss|p2a: Heatran|p1a: Iron Hands
|move|p1a: Iron Hands|Drain Punch|p2a: Heatran
|-damage|p2a: Heatran|47/100
|
|-weather|SunnyDay|[upkeep]
|-heal|p2a: Heatran|53/100|[from] item: Leftovers
|upkeep
|turn|22
|
|t:|1758378264
|move|p2a: Heatran|Magma Storm|p1a: Iron Hands|[miss]
|-miss|p2a: Heatran|p1a: Iron Hands
|move|p1a: Iron Hands|Ice Punch|p2a: Heatran
|-supereffective|p2a: Heatran
|-damage|p2a: Heatran|0 fnt
|faint|p2a: Heatran
|
|-weather|SunnyDay|[upkeep]
|upkeep
|
|t:|1758378268
|switch|p2a: Raging Bolt|Raging Bolt|64/100
|-activate|p2a: Raging Bolt|ability: Protosynthesis
|-start|p2a: Raging Bolt|protosynthesisspa
|turn|23
|
|t:|1758378272
|move|p2a: Raging Bolt|Weather Ball|p1a: Iron Hands
|-damage|p1a: Iron Hands|0 fnt
|faint|p1a: Iron Hands
|-end|p1a: Iron Hands|Quark Drive|[silent]
|
|-weather|SunnyDay|[upkeep]
|upkeep
|
|t:|1758378276
|switch|p1a: Metagross|Metagross|100/100
|turn|24
|
|t:|1758378278
|move|p2a: Raging Bolt|Weather Ball|p1a: Metagross
|-supereffective|p1a: Metagross
|-damage|p1a: Metagross|0 fnt
|faint|p1a: Metagross
|
|win|QingKe
|raw|AllegianceIs2UrMom's rating: 1376 &rarr; <strong>1357</strong><br />(-19 for losing)
|raw|QingKe's rating: 1400 &rarr; <strong>1419</strong><br />(+19 for winning)
|l|☆QingKe
|player|p2|
|l|☆AllegianceIs2UrMom
|player|p1|
