|j|☆UnexpectdSets
|j|☆wbz0610
|t:|1758248994
|gametype|singles
|player|p1|UnexpectdSets|102|1368
|player|p2|wbz0610|101|1386
|gen|9
|tier|[Gen 9] OU
|rated|
|rule|HP Percentage Mod: HP is shown in percentages
|rule|Endless Battle Clause: Forcing endless battles is banned
|rule|Species Clause: Limit one of each Pokémon
|rule|OHKO Clause: OHKO moves are banned
|rule|Evasion Items Clause: Evasion items are banned
|rule|Evasion Moves Clause: Evasion moves are banned
|rule|Evasion Abilities Clause: Evasion abilities are banned
|rule|Sleep Moves Clause: Sleep-inducing moves are banned
|clearpoke
|poke|p1|Primeape, M|
|poke|p1|Articuno-Galar|
|poke|p1|Ogerpon, F|
|poke|p1|Lapras, M|
|poke|p1|Tauros, M|
|poke|p1|Sandslash-Alola, M|
|poke|p2|Dragonite, F|
|poke|p2|Hatterene, F|
|poke|p2|Great Tusk|
|poke|p2|Ceruledge, M|
|poke|p2|Ting-Lu|
|poke|p2|Kyurem|
|teampreview
|inactive|Battle timer is ON: inactive players will automatically lose when time's up. (requested by wbz0610)
|
|t:|1758249023
|teamsize|p1|6
|teamsize|p2|6
|start
|switch|p1a: Ogerpon|Ogerpon, F|100/100
|switch|p2a: Dragonite|Dragonite, F|100/100
|turn|1
|
|t:|1758249035
|move|p1a: Ogerpon|Ivy Cudgel|p2a: Dragonite
|-resisted|p2a: Dragonite
|-damage|p2a: Dragonite|94/100
|move|p2a: Dragonite|Outrage|p1a: Ogerpon
|-enditem|p1a: Ogerpon|Focus Sash
|-damage|p1a: Ogerpon|1/100
|
|upkeep
|turn|2
|
|t:|1758249042
|move|p1a: Ogerpon|Spiky Shield|p1a: Ogerpon
|-singleturn|p1a: Ogerpon|move: Protect
|move|p2a: Dragonite|Outrage|p1a: Ogerpon|[from] lockedmove
|-activate|p1a: Ogerpon|move: Protect
|-damage|p2a: Dragonite|82/100|[from] Spiky Shield|[of] p1a: Ogerpon
|-start|p2a: Dragonite|confusion|[fatigue]
|
|upkeep
|turn|3
|
|t:|1758249049
|switch|p1a: Sandslash|Sandslash-Alola, M|100/100
|-activate|p2a: Dragonite|confusion
|move|p2a: Dragonite|Outrage|p1a: Sandslash
|-resisted|p1a: Sandslash
|-damage|p1a: Sandslash|52/100
|
|upkeep
|turn|4
|
|t:|1758249062
|-activate|p2a: Dragonite|confusion
|move|p2a: Dragonite|Outrage|p1a: Sandslash|[from] lockedmove
|-resisted|p1a: Sandslash
|-damage|p1a: Sandslash|2/100
|move|p1a: Sandslash|Swords Dance|p1a: Sandslash
|-boost|p1a: Sandslash|atk|2
|
|upkeep
|turn|5
|
|t:|1758249068
|move|p1a: Sandslash|Ice Shard|p2a: Dragonite
|-supereffective|p2a: Dragonite
|-damage|p2a: Dragonite|0 fnt
|faint|p2a: Dragonite
|
|upkeep
|
|t:|1758249079
|switch|p2a: Ceruledge|Ceruledge, M|100/100
|turn|6
|
|t:|1758249082
|move|p2a: Ceruledge|Swords Dance|p2a: Ceruledge
|-boost|p2a: Ceruledge|atk|2
|move|p1a: Sandslash|Icicle Crash|p2a: Ceruledge
|-resisted|p2a: Ceruledge
|-damage|p2a: Ceruledge|39/100
|-ability|p2a: Ceruledge|Weak Armor|boost
|-unboost|p2a: Ceruledge|def|1
|-boost|p2a: Ceruledge|spe|2
|
|upkeep
|turn|7
|
|t:|1758249088
|move|p2a: Ceruledge|Shadow Sneak|p1a: Sandslash
|-damage|p1a: Sandslash|0 fnt
|faint|p1a: Sandslash
|
|upkeep
|
|t:|1758249097
|switch|p1a: Lapras|Lapras, M|100/100
|turn|8
|
|t:|1758249107
|move|p2a: Ceruledge|Close Combat|p1a: Lapras
|-supereffective|p1a: Lapras
|-damage|p1a: Lapras|0 fnt
|-unboost|p2a: Ceruledge|def|1
|-unboost|p2a: Ceruledge|spd|1
|faint|p1a: Lapras
|
|upkeep
|
|t:|1758249116
|switch|p1a: Tauros|Tauros, M|100/100
|turn|9
|
|t:|1758249119
|switch|p1a: Articuno|Articuno-Galar|100/100
|move|p2a: Ceruledge|Close Combat|p1a: Articuno
|-resisted|p1a: Articuno
|-damage|p1a: Articuno|77/100
|-unboost|p2a: Ceruledge|def|1
|-unboost|p2a: Ceruledge|spd|1
|
|upkeep
|turn|10
|
|t:|1758249131
|move|p2a: Ceruledge|Bitter Blade|p1a: Articuno
|-damage|p1a: Articuno|0 fnt
|-heal|p2a: Ceruledge|81/100|[from] drain|[of] p1a: Articuno
|faint|p1a: Articuno
|
|upkeep
|
|t:|1758249134
|switch|p1a: Primeape|Primeape, M|100/100
|turn|11
|
|t:|1758249141
|move|p2a: Ceruledge|Close Combat|p1a: Primeape
|-damage|p1a: Primeape|3/100
|-unboost|p2a: Ceruledge|def|1
|-unboost|p2a: Ceruledge|spd|1
|move|p1a: Primeape|Rage Fist|p2a: Ceruledge
|-supereffective|p2a: Ceruledge
|-damage|p2a: Ceruledge|0 fnt
|faint|p2a: Ceruledge
|
|upkeep
|
|t:|1758249153
|switch|p2a: Great Tusk|Great Tusk|100/100
|turn|12
|l|☆UnexpectdSets
|inactive|UnexpectdSets disconnected and has a minute to reconnect!
|player|p1|
|j|☆UnexpectdSets
|inactive|UnexpectdSets reconnected and has 140 seconds left.
|player|p1|UnexpectdSets|102|
|
|t:|1758249176
|-terastallize|p1a: Primeape|Ghost
|move|p1a: Primeape|Rage Fist|p2a: Great Tusk
|-damage|p2a: Great Tusk|70/100
|move|p2a: Great Tusk|Rapid Spin|p1a: Primeape
|-immune|p1a: Primeape
|
|upkeep
|turn|13
|
|t:|1758249194
|move|p1a: Primeape|Ice Punch|p2a: Great Tusk
|-supereffective|p2a: Great Tusk
|-damage|p2a: Great Tusk|38/100
|move|p2a: Great Tusk|Ice Spinner|p1a: Primeape
|-damage|p1a: Primeape|0 fnt
|faint|p1a: Primeape
|
|upkeep
|
|t:|1758249199
|switch|p1a: Tauros|Tauros, M|100/100
|turn|14
|
|t:|1758249203
|move|p1a: Tauros|Fire Blast|p2a: Great Tusk
|-damage|p2a: Great Tusk|0 fnt
|faint|p2a: Great Tusk
|-end|p2a: Great Tusk|Protosynthesis|[silent]
|
|upkeep
|
|t:|1758249209
|switch|p2a: Kyurem|Kyurem|100/100
|-ability|p2a: Kyurem|Pressure
|turn|15
|
|t:|1758249215
|-terastallize|p2a: Kyurem|Fire
|move|p1a: Tauros|Body Slam|p2a: Kyurem
|-damage|p2a: Kyurem|54/100
|move|p2a: Kyurem|Dragon Dance|p2a: Kyurem
|-boost|p2a: Kyurem|atk|1
|-boost|p2a: Kyurem|spe|1
|
|upkeep
|turn|16
|
|t:|1758249224
|move|p2a: Kyurem|Icicle Spear|p1a: Tauros
|-damage|p1a: Tauros|77/100
|-damage|p1a: Tauros|53/100
|-damage|p1a: Tauros|29/100
|-damage|p1a: Tauros|6/100
|-damage|p1a: Tauros|0 fnt
|faint|p1a: Tauros
|-hitcount|p1: Tauros|5
|
|upkeep
|
|t:|1758249226
|switch|p1a: Ogerpon|Ogerpon, F|1/100
|turn|17
|
|t:|1758249230
|move|p1a: Ogerpon|Spiky Shield|p1a: Ogerpon
|-singleturn|p1a: Ogerpon|move: Protect
|move|p2a: Kyurem|Icicle Spear|p1a: Ogerpon
|-activate|p1a: Ogerpon|move: Protect
|
|upkeep
|turn|18
|
|t:|1758249235
|move|p2a: Kyurem|Icicle Spear|p1a: Ogerpon
|-supereffective|p1a: Ogerpon
|-damage|p1a: Ogerpon|0 fnt
|faint|p1a: Ogerpon
|-hitcount|p1: Ogerpon|1
|
|win|wbz0610
|raw|UnexpectdSets's rating: 1368 &rarr; <strong>1349</strong><br />(-19 for losing)
|raw|wbz0610's rating: 1386 &rarr; <strong>1405</strong><br />(+19 for winning)
|l|☆UnexpectdSets
|player|p1|
|l|☆wbz0610
|player|p2|
