|j|☆JustANoobie
|j|☆YungTruth513rd
|t:|1758232489
|gametype|singles
|player|p1|JustANoobie|gambler|1246
|player|p2|YungTruth513rd|giovanni|1239
|gen|9
|tier|[Gen 9] OU
|rated|
|rule|HP Percentage Mod: HP is shown in percentages
|rule|Endless Battle Clause: Forcing endless battles is banned
|rule|Species Clause: Limit one of each Pokémon
|rule|OHKO Clause: OHKO moves are banned
|rule|Evasion Items Clause: Evasion items are banned
|rule|Evasion Moves Clause: Evasion moves are banned
|rule|Evasion Abilities Clause: Evasion abilities are banned
|rule|Sleep Moves Clause: Sleep-inducing moves are banned
|clearpoke
|poke|p1|Pelipper, F|
|poke|p1|Kilowattrel, F|
|poke|p1|Basculegion, M|
|poke|p1|Quaquaval, M|
|poke|p1|Iron Treads|
|poke|p1|Grimmsnarl, M|
|poke|p2|Dragonite, F|
|poke|p2|Metagross|
|poke|p2|Tauros-Paldea-Aqua, M|
|poke|p2|Pelipper, M|
|poke|p2|Indeedee, M|
|poke|p2|Great Tusk|
|teampreview
|inactive|Battle timer is ON: inactive players will automatically lose when time's up. (requested by JustANoobie)
|inactive|YungTruth513rd has 120 seconds left.
|inactive|YungTruth513rd has 90 seconds left.
|
|t:|1758232558
|teamsize|p1|6
|teamsize|p2|6
|start
|switch|p1a: Iron Treads|Iron Treads|100/100
|switch|p2a: Indeedee|Indeedee, M|100/100
|-fieldstart|move: Psychic Terrain|[from] ability: Psychic Surge|[of] p2a: Indeedee
|-enditem|p1a: Iron Treads|Booster Energy
|-activate|p1a: Iron Treads|ability: Quark Drive|[fromitem]
|-start|p1a: Iron Treads|quarkdrivespe
|turn|1
|inactive|YungTruth513rd has 120 seconds left.
|
|t:|1758232588
|switch|p2a: Tauros|Tauros-Paldea-Aqua, M|100/100
|-ability|p2a: Tauros|Intimidate|boost
|-unboost|p1a: Iron Treads|atk|1
|move|p1a: Iron Treads|Stealth Rock|p2a: Tauros
|-sidestart|p2: YungTruth513rd|move: Stealth Rock
|
|upkeep
|turn|2
|
|t:|1758232596
|move|p1a: Iron Treads|Volt Switch|p2a: Tauros
|-supereffective|p2a: Tauros
|-damage|p2a: Tauros|71/100
|
|t:|1758232599
|-end|p1a: Iron Treads|Quark Drive|[silent]
|switch|p1a: Grimmsnarl|Grimmsnarl, M|100/100|[from] Volt Switch
|move|p2a: Tauros|Bulk Up|p2a: Tauros
|-boost|p2a: Tauros|atk|1
|-boost|p2a: Tauros|def|1
|
|-heal|p2a: Tauros|77/100|[from] item: Leftovers
|upkeep
|turn|3
|
|t:|1758232607
|move|p1a: Grimmsnarl|Thunder Wave|p2a: Tauros
|-activate|p2a: Tauros|move: Psychic Terrain
|move|p2a: Tauros|Raging Bull|p1a: Grimmsnarl
|-damage|p1a: Grimmsnarl|34/100
|
|-heal|p2a: Tauros|83/100|[from] item: Leftovers
|-heal|p1a: Grimmsnarl|40/100|[from] item: Leftovers
|upkeep
|turn|4
|
|t:|1758232618
|switch|p1a: Pelipper|Pelipper, F|100/100
|-weather|RainDance|[from] ability: Drizzle|[of] p1a: Pelipper
|move|p2a: Tauros|Raging Bull|p1a: Pelipper
|-resisted|p1a: Pelipper
|-damage|p1a: Pelipper|56/100
|
|-weather|RainDance|[upkeep]
|-heal|p2a: Tauros|89/100|[from] item: Leftovers
|upkeep
|turn|5
|
|t:|1758232641
|move|p2a: Tauros|Raging Bull|p1a: Pelipper
|-resisted|p1a: Pelipper
|-damage|p1a: Pelipper|11/100
|move|p1a: Pelipper|Hurricane|p2a: Tauros
|-supereffective|p2a: Tauros
|-damage|p2a: Tauros|0 fnt
|faint|p2a: Tauros
|
|-weather|RainDance|[upkeep]
|-fieldend|move: Psychic Terrain
|upkeep
|inactive|YungTruth513rd has 120 seconds left.
|
|t:|1758232665
|switch|p2a: Dragonite|Dragonite, F|100/100
|-damage|p2a: Dragonite|76/100|[from] Stealth Rock
|turn|6
|inactive|YungTruth513rd has 120 seconds left.
|
|t:|1758232672
|switch|p1a: Grimmsnarl|Grimmsnarl, M|40/100
|move|p2a: Dragonite|Dragon Dance|p2a: Dragonite
|-boost|p2a: Dragonite|atk|1
|-boost|p2a: Dragonite|spe|1
|
|-weather|RainDance|[upkeep]
|-heal|p2a: Dragonite|82/100|[from] item: Leftovers
|-heal|p1a: Grimmsnarl|46/100|[from] item: Leftovers
|upkeep
|turn|7
|
|t:|1758232680
|switch|p2a: Great Tusk|Great Tusk|100/100
|-damage|p2a: Great Tusk|97/100|[from] Stealth Rock
|-enditem|p2a: Great Tusk|Booster Energy
|-activate|p2a: Great Tusk|ability: Protosynthesis|[fromitem]
|-start|p2a: Great Tusk|protosynthesisspe
|move|p1a: Grimmsnarl|Thunder Wave|p2a: Great Tusk
|-immune|p2a: Great Tusk
|
|-weather|RainDance|[upkeep]
|-heal|p1a: Grimmsnarl|53/100|[from] item: Leftovers
|upkeep
|turn|8
|inactive|YungTruth513rd has 120 seconds left.
|
|t:|1758232702
|move|p1a: Grimmsnarl|Parting Shot|p2a: Great Tusk
|-unboost|p2a: Great Tusk|atk|1
|-unboost|p2a: Great Tusk|spa|1
|
|t:|1758232706
|switch|p1a: Basculegion|Basculegion, M|100/100|[from] Parting Shot
|move|p2a: Great Tusk|Stealth Rock|p1a: Basculegion
|-sidestart|p1: JustANoobie|move: Stealth Rock
|
|-weather|RainDance|[upkeep]
|upkeep
|turn|9
|inactive|YungTruth513rd has 120 seconds left.
|
|t:|1758232731
|move|p1a: Basculegion|Wave Crash|p2a: Great Tusk
|-supereffective|p2a: Great Tusk
|-damage|p2a: Great Tusk|0 fnt
|faint|p2a: Great Tusk
|-end|p2a: Great Tusk|Protosynthesis|[silent]
|-damage|p1a: Basculegion|64/100|[from] Recoil
|
|-weather|RainDance|[upkeep]
|upkeep
|
|t:|1758232740
|switch|p2a: Dragonite|Dragonite, F|82/100
|-damage|p2a: Dragonite|57/100|[from] Stealth Rock
|turn|10
|
|t:|1758232747
|move|p1a: Basculegion|Wave Crash|p2a: Dragonite
|-resisted|p2a: Dragonite
|-damage|p2a: Dragonite|0 fnt
|faint|p2a: Dragonite
|-damage|p1a: Basculegion|46/100|[from] Recoil
|
|-weather|RainDance|[upkeep]
|upkeep
|
|t:|1758232756
|switch|p2a: Indeedee|Indeedee, M|100/100
|-damage|p2a: Indeedee|88/100|[from] Stealth Rock
|-fieldstart|move: Psychic Terrain|[from] ability: Psychic Surge|[of] p2a: Indeedee
|turn|11
|
|t:|1758232767
|move|p1a: Basculegion|Wave Crash|p2a: Indeedee
|-damage|p2a: Indeedee|0 fnt
|faint|p2a: Indeedee
|-damage|p1a: Basculegion|21/100|[from] Recoil
|
|-weather|none
|upkeep
|c|☆YungTruth513rd|gg
|-message|YungTruth513rd forfeited.
|
|win|JustANoobie
|raw|JustANoobie's rating: 1246 &rarr; <strong>1270</strong><br />(+24 for winning)
|raw|YungTruth513rd's rating: 1239 &rarr; <strong>1215</strong><br />(-24 for losing)
|l|☆YungTruth513rd
|player|p2|
|l|☆JustANoobie
|player|p1|
