|j|‽JustIh5an
|j|☆DolphinC10
|t:|1758254099
|gametype|singles
|player|p1|JustIh5an|skyla|1208
|player|p2|DolphinC10|fantina|1214
|gen|9
|tier|[Gen 9] OU
|rated|
|rule|HP Percentage Mod: HP is shown in percentages
|rule|Endless Battle Clause: Forcing endless battles is banned
|rule|Species Clause: Limit one of each Pokémon
|rule|OHKO Clause: OHKO moves are banned
|rule|Evasion Items Clause: Evasion items are banned
|rule|Evasion Moves Clause: Evasion moves are banned
|rule|Evasion Abilities Clause: Evasion abilities are banned
|rule|Sleep Moves Clause: Sleep-inducing moves are banned
|clearpoke
|poke|p1|Tyranitar, F|
|poke|p1|Excadrill, M|
|poke|p1|Kingambit, F|
|poke|p1|Garchomp, M|
|poke|p1|Pecharunt|
|poke|p1|Rotom-Wash|
|poke|p2|Pelipper, F|
|poke|p2|Ludicolo, M|
|poke|p2|Barraskewda, F|
|poke|p2|Landorus-Therian, M|
|poke|p2|Dragapult, M|
|poke|p2|Forretress, M|
|teampreview
|
|t:|1758254114
|teamsize|p1|6
|teamsize|p2|6
|start
|switch|p1a: Rotom|Rotom-Wash|100/100
|switch|p2a: Pelipper|Pelipper, F|100/100
|-weather|RainDance|[from] ability: Drizzle|[of] p2a: Pelipper
|turn|1
|
|t:|1758254117
|switch|p2a: Landorus|Landorus-Therian, M|100/100
|-ability|p2a: Landorus|Intimidate|boost
|-unboost|p1a: Rotom|atk|1
|move|p1a: Rotom|Volt Switch|p2a: Landorus
|-immune|p2a: Landorus
|
|-weather|RainDance|[upkeep]
|upkeep
|turn|2
|inactive|Battle timer is ON: inactive players will automatically lose when time's up. (requested by JustIh5an)
|
|t:|1758254126
|move|p2a: Landorus|U-turn|p1a: Rotom
|-damage|p1a: Rotom|79/100
|
|t:|1758254129
|switch|p2a: Ludicolo|Ludicolo, M|100/100|[from] U-turn
|move|p1a: Rotom|Hydro Pump|p2a: Ludicolo
|-resisted|p2a: Ludicolo
|-damage|p2a: Ludicolo|89/100
|
|-weather|RainDance|[upkeep]
|-heal|p2a: Ludicolo|95/100|[from] ability: Rain Dish
|-heal|p1a: Rotom|86/100|[from] item: Leftovers
|-heal|p2a: Ludicolo|100/100|[from] item: Leftovers
|upkeep
|turn|3
|
|t:|1758254141
|switch|p1a: Pecharunt|Pecharunt|100/100
|-item|p1a: Pecharunt|Air Balloon
|move|p2a: Ludicolo|Protect||[still]
|-fail|p2a: Ludicolo
|
|-weather|RainDance|[upkeep]
|upkeep
|turn|4
|
|t:|1758254148
|switch|p2a: Forretress|Forretress, M|100/100
|move|p1a: Pecharunt|Parting Shot|p2a: Forretress
|-unboost|p2a: Forretress|atk|1
|-unboost|p2a: Forretress|spa|1
|
|t:|1758254161
|switch|p1a: Garchomp|Garchomp, M, shiny|100/100|[from] Parting Shot
|
|-weather|RainDance|[upkeep]
|upkeep
|turn|5
|
|t:|1758254166
|move|p1a: Garchomp|Scale Shot|p2a: Forretress
|-resisted|p2a: Forretress
|-damage|p2a: Forretress|97/100
|-resisted|p2a: Forretress
|-damage|p2a: Forretress|93/100
|-resisted|p2a: Forretress
|-damage|p2a: Forretress|89/100
|-resisted|p2a: Forretress
|-damage|p2a: Forretress|86/100
|-hitcount|p2a: Forretress|4
|-unboost|p1a: Garchomp|def|1
|-boost|p1a: Garchomp|spe|1
|move|p2a: Forretress|Stealth Rock|p1a: Garchomp
|-sidestart|p1: JustIh5an|move: Stealth Rock
|
|-weather|RainDance|[upkeep]
|upkeep
|turn|6
|
|t:|1758254175
|switch|p2a: Landorus|Landorus-Therian, M|100/100
|-ability|p2a: Landorus|Intimidate|boost
|-unboost|p1a: Garchomp|atk|1
|move|p1a: Garchomp|Swords Dance|p1a: Garchomp
|-boost|p1a: Garchomp|atk|2
|
|-weather|RainDance|[upkeep]
|upkeep
|turn|7
|
|t:|1758254195
|switch|p2a: Ludicolo|Ludicolo, M|100/100
|move|p1a: Garchomp|Scale Shot|p2a: Ludicolo
|-damage|p2a: Ludicolo|73/100
|-damage|p2a: Ludicolo|49/100
|-damage|p2a: Ludicolo|22/100
|-damage|p2a: Ludicolo|0 fnt
|faint|p2a: Ludicolo
|-hitcount|p2: Ludicolo|4
|-unboost|p1a: Garchomp|def|1
|-boost|p1a: Garchomp|spe|1
|
|-weather|RainDance|[upkeep]
|upkeep
|
|t:|1758254199
|switch|p2a: Landorus|Landorus-Therian, M|100/100
|-ability|p2a: Landorus|Intimidate|boost
|-unboost|p1a: Garchomp|atk|1
|turn|8
|
|t:|1758254209
|switch|p1a: Pecharunt|Pecharunt|100/100
|-damage|p1a: Pecharunt|88/100|[from] Stealth Rock
|-item|p1a: Pecharunt|Air Balloon
|move|p2a: Landorus|Earthquake|p1a: Pecharunt
|-immune|p1a: Pecharunt
|
|-weather|none
|upkeep
|turn|9
|
|t:|1758254220
|switch|p2a: Pelipper|Pelipper, F|100/100
|-weather|RainDance|[from] ability: Drizzle|[of] p2a: Pelipper
|move|p1a: Pecharunt|Parting Shot|p2a: Pelipper
|-unboost|p2a: Pelipper|atk|1
|-unboost|p2a: Pelipper|spa|1
|
|t:|1758254222
|switch|p1a: Rotom|Rotom-Wash|86/100|[from] Parting Shot
|-damage|p1a: Rotom|73/100|[from] Stealth Rock
|
|-weather|RainDance|[upkeep]
|-heal|p1a: Rotom|79/100|[from] item: Leftovers
|upkeep
|turn|10
|
|t:|1758254229
|switch|p2a: Forretress|Forretress, M|86/100
|move|p1a: Rotom|Hydro Pump|p2a: Forretress
|-damage|p2a: Forretress|6/100
|
|-weather|RainDance|[upkeep]
|-heal|p1a: Rotom|86/100|[from] item: Leftovers
|upkeep
|turn|11
|-enditem|p2a: Forretress|Custap Berry|[eat]
|-activate|p2a: Forretress|item: Custap Berry|[consumed]
|
|t:|1758254234
|move|p2a: Forretress|Spikes|p1a: Rotom
|-sidestart|p1: JustIh5an|Spikes
|move|p1a: Rotom|Volt Switch|p2a: Forretress
|-damage|p2a: Forretress|0 fnt
|faint|p2a: Forretress
|
|t:|1758254251
|switch|p1a: Pecharunt|Pecharunt|88/100|[from] Volt Switch
|-damage|p1a: Pecharunt|76/100|[from] Stealth Rock
|-item|p1a: Pecharunt|Air Balloon
|
|-weather|RainDance|[upkeep]
|upkeep
|
|t:|1758254259
|switch|p2a: Dragapult|Dragapult, M|100/100
|turn|12
|
|t:|1758254266
|-terastallize|p1a: Pecharunt|Grass
|move|p2a: Dragapult|Draco Meteor|p1a: Pecharunt
|-damage|p1a: Pecharunt|0 fnt
|-unboost|p2a: Dragapult|spa|2
|-enditem|p1a: Pecharunt|Air Balloon
|faint|p1a: Pecharunt
|
|-weather|RainDance|[upkeep]
|upkeep
|
|t:|1758254277
|switch|p1a: Tyranitar|Tyranitar, F|100/100
|-damage|p1a: Tyranitar|88/100|[from] Stealth Rock
|-damage|p1a: Tyranitar|76/100|[from] Spikes
|-weather|Sandstorm|[from] ability: Sand Stream|[of] p1a: Tyranitar
|turn|13
|
|t:|1758254288
|switch|p2a: Landorus|Landorus-Therian, M|100/100
|-ability|p2a: Landorus|Intimidate|boost
|-unboost|p1a: Tyranitar|atk|1
|move|p1a: Tyranitar|Knock Off|p2a: Landorus
|-damage|p2a: Landorus|67/100
|-enditem|p2a: Landorus|Choice Scarf|[from] move: Knock Off|[of] p1a: Tyranitar
|
|-weather|Sandstorm|[upkeep]
|upkeep
|turn|14
|
|t:|1758254295
|switch|p1a: Rotom|Rotom-Wash|86/100
|-damage|p1a: Rotom|73/100|[from] Stealth Rock
|move|p2a: Landorus|U-turn|p1a: Rotom
|-damage|p1a: Rotom|53/100
|
|t:|1758254300
|switch|p2a: Dragapult|Dragapult, M|100/100|[from] U-turn
|
|-weather|Sandstorm|[upkeep]
|-damage|p2a: Dragapult|95/100|[from] Sandstorm
|-damage|p1a: Rotom|47/100|[from] Sandstorm
|-heal|p1a: Rotom|53/100|[from] item: Leftovers
|upkeep
|turn|15
|
|t:|1758254308
|move|p2a: Dragapult|Draco Meteor|p1a: Rotom
|-damage|p1a: Rotom|0 fnt
|-unboost|p2a: Dragapult|spa|2
|faint|p1a: Rotom
|
|-weather|Sandstorm|[upkeep]
|-damage|p2a: Dragapult|89/100|[from] Sandstorm
|upkeep
|
|t:|1758254313
|switch|p1a: Kingambit|Kingambit, F, shiny|100/100
|-damage|p1a: Kingambit|94/100|[from] Stealth Rock
|-damage|p1a: Kingambit|82/100|[from] Spikes
|-activate|p1a: Kingambit|ability: Supreme Overlord
|-start|p1a: Kingambit|fallen2|[silent]
|turn|16
|
|t:|1758254316
|switch|p2a: Landorus|Landorus-Therian, M|67/100
|-ability|p2a: Landorus|Intimidate|boost
|-unboost|p1a: Kingambit|atk|1
|move|p1a: Kingambit|Kowtow Cleave|p2a: Landorus
|-damage|p2a: Landorus|9/100
|
|-weather|Sandstorm|[upkeep]
|upkeep
|turn|17
|
|t:|1758254324
|move|p1a: Kingambit|Sucker Punch|p2a: Landorus
|-damage|p2a: Landorus|0 fnt
|faint|p2a: Landorus
|
|-weather|Sandstorm|[upkeep]
|upkeep
|
|t:|1758254325
|switch|p2a: Pelipper|Pelipper, F|100/100
|-weather|RainDance|[from] ability: Drizzle|[of] p2a: Pelipper
|turn|18
|
|t:|1758254332
|-end|p1a: Kingambit|fallen2|[silent]
|switch|p1a: Garchomp|Garchomp, M, shiny|100/100
|-damage|p1a: Garchomp|94/100|[from] Stealth Rock
|-damage|p1a: Garchomp|82/100|[from] Spikes
|move|p2a: Pelipper|Weather Ball|p1a: Garchomp
|-crit|p1a: Garchomp
|-damage|p1a: Garchomp|0 fnt
|faint|p1a: Garchomp
|
|-weather|RainDance|[upkeep]
|upkeep
|
|t:|1758254337
|switch|p1a: Kingambit|Kingambit, F, shiny|82/100
|-damage|p1a: Kingambit|76/100|[from] Stealth Rock
|-damage|p1a: Kingambit|64/100|[from] Spikes
|-activate|p1a: Kingambit|ability: Supreme Overlord
|-start|p1a: Kingambit|fallen3|[silent]
|turn|19
|
|t:|1758254347
|move|p1a: Kingambit|Kowtow Cleave|p2a: Pelipper
|-damage|p2a: Pelipper|16/100
|move|p2a: Pelipper|Weather Ball|p1a: Kingambit
|-damage|p1a: Kingambit|0 fnt
|faint|p1a: Kingambit
|-end|p1a: Kingambit|fallen3|[silent]
|
|-weather|RainDance|[upkeep]
|upkeep
|
|t:|1758254352
|switch|p1a: Excadrill|Excadrill, M, shiny|100/100
|-damage|p1a: Excadrill|97/100|[from] Stealth Rock
|-damage|p1a: Excadrill|85/100|[from] Spikes
|turn|20
|
|t:|1758254359
|move|p1a: Excadrill|Rapid Spin|p2a: Pelipper
|-damage|p2a: Pelipper|0 fnt
|-boost|p1a: Excadrill|spe|1
|-sideend|p1: JustIh5an|Spikes|[from] move: Rapid Spin|[of] p1a: Excadrill
|-sideend|p1: JustIh5an|Stealth Rock|[from] move: Rapid Spin|[of] p1a: Excadrill
|faint|p2a: Pelipper
|-damage|p1a: Excadrill|75/100|[from] item: Life Orb
|
|-weather|RainDance|[upkeep]
|upkeep
|
|t:|1758254361
|switch|p2a: Barraskewda|Barraskewda, F|100/100
|turn|21
|
|t:|1758254370
|move|p2a: Barraskewda|Liquidation|p1a: Excadrill
|-supereffective|p1a: Excadrill
|-damage|p1a: Excadrill|0 fnt
|faint|p1a: Excadrill
|
|-weather|RainDance|[upkeep]
|upkeep
|-message|JustIh5an forfeited.
|
|win|DolphinC10
|raw|JustIh5an's rating: 1208 &rarr; <strong>1183</strong><br />(-25 for losing)
|raw|DolphinC10's rating: 1214 &rarr; <strong>1239</strong><br />(+25 for winning)
|l|‽JustIh5an
|player|p1|
