|j|☆yanyee
|j|☆abhi007xu
|t:|1758288589
|gametype|singles
|player|p1|yanyee|janine|1318
|player|p2|abhi007xu|nate|1309
|gen|9
|tier|[Gen 9] OU
|rated|
|rule|HP Percentage Mod: HP is shown in percentages
|rule|Endless Battle Clause: Forcing endless battles is banned
|rule|Species Clause: Limit one of each Pokémon
|rule|OHKO Clause: OHKO moves are banned
|rule|Evasion Items Clause: Evasion items are banned
|rule|Evasion Moves Clause: Evasion moves are banned
|rule|Evasion Abilities Clause: Evasion abilities are banned
|rule|Sleep Moves Clause: Sleep-inducing moves are banned
|clearpoke
|poke|p1|Quagsire, M|
|poke|p1|Corviknight, F|
|poke|p1|Clodsire, M|
|poke|p1|Slowking, M|
|poke|p1|Noivern, M|
|poke|p1|Meowscarada, F|
|poke|p2|Great Tusk|
|poke|p2|Kingambit, M|
|poke|p2|Raging Bolt|
|poke|p2|Walking Wake|
|poke|p2|Ninetales, M|
|poke|p2|Ceruledge, M|
|teampreview
|
|t:|1758288619
|teamsize|p1|6
|teamsize|p2|6
|start
|switch|p1a: Noivern|Noivern, M|100/100
|switch|p2a: Ninetales|Ninetales, M|100/100
|-item|p2a: Ninetales|Heat Rock|[from] ability: Frisk|[of] p1a: Noivern
|-weather|SunnyDay|[from] ability: Drought|[of] p2a: Ninetales
|turn|1
|
|t:|1758288649
|-terastallize|p1a: Noivern|Normal
|move|p1a: Noivern|Boomburst|p2a: Ninetales
|-damage|p2a: Ninetales|0 fnt
|faint|p2a: Ninetales
|
|-weather|SunnyDay|[upkeep]
|upkeep
|
|t:|1758288656
|switch|p2a: Walking Wake|Walking Wake|100/100
|-activate|p2a: Walking Wake|ability: Protosynthesis
|-start|p2a: Walking Wake|protosynthesisspe
|turn|2
|inactive|Battle timer is ON: inactive players will automatically lose when time's up. (requested by abhi007xu)
|
|t:|1758288670
|switch|p1a: Slowking|Slowking, M|100/100
|move|p2a: Walking Wake|Hydro Steam|p1a: Slowking
|-resisted|p1a: Slowking
|-damage|p1a: Slowking|82/100
|
|-weather|SunnyDay|[upkeep]
|upkeep
|turn|3
|
|t:|1758288674
|move|p2a: Walking Wake|Draco Meteor|p1a: Slowking
|-damage|p1a: Slowking|38/100
|-unboost|p2a: Walking Wake|spa|2
|-prepare|p1a: Slowking|Chilly Reception|[premajor]
|move|p1a: Slowking|Chilly Reception|p1a: Slowking
|-weather|Snowscape
|-end|p2a: Walking Wake|Protosynthesis
|inactive|yanyee has 120 seconds left.
|
|t:|1758288721
|switch|p1a: Noivern|Noivern, M, tera:Normal|100/100|[from] Chilly Reception
|-item|p2a: Walking Wake|Wise Glasses|[from] ability: Frisk|[of] p1a: Noivern
|
|-weather|Snowscape|[upkeep]
|upkeep
|turn|4
|
|t:|1758288731
|-end|p2a: Walking Wake|Protosynthesis|[silent]
|switch|p2a: Ceruledge|Ceruledge, M|100/100
|move|p1a: Noivern|Boomburst|p2a: Ceruledge
|-immune|p2a: Ceruledge
|
|-weather|Snowscape|[upkeep]
|upkeep
|turn|5
|inactive|yanyee has 120 seconds left.
|
|t:|1758288761
|switch|p1a: Quagsire|Quagsire, M|100/100
|move|p2a: Ceruledge|Swords Dance|p2a: Ceruledge
|-boost|p2a: Ceruledge|atk|2
|
|-weather|Snowscape|[upkeep]
|upkeep
|turn|6
|
|t:|1758288767
|-terastallize|p2a: Ceruledge|Fairy
|move|p2a: Ceruledge|Poltergeist|p1a: Quagsire|[miss]
|-miss|p2a: Ceruledge|p1a: Quagsire
|move|p1a: Quagsire|Toxic|p2a: Ceruledge
|-status|p2a: Ceruledge|tox
|
|-weather|Snowscape|[upkeep]
|-damage|p2a: Ceruledge|94/100 tox|[from] psn
|upkeep
|turn|7
|
|t:|1758288780
|move|p2a: Ceruledge|Poltergeist|p1a: Quagsire
|-activate|p1a: Quagsire|move: Poltergeist|Zoom Lens
|-damage|p1a: Quagsire|58/100
|move|p1a: Quagsire|Earthquake|p2a: Ceruledge
|-damage|p2a: Ceruledge|61/100 tox
|-ability|p2a: Ceruledge|Weak Armor|boost
|-unboost|p2a: Ceruledge|def|1
|-boost|p2a: Ceruledge|spe|2
|
|-weather|none
|-damage|p2a: Ceruledge|49/100 tox|[from] psn
|upkeep
|turn|8
|
|t:|1758288784
|move|p2a: Ceruledge|Poltergeist|p1a: Quagsire
|-activate|p1a: Quagsire|move: Poltergeist|Zoom Lens
|-damage|p1a: Quagsire|17/100
|move|p1a: Quagsire|Recover|p1a: Quagsire
|-heal|p1a: Quagsire|67/100
|
|-damage|p2a: Ceruledge|31/100 tox|[from] psn
|upkeep
|turn|9
|
|t:|1758288787
|move|p2a: Ceruledge|Poltergeist|p1a: Quagsire
|-activate|p1a: Quagsire|move: Poltergeist|Zoom Lens
|-damage|p1a: Quagsire|22/100
|move|p1a: Quagsire|Recover|p1a: Quagsire
|-heal|p1a: Quagsire|72/100
|
|-damage|p2a: Ceruledge|7/100 tox|[from] psn
|upkeep
|turn|10
|
|t:|1758288789
|move|p2a: Ceruledge|Poltergeist|p1a: Quagsire
|-activate|p1a: Quagsire|move: Poltergeist|Zoom Lens
|-damage|p1a: Quagsire|30/100
|move|p1a: Quagsire|Recover|p1a: Quagsire
|-heal|p1a: Quagsire|80/100
|
|-damage|p2a: Ceruledge|0 fnt|[from] psn
|faint|p2a: Ceruledge
|upkeep
|
|t:|1758288798
|switch|p2a: Raging Bolt|Raging Bolt|100/100
|turn|11
|
|t:|1758288825
|switch|p1a: Clodsire|Clodsire, M|100/100
|move|p2a: Raging Bolt|Dragon Pulse|p1a: Clodsire
|-damage|p1a: Clodsire|67/100
|-damage|p2a: Raging Bolt|91/100|[from] item: Life Orb
|
|upkeep
|turn|12
|
|t:|1758288830
|move|p2a: Raging Bolt|Dragon Pulse|p1a: Clodsire
|-damage|p1a: Clodsire|32/100
|-enditem|p1a: Clodsire|Sitrus Berry|[eat]
|-heal|p1a: Clodsire|57/100|[from] item: Sitrus Berry
|-damage|p2a: Raging Bolt|81/100|[from] item: Life Orb
|move|p1a: Clodsire|Toxic|p2a: Raging Bolt
|-status|p2a: Raging Bolt|tox
|
|-damage|p2a: Raging Bolt|74/100 tox|[from] psn
|upkeep
|turn|13
|
|t:|1758288835
|-end|p2a: Raging Bolt|Protosynthesis|[silent]
|switch|p2a: Great Tusk|Great Tusk|100/100
|move|p1a: Clodsire|Recover|p1a: Clodsire
|-heal|p1a: Clodsire|100/100
|
|upkeep
|turn|14
|
|t:|1758288863
|switch|p1a: Corviknight|Corviknight, F|100/100
|move|p2a: Great Tusk|Headlong Rush|p1a: Corviknight
|-immune|p1a: Corviknight
|
|upkeep
|turn|15
|
|t:|1758288871
|move|p2a: Great Tusk|Temper Flare|p1a: Corviknight
|-supereffective|p1a: Corviknight
|-damage|p1a: Corviknight|29/100
|-damage|p2a: Great Tusk|84/100|[from] item: Rocky Helmet|[of] p1a: Corviknight
|move|p1a: Corviknight|U-turn|p2a: Great Tusk
|-resisted|p2a: Great Tusk
|-damage|p2a: Great Tusk|79/100
|inactive|yanyee has 120 seconds left.
|
|t:|1758288891
|switch|p1a: Noivern|Noivern, M, tera:Normal|100/100|[from] U-turn
|-item|p2a: Great Tusk|Assault Vest|[from] ability: Frisk|[of] p1a: Noivern
|
|upkeep
|turn|16
|
|t:|1758288896
|move|p1a: Noivern|Boomburst|p2a: Great Tusk
|-damage|p2a: Great Tusk|4/100
|move|p2a: Great Tusk|Headlong Rush|p1a: Noivern
|-damage|p1a: Noivern|16/100
|-unboost|p2a: Great Tusk|def|1
|-unboost|p2a: Great Tusk|spd|1
|
|upkeep
|turn|17
|inactive|yanyee has 120 seconds left.
|
|t:|1758288932
|move|p1a: Noivern|Boomburst|p2a: Great Tusk
|-damage|p2a: Great Tusk|0 fnt
|faint|p2a: Great Tusk
|-end|p2a: Great Tusk|Protosynthesis|[silent]
|
|upkeep
|
|t:|1758288938
|switch|p2a: Raging Bolt|Raging Bolt|74/100 tox
|turn|18
|
|t:|1758288943
|switch|p1a: Clodsire|Clodsire, M|100/100
|move|p2a: Raging Bolt|Solar Beam||[still]
|-prepare|p2a: Raging Bolt|Solar Beam
|
|-damage|p2a: Raging Bolt|68/100 tox|[from] psn
|upkeep
|turn|19
|inactive|yanyee has 120 seconds left.
|-message|abhi007xu forfeited.
|
|win|yanyee
|raw|yanyee's rating: 1318 &rarr; <strong>1337</strong><br />(+19 for winning)
|raw|abhi007xu's rating: 1309 &rarr; <strong>1290</strong><br />(-19 for losing)
|l|☆abhi007xu
|player|p2|
|l|☆yanyee
|player|p1|
