|j|☆skiing in sudan
|j|☆HyperHHH
|t:|1758299047
|gametype|singles
|player|p1|skiing in sudan|iris-gen5bw2|1650
|player|p2|HyperHHH|fisherman-gen2jp|1645
|gen|9
|tier|[Gen 9] OU
|rated|
|rule|HP Percentage Mod: HP is shown in percentages
|rule|Endless Battle Clause: Forcing endless battles is banned
|rule|Species Clause: Limit one of each Pokémon
|rule|OHKO Clause: OHKO moves are banned
|rule|Evasion Items Clause: Evasion items are banned
|rule|Evasion Moves Clause: Evasion moves are banned
|rule|Evasion Abilities Clause: Evasion abilities are banned
|rule|Sleep Moves Clause: Sleep-inducing moves are banned
|clearpoke
|poke|p1|Arcanine-Hisui, F|
|poke|p1|Ogerpon-Cornerstone, F|
|poke|p1|Dragapult, F|
|poke|p1|Great Tusk|
|poke|p1|Corviknight, F|
|poke|p1|Primarina, M|
|poke|p2|Kingambit, F|
|poke|p2|Kyurem|
|poke|p2|Samurott-Hisui, F|
|poke|p2|Iron Valiant|
|poke|p2|Landorus-Therian, M|
|poke|p2|Iron Moth|
|teampreview
|inactive|Battle timer is ON: inactive players will automatically lose when time's up. (requested by HyperHHH)
|
|t:|1758299066
|teamsize|p1|6
|teamsize|p2|6
|start
|switch|p1a: Primarina|Primarina, M|100/100
|switch|p2a: Samurott|Samurott-Hisui, F|100/100
|turn|1
|
|t:|1758299069
|move|p2a: Samurott|Ceaseless Edge|p1a: Primarina
|-resisted|p1a: Primarina
|-crit|p1a: Primarina
|-damage|p1a: Primarina|62/100
|-sidestart|p1: skiing in sudan|Spikes
|move|p1a: Primarina|Moonblast|p2a: Samurott
|-supereffective|p2a: Samurott
|-enditem|p2a: Samurott|Focus Sash
|-damage|p2a: Samurott|1/100
|-unboost|p2a: Samurott|spa|1
|
|upkeep
|turn|2
|j| Pinkstork
|j| Disscratch
|j| wgw2333
|
|t:|1758299083
|move|p2a: Samurott|Knock Off|p1a: Primarina
|-resisted|p1a: Primarina
|-damage|p1a: Primarina|38/100
|-enditem|p1a: Primarina|Assault Vest|[from] move: Knock Off|[of] p2a: Samurott
|move|p1a: Primarina|Moonblast|p2a: Samurott
|-supereffective|p2a: Samurott
|-damage|p2a: Samurott|0 fnt
|faint|p2a: Samurott
|
|upkeep
|
|t:|1758299098
|switch|p2a: Iron Moth|Iron Moth|100/100
|-enditem|p2a: Iron Moth|Booster Energy
|-activate|p2a: Iron Moth|ability: Quark Drive|[fromitem]
|-start|p2a: Iron Moth|quarkdrivespe
|turn|3
|l| Pinkstork
|
|t:|1758299119
|move|p2a: Iron Moth|Sludge Wave|p1a: Primarina
|-supereffective|p1a: Primarina
|-damage|p1a: Primarina|0 fnt
|faint|p1a: Primarina
|
|upkeep
|
|t:|1758299124
|switch|p1a: Arcanine|Arcanine-Hisui, F|100/100
|-damage|p1a: Arcanine|88/100|[from] Spikes
|turn|4
|
|t:|1758299129
|-terastallize|p2a: Iron Moth|Ground
|move|p2a: Iron Moth|Tera Blast|p1a: Arcanine|[anim] Tera Blast Ground
|-supereffective|p1a: Arcanine
|-damage|p1a: Arcanine|0 fnt
|faint|p1a: Arcanine
|
|upkeep
|j| Pinkstork
|l| Pinkstork
|inactive|skiing in sudan has 120 seconds left.
|
|t:|1758299169
|switch|p1a: Corviknight|Corviknight, F|100/100
|-ability|p1a: Corviknight|Pressure
|turn|5
|
|t:|1758299174
|-terastallize|p1a: Corviknight|Dragon
|move|p2a: Iron Moth|Fiery Dance|p1a: Corviknight
|-resisted|p1a: Corviknight
|-damage|p1a: Corviknight|81/100
|move|p1a: Corviknight|Defog|p2a: Iron Moth
|-unboost|p2a: Iron Moth|evasion|1
|-sideend|p1: skiing in sudan|Spikes|[from] move: Defog|[of] p1a: Corviknight
|
|upkeep
|turn|6
|inactive|skiing in sudan has 120 seconds left.
|
|t:|1758299201
|move|p2a: Iron Moth|Fiery Dance|p1a: Corviknight
|-resisted|p1a: Corviknight
|-damage|p1a: Corviknight|60/100
|-boost|p2a: Iron Moth|spa|1
|move|p1a: Corviknight|U-turn|p2a: Iron Moth
|-damage|p2a: Iron Moth|78/100
|
|t:|1758299204
|switch|p1a: Ogerpon|Ogerpon-Cornerstone, F|100/100|[from] U-turn
|
|upkeep
|turn|7
|
|t:|1758299215
|move|p2a: Iron Moth|Sludge Wave|p1a: Ogerpon
|-damage|p1a: Ogerpon|21/100
|move|p1a: Ogerpon|Power Whip|p2a: Iron Moth
|-supereffective|p2a: Iron Moth
|-damage|p2a: Iron Moth|0 fnt
|faint|p2a: Iron Moth
|-end|p2a: Iron Moth|Quark Drive|[silent]
|
|upkeep
|
|t:|1758299229
|switch|p2a: Iron Valiant|Iron Valiant|100/100
|-enditem|p2a: Iron Valiant|Booster Energy
|-activate|p2a: Iron Valiant|ability: Quark Drive|[fromitem]
|-start|p2a: Iron Valiant|quarkdrivespa
|turn|8
|l| Disscratch
|inactive|skiing in sudan has 120 seconds left.
|
|t:|1758299248
|move|p2a: Iron Valiant|Vacuum Wave|p1a: Ogerpon
|-supereffective|p1a: Ogerpon
|-damage|p1a: Ogerpon|0 fnt
|faint|p1a: Ogerpon
|
|upkeep
|c|☆skiing in sudan|gg
|
|t:|1758299253
|switch|p1a: Dragapult|Dragapult, F|100/100
|turn|9
|
|t:|1758299264
|-end|p2a: Iron Valiant|Quark Drive|[silent]
|switch|p2a: Kingambit|Kingambit, F|100/100
|-activate|p2a: Kingambit|ability: Supreme Overlord
|-start|p2a: Kingambit|fallen2|[silent]
|move|p1a: Dragapult|Thunder Wave|p2a: Kingambit|[miss]
|-miss|p1a: Dragapult|p2a: Kingambit
|
|upkeep
|turn|10
|inactive|skiing in sudan has 120 seconds left.
|
|t:|1758299286
|move|p1a: Dragapult|U-turn|p2a: Kingambit
|-damage|p2a: Kingambit|85/100
|
|t:|1758299288
|switch|p1a: Corviknight|Corviknight, F, tera:Dragon|60/100|[from] U-turn
|-ability|p1a: Corviknight|Pressure
|move|p2a: Kingambit|Kowtow Cleave|p1a: Corviknight
|-damage|p1a: Corviknight|19/100
|-damage|p2a: Kingambit|68/100|[from] item: Rocky Helmet|[of] p1a: Corviknight
|
|upkeep
|turn|11
|
|t:|1758299297
|move|p2a: Kingambit|Kowtow Cleave|p1a: Corviknight
|-damage|p1a: Corviknight|0 fnt
|-damage|p2a: Kingambit|52/100|[from] item: Rocky Helmet|[of] p1a: Corviknight
|faint|p1a: Corviknight
|
|upkeep
|
|t:|1758299313
|switch|p1a: Great Tusk|Great Tusk|100/100
|-enditem|p1a: Great Tusk|Booster Energy
|-activate|p1a: Great Tusk|ability: Protosynthesis|[fromitem]
|-start|p1a: Great Tusk|protosynthesisspe
|turn|12
|j| Pinkstork
|
|t:|1758299323
|-end|p2a: Kingambit|fallen2|[silent]
|switch|p2a: Kyurem|Kyurem|100/100
|-ability|p2a: Kyurem|Pressure
|move|p1a: Great Tusk|Bulk Up|p1a: Great Tusk
|-boost|p1a: Great Tusk|atk|1
|-boost|p1a: Great Tusk|def|1
|
|upkeep
|turn|13
|l| Pinkstork
|
|t:|1758299347
|move|p1a: Great Tusk|Bulk Up|p1a: Great Tusk
|-boost|p1a: Great Tusk|atk|1
|-boost|p1a: Great Tusk|def|1
|move|p2a: Kyurem|Freeze-Dry|p1a: Great Tusk
|-supereffective|p1a: Great Tusk
|-damage|p1a: Great Tusk|33/100
|
|upkeep
|turn|14
|
|t:|1758299352
|move|p1a: Great Tusk|Headlong Rush|p2a: Kyurem
|-damage|p2a: Kyurem|8/100
|-unboost|p1a: Great Tusk|def|1
|-unboost|p1a: Great Tusk|spd|1
|move|p2a: Kyurem|Freeze-Dry|p1a: Great Tusk
|-supereffective|p1a: Great Tusk
|-damage|p1a: Great Tusk|0 fnt
|faint|p1a: Great Tusk
|-end|p1a: Great Tusk|Protosynthesis|[silent]
|
|upkeep
|
|t:|1758299355
|switch|p1a: Dragapult|Dragapult, F|100/100
|turn|15
|
|t:|1758299358
|move|p1a: Dragapult|Hex|p2a: Kyurem
|-damage|p2a: Kyurem|0 fnt
|faint|p2a: Kyurem
|
|upkeep
|j| Pinkstork
|
|t:|1758299363
|switch|p2a: Iron Valiant|Iron Valiant|100/100
|turn|16
|
|t:|1758299374
|move|p1a: Dragapult|Thunder Wave|p2a: Iron Valiant
|-status|p2a: Iron Valiant|par
|move|p2a: Iron Valiant|Moonblast|p1a: Dragapult
|-supereffective|p1a: Dragapult
|-damage|p1a: Dragapult|0 fnt
|faint|p1a: Dragapult
|
|win|HyperHHH
|raw|skiing in sudan's rating: 1650 &rarr; <strong>1630</strong><br />(-20 for losing)
|raw|HyperHHH's rating: 1645 &rarr; <strong>1665</strong><br />(+20 for winning)
|l| Pinkstork
|j| Pinkstork
|l| Pinkstork
