|j|☆Over hit
|j|☆kpo2022
|t:|1758270225
|gametype|singles
|player|p1|Over hit|169|1104
|player|p2|kpo2022|101|1128
|gen|9
|tier|[Gen 9] OU
|rated|
|rule|HP Percentage Mod: HP is shown in percentages
|rule|Endless Battle Clause: Forcing endless battles is banned
|rule|Species Clause: Limit one of each Pokémon
|rule|OHKO Clause: OHKO moves are banned
|rule|Evasion Items Clause: Evasion items are banned
|rule|Evasion Moves Clause: Evasion moves are banned
|rule|Evasion Abilities Clause: Evasion abilities are banned
|rule|Sleep Moves Clause: Sleep-inducing moves are banned
|clearpoke
|poke|p1|Gallade, M|
|poke|p1|Maushold|
|poke|p1|Dragonite, F|
|poke|p1|Alomomola, M|
|poke|p1|Ninetales-Alola, F|
|poke|p1|Heatran, M|
|poke|p2|Kyurem|
|poke|p2|Ninetales-Alola, M|
|poke|p2|Eiscue, F|
|poke|p2|Regice|
|poke|p2|Cetitan, M|
|poke|p2|Ceruledge, M|
|teampreview
|inactive|Battle timer is ON: inactive players will automatically lose when time's up. (requested by kpo2022)
|
|t:|1758270242
|teamsize|p1|6
|teamsize|p2|6
|start
|switch|p1a: Maushold|Maushold|100/100
|switch|p2a: Ninetales|Ninetales-Alola, M|100/100
|-weather|Snowscape|[from] ability: Snow Warning|[of] p2a: Ninetales
|turn|1
|
|t:|1758270261
|switch|p2a: Ceruledge|Ceruledge, M|100/100
|move|p1a: Maushold|Tidy Up|p1a: Maushold
|-boost|p1a: Maushold|atk|1
|-boost|p1a: Maushold|spe|1
|
|-weather|Snowscape|[upkeep]
|upkeep
|turn|2
|inactive|Over hit has 120 seconds left.
|
|t:|1758270298
|switch|p1a: Gallade|Gallade, M|100/100
|-terastallize|p2a: Ceruledge|Fire
|move|p2a: Ceruledge|Bitter Blade|p1a: Gallade
|-damage|p1a: Gallade|0 fnt
|faint|p1a: Gallade
|
|-weather|Snowscape|[upkeep]
|upkeep
|
|t:|1758270306
|switch|p1a: Dragonite|Dragonite, F|100/100
|turn|3
|
|t:|1758270325
|switch|p2a: Eiscue|Eiscue, F|100/100
|-terastallize|p1a: Dragonite|Normal
|move|p1a: Dragonite|Extreme Speed|p2a: Eiscue
|-activate|p2a: Eiscue|ability: Ice Face
|-damage|p2a: Eiscue|100/100
|detailschange|p2a: Eiscue|Eiscue-Noice, F
|
|-weather|Snowscape|[upkeep]
|upkeep
|turn|4
|
|t:|1758270339
|move|p1a: Dragonite|Extreme Speed|p2a: Eiscue
|-damage|p2a: Eiscue|36/100
|move|p2a: Eiscue|Icicle Crash|p1a: Dragonite
|-damage|p1a: Dragonite|63/100
|
|-weather|Snowscape|[upkeep]
|-heal|p2a: Eiscue|43/100|[from] item: Leftovers
|upkeep
|turn|5
|
|t:|1758270350
|switch|p2a: Ceruledge|Ceruledge, M, tera:Fire|100/100
|move|p1a: Dragonite|Extreme Speed|p2a: Ceruledge
|-damage|p2a: Ceruledge|0 fnt
|faint|p2a: Ceruledge
|
|-weather|none
|upkeep
|
|t:|1758270361
|switch|p2a: Cetitan|Cetitan, M|100/100
|turn|6
|
|t:|1758270367
|switch|p2a: Ninetales|Ninetales-Alola, M|100/100
|-weather|Snowscape|[from] ability: Snow Warning|[of] p2a: Ninetales
|move|p1a: Dragonite|Extreme Speed|p2a: Ninetales
|-damage|p2a: Ninetales|41/100
|
|-weather|Snowscape|[upkeep]
|upkeep
|turn|7
|
|t:|1758270372
|move|p1a: Dragonite|Extreme Speed|p2a: Ninetales
|-damage|p2a: Ninetales|0 fnt
|faint|p2a: Ninetales
|
|-weather|Snowscape|[upkeep]
|upkeep
|
|t:|1758270376
|switch|p2a: Eiscue|Eiscue-Noice, F|43/100
|-activate|p2a: Eiscue|ability: Ice Face
|detailschange|p2a: Eiscue|Eiscue, F
|turn|8
|
|t:|1758270389
|switch|p1a: Heatran|Heatran, M|100/100
|-item|p1a: Heatran|Air Balloon
|move|p2a: Eiscue|Icicle Crash|p1a: Heatran
|-resisted|p1a: Heatran
|-damage|p1a: Heatran|93/100
|-enditem|p1a: Heatran|Air Balloon
|
|-weather|Snowscape|[upkeep]
|-heal|p2a: Eiscue|49/100|[from] item: Leftovers
|upkeep
|turn|9
|
|t:|1758270402
|switch|p2a: Regice|Regice|100/100
|move|p1a: Heatran|Will-O-Wisp|p2a: Regice
|-status|p2a: Regice|brn
|
|-weather|Snowscape|[upkeep]
|-damage|p2a: Regice|94/100 brn|[from] brn
|upkeep
|turn|10
|
|t:|1758270418
|move|p1a: Heatran|Magma Storm|p2a: Regice
|-supereffective|p2a: Regice
|-damage|p2a: Regice|71/100 brn
|-activate|p2a: Regice|move: Magma Storm|[of] p1a: Heatran
|move|p2a: Regice|Ancient Power|p1a: Heatran
|-damage|p1a: Heatran|85/100
|-boost|p2a: Regice|atk|1
|-boost|p2a: Regice|def|1
|-boost|p2a: Regice|spa|1
|-boost|p2a: Regice|spd|1
|-boost|p2a: Regice|spe|1
|
|-weather|none
|-damage|p2a: Regice|65/100 brn|[from] brn
|-damage|p2a: Regice|52/100 brn|[from] move: Magma Storm|[partiallytrapped]
|upkeep
|turn|11
|
|t:|1758270436
|switch|p1a: Dragonite|Dragonite, F, tera:Normal|63/100
|move|p2a: Regice|Thunderbolt|p1a: Dragonite
|-damage|p1a: Dragonite|28/100
|
|-damage|p2a: Regice|46/100 brn|[from] brn
|-end|p2a: Regice|Magma Storm|[partiallytrapped]|[silent]
|upkeep
|turn|12
|
|t:|1758270446
|move|p1a: Dragonite|Rock Slide|p2a: Regice
|-supereffective|p2a: Regice
|-damage|p2a: Regice|0 fnt
|faint|p2a: Regice
|
|upkeep
|
|t:|1758270451
|switch|p2a: Eiscue|Eiscue, F|49/100
|turn|13
|
|t:|1758270460
|move|p1a: Dragonite|Rock Slide|p2a: Eiscue
|-activate|p2a: Eiscue|ability: Ice Face
|-damage|p2a: Eiscue|49/100
|detailschange|p2a: Eiscue|Eiscue-Noice, F
|cant|p2a: Eiscue|flinch
|
|-heal|p2a: Eiscue|55/100|[from] item: Leftovers
|upkeep
|turn|14
|
|t:|1758270468
|move|p2a: Eiscue|Snowscape|p2a: Eiscue
|-weather|Snowscape
|-activate|p2a: Eiscue|ability: Ice Face
|detailschange|p2a: Eiscue|Eiscue, F
|move|p1a: Dragonite|Rock Slide|p2a: Eiscue
|-activate|p2a: Eiscue|ability: Ice Face
|-damage|p2a: Eiscue|55/100
|detailschange|p2a: Eiscue|Eiscue-Noice, F
|
|-weather|Snowscape|[upkeep]
|-heal|p2a: Eiscue|61/100|[from] item: Leftovers
|upkeep
|turn|15
|
|t:|1758270481
|move|p2a: Eiscue|Icicle Crash|p1a: Dragonite
|-damage|p1a: Dragonite|0 fnt
|faint|p1a: Dragonite
|
|-weather|Snowscape|[upkeep]
|-heal|p2a: Eiscue|68/100|[from] item: Leftovers
|upkeep
|
|t:|1758270496
|switch|p1a: Heatran|Heatran, M|85/100
|turn|16
|
|t:|1758270506
|switch|p2a: Kyurem|Kyurem|100/100
|-ability|p2a: Kyurem|Pressure
|move|p1a: Heatran|Will-O-Wisp|p2a: Kyurem
|-status|p2a: Kyurem|brn
|
|-weather|Snowscape|[upkeep]
|-damage|p2a: Kyurem|94/100 brn|[from] brn
|upkeep
|turn|17
|
|t:|1758270516
|move|p2a: Kyurem|Blizzard|p1a: Heatran
|-resisted|p1a: Heatran
|-damage|p1a: Heatran|77/100
|-status|p1a: Heatran|frz
|-curestatus|p1a: Heatran|frz|[msg]
|move|p1a: Heatran|Magma Storm|p2a: Kyurem|[miss]
|-miss|p1a: Heatran|p2a: Kyurem
|
|-weather|Snowscape|[upkeep]
|-damage|p2a: Kyurem|88/100 brn|[from] brn
|upkeep
|turn|18
|
|t:|1758270525
|move|p2a: Kyurem|Shadow Ball|p1a: Heatran
|-damage|p1a: Heatran|60/100
|move|p1a: Heatran|Magma Storm|p2a: Kyurem
|-damage|p2a: Kyurem|48/100 brn
|-activate|p2a: Kyurem|move: Magma Storm|[of] p1a: Heatran
|
|-weather|none
|-damage|p2a: Kyurem|41/100 brn|[from] brn
|-damage|p2a: Kyurem|29/100 brn|[from] move: Magma Storm|[partiallytrapped]
|upkeep
|turn|19
|
|t:|1758270537
|move|p2a: Kyurem|Draco Meteor|p1a: Heatran
|-resisted|p1a: Heatran
|-damage|p1a: Heatran|40/100
|-unboost|p2a: Kyurem|spa|2
|move|p1a: Heatran|Stealth Rock|p2a: Kyurem
|-sidestart|p2: kpo2022|move: Stealth Rock
|
|-damage|p2a: Kyurem|23/100 brn|[from] brn
|-damage|p2a: Kyurem|11/100 brn|[from] move: Magma Storm|[partiallytrapped]
|upkeep
|turn|20
|
|t:|1758270553
|move|p2a: Kyurem|Shadow Ball|p1a: Heatran
|-damage|p1a: Heatran|31/100
|-unboost|p1a: Heatran|spd|1
|move|p1a: Heatran|Earth Power|p2a: Kyurem
|-damage|p2a: Kyurem|0 fnt
|faint|p2a: Kyurem
|
|upkeep
|
|t:|1758270559
|switch|p2a: Cetitan|Cetitan, M|100/100
|-damage|p2a: Cetitan|76/100|[from] Stealth Rock
|turn|21
|
|t:|1758270566
|move|p2a: Cetitan|Earthquake|p1a: Heatran
|-supereffective|p1a: Heatran
|-damage|p1a: Heatran|0 fnt
|faint|p1a: Heatran
|
|upkeep
|
|t:|1758270571
|switch|p1a: Maushold|Maushold|100/100
|turn|22
|
|t:|1758270583
|switch|p1a: Alomomola|Alomomola, M|100/100
|move|p2a: Cetitan|Icicle Spear|p1a: Alomomola
|-resisted|p1a: Alomomola
|-damage|p1a: Alomomola|97/100
|-resisted|p1a: Alomomola
|-damage|p1a: Alomomola|94/100
|-resisted|p1a: Alomomola
|-damage|p1a: Alomomola|90/100
|-resisted|p1a: Alomomola
|-damage|p1a: Alomomola|87/100
|-resisted|p1a: Alomomola
|-damage|p1a: Alomomola|84/100
|-hitcount|p1a: Alomomola|5
|
|-heal|p1a: Alomomola|90/100|[from] item: Leftovers
|upkeep
|turn|23
|
|t:|1758270593
|switch|p1a: Ninetales|Ninetales-Alola, F, shiny|100/100
|-weather|Snowscape|[from] ability: Snow Warning|[of] p1a: Ninetales
|move|p2a: Cetitan|Knock Off|p1a: Ninetales
|-resisted|p1a: Ninetales
|-damage|p1a: Ninetales|85/100
|-enditem|p1a: Ninetales|Light Clay|[from] move: Knock Off|[of] p2a: Cetitan
|
|-weather|Snowscape|[upkeep]
|upkeep
|turn|24
|
|t:|1758270611
|move|p2a: Cetitan|Icicle Spear|p1a: Ninetales
|-resisted|p1a: Ninetales
|-damage|p1a: Ninetales|80/100
|-resisted|p1a: Ninetales
|-damage|p1a: Ninetales|74/100
|-resisted|p1a: Ninetales
|-damage|p1a: Ninetales|70/100
|-resisted|p1a: Ninetales
|-damage|p1a: Ninetales|64/100
|-resisted|p1a: Ninetales
|-damage|p1a: Ninetales|59/100
|-hitcount|p1a: Ninetales|5
|move|p1a: Ninetales|Aurora Veil|p1a: Ninetales
|-sidestart|p1: Over hit|move: Aurora Veil
|
|-weather|Snowscape|[upkeep]
|upkeep
|turn|25
|
|t:|1758270629
|switch|p1a: Maushold|Maushold|100/100
|move|p2a: Cetitan|Icicle Spear|p1a: Maushold
|-damage|p1a: Maushold|91/100
|-damage|p1a: Maushold|82/100
|-damage|p1a: Maushold|74/100
|-damage|p1a: Maushold|65/100
|-hitcount|p1a: Maushold|4
|
|-weather|Snowscape|[upkeep]
|upkeep
|turn|26
|
|t:|1758270645
|move|p2a: Cetitan|Icicle Spear|p1a: Maushold
|-crit|p1a: Maushold
|-damage|p1a: Maushold|41/100
|-damage|p1a: Maushold|32/100
|-damage|p1a: Maushold|24/100
|-damage|p1a: Maushold|15/100
|-damage|p1a: Maushold|6/100
|-hitcount|p1a: Maushold|5
|move|p1a: Maushold|Tidy Up|p1a: Maushold
|-sideend|p2: kpo2022|Stealth Rock
|-activate|p1a: Maushold|move: Tidy Up
|-boost|p1a: Maushold|atk|1
|-boost|p1a: Maushold|spe|1
|
|-weather|Snowscape|[upkeep]
|upkeep
|turn|27
|
|t:|1758270660
|move|p2a: Cetitan|Ice Shard|p1a: Maushold
|-damage|p1a: Maushold|0 fnt
|faint|p1a: Maushold
|
|-weather|none
|upkeep
|
|t:|1758270669
|switch|p1a: Alomomola|Alomomola, M|100/100
|turn|28
|
|t:|1758270683
|move|p2a: Cetitan|Knock Off|p1a: Alomomola
|-damage|p1a: Alomomola|91/100
|-enditem|p1a: Alomomola|Leftovers|[from] move: Knock Off|[of] p2a: Cetitan
|move|p1a: Alomomola|Scald|p2a: Cetitan
|-damage|p2a: Cetitan|62/100
|
|-sideend|p1: Over hit|move: Aurora Veil
|upkeep
|turn|29
|
|t:|1758270693
|move|p2a: Cetitan|Earthquake|p1a: Alomomola
|-damage|p1a: Alomomola|72/100
|move|p1a: Alomomola|Scald|p2a: Cetitan
|-damage|p2a: Cetitan|50/100
|
|upkeep
|turn|30
|inactive|Over hit has 120 seconds left.
|
|t:|1758270737
|move|p2a: Cetitan|Icicle Spear|p1a: Alomomola
|-resisted|p1a: Alomomola
|-damage|p1a: Alomomola|69/100
|-resisted|p1a: Alomomola
|-damage|p1a: Alomomola|65/100
|-resisted|p1a: Alomomola
|-damage|p1a: Alomomola|62/100
|-resisted|p1a: Alomomola
|-damage|p1a: Alomomola|58/100
|-resisted|p1a: Alomomola
|-damage|p1a: Alomomola|55/100
|-hitcount|p1a: Alomomola|5
|move|p1a: Alomomola|Scald|p2a: Cetitan
|-damage|p2a: Cetitan|36/100
|-status|p2a: Cetitan|brn
|
|-damage|p2a: Cetitan|30/100 brn|[from] brn
|upkeep
|turn|31
|-message|kpo2022 forfeited.
|
|win|Over hit
|raw|Over hit's rating: 1104 &rarr; <strong>1131</strong><br />(+27 for winning)
|raw|kpo2022's rating: 1128 &rarr; <strong>1101</strong><br />(-27 for losing)
|l|☆kpo2022
|player|p2|
|l|☆Over hit
|player|p1|
