|j|☆papagalos123
|j|☆hyperoffenseweasel
|t:|1758259005
|gametype|singles
|player|p1|papagalos123|265|1150
|player|p2|hyperoffenseweasel|2|1187
|gen|9
|tier|[Gen 9] OU
|rated|
|rule|HP Percentage Mod: HP is shown in percentages
|rule|Endless Battle Clause: Forcing endless battles is banned
|rule|Species Clause: Limit one of each Pokémon
|rule|OHKO Clause: OHKO moves are banned
|rule|Evasion Items Clause: Evasion items are banned
|rule|Evasion Moves Clause: Evasion moves are banned
|rule|Evasion Abilities Clause: Evasion abilities are banned
|rule|Sleep Moves Clause: Sleep-inducing moves are banned
|clearpoke
|poke|p1|Hatterene, F|
|poke|p1|Landorus-Therian, M|
|poke|p1|Dragonite, F|
|poke|p1|Scizor, M|
|poke|p1|Weavile, M|
|poke|p1|Slowking-Galar, F|
|poke|p2|Zamazenta-*|
|poke|p2|Ninetales-Alola, F|
|poke|p2|Gliscor, M|
|poke|p2|Hatterene, F|
|poke|p2|Iron Valiant|
|poke|p2|Weavile, M|
|teampreview
|inactive|Battle timer is ON: inactive players will automatically lose when time's up. (requested by papagalos123)
|inactive|hyperoffenseweasel also wants the timer to be on.
|
|t:|1758259014
|teamsize|p1|6
|teamsize|p2|6
|start
|switch|p1a: Landorus|Landorus-Therian, M|100/100
|switch|p2a: Gliscor|Gliscor, M|100/100
|-ability|p1a: Landorus|Intimidate|boost
|-unboost|p2a: Gliscor|atk|1
|turn|1
|
|t:|1758259026
|switch|p2a: Hatterene|Hatterene, F|100/100
|move|p1a: Landorus|U-turn|p2a: Hatterene
|-damage|p2a: Hatterene|73/100
|
|t:|1758259040
|switch|p1a: Scizor|Scizor, M|100/100|[from] U-turn
|
|-heal|p2a: Hatterene|79/100|[from] item: Leftovers
|upkeep
|turn|2
|
|t:|1758259051
|switch|p2a: Gliscor|Gliscor, M|100/100
|move|p1a: Scizor|Bullet Punch|p2a: Gliscor
|-damage|p2a: Gliscor|67/100
|-damage|p1a: Scizor|91/100|[from] item: Life Orb
|
|-status|p2a: Gliscor|tox|[from] item: Toxic Orb
|upkeep
|turn|3
|
|t:|1758259061
|move|p2a: Gliscor|Swords Dance|p2a: Gliscor
|-boost|p2a: Gliscor|atk|2
|move|p1a: Scizor|Swords Dance|p1a: Scizor
|-boost|p1a: Scizor|atk|2
|
|-heal|p2a: Gliscor|79/100 tox|[from] ability: Poison Heal
|upkeep
|turn|4
|
|t:|1758259078
|move|p1a: Scizor|Bullet Punch|p2a: Gliscor
|-damage|p2a: Gliscor|9/100 tox
|-damage|p1a: Scizor|81/100|[from] item: Life Orb
|move|p2a: Gliscor|Swords Dance|p2a: Gliscor
|-boost|p2a: Gliscor|atk|2
|
|-heal|p2a: Gliscor|22/100 tox|[from] ability: Poison Heal
|upkeep
|turn|5
|
|t:|1758259096
|move|p1a: Scizor|Bullet Punch|p2a: Gliscor
|-damage|p2a: Gliscor|0 fnt
|faint|p2a: Gliscor
|-damage|p1a: Scizor|71/100|[from] item: Life Orb
|
|upkeep
|
|t:|1758259101
|switch|p2a: Zamazenta|Zamazenta|100/100
|-ability|p2a: Zamazenta|Dauntless Shield|boost
|-boost|p2a: Zamazenta|def|1
|turn|6
|
|t:|1758259107
|move|p2a: Zamazenta|Iron Defense|p2a: Zamazenta
|-boost|p2a: Zamazenta|def|2
|move|p1a: Scizor|Dual Wingbeat|p2a: Zamazenta
|-supereffective|p2a: Zamazenta
|-damage|p2a: Zamazenta|64/100
|-supereffective|p2a: Zamazenta
|-damage|p2a: Zamazenta|25/100
|-hitcount|p2a: Zamazenta|2
|-damage|p1a: Scizor|61/100|[from] item: Life Orb
|
|upkeep
|turn|7
|
|t:|1758259117
|move|p2a: Zamazenta|Body Press|p1a: Scizor
|-damage|p1a: Scizor|0 fnt
|faint|p1a: Scizor
|
|upkeep
|
|t:|1758259127
|switch|p1a: Hatterene|Hatterene, F|100/100
|turn|8
|
|t:|1758259134
|move|p2a: Zamazenta|Rest|p2a: Zamazenta
|-status|p2a: Zamazenta|slp|[from] move: Rest
|-heal|p2a: Zamazenta|100/100 slp|[silent]
|-enditem|p2a: Zamazenta|Chesto Berry|[eat]
|-curestatus|p2a: Zamazenta|slp|[msg]
|move|p1a: Hatterene|Psyshock|p2a: Zamazenta
|-supereffective|p2a: Zamazenta
|-damage|p2a: Zamazenta|76/100
|
|upkeep
|turn|9
|
|t:|1758259153
|switch|p2a: Ninetales|Ninetales-Alola, F|100/100
|-weather|Snowscape|[from] ability: Snow Warning|[of] p2a: Ninetales
|move|p1a: Hatterene|Draining Kiss|p2a: Ninetales
|-damage|p2a: Ninetales|78/100
|
|-weather|Snowscape|[upkeep]
|upkeep
|turn|10
|
|t:|1758259161
|move|p2a: Ninetales|Aurora Veil|p2a: Ninetales
|-sidestart|p2: hyperoffenseweasel|move: Aurora Veil
|move|p1a: Hatterene|Mystical Fire|p2a: Ninetales
|-supereffective|p2a: Ninetales
|-damage|p2a: Ninetales|55/100
|-unboost|p2a: Ninetales|spa|1
|
|-weather|Snowscape|[upkeep]
|upkeep
|turn|11
|
|t:|1758259186
|move|p1a: Hatterene|Mystical Fire|p2a: Ninetales
|-supereffective|p2a: Ninetales
|-damage|p2a: Ninetales|34/100
|-unboost|p2a: Ninetales|spa|1
|move|p2a: Ninetales|Roar|p1a: Hatterene
|move|p1a: Hatterene|Roar|p2a: Ninetales|[from] ability: Magic Bounce
|drag|p2a: Weavile|Weavile, M|100/100
|-ability|p2a: Weavile|Pressure
|
|-weather|Snowscape|[upkeep]
|upkeep
|turn|12
|
|t:|1758259202
|move|p2a: Weavile|Swords Dance|p2a: Weavile
|-boost|p2a: Weavile|atk|2
|move|p1a: Hatterene|Draining Kiss|p2a: Weavile
|-supereffective|p2a: Weavile
|-damage|p2a: Weavile|72/100
|
|-weather|Snowscape|[upkeep]
|upkeep
|turn|13
|
|t:|1758259215
|-terastallize|p2a: Weavile|Dark
|move|p2a: Weavile|Knock Off|p1a: Hatterene
|-damage|p1a: Hatterene|0 fnt
|-enditem|p1a: Hatterene|Leftovers|[from] move: Knock Off|[of] p2a: Weavile
|faint|p1a: Hatterene
|
|-weather|none
|upkeep
|
|t:|1758259229
|switch|p1a: Weavile|Weavile, M|100/100
|turn|14
|
|t:|1758259234
|move|p2a: Weavile|Knock Off|p1a: Weavile
|-resisted|p1a: Weavile
|-damage|p1a: Weavile|0 fnt
|-enditem|p1a: Weavile|Life Orb|[from] move: Knock Off|[of] p2a: Weavile
|faint|p1a: Weavile
|
|upkeep
|
|t:|1758259241
|switch|p1a: Dragonite|Dragonite, F|100/100
|turn|15
|
|t:|1758259244
|move|p2a: Weavile|Icicle Spear|p1a: Dragonite
|-supereffective|p1a: Dragonite
|-crit|p1a: Dragonite
|-damage|p1a: Dragonite|36/100
|-supereffective|p1a: Dragonite
|-damage|p1a: Dragonite|0 fnt
|faint|p1a: Dragonite
|-hitcount|p1: Dragonite|2
|
|upkeep
|-message|papagalos123 forfeited.
|
|win|hyperoffenseweasel
|raw|papagalos123's rating: 1150 &rarr; <strong>1128</strong><br />(-22 for losing)
|raw|hyperoffenseweasel's rating: 1187 &rarr; <strong>1209</strong><br />(+22 for winning)
|l|☆papagalos123
|player|p1|
