|j|☆Vacodrish
|j|☆takeyouout
|t:|1758254806
|gametype|singles
|player|p1|Vacodrish|beauty-masters|1497
|player|p2|takeyouout|richboy|1521
|gen|9
|tier|[Gen 9] OU
|rated|
|rule|HP Percentage Mod: HP is shown in percentages
|rule|Endless Battle Clause: Forcing endless battles is banned
|rule|Species Clause: Limit one of each Pokémon
|rule|OHKO Clause: OHKO moves are banned
|rule|Evasion Items Clause: Evasion items are banned
|rule|Evasion Moves Clause: Evasion moves are banned
|rule|Evasion Abilities Clause: Evasion abilities are banned
|rule|Sleep Moves Clause: Sleep-inducing moves are banned
|clearpoke
|poke|p1|Pelipper, F|
|poke|p1|Hatterene, F|
|poke|p1|Iron Treads|
|poke|p1|Toxicroak, F|
|poke|p1|Barraskewda, F|
|poke|p1|Zapdos|
|poke|p2|Tyranitar, F|
|poke|p2|Garganacl, M|
|poke|p2|Deoxys-Speed|
|poke|p2|Alomomola, F|
|poke|p2|Excadrill, M|
|poke|p2|Tornadus-Therian, M|
|teampreview
|inactive|Battle timer is ON: inactive players will automatically lose when time's up. (requested by takeyouout)
|
|t:|1758254822
|teamsize|p1|6
|teamsize|p2|6
|start
|switch|p1a: Barraskewda|Barraskewda, F|100/100
|switch|p2a: Sri Lanka|Tornadus-Therian, M|100/100
|turn|1
|
|t:|1758254834
|switch|p1a: Zapdos|Zapdos|100/100
|move|p2a: Sri Lanka|Bleakwind Storm|p1a: Zapdos
|-resisted|p1a: Zapdos
|-damage|p1a: Zapdos|68/100
|-unboost|p1a: Zapdos|spe|1
|-damage|p2a: Sri Lanka|90/100|[from] item: Life Orb
|
|upkeep
|turn|2
|
|t:|1758254842
|switch|p2a: Broomhilda|Tyranitar, F, shiny|100/100
|-weather|Sandstorm|[from] ability: Sand Stream|[of] p2a: Broomhilda
|switch|p1a: Pelipper|Pelipper, F|100/100
|-weather|RainDance|[from] ability: Drizzle|[of] p1a: Pelipper
|
|-weather|RainDance|[upkeep]
|upkeep
|turn|3
|
|t:|1758254848
|move|p2a: Broomhilda|Stealth Rock|p1a: Pelipper
|-sidestart|p1: Vacodrish|move: Stealth Rock
|move|p1a: Pelipper|U-turn|p2a: Broomhilda
|-supereffective|p2a: Broomhilda
|-damage|p2a: Broomhilda|86/100
|
|t:|1758254855
|switch|p1a: Iron Treads|Iron Treads|100/100|[from] U-turn
|-damage|p1a: Iron Treads|98/100|[from] Stealth Rock
|
|-weather|RainDance|[upkeep]
|-heal|p1a: Iron Treads|100/100|[from] item: Leftovers
|upkeep
|turn|4
|
|t:|1758254859
|move|p1a: Iron Treads|Rapid Spin|p2a: Broomhilda
|-resisted|p2a: Broomhilda
|-damage|p2a: Broomhilda|81/100
|-boost|p1a: Iron Treads|spe|1
|-sideend|p1: Vacodrish|Stealth Rock|[from] move: Rapid Spin|[of] p1a: Iron Treads
|move|p2a: Broomhilda|Low Kick|p1a: Iron Treads
|-supereffective|p1a: Iron Treads
|-damage|p1a: Iron Treads|44/100
|
|-weather|RainDance|[upkeep]
|-heal|p1a: Iron Treads|50/100|[from] item: Leftovers
|upkeep
|turn|5
|
|t:|1758254864
|switch|p2a: Molllllyyyyy|Alomomola, F, shiny|100/100
|move|p1a: Iron Treads|Earthquake|p2a: Molllllyyyyy
|-damage|p2a: Molllllyyyyy|80/100
|
|-weather|RainDance|[upkeep]
|-heal|p1a: Iron Treads|56/100|[from] item: Leftovers
|upkeep
|turn|6
|
|t:|1758254867
|switch|p2a: Sri Lanka|Tornadus-Therian, M|100/100
|move|p1a: Iron Treads|Volt Switch|p2a: Sri Lanka
|-supereffective|p2a: Sri Lanka
|-damage|p2a: Sri Lanka|70/100
|
|t:|1758254869
|-end|p1a: Iron Treads|Quark Drive|[silent]
|switch|p1a: Barraskewda|Barraskewda, F|100/100|[from] Volt Switch
|
|-weather|RainDance|[upkeep]
|upkeep
|turn|7
|
|t:|1758254874
|switch|p2a: Molllllyyyyy|Alomomola, F, shiny|100/100
|move|p1a: Barraskewda|Flip Turn|p2a: Molllllyyyyy
|-resisted|p2a: Molllllyyyyy
|-damage|p2a: Molllllyyyyy|79/100
|-damage|p1a: Barraskewda|84/100|[from] item: Rocky Helmet|[of] p2a: Molllllyyyyy
|
|t:|1758254875
|switch|p1a: Zapdos|Zapdos|68/100|[from] Flip Turn
|
|-weather|RainDance|[upkeep]
|upkeep
|turn|8
|
|t:|1758254878
|switch|p2a: Broomhilda|Tyranitar, F, shiny|81/100
|-weather|Sandstorm|[from] ability: Sand Stream|[of] p2a: Broomhilda
|move|p1a: Zapdos|Weather Ball|p2a: Broomhilda
|-damage|p2a: Broomhilda|58/100
|
|-weather|Sandstorm|[upkeep]
|-damage|p1a: Zapdos|62/100|[from] Sandstorm
|upkeep
|turn|9
|
|t:|1758254885
|switch|p1a: Toxicroak|Toxicroak, F|100/100
|move|p2a: Broomhilda|Knock Off|p1a: Toxicroak
|-resisted|p1a: Toxicroak
|-damage|p1a: Toxicroak|80/100
|-damage|p2a: Broomhilda|41/100|[from] item: Rocky Helmet|[of] p1a: Toxicroak
|-enditem|p1a: Toxicroak|Rocky Helmet|[from] move: Knock Off|[of] p2a: Broomhilda
|
|-weather|Sandstorm|[upkeep]
|-damage|p1a: Toxicroak|73/100|[from] Sandstorm
|upkeep
|turn|10
|
|t:|1758254893
|switch|p2a: Molllllyyyyy|Alomomola, F, shiny|100/100
|move|p1a: Toxicroak|Knock Off|p2a: Molllllyyyyy
|-damage|p2a: Molllllyyyyy|85/100
|-damage|p1a: Toxicroak|57/100|[from] item: Rocky Helmet|[of] p2a: Molllllyyyyy
|-enditem|p2a: Molllllyyyyy|Rocky Helmet|[from] move: Knock Off|[of] p1a: Toxicroak
|
|-weather|Sandstorm|[upkeep]
|-damage|p1a: Toxicroak|51/100|[from] Sandstorm
|-damage|p2a: Molllllyyyyy|79/100|[from] Sandstorm
|upkeep
|turn|11
|
|t:|1758254896
|move|p1a: Toxicroak|Toxic|p2a: Molllllyyyyy
|-status|p2a: Molllllyyyyy|tox
|move|p2a: Molllllyyyyy|Wish|p2a: Molllllyyyyy
|
|-weather|Sandstorm|[upkeep]
|-damage|p1a: Toxicroak|44/100|[from] Sandstorm
|-damage|p2a: Molllllyyyyy|73/100 tox|[from] Sandstorm
|-damage|p2a: Molllllyyyyy|67/100 tox|[from] psn
|upkeep
|turn|12
|
|t:|1758254900
|move|p1a: Toxicroak|Encore|p2a: Molllllyyyyy
|-start|p2a: Molllllyyyyy|Encore
|move|p2a: Molllllyyyyy|Wish||[still]
|-fail|p2a: Molllllyyyyy
|
|-weather|none
|-heal|p2a: Molllllyyyyy|100/100 tox|[from] move: Wish|[wisher] Molllllyyyyy
|-damage|p2a: Molllllyyyyy|88/100 tox|[from] psn
|upkeep
|turn|13
|
|t:|1758254908
|move|p1a: Toxicroak|Toxic|p2a: Molllllyyyyy
|-fail|p2a: Molllllyyyyy|tox
|move|p2a: Molllllyyyyy|Wish|p2a: Molllllyyyyy
|
|-damage|p2a: Molllllyyyyy|70/100 tox|[from] psn
|upkeep
|turn|14
|
|t:|1758254919
|switch|p2a: Sri Lanka|Tornadus-Therian, M|100/100
|move|p1a: Toxicroak|Knock Off|p2a: Sri Lanka
|-damage|p2a: Sri Lanka|68/100
|-enditem|p2a: Sri Lanka|Life Orb|[from] move: Knock Off|[of] p1a: Toxicroak
|
|-heal|p2a: Sri Lanka|100/100|[from] move: Wish|[wisher] Molllllyyyyy
|upkeep
|turn|15
|
|t:|1758254927
|switch|p1a: Iron Treads|Iron Treads|56/100
|move|p2a: Sri Lanka|Bleakwind Storm|p1a: Iron Treads|[miss]
|-miss|p2a: Sri Lanka|p1a: Iron Treads
|
|-heal|p1a: Iron Treads|62/100|[from] item: Leftovers
|upkeep
|turn|16
|
|t:|1758254932
|move|p2a: Sri Lanka|Focus Blast|p1a: Iron Treads|[miss]
|-miss|p2a: Sri Lanka|p1a: Iron Treads
|move|p1a: Iron Treads|Volt Switch|p2a: Sri Lanka
|-supereffective|p2a: Sri Lanka
|-damage|p2a: Sri Lanka|70/100
|
|t:|1758254937
|-end|p1a: Iron Treads|Quark Drive|[silent]
|switch|p1a: Pelipper|Pelipper, F|100/100|[from] Volt Switch
|-weather|RainDance|[from] ability: Drizzle|[of] p1a: Pelipper
|
|-weather|RainDance|[upkeep]
|upkeep
|turn|17
|
|t:|1758254941
|move|p2a: Sri Lanka|Bleakwind Storm|p1a: Pelipper
|-damage|p1a: Pelipper|52/100
|move|p1a: Pelipper|U-turn|p2a: Sri Lanka
|-resisted|p2a: Sri Lanka
|-damage|p2a: Sri Lanka|63/100
|
|t:|1758254948
|switch|p1a: Zapdos|Zapdos|62/100|[from] U-turn
|
|-weather|RainDance|[upkeep]
|upkeep
|turn|18
|
|t:|1758254954
|switch|p2a: Broomhilda|Tyranitar, F, shiny|41/100
|-weather|Sandstorm|[from] ability: Sand Stream|[of] p2a: Broomhilda
|move|p1a: Zapdos|Volt Switch|p2a: Broomhilda
|-damage|p2a: Broomhilda|20/100
|
|t:|1758254957
|switch|p1a: Barraskewda|Barraskewda, F|84/100|[from] Volt Switch
|
|-weather|Sandstorm|[upkeep]
|-damage|p1a: Barraskewda|78/100|[from] Sandstorm
|upkeep
|turn|19
|
|t:|1758254975
|switch|p2a: Molllllyyyyy|Alomomola, F, shiny|100/100 tox
|move|p1a: Barraskewda|Close Combat|p2a: Molllllyyyyy
|-damage|p2a: Molllllyyyyy|63/100 tox
|-unboost|p1a: Barraskewda|def|1
|-unboost|p1a: Barraskewda|spd|1
|
|-weather|Sandstorm|[upkeep]
|-damage|p1a: Barraskewda|72/100|[from] Sandstorm
|-damage|p2a: Molllllyyyyy|56/100 tox|[from] Sandstorm
|-damage|p2a: Molllllyyyyy|50/100 tox|[from] psn
|upkeep
|turn|20
|
|t:|1758255002
|switch|p1a: Pelipper|Pelipper, F|52/100
|-weather|RainDance|[from] ability: Drizzle|[of] p1a: Pelipper
|switch|p2a: Sri Lanka|Tornadus-Therian, M|97/100
|
|-weather|RainDance|[upkeep]
|upkeep
|turn|21
|
|t:|1758255009
|switch|p1a: Hatterene|Hatterene, F|100/100
|move|p2a: Sri Lanka|Bleakwind Storm|p1a: Hatterene
|-damage|p1a: Hatterene|49/100
|-enditem|p1a: Hatterene|Eject Button
|
|t:|1758255013
|switch|p1a: Barraskewda|Barraskewda, F|72/100
|
|-weather|RainDance|[upkeep]
|upkeep
|turn|22
|
|t:|1758255033
|switch|p2a: Molllllyyyyy|Alomomola, F, shiny|84/100 tox
|-terastallize|p1a: Barraskewda|Water
|move|p1a: Barraskewda|Liquidation|p2a: Molllllyyyyy
|-resisted|p2a: Molllllyyyyy
|-damage|p2a: Molllllyyyyy|38/100 tox
|
|-weather|RainDance|[upkeep]
|-damage|p2a: Molllllyyyyy|31/100 tox|[from] psn
|upkeep
|turn|23
|
|t:|1758255039
|move|p2a: Molllllyyyyy|Protect|p2a: Molllllyyyyy
|-singleturn|p2a: Molllllyyyyy|Protect
|move|p1a: Barraskewda|Liquidation|p2a: Molllllyyyyy
|-activate|p2a: Molllllyyyyy|move: Protect
|
|-weather|RainDance|[upkeep]
|-damage|p2a: Molllllyyyyy|19/100 tox|[from] psn
|upkeep
|turn|24
|
|t:|1758255054
|switch|p2a: Starscream|Excadrill, M|100/100
|move|p1a: Barraskewda|Liquidation|p2a: Starscream
|-supereffective|p2a: Starscream
|-damage|p2a: Starscream|0 fnt
|faint|p2a: Starscream
|
|-weather|RainDance|[upkeep]
|upkeep
|
|t:|1758255060
|switch|p2a: RockIce|Garganacl, M|100/100
|turn|25
|
|t:|1758255068
|switch|p1a: Toxicroak|Toxicroak, F|44/100
|move|p2a: RockIce|Protect||[still]
|-fail|p2a: RockIce
|
|-weather|RainDance|[upkeep]
|-heal|p1a: Toxicroak|57/100|[from] ability: Dry Skin
|upkeep
|turn|26
|
|t:|1758255078
|switch|p2a: Sri Lanka|Tornadus-Therian, M|100/100
|move|p1a: Toxicroak|Drain Punch|p2a: Sri Lanka
|-resisted|p2a: Sri Lanka
|-damage|p2a: Sri Lanka|82/100
|-heal|p1a: Toxicroak|64/100|[from] drain|[of] p2a: Sri Lanka
|
|-weather|RainDance|[upkeep]
|-heal|p1a: Toxicroak|77/100|[from] ability: Dry Skin
|upkeep
|turn|27
|
|t:|1758255084
|switch|p1a: Iron Treads|Iron Treads|62/100
|move|p2a: Sri Lanka|Bleakwind Storm|p1a: Iron Treads
|-resisted|p1a: Iron Treads
|-damage|p1a: Iron Treads|44/100
|-unboost|p1a: Iron Treads|spe|1
|
|-weather|none
|-heal|p1a: Iron Treads|50/100|[from] item: Leftovers
|upkeep
|turn|28
|
|t:|1758255091
|move|p2a: Sri Lanka|Focus Blast|p1a: Iron Treads
|-supereffective|p1a: Iron Treads
|-damage|p1a: Iron Treads|0 fnt
|faint|p1a: Iron Treads
|-end|p1a: Iron Treads|Quark Drive|[silent]
|
|upkeep
|
|t:|1758255099
|switch|p1a: Pelipper|Pelipper, F|52/100
|-weather|RainDance|[from] ability: Drizzle|[of] p1a: Pelipper
|turn|29
|inactive|takeyouout has 120 seconds left.
|
|t:|1758255131
|move|p2a: Sri Lanka|Bleakwind Storm|p1a: Pelipper
|-damage|p1a: Pelipper|11/100
|move|p1a: Pelipper|U-turn|p2a: Sri Lanka
|-resisted|p2a: Sri Lanka
|-damage|p2a: Sri Lanka|75/100
|
|t:|1758255134
|switch|p1a: Barraskewda|Barraskewda, F, tera:Water|72/100|[from] U-turn
|
|-weather|RainDance|[upkeep]
|upkeep
|turn|30
|inactive|takeyouout has 120 seconds left.
|
|t:|1758255150
|switch|p2a: Broomhilda|Tyranitar, F, shiny|20/100
|-weather|Sandstorm|[from] ability: Sand Stream|[of] p2a: Broomhilda
|move|p1a: Barraskewda|Liquidation|p2a: Broomhilda
|-supereffective|p2a: Broomhilda
|-crit|p2a: Broomhilda
|-damage|p2a: Broomhilda|0 fnt
|faint|p2a: Broomhilda
|
|-weather|Sandstorm|[upkeep]
|-damage|p1a: Barraskewda|66/100|[from] Sandstorm
|upkeep
|
|t:|1758255153
|switch|p2a: Sri Lanka|Tornadus-Therian, M|100/100
|turn|31
|
|t:|1758255158
|move|p2a: Sri Lanka|Bleakwind Storm|p1a: Barraskewda
|-damage|p1a: Barraskewda|0 fnt
|faint|p1a: Barraskewda
|
|-weather|Sandstorm|[upkeep]
|-damage|p2a: Sri Lanka|94/100|[from] Sandstorm
|upkeep
|
|t:|1758255160
|switch|p1a: Zapdos|Zapdos|62/100
|turn|32
|
|t:|1758255163
|switch|p2a: RockIce|Garganacl, M|100/100
|move|p1a: Zapdos|Volt Switch|p2a: RockIce
|-damage|p2a: RockIce|77/100
|
|t:|1758255182
|switch|p1a: Pelipper|Pelipper, F|11/100|[from] Volt Switch
|-weather|RainDance|[from] ability: Drizzle|[of] p1a: Pelipper
|
|-weather|RainDance|[upkeep]
|-heal|p2a: RockIce|83/100|[from] item: Leftovers
|upkeep
|turn|33
|
|t:|1758255206
|switch|p1a: Hatterene|Hatterene, F|49/100
|move|p2a: RockIce|Salt Cure|p1a: Hatterene
|-damage|p1a: Hatterene|36/100
|-start|p1a: Hatterene|Salt Cure
|
|-weather|RainDance|[upkeep]
|-heal|p2a: RockIce|90/100|[from] item: Leftovers
|-damage|p1a: Hatterene|23/100|[from] Salt Cure
|upkeep
|turn|34
|
|t:|1758255212
|move|p1a: Hatterene|Psychic Noise|p2a: RockIce
|-damage|p2a: RockIce|67/100
|-start|p2a: RockIce|move: Heal Block
|move|p2a: RockIce|Salt Cure|p1a: Hatterene
|-crit|p1a: Hatterene
|-damage|p1a: Hatterene|5/100
|
|-weather|RainDance|[upkeep]
|-damage|p1a: Hatterene|0 fnt|[from] Salt Cure
|faint|p1a: Hatterene
|upkeep
|
|t:|1758255219
|switch|p1a: Zapdos|Zapdos|62/100
|turn|35
|
|t:|1758255224
|move|p2a: RockIce|Protect|p2a: RockIce
|-singleturn|p2a: RockIce|Protect
|move|p1a: Zapdos|Thunder|p2a: RockIce
|-activate|p2a: RockIce|move: Protect
|
|-weather|RainDance|[upkeep]
|-end|p2a: RockIce|move: Heal Block
|upkeep
|turn|36
|
|t:|1758255227
|move|p1a: Zapdos|Thunder|p2a: RockIce
|-damage|p2a: RockIce|13/100
|move|p2a: RockIce|Recover|p2a: RockIce
|-heal|p2a: RockIce|63/100
|
|-weather|RainDance|[upkeep]
|-heal|p2a: RockIce|69/100|[from] item: Leftovers
|upkeep
|turn|37
|
|t:|1758255231
|move|p1a: Zapdos|Thunder|p2a: RockIce
|-crit|p2a: RockIce
|-damage|p2a: RockIce|0 fnt
|faint|p2a: RockIce
|
|-weather|RainDance|[upkeep]
|upkeep
|
|t:|1758255237
|switch|p2a: 99|Deoxys-Speed|100/100
|-ability|p2a: 99|Pressure
|turn|38
|
|t:|1758255240
|move|p2a: 99|Psycho Boost|p1a: Zapdos
|-damage|p1a: Zapdos|0 fnt
|-unboost|p2a: 99|spa|2
|faint|p1a: Zapdos
|-damage|p2a: 99|91/100|[from] item: Life Orb
|
|-weather|RainDance|[upkeep]
|upkeep
|c|☆Vacodrish|gg
|-message|Vacodrish forfeited.
|
|win|takeyouout
|raw|Vacodrish's rating: 1497 &rarr; <strong>1476</strong><br />(-21 for losing)
|raw|takeyouout's rating: 1477 &rarr; <strong>1498</strong><br />(+21 for winning)
|l|☆Vacodrish
|player|p1|
|l|☆takeyouout
|player|p2|
