|j|☆ur doggo
|j|☆flygonisdragon
|t:|1758343843
|gametype|singles
|player|p1|ur doggo|169|1625
|player|p2|flygonisdragon|serena-masters|1637
|gen|9
|tier|[Gen 9] OU
|rated|
|rule|HP Percentage Mod: HP is shown in percentages
|rule|Endless Battle Clause: Forcing endless battles is banned
|rule|Species Clause: Limit one of each Pokémon
|rule|OHKO Clause: OHKO moves are banned
|rule|Evasion Items Clause: Evasion items are banned
|rule|Evasion Moves Clause: Evasion moves are banned
|rule|Evasion Abilities Clause: Evasion abilities are banned
|rule|Sleep Moves Clause: Sleep-inducing moves are banned
|clearpoke
|poke|p1|Pelipper, F|
|poke|p1|Hatterene, F|
|poke|p1|Iron Treads|
|poke|p1|Toxicroak, F|
|poke|p1|Barraskewda, F|
|poke|p1|Zapdos|
|poke|p2|Volcanion|
|poke|p2|Metagross|
|poke|p2|Zamazenta-*|
|poke|p2|Weezing-Galar, M|
|poke|p2|Regidrago|
|poke|p2|Rillaboom, F|
|teampreview
|
|t:|1758343878
|teamsize|p1|6
|teamsize|p2|6
|start
|switch|p1a: Pelipper|Pelipper, F|100/100
|switch|p2a: Regidrago|Regidrago|100/100
|-weather|RainDance|[from] ability: Drizzle|[of] p1a: Pelipper
|turn|1
|
|t:|1758343886
|switch|p1a: Hatterene|Hatterene, F|100/100
|move|p2a: Regidrago|Dragon Energy|p1a: Hatterene
|-immune|p1a: Hatterene
|
|-weather|RainDance|[upkeep]
|upkeep
|turn|2
|
|t:|1758343891
|switch|p2a: Metagross|Metagross|100/100
|move|p1a: Hatterene|Nuzzle|p2a: Metagross
|-damage|p2a: Metagross|97/100
|-status|p2a: Metagross|par
|
|-weather|RainDance|[upkeep]
|upkeep
|turn|3
|
|t:|1758343903
|switch|p1a: Iron Treads|Iron Treads|100/100
|move|p2a: Metagross|Stealth Rock|p1a: Iron Treads
|-sidestart|p1: ur doggo|move: Stealth Rock
|
|-weather|RainDance|[upkeep]
|upkeep
|turn|4
|
|t:|1758343914
|switch|p2a: Rillaboom|Rillaboom, F|100/100
|-fieldstart|move: Grassy Terrain|[from] ability: Grassy Surge|[of] p2a: Rillaboom
|move|p1a: Iron Treads|Rapid Spin|p2a: Rillaboom
|-damage|p2a: Rillaboom|88/100
|-boost|p1a: Iron Treads|spe|1
|-sideend|p1: ur doggo|Stealth Rock|[from] move: Rapid Spin|[of] p1a: Iron Treads
|
|-weather|RainDance|[upkeep]
|-heal|p2a: Rillaboom|94/100|[from] Grassy Terrain
|upkeep
|turn|5
|j| Ctannn
|
|t:|1758343927
|-end|p1a: Iron Treads|Quark Drive|[silent]
|switch|p1a: Toxicroak|Toxicroak, F|100/100
|move|p2a: Rillaboom|Swords Dance|p2a: Rillaboom
|-boost|p2a: Rillaboom|atk|2
|
|-weather|RainDance|[upkeep]
|-heal|p2a: Rillaboom|99/100|[from] Grassy Terrain
|upkeep
|turn|6
|
|t:|1758343937
|move|p2a: Rillaboom|Grassy Glide|p1a: Toxicroak
|-resisted|p1a: Toxicroak
|-damage|p1a: Toxicroak|63/100
|-damage|p2a: Rillaboom|84/100|[from] item: Rocky Helmet|[of] p1a: Toxicroak
|move|p1a: Toxicroak|Drain Punch|p2a: Rillaboom
|-damage|p2a: Rillaboom|60/100
|-heal|p1a: Toxicroak|76/100|[from] drain|[of] p2a: Rillaboom
|
|-weather|RainDance|[upkeep]
|-heal|p1a: Toxicroak|88/100|[from] ability: Dry Skin
|-heal|p1a: Toxicroak|94/100|[from] Grassy Terrain
|-heal|p2a: Rillaboom|66/100|[from] Grassy Terrain
|upkeep
|turn|7
|
|t:|1758343943
|switch|p2a: Metagross|Metagross|97/100 par
|move|p1a: Toxicroak|Drain Punch|p2a: Metagross
|-damage|p2a: Metagross|77/100 par
|-heal|p1a: Toxicroak|100/100|[from] drain|[of] p2a: Metagross
|
|-weather|RainDance|[upkeep]
|-heal|p2a: Metagross|84/100 par|[from] Grassy Terrain
|upkeep
|turn|8
|
|t:|1758343947
|move|p1a: Toxicroak|Knock Off|p2a: Metagross
|-supereffective|p2a: Metagross
|-damage|p2a: Metagross|44/100 par
|-enditem|p2a: Metagross|Kasib Berry|[from] move: Knock Off|[of] p1a: Toxicroak
|move|p2a: Metagross|Stealth Rock|p1a: Toxicroak
|-sidestart|p1: ur doggo|move: Stealth Rock
|
|-weather|none
|-heal|p2a: Metagross|50/100 par|[from] Grassy Terrain
|upkeep
|turn|9
|
|t:|1758343953
|move|p1a: Toxicroak|Encore|p2a: Metagross
|-start|p2a: Metagross|Encore
|move|p2a: Metagross|Stealth Rock||[still]
|-fail|p2a: Metagross
|
|-heal|p2a: Metagross|57/100 par|[from] Grassy Terrain
|upkeep
|turn|10
|
|t:|1758343958
|switch|p2a: Weezing|Weezing-Galar, M|100/100
|-ability|p2a: Weezing|Neutralizing Gas
|move|p1a: Toxicroak|Knock Off|p2a: Weezing
|-resisted|p2a: Weezing
|-damage|p2a: Weezing|93/100
|-enditem|p2a: Weezing|Heavy-Duty Boots|[from] move: Knock Off|[of] p1a: Toxicroak
|
|-heal|p2a: Weezing|99/100|[from] Grassy Terrain
|upkeep
|turn|11
|
|t:|1758343964
|switch|p1a: Iron Treads|Iron Treads|100/100
|-damage|p1a: Iron Treads|98/100|[from] Stealth Rock
|move|p2a: Weezing|Will-O-Wisp|p1a: Iron Treads
|-status|p1a: Iron Treads|brn
|
|-heal|p1a: Iron Treads|100/100 brn|[from] Grassy Terrain
|-heal|p2a: Weezing|100/100|[from] Grassy Terrain
|-damage|p1a: Iron Treads|94/100 brn|[from] brn
|-fieldend|move: Grassy Terrain
|upkeep
|turn|12
|l| Ctannn
|
|t:|1758343977
|-end|p2a: Weezing|ability: Neutralizing Gas
|switch|p2a: Rillaboom|Rillaboom, F|66/100
|-fieldstart|move: Grassy Terrain|[from] ability: Grassy Surge|[of] p2a: Rillaboom
|move|p1a: Iron Treads|Rapid Spin|p2a: Rillaboom
|-damage|p2a: Rillaboom|59/100
|-boost|p1a: Iron Treads|spe|1
|-sideend|p1: ur doggo|Stealth Rock|[from] move: Rapid Spin|[of] p1a: Iron Treads
|
|-heal|p1a: Iron Treads|100/100 brn|[from] Grassy Terrain
|-heal|p2a: Rillaboom|66/100|[from] Grassy Terrain
|-damage|p1a: Iron Treads|94/100 brn|[from] brn
|upkeep
|turn|13
|
|t:|1758344022
|-end|p1a: Iron Treads|Quark Drive|[silent]
|switch|p1a: Toxicroak|Toxicroak, F|100/100
|move|p2a: Rillaboom|Knock Off|p1a: Toxicroak
|-resisted|p1a: Toxicroak
|-damage|p1a: Toxicroak|83/100
|-damage|p2a: Rillaboom|49/100|[from] item: Rocky Helmet|[of] p1a: Toxicroak
|-enditem|p1a: Toxicroak|Rocky Helmet|[from] move: Knock Off|[of] p2a: Rillaboom
|
|-heal|p1a: Toxicroak|90/100|[from] Grassy Terrain
|-heal|p2a: Rillaboom|55/100|[from] Grassy Terrain
|upkeep
|turn|14
|
|t:|1758344048
|switch|p1a: Pelipper|Pelipper, F|100/100
|-weather|RainDance|[from] ability: Drizzle|[of] p1a: Pelipper
|switch|p2a: Weezing|Weezing-Galar, M|100/100
|-ability|p2a: Weezing|Neutralizing Gas
|
|-weather|RainDance|[upkeep]
|upkeep
|turn|15
|
|t:|1758344064
|move|p2a: Weezing|Sludge Bomb|p1a: Pelipper
|-damage|p1a: Pelipper|72/100
|move|p1a: Pelipper|Hurricane|p2a: Weezing
|-damage|p2a: Weezing|53/100
|
|-weather|RainDance|[upkeep]
|-heal|p2a: Weezing|59/100|[from] Grassy Terrain
|upkeep
|turn|16
|
|t:|1758344072
|-end|p2a: Weezing|ability: Neutralizing Gas
|switch|p2a: Metagross|Metagross|57/100 par
|switch|p1a: Iron Treads|Iron Treads|94/100 brn
|
|-weather|RainDance|[upkeep]
|-heal|p1a: Iron Treads|100/100 brn|[from] Grassy Terrain
|-heal|p2a: Metagross|63/100 par|[from] Grassy Terrain
|-damage|p1a: Iron Treads|94/100 brn|[from] brn
|upkeep
|turn|17
|j| wgw2333
|
|t:|1758344078
|move|p1a: Iron Treads|Stealth Rock|p2a: Metagross
|-sidestart|p2: flygonisdragon|move: Stealth Rock
|move|p2a: Metagross|Psychic Fangs|p1a: Iron Treads
|-resisted|p1a: Iron Treads
|-damage|p1a: Iron Treads|74/100 brn
|
|-weather|RainDance|[upkeep]
|-heal|p1a: Iron Treads|80/100 brn|[from] Grassy Terrain
|-heal|p1a: Iron Treads|86/100 brn|[from] item: Leftovers
|-heal|p2a: Metagross|69/100 par|[from] Grassy Terrain
|-damage|p1a: Iron Treads|80/100 brn|[from] brn
|upkeep
|turn|18
|
|t:|1758344084
|move|p1a: Iron Treads|Volt Switch|p2a: Metagross
|-damage|p2a: Metagross|57/100 par
|
|t:|1758344091
|-end|p1a: Iron Treads|Quark Drive|[silent]
|switch|p1a: Zapdos|Zapdos|100/100|[from] Volt Switch
|cant|p2a: Metagross|par
|
|-weather|RainDance|[upkeep]
|-heal|p2a: Metagross|63/100 par|[from] Grassy Terrain
|upkeep
|turn|19
|
|t:|1758344103
|move|p1a: Zapdos|Thunder|p2a: Metagross
|-damage|p2a: Metagross|0 fnt
|faint|p2a: Metagross
|
|-weather|RainDance|[upkeep]
|-fieldend|move: Grassy Terrain
|upkeep
|
|t:|1758344117
|switch|p2a: Regidrago|Regidrago|100/100
|-damage|p2a: Regidrago|88/100|[from] Stealth Rock
|turn|20
|
|t:|1758344124
|switch|p1a: Hatterene|Hatterene, F|100/100
|-terastallize|p2a: Regidrago|Steel
|move|p2a: Regidrago|Tera Blast|p1a: Hatterene|[anim] Tera Blast Steel
|-supereffective|p1a: Hatterene
|-damage|p1a: Hatterene|0 fnt
|faint|p1a: Hatterene
|
|-weather|RainDance|[upkeep]
|upkeep
|
|t:|1758344129
|switch|p1a: Barraskewda|Barraskewda, F|100/100
|turn|21
|
|t:|1758344133
|switch|p2a: Volcanion|Volcanion|100/100
|-damage|p2a: Volcanion|76/100|[from] Stealth Rock
|move|p1a: Barraskewda|Close Combat|p2a: Volcanion
|-damage|p2a: Volcanion|13/100
|-unboost|p1a: Barraskewda|def|1
|-unboost|p1a: Barraskewda|spd|1
|
|-weather|none
|upkeep
|turn|22
|
|t:|1758344137
|switch|p2a: Weezing|Weezing-Galar, M|59/100
|-ability|p2a: Weezing|Neutralizing Gas
|-damage|p2a: Weezing|47/100|[from] Stealth Rock
|move|p1a: Barraskewda|Close Combat|p2a: Weezing
|-resisted|p2a: Weezing
|-damage|p2a: Weezing|36/100
|-unboost|p1a: Barraskewda|def|1
|-unboost|p1a: Barraskewda|spd|1
|
|upkeep
|turn|23
|
|t:|1758344143
|switch|p1a: Pelipper|Pelipper, F|72/100
|move|p2a: Weezing|Pain Split|p1a: Pelipper
|-sethp|p1a: Pelipper|55/100|[from] move: Pain Split|[silent]
|-sethp|p2a: Weezing|53/100|[from] move: Pain Split
|
|upkeep
|turn|24
|
|t:|1758344152
|move|p2a: Weezing|Defog|p1a: Pelipper
|-unboost|p1a: Pelipper|evasion|1
|-sideend|p2: flygonisdragon|Stealth Rock|[from] move: Defog|[of] p2a: Weezing
|move|p1a: Pelipper|U-turn|p2a: Weezing
|-resisted|p2a: Weezing
|-damage|p2a: Weezing|51/100
|
|t:|1758344156
|switch|p1a: Barraskewda|Barraskewda, F|100/100|[from] U-turn
|
|upkeep
|turn|25
|
|t:|1758344164
|switch|p1a: Iron Treads|Iron Treads|80/100 brn
|-end|p2a: Weezing|ability: Neutralizing Gas
|switch|p2a: Volcanion|Volcanion|13/100
|
|-heal|p1a: Iron Treads|86/100 brn|[from] item: Leftovers
|-damage|p1a: Iron Treads|80/100 brn|[from] brn
|upkeep
|turn|26
|
|t:|1758344178
|move|p1a: Iron Treads|Earthquake|p2a: Volcanion
|-supereffective|p2a: Volcanion
|-damage|p2a: Volcanion|0 fnt
|faint|p2a: Volcanion
|
|-heal|p1a: Iron Treads|86/100 brn|[from] item: Leftovers
|-damage|p1a: Iron Treads|80/100 brn|[from] brn
|upkeep
|
|t:|1758344184
|switch|p2a: Rillaboom|Rillaboom, F|55/100
|-fieldstart|move: Grassy Terrain|[from] ability: Grassy Surge|[of] p2a: Rillaboom
|turn|27
|
|t:|1758344189
|-end|p1a: Iron Treads|Quark Drive|[silent]
|switch|p1a: Toxicroak|Toxicroak, F|90/100
|move|p2a: Rillaboom|Wood Hammer|p1a: Toxicroak
|-resisted|p1a: Toxicroak
|-damage|p1a: Toxicroak|51/100
|-damage|p2a: Rillaboom|43/100|[from] Recoil
|
|-heal|p1a: Toxicroak|57/100|[from] Grassy Terrain
|-heal|p2a: Rillaboom|49/100|[from] Grassy Terrain
|upkeep
|turn|28
|
|t:|1758344200
|move|p1a: Toxicroak|Knock Off|p2a: Rillaboom
|-crit|p2a: Rillaboom
|-damage|p2a: Rillaboom|15/100
|-enditem|p2a: Rillaboom|Terrain Extender|[from] move: Knock Off|[of] p1a: Toxicroak
|move|p2a: Rillaboom|Swords Dance|p2a: Rillaboom
|-boost|p2a: Rillaboom|atk|2
|
|-heal|p1a: Toxicroak|63/100|[from] Grassy Terrain
|-heal|p2a: Rillaboom|21/100|[from] Grassy Terrain
|upkeep
|turn|29
|
|t:|1758344206
|move|p2a: Rillaboom|Grassy Glide|p1a: Toxicroak
|-resisted|p1a: Toxicroak
|-damage|p1a: Toxicroak|27/100
|move|p1a: Toxicroak|Drain Punch|p2a: Rillaboom
|-damage|p2a: Rillaboom|0 fnt
|-heal|p1a: Toxicroak|38/100|[from] drain|[of] p2a: Rillaboom
|faint|p2a: Rillaboom
|
|-heal|p1a: Toxicroak|44/100|[from] Grassy Terrain
|upkeep
|
|t:|1758344212
|switch|p2a: Zamazenta|Zamazenta|100/100
|-ability|p2a: Zamazenta|Dauntless Shield|boost
|-boost|p2a: Zamazenta|def|1
|turn|30
|l| wgw2333
|
|t:|1758344219
|move|p2a: Zamazenta|Body Press|p1a: Toxicroak
|-resisted|p1a: Toxicroak
|-damage|p1a: Toxicroak|19/100
|move|p1a: Toxicroak|Toxic|p2a: Zamazenta
|-status|p2a: Zamazenta|tox
|
|-heal|p1a: Toxicroak|26/100|[from] Grassy Terrain
|-damage|p2a: Zamazenta|94/100 tox|[from] psn
|upkeep
|turn|31
|
|t:|1758344228
|switch|p1a: Pelipper|Pelipper, F|55/100
|-weather|RainDance|[from] ability: Drizzle|[of] p1a: Pelipper
|move|p2a: Zamazenta|Body Press|p1a: Pelipper
|-resisted|p1a: Pelipper
|-damage|p1a: Pelipper|26/100
|
|-weather|RainDance|[upkeep]
|-heal|p2a: Zamazenta|100/100 tox|[from] Grassy Terrain
|-damage|p2a: Zamazenta|88/100 tox|[from] psn
|upkeep
|turn|32
|
|t:|1758344230
|switch|p1a: Zapdos|Zapdos|100/100
|move|p2a: Zamazenta|Body Press|p1a: Zapdos
|-resisted|p1a: Zapdos
|-damage|p1a: Zapdos|69/100
|
|-weather|RainDance|[upkeep]
|-heal|p2a: Zamazenta|94/100 tox|[from] Grassy Terrain
|-heal|p2a: Zamazenta|100/100 tox|[from] item: Leftovers
|-damage|p2a: Zamazenta|82/100 tox|[from] psn
|upkeep
|turn|33
|
|t:|1758344237
|move|p2a: Zamazenta|Body Press|p1a: Zapdos
|-resisted|p1a: Zapdos
|-damage|p1a: Zapdos|39/100
|move|p1a: Zapdos|Hurricane|p2a: Zamazenta
|-supereffective|p2a: Zamazenta
|-damage|p2a: Zamazenta|0 fnt
|faint|p2a: Zamazenta
|
|-weather|RainDance|[upkeep]
|upkeep
|
|t:|1758344242
|switch|p2a: Regidrago|Regidrago, tera:Steel|88/100
|turn|34
|
|t:|1758344250
|switch|p1a: Toxicroak|Toxicroak, F|26/100
|move|p2a: Regidrago|Draco Meteor|p1a: Toxicroak
|-damage|p1a: Toxicroak|0 fnt
|-unboost|p2a: Regidrago|spa|2
|faint|p1a: Toxicroak
|
|-weather|RainDance|[upkeep]
|-heal|p2a: Regidrago|94/100|[from] Grassy Terrain
|-fieldend|move: Grassy Terrain
|upkeep
|
|t:|1758344252
|switch|p1a: Barraskewda|Barraskewda, F|100/100
|turn|35
|
|t:|1758344260
|switch|p2a: Weezing|Weezing-Galar, M|51/100
|-ability|p2a: Weezing|Neutralizing Gas
|-terastallize|p1a: Barraskewda|Water
|move|p1a: Barraskewda|Liquidation|p2a: Weezing
|-damage|p2a: Weezing|0 fnt
|faint|p2a: Weezing
|-end|p2a: Weezing|ability: Neutralizing Gas
|
|-weather|RainDance|[upkeep]
|upkeep
|
|t:|1758344262
|switch|p2a: Regidrago|Regidrago, tera:Steel|94/100
|turn|36
|
|t:|1758344265
|move|p1a: Barraskewda|Liquidation|p2a: Regidrago
|-damage|p2a: Regidrago|0 fnt
|faint|p2a: Regidrago
|
|win|ur doggo
|raw|ur doggo's rating: 1625 &rarr; <strong>1646</strong><br />(+21 for winning)
|raw|flygonisdragon's rating: 1637 &rarr; <strong>1616</strong><br />(-21 for losing)
|l|☆flygonisdragon
|player|p2|
|l|☆ur doggo
|player|p1|
