|j|☆ZeonNynja
|j|☆Cmayron
|t:|1758313646
|gametype|singles
|player|p1|ZeonNynja|volkner|1438
|player|p2|Cmayron|ethan|1473
|gen|9
|tier|[Gen 9] OU
|rated|
|rule|HP Percentage Mod: HP is shown in percentages
|rule|Endless Battle Clause: Forcing endless battles is banned
|rule|Species Clause: Limit one of each Pokémon
|rule|OHKO Clause: OHKO moves are banned
|rule|Evasion Items Clause: Evasion items are banned
|rule|Evasion Moves Clause: Evasion moves are banned
|rule|Evasion Abilities Clause: Evasion abilities are banned
|rule|Sleep Moves Clause: Sleep-inducing moves are banned
|clearpoke
|poke|p1|Necrozma|
|poke|p1|Hatterene, F|
|poke|p1|Ursaluna, F|
|poke|p1|Slowking-Galar, F|
|poke|p1|Samurott-Hisui, F|
|poke|p1|Cyclizar, M|
|poke|p2|Iron Treads|
|poke|p2|Dragapult, M|
|poke|p2|Serperior, F|
|poke|p2|Dragonite, M|
|poke|p2|Greninja-*, M|
|poke|p2|Ceruledge, M|
|teampreview
|
|t:|1758313652
|teamsize|p1|6
|teamsize|p2|6
|start
|switch|p1a: Hatterene|Hatterene, F, shiny|100/100
|switch|p2a: Serperior|Serperior, F, shiny|100/100
|turn|1
|
|t:|1758313657
|move|p2a: Serperior|Leaf Storm|p1a: Hatterene
|-damage|p1a: Hatterene|50/100
|-boost|p2a: Serperior|spa|2
|move|p1a: Hatterene|Trick Room|p1a: Hatterene
|-fieldstart|move: Trick Room|[of] p1a: Hatterene
|
|-heal|p1a: Hatterene|56/100|[from] item: Leftovers
|upkeep
|turn|2
|
|t:|1758313669
|move|p1a: Hatterene|Mystical Fire|p2a: Serperior
|-supereffective|p2a: Serperior
|-damage|p2a: Serperior|25/100
|-boost|p2a: Serperior|spa|1
|move|p2a: Serperior|Leaf Storm|p1a: Hatterene
|-damage|p1a: Hatterene|0 fnt
|-boost|p2a: Serperior|spa|2
|faint|p1a: Hatterene
|
|upkeep
|
|t:|1758313676
|switch|p1a: Necrozma|Necrozma, shiny|100/100
|turn|3
|-enditem|p2a: Serperior|Custap Berry|[eat]
|-activate|p2a: Serperior|item: Custap Berry|[consumed]
|
|t:|1758313681
|move|p2a: Serperior|Leaf Storm|p1a: Necrozma
|-damage|p1a: Necrozma|0 fnt
|-boost|p2a: Serperior|spa|1
|faint|p1a: Necrozma
|
|upkeep
|
|t:|1758313690
|switch|p1a: Ursaluna|Ursaluna, F, shiny|100/100
|turn|4
|
|t:|1758313697
|move|p1a: Ursaluna|Facade|p2a: Serperior
|-damage|p2a: Serperior|0 fnt
|faint|p2a: Serperior
|
|-status|p1a: Ursaluna|brn|[from] item: Flame Orb
|upkeep
|
|t:|1758313709
|switch|p2a: Dragapult|Dragapult, M|100/100
|turn|5
|
|t:|1758313718
|move|p1a: Ursaluna|Shadow Claw|p2a: Dragapult
|-supereffective|p2a: Dragapult
|-enditem|p2a: Dragapult|Focus Sash
|-damage|p2a: Dragapult|1/100
|move|p2a: Dragapult|Dragon Darts|p1a: Ursaluna
|-damage|p1a: Ursaluna|85/100 brn
|-anim|p2a: Dragapult|Dragon Darts|p1a: Ursaluna
|-damage|p1a: Ursaluna|69/100 brn
|
|-damage|p1a: Ursaluna|63/100 brn|[from] brn
|-fieldend|move: Trick Room
|upkeep
|turn|6
|
|t:|1758313729
|move|p2a: Dragapult|Dragon Darts|p1a: Ursaluna
|-damage|p1a: Ursaluna|46/100 brn
|-anim|p2a: Dragapult|Dragon Darts|p1a: Ursaluna
|-damage|p1a: Ursaluna|31/100 brn
|move|p1a: Ursaluna|Shadow Claw|p2a: Dragapult
|-supereffective|p2a: Dragapult
|-crit|p2a: Dragapult
|-damage|p2a: Dragapult|0 fnt
|faint|p2a: Dragapult
|
|-damage|p1a: Ursaluna|25/100 brn|[from] brn
|upkeep
|
|t:|1758313737
|switch|p2a: Iron Treads|Iron Treads|100/100
|-enditem|p2a: Iron Treads|Booster Energy
|-activate|p2a: Iron Treads|ability: Quark Drive|[fromitem]
|-start|p2a: Iron Treads|quarkdrivespe
|turn|7
|
|t:|1758313742
|move|p2a: Iron Treads|Ice Spinner|p1a: Ursaluna
|-supereffective|p1a: Ursaluna
|-damage|p1a: Ursaluna|0 fnt
|faint|p1a: Ursaluna
|
|upkeep
|
|t:|1758313748
|switch|p1a: Samurott|Samurott-Hisui, F, shiny|100/100
|turn|8
|
|t:|1758313755
|move|p2a: Iron Treads|Earthquake|p1a: Samurott
|-damage|p1a: Samurott|39/100
|move|p1a: Samurott|Ceaseless Edge|p2a: Iron Treads
|-damage|p2a: Iron Treads|70/100
|-sidestart|p2: Cmayron|Spikes
|
|upkeep
|turn|9
|
|t:|1758313760
|switch|p1a: Cyclizar|Cyclizar, M, shiny|100/100
|move|p2a: Iron Treads|Rapid Spin|p1a: Cyclizar
|-damage|p1a: Cyclizar|71/100
|-boost|p2a: Iron Treads|spe|1
|-sideend|p2: Cmayron|Spikes|[from] move: Rapid Spin|[of] p2a: Iron Treads
|
|upkeep
|turn|10
|
|t:|1758313765
|move|p2a: Iron Treads|Ice Spinner|p1a: Cyclizar
|-supereffective|p1a: Cyclizar
|-damage|p1a: Cyclizar|0 fnt
|faint|p1a: Cyclizar
|
|upkeep
|
|t:|1758313768
|switch|p1a: Slowking|Slowking-Galar, F, shiny|100/100
|turn|11
|-message|ZeonNynja forfeited.
|
|win|Cmayron
|raw|ZeonNynja's rating: 1438 &rarr; <strong>1419</strong><br />(-19 for losing)
|raw|Cmayron's rating: 1457 &rarr; <strong>1476</strong><br />(+19 for winning)
|l|☆ZeonNynja
|player|p1|
|l|☆Cmayron
|player|p2|
