|j|☆playboisant
|j|☆oreoinabox
|t:|1758324027
|gametype|singles
|player|p1|playboisant|roxie|1547
|player|p2|oreoinabox|169|1610
|gen|9
|tier|[Gen 9] OU
|rated|
|rule|HP Percentage Mod: HP is shown in percentages
|rule|Endless Battle Clause: Forcing endless battles is banned
|rule|Species Clause: Limit one of each Pokémon
|rule|OHKO Clause: OHKO moves are banned
|rule|Evasion Items Clause: Evasion items are banned
|rule|Evasion Moves Clause: Evasion moves are banned
|rule|Evasion Abilities Clause: Evasion abilities are banned
|rule|Sleep Moves Clause: Sleep-inducing moves are banned
|clearpoke
|poke|p1|Emboar, M|
|poke|p1|Haxorus, M|
|poke|p1|Hydreigon, F|
|poke|p1|Zoroark, F|
|poke|p1|Bronzong|
|poke|p1|Bisharp, M|
|poke|p2|Iron Thorns|
|poke|p2|Araquanid, F|
|poke|p2|Blastoise, F|
|poke|p2|Corviknight, M|
|poke|p2|Meowscarada, F|
|poke|p2|Great Tusk|
|teampreview
|inactive|Battle timer is ON: inactive players will automatically lose when time's up. (requested by oreoinabox)
|inactive|playboisant has 120 seconds left.
|
|t:|1758324060
|teamsize|p1|6
|teamsize|p2|6
|start
|switch|p1a: Emboar|Emboar, M, shiny|100/100
|switch|p2a: Meowscarada|Meowscarada, F|100/100
|turn|1
|
|t:|1758324072
|move|p2a: Meowscarada|U-turn|p1a: Emboar
|-start|p2a: Meowscarada|typechange|Bug|[from] ability: Protean
|-supereffective|p1a: Emboar
|-enditem|p1a: Emboar|Focus Sash
|-damage|p1a: Emboar|1/100
|replace|p1a: Zoroark|Zoroark, F, shiny
|-end|p1a: Zoroark|Illusion
|
|t:|1758324082
|switch|p2a: Corviknight|Corviknight, M|100/100|[from] U-turn
|-ability|p2a: Corviknight|Pressure
|move|p1a: Zoroark|Nasty Plot|p1a: Zoroark
|-boost|p1a: Zoroark|spa|2
|
|upkeep
|turn|2
|
|t:|1758324088
|move|p1a: Zoroark|Flamethrower|p2a: Corviknight
|-supereffective|p2a: Corviknight
|-crit|p2a: Corviknight
|-damage|p2a: Corviknight|0 fnt
|faint|p2a: Corviknight
|
|upkeep
|
|t:|1758324094
|switch|p2a: Meowscarada|Meowscarada, F|100/100
|turn|3
|
|t:|1758324097
|move|p2a: Meowscarada|U-turn|p1a: Zoroark
|-start|p2a: Meowscarada|typechange|Bug|[from] ability: Protean
|-supereffective|p1a: Zoroark
|-damage|p1a: Zoroark|0 fnt
|faint|p1a: Zoroark
|
|t:|1758324104
|switch|p2a: Blastoise|Blastoise, F|100/100|[from] U-turn
|
|upkeep
|
|t:|1758324121
|switch|p1a: Hydreigon|Hydreigon, F|100/100
|turn|4
|
|t:|1758324138
|switch|p2a: Araquanid|Araquanid, F|100/100
|move|p1a: Hydreigon|Draco Meteor|p2a: Araquanid
|-damage|p2a: Araquanid|18/100
|-unboost|p1a: Hydreigon|spa|2
|
|upkeep
|turn|5
|
|t:|1758324145
|move|p1a: Hydreigon|Draco Meteor|p2a: Araquanid
|-damage|p2a: Araquanid|0 fnt
|-unboost|p1a: Hydreigon|spa|2
|faint|p2a: Araquanid
|
|upkeep
|
|t:|1758324148
|switch|p2a: Blastoise|Blastoise, F|100/100
|turn|6
|
|t:|1758324153
|switch|p1a: Bronzong|Bronzong|100/100
|move|p2a: Blastoise|Shell Smash|p2a: Blastoise
|-unboost|p2a: Blastoise|def|1
|-unboost|p2a: Blastoise|spd|1
|-boost|p2a: Blastoise|atk|2
|-boost|p2a: Blastoise|spa|2
|-boost|p2a: Blastoise|spe|2
|-enditem|p2a: Blastoise|White Herb
|-clearnegativeboost|p2a: Blastoise|[silent]
|
|upkeep
|turn|7
|
|t:|1758324157
|move|p2a: Blastoise|Surf|p1a: Bronzong
|-damage|p1a: Bronzong|34/100
|move|p1a: Bronzong|Trick Room|p1a: Bronzong
|-fieldstart|move: Trick Room|[of] p1a: Bronzong
|
|-heal|p1a: Bronzong|40/100|[from] item: Leftovers
|upkeep
|turn|8
|
|t:|1758324174
|switch|p2a: Great Tusk|Great Tusk|100/100
|move|p1a: Bronzong|Body Press|p2a: Great Tusk
|-damage|p2a: Great Tusk|85/100
|
|-heal|p1a: Bronzong|46/100|[from] item: Leftovers
|upkeep
|turn|9
|
|t:|1758324186
|move|p1a: Bronzong|Iron Defense|p1a: Bronzong
|-boost|p1a: Bronzong|def|2
|move|p2a: Great Tusk|Close Combat|p1a: Bronzong
|-damage|p1a: Bronzong|20/100
|-unboost|p2a: Great Tusk|def|1
|-unboost|p2a: Great Tusk|spd|1
|
|-heal|p1a: Bronzong|27/100|[from] item: Leftovers
|upkeep
|turn|10
|
|t:|1758324196
|-end|p2a: Great Tusk|Protosynthesis|[silent]
|switch|p2a: Blastoise|Blastoise, F|100/100
|move|p1a: Bronzong|Body Press|p2a: Blastoise
|-damage|p2a: Blastoise|50/100
|
|-heal|p1a: Bronzong|33/100|[from] item: Leftovers
|upkeep
|turn|11
|
|t:|1758324203
|switch|p2a: Great Tusk|Great Tusk|85/100
|move|p1a: Bronzong|Body Press|p2a: Great Tusk
|-damage|p2a: Great Tusk|56/100
|
|-heal|p1a: Bronzong|39/100|[from] item: Leftovers
|-fieldend|move: Trick Room
|upkeep
|turn|12
|
|t:|1758324207
|move|p2a: Great Tusk|Close Combat|p1a: Bronzong
|-damage|p1a: Bronzong|10/100
|-unboost|p2a: Great Tusk|def|1
|-unboost|p2a: Great Tusk|spd|1
|move|p1a: Bronzong|Trick Room|p1a: Bronzong
|-fieldstart|move: Trick Room|[of] p1a: Bronzong
|
|-heal|p1a: Bronzong|16/100|[from] item: Leftovers
|upkeep
|turn|13
|
|t:|1758324211
|move|p1a: Bronzong|Body Press|p2a: Great Tusk
|-damage|p2a: Great Tusk|14/100
|move|p2a: Great Tusk|Close Combat|p1a: Bronzong
|-damage|p1a: Bronzong|0 fnt
|-unboost|p2a: Great Tusk|def|1
|-unboost|p2a: Great Tusk|spd|1
|faint|p1a: Bronzong
|
|upkeep
|
|t:|1758324217
|switch|p1a: Emboar|Emboar, M, shiny|100/100
|turn|14
|
|t:|1758324225
|-end|p2a: Great Tusk|Protosynthesis|[silent]
|switch|p2a: Blastoise|Blastoise, F|50/100
|move|p1a: Emboar|Flare Blitz|p2a: Blastoise
|-resisted|p2a: Blastoise
|-damage|p2a: Blastoise|6/100
|-damage|p1a: Emboar|90/100|[from] Recoil
|
|upkeep
|turn|15
|
|t:|1758324250
|move|p1a: Emboar|Flare Blitz|p2a: Blastoise
|-resisted|p2a: Blastoise
|-damage|p2a: Blastoise|0 fnt
|faint|p2a: Blastoise
|-damage|p1a: Emboar|89/100|[from] Recoil
|
|upkeep
|
|t:|1758324255
|switch|p2a: Great Tusk|Great Tusk|14/100
|turn|16
|
|t:|1758324275
|move|p1a: Emboar|Flare Blitz|p2a: Great Tusk
|-damage|p2a: Great Tusk|0 fnt
|faint|p2a: Great Tusk
|-end|p2a: Great Tusk|Protosynthesis|[silent]
|-damage|p1a: Emboar|85/100|[from] Recoil
|
|-fieldend|move: Trick Room
|upkeep
|
|t:|1758324277
|switch|p2a: Iron Thorns|Iron Thorns|100/100
|-enditem|p2a: Iron Thorns|Booster Energy
|-activate|p2a: Iron Thorns|ability: Quark Drive|[fromitem]
|-start|p2a: Iron Thorns|quarkdriveatk
|turn|17
|
|t:|1758324287
|move|p2a: Iron Thorns|Dragon Dance|p2a: Iron Thorns
|-boost|p2a: Iron Thorns|atk|1
|-boost|p2a: Iron Thorns|spe|1
|move|p1a: Emboar|Close Combat|p2a: Iron Thorns
|-supereffective|p2a: Iron Thorns
|-damage|p2a: Iron Thorns|0 fnt
|-unboost|p1a: Emboar|def|1
|-unboost|p1a: Emboar|spd|1
|faint|p2a: Iron Thorns
|-end|p2a: Iron Thorns|Quark Drive|[silent]
|
|upkeep
|-message|oreoinabox forfeited.
|
|win|playboisant
|raw|playboisant's rating: 1547 &rarr; <strong>1571</strong><br />(+24 for winning)
|raw|oreoinabox's rating: 1610 &rarr; <strong>1586</strong><br />(-24 for losing)
|l|☆oreoinabox
|player|p2|
|l|☆playboisant
|player|p1|
