|badge|p2|bronze|gen9ou|100-6
|uhtml|medal-msg|<div class="broadcast-blue">Curious what those medals under the avatar are? PS now has Ladder Seasons! For more information, check out the <a href="https://www.smogon.com/forums/threads/3740067/">thread on Smogon.</a></div>
|j|☆Yz99999
|j|☆ouww miguel o hara
|t:|1758291681
|gametype|singles
|player|p1|Yz99999|169|1641
|player|p2|ouww miguel o hara|giovanni|1862
|gen|9
|tier|[Gen 9] OU
|rated|
|rule|HP Percentage Mod: HP is shown in percentages
|rule|Endless Battle Clause: Forcing endless battles is banned
|rule|Species Clause: Limit one of each Pokémon
|rule|OHKO Clause: OHKO moves are banned
|rule|Evasion Items Clause: Evasion items are banned
|rule|Evasion Moves Clause: Evasion moves are banned
|rule|Evasion Abilities Clause: Evasion abilities are banned
|rule|Sleep Moves Clause: Sleep-inducing moves are banned
|clearpoke
|poke|p1|Garganacl, F|
|poke|p1|Corviknight, F|
|poke|p1|Great Tusk|
|poke|p1|Scizor, F|
|poke|p1|Raging Bolt|
|poke|p1|Maushold-Four|
|poke|p2|Zamazenta-*|
|poke|p2|Iron Moth|
|poke|p2|Gliscor, F|
|poke|p2|Clefable, M|
|poke|p2|Blissey, F|
|poke|p2|Dragapult, M|
|teampreview
|inactive|Battle timer is ON: inactive players will automatically lose when time's up. (requested by Yz99999)
|
|t:|1758291710
|teamsize|p1|6
|teamsize|p2|6
|start
|switch|p1a: Great Tusk|Great Tusk|100/100
|switch|p2a: Gliscor|Gliscor, F|100/100
|turn|1
|
|t:|1758291713
|move|p2a: Gliscor|Protect|p2a: Gliscor
|-singleturn|p2a: Gliscor|Protect
|move|p1a: Great Tusk|Knock Off|p2a: Gliscor
|-activate|p2a: Gliscor|move: Protect
|
|-status|p2a: Gliscor|tox|[from] item: Toxic Orb
|upkeep
|turn|2
|
|t:|1758291715
|move|p1a: Great Tusk|Ice Spinner|p2a: Gliscor
|-supereffective|p2a: Gliscor
|-damage|p2a: Gliscor|11/100 tox
|move|p2a: Gliscor|Toxic|p1a: Great Tusk
|-status|p1a: Great Tusk|tox
|
|-damage|p1a: Great Tusk|94/100 tox|[from] psn
|-heal|p2a: Gliscor|24/100 tox|[from] ability: Poison Heal
|upkeep
|turn|3
|
|t:|1758291719
|move|p2a: Gliscor|Protect|p2a: Gliscor
|-singleturn|p2a: Gliscor|Protect
|move|p1a: Great Tusk|Knock Off|p2a: Gliscor
|-activate|p2a: Gliscor|move: Protect
|
|-damage|p1a: Great Tusk|82/100 tox|[from] psn
|-heal|p2a: Gliscor|36/100 tox|[from] ability: Poison Heal
|upkeep
|turn|4
|
|t:|1758291723
|switch|p2a: Blissey|Blissey, F|100/100
|move|p1a: Great Tusk|Knock Off|p2a: Blissey
|-damage|p2a: Blissey|69/100
|-enditem|p2a: Blissey|Heavy-Duty Boots|[from] move: Knock Off|[of] p1a: Great Tusk
|
|-damage|p1a: Great Tusk|63/100 tox|[from] psn
|upkeep
|turn|5
|
|t:|1758291727
|move|p1a: Great Tusk|Knock Off|p2a: Blissey
|-damage|p2a: Blissey|48/100
|move|p2a: Blissey|Stealth Rock|p1a: Great Tusk
|-sidestart|p1: Yz99999|move: Stealth Rock
|
|-damage|p1a: Great Tusk|39/100 tox|[from] psn
|upkeep
|turn|6
|
|t:|1758291730
|move|p1a: Great Tusk|Ice Spinner|p2a: Blissey
|-damage|p2a: Blissey|23/100
|move|p2a: Blissey|Soft-Boiled|p2a: Blissey
|-heal|p2a: Blissey|73/100
|
|-damage|p1a: Great Tusk|8/100 tox|[from] psn
|upkeep
|turn|7
|
|t:|1758291733
|switch|p2a: Dragapult|Dragapult, M|100/100
|move|p1a: Great Tusk|Headlong Rush|p2a: Dragapult
|-damage|p2a: Dragapult|11/100
|-unboost|p1a: Great Tusk|def|1
|-unboost|p1a: Great Tusk|spd|1
|
|-damage|p1a: Great Tusk|0 fnt|[from] psn
|faint|p1a: Great Tusk
|-end|p1a: Great Tusk|Protosynthesis|[silent]
|upkeep
|j| wgw2333
|
|t:|1758291737
|switch|p1a: Corviknight|Corviknight, F|100/100
|-damage|p1a: Corviknight|88/100|[from] Stealth Rock
|-ability|p1a: Corviknight|Pressure
|turn|8
|
|t:|1758291740
|move|p2a: Dragapult|Will-O-Wisp|p1a: Corviknight
|-status|p1a: Corviknight|brn
|move|p1a: Corviknight|Defog|p2a: Dragapult
|-unboost|p2a: Dragapult|evasion|1
|-sideend|p1: Yz99999|Stealth Rock|[from] move: Defog|[of] p1a: Corviknight
|
|-damage|p1a: Corviknight|82/100 brn|[from] brn
|upkeep
|turn|9
|
|t:|1758291745
|move|p2a: Dragapult|Hex|p1a: Corviknight
|-damage|p1a: Corviknight|46/100 brn
|move|p1a: Corviknight|U-turn|p2a: Dragapult
|-resisted|p2a: Dragapult
|-damage|p2a: Dragapult|6/100
|
|t:|1758291748
|switch|p1a: Garganacl|Garganacl, F|100/100|[from] U-turn
|
|upkeep
|turn|10
|
|t:|1758291752
|switch|p2a: Blissey|Blissey, F|73/100
|move|p1a: Garganacl|Earthquake|p2a: Blissey
|-damage|p2a: Blissey|52/100
|
|upkeep
|turn|11
|
|t:|1758291755
|switch|p1a: Maushold|Maushold-Four|100/100
|move|p2a: Blissey|Stealth Rock|p1a: Maushold
|-sidestart|p1: Yz99999|move: Stealth Rock
|
|upkeep
|turn|12
|
|t:|1758291758
|switch|p2a: Zamazenta|Zamazenta|100/100
|-ability|p2a: Zamazenta|Dauntless Shield|boost
|-boost|p2a: Zamazenta|def|1
|move|p1a: Maushold|Population Bomb|p2a: Zamazenta
|-crit|p2a: Zamazenta
|-damage|p2a: Zamazenta|88/100
|-crit|p2a: Zamazenta
|-damage|p2a: Zamazenta|76/100
|-damage|p2a: Zamazenta|71/100
|-damage|p2a: Zamazenta|66/100
|-damage|p2a: Zamazenta|61/100
|-damage|p2a: Zamazenta|56/100
|-damage|p2a: Zamazenta|50/100
|-damage|p2a: Zamazenta|45/100
|-damage|p2a: Zamazenta|40/100
|-damage|p2a: Zamazenta|34/100
|-hitcount|p2a: Zamazenta|10
|
|-heal|p2a: Zamazenta|40/100|[from] item: Leftovers
|upkeep
|turn|13
|
|t:|1758291767
|switch|p1a: Corviknight|Corviknight, F|46/100 brn
|-damage|p1a: Corviknight|34/100 brn|[from] Stealth Rock
|-ability|p1a: Corviknight|Pressure
|move|p2a: Zamazenta|Body Press|p1a: Corviknight
|-damage|p1a: Corviknight|0 fnt
|-damage|p2a: Zamazenta|24/100|[from] item: Rocky Helmet|[of] p1a: Corviknight
|faint|p1a: Corviknight
|
|-heal|p2a: Zamazenta|30/100|[from] item: Leftovers
|upkeep
|
|t:|1758291770
|switch|p1a: Raging Bolt|Raging Bolt|100/100
|-damage|p1a: Raging Bolt|88/100|[from] Stealth Rock
|turn|14
|
|t:|1758291780
|switch|p2a: Blissey|Blissey, F|52/100
|move|p1a: Raging Bolt|Volt Switch|p2a: Blissey
|-damage|p2a: Blissey|29/100
|
|t:|1758291782
|-end|p1a: Raging Bolt|Protosynthesis|[silent]
|switch|p1a: Maushold|Maushold-Four|100/100|[from] Volt Switch
|-damage|p1a: Maushold|88/100|[from] Stealth Rock
|
|upkeep
|turn|15
|
|t:|1758291784
|move|p1a: Maushold|Tidy Up|p1a: Maushold
|-sideend|p1: Yz99999|Stealth Rock
|-activate|p1a: Maushold|move: Tidy Up
|-boost|p1a: Maushold|atk|1
|-boost|p1a: Maushold|spe|1
|move|p2a: Blissey|Thunder Wave|p1a: Maushold
|-status|p1a: Maushold|par
|
|upkeep
|turn|16
|
|t:|1758291788
|switch|p2a: Dragapult|Dragapult, M|6/100
|move|p1a: Maushold|Population Bomb|p2a: Dragapult
|-immune|p2a: Dragapult
|
|upkeep
|turn|17
|
|t:|1758291794
|switch|p1a: Garganacl|Garganacl, F|100/100
|move|p2a: Dragapult|Dragon Darts|p1a: Garganacl
|-damage|p1a: Garganacl|87/100
|-anim|p2a: Dragapult|Dragon Darts|p1a: Garganacl
|-damage|p1a: Garganacl|74/100
|
|-heal|p1a: Garganacl|80/100|[from] item: Leftovers
|upkeep
|turn|18
|
|t:|1758291807
|switch|p2a: Gliscor|Gliscor, F|36/100 tox
|switch|p1a: Maushold|Maushold-Four|88/100 par
|
|-heal|p2a: Gliscor|49/100 tox|[from] ability: Poison Heal
|upkeep
|turn|19
|
|t:|1758291811
|move|p2a: Gliscor|Knock Off|p1a: Maushold
|-damage|p1a: Maushold|56/100 par
|-enditem|p1a: Maushold|Wide Lens|[from] move: Knock Off|[of] p2a: Gliscor
|move|p1a: Maushold|Tidy Up|p1a: Maushold
|-boost|p1a: Maushold|atk|1
|-boost|p1a: Maushold|spe|1
|
|-heal|p2a: Gliscor|61/100 tox|[from] ability: Poison Heal
|upkeep
|turn|20
|-message|Yz99999 forfeited.
|
|win|ouww miguel o hara
|raw|Yz99999's rating: 1641 &rarr; <strong>1632</strong><br />(-9 for losing)
|raw|ouww miguel o hara's rating: 1862 &rarr; <strong>1871</strong><br />(+9 for winning)
|l|☆Yz99999
|player|p1|
|l|☆ouww miguel o hara
|player|p2|
