|j|☆blisteringbigfoot
|j|☆OREND BY
|t:|1758287555
|gametype|singles
|player|p1|blisteringbigfoot|roxie-masters|1635
|player|p2|OREND BY|lacey|1642
|gen|9
|tier|[Gen 9] OU
|rated|
|rule|HP Percentage Mod: HP is shown in percentages
|rule|Endless Battle Clause: Forcing endless battles is banned
|rule|Species Clause: Limit one of each Pokémon
|rule|OHKO Clause: OHKO moves are banned
|rule|Evasion Items Clause: Evasion items are banned
|rule|Evasion Moves Clause: Evasion moves are banned
|rule|Evasion Abilities Clause: Evasion abilities are banned
|rule|Sleep Moves Clause: Sleep-inducing moves are banned
|clearpoke
|poke|p1|Cloyster, M|
|poke|p1|Raging Bolt|
|poke|p1|Primarina, M|
|poke|p1|Iron Treads|
|poke|p1|Ogerpon-Wellspring, F|
|poke|p1|Dragapult, M|
|poke|p2|Ting-Lu|
|poke|p2|Weezing-Galar, M|
|poke|p2|Alomomola, M|
|poke|p2|Tornadus-Therian, M|
|poke|p2|Gholdengo|
|poke|p2|Zamazenta-*|
|teampreview
|inactive|Battle timer is ON: inactive players will automatically lose when time's up. (requested by blisteringbigfoot)
|
|t:|1758287570
|teamsize|p1|6
|teamsize|p2|6
|start
|switch|p1a: Ogerpon|Ogerpon-Wellspring, F|100/100
|switch|p2a: Dog in this Fight|Zamazenta|100/100
|-ability|p2a: Dog in this Fight|Dauntless Shield|boost
|-boost|p2a: Dog in this Fight|def|1
|turn|1
|
|t:|1758287576
|move|p2a: Dog in this Fight|Crunch|p1a: Ogerpon
|-damage|p1a: Ogerpon|45/100
|-unboost|p1a: Ogerpon|def|1
|move|p1a: Ogerpon|Spikes|p2a: Dog in this Fight
|-sidestart|p2: OREND BY|Spikes
|
|upkeep
|turn|2
|
|t:|1758287581
|switch|p1a: Primarina|Primarina, M, shiny|100/100
|move|p2a: Dog in this Fight|Crunch|p1a: Primarina
|-resisted|p1a: Primarina
|-damage|p1a: Primarina|73/100
|
|-heal|p1a: Primarina|79/100|[from] item: Leftovers
|upkeep
|turn|3
|
|t:|1758287592
|switch|p2a: Djengo Unrained|Gholdengo|100/100
|-damage|p2a: Djengo Unrained|88/100|[from] Spikes
|move|p1a: Primarina|Substitute|p1a: Primarina
|-start|p1a: Primarina|Substitute
|-damage|p1a: Primarina|54/100
|
|-heal|p1a: Primarina|61/100|[from] item: Leftovers
|upkeep
|turn|4
|
|t:|1758287602
|move|p2a: Djengo Unrained|Make It Rain|p1a: Primarina
|-crit|p1a: Primarina
|-end|p1a: Primarina|Substitute
|-unboost|p2a: Djengo Unrained|spa|1
|move|p1a: Primarina|Surf|p2a: Djengo Unrained
|-damage|p2a: Djengo Unrained|27/100
|
|-heal|p1a: Primarina|67/100|[from] item: Leftovers
|upkeep
|turn|5
|
|t:|1758287610
|switch|p1a: Iron Treads|Iron Treads|100/100
|-enditem|p1a: Iron Treads|Booster Energy
|-activate|p1a: Iron Treads|ability: Quark Drive|[fromitem]
|-start|p1a: Iron Treads|quarkdrivespe
|move|p2a: Djengo Unrained|Make It Rain|p1a: Iron Treads
|-resisted|p1a: Iron Treads
|-damage|p1a: Iron Treads|71/100
|-unboost|p2a: Djengo Unrained|spa|1
|
|upkeep
|turn|6
|
|t:|1758287617
|switch|p2a: Alomomola|Alomomola, M|100/100
|-damage|p2a: Alomomola|88/100|[from] Spikes
|move|p1a: Iron Treads|Stealth Rock|p2a: Alomomola
|-sidestart|p2: OREND BY|move: Stealth Rock
|
|upkeep
|turn|7
|
|t:|1758287622
|move|p1a: Iron Treads|Earth Power|p2a: Alomomola
|-damage|p2a: Alomomola|61/100
|move|p2a: Alomomola|Wish|p2a: Alomomola
|
|upkeep
|turn|8
|
|t:|1758287627
|-end|p1a: Iron Treads|Quark Drive|[silent]
|switch|p1a: Ogerpon|Ogerpon-Wellspring, F|45/100
|move|p2a: Alomomola|Tickle|p1a: Ogerpon
|-unboost|p1a: Ogerpon|atk|1
|-unboost|p1a: Ogerpon|def|1
|
|-heal|p2a: Alomomola|100/100|[from] move: Wish|[wisher] Alomomola
|upkeep
|turn|9
|
|t:|1758287639
|switch|p1a: Iron Treads|Iron Treads|71/100
|move|p2a: Alomomola|Wish|p2a: Alomomola
|
|upkeep
|turn|10
|
|t:|1758287646
|move|p1a: Iron Treads|Earth Power|p2a: Alomomola
|-damage|p2a: Alomomola|69/100
|move|p2a: Alomomola|Tickle|p1a: Iron Treads
|-unboost|p1a: Iron Treads|atk|1
|-unboost|p1a: Iron Treads|def|1
|
|-heal|p2a: Alomomola|100/100|[from] move: Wish|[wisher] Alomomola
|upkeep
|turn|11
|
|t:|1758287652
|-end|p1a: Iron Treads|Quark Drive|[silent]
|switch|p1a: Ogerpon|Ogerpon-Wellspring, F|45/100
|move|p2a: Alomomola|Wish|p2a: Alomomola
|
|upkeep
|turn|12
|
|t:|1758287661
|move|p1a: Ogerpon|Knock Off|p2a: Alomomola
|-damage|p2a: Alomomola|78/100
|-damage|p1a: Ogerpon|28/100|[from] item: Rocky Helmet|[of] p2a: Alomomola
|-enditem|p2a: Alomomola|Rocky Helmet|[from] move: Knock Off|[of] p1a: Ogerpon
|move|p2a: Alomomola|Flip Turn|p1a: Ogerpon
|-heal|p1a: Ogerpon|53/100|[from] ability: Water Absorb|[of] p2a: Alomomola
|
|-heal|p2a: Alomomola|100/100|[from] move: Wish|[wisher] Alomomola
|upkeep
|turn|13
|
|t:|1758287670
|move|p1a: Ogerpon|U-turn|p2a: Alomomola
|-damage|p2a: Alomomola|84/100
|
|t:|1758287674
|switch|p1a: Iron Treads|Iron Treads|71/100|[from] U-turn
|move|p2a: Alomomola|Wish|p2a: Alomomola
|
|upkeep
|turn|14
|
|t:|1758287679
|-end|p1a: Iron Treads|Quark Drive|[silent]
|switch|p1a: Ogerpon|Ogerpon-Wellspring, F|53/100
|move|p2a: Alomomola|Tickle|p1a: Ogerpon
|-unboost|p1a: Ogerpon|atk|1
|-unboost|p1a: Ogerpon|def|1
|
|-heal|p2a: Alomomola|100/100|[from] move: Wish|[wisher] Alomomola
|upkeep
|turn|15
|
|t:|1758287685
|move|p1a: Ogerpon|Spikes|p2a: Alomomola
|-sidestart|p2: OREND BY|Spikes
|move|p2a: Alomomola|Wish|p2a: Alomomola
|
|upkeep
|turn|16
|
|t:|1758287688
|switch|p2a: Das Capital|Weezing-Galar, M|100/100
|-ability|p2a: Das Capital|Neutralizing Gas
|move|p1a: Ogerpon|Spikes|p2a: Das Capital
|-sidestart|p2: OREND BY|Spikes
|
|upkeep
|turn|17
|
|t:|1758287696
|move|p1a: Ogerpon|Knock Off|p2a: Das Capital
|-resisted|p2a: Das Capital
|-damage|p2a: Das Capital|92/100
|-enditem|p2a: Das Capital|Heavy-Duty Boots|[from] move: Knock Off|[of] p1a: Ogerpon
|move|p2a: Das Capital|Defog|p1a: Ogerpon
|-unboost|p1a: Ogerpon|evasion|1
|-sideend|p2: OREND BY|Spikes|[from] move: Defog|[of] p2a: Das Capital
|-sideend|p2: OREND BY|Stealth Rock|[from] move: Defog|[of] p2a: Das Capital
|
|upkeep
|turn|18
|
|t:|1758287702
|move|p1a: Ogerpon|Spikes|p2a: Das Capital
|-sidestart|p2: OREND BY|Spikes
|move|p2a: Das Capital|Will-O-Wisp|p1a: Ogerpon
|-status|p1a: Ogerpon|brn
|
|-damage|p1a: Ogerpon|47/100 brn|[from] brn
|upkeep
|turn|19
|
|t:|1758287707
|switch|p1a: Iron Treads|Iron Treads|71/100
|move|p2a: Das Capital|Defog|p1a: Iron Treads
|-unboost|p1a: Iron Treads|evasion|1
|-sideend|p2: OREND BY|Spikes|[from] move: Defog|[of] p2a: Das Capital
|
|upkeep
|turn|20
|
|t:|1758287712
|-end|p2a: Das Capital|ability: Neutralizing Gas
|switch|p2a: Therry Christmas|Tornadus-Therian, M|100/100
|move|p1a: Iron Treads|Steel Beam|p2a: Therry Christmas
|-damage|p2a: Therry Christmas|49/100
|-damage|p1a: Iron Treads|20/100|[from] steelbeam
|
|upkeep
|turn|21
|
|t:|1758287720
|move|p2a: Therry Christmas|Heat Wave|p1a: Iron Treads
|-supereffective|p1a: Iron Treads
|-damage|p1a: Iron Treads|0 fnt
|faint|p1a: Iron Treads
|-end|p1a: Iron Treads|Quark Drive|[silent]
|
|upkeep
|
|t:|1758287725
|switch|p1a: Dragapult|Dragapult, M|100/100
|turn|22
|
|t:|1758287729
|move|p1a: Dragapult|U-turn|p2a: Therry Christmas
|-resisted|p2a: Therry Christmas
|-damage|p2a: Therry Christmas|31/100
|
|t:|1758287733
|switch|p1a: Raging Bolt|Raging Bolt|100/100|[from] U-turn
|-enditem|p1a: Raging Bolt|Booster Energy
|-activate|p1a: Raging Bolt|ability: Protosynthesis|[fromitem]
|-start|p1a: Raging Bolt|protosynthesisspa
|move|p2a: Therry Christmas|Bleakwind Storm|p1a: Raging Bolt
|-resisted|p1a: Raging Bolt
|-damage|p1a: Raging Bolt|82/100
|
|upkeep
|turn|23
|
|t:|1758287739
|move|p2a: Therry Christmas|U-turn|p1a: Raging Bolt
|-damage|p1a: Raging Bolt|68/100
|
|t:|1758287742
|switch|p2a: Lus-Lus Situation|Ting-Lu|100/100|[from] U-turn
|-ability|p2a: Lus-Lus Situation|Vessel of Ruin
|move|p1a: Raging Bolt|Calm Mind|p1a: Raging Bolt
|-boost|p1a: Raging Bolt|spa|1
|-boost|p1a: Raging Bolt|spd|1
|
|upkeep
|turn|24
|
|t:|1758287745
|move|p1a: Raging Bolt|Dragon Pulse|p2a: Lus-Lus Situation
|-damage|p2a: Lus-Lus Situation|61/100
|move|p2a: Lus-Lus Situation|Whirlwind|p1a: Raging Bolt
|-end|p1a: Raging Bolt|Protosynthesis|[silent]
|drag|p1a: Ogerpon|Ogerpon-Wellspring, F|47/100 brn
|
|-heal|p2a: Lus-Lus Situation|67/100|[from] item: Leftovers
|-damage|p1a: Ogerpon|41/100 brn|[from] brn
|upkeep
|turn|25
|
|t:|1758287749
|switch|p2a: Das Capital|Weezing-Galar, M|92/100
|-ability|p2a: Das Capital|Neutralizing Gas
|move|p1a: Ogerpon|Spikes|p2a: Das Capital
|-sidestart|p2: OREND BY|Spikes
|
|-damage|p1a: Ogerpon|35/100 brn|[from] brn
|upkeep
|turn|26
|
|t:|1758287754
|move|p1a: Ogerpon|Ivy Cudgel|p2a: Das Capital|[anim] Ivy Cudgel Water
|-crit|p2a: Das Capital
|-damage|p2a: Das Capital|62/100
|move|p2a: Das Capital|Defog|p1a: Ogerpon
|-unboost|p1a: Ogerpon|evasion|1
|-sideend|p2: OREND BY|Spikes|[from] move: Defog|[of] p2a: Das Capital
|
|-damage|p1a: Ogerpon|29/100 brn|[from] brn
|upkeep
|turn|27
|
|t:|1758287760
|-end|p2a: Das Capital|ability: Neutralizing Gas
|switch|p2a: Alomomola|Alomomola, M|100/100
|move|p1a: Ogerpon|Spikes|p2a: Alomomola
|-sidestart|p2: OREND BY|Spikes
|
|-damage|p1a: Ogerpon|23/100 brn|[from] brn
|upkeep
|turn|28
|
|t:|1758287764
|move|p1a: Ogerpon|U-turn|p2a: Alomomola
|-damage|p2a: Alomomola|93/100
|
|t:|1758287769
|switch|p1a: Raging Bolt|Raging Bolt|68/100|[from] U-turn
|move|p2a: Alomomola|Wish|p2a: Alomomola
|
|upkeep
|turn|29
|
|t:|1758287773
|switch|p2a: Lus-Lus Situation|Ting-Lu|67/100
|-damage|p2a: Lus-Lus Situation|55/100|[from] Spikes
|-ability|p2a: Lus-Lus Situation|Vessel of Ruin
|move|p1a: Raging Bolt|Calm Mind|p1a: Raging Bolt
|-boost|p1a: Raging Bolt|spa|1
|-boost|p1a: Raging Bolt|spd|1
|
|-heal|p2a: Lus-Lus Situation|100/100|[from] move: Wish|[wisher] Alomomola
|upkeep
|turn|30
|
|t:|1758287779
|move|p1a: Raging Bolt|Dragon Pulse|p2a: Lus-Lus Situation
|-crit|p2a: Lus-Lus Situation
|-damage|p2a: Lus-Lus Situation|57/100
|move|p2a: Lus-Lus Situation|Earthquake|p1a: Raging Bolt
|-supereffective|p1a: Raging Bolt
|-damage|p1a: Raging Bolt|0 fnt
|faint|p1a: Raging Bolt
|-end|p1a: Raging Bolt|Protosynthesis|[silent]
|
|-heal|p2a: Lus-Lus Situation|63/100|[from] item: Leftovers
|upkeep
|
|t:|1758287784
|switch|p1a: Cloyster|Cloyster, M, shiny|100/100
|turn|31
|
|t:|1758287788
|-terastallize|p2a: Lus-Lus Situation|Water
|move|p1a: Cloyster|Icicle Spear|p2a: Lus-Lus Situation
|-resisted|p2a: Lus-Lus Situation
|-damage|p2a: Lus-Lus Situation|59/100
|-resisted|p2a: Lus-Lus Situation
|-damage|p2a: Lus-Lus Situation|55/100
|-resisted|p2a: Lus-Lus Situation
|-damage|p2a: Lus-Lus Situation|51/100
|-resisted|p2a: Lus-Lus Situation
|-damage|p2a: Lus-Lus Situation|48/100
|-resisted|p2a: Lus-Lus Situation
|-damage|p2a: Lus-Lus Situation|44/100
|-hitcount|p2a: Lus-Lus Situation|5
|move|p2a: Lus-Lus Situation|Whirlwind|p1a: Cloyster
|drag|p1a: Ogerpon|Ogerpon-Wellspring, F|23/100 brn
|
|-heal|p2a: Lus-Lus Situation|50/100|[from] item: Leftovers
|-damage|p1a: Ogerpon|17/100 brn|[from] brn
|upkeep
|turn|32
|
|t:|1758287797
|switch|p2a: Das Capital|Weezing-Galar, M|62/100
|-ability|p2a: Das Capital|Neutralizing Gas
|-damage|p2a: Das Capital|50/100|[from] Spikes
|move|p1a: Ogerpon|Knock Off|p2a: Das Capital
|-resisted|p2a: Das Capital
|-damage|p2a: Das Capital|46/100
|
|-damage|p1a: Ogerpon|11/100 brn|[from] brn
|upkeep
|turn|33
|
|t:|1758287803
|move|p1a: Ogerpon|Ivy Cudgel|p2a: Das Capital|[anim] Ivy Cudgel Water
|-damage|p2a: Das Capital|26/100
|move|p2a: Das Capital|Defog|p1a: Ogerpon
|-unboost|p1a: Ogerpon|evasion|1
|-sideend|p2: OREND BY|Spikes|[from] move: Defog|[of] p2a: Das Capital
|
|-damage|p1a: Ogerpon|5/100 brn|[from] brn
|upkeep
|turn|34
|
|t:|1758287807
|move|p1a: Ogerpon|Ivy Cudgel|p2a: Das Capital|[anim] Ivy Cudgel Water
|-damage|p2a: Das Capital|8/100
|move|p2a: Das Capital|Defog|p1a: Ogerpon
|-unboost|p1a: Ogerpon|evasion|1
|
|-damage|p1a: Ogerpon|0 fnt|[from] brn
|faint|p1a: Ogerpon
|upkeep
|
|t:|1758287817
|switch|p1a: Dragapult|Dragapult, M|100/100
|turn|35
|
|t:|1758287822
|-terastallize|p1a: Dragapult|Ghost
|move|p1a: Dragapult|Tera Blast|p2a: Das Capital|[anim] Tera Blast Ghost
|-damage|p2a: Das Capital|0 fnt
|faint|p2a: Das Capital
|-end|p2a: Das Capital|ability: Neutralizing Gas
|
|upkeep
|
|t:|1758287829
|switch|p2a: Alomomola|Alomomola, M|100/100
|turn|36
|
|t:|1758287831
|move|p1a: Dragapult|Tera Blast|p2a: Alomomola|[anim] Tera Blast Ghost
|-damage|p2a: Alomomola|51/100
|move|p2a: Alomomola|Wish|p2a: Alomomola
|
|upkeep
|turn|37
|
|t:|1758287835
|switch|p1a: Primarina|Primarina, M, shiny|67/100
|switch|p2a: Lus-Lus Situation|Ting-Lu, tera:Water|50/100
|-ability|p2a: Lus-Lus Situation|Vessel of Ruin
|
|-heal|p2a: Lus-Lus Situation|97/100|[from] move: Wish|[wisher] Alomomola
|-heal|p1a: Primarina|73/100|[from] item: Leftovers
|-heal|p2a: Lus-Lus Situation|100/100|[from] item: Leftovers
|upkeep
|turn|38
|
|t:|1758287840
|move|p1a: Primarina|Moonblast|p2a: Lus-Lus Situation
|-damage|p2a: Lus-Lus Situation|79/100
|move|p2a: Lus-Lus Situation|Earthquake|p1a: Primarina
|-damage|p1a: Primarina|26/100
|
|-heal|p1a: Primarina|32/100|[from] item: Leftovers
|-heal|p2a: Lus-Lus Situation|86/100|[from] item: Leftovers
|upkeep
|turn|39
|
|t:|1758287844
|move|p1a: Primarina|Moonblast|p2a: Lus-Lus Situation
|-damage|p2a: Lus-Lus Situation|61/100
|move|p2a: Lus-Lus Situation|Earthquake|p1a: Primarina
|-damage|p1a: Primarina|0 fnt
|faint|p1a: Primarina
|
|-heal|p2a: Lus-Lus Situation|68/100|[from] item: Leftovers
|upkeep
|
|t:|1758287847
|switch|p1a: Dragapult|Dragapult, M, tera:Ghost|100/100
|turn|40
|
|t:|1758287853
|switch|p2a: Therry Christmas|Tornadus-Therian, M|64/100
|move|p1a: Dragapult|Tera Blast|p2a: Therry Christmas|[anim] Tera Blast Ghost
|-damage|p2a: Therry Christmas|0 fnt
|faint|p2a: Therry Christmas
|
|upkeep
|
|t:|1758287863
|switch|p2a: Alomomola|Alomomola, M|84/100
|turn|41
|
|t:|1758287865
|move|p1a: Dragapult|Tera Blast|p2a: Alomomola|[anim] Tera Blast Ghost
|-damage|p2a: Alomomola|36/100
|move|p2a: Alomomola|Wish|p2a: Alomomola
|
|upkeep
|turn|42
|
|t:|1758287868
|switch|p2a: Lus-Lus Situation|Ting-Lu, tera:Water|68/100
|-ability|p2a: Lus-Lus Situation|Vessel of Ruin
|move|p1a: Dragapult|Tera Blast|p2a: Lus-Lus Situation|[anim] Tera Blast Ghost
|-damage|p2a: Lus-Lus Situation|24/100
|
|-heal|p2a: Lus-Lus Situation|71/100|[from] move: Wish|[wisher] Alomomola
|-heal|p2a: Lus-Lus Situation|77/100|[from] item: Leftovers
|upkeep
|turn|43
|
|t:|1758287871
|switch|p2a: Alomomola|Alomomola, M|70/100
|move|p1a: Dragapult|Tera Blast|p2a: Alomomola|[anim] Tera Blast Ghost
|-damage|p2a: Alomomola|25/100
|
|upkeep
|turn|44
|
|t:|1758287878
|move|p1a: Dragapult|Tera Blast|p2a: Alomomola|[anim] Tera Blast Ghost
|-damage|p2a: Alomomola|0 fnt
|faint|p2a: Alomomola
|
|upkeep
|
|t:|1758287879
|switch|p2a: Djengo Unrained|Gholdengo|27/100
|turn|45
|
|t:|1758287882
|move|p2a: Djengo Unrained|Shadow Ball|p1a: Dragapult
|-supereffective|p1a: Dragapult
|-damage|p1a: Dragapult|0 fnt
|faint|p1a: Dragapult
|
|upkeep
|
|t:|1758287884
|switch|p1a: Cloyster|Cloyster, M, shiny|100/100
|turn|46
|
|t:|1758287886
|move|p2a: Djengo Unrained|Shadow Ball|p1a: Cloyster
|-damage|p1a: Cloyster|3/100
|move|p1a: Cloyster|Shell Smash|p1a: Cloyster
|-unboost|p1a: Cloyster|def|1
|-unboost|p1a: Cloyster|spd|1
|-boost|p1a: Cloyster|atk|2
|-boost|p1a: Cloyster|spa|2
|-boost|p1a: Cloyster|spe|2
|
|upkeep
|turn|47
|
|t:|1758287890
|move|p1a: Cloyster|Icicle Spear|p2a: Djengo Unrained
|-resisted|p2a: Djengo Unrained
|-damage|p2a: Djengo Unrained|11/100
|-resisted|p2a: Djengo Unrained
|-damage|p2a: Djengo Unrained|0 fnt
|faint|p2a: Djengo Unrained
|-hitcount|p2: Djengo Unrained|2
|
|upkeep
|
|t:|1758287892
|switch|p2a: Dog in this Fight|Zamazenta|100/100
|turn|48
|
|t:|1758287895
|move|p1a: Cloyster|Icicle Spear|p2a: Dog in this Fight
|-damage|p2a: Dog in this Fight|74/100
|-damage|p2a: Dog in this Fight|51/100
|-damage|p2a: Dog in this Fight|26/100
|-damage|p2a: Dog in this Fight|1/100
|-damage|p2a: Dog in this Fight|0 fnt
|faint|p2a: Dog in this Fight
|-hitcount|p2: Dog in this Fight|5
|
|upkeep
|
|t:|1758287897
|switch|p2a: Lus-Lus Situation|Ting-Lu, tera:Water|77/100
|-ability|p2a: Lus-Lus Situation|Vessel of Ruin
|turn|49
|
|t:|1758287900
|move|p1a: Cloyster|Rock Blast|p2a: Lus-Lus Situation|[miss]
|-miss|p1a: Cloyster|p2a: Lus-Lus Situation
|move|p2a: Lus-Lus Situation|Earthquake|p1a: Cloyster
|-damage|p1a: Cloyster|0 fnt
|faint|p1a: Cloyster
|
|win|OREND BY
|raw|blisteringbigfoot's rating: 1635 &rarr; <strong>1615</strong><br />(-20 for losing)
|raw|OREND BY's rating: 1642 &rarr; <strong>1662</strong><br />(+20 for winning)
|l|☆blisteringbigfoot
|player|p1|
|c|☆OREND BY|Gg
|l|☆OREND BY
|player|p2|
