|j|☆J.T.Lgamer20
|j|☆sushi43
|t:|1758321411
|gametype|singles
|player|p1|J.T.Lgamer20|lucas|1359
|player|p2|sushi43|2|1414
|gen|9
|tier|[Gen 9] OU
|rated|
|rule|HP Percentage Mod: HP is shown in percentages
|rule|Endless Battle Clause: Forcing endless battles is banned
|rule|Species Clause: Limit one of each Pokémon
|rule|OHKO Clause: OHKO moves are banned
|rule|Evasion Items Clause: Evasion items are banned
|rule|Evasion Moves Clause: Evasion moves are banned
|rule|Evasion Abilities Clause: Evasion abilities are banned
|rule|Sleep Moves Clause: Sleep-inducing moves are banned
|clearpoke
|poke|p1|Raging Bolt|
|poke|p1|Samurott-Hisui, M|
|poke|p1|Scizor, M|
|poke|p1|Weezing-Galar, M|
|poke|p1|Ceruledge, M|
|poke|p1|Zapdos|
|poke|p2|Ogerpon-Wellspring, F|
|poke|p2|Kingambit, F|
|poke|p2|Landorus-Therian, M|
|poke|p2|Glimmora, F|
|poke|p2|Dragapult, F|
|poke|p2|Iron Valiant|
|teampreview
|
|t:|1758321436
|teamsize|p1|6
|teamsize|p2|6
|start
|switch|p1a: Scizor|Scizor, M|100/100
|switch|p2a: Dragapult|Dragapult, F|100/100
|turn|1
|
|t:|1758321447
|switch|p2a: Landorus|Landorus-Therian, M|100/100
|-ability|p2a: Landorus|Intimidate|boost
|-unboost|p1a: Scizor|atk|1
|switch|p1a: Weezing|Weezing-Galar, M|100/100
|-ability|p1a: Weezing|Neutralizing Gas
|
|upkeep
|turn|2
|
|t:|1758321458
|move|p2a: Landorus|Taunt|p1a: Weezing
|-start|p1a: Weezing|move: Taunt
|cant|p1a: Weezing|move: Taunt|Will-O-Wisp
|
|upkeep
|turn|3
|
|t:|1758321464
|move|p2a: Landorus|Stealth Rock|p1a: Weezing
|-sidestart|p1: J.T.Lgamer20|move: Stealth Rock
|move|p1a: Weezing|Strange Steam|p2a: Landorus|[miss]
|-miss|p1a: Weezing|p2a: Landorus
|
|upkeep
|turn|4
|
|t:|1758321471
|move|p2a: Landorus|Earthquake|p1a: Weezing
|-supereffective|p1a: Weezing
|-damage|p1a: Weezing|36/100
|move|p1a: Weezing|Strange Steam|p2a: Landorus|[miss]
|-miss|p1a: Weezing|p2a: Landorus
|
|-heal|p1a: Weezing|42/100|[from] item: Black Sludge
|-end|p1a: Weezing|move: Taunt
|upkeep
|turn|5
|
|t:|1758321487
|-end|p1a: Weezing|ability: Neutralizing Gas
|-ability|p2a: Landorus|Intimidate|boost
|-unboost|p1a: Weezing|atk|1
|switch|p1a: Scizor|Scizor, M|100/100
|move|p2a: Landorus|Taunt|p1a: Scizor
|-start|p1a: Scizor|move: Taunt
|
|upkeep
|turn|6
|
|t:|1758321498
|move|p2a: Landorus|U-turn|p1a: Scizor
|-resisted|p1a: Scizor
|-damage|p1a: Scizor|89/100
|
|t:|1758321502
|switch|p2a: Glimmora|Glimmora, F|100/100|[from] U-turn
|move|p1a: Scizor|Knock Off|p2a: Glimmora
|-damage|p2a: Glimmora|60/100
|-activate|p2a: Glimmora|ability: Toxic Debris
|-sidestart|p1: J.T.Lgamer20|move: Toxic Spikes
|-enditem|p2a: Glimmora|Power Herb|[from] move: Knock Off|[of] p1a: Scizor
|
|upkeep
|turn|7
|
|t:|1758321512
|move|p1a: Scizor|Bullet Punch|p2a: Glimmora
|-supereffective|p2a: Glimmora
|-damage|p2a: Glimmora|0 fnt
|-activate|p2a: Glimmora|ability: Toxic Debris
|-sidestart|p1: J.T.Lgamer20|move: Toxic Spikes
|faint|p2a: Glimmora
|
|-end|p1a: Scizor|move: Taunt
|upkeep
|
|t:|1758321525
|switch|p2a: Dragapult|Dragapult, F|100/100
|turn|8
|
|t:|1758321543
|switch|p1a: Weezing|Weezing-Galar, M|42/100
|-ability|p1a: Weezing|Neutralizing Gas
|-damage|p1a: Weezing|30/100|[from] Stealth Rock
|-sideend|p1: J.T.Lgamer20|move: Toxic Spikes|[of] p1a: Weezing
|move|p2a: Dragapult|Flamethrower|p1a: Weezing
|-damage|p1a: Weezing|0 fnt
|faint|p1a: Weezing
|-end|p1a: Weezing|ability: Neutralizing Gas
|
|upkeep
|
|t:|1758321567
|switch|p1a: Samurott|Samurott-Hisui, M|100/100
|-damage|p1a: Samurott|88/100|[from] Stealth Rock
|turn|9
|
|t:|1758321583
|switch|p2a: Landorus|Landorus-Therian, M|100/100
|-ability|p2a: Landorus|Intimidate|boost
|-unboost|p1a: Samurott|atk|1
|move|p1a: Samurott|Flip Turn|p2a: Landorus
|-supereffective|p2a: Landorus
|-damage|p2a: Landorus|67/100
|-damage|p1a: Samurott|72/100|[from] item: Rocky Helmet|[of] p2a: Landorus
|
|t:|1758321599
|switch|p1a: Scizor|Scizor, M|89/100|[from] Flip Turn
|
|upkeep
|turn|10
|
|t:|1758321607
|move|p2a: Landorus|Earthquake|p1a: Scizor
|-damage|p1a: Scizor|43/100
|move|p1a: Scizor|Knock Off|p2a: Landorus
|-damage|p2a: Landorus|29/100
|-damage|p1a: Scizor|27/100|[from] item: Rocky Helmet|[of] p2a: Landorus
|-enditem|p2a: Landorus|Rocky Helmet|[from] move: Knock Off|[of] p1a: Scizor
|
|upkeep
|turn|11
|
|t:|1758321615
|move|p1a: Scizor|Bullet Punch|p2a: Landorus
|-damage|p2a: Landorus|0 fnt
|faint|p2a: Landorus
|
|upkeep
|
|t:|1758321620
|switch|p2a: Ogerpon|Ogerpon-Wellspring, F|100/100
|turn|12
|
|t:|1758321624
|move|p2a: Ogerpon|Ivy Cudgel|p1a: Scizor|[anim] Ivy Cudgel Water
|-damage|p1a: Scizor|0 fnt
|faint|p1a: Scizor
|
|upkeep
|
|t:|1758321637
|switch|p1a: Raging Bolt|Raging Bolt|100/100
|-damage|p1a: Raging Bolt|88/100|[from] Stealth Rock
|turn|13
|
|t:|1758321642
|move|p2a: Ogerpon|Play Rough|p1a: Raging Bolt
|-supereffective|p1a: Raging Bolt
|-damage|p1a: Raging Bolt|18/100
|move|p1a: Raging Bolt|Discharge|p2a: Ogerpon
|-damage|p2a: Ogerpon|49/100
|
|-heal|p1a: Raging Bolt|24/100|[from] item: Leftovers
|upkeep
|turn|14
|
|t:|1758321659
|move|p1a: Raging Bolt|Thunderclap|p2a: Ogerpon
|-damage|p2a: Ogerpon|4/100
|move|p2a: Ogerpon|Ivy Cudgel|p1a: Raging Bolt|[anim] Ivy Cudgel Water
|-resisted|p1a: Raging Bolt
|-damage|p1a: Raging Bolt|0 fnt
|faint|p1a: Raging Bolt
|-end|p1a: Raging Bolt|Protosynthesis|[silent]
|
|upkeep
|
|t:|1758321671
|switch|p1a: Samurott|Samurott-Hisui, M|72/100
|-damage|p1a: Samurott|59/100|[from] Stealth Rock
|turn|15
|
|t:|1758321680
|move|p1a: Samurott|Ceaseless Edge|p2a: Ogerpon
|-damage|p2a: Ogerpon|0 fnt
|-sidestart|p2: sushi43|Spikes
|faint|p2a: Ogerpon
|
|upkeep
|
|t:|1758321686
|switch|p2a: Iron Valiant|Iron Valiant|100/100
|-damage|p2a: Iron Valiant|88/100|[from] Spikes
|-enditem|p2a: Iron Valiant|Booster Energy
|-activate|p2a: Iron Valiant|ability: Quark Drive|[fromitem]
|-start|p2a: Iron Valiant|quarkdrivespe
|turn|16
|
|t:|1758321697
|switch|p1a: Zapdos|Zapdos|100/100
|-damage|p1a: Zapdos|75/100|[from] Stealth Rock
|move|p2a: Iron Valiant|Spirit Break|p1a: Zapdos
|-crit|p1a: Zapdos
|-damage|p1a: Zapdos|31/100
|-unboost|p1a: Zapdos|spa|1
|-damage|p2a: Iron Valiant|71/100|[from] item: Rocky Helmet|[of] p1a: Zapdos
|-status|p2a: Iron Valiant|par|[from] ability: Static|[of] p1a: Zapdos
|
|upkeep
|turn|17
|
|t:|1758321717
|move|p2a: Iron Valiant|Knock Off|p1a: Zapdos
|-damage|p1a: Zapdos|5/100
|-damage|p2a: Iron Valiant|55/100 par|[from] item: Rocky Helmet|[of] p1a: Zapdos
|-enditem|p1a: Zapdos|Rocky Helmet|[from] move: Knock Off|[of] p2a: Iron Valiant
|move|p1a: Zapdos|Volt Switch|p2a: Iron Valiant
|-damage|p2a: Iron Valiant|19/100 par
|
|t:|1758321726
|switch|p1a: Ceruledge|Ceruledge, M|100/100|[from] Volt Switch
|-damage|p1a: Ceruledge|76/100|[from] Stealth Rock
|
|upkeep
|turn|18
|
|t:|1758321741
|move|p1a: Ceruledge|Bulk Up|p1a: Ceruledge
|-boost|p1a: Ceruledge|atk|1
|-boost|p1a: Ceruledge|def|1
|move|p2a: Iron Valiant|Knock Off|p1a: Ceruledge
|-supereffective|p1a: Ceruledge
|-damage|p1a: Ceruledge|15/100
|-ability|p1a: Ceruledge|Weak Armor|boost
|-unboost|p1a: Ceruledge|def|1
|-boost|p1a: Ceruledge|spe|2
|-enditem|p1a: Ceruledge|Weakness Policy
|-boost|p1a: Ceruledge|atk|2|[from] item: Weakness Policy
|-boost|p1a: Ceruledge|spa|2|[from] item: Weakness Policy
|
|upkeep
|turn|19
|
|t:|1758321755
|move|p1a: Ceruledge|Bitter Blade|p2a: Iron Valiant
|-damage|p2a: Iron Valiant|0 fnt
|-heal|p1a: Ceruledge|25/100|[from] drain|[of] p2a: Iron Valiant
|faint|p2a: Iron Valiant
|-end|p2a: Iron Valiant|Quark Drive|[silent]
|
|upkeep
|
|t:|1758321761
|switch|p2a: Kingambit|Kingambit, F|100/100
|-damage|p2a: Kingambit|88/100|[from] Spikes
|-activate|p2a: Kingambit|ability: Supreme Overlord
|-start|p2a: Kingambit|fallen4|[silent]
|turn|20
|
|t:|1758321779
|-terastallize|p1a: Ceruledge|Fire
|move|p2a: Kingambit|Sucker Punch||[still]
|-fail|p2a: Kingambit
|move|p1a: Ceruledge|Bulk Up|p1a: Ceruledge
|-boost|p1a: Ceruledge|atk|1
|-boost|p1a: Ceruledge|def|1
|
|-heal|p2a: Kingambit|94/100|[from] item: Leftovers
|upkeep
|turn|21
|
|t:|1758321794
|move|p1a: Ceruledge|Bitter Blade|p2a: Kingambit
|-supereffective|p2a: Kingambit
|-damage|p2a: Kingambit|0 fnt
|-heal|p1a: Ceruledge|89/100|[from] drain|[of] p2a: Kingambit
|faint|p2a: Kingambit
|-end|p2a: Kingambit|fallen4|[silent]
|
|upkeep
|
|t:|1758321800
|switch|p2a: Dragapult|Dragapult, F|100/100
|-damage|p2a: Dragapult|88/100|[from] Spikes
|turn|22
|
|t:|1758321807
|move|p1a: Ceruledge|Shadow Claw|p2a: Dragapult
|-supereffective|p2a: Dragapult
|-damage|p2a: Dragapult|0 fnt
|faint|p2a: Dragapult
|
|win|J.T.Lgamer20
|raw|J.T.Lgamer20's rating: 1359 &rarr; <strong>1382</strong><br />(+23 for winning)
|raw|sushi43's rating: 1414 &rarr; <strong>1391</strong><br />(-23 for losing)
|l|☆sushi43
|player|p2|
