|j|☆randombananaYAY
|j|☆Shibuya Arc
|t:|1758353833
|gametype|singles
|player|p1|randombananaYAY|1|1553
|player|p2|Shibuya Arc|101|1632
|gen|9
|tier|[Gen 9] OU
|rated|
|rule|HP Percentage Mod: HP is shown in percentages
|rule|Endless Battle Clause: Forcing endless battles is banned
|rule|Species Clause: Limit one of each Pokémon
|rule|OHKO Clause: OHKO moves are banned
|rule|Evasion Items Clause: Evasion items are banned
|rule|Evasion Moves Clause: Evasion moves are banned
|rule|Evasion Abilities Clause: Evasion abilities are banned
|rule|Sleep Moves Clause: Sleep-inducing moves are banned
|clearpoke
|poke|p1|Alomomola, M|
|poke|p1|Gliscor, M|
|poke|p1|Dondozo, M|
|poke|p1|Blissey, F|
|poke|p1|Toxapex, F|
|poke|p1|Clodsire, M|
|poke|p2|Dragapult, M|
|poke|p2|Dragonite, F|
|poke|p2|Ting-Lu|
|poke|p2|Weezing-Galar, F|
|poke|p2|Iron Crown|
|poke|p2|Zapdos|
|teampreview
|inactive|Battle timer is ON: inactive players will automatically lose when time's up. (requested by Shibuya Arc)
|
|t:|1758353859
|teamsize|p1|6
|teamsize|p2|6
|start
|switch|p1a: Gliscor|Gliscor, M|100/100
|switch|p2a: Weezing|Weezing-Galar, F|100/100
|-ability|p2a: Weezing|Neutralizing Gas
|turn|1
|
|t:|1758353865
|move|p1a: Gliscor|Knock Off|p2a: Weezing
|-resisted|p2a: Weezing
|-damage|p2a: Weezing|93/100
|-enditem|p2a: Weezing|Heavy-Duty Boots|[from] move: Knock Off|[of] p1a: Gliscor
|move|p2a: Weezing|Will-O-Wisp|p1a: Gliscor
|-status|p1a: Gliscor|brn
|
|-damage|p1a: Gliscor|94/100 brn|[from] brn
|upkeep
|turn|2
|
|t:|1758353875
|-end|p2a: Weezing|ability: Neutralizing Gas
|switch|p2a: Dragonite|Dragonite, F|100/100
|move|p1a: Gliscor|Spikes|p2a: Dragonite
|-sidestart|p2: Shibuya Arc|Spikes
|
|-damage|p1a: Gliscor|88/100 brn|[from] brn
|upkeep
|turn|3
|
|t:|1758353886
|switch|p1a: Alomomola|Alomomola, M|100/100
|move|p2a: Dragonite|Dragon Dance|p2a: Dragonite
|-boost|p2a: Dragonite|atk|1
|-boost|p2a: Dragonite|spe|1
|
|upkeep
|turn|4
|
|t:|1758353892
|move|p2a: Dragonite|Dragon Dance|p2a: Dragonite
|-boost|p2a: Dragonite|atk|1
|-boost|p2a: Dragonite|spe|1
|move|p1a: Alomomola|Scald|p2a: Dragonite
|-resisted|p2a: Dragonite
|-damage|p2a: Dragonite|97/100
|-status|p2a: Dragonite|brn
|
|-damage|p2a: Dragonite|91/100 brn|[from] brn
|upkeep
|turn|5
|
|t:|1758353915
|move|p2a: Dragonite|Roost|p2a: Dragonite
|-heal|p2a: Dragonite|100/100 brn
|-singleturn|p2a: Dragonite|move: Roost
|move|p1a: Alomomola|Flip Turn|p2a: Dragonite
|-resisted|p2a: Dragonite
|-damage|p2a: Dragonite|97/100 brn
|
|t:|1758353922
|switch|p1a: Toxapex|Toxapex, F|100/100|[from] Flip Turn
|
|-damage|p2a: Dragonite|91/100 brn|[from] brn
|upkeep
|turn|6
|inactive|randombananaYAY has 120 seconds left.
|
|t:|1758353946
|switch|p2a: Iron Crown|Iron Crown|100/100
|-damage|p2a: Iron Crown|88/100|[from] Spikes
|move|p1a: Toxapex|Haze|p1a: Toxapex
|-clearallboost
|
|upkeep
|turn|7
|
|t:|1758353956
|move|p2a: Iron Crown|Psyshock|p1a: Toxapex
|-supereffective|p1a: Toxapex
|-damage|p1a: Toxapex|5/100
|move|p1a: Toxapex|Infestation|p2a: Iron Crown
|-damage|p2a: Iron Crown|85/100
|-activate|p2a: Iron Crown|move: Infestation|[of] p1a: Toxapex
|
|-damage|p2a: Iron Crown|72/100|[from] move: Infestation|[partiallytrapped]
|upkeep
|turn|8
|
|t:|1758353968
|move|p1a: Toxapex|Baneful Bunker|p1a: Toxapex
|-singleturn|p1a: Toxapex|move: Protect
|move|p2a: Iron Crown|Psyshock|p1a: Toxapex
|-activate|p1a: Toxapex|move: Protect
|
|-damage|p2a: Iron Crown|60/100|[from] move: Infestation|[partiallytrapped]
|upkeep
|turn|9
|
|t:|1758353987
|switch|p1a: Alomomola|Alomomola, M|100/100
|move|p2a: Iron Crown|Psyshock|p1a: Alomomola
|-damage|p1a: Alomomola|70/100
|
|-end|p2a: Iron Crown|Infestation|[partiallytrapped]|[silent]
|upkeep
|turn|10
|
|t:|1758353997
|-end|p2a: Iron Crown|Quark Drive|[silent]
|switch|p2a: Zapdos|Zapdos|100/100
|move|p1a: Alomomola|Wish|p1a: Alomomola
|
|upkeep
|turn|11
|
|t:|1758354005
|switch|p1a: Gliscor|Gliscor, M|88/100 brn
|move|p2a: Zapdos|Volt Switch|p1a: Gliscor
|-immune|p1a: Gliscor
|
|-heal|p1a: Gliscor|100/100 brn|[from] move: Wish|[wisher] Alomomola
|-damage|p1a: Gliscor|94/100 brn|[from] brn
|upkeep
|turn|12
|
|t:|1758354011
|move|p2a: Zapdos|Hurricane|p1a: Gliscor
|-damage|p1a: Gliscor|49/100 brn
|move|p1a: Gliscor|Knock Off|p2a: Zapdos
|-damage|p2a: Zapdos|88/100
|-enditem|p2a: Zapdos|Heavy-Duty Boots|[from] move: Knock Off|[of] p1a: Gliscor
|
|-damage|p1a: Gliscor|43/100 brn|[from] brn
|upkeep
|turn|13
|
|t:|1758354020
|switch|p1a: Alomomola|Alomomola, M|100/100
|move|p2a: Zapdos|Hurricane|p1a: Alomomola|[miss]
|-miss|p2a: Zapdos|p1a: Alomomola
|
|upkeep
|turn|14
|
|t:|1758354029
|switch|p2a: Iron Crown|Iron Crown|60/100
|-damage|p2a: Iron Crown|48/100|[from] Spikes
|switch|p1a: Clodsire|Clodsire, M|100/100
|
|upkeep
|turn|15
|
|t:|1758354035
|switch|p1a: Alomomola|Alomomola, M|100/100
|move|p2a: Iron Crown|Psyshock|p1a: Alomomola
|-damage|p1a: Alomomola|71/100
|
|upkeep
|turn|16
|
|t:|1758354043
|-end|p2a: Iron Crown|Quark Drive|[silent]
|switch|p2a: Zapdos|Zapdos|88/100
|move|p1a: Alomomola|Scald|p2a: Zapdos
|-damage|p2a: Zapdos|74/100
|-status|p2a: Zapdos|brn
|
|-damage|p2a: Zapdos|68/100 brn|[from] brn
|upkeep
|turn|17
|
|t:|1758354050
|switch|p2a: Iron Crown|Iron Crown|48/100
|-damage|p2a: Iron Crown|35/100|[from] Spikes
|switch|p1a: Clodsire|Clodsire, M|100/100
|
|upkeep
|turn|18
|
|t:|1758354061
|switch|p1a: Alomomola|Alomomola, M|100/100
|move|p2a: Iron Crown|Psyshock|p1a: Alomomola
|-damage|p1a: Alomomola|69/100
|
|upkeep
|turn|19
|
|t:|1758354070
|move|p2a: Iron Crown|Psyshock|p1a: Alomomola
|-damage|p1a: Alomomola|36/100
|move|p1a: Alomomola|Wish|p1a: Alomomola
|
|upkeep
|turn|20
|
|t:|1758354078
|move|p1a: Alomomola|Protect|p1a: Alomomola
|-singleturn|p1a: Alomomola|Protect
|move|p2a: Iron Crown|Psyshock|p1a: Alomomola
|-activate|p1a: Alomomola|move: Protect
|
|-heal|p1a: Alomomola|86/100|[from] move: Wish|[wisher] Alomomola
|upkeep
|turn|21
|
|t:|1758354085
|-end|p2a: Iron Crown|Quark Drive|[silent]
|switch|p2a: Zapdos|Zapdos|68/100 brn
|move|p1a: Alomomola|Scald|p2a: Zapdos
|-damage|p2a: Zapdos|51/100 brn
|
|-damage|p2a: Zapdos|45/100 brn|[from] brn
|upkeep
|turn|22
|
|t:|1758354093
|switch|p1a: Toxapex|Toxapex, F|39/100
|move|p2a: Zapdos|Roost|p2a: Zapdos
|-heal|p2a: Zapdos|95/100 brn
|-singleturn|p2a: Zapdos|move: Roost
|
|-damage|p2a: Zapdos|89/100 brn|[from] brn
|upkeep
|turn|23
|
|t:|1758354099
|switch|p2a: Iron Crown|Iron Crown|35/100
|-damage|p2a: Iron Crown|23/100|[from] Spikes
|switch|p1a: Clodsire|Clodsire, M|100/100
|
|upkeep
|turn|24
|
|t:|1758354107
|switch|p1a: Alomomola|Alomomola, M|100/100
|move|p2a: Iron Crown|Psyshock|p1a: Alomomola
|-damage|p1a: Alomomola|69/100
|
|upkeep
|turn|25
|
|t:|1758354114
|-end|p2a: Iron Crown|Quark Drive|[silent]
|switch|p2a: Weezing|Weezing-Galar, F|93/100
|-ability|p2a: Weezing|Neutralizing Gas
|-damage|p2a: Weezing|81/100|[from] Spikes
|move|p1a: Alomomola|Scald|p2a: Weezing
|-damage|p2a: Weezing|63/100
|-status|p2a: Weezing|brn
|
|-damage|p2a: Weezing|57/100 brn|[from] brn
|upkeep
|turn|26
|
|t:|1758354126
|switch|p1a: Gliscor|Gliscor, M|43/100 brn
|move|p2a: Weezing|Will-O-Wisp|p1a: Gliscor
|-fail|p1a: Gliscor|brn
|
|-damage|p1a: Gliscor|37/100 brn|[from] brn
|-damage|p2a: Weezing|51/100 brn|[from] brn
|upkeep
|turn|27
|
|t:|1758354133
|move|p1a: Gliscor|Knock Off|p2a: Weezing
|-resisted|p2a: Weezing
|-damage|p2a: Weezing|49/100 brn
|move|p2a: Weezing|Defog|p1a: Gliscor
|-unboost|p1a: Gliscor|evasion|1
|-sideend|p2: Shibuya Arc|Spikes|[from] move: Defog|[of] p2a: Weezing
|
|-damage|p1a: Gliscor|31/100 brn|[from] brn
|-damage|p2a: Weezing|43/100 brn|[from] brn
|upkeep
|turn|28
|
|t:|1758354144
|-end|p2a: Weezing|ability: Neutralizing Gas
|switch|p2a: Dragonite|Dragonite, F|91/100 brn
|move|p1a: Gliscor|Spikes|p2a: Dragonite
|-sidestart|p2: Shibuya Arc|Spikes
|
|-damage|p2a: Dragonite|85/100 brn|[from] brn
|-damage|p1a: Gliscor|25/100 brn|[from] brn
|upkeep
|turn|29
|
|t:|1758354150
|switch|p1a: Alomomola|Alomomola, M|69/100
|move|p2a: Dragonite|Dragon Dance|p2a: Dragonite
|-boost|p2a: Dragonite|atk|1
|-boost|p2a: Dragonite|spe|1
|
|-damage|p2a: Dragonite|79/100 brn|[from] brn
|upkeep
|turn|30
|
|t:|1758354156
|move|p2a: Dragonite|Dragon Dance|p2a: Dragonite
|-boost|p2a: Dragonite|atk|1
|-boost|p2a: Dragonite|spe|1
|move|p1a: Alomomola|Wish|p1a: Alomomola
|
|-damage|p2a: Dragonite|73/100 brn|[from] brn
|upkeep
|turn|31
|
|t:|1758354162
|move|p2a: Dragonite|Dragon Dance|p2a: Dragonite
|-boost|p2a: Dragonite|atk|1
|-boost|p2a: Dragonite|spe|1
|move|p1a: Alomomola|Flip Turn|p2a: Dragonite
|-resisted|p2a: Dragonite
|-crit|p2a: Dragonite
|-damage|p2a: Dragonite|61/100 brn
|
|t:|1758354165
|switch|p1a: Gliscor|Gliscor, M|25/100 brn|[from] Flip Turn
|
|-heal|p1a: Gliscor|99/100 brn|[from] move: Wish|[wisher] Alomomola
|-damage|p2a: Dragonite|55/100 brn|[from] brn
|-damage|p1a: Gliscor|94/100 brn|[from] brn
|upkeep
|turn|32
|
|t:|1758354175
|switch|p1a: Dondozo|Dondozo, M|100/100
|move|p2a: Dragonite|Earthquake|p1a: Dondozo
|-damage|p1a: Dondozo|93/100
|
|-damage|p2a: Dragonite|49/100 brn|[from] brn
|upkeep
|turn|33
|
|t:|1758354185
|move|p2a: Dragonite|Roost|p2a: Dragonite
|-heal|p2a: Dragonite|99/100 brn
|-singleturn|p2a: Dragonite|move: Roost
|move|p1a: Dondozo|Avalanche|p2a: Dragonite
|-supereffective|p2a: Dragonite
|-damage|p2a: Dragonite|72/100 brn
|
|-damage|p2a: Dragonite|66/100 brn|[from] brn
|upkeep
|turn|34
|
|t:|1758354194
|move|p2a: Dragonite|Roost|p2a: Dragonite
|-heal|p2a: Dragonite|100/100 brn
|-singleturn|p2a: Dragonite|move: Roost
|move|p1a: Dondozo|Avalanche|p2a: Dragonite
|-supereffective|p2a: Dragonite
|-damage|p2a: Dragonite|86/100 brn
|
|-damage|p2a: Dragonite|80/100 brn|[from] brn
|upkeep
|turn|35
|
|t:|1758354204
|switch|p1a: Toxapex|Toxapex, F|72/100
|move|p2a: Dragonite|Roost|p2a: Dragonite
|-heal|p2a: Dragonite|100/100 brn
|-singleturn|p2a: Dragonite|move: Roost
|
|-damage|p2a: Dragonite|94/100 brn|[from] brn
|upkeep
|turn|36
|
|t:|1758354211
|switch|p1a: Gliscor|Gliscor, M|94/100 brn
|move|p2a: Dragonite|Earthquake|p1a: Gliscor
|-immune|p1a: Gliscor
|
|-damage|p2a: Dragonite|88/100 brn|[from] brn
|-damage|p1a: Gliscor|88/100 brn|[from] brn
|upkeep
|turn|37
|
|t:|1758354224
|move|p2a: Dragonite|Earthquake|p1a: Gliscor
|-immune|p1a: Gliscor
|move|p1a: Gliscor|Spikes|p2a: Dragonite
|-sidestart|p2: Shibuya Arc|Spikes
|
|-damage|p2a: Dragonite|82/100 brn|[from] brn
|-damage|p1a: Gliscor|81/100 brn|[from] brn
|upkeep
|turn|38
|
|t:|1758354230
|move|p2a: Dragonite|Earthquake|p1a: Gliscor
|-immune|p1a: Gliscor
|move|p1a: Gliscor|Spikes|p2a: Dragonite
|-sidestart|p2: Shibuya Arc|Spikes
|
|-damage|p2a: Dragonite|76/100 brn|[from] brn
|-damage|p1a: Gliscor|75/100 brn|[from] brn
|upkeep
|turn|39
|
|t:|1758354242
|switch|p1a: Dondozo|Dondozo, M|93/100
|move|p2a: Dragonite|Earthquake|p1a: Dondozo
|-damage|p1a: Dondozo|84/100
|
|-damage|p2a: Dragonite|70/100 brn|[from] brn
|upkeep
|turn|40
|
|t:|1758354248
|move|p2a: Dragonite|Roost|p2a: Dragonite
|-heal|p2a: Dragonite|100/100 brn
|-singleturn|p2a: Dragonite|move: Roost
|move|p1a: Dondozo|Curse|p1a: Dondozo
|-unboost|p1a: Dondozo|spe|1
|-boost|p1a: Dondozo|atk|1
|-boost|p1a: Dondozo|def|1
|
|-damage|p2a: Dragonite|94/100 brn|[from] brn
|upkeep
|turn|41
|
|t:|1758354255
|-terastallize|p2a: Dragonite|Normal
|move|p2a: Dragonite|Dragon Dance|p2a: Dragonite
|-boost|p2a: Dragonite|atk|1
|-boost|p2a: Dragonite|spe|1
|move|p1a: Dondozo|Curse|p1a: Dondozo
|-unboost|p1a: Dondozo|spe|1
|-boost|p1a: Dondozo|atk|1
|-boost|p1a: Dondozo|def|1
|
|-damage|p2a: Dragonite|88/100 brn|[from] brn
|upkeep
|turn|42
|
|t:|1758354262
|move|p2a: Dragonite|Extreme Speed|p1a: Dondozo
|-damage|p1a: Dondozo|79/100
|move|p1a: Dondozo|Curse|p1a: Dondozo
|-unboost|p1a: Dondozo|spe|1
|-boost|p1a: Dondozo|atk|1
|-boost|p1a: Dondozo|def|1
|
|-damage|p2a: Dragonite|82/100 brn|[from] brn
|upkeep
|turn|43
|
|t:|1758354269
|move|p2a: Dragonite|Roost|p2a: Dragonite
|-heal|p2a: Dragonite|100/100 brn
|move|p1a: Dondozo|Avalanche|p2a: Dragonite
|-damage|p2a: Dragonite|84/100 brn
|
|-damage|p2a: Dragonite|78/100 brn|[from] brn
|upkeep
|turn|44
|
|t:|1758354275
|switch|p2a: Iron Crown|Iron Crown|23/100
|-damage|p2a: Iron Crown|0 fnt|[from] Spikes
|faint|p2a: Iron Crown
|-end|p2a: Iron Crown|Quark Drive|[silent]
|move|p1a: Dondozo|Curse|p1a: Dondozo
|-unboost|p1a: Dondozo|spe|1
|-boost|p1a: Dondozo|atk|1
|-boost|p1a: Dondozo|def|1
|
|upkeep
|
|t:|1758354281
|switch|p2a: Weezing|Weezing-Galar, F|43/100 brn
|-ability|p2a: Weezing|Neutralizing Gas
|-damage|p2a: Weezing|18/100 brn|[from] Spikes
|turn|45
|
|t:|1758354288
|switch|p1a: Gliscor|Gliscor, M|75/100 brn
|move|p2a: Weezing|Pain Split|p1a: Gliscor
|-sethp|p1a: Gliscor|46/100 brn|[from] move: Pain Split|[silent]
|-sethp|p2a: Weezing|49/100 brn|[from] move: Pain Split
|
|-damage|p1a: Gliscor|40/100 brn|[from] brn
|-damage|p2a: Weezing|43/100 brn|[from] brn
|upkeep
|turn|46
|
|t:|1758354294
|move|p1a: Gliscor|Earthquake|p2a: Weezing
|-supereffective|p2a: Weezing
|-damage|p2a: Weezing|19/100 brn
|move|p2a: Weezing|Defog|p1a: Gliscor
|-unboost|p1a: Gliscor|evasion|1
|-sideend|p2: Shibuya Arc|Spikes|[from] move: Defog|[of] p2a: Weezing
|
|-damage|p1a: Gliscor|34/100 brn|[from] brn
|-damage|p2a: Weezing|13/100 brn|[from] brn
|upkeep
|turn|47
|
|t:|1758354301
|-end|p2a: Weezing|ability: Neutralizing Gas
|switch|p2a: Dragonite|Dragonite, F, tera:Normal|78/100 brn
|move|p1a: Gliscor|Spikes|p2a: Dragonite
|-sidestart|p2: Shibuya Arc|Spikes
|
|-damage|p2a: Dragonite|72/100 brn|[from] brn
|-damage|p1a: Gliscor|27/100 brn|[from] brn
|upkeep
|turn|48
|
|t:|1758354310
|move|p2a: Dragonite|Dragon Dance|p2a: Dragonite
|-boost|p2a: Dragonite|atk|1
|-boost|p2a: Dragonite|spe|1
|move|p1a: Gliscor|Spikes|p2a: Dragonite
|-sidestart|p2: Shibuya Arc|Spikes
|
|-damage|p2a: Dragonite|66/100 brn|[from] brn
|-damage|p1a: Gliscor|21/100 brn|[from] brn
|upkeep
|turn|49
|
|t:|1758354318
|switch|p1a: Dondozo|Dondozo, M|79/100
|move|p2a: Dragonite|Extreme Speed|p1a: Dondozo
|-damage|p1a: Dondozo|68/100
|
|-damage|p2a: Dragonite|60/100 brn|[from] brn
|upkeep
|turn|50
|
|t:|1758354324
|move|p2a: Dragonite|Earthquake|p1a: Dondozo
|-damage|p1a: Dondozo|60/100
|move|p1a: Dondozo|Curse|p1a: Dondozo
|-unboost|p1a: Dondozo|spe|1
|-boost|p1a: Dondozo|atk|1
|-boost|p1a: Dondozo|def|1
|
|-damage|p2a: Dragonite|54/100 brn|[from] brn
|upkeep
|turn|51
|
|t:|1758354331
|move|p2a: Dragonite|Roost|p2a: Dragonite
|-heal|p2a: Dragonite|100/100 brn
|move|p1a: Dondozo|Avalanche|p2a: Dragonite
|-damage|p2a: Dragonite|91/100 brn
|
|-damage|p2a: Dragonite|85/100 brn|[from] brn
|upkeep
|turn|52
|
|t:|1758354339
|switch|p2a: Zapdos|Zapdos|89/100 brn
|move|p1a: Dondozo|Rest|p1a: Dondozo
|-status|p1a: Dondozo|slp|[from] move: Rest
|-heal|p1a: Dondozo|100/100 slp|[silent]
|
|-damage|p2a: Zapdos|83/100 brn|[from] brn
|upkeep
|turn|53
|
|t:|1758354348
|switch|p2a: Ting-Lu|Ting-Lu|100/100
|-damage|p2a: Ting-Lu|84/100|[from] Spikes
|-ability|p2a: Ting-Lu|Vessel of Ruin
|switch|p1a: Clodsire|Clodsire, M|100/100
|
|-heal|p2a: Ting-Lu|90/100|[from] item: Leftovers
|upkeep
|turn|54
|
|t:|1758354356
|switch|p1a: Alomomola|Alomomola, M|100/100
|move|p2a: Ting-Lu|Earthquake|p1a: Alomomola
|-damage|p1a: Alomomola|82/100
|
|-heal|p2a: Ting-Lu|96/100|[from] item: Leftovers
|upkeep
|turn|55
|
|t:|1758354363
|move|p2a: Ting-Lu|Ruination|p1a: Alomomola
|-damage|p1a: Alomomola|41/100
|move|p1a: Alomomola|Wish|p1a: Alomomola
|
|-heal|p2a: Ting-Lu|100/100|[from] item: Leftovers
|upkeep
|turn|56
|
|t:|1758354370
|switch|p1a: Gliscor|Gliscor, M|21/100 brn
|move|p2a: Ting-Lu|Stealth Rock|p1a: Gliscor
|-sidestart|p1: randombananaYAY|move: Stealth Rock
|
|-heal|p1a: Gliscor|97/100 brn|[from] move: Wish|[wisher] Alomomola
|-damage|p1a: Gliscor|90/100 brn|[from] brn
|upkeep
|turn|57
|
|t:|1758354378
|move|p1a: Gliscor|Knock Off|p2a: Ting-Lu
|-resisted|p2a: Ting-Lu
|-damage|p2a: Ting-Lu|98/100
|-enditem|p2a: Ting-Lu|Leftovers|[from] move: Knock Off|[of] p1a: Gliscor
|move|p2a: Ting-Lu|Ruination|p1a: Gliscor
|-damage|p1a: Gliscor|45/100 brn
|
|-damage|p1a: Gliscor|39/100 brn|[from] brn
|upkeep
|turn|58
|
|t:|1758354387
|switch|p1a: Alomomola|Alomomola, M|75/100
|move|p2a: Ting-Lu|Ruination|p1a: Alomomola
|-damage|p1a: Alomomola|38/100
|
|upkeep
|turn|59
|
|t:|1758354394
|switch|p2a: Weezing|Weezing-Galar, F|13/100 brn
|-ability|p2a: Weezing|Neutralizing Gas
|-damage|p2a: Weezing|0 fnt|[from] Spikes
|faint|p2a: Weezing
|-end|p2a: Weezing|ability: Neutralizing Gas
|move|p1a: Alomomola|Wish|p1a: Alomomola
|
|upkeep
|
|t:|1758354401
|switch|p2a: Dragonite|Dragonite, F, tera:Normal|85/100 brn
|turn|60
|
|t:|1758354407
|move|p1a: Alomomola|Protect|p1a: Alomomola
|-singleturn|p1a: Alomomola|Protect
|move|p2a: Dragonite|Dragon Dance|p2a: Dragonite
|-boost|p2a: Dragonite|atk|1
|-boost|p2a: Dragonite|spe|1
|
|-heal|p1a: Alomomola|88/100|[from] move: Wish|[wisher] Alomomola
|-damage|p2a: Dragonite|79/100 brn|[from] brn
|upkeep
|turn|61
|
|t:|1758354413
|switch|p1a: Dondozo|Dondozo, M|100/100 slp
|move|p2a: Dragonite|Dragon Dance|p2a: Dragonite
|-boost|p2a: Dragonite|atk|1
|-boost|p2a: Dragonite|spe|1
|
|-damage|p2a: Dragonite|73/100 brn|[from] brn
|upkeep
|turn|62
|
|t:|1758354419
|move|p2a: Dragonite|Dragon Dance|p2a: Dragonite
|-boost|p2a: Dragonite|atk|1
|-boost|p2a: Dragonite|spe|1
|cant|p1a: Dondozo|slp
|move|p1a: Dondozo|Sleep Talk|p1a: Dondozo
|move|p1a: Dondozo|Rest||[from] move: Sleep Talk|[still]
|-fail|p1a: Dondozo
|
|-damage|p2a: Dragonite|67/100 brn|[from] brn
|upkeep
|turn|63
|
|t:|1758354425
|move|p2a: Dragonite|Earthquake|p1a: Dondozo
|-damage|p1a: Dondozo|91/100 slp
|cant|p1a: Dondozo|slp
|move|p1a: Dondozo|Sleep Talk|p1a: Dondozo
|move|p1a: Dondozo|Rest||[from] move: Sleep Talk|[still]
|-fail|p1a: Dondozo
|
|-damage|p2a: Dragonite|61/100 brn|[from] brn
|upkeep
|turn|64
|
|t:|1758354432
|move|p2a: Dragonite|Extreme Speed|p1a: Dondozo
|-damage|p1a: Dondozo|81/100 slp
|-curestatus|p1a: Dondozo|slp|[msg]
|move|p1a: Dondozo|Curse|p1a: Dondozo
|-unboost|p1a: Dondozo|spe|1
|-boost|p1a: Dondozo|atk|1
|-boost|p1a: Dondozo|def|1
|
|-damage|p2a: Dragonite|55/100 brn|[from] brn
|upkeep
|turn|65
|
|t:|1758354450
|move|p2a: Dragonite|Roost|p2a: Dragonite
|-heal|p2a: Dragonite|100/100 brn
|move|p1a: Dondozo|Avalanche|p2a: Dragonite
|-damage|p2a: Dragonite|90/100 brn
|
|-damage|p2a: Dragonite|84/100 brn|[from] brn
|upkeep
|turn|66
|
|t:|1758354459
|switch|p2a: Zapdos|Zapdos|83/100 brn
|move|p1a: Dondozo|Avalanche|p2a: Zapdos
|-supereffective|p2a: Zapdos
|-damage|p2a: Zapdos|35/100 brn
|-status|p1a: Dondozo|par|[from] ability: Static|[of] p2a: Zapdos
|
|-damage|p2a: Zapdos|29/100 brn|[from] brn
|upkeep
|turn|67
|
|t:|1758354468
|switch|p1a: Clodsire|Clodsire, M|100/100
|move|p2a: Zapdos|Roost|p2a: Zapdos
|-heal|p2a: Zapdos|79/100 brn
|-singleturn|p2a: Zapdos|move: Roost
|
|-damage|p2a: Zapdos|73/100 brn|[from] brn
|upkeep
|turn|68
|
|t:|1758354475
|switch|p1a: Blissey|Blissey, F|100/100
|move|p2a: Zapdos|Hurricane|p1a: Blissey
|-damage|p1a: Blissey|84/100
|
|-damage|p2a: Zapdos|67/100 brn|[from] brn
|upkeep
|turn|69
|
|t:|1758354485
|move|p2a: Zapdos|Volt Switch|p1a: Blissey
|-damage|p1a: Blissey|72/100
|
|t:|1758354493
|switch|p2a: Dragapult|Dragapult, M|100/100|[from] Volt Switch
|move|p1a: Blissey|Stealth Rock|p2a: Dragapult
|-sidestart|p2: Shibuya Arc|move: Stealth Rock
|
|upkeep
|turn|70
|
|t:|1758354501
|switch|p1a: Alomomola|Alomomola, M|100/100
|move|p2a: Dragapult|Dragon Darts|p1a: Alomomola
|-damage|p1a: Alomomola|90/100
|-anim|p2a: Dragapult|Dragon Darts|p1a: Alomomola
|-damage|p1a: Alomomola|79/100
|
|upkeep
|turn|71
|
|t:|1758354510
|move|p1a: Alomomola|Protect|p1a: Alomomola
|-singleturn|p1a: Alomomola|Protect
|move|p2a: Dragapult|Will-O-Wisp|p1a: Alomomola
|-activate|p1a: Alomomola|move: Protect
|
|upkeep
|turn|72
|
|t:|1758354525
|move|p2a: Dragapult|Will-O-Wisp|p1a: Alomomola
|-status|p1a: Alomomola|brn
|move|p1a: Alomomola|Flip Turn|p2a: Dragapult
|-resisted|p2a: Dragapult
|-damage|p2a: Dragapult|95/100
|
|t:|1758354528
|switch|p1a: Toxapex|Toxapex, F|100/100|[from] Flip Turn
|
|upkeep
|turn|73
|
|t:|1758354534
|move|p2a: Dragapult|Dragon Darts|p1a: Toxapex
|-damage|p1a: Toxapex|83/100
|-anim|p2a: Dragapult|Dragon Darts|p1a: Toxapex
|-damage|p1a: Toxapex|67/100
|move|p1a: Toxapex|Infestation|p2a: Dragapult
|-resisted|p2a: Dragapult
|-damage|p2a: Dragapult|93/100
|-activate|p2a: Dragapult|move: Infestation|[of] p1a: Toxapex
|-start|p1a: Toxapex|Disable|Infestation|[from] ability: Cursed Body|[of] p2a: Dragapult
|
|-damage|p2a: Dragapult|81/100|[from] move: Infestation|[partiallytrapped]
|upkeep
|turn|74
|
|t:|1758354545
|switch|p2a: Dragonite|Dragonite, F, tera:Normal|84/100 brn
|move|p1a: Toxapex|Baneful Bunker||[still]
|-fail|p1a: Toxapex
|
|-damage|p2a: Dragonite|78/100 brn|[from] brn
|upkeep
|turn|75
|
|t:|1758354556
|switch|p1a: Dondozo|Dondozo, M|81/100 par
|move|p2a: Dragonite|Dragon Dance|p2a: Dragonite
|-boost|p2a: Dragonite|atk|1
|-boost|p2a: Dragonite|spe|1
|
|-damage|p2a: Dragonite|72/100 brn|[from] brn
|upkeep
|turn|76
|
|t:|1758354563
|move|p2a: Dragonite|Dragon Dance|p2a: Dragonite
|-boost|p2a: Dragonite|atk|1
|-boost|p2a: Dragonite|spe|1
|move|p1a: Dondozo|Rest|p1a: Dondozo
|-status|p1a: Dondozo|slp|[from] move: Rest
|-heal|p1a: Dondozo|100/100 slp|[silent]
|
|-damage|p2a: Dragonite|66/100 brn|[from] brn
|upkeep
|turn|77
|
|t:|1758354570
|move|p2a: Dragonite|Earthquake|p1a: Dondozo
|-damage|p1a: Dondozo|92/100 slp
|cant|p1a: Dondozo|slp
|
|-damage|p2a: Dragonite|60/100 brn|[from] brn
|upkeep
|turn|78
|
|t:|1758354576
|switch|p2a: Zapdos|Zapdos|67/100 brn
|-damage|p2a: Zapdos|42/100 brn|[from] Stealth Rock
|cant|p1a: Dondozo|slp
|
|-damage|p2a: Zapdos|36/100 brn|[from] brn
|upkeep
|turn|79
|
|t:|1758354585
|switch|p1a: Clodsire|Clodsire, M|100/100
|move|p2a: Zapdos|Roost|p2a: Zapdos
|-heal|p2a: Zapdos|86/100 brn
|-singleturn|p2a: Zapdos|move: Roost
|
|-damage|p2a: Zapdos|80/100 brn|[from] brn
|upkeep
|turn|80
|
|t:|1758354592
|move|p2a: Zapdos|Hurricane|p1a: Clodsire
|-damage|p1a: Clodsire|68/100
|move|p1a: Clodsire|Amnesia|p1a: Clodsire
|-boost|p1a: Clodsire|spd|2
|
|-damage|p2a: Zapdos|74/100 brn|[from] brn
|upkeep
|turn|81
|
|t:|1758354604
|move|p2a: Zapdos|Roost|p2a: Zapdos
|-heal|p2a: Zapdos|100/100 brn
|-singleturn|p2a: Zapdos|move: Roost
|move|p1a: Clodsire|Poison Sting|p2a: Zapdos
|-damage|p2a: Zapdos|96/100 brn
|
|-damage|p2a: Zapdos|90/100 brn|[from] brn
|upkeep
|turn|82
|
|t:|1758354613
|switch|p2a: Dragapult|Dragapult, M|81/100
|move|p1a: Clodsire|Amnesia|p1a: Clodsire
|-boost|p1a: Clodsire|spd|2
|
|upkeep
|turn|83
|
|t:|1758354624
|move|p2a: Dragapult|Will-O-Wisp|p1a: Clodsire
|-status|p1a: Clodsire|brn
|move|p1a: Clodsire|Recover|p1a: Clodsire
|-heal|p1a: Clodsire|100/100 brn
|
|-damage|p1a: Clodsire|94/100 brn|[from] brn
|upkeep
|turn|84
|
|t:|1758354630
|move|p2a: Dragapult|Dragon Darts|p1a: Clodsire
|-damage|p1a: Clodsire|75/100 brn
|-anim|p2a: Dragapult|Dragon Darts|p1a: Clodsire
|-damage|p1a: Clodsire|56/100 brn
|move|p1a: Clodsire|Bulldoze|p2a: Dragapult
|-damage|p2a: Dragapult|71/100
|-unboost|p2a: Dragapult|spe|1
|-start|p1a: Clodsire|Disable|Bulldoze|[from] ability: Cursed Body|[of] p2a: Dragapult
|
|-damage|p1a: Clodsire|50/100 brn|[from] brn
|upkeep
|turn|85
|
|t:|1758354640
|move|p2a: Dragapult|Dragon Darts|p1a: Clodsire
|-damage|p1a: Clodsire|29/100 brn
|-anim|p2a: Dragapult|Dragon Darts|p1a: Clodsire
|-damage|p1a: Clodsire|10/100 brn
|move|p1a: Clodsire|Recover|p1a: Clodsire
|-heal|p1a: Clodsire|60/100 brn
|
|-damage|p1a: Clodsire|54/100 brn|[from] brn
|upkeep
|turn|86
|
|t:|1758354650
|switch|p1a: Alomomola|Alomomola, M|100/100 brn
|move|p2a: Dragapult|Dragon Darts|p1a: Alomomola
|-damage|p1a: Alomomola|88/100 brn
|-anim|p2a: Dragapult|Dragon Darts|p1a: Alomomola
|-damage|p1a: Alomomola|76/100 brn
|
|-damage|p1a: Alomomola|70/100 brn|[from] brn
|upkeep
|turn|87
|
|t:|1758354657
|switch|p1a: Toxapex|Toxapex, F|100/100
|move|p2a: Dragapult|Hex|p1a: Toxapex
|-damage|p1a: Toxapex|82/100
|
|upkeep
|turn|88
|
|t:|1758354667
|move|p2a: Dragapult|Dragon Darts|p1a: Toxapex
|-damage|p1a: Toxapex|66/100
|-anim|p2a: Dragapult|Dragon Darts|p1a: Toxapex
|-damage|p1a: Toxapex|49/100
|move|p1a: Toxapex|Infestation|p2a: Dragapult
|-resisted|p2a: Dragapult
|-damage|p2a: Dragapult|68/100
|-activate|p2a: Dragapult|move: Infestation|[of] p1a: Toxapex
|
|-damage|p2a: Dragapult|56/100|[from] move: Infestation|[partiallytrapped]
|upkeep
|turn|89
|
|t:|1758354676
|move|p2a: Dragapult|Dragon Darts|p1a: Toxapex
|-damage|p1a: Toxapex|34/100
|-anim|p2a: Dragapult|Dragon Darts|p1a: Toxapex
|-damage|p1a: Toxapex|18/100
|move|p1a: Toxapex|Recover|p1a: Toxapex
|-heal|p1a: Toxapex|68/100
|
|-damage|p2a: Dragapult|44/100|[from] move: Infestation|[partiallytrapped]
|upkeep
|turn|90
|
|t:|1758354688
|move|p2a: Dragapult|Hex|p1a: Toxapex
|-damage|p1a: Toxapex|50/100
|move|p1a: Toxapex|Infestation|p2a: Dragapult
|-resisted|p2a: Dragapult
|-damage|p2a: Dragapult|42/100
|-start|p1a: Toxapex|Disable|Infestation|[from] ability: Cursed Body|[of] p2a: Dragapult
|
|-damage|p2a: Dragapult|29/100|[from] move: Infestation|[partiallytrapped]
|upkeep
|turn|91
|
|t:|1758354697
|move|p2a: Dragapult|Dragon Darts|p1a: Toxapex
|-damage|p1a: Toxapex|33/100
|-anim|p2a: Dragapult|Dragon Darts|p1a: Toxapex
|-damage|p1a: Toxapex|14/100
|move|p1a: Toxapex|Recover|p1a: Toxapex
|-heal|p1a: Toxapex|65/100
|
|-damage|p2a: Dragapult|17/100|[from] move: Infestation|[partiallytrapped]
|upkeep
|turn|92
|
|t:|1758354704
|switch|p2a: Dragonite|Dragonite, F, tera:Normal|60/100 brn
|move|p1a: Toxapex|Baneful Bunker||[still]
|-fail|p1a: Toxapex
|
|-damage|p2a: Dragonite|54/100 brn|[from] brn
|upkeep
|turn|93
|
|t:|1758354715
|switch|p2a: Zapdos|Zapdos|90/100 brn
|-damage|p2a: Zapdos|65/100 brn|[from] Stealth Rock
|switch|p1a: Alomomola|Alomomola, M|100/100 brn
|
|-damage|p2a: Zapdos|59/100 brn|[from] brn
|-damage|p1a: Alomomola|94/100 brn|[from] brn
|upkeep
|turn|94
|
|t:|1758354723
|switch|p1a: Blissey|Blissey, F|72/100
|move|p2a: Zapdos|Roost|p2a: Zapdos
|-heal|p2a: Zapdos|100/100 brn
|-singleturn|p2a: Zapdos|move: Roost
|
|-damage|p2a: Zapdos|94/100 brn|[from] brn
|upkeep
|turn|95
|
|t:|1758354733
|switch|p2a: Dragapult|Dragapult, M|17/100
|switch|p1a: Clodsire|Clodsire, M|54/100 brn
|
|-damage|p1a: Clodsire|47/100 brn|[from] brn
|upkeep
|turn|96
|
|t:|1758354742
|switch|p1a: Toxapex|Toxapex, F|98/100
|move|p2a: Dragapult|Dragon Darts|p1a: Toxapex
|-damage|p1a: Toxapex|81/100
|-anim|p2a: Dragapult|Dragon Darts|p1a: Toxapex
|-damage|p1a: Toxapex|64/100
|
|upkeep
|turn|97
|
|t:|1758354749
|move|p2a: Dragapult|Will-O-Wisp|p1a: Toxapex
|-status|p1a: Toxapex|brn
|move|p1a: Toxapex|Infestation|p2a: Dragapult
|-resisted|p2a: Dragapult
|-damage|p2a: Dragapult|15/100
|-activate|p2a: Dragapult|move: Infestation|[of] p1a: Toxapex
|-start|p1a: Toxapex|Disable|Infestation|[from] ability: Cursed Body|[of] p2a: Dragapult
|
|-damage|p1a: Toxapex|58/100 brn|[from] brn
|-damage|p2a: Dragapult|2/100|[from] move: Infestation|[partiallytrapped]
|upkeep
|turn|98
|
|t:|1758354757
|switch|p2a: Dragonite|Dragonite, F, tera:Normal|54/100 brn
|move|p1a: Toxapex|Recover|p1a: Toxapex
|-heal|p1a: Toxapex|100/100 brn
|
|-damage|p2a: Dragonite|48/100 brn|[from] brn
|-damage|p1a: Toxapex|95/100 brn|[from] brn
|upkeep
|turn|99
|
|t:|1758354774
|switch|p2a: Zapdos|Zapdos|94/100 brn
|-damage|p2a: Zapdos|70/100 brn|[from] Stealth Rock
|switch|p1a: Alomomola|Alomomola, M|100/100 brn
|
|-damage|p2a: Zapdos|64/100 brn|[from] brn
|-damage|p1a: Alomomola|94/100 brn|[from] brn
|upkeep
|turn|100
|
|t:|1758354781
|switch|p1a: Blissey|Blissey, F|72/100
|move|p2a: Zapdos|Roost|p2a: Zapdos
|-heal|p2a: Zapdos|100/100 brn
|-singleturn|p2a: Zapdos|move: Roost
|
|-damage|p2a: Zapdos|94/100 brn|[from] brn
|upkeep
|turn|101
|
|t:|1758354790
|switch|p2a: Dragapult|Dragapult, M|2/100
|switch|p1a: Clodsire|Clodsire, M|47/100 brn
|
|-damage|p1a: Clodsire|41/100 brn|[from] brn
|upkeep
|turn|102
|
|t:|1758354799
|move|p2a: Dragapult|Dragon Darts|p1a: Clodsire
|-damage|p1a: Clodsire|20/100 brn
|-anim|p2a: Dragapult|Dragon Darts|p1a: Clodsire
|-damage|p1a: Clodsire|0 fnt
|faint|p1a: Clodsire
|
|upkeep
|
|t:|1758354801
|switch|p1a: Toxapex|Toxapex, F|100/100 brn
|turn|103
|
|t:|1758354808
|switch|p2a: Zapdos|Zapdos|94/100 brn
|-damage|p2a: Zapdos|70/100 brn|[from] Stealth Rock
|move|p1a: Toxapex|Infestation|p2a: Zapdos
|-resisted|p2a: Zapdos
|-damage|p2a: Zapdos|68/100 brn
|-activate|p2a: Zapdos|move: Infestation|[of] p1a: Toxapex
|
|-damage|p2a: Zapdos|62/100 brn|[from] brn
|-damage|p1a: Toxapex|95/100 brn|[from] brn
|-damage|p2a: Zapdos|49/100 brn|[from] move: Infestation|[partiallytrapped]
|upkeep
|turn|104
|
|t:|1758354822
|switch|p1a: Blissey|Blissey, F|72/100
|move|p2a: Zapdos|Roost|p2a: Zapdos
|-heal|p2a: Zapdos|99/100 brn
|-singleturn|p2a: Zapdos|move: Roost
|
|-damage|p2a: Zapdos|94/100 brn|[from] brn
|-end|p2a: Zapdos|Infestation|[partiallytrapped]|[silent]
|upkeep
|turn|105
|
|t:|1758354829
|move|p2a: Zapdos|Volt Switch|p1a: Blissey
|-damage|p1a: Blissey|61/100
|
|t:|1758354836
|switch|p2a: Dragapult|Dragapult, M|2/100|[from] Volt Switch
|move|p1a: Blissey|Soft-Boiled|p1a: Blissey
|-heal|p1a: Blissey|100/100
|
|upkeep
|turn|106
|
|t:|1758354842
|switch|p1a: Toxapex|Toxapex, F|100/100 brn
|move|p2a: Dragapult|Dragon Darts|p1a: Toxapex
|-damage|p1a: Toxapex|85/100 brn
|-anim|p2a: Dragapult|Dragon Darts|p1a: Toxapex
|-damage|p1a: Toxapex|69/100 brn
|
|-damage|p1a: Toxapex|64/100 brn|[from] brn
|upkeep
|turn|107
|
|t:|1758354850
|move|p2a: Dragapult|Dragon Darts|p1a: Toxapex
|-damage|p1a: Toxapex|47/100 brn
|-anim|p2a: Dragapult|Dragon Darts|p1a: Toxapex
|-crit|p1a: Toxapex
|-damage|p1a: Toxapex|22/100 brn
|move|p1a: Toxapex|Infestation|p2a: Dragapult
|-resisted|p2a: Dragapult
|-damage|p2a: Dragapult|0 fnt
|faint|p2a: Dragapult
|
|-damage|p1a: Toxapex|16/100 brn|[from] brn
|upkeep
|
|t:|1758354859
|switch|p2a: Ting-Lu|Ting-Lu|98/100
|-damage|p2a: Ting-Lu|81/100|[from] Spikes
|-damage|p2a: Ting-Lu|75/100|[from] Stealth Rock
|-ability|p2a: Ting-Lu|Vessel of Ruin
|turn|108
|
|t:|1758354867
|switch|p1a: Alomomola|Alomomola, M|100/100 brn
|move|p2a: Ting-Lu|Ruination|p1a: Alomomola
|-damage|p1a: Alomomola|50/100 brn
|
|-damage|p1a: Alomomola|44/100 brn|[from] brn
|upkeep
|turn|109
|
|t:|1758354874
|move|p2a: Ting-Lu|Ruination|p1a: Alomomola
|-damage|p1a: Alomomola|22/100 brn
|move|p1a: Alomomola|Wish|p1a: Alomomola
|
|-damage|p1a: Alomomola|16/100 brn|[from] brn
|upkeep
|turn|110
|
|t:|1758354880
|move|p1a: Alomomola|Protect|p1a: Alomomola
|-singleturn|p1a: Alomomola|Protect
|move|p2a: Ting-Lu|Earthquake|p1a: Alomomola
|-activate|p1a: Alomomola|move: Protect
|
|-heal|p1a: Alomomola|66/100 brn|[from] move: Wish|[wisher] Alomomola
|-damage|p1a: Alomomola|60/100 brn|[from] brn
|upkeep
|turn|111
|
|t:|1758354887
|move|p2a: Ting-Lu|Ruination|p1a: Alomomola
|-damage|p1a: Alomomola|30/100 brn
|move|p1a: Alomomola|Wish|p1a: Alomomola
|
|-damage|p1a: Alomomola|24/100 brn|[from] brn
|upkeep
|turn|112
|
|t:|1758354894
|switch|p1a: Gliscor|Gliscor, M|39/100 brn
|-damage|p1a: Gliscor|27/100 brn|[from] Stealth Rock
|move|p2a: Ting-Lu|Earthquake|p1a: Gliscor
|-immune|p1a: Gliscor
|
|-heal|p1a: Gliscor|100/100 brn|[from] move: Wish|[wisher] Alomomola
|-damage|p1a: Gliscor|94/100 brn|[from] brn
|upkeep
|turn|113
|
|t:|1758354908
|move|p1a: Gliscor|Earthquake|p2a: Ting-Lu
|-damage|p2a: Ting-Lu|66/100
|move|p2a: Ting-Lu|Ruination|p1a: Gliscor
|-damage|p1a: Gliscor|47/100 brn
|
|-damage|p1a: Gliscor|41/100 brn|[from] brn
|upkeep
|turn|114
|
|t:|1758354916
|move|p1a: Gliscor|Protect|p1a: Gliscor
|-singleturn|p1a: Gliscor|Protect
|move|p2a: Ting-Lu|Ruination|p1a: Gliscor
|-activate|p1a: Gliscor|move: Protect
|
|-damage|p1a: Gliscor|35/100 brn|[from] brn
|upkeep
|turn|115
|
|t:|1758354922
|switch|p1a: Alomomola|Alomomola, M|57/100 brn
|move|p2a: Ting-Lu|Ruination|p1a: Alomomola
|-damage|p1a: Alomomola|29/100 brn
|
|-damage|p1a: Alomomola|23/100 brn|[from] brn
|upkeep
|turn|116
|
|t:|1758354930
|switch|p1a: Gliscor|Gliscor, M|35/100 brn
|-damage|p1a: Gliscor|23/100 brn|[from] Stealth Rock
|move|p2a: Ting-Lu|Ruination|p1a: Gliscor
|-damage|p1a: Gliscor|12/100 brn
|
|-damage|p1a: Gliscor|5/100 brn|[from] brn
|upkeep
|turn|117
|
|t:|1758354943
|move|p1a: Gliscor|Earthquake|p2a: Ting-Lu
|-damage|p2a: Ting-Lu|57/100
|move|p2a: Ting-Lu|Ruination|p1a: Gliscor
|-damage|p1a: Gliscor|3/100 brn
|
|-damage|p1a: Gliscor|0 fnt|[from] brn
|faint|p1a: Gliscor
|upkeep
|
|t:|1758354946
|switch|p1a: Alomomola|Alomomola, M|56/100 brn
|turn|118
|j| wgw2333
|
|t:|1758354956
|move|p2a: Ting-Lu|Ruination|p1a: Alomomola
|-damage|p1a: Alomomola|28/100 brn
|move|p1a: Alomomola|Wish|p1a: Alomomola
|
|-damage|p1a: Alomomola|22/100 brn|[from] brn
|upkeep
|turn|119
|
|t:|1758354963
|move|p1a: Alomomola|Protect|p1a: Alomomola
|-singleturn|p1a: Alomomola|Protect
|move|p2a: Ting-Lu|Earthquake|p1a: Alomomola
|-activate|p1a: Alomomola|move: Protect
|
|-heal|p1a: Alomomola|72/100 brn|[from] move: Wish|[wisher] Alomomola
|-damage|p1a: Alomomola|66/100 brn|[from] brn
|upkeep
|turn|120
|
|t:|1758354969
|move|p2a: Ting-Lu|Ruination|p1a: Alomomola
|-damage|p1a: Alomomola|33/100 brn
|move|p1a: Alomomola|Wish|p1a: Alomomola
|
|-damage|p1a: Alomomola|27/100 brn|[from] brn
|upkeep
|turn|121
|
|t:|1758354976
|move|p1a: Alomomola|Protect|p1a: Alomomola
|-singleturn|p1a: Alomomola|Protect
|move|p2a: Ting-Lu|Earthquake|p1a: Alomomola
|-activate|p1a: Alomomola|move: Protect
|
|-heal|p1a: Alomomola|77/100 brn|[from] move: Wish|[wisher] Alomomola
|-damage|p1a: Alomomola|71/100 brn|[from] brn
|upkeep
|turn|122
|
|t:|1758354982
|move|p2a: Ting-Lu|Ruination|p1a: Alomomola
|-damage|p1a: Alomomola|36/100 brn
|move|p1a: Alomomola|Wish|p1a: Alomomola
|
|-damage|p1a: Alomomola|30/100 brn|[from] brn
|upkeep
|turn|123
|
|t:|1758354989
|move|p1a: Alomomola|Protect|p1a: Alomomola
|-singleturn|p1a: Alomomola|Protect
|move|p2a: Ting-Lu|Earthquake|p1a: Alomomola
|-activate|p1a: Alomomola|move: Protect
|
|-heal|p1a: Alomomola|80/100 brn|[from] move: Wish|[wisher] Alomomola
|-damage|p1a: Alomomola|73/100 brn|[from] brn
|upkeep
|turn|124
|
|t:|1758354995
|move|p2a: Ting-Lu|Ruination|p1a: Alomomola
|-damage|p1a: Alomomola|37/100 brn
|move|p1a: Alomomola|Wish|p1a: Alomomola
|
|-damage|p1a: Alomomola|31/100 brn|[from] brn
|upkeep
|turn|125
|
|t:|1758355002
|move|p1a: Alomomola|Protect|p1a: Alomomola
|-singleturn|p1a: Alomomola|Protect
|move|p2a: Ting-Lu|Whirlwind|p1a: Alomomola
|drag|p1a: Toxapex|Toxapex, F|49/100 brn
|
|-heal|p1a: Toxapex|100/100 brn|[from] move: Wish|[wisher] Alomomola
|-damage|p1a: Toxapex|95/100 brn|[from] brn
|upkeep
|turn|126
|
|t:|1758355011
|switch|p1a: Alomomola|Alomomola, M|64/100 brn
|move|p2a: Ting-Lu|Ruination|p1a: Alomomola
|-damage|p1a: Alomomola|32/100 brn
|
|-damage|p1a: Alomomola|26/100 brn|[from] brn
|upkeep
|turn|127
|
|t:|1758355036
|-terastallize|p1a: Alomomola|Flying
|move|p2a: Ting-Lu|Earthquake|p1a: Alomomola
|-immune|p1a: Alomomola
|move|p1a: Alomomola|Scald|p2a: Ting-Lu
|-supereffective|p2a: Ting-Lu
|-damage|p2a: Ting-Lu|46/100
|
|-damage|p1a: Alomomola|20/100 brn|[from] brn
|upkeep
|turn|128
|
|t:|1758355044
|switch|p1a: Dondozo|Dondozo, M|92/100 slp
|move|p2a: Ting-Lu|Earthquake|p1a: Dondozo
|-damage|p1a: Dondozo|75/100 slp
|
|upkeep
|turn|129
|
|t:|1758355051
|move|p2a: Ting-Lu|Earthquake|p1a: Dondozo
|-damage|p1a: Dondozo|59/100 slp
|-curestatus|p1a: Dondozo|slp|[msg]
|move|p1a: Dondozo|Avalanche|p2a: Ting-Lu
|-supereffective|p2a: Ting-Lu
|-damage|p2a: Ting-Lu|15/100
|
|upkeep
|turn|130
|
|t:|1758355060
|switch|p1a: Alomomola|Alomomola, M, tera:Flying|53/100 brn
|move|p2a: Ting-Lu|Earthquake|p1a: Alomomola
|-immune|p1a: Alomomola
|
|-damage|p1a: Alomomola|47/100 brn|[from] brn
|upkeep
|turn|131
|
|t:|1758355067
|move|p1a: Alomomola|Wish|p1a: Alomomola
|move|p2a: Ting-Lu|Whirlwind|p1a: Alomomola
|drag|p1a: Toxapex|Toxapex, F|100/100 brn
|
|-damage|p1a: Toxapex|95/100 brn|[from] brn
|upkeep
|turn|132
|
|t:|1758355073
|switch|p1a: Alomomola|Alomomola, M, tera:Flying|80/100 brn
|move|p2a: Ting-Lu|Whirlwind|p1a: Alomomola
|drag|p1a: Blissey|Blissey, F|100/100
|
|upkeep
|turn|133
|
|t:|1758355079
|switch|p1a: Alomomola|Alomomola, M, tera:Flying|100/100 brn
|move|p2a: Ting-Lu|Earthquake|p1a: Alomomola
|-immune|p1a: Alomomola
|
|-damage|p1a: Alomomola|94/100 brn|[from] brn
|upkeep
|turn|134
|
|t:|1758355088
|move|p2a: Ting-Lu|Earthquake|p1a: Alomomola
|-immune|p1a: Alomomola
|move|p1a: Alomomola|Scald|p2a: Ting-Lu
|-supereffective|p2a: Ting-Lu
|-damage|p2a: Ting-Lu|4/100
|
|-damage|p1a: Alomomola|88/100 brn|[from] brn
|upkeep
|turn|135
|
|t:|1758355095
|move|p1a: Alomomola|Scald|p2a: Ting-Lu
|-supereffective|p2a: Ting-Lu
|-damage|p2a: Ting-Lu|0 fnt
|faint|p2a: Ting-Lu
|
|-damage|p1a: Alomomola|82/100 brn|[from] brn
|upkeep
|
|t:|1758355102
|switch|p2a: Zapdos|Zapdos|94/100 brn
|-damage|p2a: Zapdos|69/100 brn|[from] Stealth Rock
|turn|136
|
|t:|1758355108
|switch|p1a: Blissey|Blissey, F|100/100
|move|p2a: Zapdos|Hurricane|p1a: Blissey|[miss]
|-miss|p2a: Zapdos|p1a: Blissey
|
|-damage|p2a: Zapdos|63/100 brn|[from] brn
|upkeep
|turn|137
|
|t:|1758355119
|move|p2a: Zapdos|Hurricane|p1a: Blissey
|-damage|p1a: Blissey|82/100
|-start|p1a: Blissey|confusion
|-activate|p1a: Blissey|confusion
|move|p1a: Blissey|Seismic Toss|p2a: Zapdos
|-damage|p2a: Zapdos|33/100 brn
|
|-damage|p2a: Zapdos|26/100 brn|[from] brn
|upkeep
|turn|138
|
|t:|1758355127
|move|p2a: Zapdos|Roost|p2a: Zapdos
|-heal|p2a: Zapdos|77/100 brn
|-singleturn|p2a: Zapdos|move: Roost
|-end|p1a: Blissey|confusion
|move|p1a: Blissey|Seismic Toss|p2a: Zapdos
|-damage|p2a: Zapdos|46/100 brn
|
|-damage|p2a: Zapdos|40/100 brn|[from] brn
|upkeep
|turn|139
|
|t:|1758355134
|move|p2a: Zapdos|Hurricane|p1a: Blissey
|-damage|p1a: Blissey|64/100
|move|p1a: Blissey|Seismic Toss|p2a: Zapdos
|-damage|p2a: Zapdos|10/100 brn
|-status|p1a: Blissey|par|[from] ability: Static|[of] p2a: Zapdos
|
|-damage|p2a: Zapdos|4/100 brn|[from] brn
|upkeep
|turn|140
|
|t:|1758355143
|move|p2a: Zapdos|Hurricane|p1a: Blissey
|-damage|p1a: Blissey|48/100 par
|move|p1a: Blissey|Soft-Boiled|p1a: Blissey
|-heal|p1a: Blissey|98/100 par
|
|-damage|p2a: Zapdos|0 fnt|[from] brn
|faint|p2a: Zapdos
|upkeep
|
|t:|1758355150
|switch|p2a: Dragonite|Dragonite, F, tera:Normal|48/100 brn
|turn|141
|
|t:|1758355156
|-curestatus|p1a: Blissey|par|[from] ability: Natural Cure
|switch|p1a: Alomomola|Alomomola, M, tera:Flying|100/100 brn
|move|p2a: Dragonite|Earthquake|p1a: Alomomola
|-immune|p1a: Alomomola
|
|-damage|p2a: Dragonite|42/100 brn|[from] brn
|-damage|p1a: Alomomola|94/100 brn|[from] brn
|upkeep
|turn|142
|
|t:|1758355162
|move|p2a: Dragonite|Extreme Speed|p1a: Alomomola
|-damage|p1a: Alomomola|81/100 brn
|move|p1a: Alomomola|Wish|p1a: Alomomola
|
|-damage|p2a: Dragonite|36/100 brn|[from] brn
|-damage|p1a: Alomomola|75/100 brn|[from] brn
|upkeep
|turn|143
|
|t:|1758355169
|switch|p1a: Dondozo|Dondozo, M|59/100
|move|p2a: Dragonite|Extreme Speed|p1a: Dondozo
|-damage|p1a: Dondozo|49/100
|
|-heal|p1a: Dondozo|100/100|[from] move: Wish|[wisher] Alomomola
|-damage|p2a: Dragonite|30/100 brn|[from] brn
|upkeep
|turn|144
|
|t:|1758355176
|move|p2a: Dragonite|Dragon Dance|p2a: Dragonite
|-boost|p2a: Dragonite|atk|1
|-boost|p2a: Dragonite|spe|1
|move|p1a: Dondozo|Avalanche|p2a: Dragonite
|-damage|p2a: Dragonite|17/100 brn
|
|-damage|p2a: Dragonite|11/100 brn|[from] brn
|upkeep
|turn|145
|
|t:|1758355184
|move|p2a: Dragonite|Dragon Dance|p2a: Dragonite
|-boost|p2a: Dragonite|atk|1
|-boost|p2a: Dragonite|spe|1
|move|p1a: Dondozo|Curse|p1a: Dondozo
|-unboost|p1a: Dondozo|spe|1
|-boost|p1a: Dondozo|atk|1
|-boost|p1a: Dondozo|def|1
|
|-damage|p2a: Dragonite|5/100 brn|[from] brn
|upkeep
|turn|146
|
|t:|1758355189
|move|p2a: Dragonite|Dragon Dance|p2a: Dragonite
|-boost|p2a: Dragonite|atk|1
|-boost|p2a: Dragonite|spe|1
|move|p1a: Dondozo|Rest|p1a: Dondozo
|-fail|p1a: Dondozo|heal
|
|-damage|p2a: Dragonite|0 fnt|[from] brn
|faint|p2a: Dragonite
|
|win|randombananaYAY
|raw|randombananaYAY's rating: 1553 &rarr; <strong>1577</strong><br />(+24 for winning)
|raw|Shibuya Arc's rating: 1632 &rarr; <strong>1608</strong><br />(-24 for losing)
|l|☆Shibuya Arc
|player|p2|
