|j|☆tbw114514
|j|☆epog123
|t:|1758349457
|gametype|singles
|player|p1|tbw114514|1|1424
|player|p2|epog123|2|1449
|gen|9
|tier|[Gen 9] OU
|rated|
|rule|HP Percentage Mod: HP is shown in percentages
|rule|Endless Battle Clause: Forcing endless battles is banned
|rule|Species Clause: Limit one of each Pokémon
|rule|OHKO Clause: OHKO moves are banned
|rule|Evasion Items Clause: Evasion items are banned
|rule|Evasion Moves Clause: Evasion moves are banned
|rule|Evasion Abilities Clause: Evasion abilities are banned
|rule|Sleep Moves Clause: Sleep-inducing moves are banned
|clearpoke
|poke|p1|Glimmora, M|
|poke|p1|Iron Treads|
|poke|p1|Polteageist-Antique|
|poke|p1|Raging Bolt|
|poke|p1|Dragonite, M|
|poke|p1|Zamazenta-*|
|poke|p2|Samurott-Hisui, M|
|poke|p2|Kyurem|
|poke|p2|Cinderace, M|
|poke|p2|Great Tusk|
|poke|p2|Dragapult, M|
|poke|p2|Ogerpon-Wellspring, F|
|teampreview
|inactive|Battle timer is ON: inactive players will automatically lose when time's up. (requested by epog123)
|
|t:|1758349471
|teamsize|p1|6
|teamsize|p2|6
|start
|switch|p1a: 铁大鸡|Iron Treads|100/100
|switch|p2a: Samurott|Samurott-Hisui, M|100/100
|-enditem|p1a: 铁大鸡|Booster Energy
|-activate|p1a: 铁大鸡|ability: Quark Drive|[fromitem]
|-start|p1a: 铁大鸡|quarkdrivespe
|turn|1
|
|t:|1758349478
|move|p1a: 铁大鸡|Stealth Rock|p2a: Samurott
|-sidestart|p2: epog123|move: Stealth Rock
|move|p2a: Samurott|Flip Turn|p1a: 铁大鸡
|-supereffective|p1a: 铁大鸡
|-damage|p1a: 铁大鸡|58/100
|
|t:|1758349495
|switch|p2a: Ogerpon|Ogerpon-Wellspring, F|100/100|[from] Flip Turn
|-damage|p2a: Ogerpon|88/100|[from] Stealth Rock
|
|upkeep
|turn|2
|
|t:|1758349506
|move|p1a: 铁大鸡|Endeavor|p2a: Ogerpon
|-damage|p2a: Ogerpon|74/100
|move|p2a: Ogerpon|Swords Dance|p2a: Ogerpon
|-boost|p2a: Ogerpon|atk|2
|
|upkeep
|turn|3
|
|t:|1758349514
|move|p1a: 铁大鸡|Endeavor|p2a: Ogerpon
|-immune|p2a: Ogerpon
|move|p2a: Ogerpon|Horn Leech|p1a: 铁大鸡
|-damage|p1a: 铁大鸡|0 fnt
|-heal|p2a: Ogerpon|100/100|[from] drain|[of] p1a: 铁大鸡
|faint|p1a: 铁大鸡
|-end|p1a: 铁大鸡|Quark Drive|[silent]
|
|upkeep
|
|t:|1758349526
|switch|p1a: 昏睡红茶|Polteageist-Antique|100/100
|turn|4
|
|t:|1758349530
|move|p2a: Ogerpon|Knock Off|p1a: 昏睡红茶
|-supereffective|p1a: 昏睡红茶
|-enditem|p1a: 昏睡红茶|Focus Sash
|-damage|p1a: 昏睡红茶|1/100
|-ability|p1a: 昏睡红茶|Weak Armor|boost
|-unboost|p1a: 昏睡红茶|def|1
|-boost|p1a: 昏睡红茶|spe|2
|move|p1a: 昏睡红茶|Shell Smash|p1a: 昏睡红茶
|-unboost|p1a: 昏睡红茶|def|1
|-unboost|p1a: 昏睡红茶|spd|1
|-boost|p1a: 昏睡红茶|atk|2
|-boost|p1a: 昏睡红茶|spa|2
|-boost|p1a: 昏睡红茶|spe|2
|
|upkeep
|turn|5
|
|t:|1758349545
|-terastallize|p1a: 昏睡红茶|Fighting
|-terastallize|p2a: Ogerpon|Water
|detailschange|p2a: Ogerpon|Ogerpon-Wellspring-Tera, F, tera:Water
|-ability|p2a: Ogerpon|Embody Aspect (Wellspring)|boost
|-boost|p2a: Ogerpon|spd|1
|move|p1a: 昏睡红茶|Tera Blast|p2a: Ogerpon|[anim] Tera Blast Fighting
|-damage|p2a: Ogerpon|25/100
|move|p2a: Ogerpon|Knock Off|p1a: 昏睡红茶
|-resisted|p1a: 昏睡红茶
|-damage|p1a: 昏睡红茶|0 fnt
|faint|p1a: 昏睡红茶
|
|upkeep
|
|t:|1758349567
|switch|p1a: 我才是奶龙|Dragonite, M|100/100
|turn|6
|
|t:|1758349573
|move|p1a: 我才是奶龙|Extreme Speed|p2a: Ogerpon
|-damage|p2a: Ogerpon|0 fnt
|faint|p2a: Ogerpon
|detailschange|p2: Ogerpon|Ogerpon-Wellspring, F|[silent]
|
|upkeep
|
|t:|1758349578
|switch|p2a: Cinderace|Cinderace, M|100/100
|turn|7
|
|t:|1758349582
|switch|p1a: 宁芙のβ|Glimmora, M|100/100
|move|p2a: Cinderace|Court Change|p2a: Cinderace
|-start|p2a: Cinderace|typechange|Normal|[from] ability: Libero
|-swapsideconditions
|-activate|p2a: Cinderace|move: Court Change
|
|upkeep
|turn|8
|
|t:|1758349595
|switch|p2a: Dragapult|Dragapult, M|100/100
|move|p1a: 宁芙のβ|Sludge Wave|p2a: Dragapult
|-resisted|p2a: Dragapult
|-damage|p2a: Dragapult|68/100
|-status|p2a: Dragapult|psn
|
|-damage|p2a: Dragapult|56/100 psn|[from] psn
|upkeep
|turn|9
|
|t:|1758349602
|move|p1a: 宁芙のβ|Sludge Wave|p2a: Dragapult
|-resisted|p2a: Dragapult
|-damage|p2a: Dragapult|20/100 psn
|move|p2a: Dragapult|Draco Meteor|p1a: 宁芙のβ
|-damage|p1a: 宁芙のβ|25/100
|-unboost|p2a: Dragapult|spa|2
|
|-damage|p2a: Dragapult|8/100 psn|[from] psn
|upkeep
|turn|10
|
|t:|1758349612
|move|p1a: 宁芙のβ|Sludge Wave|p2a: Dragapult
|-resisted|p2a: Dragapult
|-damage|p2a: Dragapult|0 fnt
|faint|p2a: Dragapult
|
|upkeep
|
|t:|1758349617
|switch|p2a: Kyurem|Kyurem|100/100
|-ability|p2a: Kyurem|Pressure
|turn|11
|
|t:|1758349621
|move|p1a: 宁芙のβ|Sludge Wave|p2a: Kyurem
|-damage|p2a: Kyurem|56/100
|move|p2a: Kyurem|Dragon Dance|p2a: Kyurem
|-boost|p2a: Kyurem|atk|1
|-boost|p2a: Kyurem|spe|1
|
|upkeep
|turn|12
|
|t:|1758349626
|move|p2a: Kyurem|Icicle Spear|p1a: 宁芙のβ
|-damage|p1a: 宁芙のβ|1/100
|-activate|p1a: 宁芙のβ|ability: Toxic Debris
|-sidestart|p2: epog123|move: Toxic Spikes
|-damage|p1a: 宁芙のβ|0 fnt
|-activate|p1a: 宁芙のβ|ability: Toxic Debris
|-sidestart|p2: epog123|move: Toxic Spikes
|faint|p1a: 宁芙のβ
|-hitcount|p1: 宁芙のβ|2
|
|upkeep
|
|t:|1758349632
|switch|p1a: 盾之勇者成名录|Zamazenta|100/100
|-damage|p1a: 盾之勇者成名录|94/100|[from] Stealth Rock
|-ability|p1a: 盾之勇者成名录|Dauntless Shield|boost
|-boost|p1a: 盾之勇者成名录|def|1
|turn|13
|
|t:|1758349639
|move|p2a: Kyurem|Icicle Spear|p1a: 盾之勇者成名录
|-damage|p1a: 盾之勇者成名录|85/100
|-damage|p1a: 盾之勇者成名录|76/100
|-damage|p1a: 盾之勇者成名录|67/100
|-damage|p1a: 盾之勇者成名录|58/100
|-hitcount|p1a: 盾之勇者成名录|4
|move|p1a: 盾之勇者成名录|Body Press|p2a: Kyurem
|-supereffective|p2a: Kyurem
|-damage|p2a: Kyurem|0 fnt
|faint|p2a: Kyurem
|
|-heal|p1a: 盾之勇者成名录|64/100|[from] item: Leftovers
|upkeep
|
|t:|1758349665
|switch|p2a: Samurott|Samurott-Hisui, M|100/100
|-status|p2a: Samurott|tox
|turn|14
|
|t:|1758349669
|move|p2a: Samurott|Sacred Sword|p1a: 盾之勇者成名录
|-damage|p1a: 盾之勇者成名录|35/100
|move|p1a: 盾之勇者成名录|Iron Defense|p1a: 盾之勇者成名录
|-boost|p1a: 盾之勇者成名录|def|2
|
|-heal|p1a: 盾之勇者成名录|42/100|[from] item: Leftovers
|-damage|p2a: Samurott|94/100 tox|[from] psn
|upkeep
|turn|15
|
|t:|1758349674
|move|p2a: Samurott|Sacred Sword|p1a: 盾之勇者成名录
|-damage|p1a: 盾之勇者成名录|15/100
|move|p1a: 盾之勇者成名录|Body Press|p2a: Samurott
|-supereffective|p2a: Samurott
|-damage|p2a: Samurott|0 fnt
|faint|p2a: Samurott
|
|-heal|p1a: 盾之勇者成名录|21/100|[from] item: Leftovers
|upkeep
|
|t:|1758349683
|switch|p2a: Great Tusk|Great Tusk|100/100
|-status|p2a: Great Tusk|tox
|-enditem|p2a: Great Tusk|Booster Energy
|-activate|p2a: Great Tusk|ability: Protosynthesis|[fromitem]
|-start|p2a: Great Tusk|protosynthesisatk
|turn|16
|
|t:|1758349693
|move|p1a: 盾之勇者成名录|Body Press|p2a: Great Tusk
|-damage|p2a: Great Tusk|37/100 tox
|move|p2a: Great Tusk|Headlong Rush|p1a: 盾之勇者成名录
|-damage|p1a: 盾之勇者成名录|0 fnt
|-unboost|p2a: Great Tusk|def|1
|-unboost|p2a: Great Tusk|spd|1
|faint|p1a: 盾之勇者成名录
|
|-damage|p2a: Great Tusk|30/100 tox|[from] psn
|upkeep
|
|t:|1758349715
|switch|p1a: 我才是奶龙|Dragonite, M|100/100
|-damage|p1a: 我才是奶龙|76/100|[from] Stealth Rock
|turn|17
|
|t:|1758349721
|-end|p2a: Great Tusk|Protosynthesis|[silent]
|switch|p2a: Cinderace|Cinderace, M|100/100
|move|p1a: 我才是奶龙|Extreme Speed|p2a: Cinderace
|-damage|p2a: Cinderace|30/100
|
|upkeep
|turn|18
|
|t:|1758349728
|move|p1a: 我才是奶龙|Extreme Speed|p2a: Cinderace
|-damage|p2a: Cinderace|0 fnt
|faint|p2a: Cinderace
|
|upkeep
|
|t:|1758349730
|switch|p2a: Great Tusk|Great Tusk|30/100 tox
|turn|19
|
|t:|1758349733
|move|p1a: 我才是奶龙|Extreme Speed|p2a: Great Tusk
|-damage|p2a: Great Tusk|0 fnt
|faint|p2a: Great Tusk
|-end|p2a: Great Tusk|Protosynthesis|[silent]
|
|win|tbw114514
|raw|tbw114514's rating: 1424 &rarr; <strong>1445</strong><br />(+21 for winning)
|raw|epog123's rating: 1449 &rarr; <strong>1428</strong><br />(-21 for losing)
|c|☆epog123|gg
|l|☆tbw114514
|player|p1|
|l|☆epog123
|player|p2|
