|j|☆igoldenso
|j|☆Rhosine
|t:|1758289126
|gametype|singles
|player|p1|igoldenso|juggler|1212
|player|p2|Rhosine|caitlin|1234
|gen|9
|tier|[Gen 9] OU
|rated|
|rule|HP Percentage Mod: HP is shown in percentages
|rule|Endless Battle Clause: Forcing endless battles is banned
|rule|Species Clause: Limit one of each Pokémon
|rule|OHKO Clause: OHKO moves are banned
|rule|Evasion Items Clause: Evasion items are banned
|rule|Evasion Moves Clause: Evasion moves are banned
|rule|Evasion Abilities Clause: Evasion abilities are banned
|rule|Sleep Moves Clause: Sleep-inducing moves are banned
|clearpoke
|poke|p1|Ribombee, F|
|poke|p1|Cinderace, M|
|poke|p1|Serperior, F|
|poke|p1|Malamar, M|
|poke|p1|Milotic, F|
|poke|p1|Kingambit, M|
|poke|p2|Clawitzer, M|
|poke|p2|Iron Valiant|
|poke|p2|Hatterene, F|
|poke|p2|Flygon, M|
|poke|p2|Mienshao, M|
|poke|p2|Iron Moth|
|teampreview
|inactive|Battle timer is ON: inactive players will automatically lose when time's up. (requested by igoldenso)
|
|t:|1758289132
|teamsize|p1|6
|teamsize|p2|6
|start
|switch|p1a: Ribombee|Ribombee, F|100/100
|switch|p2a: Hatterene|Hatterene, F|100/100
|turn|1
|
|t:|1758289136
|move|p1a: Ribombee|Sticky Web|p2a: Hatterene
|move|p2a: Hatterene|Sticky Web|p1a: Ribombee|[from] ability: Magic Bounce
|-sidestart|p1: igoldenso|move: Sticky Web
|move|p2a: Hatterene|Nuzzle|p1a: Ribombee
|-damage|p1a: Ribombee|93/100
|-status|p1a: Ribombee|par
|
|upkeep
|turn|2
|
|t:|1758289144
|move|p1a: Ribombee|Skill Swap|p2a: Hatterene
|-activate|p1a: Ribombee|move: Skill Swap|Magic Bounce|Honey Gather|[of] p2a: Hatterene
|move|p2a: Hatterene|Mystical Fire|p1a: Ribombee
|-supereffective|p1a: Ribombee
|-damage|p1a: Ribombee|0 fnt
|faint|p1a: Ribombee
|
|upkeep
|
|t:|1758289154
|switch|p1a: Serperior|Serperior, F|100/100
|-activate|p1a: Serperior|move: Sticky Web
|-boost|p1a: Serperior|spe|1
|turn|3
|
|t:|1758289158
|move|p1a: Serperior|Substitute|p1a: Serperior
|-start|p1a: Serperior|Substitute
|-damage|p1a: Serperior|76/100
|move|p2a: Hatterene|Nuzzle|p1a: Serperior
|-resisted|p1a: Serperior
|-activate|p1a: Serperior|move: Substitute|[damage]
|
|upkeep
|turn|4
|
|t:|1758289164
|-terastallize|p2a: Hatterene|Psychic
|move|p1a: Serperior|Leaf Storm|p2a: Hatterene
|-damage|p2a: Hatterene|50/100
|-boost|p1a: Serperior|spa|2
|move|p2a: Hatterene|Psychic Noise|p1a: Serperior
|-damage|p1a: Serperior|6/100
|-start|p1a: Serperior|move: Heal Block
|
|-heal|p2a: Hatterene|56/100|[from] item: Leftovers
|upkeep
|turn|5
|
|t:|1758289173
|move|p1a: Serperior|Leaf Storm|p2a: Hatterene
|-damage|p2a: Hatterene|0 fnt
|-boost|p1a: Serperior|spa|2
|faint|p2a: Hatterene
|
|-end|p1a: Serperior|move: Heal Block
|upkeep
|
|t:|1758289179
|switch|p2a: Iron Moth|Iron Moth|100/100
|turn|6
|
|t:|1758289182
|-terastallize|p1a: Serperior|Stellar
|move|p1a: Serperior|Tera Blast|p2a: Iron Moth|[anim] Tera Blast Stellar
|-damage|p2a: Iron Moth|9/100
|-boost|p1a: Serperior|atk|1
|-boost|p1a: Serperior|spa|1
|move|p2a: Iron Moth|Sludge Wave|p1a: Serperior
|-supereffective|p1a: Serperior
|-end|p1a: Serperior|Substitute
|
|upkeep
|turn|7
|
|t:|1758289188
|move|p1a: Serperior|Tera Blast|p2a: Iron Moth|[anim] Tera Blast Stellar
|-damage|p2a: Iron Moth|0 fnt
|-boost|p1a: Serperior|atk|1
|-boost|p1a: Serperior|spa|1
|faint|p2a: Iron Moth
|-end|p2a: Iron Moth|Quark Drive|[silent]
|
|upkeep
|
|t:|1758289192
|switch|p2a: Iron Valiant|Iron Valiant|100/100
|-enditem|p2a: Iron Valiant|Booster Energy
|-activate|p2a: Iron Valiant|ability: Quark Drive|[fromitem]
|-start|p2a: Iron Valiant|quarkdrivespe
|turn|8
|
|t:|1758289197
|switch|p1a: Malamar|Malamar, M|100/100
|-activate|p1a: Malamar|move: Sticky Web
|-boost|p1a: Malamar|spe|1
|move|p2a: Iron Valiant|Vacuum Wave|p1a: Malamar
|-damage|p1a: Malamar|73/100
|-enditem|p1a: Malamar|Red Card|[of] p2a: Iron Valiant
|-end|p2a: Iron Valiant|Quark Drive|[silent]
|drag|p2a: Flygon|Flygon, M|100/100
|
|upkeep
|turn|9
|
|t:|1758289208
|move|p1a: Malamar|Superpower|p2a: Flygon
|-damage|p2a: Flygon|52/100
|-boost|p1a: Malamar|atk|1
|-boost|p1a: Malamar|def|1
|move|p2a: Flygon|Earthquake|p1a: Malamar
|-damage|p1a: Malamar|40/100
|
|upkeep
|turn|10
|
|t:|1758289216
|move|p1a: Malamar|Superpower|p2a: Flygon
|-damage|p2a: Flygon|0 fnt
|-boost|p1a: Malamar|atk|1
|-boost|p1a: Malamar|def|1
|faint|p2a: Flygon
|
|upkeep
|
|t:|1758289219
|switch|p2a: Iron Valiant|Iron Valiant|100/100
|turn|11
|
|t:|1758289222
|move|p1a: Malamar|Psycho Cut|p2a: Iron Valiant
|-supereffective|p2a: Iron Valiant
|-damage|p2a: Iron Valiant|0 fnt
|faint|p2a: Iron Valiant
|-end|p2a: Iron Valiant|Quark Drive|[silent]
|
|upkeep
|
|t:|1758289225
|switch|p2a: Mienshao|Mienshao, M|100/100
|turn|12
|
|t:|1758289229
|move|p1a: Malamar|Psycho Cut|p2a: Mienshao
|-supereffective|p2a: Mienshao
|-damage|p2a: Mienshao|0 fnt
|faint|p2a: Mienshao
|
|upkeep
|
|t:|1758289231
|switch|p2a: Clawitzer|Clawitzer, M|100/100
|turn|13
|
|t:|1758289233
|move|p1a: Malamar|Knock Off|p2a: Clawitzer
|-damage|p2a: Clawitzer|0 fnt
|-enditem|p2a: Clawitzer|Choice Scarf|[from] move: Knock Off|[of] p1a: Malamar
|faint|p2a: Clawitzer
|
|win|igoldenso
|raw|igoldenso's rating: 1212 &rarr; <strong>1239</strong><br />(+27 for winning)
|raw|Rhosine's rating: 1234 &rarr; <strong>1207</strong><br />(-27 for losing)
|c|☆Rhosine|gg
|c|☆igoldenso|Gg
|l|☆Rhosine
|player|p2|
|l|☆igoldenso
|player|p1|
