|j|☆Okokmemedababy
|j|☆peqmen 0.0
|t:|1758263225
|gametype|singles
|player|p1|Okokmemedababy|hilda-wonderlauncher|1142
|player|p2|peqmen 0.0|giovanni|1159
|gen|9
|tier|[Gen 9] OU
|rated|
|rule|HP Percentage Mod: HP is shown in percentages
|rule|Endless Battle Clause: Forcing endless battles is banned
|rule|Species Clause: Limit one of each Pokémon
|rule|OHKO Clause: OHKO moves are banned
|rule|Evasion Items Clause: Evasion items are banned
|rule|Evasion Moves Clause: Evasion moves are banned
|rule|Evasion Abilities Clause: Evasion abilities are banned
|rule|Sleep Moves Clause: Sleep-inducing moves are banned
|clearpoke
|poke|p1|Maushold-Four|
|poke|p1|Sandslash-Alola, F|
|poke|p1|Donphan, L1, M|
|poke|p1|Gardevoir, F|
|poke|p1|Pelipper, M|
|poke|p1|Barraskewda, M|
|poke|p2|Tyranitar, F|
|poke|p2|Great Tusk|
|poke|p2|Drifblim, M|
|poke|p2|Scizor, M|
|poke|p2|Toxapex, M|
|poke|p2|Gholdengo|
|teampreview
|
|t:|1758263232
|teamsize|p1|6
|teamsize|p2|6
|start
|switch|p1a: Donphan|Donphan, L1, M|100/100
|switch|p2a: Huh??|Toxapex, M|100/100
|turn|1
|
|t:|1758263241
|move|p2a: Huh??|Toxic Spikes|p1a: Donphan
|-sidestart|p1: Okokmemedababy|move: Toxic Spikes
|move|p1a: Donphan|Endeavor|p2a: Huh??
|-damage|p2a: Huh??|5/100
|
|-heal|p2a: Huh??|11/100|[from] item: Black Sludge
|upkeep
|turn|2
|
|t:|1758263269
|switch|p1a: Pelipper|Pelipper, M|100/100
|-weather|RainDance|[from] ability: Drizzle|[of] p1a: Pelipper
|move|p2a: Huh??|Baneful Bunker||[still]
|-fail|p2a: Huh??
|
|-weather|RainDance|[upkeep]
|-heal|p2a: Huh??|17/100|[from] item: Black Sludge
|upkeep
|turn|3
|
|t:|1758263286
|switch|p2a: Forgotten king|Tyranitar, F|100/100
|-weather|Sandstorm|[from] ability: Sand Stream|[of] p2a: Forgotten king
|move|p1a: Pelipper|Hurricane|p2a: Forgotten king
|-resisted|p2a: Forgotten king
|-damage|p2a: Forgotten king|90/100
|
|-weather|Sandstorm|[upkeep]
|-damage|p1a: Pelipper|94/100|[from] Sandstorm
|-heal|p2a: Forgotten king|96/100|[from] item: Leftovers
|upkeep
|turn|4
|c|☆peqmen 0.0|Sand works well with fear because 6% finishes
|inactive|Battle timer is ON: inactive players will automatically lose when time's up. (requested by peqmen 0.0)
|
|t:|1758263323
|move|p1a: Pelipper|U-turn|p2a: Forgotten king
|-supereffective|p2a: Forgotten king
|-damage|p2a: Forgotten king|83/100
|c|☆peqmen 0.0|You’re running full cheese
|
|t:|1758263338
|switch|p1a: Gardevoir|Gardevoir, F, shiny|100/100|[from] U-turn
|-status|p1a: Gardevoir|psn
|move|p2a: Forgotten king|Knock Off|p1a: Gardevoir
|-damage|p1a: Gardevoir|25/100 psn
|-enditem|p1a: Gardevoir|Choice Scarf|[from] move: Knock Off|[of] p2a: Forgotten king
|
|-weather|Sandstorm|[upkeep]
|-damage|p1a: Gardevoir|19/100 psn|[from] Sandstorm
|-heal|p2a: Forgotten king|90/100|[from] item: Leftovers
|-damage|p1a: Gardevoir|6/100 psn|[from] psn
|upkeep
|turn|5
|
|t:|1758263352
|switch|p2a: Golden boi|Gholdengo|100/100
|move|p1a: Gardevoir|Moonblast|p2a: Golden boi
|-resisted|p2a: Golden boi
|-damage|p2a: Golden boi|70/100
|-unboost|p2a: Golden boi|spa|1
|
|-weather|Sandstorm|[upkeep]
|-damage|p1a: Gardevoir|0 fnt|[from] Sandstorm
|faint|p1a: Gardevoir
|upkeep
|
|t:|1758263370
|switch|p1a: Pelipper|Pelipper, M|94/100
|-weather|RainDance|[from] ability: Drizzle|[of] p1a: Pelipper
|turn|6
|
|t:|1758263384
|move|p2a: Golden boi|Thunderbolt|p1a: Pelipper
|-supereffective|p1a: Pelipper
|-damage|p1a: Pelipper|0 fnt
|faint|p1a: Pelipper
|
|-weather|RainDance|[upkeep]
|upkeep
|
|t:|1758263388
|switch|p1a: Barraskewda|Barraskewda, M, shiny|100/100
|-status|p1a: Barraskewda|psn
|turn|7
|inactive|Okokmemedababy has 120 seconds left.
|
|t:|1758263443
|switch|p2a: Forgotten king|Tyranitar, F|90/100
|-weather|Sandstorm|[from] ability: Sand Stream|[of] p2a: Forgotten king
|move|p1a: Barraskewda|Liquidation|p2a: Forgotten king
|-supereffective|p2a: Forgotten king
|-damage|p2a: Forgotten king|0 fnt
|faint|p2a: Forgotten king
|-damage|p1a: Barraskewda|91/100 psn|[from] item: Life Orb
|
|-weather|Sandstorm|[upkeep]
|-damage|p1a: Barraskewda|85/100 psn|[from] Sandstorm
|-damage|p1a: Barraskewda|72/100 psn|[from] psn
|upkeep
|
|t:|1758263447
|switch|p2a: Golden boi|Gholdengo|70/100
|turn|8
|
|t:|1758263467
|switch|p1a: Sandslash|Sandslash-Alola, F|100/100
|move|p2a: Golden boi|Thunderbolt|p1a: Sandslash
|-damage|p1a: Sandslash|54/100
|
|-weather|Sandstorm|[upkeep]
|upkeep
|turn|9
|
|t:|1758263476
|switch|p2a: Anti tusk|Drifblim, M|100/100
|move|p1a: Sandslash|Earthquake|p2a: Anti tusk
|-immune|p2a: Anti tusk
|
|-weather|Sandstorm|[upkeep]
|-damage|p2a: Anti tusk|94/100|[from] Sandstorm
|-heal|p2a: Anti tusk|100/100|[from] item: Leftovers
|upkeep
|turn|10
|
|t:|1758263489
|move|p2a: Anti tusk|Will-O-Wisp|p1a: Sandslash
|-status|p1a: Sandslash|brn
|move|p1a: Sandslash|Icicle Crash|p2a: Anti tusk
|-supereffective|p2a: Anti tusk
|-damage|p2a: Anti tusk|66/100
|
|-weather|Sandstorm|[upkeep]
|-damage|p2a: Anti tusk|60/100|[from] Sandstorm
|-heal|p2a: Anti tusk|66/100|[from] item: Leftovers
|-damage|p1a: Sandslash|48/100 brn|[from] brn
|upkeep
|turn|11
|
|t:|1758263498
|move|p2a: Anti tusk|Strength Sap|p1a: Sandslash
|-unboost|p1a: Sandslash|atk|1
|-heal|p2a: Anti tusk|100/100
|move|p1a: Sandslash|Hone Claws|p1a: Sandslash
|-boost|p1a: Sandslash|atk|1
|-boost|p1a: Sandslash|accuracy|1
|
|-weather|none
|-damage|p1a: Sandslash|42/100 brn|[from] brn
|upkeep
|turn|12
|inactive|Okokmemedababy has 120 seconds left.
|
|t:|1758263524
|move|p2a: Anti tusk|Knock Off|p1a: Sandslash
|-damage|p1a: Sandslash|28/100 brn
|-damage|p2a: Anti tusk|84/100|[from] item: Rocky Helmet|[of] p1a: Sandslash
|-enditem|p1a: Sandslash|Rocky Helmet|[from] move: Knock Off|[of] p2a: Anti tusk
|move|p1a: Sandslash|Hone Claws|p1a: Sandslash
|-boost|p1a: Sandslash|atk|1
|-boost|p1a: Sandslash|accuracy|1
|
|-heal|p2a: Anti tusk|90/100|[from] item: Leftovers
|-damage|p1a: Sandslash|22/100 brn|[from] brn
|upkeep
|turn|13
|
|t:|1758263531
|move|p2a: Anti tusk|Strength Sap|p1a: Sandslash
|-unboost|p1a: Sandslash|atk|1
|-heal|p2a: Anti tusk|100/100
|move|p1a: Sandslash|Icicle Crash|p2a: Anti tusk
|-supereffective|p2a: Anti tusk
|-damage|p2a: Anti tusk|69/100
|
|-heal|p2a: Anti tusk|75/100|[from] item: Leftovers
|-damage|p1a: Sandslash|15/100 brn|[from] brn
|upkeep
|turn|14
|-message|Okokmemedababy forfeited.
|
|win|peqmen 0.0
|raw|Okokmemedababy's rating: 1142 &rarr; <strong>1118</strong><br />(-24 for losing)
|raw|peqmen 0.0's rating: 1159 &rarr; <strong>1183</strong><br />(+24 for winning)
|l|☆Okokmemedababy
|player|p1|
|l|☆peqmen 0.0
|player|p2|
