|j|☆mappy621
|j|☆jinu55
|t:|1758257479
|gametype|singles
|player|p1|mappy621|266|1263
|player|p2|jinu55|byron|1304
|gen|9
|tier|[Gen 9] OU
|rated|
|rule|HP Percentage Mod: HP is shown in percentages
|rule|Endless Battle Clause: Forcing endless battles is banned
|rule|Species Clause: Limit one of each Pokémon
|rule|OHKO Clause: OHKO moves are banned
|rule|Evasion Items Clause: Evasion items are banned
|rule|Evasion Moves Clause: Evasion moves are banned
|rule|Evasion Abilities Clause: Evasion abilities are banned
|rule|Sleep Moves Clause: Sleep-inducing moves are banned
|clearpoke
|poke|p1|Ninetales, F|
|poke|p1|Walking Wake|
|poke|p1|Great Tusk|
|poke|p1|Raging Bolt|
|poke|p1|Weezing-Galar, F|
|poke|p1|Dragapult, F|
|poke|p2|Hitmonlee, M|
|poke|p2|Azumarill, M|
|poke|p2|Blaziken, M|
|poke|p2|Sableye, F|
|poke|p2|Donphan, F|
|poke|p2|Dragonite, F|
|teampreview
|inactive|Battle timer is ON: inactive players will automatically lose when time's up. (requested by jinu55)
|inactive|jinu55 has 120 seconds left.
|inactive|jinu55 has 90 seconds left.
|
|t:|1758257557
|teamsize|p1|6
|teamsize|p2|6
|start
|switch|p1a: Weezing|Weezing-Galar, F|100/100
|switch|p2a: Sableye|Sableye, F|100/100
|-ability|p1a: Weezing|Neutralizing Gas
|turn|1
|
|t:|1758257573
|switch|p2a: Azumarill|Azumarill, M|100/100
|move|p1a: Weezing|Strange Steam|p2a: Azumarill
|-damage|p2a: Azumarill|71/100
|
|upkeep
|turn|2
|
|t:|1758257583
|-terastallize|p2a: Azumarill|Steel
|move|p1a: Weezing|Sludge Bomb|p2a: Azumarill
|-immune|p2a: Azumarill
|move|p2a: Azumarill|Belly Drum|p2a: Azumarill
|-damage|p2a: Azumarill|21/100
|-setboost|p2a: Azumarill|atk|6|[from] move: Belly Drum
|-enditem|p2a: Azumarill|Sitrus Berry|[eat]
|-heal|p2a: Azumarill|45/100|[from] item: Sitrus Berry
|
|upkeep
|turn|3
|
|t:|1758257595
|move|p2a: Azumarill|Aqua Jet|p1a: Weezing
|-damage|p1a: Weezing|65/100
|-damage|p2a: Azumarill|29/100|[from] item: Rocky Helmet|[of] p1a: Weezing
|move|p1a: Weezing|Flamethrower|p2a: Azumarill
|-supereffective|p2a: Azumarill
|-damage|p2a: Azumarill|0 fnt
|faint|p2a: Azumarill
|
|upkeep
|
|t:|1758257612
|switch|p2a: Donphan|Donphan, F|100/100
|turn|4
|
|t:|1758257619
|-end|p1a: Weezing|ability: Neutralizing Gas
|switch|p1a: Dragapult|Dragapult, F|100/100
|move|p2a: Donphan|Earthquake|p1a: Dragapult
|-damage|p1a: Dragapult|27/100
|
|upkeep
|turn|5
|
|t:|1758257629
|move|p2a: Donphan|Ice Shard|p1a: Dragapult
|-supereffective|p1a: Dragapult
|-damage|p1a: Dragapult|0 fnt
|faint|p1a: Dragapult
|
|upkeep
|
|t:|1758257633
|switch|p1a: Ninetales|Ninetales, F|100/100
|-weather|SunnyDay|[from] ability: Drought|[of] p1a: Ninetales
|turn|6
|
|t:|1758257637
|move|p1a: Ninetales|Encore|p2a: Donphan
|-start|p2a: Donphan|Encore
|move|p2a: Donphan|Ice Shard|p1a: Ninetales
|-resisted|p1a: Ninetales
|-damage|p1a: Ninetales|92/100
|
|-weather|SunnyDay|[upkeep]
|upkeep
|turn|7
|
|t:|1758257644
|switch|p1a: Walking Wake|Walking Wake|100/100
|-activate|p1a: Walking Wake|ability: Protosynthesis
|-start|p1a: Walking Wake|protosynthesisspa
|switch|p2a: Sableye|Sableye, F|100/100
|
|-weather|SunnyDay|[upkeep]
|upkeep
|turn|8
|
|t:|1758257653
|move|p2a: Sableye|Will-O-Wisp|p1a: Walking Wake
|-status|p1a: Walking Wake|brn
|move|p1a: Walking Wake|Hydro Steam|p2a: Sableye
|-damage|p2a: Sableye|0 fnt
|faint|p2a: Sableye
|-damage|p1a: Walking Wake|91/100 brn|[from] item: Life Orb
|
|-weather|SunnyDay|[upkeep]
|-damage|p1a: Walking Wake|85/100 brn|[from] brn
|upkeep
|
|t:|1758257662
|switch|p2a: Donphan|Donphan, F|100/100
|turn|9
|
|t:|1758257666
|move|p1a: Walking Wake|Hydro Steam|p2a: Donphan
|-supereffective|p2a: Donphan
|-ability|p2a: Donphan|Sturdy
|-damage|p2a: Donphan|1/100
|-damage|p1a: Walking Wake|75/100 brn|[from] item: Life Orb
|move|p2a: Donphan|Earthquake|p1a: Walking Wake
|-damage|p1a: Walking Wake|16/100 brn
|
|-weather|SunnyDay|[upkeep]
|-damage|p1a: Walking Wake|10/100 brn|[from] brn
|upkeep
|turn|10
|
|t:|1758257678
|-end|p1a: Walking Wake|Protosynthesis|[silent]
|switch|p1a: Ninetales|Ninetales, F|92/100
|move|p2a: Donphan|Ice Shard|p1a: Ninetales
|-resisted|p1a: Ninetales
|-damage|p1a: Ninetales|83/100
|
|-weather|SunnyDay|[upkeep]
|upkeep
|turn|11
|
|t:|1758257684
|move|p1a: Ninetales|Overheat|p2a: Donphan
|-damage|p2a: Donphan|0 fnt
|-unboost|p1a: Ninetales|spa|2
|faint|p2a: Donphan
|
|-weather|SunnyDay|[upkeep]
|upkeep
|
|t:|1758257701
|switch|p2a: Blaziken|Blaziken, M|100/100
|turn|12
|
|t:|1758257713
|switch|p1a: Great Tusk|Great Tusk|100/100
|-activate|p1a: Great Tusk|ability: Protosynthesis
|-start|p1a: Great Tusk|protosynthesisspe
|move|p2a: Blaziken|Protect||[still]
|-fail|p2a: Blaziken
|
|-weather|SunnyDay|[upkeep]
|-ability|p2a: Blaziken|Speed Boost|boost
|-boost|p2a: Blaziken|spe|1
|upkeep
|turn|13
|
|t:|1758257720
|move|p1a: Great Tusk|Earthquake|p2a: Blaziken
|-supereffective|p2a: Blaziken
|-damage|p2a: Blaziken|0 fnt
|faint|p2a: Blaziken
|-damage|p1a: Great Tusk|91/100|[from] item: Life Orb
|
|-weather|none
|-end|p1a: Great Tusk|Protosynthesis
|upkeep
|
|t:|1758257728
|switch|p2a: Dragonite|Dragonite, F|100/100
|turn|14
|
|t:|1758257734
|move|p1a: Great Tusk|Knock Off|p2a: Dragonite
|-damage|p2a: Dragonite|79/100
|-enditem|p2a: Dragonite|Weakness Policy|[from] move: Knock Off|[of] p1a: Great Tusk
|-damage|p1a: Great Tusk|81/100|[from] item: Life Orb
|move|p2a: Dragonite|Dragon Dance|p2a: Dragonite
|-boost|p2a: Dragonite|atk|1
|-boost|p2a: Dragonite|spe|1
|
|upkeep
|turn|15
|
|t:|1758257756
|move|p2a: Dragonite|Earthquake|p1a: Great Tusk
|-damage|p1a: Great Tusk|46/100
|move|p1a: Great Tusk|Ice Spinner|p2a: Dragonite
|-supereffective|p2a: Dragonite
|-damage|p2a: Dragonite|0 fnt
|faint|p2a: Dragonite
|-damage|p1a: Great Tusk|36/100|[from] item: Life Orb
|
|upkeep
|
|t:|1758257759
|switch|p2a: Hitmonlee|Hitmonlee, M|100/100
|turn|16
|
|t:|1758257765
|move|p2a: Hitmonlee|High Jump Kick|p1a: Great Tusk
|-damage|p1a: Great Tusk|0 fnt
|faint|p1a: Great Tusk
|-end|p1a: Great Tusk|Protosynthesis|[silent]
|
|upkeep
|
|t:|1758257777
|switch|p1a: Weezing|Weezing-Galar, F|65/100
|-ability|p1a: Weezing|Neutralizing Gas
|turn|17
|
|t:|1758257799
|move|p2a: Hitmonlee|High Jump Kick|p1a: Weezing
|-resisted|p1a: Weezing
|-damage|p1a: Weezing|47/100
|-damage|p2a: Hitmonlee|84/100|[from] item: Rocky Helmet|[of] p1a: Weezing
|move|p1a: Weezing|Strange Steam|p2a: Hitmonlee
|-supereffective|p2a: Hitmonlee
|-damage|p2a: Hitmonlee|0 fnt
|faint|p2a: Hitmonlee
|
|win|mappy621
|raw|mappy621's rating: 1263 &rarr; <strong>1291</strong><br />(+28 for winning)
|raw|jinu55's rating: 1304 &rarr; <strong>1282</strong><br />(-22 for losing)
|l|☆jinu55
|player|p2|
|l|☆mappy621
|player|p1|
