|j|☆adensaurs
|j|☆CallMeBlaze
|t:|1758346063
|gametype|singles
|player|p1|adensaurs|265|1092
|player|p2|CallMeBlaze|2|1072
|gen|9
|tier|[Gen 9] OU
|rated|
|rule|HP Percentage Mod: HP is shown in percentages
|rule|Endless Battle Clause: Forcing endless battles is banned
|rule|Species Clause: Limit one of each Pokémon
|rule|OHKO Clause: OHKO moves are banned
|rule|Evasion Items Clause: Evasion items are banned
|rule|Evasion Moves Clause: Evasion moves are banned
|rule|Evasion Abilities Clause: Evasion abilities are banned
|rule|Sleep Moves Clause: Sleep-inducing moves are banned
|clearpoke
|poke|p1|Dragonite, M|
|poke|p1|Iron Hands|
|poke|p1|Blaziken, M|
|poke|p1|Azumarill, F|
|poke|p1|Tyranitar, M|
|poke|p1|Landorus-Therian, M|
|poke|p2|Deoxys-Defense|
|poke|p2|Rampardos, M|
|poke|p2|Dragapult, M|
|poke|p2|Iron Moth|
|poke|p2|Landorus-Therian, M|
|poke|p2|Corviknight, M|
|teampreview
|
|t:|1758346068
|teamsize|p1|6
|teamsize|p2|6
|start
|switch|p1a: Landorus|Landorus-Therian, M|100/100
|switch|p2a: Deoxys|Deoxys-Defense, shiny|100/100
|-ability|p1a: Landorus|Intimidate|boost
|-unboost|p2a: Deoxys|atk|1
|-ability|p2a: Deoxys|Pressure
|turn|1
|inactive|Battle timer is ON: inactive players will automatically lose when time's up. (requested by adensaurs)
|
|t:|1758346079
|move|p1a: Landorus|Stealth Rock|p2a: Deoxys
|-sidestart|p2: CallMeBlaze|move: Stealth Rock
|move|p2a: Deoxys|Stealth Rock|p1a: Landorus
|-sidestart|p1: adensaurs|move: Stealth Rock
|
|upkeep
|turn|2
|
|t:|1758346090
|move|p1a: Landorus|U-turn|p2a: Deoxys
|-supereffective|p2a: Deoxys
|-damage|p2a: Deoxys|66/100
|
|t:|1758346102
|switch|p1a: Dragonite|Dragonite, M|100/100|[from] U-turn
|-damage|p1a: Dragonite|76/100|[from] Stealth Rock
|move|p2a: Deoxys|Spikes|p1a: Dragonite
|-sidestart|p1: adensaurs|Spikes
|
|-heal|p2a: Deoxys|73/100|[from] item: Leftovers
|upkeep
|turn|3
|
|t:|1758346109
|move|p1a: Dragonite|Dragon Dance|p1a: Dragonite
|-boost|p1a: Dragonite|atk|1
|-boost|p1a: Dragonite|spe|1
|move|p2a: Deoxys|Recover|p2a: Deoxys
|-heal|p2a: Deoxys|100/100
|
|upkeep
|turn|4
|
|t:|1758346114
|move|p1a: Dragonite|Dragon Dance|p1a: Dragonite
|-boost|p1a: Dragonite|atk|1
|-boost|p1a: Dragonite|spe|1
|move|p2a: Deoxys|Spikes|p1a: Dragonite
|-sidestart|p1: adensaurs|Spikes
|
|upkeep
|turn|5
|
|t:|1758346119
|move|p1a: Dragonite|Dragon Dance|p1a: Dragonite
|-boost|p1a: Dragonite|atk|1
|-boost|p1a: Dragonite|spe|1
|move|p2a: Deoxys|Spikes|p1a: Dragonite
|-sidestart|p1: adensaurs|Spikes
|
|upkeep
|turn|6
|
|t:|1758346128
|switch|p2a: Landorus|Landorus-Therian, M|100/100
|-damage|p2a: Landorus|88/100|[from] Stealth Rock
|-ability|p2a: Landorus|Intimidate|boost
|-unboost|p1a: Dragonite|atk|1
|move|p1a: Dragonite|Dragon Claw|p2a: Landorus
|-damage|p2a: Landorus|0 fnt
|faint|p2a: Landorus
|-damage|p1a: Dragonite|66/100|[from] item: Life Orb
|
|upkeep
|
|t:|1758346130
|switch|p2a: Dragapult|Dragapult, M|100/100
|-damage|p2a: Dragapult|88/100|[from] Stealth Rock
|turn|7
|
|t:|1758346141
|move|p2a: Dragapult|Sucker Punch|p1a: Dragonite
|-crit|p1a: Dragonite
|-damage|p1a: Dragonite|29/100
|move|p1a: Dragonite|Dragon Claw|p2a: Dragapult
|-supereffective|p2a: Dragapult
|-damage|p2a: Dragapult|0 fnt
|faint|p2a: Dragapult
|-damage|p1a: Dragonite|19/100|[from] item: Life Orb
|
|upkeep
|
|t:|1758346148
|switch|p2a: Iron Moth|Iron Moth|100/100
|-damage|p2a: Iron Moth|76/100|[from] Stealth Rock
|-item|p2a: Iron Moth|Air Balloon
|turn|8
|
|t:|1758346154
|move|p1a: Dragonite|Dragon Claw|p2a: Iron Moth
|-damage|p2a: Iron Moth|0 fnt
|-enditem|p2a: Iron Moth|Air Balloon
|faint|p2a: Iron Moth
|-end|p2a: Iron Moth|Quark Drive|[silent]
|-damage|p1a: Dragonite|9/100|[from] item: Life Orb
|
|upkeep
|
|t:|1758346158
|switch|p2a: Rampardos|Rampardos, M|100/100
|-damage|p2a: Rampardos|88/100|[from] Stealth Rock
|turn|9
|
|t:|1758346170
|move|p1a: Dragonite|Dragon Claw|p2a: Rampardos
|-damage|p2a: Rampardos|0 fnt
|faint|p2a: Rampardos
|-damage|p1a: Dragonite|0 fnt|[from] item: Life Orb
|faint|p1a: Dragonite
|
|upkeep
|
|t:|1758346182
|switch|p1a: Landorus|Landorus-Therian, M|100/100
|switch|p2a: Corviknight|Corviknight, M|100/100
|-damage|p1a: Landorus|88/100|[from] Stealth Rock
|-ability|p1a: Landorus|Intimidate|boost
|-ability|p2a: Corviknight|Mirror Armor
|-unboost|p1a: Landorus|atk|1
|-damage|p2a: Corviknight|88/100|[from] Stealth Rock
|turn|10
|
|t:|1758346195
|move|p1a: Landorus|U-turn|p2a: Corviknight
|-resisted|p2a: Corviknight
|-damage|p2a: Corviknight|84/100
|-damage|p1a: Landorus|71/100|[from] item: Rocky Helmet|[of] p2a: Corviknight
|
|t:|1758346205
|switch|p1a: Tyranitar|Tyranitar, M|100/100|[from] U-turn
|-damage|p1a: Tyranitar|88/100|[from] Stealth Rock
|-damage|p1a: Tyranitar|63/100|[from] Spikes
|-weather|Sandstorm|[from] ability: Sand Stream|[of] p1a: Tyranitar
|move|p2a: Corviknight|Bulk Up|p2a: Corviknight
|-boost|p2a: Corviknight|atk|1
|-boost|p2a: Corviknight|def|1
|
|-weather|Sandstorm|[upkeep]
|upkeep
|turn|11
|
|t:|1758346223
|move|p2a: Corviknight|Bulk Up|p2a: Corviknight
|-boost|p2a: Corviknight|atk|1
|-boost|p2a: Corviknight|def|1
|move|p1a: Tyranitar|Dragon Dance|p1a: Tyranitar
|-boost|p1a: Tyranitar|atk|1
|-boost|p1a: Tyranitar|spe|1
|
|-weather|Sandstorm|[upkeep]
|upkeep
|turn|12
|
|t:|1758346231
|move|p1a: Tyranitar|Dragon Dance|p1a: Tyranitar
|-boost|p1a: Tyranitar|atk|1
|-boost|p1a: Tyranitar|spe|1
|move|p2a: Corviknight|Body Press|p1a: Tyranitar
|-supereffective|p1a: Tyranitar
|-damage|p1a: Tyranitar|0 fnt
|faint|p1a: Tyranitar
|
|-weather|Sandstorm|[upkeep]
|upkeep
|
|t:|1758346239
|switch|p1a: Landorus|Landorus-Therian, M|71/100
|-damage|p1a: Landorus|59/100|[from] Stealth Rock
|-ability|p1a: Landorus|Intimidate|boost
|-ability|p2a: Corviknight|Mirror Armor
|-unboost|p1a: Landorus|atk|1
|turn|13
|
|t:|1758346248
|move|p1a: Landorus|Rock Slide|p2a: Corviknight
|-damage|p2a: Corviknight|77/100
|move|p2a: Corviknight|Bulk Up|p2a: Corviknight
|-boost|p2a: Corviknight|atk|1
|-boost|p2a: Corviknight|def|1
|
|-weather|Sandstorm|[upkeep]
|-heal|p1a: Landorus|65/100|[from] item: Leftovers
|upkeep
|turn|14
|
|t:|1758346257
|move|p1a: Landorus|Rock Slide|p2a: Corviknight
|-damage|p2a: Corviknight|71/100
|move|p2a: Corviknight|Bulk Up|p2a: Corviknight
|-boost|p2a: Corviknight|atk|1
|-boost|p2a: Corviknight|def|1
|
|-weather|none
|-heal|p1a: Landorus|71/100|[from] item: Leftovers
|upkeep
|turn|15
|
|t:|1758346264
|move|p1a: Landorus|Rock Slide|p2a: Corviknight
|-damage|p2a: Corviknight|66/100
|move|p2a: Corviknight|Bulk Up|p2a: Corviknight
|-boost|p2a: Corviknight|atk|1
|-boost|p2a: Corviknight|def|1
|
|-heal|p1a: Landorus|78/100|[from] item: Leftovers
|upkeep
|turn|16
|
|t:|1758346273
|move|p1a: Landorus|Rock Slide|p2a: Corviknight
|-damage|p2a: Corviknight|61/100
|move|p2a: Corviknight|Bulk Up|p2a: Corviknight
|-boost|p2a: Corviknight|atk|1
|-boost|p2a: Corviknight|def|1
|
|-heal|p1a: Landorus|84/100|[from] item: Leftovers
|upkeep
|turn|17
|
|t:|1758346281
|move|p1a: Landorus|Rock Slide|p2a: Corviknight
|-damage|p2a: Corviknight|57/100
|cant|p2a: Corviknight|flinch
|
|-heal|p1a: Landorus|90/100|[from] item: Leftovers
|upkeep
|turn|18
|c|☆adensaurs|this real?
|
|t:|1758346288
|move|p1a: Landorus|Rock Slide|p2a: Corviknight|[miss]
|-miss|p1a: Landorus|p2a: Corviknight
|move|p2a: Corviknight|Roost|p2a: Corviknight
|-heal|p2a: Corviknight|100/100
|-singleturn|p2a: Corviknight|move: Roost
|
|-heal|p1a: Landorus|96/100|[from] item: Leftovers
|upkeep
|turn|19
|
|t:|1758346296
|move|p1a: Landorus|Rock Slide|p2a: Corviknight
|-damage|p2a: Corviknight|96/100
|move|p2a: Corviknight|Body Press|p1a: Landorus
|-resisted|p1a: Landorus
|-damage|p1a: Landorus|39/100
|
|-heal|p1a: Landorus|45/100|[from] item: Leftovers
|upkeep
|turn|20
|
|t:|1758346305
|move|p1a: Landorus|Rock Slide|p2a: Corviknight
|-damage|p2a: Corviknight|92/100
|move|p2a: Corviknight|Body Press|p1a: Landorus
|-resisted|p1a: Landorus
|-crit|p1a: Landorus
|-damage|p1a: Landorus|0 fnt
|faint|p1a: Landorus
|
|upkeep
|
|t:|1758346313
|switch|p1a: Blaziken|Blaziken, M|100/100
|-damage|p1a: Blaziken|88/100|[from] Stealth Rock
|-damage|p1a: Blaziken|63/100|[from] Spikes
|turn|21
|
|t:|1758346321
|-terastallize|p1a: Blaziken|Fire
|-terastallize|p2a: Corviknight|Flying
|move|p1a: Blaziken|Fire Punch|p2a: Corviknight
|-damage|p2a: Corviknight|84/100
|-damage|p1a: Blaziken|46/100|[from] item: Rocky Helmet|[of] p2a: Corviknight
|move|p2a: Corviknight|Drill Peck|p1a: Blaziken
|-damage|p1a: Blaziken|0 fnt
|faint|p1a: Blaziken
|
|upkeep
|
|t:|1758346331
|switch|p1a: Iron Hands|Iron Hands|100/100
|-damage|p1a: Iron Hands|94/100|[from] Stealth Rock
|-damage|p1a: Iron Hands|69/100|[from] Spikes
|turn|22
|
|t:|1758346337
|move|p2a: Corviknight|Drill Peck|p1a: Iron Hands
|-damage|p1a: Iron Hands|0 fnt
|faint|p1a: Iron Hands
|-end|p1a: Iron Hands|Quark Drive|[silent]
|
|upkeep
|
|t:|1758346340
|switch|p1a: Azumarill|Azumarill, F|100/100
|-damage|p1a: Azumarill|88/100|[from] Stealth Rock
|-damage|p1a: Azumarill|63/100|[from] Spikes
|turn|23
|
|t:|1758346347
|move|p2a: Corviknight|Drill Peck|p1a: Azumarill
|-damage|p1a: Azumarill|0 fnt
|faint|p1a: Azumarill
|
|win|CallMeBlaze
|raw|adensaurs's rating: 1092 &rarr; <strong>1069</strong><br />(-23 for losing)
|raw|CallMeBlaze's rating: 1099 &rarr; <strong>1124</strong><br />(+25 for winning)
|l|☆adensaurs
|player|p1|
|l|☆CallMeBlaze
|player|p2|
