|j|☆sownse
|j|☆tatak999
|t:|1758276942
|gametype|singles
|player|p1|sownse|170|1238
|player|p2|tatak999|pokekid|1243
|gen|9
|tier|[Gen 9] OU
|rated|
|rule|HP Percentage Mod: HP is shown in percentages
|rule|Endless Battle Clause: Forcing endless battles is banned
|rule|Species Clause: Limit one of each Pokémon
|rule|OHKO Clause: OHKO moves are banned
|rule|Evasion Items Clause: Evasion items are banned
|rule|Evasion Moves Clause: Evasion moves are banned
|rule|Evasion Abilities Clause: Evasion abilities are banned
|rule|Sleep Moves Clause: Sleep-inducing moves are banned
|clearpoke
|poke|p1|Porygon2|
|poke|p1|Yanmega, M|
|poke|p1|Dragapult, M|
|poke|p1|Iron Hands|
|poke|p1|Iron Moth|
|poke|p1|Keldeo-Resolute|
|poke|p2|Meowscarada, M|
|poke|p2|Kingambit, F|
|poke|p2|Dragonite, F|
|poke|p2|Slowking, F|
|poke|p2|Cinderace, M|
|poke|p2|Great Tusk|
|teampreview
|inactive|Battle timer is ON: inactive players will automatically lose when time's up. (requested by tatak999)
|
|t:|1758276955
|teamsize|p1|6
|teamsize|p2|6
|start
|switch|p1a: Iron Hands|Iron Hands|100/100
|switch|p2a: Meowscarada|Meowscarada, M, shiny|100/100
|turn|1
|
|t:|1758276964
|move|p2a: Meowscarada|U-turn|p1a: Iron Hands
|-start|p2a: Meowscarada|typechange|Bug|[from] ability: Protean
|-resisted|p1a: Iron Hands
|-damage|p1a: Iron Hands|90/100
|
|t:|1758276969
|switch|p2a: Slowking|Slowking, F, shiny|100/100|[from] U-turn
|move|p1a: Iron Hands|Drain Punch|p2a: Slowking
|-resisted|p2a: Slowking
|-damage|p2a: Slowking|78/100
|-heal|p1a: Iron Hands|99/100|[from] drain|[of] p2a: Slowking
|
|upkeep
|turn|2
|
|t:|1758276979
|switch|p2a: Great Tusk|Great Tusk, shiny|100/100
|-terastallize|p1a: Iron Hands|Ice
|move|p1a: Iron Hands|Thunder Punch|p2a: Great Tusk
|-immune|p2a: Great Tusk
|
|upkeep
|turn|3
|
|t:|1758276992
|-end|p1a: Iron Hands|Quark Drive|[silent]
|switch|p1a: Yanmega|Yanmega, M|100/100
|move|p2a: Great Tusk|Rock Slide|p1a: Yanmega
|-supereffective|p1a: Yanmega
|-damage|p1a: Yanmega|0 fnt
|faint|p1a: Yanmega
|
|upkeep
|
|t:|1758276999
|switch|p1a: Keldeo|Keldeo-Resolute|100/100
|turn|4
|
|t:|1758277005
|-end|p2a: Great Tusk|Protosynthesis|[silent]
|switch|p2a: Meowscarada|Meowscarada, M, shiny|100/100
|move|p1a: Keldeo|Surf|p2a: Meowscarada
|-resisted|p2a: Meowscarada
|-damage|p2a: Meowscarada|62/100
|
|upkeep
|turn|5
|
|t:|1758277013
|switch|p1a: Iron Moth|Iron Moth|100/100
|move|p2a: Meowscarada|U-turn|p1a: Iron Moth
|-start|p2a: Meowscarada|typechange|Bug|[from] ability: Protean
|-resisted|p1a: Iron Moth
|-damage|p1a: Iron Moth|88/100
|
|t:|1758277016
|switch|p2a: Great Tusk|Great Tusk, shiny|100/100|[from] U-turn
|
|upkeep
|turn|6
|
|t:|1758277025
|move|p1a: Iron Moth|Dazzling Gleam|p2a: Great Tusk
|-supereffective|p2a: Great Tusk
|-damage|p2a: Great Tusk|20/100
|move|p2a: Great Tusk|Earthquake|p1a: Iron Moth
|-supereffective|p1a: Iron Moth
|-damage|p1a: Iron Moth|0 fnt
|faint|p1a: Iron Moth
|-end|p1a: Iron Moth|Quark Drive|[silent]
|
|upkeep
|
|t:|1758277035
|switch|p1a: Keldeo|Keldeo-Resolute|100/100
|turn|7
|
|t:|1758277045
|move|p1a: Keldeo|Icy Wind|p2a: Great Tusk
|-supereffective|p2a: Great Tusk
|-damage|p2a: Great Tusk|0 fnt
|faint|p2a: Great Tusk
|-end|p2a: Great Tusk|Protosynthesis|[silent]
|
|upkeep
|
|t:|1758277049
|switch|p2a: Meowscarada|Meowscarada, M, shiny|62/100
|turn|8
|
|t:|1758277055
|switch|p1a: Dragapult|Dragapult, M|100/100
|move|p2a: Meowscarada|Flower Trick|p1a: Dragapult
|-start|p2a: Meowscarada|typechange|Grass|[from] ability: Protean
|-resisted|p1a: Dragapult
|-crit|p1a: Dragapult
|-damage|p1a: Dragapult|68/100
|
|upkeep
|turn|9
|
|t:|1758277065
|switch|p2a: Kingambit|Kingambit, F, shiny|100/100
|-activate|p2a: Kingambit|ability: Supreme Overlord
|-start|p2a: Kingambit|fallen1|[silent]
|move|p1a: Dragapult|Dragon Dance|p1a: Dragapult
|-boost|p1a: Dragapult|atk|1
|-boost|p1a: Dragapult|spe|1
|
|upkeep
|turn|10
|
|t:|1758277075
|move|p1a: Dragapult|Dragon Darts|p2a: Kingambit
|-resisted|p2a: Kingambit
|-damage|p2a: Kingambit|87/100
|-anim|p1a: Dragapult|Dragon Darts|p2a: Kingambit
|-resisted|p2a: Kingambit
|-damage|p2a: Kingambit|73/100
|move|p2a: Kingambit|Kowtow Cleave|p1a: Dragapult
|-supereffective|p1a: Dragapult
|-damage|p1a: Dragapult|0 fnt
|faint|p1a: Dragapult
|
|-heal|p2a: Kingambit|79/100|[from] item: Leftovers
|upkeep
|
|t:|1758277087
|switch|p1a: Keldeo|Keldeo-Resolute|100/100
|turn|11
|
|t:|1758277092
|-end|p2a: Kingambit|fallen1|[silent]
|switch|p2a: Slowking|Slowking, F, shiny|100/100
|move|p1a: Keldeo|Secret Sword|p2a: Slowking
|-resisted|p2a: Slowking
|-damage|p2a: Slowking|79/100
|
|upkeep
|turn|12
|
|t:|1758277097
|switch|p1a: Iron Hands|Iron Hands, tera:Ice|99/100
|move|p2a: Slowking|Future Sight|p1a: Iron Hands
|-start|p2a: Slowking|move: Future Sight
|
|upkeep
|turn|13
|
|t:|1758277106
|move|p1a: Iron Hands|Thunder Punch|p2a: Slowking
|-supereffective|p2a: Slowking
|-damage|p2a: Slowking|0 fnt
|faint|p2a: Slowking
|
|upkeep
|
|t:|1758277109
|switch|p2a: Cinderace|Cinderace, M, shiny|100/100
|turn|14
|
|t:|1758277116
|-end|p1a: Iron Hands|Quark Drive|[silent]
|switch|p1a: Porygon2|Porygon2|100/100
|move|p2a: Cinderace|Will-O-Wisp|p1a: Porygon2
|-status|p1a: Porygon2|brn
|
|-end|p1a: Porygon2|move: Future Sight
|-damage|p1a: Porygon2|76/100 brn
|-damage|p1a: Porygon2|70/100 brn|[from] brn
|upkeep
|turn|15
|
|t:|1758277124
|move|p2a: Cinderace|Pyro Ball|p1a: Porygon2
|-damage|p1a: Porygon2|46/100 brn
|move|p1a: Porygon2|Thunder Wave|p2a: Cinderace
|-status|p2a: Cinderace|par
|
|-damage|p1a: Porygon2|40/100 brn|[from] brn
|upkeep
|turn|16
|
|t:|1758277134
|switch|p2a: Kingambit|Kingambit, F, shiny|79/100
|-activate|p2a: Kingambit|ability: Supreme Overlord
|-start|p2a: Kingambit|fallen2|[silent]
|move|p1a: Porygon2|Recover|p1a: Porygon2
|-heal|p1a: Porygon2|90/100 brn
|
|-heal|p2a: Kingambit|85/100|[from] item: Leftovers
|-damage|p1a: Porygon2|83/100 brn|[from] brn
|upkeep
|turn|17
|
|t:|1758277142
|move|p1a: Porygon2|Thunder Wave|p2a: Kingambit|[miss]
|-miss|p1a: Porygon2|p2a: Kingambit
|move|p2a: Kingambit|Swords Dance|p2a: Kingambit
|-boost|p2a: Kingambit|atk|2
|
|-heal|p2a: Kingambit|92/100|[from] item: Leftovers
|-damage|p1a: Porygon2|77/100 brn|[from] brn
|upkeep
|turn|18
|
|t:|1758277148
|move|p1a: Porygon2|Thunder Wave|p2a: Kingambit
|-status|p2a: Kingambit|par
|move|p2a: Kingambit|Kowtow Cleave|p1a: Porygon2
|-damage|p1a: Porygon2|21/100 brn
|
|-heal|p2a: Kingambit|98/100 par|[from] item: Leftovers
|-damage|p1a: Porygon2|15/100 brn|[from] brn
|upkeep
|turn|19
|
|t:|1758277152
|move|p1a: Porygon2|Tri Attack|p2a: Kingambit
|-resisted|p2a: Kingambit
|-damage|p2a: Kingambit|84/100 par
|move|p2a: Kingambit|Swords Dance|p2a: Kingambit
|-boost|p2a: Kingambit|atk|2
|
|-heal|p2a: Kingambit|90/100 par|[from] item: Leftovers
|-damage|p1a: Porygon2|9/100 brn|[from] brn
|upkeep
|turn|20
|
|t:|1758277160
|switch|p1a: Iron Hands|Iron Hands, tera:Ice|99/100
|move|p2a: Kingambit|Swords Dance|p2a: Kingambit
|-boost|p2a: Kingambit|atk|2
|
|-heal|p2a: Kingambit|96/100 par|[from] item: Leftovers
|upkeep
|turn|21
|
|t:|1758277164
|move|p2a: Kingambit|Sucker Punch|p1a: Iron Hands
|-damage|p1a: Iron Hands|0 fnt
|faint|p1a: Iron Hands
|-end|p1a: Iron Hands|Quark Drive|[silent]
|
|-heal|p2a: Kingambit|100/100 par|[from] item: Leftovers
|upkeep
|
|t:|1758277167
|switch|p1a: Keldeo|Keldeo-Resolute|100/100
|turn|22
|
|t:|1758277169
|cant|p2a: Kingambit|par
|move|p1a: Keldeo|Secret Sword|p2a: Kingambit
|-supereffective|p2a: Kingambit
|-damage|p2a: Kingambit|0 fnt
|faint|p2a: Kingambit
|-end|p2a: Kingambit|fallen2|[silent]
|
|upkeep
|
|t:|1758277172
|switch|p2a: Meowscarada|Meowscarada, M, shiny|62/100
|turn|23
|
|t:|1758277177
|move|p2a: Meowscarada|Flower Trick|p1a: Keldeo
|-start|p2a: Meowscarada|typechange|Grass|[from] ability: Protean
|-supereffective|p1a: Keldeo
|-crit|p1a: Keldeo
|-damage|p1a: Keldeo|0 fnt
|faint|p1a: Keldeo
|
|upkeep
|
|t:|1758277182
|switch|p1a: Porygon2|Porygon2|9/100 brn
|turn|24
|
|t:|1758277184
|move|p2a: Meowscarada|Flower Trick|p1a: Porygon2
|-crit|p1a: Porygon2
|-damage|p1a: Porygon2|0 fnt
|faint|p1a: Porygon2
|
|win|tatak999
|raw|sownse's rating: 1238 &rarr; <strong>1213</strong><br />(-25 for losing)
|raw|tatak999's rating: 1243 &rarr; <strong>1268</strong><br />(+25 for winning)
|l|☆sownse
|player|p1|
|l|☆tatak999
|player|p2|
