|j|‽lolproplayer
|j|☆021324Mcqueen
|t:|1758270504
|gametype|singles
|player|p1|lolproplayer|pokekid|1481
|player|p2|021324Mcqueen|1|1510
|gen|9
|tier|[Gen 9] OU
|rated|
|rule|HP Percentage Mod: HP is shown in percentages
|rule|Endless Battle Clause: Forcing endless battles is banned
|rule|Species Clause: Limit one of each Pokémon
|rule|OHKO Clause: OHKO moves are banned
|rule|Evasion Items Clause: Evasion items are banned
|rule|Evasion Moves Clause: Evasion moves are banned
|rule|Evasion Abilities Clause: Evasion abilities are banned
|rule|Sleep Moves Clause: Sleep-inducing moves are banned
|clearpoke
|poke|p1|Ursaluna, M|
|poke|p1|Cresselia, F|
|poke|p1|Iron Hands|
|poke|p1|Volcanion|
|poke|p1|Hatterene, F|
|poke|p1|Porygon2|
|poke|p2|Zamazenta-*|
|poke|p2|Dragapult, M|
|poke|p2|Raging Bolt|
|poke|p2|Moltres|
|poke|p2|Iron Treads|
|poke|p2|Samurott-Hisui, M|
|teampreview
|inactive|Battle timer is ON: inactive players will automatically lose when time's up. (requested by lolproplayer)
|inactive|lolproplayer has 120 seconds left.
|inactive|021324Mcqueen has 120 seconds left.
|
|t:|1758270555
|teamsize|p1|6
|teamsize|p2|6
|start
|switch|p1a: Iron Hands|Iron Hands|100/100
|switch|p2a: Samurott|Samurott-Hisui, M|100/100
|-enditem|p1a: Iron Hands|Booster Energy
|-activate|p1a: Iron Hands|ability: Quark Drive|[fromitem]
|-start|p1a: Iron Hands|quarkdriveatk
|turn|1
|
|t:|1758270576
|move|p2a: Samurott|Flip Turn|p1a: Iron Hands
|-damage|p1a: Iron Hands|72/100
|
|t:|1758270579
|switch|p2a: Moltres|Moltres|100/100|[from] Flip Turn
|move|p1a: Iron Hands|Swords Dance|p1a: Iron Hands
|-boost|p1a: Iron Hands|atk|2
|
|upkeep
|turn|2
|
|t:|1758270587
|move|p2a: Moltres|Hurricane|p1a: Iron Hands
|-damage|p1a: Iron Hands|19/100
|move|p1a: Iron Hands|Wild Charge|p2a: Moltres
|-supereffective|p2a: Moltres
|-damage|p2a: Moltres|0 fnt
|faint|p2a: Moltres
|-damage|p1a: Iron Hands|2/100|[from] Recoil
|
|upkeep
|
|t:|1758270595
|switch|p2a: Samurott|Samurott-Hisui, M|100/100
|turn|3
|inactive|lolproplayer has 120 seconds left.
|
|t:|1758270627
|move|p2a: Samurott|Ceaseless Edge|p1a: Iron Hands
|-resisted|p1a: Iron Hands
|-crit|p1a: Iron Hands
|-damage|p1a: Iron Hands|0 fnt
|-sidestart|p1: lolproplayer|Spikes
|faint|p1a: Iron Hands
|-end|p1a: Iron Hands|Quark Drive|[silent]
|
|upkeep
|inactive|lolproplayer has 120 seconds left.
|
|t:|1758270638
|switch|p1a: Porygon2|Porygon2|100/100
|-damage|p1a: Porygon2|88/100|[from] Spikes
|-ability|p1a: Porygon2|Download|boost
|-boost|p1a: Porygon2|spa|1
|turn|4
|
|t:|1758270642
|-terastallize|p2a: Samurott|Dark
|move|p2a: Samurott|Ceaseless Edge|p1a: Porygon2
|-damage|p1a: Porygon2|21/100
|-sidestart|p1: lolproplayer|Spikes
|move|p1a: Porygon2|Trick Room|p1a: Porygon2
|-fieldstart|move: Trick Room|[of] p1a: Porygon2
|
|upkeep
|turn|5
|
|t:|1758270655
|move|p1a: Porygon2|Hyper Beam|p2a: Samurott
|-damage|p2a: Samurott|0 fnt
|-mustrecharge|p1a: Porygon2
|faint|p2a: Samurott
|
|upkeep
|
|t:|1758270677
|switch|p2a: Iron Treads|Iron Treads|100/100
|turn|6
|
|t:|1758270683
|cant|p1a: Porygon2|recharge
|move|p2a: Iron Treads|Knock Off|p1a: Porygon2
|-damage|p1a: Porygon2|6/100
|-enditem|p1a: Porygon2|Eviolite|[from] move: Knock Off|[of] p2a: Iron Treads
|
|upkeep
|turn|7
|
|t:|1758270699
|-terastallize|p1a: Porygon2|Ground
|move|p1a: Porygon2|Tera Blast|p2a: Iron Treads|[anim] Tera Blast Ground
|-supereffective|p2a: Iron Treads
|-damage|p2a: Iron Treads|5/100
|move|p2a: Iron Treads|Rapid Spin|p1a: Porygon2
|-damage|p1a: Porygon2|0 fnt
|-boost|p2a: Iron Treads|spe|1
|faint|p1a: Porygon2
|
|-heal|p2a: Iron Treads|12/100|[from] item: Leftovers
|upkeep
|inactive|lolproplayer has 120 seconds left.
|
|t:|1758270727
|switch|p1a: Volcanion|Volcanion|100/100
|-damage|p1a: Volcanion|84/100|[from] Spikes
|turn|8
|
|t:|1758270736
|-end|p2a: Iron Treads|Quark Drive|[silent]
|switch|p2a: Raging Bolt|Raging Bolt|100/100
|move|p1a: Volcanion|Earth Power|p2a: Raging Bolt
|-supereffective|p2a: Raging Bolt
|-damage|p2a: Raging Bolt|0 fnt
|faint|p2a: Raging Bolt
|-end|p2a: Raging Bolt|Protosynthesis|[silent]
|
|-fieldend|move: Trick Room
|upkeep
|
|t:|1758270743
|switch|p2a: Zamazenta|Zamazenta|100/100
|-ability|p2a: Zamazenta|Dauntless Shield|boost
|-boost|p2a: Zamazenta|def|1
|turn|9
|
|t:|1758270750
|move|p2a: Zamazenta|Close Combat|p1a: Volcanion
|-damage|p1a: Volcanion|21/100
|-unboost|p2a: Zamazenta|def|1
|-unboost|p2a: Zamazenta|spd|1
|-damage|p2a: Zamazenta|91/100|[from] item: Life Orb
|move|p1a: Volcanion|Earth Power|p2a: Zamazenta
|-damage|p2a: Zamazenta|23/100
|
|upkeep
|turn|10
|inactive|lolproplayer has 120 seconds left.
|
|t:|1758270774
|switch|p1a: Cresselia|Cresselia, F, shiny|100/100
|move|p2a: Zamazenta|Crunch|p1a: Cresselia
|-supereffective|p1a: Cresselia
|-damage|p1a: Cresselia|60/100
|-damage|p2a: Zamazenta|13/100|[from] item: Life Orb
|
|upkeep
|turn|11
|inactive|lolproplayer has 120 seconds left.
|
|t:|1758270789
|move|p2a: Zamazenta|Crunch|p1a: Cresselia
|-supereffective|p1a: Cresselia
|-damage|p1a: Cresselia|22/100
|-damage|p2a: Zamazenta|3/100|[from] item: Life Orb
|move|p1a: Cresselia|Trick Room|p1a: Cresselia
|-fieldstart|move: Trick Room|[of] p1a: Cresselia
|
|upkeep
|turn|12
|inactive|lolproplayer has 120 seconds left.
|
|t:|1758270806
|move|p1a: Cresselia|Moonblast|p2a: Zamazenta
|-supereffective|p2a: Zamazenta
|-damage|p2a: Zamazenta|0 fnt
|faint|p2a: Zamazenta
|
|upkeep
|
|t:|1758270809
|switch|p2a: Dragapult|Dragapult, M|100/100
|turn|13
|inactive|lolproplayer has 120 seconds left.
|
|t:|1758270826
|move|p1a: Cresselia|Lunar Dance|p1a: Cresselia
|faint|p1a: Cresselia
|move|p2a: Dragapult|Draco Meteor|p1: Cresselia|[notarget]
|-fail|p2a: Dragapult
|
|upkeep
|
|t:|1758270840
|switch|p1a: Hatterene|Hatterene, F|100/100
|-damage|p1a: Hatterene|84/100|[from] Spikes
|turn|14
|
|t:|1758270847
|move|p1a: Hatterene|Dazzling Gleam|p2a: Dragapult
|-supereffective|p2a: Dragapult
|-damage|p2a: Dragapult|0 fnt
|faint|p2a: Dragapult
|
|upkeep
|
|t:|1758270849
|switch|p2a: Iron Treads|Iron Treads|12/100
|turn|15
|
|t:|1758270852
|move|p1a: Hatterene|Dazzling Gleam|p2a: Iron Treads
|-resisted|p2a: Iron Treads
|-damage|p2a: Iron Treads|0 fnt
|faint|p2a: Iron Treads
|-end|p2a: Iron Treads|Quark Drive|[silent]
|
|win|lolproplayer
|raw|lolproplayer's rating: 1481 &rarr; <strong>1503</strong><br />(+22 for winning)
|raw|021324Mcqueen's rating: 1510 &rarr; <strong>1488</strong><br />(-22 for losing)
|l|☆021324Mcqueen
|player|p2|
|l|‽lolproplayer
|player|p1|
