|j|☆WeR#4Hay!
|j|☆jzhuc1841
|t:|1758250178
|gametype|singles
|player|p1|WeR#4Hay!|170|1634
|player|p2|jzhuc1841|hilbert-wonderlauncher|1587
|gen|9
|tier|[Gen 9] OU
|rated|
|rule|HP Percentage Mod: HP is shown in percentages
|rule|Endless Battle Clause: Forcing endless battles is banned
|rule|Species Clause: Limit one of each Pokémon
|rule|OHKO Clause: OHKO moves are banned
|rule|Evasion Items Clause: Evasion items are banned
|rule|Evasion Moves Clause: Evasion moves are banned
|rule|Evasion Abilities Clause: Evasion abilities are banned
|rule|Sleep Moves Clause: Sleep-inducing moves are banned
|clearpoke
|poke|p1|Hydrapple, F|
|poke|p1|Slowking, M|
|poke|p1|Iron Treads|
|poke|p1|Moltres|
|poke|p1|Zamazenta-*|
|poke|p1|Kingambit, F|
|poke|p2|Iron Crown|
|poke|p2|Dragapult, F|
|poke|p2|Zamazenta-*|
|poke|p2|Moltres|
|poke|p2|Ogerpon-Wellspring, F|
|poke|p2|Glimmora, F|
|teampreview
|
|t:|1758250187
|teamsize|p1|6
|teamsize|p2|6
|start
|switch|p1a: Hydrapple|Hydrapple, F|100/100
|switch|p2a: Zamazenta|Zamazenta|100/100
|-ability|p2a: Zamazenta|Dauntless Shield|boost
|-boost|p2a: Zamazenta|def|1
|turn|1
|
|t:|1758250196
|switch|p2a: Moltres|Moltres|100/100
|switch|p1a: Moltres|Moltres|100/100
|
|upkeep
|turn|2
|
|t:|1758250201
|move|p1a: Moltres|U-turn|p2a: Moltres
|-resisted|p2a: Moltres
|-damage|p2a: Moltres|98/100
|
|t:|1758250203
|switch|p1a: Slowking|Slowking, M|100/100|[from] U-turn
|move|p2a: Moltres|U-turn|p1a: Slowking
|-supereffective|p1a: Slowking
|-damage|p1a: Slowking|71/100
|
|t:|1758250209
|switch|p2a: Ogerpon|Ogerpon-Wellspring, F|100/100|[from] U-turn
|
|upkeep
|turn|3
|
|t:|1758250212
|switch|p1a: Moltres|Moltres|100/100
|move|p2a: Ogerpon|U-turn|p1a: Moltres
|-resisted|p1a: Moltres
|-damage|p1a: Moltres|96/100
|
|t:|1758250218
|switch|p2a: Glimmora|Glimmora, F|100/100|[from] U-turn
|
|upkeep
|turn|4
|
|t:|1758250221
|switch|p1a: Iron Treads|Iron Treads|100/100
|move|p2a: Glimmora|Meteor Beam||[still]
|-prepare|p2a: Glimmora|Meteor Beam
|-boost|p2a: Glimmora|spa|1
|-enditem|p2a: Glimmora|Power Herb
|-anim|p2a: Glimmora|Meteor Beam|p1a: Iron Treads
|-resisted|p1a: Iron Treads
|-damage|p1a: Iron Treads|83/100
|
|-heal|p1a: Iron Treads|89/100|[from] item: Leftovers
|upkeep
|turn|5
|
|t:|1758250237
|-end|p1a: Iron Treads|Quark Drive|[silent]
|switch|p1a: Hydrapple|Hydrapple, F|100/100
|-terastallize|p2a: Glimmora|Flying
|move|p2a: Glimmora|Earth Power|p1a: Hydrapple
|-resisted|p1a: Hydrapple
|-damage|p1a: Hydrapple|76/100
|
|upkeep
|turn|6
|
|t:|1758250247
|move|p2a: Glimmora|Sludge Wave|p1a: Hydrapple
|-supereffective|p1a: Hydrapple
|-damage|p1a: Hydrapple|0 fnt
|faint|p1a: Hydrapple
|
|upkeep
|
|t:|1758250252
|switch|p1a: Slowking|Slowking, M|100/100
|turn|7
|
|t:|1758250256
|move|p2a: Glimmora|Energy Ball|p1a: Slowking
|-supereffective|p1a: Slowking
|-damage|p1a: Slowking|41/100
|move|p1a: Slowking|Thunder Wave|p2a: Glimmora
|-status|p2a: Glimmora|par
|
|upkeep
|turn|8
|
|t:|1758250266
|switch|p1a: TheTransGambit|Kingambit, F|100/100
|-activate|p1a: TheTransGambit|ability: Supreme Overlord
|-start|p1a: TheTransGambit|fallen1|[silent]
|cant|p2a: Glimmora|par
|
|upkeep
|turn|9
|
|t:|1758250272
|switch|p2a: Moltres|Moltres|98/100
|move|p1a: TheTransGambit|Iron Head|p2a: Moltres
|-resisted|p2a: Moltres
|-damage|p2a: Moltres|82/100
|-status|p1a: TheTransGambit|brn|[from] ability: Flame Body|[of] p2a: Moltres
|
|-damage|p1a: TheTransGambit|94/100 brn|[from] brn
|upkeep
|turn|10
|
|t:|1758250280
|-end|p1a: TheTransGambit|fallen1|[silent]
|switch|p1a: Slowking|Slowking, M|74/100
|move|p2a: Moltres|U-turn|p1a: Slowking
|-supereffective|p1a: Slowking
|-damage|p1a: Slowking|44/100
|
|t:|1758250286
|switch|p2a: Ogerpon|Ogerpon-Wellspring, F|100/100|[from] U-turn
|
|upkeep
|turn|11
|
|t:|1758250290
|switch|p1a: Moltres|Moltres|96/100
|move|p2a: Ogerpon|Ivy Cudgel|p1a: Moltres|[anim] Ivy Cudgel Water
|-supereffective|p1a: Moltres
|-damage|p1a: Moltres|16/100
|
|upkeep
|turn|12
|-message|WeR#4Hay! forfeited.
|
|win|jzhuc1841
|raw|WeR#4Hay!'s rating: 1634 &rarr; <strong>1611</strong><br />(-23 for losing)
|raw|jzhuc1841's rating: 1587 &rarr; <strong>1610</strong><br />(+23 for winning)
|l|☆WeR#4Hay!
|player|p1|
|l|☆jzhuc1841
|player|p2|
|j|☆jzhuc1841
|player|p2|jzhuc1841|hilbert-wonderlauncher|
