|j|☆SamiFawad
|j|☆math76
|t:|1758269088
|gametype|singles
|player|p1|SamiFawad|265|1658
|player|p2|math76|ghetsis|1587
|gen|9
|tier|[Gen 9] OU
|rated|
|rule|HP Percentage Mod: HP is shown in percentages
|rule|Endless Battle Clause: Forcing endless battles is banned
|rule|Species Clause: Limit one of each Pokémon
|rule|OHKO Clause: OHKO moves are banned
|rule|Evasion Items Clause: Evasion items are banned
|rule|Evasion Moves Clause: Evasion moves are banned
|rule|Evasion Abilities Clause: Evasion abilities are banned
|rule|Sleep Moves Clause: Sleep-inducing moves are banned
|clearpoke
|poke|p1|Slowking-Galar, F|
|poke|p1|Samurott-Hisui, M|
|poke|p1|Landorus-Therian, M|
|poke|p1|Pecharunt|
|poke|p1|Ogerpon-Cornerstone, F|
|poke|p1|Great Tusk|
|poke|p2|Pelipper, F|
|poke|p2|Barraskewda, M|
|poke|p2|Manaphy|
|poke|p2|Zapdos|
|poke|p2|Amoonguss, F|
|poke|p2|Kingdra, M|
|teampreview
|
|t:|1758269109
|teamsize|p1|6
|teamsize|p2|6
|start
|switch|p1a: Pecharunt|Pecharunt|100/100
|switch|p2a: Pelipper|Pelipper, F|100/100
|-weather|RainDance|[from] ability: Drizzle|[of] p2a: Pelipper
|turn|1
|
|t:|1758269118
|move|p1a: Pecharunt|Malignant Chain|p2a: Pelipper
|-damage|p2a: Pelipper|40/100
|move|p2a: Pelipper|U-turn|p1a: Pecharunt
|-resisted|p1a: Pecharunt
|-damage|p1a: Pecharunt|99/100
|-damage|p2a: Pelipper|23/100|[from] item: Rocky Helmet|[of] p1a: Pecharunt
|j| Gen9oupipipi
|
|t:|1758269154
|switch|p2a: Kingdra|Kingdra, M|100/100|[from] U-turn
|
|-weather|RainDance|[upkeep]
|upkeep
|turn|2
|
|t:|1758269159
|-terastallize|p2a: Kingdra|Water
|move|p2a: Kingdra|Weather Ball|p1a: Pecharunt
|-damage|p1a: Pecharunt|0 fnt
|faint|p1a: Pecharunt
|
|-weather|RainDance|[upkeep]
|upkeep
|
|t:|1758269167
|switch|p1a: Ogerpon|Ogerpon-Cornerstone, F|100/100
|turn|3
|
|t:|1758269179
|move|p2a: Kingdra|Weather Ball|p1a: Ogerpon
|-ability|p1a: Ogerpon|Sturdy
|-damage|p1a: Ogerpon|1/100
|move|p1a: Ogerpon|Horn Leech|p2a: Kingdra
|-supereffective|p2a: Kingdra
|-crit|p2a: Kingdra
|-damage|p2a: Kingdra|0 fnt
|-heal|p1a: Ogerpon|49/100|[from] drain|[of] p2a: Kingdra
|faint|p2a: Kingdra
|
|-weather|RainDance|[upkeep]
|upkeep
|
|t:|1758269206
|switch|p2a: Barraskewda|Barraskewda, M|100/100
|turn|4
|
|t:|1758269213
|move|p2a: Barraskewda|Liquidation|p1a: Ogerpon
|-damage|p1a: Ogerpon|0 fnt
|faint|p1a: Ogerpon
|
|-weather|RainDance|[upkeep]
|upkeep
|
|t:|1758269222
|switch|p1a: Great Tusk|Great Tusk|100/100
|turn|5
|
|t:|1758269226
|-terastallize|p1a: Great Tusk|Water
|move|p2a: Barraskewda|Liquidation|p1a: Great Tusk
|-resisted|p1a: Great Tusk
|-damage|p1a: Great Tusk|75/100
|-damage|p2a: Barraskewda|84/100|[from] item: Rocky Helmet|[of] p1a: Great Tusk
|move|p1a: Great Tusk|Stealth Rock|p2a: Barraskewda
|-sidestart|p2: math76|move: Stealth Rock
|
|-weather|RainDance|[upkeep]
|upkeep
|turn|6
|
|t:|1758269238
|switch|p2a: Manaphy|Manaphy|100/100
|-damage|p2a: Manaphy|88/100|[from] Stealth Rock
|move|p1a: Great Tusk|Knock Off|p2a: Manaphy
|-damage|p2a: Manaphy|63/100
|-enditem|p2a: Manaphy|Leftovers|[from] move: Knock Off|[of] p1a: Great Tusk
|
|-weather|RainDance|[upkeep]
|upkeep
|turn|7
|
|t:|1758269246
|-end|p1a: Great Tusk|Protosynthesis|[silent]
|switch|p1a: Samurott|Samurott-Hisui, M|100/100
|move|p2a: Manaphy|Rest|p2a: Manaphy
|-status|p2a: Manaphy|slp|[from] move: Rest
|-heal|p2a: Manaphy|100/100 slp|[silent]
|
|-weather|RainDance|[upkeep]
|-activate|p2a: Manaphy|ability: Hydration
|-curestatus|p2a: Manaphy|slp|[msg]
|upkeep
|turn|8
|
|t:|1758269251
|move|p1a: Samurott|Ceaseless Edge|p2a: Manaphy
|-damage|p2a: Manaphy|62/100
|-sidestart|p2: math76|Spikes
|move|p2a: Manaphy|Tail Glow|p2a: Manaphy
|-boost|p2a: Manaphy|spa|3
|
|-weather|none
|upkeep
|turn|9
|
|t:|1758269259
|move|p1a: Samurott|Ceaseless Edge|p2a: Manaphy
|-damage|p2a: Manaphy|20/100
|-sidestart|p2: math76|Spikes
|move|p2a: Manaphy|Alluring Voice|p1a: Samurott
|-supereffective|p1a: Samurott
|-enditem|p1a: Samurott|Focus Sash
|-damage|p1a: Samurott|1/100
|
|upkeep
|turn|10
|
|t:|1758269265
|move|p1a: Samurott|Ceaseless Edge|p2a: Manaphy
|-damage|p2a: Manaphy|0 fnt
|-sidestart|p2: math76|Spikes
|faint|p2a: Manaphy
|
|upkeep
|-message|math76 forfeited.
|
|win|SamiFawad
|raw|SamiFawad's rating: 1658 &rarr; <strong>1674</strong><br />(+16 for winning)
|raw|math76's rating: 1587 &rarr; <strong>1571</strong><br />(-16 for losing)
|l|☆math76
|player|p2|
|j| messy401
|l|☆SamiFawad
|player|p1|
|l| Gen9oupipipi
