|j|☆KianChopperYT
|j|☆ouku bakuza
|t:|1758343501
|gametype|singles
|player|p1|KianChopperYT|1|1543
|player|p2|ouku bakuza|169|1551
|gen|9
|tier|[Gen 9] OU
|rated|
|rule|HP Percentage Mod: HP is shown in percentages
|rule|Endless Battle Clause: Forcing endless battles is banned
|rule|Species Clause: Limit one of each Pokémon
|rule|OHKO Clause: OHKO moves are banned
|rule|Evasion Items Clause: Evasion items are banned
|rule|Evasion Moves Clause: Evasion moves are banned
|rule|Evasion Abilities Clause: Evasion abilities are banned
|rule|Sleep Moves Clause: Sleep-inducing moves are banned
|clearpoke
|poke|p1|Dragonite, F|
|poke|p1|Deoxys-Speed|
|poke|p1|Scizor, M|
|poke|p1|Kyurem|
|poke|p1|Zoroark-Hisui, M|
|poke|p1|Zapdos|
|poke|p2|Great Tusk|
|poke|p2|Dragonite, M|
|poke|p2|Gholdengo|
|poke|p2|Iron Treads|
|poke|p2|Rotom-Wash|
|poke|p2|Iron Valiant|
|teampreview
|inactive|Battle timer is ON: inactive players will automatically lose when time's up. (requested by KianChopperYT)
|
|t:|1758343511
|teamsize|p1|6
|teamsize|p2|6
|start
|switch|p1a: Scizor|Scizor, M, shiny|100/100
|switch|p2a: Iron Treads|Iron Treads|100/100
|-enditem|p2a: Iron Treads|Booster Energy
|-activate|p2a: Iron Treads|ability: Quark Drive|[fromitem]
|-start|p2a: Iron Treads|quarkdrivespe
|turn|1
|
|t:|1758343517
|move|p2a: Iron Treads|Stealth Rock|p1a: Scizor
|-sidestart|p1: KianChopperYT|move: Stealth Rock
|move|p1a: Scizor|Nasty Plot|p1a: Scizor
|-boost|p1a: Scizor|spa|2
|
|upkeep
|turn|2
|
|t:|1758343521
|move|p2a: Iron Treads|Iron Head|p1a: Scizor
|-damage|p1a: Scizor|18/100
|replace|p1a: Zoroark|Zoroark-Hisui, M
|-end|p1a: Zoroark|Illusion
|move|p1a: Zoroark|Flamethrower|p2a: Iron Treads
|-supereffective|p2a: Iron Treads
|-damage|p2a: Iron Treads|0 fnt
|faint|p2a: Iron Treads
|-end|p2a: Iron Treads|Quark Drive|[silent]
|
|upkeep
|
|t:|1758343529
|switch|p2a: Rotom|Rotom-Wash|100/100
|turn|3
|
|t:|1758343531
|move|p2a: Rotom|Volt Switch|p1a: Zoroark
|-damage|p1a: Zoroark|0 fnt
|faint|p1a: Zoroark
|
|t:|1758343539
|switch|p2a: van gho|Gholdengo|100/100|[from] Volt Switch
|
|upkeep
|
|t:|1758343552
|switch|p1a: Scizor|Scizor, M, shiny|100/100
|-damage|p1a: Scizor|88/100|[from] Stealth Rock
|turn|4
|
|t:|1758343568
|switch|p2a: good horns|Great Tusk|100/100
|-enditem|p2a: good horns|Booster Energy
|-activate|p2a: good horns|ability: Protosynthesis|[fromitem]
|-start|p2a: good horns|protosynthesisatk
|move|p1a: Scizor|Knock Off|p2a: good horns
|-resisted|p2a: good horns
|-damage|p2a: good horns|91/100
|
|upkeep
|turn|5
|
|t:|1758343574
|move|p2a: good horns|Rapid Spin|p1a: Scizor
|-resisted|p1a: Scizor
|-damage|p1a: Scizor|75/100
|-boost|p2a: good horns|spe|1
|-damage|p2a: good horns|75/100|[from] item: Rocky Helmet|[of] p1a: Scizor
|move|p1a: Scizor|Defog|p2a: good horns
|-unboost|p2a: good horns|evasion|1
|-sideend|p1: KianChopperYT|Stealth Rock|[from] move: Defog|[of] p1a: Scizor
|
|upkeep
|turn|6
|
|t:|1758343582
|move|p2a: good horns|Earthquake|p1a: Scizor
|-damage|p1a: Scizor|0 fnt
|faint|p1a: Scizor
|
|upkeep
|
|t:|1758343587
|switch|p1a: Kyurem|Kyurem|100/100
|-ability|p1a: Kyurem|Pressure
|turn|7
|
|t:|1758343611
|move|p2a: good horns|Close Combat|p1a: Kyurem
|-supereffective|p1a: Kyurem
|-enditem|p1a: Kyurem|Focus Sash
|-damage|p1a: Kyurem|1/100
|-unboost|p2a: good horns|def|1
|-unboost|p2a: good horns|spd|1
|move|p1a: Kyurem|Ice Beam|p2a: good horns
|-supereffective|p2a: good horns
|-damage|p2a: good horns|0 fnt
|faint|p2a: good horns
|-end|p2a: good horns|Protosynthesis|[silent]
|
|upkeep
|inactive|ouku bakuza has 120 seconds left.
|
|t:|1758343642
|switch|p2a: Iron Valiant|Iron Valiant|100/100
|-enditem|p2a: Iron Valiant|Booster Energy
|-activate|p2a: Iron Valiant|ability: Quark Drive|[fromitem]
|-start|p2a: Iron Valiant|quarkdrivespe
|turn|8
|
|t:|1758343644
|move|p2a: Iron Valiant|Spirit Break|p1a: Kyurem
|-supereffective|p1a: Kyurem
|-crit|p1a: Kyurem
|-damage|p1a: Kyurem|0 fnt
|faint|p1a: Kyurem
|
|upkeep
|
|t:|1758343646
|switch|p1a: Zapdos|Zapdos|100/100
|turn|9
|inactive|ouku bakuza has 120 seconds left.
|
|t:|1758343658
|move|p2a: Iron Valiant|Ice Punch|p1a: Zapdos
|-supereffective|p1a: Zapdos
|-damage|p1a: Zapdos|60/100
|-status|p2a: Iron Valiant|par|[from] ability: Static|[of] p1a: Zapdos
|move|p1a: Zapdos|Volt Switch|p2a: Iron Valiant
|-crit|p2a: Iron Valiant
|-damage|p2a: Iron Valiant|18/100 par
|
|t:|1758343662
|switch|p1a: Deoxys|Deoxys-Speed, shiny|100/100|[from] Volt Switch
|-ability|p1a: Deoxys|Pressure
|
|upkeep
|turn|10
|
|t:|1758343665
|move|p1a: Deoxys|Stealth Rock|p2a: Iron Valiant
|-sidestart|p2: ouku bakuza|move: Stealth Rock
|cant|p2a: Iron Valiant|par
|
|upkeep
|turn|11
|
|t:|1758343667
|move|p1a: Deoxys|Ice Beam|p2a: Iron Valiant
|-damage|p2a: Iron Valiant|0 fnt
|faint|p2a: Iron Valiant
|-end|p2a: Iron Valiant|Quark Drive|[silent]
|
|upkeep
|
|t:|1758343671
|switch|p2a: van gho|Gholdengo|100/100
|-damage|p2a: van gho|94/100|[from] Stealth Rock
|turn|12
|
|t:|1758343676
|move|p1a: Deoxys|Knock Off|p2a: van gho
|-supereffective|p2a: van gho
|-damage|p2a: van gho|64/100
|-enditem|p2a: van gho|Leftovers|[from] move: Knock Off|[of] p1a: Deoxys
|move|p2a: van gho|Nasty Plot|p2a: van gho
|-boost|p2a: van gho|spa|2
|
|upkeep
|turn|13
|
|t:|1758343680
|move|p1a: Deoxys|Knock Off|p2a: van gho
|-supereffective|p2a: van gho
|-damage|p2a: van gho|45/100
|move|p2a: van gho|Recover|p2a: van gho
|-heal|p2a: van gho|95/100
|
|upkeep
|turn|14
|
|t:|1758343685
|move|p1a: Deoxys|Knock Off|p2a: van gho
|-supereffective|p2a: van gho
|-damage|p2a: van gho|76/100
|move|p2a: van gho|Nasty Plot|p2a: van gho
|-boost|p2a: van gho|spa|2
|
|upkeep
|turn|15
|
|t:|1758343690
|switch|p1a: one man army|Dragonite, F, shiny|100/100
|move|p2a: van gho|Recover|p2a: van gho
|-heal|p2a: van gho|100/100
|
|upkeep
|turn|16
|
|t:|1758343694
|move|p1a: one man army|Encore|p2a: van gho
|-immune|p2a: van gho|[from] ability: Good as Gold
|move|p2a: van gho|Make It Rain|p1a: one man army
|-damage|p1a: one man army|8/100
|-unboost|p2a: van gho|spa|1
|
|-heal|p1a: one man army|14/100|[from] item: Leftovers
|upkeep
|turn|17
|
|t:|1758343701
|-terastallize|p1a: one man army|Ghost
|move|p1a: one man army|Tera Blast|p2a: van gho|[anim] Tera Blast Ghost
|-supereffective|p2a: van gho
|-damage|p2a: van gho|42/100
|move|p2a: van gho|Shadow Ball|p1a: one man army
|-supereffective|p1a: one man army
|-damage|p1a: one man army|0 fnt
|faint|p1a: one man army
|
|upkeep
|
|t:|1758343708
|switch|p1a: Zapdos|Zapdos|60/100
|turn|18
|
|t:|1758343711
|switch|p2a: Rotom|Rotom-Wash|100/100
|-damage|p2a: Rotom|88/100|[from] Stealth Rock
|move|p1a: Zapdos|Volt Switch|p2a: Rotom
|-damage|p2a: Rotom|55/100
|
|t:|1758343713
|switch|p1a: Deoxys|Deoxys-Speed, shiny|100/100|[from] Volt Switch
|-ability|p1a: Deoxys|Pressure
|
|upkeep
|turn|19
|
|t:|1758343716
|move|p1a: Deoxys|Knock Off|p2a: Rotom
|-damage|p2a: Rotom|36/100
|-enditem|p2a: Rotom|Choice Scarf|[from] move: Knock Off|[of] p1a: Deoxys
|move|p2a: Rotom|Volt Switch|p1a: Deoxys
|-damage|p1a: Deoxys|61/100
|
|t:|1758343725
|switch|p2a: van gho|Gholdengo|42/100|[from] Volt Switch
|-damage|p2a: van gho|36/100|[from] Stealth Rock
|
|upkeep
|turn|20
|
|t:|1758343732
|switch|p1a: Zapdos|Zapdos|60/100
|move|p2a: van gho|Recover|p2a: van gho
|-heal|p2a: van gho|87/100
|
|upkeep
|turn|21
|
|t:|1758343737
|move|p1a: Zapdos|Volt Switch|p2a: van gho
|-damage|p2a: van gho|55/100
|
|t:|1758343742
|switch|p1a: Deoxys|Deoxys-Speed, shiny|61/100|[from] Volt Switch
|-ability|p1a: Deoxys|Pressure
|move|p2a: van gho|Shadow Ball|p1a: Deoxys
|-supereffective|p1a: Deoxys
|-damage|p1a: Deoxys|0 fnt
|faint|p1a: Deoxys
|
|upkeep
|
|t:|1758343744
|switch|p1a: Zapdos|Zapdos|60/100
|turn|22
|
|t:|1758343752
|move|p1a: Zapdos|Volt Switch|p2a: van gho
|-damage|p2a: van gho|26/100
|move|p2a: van gho|Shadow Ball|p1a: Zapdos
|-damage|p1a: Zapdos|26/100
|
|upkeep
|turn|23
|
|t:|1758343756
|move|p1a: Zapdos|Volt Switch|p2a: van gho
|-damage|p2a: van gho|0 fnt
|faint|p2a: van gho
|
|upkeep
|
|t:|1758343762
|switch|p2a: Rotom|Rotom-Wash|36/100
|-damage|p2a: Rotom|24/100|[from] Stealth Rock
|turn|24
|l|☆KianChopperYT
|inactive|KianChopperYT disconnected and has a minute to reconnect!
|player|p1|
|inactive|KianChopperYT has 30 seconds to reconnect!
|inactive|KianChopperYT has 20 seconds to reconnect!
|inactive|KianChopperYT has 15 seconds to reconnect!
|inactive|KianChopperYT has 10 seconds to reconnect!
|inactive|KianChopperYT has 5 seconds to reconnect!
|-message|KianChopperYT lost due to inactivity.
|
|win|ouku bakuza
|raw|KianChopperYT's rating: 1543 &rarr; <strong>1523</strong><br />(-20 for losing)
|raw|ouku bakuza's rating: 1551 &rarr; <strong>1571</strong><br />(+20 for winning)
|l|☆ouku bakuza
|player|p2|
