|j|☆UnyilAnakBaikHati
|j|☆pejelegante
|t:|1758288774
|gametype|singles
|player|p1|UnyilAnakBaikHati|colress|1172
|player|p2|pejelegante|hugh|1178
|gen|9
|tier|[Gen 9] OU
|rated|
|rule|HP Percentage Mod: HP is shown in percentages
|rule|Endless Battle Clause: Forcing endless battles is banned
|rule|Species Clause: Limit one of each Pokémon
|rule|OHKO Clause: OHKO moves are banned
|rule|Evasion Items Clause: Evasion items are banned
|rule|Evasion Moves Clause: Evasion moves are banned
|rule|Evasion Abilities Clause: Evasion abilities are banned
|rule|Sleep Moves Clause: Sleep-inducing moves are banned
|clearpoke
|poke|p1|Dragonite, M|
|poke|p1|Gholdengo|
|poke|p1|Regidrago|
|poke|p1|Scizor, M|
|poke|p1|Ting-Lu|
|poke|p1|Weezing-Galar, M|
|poke|p2|Lokix, M|
|poke|p2|Enamorus, F|
|poke|p2|Empoleon, F|
|poke|p2|Iron Treads|
|poke|p2|Gholdengo|
|poke|p2|Cinderace, F|
|teampreview
|inactive|Battle timer is ON: inactive players will automatically lose when time's up. (requested by pejelegante)
|
|t:|1758288793
|teamsize|p1|6
|teamsize|p2|6
|start
|switch|p1a: Scizor|Scizor, M|100/100
|switch|p2a: Idc bout your type|Lokix, M, shiny|100/100
|turn|1
|
|t:|1758288807
|move|p2a: Idc bout your type|U-turn|p1a: Scizor
|-resisted|p1a: Scizor
|-damage|p1a: Scizor|53/100
|-damage|p2a: Idc bout your type|91/100|[from] item: Life Orb
|
|t:|1758288812
|switch|p2a: Enamorus|Enamorus, F|100/100|[from] U-turn
|move|p1a: Scizor|Close Combat|p2a: Enamorus
|-resisted|p2a: Enamorus
|-damage|p2a: Enamorus|73/100
|-unboost|p1a: Scizor|def|1
|-unboost|p1a: Scizor|spd|1
|
|upkeep
|turn|2
|
|t:|1758288829
|switch|p1a: Weezing|Weezing-Galar, M|100/100
|-ability|p1a: Weezing|Neutralizing Gas
|move|p2a: Enamorus|Moonblast|p1a: Weezing
|-resisted|p1a: Weezing
|-damage|p1a: Weezing|66/100
|
|upkeep
|turn|3
|
|t:|1758288835
|switch|p2a: Empoleon|Empoleon, F|100/100
|move|p1a: Weezing|Sludge Bomb|p2a: Empoleon
|-immune|p2a: Empoleon
|
|upkeep
|turn|4
|c|☆pejelegante|Choice band scizor, cool
|
|t:|1758288857
|move|p2a: Empoleon|Stealth Rock|p1a: Weezing
|-sidestart|p1: UnyilAnakBaikHati|move: Stealth Rock
|move|p1a: Weezing|Will-O-Wisp|p2a: Empoleon
|-status|p2a: Empoleon|brn
|
|-damage|p2a: Empoleon|94/100 brn|[from] brn
|upkeep
|turn|5
|
|t:|1758288870
|move|p2a: Empoleon|Surf|p1a: Weezing
|-damage|p1a: Weezing|18/100
|move|p1a: Weezing|Defog|p2a: Empoleon
|-unboost|p2a: Empoleon|evasion|1
|-sideend|p1: UnyilAnakBaikHati|Stealth Rock|[from] move: Defog|[of] p1a: Weezing
|
|-heal|p2a: Empoleon|100/100 brn|[from] item: Leftovers
|-damage|p2a: Empoleon|94/100 brn|[from] brn
|upkeep
|turn|6
|
|t:|1758288878
|move|p2a: Empoleon|Stealth Rock|p1a: Weezing
|-sidestart|p1: UnyilAnakBaikHati|move: Stealth Rock
|move|p1a: Weezing|Pain Split|p2a: Empoleon
|-sethp|p2a: Empoleon|56/100 brn|[from] move: Pain Split|[silent]
|-sethp|p1a: Weezing|58/100|[from] move: Pain Split
|
|-heal|p2a: Empoleon|62/100 brn|[from] item: Leftovers
|-damage|p2a: Empoleon|56/100 brn|[from] brn
|upkeep
|turn|7
|
|t:|1758288885
|switch|p2a: Gholdengo|Gholdengo|100/100
|-item|p2a: Gholdengo|Air Balloon
|-end|p1a: Weezing|ability: Neutralizing Gas
|switch|p1a: Dragonite|Dragonite, M, shiny|100/100
|
|upkeep
|turn|8
|
|t:|1758288894
|switch|p1a: Scizor|Scizor, M|53/100
|-damage|p1a: Scizor|41/100|[from] Stealth Rock
|move|p2a: Gholdengo|Nasty Plot|p2a: Gholdengo
|-boost|p2a: Gholdengo|spa|2
|
|upkeep
|turn|9
|
|t:|1758288900
|move|p2a: Gholdengo|Shadow Ball|p1a: Scizor
|-damage|p1a: Scizor|0 fnt
|faint|p1a: Scizor
|
|upkeep
|
|t:|1758288904
|switch|p1a: Gholdengo|Gholdengo|100/100
|-damage|p1a: Gholdengo|94/100|[from] Stealth Rock
|turn|10
|
|t:|1758288910
|move|p2a: Gholdengo|Shadow Ball|p1a: Gholdengo
|-supereffective|p1a: Gholdengo
|-damage|p1a: Gholdengo|0 fnt
|faint|p1a: Gholdengo
|
|upkeep
|
|t:|1758288917
|switch|p1a: Ting-Lu|Ting-Lu|100/100
|-damage|p1a: Ting-Lu|94/100|[from] Stealth Rock
|-ability|p1a: Ting-Lu|Vessel of Ruin
|turn|11
|-message|UnyilAnakBaikHati forfeited.
|
|win|pejelegante
|raw|UnyilAnakBaikHati's rating: 1172 &rarr; <strong>1147</strong><br />(-25 for losing)
|raw|pejelegante's rating: 1178 &rarr; <strong>1203</strong><br />(+25 for winning)
|l|☆UnyilAnakBaikHati
|player|p1|
|c|☆pejelegante|Gg
