|j|☆jerson666
|j|☆Natorito
|t:|1758330964
|gametype|singles
|player|p1|jerson666|101|1129
|player|p2|Natorito|265|1128
|gen|9
|tier|[Gen 9] OU
|rated|
|rule|HP Percentage Mod: HP is shown in percentages
|rule|Endless Battle Clause: Forcing endless battles is banned
|rule|Species Clause: Limit one of each Pokémon
|rule|OHKO Clause: OHKO moves are banned
|rule|Evasion Items Clause: Evasion items are banned
|rule|Evasion Moves Clause: Evasion moves are banned
|rule|Evasion Abilities Clause: Evasion abilities are banned
|rule|Sleep Moves Clause: Sleep-inducing moves are banned
|clearpoke
|poke|p1|Scizor, M|
|poke|p1|Hippowdon, M|
|poke|p1|Azumarill, F|
|poke|p1|Amoonguss, M|
|poke|p1|Muk-Alola, F|
|poke|p1|Sableye, M|
|poke|p2|Slowbro-Galar, F|
|poke|p2|Mudsdale, F|
|poke|p2|Malamar, F|
|poke|p2|Noctowl, F|
|poke|p2|Rotom-Heat|
|poke|p2|Milotic, M|
|teampreview
|
|t:|1758330977
|teamsize|p1|6
|teamsize|p2|6
|start
|switch|p1a: Hippowdon|Hippowdon, M|100/100
|switch|p2a: Rotom|Rotom-Heat, shiny|100/100
|-weather|Sandstorm|[from] ability: Sand Stream|[of] p1a: Hippowdon
|turn|1
|inactive|Battle timer is ON: inactive players will automatically lose when time's up. (requested by Natorito)
|
|t:|1758330985
|move|p2a: Rotom|Trick|p1a: Hippowdon
|-activate|p2a: Rotom|move: Trick|[of] p1a: Hippowdon
|-item|p1a: Hippowdon|Choice Scarf|[from] move: Trick
|-item|p2a: Rotom|Leftovers|[from] move: Trick
|move|p1a: Hippowdon|Stealth Rock|p2a: Rotom
|-sidestart|p2: Natorito|move: Stealth Rock
|
|-weather|Sandstorm|[upkeep]
|-damage|p2a: Rotom|94/100|[from] Sandstorm
|-heal|p2a: Rotom|100/100|[from] item: Leftovers
|upkeep
|turn|2
|
|t:|1758330996
|switch|p1a: Azumarill|Azumarill, F|100/100
|move|p2a: Rotom|Will-O-Wisp|p1a: Azumarill
|-status|p1a: Azumarill|brn
|
|-weather|Sandstorm|[upkeep]
|-damage|p2a: Rotom|94/100|[from] Sandstorm
|-damage|p1a: Azumarill|94/100 brn|[from] Sandstorm
|-heal|p2a: Rotom|100/100|[from] item: Leftovers
|-damage|p1a: Azumarill|88/100 brn|[from] brn
|upkeep
|turn|3
|
|t:|1758331009
|move|p1a: Azumarill|Aqua Jet|p2a: Rotom
|-supereffective|p2a: Rotom
|-damage|p2a: Rotom|61/100
|-damage|p1a: Azumarill|78/100 brn|[from] item: Life Orb
|move|p2a: Rotom|Volt Switch|p1a: Azumarill
|-supereffective|p1a: Azumarill
|-damage|p1a: Azumarill|8/100 brn
|
|t:|1758331027
|switch|p2a: Noctowl|Noctowl, F, shiny|100/100|[from] Volt Switch
|
|-weather|Sandstorm|[upkeep]
|-damage|p1a: Azumarill|2/100 brn|[from] Sandstorm
|-damage|p2a: Noctowl|94/100|[from] Sandstorm
|-damage|p1a: Azumarill|0 fnt|[from] brn
|faint|p1a: Azumarill
|upkeep
|
|t:|1758331037
|switch|p1a: Scizor|Scizor, M|100/100
|turn|4
|
|t:|1758331049
|switch|p2a: Mudsdale|Mudsdale, F|100/100
|-damage|p2a: Mudsdale|94/100|[from] Stealth Rock
|move|p1a: Scizor|Bullet Punch|p2a: Mudsdale
|-damage|p2a: Mudsdale|64/100
|-ability|p2a: Mudsdale|Stamina|boost
|-boost|p2a: Mudsdale|def|1
|
|-weather|Sandstorm|[upkeep]
|-heal|p2a: Mudsdale|71/100|[from] item: Leftovers
|upkeep
|turn|5
|
|t:|1758331062
|move|p1a: Scizor|Bullet Punch|p2a: Mudsdale
|-crit|p2a: Mudsdale
|-damage|p2a: Mudsdale|21/100
|-ability|p2a: Mudsdale|Stamina|boost
|-boost|p2a: Mudsdale|def|1
|move|p2a: Mudsdale|Stealth Rock|p1a: Scizor
|-sidestart|p1: jerson666|move: Stealth Rock
|
|-weather|none
|-heal|p2a: Mudsdale|27/100|[from] item: Leftovers
|upkeep
|turn|6
|
|t:|1758331073
|move|p1a: Scizor|Bullet Punch|p2a: Mudsdale
|-damage|p2a: Mudsdale|12/100
|-ability|p2a: Mudsdale|Stamina|boost
|-boost|p2a: Mudsdale|def|1
|move|p2a: Mudsdale|Body Press|p1a: Scizor
|-damage|p1a: Scizor|25/100
|
|-heal|p2a: Mudsdale|19/100|[from] item: Leftovers
|upkeep
|turn|7
|
|t:|1758331085
|switch|p1a: Muk|Muk-Alola, F|100/100
|-damage|p1a: Muk|88/100|[from] Stealth Rock
|move|p2a: Mudsdale|Body Press|p1a: Muk
|-damage|p1a: Muk|31/100
|
|-heal|p1a: Muk|37/100|[from] item: Black Sludge
|-heal|p2a: Mudsdale|25/100|[from] item: Leftovers
|upkeep
|turn|8
|
|t:|1758331104
|switch|p1a: Amoonguss|Amoonguss, M|100/100
|-damage|p1a: Amoonguss|88/100|[from] Stealth Rock
|move|p2a: Mudsdale|Body Press|p1a: Amoonguss
|-resisted|p1a: Amoonguss
|-damage|p1a: Amoonguss|63/100
|
|-heal|p2a: Mudsdale|31/100|[from] item: Leftovers
|-heal|p1a: Amoonguss|70/100|[from] item: Black Sludge
|upkeep
|turn|9
|inactive|Natorito has 120 seconds left.
|
|t:|1758331148
|switch|p2a: Malamar|Malamar, F|100/100
|-damage|p2a: Malamar|88/100|[from] Stealth Rock
|move|p1a: Amoonguss|Clear Smog|p2a: Malamar
|-damage|p2a: Malamar|67/100
|-clearboost|p2a: Malamar
|
|-heal|p1a: Amoonguss|76/100|[from] item: Black Sludge
|upkeep
|turn|10
|
|t:|1758331165
|move|p2a: Malamar|Switcheroo|p1a: Amoonguss
|-activate|p2a: Malamar|move: Trick|[of] p1a: Amoonguss
|-item|p1a: Amoonguss|Choice Scarf|[from] move: Switcheroo
|-item|p2a: Malamar|Black Sludge|[from] move: Switcheroo
|move|p1a: Amoonguss|Foul Play|p2a: Malamar
|-damage|p2a: Malamar|37/100
|
|-damage|p2a: Malamar|25/100|[from] item: Black Sludge
|upkeep
|turn|11
|
|t:|1758331180
|switch|p2a: Noctowl|Noctowl, F, shiny|94/100
|move|p1a: Amoonguss|Foul Play|p2a: Noctowl
|-damage|p2a: Noctowl|76/100
|
|upkeep
|turn|12
|
|t:|1758331193
|switch|p1a: Sableye|Sableye, M|100/100
|-damage|p1a: Sableye|88/100|[from] Stealth Rock
|move|p2a: Noctowl|Curse|p2a: Noctowl
|-unboost|p2a: Noctowl|spe|1
|-boost|p2a: Noctowl|atk|1
|-boost|p2a: Noctowl|def|1
|
|-heal|p1a: Sableye|94/100|[from] item: Leftovers
|upkeep
|turn|13
|inactive|Natorito has 120 seconds left.
|
|t:|1758331207
|move|p1a: Sableye|Foul Play|p2a: Noctowl
|-damage|p2a: Noctowl|47/100
|move|p2a: Noctowl|Curse|p2a: Noctowl
|-unboost|p2a: Noctowl|spe|1
|-boost|p2a: Noctowl|atk|1
|-boost|p2a: Noctowl|def|1
|
|-heal|p1a: Sableye|100/100|[from] item: Leftovers
|upkeep
|turn|14
|inactive|Natorito has 120 seconds left.
|
|t:|1758331223
|move|p1a: Sableye|Foul Play|p2a: Noctowl
|-damage|p2a: Noctowl|19/100
|move|p2a: Noctowl|Defog|p1a: Sableye
|-unboost|p1a: Sableye|evasion|1
|-sideend|p1: jerson666|Stealth Rock|[from] move: Defog|[of] p2a: Noctowl
|-sideend|p2: Natorito|Stealth Rock|[from] move: Defog|[of] p2a: Noctowl
|
|upkeep
|turn|15
|
|t:|1758331240
|switch|p2a: Milotic|Milotic, M|100/100
|move|p1a: Sableye|Will-O-Wisp|p2a: Milotic
|-status|p2a: Milotic|brn
|
|-damage|p2a: Milotic|94/100 brn|[from] brn
|upkeep
|turn|16
|
|t:|1758331250
|switch|p1a: Amoonguss|Amoonguss, M|100/100
|move|p2a: Milotic|Scald|p1a: Amoonguss
|-resisted|p1a: Amoonguss
|-damage|p1a: Amoonguss|86/100
|-status|p1a: Amoonguss|brn
|
|-heal|p2a: Milotic|100/100 brn|[from] item: Leftovers
|-damage|p2a: Milotic|94/100 brn|[from] brn
|-damage|p1a: Amoonguss|80/100 brn|[from] brn
|upkeep
|turn|17
|
|t:|1758331262
|move|p1a: Amoonguss|Giga Drain|p2a: Milotic
|-supereffective|p2a: Milotic
|-crit|p2a: Milotic
|-damage|p2a: Milotic|47/100 brn
|-heal|p1a: Amoonguss|100/100 brn|[from] drain|[of] p2a: Milotic
|move|p2a: Milotic|Dragon Tail|p1a: Amoonguss
|-damage|p1a: Amoonguss|97/100 brn
|drag|p1a: Scizor|Scizor, M|25/100
|
|-heal|p2a: Milotic|53/100 brn|[from] item: Leftovers
|-damage|p2a: Milotic|47/100 brn|[from] brn
|upkeep
|turn|18
|
|t:|1758331279
|move|p1a: Scizor|U-turn|p2a: Milotic
|-damage|p2a: Milotic|19/100 brn
|
|t:|1758331283
|switch|p1a: Amoonguss|Amoonguss, M|100/100 brn|[from] U-turn
|move|p2a: Milotic|Scald|p1a: Amoonguss
|-resisted|p1a: Amoonguss
|-damage|p1a: Amoonguss|88/100 brn
|
|-heal|p2a: Milotic|25/100 brn|[from] item: Leftovers
|-damage|p2a: Milotic|19/100 brn|[from] brn
|-damage|p1a: Amoonguss|81/100 brn|[from] brn
|upkeep
|turn|19
|
|t:|1758331297
|move|p2a: Milotic|Rest|p2a: Milotic
|-status|p2a: Milotic|slp|[from] move: Rest
|-heal|p2a: Milotic|100/100 slp|[silent]
|move|p1a: Amoonguss|Giga Drain|p2a: Milotic
|-supereffective|p2a: Milotic
|-damage|p2a: Milotic|70/100 slp
|-heal|p1a: Amoonguss|95/100 brn|[from] drain|[of] p2a: Milotic
|
|-heal|p2a: Milotic|76/100 slp|[from] item: Leftovers
|-damage|p1a: Amoonguss|89/100 brn|[from] brn
|upkeep
|turn|20
|
|t:|1758331311
|switch|p2a: Noctowl|Noctowl, F, shiny|19/100
|move|p1a: Amoonguss|Giga Drain|p2a: Noctowl
|-resisted|p2a: Noctowl
|-damage|p2a: Noctowl|12/100
|-heal|p1a: Amoonguss|93/100 brn|[from] drain|[of] p2a: Noctowl
|
|-damage|p1a: Amoonguss|86/100 brn|[from] brn
|upkeep
|turn|21
|
|t:|1758331324
|move|p2a: Noctowl|Rest|p2a: Noctowl
|-status|p2a: Noctowl|slp|[from] move: Rest
|-heal|p2a: Noctowl|100/100 slp|[silent]
|move|p1a: Amoonguss|Giga Drain|p2a: Noctowl
|-resisted|p2a: Noctowl
|-damage|p2a: Noctowl|94/100 slp
|-heal|p1a: Amoonguss|90/100 brn|[from] drain|[of] p2a: Noctowl
|
|-damage|p1a: Amoonguss|83/100 brn|[from] brn
|upkeep
|turn|22
|-message|jerson666 forfeited.
|
|win|Natorito
|raw|jerson666's rating: 1129 &rarr; <strong>1104</strong><br />(-25 for losing)
|raw|Natorito's rating: 1128 &rarr; <strong>1153</strong><br />(+25 for winning)
|l|☆jerson666
|player|p1|
|l|☆Natorito
|player|p2|
