|j|☆Jon Mateo
|j|☆mencienne
|t:|1758328918
|gametype|singles
|player|p1|Jon Mateo|101|1413
|player|p2|mencienne|266|1445
|gen|9
|tier|[Gen 9] OU
|rated|
|rule|HP Percentage Mod: HP is shown in percentages
|rule|Endless Battle Clause: Forcing endless battles is banned
|rule|Species Clause: Limit one of each Pokémon
|rule|OHKO Clause: OHKO moves are banned
|rule|Evasion Items Clause: Evasion items are banned
|rule|Evasion Moves Clause: Evasion moves are banned
|rule|Evasion Abilities Clause: Evasion abilities are banned
|rule|Sleep Moves Clause: Sleep-inducing moves are banned
|clearpoke
|poke|p1|Ceruledge, F|
|poke|p1|Lokix, M|
|poke|p1|Quaquaval, M|
|poke|p1|Gardevoir, F|
|poke|p1|Garchomp, F|
|poke|p1|Rotom-Frost|
|poke|p2|Torkoal, F|
|poke|p2|Walking Wake|
|poke|p2|Great Tusk|
|poke|p2|Dragonite, M|
|poke|p2|Zapdos|
|poke|p2|Kingambit, M|
|teampreview
|inactive|Battle timer is ON: inactive players will automatically lose when time's up. (requested by mencienne)
|
|t:|1758328939
|teamsize|p1|6
|teamsize|p2|6
|start
|switch|p1a: Garchomp|Garchomp, F|100/100
|switch|p2a: Torkoal|Torkoal, F|100/100
|-weather|SunnyDay|[from] ability: Drought|[of] p2a: Torkoal
|turn|1
|
|t:|1758328944
|move|p1a: Garchomp|Scale Shot|p2a: Torkoal
|-damage|p2a: Torkoal|93/100
|-damage|p2a: Torkoal|84/100
|-damage|p2a: Torkoal|75/100
|-damage|p2a: Torkoal|67/100
|-hitcount|p2a: Torkoal|4
|-unboost|p1a: Garchomp|def|1
|-boost|p1a: Garchomp|spe|1
|move|p2a: Torkoal|Will-O-Wisp|p1a: Garchomp
|-status|p1a: Garchomp|brn
|
|-weather|SunnyDay|[upkeep]
|-damage|p1a: Garchomp|94/100 brn|[from] brn
|upkeep
|turn|2
|
|t:|1758328953
|move|p1a: Garchomp|Swords Dance|p1a: Garchomp
|-boost|p1a: Garchomp|atk|2
|move|p2a: Torkoal|Stealth Rock|p1a: Garchomp
|-sidestart|p1: Jon Mateo|move: Stealth Rock
|
|-weather|SunnyDay|[upkeep]
|-damage|p1a: Garchomp|88/100 brn|[from] brn
|upkeep
|turn|3
|
|t:|1758328964
|switch|p2a: Great Tusk|Great Tusk|100/100
|-activate|p2a: Great Tusk|ability: Protosynthesis
|-start|p2a: Great Tusk|protosynthesisatk
|move|p1a: Garchomp|Scale Shot|p2a: Great Tusk
|-damage|p2a: Great Tusk|89/100
|-damage|p2a: Great Tusk|78/100
|-damage|p2a: Great Tusk|68/100
|-damage|p2a: Great Tusk|57/100
|-damage|p2a: Great Tusk|46/100
|-hitcount|p2a: Great Tusk|5
|-unboost|p1a: Garchomp|def|1
|-boost|p1a: Garchomp|spe|1
|
|-weather|SunnyDay|[upkeep]
|-damage|p1a: Garchomp|82/100 brn|[from] brn
|upkeep
|turn|4
|
|t:|1758328973
|move|p1a: Garchomp|Scale Shot|p2a: Great Tusk
|-crit|p2a: Great Tusk
|-damage|p2a: Great Tusk|31/100
|-damage|p2a: Great Tusk|21/100
|-damage|p2a: Great Tusk|11/100
|-damage|p2a: Great Tusk|0 fnt
|faint|p2a: Great Tusk
|-end|p2a: Great Tusk|Protosynthesis|[silent]
|-hitcount|p2: Great Tusk|4
|-unboost|p1a: Garchomp|def|1
|-boost|p1a: Garchomp|spe|1
|
|-weather|SunnyDay|[upkeep]
|-damage|p1a: Garchomp|76/100 brn|[from] brn
|upkeep
|
|t:|1758328982
|switch|p2a: Kingambit|Kingambit, M|100/100
|-activate|p2a: Kingambit|ability: Supreme Overlord
|-start|p2a: Kingambit|fallen1|[silent]
|turn|5
|
|t:|1758328987
|move|p1a: Garchomp|Swords Dance|p1a: Garchomp
|-boost|p1a: Garchomp|atk|2
|move|p2a: Kingambit|Kowtow Cleave|p1a: Garchomp
|-damage|p1a: Garchomp|0 fnt
|-damage|p2a: Kingambit|88/100|[from] ability: Rough Skin|[of] p1a: Garchomp
|faint|p1a: Garchomp
|
|-weather|SunnyDay|[upkeep]
|-heal|p2a: Kingambit|94/100|[from] item: Leftovers
|upkeep
|
|t:|1758328995
|switch|p1a: Ceruledge|Ceruledge, F|100/100
|-damage|p1a: Ceruledge|76/100|[from] Stealth Rock
|turn|6
|
|t:|1758328999
|-end|p2a: Kingambit|fallen1|[silent]
|switch|p2a: Zapdos|Zapdos|100/100
|-terastallize|p1a: Ceruledge|Fire
|move|p1a: Ceruledge|Bitter Blade|p2a: Zapdos
|-damage|p2a: Zapdos|0 fnt
|-heal|p1a: Ceruledge|100/100|[from] drain|[of] p2a: Zapdos
|faint|p2a: Zapdos
|-damage|p1a: Ceruledge|91/100|[from] item: Life Orb
|
|-weather|SunnyDay|[upkeep]
|upkeep
|
|t:|1758329006
|switch|p2a: Walking Wake|Walking Wake|100/100
|-activate|p2a: Walking Wake|ability: Protosynthesis
|-start|p2a: Walking Wake|protosynthesisspe
|turn|7
|
|t:|1758329015
|move|p1a: Ceruledge|Shadow Sneak|p2a: Walking Wake
|-crit|p2a: Walking Wake
|-damage|p2a: Walking Wake|51/100
|-damage|p1a: Ceruledge|81/100|[from] item: Life Orb
|move|p2a: Walking Wake|Hydro Steam|p1a: Ceruledge
|-supereffective|p1a: Ceruledge
|-damage|p1a: Ceruledge|0 fnt
|faint|p1a: Ceruledge
|
|-weather|SunnyDay|[upkeep]
|upkeep
|
|t:|1758329021
|switch|p1a: Lokix|Lokix, M|100/100
|-damage|p1a: Lokix|76/100|[from] Stealth Rock
|turn|8
|
|t:|1758329029
|-end|p2a: Walking Wake|Protosynthesis|[silent]
|switch|p2a: Kingambit|Kingambit, M|94/100
|-activate|p2a: Kingambit|ability: Supreme Overlord
|-start|p2a: Kingambit|fallen2|[silent]
|move|p1a: Lokix|First Impression|p2a: Kingambit
|-damage|p2a: Kingambit|59/100
|-damage|p1a: Lokix|66/100|[from] item: Life Orb
|
|-weather|none
|-heal|p2a: Kingambit|65/100|[from] item: Leftovers
|upkeep
|turn|9
|
|t:|1758329040
|move|p1a: Lokix|Axe Kick|p2a: Kingambit
|-supereffective|p2a: Kingambit
|-damage|p2a: Kingambit|0 fnt
|faint|p2a: Kingambit
|-end|p2a: Kingambit|fallen2|[silent]
|-damage|p1a: Lokix|56/100|[from] item: Life Orb
|
|upkeep
|
|t:|1758329044
|switch|p2a: Walking Wake|Walking Wake|51/100
|turn|10
|
|t:|1758329049
|move|p1a: Lokix|Sucker Punch|p2a: Walking Wake
|-damage|p2a: Walking Wake|9/100
|-damage|p1a: Lokix|46/100|[from] item: Life Orb
|move|p2a: Walking Wake|Hydro Steam|p1a: Lokix
|-damage|p1a: Lokix|0 fnt
|faint|p1a: Lokix
|
|upkeep
|
|t:|1758329064
|switch|p1a: Quaquaval|Quaquaval, M|100/100
|-damage|p1a: Quaquaval|94/100|[from] Stealth Rock
|turn|11
|
|t:|1758329067
|-end|p2a: Walking Wake|Protosynthesis|[silent]
|switch|p2a: Torkoal|Torkoal, F|67/100
|-weather|SunnyDay|[from] ability: Drought|[of] p2a: Torkoal
|move|p1a: Quaquaval|Aqua Step|p2a: Torkoal
|-supereffective|p2a: Torkoal
|-damage|p2a: Torkoal|32/100
|-boost|p1a: Quaquaval|spe|1
|
|-weather|SunnyDay|[upkeep]
|upkeep
|turn|12
|
|t:|1758329069
|move|p1a: Quaquaval|Aqua Step|p2a: Torkoal
|-supereffective|p2a: Torkoal
|-damage|p2a: Torkoal|0 fnt
|-boost|p1a: Quaquaval|spe|1
|faint|p2a: Torkoal
|-ability|p1a: Quaquaval|Moxie|boost
|-boost|p1a: Quaquaval|atk|1
|
|-weather|SunnyDay|[upkeep]
|upkeep
|
|t:|1758329076
|switch|p2a: Dragonite|Dragonite, M|100/100
|turn|13
|
|t:|1758329082
|-terastallize|p2a: Dragonite|Normal
|move|p1a: Quaquaval|Aqua Step|p2a: Dragonite
|-damage|p2a: Dragonite|76/100
|-boost|p1a: Quaquaval|spe|1
|move|p2a: Dragonite|Dragon Dance|p2a: Dragonite
|-boost|p2a: Dragonite|atk|1
|-boost|p2a: Dragonite|spe|1
|
|-weather|SunnyDay|[upkeep]
|upkeep
|turn|14
|
|t:|1758329089
|move|p2a: Dragonite|Extreme Speed|p1a: Quaquaval
|-damage|p1a: Quaquaval|17/100
|move|p1a: Quaquaval|Aqua Step|p2a: Dragonite
|-damage|p2a: Dragonite|31/100
|-boost|p1a: Quaquaval|spe|1
|
|-weather|SunnyDay|[upkeep]
|upkeep
|turn|15
|
|t:|1758329095
|switch|p1a: Gardevoir|Gardevoir, F|100/100
|-damage|p1a: Gardevoir|88/100|[from] Stealth Rock
|move|p2a: Dragonite|Extreme Speed|p1a: Gardevoir
|-damage|p1a: Gardevoir|0 fnt
|faint|p1a: Gardevoir
|
|-weather|SunnyDay|[upkeep]
|upkeep
|
|t:|1758329101
|switch|p1a: Rotom|Rotom-Frost|100/100
|-damage|p1a: Rotom|76/100|[from] Stealth Rock
|turn|16
|
|t:|1758329110
|move|p2a: Dragonite|Extreme Speed|p1a: Rotom
|-damage|p1a: Rotom|0 fnt
|faint|p1a: Rotom
|
|-weather|SunnyDay|[upkeep]
|upkeep
|-message|Jon Mateo forfeited.
|
|win|mencienne
|raw|Jon Mateo's rating: 1413 &rarr; <strong>1395</strong><br />(-18 for losing)
|raw|mencienne's rating: 1445 &rarr; <strong>1463</strong><br />(+18 for winning)
|l|☆Jon Mateo
|player|p1|
|l|☆mencienne
|player|p2|
