|j|☆Jojoji111
|j|☆GFYSYDAR
|t:|1758269140
|gametype|singles
|player|p1|Jojoji111|101|1158
|player|p2|GFYSYDAR|scientist-gen4dp|1199
|gen|9
|tier|[Gen 9] OU
|rated|
|rule|HP Percentage Mod: HP is shown in percentages
|rule|Endless Battle Clause: Forcing endless battles is banned
|rule|Species Clause: Limit one of each Pokémon
|rule|OHKO Clause: OHKO moves are banned
|rule|Evasion Items Clause: Evasion items are banned
|rule|Evasion Moves Clause: Evasion moves are banned
|rule|Evasion Abilities Clause: Evasion abilities are banned
|rule|Sleep Moves Clause: Sleep-inducing moves are banned
|clearpoke
|poke|p1|Araquanid, F|
|poke|p1|Gholdengo|
|poke|p1|Walking Wake|
|poke|p1|Glimmora, F|
|poke|p1|Iron Treads|
|poke|p1|Gliscor, M|
|poke|p2|Electrode-Hisui|
|poke|p2|Gallade, M|
|poke|p2|Slowking-Galar, M|
|poke|p2|Alomomola, M|
|poke|p2|Great Tusk|
|poke|p2|Landorus-Therian, M|
|teampreview
|inactive|Battle timer is ON: inactive players will automatically lose when time's up. (requested by Jojoji111)
|
|t:|1758269147
|teamsize|p1|6
|teamsize|p2|6
|start
|switch|p1a: Araquanid|Araquanid, F|100/100
|switch|p2a: Electrode|Electrode-Hisui, shiny|100/100
|turn|1
|
|t:|1758269155
|move|p2a: Electrode|Volt Switch|p1a: Araquanid
|-supereffective|p1a: Araquanid
|-damage|p1a: Araquanid|35/100
|
|t:|1758269160
|switch|p2a: Landorus|Landorus-Therian, M|100/100|[from] Volt Switch
|-ability|p2a: Landorus|Intimidate|boost
|-unboost|p1a: Araquanid|atk|1
|move|p1a: Araquanid|Sticky Web|p2a: Landorus
|-sidestart|p2: GFYSYDAR|move: Sticky Web
|
|-heal|p1a: Araquanid|41/100|[from] item: Leftovers
|upkeep
|turn|2
|
|t:|1758269171
|move|p2a: Landorus|Stealth Rock|p1a: Araquanid
|-sidestart|p1: Jojoji111|move: Stealth Rock
|move|p1a: Araquanid|Liquidation|p2a: Landorus
|-supereffective|p2a: Landorus
|-damage|p2a: Landorus|35/100
|-damage|p1a: Araquanid|25/100|[from] item: Rocky Helmet|[of] p2a: Landorus
|
|-heal|p1a: Araquanid|31/100|[from] item: Leftovers
|upkeep
|turn|3
|
|t:|1758269180
|move|p2a: Landorus|U-turn|p1a: Araquanid
|-damage|p1a: Araquanid|7/100
|
|t:|1758269183
|switch|p2a: Alomomola|Alomomola, M, shiny|100/100|[from] U-turn
|move|p1a: Araquanid|Liquidation|p2a: Alomomola
|-resisted|p2a: Alomomola
|-damage|p2a: Alomomola|90/100
|
|-heal|p1a: Araquanid|13/100|[from] item: Leftovers
|upkeep
|turn|4
|
|t:|1758269193
|move|p2a: Alomomola|Body Slam|p1a: Araquanid
|-damage|p1a: Araquanid|0 fnt
|faint|p1a: Araquanid
|
|upkeep
|
|t:|1758269202
|switch|p1a: Gliscor|Gliscor, M|100/100
|-damage|p1a: Gliscor|88/100|[from] Stealth Rock
|turn|5
|
|t:|1758269210
|-terastallize|p1a: Gliscor|Water
|move|p1a: Gliscor|Stealth Rock|p2a: Alomomola
|-sidestart|p2: GFYSYDAR|move: Stealth Rock
|move|p2a: Alomomola|Scald|p1a: Gliscor
|-resisted|p1a: Gliscor
|-damage|p1a: Gliscor|78/100
|
|-status|p1a: Gliscor|tox|[from] item: Toxic Orb
|upkeep
|turn|6
|
|t:|1758269221
|move|p1a: Gliscor|Toxic|p2a: Alomomola|[miss]
|-miss|p1a: Gliscor|p2a: Alomomola
|move|p2a: Alomomola|Flip Turn|p1a: Gliscor
|-resisted|p1a: Gliscor
|-damage|p1a: Gliscor|72/100 tox
|
|t:|1758269227
|switch|p2a: Electrode|Electrode-Hisui, shiny|100/100|[from] Flip Turn
|-activate|p2a: Electrode|move: Sticky Web
|-unboost|p2a: Electrode|spe|1
|-damage|p2a: Electrode|88/100|[from] Stealth Rock
|
|-heal|p1a: Gliscor|84/100 tox|[from] ability: Poison Heal
|upkeep
|turn|7
|c|☆GFYSYDAR|Why did you tera this?
|
|t:|1758269242
|switch|p1a: Gholdengo|Gholdengo|100/100
|-damage|p1a: Gholdengo|94/100|[from] Stealth Rock
|-item|p1a: Gholdengo|Air Balloon
|move|p2a: Electrode|Leaf Storm|p1a: Gholdengo
|-resisted|p1a: Gholdengo
|-damage|p1a: Gholdengo|48/100
|-unboost|p2a: Electrode|spa|2
|-enditem|p1a: Gholdengo|Air Balloon
|
|upkeep
|turn|8
|
|t:|1758269258
|switch|p2a: Great Tusk|Great Tusk|100/100
|move|p1a: Gholdengo|Shadow Ball|p2a: Great Tusk
|-damage|p2a: Great Tusk|32/100
|
|upkeep
|turn|9
|
|t:|1758269272
|move|p2a: Great Tusk|Headlong Rush|p1a: Gholdengo
|-supereffective|p1a: Gholdengo
|-damage|p1a: Gholdengo|0 fnt
|-unboost|p2a: Great Tusk|def|1
|-unboost|p2a: Great Tusk|spd|1
|faint|p1a: Gholdengo
|
|upkeep
|
|t:|1758269276
|switch|p1a: Glimmora|Glimmora, F|100/100
|-damage|p1a: Glimmora|88/100|[from] Stealth Rock
|turn|10
|
|t:|1758269287
|move|p2a: Great Tusk|Rapid Spin|p1a: Glimmora
|-resisted|p1a: Glimmora
|-damage|p1a: Glimmora|77/100
|-boost|p2a: Great Tusk|spe|1
|-activate|p1a: Glimmora|ability: Toxic Debris
|-sidestart|p2: GFYSYDAR|move: Toxic Spikes
|-sideend|p2: GFYSYDAR|Toxic Spikes|[from] move: Rapid Spin|[of] p2a: Great Tusk
|-sideend|p2: GFYSYDAR|Stealth Rock|[from] move: Rapid Spin|[of] p2a: Great Tusk
|-sideend|p2: GFYSYDAR|Sticky Web|[from] move: Rapid Spin|[of] p2a: Great Tusk
|move|p1a: Glimmora|Meteor Beam||[still]
|-prepare|p1a: Glimmora|Meteor Beam
|-boost|p1a: Glimmora|spa|1
|-enditem|p1a: Glimmora|Power Herb
|-anim|p1a: Glimmora|Meteor Beam|p2a: Great Tusk
|-resisted|p2a: Great Tusk
|-damage|p2a: Great Tusk|0 fnt
|faint|p2a: Great Tusk
|-end|p2a: Great Tusk|Protosynthesis|[silent]
|
|upkeep
|
|t:|1758269305
|switch|p2a: Electrode|Electrode-Hisui, shiny|88/100
|turn|11
|
|t:|1758269315
|move|p2a: Electrode|Chloroblast|p1a: Glimmora
|-damage|p1a: Glimmora|0 fnt
|faint|p1a: Glimmora
|-damage|p2a: Electrode|38/100|[from] Recoil
|
|upkeep
|
|t:|1758269320
|switch|p1a: Gliscor|Gliscor, M, tera:Water|84/100 tox
|-damage|p1a: Gliscor|72/100 tox|[from] Stealth Rock
|turn|12
|
|t:|1758269325
|switch|p2a: Alomomola|Alomomola, M, shiny|100/100
|move|p1a: Gliscor|Earthquake|p2a: Alomomola
|-crit|p2a: Alomomola
|-damage|p2a: Alomomola|70/100
|
|-heal|p1a: Gliscor|84/100 tox|[from] ability: Poison Heal
|upkeep
|turn|13
|
|t:|1758269334
|move|p1a: Gliscor|Toxic|p2a: Alomomola
|-status|p2a: Alomomola|tox
|move|p2a: Alomomola|Wish|p2a: Alomomola
|
|-heal|p1a: Gliscor|96/100 tox|[from] ability: Poison Heal
|-damage|p2a: Alomomola|63/100 tox|[from] psn
|upkeep
|turn|14
|
|t:|1758269342
|move|p1a: Gliscor|Stealth Rock|p2a: Alomomola
|-sidestart|p2: GFYSYDAR|move: Stealth Rock
|move|p2a: Alomomola|Flip Turn|p1a: Gliscor
|-resisted|p1a: Gliscor
|-damage|p1a: Gliscor|90/100 tox
|
|t:|1758269347
|switch|p2a: Electrode|Electrode-Hisui, shiny|38/100|[from] Flip Turn
|-damage|p2a: Electrode|26/100|[from] Stealth Rock
|
|-heal|p2a: Electrode|100/100|[from] move: Wish|[wisher] Alomomola
|-heal|p1a: Gliscor|100/100 tox|[from] ability: Poison Heal
|upkeep
|turn|15
|c|☆GFYSYDAR|Gg
|
|t:|1758269357
|switch|p1a: Iron Treads|Iron Treads|100/100
|-damage|p1a: Iron Treads|97/100|[from] Stealth Rock
|-enditem|p1a: Iron Treads|Booster Energy
|-activate|p1a: Iron Treads|ability: Quark Drive|[fromitem]
|-start|p1a: Iron Treads|quarkdrivespe
|move|p2a: Electrode|Leaf Storm|p1a: Iron Treads
|-damage|p1a: Iron Treads|0 fnt
|-unboost|p2a: Electrode|spa|2
|faint|p1a: Iron Treads
|-end|p1a: Iron Treads|Quark Drive|[silent]
|
|upkeep
|
|t:|1758269370
|switch|p1a: Gliscor|Gliscor, M, tera:Water|100/100 tox
|-damage|p1a: Gliscor|88/100 tox|[from] Stealth Rock
|turn|16
|
|t:|1758269376
|switch|p2a: Alomomola|Alomomola, M, shiny|97/100 tox
|move|p1a: Gliscor|Toxic|p2a: Alomomola
|-fail|p2a: Alomomola|tox
|
|-heal|p1a: Gliscor|100/100 tox|[from] ability: Poison Heal
|-damage|p2a: Alomomola|91/100 tox|[from] psn
|upkeep
|turn|17
|c|☆GFYSYDAR|Dunce
|
|t:|1758269388
|move|p1a: Gliscor|Spikes|p2a: Alomomola
|-sidestart|p2: GFYSYDAR|Spikes
|move|p2a: Alomomola|Flip Turn|p1a: Gliscor
|-resisted|p1a: Gliscor
|-damage|p1a: Gliscor|93/100 tox
|
|t:|1758269394
|switch|p2a: Electrode|Electrode-Hisui, shiny|100/100|[from] Flip Turn
|-damage|p2a: Electrode|88/100|[from] Stealth Rock
|-damage|p2a: Electrode|76/100|[from] Spikes
|
|-heal|p1a: Gliscor|100/100 tox|[from] ability: Poison Heal
|upkeep
|turn|18
|
|t:|1758269403
|switch|p1a: Walking Wake|Walking Wake|100/100
|-damage|p1a: Walking Wake|88/100|[from] Stealth Rock
|-enditem|p1a: Walking Wake|Booster Energy
|-activate|p1a: Walking Wake|ability: Protosynthesis|[fromitem]
|-start|p1a: Walking Wake|protosynthesisspa
|move|p2a: Electrode|Leaf Storm|p1a: Walking Wake|[miss]
|-miss|p2a: Electrode|p1a: Walking Wake
|
|upkeep
|turn|19
|
|t:|1758269413
|switch|p2a: Slowking|Slowking-Galar, M|100/100
|move|p1a: Walking Wake|Draco Meteor|p2a: Slowking
|-damage|p2a: Slowking|50/100
|-unboost|p1a: Walking Wake|spa|2
|
|upkeep
|turn|20
|
|t:|1758269422
|move|p1a: Walking Wake|Flip Turn|p2a: Slowking
|-damage|p2a: Slowking|34/100
|inactive|Jojoji111 has 120 seconds left.
|c|☆GFYSYDAR|Thanks for making electrode look good
|
|t:|1758269455
|-end|p1a: Walking Wake|Protosynthesis|[silent]
|switch|p1a: Gliscor|Gliscor, M, tera:Water|100/100 tox|[from] Flip Turn
|-damage|p1a: Gliscor|88/100 tox|[from] Stealth Rock
|-prepare|p2a: Slowking|Chilly Reception|[premajor]
|move|p2a: Slowking|Chilly Reception|p2a: Slowking
|-weather|Snowscape
|
|t:|1758269463
|switch|p2a: Electrode|Electrode-Hisui, shiny|76/100|[from] Chilly Reception
|-damage|p2a: Electrode|64/100|[from] Stealth Rock
|-damage|p2a: Electrode|52/100|[from] Spikes
|
|-weather|Snowscape|[upkeep]
|-heal|p1a: Gliscor|100/100 tox|[from] ability: Poison Heal
|upkeep
|turn|21
|
|t:|1758269472
|move|p2a: Electrode|Leaf Storm|p1a: Gliscor
|-supereffective|p1a: Gliscor
|-damage|p1a: Gliscor|0 fnt
|-unboost|p2a: Electrode|spa|2
|faint|p1a: Gliscor
|
|-weather|Snowscape|[upkeep]
|upkeep
|inactive|Jojoji111 has 120 seconds left.
|-message|Jojoji111 forfeited.
|
|win|GFYSYDAR
|raw|Jojoji111's rating: 1158 &rarr; <strong>1136</strong><br />(-22 for losing)
|raw|GFYSYDAR's rating: 1199 &rarr; <strong>1221</strong><br />(+22 for winning)
|l|☆Jojoji111
|player|p1|
