|j|☆Liker of Mudkips
|j|☆KingKaido107
|t:|1758248493
|gametype|singles
|player|p1|Liker of Mudkips|acetrainerf|1681
|player|p2|KingKaido107|dragontamer-gen6|1687
|gen|9
|tier|[Gen 9] OU
|rated|
|rule|HP Percentage Mod: HP is shown in percentages
|rule|Endless Battle Clause: Forcing endless battles is banned
|rule|Species Clause: Limit one of each Pokémon
|rule|OHKO Clause: OHKO moves are banned
|rule|Evasion Items Clause: Evasion items are banned
|rule|Evasion Moves Clause: Evasion moves are banned
|rule|Evasion Abilities Clause: Evasion abilities are banned
|rule|Sleep Moves Clause: Sleep-inducing moves are banned
|clearpoke
|poke|p1|Dragapult, F|
|poke|p1|Ogerpon-Wellspring, F|
|poke|p1|Slowking-Galar, M|
|poke|p1|Great Tusk|
|poke|p1|Zapdos|
|poke|p1|Kingambit, M|
|poke|p2|Rillaboom, F|
|poke|p2|Slowking-Galar, F|
|poke|p2|Ogerpon, F|
|poke|p2|Dragapult, F|
|poke|p2|Iron Valiant|
|poke|p2|Grimmsnarl, M|
|teampreview
|inactive|Battle timer is ON: inactive players will automatically lose when time's up. (requested by KingKaido107)
|
|t:|1758248515
|teamsize|p1|6
|teamsize|p2|6
|start
|switch|p1a: Nobunaga|Kingambit, M|100/100
|switch|p2a: Grimmsnarl|Grimmsnarl, M|100/100
|-item|p1a: Nobunaga|Air Balloon
|turn|1
|inactive|KingKaido107 has 120 seconds left.
|
|t:|1758248566
|move|p2a: Grimmsnarl|Reflect|p2a: Grimmsnarl
|-sidestart|p2: KingKaido107|Reflect
|move|p1a: Nobunaga|Swords Dance|p1a: Nobunaga
|-boost|p1a: Nobunaga|atk|2
|
|upkeep
|turn|2
|
|t:|1758248571
|switch|p2a: Rillaboom|Rillaboom, F|100/100
|-fieldstart|move: Grassy Terrain|[from] ability: Grassy Surge|[of] p2a: Rillaboom
|move|p1a: Nobunaga|Swords Dance|p1a: Nobunaga
|-boost|p1a: Nobunaga|atk|2
|
|upkeep
|turn|3
|
|t:|1758248583
|-terastallize|p1a: Nobunaga|Fairy
|move|p2a: Rillaboom|Grassy Glide|p1a: Nobunaga
|-damage|p1a: Nobunaga|62/100
|-enditem|p1a: Nobunaga|Air Balloon
|-damage|p2a: Rillaboom|91/100|[from] item: Life Orb
|move|p1a: Nobunaga|Sucker Punch||[still]
|-fail|p1a: Nobunaga
|
|-heal|p2a: Rillaboom|97/100|[from] Grassy Terrain
|-heal|p1a: Nobunaga|68/100|[from] Grassy Terrain
|upkeep
|turn|4
|
|t:|1758248594
|move|p2a: Rillaboom|Grassy Glide|p1a: Nobunaga
|-damage|p1a: Nobunaga|26/100
|-damage|p2a: Rillaboom|87/100|[from] item: Life Orb
|move|p1a: Nobunaga|Kowtow Cleave|p2a: Rillaboom
|-damage|p2a: Rillaboom|8/100
|
|-heal|p2a: Rillaboom|14/100|[from] Grassy Terrain
|-heal|p1a: Nobunaga|32/100|[from] Grassy Terrain
|upkeep
|turn|5
|
|t:|1758248605
|-end|p1a: Nobunaga|fallenundefined|[silent]
|switch|p1a: Baku|Great Tusk|100/100
|move|p2a: Rillaboom|Knock Off|p1a: Baku
|-resisted|p1a: Baku
|-damage|p1a: Baku|84/100
|-damage|p2a: Rillaboom|0 fnt|[from] item: Rocky Helmet|[of] p1a: Baku
|faint|p2a: Rillaboom
|
|-heal|p1a: Baku|90/100|[from] Grassy Terrain
|upkeep
|
|t:|1758248609
|switch|p2a: Dragapult|Dragapult, F|100/100
|turn|6
|
|t:|1758248618
|-end|p1a: Baku|Protosynthesis|[silent]
|switch|p1a: Pants|Slowking-Galar, M|100/100
|move|p2a: Dragapult|Will-O-Wisp|p1a: Pants
|-status|p1a: Pants|brn
|
|-damage|p1a: Pants|94/100 brn|[from] brn
|-fieldend|move: Grassy Terrain
|upkeep
|turn|7
|
|t:|1758248627
|move|p2a: Dragapult|Hex|p1a: Pants
|-supereffective|p1a: Pants
|-damage|p1a: Pants|55/100 brn
|move|p1a: Pants|Ice Beam|p2a: Dragapult
|-supereffective|p2a: Dragapult
|-damage|p2a: Dragapult|37/100
|
|-damage|p1a: Pants|49/100 brn|[from] brn
|upkeep
|turn|8
|
|t:|1758248636
|move|p2a: Dragapult|U-turn|p1a: Pants
|-damage|p1a: Pants|32/100 brn
|
|t:|1758248638
|switch|p2a: Grimmsnarl|Grimmsnarl, M|100/100|[from] U-turn
|move|p1a: Pants|Ice Beam|p2a: Grimmsnarl
|-damage|p2a: Grimmsnarl|82/100
|-status|p2a: Grimmsnarl|frz
|
|-damage|p1a: Pants|26/100 brn|[from] brn
|-sideend|p2: KingKaido107|Reflect
|upkeep
|turn|9
|
|t:|1758248647
|cant|p2a: Grimmsnarl|frz
|move|p1a: Pants|Sludge Bomb|p2a: Grimmsnarl
|-supereffective|p2a: Grimmsnarl
|-damage|p2a: Grimmsnarl|30/100 frz
|
|-damage|p1a: Pants|20/100 brn|[from] brn
|upkeep
|turn|10
|
|t:|1758248654
|switch|p2a: Slowking|Slowking-Galar, F|100/100
|move|p1a: Pants|Sludge Bomb|p2a: Slowking
|-resisted|p2a: Slowking
|-damage|p2a: Slowking|87/100
|
|-damage|p1a: Pants|14/100 brn|[from] brn
|upkeep
|turn|11
|
|t:|1758248668
|switch|p1a: Baku|Great Tusk|90/100
|move|p2a: Slowking|Ice Beam|p1a: Baku
|-supereffective|p1a: Baku
|-damage|p1a: Baku|24/100
|
|upkeep
|turn|12
|
|t:|1758248676
|move|p1a: Baku|Headlong Rush|p2a: Slowking
|-supereffective|p2a: Slowking
|-damage|p2a: Slowking|0 fnt
|-unboost|p1a: Baku|def|1
|-unboost|p1a: Baku|spd|1
|faint|p2a: Slowking
|
|upkeep
|
|t:|1758248680
|switch|p2a: Iron Valiant|Iron Valiant|100/100
|-enditem|p2a: Iron Valiant|Booster Energy
|-activate|p2a: Iron Valiant|ability: Quark Drive|[fromitem]
|-start|p2a: Iron Valiant|quarkdrivespe
|turn|13
|
|t:|1758248691
|move|p2a: Iron Valiant|Calm Mind|p2a: Iron Valiant
|-boost|p2a: Iron Valiant|spa|1
|-boost|p2a: Iron Valiant|spd|1
|move|p1a: Baku|Headlong Rush|p2a: Iron Valiant
|-damage|p2a: Iron Valiant|20/100
|-unboost|p1a: Baku|def|1
|-unboost|p1a: Baku|spd|1
|
|upkeep
|turn|14
|
|t:|1758248703
|move|p2a: Iron Valiant|Moonblast|p1a: Baku
|-supereffective|p1a: Baku
|-damage|p1a: Baku|0 fnt
|faint|p1a: Baku
|-end|p1a: Baku|Protosynthesis|[silent]
|
|upkeep
|
|t:|1758248712
|switch|p1a: Suika|Ogerpon-Wellspring, F|100/100
|turn|15
|
|t:|1758248716
|move|p2a: Iron Valiant|Moonblast|p1a: Suika
|-damage|p1a: Suika|21/100
|move|p1a: Suika|Ivy Cudgel|p2a: Iron Valiant|[anim] Ivy Cudgel Water
|-damage|p2a: Iron Valiant|0 fnt
|faint|p2a: Iron Valiant
|-end|p2a: Iron Valiant|Quark Drive|[silent]
|
|upkeep
|
|t:|1758248718
|switch|p2a: Dragapult|Dragapult, F|37/100
|turn|16
|
|t:|1758248730
|move|p2a: Dragapult|Hex|p1a: Suika
|-damage|p1a: Suika|0 fnt
|faint|p1a: Suika
|
|upkeep
|
|t:|1758248737
|switch|p1a: Larxene|Zapdos|100/100
|turn|17
|
|t:|1758248740
|move|p2a: Dragapult|Will-O-Wisp|p1a: Larxene
|-status|p1a: Larxene|brn
|move|p1a: Larxene|Hurricane|p2a: Dragapult
|-damage|p2a: Dragapult|0 fnt
|faint|p2a: Dragapult
|
|-damage|p1a: Larxene|94/100 brn|[from] brn
|upkeep
|
|t:|1758248743
|switch|p2a: Grimmsnarl|Grimmsnarl, M|30/100 frz
|turn|18
|
|t:|1758248756
|cant|p2a: Grimmsnarl|frz
|move|p1a: Larxene|Volt Switch|p2a: Grimmsnarl
|-damage|p2a: Grimmsnarl|6/100 frz
|
|t:|1758248768
|switch|p1a: Pants|Slowking-Galar, M|47/100 brn|[from] Volt Switch
|
|-damage|p1a: Pants|41/100 brn|[from] brn
|upkeep
|turn|19
|
|t:|1758248774
|cant|p2a: Grimmsnarl|frz
|move|p1a: Pants|Sludge Bomb|p2a: Grimmsnarl
|-supereffective|p2a: Grimmsnarl
|-damage|p2a: Grimmsnarl|0 fnt
|faint|p2a: Grimmsnarl
|
|-damage|p1a: Pants|35/100 brn|[from] brn
|upkeep
|
|t:|1758248776
|switch|p2a: Ogerpon|Ogerpon, F|100/100
|turn|20
|
|t:|1758248783
|move|p2a: Ogerpon|Knock Off|p1a: Pants
|-supereffective|p1a: Pants
|-damage|p1a: Pants|0 fnt
|-enditem|p1a: Pants|Assault Vest|[from] move: Knock Off|[of] p2a: Ogerpon
|faint|p1a: Pants
|
|upkeep
|
|t:|1758248790
|switch|p1a: Larxene|Zapdos|94/100 brn
|turn|21
|
|t:|1758248795
|move|p2a: Ogerpon|Swords Dance|p2a: Ogerpon
|-boost|p2a: Ogerpon|atk|2
|move|p1a: Larxene|Hurricane|p2a: Ogerpon|[miss]
|-miss|p1a: Larxene|p2a: Ogerpon
|
|-damage|p1a: Larxene|88/100 brn|[from] brn
|upkeep
|turn|22
|
|t:|1758248804
|move|p2a: Ogerpon|Ivy Cudgel|p1a: Larxene
|-resisted|p1a: Larxene
|-damage|p1a: Larxene|31/100 brn
|move|p1a: Larxene|Hurricane|p2a: Ogerpon
|-supereffective|p2a: Ogerpon
|-damage|p2a: Ogerpon|0 fnt
|faint|p2a: Ogerpon
|
|win|Liker of Mudkips
|raw|Liker of Mudkips's rating: 1681 &rarr; <strong>1701</strong><br />(+20 for winning)
|raw|KingKaido107's rating: 1687 &rarr; <strong>1667</strong><br />(-20 for losing)
|l|☆KingKaido107
|player|p2|
