|j|☆OmegaXC
|j|☆obezer
|t:|1758365375
|gametype|singles
|player|p1|OmegaXC|mars|1358
|player|p2|obezer|marshal|1308
|gen|9
|tier|[Gen 9] OU
|rated|
|rule|HP Percentage Mod: HP is shown in percentages
|rule|Endless Battle Clause: Forcing endless battles is banned
|rule|Species Clause: Limit one of each Pokémon
|rule|OHKO Clause: OHKO moves are banned
|rule|Evasion Items Clause: Evasion items are banned
|rule|Evasion Moves Clause: Evasion moves are banned
|rule|Evasion Abilities Clause: Evasion abilities are banned
|rule|Sleep Moves Clause: Sleep-inducing moves are banned
|clearpoke
|poke|p1|Samurott-Hisui, F|
|poke|p1|Dragonite, F|
|poke|p1|Iron Treads|
|poke|p1|Scizor, M|
|poke|p1|Pecharunt|
|poke|p1|Iron Valiant|
|poke|p2|Milotic, F|
|poke|p2|Kleavor, F|
|poke|p2|Cramorant, F|
|poke|p2|Slowking-Galar, M|
|poke|p2|Sinistcha|
|poke|p2|Dudunsparce-*, F|
|teampreview
|inactive|Battle timer is ON: inactive players will automatically lose when time's up. (requested by OmegaXC)
|
|t:|1758365390
|teamsize|p1|6
|teamsize|p2|6
|start
|switch|p1a: Scizor|Scizor, M, shiny|100/100
|switch|p2a: Kleavor|Kleavor, F|100/100
|turn|1
|
|t:|1758365397
|switch|p2a: Cramorant|Cramorant, F|100/100
|move|p1a: Scizor|Bullet Punch|p2a: Cramorant
|-resisted|p2a: Cramorant
|-damage|p2a: Cramorant|73/100
|
|upkeep
|turn|2
|
|t:|1758365403
|switch|p1a: Samurott|Samurott-Hisui, F|100/100
|move|p2a: Cramorant|Surf|p1a: Samurott
|-formechange|p2a: Cramorant|Cramorant-Gulping|
|-resisted|p1a: Samurott
|-damage|p1a: Samurott|91/100
|
|upkeep
|turn|3
|
|t:|1758365409
|move|p1a: Samurott|Knock Off|p2a: Cramorant
|-damage|p2a: Cramorant|28/100
|-damage|p1a: Samurott|66/100|[from] ability: Gulp Missile|[of] p2a: Cramorant
|-unboost|p1a: Samurott|def|1
|-formechange|p2a: Cramorant|Cramorant|
|-enditem|p2a: Cramorant|Heavy-Duty Boots|[from] move: Knock Off|[of] p1a: Samurott
|move|p2a: Cramorant|Stockpile|p2a: Cramorant
|-start|p2a: Cramorant|stockpile1
|-boost|p2a: Cramorant|def|1
|-boost|p2a: Cramorant|spd|1
|
|upkeep
|turn|4
|
|t:|1758365428
|move|p1a: Samurott|Ceaseless Edge|p2a: Cramorant|[miss]
|-miss|p1a: Samurott|p2a: Cramorant
|move|p2a: Cramorant|Surf|p1a: Samurott
|-formechange|p2a: Cramorant|Cramorant-Gorging|
|-resisted|p1a: Samurott
|-damage|p1a: Samurott|57/100
|
|upkeep
|turn|5
|
|t:|1758365443
|move|p1a: Samurott|Ceaseless Edge|p2a: Cramorant
|-damage|p2a: Cramorant|0 fnt
|-damage|p1a: Samurott|32/100|[from] ability: Gulp Missile|[of] p2a: Cramorant
|-status|p1a: Samurott|par
|-formechange|p2a: Cramorant|Cramorant|
|-sidestart|p2: obezer|Spikes
|faint|p2a: Cramorant
|
|upkeep
|
|t:|1758365454
|switch|p2a: Kleavor|Kleavor, F|100/100
|-damage|p2a: Kleavor|88/100|[from] Spikes
|turn|6
|
|t:|1758365462
|switch|p1a: Iron Treads|Iron Treads|100/100
|move|p2a: Kleavor|Stone Axe|p1a: Iron Treads
|-resisted|p1a: Iron Treads
|-damage|p1a: Iron Treads|88/100
|-sidestart|p1: OmegaXC|move: Stealth Rock
|
|-heal|p1a: Iron Treads|95/100|[from] item: Leftovers
|upkeep
|turn|7
|
|t:|1758365465
|switch|p2a: Sinistcha|Sinistcha|100/100
|-damage|p2a: Sinistcha|88/100|[from] Spikes
|move|p1a: Iron Treads|Rapid Spin|p2a: Sinistcha
|-immune|p2a: Sinistcha
|
|-heal|p1a: Iron Treads|100/100|[from] item: Leftovers
|upkeep
|turn|8
|
|t:|1758365494
|move|p1a: Iron Treads|Ice Spinner|p2a: Sinistcha
|-supereffective|p2a: Sinistcha
|-damage|p2a: Sinistcha|60/100
|move|p2a: Sinistcha|Calm Mind|p2a: Sinistcha
|-boost|p2a: Sinistcha|spa|1
|-boost|p2a: Sinistcha|spd|1
|
|upkeep
|turn|9
|
|t:|1758365505
|-end|p1a: Iron Treads|Quark Drive|[silent]
|switch|p1a: Pecharunt|Pecharunt|100/100
|-damage|p1a: Pecharunt|88/100|[from] Stealth Rock
|move|p2a: Sinistcha|Strength Sap|p1a: Pecharunt
|-unboost|p1a: Pecharunt|atk|1
|-heal|p2a: Sinistcha|100/100
|
|upkeep
|turn|10
|
|t:|1758365512
|-terastallize|p2a: Sinistcha|Poison
|move|p1a: Pecharunt|Malignant Chain|p2a: Sinistcha
|-resisted|p2a: Sinistcha
|-damage|p2a: Sinistcha|87/100
|move|p2a: Sinistcha|Calm Mind|p2a: Sinistcha
|-boost|p2a: Sinistcha|spa|1
|-boost|p2a: Sinistcha|spd|1
|
|upkeep
|turn|11
|
|t:|1758365532
|move|p1a: Pecharunt|Parting Shot|p2a: Sinistcha
|-unboost|p2a: Sinistcha|atk|1
|-unboost|p2a: Sinistcha|spa|1
|
|t:|1758365534
|switch|p1a: Dragonite|Dragonite, F|100/100|[from] Parting Shot
|move|p2a: Sinistcha|Shadow Ball|p1a: Dragonite
|-damage|p1a: Dragonite|73/100
|-unboost|p1a: Dragonite|spd|1
|
|upkeep
|turn|12
|
|t:|1758365542
|move|p1a: Dragonite|Earthquake|p2a: Sinistcha
|-supereffective|p2a: Sinistcha
|-damage|p2a: Sinistcha|29/100
|move|p2a: Sinistcha|Strength Sap|p1a: Dragonite
|-unboost|p1a: Dragonite|atk|1
|-heal|p2a: Sinistcha|100/100
|
|upkeep
|turn|13
|
|t:|1758365553
|switch|p1a: Samurott|Samurott-Hisui, F|32/100 par
|-damage|p1a: Samurott|20/100 par|[from] Stealth Rock
|move|p2a: Sinistcha|Shadow Ball|p1a: Samurott
|-resisted|p1a: Samurott
|-damage|p1a: Samurott|2/100 par
|
|upkeep
|turn|14
|
|t:|1758365566
|move|p2a: Sinistcha|Calm Mind|p2a: Sinistcha
|-boost|p2a: Sinistcha|spa|1
|-boost|p2a: Sinistcha|spd|1
|move|p1a: Samurott|Knock Off|p2a: Sinistcha
|-damage|p2a: Sinistcha|71/100
|-enditem|p2a: Sinistcha|Covert Cloak|[from] move: Knock Off|[of] p1a: Samurott
|
|upkeep
|turn|15
|
|t:|1758365577
|move|p2a: Sinistcha|Strength Sap|p1a: Samurott
|-unboost|p1a: Samurott|atk|1
|-heal|p2a: Sinistcha|100/100
|move|p1a: Samurott|Ceaseless Edge|p2a: Sinistcha
|-damage|p2a: Sinistcha|81/100
|-sidestart|p2: obezer|Spikes
|
|upkeep
|turn|16
|
|t:|1758365585
|move|p2a: Sinistcha|Matcha Gotcha|p1a: Samurott
|-supereffective|p1a: Samurott
|-damage|p1a: Samurott|0 fnt
|-heal|p2a: Sinistcha|82/100|[from] drain|[of] p1a: Samurott
|faint|p1a: Samurott
|
|upkeep
|
|t:|1758365599
|switch|p1a: Iron Treads|Iron Treads|100/100
|-damage|p1a: Iron Treads|98/100|[from] Stealth Rock
|turn|17
|
|t:|1758365603
|move|p1a: Iron Treads|Earthquake|p2a: Sinistcha
|-supereffective|p2a: Sinistcha
|-damage|p2a: Sinistcha|23/100
|move|p2a: Sinistcha|Strength Sap|p1a: Iron Treads
|-unboost|p1a: Iron Treads|atk|1
|-heal|p2a: Sinistcha|100/100
|
|-heal|p1a: Iron Treads|100/100|[from] item: Leftovers
|upkeep
|turn|18
|
|t:|1758365611
|move|p1a: Iron Treads|Stealth Rock|p2a: Sinistcha
|-sidestart|p2: obezer|move: Stealth Rock
|move|p2a: Sinistcha|Matcha Gotcha|p1a: Iron Treads
|-damage|p1a: Iron Treads|24/100
|
|-heal|p1a: Iron Treads|30/100|[from] item: Leftovers
|upkeep
|turn|19
|
|t:|1758365627
|-end|p1a: Iron Treads|Quark Drive|[silent]
|switch|p1a: Pecharunt|Pecharunt|88/100
|-damage|p1a: Pecharunt|76/100|[from] Stealth Rock
|move|p2a: Sinistcha|Matcha Gotcha|p1a: Pecharunt
|-resisted|p1a: Pecharunt
|-damage|p1a: Pecharunt|42/100
|
|upkeep
|turn|20
|
|t:|1758365635
|move|p1a: Pecharunt|Parting Shot|p2a: Sinistcha
|-unboost|p2a: Sinistcha|atk|1
|-unboost|p2a: Sinistcha|spa|1
|
|t:|1758365641
|switch|p1a: Scizor|Scizor, M, shiny|100/100|[from] Parting Shot
|-damage|p1a: Scizor|88/100|[from] Stealth Rock
|move|p2a: Sinistcha|Shadow Ball|p1a: Scizor
|-damage|p1a: Scizor|18/100
|
|upkeep
|turn|21
|
|t:|1758365654
|move|p1a: Scizor|Bullet Punch|p2a: Sinistcha
|-damage|p2a: Sinistcha|66/100
|move|p2a: Sinistcha|Shadow Ball|p1a: Scizor
|-damage|p1a: Scizor|0 fnt
|faint|p1a: Scizor
|
|upkeep
|
|t:|1758365656
|switch|p1a: Dragonite|Dragonite, F|73/100
|turn|22
|
|t:|1758365659
|move|p1a: Dragonite|Earthquake|p2a: Sinistcha
|-supereffective|p2a: Sinistcha
|-damage|p2a: Sinistcha|13/100
|move|p2a: Sinistcha|Shadow Ball|p1a: Dragonite
|-damage|p1a: Dragonite|26/100
|
|upkeep
|turn|23
|
|t:|1758365673
|move|p1a: Dragonite|Extreme Speed|p2a: Sinistcha
|-damage|p2a: Sinistcha|0 fnt
|faint|p2a: Sinistcha
|
|upkeep
|
|t:|1758365693
|switch|p2a: Milotic|Milotic, F|100/100
|-damage|p2a: Milotic|84/100|[from] Spikes
|-damage|p2a: Milotic|72/100|[from] Stealth Rock
|turn|24
|
|t:|1758365697
|switch|p1a: Pecharunt|Pecharunt|42/100
|-damage|p1a: Pecharunt|29/100|[from] Stealth Rock
|move|p2a: Milotic|Coil|p2a: Milotic
|-boost|p2a: Milotic|atk|1
|-boost|p2a: Milotic|def|1
|-boost|p2a: Milotic|accuracy|1
|
|upkeep
|turn|25
|
|t:|1758365711
|move|p2a: Milotic|Recover|p2a: Milotic
|-heal|p2a: Milotic|100/100
|move|p1a: Pecharunt|Recover|p1a: Pecharunt
|-heal|p1a: Pecharunt|79/100
|
|upkeep
|turn|26
|
|t:|1758365721
|move|p1a: Pecharunt|Malignant Chain|p2a: Milotic
|-damage|p2a: Milotic|77/100
|-status|p2a: Milotic|tox
|-start|p2a: Milotic|confusion|[from] ability: Poison Puppeteer|[of] p1a: Pecharunt
|-activate|p2a: Milotic|confusion
|-damage|p2a: Milotic|73/100 tox|[from] confusion
|
|-damage|p2a: Milotic|66/100 tox|[from] psn
|upkeep
|turn|27
|
|t:|1758365735
|move|p1a: Pecharunt|Shadow Ball|p2a: Milotic
|-damage|p2a: Milotic|47/100 tox
|-activate|p2a: Milotic|confusion
|move|p2a: Milotic|Dragon Tail|p1a: Pecharunt
|-damage|p1a: Pecharunt|72/100
|-damage|p2a: Milotic|31/100 tox|[from] item: Rocky Helmet|[of] p1a: Pecharunt
|drag|p1a: Iron Treads|Iron Treads|30/100
|-damage|p1a: Iron Treads|27/100|[from] Stealth Rock
|
|-heal|p1a: Iron Treads|33/100|[from] item: Leftovers
|-damage|p2a: Milotic|19/100 tox|[from] psn
|upkeep
|turn|28
|
|t:|1758365743
|move|p1a: Iron Treads|Rapid Spin|p2a: Milotic
|-damage|p2a: Milotic|14/100 tox
|-boost|p1a: Iron Treads|spe|1
|-damage|p1a: Iron Treads|16/100|[from] item: Rocky Helmet|[of] p2a: Milotic
|-sideend|p1: OmegaXC|Stealth Rock|[from] move: Rapid Spin|[of] p1a: Iron Treads
|-activate|p2a: Milotic|confusion
|move|p2a: Milotic|Recover|p2a: Milotic
|-heal|p2a: Milotic|64/100 tox
|
|-heal|p1a: Iron Treads|23/100|[from] item: Leftovers
|-damage|p2a: Milotic|46/100 tox|[from] psn
|upkeep
|turn|29
|
|t:|1758365757
|-end|p1a: Iron Treads|Quark Drive|[silent]
|switch|p1a: Pecharunt|Pecharunt|72/100
|-activate|p2a: Milotic|confusion
|move|p2a: Milotic|Dragon Tail|p1a: Pecharunt
|-damage|p1a: Pecharunt|66/100
|-damage|p2a: Milotic|29/100 tox|[from] item: Rocky Helmet|[of] p1a: Pecharunt
|drag|p1a: Dragonite|Dragonite, F|26/100
|
|-damage|p2a: Milotic|5/100 tox|[from] psn
|upkeep
|turn|30
|
|t:|1758365769
|-terastallize|p1a: Dragonite|Normal
|move|p1a: Dragonite|Roost|p1a: Dragonite
|-heal|p1a: Dragonite|76/100
|-end|p2a: Milotic|confusion
|move|p2a: Milotic|Avalanche|p1a: Dragonite
|-damage|p1a: Dragonite|60/100
|
|-damage|p2a: Milotic|0 fnt|[from] psn
|faint|p2a: Milotic
|upkeep
|
|t:|1758365783
|switch|p2a: Kleavor|Kleavor, F|88/100
|-damage|p2a: Kleavor|71/100|[from] Spikes
|-damage|p2a: Kleavor|47/100|[from] Stealth Rock
|turn|31
|
|t:|1758365786
|move|p2a: Kleavor|Stone Axe|p1a: Dragonite
|-damage|p1a: Dragonite|0 fnt
|-sidestart|p1: OmegaXC|move: Stealth Rock
|faint|p1a: Dragonite
|
|upkeep
|
|t:|1758365806
|switch|p1a: Pecharunt|Pecharunt|66/100
|-damage|p1a: Pecharunt|53/100|[from] Stealth Rock
|turn|32
|
|t:|1758365818
|move|p2a: Kleavor|Stone Axe|p1a: Pecharunt
|-damage|p1a: Pecharunt|27/100
|-damage|p2a: Kleavor|30/100|[from] item: Rocky Helmet|[of] p1a: Pecharunt
|move|p1a: Pecharunt|Recover|p1a: Pecharunt
|-heal|p1a: Pecharunt|77/100
|
|upkeep
|turn|33
|
|t:|1758365824
|move|p2a: Kleavor|Stone Axe|p1a: Pecharunt
|-damage|p1a: Pecharunt|47/100
|-damage|p2a: Kleavor|13/100|[from] item: Rocky Helmet|[of] p1a: Pecharunt
|move|p1a: Pecharunt|Recover|p1a: Pecharunt
|-heal|p1a: Pecharunt|97/100
|
|upkeep
|turn|34
|
|t:|1758365830
|move|p2a: Kleavor|Stone Axe|p1a: Pecharunt
|-damage|p1a: Pecharunt|71/100
|-damage|p2a: Kleavor|0 fnt|[from] item: Rocky Helmet|[of] p1a: Pecharunt
|faint|p2a: Kleavor
|move|p1a: Pecharunt|Recover|p1a: Pecharunt
|-heal|p1a: Pecharunt|100/100
|
|upkeep
|
|t:|1758365836
|switch|p2a: Slowking|Slowking-Galar, M|100/100
|-damage|p2a: Slowking|84/100|[from] Spikes
|-damage|p2a: Slowking|72/100|[from] Stealth Rock
|turn|35
|
|t:|1758365840
|move|p1a: Pecharunt|Shadow Ball|p2a: Slowking
|-supereffective|p2a: Slowking
|-damage|p2a: Slowking|52/100
|move|p2a: Slowking|Future Sight|p1a: Pecharunt
|-start|p2a: Slowking|move: Future Sight
|
|upkeep
|turn|36
|
|t:|1758365846
|switch|p2a: Dudunsparce|Dudunsparce, F|100/100
|-damage|p2a: Dudunsparce|84/100|[from] Spikes
|-damage|p2a: Dudunsparce|72/100|[from] Stealth Rock
|move|p1a: Pecharunt|Shadow Ball|p2a: Dudunsparce
|-immune|p2a: Dudunsparce
|
|upkeep
|turn|37
|
|t:|1758365860
|move|p1a: Pecharunt|Malignant Chain|p2a: Dudunsparce
|-damage|p2a: Dudunsparce|38/100
|move|p2a: Dudunsparce|Boomburst|p1a: Pecharunt
|-immune|p1a: Pecharunt
|
|-end|p1a: Pecharunt|move: Future Sight
|-supereffective|p1a: Pecharunt
|-damage|p1a: Pecharunt|7/100
|upkeep
|turn|38
|
|t:|1758365867
|move|p1a: Pecharunt|Recover|p1a: Pecharunt
|-heal|p1a: Pecharunt|57/100
|move|p2a: Dudunsparce|Shadow Ball|p1a: Pecharunt
|-supereffective|p1a: Pecharunt
|-crit|p1a: Pecharunt
|-damage|p1a: Pecharunt|9/100
|
|upkeep
|turn|39
|
|t:|1758365874
|move|p1a: Pecharunt|Malignant Chain|p2a: Dudunsparce
|-damage|p2a: Dudunsparce|5/100
|-status|p2a: Dudunsparce|tox
|-start|p2a: Dudunsparce|confusion|[from] ability: Poison Puppeteer|[of] p1a: Pecharunt
|-activate|p2a: Dudunsparce|confusion
|move|p2a: Dudunsparce|Roost|p2a: Dudunsparce
|-heal|p2a: Dudunsparce|55/100 tox
|-singleturn|p2a: Dudunsparce|move: Roost
|
|-damage|p2a: Dudunsparce|49/100 tox|[from] psn
|upkeep
|turn|40
|
|t:|1758365884
|move|p1a: Pecharunt|Recover|p1a: Pecharunt
|-heal|p1a: Pecharunt|59/100
|-activate|p2a: Dudunsparce|confusion
|-damage|p2a: Dudunsparce|44/100 tox|[from] confusion
|
|-damage|p2a: Dudunsparce|32/100 tox|[from] psn
|upkeep
|turn|41
|
|t:|1758365888
|move|p1a: Pecharunt|Malignant Chain|p2a: Dudunsparce
|-damage|p2a: Dudunsparce|0 fnt
|faint|p2a: Dudunsparce
|
|upkeep
|-message|obezer forfeited.
|
|win|OmegaXC
|raw|OmegaXC's rating: 1358 &rarr; <strong>1375</strong><br />(+17 for winning)
|raw|obezer's rating: 1308 &rarr; <strong>1291</strong><br />(-17 for losing)
|l|☆obezer
|player|p2|
|l|☆OmegaXC
|player|p1|
