|j|☆LooksGoodToMe
|j|☆ChasemanY2K
|t:|1758333581
|gametype|singles
|player|p1|LooksGoodToMe|101|1224
|player|p2|ChasemanY2K|265|1265
|gen|9
|tier|[Gen 9] OU
|rated|
|rule|HP Percentage Mod: HP is shown in percentages
|rule|Endless Battle Clause: Forcing endless battles is banned
|rule|Species Clause: Limit one of each Pokémon
|rule|OHKO Clause: OHKO moves are banned
|rule|Evasion Items Clause: Evasion items are banned
|rule|Evasion Moves Clause: Evasion moves are banned
|rule|Evasion Abilities Clause: Evasion abilities are banned
|rule|Sleep Moves Clause: Sleep-inducing moves are banned
|clearpoke
|poke|p1|Great Tusk|
|poke|p1|Kingambit, M|
|poke|p1|Gholdengo|
|poke|p1|Dragonite, F|
|poke|p1|Ogerpon-Wellspring, F|
|poke|p1|Iron Valiant|
|poke|p2|Primarina, M|
|poke|p2|Rillaboom, F|
|poke|p2|Grimmsnarl, M|
|poke|p2|Zamazenta-*|
|poke|p2|Cinderace, F|
|poke|p2|Great Tusk|
|teampreview
|inactive|Battle timer is ON: inactive players will automatically lose when time's up. (requested by LooksGoodToMe)
|
|t:|1758333592
|teamsize|p1|6
|teamsize|p2|6
|start
|switch|p1a: Kingambit|Kingambit, M|100/100
|switch|p2a: Cinderace|Cinderace, F|100/100
|turn|1
|
|t:|1758333600
|-end|p1a: Kingambit|fallenundefined|[silent]
|switch|p1a: Great Tusk|Great Tusk|100/100
|move|p2a: Cinderace|Pyro Ball|p1a: Great Tusk
|-damage|p1a: Great Tusk|46/100
|
|-heal|p1a: Great Tusk|52/100|[from] item: Leftovers
|upkeep
|turn|2
|
|t:|1758333611
|move|p2a: Cinderace|Pyro Ball|p1a: Great Tusk
|-damage|p1a: Great Tusk|0 fnt
|faint|p1a: Great Tusk
|-end|p1a: Great Tusk|Protosynthesis|[silent]
|
|upkeep
|
|t:|1758333623
|switch|p1a: Dragonite|Dragonite, F|100/100
|turn|3
|
|t:|1758333629
|switch|p2a: Grimmsnarl|Grimmsnarl, M|100/100
|move|p1a: Dragonite|Dragon Dance|p1a: Dragonite
|-boost|p1a: Dragonite|atk|1
|-boost|p1a: Dragonite|spe|1
|
|upkeep
|turn|4
|
|t:|1758333637
|move|p2a: Grimmsnarl|Fake Out|p1a: Dragonite
|-crit|p1a: Dragonite
|-damage|p1a: Dragonite|92/100
|cant|p1a: Dragonite|flinch
|
|upkeep
|turn|5
|
|t:|1758333643
|move|p2a: Grimmsnarl|Thunder Wave|p1a: Dragonite
|-status|p1a: Dragonite|par
|move|p1a: Dragonite|Dragon Dance|p1a: Dragonite
|-boost|p1a: Dragonite|atk|1
|-boost|p1a: Dragonite|spe|1
|
|upkeep
|turn|6
|
|t:|1758333656
|move|p1a: Dragonite|Dragon Dance|p1a: Dragonite
|-boost|p1a: Dragonite|atk|1
|-boost|p1a: Dragonite|spe|1
|move|p2a: Grimmsnarl|Spirit Break|p1a: Dragonite
|-supereffective|p1a: Dragonite
|-crit|p1a: Dragonite
|-damage|p1a: Dragonite|11/100 par
|-unboost|p1a: Dragonite|spa|1
|
|upkeep
|turn|7
|
|t:|1758333676
|switch|p2a: Great Tusk|Great Tusk|100/100
|move|p1a: Dragonite|Earthquake|p2a: Great Tusk
|-damage|p2a: Great Tusk|55/100
|
|upkeep
|turn|8
|
|t:|1758333682
|move|p1a: Dragonite|Ice Spinner|p2a: Great Tusk
|-supereffective|p2a: Great Tusk
|-damage|p2a: Great Tusk|0 fnt
|-damage|p1a: Dragonite|0 fnt|[from] item: Rocky Helmet|[of] p2a: Great Tusk
|faint|p2a: Great Tusk
|-end|p2a: Great Tusk|Protosynthesis|[silent]
|faint|p1a: Dragonite
|
|upkeep
|
|t:|1758333703
|switch|p1a: Ogerpon|Ogerpon-Wellspring, F|100/100
|switch|p2a: Cinderace|Cinderace, F|100/100
|turn|9
|
|t:|1758333716
|move|p2a: Cinderace|Pyro Ball|p1a: Ogerpon
|-damage|p1a: Ogerpon|1/100
|-status|p1a: Ogerpon|brn
|move|p1a: Ogerpon|Ivy Cudgel|p2a: Cinderace|[anim] Ivy Cudgel Water
|-supereffective|p2a: Cinderace
|-damage|p2a: Cinderace|25/100
|
|-damage|p1a: Ogerpon|0 fnt|[from] brn
|faint|p1a: Ogerpon
|upkeep
|
|t:|1758333726
|switch|p1a: Iron Valiant|Iron Valiant|100/100
|turn|10
|
|t:|1758333735
|move|p1a: Iron Valiant|Moonblast|p2a: Cinderace
|-resisted|p2a: Cinderace
|-damage|p2a: Cinderace|0 fnt
|faint|p2a: Cinderace
|
|upkeep
|
|t:|1758333739
|switch|p2a: Grimmsnarl|Grimmsnarl, M|100/100
|turn|11
|
|t:|1758333749
|-end|p1a: Iron Valiant|Quark Drive|[silent]
|switch|p1a: Gholdengo|Gholdengo|100/100
|move|p2a: Grimmsnarl|Fake Out|p1a: Gholdengo
|-immune|p1a: Gholdengo
|
|upkeep
|turn|12
|
|t:|1758333761
|move|p1a: Gholdengo|Make It Rain|p2a: Grimmsnarl
|-supereffective|p2a: Grimmsnarl
|-damage|p2a: Grimmsnarl|23/100
|-unboost|p1a: Gholdengo|spa|1
|move|p2a: Grimmsnarl|Spirit Break|p1a: Gholdengo
|-resisted|p1a: Gholdengo
|-damage|p1a: Gholdengo|86/100
|-unboost|p1a: Gholdengo|spa|1
|
|-heal|p1a: Gholdengo|92/100|[from] item: Leftovers
|-heal|p2a: Grimmsnarl|29/100|[from] item: Leftovers
|upkeep
|turn|13
|
|t:|1758333772
|switch|p2a: Primarina|Primarina, M|100/100
|move|p1a: Gholdengo|Nasty Plot|p1a: Gholdengo
|-boost|p1a: Gholdengo|spa|2
|
|-heal|p1a: Gholdengo|98/100|[from] item: Leftovers
|upkeep
|turn|14
|
|t:|1758333780
|move|p1a: Gholdengo|Nasty Plot|p1a: Gholdengo
|-boost|p1a: Gholdengo|spa|2
|move|p2a: Primarina|Hyper Voice|p1a: Gholdengo
|-damage|p1a: Gholdengo|49/100
|
|-heal|p1a: Gholdengo|56/100|[from] item: Leftovers
|upkeep
|turn|15
|
|t:|1758333801
|switch|p2a: Zamazenta|Zamazenta|100/100
|-ability|p2a: Zamazenta|Dauntless Shield|boost
|-boost|p2a: Zamazenta|def|1
|move|p1a: Gholdengo|Shadow Ball|p2a: Zamazenta
|-damage|p2a: Zamazenta|38/100
|
|-heal|p2a: Zamazenta|44/100|[from] item: Leftovers
|-heal|p1a: Gholdengo|62/100|[from] item: Leftovers
|upkeep
|turn|16
|
|t:|1758333810
|move|p2a: Zamazenta|Crunch|p1a: Gholdengo
|-supereffective|p1a: Gholdengo
|-damage|p1a: Gholdengo|13/100
|move|p1a: Gholdengo|Shadow Ball|p2a: Zamazenta
|-damage|p2a: Zamazenta|0 fnt
|faint|p2a: Zamazenta
|
|-heal|p1a: Gholdengo|20/100|[from] item: Leftovers
|upkeep
|
|t:|1758333825
|switch|p2a: Rillaboom|Rillaboom, F|100/100
|-fieldstart|move: Grassy Terrain|[from] ability: Grassy Surge|[of] p2a: Rillaboom
|turn|17
|
|t:|1758333848
|move|p2a: Rillaboom|Grassy Glide|p1a: Gholdengo
|-resisted|p1a: Gholdengo
|-damage|p1a: Gholdengo|0 fnt
|faint|p1a: Gholdengo
|
|upkeep
|inactive|LooksGoodToMe has 120 seconds left.
|
|t:|1758333873
|switch|p1a: Iron Valiant|Iron Valiant|100/100
|turn|18
|inactive|LooksGoodToMe has 120 seconds left.
|
|t:|1758333882
|switch|p2a: Primarina|Primarina, M|100/100
|move|p1a: Iron Valiant|Moonblast|p2a: Primarina
|-damage|p2a: Primarina|67/100
|
|-heal|p2a: Primarina|73/100|[from] Grassy Terrain
|upkeep
|turn|19
|
|t:|1758333891
|move|p1a: Iron Valiant|Moonblast|p2a: Primarina
|-damage|p2a: Primarina|39/100
|-unboost|p2a: Primarina|spa|1
|move|p2a: Primarina|Moonblast|p1a: Iron Valiant
|-supereffective|p1a: Iron Valiant
|-damage|p1a: Iron Valiant|0 fnt
|faint|p1a: Iron Valiant
|-end|p1a: Iron Valiant|Quark Drive|[silent]
|
|-heal|p2a: Primarina|45/100|[from] Grassy Terrain
|upkeep
|
|t:|1758333894
|switch|p1a: Kingambit|Kingambit, M|100/100
|-activate|p1a: Kingambit|ability: Supreme Overlord
|-start|p1a: Kingambit|fallen5|[silent]
|turn|20
|inactive|LooksGoodToMe has 120 seconds left.
|
|t:|1758333917
|move|p1a: Kingambit|Swords Dance|p1a: Kingambit
|-boost|p1a: Kingambit|atk|2
|move|p2a: Primarina|Moonblast|p1a: Kingambit
|-damage|p1a: Kingambit|69/100
|
|-heal|p1a: Kingambit|75/100|[from] Grassy Terrain
|-heal|p1a: Kingambit|81/100|[from] item: Leftovers
|-heal|p2a: Primarina|51/100|[from] Grassy Terrain
|upkeep
|turn|21
|inactive|LooksGoodToMe has 120 seconds left.
|
|t:|1758333932
|move|p1a: Kingambit|Iron Head|p2a: Primarina
|-damage|p2a: Primarina|0 fnt
|faint|p2a: Primarina
|
|-heal|p1a: Kingambit|87/100|[from] Grassy Terrain
|-heal|p1a: Kingambit|93/100|[from] item: Leftovers
|-fieldend|move: Grassy Terrain
|upkeep
|
|t:|1758333935
|switch|p2a: Grimmsnarl|Grimmsnarl, M|29/100
|turn|22
|
|t:|1758333940
|move|p2a: Grimmsnarl|Fake Out|p1a: Kingambit
|-resisted|p1a: Kingambit
|-damage|p1a: Kingambit|89/100
|cant|p1a: Kingambit|flinch
|
|-heal|p1a: Kingambit|96/100|[from] item: Leftovers
|-heal|p2a: Grimmsnarl|35/100|[from] item: Leftovers
|upkeep
|turn|23
|
|t:|1758333947
|move|p1a: Kingambit|Iron Head|p2a: Grimmsnarl
|-supereffective|p2a: Grimmsnarl
|-damage|p2a: Grimmsnarl|0 fnt
|faint|p2a: Grimmsnarl
|
|-heal|p1a: Kingambit|100/100|[from] item: Leftovers
|upkeep
|
|t:|1758333949
|switch|p2a: Rillaboom|Rillaboom, F|100/100
|-fieldstart|move: Grassy Terrain|[from] ability: Grassy Surge|[of] p2a: Rillaboom
|turn|24
|
|t:|1758333960
|-terastallize|p2a: Rillaboom|Dark
|move|p1a: Kingambit|Sucker Punch|p2a: Rillaboom
|-resisted|p2a: Rillaboom
|-damage|p2a: Rillaboom|45/100
|move|p2a: Rillaboom|Wood Hammer|p1a: Kingambit
|-resisted|p1a: Kingambit
|-damage|p1a: Kingambit|51/100
|-damage|p2a: Rillaboom|26/100|[from] Recoil
|
|-heal|p2a: Rillaboom|32/100|[from] Grassy Terrain
|-heal|p1a: Kingambit|58/100|[from] Grassy Terrain
|-heal|p1a: Kingambit|64/100|[from] item: Leftovers
|upkeep
|turn|25
|
|t:|1758333971
|move|p1a: Kingambit|Sucker Punch|p2a: Rillaboom
|-resisted|p2a: Rillaboom
|-crit|p2a: Rillaboom
|-damage|p2a: Rillaboom|0 fnt
|faint|p2a: Rillaboom
|
|win|LooksGoodToMe
|raw|LooksGoodToMe's rating: 1224 &rarr; <strong>1252</strong><br />(+28 for winning)
|raw|ChasemanY2K's rating: 1265 &rarr; <strong>1237</strong><br />(-28 for losing)
|l|☆LooksGoodToMe
|player|p1|
