|j|☆aj311007
|j|☆rockdrigox666
|t:|1758367135
|gametype|singles
|player|p1|aj311007|170|1211
|player|p2|rockdrigox666|265|1190
|gen|9
|tier|[Gen 9] OU
|rated|
|rule|HP Percentage Mod: HP is shown in percentages
|rule|Endless Battle Clause: Forcing endless battles is banned
|rule|Species Clause: Limit one of each Pokémon
|rule|OHKO Clause: OHKO moves are banned
|rule|Evasion Items Clause: Evasion items are banned
|rule|Evasion Moves Clause: Evasion moves are banned
|rule|Evasion Abilities Clause: Evasion abilities are banned
|rule|Sleep Moves Clause: Sleep-inducing moves are banned
|clearpoke
|poke|p1|Kingdra, M|
|poke|p1|Gholdengo|
|poke|p1|Great Tusk|
|poke|p1|Fezandipiti, M|
|poke|p1|Mandibuzz, F|
|poke|p1|Dragapult, M|
|poke|p2|Weavile, F|
|poke|p2|Garchomp, M|
|poke|p2|Typhlosion, F|
|poke|p2|Tyranitar, F|
|poke|p2|Raging Bolt|
|poke|p2|Orthworm, F|
|teampreview
|inactive|Battle timer is ON: inactive players will automatically lose when time's up. (requested by rockdrigox666)
|inactive|aj311007 has 120 seconds left.
|
|t:|1758367171
|teamsize|p1|6
|teamsize|p2|6
|start
|switch|p1a: Boobee|Kingdra, M, shiny|100/100
|switch|p2a: Garchomp|Garchomp, M|100/100
|turn|1
|
|t:|1758367181
|-terastallize|p1a: Boobee|Electric
|move|p1a: Boobee|Scale Shot|p2a: Garchomp
|-supereffective|p2a: Garchomp
|-damage|p2a: Garchomp|86/100
|-supereffective|p2a: Garchomp
|-damage|p2a: Garchomp|72/100
|-supereffective|p2a: Garchomp
|-damage|p2a: Garchomp|58/100
|-hitcount|p2a: Garchomp|3
|-unboost|p1a: Boobee|def|1
|-boost|p1a: Boobee|spe|1
|move|p2a: Garchomp|Stealth Rock|p1a: Boobee
|-sidestart|p1: aj311007|move: Stealth Rock
|
|upkeep
|turn|2
|
|t:|1758367196
|move|p1a: Boobee|Scale Shot|p2a: Garchomp
|-supereffective|p2a: Garchomp
|-damage|p2a: Garchomp|45/100
|-supereffective|p2a: Garchomp
|-damage|p2a: Garchomp|32/100
|-supereffective|p2a: Garchomp
|-damage|p2a: Garchomp|19/100
|-supereffective|p2a: Garchomp
|-damage|p2a: Garchomp|6/100
|-supereffective|p2a: Garchomp
|-damage|p2a: Garchomp|0 fnt
|faint|p2a: Garchomp
|-hitcount|p2: Garchomp|5
|-unboost|p1a: Boobee|def|1
|-boost|p1a: Boobee|spe|1
|
|upkeep
|
|t:|1758367212
|switch|p2a: Orthworm|Orthworm, F|100/100
|turn|3
|
|t:|1758367227
|move|p1a: Boobee|Focus Energy|p1a: Boobee
|-start|p1a: Boobee|move: Focus Energy
|move|p2a: Orthworm|Iron Defense|p2a: Orthworm
|-boost|p2a: Orthworm|def|2
|
|upkeep
|turn|4
|
|t:|1758367237
|-terastallize|p2a: Orthworm|Electric
|move|p1a: Boobee|Liquidation|p2a: Orthworm
|-crit|p2a: Orthworm
|-damage|p2a: Orthworm|53/100
|move|p2a: Orthworm|Body Press|p1a: Boobee
|-crit|p1a: Boobee
|-damage|p1a: Boobee|0 fnt
|faint|p1a: Boobee
|
|-heal|p2a: Orthworm|60/100|[from] item: Leftovers
|upkeep
|inactive|aj311007 has 120 seconds left.
|
|t:|1758367264
|switch|p1a: Gholdengo|Gholdengo|100/100
|-damage|p1a: Gholdengo|94/100|[from] Stealth Rock
|turn|5
|inactive|aj311007 has 120 seconds left.
|
|t:|1758367274
|switch|p2a: Tyranitar|Tyranitar, F|100/100
|-weather|Sandstorm|[from] ability: Sand Stream|[of] p2a: Tyranitar
|move|p1a: Gholdengo|Shadow Ball|p2a: Tyranitar
|-resisted|p2a: Tyranitar
|-damage|p2a: Tyranitar|93/100
|
|-weather|Sandstorm|[upkeep]
|-heal|p1a: Gholdengo|100/100|[from] item: Leftovers
|upkeep
|turn|6
|
|t:|1758367285
|switch|p1a: Mandibuzz|Mandibuzz, F|100/100
|move|p2a: Tyranitar|Sand Tomb|p1a: Mandibuzz
|-immune|p1a: Mandibuzz
|
|-weather|Sandstorm|[upkeep]
|upkeep
|turn|7
|
|t:|1758367300
|move|p1a: Mandibuzz|Toxic|p2a: Tyranitar
|-status|p2a: Tyranitar|tox
|move|p2a: Tyranitar|Stone Edge|p1a: Mandibuzz
|-supereffective|p1a: Mandibuzz
|-damage|p1a: Mandibuzz|36/100
|
|-weather|Sandstorm|[upkeep]
|-damage|p2a: Tyranitar|87/100 tox|[from] psn
|upkeep
|turn|8
|
|t:|1758367314
|switch|p1a: Fezandipiti|Fezandipiti, M|100/100
|-damage|p1a: Fezandipiti|88/100|[from] Stealth Rock
|move|p2a: Tyranitar|Sand Tomb|p1a: Fezandipiti
|-supereffective|p1a: Fezandipiti
|-damage|p1a: Fezandipiti|58/100
|-activate|p1a: Fezandipiti|move: Sand Tomb|[of] p2a: Tyranitar
|
|-weather|Sandstorm|[upkeep]
|-damage|p1a: Fezandipiti|52/100|[from] Sandstorm
|-heal|p1a: Fezandipiti|58/100|[from] item: Leftovers
|-damage|p2a: Tyranitar|75/100 tox|[from] psn
|-damage|p1a: Fezandipiti|46/100|[from] move: Sand Tomb|[partiallytrapped]
|upkeep
|turn|9
|c|☆aj311007|Damnnn nicee
|
|t:|1758367331
|move|p1a: Fezandipiti|U-turn|p2a: Tyranitar
|-supereffective|p2a: Tyranitar
|-damage|p2a: Tyranitar|48/100 tox
|
|t:|1758367338
|switch|p1a: Mandibuzz|Mandibuzz, F|36/100|[from] U-turn
|move|p2a: Tyranitar|Earthquake|p1a: Mandibuzz
|-immune|p1a: Mandibuzz
|
|-weather|none
|-damage|p2a: Tyranitar|29/100 tox|[from] psn
|upkeep
|turn|10
|inactive|aj311007 has 120 seconds left.
|
|t:|1758367356
|move|p1a: Mandibuzz|Roost|p1a: Mandibuzz
|-heal|p1a: Mandibuzz|86/100
|-singleturn|p1a: Mandibuzz|move: Roost
|move|p2a: Tyranitar|Stone Edge|p1a: Mandibuzz
|-damage|p1a: Mandibuzz|55/100
|
|-damage|p2a: Tyranitar|5/100 tox|[from] psn
|upkeep
|turn|11
|inactive|aj311007 has 120 seconds left.
|
|t:|1758367366
|move|p1a: Mandibuzz|Roost|p1a: Mandibuzz
|-heal|p1a: Mandibuzz|100/100
|-singleturn|p1a: Mandibuzz|move: Roost
|move|p2a: Tyranitar|Stone Edge|p1a: Mandibuzz
|-damage|p1a: Mandibuzz|68/100
|
|-damage|p2a: Tyranitar|0 fnt|[from] psn
|faint|p2a: Tyranitar
|upkeep
|
|t:|1758367373
|switch|p2a: Typhlosion|Typhlosion, F|100/100
|turn|12
|
|t:|1758367385
|move|p2a: Typhlosion|Eruption|p1a: Mandibuzz
|-damage|p1a: Mandibuzz|8/100
|move|p1a: Mandibuzz|Toxic|p2a: Typhlosion
|-status|p2a: Typhlosion|tox
|
|-damage|p2a: Typhlosion|94/100 tox|[from] psn
|upkeep
|turn|13
|
|t:|1758367400
|move|p2a: Typhlosion|Eruption|p1a: Mandibuzz
|-damage|p1a: Mandibuzz|0 fnt
|faint|p1a: Mandibuzz
|
|-damage|p2a: Typhlosion|82/100 tox|[from] psn
|upkeep
|
|t:|1758367407
|switch|p1a: Fezandipiti|Fezandipiti, M|46/100
|-damage|p1a: Fezandipiti|33/100|[from] Stealth Rock
|turn|14
|
|t:|1758367414
|move|p2a: Typhlosion|Eruption|p1a: Fezandipiti
|-damage|p1a: Fezandipiti|1/100
|move|p1a: Fezandipiti|Roost|p1a: Fezandipiti
|-heal|p1a: Fezandipiti|51/100
|-singleturn|p1a: Fezandipiti|move: Roost
|
|-heal|p1a: Fezandipiti|57/100|[from] item: Leftovers
|-damage|p2a: Typhlosion|64/100 tox|[from] psn
|upkeep
|turn|15
|
|t:|1758367418
|move|p2a: Typhlosion|Eruption|p1a: Fezandipiti
|-damage|p1a: Fezandipiti|29/100
|move|p1a: Fezandipiti|Roost|p1a: Fezandipiti
|-heal|p1a: Fezandipiti|79/100
|-singleturn|p1a: Fezandipiti|move: Roost
|
|-heal|p1a: Fezandipiti|85/100|[from] item: Leftovers
|-damage|p2a: Typhlosion|40/100 tox|[from] psn
|upkeep
|turn|16
|-message|rockdrigox666 forfeited.
|
|win|aj311007
|raw|aj311007's rating: 1211 &rarr; <strong>1234</strong><br />(+23 for winning)
|raw|rockdrigox666's rating: 1190 &rarr; <strong>1167</strong><br />(-23 for losing)
|l|☆rockdrigox666
|player|p2|
|l|☆aj311007
|player|p1|
