|j|☆Novax_Og
|j|☆IanReneHn
|inactive|Battle timer is ON: inactive players will automatically lose when time's up.
|t:|1758310747
|gametype|singles
|player|p1|Novax_Og|jacq|
|player|p2|IanReneHn|roxie|
|gen|9
|tier|[Gen 9] OU
|rated|Tournament battle
|rule|HP Percentage Mod: HP is shown in percentages
|rule|Endless Battle Clause: Forcing endless battles is banned
|rule|Species Clause: Limit one of each Pokémon
|rule|OHKO Clause: OHKO moves are banned
|rule|Evasion Items Clause: Evasion items are banned
|rule|Evasion Moves Clause: Evasion moves are banned
|rule|Evasion Abilities Clause: Evasion abilities are banned
|rule|Sleep Moves Clause: Sleep-inducing moves are banned
|clearpoke
|poke|p1|Zamazenta-*|
|poke|p1|Gholdengo|
|poke|p1|Ting-Lu|
|poke|p1|Clefable, F|
|poke|p1|Dragonite, M|
|poke|p1|Deoxys-Speed|
|poke|p2|Samurott-Hisui, M|
|poke|p2|Kleavor, M|
|poke|p2|Glimmora, F|
|poke|p2|Ribombee, F|
|poke|p2|Thundurus, M|
|poke|p2|Gholdengo|
|teampreview
|j|*Lady Monita ☀
|inactive|IanReneHn also wants the timer to be on.
|inactive|Novax_Og has 120 seconds left.
|j| Albrtix
|
|t:|1758310800
|teamsize|p1|6
|teamsize|p2|6
|start
|switch|p1a: Gholdengo|Gholdengo|100/100
|switch|p2a: Thundurus|Thundurus, M, shiny|100/100
|turn|1
|
|t:|1758310809
|move|p2a: Thundurus|Knock Off|p1a: Gholdengo
|-supereffective|p1a: Gholdengo
|-damage|p1a: Gholdengo|61/100
|-enditem|p1a: Gholdengo|Heavy-Duty Boots|[from] move: Knock Off|[of] p2a: Thundurus
|move|p1a: Gholdengo|Shadow Ball|p2a: Thundurus
|-damage|p2a: Thundurus|60/100
|
|-heal|p2a: Thundurus|66/100|[from] item: Leftovers
|upkeep
|turn|2
|
|t:|1758310818
|move|p2a: Thundurus|Thunder Wave|p1a: Gholdengo
|-immune|p1a: Gholdengo|[from] ability: Good as Gold
|move|p1a: Gholdengo|Recover|p1a: Gholdengo
|-heal|p1a: Gholdengo|100/100
|
|-heal|p2a: Thundurus|72/100|[from] item: Leftovers
|upkeep
|turn|3
|
|t:|1758310822
|move|p2a: Thundurus|Discharge|p1a: Gholdengo
|-damage|p1a: Gholdengo|65/100
|move|p1a: Gholdengo|Nasty Plot|p1a: Gholdengo
|-boost|p1a: Gholdengo|spa|2
|
|-heal|p2a: Thundurus|78/100|[from] item: Leftovers
|upkeep
|turn|4
|
|t:|1758310829
|move|p2a: Thundurus|Discharge|p1a: Gholdengo
|-damage|p1a: Gholdengo|28/100
|move|p1a: Gholdengo|Shadow Ball|p2a: Thundurus
|-damage|p2a: Thundurus|0 fnt
|faint|p2a: Thundurus
|
|upkeep
|
|t:|1758310832
|switch|p2a: Ribombee|Ribombee, F, shiny|100/100
|turn|5
|
|t:|1758310837
|move|p2a: Ribombee|Sticky Web|p1a: Gholdengo
|-sidestart|p1: Novax_Og|move: Sticky Web
|move|p1a: Gholdengo|Recover|p1a: Gholdengo
|-heal|p1a: Gholdengo|78/100
|
|upkeep
|turn|6
|
|t:|1758310840
|move|p2a: Ribombee|Tailwind|p2a: Ribombee
|-sidestart|p2: IanReneHn|move: Tailwind
|move|p1a: Gholdengo|Shadow Ball|p2a: Ribombee
|-damage|p2a: Ribombee|4/100
|
|upkeep
|turn|7
|
|t:|1758310850
|move|p2a: Ribombee|Bug Buzz|p1a: Gholdengo
|-resisted|p1a: Gholdengo
|-damage|p1a: Gholdengo|72/100
|move|p1a: Gholdengo|Recover|p1a: Gholdengo
|-heal|p1a: Gholdengo|100/100
|
|upkeep
|turn|8
|
|t:|1758310855
|move|p2a: Ribombee|Alluring Voice|p1a: Gholdengo
|-resisted|p1a: Gholdengo
|-crit|p1a: Gholdengo
|-damage|p1a: Gholdengo|83/100
|move|p1a: Gholdengo|Nasty Plot|p1a: Gholdengo
|-boost|p1a: Gholdengo|spa|2
|
|upkeep
|turn|9
|
|t:|1758310860
|move|p2a: Ribombee|Alluring Voice|p1a: Gholdengo
|-resisted|p1a: Gholdengo
|-damage|p1a: Gholdengo|71/100
|move|p1a: Gholdengo|Shadow Ball|p2a: Ribombee
|-damage|p2a: Ribombee|0 fnt
|faint|p2a: Ribombee
|
|-sideend|p2: IanReneHn|move: Tailwind
|upkeep
|
|t:|1758310863
|switch|p2a: Glimmora|Glimmora, F, shiny|100/100
|turn|10
|
|t:|1758310868
|move|p2a: Glimmora|Meteor Beam||[still]
|-prepare|p2a: Glimmora|Meteor Beam
|-boost|p2a: Glimmora|spa|1
|move|p1a: Gholdengo|Shadow Ball|p2a: Glimmora
|-enditem|p2a: Glimmora|Focus Sash
|-damage|p2a: Glimmora|1/100
|
|upkeep
|turn|11
|
|t:|1758310875
|move|p2a: Glimmora|Meteor Beam|p1a: Gholdengo|[from] lockedmove
|-resisted|p1a: Gholdengo
|-damage|p1a: Gholdengo|33/100
|move|p1a: Gholdengo|Shadow Ball|p2a: Glimmora
|-damage|p2a: Glimmora|0 fnt
|faint|p2a: Glimmora
|
|upkeep
|
|t:|1758310884
|switch|p2a: Gholdengo|Gholdengo, shiny|100/100
|turn|12
|
|t:|1758310887
|-terastallize|p2a: Gholdengo|Ghost
|move|p2a: Gholdengo|Shadow Ball|p1a: Gholdengo
|-supereffective|p1a: Gholdengo
|-damage|p1a: Gholdengo|0 fnt
|faint|p1a: Gholdengo
|
|upkeep
|
|t:|1758310897
|switch|p1a: Ting-Lu|Ting-Lu|100/100
|-activate|p1a: Ting-Lu|move: Sticky Web
|-unboost|p1a: Ting-Lu|spe|1
|-ability|p1a: Ting-Lu|Vessel of Ruin
|turn|13
|
|t:|1758310918
|switch|p2a: Samurott|Samurott-Hisui, M, shiny|100/100
|move|p1a: Ting-Lu|Ruination|p2a: Samurott
|-damage|p2a: Samurott|50/100
|
|upkeep
|turn|14
|
|t:|1758310928
|switch|p1a: Clefable|Clefable, F|100/100
|-activate|p1a: Clefable|move: Sticky Web
|-unboost|p1a: Clefable|spe|1
|move|p2a: Samurott|Ceaseless Edge|p1a: Clefable
|-resisted|p1a: Clefable
|-damage|p1a: Clefable|82/100
|-damage|p2a: Samurott|34/100|[from] item: Rocky Helmet|[of] p1a: Clefable
|-sidestart|p1: Novax_Og|Spikes
|
|upkeep
|turn|15
|
|t:|1758310952
|move|p2a: Samurott|Ceaseless Edge|p1a: Clefable
|-resisted|p1a: Clefable
|-damage|p1a: Clefable|63/100
|-damage|p2a: Samurott|18/100|[from] item: Rocky Helmet|[of] p1a: Clefable
|-sidestart|p1: Novax_Og|Spikes
|move|p1a: Clefable|Stealth Rock|p2a: Samurott
|-sidestart|p2: IanReneHn|move: Stealth Rock
|
|upkeep
|turn|16
|inactive|IanReneHn has 120 seconds left.
|
|t:|1758310976
|move|p2a: Samurott|Ceaseless Edge|p1a: Clefable
|-resisted|p1a: Clefable
|-damage|p1a: Clefable|45/100
|-damage|p2a: Samurott|1/100|[from] item: Rocky Helmet|[of] p1a: Clefable
|-sidestart|p1: Novax_Og|Spikes
|move|p1a: Clefable|Moonlight|p1a: Clefable
|-heal|p1a: Clefable|95/100
|
|upkeep
|turn|17
|inactive|IanReneHn has 120 seconds left.
|
|t:|1758310984
|move|p2a: Samurott|Aqua Cutter|p1a: Clefable
|-damage|p1a: Clefable|55/100
|move|p1a: Clefable|Moonlight|p1a: Clefable
|-heal|p1a: Clefable|100/100
|
|upkeep
|turn|18
|inactive|IanReneHn has 120 seconds left.
|
|t:|1758310995
|move|p2a: Samurott|Aqua Cutter|p1a: Clefable
|-damage|p1a: Clefable|60/100
|move|p1a: Clefable|Moonblast|p2a: Samurott
|-supereffective|p2a: Samurott
|-damage|p2a: Samurott|0 fnt
|faint|p2a: Samurott
|
|upkeep
|inactive|IanReneHn has 120 seconds left.
|
|t:|1758311010
|switch|p2a: Kleavor|Kleavor, M, shiny|100/100
|-damage|p2a: Kleavor|76/100|[from] Stealth Rock
|turn|19
|
|t:|1758311015
|move|p2a: Kleavor|Stone Axe|p1a: Clefable
|-damage|p1a: Clefable|13/100
|-damage|p2a: Kleavor|59/100|[from] item: Rocky Helmet|[of] p1a: Clefable
|-sidestart|p1: Novax_Og|move: Stealth Rock
|move|p1a: Clefable|Moonblast|p2a: Kleavor
|-damage|p2a: Kleavor|23/100
|
|upkeep
|turn|20
|inactive|IanReneHn has 120 seconds left.
|inactive|IanReneHn has 90 seconds left.
|
|t:|1758311064
|move|p2a: Kleavor|Stone Axe|p1a: Clefable|[miss]
|-miss|p2a: Kleavor|p1a: Clefable
|move|p1a: Clefable|Moonblast|p2a: Kleavor
|-damage|p2a: Kleavor|0 fnt
|faint|p2a: Kleavor
|
|upkeep
|
|t:|1758311067
|switch|p2a: Gholdengo|Gholdengo, shiny, tera:Ghost|100/100
|-damage|p2a: Gholdengo|88/100|[from] Stealth Rock
|turn|21
|inactive|IanReneHn has 90 seconds left.
|
|t:|1758311096
|move|p2a: Gholdengo|Trick|p1a: Clefable
|-activate|p2a: Gholdengo|move: Trick|[of] p1a: Clefable
|-item|p1a: Clefable|Choice Scarf|[from] move: Trick
|-item|p2a: Gholdengo|Rocky Helmet|[from] move: Trick
|move|p1a: Clefable|Knock Off|p2a: Gholdengo
|-supereffective|p2a: Gholdengo
|-damage|p2a: Gholdengo|55/100
|-enditem|p2a: Gholdengo|Rocky Helmet|[from] move: Knock Off|[of] p1a: Clefable
|
|upkeep
|turn|22
|
|t:|1758311109
|move|p2a: Gholdengo|Shadow Ball|p1a: Clefable
|-damage|p1a: Clefable|0 fnt
|faint|p1a: Clefable
|
|upkeep
|
|t:|1758311112
|switch|p1a: Deoxys|Deoxys-Speed|100/100
|-ability|p1a: Deoxys|Pressure
|turn|23
|
|t:|1758311130
|move|p1a: Deoxys|Psycho Boost|p2a: Gholdengo
|-damage|p2a: Gholdengo|0 fnt
|-unboost|p1a: Deoxys|spa|2
|faint|p2a: Gholdengo
|
|win|Novax_Og
|n|☆Novax_Og|novaxog
|n|☆IanReneHn|ianrenehn
|n|*Lady Monita ☀|ladymonita
|n| Albrtix|albrtix
|l|*Lady Monita ☀
|l|☆IanReneHn
|player|p2|
|l|☆Novax_Og
|player|p1|
