|j|☆yuluoyouchou
|j|☆moope
|t:|1758251394
|gametype|singles
|player|p1|yuluoyouchou|170|1393
|player|p2|moope|miku-fairy|1417
|gen|9
|tier|[Gen 9] OU
|rated|
|rule|HP Percentage Mod: HP is shown in percentages
|rule|Endless Battle Clause: Forcing endless battles is banned
|rule|Species Clause: Limit one of each Pokémon
|rule|OHKO Clause: OHKO moves are banned
|rule|Evasion Items Clause: Evasion items are banned
|rule|Evasion Moves Clause: Evasion moves are banned
|rule|Evasion Abilities Clause: Evasion abilities are banned
|rule|Sleep Moves Clause: Sleep-inducing moves are banned
|clearpoke
|poke|p1|Landorus-Therian, M|
|poke|p1|Dragonite, F|
|poke|p1|Ogerpon-Wellspring, F|
|poke|p1|Dragapult, M|
|poke|p1|Deoxys-Speed|
|poke|p1|Hatterene, F|
|poke|p2|Ursaluna, F|
|poke|p2|Iron Hands|
|poke|p2|Cinderace, F|
|poke|p2|Sinistcha|
|poke|p2|Hatterene, F|
|poke|p2|Malamar, M|
|teampreview
|
|t:|1758251415
|teamsize|p1|6
|teamsize|p2|6
|start
|switch|p1a: Landorus|Landorus-Therian, M|100/100
|switch|p2a: Malamar|Malamar, M|100/100
|-ability|p1a: Landorus|Intimidate|boost
|-boost|p2a: Malamar|atk|1
|turn|1
|
|t:|1758251422
|move|p1a: Landorus|U-turn|p2a: Malamar
|-supereffective|p2a: Malamar
|-damage|p2a: Malamar|0 fnt
|faint|p2a: Malamar
|
|t:|1758251426
|switch|p1a: Deoxys|Deoxys-Speed|100/100|[from] U-turn
|-ability|p1a: Deoxys|Pressure
|
|upkeep
|
|t:|1758251439
|switch|p2a: IF NOBODY GOT ME|Sinistcha|100/100
|turn|2
|
|t:|1758251443
|move|p1a: Deoxys|Knock Off|p2a: IF NOBODY GOT ME
|-supereffective|p2a: IF NOBODY GOT ME
|-damage|p2a: IF NOBODY GOT ME|31/100
|-enditem|p2a: IF NOBODY GOT ME|Weakness Policy
|-boost|p2a: IF NOBODY GOT ME|atk|2|[from] item: Weakness Policy
|-boost|p2a: IF NOBODY GOT ME|spa|2|[from] item: Weakness Policy
|-damage|p1a: Deoxys|91/100|[from] item: Life Orb
|move|p2a: IF NOBODY GOT ME|Trick Room|p2a: IF NOBODY GOT ME
|-fieldstart|move: Trick Room|[of] p2a: IF NOBODY GOT ME
|
|upkeep
|turn|3
|
|t:|1758251459
|move|p2a: IF NOBODY GOT ME|Matcha Gotcha|p1a: Deoxys
|-damage|p1a: Deoxys|0 fnt
|-heal|p2a: IF NOBODY GOT ME|62/100|[from] drain|[of] p1a: Deoxys
|faint|p1a: Deoxys
|
|upkeep
|
|t:|1758251464
|switch|p1a: Dragonite|Dragonite, F|100/100
|turn|4
|
|t:|1758251473
|move|p2a: IF NOBODY GOT ME|Matcha Gotcha|p1a: Dragonite
|-resisted|p1a: Dragonite
|-damage|p1a: Dragonite|89/100
|-heal|p2a: IF NOBODY GOT ME|68/100|[from] drain|[of] p1a: Dragonite
|move|p1a: Dragonite|Ice Spinner|p2a: IF NOBODY GOT ME
|-supereffective|p2a: IF NOBODY GOT ME
|-damage|p2a: IF NOBODY GOT ME|17/100
|
|upkeep
|turn|5
|
|t:|1758251481
|move|p2a: IF NOBODY GOT ME|Shadow Ball|p1a: Dragonite
|-damage|p1a: Dragonite|5/100
|move|p1a: Dragonite|Roost|p1a: Dragonite
|-heal|p1a: Dragonite|55/100
|-singleturn|p1a: Dragonite|move: Roost
|
|upkeep
|turn|6
|
|t:|1758251487
|move|p2a: IF NOBODY GOT ME|Shadow Ball|p1a: Dragonite
|-damage|p1a: Dragonite|0 fnt
|faint|p1a: Dragonite
|
|-fieldend|move: Trick Room
|upkeep
|
|t:|1758251490
|switch|p1a: Dragapult|Dragapult, M|100/100
|turn|7
|
|t:|1758251494
|move|p1a: Dragapult|Substitute|p1a: Dragapult
|-start|p1a: Dragapult|Substitute
|-damage|p1a: Dragapult|75/100
|move|p2a: IF NOBODY GOT ME|Shadow Ball|p1a: Dragapult
|-supereffective|p1a: Dragapult
|-end|p1a: Dragapult|Substitute
|
|-heal|p1a: Dragapult|82/100|[from] item: Leftovers
|upkeep
|turn|8
|
|t:|1758251498
|move|p1a: Dragapult|Phantom Force||[still]
|-prepare|p1a: Dragapult|Phantom Force
|move|p2a: IF NOBODY GOT ME|Shadow Ball|p1a: Dragapult|[miss]
|-miss|p2a: IF NOBODY GOT ME|p1a: Dragapult
|
|-heal|p1a: Dragapult|88/100|[from] item: Leftovers
|upkeep
|turn|9
|
|t:|1758251501
|switch|p2a: big ol fuck u bear|Ursaluna, F|100/100
|move|p1a: Dragapult|Phantom Force|p2a: big ol fuck u bear|[from] lockedmove
|-immune|p2a: big ol fuck u bear
|
|-heal|p1a: Dragapult|94/100|[from] item: Leftovers
|-status|p2a: big ol fuck u bear|brn|[from] item: Flame Orb
|upkeep
|turn|10
|
|t:|1758251508
|switch|p1a: Landorus|Landorus-Therian, M|100/100
|-ability|p1a: Landorus|Intimidate|boost
|-unboost|p2a: big ol fuck u bear|atk|1
|move|p2a: big ol fuck u bear|Headlong Rush|p1a: Landorus
|-immune|p1a: Landorus
|
|-damage|p2a: big ol fuck u bear|94/100 brn|[from] brn
|upkeep
|turn|11
|
|t:|1758251514
|switch|p2a: IF NOBODY GOT ME|Sinistcha|17/100
|move|p1a: Landorus|Hammer Arm|p2a: IF NOBODY GOT ME
|-immune|p2a: IF NOBODY GOT ME
|
|upkeep
|turn|12
|
|t:|1758251519
|switch|p1a: Ogerpon|Ogerpon-Wellspring, F|100/100
|move|p2a: IF NOBODY GOT ME|Matcha Gotcha|p1a: Ogerpon|[miss]
|-miss|p2a: IF NOBODY GOT ME|p1a: Ogerpon
|
|upkeep
|turn|13
|
|t:|1758251528
|move|p1a: Ogerpon|Trailblaze|p2a: IF NOBODY GOT ME
|-resisted|p2a: IF NOBODY GOT ME
|-damage|p2a: IF NOBODY GOT ME|2/100
|-boost|p1a: Ogerpon|spe|1
|move|p2a: IF NOBODY GOT ME|Shadow Ball|p1a: Ogerpon
|-damage|p1a: Ogerpon|61/100
|
|upkeep
|turn|14
|
|t:|1758251533
|move|p1a: Ogerpon|Trailblaze|p2a: IF NOBODY GOT ME
|-resisted|p2a: IF NOBODY GOT ME
|-damage|p2a: IF NOBODY GOT ME|0 fnt
|-boost|p1a: Ogerpon|spe|1
|faint|p2a: IF NOBODY GOT ME
|
|upkeep
|
|t:|1758251534
|switch|p2a: Cinder|Cinderace, F|100/100
|turn|15
|
|t:|1758251543
|-terastallize|p2a: Cinder|Dark
|move|p2a: Cinder|Sucker Punch|p1a: Ogerpon
|-damage|p1a: Ogerpon|21/100
|move|p1a: Ogerpon|Ivy Cudgel|p2a: Cinder|[anim] Ivy Cudgel Water
|-damage|p2a: Cinder|5/100
|
|upkeep
|turn|16
|
|t:|1758251550
|move|p2a: Cinder|Sucker Punch|p1a: Ogerpon
|-damage|p1a: Ogerpon|0 fnt
|faint|p1a: Ogerpon
|
|upkeep
|
|t:|1758251555
|switch|p1a: Landorus|Landorus-Therian, M|100/100
|-ability|p1a: Landorus|Intimidate|boost
|-unboost|p2a: Cinder|atk|1
|turn|17
|
|t:|1758251561
|move|p2a: Cinder|Sucker Punch|p1a: Landorus
|-damage|p1a: Landorus|76/100
|move|p1a: Landorus|U-turn|p2a: Cinder
|-supereffective|p2a: Cinder
|-crit|p2a: Cinder
|-damage|p2a: Cinder|0 fnt
|faint|p2a: Cinder
|
|t:|1758251564
|switch|p1a: Dragapult|Dragapult, M|94/100|[from] U-turn
|
|-heal|p1a: Dragapult|99/100|[from] item: Leftovers
|upkeep
|
|t:|1758251567
|switch|p2a: Hatterene|Hatterene, F|100/100
|turn|18
|
|t:|1758251570
|move|p1a: Dragapult|Phantom Force||[still]
|-prepare|p1a: Dragapult|Phantom Force
|move|p2a: Hatterene|Trick Room|p2a: Hatterene
|-fieldstart|move: Trick Room|[of] p2a: Hatterene
|
|-heal|p1a: Dragapult|100/100|[from] item: Leftovers
|upkeep
|turn|19
|
|t:|1758251575
|move|p2a: Hatterene|Draining Kiss|p1a: Dragapult|[miss]
|-miss|p2a: Hatterene|p1a: Dragapult
|move|p1a: Dragapult|Phantom Force|p2a: Hatterene|[from] lockedmove
|-supereffective|p2a: Hatterene
|-enditem|p2a: Hatterene|Focus Sash
|-damage|p2a: Hatterene|1/100
|
|upkeep
|turn|20
|
|t:|1758251582
|switch|p1a: Hatterene|Hatterene, F|100/100
|move|p2a: Hatterene|Draining Kiss|p1a: Hatterene
|-damage|p1a: Hatterene|68/100
|-heal|p2a: Hatterene|25/100|[from] drain|[of] p1a: Hatterene
|
|-heal|p1a: Hatterene|74/100|[from] item: Leftovers
|upkeep
|turn|21
|
|t:|1758251586
|switch|p2a: big ol fuck u bear|Ursaluna, F|94/100 brn
|move|p1a: Hatterene|Calm Mind|p1a: Hatterene
|-boost|p1a: Hatterene|spa|1
|-boost|p1a: Hatterene|spd|1
|
|-heal|p1a: Hatterene|80/100|[from] item: Leftovers
|-damage|p2a: big ol fuck u bear|88/100 brn|[from] brn
|upkeep
|turn|22
|
|t:|1758251597
|move|p2a: big ol fuck u bear|Headlong Rush|p1a: Hatterene
|-damage|p1a: Hatterene|0 fnt
|-unboost|p2a: big ol fuck u bear|def|1
|-unboost|p2a: big ol fuck u bear|spd|1
|faint|p1a: Hatterene
|
|-damage|p2a: big ol fuck u bear|82/100 brn|[from] brn
|-fieldend|move: Trick Room
|upkeep
|
|t:|1758251601
|switch|p1a: Landorus|Landorus-Therian, M|76/100
|-ability|p1a: Landorus|Intimidate|boost
|-unboost|p2a: big ol fuck u bear|atk|1
|turn|23
|
|t:|1758251604
|move|p1a: Landorus|Earthquake|p2a: big ol fuck u bear
|-damage|p2a: big ol fuck u bear|19/100 brn
|move|p2a: big ol fuck u bear|Facade|p1a: Landorus
|-damage|p1a: Landorus|0 fnt
|faint|p1a: Landorus
|
|-damage|p2a: big ol fuck u bear|13/100 brn|[from] brn
|upkeep
|
|t:|1758251610
|switch|p1a: Dragapult|Dragapult, M|100/100
|turn|24
|
|t:|1758251616
|move|p1a: Dragapult|Dragon Darts|p2a: big ol fuck u bear
|-damage|p2a: big ol fuck u bear|0 fnt
|faint|p2a: big ol fuck u bear
|
|upkeep
|
|t:|1758251618
|switch|p2a: Hatterene|Hatterene, F|25/100
|turn|25
|
|t:|1758251625
|move|p1a: Dragapult|Phantom Force||[still]
|-prepare|p1a: Dragapult|Phantom Force
|move|p2a: Hatterene|Trick Room|p2a: Hatterene
|-fieldstart|move: Trick Room|[of] p2a: Hatterene
|
|upkeep
|turn|26
|
|t:|1758251630
|move|p2a: Hatterene|Psychic Noise|p1a: Dragapult|[miss]
|-miss|p2a: Hatterene|p1a: Dragapult
|move|p1a: Dragapult|Phantom Force|p2a: Hatterene|[from] lockedmove
|-supereffective|p2a: Hatterene
|-damage|p2a: Hatterene|0 fnt
|faint|p2a: Hatterene
|
|upkeep
|
|t:|1758251632
|switch|p2a: death punch|Iron Hands|100/100
|-enditem|p2a: death punch|Booster Energy
|-activate|p2a: death punch|ability: Quark Drive|[fromitem]
|-start|p2a: death punch|quarkdriveatk
|turn|27
|
|t:|1758251643
|move|p2a: death punch|Ice Punch|p1a: Dragapult
|-supereffective|p1a: Dragapult
|-damage|p1a: Dragapult|10/100
|move|p1a: Dragapult|Substitute|p1a: Dragapult
|-fail|p1a: Dragapult|move: Substitute|[weak]
|
|-heal|p1a: Dragapult|17/100|[from] item: Leftovers
|upkeep
|turn|28
|
|t:|1758251648
|move|p2a: death punch|Ice Punch|p1a: Dragapult
|-supereffective|p1a: Dragapult
|-damage|p1a: Dragapult|0 fnt
|faint|p1a: Dragapult
|
|win|moope
|raw|yuluoyouchou's rating: 1393 &rarr; <strong>1374</strong><br />(-19 for losing)
|raw|moope's rating: 1417 &rarr; <strong>1436</strong><br />(+19 for winning)
|c|☆moope|gg
|l|☆yuluoyouchou
|player|p1|
