|j|☆adroma
|j|☆Appsangry1809o
|t:|1758378736
|gametype|singles
|player|p1|adroma|clair|1044
|player|p2|Appsangry1809o|ethan|1077
|gen|9
|tier|[Gen 9] OU
|rated|
|rule|HP Percentage Mod: HP is shown in percentages
|rule|Endless Battle Clause: Forcing endless battles is banned
|rule|Species Clause: Limit one of each Pokémon
|rule|OHKO Clause: OHKO moves are banned
|rule|Evasion Items Clause: Evasion items are banned
|rule|Evasion Moves Clause: Evasion moves are banned
|rule|Evasion Abilities Clause: Evasion abilities are banned
|rule|Sleep Moves Clause: Sleep-inducing moves are banned
|clearpoke
|poke|p1|Whimsicott, F|
|poke|p1|Clodsire, M|
|poke|p1|Kyurem|
|poke|p1|Ursaluna, F|
|poke|p1|Charizard, F|
|poke|p1|Ninetales, M|
|poke|p2|Typhlosion, F|
|poke|p2|Tyranitar, M|
|poke|p2|Ampharos, M|
|poke|p2|Gholdengo|
|poke|p2|Quagsire, F|
|poke|p2|Sunflora, M|
|teampreview
|
|t:|1758378745
|teamsize|p1|6
|teamsize|p2|6
|start
|switch|p1a: Clodsire|Clodsire, M|100/100
|switch|p2a: Sunflora|Sunflora, M|100/100
|turn|1
|
|t:|1758378751
|switch|p2a: Quagsire|Quagsire, F|100/100
|move|p1a: Clodsire|Stealth Rock|p2a: Quagsire
|-sidestart|p2: Appsangry1809o|move: Stealth Rock
|
|upkeep
|turn|2
|inactive|Battle timer is ON: inactive players will automatically lose when time's up. (requested by Appsangry1809o)
|inactiveoff|Battle timer is now OFF.
|
|t:|1758378757
|move|p2a: Quagsire|Stomping Tantrum|p1a: Clodsire
|-supereffective|p1a: Clodsire
|-damage|p1a: Clodsire|47/100
|move|p1a: Clodsire|Toxic Spikes|p2a: Quagsire
|-sidestart|p2: Appsangry1809o|move: Toxic Spikes
|
|-heal|p1a: Clodsire|53/100|[from] item: Leftovers
|upkeep
|turn|3
|
|t:|1758378770
|move|p2a: Quagsire|Stomping Tantrum|p1a: Clodsire
|-supereffective|p1a: Clodsire
|-damage|p1a: Clodsire|0 fnt
|faint|p1a: Clodsire
|
|upkeep
|inactive|Battle timer is ON: inactive players will automatically lose when time's up. (requested by Appsangry1809o)
|
|t:|1758378777
|switch|p1a: Ninetales|Ninetales, M, shiny|100/100
|-weather|SunnyDay|[from] ability: Drought|[of] p1a: Ninetales
|turn|4
|inactiveoff|Battle timer is now OFF.
|
|t:|1758378787
|switch|p1a: WEATHER BALL|Charizard, F|100/100
|switch|p2a: Sunflora|Sunflora, M|100/100
|-damage|p2a: Sunflora|88/100|[from] Stealth Rock
|-status|p2a: Sunflora|psn
|
|-weather|SunnyDay|[upkeep]
|-damage|p1a: WEATHER BALL|88/100|[from] ability: Solar Power|[of] p1a: WEATHER BALL
|-heal|p1a: WEATHER BALL|94/100|[from] item: Leftovers
|-damage|p2a: Sunflora|76/100 psn|[from] psn
|upkeep
|turn|5
|
|t:|1758378816
|switch|p2a: Typhlosion|Typhlosion, F|100/100
|move|p1a: WEATHER BALL|Weather Ball|p2a: Typhlosion
|-start|p2a: Typhlosion|ability: Flash Fire
|
|-weather|SunnyDay|[upkeep]
|-damage|p1a: WEATHER BALL|82/100|[from] ability: Solar Power|[of] p1a: WEATHER BALL
|-heal|p1a: WEATHER BALL|88/100|[from] item: Leftovers
|upkeep
|turn|6
|inactive|Battle timer is ON: inactive players will automatically lose when time's up. (requested by Appsangry1809o)
|inactiveoff|Battle timer is now OFF.
|
|t:|1758378830
|-terastallize|p2a: Typhlosion|Fire
|move|p2a: Typhlosion|Eruption|p1a: WEATHER BALL
|-resisted|p1a: WEATHER BALL
|-damage|p1a: WEATHER BALL|0 fnt
|faint|p1a: WEATHER BALL
|
|-weather|SunnyDay|[upkeep]
|upkeep
|
|t:|1758378839
|switch|p1a: Ninetales|Ninetales, M, shiny|100/100
|turn|7
|
|t:|1758378844
|move|p2a: Typhlosion|Eruption|p1a: Ninetales
|-resisted|p1a: Ninetales
|-damage|p1a: Ninetales|0 fnt
|faint|p1a: Ninetales
|
|-weather|SunnyDay|[upkeep]
|upkeep
|inactive|Battle timer is ON: inactive players will automatically lose when time's up. (requested by Appsangry1809o)
|
|t:|1758378852
|switch|p1a: testing|Ursaluna, F|100/100
|turn|8
|inactiveoff|Battle timer is now OFF.
|
|t:|1758378863
|-terastallize|p1a: testing|Ground
|move|p2a: Typhlosion|Eruption|p1a: testing
|-damage|p1a: testing|0 fnt
|faint|p1a: testing
|
|-weather|none
|upkeep
|inactive|Battle timer is ON: inactive players will automatically lose when time's up. (requested by Appsangry1809o)
|
|t:|1758378877
|switch|p1a: Whimsicott|Whimsicott, F|100/100
|turn|9
|
|t:|1758378880
|move|p1a: Whimsicott|Leech Seed|p2a: Typhlosion
|-start|p2a: Typhlosion|move: Leech Seed
|move|p2a: Typhlosion|Eruption|p1a: Whimsicott
|-supereffective|p1a: Whimsicott
|-damage|p1a: Whimsicott|0 fnt
|faint|p1a: Whimsicott
|
|upkeep
|inactiveoff|Battle timer is now OFF.
|
|t:|1758378888
|switch|p1a: Kyurem|Kyurem, shiny|100/100
|-ability|p1a: Kyurem|Pressure
|turn|10
|
|t:|1758378894
|move|p2a: Typhlosion|Eruption|p1a: Kyurem
|-damage|p1a: Kyurem|0 fnt
|faint|p1a: Kyurem
|
|win|Appsangry1809o
|raw|adroma's rating: 1044 &rarr; <strong>1029</strong><br />(-15 for losing)
|raw|Appsangry1809o's rating: 1077 &rarr; <strong>1103</strong><br />(+26 for winning)
