|j|☆Brock2424
|j|☆cat09cat
|t:|1758350185
|gametype|singles
|player|p1|Brock2424|102|1145
|player|p2|cat09cat|nate|1204
|gen|9
|tier|[Gen 9] OU
|rated|
|rule|HP Percentage Mod: HP is shown in percentages
|rule|Endless Battle Clause: Forcing endless battles is banned
|rule|Species Clause: Limit one of each Pokémon
|rule|OHKO Clause: OHKO moves are banned
|rule|Evasion Items Clause: Evasion items are banned
|rule|Evasion Moves Clause: Evasion moves are banned
|rule|Evasion Abilities Clause: Evasion abilities are banned
|rule|Sleep Moves Clause: Sleep-inducing moves are banned
|clearpoke
|poke|p1|Hariyama, F|
|poke|p1|Kleavor, F|
|poke|p1|Lokix, M|
|poke|p1|Azumarill, F|
|poke|p1|Porygon2|
|poke|p1|Heatran, M|
|poke|p2|Primarina, M|
|poke|p2|Great Tusk|
|poke|p2|Kingambit, M|
|poke|p2|Slowking-Galar, M|
|poke|p2|Ogerpon, F|
|poke|p2|Enamorus, F|
|teampreview
|inactive|Battle timer is ON: inactive players will automatically lose when time's up. (requested by Brock2424)
|
|t:|1758350200
|teamsize|p1|6
|teamsize|p2|6
|start
|switch|p1a: Azumarill|Azumarill, F|100/100
|switch|p2a: Eason can't win|Enamorus, F, shiny|100/100
|turn|1
|
|t:|1758350213
|switch|p2a: Geekson|Ogerpon, F|100/100
|move|p1a: Azumarill|Belly Drum|p1a: Azumarill
|-damage|p1a: Azumarill|51/100
|-setboost|p1a: Azumarill|atk|6|[from] move: Belly Drum
|
|upkeep
|turn|2
|
|t:|1758350223
|move|p1a: Azumarill|Aqua Jet|p2a: Geekson
|-resisted|p2a: Geekson
|-damage|p2a: Geekson|24/100
|move|p2a: Geekson|Ivy Cudgel|p1a: Azumarill
|-supereffective|p1a: Azumarill
|-damage|p1a: Azumarill|0 fnt
|faint|p1a: Azumarill
|
|upkeep
|
|t:|1758350235
|switch|p1a: Hariyama|Hariyama, F|100/100
|turn|3
|
|t:|1758350247
|switch|p2a: Eason can't win|Enamorus, F, shiny|100/100
|move|p1a: Hariyama|Fake Out|p2a: Eason can't win
|-damage|p2a: Eason can't win|77/100
|
|-status|p1a: Hariyama|brn|[from] item: Flame Orb
|upkeep
|turn|4
|
|t:|1758350258
|move|p2a: Eason can't win|Moonblast|p1a: Hariyama
|-supereffective|p1a: Hariyama
|-damage|p1a: Hariyama|0 fnt
|faint|p1a: Hariyama
|
|upkeep
|
|t:|1758350270
|switch|p1a: Kleavor|Kleavor, F|100/100
|turn|5
|
|t:|1758350283
|switch|p2a: Eason lost|Primarina, M, shiny|100/100
|move|p1a: Kleavor|Stone Axe|p2a: Eason lost
|-damage|p2a: Eason lost|24/100
|-sidestart|p2: cat09cat|move: Stealth Rock
|
|-heal|p2a: Eason lost|30/100|[from] item: Leftovers
|upkeep
|turn|6
|
|t:|1758350298
|move|p2a: Eason lost|Psychic Noise|p1a: Kleavor
|-supereffective|p1a: Kleavor
|-damage|p1a: Kleavor|0 fnt
|faint|p1a: Kleavor
|
|-heal|p2a: Eason lost|36/100|[from] item: Leftovers
|upkeep
|
|t:|1758350307
|switch|p1a: Lokix|Lokix, M|100/100
|turn|7
|
|t:|1758350310
|move|p1a: Lokix|First Impression|p2a: Eason lost
|-resisted|p2a: Eason lost
|-damage|p2a: Eason lost|0 fnt
|faint|p2a: Eason lost
|
|upkeep
|
|t:|1758350320
|switch|p2a: Eason big|Great Tusk, shiny|100/100
|-damage|p2a: Eason big|98/100|[from] Stealth Rock
|turn|8
|
|t:|1758350325
|switch|p1a: Heatran|Heatran, M|100/100
|move|p2a: Eason big|Ice Spinner|p1a: Heatran
|-resisted|p1a: Heatran
|-damage|p1a: Heatran|95/100
|
|upkeep
|turn|9
|
|t:|1758350347
|move|p2a: Eason big|Rapid Spin|p1a: Heatran
|-resisted|p1a: Heatran
|-damage|p1a: Heatran|87/100
|-boost|p2a: Eason big|spe|1
|-sideend|p2: cat09cat|Stealth Rock|[from] move: Rapid Spin|[of] p2a: Eason big
|move|p1a: Heatran|Magma Storm|p2a: Eason big
|-damage|p2a: Eason big|10/100
|-activate|p2a: Eason big|move: Magma Storm|[of] p1a: Heatran
|
|-damage|p2a: Eason big|0 fnt|[from] move: Magma Storm|[partiallytrapped]
|faint|p2a: Eason big
|-end|p2a: Eason big|Protosynthesis|[silent]
|upkeep
|
|t:|1758350366
|switch|p2a: Eason can't win|Enamorus, F, shiny|77/100
|turn|10
|
|t:|1758350381
|move|p2a: Eason can't win|Earth Power|p1a: Heatran
|-supereffective|p1a: Heatran
|-damage|p1a: Heatran|0 fnt
|faint|p1a: Heatran
|
|upkeep
|
|t:|1758350390
|switch|p1a: Porygon2|Porygon2|100/100
|-ability|p1a: Porygon2|Download|boost
|-boost|p1a: Porygon2|atk|1
|turn|11
|
|t:|1758350403
|switch|p2a: Easons my good boy|Kingambit, M, shiny|100/100
|-activate|p2a: Easons my good boy|ability: Supreme Overlord
|-start|p2a: Easons my good boy|fallen2|[silent]
|move|p1a: Porygon2|Thunderbolt|p2a: Easons my good boy
|-damage|p2a: Easons my good boy|74/100
|
|-heal|p2a: Easons my good boy|81/100|[from] item: Leftovers
|upkeep
|turn|12
|-message|Brock2424 forfeited.
|
|win|cat09cat
|raw|Brock2424's rating: 1145 &rarr; <strong>1124</strong><br />(-21 for losing)
|raw|cat09cat's rating: 1204 &rarr; <strong>1225</strong><br />(+21 for winning)
|l|☆Brock2424
|player|p1|
|l|☆cat09cat
|player|p2|
