|j|☆cream lover 49000
|j|☆tehsterhsterh
|t:|1758343373
|gametype|singles
|player|p1|cream lover 49000|265|1070
|player|p2|tehsterhsterh|pokekid|1106
|gen|9
|tier|[Gen 9] OU
|rated|
|rule|HP Percentage Mod: HP is shown in percentages
|rule|Endless Battle Clause: Forcing endless battles is banned
|rule|Species Clause: Limit one of each Pokémon
|rule|OHKO Clause: OHKO moves are banned
|rule|Evasion Items Clause: Evasion items are banned
|rule|Evasion Moves Clause: Evasion moves are banned
|rule|Evasion Abilities Clause: Evasion abilities are banned
|rule|Sleep Moves Clause: Sleep-inducing moves are banned
|clearpoke
|poke|p1|Golem-Alola, M|
|poke|p1|Metagross|
|poke|p1|Hatterene, F|
|poke|p1|Volcanion|
|poke|p1|Kingambit, F|
|poke|p1|Azelf|
|poke|p2|Lokix, M|
|poke|p2|Alomomola, F|
|poke|p2|Slowking-Galar, M|
|poke|p2|Gliscor, F|
|poke|p2|Cinderace, M|
|poke|p2|Drifblim, F|
|teampreview
|inactive|Battle timer is ON: inactive players will automatically lose when time's up. (requested by cream lover 49000)
|
|t:|1758343437
|teamsize|p1|6
|teamsize|p2|6
|start
|switch|p1a: Golem|Golem-Alola, M|100/100
|switch|p2a: Lokix|Lokix, M|100/100
|turn|1
|
|t:|1758343449
|-terastallize|p2a: Lokix|Bug
|move|p2a: Lokix|U-turn|p1a: Golem
|-damage|p1a: Golem|43/100
|
|t:|1758343457
|switch|p2a: Cinderace|Cinderace, M|100/100|[from] U-turn
|move|p1a: Golem|Explosion|p2a: Cinderace
|-damage|p2a: Cinderace|0 fnt
|faint|p1a: Golem
|faint|p2a: Cinderace
|
|upkeep
|
|t:|1758343468
|switch|p2a: Alomomola|Alomomola, F|100/100
|switch|p1a: Metagross|Metagross|100/100
|turn|2
|
|t:|1758343473
|move|p2a: Alomomola|Protect|p2a: Alomomola
|-singleturn|p2a: Alomomola|Protect
|move|p1a: Metagross|Psychic Fangs|p2a: Alomomola
|-activate|p2a: Alomomola|move: Protect
|
|upkeep
|turn|3
|
|t:|1758343479
|move|p1a: Metagross|Psychic Fangs|p2a: Alomomola
|-damage|p2a: Alomomola|59/100
|move|p2a: Alomomola|Scald|p1a: Metagross
|-damage|p1a: Metagross|84/100
|
|upkeep
|turn|4
|
|t:|1758343486
|move|p1a: Metagross|Psychic Fangs|p2a: Alomomola
|-damage|p2a: Alomomola|19/100
|move|p2a: Alomomola|Wish|p2a: Alomomola
|
|upkeep
|turn|5
|
|t:|1758343491
|move|p2a: Alomomola|Protect|p2a: Alomomola
|-singleturn|p2a: Alomomola|Protect
|move|p1a: Metagross|Psychic Fangs|p2a: Alomomola
|-activate|p2a: Alomomola|move: Protect
|
|-heal|p2a: Alomomola|69/100|[from] move: Wish|[wisher] Alomomola
|upkeep
|turn|6
|
|t:|1758343501
|move|p1a: Metagross|Psychic Fangs|p2a: Alomomola
|-damage|p2a: Alomomola|26/100
|move|p2a: Alomomola|Flip Turn|p1a: Metagross
|-damage|p1a: Metagross|68/100
|
|t:|1758343503
|switch|p2a: Lokix|Lokix, M, tera:Bug|100/100|[from] Flip Turn
|
|upkeep
|turn|7
|
|t:|1758343511
|switch|p1a: Volcanion|Volcanion|100/100
|move|p2a: Lokix|Throat Chop|p1a: Volcanion
|-damage|p1a: Volcanion|47/100
|-start|p1a: Volcanion|Throat Chop|[silent]
|
|upkeep
|turn|8
|
|t:|1758343519
|move|p2a: Lokix|Throat Chop|p1a: Volcanion
|-damage|p1a: Volcanion|0 fnt
|faint|p1a: Volcanion
|
|upkeep
|
|t:|1758343524
|switch|p1a: Azelf|Azelf|100/100
|turn|9
|
|t:|1758343530
|switch|p2a: Slowking|Slowking-Galar, M|100/100
|move|p1a: Azelf|Explosion|p2a: Slowking
|-damage|p2a: Slowking|0 fnt
|faint|p1a: Azelf
|faint|p2a: Slowking
|
|upkeep
|
|t:|1758343540
|switch|p1a: Hatterene|Hatterene, F|100/100
|switch|p2a: Lokix|Lokix, M, tera:Bug|100/100
|turn|10
|
|t:|1758343545
|-terastallize|p1a: Hatterene|Fairy
|move|p2a: Lokix|U-turn|p1a: Hatterene
|-resisted|p1a: Hatterene
|-damage|p1a: Hatterene|18/100
|
|t:|1758343549
|switch|p2a: Gliscor|Gliscor, F|100/100|[from] U-turn
|move|p1a: Hatterene|Nuzzle|p2a: Gliscor
|-immune|p2a: Gliscor
|
|-status|p2a: Gliscor|tox|[from] item: Toxic Orb
|upkeep
|turn|11
|
|t:|1758343559
|move|p2a: Gliscor|Earthquake|p1a: Hatterene
|-damage|p1a: Hatterene|0 fnt
|faint|p1a: Hatterene
|
|upkeep
|
|t:|1758343565
|switch|p1a: Metagross|Metagross|68/100
|turn|12
|
|t:|1758343570
|move|p1a: Metagross|Explosion|p2a: Gliscor
|-damage|p2a: Gliscor|0 fnt
|faint|p1a: Metagross
|faint|p2a: Gliscor
|
|upkeep
|
|t:|1758343575
|switch|p1a: Kingambit|Kingambit, F|100/100
|switch|p2a: Drifblim|Drifblim, F|100/100
|-activate|p1a: Kingambit|ability: Supreme Overlord
|-start|p1a: Kingambit|fallen5|[silent]
|turn|13
|
|t:|1758343586
|move|p1a: Kingambit|Swords Dance|p1a: Kingambit
|-boost|p1a: Kingambit|atk|2
|move|p2a: Drifblim|Will-O-Wisp|p1a: Kingambit
|-status|p1a: Kingambit|brn
|
|-damage|p1a: Kingambit|94/100 brn|[from] brn
|upkeep
|turn|14
|
|t:|1758343595
|move|p1a: Kingambit|Swords Dance|p1a: Kingambit
|-boost|p1a: Kingambit|atk|2
|move|p2a: Drifblim|Strength Sap|p1a: Kingambit
|-unboost|p1a: Kingambit|atk|1
|
|-damage|p1a: Kingambit|88/100 brn|[from] brn
|upkeep
|turn|15
|
|t:|1758343603
|move|p1a: Kingambit|Swords Dance|p1a: Kingambit
|-boost|p1a: Kingambit|atk|2
|move|p2a: Drifblim|Hex|p1a: Kingambit
|-resisted|p1a: Kingambit
|-damage|p1a: Kingambit|64/100 brn
|
|-damage|p1a: Kingambit|58/100 brn|[from] brn
|upkeep
|turn|16
|
|t:|1758343612
|move|p1a: Kingambit|Kowtow Cleave|p2a: Drifblim
|-supereffective|p2a: Drifblim
|-damage|p2a: Drifblim|0 fnt
|-damage|p1a: Kingambit|33/100 brn|[from] ability: Aftermath|[of] p2a: Drifblim
|-damage|p1a: Kingambit|16/100 brn|[from] item: Rocky Helmet|[of] p2a: Drifblim
|faint|p2a: Drifblim
|
|-damage|p1a: Kingambit|10/100 brn|[from] brn
|upkeep
|
|t:|1758343615
|switch|p2a: Lokix|Lokix, M, tera:Bug|100/100
|turn|17
|
|t:|1758343624
|move|p2a: Lokix|First Impression|p1a: Kingambit
|-damage|p1a: Kingambit|0 fnt
|faint|p1a: Kingambit
|-end|p1a: Kingambit|fallen5|[silent]
|
|win|tehsterhsterh
|raw|cream lover 49000's rating: 1070 &rarr; <strong>1052</strong><br />(-18 for losing)
|raw|tehsterhsterh's rating: 1106 &rarr; <strong>1128</strong><br />(+22 for winning)
|l|☆cream lover 49000
|player|p1|
|l|☆tehsterhsterh
|player|p2|
