|j|☆zawaluduo11
|j|☆LosCocaineHermanos
|t:|1758276492
|gametype|singles
|player|p1|zawaluduo11|101|1543
|player|p2|LosCocaineHermanos|169|1512
|gen|9
|tier|[Gen 9] OU
|rated|
|rule|HP Percentage Mod: HP is shown in percentages
|rule|Endless Battle Clause: Forcing endless battles is banned
|rule|Species Clause: Limit one of each Pokémon
|rule|OHKO Clause: OHKO moves are banned
|rule|Evasion Items Clause: Evasion items are banned
|rule|Evasion Moves Clause: Evasion moves are banned
|rule|Evasion Abilities Clause: Evasion abilities are banned
|rule|Sleep Moves Clause: Sleep-inducing moves are banned
|clearpoke
|poke|p1|Alomomola, M|
|poke|p1|Gliscor, F|
|poke|p1|Kingambit, M|
|poke|p1|Ursaluna, F|
|poke|p1|Raging Bolt|
|poke|p1|Grimmsnarl, M|
|poke|p2|Okidogi, M|
|poke|p2|Enamorus, F|
|poke|p2|Garchomp, M|
|poke|p2|Iron Treads|
|poke|p2|Darkrai|
|poke|p2|Weavile, F|
|teampreview
|inactive|Battle timer is ON: inactive players will automatically lose when time's up. (requested by zawaluduo11)
|j| bigbenjen
|
|t:|1758276504
|teamsize|p1|6
|teamsize|p2|6
|start
|switch|p1a: Grimmsnarl|Grimmsnarl, M|100/100
|switch|p2a: HoJu|Okidogi, M|100/100
|turn|1
|
|t:|1758276514
|move|p1a: Grimmsnarl|Parting Shot|p2a: HoJu
|-unboost|p2a: HoJu|atk|1
|-unboost|p2a: HoJu|spa|1
|
|t:|1758276517
|switch|p1a: Alomomola|Alomomola, M|100/100|[from] Parting Shot
|move|p2a: HoJu|Knock Off|p1a: Alomomola
|-damage|p1a: Alomomola|88/100
|-damage|p2a: HoJu|84/100|[from] item: Rocky Helmet|[of] p1a: Alomomola
|-enditem|p1a: Alomomola|Rocky Helmet|[from] move: Knock Off|[of] p2a: HoJu
|
|upkeep
|turn|2
|
|t:|1758276525
|switch|p2a: Garchomp|Garchomp, M|100/100
|move|p1a: Alomomola|Flip Turn|p2a: Garchomp
|-damage|p2a: Garchomp|90/100
|-damage|p1a: Alomomola|75/100|[from] ability: Rough Skin|[of] p2a: Garchomp
|-damage|p1a: Alomomola|59/100|[from] item: Rocky Helmet|[of] p2a: Garchomp
|
|t:|1758276536
|switch|p1a: Grimmsnarl|Grimmsnarl, M|100/100|[from] Flip Turn
|
|upkeep
|turn|3
|
|t:|1758276545
|move|p1a: Grimmsnarl|Reflect|p1a: Grimmsnarl
|-sidestart|p1: zawaluduo11|Reflect
|move|p2a: Garchomp|Stealth Rock|p1a: Grimmsnarl
|-sidestart|p1: zawaluduo11|move: Stealth Rock
|
|upkeep
|turn|4
|
|t:|1758276551
|switch|p2a: Iron Treads|Iron Treads|100/100
|move|p1a: Grimmsnarl|Light Screen|p1a: Grimmsnarl
|-sidestart|p1: zawaluduo11|move: Light Screen
|
|upkeep
|turn|5
|
|t:|1758276561
|move|p1a: Grimmsnarl|Parting Shot|p2a: Iron Treads
|-unboost|p2a: Iron Treads|atk|1
|-unboost|p2a: Iron Treads|spa|1
|
|t:|1758276564
|switch|p1a: Alomomola|Alomomola, M|92/100|[from] Parting Shot
|-damage|p1a: Alomomola|80/100|[from] Stealth Rock
|move|p2a: Iron Treads|Ice Spinner|p1a: Alomomola
|-resisted|p1a: Alomomola
|-damage|p1a: Alomomola|78/100
|
|upkeep
|turn|6
|j| zbddb
|
|t:|1758276572
|-end|p2a: Iron Treads|Quark Drive|[silent]
|switch|p2a: Garchomp|Garchomp, M|90/100
|move|p1a: Alomomola|Flip Turn|p2a: Garchomp
|-damage|p2a: Garchomp|79/100
|-damage|p1a: Alomomola|66/100|[from] ability: Rough Skin|[of] p2a: Garchomp
|-damage|p1a: Alomomola|49/100|[from] item: Rocky Helmet|[of] p2a: Garchomp
|
|t:|1758276583
|switch|p1a: Raging Bolt|Raging Bolt|100/100|[from] Flip Turn
|-damage|p1a: Raging Bolt|88/100|[from] Stealth Rock
|
|upkeep
|turn|7
|
|t:|1758276589
|switch|p2a: Iron Treads|Iron Treads|100/100
|move|p1a: Raging Bolt|Draco Meteor|p2a: Iron Treads
|-resisted|p2a: Iron Treads
|-damage|p2a: Iron Treads|58/100
|-unboost|p1a: Raging Bolt|spa|2
|
|upkeep
|turn|8
|
|t:|1758276597
|-end|p2a: Iron Treads|Quark Drive|[silent]
|switch|p2a: Enamorus|Enamorus, F|100/100
|-end|p1a: Raging Bolt|Protosynthesis|[silent]
|switch|p1a: Ursaluna|Ursaluna, F|100/100
|-damage|p1a: Ursaluna|94/100|[from] Stealth Rock
|
|-status|p1a: Ursaluna|brn|[from] item: Flame Orb
|upkeep
|turn|9
|
|t:|1758276606
|move|p2a: Enamorus|Substitute|p2a: Enamorus
|-start|p2a: Enamorus|Substitute
|-damage|p2a: Enamorus|76/100
|move|p1a: Ursaluna|Facade|p2a: Enamorus
|-end|p2a: Enamorus|Substitute
|
|-heal|p2a: Enamorus|82/100|[from] item: Leftovers
|-damage|p1a: Ursaluna|88/100 brn|[from] brn
|upkeep
|turn|10
|
|t:|1758276613
|switch|p2a: Garchomp|Garchomp, M|79/100
|move|p1a: Ursaluna|Facade|p2a: Garchomp
|-damage|p2a: Garchomp|1/100
|-damage|p1a: Ursaluna|76/100 brn|[from] ability: Rough Skin|[of] p2a: Garchomp
|-damage|p1a: Ursaluna|59/100 brn|[from] item: Rocky Helmet|[of] p2a: Garchomp
|
|-damage|p1a: Ursaluna|53/100 brn|[from] brn
|-sideend|p1: zawaluduo11|Reflect
|upkeep
|turn|11
|l| bigbenjen
|
|t:|1758276628
|switch|p1a: Gliscor|Gliscor, F|100/100
|-damage|p1a: Gliscor|88/100|[from] Stealth Rock
|move|p2a: Garchomp|Spikes|p1a: Gliscor
|-sidestart|p1: zawaluduo11|Spikes
|
|-sideend|p1: zawaluduo11|move: Light Screen
|-status|p1a: Gliscor|tox|[from] item: Toxic Orb
|upkeep
|turn|12
|
|t:|1758276638
|move|p1a: Gliscor|Swords Dance|p1a: Gliscor
|-boost|p1a: Gliscor|atk|2
|move|p2a: Garchomp|Spikes|p1a: Gliscor
|-sidestart|p1: zawaluduo11|Spikes
|
|-heal|p1a: Gliscor|100/100 tox|[from] ability: Poison Heal
|upkeep
|turn|13
|
|t:|1758276645
|move|p1a: Gliscor|Agility|p1a: Gliscor
|-boost|p1a: Gliscor|spe|2
|move|p2a: Garchomp|Dragon Tail|p1a: Gliscor
|-damage|p1a: Gliscor|75/100 tox
|drag|p1a: Grimmsnarl|Grimmsnarl, M|100/100
|-damage|p1a: Grimmsnarl|88/100|[from] Stealth Rock
|-damage|p1a: Grimmsnarl|72/100|[from] Spikes
|
|upkeep
|turn|14
|
|t:|1758276655
|switch|p2a: HoJu|Okidogi, M|84/100
|move|p1a: Grimmsnarl|Reflect|p1a: Grimmsnarl
|-sidestart|p1: zawaluduo11|Reflect
|
|upkeep
|turn|15
|
|t:|1758276664
|move|p1a: Grimmsnarl|Light Screen|p1a: Grimmsnarl
|-sidestart|p1: zawaluduo11|move: Light Screen
|move|p2a: HoJu|Gunk Shot|p1a: Grimmsnarl|[miss]
|-miss|p2a: HoJu|p1a: Grimmsnarl
|
|upkeep
|turn|16
|
|t:|1758276670
|move|p1a: Grimmsnarl|Parting Shot|p2a: HoJu
|-unboost|p2a: HoJu|atk|1
|-unboost|p2a: HoJu|spa|1
|
|t:|1758276674
|switch|p1a: Gliscor|Gliscor, F|75/100 tox|[from] Parting Shot
|-damage|p1a: Gliscor|63/100 tox|[from] Stealth Rock
|move|p2a: HoJu|Ice Punch|p1a: Gliscor
|-supereffective|p1a: Gliscor
|-damage|p1a: Gliscor|25/100 tox
|
|-heal|p1a: Gliscor|37/100 tox|[from] ability: Poison Heal
|upkeep
|turn|17
|
|t:|1758276685
|-terastallize|p1a: Gliscor|Dragon
|move|p1a: Gliscor|Swords Dance|p1a: Gliscor
|-boost|p1a: Gliscor|atk|2
|move|p2a: HoJu|Ice Punch|p1a: Gliscor
|-supereffective|p1a: Gliscor
|-damage|p1a: Gliscor|18/100 tox
|
|-heal|p1a: Gliscor|30/100 tox|[from] ability: Poison Heal
|upkeep
|turn|18
|
|t:|1758276697
|switch|p2a: Darkrai|Darkrai|100/100
|move|p1a: Gliscor|Agility|p1a: Gliscor
|-boost|p1a: Gliscor|spe|2
|
|-heal|p1a: Gliscor|43/100 tox|[from] ability: Poison Heal
|upkeep
|turn|19
|
|t:|1758276705
|move|p2a: Darkrai|Trick|p1a: Gliscor
|-activate|p2a: Darkrai|move: Trick|[of] p1a: Gliscor
|-item|p1a: Gliscor|Choice Scarf|[from] move: Trick
|-item|p2a: Darkrai|Toxic Orb|[from] move: Trick
|move|p1a: Gliscor|Earthquake|p2a: Darkrai
|-damage|p2a: Darkrai|0 fnt
|faint|p2a: Darkrai
|
|-heal|p1a: Gliscor|55/100 tox|[from] ability: Poison Heal
|upkeep
|
|t:|1758276711
|switch|p2a: Enamorus|Enamorus, F|82/100
|turn|20
|
|t:|1758276717
|switch|p1a: Kingambit|Kingambit, M|100/100
|-damage|p1a: Kingambit|94/100|[from] Stealth Rock
|-damage|p1a: Kingambit|78/100|[from] Spikes
|move|p2a: Enamorus|Substitute|p2a: Enamorus
|-start|p2a: Enamorus|Substitute
|-damage|p2a: Enamorus|57/100
|
|-heal|p2a: Enamorus|63/100|[from] item: Leftovers
|upkeep
|turn|21
|inactive|LosCocaineHermanos has 120 seconds left.
|
|t:|1758276771
|-terastallize|p2a: Enamorus|Ground
|move|p2a: Enamorus|Earth Power|p1a: Kingambit
|-supereffective|p1a: Kingambit
|-damage|p1a: Kingambit|30/100
|move|p1a: Kingambit|Iron Head|p2a: Enamorus
|-end|p2a: Enamorus|Substitute
|
|-heal|p2a: Enamorus|69/100|[from] item: Leftovers
|-sideend|p1: zawaluduo11|Reflect
|upkeep
|turn|22
|
|t:|1758276782
|move|p2a: Enamorus|Earth Power|p1a: Kingambit
|-supereffective|p1a: Kingambit
|-damage|p1a: Kingambit|0 fnt
|faint|p1a: Kingambit
|-end|p1a: Kingambit|fallenundefined|[silent]
|
|-heal|p2a: Enamorus|76/100|[from] item: Leftovers
|-sideend|p1: zawaluduo11|move: Light Screen
|upkeep
|
|t:|1758276789
|switch|p1a: Grimmsnarl|Grimmsnarl, M|72/100
|-damage|p1a: Grimmsnarl|59/100|[from] Stealth Rock
|-damage|p1a: Grimmsnarl|43/100|[from] Spikes
|turn|23
|
|t:|1758276794
|move|p1a: Grimmsnarl|Taunt|p2a: Enamorus
|-start|p2a: Enamorus|move: Taunt
|cant|p2a: Enamorus|move: Taunt|Substitute
|
|-heal|p2a: Enamorus|82/100|[from] item: Leftovers
|upkeep
|turn|24
|
|t:|1758276800
|move|p1a: Grimmsnarl|Light Screen|p1a: Grimmsnarl
|-sidestart|p1: zawaluduo11|move: Light Screen
|move|p2a: Enamorus|Moonblast|p1a: Grimmsnarl
|-supereffective|p1a: Grimmsnarl
|-damage|p1a: Grimmsnarl|0 fnt
|faint|p1a: Grimmsnarl
|
|-heal|p2a: Enamorus|88/100|[from] item: Leftovers
|upkeep
|
|t:|1758276809
|switch|p1a: Gliscor|Gliscor, F, tera:Dragon|55/100 tox
|-damage|p1a: Gliscor|43/100 tox|[from] Stealth Rock
|-damage|p1a: Gliscor|26/100 tox|[from] Spikes
|turn|25
|
|t:|1758276814
|move|p1a: Gliscor|Dual Wingbeat|p2a: Enamorus
|-damage|p2a: Enamorus|59/100
|-damage|p2a: Enamorus|30/100
|-hitcount|p2a: Enamorus|2
|move|p2a: Enamorus|Moonblast|p1a: Gliscor
|-supereffective|p1a: Gliscor
|-damage|p1a: Gliscor|0 fnt
|faint|p1a: Gliscor
|
|-heal|p2a: Enamorus|36/100|[from] item: Leftovers
|-end|p2a: Enamorus|move: Taunt
|upkeep
|-message|zawaluduo11 forfeited.
|
|win|LosCocaineHermanos
|raw|zawaluduo11's rating: 1543 &rarr; <strong>1521</strong><br />(-22 for losing)
|raw|LosCocaineHermanos's rating: 1512 &rarr; <strong>1534</strong><br />(+22 for winning)
|l|☆zawaluduo11
|player|p1|
|l|☆LosCocaineHermanos
|player|p2|
