|j|☆Eloquently Ghetto
|j|☆Melonnolem
|t:|1758265799
|gametype|singles
|player|p1|Eloquently Ghetto|102|1218
|player|p2|Melonnolem|arven-s|1275
|gen|9
|tier|[Gen 9] OU
|rated|
|rule|HP Percentage Mod: HP is shown in percentages
|rule|Endless Battle Clause: Forcing endless battles is banned
|rule|Species Clause: Limit one of each Pokémon
|rule|OHKO Clause: OHKO moves are banned
|rule|Evasion Items Clause: Evasion items are banned
|rule|Evasion Moves Clause: Evasion moves are banned
|rule|Evasion Abilities Clause: Evasion abilities are banned
|rule|Sleep Moves Clause: Sleep-inducing moves are banned
|clearpoke
|poke|p1|Tornadus, M|
|poke|p1|Iron Treads|
|poke|p1|Brambleghast, F|
|poke|p1|Hoopa-Unbound|
|poke|p1|Enamorus-Therian, F|
|poke|p1|Whimsicott, M|
|poke|p2|Darkrai|
|poke|p2|Garchomp, M|
|poke|p2|Gholdengo|
|poke|p2|Zamazenta-*|
|poke|p2|Iron Treads|
|poke|p2|Ogerpon-Wellspring, F|
|teampreview
|inactive|Battle timer is ON: inactive players will automatically lose when time's up. (requested by Melonnolem)
|
|t:|1758265809
|teamsize|p1|6
|teamsize|p2|6
|start
|switch|p1a: Tornadus|Tornadus, M|100/100
|switch|p2a: Garchomp|Garchomp, M|100/100
|turn|1
|
|t:|1758265813
|move|p1a: Tornadus|Taunt|p2a: Garchomp
|-start|p2a: Garchomp|move: Taunt
|cant|p2a: Garchomp|move: Taunt|Spikes
|
|upkeep
|turn|2
|
|t:|1758265817
|move|p1a: Tornadus|Tailwind|p1a: Tornadus
|-sidestart|p1: Eloquently Ghetto|move: Tailwind
|move|p2a: Garchomp|Dragon Tail|p1a: Tornadus
|-damage|p1a: Tornadus|53/100
|drag|p1a: Whimsicott|Whimsicott, M|100/100
|
|upkeep
|turn|3
|
|t:|1758265839
|switch|p1a: Hoopa|Hoopa-Unbound|100/100
|move|p2a: Garchomp|Earthquake|p1a: Hoopa
|-damage|p1a: Hoopa|11/100
|
|-end|p2a: Garchomp|move: Taunt
|upkeep
|turn|4
|
|t:|1758265846
|move|p1a: Hoopa|Hyperspace Fury|p2a: Garchomp
|-damage|p2a: Garchomp|30/100
|-unboost|p1a: Hoopa|def|1
|-damage|p1a: Hoopa|1/100|[from] item: Life Orb
|move|p2a: Garchomp|Stealth Rock|p1a: Hoopa
|-sidestart|p1: Eloquently Ghetto|move: Stealth Rock
|
|upkeep
|turn|5
|
|t:|1758265858
|switch|p2a: Iron Treads|Iron Treads|100/100
|move|p1a: Hoopa|Psychic|p2a: Iron Treads
|-resisted|p2a: Iron Treads
|-damage|p2a: Iron Treads|49/100
|-damage|p1a: Hoopa|0 fnt|[from] item: Life Orb
|faint|p1a: Hoopa
|
|-sideend|p1: Eloquently Ghetto|move: Tailwind
|upkeep
|
|t:|1758265864
|switch|p1a: Iron Treads|Iron Treads|100/100
|-damage|p1a: Iron Treads|97/100|[from] Stealth Rock
|-enditem|p1a: Iron Treads|Booster Energy
|-activate|p1a: Iron Treads|ability: Quark Drive|[fromitem]
|-start|p1a: Iron Treads|quarkdrivespe
|turn|6
|
|t:|1758265870
|move|p1a: Iron Treads|Rapid Spin|p2a: Iron Treads
|-resisted|p2a: Iron Treads
|-damage|p2a: Iron Treads|42/100
|-boost|p1a: Iron Treads|spe|1
|-sideend|p1: Eloquently Ghetto|Stealth Rock|[from] move: Rapid Spin|[of] p1a: Iron Treads
|move|p2a: Iron Treads|Earthquake|p1a: Iron Treads
|-supereffective|p1a: Iron Treads
|-damage|p1a: Iron Treads|9/100
|
|upkeep
|turn|7
|
|t:|1758265881
|-end|p2a: Iron Treads|Quark Drive|[silent]
|switch|p2a: Ogerpon|Ogerpon-Wellspring, F|100/100
|move|p1a: Iron Treads|Earth Power|p2a: Ogerpon
|-resisted|p2a: Ogerpon
|-damage|p2a: Ogerpon|86/100
|-unboost|p2a: Ogerpon|spd|1
|
|upkeep
|turn|8
|
|t:|1758265886
|move|p1a: Iron Treads|Stealth Rock|p2a: Ogerpon
|-sidestart|p2: Melonnolem|move: Stealth Rock
|move|p2a: Ogerpon|Horn Leech|p1a: Iron Treads
|-damage|p1a: Iron Treads|0 fnt
|-heal|p2a: Ogerpon|90/100|[from] drain|[of] p1a: Iron Treads
|faint|p1a: Iron Treads
|-end|p1a: Iron Treads|Quark Drive|[silent]
|
|upkeep
|
|t:|1758265898
|switch|p1a: Whimsicott|Whimsicott, M|100/100
|turn|9
|
|t:|1758265901
|switch|p2a: Iron Treads|Iron Treads|42/100
|move|p1a: Whimsicott|Encore||[still]
|-fail|p1a: Whimsicott
|
|upkeep
|turn|10
|
|t:|1758265906
|move|p1a: Whimsicott|Tailwind|p1a: Whimsicott
|-sidestart|p1: Eloquently Ghetto|move: Tailwind
|move|p2a: Iron Treads|Knock Off|p1a: Whimsicott
|-resisted|p1a: Whimsicott
|-damage|p1a: Whimsicott|83/100
|-enditem|p1a: Whimsicott|Eject Button|[from] move: Knock Off|[of] p2a: Iron Treads
|
|upkeep
|turn|11
|
|t:|1758265910
|move|p1a: Whimsicott|Encore|p2a: Iron Treads
|-start|p2a: Iron Treads|Encore
|move|p2a: Iron Treads|Knock Off|p1a: Whimsicott
|-resisted|p1a: Whimsicott
|-damage|p1a: Whimsicott|71/100
|
|upkeep
|turn|12
|
|t:|1758265915
|switch|p1a: Enamorus|Enamorus-Therian, F|100/100
|-end|p2a: Iron Treads|Quark Drive|[silent]
|switch|p2a: Gholdengo|Gholdengo|100/100
|-damage|p2a: Gholdengo|94/100|[from] Stealth Rock
|
|-heal|p2a: Gholdengo|100/100|[from] item: Leftovers
|upkeep
|turn|13
|
|t:|1758265921
|move|p1a: Enamorus|Mystical Fire|p2a: Gholdengo
|-supereffective|p2a: Gholdengo
|-damage|p2a: Gholdengo|19/100
|-unboost|p2a: Gholdengo|spa|1
|-damage|p1a: Enamorus|91/100|[from] item: Life Orb
|move|p2a: Gholdengo|Thunder Wave|p1a: Enamorus
|-status|p1a: Enamorus|par
|
|-heal|p2a: Gholdengo|25/100|[from] item: Leftovers
|-sideend|p1: Eloquently Ghetto|move: Tailwind
|upkeep
|turn|14
|
|t:|1758265931
|switch|p2a: Garchomp|Garchomp, M|30/100
|-damage|p2a: Garchomp|24/100|[from] Stealth Rock
|move|p1a: Enamorus|Tailwind|p1a: Enamorus
|-sidestart|p1: Eloquently Ghetto|move: Tailwind
|
|upkeep
|turn|15
|
|t:|1758265937
|move|p2a: Garchomp|Stealth Rock|p1a: Enamorus
|-sidestart|p1: Eloquently Ghetto|move: Stealth Rock
|move|p1a: Enamorus|Moonblast|p2a: Garchomp
|-supereffective|p2a: Garchomp
|-damage|p2a: Garchomp|0 fnt
|faint|p2a: Garchomp
|-damage|p1a: Enamorus|81/100 par|[from] item: Life Orb
|
|upkeep
|
|t:|1758265945
|switch|p2a: Iron Treads|Iron Treads|42/100
|turn|16
|
|t:|1758265950
|move|p2a: Iron Treads|Rapid Spin|p1a: Enamorus
|-damage|p1a: Enamorus|66/100 par
|-boost|p2a: Iron Treads|spe|1
|-sideend|p2: Melonnolem|Stealth Rock|[from] move: Rapid Spin|[of] p2a: Iron Treads
|move|p1a: Enamorus|Mystical Fire|p2a: Iron Treads
|-supereffective|p2a: Iron Treads
|-damage|p2a: Iron Treads|0 fnt
|faint|p2a: Iron Treads
|-end|p2a: Iron Treads|Quark Drive|[silent]
|-damage|p1a: Enamorus|56/100 par|[from] item: Life Orb
|
|upkeep
|
|t:|1758265963
|switch|p2a: Zamazenta|Zamazenta|100/100
|-ability|p2a: Zamazenta|Dauntless Shield|boost
|-boost|p2a: Zamazenta|def|1
|turn|17
|
|t:|1758265980
|move|p2a: Zamazenta|Heavy Slam|p1a: Enamorus
|-supereffective|p1a: Enamorus
|-damage|p1a: Enamorus|0 fnt
|faint|p1a: Enamorus
|-damage|p2a: Zamazenta|91/100|[from] item: Life Orb
|
|-sideend|p1: Eloquently Ghetto|move: Tailwind
|upkeep
|
|t:|1758265986
|switch|p1a: Tornadus|Tornadus, M|53/100
|-damage|p1a: Tornadus|28/100|[from] Stealth Rock
|turn|18
|
|t:|1758265990
|move|p1a: Tornadus|Tailwind|p1a: Tornadus
|-sidestart|p1: Eloquently Ghetto|move: Tailwind
|move|p2a: Zamazenta|Heavy Slam|p1a: Tornadus
|-damage|p1a: Tornadus|0 fnt
|faint|p1a: Tornadus
|-damage|p2a: Zamazenta|81/100|[from] item: Life Orb
|
|upkeep
|
|t:|1758266000
|switch|p1a: Whimsicott|Whimsicott, M|71/100
|-damage|p1a: Whimsicott|59/100|[from] Stealth Rock
|turn|19
|
|t:|1758266004
|-terastallize|p2a: Zamazenta|Steel
|move|p1a: Whimsicott|Moonblast|p2a: Zamazenta
|-resisted|p2a: Zamazenta
|-damage|p2a: Zamazenta|69/100
|move|p2a: Zamazenta|Heavy Slam|p1a: Whimsicott
|-supereffective|p1a: Whimsicott
|-damage|p1a: Whimsicott|0 fnt
|faint|p1a: Whimsicott
|-damage|p2a: Zamazenta|60/100|[from] item: Life Orb
|
|upkeep
|
|t:|1758266006
|switch|p1a: Brambleghast|Brambleghast, F|100/100
|-damage|p1a: Brambleghast|88/100|[from] Stealth Rock
|-ability|p1a: Brambleghast|Wind Rider|boost
|-boost|p1a: Brambleghast|atk|1
|turn|20
|
|t:|1758266011
|move|p1a: Brambleghast|Disable|p2a: Zamazenta
|-start|p2a: Zamazenta|Disable|Heavy Slam
|move|p2a: Zamazenta|Crunch|p1a: Brambleghast
|-supereffective|p1a: Brambleghast
|-damage|p1a: Brambleghast|0 fnt
|faint|p1a: Brambleghast
|-damage|p2a: Zamazenta|50/100|[from] item: Life Orb
|
|win|Melonnolem
|raw|Eloquently Ghetto's rating: 1218 &rarr; <strong>1197</strong><br />(-21 for losing)
|raw|Melonnolem's rating: 1275 &rarr; <strong>1296</strong><br />(+21 for winning)
|l|☆Eloquently Ghetto
|player|p1|
|l|☆Melonnolem
|player|p2|
