|j|☆RobustLoki
|j|☆darkid321
|t:|1758367715
|gametype|singles
|player|p1|RobustLoki|scientist|1512
|player|p2|darkid321|policeman-gen4|1471
|gen|9
|tier|[Gen 9] OU
|rated|
|rule|HP Percentage Mod: HP is shown in percentages
|rule|Endless Battle Clause: Forcing endless battles is banned
|rule|Species Clause: Limit one of each Pokémon
|rule|OHKO Clause: OHKO moves are banned
|rule|Evasion Items Clause: Evasion items are banned
|rule|Evasion Moves Clause: Evasion moves are banned
|rule|Evasion Abilities Clause: Evasion abilities are banned
|rule|Sleep Moves Clause: Sleep-inducing moves are banned
|clearpoke
|poke|p1|Araquanid, F|
|poke|p1|Cinderace, F|
|poke|p1|Empoleon, F|
|poke|p1|Serperior, F|
|poke|p1|Kingambit, M|
|poke|p1|Ogerpon, F|
|poke|p2|Walking Wake|
|poke|p2|Rillaboom, M|
|poke|p2|Skeledirge, M|
|poke|p2|Azelf|
|poke|p2|Iron Treads|
|poke|p2|Iron Hands|
|teampreview
|inactive|Battle timer is ON: inactive players will automatically lose when time's up. (requested by darkid321)
|
|t:|1758367735
|teamsize|p1|6
|teamsize|p2|6
|start
|switch|p1a: Araquanid|Araquanid, F|100/100
|switch|p2a: Iron Hands|Iron Hands|100/100
|-enditem|p2a: Iron Hands|Booster Energy
|-activate|p2a: Iron Hands|ability: Quark Drive|[fromitem]
|-start|p2a: Iron Hands|quarkdriveatk
|turn|1
|
|t:|1758367741
|move|p2a: Iron Hands|Fake Out|p1a: Araquanid
|-damage|p1a: Araquanid|78/100
|cant|p1a: Araquanid|flinch
|
|upkeep
|turn|2
|
|t:|1758367746
|move|p1a: Araquanid|Endure|p1a: Araquanid
|-singleturn|p1a: Araquanid|move: Endure
|move|p2a: Iron Hands|Supercell Slam|p1a: Araquanid
|-supereffective|p1a: Araquanid
|-activate|p1a: Araquanid|move: Endure
|-damage|p1a: Araquanid|1/100
|
|upkeep
|turn|3
|-enditem|p1a: Araquanid|Custap Berry|[eat]
|-activate|p1a: Araquanid|item: Custap Berry|[consumed]
|
|t:|1758367757
|move|p1a: Araquanid|Sticky Web|p2a: Iron Hands
|-sidestart|p2: darkid321|move: Sticky Web
|move|p2a: Iron Hands|Supercell Slam|p1a: Araquanid
|-supereffective|p1a: Araquanid
|-damage|p1a: Araquanid|0 fnt
|faint|p1a: Araquanid
|
|upkeep
|
|t:|1758367765
|switch|p1a: Cinderace|Cinderace, F|100/100
|turn|4
|
|t:|1758367771
|move|p1a: Cinderace|Court Change|p1a: Cinderace
|-start|p1a: Cinderace|typechange|Normal|[from] ability: Libero
|-swapsideconditions
|-activate|p1a: Cinderace|move: Court Change
|move|p2a: Iron Hands|Drain Punch|p1a: Cinderace
|-supereffective|p1a: Cinderace
|-enditem|p1a: Cinderace|Focus Sash
|-damage|p1a: Cinderace|1/100
|
|upkeep
|turn|5
|
|t:|1758367780
|move|p1a: Cinderace|Reversal|p2a: Iron Hands
|-damage|p2a: Iron Hands|66/100
|move|p2a: Iron Hands|Drain Punch|p1a: Cinderace
|-supereffective|p1a: Cinderace
|-crit|p1a: Cinderace
|-damage|p1a: Cinderace|0 fnt
|-heal|p2a: Iron Hands|67/100|[from] drain|[of] p1a: Cinderace
|faint|p1a: Cinderace
|
|upkeep
|
|t:|1758367798
|switch|p1a: Ogerpon|Ogerpon, F|100/100
|-activate|p1a: Ogerpon|move: Sticky Web
|-unboost|p1a: Ogerpon|spe|1
|-ability|p1a: Ogerpon|Defiant|boost
|-boost|p1a: Ogerpon|atk|2
|turn|6
|
|t:|1758367807
|-terastallize|p2a: Iron Hands|Ice
|move|p1a: Ogerpon|Ivy Cudgel|p2a: Iron Hands
|-damage|p2a: Iron Hands|7/100
|move|p2a: Iron Hands|Ice Punch|p1a: Ogerpon
|-supereffective|p1a: Ogerpon
|-damage|p1a: Ogerpon|0 fnt
|faint|p1a: Ogerpon
|
|upkeep
|
|t:|1758367811
|switch|p1a: Serperior|Serperior, F|100/100
|-activate|p1a: Serperior|move: Sticky Web
|-boost|p1a: Serperior|spe|1
|turn|7
|
|t:|1758367829
|move|p1a: Serperior|Leaf Storm|p2a: Iron Hands
|-damage|p2a: Iron Hands|0 fnt
|-boost|p1a: Serperior|spa|2
|faint|p2a: Iron Hands
|-end|p2a: Iron Hands|Quark Drive|[silent]
|
|upkeep
|
|t:|1758367835
|switch|p2a: Skeledirge|Skeledirge, M|100/100
|turn|8
|
|t:|1758367841
|move|p1a: Serperior|Glare|p2a: Skeledirge
|-status|p2a: Skeledirge|par
|cant|p2a: Skeledirge|par
|
|upkeep
|turn|9
|
|t:|1758367845
|switch|p1a: Empoleon|Empoleon, F|100/100
|-activate|p1a: Empoleon|move: Sticky Web
|-unboost|p1a: Empoleon|spe|1
|-ability|p1a: Empoleon|Competitive|boost
|-boost|p1a: Empoleon|spa|2
|cant|p2a: Skeledirge|par
|
|upkeep
|turn|10
|
|t:|1758367860
|switch|p2a: Rillaboom|Rillaboom, M|100/100
|-fieldstart|move: Grassy Terrain|[from] ability: Grassy Surge|[of] p2a: Rillaboom
|move|p1a: Empoleon|Surf|p2a: Rillaboom
|-resisted|p2a: Rillaboom
|-damage|p2a: Rillaboom|50/100
|
|-heal|p2a: Rillaboom|57/100|[from] Grassy Terrain
|-heal|p2a: Rillaboom|63/100|[from] item: Leftovers
|upkeep
|turn|11
|
|t:|1758367870
|move|p2a: Rillaboom|Leech Seed|p1a: Empoleon
|-start|p1a: Empoleon|move: Leech Seed
|move|p1a: Empoleon|Surf|p2a: Rillaboom
|-resisted|p2a: Rillaboom
|-damage|p2a: Rillaboom|14/100
|
|-heal|p2a: Rillaboom|20/100|[from] Grassy Terrain
|-heal|p2a: Rillaboom|26/100|[from] item: Leftovers
|-damage|p1a: Empoleon|88/100|[from] Leech Seed|[of] p2a: Rillaboom
|-heal|p2a: Rillaboom|38/100|[silent]
|upkeep
|turn|12
|
|t:|1758367880
|switch|p2a: Walking Wake|Walking Wake|100/100
|-enditem|p2a: Walking Wake|Booster Energy
|-activate|p2a: Walking Wake|ability: Protosynthesis|[fromitem]
|-start|p2a: Walking Wake|protosynthesisspa
|move|p1a: Empoleon|Surf|p2a: Walking Wake
|-resisted|p2a: Walking Wake
|-damage|p2a: Walking Wake|64/100
|
|-heal|p2a: Walking Wake|70/100|[from] Grassy Terrain
|-heal|p1a: Empoleon|94/100|[from] Grassy Terrain
|-damage|p1a: Empoleon|82/100|[from] Leech Seed|[of] p2a: Walking Wake
|-heal|p2a: Walking Wake|82/100|[silent]
|upkeep
|turn|13
|
|t:|1758367894
|switch|p1a: Serperior|Serperior, F|100/100
|-activate|p1a: Serperior|move: Sticky Web
|-boost|p1a: Serperior|spe|1
|move|p2a: Walking Wake|Draco Meteor|p1a: Serperior|[miss]
|-miss|p2a: Walking Wake|p1a: Serperior
|
|-heal|p2a: Walking Wake|88/100|[from] Grassy Terrain
|upkeep
|turn|14
|
|t:|1758367903
|move|p1a: Serperior|Leaf Storm|p2a: Walking Wake
|-damage|p2a: Walking Wake|22/100
|-boost|p1a: Serperior|spa|2
|move|p2a: Walking Wake|Flamethrower|p1a: Serperior
|-supereffective|p1a: Serperior
|-damage|p1a: Serperior|0 fnt
|faint|p1a: Serperior
|
|-heal|p2a: Walking Wake|28/100|[from] Grassy Terrain
|-fieldend|move: Grassy Terrain
|upkeep
|
|t:|1758367909
|switch|p1a: Kingambit|Kingambit, M|100/100
|-activate|p1a: Kingambit|move: Sticky Web
|-unboost|p1a: Kingambit|spe|1
|-ability|p1a: Kingambit|Defiant|boost
|-boost|p1a: Kingambit|atk|2
|turn|15
|
|t:|1758367923
|-end|p2a: Walking Wake|Protosynthesis|[silent]
|switch|p2a: Iron Treads|Iron Treads|100/100
|-enditem|p2a: Iron Treads|Booster Energy
|-activate|p2a: Iron Treads|ability: Quark Drive|[fromitem]
|-start|p2a: Iron Treads|quarkdrivespe
|move|p1a: Kingambit|Sucker Punch||[still]
|-fail|p1a: Kingambit
|
|upkeep
|turn|16
|
|t:|1758367935
|-terastallize|p1a: Kingambit|Flying
|move|p2a: Iron Treads|High Horsepower|p1a: Kingambit
|-immune|p1a: Kingambit
|move|p1a: Kingambit|Low Kick|p2a: Iron Treads
|-supereffective|p2a: Iron Treads
|-damage|p2a: Iron Treads|0 fnt
|faint|p2a: Iron Treads
|-end|p2a: Iron Treads|Quark Drive|[silent]
|
|upkeep
|
|t:|1758367943
|switch|p2a: Skeledirge|Skeledirge, M|100/100 par
|turn|17
|
|t:|1758367947
|move|p2a: Skeledirge|Will-O-Wisp|p1a: Kingambit
|-status|p1a: Kingambit|brn
|-enditem|p1a: Kingambit|Lum Berry|[eat]
|-curestatus|p1a: Kingambit|brn|[msg]
|move|p1a: Kingambit|Kowtow Cleave|p2a: Skeledirge
|-supereffective|p2a: Skeledirge
|-damage|p2a: Skeledirge|10/100 par
|
|upkeep
|turn|18
|
|t:|1758367955
|switch|p1a: Empoleon|Empoleon, F|82/100
|-activate|p1a: Empoleon|move: Sticky Web
|-unboost|p1a: Empoleon|spe|1
|-ability|p1a: Empoleon|Competitive|boost
|-boost|p1a: Empoleon|spa|2
|move|p2a: Skeledirge|Will-O-Wisp|p1a: Empoleon
|-status|p1a: Empoleon|brn
|
|-damage|p1a: Empoleon|76/100 brn|[from] brn
|upkeep
|turn|19
|
|t:|1758367965
|switch|p2a: Rillaboom|Rillaboom, M|38/100
|-fieldstart|move: Grassy Terrain|[from] ability: Grassy Surge|[of] p2a: Rillaboom
|move|p1a: Empoleon|Surf|p2a: Rillaboom
|-resisted|p2a: Rillaboom
|-damage|p2a: Rillaboom|0 fnt
|faint|p2a: Rillaboom
|
|-heal|p1a: Empoleon|82/100 brn|[from] Grassy Terrain
|-damage|p1a: Empoleon|76/100 brn|[from] brn
|upkeep
|
|t:|1758367980
|switch|p2a: Walking Wake|Walking Wake|28/100
|turn|20
|
|t:|1758367985
|move|p2a: Walking Wake|Draco Meteor|p1a: Empoleon
|-resisted|p1a: Empoleon
|-damage|p1a: Empoleon|44/100 brn
|-unboost|p2a: Walking Wake|spa|2
|move|p1a: Empoleon|Surf|p2a: Walking Wake
|-resisted|p2a: Walking Wake
|-damage|p2a: Walking Wake|0 fnt
|faint|p2a: Walking Wake
|-end|p2a: Walking Wake|Protosynthesis|[silent]
|
|-heal|p1a: Empoleon|50/100 brn|[from] Grassy Terrain
|-damage|p1a: Empoleon|44/100 brn|[from] brn
|upkeep
|
|t:|1758367995
|switch|p2a: Azelf|Azelf|100/100
|turn|21
|
|t:|1758368000
|move|p2a: Azelf|Psychic|p1a: Empoleon
|-resisted|p1a: Empoleon
|-damage|p1a: Empoleon|24/100 brn
|move|p1a: Empoleon|Surf|p2a: Azelf
|-enditem|p2a: Azelf|Focus Sash
|-damage|p2a: Azelf|1/100
|
|-heal|p1a: Empoleon|30/100 brn|[from] Grassy Terrain
|-damage|p1a: Empoleon|24/100 brn|[from] brn
|upkeep
|turn|22
|
|t:|1758368009
|move|p2a: Azelf|Psychic|p1a: Empoleon
|-resisted|p1a: Empoleon
|-damage|p1a: Empoleon|4/100 brn
|move|p1a: Empoleon|Surf|p2a: Azelf
|-damage|p2a: Azelf|0 fnt
|faint|p2a: Azelf
|
|-heal|p1a: Empoleon|10/100 brn|[from] Grassy Terrain
|-damage|p1a: Empoleon|4/100 brn|[from] brn
|upkeep
|-message|darkid321 forfeited.
|
|win|RobustLoki
|raw|RobustLoki's rating: 1512 &rarr; <strong>1530</strong><br />(+18 for winning)
|raw|darkid321's rating: 1471 &rarr; <strong>1453</strong><br />(-18 for losing)
|l|☆darkid321
|player|p2|
|c|☆RobustLoki|gg
|l|☆RobustLoki
|player|p1|
