|j|☆poussinot
|j|☆crashbuster
|t:|1758355459
|gametype|singles
|player|p1|poussinot|n|1105
|player|p2|crashbuster|brycenman|1157
|gen|9
|tier|[Gen 9] OU
|rated|
|rule|HP Percentage Mod: HP is shown in percentages
|rule|Endless Battle Clause: Forcing endless battles is banned
|rule|Species Clause: Limit one of each Pokémon
|rule|OHKO Clause: OHKO moves are banned
|rule|Evasion Items Clause: Evasion items are banned
|rule|Evasion Moves Clause: Evasion moves are banned
|rule|Evasion Abilities Clause: Evasion abilities are banned
|rule|Sleep Moves Clause: Sleep-inducing moves are banned
|clearpoke
|poke|p1|Dragonite, F|
|poke|p1|Zamazenta-*|
|poke|p1|Landorus-Therian, M|
|poke|p1|Gholdengo|
|poke|p1|Darkrai|
|poke|p1|Hatterene, F|
|poke|p2|Suicune|
|poke|p2|Meloetta|
|poke|p2|Gliscor, F|
|poke|p2|Umbreon, M|
|poke|p2|Emboar, M|
|poke|p2|Dragapult, M|
|teampreview
|
|t:|1758355465
|teamsize|p1|6
|teamsize|p2|6
|start
|switch|p1a: Landorus|Landorus-Therian, M|100/100
|switch|p2a: Meloetta|Meloetta|100/100
|-ability|p1a: Landorus|Intimidate|boost
|-unboost|p2a: Meloetta|atk|1
|turn|1
|
|t:|1758355473
|switch|p1a: Hatterene|Hatterene, F|100/100
|move|p2a: Meloetta|Relic Song|p1a: Hatterene
|-damage|p1a: Hatterene|82/100
|-formechange|p2a: Meloetta|Meloetta-Pirouette|[msg]
|
|upkeep
|turn|2
|
|t:|1758355482
|move|p2a: Meloetta|Relic Song|p1a: Hatterene
|-damage|p1a: Hatterene|71/100
|-formechange|p2a: Meloetta|Meloetta|[msg]
|move|p1a: Hatterene|Psyshock|p2a: Meloetta
|-resisted|p2a: Meloetta
|-damage|p2a: Meloetta|78/100
|
|upkeep
|turn|3
|
|t:|1758355491
|move|p2a: Meloetta|Knock Off|p1a: Hatterene
|-damage|p1a: Hatterene|54/100
|-enditem|p1a: Hatterene|Assault Vest|[from] move: Knock Off|[of] p2a: Meloetta
|move|p1a: Hatterene|Mystical Fire|p2a: Meloetta
|-damage|p2a: Meloetta|58/100
|-unboost|p2a: Meloetta|spa|1
|
|upkeep
|turn|4
|
|t:|1758355504
|move|p2a: Meloetta|Relic Song|p1a: Hatterene
|-damage|p1a: Hatterene|36/100
|-status|p1a: Hatterene|slp|[from] move: Relic Song
|-formechange|p2a: Meloetta|Meloetta-Pirouette|[msg]
|cant|p1a: Hatterene|slp
|
|upkeep
|turn|5
|
|t:|1758355511
|switch|p2a: Gliscor|Gliscor, F, shiny|100/100
|cant|p1a: Hatterene|slp
|
|-status|p2a: Gliscor|tox|[from] item: Toxic Orb
|upkeep
|turn|6
|
|t:|1758355518
|move|p2a: Gliscor|Agility|p2a: Gliscor
|-boost|p2a: Gliscor|spe|2
|-curestatus|p1a: Hatterene|slp|[msg]
|move|p1a: Hatterene|Draining Kiss|p2a: Gliscor
|-damage|p2a: Gliscor|73/100 tox
|-heal|p1a: Hatterene|58/100|[from] drain|[of] p2a: Gliscor
|
|-heal|p2a: Gliscor|85/100 tox|[from] ability: Poison Heal
|upkeep
|turn|7
|
|t:|1758355548
|switch|p1a: Landorus|Landorus-Therian, M|100/100
|-ability|p1a: Landorus|Intimidate|boost
|-unboost|p2a: Gliscor|atk|1
|-terastallize|p2a: Gliscor|Normal
|move|p2a: Gliscor|Facade|p1a: Landorus
|-damage|p1a: Landorus|67/100
|-damage|p2a: Gliscor|68/100 tox|[from] item: Rocky Helmet|[of] p1a: Landorus
|
|-heal|p2a: Gliscor|81/100 tox|[from] ability: Poison Heal
|upkeep
|turn|8
|
|t:|1758355558
|move|p2a: Gliscor|Knock Off|p1a: Landorus
|-crit|p1a: Landorus
|-damage|p1a: Landorus|33/100
|-damage|p2a: Gliscor|64/100 tox|[from] item: Rocky Helmet|[of] p1a: Landorus
|-enditem|p1a: Landorus|Rocky Helmet|[from] move: Knock Off|[of] p2a: Gliscor
|move|p1a: Landorus|Taunt|p2a: Gliscor
|-start|p2a: Gliscor|move: Taunt
|
|-heal|p2a: Gliscor|76/100 tox|[from] ability: Poison Heal
|upkeep
|turn|9
|
|t:|1758355565
|move|p2a: Gliscor|Facade|p1a: Landorus
|-damage|p1a: Landorus|0 fnt
|faint|p1a: Landorus
|
|-heal|p2a: Gliscor|89/100 tox|[from] ability: Poison Heal
|upkeep
|
|t:|1758355575
|switch|p1a: Zamazenta|Zamazenta|100/100
|-ability|p1a: Zamazenta|Dauntless Shield|boost
|-boost|p1a: Zamazenta|def|1
|turn|10
|
|t:|1758355580
|move|p2a: Gliscor|Facade|p1a: Zamazenta
|-damage|p1a: Zamazenta|81/100
|move|p1a: Zamazenta|Body Press|p2a: Gliscor
|-supereffective|p2a: Gliscor
|-damage|p2a: Gliscor|0 fnt
|faint|p2a: Gliscor
|
|-heal|p1a: Zamazenta|87/100|[from] item: Leftovers
|upkeep
|
|t:|1758355588
|switch|p2a: Dragapult|Dragapult, M|100/100
|turn|11
|
|t:|1758355593
|move|p1a: Zamazenta|Crunch|p2a: Dragapult
|-supereffective|p2a: Dragapult
|-damage|p2a: Dragapult|41/100
|move|p2a: Dragapult|Hydro Pump|p1a: Zamazenta
|-damage|p1a: Zamazenta|57/100
|
|-heal|p1a: Zamazenta|63/100|[from] item: Leftovers
|upkeep
|turn|12
|
|t:|1758355600
|move|p1a: Zamazenta|Crunch|p2a: Dragapult
|-supereffective|p2a: Dragapult
|-damage|p2a: Dragapult|0 fnt
|faint|p2a: Dragapult
|
|-heal|p1a: Zamazenta|70/100|[from] item: Leftovers
|upkeep
|
|t:|1758355614
|switch|p2a: Suicune|Suicune, shiny|100/100
|turn|13
|
|t:|1758355622
|move|p2a: Suicune|Air Slash|p1a: Zamazenta
|-supereffective|p1a: Zamazenta
|-damage|p1a: Zamazenta|30/100
|move|p1a: Zamazenta|Roar|p2a: Suicune
|drag|p2a: Emboar|Emboar, M|100/100
|
|-heal|p1a: Zamazenta|36/100|[from] item: Leftovers
|upkeep
|turn|14
|
|t:|1758355635
|move|p1a: Zamazenta|Body Press|p2a: Emboar
|-damage|p2a: Emboar|29/100
|move|p2a: Emboar|Flame Charge|p1a: Zamazenta
|-damage|p1a: Zamazenta|24/100
|-boost|p2a: Emboar|spe|1
|
|-heal|p1a: Zamazenta|30/100|[from] item: Leftovers
|upkeep
|turn|15
|
|t:|1758355646
|move|p1a: Zamazenta|Body Press|p2a: Emboar
|-damage|p2a: Emboar|0 fnt
|faint|p2a: Emboar
|
|-heal|p1a: Zamazenta|36/100|[from] item: Leftovers
|upkeep
|
|t:|1758355649
|switch|p2a: Suicune|Suicune, shiny|100/100
|turn|16
|
|t:|1758355654
|move|p1a: Zamazenta|Body Press|p2a: Suicune
|-damage|p2a: Suicune|60/100
|move|p2a: Suicune|Air Slash|p1a: Zamazenta
|-supereffective|p1a: Zamazenta
|-damage|p1a: Zamazenta|0 fnt
|faint|p1a: Zamazenta
|
|-heal|p2a: Suicune|66/100|[from] item: Leftovers
|upkeep
|
|t:|1758355663
|switch|p1a: Gholdengo|Gholdengo|100/100
|turn|17
|
|t:|1758355668
|move|p1a: Gholdengo|Thunderbolt|p2a: Suicune
|-supereffective|p2a: Suicune
|-damage|p2a: Suicune|10/100
|move|p2a: Suicune|Calm Mind|p2a: Suicune
|-boost|p2a: Suicune|spa|1
|-boost|p2a: Suicune|spd|1
|
|-heal|p2a: Suicune|16/100|[from] item: Leftovers
|upkeep
|turn|18
|
|t:|1758355672
|move|p1a: Gholdengo|Thunderbolt|p2a: Suicune
|-supereffective|p2a: Suicune
|-damage|p2a: Suicune|0 fnt
|faint|p2a: Suicune
|
|upkeep
|
|t:|1758355675
|switch|p2a: Meloetta|Meloetta|58/100
|turn|19
|
|t:|1758355682
|-terastallize|p1a: Gholdengo|Steel
|move|p2a: Meloetta|Knock Off|p1a: Gholdengo
|-damage|p1a: Gholdengo|76/100
|-enditem|p1a: Gholdengo|Metal Coat|[from] move: Knock Off|[of] p2a: Meloetta
|move|p1a: Gholdengo|Make It Rain|p2a: Meloetta
|-damage|p2a: Meloetta|0 fnt
|-unboost|p1a: Gholdengo|spa|1
|faint|p2a: Meloetta
|
|upkeep
|
|t:|1758355691
|switch|p2a: Umbreon|Umbreon, M|100/100
|turn|20
|
|t:|1758355697
|move|p1a: Gholdengo|Nasty Plot|p1a: Gholdengo
|-boost|p1a: Gholdengo|spa|2
|move|p2a: Umbreon|Trailblaze|p1a: Gholdengo
|-resisted|p1a: Gholdengo
|-damage|p1a: Gholdengo|73/100
|-boost|p2a: Umbreon|spe|1
|
|upkeep
|turn|21
|
|t:|1758355704
|move|p2a: Umbreon|Dark Pulse|p1a: Gholdengo
|-damage|p1a: Gholdengo|45/100
|cant|p1a: Gholdengo|flinch
|
|upkeep
|turn|22
|
|t:|1758355708
|move|p2a: Umbreon|Dark Pulse|p1a: Gholdengo
|-damage|p1a: Gholdengo|18/100
|move|p1a: Gholdengo|Recover|p1a: Gholdengo
|-heal|p1a: Gholdengo|69/100
|
|upkeep
|turn|23
|
|t:|1758355713
|move|p2a: Umbreon|Dark Pulse|p1a: Gholdengo
|-damage|p1a: Gholdengo|40/100
|move|p1a: Gholdengo|Recover|p1a: Gholdengo
|-heal|p1a: Gholdengo|90/100
|
|upkeep
|turn|24
|
|t:|1758355718
|move|p2a: Umbreon|Dark Pulse|p1a: Gholdengo
|-damage|p1a: Gholdengo|62/100
|move|p1a: Gholdengo|Nasty Plot|p1a: Gholdengo
|-boost|p1a: Gholdengo|spa|2
|
|upkeep
|turn|25
|
|t:|1758355723
|move|p2a: Umbreon|Alluring Voice|p1a: Gholdengo
|-resisted|p1a: Gholdengo
|-damage|p1a: Gholdengo|53/100
|move|p1a: Gholdengo|Recover|p1a: Gholdengo
|-heal|p1a: Gholdengo|100/100
|
|upkeep
|turn|26
|
|t:|1758355728
|move|p2a: Umbreon|Dark Pulse|p1a: Gholdengo
|-damage|p1a: Gholdengo|72/100
|cant|p1a: Gholdengo|flinch
|
|upkeep
|turn|27
|
|t:|1758355733
|move|p2a: Umbreon|Dark Pulse|p1a: Gholdengo
|-damage|p1a: Gholdengo|46/100
|move|p1a: Gholdengo|Make It Rain|p2a: Umbreon
|-damage|p2a: Umbreon|0 fnt
|-unboost|p1a: Gholdengo|spa|1
|faint|p2a: Umbreon
|
|win|poussinot
|raw|poussinot's rating: 1105 &rarr; <strong>1134</strong><br />(+29 for winning)
|raw|crashbuster's rating: 1157 &rarr; <strong>1128</strong><br />(-29 for losing)
|l|☆poussinot
|player|p1|
|j|☆poussinot
|player|p1|poussinot|n|
|l|☆poussinot
|player|p1|
|l|☆crashbuster
|player|p2|
