|j|☆ReturnOfMX
|j|☆Wiiboidibo
|t:|1758342347
|gametype|singles
|player|p1|ReturnOfMX|2|1408
|player|p2|Wiiboidibo|169|1393
|gen|9
|tier|[Gen 9] OU
|rated|
|rule|HP Percentage Mod: HP is shown in percentages
|rule|Endless Battle Clause: Forcing endless battles is banned
|rule|Species Clause: Limit one of each Pokémon
|rule|OHKO Clause: OHKO moves are banned
|rule|Evasion Items Clause: Evasion items are banned
|rule|Evasion Moves Clause: Evasion moves are banned
|rule|Evasion Abilities Clause: Evasion abilities are banned
|rule|Sleep Moves Clause: Sleep-inducing moves are banned
|clearpoke
|poke|p1|Pelipper, M|
|poke|p1|Tornadus-Therian, M|
|poke|p1|Barraskewda, F|
|poke|p1|Iron Treads|
|poke|p1|Raging Bolt|
|poke|p1|Overqwil, M|
|poke|p2|Iron Boulder|
|poke|p2|Glimmora, M|
|poke|p2|Hatterene, F|
|poke|p2|Kingambit, M|
|poke|p2|Iron Moth|
|poke|p2|Quaquaval, F|
|teampreview
|inactive|Battle timer is ON: inactive players will automatically lose when time's up. (requested by ReturnOfMX)
|
|t:|1758342388
|teamsize|p1|6
|teamsize|p2|6
|start
|switch|p1a: Overqwil|Overqwil, M|100/100
|switch|p2a: Glimmora|Glimmora, M|100/100
|turn|1
|
|t:|1758342397
|move|p2a: Glimmora|Earth Power|p1a: Overqwil
|-supereffective|p1a: Overqwil
|-damage|p1a: Overqwil|2/100
|move|p1a: Overqwil|Taunt|p2a: Glimmora
|-start|p2a: Glimmora|move: Taunt
|
|upkeep
|turn|2
|
|t:|1758342414
|switch|p1a: Iron Treads|Iron Treads|100/100
|move|p2a: Glimmora|Power Gem|p1a: Iron Treads
|-resisted|p1a: Iron Treads
|-damage|p1a: Iron Treads|93/100
|
|-heal|p1a: Iron Treads|99/100|[from] item: Leftovers
|upkeep
|turn|3
|
|t:|1758342423
|move|p2a: Glimmora|Earth Power|p1a: Iron Treads
|-supereffective|p1a: Iron Treads
|-crit|p1a: Iron Treads
|-damage|p1a: Iron Treads|26/100
|move|p1a: Iron Treads|Earthquake|p2a: Glimmora
|-supereffective|p2a: Glimmora
|-enditem|p2a: Glimmora|Focus Sash
|-damage|p2a: Glimmora|1/100
|-activate|p2a: Glimmora|ability: Toxic Debris
|-sidestart|p1: ReturnOfMX|move: Toxic Spikes
|
|-heal|p1a: Iron Treads|32/100|[from] item: Leftovers
|upkeep
|turn|4
|
|t:|1758342441
|-end|p1a: Iron Treads|Quark Drive|[silent]
|switch|p1a: Tornadus|Tornadus-Therian, M|100/100
|move|p2a: Glimmora|Earth Power|p1a: Tornadus
|-immune|p1a: Tornadus
|
|-end|p2a: Glimmora|move: Taunt
|upkeep
|turn|5
|
|t:|1758342450
|switch|p2a: Hatterene|Hatterene, F|100/100
|move|p1a: Tornadus|Hurricane|p2a: Hatterene|[miss]
|-miss|p1a: Tornadus|p2a: Hatterene
|
|upkeep
|turn|6
|
|t:|1758342458
|switch|p1a: Overqwil|Overqwil, M|2/100
|-sideend|p1: ReturnOfMX|move: Toxic Spikes|[of] p1a: Overqwil
|move|p2a: Hatterene|Draining Kiss|p1a: Overqwil
|-damage|p1a: Overqwil|0 fnt
|faint|p1a: Overqwil
|
|upkeep
|
|t:|1758342465
|switch|p1a: Barraskewda|Barraskewda, F|100/100
|turn|7
|
|t:|1758342472
|move|p1a: Barraskewda|Liquidation|p2a: Hatterene
|-damage|p2a: Hatterene|31/100
|-unboost|p2a: Hatterene|def|1
|move|p2a: Hatterene|Psyshock|p1a: Barraskewda
|-damage|p1a: Barraskewda|27/100
|
|-heal|p2a: Hatterene|37/100|[from] item: Leftovers
|upkeep
|turn|8
|
|t:|1758342482
|move|p1a: Barraskewda|Liquidation|p2a: Hatterene
|-damage|p2a: Hatterene|0 fnt
|faint|p2a: Hatterene
|
|upkeep
|
|t:|1758342490
|switch|p2a: Quaquaval|Quaquaval, F|100/100
|turn|9
|
|t:|1758342509
|switch|p1a: Pelipper|Pelipper, M|100/100
|-weather|RainDance|[from] ability: Drizzle|[of] p1a: Pelipper
|move|p2a: Quaquaval|Close Combat|p1a: Pelipper
|-resisted|p1a: Pelipper
|-damage|p1a: Pelipper|70/100
|-unboost|p2a: Quaquaval|def|1
|-unboost|p2a: Quaquaval|spd|1
|-damage|p2a: Quaquaval|91/100|[from] item: Life Orb
|
|-weather|RainDance|[upkeep]
|upkeep
|turn|10
|
|t:|1758342524
|move|p2a: Quaquaval|Ice Spinner|p1a: Pelipper
|-damage|p1a: Pelipper|43/100
|-damage|p2a: Quaquaval|81/100|[from] item: Life Orb
|move|p1a: Pelipper|U-turn|p2a: Quaquaval
|-resisted|p2a: Quaquaval
|-damage|p2a: Quaquaval|73/100
|
|t:|1758342531
|switch|p1a: Tornadus|Tornadus-Therian, M|100/100|[from] U-turn
|
|-weather|RainDance|[upkeep]
|upkeep
|turn|11
|
|t:|1758342546
|move|p1a: Tornadus|Hurricane|p2a: Quaquaval
|-supereffective|p2a: Quaquaval
|-damage|p2a: Quaquaval|0 fnt
|faint|p2a: Quaquaval
|
|-weather|RainDance|[upkeep]
|upkeep
|
|t:|1758342553
|switch|p2a: Iron Boulder|Iron Boulder|100/100
|-enditem|p2a: Iron Boulder|Booster Energy
|-activate|p2a: Iron Boulder|ability: Quark Drive|[fromitem]
|-start|p2a: Iron Boulder|quarkdrivespe
|turn|12
|inactive|ReturnOfMX has 120 seconds left.
|inactive|ReturnOfMX has 90 seconds left.
|
|t:|1758342614
|switch|p1a: Pelipper|Pelipper, M|43/100
|move|p2a: Iron Boulder|Mighty Cleave|p1a: Pelipper
|-supereffective|p1a: Pelipper
|-damage|p1a: Pelipper|0 fnt
|faint|p1a: Pelipper
|
|-weather|RainDance|[upkeep]
|upkeep
|
|t:|1758342617
|switch|p1a: Barraskewda|Barraskewda, F|27/100
|turn|13
|
|t:|1758342630
|-end|p2a: Iron Boulder|Quark Drive|[silent]
|switch|p2a: Glimmora|Glimmora, M|1/100
|move|p1a: Barraskewda|Liquidation|p2a: Glimmora
|-supereffective|p2a: Glimmora
|-damage|p2a: Glimmora|0 fnt
|-activate|p2a: Glimmora|ability: Toxic Debris
|-sidestart|p1: ReturnOfMX|move: Toxic Spikes
|faint|p2a: Glimmora
|
|-weather|RainDance|[upkeep]
|upkeep
|
|t:|1758342641
|switch|p2a: Iron Boulder|Iron Boulder|100/100
|turn|14
|
|t:|1758342666
|move|p1a: Barraskewda|Liquidation|p2a: Iron Boulder
|-supereffective|p2a: Iron Boulder
|-damage|p2a: Iron Boulder|0 fnt
|faint|p2a: Iron Boulder
|-end|p2a: Iron Boulder|Quark Drive|[silent]
|
|-weather|RainDance|[upkeep]
|upkeep
|c|☆Wiiboidibo|Misclick
|inactive|Wiiboidibo has 120 seconds left.
|
|t:|1758342678
|switch|p2a: Kingambit|Kingambit, M|100/100
|-activate|p2a: Kingambit|ability: Supreme Overlord
|-start|p2a: Kingambit|fallen4|[silent]
|turn|15
|inactive|ReturnOfMX has 120 seconds left.
|inactive|ReturnOfMX has 90 seconds left.
|inactive|ReturnOfMX has 60 seconds left.
|
|t:|1758342763
|move|p2a: Kingambit|Sucker Punch|p1a: Barraskewda
|-damage|p1a: Barraskewda|0 fnt
|faint|p1a: Barraskewda
|
|-weather|RainDance|[upkeep]
|upkeep
|
|t:|1758342766
|switch|p1a: Tornadus|Tornadus-Therian, M|100/100
|turn|16
|
|t:|1758342782
|move|p1a: Tornadus|Focus Blast|p2a: Kingambit
|-supereffective|p2a: Kingambit
|-damage|p2a: Kingambit|0 fnt
|faint|p2a: Kingambit
|-end|p2a: Kingambit|fallen4|[silent]
|
|-weather|none
|upkeep
|
|t:|1758342788
|switch|p2a: Iron Moth|Iron Moth|100/100
|-enditem|p2a: Iron Moth|Booster Energy
|-activate|p2a: Iron Moth|ability: Quark Drive|[fromitem]
|-start|p2a: Iron Moth|quarkdrivespe
|turn|17
|
|t:|1758342806
|move|p2a: Iron Moth|Fiery Dance|p1a: Tornadus
|-damage|p1a: Tornadus|61/100
|-boost|p2a: Iron Moth|spa|1
|move|p1a: Tornadus|Hurricane|p2a: Iron Moth
|-damage|p2a: Iron Moth|59/100
|-start|p2a: Iron Moth|confusion
|
|upkeep
|turn|18
|
|t:|1758342818
|switch|p1a: Iron Treads|Iron Treads|32/100
|-activate|p2a: Iron Moth|confusion
|move|p2a: Iron Moth|Fiery Dance|p1a: Iron Treads
|-supereffective|p1a: Iron Treads
|-damage|p1a: Iron Treads|0 fnt
|-boost|p2a: Iron Moth|spa|1
|faint|p1a: Iron Treads
|-end|p1a: Iron Treads|Quark Drive|[silent]
|
|upkeep
|
|t:|1758342825
|switch|p1a: Tornadus|Tornadus-Therian, M|95/100
|turn|19
|
|t:|1758342835
|-activate|p2a: Iron Moth|confusion
|move|p2a: Iron Moth|Fiery Dance|p1a: Tornadus
|-damage|p1a: Tornadus|12/100
|-boost|p2a: Iron Moth|spa|1
|move|p1a: Tornadus|Hurricane|p2a: Iron Moth|[miss]
|-miss|p1a: Tornadus|p2a: Iron Moth
|
|upkeep
|turn|20
|
|t:|1758342843
|-activate|p2a: Iron Moth|confusion
|-damage|p2a: Iron Moth|51/100|[from] confusion
|move|p1a: Tornadus|Hurricane|p2a: Iron Moth
|-damage|p2a: Iron Moth|11/100
|
|upkeep
|turn|21
|
|t:|1758342849
|-activate|p2a: Iron Moth|confusion
|-damage|p2a: Iron Moth|4/100|[from] confusion
|move|p1a: Tornadus|Heat Wave|p2a: Iron Moth
|-resisted|p2a: Iron Moth
|-damage|p2a: Iron Moth|0 fnt
|faint|p2a: Iron Moth
|-end|p2a: Iron Moth|Quark Drive|[silent]
|
|win|ReturnOfMX
|raw|ReturnOfMX's rating: 1408 &rarr; <strong>1427</strong><br />(+19 for winning)
|raw|Wiiboidibo's rating: 1393 &rarr; <strong>1374</strong><br />(-19 for losing)
|l|☆Wiiboidibo
|player|p2|
|l|☆ReturnOfMX
|player|p1|
