|j|☆Zezroy
|j|☆Labooble
|t:|1758376208
|gametype|singles
|player|p1|Zezroy|janitor|1496
|player|p2|Labooble|266|1511
|gen|9
|tier|[Gen 9] OU
|rated|
|rule|HP Percentage Mod: HP is shown in percentages
|rule|Endless Battle Clause: Forcing endless battles is banned
|rule|Species Clause: Limit one of each Pokémon
|rule|OHKO Clause: OHKO moves are banned
|rule|Evasion Items Clause: Evasion items are banned
|rule|Evasion Moves Clause: Evasion moves are banned
|rule|Evasion Abilities Clause: Evasion abilities are banned
|rule|Sleep Moves Clause: Sleep-inducing moves are banned
|clearpoke
|poke|p1|Corviknight, M|
|poke|p1|Whimsicott, F|
|poke|p1|Toxapex, F|
|poke|p1|Slither Wing|
|poke|p1|Regidrago|
|poke|p1|Rotom-Heat|
|poke|p2|Toxapex, M|
|poke|p2|Fezandipiti, M|
|poke|p2|Moltres|
|poke|p2|Kyurem|
|poke|p2|Dragapult, F|
|poke|p2|Primarina, F|
|teampreview
|
|t:|1758376219
|teamsize|p1|6
|teamsize|p2|6
|start
|switch|p1a: Muffin Mittens|Rotom-Heat|100/100
|switch|p2a: Primarina|Primarina, F|100/100
|turn|1
|
|t:|1758376226
|move|p1a: Muffin Mittens|Trick|p2a: Primarina
|-activate|p1a: Muffin Mittens|move: Trick|[of] p2a: Primarina
|-item|p2a: Primarina|Choice Scarf|[from] move: Trick
|-item|p1a: Muffin Mittens|Choice Specs|[from] move: Trick
|move|p2a: Primarina|Flip Turn|p1a: Muffin Mittens
|-supereffective|p1a: Muffin Mittens
|-crit|p1a: Muffin Mittens
|-damage|p1a: Muffin Mittens|43/100
|
|t:|1758376236
|switch|p2a: Dragapult|Dragapult, F|100/100|[from] Flip Turn
|
|upkeep
|turn|2
|
|t:|1758376241
|switch|p1a: Popcorn|Whimsicott, F|100/100
|move|p2a: Dragapult|U-turn|p1a: Popcorn
|-damage|p1a: Popcorn|67/100
|
|t:|1758376244
|switch|p2a: Moltres|Moltres|100/100|[from] U-turn
|
|-heal|p1a: Popcorn|74/100|[from] item: Leftovers
|upkeep
|turn|3
|
|t:|1758376249
|move|p1a: Popcorn|Protect|p1a: Popcorn
|-singleturn|p1a: Popcorn|Protect
|move|p2a: Moltres|Flamethrower|p1a: Popcorn
|-activate|p1a: Popcorn|move: Protect
|
|-heal|p1a: Popcorn|80/100|[from] item: Leftovers
|upkeep
|turn|4
|
|t:|1758376253
|switch|p1a: Raspberry Berrret|Toxapex, F, shiny|100/100
|move|p2a: Moltres|Flamethrower|p1a: Raspberry Berrret
|-resisted|p1a: Raspberry Berrret
|-damage|p1a: Raspberry Berrret|81/100
|
|upkeep
|turn|5
|
|t:|1758376261
|move|p2a: Moltres|Scorching Sands|p1a: Raspberry Berrret
|-supereffective|p1a: Raspberry Berrret
|-damage|p1a: Raspberry Berrret|37/100
|move|p1a: Raspberry Berrret|Surf|p2a: Moltres
|-supereffective|p2a: Moltres
|-damage|p2a: Moltres|59/100
|
|upkeep
|turn|6
|inactive|Battle timer is ON: inactive players will automatically lose when time's up. (requested by Labooble)
|
|t:|1758376274
|switch|p1a: Muffin Mittens|Rotom-Heat|43/100
|move|p2a: Moltres|Hurricane|p1a: Muffin Mittens
|-resisted|p1a: Muffin Mittens
|-damage|p1a: Muffin Mittens|1/100
|
|upkeep
|turn|7
|
|t:|1758376280
|switch|p2a: Fezandipiti|Fezandipiti, M|100/100
|move|p1a: Muffin Mittens|Volt Switch|p2a: Fezandipiti
|-damage|p2a: Fezandipiti|83/100
|
|t:|1758376308
|switch|p1a: Jawbreaker|Regidrago|100/100|[from] Volt Switch
|
|upkeep
|turn|8
|
|t:|1758376313
|-terastallize|p1a: Jawbreaker|Steel
|move|p1a: Jawbreaker|Tera Blast|p2a: Fezandipiti|[anim] Tera Blast Steel
|-supereffective|p2a: Fezandipiti
|-damage|p2a: Fezandipiti|43/100
|move|p2a: Fezandipiti|Beat Up|p1a: Jawbreaker
|-damage|p1a: Jawbreaker|97/100
|-damage|p1a: Jawbreaker|93/100
|-damage|p1a: Jawbreaker|89/100
|-damage|p1a: Jawbreaker|85/100
|-damage|p1a: Jawbreaker|82/100
|-damage|p1a: Jawbreaker|79/100
|-hitcount|p1a: Jawbreaker|6
|
|upkeep
|turn|9
|
|t:|1758376324
|switch|p2a: Toxapex|Toxapex, M|100/100
|move|p1a: Jawbreaker|Tera Blast|p2a: Toxapex|[anim] Tera Blast Steel
|-resisted|p2a: Toxapex
|-damage|p2a: Toxapex|76/100
|
|upkeep
|turn|10
|
|t:|1758376339
|switch|p1a: Raspberry Berrret|Toxapex, F, shiny|70/100
|switch|p2a: Moltres|Moltres|59/100
|
|upkeep
|turn|11
|
|t:|1758376343
|move|p2a: Moltres|Hurricane|p1a: Raspberry Berrret|[miss]
|-miss|p2a: Moltres|p1a: Raspberry Berrret
|move|p1a: Raspberry Berrret|Toxic|p2a: Moltres
|-status|p2a: Moltres|tox
|
|-damage|p2a: Moltres|53/100 tox|[from] psn
|upkeep
|turn|12
|
|t:|1758376346
|move|p2a: Moltres|Hurricane|p1a: Raspberry Berrret
|-damage|p1a: Raspberry Berrret|19/100
|move|p1a: Raspberry Berrret|Surf|p2a: Moltres
|-supereffective|p2a: Moltres
|-damage|p2a: Moltres|17/100 tox
|
|-damage|p2a: Moltres|4/100 tox|[from] psn
|upkeep
|turn|13
|
|t:|1758376352
|move|p2a: Moltres|Flamethrower|p1a: Raspberry Berrret
|-resisted|p1a: Raspberry Berrret
|-damage|p1a: Raspberry Berrret|0 fnt
|faint|p1a: Raspberry Berrret
|
|-damage|p2a: Moltres|0 fnt|[from] psn
|faint|p2a: Moltres
|upkeep
|
|t:|1758376359
|switch|p2a: Fezandipiti|Fezandipiti, M|43/100
|switch|p1a: Muffin Mittens|Rotom-Heat|1/100
|turn|14
|
|t:|1758376366
|move|p1a: Muffin Mittens|Volt Switch|p2a: Fezandipiti
|-damage|p2a: Fezandipiti|26/100
|
|t:|1758376370
|switch|p1a: Red Eye|Corviknight, M|100/100|[from] Volt Switch
|move|p2a: Fezandipiti|U-turn|p1a: Red Eye
|-resisted|p1a: Red Eye
|-damage|p1a: Red Eye|98/100
|
|t:|1758376376
|switch|p2a: Primarina|Primarina, F|100/100|[from] U-turn
|
|-heal|p1a: Red Eye|100/100|[from] item: Leftovers
|upkeep
|turn|15
|
|t:|1758376393
|move|p2a: Primarina|Hydro Pump|p1a: Red Eye|[miss]
|-miss|p2a: Primarina|p1a: Red Eye
|move|p1a: Red Eye|Brave Bird|p2a: Primarina
|-damage|p2a: Primarina|54/100
|-damage|p1a: Red Eye|86/100|[from] Recoil
|
|-heal|p1a: Red Eye|92/100|[from] item: Leftovers
|upkeep
|turn|16
|
|t:|1758376402
|switch|p1a: Popcorn|Whimsicott, F|80/100
|move|p2a: Primarina|Hydro Pump|p1a: Popcorn
|-resisted|p1a: Popcorn
|-damage|p1a: Popcorn|53/100
|
|-heal|p1a: Popcorn|59/100|[from] item: Leftovers
|upkeep
|turn|17
|
|t:|1758376410
|switch|p2a: Fezandipiti|Fezandipiti, M|26/100
|move|p1a: Popcorn|Leech Seed|p2a: Fezandipiti
|-start|p2a: Fezandipiti|move: Leech Seed
|
|-heal|p1a: Popcorn|65/100|[from] item: Leftovers
|-damage|p2a: Fezandipiti|14/100|[from] Leech Seed|[of] p1a: Popcorn
|-heal|p1a: Popcorn|79/100|[silent]
|upkeep
|turn|18
|
|t:|1758376416
|switch|p2a: Kyurem|Kyurem|100/100
|-ability|p2a: Kyurem|Pressure
|move|p1a: Popcorn|Protect||[still]
|-fail|p1a: Popcorn
|
|-heal|p1a: Popcorn|86/100|[from] item: Leftovers
|upkeep
|turn|19
|
|t:|1758376422
|move|p1a: Popcorn|Protect|p1a: Popcorn
|-singleturn|p1a: Popcorn|Protect
|move|p2a: Kyurem|Freeze-Dry|p1a: Popcorn
|-activate|p1a: Popcorn|move: Protect
|
|-heal|p1a: Popcorn|92/100|[from] item: Leftovers
|upkeep
|turn|20
|
|t:|1758376433
|switch|p1a: Muffin Mittens|Rotom-Heat|1/100
|move|p2a: Kyurem|Freeze-Dry|p1a: Muffin Mittens
|-resisted|p1a: Muffin Mittens
|-damage|p1a: Muffin Mittens|0 fnt
|faint|p1a: Muffin Mittens
|
|upkeep
|
|t:|1758376443
|switch|p1a: Teeny-Rex|Slither Wing|100/100
|turn|21
|
|t:|1758376446
|switch|p2a: Toxapex|Toxapex, M|100/100
|move|p1a: Teeny-Rex|Earthquake|p2a: Toxapex
|-supereffective|p2a: Toxapex
|-damage|p2a: Toxapex|32/100
|
|upkeep
|turn|22
|
|t:|1758376456
|move|p1a: Teeny-Rex|Earthquake|p2a: Toxapex
|-supereffective|p2a: Toxapex
|-damage|p2a: Toxapex|0 fnt
|faint|p2a: Toxapex
|
|upkeep
|
|t:|1758376462
|switch|p2a: Dragapult|Dragapult, F|100/100
|turn|23
|
|t:|1758376467
|-end|p1a: Teeny-Rex|Protosynthesis|[silent]
|switch|p1a: Popcorn|Whimsicott, F|92/100
|move|p2a: Dragapult|Will-O-Wisp|p1a: Popcorn
|-status|p1a: Popcorn|brn
|
|-heal|p1a: Popcorn|98/100 brn|[from] item: Leftovers
|-damage|p1a: Popcorn|92/100 brn|[from] brn
|upkeep
|turn|24
|
|t:|1758376479
|switch|p2a: Fezandipiti|Fezandipiti, M|14/100
|move|p1a: Popcorn|Encore||[still]
|-fail|p1a: Popcorn
|
|-heal|p1a: Popcorn|98/100 brn|[from] item: Leftovers
|-damage|p1a: Popcorn|92/100 brn|[from] brn
|upkeep
|turn|25
|
|t:|1758376489
|switch|p1a: Red Eye|Corviknight, M|92/100
|move|p2a: Fezandipiti|Gunk Shot|p1a: Red Eye
|-immune|p1a: Red Eye
|
|-heal|p1a: Red Eye|98/100|[from] item: Leftovers
|upkeep
|turn|26
|
|t:|1758376495
|switch|p2a: Primarina|Primarina, F|54/100
|move|p1a: Red Eye|Brave Bird|p2a: Primarina
|-damage|p2a: Primarina|7/100
|-damage|p1a: Red Eye|85/100|[from] Recoil
|
|-heal|p1a: Red Eye|91/100|[from] item: Leftovers
|upkeep
|turn|27
|
|t:|1758376518
|move|p2a: Primarina|Hydro Pump|p1a: Red Eye
|-damage|p1a: Red Eye|4/100
|move|p1a: Red Eye|Roost|p1a: Red Eye
|-heal|p1a: Red Eye|54/100
|-singleturn|p1a: Red Eye|move: Roost
|
|-heal|p1a: Red Eye|60/100|[from] item: Leftovers
|upkeep
|turn|28
|inactive|Zezroy has 120 seconds left.
|
|t:|1758376539
|switch|p1a: Popcorn|Whimsicott, F|92/100 brn
|move|p2a: Primarina|Hydro Pump|p1a: Popcorn
|-resisted|p1a: Popcorn
|-damage|p1a: Popcorn|46/100 brn
|
|-heal|p1a: Popcorn|53/100 brn|[from] item: Leftovers
|-damage|p1a: Popcorn|46/100 brn|[from] brn
|upkeep
|turn|29
|
|t:|1758376547
|switch|p2a: Fezandipiti|Fezandipiti, M|14/100
|move|p1a: Popcorn|Leech Seed|p2a: Fezandipiti
|-start|p2a: Fezandipiti|move: Leech Seed
|
|-heal|p1a: Popcorn|53/100 brn|[from] item: Leftovers
|-damage|p2a: Fezandipiti|1/100|[from] Leech Seed|[of] p1a: Popcorn
|-heal|p1a: Popcorn|67/100 brn|[silent]
|-damage|p1a: Popcorn|61/100 brn|[from] brn
|upkeep
|turn|30
|inactive|Zezroy has 120 seconds left.
|
|t:|1758376574
|switch|p1a: Jawbreaker|Regidrago, tera:Steel|79/100
|move|p2a: Fezandipiti|U-turn|p1a: Jawbreaker
|-resisted|p1a: Jawbreaker
|-damage|p1a: Jawbreaker|71/100
|
|t:|1758376587
|switch|p2a: Kyurem|Kyurem|100/100|[from] U-turn
|-ability|p2a: Kyurem|Pressure
|
|upkeep
|turn|31
|inactive|Zezroy has 120 seconds left.
|
|t:|1758376593
|switch|p1a: Red Eye|Corviknight, M|60/100
|-terastallize|p2a: Kyurem|Steel
|move|p2a: Kyurem|Substitute|p2a: Kyurem
|-start|p2a: Kyurem|Substitute
|-damage|p2a: Kyurem|76/100
|
|-heal|p1a: Red Eye|66/100|[from] item: Leftovers
|upkeep
|turn|32
|
|t:|1758376597
|move|p2a: Kyurem|Freeze-Dry|p1a: Red Eye
|-damage|p1a: Red Eye|32/100
|move|p1a: Red Eye|Body Press|p2a: Kyurem
|-supereffective|p2a: Kyurem
|-end|p2a: Kyurem|Substitute
|
|-heal|p1a: Red Eye|38/100|[from] item: Leftovers
|upkeep
|turn|33
|
|t:|1758376606
|move|p2a: Kyurem|Freeze-Dry|p1a: Red Eye
|-damage|p1a: Red Eye|0 fnt
|faint|p1a: Red Eye
|
|upkeep
|
|t:|1758376618
|switch|p1a: Teeny-Rex|Slither Wing|100/100
|turn|34
|
|t:|1758376621
|switch|p2a: Fezandipiti|Fezandipiti, M|1/100
|move|p1a: Teeny-Rex|Earthquake|p2a: Fezandipiti
|-supereffective|p2a: Fezandipiti
|-damage|p2a: Fezandipiti|0 fnt
|faint|p2a: Fezandipiti
|
|upkeep
|
|t:|1758376626
|switch|p2a: Dragapult|Dragapult, F|100/100
|turn|35
|inactive|Zezroy has 120 seconds left.
|
|t:|1758376659
|-end|p1a: Teeny-Rex|Protosynthesis|[silent]
|switch|p1a: Popcorn|Whimsicott, F|61/100 brn
|move|p2a: Dragapult|U-turn|p1a: Popcorn
|-damage|p1a: Popcorn|29/100 brn
|
|t:|1758376664
|switch|p2a: Kyurem|Kyurem, tera:Steel|76/100|[from] U-turn
|-ability|p2a: Kyurem|Pressure
|
|-heal|p1a: Popcorn|35/100 brn|[from] item: Leftovers
|-damage|p1a: Popcorn|29/100 brn|[from] brn
|upkeep
|turn|36
|
|t:|1758376675
|move|p1a: Popcorn|Leech Seed|p2a: Kyurem
|-start|p2a: Kyurem|move: Leech Seed
|move|p2a: Kyurem|Freeze-Dry|p1a: Popcorn
|-supereffective|p1a: Popcorn
|-damage|p1a: Popcorn|0 fnt
|faint|p1a: Popcorn
|
|upkeep
|
|t:|1758376678
|switch|p1a: Teeny-Rex|Slither Wing|100/100
|turn|37
|
|t:|1758376694
|switch|p2a: Primarina|Primarina, F|7/100
|move|p1a: Teeny-Rex|Earthquake|p2a: Primarina
|-damage|p2a: Primarina|0 fnt
|faint|p2a: Primarina
|
|upkeep
|
|t:|1758376697
|switch|p2a: Dragapult|Dragapult, F|100/100
|turn|38
|
|t:|1758376723
|move|p2a: Dragapult|Dragon Darts|p1a: Teeny-Rex
|-damage|p1a: Teeny-Rex|62/100
|-anim|p2a: Dragapult|Dragon Darts|p1a: Teeny-Rex
|-damage|p1a: Teeny-Rex|27/100
|move|p1a: Teeny-Rex|Earthquake|p2a: Dragapult
|-damage|p2a: Dragapult|10/100
|
|upkeep
|turn|39
|inactive|Zezroy has 120 seconds left.
|
|t:|1758376741
|move|p2a: Dragapult|Dragon Darts|p1a: Teeny-Rex
|-damage|p1a: Teeny-Rex|0 fnt
|faint|p1a: Teeny-Rex
|-end|p1a: Teeny-Rex|Protosynthesis|[silent]
|
|upkeep
|
|t:|1758376742
|switch|p1a: Jawbreaker|Regidrago, tera:Steel|71/100
|turn|40
|
|t:|1758376746
|move|p2a: Dragapult|Dragon Darts|p1a: Jawbreaker
|-resisted|p1a: Jawbreaker
|-damage|p1a: Jawbreaker|57/100
|-anim|p2a: Dragapult|Dragon Darts|p1a: Jawbreaker
|-resisted|p1a: Jawbreaker
|-damage|p1a: Jawbreaker|43/100
|move|p1a: Jawbreaker|Earth Power|p2a: Dragapult
|-damage|p2a: Dragapult|0 fnt
|faint|p2a: Dragapult
|
|upkeep
|
|t:|1758376748
|switch|p2a: Kyurem|Kyurem, tera:Steel|76/100
|-ability|p2a: Kyurem|Pressure
|turn|41
|c|☆Zezroy|gg
|
|t:|1758376751
|move|p2a: Kyurem|Earth Power|p1a: Jawbreaker
|-supereffective|p1a: Jawbreaker
|-crit|p1a: Jawbreaker
|-damage|p1a: Jawbreaker|0 fnt
|faint|p1a: Jawbreaker
|
|win|Labooble
|raw|Zezroy's rating: 1496 &rarr; <strong>1477</strong><br />(-19 for losing)
|raw|Labooble's rating: 1511 &rarr; <strong>1530</strong><br />(+19 for winning)
|l|☆Zezroy
|player|p1|
|c|☆Labooble|gg
|l|☆Labooble
|player|p2|
