|j|☆Blizzard Wyvern
|j|☆ccncn123
|t:|1758362742
|gametype|singles
|player|p1|Blizzard Wyvern|candice|1328
|player|p2|ccncn123|102|1305
|gen|9
|tier|[Gen 9] OU
|rated|
|rule|HP Percentage Mod: HP is shown in percentages
|rule|Endless Battle Clause: Forcing endless battles is banned
|rule|Species Clause: Limit one of each Pokémon
|rule|OHKO Clause: OHKO moves are banned
|rule|Evasion Items Clause: Evasion items are banned
|rule|Evasion Moves Clause: Evasion moves are banned
|rule|Evasion Abilities Clause: Evasion abilities are banned
|rule|Sleep Moves Clause: Sleep-inducing moves are banned
|clearpoke
|poke|p1|Glaceon, F|
|poke|p1|Espeon, F|
|poke|p1|Umbreon, M|
|poke|p1|Flareon, M|
|poke|p1|Vaporeon, F|
|poke|p1|Jolteon, M|
|poke|p2|Iron Crown|
|poke|p2|Great Tusk|
|poke|p2|Kyurem|
|poke|p2|Cinderace, F|
|poke|p2|Primarina, M|
|poke|p2|Scizor, F|
|teampreview
|inactive|Battle timer is ON: inactive players will automatically lose when time's up. (requested by ccncn123)
|
|t:|1758362749
|teamsize|p1|6
|teamsize|p2|6
|start
|switch|p1a: Espeon|Espeon, F|100/100
|switch|p2a: Kyurem|Kyurem|100/100
|-ability|p2a: Kyurem|Pressure
|turn|1
|
|t:|1758362757
|switch|p2a: Iron Crown|Iron Crown|100/100
|move|p1a: Espeon|Power Gem|p2a: Iron Crown
|-resisted|p2a: Iron Crown
|-damage|p2a: Iron Crown|88/100
|-damage|p1a: Espeon|91/100|[from] item: Life Orb
|
|upkeep
|turn|2
|
|t:|1758362766
|switch|p1a: Jolteon|Jolteon, M|100/100
|move|p2a: Iron Crown|Volt Switch|p1a: Jolteon
|-immune|p1a: Jolteon|[from] ability: Volt Absorb
|
|upkeep
|turn|3
|
|t:|1758362773
|move|p1a: Jolteon|Volt Switch|p2a: Iron Crown
|-damage|p2a: Iron Crown|56/100
|
|t:|1758362776
|switch|p1a: Espeon|Espeon, F|91/100|[from] Volt Switch
|move|p2a: Iron Crown|Tachyon Cutter|p1a: Espeon
|-damage|p1a: Espeon|57/100
|-damage|p1a: Espeon|26/100
|-hitcount|p1a: Espeon|2
|
|upkeep
|turn|4
|
|t:|1758362782
|move|p1a: Espeon|Psychic|p2a: Iron Crown
|-resisted|p2a: Iron Crown
|-damage|p2a: Iron Crown|46/100
|-damage|p1a: Espeon|16/100|[from] item: Life Orb
|move|p2a: Iron Crown|Tachyon Cutter|p1a: Espeon
|-damage|p1a: Espeon|0 fnt
|faint|p1a: Espeon
|-hitcount|p1: Espeon|1
|
|upkeep
|
|t:|1758362794
|switch|p1a: Flareon|Flareon, M|100/100
|turn|5
|
|t:|1758362807
|-end|p2a: Iron Crown|Quark Drive|[silent]
|switch|p2a: Primarina|Primarina, M|100/100
|move|p1a: Flareon|Will-O-Wisp|p2a: Primarina
|-status|p2a: Primarina|brn
|
|-damage|p2a: Primarina|94/100 brn|[from] brn
|upkeep
|turn|6
|
|t:|1758362814
|switch|p1a: Glaceon|Glaceon, F, shiny|100/100
|move|p2a: Primarina|Psychic Noise|p1a: Glaceon
|-damage|p1a: Glaceon|79/100
|-start|p1a: Glaceon|move: Heal Block
|
|-damage|p2a: Primarina|88/100 brn|[from] brn
|upkeep
|turn|7
|
|t:|1758362821
|move|p1a: Glaceon|Freeze-Dry|p2a: Primarina
|-supereffective|p2a: Primarina
|-damage|p2a: Primarina|47/100 brn
|move|p2a: Primarina|Moonblast|p1a: Glaceon
|-damage|p1a: Glaceon|43/100
|
|-damage|p2a: Primarina|41/100 brn|[from] brn
|-end|p1a: Glaceon|move: Heal Block
|upkeep
|turn|8
|
|t:|1758362831
|switch|p2a: Cinderace|Cinderace, F|100/100
|move|p1a: Glaceon|Freeze-Dry|p2a: Cinderace
|-resisted|p2a: Cinderace
|-damage|p2a: Cinderace|77/100
|-status|p2a: Cinderace|frz
|
|upkeep
|turn|9
|
|t:|1758362837
|-curestatus|p2a: Cinderace|frz|[from] move: Pyro Ball
|move|p2a: Cinderace|Pyro Ball|p1a: Glaceon
|-supereffective|p1a: Glaceon
|-damage|p1a: Glaceon|0 fnt
|faint|p1a: Glaceon
|
|upkeep
|
|t:|1758362842
|switch|p1a: Jolteon|Jolteon, M|100/100
|turn|10
|
|t:|1758362847
|move|p1a: Jolteon|Volt Switch|p2a: Cinderace
|-crit|p2a: Cinderace
|-damage|p2a: Cinderace|0 fnt
|faint|p2a: Cinderace
|
|t:|1758362854
|switch|p1a: Umbreon|Umbreon, M, shiny|100/100|[from] Volt Switch
|
|upkeep
|
|t:|1758362858
|switch|p2a: Scizor|Scizor, F|100/100
|turn|11
|
|t:|1758362862
|move|p2a: Scizor|Close Combat|p1a: Umbreon
|-supereffective|p1a: Umbreon
|-damage|p1a: Umbreon|20/100
|-unboost|p2a: Scizor|def|1
|-unboost|p2a: Scizor|spd|1
|-damage|p2a: Scizor|84/100|[from] item: Rocky Helmet|[of] p1a: Umbreon
|move|p1a: Umbreon|Wish|p1a: Umbreon
|
|upkeep
|turn|12
|
|t:|1758362867
|move|p2a: Scizor|Close Combat|p1a: Umbreon
|-supereffective|p1a: Umbreon
|-damage|p1a: Umbreon|0 fnt
|-unboost|p2a: Scizor|def|1
|-unboost|p2a: Scizor|spd|1
|-damage|p2a: Scizor|68/100|[from] item: Rocky Helmet|[of] p1a: Umbreon
|faint|p1a: Umbreon
|
|upkeep
|
|t:|1758362870
|switch|p1a: Vaporeon|Vaporeon, F|100/100
|turn|13
|
|t:|1758362873
|move|p2a: Scizor|Close Combat|p1a: Vaporeon
|-damage|p1a: Vaporeon|35/100
|-unboost|p2a: Scizor|def|1
|-unboost|p2a: Scizor|spd|1
|move|p1a: Vaporeon|Acid Armor|p1a: Vaporeon
|-boost|p1a: Vaporeon|def|2
|
|-heal|p1a: Vaporeon|41/100|[from] item: Leftovers
|upkeep
|turn|14
|
|t:|1758362877
|move|p2a: Scizor|Close Combat|p1a: Vaporeon
|-damage|p1a: Vaporeon|9/100
|-unboost|p2a: Scizor|def|1
|-unboost|p2a: Scizor|spd|1
|move|p1a: Vaporeon|Wish|p1a: Vaporeon
|
|-heal|p1a: Vaporeon|15/100|[from] item: Leftovers
|upkeep
|turn|15
|
|t:|1758362883
|-terastallize|p1a: Vaporeon|Poison
|move|p2a: Scizor|Close Combat|p1a: Vaporeon
|-resisted|p1a: Vaporeon
|-damage|p1a: Vaporeon|0 fnt
|-unboost|p2a: Scizor|def|1
|-unboost|p2a: Scizor|spd|1
|faint|p1a: Vaporeon
|
|upkeep
|
|t:|1758362888
|switch|p1a: Jolteon|Jolteon, M|100/100
|turn|16
|
|t:|1758362893
|switch|p2a: Great Tusk|Great Tusk|100/100
|move|p1a: Jolteon|Shadow Ball|p2a: Great Tusk
|-damage|p2a: Great Tusk|48/100
|
|upkeep
|turn|17
|
|t:|1758362899
|move|p1a: Jolteon|Shadow Ball|p2a: Great Tusk
|-damage|p2a: Great Tusk|0 fnt
|faint|p2a: Great Tusk
|-end|p2a: Great Tusk|Protosynthesis|[silent]
|
|upkeep
|
|t:|1758362902
|switch|p2a: Kyurem|Kyurem|100/100
|-ability|p2a: Kyurem|Pressure
|turn|18
|
|t:|1758362905
|move|p1a: Jolteon|Shadow Ball|p2a: Kyurem
|-damage|p2a: Kyurem|64/100
|move|p2a: Kyurem|Dragon Dance|p2a: Kyurem
|-boost|p2a: Kyurem|atk|1
|-boost|p2a: Kyurem|spe|1
|
|upkeep
|turn|19
|
|t:|1758362911
|move|p2a: Kyurem|Scale Shot|p1a: Jolteon
|-damage|p1a: Jolteon|63/100
|-damage|p1a: Jolteon|24/100
|-damage|p1a: Jolteon|0 fnt
|faint|p1a: Jolteon
|-hitcount|p1: Jolteon|3
|-unboost|p2a: Kyurem|def|1
|-boost|p2a: Kyurem|spe|1
|
|upkeep
|
|t:|1758362913
|switch|p1a: Flareon|Flareon, M|100/100
|turn|20
|
|t:|1758362917
|move|p2a: Kyurem|Scale Shot|p1a: Flareon|[miss]
|-miss|p2a: Kyurem|p1a: Flareon
|move|p1a: Flareon|Flare Blitz|p2a: Kyurem
|-damage|p2a: Kyurem|0 fnt
|faint|p2a: Kyurem
|-damage|p1a: Flareon|76/100|[from] Recoil
|
|upkeep
|
|t:|1758362921
|switch|p2a: Primarina|Primarina, M|41/100 brn
|turn|21
|
|t:|1758362923
|move|p1a: Flareon|Trailblaze|p2a: Primarina
|-supereffective|p2a: Primarina
|-damage|p2a: Primarina|0 fnt
|-boost|p1a: Flareon|spe|1
|faint|p2a: Primarina
|
|upkeep
|
|t:|1758362927
|switch|p2a: Iron Crown|Iron Crown|46/100
|turn|22
|
|t:|1758362939
|move|p2a: Iron Crown|Psyshock|p1a: Flareon
|-damage|p1a: Flareon|17/100
|move|p1a: Flareon|Wish|p1a: Flareon
|
|upkeep
|turn|23
|
|t:|1758362943
|move|p2a: Iron Crown|Psyshock|p1a: Flareon
|-damage|p1a: Flareon|0 fnt
|faint|p1a: Flareon
|
|win|ccncn123
|raw|Blizzard Wyvern's rating: 1328 &rarr; <strong>1307</strong><br />(-21 for losing)
|raw|ccncn123's rating: 1305 &rarr; <strong>1326</strong><br />(+21 for winning)
|l|☆Blizzard Wyvern
|player|p1|
|l|☆ccncn123
|player|p2|
