|j|☆ljdarkrai_meme
|j|☆Lasker
|t:|1758278197
|gametype|singles
|player|p1|ljdarkrai_meme|pryce|1595
|player|p2|Lasker|brycen|1623
|gen|9
|tier|[Gen 9] OU
|rated|
|rule|HP Percentage Mod: HP is shown in percentages
|rule|Endless Battle Clause: Forcing endless battles is banned
|rule|Species Clause: Limit one of each Pokémon
|rule|OHKO Clause: OHKO moves are banned
|rule|Evasion Items Clause: Evasion items are banned
|rule|Evasion Moves Clause: Evasion moves are banned
|rule|Evasion Abilities Clause: Evasion abilities are banned
|rule|Sleep Moves Clause: Sleep-inducing moves are banned
|clearpoke
|poke|p1|Dragapult, M|
|poke|p1|Kingambit, M|
|poke|p1|Kyurem|
|poke|p1|Cinderace, M|
|poke|p1|Garganacl, F|
|poke|p1|Corviknight, M|
|poke|p2|Iron Valiant|
|poke|p2|Cinderace, F|
|poke|p2|Ting-Lu|
|poke|p2|Incineroar, F|
|poke|p2|Kyurem|
|poke|p2|Dragapult, M|
|teampreview
|inactive|Battle timer is ON: inactive players will automatically lose when time's up. (requested by ljdarkrai_meme)
|
|t:|1758278227
|teamsize|p1|6
|teamsize|p2|6
|start
|switch|p1a: Cinderace|Cinderace, M|100/100
|switch|p2a: Bang Bus|Cinderace, F|100/100
|turn|1
|
|t:|1758278236
|switch|p2a: Angry Winnie|Incineroar, F|100/100
|-ability|p2a: Angry Winnie|Intimidate|boost
|-unboost|p1a: Cinderace|atk|1
|move|p1a: Cinderace|High Jump Kick|p2a: Angry Winnie
|-start|p1a: Cinderace|typechange|Fighting|[from] ability: Libero
|-supereffective|p2a: Angry Winnie
|-damage|p2a: Angry Winnie|44/100
|
|-heal|p2a: Angry Winnie|50/100|[from] item: Leftovers
|upkeep
|turn|2
|inactive|ljdarkrai_meme has 120 seconds left.
|
|t:|1758278279
|switch|p1a: Garganacl|Garganacl, F|100/100
|switch|p2a: Pervert|Dragapult, M|100/100
|
|upkeep
|turn|3
|
|t:|1758278287
|move|p2a: Pervert|Shadow Ball|p1a: Garganacl
|-damage|p1a: Garganacl|82/100
|-unboost|p1a: Garganacl|spd|1
|move|p1a: Garganacl|Salt Cure|p2a: Pervert
|-damage|p2a: Pervert|80/100
|-start|p2a: Pervert|Salt Cure
|
|-heal|p1a: Garganacl|89/100|[from] item: Leftovers
|-damage|p2a: Pervert|68/100|[from] Salt Cure
|upkeep
|turn|4
|inactive|ljdarkrai_meme has 120 seconds left.
|
|t:|1758278297
|switch|p2a: Angry Winnie|Incineroar, F|50/100
|-ability|p2a: Angry Winnie|Intimidate|boost
|-unboost|p1a: Garganacl|atk|1
|move|p1a: Garganacl|Salt Cure|p2a: Angry Winnie
|-supereffective|p2a: Angry Winnie
|-damage|p2a: Angry Winnie|38/100
|-start|p2a: Angry Winnie|Salt Cure
|
|-heal|p2a: Angry Winnie|44/100|[from] item: Leftovers
|-heal|p1a: Garganacl|95/100|[from] item: Leftovers
|-damage|p2a: Angry Winnie|32/100|[from] Salt Cure
|upkeep
|turn|5
|inactive|ljdarkrai_meme has 120 seconds left.
|
|t:|1758278307
|move|p2a: Angry Winnie|Knock Off|p1a: Garganacl
|-damage|p1a: Garganacl|67/100
|-enditem|p1a: Garganacl|Leftovers|[from] move: Knock Off|[of] p2a: Angry Winnie
|move|p1a: Garganacl|Body Press|p2a: Angry Winnie
|-supereffective|p2a: Angry Winnie
|-damage|p2a: Angry Winnie|0 fnt
|faint|p2a: Angry Winnie
|
|upkeep
|j| wgw2333
|
|t:|1758278324
|switch|p2a: Eeyore|Ting-Lu|100/100
|-ability|p2a: Eeyore|Vessel of Ruin
|turn|6
|j| GoodraSweetheart76
|
|t:|1758278337
|move|p2a: Eeyore|Earthquake|p1a: Garganacl
|-supereffective|p1a: Garganacl
|-damage|p1a: Garganacl|15/100
|move|p1a: Garganacl|Salt Cure|p2a: Eeyore
|-resisted|p2a: Eeyore
|-damage|p2a: Eeyore|98/100
|-start|p2a: Eeyore|Salt Cure
|
|-heal|p2a: Eeyore|100/100|[from] item: Leftovers
|-damage|p2a: Eeyore|88/100|[from] Salt Cure
|upkeep
|turn|7
|l| GoodraSweetheart76
|inactive|ljdarkrai_meme has 120 seconds left.
|
|t:|1758278364
|move|p2a: Eeyore|Earthquake|p1a: Garganacl
|-supereffective|p1a: Garganacl
|-damage|p1a: Garganacl|0 fnt
|faint|p1a: Garganacl
|
|-heal|p2a: Eeyore|94/100|[from] item: Leftovers
|-damage|p2a: Eeyore|82/100|[from] Salt Cure
|upkeep
|
|t:|1758278371
|switch|p1a: Kyurem|Kyurem, shiny|100/100
|-ability|p1a: Kyurem|Pressure
|turn|8
|
|t:|1758278385
|move|p1a: Kyurem|Ice Beam|p2a: Eeyore
|-supereffective|p2a: Eeyore
|-damage|p2a: Eeyore|16/100
|move|p2a: Eeyore|Stealth Rock|p1a: Kyurem
|-sidestart|p1: ljdarkrai_meme|move: Stealth Rock
|
|-heal|p2a: Eeyore|23/100|[from] item: Leftovers
|-damage|p2a: Eeyore|10/100|[from] Salt Cure
|upkeep
|turn|9
|inactive|ljdarkrai_meme has 120 seconds left.
|
|t:|1758278393
|move|p1a: Kyurem|Ice Beam|p2a: Eeyore
|-supereffective|p2a: Eeyore
|-damage|p2a: Eeyore|0 fnt
|faint|p2a: Eeyore
|
|upkeep
|
|t:|1758278402
|switch|p2a: Pervert|Dragapult, M|68/100
|turn|10
|
|t:|1758278412
|move|p2a: Pervert|Draco Meteor|p1a: Kyurem
|-supereffective|p1a: Kyurem
|-damage|p1a: Kyurem|0 fnt
|-unboost|p2a: Pervert|spa|2
|faint|p1a: Kyurem
|
|upkeep
|
|t:|1758278416
|switch|p1a: Kingambit|Kingambit, M|100/100
|-damage|p1a: Kingambit|94/100|[from] Stealth Rock
|-activate|p1a: Kingambit|ability: Supreme Overlord
|-start|p1a: Kingambit|fallen2|[silent]
|turn|11
|
|t:|1758278427
|switch|p2a: Landlord|Kyurem|100/100
|-ability|p2a: Landlord|Pressure
|move|p1a: Kingambit|Kowtow Cleave|p2a: Landlord
|-damage|p2a: Landlord|35/100
|
|upkeep
|turn|12
|
|t:|1758278437
|move|p1a: Kingambit|Sucker Punch|p2a: Landlord
|-damage|p2a: Landlord|0 fnt
|faint|p2a: Landlord
|
|upkeep
|
|t:|1758278445
|switch|p2a: Wagallade|Iron Valiant|100/100
|-enditem|p2a: Wagallade|Booster Energy
|-activate|p2a: Wagallade|ability: Quark Drive|[fromitem]
|-start|p2a: Wagallade|quarkdrivespe
|turn|13
|
|t:|1758278451
|-end|p1a: Kingambit|fallen2|[silent]
|switch|p1a: Corviknight|Corviknight, M|100/100
|-damage|p1a: Corviknight|88/100|[from] Stealth Rock
|-ability|p1a: Corviknight|Pressure
|move|p2a: Wagallade|Close Combat|p1a: Corviknight
|-damage|p1a: Corviknight|37/100
|-unboost|p2a: Wagallade|def|1
|-unboost|p2a: Wagallade|spd|1
|
|-heal|p1a: Corviknight|44/100|[from] item: Leftovers
|upkeep
|turn|14
|j| wyjmjl
|
|t:|1758278462
|move|p2a: Wagallade|Close Combat|p1a: Corviknight
|-damage|p1a: Corviknight|0 fnt
|-unboost|p2a: Wagallade|def|1
|-unboost|p2a: Wagallade|spd|1
|faint|p1a: Corviknight
|
|upkeep
|
|t:|1758278474
|switch|p1a: Cinderace|Cinderace, M|100/100
|turn|15
|inactive|Lasker has 120 seconds left.
|l| wyjmjl
|
|t:|1758278533
|-end|p2a: Wagallade|Quark Drive|[silent]
|switch|p2a: Bang Bus|Cinderace, F|100/100
|move|p1a: Cinderace|Will-O-Wisp|p2a: Bang Bus
|-immune|p2a: Bang Bus
|
|upkeep
|turn|16
|inactive|Lasker has 90 seconds left.
|
|t:|1758278551
|move|p1a: Cinderace|Court Change|p1a: Cinderace
|-start|p1a: Cinderace|typechange|Normal|[from] ability: Libero
|-swapsideconditions
|-activate|p1a: Cinderace|move: Court Change
|move|p2a: Bang Bus|U-turn|p1a: Cinderace
|-start|p2a: Bang Bus|typechange|Bug|[from] ability: Libero
|-damage|p1a: Cinderace|29/100
|inactive|Lasker has 90 seconds left.
|
|t:|1758278559
|switch|p2a: Pervert|Dragapult, M|68/100|[from] U-turn
|-damage|p2a: Pervert|56/100|[from] Stealth Rock
|
|upkeep
|turn|17
|inactive|Lasker has 90 seconds left.
|
|t:|1758278570
|move|p2a: Pervert|Flamethrower|p1a: Cinderace
|-damage|p1a: Cinderace|0 fnt
|faint|p1a: Cinderace
|
|upkeep
|
|t:|1758278574
|switch|p1a: Dragapult|Dragapult, M|100/100
|turn|18
|
|t:|1758278578
|move|p2a: Pervert|Flamethrower|p1a: Dragapult
|-resisted|p1a: Dragapult
|-damage|p1a: Dragapult|73/100
|move|p1a: Dragapult|Dragon Dance|p1a: Dragapult
|-boost|p1a: Dragapult|atk|1
|-boost|p1a: Dragapult|spe|1
|
|upkeep
|turn|19
|
|t:|1758278586
|move|p1a: Dragapult|Dragon Darts|p2a: Pervert
|-supereffective|p2a: Pervert
|-damage|p2a: Pervert|0 fnt
|faint|p2a: Pervert
|-damage|p1a: Dragapult|64/100|[from] item: Life Orb
|
|upkeep
|
|t:|1758278591
|switch|p2a: Wagallade|Iron Valiant|100/100
|-damage|p2a: Wagallade|94/100|[from] Stealth Rock
|turn|20
|
|t:|1758278602
|-terastallize|p2a: Wagallade|Steel
|move|p1a: Dragapult|Phantom Force||[still]
|-prepare|p1a: Dragapult|Phantom Force
|move|p2a: Wagallade|Spirit Break|p1a: Dragapult|[miss]
|-miss|p2a: Wagallade|p1a: Dragapult
|
|upkeep
|turn|21
|
|t:|1758278609
|move|p1a: Dragapult|Phantom Force|p2a: Wagallade|[from] lockedmove
|-damage|p2a: Wagallade|0 fnt
|faint|p2a: Wagallade
|-end|p2a: Wagallade|Quark Drive|[silent]
|-damage|p1a: Dragapult|54/100|[from] item: Life Orb
|
|upkeep
|-message|Lasker forfeited.
|
|win|ljdarkrai_meme
|raw|ljdarkrai_meme's rating: 1595 &rarr; <strong>1617</strong><br />(+22 for winning)
|raw|Lasker's rating: 1623 &rarr; <strong>1601</strong><br />(-22 for losing)
|l|☆Lasker
|player|p2|
|l|☆ljdarkrai_meme
|player|p1|
|l| wgw2333
