|j|☆LX1987
|j|☆jarrah1z
|t:|1758241609
|gametype|singles
|player|p1|LX1987|170|1362
|player|p2|jarrah1z|blue|1359
|gen|9
|tier|[Gen 9] OU
|rated|
|rule|HP Percentage Mod: HP is shown in percentages
|rule|Endless Battle Clause: Forcing endless battles is banned
|rule|Species Clause: Limit one of each Pokémon
|rule|OHKO Clause: OHKO moves are banned
|rule|Evasion Items Clause: Evasion items are banned
|rule|Evasion Moves Clause: Evasion moves are banned
|rule|Evasion Abilities Clause: Evasion abilities are banned
|rule|Sleep Moves Clause: Sleep-inducing moves are banned
|clearpoke
|poke|p1|Drifblim, M|
|poke|p1|Rillaboom, M|
|poke|p1|Tauros-Paldea-Blaze, M|
|poke|p1|Slowking, F|
|poke|p1|Muk-Alola, F|
|poke|p1|Donphan, L5, M|
|poke|p2|Pincurchin, F|
|poke|p2|Iron Valiant|
|poke|p2|Iron Treads|
|poke|p2|Iron Jugulis|
|poke|p2|Iron Crown|
|poke|p2|Iron Moth|
|teampreview
|
|t:|1758241621
|teamsize|p1|6
|teamsize|p2|6
|start
|switch|p1a: Donphan|Donphan, L5, M|100/100
|switch|p2a: Iron Crown|Iron Crown|100/100
|turn|1
|
|t:|1758241636
|switch|p1a: Slowking|Slowking, F|100/100
|move|p2a: Iron Crown|Electric Terrain|p2a: Iron Crown
|-fieldstart|move: Electric Terrain
|-activate|p2a: Iron Crown|ability: Quark Drive
|-start|p2a: Iron Crown|quarkdrivespe
|
|upkeep
|turn|2
|inactive|Battle timer is ON: inactive players will automatically lose when time's up. (requested by LX1987)
|
|t:|1758241646
|move|p2a: Iron Crown|Volt Switch|p1a: Slowking
|-supereffective|p1a: Slowking
|-damage|p1a: Slowking|73/100
|
|t:|1758241650
|-end|p2a: Iron Crown|Quark Drive|[silent]
|switch|p2a: Iron Jugulis|Iron Jugulis, shiny|100/100|[from] Volt Switch
|-activate|p2a: Iron Jugulis|ability: Quark Drive
|-start|p2a: Iron Jugulis|quarkdrivespe
|move|p1a: Slowking|Flamethrower|p2a: Iron Jugulis
|-damage|p2a: Iron Jugulis|71/100
|
|upkeep
|turn|3
|
|t:|1758241664
|switch|p1a: Rillaboom|Rillaboom, M|100/100
|-fieldstart|move: Grassy Terrain|[from] ability: Grassy Surge|[of] p1a: Rillaboom
|-end|p2a: Iron Jugulis|Quark Drive
|move|p2a: Iron Jugulis|Meteor Beam||[still]
|-prepare|p2a: Iron Jugulis|Meteor Beam
|-boost|p2a: Iron Jugulis|spa|1
|-enditem|p2a: Iron Jugulis|Power Herb
|-anim|p2a: Iron Jugulis|Meteor Beam|p1a: Rillaboom
|-damage|p1a: Rillaboom|16/100
|
|-heal|p1a: Rillaboom|22/100|[from] Grassy Terrain
|upkeep
|turn|4
|
|t:|1758241687
|switch|p1a: Muk|Muk-Alola, F|100/100
|move|p2a: Iron Jugulis|Air Slash|p1a: Muk
|-damage|p1a: Muk|54/100
|
|-heal|p1a: Muk|60/100|[from] Grassy Terrain
|-heal|p1a: Muk|66/100|[from] item: Black Sludge
|upkeep
|turn|5
|
|t:|1758241708
|move|p1a: Muk|Shadow Sneak|p2a: Iron Jugulis
|-resisted|p2a: Iron Jugulis
|-damage|p2a: Iron Jugulis|63/100
|move|p2a: Iron Jugulis|Earth Power|p1a: Muk
|-supereffective|p1a: Muk
|-damage|p1a: Muk|0 fnt
|faint|p1a: Muk
|
|upkeep
|
|t:|1758241721
|switch|p1a: Donphan|Donphan, L5, M|100/100
|turn|6
|
|t:|1758241735
|move|p2a: Iron Jugulis|Air Slash|p1a: Donphan
|-ability|p1a: Donphan|Sturdy
|-damage|p1a: Donphan|4/100
|move|p1a: Donphan|Endeavor|p2a: Iron Jugulis
|-damage|p2a: Iron Jugulis|1/100
|-heal|p1a: Donphan|100/100|[from] item: Shell Bell|[of] p2a: Iron Jugulis
|
|upkeep
|turn|7
|
|t:|1758241748
|move|p1a: Donphan|Ice Shard|p2a: Iron Jugulis
|-supereffective|p2a: Iron Jugulis
|-damage|p2a: Iron Jugulis|0 fnt
|faint|p2a: Iron Jugulis
|-end|p2a: Iron Jugulis|Quark Drive|[silent]
|
|-fieldend|move: Grassy Terrain
|upkeep
|l|☆jarrah1z
|inactive|jarrah1z disconnected and has a minute to reconnect!
|player|p2|
|j|☆jarrah1z
|inactive|jarrah1z reconnected and has 115 seconds left.
|player|p2|jarrah1z|blue|
|
|t:|1758241796
|switch|p2a: Iron Treads|Iron Treads, shiny|100/100
|turn|8
|
|t:|1758241805
|move|p2a: Iron Treads|Stealth Rock|p1a: Donphan
|-sidestart|p1: LX1987|move: Stealth Rock
|move|p1a: Donphan|Endeavor|p2a: Iron Treads
|-damage|p2a: Iron Treads|8/100
|
|upkeep
|turn|9
|inactive|jarrah1z has 90 seconds left.
|
|t:|1758241848
|-end|p2a: Iron Treads|Quark Drive|[silent]
|switch|p2a: Pincurchin|Pincurchin, F, shiny|100/100
|-fieldstart|move: Electric Terrain|[from] ability: Electric Surge|[of] p2a: Pincurchin
|move|p1a: Donphan|Endeavor|p2a: Pincurchin
|-damage|p2a: Pincurchin|9/100
|
|upkeep
|turn|10
|
|t:|1758241856
|move|p2a: Pincurchin|Scald|p1a: Donphan
|-supereffective|p1a: Donphan
|-ability|p1a: Donphan|Sturdy
|-damage|p1a: Donphan|4/100
|move|p1a: Donphan|Stealth Rock|p2a: Pincurchin
|-sidestart|p2: jarrah1z|move: Stealth Rock
|
|upkeep
|turn|11
|
|t:|1758241865
|move|p1a: Donphan|Ice Shard|p2a: Pincurchin
|-damage|p2a: Pincurchin|8/100
|-heal|p1a: Donphan|8/100|[from] item: Shell Bell|[of] p2a: Pincurchin
|move|p2a: Pincurchin|Scald|p1a: Donphan
|-supereffective|p1a: Donphan
|-damage|p1a: Donphan|0 fnt
|faint|p1a: Donphan
|
|upkeep
|
|t:|1758241877
|switch|p1a: Tauros|Tauros-Paldea-Blaze, M|100/100
|-ability|p1a: Tauros|Intimidate|boost
|-unboost|p2a: Pincurchin|atk|1
|turn|12
|inactive|jarrah1z has 90 seconds left.
|
|t:|1758241888
|move|p1a: Tauros|Raging Bull|p2a: Pincurchin
|-crit|p2a: Pincurchin
|-damage|p2a: Pincurchin|0 fnt
|faint|p2a: Pincurchin
|
|upkeep
|inactive|jarrah1z has 90 seconds left.
|
|t:|1758241903
|switch|p2a: Iron Valiant|Iron Valiant, shiny|100/100
|-damage|p2a: Iron Valiant|94/100|[from] Stealth Rock
|-activate|p2a: Iron Valiant|ability: Quark Drive
|-start|p2a: Iron Valiant|quarkdrivespe
|turn|13
|
|t:|1758241911
|switch|p1a: Slowking|Slowking, F|100/100
|-damage|p1a: Slowking|88/100|[from] Stealth Rock
|move|p2a: Iron Valiant|Swords Dance|p2a: Iron Valiant
|-boost|p2a: Iron Valiant|atk|2
|
|upkeep
|turn|14
|
|t:|1758241922
|move|p2a: Iron Valiant|Knock Off|p1a: Slowking
|-supereffective|p1a: Slowking
|-damage|p1a: Slowking|0 fnt
|-enditem|p1a: Slowking|Assault Vest|[from] move: Knock Off|[of] p2a: Iron Valiant
|faint|p1a: Slowking
|
|upkeep
|
|t:|1758241929
|switch|p1a: Rillaboom|Rillaboom, M|22/100
|-damage|p1a: Rillaboom|10/100|[from] Stealth Rock
|-fieldstart|move: Grassy Terrain|[from] ability: Grassy Surge|[of] p1a: Rillaboom
|-end|p2a: Iron Valiant|Quark Drive
|turn|15
|
|t:|1758241935
|move|p1a: Rillaboom|Grassy Glide|p2a: Iron Valiant
|-damage|p2a: Iron Valiant|20/100
|move|p2a: Iron Valiant|Knock Off|p1a: Rillaboom
|-damage|p1a: Rillaboom|0 fnt
|-enditem|p1a: Rillaboom|Choice Band|[from] move: Knock Off|[of] p2a: Iron Valiant
|faint|p1a: Rillaboom
|
|-heal|p2a: Iron Valiant|26/100|[from] Grassy Terrain
|upkeep
|
|t:|1758241946
|switch|p1a: Drifblim|Drifblim, M|100/100
|-damage|p1a: Drifblim|76/100|[from] Stealth Rock
|-enditem|p1a: Drifblim|Grassy Seed
|-boost|p1a: Drifblim|def|1|[from] item: Grassy Seed
|turn|16
|
|t:|1758241961
|-terastallize|p2a: Iron Valiant|Dark
|move|p1a: Drifblim|Strength Sap|p2a: Iron Valiant
|-unboost|p2a: Iron Valiant|atk|1
|-heal|p1a: Drifblim|100/100
|move|p2a: Iron Valiant|Knock Off|p1a: Drifblim
|-supereffective|p1a: Drifblim
|-damage|p1a: Drifblim|39/100
|
|-heal|p2a: Iron Valiant|32/100|[from] Grassy Terrain
|upkeep
|turn|17
|
|t:|1758241975
|-end|p2a: Iron Valiant|Quark Drive|[silent]
|switch|p2a: Iron Moth|Iron Moth, shiny|100/100
|-damage|p2a: Iron Moth|76/100|[from] Stealth Rock
|-item|p2a: Iron Moth|Air Balloon
|move|p1a: Drifblim|Strength Sap|p2a: Iron Moth
|-unboost|p2a: Iron Moth|atk|1
|-heal|p1a: Drifblim|75/100
|
|upkeep
|turn|18
|
|t:|1758241985
|move|p1a: Drifblim|Calm Mind|p1a: Drifblim
|-boost|p1a: Drifblim|spa|1
|-boost|p1a: Drifblim|spd|1
|move|p2a: Iron Moth|Fiery Dance|p1a: Drifblim
|-damage|p1a: Drifblim|46/100
|
|upkeep
|turn|19
|
|t:|1758241993
|move|p1a: Drifblim|Calm Mind|p1a: Drifblim
|-boost|p1a: Drifblim|spa|1
|-boost|p1a: Drifblim|spd|1
|move|p2a: Iron Moth|Fiery Dance|p1a: Drifblim
|-damage|p1a: Drifblim|24/100
|
|-fieldend|move: Grassy Terrain
|upkeep
|turn|20
|
|t:|1758242001
|move|p1a: Drifblim|Shadow Ball|p2a: Iron Moth
|-damage|p2a: Iron Moth|21/100
|-enditem|p2a: Iron Moth|Air Balloon
|move|p2a: Iron Moth|Fiery Dance|p1a: Drifblim
|-damage|p1a: Drifblim|3/100
|-boost|p2a: Iron Moth|spa|1
|
|upkeep
|turn|21
|
|t:|1758242011
|move|p1a: Drifblim|Shadow Ball|p2a: Iron Moth
|-damage|p2a: Iron Moth|0 fnt
|faint|p2a: Iron Moth
|-end|p2a: Iron Moth|Quark Drive|[silent]
|
|upkeep
|
|t:|1758242028
|switch|p2a: Iron Crown|Iron Crown|100/100
|-damage|p2a: Iron Crown|94/100|[from] Stealth Rock
|turn|22
|
|t:|1758242041
|move|p1a: Drifblim|Shadow Ball|p2a: Iron Crown
|-supereffective|p2a: Iron Crown
|-damage|p2a: Iron Crown|0 fnt
|faint|p2a: Iron Crown
|-end|p2a: Iron Crown|Quark Drive|[silent]
|
|upkeep
|
|t:|1758242043
|switch|p2a: Iron Valiant|Iron Valiant, shiny, tera:Dark|32/100
|-damage|p2a: Iron Valiant|20/100|[from] Stealth Rock
|turn|23
|
|t:|1758242060
|move|p1a: Drifblim|Strength Sap|p2a: Iron Valiant
|-unboost|p2a: Iron Valiant|atk|1
|-heal|p1a: Drifblim|84/100
|move|p2a: Iron Valiant|Knock Off|p1a: Drifblim
|-supereffective|p1a: Drifblim
|-damage|p1a: Drifblim|59/100
|
|upkeep
|turn|24
|
|t:|1758242070
|move|p1a: Drifblim|Shadow Ball|p2a: Iron Valiant
|-resisted|p2a: Iron Valiant
|-damage|p2a: Iron Valiant|0 fnt
|faint|p2a: Iron Valiant
|-end|p2a: Iron Valiant|Quark Drive|[silent]
|
|upkeep
|
|t:|1758242073
|switch|p2a: Iron Treads|Iron Treads, shiny|8/100
|turn|25
|
|t:|1758242080
|move|p1a: Drifblim|Tera Blast|p2a: Iron Treads
|-resisted|p2a: Iron Treads
|-damage|p2a: Iron Treads|0 fnt
|faint|p2a: Iron Treads
|-end|p2a: Iron Treads|Quark Drive|[silent]
|
|win|LX1987
|raw|LX1987's rating: 1362 &rarr; <strong>1382</strong><br />(+20 for winning)
|raw|jarrah1z's rating: 1359 &rarr; <strong>1339</strong><br />(-20 for losing)
|l|☆jarrah1z
|player|p2|
|j|☆jarrah1z
|player|p2|jarrah1z|blue|
|l|☆jarrah1z
|player|p2|
