|j|☆smashbros87878
|j|☆Drosophila_enjoyer
|t:|1758291441
|gametype|singles
|player|p1|smashbros87878|steven|1365
|player|p2|Drosophila_enjoyer|rocketgrunt|1434
|gen|9
|tier|[Gen 9] OU
|rated|
|rule|HP Percentage Mod: HP is shown in percentages
|rule|Endless Battle Clause: Forcing endless battles is banned
|rule|Species Clause: Limit one of each Pokémon
|rule|OHKO Clause: OHKO moves are banned
|rule|Evasion Items Clause: Evasion items are banned
|rule|Evasion Moves Clause: Evasion moves are banned
|rule|Evasion Abilities Clause: Evasion abilities are banned
|rule|Sleep Moves Clause: Sleep-inducing moves are banned
|clearpoke
|poke|p1|Walking Wake|
|poke|p1|Chansey, F|
|poke|p1|Great Tusk|
|poke|p1|Torkoal, F|
|poke|p1|Blaziken, F|
|poke|p1|Polteageist|
|poke|p2|Breloom, F|
|poke|p2|Bisharp, M|
|poke|p2|Regidrago|
|poke|p2|Maushold-Four|
|poke|p2|Armarouge, F|
|poke|p2|Magnezone|
|teampreview
|inactive|Battle timer is ON: inactive players will automatically lose when time's up. (requested by Drosophila_enjoyer)
|inactive|smashbros87878 also wants the timer to be on.
|
|t:|1758291449
|teamsize|p1|6
|teamsize|p2|6
|start
|switch|p1a: Torkoal|Torkoal, F|100/100
|switch|p2a: Magnezone|Magnezone|100/100
|-weather|SunnyDay|[from] ability: Drought|[of] p1a: Torkoal
|turn|1
|
|t:|1758291456
|move|p2a: Magnezone|Discharge|p1a: Torkoal
|-damage|p1a: Torkoal|36/100
|-status|p1a: Torkoal|par
|cant|p1a: Torkoal|par
|
|-weather|SunnyDay|[upkeep]
|upkeep
|turn|2
|
|t:|1758291464
|switch|p1a: Great Tusk|Great Tusk|100/100
|-activate|p1a: Great Tusk|ability: Protosynthesis
|-start|p1a: Great Tusk|protosynthesisatk
|move|p2a: Magnezone|Flash Cannon|p1a: Great Tusk
|-damage|p1a: Great Tusk|11/100
|
|-weather|SunnyDay|[upkeep]
|upkeep
|turn|3
|
|t:|1758291470
|-terastallize|p2a: Magnezone|Flying
|move|p1a: Great Tusk|Headlong Rush|p2a: Magnezone
|-immune|p2a: Magnezone
|move|p2a: Magnezone|Flash Cannon|p1a: Great Tusk
|-damage|p1a: Great Tusk|0 fnt
|faint|p1a: Great Tusk
|-end|p1a: Great Tusk|Protosynthesis|[silent]
|
|-weather|SunnyDay|[upkeep]
|upkeep
|
|t:|1758291475
|switch|p1a: Walking Wake|Walking Wake|100/100
|-activate|p1a: Walking Wake|ability: Protosynthesis
|-start|p1a: Walking Wake|protosynthesisspe
|turn|4
|
|t:|1758291478
|move|p1a: Walking Wake|Hydro Steam|p2a: Magnezone
|-crit|p2a: Magnezone
|-damage|p2a: Magnezone|10/100
|move|p2a: Magnezone|Discharge|p1a: Walking Wake
|-damage|p1a: Walking Wake|29/100
|
|-weather|SunnyDay|[upkeep]
|upkeep
|turn|5
|
|t:|1758291485
|move|p1a: Walking Wake|Hydro Steam|p2a: Magnezone
|-damage|p2a: Magnezone|0 fnt
|faint|p2a: Magnezone
|
|-weather|SunnyDay|[upkeep]
|upkeep
|c|☆Drosophila_enjoyer|Lucky crit
|
|t:|1758291497
|switch|p2a: Breloom|Breloom, F|100/100
|turn|6
|c|☆smashbros87878|bro not like that mattered
|
|t:|1758291515
|-end|p1a: Walking Wake|Protosynthesis|[silent]
|switch|p1a: Torkoal|Torkoal, F|36/100 par
|move|p2a: Breloom|Mach Punch|p1a: Torkoal
|-damage|p1a: Torkoal|18/100 par
|
|-weather|SunnyDay|[upkeep]
|upkeep
|turn|7
|
|t:|1758291534
|switch|p1a: Polteageist|Polteageist|100/100
|move|p2a: Breloom|Mach Punch|p1a: Polteageist
|-immune|p1a: Polteageist
|
|-weather|SunnyDay|[upkeep]
|upkeep
|turn|8
|
|t:|1758291549
|move|p2a: Breloom|Bullet Seed|p1a: Polteageist
|-damage|p1a: Polteageist|63/100
|-ability|p1a: Polteageist|Weak Armor|boost
|-unboost|p1a: Polteageist|def|1
|-boost|p1a: Polteageist|spe|2
|-damage|p1a: Polteageist|6/100
|-ability|p1a: Polteageist|Weak Armor|boost
|-unboost|p1a: Polteageist|def|1
|-boost|p1a: Polteageist|spe|2
|-damage|p1a: Polteageist|0 fnt
|faint|p1a: Polteageist
|-hitcount|p1: Polteageist|3
|
|-weather|none
|upkeep
|
|t:|1758291560
|switch|p1a: Blaziken|Blaziken, F|100/100
|turn|9
|
|t:|1758291565
|move|p2a: Breloom|Rock Tomb|p1a: Blaziken
|-damage|p1a: Blaziken|50/100
|-unboost|p1a: Blaziken|spe|1
|move|p1a: Blaziken|Blaze Kick|p2a: Breloom
|-supereffective|p2a: Breloom
|-damage|p2a: Breloom|0 fnt
|faint|p2a: Breloom
|
|-ability|p1a: Blaziken|Speed Boost|boost
|-boost|p1a: Blaziken|spe|1
|upkeep
|
|t:|1758291574
|switch|p2a: Maushold|Maushold-Four|100/100
|turn|10
|
|t:|1758291578
|move|p2a: Maushold|Tidy Up|p2a: Maushold
|-boost|p2a: Maushold|atk|1
|-boost|p2a: Maushold|spe|1
|move|p1a: Blaziken|Blaze Kick|p2a: Maushold
|-damage|p2a: Maushold|23/100
|
|-ability|p1a: Blaziken|Speed Boost|boost
|-boost|p1a: Blaziken|spe|1
|upkeep
|turn|11
|
|t:|1758291584
|switch|p1a: Torkoal|Torkoal, F|18/100 par
|-weather|SunnyDay|[from] ability: Drought|[of] p1a: Torkoal
|move|p2a: Maushold|Population Bomb|p1a: Torkoal
|-damage|p1a: Torkoal|8/100 par
|-damage|p1a: Torkoal|0 fnt
|faint|p1a: Torkoal
|-hitcount|p1: Torkoal|2
|
|-weather|SunnyDay|[upkeep]
|upkeep
|
|t:|1758291586
|switch|p1a: Chansey|Chansey, F|100/100
|turn|12
|
|t:|1758291591
|-terastallize|p1a: Chansey|Ghost
|move|p2a: Maushold|Population Bomb|p1a: Chansey
|-immune|p1a: Chansey
|move|p1a: Chansey|Thunder Wave|p2a: Maushold
|-status|p2a: Maushold|par
|
|-weather|SunnyDay|[upkeep]
|upkeep
|turn|13
|
|t:|1758291597
|move|p2a: Maushold|Encore|p1a: Chansey
|-start|p1a: Chansey|Encore
|move|p1a: Chansey|Thunder Wave|p2a: Maushold
|-fail|p2a: Maushold|par
|
|-weather|SunnyDay|[upkeep]
|upkeep
|turn|14
|
|t:|1758291604
|switch|p1a: Blaziken|Blaziken, F|50/100
|move|p2a: Maushold|Tidy Up|p2a: Maushold
|-boost|p2a: Maushold|atk|1
|-boost|p2a: Maushold|spe|1
|
|-weather|SunnyDay|[upkeep]
|upkeep
|turn|15
|
|t:|1758291609
|move|p2a: Maushold|Population Bomb|p1a: Blaziken
|-damage|p1a: Blaziken|19/100
|-damage|p1a: Blaziken|0 fnt
|faint|p1a: Blaziken
|-hitcount|p1: Blaziken|2
|
|-weather|SunnyDay|[upkeep]
|upkeep
|
|t:|1758291611
|switch|p1a: Walking Wake|Walking Wake|29/100
|-activate|p1a: Walking Wake|ability: Protosynthesis
|-start|p1a: Walking Wake|protosynthesisspe
|turn|16
|
|t:|1758291614
|move|p1a: Walking Wake|Hydro Steam|p2a: Maushold
|-damage|p2a: Maushold|0 fnt
|faint|p2a: Maushold
|
|-weather|SunnyDay|[upkeep]
|upkeep
|
|t:|1758291616
|switch|p2a: Bisharp|Bisharp, M|100/100
|turn|17
|
|t:|1758291621
|move|p2a: Bisharp|Sucker Punch|p1a: Walking Wake
|-damage|p1a: Walking Wake|0 fnt
|faint|p1a: Walking Wake
|-end|p1a: Walking Wake|Protosynthesis|[silent]
|
|-weather|SunnyDay|[upkeep]
|upkeep
|
|t:|1758291624
|switch|p1a: Chansey|Chansey, F, tera:Ghost|100/100
|turn|18
|
|t:|1758291632
|move|p2a: Bisharp|Swords Dance|p2a: Bisharp
|-boost|p2a: Bisharp|atk|2
|move|p1a: Chansey|Thunder Wave|p2a: Bisharp
|-status|p2a: Bisharp|par
|
|-weather|none
|upkeep
|turn|19
|
|t:|1758291639
|move|p1a: Chansey|Thunder Wave|p2a: Bisharp
|-fail|p2a: Bisharp|par
|cant|p2a: Bisharp|par
|
|upkeep
|turn|20
|
|t:|1758291644
|move|p1a: Chansey|Seismic Toss|p2a: Bisharp
|-damage|p2a: Bisharp|71/100 par
|cant|p2a: Bisharp|par
|
|upkeep
|turn|21
|
|t:|1758291649
|move|p1a: Chansey|Heal Bell||[still]
|-activate|p1a: Chansey|move: Heal Bell
|-fail|p1a: Chansey
|cant|p2a: Bisharp|par
|
|upkeep
|turn|22
|c|☆smashbros87878|wait what
|c|☆Drosophila_enjoyer|YOU SURE LUCK DOESNT MATTER ???
|
|t:|1758291666
|move|p2a: Bisharp|Sucker Punch|p1a: Chansey
|-supereffective|p1a: Chansey
|-crit|p1a: Chansey
|-damage|p1a: Chansey|0 fnt
|faint|p1a: Chansey
|
|win|Drosophila_enjoyer
|raw|smashbros87878's rating: 1365 &rarr; <strong>1349</strong><br />(-16 for losing)
|raw|Drosophila_enjoyer's rating: 1434 &rarr; <strong>1450</strong><br />(+16 for winning)
|c|☆Drosophila_enjoyer|Weirdest game
|c|☆smashbros87878|not that
|c|☆Drosophila_enjoyer|I ever do
|c|☆smashbros87878|no suckerpunch mindplay?
|l|☆smashbros87878
|player|p1|
|c|☆Drosophila_enjoyer|Nope too soon to go on suckered play
|l|☆Drosophila_enjoyer
|player|p2|
