|j|☆Modgrols
|j|☆va_cyclone
|t:|1758234654
|gametype|singles
|player|p1|Modgrols|scientist-gen4dp|1196
|player|p2|va_cyclone|dawn|1168
|gen|9
|tier|[Gen 9] OU
|rated|
|rule|HP Percentage Mod: HP is shown in percentages
|rule|Endless Battle Clause: Forcing endless battles is banned
|rule|Species Clause: Limit one of each Pokémon
|rule|OHKO Clause: OHKO moves are banned
|rule|Evasion Items Clause: Evasion items are banned
|rule|Evasion Moves Clause: Evasion moves are banned
|rule|Evasion Abilities Clause: Evasion abilities are banned
|rule|Sleep Moves Clause: Sleep-inducing moves are banned
|clearpoke
|poke|p1|Electrode-Hisui|
|poke|p1|Gallade, M|
|poke|p1|Slowking-Galar, M|
|poke|p1|Alomomola, F|
|poke|p1|Great Tusk|
|poke|p1|Landorus-Therian, M|
|poke|p2|Ogerpon-Wellspring, F|
|poke|p2|Toxapex, M|
|poke|p2|Yanmega, M|
|poke|p2|Minior|
|poke|p2|Garganacl, F|
|poke|p2|Veluza, F|
|teampreview
|inactive|Battle timer is ON: inactive players will automatically lose when time's up. (requested by va_cyclone)
|
|t:|1758234668
|teamsize|p1|6
|teamsize|p2|6
|start
|switch|p1a: Electrode|Electrode-Hisui, shiny|100/100
|switch|p2a: Garganacl|Garganacl, F|100/100
|turn|1
|
|t:|1758234675
|move|p1a: Electrode|Leaf Storm|p2a: Garganacl
|-supereffective|p2a: Garganacl
|-damage|p2a: Garganacl|0 fnt
|-unboost|p1a: Electrode|spa|2
|faint|p2a: Garganacl
|
|upkeep
|l|☆va_cyclone
|inactive|va_cyclone disconnected and has a minute to reconnect!
|player|p2|
|j|☆va_cyclone
|inactive|va_cyclone reconnected and has 125 seconds left.
|player|p2|va_cyclone|dawn|
|l|☆Modgrols
|inactive|Modgrols disconnected and has a minute to reconnect!
|player|p1|
|
|t:|1758234704
|switch|p2a: Yanmega|Yanmega, M|100/100
|turn|2
|j|☆Modgrols
|inactive|Modgrols reconnected and has 140 seconds left.
|player|p1|Modgrols|scientist-gen4dp|
|
|t:|1758234723
|switch|p1a: Slowking|Slowking-Galar, M|100/100
|move|p2a: Yanmega|Bug Buzz|p1a: Slowking
|-damage|p1a: Slowking|72/100
|-enditem|p2a: Yanmega|Throat Spray
|-boost|p2a: Yanmega|spa|1|[from] item: Throat Spray
|
|-ability|p2a: Yanmega|Speed Boost|boost
|-boost|p2a: Yanmega|spe|1
|upkeep
|turn|3
|l|☆va_cyclone
|inactive|va_cyclone disconnected and has a minute to reconnect!
|player|p2|
|j|☆va_cyclone
|inactive|va_cyclone reconnected and has 130 seconds left.
|player|p2|va_cyclone|dawn|
|
|t:|1758234748
|-terastallize|p2a: Yanmega|Ground
|move|p2a: Yanmega|Tera Blast|p1a: Slowking|[anim] Tera Blast Ground
|-supereffective|p1a: Slowking
|-damage|p1a: Slowking|4/100
|move|p1a: Slowking|Toxic|p2a: Yanmega
|-status|p2a: Yanmega|tox
|
|-damage|p2a: Yanmega|94/100 tox|[from] psn
|-ability|p2a: Yanmega|Speed Boost|boost
|-boost|p2a: Yanmega|spe|1
|upkeep
|turn|4
|
|t:|1758234761
|switch|p1a: Landorus|Landorus-Therian, M|100/100
|-ability|p1a: Landorus|Intimidate|boost
|-unboost|p2a: Yanmega|atk|1
|move|p2a: Yanmega|Tera Blast|p1a: Landorus|[anim] Tera Blast Ground
|-immune|p1a: Landorus
|
|-damage|p2a: Yanmega|82/100 tox|[from] psn
|-ability|p2a: Yanmega|Speed Boost|boost
|-boost|p2a: Yanmega|spe|1
|upkeep
|turn|5
|
|t:|1758234771
|move|p2a: Yanmega|Air Slash|p1a: Landorus
|-damage|p1a: Landorus|35/100
|move|p1a: Landorus|U-turn|p2a: Yanmega
|-damage|p2a: Yanmega|56/100 tox
|
|t:|1758234776
|switch|p1a: Slowking|Slowking-Galar, M|37/100|[from] U-turn
|
|-damage|p2a: Yanmega|38/100 tox|[from] psn
|-ability|p2a: Yanmega|Speed Boost|boost
|-boost|p2a: Yanmega|spe|1
|upkeep
|turn|6
|
|t:|1758234785
|switch|p1a: Landorus|Landorus-Therian, M|35/100
|-ability|p1a: Landorus|Intimidate|boost
|-unboost|p2a: Yanmega|atk|1
|move|p2a: Yanmega|Bug Buzz|p1a: Landorus
|-resisted|p1a: Landorus
|-damage|p1a: Landorus|0 fnt
|faint|p1a: Landorus
|
|-damage|p2a: Yanmega|13/100 tox|[from] psn
|-ability|p2a: Yanmega|Speed Boost|boost
|-boost|p2a: Yanmega|spe|1
|upkeep
|
|t:|1758234797
|switch|p1a: Alomomola|Alomomola, F, shiny|100/100
|turn|7
|
|t:|1758234801
|move|p2a: Yanmega|Air Slash|p1a: Alomomola
|-damage|p1a: Alomomola|27/100
|move|p1a: Alomomola|Flip Turn|p2a: Yanmega
|-supereffective|p2a: Yanmega
|-damage|p2a: Yanmega|0 fnt
|faint|p2a: Yanmega
|
|t:|1758234808
|switch|p1a: Electrode|Electrode-Hisui, shiny|100/100|[from] Flip Turn
|
|upkeep
|
|t:|1758234815
|switch|p2a: Ogerpon|Ogerpon-Wellspring, F|100/100
|turn|8
|
|t:|1758234825
|move|p1a: Electrode|Volt Switch|p2a: Ogerpon
|-damage|p2a: Ogerpon|58/100
|
|t:|1758234829
|switch|p1a: Slowking|Slowking-Galar, M|70/100|[from] Volt Switch
|move|p2a: Ogerpon|U-turn|p1a: Slowking
|-damage|p1a: Slowking|41/100
|
|t:|1758234835
|switch|p2a: Veluza|Veluza, F|100/100|[from] U-turn
|-ability|p2a: Veluza|Mold Breaker
|
|upkeep
|turn|9
|
|t:|1758234843
|move|p2a: Veluza|Psychic Fangs|p1a: Slowking
|-damage|p1a: Slowking|8/100
|move|p1a: Slowking|Toxic|p2a: Veluza
|-status|p2a: Veluza|tox
|
|-damage|p2a: Veluza|94/100 tox|[from] psn
|upkeep
|turn|10
|
|t:|1758234852
|switch|p1a: Alomomola|Alomomola, F, shiny|61/100
|move|p2a: Veluza|Psychic Fangs|p1a: Alomomola
|-damage|p1a: Alomomola|46/100
|
|-damage|p2a: Veluza|82/100 tox|[from] psn
|upkeep
|turn|11
|
|t:|1758234862
|switch|p2a: Ogerpon|Ogerpon-Wellspring, F|58/100
|move|p1a: Alomomola|Wish|p1a: Alomomola
|
|upkeep
|turn|12
|
|t:|1758234867
|switch|p1a: Slowking|Slowking-Galar, M|42/100
|move|p2a: Ogerpon|Horn Leech|p1a: Slowking
|-resisted|p1a: Slowking
|-damage|p1a: Slowking|19/100
|-heal|p2a: Ogerpon|73/100|[from] drain|[of] p1a: Slowking
|
|-heal|p1a: Slowking|86/100|[from] move: Wish|[wisher] Alomomola
|upkeep
|turn|13
|
|t:|1758234878
|move|p2a: Ogerpon|Ivy Cudgel|p1a: Slowking|[anim] Ivy Cudgel Water
|-damage|p1a: Slowking|30/100
|move|p1a: Slowking|Sludge Bomb|p2a: Ogerpon
|-supereffective|p2a: Ogerpon
|-damage|p2a: Ogerpon|0 fnt
|faint|p2a: Ogerpon
|
|upkeep
|
|t:|1758234885
|switch|p2a: Minior|Minior|100/100
|-formechange|p2a: Minior|Minior-Meteor||[from] ability: Shields Down
|turn|14
|
|t:|1758234890
|move|p2a: Minior|Shell Smash|p2a: Minior
|-unboost|p2a: Minior|def|1
|-unboost|p2a: Minior|spd|1
|-boost|p2a: Minior|atk|2
|-boost|p2a: Minior|spa|2
|-boost|p2a: Minior|spe|2
|-enditem|p2a: Minior|White Herb
|-clearnegativeboost|p2a: Minior|[silent]
|move|p1a: Slowking|Toxic|p2a: Minior
|-immune|p2a: Minior|[from] ability: Shields Down
|
|upkeep
|turn|15
|
|t:|1758234903
|move|p2a: Minior|Earthquake|p1a: Slowking
|-supereffective|p1a: Slowking
|-damage|p1a: Slowking|0 fnt
|faint|p1a: Slowking
|
|upkeep
|
|t:|1758234912
|switch|p1a: Alomomola|Alomomola, F, shiny|79/100
|turn|16
|
|t:|1758234917
|move|p2a: Minior|Acrobatics|p1a: Alomomola
|-damage|p1a: Alomomola|42/100
|move|p1a: Alomomola|Flip Turn|p2a: Minior
|-supereffective|p2a: Minior
|-damage|p2a: Minior|62/100
|
|t:|1758234926
|switch|p1a: Great Tusk|Great Tusk|100/100|[from] Flip Turn
|
|upkeep
|turn|17
|
|t:|1758234934
|-terastallize|p1a: Great Tusk|Ground
|move|p2a: Minior|Acrobatics|p1a: Great Tusk
|-damage|p1a: Great Tusk|51/100
|move|p1a: Great Tusk|Head Smash|p2a: Minior
|-supereffective|p2a: Minior
|-damage|p2a: Minior|0 fnt
|faint|p2a: Minior
|-damage|p1a: Great Tusk|27/100|[from] Recoil
|
|upkeep
|
|t:|1758234938
|switch|p2a: Toxapex|Toxapex, M|100/100
|turn|18
|-message|va_cyclone forfeited.
|
|win|Modgrols
|raw|Modgrols's rating: 1196 &rarr; <strong>1219</strong><br />(+23 for winning)
|raw|va_cyclone's rating: 1168 &rarr; <strong>1145</strong><br />(-23 for losing)
|l|☆va_cyclone
|player|p2|
