|j|☆pvc31
|j|☆javiconb
|t:|1758270756
|gametype|singles
|player|p1|pvc31|n|1175
|player|p2|javiconb|266|1215
|gen|9
|tier|[Gen 9] OU
|rated|
|rule|HP Percentage Mod: HP is shown in percentages
|rule|Endless Battle Clause: Forcing endless battles is banned
|rule|Species Clause: Limit one of each Pokémon
|rule|OHKO Clause: OHKO moves are banned
|rule|Evasion Items Clause: Evasion items are banned
|rule|Evasion Moves Clause: Evasion moves are banned
|rule|Evasion Abilities Clause: Evasion abilities are banned
|rule|Sleep Moves Clause: Sleep-inducing moves are banned
|clearpoke
|poke|p1|Serperior, M|
|poke|p1|Hydreigon, F|
|poke|p1|Chandelure, F|
|poke|p1|Corviknight, M|
|poke|p1|Great Tusk|
|poke|p1|Milotic, F|
|poke|p2|Latios, M|
|poke|p2|Rotom-Wash|
|poke|p2|Gholdengo|
|poke|p2|Ting-Lu|
|poke|p2|Iron Valiant|
|poke|p2|Hydreigon, F|
|teampreview
|inactive|Battle timer is ON: inactive players will automatically lose when time's up. (requested by javiconb)
|
|t:|1758270785
|teamsize|p1|6
|teamsize|p2|6
|start
|switch|p1a: Corviknight|Corviknight, M|100/100
|switch|p2a: Latios|Latios, M|100/100
|turn|1
|
|t:|1758270807
|move|p2a: Latios|Trick|p1a: Corviknight
|-activate|p2a: Latios|move: Trick|[of] p1a: Corviknight
|-item|p1a: Corviknight|Choice Scarf|[from] move: Trick
|-item|p2a: Latios|Rocky Helmet|[from] move: Trick
|move|p1a: Corviknight|Tailwind|p1a: Corviknight
|-sidestart|p1: pvc31|move: Tailwind
|
|upkeep
|turn|2
|
|t:|1758270826
|switch|p1a: Milotic|Milotic, F|100/100
|move|p2a: Latios|Flip Turn|p1a: Milotic
|-resisted|p1a: Milotic
|-damage|p1a: Milotic|96/100
|
|t:|1758270837
|switch|p2a: Rotom|Rotom-Wash|100/100|[from] Flip Turn
|
|-status|p1a: Milotic|brn|[from] item: Flame Orb
|upkeep
|turn|3
|
|t:|1758270845
|move|p1a: Milotic|Light Screen|p1a: Milotic
|-sidestart|p1: pvc31|move: Light Screen
|move|p2a: Rotom|Volt Switch|p1a: Milotic
|-supereffective|p1a: Milotic
|-damage|p1a: Milotic|78/100 brn
|
|t:|1758270864
|switch|p2a: Gholdengo|Gholdengo|100/100|[from] Volt Switch
|-item|p2a: Gholdengo|Air Balloon
|
|-damage|p1a: Milotic|72/100 brn|[from] brn
|upkeep
|turn|4
|
|t:|1758270874
|move|p1a: Milotic|Scald|p2a: Gholdengo
|-damage|p2a: Gholdengo|74/100
|-enditem|p2a: Gholdengo|Air Balloon
|move|p2a: Gholdengo|Hex|p1a: Milotic
|-damage|p1a: Milotic|53/100 brn
|
|-damage|p1a: Milotic|47/100 brn|[from] brn
|-sideend|p1: pvc31|move: Tailwind
|upkeep
|turn|5
|
|t:|1758270888
|move|p2a: Gholdengo|Hex|p1a: Milotic
|-damage|p1a: Milotic|25/100 brn
|move|p1a: Milotic|Scald|p2a: Gholdengo
|-damage|p2a: Gholdengo|48/100
|-status|p2a: Gholdengo|brn
|
|-damage|p2a: Gholdengo|42/100 brn|[from] brn
|-damage|p1a: Milotic|19/100 brn|[from] brn
|upkeep
|turn|6
|inactive|pvc31 has 120 seconds left.
|
|t:|1758270922
|switch|p1a: Hydreigon|Hydreigon, F, shiny|100/100
|move|p2a: Gholdengo|Recover|p2a: Gholdengo
|-heal|p2a: Gholdengo|92/100 brn
|
|-damage|p2a: Gholdengo|86/100 brn|[from] brn
|upkeep
|turn|7
|inactive|javiconb has 120 seconds left.
|
|t:|1758270962
|switch|p2a: Ting-Lu|Ting-Lu|100/100
|-ability|p2a: Ting-Lu|Vessel of Ruin
|move|p1a: Hydreigon|Dark Pulse|p2a: Ting-Lu
|-resisted|p2a: Ting-Lu
|-damage|p2a: Ting-Lu|92/100
|
|-heal|p2a: Ting-Lu|98/100|[from] item: Leftovers
|-sideend|p1: pvc31|move: Light Screen
|upkeep
|turn|8
|inactive|pvc31 has 120 seconds left.
|
|t:|1758270994
|switch|p1a: Corviknight|Corviknight, M|100/100
|move|p2a: Ting-Lu|Stealth Rock|p1a: Corviknight
|-sidestart|p1: pvc31|move: Stealth Rock
|
|-heal|p2a: Ting-Lu|100/100|[from] item: Leftovers
|upkeep
|turn|9
|inactive|javiconb has 120 seconds left.
|
|t:|1758271016
|move|p1a: Corviknight|Brave Bird|p2a: Ting-Lu
|-damage|p2a: Ting-Lu|79/100
|-damage|p1a: Corviknight|91/100|[from] Recoil
|move|p2a: Ting-Lu|Ruination|p1a: Corviknight
|-damage|p1a: Corviknight|46/100
|
|-heal|p2a: Ting-Lu|86/100|[from] item: Leftovers
|upkeep
|turn|10
|
|t:|1758271036
|switch|p1a: Great Tusk|Great Tusk|100/100
|-damage|p1a: Great Tusk|98/100|[from] Stealth Rock
|-enditem|p1a: Great Tusk|Booster Energy
|-activate|p1a: Great Tusk|ability: Protosynthesis|[fromitem]
|-start|p1a: Great Tusk|protosynthesisatk
|move|p2a: Ting-Lu|Whirlwind|p1a: Great Tusk
|-end|p1a: Great Tusk|Protosynthesis|[silent]
|drag|p1a: Corviknight|Corviknight, M|46/100
|-damage|p1a: Corviknight|34/100|[from] Stealth Rock
|
|-heal|p2a: Ting-Lu|92/100|[from] item: Leftovers
|upkeep
|turn|11
|
|t:|1758271049
|move|p1a: Corviknight|Roost|p1a: Corviknight
|-heal|p1a: Corviknight|84/100
|-singleturn|p1a: Corviknight|move: Roost
|move|p2a: Ting-Lu|Whirlwind|p1a: Corviknight
|drag|p1a: Hydreigon|Hydreigon, F, shiny|100/100
|-damage|p1a: Hydreigon|88/100|[from] Stealth Rock
|
|-heal|p2a: Ting-Lu|98/100|[from] item: Leftovers
|upkeep
|turn|12
|
|t:|1758271063
|move|p1a: Hydreigon|Draco Meteor|p2a: Ting-Lu
|-damage|p2a: Ting-Lu|72/100
|-unboost|p1a: Hydreigon|spa|2
|move|p2a: Ting-Lu|Ruination|p1a: Hydreigon
|-damage|p1a: Hydreigon|44/100
|
|-heal|p2a: Ting-Lu|78/100|[from] item: Leftovers
|upkeep
|turn|13
|inactive|pvc31 has 90 seconds left.
|
|t:|1758271086
|switch|p1a: Great Tusk|Great Tusk|98/100
|-damage|p1a: Great Tusk|95/100|[from] Stealth Rock
|move|p2a: Ting-Lu|Whirlwind|p1a: Great Tusk
|-end|p1a: Great Tusk|Protosynthesis|[silent]
|drag|p1a: Hydreigon|Hydreigon, F, shiny|44/100
|-damage|p1a: Hydreigon|32/100|[from] Stealth Rock
|
|-heal|p2a: Ting-Lu|84/100|[from] item: Leftovers
|upkeep
|turn|14
|inactive|pvc31 has 90 seconds left.
|inactive|javiconb has 120 seconds left.
|
|t:|1758271104
|move|p1a: Hydreigon|Draco Meteor|p2a: Ting-Lu
|-damage|p2a: Ting-Lu|59/100
|-unboost|p1a: Hydreigon|spa|2
|move|p2a: Ting-Lu|Whirlwind|p1a: Hydreigon
|drag|p1a: Great Tusk|Great Tusk|95/100
|-damage|p1a: Great Tusk|92/100|[from] Stealth Rock
|
|-heal|p2a: Ting-Lu|65/100|[from] item: Leftovers
|upkeep
|turn|15
|inactive|javiconb has 120 seconds left.
|
|t:|1758271116
|move|p1a: Great Tusk|Rapid Spin|p2a: Ting-Lu
|-damage|p2a: Ting-Lu|56/100
|-boost|p1a: Great Tusk|spe|1
|-sideend|p1: pvc31|Stealth Rock|[from] move: Rapid Spin|[of] p1a: Great Tusk
|move|p2a: Ting-Lu|Ruination|p1a: Great Tusk
|-damage|p1a: Great Tusk|46/100
|
|-heal|p2a: Ting-Lu|62/100|[from] item: Leftovers
|upkeep
|turn|16
|
|t:|1758271130
|move|p1a: Great Tusk|Close Combat|p2a: Ting-Lu
|-supereffective|p2a: Ting-Lu
|-damage|p2a: Ting-Lu|0 fnt
|-unboost|p1a: Great Tusk|def|1
|-unboost|p1a: Great Tusk|spd|1
|faint|p2a: Ting-Lu
|
|upkeep
|inactive|javiconb has 120 seconds left.
|
|t:|1758271157
|switch|p2a: Rotom|Rotom-Wash|100/100
|turn|17
|inactive|pvc31 has 90 seconds left.
|
|t:|1758271170
|move|p1a: Great Tusk|Close Combat|p2a: Rotom
|-damage|p2a: Rotom|49/100
|-unboost|p1a: Great Tusk|def|1
|-unboost|p1a: Great Tusk|spd|1
|move|p2a: Rotom|Will-O-Wisp|p1a: Great Tusk
|-status|p1a: Great Tusk|brn
|
|-heal|p2a: Rotom|55/100|[from] item: Leftovers
|-damage|p1a: Great Tusk|40/100 brn|[from] brn
|upkeep
|turn|18
|inactive|pvc31 has 90 seconds left.
|
|t:|1758271186
|move|p1a: Great Tusk|Rock Slide|p2a: Rotom
|-damage|p2a: Rotom|44/100
|move|p2a: Rotom|Hydro Pump|p1a: Great Tusk|[miss]
|-miss|p2a: Rotom|p1a: Great Tusk
|
|-heal|p2a: Rotom|50/100|[from] item: Leftovers
|-damage|p1a: Great Tusk|34/100 brn|[from] brn
|upkeep
|turn|19
|
|t:|1758271204
|-end|p1a: Great Tusk|Protosynthesis|[silent]
|switch|p1a: Corviknight|Corviknight, M|84/100
|move|p2a: Rotom|Hydro Pump|p1a: Corviknight
|-damage|p1a: Corviknight|44/100
|
|-heal|p2a: Rotom|56/100|[from] item: Leftovers
|upkeep
|turn|20
|
|t:|1758271215
|move|p1a: Corviknight|Tailwind|p1a: Corviknight
|-sidestart|p1: pvc31|move: Tailwind
|move|p2a: Rotom|Volt Switch|p1a: Corviknight
|-supereffective|p1a: Corviknight
|-damage|p1a: Corviknight|0 fnt
|faint|p1a: Corviknight
|
|t:|1758271235
|switch|p2a: Gholdengo|Gholdengo|86/100 brn|[from] Volt Switch
|
|-damage|p2a: Gholdengo|80/100 brn|[from] brn
|upkeep
|
|t:|1758271246
|switch|p1a: Milotic|Milotic, F|19/100 brn
|turn|21
|
|t:|1758271257
|move|p1a: Milotic|Recover|p1a: Milotic
|-heal|p1a: Milotic|69/100 brn
|move|p2a: Gholdengo|Hex|p1a: Milotic
|-damage|p1a: Milotic|29/100 brn
|
|-damage|p1a: Milotic|23/100 brn|[from] brn
|-damage|p2a: Gholdengo|74/100 brn|[from] brn
|upkeep
|turn|22
|inactive|pvc31 has 90 seconds left.
|
|t:|1758271284
|move|p1a: Milotic|Light Screen|p1a: Milotic
|-sidestart|p1: pvc31|move: Light Screen
|move|p2a: Gholdengo|Hex|p1a: Milotic
|-damage|p1a: Milotic|1/100 brn
|
|-damage|p1a: Milotic|0 fnt|[from] brn
|faint|p1a: Milotic
|-damage|p2a: Gholdengo|67/100 brn|[from] brn
|upkeep
|
|t:|1758271294
|switch|p1a: Serperior|Serperior, M|100/100
|turn|23
|inactive|javiconb has 90 seconds left.
|
|t:|1758271328
|move|p1a: Serperior|Leaf Storm|p2a: Gholdengo
|-resisted|p2a: Gholdengo
|-damage|p2a: Gholdengo|44/100 brn
|-boost|p1a: Serperior|spa|2
|move|p2a: Gholdengo|Hex|p1a: Serperior
|-damage|p1a: Serperior|84/100
|
|-heal|p1a: Serperior|90/100|[from] item: Leftovers
|-damage|p2a: Gholdengo|38/100 brn|[from] brn
|-sideend|p1: pvc31|move: Tailwind
|upkeep
|turn|24
|
|t:|1758271341
|move|p1a: Serperior|Leaf Storm|p2a: Gholdengo
|-resisted|p2a: Gholdengo
|-damage|p2a: Gholdengo|0 fnt
|-boost|p1a: Serperior|spa|2
|faint|p2a: Gholdengo
|
|-heal|p1a: Serperior|96/100|[from] item: Leftovers
|upkeep
|inactive|javiconb has 90 seconds left.
|
|t:|1758271376
|switch|p2a: Rotom|Rotom-Wash|56/100
|turn|25
|
|t:|1758271384
|move|p1a: Serperior|Leaf Storm|p2a: Rotom
|-supereffective|p2a: Rotom
|-damage|p2a: Rotom|0 fnt
|-boost|p1a: Serperior|spa|2
|faint|p2a: Rotom
|
|-heal|p1a: Serperior|100/100|[from] item: Leftovers
|upkeep
|
|t:|1758271401
|switch|p2a: Latios|Latios, M|100/100
|turn|26
|inactive|pvc31 has 90 seconds left.
|
|t:|1758271421
|move|p1a: Serperior|Glare|p2a: Latios
|-status|p2a: Latios|par
|move|p2a: Latios|Draco Meteor|p1a: Serperior
|-damage|p1a: Serperior|60/100
|-unboost|p2a: Latios|spa|2
|
|-heal|p1a: Serperior|66/100|[from] item: Leftovers
|-sideend|p1: pvc31|move: Light Screen
|upkeep
|turn|27
|inactive|pvc31 has 90 seconds left.
|
|t:|1758271434
|move|p1a: Serperior|Leaf Storm|p2a: Latios
|-resisted|p2a: Latios
|-damage|p2a: Latios|0 fnt
|faint|p2a: Latios
|
|-heal|p1a: Serperior|73/100|[from] item: Leftovers
|upkeep
|
|t:|1758271443
|switch|p2a: Hydreigon|Hydreigon, F|100/100
|turn|28
|inactive|pvc31 has 90 seconds left.
|inactive|javiconb has 60 seconds left.
|
|t:|1758271476
|move|p1a: Serperior|Tera Blast|p2a: Hydreigon
|-damage|p2a: Hydreigon|13/100
|move|p2a: Hydreigon|Draco Meteor|p1a: Serperior
|-damage|p1a: Serperior|0 fnt
|-unboost|p2a: Hydreigon|spa|2
|faint|p1a: Serperior
|
|upkeep
|
|t:|1758271487
|switch|p1a: Great Tusk|Great Tusk|34/100 brn
|turn|29
|
|t:|1758271492
|move|p2a: Hydreigon|Draco Meteor|p1a: Great Tusk
|-damage|p1a: Great Tusk|0 fnt
|-unboost|p2a: Hydreigon|spa|2
|faint|p1a: Great Tusk
|-end|p1a: Great Tusk|Protosynthesis|[silent]
|
|upkeep
|
|t:|1758271501
|switch|p1a: Hydreigon|Hydreigon, F, shiny|32/100
|turn|30
|
|t:|1758271515
|move|p1a: Hydreigon|Draco Meteor|p2a: Hydreigon
|-supereffective|p2a: Hydreigon
|-damage|p2a: Hydreigon|0 fnt
|-unboost|p1a: Hydreigon|spa|2
|faint|p2a: Hydreigon
|
|upkeep
|
|t:|1758271520
|switch|p2a: Iron Valiant|Iron Valiant|100/100
|turn|31
|inactive|pvc31 has 90 seconds left.
|inactive|javiconb has 90 seconds left.
|
|t:|1758271538
|-terastallize|p2a: Iron Valiant|Fairy
|-terastallize|p1a: Hydreigon|Fire
|move|p2a: Iron Valiant|Moonblast|p1a: Hydreigon
|-resisted|p1a: Hydreigon
|-damage|p1a: Hydreigon|8/100
|-unboost|p1a: Hydreigon|spa|1
|move|p1a: Hydreigon|Flamethrower|p2a: Iron Valiant
|-damage|p2a: Iron Valiant|66/100
|
|upkeep
|turn|32
|inactive|pvc31 has 90 seconds left.
|
|t:|1758271549
|move|p2a: Iron Valiant|Moonblast|p1a: Hydreigon
|-resisted|p1a: Hydreigon
|-damage|p1a: Hydreigon|0 fnt
|faint|p1a: Hydreigon
|
|upkeep
|
|t:|1758271555
|switch|p1a: Chandelure|Chandelure, F|100/100
|turn|33
|inactive|pvc31 has 90 seconds left.
|
|t:|1758271569
|move|p2a: Iron Valiant|Knock Off|p1a: Chandelure
|-supereffective|p1a: Chandelure
|-damage|p1a: Chandelure|19/100
|-enditem|p1a: Chandelure|Life Orb|[from] move: Knock Off|[of] p2a: Iron Valiant
|move|p1a: Chandelure|Flamethrower|p2a: Iron Valiant
|-damage|p2a: Iron Valiant|0 fnt
|faint|p2a: Iron Valiant
|-end|p2a: Iron Valiant|Quark Drive|[silent]
|
|win|pvc31
|raw|pvc31's rating: 1175 &rarr; <strong>1203</strong><br />(+28 for winning)
|raw|javiconb's rating: 1215 &rarr; <strong>1187</strong><br />(-28 for losing)
|l|☆pvc31
|player|p1|
|l|☆javiconb
|player|p2|
