|j|☆Yo-Yo Slime
|j|☆ballsboyy
|t:|1758346472
|gametype|singles
|player|p1|Yo-Yo Slime|preschooler|1081
|player|p2|ballsboyy|102|1050
|gen|9
|tier|[Gen 9] OU
|rated|
|rule|HP Percentage Mod: HP is shown in percentages
|rule|Endless Battle Clause: Forcing endless battles is banned
|rule|Species Clause: Limit one of each Pokémon
|rule|OHKO Clause: OHKO moves are banned
|rule|Evasion Items Clause: Evasion items are banned
|rule|Evasion Moves Clause: Evasion moves are banned
|rule|Evasion Abilities Clause: Evasion abilities are banned
|rule|Sleep Moves Clause: Sleep-inducing moves are banned
|clearpoke
|poke|p1|Darkrai|
|poke|p1|Breloom, M|
|poke|p1|Misdreavus, M|
|poke|p1|Garganacl, F|
|poke|p1|Cinderace, F|
|poke|p1|Spewpa, M|
|poke|p2|Great Tusk|
|poke|p2|Kingdra, M|
|poke|p2|Araquanid, F|
|poke|p2|Grimmsnarl, M|
|poke|p2|Walking Wake|
|poke|p2|Gliscor, F|
|teampreview
|
|t:|1758346485
|teamsize|p1|6
|teamsize|p2|6
|start
|switch|p1a: Garganacl|Garganacl, F|100/100
|switch|p2a: Araquanid|Araquanid, F|100/100
|turn|1
|
|t:|1758346491
|move|p2a: Araquanid|Sticky Web|p1a: Garganacl
|-sidestart|p1: Yo-Yo Slime|move: Sticky Web
|move|p1a: Garganacl|Stealth Rock|p2a: Araquanid
|-sidestart|p2: ballsboyy|move: Stealth Rock
|
|upkeep
|turn|2
|
|t:|1758346496
|move|p2a: Araquanid|Surf|p1a: Garganacl
|-supereffective|p1a: Garganacl
|-ability|p1a: Garganacl|Sturdy
|-damage|p1a: Garganacl|1/100
|-enditem|p1a: Garganacl|Maranga Berry|[eat]
|-boost|p1a: Garganacl|spd|1|[from] item: Maranga Berry
|move|p1a: Garganacl|Salt Cure|p2a: Araquanid
|-supereffective|p2a: Araquanid
|-damage|p2a: Araquanid|61/100
|-start|p2a: Araquanid|Salt Cure
|
|-damage|p2a: Araquanid|36/100|[from] Salt Cure
|upkeep
|turn|3
|
|t:|1758346506
|move|p2a: Araquanid|Surf|p1a: Garganacl
|-supereffective|p1a: Garganacl
|-damage|p1a: Garganacl|0 fnt
|faint|p1a: Garganacl
|
|-damage|p2a: Araquanid|11/100|[from] Salt Cure
|upkeep
|
|t:|1758346509
|switch|p1a: My Goat|Spewpa, M|100/100
|-activate|p1a: My Goat|move: Sticky Web
|-unboost|p1a: My Goat|spe|1
|turn|4
|-enditem|p2a: Araquanid|Custap Berry|[eat]
|-activate|p2a: Araquanid|item: Custap Berry|[consumed]
|
|t:|1758346521
|switch|p1a: Breloom|Breloom, M|100/100
|-activate|p1a: Breloom|move: Sticky Web
|-unboost|p1a: Breloom|spe|1
|move|p2a: Araquanid|Surf|p1a: Breloom
|-resisted|p1a: Breloom
|-damage|p1a: Breloom|49/100
|
|-damage|p2a: Araquanid|0 fnt|[from] Salt Cure
|faint|p2a: Araquanid
|upkeep
|
|t:|1758346535
|switch|p2a: Kingdra|Kingdra, M|100/100
|-damage|p2a: Kingdra|88/100|[from] Stealth Rock
|turn|5
|
|t:|1758346543
|-terastallize|p2a: Kingdra|Steel
|-terastallize|p1a: Breloom|Steel
|move|p2a: Kingdra|Focus Energy|p2a: Kingdra
|-start|p2a: Kingdra|move: Focus Energy
|move|p1a: Breloom|Bullet Seed|p2a: Kingdra
|-resisted|p2a: Kingdra
|-damage|p2a: Kingdra|75/100
|-resisted|p2a: Kingdra
|-damage|p2a: Kingdra|62/100
|-hitcount|p2a: Kingdra|2
|
|upkeep
|turn|6
|
|t:|1758346565
|switch|p1a: My Goat|Spewpa, M|100/100
|-activate|p1a: My Goat|move: Sticky Web
|-unboost|p1a: My Goat|spe|1
|move|p2a: Kingdra|Draco Meteor|p1a: My Goat
|-crit|p1a: My Goat
|-damage|p1a: My Goat|0 fnt
|-unboost|p2a: Kingdra|spa|2
|faint|p1a: My Goat
|
|upkeep
|c|☆ballsboyy|what was the plan with the spewps
|
|t:|1758346590
|switch|p1a: Breloom|Breloom, M, tera:Steel|49/100
|-activate|p1a: Breloom|move: Sticky Web
|-unboost|p1a: Breloom|spe|1
|turn|7
|c|☆Yo-Yo Slime|he is my favorite pokemon
|c|☆Yo-Yo Slime|so he is on the team
|
|t:|1758346600
|move|p2a: Kingdra|Draco Meteor|p1a: Breloom
|-resisted|p1a: Breloom
|-crit|p1a: Breloom
|-damage|p1a: Breloom|0 fnt
|-unboost|p2a: Kingdra|spa|2
|faint|p1a: Breloom
|
|upkeep
|c|☆ballsboyy|not saying you're wrong
|
|t:|1758346613
|switch|p1a: Cinderace|Cinderace, F|100/100
|-activate|p1a: Cinderace|move: Sticky Web
|-unboost|p1a: Cinderace|spe|1
|turn|8
|c|☆ballsboyy|but i appreciate respecting the day ones
|c|☆Yo-Yo Slime|I think I just lose
|
|t:|1758346623
|move|p2a: Kingdra|Draco Meteor|p1a: Cinderace|[miss]
|-miss|p2a: Kingdra|p1a: Cinderace
|move|p1a: Cinderace|Pyro Ball|p2a: Kingdra|[miss]
|-miss|p1a: Cinderace|p2a: Kingdra
|
|upkeep
|turn|9
|c|☆Yo-Yo Slime|ofc
|
|t:|1758346630
|move|p2a: Kingdra|Draco Meteor|p1a: Cinderace
|-crit|p1a: Cinderace
|-damage|p1a: Cinderace|0 fnt
|-unboost|p2a: Kingdra|spa|2
|faint|p1a: Cinderace
|
|upkeep
|c|☆Yo-Yo Slime|they gave me a chance and took it away
|
|t:|1758346639
|switch|p1a: Misdreavus|Misdreavus, M|100/100
|turn|10
|c|☆ballsboyy|bless up pyro miss
|
|t:|1758346645
|move|p2a: Kingdra|Draco Meteor|p1a: Misdreavus
|-crit|p1a: Misdreavus
|-damage|p1a: Misdreavus|11/100
|move|p1a: Misdreavus|Perish Song|p1a: Misdreavus
|-start|p1a: Misdreavus|perish3|[silent]
|-start|p2a: Kingdra|perish3|[silent]
|-fieldactivate|move: Perish Song
|
|-start|p2a: Kingdra|perish3
|-start|p1a: Misdreavus|perish3
|upkeep
|turn|11
|n|!ballsboyy|ballsboyy
|
|t:|1758346658
|switch|p2a: Gliscor|Gliscor, F|100/100
|-damage|p2a: Gliscor|88/100|[from] Stealth Rock
|move|p1a: Misdreavus|Protect||[still]
|-fail|p1a: Misdreavus
|
|-start|p1a: Misdreavus|perish2
|-status|p2a: Gliscor|tox|[from] item: Toxic Orb
|upkeep
|turn|12
|c|☆Yo-Yo Slime|now
|
|t:|1758346665
|move|p2a: Gliscor|Protect|p2a: Gliscor
|-singleturn|p2a: Gliscor|Protect
|move|p1a: Misdreavus|Hyper Beam|p2a: Gliscor
|-activate|p2a: Gliscor|move: Protect
|
|-heal|p2a: Gliscor|100/100 tox|[from] ability: Poison Heal
|-start|p1a: Misdreavus|perish1
|upkeep
|turn|13
|c|☆Yo-Yo Slime|go
|c|☆Yo-Yo Slime|lol
|
|t:|1758346674
|move|p1a: Misdreavus|Hyper Beam|p2a: Gliscor
|-damage|p2a: Gliscor|74/100 tox
|-mustrecharge|p1a: Misdreavus
|move|p2a: Gliscor|Knock Off|p1a: Misdreavus
|-supereffective|p1a: Misdreavus
|-damage|p1a: Misdreavus|0 fnt
|-enditem|p1a: Misdreavus|Eviolite|[from] move: Knock Off|[of] p2a: Gliscor
|faint|p1a: Misdreavus
|
|-heal|p2a: Gliscor|86/100 tox|[from] ability: Poison Heal
|upkeep
|
|t:|1758346679
|switch|p1a: Darkrai|Darkrai|100/100
|-activate|p1a: Darkrai|move: Sticky Web
|-unboost|p1a: Darkrai|spe|1
|turn|14
|
|t:|1758346693
|move|p1a: Darkrai|Nasty Plot|p1a: Darkrai
|-boost|p1a: Darkrai|spa|2
|move|p2a: Gliscor|Swords Dance|p2a: Gliscor
|-boost|p2a: Gliscor|atk|2
|
|-heal|p2a: Gliscor|99/100 tox|[from] ability: Poison Heal
|upkeep
|turn|15
|c|☆Yo-Yo Slime|this team was originally fast spore + darkrai
|c|☆Yo-Yo Slime|but then apartently sleep is banned rather than just 1 pokemon can be asleep
|
|t:|1758346713
|move|p1a: Darkrai|Dark Pulse|p2a: Gliscor
|-damage|p2a: Gliscor|25/100 tox
|move|p2a: Gliscor|Facade|p1a: Darkrai
|-damage|p1a: Darkrai|21/100
|-enditem|p1a: Darkrai|Sitrus Berry|[eat]
|-heal|p1a: Darkrai|46/100|[from] item: Sitrus Berry
|
|-heal|p2a: Gliscor|38/100 tox|[from] ability: Poison Heal
|upkeep
|turn|16
|
|t:|1758346727
|move|p1a: Darkrai|Dark Pulse|p2a: Gliscor
|-damage|p2a: Gliscor|0 fnt
|faint|p2a: Gliscor
|
|upkeep
|
|t:|1758346735
|switch|p2a: Grimmsnarl|Grimmsnarl, M|100/100
|-damage|p2a: Grimmsnarl|88/100|[from] Stealth Rock
|turn|17
|
|t:|1758346739
|move|p2a: Grimmsnarl|Light Screen|p2a: Grimmsnarl
|-sidestart|p2: ballsboyy|move: Light Screen
|move|p1a: Darkrai|Sludge Bomb|p2a: Grimmsnarl
|-supereffective|p2a: Grimmsnarl
|-crit|p2a: Grimmsnarl
|-damage|p2a: Grimmsnarl|0 fnt
|faint|p2a: Grimmsnarl
|
|upkeep
|
|t:|1758346749
|switch|p2a: Walking Wake|Walking Wake|100/100
|-damage|p2a: Walking Wake|88/100|[from] Stealth Rock
|turn|18
|
|t:|1758346752
|move|p2a: Walking Wake|Draco Meteor|p1a: Darkrai
|-damage|p1a: Darkrai|0 fnt
|-unboost|p2a: Walking Wake|spa|2
|faint|p1a: Darkrai
|
|win|ballsboyy
