|j|☆Supa Dupa Hoopa
|j|☆KnockOffx2
|t:|1758231407
|gametype|singles
|player|p1|Supa Dupa Hoopa|101|1438
|player|p2|KnockOffx2|burglar|1461
|gen|9
|tier|[Gen 9] OU
|rated|
|rule|HP Percentage Mod: HP is shown in percentages
|rule|Endless Battle Clause: Forcing endless battles is banned
|rule|Species Clause: Limit one of each Pokémon
|rule|OHKO Clause: OHKO moves are banned
|rule|Evasion Items Clause: Evasion items are banned
|rule|Evasion Moves Clause: Evasion moves are banned
|rule|Evasion Abilities Clause: Evasion abilities are banned
|rule|Sleep Moves Clause: Sleep-inducing moves are banned
|clearpoke
|poke|p1|Great Tusk|
|poke|p1|Dragapult, F|
|poke|p1|Corviknight, M|
|poke|p1|Clodsire, F|
|poke|p1|Meowscarada, F|
|poke|p1|Toxtricity-Low-Key, F|
|poke|p2|Great Tusk|
|poke|p2|Slowking-Galar, F|
|poke|p2|Moltres|
|poke|p2|Primarina, F|
|poke|p2|Kyurem|
|poke|p2|Gholdengo|
|teampreview
|inactive|Battle timer is ON: inactive players will automatically lose when time's up. (requested by KnockOffx2)
|
|t:|1758231424
|teamsize|p1|6
|teamsize|p2|6
|start
|switch|p1a: Dragapult|Dragapult, F|100/100
|switch|p2a: Gholdengo|Gholdengo|100/100
|turn|1
|
|t:|1758231430
|move|p2a: Gholdengo|Shadow Ball|p1a: Dragapult
|-supereffective|p1a: Dragapult
|-damage|p1a: Dragapult|0 fnt
|faint|p1a: Dragapult
|
|upkeep
|
|t:|1758231446
|switch|p1a: Meowscarada|Meowscarada, F|100/100
|turn|2
|inactive|KnockOffx2 has 120 seconds left.
|
|t:|1758231493
|switch|p2a: Moltres|Moltres|100/100
|move|p1a: Meowscarada|Knock Off|p2a: Moltres
|-start|p1a: Meowscarada|typechange|Dark|[from] ability: Protean
|-damage|p2a: Moltres|67/100
|-status|p1a: Meowscarada|brn|[from] ability: Flame Body|[of] p2a: Moltres
|-enditem|p2a: Moltres|Heavy-Duty Boots|[from] move: Knock Off|[of] p1a: Meowscarada
|
|-damage|p1a: Meowscarada|94/100 brn|[from] brn
|upkeep
|turn|3
|inactive|Supa Dupa Hoopa has 120 seconds left.
|
|t:|1758231528
|switch|p1a: Clodsire|Clodsire, F|100/100
|move|p2a: Moltres|Roost|p2a: Moltres
|-heal|p2a: Moltres|100/100
|-singleturn|p2a: Moltres|move: Roost
|
|upkeep
|turn|4
|
|t:|1758231536
|switch|p2a: Great Tusk|Great Tusk|100/100
|move|p1a: Clodsire|Chilling Water|p2a: Great Tusk
|-supereffective|p2a: Great Tusk
|-damage|p2a: Great Tusk|87/100
|-unboost|p2a: Great Tusk|atk|1
|
|upkeep
|turn|5
|
|t:|1758231544
|switch|p1a: Great Tusk|Great Tusk|100/100
|-enditem|p1a: Great Tusk|Booster Energy
|-activate|p1a: Great Tusk|ability: Protosynthesis|[fromitem]
|-start|p1a: Great Tusk|protosynthesisatk
|move|p2a: Great Tusk|Stealth Rock|p1a: Great Tusk
|-sidestart|p1: Supa Dupa Hoopa|move: Stealth Rock
|
|upkeep
|turn|6
|inactive|KnockOffx2 has 120 seconds left.
|
|t:|1758231553
|-end|p2a: Great Tusk|Protosynthesis|[silent]
|switch|p2a: Moltres|Moltres|100/100
|move|p1a: Great Tusk|Stealth Rock|p2a: Moltres
|-sidestart|p2: KnockOffx2|move: Stealth Rock
|
|upkeep
|turn|7
|
|t:|1758231566
|-end|p1a: Great Tusk|Protosynthesis|[silent]
|switch|p1a: Clodsire|Clodsire, F|100/100
|-damage|p1a: Clodsire|94/100|[from] Stealth Rock
|move|p2a: Moltres|Flamethrower|p1a: Clodsire
|-damage|p1a: Clodsire|74/100
|-status|p1a: Clodsire|brn
|
|-heal|p1a: Clodsire|80/100 brn|[from] item: Leftovers
|-damage|p1a: Clodsire|74/100 brn|[from] brn
|upkeep
|turn|8
|
|t:|1758231587
|switch|p2a: Great Tusk|Great Tusk|87/100
|-damage|p2a: Great Tusk|84/100|[from] Stealth Rock
|move|p1a: Clodsire|Chilling Water|p2a: Great Tusk
|-supereffective|p2a: Great Tusk
|-damage|p2a: Great Tusk|70/100
|-unboost|p2a: Great Tusk|atk|1
|
|-heal|p1a: Clodsire|80/100 brn|[from] item: Leftovers
|-damage|p1a: Clodsire|74/100 brn|[from] brn
|upkeep
|turn|9
|
|t:|1758231598
|switch|p1a: Great Tusk|Great Tusk|100/100
|-damage|p1a: Great Tusk|98/100|[from] Stealth Rock
|move|p2a: Great Tusk|Rapid Spin|p1a: Great Tusk
|-crit|p1a: Great Tusk
|-damage|p1a: Great Tusk|80/100
|-boost|p2a: Great Tusk|spe|1
|-sideend|p2: KnockOffx2|Stealth Rock|[from] move: Rapid Spin|[of] p2a: Great Tusk
|
|upkeep
|turn|10
|
|t:|1758231608
|-end|p2a: Great Tusk|Protosynthesis|[silent]
|switch|p2a: Gholdengo|Gholdengo|100/100
|move|p1a: Great Tusk|Stealth Rock|p2a: Gholdengo
|-sidestart|p2: KnockOffx2|move: Stealth Rock
|
|upkeep
|turn|11
|
|t:|1758231616
|-end|p1a: Great Tusk|Protosynthesis|[silent]
|switch|p1a: Toxtricity|Toxtricity-Low-Key, F|100/100
|-damage|p1a: Toxtricity|88/100|[from] Stealth Rock
|move|p2a: Gholdengo|Make It Rain|p1a: Toxtricity
|-resisted|p1a: Toxtricity
|-damage|p1a: Toxtricity|36/100
|-unboost|p2a: Gholdengo|spa|1
|
|upkeep
|turn|12
|
|t:|1758231626
|move|p2a: Gholdengo|Make It Rain|p1a: Toxtricity
|-resisted|p1a: Toxtricity
|-damage|p1a: Toxtricity|5/100
|-unboost|p2a: Gholdengo|spa|1
|move|p1a: Toxtricity|Boomburst|p2a: Gholdengo
|-immune|p2a: Gholdengo
|
|upkeep
|turn|13
|
|t:|1758231634
|move|p2a: Gholdengo|Make It Rain|p1a: Toxtricity
|-resisted|p1a: Toxtricity
|-damage|p1a: Toxtricity|0 fnt
|-unboost|p2a: Gholdengo|spa|1
|faint|p1a: Toxtricity
|
|upkeep
|
|t:|1758231646
|switch|p1a: Corviknight|Corviknight, M|100/100
|-damage|p1a: Corviknight|88/100|[from] Stealth Rock
|-ability|p1a: Corviknight|Pressure
|turn|14
|inactive|KnockOffx2 has 120 seconds left.
|inactive|KnockOffx2 has 90 seconds left.
|inactive|KnockOffx2 has 60 seconds left.
|
|t:|1758231750
|switch|p2a: Moltres|Moltres|100/100
|-damage|p2a: Moltres|51/100|[from] Stealth Rock
|move|p1a: Corviknight|Bulk Up|p1a: Corviknight
|-boost|p1a: Corviknight|atk|1
|-boost|p1a: Corviknight|def|1
|
|-heal|p1a: Corviknight|94/100|[from] item: Leftovers
|upkeep
|turn|15
|
|t:|1758231766
|-terastallize|p1a: Corviknight|Fire
|move|p2a: Moltres|Flamethrower|p1a: Corviknight
|-resisted|p1a: Corviknight
|-damage|p1a: Corviknight|75/100
|move|p1a: Corviknight|Bulk Up|p1a: Corviknight
|-boost|p1a: Corviknight|atk|1
|-boost|p1a: Corviknight|def|1
|
|-heal|p1a: Corviknight|82/100|[from] item: Leftovers
|upkeep
|turn|16
|
|t:|1758231775
|move|p1a: Corviknight|Bulk Up|p1a: Corviknight
|-boost|p1a: Corviknight|atk|1
|-boost|p1a: Corviknight|def|1
|move|p2a: Moltres|Roar|p1a: Corviknight
|drag|p1a: Meowscarada|Meowscarada, F|94/100 brn
|-damage|p1a: Meowscarada|82/100 brn|[from] Stealth Rock
|
|-damage|p1a: Meowscarada|76/100 brn|[from] brn
|upkeep
|turn|17
|-message|Supa Dupa Hoopa forfeited.
|
|win|KnockOffx2
|raw|Supa Dupa Hoopa's rating: 1438 &rarr; <strong>1419</strong><br />(-19 for losing)
|raw|KnockOffx2's rating: 1461 &rarr; <strong>1480</strong><br />(+19 for winning)
|l|☆Supa Dupa Hoopa
|player|p1|
|l|☆KnockOffx2
|player|p2|
