|j|☆z'zargo
|j|☆Fufumonn
|t:|1758321589
|gametype|singles
|player|p1|z'zargo|1|1169
|player|p2|Fufumonn|iris-gen5bw2|1200
|gen|9
|tier|[Gen 9] OU
|rated|
|rule|HP Percentage Mod: HP is shown in percentages
|rule|Endless Battle Clause: Forcing endless battles is banned
|rule|Species Clause: Limit one of each Pokémon
|rule|OHKO Clause: OHKO moves are banned
|rule|Evasion Items Clause: Evasion items are banned
|rule|Evasion Moves Clause: Evasion moves are banned
|rule|Evasion Abilities Clause: Evasion abilities are banned
|rule|Sleep Moves Clause: Sleep-inducing moves are banned
|clearpoke
|poke|p1|Dragapult, M|
|poke|p1|Murkrow, F|
|poke|p1|Garchomp, F|
|poke|p1|Bisharp, F|
|poke|p1|Swampert, F|
|poke|p1|Gengar, M|
|poke|p2|Chesnaught, M|
|poke|p2|Arboliva, F|
|poke|p2|Glimmora, M|
|poke|p2|Alomomola, M|
|poke|p2|Gholdengo|
|poke|p2|Weavile, F|
|teampreview
|
|t:|1758321602
|teamsize|p1|6
|teamsize|p2|6
|start
|switch|p1a: Dragapult|Dragapult, M|100/100
|switch|p2a: Glimmora|Glimmora, M|100/100
|turn|1
|
|t:|1758321613
|move|p1a: Dragapult|Dragon Darts|p2a: Glimmora
|-damage|p2a: Glimmora|75/100
|-activate|p2a: Glimmora|ability: Toxic Debris
|-sidestart|p1: z'zargo|move: Toxic Spikes
|-anim|p1a: Dragapult|Dragon Darts|p2a: Glimmora
|-damage|p2a: Glimmora|53/100
|-activate|p2a: Glimmora|ability: Toxic Debris
|-sidestart|p1: z'zargo|move: Toxic Spikes
|move|p2a: Glimmora|Mortal Spin|p1a: Dragapult
|-resisted|p1a: Dragapult
|-damage|p1a: Dragapult|96/100
|-status|p1a: Dragapult|psn
|
|-damage|p1a: Dragapult|84/100 psn|[from] psn
|upkeep
|turn|2
|
|t:|1758321626
|move|p1a: Dragapult|Dragon Darts|p2a: Glimmora
|-damage|p2a: Glimmora|27/100
|-anim|p1a: Dragapult|Dragon Darts|p2a: Glimmora
|-damage|p2a: Glimmora|1/100
|move|p2a: Glimmora|Stealth Rock|p1a: Dragapult
|-sidestart|p1: z'zargo|move: Stealth Rock
|
|-damage|p1a: Dragapult|71/100 psn|[from] psn
|upkeep
|turn|3
|-enditem|p2a: Glimmora|Custap Berry|[eat]
|-activate|p2a: Glimmora|item: Custap Berry|[consumed]
|
|t:|1758321638
|move|p2a: Glimmora|Power Gem|p1a: Dragapult
|-damage|p1a: Dragapult|28/100 psn
|move|p1a: Dragapult|Dragon Darts|p2a: Glimmora
|-damage|p2a: Glimmora|0 fnt
|faint|p2a: Glimmora
|
|-damage|p1a: Dragapult|15/100 psn|[from] psn
|upkeep
|
|t:|1758321647
|switch|p2a: Weavile|Weavile, F|100/100
|-ability|p2a: Weavile|Pressure
|turn|4
|
|t:|1758321651
|move|p2a: Weavile|Ice Shard|p1a: Dragapult
|-supereffective|p1a: Dragapult
|-damage|p1a: Dragapult|0 fnt
|faint|p1a: Dragapult
|-damage|p2a: Weavile|91/100|[from] item: Life Orb
|
|upkeep
|
|t:|1758321657
|switch|p1a: Gengar|Gengar, M|100/100
|-sideend|p1: z'zargo|move: Toxic Spikes|[of] p1a: Gengar
|turn|5
|
|t:|1758321667
|move|p2a: Weavile|Knock Off|p1a: Gengar
|-supereffective|p1a: Gengar
|-crit|p1a: Gengar
|-damage|p1a: Gengar|0 fnt
|-enditem|p1a: Gengar|Heavy-Duty Boots|[from] move: Knock Off|[of] p2a: Weavile
|faint|p1a: Gengar
|-damage|p2a: Weavile|81/100|[from] item: Life Orb
|
|upkeep
|
|t:|1758321677
|switch|p1a: Murkrow|Murkrow, F|100/100
|-damage|p1a: Murkrow|76/100|[from] Stealth Rock
|turn|6
|
|t:|1758321683
|move|p1a: Murkrow|Tailwind|p1a: Murkrow
|-sidestart|p1: z'zargo|move: Tailwind
|move|p2a: Weavile|Taunt|p1a: Murkrow
|-start|p1a: Murkrow|move: Taunt
|
|upkeep
|turn|7
|
|t:|1758321688
|move|p1a: Murkrow|Brave Bird|p2a: Weavile
|-damage|p2a: Weavile|21/100
|-damage|p1a: Murkrow|59/100|[from] Recoil
|move|p2a: Weavile|Ice Spinner|p1a: Murkrow
|-supereffective|p1a: Murkrow
|-damage|p1a: Murkrow|0 fnt
|faint|p1a: Murkrow
|-damage|p2a: Weavile|11/100|[from] item: Life Orb
|
|upkeep
|
|t:|1758321703
|switch|p1a: Bisharp|Bisharp, F|100/100
|-damage|p1a: Bisharp|95/100|[from] Stealth Rock
|turn|8
|
|t:|1758321707
|move|p1a: Bisharp|Sucker Punch|p2a: Weavile
|-resisted|p2a: Weavile
|-damage|p2a: Weavile|0 fnt
|faint|p2a: Weavile
|-damage|p1a: Bisharp|85/100|[from] item: Life Orb
|
|upkeep
|
|t:|1758321711
|switch|p2a: Arboliva|Arboliva, F|100/100
|turn|9
|
|t:|1758321718
|move|p1a: Bisharp|Swords Dance|p1a: Bisharp
|-boost|p1a: Bisharp|atk|2
|move|p2a: Arboliva|Earth Power|p1a: Bisharp
|-supereffective|p1a: Bisharp
|-damage|p1a: Bisharp|0 fnt
|faint|p1a: Bisharp
|
|-sideend|p1: z'zargo|move: Tailwind
|upkeep
|-message|z'zargo forfeited.
|
|win|Fufumonn
|raw|z&apos;zargo's rating: 1169 &rarr; <strong>1146</strong><br />(-23 for losing)
|raw|Fufumonn's rating: 1200 &rarr; <strong>1223</strong><br />(+23 for winning)
|l|☆z'zargo
|player|p1|
|l|☆Fufumonn
|player|p2|
