|j|☆expsnake
|j|☆lolcano46
|t:|1758237120
|gametype|singles
|player|p1|expsnake|boarder|1434
|player|p2|lolcano46|fisherman-gen4|1503
|gen|9
|tier|[Gen 9] OU
|rated|
|rule|HP Percentage Mod: HP is shown in percentages
|rule|Endless Battle Clause: Forcing endless battles is banned
|rule|Species Clause: Limit one of each Pokémon
|rule|OHKO Clause: OHKO moves are banned
|rule|Evasion Items Clause: Evasion items are banned
|rule|Evasion Moves Clause: Evasion moves are banned
|rule|Evasion Abilities Clause: Evasion abilities are banned
|rule|Sleep Moves Clause: Sleep-inducing moves are banned
|clearpoke
|poke|p1|Pelipper, M|
|poke|p1|Pincurchin, M|
|poke|p1|Iron Jugulis|
|poke|p1|Iron Treads|
|poke|p1|Raging Bolt|
|poke|p1|Barraskewda, M|
|poke|p2|Azelf|
|poke|p2|Ogerpon-Wellspring, F|
|poke|p2|Scizor, M|
|poke|p2|Gengar, M|
|poke|p2|Raging Bolt|
|poke|p2|Cinderace, F|
|teampreview
|inactive|Battle timer is ON: inactive players will automatically lose when time's up. (requested by lolcano46)
|inactive|expsnake also wants the timer to be on.
|
|t:|1758237132
|teamsize|p1|6
|teamsize|p2|6
|start
|switch|p1a: Pelipper|Pelipper, M|100/100
|switch|p2a: Azelf|Azelf|100/100
|-weather|RainDance|[from] ability: Drizzle|[of] p1a: Pelipper
|turn|1
|inactive|lolcano46 has 120 seconds left.
|
|t:|1758237173
|switch|p1a: Iron Treads|Iron Treads|100/100
|move|p2a: Azelf|Thunderbolt|p1a: Iron Treads
|-immune|p1a: Iron Treads
|
|-weather|RainDance|[upkeep]
|upkeep
|turn|2
|
|t:|1758237181
|move|p2a: Azelf|Flamethrower|p1a: Iron Treads
|-supereffective|p1a: Iron Treads
|-damage|p1a: Iron Treads|45/100
|-enditem|p1a: Iron Treads|Eject Button
|
|t:|1758237196
|-end|p1a: Iron Treads|Quark Drive|[silent]
|switch|p1a: Pincurchin|Pincurchin, M|100/100
|-fieldstart|move: Electric Terrain|[from] ability: Electric Surge|[of] p1a: Pincurchin
|
|-weather|RainDance|[upkeep]
|upkeep
|turn|3
|
|t:|1758237210
|switch|p1a: Iron Jugulis|Iron Jugulis|100/100
|-activate|p1a: Iron Jugulis|ability: Quark Drive
|-start|p1a: Iron Jugulis|quarkdrivespe
|move|p2a: Azelf|Psychic|p1a: Iron Jugulis
|-immune|p1a: Iron Jugulis
|
|-weather|RainDance|[upkeep]
|upkeep
|turn|4
|
|t:|1758237220
|-terastallize|p2a: Azelf|Fairy
|move|p1a: Iron Jugulis|Hurricane|p2a: Azelf
|-damage|p2a: Azelf|0 fnt
|faint|p2a: Azelf
|
|-weather|RainDance|[upkeep]
|upkeep
|
|t:|1758237228
|switch|p2a: Gengar|Gengar, M|100/100
|turn|5
|
|t:|1758237232
|move|p2a: Gengar|Thunder Wave|p1a: Iron Jugulis
|-status|p1a: Iron Jugulis|par
|move|p1a: Iron Jugulis|Hurricane|p2a: Gengar
|-damage|p2a: Gengar|0 fnt
|faint|p2a: Gengar
|
|-weather|RainDance|[upkeep]
|upkeep
|
|t:|1758237239
|switch|p2a: Ogerpon|Ogerpon-Wellspring, F|100/100
|turn|6
|
|t:|1758237247
|move|p2a: Ogerpon|Ivy Cudgel|p1a: Iron Jugulis|[anim] Ivy Cudgel Water
|-damage|p1a: Iron Jugulis|0 fnt
|faint|p1a: Iron Jugulis
|-end|p1a: Iron Jugulis|Quark Drive|[silent]
|
|-weather|RainDance|[upkeep]
|upkeep
|
|t:|1758237252
|switch|p1a: Raging Bolt|Raging Bolt|100/100
|-enditem|p1a: Raging Bolt|Booster Energy
|-activate|p1a: Raging Bolt|ability: Protosynthesis|[fromitem]
|-start|p1a: Raging Bolt|protosynthesisspa
|turn|7
|
|t:|1758237257
|move|p2a: Ogerpon|Play Rough|p1a: Raging Bolt
|-supereffective|p1a: Raging Bolt
|-damage|p1a: Raging Bolt|38/100
|move|p1a: Raging Bolt|Rising Voltage|p2a: Ogerpon
|-hint|Rising Voltage's BP doubled on grounded target.
|-damage|p2a: Ogerpon|0 fnt
|faint|p2a: Ogerpon
|
|-weather|RainDance|[upkeep]
|upkeep
|
|t:|1758237266
|switch|p2a: Raging Bolt|Raging Bolt|100/100
|-enditem|p2a: Raging Bolt|Booster Energy
|-activate|p2a: Raging Bolt|ability: Protosynthesis|[fromitem]
|-start|p2a: Raging Bolt|protosynthesisspa
|turn|8
|
|t:|1758237271
|move|p2a: Raging Bolt|Dragon Pulse|p1a: Raging Bolt
|-supereffective|p1a: Raging Bolt
|-damage|p1a: Raging Bolt|0 fnt
|faint|p1a: Raging Bolt
|-end|p1a: Raging Bolt|Protosynthesis|[silent]
|
|-weather|none
|upkeep
|
|t:|1758237276
|switch|p1a: Iron Treads|Iron Treads|45/100
|-activate|p1a: Iron Treads|ability: Quark Drive
|-start|p1a: Iron Treads|quarkdrivespe
|turn|9
|
|t:|1758237280
|-end|p2a: Raging Bolt|Protosynthesis|[silent]
|switch|p2a: Scizor|Scizor, M|100/100
|move|p1a: Iron Treads|Earth Power|p2a: Scizor
|-damage|p2a: Scizor|62/100
|
|-fieldend|move: Electric Terrain
|-end|p1a: Iron Treads|Quark Drive
|upkeep
|turn|10
|
|t:|1758237286
|-end|p1a: Iron Treads|Quark Drive|[silent]
|switch|p1a: Pincurchin|Pincurchin, M|100/100
|-fieldstart|move: Electric Terrain|[from] ability: Electric Surge|[of] p1a: Pincurchin
|move|p2a: Scizor|Close Combat|p1a: Pincurchin
|-damage|p1a: Pincurchin|63/100
|-unboost|p2a: Scizor|def|1
|-unboost|p2a: Scizor|spd|1
|
|upkeep
|turn|11
|
|t:|1758237290
|move|p2a: Scizor|Knock Off|p1a: Pincurchin
|-damage|p1a: Pincurchin|31/100
|-enditem|p1a: Pincurchin|Terrain Extender|[from] move: Knock Off|[of] p2a: Scizor
|move|p1a: Pincurchin|Discharge|p2a: Scizor
|-damage|p2a: Scizor|0 fnt
|faint|p2a: Scizor
|
|upkeep
|
|t:|1758237296
|switch|p2a: Cinderace|Cinderace, F|100/100
|turn|12
|
|t:|1758237303
|switch|p1a: Pelipper|Pelipper, M|100/100
|-weather|RainDance|[from] ability: Drizzle|[of] p1a: Pelipper
|move|p2a: Cinderace|Pyro Ball|p1a: Pelipper
|-resisted|p1a: Pelipper
|-damage|p1a: Pelipper|89/100
|
|-weather|RainDance|[upkeep]
|upkeep
|turn|13
|
|t:|1758237316
|move|p2a: Cinderace|Sucker Punch|p1a: Pelipper
|-start|p2a: Cinderace|typechange|Dark|[from] ability: Libero
|-damage|p1a: Pelipper|65/100
|move|p1a: Pelipper|U-turn|p2a: Cinderace
|-supereffective|p2a: Cinderace
|-damage|p2a: Cinderace|72/100
|
|t:|1758237320
|switch|p1a: Pincurchin|Pincurchin, M|31/100|[from] U-turn
|
|-weather|RainDance|[upkeep]
|upkeep
|turn|14
|
|t:|1758237326
|move|p2a: Cinderace|Sucker Punch|p1a: Pincurchin
|-damage|p1a: Pincurchin|4/100
|move|p1a: Pincurchin|Discharge|p2a: Cinderace
|-damage|p2a: Cinderace|22/100
|
|-weather|RainDance|[upkeep]
|upkeep
|turn|15
|
|t:|1758237332
|move|p2a: Cinderace|Pyro Ball|p1a: Pincurchin
|-damage|p1a: Pincurchin|0 fnt
|faint|p1a: Pincurchin
|
|-weather|RainDance|[upkeep]
|upkeep
|
|t:|1758237352
|switch|p1a: Iron Treads|Iron Treads|45/100
|-activate|p1a: Iron Treads|ability: Quark Drive
|-start|p1a: Iron Treads|quarkdrivespe
|turn|16
|
|t:|1758237360
|move|p2a: Cinderace|Sucker Punch|p1a: Iron Treads
|-damage|p1a: Iron Treads|11/100
|move|p1a: Iron Treads|Earth Power|p2a: Cinderace
|-damage|p2a: Cinderace|0 fnt
|faint|p2a: Cinderace
|
|-weather|RainDance|[upkeep]
|upkeep
|
|t:|1758237366
|switch|p2a: Raging Bolt|Raging Bolt|100/100
|turn|17
|
|t:|1758237371
|-terastallize|p1a: Iron Treads|Ground
|move|p1a: Iron Treads|Earth Power|p2a: Raging Bolt
|-supereffective|p2a: Raging Bolt
|-damage|p2a: Raging Bolt|13/100
|move|p2a: Raging Bolt|Dragon Pulse|p1a: Iron Treads
|-damage|p1a: Iron Treads|0 fnt
|faint|p1a: Iron Treads
|-end|p1a: Iron Treads|Quark Drive|[silent]
|
|-weather|RainDance|[upkeep]
|-fieldend|move: Electric Terrain
|upkeep
|
|t:|1758237377
|switch|p1a: Barraskewda|Barraskewda, M|100/100
|turn|18
|
|t:|1758237382
|move|p1a: Barraskewda|Aqua Jet|p2a: Raging Bolt
|-resisted|p2a: Raging Bolt
|-damage|p2a: Raging Bolt|0 fnt
|faint|p2a: Raging Bolt
|-end|p2a: Raging Bolt|Protosynthesis|[silent]
|
|win|expsnake
|raw|expsnake's rating: 1434 &rarr; <strong>1458</strong><br />(+24 for winning)
|raw|lolcano46's rating: 1503 &rarr; <strong>1479</strong><br />(-24 for losing)
|l|☆lolcano46
|player|p2|
|l|☆expsnake
|player|p1|
