|j|☆xail44
|j|☆ectozzzz
|t:|1758355678
|gametype|singles
|player|p1|xail44|169|1267
|player|p2|ectozzzz|170|1233
|gen|9
|tier|[Gen 9] OU
|rated|
|rule|HP Percentage Mod: HP is shown in percentages
|rule|Endless Battle Clause: Forcing endless battles is banned
|rule|Species Clause: Limit one of each Pokémon
|rule|OHKO Clause: OHKO moves are banned
|rule|Evasion Items Clause: Evasion items are banned
|rule|Evasion Moves Clause: Evasion moves are banned
|rule|Evasion Abilities Clause: Evasion abilities are banned
|rule|Sleep Moves Clause: Sleep-inducing moves are banned
|clearpoke
|poke|p1|Hatterene, F|
|poke|p1|Honchkrow, F|
|poke|p1|Terrakion|
|poke|p1|Alomomola, M|
|poke|p1|Metagross|
|poke|p1|Salazzle, F|
|poke|p2|Walking Wake|
|poke|p2|Torkoal, F|
|poke|p2|Venusaur, F|
|poke|p2|Hatterene, F|
|poke|p2|Dragonite, F|
|poke|p2|Kingambit, F|
|teampreview
|inactive|Battle timer is ON: inactive players will automatically lose when time's up. (requested by xail44)
|
|t:|1758355695
|teamsize|p1|6
|teamsize|p2|6
|start
|switch|p1a: Terrakion|Terrakion|100/100
|switch|p2a: JESE-PAMEC|Torkoal, F|100/100
|-weather|SunnyDay|[from] ability: Drought|[of] p2a: JESE-PAMEC
|turn|1
|
|t:|1758355701
|move|p1a: Terrakion|Stealth Rock|p2a: JESE-PAMEC
|-sidestart|p2: ectozzzz|move: Stealth Rock
|move|p2a: JESE-PAMEC|Lava Plume|p1a: Terrakion
|-resisted|p1a: Terrakion
|-damage|p1a: Terrakion|80/100
|
|-weather|SunnyDay|[upkeep]
|-heal|p1a: Terrakion|86/100|[from] item: Leftovers
|upkeep
|turn|2
|
|t:|1758355709
|switch|p2a: IDEKA|Dragonite, F|100/100
|move|p1a: Terrakion|Stone Edge|p2a: IDEKA
|-supereffective|p2a: IDEKA
|-damage|p2a: IDEKA|42/100
|
|-weather|SunnyDay|[upkeep]
|-heal|p1a: Terrakion|92/100|[from] item: Leftovers
|upkeep
|turn|3
|
|t:|1758355725
|move|p2a: IDEKA|Extreme Speed|p1a: Terrakion
|-resisted|p1a: Terrakion
|-damage|p1a: Terrakion|74/100
|move|p1a: Terrakion|Stone Edge|p2a: IDEKA
|-supereffective|p2a: IDEKA
|-damage|p2a: IDEKA|0 fnt
|faint|p2a: IDEKA
|
|-weather|SunnyDay|[upkeep]
|-heal|p1a: Terrakion|80/100|[from] item: Leftovers
|upkeep
|
|t:|1758355729
|switch|p2a: pffffffffffff|Walking Wake|100/100
|-damage|p2a: pffffffffffff|88/100|[from] Stealth Rock
|-activate|p2a: pffffffffffff|ability: Protosynthesis
|-start|p2a: pffffffffffff|protosynthesisspe
|turn|4
|
|t:|1758355739
|move|p2a: pffffffffffff|Flamethrower|p1a: Terrakion
|-resisted|p1a: Terrakion
|-damage|p1a: Terrakion|43/100
|move|p1a: Terrakion|Close Combat|p2a: pffffffffffff
|-damage|p2a: pffffffffffff|19/100
|-unboost|p1a: Terrakion|def|1
|-unboost|p1a: Terrakion|spd|1
|
|-weather|SunnyDay|[upkeep]
|-heal|p1a: Terrakion|49/100|[from] item: Leftovers
|upkeep
|turn|5
|
|t:|1758355747
|move|p2a: pffffffffffff|Flamethrower|p1a: Terrakion
|-resisted|p1a: Terrakion
|-damage|p1a: Terrakion|0 fnt
|faint|p1a: Terrakion
|
|-weather|SunnyDay|[upkeep]
|upkeep
|
|t:|1758355750
|switch|p1a: Hatterene|Hatterene, F|100/100
|turn|6
|
|t:|1758355775
|-end|p2a: pffffffffffff|Protosynthesis|[silent]
|switch|p2a: MOIJOZEUH|Hatterene, F|100/100
|-damage|p2a: MOIJOZEUH|88/100|[from] Stealth Rock
|move|p1a: Hatterene|Trick Room|p1a: Hatterene
|-fieldstart|move: Trick Room|[of] p1a: Hatterene
|
|-weather|SunnyDay|[upkeep]
|upkeep
|turn|7
|
|t:|1758355783
|move|p1a: Hatterene|Misty Explosion|p2a: MOIJOZEUH
|-damage|p2a: MOIJOZEUH|26/100
|faint|p1a: Hatterene
|move|p2a: MOIJOZEUH|Healing Wish|p2a: MOIJOZEUH
|faint|p2a: MOIJOZEUH
|
|-weather|SunnyDay|[upkeep]
|upkeep
|
|t:|1758355791
|switch|p1a: Honchkrow|Honchkrow, F|100/100
|switch|p2a: pffffffffffff|Walking Wake|19/100
|-heal|p2a: pffffffffffff|100/100|[from] move: Healing Wish
|-damage|p2a: pffffffffffff|88/100|[from] Stealth Rock
|-enditem|p1a: Honchkrow|Room Service
|-unboost|p1a: Honchkrow|spe|1|[from] item: Room Service
|-activate|p2a: pffffffffffff|ability: Protosynthesis
|-start|p2a: pffffffffffff|protosynthesisspe
|turn|8
|
|t:|1758355801
|move|p1a: Honchkrow|Acrobatics|p2a: pffffffffffff
|-damage|p2a: pffffffffffff|17/100
|move|p2a: pffffffffffff|Hydro Steam|p1a: Honchkrow
|-damage|p1a: Honchkrow|0 fnt
|faint|p1a: Honchkrow
|
|-weather|none
|-end|p2a: pffffffffffff|Protosynthesis
|upkeep
|
|t:|1758355811
|switch|p1a: Metagross|Metagross|100/100
|turn|9
|
|t:|1758355816
|-end|p2a: pffffffffffff|Protosynthesis|[silent]
|switch|p2a: JESE-PAMEC|Torkoal, F|100/100
|-damage|p2a: JESE-PAMEC|76/100|[from] Stealth Rock
|-weather|SunnyDay|[from] ability: Drought|[of] p2a: JESE-PAMEC
|move|p1a: Metagross|Psychic|p2a: JESE-PAMEC
|-damage|p2a: JESE-PAMEC|18/100
|
|-weather|SunnyDay|[upkeep]
|upkeep
|turn|10
|
|t:|1758355826
|switch|p1a: Alomomola|Alomomola, M|100/100
|move|p2a: JESE-PAMEC|Lava Plume|p1a: Alomomola
|-resisted|p1a: Alomomola
|-damage|p1a: Alomomola|86/100
|
|-weather|SunnyDay|[upkeep]
|-fieldend|move: Trick Room
|upkeep
|turn|11
|
|t:|1758355835
|switch|p2a: Antony|Venusaur, F|100/100
|-damage|p2a: Antony|88/100|[from] Stealth Rock
|move|p1a: Alomomola|Mirror Coat||[still]
|-fail|p1a: Alomomola
|
|-weather|SunnyDay|[upkeep]
|upkeep
|turn|12
|
|t:|1758355845
|move|p2a: Antony|Solar Beam||[still]
|-prepare|p2a: Antony|Solar Beam
|-anim|p2a: Antony|Solar Beam|p1a: Alomomola
|-supereffective|p1a: Alomomola
|-crit|p1a: Alomomola
|-damage|p1a: Alomomola|0 fnt
|faint|p1a: Alomomola
|-damage|p2a: Antony|78/100|[from] item: Life Orb
|
|-weather|SunnyDay|[upkeep]
|upkeep
|
|t:|1758355850
|switch|p1a: Salazzle|Salazzle, F|100/100
|-item|p1a: Salazzle|Air Balloon
|turn|13
|
|t:|1758355861
|-terastallize|p2a: Antony|Fire
|move|p2a: Antony|Weather Ball|p1a: Salazzle
|-resisted|p1a: Salazzle
|-crit|p1a: Salazzle
|-damage|p1a: Salazzle|0 fnt
|-enditem|p1a: Salazzle|Air Balloon
|faint|p1a: Salazzle
|-damage|p2a: Antony|68/100|[from] item: Life Orb
|
|-weather|SunnyDay|[upkeep]
|upkeep
|
|t:|1758355866
|switch|p1a: Metagross|Metagross|100/100
|turn|14
|c|☆ectozzzz|LMFAOOO
|
|t:|1758355876
|-terastallize|p1a: Metagross|Steel
|move|p2a: Antony|Weather Ball|p1a: Metagross
|-supereffective|p1a: Metagross
|-damage|p1a: Metagross|0 fnt
|faint|p1a: Metagross
|-damage|p2a: Antony|58/100|[from] item: Life Orb
|
|win|ectozzzz
|raw|xail44's rating: 1267 &rarr; <strong>1240</strong><br />(-27 for losing)
|raw|ectozzzz's rating: 1233 &rarr; <strong>1260</strong><br />(+27 for winning)
|l|☆xail44
|player|p1|
|c|☆ectozzzz|zz
|l|☆ectozzzz
|player|p2|
