|inactive|Battle timer is ON: inactive players will automatically lose when time's up.
|t:|1758377441
|gametype|singles
|player|p1|Separation|acetrainerf-gen4dp|
|player|p2|ABR|#abr|
|gen|9
|tier|[Gen 9] OU
|rule|HP Percentage Mod: HP is shown in percentages
|rule|Endless Battle Clause: Forcing endless battles is banned
|rule|Species Clause: Limit one of each Pokémon
|rule|OHKO Clause: OHKO moves are banned
|rule|Evasion Items Clause: Evasion items are banned
|rule|Evasion Moves Clause: Evasion moves are banned
|rule|Evasion Abilities Clause: Evasion abilities are banned
|rule|Sleep Moves Clause: Sleep-inducing moves are banned
|clearpoke
|poke|p1|Kyurem|
|poke|p1|Rillaboom, F|
|poke|p1|Dragapult, M|
|poke|p1|Corviknight, M|
|poke|p1|Slowking-Galar, F|
|poke|p1|Cinderace, M|
|poke|p2|Glimmora, F|
|poke|p2|Hatterene, F|
|poke|p2|Gliscor, F|
|poke|p2|Dragapult, F|
|poke|p2|Zamazenta-*|
|poke|p2|Iron Hands|
|teampreview
|inactive|ABR also wants the timer to be on.
|c|☆ABR|hf
|c|☆Separation|hf
|raw|<div class="broadcast-red"><strong>Moderated chat was set to ☆!</strong><br />Only users of rank ☆ and higher can talk.</div>
|inactive|Separation has 270 seconds left.
|inactive|ABR has 270 seconds left.
|inactive|Separation has 240 seconds left.
|inactive|ABR has 240 seconds left.
|inactive|Separation has 210 seconds left.
|
|t:|1758377546
|teamsize|p1|6
|teamsize|p2|6
|start
|switch|p1a: Slowking|Slowking-Galar, F|100/100
|switch|p2a: Zamazenta|Zamazenta|100/100
|-ability|p2a: Zamazenta|Dauntless Shield|boost
|-boost|p2a: Zamazenta|def|1
|turn|1
|
|t:|1758377553
|move|p2a: Zamazenta|Light Screen|p2a: Zamazenta
|-sidestart|p2: ABR|move: Light Screen
|move|p1a: Slowking|Toxic|p2a: Zamazenta
|-status|p2a: Zamazenta|tox
|
|-damage|p2a: Zamazenta|94/100 tox|[from] psn
|upkeep
|turn|2
|inactive|Separation has 270 seconds left.
|
|t:|1758377579
|switch|p2a: Gliscor|Gliscor, F|100/100
|-prepare|p1a: Slowking|Chilly Reception|[premajor]
|move|p1a: Slowking|Chilly Reception|p1a: Slowking
|-weather|Snowscape
|
|t:|1758377593
|switch|p1a: Kyurem|Kyurem|100/100|[from] Chilly Reception
|-ability|p1a: Kyurem|Pressure
|
|-weather|Snowscape|[upkeep]
|-status|p2a: Gliscor|tox|[from] item: Toxic Orb
|upkeep
|turn|3
|
|t:|1758377601
|switch|p2a: Glimmora|Glimmora, F|100/100
|move|p1a: Kyurem|Ice Beam|p2a: Glimmora
|-damage|p2a: Glimmora|73/100
|-enditem|p2a: Glimmora|Eject Button
|rated|Smogon Champions League
|inactive|ABR has 270 seconds left.
|
|t:|1758377631
|switch|p2a: Iron Hands|Iron Hands|100/100
|
|-weather|Snowscape|[upkeep]
|upkeep
|turn|4
|inactive|Separation has 240 seconds left.
|
|t:|1758377675
|switch|p1a: Dragapult|Dragapult, M|100/100
|move|p2a: Iron Hands|Swords Dance|p2a: Iron Hands
|-boost|p2a: Iron Hands|atk|2
|
|-weather|Snowscape|[upkeep]
|upkeep
|turn|5
|inactive|Separation has 240 seconds left.
|inactive|ABR has 240 seconds left.
|
|t:|1758377692
|move|p1a: Dragapult|Will-O-Wisp|p2a: Iron Hands|[miss]
|-miss|p1a: Dragapult|p2a: Iron Hands
|move|p2a: Iron Hands|Ice Punch|p1a: Dragapult
|-supereffective|p1a: Dragapult
|-damage|p1a: Dragapult|0 fnt
|faint|p1a: Dragapult
|
|-weather|Snowscape|[upkeep]
|upkeep
|inactive|Separation has 240 seconds left.
|
|t:|1758377702
|switch|p1a: Cinderace|Cinderace, M|100/100
|turn|6
|
|t:|1758377715
|move|p1a: Cinderace|Will-O-Wisp|p2a: Iron Hands
|-status|p2a: Iron Hands|brn
|-enditem|p2a: Iron Hands|Lum Berry|[eat]
|-curestatus|p2a: Iron Hands|brn|[msg]
|move|p2a: Iron Hands|Thunder Punch|p1a: Cinderace
|-damage|p1a: Cinderace|0 fnt
|faint|p1a: Cinderace
|
|-weather|none
|upkeep
|inactive|Separation has 240 seconds left.
|inactive|Separation has 210 seconds left.
|inactive|Separation has 180 seconds left.
|inactive|Separation has 150 seconds left.
|
|t:|1758377827
|switch|p1a: Rillaboom|Rillaboom, F|100/100
|-fieldstart|move: Grassy Terrain|[from] ability: Grassy Surge|[of] p1a: Rillaboom
|turn|7
|
|t:|1758377844
|move|p1a: Rillaboom|Swords Dance|p1a: Rillaboom
|-boost|p1a: Rillaboom|atk|2
|move|p2a: Iron Hands|Drain Punch|p1a: Rillaboom
|-damage|p1a: Rillaboom|24/100
|
|-heal|p1a: Rillaboom|30/100|[from] Grassy Terrain
|-heal|p1a: Rillaboom|36/100|[from] item: Leftovers
|upkeep
|turn|8
|inactive|Separation has 150 seconds left.
|
|t:|1758377856
|move|p1a: Rillaboom|Grassy Glide|p2a: Iron Hands
|-damage|p2a: Iron Hands|49/100
|move|p2a: Iron Hands|Drain Punch|p1a: Rillaboom
|-damage|p1a: Rillaboom|0 fnt
|-heal|p2a: Iron Hands|66/100|[from] drain|[of] p1a: Rillaboom
|faint|p1a: Rillaboom
|
|-heal|p2a: Iron Hands|72/100|[from] Grassy Terrain
|-sideend|p2: ABR|move: Light Screen
|upkeep
|
|t:|1758377866
|switch|p1a: Kyurem|Kyurem|100/100
|-ability|p1a: Kyurem|Pressure
|turn|9
|
|t:|1758377878
|-terastallize|p1a: Kyurem|Ground
|-terastallize|p2a: Iron Hands|Ghost
|move|p1a: Kyurem|Earth Power|p2a: Iron Hands
|-damage|p2a: Iron Hands|34/100
|move|p2a: Iron Hands|Drain Punch|p1a: Kyurem
|-damage|p1a: Kyurem|39/100
|-heal|p2a: Iron Hands|61/100|[from] drain|[of] p1a: Kyurem
|
|-heal|p1a: Kyurem|45/100|[from] Grassy Terrain
|-heal|p2a: Iron Hands|67/100|[from] Grassy Terrain
|upkeep
|turn|10
|
|t:|1758377889
|move|p1a: Kyurem|Ice Beam|p2a: Iron Hands
|-damage|p2a: Iron Hands|26/100
|-status|p2a: Iron Hands|frz
|cant|p2a: Iron Hands|frz
|
|-heal|p1a: Kyurem|51/100|[from] Grassy Terrain
|-heal|p2a: Iron Hands|32/100 frz|[from] Grassy Terrain
|upkeep
|turn|11
|
|t:|1758377898
|-end|p2a: Iron Hands|Quark Drive|[silent]
|switch|p2a: Zamazenta|Zamazenta|94/100 tox
|move|p1a: Kyurem|Ice Beam|p2a: Zamazenta
|-crit|p2a: Zamazenta
|-damage|p2a: Zamazenta|37/100 tox
|
|-heal|p2a: Zamazenta|43/100 tox|[from] Grassy Terrain
|-heal|p1a: Kyurem|57/100|[from] Grassy Terrain
|-damage|p2a: Zamazenta|37/100 tox|[from] psn
|-fieldend|move: Grassy Terrain
|upkeep
|turn|12
|inactive|Separation has 150 seconds left.
|
|t:|1758377923
|move|p2a: Zamazenta|Light Screen|p2a: Zamazenta
|-sidestart|p2: ABR|move: Light Screen
|move|p1a: Kyurem|Ice Beam|p2a: Zamazenta
|-damage|p2a: Zamazenta|19/100 tox
|
|-damage|p2a: Zamazenta|6/100 tox|[from] psn
|upkeep
|turn|13
|inactive|Separation has 150 seconds left.
|inactive|ABR has 240 seconds left.
|
|t:|1758377958
|move|p2a: Zamazenta|Steel Beam|p1a: Kyurem
|-damage|p1a: Kyurem|40/100
|-damage|p2a: Zamazenta|0 fnt|[from] steelbeam
|faint|p2a: Zamazenta
|move|p1a: Kyurem|Ice Beam|p2: Zamazenta|[notarget]
|-fail|p1a: Kyurem
|
|upkeep
|inactive|ABR has 210 seconds left.
|inactive|ABR has 180 seconds left.
|inactive|ABR has 150 seconds left.
|
|t:|1758378058
|switch|p2a: Hatterene|Hatterene, F|100/100
|turn|14
|
|t:|1758378066
|move|p1a: Kyurem|Ice Beam|p2a: Hatterene
|-damage|p2a: Hatterene|73/100
|move|p2a: Hatterene|Calm Mind|p2a: Hatterene
|-boost|p2a: Hatterene|spa|1
|-boost|p2a: Hatterene|spd|1
|
|-heal|p2a: Hatterene|79/100|[from] item: Leftovers
|upkeep
|turn|15
|inactive|ABR has 150 seconds left.
|
|t:|1758378081
|switch|p1a: Corviknight|Corviknight, M|100/100
|-ability|p1a: Corviknight|Pressure
|move|p2a: Hatterene|Substitute|p2a: Hatterene
|-start|p2a: Hatterene|Substitute
|-damage|p2a: Hatterene|54/100
|
|-heal|p2a: Hatterene|60/100|[from] item: Leftovers
|upkeep
|turn|16
|
|t:|1758378089
|move|p1a: Corviknight|Iron Defense|p1a: Corviknight
|-boost|p1a: Corviknight|def|2
|move|p2a: Hatterene|Calm Mind|p2a: Hatterene
|-boost|p2a: Hatterene|spa|1
|-boost|p2a: Hatterene|spd|1
|
|-heal|p2a: Hatterene|66/100|[from] item: Leftovers
|upkeep
|turn|17
|inactive|ABR has 150 seconds left.
|
|t:|1758378110
|move|p1a: Corviknight|Iron Defense|p1a: Corviknight
|-boost|p1a: Corviknight|def|2
|move|p2a: Hatterene|Calm Mind|p2a: Hatterene
|-boost|p2a: Hatterene|spa|1
|-boost|p2a: Hatterene|spd|1
|
|-heal|p2a: Hatterene|72/100|[from] item: Leftovers
|upkeep
|turn|18
|inactive|ABR has 150 seconds left.
|
|t:|1758378117
|move|p1a: Corviknight|Iron Defense|p1a: Corviknight
|-boost|p1a: Corviknight|def|2
|move|p2a: Hatterene|Stored Power|p1a: Corviknight
|-resisted|p1a: Corviknight
|-damage|p1a: Corviknight|25/100
|
|-heal|p2a: Hatterene|78/100|[from] item: Leftovers
|upkeep
|turn|19
|
|t:|1758378122
|move|p1a: Corviknight|Body Press|p2a: Hatterene
|-resisted|p2a: Hatterene
|-crit|p2a: Hatterene
|-end|p2a: Hatterene|Substitute
|move|p2a: Hatterene|Stored Power|p1a: Corviknight
|-resisted|p1a: Corviknight
|-damage|p1a: Corviknight|0 fnt
|faint|p1a: Corviknight
|
|-heal|p2a: Hatterene|84/100|[from] item: Leftovers
|-sideend|p2: ABR|move: Light Screen
|upkeep
|
|t:|1758378125
|switch|p1a: Kyurem|Kyurem, tera:Ground|40/100
|-ability|p1a: Kyurem|Pressure
|turn|20
|
|t:|1758378128
|move|p1a: Kyurem|Ice Beam|p2a: Hatterene
|-damage|p2a: Hatterene|65/100
|move|p2a: Hatterene|Stored Power|p1a: Kyurem
|-crit|p1a: Kyurem
|-damage|p1a: Kyurem|0 fnt
|faint|p1a: Kyurem
|
|-heal|p2a: Hatterene|71/100|[from] item: Leftovers
|upkeep
|
|t:|1758378131
|switch|p1a: Slowking|Slowking-Galar, F|100/100
|turn|21
|
|t:|1758378133
|move|p2a: Hatterene|Stored Power|p1a: Slowking
|-damage|p1a: Slowking|10/100
|move|p1a: Slowking|Psychic Noise|p2a: Hatterene
|-resisted|p2a: Hatterene
|-damage|p2a: Hatterene|65/100
|-start|p2a: Hatterene|move: Heal Block
|
|upkeep
|turn|22
|c|☆ABR|this ones for u blunder
|c|☆ABR|xoxo
|c|☆ABR|gg
|
|t:|1758378144
|move|p2a: Hatterene|Stored Power|p1a: Slowking
|-damage|p1a: Slowking|0 fnt
|faint|p1a: Slowking
|
|win|ABR
|c|☆Separation|gg
|player|p1|
|player|p2|
