|j|☆waha8
|j|☆mario_1060
|t:|1758284652
|gametype|singles
|player|p1|waha8|170|1360
|player|p2|mario_1060|steven|1351
|gen|9
|tier|[Gen 9] OU
|rated|
|rule|HP Percentage Mod: HP is shown in percentages
|rule|Endless Battle Clause: Forcing endless battles is banned
|rule|Species Clause: Limit one of each Pokémon
|rule|OHKO Clause: OHKO moves are banned
|rule|Evasion Items Clause: Evasion items are banned
|rule|Evasion Moves Clause: Evasion moves are banned
|rule|Evasion Abilities Clause: Evasion abilities are banned
|rule|Sleep Moves Clause: Sleep-inducing moves are banned
|clearpoke
|poke|p1|Blaziken, F|
|poke|p1|Ninetales, M|
|poke|p1|Indeedee, M|
|poke|p1|Hatterene, F|
|poke|p1|Slowbro-Galar, M|
|poke|p1|Cinderace, M|
|poke|p2|Pelipper, M|
|poke|p2|Manaphy|
|poke|p2|Rillaboom, M|
|poke|p2|Iron Treads|
|poke|p2|Iron Valiant|
|poke|p2|Raging Bolt|
|teampreview
|
|t:|1758284660
|teamsize|p1|6
|teamsize|p2|6
|start
|switch|p1a: DeeDee|Indeedee, M|100/100
|switch|p2a: Pepe|Pelipper, M|100/100
|-fieldstart|move: Psychic Terrain|[from] ability: Psychic Surge|[of] p1a: DeeDee
|-weather|RainDance|[from] ability: Drizzle|[of] p2a: Pepe
|turn|1
|
|t:|1758284667
|move|p1a: DeeDee|Expanding Force|p2a: Pepe
|-damage|p2a: Pepe|0 fnt
|faint|p2a: Pepe
|
|-weather|RainDance|[upkeep]
|upkeep
|inactive|Battle timer is ON: inactive players will automatically lose when time's up. (requested by waha8)
|
|t:|1758284706
|switch|p2a: Ragin' Dil-Do|Raging Bolt|100/100
|turn|2
|
|t:|1758284711
|move|p1a: DeeDee|Expanding Force|p2a: Ragin' Dil-Do
|-damage|p2a: Ragin' Dil-Do|36/100
|move|p2a: Ragin' Dil-Do|Calm Mind|p2a: Ragin' Dil-Do
|-boost|p2a: Ragin' Dil-Do|spa|1
|-boost|p2a: Ragin' Dil-Do|spd|1
|
|-weather|RainDance|[upkeep]
|-heal|p2a: Ragin' Dil-Do|42/100|[from] item: Leftovers
|upkeep
|turn|3
|
|t:|1758284729
|move|p1a: DeeDee|Encore|p2a: Ragin' Dil-Do
|-start|p2a: Ragin' Dil-Do|Encore
|move|p2a: Ragin' Dil-Do|Calm Mind|p2a: Ragin' Dil-Do
|-boost|p2a: Ragin' Dil-Do|spa|1
|-boost|p2a: Ragin' Dil-Do|spd|1
|
|-weather|RainDance|[upkeep]
|-heal|p2a: Ragin' Dil-Do|48/100|[from] item: Leftovers
|upkeep
|turn|4
|
|t:|1758284739
|switch|p1a: CaptFalcon|Blaziken, F|100/100
|move|p2a: Ragin' Dil-Do|Calm Mind|p2a: Ragin' Dil-Do
|-boost|p2a: Ragin' Dil-Do|spa|1
|-boost|p2a: Ragin' Dil-Do|spd|1
|
|-weather|RainDance|[upkeep]
|-heal|p2a: Ragin' Dil-Do|54/100|[from] item: Leftovers
|upkeep
|turn|5
|
|t:|1758284755
|move|p1a: CaptFalcon|Focus Energy|p1a: CaptFalcon
|-start|p1a: CaptFalcon|move: Focus Energy
|move|p2a: Ragin' Dil-Do|Calm Mind|p2a: Ragin' Dil-Do
|-boost|p2a: Ragin' Dil-Do|spa|1
|-boost|p2a: Ragin' Dil-Do|spd|1
|
|-weather|RainDance|[upkeep]
|-heal|p2a: Ragin' Dil-Do|61/100|[from] item: Leftovers
|-end|p2a: Ragin' Dil-Do|Encore
|-ability|p1a: CaptFalcon|Speed Boost|boost
|-boost|p1a: CaptFalcon|spe|1
|upkeep
|turn|6
|
|t:|1758284773
|-terastallize|p2a: Ragin' Dil-Do|Fairy
|move|p1a: CaptFalcon|Close Combat|p2a: Ragin' Dil-Do
|-resisted|p2a: Ragin' Dil-Do
|-crit|p2a: Ragin' Dil-Do
|-damage|p2a: Ragin' Dil-Do|21/100
|-unboost|p1a: CaptFalcon|def|1
|-unboost|p1a: CaptFalcon|spd|1
|move|p2a: Ragin' Dil-Do|Dragon Pulse|p1a: CaptFalcon
|-damage|p1a: CaptFalcon|0 fnt
|faint|p1a: CaptFalcon
|
|-weather|RainDance|[upkeep]
|-heal|p2a: Ragin' Dil-Do|27/100|[from] item: Leftovers
|upkeep
|
|t:|1758284791
|switch|p1a: ReverseUNO|Cinderace, M|100/100
|turn|7
|
|t:|1758284813
|move|p1a: ReverseUNO|Gunk Shot|p2a: Ragin' Dil-Do|[miss]
|-start|p1a: ReverseUNO|typechange|Poison|[from] ability: Libero
|-miss|p1a: ReverseUNO|p2a: Ragin' Dil-Do
|move|p2a: Ragin' Dil-Do|Dragon Pulse|p1a: ReverseUNO
|-damage|p1a: ReverseUNO|0 fnt
|faint|p1a: ReverseUNO
|
|-weather|RainDance|[upkeep]
|-heal|p2a: Ragin' Dil-Do|33/100|[from] item: Leftovers
|upkeep
|-message|waha8 forfeited.
|
|win|mario_1060
|raw|waha8's rating: 1360 &rarr; <strong>1339</strong><br />(-21 for losing)
|raw|mario_1060's rating: 1351 &rarr; <strong>1372</strong><br />(+21 for winning)
|l|☆waha8
|player|p1|
|l|☆mario_1060
|player|p2|
