|j|☆carloss prates
|j|☆saeyouwontletgo
|t:|1758269159
|gametype|singles
|player|p1|carloss prates|bruno|1622
|player|p2|saeyouwontletgo|102|1685
|gen|9
|tier|[Gen 9] OU
|rated|
|rule|HP Percentage Mod: HP is shown in percentages
|rule|Endless Battle Clause: Forcing endless battles is banned
|rule|Species Clause: Limit one of each Pokémon
|rule|OHKO Clause: OHKO moves are banned
|rule|Evasion Items Clause: Evasion items are banned
|rule|Evasion Moves Clause: Evasion moves are banned
|rule|Evasion Abilities Clause: Evasion abilities are banned
|rule|Sleep Moves Clause: Sleep-inducing moves are banned
|clearpoke
|poke|p1|Ninetales-Alola, F|
|poke|p1|Dondozo, M|
|poke|p1|Iron Treads|
|poke|p1|Kyurem|
|poke|p1|Comfey, F|
|poke|p1|Polteageist|
|poke|p2|Pecharunt|
|poke|p2|Great Tusk|
|poke|p2|Ogerpon-Wellspring, F|
|poke|p2|Iron Crown|
|poke|p2|Landorus-Therian, M|
|poke|p2|Samurott-Hisui, F|
|teampreview
|inactive|Battle timer is ON: inactive players will automatically lose when time's up. (requested by saeyouwontletgo)
|
|t:|1758269167
|teamsize|p1|6
|teamsize|p2|6
|start
|switch|p1a: Kyurem|Kyurem|100/100
|switch|p2a: Iron Crown|Iron Crown|100/100
|-ability|p1a: Kyurem|Pressure
|turn|1
|
|t:|1758269171
|switch|p1a: Iron Treads|Iron Treads|100/100
|-enditem|p1a: Iron Treads|Booster Energy
|-activate|p1a: Iron Treads|ability: Quark Drive|[fromitem]
|-start|p1a: Iron Treads|quarkdrivespe
|move|p2a: Iron Crown|Tachyon Cutter|p1a: Iron Treads
|-resisted|p1a: Iron Treads
|-damage|p1a: Iron Treads|75/100
|-resisted|p1a: Iron Treads
|-damage|p1a: Iron Treads|47/100
|-hitcount|p1a: Iron Treads|2
|
|upkeep
|turn|2
|
|t:|1758269175
|move|p1a: Iron Treads|Stealth Rock|p2a: Iron Crown
|-sidestart|p2: saeyouwontletgo|move: Stealth Rock
|move|p2a: Iron Crown|Tachyon Cutter|p1a: Iron Treads
|-resisted|p1a: Iron Treads
|-damage|p1a: Iron Treads|22/100
|-resisted|p1a: Iron Treads
|-crit|p1a: Iron Treads
|-damage|p1a: Iron Treads|0 fnt
|faint|p1a: Iron Treads
|-end|p1a: Iron Treads|Quark Drive|[silent]
|-hitcount|p1: Iron Treads|2
|
|upkeep
|j| burger with pickle
|
|t:|1758269177
|switch|p1a: Dondozo|Dondozo, M|100/100
|turn|3
|
|t:|1758269190
|-end|p2a: Iron Crown|Quark Drive|[silent]
|switch|p2a: Great Tusk|Great Tusk|100/100
|-damage|p2a: Great Tusk|98/100|[from] Stealth Rock
|-enditem|p2a: Great Tusk|Booster Energy
|-activate|p2a: Great Tusk|ability: Protosynthesis|[fromitem]
|-start|p2a: Great Tusk|protosynthesisspe
|switch|p1a: Kyurem|Kyurem|100/100
|-ability|p1a: Kyurem|Pressure
|
|upkeep
|turn|4
|
|t:|1758269194
|move|p2a: Great Tusk|Rapid Spin|p1a: Kyurem
|-damage|p1a: Kyurem|85/100
|-boost|p2a: Great Tusk|spe|1
|-sideend|p2: saeyouwontletgo|Stealth Rock|[from] move: Rapid Spin|[of] p2a: Great Tusk
|move|p1a: Kyurem|Icicle Spear|p2a: Great Tusk
|-supereffective|p2a: Great Tusk
|-damage|p2a: Great Tusk|78/100
|-supereffective|p2a: Great Tusk
|-damage|p2a: Great Tusk|60/100
|-supereffective|p2a: Great Tusk
|-damage|p2a: Great Tusk|42/100
|-hitcount|p2a: Great Tusk|3
|
|upkeep
|turn|5
|j| wgw2333
|
|t:|1758269205
|move|p2a: Great Tusk|Headlong Rush|p1a: Kyurem
|-damage|p1a: Kyurem|34/100
|-unboost|p2a: Great Tusk|def|1
|-unboost|p2a: Great Tusk|spd|1
|move|p1a: Kyurem|Freeze-Dry|p2a: Great Tusk
|-supereffective|p2a: Great Tusk
|-damage|p2a: Great Tusk|0 fnt
|faint|p2a: Great Tusk
|-end|p2a: Great Tusk|Protosynthesis|[silent]
|
|upkeep
|
|t:|1758269208
|switch|p2a: Iron Crown|Iron Crown|100/100
|turn|6
|
|t:|1758269210
|switch|p1a: Dondozo|Dondozo, M|100/100
|move|p2a: Iron Crown|Tachyon Cutter|p1a: Dondozo
|-resisted|p1a: Dondozo
|-damage|p1a: Dondozo|90/100
|-resisted|p1a: Dondozo
|-damage|p1a: Dondozo|77/100
|-hitcount|p1a: Dondozo|2
|
|-heal|p1a: Dondozo|84/100|[from] item: Leftovers
|upkeep
|turn|7
|
|t:|1758269213
|-end|p2a: Iron Crown|Quark Drive|[silent]
|switch|p2a: Samurott|Samurott-Hisui, F|100/100
|switch|p1a: Kyurem|Kyurem|34/100
|-ability|p1a: Kyurem|Pressure
|
|upkeep
|turn|8
|
|t:|1758269216
|move|p1a: Kyurem|Freeze-Dry|p2a: Samurott
|-supereffective|p2a: Samurott
|-damage|p2a: Samurott|31/100
|move|p2a: Samurott|Ceaseless Edge|p1a: Kyurem
|-damage|p1a: Kyurem|0 fnt
|-sidestart|p1: carloss prates|Spikes
|faint|p1a: Kyurem
|
|upkeep
|
|t:|1758269219
|switch|p1a: Ninetales|Ninetales-Alola, F|100/100
|-damage|p1a: Ninetales|88/100|[from] Spikes
|-weather|Snowscape|[from] ability: Snow Warning|[of] p1a: Ninetales
|turn|9
|
|t:|1758269222
|move|p1a: Ninetales|Aurora Veil|p1a: Ninetales
|-sidestart|p1: carloss prates|move: Aurora Veil
|move|p2a: Samurott|Ceaseless Edge|p1a: Ninetales
|-resisted|p1a: Ninetales
|-damage|p1a: Ninetales|78/100
|-sidestart|p1: carloss prates|Spikes
|
|-weather|Snowscape|[upkeep]
|upkeep
|turn|10
|
|t:|1758269228
|switch|p2a: Pecharunt|Pecharunt|100/100
|move|p1a: Ninetales|Freeze-Dry|p2a: Pecharunt
|-damage|p2a: Pecharunt|79/100
|
|-weather|Snowscape|[upkeep]
|upkeep
|turn|11
|
|t:|1758269233
|move|p1a: Ninetales|Foul Play|p2a: Pecharunt
|-supereffective|p2a: Pecharunt
|-damage|p2a: Pecharunt|65/100
|-damage|p1a: Ninetales|61/100|[from] item: Rocky Helmet|[of] p2a: Pecharunt
|move|p2a: Pecharunt|Recover|p2a: Pecharunt
|-heal|p2a: Pecharunt|100/100
|
|-weather|Snowscape|[upkeep]
|upkeep
|turn|12
|
|t:|1758269236
|move|p1a: Ninetales|Freeze-Dry|p2a: Pecharunt
|-damage|p2a: Pecharunt|80/100
|move|p2a: Pecharunt|Malignant Chain|p1a: Ninetales
|-supereffective|p1a: Ninetales
|-damage|p1a: Ninetales|32/100
|-status|p1a: Ninetales|tox
|-start|p1a: Ninetales|confusion|[from] ability: Poison Puppeteer|[of] p2a: Pecharunt
|
|-weather|Snowscape|[upkeep]
|-damage|p1a: Ninetales|26/100 tox|[from] psn
|upkeep
|turn|13
|
|t:|1758269238
|-activate|p1a: Ninetales|confusion
|move|p1a: Ninetales|Freeze-Dry|p2a: Pecharunt
|-damage|p2a: Pecharunt|59/100
|-status|p2a: Pecharunt|frz
|cant|p2a: Pecharunt|frz
|
|-weather|none
|-damage|p1a: Ninetales|14/100 tox|[from] psn
|upkeep
|turn|14
|
|t:|1758269252
|switch|p1a: Polteageist|Polteageist|100/100
|-damage|p1a: Polteageist|84/100|[from] Spikes
|switch|p2a: Iron Crown|Iron Crown|100/100
|
|upkeep
|turn|15
|
|t:|1758269259
|-terastallize|p2a: Iron Crown|Steel
|move|p2a: Iron Crown|Tachyon Cutter|p1a: Polteageist
|-damage|p1a: Polteageist|60/100
|-damage|p1a: Polteageist|36/100
|-hitcount|p1a: Polteageist|2
|move|p1a: Polteageist|Shell Smash|p1a: Polteageist
|-unboost|p1a: Polteageist|def|1
|-unboost|p1a: Polteageist|spd|1
|-boost|p1a: Polteageist|atk|2
|-boost|p1a: Polteageist|spa|2
|-boost|p1a: Polteageist|spe|2
|-enditem|p1a: Polteageist|White Herb
|-clearnegativeboost|p1a: Polteageist|[silent]
|
|upkeep
|turn|16
|
|t:|1758269271
|-end|p2a: Iron Crown|Quark Drive|[silent]
|switch|p2a: Ogerpon|Ogerpon-Wellspring, F|100/100
|-terastallize|p1a: Polteageist|Fighting
|move|p1a: Polteageist|Tera Blast|p2a: Ogerpon|[anim] Tera Blast Fighting
|-damage|p2a: Ogerpon|27/100
|
|-sideend|p1: carloss prates|move: Aurora Veil
|upkeep
|turn|17
|
|t:|1758269277
|move|p1a: Polteageist|Strength Sap|p2a: Ogerpon
|-unboost|p2a: Ogerpon|atk|1
|-heal|p1a: Polteageist|100/100
|move|p2a: Ogerpon|Ivy Cudgel|p1a: Polteageist|[anim] Ivy Cudgel Water
|-damage|p1a: Polteageist|59/100
|-start|p2a: Ogerpon|Disable|Ivy Cudgel|[from] ability: Cursed Body|[of] p1a: Polteageist
|
|upkeep
|turn|18
|
|t:|1758269283
|move|p1a: Polteageist|Strength Sap|p2a: Ogerpon
|-unboost|p2a: Ogerpon|atk|1
|-heal|p1a: Polteageist|100/100
|move|p2a: Ogerpon|Trailblaze|p1a: Polteageist
|-damage|p1a: Polteageist|86/100
|-boost|p2a: Ogerpon|spe|1
|
|upkeep
|turn|19
|
|t:|1758269295
|switch|p2a: Landorus|Landorus-Therian, M|100/100
|-ability|p2a: Landorus|Intimidate|boost
|-unboost|p1a: Polteageist|atk|1
|move|p1a: Polteageist|Shadow Ball|p2a: Landorus
|-damage|p2a: Landorus|9/100
|
|upkeep
|turn|20
|
|t:|1758269298
|switch|p2a: Ogerpon|Ogerpon-Wellspring, F|27/100
|move|p1a: Polteageist|Shadow Ball|p2a: Ogerpon
|-crit|p2a: Ogerpon
|-damage|p2a: Ogerpon|0 fnt
|faint|p2a: Ogerpon
|
|upkeep
|
|t:|1758269300
|switch|p2a: Iron Crown|Iron Crown, tera:Steel|100/100
|turn|21
|
|t:|1758269303
|move|p1a: Polteageist|Tera Blast|p2a: Iron Crown|[anim] Tera Blast Fighting
|-supereffective|p2a: Iron Crown
|-damage|p2a: Iron Crown|0 fnt
|faint|p2a: Iron Crown
|-end|p2a: Iron Crown|Quark Drive|[silent]
|
|upkeep
|-message|saeyouwontletgo forfeited.
|
|win|carloss prates
|raw|carloss prates's rating: 1622 &rarr; <strong>1646</strong><br />(+24 for winning)
|raw|saeyouwontletgo's rating: 1685 &rarr; <strong>1661</strong><br />(-24 for losing)
|l|☆saeyouwontletgo
|player|p2|
|l|☆carloss prates
|player|p1|
