|j|‽em-hoe-leon
|j|☆Segahay
|t:|1758378598
|gametype|singles
|player|p1|em-hoe-leon|102|1456
|player|p2|Segahay|101|1547
|gen|9
|tier|[Gen 9] OU
|rated|
|rule|HP Percentage Mod: HP is shown in percentages
|rule|Endless Battle Clause: Forcing endless battles is banned
|rule|Species Clause: Limit one of each Pokémon
|rule|OHKO Clause: OHKO moves are banned
|rule|Evasion Items Clause: Evasion items are banned
|rule|Evasion Moves Clause: Evasion moves are banned
|rule|Evasion Abilities Clause: Evasion abilities are banned
|rule|Sleep Moves Clause: Sleep-inducing moves are banned
|clearpoke
|poke|p1|Gallade, M|
|poke|p1|Ogerpon-Wellspring, F|
|poke|p1|Moltres|
|poke|p1|Iron Treads|
|poke|p1|Slowking-Galar, M|
|poke|p1|Weavile, F|
|poke|p2|Rillaboom, F|
|poke|p2|Hawlucha, F|
|poke|p2|Feraligatr, M|
|poke|p2|Slowbro-Galar, F|
|poke|p2|Glimmora, M|
|poke|p2|Mew|
|teampreview
|inactive|Battle timer is ON: inactive players will automatically lose when time's up. (requested by Segahay)
|
|t:|1758378627
|teamsize|p1|6
|teamsize|p2|6
|start
|switch|p1a: Ogerpon|Ogerpon-Wellspring, F|100/100
|switch|p2a: Rillaboom|Rillaboom, F|100/100
|-fieldstart|move: Grassy Terrain|[from] ability: Grassy Surge|[of] p2a: Rillaboom
|turn|1
|
|t:|1758378636
|move|p1a: Ogerpon|U-turn|p2a: Rillaboom
|-supereffective|p2a: Rillaboom
|-damage|p2a: Rillaboom|44/100
|
|t:|1758378639
|switch|p1a: Moltres|Moltres|100/100|[from] U-turn
|-ability|p1a: Moltres|Pressure
|move|p2a: Rillaboom|U-turn|p1a: Moltres
|-resisted|p1a: Moltres
|-damage|p1a: Moltres|96/100
|
|t:|1758378642
|switch|p2a: Glimmora|Glimmora, M|100/100|[from] U-turn
|
|upkeep
|turn|2
|
|t:|1758378650
|switch|p1a: Iron Treads|Iron Treads|100/100
|-enditem|p1a: Iron Treads|Booster Energy
|-activate|p1a: Iron Treads|ability: Quark Drive|[fromitem]
|-start|p1a: Iron Treads|quarkdrivespe
|move|p2a: Glimmora|Meteor Beam||[still]
|-prepare|p2a: Glimmora|Meteor Beam
|-boost|p2a: Glimmora|spa|1
|-enditem|p2a: Glimmora|Power Herb
|-anim|p2a: Glimmora|Meteor Beam|p1a: Iron Treads
|-resisted|p1a: Iron Treads
|-damage|p1a: Iron Treads|71/100
|
|-heal|p1a: Iron Treads|77/100|[from] Grassy Terrain
|upkeep
|turn|3
|
|t:|1758378668
|move|p1a: Iron Treads|Earthquake|p2a: Glimmora
|-supereffective|p2a: Glimmora
|-damage|p2a: Glimmora|3/100
|-activate|p2a: Glimmora|ability: Toxic Debris
|-sidestart|p1: em-hoe-leon|move: Toxic Spikes
|move|p2a: Glimmora|Energy Ball|p1a: Iron Treads
|-damage|p1a: Iron Treads|2/100
|
|-heal|p1a: Iron Treads|8/100|[from] Grassy Terrain
|-heal|p2a: Glimmora|9/100|[from] Grassy Terrain
|upkeep
|turn|4
|
|t:|1758378677
|move|p1a: Iron Treads|Rapid Spin|p2a: Glimmora
|-resisted|p2a: Glimmora
|-damage|p2a: Glimmora|1/100
|-boost|p1a: Iron Treads|spe|1
|-activate|p2a: Glimmora|ability: Toxic Debris
|-sidestart|p1: em-hoe-leon|move: Toxic Spikes
|-sideend|p1: em-hoe-leon|Toxic Spikes|[from] move: Rapid Spin|[of] p1a: Iron Treads
|move|p2a: Glimmora|Power Gem|p1a: Iron Treads
|-resisted|p1a: Iron Treads
|-damage|p1a: Iron Treads|0 fnt
|faint|p1a: Iron Treads
|-end|p1a: Iron Treads|Quark Drive|[silent]
|
|-heal|p2a: Glimmora|7/100|[from] Grassy Terrain
|upkeep
|
|t:|1758378696
|switch|p1a: Ogerpon|Ogerpon-Wellspring, F|100/100
|turn|5
|
|t:|1758378699
|move|p1a: Ogerpon|U-turn|p2a: Glimmora
|-resisted|p2a: Glimmora
|-damage|p2a: Glimmora|0 fnt
|-activate|p2a: Glimmora|ability: Toxic Debris
|-sidestart|p1: em-hoe-leon|move: Toxic Spikes
|faint|p2a: Glimmora
|
|t:|1758378705
|switch|p1a: Slowking|Slowking-Galar, M|100/100|[from] U-turn
|-sideend|p1: em-hoe-leon|move: Toxic Spikes|[of] p1a: Slowking
|
|-fieldend|move: Grassy Terrain
|upkeep
|
|t:|1758378707
|switch|p2a: Rillaboom|Rillaboom, F|44/100
|-fieldstart|move: Grassy Terrain|[from] ability: Grassy Surge|[of] p2a: Rillaboom
|turn|6
|
|t:|1758378713
|move|p2a: Rillaboom|Knock Off|p1a: Slowking
|-supereffective|p1a: Slowking
|-damage|p1a: Slowking|24/100
|-enditem|p1a: Slowking|Heavy-Duty Boots|[from] move: Knock Off|[of] p2a: Rillaboom
|move|p1a: Slowking|Sludge Bomb|p2a: Rillaboom
|-supereffective|p2a: Rillaboom
|-damage|p2a: Rillaboom|0 fnt
|faint|p2a: Rillaboom
|
|-heal|p1a: Slowking|30/100|[from] Grassy Terrain
|upkeep
|
|t:|1758378717
|switch|p2a: Feraligatr|Feraligatr, M|100/100
|turn|7
|
|t:|1758378724
|switch|p1a: Ogerpon|Ogerpon-Wellspring, F|100/100
|move|p2a: Feraligatr|Ice Punch|p1a: Ogerpon
|-damage|p1a: Ogerpon|53/100
|
|-heal|p1a: Ogerpon|59/100|[from] Grassy Terrain
|upkeep
|turn|8
|
|t:|1758378735
|switch|p2a: Hawlucha|Hawlucha, F|100/100
|-enditem|p2a: Hawlucha|Grassy Seed
|-boost|p2a: Hawlucha|def|1|[from] item: Grassy Seed
|move|p1a: Ogerpon|Knock Off|p2a: Hawlucha
|-resisted|p2a: Hawlucha
|-damage|p2a: Hawlucha|87/100
|
|-heal|p1a: Ogerpon|65/100|[from] Grassy Terrain
|upkeep
|turn|9
|
|t:|1758378744
|switch|p1a: Moltres|Moltres|96/100
|-ability|p1a: Moltres|Pressure
|move|p2a: Hawlucha|Swords Dance|p2a: Hawlucha
|-boost|p2a: Hawlucha|atk|2
|
|upkeep
|turn|10
|
|t:|1758378755
|move|p2a: Hawlucha|Substitute|p2a: Hawlucha
|-start|p2a: Hawlucha|Substitute
|-damage|p2a: Hawlucha|62/100
|move|p1a: Moltres|Flamethrower|p2a: Hawlucha
|-end|p2a: Hawlucha|Substitute
|
|-fieldend|move: Grassy Terrain
|upkeep
|turn|11
|
|t:|1758378772
|move|p2a: Hawlucha|Acrobatics|p1a: Moltres
|-damage|p1a: Moltres|29/100
|move|p1a: Moltres|Flamethrower|p2a: Hawlucha
|-damage|p2a: Hawlucha|0 fnt
|faint|p2a: Hawlucha
|
|upkeep
|
|t:|1758378774
|switch|p2a: Feraligatr|Feraligatr, M|100/100
|turn|12
|
|t:|1758378787
|move|p2a: Feraligatr|Dragon Dance|p2a: Feraligatr
|-boost|p2a: Feraligatr|atk|1
|-boost|p2a: Feraligatr|spe|1
|move|p1a: Moltres|Will-O-Wisp|p2a: Feraligatr
|-status|p2a: Feraligatr|brn
|
|-damage|p2a: Feraligatr|94/100 brn|[from] brn
|upkeep
|turn|13
|
|t:|1758378798
|move|p2a: Feraligatr|Ice Punch|p1a: Moltres
|-damage|p1a: Moltres|10/100
|move|p1a: Moltres|Flamethrower|p2a: Feraligatr
|-resisted|p2a: Feraligatr
|-damage|p2a: Feraligatr|70/100 brn
|
|-damage|p2a: Feraligatr|64/100 brn|[from] brn
|upkeep
|turn|14
|j| victini092
|
|t:|1758378806
|move|p2a: Feraligatr|Ice Punch|p1a: Moltres
|-damage|p1a: Moltres|0 fnt
|faint|p1a: Moltres
|
|-damage|p2a: Feraligatr|58/100 brn|[from] brn
|upkeep
|
|t:|1758378831
|switch|p1a: Ogerpon|Ogerpon-Wellspring, F|65/100
|turn|15
|
|t:|1758378834
|move|p2a: Feraligatr|Ice Punch|p1a: Ogerpon
|-damage|p1a: Ogerpon|27/100
|move|p1a: Ogerpon|Knock Off|p2a: Feraligatr
|-damage|p2a: Feraligatr|19/100 brn
|-enditem|p2a: Feraligatr|Life Orb|[from] move: Knock Off|[of] p1a: Ogerpon
|
|-damage|p2a: Feraligatr|13/100 brn|[from] brn
|upkeep
|turn|16
|
|t:|1758378844
|move|p2a: Feraligatr|Ice Punch|p1a: Ogerpon
|-damage|p1a: Ogerpon|0 fnt
|faint|p1a: Ogerpon
|
|-damage|p2a: Feraligatr|7/100 brn|[from] brn
|upkeep
|inactive|em-hoe-leon has 120 seconds left.
|
|t:|1758378869
|switch|p1a: Slowking|Slowking-Galar, M|63/100
|turn|17
|
|t:|1758378875
|move|p2a: Feraligatr|Liquidation|p1a: Slowking
|-damage|p1a: Slowking|25/100
|-prepare|p1a: Slowking|Chilly Reception|[premajor]
|move|p1a: Slowking|Chilly Reception|p1a: Slowking
|-weather|Snowscape
|
|t:|1758378881
|switch|p1a: Weavile|Weavile, F|100/100|[from] Chilly Reception
|-ability|p1a: Weavile|Pressure
|
|-weather|Snowscape|[upkeep]
|-damage|p2a: Feraligatr|0 fnt|[from] brn
|faint|p2a: Feraligatr
|upkeep
|
|t:|1758378883
|switch|p2a: Mew|Mew|100/100
|turn|18
|
|t:|1758378892
|move|p1a: Weavile|Knock Off|p2a: Mew
|-supereffective|p2a: Mew
|-damage|p2a: Mew|31/100
|-enditem|p2a: Mew|Weakness Policy
|-boost|p2a: Mew|atk|2|[from] item: Weakness Policy
|-boost|p2a: Mew|spa|2|[from] item: Weakness Policy
|move|p2a: Mew|Agility|p2a: Mew
|-boost|p2a: Mew|spe|2
|
|-weather|Snowscape|[upkeep]
|upkeep
|turn|19
|
|t:|1758378917
|switch|p1a: Slowking|Slowking-Galar, M|58/100
|-terastallize|p2a: Mew|Fairy
|move|p2a: Mew|Draining Kiss|p1a: Slowking
|-resisted|p1a: Slowking
|-crit|p1a: Slowking
|-damage|p1a: Slowking|31/100
|-heal|p2a: Mew|55/100|[from] drain|[of] p1a: Slowking
|
|-weather|Snowscape|[upkeep]
|upkeep
|turn|20
|
|t:|1758378931
|switch|p1a: Weavile|Weavile, F|100/100
|-ability|p1a: Weavile|Pressure
|move|p2a: Mew|Stored Power|p1a: Weavile
|-immune|p1a: Weavile
|
|-weather|Snowscape|[upkeep]
|upkeep
|turn|21
|inactive|em-hoe-leon has 120 seconds left.
|
|t:|1758378946
|-terastallize|p1a: Weavile|Ice
|move|p2a: Mew|Vacuum Wave|p1a: Weavile
|-supereffective|p1a: Weavile
|-damage|p1a: Weavile|33/100
|move|p1a: Weavile|Triple Axel|p2a: Mew
|-damage|p2a: Mew|44/100
|-damage|p2a: Mew|24/100
|-damage|p2a: Mew|0 fnt
|faint|p2a: Mew
|-hitcount|p2: Mew|3
|
|-weather|none
|upkeep
|
|t:|1758378950
|switch|p2a: Slowbro|Slowbro-Galar, F, shiny|100/100
|turn|22
|-activate|p2a: Slowbro|ability: Quick Draw
|
|t:|1758378961
|move|p2a: Slowbro|Psychic|p1a: Weavile
|-damage|p1a: Weavile|0 fnt
|faint|p1a: Weavile
|
|upkeep
|
|t:|1758378966
|switch|p1a: Slowking|Slowking-Galar, M|64/100
|turn|23
|-activate|p2a: Slowbro|item: Quick Claw
|
|t:|1758378971
|move|p2a: Slowbro|Psychic|p1a: Slowking
|-damage|p1a: Slowking|40/100
|move|p1a: Slowking|Future Sight|p2a: Slowbro
|-start|p1a: Slowking|move: Future Sight
|
|upkeep
|turn|24
|-activate|p2a: Slowbro|item: Quick Claw
|
|t:|1758378976
|move|p2a: Slowbro|Psychic|p1a: Slowking
|-damage|p1a: Slowking|17/100
|-prepare|p1a: Slowking|Chilly Reception|[premajor]
|move|p1a: Slowking|Chilly Reception|p1a: Slowking
|-weather|Snowscape
|inactive|em-hoe-leon has 120 seconds left.
|
|t:|1758379002
|switch|p1a: Gallade|Gallade, M|100/100|[from] Chilly Reception
|
|-weather|Snowscape|[upkeep]
|upkeep
|turn|25
|-activate|p2a: Slowbro|item: Quick Claw
|
|t:|1758379011
|move|p2a: Slowbro|Shell Side Arm|p1a: Gallade|[anim] Shell Side Arm Physical
|-damage|p1a: Gallade|32/100
|-hint|Physical Shell Side Arm
|move|p1a: Gallade|Night Slash|p2a: Slowbro
|-supereffective|p2a: Slowbro
|-crit|p2a: Slowbro
|-damage|p2a: Slowbro|0 fnt
|faint|p2a: Slowbro
|-damage|p1a: Gallade|22/100|[from] item: Life Orb
|
|win|em-hoe-leon
|raw|em-hoe-leon's rating: 1456 &rarr; <strong>1481</strong><br />(+25 for winning)
|raw|Segahay's rating: 1547 &rarr; <strong>1522</strong><br />(-25 for losing)
|c|☆Segahay|Gg
|l|☆Segahay
|player|p2|
|l|‽em-hoe-leon
|player|p1|
