|j|☆cynthiafan#6769
|j|☆RNG Savage
|t:|1758352326
|gametype|singles
|player|p1|cynthiafan#6769|lucas|1306
|player|p2|RNG Savage|giovanni-gen3|1286
|gen|9
|tier|[Gen 9] OU
|rated|
|rule|HP Percentage Mod: HP is shown in percentages
|rule|Endless Battle Clause: Forcing endless battles is banned
|rule|Species Clause: Limit one of each Pokémon
|rule|OHKO Clause: OHKO moves are banned
|rule|Evasion Items Clause: Evasion items are banned
|rule|Evasion Moves Clause: Evasion moves are banned
|rule|Evasion Abilities Clause: Evasion abilities are banned
|rule|Sleep Moves Clause: Sleep-inducing moves are banned
|clearpoke
|poke|p1|Great Tusk|
|poke|p1|Scizor, F|
|poke|p1|Raging Bolt|
|poke|p1|Kingambit, F|
|poke|p1|Slowking-Galar, F|
|poke|p1|Sinistcha|
|poke|p2|Skarmory, M|
|poke|p2|Gyarados, M|
|poke|p2|Weavile, M|
|poke|p2|Magnezone|
|poke|p2|Zoroark-Hisui, F|
|poke|p2|Electivire, M|
|teampreview
|
|t:|1758352348
|teamsize|p1|6
|teamsize|p2|6
|start
|switch|p1a: Slowking|Slowking-Galar, F|100/100
|switch|p2a: Weavile|Weavile, M|100/100
|turn|1
|
|t:|1758352366
|move|p2a: Weavile|Knock Off|p1a: Slowking
|-supereffective|p1a: Slowking
|-damage|p1a: Slowking|0 fnt
|-enditem|p1a: Slowking|Heavy-Duty Boots|[from] move: Knock Off|[of] p2a: Weavile
|faint|p1a: Slowking
|
|upkeep
|
|t:|1758352379
|switch|p1a: Scizor|Scizor, F|100/100
|turn|2
|
|t:|1758352400
|switch|p2a: Gyarados|Gyarados, M, shiny|100/100
|move|p1a: Scizor|Knock Off|p2a: Gyarados
|-damage|p2a: Gyarados|48/100
|-enditem|p2a: Gyarados|Covert Cloak|[from] move: Knock Off|[of] p1a: Scizor
|
|upkeep
|turn|3
|
|t:|1758352411
|switch|p1a: Sinistcha|Sinistcha|100/100
|move|p2a: Gyarados|Thunder Wave|p1a: Sinistcha
|-status|p1a: Sinistcha|par
|
|upkeep
|turn|4
|
|t:|1758352416
|move|p2a: Gyarados|Taunt|p1a: Sinistcha
|-start|p1a: Sinistcha|move: Taunt
|cant|p1a: Sinistcha|move: Taunt|Strength Sap
|
|upkeep
|turn|5
|
|t:|1758352420
|move|p2a: Gyarados|Earthquake|p1a: Sinistcha
|-resisted|p1a: Sinistcha
|-damage|p1a: Sinistcha|90/100 par
|move|p1a: Sinistcha|Shadow Ball|p2a: Gyarados
|-damage|p2a: Gyarados|12/100
|
|-heal|p1a: Sinistcha|96/100 par|[from] item: Leftovers
|upkeep
|turn|6
|
|t:|1758352427
|move|p2a: Gyarados|Earthquake|p1a: Sinistcha
|-resisted|p1a: Sinistcha
|-damage|p1a: Sinistcha|85/100 par
|move|p1a: Sinistcha|Matcha Gotcha|p2a: Gyarados|[miss]
|-miss|p1a: Sinistcha|p2a: Gyarados
|
|-heal|p1a: Sinistcha|91/100 par|[from] item: Leftovers
|-end|p1a: Sinistcha|move: Taunt
|upkeep
|turn|7
|
|t:|1758352429
|move|p2a: Gyarados|Taunt|p1a: Sinistcha
|-start|p1a: Sinistcha|move: Taunt
|move|p1a: Sinistcha|Matcha Gotcha|p2a: Gyarados
|-damage|p2a: Gyarados|0 fnt
|-heal|p1a: Sinistcha|97/100 par|[from] drain|[of] p2a: Gyarados
|faint|p2a: Gyarados
|
|-heal|p1a: Sinistcha|100/100 par|[from] item: Leftovers
|upkeep
|
|t:|1758352431
|switch|p2a: Weavile|Weavile, M|100/100
|turn|8
|
|t:|1758352435
|switch|p1a: Scizor|Scizor, F|100/100
|move|p2a: Weavile|Knock Off|p1a: Scizor
|-damage|p1a: Scizor|49/100
|-enditem|p1a: Scizor|Choice Band|[from] move: Knock Off|[of] p2a: Weavile
|
|upkeep
|turn|9
|
|t:|1758352445
|switch|p2a: Skarmory|Skarmory, M, shiny|100/100
|move|p1a: Scizor|Bullet Punch|p2a: Skarmory
|-resisted|p2a: Skarmory
|-damage|p2a: Skarmory|85/100
|-damage|p1a: Scizor|33/100|[from] item: Rocky Helmet|[of] p2a: Skarmory
|
|upkeep
|turn|10
|
|t:|1758352452
|move|p2a: Skarmory|Stealth Rock|p1a: Scizor
|-sidestart|p1: cynthiafan#6769|move: Stealth Rock
|move|p1a: Scizor|U-turn|p2a: Skarmory
|-resisted|p2a: Skarmory
|-damage|p2a: Skarmory|75/100
|-damage|p1a: Scizor|16/100|[from] item: Rocky Helmet|[of] p2a: Skarmory
|
|t:|1758352455
|switch|p1a: Great Tusk|Great Tusk|100/100|[from] U-turn
|-damage|p1a: Great Tusk|98/100|[from] Stealth Rock
|
|-heal|p1a: Great Tusk|100/100|[from] item: Leftovers
|upkeep
|turn|11
|
|t:|1758352463
|-terastallize|p2a: Skarmory|Ghost
|move|p1a: Great Tusk|Knock Off|p2a: Skarmory
|-supereffective|p2a: Skarmory
|-damage|p2a: Skarmory|22/100
|-damage|p1a: Great Tusk|84/100|[from] item: Rocky Helmet|[of] p2a: Skarmory
|-enditem|p2a: Skarmory|Rocky Helmet|[from] move: Knock Off|[of] p1a: Great Tusk
|move|p2a: Skarmory|Brave Bird|p1a: Great Tusk
|-supereffective|p1a: Great Tusk
|-damage|p1a: Great Tusk|19/100
|-damage|p2a: Skarmory|0 fnt|[from] Recoil
|faint|p2a: Skarmory
|
|-heal|p1a: Great Tusk|25/100|[from] item: Leftovers
|upkeep
|
|t:|1758352468
|switch|p2a: Electivire|Electivire, M, shiny|100/100
|turn|12
|
|t:|1758352474
|move|p2a: Electivire|Hyper Voice|p1a: Great Tusk
|-damage|p1a: Great Tusk|0 fnt
|faint|p1a: Great Tusk
|-end|p1a: Great Tusk|Protosynthesis|[silent]
|-enditem|p2a: Electivire|Throat Spray
|-boost|p2a: Electivire|spa|1|[from] item: Throat Spray
|
|upkeep
|
|t:|1758352490
|switch|p1a: Scizor|Scizor, F|16/100
|-damage|p1a: Scizor|4/100|[from] Stealth Rock
|turn|13
|
|t:|1758352498
|move|p1a: Scizor|Bullet Punch|p2a: Electivire
|-damage|p2a: Electivire|35/100
|replace|p2a: Zoroark|Zoroark-Hisui, F
|-end|p2a: Zoroark|Illusion
|move|p2a: Zoroark|Hyper Voice|p1a: Scizor
|-resisted|p1a: Scizor
|-damage|p1a: Scizor|0 fnt
|faint|p1a: Scizor
|
|upkeep
|
|t:|1758352508
|switch|p1a: Sinistcha|Sinistcha|100/100 par
|-damage|p1a: Sinistcha|88/100 par|[from] Stealth Rock
|turn|14
|
|t:|1758352515
|move|p2a: Zoroark|Bitter Malice|p1a: Sinistcha
|-supereffective|p1a: Sinistcha
|-damage|p1a: Sinistcha|0 fnt
|faint|p1a: Sinistcha
|
|upkeep
|
|t:|1758352519
|switch|p1a: Raging Bolt|Raging Bolt|100/100
|-damage|p1a: Raging Bolt|88/100|[from] Stealth Rock
|turn|15
|
|t:|1758352528
|move|p1a: Raging Bolt|Thunderclap||[still]
|-fail|p1a: Raging Bolt
|move|p2a: Zoroark|Taunt|p1a: Raging Bolt
|-start|p1a: Raging Bolt|move: Taunt
|
|upkeep
|turn|16
|
|t:|1758352535
|switch|p2a: Electivire|Electivire, M, shiny|100/100
|move|p1a: Raging Bolt|Thunderclap||[still]
|-fail|p1a: Raging Bolt
|
|upkeep
|turn|17
|
|t:|1758352539
|move|p1a: Raging Bolt|Thunderclap||[still]
|-fail|p1a: Raging Bolt
|move|p2a: Electivire|Bulk Up|p2a: Electivire
|-boost|p2a: Electivire|atk|1
|-boost|p2a: Electivire|def|1
|
|upkeep
|turn|18
|-message|cynthiafan#6769 forfeited.
|
|win|RNG Savage
|raw|cynthiafan#6769's rating: 1306 &rarr; <strong>1285</strong><br />(-21 for losing)
|raw|RNG Savage's rating: 1286 &rarr; <strong>1312</strong><br />(+26 for winning)
|l|☆cynthiafan#6769
|player|p1|
|l|☆RNG Savage
|player|p2|
