|j|☆OwenWLY2
|j|☆callooee
|t:|1758256634
|gametype|singles
|player|p1|OwenWLY2|bugcatcher-gen4dp|1160
|player|p2|callooee|265|1176
|gen|9
|tier|[Gen 9] OU
|rated|
|rule|HP Percentage Mod: HP is shown in percentages
|rule|Endless Battle Clause: Forcing endless battles is banned
|rule|Species Clause: Limit one of each Pokémon
|rule|OHKO Clause: OHKO moves are banned
|rule|Evasion Items Clause: Evasion items are banned
|rule|Evasion Moves Clause: Evasion moves are banned
|rule|Evasion Abilities Clause: Evasion abilities are banned
|rule|Sleep Moves Clause: Sleep-inducing moves are banned
|clearpoke
|poke|p1|Oricorio, M|
|poke|p1|Porygon2|
|poke|p1|Alomomola, F|
|poke|p1|Clodsire, M|
|poke|p1|Cyclizar, M|
|poke|p1|Enamorus-Therian, F|
|poke|p2|Lokix, F|
|poke|p2|Cinderace, M|
|poke|p2|Great Tusk|
|poke|p2|Alomomola, F|
|poke|p2|Enamorus, F|
|poke|p2|Slowking-Galar, M|
|teampreview
|
|t:|1758256646
|teamsize|p1|6
|teamsize|p2|6
|start
|switch|p1a: Oricorio|Oricorio, M|100/100
|switch|p2a: Lokix|Lokix, F|100/100
|turn|1
|
|t:|1758256654
|switch|p1a: Alomomola|Alomomola, F|100/100
|move|p2a: Lokix|Knock Off|p1a: Alomomola
|-crit|p1a: Alomomola
|-damage|p1a: Alomomola|47/100
|-enditem|p1a: Alomomola|Leftovers|[from] move: Knock Off|[of] p2a: Lokix
|
|upkeep
|turn|2
|
|t:|1758256670
|switch|p2a: Great Tusk|Great Tusk|100/100
|move|p1a: Alomomola|Wish|p1a: Alomomola
|
|upkeep
|turn|3
|
|t:|1758256674
|move|p1a: Alomomola|Protect|p1a: Alomomola
|-singleturn|p1a: Alomomola|Protect
|move|p2a: Great Tusk|Rapid Spin|p1a: Alomomola
|-activate|p1a: Alomomola|move: Protect
|
|-heal|p1a: Alomomola|97/100|[from] move: Wish|[wisher] Alomomola
|upkeep
|turn|4
|
|t:|1758256679
|move|p2a: Great Tusk|Bulk Up|p2a: Great Tusk
|-boost|p2a: Great Tusk|atk|1
|-boost|p2a: Great Tusk|def|1
|move|p1a: Alomomola|Whirlpool|p2a: Great Tusk
|-supereffective|p2a: Great Tusk
|-damage|p2a: Great Tusk|83/100
|-activate|p2a: Great Tusk|move: Whirlpool|[of] p1a: Alomomola
|
|-heal|p2a: Great Tusk|89/100|[from] item: Leftovers
|-damage|p2a: Great Tusk|76/100|[from] move: Whirlpool|[partiallytrapped]
|upkeep
|turn|5
|
|t:|1758256687
|move|p2a: Great Tusk|Earthquake|p1a: Alomomola
|-damage|p1a: Alomomola|60/100
|move|p1a: Alomomola|Wish|p1a: Alomomola
|
|-heal|p2a: Great Tusk|83/100|[from] item: Leftovers
|-damage|p2a: Great Tusk|70/100|[from] move: Whirlpool|[partiallytrapped]
|upkeep
|turn|6
|
|t:|1758256696
|move|p2a: Great Tusk|Bulk Up|p2a: Great Tusk
|-boost|p2a: Great Tusk|atk|1
|-boost|p2a: Great Tusk|def|1
|move|p1a: Alomomola|Whirlpool|p2a: Great Tusk
|-supereffective|p2a: Great Tusk
|-damage|p2a: Great Tusk|53/100
|
|-heal|p1a: Alomomola|100/100|[from] move: Wish|[wisher] Alomomola
|-heal|p2a: Great Tusk|60/100|[from] item: Leftovers
|-damage|p2a: Great Tusk|47/100|[from] move: Whirlpool|[partiallytrapped]
|upkeep
|turn|7
|
|t:|1758256704
|move|p2a: Great Tusk|Earthquake|p1a: Alomomola
|-damage|p1a: Alomomola|52/100
|move|p1a: Alomomola|Wish|p1a: Alomomola
|
|-heal|p2a: Great Tusk|53/100|[from] item: Leftovers
|-damage|p2a: Great Tusk|41/100|[from] move: Whirlpool|[partiallytrapped]
|upkeep
|turn|8
|
|t:|1758256718
|move|p2a: Great Tusk|Earthquake|p1a: Alomomola
|-damage|p1a: Alomomola|2/100
|move|p1a: Alomomola|Whirlpool|p2a: Great Tusk
|-supereffective|p2a: Great Tusk
|-damage|p2a: Great Tusk|26/100
|
|-heal|p1a: Alomomola|52/100|[from] move: Wish|[wisher] Alomomola
|-heal|p2a: Great Tusk|32/100|[from] item: Leftovers
|-damage|p2a: Great Tusk|20/100|[from] move: Whirlpool|[partiallytrapped]
|upkeep
|turn|9
|
|t:|1758256723
|move|p2a: Great Tusk|Earthquake|p1a: Alomomola
|-damage|p1a: Alomomola|3/100
|move|p1a: Alomomola|Wish|p1a: Alomomola
|
|-heal|p2a: Great Tusk|26/100|[from] item: Leftovers
|-end|p2a: Great Tusk|Whirlpool|[partiallytrapped]
|upkeep
|turn|10
|
|t:|1758256730
|-end|p2a: Great Tusk|Protosynthesis|[silent]
|switch|p2a: Lokix|Lokix, F|100/100
|move|p1a: Alomomola|Protect||[still]
|-fail|p1a: Alomomola
|
|-heal|p1a: Alomomola|53/100|[from] move: Wish|[wisher] Alomomola
|upkeep
|turn|11
|
|t:|1758256734
|move|p1a: Alomomola|Protect|p1a: Alomomola
|-singleturn|p1a: Alomomola|Protect
|move|p2a: Lokix|First Impression|p1a: Alomomola
|-activate|p1a: Alomomola|move: Protect
|
|upkeep
|turn|12
|
|t:|1758256738
|switch|p2a: Enamorus|Enamorus, F|100/100
|move|p1a: Alomomola|Wish|p1a: Alomomola
|
|upkeep
|turn|13
|
|t:|1758256750
|switch|p1a: Enamorus|Enamorus-Therian, F|100/100
|move|p2a: Enamorus|Moonblast|p1a: Enamorus
|-damage|p1a: Enamorus|59/100
|-unboost|p1a: Enamorus|spa|1
|
|-heal|p1a: Enamorus|100/100|[from] move: Wish|[wisher] Alomomola
|upkeep
|turn|14
|
|t:|1758256756
|move|p2a: Enamorus|Moonblast|p1a: Enamorus
|-damage|p1a: Enamorus|63/100
|move|p1a: Enamorus|Calm Mind|p1a: Enamorus
|-boost|p1a: Enamorus|spa|1
|-boost|p1a: Enamorus|spd|1
|
|-heal|p1a: Enamorus|69/100|[from] item: Leftovers
|upkeep
|turn|15
|
|t:|1758256763
|switch|p2a: Slowking|Slowking-Galar, M|100/100
|move|p1a: Enamorus|Draining Kiss|p2a: Slowking
|-resisted|p2a: Slowking
|-damage|p2a: Slowking|91/100
|-heal|p1a: Enamorus|77/100|[from] drain|[of] p2a: Slowking
|
|-heal|p1a: Enamorus|83/100|[from] item: Leftovers
|upkeep
|turn|16
|
|t:|1758256777
|-terastallize|p1a: Enamorus|Steel
|move|p1a: Enamorus|Iron Defense|p1a: Enamorus
|-boost|p1a: Enamorus|def|2
|move|p2a: Slowking|Ice Beam|p1a: Enamorus
|-resisted|p1a: Enamorus
|-damage|p1a: Enamorus|78/100
|-status|p1a: Enamorus|frz
|
|-heal|p1a: Enamorus|85/100 frz|[from] item: Leftovers
|upkeep
|turn|17
|
|t:|1758256793
|switch|p2a: Great Tusk|Great Tusk|26/100
|cant|p1a: Enamorus|frz
|
|-heal|p2a: Great Tusk|32/100|[from] item: Leftovers
|-heal|p1a: Enamorus|91/100 frz|[from] item: Leftovers
|upkeep
|turn|18
|
|t:|1758256799
|switch|p1a: Oricorio|Oricorio, M|100/100
|move|p2a: Great Tusk|Bulk Up|p2a: Great Tusk
|-boost|p2a: Great Tusk|atk|1
|-boost|p2a: Great Tusk|def|1
|
|-heal|p2a: Great Tusk|38/100|[from] item: Leftovers
|upkeep
|turn|19
|
|t:|1758256806
|move|p1a: Oricorio|Air Slash|p2a: Great Tusk|[miss]
|-miss|p1a: Oricorio|p2a: Great Tusk
|move|p2a: Great Tusk|Rapid Spin|p1a: Oricorio
|-damage|p1a: Oricorio|69/100
|-boost|p2a: Great Tusk|spe|1
|
|-heal|p2a: Great Tusk|45/100|[from] item: Leftovers
|upkeep
|turn|20
|
|t:|1758256816
|switch|p1a: Alomomola|Alomomola, F|87/100
|move|p2a: Great Tusk|Knock Off|p1a: Alomomola
|-crit|p1a: Alomomola
|-damage|p1a: Alomomola|63/100
|
|-heal|p2a: Great Tusk|51/100|[from] item: Leftovers
|upkeep
|turn|21
|
|t:|1758256837
|-end|p2a: Great Tusk|Protosynthesis|[silent]
|switch|p2a: Slowking|Slowking-Galar, M|100/100
|move|p1a: Alomomola|Wish|p1a: Alomomola
|
|upkeep
|turn|22
|
|t:|1758256842
|switch|p1a: Enamorus|Enamorus-Therian, F, tera:Steel|91/100 frz
|move|p2a: Slowking|Future Sight|p1a: Enamorus
|-start|p2a: Slowking|move: Future Sight
|
|-heal|p1a: Enamorus|100/100 frz|[from] move: Wish|[wisher] Alomomola
|upkeep
|turn|23
|
|t:|1758256850
|switch|p2a: Cinderace|Cinderace, M|100/100
|cant|p1a: Enamorus|frz
|
|upkeep
|turn|24
|
|t:|1758256865
|switch|p1a: Alomomola|Alomomola, F|96/100
|move|p2a: Cinderace|Pyro Ball|p1a: Alomomola
|-resisted|p1a: Alomomola
|-damage|p1a: Alomomola|84/100
|
|-end|p1a: Alomomola|move: Future Sight
|-crit|p1a: Alomomola
|-damage|p1a: Alomomola|9/100
|upkeep
|turn|25
|
|t:|1758256875
|switch|p1a: Oricorio|Oricorio, M|69/100
|move|p2a: Cinderace|U-turn|p1a: Oricorio
|-resisted|p1a: Oricorio
|-damage|p1a: Oricorio|61/100
|
|t:|1758256880
|switch|p2a: Alomomola|Alomomola, F|100/100|[from] U-turn
|
|upkeep
|turn|26
|
|t:|1758256892
|switch|p1a: Alomomola|Alomomola, F|43/100
|move|p2a: Alomomola|Body Slam|p1a: Alomomola
|-damage|p1a: Alomomola|35/100
|-status|p1a: Alomomola|par
|
|upkeep
|turn|27
|
|t:|1758256902
|move|p2a: Alomomola|Flip Turn|p1a: Alomomola
|-resisted|p1a: Alomomola
|-damage|p1a: Alomomola|30/100 par
|
|t:|1758256909
|switch|p2a: Enamorus|Enamorus, F|100/100|[from] Flip Turn
|cant|p1a: Alomomola|par
|
|upkeep
|turn|28
|
|t:|1758256915
|switch|p1a: Clodsire|Clodsire, M|100/100
|move|p2a: Enamorus|Moonblast|p1a: Clodsire
|-resisted|p1a: Clodsire
|-damage|p1a: Clodsire|85/100
|-unboost|p1a: Clodsire|spa|1
|
|-heal|p1a: Clodsire|91/100|[from] item: Leftovers
|upkeep
|turn|29
|
|t:|1758256927
|switch|p2a: Cinderace|Cinderace, M|100/100
|move|p1a: Clodsire|Toxic|p2a: Cinderace
|-status|p2a: Cinderace|tox
|
|-heal|p1a: Clodsire|97/100|[from] item: Leftovers
|-damage|p2a: Cinderace|94/100 tox|[from] psn
|upkeep
|turn|30
|
|t:|1758256931
|switch|p1a: Alomomola|Alomomola, F|64/100 par
|move|p2a: Cinderace|Will-O-Wisp|p1a: Alomomola|[miss]
|-miss|p2a: Cinderace|p1a: Alomomola
|
|-damage|p2a: Cinderace|82/100 tox|[from] psn
|upkeep
|turn|31
|
|t:|1758256936
|move|p2a: Cinderace|U-turn|p1a: Alomomola
|-damage|p1a: Alomomola|54/100 par
|
|t:|1758256940
|switch|p2a: Enamorus|Enamorus, F|100/100|[from] U-turn
|move|p1a: Alomomola|Wish|p1a: Alomomola
|
|upkeep
|turn|32
|
|t:|1758256949
|switch|p1a: Oricorio|Oricorio, M|61/100
|move|p2a: Enamorus|Earth Power|p1a: Oricorio
|-immune|p1a: Oricorio
|
|-heal|p1a: Oricorio|100/100|[from] move: Wish|[wisher] Alomomola
|upkeep
|turn|33
|
|t:|1758256957
|switch|p2a: Alomomola|Alomomola, F|100/100
|move|p1a: Oricorio|Quiver Dance|p1a: Oricorio
|-boost|p1a: Oricorio|spa|1
|-boost|p1a: Oricorio|spd|1
|-boost|p1a: Oricorio|spe|1
|
|upkeep
|turn|34
|
|t:|1758256964
|move|p1a: Oricorio|Substitute|p1a: Oricorio
|-start|p1a: Oricorio|Substitute
|-damage|p1a: Oricorio|76/100
|move|p2a: Alomomola|Body Slam|p1a: Oricorio
|-end|p1a: Oricorio|Substitute
|
|upkeep
|turn|35
|
|t:|1758256971
|switch|p1a: Alomomola|Alomomola, F|87/100 par
|move|p2a: Alomomola|Body Slam|p1a: Alomomola
|-damage|p1a: Alomomola|79/100 par
|
|upkeep
|turn|36
|
|t:|1758256986
|switch|p2a: Great Tusk|Great Tusk|51/100
|move|p1a: Alomomola|Flip Turn|p2a: Great Tusk
|-supereffective|p2a: Great Tusk
|-damage|p2a: Great Tusk|35/100
|
|t:|1758256995
|switch|p1a: Oricorio|Oricorio, M|76/100|[from] Flip Turn
|
|-heal|p2a: Great Tusk|41/100|[from] item: Leftovers
|upkeep
|turn|37
|
|t:|1758257003
|move|p1a: Oricorio|Air Slash|p2a: Great Tusk
|-supereffective|p2a: Great Tusk
|-damage|p2a: Great Tusk|0 fnt
|faint|p2a: Great Tusk
|-end|p2a: Great Tusk|Protosynthesis|[silent]
|
|upkeep
|
|t:|1758257008
|switch|p2a: Slowking|Slowking-Galar, M|100/100
|turn|38
|
|t:|1758257012
|switch|p1a: Enamorus|Enamorus-Therian, F, tera:Steel|100/100 frz
|move|p2a: Slowking|Future Sight|p1a: Enamorus
|-start|p2a: Slowking|move: Future Sight
|
|upkeep
|turn|39
|
|t:|1758257031
|switch|p2a: Cinderace|Cinderace, M|82/100 tox
|cant|p1a: Enamorus|frz
|
|-damage|p2a: Cinderace|76/100 tox|[from] psn
|upkeep
|turn|40
|
|t:|1758257040
|switch|p1a: Alomomola|Alomomola, F|100/100 par
|move|p2a: Cinderace|Pyro Ball|p1a: Alomomola
|-resisted|p1a: Alomomola
|-damage|p1a: Alomomola|87/100 par
|
|-end|p1a: Alomomola|move: Future Sight
|-damage|p1a: Alomomola|38/100 par
|-damage|p2a: Cinderace|64/100 tox|[from] psn
|upkeep
|turn|41
|
|t:|1758257047
|move|p2a: Cinderace|U-turn|p1a: Alomomola
|-damage|p1a: Alomomola|27/100 par
|
|t:|1758257052
|switch|p2a: Slowking|Slowking-Galar, M|100/100|[from] U-turn
|cant|p1a: Alomomola|par
|
|upkeep
|turn|42
|
|t:|1758257058
|move|p1a: Alomomola|Wish|p1a: Alomomola
|move|p2a: Slowking|Sludge Bomb|p1a: Alomomola
|-damage|p1a: Alomomola|0 fnt
|faint|p1a: Alomomola
|
|upkeep
|
|t:|1758257066
|switch|p1a: Cyclizar|Cyclizar, M|100/100
|turn|43
|
|t:|1758257071
|move|p1a: Cyclizar|Knock Off|p2a: Slowking
|-supereffective|p2a: Slowking
|-damage|p2a: Slowking|63/100
|-enditem|p2a: Slowking|Shuca Berry|[from] move: Knock Off|[of] p1a: Cyclizar
|move|p2a: Slowking|Ice Beam|p1a: Cyclizar
|-supereffective|p1a: Cyclizar
|-damage|p1a: Cyclizar|23/100
|
|-heal|p1a: Cyclizar|100/100|[from] move: Wish|[wisher] Alomomola
|upkeep
|turn|44
|
|t:|1758257075
|move|p1a: Cyclizar|Rapid Spin|p2a: Slowking
|-damage|p2a: Slowking|49/100
|-boost|p1a: Cyclizar|spe|1
|move|p2a: Slowking|Ice Beam|p1a: Cyclizar
|-supereffective|p1a: Cyclizar
|-damage|p1a: Cyclizar|29/100
|
|-heal|p1a: Cyclizar|35/100|[from] item: Leftovers
|upkeep
|turn|45
|
|t:|1758257080
|move|p1a: Cyclizar|U-turn|p2a: Slowking
|-damage|p2a: Slowking|36/100
|
|t:|1758257082
|switch|p1a: Porygon2|Porygon2|100/100|[from] U-turn
|-ability|p1a: Porygon2|Regenerator|Trace|[from] ability: Trace|[of] p2a: Slowking
|move|p2a: Slowking|Ice Beam|p1a: Porygon2
|-damage|p1a: Porygon2|89/100
|
|upkeep
|turn|46
|
|t:|1758257105
|switch|p1a: Enamorus|Enamorus-Therian, F, tera:Steel|100/100 frz
|switch|p2a: Lokix|Lokix, F|100/100
|
|upkeep
|turn|47
|
|t:|1758257112
|switch|p1a: Cyclizar|Cyclizar, M|35/100
|move|p2a: Lokix|Knock Off|p1a: Cyclizar
|-damage|p1a: Cyclizar|0 fnt
|-enditem|p1a: Cyclizar|Leftovers|[from] move: Knock Off|[of] p2a: Lokix
|faint|p1a: Cyclizar
|
|upkeep
|
|t:|1758257114
|switch|p1a: Oricorio|Oricorio, M|76/100
|turn|48
|
|t:|1758257123
|switch|p2a: Alomomola|Alomomola, F|100/100
|move|p1a: Oricorio|Revelation Dance|p2a: Alomomola
|-resisted|p2a: Alomomola
|-damage|p2a: Alomomola|91/100
|
|upkeep
|turn|49
|
|t:|1758257129
|switch|p1a: Enamorus|Enamorus-Therian, F, tera:Steel|100/100 frz
|move|p2a: Alomomola|Aqua Jet|p1a: Enamorus
|-damage|p1a: Enamorus|91/100 frz
|
|-heal|p1a: Enamorus|97/100 frz|[from] item: Leftovers
|upkeep
|turn|50
|
|t:|1758257139
|switch|p2a: Lokix|Lokix, F|100/100
|-curestatus|p1a: Enamorus|frz|[msg]
|move|p1a: Enamorus|Earth Power|p2a: Lokix
|-resisted|p2a: Lokix
|-damage|p2a: Lokix|77/100
|
|-heal|p1a: Enamorus|100/100|[from] item: Leftovers
|upkeep
|turn|51
|
|t:|1758257148
|move|p2a: Lokix|Knock Off|p1a: Enamorus
|-damage|p1a: Enamorus|42/100
|-enditem|p1a: Enamorus|Leftovers|[from] move: Knock Off|[of] p2a: Lokix
|move|p1a: Enamorus|Draining Kiss|p2a: Lokix
|-supereffective|p2a: Lokix
|-damage|p2a: Lokix|0 fnt
|-heal|p1a: Enamorus|90/100|[from] drain|[of] p2a: Lokix
|faint|p2a: Lokix
|
|upkeep
|
|t:|1758257160
|switch|p2a: Enamorus|Enamorus, F|100/100
|turn|52
|
|t:|1758257168
|switch|p1a: Porygon2|Porygon2|100/100
|-ability|p1a: Porygon2|Contrary|Trace|[from] ability: Trace|[of] p2a: Enamorus
|-terastallize|p2a: Enamorus|Stellar
|move|p2a: Enamorus|Tera Blast|p1a: Porygon2|[anim] Tera Blast Stellar
|-damage|p1a: Porygon2|77/100
|-boost|p2a: Enamorus|atk|1
|-boost|p2a: Enamorus|spa|1
|
|upkeep
|turn|53
|
|t:|1758257185
|move|p2a: Enamorus|Tera Blast|p1a: Porygon2|[anim] Tera Blast Stellar
|-damage|p1a: Porygon2|49/100
|-boost|p2a: Enamorus|atk|1
|-boost|p2a: Enamorus|spa|1
|move|p1a: Porygon2|Thunder Wave|p2a: Enamorus
|-status|p2a: Enamorus|par
|
|upkeep
|turn|54
|
|t:|1758257192
|move|p2a: Enamorus|Tera Blast|p1a: Porygon2|[anim] Tera Blast Stellar
|-damage|p1a: Porygon2|14/100
|-boost|p2a: Enamorus|atk|1
|-boost|p2a: Enamorus|spa|1
|move|p1a: Porygon2|Thunderbolt|p2a: Enamorus
|-supereffective|p2a: Enamorus
|-damage|p2a: Enamorus|37/100 par
|
|upkeep
|turn|55
|
|t:|1758257198
|move|p2a: Enamorus|Tera Blast|p1a: Porygon2|[anim] Tera Blast Stellar
|-damage|p1a: Porygon2|0 fnt
|-boost|p2a: Enamorus|atk|1
|-boost|p2a: Enamorus|spa|1
|faint|p1a: Porygon2
|
|upkeep
|
|t:|1758257200
|switch|p1a: Oricorio|Oricorio, M|76/100
|turn|56
|
|t:|1758257206
|switch|p2a: Alomomola|Alomomola, F|100/100
|move|p1a: Oricorio|Substitute|p1a: Oricorio
|-start|p1a: Oricorio|Substitute
|-damage|p1a: Oricorio|51/100
|
|upkeep
|turn|57
|
|t:|1758257219
|move|p2a: Alomomola|Aqua Jet|p1a: Oricorio
|-supereffective|p1a: Oricorio
|-end|p1a: Oricorio|Substitute
|move|p1a: Oricorio|Air Slash|p2a: Alomomola
|-damage|p2a: Alomomola|85/100
|
|upkeep
|turn|58
|
|t:|1758257225
|switch|p1a: Clodsire|Clodsire, M|97/100
|move|p2a: Alomomola|Aqua Jet|p1a: Clodsire
|-heal|p1a: Clodsire|100/100|[from] ability: Water Absorb|[of] p2a: Alomomola
|
|upkeep
|turn|59
|
|t:|1758257236
|move|p2a: Alomomola|Body Slam|p1a: Clodsire
|-damage|p1a: Clodsire|82/100
|move|p1a: Clodsire|Toxic|p2a: Alomomola
|-status|p2a: Alomomola|tox
|
|-heal|p1a: Clodsire|89/100|[from] item: Leftovers
|-damage|p2a: Alomomola|79/100 tox|[from] psn
|upkeep
|turn|60
|
|t:|1758257247
|switch|p2a: Slowking|Slowking-Galar, M|69/100
|switch|p1a: Enamorus|Enamorus-Therian, F, tera:Steel|90/100
|
|upkeep
|turn|61
|
|t:|1758257258
|move|p1a: Enamorus|Calm Mind|p1a: Enamorus
|-boost|p1a: Enamorus|spa|1
|-boost|p1a: Enamorus|spd|1
|move|p2a: Slowking|Future Sight|p1a: Enamorus
|-start|p2a: Slowking|move: Future Sight
|
|upkeep
|turn|62
|
|t:|1758257265
|switch|p2a: Cinderace|Cinderace, M|64/100 tox
|move|p1a: Enamorus|Iron Defense|p1a: Enamorus
|-boost|p1a: Enamorus|def|2
|
|-damage|p2a: Cinderace|58/100 tox|[from] psn
|upkeep
|turn|63
|
|t:|1758257270
|move|p2a: Cinderace|Pyro Ball|p1a: Enamorus
|-supereffective|p1a: Enamorus
|-crit|p1a: Enamorus
|-damage|p1a: Enamorus|0 fnt
|faint|p1a: Enamorus
|
|-hint|Future Sight did not hit because the target is fainted.
|-damage|p2a: Cinderace|46/100 tox|[from] psn
|upkeep
|-message|OwenWLY2 forfeited.
|
|win|callooee
|raw|OwenWLY2's rating: 1160 &rarr; <strong>1136</strong><br />(-24 for losing)
|raw|callooee's rating: 1176 &rarr; <strong>1200</strong><br />(+24 for winning)
|l|☆OwenWLY2
|player|p1|
|c|☆callooee|lol
|l|☆callooee
|player|p2|
