|j|☆Thibault56
|j|☆bh.babiri
|t:|1758366565
|gametype|singles
|player|p1|Thibault56|acetrainer|1705
|player|p2|bh.babiri|dawn-gen4pt|1644
|gen|9
|tier|[Gen 9] OU
|rated|
|rule|HP Percentage Mod: HP is shown in percentages
|rule|Endless Battle Clause: Forcing endless battles is banned
|rule|Species Clause: Limit one of each Pokémon
|rule|OHKO Clause: OHKO moves are banned
|rule|Evasion Items Clause: Evasion items are banned
|rule|Evasion Moves Clause: Evasion moves are banned
|rule|Evasion Abilities Clause: Evasion abilities are banned
|rule|Sleep Moves Clause: Sleep-inducing moves are banned
|clearpoke
|poke|p1|Clodsire, M|
|poke|p1|Pelipper, M|
|poke|p1|Barraskewda, M|
|poke|p1|Zapdos|
|poke|p1|Corviknight, F|
|poke|p1|Incineroar, F|
|poke|p2|Hydrapple, F|
|poke|p2|Great Tusk|
|poke|p2|Iron Crown|
|poke|p2|Iron Valiant|
|poke|p2|Ceruledge, F|
|poke|p2|Dragapult, M|
|teampreview
|l|☆bh.babiri
|player|p2|
|j|☆bh.babiri
|player|p2|bh.babiri|dawn-gen4pt|
|inactive|Battle timer is ON: inactive players will automatically lose when time's up. (requested by bh.babiri)
|inactive|Thibault56 has 120 seconds left.
|
|t:|1758366666
|teamsize|p1|6
|teamsize|p2|6
|start
|switch|p1a: Incineroar|Incineroar, F|100/100
|switch|p2a: Dragapult|Dragapult, M|100/100
|-ability|p1a: Incineroar|Intimidate|boost
|-fail|p2a: Dragapult|unboost|[from] ability: Clear Body|[of] p2a: Dragapult
|turn|1
|
|t:|1758366680
|move|p2a: Dragapult|U-turn|p1a: Incineroar
|-damage|p1a: Incineroar|68/100
|
|t:|1758366684
|switch|p2a: Great Tusk|Great Tusk|100/100|[from] U-turn
|-enditem|p2a: Great Tusk|Booster Energy
|-activate|p2a: Great Tusk|ability: Protosynthesis|[fromitem]
|-start|p2a: Great Tusk|protosynthesisatk
|move|p1a: Incineroar|Knock Off|p2a: Great Tusk
|-resisted|p2a: Great Tusk
|-damage|p2a: Great Tusk|91/100
|
|upkeep
|turn|2
|
|t:|1758366691
|switch|p1a: Pelipper|Pelipper, M|100/100
|-weather|RainDance|[from] ability: Drizzle|[of] p1a: Pelipper
|move|p2a: Great Tusk|Headlong Rush|p1a: Pelipper
|-immune|p1a: Pelipper
|
|-weather|RainDance|[upkeep]
|upkeep
|turn|3
|
|t:|1758366697
|-end|p2a: Great Tusk|Protosynthesis|[silent]
|switch|p2a: Iron Crown|Iron Crown|100/100
|move|p1a: Pelipper|Weather Ball|p2a: Iron Crown
|-damage|p2a: Iron Crown|33/100
|
|-weather|RainDance|[upkeep]
|upkeep
|turn|4
|
|t:|1758366705
|switch|p1a: Incineroar|Incineroar, F|68/100
|-ability|p1a: Incineroar|Intimidate|boost
|-unboost|p2a: Iron Crown|atk|1
|move|p2a: Iron Crown|Psychic Noise|p1a: Incineroar
|-immune|p1a: Incineroar
|
|-weather|RainDance|[upkeep]
|upkeep
|turn|5
|
|t:|1758366711
|-end|p2a: Iron Crown|Quark Drive|[silent]
|switch|p2a: Great Tusk|Great Tusk|91/100
|move|p1a: Incineroar|Parting Shot|p2a: Great Tusk
|-unboost|p2a: Great Tusk|atk|1
|-unboost|p2a: Great Tusk|spa|1
|
|t:|1758366713
|switch|p1a: Zapdos|Zapdos|100/100|[from] Parting Shot
|
|-weather|RainDance|[upkeep]
|upkeep
|turn|6
|
|t:|1758366717
|-end|p2a: Great Tusk|Protosynthesis|[silent]
|switch|p2a: Iron Crown|Iron Crown|33/100
|move|p1a: Zapdos|Hurricane|p2a: Iron Crown
|-resisted|p2a: Iron Crown
|-damage|p2a: Iron Crown|5/100
|
|-weather|RainDance|[upkeep]
|upkeep
|turn|7
|
|t:|1758366722
|move|p1a: Zapdos|Hurricane|p2a: Iron Crown
|-resisted|p2a: Iron Crown
|-damage|p2a: Iron Crown|0 fnt
|faint|p2a: Iron Crown
|-end|p2a: Iron Crown|Quark Drive|[silent]
|
|-weather|RainDance|[upkeep]
|upkeep
|
|t:|1758366726
|switch|p2a: Dragapult|Dragapult, M|100/100
|turn|8
|
|t:|1758366729
|switch|p1a: Corviknight|Corviknight, F|100/100
|-ability|p1a: Corviknight|Pressure
|move|p2a: Dragapult|Dragon Darts|p1a: Corviknight
|-resisted|p1a: Corviknight
|-damage|p1a: Corviknight|88/100
|-anim|p2a: Dragapult|Dragon Darts|p1a: Corviknight
|-resisted|p1a: Corviknight
|-damage|p1a: Corviknight|76/100
|
|-weather|RainDance|[upkeep]
|upkeep
|turn|9
|
|t:|1758366739
|move|p2a: Dragapult|Dragon Darts|p1a: Corviknight
|-resisted|p1a: Corviknight
|-damage|p1a: Corviknight|64/100
|-anim|p2a: Dragapult|Dragon Darts|p1a: Corviknight
|-resisted|p1a: Corviknight
|-damage|p1a: Corviknight|52/100
|move|p1a: Corviknight|U-turn|p2a: Dragapult
|-resisted|p2a: Dragapult
|-damage|p2a: Dragapult|90/100
|
|t:|1758366742
|switch|p1a: Barraskewda|Barraskewda, M|100/100|[from] U-turn
|
|-weather|none
|upkeep
|turn|10
|
|t:|1758366748
|switch|p1a: Corviknight|Corviknight, F|52/100
|-ability|p1a: Corviknight|Pressure
|move|p2a: Dragapult|Dragon Darts|p1a: Corviknight
|-resisted|p1a: Corviknight
|-damage|p1a: Corviknight|40/100
|-anim|p2a: Dragapult|Dragon Darts|p1a: Corviknight
|-resisted|p1a: Corviknight
|-damage|p1a: Corviknight|28/100
|
|upkeep
|turn|11
|
|t:|1758366750
|move|p2a: Dragapult|Dragon Darts|p1a: Corviknight
|-resisted|p1a: Corviknight
|-damage|p1a: Corviknight|17/100
|-anim|p2a: Dragapult|Dragon Darts|p1a: Corviknight
|-resisted|p1a: Corviknight
|-damage|p1a: Corviknight|3/100
|move|p1a: Corviknight|Roost|p1a: Corviknight
|-heal|p1a: Corviknight|53/100
|-singleturn|p1a: Corviknight|move: Roost
|
|upkeep
|turn|12
|
|t:|1758366754
|move|p2a: Dragapult|Dragon Darts|p1a: Corviknight
|-resisted|p1a: Corviknight
|-damage|p1a: Corviknight|41/100
|-anim|p2a: Dragapult|Dragon Darts|p1a: Corviknight
|-resisted|p1a: Corviknight
|-damage|p1a: Corviknight|28/100
|move|p1a: Corviknight|Roost|p1a: Corviknight
|-heal|p1a: Corviknight|78/100
|-singleturn|p1a: Corviknight|move: Roost
|
|upkeep
|turn|13
|
|t:|1758366757
|move|p2a: Dragapult|Dragon Darts|p1a: Corviknight
|-resisted|p1a: Corviknight
|-damage|p1a: Corviknight|67/100
|-anim|p2a: Dragapult|Dragon Darts|p1a: Corviknight
|-resisted|p1a: Corviknight
|-damage|p1a: Corviknight|54/100
|move|p1a: Corviknight|Roost|p1a: Corviknight
|-heal|p1a: Corviknight|100/100
|-singleturn|p1a: Corviknight|move: Roost
|
|upkeep
|turn|14
|
|t:|1758366766
|move|p2a: Dragapult|Dragon Darts|p1a: Corviknight
|-resisted|p1a: Corviknight
|-damage|p1a: Corviknight|88/100
|-anim|p2a: Dragapult|Dragon Darts|p1a: Corviknight
|-resisted|p1a: Corviknight
|-damage|p1a: Corviknight|76/100
|move|p1a: Corviknight|U-turn|p2a: Dragapult
|-resisted|p2a: Dragapult
|-damage|p2a: Dragapult|81/100
|
|t:|1758366768
|switch|p1a: Incineroar|Incineroar, F|68/100|[from] U-turn
|-ability|p1a: Incineroar|Intimidate|boost
|-fail|p2a: Dragapult|unboost|[from] ability: Clear Body|[of] p2a: Dragapult
|
|upkeep
|turn|15
|
|t:|1758366770
|switch|p1a: Corviknight|Corviknight, F|76/100
|-ability|p1a: Corviknight|Pressure
|move|p2a: Dragapult|Dragon Darts|p1a: Corviknight
|-resisted|p1a: Corviknight
|-damage|p1a: Corviknight|63/100
|-anim|p2a: Dragapult|Dragon Darts|p1a: Corviknight
|-resisted|p1a: Corviknight
|-damage|p1a: Corviknight|50/100
|
|upkeep
|turn|16
|
|t:|1758366773
|switch|p2a: Iron Valiant|Iron Valiant|100/100
|move|p1a: Corviknight|Roost|p1a: Corviknight
|-heal|p1a: Corviknight|100/100
|-singleturn|p1a: Corviknight|move: Roost
|
|upkeep
|turn|17
|
|t:|1758366779
|-end|p2a: Iron Valiant|Quark Drive|[silent]
|switch|p2a: Great Tusk|Great Tusk|91/100
|switch|p1a: Clodsire|Clodsire, M|100/100
|
|upkeep
|turn|18
|
|t:|1758366786
|switch|p1a: Pelipper|Pelipper, M|100/100
|-weather|RainDance|[from] ability: Drizzle|[of] p1a: Pelipper
|move|p2a: Great Tusk|Stealth Rock|p1a: Pelipper
|-sidestart|p1: Thibault56|move: Stealth Rock
|
|-weather|RainDance|[upkeep]
|upkeep
|turn|19
|
|t:|1758366800
|-end|p2a: Great Tusk|Protosynthesis|[silent]
|switch|p2a: Hydrapple|Hydrapple, F, shiny|100/100
|move|p1a: Pelipper|Hurricane|p2a: Hydrapple
|-supereffective|p2a: Hydrapple
|-damage|p2a: Hydrapple|0 fnt
|faint|p2a: Hydrapple
|
|-weather|RainDance|[upkeep]
|upkeep
|
|t:|1758366803
|switch|p2a: Dragapult|Dragapult, M|81/100
|turn|20
|
|t:|1758366812
|-terastallize|p2a: Dragapult|Ghost
|move|p2a: Dragapult|Tera Blast|p1a: Pelipper|[anim] Tera Blast Ghost
|-damage|p1a: Pelipper|6/100
|move|p1a: Pelipper|Hurricane|p2a: Dragapult
|-damage|p2a: Dragapult|6/100
|-start|p2a: Dragapult|confusion
|
|-weather|RainDance|[upkeep]
|upkeep
|turn|21
|inactive|Thibault56 has 120 seconds left.
|j| Ctannn
|
|t:|1758366858
|-activate|p2a: Dragapult|confusion
|move|p2a: Dragapult|Tera Blast|p1a: Pelipper|[anim] Tera Blast Ghost
|-damage|p1a: Pelipper|0 fnt
|faint|p1a: Pelipper
|
|-weather|RainDance|[upkeep]
|upkeep
|
|t:|1758366862
|switch|p1a: Barraskewda|Barraskewda, M|100/100
|-damage|p1a: Barraskewda|88/100|[from] Stealth Rock
|turn|22
|
|t:|1758366870
|switch|p2a: Ceruledge|Ceruledge, F|100/100
|move|p1a: Barraskewda|Flip Turn|p2a: Ceruledge
|-supereffective|p2a: Ceruledge
|-enditem|p2a: Ceruledge|Focus Sash
|-damage|p2a: Ceruledge|1/100
|-ability|p2a: Ceruledge|Weak Armor|boost
|-unboost|p2a: Ceruledge|def|1
|-boost|p2a: Ceruledge|spe|2
|
|t:|1758366874
|switch|p1a: Incineroar|Incineroar, F|68/100|[from] Flip Turn
|-ability|p1a: Incineroar|Intimidate|boost
|-unboost|p2a: Ceruledge|atk|1
|
|-weather|RainDance|[upkeep]
|upkeep
|turn|23
|
|t:|1758366878
|move|p2a: Ceruledge|Close Combat|p1a: Incineroar
|-supereffective|p1a: Incineroar
|-damage|p1a: Incineroar|20/100
|-unboost|p2a: Ceruledge|def|1
|-unboost|p2a: Ceruledge|spd|1
|move|p1a: Incineroar|Knock Off|p2a: Ceruledge
|-supereffective|p2a: Ceruledge
|-damage|p2a: Ceruledge|0 fnt
|faint|p2a: Ceruledge
|
|-weather|RainDance|[upkeep]
|upkeep
|
|t:|1758366881
|switch|p2a: Dragapult|Dragapult, M, tera:Ghost|6/100
|turn|24
|
|t:|1758366888
|move|p2a: Dragapult|Tera Blast|p1a: Incineroar|[anim] Tera Blast Ghost
|-resisted|p1a: Incineroar
|-damage|p1a: Incineroar|0 fnt
|faint|p1a: Incineroar
|
|-weather|RainDance|[upkeep]
|upkeep
|
|t:|1758366891
|switch|p1a: Barraskewda|Barraskewda, M|88/100
|-damage|p1a: Barraskewda|75/100|[from] Stealth Rock
|turn|25
|
|t:|1758366893
|move|p1a: Barraskewda|Flip Turn|p2a: Dragapult
|-damage|p2a: Dragapult|0 fnt
|faint|p2a: Dragapult
|
|t:|1758366901
|switch|p1a: Zapdos|Zapdos|100/100|[from] Flip Turn
|
|-weather|none
|upkeep
|
|t:|1758366905
|switch|p2a: Iron Valiant|Iron Valiant|100/100
|turn|26
|
|t:|1758366907
|switch|p1a: Clodsire|Clodsire, M|100/100
|-damage|p1a: Clodsire|94/100|[from] Stealth Rock
|move|p2a: Iron Valiant|Moonblast|p1a: Clodsire
|-resisted|p1a: Clodsire
|-damage|p1a: Clodsire|76/100
|-unboost|p1a: Clodsire|spa|1
|
|-heal|p1a: Clodsire|82/100|[from] item: Leftovers
|upkeep
|turn|27
|
|t:|1758366912
|-end|p2a: Iron Valiant|Quark Drive|[silent]
|switch|p2a: Great Tusk|Great Tusk|91/100
|move|p1a: Clodsire|Toxic|p2a: Great Tusk
|-status|p2a: Great Tusk|tox
|
|-heal|p1a: Clodsire|89/100|[from] item: Leftovers
|-damage|p2a: Great Tusk|85/100 tox|[from] psn
|upkeep
|turn|28
|-message|bh.babiri forfeited.
|
|win|Thibault56
|raw|Thibault56's rating: 1705 &rarr; <strong>1722</strong><br />(+17 for winning)
|raw|bh.babiri's rating: 1644 &rarr; <strong>1627</strong><br />(-17 for losing)
|l|☆bh.babiri
|player|p2|
|l|☆Thibault56
|player|p1|
|l| Ctannn
