|j|☆Rainbowcoloredtea
|j|☆SilkTheSerperior2
|t:|1758334745
|gametype|singles
|player|p1|Rainbowcoloredtea|hilda|1109
|player|p2|SilkTheSerperior2|cynthia-gen4|1133
|gen|9
|tier|[Gen 9] OU
|rated|
|rule|HP Percentage Mod: HP is shown in percentages
|rule|Endless Battle Clause: Forcing endless battles is banned
|rule|Species Clause: Limit one of each Pokémon
|rule|OHKO Clause: OHKO moves are banned
|rule|Evasion Items Clause: Evasion items are banned
|rule|Evasion Moves Clause: Evasion moves are banned
|rule|Evasion Abilities Clause: Evasion abilities are banned
|rule|Sleep Moves Clause: Sleep-inducing moves are banned
|clearpoke
|poke|p1|Hoopa-Unbound|
|poke|p1|Great Tusk|
|poke|p1|Darkrai|
|poke|p1|Pecharunt|
|poke|p1|Alomomola, M|
|poke|p1|Kingambit, M|
|poke|p2|Gliscor, M|
|poke|p2|Dragonite, F|
|poke|p2|Darkrai|
|poke|p2|Kyurem|
|poke|p2|Primarina, F|
|poke|p2|Ceruledge, M|
|teampreview
|inactive|Battle timer is ON: inactive players will automatically lose when time's up. (requested by Rainbowcoloredtea)
|
|t:|1758334765
|teamsize|p1|6
|teamsize|p2|6
|start
|switch|p1a: Darkrai|Darkrai|100/100
|switch|p2a: Gliscor|Gliscor, M|100/100
|turn|1
|
|t:|1758334775
|move|p1a: Darkrai|Ice Beam|p2a: Gliscor
|-supereffective|p2a: Gliscor
|-damage|p2a: Gliscor|0 fnt
|faint|p2a: Gliscor
|
|upkeep
|
|t:|1758334789
|switch|p2a: Kyurem|Kyurem|100/100
|-ability|p2a: Kyurem|Pressure
|turn|2
|
|t:|1758334802
|switch|p1a: Alomomola|Alomomola, M|100/100
|move|p2a: Kyurem|Earth Power|p1a: Alomomola
|-damage|p1a: Alomomola|62/100
|-unboost|p1a: Alomomola|spd|1
|
|upkeep
|turn|3
|
|t:|1758334821
|switch|p2a: Darkrai|Darkrai|100/100
|switch|p1a: Pecharunt|Pecharunt|100/100
|-item|p1a: Pecharunt|Air Balloon
|
|upkeep
|turn|4
|
|t:|1758334834
|move|p2a: Darkrai|Knock Off|p1a: Pecharunt
|-supereffective|p1a: Pecharunt
|-damage|p1a: Pecharunt|67/100
|-enditem|p1a: Pecharunt|Air Balloon
|move|p1a: Pecharunt|Malignant Chain|p2a: Darkrai
|-damage|p2a: Darkrai|40/100
|
|upkeep
|turn|5
|
|t:|1758334847
|move|p2a: Darkrai|Psychic|p1a: Pecharunt
|-supereffective|p1a: Pecharunt
|-damage|p1a: Pecharunt|7/100
|move|p1a: Pecharunt|Recover|p1a: Pecharunt
|-heal|p1a: Pecharunt|57/100
|
|upkeep
|turn|6
|
|t:|1758334856
|switch|p1a: Darkrai|Darkrai|100/100
|move|p2a: Darkrai|Psychic|p1a: Darkrai
|-immune|p1a: Darkrai
|
|upkeep
|turn|7
|
|t:|1758334874
|move|p2a: Darkrai|Knock Off|p1a: Darkrai
|-resisted|p1a: Darkrai
|-damage|p1a: Darkrai|81/100
|-enditem|p1a: Darkrai|Choice Specs|[from] move: Knock Off|[of] p2a: Darkrai
|move|p1a: Darkrai|Ice Beam|p2a: Darkrai
|-damage|p2a: Darkrai|0 fnt
|faint|p2a: Darkrai
|
|upkeep
|
|t:|1758334890
|switch|p2a: Primarina|Primarina, F|100/100
|turn|8
|
|t:|1758334897
|move|p1a: Darkrai|Sludge Bomb|p2a: Primarina
|-supereffective|p2a: Primarina
|-damage|p2a: Primarina|51/100
|move|p2a: Primarina|Snowscape|p2a: Primarina
|-weather|Snowscape
|
|-weather|Snowscape|[upkeep]
|-heal|p2a: Primarina|57/100|[from] item: Leftovers
|upkeep
|turn|9
|
|t:|1758334918
|switch|p1a: Alomomola|Alomomola, M|95/100
|-terastallize|p2a: Primarina|Ice
|move|p2a: Primarina|Moonblast|p1a: Alomomola
|-damage|p1a: Alomomola|31/100
|
|-weather|Snowscape|[upkeep]
|-heal|p2a: Primarina|63/100|[from] item: Leftovers
|upkeep
|turn|10
|
|t:|1758334932
|move|p1a: Alomomola|Protect|p1a: Alomomola
|-singleturn|p1a: Alomomola|Protect
|move|p2a: Primarina|Moonblast|p1a: Alomomola
|-activate|p1a: Alomomola|move: Protect
|
|-weather|Snowscape|[upkeep]
|-heal|p2a: Primarina|69/100|[from] item: Leftovers
|upkeep
|turn|11
|
|t:|1758334952
|switch|p1a: Pecharunt|Pecharunt|57/100
|move|p2a: Primarina|Moonblast|p1a: Pecharunt
|-resisted|p1a: Pecharunt
|-damage|p1a: Pecharunt|30/100
|
|-weather|Snowscape|[upkeep]
|-heal|p2a: Primarina|75/100|[from] item: Leftovers
|upkeep
|turn|12
|
|t:|1758334963
|move|p1a: Pecharunt|Recover|p1a: Pecharunt
|-heal|p1a: Pecharunt|80/100
|move|p2a: Primarina|Weather Ball|p1a: Pecharunt
|-damage|p1a: Pecharunt|25/100
|
|-weather|none
|-heal|p2a: Primarina|81/100|[from] item: Leftovers
|upkeep
|turn|13
|
|t:|1758334972
|move|p1a: Pecharunt|Recover|p1a: Pecharunt
|-heal|p1a: Pecharunt|75/100
|move|p2a: Primarina|Sparkling Aria|p1a: Pecharunt
|-damage|p1a: Pecharunt|27/100
|
|-heal|p2a: Primarina|87/100|[from] item: Leftovers
|upkeep
|turn|14
|
|t:|1758334986
|move|p1a: Pecharunt|Parting Shot|p2a: Primarina
|-unboost|p2a: Primarina|atk|1
|-unboost|p2a: Primarina|spa|1
|
|t:|1758335002
|switch|p1a: Hoopa|Hoopa-Unbound|100/100|[from] Parting Shot
|move|p2a: Primarina|Sparkling Aria|p1a: Hoopa
|-damage|p1a: Hoopa|73/100
|
|-heal|p2a: Primarina|93/100|[from] item: Leftovers
|upkeep
|turn|15
|inactive|Rainbowcoloredtea has 120 seconds left.
|
|t:|1758335018
|move|p1a: Hoopa|Hyperspace Fury|p2a: Primarina
|-damage|p2a: Primarina|0 fnt
|-unboost|p1a: Hoopa|def|1
|faint|p2a: Primarina
|-damage|p1a: Hoopa|63/100|[from] item: Life Orb
|
|upkeep
|
|t:|1758335031
|switch|p2a: Kyurem|Kyurem|100/100
|-ability|p2a: Kyurem|Pressure
|turn|16
|c|☆SilkTheSerperior2|what was that!!!
|inactive|Rainbowcoloredtea has 120 seconds left.
|
|t:|1758335053
|switch|p1a: Alomomola|Alomomola, M|64/100
|move|p2a: Kyurem|Earth Power|p1a: Alomomola
|-damage|p1a: Alomomola|28/100
|
|upkeep
|turn|17
|inactive|Rainbowcoloredtea has 120 seconds left.
|
|t:|1758335069
|switch|p1a: Kingambit|Kingambit, M|100/100
|-item|p1a: Kingambit|Air Balloon
|move|p2a: Kyurem|Earth Power|p1a: Kingambit
|-immune|p1a: Kingambit
|
|upkeep
|turn|18
|
|t:|1758335085
|move|p2a: Kyurem|Ancient Power|p1a: Kingambit
|-resisted|p1a: Kingambit
|-damage|p1a: Kingambit|91/100
|-enditem|p1a: Kingambit|Air Balloon
|move|p1a: Kingambit|Swords Dance|p1a: Kingambit
|-boost|p1a: Kingambit|atk|2
|
|upkeep
|turn|19
|
|t:|1758335100
|-terastallize|p1a: Kingambit|Dark
|move|p2a: Kyurem|Earth Power|p1a: Kingambit
|-damage|p1a: Kingambit|58/100
|move|p1a: Kingambit|Kowtow Cleave|p2a: Kyurem
|-damage|p2a: Kyurem|0 fnt
|-damage|p1a: Kingambit|41/100|[from] item: Rocky Helmet|[of] p2a: Kyurem
|faint|p2a: Kyurem
|
|upkeep
|
|t:|1758335120
|switch|p2a: Ceruledge|Ceruledge, M|100/100
|turn|20
|inactive|SilkTheSerperior2 has 120 seconds left.
|
|t:|1758335139
|move|p2a: Ceruledge|Poltergeist||[still]
|-fail|p2a: Ceruledge
|move|p1a: Kingambit|Kowtow Cleave|p2a: Ceruledge
|-supereffective|p2a: Ceruledge
|-damage|p2a: Ceruledge|0 fnt
|faint|p2a: Ceruledge
|
|upkeep
|inactive|SilkTheSerperior2 has 120 seconds left.
|
|t:|1758335147
|switch|p2a: Dragonite|Dragonite, F|100/100
|turn|21
|c|☆Rainbowcoloredtea|？
|
|t:|1758335154
|-end|p1a: Kingambit|fallenundefined|[silent]
|switch|p1a: Pecharunt|Pecharunt|27/100
|move|p2a: Dragonite|Extreme Speed|p1a: Pecharunt
|-immune|p1a: Pecharunt
|
|upkeep
|turn|22
|c|☆SilkTheSerperior2|that move
|
|t:|1758335171
|move|p1a: Pecharunt|Malignant Chain|p2a: Dragonite
|-damage|p2a: Dragonite|80/100
|move|p2a: Dragonite|Iron Head|p1a: Pecharunt
|-damage|p1a: Pecharunt|3/100
|-damage|p2a: Dragonite|70/100|[from] item: Life Orb
|
|upkeep
|turn|23
|
|t:|1758335183
|move|p1a: Pecharunt|Malignant Chain|p2a: Dragonite
|-damage|p2a: Dragonite|30/100
|move|p2a: Dragonite|Thunder Punch|p1a: Pecharunt
|-damage|p1a: Pecharunt|0 fnt
|faint|p1a: Pecharunt
|-damage|p2a: Dragonite|20/100|[from] item: Life Orb
|
|upkeep
|inactive|Rainbowcoloredtea has 120 seconds left.
|c|☆Rainbowcoloredtea|You're playing too straight
|
|t:|1758335214
|switch|p1a: Darkrai|Darkrai|81/100
|turn|24
|c|☆SilkTheSerperior2|wym?
|inactive|SilkTheSerperior2 has 120 seconds left.
|c|☆SilkTheSerperior2|like predictable?
|
|t:|1758335238
|move|p1a: Darkrai|Ice Beam|p2a: Dragonite
|-supereffective|p2a: Dragonite
|-damage|p2a: Dragonite|0 fnt
|faint|p2a: Dragonite
|
|win|Rainbowcoloredtea
|raw|Rainbowcoloredtea's rating: 1109 &rarr; <strong>1136</strong><br />(+27 for winning)
|raw|SilkTheSerperior2's rating: 1133 &rarr; <strong>1106</strong><br />(-27 for losing)
|c|☆SilkTheSerperior2|gg
|c|☆Rainbowcoloredtea|gg
|c|☆Rainbowcoloredtea|Really good at predicting your skills
|l|☆SilkTheSerperior2
|player|p2|
