|j|☆slowbro named paul
|j|☆galac yeah !
|t:|1758275329
|gametype|singles
|player|p1|slowbro named paul|skierf|1355
|player|p2|galac yeah !|dragontamer|1422
|gen|9
|tier|[Gen 9] OU
|rated|
|rule|HP Percentage Mod: HP is shown in percentages
|rule|Endless Battle Clause: Forcing endless battles is banned
|rule|Species Clause: Limit one of each Pokémon
|rule|OHKO Clause: OHKO moves are banned
|rule|Evasion Items Clause: Evasion items are banned
|rule|Evasion Moves Clause: Evasion moves are banned
|rule|Evasion Abilities Clause: Evasion abilities are banned
|rule|Sleep Moves Clause: Sleep-inducing moves are banned
|clearpoke
|poke|p1|Appletun, F|
|poke|p1|Incineroar, M|
|poke|p1|Manaphy|
|poke|p1|Corviknight, M|
|poke|p1|Comfey, M|
|poke|p1|Slowking-Galar, M|
|poke|p2|Landorus-Therian, M|
|poke|p2|Iron Crown|
|poke|p2|Pecharunt|
|poke|p2|Ogerpon-Wellspring, F|
|poke|p2|Great Tusk|
|poke|p2|Samurott-Hisui, M|
|teampreview
|inactive|Battle timer is ON: inactive players will automatically lose when time's up. (requested by slowbro named paul)
|j| ZambiaZard
|
|t:|1758275351
|teamsize|p1|6
|teamsize|p2|6
|start
|switch|p1a: Incineroar|Incineroar, M|100/100
|switch|p2a: Iron Crown|Iron Crown|100/100
|-ability|p1a: Incineroar|Intimidate|boost
|-unboost|p2a: Iron Crown|atk|1
|turn|1
|
|t:|1758275357
|move|p2a: Iron Crown|Volt Switch|p1a: Incineroar
|-damage|p1a: Incineroar|68/100
|
|t:|1758275363
|-end|p2a: Iron Crown|Quark Drive|[silent]
|switch|p2a: Great Tusk|Great Tusk|100/100|[from] Volt Switch
|-enditem|p2a: Great Tusk|Booster Energy
|-activate|p2a: Great Tusk|ability: Protosynthesis|[fromitem]
|-start|p2a: Great Tusk|protosynthesisspe
|move|p1a: Incineroar|Knock Off|p2a: Great Tusk
|-resisted|p2a: Great Tusk
|-damage|p2a: Great Tusk|93/100
|
|upkeep
|turn|2
|
|t:|1758275367
|move|p2a: Great Tusk|Stealth Rock|p1a: Incineroar
|-sidestart|p1: slowbro named paul|move: Stealth Rock
|move|p1a: Incineroar|Will-O-Wisp|p2a: Great Tusk
|-status|p2a: Great Tusk|brn
|
|-damage|p2a: Great Tusk|87/100 brn|[from] brn
|upkeep
|turn|3
|
|t:|1758275370
|move|p2a: Great Tusk|Knock Off|p1a: Incineroar
|-resisted|p1a: Incineroar
|-damage|p1a: Incineroar|63/100
|-enditem|p1a: Incineroar|Heavy-Duty Boots|[from] move: Knock Off|[of] p2a: Great Tusk
|move|p1a: Incineroar|Parting Shot|p2a: Great Tusk
|-unboost|p2a: Great Tusk|atk|1
|-unboost|p2a: Great Tusk|spa|1
|
|t:|1758275372
|switch|p1a: Corviknight|Corviknight, M|100/100|[from] Parting Shot
|-damage|p1a: Corviknight|88/100|[from] Stealth Rock
|-ability|p1a: Corviknight|Pressure
|
|-heal|p1a: Corviknight|94/100|[from] item: Leftovers
|-damage|p2a: Great Tusk|81/100 brn|[from] brn
|upkeep
|turn|4
|
|t:|1758275376
|move|p2a: Great Tusk|Knock Off|p1a: Corviknight
|-damage|p1a: Corviknight|87/100
|-enditem|p1a: Corviknight|Leftovers|[from] move: Knock Off|[of] p2a: Great Tusk
|move|p1a: Corviknight|Defog|p2a: Great Tusk
|-unboost|p2a: Great Tusk|evasion|1
|-sideend|p1: slowbro named paul|Stealth Rock|[from] move: Defog|[of] p1a: Corviknight
|
|-damage|p2a: Great Tusk|74/100 brn|[from] brn
|upkeep
|turn|5
|
|t:|1758275381
|move|p2a: Great Tusk|Stealth Rock|p1a: Corviknight
|-sidestart|p1: slowbro named paul|move: Stealth Rock
|move|p1a: Corviknight|Brave Bird|p2a: Great Tusk
|-supereffective|p2a: Great Tusk
|-damage|p2a: Great Tusk|30/100 brn
|-damage|p1a: Corviknight|71/100|[from] Recoil
|
|-damage|p2a: Great Tusk|24/100 brn|[from] brn
|upkeep
|turn|6
|
|t:|1758275389
|-end|p2a: Great Tusk|Protosynthesis|[silent]
|switch|p2a: Iron Crown|Iron Crown|100/100
|move|p1a: Corviknight|Defog|p2a: Iron Crown
|-unboost|p2a: Iron Crown|evasion|1
|-sideend|p1: slowbro named paul|Stealth Rock|[from] move: Defog|[of] p1a: Corviknight
|
|upkeep
|turn|7
|
|t:|1758275394
|switch|p1a: Slowking|Slowking-Galar, M|100/100
|move|p2a: Iron Crown|Volt Switch|p1a: Slowking
|-damage|p1a: Slowking|81/100
|
|t:|1758275401
|-end|p2a: Iron Crown|Quark Drive|[silent]
|switch|p2a: Samurott|Samurott-Hisui, M|100/100|[from] Volt Switch
|
|upkeep
|turn|8
|
|t:|1758275404
|switch|p1a: Incineroar|Incineroar, M|63/100
|-ability|p1a: Incineroar|Intimidate|boost
|-unboost|p2a: Samurott|atk|1
|move|p2a: Samurott|Ceaseless Edge|p1a: Incineroar
|-resisted|p1a: Incineroar
|-damage|p1a: Incineroar|52/100
|-sidestart|p1: slowbro named paul|Spikes
|
|upkeep
|turn|9
|
|t:|1758275413
|switch|p2a: Great Tusk|Great Tusk|24/100 brn
|move|p1a: Incineroar|Parting Shot|p2a: Great Tusk
|-unboost|p2a: Great Tusk|atk|1
|-unboost|p2a: Great Tusk|spa|1
|
|t:|1758275415
|switch|p1a: Corviknight|Corviknight, M|71/100|[from] Parting Shot
|-ability|p1a: Corviknight|Pressure
|
|-damage|p2a: Great Tusk|18/100 brn|[from] brn
|upkeep
|turn|10
|
|t:|1758275419
|-end|p2a: Great Tusk|Protosynthesis|[silent]
|switch|p2a: Iron Crown|Iron Crown|100/100
|move|p1a: Corviknight|Defog|p2a: Iron Crown
|-unboost|p2a: Iron Crown|evasion|1
|-sideend|p1: slowbro named paul|Spikes|[from] move: Defog|[of] p1a: Corviknight
|
|upkeep
|turn|11
|
|t:|1758275422
|move|p2a: Iron Crown|Volt Switch|p1a: Corviknight
|-supereffective|p1a: Corviknight
|-damage|p1a: Corviknight|21/100
|
|t:|1758275432
|-end|p2a: Iron Crown|Quark Drive|[silent]
|switch|p2a: Great Tusk|Great Tusk|18/100 brn|[from] Volt Switch
|move|p1a: Corviknight|Roost|p1a: Corviknight
|-heal|p1a: Corviknight|71/100
|-singleturn|p1a: Corviknight|move: Roost
|
|-damage|p2a: Great Tusk|12/100 brn|[from] brn
|upkeep
|turn|12
|
|t:|1758275435
|move|p2a: Great Tusk|Stealth Rock|p1a: Corviknight
|-sidestart|p1: slowbro named paul|move: Stealth Rock
|move|p1a: Corviknight|Defog|p2a: Great Tusk
|-unboost|p2a: Great Tusk|evasion|1
|-sideend|p1: slowbro named paul|Stealth Rock|[from] move: Defog|[of] p1a: Corviknight
|
|-damage|p2a: Great Tusk|5/100 brn|[from] brn
|upkeep
|turn|13
|
|t:|1758275440
|-end|p2a: Great Tusk|Protosynthesis|[silent]
|switch|p2a: Iron Crown|Iron Crown|100/100
|move|p1a: Corviknight|Defog|p2a: Iron Crown
|-unboost|p2a: Iron Crown|evasion|1
|
|upkeep
|turn|14
|
|t:|1758275449
|switch|p1a: Slowking|Slowking-Galar, M|100/100
|move|p2a: Iron Crown|Volt Switch|p1a: Slowking
|-damage|p1a: Slowking|81/100
|
|t:|1758275453
|-end|p2a: Iron Crown|Quark Drive|[silent]
|switch|p2a: Samurott|Samurott-Hisui, M|100/100|[from] Volt Switch
|
|upkeep
|turn|15
|
|t:|1758275456
|switch|p1a: Incineroar|Incineroar, M|52/100
|-ability|p1a: Incineroar|Intimidate|boost
|-unboost|p2a: Samurott|atk|1
|move|p2a: Samurott|Ceaseless Edge|p1a: Incineroar
|-resisted|p1a: Incineroar
|-damage|p1a: Incineroar|41/100
|-sidestart|p1: slowbro named paul|Spikes
|
|upkeep
|turn|16
|
|t:|1758275465
|switch|p2a: Great Tusk|Great Tusk|5/100 brn
|move|p1a: Incineroar|Parting Shot|p2a: Great Tusk
|-unboost|p2a: Great Tusk|atk|1
|-unboost|p2a: Great Tusk|spa|1
|
|t:|1758275467
|switch|p1a: Corviknight|Corviknight, M|71/100|[from] Parting Shot
|-ability|p1a: Corviknight|Pressure
|
|-damage|p2a: Great Tusk|0 fnt|[from] brn
|faint|p2a: Great Tusk
|-end|p2a: Great Tusk|Protosynthesis|[silent]
|upkeep
|
|t:|1758275471
|switch|p2a: Iron Crown|Iron Crown|100/100
|turn|17
|
|t:|1758275478
|-terastallize|p2a: Iron Crown|Steel
|move|p2a: Iron Crown|Tachyon Cutter|p1a: Corviknight
|-resisted|p1a: Corviknight
|-damage|p1a: Corviknight|53/100
|-resisted|p1a: Corviknight
|-damage|p1a: Corviknight|35/100
|-hitcount|p1a: Corviknight|2
|move|p1a: Corviknight|Roost|p1a: Corviknight
|-heal|p1a: Corviknight|85/100
|-singleturn|p1a: Corviknight|move: Roost
|
|upkeep
|turn|18
|
|t:|1758275485
|move|p2a: Iron Crown|Tachyon Cutter|p1a: Corviknight
|-resisted|p1a: Corviknight
|-damage|p1a: Corviknight|68/100
|-resisted|p1a: Corviknight
|-damage|p1a: Corviknight|50/100
|-hitcount|p1a: Corviknight|2
|move|p1a: Corviknight|Defog|p2a: Iron Crown
|-unboost|p2a: Iron Crown|evasion|1
|-sideend|p1: slowbro named paul|Spikes|[from] move: Defog|[of] p1a: Corviknight
|
|upkeep
|turn|19
|
|t:|1758275491
|move|p2a: Iron Crown|Tachyon Cutter|p1a: Corviknight
|-resisted|p1a: Corviknight
|-damage|p1a: Corviknight|31/100
|-resisted|p1a: Corviknight
|-damage|p1a: Corviknight|15/100
|-hitcount|p1a: Corviknight|2
|move|p1a: Corviknight|Roost|p1a: Corviknight
|-heal|p1a: Corviknight|65/100
|-singleturn|p1a: Corviknight|move: Roost
|
|upkeep
|turn|20
|
|t:|1758275496
|move|p2a: Iron Crown|Tachyon Cutter|p1a: Corviknight
|-resisted|p1a: Corviknight
|-damage|p1a: Corviknight|47/100
|-resisted|p1a: Corviknight
|-damage|p1a: Corviknight|28/100
|-hitcount|p1a: Corviknight|2
|move|p1a: Corviknight|Roost|p1a: Corviknight
|-heal|p1a: Corviknight|78/100
|-singleturn|p1a: Corviknight|move: Roost
|
|upkeep
|turn|21
|
|t:|1758275509
|-end|p2a: Iron Crown|Quark Drive|[silent]
|switch|p2a: Pecharunt|Pecharunt|100/100
|move|p1a: Corviknight|Spite||[still]
|-fail|p1a: Corviknight
|
|upkeep
|turn|22
|
|t:|1758275520
|switch|p1a: Incineroar|Incineroar, M|41/100
|-ability|p1a: Incineroar|Intimidate|boost
|-unboost|p2a: Pecharunt|atk|1
|move|p2a: Pecharunt|Parting Shot|p1a: Incineroar
|-unboost|p1a: Incineroar|atk|1
|-unboost|p1a: Incineroar|spa|1
|
|t:|1758275530
|switch|p2a: Samurott|Samurott-Hisui, M|100/100|[from] Parting Shot
|
|upkeep
|turn|23
|
|t:|1758275533
|move|p2a: Samurott|Flip Turn|p1a: Incineroar
|-supereffective|p1a: Incineroar
|-damage|p1a: Incineroar|0 fnt
|faint|p1a: Incineroar
|
|t:|1758275539
|switch|p2a: Iron Crown|Iron Crown, tera:Steel|100/100|[from] Flip Turn
|
|upkeep
|
|t:|1758275543
|switch|p1a: Slowking|Slowking-Galar, M|100/100
|turn|24
|
|t:|1758275547
|move|p2a: Iron Crown|Volt Switch|p1a: Slowking
|-damage|p1a: Slowking|83/100
|
|t:|1758275550
|-end|p2a: Iron Crown|Quark Drive|[silent]
|switch|p2a: Samurott|Samurott-Hisui, M|100/100|[from] Volt Switch
|move|p1a: Slowking|Flamethrower|p2a: Samurott
|-resisted|p2a: Samurott
|-damage|p2a: Samurott|86/100
|
|upkeep
|turn|25
|
|t:|1758275554
|switch|p1a: Comfey|Comfey, M|100/100
|move|p2a: Samurott|Ceaseless Edge|p1a: Comfey|[miss]
|-miss|p2a: Samurott|p1a: Comfey
|
|upkeep
|turn|26
|
|t:|1758275561
|switch|p2a: Pecharunt|Pecharunt|100/100
|move|p1a: Comfey|Calm Mind|p1a: Comfey
|-boost|p1a: Comfey|spa|1
|-boost|p1a: Comfey|spd|1
|
|upkeep
|turn|27
|
|t:|1758275564
|-terastallize|p1a: Comfey|Ground
|move|p1a: Comfey|Tera Blast|p2a: Pecharunt|[anim] Tera Blast Ground
|-supereffective|p2a: Pecharunt
|-damage|p2a: Pecharunt|0 fnt
|faint|p2a: Pecharunt
|-damage|p1a: Comfey|91/100|[from] item: Life Orb
|
|upkeep
|
|t:|1758275570
|switch|p2a: Ogerpon|Ogerpon-Wellspring, F|100/100
|turn|28
|
|t:|1758275578
|switch|p1a: Appletun|Appletun, F|100/100
|move|p2a: Ogerpon|Swords Dance|p2a: Ogerpon
|-boost|p2a: Ogerpon|atk|2
|
|upkeep
|turn|29
|
|t:|1758275585
|switch|p2a: Landorus|Landorus-Therian, M|100/100
|-ability|p2a: Landorus|Intimidate|boost
|-unboost|p1a: Appletun|atk|1
|move|p1a: Appletun|Apple Acid|p2a: Landorus
|-damage|p2a: Landorus|64/100
|-unboost|p2a: Landorus|spd|1
|
|upkeep
|turn|30
|
|t:|1758275587
|move|p2a: Landorus|U-turn|p1a: Appletun
|-supereffective|p1a: Appletun
|-damage|p1a: Appletun|64/100
|
|t:|1758275593
|switch|p2a: Iron Crown|Iron Crown, tera:Steel|100/100|[from] U-turn
|move|p1a: Appletun|Giga Drain|p2a: Iron Crown
|-resisted|p2a: Iron Crown
|-damage|p2a: Iron Crown|87/100
|-heal|p1a: Appletun|69/100|[from] drain|[of] p2a: Iron Crown
|
|upkeep
|turn|31
|
|t:|1758275601
|switch|p1a: Slowking|Slowking-Galar, M|100/100
|move|p2a: Iron Crown|Tachyon Cutter|p1a: Slowking
|-damage|p1a: Slowking|76/100
|-damage|p1a: Slowking|48/100
|-hitcount|p1a: Slowking|2
|
|upkeep
|turn|32
|
|t:|1758275605
|move|p2a: Iron Crown|Tachyon Cutter|p1a: Slowking
|-damage|p1a: Slowking|18/100
|-damage|p1a: Slowking|0 fnt
|faint|p1a: Slowking
|-hitcount|p1: Slowking|2
|
|upkeep
|
|t:|1758275612
|switch|p1a: Manaphy|Manaphy|100/100
|turn|33
|
|t:|1758275616
|-end|p2a: Iron Crown|Quark Drive|[silent]
|switch|p2a: Ogerpon|Ogerpon-Wellspring, F|100/100
|switch|p1a: Corviknight|Corviknight, M|78/100
|-ability|p1a: Corviknight|Pressure
|
|upkeep
|turn|34
|
|t:|1758275622
|switch|p2a: Landorus|Landorus-Therian, M|64/100
|-ability|p2a: Landorus|Intimidate|boost
|-unboost|p1a: Corviknight|atk|1
|move|p1a: Corviknight|Brave Bird|p2a: Landorus
|-damage|p2a: Landorus|32/100
|-damage|p1a: Corviknight|70/100|[from] Recoil
|
|upkeep
|turn|35
|
|t:|1758275629
|move|p2a: Landorus|U-turn|p1a: Corviknight
|-resisted|p1a: Corviknight
|-damage|p1a: Corviknight|64/100
|
|t:|1758275632
|switch|p2a: Iron Crown|Iron Crown, tera:Steel|87/100|[from] U-turn
|move|p1a: Corviknight|Roost|p1a: Corviknight
|-heal|p1a: Corviknight|100/100
|-singleturn|p1a: Corviknight|move: Roost
|
|upkeep
|turn|36
|
|t:|1758275637
|switch|p1a: Appletun|Appletun, F|69/100
|move|p2a: Iron Crown|Volt Switch|p1a: Appletun
|-resisted|p1a: Appletun
|-damage|p1a: Appletun|63/100
|
|t:|1758275646
|-end|p2a: Iron Crown|Quark Drive|[silent]
|switch|p2a: Landorus|Landorus-Therian, M|32/100|[from] Volt Switch
|-ability|p2a: Landorus|Intimidate|boost
|-unboost|p1a: Appletun|atk|1
|
|upkeep
|turn|37
|
|t:|1758275651
|move|p2a: Landorus|U-turn|p1a: Appletun
|-supereffective|p1a: Appletun
|-damage|p1a: Appletun|25/100
|
|t:|1758275654
|switch|p2a: Iron Crown|Iron Crown, tera:Steel|87/100|[from] U-turn
|move|p1a: Appletun|Apple Acid|p2a: Iron Crown
|-resisted|p2a: Iron Crown
|-crit|p2a: Iron Crown
|-damage|p2a: Iron Crown|66/100
|-unboost|p2a: Iron Crown|spd|1
|
|upkeep
|turn|38
|
|t:|1758275665
|move|p2a: Iron Crown|Tachyon Cutter|p1a: Appletun
|-damage|p1a: Appletun|0 fnt
|faint|p1a: Appletun
|-hitcount|p1: Appletun|1
|
|upkeep
|
|t:|1758275666
|switch|p1a: Manaphy|Manaphy|100/100
|turn|39
|
|t:|1758275671
|-end|p2a: Iron Crown|Quark Drive|[silent]
|switch|p2a: Ogerpon|Ogerpon-Wellspring, F|100/100
|move|p1a: Manaphy|Take Heart|p1a: Manaphy
|-boost|p1a: Manaphy|spa|1
|-boost|p1a: Manaphy|spd|1
|
|upkeep
|turn|40
|
|t:|1758275674
|switch|p1a: Corviknight|Corviknight, M|100/100
|-ability|p1a: Corviknight|Pressure
|move|p2a: Ogerpon|Swords Dance|p2a: Ogerpon
|-boost|p2a: Ogerpon|atk|2
|
|upkeep
|turn|41
|
|t:|1758275679
|move|p2a: Ogerpon|Ivy Cudgel|p1a: Corviknight|[anim] Ivy Cudgel Water
|-damage|p1a: Corviknight|10/100
|move|p1a: Corviknight|Brave Bird|p2a: Ogerpon
|-supereffective|p2a: Ogerpon
|-damage|p2a: Ogerpon|31/100
|-damage|p1a: Corviknight|0 fnt|[from] Recoil
|faint|p1a: Corviknight
|
|upkeep
|
|t:|1758275682
|switch|p1a: Comfey|Comfey, M, tera:Ground|91/100
|turn|42
|
|t:|1758275689
|move|p1a: Comfey|Draining Kiss|p2a: Ogerpon
|-damage|p2a: Ogerpon|4/100
|-heal|p1a: Comfey|100/100|[from] drain|[of] p2a: Ogerpon
|-damage|p1a: Comfey|91/100|[from] item: Life Orb
|move|p2a: Ogerpon|Ivy Cudgel|p1a: Comfey|[anim] Ivy Cudgel Water
|-supereffective|p1a: Comfey
|-crit|p1a: Comfey
|-damage|p1a: Comfey|0 fnt
|faint|p1a: Comfey
|
|upkeep
|-message|slowbro named paul forfeited.
|
|win|galac yeah !
|raw|slowbro named paul's rating: 1355 &rarr; <strong>1339</strong><br />(-16 for losing)
|raw|galac yeah !'s rating: 1422 &rarr; <strong>1438</strong><br />(+16 for winning)
|l|☆slowbro named paul
|player|p1|
|l|☆galac yeah !
|player|p2|
|l| ZambiaZard
