|j|☆bogghoul
|j|‽SirPops
|t:|1758314034
|gametype|singles
|player|p1|bogghoul|caitlin|1137
|player|p2|SirPops|red|1119
|gen|9
|tier|[Gen 9] OU
|rated|
|rule|HP Percentage Mod: HP is shown in percentages
|rule|Endless Battle Clause: Forcing endless battles is banned
|rule|Species Clause: Limit one of each Pokémon
|rule|OHKO Clause: OHKO moves are banned
|rule|Evasion Items Clause: Evasion items are banned
|rule|Evasion Moves Clause: Evasion moves are banned
|rule|Evasion Abilities Clause: Evasion abilities are banned
|rule|Sleep Moves Clause: Sleep-inducing moves are banned
|clearpoke
|poke|p1|Iron Treads|
|poke|p1|Samurott-Hisui, F|
|poke|p1|Dragapult, M|
|poke|p1|Slowking-Galar, F|
|poke|p1|Clefable, F|
|poke|p1|Gliscor, F|
|poke|p2|Articuno-Galar|
|poke|p2|Moltres-Galar|
|poke|p2|Lapras, F|
|poke|p2|Chandelure, M|
|poke|p2|Metang|
|poke|p2|Mandibuzz, F|
|teampreview
|inactive|Battle timer is ON: inactive players will automatically lose when time's up. (requested by SirPops)
|
|t:|1758314053
|teamsize|p1|6
|teamsize|p2|6
|start
|switch|p1a: Samurott|Samurott-Hisui, F|100/100
|switch|p2a: Lapras|Lapras, F|100/100
|turn|1
|
|t:|1758314069
|switch|p2a: Mandibuzz|Mandibuzz, F|100/100
|move|p1a: Samurott|Ceaseless Edge|p2a: Mandibuzz|[miss]
|-miss|p1a: Samurott|p2a: Mandibuzz
|
|upkeep
|turn|2
|
|t:|1758314077
|switch|p1a: Clefable|Clefable, F|100/100
|move|p2a: Mandibuzz|Toxic|p1a: Clefable|[miss]
|-miss|p2a: Mandibuzz|p1a: Clefable
|
|upkeep
|turn|3
|
|t:|1758314087
|switch|p2a: Metang|Metang, shiny|100/100
|move|p1a: Clefable|Stealth Rock|p2a: Metang
|-sidestart|p2: SirPops|move: Stealth Rock
|
|upkeep
|turn|4
|
|t:|1758314096
|switch|p1a: Gliscor|Gliscor, F|100/100
|move|p2a: Metang|Hone Claws|p2a: Metang
|-boost|p2a: Metang|atk|1
|-boost|p2a: Metang|accuracy|1
|
|-status|p1a: Gliscor|tox|[from] item: Toxic Orb
|upkeep
|turn|5
|
|t:|1758314108
|move|p1a: Gliscor|Swords Dance|p1a: Gliscor
|-boost|p1a: Gliscor|atk|2
|move|p2a: Metang|Zen Headbutt|p1a: Gliscor
|-damage|p1a: Gliscor|71/100 tox
|
|-heal|p1a: Gliscor|84/100 tox|[from] ability: Poison Heal
|upkeep
|turn|6
|
|t:|1758314111
|move|p1a: Gliscor|Earthquake|p2a: Metang
|-supereffective|p2a: Metang
|-damage|p2a: Metang|11/100
|move|p2a: Metang|Hone Claws|p2a: Metang
|-boost|p2a: Metang|atk|1
|-boost|p2a: Metang|accuracy|1
|
|-heal|p1a: Gliscor|96/100 tox|[from] ability: Poison Heal
|upkeep
|turn|7
|
|t:|1758314131
|move|p2a: Metang|Bullet Punch|p1a: Gliscor
|-damage|p1a: Gliscor|77/100 tox
|move|p1a: Gliscor|Earthquake|p2a: Metang
|-supereffective|p2a: Metang
|-damage|p2a: Metang|0 fnt
|faint|p2a: Metang
|
|-heal|p1a: Gliscor|89/100 tox|[from] ability: Poison Heal
|upkeep
|-message|SirPops forfeited.
|
|win|bogghoul
|raw|bogghoul's rating: 1137 &rarr; <strong>1159</strong><br />(+22 for winning)
|raw|SirPops's rating: 1094 &rarr; <strong>1073</strong><br />(-21 for losing)
|l|‽SirPops
|player|p2|
|l|☆bogghoul
|player|p1|
