|j|☆SML Shrek
|j|☆Dylanhmp
|t:|1758301972
|gametype|singles
|player|p1|SML Shrek|hiker-gen4|1450
|player|p2|Dylanhmp|1|1469
|gen|9
|tier|[Gen 9] OU
|rated|
|rule|HP Percentage Mod: HP is shown in percentages
|rule|Endless Battle Clause: Forcing endless battles is banned
|rule|Species Clause: Limit one of each Pokémon
|rule|OHKO Clause: OHKO moves are banned
|rule|Evasion Items Clause: Evasion items are banned
|rule|Evasion Moves Clause: Evasion moves are banned
|rule|Evasion Abilities Clause: Evasion abilities are banned
|rule|Sleep Moves Clause: Sleep-inducing moves are banned
|clearpoke
|poke|p1|Ribombee, F|
|poke|p1|Cinderace, F|
|poke|p1|Quaquaval, M|
|poke|p1|Gholdengo|
|poke|p1|Sinistcha|
|poke|p1|Ting-Lu|
|poke|p2|Kyurem|
|poke|p2|Corviknight, M|
|poke|p2|Ting-Lu|
|poke|p2|Dondozo, M|
|poke|p2|Slowking-Galar, L99, M|
|poke|p2|Cinderace, F|
|teampreview
|inactive|Battle timer is ON: inactive players will automatically lose when time's up. (requested by Dylanhmp)
|
|t:|1758301981
|teamsize|p1|6
|teamsize|p2|6
|start
|switch|p1a: Ribombee|Ribombee, F|100/100
|switch|p2a: Cinderace|Cinderace, F|100/100
|turn|1
|
|t:|1758301989
|move|p1a: Ribombee|Stun Spore|p2a: Cinderace
|-status|p2a: Cinderace|par
|cant|p2a: Cinderace|par
|
|upkeep
|turn|2
|
|t:|1758301997
|move|p1a: Ribombee|Sticky Web|p2a: Cinderace
|-sidestart|p2: Dylanhmp|move: Sticky Web
|cant|p2a: Cinderace|par
|
|upkeep
|turn|3
|
|t:|1758302002
|switch|p1a: Ting-Lu|Ting-Lu|100/100
|-ability|p1a: Ting-Lu|Vessel of Ruin
|move|p2a: Cinderace|Pyro Ball|p1a: Ting-Lu
|-damage|p1a: Ting-Lu|73/100
|
|-heal|p1a: Ting-Lu|80/100|[from] item: Leftovers
|upkeep
|turn|4
|
|t:|1758302011
|move|p2a: Cinderace|Court Change|p2a: Cinderace
|-swapsideconditions
|-activate|p2a: Cinderace|move: Court Change
|move|p1a: Ting-Lu|Stealth Rock|p2a: Cinderace
|-sidestart|p2: Dylanhmp|move: Stealth Rock
|
|-heal|p1a: Ting-Lu|86/100|[from] item: Leftovers
|upkeep
|turn|5
|
|t:|1758302017
|cant|p2a: Cinderace|par
|move|p1a: Ting-Lu|Spikes|p2a: Cinderace
|-sidestart|p2: Dylanhmp|Spikes
|
|-heal|p1a: Ting-Lu|92/100|[from] item: Leftovers
|upkeep
|turn|6
|
|t:|1758302022
|move|p2a: Cinderace|U-turn|p1a: Ting-Lu
|-supereffective|p1a: Ting-Lu
|-damage|p1a: Ting-Lu|72/100
|
|t:|1758302024
|switch|p2a: Corviknight|Corviknight, M|100/100|[from] U-turn
|-damage|p2a: Corviknight|88/100|[from] Stealth Rock
|-ability|p2a: Corviknight|Pressure
|move|p1a: Ting-Lu|Spikes|p2a: Corviknight
|-sidestart|p2: Dylanhmp|Spikes
|
|-heal|p1a: Ting-Lu|78/100|[from] item: Leftovers
|upkeep
|turn|7
|
|t:|1758302033
|switch|p1a: Gholdengo|Gholdengo|100/100
|-item|p1a: Gholdengo|Air Balloon
|move|p2a: Corviknight|U-turn|p1a: Gholdengo
|-resisted|p1a: Gholdengo
|-damage|p1a: Gholdengo|96/100
|-enditem|p1a: Gholdengo|Air Balloon
|
|t:|1758302041
|switch|p2a: Cinderace|Cinderace, F|100/100 par|[from] U-turn
|
|upkeep
|turn|8
|
|t:|1758302051
|switch|p1a: Ting-Lu|Ting-Lu|78/100
|-activate|p1a: Ting-Lu|move: Sticky Web
|-unboost|p1a: Ting-Lu|spe|1
|-ability|p1a: Ting-Lu|Vessel of Ruin
|move|p2a: Cinderace|Pyro Ball|p1a: Ting-Lu
|-damage|p1a: Ting-Lu|50/100
|
|-heal|p1a: Ting-Lu|57/100|[from] item: Leftovers
|upkeep
|turn|9
|
|t:|1758302060
|move|p2a: Cinderace|Will-O-Wisp|p1a: Ting-Lu
|-status|p1a: Ting-Lu|brn
|move|p1a: Ting-Lu|Spikes|p2a: Cinderace
|-sidestart|p2: Dylanhmp|Spikes
|
|-heal|p1a: Ting-Lu|63/100 brn|[from] item: Leftovers
|-damage|p1a: Ting-Lu|57/100 brn|[from] brn
|upkeep
|turn|10
|
|t:|1758302067
|move|p2a: Cinderace|Court Change|p2a: Cinderace
|-swapsideconditions
|-activate|p2a: Cinderace|move: Court Change
|move|p1a: Ting-Lu|Stealth Rock|p2a: Cinderace
|-sidestart|p2: Dylanhmp|move: Stealth Rock
|
|-heal|p1a: Ting-Lu|63/100 brn|[from] item: Leftovers
|-damage|p1a: Ting-Lu|57/100 brn|[from] brn
|upkeep
|turn|11
|
|t:|1758302079
|move|p2a: Cinderace|U-turn|p1a: Ting-Lu
|-supereffective|p1a: Ting-Lu
|-damage|p1a: Ting-Lu|35/100 brn
|
|t:|1758302085
|switch|p2a: Kyurem|Kyurem|100/100|[from] U-turn
|-activate|p2a: Kyurem|move: Sticky Web
|-unboost|p2a: Kyurem|spe|1
|-damage|p2a: Kyurem|75/100|[from] Stealth Rock
|-ability|p2a: Kyurem|Pressure
|move|p1a: Ting-Lu|Ruination|p2a: Kyurem
|-damage|p2a: Kyurem|38/100
|
|-heal|p2a: Kyurem|44/100|[from] item: Leftovers
|-heal|p1a: Ting-Lu|41/100 brn|[from] item: Leftovers
|-damage|p1a: Ting-Lu|35/100 brn|[from] brn
|upkeep
|turn|12
|
|t:|1758302099
|-terastallize|p1a: Ting-Lu|Ghost
|move|p2a: Kyurem|Substitute|p2a: Kyurem
|-start|p2a: Kyurem|Substitute
|-damage|p2a: Kyurem|19/100
|move|p1a: Ting-Lu|Spikes|p2a: Kyurem
|-sidestart|p2: Dylanhmp|Spikes
|
|-heal|p2a: Kyurem|25/100|[from] item: Leftovers
|-heal|p1a: Ting-Lu|41/100 brn|[from] item: Leftovers
|-damage|p1a: Ting-Lu|35/100 brn|[from] brn
|upkeep
|turn|13
|
|t:|1758302110
|move|p2a: Kyurem|Freeze-Dry|p1a: Ting-Lu
|-damage|p1a: Ting-Lu|21/100 brn
|move|p1a: Ting-Lu|Whirlwind|p2a: Kyurem
|drag|p2a: Ting-Lu|Ting-Lu|100/100
|-activate|p2a: Ting-Lu|move: Sticky Web
|-unboost|p2a: Ting-Lu|spe|1
|-damage|p2a: Ting-Lu|94/100|[from] Stealth Rock
|-damage|p2a: Ting-Lu|82/100|[from] Spikes
|-ability|p2a: Ting-Lu|Vessel of Ruin
|
|-heal|p1a: Ting-Lu|27/100 brn|[from] item: Leftovers
|-heal|p2a: Ting-Lu|88/100|[from] item: Leftovers
|-damage|p1a: Ting-Lu|21/100 brn|[from] brn
|upkeep
|turn|14
|
|t:|1758302123
|move|p2a: Ting-Lu|Earthquake|p1a: Ting-Lu
|-damage|p1a: Ting-Lu|1/100 brn
|move|p1a: Ting-Lu|Spikes|p2a: Ting-Lu
|-sidestart|p2: Dylanhmp|Spikes
|
|-heal|p1a: Ting-Lu|8/100 brn|[from] item: Leftovers
|-heal|p2a: Ting-Lu|94/100|[from] item: Leftovers
|-damage|p1a: Ting-Lu|1/100 brn|[from] brn
|upkeep
|turn|15
|
|t:|1758302130
|switch|p2a: Corviknight|Corviknight, M|88/100
|-damage|p2a: Corviknight|76/100|[from] Stealth Rock
|-ability|p2a: Corviknight|Pressure
|move|p1a: Ting-Lu|Spikes|p2a: Corviknight
|-sidestart|p2: Dylanhmp|Spikes
|
|-heal|p1a: Ting-Lu|8/100 brn|[from] item: Leftovers
|-damage|p1a: Ting-Lu|1/100 brn|[from] brn
|upkeep
|turn|16
|
|t:|1758302140
|switch|p1a: Gholdengo|Gholdengo|96/100
|-damage|p1a: Gholdengo|90/100|[from] Stealth Rock
|-damage|p1a: Gholdengo|65/100|[from] Spikes
|move|p2a: Corviknight|U-turn|p1a: Gholdengo
|-resisted|p1a: Gholdengo
|-damage|p1a: Gholdengo|62/100
|
|t:|1758302145
|switch|p2a: Ting-Lu|Ting-Lu|94/100|[from] U-turn
|-activate|p2a: Ting-Lu|move: Sticky Web
|-unboost|p2a: Ting-Lu|spe|1
|-damage|p2a: Ting-Lu|88/100|[from] Stealth Rock
|-damage|p2a: Ting-Lu|63/100|[from] Spikes
|-ability|p2a: Ting-Lu|Vessel of Ruin
|
|-heal|p2a: Ting-Lu|69/100|[from] item: Leftovers
|upkeep
|turn|17
|
|t:|1758302160
|switch|p1a: Quaquaval|Quaquaval, M|100/100
|-damage|p1a: Quaquaval|94/100|[from] Stealth Rock
|-damage|p1a: Quaquaval|69/100|[from] Spikes
|move|p2a: Ting-Lu|Payback|p1a: Quaquaval
|-resisted|p1a: Quaquaval
|-damage|p1a: Quaquaval|57/100
|
|-heal|p2a: Ting-Lu|76/100|[from] item: Leftovers
|upkeep
|turn|18
|
|t:|1758302169
|switch|p2a: Dondozo|Dondozo, M|100/100
|-activate|p2a: Dondozo|move: Sticky Web
|-unboost|p2a: Dondozo|spe|1
|-damage|p2a: Dondozo|88/100|[from] Stealth Rock
|-damage|p2a: Dondozo|63/100|[from] Spikes
|move|p1a: Quaquaval|Rapid Spin|p2a: Dondozo
|-damage|p2a: Dondozo|56/100
|-boost|p1a: Quaquaval|spe|1
|-sideend|p1: SML Shrek|Spikes|[from] move: Rapid Spin|[of] p1a: Quaquaval
|-sideend|p1: SML Shrek|Stealth Rock|[from] move: Rapid Spin|[of] p1a: Quaquaval
|
|-heal|p2a: Dondozo|63/100|[from] item: Leftovers
|upkeep
|turn|19
|
|t:|1758302184
|switch|p1a: Ribombee|Ribombee, F|100/100
|switch|p2a: Corviknight|Corviknight, M|76/100
|-damage|p2a: Corviknight|64/100|[from] Stealth Rock
|-ability|p2a: Corviknight|Pressure
|
|upkeep
|turn|20
|
|t:|1758302193
|move|p1a: Ribombee|Stun Spore|p2a: Corviknight|[miss]
|-miss|p1a: Ribombee|p2a: Corviknight
|move|p2a: Corviknight|Defog|p1a: Ribombee
|-unboost|p1a: Ribombee|evasion|1
|-sideend|p2: Dylanhmp|Spikes|[from] move: Defog|[of] p2a: Corviknight
|-sideend|p2: Dylanhmp|Stealth Rock|[from] move: Defog|[of] p2a: Corviknight
|-sideend|p2: Dylanhmp|Sticky Web|[from] move: Defog|[of] p2a: Corviknight
|
|upkeep
|turn|21
|
|t:|1758302199
|switch|p2a: Cinderace|Cinderace, F|100/100 par
|move|p1a: Ribombee|Sticky Web|p2a: Cinderace
|-sidestart|p2: Dylanhmp|move: Sticky Web
|
|upkeep
|turn|22
|
|t:|1758302209
|switch|p1a: Ting-Lu|Ting-Lu, tera:Ghost|1/100 brn
|-ability|p1a: Ting-Lu|Vessel of Ruin
|cant|p2a: Cinderace|par
|
|-heal|p1a: Ting-Lu|8/100 brn|[from] item: Leftovers
|-damage|p1a: Ting-Lu|1/100 brn|[from] brn
|upkeep
|turn|23
|
|t:|1758302218
|cant|p2a: Cinderace|par
|move|p1a: Ting-Lu|Stealth Rock|p2a: Cinderace
|-sidestart|p2: Dylanhmp|move: Stealth Rock
|
|-heal|p1a: Ting-Lu|8/100 brn|[from] item: Leftovers
|-damage|p1a: Ting-Lu|1/100 brn|[from] brn
|upkeep
|turn|24
|
|t:|1758302224
|move|p2a: Cinderace|Court Change|p2a: Cinderace
|-swapsideconditions
|-activate|p2a: Cinderace|move: Court Change
|move|p1a: Ting-Lu|Spikes|p2a: Cinderace
|-sidestart|p2: Dylanhmp|Spikes
|
|-heal|p1a: Ting-Lu|8/100 brn|[from] item: Leftovers
|-damage|p1a: Ting-Lu|1/100 brn|[from] brn
|upkeep
|turn|25
|
|t:|1758302231
|move|p2a: Cinderace|Pyro Ball|p1a: Ting-Lu
|-damage|p1a: Ting-Lu|0 fnt
|faint|p1a: Ting-Lu
|
|upkeep
|
|t:|1758302235
|switch|p1a: Cinderace|Cinderace, F|100/100
|turn|26
|
|t:|1758302240
|switch|p2a: Dondozo|Dondozo, M|63/100
|-damage|p2a: Dondozo|50/100|[from] Spikes
|move|p1a: Cinderace|Court Change|p1a: Cinderace
|-start|p1a: Cinderace|typechange|Normal|[from] ability: Libero
|-swapsideconditions
|-activate|p1a: Cinderace|move: Court Change
|
|-heal|p2a: Dondozo|56/100|[from] item: Leftovers
|upkeep
|turn|27
|
|t:|1758302248
|move|p1a: Cinderace|U-turn|p2a: Dondozo
|-damage|p2a: Dondozo|46/100
|
|t:|1758302251
|switch|p1a: Quaquaval|Quaquaval, M|57/100|[from] U-turn
|-damage|p1a: Quaquaval|44/100|[from] Spikes
|move|p2a: Dondozo|Body Press|p1a: Quaquaval
|-damage|p1a: Quaquaval|10/100
|
|-heal|p2a: Dondozo|52/100|[from] item: Leftovers
|upkeep
|turn|28
|
|t:|1758302260
|move|p1a: Quaquaval|Rapid Spin|p2a: Dondozo
|-damage|p2a: Dondozo|45/100
|-boost|p1a: Quaquaval|spe|1
|-sideend|p1: SML Shrek|Spikes|[from] move: Rapid Spin|[of] p1a: Quaquaval
|move|p2a: Dondozo|Waterfall|p1a: Quaquaval
|-resisted|p1a: Quaquaval
|-damage|p1a: Quaquaval|0 fnt
|faint|p1a: Quaquaval
|
|-heal|p2a: Dondozo|51/100|[from] item: Leftovers
|upkeep
|
|t:|1758302271
|switch|p1a: Gholdengo|Gholdengo|62/100
|turn|29
|
|t:|1758302278
|switch|p2a: Ting-Lu|Ting-Lu|76/100
|-activate|p2a: Ting-Lu|move: Sticky Web
|-unboost|p2a: Ting-Lu|spe|1
|-damage|p2a: Ting-Lu|69/100|[from] Stealth Rock
|-ability|p2a: Ting-Lu|Vessel of Ruin
|move|p1a: Gholdengo|Shadow Ball|p2a: Ting-Lu
|-resisted|p2a: Ting-Lu
|-damage|p2a: Ting-Lu|60/100
|
|-heal|p2a: Ting-Lu|67/100|[from] item: Leftovers
|upkeep
|turn|30
|
|t:|1758302296
|switch|p1a: Ribombee|Ribombee, F|100/100
|move|p2a: Ting-Lu|Payback|p1a: Ribombee
|-resisted|p1a: Ribombee
|-damage|p1a: Ribombee|85/100
|
|-heal|p2a: Ting-Lu|73/100|[from] item: Leftovers
|upkeep
|turn|31
|
|t:|1758302304
|switch|p2a: Slowking|Slowking-Galar, L99, M|100/100
|move|p1a: Ribombee|Stun Spore|p2a: Slowking
|-status|p2a: Slowking|par
|
|upkeep
|turn|32
|
|t:|1758302317
|switch|p1a: Cinderace|Cinderace, F|100/100
|-prepare|p2a: Slowking|Chilly Reception|[premajor]
|move|p2a: Slowking|Chilly Reception|p2a: Slowking
|-weather|Snowscape
|
|t:|1758302330
|switch|p2a: Dondozo|Dondozo, M|51/100|[from] Chilly Reception
|-activate|p2a: Dondozo|move: Sticky Web
|-unboost|p2a: Dondozo|spe|1
|-damage|p2a: Dondozo|39/100|[from] Stealth Rock
|
|-weather|Snowscape|[upkeep]
|-heal|p2a: Dondozo|45/100|[from] item: Leftovers
|upkeep
|turn|33
|
|t:|1758302338
|move|p1a: Cinderace|U-turn|p2a: Dondozo
|-start|p1a: Cinderace|typechange|Bug|[from] ability: Libero
|-damage|p2a: Dondozo|31/100
|
|t:|1758302343
|switch|p1a: Sinistcha|Sinistcha|100/100|[from] U-turn
|move|p2a: Dondozo|Rest|p2a: Dondozo
|-status|p2a: Dondozo|slp|[from] move: Rest
|-heal|p2a: Dondozo|100/100 slp|[silent]
|
|-weather|Snowscape|[upkeep]
|upkeep
|turn|34
|
|t:|1758302351
|switch|p2a: Slowking|Slowking-Galar, L99, M|100/100 par
|move|p1a: Sinistcha|Calm Mind|p1a: Sinistcha
|-boost|p1a: Sinistcha|spa|1
|-boost|p1a: Sinistcha|spd|1
|
|-weather|Snowscape|[upkeep]
|upkeep
|turn|35
|
|t:|1758302358
|move|p1a: Sinistcha|Hex|p2a: Slowking
|-supereffective|p2a: Slowking
|-damage|p2a: Slowking|11/100 par
|cant|p2a: Slowking|par
|
|-weather|Snowscape|[upkeep]
|upkeep
|turn|36
|
|t:|1758302366
|move|p1a: Sinistcha|Hex|p2a: Slowking
|-supereffective|p2a: Slowking
|-damage|p2a: Slowking|0 fnt
|faint|p2a: Slowking
|
|-weather|none
|upkeep
|
|t:|1758302374
|switch|p2a: Corviknight|Corviknight, M|64/100
|-damage|p2a: Corviknight|51/100|[from] Stealth Rock
|-ability|p2a: Corviknight|Pressure
|turn|37
|
|t:|1758302380
|switch|p1a: Gholdengo|Gholdengo|62/100
|move|p2a: Corviknight|Roost|p2a: Corviknight
|-heal|p2a: Corviknight|100/100
|-singleturn|p2a: Corviknight|move: Roost
|
|upkeep
|turn|38
|
|t:|1758302388
|move|p1a: Gholdengo|Nasty Plot|p1a: Gholdengo
|-boost|p1a: Gholdengo|spa|2
|move|p2a: Corviknight|U-turn|p1a: Gholdengo
|-resisted|p1a: Gholdengo
|-damage|p1a: Gholdengo|58/100
|
|t:|1758302392
|switch|p2a: Ting-Lu|Ting-Lu|73/100|[from] U-turn
|-activate|p2a: Ting-Lu|move: Sticky Web
|-unboost|p2a: Ting-Lu|spe|1
|-damage|p2a: Ting-Lu|67/100|[from] Stealth Rock
|-ability|p2a: Ting-Lu|Vessel of Ruin
|
|-heal|p2a: Ting-Lu|73/100|[from] item: Leftovers
|upkeep
|turn|39
|
|t:|1758302401
|move|p1a: Gholdengo|Dazzling Gleam|p2a: Ting-Lu
|-supereffective|p2a: Ting-Lu
|-damage|p2a: Ting-Lu|24/100
|move|p2a: Ting-Lu|Payback|p1a: Gholdengo
|-supereffective|p1a: Gholdengo
|-damage|p1a: Gholdengo|0 fnt
|faint|p1a: Gholdengo
|
|-heal|p2a: Ting-Lu|30/100|[from] item: Leftovers
|upkeep
|
|t:|1758302411
|switch|p1a: Cinderace|Cinderace, F|100/100
|turn|40
|
|t:|1758302414
|move|p1a: Cinderace|U-turn|p2a: Ting-Lu
|-start|p1a: Cinderace|typechange|Bug|[from] ability: Libero
|-supereffective|p2a: Ting-Lu
|-damage|p2a: Ting-Lu|0 fnt
|faint|p2a: Ting-Lu
|
|t:|1758302424
|switch|p1a: Sinistcha|Sinistcha|100/100|[from] U-turn
|
|upkeep
|
|t:|1758302432
|switch|p2a: Corviknight|Corviknight, M|100/100
|-damage|p2a: Corviknight|88/100|[from] Stealth Rock
|-ability|p2a: Corviknight|Pressure
|turn|41
|
|t:|1758302437
|move|p1a: Sinistcha|Stun Spore|p2a: Corviknight
|-status|p2a: Corviknight|par
|move|p2a: Corviknight|Defog|p1a: Sinistcha
|-unboost|p1a: Sinistcha|evasion|1
|-sideend|p2: Dylanhmp|Stealth Rock|[from] move: Defog|[of] p2a: Corviknight
|-sideend|p2: Dylanhmp|Sticky Web|[from] move: Defog|[of] p2a: Corviknight
|
|upkeep
|turn|42
|
|t:|1758302467
|move|p1a: Sinistcha|Calm Mind|p1a: Sinistcha
|-boost|p1a: Sinistcha|spa|1
|-boost|p1a: Sinistcha|spd|1
|move|p2a: Corviknight|Brave Bird|p1a: Sinistcha
|-supereffective|p1a: Sinistcha
|-damage|p1a: Sinistcha|51/100
|-damage|p2a: Corviknight|74/100 par|[from] Recoil
|
|-heal|p1a: Sinistcha|57/100|[from] item: Leftovers
|upkeep
|turn|43
|
|t:|1758302476
|move|p1a: Sinistcha|Strength Sap|p2a: Corviknight
|-unboost|p2a: Corviknight|atk|1
|-heal|p1a: Sinistcha|100/100
|move|p2a: Corviknight|Brave Bird|p1a: Sinistcha
|-supereffective|p1a: Sinistcha
|-damage|p1a: Sinistcha|67/100
|-damage|p2a: Corviknight|65/100 par|[from] Recoil
|
|-heal|p1a: Sinistcha|73/100|[from] item: Leftovers
|upkeep
|turn|44
|
|t:|1758302487
|move|p1a: Sinistcha|Hex|p2a: Corviknight
|-damage|p2a: Corviknight|0 fnt
|faint|p2a: Corviknight
|
|-heal|p1a: Sinistcha|79/100|[from] item: Leftovers
|upkeep
|
|t:|1758302489
|switch|p2a: Kyurem|Kyurem|25/100
|-ability|p2a: Kyurem|Pressure
|turn|45
|
|t:|1758302495
|move|p2a: Kyurem|Substitute|p2a: Kyurem
|-fail|p2a: Kyurem|move: Substitute|[weak]
|move|p1a: Sinistcha|Hex|p2a: Kyurem
|-damage|p2a: Kyurem|0 fnt
|faint|p2a: Kyurem
|
|-heal|p1a: Sinistcha|85/100|[from] item: Leftovers
|upkeep
|
|t:|1758302502
|switch|p2a: Cinderace|Cinderace, F|100/100 par
|turn|46
|
|t:|1758302505
|move|p1a: Sinistcha|Hex|p2a: Cinderace
|-damage|p2a: Cinderace|4/100 par
|move|p2a: Cinderace|Pyro Ball|p1a: Sinistcha
|-supereffective|p1a: Sinistcha
|-damage|p1a: Sinistcha|33/100
|
|-heal|p1a: Sinistcha|39/100|[from] item: Leftovers
|upkeep
|turn|47
|
|t:|1758302513
|move|p1a: Sinistcha|Hex|p2a: Cinderace
|-damage|p2a: Cinderace|0 fnt
|faint|p2a: Cinderace
|
|-heal|p1a: Sinistcha|45/100|[from] item: Leftovers
|upkeep
|
|t:|1758302514
|switch|p2a: Dondozo|Dondozo, M|100/100 slp
|turn|48
|
|t:|1758302520
|-terastallize|p2a: Dondozo|Dark
|move|p1a: Sinistcha|Hex|p2a: Dondozo
|-resisted|p2a: Dondozo
|-damage|p2a: Dondozo|74/100 slp
|cant|p2a: Dondozo|slp
|
|-heal|p1a: Sinistcha|51/100|[from] item: Leftovers
|-heal|p2a: Dondozo|80/100 slp|[from] item: Leftovers
|upkeep
|turn|49
|
|t:|1758302531
|move|p1a: Sinistcha|Strength Sap|p2a: Dondozo
|-unboost|p2a: Dondozo|atk|1
|-heal|p1a: Sinistcha|100/100
|cant|p2a: Dondozo|slp
|
|-heal|p2a: Dondozo|86/100 slp|[from] item: Leftovers
|upkeep
|turn|50
|
|t:|1758302543
|move|p1a: Sinistcha|Strength Sap|p2a: Dondozo
|-unboost|p2a: Dondozo|atk|1
|-curestatus|p2a: Dondozo|slp|[msg]
|move|p2a: Dondozo|Curse|p2a: Dondozo
|-unboost|p2a: Dondozo|spe|1
|-boost|p2a: Dondozo|atk|1
|-boost|p2a: Dondozo|def|1
|
|-heal|p2a: Dondozo|92/100|[from] item: Leftovers
|upkeep
|turn|51
|
|t:|1758302556
|switch|p1a: Ribombee|Ribombee, F|85/100
|move|p2a: Dondozo|Curse|p2a: Dondozo
|-unboost|p2a: Dondozo|spe|1
|-boost|p2a: Dondozo|atk|1
|-boost|p2a: Dondozo|def|1
|
|-heal|p2a: Dondozo|98/100|[from] item: Leftovers
|upkeep
|turn|52
|
|t:|1758302570
|move|p1a: Ribombee|Stun Spore|p2a: Dondozo|[miss]
|-miss|p1a: Ribombee|p2a: Dondozo
|move|p2a: Dondozo|Waterfall|p1a: Ribombee
|-damage|p1a: Ribombee|40/100
|
|-heal|p2a: Dondozo|100/100|[from] item: Leftovers
|upkeep
|turn|53
|
|t:|1758302577
|move|p1a: Ribombee|Skill Swap|p2a: Dondozo
|-activate|p1a: Ribombee|move: Skill Swap|Unaware|Shield Dust|[of] p2a: Dondozo
|move|p2a: Dondozo|Waterfall|p1a: Ribombee
|-damage|p1a: Ribombee|0 fnt
|faint|p1a: Ribombee
|
|upkeep
|
|t:|1758302585
|switch|p1a: Sinistcha|Sinistcha|100/100
|turn|54
|-message|Dylanhmp forfeited.
|
|win|SML Shrek
|raw|SML Shrek's rating: 1450 &rarr; <strong>1471</strong><br />(+21 for winning)
|raw|Dylanhmp's rating: 1469 &rarr; <strong>1448</strong><br />(-21 for losing)
|l|☆Dylanhmp
|player|p2|
|j|☆Dylanhmp
|player|p2|Dylanhmp|1|
