|j|☆gamershiba
|j|☆pipotron
|t:|1758328519
|gametype|singles
|player|p1|gamershiba|lusamine-nihilego|1503
|player|p2|pipotron|170|1569
|gen|9
|tier|[Gen 9] OU
|rated|
|rule|HP Percentage Mod: HP is shown in percentages
|rule|Endless Battle Clause: Forcing endless battles is banned
|rule|Species Clause: Limit one of each Pokémon
|rule|OHKO Clause: OHKO moves are banned
|rule|Evasion Items Clause: Evasion items are banned
|rule|Evasion Moves Clause: Evasion moves are banned
|rule|Evasion Abilities Clause: Evasion abilities are banned
|rule|Sleep Moves Clause: Sleep-inducing moves are banned
|clearpoke
|poke|p1|Malamar, F|
|poke|p1|Araquanid, M|
|poke|p1|Gholdengo|
|poke|p1|Corviknight, M|
|poke|p1|Gliscor, F|
|poke|p1|Walking Wake|
|poke|p2|Landorus-Therian, M|
|poke|p2|Samurott-Hisui, M|
|poke|p2|Iron Treads|
|poke|p2|Sinistcha|
|poke|p2|Dragalge, M|
|poke|p2|Minior|
|teampreview
|inactive|Battle timer is ON: inactive players will automatically lose when time's up. (requested by gamershiba)
|inactive|pipotron has 120 seconds left.
|
|t:|1758328577
|teamsize|p1|6
|teamsize|p2|6
|start
|switch|p1a: Araquanid|Araquanid, M|100/100
|switch|p2a: Samurott|Samurott-Hisui, M|100/100
|turn|1
|
|t:|1758328592
|move|p2a: Samurott|Ceaseless Edge|p1a: Araquanid
|-damage|p1a: Araquanid|59/100
|-sidestart|p1: gamershiba|Spikes
|move|p1a: Araquanid|Lunge|p2a: Samurott
|-supereffective|p2a: Samurott
|-damage|p2a: Samurott|52/100
|-unboost|p2a: Samurott|atk|1
|
|upkeep
|turn|2
|
|t:|1758328603
|move|p2a: Samurott|Knock Off|p1a: Araquanid
|-damage|p1a: Araquanid|33/100
|-enditem|p1a: Araquanid|Custap Berry|[from] move: Knock Off|[of] p2a: Samurott
|move|p1a: Araquanid|Sticky Web|p2a: Samurott
|-sidestart|p2: pipotron|move: Sticky Web
|
|upkeep
|turn|3
|
|t:|1758328611
|move|p2a: Samurott|Ceaseless Edge|p1a: Araquanid
|-damage|p1a: Araquanid|4/100
|-sidestart|p1: gamershiba|Spikes
|move|p1a: Araquanid|Surf|p2a: Samurott
|-resisted|p2a: Samurott
|-damage|p2a: Samurott|29/100
|
|upkeep
|turn|4
|
|t:|1758328617
|move|p2a: Samurott|Ceaseless Edge|p1a: Araquanid
|-damage|p1a: Araquanid|0 fnt
|-sidestart|p1: gamershiba|Spikes
|faint|p1a: Araquanid
|
|upkeep
|
|t:|1758328638
|switch|p1a: Malamar|Malamar, F|100/100
|-damage|p1a: Malamar|76/100|[from] Spikes
|turn|5
|
|t:|1758328647
|move|p2a: Samurott|Knock Off|p1a: Malamar
|-damage|p1a: Malamar|43/100
|-enditem|p1a: Malamar|Chesto Berry|[from] move: Knock Off|[of] p2a: Samurott
|move|p1a: Malamar|Superpower|p2a: Samurott
|-supereffective|p2a: Samurott
|-damage|p2a: Samurott|0 fnt
|-boost|p1a: Malamar|atk|1
|-boost|p1a: Malamar|def|1
|faint|p2a: Samurott
|
|upkeep
|
|t:|1758328655
|switch|p2a: Landorus|Landorus-Therian, M|100/100
|-ability|p2a: Landorus|Intimidate|boost
|-boost|p1a: Malamar|atk|1
|turn|6
|
|t:|1758328668
|move|p2a: Landorus|U-turn|p1a: Malamar
|-supereffective|p1a: Malamar
|-damage|p1a: Malamar|0 fnt
|faint|p1a: Malamar
|
|t:|1758328684
|switch|p2a: Dragalge|Dragalge, M|100/100|[from] U-turn
|-activate|p2a: Dragalge|move: Sticky Web
|-unboost|p2a: Dragalge|spe|1
|
|upkeep
|
|t:|1758328696
|switch|p1a: Gholdengo|Gholdengo|100/100
|-item|p1a: Gholdengo|Air Balloon
|turn|7
|
|t:|1758328701
|switch|p1a: Walking Wake|Walking Wake|100/100
|-damage|p1a: Walking Wake|76/100|[from] Spikes
|move|p2a: Dragalge|Draco Meteor|p1a: Walking Wake
|-supereffective|p1a: Walking Wake
|-damage|p1a: Walking Wake|0 fnt
|-unboost|p2a: Dragalge|spa|2
|faint|p1a: Walking Wake
|-end|p1a: Walking Wake|Protosynthesis|[silent]
|
|upkeep
|
|t:|1758328709
|switch|p1a: Gholdengo|Gholdengo|100/100
|-item|p1a: Gholdengo|Air Balloon
|turn|8
|
|t:|1758328719
|switch|p2a: Landorus|Landorus-Therian, M|100/100
|-ability|p2a: Landorus|Intimidate|boost
|-unboost|p1a: Gholdengo|atk|1
|move|p1a: Gholdengo|Nasty Plot|p1a: Gholdengo
|-boost|p1a: Gholdengo|spa|2
|
|upkeep
|turn|9
|
|t:|1758328743
|move|p2a: Landorus|U-turn|p1a: Gholdengo
|-resisted|p1a: Gholdengo
|-damage|p1a: Gholdengo|95/100
|-enditem|p1a: Gholdengo|Air Balloon
|
|t:|1758328768
|switch|p2a: Iron Treads|Iron Treads|100/100|[from] U-turn
|-activate|p2a: Iron Treads|move: Sticky Web
|-unboost|p2a: Iron Treads|spe|1
|move|p1a: Gholdengo|Make It Rain|p2a: Iron Treads
|-resisted|p2a: Iron Treads
|-damage|p2a: Iron Treads|7/100
|-unboost|p1a: Gholdengo|spa|1
|
|-heal|p2a: Iron Treads|13/100|[from] item: Leftovers
|upkeep
|turn|10
|
|t:|1758328781
|move|p1a: Gholdengo|Shadow Ball|p2a: Iron Treads
|-damage|p2a: Iron Treads|0 fnt
|faint|p2a: Iron Treads
|-end|p2a: Iron Treads|Quark Drive|[silent]
|
|upkeep
|
|t:|1758328785
|switch|p2a: Landorus|Landorus-Therian, M|100/100
|-ability|p2a: Landorus|Intimidate|boost
|-unboost|p1a: Gholdengo|atk|1
|turn|11
|
|t:|1758328816
|switch|p1a: Gliscor|Gliscor, F|100/100
|move|p2a: Landorus|Earth Power|p1a: Gliscor
|-immune|p1a: Gliscor
|
|-status|p1a: Gliscor|tox|[from] item: Toxic Orb
|upkeep
|turn|12
|
|t:|1758328824
|move|p2a: Landorus|Stealth Rock|p1a: Gliscor
|-sidestart|p1: gamershiba|move: Stealth Rock
|move|p1a: Gliscor|Spikes|p2a: Landorus
|-sidestart|p2: pipotron|Spikes
|
|upkeep
|turn|13
|
|t:|1758328838
|move|p2a: Landorus|U-turn|p1a: Gliscor
|-resisted|p1a: Gliscor
|-damage|p1a: Gliscor|95/100 tox
|
|t:|1758328844
|switch|p2a: Minior|Minior|100/100|[from] U-turn
|-formechange|p2a: Minior|Minior-Meteor||[from] ability: Shields Down
|move|p1a: Gliscor|Toxic|p2a: Minior|[miss]
|-miss|p1a: Gliscor|p2a: Minior
|
|-heal|p1a: Gliscor|100/100 tox|[from] ability: Poison Heal
|upkeep
|turn|14
|
|t:|1758328863
|move|p1a: Gliscor|Toxic|p2a: Minior
|-immune|p2a: Minior|[from] ability: Shields Down
|move|p2a: Minior|Shell Smash|p2a: Minior
|-unboost|p2a: Minior|def|1
|-unboost|p2a: Minior|spd|1
|-boost|p2a: Minior|atk|2
|-boost|p2a: Minior|spa|2
|-boost|p2a: Minior|spe|2
|-enditem|p2a: Minior|White Herb
|-clearnegativeboost|p2a: Minior|[silent]
|
|upkeep
|turn|15
|
|t:|1758328868
|move|p2a: Minior|Shell Smash|p2a: Minior
|-unboost|p2a: Minior|def|1
|-unboost|p2a: Minior|spd|1
|-boost|p2a: Minior|atk|2
|-boost|p2a: Minior|spa|2
|-boost|p2a: Minior|spe|2
|move|p1a: Gliscor|Spikes|p2a: Minior
|-sidestart|p2: pipotron|Spikes
|
|upkeep
|turn|16
|
|t:|1758328871
|move|p2a: Minior|Shell Smash|p2a: Minior
|-unboost|p2a: Minior|def|1
|-unboost|p2a: Minior|spd|1
|-boost|p2a: Minior|atk|2
|-boost|p2a: Minior|spa|2
|-boost|p2a: Minior|spe|2
|move|p1a: Gliscor|Spikes|p2a: Minior
|-sidestart|p2: pipotron|Spikes
|
|upkeep
|turn|17
|
|t:|1758328878
|switch|p1a: Corviknight|Corviknight, M|100/100
|-damage|p1a: Corviknight|88/100|[from] Stealth Rock
|-ability|p1a: Corviknight|Pressure
|move|p2a: Minior|Power Gem|p1a: Corviknight
|-damage|p1a: Corviknight|0 fnt
|faint|p1a: Corviknight
|
|upkeep
|c|☆gamershiba|gg
|c|☆gamershiba|wp
|
|t:|1758328883
|switch|p1a: Gholdengo|Gholdengo|95/100
|-damage|p1a: Gholdengo|70/100|[from] Spikes
|-damage|p1a: Gholdengo|64/100|[from] Stealth Rock
|turn|18
|
|t:|1758328890
|-terastallize|p2a: Minior|Flying
|move|p2a: Minior|Acrobatics|p1a: Gholdengo
|-resisted|p1a: Gholdengo
|-damage|p1a: Gholdengo|0 fnt
|faint|p1a: Gholdengo
|
|upkeep
|
|t:|1758328894
|switch|p1a: Gliscor|Gliscor, F|100/100 tox
|-damage|p1a: Gliscor|88/100 tox|[from] Stealth Rock
|turn|19
|
|t:|1758328901
|move|p1a: Gliscor|Protect|p1a: Gliscor
|-singleturn|p1a: Gliscor|Protect
|move|p2a: Minior|Acrobatics|p1a: Gliscor
|-activate|p1a: Gliscor|move: Protect
|
|-heal|p1a: Gliscor|100/100 tox|[from] ability: Poison Heal
|upkeep
|turn|20
|
|t:|1758328906
|move|p1a: Gliscor|Protect||[still]
|-fail|p1a: Gliscor
|move|p2a: Minior|Acrobatics|p1a: Gliscor
|-damage|p1a: Gliscor|7/100 tox
|
|-heal|p1a: Gliscor|20/100 tox|[from] ability: Poison Heal
|upkeep
|turn|21
|
|t:|1758328909
|move|p1a: Gliscor|Protect|p1a: Gliscor
|-singleturn|p1a: Gliscor|Protect
|move|p2a: Minior|Acrobatics|p1a: Gliscor
|-activate|p1a: Gliscor|move: Protect
|
|-heal|p1a: Gliscor|32/100 tox|[from] ability: Poison Heal
|upkeep
|turn|22
|
|t:|1758328911
|move|p1a: Gliscor|Protect|p1a: Gliscor
|-singleturn|p1a: Gliscor|Protect
|move|p2a: Minior|Acrobatics|p1a: Gliscor
|-activate|p1a: Gliscor|move: Protect
|
|-heal|p1a: Gliscor|45/100 tox|[from] ability: Poison Heal
|upkeep
|turn|23
|
|t:|1758328913
|move|p1a: Gliscor|Protect||[still]
|-fail|p1a: Gliscor
|move|p2a: Minior|Power Gem|p1a: Gliscor
|-damage|p1a: Gliscor|0 fnt
|faint|p1a: Gliscor
|
|win|pipotron
|raw|gamershiba's rating: 1503 &rarr; <strong>1487</strong><br />(-16 for losing)
|raw|pipotron's rating: 1569 &rarr; <strong>1585</strong><br />(+16 for winning)
|l|☆gamershiba
|player|p1|
|l|☆pipotron
|player|p2|
