|j|☆catcat77
|j|☆ufoz
|t:|1758324484
|gametype|singles
|player|p1|catcat77|caitlin|1639
|player|p2|ufoz|lucas|1750
|gen|9
|tier|[Gen 9] OU
|rated|
|rule|HP Percentage Mod: HP is shown in percentages
|rule|Endless Battle Clause: Forcing endless battles is banned
|rule|Species Clause: Limit one of each Pokémon
|rule|OHKO Clause: OHKO moves are banned
|rule|Evasion Items Clause: Evasion items are banned
|rule|Evasion Moves Clause: Evasion moves are banned
|rule|Evasion Abilities Clause: Evasion abilities are banned
|rule|Sleep Moves Clause: Sleep-inducing moves are banned
|clearpoke
|poke|p1|Ogerpon-Wellspring, F|
|poke|p1|Kingambit, M|
|poke|p1|Great Tusk|
|poke|p1|Raging Bolt|
|poke|p1|Iron Crown|
|poke|p1|Hatterene, F|
|poke|p2|Skarmory, F|
|poke|p2|Ting-Lu|
|poke|p2|Zamazenta-*|
|poke|p2|Pecharunt|
|poke|p2|Clefable, F|
|poke|p2|Walking Wake|
|teampreview
|
|t:|1758324493
|teamsize|p1|6
|teamsize|p2|6
|start
|switch|p1a: Ogerpon|Ogerpon-Wellspring, F|100/100
|switch|p2a: Skarmory|Skarmory, F|100/100
|turn|1
|
|t:|1758324498
|move|p1a: Ogerpon|Swords Dance|p1a: Ogerpon
|-boost|p1a: Ogerpon|atk|2
|move|p2a: Skarmory|Brave Bird|p1a: Ogerpon
|-supereffective|p1a: Ogerpon
|-damage|p1a: Ogerpon|16/100
|-damage|p2a: Skarmory|75/100|[from] Recoil
|
|upkeep
|turn|2
|
|t:|1758324515
|switch|p2a: Walking Wake|Walking Wake|100/100
|move|p1a: Ogerpon|Ivy Cudgel|p2a: Walking Wake|[anim] Ivy Cudgel Water
|-resisted|p2a: Walking Wake
|-damage|p2a: Walking Wake|69/100
|
|upkeep
|turn|3
|
|t:|1758324520
|-end|p2a: Walking Wake|Protosynthesis|[silent]
|switch|p2a: Skarmory|Skarmory, F|75/100
|move|p1a: Ogerpon|Horn Leech|p2a: Skarmory
|-resisted|p2a: Skarmory
|-damage|p2a: Skarmory|62/100
|-heal|p1a: Ogerpon|23/100|[from] drain|[of] p2a: Skarmory
|-damage|p1a: Ogerpon|7/100|[from] item: Rocky Helmet|[of] p2a: Skarmory
|
|upkeep
|turn|4
|
|t:|1758324535
|move|p1a: Ogerpon|Ivy Cudgel|p2a: Skarmory|[anim] Ivy Cudgel Water
|-damage|p2a: Skarmory|0 fnt
|faint|p2a: Skarmory
|
|upkeep
|
|t:|1758324537
|switch|p2a: Zamazenta|Zamazenta|100/100
|-ability|p2a: Zamazenta|Dauntless Shield|boost
|-boost|p2a: Zamazenta|def|1
|turn|5
|
|t:|1758324545
|move|p2a: Zamazenta|Heavy Slam|p1a: Ogerpon
|-resisted|p1a: Ogerpon
|-damage|p1a: Ogerpon|0 fnt
|faint|p1a: Ogerpon
|
|upkeep
|
|t:|1758324551
|switch|p1a: Iron Crown|Iron Crown|100/100
|turn|6
|
|t:|1758324556
|switch|p2a: Ting-Lu|Ting-Lu|100/100
|-ability|p2a: Ting-Lu|Vessel of Ruin
|move|p1a: Iron Crown|Tachyon Cutter|p2a: Ting-Lu
|-damage|p2a: Ting-Lu|84/100
|-damage|p2a: Ting-Lu|66/100
|-hitcount|p2a: Ting-Lu|2
|
|-heal|p2a: Ting-Lu|72/100|[from] item: Leftovers
|upkeep
|turn|7
|
|t:|1758324564
|-end|p1a: Iron Crown|Quark Drive|[silent]
|switch|p1a: Great Tusk|Great Tusk|100/100
|move|p2a: Ting-Lu|Ruination|p1a: Great Tusk|[miss]
|-miss|p2a: Ting-Lu|p1a: Great Tusk
|
|-heal|p2a: Ting-Lu|78/100|[from] item: Leftovers
|upkeep
|turn|8
|
|t:|1758324572
|switch|p2a: Clefable|Clefable, F|100/100
|move|p1a: Great Tusk|Close Combat|p2a: Clefable
|-resisted|p2a: Clefable
|-damage|p2a: Clefable|76/100
|-unboost|p1a: Great Tusk|def|1
|-unboost|p1a: Great Tusk|spd|1
|
|-heal|p2a: Clefable|82/100|[from] item: Leftovers
|upkeep
|turn|9
|
|t:|1758324582
|move|p1a: Great Tusk|Headlong Rush|p2a: Clefable
|-damage|p2a: Clefable|33/100
|-unboost|p1a: Great Tusk|def|1
|-unboost|p1a: Great Tusk|spd|1
|move|p2a: Clefable|Moonblast|p1a: Great Tusk
|-supereffective|p1a: Great Tusk
|-damage|p1a: Great Tusk|0 fnt
|faint|p1a: Great Tusk
|-end|p1a: Great Tusk|Protosynthesis|[silent]
|
|-heal|p2a: Clefable|40/100|[from] item: Leftovers
|upkeep
|
|t:|1758324588
|switch|p1a: Iron Crown|Iron Crown|100/100
|turn|10
|
|t:|1758324597
|switch|p2a: Walking Wake|Walking Wake|69/100
|move|p1a: Iron Crown|Tachyon Cutter|p2a: Walking Wake
|-resisted|p2a: Walking Wake
|-damage|p2a: Walking Wake|45/100
|-resisted|p2a: Walking Wake
|-damage|p2a: Walking Wake|21/100
|-hitcount|p2a: Walking Wake|2
|
|upkeep
|turn|11
|
|t:|1758324602
|move|p2a: Walking Wake|Surf|p1a: Iron Crown
|-damage|p1a: Iron Crown|55/100
|move|p1a: Iron Crown|Tachyon Cutter|p2a: Walking Wake
|-resisted|p2a: Walking Wake
|-damage|p2a: Walking Wake|0 fnt
|faint|p2a: Walking Wake
|-end|p2a: Walking Wake|Protosynthesis|[silent]
|-hitcount|p2: Walking Wake|1
|
|upkeep
|
|t:|1758324604
|switch|p2a: Ting-Lu|Ting-Lu|78/100
|-ability|p2a: Ting-Lu|Vessel of Ruin
|turn|12
|
|t:|1758324608
|-end|p1a: Iron Crown|Quark Drive|[silent]
|switch|p1a: Hatterene|Hatterene, F|100/100
|move|p2a: Ting-Lu|Earthquake|p1a: Hatterene
|-damage|p1a: Hatterene|55/100
|
|-heal|p2a: Ting-Lu|85/100|[from] item: Leftovers
|upkeep
|turn|13
|j| amefurikoneko
|
|t:|1758324616
|switch|p2a: Pecharunt|Pecharunt|100/100
|move|p1a: Hatterene|Dazzling Gleam|p2a: Pecharunt
|-resisted|p2a: Pecharunt
|-damage|p2a: Pecharunt|64/100
|
|upkeep
|turn|14
|
|t:|1758324623
|switch|p1a: Kingambit|Kingambit, M|100/100
|move|p2a: Pecharunt|Parting Shot|p1a: Kingambit
|-unboost|p1a: Kingambit|atk|1
|-ability|p1a: Kingambit|Defiant|boost
|-boost|p1a: Kingambit|atk|2
|-unboost|p1a: Kingambit|spa|1
|-ability|p1a: Kingambit|Defiant|boost
|-boost|p1a: Kingambit|atk|2
|
|t:|1758324630
|switch|p2a: Zamazenta|Zamazenta|100/100|[from] Parting Shot
|
|upkeep
|turn|15
|
|t:|1758324652
|switch|p2a: Clefable|Clefable, F|40/100
|-terastallize|p1a: Kingambit|Dark
|move|p1a: Kingambit|Iron Head|p2a: Clefable
|-supereffective|p2a: Clefable
|-damage|p2a: Clefable|0 fnt
|faint|p2a: Clefable
|
|upkeep
|
|t:|1758324660
|switch|p2a: Zamazenta|Zamazenta|100/100
|turn|16
|
|t:|1758324664
|move|p2a: Zamazenta|Close Combat|p1a: Kingambit
|-supereffective|p1a: Kingambit
|-damage|p1a: Kingambit|20/100
|-unboost|p2a: Zamazenta|def|1
|-unboost|p2a: Zamazenta|spd|1
|move|p1a: Kingambit|Iron Head|p2a: Zamazenta
|-damage|p2a: Zamazenta|0 fnt
|faint|p2a: Zamazenta
|
|upkeep
|
|t:|1758324674
|switch|p2a: Pecharunt|Pecharunt|64/100
|turn|17
|
|t:|1758324680
|-terastallize|p2a: Pecharunt|Dark
|move|p1a: Kingambit|Sucker Punch|p2a: Pecharunt
|-resisted|p2a: Pecharunt
|-damage|p2a: Pecharunt|32/100
|move|p2a: Pecharunt|Malignant Chain|p1a: Kingambit
|-damage|p1a: Kingambit|0 fnt
|faint|p1a: Kingambit
|
|upkeep
|
|t:|1758324687
|switch|p1a: Iron Crown|Iron Crown|55/100
|turn|18
|
|t:|1758324695
|move|p1a: Iron Crown|Tachyon Cutter|p2a: Pecharunt
|-damage|p2a: Pecharunt|0 fnt
|faint|p2a: Pecharunt
|-hitcount|p2: Pecharunt|1
|
|upkeep
|
|t:|1758324696
|switch|p2a: Ting-Lu|Ting-Lu|85/100
|-ability|p2a: Ting-Lu|Vessel of Ruin
|turn|19
|
|t:|1758324699
|move|p1a: Iron Crown|Tachyon Cutter|p2a: Ting-Lu
|-damage|p2a: Ting-Lu|68/100
|-damage|p2a: Ting-Lu|51/100
|-hitcount|p2a: Ting-Lu|2
|move|p2a: Ting-Lu|Earthquake|p1a: Iron Crown
|-supereffective|p1a: Iron Crown
|-damage|p1a: Iron Crown|0 fnt
|faint|p1a: Iron Crown
|-end|p1a: Iron Crown|Quark Drive|[silent]
|
|-heal|p2a: Ting-Lu|58/100|[from] item: Leftovers
|upkeep
|
|t:|1758324701
|switch|p1a: Hatterene|Hatterene, F|55/100
|turn|20
|
|t:|1758324703
|move|p2a: Ting-Lu|Earthquake|p1a: Hatterene
|-damage|p1a: Hatterene|14/100
|move|p1a: Hatterene|Dazzling Gleam|p2a: Ting-Lu
|-supereffective|p2a: Ting-Lu
|-damage|p2a: Ting-Lu|0 fnt
|faint|p2a: Ting-Lu
|
|win|catcat77
|raw|catcat77's rating: 1639 &rarr; <strong>1665</strong><br />(+26 for winning)
|raw|ufoz's rating: 1750 &rarr; <strong>1724</strong><br />(-26 for losing)
|l|☆ufoz
|player|p2|
|l|☆catcat77
|player|p1|
