|j|☆peefan53
|j|☆frozenmoon77
|t:|1758313099
|gametype|singles
|player|p1|peefan53|smasher|1550
|player|p2|frozenmoon77|1|1478
|gen|9
|tier|[Gen 9] OU
|rated|
|rule|HP Percentage Mod: HP is shown in percentages
|rule|Endless Battle Clause: Forcing endless battles is banned
|rule|Species Clause: Limit one of each Pokémon
|rule|OHKO Clause: OHKO moves are banned
|rule|Evasion Items Clause: Evasion items are banned
|rule|Evasion Moves Clause: Evasion moves are banned
|rule|Evasion Abilities Clause: Evasion abilities are banned
|rule|Sleep Moves Clause: Sleep-inducing moves are banned
|clearpoke
|poke|p1|Garganacl, F|
|poke|p1|Dragapult, F|
|poke|p1|Ogerpon-Wellspring, F|
|poke|p1|Moltres|
|poke|p1|Malamar, F|
|poke|p1|Iron Treads|
|poke|p2|Fezandipiti, M|
|poke|p2|Chesnaught, M|
|poke|p2|Gholdengo|
|poke|p2|Mamoswine, M|
|poke|p2|Heatran, M|
|poke|p2|Hydreigon, M|
|teampreview
|inactive|Battle timer is ON: inactive players will automatically lose when time's up. (requested by frozenmoon77)
|
|t:|1758313114
|teamsize|p1|6
|teamsize|p2|6
|start
|switch|p1a: MalaMarge|Malamar, F|100/100
|switch|p2a: Mamoswine|Mamoswine, M|100/100
|turn|1
|
|t:|1758313125
|move|p2a: Mamoswine|Earthquake|p1a: MalaMarge
|-damage|p1a: MalaMarge|14/100
|move|p1a: MalaMarge|Superpower|p2a: Mamoswine
|-supereffective|p2a: Mamoswine
|-damage|p2a: Mamoswine|14/100
|-boost|p1a: MalaMarge|atk|1
|-boost|p1a: MalaMarge|def|1
|
|upkeep
|turn|2
|
|t:|1758313132
|switch|p1a: MoltLisa|Moltres|100/100
|move|p2a: Mamoswine|Earthquake|p1a: MoltLisa
|-immune|p1a: MoltLisa
|
|upkeep
|turn|3
|
|t:|1758313139
|switch|p2a: Heatran|Heatran, M|100/100
|move|p1a: MoltLisa|Roar|p2a: Heatran
|drag|p2a: Fezandipiti|Fezandipiti, M|100/100
|
|upkeep
|turn|4
|
|t:|1758313145
|switch|p1a: Iron Bart|Iron Treads|100/100
|move|p2a: Fezandipiti|Sludge Bomb|p1a: Iron Bart
|-immune|p1a: Iron Bart
|
|upkeep
|turn|5
|
|t:|1758313153
|switch|p2a: Chesnaught|Chesnaught, M|100/100
|move|p1a: Iron Bart|Stealth Rock|p2a: Chesnaught
|-sidestart|p2: frozenmoon77|move: Stealth Rock
|
|upkeep
|turn|6
|
|t:|1758313159
|-end|p1a: Iron Bart|Quark Drive|[silent]
|switch|p1a: MoltLisa|Moltres|100/100
|move|p2a: Chesnaught|Knock Off|p1a: MoltLisa
|-damage|p1a: MoltLisa|81/100
|-enditem|p1a: MoltLisa|Heavy-Duty Boots|[from] move: Knock Off|[of] p2a: Chesnaught
|
|upkeep
|turn|7
|
|t:|1758313168
|switch|p2a: Heatran|Heatran, M|100/100
|-damage|p2a: Heatran|88/100|[from] Stealth Rock
|move|p1a: MoltLisa|Flamethrower|p2a: Heatran
|-start|p2a: Heatran|ability: Flash Fire
|
|-heal|p2a: Heatran|94/100|[from] item: Leftovers
|upkeep
|turn|8
|
|t:|1758313177
|move|p2a: Heatran|Stealth Rock|p1a: MoltLisa
|-sidestart|p1: peefan53|move: Stealth Rock
|move|p1a: MoltLisa|Roar|p2a: Heatran
|-end|p2a: Heatran|ability: Flash Fire|[silent]
|drag|p2a: Chesnaught|Chesnaught, M|100/100
|-damage|p2a: Chesnaught|94/100|[from] Stealth Rock
|
|upkeep
|turn|9
|
|t:|1758313186
|switch|p2a: Heatran|Heatran, M|94/100
|-damage|p2a: Heatran|82/100|[from] Stealth Rock
|move|p1a: MoltLisa|Flamethrower|p2a: Heatran
|-start|p2a: Heatran|ability: Flash Fire
|
|-heal|p2a: Heatran|88/100|[from] item: Leftovers
|upkeep
|turn|10
|
|t:|1758313195
|move|p2a: Heatran|Lava Plume|p1a: MoltLisa
|-resisted|p1a: MoltLisa
|-damage|p1a: MoltLisa|60/100
|move|p1a: MoltLisa|Roar|p2a: Heatran
|-end|p2a: Heatran|ability: Flash Fire|[silent]
|drag|p2a: Mamoswine|Mamoswine, M|14/100
|-damage|p2a: Mamoswine|1/100|[from] Stealth Rock
|
|upkeep
|turn|11
|
|t:|1758313204
|move|p2a: Mamoswine|Icicle Crash|p1a: MoltLisa
|-damage|p1a: MoltLisa|2/100
|cant|p1a: MoltLisa|flinch
|
|upkeep
|turn|12
|
|t:|1758313214
|switch|p1a: MalaMarge|Malamar, F|14/100
|-damage|p1a: MalaMarge|2/100|[from] Stealth Rock
|move|p2a: Mamoswine|Icicle Crash|p1a: MalaMarge
|-damage|p1a: MalaMarge|0 fnt
|faint|p1a: MalaMarge
|
|upkeep
|
|t:|1758313218
|switch|p1a: Maggie-pult|Dragapult, F|100/100
|turn|13
|
|t:|1758313225
|switch|p2a: Fezandipiti|Fezandipiti, M|100/100
|move|p1a: Maggie-pult|U-turn|p2a: Fezandipiti
|-resisted|p2a: Fezandipiti
|-damage|p2a: Fezandipiti|96/100
|
|t:|1758313229
|switch|p1a: Iron Bart|Iron Treads|100/100|[from] U-turn
|-damage|p1a: Iron Bart|98/100|[from] Stealth Rock
|
|-heal|p1a: Iron Bart|100/100|[from] item: Leftovers
|upkeep
|turn|14
|
|t:|1758313237
|switch|p2a: Gholdengo|Gholdengo|100/100
|-damage|p2a: Gholdengo|94/100|[from] Stealth Rock
|move|p1a: Iron Bart|Knock Off|p2a: Gholdengo
|-supereffective|p2a: Gholdengo
|-damage|p2a: Gholdengo|43/100
|-enditem|p2a: Gholdengo|Choice Scarf|[from] move: Knock Off|[of] p1a: Iron Bart
|
|upkeep
|turn|15
|
|t:|1758313251
|switch|p2a: Hydreigon|Hydreigon, M|100/100
|-damage|p2a: Hydreigon|88/100|[from] Stealth Rock
|move|p1a: Iron Bart|Earthquake|p2a: Hydreigon
|-immune|p2a: Hydreigon|[from] ability: Levitate
|
|upkeep
|turn|16
|
|t:|1758313263
|move|p2a: Hydreigon|Dark Pulse|p1a: Iron Bart
|-damage|p1a: Iron Bart|49/100
|move|p1a: Iron Bart|Rapid Spin|p2a: Hydreigon
|-damage|p2a: Hydreigon|74/100
|-boost|p1a: Iron Bart|spe|1
|-sideend|p1: peefan53|Stealth Rock|[from] move: Rapid Spin|[of] p1a: Iron Bart
|
|-heal|p1a: Iron Bart|55/100|[from] item: Leftovers
|upkeep
|turn|17
|
|t:|1758313277
|move|p1a: Iron Bart|Knock Off|p2a: Hydreigon
|-resisted|p2a: Hydreigon
|-damage|p2a: Hydreigon|61/100
|-enditem|p2a: Hydreigon|Choice Specs|[from] move: Knock Off|[of] p1a: Iron Bart
|move|p2a: Hydreigon|Dark Pulse|p1a: Iron Bart
|-damage|p1a: Iron Bart|20/100
|
|-heal|p1a: Iron Bart|26/100|[from] item: Leftovers
|upkeep
|turn|18
|
|t:|1758313286
|move|p1a: Iron Bart|Rapid Spin|p2a: Hydreigon
|-damage|p2a: Hydreigon|47/100
|-boost|p1a: Iron Bart|spe|1
|move|p2a: Hydreigon|Dark Pulse|p1a: Iron Bart
|-damage|p1a: Iron Bart|0 fnt
|faint|p1a: Iron Bart
|-end|p1a: Iron Bart|Quark Drive|[silent]
|
|upkeep
|
|t:|1758313288
|switch|p1a: Homernacl|Garganacl, F|100/100
|turn|19
|
|t:|1758313294
|move|p2a: Hydreigon|Flash Cannon|p1a: Homernacl
|-supereffective|p1a: Homernacl
|-damage|p1a: Homernacl|62/100
|move|p1a: Homernacl|Iron Defense|p1a: Homernacl
|-boost|p1a: Homernacl|def|2
|
|-heal|p1a: Homernacl|68/100|[from] item: Leftovers
|upkeep
|turn|20
|
|t:|1758313302
|move|p2a: Hydreigon|U-turn|p1a: Homernacl
|-damage|p1a: Homernacl|63/100
|
|t:|1758313307
|switch|p2a: Heatran|Heatran, M|88/100|[from] U-turn
|-damage|p2a: Heatran|76/100|[from] Stealth Rock
|move|p1a: Homernacl|Recover|p1a: Homernacl
|-heal|p1a: Homernacl|100/100
|
|-heal|p2a: Heatran|82/100|[from] item: Leftovers
|upkeep
|turn|21
|
|t:|1758313315
|move|p2a: Heatran|Stealth Rock|p1a: Homernacl
|-sidestart|p1: peefan53|move: Stealth Rock
|move|p1a: Homernacl|Iron Defense|p1a: Homernacl
|-boost|p1a: Homernacl|def|2
|
|-heal|p2a: Heatran|88/100|[from] item: Leftovers
|upkeep
|turn|22
|
|t:|1758313332
|move|p2a: Heatran|Earth Power|p1a: Homernacl
|-supereffective|p1a: Homernacl
|-damage|p1a: Homernacl|68/100
|move|p1a: Homernacl|Body Press|p2a: Heatran
|-supereffective|p2a: Heatran
|-damage|p2a: Heatran|0 fnt
|faint|p2a: Heatran
|
|-heal|p1a: Homernacl|74/100|[from] item: Leftovers
|upkeep
|
|t:|1758313350
|switch|p2a: Chesnaught|Chesnaught, M|94/100
|-damage|p2a: Chesnaught|88/100|[from] Stealth Rock
|turn|23
|
|t:|1758313358
|-terastallize|p1a: Homernacl|Electric
|move|p2a: Chesnaught|Iron Defense|p2a: Chesnaught
|-boost|p2a: Chesnaught|def|2
|move|p1a: Homernacl|Body Press|p2a: Chesnaught
|-damage|p2a: Chesnaught|68/100
|-damage|p1a: Homernacl|57/100|[from] item: Rocky Helmet|[of] p2a: Chesnaught
|
|-heal|p1a: Homernacl|64/100|[from] item: Leftovers
|upkeep
|turn|24
|
|t:|1758313367
|switch|p1a: Maggie-pult|Dragapult, F|100/100
|move|p2a: Chesnaught|Leech Seed|p1a: Maggie-pult
|-start|p1a: Maggie-pult|move: Leech Seed
|
|-damage|p1a: Maggie-pult|88/100|[from] Leech Seed|[of] p2a: Chesnaught
|-heal|p2a: Chesnaught|78/100|[silent]
|upkeep
|turn|25
|
|t:|1758313379
|switch|p2a: Mamoswine|Mamoswine, M|1/100
|-damage|p2a: Mamoswine|0 fnt|[from] Stealth Rock
|faint|p2a: Mamoswine
|move|p1a: Maggie-pult|Draco Meteor|p2: Mamoswine|[notarget]
|-fail|p1a: Maggie-pult
|
|upkeep
|
|t:|1758313385
|switch|p2a: Fezandipiti|Fezandipiti, M|96/100
|turn|26
|
|t:|1758313392
|switch|p1a: Homernacl|Garganacl, F, tera:Electric|64/100
|-damage|p1a: Homernacl|51/100|[from] Stealth Rock
|move|p2a: Fezandipiti|Calm Mind|p2a: Fezandipiti
|-boost|p2a: Fezandipiti|spa|1
|-boost|p2a: Fezandipiti|spd|1
|
|-heal|p1a: Homernacl|57/100|[from] item: Leftovers
|upkeep
|turn|27
|
|t:|1758313401
|move|p2a: Fezandipiti|Calm Mind|p2a: Fezandipiti
|-boost|p2a: Fezandipiti|spa|1
|-boost|p2a: Fezandipiti|spd|1
|move|p1a: Homernacl|Salt Cure|p2a: Fezandipiti
|-damage|p2a: Fezandipiti|82/100
|-start|p2a: Fezandipiti|Salt Cure
|
|-heal|p1a: Homernacl|64/100|[from] item: Leftovers
|-damage|p2a: Fezandipiti|70/100|[from] Salt Cure
|upkeep
|turn|28
|
|t:|1758313410
|move|p2a: Fezandipiti|Moonblast|p1a: Homernacl
|-damage|p1a: Homernacl|32/100
|move|p1a: Homernacl|Recover|p1a: Homernacl
|-heal|p1a: Homernacl|82/100
|
|-heal|p1a: Homernacl|88/100|[from] item: Leftovers
|-damage|p2a: Fezandipiti|57/100|[from] Salt Cure
|upkeep
|turn|29
|
|t:|1758313418
|switch|p2a: Chesnaught|Chesnaught, M|78/100
|-damage|p2a: Chesnaught|72/100|[from] Stealth Rock
|move|p1a: Homernacl|Iron Defense|p1a: Homernacl
|-boost|p1a: Homernacl|def|2
|
|-heal|p1a: Homernacl|94/100|[from] item: Leftovers
|upkeep
|turn|30
|
|t:|1758313425
|switch|p1a: MoltLisa|Moltres|2/100
|-damage|p1a: MoltLisa|0 fnt|[from] Stealth Rock
|faint|p1a: MoltLisa
|move|p2a: Chesnaught|Knock Off|p1: MoltLisa|[notarget]
|-fail|p2a: Chesnaught
|
|upkeep
|
|t:|1758313427
|switch|p1a: Maggie-pult|Dragapult, F|88/100
|turn|31
|
|t:|1758313436
|switch|p2a: Fezandipiti|Fezandipiti, M|57/100
|move|p1a: Maggie-pult|Will-O-Wisp|p2a: Fezandipiti
|-status|p2a: Fezandipiti|brn
|
|-damage|p2a: Fezandipiti|51/100 brn|[from] brn
|upkeep
|turn|32
|
|t:|1758313443
|move|p1a: Maggie-pult|Hex|p2a: Fezandipiti
|-damage|p2a: Fezandipiti|21/100 brn
|move|p2a: Fezandipiti|Roost|p2a: Fezandipiti
|-heal|p2a: Fezandipiti|71/100 brn
|-singleturn|p2a: Fezandipiti|move: Roost
|
|-damage|p2a: Fezandipiti|65/100 brn|[from] brn
|upkeep
|turn|33
|
|t:|1758313450
|move|p1a: Maggie-pult|U-turn|p2a: Fezandipiti
|-resisted|p2a: Fezandipiti
|-damage|p2a: Fezandipiti|61/100 brn
|
|t:|1758313452
|switch|p1a: Homernacl|Garganacl, F, tera:Electric|94/100|[from] U-turn
|-damage|p1a: Homernacl|82/100|[from] Stealth Rock
|move|p2a: Fezandipiti|Moonblast|p1a: Homernacl
|-damage|p1a: Homernacl|66/100
|
|-heal|p1a: Homernacl|72/100|[from] item: Leftovers
|-damage|p2a: Fezandipiti|55/100 brn|[from] brn
|upkeep
|turn|34
|
|t:|1758313461
|switch|p2a: Chesnaught|Chesnaught, M|72/100
|-damage|p2a: Chesnaught|66/100|[from] Stealth Rock
|move|p1a: Homernacl|Salt Cure|p2a: Chesnaught
|-resisted|p2a: Chesnaught
|-damage|p2a: Chesnaught|62/100
|-start|p2a: Chesnaught|Salt Cure
|
|-heal|p1a: Homernacl|78/100|[from] item: Leftovers
|-damage|p2a: Chesnaught|49/100|[from] Salt Cure
|upkeep
|turn|35
|
|t:|1758313471
|switch|p1a: Maggie-pult|Dragapult, F|88/100
|move|p2a: Chesnaught|Knock Off|p1a: Maggie-pult
|-supereffective|p1a: Maggie-pult
|-crit|p1a: Maggie-pult
|-damage|p1a: Maggie-pult|0 fnt
|-enditem|p1a: Maggie-pult|Heavy-Duty Boots|[from] move: Knock Off|[of] p2a: Chesnaught
|faint|p1a: Maggie-pult
|
|-damage|p2a: Chesnaught|37/100|[from] Salt Cure
|upkeep
|c|☆peefan53|Boo
|
|t:|1758313480
|switch|p1a: Ogerpon-Simpson|Ogerpon-Wellspring, F|100/100
|-damage|p1a: Ogerpon-Simpson|88/100|[from] Stealth Rock
|turn|36
|
|t:|1758313488
|switch|p2a: Fezandipiti|Fezandipiti, M|55/100 brn
|move|p1a: Ogerpon-Simpson|Swords Dance|p1a: Ogerpon-Simpson
|-boost|p1a: Ogerpon-Simpson|atk|2
|
|-damage|p2a: Fezandipiti|49/100 brn|[from] brn
|upkeep
|turn|37
|
|t:|1758313497
|-terastallize|p2a: Fezandipiti|Water
|move|p1a: Ogerpon-Simpson|Ivy Cudgel|p2a: Fezandipiti|[anim] Ivy Cudgel Water
|-resisted|p2a: Fezandipiti
|-crit|p2a: Fezandipiti
|-damage|p2a: Fezandipiti|0 fnt
|faint|p2a: Fezandipiti
|
|upkeep
|
|t:|1758313506
|switch|p2a: Gholdengo|Gholdengo|43/100
|-damage|p2a: Gholdengo|37/100|[from] Stealth Rock
|turn|38
|
|t:|1758313515
|move|p1a: Ogerpon-Simpson|Trailblaze|p2a: Gholdengo
|-resisted|p2a: Gholdengo
|-damage|p2a: Gholdengo|6/100
|-boost|p1a: Ogerpon-Simpson|spe|1
|move|p2a: Gholdengo|Shadow Ball|p1a: Ogerpon-Simpson
|-damage|p1a: Ogerpon-Simpson|48/100
|
|upkeep
|turn|39
|
|t:|1758313525
|move|p1a: Ogerpon-Simpson|Ivy Cudgel|p2a: Gholdengo|[anim] Ivy Cudgel Water
|-damage|p2a: Gholdengo|0 fnt
|faint|p2a: Gholdengo
|
|upkeep
|
|t:|1758313530
|switch|p2a: Chesnaught|Chesnaught, M|37/100
|-damage|p2a: Chesnaught|31/100|[from] Stealth Rock
|turn|40
|c|☆frozenmoon77|GG
|
|t:|1758313542
|move|p1a: Ogerpon-Simpson|Ivy Cudgel|p2a: Chesnaught|[anim] Ivy Cudgel Water
|-resisted|p2a: Chesnaught
|-damage|p2a: Chesnaught|2/100
|move|p2a: Chesnaught|Body Press|p1a: Ogerpon-Simpson
|-damage|p1a: Ogerpon-Simpson|0 fnt
|faint|p1a: Ogerpon-Simpson
|
|upkeep
|
|t:|1758313547
|switch|p1a: Homernacl|Garganacl, F, tera:Electric|78/100
|-damage|p1a: Homernacl|66/100|[from] Stealth Rock
|turn|41
|
|t:|1758313576
|move|p2a: Chesnaught|Knock Off|p1a: Homernacl
|-damage|p1a: Homernacl|50/100
|-enditem|p1a: Homernacl|Leftovers|[from] move: Knock Off|[of] p2a: Chesnaught
|move|p1a: Homernacl|Body Press|p2a: Chesnaught
|-damage|p2a: Chesnaught|0 fnt
|-damage|p1a: Homernacl|33/100|[from] item: Rocky Helmet|[of] p2a: Chesnaught
|faint|p2a: Chesnaught
|
|upkeep
|
|t:|1758313583
|switch|p2a: Hydreigon|Hydreigon, M|47/100
|-damage|p2a: Hydreigon|35/100|[from] Stealth Rock
|turn|42
|
|t:|1758313597
|move|p2a: Hydreigon|Draco Meteor|p1a: Homernacl
|-damage|p1a: Homernacl|0 fnt
|-unboost|p2a: Hydreigon|spa|2
|faint|p1a: Homernacl
|
|win|frozenmoon77
|raw|peefan53's rating: 1550 &rarr; <strong>1526</strong><br />(-24 for losing)
|raw|frozenmoon77's rating: 1478 &rarr; <strong>1502</strong><br />(+24 for winning)
|l|☆frozenmoon77
|player|p2|
|c|☆peefan53|Goofy tennis?
|l|☆peefan53
|player|p1|
