|j|☆TBorgel
|j|☆Natorito
|t:|1758330357
|gametype|singles
|player|p1|TBorgel|pokemaniac|1162
|player|p2|Natorito|265|1152
|gen|9
|tier|[Gen 9] OU
|rated|
|rule|HP Percentage Mod: HP is shown in percentages
|rule|Endless Battle Clause: Forcing endless battles is banned
|rule|Species Clause: Limit one of each Pokémon
|rule|OHKO Clause: OHKO moves are banned
|rule|Evasion Items Clause: Evasion items are banned
|rule|Evasion Moves Clause: Evasion moves are banned
|rule|Evasion Abilities Clause: Evasion abilities are banned
|rule|Sleep Moves Clause: Sleep-inducing moves are banned
|clearpoke
|poke|p1|Araquanid, M|
|poke|p1|Cinderace, F|
|poke|p1|Serperior, F|
|poke|p1|Mimikyu, M|
|poke|p1|Slowking-Galar, F|
|poke|p1|Great Tusk|
|poke|p2|Slowbro-Galar, F|
|poke|p2|Mudsdale, F|
|poke|p2|Malamar, M|
|poke|p2|Noctowl, F|
|poke|p2|Rotom-Heat|
|poke|p2|Milotic, M|
|teampreview
|
|t:|1758330382
|teamsize|p1|6
|teamsize|p2|6
|start
|switch|p1a: Araquanid|Araquanid, M|100/100
|switch|p2a: Rotom|Rotom-Heat, shiny|100/100
|turn|1
|
|t:|1758330389
|move|p2a: Rotom|Trick|p1a: Araquanid
|-activate|p2a: Rotom|move: Trick|[of] p1a: Araquanid
|-item|p1a: Araquanid|Choice Scarf|[from] move: Trick
|-item|p2a: Rotom|Leftovers|[from] move: Trick
|move|p1a: Araquanid|Sticky Web|p2a: Rotom
|-sidestart|p2: Natorito|move: Sticky Web
|
|upkeep
|turn|2
|
|t:|1758330397
|switch|p1a: Slowking|Slowking-Galar, F|100/100
|move|p2a: Rotom|Volt Switch|p1a: Slowking
|-damage|p1a: Slowking|83/100
|
|t:|1758330402
|switch|p2a: Malamar|Malamar, M|100/100|[from] Volt Switch
|-activate|p2a: Malamar|move: Sticky Web
|-boost|p2a: Malamar|spe|1
|
|-heal|p1a: Slowking|89/100|[from] item: Black Sludge
|upkeep
|turn|3
|
|t:|1758330411
|move|p2a: Malamar|Switcheroo|p1a: Slowking
|-activate|p2a: Malamar|move: Trick|[of] p1a: Slowking
|-item|p1a: Slowking|Choice Scarf|[from] move: Switcheroo
|-item|p2a: Malamar|Black Sludge|[from] move: Switcheroo
|move|p1a: Slowking|Trick|p2a: Malamar
|-activate|p1a: Slowking|move: Trick|[of] p2a: Malamar
|-item|p2a: Malamar|Choice Scarf|[from] move: Trick
|-item|p1a: Slowking|Black Sludge|[from] move: Trick
|
|-heal|p1a: Slowking|95/100|[from] item: Black Sludge
|upkeep
|turn|4
|
|t:|1758330435
|move|p2a: Malamar|Switcheroo|p1a: Slowking
|-activate|p2a: Malamar|move: Trick|[of] p1a: Slowking
|-item|p1a: Slowking|Choice Scarf|[from] move: Switcheroo
|-item|p2a: Malamar|Black Sludge|[from] move: Switcheroo
|-prepare|p1a: Slowking|Chilly Reception|[premajor]
|move|p1a: Slowking|Chilly Reception|p1a: Slowking
|-weather|Snowscape
|
|t:|1758330444
|switch|p1a: Great Tusk|Great Tusk|100/100|[from] Chilly Reception
|
|-weather|Snowscape|[upkeep]
|-damage|p2a: Malamar|88/100|[from] item: Black Sludge
|upkeep
|turn|5
|
|t:|1758330456
|-terastallize|p2a: Malamar|Fighting
|move|p2a: Malamar|Superpower|p1a: Great Tusk
|-damage|p1a: Great Tusk|71/100
|-boost|p2a: Malamar|atk|1
|-boost|p2a: Malamar|def|1
|-enditem|p1a: Great Tusk|Red Card|[of] p2a: Malamar
|drag|p2a: Mudsdale|Mudsdale, F|100/100
|-activate|p2a: Mudsdale|move: Sticky Web
|-unboost|p2a: Mudsdale|spe|1
|move|p1a: Great Tusk|Bulk Up|p1a: Great Tusk
|-boost|p1a: Great Tusk|atk|1
|-boost|p1a: Great Tusk|def|1
|
|-weather|Snowscape|[upkeep]
|upkeep
|turn|6
|
|t:|1758330471
|move|p1a: Great Tusk|Bulk Up|p1a: Great Tusk
|-boost|p1a: Great Tusk|atk|1
|-boost|p1a: Great Tusk|def|1
|move|p2a: Mudsdale|Stealth Rock|p1a: Great Tusk
|-sidestart|p1: TBorgel|move: Stealth Rock
|
|-weather|Snowscape|[upkeep]
|upkeep
|turn|7
|
|t:|1758330479
|move|p1a: Great Tusk|Bulk Up|p1a: Great Tusk
|-boost|p1a: Great Tusk|atk|1
|-boost|p1a: Great Tusk|def|1
|move|p2a: Mudsdale|Roar|p1a: Great Tusk
|-end|p1a: Great Tusk|Protosynthesis|[silent]
|drag|p1a: Slowking|Slowking-Galar, F|100/100
|-damage|p1a: Slowking|88/100|[from] Stealth Rock
|
|-weather|Snowscape|[upkeep]
|upkeep
|turn|8
|
|t:|1758330494
|switch|p2a: Milotic|Milotic, M|100/100
|-activate|p2a: Milotic|move: Sticky Web
|-unboost|p2a: Milotic|spe|1
|move|p1a: Slowking|Trick|p2a: Milotic
|-activate|p1a: Slowking|move: Trick|[of] p2a: Milotic
|-item|p2a: Milotic|Choice Scarf|[from] move: Trick
|-item|p1a: Slowking|Leftovers|[from] move: Trick
|
|-weather|none
|-heal|p1a: Slowking|94/100|[from] item: Leftovers
|upkeep
|turn|9
|
|t:|1758330514
|-prepare|p1a: Slowking|Chilly Reception|[premajor]
|move|p1a: Slowking|Chilly Reception|p1a: Slowking
|-weather|Snowscape
|
|t:|1758330524
|switch|p1a: Araquanid|Araquanid, M|100/100|[from] Chilly Reception
|-damage|p1a: Araquanid|75/100|[from] Stealth Rock
|move|p2a: Milotic|Mirror Coat||[still]
|-fail|p2a: Milotic
|
|-weather|Snowscape|[upkeep]
|upkeep
|turn|10
|
|t:|1758330549
|move|p1a: Araquanid|Aqua Ring|p1a: Araquanid
|-start|p1a: Araquanid|Aqua Ring
|move|p2a: Milotic|Mirror Coat||[still]
|-fail|p2a: Milotic
|
|-weather|Snowscape|[upkeep]
|-heal|p1a: Araquanid|82/100|[from] Aqua Ring
|upkeep
|turn|11
|
|t:|1758330563
|switch|p1a: Cinderace|Cinderace, F|100/100
|switch|p2a: Malamar|Malamar, M, tera:Fighting|88/100
|-activate|p2a: Malamar|move: Sticky Web
|-boost|p2a: Malamar|spe|1
|
|-weather|Snowscape|[upkeep]
|-damage|p2a: Malamar|76/100|[from] item: Black Sludge
|upkeep
|turn|12
|
|t:|1758330582
|move|p2a: Malamar|Superpower|p1a: Cinderace
|-damage|p1a: Cinderace|31/100
|-boost|p2a: Malamar|atk|1
|-boost|p2a: Malamar|def|1
|move|p1a: Cinderace|Court Change|p1a: Cinderace
|-start|p1a: Cinderace|typechange|Normal|[from] ability: Libero
|-swapsideconditions
|-activate|p1a: Cinderace|move: Court Change
|
|-weather|Snowscape|[upkeep]
|-damage|p2a: Malamar|63/100|[from] item: Black Sludge
|upkeep
|turn|13
|
|t:|1758330595
|move|p1a: Cinderace|Sucker Punch|p2a: Malamar
|-resisted|p2a: Malamar
|-crit|p2a: Malamar
|-damage|p2a: Malamar|43/100
|move|p2a: Malamar|Superpower|p1a: Cinderace
|-supereffective|p1a: Cinderace
|-damage|p1a: Cinderace|0 fnt
|-boost|p2a: Malamar|atk|1
|-boost|p2a: Malamar|def|1
|faint|p1a: Cinderace
|
|-weather|none
|-damage|p2a: Malamar|31/100|[from] item: Black Sludge
|upkeep
|
|t:|1758330606
|switch|p1a: Mimikyu|Mimikyu, M|100/100
|-activate|p1a: Mimikyu|move: Sticky Web
|-unboost|p1a: Mimikyu|spe|1
|turn|14
|
|t:|1758330630
|move|p2a: Malamar|Knock Off|p1a: Mimikyu
|-activate|p1a: Mimikyu|ability: Disguise
|-damage|p1a: Mimikyu|100/100
|-enditem|p1a: Mimikyu|Pixie Plate|[from] move: Knock Off|[of] p2a: Malamar
|detailschange|p1a: Mimikyu|Mimikyu-Busted, M
|-damage|p1a: Mimikyu|88/100|[from] pokemon: Mimikyu-Busted
|move|p1a: Mimikyu|Swords Dance|p1a: Mimikyu
|-boost|p1a: Mimikyu|atk|2
|
|-damage|p2a: Malamar|18/100|[from] item: Black Sludge
|upkeep
|turn|15
|
|t:|1758330645
|move|p1a: Mimikyu|Shadow Sneak|p2a: Malamar
|-damage|p2a: Malamar|0 fnt
|faint|p2a: Malamar
|
|upkeep
|inactive|Battle timer is ON: inactive players will automatically lose when time's up. (requested by TBorgel)
|
|t:|1758330684
|switch|p2a: Noctowl|Noctowl, F, shiny|100/100
|turn|16
|
|t:|1758330699
|switch|p1a: Serperior|Serperior, F|100/100
|-activate|p1a: Serperior|move: Sticky Web
|-boost|p1a: Serperior|spe|1
|move|p2a: Noctowl|Curse|p2a: Noctowl
|-unboost|p2a: Noctowl|spe|1
|-boost|p2a: Noctowl|atk|1
|-boost|p2a: Noctowl|def|1
|
|upkeep
|turn|17
|
|t:|1758330720
|-terastallize|p1a: Serperior|Electric
|move|p1a: Serperior|Leech Seed|p2a: Noctowl
|-start|p2a: Noctowl|move: Leech Seed
|move|p2a: Noctowl|Curse|p2a: Noctowl
|-unboost|p2a: Noctowl|spe|1
|-boost|p2a: Noctowl|atk|1
|-boost|p2a: Noctowl|def|1
|
|-damage|p2a: Noctowl|88/100|[from] Leech Seed|[of] p1a: Serperior
|upkeep
|turn|18
|
|t:|1758330736
|move|p1a: Serperior|Leaf Storm|p2a: Noctowl
|-resisted|p2a: Noctowl
|-damage|p2a: Noctowl|73/100
|-boost|p1a: Serperior|spa|2
|move|p2a: Noctowl|Dual Wingbeat|p1a: Serperior
|-resisted|p1a: Serperior
|-damage|p1a: Serperior|83/100
|-resisted|p1a: Serperior
|-damage|p1a: Serperior|66/100
|-hitcount|p1a: Serperior|2
|
|-heal|p1a: Serperior|72/100|[from] item: Leftovers
|-damage|p2a: Noctowl|60/100|[from] Leech Seed|[of] p1a: Serperior
|-heal|p1a: Serperior|86/100|[silent]
|upkeep
|turn|19
|
|t:|1758330750
|move|p1a: Serperior|Leaf Storm|p2a: Noctowl
|-resisted|p2a: Noctowl
|-damage|p2a: Noctowl|31/100
|-boost|p1a: Serperior|spa|2
|move|p2a: Noctowl|Defog|p1a: Serperior
|-boost|p1a: Serperior|evasion|1
|-sideend|p1: TBorgel|Sticky Web|[from] move: Defog|[of] p2a: Noctowl
|-sideend|p2: Natorito|Stealth Rock|[from] move: Defog|[of] p2a: Noctowl
|
|-heal|p1a: Serperior|93/100|[from] item: Leftovers
|-damage|p2a: Noctowl|18/100|[from] Leech Seed|[of] p1a: Serperior
|-heal|p1a: Serperior|100/100|[silent]
|upkeep
|turn|20
|inactive|Natorito has 120 seconds left.
|
|t:|1758330766
|move|p1a: Serperior|Leaf Storm|p2a: Noctowl
|-resisted|p2a: Noctowl
|-damage|p2a: Noctowl|0 fnt
|-boost|p1a: Serperior|spa|2
|faint|p2a: Noctowl
|
|upkeep
|inactive|Natorito has 120 seconds left.
|
|t:|1758330783
|switch|p2a: Milotic|Milotic, M|100/100
|turn|21
|
|t:|1758330791
|move|p1a: Serperior|Tera Blast|p2a: Milotic|[anim] Tera Blast Electric
|-supereffective|p2a: Milotic
|-damage|p2a: Milotic|0 fnt
|faint|p2a: Milotic
|
|upkeep
|
|t:|1758330801
|switch|p2a: Rotom|Rotom-Heat, shiny|100/100
|turn|22
|inactive|Natorito has 120 seconds left.
|
|t:|1758330808
|move|p1a: Serperior|Tera Blast|p2a: Rotom|[anim] Tera Blast Electric
|-resisted|p2a: Rotom
|-damage|p2a: Rotom|25/100
|move|p2a: Rotom|Overheat|p1a: Serperior
|-damage|p1a: Serperior|37/100
|-unboost|p2a: Rotom|spa|2
|
|-heal|p1a: Serperior|43/100|[from] item: Leftovers
|-heal|p2a: Rotom|31/100|[from] item: Leftovers
|upkeep
|turn|23
|inactive|Natorito has 120 seconds left.
|
|t:|1758330819
|move|p1a: Serperior|Tera Blast|p2a: Rotom|[anim] Tera Blast Electric
|-resisted|p2a: Rotom
|-damage|p2a: Rotom|0 fnt
|faint|p2a: Rotom
|
|-heal|p1a: Serperior|49/100|[from] item: Leftovers
|upkeep
|inactive|Natorito has 120 seconds left.
|
|t:|1758330826
|switch|p2a: Slowbro|Slowbro-Galar, F|100/100
|turn|24
|-activate|p2a: Slowbro|ability: Quick Draw
|
|t:|1758330835
|move|p2a: Slowbro|Poison Jab|p1a: Serperior
|-damage|p1a: Serperior|13/100
|move|p1a: Serperior|Leech Seed|p2a: Slowbro
|-start|p2a: Slowbro|move: Leech Seed
|
|-heal|p1a: Serperior|19/100|[from] item: Leftovers
|-damage|p2a: Slowbro|88/100|[from] Leech Seed|[of] p1a: Serperior
|-heal|p1a: Serperior|33/100|[silent]
|upkeep
|turn|25
|-activate|p2a: Slowbro|item: Quick Claw
|
|t:|1758330846
|move|p2a: Slowbro|Poison Jab|p1a: Serperior
|-damage|p1a: Serperior|0 fnt
|faint|p1a: Serperior
|
|upkeep
|
|t:|1758330854
|switch|p1a: Araquanid|Araquanid, M|82/100
|turn|26
|
|t:|1758330863
|switch|p2a: Mudsdale|Mudsdale, F|100/100
|move|p1a: Araquanid|Sticky Web|p2a: Mudsdale
|-sidestart|p2: Natorito|move: Sticky Web
|
|upkeep
|turn|27
|
|t:|1758330870
|switch|p1a: Mimikyu|Mimikyu-Busted, M|88/100
|move|p2a: Mudsdale|Stealth Rock|p1a: Mimikyu
|-sidestart|p1: TBorgel|move: Stealth Rock
|
|upkeep
|turn|28
|
|t:|1758330881
|move|p1a: Mimikyu|Swords Dance|p1a: Mimikyu
|-boost|p1a: Mimikyu|atk|2
|move|p2a: Mudsdale|Roar|p1a: Mimikyu
|drag|p1a: Araquanid|Araquanid, M|82/100
|-damage|p1a: Araquanid|57/100|[from] Stealth Rock
|
|upkeep
|turn|29
|
|t:|1758330897
|move|p1a: Araquanid|Water Pulse|p2a: Mudsdale
|-supereffective|p2a: Mudsdale
|-damage|p2a: Mudsdale|57/100
|-ability|p2a: Mudsdale|Stamina|boost
|-boost|p2a: Mudsdale|def|1
|move|p2a: Mudsdale|Body Press|p1a: Araquanid
|-resisted|p1a: Araquanid
|-damage|p1a: Araquanid|38/100
|
|-heal|p2a: Mudsdale|63/100|[from] item: Leftovers
|upkeep
|turn|30
|
|t:|1758330911
|move|p1a: Araquanid|Water Pulse|p2a: Mudsdale
|-supereffective|p2a: Mudsdale
|-damage|p2a: Mudsdale|20/100
|-start|p2a: Mudsdale|confusion
|-ability|p2a: Mudsdale|Stamina|boost
|-boost|p2a: Mudsdale|def|1
|-activate|p2a: Mudsdale|confusion
|move|p2a: Mudsdale|Roar|p1a: Araquanid
|drag|p1a: Great Tusk|Great Tusk|71/100
|-damage|p1a: Great Tusk|68/100|[from] Stealth Rock
|
|-heal|p2a: Mudsdale|26/100|[from] item: Leftovers
|upkeep
|turn|31
|
|t:|1758330926
|move|p1a: Great Tusk|Ice Spinner|p2a: Mudsdale
|-supereffective|p2a: Mudsdale
|-damage|p2a: Mudsdale|6/100
|-ability|p2a: Mudsdale|Stamina|boost
|-boost|p2a: Mudsdale|def|1
|-activate|p2a: Mudsdale|confusion
|move|p2a: Mudsdale|Body Press|p1a: Great Tusk
|-damage|p1a: Great Tusk|27/100
|
|-heal|p2a: Mudsdale|13/100|[from] item: Leftovers
|upkeep
|turn|32
|
|t:|1758330938
|move|p1a: Great Tusk|Ice Spinner|p2a: Mudsdale
|-supereffective|p2a: Mudsdale
|-damage|p2a: Mudsdale|0 fnt
|faint|p2a: Mudsdale
|
|upkeep
|
|t:|1758330943
|switch|p2a: Slowbro|Slowbro-Galar, F|88/100
|-activate|p2a: Slowbro|move: Sticky Web
|-unboost|p2a: Slowbro|spe|1
|turn|33
|
|t:|1758330955
|move|p1a: Great Tusk|Headlong Rush|p2a: Slowbro
|-supereffective|p2a: Slowbro
|-damage|p2a: Slowbro|0 fnt
|-unboost|p1a: Great Tusk|def|1
|-unboost|p1a: Great Tusk|spd|1
|faint|p2a: Slowbro
|
|win|TBorgel
|raw|TBorgel's rating: 1162 &rarr; <strong>1186</strong><br />(+24 for winning)
|raw|Natorito's rating: 1152 &rarr; <strong>1128</strong><br />(-24 for losing)
|l|☆Natorito
|player|p2|
|l|☆TBorgel
|player|p1|
