|j|☆adsdef
|j|☆IamLonny
|t:|1758293531
|gametype|singles
|player|p1|adsdef|youngn|1093
|player|p2|IamLonny|bruno|1124
|gen|9
|tier|[Gen 9] OU
|rated|
|rule|HP Percentage Mod: HP is shown in percentages
|rule|Endless Battle Clause: Forcing endless battles is banned
|rule|Species Clause: Limit one of each Pokémon
|rule|OHKO Clause: OHKO moves are banned
|rule|Evasion Items Clause: Evasion items are banned
|rule|Evasion Moves Clause: Evasion moves are banned
|rule|Evasion Abilities Clause: Evasion abilities are banned
|rule|Sleep Moves Clause: Sleep-inducing moves are banned
|clearpoke
|poke|p1|Polteageist|
|poke|p1|Kleavor, M|
|poke|p1|Necrozma|
|poke|p1|Komala, F|
|poke|p1|Braviary-Hisui, M|
|poke|p1|Lilligant-Hisui, F|
|poke|p2|Garchomp, F|
|poke|p2|Excadrill, F|
|poke|p2|Araquanid, M|
|poke|p2|Serperior, M|
|poke|p2|Cinccino, M|
|poke|p2|Dusclops, F|
|teampreview
|inactive|Battle timer is ON: inactive players will automatically lose when time's up. (requested by adsdef)
|
|t:|1758293545
|teamsize|p1|6
|teamsize|p2|6
|start
|switch|p1a: Kleavor|Kleavor, M|100/100
|switch|p2a: Araquanid|Araquanid, M|100/100
|turn|1
|
|t:|1758293552
|move|p1a: Kleavor|Tailwind|p1a: Kleavor
|-sidestart|p1: adsdef|move: Tailwind
|move|p2a: Araquanid|Liquidation|p1a: Kleavor
|-supereffective|p1a: Kleavor
|-damage|p1a: Kleavor|0 fnt
|faint|p1a: Kleavor
|
|upkeep
|
|t:|1758293563
|switch|p1a: Necrozma|Necrozma|100/100
|turn|2
|
|t:|1758293567
|move|p1a: Necrozma|Dragon Dance|p1a: Necrozma
|-boost|p1a: Necrozma|atk|1
|-boost|p1a: Necrozma|spe|1
|move|p2a: Araquanid|Liquidation|p1a: Necrozma
|-damage|p1a: Necrozma|33/100
|-unboost|p1a: Necrozma|def|1
|
|upkeep
|turn|3
|
|t:|1758293575
|move|p1a: Necrozma|Power Gem|p2a: Araquanid
|-supereffective|p2a: Araquanid
|-damage|p2a: Araquanid|60/100
|move|p2a: Araquanid|Leech Life|p1a: Necrozma
|-supereffective|p1a: Necrozma
|-damage|p1a: Necrozma|0 fnt
|-heal|p2a: Araquanid|77/100|[from] drain|[of] p1a: Necrozma
|faint|p1a: Necrozma
|
|upkeep
|
|t:|1758293594
|switch|p1a: Polteageist|Polteageist|100/100
|turn|4
|
|t:|1758293597
|move|p1a: Polteageist|Shell Smash|p1a: Polteageist
|-unboost|p1a: Polteageist|def|1
|-unboost|p1a: Polteageist|spd|1
|-boost|p1a: Polteageist|atk|2
|-boost|p1a: Polteageist|spa|2
|-boost|p1a: Polteageist|spe|2
|move|p2a: Araquanid|Liquidation|p1a: Polteageist
|-enditem|p1a: Polteageist|Focus Sash
|-damage|p1a: Polteageist|1/100
|-ability|p1a: Polteageist|Weak Armor|boost
|-unboost|p1a: Polteageist|def|1
|-boost|p1a: Polteageist|spe|2
|
|-sideend|p1: adsdef|move: Tailwind
|upkeep
|turn|5
|inactive|adsdef has 120 seconds left.
|
|t:|1758293631
|move|p1a: Polteageist|Psychic|p2a: Araquanid
|-damage|p2a: Araquanid|25/100
|move|p2a: Araquanid|Leech Life|p1a: Polteageist
|-resisted|p1a: Polteageist
|-damage|p1a: Polteageist|0 fnt
|-heal|p2a: Araquanid|25/100|[from] drain|[of] p1a: Polteageist
|faint|p1a: Polteageist
|
|upkeep
|
|t:|1758293636
|switch|p1a: Braviary|Braviary-Hisui, M|100/100
|turn|6
|
|t:|1758293643
|move|p1a: Braviary|Esper Wing|p2a: Araquanid
|-damage|p2a: Araquanid|0 fnt
|-boost|p1a: Braviary|spe|1
|faint|p2a: Araquanid
|
|upkeep
|
|t:|1758293653
|switch|p2a: Garchomp|Garchomp, F|100/100
|turn|7
|
|t:|1758293658
|-terastallize|p2a: Garchomp|Steel
|move|p1a: Braviary|Esper Wing|p2a: Garchomp
|-resisted|p2a: Garchomp
|-damage|p2a: Garchomp|38/100
|-boost|p1a: Braviary|spe|1
|move|p2a: Garchomp|Stealth Rock|p1a: Braviary
|-sidestart|p1: adsdef|move: Stealth Rock
|
|upkeep
|turn|8
|
|t:|1758293668
|move|p1a: Braviary|Esper Wing|p2a: Garchomp
|-resisted|p2a: Garchomp
|-crit|p2a: Garchomp
|-damage|p2a: Garchomp|0 fnt
|-boost|p1a: Braviary|spe|1
|faint|p2a: Garchomp
|
|upkeep
|
|t:|1758293675
|switch|p2a: Dusclops|Dusclops, F|100/100
|-ability|p2a: Dusclops|Pressure
|turn|9
|
|t:|1758293685
|move|p1a: Braviary|Esper Wing|p2a: Dusclops
|-crit|p2a: Dusclops
|-damage|p2a: Dusclops|62/100
|-boost|p1a: Braviary|spe|1
|move|p2a: Dusclops|Curse|p1a: Braviary
|-start|p1a: Braviary|Curse|[of] p2a: Dusclops
|-damage|p2a: Dusclops|12/100
|
|-damage|p1a: Braviary|76/100|[from] Curse
|upkeep
|turn|10
|
|t:|1758293696
|move|p1a: Braviary|Esper Wing|p2a: Dusclops
|-damage|p2a: Dusclops|0 fnt
|-boost|p1a: Braviary|spe|1
|faint|p2a: Dusclops
|
|-damage|p1a: Braviary|51/100|[from] Curse
|upkeep
|
|t:|1758293706
|switch|p2a: Excadrill|Excadrill, F|100/100
|-ability|p2a: Excadrill|Mold Breaker
|-item|p2a: Excadrill|Air Balloon
|turn|11
|
|t:|1758293712
|move|p1a: Braviary|Esper Wing|p2a: Excadrill
|-resisted|p2a: Excadrill
|-damage|p2a: Excadrill|21/100
|-boost|p1a: Braviary|spe|1
|-enditem|p2a: Excadrill|Air Balloon
|move|p2a: Excadrill|Iron Head|p1a: Braviary
|-damage|p1a: Braviary|0 fnt
|faint|p1a: Braviary
|
|upkeep
|
|t:|1758293723
|switch|p1a: Komala|Komala, F|100/100
|-damage|p1a: Komala|88/100|[from] Stealth Rock
|-ability|p1a: Komala|Comatose
|turn|12
|
|t:|1758293729
|move|p2a: Excadrill|Brick Break|p1a: Komala
|-supereffective|p1a: Komala
|-damage|p1a: Komala|25/100
|move|p1a: Komala|Rapid Spin|p2a: Excadrill
|-resisted|p2a: Excadrill
|-damage|p2a: Excadrill|6/100
|-boost|p1a: Komala|spe|1
|-sideend|p1: adsdef|Stealth Rock|[from] move: Rapid Spin|[of] p1a: Komala
|
|-heal|p1a: Komala|31/100|[from] item: Leftovers
|upkeep
|turn|13
|
|t:|1758293738
|move|p2a: Excadrill|Earthquake|p1a: Komala
|-damage|p1a: Komala|0 fnt
|faint|p1a: Komala
|
|upkeep
|
|t:|1758293742
|switch|p1a: Lilligant|Lilligant-Hisui, F|100/100
|turn|14
|
|t:|1758293745
|move|p1a: Lilligant|Victory Dance|p1a: Lilligant
|-boost|p1a: Lilligant|atk|1
|-boost|p1a: Lilligant|def|1
|-boost|p1a: Lilligant|spe|1
|move|p2a: Excadrill|Earthquake|p1a: Lilligant
|-resisted|p1a: Lilligant
|-damage|p1a: Lilligant|75/100
|
|upkeep
|turn|15
|
|t:|1758293757
|switch|p2a: Cinccino|Cinccino, M|100/100
|move|p1a: Lilligant|Leaf Blade|p2a: Cinccino
|-crit|p2a: Cinccino
|-damage|p2a: Cinccino|0 fnt
|faint|p2a: Cinccino
|
|upkeep
|
|t:|1758293765
|switch|p2a: Serperior|Serperior, M|100/100
|turn|16
|
|t:|1758293769
|move|p1a: Lilligant|Close Combat|p2a: Serperior|[miss]
|-miss|p1a: Lilligant|p2a: Serperior
|move|p2a: Serperior|Leaf Storm|p1a: Lilligant
|-resisted|p1a: Lilligant
|-damage|p1a: Lilligant|39/100
|-boost|p2a: Serperior|spa|2
|
|upkeep
|turn|17
|
|t:|1758293777
|move|p1a: Lilligant|Close Combat|p2a: Serperior
|-crit|p2a: Serperior
|-damage|p2a: Serperior|0 fnt
|-unboost|p1a: Lilligant|def|1
|-unboost|p1a: Lilligant|spd|1
|faint|p2a: Serperior
|
|upkeep
|-message|IamLonny forfeited.
|
|win|adsdef
|raw|adsdef's rating: 1093 &rarr; <strong>1121</strong><br />(+28 for winning)
|raw|IamLonny's rating: 1124 &rarr; <strong>1097</strong><br />(-27 for losing)
|l|☆IamLonny
|player|p2|
|l|☆adsdef
|player|p1|
