|j|☆QueueStudioQuinn
|j|☆RK Earth 9000
|t:|1758320082
|gametype|singles
|player|p1|QueueStudioQuinn|marlon|1149
|player|p2|RK Earth 9000|volkner|1157
|gen|9
|tier|[Gen 9] OU
|rated|
|rule|HP Percentage Mod: HP is shown in percentages
|rule|Endless Battle Clause: Forcing endless battles is banned
|rule|Species Clause: Limit one of each Pokémon
|rule|OHKO Clause: OHKO moves are banned
|rule|Evasion Items Clause: Evasion items are banned
|rule|Evasion Moves Clause: Evasion moves are banned
|rule|Evasion Abilities Clause: Evasion abilities are banned
|rule|Sleep Moves Clause: Sleep-inducing moves are banned
|clearpoke
|poke|p1|Gardevoir, F|
|poke|p1|Ting-Lu|
|poke|p1|Raging Bolt|
|poke|p1|Iron Treads|
|poke|p1|Pecharunt|
|poke|p1|Weavile, F|
|poke|p2|Gyarados, M|
|poke|p2|Tentacruel, F|
|poke|p2|Heatran, M|
|poke|p2|Incineroar, F|
|poke|p2|Meowscarada, M|
|poke|p2|Landorus-Therian, M|
|teampreview
|inactive|Battle timer is ON: inactive players will automatically lose when time's up. (requested by QueueStudioQuinn)
|inactive|RK Earth 9000 has 120 seconds left.
|
|t:|1758320128
|teamsize|p1|6
|teamsize|p2|6
|start
|switch|p1a: Pecharunt|Pecharunt|100/100
|switch|p2a: Tentacruel|Tentacruel, F|100/100
|turn|1
|
|t:|1758320136
|switch|p1a: Ting-Lu|Ting-Lu|100/100
|-ability|p1a: Ting-Lu|Vessel of Ruin
|move|p2a: Tentacruel|Knock Off|p1a: Ting-Lu
|-resisted|p1a: Ting-Lu
|-damage|p1a: Ting-Lu|96/100
|-enditem|p1a: Ting-Lu|Leftovers|[from] move: Knock Off|[of] p2a: Tentacruel
|
|upkeep
|turn|2
|
|t:|1758320146
|move|p2a: Tentacruel|Surf|p1a: Ting-Lu
|-supereffective|p1a: Ting-Lu
|-damage|p1a: Ting-Lu|72/100
|move|p1a: Ting-Lu|Earthquake|p2a: Tentacruel
|-supereffective|p2a: Tentacruel
|-damage|p2a: Tentacruel|10/100
|
|-heal|p2a: Tentacruel|16/100|[from] item: Leftovers
|upkeep
|turn|3
|
|t:|1758320156
|switch|p2a: Gyarados|Gyarados, M, shiny|100/100
|-ability|p2a: Gyarados|Intimidate|boost
|-unboost|p1a: Ting-Lu|atk|1
|move|p1a: Ting-Lu|Whirlwind|p2a: Gyarados
|drag|p2a: Meowscarada|Meowscarada, M|100/100
|
|upkeep
|turn|4
|
|t:|1758320164
|move|p2a: Meowscarada|U-turn|p1a: Ting-Lu
|-start|p2a: Meowscarada|typechange|Bug|[from] ability: Protean
|-supereffective|p1a: Ting-Lu
|-damage|p1a: Ting-Lu|21/100
|
|t:|1758320170
|switch|p2a: Gyarados|Gyarados, M, shiny|100/100|[from] U-turn
|-ability|p2a: Gyarados|Intimidate|boost
|-unboost|p1a: Ting-Lu|atk|1
|move|p1a: Ting-Lu|Spikes|p2a: Gyarados
|-sidestart|p2: RK Earth 9000|Spikes
|
|upkeep
|turn|5
|
|t:|1758320182
|move|p2a: Gyarados|Earthquake|p1a: Ting-Lu
|-damage|p1a: Ting-Lu|0 fnt
|faint|p1a: Ting-Lu
|
|upkeep
|
|t:|1758320189
|switch|p1a: @ss clapper|Raging Bolt|100/100
|-enditem|p1a: @ss clapper|Booster Energy
|-activate|p1a: @ss clapper|ability: Protosynthesis|[fromitem]
|-start|p1a: @ss clapper|protosynthesisspa
|turn|6
|
|t:|1758320195
|-terastallize|p2a: Gyarados|Ground
|move|p1a: @ss clapper|Thunderclap|p2a: Gyarados
|-immune|p2a: Gyarados
|move|p2a: Gyarados|Earthquake|p1a: @ss clapper
|-supereffective|p1a: @ss clapper
|-damage|p1a: @ss clapper|0 fnt
|faint|p1a: @ss clapper
|-end|p1a: @ss clapper|Protosynthesis|[silent]
|
|upkeep
|
|t:|1758320201
|switch|p1a: Weavile|Weavile, F|100/100
|-ability|p1a: Weavile|Pressure
|turn|7
|
|t:|1758320212
|switch|p2a: Tentacruel|Tentacruel, F|16/100
|-damage|p2a: Tentacruel|4/100|[from] Spikes
|move|p1a: Weavile|Triple Axel|p2a: Tentacruel
|-resisted|p2a: Tentacruel
|-damage|p2a: Tentacruel|0 fnt
|faint|p2a: Tentacruel
|-hitcount|p2: Tentacruel|1
|
|upkeep
|
|t:|1758320234
|switch|p2a: Gyarados|Gyarados, M, shiny, tera:Ground|100/100
|-damage|p2a: Gyarados|88/100|[from] Spikes
|-ability|p2a: Gyarados|Intimidate|boost
|-unboost|p1a: Weavile|atk|1
|turn|8
|
|t:|1758320242
|switch|p2a: Heatran|Heatran, M, shiny|100/100
|-damage|p2a: Heatran|88/100|[from] Spikes
|-terastallize|p1a: Weavile|Ice
|move|p1a: Weavile|Triple Axel|p2a: Heatran
|-resisted|p2a: Heatran
|-damage|p2a: Heatran|86/100
|-status|p1a: Weavile|brn|[from] ability: Flame Body|[of] p2a: Heatran
|-resisted|p2a: Heatran
|-damage|p2a: Heatran|84/100
|-resisted|p2a: Heatran
|-damage|p2a: Heatran|81/100
|-hitcount|p2a: Heatran|3
|
|-damage|p1a: Weavile|94/100 brn|[from] brn
|upkeep
|turn|9
|
|t:|1758320259
|switch|p1a: Gardevoir|Gardevoir, F|100/100
|-ability|p1a: Gardevoir|Flame Body|Trace|[from] ability: Trace|[of] p2a: Heatran
|move|p2a: Heatran|Lava Plume|p1a: Gardevoir
|-damage|p1a: Gardevoir|40/100
|
|upkeep
|turn|10
|
|t:|1758320269
|switch|p1a: Weavile|Weavile, F, tera:Ice|94/100 brn
|-ability|p1a: Weavile|Pressure
|move|p2a: Heatran|Lava Plume|p1a: Weavile
|-supereffective|p1a: Weavile
|-damage|p1a: Weavile|0 fnt
|faint|p1a: Weavile
|
|upkeep
|
|t:|1758320271
|switch|p1a: Iron Treads|Iron Treads|100/100
|-enditem|p1a: Iron Treads|Booster Energy
|-activate|p1a: Iron Treads|ability: Quark Drive|[fromitem]
|-start|p1a: Iron Treads|quarkdrivespe
|turn|11
|
|t:|1758320283
|switch|p2a: Gyarados|Gyarados, M, shiny, tera:Ground|88/100
|-damage|p2a: Gyarados|76/100|[from] Spikes
|-ability|p2a: Gyarados|Intimidate|boost
|-unboost|p1a: Iron Treads|atk|1
|move|p1a: Iron Treads|Earthquake|p2a: Gyarados
|-damage|p2a: Gyarados|36/100
|
|upkeep
|turn|12
|
|t:|1758320299
|move|p1a: Iron Treads|Ice Spinner|p2a: Gyarados
|-supereffective|p2a: Gyarados
|-damage|p2a: Gyarados|0 fnt
|faint|p2a: Gyarados
|
|upkeep
|
|t:|1758320307
|switch|p2a: Landorus|Landorus-Therian, M, shiny|100/100
|-ability|p2a: Landorus|Intimidate|boost
|-unboost|p1a: Iron Treads|atk|1
|turn|13
|
|t:|1758320317
|move|p1a: Iron Treads|Stealth Rock|p2a: Landorus
|-sidestart|p2: RK Earth 9000|move: Stealth Rock
|move|p2a: Landorus|Earth Power|p1a: Iron Treads
|-supereffective|p1a: Iron Treads
|-damage|p1a: Iron Treads|0 fnt
|faint|p1a: Iron Treads
|-end|p1a: Iron Treads|Quark Drive|[silent]
|
|upkeep
|
|t:|1758320319
|switch|p1a: Pecharunt|Pecharunt|100/100
|turn|14
|
|t:|1758320330
|move|p2a: Landorus|Earth Power|p1a: Pecharunt
|-supereffective|p1a: Pecharunt
|-damage|p1a: Pecharunt|0 fnt
|faint|p1a: Pecharunt
|
|upkeep
|
|t:|1758320335
|switch|p1a: Gardevoir|Gardevoir, F|40/100
|-ability|p1a: Gardevoir|Intimidate|Trace|[from] ability: Trace|[of] p2a: Landorus
|-ability|p1a: Gardevoir|Intimidate|boost
|-unboost|p2a: Landorus|atk|1
|turn|15
|
|t:|1758320340
|move|p2a: Landorus|Earth Power|p1a: Gardevoir
|-damage|p1a: Gardevoir|0 fnt
|faint|p1a: Gardevoir
|
|win|RK Earth 9000
|raw|QueueStudioQuinn's rating: 1149 &rarr; <strong>1125</strong><br />(-24 for losing)
|raw|RK Earth 9000's rating: 1157 &rarr; <strong>1181</strong><br />(+24 for winning)
|l|☆QueueStudioQuinn
|player|p1|
