|j|☆TheDeivi9
|j|☆LaughingCamelzz
|t:|1758355900
|gametype|singles
|player|p1|TheDeivi9|266|1443
|player|p2|LaughingCamelzz|102|1473
|gen|9
|tier|[Gen 9] OU
|rated|
|rule|HP Percentage Mod: HP is shown in percentages
|rule|Endless Battle Clause: Forcing endless battles is banned
|rule|Species Clause: Limit one of each Pokémon
|rule|OHKO Clause: OHKO moves are banned
|rule|Evasion Items Clause: Evasion items are banned
|rule|Evasion Moves Clause: Evasion moves are banned
|rule|Evasion Abilities Clause: Evasion abilities are banned
|rule|Sleep Moves Clause: Sleep-inducing moves are banned
|clearpoke
|poke|p1|Gliscor, M|
|poke|p1|Politoed, F|
|poke|p1|Darkrai|
|poke|p1|Infernape, F|
|poke|p1|Forretress, F|
|poke|p1|Cresselia, F|
|poke|p2|Ninetales, M|
|poke|p2|Lilligant-Hisui, F|
|poke|p2|Walking Wake|
|poke|p2|Great Tusk|
|poke|p2|Hatterene, F|
|poke|p2|Arcanine-Hisui, F|
|teampreview
|
|t:|1758355921
|teamsize|p1|6
|teamsize|p2|6
|start
|switch|p1a: Gliscor|Gliscor, M|100/100
|switch|p2a: Ninetales|Ninetales, M|100/100
|-weather|SunnyDay|[from] ability: Drought|[of] p2a: Ninetales
|turn|1
|
|t:|1758355928
|move|p2a: Ninetales|Will-O-Wisp|p1a: Gliscor
|-status|p1a: Gliscor|brn
|move|p1a: Gliscor|Substitute|p1a: Gliscor
|-start|p1a: Gliscor|Substitute
|-damage|p1a: Gliscor|76/100 brn
|
|-weather|SunnyDay|[upkeep]
|-damage|p1a: Gliscor|69/100 brn|[from] brn
|upkeep
|turn|2
|inactive|Battle timer is ON: inactive players will automatically lose when time's up. (requested by TheDeivi9)
|
|t:|1758355936
|move|p2a: Ninetales|Encore|p1a: Gliscor
|-start|p1a: Gliscor|Encore
|move|p1a: Gliscor|Substitute|p1a: Gliscor
|-fail|p1a: Gliscor|move: Substitute
|
|-weather|SunnyDay|[upkeep]
|-damage|p1a: Gliscor|63/100 brn|[from] brn
|upkeep
|turn|3
|
|t:|1758355942
|switch|p1a: Infernape|Infernape, F|100/100
|move|p2a: Ninetales|Weather Ball|p1a: Infernape
|-resisted|p1a: Infernape
|-damage|p1a: Infernape|69/100
|
|-weather|SunnyDay|[upkeep]
|upkeep
|turn|4
|
|t:|1758355950
|switch|p2a: Walking Wake|Walking Wake|100/100
|-activate|p2a: Walking Wake|ability: Protosynthesis
|-start|p2a: Walking Wake|protosynthesisspe
|move|p1a: Infernape|Close Combat|p2a: Walking Wake
|-damage|p2a: Walking Wake|23/100
|-unboost|p1a: Infernape|def|1
|-unboost|p1a: Infernape|spd|1
|-damage|p1a: Infernape|60/100|[from] item: Life Orb
|
|-weather|SunnyDay|[upkeep]
|upkeep
|turn|5
|
|t:|1758355963
|move|p1a: Infernape|Mach Punch|p2a: Walking Wake
|-damage|p2a: Walking Wake|0 fnt
|faint|p2a: Walking Wake
|-end|p2a: Walking Wake|Protosynthesis|[silent]
|-damage|p1a: Infernape|50/100|[from] item: Life Orb
|
|-weather|SunnyDay|[upkeep]
|upkeep
|
|t:|1758355973
|switch|p2a: Lilligant|Lilligant-Hisui, F|100/100
|turn|6
|
|t:|1758355995
|switch|p1a: Gliscor|Gliscor, M|63/100 brn
|-terastallize|p2a: Lilligant|Fire
|move|p2a: Lilligant|Swords Dance|p2a: Lilligant
|-boost|p2a: Lilligant|atk|2
|
|-weather|SunnyDay|[upkeep]
|-damage|p1a: Gliscor|57/100 brn|[from] brn
|upkeep
|turn|7
|
|t:|1758356004
|move|p2a: Lilligant|Solar Blade||[still]
|-prepare|p2a: Lilligant|Solar Blade
|-anim|p2a: Lilligant|Solar Blade|p1a: Gliscor
|-crit|p1a: Gliscor
|-damage|p1a: Gliscor|0 fnt
|faint|p1a: Gliscor
|-damage|p2a: Lilligant|91/100|[from] item: Life Orb
|
|-weather|SunnyDay|[upkeep]
|upkeep
|
|t:|1758356007
|switch|p1a: Politoed|Politoed, F|100/100
|-weather|RainDance|[from] ability: Drizzle|[of] p1a: Politoed
|turn|8
|
|t:|1758356014
|move|p2a: Lilligant|Close Combat|p1a: Politoed
|-damage|p1a: Politoed|0 fnt
|-unboost|p2a: Lilligant|def|1
|-unboost|p2a: Lilligant|spd|1
|faint|p1a: Politoed
|-damage|p2a: Lilligant|81/100|[from] item: Life Orb
|
|-weather|RainDance|[upkeep]
|upkeep
|
|t:|1758356019
|switch|p1a: Darkrai|Darkrai|100/100
|turn|9
|
|t:|1758356023
|switch|p2a: Ninetales|Ninetales, M|100/100
|-weather|SunnyDay|[from] ability: Drought|[of] p2a: Ninetales
|move|p1a: Darkrai|Dark Pulse|p2a: Ninetales
|-damage|p2a: Ninetales|62/100
|
|-weather|SunnyDay|[upkeep]
|upkeep
|turn|10
|
|t:|1758356040
|switch|p1a: Infernape|Infernape, F|50/100
|move|p2a: Ninetales|Weather Ball|p1a: Infernape
|-resisted|p1a: Infernape
|-damage|p1a: Infernape|19/100
|
|-weather|SunnyDay|[upkeep]
|upkeep
|turn|11
|
|t:|1758356047
|switch|p2a: Hatterene|Hatterene, F|100/100
|move|p1a: Infernape|Close Combat|p2a: Hatterene
|-resisted|p2a: Hatterene
|-damage|p2a: Hatterene|81/100
|-unboost|p1a: Infernape|def|1
|-unboost|p1a: Infernape|spd|1
|-damage|p1a: Infernape|9/100|[from] item: Life Orb
|
|-weather|SunnyDay|[upkeep]
|upkeep
|turn|12
|
|t:|1758356057
|move|p1a: Infernape|Flare Blitz|p2a: Hatterene
|-damage|p2a: Hatterene|0 fnt
|faint|p2a: Hatterene
|-damage|p1a: Infernape|0 fnt|[from] Recoil
|faint|p1a: Infernape
|
|-weather|SunnyDay|[upkeep]
|upkeep
|
|t:|1758356073
|switch|p1a: Forretress|Forretress, F, shiny|100/100
|switch|p2a: Lilligant|Lilligant-Hisui, F, tera:Fire|81/100
|turn|13
|
|t:|1758356081
|move|p2a: Lilligant|Swords Dance|p2a: Lilligant
|-boost|p2a: Lilligant|atk|2
|move|p1a: Forretress|Stone Edge|p2a: Lilligant|[miss]
|-miss|p1a: Forretress|p2a: Lilligant
|
|-weather|SunnyDay|[upkeep]
|upkeep
|turn|14
|
|t:|1758356089
|move|p2a: Lilligant|Swords Dance|p2a: Lilligant
|-boost|p2a: Lilligant|atk|2
|move|p1a: Forretress|Stone Edge|p2a: Lilligant
|-supereffective|p2a: Lilligant
|-damage|p2a: Lilligant|0 fnt
|faint|p2a: Lilligant
|
|-weather|SunnyDay|[upkeep]
|upkeep
|
|t:|1758356097
|switch|p2a: Arcanine|Arcanine-Hisui, F|100/100
|turn|15
|
|t:|1758356118
|move|p2a: Arcanine|Flare Blitz|p1a: Forretress
|-supereffective|p1a: Forretress
|-damage|p1a: Forretress|0 fnt
|faint|p1a: Forretress
|
|-weather|SunnyDay|[upkeep]
|upkeep
|
|t:|1758356124
|switch|p1a: Darkrai|Darkrai|100/100
|turn|16
|
|t:|1758356128
|move|p2a: Arcanine|Flare Blitz|p1a: Darkrai
|-damage|p1a: Darkrai|0 fnt
|faint|p1a: Darkrai
|
|-weather|none
|upkeep
|
|t:|1758356130
|switch|p1a: Cresselia|Cresselia, F|100/100
|turn|17
|
|t:|1758356136
|switch|p2a: Ninetales|Ninetales, M|62/100
|-weather|SunnyDay|[from] ability: Drought|[of] p2a: Ninetales
|move|p1a: Cresselia|Calm Mind|p1a: Cresselia
|-boost|p1a: Cresselia|spa|1
|-boost|p1a: Cresselia|spd|1
|
|-weather|SunnyDay|[upkeep]
|upkeep
|turn|18
|
|t:|1758356144
|move|p2a: Ninetales|Encore|p1a: Cresselia
|-start|p1a: Cresselia|Encore
|move|p1a: Cresselia|Calm Mind|p1a: Cresselia
|-boost|p1a: Cresselia|spa|1
|-boost|p1a: Cresselia|spd|1
|
|-weather|SunnyDay|[upkeep]
|upkeep
|turn|19
|
|t:|1758356150
|switch|p2a: Arcanine|Arcanine-Hisui, F|100/100
|move|p1a: Cresselia|Calm Mind|p1a: Cresselia
|-boost|p1a: Cresselia|spa|1
|-boost|p1a: Cresselia|spd|1
|
|-weather|SunnyDay|[upkeep]
|upkeep
|turn|20
|
|t:|1758356157
|move|p2a: Arcanine|Flare Blitz|p1a: Cresselia
|-damage|p1a: Cresselia|42/100
|move|p1a: Cresselia|Calm Mind|p1a: Cresselia
|-boost|p1a: Cresselia|spa|1
|-boost|p1a: Cresselia|spd|1
|
|-weather|SunnyDay|[upkeep]
|-heal|p1a: Cresselia|48/100|[from] item: Leftovers
|-end|p1a: Cresselia|Encore
|upkeep
|turn|21
|
|t:|1758356165
|move|p2a: Arcanine|Flare Blitz|p1a: Cresselia
|-damage|p1a: Cresselia|0 fnt
|faint|p1a: Cresselia
|
|win|LaughingCamelzz
|raw|TheDeivi9's rating: 1443 &rarr; <strong>1425</strong><br />(-18 for losing)
|raw|LaughingCamelzz's rating: 1473 &rarr; <strong>1491</strong><br />(+18 for winning)
|l|☆TheDeivi9
|player|p1|
|l|☆LaughingCamelzz
|player|p2|
