|j|☆nadim12345j
|j|☆iampogmeta
|t:|1758301941
|gametype|singles
|player|p1|nadim12345j|266|1282
|player|p2|iampogmeta|clown|1299
|gen|9
|tier|[Gen 9] OU
|rated|
|rule|HP Percentage Mod: HP is shown in percentages
|rule|Endless Battle Clause: Forcing endless battles is banned
|rule|Species Clause: Limit one of each Pokémon
|rule|OHKO Clause: OHKO moves are banned
|rule|Evasion Items Clause: Evasion items are banned
|rule|Evasion Moves Clause: Evasion moves are banned
|rule|Evasion Abilities Clause: Evasion abilities are banned
|rule|Sleep Moves Clause: Sleep-inducing moves are banned
|clearpoke
|poke|p1|Ogerpon-Wellspring, F|
|poke|p1|Scizor, F|
|poke|p1|Clodsire, M|
|poke|p1|Corviknight, F|
|poke|p1|Enamorus, F|
|poke|p1|Dragapult, F|
|poke|p2|Greninja-*, F|
|poke|p2|Arbok, F|
|poke|p2|Rotom-Wash|
|poke|p2|Krookodile, F|
|poke|p2|Hydrapple, F|
|poke|p2|Iron Treads|
|teampreview
|inactive|Battle timer is ON: inactive players will automatically lose when time's up. (requested by iampogmeta)
|
|t:|1758301991
|teamsize|p1|6
|teamsize|p2|6
|start
|switch|p1a: Ogerpon|Ogerpon-Wellspring, F|100/100
|switch|p2a: Greninja|Greninja, F|100/100
|turn|1
|
|t:|1758302010
|switch|p1a: Corviknight|Corviknight, F|100/100
|-ability|p1a: Corviknight|Pressure
|move|p2a: Greninja|Sludge Wave|p1a: Corviknight
|-start|p2a: Greninja|typechange|Poison|[from] ability: Protean
|-immune|p1a: Corviknight
|
|upkeep
|turn|2
|
|t:|1758302020
|switch|p2a: Rotom|Rotom-Wash|100/100
|move|p1a: Corviknight|Brave Bird|p2a: Rotom
|-resisted|p2a: Rotom
|-damage|p2a: Rotom|82/100
|-damage|p1a: Corviknight|96/100|[from] Recoil
|
|-heal|p2a: Rotom|89/100|[from] item: Leftovers
|-heal|p1a: Corviknight|100/100|[from] item: Leftovers
|upkeep
|turn|3
|inactive|nadim12345j has 120 seconds left.
|
|t:|1758302066
|switch|p1a: Clodsire|Clodsire, M|100/100
|move|p2a: Rotom|Will-O-Wisp|p1a: Clodsire
|-status|p1a: Clodsire|brn
|
|-heal|p2a: Rotom|95/100|[from] item: Leftovers
|-damage|p1a: Clodsire|94/100 brn|[from] brn
|upkeep
|turn|4
|
|t:|1758302080
|switch|p2a: Iron Treads|Iron Treads|100/100
|-enditem|p2a: Iron Treads|Booster Energy
|-activate|p2a: Iron Treads|ability: Quark Drive|[fromitem]
|-start|p2a: Iron Treads|quarkdriveatk
|switch|p1a: Corviknight|Corviknight, F|100/100
|-ability|p1a: Corviknight|Pressure
|
|upkeep
|turn|5
|
|t:|1758302097
|move|p2a: Iron Treads|Stealth Rock|p1a: Corviknight
|-sidestart|p1: nadim12345j|move: Stealth Rock
|move|p1a: Corviknight|U-turn|p2a: Iron Treads
|-resisted|p2a: Iron Treads
|-damage|p2a: Iron Treads|95/100
|
|t:|1758302105
|switch|p1a: Ogerpon|Ogerpon-Wellspring, F|100/100|[from] U-turn
|-damage|p1a: Ogerpon|88/100|[from] Stealth Rock
|
|upkeep
|turn|6
|
|t:|1758302113
|-end|p2a: Iron Treads|Quark Drive|[silent]
|switch|p2a: Hydrapple|Hydrapple, F|100/100
|move|p1a: Ogerpon|Ivy Cudgel|p2a: Hydrapple|[anim] Ivy Cudgel Water
|-resisted|p2a: Hydrapple
|-crit|p2a: Hydrapple
|-damage|p2a: Hydrapple|83/100
|
|-heal|p2a: Hydrapple|89/100|[from] item: Leftovers
|upkeep
|turn|7
|
|t:|1758302130
|move|p1a: Ogerpon|U-turn|p2a: Hydrapple
|-supereffective|p2a: Hydrapple
|-damage|p2a: Hydrapple|48/100
|
|t:|1758302133
|switch|p1a: Corviknight|Corviknight, F|100/100|[from] U-turn
|-damage|p1a: Corviknight|88/100|[from] Stealth Rock
|-ability|p1a: Corviknight|Pressure
|move|p2a: Hydrapple|Dragon Tail|p1a: Corviknight
|-resisted|p1a: Corviknight
|-damage|p1a: Corviknight|83/100
|drag|p1a: Dragapult|Dragapult, F|100/100
|
|-heal|p2a: Hydrapple|54/100|[from] item: Leftovers
|upkeep
|turn|8
|
|t:|1758302158
|-terastallize|p2a: Hydrapple|Fairy
|move|p1a: Dragapult|U-turn|p2a: Hydrapple
|-resisted|p2a: Hydrapple
|-damage|p2a: Hydrapple|47/100
|
|t:|1758302162
|switch|p1a: Corviknight|Corviknight, F|83/100|[from] U-turn
|-damage|p1a: Corviknight|71/100|[from] Stealth Rock
|-ability|p1a: Corviknight|Pressure
|move|p2a: Hydrapple|Draco Meteor|p1a: Corviknight
|-resisted|p1a: Corviknight
|-damage|p1a: Corviknight|38/100
|-unboost|p2a: Hydrapple|spa|2
|
|-heal|p1a: Corviknight|44/100|[from] item: Leftovers
|-heal|p2a: Hydrapple|53/100|[from] item: Leftovers
|upkeep
|turn|9
|
|t:|1758302176
|switch|p2a: Greninja|Greninja, F|100/100
|move|p1a: Corviknight|Roost|p1a: Corviknight
|-heal|p1a: Corviknight|94/100
|-singleturn|p1a: Corviknight|move: Roost
|
|-heal|p1a: Corviknight|99/100|[from] item: Leftovers
|upkeep
|turn|10
|
|t:|1758302187
|move|p2a: Greninja|Dark Pulse|p1a: Corviknight
|-start|p2a: Greninja|typechange|Dark|[from] ability: Protean
|-damage|p1a: Corviknight|52/100
|move|p1a: Corviknight|Defog|p2a: Greninja
|-unboost|p2a: Greninja|evasion|1
|-sideend|p1: nadim12345j|Stealth Rock|[from] move: Defog|[of] p1a: Corviknight
|
|-heal|p1a: Corviknight|58/100|[from] item: Leftovers
|upkeep
|turn|11
|
|t:|1758302197
|move|p2a: Greninja|Dark Pulse|p1a: Corviknight
|-damage|p1a: Corviknight|7/100
|move|p1a: Corviknight|Roost|p1a: Corviknight
|-heal|p1a: Corviknight|57/100
|-singleturn|p1a: Corviknight|move: Roost
|
|-heal|p1a: Corviknight|63/100|[from] item: Leftovers
|upkeep
|turn|12
|inactive|nadim12345j has 90 seconds left.
|
|t:|1758302230
|switch|p1a: Enamorus|Enamorus, F|100/100
|move|p2a: Greninja|Dark Pulse|p1a: Enamorus
|-resisted|p1a: Enamorus
|-damage|p1a: Enamorus|61/100
|
|upkeep
|turn|13
|
|t:|1758302238
|switch|p2a: Iron Treads|Iron Treads|95/100
|move|p1a: Enamorus|Moonblast|p2a: Iron Treads
|-resisted|p2a: Iron Treads
|-damage|p2a: Iron Treads|54/100
|
|upkeep
|turn|14
|
|t:|1758302245
|switch|p1a: Corviknight|Corviknight, F|63/100
|-ability|p1a: Corviknight|Pressure
|move|p2a: Iron Treads|Stealth Rock|p1a: Corviknight
|-sidestart|p1: nadim12345j|move: Stealth Rock
|
|-heal|p1a: Corviknight|70/100|[from] item: Leftovers
|upkeep
|turn|15
|
|t:|1758302255
|move|p2a: Iron Treads|Iron Head|p1a: Corviknight
|-resisted|p1a: Corviknight
|-damage|p1a: Corviknight|57/100
|move|p1a: Corviknight|Defog|p2a: Iron Treads
|-unboost|p2a: Iron Treads|evasion|1
|-sideend|p1: nadim12345j|Stealth Rock|[from] move: Defog|[of] p1a: Corviknight
|
|-heal|p1a: Corviknight|63/100|[from] item: Leftovers
|upkeep
|turn|16
|
|t:|1758302264
|move|p2a: Iron Treads|Stealth Rock|p1a: Corviknight
|-sidestart|p1: nadim12345j|move: Stealth Rock
|move|p1a: Corviknight|Brave Bird|p2a: Iron Treads
|-resisted|p2a: Iron Treads
|-damage|p2a: Iron Treads|37/100
|-damage|p1a: Corviknight|59/100|[from] Recoil
|
|-heal|p1a: Corviknight|65/100|[from] item: Leftovers
|upkeep
|turn|17
|inactive|nadim12345j has 120 seconds left.
|
|t:|1758302272
|move|p2a: Iron Treads|Iron Head|p1a: Corviknight
|-resisted|p1a: Corviknight
|-damage|p1a: Corviknight|54/100
|move|p1a: Corviknight|Brave Bird|p2a: Iron Treads
|-resisted|p2a: Iron Treads
|-damage|p2a: Iron Treads|19/100
|-damage|p1a: Corviknight|49/100|[from] Recoil
|
|-heal|p1a: Corviknight|55/100|[from] item: Leftovers
|upkeep
|turn|18
|
|t:|1758302282
|-end|p2a: Iron Treads|Quark Drive|[silent]
|switch|p2a: Rotom|Rotom-Wash|95/100
|move|p1a: Corviknight|Roost|p1a: Corviknight
|-heal|p1a: Corviknight|100/100
|-singleturn|p1a: Corviknight|move: Roost
|
|-heal|p2a: Rotom|100/100|[from] item: Leftovers
|upkeep
|turn|19
|
|t:|1758302291
|move|p2a: Rotom|Volt Switch|p1a: Corviknight
|-supereffective|p1a: Corviknight
|-damage|p1a: Corviknight|35/100
|
|t:|1758302298
|switch|p2a: Greninja|Greninja, F|100/100|[from] Volt Switch
|move|p1a: Corviknight|Defog|p2a: Greninja
|-unboost|p2a: Greninja|evasion|1
|-sideend|p1: nadim12345j|Stealth Rock|[from] move: Defog|[of] p1a: Corviknight
|
|-heal|p1a: Corviknight|42/100|[from] item: Leftovers
|upkeep
|turn|20
|
|t:|1758302315
|switch|p1a: Enamorus|Enamorus, F|61/100
|move|p2a: Greninja|Ice Beam|p1a: Enamorus
|-start|p2a: Greninja|typechange|Ice|[from] ability: Protean
|-supereffective|p1a: Enamorus
|-damage|p1a: Enamorus|0 fnt
|faint|p1a: Enamorus
|
|upkeep
|
|t:|1758302331
|switch|p1a: Ogerpon|Ogerpon-Wellspring, F|88/100
|turn|21
|
|t:|1758302337
|switch|p2a: Iron Treads|Iron Treads|19/100
|move|p1a: Ogerpon|Ivy Cudgel|p2a: Iron Treads|[anim] Ivy Cudgel Water
|-supereffective|p2a: Iron Treads
|-damage|p2a: Iron Treads|0 fnt
|faint|p2a: Iron Treads
|-end|p2a: Iron Treads|Quark Drive|[silent]
|
|upkeep
|
|t:|1758302344
|switch|p2a: Arbok|Arbok, F, shiny|100/100
|-ability|p2a: Arbok|Intimidate|boost
|-unboost|p1a: Ogerpon|atk|1
|turn|22
|
|t:|1758302356
|switch|p1a: Clodsire|Clodsire, M|94/100 brn
|switch|p2a: Rotom|Rotom-Wash|100/100
|
|-heal|p1a: Clodsire|100/100 brn|[from] item: Leftovers
|-damage|p1a: Clodsire|94/100 brn|[from] brn
|upkeep
|turn|23
|
|t:|1758302366
|move|p2a: Rotom|Hydro Pump|p1a: Clodsire
|-supereffective|p1a: Clodsire
|-crit|p1a: Clodsire
|-damage|p1a: Clodsire|2/100 brn
|move|p1a: Clodsire|Stealth Rock|p2a: Rotom
|-sidestart|p2: iampogmeta|move: Stealth Rock
|
|-heal|p1a: Clodsire|8/100 brn|[from] item: Leftovers
|-damage|p1a: Clodsire|2/100 brn|[from] brn
|upkeep
|turn|24
|
|t:|1758302393
|switch|p1a: Corviknight|Corviknight, F|42/100
|-ability|p1a: Corviknight|Pressure
|move|p2a: Rotom|Volt Switch|p1a: Corviknight
|-supereffective|p1a: Corviknight
|-damage|p1a: Corviknight|0 fnt
|faint|p1a: Corviknight
|-message|nadim12345j forfeited.
|
|win|iampogmeta
|raw|nadim12345j's rating: 1282 &rarr; <strong>1258</strong><br />(-24 for losing)
|raw|iampogmeta's rating: 1299 &rarr; <strong>1323</strong><br />(+24 for winning)
|l|☆nadim12345j
|player|p1|
|l|☆iampogmeta
|player|p2|
