|j|‽lakeandbake
|j|☆potatoeman3000
|t:|1758248700
|gametype|singles
|player|p1|lakeandbake|clemont|1403
|player|p2|potatoeman3000|169|1328
|gen|9
|tier|[Gen 9] OU
|rated|
|rule|HP Percentage Mod: HP is shown in percentages
|rule|Endless Battle Clause: Forcing endless battles is banned
|rule|Species Clause: Limit one of each Pokémon
|rule|OHKO Clause: OHKO moves are banned
|rule|Evasion Items Clause: Evasion items are banned
|rule|Evasion Moves Clause: Evasion moves are banned
|rule|Evasion Abilities Clause: Evasion abilities are banned
|rule|Sleep Moves Clause: Sleep-inducing moves are banned
|clearpoke
|poke|p1|Gholdengo|
|poke|p1|Hatterene, F|
|poke|p1|Darkrai|
|poke|p1|Landorus-Therian, M|
|poke|p1|Dragonite, F|
|poke|p1|Zamazenta-*|
|poke|p2|Kingambit, F|
|poke|p2|Zamazenta-*|
|poke|p2|Corviknight, M|
|poke|p2|Samurott-Hisui, F|
|poke|p2|Garganacl, M|
|poke|p2|Iron Valiant|
|teampreview
|inactive|Battle timer is ON: inactive players will automatically lose when time's up. (requested by potatoeman3000)
|c|☆potatoeman3000|Glhf
|inactive|lakeandbake has 120 seconds left.
|
|t:|1758248744
|teamsize|p1|6
|teamsize|p2|6
|start
|switch|p1a: Zamazenta|Zamazenta|100/100
|switch|p2a: More spikes please|Samurott-Hisui, F|100/100
|-ability|p1a: Zamazenta|Dauntless Shield|boost
|-boost|p1a: Zamazenta|def|1
|turn|1
|
|t:|1758248751
|move|p1a: Zamazenta|Body Press|p2a: More spikes please
|-supereffective|p2a: More spikes please
|-crit|p2a: More spikes please
|-enditem|p2a: More spikes please|Focus Sash
|-damage|p2a: More spikes please|1/100
|move|p2a: More spikes please|Knock Off|p1a: Zamazenta
|-resisted|p1a: Zamazenta
|-damage|p1a: Zamazenta|88/100
|-enditem|p1a: Zamazenta|Leftovers|[from] move: Knock Off|[of] p2a: More spikes please
|
|upkeep
|turn|2
|
|t:|1758248769
|switch|p2a: Protagonist|Corviknight, M|100/100
|-ability|p2a: Protagonist|Pressure
|move|p1a: Zamazenta|Body Press|p2a: Protagonist
|-damage|p2a: Protagonist|66/100
|-damage|p1a: Zamazenta|72/100|[from] item: Rocky Helmet|[of] p2a: Protagonist
|
|upkeep
|turn|3
|
|t:|1758248783
|move|p1a: Zamazenta|Iron Defense|p1a: Zamazenta
|-boost|p1a: Zamazenta|def|2
|move|p2a: Protagonist|Roost|p2a: Protagonist
|-heal|p2a: Protagonist|100/100
|-singleturn|p2a: Protagonist|move: Roost
|
|upkeep
|turn|4
|
|t:|1758248789
|move|p1a: Zamazenta|Iron Defense|p1a: Zamazenta
|-boost|p1a: Zamazenta|def|2
|move|p2a: Protagonist|U-turn|p1a: Zamazenta
|-resisted|p1a: Zamazenta
|-damage|p1a: Zamazenta|70/100
|
|t:|1758248792
|switch|p2a: Clank CLANK CLANK|Iron Valiant|100/100|[from] U-turn
|-enditem|p2a: Clank CLANK CLANK|Booster Energy
|-activate|p2a: Clank CLANK CLANK|ability: Quark Drive|[fromitem]
|-start|p2a: Clank CLANK CLANK|quarkdrivespe
|
|upkeep
|turn|5
|
|t:|1758248805
|switch|p1a: Hatterene|Hatterene, F|100/100
|-terastallize|p2a: Clank CLANK CLANK|Fairy
|move|p2a: Clank CLANK CLANK|Moonblast|p1a: Hatterene
|-crit|p1a: Hatterene
|-damage|p1a: Hatterene|41/100
|
|upkeep
|turn|6
|
|t:|1758248821
|move|p2a: Clank CLANK CLANK|Moonblast|p1a: Hatterene
|-damage|p1a: Hatterene|5/100
|move|p1a: Hatterene|Draining Kiss|p2a: Clank CLANK CLANK
|-damage|p2a: Clank CLANK CLANK|44/100
|-heal|p1a: Hatterene|44/100|[from] drain|[of] p2a: Clank CLANK CLANK
|
|upkeep
|turn|7
|
|t:|1758248831
|-end|p2a: Clank CLANK CLANK|Quark Drive|[silent]
|switch|p2a: More spikes please|Samurott-Hisui, F|1/100
|move|p1a: Hatterene|Draining Kiss|p2a: More spikes please
|-supereffective|p2a: More spikes please
|-damage|p2a: More spikes please|0 fnt
|-heal|p1a: Hatterene|44/100|[from] drain|[of] p2a: More spikes please
|faint|p2a: More spikes please
|
|upkeep
|
|t:|1758248842
|switch|p2a: Copper Golem|Garganacl, M|100/100
|turn|8
|
|t:|1758248849
|switch|p1a: Landorus|Landorus-Therian, M|100/100
|-ability|p1a: Landorus|Intimidate|boost
|-unboost|p2a: Copper Golem|atk|1
|move|p2a: Copper Golem|Salt Cure|p1a: Landorus
|-damage|p1a: Landorus|91/100
|-start|p1a: Landorus|Salt Cure
|
|-damage|p1a: Landorus|78/100|[from] Salt Cure
|upkeep
|turn|9
|
|t:|1758248861
|switch|p1a: Hatterene|Hatterene, F|44/100
|switch|p2a: Protagonist|Corviknight, M|100/100
|-ability|p2a: Protagonist|Pressure
|
|upkeep
|turn|10
|
|t:|1758248874
|switch|p1a: Landorus|Landorus-Therian, M|78/100
|-ability|p1a: Landorus|Intimidate|boost
|-unboost|p2a: Protagonist|atk|1
|move|p2a: Protagonist|U-turn|p1a: Landorus
|-resisted|p1a: Landorus
|-damage|p1a: Landorus|74/100
|-damage|p2a: Protagonist|84/100|[from] item: Rocky Helmet|[of] p1a: Landorus
|
|t:|1758248891
|switch|p2a: Clank CLANK CLANK|Iron Valiant, tera:Fairy|44/100|[from] U-turn
|
|upkeep
|turn|11
|
|t:|1758248899
|move|p2a: Clank CLANK CLANK|Moonblast|p1a: Landorus
|-damage|p1a: Landorus|8/100
|move|p1a: Landorus|Stealth Rock|p2a: Clank CLANK CLANK
|-sidestart|p2: potatoeman3000|move: Stealth Rock
|
|upkeep
|turn|12
|
|t:|1758248911
|move|p2a: Clank CLANK CLANK|Moonblast|p1a: Landorus
|-damage|p1a: Landorus|0 fnt
|faint|p1a: Landorus
|
|upkeep
|
|t:|1758248924
|switch|p1a: Hatterene|Hatterene, F|44/100
|turn|13
|
|t:|1758248931
|-end|p2a: Clank CLANK CLANK|Quark Drive|[silent]
|switch|p2a: Protagonist|Corviknight, M|84/100
|-damage|p2a: Protagonist|72/100|[from] Stealth Rock
|-ability|p2a: Protagonist|Pressure
|move|p1a: Hatterene|Mystical Fire|p2a: Protagonist
|-supereffective|p2a: Protagonist
|-damage|p2a: Protagonist|17/100
|-unboost|p2a: Protagonist|spa|1
|
|upkeep
|turn|14
|
|t:|1758248940
|move|p2a: Protagonist|Defog|p1a: Hatterene
|move|p1a: Hatterene|Defog|p2a: Protagonist|[from] ability: Magic Bounce
|-unboost|p2a: Protagonist|evasion|1
|-sideend|p2: potatoeman3000|Stealth Rock|[from] move: Defog|[of] p1a: Hatterene
|move|p1a: Hatterene|Mystical Fire|p2a: Protagonist
|-supereffective|p2a: Protagonist
|-damage|p2a: Protagonist|0 fnt
|faint|p2a: Protagonist
|
|upkeep
|
|t:|1758248950
|switch|p2a: Copper Golem|Garganacl, M|100/100
|turn|15
|-message|lakeandbake forfeited.
|
|win|potatoeman3000
|raw|lakeandbake's rating: 1403 &rarr; <strong>1379</strong><br />(-24 for losing)
|raw|potatoeman3000's rating: 1328 &rarr; <strong>1352</strong><br />(+24 for winning)
