|j|☆purestyle
|j|☆Trumpismessiah
|t:|1758244205
|gametype|singles
|player|p1|purestyle|265|1353
|player|p2|Trumpismessiah|102|1359
|gen|9
|tier|[Gen 9] OU
|rated|
|rule|HP Percentage Mod: HP is shown in percentages
|rule|Endless Battle Clause: Forcing endless battles is banned
|rule|Species Clause: Limit one of each Pokémon
|rule|OHKO Clause: OHKO moves are banned
|rule|Evasion Items Clause: Evasion items are banned
|rule|Evasion Moves Clause: Evasion moves are banned
|rule|Evasion Abilities Clause: Evasion abilities are banned
|rule|Sleep Moves Clause: Sleep-inducing moves are banned
|clearpoke
|poke|p1|Skeledirge, M|
|poke|p1|Ursaluna, F|
|poke|p1|Quaquaval, M|
|poke|p1|Weezing-Galar, F|
|poke|p1|Kyurem|
|poke|p1|Vikavolt, M|
|poke|p2|Snorlax, F|
|poke|p2|Gengar, F|
|poke|p2|Moltres|
|poke|p2|Vileplume, F|
|poke|p2|Vaporeon, F|
|poke|p2|Tauros, M|
|teampreview
|inactive|Battle timer is ON: inactive players will automatically lose when time's up. (requested by Trumpismessiah)
|
|t:|1758244213
|teamsize|p1|6
|teamsize|p2|6
|start
|switch|p1a: Vikavolt|Vikavolt, M|100/100
|switch|p2a: Gengar|Gengar, F|100/100
|turn|1
|
|t:|1758244219
|move|p2a: Gengar|Sludge Wave|p1a: Vikavolt
|-damage|p1a: Vikavolt|37/100
|move|p1a: Vikavolt|Sticky Web|p2a: Gengar
|-sidestart|p2: Trumpismessiah|move: Sticky Web
|
|upkeep
|turn|2
|
|t:|1758244231
|switch|p1a: Ursaluna|Ursaluna, F|100/100
|move|p2a: Gengar|Shadow Ball|p1a: Ursaluna
|-immune|p1a: Ursaluna
|
|upkeep
|turn|3
|
|t:|1758244238
|move|p2a: Gengar|Focus Blast|p1a: Ursaluna|[miss]
|-miss|p2a: Gengar|p1a: Ursaluna
|move|p1a: Ursaluna|Bulk Up|p1a: Ursaluna
|-boost|p1a: Ursaluna|atk|1
|-boost|p1a: Ursaluna|def|1
|
|upkeep
|turn|4
|
|t:|1758244250
|-terastallize|p1a: Ursaluna|Ghost
|move|p2a: Gengar|Focus Blast|p1a: Ursaluna
|-immune|p1a: Ursaluna
|move|p1a: Ursaluna|Earthquake|p2a: Gengar
|-supereffective|p2a: Gengar
|-enditem|p2a: Gengar|Focus Sash
|-damage|p2a: Gengar|1/100
|-start|p1a: Ursaluna|Disable|Earthquake|[from] ability: Cursed Body|[of] p2a: Gengar
|
|upkeep
|turn|5
|
|t:|1758244261
|move|p2a: Gengar|Shadow Ball|p1a: Ursaluna
|-supereffective|p1a: Ursaluna
|-damage|p1a: Ursaluna|47/100
|-unboost|p1a: Ursaluna|spd|1
|move|p1a: Ursaluna|Bulk Up|p1a: Ursaluna
|-boost|p1a: Ursaluna|atk|1
|-boost|p1a: Ursaluna|def|1
|
|-heal|p1a: Ursaluna|53/100|[from] item: Leftovers
|upkeep
|turn|6
|
|t:|1758244275
|switch|p1a: Vikavolt|Vikavolt, M|37/100
|move|p2a: Gengar|Shadow Ball|p1a: Vikavolt
|-damage|p1a: Vikavolt|0 fnt
|faint|p1a: Vikavolt
|
|upkeep
|
|t:|1758244282
|switch|p1a: Quaquaval|Quaquaval, M|100/100
|turn|7
|
|t:|1758244286
|switch|p2a: Vileplume|Vileplume, F|100/100
|-activate|p2a: Vileplume|move: Sticky Web
|-unboost|p2a: Vileplume|spe|1
|move|p1a: Quaquaval|Aqua Jet|p2a: Vileplume
|-resisted|p2a: Vileplume
|-damage|p2a: Vileplume|92/100
|-damage|p1a: Quaquaval|84/100|[from] item: Rocky Helmet|[of] p2a: Vileplume
|-status|p1a: Quaquaval|par|[from] ability: Effect Spore|[of] p2a: Vileplume
|
|upkeep
|turn|8
|
|t:|1758244298
|move|p1a: Quaquaval|Ice Spinner|p2a: Vileplume
|-supereffective|p2a: Vileplume
|-damage|p2a: Vileplume|53/100
|-damage|p1a: Quaquaval|68/100 par|[from] item: Rocky Helmet|[of] p2a: Vileplume
|move|p2a: Vileplume|Leech Seed|p1a: Quaquaval
|-start|p1a: Quaquaval|move: Leech Seed
|
|-damage|p1a: Quaquaval|55/100 par|[from] Leech Seed|[of] p2a: Vileplume
|-heal|p2a: Vileplume|64/100|[silent]
|upkeep
|turn|9
|
|t:|1758244308
|switch|p1a: Skeledirge|Skeledirge, M|100/100
|move|p2a: Vileplume|Strength Sap|p1a: Skeledirge
|-unboost|p1a: Skeledirge|atk|1
|-heal|p2a: Vileplume|100/100
|
|upkeep
|turn|10
|
|t:|1758244318
|switch|p2a: Tauros|Tauros, M|100/100
|-activate|p2a: Tauros|move: Sticky Web
|-unboost|p2a: Tauros|spe|1
|move|p1a: Skeledirge|Will-O-Wisp|p2a: Tauros|[miss]
|-miss|p1a: Skeledirge|p2a: Tauros
|
|upkeep
|turn|11
|
|t:|1758244326
|move|p2a: Tauros|Throat Chop|p1a: Skeledirge
|-supereffective|p1a: Skeledirge
|-damage|p1a: Skeledirge|44/100
|move|p1a: Skeledirge|Will-O-Wisp|p2a: Tauros
|-status|p2a: Tauros|brn
|
|-heal|p1a: Skeledirge|50/100|[from] item: Leftovers
|-damage|p2a: Tauros|94/100 brn|[from] brn
|upkeep
|turn|12
|
|t:|1758244336
|move|p2a: Tauros|Throat Chop|p1a: Skeledirge
|-supereffective|p1a: Skeledirge
|-damage|p1a: Skeledirge|23/100
|move|p1a: Skeledirge|Slack Off|p1a: Skeledirge
|-heal|p1a: Skeledirge|73/100
|
|-heal|p1a: Skeledirge|79/100|[from] item: Leftovers
|-damage|p2a: Tauros|88/100 brn|[from] brn
|upkeep
|turn|13
|
|t:|1758244345
|switch|p2a: Vaporeon|Vaporeon, F|100/100
|-activate|p2a: Vaporeon|move: Sticky Web
|-unboost|p2a: Vaporeon|spe|1
|move|p1a: Skeledirge|Torch Song|p2a: Vaporeon
|-resisted|p2a: Vaporeon
|-damage|p2a: Vaporeon|93/100
|-boost|p1a: Skeledirge|spa|1
|
|-heal|p1a: Skeledirge|86/100|[from] item: Leftovers
|-heal|p2a: Vaporeon|99/100|[from] item: Leftovers
|upkeep
|turn|14
|
|t:|1758244364
|switch|p1a: Quaquaval|Quaquaval, M|55/100 par
|move|p2a: Vaporeon|Scald|p1a: Quaquaval
|-resisted|p1a: Quaquaval
|-damage|p1a: Quaquaval|41/100 par
|
|-heal|p2a: Vaporeon|100/100|[from] item: Leftovers
|upkeep
|turn|15
|
|t:|1758244372
|move|p2a: Vaporeon|Protect|p2a: Vaporeon
|-singleturn|p2a: Vaporeon|Protect
|cant|p1a: Quaquaval|par
|
|upkeep
|turn|16
|
|t:|1758244380
|switch|p2a: Vileplume|Vileplume, F|100/100
|-activate|p2a: Vileplume|move: Sticky Web
|-unboost|p2a: Vileplume|spe|1
|move|p1a: Quaquaval|Aqua Step|p2a: Vileplume
|-resisted|p2a: Vileplume
|-damage|p2a: Vileplume|84/100
|-boost|p1a: Quaquaval|spe|1
|-damage|p1a: Quaquaval|24/100 par|[from] item: Rocky Helmet|[of] p2a: Vileplume
|
|upkeep
|turn|17
|
|t:|1758244390
|move|p1a: Quaquaval|Ice Spinner|p2a: Vileplume
|-supereffective|p2a: Vileplume
|-damage|p2a: Vileplume|40/100
|-damage|p1a: Quaquaval|8/100 par|[from] item: Rocky Helmet|[of] p2a: Vileplume
|move|p2a: Vileplume|Strength Sap|p1a: Quaquaval
|-unboost|p1a: Quaquaval|atk|1
|-heal|p2a: Vileplume|100/100
|
|upkeep
|turn|18
|
|t:|1758244399
|move|p1a: Quaquaval|Ice Spinner|p2a: Vileplume
|-supereffective|p2a: Vileplume
|-damage|p2a: Vileplume|75/100
|-damage|p1a: Quaquaval|0 fnt|[from] item: Rocky Helmet|[of] p2a: Vileplume
|faint|p1a: Quaquaval
|move|p2a: Vileplume|Strength Sap|p1: Quaquaval|[notarget]
|-fail|p2a: Vileplume
|
|upkeep
|
|t:|1758244412
|switch|p1a: Skeledirge|Skeledirge, M|86/100
|turn|19
|
|t:|1758244417
|switch|p2a: Vaporeon|Vaporeon, F|100/100
|-activate|p2a: Vaporeon|move: Sticky Web
|-unboost|p2a: Vaporeon|spe|1
|move|p1a: Skeledirge|Torch Song|p2a: Vaporeon
|-resisted|p2a: Vaporeon
|-damage|p2a: Vaporeon|92/100
|-boost|p1a: Skeledirge|spa|1
|
|-heal|p1a: Skeledirge|92/100|[from] item: Leftovers
|-heal|p2a: Vaporeon|98/100|[from] item: Leftovers
|upkeep
|turn|20
|
|t:|1758244435
|switch|p1a: Kyurem|Kyurem|100/100
|-ability|p1a: Kyurem|Pressure
|move|p2a: Vaporeon|Scald|p1a: Kyurem
|-resisted|p1a: Kyurem
|-damage|p1a: Kyurem|93/100
|
|-heal|p2a: Vaporeon|100/100|[from] item: Leftovers
|upkeep
|turn|21
|
|t:|1758244445
|move|p1a: Kyurem|Freeze-Dry|p2a: Vaporeon
|-supereffective|p2a: Vaporeon
|-damage|p2a: Vaporeon|54/100
|move|p2a: Vaporeon|Scald|p1a: Kyurem
|-resisted|p1a: Kyurem
|-damage|p1a: Kyurem|84/100
|
|-heal|p2a: Vaporeon|60/100|[from] item: Leftovers
|upkeep
|turn|22
|
|t:|1758244455
|move|p2a: Vaporeon|Protect|p2a: Vaporeon
|-singleturn|p2a: Vaporeon|Protect
|move|p1a: Kyurem|Draco Meteor|p2a: Vaporeon
|-activate|p2a: Vaporeon|move: Protect
|
|-heal|p2a: Vaporeon|66/100|[from] item: Leftovers
|upkeep
|turn|23
|
|t:|1758244463
|move|p1a: Kyurem|Freeze-Dry|p2a: Vaporeon
|-supereffective|p2a: Vaporeon
|-damage|p2a: Vaporeon|19/100
|move|p2a: Vaporeon|Wish|p2a: Vaporeon
|
|-heal|p2a: Vaporeon|26/100|[from] item: Leftovers
|upkeep
|turn|24
|
|t:|1758244472
|switch|p1a: Weezing|Weezing-Galar, F|100/100
|move|p2a: Vaporeon|Protect||[still]
|-fail|p2a: Vaporeon
|
|-heal|p2a: Vaporeon|76/100|[from] move: Wish|[wisher] Vaporeon
|-heal|p2a: Vaporeon|82/100|[from] item: Leftovers
|upkeep
|turn|25
|
|t:|1758244483
|move|p2a: Vaporeon|Protect|p2a: Vaporeon
|-singleturn|p2a: Vaporeon|Protect
|move|p1a: Weezing|Strange Steam|p2a: Vaporeon
|-activate|p2a: Vaporeon|move: Protect
|
|-heal|p2a: Vaporeon|88/100|[from] item: Leftovers
|upkeep
|turn|26
|
|t:|1758244490
|switch|p2a: Tauros|Tauros, M|88/100 brn
|-activate|p2a: Tauros|move: Sticky Web
|-unboost|p2a: Tauros|spe|1
|move|p1a: Weezing|Strange Steam|p2a: Tauros
|-damage|p2a: Tauros|24/100 brn
|
|-damage|p2a: Tauros|18/100 brn|[from] brn
|upkeep
|turn|27
|
|t:|1758244500
|move|p2a: Tauros|Body Slam|p1a: Weezing
|-damage|p1a: Weezing|70/100
|move|p1a: Weezing|Sludge Bomb|p2a: Tauros
|-damage|p2a: Tauros|0 fnt
|faint|p2a: Tauros
|
|upkeep
|
|t:|1758244509
|switch|p2a: Gengar|Gengar, F|1/100
|-activate|p2a: Gengar|move: Sticky Web
|-unboost|p2a: Gengar|spe|1
|turn|28
|
|t:|1758244537
|move|p2a: Gengar|Sludge Wave|p1a: Weezing
|-damage|p1a: Weezing|8/100
|move|p1a: Weezing|Strange Steam|p2a: Gengar
|-resisted|p2a: Gengar
|-damage|p2a: Gengar|0 fnt
|-start|p1a: Weezing|Disable|Strange Steam|[from] ability: Cursed Body|[of] p2a: Gengar
|faint|p2a: Gengar
|
|upkeep
|
|t:|1758244545
|switch|p2a: Moltres|Moltres|100/100
|turn|29
|
|t:|1758244549
|move|p2a: Moltres|Flamethrower|p1a: Weezing
|-damage|p1a: Weezing|0 fnt
|faint|p1a: Weezing
|
|upkeep
|
|t:|1758244555
|switch|p1a: Ursaluna|Ursaluna, F, tera:Ghost|53/100
|turn|30
|
|t:|1758244560
|move|p2a: Moltres|Flamethrower|p1a: Ursaluna
|-damage|p1a: Ursaluna|30/100
|move|p1a: Ursaluna|Body Slam|p2a: Moltres
|-damage|p2a: Moltres|73/100
|
|-heal|p1a: Ursaluna|36/100|[from] item: Leftovers
|upkeep
|turn|31
|
|t:|1758244569
|move|p2a: Moltres|Flamethrower|p1a: Ursaluna
|-damage|p1a: Ursaluna|13/100
|move|p1a: Ursaluna|Body Slam|p2a: Moltres
|-damage|p2a: Moltres|47/100
|-status|p2a: Moltres|par
|-status|p1a: Ursaluna|brn|[from] ability: Flame Body|[of] p2a: Moltres
|
|-heal|p1a: Ursaluna|19/100 brn|[from] item: Leftovers
|-damage|p1a: Ursaluna|13/100 brn|[from] brn
|upkeep
|turn|32
|
|t:|1758244581
|move|p1a: Ursaluna|Body Slam|p2a: Moltres
|-damage|p2a: Moltres|9/100 par
|move|p2a: Moltres|Flamethrower|p1a: Ursaluna
|-damage|p1a: Ursaluna|0 fnt
|faint|p1a: Ursaluna
|
|upkeep
|
|t:|1758244591
|switch|p1a: Skeledirge|Skeledirge, M|92/100
|turn|33
|
|t:|1758244595
|move|p1a: Skeledirge|Torch Song|p2a: Moltres
|-resisted|p2a: Moltres
|-damage|p2a: Moltres|0 fnt
|-boost|p1a: Skeledirge|spa|1
|faint|p2a: Moltres
|
|-heal|p1a: Skeledirge|98/100|[from] item: Leftovers
|upkeep
|
|t:|1758244597
|switch|p2a: Vaporeon|Vaporeon, F|88/100
|-activate|p2a: Vaporeon|move: Sticky Web
|-unboost|p2a: Vaporeon|spe|1
|turn|34
|
|t:|1758244607
|move|p2a: Vaporeon|Protect|p2a: Vaporeon
|-singleturn|p2a: Vaporeon|Protect
|move|p1a: Skeledirge|Will-O-Wisp|p2a: Vaporeon
|-activate|p2a: Vaporeon|move: Protect
|
|-heal|p1a: Skeledirge|100/100|[from] item: Leftovers
|-heal|p2a: Vaporeon|94/100|[from] item: Leftovers
|upkeep
|turn|35
|
|t:|1758244616
|move|p1a: Skeledirge|Will-O-Wisp|p2a: Vaporeon
|-status|p2a: Vaporeon|brn
|move|p2a: Vaporeon|Scald|p1a: Skeledirge
|-supereffective|p1a: Skeledirge
|-damage|p1a: Skeledirge|37/100
|
|-heal|p1a: Skeledirge|43/100|[from] item: Leftovers
|-heal|p2a: Vaporeon|100/100 brn|[from] item: Leftovers
|-damage|p2a: Vaporeon|94/100 brn|[from] brn
|upkeep
|turn|36
|
|t:|1758244628
|move|p1a: Skeledirge|Hex|p2a: Vaporeon
|-damage|p2a: Vaporeon|55/100 brn
|move|p2a: Vaporeon|Shadow Ball|p1a: Skeledirge
|-supereffective|p1a: Skeledirge
|-damage|p1a: Skeledirge|2/100
|
|-heal|p1a: Skeledirge|9/100|[from] item: Leftovers
|-heal|p2a: Vaporeon|61/100 brn|[from] item: Leftovers
|-damage|p2a: Vaporeon|55/100 brn|[from] brn
|upkeep
|turn|37
|
|t:|1758244639
|move|p1a: Skeledirge|Slack Off|p1a: Skeledirge
|-heal|p1a: Skeledirge|59/100
|move|p2a: Vaporeon|Scald|p1a: Skeledirge
|-supereffective|p1a: Skeledirge
|-crit|p1a: Skeledirge
|-damage|p1a: Skeledirge|0 fnt
|faint|p1a: Skeledirge
|
|-heal|p2a: Vaporeon|61/100 brn|[from] item: Leftovers
|-damage|p2a: Vaporeon|55/100 brn|[from] brn
|upkeep
|
|t:|1758244651
|switch|p1a: Kyurem|Kyurem|84/100
|-ability|p1a: Kyurem|Pressure
|turn|38
|
|t:|1758244656
|-terastallize|p2a: Vaporeon|Ghost
|move|p1a: Kyurem|Freeze-Dry|p2a: Vaporeon
|-damage|p2a: Vaporeon|31/100 brn
|move|p2a: Vaporeon|Wish|p2a: Vaporeon
|
|-heal|p2a: Vaporeon|38/100 brn|[from] item: Leftovers
|-damage|p2a: Vaporeon|31/100 brn|[from] brn
|upkeep
|turn|39
|
|t:|1758244666
|move|p2a: Vaporeon|Protect|p2a: Vaporeon
|-singleturn|p2a: Vaporeon|Protect
|move|p1a: Kyurem|Draco Meteor|p2a: Vaporeon
|-activate|p2a: Vaporeon|move: Protect
|
|-heal|p2a: Vaporeon|81/100 brn|[from] move: Wish|[wisher] Vaporeon
|-heal|p2a: Vaporeon|88/100 brn|[from] item: Leftovers
|-damage|p2a: Vaporeon|81/100 brn|[from] brn
|upkeep
|turn|40
|
|t:|1758244678
|move|p1a: Kyurem|Flash Cannon|p2a: Vaporeon
|-damage|p2a: Vaporeon|64/100 brn
|move|p2a: Vaporeon|Wish|p2a: Vaporeon
|
|-heal|p2a: Vaporeon|71/100 brn|[from] item: Leftovers
|-damage|p2a: Vaporeon|64/100 brn|[from] brn
|upkeep
|turn|41
|
|t:|1758244687
|move|p2a: Vaporeon|Protect|p2a: Vaporeon
|-singleturn|p2a: Vaporeon|Protect
|move|p1a: Kyurem|Freeze-Dry|p2a: Vaporeon
|-activate|p2a: Vaporeon|move: Protect
|
|-heal|p2a: Vaporeon|100/100 brn|[from] move: Wish|[wisher] Vaporeon
|-damage|p2a: Vaporeon|94/100 brn|[from] brn
|upkeep
|turn|42
|
|t:|1758244700
|move|p1a: Kyurem|Draco Meteor|p2a: Vaporeon
|-damage|p2a: Vaporeon|55/100 brn
|-unboost|p1a: Kyurem|spa|2
|move|p2a: Vaporeon|Wish|p2a: Vaporeon
|
|-heal|p2a: Vaporeon|61/100 brn|[from] item: Leftovers
|-damage|p2a: Vaporeon|55/100 brn|[from] brn
|upkeep
|turn|43
|
|t:|1758244710
|move|p1a: Kyurem|Earth Power|p2a: Vaporeon
|-damage|p2a: Vaporeon|46/100 brn
|move|p2a: Vaporeon|Shadow Ball|p1a: Kyurem
|-damage|p1a: Kyurem|68/100
|
|-heal|p2a: Vaporeon|96/100 brn|[from] move: Wish|[wisher] Vaporeon
|-heal|p2a: Vaporeon|100/100 brn|[from] item: Leftovers
|-damage|p2a: Vaporeon|94/100 brn|[from] brn
|upkeep
|turn|44
|-message|purestyle forfeited.
|
|win|Trumpismessiah
|raw|purestyle's rating: 1353 &rarr; <strong>1333</strong><br />(-20 for losing)
|raw|Trumpismessiah's rating: 1359 &rarr; <strong>1379</strong><br />(+20 for winning)
|l|☆purestyle
|player|p1|
