|j|☆jlce
|j|☆Jtrain09
|t:|1758243702
|gametype|singles
|player|p1|jlce|266|1448
|player|p2|Jtrain09|infielder|1436
|gen|9
|tier|[Gen 9] OU
|rated|
|rule|HP Percentage Mod: HP is shown in percentages
|rule|Endless Battle Clause: Forcing endless battles is banned
|rule|Species Clause: Limit one of each Pokémon
|rule|OHKO Clause: OHKO moves are banned
|rule|Evasion Items Clause: Evasion items are banned
|rule|Evasion Moves Clause: Evasion moves are banned
|rule|Evasion Abilities Clause: Evasion abilities are banned
|rule|Sleep Moves Clause: Sleep-inducing moves are banned
|clearpoke
|poke|p1|Weavile, M|
|poke|p1|Samurott-Hisui, F|
|poke|p1|Hydreigon, M|
|poke|p1|Tentacruel, F|
|poke|p1|Sinistcha|
|poke|p1|Skeledirge, M|
|poke|p2|Dragonite, F|
|poke|p2|Gliscor, M|
|poke|p2|Keldeo|
|poke|p2|Sinistcha|
|poke|p2|Ting-Lu|
|poke|p2|Tinkaton, F|
|teampreview
|
|t:|1758243706
|teamsize|p1|6
|teamsize|p2|6
|start
|switch|p1a: Samurott|Samurott-Hisui, F|100/100
|switch|p2a: Tinkaton|Tinkaton, F|100/100
|-ability|p2a: Tinkaton|Mold Breaker
|-item|p2a: Tinkaton|Air Balloon
|turn|1
|inactive|Battle timer is ON: inactive players will automatically lose when time's up. (requested by Jtrain09)
|
|t:|1758243716
|move|p2a: Tinkaton|Thunder Wave|p1a: Samurott
|-status|p1a: Samurott|par
|move|p1a: Samurott|Flip Turn|p2a: Tinkaton
|-crit|p2a: Tinkaton
|-damage|p2a: Tinkaton|51/100
|-enditem|p2a: Tinkaton|Air Balloon
|
|t:|1758243730
|switch|p1a: Hydreigon|Hydreigon, M|100/100|[from] Flip Turn
|
|upkeep
|turn|2
|
|t:|1758243748
|switch|p2a: Gliscor|Gliscor, M|100/100
|move|p1a: Hydreigon|Earth Power|p2a: Gliscor
|-immune|p2a: Gliscor
|
|-status|p2a: Gliscor|tox|[from] item: Toxic Orb
|upkeep
|turn|3
|
|t:|1758243755
|switch|p1a: Samurott|Samurott-Hisui, F|100/100 par
|move|p2a: Gliscor|Knock Off|p1a: Samurott
|-resisted|p1a: Samurott
|-damage|p1a: Samurott|87/100 par
|-enditem|p1a: Samurott|Focus Sash|[from] move: Knock Off|[of] p2a: Gliscor
|
|upkeep
|turn|4
|
|t:|1758243770
|switch|p2a: Tinkaton|Tinkaton, F|51/100
|-ability|p2a: Tinkaton|Mold Breaker
|cant|p1a: Samurott|par
|
|upkeep
|turn|5
|
|t:|1758243777
|move|p2a: Tinkaton|Stealth Rock|p1a: Samurott
|-sidestart|p1: jlce|move: Stealth Rock
|move|p1a: Samurott|Ceaseless Edge|p2a: Tinkaton
|-resisted|p2a: Tinkaton
|-damage|p2a: Tinkaton|26/100
|-sidestart|p2: Jtrain09|Spikes
|
|upkeep
|turn|6
|
|t:|1758243792
|switch|p2a: Keldeo|Keldeo|100/100
|move|p1a: Samurott|Ceaseless Edge|p2a: Keldeo
|-resisted|p2a: Keldeo
|-damage|p2a: Keldeo|74/100
|-ability|p2a: Keldeo|Justified|boost
|-boost|p2a: Keldeo|atk|1
|-sidestart|p2: Jtrain09|Spikes
|
|upkeep
|turn|7
|
|t:|1758243798
|switch|p1a: Tentacruel|Tentacruel, F|100/100
|move|p2a: Keldeo|Flip Turn|p1a: Tentacruel
|-resisted|p1a: Tentacruel
|-damage|p1a: Tentacruel|86/100
|
|t:|1758243811
|switch|p2a: Gliscor|Gliscor, M|100/100 tox|[from] Flip Turn
|
|upkeep
|turn|8
|
|t:|1758243814
|move|p2a: Gliscor|Knock Off|p1a: Tentacruel
|-damage|p1a: Tentacruel|60/100
|-enditem|p1a: Tentacruel|Heavy-Duty Boots|[from] move: Knock Off|[of] p2a: Gliscor
|move|p1a: Tentacruel|Flip Turn|p2a: Gliscor
|-supereffective|p2a: Gliscor
|-damage|p2a: Gliscor|77/100 tox
|
|t:|1758243822
|switch|p1a: Hydreigon|Hydreigon, M|100/100|[from] Flip Turn
|-damage|p1a: Hydreigon|88/100|[from] Stealth Rock
|
|-heal|p2a: Gliscor|89/100 tox|[from] ability: Poison Heal
|upkeep
|turn|9
|
|t:|1758243830
|move|p1a: Hydreigon|Dark Pulse|p2a: Gliscor
|-damage|p2a: Gliscor|18/100 tox
|move|p2a: Gliscor|Knock Off|p1a: Hydreigon
|-resisted|p1a: Hydreigon
|-damage|p1a: Hydreigon|76/100
|-enditem|p1a: Hydreigon|Choice Specs|[from] move: Knock Off|[of] p2a: Gliscor
|
|-heal|p2a: Gliscor|31/100 tox|[from] ability: Poison Heal
|upkeep
|turn|10
|
|t:|1758243841
|move|p2a: Gliscor|Protect|p2a: Gliscor
|-singleturn|p2a: Gliscor|Protect
|move|p1a: Hydreigon|Dark Pulse|p2a: Gliscor
|-activate|p2a: Gliscor|move: Protect
|
|-heal|p2a: Gliscor|43/100 tox|[from] ability: Poison Heal
|upkeep
|turn|11
|
|t:|1758243852
|switch|p2a: Tinkaton|Tinkaton, F|26/100
|-damage|p2a: Tinkaton|9/100|[from] Spikes
|-ability|p2a: Tinkaton|Mold Breaker
|move|p1a: Hydreigon|Draco Meteor|p2a: Tinkaton
|-immune|p2a: Tinkaton
|
|upkeep
|turn|12
|
|t:|1758243863
|move|p1a: Hydreigon|Dark Pulse|p2a: Tinkaton
|-resisted|p2a: Tinkaton
|-damage|p2a: Tinkaton|0 fnt
|faint|p2a: Tinkaton
|
|upkeep
|
|t:|1758243868
|switch|p2a: Keldeo|Keldeo|74/100
|turn|13
|
|t:|1758243876
|switch|p1a: Tentacruel|Tentacruel, F|60/100
|-damage|p1a: Tentacruel|47/100|[from] Stealth Rock
|move|p2a: Keldeo|Aura Sphere|p1a: Tentacruel
|-resisted|p1a: Tentacruel
|-damage|p1a: Tentacruel|35/100
|
|upkeep
|turn|14
|
|t:|1758243887
|move|p2a: Keldeo|Flip Turn|p1a: Tentacruel
|-resisted|p1a: Tentacruel
|-damage|p1a: Tentacruel|25/100
|
|t:|1758243890
|switch|p2a: Sinistcha|Sinistcha|100/100|[from] Flip Turn
|move|p1a: Tentacruel|Rapid Spin|p2a: Sinistcha
|-immune|p2a: Sinistcha
|
|upkeep
|turn|15
|
|t:|1758243900
|move|p1a: Tentacruel|Toxic Spikes|p2a: Sinistcha
|-sidestart|p2: Jtrain09|move: Toxic Spikes
|move|p2a: Sinistcha|Matcha Gotcha|p1a: Tentacruel
|-damage|p1a: Tentacruel|5/100
|-damage|p2a: Sinistcha|90/100|[from] ability: Liquid Ooze|[of] p1a: Tentacruel
|-status|p1a: Tentacruel|brn
|
|-damage|p1a: Tentacruel|0 fnt|[from] brn
|faint|p1a: Tentacruel
|upkeep
|
|t:|1758243906
|switch|p1a: Samurott|Samurott-Hisui, F|87/100 par
|-damage|p1a: Samurott|75/100 par|[from] Stealth Rock
|turn|16
|
|t:|1758243912
|move|p2a: Sinistcha|Matcha Gotcha|p1a: Samurott
|-supereffective|p1a: Samurott
|-damage|p1a: Samurott|0 fnt
|-heal|p2a: Sinistcha|100/100|[from] drain|[of] p1a: Samurott
|faint|p1a: Samurott
|
|upkeep
|
|t:|1758243915
|switch|p1a: Hydreigon|Hydreigon, M|76/100
|-damage|p1a: Hydreigon|64/100|[from] Stealth Rock
|turn|17
|inactive|Jtrain09 has 120 seconds left.
|
|t:|1758243960
|switch|p2a: Ting-Lu|Ting-Lu|100/100
|-damage|p2a: Ting-Lu|84/100|[from] Spikes
|-status|p2a: Ting-Lu|psn
|-ability|p2a: Ting-Lu|Vessel of Ruin
|move|p1a: Hydreigon|Dark Pulse|p2a: Ting-Lu
|-resisted|p2a: Ting-Lu
|-damage|p2a: Ting-Lu|75/100 psn
|
|-heal|p2a: Ting-Lu|81/100 psn|[from] item: Leftovers
|-damage|p2a: Ting-Lu|69/100 psn|[from] psn
|upkeep
|turn|18
|
|t:|1758243978
|switch|p1a: Sinistcha|Sinistcha|100/100
|-damage|p1a: Sinistcha|88/100|[from] Stealth Rock
|move|p2a: Ting-Lu|Whirlwind|p1a: Sinistcha
|drag|p1a: Weavile|Weavile, M|100/100
|-damage|p1a: Weavile|76/100|[from] Stealth Rock
|
|-heal|p2a: Ting-Lu|75/100 psn|[from] item: Leftovers
|-damage|p2a: Ting-Lu|63/100 psn|[from] psn
|upkeep
|turn|19
|
|t:|1758243998
|move|p1a: Weavile|Triple Axel|p2a: Ting-Lu
|-supereffective|p2a: Ting-Lu
|-damage|p2a: Ting-Lu|49/100 psn
|-supereffective|p2a: Ting-Lu
|-damage|p2a: Ting-Lu|22/100 psn
|-supereffective|p2a: Ting-Lu
|-damage|p2a: Ting-Lu|0 fnt
|faint|p2a: Ting-Lu
|-hitcount|p2: Ting-Lu|3
|-damage|p1a: Weavile|66/100|[from] item: Life Orb
|
|upkeep
|
|t:|1758244001
|switch|p2a: Keldeo|Keldeo|74/100
|turn|20
|
|t:|1758244010
|switch|p1a: Sinistcha|Sinistcha|88/100
|-damage|p1a: Sinistcha|76/100|[from] Stealth Rock
|move|p2a: Keldeo|Vacuum Wave|p1a: Sinistcha
|-immune|p1a: Sinistcha
|
|-heal|p1a: Sinistcha|82/100|[from] item: Leftovers
|upkeep
|turn|21
|
|t:|1758244016
|move|p2a: Keldeo|Flip Turn|p1a: Sinistcha
|-resisted|p1a: Sinistcha
|-damage|p1a: Sinistcha|77/100
|
|t:|1758244019
|switch|p2a: Dragonite|Dragonite, F|100/100|[from] Flip Turn
|move|p1a: Sinistcha|Hex|p2a: Dragonite
|-damage|p2a: Dragonite|88/100
|
|-heal|p1a: Sinistcha|83/100|[from] item: Leftovers
|upkeep
|turn|22
|
|t:|1758244023
|move|p1a: Sinistcha|Stun Spore|p2a: Dragonite
|-status|p2a: Dragonite|par
|move|p2a: Dragonite|Dragon Tail|p1a: Sinistcha
|-damage|p1a: Sinistcha|59/100
|drag|p1a: Hydreigon|Hydreigon, M|64/100
|-damage|p1a: Hydreigon|52/100|[from] Stealth Rock
|
|upkeep
|turn|23
|inactive|Jtrain09 has 120 seconds left.
|
|t:|1758244050
|move|p2a: Dragonite|Extreme Speed|p1a: Hydreigon
|-damage|p1a: Hydreigon|18/100
|move|p1a: Hydreigon|Draco Meteor|p2a: Dragonite
|-supereffective|p2a: Dragonite
|-damage|p2a: Dragonite|0 fnt
|-unboost|p1a: Hydreigon|spa|2
|faint|p2a: Dragonite
|
|upkeep
|
|t:|1758244063
|switch|p2a: Gliscor|Gliscor, M|43/100 tox
|turn|24
|
|t:|1758244068
|move|p2a: Gliscor|Protect|p2a: Gliscor
|-singleturn|p2a: Gliscor|Protect
|move|p1a: Hydreigon|Draco Meteor|p2a: Gliscor
|-activate|p2a: Gliscor|move: Protect
|
|-heal|p2a: Gliscor|56/100 tox|[from] ability: Poison Heal
|upkeep
|turn|25
|inactive|Jtrain09 has 120 seconds left.
|
|t:|1758244075
|move|p1a: Hydreigon|Draco Meteor|p2a: Gliscor
|-damage|p2a: Gliscor|18/100 tox
|-unboost|p1a: Hydreigon|spa|2
|move|p2a: Gliscor|Facade|p1a: Hydreigon
|-damage|p1a: Hydreigon|0 fnt
|faint|p1a: Hydreigon
|
|-heal|p2a: Gliscor|30/100 tox|[from] ability: Poison Heal
|upkeep
|
|t:|1758244087
|switch|p1a: Weavile|Weavile, M|66/100
|-damage|p1a: Weavile|41/100|[from] Stealth Rock
|turn|26
|
|t:|1758244093
|move|p1a: Weavile|Triple Axel|p2a: Gliscor|[miss]
|-miss|p1a: Weavile|p2a: Gliscor
|move|p2a: Gliscor|Facade|p1a: Weavile
|-damage|p1a: Weavile|0 fnt
|faint|p1a: Weavile
|
|-heal|p2a: Gliscor|43/100 tox|[from] ability: Poison Heal
|upkeep
|
|t:|1758244101
|switch|p1a: Sinistcha|Sinistcha|59/100
|-damage|p1a: Sinistcha|46/100|[from] Stealth Rock
|turn|27
|
|t:|1758244104
|move|p2a: Gliscor|Knock Off|p1a: Sinistcha
|-supereffective|p1a: Sinistcha
|-damage|p1a: Sinistcha|19/100
|-enditem|p1a: Sinistcha|Leftovers|[from] move: Knock Off|[of] p2a: Gliscor
|move|p1a: Sinistcha|Strength Sap|p2a: Gliscor
|-unboost|p2a: Gliscor|atk|1
|-heal|p1a: Sinistcha|85/100
|
|-heal|p2a: Gliscor|55/100 tox|[from] ability: Poison Heal
|upkeep
|turn|28
|inactive|Jtrain09 has 120 seconds left.
|
|t:|1758244135
|switch|p2a: Sinistcha|Sinistcha|100/100
|move|p1a: Sinistcha|Hex|p2a: Sinistcha
|-supereffective|p2a: Sinistcha
|-damage|p2a: Sinistcha|40/100
|
|upkeep
|turn|29
|inactive|Jtrain09 has 120 seconds left.
|
|t:|1758244155
|-terastallize|p2a: Sinistcha|Fairy
|move|p2a: Sinistcha|Shadow Ball|p1a: Sinistcha
|-supereffective|p1a: Sinistcha
|-damage|p1a: Sinistcha|13/100
|move|p1a: Sinistcha|Hex|p2a: Sinistcha
|-damage|p2a: Sinistcha|5/100
|
|upkeep
|turn|30
|
|t:|1758244164
|move|p2a: Sinistcha|Shadow Ball|p1a: Sinistcha
|-supereffective|p1a: Sinistcha
|-damage|p1a: Sinistcha|0 fnt
|faint|p1a: Sinistcha
|
|upkeep
|
|t:|1758244167
|switch|p1a: Skeledirge|Skeledirge, M|100/100
|turn|31
|
|t:|1758244172
|move|p2a: Sinistcha|Shadow Ball|p1a: Skeledirge
|-supereffective|p1a: Skeledirge
|-damage|p1a: Skeledirge|57/100
|move|p1a: Skeledirge|Torch Song|p2a: Sinistcha
|-damage|p2a: Sinistcha|0 fnt
|-boost|p1a: Skeledirge|spa|1
|faint|p2a: Sinistcha
|
|upkeep
|
|t:|1758244181
|switch|p2a: Gliscor|Gliscor, M|55/100 tox
|turn|32
|
|t:|1758244187
|-terastallize|p1a: Skeledirge|Fairy
|move|p2a: Gliscor|Knock Off|p1a: Skeledirge
|-resisted|p1a: Skeledirge
|-damage|p1a: Skeledirge|47/100
|-enditem|p1a: Skeledirge|Heavy-Duty Boots|[from] move: Knock Off|[of] p2a: Gliscor
|move|p1a: Skeledirge|Hex|p2a: Gliscor
|-damage|p2a: Gliscor|0 fnt
|faint|p2a: Gliscor
|
|upkeep
|
|t:|1758244194
|switch|p2a: Keldeo|Keldeo|74/100
|turn|33
|
|t:|1758244198
|move|p2a: Keldeo|Surf|p1a: Skeledirge
|-damage|p1a: Skeledirge|13/100
|move|p1a: Skeledirge|Slack Off|p1a: Skeledirge
|-heal|p1a: Skeledirge|63/100
|
|upkeep
|turn|34
|
|t:|1758244202
|move|p2a: Keldeo|Surf|p1a: Skeledirge
|-damage|p1a: Skeledirge|30/100
|move|p1a: Skeledirge|Slack Off|p1a: Skeledirge
|-heal|p1a: Skeledirge|80/100
|
|upkeep
|turn|35
|
|t:|1758244207
|move|p2a: Keldeo|Surf|p1a: Skeledirge
|-damage|p1a: Skeledirge|45/100
|move|p1a: Skeledirge|Torch Song|p2a: Keldeo
|-resisted|p2a: Keldeo
|-damage|p2a: Keldeo|48/100
|-boost|p1a: Skeledirge|spa|1
|
|upkeep
|turn|36
|
|t:|1758244213
|move|p2a: Keldeo|Surf|p1a: Skeledirge
|-damage|p1a: Skeledirge|11/100
|move|p1a: Skeledirge|Slack Off|p1a: Skeledirge
|-heal|p1a: Skeledirge|62/100
|
|upkeep
|turn|37
|
|t:|1758244220
|move|p2a: Keldeo|Surf|p1a: Skeledirge
|-damage|p1a: Skeledirge|27/100
|move|p1a: Skeledirge|Slack Off|p1a: Skeledirge
|-heal|p1a: Skeledirge|77/100
|
|upkeep
|turn|38
|
|t:|1758244231
|move|p2a: Keldeo|Surf|p1a: Skeledirge
|-damage|p1a: Skeledirge|41/100
|move|p1a: Skeledirge|Slack Off|p1a: Skeledirge
|-heal|p1a: Skeledirge|91/100
|
|upkeep
|turn|39
|
|t:|1758244234
|move|p2a: Keldeo|Surf|p1a: Skeledirge
|-damage|p1a: Skeledirge|58/100
|move|p1a: Skeledirge|Torch Song|p2a: Keldeo
|-resisted|p2a: Keldeo
|-damage|p2a: Keldeo|15/100
|-boost|p1a: Skeledirge|spa|1
|
|upkeep
|turn|40
|
|t:|1758244241
|move|p2a: Keldeo|Surf|p1a: Skeledirge
|-damage|p1a: Skeledirge|24/100
|move|p1a: Skeledirge|Torch Song|p2a: Keldeo
|-resisted|p2a: Keldeo
|-damage|p2a: Keldeo|0 fnt
|-boost|p1a: Skeledirge|spa|1
|faint|p2a: Keldeo
|
|win|jlce
|raw|jlce's rating: 1448 &rarr; <strong>1467</strong><br />(+19 for winning)
|raw|Jtrain09's rating: 1436 &rarr; <strong>1417</strong><br />(-19 for losing)
|l|☆Jtrain09
|player|p2|
|l|☆jlce
|player|p1|
