|j|☆Pahancor
|j|☆scaming4life
|t:|1758257053
|gametype|singles
|player|p1|Pahancor|steven|1453
|player|p2|scaming4life|265|1489
|gen|9
|tier|[Gen 9] OU
|rated|
|rule|HP Percentage Mod: HP is shown in percentages
|rule|Endless Battle Clause: Forcing endless battles is banned
|rule|Species Clause: Limit one of each Pokémon
|rule|OHKO Clause: OHKO moves are banned
|rule|Evasion Items Clause: Evasion items are banned
|rule|Evasion Moves Clause: Evasion moves are banned
|rule|Evasion Abilities Clause: Evasion abilities are banned
|rule|Sleep Moves Clause: Sleep-inducing moves are banned
|clearpoke
|poke|p1|Comfey, F|
|poke|p1|Whimsicott, F|
|poke|p1|Iron Moth|
|poke|p1|Walking Wake|
|poke|p1|Great Tusk|
|poke|p1|Ninetales, M|
|poke|p2|Magnezone|
|poke|p2|Polteageist|
|poke|p2|Kommo-o, F|
|poke|p2|Moltres-Galar|
|poke|p2|Azelf|
|poke|p2|Ninetales-Alola, M|
|teampreview
|inactive|Battle timer is ON: inactive players will automatically lose when time's up. (requested by scaming4life)
|
|t:|1758257079
|teamsize|p1|6
|teamsize|p2|6
|start
|switch|p1a: Iron Moth|Iron Moth|100/100
|switch|p2a: Azelf|Azelf|100/100
|-enditem|p1a: Iron Moth|Booster Energy
|-activate|p1a: Iron Moth|ability: Quark Drive|[fromitem]
|-start|p1a: Iron Moth|quarkdrivespa
|turn|1
|
|t:|1758257105
|move|p2a: Azelf|Thunder Wave|p1a: Iron Moth|[miss]
|-miss|p2a: Azelf|p1a: Iron Moth
|move|p1a: Iron Moth|Fiery Dance|p2a: Azelf
|-damage|p2a: Azelf|3/100
|-boost|p1a: Iron Moth|spa|1
|
|upkeep
|turn|2
|
|t:|1758257117
|move|p2a: Azelf|Explosion|p1a: Iron Moth
|-damage|p1a: Iron Moth|0 fnt
|faint|p2a: Azelf
|faint|p1a: Iron Moth
|-end|p1a: Iron Moth|Quark Drive|[silent]
|
|upkeep
|
|t:|1758257127
|switch|p2a: Magnezone|Magnezone|100/100
|switch|p1a: Ninetales|Ninetales, M|100/100
|-weather|SunnyDay|[from] ability: Drought|[of] p1a: Ninetales
|turn|3
|
|t:|1758257139
|move|p1a: Ninetales|Will-O-Wisp|p2a: Magnezone
|-status|p2a: Magnezone|brn
|move|p2a: Magnezone|Mirror Coat||[still]
|-fail|p2a: Magnezone
|
|-weather|SunnyDay|[upkeep]
|-damage|p2a: Magnezone|94/100 brn|[from] brn
|upkeep
|turn|4
|
|t:|1758257152
|switch|p2a: Kommo-o|Kommo-o, F|100/100
|move|p1a: Ninetales|Encore||[still]
|-fail|p1a: Ninetales
|
|-weather|SunnyDay|[upkeep]
|upkeep
|turn|5
|
|t:|1758257159
|move|p1a: Ninetales|Will-O-Wisp|p2a: Kommo-o
|-status|p2a: Kommo-o|brn
|move|p2a: Kommo-o|Clangorous Soul|p2a: Kommo-o
|-boost|p2a: Kommo-o|atk|1
|-boost|p2a: Kommo-o|def|1
|-boost|p2a: Kommo-o|spa|1
|-boost|p2a: Kommo-o|spd|1
|-boost|p2a: Kommo-o|spe|1
|-damage|p2a: Kommo-o|68/100 brn
|-enditem|p2a: Kommo-o|Throat Spray
|-boost|p2a: Kommo-o|spa|1|[from] item: Throat Spray
|
|-weather|SunnyDay|[upkeep]
|-damage|p2a: Kommo-o|61/100 brn|[from] brn
|upkeep
|turn|6
|
|t:|1758257173
|move|p2a: Kommo-o|Clanging Scales|p1a: Ninetales
|-damage|p1a: Ninetales|7/100
|-unboost|p2a: Kommo-o|def|1
|move|p1a: Ninetales|Encore|p2a: Kommo-o
|-start|p2a: Kommo-o|Encore
|
|-weather|SunnyDay|[upkeep]
|-damage|p2a: Kommo-o|55/100 brn|[from] brn
|upkeep
|turn|7
|
|t:|1758257192
|switch|p2a: Magnezone|Magnezone|94/100 brn
|switch|p1a: Whimsicott|Whimsicott, F|100/100
|
|-weather|SunnyDay|[upkeep]
|-damage|p2a: Magnezone|88/100 brn|[from] brn
|upkeep
|turn|8
|
|t:|1758257204
|move|p1a: Whimsicott|Growth|p1a: Whimsicott
|-boost|p1a: Whimsicott|atk|2
|-boost|p1a: Whimsicott|spa|2
|move|p2a: Magnezone|Steel Beam|p1a: Whimsicott
|-supereffective|p1a: Whimsicott
|-damage|p1a: Whimsicott|0 fnt
|-damage|p2a: Magnezone|38/100 brn|[from] steelbeam
|faint|p1a: Whimsicott
|
|-weather|SunnyDay|[upkeep]
|-damage|p2a: Magnezone|32/100 brn|[from] brn
|upkeep
|
|t:|1758257220
|switch|p1a: Walking Wake|Walking Wake|100/100
|-activate|p1a: Walking Wake|ability: Protosynthesis
|-start|p1a: Walking Wake|protosynthesisspe
|turn|9
|
|t:|1758257231
|move|p1a: Walking Wake|Hydro Steam|p2a: Magnezone
|-damage|p2a: Magnezone|0 fnt
|faint|p2a: Magnezone
|
|-weather|SunnyDay|[upkeep]
|upkeep
|
|t:|1758257239
|switch|p2a: Ninetales|Ninetales-Alola, M|100/100
|-weather|Snowscape|[from] ability: Snow Warning|[of] p2a: Ninetales
|-end|p1a: Walking Wake|Protosynthesis
|turn|10
|
|t:|1758257247
|-end|p1a: Walking Wake|Protosynthesis|[silent]
|switch|p1a: Ninetales|Ninetales, M|7/100
|-weather|SunnyDay|[from] ability: Drought|[of] p1a: Ninetales
|move|p2a: Ninetales|Freeze-Dry|p1a: Ninetales
|-resisted|p1a: Ninetales
|-damage|p1a: Ninetales|0 fnt
|faint|p1a: Ninetales
|
|-weather|SunnyDay|[upkeep]
|upkeep
|
|t:|1758257268
|switch|p1a: Comfey|Comfey, F|100/100
|turn|11
|
|t:|1758257275
|switch|p2a: Kommo-o|Kommo-o, F|55/100 brn
|move|p1a: Comfey|Growth|p1a: Comfey
|-boost|p1a: Comfey|atk|2
|-boost|p1a: Comfey|spa|2
|
|-weather|SunnyDay|[upkeep]
|-damage|p2a: Kommo-o|49/100 brn|[from] brn
|upkeep
|turn|12
|
|t:|1758257299
|move|p1a: Comfey|Draining Kiss|p2a: Kommo-o
|-supereffective|p2a: Kommo-o
|-damage|p2a: Kommo-o|0 fnt
|faint|p2a: Kommo-o
|-damage|p1a: Comfey|91/100|[from] item: Life Orb
|
|-weather|SunnyDay|[upkeep]
|upkeep
|
|t:|1758257315
|switch|p2a: Ninetales|Ninetales-Alola, M|100/100
|-weather|Snowscape|[from] ability: Snow Warning|[of] p2a: Ninetales
|turn|13
|
|t:|1758257324
|move|p1a: Comfey|Draining Kiss|p2a: Ninetales
|-damage|p2a: Ninetales|35/100
|-heal|p1a: Comfey|100/100|[from] drain|[of] p2a: Ninetales
|-enditem|p2a: Ninetales|Eject Button
|-damage|p1a: Comfey|91/100|[from] item: Life Orb
|
|t:|1758257330
|switch|p2a: Moltres|Moltres-Galar, shiny|100/100
|
|-weather|Snowscape|[upkeep]
|upkeep
|turn|14
|
|t:|1758257337
|move|p1a: Comfey|Draining Kiss|p2a: Moltres
|-supereffective|p2a: Moltres
|-damage|p2a: Moltres|10/100
|-heal|p1a: Comfey|100/100|[from] drain|[of] p2a: Moltres
|-enditem|p2a: Moltres|Weakness Policy
|-boost|p2a: Moltres|atk|2|[from] item: Weakness Policy
|-boost|p2a: Moltres|spa|2|[from] item: Weakness Policy
|-ability|p2a: Moltres|Berserk|boost
|-boost|p2a: Moltres|spa|1
|-damage|p1a: Comfey|91/100|[from] item: Life Orb
|move|p2a: Moltres|Air Slash|p1a: Comfey
|-damage|p1a: Comfey|2/100
|
|-weather|Snowscape|[upkeep]
|upkeep
|turn|15
|
|t:|1758257350
|move|p1a: Comfey|Draining Kiss|p2a: Moltres
|-supereffective|p2a: Moltres
|-damage|p2a: Moltres|0 fnt
|-heal|p1a: Comfey|10/100|[from] drain|[of] p2a: Moltres
|faint|p2a: Moltres
|-damage|p1a: Comfey|0 fnt|[from] item: Life Orb
|faint|p1a: Comfey
|
|-weather|Snowscape|[upkeep]
|upkeep
|inactive|Pahancor has 120 seconds left.
|
|t:|1758257387
|switch|p2a: Ninetales|Ninetales-Alola, M|35/100
|switch|p1a: Walking Wake|Walking Wake|100/100
|turn|16
|
|t:|1758257394
|move|p2a: Ninetales|Freeze-Dry|p1a: Walking Wake
|-supereffective|p1a: Walking Wake
|-damage|p1a: Walking Wake|24/100
|move|p1a: Walking Wake|Flamethrower|p2a: Ninetales
|-supereffective|p2a: Ninetales
|-damage|p2a: Ninetales|0 fnt
|faint|p2a: Ninetales
|
|-weather|Snowscape|[upkeep]
|upkeep
|
|t:|1758257401
|switch|p2a: Polteageist|Polteageist, shiny|100/100
|turn|17
|inactive|Pahancor has 120 seconds left.
|
|t:|1758257416
|move|p1a: Walking Wake|Knock Off|p2a: Polteageist
|-supereffective|p2a: Polteageist
|-damage|p2a: Polteageist|38/100
|-ability|p2a: Polteageist|Weak Armor|boost
|-unboost|p2a: Polteageist|def|1
|-boost|p2a: Polteageist|spe|2
|-enditem|p2a: Polteageist|White Herb|[from] move: Knock Off|[of] p1a: Walking Wake
|move|p2a: Polteageist|Shell Smash|p2a: Polteageist
|-unboost|p2a: Polteageist|def|1
|-unboost|p2a: Polteageist|spd|1
|-boost|p2a: Polteageist|atk|2
|-boost|p2a: Polteageist|spa|2
|-boost|p2a: Polteageist|spe|2
|
|-weather|none
|upkeep
|turn|18
|inactive|Pahancor has 120 seconds left.
|
|t:|1758257433
|move|p2a: Polteageist|Giga Drain|p1a: Walking Wake
|-damage|p1a: Walking Wake|0 fnt
|-heal|p2a: Polteageist|56/100|[from] drain|[of] p1a: Walking Wake
|faint|p1a: Walking Wake
|-end|p1a: Walking Wake|Protosynthesis|[silent]
|
|upkeep
|
|t:|1758257439
|switch|p1a: Great Tusk|Great Tusk|100/100
|turn|19
|inactive|Pahancor has 120 seconds left.
|
|t:|1758257452
|-terastallize|p1a: Great Tusk|Fire
|move|p2a: Polteageist|Stored Power|p1a: Great Tusk
|-damage|p1a: Great Tusk|0 fnt
|faint|p1a: Great Tusk
|-end|p1a: Great Tusk|Protosynthesis|[silent]
|
|win|scaming4life
|raw|Pahancor's rating: 1453 &rarr; <strong>1435</strong><br />(-18 for losing)
|raw|scaming4life's rating: 1489 &rarr; <strong>1507</strong><br />(+18 for winning)
|l|☆scaming4life
|player|p2|
|l|☆Pahancor
|player|p1|
