|j|☆zabbaman
|j|☆DontMissMantine
|t:|1758304516
|gametype|singles
|player|p1|zabbaman|265|1716
|player|p2|DontMissMantine|lucas|1688
|gen|9
|tier|[Gen 9] OU
|rated|
|rule|HP Percentage Mod: HP is shown in percentages
|rule|Endless Battle Clause: Forcing endless battles is banned
|rule|Species Clause: Limit one of each Pokémon
|rule|OHKO Clause: OHKO moves are banned
|rule|Evasion Items Clause: Evasion items are banned
|rule|Evasion Moves Clause: Evasion moves are banned
|rule|Evasion Abilities Clause: Evasion abilities are banned
|rule|Sleep Moves Clause: Sleep-inducing moves are banned
|clearpoke
|poke|p1|Tyranitar, M|
|poke|p1|Garchomp, F|
|poke|p1|Salamence, M|
|poke|p1|Clefable, F|
|poke|p1|Gholdengo|
|poke|p1|Excadrill, M|
|poke|p2|Pelipper, F|
|poke|p2|Beartic, M|
|poke|p2|Barraskewda, M|
|poke|p2|Ogerpon-Wellspring, F|
|poke|p2|Zapdos|
|poke|p2|Hatterene, F|
|teampreview
|inactive|Battle timer is ON: inactive players will automatically lose when time's up. (requested by DontMissMantine)
|
|t:|1758304533
|teamsize|p1|6
|teamsize|p2|6
|start
|switch|p1a: Tyranitar|Tyranitar, M, shiny|100/100
|switch|p2a: Pelipper|Pelipper, F|100/100
|-weather|Sandstorm|[from] ability: Sand Stream|[of] p1a: Tyranitar
|-weather|RainDance|[from] ability: Drizzle|[of] p2a: Pelipper
|turn|1
|
|t:|1758304544
|switch|p2a: Ogerpon|Ogerpon-Wellspring, F|100/100
|move|p1a: Tyranitar|Thunderbolt|p2a: Ogerpon
|-damage|p2a: Ogerpon|63/100
|-damage|p1a: Tyranitar|91/100|[from] item: Life Orb
|
|-weather|RainDance|[upkeep]
|upkeep
|turn|2
|
|t:|1758304553
|switch|p1a: Salamence|Salamence, M|100/100
|-ability|p1a: Salamence|Intimidate|boost
|-unboost|p2a: Ogerpon|atk|1
|move|p2a: Ogerpon|Ivy Cudgel|p1a: Salamence|[anim] Ivy Cudgel Water
|-resisted|p1a: Salamence
|-damage|p1a: Salamence|76/100
|
|-weather|RainDance|[upkeep]
|upkeep
|turn|3
|
|t:|1758304562
|switch|p2a: Hatterene|Hatterene, F|100/100
|move|p1a: Salamence|Hurricane|p2a: Hatterene
|-damage|p2a: Hatterene|53/100
|-start|p2a: Hatterene|confusion
|-enditem|p2a: Hatterene|Eject Button
|
|t:|1758304571
|switch|p2a: Beartic|Beartic, M|100/100
|
|-weather|RainDance|[upkeep]
|upkeep
|turn|4
|
|t:|1758304577
|switch|p1a: Gholdengo|Gholdengo|100/100
|-item|p1a: Gholdengo|Air Balloon
|move|p2a: Beartic|Icicle Spear|p1a: Gholdengo
|-resisted|p1a: Gholdengo
|-damage|p1a: Gholdengo|94/100
|-enditem|p1a: Gholdengo|Air Balloon
|-resisted|p1a: Gholdengo
|-damage|p1a: Gholdengo|87/100
|-resisted|p1a: Gholdengo
|-damage|p1a: Gholdengo|81/100
|-resisted|p1a: Gholdengo
|-damage|p1a: Gholdengo|74/100
|-resisted|p1a: Gholdengo
|-damage|p1a: Gholdengo|68/100
|-hitcount|p1a: Gholdengo|5
|
|-weather|RainDance|[upkeep]
|upkeep
|turn|5
|
|t:|1758304592
|move|p2a: Beartic|Earthquake|p1a: Gholdengo
|-supereffective|p1a: Gholdengo
|-damage|p1a: Gholdengo|0 fnt
|faint|p1a: Gholdengo
|
|-weather|RainDance|[upkeep]
|upkeep
|
|t:|1758304616
|switch|p1a: Clefable|Clefable, F, shiny|100/100
|turn|6
|
|t:|1758304627
|switch|p2a: Hatterene|Hatterene, F|53/100
|move|p1a: Clefable|Thunder Wave|p2a: Hatterene
|move|p2a: Hatterene|Thunder Wave|p1a: Clefable|[from] ability: Magic Bounce
|-status|p1a: Clefable|par
|
|-weather|RainDance|[upkeep]
|upkeep
|turn|7
|
|t:|1758304639
|switch|p2a: Ogerpon|Ogerpon-Wellspring, F|63/100
|move|p1a: Clefable|Moonblast|p2a: Ogerpon
|-damage|p2a: Ogerpon|25/100
|
|-weather|RainDance|[upkeep]
|upkeep
|turn|8
|
|t:|1758304647
|switch|p1a: Salamence|Salamence, M|76/100
|-ability|p1a: Salamence|Intimidate|boost
|-unboost|p2a: Ogerpon|atk|1
|move|p2a: Ogerpon|Ivy Cudgel|p1a: Salamence|[anim] Ivy Cudgel Water
|-resisted|p1a: Salamence
|-damage|p1a: Salamence|54/100
|
|-weather|none
|upkeep
|turn|9
|
|t:|1758304656
|switch|p1a: Tyranitar|Tyranitar, M, shiny|91/100
|-weather|Sandstorm|[from] ability: Sand Stream|[of] p1a: Tyranitar
|move|p2a: Ogerpon|Play Rough|p1a: Tyranitar
|-supereffective|p1a: Tyranitar
|-damage|p1a: Tyranitar|41/100
|
|-weather|Sandstorm|[upkeep]
|-damage|p2a: Ogerpon|19/100|[from] Sandstorm
|upkeep
|turn|10
|
|t:|1758304670
|switch|p1a: Salamence|Salamence, M|54/100
|-ability|p1a: Salamence|Intimidate|boost
|-unboost|p2a: Ogerpon|atk|1
|move|p2a: Ogerpon|Ivy Cudgel|p1a: Salamence|[anim] Ivy Cudgel Water
|-resisted|p1a: Salamence
|-damage|p1a: Salamence|42/100
|
|-weather|Sandstorm|[upkeep]
|-damage|p2a: Ogerpon|13/100|[from] Sandstorm
|-damage|p1a: Salamence|36/100|[from] Sandstorm
|upkeep
|turn|11
|
|t:|1758304681
|switch|p2a: Pelipper|Pelipper, F|100/100
|-weather|RainDance|[from] ability: Drizzle|[of] p2a: Pelipper
|move|p1a: Salamence|Roost|p1a: Salamence
|-heal|p1a: Salamence|86/100
|-singleturn|p1a: Salamence|move: Roost
|
|-weather|RainDance|[upkeep]
|upkeep
|turn|12
|
|t:|1758304690
|switch|p2a: Zapdos|Zapdos|100/100
|move|p1a: Salamence|Hurricane|p2a: Zapdos
|-resisted|p2a: Zapdos
|-damage|p2a: Zapdos|84/100
|
|-weather|RainDance|[upkeep]
|upkeep
|turn|13
|
|t:|1758304698
|switch|p1a: Tyranitar|Tyranitar, M, shiny|41/100
|-weather|Sandstorm|[from] ability: Sand Stream|[of] p1a: Tyranitar
|move|p2a: Zapdos|Weather Ball|p1a: Tyranitar
|-damage|p1a: Tyranitar|22/100
|
|-weather|Sandstorm|[upkeep]
|-damage|p2a: Zapdos|77/100|[from] Sandstorm
|upkeep
|turn|14
|
|t:|1758304708
|move|p2a: Zapdos|Volt Switch|p1a: Tyranitar
|-damage|p1a: Tyranitar|1/100
|
|t:|1758304711
|switch|p2a: Hatterene|Hatterene, F|53/100|[from] Volt Switch
|move|p1a: Tyranitar|Thunderbolt|p2a: Hatterene
|-damage|p2a: Hatterene|20/100
|-damage|p1a: Tyranitar|0 fnt|[from] item: Life Orb
|faint|p1a: Tyranitar
|
|-weather|Sandstorm|[upkeep]
|-damage|p2a: Hatterene|14/100|[from] Sandstorm
|upkeep
|
|t:|1758304715
|switch|p1a: Excadrill|Excadrill, M, shiny|100/100
|-item|p1a: Excadrill|Air Balloon
|turn|15
|
|t:|1758304727
|switch|p2a: Pelipper|Pelipper, F|100/100
|-weather|RainDance|[from] ability: Drizzle|[of] p2a: Pelipper
|-terastallize|p1a: Excadrill|Electric
|move|p1a: Excadrill|Tera Blast|p2a: Pelipper|[anim] Tera Blast Electric
|-supereffective|p2a: Pelipper
|-damage|p2a: Pelipper|0 fnt
|faint|p2a: Pelipper
|
|-weather|RainDance|[upkeep]
|upkeep
|
|t:|1758304745
|switch|p2a: Ogerpon|Ogerpon-Wellspring, F|13/100
|turn|16
|
|t:|1758304748
|switch|p1a: Salamence|Salamence, M|86/100
|-ability|p1a: Salamence|Intimidate|boost
|-unboost|p2a: Ogerpon|atk|1
|move|p2a: Ogerpon|Ivy Cudgel|p1a: Salamence|[anim] Ivy Cudgel Water
|-resisted|p1a: Salamence
|-crit|p1a: Salamence
|-damage|p1a: Salamence|39/100
|
|-weather|RainDance|[upkeep]
|upkeep
|turn|17
|
|t:|1758304757
|switch|p2a: Beartic|Beartic, M|100/100
|move|p1a: Salamence|Roost|p1a: Salamence
|-heal|p1a: Salamence|89/100
|-singleturn|p1a: Salamence|move: Roost
|
|-weather|RainDance|[upkeep]
|upkeep
|turn|18
|
|t:|1758304768
|switch|p1a: Clefable|Clefable, F, shiny|100/100 par
|move|p2a: Beartic|Icicle Spear|p1a: Clefable
|-damage|p1a: Clefable|84/100 par
|-damage|p1a: Clefable|69/100 par
|-damage|p1a: Clefable|53/100 par
|-damage|p1a: Clefable|36/100 par
|-damage|p1a: Clefable|20/100 par
|-hitcount|p1a: Clefable|5
|
|-weather|RainDance|[upkeep]
|-heal|p1a: Clefable|26/100 par|[from] item: Leftovers
|upkeep
|turn|19
|
|t:|1758304780
|move|p2a: Beartic|Icicle Spear|p1a: Clefable
|-damage|p1a: Clefable|9/100 par
|-damage|p1a: Clefable|0 fnt
|faint|p1a: Clefable
|-hitcount|p1: Clefable|2
|
|-weather|RainDance|[upkeep]
|upkeep
|
|t:|1758304788
|switch|p1a: Excadrill|Excadrill, M, shiny, tera:Electric|100/100
|-item|p1a: Excadrill|Air Balloon
|turn|20
|
|t:|1758304794
|-terastallize|p2a: Beartic|Electric
|move|p2a: Beartic|Icicle Spear|p1a: Excadrill
|-damage|p1a: Excadrill|80/100
|-enditem|p1a: Excadrill|Air Balloon
|-damage|p1a: Excadrill|58/100
|-damage|p1a: Excadrill|37/100
|-damage|p1a: Excadrill|15/100
|-damage|p1a: Excadrill|0 fnt
|faint|p1a: Excadrill
|-hitcount|p1: Excadrill|5
|
|-weather|RainDance|[upkeep]
|upkeep
|
|t:|1758304804
|switch|p1a: Salamence|Salamence, M|89/100
|-ability|p1a: Salamence|Intimidate|boost
|-unboost|p2a: Beartic|atk|1
|turn|21
|
|t:|1758304823
|move|p2a: Beartic|Icicle Spear|p1a: Salamence
|-supereffective|p1a: Salamence
|-damage|p1a: Salamence|59/100
|-supereffective|p1a: Salamence
|-damage|p1a: Salamence|29/100
|-supereffective|p1a: Salamence
|-damage|p1a: Salamence|0 fnt
|faint|p1a: Salamence
|-hitcount|p1: Salamence|3
|
|-weather|RainDance|[upkeep]
|upkeep
|
|t:|1758304826
|switch|p1a: Garchomp|Garchomp, F|100/100
|turn|22
|
|t:|1758304834
|move|p2a: Beartic|Icicle Spear|p1a: Garchomp
|-supereffective|p1a: Garchomp
|-damage|p1a: Garchomp|57/100
|-supereffective|p1a: Garchomp
|-damage|p1a: Garchomp|20/100
|-supereffective|p1a: Garchomp
|-damage|p1a: Garchomp|0 fnt
|faint|p1a: Garchomp
|-hitcount|p1: Garchomp|3
|
|win|DontMissMantine
|raw|zabbaman's rating: 1716 &rarr; <strong>1694</strong><br />(-22 for losing)
|raw|DontMissMantine's rating: 1688 &rarr; <strong>1710</strong><br />(+22 for winning)
|c|☆DontMissMantine|Gg
|l|☆DontMissMantine
|player|p2|
|l|☆zabbaman
|player|p1|
