|j|‽Khromatology
|j|☆SomethingAnt
|t:|1758261603
|gametype|singles
|player|p1|Khromatology|ninjaboy|1284
|player|p2|SomethingAnt|n|1271
|gen|9
|tier|[Gen 9] OU
|rated|
|rule|HP Percentage Mod: HP is shown in percentages
|rule|Endless Battle Clause: Forcing endless battles is banned
|rule|Species Clause: Limit one of each Pokémon
|rule|OHKO Clause: OHKO moves are banned
|rule|Evasion Items Clause: Evasion items are banned
|rule|Evasion Moves Clause: Evasion moves are banned
|rule|Evasion Abilities Clause: Evasion abilities are banned
|rule|Sleep Moves Clause: Sleep-inducing moves are banned
|clearpoke
|poke|p1|Kingambit, F|
|poke|p1|Kyurem|
|poke|p1|Meowscarada, F|
|poke|p1|Primarina, F|
|poke|p1|Great Tusk|
|poke|p1|Iron Moth|
|poke|p2|Iron Treads|
|poke|p2|Darkrai|
|poke|p2|Sylveon, F|
|poke|p2|Slowking, F|
|poke|p2|Meowscarada, F|
|poke|p2|Garchomp, M|
|teampreview
|inactive|Battle timer is ON: inactive players will automatically lose when time's up. (requested by Khromatology)
|
|t:|1758261627
|teamsize|p1|6
|teamsize|p2|6
|start
|switch|p1a: Great Tusk|Great Tusk|100/100
|switch|p2a: Garchomp|Garchomp, M|100/100
|turn|1
|
|t:|1758261636
|move|p1a: Great Tusk|Ice Spinner|p2a: Garchomp
|-supereffective|p2a: Garchomp
|-damage|p2a: Garchomp|37/100
|-damage|p1a: Great Tusk|88/100|[from] ability: Rough Skin|[of] p2a: Garchomp
|-damage|p1a: Great Tusk|71/100|[from] item: Rocky Helmet|[of] p2a: Garchomp
|move|p2a: Garchomp|Stealth Rock|p1a: Great Tusk
|-sidestart|p1: Khromatology|move: Stealth Rock
|
|-heal|p1a: Great Tusk|78/100|[from] item: Leftovers
|upkeep
|turn|2
|inactive|SomethingAnt has 120 seconds left.
|
|t:|1758261668
|switch|p2a: Slowking|Slowking, F|100/100
|move|p1a: Great Tusk|Rapid Spin|p2a: Slowking
|-damage|p2a: Slowking|88/100
|-boost|p1a: Great Tusk|spe|1
|-sideend|p1: Khromatology|Stealth Rock|[from] move: Rapid Spin|[of] p1a: Great Tusk
|
|-heal|p1a: Great Tusk|84/100|[from] item: Leftovers
|upkeep
|turn|3
|inactive|Khromatology has 120 seconds left.
|
|t:|1758261718
|-end|p1a: Great Tusk|Protosynthesis|[silent]
|switch|p1a: Meowscarada|Meowscarada, F|100/100
|move|p2a: Slowking|Scald|p1a: Meowscarada
|-resisted|p1a: Meowscarada
|-damage|p1a: Meowscarada|79/100
|-status|p1a: Meowscarada|brn
|
|-damage|p1a: Meowscarada|73/100 brn|[from] brn
|upkeep
|turn|4
|inactive|SomethingAnt has 120 seconds left.
|l|☆SomethingAnt
|inactive|SomethingAnt disconnected and has a minute to reconnect!
|player|p2|
|j|☆SomethingAnt
|inactive|SomethingAnt reconnected and has 110 seconds left.
|player|p2|SomethingAnt|n|
|
|t:|1758261753
|move|p1a: Meowscarada|U-turn|p2a: Slowking
|-start|p1a: Meowscarada|typechange|Bug|[from] ability: Protean
|-supereffective|p2a: Slowking
|-damage|p2a: Slowking|61/100
|
|t:|1758261763
|switch|p1a: Kyurem|Kyurem|100/100|[from] U-turn
|-ability|p1a: Kyurem|Pressure
|-prepare|p2a: Slowking|Chilly Reception|[premajor]
|move|p2a: Slowking|Chilly Reception|p2a: Slowking
|-weather|Snowscape
|inactive|SomethingAnt has 90 seconds left.
|
|t:|1758261790
|switch|p2a: Sylveon|Sylveon, F|100/100|[from] Chilly Reception
|
|-weather|Snowscape|[upkeep]
|upkeep
|turn|5
|inactive|SomethingAnt has 90 seconds left.
|
|t:|1758261803
|move|p1a: Kyurem|Ice Beam|p2a: Sylveon
|-crit|p2a: Sylveon
|-damage|p2a: Sylveon|26/100
|move|p2a: Sylveon|Hyper Voice|p1a: Kyurem
|-supereffective|p1a: Kyurem
|-damage|p1a: Kyurem|17/100
|
|-weather|Snowscape|[upkeep]
|-heal|p2a: Sylveon|32/100|[from] item: Leftovers
|upkeep
|turn|6
|l|☆SomethingAnt
|inactive|SomethingAnt disconnected and has a minute to reconnect!
|player|p2|
|inactive|Khromatology has 120 seconds left.
|j|☆SomethingAnt
|inactive|SomethingAnt reconnected and has 85 seconds left.
|player|p2|SomethingAnt|n|
|
|t:|1758261821
|switch|p2a: Slowking|Slowking, F|95/100
|move|p1a: Kyurem|Ice Beam|p2a: Slowking
|-resisted|p2a: Slowking
|-damage|p2a: Slowking|70/100
|-status|p2a: Slowking|frz
|
|-weather|Snowscape|[upkeep]
|upkeep
|turn|7
|c|☆SomethingAnt|smh
|inactive|Khromatology has 120 seconds left.
|
|t:|1758261845
|switch|p1a: Iron Moth|Iron Moth|100/100
|-enditem|p1a: Iron Moth|Booster Energy
|-activate|p1a: Iron Moth|ability: Quark Drive|[fromitem]
|-start|p1a: Iron Moth|quarkdrivespe
|-curestatus|p2a: Slowking|frz|[from] move: Scald
|move|p2a: Slowking|Scald|p1a: Iron Moth
|-supereffective|p1a: Iron Moth
|-damage|p1a: Iron Moth|43/100
|
|-weather|Snowscape|[upkeep]
|upkeep
|turn|8
|inactive|SomethingAnt has 90 seconds left.
|
|t:|1758261862
|move|p1a: Iron Moth|Sludge Wave|p2a: Slowking
|-damage|p2a: Slowking|38/100
|-status|p2a: Slowking|psn
|move|p2a: Slowking|Scald|p1a: Iron Moth
|-supereffective|p1a: Iron Moth
|-damage|p1a: Iron Moth|0 fnt
|faint|p1a: Iron Moth
|-end|p1a: Iron Moth|Quark Drive|[silent]
|
|-weather|none
|-damage|p2a: Slowking|26/100 psn|[from] psn
|upkeep
|
|t:|1758261868
|switch|p1a: Meowscarada|Meowscarada, F|73/100 brn
|turn|9
|
|t:|1758261881
|switch|p2a: Iron Treads|Iron Treads|100/100
|-item|p2a: Iron Treads|Air Balloon
|move|p1a: Meowscarada|U-turn|p2a: Iron Treads
|-start|p1a: Meowscarada|typechange|Bug|[from] ability: Protean
|-resisted|p2a: Iron Treads
|-damage|p2a: Iron Treads|93/100
|-enditem|p2a: Iron Treads|Air Balloon
|
|t:|1758261893
|switch|p1a: Primarina|Primarina, F|100/100|[from] U-turn
|
|upkeep
|turn|10
|
|t:|1758261911
|-end|p2a: Iron Treads|Quark Drive|[silent]
|switch|p2a: Darkrai|Darkrai|100/100
|move|p1a: Primarina|Surf|p2a: Darkrai
|-damage|p2a: Darkrai|30/100
|
|upkeep
|turn|11
|inactive|Khromatology has 120 seconds left.
|
|t:|1758261930
|move|p2a: Darkrai|Trick|p1a: Primarina
|-activate|p2a: Darkrai|move: Trick|[of] p1a: Primarina
|-item|p1a: Primarina|Choice Scarf|[from] move: Trick
|-item|p2a: Darkrai|Assault Vest|[from] move: Trick
|move|p1a: Primarina|Surf|p2a: Darkrai
|-damage|p2a: Darkrai|0 fnt
|faint|p2a: Darkrai
|
|upkeep
|
|t:|1758261942
|switch|p2a: Meowscarada|Meowscarada, F|100/100
|turn|12
|inactive|Khromatology has 120 seconds left.
|
|t:|1758261959
|switch|p1a: Kingambit|Kingambit, F|100/100
|-activate|p1a: Kingambit|ability: Supreme Overlord
|-start|p1a: Kingambit|fallen1|[silent]
|move|p2a: Meowscarada|Flower Trick|p1a: Kingambit
|-start|p2a: Meowscarada|typechange|Grass|[from] ability: Protean
|-resisted|p1a: Kingambit
|-crit|p1a: Kingambit
|-damage|p1a: Kingambit|68/100
|
|-heal|p1a: Kingambit|74/100|[from] item: Leftovers
|upkeep
|turn|13
|
|t:|1758261975
|switch|p2a: Garchomp|Garchomp, M|37/100
|move|p1a: Kingambit|Swords Dance|p1a: Kingambit
|-boost|p1a: Kingambit|atk|2
|
|-heal|p1a: Kingambit|80/100|[from] item: Leftovers
|upkeep
|turn|14
|
|t:|1758261981
|move|p1a: Kingambit|Sucker Punch|p2a: Garchomp
|-damage|p2a: Garchomp|0 fnt
|-damage|p1a: Kingambit|68/100|[from] ability: Rough Skin|[of] p2a: Garchomp
|-damage|p1a: Kingambit|51/100|[from] item: Rocky Helmet|[of] p2a: Garchomp
|faint|p2a: Garchomp
|
|-heal|p1a: Kingambit|57/100|[from] item: Leftovers
|upkeep
|
|t:|1758261991
|switch|p2a: Iron Treads|Iron Treads|93/100
|turn|15
|
|t:|1758261999
|move|p1a: Kingambit|Sucker Punch|p2a: Iron Treads
|-damage|p2a: Iron Treads|8/100
|move|p2a: Iron Treads|Earthquake|p1a: Kingambit
|-supereffective|p1a: Kingambit
|-damage|p1a: Kingambit|0 fnt
|faint|p1a: Kingambit
|-end|p1a: Kingambit|fallen1|[silent]
|
|upkeep
|
|t:|1758262006
|switch|p1a: Meowscarada|Meowscarada, F|73/100 brn
|turn|16
|inactive|Khromatology has 120 seconds left.
|
|t:|1758262022
|-end|p2a: Iron Treads|Quark Drive|[silent]
|switch|p2a: Sylveon|Sylveon, F|32/100
|move|p1a: Meowscarada|Flower Trick|p2a: Sylveon
|-start|p1a: Meowscarada|typechange|Grass|[from] ability: Protean
|-crit|p2a: Sylveon
|-damage|p2a: Sylveon|11/100
|
|-heal|p2a: Sylveon|17/100|[from] item: Leftovers
|-damage|p1a: Meowscarada|67/100 brn|[from] brn
|upkeep
|turn|17
|
|t:|1758262052
|move|p2a: Sylveon|Protect|p2a: Sylveon
|-singleturn|p2a: Sylveon|Protect
|move|p1a: Meowscarada|Flower Trick|p2a: Sylveon
|-activate|p2a: Sylveon|move: Protect
|
|-heal|p2a: Sylveon|23/100|[from] item: Leftovers
|-damage|p1a: Meowscarada|61/100 brn|[from] brn
|upkeep
|turn|18
|
|t:|1758262065
|switch|p2a: Meowscarada|Meowscarada, F|100/100
|move|p1a: Meowscarada|Flower Trick|p2a: Meowscarada
|-resisted|p2a: Meowscarada
|-crit|p2a: Meowscarada
|-damage|p2a: Meowscarada|81/100
|
|-damage|p1a: Meowscarada|55/100 brn|[from] brn
|upkeep
|turn|19
|
|t:|1758262073
|move|p1a: Meowscarada|U-turn|p2a: Meowscarada
|-supereffective|p2a: Meowscarada
|-damage|p2a: Meowscarada|11/100
|
|t:|1758262081
|switch|p1a: Great Tusk|Great Tusk|84/100|[from] U-turn
|move|p2a: Meowscarada|U-turn|p1a: Great Tusk
|-start|p2a: Meowscarada|typechange|Bug|[from] ability: Protean
|-resisted|p1a: Great Tusk
|-damage|p1a: Great Tusk|68/100
|
|t:|1758262096
|switch|p2a: Slowking|Slowking, F|59/100 psn|[from] U-turn
|
|-heal|p1a: Great Tusk|74/100|[from] item: Leftovers
|-damage|p2a: Slowking|47/100 psn|[from] psn
|upkeep
|turn|20
|
|t:|1758262109
|move|p1a: Great Tusk|Headlong Rush|p2a: Slowking
|-damage|p2a: Slowking|5/100 psn
|-unboost|p1a: Great Tusk|def|1
|-unboost|p1a: Great Tusk|spd|1
|move|p2a: Slowking|Scald|p1a: Great Tusk
|-supereffective|p1a: Great Tusk
|-damage|p1a: Great Tusk|0 fnt
|faint|p1a: Great Tusk
|-end|p1a: Great Tusk|Protosynthesis|[silent]
|
|-damage|p2a: Slowking|0 fnt|[from] psn
|faint|p2a: Slowking
|upkeep
|
|t:|1758262121
|switch|p1a: Meowscarada|Meowscarada, F|55/100 brn
|switch|p2a: Sylveon|Sylveon, F|23/100
|turn|21
|
|t:|1758262131
|-terastallize|p2a: Sylveon|Poison
|move|p1a: Meowscarada|Flower Trick|p2a: Sylveon
|-start|p1a: Meowscarada|typechange|Grass|[from] ability: Protean
|-resisted|p2a: Sylveon
|-crit|p2a: Sylveon
|-damage|p2a: Sylveon|13/100
|move|p2a: Sylveon|Wish|p2a: Sylveon
|
|-heal|p2a: Sylveon|19/100|[from] item: Leftovers
|-damage|p1a: Meowscarada|49/100 brn|[from] brn
|upkeep
|turn|22
|
|t:|1758262146
|move|p2a: Sylveon|Protect|p2a: Sylveon
|-singleturn|p2a: Sylveon|Protect
|move|p1a: Meowscarada|Knock Off|p2a: Sylveon
|-activate|p2a: Sylveon|move: Protect
|
|-heal|p2a: Sylveon|69/100|[from] move: Wish|[wisher] Sylveon
|-heal|p2a: Sylveon|75/100|[from] item: Leftovers
|-damage|p1a: Meowscarada|42/100 brn|[from] brn
|upkeep
|turn|23
|
|t:|1758262163
|move|p1a: Meowscarada|U-turn|p2a: Sylveon
|-resisted|p2a: Sylveon
|-damage|p2a: Sylveon|71/100
|
|t:|1758262165
|switch|p1a: Kyurem|Kyurem|17/100|[from] U-turn
|-ability|p1a: Kyurem|Pressure
|move|p2a: Sylveon|Calm Mind|p2a: Sylveon
|-boost|p2a: Sylveon|spa|1
|-boost|p2a: Sylveon|spd|1
|
|-heal|p2a: Sylveon|77/100|[from] item: Leftovers
|upkeep
|turn|24
|
|t:|1758262174
|move|p2a: Sylveon|Protect|p2a: Sylveon
|-singleturn|p2a: Sylveon|Protect
|move|p1a: Kyurem|Earth Power|p2a: Sylveon
|-activate|p2a: Sylveon|move: Protect
|
|-heal|p2a: Sylveon|83/100|[from] item: Leftovers
|upkeep
|turn|25
|inactive|SomethingAnt has 120 seconds left.
|
|t:|1758262184
|move|p1a: Kyurem|Earth Power|p2a: Sylveon
|-supereffective|p2a: Sylveon
|-damage|p2a: Sylveon|38/100
|move|p2a: Sylveon|Hyper Voice|p1a: Kyurem
|-supereffective|p1a: Kyurem
|-damage|p1a: Kyurem|0 fnt
|faint|p1a: Kyurem
|
|-heal|p2a: Sylveon|44/100|[from] item: Leftovers
|upkeep
|
|t:|1758262192
|switch|p1a: Meowscarada|Meowscarada, F|42/100 brn
|turn|26
|
|t:|1758262197
|move|p2a: Sylveon|Protect|p2a: Sylveon
|-singleturn|p2a: Sylveon|Protect
|move|p1a: Meowscarada|Knock Off|p2a: Sylveon
|-start|p1a: Meowscarada|typechange|Dark|[from] ability: Protean
|-activate|p2a: Sylveon|move: Protect
|
|-heal|p2a: Sylveon|50/100|[from] item: Leftovers
|-damage|p1a: Meowscarada|36/100 brn|[from] brn
|upkeep
|turn|27
|
|t:|1758262210
|move|p1a: Meowscarada|Knock Off|p2a: Sylveon
|-damage|p2a: Sylveon|30/100
|-enditem|p2a: Sylveon|Leftovers|[from] move: Knock Off|[of] p1a: Meowscarada
|move|p2a: Sylveon|Wish|p2a: Sylveon
|
|-damage|p1a: Meowscarada|30/100 brn|[from] brn
|upkeep
|turn|28
|
|t:|1758262222
|switch|p1a: Primarina|Primarina, F|100/100
|move|p2a: Sylveon|Calm Mind|p2a: Sylveon
|-boost|p2a: Sylveon|spa|1
|-boost|p2a: Sylveon|spd|1
|
|-heal|p2a: Sylveon|80/100|[from] move: Wish|[wisher] Sylveon
|upkeep
|turn|29
|
|t:|1758262233
|move|p1a: Primarina|Psychic Noise|p2a: Sylveon
|-supereffective|p2a: Sylveon
|-crit|p2a: Sylveon
|-damage|p2a: Sylveon|25/100
|-start|p2a: Sylveon|move: Heal Block
|move|p2a: Sylveon|Hyper Voice|p1a: Primarina
|-damage|p1a: Primarina|29/100
|
|upkeep
|turn|30
|
|t:|1758262247
|move|p2a: Sylveon|Protect|p2a: Sylveon
|-singleturn|p2a: Sylveon|Protect
|move|p1a: Primarina|Psychic Noise|p2a: Sylveon
|-activate|p2a: Sylveon|move: Protect
|
|-end|p2a: Sylveon|move: Heal Block
|upkeep
|turn|31
|
|t:|1758262272
|switch|p2a: Meowscarada|Meowscarada, F|11/100
|move|p1a: Primarina|Psychic Noise|p2a: Meowscarada
|-immune|p2a: Meowscarada
|
|upkeep
|turn|32
|
|t:|1758262278
|switch|p1a: Meowscarada|Meowscarada, F|30/100 brn
|move|p2a: Meowscarada|Flower Trick|p1a: Meowscarada
|-start|p2a: Meowscarada|typechange|Grass|[from] ability: Protean
|-resisted|p1a: Meowscarada
|-crit|p1a: Meowscarada
|-damage|p1a: Meowscarada|0 fnt
|faint|p1a: Meowscarada
|
|upkeep
|
|t:|1758262280
|switch|p1a: Primarina|Primarina, F|29/100
|turn|33
|
|t:|1758262293
|move|p2a: Meowscarada|Flower Trick|p1a: Primarina
|-supereffective|p1a: Primarina
|-crit|p1a: Primarina
|-damage|p1a: Primarina|0 fnt
|faint|p1a: Primarina
|
|win|SomethingAnt
|raw|Khromatology's rating: 1284 &rarr; <strong>1258</strong><br />(-26 for losing)
|raw|SomethingAnt's rating: 1271 &rarr; <strong>1297</strong><br />(+26 for winning)
|l|☆SomethingAnt
|player|p2|
|l|‽Khromatology
|player|p1|
