|j|☆GFYSYDAR
|j|☆QB1K
|t:|1758266360
|gametype|singles
|player|p1|GFYSYDAR|scientist-gen4dp|1175
|player|p2|QB1K|winona|1158
|gen|9
|tier|[Gen 9] OU
|rated|
|rule|HP Percentage Mod: HP is shown in percentages
|rule|Endless Battle Clause: Forcing endless battles is banned
|rule|Species Clause: Limit one of each Pokémon
|rule|OHKO Clause: OHKO moves are banned
|rule|Evasion Items Clause: Evasion items are banned
|rule|Evasion Moves Clause: Evasion moves are banned
|rule|Evasion Abilities Clause: Evasion abilities are banned
|rule|Sleep Moves Clause: Sleep-inducing moves are banned
|clearpoke
|poke|p1|Electrode-Hisui|
|poke|p1|Gallade, M|
|poke|p1|Slowking-Galar, M|
|poke|p1|Alomomola, F|
|poke|p1|Great Tusk|
|poke|p1|Landorus-Therian, M|
|poke|p2|Electrode-Hisui|
|poke|p2|Rillaboom, M|
|poke|p2|Ceruledge, F|
|poke|p2|Ting-Lu|
|poke|p2|Alomomola, M|
|poke|p2|Slowking-Galar, F|
|teampreview
|inactive|Battle timer is ON: inactive players will automatically lose when time's up. (requested by QB1K)
|
|t:|1758266384
|teamsize|p1|6
|teamsize|p2|6
|start
|switch|p1a: Landorus|Landorus-Therian, M|100/100
|switch|p2a: Rillaboom|Rillaboom, M|100/100
|-fieldstart|move: Grassy Terrain|[from] ability: Grassy Surge|[of] p2a: Rillaboom
|-ability|p1a: Landorus|Intimidate|boost
|-unboost|p2a: Rillaboom|atk|1
|turn|1
|
|t:|1758266393
|move|p2a: Rillaboom|U-turn|p1a: Landorus
|-resisted|p1a: Landorus
|-damage|p1a: Landorus|92/100
|-damage|p2a: Rillaboom|84/100|[from] item: Rocky Helmet|[of] p1a: Landorus
|
|t:|1758266396
|switch|p2a: Ting-Lu|Ting-Lu|100/100|[from] U-turn
|-ability|p2a: Ting-Lu|Vessel of Ruin
|move|p1a: Landorus|Stealth Rock|p2a: Ting-Lu
|-sidestart|p2: QB1K|move: Stealth Rock
|
|upkeep
|turn|2
|
|t:|1758266405
|move|p1a: Landorus|Taunt|p2a: Ting-Lu
|-start|p2a: Ting-Lu|move: Taunt
|cant|p2a: Ting-Lu|move: Taunt|Stealth Rock
|
|upkeep
|turn|3
|
|t:|1758266410
|move|p1a: Landorus|U-turn|p2a: Ting-Lu
|-supereffective|p2a: Ting-Lu
|-damage|p2a: Ting-Lu|78/100
|
|t:|1758266414
|switch|p1a: Gallade|Gallade, M, shiny|100/100|[from] U-turn
|move|p2a: Ting-Lu|Ruination|p1a: Gallade
|-damage|p1a: Gallade|50/100
|
|-heal|p1a: Gallade|57/100|[from] Grassy Terrain
|-heal|p2a: Ting-Lu|85/100|[from] Grassy Terrain
|-heal|p2a: Ting-Lu|91/100|[from] item: Leftovers
|upkeep
|turn|4
|
|t:|1758266427
|switch|p2a: Slowking|Slowking-Galar, F|100/100
|-damage|p2a: Slowking|88/100|[from] Stealth Rock
|move|p1a: Gallade|Sacred Sword|p2a: Slowking
|-resisted|p2a: Slowking
|-damage|p2a: Slowking|70/100
|
|-heal|p1a: Gallade|63/100|[from] Grassy Terrain
|-heal|p2a: Slowking|76/100|[from] Grassy Terrain
|upkeep
|turn|5
|
|t:|1758266438
|switch|p1a: Slowking|Slowking-Galar, M|100/100
|move|p2a: Slowking|Future Sight|p1a: Slowking
|-start|p2a: Slowking|move: Future Sight
|
|-heal|p2a: Slowking|82/100|[from] Grassy Terrain
|-fieldend|move: Grassy Terrain
|upkeep
|turn|6
|
|t:|1758266446
|-prepare|p2a: Slowking|Chilly Reception|[premajor]
|move|p2a: Slowking|Chilly Reception|p2a: Slowking
|-weather|Snowscape
|
|t:|1758266453
|switch|p2a: Rillaboom|Rillaboom, M|84/100|[from] Chilly Reception
|-damage|p2a: Rillaboom|72/100|[from] Stealth Rock
|-fieldstart|move: Grassy Terrain|[from] ability: Grassy Surge|[of] p2a: Rillaboom
|move|p1a: Slowking|Future Sight|p2a: Rillaboom
|-start|p1a: Slowking|move: Future Sight
|
|-weather|Snowscape|[upkeep]
|-heal|p2a: Rillaboom|78/100|[from] Grassy Terrain
|upkeep
|turn|7
|
|t:|1758266464
|switch|p1a: Alomomola|Alomomola, F, shiny|100/100
|move|p2a: Rillaboom|Knock Off|p1a: Alomomola
|-damage|p1a: Alomomola|71/100
|-enditem|p1a: Alomomola|Heavy-Duty Boots|[from] move: Knock Off|[of] p2a: Rillaboom
|
|-weather|Snowscape|[upkeep]
|-end|p1a: Alomomola|move: Future Sight
|-damage|p1a: Alomomola|21/100
|-heal|p2a: Rillaboom|84/100|[from] Grassy Terrain
|-heal|p1a: Alomomola|27/100|[from] Grassy Terrain
|upkeep
|turn|8
|
|t:|1758266476
|switch|p2a: Ting-Lu|Ting-Lu|91/100
|-damage|p2a: Ting-Lu|85/100|[from] Stealth Rock
|-ability|p2a: Ting-Lu|Vessel of Ruin
|move|p1a: Alomomola|Flip Turn|p2a: Ting-Lu
|-supereffective|p2a: Ting-Lu
|-damage|p2a: Ting-Lu|67/100
|
|t:|1758266486
|switch|p1a: Landorus|Landorus-Therian, M|92/100|[from] Flip Turn
|-ability|p1a: Landorus|Intimidate|boost
|-unboost|p2a: Ting-Lu|atk|1
|
|-weather|Snowscape|[upkeep]
|-end|p2a: Ting-Lu|move: Future Sight
|-immune|p2a: Ting-Lu
|-heal|p2a: Ting-Lu|73/100|[from] Grassy Terrain
|-heal|p2a: Ting-Lu|79/100|[from] item: Leftovers
|upkeep
|turn|9
|
|t:|1758266497
|move|p1a: Landorus|Taunt|p2a: Ting-Lu
|-start|p2a: Ting-Lu|move: Taunt
|move|p2a: Ting-Lu|Ruination|p1a: Landorus
|-damage|p1a: Landorus|46/100
|
|-weather|Snowscape|[upkeep]
|-heal|p2a: Ting-Lu|85/100|[from] Grassy Terrain
|-heal|p2a: Ting-Lu|92/100|[from] item: Leftovers
|upkeep
|turn|10
|
|t:|1758266510
|move|p1a: Landorus|U-turn|p2a: Ting-Lu
|-supereffective|p2a: Ting-Lu
|-damage|p2a: Ting-Lu|69/100
|
|t:|1758266514
|switch|p1a: Gallade|Gallade, M, shiny|63/100|[from] U-turn
|move|p2a: Ting-Lu|Ruination|p1a: Gallade
|-damage|p1a: Gallade|32/100
|
|-weather|none
|-heal|p1a: Gallade|38/100|[from] Grassy Terrain
|-heal|p2a: Ting-Lu|76/100|[from] Grassy Terrain
|-heal|p2a: Ting-Lu|82/100|[from] item: Leftovers
|-fieldend|move: Grassy Terrain
|upkeep
|turn|11
|
|t:|1758266525
|switch|p2a: Slowking|Slowking-Galar, F|100/100
|-damage|p2a: Slowking|88/100|[from] Stealth Rock
|move|p1a: Gallade|Sacred Sword|p2a: Slowking
|-resisted|p2a: Slowking
|-damage|p2a: Slowking|68/100
|
|upkeep
|turn|12
|
|t:|1758266537
|switch|p1a: Slowking|Slowking-Galar, M|100/100
|move|p2a: Slowking|Sludge Bomb|p1a: Slowking
|-resisted|p1a: Slowking
|-damage|p1a: Slowking|91/100
|
|upkeep
|turn|13
|
|t:|1758266544
|move|p2a: Slowking|Future Sight|p1a: Slowking
|-start|p2a: Slowking|move: Future Sight
|move|p1a: Slowking|Future Sight|p2a: Slowking
|-start|p1a: Slowking|move: Future Sight
|
|upkeep
|turn|14
|
|t:|1758266550
|move|p2a: Slowking|Ice Beam|p1a: Slowking
|-damage|p1a: Slowking|78/100
|move|p1a: Slowking|Toxic|p2a: Slowking
|-immune|p2a: Slowking
|
|upkeep
|turn|15
|
|t:|1758266557
|move|p2a: Slowking|Ice Beam|p1a: Slowking
|-damage|p1a: Slowking|65/100
|move|p1a: Slowking|Toxic|p2a: Slowking
|-immune|p2a: Slowking
|
|-end|p2a: Slowking|move: Future Sight
|-damage|p2a: Slowking|31/100
|-end|p1a: Slowking|move: Future Sight
|-damage|p1a: Slowking|40/100
|upkeep
|turn|16
|
|t:|1758266569
|move|p2a: Slowking|Ice Beam|p1a: Slowking
|-damage|p1a: Slowking|27/100
|move|p1a: Slowking|Future Sight|p2a: Slowking
|-start|p1a: Slowking|move: Future Sight
|
|upkeep
|turn|17
|
|t:|1758266574
|move|p2a: Slowking|Ice Beam|p1a: Slowking
|-damage|p1a: Slowking|14/100
|-prepare|p1a: Slowking|Chilly Reception|[premajor]
|move|p1a: Slowking|Chilly Reception|p1a: Slowking
|-weather|Snowscape
|
|t:|1758266581
|switch|p1a: Gallade|Gallade, M, shiny|38/100|[from] Chilly Reception
|
|-weather|Snowscape|[upkeep]
|upkeep
|turn|18
|
|t:|1758266590
|move|p1a: Gallade|Knock Off|p2a: Slowking
|-supereffective|p2a: Slowking
|-damage|p2a: Slowking|0 fnt
|-enditem|p2a: Slowking|Shuca Berry|[from] move: Knock Off|[of] p1a: Gallade
|faint|p2a: Slowking
|
|-weather|Snowscape|[upkeep]
|-hint|Future Sight did not hit because the target is fainted.
|upkeep
|
|t:|1758266594
|switch|p2a: Rillaboom|Rillaboom, M|84/100
|-damage|p2a: Rillaboom|72/100|[from] Stealth Rock
|-fieldstart|move: Grassy Terrain|[from] ability: Grassy Surge|[of] p2a: Rillaboom
|turn|19
|
|t:|1758266623
|move|p2a: Rillaboom|Grassy Glide|p1a: Gallade
|-damage|p1a: Gallade|0 fnt
|faint|p1a: Gallade
|
|-weather|Snowscape|[upkeep]
|-heal|p2a: Rillaboom|78/100|[from] Grassy Terrain
|upkeep
|
|t:|1758266630
|switch|p1a: Great Tusk|Great Tusk|100/100
|turn|20
|
|t:|1758266643
|switch|p2a: Alomomola|Alomomola, M|100/100
|move|p1a: Great Tusk|Ice Spinner|p2a: Alomomola
|-resisted|p2a: Alomomola
|-damage|p2a: Alomomola|92/100
|-fieldend|move: Grassy Terrain
|
|-weather|Snowscape|[upkeep]
|upkeep
|turn|21
|
|t:|1758266652
|-end|p1a: Great Tusk|Protosynthesis|[silent]
|switch|p1a: Electrode|Electrode-Hisui, shiny|100/100
|move|p2a: Alomomola|Wish|p2a: Alomomola
|
|-weather|none
|upkeep
|turn|22
|
|t:|1758266659
|switch|p2a: Rillaboom|Rillaboom, M|78/100
|-damage|p2a: Rillaboom|66/100|[from] Stealth Rock
|-fieldstart|move: Grassy Terrain|[from] ability: Grassy Surge|[of] p2a: Rillaboom
|move|p1a: Electrode|Leaf Storm|p2a: Rillaboom
|-resisted|p2a: Rillaboom
|-damage|p2a: Rillaboom|1/100
|-unboost|p1a: Electrode|spa|2
|
|-heal|p2a: Rillaboom|70/100|[from] move: Wish|[wisher] Alomomola
|-heal|p2a: Rillaboom|76/100|[from] Grassy Terrain
|upkeep
|turn|23
|
|t:|1758266674
|switch|p1a: Alomomola|Alomomola, F, shiny|60/100
|move|p2a: Rillaboom|U-turn|p1a: Alomomola
|-damage|p1a: Alomomola|38/100
|
|t:|1758266679
|switch|p2a: Electrode|Electrode-Hisui|100/100|[from] U-turn
|-damage|p2a: Electrode|88/100|[from] Stealth Rock
|
|-heal|p2a: Electrode|94/100|[from] Grassy Terrain
|-heal|p1a: Alomomola|44/100|[from] Grassy Terrain
|upkeep
|turn|24
|
|t:|1758266689
|switch|p1a: Landorus|Landorus-Therian, M|46/100
|-ability|p1a: Landorus|Intimidate|boost
|-unboost|p2a: Electrode|atk|1
|move|p2a: Electrode|Volt Switch|p1a: Landorus
|-immune|p1a: Landorus
|
|-heal|p2a: Electrode|100/100|[from] Grassy Terrain
|upkeep
|turn|25
|
|t:|1758266699
|switch|p2a: Alomomola|Alomomola, M|100/100
|move|p1a: Landorus|U-turn|p2a: Alomomola
|-damage|p2a: Alomomola|85/100
|
|t:|1758266704
|switch|p1a: Electrode|Electrode-Hisui, shiny|100/100|[from] U-turn
|
|-heal|p2a: Alomomola|91/100|[from] Grassy Terrain
|upkeep
|turn|26
|
|t:|1758266711
|-terastallize|p2a: Alomomola|Ghost
|move|p1a: Electrode|Leaf Storm|p2a: Alomomola
|-damage|p2a: Alomomola|6/100
|-unboost|p1a: Electrode|spa|2
|move|p2a: Alomomola|Mirror Coat|p1a: Electrode
|-damage|p1a: Electrode|0 fnt
|faint|p1a: Electrode
|
|-heal|p2a: Alomomola|12/100|[from] Grassy Terrain
|-fieldend|move: Grassy Terrain
|upkeep
|
|t:|1758266724
|switch|p1a: Great Tusk|Great Tusk|100/100
|turn|27
|
|t:|1758266728
|move|p1a: Great Tusk|Ice Spinner|p2a: Alomomola
|-damage|p2a: Alomomola|0 fnt
|faint|p2a: Alomomola
|
|upkeep
|
|t:|1758266732
|switch|p2a: Rillaboom|Rillaboom, M|76/100
|-damage|p2a: Rillaboom|64/100|[from] Stealth Rock
|-fieldstart|move: Grassy Terrain|[from] ability: Grassy Surge|[of] p2a: Rillaboom
|turn|28
|
|t:|1758266747
|-end|p1a: Great Tusk|Protosynthesis|[silent]
|switch|p1a: Landorus|Landorus-Therian, M|46/100
|-ability|p1a: Landorus|Intimidate|boost
|-unboost|p2a: Rillaboom|atk|1
|move|p2a: Rillaboom|Wood Hammer|p1a: Landorus
|-damage|p1a: Landorus|0 fnt
|-damage|p2a: Rillaboom|47/100|[from] item: Rocky Helmet|[of] p1a: Landorus
|faint|p1a: Landorus
|-damage|p2a: Rillaboom|31/100|[from] Recoil
|
|-heal|p2a: Rillaboom|37/100|[from] Grassy Terrain
|upkeep
|
|t:|1758266762
|switch|p1a: Great Tusk|Great Tusk|100/100
|turn|29
|
|t:|1758266766
|switch|p2a: Ceruledge|Ceruledge, F|100/100
|move|p1a: Great Tusk|Ice Spinner|p2a: Ceruledge
|-resisted|p2a: Ceruledge
|-damage|p2a: Ceruledge|86/100
|-fieldend|move: Grassy Terrain
|
|upkeep
|turn|30
|
|t:|1758266773
|switch|p2a: Rillaboom|Rillaboom, M|37/100
|-damage|p2a: Rillaboom|25/100|[from] Stealth Rock
|-fieldstart|move: Grassy Terrain|[from] ability: Grassy Surge|[of] p2a: Rillaboom
|move|p1a: Great Tusk|Headlong Rush|p2a: Rillaboom
|-resisted|p2a: Rillaboom
|-damage|p2a: Rillaboom|0 fnt
|-unboost|p1a: Great Tusk|def|1
|-unboost|p1a: Great Tusk|spd|1
|faint|p2a: Rillaboom
|
|upkeep
|
|t:|1758266776
|switch|p2a: Electrode|Electrode-Hisui|100/100
|-damage|p2a: Electrode|88/100|[from] Stealth Rock
|turn|31
|
|t:|1758266789
|-end|p1a: Great Tusk|Protosynthesis|[silent]
|switch|p1a: Slowking|Slowking-Galar, M|47/100
|move|p2a: Electrode|Giga Drain|p1a: Slowking
|-resisted|p1a: Slowking
|-damage|p1a: Slowking|30/100
|-heal|p2a: Electrode|100/100|[from] drain|[of] p1a: Slowking
|
|-heal|p1a: Slowking|36/100|[from] Grassy Terrain
|upkeep
|turn|32
|
|t:|1758266799
|switch|p2a: Ting-Lu|Ting-Lu|82/100
|-damage|p2a: Ting-Lu|76/100|[from] Stealth Rock
|-ability|p2a: Ting-Lu|Vessel of Ruin
|move|p1a: Slowking|Toxic|p2a: Ting-Lu
|-status|p2a: Ting-Lu|tox
|
|-heal|p2a: Ting-Lu|82/100 tox|[from] Grassy Terrain
|-heal|p2a: Ting-Lu|88/100 tox|[from] item: Leftovers
|-heal|p1a: Slowking|42/100|[from] Grassy Terrain
|-damage|p2a: Ting-Lu|82/100 tox|[from] psn
|upkeep
|turn|33
|
|t:|1758266812
|switch|p1a: Alomomola|Alomomola, F, shiny|78/100
|move|p2a: Ting-Lu|Earthquake|p1a: Alomomola
|-damage|p1a: Alomomola|68/100
|
|-heal|p1a: Alomomola|74/100|[from] Grassy Terrain
|-heal|p2a: Ting-Lu|88/100 tox|[from] Grassy Terrain
|-heal|p2a: Ting-Lu|94/100 tox|[from] item: Leftovers
|-damage|p2a: Ting-Lu|82/100 tox|[from] psn
|upkeep
|turn|34
|
|t:|1758266824
|move|p1a: Alomomola|Wish|p1a: Alomomola
|move|p2a: Ting-Lu|Body Slam|p1a: Alomomola
|-damage|p1a: Alomomola|62/100
|
|-heal|p1a: Alomomola|68/100|[from] Grassy Terrain
|-heal|p2a: Ting-Lu|88/100 tox|[from] Grassy Terrain
|-heal|p2a: Ting-Lu|94/100 tox|[from] item: Leftovers
|-damage|p2a: Ting-Lu|76/100 tox|[from] psn
|-fieldend|move: Grassy Terrain
|upkeep
|turn|35
|
|t:|1758266835
|switch|p2a: Electrode|Electrode-Hisui|100/100
|-damage|p2a: Electrode|88/100|[from] Stealth Rock
|move|p1a: Alomomola|Scald|p2a: Electrode
|-resisted|p2a: Electrode
|-damage|p2a: Electrode|78/100
|
|-heal|p1a: Alomomola|100/100|[from] move: Wish|[wisher] Alomomola
|upkeep
|turn|36
|
|t:|1758266845
|switch|p1a: Slowking|Slowking-Galar, M|75/100
|move|p2a: Electrode|Chloroblast|p1a: Slowking
|-resisted|p1a: Slowking
|-damage|p1a: Slowking|50/100
|-damage|p2a: Electrode|28/100|[from] Recoil
|
|upkeep
|turn|37
|
|t:|1758266855
|switch|p2a: Ceruledge|Ceruledge, F|86/100
|-prepare|p1a: Slowking|Chilly Reception|[premajor]
|move|p1a: Slowking|Chilly Reception|p1a: Slowking
|-weather|Snowscape
|
|t:|1758266861
|switch|p1a: Great Tusk|Great Tusk|100/100|[from] Chilly Reception
|
|-weather|Snowscape|[upkeep]
|upkeep
|turn|38
|
|t:|1758266867
|move|p2a: Ceruledge|Shadow Sneak|p1a: Great Tusk
|-damage|p1a: Great Tusk|87/100
|move|p1a: Great Tusk|Headlong Rush|p2a: Ceruledge
|-supereffective|p2a: Ceruledge
|-damage|p2a: Ceruledge|0 fnt
|-unboost|p1a: Great Tusk|def|1
|-unboost|p1a: Great Tusk|spd|1
|faint|p2a: Ceruledge
|
|-weather|Snowscape|[upkeep]
|upkeep
|
|t:|1758266872
|switch|p2a: Electrode|Electrode-Hisui|28/100
|-damage|p2a: Electrode|16/100|[from] Stealth Rock
|turn|39
|c|☆GFYSYDAR|Dunce
|
|t:|1758266883
|-end|p1a: Great Tusk|Protosynthesis|[silent]
|switch|p1a: Slowking|Slowking-Galar, M|83/100
|move|p2a: Electrode|Giga Drain|p1a: Slowking
|-resisted|p1a: Slowking
|-damage|p1a: Slowking|72/100
|-heal|p2a: Electrode|25/100|[from] drain|[of] p1a: Slowking
|
|-weather|Snowscape|[upkeep]
|upkeep
|turn|40
|
|t:|1758266892
|switch|p2a: Ting-Lu|Ting-Lu|76/100 tox
|-damage|p2a: Ting-Lu|69/100 tox|[from] Stealth Rock
|-ability|p2a: Ting-Lu|Vessel of Ruin
|-prepare|p1a: Slowking|Chilly Reception|[premajor]
|move|p1a: Slowking|Chilly Reception|p1a: Slowking
|
|t:|1758266900
|switch|p1a: Alomomola|Alomomola, F, shiny|100/100|[from] Chilly Reception
|
|-weather|Snowscape|[upkeep]
|-heal|p2a: Ting-Lu|76/100 tox|[from] item: Leftovers
|-damage|p2a: Ting-Lu|69/100 tox|[from] psn
|upkeep
|turn|41
|
|t:|1758266908
|move|p1a: Alomomola|Wish|p1a: Alomomola
|move|p2a: Ting-Lu|Ruination|p1a: Alomomola
|-damage|p1a: Alomomola|50/100
|
|-weather|none
|-heal|p2a: Ting-Lu|76/100 tox|[from] item: Leftovers
|-damage|p2a: Ting-Lu|63/100 tox|[from] psn
|upkeep
|turn|42
|
|t:|1758266916
|move|p1a: Alomomola|Scald|p2a: Ting-Lu
|-supereffective|p2a: Ting-Lu
|-damage|p2a: Ting-Lu|51/100 tox
|move|p2a: Ting-Lu|Ruination|p1a: Alomomola
|-damage|p1a: Alomomola|26/100
|
|-heal|p1a: Alomomola|76/100|[from] move: Wish|[wisher] Alomomola
|-heal|p2a: Ting-Lu|57/100 tox|[from] item: Leftovers
|-damage|p2a: Ting-Lu|38/100 tox|[from] psn
|upkeep
|turn|43
|
|t:|1758266928
|move|p1a: Alomomola|Wish|p1a: Alomomola
|move|p2a: Ting-Lu|Earthquake|p1a: Alomomola
|-damage|p1a: Alomomola|56/100
|
|-heal|p2a: Ting-Lu|45/100 tox|[from] item: Leftovers
|-damage|p2a: Ting-Lu|20/100 tox|[from] psn
|upkeep
|turn|44
|
|t:|1758266938
|move|p1a: Alomomola|Scald|p2a: Ting-Lu
|-supereffective|p2a: Ting-Lu
|-damage|p2a: Ting-Lu|6/100 tox
|move|p2a: Ting-Lu|Ruination|p1a: Alomomola
|-damage|p1a: Alomomola|28/100
|
|-heal|p1a: Alomomola|78/100|[from] move: Wish|[wisher] Alomomola
|-heal|p2a: Ting-Lu|13/100 tox|[from] item: Leftovers
|-damage|p2a: Ting-Lu|0 fnt|[from] psn
|faint|p2a: Ting-Lu
|upkeep
|
|t:|1758266941
|switch|p2a: Electrode|Electrode-Hisui|25/100
|-damage|p2a: Electrode|13/100|[from] Stealth Rock
|turn|45
|-message|QB1K forfeited.
|
|win|GFYSYDAR
|raw|GFYSYDAR's rating: 1175 &rarr; <strong>1199</strong><br />(+24 for winning)
|raw|QB1K's rating: 1158 &rarr; <strong>1134</strong><br />(-24 for losing)
|l|☆QB1K
|player|p2|
|l|☆GFYSYDAR
|player|p1|
