|j|☆sauronikov
|j|‽Lightx4
|t:|1758348435
|gametype|singles
|player|p1|sauronikov|101|1298
|player|p2|Lightx4|169|1324
|gen|9
|tier|[Gen 9] OU
|rated|
|rule|HP Percentage Mod: HP is shown in percentages
|rule|Endless Battle Clause: Forcing endless battles is banned
|rule|Species Clause: Limit one of each Pokémon
|rule|OHKO Clause: OHKO moves are banned
|rule|Evasion Items Clause: Evasion items are banned
|rule|Evasion Moves Clause: Evasion moves are banned
|rule|Evasion Abilities Clause: Evasion abilities are banned
|rule|Sleep Moves Clause: Sleep-inducing moves are banned
|clearpoke
|poke|p1|Grimmsnarl, M|
|poke|p1|Rhyperior, F|
|poke|p1|Revavroom, F|
|poke|p1|Entei|
|poke|p1|Raikou|
|poke|p1|Iron Boulder|
|poke|p2|Pelipper, F|
|poke|p2|Hatterene, F|
|poke|p2|Iron Treads|
|poke|p2|Toxicroak, F|
|poke|p2|Barraskewda, F|
|poke|p2|Zapdos|
|teampreview
|inactive|Battle timer is ON: inactive players will automatically lose when time's up. (requested by Lightx4)
|
|t:|1758348442
|teamsize|p1|6
|teamsize|p2|6
|start
|switch|p1a: Raikou|Raikou, shiny|100/100
|switch|p2a: Pelipper|Pelipper, F|100/100
|-weather|RainDance|[from] ability: Drizzle|[of] p2a: Pelipper
|turn|1
|
|t:|1758348446
|switch|p2a: Iron Treads|Iron Treads|100/100
|move|p1a: Raikou|Agility|p1a: Raikou
|-boost|p1a: Raikou|spe|2
|
|-weather|RainDance|[upkeep]
|upkeep
|turn|2
|
|t:|1758348452
|-terastallize|p1a: Raikou|Water
|-terastallize|p2a: Iron Treads|Normal
|move|p1a: Raikou|Scald|p2a: Iron Treads
|-damage|p2a: Iron Treads|49/100
|move|p2a: Iron Treads|Earthquake|p1a: Raikou
|-damage|p1a: Raikou|62/100
|
|-weather|RainDance|[upkeep]
|-heal|p2a: Iron Treads|55/100|[from] item: Leftovers
|upkeep
|turn|3
|
|t:|1758348460
|move|p1a: Raikou|Thunderbolt|p2a: Iron Treads
|-damage|p2a: Iron Treads|16/100
|move|p2a: Iron Treads|Volt Switch|p1a: Raikou
|-supereffective|p1a: Raikou
|-damage|p1a: Raikou|41/100
|-enditem|p1a: Raikou|Weakness Policy
|-boost|p1a: Raikou|atk|2|[from] item: Weakness Policy
|-boost|p1a: Raikou|spa|2|[from] item: Weakness Policy
|
|t:|1758348468
|-end|p2a: Iron Treads|Quark Drive|[silent]
|switch|p2a: Barraskewda|Barraskewda, F|100/100|[from] Volt Switch
|
|-weather|RainDance|[upkeep]
|upkeep
|turn|4
|
|t:|1758348471
|move|p2a: Barraskewda|Close Combat|p1a: Raikou
|-damage|p1a: Raikou|0 fnt
|-unboost|p2a: Barraskewda|def|1
|-unboost|p2a: Barraskewda|spd|1
|faint|p1a: Raikou
|
|-weather|RainDance|[upkeep]
|upkeep
|c|☆sauronikov|how does a fish get close combat
|c|☆sauronikov|yet some dudes with acutal arms dont
|
|t:|1758348492
|switch|p1a: Grimmsnarl|Grimmsnarl, M, shiny|100/100
|turn|5
|
|t:|1758348497
|switch|p2a: Hatterene|Hatterene, F|100/100
|move|p1a: Grimmsnarl|Reflect|p1a: Grimmsnarl
|-sidestart|p1: sauronikov|Reflect
|
|-weather|RainDance|[upkeep]
|upkeep
|turn|6
|
|t:|1758348500
|move|p1a: Grimmsnarl|Parting Shot|p2a: Hatterene
|move|p2a: Hatterene|Parting Shot|p1a: Grimmsnarl|[from] ability: Magic Bounce
|-unboost|p1a: Grimmsnarl|atk|1
|-unboost|p1a: Grimmsnarl|spa|1
|
|t:|1758348510
|switch|p2a: Zapdos|Zapdos|100/100|[from] Parting Shot
|
|-weather|RainDance|[upkeep]
|upkeep
|turn|7
|
|t:|1758348512
|move|p1a: Grimmsnarl|Light Screen|p1a: Grimmsnarl
|-sidestart|p1: sauronikov|move: Light Screen
|move|p2a: Zapdos|Hurricane|p1a: Grimmsnarl
|-damage|p1a: Grimmsnarl|62/100
|-start|p1a: Grimmsnarl|confusion
|
|-weather|RainDance|[upkeep]
|upkeep
|turn|8
|
|t:|1758348516
|switch|p2a: Hatterene|Hatterene, F|100/100
|-activate|p1a: Grimmsnarl|confusion
|move|p1a: Grimmsnarl|Parting Shot|p2a: Hatterene
|move|p2a: Hatterene|Parting Shot|p1a: Grimmsnarl|[from] ability: Magic Bounce
|-unboost|p1a: Grimmsnarl|atk|1
|-unboost|p1a: Grimmsnarl|spa|1
|
|t:|1758348525
|switch|p2a: Zapdos|Zapdos|100/100|[from] Parting Shot
|
|-weather|none
|upkeep
|turn|9
|
|t:|1758348528
|-activate|p1a: Grimmsnarl|confusion
|move|p1a: Grimmsnarl|Parting Shot|p2a: Zapdos
|-unboost|p2a: Zapdos|atk|1
|-unboost|p2a: Zapdos|spa|1
|
|t:|1758348531
|switch|p1a: Iron Boulder|Iron Boulder|100/100|[from] Parting Shot
|move|p2a: Zapdos|Volt Switch|p1a: Iron Boulder
|-damage|p1a: Iron Boulder|85/100
|
|t:|1758348535
|switch|p2a: Pelipper|Pelipper, F|100/100|[from] Volt Switch
|-weather|RainDance|[from] ability: Drizzle|[of] p2a: Pelipper
|
|-weather|RainDance|[upkeep]
|upkeep
|turn|10
|
|t:|1758348540
|move|p1a: Iron Boulder|Mighty Cleave|p2a: Pelipper
|-supereffective|p2a: Pelipper
|-damage|p2a: Pelipper|0 fnt
|faint|p2a: Pelipper
|
|-weather|RainDance|[upkeep]
|upkeep
|
|t:|1758348551
|switch|p2a: Hatterene|Hatterene, F|100/100
|turn|11
|
|t:|1758348558
|move|p1a: Iron Boulder|Agility|p1a: Iron Boulder
|-boost|p1a: Iron Boulder|spe|2
|move|p2a: Hatterene|Nuzzle|p1a: Iron Boulder
|-damage|p1a: Iron Boulder|83/100
|-status|p1a: Iron Boulder|par
|
|-weather|RainDance|[upkeep]
|upkeep
|turn|12
|
|t:|1758348565
|cant|p1a: Iron Boulder|par
|move|p2a: Hatterene|Psychic Noise|p1a: Iron Boulder
|-resisted|p1a: Iron Boulder
|-crit|p1a: Iron Boulder
|-damage|p1a: Iron Boulder|62/100 par
|-start|p1a: Iron Boulder|move: Heal Block
|
|-weather|RainDance|[upkeep]
|-sideend|p1: sauronikov|Reflect
|upkeep
|turn|13
|
|t:|1758348571
|move|p1a: Iron Boulder|Mighty Cleave|p2a: Hatterene
|-damage|p2a: Hatterene|55/100
|-enditem|p2a: Hatterene|Eject Button
|
|t:|1758348574
|switch|p2a: Barraskewda|Barraskewda, F|100/100
|
|-weather|RainDance|[upkeep]
|-end|p1a: Iron Boulder|move: Heal Block
|upkeep
|turn|14
|
|t:|1758348582
|move|p2a: Barraskewda|Liquidation|p1a: Iron Boulder
|-supereffective|p1a: Iron Boulder
|-damage|p1a: Iron Boulder|0 fnt
|faint|p1a: Iron Boulder
|-end|p1a: Iron Boulder|Quark Drive|[silent]
|
|-weather|RainDance|[upkeep]
|-sideend|p1: sauronikov|move: Light Screen
|upkeep
|
|t:|1758348585
|switch|p1a: Grimmsnarl|Grimmsnarl, M, shiny|62/100
|turn|15
|
|t:|1758348590
|move|p1a: Grimmsnarl|Reflect|p1a: Grimmsnarl
|-sidestart|p1: sauronikov|Reflect
|move|p2a: Barraskewda|Liquidation|p1a: Grimmsnarl
|-damage|p1a: Grimmsnarl|14/100
|
|-weather|RainDance|[upkeep]
|upkeep
|turn|16
|
|t:|1758348594
|move|p1a: Grimmsnarl|Light Screen|p1a: Grimmsnarl
|-sidestart|p1: sauronikov|move: Light Screen
|move|p2a: Barraskewda|Liquidation|p1a: Grimmsnarl
|-damage|p1a: Grimmsnarl|0 fnt
|faint|p1a: Grimmsnarl
|
|-weather|none
|upkeep
|
|t:|1758348598
|switch|p1a: Entei|Entei, shiny|100/100
|turn|17
|
|t:|1758348600
|move|p2a: Barraskewda|Liquidation|p1a: Entei
|-supereffective|p1a: Entei
|-damage|p1a: Entei|33/100
|-unboost|p1a: Entei|def|1
|-enditem|p1a: Entei|Weakness Policy
|-boost|p1a: Entei|atk|2|[from] item: Weakness Policy
|-boost|p1a: Entei|spa|2|[from] item: Weakness Policy
|move|p1a: Entei|Agility|p1a: Entei
|-boost|p1a: Entei|spe|2
|
|upkeep
|turn|18
|
|t:|1758348603
|move|p1a: Entei|Extreme Speed|p2a: Barraskewda
|-damage|p2a: Barraskewda|0 fnt
|faint|p2a: Barraskewda
|
|upkeep
|
|t:|1758348612
|switch|p2a: Zapdos|Zapdos|100/100
|turn|19
|
|t:|1758348619
|move|p1a: Entei|Sacred Fire|p2a: Zapdos
|-damage|p2a: Zapdos|0 fnt
|faint|p2a: Zapdos
|
|upkeep
|
|t:|1758348623
|switch|p2a: Hatterene|Hatterene, F|55/100
|turn|20
|
|t:|1758348625
|move|p1a: Entei|Extreme Speed|p2a: Hatterene
|-damage|p2a: Hatterene|1/100
|move|p2a: Hatterene|Nuzzle|p1a: Entei
|-damage|p1a: Entei|31/100
|-status|p1a: Entei|par
|
|upkeep
|turn|21
|c|☆sauronikov|HAHA
|c|☆sauronikov|one
|c|☆sauronikov|thanks luck
|
|t:|1758348636
|move|p1a: Entei|Extreme Speed|p2a: Hatterene
|-damage|p2a: Hatterene|0 fnt
|faint|p2a: Hatterene
|
|upkeep
|
|t:|1758348638
|switch|p2a: Toxicroak|Toxicroak, F|100/100
|turn|22
|
|t:|1758348644
|cant|p1a: Entei|par
|move|p2a: Toxicroak|Drain Punch|p1a: Entei
|-damage|p1a: Entei|11/100 par
|
|-sideend|p1: sauronikov|Reflect
|upkeep
|turn|23
|
|t:|1758348649
|move|p1a: Entei|Extreme Speed|p2a: Toxicroak
|-damage|p2a: Toxicroak|50/100
|-damage|p1a: Entei|0 fnt|[from] item: Rocky Helmet|[of] p2a: Toxicroak
|faint|p1a: Entei
|move|p2a: Toxicroak|Drain Punch|p1: Entei|[notarget]
|-fail|p2a: Toxicroak
|
|-sideend|p1: sauronikov|move: Light Screen
|upkeep
|
|t:|1758348652
|switch|p1a: Rhyperior|Rhyperior, F, shiny|100/100
|turn|24
|
|t:|1758348658
|move|p2a: Toxicroak|Toxic|p1a: Rhyperior
|-status|p1a: Rhyperior|tox
|move|p1a: Rhyperior|Rock Polish|p1a: Rhyperior
|-boost|p1a: Rhyperior|spe|2
|
|-damage|p1a: Rhyperior|94/100 tox|[from] psn
|upkeep
|turn|25
|
|t:|1758348662
|move|p1a: Rhyperior|Earthquake|p2a: Toxicroak
|-supereffective|p2a: Toxicroak
|-damage|p2a: Toxicroak|0 fnt
|faint|p2a: Toxicroak
|
|-damage|p1a: Rhyperior|82/100 tox|[from] psn
|upkeep
|
|t:|1758348664
|switch|p2a: Iron Treads|Iron Treads, tera:Normal|16/100
|turn|26
|
|t:|1758348667
|move|p1a: Rhyperior|Earthquake|p2a: Iron Treads
|-crit|p2a: Iron Treads
|-damage|p2a: Iron Treads|0 fnt
|faint|p2a: Iron Treads
|-end|p2a: Iron Treads|Quark Drive|[silent]
|
|win|sauronikov
|raw|sauronikov's rating: 1298 &rarr; <strong>1325</strong><br />(+27 for winning)
|raw|Lightx4's rating: 1324 &rarr; <strong>1303</strong><br />(-21 for losing)
|l|‽Lightx4
|player|p2|
|l|☆sauronikov
|player|p1|
