|j|☆Desert Tail
|j|☆EaterofEnchiladas
|t:|1758348884
|gametype|singles
|player|p1|Desert Tail|169|1122
|player|p2|EaterofEnchiladas|clown|1159
|gen|9
|tier|[Gen 9] OU
|rated|
|rule|HP Percentage Mod: HP is shown in percentages
|rule|Endless Battle Clause: Forcing endless battles is banned
|rule|Species Clause: Limit one of each Pokémon
|rule|OHKO Clause: OHKO moves are banned
|rule|Evasion Items Clause: Evasion items are banned
|rule|Evasion Moves Clause: Evasion moves are banned
|rule|Evasion Abilities Clause: Evasion abilities are banned
|rule|Sleep Moves Clause: Sleep-inducing moves are banned
|clearpoke
|poke|p1|Raichu, F|
|poke|p1|Ninetales-Alola, M|
|poke|p1|Gallade, M|
|poke|p1|Crabominable, M|
|poke|p1|Sandaconda, M|
|poke|p1|Polteageist|
|poke|p2|Klefki, F|
|poke|p2|Glimmora, F|
|poke|p2|Tropius, F|
|poke|p2|Landorus-Therian, M|
|poke|p2|Slither Wing|
|poke|p2|Ninetales, M|
|teampreview
|inactive|Battle timer is ON: inactive players will automatically lose when time's up. (requested by EaterofEnchiladas)
|
|t:|1758348903
|teamsize|p1|6
|teamsize|p2|6
|start
|switch|p1a: Goro|Raichu, F, shiny|100/100
|switch|p2a: Glimmora|Glimmora, F|100/100
|turn|1
|
|t:|1758348910
|move|p1a: Goro|Nasty Plot|p1a: Goro
|-boost|p1a: Goro|spa|2
|move|p2a: Glimmora|Earth Power|p1a: Goro
|-supereffective|p1a: Goro
|-enditem|p1a: Goro|Focus Sash
|-damage|p1a: Goro|1/100
|-unboost|p1a: Goro|spd|1
|
|upkeep
|turn|2
|
|t:|1758348924
|switch|p2a: Landorus|Landorus-Therian, M|100/100
|-ability|p2a: Landorus|Intimidate|boost
|-unboost|p1a: Goro|atk|1
|move|p1a: Goro|Surf|p2a: Landorus
|-supereffective|p2a: Landorus
|-damage|p2a: Landorus|47/100
|
|upkeep
|turn|3
|
|t:|1758348950
|switch|p2a: Klefki|Klefki, F|100/100
|move|p1a: Goro|Surf|p2a: Klefki
|-damage|p2a: Klefki|60/100
|
|upkeep
|turn|4
|inactive|EaterofEnchiladas has 120 seconds left.
|
|t:|1758348975
|move|p1a: Goro|Volt Switch|p2a: Klefki
|-damage|p2a: Klefki|13/100
|
|t:|1758348978
|switch|p1a: Sin|Sandaconda, M, shiny|100/100|[from] Volt Switch
|move|p2a: Klefki|Foul Play|p1a: Sin
|-damage|p1a: Sin|71/100
|-weather|Sandstorm|[from] ability: Sand Spit|[of] p1a: Sin
|
|-weather|Sandstorm|[upkeep]
|-heal|p1a: Sin|77/100|[from] item: Leftovers
|upkeep
|turn|5
|inactive|EaterofEnchiladas has 120 seconds left.
|
|t:|1758348993
|switch|p2a: Tropius|Tropius, F|100/100
|move|p1a: Sin|Fire Fang|p2a: Tropius
|-supereffective|p2a: Tropius
|-damage|p2a: Tropius|60/100
|
|-weather|Sandstorm|[upkeep]
|-damage|p2a: Tropius|54/100|[from] Sandstorm
|-heal|p1a: Sin|83/100|[from] item: Leftovers
|upkeep
|turn|6
|inactive|EaterofEnchiladas has 120 seconds left.
|
|t:|1758349009
|move|p1a: Sin|Coil|p1a: Sin
|-boost|p1a: Sin|atk|1
|-boost|p1a: Sin|def|1
|-boost|p1a: Sin|accuracy|1
|move|p2a: Tropius|Leech Seed|p1a: Sin
|-start|p1a: Sin|move: Leech Seed
|
|-weather|Sandstorm|[upkeep]
|-damage|p2a: Tropius|47/100|[from] Sandstorm
|-enditem|p2a: Tropius|Sitrus Berry|[eat]
|-heal|p2a: Tropius|72/100|[from] item: Sitrus Berry
|-heal|p1a: Sin|89/100|[from] item: Leftovers
|-damage|p1a: Sin|76/100|[from] Leech Seed|[of] p2a: Tropius
|-heal|p2a: Tropius|81/100|[silent]
|-item|p2a: Tropius|Sitrus Berry|[from] ability: Harvest
|upkeep
|turn|7
|inactive|EaterofEnchiladas has 120 seconds left.
|
|t:|1758349024
|move|p1a: Sin|Coil|p1a: Sin
|-boost|p1a: Sin|atk|1
|-boost|p1a: Sin|def|1
|-boost|p1a: Sin|accuracy|1
|move|p2a: Tropius|Substitute|p2a: Tropius
|-start|p2a: Tropius|Substitute
|-damage|p2a: Tropius|56/100
|
|-weather|Sandstorm|[upkeep]
|-damage|p2a: Tropius|50/100|[from] Sandstorm
|-enditem|p2a: Tropius|Sitrus Berry|[eat]
|-heal|p2a: Tropius|75/100|[from] item: Sitrus Berry
|-heal|p1a: Sin|82/100|[from] item: Leftovers
|-damage|p1a: Sin|70/100|[from] Leech Seed|[of] p2a: Tropius
|-heal|p2a: Tropius|84/100|[silent]
|-item|p2a: Tropius|Sitrus Berry|[from] ability: Harvest
|upkeep
|turn|8
|inactive|EaterofEnchiladas has 120 seconds left.
|
|t:|1758349039
|move|p2a: Tropius|Protect|p2a: Tropius
|-singleturn|p2a: Tropius|Protect
|move|p1a: Sin|Fire Fang|p2a: Tropius
|-activate|p2a: Tropius|move: Protect
|
|-weather|none
|-heal|p1a: Sin|76/100|[from] item: Leftovers
|-damage|p1a: Sin|64/100|[from] Leech Seed|[of] p2a: Tropius
|-heal|p2a: Tropius|92/100|[silent]
|upkeep
|turn|9
|c|☆Desert Tail|wow
|
|t:|1758349049
|move|p1a: Sin|Dragon Rush|p2a: Tropius
|-end|p2a: Tropius|Substitute
|move|p2a: Tropius|Substitute|p2a: Tropius
|-start|p2a: Tropius|Substitute
|-damage|p2a: Tropius|67/100
|
|-heal|p1a: Sin|70/100|[from] item: Leftovers
|-damage|p1a: Sin|57/100|[from] Leech Seed|[of] p2a: Tropius
|-heal|p2a: Tropius|76/100|[silent]
|upkeep
|turn|10
|inactive|EaterofEnchiladas has 120 seconds left.
|
|t:|1758349059
|move|p2a: Tropius|Protect|p2a: Tropius
|-singleturn|p2a: Tropius|Protect
|move|p1a: Sin|Dragon Rush|p2a: Tropius
|-activate|p2a: Tropius|move: Protect
|
|-heal|p1a: Sin|63/100|[from] item: Leftovers
|-damage|p1a: Sin|51/100|[from] Leech Seed|[of] p2a: Tropius
|-heal|p2a: Tropius|85/100|[silent]
|upkeep
|turn|11
|inactive|EaterofEnchiladas has 120 seconds left.
|c|☆Desert Tail|this is
|
|t:|1758349077
|move|p1a: Sin|Dragon Rush|p2a: Tropius
|-end|p2a: Tropius|Substitute
|move|p2a: Tropius|Substitute|p2a: Tropius
|-start|p2a: Tropius|Substitute
|-damage|p2a: Tropius|60/100
|
|-heal|p1a: Sin|57/100|[from] item: Leftovers
|-damage|p1a: Sin|45/100|[from] Leech Seed|[of] p2a: Tropius
|-heal|p2a: Tropius|69/100|[silent]
|upkeep
|turn|12
|inactive|EaterofEnchiladas has 120 seconds left.
|
|t:|1758349090
|move|p2a: Tropius|Protect|p2a: Tropius
|-singleturn|p2a: Tropius|Protect
|move|p1a: Sin|Fire Fang|p2a: Tropius
|-activate|p2a: Tropius|move: Protect
|
|-heal|p1a: Sin|51/100|[from] item: Leftovers
|-damage|p1a: Sin|39/100|[from] Leech Seed|[of] p2a: Tropius
|-heal|p2a: Tropius|77/100|[silent]
|upkeep
|turn|13
|
|t:|1758349101
|move|p1a: Sin|Fire Fang|p2a: Tropius
|-supereffective|p2a: Tropius
|-end|p2a: Tropius|Substitute
|move|p2a: Tropius|Giga Drain|p1a: Sin
|-supereffective|p1a: Sin
|-damage|p1a: Sin|0 fnt
|-heal|p2a: Tropius|91/100|[from] drain|[of] p1a: Sin
|-weather|Sandstorm|[from] ability: Sand Spit|[of] p1a: Sin
|faint|p1a: Sin
|
|-weather|Sandstorm|[upkeep]
|-damage|p2a: Tropius|85/100|[from] Sandstorm
|upkeep
|inactive|Desert Tail has 120 seconds left.
|
|t:|1758349132
|switch|p1a: MaleQueen|Ninetales-Alola, M, shiny|100/100
|-weather|Snowscape|[from] ability: Snow Warning|[of] p1a: MaleQueen
|turn|14
|
|t:|1758349137
|-terastallize|p2a: Tropius|Steel
|move|p1a: MaleQueen|Aurora Veil|p1a: MaleQueen
|-sidestart|p1: Desert Tail|move: Aurora Veil
|move|p2a: Tropius|Leech Seed|p1a: MaleQueen
|-start|p1a: MaleQueen|move: Leech Seed
|
|-weather|Snowscape|[upkeep]
|-damage|p1a: MaleQueen|88/100|[from] Leech Seed|[of] p2a: Tropius
|-heal|p2a: Tropius|94/100|[silent]
|upkeep
|turn|15
|
|t:|1758349148
|move|p1a: MaleQueen|Encore|p2a: Tropius
|-start|p2a: Tropius|Encore
|move|p2a: Tropius|Leech Seed||[still]
|-fail|p2a: Tropius
|
|-weather|Snowscape|[upkeep]
|-damage|p1a: MaleQueen|76/100|[from] Leech Seed|[of] p2a: Tropius
|-heal|p2a: Tropius|100/100|[silent]
|upkeep
|turn|16
|
|t:|1758349153
|switch|p1a: Silver|Gallade, M, shiny|100/100
|switch|p2a: Ninetales|Ninetales, M|100/100
|-weather|SunnyDay|[from] ability: Drought|[of] p2a: Ninetales
|
|-weather|SunnyDay|[upkeep]
|upkeep
|turn|17
|
|t:|1758349170
|move|p2a: Ninetales|Will-O-Wisp|p1a: Silver
|-status|p1a: Silver|brn
|move|p1a: Silver|Agility|p1a: Silver
|-boost|p1a: Silver|spe|2
|
|-weather|SunnyDay|[upkeep]
|-damage|p1a: Silver|94/100 brn|[from] brn
|upkeep
|turn|18
|
|t:|1758349184
|move|p1a: Silver|Sacred Sword|p2a: Ninetales
|-damage|p2a: Ninetales|41/100
|move|p2a: Ninetales|Flamethrower|p1a: Silver
|-damage|p1a: Silver|62/100 brn
|
|-weather|SunnyDay|[upkeep]
|-damage|p1a: Silver|56/100 brn|[from] brn
|upkeep
|turn|19
|
|t:|1758349193
|switch|p2a: Glimmora|Glimmora, F|100/100
|move|p1a: Silver|Sacred Sword|p2a: Glimmora
|-damage|p2a: Glimmora|54/100
|-activate|p2a: Glimmora|ability: Toxic Debris
|-sidestart|p1: Desert Tail|move: Toxic Spikes
|
|-weather|SunnyDay|[upkeep]
|-damage|p1a: Silver|50/100 brn|[from] brn
|upkeep
|turn|20
|c|☆Desert Tail|this is such a lame tean man 💔
|
|t:|1758349207
|move|p1a: Silver|Psycho Cut|p2a: Glimmora
|-supereffective|p2a: Glimmora
|-damage|p2a: Glimmora|0 fnt
|-activate|p2a: Glimmora|ability: Toxic Debris
|-sidestart|p1: Desert Tail|move: Toxic Spikes
|faint|p2a: Glimmora
|
|-weather|SunnyDay|[upkeep]
|-damage|p1a: Silver|43/100 brn|[from] brn
|upkeep
|
|t:|1758349215
|switch|p2a: Klefki|Klefki, F|13/100
|turn|21
|
|t:|1758349222
|move|p2a: Klefki|Reflect|p2a: Klefki
|-sidestart|p2: EaterofEnchiladas|Reflect
|move|p1a: Silver|Psycho Cut|p2a: Klefki
|-resisted|p2a: Klefki
|-damage|p2a: Klefki|7/100
|
|-weather|SunnyDay|[upkeep]
|-damage|p1a: Silver|37/100 brn|[from] brn
|-sideend|p1: Desert Tail|move: Aurora Veil
|upkeep
|turn|22
|
|t:|1758349234
|switch|p2a: Tropius|Tropius, F, tera:Steel|100/100
|move|p1a: Silver|Sacred Sword|p2a: Tropius
|-supereffective|p2a: Tropius
|-damage|p2a: Tropius|64/100
|
|-weather|SunnyDay|[upkeep]
|-damage|p1a: Silver|31/100 brn|[from] brn
|upkeep
|turn|23
|
|t:|1758349245
|move|p1a: Silver|Sacred Sword|p2a: Tropius
|-supereffective|p2a: Tropius
|-crit|p2a: Tropius
|-damage|p2a: Tropius|0 fnt
|faint|p2a: Tropius
|
|-weather|none
|-damage|p1a: Silver|25/100 brn|[from] brn
|upkeep
|c|☆Desert Tail|thank god bro
|
|t:|1758349259
|switch|p2a: Slither Wing|Slither Wing|100/100
|-enditem|p2a: Slither Wing|Booster Energy
|-activate|p2a: Slither Wing|ability: Protosynthesis|[fromitem]
|-start|p2a: Slither Wing|protosynthesisatk
|turn|24
|
|t:|1758349266
|move|p2a: Slither Wing|First Impression|p1a: Silver
|-damage|p1a: Silver|0 fnt
|faint|p1a: Silver
|
|upkeep
|
|t:|1758349275
|switch|p1a: MaleQueen|Ninetales-Alola, M, shiny|76/100
|-status|p1a: MaleQueen|tox
|-weather|Snowscape|[from] ability: Snow Warning|[of] p1a: MaleQueen
|turn|25
|
|t:|1758349280
|move|p1a: MaleQueen|Aurora Veil|p1a: MaleQueen
|-sidestart|p1: Desert Tail|move: Aurora Veil
|move|p2a: Slither Wing|Bulk Up|p2a: Slither Wing
|-boost|p2a: Slither Wing|atk|1
|-boost|p2a: Slither Wing|def|1
|
|-weather|Snowscape|[upkeep]
|-damage|p1a: MaleQueen|70/100 tox|[from] psn
|upkeep
|turn|26
|
|t:|1758349289
|move|p1a: MaleQueen|Encore|p2a: Slither Wing
|-start|p2a: Slither Wing|Encore
|move|p2a: Slither Wing|Bulk Up|p2a: Slither Wing
|-boost|p2a: Slither Wing|atk|1
|-boost|p2a: Slither Wing|def|1
|
|-weather|Snowscape|[upkeep]
|-damage|p1a: MaleQueen|58/100 tox|[from] psn
|upkeep
|turn|27
|
|t:|1758349293
|move|p1a: MaleQueen|Moonblast|p2a: Slither Wing
|-supereffective|p2a: Slither Wing
|-damage|p2a: Slither Wing|30/100
|move|p2a: Slither Wing|Bulk Up|p2a: Slither Wing
|-boost|p2a: Slither Wing|atk|1
|-boost|p2a: Slither Wing|def|1
|
|-weather|Snowscape|[upkeep]
|-damage|p1a: MaleQueen|41/100 tox|[from] psn
|upkeep
|turn|28
|
|t:|1758349304
|switch|p1a: Polteageist|Polteageist, shiny|100/100
|-status|p1a: Polteageist|tox
|-end|p2a: Slither Wing|Protosynthesis|[silent]
|switch|p2a: Klefki|Klefki, F|7/100
|
|-weather|Snowscape|[upkeep]
|-damage|p1a: Polteageist|94/100 tox|[from] psn
|-sideend|p2: EaterofEnchiladas|Reflect
|upkeep
|turn|29
|
|t:|1758349313
|move|p1a: Polteageist|Shell Smash|p1a: Polteageist
|-unboost|p1a: Polteageist|def|1
|-unboost|p1a: Polteageist|spd|1
|-boost|p1a: Polteageist|atk|2
|-boost|p1a: Polteageist|spa|2
|-boost|p1a: Polteageist|spe|2
|-enditem|p1a: Polteageist|White Herb
|-clearnegativeboost|p1a: Polteageist|[silent]
|move|p2a: Klefki|Foul Play|p1a: Polteageist
|-supereffective|p1a: Polteageist
|-damage|p1a: Polteageist|67/100 tox
|-ability|p1a: Polteageist|Weak Armor|boost
|-unboost|p1a: Polteageist|def|1
|-boost|p1a: Polteageist|spe|2
|
|-weather|none
|-damage|p1a: Polteageist|55/100 tox|[from] psn
|upkeep
|turn|30
|
|t:|1758349328
|-terastallize|p1a: Polteageist|Ghost
|move|p2a: Klefki|Light Screen|p2a: Klefki
|-sidestart|p2: EaterofEnchiladas|move: Light Screen
|move|p1a: Polteageist|Shadow Ball|p2a: Klefki
|-damage|p2a: Klefki|0 fnt
|faint|p2a: Klefki
|
|-damage|p1a: Polteageist|37/100 tox|[from] psn
|upkeep
|
|t:|1758349339
|switch|p2a: Slither Wing|Slither Wing|30/100
|turn|31
|
|t:|1758349348
|move|p2a: Slither Wing|First Impression|p1a: Polteageist
|-resisted|p1a: Polteageist
|-damage|p1a: Polteageist|13/100 tox
|-ability|p1a: Polteageist|Weak Armor|boost
|-unboost|p1a: Polteageist|def|1
|-boost|p1a: Polteageist|spe|2
|move|p1a: Polteageist|Psychic|p2a: Slither Wing
|-supereffective|p2a: Slither Wing
|-damage|p2a: Slither Wing|0 fnt
|faint|p2a: Slither Wing
|-end|p2a: Slither Wing|Protosynthesis|[silent]
|
|-damage|p1a: Polteageist|0 fnt|[from] psn
|faint|p1a: Polteageist
|upkeep
|
|t:|1758349362
|switch|p2a: Ninetales|Ninetales, M|41/100
|switch|p1a: Abombom|Crabominable, M, shiny|100/100
|-weather|SunnyDay|[from] ability: Drought|[of] p2a: Ninetales
|-status|p1a: Abombom|tox
|turn|32
|
|t:|1758349376
|move|p2a: Ninetales|Pain Split|p1a: Abombom
|-sethp|p1a: Abombom|68/100 tox|[from] move: Pain Split|[silent]
|-sethp|p2a: Ninetales|79/100|[from] move: Pain Split
|move|p1a: Abombom|Drain Punch|p2a: Ninetales
|-damage|p2a: Ninetales|16/100
|-heal|p1a: Abombom|95/100 tox|[from] drain|[of] p2a: Ninetales
|
|-weather|SunnyDay|[upkeep]
|-heal|p1a: Abombom|100/100 tox|[from] item: Leftovers
|-damage|p1a: Abombom|95/100 tox|[from] psn
|-sideend|p1: Desert Tail|move: Aurora Veil
|upkeep
|turn|33
|
|t:|1758349388
|move|p2a: Ninetales|Flamethrower|p1a: Abombom
|-supereffective|p1a: Abombom
|-damage|p1a: Abombom|0 fnt
|faint|p1a: Abombom
|
|-weather|SunnyDay|[upkeep]
|upkeep
|
|t:|1758349395
|switch|p1a: MaleQueen|Ninetales-Alola, M, shiny|41/100 tox
|-weather|Snowscape|[from] ability: Snow Warning|[of] p1a: MaleQueen
|turn|34
|
|t:|1758349401
|switch|p2a: Landorus|Landorus-Therian, M|47/100
|-ability|p2a: Landorus|Intimidate|boost
|-unboost|p1a: MaleQueen|atk|1
|move|p1a: MaleQueen|Moonblast|p2a: Landorus
|-damage|p2a: Landorus|31/100
|
|-weather|Snowscape|[upkeep]
|-damage|p1a: MaleQueen|35/100 tox|[from] psn
|upkeep
|turn|35
|
|t:|1758349411
|move|p1a: MaleQueen|Freeze-Dry|p2a: Landorus
|-supereffective|p2a: Landorus
|-damage|p2a: Landorus|0 fnt
|faint|p2a: Landorus
|
|-weather|Snowscape|[upkeep]
|-damage|p1a: MaleQueen|23/100 tox|[from] psn
|upkeep
|
|t:|1758349416
|switch|p2a: Ninetales|Ninetales, M|16/100
|-weather|SunnyDay|[from] ability: Drought|[of] p2a: Ninetales
|turn|36
|c|☆Desert Tail|OH MY GOD
|
|t:|1758349424
|move|p1a: MaleQueen|Moonblast|p2a: Ninetales
|-resisted|p2a: Ninetales
|-damage|p2a: Ninetales|5/100
|move|p2a: Ninetales|Flamethrower|p1a: MaleQueen
|-supereffective|p1a: MaleQueen
|-damage|p1a: MaleQueen|0 fnt
|faint|p1a: MaleQueen
|
|-weather|SunnyDay|[upkeep]
|upkeep
|
|t:|1758349428
|switch|p1a: Goro|Raichu, F, shiny|1/100
|-status|p1a: Goro|tox
|turn|37
|
|t:|1758349451
|move|p1a: Goro|Surf|p2a: Ninetales
|-supereffective|p2a: Ninetales
|-damage|p2a: Ninetales|0 fnt
|faint|p2a: Ninetales
|
|win|Desert Tail
|raw|Desert Tail's rating: 1122 &rarr; <strong>1150</strong><br />(+28 for winning)
|raw|EaterofEnchiladas's rating: 1159 &rarr; <strong>1131</strong><br />(-28 for losing)
|l|☆EaterofEnchiladas
|player|p2|
|c|☆Desert Tail|OH MY GOD
|c|☆Desert Tail|Dawg
|c|☆Desert Tail|dude
|l|☆Desert Tail
|player|p1|
