|j|☆KnockOffx2
|j|☆justiceforjessie
|t:|1758256309
|gametype|singles
|player|p1|KnockOffx2|burglar|1531
|player|p2|justiceforjessie|170|1529
|gen|9
|tier|[Gen 9] OU
|rated|
|rule|HP Percentage Mod: HP is shown in percentages
|rule|Endless Battle Clause: Forcing endless battles is banned
|rule|Species Clause: Limit one of each Pokémon
|rule|OHKO Clause: OHKO moves are banned
|rule|Evasion Items Clause: Evasion items are banned
|rule|Evasion Moves Clause: Evasion moves are banned
|rule|Evasion Abilities Clause: Evasion abilities are banned
|rule|Sleep Moves Clause: Sleep-inducing moves are banned
|clearpoke
|poke|p1|Great Tusk|
|poke|p1|Slowking-Galar, F|
|poke|p1|Moltres|
|poke|p1|Dragapult, M|
|poke|p1|Darkrai|
|poke|p1|Iron Valiant|
|poke|p2|Ninetales, M|
|poke|p2|Great Tusk|
|poke|p2|Walking Wake|
|poke|p2|Comfey, M|
|poke|p2|Venusaur, F|
|poke|p2|Gholdengo|
|teampreview
|j| darkmoonllll
|inactive|Battle timer is ON: inactive players will automatically lose when time's up. (requested by KnockOffx2)
|
|t:|1758256360
|teamsize|p1|6
|teamsize|p2|6
|start
|switch|p1a: Slowking|Slowking-Galar, F|100/100
|switch|p2a: NineGENDERS.|Ninetales, M|100/100
|-weather|SunnyDay|[from] ability: Drought|[of] p2a: NineGENDERS.
|turn|1
|
|t:|1758256372
|move|p2a: NineGENDERS.|Will-O-Wisp|p1a: Slowking
|-status|p1a: Slowking|brn
|move|p1a: Slowking|Sludge Bomb|p2a: NineGENDERS.
|-damage|p2a: NineGENDERS.|61/100
|
|-weather|SunnyDay|[upkeep]
|-damage|p1a: Slowking|94/100 brn|[from] brn
|upkeep
|turn|2
|
|t:|1758256381
|switch|p2a: Great THEY/THEM.|Great Tusk|100/100
|-activate|p2a: Great THEY/THEM.|ability: Protosynthesis
|-start|p2a: Great THEY/THEM.|protosynthesisatk
|move|p1a: Slowking|Flamethrower|p2a: Great THEY/THEM.
|-damage|p2a: Great THEY/THEM.|40/100
|-status|p2a: Great THEY/THEM.|brn
|
|-weather|SunnyDay|[upkeep]
|-damage|p2a: Great THEY/THEM.|33/100 brn|[from] brn
|-damage|p1a: Slowking|88/100 brn|[from] brn
|upkeep
|turn|3
|
|t:|1758256393
|switch|p1a: Great Tusk|Great Tusk|100/100
|-activate|p1a: Great Tusk|ability: Protosynthesis
|-start|p1a: Great Tusk|protosynthesisspe
|move|p2a: Great THEY/THEM.|Stealth Rock|p1a: Great Tusk
|-sidestart|p1: KnockOffx2|move: Stealth Rock
|
|-weather|SunnyDay|[upkeep]
|-damage|p2a: Great THEY/THEM.|27/100 brn|[from] brn
|upkeep
|turn|4
|
|t:|1758256406
|-end|p2a: Great THEY/THEM.|Protosynthesis|[silent]
|switch|p2a: GholDEIngo.|Gholdengo|100/100
|move|p1a: Great Tusk|Stealth Rock|p2a: GholDEIngo.
|-sidestart|p2: justiceforjessie|move: Stealth Rock
|
|-weather|SunnyDay|[upkeep]
|upkeep
|turn|5
|
|t:|1758256416
|-terastallize|p2a: GholDEIngo.|Fairy
|move|p1a: Great Tusk|Headlong Rush|p2a: GholDEIngo.
|-damage|p2a: GholDEIngo.|42/100
|-unboost|p1a: Great Tusk|def|1
|-unboost|p1a: Great Tusk|spd|1
|move|p2a: GholDEIngo.|Make It Rain|p1a: Great Tusk
|-damage|p1a: Great Tusk|0 fnt
|-unboost|p2a: GholDEIngo.|spa|1
|faint|p1a: Great Tusk
|-end|p1a: Great Tusk|Protosynthesis|[silent]
|-damage|p2a: GholDEIngo.|33/100|[from] item: Life Orb
|
|-weather|SunnyDay|[upkeep]
|upkeep
|
|t:|1758256429
|switch|p1a: Slowking|Slowking-Galar, F|100/100 brn
|-damage|p1a: Slowking|88/100 brn|[from] Stealth Rock
|turn|6
|
|t:|1758256432
|move|p2a: GholDEIngo.|Shadow Ball|p1a: Slowking
|-supereffective|p1a: Slowking
|-damage|p1a: Slowking|50/100 brn
|-unboost|p1a: Slowking|spd|1
|-damage|p2a: GholDEIngo.|23/100|[from] item: Life Orb
|move|p1a: Slowking|Sludge Bomb|p2a: GholDEIngo.
|-supereffective|p2a: GholDEIngo.
|-damage|p2a: GholDEIngo.|0 fnt
|faint|p2a: GholDEIngo.
|
|-weather|SunnyDay|[upkeep]
|-damage|p1a: Slowking|44/100 brn|[from] brn
|upkeep
|
|t:|1758256443
|switch|p2a: Walking WOKE.|Walking Wake|100/100
|-damage|p2a: Walking WOKE.|88/100|[from] Stealth Rock
|-activate|p2a: Walking WOKE.|ability: Protosynthesis
|-start|p2a: Walking WOKE.|protosynthesisspe
|turn|7
|
|t:|1758256456
|-terastallize|p1a: Slowking|Water
|move|p2a: Walking WOKE.|Hydro Steam|p1a: Slowking
|-resisted|p1a: Slowking
|-damage|p1a: Slowking|12/100 brn
|move|p1a: Slowking|Sludge Bomb|p2a: Walking WOKE.
|-damage|p2a: Walking WOKE.|39/100
|
|-weather|SunnyDay|[upkeep]
|-damage|p1a: Slowking|6/100 brn|[from] brn
|upkeep
|turn|8
|
|t:|1758256475
|switch|p1a: Darkrai|Darkrai|100/100
|-damage|p1a: Darkrai|88/100|[from] Stealth Rock
|move|p2a: Walking WOKE.|Hydro Steam|p1a: Darkrai
|-damage|p1a: Darkrai|0 fnt
|faint|p1a: Darkrai
|
|-weather|none
|-end|p2a: Walking WOKE.|Protosynthesis
|upkeep
|
|t:|1758256488
|switch|p1a: Iron Valiant|Iron Valiant|100/100
|-damage|p1a: Iron Valiant|94/100|[from] Stealth Rock
|-enditem|p1a: Iron Valiant|Booster Energy
|-activate|p1a: Iron Valiant|ability: Quark Drive|[fromitem]
|-start|p1a: Iron Valiant|quarkdrivespe
|turn|9
|
|t:|1758256495
|-end|p2a: Walking WOKE.|Protosynthesis|[silent]
|switch|p2a: NineGENDERS.|Ninetales, M|61/100
|-damage|p2a: NineGENDERS.|36/100|[from] Stealth Rock
|-weather|SunnyDay|[from] ability: Drought|[of] p2a: NineGENDERS.
|move|p1a: Iron Valiant|Close Combat|p2a: NineGENDERS.
|-damage|p2a: NineGENDERS.|0 fnt
|-unboost|p1a: Iron Valiant|def|1
|-unboost|p1a: Iron Valiant|spd|1
|faint|p2a: NineGENDERS.
|
|-weather|SunnyDay|[upkeep]
|upkeep
|
|t:|1758256511
|switch|p2a: Comfey|Comfey, M|100/100
|-damage|p2a: Comfey|88/100|[from] Stealth Rock
|turn|10
|
|t:|1758256523
|-end|p1a: Iron Valiant|Quark Drive|[silent]
|switch|p1a: Moltres|Moltres|100/100
|move|p2a: Comfey|Growth|p2a: Comfey
|-boost|p2a: Comfey|atk|2
|-boost|p2a: Comfey|spa|2
|
|-weather|SunnyDay|[upkeep]
|upkeep
|turn|11
|
|t:|1758256533
|move|p2a: Comfey|Stored Power|p1a: Moltres
|-damage|p1a: Moltres|23/100
|-damage|p2a: Comfey|78/100|[from] item: Life Orb
|move|p1a: Moltres|Flamethrower|p2a: Comfey
|-damage|p2a: Comfey|19/100
|
|-weather|SunnyDay|[upkeep]
|upkeep
|turn|12
|
|t:|1758256541
|move|p2a: Comfey|Draining Kiss|p1a: Moltres
|-resisted|p1a: Moltres
|-damage|p1a: Moltres|0 fnt
|-heal|p2a: Comfey|40/100|[from] drain|[of] p1a: Moltres
|faint|p1a: Moltres
|-damage|p2a: Comfey|30/100|[from] item: Life Orb
|
|-weather|SunnyDay|[upkeep]
|upkeep
|
|t:|1758256543
|switch|p1a: Slowking|Slowking-Galar, F, tera:Water|39/100 brn
|-damage|p1a: Slowking|27/100 brn|[from] Stealth Rock
|turn|13
|
|t:|1758256552
|switch|p1a: Iron Valiant|Iron Valiant|94/100
|-damage|p1a: Iron Valiant|88/100|[from] Stealth Rock
|move|p2a: Comfey|Draining Kiss|p1a: Iron Valiant
|-supereffective|p1a: Iron Valiant
|-damage|p1a: Iron Valiant|0 fnt
|-heal|p2a: Comfey|92/100|[from] drain|[of] p1a: Iron Valiant
|faint|p1a: Iron Valiant
|-end|p1a: Iron Valiant|Quark Drive|[silent]
|-damage|p2a: Comfey|83/100|[from] item: Life Orb
|
|-weather|SunnyDay|[upkeep]
|upkeep
|
|t:|1758256558
|switch|p1a: Slowking|Slowking-Galar, F, tera:Water|60/100 brn
|-damage|p1a: Slowking|47/100 brn|[from] Stealth Rock
|turn|14
|
|t:|1758256578
|move|p2a: Comfey|Stored Power|p1a: Slowking
|-damage|p1a: Slowking|13/100 brn
|-damage|p2a: Comfey|73/100|[from] item: Life Orb
|move|p1a: Slowking|Sludge Bomb|p2a: Comfey
|-supereffective|p2a: Comfey
|-damage|p2a: Comfey|0 fnt
|faint|p2a: Comfey
|
|-weather|SunnyDay|[upkeep]
|-damage|p1a: Slowking|7/100 brn|[from] brn
|upkeep
|inactive|justiceforjessie has 120 seconds left.
|
|t:|1758256594
|switch|p2a: Walking WOKE.|Walking Wake|39/100
|-damage|p2a: Walking WOKE.|27/100|[from] Stealth Rock
|-activate|p2a: Walking WOKE.|ability: Protosynthesis
|-start|p2a: Walking WOKE.|protosynthesisspe
|turn|15
|inactive|justiceforjessie has 120 seconds left.
|
|t:|1758256605
|move|p2a: Walking WOKE.|Draco Meteor|p1a: Slowking
|-damage|p1a: Slowking|0 fnt
|-unboost|p2a: Walking WOKE.|spa|2
|faint|p1a: Slowking
|
|-weather|SunnyDay|[upkeep]
|upkeep
|
|t:|1758256608
|switch|p1a: Dragapult|Dragapult, M|100/100
|-damage|p1a: Dragapult|88/100|[from] Stealth Rock
|turn|16
|
|t:|1758256613
|move|p2a: Walking WOKE.|Draco Meteor|p1a: Dragapult
|-supereffective|p1a: Dragapult
|-crit|p1a: Dragapult
|-damage|p1a: Dragapult|0 fnt
|-unboost|p2a: Walking WOKE.|spa|2
|faint|p1a: Dragapult
|
|win|justiceforjessie
|raw|KnockOffx2's rating: 1531 &rarr; <strong>1511</strong><br />(-20 for losing)
|raw|justiceforjessie's rating: 1529 &rarr; <strong>1549</strong><br />(+20 for winning)
|l|☆KnockOffx2
|player|p1|
|l| darkmoonllll
