|j|☆GOOFYRAT!*
|j|☆Gindestinedx
|t:|1758339164
|gametype|singles
|player|p1|GOOFYRAT!*|schoolkid-gen4|1030
|player|p2|Gindestinedx|guitarist|1072
|gen|9
|tier|[Gen 9] OU
|rated|
|rule|HP Percentage Mod: HP is shown in percentages
|rule|Endless Battle Clause: Forcing endless battles is banned
|rule|Species Clause: Limit one of each Pokémon
|rule|OHKO Clause: OHKO moves are banned
|rule|Evasion Items Clause: Evasion items are banned
|rule|Evasion Moves Clause: Evasion moves are banned
|rule|Evasion Abilities Clause: Evasion abilities are banned
|rule|Sleep Moves Clause: Sleep-inducing moves are banned
|clearpoke
|poke|p1|Hitmonchan, M|
|poke|p1|Corviknight, F|
|poke|p1|Lucario, M|
|poke|p1|Rillaboom, M|
|poke|p1|Dusknoir, F|
|poke|p1|Abomasnow, M|
|poke|p2|Pikachu, M|
|poke|p2|Venusaur, F|
|poke|p2|Charizard, F|
|poke|p2|Jirachi|
|poke|p2|Snorlax, M|
|poke|p2|Primarina, F|
|teampreview
|c|☆GOOFYRAT!*|Good luck! :D
|
|t:|1758339171
|teamsize|p1|6
|teamsize|p2|6
|start
|switch|p1a: Dusknoir|Dusknoir, F|100/100
|switch|p2a: Venusaur|Venusaur, F|100/100
|-ability|p1a: Dusknoir|Pressure
|turn|1
|
|t:|1758339206
|move|p2a: Venusaur|Leech Seed|p1a: Dusknoir
|-start|p1a: Dusknoir|move: Leech Seed
|move|p1a: Dusknoir|Future Sight|p2a: Venusaur
|-start|p1a: Dusknoir|move: Future Sight
|
|-damage|p1a: Dusknoir|88/100|[from] Leech Seed|[of] p2a: Venusaur
|upkeep
|turn|2
|
|t:|1758339216
|move|p2a: Venusaur|Substitute|p2a: Venusaur
|-start|p2a: Venusaur|Substitute
|-damage|p2a: Venusaur|76/100
|move|p1a: Dusknoir|Night Shade|p2a: Venusaur
|-end|p2a: Venusaur|Substitute
|
|-damage|p1a: Dusknoir|76/100|[from] Leech Seed|[of] p2a: Venusaur
|-heal|p2a: Venusaur|88/100|[silent]
|upkeep
|turn|3
|
|t:|1758339223
|move|p2a: Venusaur|Substitute|p2a: Venusaur
|-start|p2a: Venusaur|Substitute
|-damage|p2a: Venusaur|63/100
|move|p1a: Dusknoir|Night Shade|p2a: Venusaur
|-end|p2a: Venusaur|Substitute
|
|-end|p2a: Venusaur|move: Future Sight
|-supereffective|p2a: Venusaur
|-damage|p2a: Venusaur|14/100
|-damage|p1a: Dusknoir|64/100|[from] Leech Seed|[of] p2a: Venusaur
|-heal|p2a: Venusaur|26/100|[silent]
|upkeep
|turn|4
|c|☆GOOFYRAT!*|Oh for fucks sake
|
|t:|1758339234
|move|p1a: Dusknoir|Shadow Sneak|p2a: Venusaur
|-damage|p2a: Venusaur|7/100
|move|p2a: Venusaur|Substitute|p2a: Venusaur
|-fail|p2a: Venusaur|move: Substitute|[weak]
|
|-damage|p1a: Dusknoir|52/100|[from] Leech Seed|[of] p2a: Venusaur
|-heal|p2a: Venusaur|19/100|[silent]
|upkeep
|turn|5
|
|t:|1758339241
|move|p1a: Dusknoir|Shadow Sneak|p2a: Venusaur
|-damage|p2a: Venusaur|0 fnt
|faint|p2a: Venusaur
|
|upkeep
|n|!GOOFYRAT!*|goofyrat
|
|t:|1758339275
|switch|p2a: Jirachi|Jirachi|100/100
|turn|6
|
|t:|1758339280
|move|p2a: Jirachi|Iron Head|p1a: Dusknoir
|-damage|p1a: Dusknoir|28/100
|cant|p1a: Dusknoir|flinch
|
|-damage|p1a: Dusknoir|16/100|[from] Leech Seed|[of] p2a: Jirachi
|upkeep
|turn|7
|
|t:|1758339288
|move|p1a: Dusknoir|Shadow Sneak|p2a: Jirachi
|-supereffective|p2a: Jirachi
|-damage|p2a: Jirachi|76/100
|-enditem|p2a: Jirachi|Weakness Policy
|-boost|p2a: Jirachi|atk|2|[from] item: Weakness Policy
|-boost|p2a: Jirachi|spa|2|[from] item: Weakness Policy
|move|p2a: Jirachi|Iron Head|p1a: Dusknoir
|-damage|p1a: Dusknoir|0 fnt
|faint|p1a: Dusknoir
|
|upkeep
|
|t:|1758339297
|switch|p1a: Abomasnow|Abomasnow, M|100/100
|-weather|Snowscape|[from] ability: Snow Warning|[of] p1a: Abomasnow
|turn|8
|
|t:|1758339302
|move|p2a: Jirachi|Wish|p2a: Jirachi
|move|p1a: Abomasnow|Blizzard|p2a: Jirachi
|-resisted|p2a: Jirachi
|-damage|p2a: Jirachi|56/100
|
|-weather|Snowscape|[upkeep]
|upkeep
|turn|9
|
|t:|1758339309
|move|p2a: Jirachi|Doom Desire|p1a: Abomasnow
|-start|p2a: Jirachi|Doom Desire
|move|p1a: Abomasnow|Focus Blast|p2a: Jirachi
|-damage|p2a: Jirachi|33/100
|
|-weather|Snowscape|[upkeep]
|-heal|p2a: Jirachi|83/100|[from] move: Wish|[wisher] Jirachi
|upkeep
|turn|10
|
|t:|1758339316
|move|p2a: Jirachi|Wish|p2a: Jirachi
|move|p1a: Abomasnow|Focus Blast|p2a: Jirachi|[miss]
|-miss|p1a: Abomasnow|p2a: Jirachi
|
|-weather|Snowscape|[upkeep]
|upkeep
|turn|11
|
|t:|1758339322
|move|p2a: Jirachi|Iron Defense|p2a: Jirachi
|-boost|p2a: Jirachi|def|2
|move|p1a: Abomasnow|Focus Blast|p2a: Jirachi
|-damage|p2a: Jirachi|60/100
|
|-weather|Snowscape|[upkeep]
|-end|p1a: Abomasnow|move: Doom Desire
|-supereffective|p1a: Abomasnow
|-damage|p1a: Abomasnow|0 fnt
|faint|p1a: Abomasnow
|-heal|p2a: Jirachi|100/100|[from] move: Wish|[wisher] Jirachi
|upkeep
|
|t:|1758339337
|switch|p1a: Rillaboom|Rillaboom, M|100/100
|turn|12
|
|t:|1758339341
|move|p2a: Jirachi|Doom Desire|p1a: Rillaboom
|-start|p2a: Jirachi|Doom Desire
|move|p1a: Rillaboom|Boomburst|p2a: Jirachi
|-resisted|p2a: Jirachi
|-damage|p2a: Jirachi|92/100
|
|-weather|none
|upkeep
|turn|13
|
|t:|1758339350
|move|p2a: Jirachi|Wish|p2a: Jirachi
|move|p1a: Rillaboom|Leaf Storm|p2a: Jirachi
|-resisted|p2a: Jirachi
|-damage|p2a: Jirachi|78/100
|-unboost|p1a: Rillaboom|spa|2
|
|upkeep
|turn|14
|-message|GOOFYRAT!* forfeited.
|
|win|Gindestinedx
