|j|☆RoddyJ
|j|☆Obito 2001
|t:|1758349812
|gametype|singles
|player|p1|RoddyJ|ethan|1636
|player|p2|Obito 2001|blue-gen3two|1713
|gen|9
|tier|[Gen 9] OU
|rated|
|rule|HP Percentage Mod: HP is shown in percentages
|rule|Endless Battle Clause: Forcing endless battles is banned
|rule|Species Clause: Limit one of each Pokémon
|rule|OHKO Clause: OHKO moves are banned
|rule|Evasion Items Clause: Evasion items are banned
|rule|Evasion Moves Clause: Evasion moves are banned
|rule|Evasion Abilities Clause: Evasion abilities are banned
|rule|Sleep Moves Clause: Sleep-inducing moves are banned
|clearpoke
|poke|p1|Iron Crown|
|poke|p1|Articuno-Galar|
|poke|p1|Blaziken, F|
|poke|p1|Dragapult, M|
|poke|p1|Kyurem|
|poke|p1|Glimmora, M|
|poke|p2|Heatran, F|
|poke|p2|Primarina, F|
|poke|p2|Great Tusk|
|poke|p2|Rillaboom, M|
|poke|p2|Ogerpon-Wellspring, F|
|poke|p2|Pecharunt|
|teampreview
|inactive|Battle timer is ON: inactive players will automatically lose when time's up. (requested by Obito 2001)
|inactive|RoddyJ has 120 seconds left.
|
|t:|1758349855
|teamsize|p1|6
|teamsize|p2|6
|start
|switch|p1a: Dragapult|Dragapult, M, shiny|100/100
|switch|p2a: Heatran|Heatran, F, shiny|100/100
|turn|1
|
|t:|1758349864
|move|p1a: Dragapult|U-turn|p2a: Heatran
|-resisted|p2a: Heatran
|-damage|p2a: Heatran|93/100
|inactive|RoddyJ has 120 seconds left.
|
|t:|1758349894
|switch|p1a: Kyurem|Kyurem, shiny|100/100|[from] U-turn
|-ability|p1a: Kyurem|Pressure
|move|p2a: Heatran|Stealth Rock|p1a: Kyurem
|-sidestart|p1: RoddyJ|move: Stealth Rock
|
|-heal|p2a: Heatran|99/100|[from] item: Leftovers
|upkeep
|turn|2
|
|t:|1758349905
|move|p1a: Kyurem|Earth Power|p2a: Heatran
|-supereffective|p2a: Heatran
|-damage|p2a: Heatran|17/100
|move|p2a: Heatran|Magma Storm|p1a: Kyurem|[miss]
|-miss|p2a: Heatran|p1a: Kyurem
|
|-heal|p2a: Heatran|23/100|[from] item: Leftovers
|upkeep
|turn|3
|
|t:|1758349914
|switch|p2a: Ban me|Ogerpon-Wellspring, F|100/100
|move|p1a: Kyurem|Earth Power|p2a: Ban me
|-resisted|p2a: Ban me
|-damage|p2a: Ban me|82/100
|
|upkeep
|turn|4
|
|t:|1758349920
|move|p2a: Ban me|U-turn|p1a: Kyurem
|-damage|p1a: Kyurem|73/100
|
|t:|1758349924
|switch|p2a: Heatran|Heatran, F, shiny|23/100|[from] U-turn
|move|p1a: Kyurem|Freeze-Dry|p2a: Heatran
|-resisted|p2a: Heatran
|-damage|p2a: Heatran|16/100
|
|-heal|p2a: Heatran|22/100|[from] item: Leftovers
|upkeep
|turn|5
|
|t:|1758349928
|switch|p2a: Ban me|Ogerpon-Wellspring, F|82/100
|move|p1a: Kyurem|Earth Power|p2a: Ban me
|-resisted|p2a: Ban me
|-damage|p2a: Ban me|64/100
|
|upkeep
|turn|6
|
|t:|1758349933
|move|p2a: Ban me|Play Rough|p1a: Kyurem
|-supereffective|p1a: Kyurem
|-damage|p1a: Kyurem|5/100
|move|p1a: Kyurem|Freeze-Dry|p2a: Ban me
|-supereffective|p2a: Ban me
|-damage|p2a: Ban me|0 fnt
|faint|p2a: Ban me
|
|upkeep
|
|t:|1758349938
|switch|p2a: Rillaboom|Rillaboom, M|100/100
|-fieldstart|move: Grassy Terrain|[from] ability: Grassy Surge|[of] p2a: Rillaboom
|turn|7
|
|t:|1758349945
|switch|p1a: Dragapult|Dragapult, M, shiny|100/100
|-damage|p1a: Dragapult|88/100|[from] Stealth Rock
|move|p2a: Rillaboom|Grassy Glide|p1a: Dragapult
|-resisted|p1a: Dragapult
|-damage|p1a: Dragapult|59/100
|
|-heal|p1a: Dragapult|65/100|[from] Grassy Terrain
|upkeep
|turn|8
|
|t:|1758349949
|switch|p2a: Heatran|Heatran, F, shiny|22/100
|move|p1a: Dragapult|Dragon Darts|p2a: Heatran
|-resisted|p2a: Heatran
|-damage|p2a: Heatran|3/100
|-anim|p1a: Dragapult|Dragon Darts|p2a: Heatran
|-resisted|p2a: Heatran
|-damage|p2a: Heatran|0 fnt
|faint|p2a: Heatran
|
|-heal|p1a: Dragapult|71/100|[from] Grassy Terrain
|upkeep
|
|t:|1758349955
|switch|p2a: Minari|Primarina, F, shiny|100/100
|turn|9
|
|t:|1758349961
|switch|p1a: Kyurem|Kyurem, shiny|5/100
|-damage|p1a: Kyurem|0 fnt|[from] Stealth Rock
|faint|p1a: Kyurem
|move|p2a: Minari|Substitute|p2a: Minari
|-start|p2a: Minari|Substitute
|-damage|p2a: Minari|76/100
|
|-heal|p2a: Minari|82/100|[from] Grassy Terrain
|-heal|p2a: Minari|88/100|[from] item: Leftovers
|upkeep
|
|t:|1758349963
|switch|p1a: Glimmora|Glimmora, M, shiny|100/100
|-damage|p1a: Glimmora|88/100|[from] Stealth Rock
|-item|p1a: Glimmora|Air Balloon
|turn|10
|
|t:|1758349966
|move|p1a: Glimmora|Mortal Spin|p2a: Minari
|-supereffective|p2a: Minari
|-activate|p2a: Minari|move: Substitute|[damage]
|-sideend|p1: RoddyJ|Stealth Rock|[from] move: Mortal Spin|[of] p1a: Glimmora
|move|p2a: Minari|Psychic Noise|p1a: Glimmora
|-supereffective|p1a: Glimmora
|-damage|p1a: Glimmora|0 fnt
|-enditem|p1a: Glimmora|Air Balloon
|faint|p1a: Glimmora
|
|-heal|p2a: Minari|94/100|[from] Grassy Terrain
|-heal|p2a: Minari|99/100|[from] item: Leftovers
|upkeep
|
|t:|1758349973
|switch|p1a: Iron Crown|Iron Crown|100/100
|turn|11
|
|t:|1758349979
|move|p1a: Iron Crown|Calm Mind|p1a: Iron Crown
|-boost|p1a: Iron Crown|spa|1
|-boost|p1a: Iron Crown|spd|1
|move|p2a: Minari|Whirlpool|p1a: Iron Crown
|-damage|p1a: Iron Crown|90/100
|-activate|p1a: Iron Crown|move: Whirlpool|[of] p2a: Minari
|
|-heal|p1a: Iron Crown|96/100|[from] Grassy Terrain
|-heal|p2a: Minari|100/100|[from] Grassy Terrain
|-damage|p1a: Iron Crown|83/100|[from] move: Whirlpool|[partiallytrapped]
|upkeep
|turn|12
|
|t:|1758349984
|move|p1a: Iron Crown|Calm Mind|p1a: Iron Crown
|-boost|p1a: Iron Crown|spa|1
|-boost|p1a: Iron Crown|spd|1
|move|p2a: Minari|Psychic Noise|p1a: Iron Crown
|-damage|p1a: Iron Crown|67/100
|-start|p1a: Iron Crown|move: Heal Block
|
|-damage|p1a: Iron Crown|54/100|[from] move: Whirlpool|[partiallytrapped]
|upkeep
|turn|13
|
|t:|1758349988
|move|p1a: Iron Crown|Tachyon Cutter|p2a: Minari
|-end|p2a: Minari|Substitute
|-damage|p2a: Minari|59/100
|-hitcount|p2a: Minari|2
|move|p2a: Minari|Psychic Noise|p1a: Iron Crown
|-damage|p1a: Iron Crown|37/100
|
|-heal|p2a: Minari|65/100|[from] Grassy Terrain
|-heal|p2a: Minari|71/100|[from] item: Leftovers
|-damage|p1a: Iron Crown|25/100|[from] move: Whirlpool|[partiallytrapped]
|-end|p1a: Iron Crown|move: Heal Block
|upkeep
|turn|14
|
|t:|1758350007
|-terastallize|p2a: Minari|Steel
|move|p1a: Iron Crown|Stored Power|p2a: Minari
|-resisted|p2a: Minari
|-damage|p2a: Minari|30/100
|move|p2a: Minari|Psychic Noise|p1a: Iron Crown
|-damage|p1a: Iron Crown|6/100
|-start|p1a: Iron Crown|move: Heal Block
|
|-heal|p2a: Minari|36/100|[from] Grassy Terrain
|-heal|p2a: Minari|42/100|[from] item: Leftovers
|-damage|p1a: Iron Crown|0 fnt|[from] move: Whirlpool|[partiallytrapped]
|faint|p1a: Iron Crown
|-end|p1a: Iron Crown|Quark Drive|[silent]
|-fieldend|move: Grassy Terrain
|upkeep
|inactive|RoddyJ has 120 seconds left.
|
|t:|1758350064
|switch|p1a: Dragapult|Dragapult, M, shiny|71/100
|turn|15
|
|t:|1758350076
|-terastallize|p1a: Dragapult|Dragon
|move|p1a: Dragapult|Dragon Darts|p2a: Minari
|-resisted|p2a: Minari
|-damage|p2a: Minari|3/100
|-anim|p1a: Dragapult|Dragon Darts|p2a: Minari
|-resisted|p2a: Minari
|-damage|p2a: Minari|0 fnt
|faint|p2a: Minari
|
|upkeep
|
|t:|1758350086
|switch|p2a: Mega Donphan|Great Tusk|100/100
|turn|16
|
|t:|1758350092
|move|p1a: Dragapult|Dragon Darts|p2a: Mega Donphan
|-damage|p2a: Mega Donphan|58/100
|-anim|p1a: Dragapult|Dragon Darts|p2a: Mega Donphan
|-damage|p2a: Mega Donphan|21/100
|move|p2a: Mega Donphan|Ice Spinner|p1a: Dragapult
|-supereffective|p1a: Dragapult
|-damage|p1a: Dragapult|0 fnt
|faint|p1a: Dragapult
|
|upkeep
|
|t:|1758350095
|switch|p1a: Articuno|Articuno-Galar, shiny|100/100
|turn|17
|inactive|RoddyJ has 120 seconds left.
|
|t:|1758350103
|move|p1a: Articuno|Calm Mind|p1a: Articuno
|-boost|p1a: Articuno|spa|1
|-boost|p1a: Articuno|spd|1
|move|p2a: Mega Donphan|Stone Edge|p1a: Articuno
|-supereffective|p1a: Articuno
|-crit|p1a: Articuno
|-damage|p1a: Articuno|0 fnt
|faint|p1a: Articuno
|
|upkeep
|
|t:|1758350106
|switch|p1a: Blaziken|Blaziken, F, shiny|100/100
|turn|18
|
|t:|1758350111
|move|p2a: Mega Donphan|Headlong Rush|p1a: Blaziken
|-supereffective|p1a: Blaziken
|-enditem|p1a: Blaziken|Focus Sash
|-damage|p1a: Blaziken|1/100
|-unboost|p2a: Mega Donphan|def|1
|-unboost|p2a: Mega Donphan|spd|1
|move|p1a: Blaziken|Swords Dance|p1a: Blaziken
|-boost|p1a: Blaziken|atk|2
|
|-ability|p1a: Blaziken|Speed Boost|boost
|-boost|p1a: Blaziken|spe|1
|upkeep
|turn|19
|
|t:|1758350115
|move|p1a: Blaziken|Blaze Kick|p2a: Mega Donphan
|-crit|p2a: Mega Donphan
|-damage|p2a: Mega Donphan|0 fnt
|faint|p2a: Mega Donphan
|-end|p2a: Mega Donphan|Protosynthesis|[silent]
|
|-ability|p1a: Blaziken|Speed Boost|boost
|-boost|p1a: Blaziken|spe|1
|upkeep
|
|t:|1758350116
|switch|p2a: Rillaboom|Rillaboom, M|100/100
|-fieldstart|move: Grassy Terrain|[from] ability: Grassy Surge|[of] p2a: Rillaboom
|turn|20
|
|t:|1758350120
|move|p1a: Blaziken|Endure|p1a: Blaziken
|-singleturn|p1a: Blaziken|move: Endure
|move|p2a: Rillaboom|Grassy Glide|p1a: Blaziken
|-resisted|p1a: Blaziken
|-activate|p1a: Blaziken|move: Endure
|-damage|p1a: Blaziken|1/100
|
|-heal|p1a: Blaziken|7/100|[from] Grassy Terrain
|-ability|p1a: Blaziken|Speed Boost|boost
|-boost|p1a: Blaziken|spe|1
|upkeep
|turn|21
|
|t:|1758350126
|move|p2a: Rillaboom|Grassy Glide|p1a: Blaziken
|-resisted|p1a: Blaziken
|-damage|p1a: Blaziken|0 fnt
|faint|p1a: Blaziken
|
|win|Obito 2001
|raw|RoddyJ's rating: 1636 &rarr; <strong>1620</strong><br />(-16 for losing)
|raw|Obito 2001's rating: 1713 &rarr; <strong>1729</strong><br />(+16 for winning)
|l|☆RoddyJ
|player|p1|
|l|☆Obito 2001
|player|p2|
