|j|☆iivvv
|j|☆I am a chinese.
|t:|1758365667
|gametype|singles
|player|p1|iivvv|clerk|
|player|p2|I am a chinese.|maid|
|gen|9
|tier|[Gen 9] OU
|rule|HP Percentage Mod: HP is shown in percentages
|rule|Endless Battle Clause: Forcing endless battles is banned
|rule|Species Clause: Limit one of each Pokémon
|rule|OHKO Clause: OHKO moves are banned
|rule|Evasion Items Clause: Evasion items are banned
|rule|Evasion Moves Clause: Evasion moves are banned
|rule|Evasion Abilities Clause: Evasion abilities are banned
|rule|Sleep Moves Clause: Sleep-inducing moves are banned
|clearpoke
|poke|p1|Zamazenta-*|
|poke|p1|Clodsire, M|
|poke|p1|Gholdengo|
|poke|p1|Kingambit, F|
|poke|p1|Talonflame, F|
|poke|p1|Ogerpon-Wellspring, F|
|poke|p2|Chandelure, M|
|poke|p2|Great Tusk|
|poke|p2|Blissey, F|
|poke|p2|Hydrapple, F|
|poke|p2|Samurott-Hisui, M|
|poke|p2|Iron Moth|
|teampreview
|l|☆iivvv
|player|p1|
|j|☆iivvv
|player|p1|iivvv|clerk|
|
|t:|1758365706
|teamsize|p1|6
|teamsize|p2|6
|start
|switch|p1a: Ogerpon|Ogerpon-Wellspring, F|100/100
|switch|p2a: Samurott|Samurott-Hisui, M|100/100
|turn|1
|
|t:|1758365712
|move|p1a: Ogerpon|Power Whip|p2a: Samurott
|-supereffective|p2a: Samurott
|-damage|p2a: Samurott|0 fnt
|faint|p2a: Samurott
|
|upkeep
|
|t:|1758365718
|switch|p2a: Hydrapple|Hydrapple, F|100/100
|turn|2
|
|t:|1758365723
|switch|p1a: Talonflame|Talonflame, F|100/100
|move|p2a: Hydrapple|Leaf Storm|p1a: Talonflame
|-resisted|p1a: Talonflame
|-damage|p1a: Talonflame|79/100
|-unboost|p2a: Hydrapple|spa|2
|-enditem|p2a: Hydrapple|Eject Pack
|
|t:|1758365734
|switch|p2a: Great Tusk|Great Tusk|100/100
|
|upkeep
|turn|3
|
|t:|1758365740
|move|p1a: Talonflame|Hurricane|p2a: Great Tusk|[miss]
|-miss|p1a: Talonflame|p2a: Great Tusk
|move|p2a: Great Tusk|Stealth Rock|p1a: Talonflame
|-sidestart|p1: iivvv|move: Stealth Rock
|
|upkeep
|turn|4
|
|t:|1758365745
|-end|p2a: Great Tusk|Protosynthesis|[silent]
|switch|p2a: Blissey|Blissey, F|100/100
|move|p1a: Talonflame|Defog|p2a: Blissey
|-unboost|p2a: Blissey|evasion|1
|-sideend|p1: iivvv|Stealth Rock|[from] move: Defog|[of] p1a: Talonflame
|
|upkeep
|turn|5
|
|t:|1758365749
|move|p1a: Talonflame|U-turn|p2a: Blissey
|-damage|p2a: Blissey|90/100
|
|t:|1758365751
|switch|p1a: Gholdengo|Gholdengo|100/100|[from] U-turn
|move|p2a: Blissey|Thunder Wave|p1a: Gholdengo
|-immune|p1a: Gholdengo|[from] ability: Good as Gold
|
|upkeep
|turn|6
|
|t:|1758365764
|switch|p2a: Great Tusk|Great Tusk|100/100
|move|p1a: Gholdengo|Substitute|p1a: Gholdengo
|-start|p1a: Gholdengo|Substitute
|-damage|p1a: Gholdengo|76/100
|
|-heal|p1a: Gholdengo|82/100|[from] item: Leftovers
|upkeep
|turn|7
|
|t:|1758365769
|move|p2a: Great Tusk|Headlong Rush|p1a: Gholdengo
|-supereffective|p1a: Gholdengo
|-end|p1a: Gholdengo|Substitute
|-unboost|p2a: Great Tusk|def|1
|-unboost|p2a: Great Tusk|spd|1
|move|p1a: Gholdengo|Make It Rain|p2a: Great Tusk
|-damage|p2a: Great Tusk|0 fnt
|-unboost|p1a: Gholdengo|spa|1
|faint|p2a: Great Tusk
|-end|p2a: Great Tusk|Protosynthesis|[silent]
|
|-heal|p1a: Gholdengo|88/100|[from] item: Leftovers
|upkeep
|
|t:|1758365774
|switch|p2a: Iron Moth|Iron Moth|100/100
|-enditem|p2a: Iron Moth|Booster Energy
|-activate|p2a: Iron Moth|ability: Quark Drive|[fromitem]
|-start|p2a: Iron Moth|quarkdrivespe
|turn|8
|
|t:|1758365780
|switch|p1a: Clodsire|Clodsire, M|100/100
|move|p2a: Iron Moth|Fiery Dance|p1a: Clodsire
|-damage|p1a: Clodsire|79/100
|-boost|p2a: Iron Moth|spa|1
|
|-heal|p1a: Clodsire|85/100|[from] item: Leftovers
|upkeep
|turn|9
|
|t:|1758365790
|-terastallize|p2a: Iron Moth|Ghost
|move|p2a: Iron Moth|Fiery Dance|p1a: Clodsire
|-damage|p1a: Clodsire|51/100
|-boost|p2a: Iron Moth|spa|1
|move|p1a: Clodsire|Earthquake|p2a: Iron Moth
|-damage|p2a: Iron Moth|62/100
|
|-heal|p1a: Clodsire|58/100|[from] item: Leftovers
|upkeep
|turn|10
|
|t:|1758365796
|move|p2a: Iron Moth|Fiery Dance|p1a: Clodsire
|-damage|p1a: Clodsire|18/100
|-boost|p2a: Iron Moth|spa|1
|move|p1a: Clodsire|Toxic|p2a: Iron Moth
|-status|p2a: Iron Moth|tox
|
|-heal|p1a: Clodsire|24/100|[from] item: Leftovers
|-damage|p2a: Iron Moth|56/100 tox|[from] psn
|upkeep
|turn|11
|
|t:|1758365807
|move|p2a: Iron Moth|Fiery Dance|p1a: Clodsire
|-damage|p1a: Clodsire|0 fnt
|faint|p1a: Clodsire
|
|-damage|p2a: Iron Moth|44/100 tox|[from] psn
|upkeep
|
|t:|1758365809
|switch|p1a: Kingambit|Kingambit, F|100/100
|-activate|p1a: Kingambit|ability: Supreme Overlord
|-start|p1a: Kingambit|fallen1|[silent]
|turn|12
|
|t:|1758365815
|-end|p2a: Iron Moth|Quark Drive|[silent]
|switch|p2a: Blissey|Blissey, F|90/100
|move|p1a: Kingambit|Sucker Punch||[still]
|-fail|p1a: Kingambit
|
|upkeep
|turn|13
|
|t:|1758365819
|move|p1a: Kingambit|Swords Dance|p1a: Kingambit
|-boost|p1a: Kingambit|atk|2
|move|p2a: Blissey|Thunder Wave|p1a: Kingambit
|-status|p1a: Kingambit|par
|
|upkeep
|turn|14
|
|t:|1758365823
|move|p2a: Blissey|Seismic Toss|p1a: Kingambit
|-damage|p1a: Kingambit|73/100 par
|move|p1a: Kingambit|Kowtow Cleave|p2a: Blissey
|-damage|p2a: Blissey|0 fnt
|faint|p2a: Blissey
|
|upkeep
|
|t:|1758365827
|switch|p2a: Chandelure|Chandelure, M|100/100
|turn|15
|
|t:|1758365830
|move|p1a: Kingambit|Sucker Punch|p2a: Chandelure
|-supereffective|p2a: Chandelure
|-damage|p2a: Chandelure|0 fnt
|faint|p2a: Chandelure
|
|upkeep
|
|t:|1758365833
|switch|p2a: Iron Moth|Iron Moth, tera:Ghost|44/100 tox
|turn|16
|
|t:|1758365836
|cant|p1a: Kingambit|par
|move|p2a: Iron Moth|Fiery Dance|p1a: Kingambit
|-supereffective|p1a: Kingambit
|-damage|p1a: Kingambit|0 fnt
|faint|p1a: Kingambit
|-end|p1a: Kingambit|fallen1|[silent]
|
|-damage|p2a: Iron Moth|38/100 tox|[from] psn
|upkeep
|
|t:|1758365848
|switch|p1a: Talonflame|Talonflame, F|79/100
|turn|17
|
|t:|1758365851
|move|p1a: Talonflame|Hurricane|p2a: Iron Moth
|-crit|p2a: Iron Moth
|-damage|p2a: Iron Moth|0 fnt
|faint|p2a: Iron Moth
|-end|p2a: Iron Moth|Quark Drive|[silent]
|
|upkeep
|
|t:|1758365853
|switch|p2a: Hydrapple|Hydrapple, F|100/100
|turn|18
|-message|I am a chinese. forfeited.
|
|win|iivvv
|l|☆I am a chinese.
|player|p2|
