|j|☆mattsbeats
|j|☆kanadeyo1saki
|t:|1758233783
|gametype|singles
|player|p1|mattsbeats|102|1255
|player|p2|kanadeyo1saki|alec-anime|1181
|gen|9
|tier|[Gen 9] OU
|rated|
|rule|HP Percentage Mod: HP is shown in percentages
|rule|Endless Battle Clause: Forcing endless battles is banned
|rule|Species Clause: Limit one of each Pokémon
|rule|OHKO Clause: OHKO moves are banned
|rule|Evasion Items Clause: Evasion items are banned
|rule|Evasion Moves Clause: Evasion moves are banned
|rule|Evasion Abilities Clause: Evasion abilities are banned
|rule|Sleep Moves Clause: Sleep-inducing moves are banned
|clearpoke
|poke|p1|Dragapult, F|
|poke|p1|Zapdos|
|poke|p1|Great Tusk|
|poke|p1|Gliscor, M|
|poke|p1|Iron Moth|
|poke|p1|Slowking-Galar, F|
|poke|p2|Great Tusk|
|poke|p2|Heatran, M|
|poke|p2|Weavile, F|
|poke|p2|Primarina, F|
|poke|p2|Ogerpon, F|
|poke|p2|Pecharunt|
|teampreview
|inactive|Battle timer is ON: inactive players will automatically lose when time's up. (requested by mattsbeats)
|
|t:|1758233796
|teamsize|p1|6
|teamsize|p2|6
|start
|switch|p1a: Gliscor|Gliscor, M|100/100
|switch|p2a: woke dog|Great Tusk, shiny|100/100
|turn|1
|
|t:|1758233805
|move|p1a: Gliscor|Toxic|p2a: woke dog
|-status|p2a: woke dog|tox
|move|p2a: woke dog|Ice Spinner|p1a: Gliscor
|-supereffective|p1a: Gliscor
|-damage|p1a: Gliscor|6/100
|
|-damage|p2a: woke dog|94/100 tox|[from] psn
|-status|p1a: Gliscor|tox|[from] item: Toxic Orb
|upkeep
|turn|2
|inactive|kanadeyo1saki has 120 seconds left.
|
|t:|1758233837
|-end|p2a: woke dog|Protosynthesis|[silent]
|switch|p2a: Heatransgender|Heatran, M|100/100
|-item|p2a: Heatransgender|Air Balloon
|move|p1a: Gliscor|Protect||[still]
|-fail|p1a: Gliscor
|
|-heal|p1a: Gliscor|18/100 tox|[from] ability: Poison Heal
|upkeep
|turn|3
|inactive|kanadeyo1saki has 120 seconds left.
|
|t:|1758233855
|move|p1a: Gliscor|Protect|p1a: Gliscor
|-singleturn|p1a: Gliscor|Protect
|move|p2a: Heatransgender|Taunt|p1a: Gliscor
|-activate|p1a: Gliscor|move: Protect
|
|-heal|p1a: Gliscor|30/100 tox|[from] ability: Poison Heal
|upkeep
|turn|4
|inactive|kanadeyo1saki has 120 seconds left.
|
|t:|1758233865
|move|p1a: Gliscor|U-turn|p2a: Heatransgender
|-resisted|p2a: Heatransgender
|-damage|p2a: Heatransgender|97/100
|-enditem|p2a: Heatransgender|Air Balloon
|
|t:|1758233874
|switch|p1a: Slowking|Slowking-Galar, F|100/100|[from] U-turn
|move|p2a: Heatransgender|Stealth Rock|p1a: Slowking
|-sidestart|p1: mattsbeats|move: Stealth Rock
|
|upkeep
|turn|5
|
|t:|1758233886
|move|p2a: Heatransgender|Earth Power|p1a: Slowking
|-supereffective|p1a: Slowking
|-damage|p1a: Slowking|62/100
|-prepare|p1a: Slowking|Chilly Reception|[premajor]
|move|p1a: Slowking|Chilly Reception|p1a: Slowking
|-weather|Snowscape
|
|t:|1758233893
|switch|p1a: Great Tusk|Great Tusk|100/100|[from] Chilly Reception
|-damage|p1a: Great Tusk|98/100|[from] Stealth Rock
|
|-weather|Snowscape|[upkeep]
|upkeep
|turn|6
|
|t:|1758233907
|switch|p2a: mochi michael|Pecharunt|100/100
|move|p1a: Great Tusk|Rapid Spin|p2a: mochi michael
|-immune|p2a: mochi michael
|
|-weather|Snowscape|[upkeep]
|upkeep
|turn|7
|
|t:|1758233917
|move|p2a: mochi michael|Shadow Ball|p1a: Great Tusk
|-damage|p1a: Great Tusk|65/100
|move|p1a: Great Tusk|Knock Off|p2a: mochi michael
|-supereffective|p2a: mochi michael
|-damage|p2a: mochi michael|73/100
|-damage|p1a: Great Tusk|49/100|[from] item: Rocky Helmet|[of] p2a: mochi michael
|-enditem|p2a: mochi michael|Rocky Helmet|[from] move: Knock Off|[of] p1a: Great Tusk
|
|-weather|Snowscape|[upkeep]
|upkeep
|turn|8
|
|t:|1758233931
|move|p2a: mochi michael|Shadow Ball|p1a: Great Tusk
|-damage|p1a: Great Tusk|19/100
|move|p1a: Great Tusk|Earthquake|p2a: mochi michael
|-supereffective|p2a: mochi michael
|-damage|p2a: mochi michael|35/100
|
|-weather|Snowscape|[upkeep]
|upkeep
|turn|9
|
|t:|1758233947
|move|p2a: mochi michael|Recover|p2a: mochi michael
|-heal|p2a: mochi michael|85/100
|move|p1a: Great Tusk|Stealth Rock|p2a: mochi michael
|-sidestart|p2: kanadeyo1saki|move: Stealth Rock
|
|-weather|none
|upkeep
|turn|10
|
|t:|1758233959
|move|p2a: mochi michael|Shadow Ball|p1a: Great Tusk
|-damage|p1a: Great Tusk|0 fnt
|faint|p1a: Great Tusk
|-end|p1a: Great Tusk|Protosynthesis|[silent]
|
|upkeep
|
|t:|1758233965
|switch|p1a: Dragapult|Dragapult, F|100/100
|-damage|p1a: Dragapult|88/100|[from] Stealth Rock
|turn|11
|
|t:|1758233976
|move|p1a: Dragapult|Shadow Ball|p2a: mochi michael
|-supereffective|p2a: mochi michael
|-damage|p2a: mochi michael|0 fnt
|faint|p2a: mochi michael
|
|upkeep
|
|t:|1758234000
|switch|p2a: gay daughter|Primarina, F, shiny|100/100
|-damage|p2a: gay daughter|88/100|[from] Stealth Rock
|turn|12
|
|t:|1758234009
|switch|p1a: Zapdos|Zapdos|100/100
|move|p2a: gay daughter|Moonblast|p1a: Zapdos
|-damage|p1a: Zapdos|46/100
|
|upkeep
|turn|13
|
|t:|1758234029
|move|p1a: Zapdos|Volt Switch|p2a: gay daughter
|-supereffective|p2a: gay daughter
|-damage|p2a: gay daughter|54/100
|
|t:|1758234037
|switch|p1a: Dragapult|Dragapult, F|88/100|[from] Volt Switch
|-damage|p1a: Dragapult|76/100|[from] Stealth Rock
|move|p2a: gay daughter|Moonblast|p1a: Dragapult
|-supereffective|p1a: Dragapult
|-damage|p1a: Dragapult|0 fnt
|faint|p1a: Dragapult
|
|upkeep
|
|t:|1758234047
|switch|p1a: Iron Moth|Iron Moth|100/100
|-damage|p1a: Iron Moth|76/100|[from] Stealth Rock
|-enditem|p1a: Iron Moth|Booster Energy
|-activate|p1a: Iron Moth|ability: Quark Drive|[fromitem]
|-start|p1a: Iron Moth|quarkdrivespa
|turn|14
|
|t:|1758234070
|-terastallize|p1a: Iron Moth|Grass
|move|p1a: Iron Moth|Energy Ball|p2a: gay daughter
|-supereffective|p2a: gay daughter
|-damage|p2a: gay daughter|0 fnt
|faint|p2a: gay daughter
|
|upkeep
|
|t:|1758234092
|switch|p2a: I LAND AXEL #TRUE|Weavile, F|100/100
|-damage|p2a: I LAND AXEL #TRUE|76/100|[from] Stealth Rock
|-ability|p2a: I LAND AXEL #TRUE|Pressure
|turn|15
|
|t:|1758234104
|move|p2a: I LAND AXEL #TRUE|Ice Shard|p1a: Iron Moth
|-supereffective|p1a: Iron Moth
|-damage|p1a: Iron Moth|0 fnt
|faint|p1a: Iron Moth
|-end|p1a: Iron Moth|Quark Drive|[silent]
|
|upkeep
|
|t:|1758234114
|switch|p1a: Slowking|Slowking-Galar, F|96/100
|turn|16
|
|t:|1758234125
|switch|p2a: woke dog|Great Tusk, shiny|94/100 tox
|move|p1a: Slowking|Flamethrower|p2a: woke dog
|-damage|p2a: woke dog|58/100 tox
|
|-damage|p2a: woke dog|52/100 tox|[from] psn
|upkeep
|turn|17
|
|t:|1758234133
|switch|p1a: Zapdos|Zapdos|46/100
|move|p2a: woke dog|Rapid Spin|p1a: Zapdos
|-damage|p1a: Zapdos|33/100
|-boost|p2a: woke dog|spe|1
|-sideend|p2: kanadeyo1saki|Stealth Rock|[from] move: Rapid Spin|[of] p2a: woke dog
|
|-damage|p2a: woke dog|39/100 tox|[from] psn
|upkeep
|turn|18
|
|t:|1758234143
|move|p2a: woke dog|Ice Spinner|p1a: Zapdos
|-supereffective|p1a: Zapdos
|-crit|p1a: Zapdos
|-damage|p1a: Zapdos|0 fnt
|faint|p1a: Zapdos
|
|-damage|p2a: woke dog|21/100 tox|[from] psn
|upkeep
|
|t:|1758234151
|switch|p1a: Gliscor|Gliscor, M|30/100 tox
|-damage|p1a: Gliscor|18/100 tox|[from] Stealth Rock
|turn|19
|
|t:|1758234156
|move|p1a: Gliscor|Protect|p1a: Gliscor
|-singleturn|p1a: Gliscor|Protect
|move|p2a: woke dog|Ice Spinner|p1a: Gliscor
|-activate|p1a: Gliscor|move: Protect
|
|-damage|p2a: woke dog|0 fnt|[from] psn
|faint|p2a: woke dog
|-end|p2a: woke dog|Protosynthesis|[silent]
|-heal|p1a: Gliscor|30/100 tox|[from] ability: Poison Heal
|upkeep
|
|t:|1758234168
|switch|p2a: I LAND AXEL #TRUE|Weavile, F|76/100
|-ability|p2a: I LAND AXEL #TRUE|Pressure
|turn|20
|
|t:|1758234175
|move|p2a: I LAND AXEL #TRUE|Ice Shard|p1a: Gliscor
|-supereffective|p1a: Gliscor
|-damage|p1a: Gliscor|0 fnt
|faint|p1a: Gliscor
|
|upkeep
|
|t:|1758234180
|switch|p1a: Slowking|Slowking-Galar, F|100/100
|turn|21
|
|t:|1758234186
|switch|p2a: lesbian daughter|Ogerpon, F|100/100
|move|p1a: Slowking|Flamethrower|p2a: lesbian daughter
|-supereffective|p2a: lesbian daughter
|-crit|p2a: lesbian daughter
|-damage|p2a: lesbian daughter|20/100
|
|upkeep
|turn|22
|
|t:|1758234195
|move|p2a: lesbian daughter|Knock Off|p1a: Slowking
|-supereffective|p1a: Slowking
|-damage|p1a: Slowking|0 fnt
|-enditem|p1a: Slowking|Heavy-Duty Boots|[from] move: Knock Off|[of] p2a: lesbian daughter
|faint|p1a: Slowking
|
|win|kanadeyo1saki
|raw|mattsbeats's rating: 1255 &rarr; <strong>1225</strong><br />(-30 for losing)
|raw|kanadeyo1saki's rating: 1181 &rarr; <strong>1211</strong><br />(+30 for winning)
|l|☆kanadeyo1saki
|player|p2|
|l|☆mattsbeats
|player|p1|
|j|☆kanadeyo1saki
|player|p2|kanadeyo1saki|alec-anime|
