|j|☆guiyas
|j|☆BlueDash
|t:|1758256350
|gametype|singles
|player|p1|guiyas|lucas|1361
|player|p2|BlueDash|shadowtriad|1319
|gen|9
|tier|[Gen 9] OU
|rated|
|rule|HP Percentage Mod: HP is shown in percentages
|rule|Endless Battle Clause: Forcing endless battles is banned
|rule|Species Clause: Limit one of each Pokémon
|rule|OHKO Clause: OHKO moves are banned
|rule|Evasion Items Clause: Evasion items are banned
|rule|Evasion Moves Clause: Evasion moves are banned
|rule|Evasion Abilities Clause: Evasion abilities are banned
|rule|Sleep Moves Clause: Sleep-inducing moves are banned
|clearpoke
|poke|p1|Torkoal, F|
|poke|p1|Venusaur, F|
|poke|p1|Great Tusk|
|poke|p1|Gholdengo|
|poke|p1|Kingambit, F|
|poke|p1|Dragapult, M|
|poke|p2|Iron Valiant|
|poke|p2|Grafaiai, M|
|poke|p2|Greninja-*, M|
|poke|p2|Corviknight, M|
|poke|p2|Garchomp, M|
|poke|p2|Gholdengo|
|teampreview
|inactive|Battle timer is ON: inactive players will automatically lose when time's up. (requested by BlueDash)
|
|t:|1758256359
|teamsize|p1|6
|teamsize|p2|6
|start
|switch|p1a: Torkoal|Torkoal, F|100/100
|switch|p2a: Grafaiai|Grafaiai, M|100/100
|-weather|SunnyDay|[from] ability: Drought|[of] p1a: Torkoal
|turn|1
|
|t:|1758256368
|move|p2a: Grafaiai|Knock Off|p1a: Torkoal
|-damage|p1a: Torkoal|85/100
|-enditem|p1a: Torkoal|Heat Rock|[from] move: Knock Off|[of] p2a: Grafaiai
|move|p1a: Torkoal|Lava Plume|p2a: Grafaiai
|-damage|p2a: Grafaiai|36/100
|-status|p2a: Grafaiai|brn
|
|-weather|SunnyDay|[upkeep]
|-damage|p2a: Grafaiai|30/100 brn|[from] brn
|upkeep
|turn|2
|
|t:|1758256372
|move|p2a: Grafaiai|Gunk Shot|p1a: Torkoal
|-damage|p1a: Torkoal|68/100
|move|p1a: Torkoal|Rapid Spin|p2a: Grafaiai
|-damage|p2a: Grafaiai|14/100 brn
|-boost|p1a: Torkoal|spe|1
|
|-weather|SunnyDay|[upkeep]
|-damage|p2a: Grafaiai|8/100 brn|[from] brn
|upkeep
|turn|3
|
|t:|1758256376
|move|p2a: Grafaiai|Gunk Shot|p1a: Torkoal
|-damage|p1a: Torkoal|53/100
|move|p1a: Torkoal|Rapid Spin|p2a: Grafaiai
|-damage|p2a: Grafaiai|0 fnt
|-boost|p1a: Torkoal|spe|1
|faint|p2a: Grafaiai
|
|-weather|SunnyDay|[upkeep]
|upkeep
|
|t:|1758256383
|switch|p2a: Garchomp|Garchomp, M, shiny|100/100
|turn|4
|
|t:|1758256392
|move|p2a: Garchomp|Scale Shot|p1a: Torkoal
|-damage|p1a: Torkoal|45/100
|-damage|p1a: Torkoal|37/100
|-hitcount|p1a: Torkoal|2
|-unboost|p2a: Garchomp|def|1
|-boost|p2a: Garchomp|spe|1
|-enditem|p2a: Garchomp|White Herb
|-clearnegativeboost|p2a: Garchomp|[silent]
|move|p1a: Torkoal|Stealth Rock|p2a: Garchomp
|-sidestart|p2: BlueDash|move: Stealth Rock
|
|-weather|SunnyDay|[upkeep]
|upkeep
|turn|5
|
|t:|1758256402
|switch|p1a: Kingambit|Kingambit, F|100/100
|move|p2a: Garchomp|Earthquake|p1a: Kingambit
|-supereffective|p1a: Kingambit
|-damage|p1a: Kingambit|26/100
|
|-weather|SunnyDay|[upkeep]
|upkeep
|turn|6
|
|t:|1758256413
|move|p2a: Garchomp|Scale Shot|p1a: Kingambit
|-resisted|p1a: Kingambit
|-damage|p1a: Kingambit|21/100
|-resisted|p1a: Kingambit
|-damage|p1a: Kingambit|16/100
|-hitcount|p1a: Kingambit|2
|-unboost|p2a: Garchomp|def|1
|-boost|p2a: Garchomp|spe|1
|move|p1a: Kingambit|Kowtow Cleave|p2a: Garchomp
|-damage|p2a: Garchomp|15/100
|-damage|p1a: Kingambit|4/100|[from] ability: Rough Skin|[of] p2a: Garchomp
|
|-weather|SunnyDay|[upkeep]
|upkeep
|turn|7
|
|t:|1758256419
|move|p1a: Kingambit|Sucker Punch|p2a: Garchomp
|-damage|p2a: Garchomp|0 fnt
|-damage|p1a: Kingambit|0 fnt|[from] ability: Rough Skin|[of] p2a: Garchomp
|faint|p2a: Garchomp
|faint|p1a: Kingambit
|-end|p1a: Kingambit|fallenundefined|[silent]
|
|-weather|SunnyDay|[upkeep]
|upkeep
|
|t:|1758256425
|switch|p2a: Gholdengo|Gholdengo, shiny|100/100
|switch|p1a: Great Tusk|Great Tusk|100/100
|-damage|p2a: Gholdengo|94/100|[from] Stealth Rock
|-activate|p1a: Great Tusk|ability: Protosynthesis
|-start|p1a: Great Tusk|protosynthesisatk
|turn|8
|
|t:|1758256432
|move|p2a: Gholdengo|Shadow Ball|p1a: Great Tusk
|-damage|p1a: Great Tusk|33/100
|move|p1a: Great Tusk|Headlong Rush|p2a: Gholdengo
|-supereffective|p2a: Gholdengo
|-damage|p2a: Gholdengo|0 fnt
|-unboost|p1a: Great Tusk|def|1
|-unboost|p1a: Great Tusk|spd|1
|faint|p2a: Gholdengo
|
|-weather|none
|-end|p1a: Great Tusk|Protosynthesis
|upkeep
|
|t:|1758256436
|switch|p2a: Greninja|Greninja, M|100/100
|-damage|p2a: Greninja|88/100|[from] Stealth Rock
|turn|9
|
|t:|1758256441
|-end|p1a: Great Tusk|Protosynthesis|[silent]
|switch|p1a: Torkoal|Torkoal, F|37/100
|-weather|SunnyDay|[from] ability: Drought|[of] p1a: Torkoal
|move|p2a: Greninja|Surf|p1a: Torkoal
|-supereffective|p1a: Torkoal
|-damage|p1a: Torkoal|0 fnt
|faint|p1a: Torkoal
|-ability|p2a: Greninja|Battle Bond|boost
|-boost|p2a: Greninja|atk|1
|-boost|p2a: Greninja|spa|1
|-boost|p2a: Greninja|spe|1
|-activate|p2a: Greninja|ability: Battle Bond
|-damage|p2a: Greninja|78/100|[from] item: Life Orb
|
|-weather|SunnyDay|[upkeep]
|upkeep
|
|t:|1758256448
|switch|p1a: Venusaur|Venusaur, F|100/100
|turn|10
|
|t:|1758256457
|-terastallize|p2a: Greninja|Poison
|move|p1a: Venusaur|Giga Drain|p2a: Greninja
|-resisted|p2a: Greninja
|-damage|p2a: Greninja|45/100
|-damage|p1a: Venusaur|91/100|[from] item: Life Orb
|move|p2a: Greninja|Ice Beam|p1a: Venusaur
|-supereffective|p1a: Venusaur
|-damage|p1a: Venusaur|0 fnt
|faint|p1a: Venusaur
|-damage|p2a: Greninja|36/100|[from] item: Life Orb
|
|-weather|SunnyDay|[upkeep]
|upkeep
|
|t:|1758256469
|switch|p1a: Gholdengo|Gholdengo|100/100
|turn|11
|
|t:|1758256477
|-terastallize|p1a: Gholdengo|Fairy
|move|p2a: Greninja|Dark Pulse|p1a: Gholdengo
|-resisted|p1a: Gholdengo
|-damage|p1a: Gholdengo|58/100
|-damage|p2a: Greninja|26/100|[from] item: Life Orb
|move|p1a: Gholdengo|Thunderbolt|p2a: Greninja
|-damage|p2a: Greninja|0 fnt
|faint|p2a: Greninja
|
|-weather|SunnyDay|[upkeep]
|upkeep
|
|t:|1758256485
|switch|p2a: Iron Valiant|Iron Valiant, shiny|100/100
|-damage|p2a: Iron Valiant|94/100|[from] Stealth Rock
|-enditem|p2a: Iron Valiant|Booster Energy
|-activate|p2a: Iron Valiant|ability: Quark Drive|[fromitem]
|-start|p2a: Iron Valiant|quarkdrivespe
|turn|12
|
|t:|1758256492
|switch|p1a: Great Tusk|Great Tusk|33/100
|-activate|p1a: Great Tusk|ability: Protosynthesis
|-start|p1a: Great Tusk|protosynthesisatk
|move|p2a: Iron Valiant|Knock Off|p1a: Great Tusk
|-resisted|p1a: Great Tusk
|-damage|p1a: Great Tusk|21/100
|-enditem|p1a: Great Tusk|Heavy-Duty Boots|[from] move: Knock Off|[of] p2a: Iron Valiant
|
|-weather|SunnyDay|[upkeep]
|upkeep
|turn|13
|
|t:|1758256496
|move|p2a: Iron Valiant|Spirit Break|p1a: Great Tusk
|-supereffective|p1a: Great Tusk
|-damage|p1a: Great Tusk|0 fnt
|faint|p1a: Great Tusk
|-end|p1a: Great Tusk|Protosynthesis|[silent]
|
|-weather|none
|upkeep
|
|t:|1758256500
|switch|p1a: Dragapult|Dragapult, M|100/100
|turn|14
|
|t:|1758256505
|move|p2a: Iron Valiant|Knock Off|p1a: Dragapult
|-supereffective|p1a: Dragapult
|-damage|p1a: Dragapult|13/100
|-enditem|p1a: Dragapult|Heavy-Duty Boots|[from] move: Knock Off|[of] p2a: Iron Valiant
|move|p1a: Dragapult|Shadow Ball|p2a: Iron Valiant
|-damage|p2a: Iron Valiant|35/100
|
|upkeep
|turn|15
|
|t:|1758256509
|move|p2a: Iron Valiant|Spirit Break|p1a: Dragapult
|-supereffective|p1a: Dragapult
|-damage|p1a: Dragapult|0 fnt
|faint|p1a: Dragapult
|
|upkeep
|
|t:|1758256511
|switch|p1a: Gholdengo|Gholdengo, tera:Fairy|58/100
|turn|16
|
|t:|1758256516
|move|p2a: Iron Valiant|Spirit Break|p1a: Gholdengo
|-damage|p1a: Gholdengo|11/100
|-unboost|p1a: Gholdengo|spa|1
|move|p1a: Gholdengo|Thunderbolt|p2a: Iron Valiant
|-damage|p2a: Iron Valiant|0 fnt
|faint|p2a: Iron Valiant
|-end|p2a: Iron Valiant|Quark Drive|[silent]
|
|upkeep
|
|t:|1758256520
|switch|p2a: Corviknight|Corviknight, M, shiny|100/100
|-damage|p2a: Corviknight|88/100|[from] Stealth Rock
|turn|17
|
|t:|1758256523
|move|p1a: Gholdengo|Thunderbolt|p2a: Corviknight
|-supereffective|p2a: Corviknight
|-damage|p2a: Corviknight|60/100
|move|p2a: Corviknight|Body Press|p1a: Gholdengo
|-resisted|p1a: Gholdengo
|-damage|p1a: Gholdengo|0 fnt
|faint|p1a: Gholdengo
|
|win|BlueDash
|raw|guiyas's rating: 1361 &rarr; <strong>1339</strong><br />(-22 for losing)
|raw|BlueDash's rating: 1319 &rarr; <strong>1341</strong><br />(+22 for winning)
|l|☆guiyas
|player|p1|
|l|☆BlueDash
|player|p2|
