|j|☆mala☆huju
|j|☆JohnLowLadder'
|t:|1758256272
|gametype|singles
|player|p1|mala☆huju|#malahuju|1572
|player|p2|JohnLowLadder'|youngster-gen6xy|1602
|gen|9
|tier|[Gen 9] OU
|rated|
|rule|HP Percentage Mod: HP is shown in percentages
|rule|Endless Battle Clause: Forcing endless battles is banned
|rule|Species Clause: Limit one of each Pokémon
|rule|OHKO Clause: OHKO moves are banned
|rule|Evasion Items Clause: Evasion items are banned
|rule|Evasion Moves Clause: Evasion moves are banned
|rule|Evasion Abilities Clause: Evasion abilities are banned
|rule|Sleep Moves Clause: Sleep-inducing moves are banned
|clearpoke
|poke|p1|Ogerpon-Wellspring, F|
|poke|p1|Great Tusk|
|poke|p1|Deoxys-Speed|
|poke|p1|Dragonite, M|
|poke|p1|Iron Moth|
|poke|p1|Hatterene, F|
|poke|p2|Pelipper, F|
|poke|p2|Hatterene, F|
|poke|p2|Iron Treads|
|poke|p2|Toxicroak, F|
|poke|p2|Barraskewda, F|
|poke|p2|Zapdos|
|teampreview
|inactive|Battle timer is ON: inactive players will automatically lose when time's up. (requested by JohnLowLadder')
|inactive|mala☆huju has 120 seconds left.
|
|t:|1758256386
|teamsize|p1|6
|teamsize|p2|6
|start
|switch|p1a: Hatterene|Hatterene, F|100/100
|switch|p2a: Pelipper|Pelipper, F|100/100
|-weather|RainDance|[from] ability: Drizzle|[of] p2a: Pelipper
|turn|1
|
|t:|1758256394
|move|p2a: Pelipper|U-turn|p1a: Hatterene
|-damage|p1a: Hatterene|91/100
|-damage|p2a: Pelipper|84/100|[from] item: Rocky Helmet|[of] p1a: Hatterene
|
|t:|1758256400
|switch|p2a: Iron Treads|Iron Treads|100/100|[from] U-turn
|move|p1a: Hatterene|Psychic Noise|p2a: Iron Treads
|-resisted|p2a: Iron Treads
|-damage|p2a: Iron Treads|86/100
|-start|p2a: Iron Treads|move: Heal Block
|
|-weather|RainDance|[upkeep]
|upkeep
|turn|2
|
|t:|1758256411
|switch|p1a: Ogerpon|Ogerpon-Wellspring, F|100/100
|move|p2a: Iron Treads|Earthquake|p1a: Ogerpon
|-resisted|p1a: Ogerpon
|-damage|p1a: Ogerpon|75/100
|
|-weather|RainDance|[upkeep]
|-end|p2a: Iron Treads|move: Heal Block
|upkeep
|turn|3
|
|t:|1758256414
|switch|p1a: Hatterene|Hatterene, F|91/100
|-end|p2a: Iron Treads|Quark Drive|[silent]
|switch|p2a: Toxicroak|Toxicroak, F|100/100
|
|-weather|RainDance|[upkeep]
|upkeep
|turn|4
|j| iamfrhaan007
|
|t:|1758256420
|switch|p2a: Iron Treads|Iron Treads|86/100
|move|p1a: Hatterene|Psychic Noise|p2a: Iron Treads
|-resisted|p2a: Iron Treads
|-damage|p2a: Iron Treads|73/100
|-start|p2a: Iron Treads|move: Heal Block
|
|-weather|RainDance|[upkeep]
|upkeep
|turn|5
|
|t:|1758256434
|move|p2a: Iron Treads|Volt Switch|p1a: Hatterene
|-damage|p1a: Hatterene|81/100
|
|t:|1758256463
|-end|p2a: Iron Treads|Quark Drive|[silent]
|switch|p2a: Zapdos|Zapdos|100/100|[from] Volt Switch
|move|p1a: Hatterene|Psychic Noise|p2a: Zapdos
|-damage|p2a: Zapdos|59/100
|-start|p2a: Zapdos|move: Heal Block
|
|-weather|RainDance|[upkeep]
|upkeep
|turn|6
|
|t:|1758256492
|move|p2a: Zapdos|Hurricane|p1a: Hatterene
|-damage|p1a: Hatterene|20/100
|move|p1a: Hatterene|Mystical Fire|p2a: Zapdos
|-damage|p2a: Zapdos|48/100
|-unboost|p2a: Zapdos|spa|1
|
|-weather|RainDance|[upkeep]
|-end|p2a: Zapdos|move: Heal Block
|upkeep
|turn|7
|inactive|mala☆huju has 120 seconds left.
|
|t:|1758256522
|move|p2a: Zapdos|Hurricane|p1a: Hatterene
|-damage|p1a: Hatterene|0 fnt
|faint|p1a: Hatterene
|
|-weather|RainDance|[upkeep]
|upkeep
|
|t:|1758256534
|switch|p1a: Ogerpon|Ogerpon-Wellspring, F|75/100
|turn|8
|
|t:|1758256540
|switch|p2a: Toxicroak|Toxicroak, F|100/100
|switch|p1a: Dragonite|Dragonite, M|100/100
|
|-weather|none
|upkeep
|turn|9
|
|t:|1758256551
|move|p1a: Dragonite|Extreme Speed|p2a: Toxicroak
|-damage|p2a: Toxicroak|60/100
|-damage|p1a: Dragonite|84/100|[from] item: Rocky Helmet|[of] p2a: Toxicroak
|move|p2a: Toxicroak|Toxic|p1a: Dragonite
|-status|p1a: Dragonite|tox
|
|-damage|p1a: Dragonite|78/100 tox|[from] psn
|upkeep
|turn|10
|
|t:|1758256556
|switch|p2a: Pelipper|Pelipper, F|84/100
|-weather|RainDance|[from] ability: Drizzle|[of] p2a: Pelipper
|move|p1a: Dragonite|Extreme Speed|p2a: Pelipper
|-damage|p2a: Pelipper|34/100
|
|-weather|RainDance|[upkeep]
|-damage|p1a: Dragonite|65/100 tox|[from] psn
|upkeep
|turn|11
|
|t:|1758256566
|switch|p2a: Iron Treads|Iron Treads|73/100
|move|p1a: Dragonite|Extreme Speed|p2a: Iron Treads
|-resisted|p2a: Iron Treads
|-damage|p2a: Iron Treads|54/100
|
|-weather|RainDance|[upkeep]
|-heal|p2a: Iron Treads|60/100|[from] item: Leftovers
|-damage|p1a: Dragonite|47/100 tox|[from] psn
|upkeep
|turn|12
|
|t:|1758256569
|switch|p1a: Ogerpon|Ogerpon-Wellspring, F|75/100
|move|p2a: Iron Treads|Volt Switch|p1a: Ogerpon
|-damage|p1a: Ogerpon|62/100
|
|t:|1758256571
|-end|p2a: Iron Treads|Quark Drive|[silent]
|switch|p2a: Toxicroak|Toxicroak, F|60/100|[from] Volt Switch
|
|-weather|RainDance|[upkeep]
|-heal|p2a: Toxicroak|73/100|[from] ability: Dry Skin
|upkeep
|turn|13
|inactive|mala☆huju has 120 seconds left.
|
|t:|1758256611
|move|p1a: Ogerpon|Play Rough|p2a: Toxicroak
|-damage|p2a: Toxicroak|34/100
|-damage|p1a: Ogerpon|45/100|[from] item: Rocky Helmet|[of] p2a: Toxicroak
|move|p2a: Toxicroak|Drain Punch|p1a: Ogerpon
|-damage|p1a: Ogerpon|10/100
|-heal|p2a: Toxicroak|48/100|[from] drain|[of] p1a: Ogerpon
|
|-weather|RainDance|[upkeep]
|-heal|p2a: Toxicroak|61/100|[from] ability: Dry Skin
|upkeep
|turn|14
|
|t:|1758256620
|move|p1a: Ogerpon|Play Rough|p2a: Toxicroak
|-damage|p2a: Toxicroak|24/100
|-unboost|p2a: Toxicroak|atk|1
|-damage|p1a: Ogerpon|0 fnt|[from] item: Rocky Helmet|[of] p2a: Toxicroak
|faint|p1a: Ogerpon
|move|p2a: Toxicroak|Drain Punch|p1: Ogerpon|[notarget]
|-fail|p2a: Toxicroak
|
|-weather|RainDance|[upkeep]
|-heal|p2a: Toxicroak|36/100|[from] ability: Dry Skin
|upkeep
|inactive|mala☆huju has 120 seconds left.
|inactive|mala☆huju has 90 seconds left.
|l| iamfrhaan007
|
|t:|1758256672
|switch|p1a: Deoxys|Deoxys-Speed|100/100
|-ability|p1a: Deoxys|Pressure
|turn|15
|
|t:|1758256691
|switch|p2a: Hatterene|Hatterene, F|100/100
|move|p1a: Deoxys|Shadow Ball|p2a: Hatterene
|-supereffective|p2a: Hatterene
|-damage|p2a: Hatterene|28/100
|-enditem|p2a: Hatterene|Eject Button
|-damage|p1a: Deoxys|91/100|[from] item: Life Orb
|
|t:|1758256694
|switch|p2a: Barraskewda|Barraskewda, F|100/100
|
|-weather|RainDance|[upkeep]
|upkeep
|turn|16
|inactive|mala☆huju has 90 seconds left.
|
|t:|1758256714
|switch|p1a: Dragonite|Dragonite, M|47/100 tox
|move|p2a: Barraskewda|Liquidation|p1a: Dragonite
|-resisted|p1a: Dragonite
|-damage|p1a: Dragonite|0 fnt
|faint|p1a: Dragonite
|
|-weather|RainDance|[upkeep]
|upkeep
|
|t:|1758256720
|switch|p1a: Great Tusk|Great Tusk|100/100
|-enditem|p1a: Great Tusk|Booster Energy
|-activate|p1a: Great Tusk|ability: Protosynthesis|[fromitem]
|-start|p1a: Great Tusk|protosynthesisspe
|turn|17
|
|t:|1758256741
|switch|p2a: Toxicroak|Toxicroak, F|36/100
|move|p1a: Great Tusk|Headlong Rush|p2a: Toxicroak
|-supereffective|p2a: Toxicroak
|-damage|p2a: Toxicroak|0 fnt
|-unboost|p1a: Great Tusk|def|1
|-unboost|p1a: Great Tusk|spd|1
|-damage|p1a: Great Tusk|84/100|[from] item: Rocky Helmet|[of] p2a: Toxicroak
|faint|p2a: Toxicroak
|
|-weather|none
|upkeep
|
|t:|1758256745
|switch|p2a: Pelipper|Pelipper, F|34/100
|-weather|RainDance|[from] ability: Drizzle|[of] p2a: Pelipper
|turn|18
|
|t:|1758256760
|move|p1a: Great Tusk|Close Combat|p2a: Pelipper
|-resisted|p2a: Pelipper
|-damage|p2a: Pelipper|9/100
|-unboost|p1a: Great Tusk|def|1
|-unboost|p1a: Great Tusk|spd|1
|move|p2a: Pelipper|Hurricane|p1a: Great Tusk
|-supereffective|p1a: Great Tusk
|-damage|p1a: Great Tusk|0 fnt
|faint|p1a: Great Tusk
|-end|p1a: Great Tusk|Protosynthesis|[silent]
|
|-weather|RainDance|[upkeep]
|upkeep
|
|t:|1758256769
|switch|p1a: Deoxys|Deoxys-Speed|91/100
|-ability|p1a: Deoxys|Pressure
|turn|19
|
|t:|1758256786
|move|p1a: Deoxys|Shadow Ball|p2a: Pelipper
|-damage|p2a: Pelipper|0 fnt
|faint|p2a: Pelipper
|-damage|p1a: Deoxys|81/100|[from] item: Life Orb
|
|-weather|RainDance|[upkeep]
|upkeep
|
|t:|1758256788
|switch|p2a: Barraskewda|Barraskewda, F|100/100
|turn|20
|
|t:|1758256801
|move|p2a: Barraskewda|Liquidation|p1a: Deoxys
|-damage|p1a: Deoxys|0 fnt
|faint|p1a: Deoxys
|
|-weather|RainDance|[upkeep]
|upkeep
|
|t:|1758256803
|switch|p1a: Iron Moth|Iron Moth|100/100
|-enditem|p1a: Iron Moth|Booster Energy
|-activate|p1a: Iron Moth|ability: Quark Drive|[fromitem]
|-start|p1a: Iron Moth|quarkdrivespe
|turn|21
|inactive|mala☆huju has 120 seconds left.
|c|☆mala☆huju|gg
|inactive|JohnLowLadder' has 120 seconds left.
|
|t:|1758256839
|-terastallize|p2a: Barraskewda|Water
|-terastallize|p1a: Iron Moth|Grass
|move|p2a: Barraskewda|Liquidation|p1a: Iron Moth
|-resisted|p1a: Iron Moth
|-damage|p1a: Iron Moth|8/100
|-unboost|p1a: Iron Moth|def|1
|move|p1a: Iron Moth|Energy Ball|p2a: Barraskewda
|-supereffective|p2a: Barraskewda
|-damage|p2a: Barraskewda|0 fnt
|faint|p2a: Barraskewda
|
|-weather|RainDance|[upkeep]
|upkeep
|
|t:|1758256847
|switch|p2a: Iron Treads|Iron Treads|60/100
|turn|22
|
|t:|1758256853
|move|p1a: Iron Moth|Energy Ball|p2a: Iron Treads
|-damage|p2a: Iron Treads|25/100
|move|p2a: Iron Treads|Rapid Spin|p1a: Iron Moth
|-damage|p1a: Iron Moth|0 fnt
|-boost|p2a: Iron Treads|spe|1
|faint|p1a: Iron Moth
|-end|p1a: Iron Moth|Quark Drive|[silent]
|
|win|JohnLowLadder'
|raw|mala☆huju's rating: 1572 &rarr; <strong>1554</strong><br />(-18 for losing)
|raw|JohnLowLadder&apos;'s rating: 1602 &rarr; <strong>1620</strong><br />(+18 for winning)
|l|☆mala☆huju
|player|p1|
