|j|☆SamiFawad
|j|☆HyperHHH
|t:|1758287525
|gametype|singles
|player|p1|SamiFawad|101|1690
|player|p2|HyperHHH|fisherman-gen2jp|1647
|gen|9
|tier|[Gen 9] OU
|rated|
|rule|HP Percentage Mod: HP is shown in percentages
|rule|Endless Battle Clause: Forcing endless battles is banned
|rule|Species Clause: Limit one of each Pokémon
|rule|OHKO Clause: OHKO moves are banned
|rule|Evasion Items Clause: Evasion items are banned
|rule|Evasion Moves Clause: Evasion moves are banned
|rule|Evasion Abilities Clause: Evasion abilities are banned
|rule|Sleep Moves Clause: Sleep-inducing moves are banned
|clearpoke
|poke|p1|Slowking-Galar, F|
|poke|p1|Samurott-Hisui, F|
|poke|p1|Meowscarada, M|
|poke|p1|Pecharunt|
|poke|p1|Ogerpon-Cornerstone, F|
|poke|p1|Great Tusk|
|poke|p2|Iron Valiant|
|poke|p2|Rotom-Wash|
|poke|p2|Ting-Lu|
|poke|p2|Gholdengo|
|poke|p2|Latios, M|
|poke|p2|Dragonite, M|
|teampreview
|inactive|Battle timer is ON: inactive players will automatically lose when time's up. (requested by HyperHHH)
|
|t:|1758287545
|teamsize|p1|6
|teamsize|p2|6
|start
|switch|p1a: Meowscarada|Meowscarada, M|100/100
|switch|p2a: Latios|Latios, M|100/100
|turn|1
|
|t:|1758287548
|switch|p2a: Rotom|Rotom-Wash|100/100
|move|p1a: Meowscarada|U-turn|p2a: Rotom
|-start|p1a: Meowscarada|typechange|Bug|[from] ability: Protean
|-damage|p2a: Rotom|71/100
|
|t:|1758287551
|switch|p1a: Samurott|Samurott-Hisui, F|100/100|[from] U-turn
|
|-heal|p2a: Rotom|77/100|[from] item: Leftovers
|upkeep
|turn|2
|
|t:|1758287554
|move|p1a: Samurott|Ceaseless Edge|p2a: Rotom
|-damage|p2a: Rotom|40/100
|-sidestart|p2: HyperHHH|Spikes
|move|p2a: Rotom|Will-O-Wisp|p1a: Samurott|[miss]
|-miss|p2a: Rotom|p1a: Samurott
|
|-heal|p2a: Rotom|47/100|[from] item: Leftovers
|upkeep
|turn|3
|
|t:|1758287557
|move|p1a: Samurott|Ceaseless Edge|p2a: Rotom
|-damage|p2a: Rotom|8/100
|-sidestart|p2: HyperHHH|Spikes
|move|p2a: Rotom|Will-O-Wisp|p1a: Samurott
|-status|p1a: Samurott|brn
|
|-heal|p2a: Rotom|14/100|[from] item: Leftovers
|-damage|p1a: Samurott|94/100 brn|[from] brn
|upkeep
|turn|4
|
|t:|1758287563
|switch|p2a: Iron Valiant|Iron Valiant|100/100
|move|p1a: Samurott|Ceaseless Edge|p2a: Iron Valiant
|-resisted|p2a: Iron Valiant
|-damage|p2a: Iron Valiant|93/100
|-sidestart|p2: HyperHHH|Spikes
|
|-damage|p1a: Samurott|88/100 brn|[from] brn
|upkeep
|turn|5
|
|t:|1758287567
|switch|p1a: Pecharunt|Pecharunt|100/100
|move|p2a: Iron Valiant|Knock Off|p1a: Pecharunt
|-supereffective|p1a: Pecharunt
|-damage|p1a: Pecharunt|69/100
|-damage|p2a: Iron Valiant|76/100|[from] item: Rocky Helmet|[of] p1a: Pecharunt
|-enditem|p1a: Pecharunt|Rocky Helmet|[from] move: Knock Off|[of] p2a: Iron Valiant
|
|upkeep
|turn|6
|
|t:|1758287575
|-end|p2a: Iron Valiant|Quark Drive|[silent]
|switch|p2a: Ting-Lu|Ting-Lu|100/100
|-damage|p2a: Ting-Lu|76/100|[from] Spikes
|-ability|p2a: Ting-Lu|Vessel of Ruin
|move|p1a: Pecharunt|Malignant Chain|p2a: Ting-Lu
|-resisted|p2a: Ting-Lu
|-damage|p2a: Ting-Lu|66/100
|-status|p2a: Ting-Lu|tox
|-start|p2a: Ting-Lu|confusion|[from] ability: Poison Puppeteer|[of] p1a: Pecharunt
|
|-heal|p2a: Ting-Lu|73/100 tox|[from] item: Leftovers
|-damage|p2a: Ting-Lu|66/100 tox|[from] psn
|upkeep
|turn|7
|
|t:|1758287580
|switch|p2a: Gholdengo|Gholdengo|100/100
|-item|p2a: Gholdengo|Air Balloon
|move|p1a: Pecharunt|Shadow Ball|p2a: Gholdengo
|-supereffective|p2a: Gholdengo
|-damage|p2a: Gholdengo|30/100
|-enditem|p2a: Gholdengo|Air Balloon
|
|upkeep
|turn|8
|
|t:|1758287584
|switch|p1a: Samurott|Samurott-Hisui, F|88/100 brn
|move|p2a: Gholdengo|Recover|p2a: Gholdengo
|-heal|p2a: Gholdengo|80/100
|
|-damage|p1a: Samurott|82/100 brn|[from] brn
|upkeep
|turn|9
|
|t:|1758287603
|move|p1a: Samurott|Ceaseless Edge|p2a: Gholdengo
|-supereffective|p2a: Gholdengo
|-damage|p2a: Gholdengo|47/100
|move|p2a: Gholdengo|Hex|p1a: Samurott
|-resisted|p1a: Samurott
|-damage|p1a: Samurott|36/100 brn
|
|-damage|p1a: Samurott|30/100 brn|[from] brn
|upkeep
|turn|10
|
|t:|1758287614
|switch|p1a: Great Tusk|Great Tusk|100/100
|move|p2a: Gholdengo|Recover|p2a: Gholdengo
|-heal|p2a: Gholdengo|97/100
|
|upkeep
|turn|11
|
|t:|1758287631
|switch|p2a: Iron Valiant|Iron Valiant|76/100
|move|p1a: Great Tusk|Earthquake|p2a: Iron Valiant
|-damage|p2a: Iron Valiant|20/100
|
|upkeep
|turn|12
|
|t:|1758287641
|-end|p1a: Great Tusk|Protosynthesis|[silent]
|switch|p1a: Pecharunt|Pecharunt|69/100
|move|p2a: Iron Valiant|Moonblast|p1a: Pecharunt
|-resisted|p1a: Pecharunt
|-damage|p1a: Pecharunt|45/100
|-unboost|p1a: Pecharunt|spa|1
|
|upkeep
|turn|13
|
|t:|1758287651
|-end|p2a: Iron Valiant|Quark Drive|[silent]
|switch|p2a: Ting-Lu|Ting-Lu|66/100 tox
|-damage|p2a: Ting-Lu|42/100 tox|[from] Spikes
|-ability|p2a: Ting-Lu|Vessel of Ruin
|move|p1a: Pecharunt|Recover|p1a: Pecharunt
|-heal|p1a: Pecharunt|95/100
|
|-heal|p2a: Ting-Lu|48/100 tox|[from] item: Leftovers
|-damage|p2a: Ting-Lu|42/100 tox|[from] psn
|upkeep
|turn|14
|
|t:|1758287654
|move|p1a: Pecharunt|Parting Shot|p2a: Ting-Lu
|-unboost|p2a: Ting-Lu|atk|1
|-unboost|p2a: Ting-Lu|spa|1
|
|t:|1758287657
|switch|p1a: Great Tusk|Great Tusk|100/100|[from] Parting Shot
|move|p2a: Ting-Lu|Stealth Rock|p1a: Great Tusk
|-sidestart|p1: SamiFawad|move: Stealth Rock
|
|-heal|p2a: Ting-Lu|48/100 tox|[from] item: Leftovers
|-damage|p2a: Ting-Lu|35/100 tox|[from] psn
|upkeep
|turn|15
|
|t:|1758287660
|switch|p2a: Gholdengo|Gholdengo|97/100
|-damage|p2a: Gholdengo|72/100|[from] Spikes
|move|p1a: Great Tusk|Knock Off|p2a: Gholdengo
|-supereffective|p2a: Gholdengo
|-damage|p2a: Gholdengo|45/100
|
|upkeep
|turn|16
|
|t:|1758287665
|switch|p2a: Latios|Latios, M|100/100
|move|p1a: Great Tusk|Earthquake|p2a: Latios
|-immune|p2a: Latios|[from] ability: Levitate
|
|upkeep
|turn|17
|
|t:|1758287668
|-end|p1a: Great Tusk|Protosynthesis|[silent]
|switch|p1a: Slowking|Slowking-Galar, F|100/100
|-damage|p1a: Slowking|88/100|[from] Stealth Rock
|move|p2a: Latios|Luster Purge|p1a: Slowking
|-damage|p1a: Slowking|61/100
|
|upkeep
|turn|18
|
|t:|1758287681
|switch|p2a: Gholdengo|Gholdengo|45/100
|-damage|p2a: Gholdengo|20/100|[from] Spikes
|move|p1a: Slowking|Future Sight|p2a: Gholdengo
|-start|p1a: Slowking|move: Future Sight
|
|upkeep
|turn|19
|
|t:|1758287694
|move|p2a: Gholdengo|Thunder Wave|p1a: Slowking
|-status|p1a: Slowking|par
|move|p1a: Slowking|Flamethrower|p2a: Gholdengo
|-supereffective|p2a: Gholdengo
|-damage|p2a: Gholdengo|0 fnt
|faint|p2a: Gholdengo
|
|upkeep
|
|t:|1758287710
|switch|p2a: Ting-Lu|Ting-Lu|35/100 tox
|-damage|p2a: Ting-Lu|10/100 tox|[from] Spikes
|-ability|p2a: Ting-Lu|Vessel of Ruin
|turn|20
|
|t:|1758287716
|switch|p1a: Great Tusk|Great Tusk|100/100
|-damage|p1a: Great Tusk|98/100|[from] Stealth Rock
|move|p2a: Ting-Lu|Ruination|p1a: Great Tusk
|-damage|p1a: Great Tusk|49/100
|
|-end|p2a: Ting-Lu|move: Future Sight
|-immune|p2a: Ting-Lu
|-heal|p2a: Ting-Lu|17/100 tox|[from] item: Leftovers
|-damage|p2a: Ting-Lu|10/100 tox|[from] psn
|upkeep
|turn|21
|
|t:|1758287727
|switch|p2a: Latios|Latios, M|100/100
|move|p1a: Great Tusk|Rapid Spin|p2a: Latios
|-damage|p2a: Latios|80/100
|-boost|p1a: Great Tusk|spe|1
|-sideend|p1: SamiFawad|Stealth Rock|[from] move: Rapid Spin|[of] p1a: Great Tusk
|
|upkeep
|turn|22
|
|t:|1758287734
|-end|p1a: Great Tusk|Protosynthesis|[silent]
|switch|p1a: Slowking|Slowking-Galar, F|94/100 par
|move|p2a: Latios|Flip Turn|p1a: Slowking
|-damage|p1a: Slowking|83/100 par
|
|t:|1758287737
|switch|p2a: Dragonite|Dragonite, M|100/100|[from] Flip Turn
|
|upkeep
|turn|23
|
|t:|1758287742
|move|p2a: Dragonite|Earthquake|p1a: Slowking
|-supereffective|p1a: Slowking
|-damage|p1a: Slowking|7/100 par
|move|p1a: Slowking|Ice Beam|p2a: Dragonite
|-supereffective|p2a: Dragonite
|-damage|p2a: Dragonite|49/100
|
|upkeep
|turn|24
|
|t:|1758287750
|switch|p1a: Samurott|Samurott-Hisui, F|30/100 brn
|move|p2a: Dragonite|Earthquake|p1a: Samurott
|-damage|p1a: Samurott|0 fnt
|faint|p1a: Samurott
|
|upkeep
|
|t:|1758287754
|switch|p1a: Ogerpon|Ogerpon-Cornerstone, F|100/100
|turn|25
|
|t:|1758287758
|switch|p2a: Rotom|Rotom-Wash|14/100
|move|p1a: Ogerpon|Ivy Cudgel|p2a: Rotom|[anim] Ivy Cudgel Rock
|-damage|p2a: Rotom|0 fnt
|faint|p2a: Rotom
|
|upkeep
|
|t:|1758287760
|switch|p2a: Latios|Latios, M|80/100
|turn|26
|
|t:|1758287766
|switch|p1a: Great Tusk|Great Tusk|49/100
|move|p2a: Latios|Flip Turn|p1a: Great Tusk
|-supereffective|p1a: Great Tusk
|-damage|p1a: Great Tusk|38/100
|-damage|p2a: Latios|63/100|[from] item: Rocky Helmet|[of] p1a: Great Tusk
|
|t:|1758287771
|switch|p2a: Iron Valiant|Iron Valiant|20/100|[from] Flip Turn
|
|upkeep
|turn|27
|
|t:|1758287783
|-end|p2a: Iron Valiant|Quark Drive|[silent]
|switch|p2a: Latios|Latios, M|63/100
|move|p1a: Great Tusk|Knock Off|p2a: Latios
|-supereffective|p2a: Latios
|-damage|p2a: Latios|0 fnt
|-enditem|p2a: Latios|Choice Scarf|[from] move: Knock Off|[of] p1a: Great Tusk
|faint|p2a: Latios
|
|upkeep
|
|t:|1758287806
|switch|p2a: Iron Valiant|Iron Valiant|20/100
|turn|28
|
|t:|1758287812
|move|p2a: Iron Valiant|Moonblast|p1a: Great Tusk
|-supereffective|p1a: Great Tusk
|-damage|p1a: Great Tusk|0 fnt
|faint|p1a: Great Tusk
|-end|p1a: Great Tusk|Protosynthesis|[silent]
|
|upkeep
|
|t:|1758287817
|switch|p1a: Pecharunt|Pecharunt|95/100
|turn|29
|
|t:|1758287827
|-terastallize|p2a: Iron Valiant|Steel
|move|p2a: Iron Valiant|Knock Off|p1a: Pecharunt
|-supereffective|p1a: Pecharunt
|-damage|p1a: Pecharunt|72/100
|move|p1a: Pecharunt|Malignant Chain|p2a: Iron Valiant
|-immune|p2a: Iron Valiant
|
|upkeep
|turn|30
|
|t:|1758287831
|move|p2a: Iron Valiant|Encore|p1a: Pecharunt
|-start|p1a: Pecharunt|Encore
|move|p1a: Pecharunt|Malignant Chain|p2a: Iron Valiant
|-immune|p2a: Iron Valiant
|
|upkeep
|turn|31
|
|t:|1758287835
|switch|p1a: Slowking|Slowking-Galar, F|40/100 par
|move|p2a: Iron Valiant|Knock Off|p1a: Slowking
|-supereffective|p1a: Slowking
|-damage|p1a: Slowking|0 fnt
|-enditem|p1a: Slowking|Assault Vest|[from] move: Knock Off|[of] p2a: Iron Valiant
|faint|p1a: Slowking
|
|upkeep
|
|t:|1758287837
|switch|p1a: Meowscarada|Meowscarada, M|100/100
|turn|32
|
|t:|1758287841
|-end|p2a: Iron Valiant|Quark Drive|[silent]
|switch|p2a: Ting-Lu|Ting-Lu|10/100 tox
|-damage|p2a: Ting-Lu|0 fnt|[from] Spikes
|faint|p2a: Ting-Lu
|move|p1a: Meowscarada|Knock Off|p2: Ting-Lu|[notarget]
|-fail|p1a: Meowscarada
|
|upkeep
|
|t:|1758287844
|switch|p2a: Dragonite|Dragonite, M|49/100
|turn|33
|
|t:|1758287858
|switch|p1a: Pecharunt|Pecharunt|72/100
|move|p2a: Dragonite|Earthquake|p1a: Pecharunt
|-supereffective|p1a: Pecharunt
|-damage|p1a: Pecharunt|25/100
|
|upkeep
|turn|34
|
|t:|1758287864
|move|p1a: Pecharunt|Shadow Ball|p2a: Dragonite
|-damage|p2a: Dragonite|19/100
|move|p2a: Dragonite|Earthquake|p1a: Pecharunt
|-supereffective|p1a: Pecharunt
|-damage|p1a: Pecharunt|0 fnt
|faint|p1a: Pecharunt
|
|upkeep
|
|t:|1758287869
|switch|p1a: Meowscarada|Meowscarada, M|100/100
|turn|35
|
|t:|1758287874
|move|p2a: Dragonite|Extreme Speed|p1a: Meowscarada
|-damage|p1a: Meowscarada|52/100
|move|p1a: Meowscarada|Knock Off|p2a: Dragonite
|-start|p1a: Meowscarada|typechange|Dark|[from] ability: Protean
|-damage|p2a: Dragonite|0 fnt
|-enditem|p2a: Dragonite|Heavy-Duty Boots|[from] move: Knock Off|[of] p1a: Meowscarada
|faint|p2a: Dragonite
|
|upkeep
|
|t:|1758287881
|switch|p2a: Iron Valiant|Iron Valiant, tera:Steel|20/100
|turn|36
|
|t:|1758287882
|move|p1a: Meowscarada|Knock Off|p2a: Iron Valiant
|-damage|p2a: Iron Valiant|0 fnt
|-enditem|p2a: Iron Valiant|Heavy-Duty Boots|[from] move: Knock Off|[of] p1a: Meowscarada
|faint|p2a: Iron Valiant
|-end|p2a: Iron Valiant|Quark Drive|[silent]
|
|win|SamiFawad
|raw|SamiFawad's rating: 1690 &rarr; <strong>1708</strong><br />(+18 for winning)
|raw|HyperHHH's rating: 1647 &rarr; <strong>1629</strong><br />(-18 for losing)
|l|☆SamiFawad
|player|p1|
|l|☆HyperHHH
|player|p2|
