|j|☆SatsumaFS
|j|☆LX1987
|t:|1758291832
|gametype|singles
|player|p1|SatsumaFS|170|1424
|player|p2|LX1987|170|1407
|gen|9
|tier|[Gen 9] OU
|rated|
|rule|HP Percentage Mod: HP is shown in percentages
|rule|Endless Battle Clause: Forcing endless battles is banned
|rule|Species Clause: Limit one of each Pokémon
|rule|OHKO Clause: OHKO moves are banned
|rule|Evasion Items Clause: Evasion items are banned
|rule|Evasion Moves Clause: Evasion moves are banned
|rule|Evasion Abilities Clause: Evasion abilities are banned
|rule|Sleep Moves Clause: Sleep-inducing moves are banned
|clearpoke
|poke|p1|Lokix, M|
|poke|p1|Ogerpon-Wellspring, F|
|poke|p1|Gholdengo|
|poke|p1|Iron Treads|
|poke|p1|Dragapult, M|
|poke|p1|Garganacl, M|
|poke|p2|Drifblim, F|
|poke|p2|Rillaboom, F|
|poke|p2|Tauros-Paldea-Blaze, M|
|poke|p2|Slowking, M|
|poke|p2|Muk-Alola, F|
|poke|p2|Salamence, F|
|teampreview
|inactive|Battle timer is ON: inactive players will automatically lose when time's up. (requested by LX1987)
|
|t:|1758291846
|teamsize|p1|6
|teamsize|p2|6
|start
|switch|p1a: Larc|Ogerpon-Wellspring, F|100/100
|switch|p2a: Rillaboom|Rillaboom, F|100/100
|-fieldstart|move: Grassy Terrain|[from] ability: Grassy Surge|[of] p2a: Rillaboom
|turn|1
|
|t:|1758291854
|move|p1a: Larc|U-turn|p2a: Rillaboom
|-supereffective|p2a: Rillaboom
|-damage|p2a: Rillaboom|40/100
|
|t:|1758291858
|switch|p1a: LunaTrigger|Gholdengo|100/100|[from] U-turn
|move|p2a: Rillaboom|Knock Off|p1a: LunaTrigger
|-supereffective|p1a: LunaTrigger
|-damage|p1a: LunaTrigger|25/100
|-enditem|p1a: LunaTrigger|Covert Cloak|[from] move: Knock Off|[of] p2a: Rillaboom
|
|-heal|p2a: Rillaboom|46/100|[from] Grassy Terrain
|-heal|p1a: LunaTrigger|31/100|[from] Grassy Terrain
|upkeep
|turn|2
|
|t:|1758291869
|switch|p2a: Slowking|Slowking, M|100/100
|switch|p1a: Larc|Ogerpon-Wellspring, F|100/100
|
|upkeep
|turn|3
|
|t:|1758291880
|switch|p2a: Tauros|Tauros-Paldea-Blaze, M|100/100
|-ability|p2a: Tauros|Intimidate|boost
|-unboost|p1a: Larc|atk|1
|move|p1a: Larc|Spikes|p2a: Tauros
|-sidestart|p2: LX1987|Spikes
|
|upkeep
|turn|4
|
|t:|1758291890
|move|p1a: Larc|Ivy Cudgel|p2a: Tauros|[anim] Ivy Cudgel Water
|-supereffective|p2a: Tauros
|-damage|p2a: Tauros|22/100
|move|p2a: Tauros|Will-O-Wisp|p1a: Larc
|-status|p1a: Larc|brn
|
|-heal|p2a: Tauros|28/100|[from] Grassy Terrain
|-damage|p1a: Larc|95/100 brn|[from] brn
|upkeep
|turn|5
|
|t:|1758291904
|switch|p2a: Salamence|Salamence, F|100/100
|move|p1a: Larc|Knock Off|p2a: Salamence
|-damage|p2a: Salamence|86/100
|-enditem|p2a: Salamence|Life Orb|[from] move: Knock Off|[of] p1a: Larc
|
|-heal|p1a: Larc|100/100 brn|[from] Grassy Terrain
|-damage|p1a: Larc|95/100 brn|[from] brn
|-fieldend|move: Grassy Terrain
|upkeep
|turn|6
|
|t:|1758291916
|move|p1a: Larc|U-turn|p2a: Salamence
|-resisted|p2a: Salamence
|-damage|p2a: Salamence|81/100
|
|t:|1758291918
|switch|p1a: Gaim|Garganacl, M, shiny|100/100|[from] U-turn
|move|p2a: Salamence|Dragon Dance|p2a: Salamence
|-boost|p2a: Salamence|atk|1
|-boost|p2a: Salamence|spe|1
|
|upkeep
|turn|7
|
|t:|1758291929
|-terastallize|p2a: Salamence|Dragon
|-terastallize|p1a: Gaim|Water
|move|p2a: Salamence|Dragon Dance|p2a: Salamence
|-boost|p2a: Salamence|atk|1
|-boost|p2a: Salamence|spe|1
|move|p1a: Gaim|Ice Punch|p2a: Salamence
|-supereffective|p2a: Salamence
|-damage|p2a: Salamence|45/100
|
|upkeep
|turn|8
|
|t:|1758291940
|move|p2a: Salamence|Dragon Claw|p1a: Gaim
|-damage|p1a: Gaim|23/100
|move|p1a: Gaim|Salt Cure|p2a: Salamence
|-damage|p2a: Salamence|30/100
|-start|p2a: Salamence|Salt Cure
|
|-heal|p1a: Gaim|29/100|[from] item: Leftovers
|-damage|p2a: Salamence|17/100|[from] Salt Cure
|upkeep
|turn|9
|
|t:|1758291951
|move|p1a: Gaim|Protect|p1a: Gaim
|-singleturn|p1a: Gaim|Protect
|move|p2a: Salamence|Dual Wingbeat|p1a: Gaim
|-activate|p1a: Gaim|move: Protect
|
|-heal|p1a: Gaim|35/100|[from] item: Leftovers
|-damage|p2a: Salamence|5/100|[from] Salt Cure
|upkeep
|turn|10
|
|t:|1758291971
|switch|p1a: Larc|Ogerpon-Wellspring, F|95/100 brn
|move|p2a: Salamence|Dragon Claw|p1a: Larc
|-damage|p1a: Larc|0 fnt
|faint|p1a: Larc
|-ability|p2a: Salamence|Moxie|boost
|-boost|p2a: Salamence|atk|1
|
|-damage|p2a: Salamence|0 fnt|[from] Salt Cure
|faint|p2a: Salamence
|upkeep
|inactive|SatsumaFS has 120 seconds left.
|
|t:|1758291986
|switch|p1a: KickHopper|Lokix, M, shiny|100/100
|switch|p2a: Rillaboom|Rillaboom, F|46/100
|-damage|p2a: Rillaboom|33/100|[from] Spikes
|-fieldstart|move: Grassy Terrain|[from] ability: Grassy Surge|[of] p2a: Rillaboom
|turn|11
|
|t:|1758291994
|switch|p2a: Tauros|Tauros-Paldea-Blaze, M|28/100
|-ability|p2a: Tauros|Intimidate|boost
|-unboost|p1a: KickHopper|atk|1
|move|p1a: KickHopper|U-turn|p2a: Tauros
|-resisted|p2a: Tauros
|-damage|p2a: Tauros|15/100
|
|t:|1758292001
|switch|p1a: Kiva|Dragapult, M|100/100|[from] U-turn
|
|-heal|p2a: Tauros|21/100|[from] Grassy Terrain
|upkeep
|turn|12
|
|t:|1758292008
|switch|p2a: Muk|Muk-Alola, F|100/100
|-damage|p2a: Muk|88/100|[from] Spikes
|move|p1a: Kiva|Shadow Ball|p2a: Muk
|-resisted|p2a: Muk
|-damage|p2a: Muk|65/100
|
|-heal|p2a: Muk|71/100|[from] Grassy Terrain
|-heal|p2a: Muk|78/100|[from] item: Black Sludge
|upkeep
|turn|13
|
|t:|1758292020
|switch|p1a: Drive|Iron Treads, shiny|100/100
|-item|p1a: Drive|Air Balloon
|move|p2a: Muk|Knock Off|p1a: Drive
|-damage|p1a: Drive|65/100
|-enditem|p1a: Drive|Air Balloon
|
|-heal|p1a: Drive|71/100|[from] Grassy Terrain
|-heal|p2a: Muk|84/100|[from] Grassy Terrain
|-heal|p2a: Muk|90/100|[from] item: Black Sludge
|upkeep
|turn|14
|
|t:|1758292032
|move|p1a: Drive|Stealth Rock|p2a: Muk
|-sidestart|p2: LX1987|move: Stealth Rock
|move|p2a: Muk|Fire Punch|p1a: Drive
|-supereffective|p1a: Drive
|-damage|p1a: Drive|30/100
|
|-heal|p1a: Drive|36/100|[from] Grassy Terrain
|-heal|p2a: Muk|96/100|[from] Grassy Terrain
|-heal|p2a: Muk|100/100|[from] item: Black Sludge
|upkeep
|turn|15
|
|t:|1758292041
|move|p1a: Drive|Volt Switch|p2a: Muk
|-crit|p2a: Muk
|-damage|p2a: Muk|88/100
|
|t:|1758292044
|-end|p1a: Drive|Quark Drive|[silent]
|switch|p1a: Gaim|Garganacl, M, shiny, tera:Water|35/100|[from] Volt Switch
|move|p2a: Muk|Fire Punch|p1a: Gaim
|-resisted|p1a: Gaim
|-damage|p1a: Gaim|27/100
|
|-heal|p2a: Muk|94/100|[from] Grassy Terrain
|-heal|p2a: Muk|100/100|[from] item: Black Sludge
|-heal|p1a: Gaim|34/100|[from] Grassy Terrain
|-heal|p1a: Gaim|40/100|[from] item: Leftovers
|-fieldend|move: Grassy Terrain
|upkeep
|turn|16
|
|t:|1758292058
|move|p1a: Gaim|Protect|p1a: Gaim
|-singleturn|p1a: Gaim|Protect
|move|p2a: Muk|Knock Off|p1a: Gaim
|-activate|p1a: Gaim|move: Protect
|
|-heal|p1a: Gaim|46/100|[from] item: Leftovers
|upkeep
|turn|17
|
|t:|1758292067
|switch|p1a: LunaTrigger|Gholdengo|31/100
|move|p2a: Muk|Knock Off|p1a: LunaTrigger
|-supereffective|p1a: LunaTrigger
|-damage|p1a: LunaTrigger|0 fnt
|faint|p1a: LunaTrigger
|
|upkeep
|
|t:|1758292073
|switch|p1a: Drive|Iron Treads, shiny|36/100
|turn|18
|
|t:|1758292078
|switch|p2a: Rillaboom|Rillaboom, F|33/100
|-damage|p2a: Rillaboom|21/100|[from] Spikes
|-damage|p2a: Rillaboom|9/100|[from] Stealth Rock
|-fieldstart|move: Grassy Terrain|[from] ability: Grassy Surge|[of] p2a: Rillaboom
|move|p1a: Drive|Earthquake|p2a: Rillaboom
|-resisted|p2a: Rillaboom
|-damage|p2a: Rillaboom|0 fnt
|faint|p2a: Rillaboom
|
|-heal|p1a: Drive|42/100|[from] Grassy Terrain
|upkeep
|
|t:|1758292092
|switch|p2a: Drifblim|Drifblim, F|100/100
|-damage|p2a: Drifblim|76/100|[from] Stealth Rock
|-enditem|p2a: Drifblim|Grassy Seed
|-boost|p2a: Drifblim|def|1|[from] item: Grassy Seed
|turn|19
|
|t:|1758292098
|move|p2a: Drifblim|Calm Mind|p2a: Drifblim
|-boost|p2a: Drifblim|spa|1
|-boost|p2a: Drifblim|spd|1
|move|p1a: Drive|Volt Switch|p2a: Drifblim
|-supereffective|p2a: Drifblim
|-damage|p2a: Drifblim|61/100
|
|t:|1758292105
|-end|p1a: Drive|Quark Drive|[silent]
|switch|p1a: Gaim|Garganacl, M, shiny, tera:Water|46/100|[from] Volt Switch
|
|-heal|p1a: Gaim|52/100|[from] Grassy Terrain
|-heal|p1a: Gaim|58/100|[from] item: Leftovers
|upkeep
|turn|20
|
|t:|1758292113
|move|p2a: Drifblim|Calm Mind|p2a: Drifblim
|-boost|p2a: Drifblim|spa|1
|-boost|p2a: Drifblim|spd|1
|move|p1a: Gaim|Salt Cure|p2a: Drifblim
|-supereffective|p2a: Drifblim
|-damage|p2a: Drifblim|44/100
|-start|p2a: Drifblim|Salt Cure
|
|-heal|p1a: Gaim|65/100|[from] Grassy Terrain
|-heal|p1a: Gaim|71/100|[from] item: Leftovers
|-damage|p2a: Drifblim|32/100|[from] Salt Cure
|upkeep
|turn|21
|
|t:|1758292125
|move|p1a: Gaim|Protect|p1a: Gaim
|-singleturn|p1a: Gaim|Protect
|move|p2a: Drifblim|Tera Blast|p1a: Gaim
|-activate|p1a: Gaim|move: Protect
|
|-heal|p1a: Gaim|77/100|[from] Grassy Terrain
|-heal|p1a: Gaim|83/100|[from] item: Leftovers
|-damage|p2a: Drifblim|19/100|[from] Salt Cure
|upkeep
|turn|22
|
|t:|1758292136
|move|p2a: Drifblim|Strength Sap|p1a: Gaim
|-unboost|p1a: Gaim|atk|1
|-heal|p2a: Drifblim|73/100
|move|p1a: Gaim|Recover|p1a: Gaim
|-heal|p1a: Gaim|100/100
|
|-damage|p2a: Drifblim|60/100|[from] Salt Cure
|-fieldend|move: Grassy Terrain
|upkeep
|turn|23
|
|t:|1758292147
|move|p2a: Drifblim|Calm Mind|p2a: Drifblim
|-boost|p2a: Drifblim|spa|1
|-boost|p2a: Drifblim|spd|1
|move|p1a: Gaim|Ice Punch|p2a: Drifblim
|-supereffective|p2a: Drifblim
|-damage|p2a: Drifblim|46/100
|
|-damage|p2a: Drifblim|34/100|[from] Salt Cure
|upkeep
|turn|24
|
|t:|1758292156
|switch|p1a: KickHopper|Lokix, M, shiny|100/100
|move|p2a: Drifblim|Calm Mind|p2a: Drifblim
|-boost|p2a: Drifblim|spa|1
|-boost|p2a: Drifblim|spd|1
|
|-damage|p2a: Drifblim|21/100|[from] Salt Cure
|upkeep
|turn|25
|
|t:|1758292165
|move|p1a: KickHopper|First Impression|p2a: Drifblim
|-resisted|p2a: Drifblim
|-damage|p2a: Drifblim|7/100
|move|p2a: Drifblim|Strength Sap|p1a: KickHopper
|-unboost|p1a: KickHopper|atk|1
|-heal|p2a: Drifblim|83/100
|
|-damage|p2a: Drifblim|70/100|[from] Salt Cure
|upkeep
|turn|26
|-message|SatsumaFS forfeited.
|
|win|LX1987
|raw|SatsumaFS's rating: 1424 &rarr; <strong>1403</strong><br />(-21 for losing)
|raw|LX1987's rating: 1407 &rarr; <strong>1428</strong><br />(+21 for winning)
|l|☆SatsumaFS
|player|p1|
