|j|☆Eight Five
|j|☆ybg mihan
|t:|1758298116
|gametype|singles
|player|p1|Eight Five|170|1546
|player|p2|ybg mihan|102|1593
|gen|9
|tier|[Gen 9] OU
|rated|
|rule|HP Percentage Mod: HP is shown in percentages
|rule|Endless Battle Clause: Forcing endless battles is banned
|rule|Species Clause: Limit one of each Pokémon
|rule|OHKO Clause: OHKO moves are banned
|rule|Evasion Items Clause: Evasion items are banned
|rule|Evasion Moves Clause: Evasion moves are banned
|rule|Evasion Abilities Clause: Evasion abilities are banned
|rule|Sleep Moves Clause: Sleep-inducing moves are banned
|clearpoke
|poke|p1|Iron Treads|
|poke|p1|Landorus-Therian, M|
|poke|p1|Jirachi|
|poke|p1|Chandelure, M|
|poke|p1|Primarina, M|
|poke|p1|Zapdos|
|poke|p2|Samurott-Hisui, M|
|poke|p2|Great Tusk|
|poke|p2|Hatterene, F|
|poke|p2|Slowking-Galar, M|
|poke|p2|Dragonite, M|
|poke|p2|Heatran, M|
|teampreview
|inactive|Battle timer is ON: inactive players will automatically lose when time's up. (requested by Eight Five)
|
|t:|1758298140
|teamsize|p1|6
|teamsize|p2|6
|start
|switch|p1a: Zapdos|Zapdos|100/100
|switch|p2a: Slowking|Slowking-Galar, M|100/100
|turn|1
|
|t:|1758298145
|move|p1a: Zapdos|Volt Switch|p2a: Slowking
|-damage|p2a: Slowking|61/100
|
|t:|1758298155
|switch|p1a: Jirachi|Jirachi|100/100|[from] Volt Switch
|move|p2a: Slowking|Sludge Bomb|p1a: Jirachi
|-immune|p1a: Jirachi
|
|upkeep
|turn|2
|
|t:|1758298161
|switch|p2a: Samurott|Samurott-Hisui, M|100/100
|move|p1a: Jirachi|Doom Desire|p2a: Samurott
|-start|p1a: Jirachi|Doom Desire
|
|upkeep
|turn|3
|
|t:|1758298175
|switch|p1a: Primarina|Primarina, M|100/100
|move|p2a: Samurott|Knock Off|p1a: Primarina
|-resisted|p1a: Primarina
|-damage|p1a: Primarina|81/100
|-enditem|p1a: Primarina|Leftovers|[from] move: Knock Off|[of] p2a: Samurott
|
|upkeep
|turn|4
|
|t:|1758298183
|switch|p1a: Landorus|Landorus-Therian, M|100/100
|-ability|p1a: Landorus|Intimidate|boost
|-unboost|p2a: Samurott|atk|1
|move|p2a: Samurott|Flip Turn|p1a: Landorus
|-supereffective|p1a: Landorus
|-damage|p1a: Landorus|58/100
|
|t:|1758298189
|switch|p2a: Heatran|Heatran, M|100/100|[from] Flip Turn
|
|-end|p2a: Heatran|move: Doom Desire
|-resisted|p2a: Heatran
|-damage|p2a: Heatran|92/100
|-heal|p2a: Heatran|98/100|[from] item: Leftovers
|upkeep
|turn|5
|
|t:|1758298206
|switch|p2a: Great Tusk|Great Tusk|100/100
|-enditem|p2a: Great Tusk|Booster Energy
|-activate|p2a: Great Tusk|ability: Protosynthesis|[fromitem]
|-start|p2a: Great Tusk|protosynthesisatk
|move|p1a: Landorus|U-turn|p2a: Great Tusk
|-resisted|p2a: Great Tusk
|-damage|p2a: Great Tusk|89/100
|
|t:|1758298218
|switch|p1a: Zapdos|Zapdos|100/100|[from] U-turn
|
|upkeep
|turn|6
|
|t:|1758298231
|move|p1a: Zapdos|Hurricane|p2a: Great Tusk
|-supereffective|p2a: Great Tusk
|-damage|p2a: Great Tusk|0 fnt
|faint|p2a: Great Tusk
|-end|p2a: Great Tusk|Protosynthesis|[silent]
|
|upkeep
|
|t:|1758298239
|switch|p2a: Heatran|Heatran, M|98/100
|turn|7
|inactive|Eight Five has 120 seconds left.
|
|t:|1758298269
|move|p1a: Zapdos|Hurricane|p2a: Heatran
|-resisted|p2a: Heatran
|-damage|p2a: Heatran|71/100
|-start|p2a: Heatran|confusion
|-activate|p2a: Heatran|confusion
|move|p2a: Heatran|Stealth Rock|p1a: Zapdos
|-sidestart|p1: Eight Five|move: Stealth Rock
|
|-heal|p2a: Heatran|77/100|[from] item: Leftovers
|upkeep
|turn|8
|
|t:|1758298276
|move|p1a: Zapdos|Hurricane|p2a: Heatran
|-resisted|p2a: Heatran
|-damage|p2a: Heatran|48/100
|-activate|p2a: Heatran|confusion
|move|p2a: Heatran|Magma Storm|p1a: Zapdos
|-damage|p1a: Zapdos|49/100
|-activate|p1a: Zapdos|move: Magma Storm|[of] p2a: Heatran
|
|-heal|p2a: Heatran|54/100|[from] item: Leftovers
|-damage|p1a: Zapdos|36/100|[from] move: Magma Storm|[partiallytrapped]
|upkeep
|turn|9
|
|t:|1758298283
|move|p1a: Zapdos|Hurricane|p2a: Heatran
|-resisted|p2a: Heatran
|-damage|p2a: Heatran|23/100
|-end|p2a: Heatran|confusion
|move|p2a: Heatran|Magma Storm|p1a: Zapdos
|-damage|p1a: Zapdos|0 fnt
|faint|p1a: Zapdos
|
|-heal|p2a: Heatran|30/100|[from] item: Leftovers
|upkeep
|
|t:|1758298290
|switch|p1a: Iron Treads|Iron Treads|100/100
|-damage|p1a: Iron Treads|97/100|[from] Stealth Rock
|-enditem|p1a: Iron Treads|Booster Energy
|-activate|p1a: Iron Treads|ability: Quark Drive|[fromitem]
|-start|p1a: Iron Treads|quarkdrivespe
|turn|10
|
|t:|1758298293
|move|p1a: Iron Treads|Rapid Spin|p2a: Heatran
|-resisted|p2a: Heatran
|-damage|p2a: Heatran|23/100
|-boost|p1a: Iron Treads|spe|1
|-status|p1a: Iron Treads|brn|[from] ability: Flame Body|[of] p2a: Heatran
|-sideend|p1: Eight Five|Stealth Rock|[from] move: Rapid Spin|[of] p1a: Iron Treads
|move|p2a: Heatran|Magma Storm|p1a: Iron Treads|[miss]
|-miss|p2a: Heatran|p1a: Iron Treads
|
|-heal|p2a: Heatran|30/100|[from] item: Leftovers
|-damage|p1a: Iron Treads|91/100 brn|[from] brn
|upkeep
|turn|11
|
|t:|1758298303
|switch|p2a: Samurott|Samurott-Hisui, M|100/100
|move|p1a: Iron Treads|Stealth Rock|p2a: Samurott
|-sidestart|p2: ybg mihan|move: Stealth Rock
|
|-damage|p1a: Iron Treads|85/100 brn|[from] brn
|upkeep
|turn|12
|
|t:|1758298316
|-end|p1a: Iron Treads|Quark Drive|[silent]
|switch|p1a: Primarina|Primarina, M|81/100
|move|p2a: Samurott|Ceaseless Edge|p1a: Primarina
|-resisted|p1a: Primarina
|-damage|p1a: Primarina|64/100
|-sidestart|p1: Eight Five|Spikes
|
|upkeep
|turn|13
|
|t:|1758298333
|move|p2a: Samurott|Flip Turn|p1a: Primarina
|-resisted|p1a: Primarina
|-crit|p1a: Primarina
|-damage|p1a: Primarina|49/100
|
|t:|1758298336
|switch|p2a: Slowking|Slowking-Galar, M|94/100|[from] Flip Turn
|-damage|p2a: Slowking|82/100|[from] Stealth Rock
|move|p1a: Primarina|Draining Kiss|p2a: Slowking
|-resisted|p2a: Slowking
|-damage|p2a: Slowking|74/100
|-heal|p1a: Primarina|55/100|[from] drain|[of] p2a: Slowking
|
|upkeep
|turn|14
|
|t:|1758298343
|move|p1a: Primarina|Calm Mind|p1a: Primarina
|-boost|p1a: Primarina|spa|1
|-boost|p1a: Primarina|spd|1
|-prepare|p2a: Slowking|Chilly Reception|[premajor]
|move|p2a: Slowking|Chilly Reception|p2a: Slowking
|-weather|Snowscape
|
|t:|1758298352
|switch|p2a: Samurott|Samurott-Hisui, M|100/100|[from] Chilly Reception
|
|-weather|Snowscape|[upkeep]
|upkeep
|turn|15
|
|t:|1758298354
|move|p2a: Samurott|Flip Turn|p1a: Primarina
|-resisted|p1a: Primarina
|-damage|p1a: Primarina|43/100
|
|t:|1758298357
|switch|p2a: Slowking|Slowking-Galar, M|100/100|[from] Flip Turn
|-damage|p2a: Slowking|88/100|[from] Stealth Rock
|move|p1a: Primarina|Psychic Noise|p2a: Slowking
|-damage|p2a: Slowking|50/100
|-start|p2a: Slowking|move: Heal Block
|
|-weather|Snowscape|[upkeep]
|upkeep
|turn|16
|
|t:|1758298365
|switch|p1a: Iron Treads|Iron Treads|85/100 brn
|-damage|p1a: Iron Treads|72/100 brn|[from] Spikes
|move|p2a: Slowking|Sludge Bomb|p1a: Iron Treads
|-immune|p1a: Iron Treads
|
|-weather|Snowscape|[upkeep]
|-damage|p1a: Iron Treads|66/100 brn|[from] brn
|-end|p2a: Slowking|move: Heal Block
|upkeep
|turn|17
|
|t:|1758298378
|switch|p2a: Samurott|Samurott-Hisui, M|100/100
|move|p1a: Iron Treads|Rapid Spin|p2a: Samurott
|-damage|p2a: Samurott|90/100
|-boost|p1a: Iron Treads|spe|1
|-sideend|p1: Eight Five|Spikes|[from] move: Rapid Spin|[of] p1a: Iron Treads
|
|-weather|Snowscape|[upkeep]
|-damage|p1a: Iron Treads|60/100 brn|[from] brn
|upkeep
|turn|18
|
|t:|1758298389
|move|p1a: Iron Treads|Earthquake|p2a: Samurott
|-damage|p2a: Samurott|62/100
|move|p2a: Samurott|Ceaseless Edge|p1a: Iron Treads|[miss]
|-miss|p2a: Samurott|p1a: Iron Treads
|
|-weather|none
|-damage|p1a: Iron Treads|54/100 brn|[from] brn
|upkeep
|turn|19
|
|t:|1758298393
|move|p1a: Iron Treads|Earthquake|p2a: Samurott
|-damage|p2a: Samurott|33/100
|move|p2a: Samurott|Ceaseless Edge|p1a: Iron Treads
|-damage|p1a: Iron Treads|10/100 brn
|-sidestart|p1: Eight Five|Spikes
|
|-damage|p1a: Iron Treads|4/100 brn|[from] brn
|upkeep
|turn|20
|
|t:|1758298405
|move|p1a: Iron Treads|Rapid Spin|p2a: Samurott
|-damage|p2a: Samurott|22/100
|-boost|p1a: Iron Treads|spe|1
|-sideend|p1: Eight Five|Spikes|[from] move: Rapid Spin|[of] p1a: Iron Treads
|move|p2a: Samurott|Ceaseless Edge|p1a: Iron Treads
|-damage|p1a: Iron Treads|0 fnt
|-sidestart|p1: Eight Five|Spikes
|faint|p1a: Iron Treads
|-end|p1a: Iron Treads|Quark Drive|[silent]
|
|upkeep
|
|t:|1758298423
|switch|p1a: Primarina|Primarina, M|43/100
|-damage|p1a: Primarina|31/100|[from] Spikes
|turn|21
|
|t:|1758298427
|move|p2a: Samurott|Flip Turn|p1a: Primarina
|-resisted|p1a: Primarina
|-damage|p1a: Primarina|19/100
|
|t:|1758298433
|switch|p2a: Slowking|Slowking-Galar, M|83/100|[from] Flip Turn
|-damage|p2a: Slowking|71/100|[from] Stealth Rock
|move|p1a: Primarina|Draining Kiss|p2a: Slowking
|-resisted|p2a: Slowking
|-damage|p2a: Slowking|61/100
|-heal|p1a: Primarina|27/100|[from] drain|[of] p2a: Slowking
|
|upkeep
|turn|22
|
|t:|1758298445
|move|p1a: Primarina|Calm Mind|p1a: Primarina
|-boost|p1a: Primarina|spa|1
|-boost|p1a: Primarina|spd|1
|-prepare|p2a: Slowking|Chilly Reception|[premajor]
|move|p2a: Slowking|Chilly Reception|p2a: Slowking
|-weather|Snowscape
|
|t:|1758298448
|switch|p2a: Dragonite|Dragonite, M|100/100|[from] Chilly Reception
|-damage|p2a: Dragonite|76/100|[from] Stealth Rock
|
|-weather|Snowscape|[upkeep]
|upkeep
|turn|23
|
|t:|1758298458
|switch|p1a: Jirachi|Jirachi|100/100
|-damage|p1a: Jirachi|88/100|[from] Spikes
|move|p2a: Dragonite|Ice Spinner|p1a: Jirachi
|-resisted|p1a: Jirachi
|-damage|p1a: Jirachi|73/100
|
|-weather|Snowscape|[upkeep]
|-heal|p1a: Jirachi|79/100|[from] item: Leftovers
|upkeep
|turn|24
|
|t:|1758298464
|switch|p2a: Heatran|Heatran, M|30/100
|-damage|p2a: Heatran|17/100|[from] Stealth Rock
|move|p1a: Jirachi|Wish|p1a: Jirachi
|
|-weather|Snowscape|[upkeep]
|-heal|p1a: Jirachi|85/100|[from] item: Leftovers
|-heal|p2a: Heatran|23/100|[from] item: Leftovers
|upkeep
|turn|25
|
|t:|1758298485
|switch|p1a: Landorus|Landorus-Therian, M|58/100
|-ability|p1a: Landorus|Intimidate|boost
|-unboost|p2a: Heatran|atk|1
|move|p2a: Heatran|Stealth Rock|p1a: Landorus
|-sidestart|p1: Eight Five|move: Stealth Rock
|
|-weather|Snowscape|[upkeep]
|-heal|p1a: Landorus|100/100|[from] move: Wish|[wisher] Jirachi
|-heal|p2a: Heatran|30/100|[from] item: Leftovers
|upkeep
|turn|26
|
|t:|1758298501
|move|p1a: Landorus|Gravity|p1a: Landorus
|-fieldstart|move: Gravity
|move|p2a: Heatran|Magma Storm|p1a: Landorus
|-damage|p1a: Landorus|49/100
|-activate|p1a: Landorus|move: Magma Storm|[of] p2a: Heatran
|
|-weather|none
|-heal|p2a: Heatran|36/100|[from] item: Leftovers
|-damage|p1a: Landorus|37/100|[from] move: Magma Storm|[partiallytrapped]
|upkeep
|turn|27
|
|t:|1758298505
|switch|p2a: Dragonite|Dragonite, M|76/100
|-damage|p2a: Dragonite|51/100|[from] Stealth Rock
|move|p1a: Landorus|Earthquake|p2a: Dragonite
|-damage|p2a: Dragonite|0 fnt
|faint|p2a: Dragonite
|
|-end|p1a: Landorus|Magma Storm|[partiallytrapped]|[silent]
|upkeep
|
|t:|1758298508
|switch|p2a: Slowking|Slowking-Galar, M|95/100
|-damage|p2a: Slowking|82/100|[from] Stealth Rock
|turn|28
|
|t:|1758298512
|move|p1a: Landorus|Earthquake|p2a: Slowking
|-supereffective|p2a: Slowking
|-enditem|p2a: Slowking|Shuca Berry|[eat]
|-enditem|p2a: Slowking|Shuca Berry|[weaken]
|-damage|p2a: Slowking|33/100
|move|p2a: Slowking|Ice Beam|p1a: Landorus
|-supereffective|p1a: Landorus
|-damage|p1a: Landorus|0 fnt
|faint|p1a: Landorus
|
|upkeep
|
|t:|1758298522
|switch|p1a: Chandelure|Chandelure, M|100/100
|-damage|p1a: Chandelure|88/100|[from] Spikes
|-damage|p1a: Chandelure|63/100|[from] Stealth Rock
|turn|29
|
|t:|1758298527
|move|p1a: Chandelure|Shadow Ball|p2a: Slowking
|-supereffective|p2a: Slowking
|-damage|p2a: Slowking|0 fnt
|faint|p2a: Slowking
|
|upkeep
|
|t:|1758298533
|switch|p2a: Samurott|Samurott-Hisui, M|22/100
|turn|30
|
|t:|1758298543
|-terastallize|p1a: Chandelure|Grass
|move|p1a: Chandelure|Shadow Ball|p2a: Samurott
|-resisted|p2a: Samurott
|-damage|p2a: Samurott|0 fnt
|faint|p2a: Samurott
|
|-fieldend|move: Gravity
|upkeep
|
|t:|1758298549
|switch|p2a: Hatterene|Hatterene, F|100/100
|-damage|p2a: Hatterene|88/100|[from] Stealth Rock
|turn|31
|
|t:|1758298552
|move|p1a: Chandelure|Shadow Ball|p2a: Hatterene
|-supereffective|p2a: Hatterene
|-damage|p2a: Hatterene|0 fnt
|faint|p2a: Hatterene
|
|upkeep
|-message|ybg mihan forfeited.
|
|win|Eight Five
|raw|Eight Five's rating: 1546 &rarr; <strong>1570</strong><br />(+24 for winning)
|raw|ybg mihan's rating: 1611 &rarr; <strong>1587</strong><br />(-24 for losing)
|l|☆ybg mihan
|player|p2|
|l|☆Eight Five
|player|p1|
