|j|☆SittinGamer
|j|☆ferguma
|t:|1758349877
|gametype|singles
|player|p1|SittinGamer|dawn-gen4pt|1667
|player|p2|ferguma|lucas|1651
|gen|9
|tier|[Gen 9] OU
|rated|
|rule|HP Percentage Mod: HP is shown in percentages
|rule|Endless Battle Clause: Forcing endless battles is banned
|rule|Species Clause: Limit one of each Pokémon
|rule|OHKO Clause: OHKO moves are banned
|rule|Evasion Items Clause: Evasion items are banned
|rule|Evasion Moves Clause: Evasion moves are banned
|rule|Evasion Abilities Clause: Evasion abilities are banned
|rule|Sleep Moves Clause: Sleep-inducing moves are banned
|clearpoke
|poke|p1|Infernape, F|
|poke|p1|Ogerpon-Wellspring, F|
|poke|p1|Gholdengo|
|poke|p1|Hatterene, F|
|poke|p1|Great Tusk|
|poke|p1|Zamazenta-*|
|poke|p2|Meowscarada, F|
|poke|p2|Kingambit, F|
|poke|p2|Gholdengo|
|poke|p2|Great Tusk|
|poke|p2|Garganacl, F|
|poke|p2|Iron Valiant|
|teampreview
|
|t:|1758349884
|teamsize|p1|6
|teamsize|p2|6
|start
|switch|p1a: Infernape|Infernape, F|100/100
|switch|p2a: Meowscarada|Meowscarada, F|100/100
|turn|1
|inactive|Battle timer is ON: inactive players will automatically lose when time's up. (requested by ferguma)
|
|t:|1758349891
|move|p2a: Meowscarada|Spikes|p1a: Infernape
|-sidestart|p1: SittinGamer|Spikes
|move|p1a: Infernape|Stealth Rock|p2a: Meowscarada
|-sidestart|p2: ferguma|move: Stealth Rock
|
|upkeep
|turn|2
|
|t:|1758349896
|move|p1a: Infernape|Vacuum Wave|p2a: Meowscarada
|-supereffective|p2a: Meowscarada
|-damage|p2a: Meowscarada|45/100
|move|p2a: Meowscarada|Knock Off|p1a: Infernape
|-resisted|p1a: Infernape
|-damage|p1a: Infernape|61/100
|-enditem|p1a: Infernape|Focus Sash|[from] move: Knock Off|[of] p2a: Meowscarada
|
|upkeep
|turn|3
|
|t:|1758349902
|switch|p2a: Garganacl|Garganacl, F|100/100
|-damage|p2a: Garganacl|88/100|[from] Stealth Rock
|move|p1a: Infernape|Overheat|p2a: Garganacl
|-resisted|p2a: Garganacl
|-damage|p2a: Garganacl|67/100
|-unboost|p1a: Infernape|spa|2
|
|-heal|p2a: Garganacl|74/100|[from] item: Leftovers
|upkeep
|turn|4
|
|t:|1758349909
|switch|p1a: Great Tusk|Great Tusk|100/100
|-damage|p1a: Great Tusk|88/100|[from] Spikes
|-enditem|p1a: Great Tusk|Booster Energy
|-activate|p1a: Great Tusk|ability: Protosynthesis|[fromitem]
|-start|p1a: Great Tusk|protosynthesisatk
|move|p2a: Garganacl|Salt Cure|p1a: Great Tusk
|-resisted|p1a: Great Tusk
|-damage|p1a: Great Tusk|86/100
|-start|p1a: Great Tusk|Salt Cure
|
|-heal|p2a: Garganacl|80/100|[from] item: Leftovers
|-damage|p1a: Great Tusk|73/100|[from] Salt Cure
|upkeep
|turn|5
|
|t:|1758349913
|switch|p2a: Great Tusk|Great Tusk|100/100
|-damage|p2a: Great Tusk|98/100|[from] Stealth Rock
|move|p1a: Great Tusk|Knock Off|p2a: Great Tusk
|-resisted|p2a: Great Tusk
|-damage|p2a: Great Tusk|88/100
|-damage|p1a: Great Tusk|57/100|[from] item: Rocky Helmet|[of] p2a: Great Tusk
|-enditem|p2a: Great Tusk|Rocky Helmet|[from] move: Knock Off|[of] p1a: Great Tusk
|
|-damage|p1a: Great Tusk|44/100|[from] Salt Cure
|upkeep
|turn|6
|
|t:|1758349916
|move|p1a: Great Tusk|Rapid Spin|p2a: Great Tusk
|-damage|p2a: Great Tusk|77/100
|-boost|p1a: Great Tusk|spe|1
|-sideend|p1: SittinGamer|Spikes|[from] move: Rapid Spin|[of] p1a: Great Tusk
|move|p2a: Great Tusk|Rapid Spin|p1a: Great Tusk
|-damage|p1a: Great Tusk|35/100
|-boost|p2a: Great Tusk|spe|1
|-sideend|p2: ferguma|Stealth Rock|[from] move: Rapid Spin|[of] p2a: Great Tusk
|
|-damage|p1a: Great Tusk|22/100|[from] Salt Cure
|upkeep
|turn|7
|
|t:|1758349924
|move|p1a: Great Tusk|Ice Spinner|p2a: Great Tusk
|-supereffective|p2a: Great Tusk
|-damage|p2a: Great Tusk|41/100
|move|p2a: Great Tusk|Body Press|p1a: Great Tusk
|-damage|p1a: Great Tusk|0 fnt
|faint|p1a: Great Tusk
|-end|p1a: Great Tusk|Protosynthesis|[silent]
|
|upkeep
|
|t:|1758349930
|switch|p1a: Hatterene|Hatterene, F|100/100
|turn|8
|
|t:|1758349937
|-end|p2a: Great Tusk|Protosynthesis|[silent]
|switch|p2a: Kingambit|Kingambit, F|100/100
|move|p1a: Hatterene|Draining Kiss|p2a: Kingambit
|-damage|p2a: Kingambit|78/100
|
|-heal|p2a: Kingambit|84/100|[from] item: Leftovers
|upkeep
|turn|9
|
|t:|1758349944
|switch|p1a: Infernape|Infernape, F|61/100
|move|p2a: Kingambit|Iron Head|p1a: Infernape
|-resisted|p1a: Infernape
|-damage|p1a: Infernape|20/100
|
|-heal|p2a: Kingambit|90/100|[from] item: Leftovers
|upkeep
|turn|10
|
|t:|1758349955
|move|p1a: Infernape|Stealth Rock|p2a: Kingambit
|-sidestart|p2: ferguma|move: Stealth Rock
|move|p2a: Kingambit|Iron Head|p1a: Infernape
|-resisted|p1a: Infernape
|-damage|p1a: Infernape|0 fnt
|faint|p1a: Infernape
|
|-heal|p2a: Kingambit|96/100|[from] item: Leftovers
|upkeep
|
|t:|1758349962
|switch|p1a: Zamazenta|Zamazenta|100/100
|-ability|p1a: Zamazenta|Dauntless Shield|boost
|-boost|p1a: Zamazenta|def|1
|turn|11
|
|t:|1758349967
|-end|p2a: Kingambit|fallenundefined|[silent]
|switch|p2a: Great Tusk|Great Tusk|41/100
|-damage|p2a: Great Tusk|38/100|[from] Stealth Rock
|move|p1a: Zamazenta|Iron Defense|p1a: Zamazenta
|-boost|p1a: Zamazenta|def|2
|
|upkeep
|turn|12
|
|t:|1758349970
|move|p1a: Zamazenta|Body Press|p2a: Great Tusk
|-damage|p2a: Great Tusk|2/100
|move|p2a: Great Tusk|Rapid Spin|p1a: Zamazenta
|-damage|p1a: Zamazenta|96/100
|-boost|p2a: Great Tusk|spe|1
|-sideend|p2: ferguma|Stealth Rock|[from] move: Rapid Spin|[of] p2a: Great Tusk
|
|-heal|p1a: Zamazenta|100/100|[from] item: Leftovers
|upkeep
|turn|13
|
|t:|1758349974
|move|p1a: Zamazenta|Crunch|p2a: Great Tusk
|-resisted|p2a: Great Tusk
|-damage|p2a: Great Tusk|0 fnt
|faint|p2a: Great Tusk
|-end|p2a: Great Tusk|Protosynthesis|[silent]
|
|upkeep
|
|t:|1758349979
|switch|p2a: Gholdengo|Gholdengo|100/100
|-item|p2a: Gholdengo|Air Balloon
|turn|14
|
|t:|1758349981
|move|p1a: Zamazenta|Crunch|p2a: Gholdengo
|-supereffective|p2a: Gholdengo
|-damage|p2a: Gholdengo|61/100
|-enditem|p2a: Gholdengo|Air Balloon
|move|p2a: Gholdengo|Thunder Wave|p1a: Zamazenta
|-status|p1a: Zamazenta|par
|
|upkeep
|turn|15
|
|t:|1758349985
|move|p2a: Gholdengo|Shadow Ball|p1a: Zamazenta
|-damage|p1a: Zamazenta|73/100 par
|move|p1a: Zamazenta|Crunch|p2a: Gholdengo
|-supereffective|p2a: Gholdengo
|-damage|p2a: Gholdengo|21/100
|-unboost|p2a: Gholdengo|def|1
|
|-heal|p1a: Zamazenta|79/100 par|[from] item: Leftovers
|upkeep
|turn|16
|
|t:|1758349989
|switch|p2a: Meowscarada|Meowscarada, F|45/100
|move|p1a: Zamazenta|Crunch|p2a: Meowscarada
|-resisted|p2a: Meowscarada
|-damage|p2a: Meowscarada|26/100
|
|-heal|p1a: Zamazenta|85/100 par|[from] item: Leftovers
|upkeep
|turn|17
|
|t:|1758349993
|move|p2a: Meowscarada|Flower Trick|p1a: Zamazenta
|-crit|p1a: Zamazenta
|-damage|p1a: Zamazenta|28/100 par
|move|p1a: Zamazenta|Body Press|p2a: Meowscarada
|-supereffective|p2a: Meowscarada
|-damage|p2a: Meowscarada|0 fnt
|faint|p2a: Meowscarada
|
|-heal|p1a: Zamazenta|35/100 par|[from] item: Leftovers
|upkeep
|j| GoldmanNumber2
|
|t:|1758349999
|switch|p2a: Iron Valiant|Iron Valiant|100/100
|-enditem|p2a: Iron Valiant|Booster Energy
|-activate|p2a: Iron Valiant|ability: Quark Drive|[fromitem]
|-start|p2a: Iron Valiant|quarkdrivespe
|turn|18
|
|t:|1758350001
|-terastallize|p1a: Zamazenta|Fire
|move|p2a: Iron Valiant|Moonblast|p1a: Zamazenta
|-resisted|p1a: Zamazenta
|-damage|p1a: Zamazenta|14/100 par
|move|p1a: Zamazenta|Roar|p2a: Iron Valiant
|-end|p2a: Iron Valiant|Quark Drive|[silent]
|drag|p2a: Kingambit|Kingambit, F|96/100
|-activate|p2a: Kingambit|ability: Supreme Overlord
|-start|p2a: Kingambit|fallen2|[silent]
|
|-heal|p1a: Zamazenta|20/100 par|[from] item: Leftovers
|-heal|p2a: Kingambit|100/100|[from] item: Leftovers
|upkeep
|turn|19
|
|t:|1758350007
|-end|p2a: Kingambit|fallen2|[silent]
|switch|p2a: Gholdengo|Gholdengo|21/100
|cant|p1a: Zamazenta|par
|
|-heal|p1a: Zamazenta|26/100 par|[from] item: Leftovers
|upkeep
|turn|20
|
|t:|1758350010
|move|p2a: Gholdengo|Recover|p2a: Gholdengo
|-heal|p2a: Gholdengo|71/100
|cant|p1a: Zamazenta|par
|
|-heal|p1a: Zamazenta|32/100 par|[from] item: Leftovers
|upkeep
|turn|21
|
|t:|1758350012
|move|p2a: Gholdengo|Shadow Ball|p1a: Zamazenta
|-damage|p1a: Zamazenta|3/100 par
|move|p1a: Zamazenta|Crunch|p2a: Gholdengo
|-supereffective|p2a: Gholdengo
|-damage|p2a: Gholdengo|27/100
|-unboost|p2a: Gholdengo|def|1
|
|-heal|p1a: Zamazenta|9/100 par|[from] item: Leftovers
|upkeep
|turn|22
|
|t:|1758350014
|move|p2a: Gholdengo|Shadow Ball|p1a: Zamazenta
|-damage|p1a: Zamazenta|0 fnt
|faint|p1a: Zamazenta
|
|upkeep
|
|t:|1758350018
|switch|p1a: Ogerpon|Ogerpon-Wellspring, F|100/100
|turn|23
|
|t:|1758350022
|move|p1a: Ogerpon|Swords Dance|p1a: Ogerpon
|-boost|p1a: Ogerpon|atk|2
|move|p2a: Gholdengo|Thunder Wave|p1a: Ogerpon
|-status|p1a: Ogerpon|par
|
|upkeep
|turn|24
|
|t:|1758350027
|move|p2a: Gholdengo|Shadow Ball|p1a: Ogerpon
|-damage|p1a: Ogerpon|59/100 par
|move|p1a: Ogerpon|Trailblaze|p2a: Gholdengo
|-resisted|p2a: Gholdengo
|-damage|p2a: Gholdengo|0 fnt
|-boost|p1a: Ogerpon|spe|1
|faint|p2a: Gholdengo
|
|upkeep
|
|t:|1758350030
|switch|p2a: Iron Valiant|Iron Valiant|100/100
|turn|25
|
|t:|1758350033
|move|p2a: Iron Valiant|Close Combat|p1a: Ogerpon
|-damage|p1a: Ogerpon|0 fnt
|-unboost|p2a: Iron Valiant|def|1
|-unboost|p2a: Iron Valiant|spd|1
|faint|p1a: Ogerpon
|
|upkeep
|
|t:|1758350036
|switch|p1a: Gholdengo|Gholdengo|100/100
|turn|26
|
|t:|1758350041
|move|p1a: Gholdengo|Make It Rain|p2a: Iron Valiant
|-supereffective|p2a: Iron Valiant
|-damage|p2a: Iron Valiant|0 fnt
|-unboost|p1a: Gholdengo|spa|1
|faint|p2a: Iron Valiant
|-end|p2a: Iron Valiant|Quark Drive|[silent]
|
|upkeep
|
|t:|1758350044
|switch|p2a: Kingambit|Kingambit, F|100/100
|-activate|p2a: Kingambit|ability: Supreme Overlord
|-start|p2a: Kingambit|fallen4|[silent]
|turn|27
|
|t:|1758350047
|move|p1a: Gholdengo|Make It Rain|p2a: Kingambit
|-resisted|p2a: Kingambit
|-damage|p2a: Kingambit|80/100
|-unboost|p1a: Gholdengo|spa|1
|move|p2a: Kingambit|Kowtow Cleave|p1a: Gholdengo
|-supereffective|p1a: Gholdengo
|-damage|p1a: Gholdengo|0 fnt
|faint|p1a: Gholdengo
|
|-heal|p2a: Kingambit|86/100|[from] item: Leftovers
|upkeep
|-message|SittinGamer forfeited.
|
|win|ferguma
|raw|SittinGamer's rating: 1667 &rarr; <strong>1646</strong><br />(-21 for losing)
|raw|ferguma's rating: 1651 &rarr; <strong>1672</strong><br />(+21 for winning)
|l|☆SittinGamer
|player|p1|
|l|☆ferguma
|player|p2|
