|j|☆BARINAU
|j|☆simmons of ben
|t:|1758265221
|gametype|singles
|player|p1|BARINAU|265|1369
|player|p2|simmons of ben|101|1374
|gen|9
|tier|[Gen 9] OU
|rated|
|rule|HP Percentage Mod: HP is shown in percentages
|rule|Endless Battle Clause: Forcing endless battles is banned
|rule|Species Clause: Limit one of each Pokémon
|rule|OHKO Clause: OHKO moves are banned
|rule|Evasion Items Clause: Evasion items are banned
|rule|Evasion Moves Clause: Evasion moves are banned
|rule|Evasion Abilities Clause: Evasion abilities are banned
|rule|Sleep Moves Clause: Sleep-inducing moves are banned
|clearpoke
|poke|p1|Great Tusk|
|poke|p1|Zapdos|
|poke|p1|Gholdengo|
|poke|p1|Ogerpon-Wellspring, F|
|poke|p1|Incineroar, M|
|poke|p1|Iron Moth|
|poke|p2|Araquanid, M|
|poke|p2|Ogerpon-Wellspring, F|
|poke|p2|Dragonite, F|
|poke|p2|Iron Moth|
|poke|p2|Great Tusk|
|poke|p2|Gholdengo|
|teampreview
|
|t:|1758265226
|teamsize|p1|6
|teamsize|p2|6
|start
|switch|p1a: Zapdos|Zapdos|100/100
|switch|p2a: Araquanid|Araquanid, M, shiny|100/100
|turn|1
|
|t:|1758265231
|move|p1a: Zapdos|Hurricane|p2a: Araquanid
|-supereffective|p2a: Araquanid
|-damage|p2a: Araquanid|19/100
|move|p2a: Araquanid|Sticky Web|p1a: Zapdos
|-sidestart|p1: BARINAU|move: Sticky Web
|
|upkeep
|turn|2
|
|t:|1758265244
|move|p1a: Zapdos|Roost||[still]
|-fail|p1a: Zapdos|heal
|move|p2a: Araquanid|Surf|p1a: Zapdos
|-damage|p1a: Zapdos|61/100
|
|upkeep
|turn|3
|
|t:|1758265249
|move|p1a: Zapdos|Volt Switch|p2a: Araquanid
|-supereffective|p2a: Araquanid
|-damage|p2a: Araquanid|0 fnt
|faint|p2a: Araquanid
|
|t:|1758265259
|switch|p1a: Incineroar|Incineroar, M|100/100|[from] Volt Switch
|
|upkeep
|
|t:|1758265287
|switch|p2a: Dragonite|Dragonite, F|100/100
|turn|4
|
|t:|1758265294
|-terastallize|p2a: Dragonite|Fire
|move|p2a: Dragonite|Dragon Dance|p2a: Dragonite
|-boost|p2a: Dragonite|atk|1
|-boost|p2a: Dragonite|spe|1
|move|p1a: Incineroar|Will-O-Wisp|p2a: Dragonite
|-immune|p2a: Dragonite
|
|upkeep
|turn|5
|
|t:|1758265302
|move|p2a: Dragonite|Encore|p1a: Incineroar
|-start|p1a: Incineroar|Encore
|move|p1a: Incineroar|Will-O-Wisp|p2a: Dragonite|[miss]
|-miss|p1a: Incineroar|p2a: Dragonite
|
|upkeep
|turn|6
|
|t:|1758265311
|switch|p1a: Ogerpon|Ogerpon-Wellspring, F|100/100
|-activate|p1a: Ogerpon|move: Sticky Web
|-unboost|p1a: Ogerpon|spe|1
|move|p2a: Dragonite|Dragon Dance|p2a: Dragonite
|-boost|p2a: Dragonite|atk|1
|-boost|p2a: Dragonite|spe|1
|
|upkeep
|turn|7
|
|t:|1758265322
|-terastallize|p1a: Ogerpon|Water
|detailschange|p1a: Ogerpon|Ogerpon-Wellspring-Tera, F, tera:Water
|-ability|p1a: Ogerpon|Embody Aspect (Wellspring)|boost
|-boost|p1a: Ogerpon|spd|1
|move|p2a: Dragonite|Scale Shot|p1a: Ogerpon
|-damage|p1a: Ogerpon|67/100
|-damage|p1a: Ogerpon|32/100
|-damage|p1a: Ogerpon|0 fnt
|faint|p1a: Ogerpon
|detailschange|p1: Ogerpon|Ogerpon-Wellspring, F|[silent]
|-hitcount|p1: Ogerpon|3
|-unboost|p2a: Dragonite|def|1
|-boost|p2a: Dragonite|spe|1
|
|upkeep
|-message|BARINAU forfeited.
|
|win|simmons of ben
|raw|BARINAU's rating: 1369 &rarr; <strong>1349</strong><br />(-20 for losing)
|raw|simmons of ben's rating: 1374 &rarr; <strong>1394</strong><br />(+20 for winning)
|l|☆BARINAU
|player|p1|
