|j|☆yesgamerfleet
|j|☆xcPurple
|t:|1758365733
|gametype|singles
|player|p1|yesgamerfleet|iris-gen5bw2|1324
|player|p2|xcPurple|rosa|1316
|gen|9
|tier|[Gen 9] OU
|rated|
|rule|HP Percentage Mod: HP is shown in percentages
|rule|Endless Battle Clause: Forcing endless battles is banned
|rule|Species Clause: Limit one of each Pokémon
|rule|OHKO Clause: OHKO moves are banned
|rule|Evasion Items Clause: Evasion items are banned
|rule|Evasion Moves Clause: Evasion moves are banned
|rule|Evasion Abilities Clause: Evasion abilities are banned
|rule|Sleep Moves Clause: Sleep-inducing moves are banned
|clearpoke
|poke|p1|Dragonite, M|
|poke|p1|Cinderace, F|
|poke|p1|Garganacl, F|
|poke|p1|Moltres|
|poke|p1|Ting-Lu|
|poke|p1|Iron Treads|
|poke|p2|Pelipper, M|
|poke|p2|Greninja-*, M|
|poke|p2|Basculegion, M|
|poke|p2|Zapdos|
|poke|p2|Sandy Shocks|
|poke|p2|Scizor, M|
|teampreview
|inactive|Battle timer is ON: inactive players will automatically lose when time's up. (requested by xcPurple)
|inactive|yesgamerfleet has 120 seconds left.
|
|t:|1758365774
|teamsize|p1|6
|teamsize|p2|6
|start
|switch|p1a: ronaldo|Cinderace, F, shiny|100/100
|switch|p2a: Sandy Shocks|Sandy Shocks, shiny|100/100
|-enditem|p2a: Sandy Shocks|Booster Energy
|-activate|p2a: Sandy Shocks|ability: Protosynthesis|[fromitem]
|-start|p2a: Sandy Shocks|protosynthesisspe
|turn|1
|
|t:|1758365786
|switch|p1a: vessel of water|Ting-Lu|100/100
|-ability|p1a: vessel of water|Vessel of Ruin
|move|p2a: Sandy Shocks|Earth Power|p1a: vessel of water
|-damage|p1a: vessel of water|82/100
|
|-heal|p1a: vessel of water|89/100|[from] item: Leftovers
|upkeep
|turn|2
|
|t:|1758365800
|-terastallize|p2a: Sandy Shocks|Ice
|move|p2a: Sandy Shocks|Tera Blast|p1a: vessel of water|[anim] Tera Blast Ice
|-supereffective|p1a: vessel of water
|-damage|p1a: vessel of water|55/100
|move|p1a: vessel of water|Spikes|p2a: Sandy Shocks
|-sidestart|p2: xcPurple|Spikes
|
|-heal|p1a: vessel of water|61/100|[from] item: Leftovers
|upkeep
|turn|3
|
|t:|1758365813
|move|p2a: Sandy Shocks|Tera Blast|p1a: vessel of water|[anim] Tera Blast Ice
|-supereffective|p1a: vessel of water
|-damage|p1a: vessel of water|30/100
|move|p1a: vessel of water|Whirlwind|p2a: Sandy Shocks
|-end|p2a: Sandy Shocks|Protosynthesis|[silent]
|drag|p2a: Basculegion|Basculegion, M|100/100
|-damage|p2a: Basculegion|88/100|[from] Spikes
|
|-heal|p1a: vessel of water|36/100|[from] item: Leftovers
|upkeep
|turn|4
|
|t:|1758365821
|switch|p2a: Pelipper|Pelipper, M|100/100
|-weather|RainDance|[from] ability: Drizzle|[of] p2a: Pelipper
|switch|p1a: pretty lil baby|Dragonite, M|100/100
|
|-weather|RainDance|[upkeep]
|upkeep
|turn|5
|
|t:|1758365827
|move|p1a: pretty lil baby|Dragon Dance|p1a: pretty lil baby
|-boost|p1a: pretty lil baby|atk|1
|-boost|p1a: pretty lil baby|spe|1
|move|p2a: Pelipper|Ice Beam|p1a: pretty lil baby
|-supereffective|p1a: pretty lil baby
|-damage|p1a: pretty lil baby|52/100
|
|-weather|RainDance|[upkeep]
|upkeep
|turn|6
|
|t:|1758365835
|-terastallize|p1a: pretty lil baby|Normal
|move|p1a: pretty lil baby|Extreme Speed|p2a: Pelipper
|-damage|p2a: Pelipper|28/100
|move|p2a: Pelipper|Ice Beam|p1a: pretty lil baby
|-damage|p1a: pretty lil baby|25/100
|
|-weather|RainDance|[upkeep]
|upkeep
|turn|7
|
|t:|1758365841
|switch|p2a: Basculegion|Basculegion, M|88/100
|-damage|p2a: Basculegion|76/100|[from] Spikes
|move|p1a: pretty lil baby|Extreme Speed|p2a: Basculegion
|-immune|p2a: Basculegion
|
|-weather|RainDance|[upkeep]
|upkeep
|turn|8
|
|t:|1758365848
|switch|p1a: KFC|Moltres, shiny|100/100
|move|p2a: Basculegion|Wave Crash|p1a: KFC
|-supereffective|p1a: KFC
|-damage|p1a: KFC|0 fnt
|faint|p1a: KFC
|-damage|p2a: Basculegion|46/100|[from] Recoil
|
|-weather|RainDance|[upkeep]
|upkeep
|
|t:|1758365856
|switch|p1a: alex|Garganacl, F, shiny|100/100
|turn|9
|
|t:|1758365860
|move|p1a: alex|Protect|p1a: alex
|-singleturn|p1a: alex|Protect
|move|p2a: Basculegion|Wave Crash|p1a: alex
|-activate|p1a: alex|move: Protect
|
|-weather|RainDance|[upkeep]
|upkeep
|turn|10
|
|t:|1758365870
|move|p2a: Basculegion|Wave Crash|p1a: alex
|-supereffective|p1a: alex
|-damage|p1a: alex|0 fnt
|faint|p1a: alex
|-damage|p2a: Basculegion|15/100|[from] Recoil
|
|-weather|RainDance|[upkeep]
|upkeep
|
|t:|1758365875
|switch|p1a: vessel of water|Ting-Lu|36/100
|-ability|p1a: vessel of water|Vessel of Ruin
|turn|11
|
|t:|1758365878
|move|p2a: Basculegion|Wave Crash|p1a: vessel of water
|-supereffective|p1a: vessel of water
|-damage|p1a: vessel of water|0 fnt
|faint|p1a: vessel of water
|-damage|p2a: Basculegion|1/100|[from] Recoil
|
|-weather|none
|upkeep
|
|t:|1758365887
|switch|p1a: ronaldo|Cinderace, F, shiny|100/100
|turn|12
|
|t:|1758365902
|switch|p2a: Zapdos|Zapdos, shiny|100/100
|move|p1a: ronaldo|U-turn|p2a: Zapdos
|-start|p1a: ronaldo|typechange|Bug|[from] ability: Libero
|-resisted|p2a: Zapdos
|-damage|p2a: Zapdos|77/100
|inactive|yesgamerfleet has 120 seconds left.
|
|t:|1758365938
|switch|p1a: mill worker|Iron Treads|100/100|[from] U-turn
|-enditem|p1a: mill worker|Booster Energy
|-activate|p1a: mill worker|ability: Quark Drive|[fromitem]
|-start|p1a: mill worker|quarkdrivespe
|
|upkeep
|turn|13
|
|t:|1758365947
|move|p1a: mill worker|Rapid Spin|p2a: Zapdos
|-damage|p2a: Zapdos|63/100
|-boost|p1a: mill worker|spe|1
|-status|p1a: mill worker|par|[from] ability: Static|[of] p2a: Zapdos
|move|p2a: Zapdos|U-turn|p1a: mill worker
|-resisted|p1a: mill worker
|-damage|p1a: mill worker|94/100 par
|
|t:|1758365954
|switch|p2a: Pelipper|Pelipper, M|28/100|[from] U-turn
|-weather|RainDance|[from] ability: Drizzle|[of] p2a: Pelipper
|
|-weather|RainDance|[upkeep]
|upkeep
|turn|14
|c|☆yesgamerfleet|ofc
|
|t:|1758365960
|cant|p1a: mill worker|par
|move|p2a: Pelipper|Weather Ball|p1a: mill worker
|-supereffective|p1a: mill worker
|-damage|p1a: mill worker|0 fnt
|faint|p1a: mill worker
|-end|p1a: mill worker|Quark Drive|[silent]
|
|-weather|RainDance|[upkeep]
|upkeep
|
|t:|1758365965
|switch|p1a: pretty lil baby|Dragonite, M, tera:Normal|25/100
|turn|15
|
|t:|1758365968
|switch|p2a: Basculegion|Basculegion, M|1/100
|-damage|p2a: Basculegion|0 fnt|[from] Spikes
|faint|p2a: Basculegion
|move|p1a: pretty lil baby|Extreme Speed|p2: Basculegion|[notarget]
|-fail|p1a: pretty lil baby
|
|-weather|RainDance|[upkeep]
|upkeep
|
|t:|1758365976
|switch|p2a: Greninja|Greninja, M|100/100
|-damage|p2a: Greninja|88/100|[from] Spikes
|turn|16
|
|t:|1758365985
|move|p1a: pretty lil baby|Extreme Speed|p2a: Greninja
|-damage|p2a: Greninja|17/100
|move|p2a: Greninja|Surf|p1a: pretty lil baby
|-damage|p1a: pretty lil baby|0 fnt
|faint|p1a: pretty lil baby
|-ability|p2a: Greninja|Battle Bond|boost
|-boost|p2a: Greninja|atk|1
|-boost|p2a: Greninja|spa|1
|-boost|p2a: Greninja|spe|1
|-activate|p2a: Greninja|ability: Battle Bond
|-damage|p2a: Greninja|7/100|[from] item: Life Orb
|
|-weather|RainDance|[upkeep]
|upkeep
|
|t:|1758365988
|switch|p1a: ronaldo|Cinderace, F, shiny|100/100
|turn|17
|
|t:|1758365993
|move|p2a: Greninja|Water Shuriken|p1a: ronaldo
|-supereffective|p1a: ronaldo
|-damage|p1a: ronaldo|46/100
|-supereffective|p1a: ronaldo
|-damage|p1a: ronaldo|0 fnt
|faint|p1a: ronaldo
|-hitcount|p1: ronaldo|2
|-damage|p2a: Greninja|0 fnt|[from] item: Life Orb
|faint|p2a: Greninja
|
|win|xcPurple
|raw|yesgamerfleet's rating: 1324 &rarr; <strong>1304</strong><br />(-20 for losing)
|raw|xcPurple's rating: 1316 &rarr; <strong>1336</strong><br />(+20 for winning)
|l|☆yesgamerfleet
|player|p1|
|l|☆xcPurple
|player|p2|
