|j|☆thqrun
|j|☆skarmoryplays
|t:|1758293198
|gametype|singles
|player|p1|thqrun|2|1427
|player|p2|skarmoryplays|265|1414
|gen|9
|tier|[Gen 9] OU
|rated|
|rule|HP Percentage Mod: HP is shown in percentages
|rule|Endless Battle Clause: Forcing endless battles is banned
|rule|Species Clause: Limit one of each Pokémon
|rule|OHKO Clause: OHKO moves are banned
|rule|Evasion Items Clause: Evasion items are banned
|rule|Evasion Moves Clause: Evasion moves are banned
|rule|Evasion Abilities Clause: Evasion abilities are banned
|rule|Sleep Moves Clause: Sleep-inducing moves are banned
|clearpoke
|poke|p1|Regice|
|poke|p1|Slowking-Galar, F|
|poke|p1|Gliscor, M|
|poke|p1|Clefable, M|
|poke|p1|Amoonguss, M|
|poke|p1|Corviknight, F|
|poke|p2|Pelipper, F|
|poke|p2|Hatterene, F|
|poke|p2|Iron Treads|
|poke|p2|Toxicroak, F|
|poke|p2|Barraskewda, F|
|poke|p2|Zapdos|
|teampreview
|inactive|Battle timer is ON: inactive players will automatically lose when time's up. (requested by skarmoryplays)
|inactive|thqrun also wants the timer to be on.
|
|t:|1758293211
|teamsize|p1|6
|teamsize|p2|6
|start
|switch|p1a: Amoonguss|Amoonguss, M, shiny|100/100
|switch|p2a: Pelipper|Pelipper, F|100/100
|-weather|RainDance|[from] ability: Drizzle|[of] p2a: Pelipper
|turn|1
|
|t:|1758293218
|move|p2a: Pelipper|Hurricane|p1a: Amoonguss
|-supereffective|p1a: Amoonguss
|-damage|p1a: Amoonguss|32/100
|move|p1a: Amoonguss|Toxic|p2a: Pelipper
|-status|p2a: Pelipper|tox
|
|-weather|RainDance|[upkeep]
|-damage|p2a: Pelipper|94/100 tox|[from] psn
|upkeep
|turn|2
|
|t:|1758293231
|switch|p1a: Slowking|Slowking-Galar, F, shiny|100/100
|move|p2a: Pelipper|Hurricane|p1a: Slowking
|-damage|p1a: Slowking|80/100
|-start|p1a: Slowking|confusion
|
|-weather|RainDance|[upkeep]
|-damage|p2a: Pelipper|82/100 tox|[from] psn
|upkeep
|turn|3
|
|t:|1758293245
|switch|p2a: Iron Treads|Iron Treads|100/100
|-prepare|p1a: Slowking|Chilly Reception|[premajor]
|-activate|p1a: Slowking|confusion
|move|p1a: Slowking|Chilly Reception|p1a: Slowking
|-weather|Snowscape
|
|t:|1758293256
|switch|p1a: Amoonguss|Amoonguss, M, shiny|65/100|[from] Chilly Reception
|
|-weather|Snowscape|[upkeep]
|upkeep
|turn|4
|
|t:|1758293266
|move|p2a: Iron Treads|Volt Switch|p1a: Amoonguss
|-resisted|p1a: Amoonguss
|-damage|p1a: Amoonguss|60/100
|
|t:|1758293268
|-end|p2a: Iron Treads|Quark Drive|[silent]
|switch|p2a: Pelipper|Pelipper, F|82/100 tox|[from] Volt Switch
|-weather|RainDance|[from] ability: Drizzle|[of] p2a: Pelipper
|move|p1a: Amoonguss|Giga Drain|p2a: Pelipper
|-damage|p2a: Pelipper|61/100 tox
|-heal|p1a: Amoonguss|68/100|[from] drain|[of] p2a: Pelipper
|
|-weather|RainDance|[upkeep]
|-damage|p2a: Pelipper|55/100 tox|[from] psn
|upkeep
|turn|5
|
|t:|1758293280
|switch|p1a: Slowking|Slowking-Galar, F, shiny|100/100
|move|p2a: Pelipper|Hurricane|p1a: Slowking
|-crit|p1a: Slowking
|-damage|p1a: Slowking|71/100
|
|-weather|RainDance|[upkeep]
|-damage|p2a: Pelipper|43/100 tox|[from] psn
|upkeep
|turn|6
|
|t:|1758293292
|move|p2a: Pelipper|U-turn|p1a: Slowking
|-damage|p1a: Slowking|61/100
|
|t:|1758293314
|switch|p2a: Zapdos|Zapdos|100/100|[from] U-turn
|-prepare|p1a: Slowking|Chilly Reception|[premajor]
|move|p1a: Slowking|Chilly Reception|p1a: Slowking
|-weather|Snowscape
|
|t:|1758293326
|switch|p1a: Gliscor|Gliscor, M, shiny|100/100|[from] Chilly Reception
|
|-weather|Snowscape|[upkeep]
|-status|p1a: Gliscor|tox|[from] item: Toxic Orb
|upkeep
|turn|7
|
|t:|1758293333
|move|p2a: Zapdos|Weather Ball|p1a: Gliscor
|-supereffective|p1a: Gliscor
|-damage|p1a: Gliscor|0 fnt
|faint|p1a: Gliscor
|
|-weather|Snowscape|[upkeep]
|upkeep
|c|☆thqrun|O.o
|
|t:|1758293358
|switch|p1a: Regice|Regice, shiny|100/100
|turn|8
|
|t:|1758293364
|switch|p2a: Hatterene|Hatterene, F|100/100
|move|p1a: Regice|Ice Beam|p2a: Hatterene
|-crit|p2a: Hatterene
|-damage|p2a: Hatterene|51/100
|-enditem|p2a: Hatterene|Eject Button
|
|t:|1758293368
|switch|p2a: Toxicroak|Toxicroak, F|100/100
|
|-weather|Snowscape|[upkeep]
|upkeep
|turn|9
|
|t:|1758293382
|switch|p1a: Corviknight|Corviknight, F|100/100
|-ability|p1a: Corviknight|Pressure
|move|p2a: Toxicroak|Knock Off|p1a: Corviknight
|-damage|p1a: Corviknight|86/100
|-damage|p2a: Toxicroak|84/100|[from] item: Rocky Helmet|[of] p1a: Corviknight
|-enditem|p1a: Corviknight|Rocky Helmet|[from] move: Knock Off|[of] p2a: Toxicroak
|
|-weather|Snowscape|[upkeep]
|upkeep
|turn|10
|
|t:|1758293392
|switch|p2a: Iron Treads|Iron Treads|100/100
|move|p1a: Corviknight|U-turn|p2a: Iron Treads
|-resisted|p2a: Iron Treads
|-damage|p2a: Iron Treads|95/100
|
|t:|1758293399
|switch|p1a: Amoonguss|Amoonguss, M, shiny|100/100|[from] U-turn
|
|-weather|none
|-heal|p2a: Iron Treads|100/100|[from] item: Leftovers
|upkeep
|turn|11
|
|t:|1758293407
|move|p2a: Iron Treads|Stealth Rock|p1a: Amoonguss
|-sidestart|p1: thqrun|move: Stealth Rock
|move|p1a: Amoonguss|Giga Drain|p2a: Iron Treads
|-damage|p2a: Iron Treads|83/100
|
|-heal|p2a: Iron Treads|89/100|[from] item: Leftovers
|upkeep
|turn|12
|
|t:|1758293415
|move|p2a: Iron Treads|Earthquake|p1a: Amoonguss
|-damage|p1a: Amoonguss|75/100
|move|p1a: Amoonguss|Stomping Tantrum|p2a: Iron Treads
|-supereffective|p2a: Iron Treads
|-crit|p2a: Iron Treads
|-damage|p2a: Iron Treads|54/100
|
|-heal|p2a: Iron Treads|60/100|[from] item: Leftovers
|upkeep
|turn|13
|
|t:|1758293427
|move|p2a: Iron Treads|Volt Switch|p1a: Amoonguss
|-resisted|p1a: Amoonguss
|-damage|p1a: Amoonguss|70/100
|
|t:|1758293430
|-end|p2a: Iron Treads|Quark Drive|[silent]
|switch|p2a: Zapdos|Zapdos|100/100|[from] Volt Switch
|move|p1a: Amoonguss|Foul Play|p2a: Zapdos
|-damage|p2a: Zapdos|83/100
|-status|p1a: Amoonguss|par|[from] ability: Static|[of] p2a: Zapdos
|
|upkeep
|turn|14
|
|t:|1758293441
|move|p2a: Zapdos|Hurricane|p1a: Amoonguss|[miss]
|-miss|p2a: Zapdos|p1a: Amoonguss
|move|p1a: Amoonguss|Toxic|p2a: Zapdos
|-status|p2a: Zapdos|tox
|
|-damage|p2a: Zapdos|77/100 tox|[from] psn
|upkeep
|turn|15
|
|t:|1758293450
|switch|p1a: Slowking|Slowking-Galar, F, shiny|94/100
|move|p2a: Zapdos|Hurricane|p1a: Slowking
|-damage|p1a: Slowking|47/100
|-start|p1a: Slowking|confusion
|
|-damage|p2a: Zapdos|64/100 tox|[from] psn
|upkeep
|turn|16
|
|t:|1758293466
|switch|p2a: Hatterene|Hatterene, F|51/100
|switch|p1a: Regice|Regice, shiny|100/100
|
|upkeep
|turn|17
|
|t:|1758293475
|move|p1a: Regice|Ice Beam|p2a: Hatterene
|-damage|p2a: Hatterene|18/100
|move|p2a: Hatterene|Nuzzle|p1a: Regice
|-damage|p1a: Regice|98/100
|-status|p1a: Regice|par
|
|upkeep
|turn|18
|
|t:|1758293483
|move|p2a: Hatterene|Healing Wish|p2a: Hatterene
|faint|p2a: Hatterene
|move|p1a: Regice|Ice Beam|p2: Hatterene|[notarget]
|-fail|p1a: Regice
|
|upkeep
|
|t:|1758293490
|switch|p2a: Zapdos|Zapdos|64/100 tox
|-heal|p2a: Zapdos|100/100|[from] move: Healing Wish
|turn|19
|
|t:|1758293501
|move|p2a: Zapdos|Volt Switch|p1a: Regice
|-damage|p1a: Regice|70/100 par
|
|t:|1758293506
|switch|p2a: Toxicroak|Toxicroak, F|84/100|[from] Volt Switch
|cant|p1a: Regice|par
|
|upkeep
|turn|20
|
|t:|1758293518
|switch|p1a: Amoonguss|Amoonguss, M, shiny|100/100 par
|move|p2a: Toxicroak|Drain Punch|p1a: Amoonguss
|-resisted|p1a: Amoonguss
|-damage|p1a: Amoonguss|90/100 par
|-heal|p2a: Toxicroak|90/100|[from] drain|[of] p1a: Amoonguss
|
|upkeep
|turn|21
|
|t:|1758293528
|switch|p2a: Pelipper|Pelipper, F|43/100 tox
|-weather|RainDance|[from] ability: Drizzle|[of] p2a: Pelipper
|cant|p1a: Amoonguss|par
|
|-weather|RainDance|[upkeep]
|-damage|p2a: Pelipper|36/100 tox|[from] psn
|upkeep
|turn|22
|
|t:|1758293537
|switch|p1a: Slowking|Slowking-Galar, F, shiny|80/100
|move|p2a: Pelipper|Roost|p2a: Pelipper
|-heal|p2a: Pelipper|87/100 tox
|-singleturn|p2a: Pelipper|move: Roost
|
|-weather|RainDance|[upkeep]
|-damage|p2a: Pelipper|74/100 tox|[from] psn
|upkeep
|turn|23
|
|t:|1758293546
|move|p2a: Pelipper|Knock Off|p1a: Slowking
|-supereffective|p1a: Slowking
|-damage|p1a: Slowking|53/100
|-enditem|p1a: Slowking|Heavy-Duty Boots|[from] move: Knock Off|[of] p2a: Pelipper
|-prepare|p1a: Slowking|Chilly Reception|[premajor]
|move|p1a: Slowking|Chilly Reception|p1a: Slowking
|-weather|Snowscape
|
|t:|1758293554
|switch|p1a: Regice|Regice, shiny|70/100 par|[from] Chilly Reception
|
|-weather|Snowscape|[upkeep]
|-heal|p1a: Regice|77/100 par|[from] ability: Ice Body
|-damage|p2a: Pelipper|56/100 tox|[from] psn
|upkeep
|turn|24
|
|t:|1758293564
|move|p2a: Pelipper|U-turn|p1a: Regice
|-damage|p1a: Regice|72/100 par
|
|t:|1758293567
|switch|p2a: Toxicroak|Toxicroak, F|90/100|[from] U-turn
|move|p1a: Regice|Rest|p1a: Regice
|-status|p1a: Regice|slp|[from] move: Rest
|-heal|p1a: Regice|100/100 slp|[silent]
|
|-weather|Snowscape|[upkeep]
|upkeep
|turn|25
|
|t:|1758293577
|switch|p1a: Amoonguss|Amoonguss, M, shiny|100/100 par
|move|p2a: Toxicroak|Knock Off|p1a: Amoonguss
|-damage|p1a: Amoonguss|83/100 par
|-enditem|p1a: Amoonguss|Heavy-Duty Boots|[from] move: Knock Off|[of] p2a: Toxicroak
|
|-weather|Snowscape|[upkeep]
|upkeep
|turn|26
|
|t:|1758293587
|switch|p2a: Zapdos|Zapdos|100/100
|cant|p1a: Amoonguss|par
|
|-weather|Snowscape|[upkeep]
|upkeep
|turn|27
|
|t:|1758293596
|switch|p1a: Regice|Regice, shiny|100/100 slp
|move|p2a: Zapdos|Weather Ball|p1a: Regice
|-resisted|p1a: Regice
|-damage|p1a: Regice|89/100 slp
|
|-weather|none
|upkeep
|turn|28
|
|t:|1758293605
|switch|p2a: Toxicroak|Toxicroak, F|90/100
|cant|p1a: Regice|slp
|move|p1a: Regice|Sleep Talk|p1a: Regice
|move|p1a: Regice|Ice Beam|p2a: Toxicroak|[from] move: Sleep Talk
|-damage|p2a: Toxicroak|47/100
|
|upkeep
|turn|29
|
|t:|1758293615
|switch|p2a: Pelipper|Pelipper, F|56/100 tox
|-weather|RainDance|[from] ability: Drizzle|[of] p2a: Pelipper
|switch|p1a: Amoonguss|Amoonguss, M, shiny|100/100 par
|-damage|p1a: Amoonguss|88/100 par|[from] Stealth Rock
|
|-weather|RainDance|[upkeep]
|-damage|p2a: Pelipper|49/100 tox|[from] psn
|upkeep
|turn|30
|
|t:|1758293626
|switch|p1a: Slowking|Slowking-Galar, F, shiny|87/100
|-damage|p1a: Slowking|74/100|[from] Stealth Rock
|move|p2a: Pelipper|Hurricane|p1a: Slowking
|-damage|p1a: Slowking|53/100
|
|-weather|RainDance|[upkeep]
|-damage|p2a: Pelipper|37/100 tox|[from] psn
|upkeep
|turn|31
|
|t:|1758293638
|move|p2a: Pelipper|Roost|p2a: Pelipper
|-heal|p2a: Pelipper|87/100 tox
|-singleturn|p2a: Pelipper|move: Roost
|move|p1a: Slowking|Flamethrower|p2a: Pelipper
|-resisted|p2a: Pelipper
|-damage|p2a: Pelipper|82/100 tox
|
|-weather|RainDance|[upkeep]
|-damage|p2a: Pelipper|63/100 tox|[from] psn
|upkeep
|turn|32
|
|t:|1758293654
|move|p2a: Pelipper|U-turn|p1a: Slowking
|-damage|p1a: Slowking|44/100
|
|t:|1758293661
|switch|p2a: Iron Treads|Iron Treads|60/100|[from] U-turn
|move|p1a: Slowking|Future Sight|p2a: Iron Treads
|-start|p1a: Slowking|move: Future Sight
|
|-weather|RainDance|[upkeep]
|-heal|p2a: Iron Treads|66/100|[from] item: Leftovers
|upkeep
|turn|33
|
|t:|1758293670
|switch|p1a: Corviknight|Corviknight, F|86/100
|-damage|p1a: Corviknight|73/100|[from] Stealth Rock
|-ability|p1a: Corviknight|Pressure
|move|p2a: Iron Treads|Earthquake|p1a: Corviknight
|-immune|p1a: Corviknight
|
|-weather|RainDance|[upkeep]
|-heal|p2a: Iron Treads|72/100|[from] item: Leftovers
|upkeep
|turn|34
|
|t:|1758293682
|move|p2a: Iron Treads|Volt Switch|p1a: Corviknight
|-supereffective|p1a: Corviknight
|-damage|p1a: Corviknight|49/100
|
|t:|1758293685
|-end|p2a: Iron Treads|Quark Drive|[silent]
|switch|p2a: Zapdos|Zapdos|100/100|[from] Volt Switch
|move|p1a: Corviknight|Roost|p1a: Corviknight
|-heal|p1a: Corviknight|99/100
|-singleturn|p1a: Corviknight|move: Roost
|
|-weather|RainDance|[upkeep]
|-end|p2a: Zapdos|move: Future Sight
|-damage|p2a: Zapdos|49/100
|upkeep
|turn|35
|
|t:|1758293702
|switch|p1a: Regice|Regice, shiny|89/100 slp
|move|p2a: Zapdos|Thunder|p1a: Regice
|-damage|p1a: Regice|52/100 slp
|
|-weather|RainDance|[upkeep]
|upkeep
|turn|36
|
|t:|1758293713
|switch|p1a: Amoonguss|Amoonguss, M, shiny|100/100 par
|-damage|p1a: Amoonguss|88/100 par|[from] Stealth Rock
|move|p2a: Zapdos|Thunder|p1a: Amoonguss
|-resisted|p1a: Amoonguss
|-damage|p1a: Amoonguss|46/100 par
|
|-weather|none
|upkeep
|turn|37
|
|t:|1758293722
|move|p2a: Zapdos|Thunder|p1a: Amoonguss
|-resisted|p1a: Amoonguss
|-damage|p1a: Amoonguss|5/100 par
|move|p1a: Amoonguss|Toxic|p2a: Zapdos
|-status|p2a: Zapdos|tox
|
|-damage|p2a: Zapdos|43/100 tox|[from] psn
|upkeep
|turn|38
|
|t:|1758293732
|switch|p1a: Slowking|Slowking-Galar, F, shiny|77/100
|-damage|p1a: Slowking|64/100|[from] Stealth Rock
|move|p2a: Zapdos|Thunder|p1a: Slowking
|-damage|p1a: Slowking|18/100
|
|-damage|p2a: Zapdos|30/100 tox|[from] psn
|upkeep
|turn|39
|
|t:|1758293753
|switch|p1a: Amoonguss|Amoonguss, M, shiny|38/100 par
|-damage|p1a: Amoonguss|26/100 par|[from] Stealth Rock
|move|p2a: Zapdos|Thunder|p1a: Amoonguss
|-resisted|p1a: Amoonguss
|-damage|p1a: Amoonguss|0 fnt
|faint|p1a: Amoonguss
|
|-damage|p2a: Zapdos|12/100 tox|[from] psn
|upkeep
|
|t:|1758293768
|switch|p1a: Clefable|Clefable, M|100/100
|turn|40
|
|t:|1758293774
|move|p2a: Zapdos|Thunder|p1a: Clefable
|-damage|p1a: Clefable|28/100
|-status|p1a: Clefable|par
|move|p1a: Clefable|Moonlight|p1a: Clefable
|-heal|p1a: Clefable|78/100 par
|
|-damage|p2a: Zapdos|0 fnt|[from] psn
|faint|p2a: Zapdos
|upkeep
|
|t:|1758293784
|switch|p2a: Pelipper|Pelipper, F|63/100 tox
|-weather|RainDance|[from] ability: Drizzle|[of] p2a: Pelipper
|turn|41
|
|t:|1758293790
|switch|p1a: Slowking|Slowking-Galar, F, shiny|52/100
|-damage|p1a: Slowking|39/100|[from] Stealth Rock
|move|p2a: Pelipper|Hurricane|p1a: Slowking
|-damage|p1a: Slowking|18/100
|
|-weather|RainDance|[upkeep]
|-damage|p2a: Pelipper|57/100 tox|[from] psn
|upkeep
|turn|42
|
|t:|1758293800
|switch|p1a: Regice|Regice, shiny|52/100 slp
|move|p2a: Pelipper|Hurricane|p1a: Regice
|-damage|p1a: Regice|36/100 slp
|
|-weather|RainDance|[upkeep]
|-damage|p2a: Pelipper|45/100 tox|[from] psn
|upkeep
|turn|43
|
|t:|1758293808
|cant|p1a: Regice|slp
|move|p1a: Regice|Sleep Talk|p1a: Regice
|move|p1a: Regice|Rest||[from] move: Sleep Talk|[still]
|-fail|p1a: Regice
|move|p2a: Pelipper|U-turn|p1a: Regice
|-damage|p1a: Regice|30/100 slp
|
|t:|1758293815
|switch|p2a: Barraskewda|Barraskewda, F|100/100|[from] U-turn
|
|-weather|RainDance|[upkeep]
|upkeep
|turn|44
|
|t:|1758293832
|switch|p1a: Slowking|Slowking-Galar, F, shiny|51/100
|-damage|p1a: Slowking|38/100|[from] Stealth Rock
|-terastallize|p2a: Barraskewda|Water
|move|p2a: Barraskewda|Liquidation|p1a: Slowking
|-damage|p1a: Slowking|0 fnt
|faint|p1a: Slowking
|
|-weather|RainDance|[upkeep]
|upkeep
|
|t:|1758293844
|switch|p1a: Clefable|Clefable, M|78/100 par
|turn|45
|
|t:|1758293851
|move|p2a: Barraskewda|Liquidation|p1a: Clefable
|-damage|p1a: Clefable|0 fnt
|faint|p1a: Clefable
|
|-weather|RainDance|[upkeep]
|upkeep
|
|t:|1758293857
|switch|p1a: Corviknight|Corviknight, F|99/100
|-damage|p1a: Corviknight|86/100|[from] Stealth Rock
|-ability|p1a: Corviknight|Pressure
|turn|46
|c|☆skarmoryplays|i've missed you barraskewda
|
|t:|1758293863
|move|p2a: Barraskewda|Liquidation|p1a: Corviknight
|-damage|p1a: Corviknight|0 fnt
|faint|p1a: Corviknight
|
|-weather|RainDance|[upkeep]
|upkeep
|-message|thqrun forfeited.
|
|win|skarmoryplays
|raw|thqrun's rating: 1427 &rarr; <strong>1406</strong><br />(-21 for losing)
|raw|skarmoryplays's rating: 1414 &rarr; <strong>1435</strong><br />(+21 for winning)
|l|☆thqrun
|player|p1|
