|j|☆mmmspicy69
|j|☆neroeto5
|t:|1758322303
|gametype|singles
|player|p1|mmmspicy69|169|1515
|player|p2|neroeto5|101|1543
|gen|9
|tier|[Gen 9] OU
|rated|
|rule|HP Percentage Mod: HP is shown in percentages
|rule|Endless Battle Clause: Forcing endless battles is banned
|rule|Species Clause: Limit one of each Pokémon
|rule|OHKO Clause: OHKO moves are banned
|rule|Evasion Items Clause: Evasion items are banned
|rule|Evasion Moves Clause: Evasion moves are banned
|rule|Evasion Abilities Clause: Evasion abilities are banned
|rule|Sleep Moves Clause: Sleep-inducing moves are banned
|clearpoke
|poke|p1|Great Tusk|
|poke|p1|Gliscor, M|
|poke|p1|Zamazenta-*|
|poke|p1|Hatterene, F|
|poke|p1|Dragapult, F|
|poke|p1|Braviary-Hisui, M|
|poke|p2|Galvantula, F|
|poke|p2|Dragapult, F|
|poke|p2|Landorus-Therian, M|
|poke|p2|Zamazenta-*|
|poke|p2|Iron Moth|
|poke|p2|Greninja-*, M|
|teampreview
|
|t:|1758322316
|teamsize|p1|6
|teamsize|p2|6
|start
|switch|p1a: Great Tusk|Great Tusk|100/100
|switch|p2a: Galvantula|Galvantula, F, shiny|100/100
|-enditem|p1a: Great Tusk|Booster Energy
|-activate|p1a: Great Tusk|ability: Protosynthesis|[fromitem]
|-start|p1a: Great Tusk|protosynthesisatk
|turn|1
|inactive|Battle timer is ON: inactive players will automatically lose when time's up. (requested by neroeto5)
|
|t:|1758322320
|-terastallize|p2a: Galvantula|Ice
|move|p2a: Galvantula|Tera Blast|p1a: Great Tusk|[anim] Tera Blast Ice
|-supereffective|p1a: Great Tusk
|-damage|p1a: Great Tusk|0 fnt
|faint|p1a: Great Tusk
|-end|p1a: Great Tusk|Protosynthesis|[silent]
|
|upkeep
|c|☆mmmspicy69|ok bold opening
|
|t:|1758322337
|switch|p1a: Hatterene|Hatterene, F|100/100
|turn|2
|
|t:|1758322340
|move|p2a: Galvantula|Thunder|p1a: Hatterene
|-damage|p1a: Hatterene|31/100
|move|p1a: Hatterene|Calm Mind|p1a: Hatterene
|-boost|p1a: Hatterene|spa|1
|-boost|p1a: Hatterene|spd|1
|
|-heal|p1a: Hatterene|37/100|[from] item: Leftovers
|upkeep
|turn|3
|
|t:|1758322360
|switch|p1a: Gliscor|Gliscor, M|100/100
|move|p2a: Galvantula|Thunder|p1a: Gliscor
|-immune|p1a: Gliscor
|
|-status|p1a: Gliscor|tox|[from] item: Toxic Orb
|upkeep
|turn|4
|
|t:|1758322373
|move|p1a: Gliscor|Protect|p1a: Gliscor
|-singleturn|p1a: Gliscor|Protect
|move|p2a: Galvantula|Tera Blast|p1a: Gliscor|[anim] Tera Blast Ice
|-activate|p1a: Gliscor|move: Protect
|
|upkeep
|turn|5
|
|t:|1758322382
|switch|p1a: Zamazenta|Zamazenta|100/100
|-ability|p1a: Zamazenta|Dauntless Shield|boost
|-boost|p1a: Zamazenta|def|1
|move|p2a: Galvantula|Thunder|p1a: Zamazenta
|-damage|p1a: Zamazenta|63/100
|
|upkeep
|turn|6
|
|t:|1758322390
|move|p1a: Zamazenta|Body Press|p2a: Galvantula
|-supereffective|p2a: Galvantula
|-enditem|p2a: Galvantula|Focus Sash
|-damage|p2a: Galvantula|1/100
|move|p2a: Galvantula|Thunder|p1a: Zamazenta
|-damage|p1a: Zamazenta|21/100
|
|upkeep
|turn|7
|
|t:|1758322407
|switch|p2a: Dragapult|Dragapult, F|100/100
|move|p1a: Zamazenta|Rest|p1a: Zamazenta
|-status|p1a: Zamazenta|slp|[from] move: Rest
|-heal|p1a: Zamazenta|100/100 slp|[silent]
|-enditem|p1a: Zamazenta|Chesto Berry|[eat]
|-curestatus|p1a: Zamazenta|slp|[msg]
|
|upkeep
|turn|8
|
|t:|1758322417
|move|p1a: Zamazenta|Crunch|p2a: Dragapult
|-supereffective|p2a: Dragapult
|-damage|p2a: Dragapult|46/100
|move|p2a: Dragapult|U-turn|p1a: Zamazenta
|-resisted|p1a: Zamazenta
|-damage|p1a: Zamazenta|91/100
|
|t:|1758322423
|switch|p2a: Landorus|Landorus-Therian, M|100/100|[from] U-turn
|-ability|p2a: Landorus|Intimidate|boost
|-unboost|p1a: Zamazenta|atk|1
|
|upkeep
|turn|9
|
|t:|1758322427
|switch|p2a: Galvantula|Galvantula, F, shiny, tera:Ice|1/100
|move|p1a: Zamazenta|Iron Defense|p1a: Zamazenta
|-boost|p1a: Zamazenta|def|2
|
|upkeep
|turn|10
|
|t:|1758322440
|move|p1a: Zamazenta|Crunch|p2a: Galvantula
|-damage|p2a: Galvantula|0 fnt
|faint|p2a: Galvantula
|
|upkeep
|
|t:|1758322446
|switch|p2a: Iron Moth|Iron Moth|100/100
|-enditem|p2a: Iron Moth|Booster Energy
|-activate|p2a: Iron Moth|ability: Quark Drive|[fromitem]
|-start|p2a: Iron Moth|quarkdrivespa
|turn|11
|
|t:|1758322452
|move|p1a: Zamazenta|Body Press|p2a: Iron Moth
|-resisted|p2a: Iron Moth
|-damage|p2a: Iron Moth|39/100
|move|p2a: Iron Moth|Psychic|p1a: Zamazenta
|-supereffective|p1a: Zamazenta
|-damage|p1a: Zamazenta|29/100
|
|upkeep
|turn|12
|
|t:|1758322468
|-end|p2a: Iron Moth|Quark Drive|[silent]
|switch|p2a: Dragapult|Dragapult, F|46/100
|move|p1a: Zamazenta|Crunch|p2a: Dragapult
|-supereffective|p2a: Dragapult
|-damage|p2a: Dragapult|8/100
|
|upkeep
|turn|13
|
|t:|1758322478
|switch|p1a: Hatterene|Hatterene, F|37/100
|move|p2a: Dragapult|Dragon Darts|p1a: Hatterene
|-immune|p1a: Hatterene
|
|-heal|p1a: Hatterene|42/100|[from] item: Leftovers
|upkeep
|turn|14
|
|t:|1758322486
|move|p2a: Dragapult|Dragon Darts|p1a: Hatterene
|-immune|p1a: Hatterene
|move|p1a: Hatterene|Mystical Fire|p2a: Dragapult
|-resisted|p2a: Dragapult
|-damage|p2a: Dragapult|0 fnt
|faint|p2a: Dragapult
|
|-heal|p1a: Hatterene|48/100|[from] item: Leftovers
|upkeep
|
|t:|1758322489
|switch|p2a: Landorus|Landorus-Therian, M|100/100
|-ability|p2a: Landorus|Intimidate|boost
|-unboost|p1a: Hatterene|atk|1
|turn|15
|
|t:|1758322494
|move|p2a: Landorus|U-turn|p1a: Hatterene
|-damage|p1a: Hatterene|4/100
|
|t:|1758322496
|switch|p2a: Iron Moth|Iron Moth|39/100|[from] U-turn
|move|p1a: Hatterene|Draining Kiss|p2a: Iron Moth
|-resisted|p2a: Iron Moth
|-damage|p2a: Iron Moth|31/100
|-heal|p1a: Hatterene|11/100|[from] drain|[of] p2a: Iron Moth
|
|-heal|p1a: Hatterene|17/100|[from] item: Leftovers
|upkeep
|turn|16
|
|t:|1758322502
|move|p2a: Iron Moth|Fiery Dance|p1a: Hatterene
|-damage|p1a: Hatterene|0 fnt
|faint|p1a: Hatterene
|
|upkeep
|
|t:|1758322512
|switch|p1a: Gliscor|Gliscor, M|100/100 tox
|turn|17
|
|t:|1758322522
|move|p2a: Iron Moth|Fiery Dance|p1a: Gliscor
|-damage|p1a: Gliscor|46/100 tox
|move|p1a: Gliscor|Facade|p2a: Iron Moth
|-crit|p2a: Iron Moth
|-damage|p2a: Iron Moth|0 fnt
|faint|p2a: Iron Moth
|-end|p2a: Iron Moth|Quark Drive|[silent]
|
|-heal|p1a: Gliscor|58/100 tox|[from] ability: Poison Heal
|upkeep
|
|t:|1758322528
|switch|p2a: Greninja|Greninja, M|100/100
|turn|18
|
|t:|1758322532
|move|p1a: Gliscor|Protect|p1a: Gliscor
|-singleturn|p1a: Gliscor|Protect
|move|p2a: Greninja|Surf|p1a: Gliscor
|-activate|p1a: Gliscor|move: Protect
|
|-heal|p1a: Gliscor|71/100 tox|[from] ability: Poison Heal
|upkeep
|turn|19
|
|t:|1758322537
|-terastallize|p1a: Gliscor|Normal
|move|p2a: Greninja|Dark Pulse|p1a: Gliscor
|-damage|p1a: Gliscor|9/100 tox
|-damage|p2a: Greninja|91/100|[from] item: Life Orb
|cant|p1a: Gliscor|flinch
|
|-heal|p1a: Gliscor|22/100 tox|[from] ability: Poison Heal
|upkeep
|turn|20
|
|t:|1758322544
|move|p1a: Gliscor|Protect|p1a: Gliscor
|-singleturn|p1a: Gliscor|Protect
|move|p2a: Greninja|Surf|p1a: Gliscor
|-activate|p1a: Gliscor|move: Protect
|
|-heal|p1a: Gliscor|34/100 tox|[from] ability: Poison Heal
|upkeep
|turn|21
|
|t:|1758322553
|switch|p1a: Zamazenta|Zamazenta|29/100
|move|p2a: Greninja|Ice Beam|p1a: Zamazenta
|-damage|p1a: Zamazenta|0 fnt
|faint|p1a: Zamazenta
|-ability|p2a: Greninja|Battle Bond|boost
|-boost|p2a: Greninja|atk|1
|-boost|p2a: Greninja|spa|1
|-boost|p2a: Greninja|spe|1
|-activate|p2a: Greninja|ability: Battle Bond
|-damage|p2a: Greninja|81/100|[from] item: Life Orb
|
|upkeep
|
|t:|1758322568
|switch|p1a: Braviary|Braviary-Hisui, M|100/100
|turn|22
|
|t:|1758322579
|move|p2a: Greninja|Dark Pulse|p1a: Braviary
|-supereffective|p1a: Braviary
|-damage|p1a: Braviary|0 fnt
|faint|p1a: Braviary
|-damage|p2a: Greninja|71/100|[from] item: Life Orb
|
|upkeep
|
|t:|1758322582
|switch|p1a: Dragapult|Dragapult, F|100/100
|turn|23
|
|t:|1758322601
|move|p2a: Greninja|Dark Pulse|p1a: Dragapult
|-supereffective|p1a: Dragapult
|-crit|p1a: Dragapult
|-damage|p1a: Dragapult|0 fnt
|faint|p1a: Dragapult
|-damage|p2a: Greninja|61/100|[from] item: Life Orb
|
|upkeep
|
|t:|1758322604
|switch|p1a: Gliscor|Gliscor, M, tera:Normal|34/100 tox
|turn|24
|
|t:|1758322608
|move|p1a: Gliscor|Protect|p1a: Gliscor
|-singleturn|p1a: Gliscor|Protect
|move|p2a: Greninja|Dark Pulse|p1a: Gliscor
|-activate|p1a: Gliscor|move: Protect
|
|-heal|p1a: Gliscor|47/100 tox|[from] ability: Poison Heal
|upkeep
|turn|25
|
|t:|1758322613
|move|p2a: Greninja|Surf|p1a: Gliscor
|-damage|p1a: Gliscor|0 fnt
|faint|p1a: Gliscor
|-damage|p2a: Greninja|52/100|[from] item: Life Orb
|
|win|neroeto5
|raw|mmmspicy69's rating: 1515 &rarr; <strong>1497</strong><br />(-18 for losing)
|raw|neroeto5's rating: 1543 &rarr; <strong>1561</strong><br />(+18 for winning)
|l|☆mmmspicy69
|player|p1|
|l|☆neroeto5
|player|p2|
