|j|☆sikort
|j|☆slowbro named paul
|t:|1758290923
|gametype|singles
|player|p1|sikort|byron|1181
|player|p2|slowbro named paul|skierf|1174
|gen|9
|tier|[Gen 9] OU
|rated|
|rule|HP Percentage Mod: HP is shown in percentages
|rule|Endless Battle Clause: Forcing endless battles is banned
|rule|Species Clause: Limit one of each Pokémon
|rule|OHKO Clause: OHKO moves are banned
|rule|Evasion Items Clause: Evasion items are banned
|rule|Evasion Moves Clause: Evasion moves are banned
|rule|Evasion Abilities Clause: Evasion abilities are banned
|rule|Sleep Moves Clause: Sleep-inducing moves are banned
|clearpoke
|poke|p1|Ursaluna, M|
|poke|p1|Cinderace, M|
|poke|p1|Araquanid, M|
|poke|p1|Dragapult, M|
|poke|p1|Enamorus, F|
|poke|p1|Meowscarada, F|
|poke|p2|Latias, F|
|poke|p2|Azumarill, M|
|poke|p2|Moltres|
|poke|p2|Bellibolt, F|
|poke|p2|Zarude|
|poke|p2|Corviknight, M|
|teampreview
|inactive|Battle timer is ON: inactive players will automatically lose when time's up. (requested by slowbro named paul)
|
|t:|1758290943
|teamsize|p1|6
|teamsize|p2|6
|start
|switch|p1a: Araquanid|Araquanid, M, shiny|100/100
|switch|p2a: Bellibolt|Bellibolt, F|100/100
|turn|1
|
|t:|1758290949
|move|p1a: Araquanid|Sticky Web|p2a: Bellibolt
|-sidestart|p2: slowbro named paul|move: Sticky Web
|move|p2a: Bellibolt|Acid Spray|p1a: Araquanid
|-damage|p1a: Araquanid|94/100
|-unboost|p1a: Araquanid|spd|2
|
|upkeep
|turn|2
|
|t:|1758290956
|switch|p1a: Ursaluna|Ursaluna, M|100/100
|move|p2a: Bellibolt|Soak|p1a: Ursaluna
|-start|p1a: Ursaluna|typechange|Water
|
|-status|p1a: Ursaluna|brn|[from] item: Flame Orb
|upkeep
|turn|3
|
|t:|1758290973
|switch|p1a: Meowscarada|Meowscarada, F|100/100
|move|p2a: Bellibolt|Parabolic Charge|p1a: Meowscarada
|-resisted|p1a: Meowscarada
|-damage|p1a: Meowscarada|80/100
|
|upkeep
|turn|4
|
|t:|1758290980
|move|p1a: Meowscarada|Knock Off|p2a: Bellibolt
|-start|p1a: Meowscarada|typechange|Dark|[from] ability: Protean
|-damage|p2a: Bellibolt|61/100
|-start|p2a: Bellibolt|Charge|Knock Off|[from] ability: Electromorphosis
|-enditem|p2a: Bellibolt|Magnet|[from] move: Knock Off|[of] p1a: Meowscarada
|move|p2a: Bellibolt|Soak|p1a: Meowscarada
|-start|p1a: Meowscarada|typechange|Water
|
|upkeep
|turn|5
|
|t:|1758290991
|switch|p1a: Ursaluna|Ursaluna, M|100/100 brn
|move|p2a: Bellibolt|Soak|p1a: Ursaluna
|-start|p1a: Ursaluna|typechange|Water
|
|-damage|p1a: Ursaluna|94/100 brn|[from] brn
|upkeep
|turn|6
|
|t:|1758291001
|-terastallize|p1a: Ursaluna|Normal
|-terastallize|p2a: Bellibolt|Electric
|move|p1a: Ursaluna|Trailblaze|p2a: Bellibolt
|-damage|p2a: Bellibolt|42/100
|-boost|p1a: Ursaluna|spe|1
|-start|p2a: Bellibolt|Charge|Trailblaze|[from] ability: Electromorphosis
|move|p2a: Bellibolt|Parabolic Charge|p1a: Ursaluna
|-damage|p1a: Ursaluna|31/100 brn
|-heal|p2a: Bellibolt|73/100|[from] drain|[of] p1a: Ursaluna
|-end|p2a: Bellibolt|Charge|[silent]
|
|-damage|p1a: Ursaluna|25/100 brn|[from] brn
|upkeep
|turn|7
|
|t:|1758291014
|switch|p2a: Corviknight|Corviknight, M|100/100
|-ability|p2a: Corviknight|Pressure
|move|p1a: Ursaluna|Facade|p2a: Corviknight
|-resisted|p2a: Corviknight
|-damage|p2a: Corviknight|49/100
|
|-heal|p2a: Corviknight|56/100|[from] item: Leftovers
|-damage|p1a: Ursaluna|18/100 brn|[from] brn
|upkeep
|turn|8
|
|t:|1758291024
|move|p1a: Ursaluna|Facade|p2a: Corviknight
|-resisted|p2a: Corviknight
|-damage|p2a: Corviknight|2/100
|move|p2a: Corviknight|Defog|p1a: Ursaluna
|-unboost|p1a: Ursaluna|evasion|1
|-sideend|p2: slowbro named paul|Sticky Web|[from] move: Defog|[of] p2a: Corviknight
|
|-heal|p2a: Corviknight|9/100|[from] item: Leftovers
|-damage|p1a: Ursaluna|12/100 brn|[from] brn
|upkeep
|turn|9
|
|t:|1758291040
|switch|p2a: Zarude|Zarude|100/100
|move|p1a: Ursaluna|Trailblaze|p2a: Zarude
|-resisted|p2a: Zarude
|-damage|p2a: Zarude|91/100
|-boost|p1a: Ursaluna|spe|1
|
|-heal|p2a: Zarude|97/100|[from] item: Leftovers
|-damage|p1a: Ursaluna|6/100 brn|[from] brn
|upkeep
|turn|10
|
|t:|1758291049
|move|p1a: Ursaluna|Facade|p2a: Zarude
|-damage|p2a: Zarude|23/100
|move|p2a: Zarude|Knock Off|p1a: Ursaluna
|-damage|p1a: Ursaluna|0 fnt
|-enditem|p1a: Ursaluna|Flame Orb|[from] move: Knock Off|[of] p2a: Zarude
|faint|p1a: Ursaluna
|
|-heal|p2a: Zarude|29/100|[from] item: Leftovers
|upkeep
|
|t:|1758291059
|switch|p1a: Meowscarada|Meowscarada, F|80/100
|turn|11
|inactive|sikort has 120 seconds left.
|inactive|sikort has 90 seconds left.
|
|t:|1758291119
|switch|p2a: Moltres|Moltres|100/100
|move|p1a: Meowscarada|U-turn|p2a: Moltres
|-start|p1a: Meowscarada|typechange|Bug|[from] ability: Protean
|-resisted|p2a: Moltres
|-damage|p2a: Moltres|93/100
|inactive|sikort has 90 seconds left.
|
|t:|1758291126
|switch|p1a: Araquanid|Araquanid, M, shiny|94/100|[from] U-turn
|
|upkeep
|turn|12
|
|t:|1758291132
|move|p2a: Moltres|Hurricane|p1a: Araquanid
|-supereffective|p1a: Araquanid
|-damage|p1a: Araquanid|32/100
|-start|p1a: Araquanid|confusion
|-activate|p1a: Araquanid|confusion
|move|p1a: Araquanid|Sticky Web|p2a: Moltres
|-sidestart|p2: slowbro named paul|move: Sticky Web
|
|upkeep
|turn|13
|
|t:|1758291143
|switch|p2a: Azumarill|Azumarill, M|100/100
|-activate|p2a: Azumarill|move: Sticky Web
|-unboost|p2a: Azumarill|spe|1
|switch|p1a: Dragapult|Dragapult, M, shiny|100/100
|
|upkeep
|turn|14
|
|t:|1758291150
|move|p1a: Dragapult|Shadow Ball|p2a: Azumarill
|-damage|p2a: Azumarill|62/100
|move|p2a: Azumarill|Knock Off|p1a: Dragapult
|-supereffective|p1a: Dragapult
|-damage|p1a: Dragapult|0 fnt
|-enditem|p1a: Dragapult|Choice Specs|[from] move: Knock Off|[of] p2a: Azumarill
|faint|p1a: Dragapult
|
|upkeep
|
|t:|1758291159
|switch|p1a: Enamorus|Enamorus, F, shiny|100/100
|turn|15
|
|t:|1758291162
|move|p1a: Enamorus|Substitute|p1a: Enamorus
|-start|p1a: Enamorus|Substitute
|-damage|p1a: Enamorus|76/100
|move|p2a: Azumarill|Liquidation|p1a: Enamorus
|-end|p1a: Enamorus|Substitute
|
|-heal|p1a: Enamorus|82/100|[from] item: Leftovers
|upkeep
|turn|16
|
|t:|1758291169
|move|p1a: Enamorus|Earth Power|p2a: Azumarill
|-damage|p2a: Azumarill|40/100
|-unboost|p2a: Azumarill|spd|1
|move|p2a: Azumarill|Liquidation|p1a: Enamorus
|-damage|p1a: Enamorus|0 fnt
|faint|p1a: Enamorus
|
|upkeep
|
|t:|1758291177
|switch|p1a: Meowscarada|Meowscarada, F|80/100
|turn|17
|inactive|sikort has 120 seconds left.
|l|☆sikort
|inactive|sikort disconnected and has a minute to reconnect!
|player|p1|
|inactive|sikort has 30 seconds to reconnect!
|inactive|sikort has 20 seconds to reconnect!
|inactive|sikort has 15 seconds to reconnect!
|inactive|sikort has 10 seconds to reconnect!
|inactive|sikort has 5 seconds to reconnect!
|-message|sikort lost due to inactivity.
|
|win|slowbro named paul
|raw|sikort's rating: 1181 &rarr; <strong>1155</strong><br />(-26 for losing)
|raw|slowbro named paul's rating: 1174 &rarr; <strong>1200</strong><br />(+26 for winning)
|l|☆slowbro named paul
|player|p2|
