|j|☆PepsiEnby
|j|☆tomatoparis
|t:|1758290668
|gametype|singles
|player|p1|PepsiEnby|lady-gen4|1665
|player|p2|tomatoparis|265|1589
|gen|9
|tier|[Gen 9] OU
|rated|
|rule|HP Percentage Mod: HP is shown in percentages
|rule|Endless Battle Clause: Forcing endless battles is banned
|rule|Species Clause: Limit one of each Pokémon
|rule|OHKO Clause: OHKO moves are banned
|rule|Evasion Items Clause: Evasion items are banned
|rule|Evasion Moves Clause: Evasion moves are banned
|rule|Evasion Abilities Clause: Evasion abilities are banned
|rule|Sleep Moves Clause: Sleep-inducing moves are banned
|clearpoke
|poke|p1|Alomomola, M|
|poke|p1|Slowking-Galar, F|
|poke|p1|Cinderace, F|
|poke|p1|Regice|
|poke|p1|Ting-Lu|
|poke|p1|Salamence, F|
|poke|p2|Pelipper, F|
|poke|p2|Zamazenta-*|
|poke|p2|Kingdra, F|
|poke|p2|Barraskewda, F|
|poke|p2|Dondozo, F|
|poke|p2|Mamoswine, F|
|teampreview
|inactive|Battle timer is ON: inactive players will automatically lose when time's up. (requested by PepsiEnby)
|
|t:|1758290677
|teamsize|p1|6
|teamsize|p2|6
|start
|switch|p1a: Slowking|Slowking-Galar, F|100/100
|switch|p2a: Zamazenta|Zamazenta|100/100
|-ability|p2a: Zamazenta|Dauntless Shield|boost
|-boost|p2a: Zamazenta|def|1
|turn|1
|
|t:|1758290686
|move|p2a: Zamazenta|Crunch|p1a: Slowking
|-supereffective|p1a: Slowking
|-damage|p1a: Slowking|40/100
|move|p1a: Slowking|Toxic|p2a: Zamazenta
|-status|p2a: Zamazenta|tox
|
|-heal|p1a: Slowking|46/100|[from] item: Black Sludge
|-damage|p2a: Zamazenta|94/100 tox|[from] psn
|upkeep
|turn|2
|
|t:|1758290692
|switch|p1a: Alomomola|Alomomola, M|100/100
|move|p2a: Zamazenta|Crunch|p1a: Alomomola
|-damage|p1a: Alomomola|66/100
|-unboost|p1a: Alomomola|def|1
|
|-damage|p2a: Zamazenta|82/100 tox|[from] psn
|upkeep
|turn|3
|
|t:|1758290697
|switch|p1a: Slowking|Slowking-Galar, F|79/100
|move|p2a: Zamazenta|Crunch|p1a: Slowking
|-supereffective|p1a: Slowking
|-damage|p1a: Slowking|25/100
|-unboost|p1a: Slowking|def|1
|
|-heal|p1a: Slowking|31/100|[from] item: Black Sludge
|-damage|p2a: Zamazenta|64/100 tox|[from] psn
|upkeep
|turn|4
|
|t:|1758290701
|switch|p1a: Salamence|Salamence, F|100/100
|-ability|p1a: Salamence|Intimidate|boost
|-unboost|p2a: Zamazenta|atk|1
|move|p2a: Zamazenta|Crunch|p1a: Salamence
|-damage|p1a: Salamence|80/100
|
|-damage|p2a: Zamazenta|39/100 tox|[from] psn
|upkeep
|turn|5
|
|t:|1758290708
|switch|p2a: Pelipper|Pelipper, F|100/100
|-weather|RainDance|[from] ability: Drizzle|[of] p2a: Pelipper
|switch|p1a: Slowking|Slowking-Galar, F|64/100
|
|-weather|RainDance|[upkeep]
|-heal|p1a: Slowking|70/100|[from] item: Black Sludge
|upkeep
|turn|6
|
|t:|1758290712
|move|p2a: Pelipper|U-turn|p1a: Slowking
|-damage|p1a: Slowking|64/100
|
|t:|1758290715
|switch|p2a: Mamoswine|Mamoswine, F|100/100|[from] U-turn
|-prepare|p1a: Slowking|Chilly Reception|[premajor]
|move|p1a: Slowking|Chilly Reception|p1a: Slowking
|-weather|Snowscape
|
|t:|1758290727
|switch|p1a: Alomomola|Alomomola, M|99/100|[from] Chilly Reception
|
|-weather|Snowscape|[upkeep]
|upkeep
|turn|7
|
|t:|1758290730
|move|p2a: Mamoswine|Stealth Rock|p1a: Alomomola
|-sidestart|p1: PepsiEnby|move: Stealth Rock
|move|p1a: Alomomola|Flip Turn|p2a: Mamoswine
|-supereffective|p2a: Mamoswine
|-damage|p2a: Mamoswine|62/100
|
|t:|1758290734
|switch|p1a: Cinderace|Cinderace, F|100/100|[from] Flip Turn
|
|-weather|Snowscape|[upkeep]
|upkeep
|turn|8
|
|t:|1758290738
|move|p1a: Cinderace|U-turn|p2a: Mamoswine
|-damage|p2a: Mamoswine|49/100
|
|t:|1758290740
|switch|p1a: Salamence|Salamence, F|80/100|[from] U-turn
|-ability|p1a: Salamence|Intimidate|boost
|-unboost|p2a: Mamoswine|atk|1
|move|p2a: Mamoswine|Earthquake|p1a: Salamence
|-immune|p1a: Salamence
|
|-weather|Snowscape|[upkeep]
|upkeep
|turn|9
|
|t:|1758290747
|switch|p1a: Regice|Regice|100/100
|move|p2a: Mamoswine|Ice Shard|p1a: Regice
|-resisted|p1a: Regice
|-damage|p1a: Regice|95/100
|-damage|p2a: Mamoswine|39/100|[from] item: Life Orb
|
|-weather|Snowscape|[upkeep]
|-heal|p1a: Regice|100/100|[from] ability: Ice Body
|upkeep
|turn|10
|
|t:|1758290754
|move|p2a: Mamoswine|Earthquake|p1a: Regice
|-damage|p1a: Regice|73/100
|-damage|p2a: Mamoswine|29/100|[from] item: Life Orb
|move|p1a: Regice|Blizzard|p2a: Mamoswine
|-damage|p2a: Mamoswine|0 fnt
|faint|p2a: Mamoswine
|
|-weather|none
|upkeep
|
|t:|1758290757
|switch|p2a: Zamazenta|Zamazenta|39/100 tox
|turn|11
|
|t:|1758290762
|switch|p1a: Slowking|Slowking-Galar, F|97/100
|-damage|p1a: Slowking|85/100|[from] Stealth Rock
|move|p2a: Zamazenta|Close Combat|p1a: Slowking
|-resisted|p1a: Slowking
|-damage|p1a: Slowking|68/100
|-unboost|p2a: Zamazenta|def|1
|-unboost|p2a: Zamazenta|spd|1
|
|-heal|p1a: Slowking|74/100|[from] item: Black Sludge
|-damage|p2a: Zamazenta|33/100 tox|[from] psn
|upkeep
|turn|12
|
|t:|1758290765
|move|p2a: Zamazenta|Close Combat|p1a: Slowking
|-resisted|p1a: Slowking
|-damage|p1a: Slowking|58/100
|-unboost|p2a: Zamazenta|def|1
|-unboost|p2a: Zamazenta|spd|1
|-prepare|p1a: Slowking|Chilly Reception|[premajor]
|move|p1a: Slowking|Chilly Reception|p1a: Slowking
|-weather|Snowscape
|
|t:|1758290770
|switch|p1a: Salamence|Salamence, F|80/100|[from] Chilly Reception
|-ability|p1a: Salamence|Intimidate|boost
|-unboost|p2a: Zamazenta|atk|1
|
|-weather|Snowscape|[upkeep]
|-damage|p2a: Zamazenta|20/100 tox|[from] psn
|upkeep
|turn|13
|
|t:|1758290774
|switch|p2a: Pelipper|Pelipper, F|100/100
|-weather|RainDance|[from] ability: Drizzle|[of] p2a: Pelipper
|move|p1a: Salamence|Roost|p1a: Salamence
|-heal|p1a: Salamence|100/100
|-singleturn|p1a: Salamence|move: Roost
|
|-weather|RainDance|[upkeep]
|upkeep
|turn|14
|
|t:|1758290785
|move|p1a: Salamence|Dragon Dance|p1a: Salamence
|-boost|p1a: Salamence|atk|1
|-boost|p1a: Salamence|spe|1
|move|p2a: Pelipper|U-turn|p1a: Salamence
|-resisted|p1a: Salamence
|-damage|p1a: Salamence|98/100
|
|t:|1758290790
|switch|p2a: Kingdra|Kingdra, F|100/100|[from] U-turn
|
|-weather|RainDance|[upkeep]
|upkeep
|turn|15
|
|t:|1758290794
|-terastallize|p1a: Salamence|Steel
|move|p2a: Kingdra|Draco Meteor|p1a: Salamence
|-resisted|p1a: Salamence
|-damage|p1a: Salamence|52/100
|-unboost|p2a: Kingdra|spa|2
|-damage|p2a: Kingdra|91/100|[from] item: Life Orb
|move|p1a: Salamence|Dragon Claw|p2a: Kingdra
|-supereffective|p2a: Kingdra
|-damage|p2a: Kingdra|0 fnt
|faint|p2a: Kingdra
|
|-weather|RainDance|[upkeep]
|upkeep
|
|t:|1758290799
|switch|p2a: Dondozo|Dondozo, F|100/100
|turn|16
|
|t:|1758290802
|move|p1a: Salamence|Roost|p1a: Salamence
|-heal|p1a: Salamence|100/100
|move|p2a: Dondozo|Wave Crash|p1a: Salamence
|-damage|p1a: Salamence|47/100
|-damage|p2a: Dondozo|88/100|[from] Recoil
|
|-weather|RainDance|[upkeep]
|upkeep
|turn|17
|
|t:|1758290807
|move|p1a: Salamence|Roost|p1a: Salamence
|-heal|p1a: Salamence|97/100
|move|p2a: Dondozo|Wave Crash|p1a: Salamence
|-damage|p1a: Salamence|46/100
|-damage|p2a: Dondozo|75/100|[from] Recoil
|
|-weather|RainDance|[upkeep]
|upkeep
|turn|18
|
|t:|1758290811
|move|p1a: Salamence|Roost|p1a: Salamence
|-heal|p1a: Salamence|96/100
|move|p2a: Dondozo|Wave Crash|p1a: Salamence
|-damage|p1a: Salamence|46/100
|-damage|p2a: Dondozo|63/100|[from] Recoil
|
|-weather|RainDance|[upkeep]
|upkeep
|turn|19
|
|t:|1758290816
|switch|p1a: Alomomola|Alomomola, M|100/100
|-damage|p1a: Alomomola|88/100|[from] Stealth Rock
|move|p2a: Dondozo|Curse|p2a: Dondozo
|-unboost|p2a: Dondozo|spe|1
|-boost|p2a: Dondozo|atk|1
|-boost|p2a: Dondozo|def|1
|
|-weather|RainDance|[upkeep]
|upkeep
|turn|20
|
|t:|1758290820
|move|p1a: Alomomola|Flip Turn|p2a: Dondozo
|-resisted|p2a: Dondozo
|-damage|p2a: Dondozo|58/100
|-damage|p1a: Alomomola|71/100|[from] item: Rocky Helmet|[of] p2a: Dondozo
|
|t:|1758290822
|switch|p1a: Slowking|Slowking-Galar, F|91/100|[from] Flip Turn
|-damage|p1a: Slowking|78/100|[from] Stealth Rock
|move|p2a: Dondozo|Wave Crash|p1a: Slowking
|-damage|p1a: Slowking|13/100
|-damage|p2a: Dondozo|41/100|[from] Recoil
|
|-weather|none
|-heal|p1a: Slowking|19/100|[from] item: Black Sludge
|upkeep
|turn|21
|
|t:|1758290832
|switch|p1a: Salamence|Salamence, F, tera:Steel|46/100
|-ability|p1a: Salamence|Intimidate|boost
|-unboost|p2a: Dondozo|atk|1
|move|p2a: Dondozo|Rest|p2a: Dondozo
|-status|p2a: Dondozo|slp|[from] move: Rest
|-heal|p2a: Dondozo|100/100 slp|[silent]
|
|upkeep
|turn|22
|
|t:|1758290837
|switch|p1a: Slowking|Slowking-Galar, F|52/100
|-damage|p1a: Slowking|40/100|[from] Stealth Rock
|cant|p2a: Dondozo|slp
|move|p2a: Dondozo|Sleep Talk|p2a: Dondozo
|move|p2a: Dondozo|Wave Crash|p1a: Slowking|[from] move: Sleep Talk
|-damage|p1a: Slowking|8/100
|-damage|p2a: Dondozo|92/100 slp|[from] Recoil
|
|-heal|p1a: Slowking|14/100|[from] item: Black Sludge
|upkeep
|turn|23
|
|t:|1758290841
|switch|p1a: Salamence|Salamence, F, tera:Steel|46/100
|-ability|p1a: Salamence|Intimidate|boost
|-unboost|p2a: Dondozo|atk|1
|cant|p2a: Dondozo|slp
|move|p2a: Dondozo|Sleep Talk|p2a: Dondozo
|move|p2a: Dondozo|Wave Crash|p1a: Salamence|[from] move: Sleep Talk
|-damage|p1a: Salamence|24/100
|-damage|p2a: Dondozo|87/100 slp|[from] Recoil
|
|upkeep
|turn|24
|
|t:|1758290845
|move|p1a: Salamence|Roost|p1a: Salamence
|-heal|p1a: Salamence|74/100
|-curestatus|p2a: Dondozo|slp|[msg]
|move|p2a: Dondozo|Wave Crash|p1a: Salamence
|-damage|p1a: Salamence|50/100
|-damage|p2a: Dondozo|81/100|[from] Recoil
|
|upkeep
|turn|25
|
|t:|1758290849
|move|p1a: Salamence|Roost|p1a: Salamence
|-heal|p1a: Salamence|100/100
|move|p2a: Dondozo|Curse|p2a: Dondozo
|-unboost|p2a: Dondozo|spe|1
|-boost|p2a: Dondozo|atk|1
|-boost|p2a: Dondozo|def|1
|
|upkeep
|turn|26
|
|t:|1758290852
|switch|p1a: Slowking|Slowking-Galar, F|47/100
|-damage|p1a: Slowking|35/100|[from] Stealth Rock
|move|p2a: Dondozo|Curse|p2a: Dondozo
|-unboost|p2a: Dondozo|spe|1
|-boost|p2a: Dondozo|atk|1
|-boost|p2a: Dondozo|def|1
|
|-heal|p1a: Slowking|41/100|[from] item: Black Sludge
|upkeep
|turn|27
|
|t:|1758290854
|switch|p1a: Salamence|Salamence, F, tera:Steel|100/100
|-ability|p1a: Salamence|Intimidate|boost
|-unboost|p2a: Dondozo|atk|1
|move|p2a: Dondozo|Wave Crash|p1a: Salamence
|-damage|p1a: Salamence|69/100
|-damage|p2a: Dondozo|74/100|[from] Recoil
|
|upkeep
|turn|28
|
|t:|1758290857
|switch|p1a: Slowking|Slowking-Galar, F|74/100
|-damage|p1a: Slowking|62/100|[from] Stealth Rock
|move|p2a: Dondozo|Wave Crash|p1a: Slowking
|-damage|p1a: Slowking|30/100
|-damage|p2a: Dondozo|66/100|[from] Recoil
|
|-heal|p1a: Slowking|37/100|[from] item: Black Sludge
|upkeep
|turn|29
|
|t:|1758290862
|switch|p1a: Salamence|Salamence, F, tera:Steel|69/100
|-ability|p1a: Salamence|Intimidate|boost
|-unboost|p2a: Dondozo|atk|1
|move|p2a: Dondozo|Wave Crash|p1a: Salamence
|-damage|p1a: Salamence|46/100
|-damage|p2a: Dondozo|60/100|[from] Recoil
|
|upkeep
|turn|30
|
|t:|1758290866
|switch|p1a: Slowking|Slowking-Galar, F|70/100
|-damage|p1a: Slowking|57/100|[from] Stealth Rock
|move|p2a: Dondozo|Curse|p2a: Dondozo
|-unboost|p2a: Dondozo|spe|1
|-boost|p2a: Dondozo|atk|1
|-boost|p2a: Dondozo|def|1
|
|-heal|p1a: Slowking|63/100|[from] item: Black Sludge
|upkeep
|turn|31
|
|t:|1758290869
|move|p1a: Slowking|Trick|p2a: Dondozo
|-activate|p1a: Slowking|move: Trick|[of] p2a: Dondozo
|-item|p2a: Dondozo|Black Sludge|[from] move: Trick
|-item|p1a: Slowking|Rocky Helmet|[from] move: Trick
|move|p2a: Dondozo|Wave Crash|p1a: Slowking
|-damage|p1a: Slowking|32/100
|-damage|p2a: Dondozo|43/100|[from] item: Rocky Helmet|[of] p1a: Slowking
|-damage|p2a: Dondozo|35/100|[from] Recoil
|
|-damage|p2a: Dondozo|23/100|[from] item: Black Sludge
|upkeep
|turn|32
|
|t:|1758290875
|switch|p1a: Salamence|Salamence, F, tera:Steel|46/100
|-ability|p1a: Salamence|Intimidate|boost
|-unboost|p2a: Dondozo|atk|1
|move|p2a: Dondozo|Rest|p2a: Dondozo
|-status|p2a: Dondozo|slp|[from] move: Rest
|-heal|p2a: Dondozo|100/100 slp|[silent]
|
|-damage|p2a: Dondozo|88/100 slp|[from] item: Black Sludge
|upkeep
|turn|33
|
|t:|1758290877
|move|p1a: Salamence|Roost|p1a: Salamence
|-heal|p1a: Salamence|96/100
|cant|p2a: Dondozo|slp
|move|p2a: Dondozo|Sleep Talk|p2a: Dondozo
|move|p2a: Dondozo|Curse|p2a: Dondozo|[from] move: Sleep Talk
|-unboost|p2a: Dondozo|spe|1
|-boost|p2a: Dondozo|atk|1
|-boost|p2a: Dondozo|def|1
|
|-damage|p2a: Dondozo|76/100 slp|[from] item: Black Sludge
|upkeep
|turn|34
|
|t:|1758290882
|switch|p1a: Slowking|Slowking-Galar, F|65/100
|-damage|p1a: Slowking|53/100|[from] Stealth Rock
|cant|p2a: Dondozo|slp
|move|p2a: Dondozo|Sleep Talk|p2a: Dondozo
|move|p2a: Dondozo|Wave Crash|p1a: Slowking|[from] move: Sleep Talk
|-damage|p1a: Slowking|21/100
|-damage|p2a: Dondozo|59/100 slp|[from] item: Rocky Helmet|[of] p1a: Slowking
|-damage|p2a: Dondozo|51/100 slp|[from] Recoil
|
|-damage|p2a: Dondozo|39/100 slp|[from] item: Black Sludge
|upkeep
|turn|35
|
|t:|1758290887
|switch|p1a: Salamence|Salamence, F, tera:Steel|96/100
|-ability|p1a: Salamence|Intimidate|boost
|-unboost|p2a: Dondozo|atk|1
|-curestatus|p2a: Dondozo|slp|[msg]
|move|p2a: Dondozo|Rest|p2a: Dondozo
|-status|p2a: Dondozo|slp|[from] move: Rest
|-heal|p2a: Dondozo|100/100 slp|[silent]
|
|-damage|p2a: Dondozo|88/100 slp|[from] item: Black Sludge
|upkeep
|turn|36
|
|t:|1758290890
|switch|p1a: Slowking|Slowking-Galar, F|54/100
|-damage|p1a: Slowking|42/100|[from] Stealth Rock
|cant|p2a: Dondozo|slp
|move|p2a: Dondozo|Sleep Talk|p2a: Dondozo
|move|p2a: Dondozo|Curse|p2a: Dondozo|[from] move: Sleep Talk
|-unboost|p2a: Dondozo|spe|1
|-boost|p2a: Dondozo|atk|1
|-boost|p2a: Dondozo|def|1
|
|-damage|p2a: Dondozo|76/100 slp|[from] item: Black Sludge
|upkeep
|turn|37
|
|t:|1758290894
|switch|p1a: Salamence|Salamence, F, tera:Steel|96/100
|-ability|p1a: Salamence|Intimidate|boost
|-unboost|p2a: Dondozo|atk|1
|cant|p2a: Dondozo|slp
|move|p2a: Dondozo|Sleep Talk|p2a: Dondozo
|move|p2a: Dondozo|Rest||[from] move: Sleep Talk|[still]
|-fail|p2a: Dondozo
|
|-damage|p2a: Dondozo|64/100 slp|[from] item: Black Sludge
|upkeep
|turn|38
|
|t:|1758290897
|switch|p1a: Slowking|Slowking-Galar, F|75/100
|-damage|p1a: Slowking|62/100|[from] Stealth Rock
|-curestatus|p2a: Dondozo|slp|[msg]
|move|p2a: Dondozo|Wave Crash|p1a: Slowking
|-damage|p1a: Slowking|43/100
|-damage|p2a: Dondozo|47/100|[from] item: Rocky Helmet|[of] p1a: Slowking
|-damage|p2a: Dondozo|42/100|[from] Recoil
|
|-damage|p2a: Dondozo|30/100|[from] item: Black Sludge
|upkeep
|turn|39
|
|t:|1758290908
|-prepare|p1a: Slowking|Chilly Reception|[premajor]
|move|p1a: Slowking|Chilly Reception|p1a: Slowking
|-weather|Snowscape
|
|t:|1758290910
|switch|p1a: Salamence|Salamence, F, tera:Steel|96/100|[from] Chilly Reception
|-ability|p1a: Salamence|Intimidate|boost
|-unboost|p2a: Dondozo|atk|1
|move|p2a: Dondozo|Rest|p2a: Dondozo
|-status|p2a: Dondozo|slp|[from] move: Rest
|-heal|p2a: Dondozo|100/100 slp|[silent]
|
|-weather|Snowscape|[upkeep]
|-damage|p2a: Dondozo|88/100 slp|[from] item: Black Sludge
|upkeep
|turn|40
|
|t:|1758290915
|switch|p1a: Slowking|Slowking-Galar, F|76/100
|-damage|p1a: Slowking|63/100|[from] Stealth Rock
|switch|p2a: Zamazenta|Zamazenta|20/100 tox
|
|-weather|Snowscape|[upkeep]
|-damage|p2a: Zamazenta|14/100 tox|[from] psn
|upkeep
|turn|41
|
|t:|1758290920
|switch|p1a: Alomomola|Alomomola, M|100/100
|-damage|p1a: Alomomola|88/100|[from] Stealth Rock
|move|p2a: Zamazenta|Stone Edge|p1a: Alomomola
|-damage|p1a: Alomomola|50/100
|
|-weather|Snowscape|[upkeep]
|-damage|p2a: Zamazenta|2/100 tox|[from] psn
|upkeep
|turn|42
|
|t:|1758290925
|switch|p1a: Salamence|Salamence, F, tera:Steel|96/100
|-ability|p1a: Salamence|Intimidate|boost
|-unboost|p2a: Zamazenta|atk|1
|move|p2a: Zamazenta|Stone Edge|p1a: Salamence|[miss]
|-miss|p2a: Zamazenta|p1a: Salamence
|
|-weather|Snowscape|[upkeep]
|-damage|p2a: Zamazenta|0 fnt|[from] psn
|faint|p2a: Zamazenta
|upkeep
|
|t:|1758290930
|switch|p2a: Barraskewda|Barraskewda, F|100/100
|turn|43
|
|t:|1758290937
|switch|p1a: Regice|Regice|73/100
|move|p2a: Barraskewda|Close Combat|p1a: Regice
|-supereffective|p1a: Regice
|-damage|p1a: Regice|0 fnt
|-unboost|p2a: Barraskewda|def|1
|-unboost|p2a: Barraskewda|spd|1
|faint|p1a: Regice
|
|-weather|none
|upkeep
|
|t:|1758290947
|switch|p1a: Slowking|Slowking-Galar, F|97/100
|-damage|p1a: Slowking|84/100|[from] Stealth Rock
|turn|44
|
|t:|1758290949
|switch|p2a: Pelipper|Pelipper, F|100/100
|-weather|RainDance|[from] ability: Drizzle|[of] p2a: Pelipper
|-prepare|p1a: Slowking|Chilly Reception|[premajor]
|move|p1a: Slowking|Chilly Reception|p1a: Slowking
|-weather|Snowscape
|
|t:|1758290952
|switch|p1a: Cinderace|Cinderace, F|100/100|[from] Chilly Reception
|
|-weather|Snowscape|[upkeep]
|upkeep
|turn|45
|
|t:|1758290956
|move|p1a: Cinderace|Court Change|p1a: Cinderace
|-swapsideconditions
|-activate|p1a: Cinderace|move: Court Change
|move|p2a: Pelipper|Hydro Pump|p1a: Cinderace
|-supereffective|p1a: Cinderace
|-damage|p1a: Cinderace|18/100
|
|-weather|Snowscape|[upkeep]
|upkeep
|turn|46
|
|t:|1758290960
|move|p1a: Cinderace|U-turn|p2a: Pelipper
|-resisted|p2a: Pelipper
|-damage|p2a: Pelipper|94/100
|
|t:|1758290962
|switch|p1a: Alomomola|Alomomola, M|83/100|[from] U-turn
|move|p2a: Pelipper|U-turn|p1a: Alomomola
|-damage|p1a: Alomomola|76/100
|
|t:|1758290967
|switch|p2a: Barraskewda|Barraskewda, F|100/100|[from] U-turn
|-damage|p2a: Barraskewda|88/100|[from] Stealth Rock
|
|-weather|Snowscape|[upkeep]
|upkeep
|turn|47
|
|t:|1758290970
|move|p2a: Barraskewda|Close Combat|p1a: Alomomola
|-damage|p1a: Alomomola|24/100
|-unboost|p2a: Barraskewda|def|1
|-unboost|p2a: Barraskewda|spd|1
|move|p1a: Alomomola|Flip Turn|p2a: Barraskewda
|-resisted|p2a: Barraskewda
|-crit|p2a: Barraskewda
|-damage|p2a: Barraskewda|39/100
|
|t:|1758290975
|switch|p1a: Slowking|Slowking-Galar, F|100/100|[from] Flip Turn
|
|-weather|Snowscape|[upkeep]
|upkeep
|turn|48
|
|t:|1758290978
|switch|p2a: Pelipper|Pelipper, F|94/100
|-damage|p2a: Pelipper|69/100|[from] Stealth Rock
|-weather|RainDance|[from] ability: Drizzle|[of] p2a: Pelipper
|-prepare|p1a: Slowking|Chilly Reception|[premajor]
|move|p1a: Slowking|Chilly Reception|p1a: Slowking
|-weather|Snowscape
|
|t:|1758290981
|switch|p1a: Alomomola|Alomomola, M|57/100|[from] Chilly Reception
|
|-weather|Snowscape|[upkeep]
|upkeep
|turn|49
|
|t:|1758290985
|move|p1a: Alomomola|Flip Turn|p2a: Pelipper
|-resisted|p2a: Pelipper
|-damage|p2a: Pelipper|60/100
|
|t:|1758290989
|switch|p1a: Slowking|Slowking-Galar, F|100/100|[from] Flip Turn
|move|p2a: Pelipper|Hurricane|p1a: Slowking
|-damage|p1a: Slowking|72/100
|-start|p1a: Slowking|confusion
|
|-weather|Snowscape|[upkeep]
|upkeep
|turn|50
|
|t:|1758290992
|switch|p1a: Alomomola|Alomomola, M|91/100
|move|p2a: Pelipper|Hydro Pump|p1a: Alomomola
|-resisted|p1a: Alomomola
|-damage|p1a: Alomomola|80/100
|
|-weather|Snowscape|[upkeep]
|upkeep
|turn|51
|
|t:|1758290995
|move|p2a: Pelipper|Hurricane|p1a: Alomomola
|-damage|p1a: Alomomola|58/100
|move|p1a: Alomomola|Flip Turn|p2a: Pelipper
|-resisted|p2a: Pelipper
|-damage|p2a: Pelipper|50/100
|
|t:|1758291005
|switch|p1a: Slowking|Slowking-Galar, F|100/100|[from] Flip Turn
|
|-weather|Snowscape|[upkeep]
|upkeep
|turn|52
|
|t:|1758291008
|move|p2a: Pelipper|Roost|p2a: Pelipper
|-heal|p2a: Pelipper|100/100
|-singleturn|p2a: Pelipper|move: Roost
|-prepare|p1a: Slowking|Chilly Reception|[premajor]
|move|p1a: Slowking|Chilly Reception|p1a: Slowking
|
|t:|1758291018
|switch|p1a: Alomomola|Alomomola, M|91/100|[from] Chilly Reception
|
|-weather|none
|upkeep
|turn|53
|
|t:|1758291040
|move|p2a: Pelipper|Hurricane|p1a: Alomomola|[miss]
|-miss|p2a: Pelipper|p1a: Alomomola
|move|p1a: Alomomola|Flip Turn|p2a: Pelipper
|-resisted|p2a: Pelipper
|-damage|p2a: Pelipper|92/100
|
|t:|1758291044
|switch|p1a: Slowking|Slowking-Galar, F|100/100|[from] Flip Turn
|
|upkeep
|turn|54
|inactive|tomatoparis has 120 seconds left.
|inactive|tomatoparis has 90 seconds left.
|
|t:|1758291126
|move|p2a: Pelipper|Hydro Pump|p1a: Slowking
|-damage|p1a: Slowking|69/100
|move|p1a: Slowking|Toxic|p2a: Pelipper
|-status|p2a: Pelipper|tox
|
|-damage|p2a: Pelipper|86/100 tox|[from] psn
|upkeep
|turn|55
|
|t:|1758291132
|move|p2a: Pelipper|Hydro Pump|p1a: Slowking
|-damage|p1a: Slowking|38/100
|-prepare|p1a: Slowking|Chilly Reception|[premajor]
|move|p1a: Slowking|Chilly Reception|p1a: Slowking
|-weather|Snowscape
|
|t:|1758291135
|switch|p1a: Alomomola|Alomomola, M|100/100|[from] Chilly Reception
|
|-weather|Snowscape|[upkeep]
|-damage|p2a: Pelipper|74/100 tox|[from] psn
|upkeep
|turn|56
|
|t:|1758291140
|move|p2a: Pelipper|Hurricane|p1a: Alomomola|[miss]
|-miss|p2a: Pelipper|p1a: Alomomola
|move|p1a: Alomomola|Flip Turn|p2a: Pelipper
|-resisted|p2a: Pelipper
|-crit|p2a: Pelipper
|-damage|p2a: Pelipper|60/100 tox
|
|t:|1758291143
|switch|p1a: Slowking|Slowking-Galar, F|71/100|[from] Flip Turn
|
|-weather|Snowscape|[upkeep]
|-damage|p2a: Pelipper|42/100 tox|[from] psn
|upkeep
|turn|57
|inactive|tomatoparis has 90 seconds left.
|l|☆tomatoparis
|inactive|tomatoparis disconnected and has a minute to reconnect!
|player|p2|
|inactive|tomatoparis has 30 seconds to reconnect!
|inactive|tomatoparis has 20 seconds to reconnect!
|inactive|tomatoparis has 15 seconds to reconnect!
|inactive|tomatoparis has 10 seconds to reconnect!
|inactive|tomatoparis has 5 seconds to reconnect!
|-message|tomatoparis lost due to inactivity.
|
|win|PepsiEnby
|raw|PepsiEnby's rating: 1665 &rarr; <strong>1681</strong><br />(+16 for winning)
|raw|tomatoparis's rating: 1589 &rarr; <strong>1573</strong><br />(-16 for losing)
