|j|☆timmypokemascool
|j|☆slowbro named paul
|t:|1758291755
|gametype|singles
|player|p1|timmypokemascool|1|1176
|player|p2|slowbro named paul|skierf|1224
|gen|9
|tier|[Gen 9] OU
|rated|
|rule|HP Percentage Mod: HP is shown in percentages
|rule|Endless Battle Clause: Forcing endless battles is banned
|rule|Species Clause: Limit one of each Pokémon
|rule|OHKO Clause: OHKO moves are banned
|rule|Evasion Items Clause: Evasion items are banned
|rule|Evasion Moves Clause: Evasion moves are banned
|rule|Evasion Abilities Clause: Evasion abilities are banned
|rule|Sleep Moves Clause: Sleep-inducing moves are banned
|clearpoke
|poke|p1|Dragonite, F|
|poke|p1|Zamazenta-*|
|poke|p1|Landorus-Therian, M|
|poke|p1|Gholdengo|
|poke|p1|Darkrai|
|poke|p1|Hatterene, F|
|poke|p2|Hatterene, F|
|poke|p2|Landorus-Therian, M|
|poke|p2|Kyurem|
|poke|p2|Polteageist|
|poke|p2|Tentacruel, F|
|poke|p2|Incineroar, F|
|teampreview
|inactive|Battle timer is ON: inactive players will automatically lose when time's up. (requested by slowbro named paul)
|
|t:|1758291775
|teamsize|p1|6
|teamsize|p2|6
|start
|switch|p1a: Landorus|Landorus-Therian, M|100/100
|switch|p2a: Tony the Tiger|Incineroar, F|100/100
|-ability|p1a: Landorus|Intimidate|boost
|-unboost|p2a: Tony the Tiger|atk|1
|-ability|p2a: Tony the Tiger|Intimidate|boost
|-unboost|p1a: Landorus|atk|1
|turn|1
|
|t:|1758291782
|switch|p2a: Morgan|Hatterene, F, shiny|100/100
|move|p1a: Landorus|Stealth Rock|p2a: Morgan
|move|p2a: Morgan|Stealth Rock|p1a: Landorus|[from] ability: Magic Bounce
|-sidestart|p1: timmypokemascool|move: Stealth Rock
|
|upkeep
|turn|2
|
|t:|1758291799
|move|p1a: Landorus|Taunt|p2a: Morgan
|move|p2a: Morgan|Taunt|p1a: Landorus|[from] ability: Magic Bounce
|-start|p1a: Landorus|move: Taunt
|move|p2a: Morgan|Psychic Noise|p1a: Landorus
|-crit|p1a: Landorus
|-damage|p1a: Landorus|35/100
|-start|p1a: Landorus|move: Heal Block
|
|upkeep
|turn|3
|
|t:|1758291814
|move|p1a: Landorus|U-turn|p2a: Morgan
|-damage|p2a: Morgan|83/100
|
|t:|1758291830
|switch|p1a: Gholdengo|Gholdengo|100/100|[from] U-turn
|-damage|p1a: Gholdengo|94/100|[from] Stealth Rock
|move|p2a: Morgan|Draining Kiss|p1a: Gholdengo
|-resisted|p1a: Gholdengo
|-damage|p1a: Gholdengo|79/100
|-heal|p2a: Morgan|96/100|[from] drain|[of] p1a: Gholdengo
|
|upkeep
|turn|4
|
|t:|1758291838
|-terastallize|p2a: Morgan|Fire
|move|p1a: Gholdengo|Nasty Plot|p1a: Gholdengo
|-boost|p1a: Gholdengo|spa|2
|move|p2a: Morgan|Mystical Fire|p1a: Gholdengo
|-supereffective|p1a: Gholdengo
|-damage|p1a: Gholdengo|0 fnt
|faint|p1a: Gholdengo
|
|upkeep
|inactive|timmypokemascool has 120 seconds left.
|
|t:|1758291857
|switch|p1a: Landorus|Landorus-Therian, M|35/100
|-damage|p1a: Landorus|22/100|[from] Stealth Rock
|-ability|p1a: Landorus|Intimidate|boost
|-unboost|p2a: Morgan|atk|1
|turn|5
|
|t:|1758291862
|switch|p2a: Garfield|Landorus-Therian, M|100/100
|-ability|p2a: Garfield|Intimidate|boost
|-unboost|p1a: Landorus|atk|1
|move|p1a: Landorus|Earthquake|p2a: Garfield
|-immune|p2a: Garfield
|
|upkeep
|turn|6
|
|t:|1758291871
|move|p1a: Landorus|Taunt|p2a: Garfield
|-start|p2a: Garfield|move: Taunt
|cant|p2a: Garfield|move: Taunt|Taunt
|
|upkeep
|turn|7
|
|t:|1758291881
|switch|p2a: Morgan|Hatterene, F, shiny, tera:Fire|96/100
|move|p1a: Landorus|Stealth Rock|p2a: Morgan
|move|p2a: Morgan|Stealth Rock||[from] ability: Magic Bounce|[still]
|-fail|p2a: Morgan
|
|upkeep
|turn|8
|-message|timmypokemascool forfeited.
|
|win|slowbro named paul
|raw|timmypokemascool's rating: 1176 &rarr; <strong>1154</strong><br />(-22 for losing)
|raw|slowbro named paul's rating: 1224 &rarr; <strong>1246</strong><br />(+22 for winning)
|l|☆timmypokemascool
|player|p1|
