|j|☆6quesitomx9
|j|☆Lotus Mountain
|t:|1758336552
|gametype|singles
|player|p1|6quesitomx9|preschoolerf|1136
|player|p2|Lotus Mountain|steven|1136
|gen|9
|tier|[Gen 9] OU
|rated|
|rule|HP Percentage Mod: HP is shown in percentages
|rule|Endless Battle Clause: Forcing endless battles is banned
|rule|Species Clause: Limit one of each Pokémon
|rule|OHKO Clause: OHKO moves are banned
|rule|Evasion Items Clause: Evasion items are banned
|rule|Evasion Moves Clause: Evasion moves are banned
|rule|Evasion Abilities Clause: Evasion abilities are banned
|rule|Sleep Moves Clause: Sleep-inducing moves are banned
|clearpoke
|poke|p1|Skeledirge, M|
|poke|p1|Iron Valiant|
|poke|p1|Regigigas|
|poke|p1|Great Tusk|
|poke|p1|Glimmora, M|
|poke|p1|Moltres-Galar|
|poke|p2|Samurott-Hisui, F|
|poke|p2|Chansey, F|
|poke|p2|Dondozo, M|
|poke|p2|Hoopa-Unbound|
|poke|p2|Dragonite, M|
|poke|p2|Rotom-Wash|
|teampreview
|inactive|Battle timer is ON: inactive players will automatically lose when time's up. (requested by 6quesitomx9)
|
|t:|1758336562
|teamsize|p1|6
|teamsize|p2|6
|start
|switch|p1a: Ohyea|Glimmora, M|100/100
|switch|p2a: Samurott|Samurott-Hisui, F|100/100
|turn|1
|
|t:|1758336571
|move|p1a: Ohyea|Mortal Spin|p2a: Samurott
|-damage|p2a: Samurott|93/100
|-status|p2a: Samurott|psn
|-damage|p1a: Ohyea|84/100|[from] item: Rocky Helmet|[of] p2a: Samurott
|move|p2a: Samurott|Aqua Cutter|p1a: Ohyea
|-supereffective|p1a: Ohyea
|-damage|p1a: Ohyea|0 fnt
|-activate|p1a: Ohyea|ability: Toxic Debris
|-sidestart|p2: Lotus Mountain|move: Toxic Spikes
|faint|p1a: Ohyea
|
|-damage|p2a: Samurott|80/100 psn|[from] psn
|upkeep
|
|t:|1758336582
|switch|p1a: Th|Great Tusk|100/100
|turn|2
|
|t:|1758336591
|switch|p2a: Rotom|Rotom-Wash|100/100
|move|p1a: Th|Headlong Rush|p2a: Rotom
|-immune|p2a: Rotom|[from] ability: Levitate
|
|-status|p2a: Rotom|brn|[from] item: Flame Orb
|upkeep
|turn|3
|
|t:|1758336600
|move|p1a: Th|Stealth Rock|p2a: Rotom
|-sidestart|p2: Lotus Mountain|move: Stealth Rock
|move|p2a: Rotom|Trick|p1a: Th
|-activate|p2a: Rotom|move: Trick|[of] p1a: Th
|-item|p1a: Th|Flame Orb|[from] move: Trick
|-item|p2a: Rotom|Heavy-Duty Boots|[from] move: Trick
|
|-damage|p2a: Rotom|94/100 brn|[from] brn
|-status|p1a: Th|brn|[from] item: Flame Orb
|upkeep
|turn|4
|
|t:|1758336622
|move|p1a: Th|Rapid Spin|p2a: Rotom
|-damage|p2a: Rotom|84/100 brn
|-boost|p1a: Th|spe|1
|move|p2a: Rotom|Hex|p1a: Th
|-damage|p1a: Th|38/100 brn
|
|-damage|p1a: Th|31/100 brn|[from] brn
|-damage|p2a: Rotom|78/100 brn|[from] brn
|upkeep
|turn|5
|inactive|6quesitomx9 has 120 seconds left.
|
|t:|1758336662
|move|p1a: Th|Rapid Spin|p2a: Rotom
|-damage|p2a: Rotom|67/100 brn
|-boost|p1a: Th|spe|1
|move|p2a: Rotom|Tera Blast|p1a: Th
|-damage|p1a: Th|0 fnt
|faint|p1a: Th
|-end|p1a: Th|Protosynthesis|[silent]
|
|-damage|p2a: Rotom|61/100 brn|[from] brn
|upkeep
|
|t:|1758336665
|switch|p1a: Singer|Skeledirge, M, shiny|100/100
|turn|6
|
|t:|1758336677
|-terastallize|p2a: Rotom|Water
|move|p2a: Rotom|Tera Blast|p1a: Singer|[anim] Tera Blast Water
|-supereffective|p1a: Singer
|-damage|p1a: Singer|25/100
|move|p1a: Singer|Hex|p2a: Rotom
|-damage|p2a: Rotom|8/100 brn
|
|-damage|p2a: Rotom|1/100 brn|[from] brn
|upkeep
|turn|7
|
|t:|1758336688
|move|p2a: Rotom|Tera Blast|p1a: Singer|[anim] Tera Blast Water
|-supereffective|p1a: Singer
|-damage|p1a: Singer|0 fnt
|faint|p1a: Singer
|
|-damage|p2a: Rotom|0 fnt|[from] brn
|faint|p2a: Rotom
|upkeep
|
|t:|1758336696
|switch|p2a: Dragonite|Dragonite, M|100/100
|switch|p1a: Bigbird|Moltres-Galar|100/100
|-damage|p2a: Dragonite|75/100|[from] Stealth Rock
|turn|8
|
|t:|1758336704
|move|p1a: Bigbird|Agility|p1a: Bigbird
|-boost|p1a: Bigbird|spe|2
|move|p2a: Dragonite|Dragon Dance|p2a: Dragonite
|-boost|p2a: Dragonite|atk|1
|-boost|p2a: Dragonite|spe|1
|
|-heal|p2a: Dragonite|82/100|[from] item: Leftovers
|upkeep
|turn|9
|inactive|6quesitomx9 has 120 seconds left.
|
|t:|1758336715
|-terastallize|p1a: Bigbird|Ghost
|move|p1a: Bigbird|Fiery Wrath|p2a: Dragonite
|-damage|p2a: Dragonite|39/100
|move|p2a: Dragonite|Dragon Dance|p2a: Dragonite
|-boost|p2a: Dragonite|atk|1
|-boost|p2a: Dragonite|spe|1
|
|-heal|p2a: Dragonite|45/100|[from] item: Leftovers
|upkeep
|turn|10
|inactive|6quesitomx9 has 120 seconds left.
|
|t:|1758336723
|move|p1a: Bigbird|Fiery Wrath|p2a: Dragonite
|-damage|p2a: Dragonite|0 fnt
|faint|p2a: Dragonite
|
|upkeep
|
|t:|1758336735
|switch|p2a: Samurott|Samurott-Hisui, F|80/100 psn
|-damage|p2a: Samurott|68/100 psn|[from] Stealth Rock
|turn|11
|
|t:|1758336741
|move|p1a: Bigbird|Hurricane|p2a: Samurott
|-damage|p2a: Samurott|0 fnt
|faint|p2a: Samurott
|
|upkeep
|
|t:|1758336751
|switch|p2a: Hoopa|Hoopa-Unbound|100/100
|-status|p2a: Hoopa|psn
|-damage|p2a: Hoopa|88/100 psn|[from] Stealth Rock
|turn|12
|c|☆6quesitomx9|Big Bird
|
|t:|1758336758
|move|p1a: Bigbird|Fiery Wrath|p2a: Hoopa
|-damage|p2a: Hoopa|52/100 psn
|move|p2a: Hoopa|Dark Pulse|p1a: Bigbird
|-supereffective|p1a: Bigbird
|-enditem|p1a: Bigbird|Focus Sash
|-damage|p1a: Bigbird|1/100
|-ability|p1a: Bigbird|Berserk|boost
|-boost|p1a: Bigbird|spa|1
|-damage|p2a: Hoopa|42/100 psn|[from] item: Life Orb
|
|-damage|p2a: Hoopa|30/100 psn|[from] psn
|upkeep
|turn|13
|
|t:|1758336773
|move|p1a: Bigbird|Hurricane|p2a: Hoopa
|-damage|p2a: Hoopa|0 fnt
|faint|p2a: Hoopa
|
|upkeep
|
|t:|1758336778
|switch|p2a: Dondozo|Dondozo, M|100/100
|-status|p2a: Dondozo|psn
|-damage|p2a: Dondozo|88/100 psn|[from] Stealth Rock
|turn|14
|
|t:|1758336785
|move|p1a: Bigbird|Fiery Wrath|p2a: Dondozo
|-damage|p2a: Dondozo|50/100 psn
|move|p2a: Dondozo|Waterfall|p1a: Bigbird
|-damage|p1a: Bigbird|0 fnt
|faint|p1a: Bigbird
|
|-damage|p2a: Dondozo|37/100 psn|[from] psn
|upkeep
|
|t:|1758336790
|switch|p1a: Gallarde|Iron Valiant|100/100
|-enditem|p1a: Gallarde|Booster Energy
|-activate|p1a: Gallarde|ability: Quark Drive|[fromitem]
|-start|p1a: Gallarde|quarkdrivespe
|turn|15
|
|t:|1758336796
|move|p1a: Gallarde|Close Combat|p2a: Dondozo
|-damage|p2a: Dondozo|2/100 psn
|-unboost|p1a: Gallarde|def|1
|-unboost|p1a: Gallarde|spd|1
|move|p2a: Dondozo|Heavy Slam|p1a: Gallarde
|-supereffective|p1a: Gallarde
|-crit|p1a: Gallarde
|-damage|p1a: Gallarde|0 fnt
|faint|p1a: Gallarde
|-end|p1a: Gallarde|Quark Drive|[silent]
|
|-damage|p2a: Dondozo|0 fnt|[from] psn
|faint|p2a: Dondozo
|upkeep
|
|t:|1758336806
|switch|p1a: Buh|Regigigas, shiny|100/100
|switch|p2a: Chansey|Chansey, F|100/100
|-start|p1a: Buh|ability: Slow Start
|-status|p2a: Chansey|psn
|-damage|p2a: Chansey|88/100 psn|[from] Stealth Rock
|turn|16
|
|t:|1758336815
|move|p2a: Chansey|Thunder Wave|p1a: Buh
|-status|p1a: Buh|par
|move|p1a: Buh|Body Slam|p2a: Chansey
|-damage|p2a: Chansey|68/100 psn
|
|-damage|p2a: Chansey|55/100 psn|[from] psn
|upkeep
|turn|17
|
|t:|1758336823
|move|p2a: Chansey|Charm|p1a: Buh
|-unboost|p1a: Buh|atk|2
|cant|p1a: Buh|par
|
|-damage|p2a: Chansey|43/100 psn|[from] psn
|upkeep
|turn|18
|
|t:|1758336839
|move|p2a: Chansey|Seismic Toss|p1a: Buh
|-damage|p1a: Buh|77/100 par
|move|p1a: Buh|Body Slam|p2a: Chansey
|-damage|p2a: Chansey|33/100 psn
|
|-heal|p1a: Buh|83/100 par|[from] item: Leftovers
|-damage|p2a: Chansey|20/100 psn|[from] psn
|upkeep
|turn|19
|
|t:|1758336848
|move|p2a: Chansey|Seismic Toss|p1a: Buh
|-damage|p1a: Buh|59/100 par
|move|p1a: Buh|Rest|p1a: Buh
|-status|p1a: Buh|slp|[from] move: Rest
|-heal|p1a: Buh|100/100 slp|[silent]
|
|-damage|p2a: Chansey|8/100 psn|[from] psn
|upkeep
|turn|20
|-message|Lotus Mountain forfeited.
|
|win|6quesitomx9
|raw|6quesitomx9's rating: 1136 &rarr; <strong>1161</strong><br />(+25 for winning)
|raw|Lotus Mountain's rating: 1136 &rarr; <strong>1111</strong><br />(-25 for losing)
|l|☆Lotus Mountain
|player|p2|
|l|☆6quesitomx9
|player|p1|
