|j|☆the goobchamponing
|j|☆frankjob
|t:|1758358322
|gametype|singles
|player|p1|the goobchamponing|koga|1489
|player|p2|frankjob|cheren|1469
|gen|9
|tier|[Gen 9] OU
|rated|
|rule|HP Percentage Mod: HP is shown in percentages
|rule|Endless Battle Clause: Forcing endless battles is banned
|rule|Species Clause: Limit one of each Pokémon
|rule|OHKO Clause: OHKO moves are banned
|rule|Evasion Items Clause: Evasion items are banned
|rule|Evasion Moves Clause: Evasion moves are banned
|rule|Evasion Abilities Clause: Evasion abilities are banned
|rule|Sleep Moves Clause: Sleep-inducing moves are banned
|clearpoke
|poke|p1|Ting-Lu|
|poke|p1|Ogerpon-Wellspring, F|
|poke|p1|Gholdengo|
|poke|p1|Moltres|
|poke|p1|Primarina, F|
|poke|p1|Dragapult, M|
|poke|p2|Ursaluna, F|
|poke|p2|Carbink|
|poke|p2|Cresselia, F|
|poke|p2|Kingambit, F|
|poke|p2|Hatterene, F|
|poke|p2|Raging Bolt|
|teampreview
|inactive|Battle timer is ON: inactive players will automatically lose when time's up. (requested by the goobchamponing)
|
|t:|1758358330
|teamsize|p1|6
|teamsize|p2|6
|start
|switch|p1a: Ting-Lu|Ting-Lu|100/100
|switch|p2a: Carbink|Carbink|100/100
|-ability|p1a: Ting-Lu|Vessel of Ruin
|turn|1
|
|t:|1758358337
|move|p1a: Ting-Lu|Stealth Rock|p2a: Carbink
|-sidestart|p2: frankjob|move: Stealth Rock
|move|p2a: Carbink|Trick Room|p2a: Carbink
|-fieldstart|move: Trick Room|[of] p2a: Carbink
|
|upkeep
|turn|2
|
|t:|1758358341
|move|p2a: Carbink|Stealth Rock|p1a: Ting-Lu
|-sidestart|p1: the goobchamponing|move: Stealth Rock
|move|p1a: Ting-Lu|Ruination|p2a: Carbink|[miss]
|-miss|p1a: Ting-Lu|p2a: Carbink
|
|upkeep
|turn|3
|
|t:|1758358348
|move|p2a: Carbink|Spikes|p1a: Ting-Lu
|-sidestart|p1: the goobchamponing|Spikes
|move|p1a: Ting-Lu|Earthquake|p2a: Carbink
|-supereffective|p2a: Carbink
|-crit|p2a: Carbink
|-damage|p2a: Carbink|20/100
|
|upkeep
|turn|4
|
|t:|1758358353
|move|p2a: Carbink|Misty Explosion|p1a: Ting-Lu
|-supereffective|p1a: Ting-Lu
|-damage|p1a: Ting-Lu|83/100
|faint|p2a: Carbink
|move|p1a: Ting-Lu|Earthquake|p2: Carbink|[notarget]
|-fail|p1a: Ting-Lu
|
|-heal|p1a: Ting-Lu|89/100|[from] item: Leftovers
|upkeep
|
|t:|1758358367
|switch|p2a: Ursaluna|Ursaluna, F|100/100
|-damage|p2a: Ursaluna|94/100|[from] Stealth Rock
|turn|5
|
|t:|1758358372
|move|p2a: Ursaluna|Ice Punch|p1a: Ting-Lu
|-supereffective|p1a: Ting-Lu
|-damage|p1a: Ting-Lu|55/100
|move|p1a: Ting-Lu|Ruination|p2a: Ursaluna
|-damage|p2a: Ursaluna|47/100
|
|-heal|p1a: Ting-Lu|61/100|[from] item: Leftovers
|-fieldend|move: Trick Room
|-status|p2a: Ursaluna|brn|[from] item: Flame Orb
|upkeep
|turn|6
|
|t:|1758358394
|switch|p2a: Cresselia|Cresselia, F|100/100
|-damage|p2a: Cresselia|88/100|[from] Stealth Rock
|move|p1a: Ting-Lu|Earthquake|p2a: Cresselia
|-immune|p2a: Cresselia|[from] ability: Levitate
|
|-heal|p1a: Ting-Lu|67/100|[from] item: Leftovers
|upkeep
|turn|7
|
|t:|1758358404
|move|p2a: Cresselia|Ice Beam|p1a: Ting-Lu
|-supereffective|p1a: Ting-Lu
|-damage|p1a: Ting-Lu|54/100
|move|p1a: Ting-Lu|Whirlwind|p2a: Cresselia
|drag|p2a: Ursaluna|Ursaluna, F|47/100 brn
|-damage|p2a: Ursaluna|41/100 brn|[from] Stealth Rock
|
|-heal|p1a: Ting-Lu|60/100|[from] item: Leftovers
|-damage|p2a: Ursaluna|35/100 brn|[from] brn
|upkeep
|turn|8
|
|t:|1758358414
|switch|p2a: Cresselia|Cresselia, F|88/100
|-damage|p2a: Cresselia|76/100|[from] Stealth Rock
|move|p1a: Ting-Lu|Ruination|p2a: Cresselia
|-damage|p2a: Cresselia|38/100
|
|-heal|p1a: Ting-Lu|67/100|[from] item: Leftovers
|upkeep
|turn|9
|
|t:|1758358424
|move|p2a: Cresselia|Ice Beam|p1a: Ting-Lu
|-supereffective|p1a: Ting-Lu
|-damage|p1a: Ting-Lu|51/100
|move|p1a: Ting-Lu|Whirlwind|p2a: Cresselia
|drag|p2a: Raging Bolt|Raging Bolt|100/100
|-damage|p2a: Raging Bolt|88/100|[from] Stealth Rock
|-enditem|p2a: Raging Bolt|Booster Energy
|-activate|p2a: Raging Bolt|ability: Protosynthesis|[fromitem]
|-start|p2a: Raging Bolt|protosynthesisspa
|
|-heal|p1a: Ting-Lu|57/100|[from] item: Leftovers
|upkeep
|turn|10
|
|t:|1758358441
|-end|p2a: Raging Bolt|Protosynthesis|[silent]
|switch|p2a: Cresselia|Cresselia, F|38/100
|-damage|p2a: Cresselia|26/100|[from] Stealth Rock
|move|p1a: Ting-Lu|Earthquake|p2a: Cresselia
|-immune|p2a: Cresselia|[from] ability: Levitate
|
|-heal|p1a: Ting-Lu|64/100|[from] item: Leftovers
|upkeep
|turn|11
|
|t:|1758358449
|move|p2a: Cresselia|Ice Beam|p1a: Ting-Lu
|-supereffective|p1a: Ting-Lu
|-damage|p1a: Ting-Lu|50/100
|-status|p1a: Ting-Lu|frz
|-curestatus|p1a: Ting-Lu|frz|[msg]
|move|p1a: Ting-Lu|Whirlwind|p2a: Cresselia
|drag|p2a: Kingambit|Kingambit, F|100/100
|-damage|p2a: Kingambit|94/100|[from] Stealth Rock
|-activate|p2a: Kingambit|ability: Supreme Overlord
|-start|p2a: Kingambit|fallen1|[silent]
|
|-heal|p1a: Ting-Lu|56/100|[from] item: Leftovers
|upkeep
|turn|12
|
|t:|1758358464
|-terastallize|p2a: Kingambit|Flying
|move|p1a: Ting-Lu|Earthquake|p2a: Kingambit
|-immune|p2a: Kingambit
|move|p2a: Kingambit|Low Kick|p1a: Ting-Lu
|-supereffective|p1a: Ting-Lu
|-damage|p1a: Ting-Lu|0 fnt
|faint|p1a: Ting-Lu
|
|upkeep
|
|t:|1758358469
|switch|p1a: Moltres|Moltres|100/100
|turn|13
|
|t:|1758358478
|move|p1a: Moltres|Flamethrower|p2a: Kingambit
|-damage|p2a: Kingambit|58/100
|move|p2a: Kingambit|Kowtow Cleave|p1a: Moltres
|-damage|p1a: Moltres|52/100
|-status|p2a: Kingambit|brn|[from] ability: Flame Body|[of] p1a: Moltres
|
|-damage|p2a: Kingambit|52/100 brn|[from] brn
|upkeep
|turn|14
|
|t:|1758358488
|move|p1a: Moltres|Roost|p1a: Moltres
|-heal|p1a: Moltres|100/100
|-singleturn|p1a: Moltres|move: Roost
|move|p2a: Kingambit|Kowtow Cleave|p1a: Moltres
|-damage|p1a: Moltres|79/100
|
|-damage|p2a: Kingambit|46/100 brn|[from] brn
|upkeep
|turn|15
|
|t:|1758358504
|-end|p2a: Kingambit|fallen1|[silent]
|switch|p2a: Raging Bolt|Raging Bolt|88/100
|-damage|p2a: Raging Bolt|76/100|[from] Stealth Rock
|move|p1a: Moltres|Flamethrower|p2a: Raging Bolt
|-resisted|p2a: Raging Bolt
|-damage|p2a: Raging Bolt|60/100
|
|upkeep
|turn|16
|
|t:|1758358511
|move|p1a: Moltres|U-turn|p2a: Raging Bolt
|-damage|p2a: Raging Bolt|47/100
|
|t:|1758358513
|switch|p1a: Primarina|Primarina, F|100/100|[from] U-turn
|move|p2a: Raging Bolt|Volt Switch|p1a: Primarina
|-supereffective|p1a: Primarina
|-damage|p1a: Primarina|31/100
|
|t:|1758358524
|-end|p2a: Raging Bolt|Protosynthesis|[silent]
|switch|p2a: Cresselia|Cresselia, F|26/100|[from] Volt Switch
|-damage|p2a: Cresselia|13/100|[from] Stealth Rock
|
|upkeep
|turn|17
|
|t:|1758358528
|move|p1a: Primarina|Surf|p2a: Cresselia
|-damage|p2a: Cresselia|0 fnt
|faint|p2a: Cresselia
|
|upkeep
|
|t:|1758358532
|switch|p2a: Raging Bolt|Raging Bolt|47/100
|-damage|p2a: Raging Bolt|35/100|[from] Stealth Rock
|turn|18
|
|t:|1758358537
|move|p2a: Raging Bolt|Thunderclap||[still]
|-fail|p2a: Raging Bolt
|move|p1a: Primarina|Calm Mind|p1a: Primarina
|-boost|p1a: Primarina|spa|1
|-boost|p1a: Primarina|spd|1
|
|upkeep
|turn|19
|
|t:|1758358543
|-end|p2a: Raging Bolt|Protosynthesis|[silent]
|switch|p2a: Hatterene|Hatterene, F|100/100
|-damage|p2a: Hatterene|88/100|[from] Stealth Rock
|move|p1a: Primarina|Draining Kiss|p2a: Hatterene
|-damage|p2a: Hatterene|55/100
|-heal|p1a: Primarina|54/100|[from] drain|[of] p2a: Hatterene
|
|upkeep
|turn|20
|
|t:|1758358550
|move|p1a: Primarina|Surf|p2a: Hatterene
|-damage|p2a: Hatterene|0 fnt
|faint|p2a: Hatterene
|
|upkeep
|-message|frankjob forfeited.
|
|win|the goobchamponing
|raw|the goobchamponing's rating: 1489 &rarr; <strong>1508</strong><br />(+19 for winning)
|raw|frankjob's rating: 1469 &rarr; <strong>1450</strong><br />(-19 for losing)
|l|☆frankjob
|player|p2|
