|j|☆KONGLIANG
|j|☆Degenerate Emo
|t:|1758371130
|gametype|singles
|player|p1|KONGLIANG|steven|1410
|player|p2|Degenerate Emo|ltsurge|1442
|gen|9
|tier|[Gen 9] OU
|rated|
|rule|HP Percentage Mod: HP is shown in percentages
|rule|Endless Battle Clause: Forcing endless battles is banned
|rule|Species Clause: Limit one of each Pokémon
|rule|OHKO Clause: OHKO moves are banned
|rule|Evasion Items Clause: Evasion items are banned
|rule|Evasion Moves Clause: Evasion moves are banned
|rule|Evasion Abilities Clause: Evasion abilities are banned
|rule|Sleep Moves Clause: Sleep-inducing moves are banned
|clearpoke
|poke|p1|Galvantula, F|
|poke|p1|Gallade, M|
|poke|p1|Terrakion|
|poke|p1|Basculegion-F, F|
|poke|p1|Bisharp, F|
|poke|p1|Volcanion|
|poke|p2|Indeedee, M|
|poke|p2|Polteageist|
|poke|p2|Glimmora, F|
|poke|p2|Dragonite, M|
|poke|p2|Iron Crown|
|poke|p2|Great Tusk|
|teampreview
|inactive|Battle timer is ON: inactive players will automatically lose when time's up. (requested by Degenerate Emo)
|
|t:|1758371170
|teamsize|p1|6
|teamsize|p2|6
|start
|switch|p1a: Gallade|Gallade, M|100/100
|switch|p2a: Glimmora|Glimmora, F|100/100
|turn|1
|
|t:|1758371174
|move|p2a: Glimmora|Stealth Rock|p1a: Gallade
|-sidestart|p1: KONGLIANG|move: Stealth Rock
|move|p1a: Gallade|Psycho Cut|p2a: Glimmora
|-supereffective|p2a: Glimmora
|-enditem|p2a: Glimmora|Focus Sash
|-damage|p2a: Glimmora|1/100
|-activate|p2a: Glimmora|ability: Toxic Debris
|-sidestart|p1: KONGLIANG|move: Toxic Spikes
|
|upkeep
|turn|2
|
|t:|1758371180
|move|p2a: Glimmora|Mortal Spin|p1a: Gallade
|-damage|p1a: Gallade|89/100
|-status|p1a: Gallade|psn
|-enditem|p1a: Gallade|Lum Berry|[eat]
|-curestatus|p1a: Gallade|psn|[msg]
|move|p1a: Gallade|Psycho Cut|p2a: Glimmora
|-supereffective|p2a: Glimmora
|-damage|p2a: Glimmora|0 fnt
|-activate|p2a: Glimmora|ability: Toxic Debris
|-sidestart|p1: KONGLIANG|move: Toxic Spikes
|faint|p2a: Glimmora
|
|upkeep
|
|t:|1758371190
|switch|p2a: Indeedee|Indeedee, M|100/100
|-fieldstart|move: Psychic Terrain|[from] ability: Psychic Surge|[of] p2a: Indeedee
|turn|3
|
|t:|1758371199
|switch|p1a: Bisharp|Bisharp, F|100/100
|-damage|p1a: Bisharp|94/100|[from] Stealth Rock
|move|p2a: Indeedee|Expanding Force|p1a: Bisharp
|-immune|p1a: Bisharp
|
|upkeep
|turn|4
|
|t:|1758371207
|move|p2a: Indeedee|Tera Blast|p1a: Bisharp
|-resisted|p1a: Bisharp
|-damage|p1a: Bisharp|76/100
|move|p1a: Bisharp|Low Kick|p2a: Indeedee
|-damage|p2a: Indeedee|55/100
|
|upkeep
|turn|5
|
|t:|1758371214
|move|p2a: Indeedee|Tera Blast|p1a: Bisharp
|-resisted|p1a: Bisharp
|-damage|p1a: Bisharp|55/100
|move|p1a: Bisharp|Iron Head|p2a: Indeedee
|-damage|p2a: Indeedee|0 fnt
|faint|p2a: Indeedee
|
|upkeep
|
|t:|1758371221
|switch|p2a: Polteageist|Polteageist|100/100
|turn|6
|
|t:|1758371228
|move|p2a: Polteageist|Shell Smash|p2a: Polteageist
|-unboost|p2a: Polteageist|def|1
|-unboost|p2a: Polteageist|spd|1
|-boost|p2a: Polteageist|atk|2
|-boost|p2a: Polteageist|spa|2
|-boost|p2a: Polteageist|spe|2
|move|p1a: Bisharp|Iron Head|p2a: Polteageist
|-enditem|p2a: Polteageist|Focus Sash
|-damage|p2a: Polteageist|1/100
|-ability|p2a: Polteageist|Weak Armor|boost
|-unboost|p2a: Polteageist|def|1
|-boost|p2a: Polteageist|spe|2
|
|upkeep
|turn|7
|
|t:|1758371233
|-terastallize|p2a: Polteageist|Fighting
|move|p1a: Bisharp|Sucker Punch|p2a: Polteageist
|-activate|p2a: Polteageist|move: Psychic Terrain
|move|p2a: Polteageist|Tera Blast|p1a: Bisharp|[anim] Tera Blast Fighting
|-supereffective|p1a: Bisharp
|-damage|p1a: Bisharp|0 fnt
|faint|p1a: Bisharp
|
|upkeep
|inactive|KONGLIANG has 120 seconds left.
|
|t:|1758371270
|switch|p1a: Volcanion|Volcanion|100/100
|-damage|p1a: Volcanion|76/100|[from] Stealth Rock
|-status|p1a: Volcanion|tox
|turn|8
|
|t:|1758371275
|move|p2a: Polteageist|Stored Power|p1a: Volcanion
|-damage|p1a: Volcanion|0 fnt
|faint|p1a: Volcanion
|
|upkeep
|
|t:|1758371282
|switch|p1a: Galvantula|Galvantula, F|100/100
|-damage|p1a: Galvantula|76/100|[from] Stealth Rock
|-status|p1a: Galvantula|tox
|turn|9
|
|t:|1758371287
|move|p2a: Polteageist|Shadow Ball|p1a: Galvantula
|-damage|p1a: Galvantula|0 fnt
|faint|p1a: Galvantula
|
|upkeep
|
|t:|1758371301
|switch|p1a: Terrakion|Terrakion|100/100
|-damage|p1a: Terrakion|94/100|[from] Stealth Rock
|-status|p1a: Terrakion|tox
|turn|10
|
|t:|1758371307
|-terastallize|p1a: Terrakion|Ghost
|move|p2a: Polteageist|Shadow Ball|p1a: Terrakion
|-supereffective|p1a: Terrakion
|-damage|p1a: Terrakion|0 fnt
|faint|p1a: Terrakion
|
|-fieldend|move: Psychic Terrain
|upkeep
|-message|KONGLIANG forfeited.
|
|win|Degenerate Emo
|raw|KONGLIANG's rating: 1410 &rarr; <strong>1392</strong><br />(-18 for losing)
|raw|Degenerate Emo's rating: 1442 &rarr; <strong>1460</strong><br />(+18 for winning)
|l|☆KONGLIANG
|player|p1|
|l|☆Degenerate Emo
|player|p2|
