|j|☆slowbro named paul
|j|☆BigBungusBong
|t:|1758274614
|gametype|singles
|player|p1|slowbro named paul|skierf|1354
|player|p2|BigBungusBong|blackbelt-gen4dp|1397
|gen|9
|tier|[Gen 9] OU
|rated|
|rule|HP Percentage Mod: HP is shown in percentages
|rule|Endless Battle Clause: Forcing endless battles is banned
|rule|Species Clause: Limit one of each Pokémon
|rule|OHKO Clause: OHKO moves are banned
|rule|Evasion Items Clause: Evasion items are banned
|rule|Evasion Moves Clause: Evasion moves are banned
|rule|Evasion Abilities Clause: Evasion abilities are banned
|rule|Sleep Moves Clause: Sleep-inducing moves are banned
|clearpoke
|poke|p1|Gliscor, F|
|poke|p1|Jirachi|
|poke|p1|Iron Moth|
|poke|p1|Keldeo-Resolute|
|poke|p1|Mandibuzz, F|
|poke|p1|Goodra-Hisui, F|
|poke|p2|Gliscor, F|
|poke|p2|Moltres|
|poke|p2|Gholdengo|
|poke|p2|Great Tusk|
|poke|p2|Walking Wake|
|poke|p2|Rillaboom, F|
|teampreview
|inactive|Battle timer is ON: inactive players will automatically lose when time's up. (requested by slowbro named paul)
|
|t:|1758274628
|teamsize|p1|6
|teamsize|p2|6
|start
|switch|p1a: Keldeo|Keldeo-Resolute|100/100
|switch|p2a: Rillaboom|Rillaboom, F|100/100
|-fieldstart|move: Grassy Terrain|[from] ability: Grassy Surge|[of] p2a: Rillaboom
|turn|1
|
|t:|1758274639
|switch|p1a: Mandibuzz|Mandibuzz, F|100/100
|move|p2a: Rillaboom|U-turn|p1a: Mandibuzz
|-damage|p1a: Mandibuzz|78/100
|
|t:|1758274661
|switch|p2a: Gliscor|Gliscor, F|100/100|[from] U-turn
|
|-status|p2a: Gliscor|tox|[from] item: Toxic Orb
|upkeep
|turn|2
|
|t:|1758274665
|-terastallize|p1a: Mandibuzz|Poison
|move|p2a: Gliscor|Toxic|p1a: Mandibuzz
|-immune|p1a: Mandibuzz
|move|p1a: Mandibuzz|Foul Play|p2a: Gliscor
|-damage|p2a: Gliscor|75/100 tox
|
|-heal|p1a: Mandibuzz|84/100|[from] Grassy Terrain
|-heal|p2a: Gliscor|88/100 tox|[from] ability: Poison Heal
|upkeep
|turn|3
|
|t:|1758274670
|move|p2a: Gliscor|Knock Off|p1a: Mandibuzz
|-damage|p1a: Mandibuzz|72/100
|-enditem|p1a: Mandibuzz|Heavy-Duty Boots|[from] move: Knock Off|[of] p2a: Gliscor
|move|p1a: Mandibuzz|Foul Play|p2a: Gliscor
|-crit|p2a: Gliscor
|-damage|p2a: Gliscor|50/100 tox
|
|-heal|p1a: Mandibuzz|78/100|[from] Grassy Terrain
|-heal|p2a: Gliscor|63/100 tox|[from] ability: Poison Heal
|upkeep
|turn|4
|
|t:|1758274676
|move|p2a: Gliscor|Spikes|p1a: Mandibuzz
|-sidestart|p1: slowbro named paul|Spikes
|move|p1a: Mandibuzz|Foul Play|p2a: Gliscor
|-damage|p2a: Gliscor|39/100 tox
|
|-heal|p1a: Mandibuzz|84/100|[from] Grassy Terrain
|-heal|p2a: Gliscor|52/100 tox|[from] ability: Poison Heal
|upkeep
|turn|5
|
|t:|1758274680
|move|p2a: Gliscor|Spikes|p1a: Mandibuzz
|-sidestart|p1: slowbro named paul|Spikes
|move|p1a: Mandibuzz|Defog|p2a: Gliscor
|-unboost|p2a: Gliscor|evasion|1
|-sideend|p1: slowbro named paul|Spikes|[from] move: Defog|[of] p1a: Mandibuzz
|-fieldend|move: Grassy Terrain
|
|-heal|p2a: Gliscor|64/100 tox|[from] ability: Poison Heal
|upkeep
|turn|6
|
|t:|1758274683
|move|p2a: Gliscor|Spikes|p1a: Mandibuzz
|-sidestart|p1: slowbro named paul|Spikes
|move|p1a: Mandibuzz|Foul Play|p2a: Gliscor
|-damage|p2a: Gliscor|39/100 tox
|
|-heal|p2a: Gliscor|51/100 tox|[from] ability: Poison Heal
|upkeep
|turn|7
|
|t:|1758274686
|move|p2a: Gliscor|Protect|p2a: Gliscor
|-singleturn|p2a: Gliscor|Protect
|move|p1a: Mandibuzz|Defog|p2a: Gliscor
|-activate|p2a: Gliscor|move: Protect
|
|-heal|p2a: Gliscor|64/100 tox|[from] ability: Poison Heal
|upkeep
|turn|8
|
|t:|1758274694
|switch|p1a: Jirachi|Jirachi|100/100
|-damage|p1a: Jirachi|88/100|[from] Spikes
|move|p2a: Gliscor|Spikes|p1a: Jirachi
|-sidestart|p1: slowbro named paul|Spikes
|
|-heal|p2a: Gliscor|76/100 tox|[from] ability: Poison Heal
|upkeep
|turn|9
|
|t:|1758274700
|move|p1a: Jirachi|Trick|p2a: Gliscor
|-activate|p1a: Jirachi|move: Trick|[of] p2a: Gliscor
|-item|p2a: Gliscor|Choice Scarf|[from] move: Trick
|-item|p1a: Jirachi|Toxic Orb|[from] move: Trick
|move|p2a: Gliscor|Knock Off|p1a: Jirachi
|-supereffective|p1a: Jirachi
|-damage|p1a: Jirachi|48/100
|-enditem|p1a: Jirachi|Toxic Orb|[from] move: Knock Off|[of] p2a: Gliscor
|
|-heal|p2a: Gliscor|89/100 tox|[from] ability: Poison Heal
|upkeep
|turn|10
|
|t:|1758274717
|switch|p2a: Moltres|Moltres|100/100
|move|p1a: Jirachi|Fire Punch|p2a: Moltres
|-resisted|p2a: Moltres
|-damage|p2a: Moltres|93/100
|
|upkeep
|turn|11
|
|t:|1758274721
|move|p1a: Jirachi|Trick|p2a: Moltres
|-activate|p1a: Jirachi|move: Trick|[of] p2a: Moltres
|-enditem|p2a: Moltres|Heavy-Duty Boots|[silent]|[from] move: Trick
|-item|p1a: Jirachi|Heavy-Duty Boots|[from] move: Trick
|move|p2a: Moltres|U-turn|p1a: Jirachi
|-crit|p1a: Jirachi
|-damage|p1a: Jirachi|28/100
|
|t:|1758274731
|switch|p2a: Gliscor|Gliscor, F|89/100 tox|[from] U-turn
|
|-heal|p2a: Gliscor|100/100 tox|[from] ability: Poison Heal
|upkeep
|turn|12
|
|t:|1758274739
|switch|p1a: Mandibuzz|Mandibuzz, F, tera:Poison|84/100
|-damage|p1a: Mandibuzz|67/100|[from] Spikes
|move|p2a: Gliscor|Knock Off|p1a: Mandibuzz
|-damage|p1a: Mandibuzz|60/100
|
|upkeep
|turn|13
|
|t:|1758274752
|switch|p2a: Great Tusk|Great Tusk|100/100
|move|p1a: Mandibuzz|Foul Play|p2a: Great Tusk
|-resisted|p2a: Great Tusk
|-damage|p2a: Great Tusk|81/100
|
|-heal|p2a: Great Tusk|88/100|[from] item: Leftovers
|upkeep
|turn|14
|
|t:|1758274762
|switch|p1a: Jirachi|Jirachi|28/100
|move|p2a: Great Tusk|Knock Off|p1a: Jirachi
|-supereffective|p1a: Jirachi
|-damage|p1a: Jirachi|0 fnt
|-enditem|p1a: Jirachi|Heavy-Duty Boots|[from] move: Knock Off|[of] p2a: Great Tusk
|faint|p1a: Jirachi
|
|-heal|p2a: Great Tusk|94/100|[from] item: Leftovers
|upkeep
|
|t:|1758274766
|switch|p1a: Keldeo|Keldeo-Resolute|100/100
|-damage|p1a: Keldeo|84/100|[from] Spikes
|turn|15
|
|t:|1758274777
|-end|p2a: Great Tusk|Protosynthesis|[silent]
|switch|p2a: Rillaboom|Rillaboom, F|100/100
|-fieldstart|move: Grassy Terrain|[from] ability: Grassy Surge|[of] p2a: Rillaboom
|move|p1a: Keldeo|Surf|p2a: Rillaboom
|-resisted|p2a: Rillaboom
|-damage|p2a: Rillaboom|59/100
|-damage|p1a: Keldeo|74/100|[from] item: Life Orb
|
|-heal|p1a: Keldeo|80/100|[from] Grassy Terrain
|-heal|p2a: Rillaboom|66/100|[from] Grassy Terrain
|upkeep
|turn|16
|
|t:|1758274785
|move|p1a: Keldeo|Secret Sword|p2a: Rillaboom
|-damage|p2a: Rillaboom|1/100
|-damage|p1a: Keldeo|70/100|[from] item: Life Orb
|move|p2a: Rillaboom|U-turn|p1a: Keldeo
|-resisted|p1a: Keldeo
|-damage|p1a: Keldeo|47/100
|
|t:|1758274799
|switch|p2a: Walking Wake|Walking Wake|100/100|[from] U-turn
|-enditem|p2a: Walking Wake|Booster Energy
|-activate|p2a: Walking Wake|ability: Protosynthesis|[fromitem]
|-start|p2a: Walking Wake|protosynthesisspa
|
|-heal|p1a: Keldeo|53/100|[from] Grassy Terrain
|upkeep
|turn|17
|
|t:|1758274808
|switch|p1a: Goodra|Goodra-Hisui, F|100/100
|-damage|p1a: Goodra|84/100|[from] Spikes
|move|p2a: Walking Wake|Draco Meteor|p1a: Goodra
|-damage|p1a: Goodra|47/100
|-unboost|p2a: Walking Wake|spa|2
|
|-heal|p1a: Goodra|53/100|[from] Grassy Terrain
|upkeep
|turn|18
|
|t:|1758274823
|-end|p2a: Walking Wake|Protosynthesis|[silent]
|switch|p2a: Great Tusk|Great Tusk|94/100
|move|p1a: Goodra|Dragon Pulse|p2a: Great Tusk
|-damage|p2a: Great Tusk|28/100
|
|-heal|p2a: Great Tusk|34/100|[from] Grassy Terrain
|-heal|p2a: Great Tusk|41/100|[from] item: Leftovers
|-heal|p1a: Goodra|59/100|[from] Grassy Terrain
|upkeep
|turn|19
|
|t:|1758274827
|move|p2a: Great Tusk|Headlong Rush|p1a: Goodra
|-supereffective|p1a: Goodra
|-crit|p1a: Goodra
|-damage|p1a: Goodra|0 fnt
|-unboost|p2a: Great Tusk|def|1
|-unboost|p2a: Great Tusk|spd|1
|faint|p1a: Goodra
|
|-heal|p2a: Great Tusk|47/100|[from] Grassy Terrain
|-heal|p2a: Great Tusk|53/100|[from] item: Leftovers
|-fieldend|move: Grassy Terrain
|upkeep
|
|t:|1758274829
|switch|p1a: Gliscor|Gliscor, F|100/100
|turn|20
|
|t:|1758274843
|-end|p2a: Great Tusk|Protosynthesis|[silent]
|switch|p2a: Gholdengo|Gholdengo|100/100
|-item|p2a: Gholdengo|Air Balloon
|move|p1a: Gliscor|Swords Dance|p1a: Gliscor
|-boost|p1a: Gliscor|atk|2
|
|upkeep
|turn|21
|
|t:|1758274854
|move|p1a: Gliscor|Scale Shot|p2a: Gholdengo
|-resisted|p2a: Gholdengo
|-damage|p2a: Gholdengo|96/100
|-enditem|p2a: Gholdengo|Air Balloon
|-resisted|p2a: Gholdengo
|-damage|p2a: Gholdengo|91/100
|-resisted|p2a: Gholdengo
|-damage|p2a: Gholdengo|86/100
|-resisted|p2a: Gholdengo
|-damage|p2a: Gholdengo|81/100
|-resisted|p2a: Gholdengo
|-damage|p2a: Gholdengo|76/100
|-hitcount|p2a: Gholdengo|5
|-unboost|p1a: Gliscor|def|1
|-boost|p1a: Gliscor|spe|1
|move|p2a: Gholdengo|Make It Rain|p1a: Gliscor
|-damage|p1a: Gliscor|17/100
|-unboost|p2a: Gholdengo|spa|1
|
|upkeep
|turn|22
|
|t:|1758274875
|switch|p2a: Gliscor|Gliscor, F|100/100 tox
|move|p1a: Gliscor|Earthquake|p2a: Gliscor
|-immune|p2a: Gliscor
|
|upkeep
|turn|23
|
|t:|1758274882
|switch|p1a: Mandibuzz|Mandibuzz, F, tera:Poison|60/100
|-damage|p1a: Mandibuzz|43/100|[from] Spikes
|move|p2a: Gliscor|Knock Off|p1a: Mandibuzz
|-damage|p1a: Mandibuzz|35/100
|
|upkeep
|turn|24
|
|t:|1758274894
|switch|p2a: Gholdengo|Gholdengo|76/100
|move|p1a: Mandibuzz|Defog|p2a: Gholdengo
|-immune|p2a: Gholdengo|[from] ability: Good as Gold
|
|upkeep
|turn|25
|
|t:|1758274899
|move|p2a: Gholdengo|Make It Rain|p1a: Mandibuzz
|-damage|p1a: Mandibuzz|0 fnt
|-unboost|p2a: Gholdengo|spa|1
|faint|p1a: Mandibuzz
|
|upkeep
|
|t:|1758274901
|switch|p1a: Iron Moth|Iron Moth|100/100
|-damage|p1a: Iron Moth|84/100|[from] Spikes
|turn|26
|
|t:|1758274904
|move|p1a: Iron Moth|Fiery Dance|p2a: Gholdengo
|-supereffective|p2a: Gholdengo
|-damage|p2a: Gholdengo|0 fnt
|faint|p2a: Gholdengo
|
|upkeep
|
|t:|1758274909
|switch|p2a: Walking Wake|Walking Wake|100/100
|turn|27
|
|t:|1758274913
|move|p1a: Iron Moth|Fiery Dance|p2a: Walking Wake
|-resisted|p2a: Walking Wake
|-damage|p2a: Walking Wake|80/100
|move|p2a: Walking Wake|Flip Turn|p1a: Iron Moth
|-supereffective|p1a: Iron Moth
|-damage|p1a: Iron Moth|28/100
|
|t:|1758274926
|-end|p2a: Walking Wake|Protosynthesis|[silent]
|switch|p2a: Gliscor|Gliscor, F|100/100 tox|[from] Flip Turn
|
|upkeep
|turn|28
|
|t:|1758274928
|move|p1a: Iron Moth|Fiery Dance|p2a: Gliscor
|-damage|p2a: Gliscor|40/100 tox
|move|p2a: Gliscor|Knock Off|p1a: Iron Moth
|-damage|p1a: Iron Moth|0 fnt
|-enditem|p1a: Iron Moth|Choice Specs|[from] move: Knock Off|[of] p2a: Gliscor
|faint|p1a: Iron Moth
|-end|p1a: Iron Moth|Quark Drive|[silent]
|
|-heal|p2a: Gliscor|52/100 tox|[from] ability: Poison Heal
|upkeep
|
|t:|1758274932
|switch|p1a: Keldeo|Keldeo-Resolute|53/100
|-damage|p1a: Keldeo|36/100|[from] Spikes
|turn|29
|
|t:|1758274937
|switch|p2a: Moltres|Moltres|93/100
|move|p1a: Keldeo|Calm Mind|p1a: Keldeo
|-boost|p1a: Keldeo|spa|1
|-boost|p1a: Keldeo|spd|1
|
|upkeep
|turn|30
|
|t:|1758274940
|move|p1a: Keldeo|Surf|p2a: Moltres
|-supereffective|p2a: Moltres
|-damage|p2a: Moltres|0 fnt
|faint|p2a: Moltres
|-damage|p1a: Keldeo|27/100|[from] item: Life Orb
|
|upkeep
|
|t:|1758274942
|switch|p2a: Rillaboom|Rillaboom, F|1/100
|-fieldstart|move: Grassy Terrain|[from] ability: Grassy Surge|[of] p2a: Rillaboom
|turn|31
|
|t:|1758274943
|move|p1a: Keldeo|Vacuum Wave|p2a: Rillaboom
|-damage|p2a: Rillaboom|0 fnt
|faint|p2a: Rillaboom
|-damage|p1a: Keldeo|17/100|[from] item: Life Orb
|
|-heal|p1a: Keldeo|23/100|[from] Grassy Terrain
|upkeep
|
|t:|1758274954
|switch|p2a: Walking Wake|Walking Wake|80/100
|turn|32
|
|t:|1758274958
|-terastallize|p2a: Walking Wake|Fairy
|move|p2a: Walking Wake|Draco Meteor|p1a: Keldeo
|-damage|p1a: Keldeo|0 fnt
|-unboost|p2a: Walking Wake|spa|2
|faint|p1a: Keldeo
|
|-heal|p2a: Walking Wake|86/100|[from] Grassy Terrain
|upkeep
|
|t:|1758274961
|switch|p1a: Gliscor|Gliscor, F|17/100
|turn|33
|
|t:|1758274963
|move|p2a: Walking Wake|Surf|p1a: Gliscor
|-supereffective|p1a: Gliscor
|-damage|p1a: Gliscor|0 fnt
|faint|p1a: Gliscor
|
|win|BigBungusBong
|raw|slowbro named paul's rating: 1354 &rarr; <strong>1336</strong><br />(-18 for losing)
|raw|BigBungusBong's rating: 1397 &rarr; <strong>1415</strong><br />(+18 for winning)
|l|☆slowbro named paul
|player|p1|
|l|☆BigBungusBong
|player|p2|
