|j|☆AureoXS
|j|‽gottaketchupyall
|t:|1758301827
|gametype|singles
|player|p1|AureoXS|miku-ground|1238
|player|p2|gottaketchupyall|266|1205
|gen|9
|tier|[Gen 9] OU
|rated|
|rule|HP Percentage Mod: HP is shown in percentages
|rule|Endless Battle Clause: Forcing endless battles is banned
|rule|Species Clause: Limit one of each Pokémon
|rule|OHKO Clause: OHKO moves are banned
|rule|Evasion Items Clause: Evasion items are banned
|rule|Evasion Moves Clause: Evasion moves are banned
|rule|Evasion Abilities Clause: Evasion abilities are banned
|rule|Sleep Moves Clause: Sleep-inducing moves are banned
|clearpoke
|poke|p1|Garganacl, M|
|poke|p1|Kyurem|
|poke|p1|Weezing-Galar, F|
|poke|p1|Zamazenta-*|
|poke|p1|Landorus-Therian, M|
|poke|p1|Gholdengo|
|poke|p2|Dragonair, M|
|poke|p2|Clefable, F|
|poke|p2|Chesnaught, M|
|poke|p2|Corviknight, F|
|poke|p2|Slowking-Galar, F|
|poke|p2|Garganacl, F|
|teampreview
|inactive|Battle timer is ON: inactive players will automatically lose when time's up. (requested by AureoXS)
|
|t:|1758301842
|teamsize|p1|6
|teamsize|p2|6
|start
|switch|p1a: Garganacl|Garganacl, M|100/100
|switch|p2a: Garganacl|Garganacl, F|100/100
|turn|1
|
|t:|1758301848
|move|p1a: Garganacl|Stealth Rock|p2a: Garganacl
|-sidestart|p2: gottaketchupyall|move: Stealth Rock
|move|p2a: Garganacl|Stealth Rock|p1a: Garganacl
|-sidestart|p1: AureoXS|move: Stealth Rock
|
|upkeep
|turn|2
|
|t:|1758301855
|switch|p2a: Chesnaught|Chesnaught, M|100/100
|-damage|p2a: Chesnaught|94/100|[from] Stealth Rock
|move|p1a: Garganacl|Salt Cure|p2a: Chesnaught
|-resisted|p2a: Chesnaught
|-damage|p2a: Chesnaught|89/100
|-start|p2a: Chesnaught|Salt Cure
|
|-damage|p2a: Chesnaught|77/100|[from] Salt Cure
|upkeep
|turn|3
|
|t:|1758301865
|switch|p1a: Weezing|Weezing-Galar, F|100/100
|-ability|p1a: Weezing|Neutralizing Gas
|move|p2a: Chesnaught|Spikes|p1a: Weezing
|-sidestart|p1: AureoXS|Spikes
|
|-damage|p2a: Chesnaught|64/100|[from] Salt Cure
|upkeep
|turn|4
|
|t:|1758301874
|-terastallize|p2a: Chesnaught|Steel
|move|p2a: Chesnaught|Leech Seed|p1a: Weezing
|-start|p1a: Weezing|move: Leech Seed
|move|p1a: Weezing|Will-O-Wisp|p2a: Chesnaught
|-status|p2a: Chesnaught|brn
|
|-damage|p1a: Weezing|88/100|[from] Leech Seed|[of] p2a: Chesnaught
|-heal|p2a: Chesnaught|78/100 brn|[silent]
|-damage|p2a: Chesnaught|72/100 brn|[from] brn
|-damage|p2a: Chesnaught|47/100 brn|[from] Salt Cure
|upkeep
|turn|5
|
|t:|1758301887
|-end|p1a: Weezing|ability: Neutralizing Gas
|switch|p1a: Kyurem|Kyurem|100/100
|-damage|p1a: Kyurem|75/100|[from] Stealth Rock
|-damage|p1a: Kyurem|63/100|[from] Spikes
|-ability|p1a: Kyurem|Pressure
|move|p2a: Chesnaught|Spikes|p1a: Kyurem
|-sidestart|p1: AureoXS|Spikes
|
|-heal|p1a: Kyurem|69/100|[from] item: Leftovers
|-damage|p2a: Chesnaught|41/100 brn|[from] brn
|-damage|p2a: Chesnaught|16/100 brn|[from] Salt Cure
|upkeep
|turn|6
|
|t:|1758301900
|move|p1a: Kyurem|Substitute|p1a: Kyurem
|-start|p1a: Kyurem|Substitute
|-damage|p1a: Kyurem|44/100
|move|p2a: Chesnaught|Leech Seed||[still]
|-fail|p2a: Chesnaught
|
|-heal|p1a: Kyurem|50/100|[from] item: Leftovers
|-damage|p2a: Chesnaught|10/100 brn|[from] brn
|-damage|p2a: Chesnaught|0 fnt|[from] Salt Cure
|faint|p2a: Chesnaught
|upkeep
|
|t:|1758301911
|switch|p2a: Slowking|Slowking-Galar, F|100/100
|-damage|p2a: Slowking|88/100|[from] Stealth Rock
|turn|7
|
|t:|1758301919
|move|p1a: Kyurem|Earth Power|p2a: Slowking
|-supereffective|p2a: Slowking
|-damage|p2a: Slowking|55/100
|-unboost|p2a: Slowking|spd|1
|move|p2a: Slowking|Psychic Noise|p1a: Kyurem
|-damage|p1a: Kyurem|25/100
|-start|p1a: Kyurem|move: Heal Block
|
|-heal|p2a: Slowking|61/100|[from] item: Leftovers
|upkeep
|turn|8
|
|t:|1758301930
|move|p1a: Kyurem|Earth Power|p2a: Slowking
|-supereffective|p2a: Slowking
|-damage|p2a: Slowking|11/100
|-unboost|p2a: Slowking|spd|1
|move|p2a: Slowking|Psychic Noise|p1a: Kyurem
|-damage|p1a: Kyurem|0 fnt
|faint|p1a: Kyurem
|
|-heal|p2a: Slowking|18/100|[from] item: Leftovers
|upkeep
|
|t:|1758301944
|switch|p1a: Gholdengo|Gholdengo|100/100
|-damage|p1a: Gholdengo|94/100|[from] Stealth Rock
|-item|p1a: Gholdengo|Air Balloon
|turn|9
|
|t:|1758301954
|switch|p2a: Corviknight|Corviknight, F|100/100
|-damage|p2a: Corviknight|88/100|[from] Stealth Rock
|-ability|p2a: Corviknight|Pressure
|move|p1a: Gholdengo|Hex|p2a: Corviknight
|-damage|p2a: Corviknight|58/100
|
|-heal|p2a: Corviknight|64/100|[from] item: Leftovers
|upkeep
|turn|10
|
|t:|1758301969
|move|p1a: Gholdengo|Thunder Wave|p2a: Corviknight
|-status|p2a: Corviknight|par
|cant|p2a: Corviknight|par
|
|-heal|p2a: Corviknight|70/100 par|[from] item: Leftovers
|upkeep
|turn|11
|
|t:|1758301984
|switch|p2a: Garganacl|Garganacl, F|100/100
|-damage|p2a: Garganacl|88/100|[from] Stealth Rock
|move|p1a: Gholdengo|Hex|p2a: Garganacl
|-damage|p2a: Garganacl|75/100
|
|-heal|p2a: Garganacl|81/100|[from] item: Leftovers
|upkeep
|turn|12
|
|t:|1758301992
|move|p1a: Gholdengo|Make It Rain|p2a: Garganacl
|-supereffective|p2a: Garganacl
|-damage|p2a: Garganacl|0 fnt
|-unboost|p1a: Gholdengo|spa|1
|faint|p2a: Garganacl
|
|upkeep
|
|t:|1758301998
|switch|p2a: Dragonair|Dragonair, M|100/100
|-damage|p2a: Dragonair|88/100|[from] Stealth Rock
|turn|13
|
|t:|1758302003
|move|p1a: Gholdengo|Thunder Wave|p2a: Dragonair
|-status|p2a: Dragonair|par
|move|p2a: Dragonair|Dragon Tail|p1a: Gholdengo
|-resisted|p1a: Gholdengo
|-damage|p1a: Gholdengo|88/100
|-enditem|p1a: Gholdengo|Air Balloon
|drag|p1a: Weezing|Weezing-Galar, F|88/100
|-ability|p1a: Weezing|Neutralizing Gas
|
|upkeep
|turn|14
|
|t:|1758302012
|move|p1a: Weezing|Defog|p2a: Dragonair
|-unboost|p2a: Dragonair|evasion|1
|-sideend|p2: gottaketchupyall|Stealth Rock|[from] move: Defog|[of] p1a: Weezing
|-sideend|p1: AureoXS|Spikes|[from] move: Defog|[of] p1a: Weezing
|-sideend|p1: AureoXS|Stealth Rock|[from] move: Defog|[of] p1a: Weezing
|move|p2a: Dragonair|Thunder Wave|p1a: Weezing|[miss]
|-miss|p2a: Dragonair|p1a: Weezing
|
|upkeep
|turn|15
|
|t:|1758302021
|-end|p1a: Weezing|ability: Neutralizing Gas
|switch|p1a: Garganacl|Garganacl, M|100/100
|move|p2a: Dragonair|Thunder Wave|p1a: Garganacl
|-immune|p1a: Garganacl|[from] ability: Purifying Salt
|
|-activate|p2a: Dragonair|ability: Shed Skin
|-curestatus|p2a: Dragonair|par|[msg]
|upkeep
|turn|16
|
|t:|1758302030
|move|p2a: Dragonair|Wrap|p1a: Garganacl
|-resisted|p1a: Garganacl
|-damage|p1a: Garganacl|99/100
|-activate|p1a: Garganacl|move: Wrap|[of] p2a: Dragonair
|move|p1a: Garganacl|Salt Cure|p2a: Dragonair
|-damage|p2a: Dragonair|78/100
|-start|p2a: Dragonair|Salt Cure
|
|-heal|p1a: Garganacl|100/100|[from] item: Leftovers
|-damage|p2a: Dragonair|66/100|[from] Salt Cure
|-damage|p1a: Garganacl|88/100|[from] move: Wrap|[partiallytrapped]
|upkeep
|turn|17
|
|t:|1758302041
|switch|p2a: Corviknight|Corviknight, F|70/100 par
|-ability|p2a: Corviknight|Pressure
|move|p1a: Garganacl|Stealth Rock|p2a: Corviknight
|-sidestart|p2: gottaketchupyall|move: Stealth Rock
|
|-heal|p1a: Garganacl|94/100|[from] item: Leftovers
|-heal|p2a: Corviknight|76/100 par|[from] item: Leftovers
|-end|p1a: Garganacl|Wrap|[partiallytrapped]|[silent]
|upkeep
|turn|18
|
|t:|1758302051
|-terastallize|p1a: Garganacl|Water
|move|p1a: Garganacl|Salt Cure|p2a: Corviknight
|-damage|p2a: Corviknight|68/100 par
|-start|p2a: Corviknight|Salt Cure
|move|p2a: Corviknight|Iron Defense|p2a: Corviknight
|-boost|p2a: Corviknight|def|2
|
|-heal|p1a: Garganacl|100/100|[from] item: Leftovers
|-heal|p2a: Corviknight|74/100 par|[from] item: Leftovers
|-damage|p2a: Corviknight|49/100 par|[from] Salt Cure
|upkeep
|turn|19
|
|t:|1758302063
|switch|p1a: Gholdengo|Gholdengo|88/100
|cant|p2a: Corviknight|par
|
|-heal|p2a: Corviknight|55/100 par|[from] item: Leftovers
|-damage|p2a: Corviknight|30/100 par|[from] Salt Cure
|upkeep
|turn|20
|-message|gottaketchupyall forfeited.
|
|win|AureoXS
|raw|AureoXS's rating: 1238 &rarr; <strong>1261</strong><br />(+23 for winning)
|raw|gottaketchupyall's rating: 1205 &rarr; <strong>1182</strong><br />(-23 for losing)
|l|‽gottaketchupyall
|player|p2|
|l|☆AureoXS
|player|p1|
