|j|☆visitor098
|j|‽empire on CD
|t:|1758255805
|gametype|singles
|player|p1|visitor098|2|1135
|player|p2|empire on CD|gambler|1117
|gen|9
|tier|[Gen 9] OU
|rated|
|rule|HP Percentage Mod: HP is shown in percentages
|rule|Endless Battle Clause: Forcing endless battles is banned
|rule|Species Clause: Limit one of each Pokémon
|rule|OHKO Clause: OHKO moves are banned
|rule|Evasion Items Clause: Evasion items are banned
|rule|Evasion Moves Clause: Evasion moves are banned
|rule|Evasion Abilities Clause: Evasion abilities are banned
|rule|Sleep Moves Clause: Sleep-inducing moves are banned
|clearpoke
|poke|p1|Tyranitar, M|
|poke|p1|Houndstone, M|
|poke|p1|Corviknight, M|
|poke|p1|Garchomp, M|
|poke|p1|Gastrodon-East, M|
|poke|p1|Ogerpon-Cornerstone, F|
|poke|p2|Skuntank, M|
|poke|p2|Breloom, M|
|poke|p2|Sinistcha-Masterpiece|
|poke|p2|Gengar, M|
|poke|p2|Scizor, F|
|poke|p2|Iron Hands|
|teampreview
|inactive|Battle timer is ON: inactive players will automatically lose when time's up. (requested by empire on CD)
|
|t:|1758255822
|teamsize|p1|6
|teamsize|p2|6
|start
|switch|p1a: Gastrodon|Gastrodon-East, M|100/100
|switch|p2a: Sinistcha|Sinistcha-Masterpiece|100/100
|turn|1
|
|t:|1758255842
|-terastallize|p1a: Gastrodon|Fire
|move|p2a: Sinistcha|Matcha Gotcha|p1a: Gastrodon
|-resisted|p1a: Gastrodon
|-damage|p1a: Gastrodon|82/100
|move|p1a: Gastrodon|Stealth Rock|p2a: Sinistcha
|-sidestart|p2: empire on CD|move: Stealth Rock
|
|-heal|p1a: Gastrodon|88/100|[from] item: Leftovers
|upkeep
|turn|2
|
|t:|1758255854
|move|p2a: Sinistcha|Stun Spore|p1a: Gastrodon
|-status|p1a: Gastrodon|par
|move|p1a: Gastrodon|Ice Beam|p2a: Sinistcha
|-supereffective|p2a: Sinistcha
|-damage|p2a: Sinistcha|15/100
|
|-heal|p1a: Gastrodon|94/100 par|[from] item: Leftovers
|upkeep
|turn|3
|
|t:|1758255866
|move|p2a: Sinistcha|Hex|p1a: Gastrodon
|-damage|p1a: Gastrodon|31/100 par
|cant|p1a: Gastrodon|par
|
|-heal|p1a: Gastrodon|37/100 par|[from] item: Leftovers
|upkeep
|turn|4
|
|t:|1758255872
|switch|p1a: Tyranitar|Tyranitar, M|100/100
|-weather|Sandstorm|[from] ability: Sand Stream|[of] p1a: Tyranitar
|move|p2a: Sinistcha|Hex|p1a: Tyranitar
|-resisted|p1a: Tyranitar
|-damage|p1a: Tyranitar|95/100
|
|-weather|Sandstorm|[upkeep]
|-damage|p2a: Sinistcha|9/100|[from] Sandstorm
|upkeep
|turn|5
|
|t:|1758255885
|switch|p1a: Gastrodon|Gastrodon-East, M, tera:Fire|37/100 par
|move|p2a: Sinistcha|Matcha Gotcha|p1a: Gastrodon
|-resisted|p1a: Gastrodon
|-damage|p1a: Gastrodon|18/100 par
|-heal|p2a: Sinistcha|23/100|[from] drain|[of] p1a: Gastrodon
|
|-weather|Sandstorm|[upkeep]
|-damage|p2a: Sinistcha|17/100|[from] Sandstorm
|-damage|p1a: Gastrodon|12/100 par|[from] Sandstorm
|-heal|p1a: Gastrodon|18/100 par|[from] item: Leftovers
|upkeep
|turn|6
|
|t:|1758255895
|move|p2a: Sinistcha|Matcha Gotcha|p1a: Gastrodon
|-resisted|p1a: Gastrodon
|-damage|p1a: Gastrodon|0 fnt
|-heal|p2a: Sinistcha|31/100|[from] drain|[of] p1a: Gastrodon
|faint|p1a: Gastrodon
|
|-weather|Sandstorm|[upkeep]
|-damage|p2a: Sinistcha|25/100|[from] Sandstorm
|upkeep
|
|t:|1758255903
|switch|p1a: Houndstone|Houndstone, M|100/100
|turn|7
|
|t:|1758255913
|move|p1a: Houndstone|Poltergeist|p2a: Sinistcha
|-activate|p2a: Sinistcha|move: Poltergeist|Blunder Policy
|-supereffective|p2a: Sinistcha
|-damage|p2a: Sinistcha|0 fnt
|faint|p2a: Sinistcha
|
|-weather|Sandstorm|[upkeep]
|upkeep
|
|t:|1758255923
|switch|p2a: Iron Hands|Iron Hands|100/100
|-damage|p2a: Iron Hands|94/100|[from] Stealth Rock
|-enditem|p2a: Iron Hands|Booster Energy
|-activate|p2a: Iron Hands|ability: Quark Drive|[fromitem]
|-start|p2a: Iron Hands|quarkdriveatk
|turn|8
|
|t:|1758255931
|move|p1a: Houndstone|Poltergeist||[still]
|-fail|p1a: Houndstone
|move|p2a: Iron Hands|Iron Head|p1a: Houndstone
|-damage|p1a: Houndstone|52/100
|
|-weather|none
|upkeep
|turn|9
|
|t:|1758255937
|switch|p1a: Tyranitar|Tyranitar, M|95/100
|-weather|Sandstorm|[from] ability: Sand Stream|[of] p1a: Tyranitar
|move|p2a: Iron Hands|Thunder Punch|p1a: Tyranitar
|-damage|p1a: Tyranitar|48/100
|
|-weather|Sandstorm|[upkeep]
|-damage|p2a: Iron Hands|88/100|[from] Sandstorm
|upkeep
|turn|10
|
|t:|1758255953
|switch|p1a: Houndstone|Houndstone, M|52/100
|move|p2a: Iron Hands|Drain Punch|p1a: Houndstone
|-immune|p1a: Houndstone
|
|-weather|Sandstorm|[upkeep]
|-damage|p2a: Iron Hands|82/100|[from] Sandstorm
|upkeep
|turn|11
|
|t:|1758255962
|move|p1a: Houndstone|Play Rough|p2a: Iron Hands
|-supereffective|p2a: Iron Hands
|-damage|p2a: Iron Hands|24/100
|move|p2a: Iron Hands|Thunder Punch|p1a: Houndstone
|-damage|p1a: Houndstone|0 fnt
|faint|p1a: Houndstone
|
|-weather|Sandstorm|[upkeep]
|-damage|p2a: Iron Hands|18/100|[from] Sandstorm
|upkeep
|
|t:|1758255972
|switch|p1a: Garchomp|Garchomp, M|100/100
|turn|12
|
|t:|1758255989
|move|p1a: Garchomp|Earthquake|p2a: Iron Hands
|-supereffective|p2a: Iron Hands
|-damage|p2a: Iron Hands|0 fnt
|faint|p2a: Iron Hands
|-end|p2a: Iron Hands|Quark Drive|[silent]
|-damage|p1a: Garchomp|91/100|[from] item: Life Orb
|
|-weather|Sandstorm|[upkeep]
|upkeep
|
|t:|1758255995
|switch|p2a: Gengar|Gengar, M|100/100
|-damage|p2a: Gengar|88/100|[from] Stealth Rock
|turn|13
|
|t:|1758256001
|move|p2a: Gengar|Destiny Bond|p2a: Gengar
|-singlemove|p2a: Gengar|Destiny Bond
|move|p1a: Garchomp|Earthquake|p2a: Gengar
|-supereffective|p2a: Gengar
|-damage|p2a: Gengar|0 fnt
|faint|p2a: Gengar
|-activate|p2a: Gengar|move: Destiny Bond
|faint|p1a: Garchomp
|
|-weather|none
|upkeep
|
|t:|1758256013
|switch|p1a: Tyranitar|Tyranitar, M|48/100
|switch|p2a: Skuntank|Skuntank, M, shiny|100/100
|-damage|p2a: Skuntank|88/100|[from] Stealth Rock
|-weather|Sandstorm|[from] ability: Sand Stream|[of] p1a: Tyranitar
|turn|14
|
|t:|1758256023
|switch|p2a: Scizor|Scizor, F|100/100
|-damage|p2a: Scizor|88/100|[from] Stealth Rock
|move|p1a: Tyranitar|Earthquake|p2a: Scizor
|-damage|p2a: Scizor|41/100
|-enditem|p2a: Scizor|Sitrus Berry|[eat]
|-heal|p2a: Scizor|66/100|[from] item: Sitrus Berry
|
|-weather|Sandstorm|[upkeep]
|upkeep
|turn|15
|
|t:|1758256033
|switch|p1a: Corviknight|Corviknight, M|100/100
|-ability|p1a: Corviknight|Pressure
|move|p2a: Scizor|Bullet Punch|p1a: Corviknight
|-resisted|p1a: Corviknight
|-damage|p1a: Corviknight|91/100
|-damage|p2a: Scizor|50/100|[from] item: Rocky Helmet|[of] p1a: Corviknight
|
|-weather|Sandstorm|[upkeep]
|upkeep
|turn|16
|
|t:|1758256045
|switch|p2a: Breloom|Breloom, M|100/100
|-damage|p2a: Breloom|94/100|[from] Stealth Rock
|move|p1a: Corviknight|Body Press|p2a: Breloom
|-damage|p2a: Breloom|50/100
|
|-weather|Sandstorm|[upkeep]
|-damage|p2a: Breloom|44/100|[from] Sandstorm
|upkeep
|turn|17
|
|t:|1758256058
|-terastallize|p2a: Breloom|Electric
|move|p2a: Breloom|Thunder Punch|p1a: Corviknight
|-supereffective|p1a: Corviknight
|-damage|p1a: Corviknight|28/100
|-damage|p2a: Breloom|28/100|[from] item: Rocky Helmet|[of] p1a: Corviknight
|-damage|p2a: Breloom|18/100|[from] item: Life Orb
|move|p1a: Corviknight|Brave Bird|p2a: Breloom
|-resisted|p2a: Breloom
|-damage|p2a: Breloom|0 fnt
|faint|p2a: Breloom
|-damage|p1a: Corviknight|24/100|[from] Recoil
|
|-weather|Sandstorm|[upkeep]
|upkeep
|
|t:|1758256072
|switch|p2a: Skuntank|Skuntank, M, shiny|88/100
|-damage|p2a: Skuntank|76/100|[from] Stealth Rock
|turn|18
|
|t:|1758256081
|move|p2a: Skuntank|Crunch|p1a: Corviknight
|-damage|p1a: Corviknight|2/100
|-damage|p2a: Skuntank|59/100|[from] item: Rocky Helmet|[of] p1a: Corviknight
|move|p1a: Corviknight|Roost|p1a: Corviknight
|-heal|p1a: Corviknight|52/100
|-singleturn|p1a: Corviknight|move: Roost
|
|-weather|none
|upkeep
|turn|19
|
|t:|1758256092
|switch|p1a: Tyranitar|Tyranitar, M|48/100
|-weather|Sandstorm|[from] ability: Sand Stream|[of] p1a: Tyranitar
|move|p2a: Skuntank|Crunch|p1a: Tyranitar
|-resisted|p1a: Tyranitar
|-damage|p1a: Tyranitar|36/100
|
|-weather|Sandstorm|[upkeep]
|-damage|p2a: Skuntank|53/100|[from] Sandstorm
|upkeep
|turn|20
|
|t:|1758256103
|move|p2a: Skuntank|Poison Jab|p1a: Tyranitar
|-resisted|p1a: Tyranitar
|-damage|p1a: Tyranitar|24/100
|-status|p1a: Tyranitar|psn
|move|p1a: Tyranitar|Earthquake|p2a: Skuntank
|-supereffective|p2a: Skuntank
|-damage|p2a: Skuntank|0 fnt
|faint|p2a: Skuntank
|
|-weather|Sandstorm|[upkeep]
|-damage|p1a: Tyranitar|11/100 psn|[from] psn
|upkeep
|
|t:|1758256114
|switch|p2a: Scizor|Scizor, F|50/100
|-damage|p2a: Scizor|37/100|[from] Stealth Rock
|turn|21
|
|t:|1758256119
|switch|p1a: Corviknight|Corviknight, M|52/100
|-ability|p1a: Corviknight|Pressure
|move|p2a: Scizor|Swords Dance|p2a: Scizor
|-boost|p2a: Scizor|atk|2
|
|-weather|Sandstorm|[upkeep]
|upkeep
|turn|22
|
|t:|1758256130
|move|p2a: Scizor|Bullet Punch|p1a: Corviknight
|-resisted|p1a: Corviknight
|-damage|p1a: Corviknight|30/100
|-damage|p2a: Scizor|21/100|[from] item: Rocky Helmet|[of] p1a: Corviknight
|move|p1a: Corviknight|Body Press|p2a: Scizor
|-crit|p2a: Scizor
|-damage|p2a: Scizor|0 fnt
|faint|p2a: Scizor
|
|win|visitor098
|raw|visitor098's rating: 1135 &rarr; <strong>1159</strong><br />(+24 for winning)
|raw|empire on CD's rating: 1117 &rarr; <strong>1093</strong><br />(-24 for losing)
|l|☆visitor098
|player|p1|
|l|‽empire on CD
|player|p2|
