|badge|p2|bronze|gen9monotype|100-6
|badge|p2|bronze|gen9uu|100-6
|uhtml|medal-msg|<div class="broadcast-blue">Curious what those medals under the avatar are? PS now has Ladder Seasons! For more information, check out the <a href="https://www.smogon.com/forums/threads/3740067/">thread on Smogon.</a></div>
|j|☆Nikator98
|j|☆domingo a noite
|t:|1758302196
|gametype|singles
|player|p1|Nikator98|giovanni|1656
|player|p2|domingo a noite|miku-ice|1646
|gen|9
|tier|[Gen 9] OU
|rated|
|rule|HP Percentage Mod: HP is shown in percentages
|rule|Endless Battle Clause: Forcing endless battles is banned
|rule|Species Clause: Limit one of each Pokémon
|rule|OHKO Clause: OHKO moves are banned
|rule|Evasion Items Clause: Evasion items are banned
|rule|Evasion Moves Clause: Evasion moves are banned
|rule|Evasion Abilities Clause: Evasion abilities are banned
|rule|Sleep Moves Clause: Sleep-inducing moves are banned
|clearpoke
|poke|p1|Metagross|
|poke|p1|Great Tusk|
|poke|p1|Haxorus, M|
|poke|p1|Iron Moth|
|poke|p1|Zoroark-Hisui, M|
|poke|p1|Ninetales-Alola, F|
|poke|p2|Tyranitar, M|
|poke|p2|Excadrill, F|
|poke|p2|Kingambit, F|
|poke|p2|Garchomp, M|
|poke|p2|Pecharunt|
|poke|p2|Rotom-Wash|
|teampreview
|inactive|Battle timer is ON: inactive players will automatically lose when time's up. (requested by Nikator98)
|
|t:|1758302220
|teamsize|p1|6
|teamsize|p2|6
|start
|switch|p1a: Arquillian Sentry|Metagross|100/100
|switch|p2a: Rotom|Rotom-Wash|100/100
|turn|1
|j| 54 Insane Rats
|
|t:|1758302233
|move|p1a: Arquillian Sentry|Bitter Malice|p2a: Rotom
|-damage|p2a: Rotom|40/100
|-unboost|p2a: Rotom|atk|1
|move|p2a: Rotom|Will-O-Wisp|p1a: Arquillian Sentry
|-status|p1a: Arquillian Sentry|brn
|
|-heal|p2a: Rotom|46/100|[from] item: Leftovers
|-damage|p1a: Arquillian Sentry|95/100 brn|[from] brn
|upkeep
|turn|2
|
|t:|1758302244
|switch|p2a: Tyranitar|Tyranitar, M|100/100
|-weather|Sandstorm|[from] ability: Sand Stream|[of] p2a: Tyranitar
|move|p1a: Arquillian Sentry|Bitter Malice|p2a: Tyranitar
|-resisted|p2a: Tyranitar
|-damage|p2a: Tyranitar|88/100
|-unboost|p2a: Tyranitar|atk|1
|
|-weather|Sandstorm|[upkeep]
|-damage|p1a: Arquillian Sentry|89/100 brn|[from] Sandstorm
|-damage|p1a: Arquillian Sentry|83/100 brn|[from] brn
|upkeep
|turn|3
|
|t:|1758302257
|switch|p1a: Asfaloth|Ninetales-Alola, F, shiny|100/100
|-weather|Snowscape|[from] ability: Snow Warning|[of] p1a: Asfaloth
|move|p2a: Tyranitar|Stealth Rock|p1a: Asfaloth
|-sidestart|p1: Nikator98|move: Stealth Rock
|
|-weather|Snowscape|[upkeep]
|upkeep
|turn|4
|l| 54 Insane Rats
|
|t:|1758302264
|move|p1a: Asfaloth|Aurora Veil|p1a: Asfaloth
|-sidestart|p1: Nikator98|move: Aurora Veil
|move|p2a: Tyranitar|Knock Off|p1a: Asfaloth
|-resisted|p1a: Asfaloth
|-damage|p1a: Asfaloth|95/100
|-enditem|p1a: Asfaloth|Light Clay|[from] move: Knock Off|[of] p2a: Tyranitar
|
|-weather|Snowscape|[upkeep]
|upkeep
|turn|5
|
|t:|1758302271
|switch|p2a: Rotom|Rotom-Wash|46/100
|move|p1a: Asfaloth|Moonblast|p2a: Rotom
|-damage|p2a: Rotom|14/100
|
|-weather|Snowscape|[upkeep]
|-heal|p2a: Rotom|21/100|[from] item: Leftovers
|upkeep
|turn|6
|
|t:|1758302280
|switch|p2a: Tyranitar|Tyranitar, M|88/100
|-weather|Sandstorm|[from] ability: Sand Stream|[of] p2a: Tyranitar
|move|p1a: Asfaloth|Moonblast|p2a: Tyranitar
|-supereffective|p2a: Tyranitar
|-damage|p2a: Tyranitar|63/100
|-unboost|p2a: Tyranitar|spa|1
|
|-weather|Sandstorm|[upkeep]
|-damage|p1a: Asfaloth|88/100|[from] Sandstorm
|upkeep
|turn|7
|
|t:|1758302290
|switch|p1a: Kumaryia|Great Tusk, shiny|100/100
|move|p2a: Tyranitar|Thunder Wave|p1a: Kumaryia
|-immune|p1a: Kumaryia
|
|-weather|Sandstorm|[upkeep]
|upkeep
|turn|8
|
|t:|1758302297
|switch|p2a: Rotom|Rotom-Wash|21/100
|move|p1a: Kumaryia|Rapid Spin|p2a: Rotom
|-crit|p2a: Rotom
|-damage|p2a: Rotom|0 fnt
|-boost|p1a: Kumaryia|spe|1
|-sideend|p1: Nikator98|Stealth Rock|[from] move: Rapid Spin|[of] p1a: Kumaryia
|faint|p2a: Rotom
|
|-weather|Sandstorm|[upkeep]
|upkeep
|
|t:|1758302304
|switch|p2a: Pecharunt|Pecharunt|100/100
|-item|p2a: Pecharunt|Air Balloon
|turn|9
|
|t:|1758302311
|-end|p1a: Kumaryia|Protosynthesis|[silent]
|switch|p1a: Arquillian Sentry|Metagross|100/100
|move|p2a: Pecharunt|Malignant Chain|p1a: Arquillian Sentry
|-immune|p1a: Arquillian Sentry
|
|-weather|Sandstorm|[upkeep]
|-damage|p2a: Pecharunt|94/100|[from] Sandstorm
|upkeep
|turn|10
|j| kindnessalwayswins
|
|t:|1758302320
|switch|p1a: Kumaryia|Great Tusk, shiny|83/100 brn
|move|p2a: Pecharunt|Shadow Ball|p1a: Kumaryia
|-immune|p1a: Kumaryia
|
|-weather|Sandstorm|[upkeep]
|-damage|p1a: Kumaryia|77/100 brn|[from] Sandstorm
|-damage|p2a: Pecharunt|88/100|[from] Sandstorm
|-damage|p1a: Kumaryia|71/100 brn|[from] brn
|upkeep
|turn|11
|
|t:|1758302329
|move|p1a: Kumaryia|Bitter Malice|p2a: Pecharunt
|-supereffective|p2a: Pecharunt
|-damage|p2a: Pecharunt|0 fnt
|-enditem|p2a: Pecharunt|Air Balloon
|faint|p2a: Pecharunt
|
|-weather|Sandstorm|[upkeep]
|-damage|p1a: Kumaryia|65/100 brn|[from] Sandstorm
|-damage|p1a: Kumaryia|59/100 brn|[from] brn
|-sideend|p1: Nikator98|move: Aurora Veil
|upkeep
|
|t:|1758302331
|switch|p2a: Tyranitar|Tyranitar, M|63/100
|turn|12
|inactive|Nikator98 has 120 seconds left.
|
|t:|1758302363
|switch|p1a: Kumaryia|Great Tusk, shiny|100/100
|move|p2a: Tyranitar|Stealth Rock|p1a: Kumaryia
|-sidestart|p1: Nikator98|move: Stealth Rock
|
|-weather|Sandstorm|[upkeep]
|upkeep
|turn|13
|
|t:|1758302370
|move|p1a: Kumaryia|Rapid Spin|p2a: Tyranitar
|-resisted|p2a: Tyranitar
|-damage|p2a: Tyranitar|55/100
|-boost|p1a: Kumaryia|spe|1
|-sideend|p1: Nikator98|Stealth Rock|[from] move: Rapid Spin|[of] p1a: Kumaryia
|move|p2a: Tyranitar|Ice Beam|p1a: Kumaryia
|-supereffective|p1a: Kumaryia
|-damage|p1a: Kumaryia|40/100
|
|-weather|none
|upkeep
|turn|14
|
|t:|1758302380
|switch|p2a: Garchomp|Garchomp, M|100/100
|move|p1a: Kumaryia|Headlong Rush|p2a: Garchomp
|-damage|p2a: Garchomp|39/100
|-unboost|p1a: Kumaryia|def|1
|-unboost|p1a: Kumaryia|spd|1
|-damage|p1a: Kumaryia|27/100|[from] ability: Rough Skin|[of] p2a: Garchomp
|
|upkeep
|turn|15
|
|t:|1758302389
|move|p1a: Kumaryia|Ice Spinner|p2a: Garchomp
|-supereffective|p2a: Garchomp
|-damage|p2a: Garchomp|0 fnt
|-damage|p1a: Kumaryia|15/100|[from] ability: Rough Skin|[of] p2a: Garchomp
|faint|p2a: Garchomp
|
|upkeep
|
|t:|1758302391
|switch|p2a: Kingambit|Kingambit, F|100/100
|-activate|p2a: Kingambit|ability: Supreme Overlord
|-start|p2a: Kingambit|fallen3|[silent]
|turn|16
|
|t:|1758302400
|-end|p1a: Kumaryia|Protosynthesis|[silent]
|switch|p1a: Kumaryia|Great Tusk, shiny|59/100 brn
|move|p2a: Kingambit|Sucker Punch||[still]
|-fail|p2a: Kingambit
|
|-damage|p1a: Kumaryia|53/100 brn|[from] brn
|upkeep
|turn|17
|
|t:|1758302412
|move|p2a: Kingambit|Sucker Punch||[still]
|-fail|p2a: Kingambit
|move|p1a: Kumaryia|Trick|p2a: Kingambit
|-activate|p1a: Kumaryia|move: Trick|[of] p2a: Kingambit
|-item|p2a: Kingambit|Choice Specs|[from] move: Trick
|-item|p1a: Kumaryia|Black Glasses|[from] move: Trick
|
|-damage|p1a: Kumaryia|47/100 brn|[from] brn
|upkeep
|turn|18
|
|t:|1758302421
|move|p1a: Kumaryia|Flamethrower|p2a: Kingambit
|-supereffective|p2a: Kingambit
|-damage|p2a: Kingambit|33/100
|move|p2a: Kingambit|Kowtow Cleave|p1a: Kumaryia
|-supereffective|p1a: Kumaryia
|-damage|p1a: Kumaryia|0 fnt
|replace|p1a: Van Helsing|Zoroark-Hisui, M, shiny
|-end|p1a: Van Helsing|Illusion
|faint|p1a: Van Helsing
|
|upkeep
|
|t:|1758302429
|switch|p1a: Kumaryia|Great Tusk, shiny|15/100
|turn|19
|
|t:|1758302433
|move|p1a: Kumaryia|Headlong Rush|p2a: Kingambit
|-supereffective|p2a: Kingambit
|-damage|p2a: Kingambit|0 fnt
|-unboost|p1a: Kumaryia|def|1
|-unboost|p1a: Kumaryia|spd|1
|faint|p2a: Kingambit
|-end|p2a: Kingambit|fallen3|[silent]
|
|upkeep
|
|t:|1758302437
|switch|p2a: Tyranitar|Tyranitar, M|55/100
|-weather|Sandstorm|[from] ability: Sand Stream|[of] p2a: Tyranitar
|turn|20
|
|t:|1758302446
|-terastallize|p2a: Tyranitar|Flying
|move|p1a: Kumaryia|Headlong Rush|p2a: Tyranitar
|-immune|p2a: Tyranitar
|move|p2a: Tyranitar|Stealth Rock|p1a: Kumaryia
|-sidestart|p1: Nikator98|move: Stealth Rock
|
|-weather|Sandstorm|[upkeep]
|-damage|p2a: Tyranitar|49/100|[from] Sandstorm
|upkeep
|turn|21
|
|t:|1758302454
|switch|p2a: Excadrill|Excadrill, F|100/100
|move|p1a: Kumaryia|Rapid Spin|p2a: Excadrill
|-resisted|p2a: Excadrill
|-damage|p2a: Excadrill|88/100
|-boost|p1a: Kumaryia|spe|1
|-sideend|p1: Nikator98|Stealth Rock|[from] move: Rapid Spin|[of] p1a: Kumaryia
|
|-weather|Sandstorm|[upkeep]
|upkeep
|turn|22
|
|t:|1758302462
|move|p2a: Excadrill|Earthquake|p1a: Kumaryia
|-damage|p1a: Kumaryia|0 fnt
|faint|p1a: Kumaryia
|-end|p1a: Kumaryia|Protosynthesis|[silent]
|-damage|p2a: Excadrill|78/100|[from] item: Life Orb
|
|-weather|Sandstorm|[upkeep]
|upkeep
|-message|domingo a noite forfeited.
|
|win|Nikator98
|raw|Nikator98's rating: 1656 &rarr; <strong>1675</strong><br />(+19 for winning)
|raw|domingo a noite's rating: 1646 &rarr; <strong>1627</strong><br />(-19 for losing)
|l|☆domingo a noite
|player|p2|
