|j|☆pbjojo
|j|☆Pr0geny
|t:|1758255880
|gametype|singles
|player|p1|pbjojo|hoopster|1376
|player|p2|Pr0geny|cogita|1402
|gen|9
|tier|[Gen 9] OU
|rated|
|rule|HP Percentage Mod: HP is shown in percentages
|rule|Endless Battle Clause: Forcing endless battles is banned
|rule|Species Clause: Limit one of each Pokémon
|rule|OHKO Clause: OHKO moves are banned
|rule|Evasion Items Clause: Evasion items are banned
|rule|Evasion Moves Clause: Evasion moves are banned
|rule|Evasion Abilities Clause: Evasion abilities are banned
|rule|Sleep Moves Clause: Sleep-inducing moves are banned
|clearpoke
|poke|p1|Zamazenta-*|
|poke|p1|Pecharunt|
|poke|p1|Kyurem|
|poke|p1|Ninetales-Alola, F|
|poke|p1|Araquanid, F|
|poke|p1|Avalugg, F|
|poke|p2|Samurott-Hisui, M|
|poke|p2|Sinistcha|
|poke|p2|Weezing-Galar, M|
|poke|p2|Zapdos|
|poke|p2|Iron Valiant|
|poke|p2|Iron Treads|
|teampreview
|
|t:|1758255885
|teamsize|p1|6
|teamsize|p2|6
|start
|switch|p1a: hehe|Ninetales-Alola, F, shiny|100/100
|switch|p2a: Edging Ceaselessly|Samurott-Hisui, M|100/100
|-weather|Snowscape|[from] ability: Snow Warning|[of] p1a: hehe
|turn|1
|
|t:|1758255898
|move|p1a: hehe|Moonblast|p2a: Edging Ceaselessly
|-supereffective|p2a: Edging Ceaselessly
|-damage|p2a: Edging Ceaselessly|0 fnt
|faint|p2a: Edging Ceaselessly
|
|-weather|Snowscape|[upkeep]
|upkeep
|inactive|Battle timer is ON: inactive players will automatically lose when time's up. (requested by Pr0geny)
|
|t:|1758255901
|switch|p2a: DougDimmadome|Weezing-Galar, M|100/100
|-ability|p2a: DougDimmadome|Neutralizing Gas
|turn|2
|
|t:|1758255912
|switch|p1a: fukmedry|Pecharunt|100/100
|move|p2a: DougDimmadome|Will-O-Wisp|p1a: fukmedry|[miss]
|-miss|p2a: DougDimmadome|p1a: fukmedry
|
|-weather|Snowscape|[upkeep]
|upkeep
|turn|3
|
|t:|1758255924
|-end|p2a: DougDimmadome|ability: Neutralizing Gas
|switch|p2a: Iron Threat|Iron Treads|100/100
|move|p1a: fukmedry|Malignant Chain|p2a: Iron Threat
|-immune|p2a: Iron Threat
|
|-weather|Snowscape|[upkeep]
|upkeep
|turn|4
|
|t:|1758255930
|move|p2a: Iron Threat|Knock Off|p1a: fukmedry
|-supereffective|p1a: fukmedry
|-damage|p1a: fukmedry|64/100
|-enditem|p1a: fukmedry|Heavy-Duty Boots|[from] move: Knock Off|[of] p2a: Iron Threat
|move|p1a: fukmedry|Parting Shot|p2a: Iron Threat
|-unboost|p2a: Iron Threat|atk|1
|-unboost|p2a: Iron Threat|spa|1
|
|t:|1758255951
|switch|p1a: kaiju|Kyurem, shiny|100/100|[from] Parting Shot
|-ability|p1a: kaiju|Pressure
|
|-weather|Snowscape|[upkeep]
|upkeep
|turn|5
|
|t:|1758255968
|-end|p2a: Iron Threat|Quark Drive|[silent]
|switch|p2a: DougDimmadome|Weezing-Galar, M|100/100
|-ability|p2a: DougDimmadome|Neutralizing Gas
|-terastallize|p1a: kaiju|Ground
|move|p1a: kaiju|Earth Power|p2a: DougDimmadome
|-supereffective|p2a: DougDimmadome
|-damage|p2a: DougDimmadome|0 fnt
|faint|p2a: DougDimmadome
|-end|p2a: DougDimmadome|ability: Neutralizing Gas
|-ability|p1a: kaiju|Pressure
|
|-weather|Snowscape|[upkeep]
|upkeep
|
|t:|1758255973
|switch|p2a: SinistGYATT|Sinistcha|100/100
|turn|6
|
|t:|1758255983
|switch|p1a: hehe|Ninetales-Alola, F, shiny|100/100
|move|p2a: SinistGYATT|Calm Mind|p2a: SinistGYATT
|-boost|p2a: SinistGYATT|spa|1
|-boost|p2a: SinistGYATT|spd|1
|
|-weather|Snowscape|[upkeep]
|upkeep
|turn|7
|
|t:|1758255988
|move|p1a: hehe|Encore|p2a: SinistGYATT
|-start|p2a: SinistGYATT|Encore
|move|p2a: SinistGYATT|Calm Mind|p2a: SinistGYATT
|-boost|p2a: SinistGYATT|spa|1
|-boost|p2a: SinistGYATT|spd|1
|
|-weather|Snowscape|[upkeep]
|upkeep
|turn|8
|
|t:|1758256001
|switch|p2a: They/Them|Iron Valiant|100/100
|-enditem|p2a: They/Them|Booster Energy
|-activate|p2a: They/Them|ability: Quark Drive|[fromitem]
|-start|p2a: They/Them|quarkdrivespe
|move|p1a: hehe|Aurora Veil|p1a: hehe
|-sidestart|p1: pbjojo|move: Aurora Veil
|
|-weather|none
|upkeep
|turn|9
|
|t:|1758256006
|move|p2a: They/Them|Encore|p1a: hehe
|-start|p1a: hehe|Encore
|move|p1a: hehe|Aurora Veil||[still]
|-fail|p1a: hehe
|
|upkeep
|turn|10
|
|t:|1758256013
|switch|p1a: TABLE|Avalugg, F|100/100
|move|p2a: They/Them|Moonblast|p1a: TABLE
|-damage|p1a: TABLE|60/100
|
|-heal|p1a: TABLE|66/100|[from] item: Leftovers
|upkeep
|turn|11
|
|t:|1758256021
|move|p2a: They/Them|Calm Mind|p2a: They/Them
|-boost|p2a: They/Them|spa|1
|-boost|p2a: They/Them|spd|1
|move|p1a: TABLE|Avalanche|p2a: They/Them
|-damage|p2a: They/Them|67/100
|
|-heal|p1a: TABLE|72/100|[from] item: Leftovers
|upkeep
|turn|12
|
|t:|1758256038
|move|p2a: They/Them|Moonblast|p1a: TABLE
|-crit|p1a: TABLE
|-damage|p1a: TABLE|0 fnt
|faint|p1a: TABLE
|
|-sideend|p1: pbjojo|move: Aurora Veil
|upkeep
|
|t:|1758256050
|switch|p1a: spidy|Araquanid, F, shiny|100/100
|turn|13
|
|t:|1758256058
|move|p2a: They/Them|Calm Mind|p2a: They/Them
|-boost|p2a: They/Them|spa|1
|-boost|p2a: They/Them|spd|1
|move|p1a: spidy|Liquidation|p2a: They/Them
|-damage|p2a: They/Them|10/100
|
|upkeep
|turn|14
|
|t:|1758256073
|move|p2a: They/Them|Moonblast|p1a: spidy
|-damage|p1a: spidy|42/100
|move|p1a: spidy|Liquidation|p2a: They/Them
|-damage|p2a: They/Them|0 fnt
|faint|p2a: They/Them
|-end|p2a: They/Them|Quark Drive|[silent]
|
|upkeep
|
|t:|1758256076
|switch|p2a: SCREAM|Zapdos|100/100
|-ability|p2a: SCREAM|Pressure
|turn|15
|
|t:|1758256082
|move|p1a: spidy|Endure|p1a: spidy
|-singleturn|p1a: spidy|move: Endure
|move|p2a: SCREAM|Discharge|p1a: spidy
|-supereffective|p1a: spidy
|-activate|p1a: spidy|move: Endure
|-damage|p1a: spidy|1/100
|
|upkeep
|turn|16
|-enditem|p1a: spidy|Custap Berry|[eat]
|-activate|p1a: spidy|item: Custap Berry|[consumed]
|
|t:|1758256089
|switch|p2a: Iron Threat|Iron Treads|100/100
|move|p1a: spidy|Endeavor|p2a: Iron Threat
|-damage|p2a: Iron Threat|1/100
|
|upkeep
|turn|17
|
|t:|1758256112
|move|p2a: Iron Threat|Knock Off|p1a: spidy
|-damage|p1a: spidy|0 fnt
|faint|p1a: spidy
|
|upkeep
|
|t:|1758256115
|switch|p1a: zaza|Zamazenta, shiny|100/100
|-ability|p1a: zaza|Dauntless Shield|boost
|-boost|p1a: zaza|def|1
|turn|18
|
|t:|1758256132
|-end|p2a: Iron Threat|Quark Drive|[silent]
|switch|p2a: SinistGYATT|Sinistcha|100/100
|move|p1a: zaza|Crunch|p2a: SinistGYATT
|-supereffective|p2a: SinistGYATT
|-damage|p2a: SinistGYATT|50/100
|-damage|p1a: zaza|91/100|[from] item: Life Orb
|
|upkeep
|turn|19
|
|t:|1758256139
|-terastallize|p2a: SinistGYATT|Poison
|move|p1a: zaza|Crunch|p2a: SinistGYATT
|-damage|p2a: SinistGYATT|24/100
|-damage|p1a: zaza|81/100|[from] item: Life Orb
|move|p2a: SinistGYATT|Strength Sap|p1a: zaza
|-unboost|p1a: zaza|atk|1
|-heal|p2a: SinistGYATT|100/100
|
|upkeep
|turn|20
|
|t:|1758256148
|switch|p1a: kaiju|Kyurem, shiny, tera:Ground|100/100
|-ability|p1a: kaiju|Pressure
|move|p2a: SinistGYATT|Shadow Ball|p1a: kaiju
|-damage|p1a: kaiju|70/100
|
|upkeep
|turn|21
|
|t:|1758256156
|switch|p2a: SCREAM|Zapdos|100/100
|-ability|p2a: SCREAM|Pressure
|move|p1a: kaiju|Freeze-Dry|p2a: SCREAM
|-supereffective|p2a: SCREAM
|-damage|p2a: SCREAM|0 fnt
|faint|p2a: SCREAM
|
|upkeep
|
|t:|1758256158
|switch|p2a: SinistGYATT|Sinistcha, tera:Poison|100/100
|turn|22
|c|☆Pr0geny|lmfaoooo
|
|t:|1758256174
|switch|p1a: hehe|Ninetales-Alola, F, shiny|100/100
|-weather|Snowscape|[from] ability: Snow Warning|[of] p1a: hehe
|move|p2a: SinistGYATT|Matcha Gotcha|p1a: hehe
|-damage|p1a: hehe|60/100
|
|-weather|Snowscape|[upkeep]
|upkeep
|turn|23
|
|t:|1758256187
|move|p1a: hehe|Aurora Veil|p1a: hehe
|-sidestart|p1: pbjojo|move: Aurora Veil
|move|p2a: SinistGYATT|Matcha Gotcha|p1a: hehe
|-damage|p1a: hehe|38/100
|
|-weather|Snowscape|[upkeep]
|upkeep
|turn|24
|
|t:|1758256201
|move|p1a: hehe|Blizzard|p2a: SinistGYATT
|-damage|p2a: SinistGYATT|51/100
|move|p2a: SinistGYATT|Matcha Gotcha|p1a: hehe|[miss]
|-miss|p2a: SinistGYATT|p1a: hehe
|
|-weather|Snowscape|[upkeep]
|upkeep
|turn|25
|
|t:|1758256205
|move|p1a: hehe|Blizzard|p2a: SinistGYATT
|-damage|p2a: SinistGYATT|0 fnt
|faint|p2a: SinistGYATT
|
|-weather|Snowscape|[upkeep]
|upkeep
|-message|Pr0geny forfeited.
|
|win|pbjojo
|raw|pbjojo's rating: 1376 &rarr; <strong>1397</strong><br />(+21 for winning)
|raw|Pr0geny's rating: 1402 &rarr; <strong>1381</strong><br />(-21 for losing)
|l|☆Pr0geny
|player|p2|
|l|☆pbjojo
|player|p1|
