|j|☆szjtxdy
|j|☆NeWtOx15
|t:|1758266599
|gametype|singles
|player|p1|szjtxdy|rosa|1348
|player|p2|NeWtOx15|roughneck|1329
|gen|9
|tier|[Gen 9] OU
|rated|
|rule|HP Percentage Mod: HP is shown in percentages
|rule|Endless Battle Clause: Forcing endless battles is banned
|rule|Species Clause: Limit one of each Pokémon
|rule|OHKO Clause: OHKO moves are banned
|rule|Evasion Items Clause: Evasion items are banned
|rule|Evasion Moves Clause: Evasion moves are banned
|rule|Evasion Abilities Clause: Evasion abilities are banned
|rule|Sleep Moves Clause: Sleep-inducing moves are banned
|clearpoke
|poke|p1|Torkoal, F|
|poke|p1|Hatterene, F|
|poke|p1|Raging Bolt|
|poke|p1|Venusaur, F|
|poke|p1|Great Tusk|
|poke|p1|Arcanine-Hisui, M|
|poke|p2|Tyranitar, M|
|poke|p2|Excadrill, F|
|poke|p2|Keldeo-Resolute|
|poke|p2|Latios, M|
|poke|p2|Heatran, F|
|poke|p2|Rotom-Wash|
|teampreview
|inactive|Battle timer is ON: inactive players will automatically lose when time's up. (requested by szjtxdy)
|
|t:|1758266623
|teamsize|p1|6
|teamsize|p2|6
|start
|switch|p1a: Torkoal|Torkoal, F|100/100
|switch|p2a: Rotom|Rotom-Wash, shiny|100/100
|-weather|SunnyDay|[from] ability: Drought|[of] p1a: Torkoal
|turn|1
|
|t:|1758266630
|move|p2a: Rotom|Volt Switch|p1a: Torkoal
|-damage|p1a: Torkoal|64/100
|
|t:|1758266634
|switch|p2a: Tyranitar|Tyranitar, M, shiny|100/100|[from] Volt Switch
|-weather|Sandstorm|[from] ability: Sand Stream|[of] p2a: Tyranitar
|move|p1a: Torkoal|Body Press|p2a: Tyranitar
|-supereffective|p2a: Tyranitar
|-damage|p2a: Tyranitar|7/100
|
|-weather|Sandstorm|[upkeep]
|-damage|p1a: Torkoal|58/100|[from] Sandstorm
|upkeep
|turn|2
|
|t:|1758266643
|switch|p1a: Hatterene|Hatterene, F|100/100
|move|p2a: Tyranitar|Knock Off|p1a: Hatterene
|-damage|p1a: Hatterene|50/100
|-enditem|p1a: Hatterene|Eject Button|[from] move: Knock Off|[of] p2a: Tyranitar
|
|-weather|Sandstorm|[upkeep]
|-damage|p1a: Hatterene|44/100|[from] Sandstorm
|upkeep
|turn|3
|
|t:|1758266662
|switch|p2a: Rotom|Rotom-Wash, shiny|100/100
|move|p1a: Hatterene|Healing Wish|p1a: Hatterene
|faint|p1a: Hatterene
|
|-weather|Sandstorm|[upkeep]
|-damage|p2a: Rotom|94/100|[from] Sandstorm
|upkeep
|
|t:|1758266675
|switch|p1a: Torkoal|Torkoal, F|58/100
|-heal|p1a: Torkoal|100/100|[from] move: Healing Wish
|-weather|SunnyDay|[from] ability: Drought|[of] p1a: Torkoal
|turn|4
|
|t:|1758266689
|switch|p1a: Venusaur|Venusaur, F|100/100
|move|p2a: Rotom|Thunder Wave|p1a: Venusaur
|-status|p1a: Venusaur|par
|
|-weather|SunnyDay|[upkeep]
|upkeep
|turn|5
|
|t:|1758266699
|move|p1a: Venusaur|Sludge Bomb|p2a: Rotom
|-damage|p2a: Rotom|35/100
|-status|p2a: Rotom|psn
|-damage|p1a: Venusaur|91/100 par|[from] item: Life Orb
|move|p2a: Rotom|Volt Switch|p1a: Venusaur
|-resisted|p1a: Venusaur
|-damage|p1a: Venusaur|77/100 par
|
|t:|1758266708
|switch|p2a: Heatran|Heatran, F, shiny|100/100|[from] Volt Switch
|
|-weather|SunnyDay|[upkeep]
|upkeep
|turn|6
|
|t:|1758266718
|switch|p1a: Great Tusk|Great Tusk|100/100
|-activate|p1a: Great Tusk|ability: Protosynthesis
|-start|p1a: Great Tusk|protosynthesisatk
|move|p2a: Heatran|Magma Storm|p1a: Great Tusk|[miss]
|-miss|p2a: Heatran|p1a: Great Tusk
|
|-weather|SunnyDay|[upkeep]
|upkeep
|turn|7
|
|t:|1758266732
|switch|p2a: Latios|Latios, M, shiny|100/100
|move|p1a: Great Tusk|Rapid Spin|p2a: Latios
|-damage|p2a: Latios|68/100
|-boost|p1a: Great Tusk|spe|1
|
|-weather|SunnyDay|[upkeep]
|upkeep
|turn|8
|
|t:|1758266740
|move|p2a: Latios|Luster Purge|p1a: Great Tusk
|-supereffective|p1a: Great Tusk
|-damage|p1a: Great Tusk|1/100
|move|p1a: Great Tusk|Ice Spinner|p2a: Latios
|-supereffective|p2a: Latios
|-damage|p2a: Latios|0 fnt
|faint|p2a: Latios
|
|-weather|SunnyDay|[upkeep]
|upkeep
|
|t:|1758266752
|switch|p2a: Keldeo|Keldeo-Resolute, shiny|100/100
|turn|9
|
|t:|1758266758
|move|p2a: Keldeo|Flip Turn|p1a: Great Tusk
|-supereffective|p1a: Great Tusk
|-damage|p1a: Great Tusk|0 fnt
|faint|p1a: Great Tusk
|-end|p1a: Great Tusk|Protosynthesis|[silent]
|
|t:|1758266764
|switch|p2a: Tyranitar|Tyranitar, M, shiny|7/100|[from] Flip Turn
|-weather|Sandstorm|[from] ability: Sand Stream|[of] p2a: Tyranitar
|
|-weather|Sandstorm|[upkeep]
|upkeep
|
|t:|1758266777
|switch|p1a: Raging Bolt|Raging Bolt|100/100
|turn|10
|
|t:|1758266785
|switch|p2a: Excadrill|Excadrill, F, shiny|100/100
|-item|p2a: Excadrill|Air Balloon
|move|p1a: Raging Bolt|Weather Ball|p2a: Excadrill
|-resisted|p2a: Excadrill
|-damage|p2a: Excadrill|82/100
|-enditem|p2a: Excadrill|Air Balloon
|-damage|p1a: Raging Bolt|91/100|[from] item: Life Orb
|
|-weather|Sandstorm|[upkeep]
|-damage|p1a: Raging Bolt|84/100|[from] Sandstorm
|upkeep
|turn|11
|
|t:|1758266796
|-end|p1a: Raging Bolt|Protosynthesis|[silent]
|switch|p1a: Torkoal|Torkoal, F|100/100
|-weather|SunnyDay|[from] ability: Drought|[of] p1a: Torkoal
|move|p2a: Excadrill|Earthquake|p1a: Torkoal
|-supereffective|p1a: Torkoal
|-damage|p1a: Torkoal|43/100
|
|-weather|SunnyDay|[upkeep]
|upkeep
|turn|12
|
|t:|1758266804
|switch|p1a: Venusaur|Venusaur, F|77/100 par
|move|p2a: Excadrill|Earthquake|p1a: Venusaur
|-damage|p1a: Venusaur|10/100 par
|
|-weather|SunnyDay|[upkeep]
|upkeep
|turn|13
|
|t:|1758266815
|move|p2a: Excadrill|Earthquake|p1a: Venusaur
|-damage|p1a: Venusaur|0 fnt
|faint|p1a: Venusaur
|
|-weather|SunnyDay|[upkeep]
|upkeep
|
|t:|1758266818
|switch|p1a: Arcanine|Arcanine-Hisui, M|100/100
|turn|14
|
|t:|1758266824
|switch|p2a: Rotom|Rotom-Wash, shiny|35/100 psn
|move|p1a: Arcanine|Flare Blitz|p2a: Rotom
|-resisted|p2a: Rotom
|-damage|p2a: Rotom|0 fnt
|-damage|p1a: Arcanine|84/100|[from] item: Rocky Helmet|[of] p2a: Rotom
|faint|p2a: Rotom
|
|-weather|SunnyDay|[upkeep]
|upkeep
|
|t:|1758266835
|switch|p2a: Tyranitar|Tyranitar, M, shiny|7/100
|-weather|Sandstorm|[from] ability: Sand Stream|[of] p2a: Tyranitar
|turn|15
|
|t:|1758266840
|move|p1a: Arcanine|Flare Blitz|p2a: Tyranitar
|-resisted|p2a: Tyranitar
|-damage|p2a: Tyranitar|0 fnt
|faint|p2a: Tyranitar
|
|-weather|Sandstorm|[upkeep]
|upkeep
|
|t:|1758266846
|switch|p2a: Excadrill|Excadrill, F, shiny|82/100
|turn|16
|
|t:|1758266852
|switch|p1a: Torkoal|Torkoal, F|43/100
|-weather|SunnyDay|[from] ability: Drought|[of] p1a: Torkoal
|move|p2a: Excadrill|Earthquake|p1a: Torkoal
|-supereffective|p1a: Torkoal
|-damage|p1a: Torkoal|0 fnt
|faint|p1a: Torkoal
|
|-weather|SunnyDay|[upkeep]
|upkeep
|
|t:|1758266862
|switch|p1a: Arcanine|Arcanine-Hisui, M|84/100
|turn|17
|
|t:|1758266869
|move|p1a: Arcanine|Flare Blitz|p2a: Excadrill
|-supereffective|p2a: Excadrill
|-damage|p2a: Excadrill|0 fnt
|faint|p2a: Excadrill
|
|-weather|SunnyDay|[upkeep]
|upkeep
|
|t:|1758266875
|switch|p2a: Heatran|Heatran, F, shiny|100/100
|turn|18
|
|t:|1758266881
|switch|p1a: Raging Bolt|Raging Bolt|84/100
|-activate|p1a: Raging Bolt|ability: Protosynthesis
|-start|p1a: Raging Bolt|protosynthesisspa
|move|p2a: Heatran|Earth Power|p1a: Raging Bolt
|-supereffective|p1a: Raging Bolt
|-damage|p1a: Raging Bolt|40/100
|
|-weather|SunnyDay|[upkeep]
|upkeep
|turn|19
|
|t:|1758266892
|-terastallize|p1a: Raging Bolt|Electric
|move|p1a: Raging Bolt|Thunderclap|p2a: Heatran
|-damage|p2a: Heatran|29/100
|-damage|p1a: Raging Bolt|30/100|[from] item: Life Orb
|move|p2a: Heatran|Earth Power|p1a: Raging Bolt
|-supereffective|p1a: Raging Bolt
|-damage|p1a: Raging Bolt|0 fnt
|faint|p1a: Raging Bolt
|-end|p1a: Raging Bolt|Protosynthesis|[silent]
|
|-weather|SunnyDay|[upkeep]
|-heal|p2a: Heatran|35/100|[from] item: Leftovers
|upkeep
|
|t:|1758266900
|switch|p1a: Arcanine|Arcanine-Hisui, M|84/100
|turn|20
|
|t:|1758266905
|move|p1a: Arcanine|Wild Charge|p2a: Heatran
|-damage|p2a: Heatran|11/100
|move|p2a: Heatran|Earth Power|p1a: Arcanine
|-supereffective|p1a: Arcanine
|-crit|p1a: Arcanine
|-damage|p1a: Arcanine|0 fnt
|faint|p1a: Arcanine
|
|win|NeWtOx15
|raw|szjtxdy's rating: 1348 &rarr; <strong>1327</strong><br />(-21 for losing)
|raw|NeWtOx15's rating: 1329 &rarr; <strong>1350</strong><br />(+21 for winning)
|l|☆szjtxdy
|player|p1|
|l|☆NeWtOx15
|player|p2|
