|j|☆Songerrr
|j|☆Charle_phate
|t:|1758253990
|gametype|singles
|player|p1|Songerrr|cynthia-gen4|1324
|player|p2|Charle_phate|blue|1324
|gen|9
|tier|[Gen 9] OU
|rated|
|rule|HP Percentage Mod: HP is shown in percentages
|rule|Endless Battle Clause: Forcing endless battles is banned
|rule|Species Clause: Limit one of each Pokémon
|rule|OHKO Clause: OHKO moves are banned
|rule|Evasion Items Clause: Evasion items are banned
|rule|Evasion Moves Clause: Evasion moves are banned
|rule|Evasion Abilities Clause: Evasion abilities are banned
|rule|Sleep Moves Clause: Sleep-inducing moves are banned
|clearpoke
|poke|p1|Ogerpon-Wellspring, F|
|poke|p1|Great Tusk|
|poke|p1|Darkrai|
|poke|p1|Ribombee, F|
|poke|p1|Pecharunt|
|poke|p1|Dragonite, F|
|poke|p2|Serperior, M|
|poke|p2|Rotom-Wash|
|poke|p2|Zapdos|
|poke|p2|Heatran, M|
|poke|p2|Clefable, M|
|poke|p2|Landorus-Therian, M|
|teampreview
|
|t:|1758254003
|teamsize|p1|6
|teamsize|p2|6
|start
|switch|p1a: Darkrai|Darkrai|100/100
|switch|p2a: Rotom|Rotom-Wash|100/100
|turn|1
|l|☆Charle_phate
|player|p2|
|inactive|Battle timer is ON: inactive players will automatically lose when time's up. (requested by Songerrr)
|inactive|Charle_phate has 30 seconds to reconnect!
|inactive|Charle_phate has 20 seconds to reconnect!
|j|☆Charle_phate
|inactive|Charle_phate reconnected and has 110 seconds left.
|player|p2|Charle_phate|blue|
|inactive|Charle_phate has 90 seconds left.
|
|t:|1758254133
|move|p1a: Darkrai|Dark Pulse|p2a: Rotom
|-damage|p2a: Rotom|36/100
|move|p2a: Rotom|Thunder Wave|p1a: Darkrai
|-status|p1a: Darkrai|par
|
|-heal|p2a: Rotom|42/100|[from] item: Leftovers
|upkeep
|turn|2
|
|t:|1758254157
|switch|p2a: Heatran|Heatran, M|100/100
|move|p1a: Darkrai|Dark Pulse|p2a: Heatran
|-damage|p2a: Heatran|63/100
|
|-heal|p2a: Heatran|69/100|[from] item: Leftovers
|upkeep
|turn|3
|
|t:|1758254170
|switch|p1a: Great Tusk|Great Tusk|100/100
|move|p2a: Heatran|Substitute|p2a: Heatran
|-start|p2a: Heatran|Substitute
|-damage|p2a: Heatran|44/100
|
|-heal|p2a: Heatran|50/100|[from] item: Leftovers
|upkeep
|turn|4
|
|t:|1758254199
|move|p1a: Great Tusk|Knock Off|p2a: Heatran
|-end|p2a: Heatran|Substitute
|move|p2a: Heatran|Lava Plume|p1a: Great Tusk
|-damage|p1a: Great Tusk|51/100
|
|-heal|p2a: Heatran|57/100|[from] item: Leftovers
|upkeep
|turn|5
|
|t:|1758254204
|switch|p2a: Zapdos|Zapdos|100/100
|move|p1a: Great Tusk|Headlong Rush|p2a: Zapdos
|-immune|p2a: Zapdos
|
|upkeep
|turn|6
|
|t:|1758254228
|move|p1a: Great Tusk|Ice Spinner|p2a: Zapdos
|-supereffective|p2a: Zapdos
|-damage|p2a: Zapdos|54/100
|move|p2a: Zapdos|Ancient Power|p1a: Great Tusk
|-resisted|p1a: Great Tusk
|-damage|p1a: Great Tusk|46/100
|
|-heal|p2a: Zapdos|61/100|[from] item: Leftovers
|upkeep
|turn|7
|l|☆Charle_phate
|inactive|Charle_phate disconnected and has a minute to reconnect!
|player|p2|
|inactive|Songerrr has 120 seconds left.
|
|t:|1758254259
|-end|p1a: Great Tusk|Protosynthesis|[silent]
|switch|p1a: Pecharunt|Pecharunt|100/100
|move|p2a: Zapdos|Roost|p2a: Zapdos
|-heal|p2a: Zapdos|100/100
|-singleturn|p2a: Zapdos|move: Roost
|
|upkeep
|turn|8
|j|☆Charle_phate
|inactive|Charle_phate reconnected and has 145 seconds left.
|player|p2|Charle_phate|blue|
|
|t:|1758254269
|switch|p2a: Heatran|Heatran, M|57/100
|move|p1a: Pecharunt|Parting Shot|p2a: Heatran
|-unboost|p2a: Heatran|atk|1
|-unboost|p2a: Heatran|spa|1
|inactive|Songerrr has 90 seconds left.
|
|t:|1758254319
|switch|p1a: Ribombee|Ribombee, F|100/100|[from] Parting Shot
|
|-heal|p2a: Heatran|63/100|[from] item: Leftovers
|upkeep
|turn|9
|inactive|Charle_phate has 120 seconds left.
|
|t:|1758254361
|move|p1a: Ribombee|Sticky Web|p2a: Heatran
|-sidestart|p2: Charle_phate|move: Sticky Web
|move|p2a: Heatran|Substitute|p2a: Heatran
|-start|p2a: Heatran|Substitute
|-damage|p2a: Heatran|38/100
|
|-heal|p2a: Heatran|44/100|[from] item: Leftovers
|upkeep
|turn|10
|
|t:|1758254374
|switch|p1a: Great Tusk|Great Tusk|46/100
|move|p2a: Heatran|Ancient Power|p1a: Great Tusk
|-resisted|p1a: Great Tusk
|-damage|p1a: Great Tusk|42/100
|
|-heal|p2a: Heatran|50/100|[from] item: Leftovers
|upkeep
|turn|11
|
|t:|1758254379
|move|p1a: Great Tusk|Knock Off|p2a: Heatran
|-activate|p2a: Heatran|move: Substitute|[damage]
|move|p2a: Heatran|Lava Plume|p1a: Great Tusk
|-damage|p1a: Great Tusk|9/100
|-status|p1a: Great Tusk|brn
|
|-heal|p2a: Heatran|57/100|[from] item: Leftovers
|-damage|p1a: Great Tusk|3/100 brn|[from] brn
|upkeep
|turn|12
|
|t:|1758254390
|move|p1a: Great Tusk|Knock Off|p2a: Heatran
|-end|p2a: Heatran|Substitute
|move|p2a: Heatran|Ancient Power|p1a: Great Tusk
|-resisted|p1a: Great Tusk
|-damage|p1a: Great Tusk|0 fnt
|faint|p1a: Great Tusk
|-end|p1a: Great Tusk|Protosynthesis|[silent]
|
|-heal|p2a: Heatran|63/100|[from] item: Leftovers
|upkeep
|
|t:|1758254397
|switch|p1a: Ogerpon|Ogerpon-Wellspring, F|100/100
|turn|13
|
|t:|1758254412
|switch|p2a: Serperior|Serperior, M|100/100
|-activate|p2a: Serperior|move: Sticky Web
|-boost|p2a: Serperior|spe|1
|move|p1a: Ogerpon|Ivy Cudgel|p2a: Serperior|[anim] Ivy Cudgel Water
|-resisted|p2a: Serperior
|-damage|p2a: Serperior|66/100
|
|-heal|p2a: Serperior|72/100|[from] item: Leftovers
|upkeep
|turn|14
|
|t:|1758254421
|move|p2a: Serperior|Glare|p1a: Ogerpon
|-status|p1a: Ogerpon|par
|move|p1a: Ogerpon|U-turn|p2a: Serperior
|-supereffective|p2a: Serperior
|-damage|p2a: Serperior|9/100
|
|t:|1758254426
|switch|p1a: Dragonite|Dragonite, F|100/100|[from] U-turn
|
|-heal|p2a: Serperior|15/100|[from] item: Leftovers
|upkeep
|turn|15
|
|t:|1758254453
|switch|p2a: Heatran|Heatran, M|63/100
|-activate|p2a: Heatran|move: Sticky Web
|-unboost|p2a: Heatran|spe|1
|move|p1a: Dragonite|Extreme Speed|p2a: Heatran
|-resisted|p2a: Heatran
|-damage|p2a: Heatran|49/100
|
|-heal|p2a: Heatran|55/100|[from] item: Leftovers
|upkeep
|turn|16
|inactive|Songerrr has 120 seconds left.
|
|t:|1758254461
|switch|p2a: Zapdos|Zapdos|100/100
|move|p1a: Dragonite|Earthquake|p2a: Zapdos
|-immune|p2a: Zapdos
|
|upkeep
|turn|17
|
|t:|1758254481
|move|p1a: Dragonite|Ice Spinner|p2a: Zapdos
|-supereffective|p2a: Zapdos
|-damage|p2a: Zapdos|47/100
|move|p2a: Zapdos|Heat Wave|p1a: Dragonite
|-resisted|p1a: Dragonite
|-damage|p1a: Dragonite|93/100
|
|-heal|p2a: Zapdos|53/100|[from] item: Leftovers
|upkeep
|turn|18
|
|t:|1758254487
|move|p1a: Dragonite|Ice Spinner|p2a: Zapdos
|-supereffective|p2a: Zapdos
|-damage|p2a: Zapdos|0 fnt
|faint|p2a: Zapdos
|
|upkeep
|
|t:|1758254510
|switch|p2a: Serperior|Serperior, M|15/100
|-activate|p2a: Serperior|move: Sticky Web
|-boost|p2a: Serperior|spe|1
|turn|19
|
|t:|1758254513
|switch|p2a: Heatran|Heatran, M|55/100
|-activate|p2a: Heatran|move: Sticky Web
|-unboost|p2a: Heatran|spe|1
|move|p1a: Dragonite|Extreme Speed|p2a: Heatran
|-resisted|p2a: Heatran
|-damage|p2a: Heatran|43/100
|-status|p1a: Dragonite|brn|[from] ability: Flame Body|[of] p2a: Heatran
|
|-heal|p2a: Heatran|49/100|[from] item: Leftovers
|-damage|p1a: Dragonite|87/100 brn|[from] brn
|upkeep
|turn|20
|inactive|Charle_phate has 120 seconds left.
|inactive|Charle_phate has 90 seconds left.
|
|t:|1758254569
|-terastallize|p2a: Heatran|Flying
|move|p1a: Dragonite|Dragon Dance|p1a: Dragonite
|-boost|p1a: Dragonite|atk|1
|-boost|p1a: Dragonite|spe|1
|move|p2a: Heatran|Substitute|p2a: Heatran
|-start|p2a: Heatran|Substitute
|-damage|p2a: Heatran|24/100
|
|-heal|p2a: Heatran|31/100|[from] item: Leftovers
|-damage|p1a: Dragonite|81/100 brn|[from] brn
|upkeep
|turn|21
|
|t:|1758254579
|move|p1a: Dragonite|Ice Spinner|p2a: Heatran
|-supereffective|p2a: Heatran
|-end|p2a: Heatran|Substitute
|move|p2a: Heatran|Ancient Power|p1a: Dragonite
|-supereffective|p1a: Dragonite
|-crit|p1a: Dragonite
|-damage|p1a: Dragonite|22/100 brn
|
|-heal|p2a: Heatran|37/100|[from] item: Leftovers
|-damage|p1a: Dragonite|16/100 brn|[from] brn
|upkeep
|turn|22
|
|t:|1758254593
|move|p1a: Dragonite|Ice Spinner|p2a: Heatran
|-supereffective|p2a: Heatran
|-crit|p2a: Heatran
|-damage|p2a: Heatran|0 fnt
|faint|p2a: Heatran
|
|-damage|p1a: Dragonite|10/100 brn|[from] brn
|upkeep
|
|t:|1758254600
|switch|p2a: Rotom|Rotom-Wash|42/100
|turn|23
|
|t:|1758254613
|move|p1a: Dragonite|Extreme Speed|p2a: Rotom
|-damage|p2a: Rotom|20/100
|move|p2a: Rotom|Charge Beam|p1a: Dragonite
|-damage|p1a: Dragonite|0 fnt
|faint|p1a: Dragonite
|
|-heal|p2a: Rotom|26/100|[from] item: Leftovers
|upkeep
|
|t:|1758254630
|switch|p1a: Pecharunt|Pecharunt|100/100
|turn|24
|
|t:|1758254634
|move|p1a: Pecharunt|Shadow Ball|p2a: Rotom
|-damage|p2a: Rotom|3/100
|move|p2a: Rotom|Thunder Wave|p1a: Pecharunt
|-status|p1a: Pecharunt|par
|
|-heal|p2a: Rotom|9/100|[from] item: Leftovers
|upkeep
|turn|25
|
|t:|1758254638
|move|p2a: Rotom|Pain Split|p1a: Pecharunt
|-sethp|p1a: Pecharunt|53/100 par|[from] move: Pain Split|[silent]
|-sethp|p2a: Rotom|75/100|[from] move: Pain Split
|move|p1a: Pecharunt|Shadow Ball|p2a: Rotom
|-damage|p2a: Rotom|49/100
|
|-heal|p2a: Rotom|55/100|[from] item: Leftovers
|upkeep
|turn|26
|
|t:|1758254645
|move|p2a: Rotom|Charge Beam|p1a: Pecharunt
|-damage|p1a: Pecharunt|35/100 par
|-boost|p2a: Rotom|spa|1
|cant|p1a: Pecharunt|par
|
|-heal|p2a: Rotom|61/100|[from] item: Leftovers
|upkeep
|turn|27
|
|t:|1758254651
|move|p2a: Rotom|Hydro Pump|p1a: Pecharunt
|-damage|p1a: Pecharunt|0 fnt
|faint|p1a: Pecharunt
|
|-heal|p2a: Rotom|67/100|[from] item: Leftovers
|upkeep
|
|t:|1758254655
|switch|p1a: Ribombee|Ribombee, F|100/100
|turn|28
|
|t:|1758254667
|move|p1a: Ribombee|Psychic Noise|p2a: Rotom
|-damage|p2a: Rotom|45/100
|-start|p2a: Rotom|move: Heal Block
|move|p2a: Rotom|Thunder Wave|p1a: Ribombee
|-status|p1a: Ribombee|par
|
|upkeep
|turn|29
|
|t:|1758254675
|move|p2a: Rotom|Pain Split|p1a: Ribombee
|-sethp|p1a: Ribombee|74/100 par|[from] move: Pain Split|[silent]
|-sethp|p2a: Rotom|71/100|[from] move: Pain Split
|move|p1a: Ribombee|Moonblast|p2a: Rotom
|-damage|p2a: Rotom|32/100
|-unboost|p2a: Rotom|spa|1
|
|-end|p2a: Rotom|move: Heal Block
|upkeep
|turn|30
|
|t:|1758254685
|move|p2a: Rotom|Charge Beam|p1a: Ribombee
|-damage|p1a: Ribombee|42/100 par
|-boost|p2a: Rotom|spa|1
|move|p1a: Ribombee|Moonblast|p2a: Rotom
|-damage|p2a: Rotom|0 fnt
|faint|p2a: Rotom
|
|upkeep
|
|t:|1758254691
|switch|p2a: Landorus|Landorus-Therian, M|100/100
|-ability|p2a: Landorus|Intimidate|boost
|-unboost|p1a: Ribombee|atk|1
|turn|31
|
|t:|1758254695
|move|p2a: Landorus|Swords Dance|p2a: Landorus
|-boost|p2a: Landorus|atk|2
|move|p1a: Ribombee|Moonblast|p2a: Landorus
|-damage|p2a: Landorus|49/100
|
|upkeep
|turn|32
|
|t:|1758254720
|move|p2a: Landorus|Earthquake|p1a: Ribombee
|-resisted|p1a: Ribombee
|-damage|p1a: Ribombee|0 fnt
|faint|p1a: Ribombee
|-damage|p2a: Landorus|39/100|[from] item: Life Orb
|
|upkeep
|
|t:|1758254724
|switch|p1a: Ogerpon|Ogerpon-Wellspring, F|100/100 par
|turn|33
|
|t:|1758254735
|move|p2a: Landorus|Outrage|p1a: Ogerpon
|-damage|p1a: Ogerpon|0 fnt
|faint|p1a: Ogerpon
|-damage|p2a: Landorus|29/100|[from] item: Life Orb
|
|upkeep
|
|t:|1758254740
|switch|p1a: Darkrai|Darkrai|100/100 par
|turn|34
|
|t:|1758254748
|-terastallize|p1a: Darkrai|Poison
|move|p2a: Landorus|Outrage|p1a: Darkrai|[from] lockedmove
|-damage|p1a: Darkrai|0 fnt
|faint|p1a: Darkrai
|-damage|p2a: Landorus|19/100|[from] item: Life Orb
|
|win|Charle_phate
|raw|Songerrr's rating: 1324 &rarr; <strong>1302</strong><br />(-22 for losing)
|raw|Charle_phate's rating: 1283 &rarr; <strong>1311</strong><br />(+28 for winning)
|l|☆Charle_phate
|player|p2|
|l|☆Songerrr
|player|p1|
