|j|☆sergio.andres0211
|j|☆bingus100
|t:|1758270732
|gametype|singles
|player|p1|sergio.andres0211|hilbert-wonderlauncher|1490
|player|p2|bingus100|clay|1485
|gen|9
|tier|[Gen 9] OU
|rated|
|rule|HP Percentage Mod: HP is shown in percentages
|rule|Endless Battle Clause: Forcing endless battles is banned
|rule|Species Clause: Limit one of each Pokémon
|rule|OHKO Clause: OHKO moves are banned
|rule|Evasion Items Clause: Evasion items are banned
|rule|Evasion Moves Clause: Evasion moves are banned
|rule|Evasion Abilities Clause: Evasion abilities are banned
|rule|Sleep Moves Clause: Sleep-inducing moves are banned
|clearpoke
|poke|p1|Meowscarada, F|
|poke|p1|Quaquaval, M|
|poke|p1|Ceruledge, M|
|poke|p1|Sandy Shocks|
|poke|p1|Enamorus, F|
|poke|p1|Glimmora, M|
|poke|p2|Heatran, M|
|poke|p2|Ogerpon-Wellspring, F|
|poke|p2|Rillaboom, M|
|poke|p2|Great Tusk|
|poke|p2|Dragapult, M|
|poke|p2|Bronzong|
|teampreview
|inactive|Battle timer is ON: inactive players will automatically lose when time's up. (requested by sergio.andres0211)
|
|t:|1758270757
|teamsize|p1|6
|teamsize|p2|6
|start
|switch|p1a: Meowscarada|Meowscarada, F|100/100
|switch|p2a: Rillaboom|Rillaboom, M|100/100
|-fieldstart|move: Grassy Terrain|[from] ability: Grassy Surge|[of] p2a: Rillaboom
|turn|1
|
|t:|1758270765
|switch|p1a: Glimmora|Glimmora, M|100/100
|switch|p2a: Heatran|Heatran, M|100/100
|
|upkeep
|turn|2
|
|t:|1758270769
|move|p1a: Glimmora|Earth Power|p2a: Heatran
|-supereffective|p2a: Heatran
|-damage|p2a: Heatran|25/100
|-unboost|p2a: Heatran|spd|1
|move|p2a: Heatran|Earth Power|p1a: Glimmora
|-supereffective|p1a: Glimmora
|-damage|p1a: Glimmora|0 fnt
|faint|p1a: Glimmora
|
|-heal|p2a: Heatran|32/100|[from] Grassy Terrain
|-heal|p2a: Heatran|38/100|[from] item: Leftovers
|upkeep
|
|t:|1758270777
|switch|p1a: Quaquaval|Quaquaval, M|100/100
|turn|3
|
|t:|1758270781
|switch|p2a: Rillaboom|Rillaboom, M|100/100
|move|p1a: Quaquaval|Ice Spinner|p2a: Rillaboom
|-supereffective|p2a: Rillaboom
|-damage|p2a: Rillaboom|45/100
|-fieldend|move: Grassy Terrain
|
|upkeep
|turn|4
|
|t:|1758270792
|switch|p2a: Bronzong|Bronzong, shiny|100/100
|move|p1a: Quaquaval|Close Combat|p2a: Bronzong
|-damage|p2a: Bronzong|57/100
|-unboost|p1a: Quaquaval|def|1
|-unboost|p1a: Quaquaval|spd|1
|
|upkeep
|turn|5
|
|t:|1758270799
|switch|p1a: Meowscarada|Meowscarada, F|100/100
|move|p2a: Bronzong|Psychic Noise|p1a: Meowscarada
|-immune|p1a: Meowscarada
|
|upkeep
|turn|6
|
|t:|1758270805
|move|p1a: Meowscarada|Knock Off|p2a: Bronzong
|-supereffective|p2a: Bronzong
|-enditem|p2a: Bronzong|Colbur Berry|[eat]
|-enditem|p2a: Bronzong|Colbur Berry|[weaken]
|-damage|p2a: Bronzong|20/100
|-damage|p1a: Meowscarada|91/100|[from] item: Life Orb
|move|p2a: Bronzong|Body Press|p1a: Meowscarada
|-supereffective|p1a: Meowscarada
|-damage|p1a: Meowscarada|0 fnt
|faint|p1a: Meowscarada
|
|upkeep
|
|t:|1758270812
|switch|p1a: Enamorus|Enamorus, F|100/100
|turn|7
|
|t:|1758270816
|move|p1a: Enamorus|Superpower|p2a: Bronzong
|-damage|p2a: Bronzong|0 fnt
|-boost|p1a: Enamorus|atk|1
|-boost|p1a: Enamorus|def|1
|faint|p2a: Bronzong
|
|upkeep
|
|t:|1758270837
|switch|p2a: Dragapult|Dragapult, M|100/100
|turn|8
|
|t:|1758270843
|move|p2a: Dragapult|Shadow Ball|p1a: Enamorus
|-damage|p1a: Enamorus|18/100
|move|p1a: Enamorus|Moonblast|p2a: Dragapult
|-supereffective|p2a: Dragapult
|-damage|p2a: Dragapult|0 fnt
|faint|p2a: Dragapult
|
|-heal|p1a: Enamorus|24/100|[from] item: Leftovers
|upkeep
|
|t:|1758270856
|switch|p2a: Ogerpon|Ogerpon-Wellspring, F|100/100
|turn|9
|
|t:|1758270878
|move|p1a: Enamorus|Superpower|p2a: Ogerpon
|-damage|p2a: Ogerpon|40/100
|-boost|p1a: Enamorus|atk|1
|-boost|p1a: Enamorus|def|1
|move|p2a: Ogerpon|Ivy Cudgel|p1a: Enamorus|[anim] Ivy Cudgel Water
|-damage|p1a: Enamorus|0 fnt
|faint|p1a: Enamorus
|
|upkeep
|
|t:|1758270887
|switch|p1a: Sandy Shocks|Sandy Shocks|100/100
|-enditem|p1a: Sandy Shocks|Booster Energy
|-activate|p1a: Sandy Shocks|ability: Protosynthesis|[fromitem]
|-start|p1a: Sandy Shocks|protosynthesisspe
|turn|10
|
|t:|1758270893
|switch|p2a: Heatran|Heatran, M|38/100
|move|p1a: Sandy Shocks|Discharge|p2a: Heatran
|-damage|p2a: Heatran|14/100
|
|-heal|p2a: Heatran|20/100|[from] item: Leftovers
|upkeep
|turn|11
|
|t:|1758270898
|move|p1a: Sandy Shocks|Discharge|p2a: Heatran
|-damage|p2a: Heatran|0 fnt
|faint|p2a: Heatran
|
|upkeep
|
|t:|1758270908
|switch|p2a: Rillaboom|Rillaboom, M|45/100
|-fieldstart|move: Grassy Terrain|[from] ability: Grassy Surge|[of] p2a: Rillaboom
|turn|12
|
|t:|1758270918
|-terastallize|p1a: Sandy Shocks|Ice
|move|p2a: Rillaboom|Grassy Glide|p1a: Sandy Shocks
|-damage|p1a: Sandy Shocks|59/100
|move|p1a: Sandy Shocks|Tera Blast|p2a: Rillaboom|[anim] Tera Blast Ice
|-supereffective|p2a: Rillaboom
|-damage|p2a: Rillaboom|0 fnt
|faint|p2a: Rillaboom
|
|-heal|p1a: Sandy Shocks|65/100|[from] Grassy Terrain
|upkeep
|
|t:|1758270924
|switch|p2a: Great Tusk|Great Tusk|100/100
|turn|13
|
|t:|1758270943
|-terastallize|p2a: Great Tusk|Steel
|move|p1a: Sandy Shocks|Earth Power|p2a: Great Tusk
|-supereffective|p2a: Great Tusk
|-damage|p2a: Great Tusk|0 fnt
|faint|p2a: Great Tusk
|-end|p2a: Great Tusk|Protosynthesis|[silent]
|
|-heal|p1a: Sandy Shocks|72/100|[from] Grassy Terrain
|upkeep
|
|t:|1758270947
|switch|p2a: Ogerpon|Ogerpon-Wellspring, F|40/100
|turn|14
|
|t:|1758270951
|move|p1a: Sandy Shocks|Discharge|p2a: Ogerpon
|-damage|p2a: Ogerpon|0 fnt
|faint|p2a: Ogerpon
|
|win|sergio.andres0211
|raw|sergio.andres0211's rating: 1490 &rarr; <strong>1510</strong><br />(+20 for winning)
|raw|bingus100's rating: 1485 &rarr; <strong>1465</strong><br />(-20 for losing)
|l|☆bingus100
|player|p2|
|l|☆sergio.andres0211
|player|p1|
