|j|☆Espeolo
|j|☆Lgm4905
|t:|1758231841
|gametype|singles
|player|p1|Espeolo|cynthia-gen4|
|player|p2|Lgm4905|265|
|gen|9
|tier|[Gen 9] OU
|rule|HP Percentage Mod: HP is shown in percentages
|rule|Endless Battle Clause: Forcing endless battles is banned
|rule|Species Clause: Limit one of each Pokémon
|rule|OHKO Clause: OHKO moves are banned
|rule|Evasion Items Clause: Evasion items are banned
|rule|Evasion Moves Clause: Evasion moves are banned
|rule|Evasion Abilities Clause: Evasion abilities are banned
|rule|Sleep Moves Clause: Sleep-inducing moves are banned
|clearpoke
|poke|p1|Ninetales-Alola, F|
|poke|p1|Heatran, F|
|poke|p1|Zapdos|
|poke|p1|Hatterene, F|
|poke|p1|Azelf|
|poke|p1|Latios, M|
|poke|p2|Kingambit, M|
|poke|p2|Great Tusk|
|poke|p2|Tinkaton, F|
|poke|p2|Greninja-*, M|
|poke|p2|Mew|
|poke|p2|Beartic, F|
|teampreview
|j| Breezy64
|
|t:|1758232027
|teamsize|p1|6
|teamsize|p2|6
|start
|switch|p1a: A Volunteer|Azelf|100/100
|switch|p2a: Tinkaton|Tinkaton, F|100/100
|-item|p2a: Tinkaton|Air Balloon
|turn|1
|j| Not Thornyferro
|
|t:|1758232078
|move|p1a: A Volunteer|Taunt|p2a: Tinkaton
|-start|p2a: Tinkaton|move: Taunt
|cant|p2a: Tinkaton|move: Taunt|Encore
|
|upkeep
|turn|2
|
|t:|1758232084
|move|p1a: A Volunteer|Stealth Rock|p2a: Tinkaton
|-sidestart|p2: Lgm4905|move: Stealth Rock
|move|p2a: Tinkaton|Knock Off|p1a: A Volunteer
|-supereffective|p1a: A Volunteer
|-damage|p1a: A Volunteer|46/100
|-enditem|p1a: A Volunteer|Focus Sash|[from] move: Knock Off|[of] p2a: Tinkaton
|
|upkeep
|turn|3
|
|t:|1758232092
|move|p1a: A Volunteer|Explosion|p2a: Tinkaton
|-resisted|p2a: Tinkaton
|-damage|p2a: Tinkaton|57/100
|-enditem|p2a: Tinkaton|Air Balloon
|faint|p1a: A Volunteer
|move|p2a: Tinkaton|Gigaton Hammer|p1: A Volunteer|[notarget]
|-fail|p2a: Tinkaton
|
|-end|p2a: Tinkaton|move: Taunt
|upkeep
|
|t:|1758232130
|switch|p1a: My Pet Rock|Heatran, F|100/100
|turn|4
|
|t:|1758232146
|switch|p2a: Greninja|Greninja, M|100/100
|-damage|p2a: Greninja|88/100|[from] Stealth Rock
|switch|p1a: *Boink*|Hatterene, F|100/100
|
|upkeep
|turn|5
|
|t:|1758232174
|move|p2a: Greninja|Hydro Pump|p1a: *Boink*
|-damage|p1a: *Boink*|29/100
|-damage|p2a: Greninja|78/100|[from] item: Life Orb
|move|p1a: *Boink*|Calm Mind|p1a: *Boink*
|-boost|p1a: *Boink*|spa|1
|-boost|p1a: *Boink*|spd|1
|
|-heal|p1a: *Boink*|35/100|[from] item: Leftovers
|upkeep
|turn|6
|j| XP105
|
|t:|1758232341
|-terastallize|p1a: *Boink*|Grass
|move|p2a: Greninja|Hydro Pump|p1a: *Boink*
|-resisted|p1a: *Boink*
|-damage|p1a: *Boink*|11/100
|-damage|p2a: Greninja|69/100|[from] item: Life Orb
|move|p1a: *Boink*|Giga Drain|p2a: Greninja
|-supereffective|p2a: Greninja
|-damage|p2a: Greninja|0 fnt
|-heal|p1a: *Boink*|44/100|[from] drain|[of] p2a: Greninja
|faint|p2a: Greninja
|
|-heal|p1a: *Boink*|50/100|[from] item: Leftovers
|upkeep
|
|t:|1758232354
|switch|p2a: Beartic|Beartic, F|100/100
|-damage|p2a: Beartic|76/100|[from] Stealth Rock
|turn|7
|
|t:|1758232408
|move|p2a: Beartic|Icicle Spear|p1a: *Boink*
|-supereffective|p1a: *Boink*
|-damage|p1a: *Boink*|20/100
|-supereffective|p1a: *Boink*
|-damage|p1a: *Boink*|0 fnt
|faint|p1a: *Boink*
|-hitcount|p1: *Boink*|2
|
|upkeep
|
|t:|1758232454
|switch|p1a: Concord|Latios, M|100/100
|turn|8
|
|t:|1758232467
|move|p1a: Concord|Draco Meteor|p2a: Beartic
|-damage|p2a: Beartic|0 fnt
|-unboost|p1a: Concord|spa|2
|faint|p2a: Beartic
|
|upkeep
|
|t:|1758232477
|switch|p2a: Tinkaton|Tinkaton, F|57/100
|-damage|p2a: Tinkaton|50/100|[from] Stealth Rock
|turn|9
|
|t:|1758232494
|switch|p1a: Birb|Zapdos|100/100
|-ability|p1a: Birb|Pressure
|move|p2a: Tinkaton|Knock Off|p1a: Birb
|-damage|p1a: Birb|87/100
|-enditem|p1a: Birb|Leftovers|[from] move: Knock Off|[of] p2a: Tinkaton
|
|upkeep
|turn|10
|
|t:|1758232506
|switch|p2a: Great Tusk|Great Tusk|100/100
|move|p1a: Birb|Discharge|p2a: Great Tusk
|-immune|p2a: Great Tusk
|
|upkeep
|turn|11
|
|t:|1758232537
|switch|p1a: Ice Princess|Ninetales-Alola, F, shiny|100/100
|-weather|Snowscape|[from] ability: Snow Warning|[of] p1a: Ice Princess
|move|p2a: Great Tusk|Rapid Spin|p1a: Ice Princess
|-damage|p1a: Ice Princess|83/100
|-boost|p2a: Great Tusk|spe|1
|-sideend|p2: Lgm4905|Stealth Rock|[from] move: Rapid Spin|[of] p2a: Great Tusk
|
|-weather|Snowscape|[upkeep]
|upkeep
|turn|12
|c|☆Lgm4905|should we wait
|
|t:|1758232646
|move|p2a: Great Tusk|Stealth Rock|p1a: Ice Princess
|-sidestart|p1: Espeolo|move: Stealth Rock
|move|p1a: Ice Princess|Aurora Veil|p1a: Ice Princess
|-sidestart|p1: Espeolo|move: Aurora Veil
|
|-weather|Snowscape|[upkeep]
|upkeep
|turn|13
|
|t:|1758232662
|move|p2a: Great Tusk|Ice Spinner|p1a: Ice Princess
|-resisted|p1a: Ice Princess
|-damage|p1a: Ice Princess|76/100
|move|p1a: Ice Princess|Nasty Plot|p1a: Ice Princess
|-boost|p1a: Ice Princess|spa|2
|
|-weather|Snowscape|[upkeep]
|upkeep
|turn|14
|
|t:|1758232682
|-end|p2a: Great Tusk|Protosynthesis|[silent]
|switch|p2a: Tinkaton|Tinkaton, F|50/100
|move|p1a: Ice Princess|Nasty Plot|p1a: Ice Princess
|-boost|p1a: Ice Princess|spa|2
|
|-weather|Snowscape|[upkeep]
|upkeep
|turn|15
|
|t:|1758232780
|move|p1a: Ice Princess|Blizzard|p2a: Tinkaton
|-resisted|p2a: Tinkaton
|-damage|p2a: Tinkaton|0 fnt
|faint|p2a: Tinkaton
|
|-weather|none
|upkeep
|
|t:|1758232790
|switch|p2a: Mew|Mew|100/100
|turn|16
|
|t:|1758232809
|move|p1a: Ice Princess|Moonblast|p2a: Mew
|-damage|p2a: Mew|4/100
|move|p2a: Mew|Knock Off|p1a: Ice Princess
|-resisted|p1a: Ice Princess
|-damage|p1a: Ice Princess|68/100
|-enditem|p1a: Ice Princess|Light Clay|[from] move: Knock Off|[of] p2a: Mew
|
|upkeep
|turn|17
|
|t:|1758232830
|move|p1a: Ice Princess|Moonblast|p2a: Mew
|-damage|p2a: Mew|0 fnt
|faint|p2a: Mew
|
|upkeep
|
|t:|1758232832
|switch|p2a: Kingambit|Kingambit, M|100/100
|-activate|p2a: Kingambit|ability: Supreme Overlord
|-start|p2a: Kingambit|fallen4|[silent]
|turn|18
|
|t:|1758232873
|-end|p2a: Kingambit|fallen4|[silent]
|switch|p2a: Great Tusk|Great Tusk|100/100
|move|p1a: Ice Princess|Moonblast|p2a: Great Tusk
|-supereffective|p2a: Great Tusk
|-damage|p2a: Great Tusk|0 fnt
|faint|p2a: Great Tusk
|-end|p2a: Great Tusk|Protosynthesis|[silent]
|
|upkeep
|
|t:|1758232877
|switch|p2a: Kingambit|Kingambit, M|100/100
|-activate|p2a: Kingambit|ability: Supreme Overlord
|-start|p2a: Kingambit|fallen5|[silent]
|turn|19
|
|t:|1758232882
|move|p2a: Kingambit|Sucker Punch|p1a: Ice Princess
|-resisted|p1a: Ice Princess
|-damage|p1a: Ice Princess|44/100
|move|p1a: Ice Princess|Moonblast|p2a: Kingambit
|-damage|p2a: Kingambit|2/100
|-unboost|p2a: Kingambit|spa|1
|
|-heal|p2a: Kingambit|8/100|[from] item: Leftovers
|-sideend|p1: Espeolo|move: Aurora Veil
|upkeep
|turn|20
|
|t:|1758232894
|move|p2a: Kingambit|Sucker Punch|p1a: Ice Princess
|-resisted|p1a: Ice Princess
|-damage|p1a: Ice Princess|0 fnt
|faint|p1a: Ice Princess
|
|-heal|p2a: Kingambit|14/100|[from] item: Leftovers
|upkeep
|
|t:|1758232950
|switch|p1a: Birb|Zapdos|87/100
|-damage|p1a: Birb|62/100|[from] Stealth Rock
|-ability|p1a: Birb|Pressure
|turn|21
|
|t:|1758233009
|move|p2a: Kingambit|Sucker Punch|p1a: Birb
|-damage|p1a: Birb|17/100
|move|p1a: Birb|Discharge|p2a: Kingambit
|-damage|p2a: Kingambit|0 fnt
|faint|p2a: Kingambit
|-end|p2a: Kingambit|fallen5|[silent]
|
|win|Espeolo
