|j|☆Titanos_Mosura
|j|☆Charle_phate
|t:|1758346864
|gametype|singles
|player|p1|Titanos_Mosura|riley|1133
|player|p2|Charle_phate|blue|1179
|gen|9
|tier|[Gen 9] OU
|rated|
|rule|HP Percentage Mod: HP is shown in percentages
|rule|Endless Battle Clause: Forcing endless battles is banned
|rule|Species Clause: Limit one of each Pokémon
|rule|OHKO Clause: OHKO moves are banned
|rule|Evasion Items Clause: Evasion items are banned
|rule|Evasion Moves Clause: Evasion moves are banned
|rule|Evasion Abilities Clause: Evasion abilities are banned
|rule|Sleep Moves Clause: Sleep-inducing moves are banned
|clearpoke
|poke|p1|Toxapex, M|
|poke|p1|Hawlucha, M|
|poke|p1|Maushold-Four|
|poke|p1|Deoxys-Defense|
|poke|p1|Volcanion|
|poke|p1|Hoopa-Unbound|
|poke|p2|Serperior, M|
|poke|p2|Rotom-Wash|
|poke|p2|Zapdos|
|poke|p2|Heatran, M|
|poke|p2|Clefable, M|
|poke|p2|Landorus-Therian, M|
|teampreview
|
|t:|1758346873
|teamsize|p1|6
|teamsize|p2|6
|start
|switch|p1a: Hoopa|Hoopa-Unbound|100/100
|switch|p2a: Rotom|Rotom-Wash|100/100
|turn|1
|
|t:|1758346889
|move|p1a: Hoopa|Hyperspace Fury|p2a: Rotom
|-damage|p2a: Rotom|38/100
|-unboost|p1a: Hoopa|def|1
|-item|p1a: Hoopa|Leftovers|[from] ability: Magician|[of] p2a: Rotom
|move|p2a: Rotom|Thunder Wave|p1a: Hoopa
|-status|p1a: Hoopa|par
|
|upkeep
|turn|2
|
|t:|1758346905
|move|p2a: Rotom|Pain Split|p1a: Hoopa
|-sethp|p1a: Hoopa|66/100 par|[from] move: Pain Split|[silent]
|-sethp|p2a: Rotom|78/100|[from] move: Pain Split
|move|p1a: Hoopa|Zen Headbutt|p2a: Rotom
|-damage|p2a: Rotom|26/100
|
|-heal|p1a: Hoopa|72/100 par|[from] item: Leftovers
|upkeep
|turn|3
|
|t:|1758346918
|move|p2a: Rotom|Pain Split|p1a: Hoopa
|-sethp|p1a: Hoopa|47/100 par|[from] move: Pain Split|[silent]
|-sethp|p2a: Rotom|56/100|[from] move: Pain Split
|move|p1a: Hoopa|Hyperspace Fury|p2a: Rotom
|-damage|p2a: Rotom|0 fnt
|-unboost|p1a: Hoopa|def|1
|faint|p2a: Rotom
|
|-heal|p1a: Hoopa|53/100 par|[from] item: Leftovers
|upkeep
|
|t:|1758346921
|switch|p2a: Zapdos|Zapdos|100/100
|turn|4
|inactive|Battle timer is ON: inactive players will automatically lose when time's up. (requested by Charle_phate)
|
|t:|1758346935
|move|p2a: Zapdos|Ancient Power|p1a: Hoopa
|-damage|p1a: Hoopa|37/100 par
|move|p1a: Hoopa|Hyperspace Fury|p2a: Zapdos
|-damage|p2a: Zapdos|44/100
|-unboost|p1a: Hoopa|def|1
|
|-heal|p2a: Zapdos|51/100|[from] item: Leftovers
|-heal|p1a: Hoopa|43/100 par|[from] item: Leftovers
|upkeep
|turn|5
|
|t:|1758346945
|move|p2a: Zapdos|Ancient Power|p1a: Hoopa
|-damage|p1a: Hoopa|28/100 par
|move|p1a: Hoopa|Hyperspace Fury|p2a: Zapdos
|-damage|p2a: Zapdos|0 fnt
|-unboost|p1a: Hoopa|def|1
|faint|p2a: Zapdos
|
|-heal|p1a: Hoopa|34/100 par|[from] item: Leftovers
|upkeep
|
|t:|1758346953
|switch|p2a: Heatran|Heatran, M|100/100
|turn|6
|
|t:|1758346960
|move|p2a: Heatran|Substitute|p2a: Heatran
|-start|p2a: Heatran|Substitute
|-damage|p2a: Heatran|76/100
|move|p1a: Hoopa|Hyperspace Fury|p2a: Heatran
|-damage|p2a: Heatran|20/100
|-unboost|p1a: Hoopa|def|1
|
|-heal|p2a: Heatran|26/100|[from] item: Leftovers
|-heal|p1a: Hoopa|40/100 par|[from] item: Leftovers
|upkeep
|turn|7
|
|t:|1758346971
|move|p2a: Heatran|Magma Storm|p1a: Hoopa|[miss]
|-miss|p2a: Heatran|p1a: Hoopa
|cant|p1a: Hoopa|par
|
|-heal|p2a: Heatran|32/100|[from] item: Leftovers
|-heal|p1a: Hoopa|46/100 par|[from] item: Leftovers
|upkeep
|turn|8
|
|t:|1758346983
|move|p2a: Heatran|Magma Storm|p1a: Hoopa
|-damage|p1a: Hoopa|7/100 par
|-activate|p1a: Hoopa|move: Magma Storm|[of] p2a: Heatran
|move|p1a: Hoopa|Hyperspace Fury|p2a: Heatran
|-damage|p2a: Heatran|0 fnt
|-unboost|p1a: Hoopa|def|1
|faint|p2a: Heatran
|
|-heal|p1a: Hoopa|13/100 par|[from] item: Leftovers
|-end|p1a: Hoopa|Magma Storm|[partiallytrapped]|[silent]
|upkeep
|
|t:|1758346993
|switch|p2a: Serperior|Serperior, M|100/100
|turn|9
|
|t:|1758346997
|move|p2a: Serperior|Substitute|p2a: Serperior
|-start|p2a: Serperior|Substitute
|-damage|p2a: Serperior|75/100
|move|p1a: Hoopa|Fire Punch|p2a: Serperior
|-supereffective|p2a: Serperior
|-end|p2a: Serperior|Substitute
|
|-heal|p2a: Serperior|82/100|[from] item: Leftovers
|-heal|p1a: Hoopa|19/100 par|[from] item: Leftovers
|upkeep
|turn|10
|
|t:|1758347013
|move|p2a: Serperior|Leaf Storm|p1a: Hoopa|[miss]
|-miss|p2a: Serperior|p1a: Hoopa
|move|p1a: Hoopa|Hyperspace Fury|p2a: Serperior
|-damage|p2a: Serperior|0 fnt
|faint|p2a: Serperior
|
|-heal|p1a: Hoopa|25/100 par|[from] item: Leftovers
|upkeep
|
|t:|1758347016
|switch|p2a: Landorus|Landorus-Therian, M|100/100
|-ability|p2a: Landorus|Intimidate|boost
|-unboost|p1a: Hoopa|atk|1
|turn|11
|
|t:|1758347029
|move|p2a: Landorus|Swords Dance|p2a: Landorus
|-boost|p2a: Landorus|atk|2
|move|p1a: Hoopa|Hyperspace Fury|p2a: Landorus
|-damage|p2a: Landorus|54/100
|
|-heal|p1a: Hoopa|31/100 par|[from] item: Leftovers
|upkeep
|turn|12
|
|t:|1758347040
|move|p2a: Landorus|Earthquake|p1a: Hoopa
|-damage|p1a: Hoopa|0 fnt
|faint|p1a: Hoopa
|-damage|p2a: Landorus|44/100|[from] item: Life Orb
|
|upkeep
|
|t:|1758347051
|switch|p1a: Maushold|Maushold-Four|100/100
|turn|13
|
|t:|1758347059
|move|p1a: Maushold|Population Bomb|p2a: Landorus
|-damage|p2a: Landorus|32/100
|-damage|p2a: Landorus|22/100
|-damage|p2a: Landorus|10/100
|-damage|p2a: Landorus|0 fnt
|faint|p2a: Landorus
|-hitcount|p2: Landorus|4
|
|upkeep
|
|t:|1758347062
|switch|p2a: Clefable|Clefable, M|100/100
|turn|14
|
|t:|1758347071
|move|p1a: Maushold|Population Bomb|p2a: Clefable
|-damage|p2a: Clefable|92/100
|-damage|p2a: Clefable|83/100
|-damage|p2a: Clefable|74/100
|-damage|p2a: Clefable|66/100
|-hitcount|p2a: Clefable|4
|move|p2a: Clefable|Cosmic Power|p2a: Clefable
|-boost|p2a: Clefable|def|1
|-boost|p2a: Clefable|spd|1
|
|-heal|p2a: Clefable|72/100|[from] item: Leftovers
|upkeep
|turn|15
|
|t:|1758347095
|move|p1a: Maushold|Population Bomb|p2a: Clefable
|-damage|p2a: Clefable|66/100
|-damage|p2a: Clefable|60/100
|-damage|p2a: Clefable|55/100
|-damage|p2a: Clefable|49/100
|-hitcount|p2a: Clefable|4
|move|p2a: Clefable|Cosmic Power|p2a: Clefable
|-boost|p2a: Clefable|def|1
|-boost|p2a: Clefable|spd|1
|
|-heal|p2a: Clefable|55/100|[from] item: Leftovers
|upkeep
|turn|16
|
|t:|1758347125
|switch|p1a: Deoxys|Deoxys-Defense|100/100
|-ability|p1a: Deoxys|Pressure
|move|p2a: Clefable|Cosmic Power|p2a: Clefable
|-boost|p2a: Clefable|def|1
|-boost|p2a: Clefable|spd|1
|
|-heal|p2a: Clefable|61/100|[from] item: Leftovers
|upkeep
|turn|17
|inactive|Charle_phate has 120 seconds left.
|
|t:|1758347140
|move|p1a: Deoxys|Cosmic Power|p1a: Deoxys
|-boost|p1a: Deoxys|def|1
|-boost|p1a: Deoxys|spd|1
|move|p2a: Clefable|Cosmic Power|p2a: Clefable
|-boost|p2a: Clefable|def|1
|-boost|p2a: Clefable|spd|1
|
|-heal|p2a: Clefable|67/100|[from] item: Leftovers
|upkeep
|turn|18
|
|t:|1758347149
|move|p1a: Deoxys|Cosmic Power|p1a: Deoxys
|-boost|p1a: Deoxys|def|1
|-boost|p1a: Deoxys|spd|1
|move|p2a: Clefable|Cosmic Power|p2a: Clefable
|-boost|p2a: Clefable|def|1
|-boost|p2a: Clefable|spd|1
|
|-heal|p2a: Clefable|73/100|[from] item: Leftovers
|upkeep
|turn|19
|
|t:|1758347167
|move|p1a: Deoxys|Cosmic Power|p1a: Deoxys
|-boost|p1a: Deoxys|def|1
|-boost|p1a: Deoxys|spd|1
|move|p2a: Clefable|Cosmic Power|p2a: Clefable
|-boost|p2a: Clefable|def|1
|-boost|p2a: Clefable|spd|1
|
|-heal|p2a: Clefable|79/100|[from] item: Leftovers
|upkeep
|turn|20
|
|t:|1758347176
|move|p1a: Deoxys|Cosmic Power|p1a: Deoxys
|-boost|p1a: Deoxys|def|1
|-boost|p1a: Deoxys|spd|1
|move|p2a: Clefable|Charge Beam|p1a: Deoxys
|-damage|p1a: Deoxys|98/100
|-boost|p2a: Clefable|spa|1
|
|-heal|p1a: Deoxys|100/100|[from] item: Leftovers
|-heal|p2a: Clefable|85/100|[from] item: Leftovers
|upkeep
|turn|21
|
|t:|1758347187
|move|p1a: Deoxys|Cosmic Power|p1a: Deoxys
|-boost|p1a: Deoxys|def|1
|-boost|p1a: Deoxys|spd|1
|move|p2a: Clefable|Charge Beam|p1a: Deoxys|[miss]
|-miss|p2a: Clefable|p1a: Deoxys
|
|-heal|p2a: Clefable|91/100|[from] item: Leftovers
|upkeep
|turn|22
|
|t:|1758347196
|move|p1a: Deoxys|Cosmic Power|p1a: Deoxys
|-boost|p1a: Deoxys|def|1
|-boost|p1a: Deoxys|spd|1
|move|p2a: Clefable|Charge Beam|p1a: Deoxys
|-damage|p1a: Deoxys|98/100
|
|-heal|p1a: Deoxys|100/100|[from] item: Leftovers
|-heal|p2a: Clefable|97/100|[from] item: Leftovers
|upkeep
|turn|23
|
|t:|1758347207
|move|p1a: Deoxys|Stored Power|p2a: Clefable
|-damage|p2a: Clefable|81/100
|move|p2a: Clefable|Charge Beam|p1a: Deoxys
|-damage|p1a: Deoxys|97/100
|-boost|p2a: Clefable|spa|1
|
|-heal|p1a: Deoxys|100/100|[from] item: Leftovers
|-heal|p2a: Clefable|87/100|[from] item: Leftovers
|upkeep
|turn|24
|
|t:|1758347216
|move|p1a: Deoxys|Stored Power|p2a: Clefable
|-damage|p2a: Clefable|69/100
|move|p2a: Clefable|Stored Power|p1a: Deoxys
|-resisted|p1a: Deoxys
|-damage|p1a: Deoxys|89/100
|
|-heal|p1a: Deoxys|95/100|[from] item: Leftovers
|-heal|p2a: Clefable|75/100|[from] item: Leftovers
|upkeep
|turn|25
|
|t:|1758347239
|move|p1a: Deoxys|Stored Power|p2a: Clefable
|-damage|p2a: Clefable|60/100
|move|p2a: Clefable|Charge Beam|p1a: Deoxys
|-damage|p1a: Deoxys|91/100
|
|-heal|p1a: Deoxys|97/100|[from] item: Leftovers
|-heal|p2a: Clefable|66/100|[from] item: Leftovers
|upkeep
|turn|26
|
|t:|1758347248
|move|p1a: Deoxys|Stored Power|p2a: Clefable
|-damage|p2a: Clefable|47/100
|move|p2a: Clefable|Charge Beam|p1a: Deoxys|[miss]
|-miss|p2a: Clefable|p1a: Deoxys
|
|-heal|p1a: Deoxys|100/100|[from] item: Leftovers
|-heal|p2a: Clefable|53/100|[from] item: Leftovers
|upkeep
|turn|27
|
|t:|1758347269
|move|p1a: Deoxys|Stored Power|p2a: Clefable
|-damage|p2a: Clefable|35/100
|move|p2a: Clefable|Charge Beam|p1a: Deoxys
|-damage|p1a: Deoxys|96/100
|-boost|p2a: Clefable|spa|1
|
|-heal|p1a: Deoxys|100/100|[from] item: Leftovers
|-heal|p2a: Clefable|41/100|[from] item: Leftovers
|upkeep
|turn|28
|
|t:|1758347282
|move|p1a: Deoxys|Stored Power|p2a: Clefable
|-damage|p2a: Clefable|25/100
|move|p2a: Clefable|Draining Kiss|p1a: Deoxys
|-damage|p1a: Deoxys|93/100
|-heal|p2a: Clefable|29/100|[from] drain|[of] p1a: Deoxys
|
|-heal|p1a: Deoxys|99/100|[from] item: Leftovers
|-heal|p2a: Clefable|35/100|[from] item: Leftovers
|upkeep
|turn|29
|
|t:|1758347292
|move|p1a: Deoxys|Stored Power|p2a: Clefable
|-damage|p2a: Clefable|18/100
|move|p2a: Clefable|Stored Power|p1a: Deoxys
|-resisted|p1a: Deoxys
|-damage|p1a: Deoxys|84/100
|
|-heal|p1a: Deoxys|90/100|[from] item: Leftovers
|-heal|p2a: Clefable|24/100|[from] item: Leftovers
|upkeep
|turn|30
|
|t:|1758347302
|move|p1a: Deoxys|Stored Power|p2a: Clefable
|-damage|p2a: Clefable|6/100
|move|p2a: Clefable|Stored Power|p1a: Deoxys
|-resisted|p1a: Deoxys
|-damage|p1a: Deoxys|75/100
|
|-heal|p1a: Deoxys|81/100|[from] item: Leftovers
|-heal|p2a: Clefable|12/100|[from] item: Leftovers
|upkeep
|turn|31
|
|t:|1758347311
|move|p1a: Deoxys|Stored Power|p2a: Clefable
|-damage|p2a: Clefable|0 fnt
|faint|p2a: Clefable
|
|win|Titanos_Mosura
|raw|Titanos_Mosura's rating: 1133 &rarr; <strong>1163</strong><br />(+30 for winning)
|raw|Charle_phate's rating: 1208 &rarr; <strong>1178</strong><br />(-30 for losing)
|l|☆Titanos_Mosura
|player|p1|
|l|☆Charle_phate
|player|p2|
