|j|☆rookie22
|j|☆DontMissMantine
|t:|1758310600
|gametype|singles
|player|p1|rookie22|iris-gen5bw2|1735
|player|p2|DontMissMantine|lucas|1750
|gen|9
|tier|[Gen 9] OU
|rated|
|rule|HP Percentage Mod: HP is shown in percentages
|rule|Endless Battle Clause: Forcing endless battles is banned
|rule|Species Clause: Limit one of each Pokémon
|rule|OHKO Clause: OHKO moves are banned
|rule|Evasion Items Clause: Evasion items are banned
|rule|Evasion Moves Clause: Evasion moves are banned
|rule|Evasion Abilities Clause: Evasion abilities are banned
|rule|Sleep Moves Clause: Sleep-inducing moves are banned
|clearpoke
|poke|p1|Dragonite, M|
|poke|p1|Meowscarada, F|
|poke|p1|Keldeo|
|poke|p1|Iron Crown|
|poke|p1|Raging Bolt|
|poke|p1|Great Tusk|
|poke|p2|Pelipper, F|
|poke|p2|Beartic, F|
|poke|p2|Barraskewda, M|
|poke|p2|Ogerpon-Wellspring, F|
|poke|p2|Zapdos|
|poke|p2|Hatterene, F|
|teampreview
|inactive|Battle timer is ON: inactive players will automatically lose when time's up. (requested by rookie22)
|
|t:|1758310608
|teamsize|p1|6
|teamsize|p2|6
|start
|switch|p1a: Raging Bolt|Raging Bolt|100/100
|switch|p2a: Pelipper|Pelipper, F|100/100
|-weather|RainDance|[from] ability: Drizzle|[of] p2a: Pelipper
|turn|1
|
|t:|1758310616
|switch|p2a: Beartic|Beartic, F|100/100
|move|p1a: Raging Bolt|Calm Mind|p1a: Raging Bolt
|-boost|p1a: Raging Bolt|spa|1
|-boost|p1a: Raging Bolt|spd|1
|
|-weather|RainDance|[upkeep]
|upkeep
|turn|2
|j| LegitimatePotato
|
|t:|1758310642
|switch|p2a: Hatterene|Hatterene, F|100/100
|-terastallize|p1a: Raging Bolt|Fairy
|move|p1a: Raging Bolt|Dragon Pulse|p2a: Hatterene
|-immune|p2a: Hatterene
|
|-weather|RainDance|[upkeep]
|upkeep
|turn|3
|
|t:|1758310653
|move|p1a: Raging Bolt|Thunderbolt|p2a: Hatterene
|-damage|p2a: Hatterene|16/100
|-enditem|p2a: Hatterene|Eject Button
|
|t:|1758310657
|switch|p2a: Zapdos|Zapdos|100/100
|
|-weather|RainDance|[upkeep]
|upkeep
|turn|4
|
|t:|1758310666
|-terastallize|p2a: Zapdos|Electric
|move|p2a: Zapdos|Volt Switch|p1a: Raging Bolt
|-damage|p1a: Raging Bolt|73/100
|
|t:|1758310671
|switch|p2a: Hatterene|Hatterene, F|16/100|[from] Volt Switch
|move|p1a: Raging Bolt|Thunderbolt|p2a: Hatterene
|-damage|p2a: Hatterene|0 fnt
|faint|p2a: Hatterene
|
|-weather|RainDance|[upkeep]
|-heal|p1a: Raging Bolt|79/100|[from] item: Leftovers
|upkeep
|
|t:|1758310682
|switch|p2a: Zapdos|Zapdos, tera:Electric|100/100
|turn|5
|
|t:|1758310685
|move|p2a: Zapdos|Thunder|p1a: Raging Bolt
|-damage|p1a: Raging Bolt|37/100
|move|p1a: Raging Bolt|Dragon Pulse|p2a: Zapdos
|-damage|p2a: Zapdos|43/100
|
|-weather|RainDance|[upkeep]
|-heal|p1a: Raging Bolt|43/100|[from] item: Leftovers
|upkeep
|turn|6
|j| roarcat
|
|t:|1758310705
|move|p2a: Zapdos|Thunder|p1a: Raging Bolt
|-damage|p1a: Raging Bolt|0 fnt
|faint|p1a: Raging Bolt
|-end|p1a: Raging Bolt|Protosynthesis|[silent]
|
|-weather|RainDance|[upkeep]
|upkeep
|
|t:|1758310719
|switch|p1a: Meowscarada|Meowscarada, F|100/100
|turn|7
|
|t:|1758310723
|move|p1a: Meowscarada|Flower Trick|p2a: Zapdos
|-start|p1a: Meowscarada|typechange|Grass|[from] ability: Protean
|-crit|p2a: Zapdos
|-damage|p2a: Zapdos|0 fnt
|faint|p2a: Zapdos
|
|-weather|RainDance|[upkeep]
|upkeep
|
|t:|1758310732
|switch|p2a: Beartic|Beartic, F|100/100
|turn|8
|
|t:|1758310739
|switch|p1a: Lisan Al Gaib|Keldeo|100/100
|move|p2a: Beartic|Icicle Spear|p1a: Lisan Al Gaib
|-resisted|p1a: Lisan Al Gaib
|-damage|p1a: Lisan Al Gaib|92/100
|-resisted|p1a: Lisan Al Gaib
|-damage|p1a: Lisan Al Gaib|83/100
|-resisted|p1a: Lisan Al Gaib
|-damage|p1a: Lisan Al Gaib|75/100
|-resisted|p1a: Lisan Al Gaib
|-damage|p1a: Lisan Al Gaib|66/100
|-hitcount|p1a: Lisan Al Gaib|4
|
|-weather|none
|upkeep
|turn|9
|
|t:|1758310755
|switch|p2a: Pelipper|Pelipper, F|100/100
|-weather|RainDance|[from] ability: Drizzle|[of] p2a: Pelipper
|move|p1a: Lisan Al Gaib|Surf|p2a: Pelipper
|-resisted|p2a: Pelipper
|-damage|p2a: Pelipper|20/100
|
|-weather|RainDance|[upkeep]
|upkeep
|turn|10
|
|t:|1758310767
|switch|p1a: Meowscarada|Meowscarada, F|100/100
|move|p2a: Pelipper|U-turn|p1a: Meowscarada
|-supereffective|p1a: Meowscarada
|-damage|p1a: Meowscarada|45/100
|
|t:|1758310777
|switch|p2a: Barraskewda|Barraskewda, M|100/100|[from] U-turn
|
|-weather|RainDance|[upkeep]
|upkeep
|turn|11
|
|t:|1758310794
|switch|p1a: Great Tusk|Great Tusk|100/100
|move|p2a: Barraskewda|Liquidation|p1a: Great Tusk
|-supereffective|p1a: Great Tusk
|-damage|p1a: Great Tusk|1/100
|-unboost|p1a: Great Tusk|def|1
|
|-weather|RainDance|[upkeep]
|-heal|p1a: Great Tusk|7/100|[from] item: Leftovers
|upkeep
|turn|12
|inactive|DontMissMantine has 120 seconds left.
|
|t:|1758310814
|move|p2a: Barraskewda|Liquidation|p1a: Great Tusk
|-supereffective|p1a: Great Tusk
|-damage|p1a: Great Tusk|0 fnt
|faint|p1a: Great Tusk
|-end|p1a: Great Tusk|Protosynthesis|[silent]
|
|-weather|RainDance|[upkeep]
|upkeep
|
|t:|1758310817
|switch|p1a: Lisan Al Gaib|Keldeo|66/100
|turn|13
|
|t:|1758310827
|move|p2a: Barraskewda|Flip Turn|p1a: Lisan Al Gaib
|-resisted|p1a: Lisan Al Gaib
|-damage|p1a: Lisan Al Gaib|34/100
|inactive|DontMissMantine has 120 seconds left.
|
|t:|1758310848
|switch|p2a: Ogerpon|Ogerpon-Wellspring, F|100/100|[from] Flip Turn
|move|p1a: Lisan Al Gaib|Aura Sphere|p2a: Ogerpon
|-damage|p2a: Ogerpon|25/100
|
|-weather|RainDance|[upkeep]
|upkeep
|turn|14
|
|t:|1758310871
|switch|p1a: MEGA DRAGONITE|Dragonite, M|100/100
|move|p2a: Ogerpon|Ivy Cudgel|p1a: MEGA DRAGONITE|[anim] Ivy Cudgel Water
|-resisted|p1a: MEGA DRAGONITE
|-damage|p1a: MEGA DRAGONITE|78/100
|
|-weather|RainDance|[upkeep]
|upkeep
|turn|15
|inactive|DontMissMantine has 120 seconds left.
|
|t:|1758310880
|move|p2a: Ogerpon|Play Rough|p1a: MEGA DRAGONITE
|-supereffective|p1a: MEGA DRAGONITE
|-damage|p1a: MEGA DRAGONITE|3/100
|move|p1a: MEGA DRAGONITE|Ice Spinner|p2a: Ogerpon
|-damage|p2a: Ogerpon|0 fnt
|faint|p2a: Ogerpon
|
|-weather|RainDance|[upkeep]
|upkeep
|inactive|DontMissMantine has 120 seconds left.
|j| Pokeniceguy
|
|t:|1758310899
|switch|p2a: Beartic|Beartic, F|100/100
|turn|16
|
|t:|1758310905
|move|p2a: Beartic|Icicle Spear|p1a: MEGA DRAGONITE
|-supereffective|p1a: MEGA DRAGONITE
|-damage|p1a: MEGA DRAGONITE|0 fnt
|faint|p1a: MEGA DRAGONITE
|-hitcount|p1: MEGA DRAGONITE|1
|
|-weather|none
|upkeep
|l| Pokeniceguy
|inactive|rookie22 has 120 seconds left.
|
|t:|1758310951
|switch|p1a: Bene Gesserit|Iron Crown|100/100
|turn|17
|
|t:|1758310954
|switch|p2a: Pelipper|Pelipper, F|20/100
|-weather|RainDance|[from] ability: Drizzle|[of] p2a: Pelipper
|move|p1a: Bene Gesserit|Tachyon Cutter|p2a: Pelipper
|-resisted|p2a: Pelipper
|-damage|p2a: Pelipper|3/100
|-resisted|p2a: Pelipper
|-damage|p2a: Pelipper|0 fnt
|faint|p2a: Pelipper
|-hitcount|p2: Pelipper|2
|
|-weather|RainDance|[upkeep]
|upkeep
|
|t:|1758310965
|switch|p2a: Barraskewda|Barraskewda, M|100/100
|turn|18
|
|t:|1758310970
|move|p2a: Barraskewda|Flip Turn|p1a: Bene Gesserit
|-damage|p1a: Bene Gesserit|43/100
|
|t:|1758310973
|switch|p2a: Beartic|Beartic, F|100/100|[from] Flip Turn
|move|p1a: Bene Gesserit|Psyshock|p2a: Beartic
|-damage|p2a: Beartic|53/100
|
|-weather|RainDance|[upkeep]
|upkeep
|turn|19
|
|t:|1758310983
|move|p2a: Beartic|Earthquake|p1a: Bene Gesserit
|-supereffective|p1a: Bene Gesserit
|-damage|p1a: Bene Gesserit|0 fnt
|faint|p1a: Bene Gesserit
|-end|p1a: Bene Gesserit|Quark Drive|[silent]
|
|-weather|RainDance|[upkeep]
|upkeep
|
|t:|1758310989
|switch|p1a: Lisan Al Gaib|Keldeo|34/100
|turn|20
|
|t:|1758310992
|move|p1a: Lisan Al Gaib|Vacuum Wave|p2a: Beartic
|-supereffective|p2a: Beartic
|-damage|p2a: Beartic|0 fnt
|faint|p2a: Beartic
|
|-weather|RainDance|[upkeep]
|upkeep
|
|t:|1758310997
|switch|p2a: Barraskewda|Barraskewda, M|100/100
|turn|21
|
|t:|1758311003
|move|p1a: Lisan Al Gaib|Vacuum Wave|p2a: Barraskewda
|-damage|p2a: Barraskewda|20/100
|move|p2a: Barraskewda|Liquidation|p1a: Lisan Al Gaib
|-resisted|p1a: Lisan Al Gaib
|-damage|p1a: Lisan Al Gaib|0 fnt
|faint|p1a: Lisan Al Gaib
|
|-weather|RainDance|[upkeep]
|upkeep
|
|t:|1758311008
|switch|p1a: Meowscarada|Meowscarada, F|45/100
|turn|22
|
|t:|1758311014
|move|p2a: Barraskewda|Close Combat|p1a: Meowscarada
|-supereffective|p1a: Meowscarada
|-crit|p1a: Meowscarada
|-damage|p1a: Meowscarada|0 fnt
|-unboost|p2a: Barraskewda|def|1
|-unboost|p2a: Barraskewda|spd|1
|faint|p1a: Meowscarada
|
|win|DontMissMantine
|raw|rookie22's rating: 1735 &rarr; <strong>1716</strong><br />(-19 for losing)
|raw|DontMissMantine's rating: 1750 &rarr; <strong>1769</strong><br />(+19 for winning)
|c|☆DontMissMantine|Gg
|l|☆rookie22
|player|p1|
|l| LegitimatePotato
