|j|‽user.cancel
|j|☆IPFREELY69420
|t:|1758329698
|gametype|singles
|player|p1|user.cancel|bugcatcher-gen4dp|1343
|player|p2|IPFREELY69420|flannery|1322
|gen|9
|tier|[Gen 9] OU
|rated|
|rule|HP Percentage Mod: HP is shown in percentages
|rule|Endless Battle Clause: Forcing endless battles is banned
|rule|Species Clause: Limit one of each Pokémon
|rule|OHKO Clause: OHKO moves are banned
|rule|Evasion Items Clause: Evasion items are banned
|rule|Evasion Moves Clause: Evasion moves are banned
|rule|Evasion Abilities Clause: Evasion abilities are banned
|rule|Sleep Moves Clause: Sleep-inducing moves are banned
|clearpoke
|poke|p1|Walking Wake|
|poke|p1|Torkoal, F|
|poke|p1|Great Tusk|
|poke|p1|Clodsire, M|
|poke|p1|Ceruledge, F|
|poke|p1|Munkidori, M|
|poke|p2|Landorus-Therian, M|
|poke|p2|Sinistcha|
|poke|p2|Tinkaton, F|
|poke|p2|Moltres|
|poke|p2|Samurott-Hisui, M|
|poke|p2|Hydreigon, M|
|teampreview
|inactive|Battle timer is ON: inactive players will automatically lose when time's up. (requested by IPFREELY69420)
|inactive|user.cancel also wants the timer to be on.
|
|t:|1758329720
|teamsize|p1|6
|teamsize|p2|6
|start
|switch|p1a: Munkidori|Munkidori, M|100/100
|switch|p2a: Enten|Landorus-Therian, M, shiny|100/100
|-ability|p2a: Enten|Intimidate|boost
|-unboost|p1a: Munkidori|atk|1
|turn|1
|
|t:|1758329730
|move|p1a: Munkidori|Psychic|p2a: Enten
|-damage|p2a: Enten|29/100
|-status|p2a: Enten|tox|[from] ability: Toxic Chain|[of] p1a: Munkidori
|move|p2a: Enten|Earthquake|p1a: Munkidori
|-supereffective|p1a: Munkidori
|-damage|p1a: Munkidori|0 fnt
|faint|p1a: Munkidori
|
|-damage|p2a: Enten|23/100 tox|[from] psn
|upkeep
|
|t:|1758329741
|switch|p1a: Torkoal|Torkoal, F|100/100
|-weather|SunnyDay|[from] ability: Drought|[of] p1a: Torkoal
|turn|2
|
|t:|1758329761
|switch|p2a: Phoenix|Moltres, shiny|100/100
|move|p1a: Torkoal|Stealth Rock|p2a: Phoenix
|-sidestart|p2: IPFREELY69420|move: Stealth Rock
|
|-weather|SunnyDay|[upkeep]
|upkeep
|turn|3
|
|t:|1758329765
|switch|p1a: Walking Wake|Walking Wake|100/100
|-activate|p1a: Walking Wake|ability: Protosynthesis
|-start|p1a: Walking Wake|protosynthesisspe
|move|p2a: Phoenix|Scorching Sands|p1a: Walking Wake
|-damage|p1a: Walking Wake|77/100
|-status|p1a: Walking Wake|brn
|
|-weather|SunnyDay|[upkeep]
|-damage|p1a: Walking Wake|71/100 brn|[from] brn
|upkeep
|turn|4
|
|t:|1758329784
|switch|p2a: Smile.exe|Tinkaton, F, shiny|100/100
|-damage|p2a: Smile.exe|94/100|[from] Stealth Rock
|-item|p2a: Smile.exe|Air Balloon
|move|p1a: Walking Wake|Hydro Steam|p2a: Smile.exe
|-damage|p2a: Smile.exe|0 fnt
|-enditem|p2a: Smile.exe|Air Balloon
|faint|p2a: Smile.exe
|
|-weather|SunnyDay|[upkeep]
|-damage|p1a: Walking Wake|65/100 brn|[from] brn
|upkeep
|inactive|IPFREELY69420 has 120 seconds left.
|
|t:|1758329821
|switch|p2a: Jack Sparrow|Samurott-Hisui, M, shiny|100/100
|turn|5
|
|t:|1758329827
|move|p1a: Walking Wake|Hydro Steam|p2a: Jack Sparrow
|-resisted|p2a: Jack Sparrow
|-damage|p2a: Jack Sparrow|28/100
|move|p2a: Jack Sparrow|Ceaseless Edge|p1a: Walking Wake
|-damage|p1a: Walking Wake|15/100 brn
|-sidestart|p1: user.cancel|Spikes
|
|-weather|SunnyDay|[upkeep]
|-damage|p1a: Walking Wake|9/100 brn|[from] brn
|upkeep
|turn|6
|
|t:|1758329834
|-end|p1a: Walking Wake|Protosynthesis|[silent]
|switch|p1a: Great Tusk|Great Tusk|100/100
|-damage|p1a: Great Tusk|88/100|[from] Spikes
|-activate|p1a: Great Tusk|ability: Protosynthesis
|-start|p1a: Great Tusk|protosynthesisdef
|move|p2a: Jack Sparrow|Sucker Punch||[still]
|-fail|p2a: Jack Sparrow
|
|-weather|SunnyDay|[upkeep]
|upkeep
|turn|7
|
|t:|1758329840
|switch|p2a: Sagittarius|Sinistcha, shiny|100/100
|move|p1a: Great Tusk|Knock Off|p2a: Sagittarius
|-supereffective|p2a: Sagittarius
|-damage|p2a: Sagittarius|52/100
|-enditem|p2a: Sagittarius|Heavy-Duty Boots|[from] move: Knock Off|[of] p1a: Great Tusk
|
|-weather|SunnyDay|[upkeep]
|upkeep
|turn|8
|
|t:|1758329855
|-end|p1a: Great Tusk|Protosynthesis|[silent]
|switch|p1a: Clodsire|Clodsire, M|100/100
|-damage|p1a: Clodsire|88/100|[from] Spikes
|move|p2a: Sagittarius|Matcha Gotcha|p1a: Clodsire
|-damage|p1a: Clodsire|72/100
|-heal|p2a: Sagittarius|63/100|[from] drain|[of] p1a: Clodsire
|
|-weather|SunnyDay|[upkeep]
|-heal|p1a: Clodsire|78/100|[from] item: Leftovers
|upkeep
|turn|9
|inactive|IPFREELY69420 has 120 seconds left.
|
|t:|1758329888
|switch|p2a: Jack Sparrow|Samurott-Hisui, M, shiny|28/100
|move|p1a: Clodsire|Toxic|p2a: Jack Sparrow
|-status|p2a: Jack Sparrow|tox
|
|-weather|none
|-heal|p1a: Clodsire|84/100|[from] item: Leftovers
|-damage|p2a: Jack Sparrow|22/100 tox|[from] psn
|upkeep
|turn|10
|inactive|IPFREELY69420 has 120 seconds left.
|
|t:|1758329904
|move|p2a: Jack Sparrow|Ceaseless Edge|p1a: Clodsire
|-damage|p1a: Clodsire|29/100
|-sidestart|p1: user.cancel|Spikes
|move|p1a: Clodsire|Spikes|p2a: Jack Sparrow
|-sidestart|p2: IPFREELY69420|Spikes
|
|-heal|p1a: Clodsire|35/100|[from] item: Leftovers
|-damage|p2a: Jack Sparrow|9/100 tox|[from] psn
|upkeep
|turn|11
|inactive|IPFREELY69420 has 120 seconds left.
|
|t:|1758329913
|move|p2a: Jack Sparrow|Flip Turn|p1a: Clodsire
|-heal|p1a: Clodsire|60/100|[from] ability: Water Absorb|[of] p2a: Jack Sparrow
|move|p1a: Clodsire|Spikes|p2a: Jack Sparrow
|-sidestart|p2: IPFREELY69420|Spikes
|
|-heal|p1a: Clodsire|66/100|[from] item: Leftovers
|-damage|p2a: Jack Sparrow|0 fnt|[from] psn
|faint|p2a: Jack Sparrow
|upkeep
|inactive|IPFREELY69420 has 120 seconds left.
|
|t:|1758329923
|switch|p2a: Enten|Landorus-Therian, M, shiny|23/100 tox
|-damage|p2a: Enten|11/100 tox|[from] Stealth Rock
|-ability|p2a: Enten|Intimidate|boost
|-unboost|p1a: Clodsire|atk|1
|turn|12
|
|t:|1758329929
|move|p2a: Enten|Earthquake|p1a: Clodsire
|-supereffective|p1a: Clodsire
|-damage|p1a: Clodsire|0 fnt
|faint|p1a: Clodsire
|
|-damage|p2a: Enten|5/100 tox|[from] psn
|upkeep
|
|t:|1758329933
|switch|p1a: Great Tusk|Great Tusk|88/100
|-damage|p1a: Great Tusk|72/100|[from] Spikes
|turn|13
|
|t:|1758329937
|switch|p2a: Sagittarius|Sinistcha, shiny|63/100
|-damage|p2a: Sagittarius|50/100|[from] Stealth Rock
|-damage|p2a: Sagittarius|34/100|[from] Spikes
|move|p1a: Great Tusk|Rapid Spin|p2a: Sagittarius
|-immune|p2a: Sagittarius
|
|upkeep
|turn|14
|
|t:|1758329948
|move|p1a: Great Tusk|Headlong Rush|p2a: Sagittarius
|-resisted|p2a: Sagittarius
|-damage|p2a: Sagittarius|14/100
|-unboost|p1a: Great Tusk|def|1
|-unboost|p1a: Great Tusk|spd|1
|move|p2a: Sagittarius|Strength Sap|p1a: Great Tusk
|-unboost|p1a: Great Tusk|atk|1
|-heal|p2a: Sagittarius|100/100
|
|upkeep
|turn|15
|
|t:|1758329956
|-end|p1a: Great Tusk|Protosynthesis|[silent]
|switch|p1a: Torkoal|Torkoal, F|100/100
|-damage|p1a: Torkoal|84/100|[from] Spikes
|-weather|SunnyDay|[from] ability: Drought|[of] p1a: Torkoal
|move|p2a: Sagittarius|Shadow Ball|p1a: Torkoal
|-crit|p1a: Torkoal
|-damage|p1a: Torkoal|28/100
|
|-weather|SunnyDay|[upkeep]
|upkeep
|turn|16
|
|t:|1758329965
|move|p2a: Sagittarius|Shadow Ball|p1a: Torkoal
|-damage|p1a: Torkoal|0 fnt
|faint|p1a: Torkoal
|
|-weather|SunnyDay|[upkeep]
|upkeep
|
|t:|1758329973
|switch|p1a: Ceruledge|Ceruledge, F|100/100
|-damage|p1a: Ceruledge|84/100|[from] Spikes
|turn|17
|
|t:|1758329987
|switch|p2a: Phoenix|Moltres, shiny|100/100
|-terastallize|p1a: Ceruledge|Flying
|move|p1a: Ceruledge|Swords Dance|p1a: Ceruledge
|-boost|p1a: Ceruledge|atk|2
|
|-weather|SunnyDay|[upkeep]
|upkeep
|turn|18
|
|t:|1758329994
|move|p1a: Ceruledge|Poltergeist|p2a: Phoenix
|-activate|p2a: Phoenix|move: Poltergeist|Heavy-Duty Boots
|-damage|p2a: Phoenix|9/100
|move|p2a: Phoenix|Flamethrower|p1a: Ceruledge
|-damage|p1a: Ceruledge|19/100
|
|-weather|SunnyDay|[upkeep]
|upkeep
|turn|19
|
|t:|1758330003
|move|p1a: Ceruledge|Bitter Blade|p2a: Phoenix
|-resisted|p2a: Phoenix
|-damage|p2a: Phoenix|0 fnt
|-heal|p1a: Ceruledge|24/100|[from] drain|[of] p2a: Phoenix
|faint|p2a: Phoenix
|
|-weather|SunnyDay|[upkeep]
|upkeep
|
|t:|1758330008
|switch|p2a: Hybrid|Hydreigon, M, shiny|100/100
|-damage|p2a: Hybrid|88/100|[from] Stealth Rock
|turn|20
|
|t:|1758330028
|move|p1a: Ceruledge|Shadow Sneak|p2a: Hybrid
|-resisted|p2a: Hybrid
|-damage|p2a: Hybrid|65/100
|move|p2a: Hybrid|Dark Pulse|p1a: Ceruledge
|-damage|p1a: Ceruledge|0 fnt
|faint|p1a: Ceruledge
|
|-weather|SunnyDay|[upkeep]
|upkeep
|
|t:|1758330032
|switch|p1a: Great Tusk|Great Tusk|72/100
|-damage|p1a: Great Tusk|55/100|[from] Spikes
|-activate|p1a: Great Tusk|ability: Protosynthesis
|-start|p1a: Great Tusk|protosynthesisdef
|turn|21
|
|t:|1758330042
|switch|p2a: Enten|Landorus-Therian, M, shiny|5/100 tox
|-damage|p2a: Enten|0 fnt|[from] Stealth Rock
|faint|p2a: Enten
|move|p1a: Great Tusk|Rapid Spin|p2: Enten|[notarget]
|-fail|p1a: Great Tusk
|
|-weather|SunnyDay|[upkeep]
|upkeep
|
|t:|1758330044
|switch|p2a: Sagittarius|Sinistcha, shiny|100/100
|-damage|p2a: Sagittarius|88/100|[from] Stealth Rock
|-damage|p2a: Sagittarius|72/100|[from] Spikes
|turn|22
|
|t:|1758330049
|move|p1a: Great Tusk|Ice Spinner|p2a: Sagittarius
|-supereffective|p2a: Sagittarius
|-crit|p2a: Sagittarius
|-damage|p2a: Sagittarius|19/100
|move|p2a: Sagittarius|Matcha Gotcha|p1a: Great Tusk
|-supereffective|p1a: Great Tusk
|-crit|p1a: Great Tusk
|-damage|p1a: Great Tusk|0 fnt
|-heal|p2a: Sagittarius|48/100|[from] drain|[of] p1a: Great Tusk
|faint|p1a: Great Tusk
|-end|p1a: Great Tusk|Protosynthesis|[silent]
|
|-weather|none
|upkeep
|
|t:|1758330052
|switch|p1a: Walking Wake|Walking Wake|9/100 brn
|-damage|p1a: Walking Wake|0 fnt|[from] Spikes
|faint|p1a: Walking Wake
|-end|p1a: Walking Wake|Protosynthesis|[silent]
|
|win|IPFREELY69420
|raw|user.cancel's rating: 1343 &rarr; <strong>1322</strong><br />(-21 for losing)
|raw|IPFREELY69420's rating: 1322 &rarr; <strong>1343</strong><br />(+21 for winning)
|c|☆IPFREELY69420|gg
|l|☆IPFREELY69420
|player|p2|
|l|‽user.cancel
|player|p1|
