|j|☆sushuishuisu
|j|☆fuhvvo
|t:|1758297454
|gametype|singles
|player|p1|sushuishuisu|hilbert-wonderlauncher|1105
|player|p2|fuhvvo|n|1071
|gen|9
|tier|[Gen 9] OU
|rated|
|rule|HP Percentage Mod: HP is shown in percentages
|rule|Endless Battle Clause: Forcing endless battles is banned
|rule|Species Clause: Limit one of each Pokémon
|rule|OHKO Clause: OHKO moves are banned
|rule|Evasion Items Clause: Evasion items are banned
|rule|Evasion Moves Clause: Evasion moves are banned
|rule|Evasion Abilities Clause: Evasion abilities are banned
|rule|Sleep Moves Clause: Sleep-inducing moves are banned
|clearpoke
|poke|p1|Milotic, F|
|poke|p1|Blissey, F|
|poke|p1|Serperior, M|
|poke|p1|Gliscor, M|
|poke|p1|Alomomola, M|
|poke|p1|Comfey, M|
|poke|p2|Slowking-Galar, F|
|poke|p2|Ninetales-Alola, M|
|poke|p2|Frosmoth, F|
|poke|p2|Cetitan, M|
|poke|p2|Dondozo, F|
|poke|p2|Samurott-Hisui, M|
|teampreview
|
|t:|1758297465
|teamsize|p1|6
|teamsize|p2|6
|start
|switch|p1a: Comfey|Comfey, M, shiny|100/100
|switch|p2a: Dondozo|Dondozo, F, shiny|100/100
|turn|1
|
|t:|1758297481
|move|p1a: Comfey|Calm Mind|p1a: Comfey
|-boost|p1a: Comfey|spa|1
|-boost|p1a: Comfey|spd|1
|move|p2a: Dondozo|Wave Crash|p1a: Comfey
|-damage|p1a: Comfey|51/100
|-damage|p2a: Dondozo|91/100|[from] Recoil
|
|-heal|p2a: Dondozo|97/100|[from] item: Leftovers
|upkeep
|turn|2
|
|t:|1758297497
|move|p1a: Comfey|Giga Drain|p2a: Dondozo
|-supereffective|p2a: Dondozo
|-damage|p2a: Dondozo|66/100
|-heal|p1a: Comfey|86/100|[from] drain|[of] p2a: Dondozo
|move|p2a: Dondozo|Curse|p2a: Dondozo
|-unboost|p2a: Dondozo|spe|1
|-boost|p2a: Dondozo|atk|1
|-boost|p2a: Dondozo|def|1
|
|-heal|p2a: Dondozo|72/100|[from] item: Leftovers
|upkeep
|turn|3
|
|t:|1758297510
|move|p1a: Comfey|Giga Drain|p2a: Dondozo
|-supereffective|p2a: Dondozo
|-damage|p2a: Dondozo|43/100
|-heal|p1a: Comfey|100/100|[from] drain|[of] p2a: Dondozo
|move|p2a: Dondozo|Wave Crash|p1a: Comfey
|-damage|p1a: Comfey|28/100
|-damage|p2a: Dondozo|29/100|[from] Recoil
|
|-heal|p2a: Dondozo|35/100|[from] item: Leftovers
|upkeep
|turn|4
|
|t:|1758297530
|-terastallize|p2a: Dondozo|Ghost
|move|p1a: Comfey|Giga Drain|p2a: Dondozo
|-damage|p2a: Dondozo|21/100
|-heal|p1a: Comfey|44/100|[from] drain|[of] p2a: Dondozo
|move|p2a: Dondozo|Rest|p2a: Dondozo
|-status|p2a: Dondozo|slp|[from] move: Rest
|-heal|p2a: Dondozo|100/100 slp|[silent]
|
|upkeep
|turn|5
|
|t:|1758297542
|move|p1a: Comfey|Calm Mind|p1a: Comfey
|-boost|p1a: Comfey|spa|1
|-boost|p1a: Comfey|spd|1
|cant|p2a: Dondozo|slp
|move|p2a: Dondozo|Sleep Talk|p2a: Dondozo
|move|p2a: Dondozo|Rest||[from] move: Sleep Talk|[still]
|-fail|p2a: Dondozo
|
|upkeep
|turn|6
|
|t:|1758297554
|move|p1a: Comfey|Draining Kiss|p2a: Dondozo
|-damage|p2a: Dondozo|86/100 slp
|-heal|p1a: Comfey|69/100|[from] drain|[of] p2a: Dondozo
|cant|p2a: Dondozo|slp
|move|p2a: Dondozo|Sleep Talk|p2a: Dondozo
|move|p2a: Dondozo|Wave Crash|p1a: Comfey|[from] move: Sleep Talk
|-crit|p1a: Comfey
|-damage|p1a: Comfey|0 fnt
|faint|p1a: Comfey
|-damage|p2a: Dondozo|72/100 slp|[from] Recoil
|
|-heal|p2a: Dondozo|78/100 slp|[from] item: Leftovers
|upkeep
|
|t:|1758297569
|switch|p1a: Milotic|Milotic, F, shiny|100/100
|turn|7
|
|t:|1758297573
|move|p1a: Milotic|Coil|p1a: Milotic
|-boost|p1a: Milotic|atk|1
|-boost|p1a: Milotic|def|1
|-boost|p1a: Milotic|accuracy|1
|-curestatus|p2a: Dondozo|slp|[msg]
|move|p2a: Dondozo|Curse|p1a: Milotic
|-start|p1a: Milotic|Curse|[of] p2a: Dondozo
|-damage|p2a: Dondozo|29/100
|
|-heal|p2a: Dondozo|35/100|[from] item: Leftovers
|-damage|p1a: Milotic|75/100|[from] Curse
|upkeep
|turn|8
|
|t:|1758297589
|move|p1a: Milotic|Triple Axel|p2a: Dondozo
|-damage|p2a: Dondozo|34/100
|-damage|p2a: Dondozo|31/100
|-damage|p2a: Dondozo|28/100
|-hitcount|p2a: Dondozo|3
|move|p2a: Dondozo|Rest|p2a: Dondozo
|-status|p2a: Dondozo|slp|[from] move: Rest
|-heal|p2a: Dondozo|100/100 slp|[silent]
|
|-heal|p1a: Milotic|82/100|[from] item: Leftovers
|-damage|p1a: Milotic|57/100|[from] Curse
|upkeep
|turn|9
|
|t:|1758297608
|switch|p1a: Gliscor|Gliscor, M, shiny|100/100
|cant|p2a: Dondozo|slp
|move|p2a: Dondozo|Sleep Talk|p2a: Dondozo
|move|p2a: Dondozo|Curse|p1a: Gliscor|[from] move: Sleep Talk
|-start|p1a: Gliscor|Curse|[of] p2a: Dondozo
|-damage|p2a: Dondozo|51/100 slp
|
|-heal|p2a: Dondozo|57/100 slp|[from] item: Leftovers
|-damage|p1a: Gliscor|75/100|[from] Curse
|-status|p1a: Gliscor|tox|[from] item: Toxic Orb
|upkeep
|turn|10
|
|t:|1758297625
|move|p1a: Gliscor|Stealth Rock|p2a: Dondozo
|-sidestart|p2: fuhvvo|move: Stealth Rock
|cant|p2a: Dondozo|slp
|
|-heal|p2a: Dondozo|63/100 slp|[from] item: Leftovers
|-heal|p1a: Gliscor|88/100 tox|[from] ability: Poison Heal
|-damage|p1a: Gliscor|63/100 tox|[from] Curse
|upkeep
|turn|11
|
|t:|1758297637
|switch|p1a: Alomomola|Alomomola, M, shiny|100/100
|-curestatus|p2a: Dondozo|slp|[msg]
|move|p2a: Dondozo|Wave Crash|p1a: Alomomola
|-resisted|p1a: Alomomola
|-damage|p1a: Alomomola|79/100
|-damage|p2a: Dondozo|46/100|[from] item: Rocky Helmet|[of] p1a: Alomomola
|-damage|p2a: Dondozo|38/100|[from] Recoil
|
|-heal|p2a: Dondozo|45/100|[from] item: Leftovers
|upkeep
|turn|12
|
|t:|1758297652
|move|p1a: Alomomola|Wish|p1a: Alomomola
|move|p2a: Dondozo|Rest|p2a: Dondozo
|-status|p2a: Dondozo|slp|[from] move: Rest
|-heal|p2a: Dondozo|100/100 slp|[silent]
|
|upkeep
|turn|13
|
|t:|1758297662
|move|p1a: Alomomola|Flip Turn|p2a: Dondozo
|-damage|p2a: Dondozo|95/100 slp
|
|t:|1758297666
|switch|p1a: Milotic|Milotic, F, shiny|57/100|[from] Flip Turn
|cant|p2a: Dondozo|slp
|move|p2a: Dondozo|Sleep Talk|p2a: Dondozo
|move|p2a: Dondozo|Wave Crash|p1a: Milotic|[from] move: Sleep Talk
|-resisted|p1a: Milotic
|-damage|p1a: Milotic|25/100
|-damage|p2a: Dondozo|88/100 slp|[from] Recoil
|
|-heal|p1a: Milotic|100/100|[from] move: Wish|[wisher] Alomomola
|-heal|p2a: Dondozo|94/100 slp|[from] item: Leftovers
|upkeep
|turn|14
|
|t:|1758297686
|switch|p1a: Alomomola|Alomomola, M, shiny|100/100
|cant|p2a: Dondozo|slp
|move|p2a: Dondozo|Sleep Talk|p2a: Dondozo
|move|p2a: Dondozo|Wave Crash|p1a: Alomomola|[from] move: Sleep Talk
|-resisted|p1a: Alomomola
|-damage|p1a: Alomomola|80/100
|-damage|p2a: Dondozo|78/100 slp|[from] item: Rocky Helmet|[of] p1a: Alomomola
|-damage|p2a: Dondozo|70/100 slp|[from] Recoil
|
|-heal|p2a: Dondozo|76/100 slp|[from] item: Leftovers
|upkeep
|turn|15
|
|t:|1758297702
|move|p1a: Alomomola|Wish|p1a: Alomomola
|-curestatus|p2a: Dondozo|slp|[msg]
|move|p2a: Dondozo|Sleep Talk||[still]
|-fail|p2a: Dondozo
|
|-heal|p2a: Dondozo|83/100|[from] item: Leftovers
|upkeep
|turn|16
|
|t:|1758297714
|move|p1a: Alomomola|Flip Turn|p2a: Dondozo
|-damage|p2a: Dondozo|77/100
|
|t:|1758297718
|switch|p1a: Serperior|Serperior, M, shiny|100/100|[from] Flip Turn
|move|p2a: Dondozo|Wave Crash|p1a: Serperior
|-resisted|p1a: Serperior
|-damage|p1a: Serperior|50/100
|-damage|p2a: Dondozo|67/100|[from] Recoil
|
|-heal|p1a: Serperior|100/100|[from] move: Wish|[wisher] Alomomola
|-heal|p2a: Dondozo|73/100|[from] item: Leftovers
|upkeep
|turn|17
|
|t:|1758297734
|move|p1a: Serperior|Substitute|p1a: Serperior
|-start|p1a: Serperior|Substitute
|-damage|p1a: Serperior|75/100
|move|p2a: Dondozo|Wave Crash|p1a: Serperior
|-resisted|p1a: Serperior
|-end|p1a: Serperior|Substitute
|-damage|p2a: Dondozo|68/100|[from] Recoil|[of] p1a: Serperior
|
|-heal|p1a: Serperior|82/100|[from] item: Leftovers
|-heal|p2a: Dondozo|74/100|[from] item: Leftovers
|upkeep
|turn|18
|
|t:|1758297745
|move|p1a: Serperior|Substitute|p1a: Serperior
|-start|p1a: Serperior|Substitute
|-damage|p1a: Serperior|57/100
|move|p2a: Dondozo|Wave Crash|p1a: Serperior
|-resisted|p1a: Serperior
|-end|p1a: Serperior|Substitute
|-damage|p2a: Dondozo|69/100|[from] Recoil|[of] p1a: Serperior
|
|-heal|p1a: Serperior|63/100|[from] item: Leftovers
|-heal|p2a: Dondozo|75/100|[from] item: Leftovers
|upkeep
|turn|19
|
|t:|1758297757
|switch|p1a: Alomomola|Alomomola, M, shiny|100/100
|move|p2a: Dondozo|Wave Crash|p1a: Alomomola
|-resisted|p1a: Alomomola
|-damage|p1a: Alomomola|77/100
|-damage|p2a: Dondozo|59/100|[from] item: Rocky Helmet|[of] p1a: Alomomola
|-damage|p2a: Dondozo|50/100|[from] Recoil
|
|-heal|p2a: Dondozo|56/100|[from] item: Leftovers
|upkeep
|turn|20
|
|t:|1758297775
|move|p1a: Alomomola|Wish|p1a: Alomomola
|move|p2a: Dondozo|Wave Crash|p1a: Alomomola
|-resisted|p1a: Alomomola
|-crit|p1a: Alomomola
|-damage|p1a: Alomomola|47/100
|-damage|p2a: Dondozo|40/100|[from] item: Rocky Helmet|[of] p1a: Alomomola
|-damage|p2a: Dondozo|29/100|[from] Recoil
|
|-heal|p2a: Dondozo|35/100|[from] item: Leftovers
|upkeep
|turn|21
|
|t:|1758297786
|move|p1a: Alomomola|Flip Turn|p2a: Dondozo
|-damage|p2a: Dondozo|30/100
|
|t:|1758297790
|switch|p1a: Serperior|Serperior, M, shiny|63/100|[from] Flip Turn
|move|p2a: Dondozo|Rest|p2a: Dondozo
|-status|p2a: Dondozo|slp|[from] move: Rest
|-heal|p2a: Dondozo|100/100 slp|[silent]
|
|-heal|p1a: Serperior|100/100|[from] move: Wish|[wisher] Alomomola
|upkeep
|turn|22
|
|t:|1758297807
|switch|p2a: Frosmoth|Frosmoth, F, shiny|100/100
|-damage|p2a: Frosmoth|51/100|[from] Stealth Rock
|move|p1a: Serperior|Leaf Storm|p2a: Frosmoth
|-resisted|p2a: Frosmoth
|-damage|p2a: Frosmoth|39/100
|-boost|p1a: Serperior|spa|2
|
|upkeep
|turn|23
|
|t:|1758297818
|-terastallize|p1a: Serperior|Dragon
|move|p1a: Serperior|Dragon Pulse|p2a: Frosmoth
|-damage|p2a: Frosmoth|4/100
|move|p2a: Frosmoth|Quiver Dance|p2a: Frosmoth
|-boost|p2a: Frosmoth|spa|1
|-boost|p2a: Frosmoth|spd|1
|-boost|p2a: Frosmoth|spe|1
|
|upkeep
|turn|24
|
|t:|1758297843
|move|p1a: Serperior|Leaf Storm|p2a: Frosmoth
|-resisted|p2a: Frosmoth
|-damage|p2a: Frosmoth|0 fnt
|-boost|p1a: Serperior|spa|2
|faint|p2a: Frosmoth
|
|upkeep
|-message|fuhvvo forfeited.
|
|win|sushuishuisu
|raw|sushuishuisu's rating: 1105 &rarr; <strong>1128</strong><br />(+23 for winning)
|raw|fuhvvo's rating: 1071 &rarr; <strong>1052</strong><br />(-19 for losing)
|l|☆fuhvvo
|player|p2|
