|j|☆TeamNorthKorea
|j|☆majin mambroeru
|t:|1758297726
|gametype|singles
|player|p1|TeamNorthKorea|dawn|1436
|player|p2|majin mambroeru|swimmer-gen4dp|1404
|gen|9
|tier|[Gen 9] OU
|rated|
|rule|HP Percentage Mod: HP is shown in percentages
|rule|Endless Battle Clause: Forcing endless battles is banned
|rule|Species Clause: Limit one of each Pokémon
|rule|OHKO Clause: OHKO moves are banned
|rule|Evasion Items Clause: Evasion items are banned
|rule|Evasion Moves Clause: Evasion moves are banned
|rule|Evasion Abilities Clause: Evasion abilities are banned
|rule|Sleep Moves Clause: Sleep-inducing moves are banned
|clearpoke
|poke|p1|Porygon-Z|
|poke|p1|Great Tusk|
|poke|p1|Kingambit, F|
|poke|p1|Rillaboom, M|
|poke|p1|Dragapult, F|
|poke|p1|Iron Moth|
|poke|p2|Garganacl, M|
|poke|p2|Cinderace, M|
|poke|p2|Muk-Alola, M|
|poke|p2|Serperior, F|
|poke|p2|Landorus-Therian, M|
|poke|p2|Rillaboom, M|
|teampreview
|inactive|Battle timer is ON: inactive players will automatically lose when time's up. (requested by TeamNorthKorea)
|
|t:|1758297736
|teamsize|p1|6
|teamsize|p2|6
|start
|switch|p1a: Dragapult|Dragapult, F|100/100
|switch|p2a: Landorus|Landorus-Therian, M|100/100
|-ability|p2a: Landorus|Intimidate|boost
|-unboost|p1a: Dragapult|atk|1
|turn|1
|inactive|TeamNorthKorea has 120 seconds left.
|
|t:|1758297773
|switch|p2a: Muk|Muk-Alola, M|100/100
|move|p1a: Dragapult|Hydro Pump|p2a: Muk
|-crit|p2a: Muk
|-damage|p2a: Muk|60/100
|
|upkeep
|turn|2
|inactive|TeamNorthKorea has 120 seconds left.
|
|t:|1758297783
|switch|p1a: Massive Tusk|Great Tusk|100/100
|-enditem|p1a: Massive Tusk|Booster Energy
|-activate|p1a: Massive Tusk|ability: Protosynthesis|[fromitem]
|-start|p1a: Massive Tusk|protosynthesisatk
|move|p2a: Muk|Knock Off|p1a: Massive Tusk
|-resisted|p1a: Massive Tusk
|-damage|p1a: Massive Tusk|92/100
|
|upkeep
|turn|3
|
|t:|1758297789
|switch|p2a: Landorus|Landorus-Therian, M|100/100
|-ability|p2a: Landorus|Intimidate|boost
|-unboost|p1a: Massive Tusk|atk|1
|move|p1a: Massive Tusk|Head Smash|p2a: Landorus
|-damage|p2a: Landorus|50/100
|-damage|p1a: Massive Tusk|75/100|[from] item: Rocky Helmet|[of] p2a: Landorus
|-damage|p1a: Massive Tusk|56/100|[from] Recoil
|
|upkeep
|turn|4
|
|t:|1758297802
|switch|p2a: Serperior|Serperior, F|100/100
|move|p1a: Massive Tusk|Head Smash|p2a: Serperior
|-damage|p2a: Serperior|62/100
|-damage|p1a: Massive Tusk|41/100|[from] Recoil
|
|-heal|p2a: Serperior|69/100|[from] item: Leftovers
|upkeep
|turn|5
|
|t:|1758297809
|-end|p1a: Massive Tusk|Protosynthesis|[silent]
|switch|p1a: GholdengoK|Iron Moth|100/100
|-item|p1a: GholdengoK|Air Balloon
|move|p2a: Serperior|Leaf Storm|p1a: GholdengoK
|-resisted|p1a: GholdengoK
|-damage|p1a: GholdengoK|95/100
|-boost|p2a: Serperior|spa|2
|-enditem|p1a: GholdengoK|Air Balloon
|
|-heal|p2a: Serperior|75/100|[from] item: Leftovers
|upkeep
|turn|6
|
|t:|1758297813
|move|p2a: Serperior|Glare|p1a: GholdengoK
|-status|p1a: GholdengoK|par
|move|p1a: GholdengoK|Flamethrower|p2a: Serperior
|-supereffective|p2a: Serperior
|-damage|p2a: Serperior|0 fnt
|faint|p2a: Serperior
|
|upkeep
|
|t:|1758297821
|switch|p2a: Garganacl|Garganacl, M|100/100
|turn|7
|
|t:|1758297827
|cant|p1a: GholdengoK|par
|move|p2a: Garganacl|Salt Cure|p1a: GholdengoK
|-supereffective|p1a: GholdengoK
|-crit|p1a: GholdengoK
|-damage|p1a: GholdengoK|34/100 par
|-start|p1a: GholdengoK|Salt Cure
|
|-damage|p1a: GholdengoK|21/100 par|[from] Salt Cure
|upkeep
|turn|8
|
|t:|1758297835
|move|p1a: GholdengoK|Psychic|p2a: Garganacl
|-damage|p2a: Garganacl|83/100
|move|p2a: Garganacl|Curse|p2a: Garganacl
|-unboost|p2a: Garganacl|spe|1
|-boost|p2a: Garganacl|atk|1
|-boost|p2a: Garganacl|def|1
|
|-heal|p2a: Garganacl|90/100|[from] item: Leftovers
|-damage|p1a: GholdengoK|9/100 par|[from] Salt Cure
|upkeep
|turn|9
|
|t:|1758297839
|move|p1a: GholdengoK|Flamethrower|p2a: Garganacl
|-resisted|p2a: Garganacl
|-damage|p2a: Garganacl|77/100
|move|p2a: Garganacl|Curse|p2a: Garganacl
|-unboost|p2a: Garganacl|spe|1
|-boost|p2a: Garganacl|atk|1
|-boost|p2a: Garganacl|def|1
|
|-heal|p2a: Garganacl|83/100|[from] item: Leftovers
|-damage|p1a: GholdengoK|0 fnt|[from] Salt Cure
|faint|p1a: GholdengoK
|-end|p1a: GholdengoK|Quark Drive|[silent]
|upkeep
|
|t:|1758297844
|switch|p1a: Dragapult|Dragapult, F|100/100
|turn|10
|
|t:|1758297848
|-terastallize|p2a: Garganacl|Water
|move|p1a: Dragapult|Hydro Pump|p2a: Garganacl
|-resisted|p2a: Garganacl
|-damage|p2a: Garganacl|69/100
|move|p2a: Garganacl|Salt Cure|p1a: Dragapult
|-damage|p1a: Dragapult|63/100
|-start|p1a: Dragapult|Salt Cure
|
|-heal|p2a: Garganacl|75/100|[from] item: Leftovers
|-damage|p1a: Dragapult|50/100|[from] Salt Cure
|upkeep
|turn|11
|
|t:|1758297865
|switch|p1a: Massive Tusk|Great Tusk|41/100
|move|p2a: Garganacl|Salt Cure|p1a: Massive Tusk
|-resisted|p1a: Massive Tusk
|-damage|p1a: Massive Tusk|36/100
|-start|p1a: Massive Tusk|Salt Cure
|
|-heal|p2a: Garganacl|81/100|[from] item: Leftovers
|-damage|p1a: Massive Tusk|24/100|[from] Salt Cure
|upkeep
|turn|12
|
|t:|1758297874
|move|p2a: Garganacl|Protect|p2a: Garganacl
|-singleturn|p2a: Garganacl|Protect
|move|p1a: Massive Tusk|Headlong Rush|p2a: Garganacl
|-activate|p2a: Garganacl|move: Protect
|
|-heal|p2a: Garganacl|87/100|[from] item: Leftovers
|-damage|p1a: Massive Tusk|11/100|[from] Salt Cure
|upkeep
|turn|13
|
|t:|1758297877
|move|p1a: Massive Tusk|Headlong Rush|p2a: Garganacl
|-damage|p2a: Garganacl|68/100
|-unboost|p1a: Massive Tusk|def|1
|-unboost|p1a: Massive Tusk|spd|1
|move|p2a: Garganacl|Recover|p2a: Garganacl
|-heal|p2a: Garganacl|100/100
|
|-damage|p1a: Massive Tusk|0 fnt|[from] Salt Cure
|faint|p1a: Massive Tusk
|-end|p1a: Massive Tusk|Protosynthesis|[silent]
|upkeep
|l|☆TeamNorthKorea
|inactive|TeamNorthKorea disconnected and has a minute to reconnect!
|player|p1|
|inactive|TeamNorthKorea has 30 seconds to reconnect!
|inactive|TeamNorthKorea has 20 seconds to reconnect!
|inactive|TeamNorthKorea has 15 seconds to reconnect!
|j|☆TeamNorthKorea
|inactive|TeamNorthKorea reconnected and has 95 seconds left.
|player|p1|TeamNorthKorea|dawn|
|inactive|TeamNorthKorea has 90 seconds left.
|
|t:|1758297938
|switch|p1a: NUKE|Porygon-Z|100/100
|turn|14
|c|☆majin mambroeru|oh hes back
|
|t:|1758297950
|move|p2a: Garganacl|Protect|p2a: Garganacl
|-singleturn|p2a: Garganacl|Protect
|move|p1a: NUKE|Hyper Beam|p2a: Garganacl
|-activate|p2a: Garganacl|move: Protect
|
|upkeep
|turn|15
|
|t:|1758297953
|move|p1a: NUKE|Hyper Beam|p2a: Garganacl
|-damage|p2a: Garganacl|0 fnt
|-mustrecharge|p1a: NUKE
|faint|p2a: Garganacl
|
|upkeep
|c|☆TeamNorthKorea|my wifi is so ass
|
|t:|1758297963
|switch|p2a: Landorus|Landorus-Therian, M|50/100
|-ability|p2a: Landorus|Intimidate|boost
|-unboost|p1a: NUKE|atk|1
|turn|16
|
|t:|1758297970
|move|p2a: Landorus|U-turn|p1a: NUKE
|-damage|p1a: NUKE|69/100
|
|t:|1758297974
|switch|p2a: Rillaboom|Rillaboom, M|100/100|[from] U-turn
|-fieldstart|move: Grassy Terrain|[from] ability: Grassy Surge|[of] p2a: Rillaboom
|cant|p1a: NUKE|recharge
|
|-heal|p1a: NUKE|75/100|[from] Grassy Terrain
|upkeep
|turn|17
|
|t:|1758297980
|switch|p1a: Rillaboom|Rillaboom, M|100/100
|move|p2a: Rillaboom|Grassy Glide|p1a: Rillaboom
|-resisted|p1a: Rillaboom
|-damage|p1a: Rillaboom|79/100
|
|-heal|p1a: Rillaboom|85/100|[from] Grassy Terrain
|upkeep
|turn|18
|
|t:|1758297984
|move|p1a: Rillaboom|U-turn|p2a: Rillaboom
|-supereffective|p2a: Rillaboom
|-damage|p2a: Rillaboom|21/100
|
|t:|1758297987
|switch|p1a: Bail Out|Kingambit, F|100/100|[from] U-turn
|-activate|p1a: Bail Out|ability: Supreme Overlord
|-start|p1a: Bail Out|fallen2|[silent]
|move|p2a: Rillaboom|Swords Dance|p2a: Rillaboom
|-boost|p2a: Rillaboom|atk|2
|
|-heal|p2a: Rillaboom|27/100|[from] Grassy Terrain
|upkeep
|turn|19
|
|t:|1758297997
|-terastallize|p1a: Bail Out|Flying
|move|p2a: Rillaboom|Wood Hammer|p1a: Bail Out
|-resisted|p1a: Bail Out
|-damage|p1a: Bail Out|43/100
|-damage|p2a: Rillaboom|5/100|[from] Recoil
|move|p1a: Bail Out|Kowtow Cleave|p2a: Rillaboom
|-damage|p2a: Rillaboom|0 fnt
|faint|p2a: Rillaboom
|
|upkeep
|
|t:|1758298003
|switch|p2a: Cinderace|Cinderace, M|100/100
|turn|20
|
|t:|1758298006
|move|p1a: Bail Out|Sucker Punch||[still]
|-fail|p1a: Bail Out
|move|p2a: Cinderace|Will-O-Wisp|p1a: Bail Out
|-status|p1a: Bail Out|brn
|
|-damage|p1a: Bail Out|37/100 brn|[from] brn
|upkeep
|turn|21
|
|t:|1758298013
|move|p1a: Bail Out|Sucker Punch|p2a: Cinderace
|-damage|p2a: Cinderace|60/100
|move|p2a: Cinderace|Pyro Ball|p1a: Bail Out
|-damage|p1a: Bail Out|0 fnt
|faint|p1a: Bail Out
|-end|p1a: Bail Out|fallen2|[silent]
|
|-heal|p2a: Cinderace|66/100|[from] Grassy Terrain
|upkeep
|
|t:|1758298028
|switch|p1a: Dragapult|Dragapult, F|50/100
|turn|22
|
|t:|1758298030
|switch|p2a: Muk|Muk-Alola, M|60/100
|move|p1a: Dragapult|Hydro Pump|p2a: Muk
|-damage|p2a: Muk|34/100
|
|-heal|p1a: Dragapult|56/100|[from] Grassy Terrain
|-heal|p2a: Muk|40/100|[from] Grassy Terrain
|upkeep
|turn|23
|
|t:|1758298035
|switch|p1a: Rillaboom|Rillaboom, M|85/100
|move|p2a: Muk|Knock Off|p1a: Rillaboom
|-damage|p1a: Rillaboom|34/100
|-enditem|p1a: Rillaboom|Choice Band|[from] move: Knock Off|[of] p2a: Muk
|
|-heal|p1a: Rillaboom|40/100|[from] Grassy Terrain
|-heal|p2a: Muk|46/100|[from] Grassy Terrain
|-fieldend|move: Grassy Terrain
|upkeep
|turn|24
|
|t:|1758298041
|move|p1a: Rillaboom|Drain Punch|p2a: Muk
|-damage|p2a: Muk|21/100
|-heal|p1a: Rillaboom|56/100|[from] drain|[of] p2a: Muk
|move|p2a: Muk|Poison Jab|p1a: Rillaboom
|-supereffective|p1a: Rillaboom
|-damage|p1a: Rillaboom|0 fnt
|faint|p1a: Rillaboom
|
|upkeep
|
|t:|1758298055
|switch|p1a: NUKE|Porygon-Z|75/100
|turn|25
|
|t:|1758298058
|move|p1a: NUKE|Hyper Beam|p2a: Muk
|-damage|p2a: Muk|0 fnt
|-mustrecharge|p1a: NUKE
|faint|p2a: Muk
|
|upkeep
|
|t:|1758298064
|switch|p2a: Cinderace|Cinderace, M|66/100
|turn|26
|
|t:|1758298066
|move|p2a: Cinderace|Pyro Ball|p1a: NUKE
|-damage|p1a: NUKE|0 fnt
|faint|p1a: NUKE
|
|upkeep
|
|t:|1758298067
|switch|p1a: Dragapult|Dragapult, F|56/100
|turn|27
|
|t:|1758298069
|move|p1a: Dragapult|Hydro Pump|p2a: Cinderace
|-supereffective|p2a: Cinderace
|-damage|p2a: Cinderace|0 fnt
|faint|p2a: Cinderace
|
|upkeep
|
|t:|1758298071
|switch|p2a: Landorus|Landorus-Therian, M|50/100
|-ability|p2a: Landorus|Intimidate|boost
|-unboost|p1a: Dragapult|atk|1
|turn|28
|c|☆TeamNorthKorea|if i miss u win
|c|☆TeamNorthKorea|if  i hit i win
|
|t:|1758298079
|move|p1a: Dragapult|Hydro Pump|p2a: Landorus|[miss]
|-miss|p1a: Dragapult|p2a: Landorus
|move|p2a: Landorus|Earthquake|p1a: Dragapult
|-damage|p1a: Dragapult|0 fnt
|faint|p1a: Dragapult
|
|win|majin mambroeru
|raw|TeamNorthKorea's rating: 1436 &rarr; <strong>1414</strong><br />(-22 for losing)
|raw|majin mambroeru's rating: 1404 &rarr; <strong>1426</strong><br />(+22 for winning)
|c|☆TeamNorthKorea|wow
|c|☆TeamNorthKorea|gg
|c|☆majin mambroeru|yup
|c|☆majin mambroeru|gg
|l|☆TeamNorthKorea
|player|p1|
|l|☆majin mambroeru
|player|p2|
