|j|☆murchy4
|j|☆samuel10ramos
|t:|1758285023
|gametype|singles
|player|p1|murchy4|265|1479
|player|p2|samuel10ramos|101|1461
|gen|9
|tier|[Gen 9] OU
|rated|
|rule|HP Percentage Mod: HP is shown in percentages
|rule|Endless Battle Clause: Forcing endless battles is banned
|rule|Species Clause: Limit one of each Pokémon
|rule|OHKO Clause: OHKO moves are banned
|rule|Evasion Items Clause: Evasion items are banned
|rule|Evasion Moves Clause: Evasion moves are banned
|rule|Evasion Abilities Clause: Evasion abilities are banned
|rule|Sleep Moves Clause: Sleep-inducing moves are banned
|clearpoke
|poke|p1|Ninetales-Alola, M|
|poke|p1|Oricorio, F|
|poke|p1|Hatterene, F|
|poke|p1|Kyurem|
|poke|p1|Zamazenta-*|
|poke|p1|Iron Treads|
|poke|p2|Ogerpon-Wellspring, F|
|poke|p2|Dragonite, M|
|poke|p2|Gholdengo|
|poke|p2|Ting-Lu|
|poke|p2|Latias, F|
|poke|p2|Cinderace, F|
|teampreview
|
|t:|1758285062
|teamsize|p1|6
|teamsize|p2|6
|start
|switch|p1a: Ninetales|Ninetales-Alola, M|100/100
|switch|p2a: Cinderace|Cinderace, F|100/100
|-weather|Snowscape|[from] ability: Snow Warning|[of] p1a: Ninetales
|turn|1
|inactive|Battle timer is ON: inactive players will automatically lose when time's up. (requested by murchy4)
|
|t:|1758285086
|switch|p1a: Zamazenta|Zamazenta|100/100
|-ability|p1a: Zamazenta|Dauntless Shield|boost
|-boost|p1a: Zamazenta|def|1
|move|p2a: Cinderace|Pyro Ball|p1a: Zamazenta
|-damage|p1a: Zamazenta|73/100
|
|-weather|Snowscape|[upkeep]
|-heal|p1a: Zamazenta|79/100|[from] item: Leftovers
|upkeep
|turn|2
|
|t:|1758285103
|switch|p1a: Iron Treads|Iron Treads|100/100
|-enditem|p1a: Iron Treads|Booster Energy
|-activate|p1a: Iron Treads|ability: Quark Drive|[fromitem]
|-start|p1a: Iron Treads|quarkdrivespe
|switch|p2a: Gholdengo|Gholdengo|100/100
|
|-weather|Snowscape|[upkeep]
|upkeep
|turn|3
|
|t:|1758285115
|switch|p2a: Ogerpon|Ogerpon-Wellspring, F|100/100
|move|p1a: Iron Treads|Stealth Rock|p2a: Ogerpon
|-sidestart|p2: samuel10ramos|move: Stealth Rock
|
|-weather|Snowscape|[upkeep]
|upkeep
|turn|4
|
|t:|1758285128
|move|p1a: Iron Treads|Steel Beam|p2a: Ogerpon
|-resisted|p2a: Ogerpon
|-damage|p2a: Ogerpon|73/100
|-damage|p1a: Iron Treads|50/100|[from] steelbeam
|move|p2a: Ogerpon|Knock Off|p1a: Iron Treads
|-damage|p1a: Iron Treads|25/100
|
|-weather|Snowscape|[upkeep]
|upkeep
|turn|5
|
|t:|1758285142
|move|p1a: Iron Treads|Steel Beam|p2a: Ogerpon
|-resisted|p2a: Ogerpon
|-damage|p2a: Ogerpon|46/100
|-damage|p1a: Iron Treads|0 fnt|[from] steelbeam
|faint|p1a: Iron Treads
|-end|p1a: Iron Treads|Quark Drive|[silent]
|move|p2a: Ogerpon|Ivy Cudgel|p1: Iron Treads|[notarget]
|-fail|p2a: Ogerpon
|
|-weather|none
|upkeep
|
|t:|1758285145
|switch|p1a: Ninetales|Ninetales-Alola, M|100/100
|-weather|Snowscape|[from] ability: Snow Warning|[of] p1a: Ninetales
|turn|6
|
|t:|1758285153
|switch|p1a: Kyurem|Kyurem|100/100
|-ability|p1a: Kyurem|Pressure
|move|p2a: Ogerpon|Knock Off|p1a: Kyurem
|-damage|p1a: Kyurem|73/100
|-enditem|p1a: Kyurem|Loaded Dice|[from] move: Knock Off|[of] p2a: Ogerpon
|
|-weather|Snowscape|[upkeep]
|upkeep
|turn|7
|
|t:|1758285165
|move|p1a: Kyurem|Dragon Dance|p1a: Kyurem
|-boost|p1a: Kyurem|atk|1
|-boost|p1a: Kyurem|spe|1
|move|p2a: Ogerpon|U-turn|p1a: Kyurem
|-crit|p1a: Kyurem
|-damage|p1a: Kyurem|43/100
|
|t:|1758285190
|switch|p2a: Dragonite|Dragonite, M|100/100|[from] U-turn
|-damage|p2a: Dragonite|76/100|[from] Stealth Rock
|
|-weather|Snowscape|[upkeep]
|upkeep
|turn|8
|inactive|murchy4 has 120 seconds left.
|
|t:|1758285233
|-terastallize|p2a: Dragonite|Normal
|move|p2a: Dragonite|Extreme Speed|p1a: Kyurem
|-damage|p1a: Kyurem|5/100
|move|p1a: Kyurem|Icicle Spear|p2a: Dragonite
|-damage|p2a: Dragonite|58/100
|-damage|p2a: Dragonite|41/100
|-damage|p2a: Dragonite|24/100
|-damage|p2a: Dragonite|7/100
|-hitcount|p2a: Dragonite|4
|
|-weather|Snowscape|[upkeep]
|upkeep
|turn|9
|
|t:|1758285245
|move|p2a: Dragonite|Extreme Speed|p1a: Kyurem
|-damage|p1a: Kyurem|0 fnt
|faint|p1a: Kyurem
|
|-weather|Snowscape|[upkeep]
|upkeep
|
|t:|1758285251
|switch|p1a: Zamazenta|Zamazenta|79/100
|turn|10
|inactive|samuel10ramos has 120 seconds left.
|
|t:|1758285279
|switch|p2a: Gholdengo|Gholdengo|100/100
|-damage|p2a: Gholdengo|94/100|[from] Stealth Rock
|move|p1a: Zamazenta|Iron Defense|p1a: Zamazenta
|-boost|p1a: Zamazenta|def|2
|
|-weather|none
|-heal|p1a: Zamazenta|86/100|[from] item: Leftovers
|-heal|p2a: Gholdengo|100/100|[from] item: Leftovers
|upkeep
|turn|11
|inactive|murchy4 has 120 seconds left.
|inactive|samuel10ramos has 120 seconds left.
|inactive|murchy4 has 90 seconds left.
|
|t:|1758285325
|move|p1a: Zamazenta|Crunch|p2a: Gholdengo
|-supereffective|p2a: Gholdengo
|-damage|p2a: Gholdengo|67/100
|move|p2a: Gholdengo|Nasty Plot|p2a: Gholdengo
|-boost|p2a: Gholdengo|spa|2
|
|-heal|p1a: Zamazenta|92/100|[from] item: Leftovers
|-heal|p2a: Gholdengo|73/100|[from] item: Leftovers
|upkeep
|turn|12
|inactive|murchy4 has 90 seconds left.
|inactive|samuel10ramos has 120 seconds left.
|
|t:|1758285336
|switch|p1a: Hatterene|Hatterene, F|100/100
|move|p2a: Gholdengo|Make It Rain|p1a: Hatterene
|-supereffective|p1a: Hatterene
|-damage|p1a: Hatterene|0 fnt
|-unboost|p2a: Gholdengo|spa|1
|faint|p1a: Hatterene
|
|-heal|p2a: Gholdengo|79/100|[from] item: Leftovers
|upkeep
|
|t:|1758285338
|switch|p1a: Oricorio|Oricorio, F|100/100
|turn|13
|inactive|samuel10ramos has 120 seconds left.
|
|t:|1758285349
|move|p1a: Oricorio|Quiver Dance|p1a: Oricorio
|-boost|p1a: Oricorio|spa|1
|-boost|p1a: Oricorio|spd|1
|-boost|p1a: Oricorio|spe|1
|move|p2a: Gholdengo|Shadow Ball|p1a: Oricorio
|-damage|p1a: Oricorio|43/100
|
|-heal|p2a: Gholdengo|85/100|[from] item: Leftovers
|upkeep
|turn|14
|inactive|samuel10ramos has 120 seconds left.
|
|t:|1758285368
|switch|p2a: Ting-Lu|Ting-Lu|100/100
|-damage|p2a: Ting-Lu|94/100|[from] Stealth Rock
|-ability|p2a: Ting-Lu|Vessel of Ruin
|move|p1a: Oricorio|Revelation Dance|p2a: Ting-Lu
|-damage|p2a: Ting-Lu|70/100
|
|-heal|p2a: Ting-Lu|76/100|[from] item: Leftovers
|upkeep
|turn|15
|inactive|samuel10ramos has 120 seconds left.
|
|t:|1758285389
|move|p1a: Oricorio|Taunt|p2a: Ting-Lu
|-start|p2a: Ting-Lu|move: Taunt
|move|p2a: Ting-Lu|Ruination|p1a: Oricorio|[miss]
|-miss|p2a: Ting-Lu|p1a: Oricorio
|
|-heal|p2a: Ting-Lu|82/100|[from] item: Leftovers
|upkeep
|turn|16
|inactive|murchy4 has 120 seconds left.
|inactive|samuel10ramos has 90 seconds left.
|
|t:|1758285420
|switch|p2a: Ogerpon|Ogerpon-Wellspring, F|46/100
|-damage|p2a: Ogerpon|34/100|[from] Stealth Rock
|move|p1a: Oricorio|Quiver Dance|p1a: Oricorio
|-boost|p1a: Oricorio|spa|1
|-boost|p1a: Oricorio|spd|1
|-boost|p1a: Oricorio|spe|1
|
|upkeep
|turn|17
|inactive|samuel10ramos has 90 seconds left.
|
|t:|1758285441
|move|p1a: Oricorio|Alluring Voice|p2a: Ogerpon
|-damage|p2a: Ogerpon|0 fnt
|faint|p2a: Ogerpon
|
|upkeep
|inactive|samuel10ramos has 90 seconds left.
|inactive|samuel10ramos has 60 seconds left.
|
|t:|1758285477
|switch|p2a: Cinderace|Cinderace, F|100/100
|turn|18
|
|t:|1758285491
|-terastallize|p1a: Oricorio|Ground
|move|p1a: Oricorio|Revelation Dance|p2a: Cinderace
|-supereffective|p2a: Cinderace
|-damage|p2a: Cinderace|0 fnt
|faint|p2a: Cinderace
|
|upkeep
|
|t:|1758285498
|switch|p2a: Latias|Latias, F|100/100
|-damage|p2a: Latias|88/100|[from] Stealth Rock
|turn|19
|
|t:|1758285513
|move|p1a: Oricorio|Taunt|p2a: Latias
|-start|p2a: Latias|move: Taunt
|cant|p2a: Latias|move: Taunt|Calm Mind
|
|upkeep
|turn|20
|
|t:|1758285518
|move|p1a: Oricorio|Quiver Dance|p1a: Oricorio
|-boost|p1a: Oricorio|spa|1
|-boost|p1a: Oricorio|spd|1
|-boost|p1a: Oricorio|spe|1
|move|p2a: Latias|Aura Sphere|p1a: Oricorio
|-damage|p1a: Oricorio|30/100
|
|upkeep
|turn|21
|inactive|murchy4 has 120 seconds left.
|
|t:|1758285525
|move|p1a: Oricorio|Quiver Dance|p1a: Oricorio
|-boost|p1a: Oricorio|spa|1
|-boost|p1a: Oricorio|spd|1
|-boost|p1a: Oricorio|spe|1
|move|p2a: Latias|Aura Sphere|p1a: Oricorio
|-damage|p1a: Oricorio|20/100
|
|-end|p2a: Latias|move: Taunt
|upkeep
|turn|22
|
|t:|1758285534
|move|p1a: Oricorio|Alluring Voice|p2a: Latias
|-supereffective|p2a: Latias
|-damage|p2a: Latias|0 fnt
|faint|p2a: Latias
|
|upkeep
|-message|samuel10ramos forfeited.
|
|win|murchy4
|raw|murchy4's rating: 1479 &rarr; <strong>1498</strong><br />(+19 for winning)
|raw|samuel10ramos's rating: 1461 &rarr; <strong>1442</strong><br />(-19 for losing)
|l|☆samuel10ramos
|player|p2|
|l|☆murchy4
|player|p1|
