|j|☆meio_potato
|j|☆CaylieGetsAngy
|t:|1758245064
|gametype|singles
|player|p1|meio_potato|dawn-gen4pt|1504
|player|p2|CaylieGetsAngy|101|1586
|gen|9
|tier|[Gen 9] OU
|rated|
|rule|HP Percentage Mod: HP is shown in percentages
|rule|Endless Battle Clause: Forcing endless battles is banned
|rule|Species Clause: Limit one of each Pokémon
|rule|OHKO Clause: OHKO moves are banned
|rule|Evasion Items Clause: Evasion items are banned
|rule|Evasion Moves Clause: Evasion moves are banned
|rule|Evasion Abilities Clause: Evasion abilities are banned
|rule|Sleep Moves Clause: Sleep-inducing moves are banned
|clearpoke
|poke|p1|Gastrodon-East, F|
|poke|p1|Garchomp, M|
|poke|p1|Iron Valiant|
|poke|p1|Iron Treads|
|poke|p1|Blaziken, F|
|poke|p1|Azumarill, F|
|poke|p2|Alomomola, F|
|poke|p2|Lokix, F|
|poke|p2|Toxicroak, F|
|poke|p2|Gliscor, M|
|poke|p2|Slowking-Galar, M|
|poke|p2|Great Tusk|
|teampreview
|inactive|Battle timer is ON: inactive players will automatically lose when time's up. (requested by CaylieGetsAngy)
|inactive|meio_potato also wants the timer to be on.
|inactive|CaylieGetsAngy has 120 seconds left.
|
|t:|1758245100
|teamsize|p1|6
|teamsize|p2|6
|start
|switch|p1a: Baby Shark|Garchomp, M|100/100
|switch|p2a: Toxicroak|Toxicroak, F|100/100
|turn|1
|
|t:|1758245112
|move|p1a: Baby Shark|Swords Dance|p1a: Baby Shark
|-boost|p1a: Baby Shark|atk|2
|move|p2a: Toxicroak|Toxic|p1a: Baby Shark
|-status|p1a: Baby Shark|tox
|
|-damage|p1a: Baby Shark|94/100 tox|[from] psn
|upkeep
|turn|2
|
|t:|1758245118
|switch|p2a: Gliscor|Gliscor, M|100/100
|move|p1a: Baby Shark|Dragon Claw|p2a: Gliscor
|-damage|p2a: Gliscor|37/100
|
|-heal|p1a: Baby Shark|100/100 tox|[from] item: Leftovers
|-damage|p1a: Baby Shark|88/100 tox|[from] psn
|-status|p2a: Gliscor|tox|[from] item: Toxic Orb
|upkeep
|turn|3
|
|t:|1758245121
|move|p2a: Gliscor|Protect|p2a: Gliscor
|-singleturn|p2a: Gliscor|Protect
|move|p1a: Baby Shark|Dragon Claw|p2a: Gliscor
|-activate|p2a: Gliscor|move: Protect
|
|-heal|p1a: Baby Shark|94/100 tox|[from] item: Leftovers
|-damage|p1a: Baby Shark|76/100 tox|[from] psn
|-heal|p2a: Gliscor|49/100 tox|[from] ability: Poison Heal
|upkeep
|turn|4
|
|t:|1758245128
|switch|p2a: Toxicroak|Toxicroak, F|100/100
|move|p1a: Baby Shark|Dragon Claw|p2a: Toxicroak
|-damage|p2a: Toxicroak|25/100
|-damage|p1a: Baby Shark|59/100 tox|[from] item: Rocky Helmet|[of] p2a: Toxicroak
|
|-heal|p1a: Baby Shark|65/100 tox|[from] item: Leftovers
|-damage|p1a: Baby Shark|41/100 tox|[from] psn
|upkeep
|turn|5
|
|t:|1758245143
|switch|p2a: Alomomola|Alomomola, F|100/100
|move|p1a: Baby Shark|Earthquake|p2a: Alomomola
|-damage|p2a: Alomomola|42/100
|
|-heal|p1a: Baby Shark|47/100 tox|[from] item: Leftovers
|-damage|p1a: Baby Shark|16/100 tox|[from] psn
|upkeep
|turn|6
|
|t:|1758245146
|move|p2a: Alomomola|Protect|p2a: Alomomola
|-singleturn|p2a: Alomomola|Protect
|move|p1a: Baby Shark|Earthquake|p2a: Alomomola
|-activate|p2a: Alomomola|move: Protect
|
|-heal|p1a: Baby Shark|22/100 tox|[from] item: Leftovers
|-damage|p1a: Baby Shark|0 fnt|[from] psn
|faint|p1a: Baby Shark
|upkeep
|
|t:|1758245154
|switch|p1a: Escargot|Gastrodon-East, F|100/100
|turn|7
|
|t:|1758245175
|switch|p2a: Toxicroak|Toxicroak, F|25/100
|move|p1a: Escargot|Earth Power|p2a: Toxicroak
|-supereffective|p2a: Toxicroak
|-damage|p2a: Toxicroak|0 fnt
|faint|p2a: Toxicroak
|
|upkeep
|
|t:|1758245184
|switch|p2a: Lokix|Lokix, F|100/100
|turn|8
|
|t:|1758245197
|move|p2a: Lokix|U-turn|p1a: Escargot
|-damage|p1a: Escargot|52/100
|
|t:|1758245201
|switch|p2a: Great Tusk|Great Tusk|100/100|[from] U-turn
|move|p1a: Escargot|Chilling Water|p2a: Great Tusk
|-supereffective|p2a: Great Tusk
|-crit|p2a: Great Tusk
|-damage|p2a: Great Tusk|11/100
|-unboost|p2a: Great Tusk|atk|1
|
|upkeep
|turn|9
|
|t:|1758245210
|-end|p2a: Great Tusk|Protosynthesis|[silent]
|switch|p2a: Lokix|Lokix, F|100/100
|move|p1a: Escargot|Chilling Water|p2a: Lokix
|-damage|p2a: Lokix|59/100
|-unboost|p2a: Lokix|atk|1
|
|upkeep
|turn|10
|
|t:|1758245240
|-terastallize|p2a: Lokix|Bug
|move|p2a: Lokix|Leech Life|p1a: Escargot
|-damage|p1a: Escargot|0 fnt
|-heal|p2a: Lokix|94/100|[from] drain|[of] p1a: Escargot
|faint|p1a: Escargot
|
|upkeep
|
|t:|1758245245
|switch|p1a: Kick Chicken|Blaziken, F|100/100
|turn|11
|
|t:|1758245252
|switch|p2a: Alomomola|Alomomola, F|75/100
|move|p1a: Kick Chicken|Swords Dance|p1a: Kick Chicken
|-boost|p1a: Kick Chicken|atk|2
|
|-ability|p1a: Kick Chicken|Speed Boost|boost
|-boost|p1a: Kick Chicken|spe|1
|upkeep
|turn|12
|
|t:|1758245256
|move|p1a: Kick Chicken|Close Combat|p2a: Alomomola
|-damage|p2a: Alomomola|0 fnt
|-unboost|p1a: Kick Chicken|def|1
|-unboost|p1a: Kick Chicken|spd|1
|faint|p2a: Alomomola
|
|-ability|p1a: Kick Chicken|Speed Boost|boost
|-boost|p1a: Kick Chicken|spe|1
|upkeep
|
|t:|1758245259
|switch|p2a: Lokix|Lokix, F, tera:Bug|94/100
|turn|13
|
|t:|1758245261
|move|p1a: Kick Chicken|Protect|p1a: Kick Chicken
|-singleturn|p1a: Kick Chicken|Protect
|move|p2a: Lokix|First Impression|p1a: Kick Chicken
|-activate|p1a: Kick Chicken|move: Protect
|
|-ability|p1a: Kick Chicken|Speed Boost|boost
|-boost|p1a: Kick Chicken|spe|1
|upkeep
|turn|14
|
|t:|1758245264
|switch|p2a: Great Tusk|Great Tusk|11/100
|move|p1a: Kick Chicken|Temper Flare|p2a: Great Tusk
|-damage|p2a: Great Tusk|0 fnt
|faint|p2a: Great Tusk
|-end|p2a: Great Tusk|Protosynthesis|[silent]
|
|-ability|p1a: Kick Chicken|Speed Boost|boost
|-boost|p1a: Kick Chicken|spe|1
|upkeep
|
|t:|1758245269
|switch|p2a: Slowking|Slowking-Galar, M|100/100
|turn|15
|
|t:|1758245271
|move|p1a: Kick Chicken|Temper Flare|p2a: Slowking
|-damage|p2a: Slowking|12/100
|move|p2a: Slowking|Psychic Noise|p1a: Kick Chicken
|-supereffective|p1a: Kick Chicken
|-enditem|p1a: Kick Chicken|Focus Sash
|-damage|p1a: Kick Chicken|1/100
|-start|p1a: Kick Chicken|move: Heal Block
|
|-ability|p1a: Kick Chicken|Speed Boost|boost
|-boost|p1a: Kick Chicken|spe|1
|upkeep
|turn|16
|c|☆CaylieGetsAngy|focus sash protect ICANT
|-message|CaylieGetsAngy forfeited.
|
|win|meio_potato
|raw|meio_potato's rating: 1504 &rarr; <strong>1529</strong><br />(+25 for winning)
|raw|CaylieGetsAngy's rating: 1586 &rarr; <strong>1561</strong><br />(-25 for losing)
|l|☆CaylieGetsAngy
|player|p2|
|l|☆meio_potato
|player|p1|
