|j|☆21trisi
|j|☆emilipdh
|t:|1758292623
|gametype|singles
|player|p1|21trisi|hiker-gen4|1337
|player|p2|emilipdh|larry|1340
|gen|9
|tier|[Gen 9] OU
|rated|
|rule|HP Percentage Mod: HP is shown in percentages
|rule|Endless Battle Clause: Forcing endless battles is banned
|rule|Species Clause: Limit one of each Pokémon
|rule|OHKO Clause: OHKO moves are banned
|rule|Evasion Items Clause: Evasion items are banned
|rule|Evasion Moves Clause: Evasion moves are banned
|rule|Evasion Abilities Clause: Evasion abilities are banned
|rule|Sleep Moves Clause: Sleep-inducing moves are banned
|clearpoke
|poke|p1|Landorus-Therian, M|
|poke|p1|Skeledirge, M|
|poke|p1|Skarmory, M|
|poke|p1|Hydrapple, M|
|poke|p1|Samurott-Hisui, M|
|poke|p1|Fezandipiti, M|
|poke|p2|Pelipper, M|
|poke|p2|Toxicroak, F|
|poke|p2|Hatterene, F|
|poke|p2|Iron Treads|
|poke|p2|Barraskewda, M|
|poke|p2|Zapdos|
|teampreview
|inactive|Battle timer is ON: inactive players will automatically lose when time's up. (requested by 21trisi)
|
|t:|1758292648
|teamsize|p1|6
|teamsize|p2|6
|start
|switch|p1a: Fezandipiti|Fezandipiti, M|100/100
|switch|p2a: Pelipper|Pelipper, M|100/100
|-weather|RainDance|[from] ability: Drizzle|[of] p2a: Pelipper
|turn|1
|
|t:|1758292659
|switch|p2a: Iron Treads|Iron Treads|100/100
|move|p1a: Fezandipiti|Sludge Bomb|p2a: Iron Treads
|-immune|p2a: Iron Treads
|
|-weather|RainDance|[upkeep]
|upkeep
|turn|2
|
|t:|1758292671
|switch|p1a: Skarmory|Skarmory, M, shiny|100/100
|move|p2a: Iron Treads|Stealth Rock|p1a: Skarmory
|-sidestart|p1: 21trisi|move: Stealth Rock
|
|-weather|RainDance|[upkeep]
|upkeep
|turn|3
|
|t:|1758292692
|move|p2a: Iron Treads|Volt Switch|p1a: Skarmory
|-supereffective|p1a: Skarmory
|-damage|p1a: Skarmory|70/100
|
|t:|1758292700
|-end|p2a: Iron Treads|Quark Drive|[silent]
|switch|p2a: Hatterene|Hatterene, F|100/100|[from] Volt Switch
|move|p1a: Skarmory|Body Press|p2a: Hatterene
|-resisted|p2a: Hatterene
|-damage|p2a: Hatterene|93/100
|-enditem|p2a: Hatterene|Eject Button
|inactive|emilipdh has 120 seconds left.
|
|t:|1758292722
|switch|p2a: Barraskewda|Barraskewda, M|100/100
|
|-weather|RainDance|[upkeep]
|upkeep
|turn|4
|
|t:|1758292752
|move|p2a: Barraskewda|Flip Turn|p1a: Skarmory
|-damage|p1a: Skarmory|26/100
|-damage|p2a: Barraskewda|84/100|[from] item: Rocky Helmet|[of] p1a: Skarmory
|
|t:|1758292760
|switch|p2a: Hatterene|Hatterene, F|93/100|[from] Flip Turn
|move|p1a: Skarmory|Stealth Rock|p2a: Hatterene
|move|p2a: Hatterene|Stealth Rock||[from] ability: Magic Bounce|[still]
|-fail|p2a: Hatterene
|
|-weather|RainDance|[upkeep]
|upkeep
|turn|5
|inactive|emilipdh has 120 seconds left.
|
|t:|1758292798
|switch|p1a: Fezandipiti|Fezandipiti, M|100/100
|move|p2a: Hatterene|Nuzzle|p1a: Fezandipiti
|-damage|p1a: Fezandipiti|96/100
|-status|p1a: Fezandipiti|par
|
|-weather|RainDance|[upkeep]
|upkeep
|turn|6
|
|t:|1758292814
|switch|p2a: Iron Treads|Iron Treads|100/100
|move|p1a: Fezandipiti|Moonblast|p2a: Iron Treads
|-resisted|p2a: Iron Treads
|-damage|p2a: Iron Treads|91/100
|
|-weather|RainDance|[upkeep]
|-heal|p2a: Iron Treads|97/100|[from] item: Leftovers
|upkeep
|turn|7
|
|t:|1758292826
|switch|p1a: Leviatan|Hydrapple, M, shiny|100/100
|move|p2a: Iron Treads|Earthquake|p1a: Leviatan
|-resisted|p1a: Leviatan
|-damage|p1a: Leviatan|87/100
|
|-weather|RainDance|[upkeep]
|-heal|p2a: Iron Treads|100/100|[from] item: Leftovers
|upkeep
|turn|8
|
|t:|1758292838
|move|p2a: Iron Treads|Volt Switch|p1a: Leviatan
|-resisted|p1a: Leviatan
|-damage|p1a: Leviatan|84/100
|
|t:|1758292841
|-end|p2a: Iron Treads|Quark Drive|[silent]
|switch|p2a: Zapdos|Zapdos|100/100|[from] Volt Switch
|move|p1a: Leviatan|Nasty Plot|p1a: Leviatan
|-boost|p1a: Leviatan|spa|2
|
|-weather|none
|upkeep
|turn|9
|inactive|21trisi has 120 seconds left.
|
|t:|1758292878
|-terastallize|p1a: Leviatan|Ground
|move|p2a: Zapdos|Hurricane|p1a: Leviatan|[miss]
|-miss|p2a: Zapdos|p1a: Leviatan
|move|p1a: Leviatan|Giga Drain|p2a: Zapdos
|-resisted|p2a: Zapdos
|-damage|p2a: Zapdos|57/100
|-heal|p1a: Leviatan|100/100|[from] drain|[of] p2a: Zapdos
|
|upkeep
|turn|10
|inactive|21trisi has 120 seconds left.
|inactive|emilipdh has 90 seconds left.
|
|t:|1758292915
|move|p2a: Zapdos|Hurricane|p1a: Leviatan|[miss]
|-miss|p2a: Zapdos|p1a: Leviatan
|move|p1a: Leviatan|Fickle Beam|p2a: Zapdos
|-damage|p2a: Zapdos|0 fnt
|faint|p2a: Zapdos
|
|upkeep
|
|t:|1758292922
|switch|p2a: Pelipper|Pelipper, M|100/100
|-weather|RainDance|[from] ability: Drizzle|[of] p2a: Pelipper
|turn|11
|inactive|emilipdh has 90 seconds left.
|
|t:|1758292938
|move|p1a: Leviatan|Giga Drain|p2a: Pelipper
|-damage|p2a: Pelipper|25/100
|move|p2a: Pelipper|U-turn|p1a: Leviatan
|-damage|p1a: Leviatan|93/100
|
|t:|1758292940
|switch|p2a: Barraskewda|Barraskewda, M|84/100|[from] U-turn
|
|-weather|RainDance|[upkeep]
|upkeep
|turn|12
|
|t:|1758292949
|switch|p1a: Skarmory|Skarmory, M, shiny|26/100
|-damage|p1a: Skarmory|14/100|[from] Stealth Rock
|move|p2a: Barraskewda|Liquidation|p1a: Skarmory
|-damage|p1a: Skarmory|0 fnt
|-damage|p2a: Barraskewda|68/100|[from] item: Rocky Helmet|[of] p1a: Skarmory
|faint|p1a: Skarmory
|
|-weather|RainDance|[upkeep]
|upkeep
|
|t:|1758292973
|switch|p1a: Samurott|Samurott-Hisui, M, shiny|100/100
|turn|13
|inactive|emilipdh has 90 seconds left.
|
|t:|1758292993
|switch|p2a: Toxicroak|Toxicroak, F|100/100
|move|p1a: Samurott|Sucker Punch||[still]
|-fail|p1a: Samurott
|
|-weather|RainDance|[upkeep]
|upkeep
|turn|14
|inactive|emilipdh has 90 seconds left.
|
|t:|1758293009
|switch|p1a: Landorus|Landorus-Therian, M, shiny|100/100
|-damage|p1a: Landorus|88/100|[from] Stealth Rock
|-ability|p1a: Landorus|Intimidate|boost
|-unboost|p2a: Toxicroak|atk|1
|move|p2a: Toxicroak|Toxic|p1a: Landorus
|-status|p1a: Landorus|tox
|
|-weather|RainDance|[upkeep]
|-damage|p1a: Landorus|82/100 tox|[from] psn
|upkeep
|turn|15
|inactive|emilipdh has 90 seconds left.
|
|t:|1758293028
|switch|p2a: Hatterene|Hatterene, F|93/100
|move|p1a: Landorus|Earthquake|p2a: Hatterene
|-damage|p2a: Hatterene|42/100
|
|-weather|RainDance|[upkeep]
|-damage|p1a: Landorus|70/100 tox|[from] psn
|upkeep
|turn|16
|inactive|emilipdh has 90 seconds left.
|
|t:|1758293050
|move|p1a: Landorus|Earthquake|p2a: Hatterene
|-damage|p2a: Hatterene|0 fnt
|faint|p2a: Hatterene
|
|-weather|RainDance|[upkeep]
|-damage|p1a: Landorus|53/100 tox|[from] psn
|upkeep
|
|t:|1758293054
|switch|p2a: Barraskewda|Barraskewda, M|68/100
|turn|17
|
|t:|1758293070
|switch|p1a: Fezandipiti|Fezandipiti, M|96/100 par
|move|p2a: Barraskewda|Flip Turn|p1a: Fezandipiti
|-crit|p1a: Fezandipiti
|-damage|p1a: Fezandipiti|0 fnt
|faint|p1a: Fezandipiti
|inactive|emilipdh has 90 seconds left.
|
|t:|1758293098
|switch|p2a: Iron Treads|Iron Treads|100/100|[from] Flip Turn
|
|-weather|RainDance|[upkeep]
|upkeep
|
|t:|1758293111
|switch|p1a: Leviatan|Hydrapple, M, shiny, tera:Ground|100/100
|turn|18
|inactive|emilipdh has 60 seconds left.
|
|t:|1758293137
|move|p2a: Iron Treads|Earthquake|p1a: Leviatan
|-damage|p1a: Leviatan|74/100
|move|p1a: Leviatan|Earth Power|p2a: Iron Treads
|-supereffective|p2a: Iron Treads
|-damage|p2a: Iron Treads|25/100
|
|-weather|none
|-heal|p2a: Iron Treads|31/100|[from] item: Leftovers
|upkeep
|turn|19
|
|t:|1758293143
|-end|p2a: Iron Treads|Quark Drive|[silent]
|switch|p2a: Pelipper|Pelipper, M|25/100
|-weather|RainDance|[from] ability: Drizzle|[of] p2a: Pelipper
|move|p1a: Leviatan|Giga Drain|p2a: Pelipper
|-damage|p2a: Pelipper|0 fnt
|-heal|p1a: Leviatan|84/100|[from] drain|[of] p2a: Pelipper
|faint|p2a: Pelipper
|
|-weather|RainDance|[upkeep]
|upkeep
|
|t:|1758293149
|switch|p2a: Barraskewda|Barraskewda, M|68/100
|turn|20
|inactive|emilipdh has 60 seconds left.
|
|t:|1758293171
|switch|p1a: Skeledirge|Skeledirge, M, shiny|100/100
|-terastallize|p2a: Barraskewda|Water
|move|p2a: Barraskewda|Flip Turn|p1a: Skeledirge
|-supereffective|p1a: Skeledirge
|-damage|p1a: Skeledirge|0 fnt
|faint|p1a: Skeledirge
|
|t:|1758293181
|switch|p2a: Iron Treads|Iron Treads|31/100|[from] Flip Turn
|
|-weather|RainDance|[upkeep]
|-heal|p2a: Iron Treads|37/100|[from] item: Leftovers
|upkeep
|
|t:|1758293183
|switch|p1a: Leviatan|Hydrapple, M, shiny, tera:Ground|100/100
|turn|21
|
|t:|1758293191
|move|p2a: Iron Treads|Earthquake|p1a: Leviatan
|-damage|p1a: Leviatan|71/100
|move|p1a: Leviatan|Giga Drain|p2a: Iron Treads
|-damage|p2a: Iron Treads|5/100
|-heal|p1a: Leviatan|85/100|[from] drain|[of] p2a: Iron Treads
|
|-weather|RainDance|[upkeep]
|-heal|p2a: Iron Treads|11/100|[from] item: Leftovers
|upkeep
|turn|22
|
|t:|1758293197
|move|p2a: Iron Treads|Earthquake|p1a: Leviatan
|-damage|p1a: Leviatan|57/100
|move|p1a: Leviatan|Giga Drain|p2a: Iron Treads
|-damage|p2a: Iron Treads|0 fnt
|-heal|p1a: Leviatan|62/100|[from] drain|[of] p2a: Iron Treads
|faint|p2a: Iron Treads
|-end|p2a: Iron Treads|Quark Drive|[silent]
|
|-weather|RainDance|[upkeep]
|upkeep
|
|t:|1758293215
|switch|p2a: Barraskewda|Barraskewda, M, tera:Water|68/100
|turn|23
|inactive|emilipdh has 60 seconds left.
|
|t:|1758293235
|switch|p1a: Landorus|Landorus-Therian, M, shiny|53/100 tox
|-damage|p1a: Landorus|40/100 tox|[from] Stealth Rock
|-ability|p1a: Landorus|Intimidate|boost
|-unboost|p2a: Barraskewda|atk|1
|move|p2a: Barraskewda|Flip Turn|p1a: Landorus
|-supereffective|p1a: Landorus
|-damage|p1a: Landorus|0 fnt
|faint|p1a: Landorus
|
|t:|1758293238
|switch|p2a: Toxicroak|Toxicroak, F|100/100|[from] Flip Turn
|
|-weather|RainDance|[upkeep]
|upkeep
|
|t:|1758293241
|switch|p1a: Leviatan|Hydrapple, M, shiny, tera:Ground|95/100
|turn|24
|inactive|emilipdh has 60 seconds left.
|
|t:|1758293262
|move|p2a: Toxicroak|Toxic|p1a: Leviatan
|-status|p1a: Leviatan|tox
|move|p1a: Leviatan|Earth Power|p2a: Toxicroak
|-supereffective|p2a: Toxicroak
|-damage|p2a: Toxicroak|0 fnt
|faint|p2a: Toxicroak
|
|-weather|RainDance|[upkeep]
|-damage|p1a: Leviatan|89/100 tox|[from] psn
|upkeep
|inactive|emilipdh has 60 seconds left.
|
|t:|1758293267
|switch|p2a: Barraskewda|Barraskewda, M, tera:Water|68/100
|turn|25
|
|t:|1758293276
|move|p2a: Barraskewda|Liquidation|p1a: Leviatan
|-supereffective|p1a: Leviatan
|-damage|p1a: Leviatan|0 fnt
|faint|p1a: Leviatan
|
|-weather|RainDance|[upkeep]
|upkeep
|
|t:|1758293279
|switch|p1a: Samurott|Samurott-Hisui, M, shiny|100/100
|turn|26
|
|t:|1758293283
|move|p1a: Samurott|Sucker Punch|p2a: Barraskewda
|-damage|p2a: Barraskewda|0 fnt
|faint|p2a: Barraskewda
|
|win|21trisi
|raw|21trisi's rating: 1337 &rarr; <strong>1357</strong><br />(+20 for winning)
|raw|emilipdh's rating: 1340 &rarr; <strong>1320</strong><br />(-20 for losing)
|l|☆emilipdh
|player|p2|
