|j|☆StoopedDaDum
|j|☆OmegaXC
|t:|1758258339
|gametype|singles
|player|p1|StoopedDaDum|1|1380
|player|p2|OmegaXC|mars|1432
|gen|9
|tier|[Gen 9] OU
|rated|
|rule|HP Percentage Mod: HP is shown in percentages
|rule|Endless Battle Clause: Forcing endless battles is banned
|rule|Species Clause: Limit one of each Pokémon
|rule|OHKO Clause: OHKO moves are banned
|rule|Evasion Items Clause: Evasion items are banned
|rule|Evasion Moves Clause: Evasion moves are banned
|rule|Evasion Abilities Clause: Evasion abilities are banned
|rule|Sleep Moves Clause: Sleep-inducing moves are banned
|clearpoke
|poke|p1|Great Tusk|
|poke|p1|Heatran, M|
|poke|p1|Weavile, M|
|poke|p1|Primarina, M|
|poke|p1|Ogerpon, F|
|poke|p1|Pecharunt|
|poke|p2|Gholdengo|
|poke|p2|Samurott-Hisui, F|
|poke|p2|Dragapult, F|
|poke|p2|Kingambit, M|
|poke|p2|Kyurem|
|poke|p2|Great Tusk|
|teampreview
|inactive|Battle timer is ON: inactive players will automatically lose when time's up. (requested by OmegaXC)
|inactive|StoopedDaDum has 120 seconds left.
|
|t:|1758258371
|teamsize|p1|6
|teamsize|p2|6
|start
|switch|p1a: Anonymous|Ogerpon, F|100/100
|switch|p2a: Dragapult|Dragapult, F|100/100
|turn|1
|
|t:|1758258377
|move|p2a: Dragapult|Draco Meteor|p1a: Anonymous
|-damage|p1a: Anonymous|5/100
|-unboost|p2a: Dragapult|spa|2
|move|p1a: Anonymous|Knock Off|p2a: Dragapult
|-supereffective|p2a: Dragapult
|-damage|p2a: Dragapult|0 fnt
|-enditem|p2a: Dragapult|Choice Specs|[from] move: Knock Off|[of] p1a: Anonymous
|faint|p2a: Dragapult
|
|upkeep
|
|t:|1758258387
|switch|p2a: Samurott|Samurott-Hisui, F|100/100
|turn|2
|
|t:|1758258392
|switch|p1a: Celestine|Primarina, M|100/100
|move|p2a: Samurott|Sucker Punch||[still]
|-fail|p2a: Samurott
|
|upkeep
|turn|3
|
|t:|1758258399
|move|p2a: Samurott|Ceaseless Edge|p1a: Celestine
|-resisted|p1a: Celestine
|-damage|p1a: Celestine|76/100
|-sidestart|p1: StoopedDaDum|Spikes
|move|p1a: Celestine|Whirlpool|p2a: Samurott
|-resisted|p2a: Samurott
|-damage|p2a: Samurott|94/100
|-activate|p2a: Samurott|move: Whirlpool|[of] p1a: Celestine
|
|-damage|p2a: Samurott|82/100|[from] move: Whirlpool|[partiallytrapped]
|upkeep
|turn|4
|
|t:|1758258405
|move|p2a: Samurott|Ceaseless Edge|p1a: Celestine
|-resisted|p1a: Celestine
|-damage|p1a: Celestine|52/100
|-sidestart|p1: StoopedDaDum|Spikes
|move|p1a: Celestine|Moonblast|p2a: Samurott
|-supereffective|p2a: Samurott
|-damage|p2a: Samurott|7/100
|-unboost|p2a: Samurott|spa|1
|
|-damage|p2a: Samurott|0 fnt|[from] move: Whirlpool|[partiallytrapped]
|faint|p2a: Samurott
|upkeep
|
|t:|1758258410
|switch|p2a: Kyurem|Kyurem|100/100
|-ability|p2a: Kyurem|Pressure
|turn|5
|inactive|StoopedDaDum has 120 seconds left.
|
|t:|1758258451
|move|p2a: Kyurem|Freeze-Dry|p1a: Celestine
|-supereffective|p1a: Celestine
|-damage|p1a: Celestine|16/100
|move|p1a: Celestine|Moonblast|p2a: Kyurem
|-supereffective|p2a: Kyurem
|-damage|p2a: Kyurem|0 fnt
|faint|p2a: Kyurem
|
|upkeep
|
|t:|1758258457
|switch|p2a: Great Tusk|Great Tusk|100/100
|turn|6
|inactive|StoopedDaDum has 120 seconds left.
|
|t:|1758258464
|move|p2a: Great Tusk|Stealth Rock|p1a: Celestine
|-sidestart|p1: StoopedDaDum|move: Stealth Rock
|move|p1a: Celestine|Moonblast|p2a: Great Tusk
|-supereffective|p2a: Great Tusk
|-damage|p2a: Great Tusk|0 fnt
|faint|p2a: Great Tusk
|-end|p2a: Great Tusk|Protosynthesis|[silent]
|
|upkeep
|
|t:|1758258466
|switch|p2a: Gholdengo|Gholdengo|100/100
|-item|p2a: Gholdengo|Air Balloon
|turn|7
|inactive|StoopedDaDum has 120 seconds left.
|
|t:|1758258489
|move|p2a: Gholdengo|Shadow Ball|p1a: Celestine
|-damage|p1a: Celestine|0 fnt
|faint|p1a: Celestine
|
|upkeep
|
|t:|1758258491
|switch|p1a: Chaos|Heatran, M|100/100
|-damage|p1a: Chaos|88/100|[from] Stealth Rock
|-item|p1a: Chaos|Air Balloon
|turn|8
|
|t:|1758258497
|move|p2a: Gholdengo|Shadow Ball|p1a: Chaos
|-damage|p1a: Chaos|46/100
|-unboost|p1a: Chaos|spd|1
|-enditem|p1a: Chaos|Air Balloon
|move|p1a: Chaos|Magma Storm|p2a: Gholdengo
|-supereffective|p2a: Gholdengo
|-damage|p2a: Gholdengo|0 fnt
|-enditem|p2a: Gholdengo|Air Balloon
|faint|p2a: Gholdengo
|
|upkeep
|
|t:|1758258499
|switch|p2a: Kingambit|Kingambit, M|100/100
|-activate|p2a: Kingambit|ability: Supreme Overlord
|-start|p2a: Kingambit|fallen5|[silent]
|turn|9
|
|t:|1758258510
|-terastallize|p2a: Kingambit|Dark
|move|p1a: Chaos|Magma Storm|p2a: Kingambit
|-damage|p2a: Kingambit|36/100
|-activate|p2a: Kingambit|move: Magma Storm|[of] p1a: Chaos
|move|p2a: Kingambit|Swords Dance|p2a: Kingambit
|-boost|p2a: Kingambit|atk|2
|
|-damage|p2a: Kingambit|23/100|[from] move: Magma Storm|[partiallytrapped]
|upkeep
|turn|10
|
|t:|1758258519
|move|p2a: Kingambit|Sucker Punch||[still]
|-fail|p2a: Kingambit
|move|p1a: Chaos|Taunt|p2a: Kingambit
|-start|p2a: Kingambit|move: Taunt
|
|-damage|p2a: Kingambit|11/100|[from] move: Magma Storm|[partiallytrapped]
|upkeep
|turn|11
|
|t:|1758258533
|move|p1a: Chaos|Earth Power|p2a: Kingambit
|-damage|p2a: Kingambit|0 fnt
|faint|p2a: Kingambit
|-end|p2a: Kingambit|fallen5|[silent]
|
|win|StoopedDaDum
|raw|StoopedDaDum's rating: 1380 &rarr; <strong>1403</strong><br />(+23 for winning)
|raw|OmegaXC's rating: 1432 &rarr; <strong>1409</strong><br />(-23 for losing)
|l|☆OmegaXC
|player|p2|
|l|☆StoopedDaDum
|player|p1|
