|j|☆DTTPokemon
|j|☆Mega Belibolt
|t:|1758284577
|gametype|singles
|player|p1|DTTPokemon|pokemonrangerf|1387
|player|p2|Mega Belibolt|102|1457
|gen|9
|tier|[Gen 9] OU
|rated|
|rule|HP Percentage Mod: HP is shown in percentages
|rule|Endless Battle Clause: Forcing endless battles is banned
|rule|Species Clause: Limit one of each Pokémon
|rule|OHKO Clause: OHKO moves are banned
|rule|Evasion Items Clause: Evasion items are banned
|rule|Evasion Moves Clause: Evasion moves are banned
|rule|Evasion Abilities Clause: Evasion abilities are banned
|rule|Sleep Moves Clause: Sleep-inducing moves are banned
|clearpoke
|poke|p1|Ursaluna, F|
|poke|p1|Raging Bolt|
|poke|p1|Iron Crown|
|poke|p1|Araquanid, M|
|poke|p1|Zamazenta-*|
|poke|p1|Weavile, F|
|poke|p2|Ninetales-Alola, M|
|poke|p2|Blastoise, M|
|poke|p2|Great Tusk|
|poke|p2|Iron Valiant|
|poke|p2|Kingambit, F|
|poke|p2|Iron Moth|
|teampreview
|inactive|Battle timer is ON: inactive players will automatically lose when time's up. (requested by DTTPokemon)
|
|t:|1758284593
|teamsize|p1|6
|teamsize|p2|6
|start
|switch|p1a: Iron Crown|Iron Crown|100/100
|switch|p2a: Blastoise|Blastoise, M|100/100
|-enditem|p1a: Iron Crown|Booster Energy
|-activate|p1a: Iron Crown|ability: Quark Drive|[fromitem]
|-start|p1a: Iron Crown|quarkdrivespa
|turn|1
|
|t:|1758284615
|move|p1a: Iron Crown|Psyshock|p2a: Blastoise
|-damage|p2a: Blastoise|44/100
|move|p2a: Blastoise|Shell Smash|p2a: Blastoise
|-unboost|p2a: Blastoise|def|1
|-unboost|p2a: Blastoise|spd|1
|-boost|p2a: Blastoise|atk|2
|-boost|p2a: Blastoise|spa|2
|-boost|p2a: Blastoise|spe|2
|-enditem|p2a: Blastoise|White Herb
|-clearnegativeboost|p2a: Blastoise|[silent]
|
|upkeep
|turn|2
|
|t:|1758284627
|move|p2a: Blastoise|Surf|p1a: Iron Crown
|-damage|p1a: Iron Crown|24/100
|move|p1a: Iron Crown|Psyshock|p2a: Blastoise
|-damage|p2a: Blastoise|0 fnt
|faint|p2a: Blastoise
|
|upkeep
|
|t:|1758284635
|switch|p2a: Iron Moth|Iron Moth|100/100
|-enditem|p2a: Iron Moth|Booster Energy
|-activate|p2a: Iron Moth|ability: Quark Drive|[fromitem]
|-start|p2a: Iron Moth|quarkdrivespa
|turn|3
|
|t:|1758284641
|move|p2a: Iron Moth|Fiery Dance|p1a: Iron Crown
|-supereffective|p1a: Iron Crown
|-damage|p1a: Iron Crown|0 fnt
|faint|p1a: Iron Crown
|-end|p1a: Iron Crown|Quark Drive|[silent]
|
|upkeep
|
|t:|1758284648
|switch|p1a: Ursaluna|Ursaluna, F|100/100
|turn|4
|
|t:|1758284655
|move|p2a: Iron Moth|Fiery Dance|p1a: Ursaluna
|-damage|p1a: Ursaluna|48/100
|move|p1a: Ursaluna|Earthquake|p2a: Iron Moth
|-supereffective|p2a: Iron Moth
|-damage|p2a: Iron Moth|0 fnt
|faint|p2a: Iron Moth
|-end|p2a: Iron Moth|Quark Drive|[silent]
|
|-status|p1a: Ursaluna|brn|[from] item: Flame Orb
|upkeep
|
|t:|1758284662
|switch|p2a: Ninetales|Ninetales-Alola, M|100/100
|-weather|Snowscape|[from] ability: Snow Warning|[of] p2a: Ninetales
|turn|5
|
|t:|1758284667
|move|p2a: Ninetales|Blizzard|p1a: Ursaluna
|-supereffective|p1a: Ursaluna
|-damage|p1a: Ursaluna|0 fnt
|faint|p1a: Ursaluna
|
|-weather|Snowscape|[upkeep]
|upkeep
|
|t:|1758284673
|switch|p1a: Zamazenta|Zamazenta|100/100
|-ability|p1a: Zamazenta|Dauntless Shield|boost
|-boost|p1a: Zamazenta|def|1
|turn|6
|
|t:|1758284677
|-terastallize|p2a: Ninetales|Fire
|move|p2a: Ninetales|Aurora Veil|p2a: Ninetales
|-sidestart|p2: Mega Belibolt|move: Aurora Veil
|move|p1a: Zamazenta|Iron Head|p2a: Ninetales
|-resisted|p2a: Ninetales
|-damage|p2a: Ninetales|89/100
|
|-weather|Snowscape|[upkeep]
|upkeep
|turn|7
|
|t:|1758284684
|move|p2a: Ninetales|Blizzard|p1a: Zamazenta
|-damage|p1a: Zamazenta|78/100
|move|p1a: Zamazenta|Body Press|p2a: Ninetales
|-damage|p2a: Ninetales|53/100
|
|-weather|Snowscape|[upkeep]
|upkeep
|turn|8
|
|t:|1758284693
|move|p2a: Ninetales|Encore|p1a: Zamazenta
|-start|p1a: Zamazenta|Encore
|move|p1a: Zamazenta|Body Press|p2a: Ninetales
|-damage|p2a: Ninetales|20/100
|
|-weather|Snowscape|[upkeep]
|upkeep
|turn|9
|
|t:|1758284698
|switch|p2a: Great Tusk|Great Tusk|100/100
|-enditem|p2a: Great Tusk|Booster Energy
|-activate|p2a: Great Tusk|ability: Protosynthesis|[fromitem]
|-start|p2a: Great Tusk|protosynthesisspe
|move|p1a: Zamazenta|Body Press|p2a: Great Tusk
|-damage|p2a: Great Tusk|87/100
|
|-weather|none
|upkeep
|turn|10
|
|t:|1758284709
|switch|p1a: Araquanid|Araquanid, M|100/100
|move|p2a: Great Tusk|Bulk Up|p2a: Great Tusk
|-boost|p2a: Great Tusk|atk|1
|-boost|p2a: Great Tusk|def|1
|
|upkeep
|turn|11
|
|t:|1758284717
|move|p2a: Great Tusk|Head Smash|p1a: Araquanid
|-supereffective|p1a: Araquanid
|-damage|p1a: Araquanid|0 fnt
|faint|p1a: Araquanid
|-damage|p2a: Great Tusk|49/100|[from] Recoil
|
|upkeep
|
|t:|1758284725
|switch|p1a: Weavile|Weavile, F|100/100
|turn|12
|
|t:|1758284728
|move|p1a: Weavile|Fake Out|p2a: Great Tusk
|-damage|p2a: Great Tusk|46/100
|cant|p2a: Great Tusk|flinch
|
|upkeep
|turn|13
|
|t:|1758284734
|move|p2a: Great Tusk|Headlong Rush|p1a: Weavile
|-enditem|p1a: Weavile|Focus Sash
|-damage|p1a: Weavile|1/100
|-unboost|p2a: Great Tusk|def|1
|-unboost|p2a: Great Tusk|spd|1
|move|p1a: Weavile|Ice Spinner|p2a: Great Tusk
|-supereffective|p2a: Great Tusk
|-damage|p2a: Great Tusk|23/100
|
|-sideend|p2: Mega Belibolt|move: Aurora Veil
|upkeep
|turn|14
|
|t:|1758284744
|switch|p1a: Zamazenta|Zamazenta|78/100
|move|p2a: Great Tusk|Rapid Spin|p1a: Zamazenta
|-damage|p1a: Zamazenta|61/100
|-boost|p2a: Great Tusk|spe|1
|
|upkeep
|turn|15
|
|t:|1758284751
|move|p2a: Great Tusk|Headlong Rush|p1a: Zamazenta
|-damage|p1a: Zamazenta|0 fnt
|-unboost|p2a: Great Tusk|def|1
|-unboost|p2a: Great Tusk|spd|1
|faint|p1a: Zamazenta
|
|upkeep
|
|t:|1758284756
|switch|p1a: Weavile|Weavile, F|1/100
|turn|16
|
|t:|1758284764
|move|p1a: Weavile|Fake Out|p2a: Great Tusk
|-damage|p2a: Great Tusk|10/100
|cant|p2a: Great Tusk|flinch
|
|upkeep
|turn|17
|
|t:|1758284769
|-end|p2a: Great Tusk|Protosynthesis|[silent]
|switch|p2a: Iron Valiant|Iron Valiant|100/100
|-enditem|p2a: Iron Valiant|Booster Energy
|-activate|p2a: Iron Valiant|ability: Quark Drive|[fromitem]
|-start|p2a: Iron Valiant|quarkdrivespe
|move|p1a: Weavile|Ice Spinner|p2a: Iron Valiant
|-damage|p2a: Iron Valiant|54/100
|
|upkeep
|turn|18
|
|t:|1758284776
|move|p2a: Iron Valiant|Knock Off|p1a: Weavile
|-resisted|p1a: Weavile
|-damage|p1a: Weavile|0 fnt
|faint|p1a: Weavile
|
|upkeep
|
|t:|1758284781
|switch|p1a: Raging Bolt|Raging Bolt|100/100
|turn|19
|
|t:|1758284787
|move|p2a: Iron Valiant|Swords Dance|p2a: Iron Valiant
|-boost|p2a: Iron Valiant|atk|2
|move|p1a: Raging Bolt|Dragon Pulse|p2a: Iron Valiant
|-immune|p2a: Iron Valiant
|
|upkeep
|turn|20
|
|t:|1758284793
|-terastallize|p1a: Raging Bolt|Ice
|move|p2a: Iron Valiant|Encore|p1a: Raging Bolt
|-start|p1a: Raging Bolt|Encore
|move|p1a: Raging Bolt|Dragon Pulse|p2a: Iron Valiant
|-immune|p2a: Iron Valiant
|
|upkeep
|turn|21
|-message|DTTPokemon forfeited.
|
|win|Mega Belibolt
|raw|DTTPokemon's rating: 1387 &rarr; <strong>1371</strong><br />(-16 for losing)
|raw|Mega Belibolt's rating: 1457 &rarr; <strong>1473</strong><br />(+16 for winning)
|l|☆DTTPokemon
|player|p1|
