|j|☆enigma96
|j|☆MothmanIsMyBf
|t:|1758244472
|gametype|singles
|player|p1|enigma96|jogger|1097
|player|p2|MothmanIsMyBf|raihan|1139
|gen|9
|tier|[Gen 9] OU
|rated|
|rule|HP Percentage Mod: HP is shown in percentages
|rule|Endless Battle Clause: Forcing endless battles is banned
|rule|Species Clause: Limit one of each Pokémon
|rule|OHKO Clause: OHKO moves are banned
|rule|Evasion Items Clause: Evasion items are banned
|rule|Evasion Moves Clause: Evasion moves are banned
|rule|Evasion Abilities Clause: Evasion abilities are banned
|rule|Sleep Moves Clause: Sleep-inducing moves are banned
|clearpoke
|poke|p1|Delphox, M|
|poke|p1|Milotic, M|
|poke|p1|Gardevoir, M|
|poke|p1|Tsareena, F|
|poke|p1|Salazzle, F|
|poke|p1|Dragonair, M|
|poke|p2|Quaquaval, M|
|poke|p2|Samurott-Hisui, F|
|poke|p2|Iron Treads|
|poke|p2|Gholdengo|
|poke|p2|Hatterene, F|
|poke|p2|Moltres|
|teampreview
|inactive|Battle timer is ON: inactive players will automatically lose when time's up. (requested by MothmanIsMyBf)
|
|t:|1758244483
|teamsize|p1|6
|teamsize|p2|6
|start
|switch|p1a: DJ Foxy|Delphox, M, shiny|100/100
|switch|p2a: Samurott|Samurott-Hisui, F, shiny|100/100
|turn|1
|
|t:|1758244491
|move|p1a: DJ Foxy|Overheat|p2a: Samurott
|-resisted|p2a: Samurott
|-damage|p2a: Samurott|56/100
|-unboost|p1a: DJ Foxy|spa|2
|-enditem|p1a: DJ Foxy|Eject Pack
|
|t:|1758244495
|switch|p1a: Bastarda|Tsareena, F, shiny|100/100
|move|p2a: Samurott|Ceaseless Edge|p1a: Bastarda
|-damage|p1a: Bastarda|69/100
|-damage|p2a: Samurott|39/100|[from] item: Rocky Helmet|[of] p1a: Bastarda
|-sidestart|p1: enigma96|Spikes
|
|upkeep
|turn|2
|
|t:|1758244508
|switch|p2a: Gholdengo|Gholdengo|100/100
|move|p1a: Bastarda|Knock Off|p2a: Gholdengo
|-supereffective|p2a: Gholdengo
|-damage|p2a: Gholdengo|40/100
|-enditem|p2a: Gholdengo|Choice Scarf|[from] move: Knock Off|[of] p1a: Bastarda
|
|upkeep
|turn|3
|
|t:|1758244518
|move|p2a: Gholdengo|Make It Rain|p1a: Bastarda
|-damage|p1a: Bastarda|2/100
|-unboost|p2a: Gholdengo|spa|1
|move|p1a: Bastarda|Knock Off|p2a: Gholdengo
|-supereffective|p2a: Gholdengo
|-damage|p2a: Gholdengo|3/100
|
|upkeep
|turn|4
|
|t:|1758244536
|switch|p1a: DJ Foxy|Delphox, M, shiny|100/100
|-damage|p1a: DJ Foxy|88/100|[from] Spikes
|move|p2a: Gholdengo|Make It Rain|p1a: DJ Foxy
|-resisted|p1a: DJ Foxy
|-crit|p1a: DJ Foxy
|-damage|p1a: DJ Foxy|32/100
|-unboost|p2a: Gholdengo|spa|1
|
|upkeep
|turn|5
|
|t:|1758244548
|switch|p2a: Samurott|Samurott-Hisui, F, shiny|39/100
|move|p1a: DJ Foxy|Scorching Sands|p2a: Samurott
|-damage|p2a: Samurott|6/100
|-item|p1a: DJ Foxy|Focus Sash|[from] ability: Magician|[of] p2a: Samurott
|
|upkeep
|turn|6
|
|t:|1758244559
|move|p2a: Samurott|Sucker Punch|p1a: DJ Foxy
|-supereffective|p1a: DJ Foxy
|-damage|p1a: DJ Foxy|0 fnt
|faint|p1a: DJ Foxy
|
|upkeep
|
|t:|1758244569
|switch|p1a: Chica Peligro|Gardevoir, M, shiny|100/100
|-damage|p1a: Chica Peligro|88/100|[from] Spikes
|-ability|p1a: Chica Peligro|Sharpness|Trace|[from] ability: Trace|[of] p2a: Samurott
|turn|7
|
|t:|1758244577
|move|p2a: Samurott|Sucker Punch||[still]
|-fail|p2a: Samurott
|move|p1a: Chica Peligro|Trick|p2a: Samurott
|-activate|p1a: Chica Peligro|move: Trick|[of] p2a: Samurott
|-item|p2a: Samurott|Choice Scarf|[from] move: Trick
|-enditem|p1a: Chica Peligro|Choice Scarf|[silent]|[from] move: Trick
|
|upkeep
|turn|8
|
|t:|1758244589
|switch|p1a: La XAMAKA|Milotic, M, shiny|100/100
|-damage|p1a: La XAMAKA|88/100|[from] Spikes
|move|p2a: Samurott|Encore||[still]
|-fail|p2a: Samurott
|
|-heal|p1a: La XAMAKA|94/100|[from] item: Leftovers
|upkeep
|turn|9
|
|t:|1758244600
|switch|p2a: Hatterene|Hatterene, F, shiny|100/100
|move|p1a: La XAMAKA|Scald|p2a: Hatterene
|-damage|p2a: Hatterene|70/100
|-status|p2a: Hatterene|brn
|
|-heal|p1a: La XAMAKA|99/100|[from] item: Leftovers
|-damage|p2a: Hatterene|64/100 brn|[from] brn
|upkeep
|turn|10
|
|t:|1758244618
|move|p1a: La XAMAKA|Scald|p2a: Hatterene
|-crit|p2a: Hatterene
|-damage|p2a: Hatterene|22/100 brn
|move|p2a: Hatterene|Psychic Noise|p1a: La XAMAKA
|-damage|p1a: La XAMAKA|66/100
|-start|p1a: La XAMAKA|move: Heal Block
|
|-damage|p2a: Hatterene|16/100 brn|[from] brn
|upkeep
|turn|11
|
|t:|1758244639
|switch|p2a: Samurott|Samurott-Hisui, F, shiny|6/100
|move|p1a: La XAMAKA|Scald|p2a: Samurott
|-resisted|p2a: Samurott
|-damage|p2a: Samurott|0 fnt
|faint|p2a: Samurott
|
|-end|p1a: La XAMAKA|move: Heal Block
|upkeep
|
|t:|1758244653
|switch|p2a: Iron Treads|Iron Treads, shiny|100/100
|-enditem|p2a: Iron Treads|Booster Energy
|-activate|p2a: Iron Treads|ability: Quark Drive|[fromitem]
|-start|p2a: Iron Treads|quarkdrivespe
|turn|12
|
|t:|1758244658
|move|p2a: Iron Treads|Knock Off|p1a: La XAMAKA
|-damage|p1a: La XAMAKA|45/100
|-enditem|p1a: La XAMAKA|Leftovers|[from] move: Knock Off|[of] p2a: Iron Treads
|move|p1a: La XAMAKA|Scald|p2a: Iron Treads
|-supereffective|p2a: Iron Treads
|-damage|p2a: Iron Treads|25/100
|
|upkeep
|turn|13
|
|t:|1758244666
|move|p2a: Iron Treads|Stealth Rock|p1a: La XAMAKA
|-sidestart|p1: enigma96|move: Stealth Rock
|move|p1a: La XAMAKA|Recover|p1a: La XAMAKA
|-heal|p1a: La XAMAKA|95/100
|
|upkeep
|turn|14
|
|t:|1758244672
|-end|p2a: Iron Treads|Quark Drive|[silent]
|switch|p2a: Hatterene|Hatterene, F, shiny|16/100 brn
|move|p1a: La XAMAKA|Scald|p2a: Hatterene
|-damage|p2a: Hatterene|0 fnt
|faint|p2a: Hatterene
|
|upkeep
|inactive|MothmanIsMyBf has 120 seconds left.
|
|t:|1758244706
|switch|p2a: Gholdengo|Gholdengo|3/100
|turn|15
|
|t:|1758244715
|move|p2a: Gholdengo|Psyshock|p1a: La XAMAKA
|-damage|p1a: La XAMAKA|74/100
|move|p1a: La XAMAKA|Recover|p1a: La XAMAKA
|-heal|p1a: La XAMAKA|100/100
|
|upkeep
|turn|16
|
|t:|1758244729
|move|p2a: Gholdengo|Shadow Ball|p1a: La XAMAKA
|-damage|p1a: La XAMAKA|68/100
|-unboost|p1a: La XAMAKA|spd|1
|move|p1a: La XAMAKA|Scald|p2a: Gholdengo
|-damage|p2a: Gholdengo|0 fnt
|faint|p2a: Gholdengo
|
|upkeep
|inactive|MothmanIsMyBf has 120 seconds left.
|
|t:|1758244742
|switch|p2a: Quaquaval|Quaquaval, M|100/100
|turn|17
|
|t:|1758244752
|move|p2a: Quaquaval|Aqua Step|p1a: La XAMAKA
|-resisted|p1a: La XAMAKA
|-damage|p1a: La XAMAKA|53/100
|-boost|p2a: Quaquaval|spe|1
|move|p1a: La XAMAKA|Scald|p2a: Quaquaval
|-resisted|p2a: Quaquaval
|-damage|p2a: Quaquaval|80/100
|
|upkeep
|turn|18
|
|t:|1758244760
|move|p2a: Quaquaval|Close Combat|p1a: La XAMAKA
|-damage|p1a: La XAMAKA|11/100
|-unboost|p2a: Quaquaval|def|1
|-unboost|p2a: Quaquaval|spd|1
|move|p1a: La XAMAKA|Recover|p1a: La XAMAKA
|-heal|p1a: La XAMAKA|61/100
|
|upkeep
|turn|19
|
|t:|1758244771
|move|p2a: Quaquaval|Close Combat|p1a: La XAMAKA
|-damage|p1a: La XAMAKA|21/100
|-unboost|p2a: Quaquaval|def|1
|-unboost|p2a: Quaquaval|spd|1
|move|p1a: La XAMAKA|Scald|p2a: Quaquaval
|-resisted|p2a: Quaquaval
|-damage|p2a: Quaquaval|43/100
|
|upkeep
|turn|20
|
|t:|1758244781
|switch|p1a: Chica Peligro|Gardevoir, M, shiny|88/100
|-damage|p1a: Chica Peligro|76/100|[from] Spikes
|-damage|p1a: Chica Peligro|64/100|[from] Stealth Rock
|-ability|p1a: Chica Peligro|Moxie|Trace|[from] ability: Trace|[of] p2a: Quaquaval
|move|p2a: Quaquaval|Close Combat|p1a: Chica Peligro
|-resisted|p1a: Chica Peligro
|-damage|p1a: Chica Peligro|38/100
|-unboost|p2a: Quaquaval|def|1
|-unboost|p2a: Quaquaval|spd|1
|
|upkeep
|turn|21
|
|t:|1758244793
|move|p2a: Quaquaval|Aqua Step|p1a: Chica Peligro
|-damage|p1a: Chica Peligro|0 fnt
|-boost|p2a: Quaquaval|spe|1
|faint|p1a: Chica Peligro
|-ability|p2a: Quaquaval|Moxie|boost
|-boost|p2a: Quaquaval|atk|1
|
|upkeep
|
|t:|1758244800
|switch|p1a: Dragonair|Dragonair, M, shiny|100/100
|-damage|p1a: Dragonair|88/100|[from] Spikes
|-damage|p1a: Dragonair|76/100|[from] Stealth Rock
|turn|22
|
|t:|1758244806
|-terastallize|p2a: Quaquaval|Ice
|-terastallize|p1a: Dragonair|Normal
|move|p1a: Dragonair|Extreme Speed|p2a: Quaquaval
|-damage|p2a: Quaquaval|0 fnt
|faint|p2a: Quaquaval
|
|upkeep
|
|t:|1758244812
|switch|p2a: Moltres|Moltres, shiny|100/100
|turn|23
|
|t:|1758244825
|switch|p1a: Bastarda|Tsareena, F, shiny|2/100
|-damage|p1a: Bastarda|0 fnt|[from] Spikes
|faint|p1a: Bastarda
|move|p2a: Moltres|Will-O-Wisp|p1: Bastarda|[notarget]
|-fail|p2a: Moltres
|
|upkeep
|
|t:|1758244832
|switch|p1a: Salazzle|Salazzle, F|100/100
|-damage|p1a: Salazzle|88/100|[from] Spikes
|-damage|p1a: Salazzle|63/100|[from] Stealth Rock
|turn|24
|
|t:|1758244840
|move|p1a: Salazzle|Substitute|p1a: Salazzle
|-start|p1a: Salazzle|Substitute
|-damage|p1a: Salazzle|39/100
|move|p2a: Moltres|Flamethrower|p1a: Salazzle
|-resisted|p1a: Salazzle
|-end|p1a: Salazzle|Substitute
|
|-heal|p1a: Salazzle|45/100|[from] item: Leftovers
|upkeep
|turn|25
|
|t:|1758244852
|switch|p2a: Iron Treads|Iron Treads, shiny|25/100
|move|p1a: Salazzle|Toxic|p2a: Iron Treads
|-status|p2a: Iron Treads|tox
|
|-heal|p1a: Salazzle|51/100|[from] item: Leftovers
|-damage|p2a: Iron Treads|19/100 tox|[from] psn
|upkeep
|turn|26
|
|t:|1758244862
|move|p1a: Salazzle|Protect|p1a: Salazzle
|-singleturn|p1a: Salazzle|Protect
|move|p2a: Iron Treads|Rapid Spin|p1a: Salazzle
|-activate|p1a: Salazzle|move: Protect
|
|-heal|p1a: Salazzle|57/100|[from] item: Leftovers
|-damage|p2a: Iron Treads|6/100 tox|[from] psn
|upkeep
|turn|27
|
|t:|1758244871
|move|p1a: Salazzle|Flamethrower|p2a: Iron Treads
|-supereffective|p2a: Iron Treads
|-damage|p2a: Iron Treads|0 fnt
|faint|p2a: Iron Treads
|-end|p2a: Iron Treads|Quark Drive|[silent]
|
|-heal|p1a: Salazzle|63/100|[from] item: Leftovers
|upkeep
|
|t:|1758244873
|switch|p2a: Moltres|Moltres, shiny|100/100
|turn|28
|
|t:|1758244880
|move|p1a: Salazzle|Protect|p1a: Salazzle
|-singleturn|p1a: Salazzle|Protect
|move|p2a: Moltres|Flamethrower|p1a: Salazzle
|-activate|p1a: Salazzle|move: Protect
|
|-heal|p1a: Salazzle|70/100|[from] item: Leftovers
|upkeep
|turn|29
|-message|MothmanIsMyBf forfeited.
|
|win|enigma96
|raw|enigma96's rating: 1097 &rarr; <strong>1126</strong><br />(+29 for winning)
|raw|MothmanIsMyBf's rating: 1139 &rarr; <strong>1111</strong><br />(-28 for losing)
|l|☆MothmanIsMyBf
|player|p2|
|l|☆enigma96
|player|p1|
