|j|☆21stCenturyB0y
|j|☆ign28
|t:|1758310324
|gametype|singles
|player|p1|21stCenturyB0y|argenta|1459
|player|p2|ign28|palmer|1477
|gen|9
|tier|[Gen 9] OU
|rated|
|rule|HP Percentage Mod: HP is shown in percentages
|rule|Endless Battle Clause: Forcing endless battles is banned
|rule|Species Clause: Limit one of each Pokémon
|rule|OHKO Clause: OHKO moves are banned
|rule|Evasion Items Clause: Evasion items are banned
|rule|Evasion Moves Clause: Evasion moves are banned
|rule|Evasion Abilities Clause: Evasion abilities are banned
|rule|Sleep Moves Clause: Sleep-inducing moves are banned
|clearpoke
|poke|p1|Smeargle, M|
|poke|p1|Serperior, M|
|poke|p1|Kingambit, F|
|poke|p1|Dragapult, F|
|poke|p1|Landorus-Therian, M|
|poke|p1|Cinderace, M|
|poke|p2|Dragonite, F|
|poke|p2|Zamazenta-*|
|poke|p2|Ting-Lu|
|poke|p2|Pecharunt|
|poke|p2|Weavile, F|
|poke|p2|Latios, M|
|teampreview
|inactive|Battle timer is ON: inactive players will automatically lose when time's up. (requested by ign28)
|inactive|21stCenturyB0y has 120 seconds left.
|
|t:|1758310361
|teamsize|p1|6
|teamsize|p2|6
|start
|switch|p1a: The Kitchen Sink|Smeargle, M|100/100
|switch|p2a: Weavile|Weavile, F|100/100
|-ability|p2a: Weavile|Pressure
|turn|1
|
|t:|1758310368
|move|p1a: The Kitchen Sink|Burning Bulwark|p1a: The Kitchen Sink
|-singleturn|p1a: The Kitchen Sink|move: Protect
|move|p2a: Weavile|Triple Axel|p1a: The Kitchen Sink
|-activate|p1a: The Kitchen Sink|move: Protect
|-status|p2a: Weavile|brn
|
|-damage|p2a: Weavile|94/100 brn|[from] brn
|upkeep
|turn|2
|
|t:|1758310377
|move|p2a: Weavile|Knock Off|p1a: The Kitchen Sink
|-damage|p1a: The Kitchen Sink|46/100
|-enditem|p1a: The Kitchen Sink|Focus Sash|[from] move: Knock Off|[of] p2a: Weavile
|move|p1a: The Kitchen Sink|Sticky Web|p2a: Weavile
|-sidestart|p2: ign28|move: Sticky Web
|
|-damage|p2a: Weavile|88/100 brn|[from] brn
|upkeep
|turn|3
|
|t:|1758310405
|move|p2a: Weavile|Triple Axel|p1a: The Kitchen Sink
|-damage|p1a: The Kitchen Sink|34/100
|-damage|p1a: The Kitchen Sink|10/100
|-damage|p1a: The Kitchen Sink|0 fnt
|faint|p1a: The Kitchen Sink
|-hitcount|p1: The Kitchen Sink|3
|
|-damage|p2a: Weavile|82/100 brn|[from] brn
|upkeep
|inactive|21stCenturyB0y has 120 seconds left.
|
|t:|1758310421
|switch|p1a: Messi|Cinderace, M, shiny|100/100
|turn|4
|
|t:|1758310425
|move|p2a: Weavile|Knock Off|p1a: Messi
|-damage|p1a: Messi|67/100
|-enditem|p1a: Messi|Heavy-Duty Boots|[from] move: Knock Off|[of] p2a: Weavile
|move|p1a: Messi|Court Change|p1a: Messi
|-start|p1a: Messi|typechange|Normal|[from] ability: Libero
|-swapsideconditions
|-activate|p1a: Messi|move: Court Change
|
|-damage|p2a: Weavile|76/100 brn|[from] brn
|upkeep
|turn|5
|
|t:|1758310434
|switch|p2a: Ting-Lu|Ting-Lu|100/100
|-ability|p2a: Ting-Lu|Vessel of Ruin
|move|p1a: Messi|Pyro Ball|p2a: Ting-Lu
|-damage|p2a: Ting-Lu|81/100
|
|-heal|p2a: Ting-Lu|87/100|[from] item: Leftovers
|upkeep
|turn|6
|inactive|21stCenturyB0y has 120 seconds left.
|
|t:|1758310470
|move|p1a: Messi|U-turn|p2a: Ting-Lu
|-supereffective|p2a: Ting-Lu
|-damage|p2a: Ting-Lu|62/100
|
|t:|1758310475
|switch|p1a: Figarland|Serperior, M, shiny|100/100|[from] U-turn
|-activate|p1a: Figarland|move: Sticky Web
|-boost|p1a: Figarland|spe|1
|move|p2a: Ting-Lu|Stealth Rock|p1a: Figarland
|-sidestart|p1: 21stCenturyB0y|move: Stealth Rock
|
|-heal|p2a: Ting-Lu|68/100|[from] item: Leftovers
|upkeep
|turn|7
|
|t:|1758310485
|move|p1a: Figarland|Leaf Storm|p2a: Ting-Lu|[miss]
|-miss|p1a: Figarland|p2a: Ting-Lu
|move|p2a: Ting-Lu|Whirlwind|p1a: Figarland
|drag|p1a: ThatMF|Landorus-Therian, M|100/100
|-damage|p1a: ThatMF|88/100|[from] Stealth Rock
|-ability|p1a: ThatMF|Intimidate|boost
|-unboost|p2a: Ting-Lu|atk|1
|
|-heal|p2a: Ting-Lu|74/100|[from] item: Leftovers
|upkeep
|turn|8
|
|t:|1758310496
|move|p1a: ThatMF|U-turn|p2a: Ting-Lu
|-supereffective|p2a: Ting-Lu
|-damage|p2a: Ting-Lu|47/100
|
|t:|1758310498
|switch|p1a: Figarland|Serperior, M, shiny|100/100|[from] U-turn
|-activate|p1a: Figarland|move: Sticky Web
|-boost|p1a: Figarland|spe|1
|-damage|p1a: Figarland|88/100|[from] Stealth Rock
|move|p2a: Ting-Lu|Ruination|p1a: Figarland
|-damage|p1a: Figarland|44/100
|
|-heal|p1a: Figarland|51/100|[from] item: Leftovers
|-heal|p2a: Ting-Lu|53/100|[from] item: Leftovers
|upkeep
|turn|9
|
|t:|1758310508
|move|p1a: Figarland|Leaf Storm|p2a: Ting-Lu
|-supereffective|p2a: Ting-Lu
|-damage|p2a: Ting-Lu|17/100
|-boost|p1a: Figarland|spa|2
|move|p2a: Ting-Lu|Whirlwind|p1a: Figarland
|drag|p1a: Cruise Control|Dragapult, F|100/100
|-activate|p1a: Cruise Control|move: Sticky Web
|-fail|p1a: Cruise Control|unboost|[from] ability: Clear Body|[of] p1a: Cruise Control
|-damage|p1a: Cruise Control|88/100|[from] Stealth Rock
|
|-heal|p2a: Ting-Lu|23/100|[from] item: Leftovers
|upkeep
|turn|10
|
|t:|1758310520
|move|p1a: Cruise Control|U-turn|p2a: Ting-Lu
|-supereffective|p2a: Ting-Lu
|-damage|p2a: Ting-Lu|0 fnt
|faint|p2a: Ting-Lu
|-damage|p1a: Cruise Control|78/100|[from] item: Life Orb
|
|t:|1758310522
|switch|p1a: Figarland|Serperior, M, shiny|51/100|[from] U-turn
|-activate|p1a: Figarland|move: Sticky Web
|-boost|p1a: Figarland|spe|1
|-damage|p1a: Figarland|38/100|[from] Stealth Rock
|
|-heal|p1a: Figarland|44/100|[from] item: Leftovers
|upkeep
|
|t:|1758310531
|switch|p2a: Weavile|Weavile, F|76/100 brn
|-ability|p2a: Weavile|Pressure
|turn|11
|inactive|21stCenturyB0y has 120 seconds left.
|
|t:|1758310562
|switch|p1a: Messi|Cinderace, M, shiny|67/100
|-activate|p1a: Messi|move: Sticky Web
|-unboost|p1a: Messi|spe|1
|-damage|p1a: Messi|42/100|[from] Stealth Rock
|move|p2a: Weavile|Ice Shard|p1a: Messi
|-resisted|p1a: Messi
|-damage|p1a: Messi|35/100
|
|-damage|p2a: Weavile|70/100 brn|[from] brn
|upkeep
|turn|12
|
|t:|1758310571
|switch|p2a: Pecharunt|Pecharunt|100/100
|move|p1a: Messi|Pyro Ball|p2a: Pecharunt
|-damage|p2a: Pecharunt|66/100
|
|upkeep
|turn|13
|inactive|21stCenturyB0y has 120 seconds left.
|
|t:|1758310588
|move|p2a: Pecharunt|Parting Shot|p1a: Messi
|-unboost|p1a: Messi|atk|1
|-unboost|p1a: Messi|spa|1
|
|t:|1758310591
|switch|p2a: Zamazenta|Zamazenta|100/100|[from] Parting Shot
|-ability|p2a: Zamazenta|Dauntless Shield|boost
|-boost|p2a: Zamazenta|def|1
|move|p1a: Messi|U-turn|p2a: Zamazenta
|-start|p1a: Messi|typechange|Bug|[from] ability: Libero
|-resisted|p2a: Zamazenta
|-damage|p2a: Zamazenta|94/100
|inactive|21stCenturyB0y has 120 seconds left.
|
|t:|1758310614
|switch|p1a: Cruise Control|Dragapult, F|78/100|[from] U-turn
|-activate|p1a: Cruise Control|move: Sticky Web
|-fail|p1a: Cruise Control|unboost|[from] ability: Clear Body|[of] p1a: Cruise Control
|-damage|p1a: Cruise Control|66/100|[from] Stealth Rock
|
|upkeep
|turn|14
|
|t:|1758310622
|switch|p2a: Pecharunt|Pecharunt|66/100
|move|p1a: Cruise Control|Draco Meteor|p2a: Pecharunt
|-damage|p2a: Pecharunt|0 fnt
|-unboost|p1a: Cruise Control|spa|2
|faint|p2a: Pecharunt
|-damage|p1a: Cruise Control|56/100|[from] item: Life Orb
|
|upkeep
|
|t:|1758310637
|switch|p2a: Dragonite|Dragonite, F|100/100
|turn|15
|
|t:|1758310640
|-terastallize|p2a: Dragonite|Flying
|move|p1a: Cruise Control|U-turn|p2a: Dragonite
|-resisted|p2a: Dragonite
|-damage|p2a: Dragonite|94/100
|-damage|p1a: Cruise Control|47/100|[from] item: Life Orb
|
|t:|1758310645
|switch|p1a: ThatMF|Landorus-Therian, M|88/100|[from] U-turn
|-damage|p1a: ThatMF|76/100|[from] Stealth Rock
|-ability|p1a: ThatMF|Intimidate|boost
|-unboost|p2a: Dragonite|atk|1
|move|p2a: Dragonite|Dragon Dance|p2a: Dragonite
|-boost|p2a: Dragonite|atk|1
|-boost|p2a: Dragonite|spe|1
|
|upkeep
|turn|16
|
|t:|1758310653
|move|p2a: Dragonite|Dragon Dance|p2a: Dragonite
|-boost|p2a: Dragonite|atk|1
|-boost|p2a: Dragonite|spe|1
|move|p1a: ThatMF|Smack Down|p2a: Dragonite
|-supereffective|p2a: Dragonite
|-damage|p2a: Dragonite|52/100
|-start|p2a: Dragonite|Smack Down
|
|upkeep
|turn|17
|
|t:|1758310659
|move|p2a: Dragonite|Tera Blast|p1a: ThatMF|[anim] Tera Blast Flying
|-damage|p1a: ThatMF|0 fnt
|faint|p1a: ThatMF
|
|upkeep
|
|t:|1758310669
|switch|p1a: The Classic|Kingambit, F|100/100
|-activate|p1a: The Classic|move: Sticky Web
|-unboost|p1a: The Classic|spe|1
|-ability|p1a: The Classic|Defiant|boost
|-boost|p1a: The Classic|atk|2
|-damage|p1a: The Classic|94/100|[from] Stealth Rock
|turn|18
|
|t:|1758310675
|move|p1a: The Classic|Sucker Punch||[still]
|-fail|p1a: The Classic
|move|p2a: Dragonite|Encore|p1a: The Classic
|-start|p1a: The Classic|Encore
|
|upkeep
|turn|19
|
|t:|1758310682
|move|p1a: The Classic|Sucker Punch||[still]
|-fail|p1a: The Classic
|move|p2a: Dragonite|Dragon Dance|p2a: Dragonite
|-boost|p2a: Dragonite|atk|1
|-boost|p2a: Dragonite|spe|1
|
|upkeep
|turn|20
|
|t:|1758310687
|switch|p1a: Messi|Cinderace, M, shiny|35/100
|-activate|p1a: Messi|move: Sticky Web
|-unboost|p1a: Messi|spe|1
|-damage|p1a: Messi|10/100|[from] Stealth Rock
|move|p2a: Dragonite|Dragon Dance|p2a: Dragonite
|-boost|p2a: Dragonite|atk|1
|-boost|p2a: Dragonite|spe|1
|
|upkeep
|turn|21
|
|t:|1758310694
|move|p2a: Dragonite|Tera Blast|p1a: Messi|[anim] Tera Blast Flying
|-damage|p1a: Messi|0 fnt
|faint|p1a: Messi
|
|upkeep
|
|t:|1758310696
|switch|p1a: The Classic|Kingambit, F|94/100
|-activate|p1a: The Classic|move: Sticky Web
|-unboost|p1a: The Classic|spe|1
|-ability|p1a: The Classic|Defiant|boost
|-boost|p1a: The Classic|atk|2
|-damage|p1a: The Classic|88/100|[from] Stealth Rock
|turn|22
|
|t:|1758310703
|move|p1a: The Classic|Sucker Punch|p2a: Dragonite
|-damage|p2a: Dragonite|0 fnt
|faint|p2a: Dragonite
|
|upkeep
|
|t:|1758310707
|switch|p2a: Zamazenta|Zamazenta|94/100
|turn|23
|
|t:|1758310726
|-terastallize|p1a: The Classic|Ghost
|move|p2a: Zamazenta|Close Combat|p1a: The Classic
|-immune|p1a: The Classic
|move|p1a: The Classic|Low Kick|p2a: Zamazenta
|-damage|p2a: Zamazenta|10/100
|
|upkeep
|turn|24
|
|t:|1758310734
|move|p1a: The Classic|Sucker Punch|p2a: Zamazenta
|-resisted|p2a: Zamazenta
|-damage|p2a: Zamazenta|0 fnt
|faint|p2a: Zamazenta
|
|upkeep
|
|t:|1758310738
|switch|p2a: Latios|Latios, M|100/100
|turn|25
|
|t:|1758310742
|move|p2a: Latios|Trick|p1a: The Classic
|-activate|p2a: Latios|move: Trick|[of] p1a: The Classic
|-item|p1a: The Classic|Choice Scarf|[from] move: Trick
|-item|p2a: Latios|Assault Vest|[from] move: Trick
|move|p1a: The Classic|Kowtow Cleave|p2a: Latios
|-supereffective|p2a: Latios
|-damage|p2a: Latios|0 fnt
|faint|p2a: Latios
|
|upkeep
|
|t:|1758310752
|switch|p2a: Weavile|Weavile, F|70/100 brn
|-ability|p2a: Weavile|Pressure
|turn|26
|
|t:|1758310756
|move|p2a: Weavile|Knock Off|p1a: The Classic
|-supereffective|p1a: The Classic
|-damage|p1a: The Classic|50/100
|-enditem|p1a: The Classic|Choice Scarf|[from] move: Knock Off|[of] p2a: Weavile
|move|p1a: The Classic|Kowtow Cleave|p2a: Weavile
|-resisted|p2a: Weavile
|-damage|p2a: Weavile|0 fnt
|faint|p2a: Weavile
|
|win|21stCenturyB0y
|raw|21stCenturyB0y's rating: 1441 &rarr; <strong>1463</strong><br />(+22 for winning)
|raw|ign28's rating: 1477 &rarr; <strong>1455</strong><br />(-22 for losing)
|l|☆21stCenturyB0y
|player|p1|
|l|☆ign28
|player|p2|
