|j|☆Jkkkjj
|j|☆don coleone
|t:|1758349035
|gametype|singles
|player|p1|Jkkkjj|li|1406
|player|p2|don coleone|101|1386
|gen|9
|tier|[Gen 9] OU
|rated|
|rule|HP Percentage Mod: HP is shown in percentages
|rule|Endless Battle Clause: Forcing endless battles is banned
|rule|Species Clause: Limit one of each Pokémon
|rule|OHKO Clause: OHKO moves are banned
|rule|Evasion Items Clause: Evasion items are banned
|rule|Evasion Moves Clause: Evasion moves are banned
|rule|Evasion Abilities Clause: Evasion abilities are banned
|rule|Sleep Moves Clause: Sleep-inducing moves are banned
|clearpoke
|poke|p1|Zamazenta-*|
|poke|p1|Moltres|
|poke|p1|Great Tusk|
|poke|p1|Raging Bolt|
|poke|p1|Meowscarada, M|
|poke|p1|Tornadus-Therian, M|
|poke|p2|Lokix, F|
|poke|p2|Comfey, M|
|poke|p2|Weezing-Galar, M|
|poke|p2|Feraligatr, M|
|poke|p2|Clodsire, F|
|poke|p2|Alomomola, M|
|teampreview
|inactive|Battle timer is ON: inactive players will automatically lose when time's up. (requested by Jkkkjj)
|
|t:|1758349053
|teamsize|p1|6
|teamsize|p2|6
|start
|switch|p1a: Meowscarada|Meowscarada, M|100/100
|switch|p2a: Weezing|Weezing-Galar, M|100/100
|-ability|p2a: Weezing|Neutralizing Gas
|turn|1
|
|t:|1758349060
|move|p1a: Meowscarada|U-turn|p2a: Weezing
|-resisted|p2a: Weezing
|-damage|p2a: Weezing|95/100
|
|t:|1758349064
|switch|p1a: 🔥火神🔥|Moltres|100/100|[from] U-turn
|move|p2a: Weezing|Sludge Bomb|p1a: 🔥火神🔥
|-damage|p1a: 🔥火神🔥|69/100
|-status|p1a: 🔥火神🔥|psn
|
|-heal|p2a: Weezing|100/100|[from] item: Leftovers
|-damage|p1a: 🔥火神🔥|56/100 psn|[from] psn
|upkeep
|turn|2
|
|t:|1758349071
|move|p1a: 🔥火神🔥|Scorching Sands|p2a: Weezing
|-supereffective|p2a: Weezing
|-damage|p2a: Weezing|1/100
|move|p2a: Weezing|Sludge Bomb|p1a: 🔥火神🔥
|-damage|p1a: 🔥火神🔥|23/100 psn
|
|-heal|p2a: Weezing|7/100|[from] item: Leftovers
|-damage|p1a: 🔥火神🔥|11/100 psn|[from] psn
|upkeep
|turn|3
|
|t:|1758349079
|move|p1a: 🔥火神🔥|Scorching Sands|p2a: Weezing
|-supereffective|p2a: Weezing
|-damage|p2a: Weezing|0 fnt
|faint|p2a: Weezing
|-end|p2a: Weezing|ability: Neutralizing Gas
|
|-damage|p1a: 🔥火神🔥|0 fnt|[from] psn
|faint|p1a: 🔥火神🔥
|upkeep
|
|t:|1758349084
|switch|p1a: Meowscarada|Meowscarada, M|100/100
|switch|p2a: Lokix|Lokix, F|100/100
|turn|4
|
|t:|1758349091
|switch|p1a: 兀突骨的坐骑罢了|Great Tusk|100/100
|move|p2a: Lokix|Knock Off|p1a: 兀突骨的坐骑罢了
|-resisted|p1a: 兀突骨的坐骑罢了
|-damage|p1a: 兀突骨的坐骑罢了|64/100
|-enditem|p1a: 兀突骨的坐骑罢了|Choice Scarf|[from] move: Knock Off|[of] p2a: Lokix
|
|upkeep
|turn|5
|
|t:|1758349099
|switch|p2a: Alomomola|Alomomola, M|100/100
|move|p1a: 兀突骨的坐骑罢了|Rapid Spin|p2a: Alomomola
|-damage|p2a: Alomomola|92/100
|-boost|p1a: 兀突骨的坐骑罢了|spe|1
|
|-heal|p2a: Alomomola|98/100|[from] item: Leftovers
|upkeep
|turn|6
|
|t:|1758349102
|move|p1a: 兀突骨的坐骑罢了|Close Combat|p2a: Alomomola
|-damage|p2a: Alomomola|64/100
|-unboost|p1a: 兀突骨的坐骑罢了|def|1
|-unboost|p1a: 兀突骨的坐骑罢了|spd|1
|move|p2a: Alomomola|Flip Turn|p1a: 兀突骨的坐骑罢了
|-supereffective|p1a: 兀突骨的坐骑罢了
|-damage|p1a: 兀突骨的坐骑罢了|30/100
|
|t:|1758349111
|switch|p2a: Feraligatr|Feraligatr, M|100/100|[from] Flip Turn
|
|upkeep
|turn|7
|
|t:|1758349115
|move|p1a: 兀突骨的坐骑罢了|Close Combat|p2a: Feraligatr
|-damage|p2a: Feraligatr|29/100
|-unboost|p1a: 兀突骨的坐骑罢了|def|1
|-unboost|p1a: 兀突骨的坐骑罢了|spd|1
|move|p2a: Feraligatr|Dragon Dance|p2a: Feraligatr
|-boost|p2a: Feraligatr|atk|1
|-boost|p2a: Feraligatr|spe|1
|
|upkeep
|turn|8
|
|t:|1758349122
|move|p2a: Feraligatr|Aqua Jet|p1a: 兀突骨的坐骑罢了
|-supereffective|p1a: 兀突骨的坐骑罢了
|-damage|p1a: 兀突骨的坐骑罢了|0 fnt
|faint|p1a: 兀突骨的坐骑罢了
|-end|p1a: 兀突骨的坐骑罢了|Protosynthesis|[silent]
|-damage|p2a: Feraligatr|19/100|[from] item: Life Orb
|
|upkeep
|
|t:|1758349127
|switch|p1a: Tornadus|Tornadus-Therian, M|100/100
|turn|9
|
|t:|1758349130
|move|p1a: Tornadus|Bleakwind Storm|p2a: Feraligatr
|-crit|p2a: Feraligatr
|-damage|p2a: Feraligatr|0 fnt
|faint|p2a: Feraligatr
|
|upkeep
|
|t:|1758349139
|switch|p2a: Comfey|Comfey, M|100/100
|turn|10
|
|t:|1758349145
|switch|p1a: 潘宏的爱犬罢了|Zamazenta, shiny|100/100
|-ability|p1a: 潘宏的爱犬罢了|Dauntless Shield|boost
|-boost|p1a: 潘宏的爱犬罢了|def|1
|move|p2a: Comfey|Calm Mind|p2a: Comfey
|-boost|p2a: Comfey|spa|1
|-boost|p2a: Comfey|spd|1
|
|upkeep
|turn|11
|
|t:|1758349153
|-terastallize|p2a: Comfey|Poison
|move|p1a: 潘宏的爱犬罢了|Heavy Slam|p2a: Comfey
|-damage|p2a: Comfey|27/100
|move|p2a: Comfey|Calm Mind|p2a: Comfey
|-boost|p2a: Comfey|spa|1
|-boost|p2a: Comfey|spd|1
|
|-heal|p2a: Comfey|33/100|[from] item: Leftovers
|upkeep
|turn|12
|l|☆Jkkkjj
|inactive|Jkkkjj disconnected and has a minute to reconnect!
|player|p1|
|j|☆Jkkkjj
|inactive|Jkkkjj reconnected and has 115 seconds left.
|player|p1|Jkkkjj|li|
|
|t:|1758349192
|move|p2a: Comfey|Draining Kiss|p1a: 潘宏的爱犬罢了
|-supereffective|p1a: 潘宏的爱犬罢了
|-damage|p1a: 潘宏的爱犬罢了|18/100
|-heal|p2a: Comfey|99/100|[from] drain|[of] p1a: 潘宏的爱犬罢了
|move|p1a: 潘宏的爱犬罢了|Heavy Slam|p2a: Comfey
|-damage|p2a: Comfey|25/100
|
|-heal|p2a: Comfey|32/100|[from] item: Leftovers
|upkeep
|turn|13
|
|t:|1758349198
|move|p2a: Comfey|Draining Kiss|p1a: 潘宏的爱犬罢了
|-supereffective|p1a: 潘宏的爱犬罢了
|-damage|p1a: 潘宏的爱犬罢了|0 fnt
|-heal|p2a: Comfey|45/100|[from] drain|[of] p1a: 潘宏的爱犬罢了
|faint|p1a: 潘宏的爱犬罢了
|
|-heal|p2a: Comfey|51/100|[from] item: Leftovers
|upkeep
|
|t:|1758349200
|switch|p1a: Tornadus|Tornadus-Therian, M|100/100
|turn|14
|inactive|Jkkkjj has 120 seconds left.
|l|☆Jkkkjj
|inactive|Jkkkjj disconnected and has a minute to reconnect!
|player|p1|
|j|☆Jkkkjj
|inactive|Jkkkjj reconnected and has 105 seconds left.
|player|p1|Jkkkjj|li|
|inactive|Jkkkjj has 90 seconds left.
|
|t:|1758349257
|move|p2a: Comfey|Draining Kiss|p1a: Tornadus
|-damage|p1a: Tornadus|51/100
|-heal|p2a: Comfey|87/100|[from] drain|[of] p1a: Tornadus
|move|p1a: Tornadus|Bleakwind Storm|p2a: Comfey|[miss]
|-miss|p1a: Tornadus|p2a: Comfey
|
|-heal|p2a: Comfey|94/100|[from] item: Leftovers
|upkeep
|turn|15
|inactive|Jkkkjj has 90 seconds left.
|l|☆Jkkkjj
|inactive|Jkkkjj disconnected and has a minute to reconnect!
|player|p1|
|j|☆Jkkkjj
|inactive|Jkkkjj reconnected and has 70 seconds left.
|player|p1|Jkkkjj|li|
|
|t:|1758349283
|-terastallize|p1a: Tornadus|Fire
|move|p2a: Comfey|Draining Kiss|p1a: Tornadus
|-resisted|p1a: Tornadus
|-damage|p1a: Tornadus|25/100
|-heal|p2a: Comfey|100/100|[from] drain|[of] p1a: Tornadus
|move|p1a: Tornadus|Bleakwind Storm|p2a: Comfey
|-damage|p2a: Comfey|76/100
|-unboost|p2a: Comfey|spe|1
|
|-heal|p2a: Comfey|82/100|[from] item: Leftovers
|upkeep
|turn|16
|c|☆don coleone|Gg
|inactive|Jkkkjj has 60 seconds left.
|l|☆Jkkkjj
|inactive|Jkkkjj disconnected and has a minute to reconnect!
|player|p1|
|inactive|Jkkkjj has 30 seconds left.
|inactive|Jkkkjj has 20 seconds left.
|inactive|Jkkkjj has 15 seconds left.
|inactive|Jkkkjj has 10 seconds left.
|inactive|Jkkkjj has 5 seconds left.
|-message|Jkkkjj lost due to inactivity.
|
|win|don coleone
|raw|Jkkkjj's rating: 1406 &rarr; <strong>1385</strong><br />(-21 for losing)
|raw|don coleone's rating: 1386 &rarr; <strong>1407</strong><br />(+21 for winning)
|j|☆Jkkkjj
|player|p1|Jkkkjj|li|
|l|☆don coleone
|player|p2|
|l|☆Jkkkjj
|player|p1|
