|j|☆krookodile fangirl
|j|☆MyLegisinPain
|t:|1758304248
|gametype|singles
|player|p1|krookodile fangirl|roughneck|1324
|player|p2|MyLegisinPain|burgh|1294
|gen|9
|tier|[Gen 9] OU
|rated|
|rule|HP Percentage Mod: HP is shown in percentages
|rule|Endless Battle Clause: Forcing endless battles is banned
|rule|Species Clause: Limit one of each Pokémon
|rule|OHKO Clause: OHKO moves are banned
|rule|Evasion Items Clause: Evasion items are banned
|rule|Evasion Moves Clause: Evasion moves are banned
|rule|Evasion Abilities Clause: Evasion abilities are banned
|rule|Sleep Moves Clause: Sleep-inducing moves are banned
|clearpoke
|poke|p1|Krookodile, M|
|poke|p1|Ogerpon-Wellspring, F|
|poke|p1|Pecharunt|
|poke|p1|Cyclizar, M|
|poke|p1|Iron Valiant|
|poke|p1|Skarmory, M|
|poke|p2|Moltres|
|poke|p2|Garganacl, M|
|poke|p2|Cinderace, M|
|poke|p2|Gholdengo|
|poke|p2|Samurott-Hisui, F|
|poke|p2|Dragapult, F|
|teampreview
|
|t:|1758304272
|teamsize|p1|6
|teamsize|p2|6
|start
|switch|p1a: Baconator|Krookodile, M, shiny|100/100
|switch|p2a: Dragapult|Dragapult, F|100/100
|turn|1
|inactive|Battle timer is ON: inactive players will automatically lose when time's up. (requested by krookodile fangirl)
|
|t:|1758304279
|move|p2a: Dragapult|U-turn|p1a: Baconator
|-supereffective|p1a: Baconator
|-damage|p1a: Baconator|39/100
|
|t:|1758304282
|switch|p2a: Cinderace|Cinderace, M|100/100|[from] U-turn
|move|p1a: Baconator|Knock Off|p2a: Cinderace
|-damage|p2a: Cinderace|35/100
|-enditem|p2a: Cinderace|Heavy-Duty Boots|[from] move: Knock Off|[of] p1a: Baconator
|
|upkeep
|turn|2
|c|☆krookodile fangirl|Scarf pult is crazy
|
|t:|1758304297
|move|p1a: Baconator|Knock Off|p2a: Cinderace
|-damage|p2a: Cinderace|0 fnt
|faint|p2a: Cinderace
|-ability|p1a: Baconator|Moxie|boost
|-boost|p1a: Baconator|atk|1
|
|upkeep
|
|t:|1758304300
|switch|p2a: Dragapult|Dragapult, F|100/100
|turn|3
|c|☆MyLegisinPain|fast
|c|☆krookodile fangirl|Do you also use 2 condoms
|c|☆MyLegisinPain|can never be too safe
|c|☆krookodile fangirl|Lolll
|
|t:|1758304329
|-terastallize|p1a: Baconator|Ghost
|move|p2a: Dragapult|U-turn|p1a: Baconator
|-resisted|p1a: Baconator
|-damage|p1a: Baconator|25/100
|
|t:|1758304336
|switch|p2a: Moltres|Moltres|100/100|[from] U-turn
|move|p1a: Baconator|Knock Off|p2a: Moltres
|-damage|p2a: Moltres|43/100
|-enditem|p2a: Moltres|Heavy-Duty Boots|[from] move: Knock Off|[of] p1a: Baconator
|
|upkeep
|turn|4
|
|t:|1758304343
|switch|p1a: Pizza Delivery Guy|Cyclizar, M|100/100
|move|p2a: Moltres|Roost|p2a: Moltres
|-heal|p2a: Moltres|93/100
|-singleturn|p2a: Moltres|move: Roost
|
|upkeep
|turn|5
|
|t:|1758304354
|move|p1a: Pizza Delivery Guy|Draco Meteor|p2a: Moltres
|-damage|p2a: Moltres|48/100
|-unboost|p1a: Pizza Delivery Guy|spa|2
|move|p2a: Moltres|Hurricane|p1a: Pizza Delivery Guy
|-damage|p1a: Pizza Delivery Guy|15/100
|
|upkeep
|turn|6
|
|t:|1758304358
|move|p1a: Pizza Delivery Guy|Taunt|p2a: Moltres
|-start|p2a: Moltres|move: Taunt
|cant|p2a: Moltres|move: Taunt|Roost
|
|upkeep
|turn|7
|
|t:|1758304361
|move|p1a: Pizza Delivery Guy|U-turn|p2a: Moltres
|-resisted|p2a: Moltres
|-damage|p2a: Moltres|45/100
|-status|p1a: Pizza Delivery Guy|brn|[from] ability: Flame Body|[of] p2a: Moltres
|
|t:|1758304367
|switch|p1a: John The Fisherman|Skarmory, M|100/100|[from] U-turn
|move|p2a: Moltres|Flamethrower|p1a: John The Fisherman
|-supereffective|p1a: John The Fisherman
|-ability|p1a: John The Fisherman|Sturdy
|-damage|p1a: John The Fisherman|1/100
|-enditem|p1a: John The Fisherman|Red Card|[of] p2a: Moltres
|drag|p2a: Dragapult|Dragapult, F|100/100
|
|upkeep
|turn|8
|
|t:|1758304371
|switch|p1a: T-800|Iron Valiant|100/100
|-enditem|p1a: T-800|Booster Energy
|-activate|p1a: T-800|ability: Quark Drive|[fromitem]
|-start|p1a: T-800|quarkdrivespe
|move|p2a: Dragapult|U-turn|p1a: T-800
|-resisted|p1a: T-800
|-damage|p1a: T-800|93/100
|
|t:|1758304379
|switch|p2a: Gholdengo|Gholdengo|100/100|[from] U-turn
|-item|p2a: Gholdengo|Air Balloon
|
|upkeep
|turn|9
|
|t:|1758304382
|move|p1a: T-800|Thunderbolt|p2a: Gholdengo
|-damage|p2a: Gholdengo|72/100
|-enditem|p2a: Gholdengo|Air Balloon
|move|p2a: Gholdengo|Make It Rain|p1a: T-800
|-supereffective|p1a: T-800
|-damage|p1a: T-800|0 fnt
|-unboost|p2a: Gholdengo|spa|1
|faint|p1a: T-800
|-end|p1a: T-800|Quark Drive|[silent]
|
|upkeep
|
|t:|1758304384
|switch|p1a: Baconator|Krookodile, M, shiny, tera:Ghost|25/100
|turn|10
|
|t:|1758304389
|switch|p2a: Moltres|Moltres|45/100
|move|p1a: Baconator|Knock Off|p2a: Moltres
|-damage|p2a: Moltres|19/100
|
|upkeep
|turn|11
|
|t:|1758304397
|switch|p1a: Majora|Ogerpon-Wellspring, F|100/100
|move|p2a: Moltres|Roost|p2a: Moltres
|-heal|p2a: Moltres|69/100
|-singleturn|p2a: Moltres|move: Roost
|
|upkeep
|turn|12
|
|t:|1758304409
|-terastallize|p2a: Moltres|Grass
|move|p1a: Majora|Ivy Cudgel|p2a: Moltres|[anim] Ivy Cudgel Water
|-resisted|p2a: Moltres
|-crit|p2a: Moltres
|-damage|p2a: Moltres|35/100
|move|p2a: Moltres|Will-O-Wisp|p1a: Majora
|-status|p1a: Majora|brn
|
|-damage|p1a: Majora|94/100 brn|[from] brn
|upkeep
|turn|13
|
|t:|1758304414
|move|p1a: Majora|U-turn|p2a: Moltres
|-supereffective|p2a: Moltres
|-damage|p2a: Moltres|12/100
|
|t:|1758304417
|switch|p1a: Pizza Delivery Guy|Cyclizar, M|48/100 brn|[from] U-turn
|move|p2a: Moltres|Roost|p2a: Moltres
|-heal|p2a: Moltres|62/100
|
|-damage|p1a: Pizza Delivery Guy|42/100 brn|[from] brn
|upkeep
|turn|14
|
|t:|1758304420
|move|p1a: Pizza Delivery Guy|U-turn|p2a: Moltres
|-supereffective|p2a: Moltres
|-damage|p2a: Moltres|52/100
|
|t:|1758304422
|switch|p1a: John The Fisherman|Skarmory, M|1/100|[from] U-turn
|move|p2a: Moltres|Hurricane|p1a: John The Fisherman
|-resisted|p1a: John The Fisherman
|-damage|p1a: John The Fisherman|0 fnt
|faint|p1a: John The Fisherman
|
|upkeep
|
|t:|1758304424
|switch|p1a: Pizza Delivery Guy|Cyclizar, M|75/100 brn
|turn|15
|
|t:|1758304428
|move|p1a: Pizza Delivery Guy|Taunt|p2a: Moltres
|-start|p2a: Moltres|move: Taunt
|cant|p2a: Moltres|move: Taunt|Roost
|
|-damage|p1a: Pizza Delivery Guy|69/100 brn|[from] brn
|upkeep
|turn|16
|
|t:|1758304430
|move|p1a: Pizza Delivery Guy|Draco Meteor|p2a: Moltres
|-damage|p2a: Moltres|8/100
|-unboost|p1a: Pizza Delivery Guy|spa|2
|move|p2a: Moltres|Hurricane|p1a: Pizza Delivery Guy|[miss]
|-miss|p2a: Moltres|p1a: Pizza Delivery Guy
|
|-damage|p1a: Pizza Delivery Guy|63/100 brn|[from] brn
|upkeep
|turn|17
|
|t:|1758304433
|move|p1a: Pizza Delivery Guy|U-turn|p2a: Moltres
|-supereffective|p2a: Moltres
|-damage|p2a: Moltres|0 fnt
|faint|p2a: Moltres
|
|t:|1758304440
|switch|p1a: Geek Bar|Pecharunt|100/100|[from] U-turn
|
|upkeep
|
|t:|1758304455
|switch|p2a: Garganacl|Garganacl, M|100/100
|turn|18
|
|t:|1758304466
|move|p1a: Geek Bar|Parting Shot|p2a: Garganacl
|-unboost|p2a: Garganacl|atk|1
|-unboost|p2a: Garganacl|spa|1
|
|t:|1758304468
|switch|p1a: Pizza Delivery Guy|Cyclizar, M|96/100 brn|[from] Parting Shot
|move|p2a: Garganacl|Salt Cure|p1a: Pizza Delivery Guy
|-damage|p1a: Pizza Delivery Guy|82/100 brn
|-start|p1a: Pizza Delivery Guy|Salt Cure
|
|-damage|p1a: Pizza Delivery Guy|75/100 brn|[from] brn
|-damage|p1a: Pizza Delivery Guy|63/100 brn|[from] Salt Cure
|upkeep
|turn|19
|
|t:|1758304471
|move|p1a: Pizza Delivery Guy|Draco Meteor|p2a: Garganacl
|-damage|p2a: Garganacl|60/100
|-unboost|p1a: Pizza Delivery Guy|spa|2
|move|p2a: Garganacl|Body Press|p1a: Pizza Delivery Guy
|-supereffective|p1a: Pizza Delivery Guy
|-damage|p1a: Pizza Delivery Guy|0 fnt
|faint|p1a: Pizza Delivery Guy
|
|-heal|p2a: Garganacl|66/100|[from] item: Leftovers
|upkeep
|
|t:|1758304474
|switch|p1a: Baconator|Krookodile, M, shiny, tera:Ghost|25/100
|turn|20
|
|t:|1758304484
|switch|p2a: Samurott|Samurott-Hisui, F|100/100
|move|p1a: Baconator|Earthquake|p2a: Samurott
|-damage|p2a: Samurott|49/100
|
|upkeep
|turn|21
|
|t:|1758304489
|switch|p1a: Geek Bar|Pecharunt|100/100
|move|p2a: Samurott|Ceaseless Edge|p1a: Geek Bar
|-supereffective|p1a: Geek Bar
|-damage|p1a: Geek Bar|47/100
|-damage|p2a: Samurott|32/100|[from] item: Rocky Helmet|[of] p1a: Geek Bar
|-sidestart|p1: krookodile fangirl|Spikes
|
|upkeep
|turn|22
|
|t:|1758304492
|move|p1a: Geek Bar|Malignant Chain|p2a: Samurott
|-damage|p2a: Samurott|8/100
|-status|p2a: Samurott|tox
|-start|p2a: Samurott|confusion|[from] ability: Poison Puppeteer|[of] p1a: Geek Bar
|-activate|p2a: Samurott|confusion
|move|p2a: Samurott|Knock Off|p1a: Geek Bar
|-supereffective|p1a: Geek Bar
|-damage|p1a: Geek Bar|0 fnt
|-damage|p2a: Samurott|0 fnt|[from] item: Rocky Helmet|[of] p1a: Geek Bar
|faint|p1a: Geek Bar
|faint|p2a: Samurott
|
|upkeep
|
|t:|1758304500
|switch|p1a: Baconator|Krookodile, M, shiny, tera:Ghost|25/100
|switch|p2a: Dragapult|Dragapult, F|100/100
|-damage|p1a: Baconator|12/100|[from] Spikes
|turn|23
|
|t:|1758304503
|switch|p1a: Majora|Ogerpon-Wellspring, F|94/100 brn
|-damage|p1a: Majora|82/100 brn|[from] Spikes
|move|p2a: Dragapult|Dragon Darts|p1a: Majora
|-damage|p1a: Majora|47/100 brn
|-anim|p2a: Dragapult|Dragon Darts|p1a: Majora
|-damage|p1a: Majora|13/100 brn
|
|-damage|p1a: Majora|7/100 brn|[from] brn
|upkeep
|turn|24
|
|t:|1758304507
|move|p2a: Dragapult|Dragon Darts|p1a: Majora
|-damage|p1a: Majora|0 fnt
|faint|p1a: Majora
|
|upkeep
|c|☆MyLegisinPain|ggs
|
|t:|1758304508
|switch|p1a: Baconator|Krookodile, M, shiny, tera:Ghost|12/100
|-damage|p1a: Baconator|0 fnt|[from] Spikes
|faint|p1a: Baconator
|
|win|MyLegisinPain
|raw|krookodile fangirl's rating: 1324 &rarr; <strong>1302</strong><br />(-22 for losing)
|raw|MyLegisinPain's rating: 1294 &rarr; <strong>1321</strong><br />(+27 for winning)
|l|☆MyLegisinPain
|player|p2|
