|j|☆dr dumpster
|j|☆PalworldDX
|t:|1758305199
|gametype|singles
|player|p1|dr dumpster|veteran|1184
|player|p2|PalworldDX|palmer|1180
|gen|9
|tier|[Gen 9] OU
|rated|
|rule|HP Percentage Mod: HP is shown in percentages
|rule|Endless Battle Clause: Forcing endless battles is banned
|rule|Species Clause: Limit one of each Pokémon
|rule|OHKO Clause: OHKO moves are banned
|rule|Evasion Items Clause: Evasion items are banned
|rule|Evasion Moves Clause: Evasion moves are banned
|rule|Evasion Abilities Clause: Evasion abilities are banned
|rule|Sleep Moves Clause: Sleep-inducing moves are banned
|clearpoke
|poke|p1|Weezing-Galar, M|
|poke|p1|Golem-Alola, M|
|poke|p1|Oranguru, M|
|poke|p1|Whiscash, M|
|poke|p1|Hitmonlee, M|
|poke|p1|Exeggutor-Alola, M|
|poke|p2|Comfey, F|
|poke|p2|Slowking-Galar, M|
|poke|p2|Cloyster, M|
|poke|p2|Jirachi|
|poke|p2|Umbreon, F|
|poke|p2|Slaking, M|
|teampreview
|inactive|Battle timer is ON: inactive players will automatically lose when time's up. (requested by dr dumpster)
|inactive|PalworldDX has 120 seconds left.
|inactive|PalworldDX has 90 seconds left.
|
|t:|1758305316
|teamsize|p1|6
|teamsize|p2|6
|start
|switch|p1a: Weezing|Weezing-Galar, M|100/100
|switch|p2a: Slowking|Slowking-Galar, M|100/100
|-ability|p1a: Weezing|Neutralizing Gas
|turn|1
|
|t:|1758305336
|-end|p1a: Weezing|ability: Neutralizing Gas
|switch|p1a: Whiscash|Whiscash, M|100/100
|move|p2a: Slowking|Thunder Wave|p1a: Whiscash
|-immune|p1a: Whiscash
|
|upkeep
|turn|2
|
|t:|1758305353
|switch|p2a: Umbreon|Umbreon, F|100/100
|move|p1a: Whiscash|Dragon Dance|p1a: Whiscash
|-boost|p1a: Whiscash|atk|1
|-boost|p1a: Whiscash|spe|1
|
|upkeep
|turn|3
|
|t:|1758305362
|move|p1a: Whiscash|Liquidation|p2a: Umbreon
|-damage|p2a: Umbreon|73/100
|move|p2a: Umbreon|Foul Play|p1a: Whiscash
|-damage|p1a: Whiscash|27/100
|
|-heal|p1a: Whiscash|33/100|[from] item: Leftovers
|-heal|p2a: Umbreon|79/100|[from] item: Leftovers
|upkeep
|turn|4
|
|t:|1758305376
|switch|p1a: Golem|Golem-Alola, M|100/100
|move|p2a: Umbreon|Wish|p2a: Umbreon
|
|-heal|p2a: Umbreon|85/100|[from] item: Leftovers
|upkeep
|turn|5
|
|t:|1758305385
|move|p1a: Golem|Brick Break|p2a: Umbreon
|-supereffective|p2a: Umbreon
|-damage|p2a: Umbreon|34/100
|move|p2a: Umbreon|Toxic|p1a: Golem|[miss]
|-miss|p2a: Umbreon|p1a: Golem
|
|-heal|p2a: Umbreon|84/100|[from] move: Wish|[wisher] Umbreon
|-heal|p2a: Umbreon|90/100|[from] item: Leftovers
|upkeep
|turn|6
|
|t:|1758305395
|switch|p1a: Weezing|Weezing-Galar, M|100/100
|-ability|p1a: Weezing|Neutralizing Gas
|move|p2a: Umbreon|Toxic|p1a: Weezing
|-immune|p1a: Weezing
|
|-heal|p2a: Umbreon|96/100|[from] item: Leftovers
|upkeep
|turn|7
|
|t:|1758305400
|switch|p2a: Slowking|Slowking-Galar, M|100/100
|move|p1a: Weezing|Strange Steam|p2a: Slowking
|-resisted|p2a: Slowking
|-damage|p2a: Slowking|93/100
|
|-heal|p2a: Slowking|99/100|[from] item: Black Sludge
|upkeep
|turn|8
|
|t:|1758305408
|-end|p1a: Weezing|ability: Neutralizing Gas
|switch|p1a: Whiscash|Whiscash, M|33/100
|move|p2a: Slowking|Future Sight|p1a: Whiscash
|-start|p2a: Slowking|move: Future Sight
|
|-heal|p1a: Whiscash|39/100|[from] item: Leftovers
|-heal|p2a: Slowking|100/100|[from] item: Black Sludge
|upkeep
|turn|9
|
|t:|1758305414
|switch|p2a: Umbreon|Umbreon, F|96/100
|move|p1a: Whiscash|Earthquake|p2a: Umbreon
|-damage|p2a: Umbreon|72/100
|
|-heal|p1a: Whiscash|45/100|[from] item: Leftovers
|-heal|p2a: Umbreon|78/100|[from] item: Leftovers
|upkeep
|turn|10
|
|t:|1758305439
|switch|p1a: Golem|Golem-Alola, M|100/100
|move|p2a: Umbreon|Wish|p2a: Umbreon
|
|-end|p1a: Golem|move: Future Sight
|-damage|p1a: Golem|33/100
|-heal|p2a: Umbreon|84/100|[from] item: Leftovers
|upkeep
|turn|11
|
|t:|1758305467
|move|p1a: Golem|Wild Charge|p2a: Umbreon
|-damage|p2a: Umbreon|38/100
|-damage|p1a: Golem|18/100|[from] Recoil
|move|p2a: Umbreon|Foul Play|p1a: Golem
|-damage|p1a: Golem|0 fnt
|faint|p1a: Golem
|
|-heal|p2a: Umbreon|88/100|[from] move: Wish|[wisher] Umbreon
|-heal|p2a: Umbreon|94/100|[from] item: Leftovers
|upkeep
|
|t:|1758305482
|switch|p1a: Exeggutor|Exeggutor-Alola, M|100/100
|-item|p2a: Umbreon|Leftovers|[from] ability: Frisk|[of] p1a: Exeggutor
|turn|12
|
|t:|1758305497
|move|p2a: Umbreon|Toxic|p1a: Exeggutor
|-status|p1a: Exeggutor|tox
|move|p1a: Exeggutor|Draco Meteor|p2a: Umbreon
|-damage|p2a: Umbreon|19/100
|-unboost|p1a: Exeggutor|spa|2
|
|-heal|p2a: Umbreon|25/100|[from] item: Leftovers
|-damage|p1a: Exeggutor|94/100 tox|[from] psn
|upkeep
|turn|13
|-message|dr dumpster forfeited.
|
|win|PalworldDX
|raw|dr dumpster's rating: 1184 &rarr; <strong>1159</strong><br />(-25 for losing)
|raw|PalworldDX's rating: 1180 &rarr; <strong>1205</strong><br />(+25 for winning)
|l|☆dr dumpster
|player|p1|
|l|☆PalworldDX
|player|p2|
