|j|☆syk1307
|j|☆ryda_be_ridin
|t:|1758343739
|gametype|singles
|player|p1|syk1307|giovanni|1439
|player|p2|ryda_be_ridin|clay|1390
|gen|9
|tier|[Gen 9] OU
|rated|
|rule|HP Percentage Mod: HP is shown in percentages
|rule|Endless Battle Clause: Forcing endless battles is banned
|rule|Species Clause: Limit one of each Pokémon
|rule|OHKO Clause: OHKO moves are banned
|rule|Evasion Items Clause: Evasion items are banned
|rule|Evasion Moves Clause: Evasion moves are banned
|rule|Evasion Abilities Clause: Evasion abilities are banned
|rule|Sleep Moves Clause: Sleep-inducing moves are banned
|clearpoke
|poke|p1|Jolteon, M|
|poke|p1|Quaquaval, M|
|poke|p1|Arcanine, M|
|poke|p1|Scizor, M|
|poke|p1|Corviknight, M|
|poke|p1|Mew|
|poke|p2|Tyranitar, F|
|poke|p2|Alomomola, F|
|poke|p2|Great Tusk|
|poke|p2|Sinistcha|
|poke|p2|Gliscor, F|
|poke|p2|Gholdengo|
|teampreview
|inactive|Battle timer is ON: inactive players will automatically lose when time's up. (requested by ryda_be_ridin)
|
|t:|1758343755
|teamsize|p1|6
|teamsize|p2|6
|start
|switch|p1a: Scizor|Scizor, M|100/100
|switch|p2a: Gliscor|Gliscor, F|100/100
|turn|1
|
|t:|1758343767
|switch|p1a: Mew|Mew, shiny|100/100
|move|p2a: Gliscor|Protect||[still]
|-fail|p2a: Gliscor
|
|-status|p2a: Gliscor|tox|[from] item: Toxic Orb
|upkeep
|turn|2
|
|t:|1758343775
|move|p1a: Mew|Nasty Plot|p1a: Mew
|-boost|p1a: Mew|spa|2
|move|p2a: Gliscor|Toxic|p1a: Mew|[miss]
|-miss|p2a: Gliscor|p1a: Mew
|
|upkeep
|turn|3
|
|t:|1758343783
|move|p2a: Gliscor|Protect|p2a: Gliscor
|-singleturn|p2a: Gliscor|Protect
|move|p1a: Mew|Psychic|p2a: Gliscor
|-activate|p2a: Gliscor|move: Protect
|
|upkeep
|turn|4
|
|t:|1758343793
|switch|p2a: Tyranitar|Tyranitar, F|100/100
|-weather|Sandstorm|[from] ability: Sand Stream|[of] p2a: Tyranitar
|move|p1a: Mew|Psychic|p2a: Tyranitar
|-immune|p2a: Tyranitar
|
|-weather|Sandstorm|[upkeep]
|-damage|p1a: Mew|94/100|[from] Sandstorm
|upkeep
|turn|5
|
|t:|1758343804
|-terastallize|p1a: Mew|Fairy
|move|p1a: Mew|Nasty Plot|p1a: Mew
|-boost|p1a: Mew|spa|2
|move|p2a: Tyranitar|Stealth Rock|p1a: Mew
|-sidestart|p1: syk1307|move: Stealth Rock
|
|-weather|Sandstorm|[upkeep]
|-damage|p1a: Mew|88/100|[from] Sandstorm
|upkeep
|turn|6
|
|t:|1758343813
|move|p1a: Mew|Earth Power|p2a: Tyranitar
|-supereffective|p2a: Tyranitar
|-damage|p2a: Tyranitar|31/100
|move|p2a: Tyranitar|Roar|p1a: Mew
|drag|p1a: Quaquaval|Quaquaval, M|100/100
|-damage|p1a: Quaquaval|94/100|[from] Stealth Rock
|
|-weather|Sandstorm|[upkeep]
|-damage|p1a: Quaquaval|88/100|[from] Sandstorm
|upkeep
|turn|7
|inactive|syk1307 has 120 seconds left.
|
|t:|1758343847
|switch|p2a: Sinistcha|Sinistcha|100/100
|move|p1a: Quaquaval|Aqua Step|p2a: Sinistcha
|-resisted|p2a: Sinistcha
|-damage|p2a: Sinistcha|88/100
|-boost|p1a: Quaquaval|spe|1
|
|-weather|Sandstorm|[upkeep]
|-damage|p1a: Quaquaval|82/100|[from] Sandstorm
|-damage|p2a: Sinistcha|82/100|[from] Sandstorm
|upkeep
|turn|8
|inactive|syk1307 has 120 seconds left.
|-message|syk1307 forfeited.
|
|win|ryda_be_ridin
|raw|syk1307's rating: 1439 &rarr; <strong>1416</strong><br />(-23 for losing)
|raw|ryda_be_ridin's rating: 1390 &rarr; <strong>1413</strong><br />(+23 for winning)
|l|☆syk1307
|player|p1|
|l|☆ryda_be_ridin
|player|p2|
