|j|☆Jay7583
|j|☆peixedentrod'agua
|t:|1758334811
|gametype|singles
|player|p1|Jay7583|cheren|1161
|player|p2|peixedentrod'agua|169|1127
|gen|9
|tier|[Gen 9] OU
|rated|
|rule|HP Percentage Mod: HP is shown in percentages
|rule|Endless Battle Clause: Forcing endless battles is banned
|rule|Species Clause: Limit one of each Pokémon
|rule|OHKO Clause: OHKO moves are banned
|rule|Evasion Items Clause: Evasion items are banned
|rule|Evasion Moves Clause: Evasion moves are banned
|rule|Evasion Abilities Clause: Evasion abilities are banned
|rule|Sleep Moves Clause: Sleep-inducing moves are banned
|clearpoke
|poke|p1|Blaziken, M|
|poke|p1|Slowking-Galar, M|
|poke|p1|Garganacl, M|
|poke|p1|Primarina, F|
|poke|p1|Scizor, M|
|poke|p1|Raging Bolt|
|poke|p2|Skarmory, M|
|poke|p2|Cryogonal|
|poke|p2|Skuntank, M|
|poke|p2|Iron Crown|
|poke|p2|Mimikyu, M|
|poke|p2|Raichu, F|
|teampreview
|inactive|Battle timer is ON: inactive players will automatically lose when time's up. (requested by peixedentrod'agua)
|
|t:|1758334820
|teamsize|p1|6
|teamsize|p2|6
|start
|switch|p1a: Blaziken|Blaziken, M|100/100
|switch|p2a: Iron Crown|Iron Crown|100/100
|turn|1
|
|t:|1758334828
|move|p2a: Iron Crown|Psychic Noise|p1a: Blaziken
|-supereffective|p1a: Blaziken
|-enditem|p1a: Blaziken|Focus Sash
|-damage|p1a: Blaziken|1/100
|-start|p1a: Blaziken|move: Heal Block
|move|p1a: Blaziken|Swords Dance|p1a: Blaziken
|-boost|p1a: Blaziken|atk|2
|
|-ability|p1a: Blaziken|Speed Boost|boost
|-boost|p1a: Blaziken|spe|1
|upkeep
|turn|2
|
|t:|1758334842
|-end|p2a: Iron Crown|Quark Drive|[silent]
|switch|p2a: Mimikyu|Mimikyu, M, shiny|100/100
|move|p1a: Blaziken|Close Combat|p2a: Mimikyu
|-immune|p2a: Mimikyu
|
|-end|p1a: Blaziken|move: Heal Block
|-ability|p1a: Blaziken|Speed Boost|boost
|-boost|p1a: Blaziken|spe|1
|upkeep
|turn|3
|
|t:|1758334850
|move|p1a: Blaziken|Blaze Kick|p2a: Mimikyu
|-activate|p2a: Mimikyu|ability: Disguise
|-damage|p2a: Mimikyu|100/100
|detailschange|p2a: Mimikyu|Mimikyu-Busted, M, shiny
|-damage|p2a: Mimikyu|88/100|[from] pokemon: Mimikyu-Busted
|move|p2a: Mimikyu|Swords Dance|p2a: Mimikyu
|-boost|p2a: Mimikyu|atk|2
|
|-ability|p1a: Blaziken|Speed Boost|boost
|-boost|p1a: Blaziken|spe|1
|upkeep
|turn|4
|
|t:|1758334860
|move|p2a: Mimikyu|Shadow Sneak|p1a: Blaziken
|-damage|p1a: Blaziken|0 fnt
|faint|p1a: Blaziken
|-damage|p2a: Mimikyu|78/100|[from] item: Life Orb
|
|upkeep
|
|t:|1758334863
|switch|p1a: Garganacl|Garganacl, M|100/100
|turn|5
|
|t:|1758334874
|move|p2a: Mimikyu|Shadow Claw|p1a: Garganacl
|-damage|p1a: Garganacl|76/100
|-damage|p2a: Mimikyu|68/100|[from] item: Life Orb
|move|p1a: Garganacl|Curse|p1a: Garganacl
|-unboost|p1a: Garganacl|spe|1
|-boost|p1a: Garganacl|atk|1
|-boost|p1a: Garganacl|def|1
|
|upkeep
|turn|6
|
|t:|1758334882
|switch|p2a: Raichu|Raichu, F|100/100
|move|p1a: Garganacl|Earthquake|p2a: Raichu
|-supereffective|p2a: Raichu
|-damage|p2a: Raichu|0 fnt
|faint|p2a: Raichu
|-heal|p1a: Garganacl|84/100|[from] item: Shell Bell|[of] p2: Raichu
|
|upkeep
|
|t:|1758334889
|switch|p2a: Skarmory|Skarmory, M|100/100
|turn|7
|
|t:|1758334894
|move|p2a: Skarmory|Iron Defense|p2a: Skarmory
|-boost|p2a: Skarmory|def|2
|move|p1a: Garganacl|Curse|p1a: Garganacl
|-unboost|p1a: Garganacl|spe|1
|-boost|p1a: Garganacl|atk|1
|-boost|p1a: Garganacl|def|1
|
|upkeep
|turn|8
|
|t:|1758334899
|move|p2a: Skarmory|Body Press|p1a: Garganacl
|-supereffective|p1a: Garganacl
|-damage|p1a: Garganacl|50/100
|move|p1a: Garganacl|Stone Edge|p2a: Skarmory
|-damage|p2a: Skarmory|65/100
|-heal|p1a: Garganacl|53/100|[from] item: Shell Bell|[of] p2a: Skarmory
|
|upkeep
|turn|9
|
|t:|1758334907
|move|p2a: Skarmory|Iron Defense|p2a: Skarmory
|-boost|p2a: Skarmory|def|2
|move|p1a: Garganacl|Stone Edge|p2a: Skarmory
|-damage|p2a: Skarmory|38/100
|-heal|p1a: Garganacl|56/100|[from] item: Shell Bell|[of] p2a: Skarmory
|
|upkeep
|turn|10
|
|t:|1758334912
|move|p2a: Skarmory|Body Press|p1a: Garganacl
|-supereffective|p1a: Garganacl
|-damage|p1a: Garganacl|6/100
|move|p1a: Garganacl|Stone Edge|p2a: Skarmory
|-crit|p2a: Skarmory
|-damage|p2a: Skarmory|0 fnt
|faint|p2a: Skarmory
|-heal|p1a: Garganacl|10/100|[from] item: Shell Bell|[of] p2: Skarmory
|
|upkeep
|
|t:|1758334919
|switch|p2a: Iron Crown|Iron Crown|100/100
|turn|11
|
|t:|1758334929
|move|p2a: Iron Crown|Tachyon Cutter|p1a: Garganacl
|-supereffective|p1a: Garganacl
|-damage|p1a: Garganacl|0 fnt
|faint|p1a: Garganacl
|-hitcount|p1: Garganacl|1
|
|upkeep
|
|t:|1758334939
|switch|p1a: Raging Bolt|Raging Bolt|100/100
|-enditem|p1a: Raging Bolt|Booster Energy
|-activate|p1a: Raging Bolt|ability: Protosynthesis|[fromitem]
|-start|p1a: Raging Bolt|protosynthesisspa
|turn|12
|
|t:|1758334946
|-end|p2a: Iron Crown|Quark Drive|[silent]
|switch|p2a: Cryogonal|Cryogonal, shiny|100/100
|move|p1a: Raging Bolt|Thunderbolt|p2a: Cryogonal
|-damage|p2a: Cryogonal|60/100
|
|upkeep
|turn|13
|
|t:|1758334953
|-terastallize|p1a: Raging Bolt|Electric
|move|p2a: Cryogonal|Freeze-Dry|p1a: Raging Bolt
|-damage|p1a: Raging Bolt|80/100
|-status|p1a: Raging Bolt|frz
|cant|p1a: Raging Bolt|frz
|
|upkeep
|turn|14
|
|t:|1758334962
|move|p2a: Cryogonal|Recover|p2a: Cryogonal
|-heal|p2a: Cryogonal|100/100
|cant|p1a: Raging Bolt|frz
|
|upkeep
|turn|15
|
|t:|1758334966
|switch|p2a: Mimikyu|Mimikyu-Busted, M, shiny|68/100
|-curestatus|p1a: Raging Bolt|frz|[msg]
|move|p1a: Raging Bolt|Thunderbolt|p2a: Mimikyu
|-damage|p2a: Mimikyu|0 fnt
|faint|p2a: Mimikyu
|
|upkeep
|
|t:|1758334981
|switch|p2a: Skuntank|Skuntank, M, shiny|100/100
|turn|16
|
|t:|1758334986
|move|p2a: Skuntank|Poison Jab|p1a: Raging Bolt
|-damage|p1a: Raging Bolt|59/100
|move|p1a: Raging Bolt|Thunderbolt|p2a: Skuntank
|-damage|p2a: Skuntank|37/100
|
|upkeep
|turn|17
|
|t:|1758334991
|move|p2a: Skuntank|Poison Jab|p1a: Raging Bolt
|-damage|p1a: Raging Bolt|37/100
|-status|p1a: Raging Bolt|psn
|move|p1a: Raging Bolt|Thunderbolt|p2a: Skuntank
|-damage|p2a: Skuntank|0 fnt
|faint|p2a: Skuntank
|
|-damage|p1a: Raging Bolt|25/100 psn|[from] psn
|upkeep
|
|t:|1758335001
|switch|p2a: Iron Crown|Iron Crown|100/100
|turn|18
|
|t:|1758335004
|move|p1a: Raging Bolt|Thunderclap|p2a: Iron Crown
|-damage|p2a: Iron Crown|32/100
|move|p2a: Iron Crown|Volt Switch|p1a: Raging Bolt
|-resisted|p1a: Raging Bolt
|-damage|p1a: Raging Bolt|15/100 psn
|
|t:|1758335010
|-end|p2a: Iron Crown|Quark Drive|[silent]
|switch|p2a: Cryogonal|Cryogonal, shiny|100/100|[from] Volt Switch
|
|-damage|p1a: Raging Bolt|2/100 psn|[from] psn
|upkeep
|turn|19
|
|t:|1758335016
|move|p1a: Raging Bolt|Thunderclap|p2a: Cryogonal
|-damage|p2a: Cryogonal|59/100
|move|p2a: Cryogonal|Rapid Spin|p1a: Raging Bolt
|-damage|p1a: Raging Bolt|0 fnt
|-boost|p2a: Cryogonal|spe|1
|faint|p1a: Raging Bolt
|-end|p1a: Raging Bolt|Protosynthesis|[silent]
|
|upkeep
|
|t:|1758335021
|switch|p1a: Scizor|Scizor, M|100/100
|turn|20
|
|t:|1758335025
|move|p1a: Scizor|Bullet Punch|p2a: Cryogonal
|-supereffective|p2a: Cryogonal
|-damage|p2a: Cryogonal|0 fnt
|faint|p2a: Cryogonal
|-damage|p1a: Scizor|91/100|[from] item: Life Orb
|
|upkeep
|
|t:|1758335028
|switch|p2a: Iron Crown|Iron Crown|32/100
|turn|21
|
|t:|1758335035
|-terastallize|p2a: Iron Crown|Flying
|move|p2a: Iron Crown|Tachyon Cutter|p1a: Scizor
|-resisted|p1a: Scizor
|-damage|p1a: Scizor|74/100
|-resisted|p1a: Scizor
|-damage|p1a: Scizor|57/100
|-hitcount|p1a: Scizor|2
|move|p1a: Scizor|Bug Bite|p2a: Iron Crown
|-resisted|p2a: Iron Crown
|-damage|p2a: Iron Crown|0 fnt
|faint|p2a: Iron Crown
|-end|p2a: Iron Crown|Quark Drive|[silent]
|-damage|p1a: Scizor|47/100|[from] item: Life Orb
|
|win|Jay7583
|raw|Jay7583's rating: 1161 &rarr; <strong>1184</strong><br />(+23 for winning)
|raw|peixedentrod&apos;agua's rating: 1127 &rarr; <strong>1104</strong><br />(-23 for losing)
|l|☆peixedentrod'agua
|player|p2|
|l|☆Jay7583
|player|p1|
