|j|☆milk bone enjoyer
|j|☆frozenmoon77
|t:|1758350812
|gametype|singles
|player|p1|milk bone enjoyer|clay|1510
|player|p2|frozenmoon77|1|1549
|gen|9
|tier|[Gen 9] OU
|rated|
|rule|HP Percentage Mod: HP is shown in percentages
|rule|Endless Battle Clause: Forcing endless battles is banned
|rule|Species Clause: Limit one of each Pokémon
|rule|OHKO Clause: OHKO moves are banned
|rule|Evasion Items Clause: Evasion items are banned
|rule|Evasion Moves Clause: Evasion moves are banned
|rule|Evasion Abilities Clause: Evasion abilities are banned
|rule|Sleep Moves Clause: Sleep-inducing moves are banned
|clearpoke
|poke|p1|Landorus-Therian, M|
|poke|p1|Skeledirge, M|
|poke|p1|Skarmory, M|
|poke|p1|Hydrapple, M|
|poke|p1|Samurott-Hisui, M|
|poke|p1|Fezandipiti, M|
|poke|p2|Toxicroak, M|
|poke|p2|Iron Treads|
|poke|p2|Hydreigon, M|
|poke|p2|Dragapult, M|
|poke|p2|Clefable, F|
|poke|p2|Meowscarada, F|
|teampreview
|inactive|Battle timer is ON: inactive players will automatically lose when time's up. (requested by frozenmoon77)
|
|t:|1758350828
|teamsize|p1|6
|teamsize|p2|6
|start
|switch|p1a: Skarmory|Skarmory, M, shiny|100/100
|switch|p2a: Meowscarada|Meowscarada, F|100/100
|turn|1
|
|t:|1758350834
|move|p2a: Meowscarada|Spikes|p1a: Skarmory
|-start|p2a: Meowscarada|typechange|Ground|[from] ability: Protean
|-sidestart|p1: milk bone enjoyer|Spikes
|move|p1a: Skarmory|Stealth Rock|p2a: Meowscarada
|-sidestart|p2: frozenmoon77|move: Stealth Rock
|
|upkeep
|turn|2
|
|t:|1758350839
|move|p2a: Meowscarada|Spikes|p1a: Skarmory
|-sidestart|p1: milk bone enjoyer|Spikes
|move|p1a: Skarmory|Body Press|p2a: Meowscarada
|-damage|p2a: Meowscarada|47/100
|
|upkeep
|turn|3
|
|t:|1758350847
|switch|p2a: Clefable|Clefable, F|100/100
|move|p1a: Skarmory|Body Press|p2a: Clefable
|-resisted|p2a: Clefable
|-damage|p2a: Clefable|88/100
|
|upkeep
|turn|4
|
|t:|1758350857
|switch|p1a: Fezandipiti|Fezandipiti, M|100/100
|move|p2a: Clefable|Thunder Wave|p1a: Fezandipiti
|-status|p1a: Fezandipiti|par
|
|upkeep
|turn|5
|
|t:|1758350864
|switch|p2a: Iron Treads|Iron Treads|100/100
|-damage|p2a: Iron Treads|98/100|[from] Stealth Rock
|move|p1a: Fezandipiti|Calm Mind|p1a: Fezandipiti
|-boost|p1a: Fezandipiti|spa|1
|-boost|p1a: Fezandipiti|spd|1
|
|-heal|p2a: Iron Treads|100/100|[from] item: Leftovers
|upkeep
|turn|6
|inactive|milk bone enjoyer has 120 seconds left.
|
|t:|1758350898
|switch|p1a: Landorus|Landorus-Therian, M, shiny|100/100
|-ability|p1a: Landorus|Intimidate|boost
|-unboost|p2a: Iron Treads|atk|1
|move|p2a: Iron Treads|Rapid Spin|p1a: Landorus
|-damage|p1a: Landorus|90/100
|-boost|p2a: Iron Treads|spe|1
|-sideend|p2: frozenmoon77|Stealth Rock|[from] move: Rapid Spin|[of] p2a: Iron Treads
|
|upkeep
|turn|7
|
|t:|1758350907
|move|p1a: Landorus|U-turn|p2a: Iron Treads
|-resisted|p2a: Iron Treads
|-crit|p2a: Iron Treads
|-damage|p2a: Iron Treads|86/100
|
|t:|1758350910
|switch|p1a: Skarmory|Skarmory, M, shiny|100/100|[from] U-turn
|move|p2a: Iron Treads|Ice Spinner|p1a: Skarmory
|-damage|p1a: Skarmory|93/100
|-damage|p2a: Iron Treads|70/100|[from] item: Rocky Helmet|[of] p1a: Skarmory
|
|-heal|p2a: Iron Treads|76/100|[from] item: Leftovers
|upkeep
|turn|8
|
|t:|1758350919
|-end|p2a: Iron Treads|Quark Drive|[silent]
|switch|p2a: Hydreigon|Hydreigon, M|100/100
|move|p1a: Skarmory|Body Press|p2a: Hydreigon
|-supereffective|p2a: Hydreigon
|-damage|p2a: Hydreigon|21/100
|
|-heal|p2a: Hydreigon|27/100|[from] item: Leftovers
|upkeep
|turn|9
|
|t:|1758350931
|switch|p1a: Fezandipiti|Fezandipiti, M|100/100 par
|move|p2a: Hydreigon|Thunder Wave|p1a: Fezandipiti|[miss]
|-miss|p2a: Hydreigon|p1a: Fezandipiti
|
|-heal|p2a: Hydreigon|33/100|[from] item: Leftovers
|upkeep
|turn|10
|
|t:|1758350939
|-terastallize|p2a: Hydreigon|Steel
|move|p2a: Hydreigon|Nasty Plot|p2a: Hydreigon
|-boost|p2a: Hydreigon|spa|2
|cant|p1a: Fezandipiti|par
|
|-heal|p2a: Hydreigon|40/100|[from] item: Leftovers
|upkeep
|turn|11
|
|t:|1758350959
|switch|p1a: Skeledirge|Skeledirge, M, shiny|100/100
|move|p2a: Hydreigon|Flash Cannon|p1a: Skeledirge
|-resisted|p1a: Skeledirge
|-damage|p1a: Skeledirge|83/100
|
|-heal|p2a: Hydreigon|46/100|[from] item: Leftovers
|upkeep
|turn|12
|
|t:|1758350965
|move|p2a: Hydreigon|Dark Pulse|p1a: Skeledirge
|-supereffective|p1a: Skeledirge
|-damage|p1a: Skeledirge|21/100
|move|p1a: Skeledirge|Torch Song|p2a: Hydreigon
|-supereffective|p2a: Hydreigon
|-damage|p2a: Hydreigon|0 fnt
|-boost|p1a: Skeledirge|spa|1
|faint|p2a: Hydreigon
|
|upkeep
|
|t:|1758350994
|switch|p2a: Meowscarada|Meowscarada, F|47/100
|turn|13
|
|t:|1758351000
|switch|p1a: Skarmory|Skarmory, M, shiny|93/100
|move|p2a: Meowscarada|Knock Off|p1a: Skarmory
|-start|p2a: Meowscarada|typechange|Dark|[from] ability: Protean
|-damage|p1a: Skarmory|66/100
|-damage|p2a: Meowscarada|31/100|[from] item: Rocky Helmet|[of] p1a: Skarmory
|-enditem|p1a: Skarmory|Rocky Helmet|[from] move: Knock Off|[of] p2a: Meowscarada
|
|upkeep
|turn|14
|
|t:|1758351015
|switch|p2a: Dragapult|Dragapult, M|100/100
|move|p1a: Skarmory|Stealth Rock|p2a: Dragapult
|-sidestart|p2: frozenmoon77|move: Stealth Rock
|
|upkeep
|turn|15
|
|t:|1758351021
|move|p2a: Dragapult|Dragon Darts|p1a: Skarmory
|-resisted|p1a: Skarmory
|-damage|p1a: Skarmory|55/100
|-anim|p2a: Dragapult|Dragon Darts|p1a: Skarmory
|-resisted|p1a: Skarmory
|-damage|p1a: Skarmory|44/100
|move|p1a: Skarmory|Roost|p1a: Skarmory
|-heal|p1a: Skarmory|94/100
|-singleturn|p1a: Skarmory|move: Roost
|
|upkeep
|turn|16
|
|t:|1758351036
|switch|p2a: Toxicroak|Toxicroak, M|100/100
|-damage|p2a: Toxicroak|94/100|[from] Stealth Rock
|move|p1a: Skarmory|Brave Bird|p2a: Toxicroak
|-supereffective|p2a: Toxicroak
|-damage|p2a: Toxicroak|26/100
|-damage|p1a: Skarmory|77/100|[from] item: Rocky Helmet|[of] p2a: Toxicroak
|-damage|p1a: Skarmory|52/100|[from] Recoil
|
|upkeep
|turn|17
|inactive|milk bone enjoyer has 120 seconds left.
|
|t:|1758351069
|switch|p1a: Skeledirge|Skeledirge, M, shiny|21/100
|move|p2a: Toxicroak|Drain Punch|p1a: Skeledirge
|-immune|p1a: Skeledirge
|
|upkeep
|turn|18
|
|t:|1758351074
|move|p2a: Toxicroak|Knock Off|p1a: Skeledirge
|-supereffective|p1a: Skeledirge
|-damage|p1a: Skeledirge|0 fnt
|-enditem|p1a: Skeledirge|Heavy-Duty Boots|[from] move: Knock Off|[of] p2a: Toxicroak
|faint|p1a: Skeledirge
|
|upkeep
|
|t:|1758351079
|switch|p1a: Samurott|Samurott-Hisui, M, shiny|100/100
|turn|19
|
|t:|1758351081
|move|p1a: Samurott|Ceaseless Edge|p2a: Toxicroak
|-resisted|p2a: Toxicroak
|-damage|p2a: Toxicroak|2/100
|-damage|p1a: Samurott|84/100|[from] item: Rocky Helmet|[of] p2a: Toxicroak
|-sidestart|p2: frozenmoon77|Spikes
|move|p2a: Toxicroak|Drain Punch|p1a: Samurott
|-supereffective|p1a: Samurott
|-damage|p1a: Samurott|10/100
|-heal|p2a: Toxicroak|34/100|[from] drain|[of] p1a: Samurott
|
|upkeep
|turn|20
|
|t:|1758351092
|move|p1a: Samurott|Knock Off|p2a: Toxicroak
|-resisted|p2a: Toxicroak
|-damage|p2a: Toxicroak|13/100
|-damage|p1a: Samurott|0 fnt|[from] item: Rocky Helmet|[of] p2a: Toxicroak
|faint|p1a: Samurott
|move|p2a: Toxicroak|Drain Punch|p1: Samurott|[notarget]
|-fail|p2a: Toxicroak
|
|upkeep
|
|t:|1758351100
|switch|p1a: Landorus|Landorus-Therian, M, shiny|90/100
|-ability|p1a: Landorus|Intimidate|boost
|-unboost|p2a: Toxicroak|atk|1
|turn|21
|
|t:|1758351106
|move|p1a: Landorus|Earthquake|p2a: Toxicroak
|-supereffective|p2a: Toxicroak
|-damage|p2a: Toxicroak|0 fnt
|faint|p2a: Toxicroak
|
|upkeep
|
|t:|1758351120
|switch|p2a: Clefable|Clefable, F|88/100
|turn|22
|
|t:|1758351130
|switch|p1a: Fezandipiti|Fezandipiti, M|100/100 par
|move|p2a: Clefable|Moonlight|p2a: Clefable
|-heal|p2a: Clefable|100/100
|
|upkeep
|turn|23
|
|t:|1758351136
|switch|p2a: Iron Treads|Iron Treads|76/100
|-damage|p2a: Iron Treads|73/100|[from] Stealth Rock
|-damage|p2a: Iron Treads|61/100|[from] Spikes
|cant|p1a: Fezandipiti|par
|
|-heal|p2a: Iron Treads|67/100|[from] item: Leftovers
|upkeep
|turn|24
|
|t:|1758351145
|switch|p1a: Leviatan|Hydrapple, M, shiny|100/100
|move|p2a: Iron Treads|Stealth Rock|p1a: Leviatan
|-sidestart|p1: milk bone enjoyer|move: Stealth Rock
|
|-heal|p2a: Iron Treads|73/100|[from] item: Leftovers
|upkeep
|turn|25
|
|t:|1758351150
|move|p2a: Iron Treads|Ice Spinner|p1a: Leviatan
|-supereffective|p1a: Leviatan
|-damage|p1a: Leviatan|44/100
|move|p1a: Leviatan|Earth Power|p2a: Iron Treads
|-supereffective|p2a: Iron Treads
|-damage|p2a: Iron Treads|19/100
|
|-heal|p2a: Iron Treads|25/100|[from] item: Leftovers
|upkeep
|turn|26
|
|t:|1758351162
|-terastallize|p1a: Leviatan|Ground
|move|p2a: Iron Treads|Ice Spinner|p1a: Leviatan
|-supereffective|p1a: Leviatan
|-crit|p1a: Leviatan
|-damage|p1a: Leviatan|2/100
|move|p1a: Leviatan|Earth Power|p2a: Iron Treads
|-supereffective|p2a: Iron Treads
|-damage|p2a: Iron Treads|0 fnt
|faint|p2a: Iron Treads
|-end|p2a: Iron Treads|Quark Drive|[silent]
|
|upkeep
|inactive|frozenmoon77 has 120 seconds left.
|
|t:|1758351193
|switch|p2a: Clefable|Clefable, F|100/100
|turn|27
|
|t:|1758351196
|move|p2a: Clefable|Moonblast|p1a: Leviatan
|-damage|p1a: Leviatan|0 fnt
|faint|p1a: Leviatan
|
|upkeep
|
|t:|1758351199
|switch|p1a: Fezandipiti|Fezandipiti, M|100/100 par
|turn|28
|
|t:|1758351205
|switch|p2a: Dragapult|Dragapult, M|100/100
|-damage|p2a: Dragapult|88/100|[from] Stealth Rock
|-damage|p2a: Dragapult|76/100|[from] Spikes
|move|p1a: Fezandipiti|Calm Mind|p1a: Fezandipiti
|-boost|p1a: Fezandipiti|spa|1
|-boost|p1a: Fezandipiti|spd|1
|
|upkeep
|turn|29
|
|t:|1758351218
|move|p2a: Dragapult|U-turn|p1a: Fezandipiti
|-resisted|p1a: Fezandipiti
|-damage|p1a: Fezandipiti|92/100 par
|
|t:|1758351222
|switch|p2a: Meowscarada|Meowscarada, F|31/100|[from] U-turn
|-damage|p2a: Meowscarada|18/100|[from] Stealth Rock
|-damage|p2a: Meowscarada|6/100|[from] Spikes
|cant|p1a: Fezandipiti|par
|
|upkeep
|turn|30
|
|t:|1758351233
|move|p2a: Meowscarada|Flower Trick|p1a: Fezandipiti
|-start|p2a: Meowscarada|typechange|Grass|[from] ability: Protean
|-resisted|p1a: Fezandipiti
|-crit|p1a: Fezandipiti
|-damage|p1a: Fezandipiti|65/100 par
|move|p1a: Fezandipiti|Calm Mind|p1a: Fezandipiti
|-boost|p1a: Fezandipiti|spa|1
|-boost|p1a: Fezandipiti|spd|1
|
|upkeep
|turn|31
|
|t:|1758351242
|move|p2a: Meowscarada|Flower Trick|p1a: Fezandipiti
|-resisted|p1a: Fezandipiti
|-crit|p1a: Fezandipiti
|-damage|p1a: Fezandipiti|41/100 par
|move|p1a: Fezandipiti|Roost|p1a: Fezandipiti
|-heal|p1a: Fezandipiti|91/100 par
|-singleturn|p1a: Fezandipiti|move: Roost
|
|upkeep
|turn|32
|
|t:|1758351248
|move|p2a: Meowscarada|Flower Trick|p1a: Fezandipiti
|-resisted|p1a: Fezandipiti
|-crit|p1a: Fezandipiti
|-damage|p1a: Fezandipiti|67/100 par
|cant|p1a: Fezandipiti|par
|
|upkeep
|turn|33
|
|t:|1758351254
|move|p2a: Meowscarada|Flower Trick|p1a: Fezandipiti
|-resisted|p1a: Fezandipiti
|-crit|p1a: Fezandipiti
|-damage|p1a: Fezandipiti|40/100 par
|move|p1a: Fezandipiti|Roost|p1a: Fezandipiti
|-heal|p1a: Fezandipiti|90/100 par
|-singleturn|p1a: Fezandipiti|move: Roost
|
|upkeep
|turn|34
|
|t:|1758351260
|move|p2a: Meowscarada|Flower Trick|p1a: Fezandipiti
|-resisted|p1a: Fezandipiti
|-crit|p1a: Fezandipiti
|-damage|p1a: Fezandipiti|62/100 par
|move|p1a: Fezandipiti|Sludge Bomb|p2a: Meowscarada
|-supereffective|p2a: Meowscarada
|-damage|p2a: Meowscarada|0 fnt
|faint|p2a: Meowscarada
|
|upkeep
|
|t:|1758351269
|switch|p2a: Clefable|Clefable, F|100/100
|turn|35
|
|t:|1758351272
|move|p2a: Clefable|Calm Mind|p2a: Clefable
|-boost|p2a: Clefable|spa|1
|-boost|p2a: Clefable|spd|1
|cant|p1a: Fezandipiti|par
|
|upkeep
|turn|36
|
|t:|1758351276
|move|p2a: Clefable|Calm Mind|p2a: Clefable
|-boost|p2a: Clefable|spa|1
|-boost|p2a: Clefable|spd|1
|cant|p1a: Fezandipiti|par
|
|upkeep
|turn|37
|
|t:|1758351282
|move|p2a: Clefable|Calm Mind|p2a: Clefable
|-boost|p2a: Clefable|spa|1
|-boost|p2a: Clefable|spd|1
|move|p1a: Fezandipiti|Calm Mind|p1a: Fezandipiti
|-boost|p1a: Fezandipiti|spa|1
|-boost|p1a: Fezandipiti|spd|1
|
|upkeep
|turn|38
|
|t:|1758351291
|move|p2a: Clefable|Calm Mind|p2a: Clefable
|-boost|p2a: Clefable|spa|1
|-boost|p2a: Clefable|spd|1
|cant|p1a: Fezandipiti|par
|
|upkeep
|turn|39
|
|t:|1758351297
|move|p2a: Clefable|Moonblast|p1a: Fezandipiti
|-resisted|p1a: Fezandipiti
|-damage|p1a: Fezandipiti|37/100 par
|move|p1a: Fezandipiti|Calm Mind|p1a: Fezandipiti
|-boost|p1a: Fezandipiti|spa|1
|-boost|p1a: Fezandipiti|spd|1
|
|upkeep
|turn|40
|
|t:|1758351304
|move|p2a: Clefable|Moonblast|p1a: Fezandipiti
|-resisted|p1a: Fezandipiti
|-damage|p1a: Fezandipiti|8/100 par
|move|p1a: Fezandipiti|Roost|p1a: Fezandipiti
|-heal|p1a: Fezandipiti|59/100 par
|-singleturn|p1a: Fezandipiti|move: Roost
|
|upkeep
|turn|41
|
|t:|1758351310
|move|p2a: Clefable|Calm Mind|p2a: Clefable
|-boost|p2a: Clefable|spa|1
|-boost|p2a: Clefable|spd|1
|move|p1a: Fezandipiti|Roost|p1a: Fezandipiti
|-heal|p1a: Fezandipiti|100/100 par
|-singleturn|p1a: Fezandipiti|move: Roost
|
|upkeep
|turn|42
|
|t:|1758351315
|move|p2a: Clefable|Calm Mind|p2a: Clefable
|-boost|p2a: Clefable|spa|1
|-boost|p2a: Clefable|spd|1
|move|p1a: Fezandipiti|Sludge Bomb|p2a: Clefable
|-supereffective|p2a: Clefable
|-damage|p2a: Clefable|89/100
|-status|p2a: Clefable|psn
|
|-damage|p2a: Clefable|77/100 psn|[from] psn
|upkeep
|turn|43
|
|t:|1758351323
|move|p2a: Clefable|Moonblast|p1a: Fezandipiti
|-resisted|p1a: Fezandipiti
|-damage|p1a: Fezandipiti|67/100 par
|move|p1a: Fezandipiti|Calm Mind|p1a: Fezandipiti
|-boost|p1a: Fezandipiti|spa|1
|-boost|p1a: Fezandipiti|spd|1
|
|-damage|p2a: Clefable|64/100 psn|[from] psn
|upkeep
|turn|44
|
|t:|1758351331
|move|p2a: Clefable|Moonblast|p1a: Fezandipiti
|-resisted|p1a: Fezandipiti
|-damage|p1a: Fezandipiti|33/100 par
|-unboost|p1a: Fezandipiti|spa|1
|move|p1a: Fezandipiti|Roost|p1a: Fezandipiti
|-heal|p1a: Fezandipiti|83/100 par
|-singleturn|p1a: Fezandipiti|move: Roost
|
|-damage|p2a: Clefable|52/100 psn|[from] psn
|upkeep
|turn|45
|
|t:|1758351339
|move|p2a: Clefable|Moonlight|p2a: Clefable
|-heal|p2a: Clefable|100/100 psn
|move|p1a: Fezandipiti|Calm Mind|p1a: Fezandipiti
|-boost|p1a: Fezandipiti|spa|1
|-boost|p1a: Fezandipiti|spd|1
|
|-damage|p2a: Clefable|88/100 psn|[from] psn
|upkeep
|turn|46
|
|t:|1758351346
|move|p2a: Clefable|Moonblast|p1a: Fezandipiti
|-resisted|p1a: Fezandipiti
|-damage|p1a: Fezandipiti|49/100 par
|move|p1a: Fezandipiti|Sludge Bomb|p2a: Clefable
|-supereffective|p2a: Clefable
|-damage|p2a: Clefable|75/100 psn
|
|-damage|p2a: Clefable|63/100 psn|[from] psn
|upkeep
|turn|47
|
|t:|1758351353
|move|p2a: Clefable|Moonblast|p1a: Fezandipiti
|-resisted|p1a: Fezandipiti
|-damage|p1a: Fezandipiti|14/100 par
|cant|p1a: Fezandipiti|par
|
|-damage|p2a: Clefable|50/100 psn|[from] psn
|upkeep
|turn|48
|
|t:|1758351361
|move|p2a: Clefable|Moonlight|p2a: Clefable
|-heal|p2a: Clefable|100/100 psn
|move|p1a: Fezandipiti|Roost|p1a: Fezandipiti
|-heal|p1a: Fezandipiti|64/100 par
|-singleturn|p1a: Fezandipiti|move: Roost
|
|-damage|p2a: Clefable|88/100 psn|[from] psn
|upkeep
|turn|49
|
|t:|1758351369
|move|p2a: Clefable|Moonblast|p1a: Fezandipiti
|-resisted|p1a: Fezandipiti
|-damage|p1a: Fezandipiti|31/100 par
|-unboost|p1a: Fezandipiti|spa|1
|move|p1a: Fezandipiti|Roost|p1a: Fezandipiti
|-heal|p1a: Fezandipiti|81/100 par
|-singleturn|p1a: Fezandipiti|move: Roost
|
|-damage|p2a: Clefable|76/100 psn|[from] psn
|upkeep
|turn|50
|
|t:|1758351377
|move|p2a: Clefable|Moonblast|p1a: Fezandipiti
|-resisted|p1a: Fezandipiti
|-damage|p1a: Fezandipiti|48/100 par
|cant|p1a: Fezandipiti|par
|
|-damage|p2a: Clefable|63/100 psn|[from] psn
|upkeep
|turn|51
|j| alastour
|
|t:|1758351386
|move|p2a: Clefable|Moonlight|p2a: Clefable
|-heal|p2a: Clefable|100/100 psn
|cant|p1a: Fezandipiti|par
|
|-damage|p2a: Clefable|88/100 psn|[from] psn
|upkeep
|turn|52
|
|t:|1758351392
|move|p2a: Clefable|Moonblast|p1a: Fezandipiti
|-resisted|p1a: Fezandipiti
|-damage|p1a: Fezandipiti|14/100 par
|-unboost|p1a: Fezandipiti|spa|1
|move|p1a: Fezandipiti|Roost|p1a: Fezandipiti
|-heal|p1a: Fezandipiti|64/100 par
|-singleturn|p1a: Fezandipiti|move: Roost
|
|-damage|p2a: Clefable|76/100 psn|[from] psn
|upkeep
|turn|53
|
|t:|1758351400
|move|p2a: Clefable|Moonblast|p1a: Fezandipiti
|-resisted|p1a: Fezandipiti
|-damage|p1a: Fezandipiti|30/100 par
|cant|p1a: Fezandipiti|par
|
|-damage|p2a: Clefable|63/100 psn|[from] psn
|upkeep
|turn|54
|
|t:|1758351408
|move|p2a: Clefable|Moonlight|p2a: Clefable
|-heal|p2a: Clefable|100/100 psn
|move|p1a: Fezandipiti|Sludge Bomb|p2a: Clefable
|-supereffective|p2a: Clefable
|-damage|p2a: Clefable|88/100 psn
|
|-damage|p2a: Clefable|76/100 psn|[from] psn
|upkeep
|turn|55
|
|t:|1758351416
|move|p2a: Clefable|Moonblast|p1a: Fezandipiti
|-resisted|p1a: Fezandipiti
|-damage|p1a: Fezandipiti|0 fnt
|faint|p1a: Fezandipiti
|
|-damage|p2a: Clefable|63/100 psn|[from] psn
|upkeep
|
|t:|1758351430
|switch|p1a: Skarmory|Skarmory, M, shiny|52/100
|-damage|p1a: Skarmory|40/100|[from] Stealth Rock
|turn|56
|l| alastour
|
|t:|1758351438
|move|p1a: Skarmory|Brave Bird|p2a: Clefable
|-damage|p2a: Clefable|38/100 psn
|-damage|p1a: Skarmory|30/100|[from] Recoil
|move|p2a: Clefable|Moonlight|p2a: Clefable
|-heal|p2a: Clefable|88/100 psn
|
|-damage|p2a: Clefable|76/100 psn|[from] psn
|upkeep
|turn|57
|
|t:|1758351450
|move|p1a: Skarmory|Brave Bird|p2a: Clefable
|-damage|p2a: Clefable|48/100 psn
|-damage|p1a: Skarmory|19/100|[from] Recoil
|move|p2a: Clefable|Moonblast|p1a: Skarmory
|-resisted|p1a: Skarmory
|-damage|p1a: Skarmory|0 fnt
|faint|p1a: Skarmory
|
|-damage|p2a: Clefable|36/100 psn|[from] psn
|upkeep
|
|t:|1758351456
|switch|p1a: Landorus|Landorus-Therian, M, shiny|90/100
|-damage|p1a: Landorus|78/100|[from] Stealth Rock
|-ability|p1a: Landorus|Intimidate|boost
|-unboost|p2a: Clefable|atk|1
|turn|58
|
|t:|1758351463
|move|p1a: Landorus|Earthquake|p2a: Clefable
|-damage|p2a: Clefable|0 fnt
|faint|p2a: Clefable
|
|upkeep
|
|t:|1758351467
|switch|p2a: Dragapult|Dragapult, M|76/100
|-damage|p2a: Dragapult|64/100|[from] Stealth Rock
|-damage|p2a: Dragapult|51/100|[from] Spikes
|turn|59
|c|☆frozenmoon77|gg
|
|t:|1758351476
|move|p1a: Landorus|Earthquake|p2a: Dragapult
|-crit|p2a: Dragapult
|-damage|p2a: Dragapult|0 fnt
|faint|p2a: Dragapult
|
|win|milk bone enjoyer
|raw|milk bone enjoyer's rating: 1510 &rarr; <strong>1532</strong><br />(+22 for winning)
|raw|frozenmoon77's rating: 1549 &rarr; <strong>1527</strong><br />(-22 for losing)
|c|☆milk bone enjoyer|gg
|l|☆milk bone enjoyer
|player|p1|
