|j|☆Magibullet Shooter
|j|☆little infinity
|t:|1758244513
|gametype|singles
|player|p1|Magibullet Shooter|nancy|1347
|player|p2|little infinity|miku-ghost|1356
|gen|9
|tier|[Gen 9] OU
|rated|
|rule|HP Percentage Mod: HP is shown in percentages
|rule|Endless Battle Clause: Forcing endless battles is banned
|rule|Species Clause: Limit one of each Pokémon
|rule|OHKO Clause: OHKO moves are banned
|rule|Evasion Items Clause: Evasion items are banned
|rule|Evasion Moves Clause: Evasion moves are banned
|rule|Evasion Abilities Clause: Evasion abilities are banned
|rule|Sleep Moves Clause: Sleep-inducing moves are banned
|clearpoke
|poke|p1|Gallade, M|
|poke|p1|Great Tusk|
|poke|p1|Raging Bolt|
|poke|p1|Weezing-Galar, M|
|poke|p1|Alomomola, F|
|poke|p1|Skarmory, F|
|poke|p2|Ceruledge, M|
|poke|p2|Gholdengo|
|poke|p2|Dragapult, M|
|poke|p2|Palossand, M|
|poke|p2|Gengar, F|
|poke|p2|Sinistcha|
|teampreview
|
|t:|1758244527
|teamsize|p1|6
|teamsize|p2|6
|start
|switch|p1a: Skarmory|Skarmory, F|100/100
|switch|p2a: Dark Tower|Palossand, M, shiny|100/100
|turn|1
|
|t:|1758244532
|move|p1a: Skarmory|Stealth Rock|p2a: Dark Tower
|-sidestart|p2: little infinity|move: Stealth Rock
|move|p2a: Dark Tower|Stealth Rock|p1a: Skarmory
|-sidestart|p1: Magibullet Shooter|move: Stealth Rock
|
|upkeep
|turn|2
|
|t:|1758244545
|switch|p1a: Weezing|Weezing-Galar, M|100/100
|-ability|p1a: Weezing|Neutralizing Gas
|-damage|p1a: Weezing|88/100|[from] Stealth Rock
|switch|p2a: Crypt Keeper|Gholdengo, shiny|100/100
|-damage|p2a: Crypt Keeper|94/100|[from] Stealth Rock
|
|-heal|p2a: Crypt Keeper|100/100|[from] item: Leftovers
|-heal|p1a: Weezing|94/100|[from] item: Leftovers
|upkeep
|turn|3
|
|t:|1758244555
|move|p2a: Crypt Keeper|Thunder Wave|p1a: Weezing|[miss]
|-miss|p2a: Crypt Keeper|p1a: Weezing
|move|p1a: Weezing|Will-O-Wisp|p2a: Crypt Keeper
|-status|p2a: Crypt Keeper|brn
|
|-heal|p1a: Weezing|100/100|[from] item: Leftovers
|-damage|p2a: Crypt Keeper|94/100 brn|[from] brn
|upkeep
|turn|4
|
|t:|1758244565
|move|p2a: Crypt Keeper|Thunder Wave|p1a: Weezing|[miss]
|-miss|p2a: Crypt Keeper|p1a: Weezing
|move|p1a: Weezing|Defog|p2a: Crypt Keeper
|-unboost|p2a: Crypt Keeper|evasion|1
|-sideend|p2: little infinity|Stealth Rock|[from] move: Defog|[of] p1a: Weezing
|-sideend|p1: Magibullet Shooter|Stealth Rock|[from] move: Defog|[of] p1a: Weezing
|
|-heal|p2a: Crypt Keeper|100/100 brn|[from] item: Leftovers
|-damage|p2a: Crypt Keeper|94/100 brn|[from] brn
|upkeep
|turn|5
|
|t:|1758244579
|-end|p1a: Weezing|ability: Neutralizing Gas
|switch|p1a: Great Tusk|Great Tusk|100/100
|move|p2a: Crypt Keeper|Thunder Wave|p1a: Great Tusk
|-immune|p1a: Great Tusk
|
|-heal|p2a: Crypt Keeper|100/100 brn|[from] item: Leftovers
|-damage|p2a: Crypt Keeper|94/100 brn|[from] brn
|upkeep
|turn|6
|
|t:|1758244588
|switch|p2a: Dark Tower|Palossand, M, shiny|100/100
|move|p1a: Great Tusk|Knock Off|p2a: Dark Tower
|-supereffective|p2a: Dark Tower
|-damage|p2a: Dark Tower|59/100
|-damage|p1a: Great Tusk|84/100|[from] item: Rocky Helmet|[of] p2a: Dark Tower
|-enditem|p2a: Dark Tower|Rocky Helmet|[from] move: Knock Off|[of] p1a: Great Tusk
|
|upkeep
|turn|7
|
|t:|1758244599
|-end|p1a: Great Tusk|Protosynthesis|[silent]
|switch|p1a: Weezing|Weezing-Galar, M|100/100
|-ability|p1a: Weezing|Neutralizing Gas
|move|p2a: Dark Tower|Stealth Rock|p1a: Weezing
|-sidestart|p1: Magibullet Shooter|move: Stealth Rock
|
|upkeep
|turn|8
|
|t:|1758244606
|switch|p2a: Evil Twin|Gengar, F, shiny|100/100
|move|p1a: Weezing|Will-O-Wisp|p2a: Evil Twin
|-status|p2a: Evil Twin|brn
|
|-damage|p2a: Evil Twin|94/100 brn|[from] brn
|upkeep
|turn|9
|
|t:|1758244614
|move|p2a: Evil Twin|Trick|p1a: Weezing
|-activate|p2a: Evil Twin|move: Trick|[of] p1a: Weezing
|-item|p1a: Weezing|Choice Scarf|[from] move: Trick
|-item|p2a: Evil Twin|Leftovers|[from] move: Trick
|move|p1a: Weezing|Defog|p2a: Evil Twin
|-unboost|p2a: Evil Twin|evasion|1
|-sideend|p1: Magibullet Shooter|Stealth Rock|[from] move: Defog|[of] p1a: Weezing
|
|-heal|p2a: Evil Twin|100/100 brn|[from] item: Leftovers
|-damage|p2a: Evil Twin|94/100 brn|[from] brn
|upkeep
|turn|10
|
|t:|1758244626
|-end|p1a: Weezing|ability: Neutralizing Gas
|switch|p1a: Great Tusk|Great Tusk|84/100
|move|p2a: Evil Twin|Shadow Ball|p1a: Great Tusk
|-damage|p1a: Great Tusk|20/100
|
|-heal|p2a: Evil Twin|100/100 brn|[from] item: Leftovers
|-damage|p2a: Evil Twin|94/100 brn|[from] brn
|upkeep
|turn|11
|
|t:|1758244637
|move|p1a: Great Tusk|Knock Off|p2a: Evil Twin
|-supereffective|p2a: Evil Twin
|-damage|p2a: Evil Twin|0 fnt
|-enditem|p2a: Evil Twin|Leftovers|[from] move: Knock Off|[of] p1a: Great Tusk
|faint|p2a: Evil Twin
|
|upkeep
|
|t:|1758244650
|switch|p2a: Hell Knight|Ceruledge, M, shiny|100/100
|turn|12
|
|t:|1758244656
|-end|p1a: Great Tusk|Protosynthesis|[silent]
|switch|p1a: Alomomola|Alomomola, F|100/100
|-terastallize|p2a: Hell Knight|Bug
|move|p2a: Hell Knight|Bulk Up|p2a: Hell Knight
|-boost|p2a: Hell Knight|atk|1
|-boost|p2a: Hell Knight|def|1
|
|upkeep
|turn|13
|
|t:|1758244664
|move|p2a: Hell Knight|Bulk Up|p2a: Hell Knight
|-boost|p2a: Hell Knight|atk|1
|-boost|p2a: Hell Knight|def|1
|move|p1a: Alomomola|Wish|p1a: Alomomola
|
|upkeep
|turn|14
|
|t:|1758244670
|move|p2a: Hell Knight|Bulk Up|p2a: Hell Knight
|-boost|p2a: Hell Knight|atk|1
|-boost|p2a: Hell Knight|def|1
|move|p1a: Alomomola|Flip Turn|p2a: Hell Knight
|-damage|p2a: Hell Knight|93/100
|
|t:|1758244677
|switch|p1a: Great Tusk|Great Tusk|20/100|[from] Flip Turn
|
|-heal|p1a: Great Tusk|92/100|[from] move: Wish|[wisher] Alomomola
|upkeep
|turn|15
|
|t:|1758244685
|move|p1a: Great Tusk|Knock Off|p2a: Hell Knight
|-damage|p2a: Hell Knight|78/100
|-enditem|p2a: Hell Knight|Heavy-Duty Boots|[from] move: Knock Off|[of] p1a: Great Tusk
|move|p2a: Hell Knight|Bitter Blade|p1a: Great Tusk
|-damage|p1a: Great Tusk|21/100
|-heal|p2a: Hell Knight|100/100|[from] drain|[of] p1a: Great Tusk
|
|upkeep
|turn|16
|
|t:|1758244694
|-end|p1a: Great Tusk|Protosynthesis|[silent]
|switch|p1a: Alomomola|Alomomola, F|100/100
|move|p2a: Hell Knight|Shadow Sneak|p1a: Alomomola
|-damage|p1a: Alomomola|76/100
|-damage|p2a: Hell Knight|84/100|[from] item: Rocky Helmet|[of] p1a: Alomomola
|
|upkeep
|turn|17
|
|t:|1758244700
|move|p2a: Hell Knight|Bulk Up|p2a: Hell Knight
|-boost|p2a: Hell Knight|atk|1
|-boost|p2a: Hell Knight|def|1
|move|p1a: Alomomola|Wish|p1a: Alomomola
|
|upkeep
|turn|18
|
|t:|1758244705
|move|p2a: Hell Knight|Bulk Up|p2a: Hell Knight
|-boost|p2a: Hell Knight|atk|1
|-boost|p2a: Hell Knight|def|1
|move|p1a: Alomomola|Flip Turn|p2a: Hell Knight
|-damage|p2a: Hell Knight|78/100
|
|t:|1758244712
|switch|p1a: Great Tusk|Great Tusk|21/100|[from] Flip Turn
|
|-heal|p1a: Great Tusk|93/100|[from] move: Wish|[wisher] Alomomola
|upkeep
|turn|19
|
|t:|1758244719
|-end|p1a: Great Tusk|Protosynthesis|[silent]
|switch|p1a: Alomomola|Alomomola, F|100/100
|move|p2a: Hell Knight|Bitter Blade|p1a: Alomomola
|-resisted|p1a: Alomomola
|-damage|p1a: Alomomola|59/100
|-heal|p2a: Hell Knight|100/100|[from] drain|[of] p1a: Alomomola
|-damage|p2a: Hell Knight|84/100|[from] item: Rocky Helmet|[of] p1a: Alomomola
|
|upkeep
|turn|20
|
|t:|1758244727
|move|p2a: Hell Knight|Brick Break|p1a: Alomomola
|-damage|p1a: Alomomola|14/100
|-damage|p2a: Hell Knight|67/100|[from] item: Rocky Helmet|[of] p1a: Alomomola
|move|p1a: Alomomola|Flip Turn|p2a: Hell Knight
|-damage|p2a: Hell Knight|62/100
|
|t:|1758244753
|switch|p1a: Great Tusk|Great Tusk|93/100|[from] Flip Turn
|
|upkeep
|turn|21
|
|t:|1758244761
|move|p1a: Great Tusk|Ice Spinner|p2a: Hell Knight
|-damage|p2a: Hell Knight|53/100
|move|p2a: Hell Knight|Bitter Blade|p1a: Great Tusk
|-crit|p1a: Great Tusk
|-damage|p1a: Great Tusk|0 fnt
|-heal|p2a: Hell Knight|100/100|[from] drain|[of] p1a: Great Tusk
|faint|p1a: Great Tusk
|-end|p1a: Great Tusk|Protosynthesis|[silent]
|
|upkeep
|
|t:|1758244768
|switch|p1a: Raging Bolt|Raging Bolt|100/100
|-enditem|p1a: Raging Bolt|Booster Energy
|-activate|p1a: Raging Bolt|ability: Protosynthesis|[fromitem]
|-start|p1a: Raging Bolt|protosynthesisspa
|turn|22
|
|t:|1758244776
|move|p1a: Raging Bolt|Thunderbolt|p2a: Hell Knight
|-damage|p2a: Hell Knight|49/100
|move|p2a: Hell Knight|Bitter Blade|p1a: Raging Bolt
|-resisted|p1a: Raging Bolt
|-damage|p1a: Raging Bolt|38/100
|-heal|p2a: Hell Knight|83/100|[from] drain|[of] p1a: Raging Bolt
|
|upkeep
|turn|23
|
|t:|1758244784
|move|p2a: Hell Knight|Shadow Sneak|p1a: Raging Bolt
|-damage|p1a: Raging Bolt|0 fnt
|faint|p1a: Raging Bolt
|-end|p1a: Raging Bolt|Protosynthesis|[silent]
|
|upkeep
|
|t:|1758244789
|switch|p1a: Weezing|Weezing-Galar, M|100/100
|-ability|p1a: Weezing|Neutralizing Gas
|turn|24
|
|t:|1758244793
|move|p1a: Weezing|Will-O-Wisp|p2a: Hell Knight
|-status|p2a: Hell Knight|brn
|move|p2a: Hell Knight|Bitter Blade|p1a: Weezing
|-damage|p1a: Weezing|34/100
|-heal|p2a: Hell Knight|100/100 brn|[from] drain|[of] p1a: Weezing
|
|-damage|p2a: Hell Knight|94/100 brn|[from] brn
|upkeep
|turn|25
|
|t:|1758244805
|-end|p1a: Weezing|ability: Neutralizing Gas
|switch|p1a: Alomomola|Alomomola, F|48/100
|move|p2a: Hell Knight|Bitter Blade|p1a: Alomomola
|-resisted|p1a: Alomomola
|-damage|p1a: Alomomola|29/100
|-heal|p2a: Hell Knight|100/100 brn|[from] drain|[of] p1a: Alomomola
|-damage|p2a: Hell Knight|84/100 brn|[from] item: Rocky Helmet|[of] p1a: Alomomola
|
|-damage|p2a: Hell Knight|78/100 brn|[from] brn
|upkeep
|turn|26
|
|t:|1758244816
|move|p2a: Hell Knight|Shadow Sneak|p1a: Alomomola
|-damage|p1a: Alomomola|12/100
|-damage|p2a: Hell Knight|61/100 brn|[from] item: Rocky Helmet|[of] p1a: Alomomola
|move|p1a: Alomomola|Flip Turn|p2a: Hell Knight
|-damage|p2a: Hell Knight|56/100 brn
|
|t:|1758244824
|switch|p1a: Gallade|Gallade, M, shiny|100/100|[from] Flip Turn
|
|-damage|p2a: Hell Knight|49/100 brn|[from] brn
|upkeep
|turn|27
|
|t:|1758244838
|-terastallize|p1a: Gallade|Fighting
|move|p1a: Gallade|Sacred Sword|p2a: Hell Knight
|-resisted|p2a: Hell Knight
|-damage|p2a: Hell Knight|0 fnt
|faint|p2a: Hell Knight
|
|upkeep
|
|t:|1758244856
|switch|p2a: Crypt Keeper|Gholdengo, shiny|94/100 brn
|turn|28
|
|t:|1758244861
|switch|p1a: Skarmory|Skarmory, F|100/100
|move|p2a: Crypt Keeper|Thunder Wave|p1a: Skarmory
|-status|p1a: Skarmory|par
|
|-heal|p2a: Crypt Keeper|100/100 brn|[from] item: Leftovers
|-damage|p2a: Crypt Keeper|94/100 brn|[from] brn
|upkeep
|turn|29
|
|t:|1758244871
|move|p2a: Crypt Keeper|Nasty Plot|p2a: Crypt Keeper
|-boost|p2a: Crypt Keeper|spa|2
|move|p1a: Skarmory|Stealth Rock|p2a: Crypt Keeper
|-sidestart|p2: little infinity|move: Stealth Rock
|
|-heal|p2a: Crypt Keeper|100/100 brn|[from] item: Leftovers
|-damage|p2a: Crypt Keeper|94/100 brn|[from] brn
|upkeep
|turn|30
|
|t:|1758244879
|switch|p1a: Weezing|Weezing-Galar, M|34/100
|-ability|p1a: Weezing|Neutralizing Gas
|move|p2a: Crypt Keeper|Hex|p1a: Weezing
|-damage|p1a: Weezing|0 fnt
|faint|p1a: Weezing
|-end|p1a: Weezing|ability: Neutralizing Gas
|
|-heal|p2a: Crypt Keeper|100/100 brn|[from] item: Leftovers
|-damage|p2a: Crypt Keeper|94/100 brn|[from] brn
|upkeep
|
|t:|1758244890
|switch|p1a: Gallade|Gallade, M, shiny, tera:Fighting|100/100
|turn|31
|
|t:|1758244895
|move|p1a: Gallade|Aqua Cutter|p2a: Crypt Keeper
|-damage|p2a: Crypt Keeper|58/100 brn
|move|p2a: Crypt Keeper|Thunder Wave|p1a: Gallade
|-status|p1a: Gallade|par
|
|-heal|p2a: Crypt Keeper|64/100 brn|[from] item: Leftovers
|-damage|p2a: Crypt Keeper|58/100 brn|[from] brn
|upkeep
|turn|32
|-message|Magibullet Shooter forfeited.
|
|win|little infinity
|raw|Magibullet Shooter's rating: 1347 &rarr; <strong>1328</strong><br />(-19 for losing)
|raw|little infinity's rating: 1356 &rarr; <strong>1375</strong><br />(+19 for winning)
|l|☆Magibullet Shooter
|player|p1|
|l|☆little infinity
|player|p2|
