|j|☆sekaisenpai
|j|☆Orbica
|t:|1758290865
|gametype|singles
|player|p1|sekaisenpai|gentleman-gen4|1225
|player|p2|Orbica|doctor|1246
|gen|9
|tier|[Gen 9] OU
|rated|
|rule|HP Percentage Mod: HP is shown in percentages
|rule|Endless Battle Clause: Forcing endless battles is banned
|rule|Species Clause: Limit one of each Pokémon
|rule|OHKO Clause: OHKO moves are banned
|rule|Evasion Items Clause: Evasion items are banned
|rule|Evasion Moves Clause: Evasion moves are banned
|rule|Evasion Abilities Clause: Evasion abilities are banned
|rule|Sleep Moves Clause: Sleep-inducing moves are banned
|clearpoke
|poke|p1|Sinistcha-Masterpiece|
|poke|p1|Sylveon, F|
|poke|p1|Krookodile, F|
|poke|p1|Arcanine-Hisui, F|
|poke|p1|Greninja-*, F|
|poke|p1|Maushold-Four|
|poke|p2|Galvantula, M|
|poke|p2|Latios, M|
|poke|p2|Scizor, F|
|poke|p2|Alomomola, M|
|poke|p2|Tyranitar, M|
|poke|p2|Goodra-Hisui, F|
|teampreview
|inactive|Battle timer is ON: inactive players will automatically lose when time's up. (requested by Orbica)
|
|t:|1758290879
|teamsize|p1|6
|teamsize|p2|6
|start
|switch|p1a: Krookodile|Krookodile, F|100/100
|switch|p2a: Galvantula|Galvantula, M|100/100
|-ability|p1a: Krookodile|Intimidate|boost
|-unboost|p2a: Galvantula|atk|1
|turn|1
|
|t:|1758290896
|switch|p1a: Maushold|Maushold-Four|100/100
|move|p2a: Galvantula|Bug Buzz|p1a: Maushold
|-damage|p1a: Maushold|53/100
|
|upkeep
|turn|2
|
|t:|1758290908
|move|p1a: Maushold|Population Bomb|p2a: Galvantula
|-damage|p2a: Galvantula|83/100
|-damage|p2a: Galvantula|67/100
|-damage|p2a: Galvantula|50/100
|-damage|p2a: Galvantula|33/100
|-damage|p2a: Galvantula|16/100
|-damage|p2a: Galvantula|0 fnt
|faint|p2a: Galvantula
|-hitcount|p2: Galvantula|6
|
|upkeep
|
|t:|1758290917
|switch|p2a: Alomomola|Alomomola, M|100/100
|turn|3
|
|t:|1758290923
|move|p1a: Maushold|Tidy Up|p1a: Maushold
|-boost|p1a: Maushold|atk|1
|-boost|p1a: Maushold|spe|1
|move|p2a: Alomomola|Play Rough|p1a: Maushold
|-damage|p1a: Maushold|28/100
|
|upkeep
|turn|4
|
|t:|1758290930
|move|p1a: Maushold|Population Bomb|p2a: Alomomola
|-damage|p2a: Alomomola|90/100
|-damage|p1a: Maushold|11/100|[from] item: Rocky Helmet|[of] p2a: Alomomola
|-damage|p2a: Alomomola|80/100
|-damage|p1a: Maushold|0 fnt|[from] item: Rocky Helmet|[of] p2a: Alomomola
|faint|p1a: Maushold
|-hitcount|p2a: Alomomola|2
|move|p2a: Alomomola|Play Rough|p1: Maushold|[notarget]
|-fail|p2a: Alomomola
|
|upkeep
|
|t:|1758290946
|switch|p1a: Sinistcha|Sinistcha-Masterpiece|100/100
|turn|5
|
|t:|1758290951
|switch|p2a: Goodra|Goodra-Hisui, F|100/100
|move|p1a: Sinistcha|Calm Mind|p1a: Sinistcha
|-boost|p1a: Sinistcha|spa|1
|-boost|p1a: Sinistcha|spd|1
|
|upkeep
|turn|6
|
|t:|1758290959
|move|p1a: Sinistcha|Calm Mind|p1a: Sinistcha
|-boost|p1a: Sinistcha|spa|1
|-boost|p1a: Sinistcha|spd|1
|move|p2a: Goodra|Acid Spray|p1a: Sinistcha
|-damage|p1a: Sinistcha|94/100
|-unboost|p1a: Sinistcha|spd|2
|
|upkeep
|turn|7
|
|t:|1758290966
|move|p1a: Sinistcha|Shadow Ball|p2a: Goodra
|-damage|p2a: Goodra|71/100
|move|p2a: Goodra|Acid Spray|p1a: Sinistcha
|-damage|p1a: Sinistcha|81/100
|-unboost|p1a: Sinistcha|spd|2
|
|upkeep
|turn|8
|
|t:|1758290978
|switch|p1a: Krookodile|Krookodile, F|100/100
|-ability|p1a: Krookodile|Intimidate|boost
|-unboost|p2a: Goodra|atk|1
|move|p2a: Goodra|Draco Meteor|p1a: Krookodile|[miss]
|-miss|p2a: Goodra|p1a: Krookodile
|
|upkeep
|turn|9
|
|t:|1758290986
|switch|p2a: Alomomola|Alomomola, M|100/100
|move|p1a: Krookodile|Knock Off|p2a: Alomomola
|-damage|p2a: Alomomola|61/100
|-damage|p1a: Krookodile|84/100|[from] item: Rocky Helmet|[of] p2a: Alomomola
|-enditem|p2a: Alomomola|Rocky Helmet|[from] move: Knock Off|[of] p1a: Krookodile
|-damage|p1a: Krookodile|74/100|[from] item: Life Orb
|
|upkeep
|turn|10
|
|t:|1758290995
|move|p1a: Krookodile|Stealth Rock|p2a: Alomomola
|-sidestart|p2: Orbica|move: Stealth Rock
|move|p2a: Alomomola|Wish|p2a: Alomomola
|
|upkeep
|turn|11
|
|t:|1758291001
|move|p2a: Alomomola|Aqua Jet|p1a: Krookodile
|-supereffective|p1a: Krookodile
|-damage|p1a: Krookodile|49/100
|move|p1a: Krookodile|Taunt|p2a: Alomomola
|-start|p2a: Alomomola|move: Taunt
|
|-heal|p2a: Alomomola|100/100|[from] move: Wish|[wisher] Alomomola
|upkeep
|turn|12
|
|t:|1758291012
|move|p1a: Krookodile|Earthquake|p2a: Alomomola
|-damage|p2a: Alomomola|59/100
|-damage|p1a: Krookodile|39/100|[from] item: Life Orb
|move|p2a: Alomomola|Play Rough|p1a: Krookodile
|-supereffective|p1a: Krookodile
|-damage|p1a: Krookodile|4/100
|
|upkeep
|turn|13
|
|t:|1758291023
|move|p2a: Alomomola|Aqua Jet|p1a: Krookodile
|-supereffective|p1a: Krookodile
|-damage|p1a: Krookodile|0 fnt
|faint|p1a: Krookodile
|
|upkeep
|
|t:|1758291029
|switch|p1a: Arcanine|Arcanine-Hisui, F|100/100
|turn|14
|
|t:|1758291038
|move|p2a: Alomomola|Aqua Jet|p1a: Arcanine
|-supereffective|p1a: Arcanine
|-damage|p1a: Arcanine|46/100
|move|p1a: Arcanine|Close Combat|p2a: Alomomola
|-damage|p2a: Alomomola|28/100
|-unboost|p1a: Arcanine|def|1
|-unboost|p1a: Arcanine|spd|1
|
|-end|p2a: Alomomola|move: Taunt
|upkeep
|turn|15
|
|t:|1758291054
|switch|p1a: Greninja|Greninja, F|100/100
|switch|p2a: Goodra|Goodra-Hisui, F|71/100
|-damage|p2a: Goodra|65/100|[from] Stealth Rock
|
|upkeep
|turn|16
|
|t:|1758291071
|move|p1a: Greninja|Ice Beam|p2a: Goodra
|-start|p1a: Greninja|typechange|Ice|[from] ability: Protean
|-damage|p2a: Goodra|44/100
|move|p2a: Goodra|Acid Spray|p1a: Greninja
|-damage|p1a: Greninja|84/100
|-unboost|p1a: Greninja|spd|2
|
|upkeep
|turn|17
|
|t:|1758291085
|switch|p1a: Arcanine|Arcanine-Hisui, F|46/100
|move|p2a: Goodra|Flash Cannon|p1a: Arcanine
|-damage|p1a: Arcanine|8/100
|
|upkeep
|turn|18
|-message|sekaisenpai forfeited.
|
|win|Orbica
|raw|sekaisenpai's rating: 1225 &rarr; <strong>1202</strong><br />(-23 for losing)
|raw|Orbica's rating: 1246 &rarr; <strong>1269</strong><br />(+23 for winning)
|l|☆sekaisenpai
|player|p1|
|l|☆Orbica
|player|p2|
