|j|☆yyzxx
|j|☆4y2vcf6b7
|t:|1758317365
|gametype|singles
|player|p1|yyzxx|102|1174
|player|p2|4y2vcf6b7|265|1152
|gen|9
|tier|[Gen 9] OU
|rated|
|rule|HP Percentage Mod: HP is shown in percentages
|rule|Endless Battle Clause: Forcing endless battles is banned
|rule|Species Clause: Limit one of each Pokémon
|rule|OHKO Clause: OHKO moves are banned
|rule|Evasion Items Clause: Evasion items are banned
|rule|Evasion Moves Clause: Evasion moves are banned
|rule|Evasion Abilities Clause: Evasion abilities are banned
|rule|Sleep Moves Clause: Sleep-inducing moves are banned
|clearpoke
|poke|p1|Pelipper, M|
|poke|p1|Iron Treads|
|poke|p1|Hatterene, F|
|poke|p1|Toxicroak, M|
|poke|p1|Barraskewda, F|
|poke|p1|Talonflame, M|
|poke|p2|Golem-Alola, F|
|poke|p2|Slaking, M|
|poke|p2|Coalossal, M|
|poke|p2|Dragonite, M|
|poke|p2|Porygon2|
|poke|p2|Haxorus, M|
|teampreview
|
|t:|1758317370
|teamsize|p1|6
|teamsize|p2|6
|start
|switch|p1a: Pelipper|Pelipper, M|100/100
|switch|p2a: Golem|Golem-Alola, F|100/100
|-weather|RainDance|[from] ability: Drizzle|[of] p1a: Pelipper
|turn|1
|
|t:|1758317379
|switch|p1a: Iron Treads|Iron Treads|100/100
|move|p2a: Golem|Stealth Rock|p1a: Iron Treads
|-sidestart|p1: yyzxx|move: Stealth Rock
|
|-weather|RainDance|[upkeep]
|upkeep
|turn|2
|
|t:|1758317390
|move|p1a: Iron Treads|Rapid Spin|p2a: Golem
|-resisted|p2a: Golem
|-damage|p2a: Golem|96/100
|-boost|p1a: Iron Treads|spe|1
|-sideend|p1: yyzxx|Stealth Rock|[from] move: Rapid Spin|[of] p1a: Iron Treads
|move|p2a: Golem|Earthquake|p1a: Iron Treads
|-supereffective|p1a: Iron Treads
|-damage|p1a: Iron Treads|46/100
|
|-weather|RainDance|[upkeep]
|-heal|p1a: Iron Treads|53/100|[from] item: Leftovers
|upkeep
|turn|3
|
|t:|1758317400
|move|p1a: Iron Treads|Earthquake|p2a: Golem
|-supereffective|p2a: Golem
|-crit|p2a: Golem
|-damage|p2a: Golem|0 fnt
|faint|p2a: Golem
|
|-weather|RainDance|[upkeep]
|-heal|p1a: Iron Treads|59/100|[from] item: Leftovers
|upkeep
|
|t:|1758317417
|switch|p2a: Slaking|Slaking, M|100/100
|turn|4
|
|t:|1758317422
|move|p1a: Iron Treads|Volt Switch|p2a: Slaking
|-damage|p2a: Slaking|89/100
|
|t:|1758317425
|-end|p1a: Iron Treads|Quark Drive|[silent]
|switch|p1a: Toxicroak|Toxicroak, M|100/100|[from] Volt Switch
|move|p2a: Slaking|Giga Impact|p1a: Toxicroak
|-damage|p1a: Toxicroak|0 fnt
|-mustrecharge|p2a: Slaking
|-damage|p2a: Slaking|72/100|[from] item: Rocky Helmet|[of] p1a: Toxicroak
|faint|p1a: Toxicroak
|
|-weather|RainDance|[upkeep]
|upkeep
|
|t:|1758317431
|switch|p1a: Barraskewda|Barraskewda, F|100/100
|turn|5
|
|t:|1758317435
|move|p1a: Barraskewda|Flip Turn|p2a: Slaking
|-damage|p2a: Slaking|16/100
|
|t:|1758317439
|switch|p1a: Talonflame|Talonflame, M|100/100|[from] Flip Turn
|cant|p2a: Slaking|recharge
|
|-weather|RainDance|[upkeep]
|upkeep
|turn|6
|
|t:|1758317444
|move|p1a: Talonflame|Hurricane|p2a: Slaking
|-damage|p2a: Slaking|0 fnt
|faint|p2a: Slaking
|
|-weather|RainDance|[upkeep]
|upkeep
|
|t:|1758317452
|switch|p2a: Porygon2|Porygon2|100/100
|turn|7
|
|t:|1758317467
|move|p1a: Talonflame|Hurricane|p2a: Porygon2
|-damage|p2a: Porygon2|57/100
|move|p2a: Porygon2|Thunderbolt|p1a: Talonflame
|-supereffective|p1a: Talonflame
|-damage|p1a: Talonflame|0 fnt
|faint|p1a: Talonflame
|
|-weather|RainDance|[upkeep]
|upkeep
|
|t:|1758317473
|switch|p1a: Barraskewda|Barraskewda, F|100/100
|turn|8
|
|t:|1758317478
|move|p1a: Barraskewda|Flip Turn|p2a: Porygon2
|-damage|p2a: Porygon2|7/100
|
|t:|1758317484
|switch|p1a: Iron Treads|Iron Treads|59/100|[from] Flip Turn
|move|p2a: Porygon2|Thunderbolt|p1a: Iron Treads
|-immune|p1a: Iron Treads
|
|-weather|none
|-heal|p1a: Iron Treads|65/100|[from] item: Leftovers
|upkeep
|turn|9
|
|t:|1758317491
|move|p1a: Iron Treads|Stealth Rock|p2a: Porygon2
|-sidestart|p2: 4y2vcf6b7|move: Stealth Rock
|move|p2a: Porygon2|Recover|p2a: Porygon2
|-heal|p2a: Porygon2|57/100
|
|-heal|p1a: Iron Treads|71/100|[from] item: Leftovers
|upkeep
|turn|10
|inactive|Battle timer is ON: inactive players will automatically lose when time's up. (requested by 4y2vcf6b7)
|
|t:|1758317530
|move|p1a: Iron Treads|Earthquake|p2a: Porygon2
|-damage|p2a: Porygon2|32/100
|move|p2a: Porygon2|Recover|p2a: Porygon2
|-heal|p2a: Porygon2|82/100
|
|-heal|p1a: Iron Treads|78/100|[from] item: Leftovers
|upkeep
|turn|11
|
|t:|1758317537
|move|p1a: Iron Treads|Volt Switch|p2a: Porygon2
|-damage|p2a: Porygon2|75/100
|
|t:|1758317540
|-end|p1a: Iron Treads|Quark Drive|[silent]
|switch|p1a: Pelipper|Pelipper, M|100/100|[from] Volt Switch
|-weather|RainDance|[from] ability: Drizzle|[of] p1a: Pelipper
|move|p2a: Porygon2|Ice Beam|p1a: Pelipper
|-damage|p1a: Pelipper|58/100
|-status|p1a: Pelipper|frz
|
|-weather|RainDance|[upkeep]
|upkeep
|turn|12
|
|t:|1758317549
|switch|p1a: Iron Treads|Iron Treads|78/100
|move|p2a: Porygon2|Tri Attack|p1a: Iron Treads
|-resisted|p1a: Iron Treads
|-damage|p1a: Iron Treads|59/100
|
|-weather|RainDance|[upkeep]
|-heal|p1a: Iron Treads|65/100|[from] item: Leftovers
|upkeep
|turn|13
|inactive|yyzxx has 120 seconds left.
|
|t:|1758317609
|move|p1a: Iron Treads|Volt Switch|p2a: Porygon2
|-damage|p2a: Porygon2|68/100
|
|t:|1758317611
|-end|p1a: Iron Treads|Quark Drive|[silent]
|switch|p1a: Barraskewda|Barraskewda, F|100/100|[from] Volt Switch
|move|p2a: Porygon2|Ice Beam|p1a: Barraskewda
|-resisted|p1a: Barraskewda
|-damage|p1a: Barraskewda|59/100
|
|-weather|RainDance|[upkeep]
|upkeep
|turn|14
|
|t:|1758317620
|move|p1a: Barraskewda|Close Combat|p2a: Porygon2
|-supereffective|p2a: Porygon2
|-damage|p2a: Porygon2|0 fnt
|-unboost|p1a: Barraskewda|def|1
|-unboost|p1a: Barraskewda|spd|1
|faint|p2a: Porygon2
|
|-weather|RainDance|[upkeep]
|upkeep
|
|t:|1758317627
|switch|p2a: Coalossal|Coalossal, M|100/100
|-damage|p2a: Coalossal|76/100|[from] Stealth Rock
|turn|15
|inactive|yyzxx has 120 seconds left.
|
|t:|1758317636
|-terastallize|p2a: Coalossal|Water
|move|p1a: Barraskewda|Close Combat|p2a: Coalossal
|-crit|p2a: Coalossal
|-damage|p2a: Coalossal|2/100
|-unboost|p1a: Barraskewda|def|1
|-unboost|p1a: Barraskewda|spd|1
|move|p2a: Coalossal|Meteor Beam||[still]
|-prepare|p2a: Coalossal|Meteor Beam
|-boost|p2a: Coalossal|spa|1
|-enditem|p2a: Coalossal|Power Herb
|-anim|p2a: Coalossal|Meteor Beam|p1a: Barraskewda
|-damage|p1a: Barraskewda|0 fnt
|faint|p1a: Barraskewda
|
|-weather|RainDance|[upkeep]
|upkeep
|inactive|yyzxx has 120 seconds left.
|
|t:|1758317642
|switch|p1a: Iron Treads|Iron Treads|65/100
|turn|16
|inactive|yyzxx has 120 seconds left.
|
|t:|1758317655
|move|p1a: Iron Treads|Rapid Spin|p2a: Coalossal
|-damage|p2a: Coalossal|0 fnt
|-boost|p1a: Iron Treads|spe|1
|faint|p2a: Coalossal
|
|-weather|RainDance|[upkeep]
|-heal|p1a: Iron Treads|71/100|[from] item: Leftovers
|upkeep
|
|t:|1758317665
|switch|p2a: Dragonite|Dragonite, M, shiny|100/100
|-damage|p2a: Dragonite|76/100|[from] Stealth Rock
|turn|17
|
|t:|1758317669
|move|p1a: Iron Treads|Volt Switch|p2a: Dragonite
|-damage|p2a: Dragonite|65/100
|
|t:|1758317671
|-end|p1a: Iron Treads|Quark Drive|[silent]
|switch|p1a: Hatterene|Hatterene, F|100/100|[from] Volt Switch
|move|p2a: Dragonite|Roost|p2a: Dragonite
|-heal|p2a: Dragonite|100/100
|-singleturn|p2a: Dragonite|move: Roost
|
|-weather|RainDance|[upkeep]
|upkeep
|turn|18
|
|t:|1758317679
|move|p2a: Dragonite|Dragon Dance|p2a: Dragonite
|-boost|p2a: Dragonite|atk|1
|-boost|p2a: Dragonite|spe|1
|move|p1a: Hatterene|Nuzzle|p2a: Dragonite
|-damage|p2a: Dragonite|99/100
|-status|p2a: Dragonite|par
|
|-weather|none
|upkeep
|turn|19
|
|t:|1758317688
|move|p2a: Dragonite|Dragon Dance|p2a: Dragonite
|-boost|p2a: Dragonite|atk|1
|-boost|p2a: Dragonite|spe|1
|move|p1a: Hatterene|Draining Kiss|p2a: Dragonite
|-supereffective|p2a: Dragonite
|-damage|p2a: Dragonite|55/100 par
|-enditem|p2a: Dragonite|Weakness Policy
|-boost|p2a: Dragonite|atk|2|[from] item: Weakness Policy
|-boost|p2a: Dragonite|spa|2|[from] item: Weakness Policy
|
|upkeep
|turn|20
|
|t:|1758317697
|move|p2a: Dragonite|Extreme Speed|p1a: Hatterene
|-damage|p1a: Hatterene|28/100
|-enditem|p1a: Hatterene|Eject Button
|
|t:|1758317702
|switch|p1a: Iron Treads|Iron Treads|71/100
|
|-heal|p1a: Iron Treads|77/100|[from] item: Leftovers
|upkeep
|turn|21
|
|t:|1758317712
|move|p1a: Iron Treads|Volt Switch|p2a: Dragonite
|-damage|p2a: Dragonite|46/100 par
|
|t:|1758317715
|-end|p1a: Iron Treads|Quark Drive|[silent]
|switch|p1a: Pelipper|Pelipper, M|58/100 frz|[from] Volt Switch
|-weather|RainDance|[from] ability: Drizzle|[of] p1a: Pelipper
|move|p2a: Dragonite|Roost|p2a: Dragonite
|-heal|p2a: Dragonite|96/100 par
|-singleturn|p2a: Dragonite|move: Roost
|
|-weather|RainDance|[upkeep]
|upkeep
|turn|22
|
|t:|1758317736
|move|p2a: Dragonite|Dragon Dance|p2a: Dragonite
|-boost|p2a: Dragonite|atk|1
|-boost|p2a: Dragonite|spe|1
|cant|p1a: Pelipper|frz
|
|-weather|RainDance|[upkeep]
|upkeep
|turn|23
|
|t:|1758317742
|move|p2a: Dragonite|Roost|p2a: Dragonite
|-heal|p2a: Dragonite|100/100 par
|-singleturn|p2a: Dragonite|move: Roost
|cant|p1a: Pelipper|frz
|
|-weather|RainDance|[upkeep]
|upkeep
|turn|24
|
|t:|1758317749
|move|p2a: Dragonite|Dragon Dance|p2a: Dragonite
|-boost|p2a: Dragonite|atk|1
|-boost|p2a: Dragonite|spe|1
|cant|p1a: Pelipper|frz
|
|-weather|RainDance|[upkeep]
|upkeep
|turn|25
|
|t:|1758317760
|move|p2a: Dragonite|Dragon Dance|p2a: Dragonite
|-boost|p2a: Dragonite|atk|0
|-boost|p2a: Dragonite|spe|1
|cant|p1a: Pelipper|frz
|
|-weather|RainDance|[upkeep]
|upkeep
|turn|26
|
|t:|1758317766
|move|p2a: Dragonite|Extreme Speed|p1a: Pelipper
|-damage|p1a: Pelipper|0 fnt
|faint|p1a: Pelipper
|
|-weather|RainDance|[upkeep]
|upkeep
|
|t:|1758317772
|switch|p1a: Hatterene|Hatterene, F|28/100
|turn|27
|
|t:|1758317775
|cant|p2a: Dragonite|par
|move|p1a: Hatterene|Draining Kiss|p2a: Dragonite
|-supereffective|p2a: Dragonite
|-damage|p2a: Dragonite|81/100 par
|-heal|p1a: Hatterene|46/100|[from] drain|[of] p2a: Dragonite
|
|-weather|RainDance|[upkeep]
|upkeep
|turn|28
|
|t:|1758317783
|-terastallize|p1a: Hatterene|Steel
|cant|p2a: Dragonite|par
|move|p1a: Hatterene|Draining Kiss|p2a: Dragonite
|-supereffective|p2a: Dragonite
|-damage|p2a: Dragonite|39/100 par
|-heal|p1a: Hatterene|84/100|[from] drain|[of] p2a: Dragonite
|
|-weather|none
|upkeep
|turn|29
|
|t:|1758317791
|move|p2a: Dragonite|Roost|p2a: Dragonite
|-heal|p2a: Dragonite|89/100 par
|-singleturn|p2a: Dragonite|move: Roost
|move|p1a: Hatterene|Draining Kiss|p2a: Dragonite
|-supereffective|p2a: Dragonite
|-damage|p2a: Dragonite|51/100 par
|-heal|p1a: Hatterene|100/100|[from] drain|[of] p2a: Dragonite
|
|upkeep
|turn|30
|
|t:|1758317799
|move|p2a: Dragonite|Roost|p2a: Dragonite
|-heal|p2a: Dragonite|100/100 par
|-singleturn|p2a: Dragonite|move: Roost
|move|p1a: Hatterene|Draining Kiss|p2a: Dragonite
|-supereffective|p2a: Dragonite
|-damage|p2a: Dragonite|80/100 par
|
|upkeep
|turn|31
|
|t:|1758317808
|move|p2a: Dragonite|Earthquake|p1a: Hatterene
|-supereffective|p1a: Hatterene
|-damage|p1a: Hatterene|0 fnt
|faint|p1a: Hatterene
|
|upkeep
|inactive|yyzxx has 120 seconds left.
|l|☆yyzxx
|inactive|yyzxx disconnected and has a minute to reconnect!
|player|p1|
|inactive|yyzxx has 30 seconds to reconnect!
|inactive|yyzxx has 20 seconds to reconnect!
|inactive|yyzxx has 15 seconds to reconnect!
|inactive|yyzxx has 10 seconds to reconnect!
|inactive|yyzxx has 5 seconds to reconnect!
|-message|yyzxx lost due to inactivity.
|
|win|4y2vcf6b7
|raw|yyzxx's rating: 1174 &rarr; <strong>1147</strong><br />(-27 for losing)
|raw|4y2vcf6b7's rating: 1152 &rarr; <strong>1179</strong><br />(+27 for winning)
|l|☆4y2vcf6b7
|player|p2|
