|j|☆SorenzoAzhathot
|j|☆arj.uno
|t:|1758301103
|gametype|singles
|player|p1|SorenzoAzhathot|gentleman-gen4|1100
|player|p2|arj.uno|doctor|1085
|gen|9
|tier|[Gen 9] OU
|rated|
|rule|HP Percentage Mod: HP is shown in percentages
|rule|Endless Battle Clause: Forcing endless battles is banned
|rule|Species Clause: Limit one of each Pokémon
|rule|OHKO Clause: OHKO moves are banned
|rule|Evasion Items Clause: Evasion items are banned
|rule|Evasion Moves Clause: Evasion moves are banned
|rule|Evasion Abilities Clause: Evasion abilities are banned
|rule|Sleep Moves Clause: Sleep-inducing moves are banned
|clearpoke
|poke|p1|Blaziken, M|
|poke|p1|Hatterene, F|
|poke|p1|Iron Treads|
|poke|p1|Kyurem|
|poke|p1|Alomomola, F|
|poke|p1|Pawmot, M|
|poke|p2|Indeedee-F, F|
|poke|p2|Torkoal, M|
|poke|p2|Clodsire, F|
|poke|p2|Walking Wake|
|poke|p2|Chandelure, M|
|poke|p2|Trevenant, F|
|teampreview
|inactive|Battle timer is ON: inactive players will automatically lose when time's up. (requested by SorenzoAzhathot)
|inactive|SorenzoAzhathot has 120 seconds left.
|
|t:|1758301134
|teamsize|p1|6
|teamsize|p2|6
|start
|switch|p1a: Blaziken|Blaziken, M|100/100
|switch|p2a: Clodsire|Clodsire, F|100/100
|turn|1
|
|t:|1758301143
|-terastallize|p1a: Blaziken|Fighting
|move|p1a: Blaziken|Focus Energy|p1a: Blaziken
|-start|p1a: Blaziken|move: Focus Energy
|move|p2a: Clodsire|Stealth Rock|p1a: Blaziken
|-sidestart|p1: SorenzoAzhathot|move: Stealth Rock
|
|-ability|p1a: Blaziken|Speed Boost|boost
|-boost|p1a: Blaziken|spe|1
|upkeep
|turn|2
|
|t:|1758301153
|move|p1a: Blaziken|Earthquake|p2a: Clodsire
|-supereffective|p2a: Clodsire
|-crit|p2a: Clodsire
|-damage|p2a: Clodsire|0 fnt
|faint|p2a: Clodsire
|
|-ability|p1a: Blaziken|Speed Boost|boost
|-boost|p1a: Blaziken|spe|1
|upkeep
|
|t:|1758301157
|switch|p2a: Indeedee|Indeedee-F, F|100/100
|-fieldstart|move: Psychic Terrain|[from] ability: Psychic Surge|[of] p2a: Indeedee
|turn|3
|
|t:|1758301165
|move|p1a: Blaziken|Close Combat|p2a: Indeedee
|-crit|p2a: Indeedee
|-damage|p2a: Indeedee|0 fnt
|-unboost|p1a: Blaziken|def|1
|-unboost|p1a: Blaziken|spd|1
|faint|p2a: Indeedee
|
|-ability|p1a: Blaziken|Speed Boost|boost
|-boost|p1a: Blaziken|spe|1
|upkeep
|
|t:|1758301169
|switch|p2a: Chandelure|Chandelure, M|100/100
|turn|4
|
|t:|1758301179
|move|p1a: Blaziken|Earthquake|p2a: Chandelure
|-supereffective|p2a: Chandelure
|-crit|p2a: Chandelure
|-damage|p2a: Chandelure|0 fnt
|faint|p2a: Chandelure
|
|-ability|p1a: Blaziken|Speed Boost|boost
|-boost|p1a: Blaziken|spe|1
|upkeep
|
|t:|1758301183
|switch|p2a: Torkoal|Torkoal, M|100/100
|-weather|SunnyDay|[from] ability: Drought|[of] p2a: Torkoal
|turn|5
|
|t:|1758301191
|move|p1a: Blaziken|Earthquake|p2a: Torkoal
|-supereffective|p2a: Torkoal
|-crit|p2a: Torkoal
|-damage|p2a: Torkoal|36/100
|move|p2a: Torkoal|Lava Plume|p1a: Blaziken
|-damage|p1a: Blaziken|30/100
|
|-weather|SunnyDay|[upkeep]
|-ability|p1a: Blaziken|Speed Boost|boost
|-boost|p1a: Blaziken|spe|1
|upkeep
|turn|6
|
|t:|1758301202
|move|p1a: Blaziken|Earthquake|p2a: Torkoal
|-supereffective|p2a: Torkoal
|-crit|p2a: Torkoal
|-damage|p2a: Torkoal|0 fnt
|faint|p2a: Torkoal
|
|-weather|SunnyDay|[upkeep]
|-ability|p1a: Blaziken|Speed Boost|boost
|-boost|p1a: Blaziken|spe|1
|upkeep
|
|t:|1758301205
|switch|p2a: Walking Wake|Walking Wake|100/100
|-activate|p2a: Walking Wake|ability: Protosynthesis
|-start|p2a: Walking Wake|protosynthesisspe
|turn|7
|
|t:|1758301216
|move|p1a: Blaziken|Close Combat|p2a: Walking Wake
|-crit|p2a: Walking Wake
|-damage|p2a: Walking Wake|0 fnt
|-unboost|p1a: Blaziken|def|1
|-unboost|p1a: Blaziken|spd|1
|faint|p2a: Walking Wake
|-end|p2a: Walking Wake|Protosynthesis|[silent]
|
|-weather|SunnyDay|[upkeep]
|upkeep
|
|t:|1758301219
|switch|p2a: Trevenant|Trevenant, F|100/100
|turn|8
|
|t:|1758301227
|move|p1a: Blaziken|Blaze Kick|p2a: Trevenant
|-supereffective|p2a: Trevenant
|-crit|p2a: Trevenant
|-damage|p2a: Trevenant|0 fnt
|faint|p2a: Trevenant
|
|win|SorenzoAzhathot
|raw|SorenzoAzhathot's rating: 1100 &rarr; <strong>1124</strong><br />(+24 for winning)
|raw|arj.uno's rating: 1085 &rarr; <strong>1063</strong><br />(-22 for losing)
|l|☆arj.uno
|player|p2|
