|j|☆sunny dancing
|j|☆Obito 2001
|t:|1758371292
|gametype|singles
|player|p1|sunny dancing|101|1706
|player|p2|Obito 2001|blue-gen3two|1733
|gen|9
|tier|[Gen 9] OU
|rated|
|rule|HP Percentage Mod: HP is shown in percentages
|rule|Endless Battle Clause: Forcing endless battles is banned
|rule|Species Clause: Limit one of each Pokémon
|rule|OHKO Clause: OHKO moves are banned
|rule|Evasion Items Clause: Evasion items are banned
|rule|Evasion Moves Clause: Evasion moves are banned
|rule|Evasion Abilities Clause: Evasion abilities are banned
|rule|Sleep Moves Clause: Sleep-inducing moves are banned
|clearpoke
|poke|p1|Ogerpon-Wellspring, F|
|poke|p1|Slowking-Galar, M|
|poke|p1|Great Tusk|
|poke|p1|Moltres|
|poke|p1|Dragapult, M|
|poke|p1|Kingambit, M|
|poke|p2|Cinderace, F|
|poke|p2|Dragonite, F|
|poke|p2|Alomomola, F|
|poke|p2|Weezing-Galar, F|
|poke|p2|Great Tusk|
|poke|p2|Darkrai|
|teampreview
|inactive|Battle timer is ON: inactive players will automatically lose when time's up. (requested by Obito 2001)
|
|t:|1758371304
|teamsize|p1|6
|teamsize|p2|6
|start
|switch|p1a: Slowking|Slowking-Galar, M|100/100
|switch|p2a: BunnyGirlSenpai|Cinderace, F|100/100
|turn|1
|inactive|sunny dancing also wants the timer to be on.
|
|t:|1758371313
|move|p2a: BunnyGirlSenpai|U-turn|p1a: Slowking
|-start|p2a: BunnyGirlSenpai|typechange|Bug|[from] ability: Libero
|-damage|p1a: Slowking|54/100
|
|t:|1758371316
|switch|p2a: Mega Donphan|Great Tusk|100/100|[from] U-turn
|move|p1a: Slowking|Sludge Bomb|p2a: Mega Donphan
|-resisted|p2a: Mega Donphan
|-damage|p2a: Mega Donphan|71/100
|-status|p2a: Mega Donphan|psn
|
|-damage|p2a: Mega Donphan|58/100 psn|[from] psn
|upkeep
|turn|2
|
|t:|1758371326
|switch|p1a: Moltres|Moltres|100/100
|move|p2a: Mega Donphan|Stealth Rock|p1a: Moltres
|-sidestart|p1: sunny dancing|move: Stealth Rock
|
|-damage|p2a: Mega Donphan|46/100 psn|[from] psn
|upkeep
|turn|3
|
|t:|1758371332
|-end|p2a: Mega Donphan|Protosynthesis|[silent]
|switch|p2a: BunnyGirlSenpai|Cinderace, F|100/100
|move|p1a: Moltres|U-turn|p2a: BunnyGirlSenpai
|-resisted|p2a: BunnyGirlSenpai
|-damage|p2a: BunnyGirlSenpai|90/100
|
|t:|1758371343
|switch|p1a: Great Tusk|Great Tusk|100/100|[from] U-turn
|-damage|p1a: Great Tusk|98/100|[from] Stealth Rock
|
|upkeep
|turn|4
|j| amimec
|inactive|Obito 2001 has 120 seconds left.
|
|t:|1758371375
|move|p2a: BunnyGirlSenpai|Pyro Ball|p1a: Great Tusk
|-damage|p1a: Great Tusk|34/100
|move|p1a: Great Tusk|Rapid Spin|p2a: BunnyGirlSenpai
|-damage|p2a: BunnyGirlSenpai|66/100
|-boost|p1a: Great Tusk|spe|1
|-sideend|p1: sunny dancing|Stealth Rock|[from] move: Rapid Spin|[of] p1a: Great Tusk
|
|upkeep
|turn|5
|inactive|Obito 2001 has 120 seconds left.
|
|t:|1758371392
|switch|p2a: Momo Hirai|Alomomola, F|100/100
|move|p1a: Great Tusk|Stealth Rock|p2a: Momo Hirai
|-sidestart|p2: Obito 2001|move: Stealth Rock
|
|upkeep
|turn|6
|
|t:|1758371399
|-end|p1a: Great Tusk|Protosynthesis|[silent]
|switch|p1a: Slowking|Slowking-Galar, M|87/100
|move|p2a: Momo Hirai|Wish|p2a: Momo Hirai
|
|upkeep
|turn|7
|
|t:|1758371408
|switch|p2a: Mega Donphan|Great Tusk|46/100 psn
|switch|p1a: Ogerpon|Ogerpon-Wellspring, F|100/100
|
|-heal|p2a: Mega Donphan|100/100 psn|[from] move: Wish|[wisher] Momo Hirai
|-damage|p2a: Mega Donphan|88/100 psn|[from] psn
|upkeep
|turn|8
|
|t:|1758371414
|move|p1a: Ogerpon|Ivy Cudgel|p2a: Mega Donphan|[anim] Ivy Cudgel Water
|-supereffective|p2a: Mega Donphan
|-damage|p2a: Mega Donphan|2/100 psn
|move|p2a: Mega Donphan|Rapid Spin|p1a: Ogerpon
|-damage|p1a: Ogerpon|80/100
|-boost|p2a: Mega Donphan|spe|1
|-sideend|p2: Obito 2001|Stealth Rock|[from] move: Rapid Spin|[of] p2a: Mega Donphan
|
|-damage|p2a: Mega Donphan|0 fnt|[from] psn
|faint|p2a: Mega Donphan
|-end|p2a: Mega Donphan|Protosynthesis|[silent]
|upkeep
|
|t:|1758371418
|switch|p2a: BunnyGirlSenpai|Cinderace, F|66/100
|turn|9
|
|t:|1758371424
|switch|p1a: Moltres|Moltres|100/100
|move|p2a: BunnyGirlSenpai|Gunk Shot|p1a: Moltres
|-start|p2a: BunnyGirlSenpai|typechange|Poison|[from] ability: Libero
|-damage|p1a: Moltres|43/100
|-status|p1a: Moltres|psn
|
|-damage|p1a: Moltres|31/100 psn|[from] psn
|upkeep
|turn|10
|
|t:|1758371431
|switch|p2a: Ban mr|Darkrai|100/100
|move|p1a: Moltres|U-turn|p2a: Ban mr
|-supereffective|p2a: Ban mr
|-damage|p2a: Ban mr|60/100
|
|t:|1758371440
|switch|p1a: Dragapult|Dragapult, M|100/100|[from] U-turn
|
|upkeep
|turn|11
|
|t:|1758371450
|switch|p2a: Fk hazard noobs|Weezing-Galar, F|100/100
|-ability|p2a: Fk hazard noobs|Neutralizing Gas
|move|p1a: Dragapult|U-turn|p2a: Fk hazard noobs
|-resisted|p2a: Fk hazard noobs
|-damage|p2a: Fk hazard noobs|97/100
|
|t:|1758371463
|switch|p1a: Slowking|Slowking-Galar, M|100/100|[from] U-turn
|
|upkeep
|turn|12
|
|t:|1758371472
|move|p2a: Fk hazard noobs|Will-O-Wisp|p1a: Slowking
|-status|p1a: Slowking|brn
|move|p1a: Slowking|Sludge Bomb|p2a: Fk hazard noobs
|-damage|p2a: Fk hazard noobs|36/100
|
|-damage|p1a: Slowking|94/100 brn|[from] brn
|upkeep
|turn|13
|
|t:|1758371485
|move|p2a: Fk hazard noobs|Pain Split|p1a: Slowking
|-sethp|p1a: Slowking|62/100 brn|[from] move: Pain Split|[silent]
|-sethp|p2a: Fk hazard noobs|73/100|[from] move: Pain Split
|move|p1a: Slowking|Ice Beam|p2a: Fk hazard noobs
|-damage|p2a: Fk hazard noobs|38/100
|
|-damage|p1a: Slowking|56/100 brn|[from] brn
|upkeep
|turn|14
|
|t:|1758371497
|-end|p2a: Fk hazard noobs|ability: Neutralizing Gas
|switch|p2a: Momo Hirai|Alomomola, F|100/100
|move|p1a: Slowking|Sludge Bomb|p2a: Momo Hirai
|-damage|p2a: Momo Hirai|60/100
|-enditem|p2a: Momo Hirai|Red Card|[of] p1a: Slowking
|drag|p1a: Great Tusk|Great Tusk|34/100
|
|upkeep
|turn|15
|
|t:|1758371511
|move|p1a: Great Tusk|Rapid Spin|p2a: Momo Hirai
|-damage|p2a: Momo Hirai|49/100
|-boost|p1a: Great Tusk|spe|1
|move|p2a: Momo Hirai|Wish|p2a: Momo Hirai
|
|upkeep
|turn|16
|
|t:|1758371520
|switch|p2a: Fk hazard noobs|Weezing-Galar, F|38/100
|-ability|p2a: Fk hazard noobs|Neutralizing Gas
|move|p1a: Great Tusk|Stealth Rock|p2a: Fk hazard noobs
|-sidestart|p2: Obito 2001|move: Stealth Rock
|
|-heal|p2a: Fk hazard noobs|100/100|[from] move: Wish|[wisher] Momo Hirai
|upkeep
|turn|17
|
|t:|1758371530
|move|p1a: Great Tusk|Headlong Rush|p2a: Fk hazard noobs
|-supereffective|p2a: Fk hazard noobs
|-damage|p2a: Fk hazard noobs|24/100
|-unboost|p1a: Great Tusk|def|1
|-unboost|p1a: Great Tusk|spd|1
|move|p2a: Fk hazard noobs|Will-O-Wisp|p1a: Great Tusk
|-status|p1a: Great Tusk|brn
|
|-damage|p1a: Great Tusk|28/100 brn|[from] brn
|upkeep
|turn|18
|
|t:|1758371540
|-end|p2a: Fk hazard noobs|ability: Neutralizing Gas
|switch|p2a: Momo Hirai|Alomomola, F|82/100
|-damage|p2a: Momo Hirai|70/100|[from] Stealth Rock
|move|p1a: Great Tusk|Headlong Rush|p2a: Momo Hirai
|-damage|p2a: Momo Hirai|52/100
|-unboost|p1a: Great Tusk|def|1
|-unboost|p1a: Great Tusk|spd|1
|
|-damage|p1a: Great Tusk|22/100 brn|[from] brn
|upkeep
|turn|19
|
|t:|1758371548
|-end|p1a: Great Tusk|Protosynthesis|[silent]
|switch|p1a: Kingambit|Kingambit, M|100/100
|move|p2a: Momo Hirai|Wish|p2a: Momo Hirai
|
|upkeep
|turn|20
|
|t:|1758371554
|move|p1a: Kingambit|Swords Dance|p1a: Kingambit
|-boost|p1a: Kingambit|atk|2
|move|p2a: Momo Hirai|Flip Turn|p1a: Kingambit
|-damage|p1a: Kingambit|88/100
|
|t:|1758371560
|switch|p2a: Ban mr|Darkrai|60/100|[from] Flip Turn
|
|-heal|p2a: Ban mr|100/100|[from] move: Wish|[wisher] Momo Hirai
|-heal|p1a: Kingambit|95/100|[from] item: Leftovers
|upkeep
|turn|21
|
|t:|1758371566
|move|p2a: Ban mr|Will-O-Wisp|p1a: Kingambit
|-status|p1a: Kingambit|brn
|move|p1a: Kingambit|Swords Dance|p1a: Kingambit
|-boost|p1a: Kingambit|atk|2
|
|-heal|p1a: Kingambit|100/100 brn|[from] item: Leftovers
|-damage|p1a: Kingambit|94/100 brn|[from] brn
|upkeep
|turn|22
|
|t:|1758371576
|move|p2a: Ban mr|Dark Pulse|p1a: Kingambit
|-resisted|p1a: Kingambit
|-damage|p1a: Kingambit|70/100 brn
|cant|p1a: Kingambit|flinch
|
|-heal|p1a: Kingambit|77/100 brn|[from] item: Leftovers
|-damage|p1a: Kingambit|70/100 brn|[from] brn
|upkeep
|turn|23
|
|t:|1758371584
|move|p2a: Ban mr|Dark Pulse|p1a: Kingambit
|-resisted|p1a: Kingambit
|-damage|p1a: Kingambit|46/100 brn
|cant|p1a: Kingambit|flinch
|
|-heal|p1a: Kingambit|52/100 brn|[from] item: Leftovers
|-damage|p1a: Kingambit|46/100 brn|[from] brn
|upkeep
|turn|24
|
|t:|1758371592
|move|p2a: Ban mr|Dark Pulse|p1a: Kingambit
|-resisted|p1a: Kingambit
|-damage|p1a: Kingambit|24/100 brn
|move|p1a: Kingambit|Iron Head|p2a: Ban mr
|-damage|p2a: Ban mr|21/100
|
|-heal|p1a: Kingambit|30/100 brn|[from] item: Leftovers
|-damage|p1a: Kingambit|24/100 brn|[from] brn
|upkeep
|turn|25
|l| amimec
|
|t:|1758371601
|switch|p2a: Momo Hirai|Alomomola, F|85/100
|-damage|p2a: Momo Hirai|73/100|[from] Stealth Rock
|move|p1a: Kingambit|Iron Head|p2a: Momo Hirai
|-resisted|p2a: Momo Hirai
|-damage|p2a: Momo Hirai|54/100
|
|-heal|p1a: Kingambit|30/100 brn|[from] item: Leftovers
|-damage|p1a: Kingambit|24/100 brn|[from] brn
|upkeep
|turn|26
|j| sirpeanutcronch
|
|t:|1758371611
|-end|p1a: Kingambit|fallenundefined|[silent]
|switch|p1a: Ogerpon|Ogerpon-Wellspring, F|80/100
|move|p2a: Momo Hirai|Wish|p2a: Momo Hirai
|
|upkeep
|turn|27
|
|t:|1758371618
|move|p2a: Momo Hirai|Protect|p2a: Momo Hirai
|-singleturn|p2a: Momo Hirai|Protect
|move|p1a: Ogerpon|Ivy Cudgel|p2a: Momo Hirai|[anim] Ivy Cudgel Water
|-activate|p2a: Momo Hirai|move: Protect
|
|-heal|p2a: Momo Hirai|100/100|[from] move: Wish|[wisher] Momo Hirai
|upkeep
|turn|28
|
|t:|1758371624
|move|p1a: Ogerpon|Power Whip|p2a: Momo Hirai
|-supereffective|p2a: Momo Hirai
|-damage|p2a: Momo Hirai|14/100
|move|p2a: Momo Hirai|Wish|p2a: Momo Hirai
|
|upkeep
|turn|29
|
|t:|1758371636
|switch|p1a: Slowking|Slowking-Galar, M|90/100 brn
|switch|p2a: Ban me ASAP|Dragonite, F|100/100
|-damage|p2a: Ban me ASAP|76/100|[from] Stealth Rock
|
|-heal|p2a: Ban me ASAP|100/100|[from] move: Wish|[wisher] Momo Hirai
|-damage|p1a: Slowking|83/100 brn|[from] brn
|upkeep
|turn|30
|
|t:|1758371642
|switch|p2a: Momo Hirai|Alomomola, F|47/100
|-damage|p2a: Momo Hirai|34/100|[from] Stealth Rock
|switch|p1a: Great Tusk|Great Tusk|22/100 brn
|
|-damage|p1a: Great Tusk|16/100 brn|[from] brn
|upkeep
|turn|31
|l| sirpeanutcronch
|
|t:|1758371649
|move|p1a: Great Tusk|Headlong Rush|p2a: Momo Hirai
|-damage|p2a: Momo Hirai|17/100
|-unboost|p1a: Great Tusk|def|1
|-unboost|p1a: Great Tusk|spd|1
|move|p2a: Momo Hirai|Wish|p2a: Momo Hirai
|
|-damage|p1a: Great Tusk|9/100 brn|[from] brn
|upkeep
|turn|32
|
|t:|1758371657
|-end|p1a: Great Tusk|Protosynthesis|[silent]
|switch|p1a: Ogerpon|Ogerpon-Wellspring, F|80/100
|switch|p2a: Fk hazard noobs|Weezing-Galar, F|24/100
|-ability|p2a: Fk hazard noobs|Neutralizing Gas
|
|-heal|p2a: Fk hazard noobs|95/100|[from] move: Wish|[wisher] Momo Hirai
|upkeep
|turn|33
|j| Dragonlatios1
|
|t:|1758371664
|move|p1a: Ogerpon|Ivy Cudgel|p2a: Fk hazard noobs|[anim] Ivy Cudgel Water
|-damage|p2a: Fk hazard noobs|53/100
|move|p2a: Fk hazard noobs|Defog|p1a: Ogerpon
|-unboost|p1a: Ogerpon|evasion|1
|-sideend|p2: Obito 2001|Stealth Rock|[from] move: Defog|[of] p2a: Fk hazard noobs
|
|upkeep
|turn|34
|
|t:|1758371671
|move|p1a: Ogerpon|U-turn|p2a: Fk hazard noobs
|-resisted|p2a: Fk hazard noobs
|-damage|p2a: Fk hazard noobs|48/100
|
|t:|1758371679
|switch|p1a: Slowking|Slowking-Galar, M|100/100 brn|[from] U-turn
|move|p2a: Fk hazard noobs|Sludge Bomb|p1a: Slowking
|-resisted|p1a: Slowking
|-damage|p1a: Slowking|93/100 brn
|
|-damage|p1a: Slowking|87/100 brn|[from] brn
|upkeep
|turn|35
|
|t:|1758371686
|move|p2a: Fk hazard noobs|Pain Split|p1a: Slowking
|-sethp|p1a: Slowking|64/100 brn|[from] move: Pain Split|[silent]
|-sethp|p2a: Fk hazard noobs|75/100|[from] move: Pain Split
|move|p1a: Slowking|Sludge Bomb|p2a: Fk hazard noobs
|-damage|p2a: Fk hazard noobs|20/100
|
|-damage|p1a: Slowking|58/100 brn|[from] brn
|upkeep
|turn|36
|
|t:|1758371693
|move|p2a: Fk hazard noobs|Pain Split|p1a: Slowking
|-sethp|p1a: Slowking|38/100 brn|[from] move: Pain Split|[silent]
|-sethp|p2a: Fk hazard noobs|44/100|[from] move: Pain Split
|move|p1a: Slowking|Sludge Bomb|p2a: Fk hazard noobs
|-damage|p2a: Fk hazard noobs|0 fnt
|faint|p2a: Fk hazard noobs
|-end|p2a: Fk hazard noobs|ability: Neutralizing Gas
|
|-damage|p1a: Slowking|32/100 brn|[from] brn
|upkeep
|
|t:|1758371700
|switch|p2a: BunnyGirlSenpai|Cinderace, F|66/100
|turn|37
|
|t:|1758371706
|switch|p1a: Great Tusk|Great Tusk|9/100 brn
|move|p2a: BunnyGirlSenpai|U-turn|p1a: Great Tusk
|-start|p2a: BunnyGirlSenpai|typechange|Bug|[from] ability: Libero
|-resisted|p1a: Great Tusk
|-damage|p1a: Great Tusk|0 fnt
|-damage|p2a: BunnyGirlSenpai|49/100|[from] item: Rocky Helmet|[of] p1a: Great Tusk
|faint|p1a: Great Tusk
|-end|p1a: Great Tusk|Protosynthesis|[silent]
|
|t:|1758371710
|switch|p2a: Momo Hirai|Alomomola, F|50/100|[from] U-turn
|
|upkeep
|
|t:|1758371716
|switch|p1a: Slowking|Slowking-Galar, M|65/100 brn
|turn|38
|
|t:|1758371722
|move|p2a: Momo Hirai|Wish|p2a: Momo Hirai
|move|p1a: Slowking|Sludge Bomb|p2a: Momo Hirai
|-damage|p2a: Momo Hirai|15/100
|
|-damage|p1a: Slowking|59/100 brn|[from] brn
|upkeep
|turn|39
|
|t:|1758371730
|move|p2a: Momo Hirai|Protect|p2a: Momo Hirai
|-singleturn|p2a: Momo Hirai|Protect
|move|p1a: Slowking|Sludge Bomb|p2a: Momo Hirai
|-activate|p2a: Momo Hirai|move: Protect
|
|-heal|p2a: Momo Hirai|65/100|[from] move: Wish|[wisher] Momo Hirai
|-damage|p1a: Slowking|53/100 brn|[from] brn
|upkeep
|turn|40
|
|t:|1758371737
|move|p2a: Momo Hirai|Wish|p2a: Momo Hirai
|move|p1a: Slowking|Sludge Bomb|p2a: Momo Hirai
|-damage|p2a: Momo Hirai|28/100
|
|-damage|p1a: Slowking|47/100 brn|[from] brn
|upkeep
|turn|41
|
|t:|1758371746
|move|p2a: Momo Hirai|Acrobatics|p1a: Slowking
|-damage|p1a: Slowking|27/100 brn
|move|p1a: Slowking|Sludge Bomb|p2a: Momo Hirai
|-damage|p2a: Momo Hirai|0 fnt
|faint|p2a: Momo Hirai
|
|-damage|p1a: Slowking|21/100 brn|[from] brn
|upkeep
|
|t:|1758371752
|switch|p2a: Ban mr|Darkrai|21/100
|turn|42
|
|t:|1758371759
|switch|p1a: Kingambit|Kingambit, M|24/100 brn
|-activate|p1a: Kingambit|ability: Supreme Overlord
|-start|p1a: Kingambit|fallen1|[silent]
|move|p2a: Ban mr|Dark Pulse|p1a: Kingambit
|-resisted|p1a: Kingambit
|-damage|p1a: Kingambit|2/100 brn
|
|-heal|p1a: Kingambit|8/100 brn|[from] item: Leftovers
|-damage|p1a: Kingambit|2/100 brn|[from] brn
|upkeep
|turn|43
|
|t:|1758371770
|move|p2a: Ban mr|Dark Pulse|p1a: Kingambit
|-resisted|p1a: Kingambit
|-damage|p1a: Kingambit|0 fnt
|faint|p1a: Kingambit
|-end|p1a: Kingambit|fallen1|[silent]
|
|upkeep
|
|t:|1758371778
|switch|p1a: Dragapult|Dragapult, M|100/100
|turn|44
|
|t:|1758371784
|move|p1a: Dragapult|Dragon Darts|p2a: Ban mr
|-damage|p2a: Ban mr|0 fnt
|faint|p2a: Ban mr
|
|upkeep
|
|t:|1758371790
|switch|p2a: BunnyGirlSenpai|Cinderace, F|49/100
|turn|45
|
|t:|1758371797
|move|p2a: BunnyGirlSenpai|Sucker Punch||[still]
|-fail|p2a: BunnyGirlSenpai
|move|p1a: Dragapult|Will-O-Wisp|p2a: BunnyGirlSenpai
|-immune|p2a: BunnyGirlSenpai
|
|upkeep
|turn|46
|
|t:|1758371803
|move|p2a: BunnyGirlSenpai|Sucker Punch||[still]
|-fail|p2a: BunnyGirlSenpai
|move|p1a: Dragapult|Will-O-Wisp|p2a: BunnyGirlSenpai|[miss]
|-miss|p1a: Dragapult|p2a: BunnyGirlSenpai
|
|upkeep
|turn|47
|
|t:|1758371809
|move|p2a: BunnyGirlSenpai|Sucker Punch||[still]
|-fail|p2a: BunnyGirlSenpai
|move|p1a: Dragapult|Will-O-Wisp|p2a: BunnyGirlSenpai
|-immune|p2a: BunnyGirlSenpai
|
|upkeep
|turn|48
|
|t:|1758371815
|move|p2a: BunnyGirlSenpai|Sucker Punch||[still]
|-fail|p2a: BunnyGirlSenpai
|move|p1a: Dragapult|Will-O-Wisp|p2a: BunnyGirlSenpai
|-immune|p2a: BunnyGirlSenpai
|
|upkeep
|turn|49
|
|t:|1758371822
|move|p2a: BunnyGirlSenpai|Sucker Punch||[still]
|-fail|p2a: BunnyGirlSenpai
|move|p1a: Dragapult|Will-O-Wisp|p2a: BunnyGirlSenpai|[miss]
|-miss|p1a: Dragapult|p2a: BunnyGirlSenpai
|
|upkeep
|turn|50
|
|t:|1758371828
|move|p2a: BunnyGirlSenpai|Sucker Punch||[still]
|-fail|p2a: BunnyGirlSenpai
|move|p1a: Dragapult|Will-O-Wisp|p2a: BunnyGirlSenpai
|-immune|p2a: BunnyGirlSenpai
|
|upkeep
|turn|51
|
|t:|1758371834
|move|p2a: BunnyGirlSenpai|Sucker Punch||[still]
|-fail|p2a: BunnyGirlSenpai
|move|p1a: Dragapult|Will-O-Wisp|p2a: BunnyGirlSenpai
|-immune|p2a: BunnyGirlSenpai
|
|upkeep
|turn|52
|
|t:|1758371841
|move|p2a: BunnyGirlSenpai|Sucker Punch||[still]
|-fail|p2a: BunnyGirlSenpai
|move|p1a: Dragapult|Will-O-Wisp|p2a: BunnyGirlSenpai|[miss]
|-miss|p1a: Dragapult|p2a: BunnyGirlSenpai
|
|upkeep
|turn|53
|
|t:|1758371847
|move|p1a: Dragapult|Will-O-Wisp|p2a: BunnyGirlSenpai|[miss]
|-miss|p1a: Dragapult|p2a: BunnyGirlSenpai
|-activate|p2a: BunnyGirlSenpai|move: Struggle
|move|p2a: BunnyGirlSenpai|Struggle|p1a: Dragapult
|-damage|p1a: Dragapult|69/100
|-damage|p2a: BunnyGirlSenpai|24/100|[from] recoil
|
|upkeep
|turn|54
|
|t:|1758371853
|move|p1a: Dragapult|Will-O-Wisp|p2a: BunnyGirlSenpai|[miss]
|-miss|p1a: Dragapult|p2a: BunnyGirlSenpai
|-activate|p2a: BunnyGirlSenpai|move: Struggle
|move|p2a: BunnyGirlSenpai|Struggle|p1a: Dragapult
|-damage|p1a: Dragapult|37/100
|-damage|p2a: BunnyGirlSenpai|0 fnt|[from] recoil
|faint|p2a: BunnyGirlSenpai
|
|upkeep
|
|t:|1758371855
|switch|p2a: Ban me ASAP|Dragonite, F|100/100
|turn|55
|
|t:|1758371861
|-terastallize|p2a: Ban me ASAP|Flying
|move|p1a: Dragapult|Will-O-Wisp|p2a: Ban me ASAP
|-status|p2a: Ban me ASAP|brn
|move|p2a: Ban me ASAP|Dragon Dance|p2a: Ban me ASAP
|-boost|p2a: Ban me ASAP|atk|1
|-boost|p2a: Ban me ASAP|spe|1
|
|-damage|p2a: Ban me ASAP|94/100 brn|[from] brn
|upkeep
|turn|56
|l| Dragonlatios1
|
|t:|1758371867
|move|p1a: Dragapult|Hex|p2a: Ban me ASAP
|-damage|p2a: Ban me ASAP|40/100 brn
|move|p2a: Ban me ASAP|Dragon Dance|p2a: Ban me ASAP
|-boost|p2a: Ban me ASAP|atk|1
|-boost|p2a: Ban me ASAP|spe|1
|
|-heal|p2a: Ban me ASAP|47/100 brn|[from] item: Leftovers
|-damage|p2a: Ban me ASAP|40/100 brn|[from] brn
|upkeep
|turn|57
|
|t:|1758371877
|move|p2a: Ban me ASAP|Tera Blast|p1a: Dragapult|[anim] Tera Blast Flying
|-damage|p1a: Dragapult|0 fnt
|faint|p1a: Dragapult
|
|-heal|p2a: Ban me ASAP|47/100 brn|[from] item: Leftovers
|-damage|p2a: Ban me ASAP|40/100 brn|[from] brn
|upkeep
|
|t:|1758371885
|switch|p1a: Slowking|Slowking-Galar, M|54/100 brn
|turn|58
|
|t:|1758371892
|switch|p1a: Ogerpon|Ogerpon-Wellspring, F|80/100
|move|p2a: Ban me ASAP|Substitute|p2a: Ban me ASAP
|-start|p2a: Ban me ASAP|Substitute
|-damage|p2a: Ban me ASAP|16/100 brn
|
|-heal|p2a: Ban me ASAP|22/100 brn|[from] item: Leftovers
|-damage|p2a: Ban me ASAP|16/100 brn|[from] brn
|upkeep
|turn|59
|
|t:|1758371898
|-terastallize|p1a: Ogerpon|Water
|detailschange|p1a: Ogerpon|Ogerpon-Wellspring-Tera, F, tera:Water
|-ability|p1a: Ogerpon|Embody Aspect (Wellspring)|boost
|-boost|p1a: Ogerpon|spd|1
|move|p2a: Ban me ASAP|Tera Blast|p1a: Ogerpon|[anim] Tera Blast Flying
|-damage|p1a: Ogerpon|0 fnt
|faint|p1a: Ogerpon
|detailschange|p1: Ogerpon|Ogerpon-Wellspring, F|[silent]
|
|-heal|p2a: Ban me ASAP|22/100 brn|[from] item: Leftovers
|-damage|p2a: Ban me ASAP|16/100 brn|[from] brn
|upkeep
|
|t:|1758371904
|switch|p1a: Moltres|Moltres|31/100 psn
|turn|60
|
|t:|1758371910
|switch|p1a: Slowking|Slowking-Galar, M|88/100 brn
|move|p2a: Ban me ASAP|Tera Blast|p1a: Slowking|[anim] Tera Blast Flying
|-damage|p1a: Slowking|32/100 brn
|
|-heal|p2a: Ban me ASAP|22/100 brn|[from] item: Leftovers
|-damage|p2a: Ban me ASAP|16/100 brn|[from] brn
|-damage|p1a: Slowking|26/100 brn|[from] brn
|upkeep
|turn|61
|
|t:|1758371918
|switch|p1a: Moltres|Moltres|31/100 psn
|move|p2a: Ban me ASAP|Tera Blast|p1a: Moltres|[anim] Tera Blast Flying
|-damage|p1a: Moltres|0 fnt
|faint|p1a: Moltres
|
|-heal|p2a: Ban me ASAP|22/100 brn|[from] item: Leftovers
|-damage|p2a: Ban me ASAP|16/100 brn|[from] brn
|upkeep
|
|t:|1758371927
|switch|p1a: Slowking|Slowking-Galar, M|60/100 brn
|turn|62
|
|t:|1758371935
|move|p2a: Ban me ASAP|Earthquake|p1a: Slowking
|-supereffective|p1a: Slowking
|-damage|p1a: Slowking|0 fnt
|faint|p1a: Slowking
|
|win|Obito 2001
|raw|sunny dancing's rating: 1706 &rarr; <strong>1688</strong><br />(-18 for losing)
|raw|Obito 2001's rating: 1733 &rarr; <strong>1751</strong><br />(+18 for winning)
|l|☆sunny dancing
|player|p1|
