|j|☆CherylBush
|j|☆kaisadadi
|t:|1758270923
|gametype|singles
|player|p1|CherylBush|mallow-masters|1581
|player|p2|kaisadadi|steven|1527
|gen|9
|tier|[Gen 9] OU
|rated|
|rule|HP Percentage Mod: HP is shown in percentages
|rule|Endless Battle Clause: Forcing endless battles is banned
|rule|Species Clause: Limit one of each Pokémon
|rule|OHKO Clause: OHKO moves are banned
|rule|Evasion Items Clause: Evasion items are banned
|rule|Evasion Moves Clause: Evasion moves are banned
|rule|Evasion Abilities Clause: Evasion abilities are banned
|rule|Sleep Moves Clause: Sleep-inducing moves are banned
|clearpoke
|poke|p1|Landorus-Therian, M|
|poke|p1|Skeledirge, M|
|poke|p1|Skarmory, M|
|poke|p1|Hydrapple, M|
|poke|p1|Samurott-Hisui, M|
|poke|p1|Fezandipiti, M|
|poke|p2|Tyranitar, M|
|poke|p2|Excadrill, M|
|poke|p2|Keldeo-Resolute|
|poke|p2|Tornadus-Therian, M|
|poke|p2|Heatran, M|
|poke|p2|Hydrapple, F|
|teampreview
|
|t:|1758270938
|teamsize|p1|6
|teamsize|p2|6
|start
|switch|p1a: Skarmory|Skarmory, M, shiny|100/100
|switch|p2a: Tornadus|Tornadus-Therian, M|100/100
|turn|1
|
|t:|1758270942
|move|p2a: Tornadus|Taunt|p1a: Skarmory
|-start|p1a: Skarmory|move: Taunt
|cant|p1a: Skarmory|move: Taunt|Stealth Rock
|
|upkeep
|turn|2
|
|t:|1758270946
|move|p2a: Tornadus|Heat Wave|p1a: Skarmory
|-supereffective|p1a: Skarmory
|-damage|p1a: Skarmory|39/100
|-status|p1a: Skarmory|brn
|move|p1a: Skarmory|Body Press|p2a: Tornadus
|-resisted|p2a: Tornadus
|-damage|p2a: Tornadus|92/100
|
|-damage|p1a: Skarmory|33/100 brn|[from] brn
|upkeep
|turn|3
|
|t:|1758270954
|switch|p1a: Fez Boi|Fezandipiti, M|100/100
|move|p2a: Tornadus|Bleakwind Storm|p1a: Fez Boi
|-damage|p1a: Fez Boi|77/100
|
|upkeep
|turn|4
|
|t:|1758270966
|move|p2a: Tornadus|U-turn|p1a: Fez Boi
|-resisted|p1a: Fez Boi
|-damage|p1a: Fez Boi|74/100
|
|t:|1758270968
|switch|p2a: Heatran|Heatran, M|100/100|[from] U-turn
|move|p1a: Fez Boi|Moonblast|p2a: Heatran
|-resisted|p2a: Heatran
|-damage|p2a: Heatran|97/100
|
|-heal|p2a: Heatran|100/100|[from] item: Leftovers
|upkeep
|turn|5
|
|t:|1758270975
|switch|p1a: Skeledirge|Skeledirge, M, shiny|100/100
|move|p2a: Heatran|Magma Storm|p1a: Skeledirge
|-resisted|p1a: Skeledirge
|-damage|p1a: Skeledirge|82/100
|-activate|p1a: Skeledirge|move: Magma Storm|[of] p2a: Heatran
|
|-damage|p1a: Skeledirge|70/100|[from] move: Magma Storm|[partiallytrapped]
|upkeep
|turn|6
|
|t:|1758270980
|move|p2a: Heatran|Taunt|p1a: Skeledirge
|-start|p1a: Skeledirge|move: Taunt
|move|p1a: Skeledirge|Earth Power|p2a: Heatran
|-supereffective|p2a: Heatran
|-damage|p2a: Heatran|48/100
|-unboost|p2a: Heatran|spd|1
|
|-heal|p2a: Heatran|54/100|[from] item: Leftovers
|-damage|p1a: Skeledirge|57/100|[from] move: Magma Storm|[partiallytrapped]
|upkeep
|turn|7
|
|t:|1758270991
|switch|p2a: Tyranitar|Tyranitar, M|100/100
|-weather|Sandstorm|[from] ability: Sand Stream|[of] p2a: Tyranitar
|move|p1a: Skeledirge|Earth Power|p2a: Tyranitar
|-supereffective|p2a: Tyranitar
|-damage|p2a: Tyranitar|69/100
|
|-weather|Sandstorm|[upkeep]
|-damage|p1a: Skeledirge|51/100|[from] Sandstorm
|-end|p1a: Skeledirge|Magma Storm|[partiallytrapped]|[silent]
|upkeep
|turn|8
|
|t:|1758270997
|switch|p1a: Skarmory|Skarmory, M, shiny|33/100 brn
|move|p2a: Tyranitar|Stone Edge|p1a: Skarmory
|-damage|p1a: Skarmory|0 fnt
|faint|p1a: Skarmory
|
|-weather|Sandstorm|[upkeep]
|upkeep
|
|t:|1758271003
|switch|p1a: Samurott|Samurott-Hisui, M, shiny|100/100
|turn|9
|
|t:|1758271008
|move|p1a: Samurott|Ceaseless Edge|p2a: Tyranitar
|-resisted|p2a: Tyranitar
|-damage|p2a: Tyranitar|47/100
|-sidestart|p2: kaisadadi|Spikes
|move|p2a: Tyranitar|Stone Edge|p1a: Samurott
|-damage|p1a: Samurott|0 fnt
|faint|p1a: Samurott
|
|-weather|Sandstorm|[upkeep]
|upkeep
|
|t:|1758271013
|switch|p1a: Landorus|Landorus-Therian, M, shiny|100/100
|-ability|p1a: Landorus|Intimidate|boost
|-unboost|p2a: Tyranitar|atk|1
|turn|10
|
|t:|1758271021
|switch|p2a: Tornadus|Tornadus-Therian, M|100/100
|move|p1a: Landorus|U-turn|p2a: Tornadus
|-resisted|p2a: Tornadus
|-damage|p2a: Tornadus|85/100
|
|t:|1758271024
|switch|p1a: Fez Boi|Fezandipiti, M|74/100|[from] U-turn
|
|-weather|Sandstorm|[upkeep]
|-damage|p2a: Tornadus|79/100|[from] Sandstorm
|-damage|p1a: Fez Boi|68/100|[from] Sandstorm
|upkeep
|turn|11
|
|t:|1758271030
|move|p2a: Tornadus|Taunt|p1a: Fez Boi
|-start|p1a: Fez Boi|move: Taunt
|move|p1a: Fez Boi|Moonblast|p2a: Tornadus
|-damage|p2a: Tornadus|56/100
|-unboost|p2a: Tornadus|spa|1
|-status|p2a: Tornadus|tox|[from] ability: Toxic Chain|[of] p1a: Fez Boi
|
|-weather|none
|-damage|p2a: Tornadus|50/100 tox|[from] psn
|upkeep
|turn|12
|
|t:|1758271037
|move|p2a: Tornadus|U-turn|p1a: Fez Boi
|-resisted|p1a: Fez Boi
|-damage|p1a: Fez Boi|64/100
|
|t:|1758271044
|switch|p2a: Heatran|Heatran, M|54/100|[from] U-turn
|-damage|p2a: Heatran|41/100|[from] Spikes
|move|p1a: Fez Boi|Moonblast|p2a: Heatran
|-resisted|p2a: Heatran
|-damage|p2a: Heatran|37/100
|
|-heal|p2a: Heatran|44/100|[from] item: Leftovers
|upkeep
|turn|13
|
|t:|1758271051
|switch|p1a: Skeledirge|Skeledirge, M, shiny|51/100
|move|p2a: Heatran|Magma Storm|p1a: Skeledirge
|-resisted|p1a: Skeledirge
|-damage|p1a: Skeledirge|35/100
|-activate|p1a: Skeledirge|move: Magma Storm|[of] p2a: Heatran
|
|-heal|p2a: Heatran|50/100|[from] item: Leftovers
|-damage|p1a: Skeledirge|22/100|[from] move: Magma Storm|[partiallytrapped]
|upkeep
|turn|14
|
|t:|1758271058
|switch|p1a: Landorus|Landorus-Therian, M, shiny|100/100
|-ability|p1a: Landorus|Intimidate|boost
|-unboost|p2a: Heatran|atk|1
|move|p2a: Heatran|Earth Power|p1a: Landorus
|-immune|p1a: Landorus
|
|-heal|p2a: Heatran|56/100|[from] item: Leftovers
|upkeep
|turn|15
|
|t:|1758271068
|move|p1a: Landorus|U-turn|p2a: Heatran
|-resisted|p2a: Heatran
|-damage|p2a: Heatran|50/100
|
|t:|1758271076
|switch|p1a: Leviathan|Hydrapple, M, shiny|100/100|[from] U-turn
|move|p2a: Heatran|Stealth Rock|p1a: Leviathan
|-sidestart|p1: CherylBush|move: Stealth Rock
|
|-heal|p2a: Heatran|57/100|[from] item: Leftovers
|upkeep
|turn|16
|
|t:|1758271084
|switch|p2a: Tornadus|Tornadus-Therian, M|83/100 tox
|move|p1a: Leviathan|Earth Power|p2a: Tornadus
|-immune|p2a: Tornadus
|
|-damage|p2a: Tornadus|77/100 tox|[from] psn
|upkeep
|turn|17
|
|t:|1758271093
|switch|p1a: Skeledirge|Skeledirge, M, shiny|22/100
|move|p2a: Tornadus|Bleakwind Storm|p1a: Skeledirge
|-damage|p1a: Skeledirge|0 fnt
|faint|p1a: Skeledirge
|
|-damage|p2a: Tornadus|64/100 tox|[from] psn
|upkeep
|
|t:|1758271098
|switch|p1a: Landorus|Landorus-Therian, M, shiny|100/100
|-damage|p1a: Landorus|88/100|[from] Stealth Rock
|-ability|p1a: Landorus|Intimidate|boost
|-unboost|p2a: Tornadus|atk|1
|turn|18
|
|t:|1758271102
|move|p1a: Landorus|Stone Edge|p2a: Tornadus|[miss]
|-miss|p1a: Landorus|p2a: Tornadus
|move|p2a: Tornadus|U-turn|p1a: Landorus
|-resisted|p1a: Landorus
|-damage|p1a: Landorus|83/100
|
|t:|1758271111
|switch|p2a: Excadrill|Excadrill, M|100/100|[from] U-turn
|-item|p2a: Excadrill|Air Balloon
|
|upkeep
|turn|19
|
|t:|1758271119
|switch|p1a: Leviathan|Hydrapple, M, shiny|100/100
|move|p2a: Excadrill|Swords Dance|p2a: Excadrill
|-boost|p2a: Excadrill|atk|2
|
|upkeep
|turn|20
|
|t:|1758271123
|move|p2a: Excadrill|Rapid Spin|p1a: Leviathan
|-damage|p1a: Leviathan|74/100
|-boost|p2a: Excadrill|spe|1
|-sideend|p2: kaisadadi|Spikes|[from] move: Rapid Spin|[of] p2a: Excadrill
|move|p1a: Leviathan|Earth Power|p2a: Excadrill
|-immune|p2a: Excadrill
|
|upkeep
|turn|21
|
|t:|1758271130
|move|p2a: Excadrill|Iron Head|p1a: Leviathan
|-damage|p1a: Leviathan|13/100
|move|p1a: Leviathan|Giga Drain|p2a: Excadrill
|-damage|p2a: Excadrill|59/100
|-heal|p1a: Leviathan|31/100|[from] drain|[of] p2a: Excadrill
|-enditem|p2a: Excadrill|Air Balloon
|
|upkeep
|turn|22
|
|t:|1758271136
|switch|p1a: Landorus|Landorus-Therian, M, shiny|83/100
|-damage|p1a: Landorus|71/100|[from] Stealth Rock
|-ability|p1a: Landorus|Intimidate|boost
|-unboost|p2a: Excadrill|atk|1
|move|p2a: Excadrill|Iron Head|p1a: Landorus
|-damage|p1a: Landorus|0 fnt
|faint|p1a: Landorus
|
|upkeep
|
|t:|1758271138
|switch|p1a: Leviathan|Hydrapple, M, shiny|65/100
|turn|23
|
|t:|1758271141
|move|p2a: Excadrill|Iron Head|p1a: Leviathan
|-damage|p1a: Leviathan|17/100
|move|p1a: Leviathan|Earth Power|p2a: Excadrill
|-supereffective|p2a: Excadrill
|-damage|p2a: Excadrill|0 fnt
|faint|p2a: Excadrill
|
|upkeep
|
|t:|1758271147
|switch|p2a: Keldeo|Keldeo-Resolute|100/100
|turn|24
|
|t:|1758271152
|switch|p1a: Fez Boi|Fezandipiti, M|64/100
|-terastallize|p2a: Keldeo|Water
|move|p2a: Keldeo|Surf|p1a: Fez Boi
|-damage|p1a: Fez Boi|9/100
|
|upkeep
|turn|25
|
|t:|1758271160
|move|p2a: Keldeo|Surf|p1a: Fez Boi
|-damage|p1a: Fez Boi|0 fnt
|faint|p1a: Fez Boi
|
|upkeep
|
|t:|1758271161
|switch|p1a: Leviathan|Hydrapple, M, shiny|51/100
|turn|26
|
|t:|1758271164
|move|p2a: Keldeo|Surf|p1a: Leviathan
|-resisted|p1a: Leviathan
|-damage|p1a: Leviathan|29/100
|move|p1a: Leviathan|Nasty Plot|p1a: Leviathan
|-boost|p1a: Leviathan|spa|2
|
|upkeep
|turn|27
|
|t:|1758271171
|switch|p2a: Heatran|Heatran, M|57/100
|move|p1a: Leviathan|Giga Drain|p2a: Heatran
|-resisted|p2a: Heatran
|-damage|p2a: Heatran|46/100
|-heal|p1a: Leviathan|34/100|[from] drain|[of] p2a: Heatran
|
|-heal|p2a: Heatran|52/100|[from] item: Leftovers
|upkeep
|turn|28
|
|t:|1758271176
|move|p2a: Heatran|Magma Storm|p1a: Leviathan
|-damage|p1a: Leviathan|0 fnt
|faint|p1a: Leviathan
|
|win|kaisadadi
|raw|CherylBush's rating: 1581 &rarr; <strong>1558</strong><br />(-23 for losing)
|raw|kaisadadi's rating: 1527 &rarr; <strong>1550</strong><br />(+23 for winning)
|c|☆CherylBush|cant believe I lost to that shitty sparrow team
|c|☆CherylBush|in OU
|c|☆CherylBush|LOL
|l|☆CherylBush
|player|p1|
|l|☆kaisadadi
|player|p2|
