|j|☆Mcls-15
|j|☆MegaAPSC
|inactive|Battle timer is ON: inactive players will automatically lose when time's up.
|t:|1758292163
|gametype|singles
|player|p1|Mcls-15|101|
|player|p2|MegaAPSC|wallace-masters|
|gen|9
|tier|[Gen 9] OU
|rated|Tournament battle
|rule|HP Percentage Mod: HP is shown in percentages
|rule|Endless Battle Clause: Forcing endless battles is banned
|rule|Species Clause: Limit one of each Pokémon
|rule|OHKO Clause: OHKO moves are banned
|rule|Evasion Items Clause: Evasion items are banned
|rule|Evasion Moves Clause: Evasion moves are banned
|rule|Evasion Abilities Clause: Evasion abilities are banned
|rule|Sleep Moves Clause: Sleep-inducing moves are banned
|raw|<div class="infobox"><details class="readmore"><summary><strong>15 custom rules:</strong></summary> -burmy, -caterpie, -combee, -kricketot, -magikarp, -scatterbug, -sunkern, -tynamo, -typenull, -weedle, -wurmple, -cosmog, -blipbug, -snom, -wynaut</details></div>
|clearpoke
|poke|p1|Mamoswine, F|
|poke|p1|Masquerain, F|
|poke|p1|Lokix, M|
|poke|p1|Copperajah, M|
|poke|p2|Kommo-o, M|
|poke|p2|Barraskewda, M|
|poke|p2|Pikachu-World, M|
|poke|p2|Grimmsnarl, M|
|teampreview
|j|*Lady Monita ☀
|inactive|MegaAPSC also wants the timer to be on.
|l|☆Mcls-15
|inactive|Mcls-15 disconnected and has a minute to reconnect!
|player|p1|
|c|☆MegaAPSC|hi
|c|☆MegaAPSC|hii
|j|☆Mcls-15
|inactive|Mcls-15 reconnected and has 140 seconds left.
|player|p1|Mcls-15|101|
|
|t:|1758292180
|teamsize|p1|4
|teamsize|p2|4
|start
|switch|p1a: Lokix|Lokix, M|100/100
|switch|p2a: Grimmsnarl|Grimmsnarl, M, shiny|100/100
|turn|1
|c|☆MegaAPSC|hiii
|
|t:|1758292188
|move|p1a: Lokix|First Impression|p2a: Grimmsnarl
|-crit|p2a: Grimmsnarl
|-damage|p2a: Grimmsnarl|0 fnt
|faint|p2a: Grimmsnarl
|
|upkeep
|c|☆MegaAPSC|tf
|
|t:|1758292200
|switch|p2a: Kommo-o|Kommo-o, M, shiny|100/100
|turn|2
|
|t:|1758292211
|move|p2a: Kommo-o|Clangorous Soul|p2a: Kommo-o
|-boost|p2a: Kommo-o|atk|1
|-boost|p2a: Kommo-o|def|1
|-boost|p2a: Kommo-o|spa|1
|-boost|p2a: Kommo-o|spd|1
|-boost|p2a: Kommo-o|spe|1
|-damage|p2a: Kommo-o|68/100
|-enditem|p2a: Kommo-o|Throat Spray
|-boost|p2a: Kommo-o|spa|1|[from] item: Throat Spray
|move|p1a: Lokix|Knock Off|p2a: Kommo-o
|-resisted|p2a: Kommo-o
|-damage|p2a: Kommo-o|45/100
|
|upkeep
|turn|3
|c|☆MegaAPSC|its on steroids!
|
|t:|1758292224
|move|p2a: Kommo-o|Flamethrower|p1a: Lokix
|-supereffective|p1a: Lokix
|-damage|p1a: Lokix|0 fnt
|faint|p1a: Lokix
|
|upkeep
|
|t:|1758292230
|switch|p1a: Masquerain|Masquerain, F|100/100
|-ability|p1a: Masquerain|Intimidate|boost
|-unboost|p2a: Kommo-o|atk|1
|turn|4
|
|t:|1758292235
|move|p2a: Kommo-o|Flamethrower|p1a: Masquerain
|-supereffective|p1a: Masquerain
|-enditem|p1a: Masquerain|Focus Sash
|-damage|p1a: Masquerain|1/100
|move|p1a: Masquerain|Air Slash|p2a: Kommo-o
|-supereffective|p2a: Kommo-o
|-damage|p2a: Kommo-o|0 fnt
|faint|p2a: Kommo-o
|
|upkeep
|c|☆MegaAPSC|f
|
|t:|1758292245
|switch|p2a: Pikachu|Pikachu-World, M|100/100
|turn|5
|
|t:|1758292251
|move|p2a: Pikachu|Trailblaze|p1a: Masquerain
|-resisted|p1a: Masquerain
|-damage|p1a: Masquerain|0 fnt
|-boost|p2a: Pikachu|spe|1
|faint|p1a: Masquerain
|
|upkeep
|
|t:|1758292254
|switch|p1a: Copperajah|Copperajah, M|100/100
|turn|6
|
|t:|1758292260
|move|p2a: Pikachu|Nuzzle|p1a: Copperajah
|-damage|p1a: Copperajah|88/100
|-status|p1a: Copperajah|par
|move|p1a: Copperajah|Earthquake|p2a: Pikachu
|-supereffective|p2a: Pikachu
|-damage|p2a: Pikachu|0 fnt
|faint|p2a: Pikachu
|
|upkeep
|
|t:|1758292268
|switch|p2a: Barraskewda|Barraskewda, M, shiny|100/100
|turn|7
|
|t:|1758292275
|-terastallize|p2a: Barraskewda|Fighting
|move|p2a: Barraskewda|Close Combat|p1a: Copperajah
|-supereffective|p1a: Copperajah
|-damage|p1a: Copperajah|0 fnt
|-unboost|p2a: Barraskewda|def|1
|-unboost|p2a: Barraskewda|spd|1
|faint|p1a: Copperajah
|-damage|p2a: Barraskewda|91/100|[from] item: Life Orb
|
|upkeep
|
|t:|1758292280
|switch|p1a: Mamoswine|Mamoswine, F|100/100
|turn|8
|
|t:|1758292288
|-terastallize|p1a: Mamoswine|Ice
|move|p1a: Mamoswine|Ice Shard|p2a: Barraskewda
|-damage|p2a: Barraskewda|2/100
|move|p2a: Barraskewda|Close Combat|p1a: Mamoswine
|-supereffective|p1a: Mamoswine
|-damage|p1a: Mamoswine|0 fnt
|-unboost|p2a: Barraskewda|def|1
|-unboost|p2a: Barraskewda|spd|1
|faint|p1a: Mamoswine
|-damage|p2a: Barraskewda|0 fnt|[from] item: Life Orb
|faint|p2a: Barraskewda
|
|win|MegaAPSC
|n|☆MegaAPSC|megaapsc
|n|*Lady Monita ☀|ladymonita
|n|☆Mcls-15|mcls15
