|j|☆OscarGamble
|j|☆wocaoyyy
|t:|1758287428
|gametype|singles
|player|p1|OscarGamble|266|1464
|player|p2|wocaoyyy|170|1419
|gen|9
|tier|[Gen 9] OU
|rated|
|rule|HP Percentage Mod: HP is shown in percentages
|rule|Endless Battle Clause: Forcing endless battles is banned
|rule|Species Clause: Limit one of each Pokémon
|rule|OHKO Clause: OHKO moves are banned
|rule|Evasion Items Clause: Evasion items are banned
|rule|Evasion Moves Clause: Evasion moves are banned
|rule|Evasion Abilities Clause: Evasion abilities are banned
|rule|Sleep Moves Clause: Sleep-inducing moves are banned
|clearpoke
|poke|p1|Alomomola, M|
|poke|p1|Hydrapple, F|
|poke|p1|Scizor, M|
|poke|p1|Gholdengo|
|poke|p1|Great Tusk|
|poke|p1|Kyurem|
|poke|p2|Primarina, M|
|poke|p2|Raging Bolt|
|poke|p2|Landorus-Therian, M|
|poke|p2|Pawmot, M|
|poke|p2|Metagross|
|poke|p2|Arcanine, M|
|teampreview
|inactive|Battle timer is ON: inactive players will automatically lose when time's up. (requested by wocaoyyy)
|
|t:|1758287450
|teamsize|p1|6
|teamsize|p2|6
|start
|switch|p1a: Alomomola|Alomomola, M|100/100
|switch|p2a: Raging Bolt|Raging Bolt|100/100
|turn|1
|
|t:|1758287453
|move|p2a: Raging Bolt|Calm Mind|p2a: Raging Bolt
|-boost|p2a: Raging Bolt|spa|1
|-boost|p2a: Raging Bolt|spd|1
|move|p1a: Alomomola|Mirror Coat||[still]
|-fail|p1a: Alomomola
|
|upkeep
|turn|2
|
|t:|1758287461
|switch|p1a: Great Tusk|Great Tusk|100/100
|move|p2a: Raging Bolt|Calm Mind|p2a: Raging Bolt
|-boost|p2a: Raging Bolt|spa|1
|-boost|p2a: Raging Bolt|spd|1
|
|upkeep
|turn|3
|
|t:|1758287469
|-terastallize|p2a: Raging Bolt|Dragon
|move|p1a: Great Tusk|Stealth Rock|p2a: Raging Bolt
|-sidestart|p2: wocaoyyy|move: Stealth Rock
|move|p2a: Raging Bolt|Draco Meteor|p1a: Great Tusk
|-damage|p1a: Great Tusk|0 fnt
|-unboost|p2a: Raging Bolt|spa|2
|faint|p1a: Great Tusk
|-end|p1a: Great Tusk|Protosynthesis|[silent]
|
|upkeep
|
|t:|1758287476
|switch|p1a: Kyurem|Kyurem|100/100
|-ability|p1a: Kyurem|Pressure
|turn|4
|
|t:|1758287490
|move|p1a: Kyurem|Icicle Spear|p2a: Raging Bolt
|-supereffective|p2a: Raging Bolt
|-damage|p2a: Raging Bolt|79/100
|-supereffective|p2a: Raging Bolt
|-damage|p2a: Raging Bolt|58/100
|-supereffective|p2a: Raging Bolt
|-damage|p2a: Raging Bolt|37/100
|-supereffective|p2a: Raging Bolt
|-damage|p2a: Raging Bolt|17/100
|-hitcount|p2a: Raging Bolt|4
|move|p2a: Raging Bolt|Draco Meteor|p1a: Kyurem
|-supereffective|p1a: Kyurem
|-damage|p1a: Kyurem|0 fnt
|-unboost|p2a: Raging Bolt|spa|2
|faint|p1a: Kyurem
|
|upkeep
|
|t:|1758287500
|switch|p1a: Scizor|Scizor, M|100/100
|turn|5
|
|t:|1758287504
|move|p1a: Scizor|Bullet Punch|p2a: Raging Bolt
|-damage|p2a: Raging Bolt|0 fnt
|faint|p2a: Raging Bolt
|-end|p2a: Raging Bolt|Protosynthesis|[silent]
|
|upkeep
|
|t:|1758287507
|switch|p2a: Arcanine|Arcanine, M|100/100
|-ability|p2a: Arcanine|Intimidate|boost
|-unboost|p1a: Scizor|atk|1
|turn|6
|
|t:|1758287512
|switch|p2a: Pawmot|Pawmot, M|100/100
|-damage|p2a: Pawmot|94/100|[from] Stealth Rock
|switch|p1a: Hydrapple|Hydrapple, F|100/100
|
|upkeep
|turn|7
|
|t:|1758287516
|move|p2a: Pawmot|Revival Blessing|p2a: Pawmot
|
|t:|1758287518
|-heal|p2: Raging Bolt|50/100|[from] move: Revival Blessing
|move|p1a: Hydrapple|Nasty Plot|p1a: Hydrapple
|-boost|p1a: Hydrapple|spa|2
|
|upkeep
|turn|8
|
|t:|1758287526
|move|p2a: Pawmot|Ice Punch|p1a: Hydrapple
|-supereffective|p1a: Hydrapple
|-damage|p1a: Hydrapple|50/100
|-damage|p2a: Pawmot|78/100|[from] item: Rocky Helmet|[of] p1a: Hydrapple
|move|p1a: Hydrapple|Giga Drain|p2a: Pawmot
|-damage|p2a: Pawmot|0 fnt
|-heal|p1a: Hydrapple|77/100|[from] drain|[of] p2a: Pawmot
|faint|p2a: Pawmot
|
|upkeep
|
|t:|1758287533
|switch|p2a: Raging Bolt|Raging Bolt|50/100
|-damage|p2a: Raging Bolt|38/100|[from] Stealth Rock
|turn|9
|
|t:|1758287551
|switch|p1a: Alomomola|Alomomola, M|100/100
|move|p2a: Raging Bolt|Draco Meteor|p1a: Alomomola
|-damage|p1a: Alomomola|48/100
|-unboost|p2a: Raging Bolt|spa|2
|
|upkeep
|turn|10
|
|t:|1758287561
|move|p2a: Raging Bolt|Calm Mind|p2a: Raging Bolt
|-boost|p2a: Raging Bolt|spa|1
|-boost|p2a: Raging Bolt|spd|1
|move|p1a: Alomomola|Flip Turn|p2a: Raging Bolt
|-resisted|p2a: Raging Bolt
|-damage|p2a: Raging Bolt|32/100
|inactive|OscarGamble has 120 seconds left.
|inactive|OscarGamble has 90 seconds left.
|
|t:|1758287635
|switch|p1a: Scizor|Scizor, M|100/100|[from] Flip Turn
|
|upkeep
|turn|11
|
|t:|1758287641
|move|p2a: Raging Bolt|Volt Switch|p1a: Scizor
|-damage|p1a: Scizor|68/100
|
|t:|1758287644
|-end|p2a: Raging Bolt|Protosynthesis|[silent]
|switch|p2a: Landorus|Landorus-Therian, M|100/100|[from] Volt Switch
|-damage|p2a: Landorus|88/100|[from] Stealth Rock
|-ability|p2a: Landorus|Intimidate|boost
|-unboost|p1a: Scizor|atk|1
|move|p1a: Scizor|Knock Off|p2a: Landorus
|-damage|p2a: Landorus|58/100
|-enditem|p2a: Landorus|Choice Scarf|[from] move: Knock Off|[of] p1a: Scizor
|
|upkeep
|turn|12
|inactive|OscarGamble has 90 seconds left.
|
|t:|1758287670
|switch|p1a: Hydrapple|Hydrapple, F|100/100
|move|p2a: Landorus|Earthquake|p1a: Hydrapple
|-resisted|p1a: Hydrapple
|-damage|p1a: Hydrapple|84/100
|
|upkeep
|turn|13
|
|t:|1758287673
|move|p2a: Landorus|U-turn|p1a: Hydrapple
|-supereffective|p1a: Hydrapple
|-damage|p1a: Hydrapple|54/100
|-damage|p2a: Landorus|42/100|[from] item: Rocky Helmet|[of] p1a: Hydrapple
|
|t:|1758287684
|switch|p2a: Raging Bolt|Raging Bolt|32/100|[from] U-turn
|-damage|p2a: Raging Bolt|20/100|[from] Stealth Rock
|move|p1a: Hydrapple|Nasty Plot|p1a: Hydrapple
|-boost|p1a: Hydrapple|spa|2
|
|upkeep
|turn|14
|
|t:|1758287690
|-terastallize|p1a: Hydrapple|Steel
|move|p2a: Raging Bolt|Draco Meteor|p1a: Hydrapple
|-resisted|p1a: Hydrapple
|-damage|p1a: Hydrapple|11/100
|-unboost|p2a: Raging Bolt|spa|2
|move|p1a: Hydrapple|Giga Drain|p2a: Raging Bolt
|-resisted|p2a: Raging Bolt
|-damage|p2a: Raging Bolt|0 fnt
|-heal|p1a: Hydrapple|22/100|[from] drain|[of] p2a: Raging Bolt
|faint|p2a: Raging Bolt
|-end|p2a: Raging Bolt|Protosynthesis|[silent]
|
|upkeep
|
|t:|1758287700
|switch|p2a: Landorus|Landorus-Therian, M|42/100
|-damage|p2a: Landorus|29/100|[from] Stealth Rock
|-ability|p2a: Landorus|Intimidate|boost
|-unboost|p1a: Hydrapple|atk|1
|turn|15
|
|t:|1758287715
|switch|p1a: Alomomola|Alomomola, M|81/100
|move|p2a: Landorus|Earthquake|p1a: Alomomola
|-damage|p1a: Alomomola|45/100
|
|upkeep
|turn|16
|
|t:|1758287719
|move|p2a: Landorus|Earthquake|p1a: Alomomola
|-damage|p1a: Alomomola|6/100
|move|p1a: Alomomola|Flip Turn|p2a: Landorus
|-supereffective|p2a: Landorus
|-damage|p2a: Landorus|0 fnt
|faint|p2a: Landorus
|
|t:|1758287728
|switch|p1a: Gholdengo|Gholdengo|100/100|[from] Flip Turn
|
|upkeep
|
|t:|1758287754
|switch|p2a: Arcanine|Arcanine, M|100/100
|-ability|p2a: Arcanine|Intimidate|boost
|-unboost|p1a: Gholdengo|atk|1
|turn|17
|
|t:|1758287762
|switch|p1a: Alomomola|Alomomola, M|39/100
|move|p2a: Arcanine|Flare Blitz|p1a: Alomomola
|-resisted|p1a: Alomomola
|-damage|p1a: Alomomola|19/100
|-damage|p2a: Arcanine|92/100|[from] Recoil
|
|upkeep
|turn|18
|inactive|OscarGamble has 120 seconds left.
|
|t:|1758287770
|switch|p1a: Scizor|Scizor, M|68/100
|move|p2a: Arcanine|Flare Blitz|p1a: Scizor
|-supereffective|p1a: Scizor
|-damage|p1a: Scizor|0 fnt
|faint|p1a: Scizor
|-damage|p2a: Arcanine|72/100|[from] Recoil
|
|upkeep
|inactive|OscarGamble has 120 seconds left.
|
|t:|1758287779
|switch|p1a: Alomomola|Alomomola, M|52/100
|turn|19
|
|t:|1758287782
|move|p2a: Arcanine|Will-O-Wisp|p1a: Alomomola
|-status|p1a: Alomomola|brn
|move|p1a: Alomomola|Scald|p2a: Arcanine
|-supereffective|p2a: Arcanine
|-damage|p2a: Arcanine|45/100
|
|-damage|p1a: Alomomola|46/100 brn|[from] brn
|upkeep
|turn|20
|
|t:|1758287790
|move|p2a: Arcanine|Morning Sun|p2a: Arcanine
|-heal|p2a: Arcanine|95/100
|move|p1a: Alomomola|Body Slam|p2a: Arcanine
|-damage|p2a: Arcanine|87/100
|
|-damage|p1a: Alomomola|40/100 brn|[from] brn
|upkeep
|turn|21
|
|t:|1758287801
|move|p2a: Arcanine|Extreme Speed|p1a: Alomomola
|-damage|p1a: Alomomola|22/100 brn
|move|p1a: Alomomola|Body Slam|p2a: Arcanine
|-damage|p2a: Arcanine|79/100
|
|-damage|p1a: Alomomola|16/100 brn|[from] brn
|upkeep
|turn|22
|
|t:|1758287810
|switch|p1a: Gholdengo|Gholdengo|100/100
|move|p2a: Arcanine|Flare Blitz|p1a: Gholdengo
|-supereffective|p1a: Gholdengo
|-damage|p1a: Gholdengo|0 fnt
|faint|p1a: Gholdengo
|-damage|p2a: Arcanine|52/100|[from] Recoil
|
|upkeep
|
|t:|1758287816
|switch|p1a: Alomomola|Alomomola, M|49/100 brn
|turn|23
|
|t:|1758287818
|move|p2a: Arcanine|Morning Sun|p2a: Arcanine
|-heal|p2a: Arcanine|100/100
|move|p1a: Alomomola|Flip Turn|p2a: Arcanine
|-supereffective|p2a: Arcanine
|-damage|p2a: Arcanine|83/100
|
|t:|1758287820
|switch|p1a: Hydrapple|Hydrapple, F, tera:Steel|55/100|[from] Flip Turn
|
|upkeep
|turn|24
|
|t:|1758287823
|switch|p1a: Alomomola|Alomomola, M|82/100 brn
|move|p2a: Arcanine|Flare Blitz|p1a: Alomomola
|-resisted|p1a: Alomomola
|-damage|p1a: Alomomola|63/100 brn
|-damage|p2a: Arcanine|75/100|[from] Recoil
|
|-damage|p1a: Alomomola|57/100 brn|[from] brn
|upkeep
|turn|25
|
|t:|1758287829
|switch|p2a: Primarina|Primarina, M|100/100
|-damage|p2a: Primarina|88/100|[from] Stealth Rock
|move|p1a: Alomomola|Flip Turn|p2a: Primarina
|-resisted|p2a: Primarina
|-damage|p2a: Primarina|83/100
|
|t:|1758287831
|switch|p1a: Hydrapple|Hydrapple, F, tera:Steel|88/100|[from] Flip Turn
|
|upkeep
|turn|26
|
|t:|1758287836
|move|p2a: Primarina|Flip Turn|p1a: Hydrapple
|-damage|p1a: Hydrapple|80/100
|-damage|p2a: Primarina|67/100|[from] item: Rocky Helmet|[of] p1a: Hydrapple
|
|t:|1758287838
|switch|p2a: Metagross|Metagross, shiny|100/100|[from] Flip Turn
|-damage|p2a: Metagross|94/100|[from] Stealth Rock
|move|p1a: Hydrapple|Earth Power|p2a: Metagross
|-supereffective|p2a: Metagross
|-damage|p2a: Metagross|64/100
|
|upkeep
|turn|27
|
|t:|1758287846
|switch|p1a: Alomomola|Alomomola, M|90/100 brn
|move|p2a: Metagross|Earthquake|p1a: Alomomola
|-damage|p1a: Alomomola|63/100 brn
|
|-damage|p1a: Alomomola|57/100 brn|[from] brn
|upkeep
|turn|28
|
|t:|1758287852
|move|p2a: Metagross|Explosion|p1a: Alomomola
|-damage|p1a: Alomomola|0 fnt
|faint|p2a: Metagross
|faint|p1a: Alomomola
|
|upkeep
|
|t:|1758287854
|switch|p2a: Arcanine|Arcanine, M|75/100
|switch|p1a: Hydrapple|Hydrapple, F, tera:Steel|100/100
|-ability|p2a: Arcanine|Intimidate|boost
|-unboost|p1a: Hydrapple|atk|1
|turn|29
|
|t:|1758287858
|move|p2a: Arcanine|Flare Blitz|p1a: Hydrapple
|-supereffective|p1a: Hydrapple
|-damage|p1a: Hydrapple|35/100
|-status|p1a: Hydrapple|brn
|-damage|p2a: Arcanine|59/100|[from] item: Rocky Helmet|[of] p1a: Hydrapple
|-damage|p2a: Arcanine|35/100|[from] Recoil
|move|p1a: Hydrapple|Earth Power|p2a: Arcanine
|-supereffective|p2a: Arcanine
|-damage|p2a: Arcanine|0 fnt
|faint|p2a: Arcanine
|
|-damage|p1a: Hydrapple|29/100 brn|[from] brn
|upkeep
|
|t:|1758287862
|switch|p2a: Primarina|Primarina, M|67/100
|-damage|p2a: Primarina|55/100|[from] Stealth Rock
|turn|30
|
|t:|1758287866
|move|p2a: Primarina|Sparkling Aria|p1a: Hydrapple
|-damage|p1a: Hydrapple|0 fnt
|faint|p1a: Hydrapple
|
|win|wocaoyyy
|raw|OscarGamble's rating: 1464 &rarr; <strong>1441</strong><br />(-23 for losing)
|raw|wocaoyyy's rating: 1419 &rarr; <strong>1442</strong><br />(+23 for winning)
|l|☆wocaoyyy
|player|p2|
|l|☆OscarGamble
|player|p1|
