|j|☆Firmhold3
|j|☆jsuududd
|t:|1758258812
|gametype|singles
|player|p1|Firmhold3|1|1104
|player|p2|jsuududd|cynthia-gen4|1111
|gen|9
|tier|[Gen 9] OU
|rated|
|rule|HP Percentage Mod: HP is shown in percentages
|rule|Endless Battle Clause: Forcing endless battles is banned
|rule|Species Clause: Limit one of each Pokémon
|rule|OHKO Clause: OHKO moves are banned
|rule|Evasion Items Clause: Evasion items are banned
|rule|Evasion Moves Clause: Evasion moves are banned
|rule|Evasion Abilities Clause: Evasion abilities are banned
|rule|Sleep Moves Clause: Sleep-inducing moves are banned
|clearpoke
|poke|p1|Iron Treads|
|poke|p1|Kingambit, F|
|poke|p1|Primarina, F|
|poke|p1|Zamazenta-*|
|poke|p1|Ogerpon-Wellspring, F|
|poke|p1|Tornadus-Therian, M|
|poke|p2|Charizard, F|
|poke|p2|Malamar, F|
|poke|p2|Chesnaught, M|
|poke|p2|Hydreigon, M|
|poke|p2|Tyranitar, M|
|poke|p2|Garchomp, M|
|teampreview
|inactive|Battle timer is ON: inactive players will automatically lose when time's up. (requested by Firmhold3)
|
|t:|1758258821
|teamsize|p1|6
|teamsize|p2|6
|start
|switch|p1a: Iron Treads|Iron Treads|100/100
|switch|p2a: Chesnaught|Chesnaught, M, shiny|100/100
|-enditem|p1a: Iron Treads|Booster Energy
|-activate|p1a: Iron Treads|ability: Quark Drive|[fromitem]
|-start|p1a: Iron Treads|quarkdrivespe
|turn|1
|
|t:|1758258828
|move|p1a: Iron Treads|Stealth Rock|p2a: Chesnaught
|-sidestart|p2: jsuududd|move: Stealth Rock
|move|p2a: Chesnaught|Leech Seed|p1a: Iron Treads
|-start|p1a: Iron Treads|move: Leech Seed
|
|-damage|p1a: Iron Treads|88/100|[from] Leech Seed|[of] p2a: Chesnaught
|upkeep
|turn|2
|
|t:|1758258831
|move|p1a: Iron Treads|Steel Beam|p2a: Chesnaught
|-crit|p2a: Chesnaught
|-damage|p2a: Chesnaught|23/100
|-damage|p1a: Iron Treads|38/100|[from] steelbeam
|move|p2a: Chesnaught|Body Press|p1a: Iron Treads
|-supereffective|p1a: Iron Treads
|-damage|p1a: Iron Treads|0 fnt
|faint|p1a: Iron Treads
|-end|p1a: Iron Treads|Quark Drive|[silent]
|
|-heal|p2a: Chesnaught|29/100|[from] item: Leftovers
|upkeep
|
|t:|1758258844
|switch|p1a: Tornadus|Tornadus-Therian, M|100/100
|turn|3
|
|t:|1758258848
|move|p1a: Tornadus|Bleakwind Storm|p2a: Chesnaught
|-supereffective|p2a: Chesnaught
|-damage|p2a: Chesnaught|0 fnt
|faint|p2a: Chesnaught
|
|upkeep
|
|t:|1758258852
|switch|p2a: Tyranitar|Tyranitar, M|100/100
|-damage|p2a: Tyranitar|88/100|[from] Stealth Rock
|-weather|Sandstorm|[from] ability: Sand Stream|[of] p2a: Tyranitar
|turn|4
|
|t:|1758258859
|move|p1a: Tornadus|Taunt|p2a: Tyranitar
|-start|p2a: Tyranitar|move: Taunt
|move|p2a: Tyranitar|Power Gem|p1a: Tornadus
|-supereffective|p1a: Tornadus
|-damage|p1a: Tornadus|50/100
|
|-weather|Sandstorm|[upkeep]
|-damage|p1a: Tornadus|44/100|[from] Sandstorm
|upkeep
|turn|5
|
|t:|1758258864
|move|p1a: Tornadus|U-turn|p2a: Tyranitar
|-supereffective|p2a: Tyranitar
|-damage|p2a: Tyranitar|63/100
|-enditem|p2a: Tyranitar|Weakness Policy
|-boost|p2a: Tyranitar|atk|2|[from] item: Weakness Policy
|-boost|p2a: Tyranitar|spa|2|[from] item: Weakness Policy
|
|t:|1758258868
|switch|p1a: Primarina|Primarina, F|100/100|[from] U-turn
|move|p2a: Tyranitar|Power Gem|p1a: Primarina
|-damage|p1a: Primarina|57/100
|
|-weather|Sandstorm|[upkeep]
|-damage|p1a: Primarina|51/100|[from] Sandstorm
|upkeep
|turn|6
|
|t:|1758258872
|move|p1a: Primarina|Surf|p2a: Tyranitar
|-supereffective|p2a: Tyranitar
|-damage|p2a: Tyranitar|4/100
|move|p2a: Tyranitar|Heavy Slam|p1a: Primarina
|-damage|p1a: Primarina|0 fnt
|faint|p1a: Primarina
|
|-weather|Sandstorm|[upkeep]
|-end|p2a: Tyranitar|move: Taunt
|upkeep
|
|t:|1758258886
|switch|p1a: Tornadus|Tornadus-Therian, M|77/100
|turn|7
|
|t:|1758258888
|move|p1a: Tornadus|Knock Off|p2a: Tyranitar
|-resisted|p2a: Tyranitar
|-damage|p2a: Tyranitar|0 fnt
|faint|p2a: Tyranitar
|
|-weather|Sandstorm|[upkeep]
|-damage|p1a: Tornadus|71/100|[from] Sandstorm
|upkeep
|
|t:|1758258894
|switch|p2a: Charizard|Charizard, F|100/100
|-damage|p2a: Charizard|51/100|[from] Stealth Rock
|turn|8
|
|t:|1758258898
|move|p1a: Tornadus|Taunt|p2a: Charizard
|-start|p2a: Charizard|move: Taunt
|move|p2a: Charizard|Flare Blitz|p1a: Tornadus
|-damage|p1a: Tornadus|0 fnt
|faint|p1a: Tornadus
|-damage|p2a: Charizard|22/100|[from] Recoil
|-damage|p2a: Charizard|13/100|[from] item: Life Orb
|
|-weather|none
|upkeep
|
|t:|1758258913
|switch|p1a: Edge Lord|Zamazenta|100/100
|-ability|p1a: Edge Lord|Dauntless Shield|boost
|-boost|p1a: Edge Lord|def|1
|turn|9
|
|t:|1758258915
|move|p1a: Edge Lord|Crunch|p2a: Charizard
|-damage|p2a: Charizard|0 fnt
|faint|p2a: Charizard
|-damage|p1a: Edge Lord|91/100|[from] item: Life Orb
|
|upkeep
|
|t:|1758258920
|switch|p2a: Garchomp|Garchomp, M|100/100
|-damage|p2a: Garchomp|94/100|[from] Stealth Rock
|turn|10
|
|t:|1758258924
|move|p1a: Edge Lord|Ice Fang|p2a: Garchomp
|-supereffective|p2a: Garchomp
|-damage|p2a: Garchomp|0 fnt
|-damage|p1a: Edge Lord|78/100|[from] ability: Rough Skin|[of] p2a: Garchomp
|-damage|p1a: Edge Lord|62/100|[from] item: Rocky Helmet|[of] p2a: Garchomp
|faint|p2a: Garchomp
|-damage|p1a: Edge Lord|52/100|[from] item: Life Orb
|
|upkeep
|
|t:|1758258926
|switch|p2a: Malamar|Malamar, F|100/100
|-damage|p2a: Malamar|88/100|[from] Stealth Rock
|turn|11
|
|t:|1758258932
|move|p1a: Edge Lord|Close Combat|p2a: Malamar
|-damage|p2a: Malamar|9/100
|-unboost|p1a: Edge Lord|def|1
|-unboost|p1a: Edge Lord|spd|1
|-enditem|p2a: Malamar|Aguav Berry|[eat]
|-heal|p2a: Malamar|42/100|[from] item: Aguav Berry
|-damage|p1a: Edge Lord|42/100|[from] item: Life Orb
|move|p2a: Malamar|Psycho Cut|p1a: Edge Lord
|-supereffective|p1a: Edge Lord
|-damage|p1a: Edge Lord|0 fnt
|faint|p1a: Edge Lord
|
|upkeep
|
|t:|1758258937
|switch|p1a: Ogerpon|Ogerpon-Wellspring, F|100/100
|turn|12
|
|t:|1758258946
|move|p1a: Ogerpon|Play Rough|p2a: Malamar
|-supereffective|p2a: Malamar
|-damage|p2a: Malamar|0 fnt
|faint|p2a: Malamar
|
|upkeep
|
|t:|1758258948
|switch|p2a: Hydreigon|Hydreigon, M|100/100
|-damage|p2a: Hydreigon|88/100|[from] Stealth Rock
|turn|13
|
|t:|1758258952
|move|p1a: Ogerpon|Play Rough|p2a: Hydreigon
|-supereffective|p2a: Hydreigon
|-damage|p2a: Hydreigon|0 fnt
|faint|p2a: Hydreigon
|
|win|Firmhold3
|raw|Firmhold3's rating: 1104 &rarr; <strong>1130</strong><br />(+26 for winning)
|raw|jsuududd's rating: 1111 &rarr; <strong>1085</strong><br />(-26 for losing)
|l|☆jsuududd
|player|p2|
