|j|☆dadadadaxiji
|j|☆chedeqing
|t:|1758272824
|gametype|singles
|player|p1|dadadadaxiji|dawn|1528
|player|p2|chedeqing|firebreather|1513
|gen|9
|tier|[Gen 9] OU
|rated|
|rule|HP Percentage Mod: HP is shown in percentages
|rule|Endless Battle Clause: Forcing endless battles is banned
|rule|Species Clause: Limit one of each Pokémon
|rule|OHKO Clause: OHKO moves are banned
|rule|Evasion Items Clause: Evasion items are banned
|rule|Evasion Moves Clause: Evasion moves are banned
|rule|Evasion Abilities Clause: Evasion abilities are banned
|rule|Sleep Moves Clause: Sleep-inducing moves are banned
|clearpoke
|poke|p1|Zamazenta-*|
|poke|p1|Iron Valiant|
|poke|p1|Great Tusk|
|poke|p1|Blaziken, M|
|poke|p1|Keldeo-Resolute|
|poke|p1|Zapdos-Galar|
|poke|p2|Torkoal, F|
|poke|p2|Great Tusk|
|poke|p2|Walking Wake|
|poke|p2|Ditto|
|poke|p2|Alomomola, M|
|poke|p2|Ceruledge, M|
|teampreview
|inactive|Battle timer is ON: inactive players will automatically lose when time's up. (requested by dadadadaxiji)
|
|t:|1758272846
|teamsize|p1|6
|teamsize|p2|6
|start
|switch|p1a: Great Tusk|Great Tusk|100/100
|switch|p2a: Walking Wake|Walking Wake|100/100
|turn|1
|
|t:|1758272855
|-end|p1a: Great Tusk|Protosynthesis|[silent]
|switch|p1a: Iron Valiant|Iron Valiant|100/100
|-enditem|p1a: Iron Valiant|Booster Energy
|-activate|p1a: Iron Valiant|ability: Quark Drive|[fromitem]
|-start|p1a: Iron Valiant|quarkdrivespe
|move|p2a: Walking Wake|Hydro Steam|p1a: Iron Valiant
|-damage|p1a: Iron Valiant|0 fnt
|faint|p1a: Iron Valiant
|-end|p1a: Iron Valiant|Quark Drive|[silent]
|
|upkeep
|
|t:|1758272865
|switch|p1a: Keldeo|Keldeo-Resolute|100/100
|turn|2
|
|t:|1758272873
|-end|p2a: Walking Wake|Protosynthesis|[silent]
|switch|p2a: Alomomola|Alomomola, M|100/100
|move|p1a: Keldeo|Secret Sword|p2a: Alomomola
|-damage|p2a: Alomomola|43/100
|
|upkeep
|turn|3
|
|t:|1758272882
|switch|p2a: Torkoal|Torkoal, F, shiny|100/100
|-weather|SunnyDay|[from] ability: Drought|[of] p2a: Torkoal
|move|p1a: Keldeo|Secret Sword|p2a: Torkoal
|-damage|p2a: Torkoal|60/100
|
|-weather|SunnyDay|[upkeep]
|upkeep
|turn|4
|
|t:|1758272896
|move|p1a: Keldeo|Secret Sword|p2a: Torkoal
|-damage|p2a: Torkoal|19/100
|move|p2a: Torkoal|Stealth Rock|p1a: Keldeo
|-sidestart|p1: dadadadaxiji|move: Stealth Rock
|
|-weather|SunnyDay|[upkeep]
|upkeep
|turn|5
|
|t:|1758272902
|switch|p1a: Great Tusk|Great Tusk|100/100
|-activate|p1a: Great Tusk|ability: Protosynthesis
|-start|p1a: Great Tusk|protosynthesisatk
|switch|p2a: Ceruledge|Ceruledge, M|100/100
|
|-weather|SunnyDay|[upkeep]
|upkeep
|turn|6
|
|t:|1758272917
|move|p1a: Great Tusk|Stealth Rock|p2a: Ceruledge
|-sidestart|p2: chedeqing|move: Stealth Rock
|move|p2a: Ceruledge|Bitter Blade|p1a: Great Tusk
|-damage|p1a: Great Tusk|54/100
|
|-weather|SunnyDay|[upkeep]
|upkeep
|turn|7
|
|t:|1758272924
|move|p1a: Great Tusk|Headlong Rush|p2a: Ceruledge
|-supereffective|p2a: Ceruledge
|-enditem|p2a: Ceruledge|Focus Sash
|-damage|p2a: Ceruledge|1/100
|-unboost|p1a: Great Tusk|def|1
|-unboost|p1a: Great Tusk|spd|1
|-ability|p2a: Ceruledge|Weak Armor|boost
|-unboost|p2a: Ceruledge|def|1
|-boost|p2a: Ceruledge|spe|2
|move|p2a: Ceruledge|Bitter Blade|p1a: Great Tusk
|-damage|p1a: Great Tusk|0 fnt
|-heal|p2a: Ceruledge|36/100|[from] drain|[of] p1a: Great Tusk
|faint|p1a: Great Tusk
|-end|p1a: Great Tusk|Protosynthesis|[silent]
|
|-weather|SunnyDay|[upkeep]
|upkeep
|
|t:|1758272934
|switch|p1a: Zamazenta|Zamazenta|100/100
|-damage|p1a: Zamazenta|94/100|[from] Stealth Rock
|-ability|p1a: Zamazenta|Dauntless Shield|boost
|-boost|p1a: Zamazenta|def|1
|turn|8
|
|t:|1758272949
|-terastallize|p1a: Zamazenta|Fire
|move|p2a: Ceruledge|Bitter Blade|p1a: Zamazenta
|-resisted|p1a: Zamazenta
|-damage|p1a: Zamazenta|75/100
|-heal|p2a: Ceruledge|49/100|[from] drain|[of] p1a: Zamazenta
|move|p1a: Zamazenta|Iron Defense|p1a: Zamazenta
|-boost|p1a: Zamazenta|def|2
|
|-weather|SunnyDay|[upkeep]
|-heal|p1a: Zamazenta|81/100|[from] item: Leftovers
|upkeep
|turn|9
|
|t:|1758272959
|move|p2a: Ceruledge|Bitter Blade|p1a: Zamazenta
|-resisted|p1a: Zamazenta
|-damage|p1a: Zamazenta|72/100
|-heal|p2a: Ceruledge|55/100|[from] drain|[of] p1a: Zamazenta
|move|p1a: Zamazenta|Iron Defense|p1a: Zamazenta
|-boost|p1a: Zamazenta|def|2
|
|-weather|SunnyDay|[upkeep]
|-heal|p1a: Zamazenta|78/100|[from] item: Leftovers
|upkeep
|turn|10
|
|t:|1758272969
|move|p2a: Ceruledge|Close Combat|p1a: Zamazenta
|-damage|p1a: Zamazenta|68/100
|-unboost|p2a: Ceruledge|def|1
|-unboost|p2a: Ceruledge|spd|1
|move|p1a: Zamazenta|Iron Defense|p1a: Zamazenta
|-boost|p1a: Zamazenta|def|1
|
|-weather|none
|-heal|p1a: Zamazenta|74/100|[from] item: Leftovers
|upkeep
|turn|11
|
|t:|1758272979
|move|p2a: Ceruledge|Close Combat|p1a: Zamazenta
|-damage|p1a: Zamazenta|66/100
|-unboost|p2a: Ceruledge|def|1
|-unboost|p2a: Ceruledge|spd|1
|move|p1a: Zamazenta|Crunch|p2a: Ceruledge
|-supereffective|p2a: Ceruledge
|-damage|p2a: Ceruledge|0 fnt
|faint|p2a: Ceruledge
|
|-heal|p1a: Zamazenta|72/100|[from] item: Leftovers
|upkeep
|
|t:|1758272989
|switch|p2a: Ditto|Ditto, shiny|100/100
|-damage|p2a: Ditto|88/100|[from] Stealth Rock
|-transform|p2a: Ditto|p1a: Zamazenta|[from] ability: Imposter
|-start|p2a: Ditto|typechange|Fighting|[silent]
|turn|12
|
|t:|1758272998
|move|p2a: Ditto|Body Press|p1a: Zamazenta
|-damage|p1a: Zamazenta|46/100
|move|p1a: Zamazenta|Body Press|p2a: Ditto
|-damage|p2a: Ditto|58/100
|
|-heal|p1a: Zamazenta|52/100|[from] item: Leftovers
|upkeep
|turn|13
|inactive|chedeqing has 120 seconds left.
|
|t:|1758273044
|-terastallize|p2a: Ditto|Fairy
|move|p2a: Ditto|Body Press|p1a: Zamazenta
|-damage|p1a: Zamazenta|28/100
|move|p1a: Zamazenta|Body Press|p2a: Ditto
|-resisted|p2a: Ditto
|-damage|p2a: Ditto|44/100
|
|-heal|p1a: Zamazenta|34/100|[from] item: Leftovers
|upkeep
|turn|14
|
|t:|1758273061
|move|p2a: Ditto|Body Press|p1a: Zamazenta
|-damage|p1a: Zamazenta|10/100
|move|p1a: Zamazenta|Roar|p2a: Ditto
|drag|p2a: Torkoal|Torkoal, F, shiny|19/100
|-damage|p2a: Torkoal|0 fnt|[from] Stealth Rock
|faint|p2a: Torkoal
|
|-heal|p1a: Zamazenta|16/100|[from] item: Leftovers
|upkeep
|
|t:|1758273072
|switch|p2a: Ditto|Ditto, shiny, tera:Fairy|44/100
|-damage|p2a: Ditto|31/100|[from] Stealth Rock
|-transform|p2a: Ditto|p1a: Zamazenta|[from] ability: Imposter
|turn|15
|
|t:|1758273088
|move|p2a: Ditto|Body Press|p1a: Zamazenta
|-damage|p1a: Zamazenta|0 fnt
|faint|p1a: Zamazenta
|
|upkeep
|
|t:|1758273095
|switch|p1a: Zapdos|Zapdos-Galar|100/100
|-damage|p1a: Zapdos|88/100|[from] Stealth Rock
|turn|16
|
|t:|1758273100
|move|p2a: Ditto|Body Press|p1a: Zapdos
|-resisted|p1a: Zapdos
|-damage|p1a: Zapdos|17/100
|move|p1a: Zapdos|Brave Bird|p2a: Ditto
|-crit|p2a: Ditto
|-damage|p2a: Ditto|0 fnt
|faint|p2a: Ditto
|-damage|p1a: Zapdos|7/100|[from] Recoil
|
|upkeep
|inactive|chedeqing has 120 seconds left.
|
|t:|1758273115
|switch|p2a: Alomomola|Alomomola, M|77/100
|turn|17
|
|t:|1758273118
|move|p1a: Zapdos|Brave Bird|p2a: Alomomola
|-damage|p2a: Alomomola|32/100
|-damage|p1a: Zapdos|0 fnt|[from] Recoil
|faint|p1a: Zapdos
|move|p2a: Alomomola|Flip Turn|p1: Zapdos|[notarget]
|-fail|p2a: Alomomola
|
|upkeep
|
|t:|1758273123
|switch|p1a: Blaziken|Blaziken, M|100/100
|-damage|p1a: Blaziken|88/100|[from] Stealth Rock
|turn|18
|
|t:|1758273129
|move|p1a: Blaziken|Swords Dance|p1a: Blaziken
|-boost|p1a: Blaziken|atk|2
|move|p2a: Alomomola|Wish|p2a: Alomomola
|
|-ability|p1a: Blaziken|Speed Boost|boost
|-boost|p1a: Blaziken|spe|1
|upkeep
|turn|19
|
|t:|1758273141
|move|p1a: Blaziken|Swords Dance|p1a: Blaziken
|-boost|p1a: Blaziken|atk|2
|move|p2a: Alomomola|Flip Turn|p1a: Blaziken
|-supereffective|p1a: Blaziken
|-damage|p1a: Blaziken|34/100
|
|t:|1758273148
|switch|p2a: Great Tusk|Great Tusk|100/100|[from] Flip Turn
|-damage|p2a: Great Tusk|98/100|[from] Stealth Rock
|
|-heal|p2a: Great Tusk|100/100|[from] move: Wish|[wisher] Alomomola
|-ability|p1a: Blaziken|Speed Boost|boost
|-boost|p1a: Blaziken|spe|1
|upkeep
|turn|20
|
|t:|1758273162
|move|p1a: Blaziken|Close Combat|p2a: Great Tusk
|-damage|p2a: Great Tusk|0 fnt
|-unboost|p1a: Blaziken|def|1
|-unboost|p1a: Blaziken|spd|1
|faint|p2a: Great Tusk
|-end|p2a: Great Tusk|Protosynthesis|[silent]
|
|-ability|p1a: Blaziken|Speed Boost|boost
|-boost|p1a: Blaziken|spe|1
|upkeep
|
|t:|1758273176
|switch|p2a: Alomomola|Alomomola, M|65/100
|turn|21
|
|t:|1758273180
|move|p1a: Blaziken|Close Combat|p2a: Alomomola
|-damage|p2a: Alomomola|0 fnt
|-unboost|p1a: Blaziken|def|1
|-unboost|p1a: Blaziken|spd|1
|faint|p2a: Alomomola
|
|-ability|p1a: Blaziken|Speed Boost|boost
|-boost|p1a: Blaziken|spe|1
|upkeep
|c|☆dadadadaxiji|gg
|-message|chedeqing forfeited.
|
|win|dadadadaxiji
|raw|dadadadaxiji's rating: 1528 &rarr; <strong>1547</strong><br />(+19 for winning)
|raw|chedeqing's rating: 1513 &rarr; <strong>1494</strong><br />(-19 for losing)
|l|☆chedeqing
|player|p2|
|l|☆dadadadaxiji
|player|p1|
