|j|☆logicalduzk
|j|☆Zakdia
|t:|1758373427
|gametype|singles
|player|p1|logicalduzk|veteran|1095
|player|p2|Zakdia|1|1103
|gen|9
|tier|[Gen 9] OU
|rated|
|rule|HP Percentage Mod: HP is shown in percentages
|rule|Endless Battle Clause: Forcing endless battles is banned
|rule|Species Clause: Limit one of each Pokémon
|rule|OHKO Clause: OHKO moves are banned
|rule|Evasion Items Clause: Evasion items are banned
|rule|Evasion Moves Clause: Evasion moves are banned
|rule|Evasion Abilities Clause: Evasion abilities are banned
|rule|Sleep Moves Clause: Sleep-inducing moves are banned
|clearpoke
|poke|p1|Mimikyu, M|
|poke|p1|Skarmory, F|
|poke|p1|Cresselia, F|
|poke|p1|Rhyperior, F|
|poke|p1|Morpeko, F|
|poke|p1|Manaphy|
|poke|p2|Cinderace, F|
|poke|p2|Dragapult, F|
|poke|p2|Kingambit, F|
|poke|p2|Serperior, M|
|poke|p2|Ribombee, F|
|poke|p2|Mimikyu, M|
|teampreview
|
|t:|1758373448
|teamsize|p1|6
|teamsize|p2|6
|start
|switch|p1a: Cresselia|Cresselia, F|100/100
|switch|p2a: Ribombee|Ribombee, F|100/100
|turn|1
|
|t:|1758373457
|move|p2a: Ribombee|Sticky Web|p1a: Cresselia
|-sidestart|p1: logicalduzk|move: Sticky Web
|move|p1a: Cresselia|Light Screen|p1a: Cresselia
|-sidestart|p1: logicalduzk|move: Light Screen
|
|upkeep
|turn|2
|
|t:|1758373463
|move|p2a: Ribombee|Stun Spore|p1a: Cresselia
|-status|p1a: Cresselia|par
|move|p1a: Cresselia|Reflect|p1a: Cresselia
|-sidestart|p1: logicalduzk|Reflect
|
|upkeep
|turn|3
|
|t:|1758373469
|switch|p1a: Morpeko|Morpeko, F|100/100
|move|p2a: Ribombee|Moonblast|p1a: Morpeko
|-supereffective|p1a: Morpeko
|-damage|p1a: Morpeko|23/100
|
|-formechange|p1a: Morpeko|Morpeko-Hangry||[from] ability: Hunger Switch
|upkeep
|turn|4
|
|t:|1758373477
|move|p1a: Morpeko|Fake Out|p2a: Ribombee
|-damage|p2a: Ribombee|76/100
|move|p2a: Ribombee|Moonblast|p1a: Morpeko
|-supereffective|p1a: Morpeko
|-damage|p1a: Morpeko|0 fnt
|faint|p1a: Morpeko
|
|upkeep
|
|t:|1758373489
|switch|p1a: Rhyperior|Rhyperior, F|100/100
|-activate|p1a: Rhyperior|move: Sticky Web
|-unboost|p1a: Rhyperior|spe|1
|turn|5
|
|t:|1758373496
|move|p2a: Ribombee|Moonblast|p1a: Rhyperior
|-damage|p1a: Rhyperior|71/100
|move|p1a: Rhyperior|Rock Polish|p1a: Rhyperior
|-boost|p1a: Rhyperior|spe|2
|
|upkeep
|turn|6
|
|t:|1758373503
|move|p2a: Ribombee|Stun Spore|p1a: Rhyperior
|-status|p1a: Rhyperior|par
|move|p1a: Rhyperior|Rock Polish|p1a: Rhyperior
|-boost|p1a: Rhyperior|spe|2
|
|upkeep
|turn|7
|
|t:|1758373509
|move|p2a: Ribombee|Moonblast|p1a: Rhyperior
|-damage|p1a: Rhyperior|42/100 par
|move|p1a: Rhyperior|Rock Polish|p1a: Rhyperior
|-boost|p1a: Rhyperior|spe|2
|
|upkeep
|turn|8
|
|t:|1758373515
|move|p2a: Ribombee|Moonblast|p1a: Rhyperior
|-damage|p1a: Rhyperior|15/100 par
|move|p1a: Rhyperior|Stone Edge|p2a: Ribombee
|-supereffective|p2a: Ribombee
|-crit|p2a: Ribombee
|-damage|p2a: Ribombee|0 fnt
|faint|p2a: Ribombee
|
|-sideend|p1: logicalduzk|move: Light Screen
|upkeep
|
|t:|1758373526
|switch|p2a: Mimikyu|Mimikyu, M|100/100
|turn|9
|
|t:|1758373531
|move|p1a: Rhyperior|Stone Edge|p2a: Mimikyu
|-activate|p2a: Mimikyu|ability: Disguise
|-damage|p2a: Mimikyu|100/100
|detailschange|p2a: Mimikyu|Mimikyu-Busted, M
|-damage|p2a: Mimikyu|88/100|[from] pokemon: Mimikyu-Busted
|-enditem|p2a: Mimikyu|Red Card|[of] p1a: Rhyperior
|drag|p1a: Skarmory|Skarmory, F|100/100
|move|p2a: Mimikyu|Play Rough|p1a: Skarmory|[miss]
|-miss|p2a: Mimikyu|p1a: Skarmory
|
|-sideend|p1: logicalduzk|Reflect
|upkeep
|turn|10
|j| Jinghan Yu
|l| Jinghan Yu
|
|t:|1758373542
|move|p2a: Mimikyu|Will-O-Wisp|p1a: Skarmory
|-status|p1a: Skarmory|brn
|move|p1a: Skarmory|Iron Defense|p1a: Skarmory
|-boost|p1a: Skarmory|def|2
|
|-damage|p1a: Skarmory|94/100 brn|[from] brn
|upkeep
|turn|11
|
|t:|1758373559
|switch|p2a: Dragapult|Dragapult, F|100/100
|move|p1a: Skarmory|Iron Defense|p1a: Skarmory
|-boost|p1a: Skarmory|def|2
|
|-heal|p1a: Skarmory|100/100 brn|[from] item: Leftovers
|-damage|p1a: Skarmory|94/100 brn|[from] brn
|upkeep
|turn|12
|
|t:|1758373566
|move|p2a: Dragapult|Thunderbolt|p1a: Skarmory
|-supereffective|p1a: Skarmory
|-damage|p1a: Skarmory|26/100 brn
|-damage|p2a: Dragapult|91/100|[from] item: Life Orb
|move|p1a: Skarmory|Brave Bird|p2a: Dragapult
|-damage|p2a: Dragapult|66/100
|-damage|p1a: Skarmory|19/100 brn|[from] Recoil
|
|-heal|p1a: Skarmory|25/100 brn|[from] item: Leftovers
|-damage|p1a: Skarmory|19/100 brn|[from] brn
|upkeep
|turn|13
|
|t:|1758373582
|move|p2a: Dragapult|Hydro Pump|p1a: Skarmory
|-damage|p1a: Skarmory|0 fnt
|faint|p1a: Skarmory
|-damage|p2a: Dragapult|57/100|[from] item: Life Orb
|
|upkeep
|
|t:|1758373590
|switch|p1a: Cresselia|Cresselia, F|100/100 par
|turn|14
|
|t:|1758373601
|move|p2a: Dragapult|Thunderbolt|p1a: Cresselia
|-damage|p1a: Cresselia|82/100 par
|-damage|p2a: Dragapult|47/100|[from] item: Life Orb
|move|p1a: Cresselia|Light Screen|p1a: Cresselia
|-sidestart|p1: logicalduzk|move: Light Screen
|
|upkeep
|turn|15
|
|t:|1758373611
|switch|p2a: Serperior|Serperior, M|100/100
|cant|p1a: Cresselia|par
|
|upkeep
|turn|16
|
|t:|1758373617
|move|p2a: Serperior|Leaf Storm|p1a: Cresselia
|-damage|p1a: Cresselia|69/100 par
|-boost|p2a: Serperior|spa|2
|move|p1a: Cresselia|Lunar Dance|p1a: Cresselia
|faint|p1a: Cresselia
|
|upkeep
|
|t:|1758373627
|switch|p1a: Rhyperior|Rhyperior, F|15/100 par
|-heal|p1a: Rhyperior|100/100|[from] move: Lunar Dance
|-activate|p1a: Rhyperior|move: Sticky Web
|-unboost|p1a: Rhyperior|spe|1
|turn|17
|
|t:|1758373633
|move|p2a: Serperior|Leaf Storm|p1a: Rhyperior
|-supereffective|p1a: Rhyperior
|-damage|p1a: Rhyperior|0 fnt
|-boost|p2a: Serperior|spa|2
|faint|p1a: Rhyperior
|
|upkeep
|
|t:|1758373639
|switch|p1a: Mimikyu|Mimikyu, M|100/100
|-activate|p1a: Mimikyu|move: Sticky Web
|-unboost|p1a: Mimikyu|spe|1
|turn|18
|
|t:|1758373642
|move|p2a: Serperior|Leaf Storm|p1a: Mimikyu
|-activate|p1a: Mimikyu|ability: Disguise
|-damage|p1a: Mimikyu|100/100
|-boost|p2a: Serperior|spa|2
|detailschange|p1a: Mimikyu|Mimikyu-Busted, M
|-damage|p1a: Mimikyu|88/100|[from] pokemon: Mimikyu-Busted
|move|p1a: Mimikyu|Swords Dance|p1a: Mimikyu
|-boost|p1a: Mimikyu|atk|2
|
|upkeep
|turn|19
|
|t:|1758373652
|-terastallize|p1a: Mimikyu|Ghost
|move|p1a: Mimikyu|Shadow Sneak|p2a: Serperior
|-damage|p2a: Serperior|34/100
|-damage|p1a: Mimikyu|78/100|[from] item: Life Orb
|move|p2a: Serperior|Leaf Storm|p1a: Mimikyu|[miss]
|-miss|p2a: Serperior|p1a: Mimikyu
|
|-heal|p2a: Serperior|40/100|[from] item: Leftovers
|upkeep
|turn|20
|
|t:|1758373686
|move|p1a: Mimikyu|Shadow Sneak|p2a: Serperior
|-damage|p2a: Serperior|0 fnt
|faint|p2a: Serperior
|-damage|p1a: Mimikyu|68/100|[from] item: Life Orb
|
|upkeep
|
|t:|1758373695
|switch|p2a: Kingambit|Kingambit, F|100/100
|turn|21
|
|t:|1758373705
|move|p1a: Mimikyu|Drain Punch|p2a: Kingambit
|-supereffective|p2a: Kingambit
|-damage|p2a: Kingambit|0 fnt
|-heal|p1a: Mimikyu|100/100|[from] drain|[of] p2a: Kingambit
|faint|p2a: Kingambit
|-damage|p1a: Mimikyu|91/100|[from] item: Life Orb
|
|-sideend|p1: logicalduzk|move: Light Screen
|upkeep
|
|t:|1758373724
|switch|p2a: Mimikyu|Mimikyu-Busted, M|88/100
|turn|22
|
|t:|1758373727
|move|p1a: Mimikyu|Shadow Sneak|p2a: Mimikyu
|-supereffective|p2a: Mimikyu
|-damage|p2a: Mimikyu|0 fnt
|faint|p2a: Mimikyu
|-damage|p1a: Mimikyu|81/100|[from] item: Life Orb
|
|upkeep
|
|t:|1758373738
|switch|p2a: Cinderace|Cinderace, F|100/100
|turn|23
|
|t:|1758373744
|move|p1a: Mimikyu|Shadow Sneak|p2a: Cinderace
|-damage|p2a: Cinderace|21/100
|-damage|p1a: Mimikyu|71/100|[from] item: Life Orb
|move|p2a: Cinderace|U-turn|p1a: Mimikyu
|-resisted|p1a: Mimikyu
|-damage|p1a: Mimikyu|53/100
|
|t:|1758373748
|switch|p2a: Dragapult|Dragapult, F|47/100|[from] U-turn
|
|upkeep
|turn|24
|
|t:|1758373755
|move|p1a: Mimikyu|Shadow Sneak|p2a: Dragapult
|-supereffective|p2a: Dragapult
|-damage|p2a: Dragapult|0 fnt
|faint|p2a: Dragapult
|-damage|p1a: Mimikyu|43/100|[from] item: Life Orb
|
|upkeep
|
|t:|1758373757
|switch|p2a: Cinderace|Cinderace, F|21/100
|turn|25
|
|t:|1758373763
|move|p1a: Mimikyu|Shadow Sneak|p2a: Cinderace
|-damage|p2a: Cinderace|0 fnt
|faint|p2a: Cinderace
|-damage|p1a: Mimikyu|33/100|[from] item: Life Orb
|
|win|logicalduzk
|raw|logicalduzk's rating: 1095 &rarr; <strong>1121</strong><br />(+26 for winning)
|raw|Zakdia's rating: 1103 &rarr; <strong>1077</strong><br />(-26 for losing)
|l|☆Zakdia
|player|p2|
|l|☆logicalduzk
|player|p1|
