|j|☆YeatLover267
|j|☆thekairou
|t:|1758246791
|gametype|singles
|player|p1|YeatLover267|backersf|1371
|player|p2|thekairou|silver|1368
|gen|9
|tier|[Gen 9] OU
|rated|
|rule|HP Percentage Mod: HP is shown in percentages
|rule|Endless Battle Clause: Forcing endless battles is banned
|rule|Species Clause: Limit one of each Pokémon
|rule|OHKO Clause: OHKO moves are banned
|rule|Evasion Items Clause: Evasion items are banned
|rule|Evasion Moves Clause: Evasion moves are banned
|rule|Evasion Abilities Clause: Evasion abilities are banned
|rule|Sleep Moves Clause: Sleep-inducing moves are banned
|clearpoke
|poke|p1|Lycanroc-Dusk, M|
|poke|p1|Great Tusk|
|poke|p1|Darkrai|
|poke|p1|Rotom-Wash|
|poke|p1|Blissey, F|
|poke|p1|Ceruledge, M|
|poke|p2|Raging Bolt|
|poke|p2|Kingambit, M|
|poke|p2|Great Tusk|
|poke|p2|Garganacl, M|
|poke|p2|Thundurus, M|
|poke|p2|Iron Valiant|
|teampreview
|inactive|Battle timer is ON: inactive players will automatically lose when time's up. (requested by YeatLover267)
|inactive|YeatLover267 has 120 seconds left.
|
|t:|1758246838
|teamsize|p1|6
|teamsize|p2|6
|start
|switch|p1a: Rotom|Rotom-Wash|100/100
|switch|p2a: Iron Valiant|Iron Valiant|100/100
|-enditem|p2a: Iron Valiant|Booster Energy
|-activate|p2a: Iron Valiant|ability: Quark Drive|[fromitem]
|-start|p2a: Iron Valiant|quarkdrivespe
|turn|1
|
|t:|1758246858
|-end|p2a: Iron Valiant|Quark Drive|[silent]
|switch|p2a: Smoker|Thundurus, M|100/100
|move|p1a: Rotom|Hydro Pump|p2a: Smoker
|-damage|p2a: Smoker|26/100
|
|upkeep
|turn|2
|
|t:|1758246869
|move|p2a: Smoker|Thunderbolt|p1a: Rotom
|-damage|p1a: Rotom|44/100
|move|p1a: Rotom|Volt Switch|p2a: Smoker
|-damage|p2a: Smoker|0 fnt
|faint|p2a: Smoker
|
|t:|1758246883
|switch|p1a: Darkrai|Darkrai|100/100|[from] Volt Switch
|
|upkeep
|
|t:|1758246893
|switch|p2a: Iron Valiant|Iron Valiant|100/100
|turn|3
|
|t:|1758246902
|switch|p1a: Rotom|Rotom-Wash|44/100
|move|p2a: Iron Valiant|Close Combat|p1a: Rotom
|-damage|p1a: Rotom|0 fnt
|-unboost|p2a: Iron Valiant|def|1
|-unboost|p2a: Iron Valiant|spd|1
|faint|p1a: Rotom
|
|upkeep
|
|t:|1758246906
|switch|p1a: Ceruledge|Ceruledge, M|100/100
|turn|4
|
|t:|1758246914
|move|p2a: Iron Valiant|Psyshock|p1a: Ceruledge
|-damage|p1a: Ceruledge|64/100
|move|p1a: Ceruledge|Bitter Blade|p2a: Iron Valiant
|-damage|p2a: Iron Valiant|18/100
|-heal|p1a: Ceruledge|100/100|[from] drain|[of] p2a: Iron Valiant
|
|upkeep
|turn|5
|
|t:|1758246920
|-end|p2a: Iron Valiant|Quark Drive|[silent]
|switch|p2a: Garganacl|Garganacl, M, shiny|100/100
|move|p1a: Ceruledge|Bitter Blade|p2a: Garganacl
|-resisted|p2a: Garganacl
|-damage|p2a: Garganacl|89/100
|
|-heal|p2a: Garganacl|96/100|[from] item: Leftovers
|upkeep
|turn|6
|
|t:|1758246925
|switch|p1a: Great Tusk|Great Tusk|100/100
|move|p2a: Garganacl|Salt Cure|p1a: Great Tusk
|-resisted|p1a: Great Tusk
|-damage|p1a: Great Tusk|99/100
|-start|p1a: Great Tusk|Salt Cure
|
|-heal|p1a: Great Tusk|100/100|[from] item: Leftovers
|-heal|p2a: Garganacl|100/100|[from] item: Leftovers
|-damage|p1a: Great Tusk|88/100|[from] Salt Cure
|upkeep
|turn|7
|
|t:|1758246930
|move|p1a: Great Tusk|Stealth Rock|p2a: Garganacl
|-sidestart|p2: thekairou|move: Stealth Rock
|move|p2a: Garganacl|Curse|p2a: Garganacl
|-unboost|p2a: Garganacl|spe|1
|-boost|p2a: Garganacl|atk|1
|-boost|p2a: Garganacl|def|1
|
|-heal|p1a: Great Tusk|94/100|[from] item: Leftovers
|-damage|p1a: Great Tusk|82/100|[from] Salt Cure
|upkeep
|turn|8
|
|t:|1758246936
|move|p1a: Great Tusk|Body Press|p2a: Garganacl
|-supereffective|p2a: Garganacl
|-crit|p2a: Garganacl
|-damage|p2a: Garganacl|20/100
|move|p2a: Garganacl|Curse|p2a: Garganacl
|-unboost|p2a: Garganacl|spe|1
|-boost|p2a: Garganacl|atk|1
|-boost|p2a: Garganacl|def|1
|
|-heal|p1a: Great Tusk|88/100|[from] item: Leftovers
|-heal|p2a: Garganacl|26/100|[from] item: Leftovers
|-damage|p1a: Great Tusk|76/100|[from] Salt Cure
|upkeep
|turn|9
|
|t:|1758246943
|move|p2a: Garganacl|Protect|p2a: Garganacl
|-singleturn|p2a: Garganacl|Protect
|move|p1a: Great Tusk|Body Press|p2a: Garganacl
|-activate|p2a: Garganacl|move: Protect
|
|-heal|p1a: Great Tusk|82/100|[from] item: Leftovers
|-heal|p2a: Garganacl|33/100|[from] item: Leftovers
|-damage|p1a: Great Tusk|69/100|[from] Salt Cure
|upkeep
|turn|10
|
|t:|1758246946
|-terastallize|p2a: Garganacl|Flying
|move|p1a: Great Tusk|Body Press|p2a: Garganacl
|-resisted|p2a: Garganacl
|-damage|p2a: Garganacl|27/100
|move|p2a: Garganacl|Recover|p2a: Garganacl
|-heal|p2a: Garganacl|77/100
|
|-heal|p1a: Great Tusk|76/100|[from] item: Leftovers
|-heal|p2a: Garganacl|83/100|[from] item: Leftovers
|-damage|p1a: Great Tusk|63/100|[from] Salt Cure
|upkeep
|turn|11
|
|t:|1758246951
|-end|p1a: Great Tusk|Protosynthesis|[silent]
|switch|p1a: Darkrai|Darkrai|100/100
|move|p2a: Garganacl|Curse|p2a: Garganacl
|-unboost|p2a: Garganacl|spe|1
|-boost|p2a: Garganacl|atk|1
|-boost|p2a: Garganacl|def|1
|
|-heal|p2a: Garganacl|89/100|[from] item: Leftovers
|upkeep
|turn|12
|
|t:|1758246957
|move|p1a: Darkrai|Ice Beam|p2a: Garganacl
|-supereffective|p2a: Garganacl
|-damage|p2a: Garganacl|1/100
|move|p2a: Garganacl|Salt Cure|p1a: Darkrai
|-damage|p1a: Darkrai|50/100
|-start|p1a: Darkrai|Salt Cure
|
|-heal|p2a: Garganacl|8/100|[from] item: Leftovers
|-damage|p1a: Darkrai|38/100|[from] Salt Cure
|upkeep
|turn|13
|
|t:|1758246962
|switch|p1a: Blissey|Blissey, F|100/100
|move|p2a: Garganacl|Protect||[still]
|-fail|p2a: Garganacl
|
|-heal|p2a: Garganacl|14/100|[from] item: Leftovers
|upkeep
|turn|14
|
|t:|1758246965
|move|p1a: Blissey|Ice Beam|p2a: Garganacl
|-supereffective|p2a: Garganacl
|-damage|p2a: Garganacl|0 fnt
|faint|p2a: Garganacl
|
|upkeep
|
|t:|1758246969
|switch|p2a: Iron Valiant|Iron Valiant|18/100
|-damage|p2a: Iron Valiant|12/100|[from] Stealth Rock
|turn|15
|
|t:|1758246974
|switch|p1a: Ceruledge|Ceruledge, M|100/100
|move|p2a: Iron Valiant|Psyshock|p1a: Ceruledge
|-damage|p1a: Ceruledge|63/100
|
|upkeep
|turn|16
|
|t:|1758246977
|move|p2a: Iron Valiant|Psyshock|p1a: Ceruledge
|-damage|p1a: Ceruledge|28/100
|move|p1a: Ceruledge|Bitter Blade|p2a: Iron Valiant
|-damage|p2a: Iron Valiant|0 fnt
|-heal|p1a: Ceruledge|34/100|[from] drain|[of] p2a: Iron Valiant
|faint|p2a: Iron Valiant
|-end|p2a: Iron Valiant|Quark Drive|[silent]
|
|upkeep
|
|t:|1758246983
|switch|p2a: Raging Bolt|Raging Bolt|100/100
|-damage|p2a: Raging Bolt|88/100|[from] Stealth Rock
|-enditem|p2a: Raging Bolt|Booster Energy
|-activate|p2a: Raging Bolt|ability: Protosynthesis|[fromitem]
|-start|p2a: Raging Bolt|protosynthesisspa
|turn|17
|
|t:|1758246987
|move|p1a: Ceruledge|Close Combat|p2a: Raging Bolt
|-damage|p2a: Raging Bolt|53/100
|-unboost|p1a: Ceruledge|def|1
|-unboost|p1a: Ceruledge|spd|1
|move|p2a: Raging Bolt|Thunderbolt|p1a: Ceruledge
|-damage|p1a: Ceruledge|0 fnt
|faint|p1a: Ceruledge
|
|upkeep
|
|t:|1758246989
|switch|p1a: Great Tusk|Great Tusk|63/100
|turn|18
|
|t:|1758246998
|move|p1a: Great Tusk|Earthquake|p2a: Raging Bolt
|-supereffective|p2a: Raging Bolt
|-damage|p2a: Raging Bolt|0 fnt
|faint|p2a: Raging Bolt
|-end|p2a: Raging Bolt|Protosynthesis|[silent]
|
|-heal|p1a: Great Tusk|69/100|[from] item: Leftovers
|upkeep
|
|t:|1758247001
|switch|p2a: Great Tusk|Great Tusk|100/100
|turn|19
|
|t:|1758247009
|move|p2a: Great Tusk|Rapid Spin|p1a: Great Tusk
|-damage|p1a: Great Tusk|62/100
|-boost|p2a: Great Tusk|spe|1
|-sideend|p2: thekairou|Stealth Rock|[from] move: Rapid Spin|[of] p2a: Great Tusk
|move|p1a: Great Tusk|Body Press|p2a: Great Tusk
|-damage|p2a: Great Tusk|77/100
|
|-heal|p1a: Great Tusk|68/100|[from] item: Leftovers
|upkeep
|turn|20
|
|t:|1758247014
|-end|p1a: Great Tusk|Protosynthesis|[silent]
|switch|p1a: Blissey|Blissey, F|100/100
|move|p2a: Great Tusk|Ice Spinner|p1a: Blissey
|-damage|p1a: Blissey|79/100
|
|upkeep
|turn|21
|
|t:|1758247018
|-terastallize|p1a: Blissey|Bug
|move|p2a: Great Tusk|Earthquake|p1a: Blissey
|-resisted|p1a: Blissey
|-damage|p1a: Blissey|60/100
|move|p1a: Blissey|Ice Beam|p2a: Great Tusk
|-supereffective|p2a: Great Tusk
|-crit|p2a: Great Tusk
|-damage|p2a: Great Tusk|17/100
|
|upkeep
|turn|22
|
|t:|1758247029
|move|p2a: Great Tusk|Stealth Rock|p1a: Blissey
|-sidestart|p1: YeatLover267|move: Stealth Rock
|move|p1a: Blissey|Ice Beam|p2a: Great Tusk
|-supereffective|p2a: Great Tusk
|-damage|p2a: Great Tusk|0 fnt
|faint|p2a: Great Tusk
|-end|p2a: Great Tusk|Protosynthesis|[silent]
|
|upkeep
|
|t:|1758247034
|switch|p2a: Kingambit|Kingambit, M|100/100
|-activate|p2a: Kingambit|ability: Supreme Overlord
|-start|p2a: Kingambit|fallen5|[silent]
|-item|p2a: Kingambit|Air Balloon
|turn|23
|
|t:|1758247036
|switch|p1a: Darkrai|Darkrai|38/100
|-damage|p1a: Darkrai|25/100|[from] Stealth Rock
|move|p2a: Kingambit|Low Kick|p1a: Darkrai
|-supereffective|p1a: Darkrai
|-damage|p1a: Darkrai|0 fnt
|faint|p1a: Darkrai
|
|upkeep
|
|t:|1758247038
|switch|p1a: Lycanroc|Lycanroc-Dusk, M|100/100
|-damage|p1a: Lycanroc|88/100|[from] Stealth Rock
|turn|24
|
|t:|1758247042
|move|p1a: Lycanroc|Close Combat|p2a: Kingambit
|-supereffective|p2a: Kingambit
|-damage|p2a: Kingambit|0 fnt
|-unboost|p1a: Lycanroc|def|1
|-unboost|p1a: Lycanroc|spd|1
|-enditem|p2a: Kingambit|Air Balloon
|faint|p2a: Kingambit
|-end|p2a: Kingambit|fallen5|[silent]
|-damage|p1a: Lycanroc|78/100|[from] item: Life Orb
|
|win|YeatLover267
|raw|YeatLover267's rating: 1371 &rarr; <strong>1391</strong><br />(+20 for winning)
|raw|thekairou's rating: 1368 &rarr; <strong>1348</strong><br />(-20 for losing)
|l|☆YeatLover267
|player|p1|
|l|☆thekairou
|player|p2|
