|j|☆20120414x
|j|☆Infinite_2110
|t:|1758361968
|gametype|singles
|player|p1|20120414x|winona|1251
|player|p2|Infinite_2110|1|1228
|gen|9
|tier|[Gen 9] OU
|rated|
|rule|HP Percentage Mod: HP is shown in percentages
|rule|Endless Battle Clause: Forcing endless battles is banned
|rule|Species Clause: Limit one of each Pokémon
|rule|OHKO Clause: OHKO moves are banned
|rule|Evasion Items Clause: Evasion items are banned
|rule|Evasion Moves Clause: Evasion moves are banned
|rule|Evasion Abilities Clause: Evasion abilities are banned
|rule|Sleep Moves Clause: Sleep-inducing moves are banned
|clearpoke
|poke|p1|Zamazenta-*|
|poke|p1|Great Tusk|
|poke|p1|Quaquaval, F|
|poke|p1|Cobalion|
|poke|p1|Tyranitar, M|
|poke|p1|Drednaw, F|
|poke|p2|Ting-Lu|
|poke|p2|Gliscor, M|
|poke|p2|Sinistcha-Masterpiece|
|poke|p2|Keldeo|
|poke|p2|Tinkaton, F|
|poke|p2|Dragonite, M|
|teampreview
|
|t:|1758361974
|teamsize|p1|6
|teamsize|p2|6
|start
|switch|p1a: Tyranitar|Tyranitar, M|100/100
|switch|p2a: Kenting-Lumar|Ting-Lu|100/100
|-weather|Sandstorm|[from] ability: Sand Stream|[of] p1a: Tyranitar
|-ability|p2a: Kenting-Lumar|Vessel of Ruin
|turn|1
|
|t:|1758361984
|move|p1a: Tyranitar|Knock Off|p2a: Kenting-Lumar
|-resisted|p2a: Kenting-Lumar
|-damage|p2a: Kenting-Lumar|88/100
|-enditem|p2a: Kenting-Lumar|Leftovers|[from] move: Knock Off|[of] p1a: Tyranitar
|move|p2a: Kenting-Lumar|Spikes|p1a: Tyranitar
|-sidestart|p1: 20120414x|Spikes
|
|-weather|Sandstorm|[upkeep]
|upkeep
|turn|2
|
|t:|1758361996
|move|p1a: Tyranitar|Ice Beam|p2a: Kenting-Lumar
|-supereffective|p2a: Kenting-Lumar
|-damage|p2a: Kenting-Lumar|71/100
|move|p2a: Kenting-Lumar|Spikes|p1a: Tyranitar
|-sidestart|p1: 20120414x|Spikes
|
|-weather|Sandstorm|[upkeep]
|upkeep
|turn|3
|
|t:|1758362004
|switch|p1a: Great Tusk|Great Tusk|100/100
|-damage|p1a: Great Tusk|84/100|[from] Spikes
|-enditem|p1a: Great Tusk|Booster Energy
|-activate|p1a: Great Tusk|ability: Protosynthesis|[fromitem]
|-start|p1a: Great Tusk|protosynthesisatk
|move|p2a: Kenting-Lumar|Spikes|p1a: Great Tusk
|-sidestart|p1: 20120414x|Spikes
|
|-weather|Sandstorm|[upkeep]
|upkeep
|turn|4
|
|t:|1758362019
|switch|p2a: 21 Savatcha|Sinistcha-Masterpiece|100/100
|move|p1a: Great Tusk|Ice Spinner|p2a: 21 Savatcha
|-supereffective|p2a: 21 Savatcha
|-crit|p2a: 21 Savatcha
|-damage|p2a: 21 Savatcha|27/100
|
|-weather|Sandstorm|[upkeep]
|-damage|p2a: 21 Savatcha|21/100|[from] Sandstorm
|upkeep
|turn|5
|
|t:|1758362052
|switch|p2a: Keldeo & the gang|Keldeo|100/100
|move|p1a: Great Tusk|Ice Spinner|p2a: Keldeo & the gang
|-resisted|p2a: Keldeo & the gang
|-damage|p2a: Keldeo & the gang|80/100
|
|-weather|none
|upkeep
|turn|6
|
|t:|1758362067
|-terastallize|p1a: Great Tusk|Steel
|move|p2a: Keldeo & the gang|Surf|p1a: Great Tusk
|-damage|p1a: Great Tusk|17/100
|move|p1a: Great Tusk|Close Combat|p2a: Keldeo & the gang
|-damage|p2a: Keldeo & the gang|0 fnt
|-unboost|p1a: Great Tusk|def|1
|-unboost|p1a: Great Tusk|spd|1
|faint|p2a: Keldeo & the gang
|
|upkeep
|
|t:|1758362081
|switch|p2a: Drakonite|Dragonite, M|100/100
|turn|7
|
|t:|1758362090
|move|p2a: Drakonite|Extreme Speed|p1a: Great Tusk
|-resisted|p1a: Great Tusk
|-damage|p1a: Great Tusk|1/100
|move|p1a: Great Tusk|Ice Spinner|p2a: Drakonite
|-supereffective|p2a: Drakonite
|-damage|p2a: Drakonite|31/100
|
|upkeep
|turn|8
|
|t:|1758362099
|move|p2a: Drakonite|Extreme Speed|p1a: Great Tusk
|-resisted|p1a: Great Tusk
|-damage|p1a: Great Tusk|0 fnt
|faint|p1a: Great Tusk
|-end|p1a: Great Tusk|Protosynthesis|[silent]
|
|upkeep
|
|t:|1758362106
|switch|p1a: Tyranitar|Tyranitar, M|100/100
|-damage|p1a: Tyranitar|76/100|[from] Spikes
|-weather|Sandstorm|[from] ability: Sand Stream|[of] p1a: Tyranitar
|turn|9
|
|t:|1758362115
|switch|p2a: Kenting-Lumar|Ting-Lu|71/100
|-ability|p2a: Kenting-Lumar|Vessel of Ruin
|move|p1a: Tyranitar|Ice Beam|p2a: Kenting-Lumar
|-supereffective|p2a: Kenting-Lumar
|-damage|p2a: Kenting-Lumar|52/100
|
|-weather|Sandstorm|[upkeep]
|upkeep
|turn|10
|
|t:|1758362126
|move|p1a: Tyranitar|Ice Beam|p2a: Kenting-Lumar
|-supereffective|p2a: Kenting-Lumar
|-damage|p2a: Kenting-Lumar|32/100
|move|p2a: Kenting-Lumar|Ruination|p1a: Tyranitar
|-damage|p1a: Tyranitar|38/100
|
|-weather|Sandstorm|[upkeep]
|upkeep
|turn|11
|
|t:|1758362142
|switch|p2a: Lil teccaton|Tinkaton, F|100/100
|-ability|p2a: Lil teccaton|Mold Breaker
|-item|p2a: Lil teccaton|Air Balloon
|move|p1a: Tyranitar|Ice Beam|p2a: Lil teccaton
|-resisted|p2a: Lil teccaton
|-damage|p2a: Lil teccaton|91/100
|-enditem|p2a: Lil teccaton|Air Balloon
|
|-weather|Sandstorm|[upkeep]
|upkeep
|turn|12
|
|t:|1758362154
|move|p2a: Lil teccaton|Gigaton Hammer|p1a: Tyranitar
|-supereffective|p1a: Tyranitar
|-crit|p1a: Tyranitar
|-damage|p1a: Tyranitar|0 fnt
|faint|p1a: Tyranitar
|
|-weather|Sandstorm|[upkeep]
|upkeep
|
|t:|1758362162
|switch|p1a: Zamazenta|Zamazenta|100/100
|-damage|p1a: Zamazenta|76/100|[from] Spikes
|-ability|p1a: Zamazenta|Dauntless Shield|boost
|-boost|p1a: Zamazenta|def|1
|turn|13
|
|t:|1758362170
|move|p1a: Zamazenta|Iron Defense|p1a: Zamazenta
|-boost|p1a: Zamazenta|def|2
|move|p2a: Lil teccaton|Thunder Wave|p1a: Zamazenta
|-status|p1a: Zamazenta|par
|
|-weather|none
|-heal|p1a: Zamazenta|82/100 par|[from] item: Leftovers
|upkeep
|turn|14
|
|t:|1758362243
|switch|p2a: 21 Savatcha|Sinistcha-Masterpiece|21/100
|move|p1a: Zamazenta|Substitute|p1a: Zamazenta
|-start|p1a: Zamazenta|Substitute
|-damage|p1a: Zamazenta|57/100 par
|
|-heal|p1a: Zamazenta|63/100 par|[from] item: Leftovers
|upkeep
|turn|15
|
|t:|1758362255
|move|p2a: 21 Savatcha|Strength Sap||[still]
|-fail|p2a: 21 Savatcha
|cant|p1a: Zamazenta|par
|
|-heal|p1a: Zamazenta|69/100 par|[from] item: Leftovers
|upkeep
|turn|16
|
|t:|1758362264
|switch|p2a: Kenting-Lumar|Ting-Lu|32/100
|-ability|p2a: Kenting-Lumar|Vessel of Ruin
|move|p1a: Zamazenta|Heavy Slam|p2a: Kenting-Lumar
|-damage|p2a: Kenting-Lumar|26/100
|
|-heal|p1a: Zamazenta|75/100 par|[from] item: Leftovers
|upkeep
|turn|17
|
|t:|1758362283
|move|p1a: Zamazenta|Body Press|p2a: Kenting-Lumar
|-supereffective|p2a: Kenting-Lumar
|-damage|p2a: Kenting-Lumar|0 fnt
|faint|p2a: Kenting-Lumar
|
|-heal|p1a: Zamazenta|81/100 par|[from] item: Leftovers
|upkeep
|
|t:|1758362296
|switch|p2a: 21 Savatcha|Sinistcha-Masterpiece|21/100
|turn|18
|
|t:|1758362301
|move|p2a: 21 Savatcha|Matcha Gotcha|p1a: Zamazenta
|-activate|p1a: Zamazenta|move: Substitute|[damage]
|-heal|p2a: 21 Savatcha|32/100|[from] drain|[of] p1a: Zamazenta
|move|p1a: Zamazenta|Heavy Slam|p2a: 21 Savatcha
|-damage|p2a: 21 Savatcha|9/100
|
|-heal|p1a: Zamazenta|88/100 par|[from] item: Leftovers
|upkeep
|turn|19
|
|t:|1758362329
|switch|p2a: Gunniscor|Gliscor, M|100/100
|move|p1a: Zamazenta|Heavy Slam|p2a: Gunniscor
|-damage|p2a: Gunniscor|79/100
|
|-heal|p1a: Zamazenta|94/100 par|[from] item: Leftovers
|-status|p2a: Gunniscor|tox|[from] item: Toxic Orb
|upkeep
|turn|20
|
|t:|1758362340
|move|p2a: Gunniscor|Swords Dance|p2a: Gunniscor
|-boost|p2a: Gunniscor|atk|2
|move|p1a: Zamazenta|Iron Defense|p1a: Zamazenta
|-boost|p1a: Zamazenta|def|2
|
|-heal|p1a: Zamazenta|99/100 par|[from] item: Leftovers
|-heal|p2a: Gunniscor|91/100 tox|[from] ability: Poison Heal
|upkeep
|turn|21
|
|t:|1758362353
|move|p2a: Gunniscor|Facade|p1a: Zamazenta
|-end|p1a: Zamazenta|Substitute
|cant|p1a: Zamazenta|par
|
|-heal|p1a: Zamazenta|100/100 par|[from] item: Leftovers
|-heal|p2a: Gunniscor|100/100 tox|[from] ability: Poison Heal
|upkeep
|turn|22
|
|t:|1758362363
|move|p2a: Gunniscor|Swords Dance|p2a: Gunniscor
|-boost|p2a: Gunniscor|atk|2
|cant|p1a: Zamazenta|par
|
|upkeep
|turn|23
|
|t:|1758362370
|move|p2a: Gunniscor|Facade|p1a: Zamazenta
|-damage|p1a: Zamazenta|83/100 par
|cant|p1a: Zamazenta|par
|
|-heal|p1a: Zamazenta|89/100 par|[from] item: Leftovers
|upkeep
|turn|24
|
|t:|1758362380
|move|p2a: Gunniscor|Facade|p1a: Zamazenta
|-damage|p1a: Zamazenta|72/100 par
|move|p1a: Zamazenta|Iron Defense|p1a: Zamazenta
|-boost|p1a: Zamazenta|def|1
|
|-heal|p1a: Zamazenta|78/100 par|[from] item: Leftovers
|upkeep
|turn|25
|
|t:|1758362392
|move|p2a: Gunniscor|Protect|p2a: Gunniscor
|-singleturn|p2a: Gunniscor|Protect
|cant|p1a: Zamazenta|par
|
|-heal|p1a: Zamazenta|84/100 par|[from] item: Leftovers
|upkeep
|turn|26
|
|t:|1758362401
|move|p2a: Gunniscor|Facade|p1a: Zamazenta
|-damage|p1a: Zamazenta|67/100 par
|move|p1a: Zamazenta|Body Press|p2a: Gunniscor
|-resisted|p2a: Gunniscor
|-damage|p2a: Gunniscor|37/100 tox
|
|-heal|p1a: Zamazenta|73/100 par|[from] item: Leftovers
|-heal|p2a: Gunniscor|49/100 tox|[from] ability: Poison Heal
|upkeep
|turn|27
|
|t:|1758362415
|switch|p2a: 21 Savatcha|Sinistcha-Masterpiece|9/100
|move|p1a: Zamazenta|Substitute|p1a: Zamazenta
|-start|p1a: Zamazenta|Substitute
|-damage|p1a: Zamazenta|48/100 par
|
|-heal|p1a: Zamazenta|54/100 par|[from] item: Leftovers
|upkeep
|turn|28
|
|t:|1758362430
|switch|p2a: Lil teccaton|Tinkaton, F|91/100
|-ability|p2a: Lil teccaton|Mold Breaker
|move|p1a: Zamazenta|Heavy Slam|p2a: Lil teccaton
|-damage|p2a: Lil teccaton|80/100
|
|-heal|p1a: Zamazenta|61/100 par|[from] item: Leftovers
|upkeep
|turn|29
|
|t:|1758362442
|move|p2a: Lil teccaton|Encore|p1a: Zamazenta
|-start|p1a: Zamazenta|Encore
|move|p1a: Zamazenta|Heavy Slam|p2a: Lil teccaton
|-damage|p2a: Lil teccaton|67/100
|
|-heal|p1a: Zamazenta|67/100 par|[from] item: Leftovers
|upkeep
|turn|30
|
|t:|1758362453
|move|p2a: Lil teccaton|Gigaton Hammer|p1a: Zamazenta
|-activate|p1a: Zamazenta|move: Substitute|[damage]
|move|p1a: Zamazenta|Heavy Slam|p2a: Lil teccaton
|-damage|p2a: Lil teccaton|55/100
|
|-heal|p1a: Zamazenta|73/100 par|[from] item: Leftovers
|upkeep
|turn|31
|
|t:|1758362464
|move|p2a: Lil teccaton|Encore||[still]
|-fail|p2a: Lil teccaton
|move|p1a: Zamazenta|Heavy Slam|p2a: Lil teccaton
|-damage|p2a: Lil teccaton|42/100
|
|-heal|p1a: Zamazenta|79/100 par|[from] item: Leftovers
|-end|p1a: Zamazenta|Encore
|upkeep
|turn|32
|
|t:|1758362476
|move|p2a: Lil teccaton|Encore|p1a: Zamazenta
|-start|p1a: Zamazenta|Encore
|move|p1a: Zamazenta|Heavy Slam|p2a: Lil teccaton
|-damage|p2a: Lil teccaton|30/100
|
|-heal|p1a: Zamazenta|85/100 par|[from] item: Leftovers
|upkeep
|turn|33
|
|t:|1758362491
|switch|p2a: Drakonite|Dragonite, M|31/100
|move|p1a: Zamazenta|Heavy Slam|p2a: Drakonite
|-damage|p2a: Drakonite|21/100
|
|-heal|p1a: Zamazenta|91/100 par|[from] item: Leftovers
|upkeep
|turn|34
|
|t:|1758362502
|move|p2a: Drakonite|Roost|p2a: Drakonite
|-heal|p2a: Drakonite|71/100
|-singleturn|p2a: Drakonite|move: Roost
|move|p1a: Zamazenta|Heavy Slam|p2a: Drakonite
|-damage|p2a: Drakonite|62/100
|
|-heal|p1a: Zamazenta|97/100 par|[from] item: Leftovers
|-end|p1a: Zamazenta|Encore
|upkeep
|turn|35
|
|t:|1758362515
|move|p1a: Zamazenta|Body Press|p2a: Drakonite
|-resisted|p2a: Drakonite
|-damage|p2a: Drakonite|0 fnt
|faint|p2a: Drakonite
|
|-heal|p1a: Zamazenta|100/100 par|[from] item: Leftovers
|upkeep
|
|t:|1758362524
|switch|p2a: Lil teccaton|Tinkaton, F|30/100
|-ability|p2a: Lil teccaton|Mold Breaker
|turn|36
|
|t:|1758362540
|switch|p2a: 21 Savatcha|Sinistcha-Masterpiece|9/100
|cant|p1a: Zamazenta|par
|
|upkeep
|turn|37
|
|t:|1758362553
|switch|p1a: Cobalion|Cobalion|100/100
|-damage|p1a: Cobalion|75/100|[from] Spikes
|move|p2a: 21 Savatcha|Shadow Ball|p1a: Cobalion
|-damage|p1a: Cobalion|34/100
|
|upkeep
|turn|38
|
|t:|1758362571
|switch|p2a: Gunniscor|Gliscor, M|49/100 tox
|move|p1a: Cobalion|Taunt|p2a: Gunniscor
|-start|p2a: Gunniscor|move: Taunt
|
|-heal|p2a: Gunniscor|62/100 tox|[from] ability: Poison Heal
|upkeep
|turn|39
|
|t:|1758362584
|move|p2a: Gunniscor|Knock Off|p1a: Cobalion
|-resisted|p1a: Cobalion
|-damage|p1a: Cobalion|26/100
|-damage|p2a: Gunniscor|45/100 tox|[from] item: Rocky Helmet|[of] p1a: Cobalion
|-ability|p1a: Cobalion|Justified|boost
|-boost|p1a: Cobalion|atk|1
|-enditem|p1a: Cobalion|Rocky Helmet|[from] move: Knock Off|[of] p2a: Gunniscor
|move|p1a: Cobalion|Steel Beam|p2a: Gunniscor
|-damage|p2a: Gunniscor|0 fnt
|-damage|p1a: Cobalion|0 fnt|[from] steelbeam
|faint|p1a: Cobalion
|faint|p2a: Gunniscor
|
|upkeep
|
|t:|1758362604
|switch|p2a: 21 Savatcha|Sinistcha-Masterpiece|9/100
|switch|p1a: Quaquaval|Quaquaval, F|100/100
|-damage|p1a: Quaquaval|75/100|[from] Spikes
|turn|40
|
|t:|1758362613
|move|p1a: Quaquaval|Knock Off|p2a: 21 Savatcha
|-supereffective|p2a: 21 Savatcha
|-damage|p2a: 21 Savatcha|0 fnt
|-enditem|p2a: 21 Savatcha|Heavy-Duty Boots|[from] move: Knock Off|[of] p1a: Quaquaval
|faint|p2a: 21 Savatcha
|-ability|p1a: Quaquaval|Moxie|boost
|-boost|p1a: Quaquaval|atk|1
|
|upkeep
|
|t:|1758362621
|switch|p2a: Lil teccaton|Tinkaton, F|30/100
|-ability|p2a: Lil teccaton|Mold Breaker
|turn|41
|
|t:|1758362627
|move|p2a: Lil teccaton|Gigaton Hammer|p1a: Quaquaval
|-resisted|p1a: Quaquaval
|-damage|p1a: Quaquaval|46/100
|move|p1a: Quaquaval|Aqua Step|p2a: Lil teccaton
|-damage|p2a: Lil teccaton|0 fnt
|-boost|p1a: Quaquaval|spe|1
|faint|p2a: Lil teccaton
|
|win|20120414x
|raw|20120414x's rating: 1251 &rarr; <strong>1274</strong><br />(+23 for winning)
|raw|Infinite_2110's rating: 1228 &rarr; <strong>1205</strong><br />(-23 for losing)
|l|☆Infinite_2110
|player|p2|
|l|☆20120414x
|player|p1|
