|j|☆Jon Mateo
|j|☆senpako
|t:|1758298833
|gametype|singles
|player|p1|Jon Mateo|265|1355
|player|p2|senpako|koga|1354
|gen|9
|tier|[Gen 9] OU
|rated|
|rule|HP Percentage Mod: HP is shown in percentages
|rule|Endless Battle Clause: Forcing endless battles is banned
|rule|Species Clause: Limit one of each Pokémon
|rule|OHKO Clause: OHKO moves are banned
|rule|Evasion Items Clause: Evasion items are banned
|rule|Evasion Moves Clause: Evasion moves are banned
|rule|Evasion Abilities Clause: Evasion abilities are banned
|rule|Sleep Moves Clause: Sleep-inducing moves are banned
|clearpoke
|poke|p1|Ceruledge, M|
|poke|p1|Lokix, F|
|poke|p1|Quaquaval, M|
|poke|p1|Gardevoir, M|
|poke|p1|Garchomp, F|
|poke|p1|Rotom-Frost|
|poke|p2|Great Tusk|
|poke|p2|Greninja-*, M|
|poke|p2|Pecharunt|
|poke|p2|Blaziken, F|
|poke|p2|Raging Bolt|
|poke|p2|Jirachi|
|teampreview
|inactive|Battle timer is ON: inactive players will automatically lose when time's up. (requested by senpako)
|
|t:|1758298858
|teamsize|p1|6
|teamsize|p2|6
|start
|switch|p1a: Rotom|Rotom-Frost|100/100
|switch|p2a: Chickenfast|Blaziken, F|100/100
|turn|1
|inactive|Jon Mateo has 120 seconds left.
|
|t:|1758298906
|move|p1a: Rotom|Volt Switch|p2a: Chickenfast
|-damage|p2a: Chickenfast|52/100
|
|t:|1758298910
|switch|p1a: Quaquaval|Quaquaval, M|100/100|[from] Volt Switch
|move|p2a: Chickenfast|Close Combat|p1a: Quaquaval
|-damage|p1a: Quaquaval|25/100
|-unboost|p2a: Chickenfast|def|1
|-unboost|p2a: Chickenfast|spd|1
|
|-ability|p2a: Chickenfast|Speed Boost|boost
|-boost|p2a: Chickenfast|spe|1
|upkeep
|turn|2
|
|t:|1758298923
|move|p1a: Quaquaval|Aqua Jet|p2a: Chickenfast
|-supereffective|p2a: Chickenfast
|-damage|p2a: Chickenfast|0 fnt
|faint|p2a: Chickenfast
|-ability|p1a: Quaquaval|Moxie|boost
|-boost|p1a: Quaquaval|atk|1
|
|upkeep
|
|t:|1758298931
|switch|p2a: Itachi|Greninja, M|100/100
|turn|3
|
|t:|1758298938
|switch|p1a: Rotom|Rotom-Frost|100/100
|move|p2a: Itachi|Sludge Wave|p1a: Rotom
|-damage|p1a: Rotom|62/100
|
|upkeep
|turn|4
|
|t:|1758298947
|move|p1a: Rotom|Blizzard|p2a: Itachi|[miss]
|-miss|p1a: Rotom|p2a: Itachi
|move|p2a: Itachi|Sludge Wave|p1a: Rotom
|-damage|p1a: Rotom|25/100
|
|upkeep
|turn|5
|
|t:|1758298955
|switch|p1a: Garchomp|Garchomp, F|100/100
|move|p2a: Itachi|Sludge Wave|p1a: Garchomp
|-resisted|p1a: Garchomp
|-damage|p1a: Garchomp|87/100
|
|upkeep
|turn|6
|
|t:|1758298961
|move|p2a: Itachi|Ice Beam|p1a: Garchomp
|-supereffective|p1a: Garchomp
|-damage|p1a: Garchomp|0 fnt
|faint|p1a: Garchomp
|-ability|p2a: Itachi|Battle Bond|boost
|-boost|p2a: Itachi|atk|1
|-boost|p2a: Itachi|spa|1
|-boost|p2a: Itachi|spe|1
|-activate|p2a: Itachi|ability: Battle Bond
|
|upkeep
|
|t:|1758298965
|switch|p1a: Lokix|Lokix, F|100/100
|turn|7
|
|t:|1758298974
|move|p1a: Lokix|First Impression|p2a: Itachi
|-supereffective|p2a: Itachi
|-enditem|p2a: Itachi|Focus Sash
|-damage|p2a: Itachi|1/100
|move|p2a: Itachi|Sludge Wave|p1a: Lokix
|-damage|p1a: Lokix|25/100
|-enditem|p1a: Lokix|Sitrus Berry|[eat]
|-heal|p1a: Lokix|49/100|[from] item: Sitrus Berry
|
|upkeep
|turn|8
|
|t:|1758298983
|move|p2a: Itachi|Water Shuriken|p1a: Lokix
|-damage|p1a: Lokix|30/100
|-damage|p1a: Lokix|13/100
|-damage|p1a: Lokix|0 fnt
|faint|p1a: Lokix
|-hitcount|p1: Lokix|3
|
|upkeep
|
|t:|1758298990
|switch|p1a: Quaquaval|Quaquaval, M|25/100
|turn|9
|
|t:|1758298992
|move|p2a: Itachi|Water Shuriken|p1a: Quaquaval
|-resisted|p1a: Quaquaval
|-crit|p1a: Quaquaval
|-damage|p1a: Quaquaval|14/100
|-resisted|p1a: Quaquaval
|-damage|p1a: Quaquaval|6/100
|-resisted|p1a: Quaquaval
|-damage|p1a: Quaquaval|0 fnt
|faint|p1a: Quaquaval
|-hitcount|p1: Quaquaval|3
|
|upkeep
|
|t:|1758298999
|switch|p1a: Gardevoir|Gardevoir, M|100/100
|turn|10
|
|t:|1758299003
|move|p2a: Itachi|Sludge Wave|p1a: Gardevoir
|-supereffective|p1a: Gardevoir
|-damage|p1a: Gardevoir|12/100
|move|p1a: Gardevoir|Moonblast|p2a: Itachi
|-supereffective|p2a: Itachi
|-damage|p2a: Itachi|0 fnt
|faint|p2a: Itachi
|
|upkeep
|
|t:|1758299015
|switch|p2a: Great Tusk|Great Tusk|100/100
|-enditem|p2a: Great Tusk|Booster Energy
|-activate|p2a: Great Tusk|ability: Protosynthesis|[fromitem]
|-start|p2a: Great Tusk|protosynthesisatk
|turn|11
|
|t:|1758299028
|move|p1a: Gardevoir|Moonblast|p2a: Great Tusk
|-supereffective|p2a: Great Tusk
|-damage|p2a: Great Tusk|0 fnt
|faint|p2a: Great Tusk
|-end|p2a: Great Tusk|Protosynthesis|[silent]
|
|upkeep
|
|t:|1758299037
|switch|p2a: Raging Bolt|Raging Bolt|100/100
|-enditem|p2a: Raging Bolt|Booster Energy
|-activate|p2a: Raging Bolt|ability: Protosynthesis|[fromitem]
|-start|p2a: Raging Bolt|protosynthesisspa
|turn|12
|
|t:|1758299044
|switch|p1a: Rotom|Rotom-Frost|25/100
|move|p2a: Raging Bolt|Thunderclap||[still]
|-fail|p2a: Raging Bolt
|
|upkeep
|turn|13
|
|t:|1758299050
|move|p1a: Rotom|Blizzard|p2a: Raging Bolt
|-supereffective|p2a: Raging Bolt
|-damage|p2a: Raging Bolt|17/100
|-status|p2a: Raging Bolt|frz
|cant|p2a: Raging Bolt|frz
|
|upkeep
|turn|14
|
|t:|1758299058
|switch|p1a: Ceruledge|Ceruledge, M|100/100
|cant|p2a: Raging Bolt|frz
|
|upkeep
|turn|15
|
|t:|1758299062
|cant|p2a: Raging Bolt|frz
|move|p1a: Ceruledge|Swords Dance|p1a: Ceruledge
|-boost|p1a: Ceruledge|atk|2
|
|upkeep
|turn|16
|
|t:|1758299068
|move|p1a: Ceruledge|Shadow Sneak|p2a: Raging Bolt
|-damage|p2a: Raging Bolt|0 fnt
|faint|p2a: Raging Bolt
|-end|p2a: Raging Bolt|Protosynthesis|[silent]
|-damage|p1a: Ceruledge|91/100|[from] item: Life Orb
|
|upkeep
|
|t:|1758299071
|switch|p2a: Pecharunt|Pecharunt|100/100
|turn|17
|
|t:|1758299075
|-terastallize|p1a: Ceruledge|Fire
|move|p1a: Ceruledge|Poltergeist|p2a: Pecharunt
|-activate|p2a: Pecharunt|move: Poltergeist|Assault Vest
|-supereffective|p2a: Pecharunt
|-damage|p2a: Pecharunt|0 fnt
|faint|p2a: Pecharunt
|-damage|p1a: Ceruledge|81/100|[from] item: Life Orb
|
|upkeep
|
|t:|1758299077
|switch|p2a: Jirachi|Jirachi|100/100
|turn|18
|-message|senpako forfeited.
|
|win|Jon Mateo
|raw|Jon Mateo's rating: 1355 &rarr; <strong>1375</strong><br />(+20 for winning)
|raw|senpako's rating: 1354 &rarr; <strong>1334</strong><br />(-20 for losing)
|l|☆senpako
|player|p2|
|l|☆Jon Mateo
|player|p1|
