|j|☆fallery
|j|☆Reginald Chaos
|t:|1758343684
|gametype|singles
|player|p1|fallery|pokekid|1433
|player|p2|Reginald Chaos|170|1364
|gen|9
|tier|[Gen 9] OU
|rated|
|rule|HP Percentage Mod: HP is shown in percentages
|rule|Endless Battle Clause: Forcing endless battles is banned
|rule|Species Clause: Limit one of each Pokémon
|rule|OHKO Clause: OHKO moves are banned
|rule|Evasion Items Clause: Evasion items are banned
|rule|Evasion Moves Clause: Evasion moves are banned
|rule|Evasion Abilities Clause: Evasion abilities are banned
|rule|Sleep Moves Clause: Sleep-inducing moves are banned
|clearpoke
|poke|p1|Serperior, M|
|poke|p1|Lokix, F|
|poke|p1|Slowking-Galar, F|
|poke|p1|Corviknight, F|
|poke|p1|Zamazenta-*|
|poke|p1|Iron Moth|
|poke|p2|Pelipper, F|
|poke|p2|Beartic, M|
|poke|p2|Barraskewda, M|
|poke|p2|Ogerpon-Wellspring, F|
|poke|p2|Zapdos|
|poke|p2|Hatterene, F|
|teampreview
|inactive|Battle timer is ON: inactive players will automatically lose when time's up. (requested by Reginald Chaos)
|
|t:|1758343710
|teamsize|p1|6
|teamsize|p2|6
|start
|switch|p1a: Iron Moth|Iron Moth|100/100
|switch|p2a: Pelipper|Pelipper, F|100/100
|-weather|RainDance|[from] ability: Drizzle|[of] p2a: Pelipper
|-enditem|p1a: Iron Moth|Booster Energy
|-activate|p1a: Iron Moth|ability: Quark Drive|[fromitem]
|-start|p1a: Iron Moth|quarkdrivespe
|turn|1
|
|t:|1758343731
|move|p1a: Iron Moth|Discharge|p2a: Pelipper
|-supereffective|p2a: Pelipper
|-damage|p2a: Pelipper|0 fnt
|faint|p2a: Pelipper
|
|-weather|RainDance|[upkeep]
|upkeep
|
|t:|1758343739
|switch|p2a: Barraskewda|Barraskewda, M|100/100
|turn|2
|
|t:|1758343743
|-end|p1a: Iron Moth|Quark Drive|[silent]
|switch|p1a: Corviknight|Corviknight, F|100/100
|-terastallize|p2a: Barraskewda|Water
|move|p2a: Barraskewda|Liquidation|p1a: Corviknight
|-damage|p1a: Corviknight|29/100
|-damage|p2a: Barraskewda|84/100|[from] item: Rocky Helmet|[of] p1a: Corviknight
|
|-weather|RainDance|[upkeep]
|upkeep
|turn|3
|
|t:|1758343761
|move|p2a: Barraskewda|Liquidation|p1a: Corviknight
|-damage|p1a: Corviknight|0 fnt
|-damage|p2a: Barraskewda|68/100|[from] item: Rocky Helmet|[of] p1a: Corviknight
|faint|p1a: Corviknight
|
|-weather|RainDance|[upkeep]
|upkeep
|
|t:|1758343779
|switch|p1a: Lokix|Lokix, F|100/100
|turn|4
|
|t:|1758343782
|switch|p2a: Hatterene|Hatterene, F|100/100
|-terastallize|p1a: Lokix|Bug
|move|p1a: Lokix|First Impression|p2a: Hatterene
|-damage|p2a: Hatterene|7/100
|-enditem|p2a: Hatterene|Eject Button
|
|t:|1758343786
|switch|p2a: Barraskewda|Barraskewda, M, tera:Water|68/100
|
|-weather|RainDance|[upkeep]
|upkeep
|turn|5
|
|t:|1758343795
|switch|p1a: Zamazenta|Zamazenta|100/100
|-ability|p1a: Zamazenta|Dauntless Shield|boost
|-boost|p1a: Zamazenta|def|1
|move|p2a: Barraskewda|Liquidation|p1a: Zamazenta
|-damage|p1a: Zamazenta|40/100
|
|-weather|RainDance|[upkeep]
|-heal|p1a: Zamazenta|46/100|[from] item: Leftovers
|upkeep
|turn|6
|
|t:|1758343801
|move|p2a: Barraskewda|Liquidation|p1a: Zamazenta
|-damage|p1a: Zamazenta|0 fnt
|faint|p1a: Zamazenta
|
|-weather|RainDance|[upkeep]
|upkeep
|
|t:|1758343805
|switch|p1a: Lokix|Lokix, F, tera:Bug|100/100
|turn|7
|
|t:|1758343807
|switch|p2a: Hatterene|Hatterene, F|7/100
|move|p1a: Lokix|U-turn|p2a: Hatterene
|-damage|p2a: Hatterene|0 fnt
|faint|p2a: Hatterene
|
|t:|1758343811
|switch|p1a: Serperior|Serperior, M|100/100|[from] U-turn
|
|-weather|RainDance|[upkeep]
|upkeep
|
|t:|1758343814
|switch|p2a: Zapdos|Zapdos|100/100
|turn|8
|
|t:|1758343824
|move|p1a: Serperior|Substitute|p1a: Serperior
|-start|p1a: Serperior|Substitute
|-damage|p1a: Serperior|75/100
|move|p2a: Zapdos|Hurricane|p1a: Serperior
|-supereffective|p1a: Serperior
|-end|p1a: Serperior|Substitute
|
|-weather|none
|-heal|p1a: Serperior|82/100|[from] item: Leftovers
|upkeep
|turn|9
|
|t:|1758343830
|move|p1a: Serperior|Substitute|p1a: Serperior
|-start|p1a: Serperior|Substitute
|-damage|p1a: Serperior|57/100
|move|p2a: Zapdos|Volt Switch|p1a: Serperior
|-resisted|p1a: Serperior
|-activate|p1a: Serperior|move: Substitute|[damage]
|
|t:|1758343833
|switch|p2a: Beartic|Beartic, M|100/100|[from] Volt Switch
|
|-heal|p1a: Serperior|63/100|[from] item: Leftovers
|upkeep
|turn|10
|
|t:|1758343838
|move|p1a: Serperior|Leaf Storm|p2a: Beartic
|-damage|p2a: Beartic|42/100
|-boost|p1a: Serperior|spa|2
|move|p2a: Beartic|Icicle Spear|p1a: Serperior
|-supereffective|p1a: Serperior
|-end|p1a: Serperior|Substitute
|-supereffective|p1a: Serperior
|-damage|p1a: Serperior|24/100
|-supereffective|p1a: Serperior
|-damage|p1a: Serperior|0 fnt
|faint|p1a: Serperior
|-hitcount|p1: Serperior|3
|
|upkeep
|
|t:|1758343850
|switch|p1a: Iron Moth|Iron Moth|100/100
|turn|11
|
|t:|1758343859
|switch|p2a: Zapdos|Zapdos|100/100
|move|p1a: Iron Moth|Discharge|p2a: Zapdos
|-damage|p2a: Zapdos|80/100
|
|upkeep
|turn|12
|
|t:|1758343864
|-end|p1a: Iron Moth|Quark Drive|[silent]
|switch|p1a: Slowking|Slowking-Galar, F|100/100
|move|p2a: Zapdos|Volt Switch|p1a: Slowking
|-damage|p1a: Slowking|80/100
|
|t:|1758343868
|switch|p2a: Beartic|Beartic, M|42/100|[from] Volt Switch
|
|-heal|p1a: Slowking|86/100|[from] item: Leftovers
|upkeep
|turn|13
|
|t:|1758343879
|move|p2a: Beartic|Earthquake|p1a: Slowking
|-supereffective|p1a: Slowking
|-damage|p1a: Slowking|0 fnt
|faint|p1a: Slowking
|
|upkeep
|
|t:|1758343888
|switch|p1a: Iron Moth|Iron Moth|100/100
|turn|14
|
|t:|1758343892
|move|p1a: Iron Moth|Flamethrower|p2a: Beartic
|-supereffective|p2a: Beartic
|-damage|p2a: Beartic|0 fnt
|faint|p2a: Beartic
|
|upkeep
|
|t:|1758343900
|switch|p2a: Barraskewda|Barraskewda, M, tera:Water|68/100
|turn|15
|
|t:|1758343911
|-end|p1a: Iron Moth|Quark Drive|[silent]
|switch|p1a: Lokix|Lokix, F, tera:Bug|100/100
|move|p2a: Barraskewda|Flip Turn|p1a: Lokix
|-damage|p1a: Lokix|27/100
|
|t:|1758343913
|switch|p2a: Zapdos|Zapdos|80/100|[from] Flip Turn
|
|upkeep
|turn|16
|
|t:|1758343927
|move|p1a: Lokix|First Impression|p2a: Zapdos
|-resisted|p2a: Zapdos
|-damage|p2a: Zapdos|0 fnt
|faint|p2a: Zapdos
|
|upkeep
|
|t:|1758343932
|switch|p2a: Barraskewda|Barraskewda, M, tera:Water|68/100
|turn|17
|
|t:|1758343935
|move|p1a: Lokix|First Impression||[still]
|-hint|First Impression only works on your first turn out.
|-fail|p1a: Lokix
|move|p2a: Barraskewda|Liquidation|p1a: Lokix
|-damage|p1a: Lokix|0 fnt
|faint|p1a: Lokix
|
|upkeep
|
|t:|1758343941
|switch|p1a: Iron Moth|Iron Moth|100/100
|turn|18
|
|t:|1758343946
|move|p2a: Barraskewda|Liquidation|p1a: Iron Moth
|-supereffective|p1a: Iron Moth
|-damage|p1a: Iron Moth|0 fnt
|faint|p1a: Iron Moth
|-end|p1a: Iron Moth|Quark Drive|[silent]
|
|win|Reginald Chaos
|raw|fallery's rating: 1433 &rarr; <strong>1409</strong><br />(-24 for losing)
|raw|Reginald Chaos's rating: 1364 &rarr; <strong>1388</strong><br />(+24 for winning)
|l|☆fallery
|player|p1|
|l|☆Reginald Chaos
|player|p2|
