|j|☆Off_T3Mpo
|j|☆Kyommunism
|t:|1758322239
|gametype|singles
|player|p1|Off_T3Mpo|interviewers|1460
|player|p2|Kyommunism|iris-gen5bw2|1536
|gen|9
|tier|[Gen 9] OU
|rated|
|rule|HP Percentage Mod: HP is shown in percentages
|rule|Endless Battle Clause: Forcing endless battles is banned
|rule|Species Clause: Limit one of each Pokémon
|rule|OHKO Clause: OHKO moves are banned
|rule|Evasion Items Clause: Evasion items are banned
|rule|Evasion Moves Clause: Evasion moves are banned
|rule|Evasion Abilities Clause: Evasion abilities are banned
|rule|Sleep Moves Clause: Sleep-inducing moves are banned
|clearpoke
|poke|p1|Ninetales-Alola, F|
|poke|p1|Kyurem|
|poke|p1|Lilligant-Hisui, F|
|poke|p1|Hatterene, F|
|poke|p1|Torkoal, M|
|poke|p1|Walking Wake|
|poke|p2|Skeledirge, M|
|poke|p2|Ribombee, M|
|poke|p2|Goodra-Hisui, M|
|poke|p2|Raging Bolt|
|poke|p2|Trevenant, M|
|poke|p2|Corviknight, M|
|teampreview
|inactive|Battle timer is ON: inactive players will automatically lose when time's up. (requested by Kyommunism)
|
|t:|1758322262
|teamsize|p1|6
|teamsize|p2|6
|start
|switch|p1a: Torkoal|Torkoal, M|100/100
|switch|p2a: Ribombee|Ribombee, M, shiny|100/100
|-weather|SunnyDay|[from] ability: Drought|[of] p1a: Torkoal
|turn|1
|
|t:|1758322282
|move|p2a: Ribombee|Quiver Dance|p2a: Ribombee
|-boost|p2a: Ribombee|spa|1
|-boost|p2a: Ribombee|spd|1
|-boost|p2a: Ribombee|spe|1
|move|p1a: Torkoal|Stealth Rock|p2a: Ribombee
|-sidestart|p2: Kyommunism|move: Stealth Rock
|
|-weather|SunnyDay|[upkeep]
|upkeep
|turn|2
|inactive|Off_T3Mpo has 120 seconds left.
|
|t:|1758322311
|switch|p1a: Lilligant|Lilligant-Hisui, F|100/100
|-terastallize|p2a: Ribombee|Fire
|move|p2a: Ribombee|Quiver Dance|p2a: Ribombee
|-boost|p2a: Ribombee|spa|1
|-boost|p2a: Ribombee|spd|1
|-boost|p2a: Ribombee|spe|1
|
|-weather|SunnyDay|[upkeep]
|upkeep
|turn|3
|inactive|Off_T3Mpo has 120 seconds left.
|
|t:|1758322329
|-terastallize|p1a: Lilligant|Fire
|move|p1a: Lilligant|Close Combat|p2a: Ribombee
|-damage|p2a: Ribombee|17/100
|-unboost|p1a: Lilligant|def|1
|-unboost|p1a: Lilligant|spd|1
|-enditem|p2a: Ribombee|Kee Berry|[eat]
|-boost|p2a: Ribombee|def|1|[from] item: Kee Berry
|-damage|p1a: Lilligant|91/100|[from] item: Life Orb
|move|p2a: Ribombee|Draining Kiss|p1a: Lilligant
|-resisted|p1a: Lilligant
|-damage|p1a: Lilligant|52/100
|-heal|p2a: Ribombee|42/100|[from] drain|[of] p1a: Lilligant
|
|-weather|SunnyDay|[upkeep]
|upkeep
|turn|4
|
|t:|1758322347
|switch|p2a: MourningWood|Trevenant, M, shiny|100/100
|-damage|p2a: MourningWood|88/100|[from] Stealth Rock
|move|p1a: Lilligant|Close Combat|p2a: MourningWood
|-immune|p2a: MourningWood
|
|-weather|SunnyDay|[upkeep]
|upkeep
|turn|5
|
|t:|1758322354
|move|p2a: MourningWood|Endure|p2a: MourningWood
|-singleturn|p2a: MourningWood|move: Endure
|move|p1a: Lilligant|Tera Blast|p2a: MourningWood|[anim] Tera Blast Fire
|-supereffective|p2a: MourningWood
|-activate|p2a: MourningWood|move: Endure
|-damage|p2a: MourningWood|1/100
|-damage|p1a: Lilligant|42/100|[from] item: Life Orb
|
|-weather|SunnyDay|[upkeep]
|upkeep
|turn|6
|-enditem|p2a: MourningWood|Custap Berry|[eat]
|-activate|p2a: MourningWood|item: Custap Berry|[consumed]
|
|t:|1758322367
|move|p2a: MourningWood|Earthquake|p1a: Lilligant
|-supereffective|p1a: Lilligant
|-damage|p1a: Lilligant|0 fnt
|faint|p1a: Lilligant
|
|-weather|SunnyDay|[upkeep]
|-item|p2a: MourningWood|Custap Berry|[from] ability: Harvest
|upkeep
|c|☆Off_T3Mpo|WOAH LOVE
|inactive|Off_T3Mpo has 90 seconds left.
|c|☆Kyommunism|thankyou lmao
|c|☆Off_T3Mpo|so cool!!
|
|t:|1758322401
|switch|p1a: Ninetales|Ninetales-Alola, F|100/100
|-weather|Snowscape|[from] ability: Snow Warning|[of] p1a: Ninetales
|turn|7
|c|☆Kyommunism|he's a pretty cool guy
|inactive|Off_T3Mpo has 90 seconds left.
|-enditem|p2a: MourningWood|Custap Berry|[eat]
|-activate|p2a: MourningWood|item: Custap Berry|[consumed]
|
|t:|1758322414
|move|p2a: MourningWood|Destiny Bond|p2a: MourningWood
|-singlemove|p2a: MourningWood|Destiny Bond
|move|p1a: Ninetales|Encore|p2a: MourningWood
|-start|p2a: MourningWood|Encore
|
|-weather|Snowscape|[upkeep]
|upkeep
|turn|8
|inactive|Off_T3Mpo has 90 seconds left.
|
|t:|1758322421
|move|p1a: Ninetales|Aurora Veil|p1a: Ninetales
|-sidestart|p1: Off_T3Mpo|move: Aurora Veil
|move|p2a: MourningWood|Destiny Bond||[still]
|-fail|p2a: MourningWood
|
|-weather|Snowscape|[upkeep]
|upkeep
|turn|9
|
|t:|1758322426
|switch|p1a: Kyurem|Kyurem|100/100
|-ability|p1a: Kyurem|Pressure
|switch|p2a: Corviknight|Corviknight, M, shiny|100/100
|-damage|p2a: Corviknight|88/100|[from] Stealth Rock
|-ability|p2a: Corviknight|Pressure
|
|-weather|Snowscape|[upkeep]
|-heal|p2a: Corviknight|94/100|[from] item: Leftovers
|upkeep
|turn|10
|
|t:|1758322436
|switch|p1a: Torkoal|Torkoal, M|100/100
|-weather|SunnyDay|[from] ability: Drought|[of] p1a: Torkoal
|move|p2a: Corviknight|Defog|p1a: Torkoal
|-unboost|p1a: Torkoal|evasion|1
|-sideend|p1: Off_T3Mpo|move: Aurora Veil
|-sideend|p2: Kyommunism|Stealth Rock|[from] move: Defog|[of] p2a: Corviknight
|
|-weather|SunnyDay|[upkeep]
|-heal|p2a: Corviknight|100/100|[from] item: Leftovers
|upkeep
|turn|11
|
|t:|1758322445
|switch|p2a: Ribombee|Ribombee, M, shiny, tera:Fire|42/100
|move|p1a: Torkoal|Lava Plume|p2a: Ribombee
|-resisted|p2a: Ribombee
|-damage|p2a: Ribombee|17/100
|
|-weather|SunnyDay|[upkeep]
|upkeep
|turn|12
|
|t:|1758322456
|switch|p1a: Walking Wake|Walking Wake|100/100
|-activate|p1a: Walking Wake|ability: Protosynthesis
|-start|p1a: Walking Wake|protosynthesisspe
|move|p2a: Ribombee|Quiver Dance|p2a: Ribombee
|-boost|p2a: Ribombee|spa|1
|-boost|p2a: Ribombee|spd|1
|-boost|p2a: Ribombee|spe|1
|
|-weather|SunnyDay|[upkeep]
|upkeep
|turn|13
|
|t:|1758322464
|move|p1a: Walking Wake|Hydro Steam|p2a: Ribombee
|-supereffective|p2a: Ribombee
|-damage|p2a: Ribombee|0 fnt
|faint|p2a: Ribombee
|
|-weather|SunnyDay|[upkeep]
|upkeep
|
|t:|1758322466
|switch|p2a: MourningWood|Trevenant, M, shiny|1/100
|turn|14
|inactive|Off_T3Mpo has 120 seconds left.
|
|t:|1758322476
|-end|p1a: Walking Wake|Protosynthesis|[silent]
|switch|p1a: Ninetales|Ninetales-Alola, F|100/100
|-weather|Snowscape|[from] ability: Snow Warning|[of] p1a: Ninetales
|move|p2a: MourningWood|Endure||[still]
|-fail|p2a: MourningWood
|
|-weather|Snowscape|[upkeep]
|upkeep
|turn|15
|inactive|Off_T3Mpo has 120 seconds left.
|
|t:|1758322489
|switch|p2a: Skeledirge|Skeledirge, M, shiny|100/100
|move|p1a: Ninetales|Aurora Veil|p1a: Ninetales
|-sidestart|p1: Off_T3Mpo|move: Aurora Veil
|
|-weather|Snowscape|[upkeep]
|upkeep
|turn|16
|
|t:|1758322498
|switch|p1a: Hatterene|Hatterene, F|100/100
|switch|p2a: Corviknight|Corviknight, M, shiny|100/100
|-ability|p2a: Corviknight|Pressure
|
|-weather|Snowscape|[upkeep]
|upkeep
|turn|17
|
|t:|1758322510
|move|p2a: Corviknight|Defog|p1a: Hatterene
|move|p1a: Hatterene|Defog|p2a: Corviknight|[from] ability: Magic Bounce
|-unboost|p2a: Corviknight|evasion|1
|move|p1a: Hatterene|Calm Mind|p1a: Hatterene
|-boost|p1a: Hatterene|spa|1
|-boost|p1a: Hatterene|spd|1
|
|-weather|Snowscape|[upkeep]
|upkeep
|turn|18
|
|t:|1758322521
|switch|p2a: MourningWood|Trevenant, M, shiny|1/100
|move|p1a: Hatterene|Mystical Fire|p2a: MourningWood
|-supereffective|p2a: MourningWood
|-crit|p2a: MourningWood
|-damage|p2a: MourningWood|0 fnt
|faint|p2a: MourningWood
|
|-weather|none
|upkeep
|
|t:|1758322526
|switch|p2a: Skeledirge|Skeledirge, M, shiny|100/100
|turn|19
|
|t:|1758322540
|move|p2a: Skeledirge|Torch Song|p1a: Hatterene
|-damage|p1a: Hatterene|84/100
|-boost|p2a: Skeledirge|spa|1
|-enditem|p1a: Hatterene|Eject Button
|
|t:|1758322546
|switch|p1a: Walking Wake|Walking Wake|100/100
|
|upkeep
|turn|20
|
|t:|1758322551
|switch|p2a: Corviknight|Corviknight, M, shiny|100/100
|-ability|p2a: Corviknight|Pressure
|move|p1a: Walking Wake|Hydro Steam|p2a: Corviknight
|-damage|p2a: Corviknight|57/100
|
|-heal|p2a: Corviknight|63/100|[from] item: Leftovers
|upkeep
|turn|21
|
|t:|1758322560
|-end|p1a: Walking Wake|Protosynthesis|[silent]
|switch|p1a: Torkoal|Torkoal, M|100/100
|-weather|SunnyDay|[from] ability: Drought|[of] p1a: Torkoal
|switch|p2a: Goodra|Goodra-Hisui, M, shiny|100/100
|
|-weather|SunnyDay|[upkeep]
|upkeep
|turn|22
|
|t:|1758322568
|move|p2a: Goodra|Curse|p2a: Goodra
|-unboost|p2a: Goodra|spe|1
|-boost|p2a: Goodra|atk|1
|-boost|p2a: Goodra|def|1
|move|p1a: Torkoal|Stealth Rock|p2a: Goodra
|-sidestart|p2: Kyommunism|move: Stealth Rock
|
|-weather|SunnyDay|[upkeep]
|-sideend|p1: Off_T3Mpo|move: Aurora Veil
|upkeep
|turn|23
|
|t:|1758322574
|move|p1a: Torkoal|Lava Plume|p2a: Goodra
|-damage|p2a: Goodra|84/100
|move|p2a: Goodra|Gyro Ball|p1a: Torkoal
|-resisted|p1a: Torkoal
|-damage|p1a: Torkoal|97/100
|
|-weather|SunnyDay|[upkeep]
|upkeep
|turn|24
|
|t:|1758322583
|move|p1a: Torkoal|Will-O-Wisp|p2a: Goodra
|-status|p2a: Goodra|brn
|move|p2a: Goodra|Curse|p2a: Goodra
|-unboost|p2a: Goodra|spe|1
|-boost|p2a: Goodra|atk|1
|-boost|p2a: Goodra|def|1
|
|-weather|SunnyDay|[upkeep]
|-damage|p2a: Goodra|78/100 brn|[from] brn
|upkeep
|turn|25
|
|t:|1758322606
|switch|p1a: Walking Wake|Walking Wake|100/100
|-activate|p1a: Walking Wake|ability: Protosynthesis
|-start|p1a: Walking Wake|protosynthesisspe
|move|p2a: Goodra|Gyro Ball|p1a: Walking Wake
|-resisted|p1a: Walking Wake
|-damage|p1a: Walking Wake|75/100
|
|-weather|SunnyDay|[upkeep]
|-damage|p2a: Goodra|72/100 brn|[from] brn
|upkeep
|turn|26
|
|t:|1758322618
|move|p1a: Walking Wake|Weather Ball|p2a: Goodra
|-damage|p2a: Goodra|32/100 brn
|move|p2a: Goodra|Rest|p2a: Goodra
|-status|p2a: Goodra|slp|[from] move: Rest
|-heal|p2a: Goodra|100/100 slp|[silent]
|-enditem|p2a: Goodra|Chesto Berry|[eat]
|-curestatus|p2a: Goodra|slp|[msg]
|
|-weather|SunnyDay|[upkeep]
|upkeep
|turn|27
|inactive|Off_T3Mpo has 120 seconds left.
|
|t:|1758322648
|move|p1a: Walking Wake|Weather Ball|p2a: Goodra
|-damage|p2a: Goodra|65/100
|move|p2a: Goodra|Curse|p2a: Goodra
|-unboost|p2a: Goodra|spe|1
|-boost|p2a: Goodra|atk|1
|-boost|p2a: Goodra|def|1
|
|-weather|SunnyDay|[upkeep]
|upkeep
|turn|28
|inactive|Off_T3Mpo has 120 seconds left.
|
|t:|1758322660
|move|p1a: Walking Wake|Weather Ball|p2a: Goodra
|-damage|p2a: Goodra|29/100
|move|p2a: Goodra|Earthquake|p1a: Walking Wake
|-damage|p1a: Walking Wake|17/100
|
|-weather|none
|-end|p1a: Walking Wake|Protosynthesis
|upkeep
|turn|29
|
|t:|1758322667
|-end|p1a: Walking Wake|Protosynthesis|[silent]
|switch|p1a: Torkoal|Torkoal, M|97/100
|-weather|SunnyDay|[from] ability: Drought|[of] p1a: Torkoal
|move|p2a: Goodra|Rest|p2a: Goodra
|-status|p2a: Goodra|slp|[from] move: Rest
|-heal|p2a: Goodra|100/100 slp|[silent]
|
|-weather|SunnyDay|[upkeep]
|upkeep
|turn|30
|inactive|Off_T3Mpo has 120 seconds left.
|
|t:|1758322695
|switch|p1a: Ninetales|Ninetales-Alola, F|100/100
|-weather|Snowscape|[from] ability: Snow Warning|[of] p1a: Ninetales
|cant|p2a: Goodra|slp
|
|-weather|Snowscape|[upkeep]
|upkeep
|turn|31
|
|t:|1758322712
|move|p1a: Ninetales|Aurora Veil|p1a: Ninetales
|-sidestart|p1: Off_T3Mpo|move: Aurora Veil
|cant|p2a: Goodra|slp
|
|-weather|Snowscape|[upkeep]
|upkeep
|turn|32
|
|t:|1758322717
|switch|p1a: Torkoal|Torkoal, M|97/100
|-weather|SunnyDay|[from] ability: Drought|[of] p1a: Torkoal
|-curestatus|p2a: Goodra|slp|[msg]
|move|p2a: Goodra|Gyro Ball|p1a: Torkoal
|-resisted|p1a: Torkoal
|-damage|p1a: Torkoal|91/100
|
|-weather|SunnyDay|[upkeep]
|upkeep
|turn|33
|
|t:|1758322725
|move|p1a: Torkoal|Lava Plume|p2a: Goodra
|-damage|p2a: Goodra|82/100
|move|p2a: Goodra|Curse|p2a: Goodra
|-unboost|p2a: Goodra|spe|1
|-boost|p2a: Goodra|atk|1
|-boost|p2a: Goodra|def|1
|
|-weather|SunnyDay|[upkeep]
|upkeep
|turn|34
|
|t:|1758322734
|move|p1a: Torkoal|Lava Plume|p2a: Goodra
|-damage|p2a: Goodra|64/100
|move|p2a: Goodra|Earthquake|p1a: Torkoal
|-supereffective|p1a: Torkoal
|-damage|p1a: Torkoal|49/100
|
|-weather|SunnyDay|[upkeep]
|upkeep
|turn|35
|
|t:|1758322741
|move|p1a: Torkoal|Will-O-Wisp|p2a: Goodra
|-status|p2a: Goodra|brn
|move|p2a: Goodra|Curse|p2a: Goodra
|-unboost|p2a: Goodra|spe|1
|-boost|p2a: Goodra|atk|1
|-boost|p2a: Goodra|def|1
|
|-weather|SunnyDay|[upkeep]
|-damage|p2a: Goodra|58/100 brn|[from] brn
|upkeep
|turn|36
|
|t:|1758322762
|move|p1a: Torkoal|Lava Plume|p2a: Goodra
|-damage|p2a: Goodra|39/100 brn
|move|p2a: Goodra|Rest|p2a: Goodra
|-status|p2a: Goodra|slp|[from] move: Rest
|-heal|p2a: Goodra|100/100 slp|[silent]
|
|-weather|SunnyDay|[upkeep]
|upkeep
|turn|37
|
|t:|1758322770
|switch|p1a: Walking Wake|Walking Wake|17/100
|-activate|p1a: Walking Wake|ability: Protosynthesis
|-start|p1a: Walking Wake|protosynthesisspe
|cant|p2a: Goodra|slp
|
|-weather|SunnyDay|[upkeep]
|upkeep
|turn|38
|
|t:|1758322778
|move|p1a: Walking Wake|Flamethrower|p2a: Goodra
|-damage|p2a: Goodra|66/100 slp
|cant|p2a: Goodra|slp
|
|-weather|SunnyDay|[upkeep]
|-sideend|p1: Off_T3Mpo|move: Aurora Veil
|upkeep
|turn|39
|
|t:|1758322784
|move|p1a: Walking Wake|Flamethrower|p2a: Goodra
|-damage|p2a: Goodra|32/100 slp
|-curestatus|p2a: Goodra|slp|[msg]
|move|p2a: Goodra|Earthquake|p1a: Walking Wake
|-damage|p1a: Walking Wake|0 fnt
|faint|p1a: Walking Wake
|-end|p1a: Walking Wake|Protosynthesis|[silent]
|
|-weather|none
|upkeep
|
|t:|1758322799
|switch|p1a: Ninetales|Ninetales-Alola, F|100/100
|-weather|Snowscape|[from] ability: Snow Warning|[of] p1a: Ninetales
|turn|40
|
|t:|1758322811
|move|p1a: Ninetales|Encore|p2a: Goodra
|-start|p2a: Goodra|Encore
|move|p2a: Goodra|Earthquake|p1a: Ninetales
|-damage|p1a: Ninetales|29/100
|
|-weather|Snowscape|[upkeep]
|upkeep
|turn|41
|
|t:|1758322819
|move|p1a: Ninetales|Aurora Veil|p1a: Ninetales
|-sidestart|p1: Off_T3Mpo|move: Aurora Veil
|move|p2a: Goodra|Earthquake|p1a: Ninetales
|-damage|p1a: Ninetales|0 fnt
|faint|p1a: Ninetales
|
|-weather|Snowscape|[upkeep]
|upkeep
|
|t:|1758322824
|switch|p1a: Kyurem|Kyurem|100/100
|-ability|p1a: Kyurem|Pressure
|turn|42
|
|t:|1758322837
|switch|p1a: Torkoal|Torkoal, M|49/100
|-weather|SunnyDay|[from] ability: Drought|[of] p1a: Torkoal
|move|p2a: Goodra|Earthquake|p1a: Torkoal
|-supereffective|p1a: Torkoal
|-damage|p1a: Torkoal|7/100
|
|-weather|SunnyDay|[upkeep]
|-end|p2a: Goodra|Encore
|upkeep
|turn|43
|
|t:|1758322845
|move|p1a: Torkoal|Lava Plume|p2a: Goodra
|-damage|p2a: Goodra|13/100
|-status|p2a: Goodra|brn
|move|p2a: Goodra|Rest|p2a: Goodra
|-status|p2a: Goodra|slp|[from] move: Rest
|-heal|p2a: Goodra|100/100 slp|[silent]
|
|-weather|SunnyDay|[upkeep]
|upkeep
|turn|44
|c|☆Off_T3Mpo|ggs ur team rules
|inactive|Off_T3Mpo has 120 seconds left.
|
|t:|1758322878
|move|p1a: Torkoal|Lava Plume|p2a: Goodra
|-damage|p2a: Goodra|81/100 slp
|cant|p2a: Goodra|slp
|
|-weather|SunnyDay|[upkeep]
|upkeep
|turn|45
|c|☆Kyommunism|gg
|c|☆Kyommunism|thankyou
|-message|Off_T3Mpo forfeited.
|
|win|Kyommunism
|raw|Off_T3Mpo's rating: 1460 &rarr; <strong>1444</strong><br />(-16 for losing)
|raw|Kyommunism's rating: 1536 &rarr; <strong>1552</strong><br />(+16 for winning)
|l|☆Off_T3Mpo
|player|p1|
|c|☆Kyommunism|your team is really good too
|l|☆Kyommunism
|player|p2|
