|j|☆chaintrainalt
|j|☆crashbuster
|t:|1758349037
|gametype|singles
|player|p1|chaintrainalt|cyclistf|1126
|player|p2|crashbuster|brycenman|1093
|gen|9
|tier|[Gen 9] OU
|rated|
|rule|HP Percentage Mod: HP is shown in percentages
|rule|Endless Battle Clause: Forcing endless battles is banned
|rule|Species Clause: Limit one of each Pokémon
|rule|OHKO Clause: OHKO moves are banned
|rule|Evasion Items Clause: Evasion items are banned
|rule|Evasion Moves Clause: Evasion moves are banned
|rule|Evasion Abilities Clause: Evasion abilities are banned
|rule|Sleep Moves Clause: Sleep-inducing moves are banned
|clearpoke
|poke|p1|Ribombee, M|
|poke|p1|Gholdengo|
|poke|p1|Garchomp, F|
|poke|p1|Iron Moth|
|poke|p1|Iron Valiant|
|poke|p1|Samurott-Hisui, M|
|poke|p2|Regidrago|
|poke|p2|Greninja-*, M|
|poke|p2|Meganium, F|
|poke|p2|Necrozma|
|poke|p2|Snorlax, M|
|poke|p2|Registeel|
|teampreview
|inactive|Battle timer is ON: inactive players will automatically lose when time's up. (requested by chaintrainalt)
|
|t:|1758349048
|teamsize|p1|6
|teamsize|p2|6
|start
|switch|p1a: Ribombee|Ribombee, M|100/100
|switch|p2a: Necrozma|Necrozma|100/100
|turn|1
|
|t:|1758349057
|move|p1a: Ribombee|Sticky Web|p2a: Necrozma
|-sidestart|p2: crashbuster|move: Sticky Web
|move|p2a: Necrozma|Dragon Dance|p2a: Necrozma
|-boost|p2a: Necrozma|atk|1
|-boost|p2a: Necrozma|spe|1
|
|upkeep
|turn|2
|
|t:|1758349065
|move|p2a: Necrozma|Rock Blast|p1a: Ribombee
|-supereffective|p1a: Ribombee
|-damage|p1a: Ribombee|65/100
|-supereffective|p1a: Ribombee
|-damage|p1a: Ribombee|31/100
|-supereffective|p1a: Ribombee
|-damage|p1a: Ribombee|0 fnt
|faint|p1a: Ribombee
|-hitcount|p1: Ribombee|3
|
|upkeep
|
|t:|1758349075
|switch|p1a: Iron Valiant|Iron Valiant|100/100
|-enditem|p1a: Iron Valiant|Booster Energy
|-activate|p1a: Iron Valiant|ability: Quark Drive|[fromitem]
|-start|p1a: Iron Valiant|quarkdrivespe
|turn|3
|
|t:|1758349089
|-terastallize|p1a: Iron Valiant|Steel
|move|p1a: Iron Valiant|Swords Dance|p1a: Iron Valiant
|-boost|p1a: Iron Valiant|atk|2
|move|p2a: Necrozma|Body Slam|p1a: Iron Valiant
|-resisted|p1a: Iron Valiant
|-damage|p1a: Iron Valiant|82/100
|-status|p1a: Iron Valiant|par
|
|upkeep
|turn|4
|
|t:|1758349109
|move|p2a: Necrozma|Dragon Dance|p2a: Necrozma
|-boost|p2a: Necrozma|atk|1
|-boost|p2a: Necrozma|spe|1
|move|p1a: Iron Valiant|Knock Off|p2a: Necrozma
|-supereffective|p2a: Necrozma
|-damage|p2a: Necrozma|19/100
|-enditem|p2a: Necrozma|Weakness Policy
|-boost|p2a: Necrozma|atk|2|[from] item: Weakness Policy
|-boost|p2a: Necrozma|spa|2|[from] item: Weakness Policy
|
|upkeep
|turn|5
|
|t:|1758349121
|move|p2a: Necrozma|Stored Power|p1a: Iron Valiant
|-resisted|p1a: Iron Valiant
|-damage|p1a: Iron Valiant|0 fnt
|faint|p1a: Iron Valiant
|-end|p1a: Iron Valiant|Quark Drive|[silent]
|
|upkeep
|
|t:|1758349126
|switch|p1a: Samurott|Samurott-Hisui, M|100/100
|turn|6
|
|t:|1758349142
|-terastallize|p2a: Necrozma|Rock
|move|p1a: Samurott|Sucker Punch|p2a: Necrozma
|-damage|p2a: Necrozma|0 fnt
|faint|p2a: Necrozma
|-damage|p1a: Samurott|91/100|[from] item: Life Orb
|
|upkeep
|
|t:|1758349148
|switch|p2a: Meganium|Meganium, F|100/100
|-activate|p2a: Meganium|move: Sticky Web
|-unboost|p2a: Meganium|spe|1
|turn|7
|
|t:|1758349152
|move|p1a: Samurott|Ceaseless Edge|p2a: Meganium
|-damage|p2a: Meganium|50/100
|-sidestart|p2: crashbuster|Spikes
|-damage|p1a: Samurott|81/100|[from] item: Life Orb
|move|p2a: Meganium|Trailblaze|p1a: Samurott
|-supereffective|p1a: Samurott
|-damage|p1a: Samurott|46/100
|-boost|p2a: Meganium|spe|1
|
|upkeep
|turn|8
|
|t:|1758349162
|move|p1a: Samurott|Ceaseless Edge|p2a: Meganium
|-damage|p2a: Meganium|3/100
|-sidestart|p2: crashbuster|Spikes
|-damage|p1a: Samurott|36/100|[from] item: Life Orb
|move|p2a: Meganium|Giga Drain|p1a: Samurott
|-supereffective|p1a: Samurott
|-damage|p1a: Samurott|0 fnt
|-heal|p2a: Meganium|22/100|[from] drain|[of] p1a: Samurott
|faint|p1a: Samurott
|
|upkeep
|
|t:|1758349181
|switch|p1a: Iron Moth|Iron Moth|100/100
|-enditem|p1a: Iron Moth|Booster Energy
|-activate|p1a: Iron Moth|ability: Quark Drive|[fromitem]
|-start|p1a: Iron Moth|quarkdrivespa
|turn|9
|
|t:|1758349187
|move|p1a: Iron Moth|Fiery Dance|p2a: Meganium
|-supereffective|p2a: Meganium
|-damage|p2a: Meganium|0 fnt
|faint|p2a: Meganium
|
|upkeep
|
|t:|1758349192
|switch|p2a: Snorlax|Snorlax, M|100/100
|-activate|p2a: Snorlax|move: Sticky Web
|-unboost|p2a: Snorlax|spe|1
|-damage|p2a: Snorlax|84/100|[from] Spikes
|turn|10
|
|t:|1758349200
|move|p1a: Iron Moth|Sludge Wave|p2a: Snorlax
|-damage|p2a: Snorlax|47/100
|move|p2a: Snorlax|Body Slam|p1a: Iron Moth
|-damage|p1a: Iron Moth|50/100
|
|upkeep
|turn|11
|
|t:|1758349223
|move|p1a: Iron Moth|Overheat|p2a: Snorlax
|-damage|p2a: Snorlax|23/100
|-unboost|p1a: Iron Moth|spa|2
|-enditem|p2a: Snorlax|Aguav Berry|[eat]
|-heal|p2a: Snorlax|56/100|[from] item: Aguav Berry
|move|p2a: Snorlax|Curse|p2a: Snorlax
|-unboost|p2a: Snorlax|spe|1
|-boost|p2a: Snorlax|atk|1
|-boost|p2a: Snorlax|def|1
|
|upkeep
|turn|12
|
|t:|1758349235
|move|p1a: Iron Moth|Sludge Wave|p2a: Snorlax
|-crit|p2a: Snorlax
|-damage|p2a: Snorlax|0 fnt
|faint|p2a: Snorlax
|
|upkeep
|
|t:|1758349248
|switch|p2a: Greninja|Greninja, M|100/100
|-activate|p2a: Greninja|move: Sticky Web
|-unboost|p2a: Greninja|spe|1
|-damage|p2a: Greninja|84/100|[from] Spikes
|turn|13
|
|t:|1758349253
|move|p2a: Greninja|Water Shuriken|p1a: Iron Moth
|-supereffective|p1a: Iron Moth
|-damage|p1a: Iron Moth|36/100
|-supereffective|p1a: Iron Moth
|-damage|p1a: Iron Moth|22/100
|-supereffective|p1a: Iron Moth
|-damage|p1a: Iron Moth|6/100
|-supereffective|p1a: Iron Moth
|-damage|p1a: Iron Moth|0 fnt
|faint|p1a: Iron Moth
|-end|p1a: Iron Moth|Quark Drive|[silent]
|-ability|p2a: Greninja|Battle Bond|boost
|-boost|p2a: Greninja|atk|1
|-boost|p2a: Greninja|spa|1
|-boost|p2a: Greninja|spe|1
|-activate|p2a: Greninja|ability: Battle Bond
|-hitcount|p1: Iron Moth|4
|
|upkeep
|
|t:|1758349266
|switch|p1a: Gholdengo|Gholdengo|100/100
|-item|p1a: Gholdengo|Air Balloon
|turn|14
|
|t:|1758349270
|move|p2a: Greninja|Dark Pulse|p1a: Gholdengo
|-supereffective|p1a: Gholdengo
|-damage|p1a: Gholdengo|0 fnt
|-enditem|p1a: Gholdengo|Air Balloon
|faint|p1a: Gholdengo
|
|upkeep
|-message|chaintrainalt forfeited.
|
|win|crashbuster
|raw|chaintrainalt's rating: 1126 &rarr; <strong>1099</strong><br />(-27 for losing)
|raw|crashbuster's rating: 1093 &rarr; <strong>1122</strong><br />(+29 for winning)
|l|☆chaintrainalt
|player|p1|
|l|☆crashbuster
|player|p2|
