|j|☆YeatLover267
|j|☆Capt Qwark 2
|t:|1758289969
|gametype|singles
|player|p1|YeatLover267|backersf|1325
|player|p2|Capt Qwark 2|101|1270
|gen|9
|tier|[Gen 9] OU
|rated|
|rule|HP Percentage Mod: HP is shown in percentages
|rule|Endless Battle Clause: Forcing endless battles is banned
|rule|Species Clause: Limit one of each Pokémon
|rule|OHKO Clause: OHKO moves are banned
|rule|Evasion Items Clause: Evasion items are banned
|rule|Evasion Moves Clause: Evasion moves are banned
|rule|Evasion Abilities Clause: Evasion abilities are banned
|rule|Sleep Moves Clause: Sleep-inducing moves are banned
|clearpoke
|poke|p1|Lycanroc-Dusk, M|
|poke|p1|Great Tusk|
|poke|p1|Darkrai|
|poke|p1|Rotom-Wash|
|poke|p1|Blissey, F|
|poke|p1|Ceruledge, M|
|poke|p2|Slowking-Galar, F|
|poke|p2|Iron Valiant|
|poke|p2|Alomomola, M|
|poke|p2|Hydrapple, F|
|poke|p2|Samurott-Hisui, M|
|poke|p2|Darkrai|
|teampreview
|inactive|Battle timer is ON: inactive players will automatically lose when time's up. (requested by YeatLover267)
|
|t:|1758289981
|teamsize|p1|6
|teamsize|p2|6
|start
|switch|p1a: Rotom|Rotom-Wash|100/100
|switch|p2a: Samurott|Samurott-Hisui, M|100/100
|turn|1
|
|t:|1758289988
|switch|p2a: Slowking|Slowking-Galar, F|100/100
|move|p1a: Rotom|Volt Switch|p2a: Slowking
|-damage|p2a: Slowking|80/100
|
|t:|1758289993
|switch|p1a: Ceruledge|Ceruledge, M|100/100|[from] Volt Switch
|
|upkeep
|turn|2
|
|t:|1758289999
|move|p1a: Ceruledge|Poltergeist|p2a: Slowking
|-activate|p2a: Slowking|move: Poltergeist|Heavy-Duty Boots
|-supereffective|p2a: Slowking
|-damage|p2a: Slowking|0 fnt
|faint|p2a: Slowking
|
|upkeep
|
|t:|1758290004
|switch|p2a: Samurott|Samurott-Hisui, M|100/100
|turn|3
|
|t:|1758290016
|switch|p1a: Great Tusk|Great Tusk|100/100
|move|p2a: Samurott|Ceaseless Edge|p1a: Great Tusk
|-resisted|p1a: Great Tusk
|-damage|p1a: Great Tusk|90/100
|-sidestart|p1: YeatLover267|Spikes
|
|-heal|p1a: Great Tusk|96/100|[from] item: Leftovers
|upkeep
|turn|4
|
|t:|1758290025
|move|p2a: Samurott|Aqua Cutter|p1a: Great Tusk
|-supereffective|p1a: Great Tusk
|-damage|p1a: Great Tusk|54/100
|move|p1a: Great Tusk|Rapid Spin|p2a: Samurott
|-damage|p2a: Samurott|82/100
|-boost|p1a: Great Tusk|spe|1
|-sideend|p1: YeatLover267|Spikes|[from] move: Rapid Spin|[of] p1a: Great Tusk
|
|-heal|p1a: Great Tusk|60/100|[from] item: Leftovers
|upkeep
|turn|5
|
|t:|1758290031
|switch|p2a: Alomomola|Alomomola, M|100/100
|move|p1a: Great Tusk|Stealth Rock|p2a: Alomomola
|-sidestart|p2: Capt Qwark 2|move: Stealth Rock
|
|-heal|p1a: Great Tusk|66/100|[from] item: Leftovers
|upkeep
|turn|6
|
|t:|1758290035
|-end|p1a: Great Tusk|Protosynthesis|[silent]
|switch|p1a: Rotom|Rotom-Wash|100/100
|move|p2a: Alomomola|Scald|p1a: Rotom
|-resisted|p1a: Rotom
|-damage|p1a: Rotom|92/100
|-status|p1a: Rotom|brn
|
|-damage|p1a: Rotom|86/100 brn|[from] brn
|upkeep
|turn|7
|
|t:|1758290041
|move|p1a: Rotom|Volt Switch|p2a: Alomomola
|-supereffective|p2a: Alomomola
|-damage|p2a: Alomomola|16/100
|
|t:|1758290044
|switch|p1a: Blissey|Blissey, F|100/100|[from] Volt Switch
|move|p2a: Alomomola|Wish|p2a: Alomomola
|
|upkeep
|turn|8
|
|t:|1758290052
|switch|p1a: Rotom|Rotom-Wash|86/100 brn
|move|p2a: Alomomola|Protect||[still]
|-fail|p2a: Alomomola
|
|-heal|p2a: Alomomola|66/100|[from] move: Wish|[wisher] Alomomola
|-damage|p1a: Rotom|80/100 brn|[from] brn
|upkeep
|turn|9
|
|t:|1758290056
|move|p2a: Alomomola|Protect|p2a: Alomomola
|-singleturn|p2a: Alomomola|Protect
|move|p1a: Rotom|Volt Switch|p2a: Alomomola
|-activate|p2a: Alomomola|move: Protect
|
|-damage|p1a: Rotom|74/100 brn|[from] brn
|upkeep
|turn|10
|
|t:|1758290061
|switch|p2a: Hydrapple|Hydrapple, F|100/100
|-damage|p2a: Hydrapple|88/100|[from] Stealth Rock
|move|p1a: Rotom|Volt Switch|p2a: Hydrapple
|-resisted|p2a: Hydrapple
|-damage|p2a: Hydrapple|79/100
|
|t:|1758290069
|switch|p1a: Darkrai|Darkrai|100/100|[from] Volt Switch
|
|-heal|p2a: Hydrapple|85/100|[from] item: Leftovers
|upkeep
|turn|11
|
|t:|1758290079
|switch|p1a: Blissey|Blissey, F|100/100
|switch|p2a: Darkrai|Darkrai|100/100
|-damage|p2a: Darkrai|88/100|[from] Stealth Rock
|
|upkeep
|turn|12
|
|t:|1758290105
|move|p2a: Darkrai|Knock Off|p1a: Blissey
|-damage|p1a: Blissey|74/100
|-enditem|p1a: Blissey|Covert Cloak|[from] move: Knock Off|[of] p2a: Darkrai
|move|p1a: Blissey|Calm Mind|p1a: Blissey
|-boost|p1a: Blissey|spa|1
|-boost|p1a: Blissey|spd|1
|
|upkeep
|turn|13
|
|t:|1758290115
|switch|p2a: Iron Valiant|Iron Valiant|100/100
|-damage|p2a: Iron Valiant|94/100|[from] Stealth Rock
|-enditem|p2a: Iron Valiant|Booster Energy
|-activate|p2a: Iron Valiant|ability: Quark Drive|[fromitem]
|-start|p2a: Iron Valiant|quarkdrivespe
|move|p1a: Blissey|Thunderbolt|p2a: Iron Valiant
|-damage|p2a: Iron Valiant|48/100
|
|upkeep
|turn|14
|
|t:|1758290126
|-terastallize|p1a: Blissey|Bug
|move|p2a: Iron Valiant|Close Combat|p1a: Blissey
|-resisted|p1a: Blissey
|-damage|p1a: Blissey|48/100
|-unboost|p2a: Iron Valiant|def|1
|-unboost|p2a: Iron Valiant|spd|1
|move|p1a: Blissey|Thunderbolt|p2a: Iron Valiant
|-damage|p2a: Iron Valiant|0 fnt
|faint|p2a: Iron Valiant
|-end|p2a: Iron Valiant|Quark Drive|[silent]
|
|upkeep
|
|t:|1758290131
|switch|p2a: Samurott|Samurott-Hisui, M|82/100
|-damage|p2a: Samurott|70/100|[from] Stealth Rock
|turn|15
|
|t:|1758290135
|switch|p1a: Rotom|Rotom-Wash|74/100 brn
|move|p2a: Samurott|Ceaseless Edge|p1a: Rotom
|-crit|p1a: Rotom
|-damage|p1a: Rotom|0 fnt
|-sidestart|p1: YeatLover267|Spikes
|faint|p1a: Rotom
|
|upkeep
|
|t:|1758290137
|switch|p1a: Great Tusk|Great Tusk|66/100
|-damage|p1a: Great Tusk|54/100|[from] Spikes
|turn|16
|
|t:|1758290143
|move|p2a: Samurott|Aqua Cutter|p1a: Great Tusk
|-supereffective|p1a: Great Tusk
|-damage|p1a: Great Tusk|11/100
|move|p1a: Great Tusk|Rapid Spin|p2a: Samurott
|-damage|p2a: Samurott|50/100
|-boost|p1a: Great Tusk|spe|1
|-sideend|p1: YeatLover267|Spikes|[from] move: Rapid Spin|[of] p1a: Great Tusk
|
|-heal|p1a: Great Tusk|17/100|[from] item: Leftovers
|upkeep
|turn|17
|
|t:|1758290151
|switch|p2a: Alomomola|Alomomola, M|99/100
|-damage|p2a: Alomomola|87/100|[from] Stealth Rock
|move|p1a: Great Tusk|Body Press|p2a: Alomomola
|-damage|p2a: Alomomola|63/100
|-damage|p1a: Great Tusk|0 fnt|[from] item: Rocky Helmet|[of] p2a: Alomomola
|faint|p1a: Great Tusk
|-end|p1a: Great Tusk|Protosynthesis|[silent]
|
|upkeep
|
|t:|1758290156
|switch|p1a: Darkrai|Darkrai|100/100
|turn|18
|
|t:|1758290160
|switch|p2a: Darkrai|Darkrai|88/100
|-damage|p2a: Darkrai|76/100|[from] Stealth Rock
|move|p1a: Darkrai|Dark Pulse|p2a: Darkrai
|-resisted|p2a: Darkrai
|-damage|p2a: Darkrai|32/100
|
|upkeep
|turn|19
|
|t:|1758290166
|move|p1a: Darkrai|Dark Pulse|p2a: Darkrai
|-resisted|p2a: Darkrai
|-damage|p2a: Darkrai|0 fnt
|faint|p2a: Darkrai
|
|upkeep
|
|t:|1758290191
|switch|p2a: Alomomola|Alomomola, M|96/100
|-damage|p2a: Alomomola|84/100|[from] Stealth Rock
|turn|20
|
|t:|1758290200
|-terastallize|p2a: Alomomola|Fairy
|move|p1a: Darkrai|Dark Pulse|p2a: Alomomola
|-resisted|p2a: Alomomola
|-damage|p2a: Alomomola|46/100
|cant|p2a: Alomomola|flinch
|
|upkeep
|turn|21
|
|t:|1758290208
|move|p1a: Darkrai|Dark Pulse|p2a: Alomomola
|-resisted|p2a: Alomomola
|-damage|p2a: Alomomola|10/100
|move|p2a: Alomomola|Wish|p2a: Alomomola
|
|upkeep
|turn|22
|
|t:|1758290213
|switch|p1a: Blissey|Blissey, F, tera:Bug|48/100
|switch|p2a: Samurott|Samurott-Hisui, M|50/100
|-damage|p2a: Samurott|38/100|[from] Stealth Rock
|
|-heal|p2a: Samurott|100/100|[from] move: Wish|[wisher] Alomomola
|upkeep
|turn|23
|
|t:|1758290226
|switch|p1a: Darkrai|Darkrai|100/100
|move|p2a: Samurott|Ceaseless Edge|p1a: Darkrai|[miss]
|-miss|p2a: Samurott|p1a: Darkrai
|
|upkeep
|turn|24
|
|t:|1758290230
|move|p1a: Darkrai|Focus Blast|p2a: Samurott
|-supereffective|p2a: Samurott
|-damage|p2a: Samurott|0 fnt
|faint|p2a: Samurott
|
|upkeep
|
|t:|1758290235
|switch|p2a: Alomomola|Alomomola, M, tera:Fairy|44/100
|-damage|p2a: Alomomola|31/100|[from] Stealth Rock
|turn|25
|
|t:|1758290239
|switch|p1a: Lycanroc|Lycanroc-Dusk, M|100/100
|move|p2a: Alomomola|Flip Turn|p1a: Lycanroc
|-supereffective|p1a: Lycanroc
|-damage|p1a: Lycanroc|47/100
|
|t:|1758290242
|switch|p2a: Hydrapple|Hydrapple, F|100/100|[from] Flip Turn
|-damage|p2a: Hydrapple|88/100|[from] Stealth Rock
|
|-heal|p2a: Hydrapple|94/100|[from] item: Leftovers
|upkeep
|turn|26
|
|t:|1758290248
|move|p1a: Lycanroc|Play Rough|p2a: Hydrapple
|-supereffective|p2a: Hydrapple
|-damage|p2a: Hydrapple|35/100
|-damage|p1a: Lycanroc|37/100|[from] item: Life Orb
|move|p2a: Hydrapple|Giga Drain|p1a: Lycanroc
|-supereffective|p1a: Lycanroc
|-damage|p1a: Lycanroc|0 fnt
|-heal|p2a: Hydrapple|48/100|[from] drain|[of] p1a: Lycanroc
|faint|p1a: Lycanroc
|
|-heal|p2a: Hydrapple|54/100|[from] item: Leftovers
|upkeep
|
|t:|1758290251
|switch|p1a: Blissey|Blissey, F, tera:Bug|48/100
|turn|27
|
|t:|1758290271
|move|p1a: Blissey|Soft-Boiled|p1a: Blissey
|-heal|p1a: Blissey|98/100
|move|p2a: Hydrapple|Nasty Plot|p2a: Hydrapple
|-boost|p2a: Hydrapple|spa|2
|
|-heal|p2a: Hydrapple|60/100|[from] item: Leftovers
|upkeep
|turn|28
|
|t:|1758290280
|move|p1a: Blissey|Calm Mind|p1a: Blissey
|-boost|p1a: Blissey|spa|1
|-boost|p1a: Blissey|spd|1
|move|p2a: Hydrapple|Nasty Plot|p2a: Hydrapple
|-boost|p2a: Hydrapple|spa|2
|
|-heal|p2a: Hydrapple|66/100|[from] item: Leftovers
|upkeep
|turn|29
|
|t:|1758290284
|move|p1a: Blissey|Calm Mind|p1a: Blissey
|-boost|p1a: Blissey|spa|1
|-boost|p1a: Blissey|spd|1
|move|p2a: Hydrapple|Dragon Pulse|p1a: Blissey
|-damage|p1a: Blissey|79/100
|
|-heal|p2a: Hydrapple|73/100|[from] item: Leftovers
|upkeep
|turn|30
|
|t:|1758290288
|move|p1a: Blissey|Calm Mind|p1a: Blissey
|-boost|p1a: Blissey|spa|1
|-boost|p1a: Blissey|spd|1
|move|p2a: Hydrapple|Nasty Plot|p2a: Hydrapple
|-boost|p2a: Hydrapple|spa|2
|
|-heal|p2a: Hydrapple|79/100|[from] item: Leftovers
|upkeep
|turn|31
|
|t:|1758290292
|move|p1a: Blissey|Calm Mind|p1a: Blissey
|-boost|p1a: Blissey|spa|1
|-boost|p1a: Blissey|spd|1
|move|p2a: Hydrapple|Dragon Pulse|p1a: Blissey
|-damage|p1a: Blissey|63/100
|
|-heal|p2a: Hydrapple|85/100|[from] item: Leftovers
|upkeep
|turn|32
|
|t:|1758290296
|move|p1a: Blissey|Calm Mind|p1a: Blissey
|-boost|p1a: Blissey|spa|1
|-boost|p1a: Blissey|spd|1
|move|p2a: Hydrapple|Dragon Pulse|p1a: Blissey
|-damage|p1a: Blissey|49/100
|
|-heal|p2a: Hydrapple|91/100|[from] item: Leftovers
|upkeep
|turn|33
|
|t:|1758290299
|move|p1a: Blissey|Soft-Boiled|p1a: Blissey
|-heal|p1a: Blissey|99/100
|move|p2a: Hydrapple|Dragon Pulse|p1a: Blissey
|-damage|p1a: Blissey|85/100
|
|-heal|p2a: Hydrapple|98/100|[from] item: Leftovers
|upkeep
|turn|34
|
|t:|1758290301
|move|p1a: Blissey|Ice Beam|p2a: Hydrapple
|-supereffective|p2a: Hydrapple
|-damage|p2a: Hydrapple|0 fnt
|faint|p2a: Hydrapple
|
|upkeep
|-message|Capt Qwark 2 forfeited.
|
|win|YeatLover267
|raw|YeatLover267's rating: 1325 &rarr; <strong>1342</strong><br />(+17 for winning)
|raw|Capt Qwark 2's rating: 1270 &rarr; <strong>1249</strong><br />(-21 for losing)
|l|☆Capt Qwark 2
|player|p2|
|l|☆YeatLover267
|player|p1|
