|j|☆Flex Plays Only
|j|☆tomatic
|t:|1758232584
|gametype|singles
|player|p1|Flex Plays Only|miku-fairy|1682
|player|p2|tomatic|blackbelt-gen4dp|1670
|gen|9
|tier|[Gen 9] OU
|rated|
|rule|HP Percentage Mod: HP is shown in percentages
|rule|Endless Battle Clause: Forcing endless battles is banned
|rule|Species Clause: Limit one of each Pokémon
|rule|OHKO Clause: OHKO moves are banned
|rule|Evasion Items Clause: Evasion items are banned
|rule|Evasion Moves Clause: Evasion moves are banned
|rule|Evasion Abilities Clause: Evasion abilities are banned
|rule|Sleep Moves Clause: Sleep-inducing moves are banned
|clearpoke
|poke|p1|Kingambit, M|
|poke|p1|Hatterene, F|
|poke|p1|Tornadus-Therian, M|
|poke|p1|Zamazenta-*|
|poke|p1|Iron Crown|
|poke|p1|Great Tusk|
|poke|p2|Maushold-Four|
|poke|p2|Scizor, F|
|poke|p2|Landorus-Therian, M|
|poke|p2|Dragonite, F|
|poke|p2|Hatterene, F|
|poke|p2|Rotom-Wash|
|teampreview
|inactive|Battle timer is ON: inactive players will automatically lose when time's up. (requested by Flex Plays Only)
|
|t:|1758232607
|teamsize|p1|6
|teamsize|p2|6
|start
|switch|p1a: Tornadus|Tornadus-Therian, M|100/100
|switch|p2a: Rotom|Rotom-Wash|100/100
|turn|1
|
|t:|1758232609
|move|p2a: Rotom|Volt Switch|p1a: Tornadus
|-supereffective|p1a: Tornadus
|-damage|p1a: Tornadus|54/100
|
|t:|1758232613
|switch|p2a: Landorus|Landorus-Therian, M|100/100|[from] Volt Switch
|-ability|p2a: Landorus|Intimidate|boost
|-unboost|p1a: Tornadus|atk|1
|move|p1a: Tornadus|Knock Off|p2a: Landorus
|-damage|p2a: Landorus|87/100
|-damage|p1a: Tornadus|38/100|[from] item: Rocky Helmet|[of] p2a: Landorus
|-enditem|p2a: Landorus|Rocky Helmet|[from] move: Knock Off|[of] p1a: Tornadus
|
|upkeep
|turn|2
|
|t:|1758232619
|move|p1a: Tornadus|U-turn|p2a: Landorus
|-resisted|p2a: Landorus
|-damage|p2a: Landorus|83/100
|
|t:|1758232621
|switch|p1a: Great Tusk|Great Tusk|100/100|[from] U-turn
|move|p2a: Landorus|U-turn|p1a: Great Tusk
|-resisted|p1a: Great Tusk
|-damage|p1a: Great Tusk|92/100
|-damage|p2a: Landorus|66/100|[from] item: Rocky Helmet|[of] p1a: Great Tusk
|
|t:|1758232627
|switch|p2a: Scizor|Scizor, F|100/100|[from] U-turn
|
|upkeep
|turn|3
|
|t:|1758232631
|move|p1a: Great Tusk|Headlong Rush|p2a: Scizor
|-damage|p2a: Scizor|29/100
|-unboost|p1a: Great Tusk|def|1
|-unboost|p1a: Great Tusk|spd|1
|move|p2a: Scizor|Knock Off|p1a: Great Tusk
|-resisted|p1a: Great Tusk
|-damage|p1a: Great Tusk|72/100
|-damage|p2a: Scizor|12/100|[from] item: Rocky Helmet|[of] p1a: Great Tusk
|-enditem|p1a: Great Tusk|Rocky Helmet|[from] move: Knock Off|[of] p2a: Scizor
|
|upkeep
|turn|4
|
|t:|1758232641
|switch|p2a: Hatterene|Hatterene, F|100/100
|move|p1a: Great Tusk|Ice Spinner|p2a: Hatterene
|-damage|p2a: Hatterene|69/100
|
|upkeep
|turn|5
|
|t:|1758232647
|-end|p1a: Great Tusk|Protosynthesis|[silent]
|switch|p1a: Hatterene|Hatterene, F|100/100
|switch|p2a: Landorus|Landorus-Therian, M|66/100
|-ability|p2a: Landorus|Intimidate|boost
|-unboost|p1a: Hatterene|atk|1
|
|upkeep
|turn|6
|
|t:|1758232651
|move|p2a: Landorus|U-turn|p1a: Hatterene
|-damage|p1a: Hatterene|80/100
|
|t:|1758232654
|switch|p2a: Scizor|Scizor, F|12/100|[from] U-turn
|move|p1a: Hatterene|Psychic Noise|p2a: Scizor
|-resisted|p2a: Scizor
|-crit|p2a: Scizor
|-damage|p2a: Scizor|0 fnt
|faint|p2a: Scizor
|
|upkeep
|
|t:|1758232661
|switch|p2a: Maushold|Maushold-Four|100/100
|turn|7
|
|t:|1758232663
|move|p2a: Maushold|Population Bomb|p1a: Hatterene
|-damage|p1a: Hatterene|69/100
|-damage|p1a: Hatterene|59/100
|-damage|p1a: Hatterene|47/100
|-damage|p1a: Hatterene|37/100
|-damage|p1a: Hatterene|26/100
|-damage|p1a: Hatterene|16/100
|-damage|p1a: Hatterene|4/100
|-damage|p1a: Hatterene|0 fnt
|faint|p1a: Hatterene
|-hitcount|p1: Hatterene|8
|
|upkeep
|
|t:|1758232669
|switch|p1a: Tornadus|Tornadus-Therian, M|71/100
|turn|8
|j| Nikator98
|l| Nikator98
|
|t:|1758232675
|switch|p2a: Hatterene|Hatterene, F|69/100
|move|p1a: Tornadus|Knock Off|p2a: Hatterene
|-damage|p2a: Hatterene|47/100
|-enditem|p2a: Hatterene|Assault Vest|[from] move: Knock Off|[of] p1a: Tornadus
|
|upkeep
|turn|9
|
|t:|1758232684
|move|p1a: Tornadus|U-turn|p2a: Hatterene
|-damage|p2a: Hatterene|30/100
|
|t:|1758232687
|switch|p1a: Iron Crown|Iron Crown|100/100|[from] U-turn
|move|p2a: Hatterene|Mystical Fire|p1a: Iron Crown
|-supereffective|p1a: Iron Crown
|-damage|p1a: Iron Crown|63/100
|-unboost|p1a: Iron Crown|spa|1
|
|upkeep
|turn|10
|
|t:|1758232693
|switch|p2a: Landorus|Landorus-Therian, M|66/100
|-ability|p2a: Landorus|Intimidate|boost
|-unboost|p1a: Iron Crown|atk|1
|move|p1a: Iron Crown|Tachyon Cutter|p2a: Landorus
|-damage|p2a: Landorus|45/100
|-damage|p2a: Landorus|23/100
|-hitcount|p2a: Landorus|2
|
|upkeep
|turn|11
|
|t:|1758232699
|switch|p2a: Rotom|Rotom-Wash|100/100
|move|p1a: Iron Crown|Psychic Noise|p2a: Rotom
|-damage|p2a: Rotom|68/100
|-start|p2a: Rotom|move: Heal Block
|
|upkeep
|turn|12
|
|t:|1758232706
|move|p2a: Rotom|Trick|p1a: Iron Crown
|-activate|p2a: Rotom|move: Trick|[of] p1a: Iron Crown
|-item|p1a: Iron Crown|Choice Scarf|[from] move: Trick
|-item|p2a: Rotom|Assault Vest|[from] move: Trick
|move|p1a: Iron Crown|Future Sight|p2a: Rotom
|-start|p1a: Iron Crown|move: Future Sight
|
|-end|p2a: Rotom|move: Heal Block
|upkeep
|turn|13
|
|t:|1758232711
|-end|p1a: Iron Crown|Quark Drive|[silent]
|switch|p1a: Tornadus|Tornadus-Therian, M|100/100
|move|p2a: Rotom|Hydro Pump|p1a: Tornadus
|-damage|p1a: Tornadus|68/100
|
|upkeep
|turn|14
|
|t:|1758232716
|move|p1a: Tornadus|U-turn|p2a: Rotom
|-damage|p2a: Rotom|49/100
|
|t:|1758232718
|switch|p1a: Iron Crown|Iron Crown|63/100|[from] U-turn
|move|p2a: Rotom|Hydro Pump|p1a: Iron Crown
|-damage|p1a: Iron Crown|11/100
|
|-end|p2a: Rotom|move: Future Sight
|-damage|p2a: Rotom|0 fnt
|faint|p2a: Rotom
|upkeep
|
|t:|1758232730
|switch|p2a: Hatterene|Hatterene, F|30/100
|turn|15
|
|t:|1758232736
|move|p1a: Iron Crown|Tachyon Cutter|p2a: Hatterene
|-supereffective|p2a: Hatterene
|-damage|p2a: Hatterene|0 fnt
|faint|p2a: Hatterene
|-hitcount|p2: Hatterene|1
|
|upkeep
|
|t:|1758232741
|switch|p2a: Dragonite|Dragonite, F|100/100
|turn|16
|
|t:|1758232744
|move|p1a: Iron Crown|Tachyon Cutter|p2a: Dragonite
|-damage|p2a: Dragonite|87/100
|-damage|p2a: Dragonite|60/100
|-hitcount|p2a: Dragonite|2
|move|p2a: Dragonite|Earthquake|p1a: Iron Crown
|-supereffective|p1a: Iron Crown
|-damage|p1a: Iron Crown|0 fnt
|faint|p1a: Iron Crown
|-end|p1a: Iron Crown|Quark Drive|[silent]
|
|-heal|p2a: Dragonite|66/100|[from] item: Leftovers
|upkeep
|
|t:|1758232749
|switch|p1a: Great Tusk|Great Tusk|72/100
|turn|17
|
|t:|1758232756
|switch|p2a: Landorus|Landorus-Therian, M|23/100
|-ability|p2a: Landorus|Intimidate|boost
|-unboost|p1a: Great Tusk|atk|1
|move|p1a: Great Tusk|Ice Spinner|p2a: Landorus
|-supereffective|p2a: Landorus
|-damage|p2a: Landorus|0 fnt
|faint|p2a: Landorus
|
|upkeep
|
|t:|1758232762
|switch|p2a: Maushold|Maushold-Four|100/100
|turn|18
|
|t:|1758232769
|move|p2a: Maushold|Population Bomb|p1a: Great Tusk
|-damage|p1a: Great Tusk|64/100
|-damage|p1a: Great Tusk|57/100
|-damage|p1a: Great Tusk|48/100
|-damage|p1a: Great Tusk|40/100
|-damage|p1a: Great Tusk|33/100
|-damage|p1a: Great Tusk|24/100
|-damage|p1a: Great Tusk|16/100
|-damage|p1a: Great Tusk|8/100
|-damage|p1a: Great Tusk|0 fnt
|faint|p1a: Great Tusk
|-end|p1a: Great Tusk|Protosynthesis|[silent]
|-hitcount|p1: Great Tusk|9
|
|upkeep
|
|t:|1758232771
|switch|p1a: Tornadus|Tornadus-Therian, M|100/100
|turn|19
|
|t:|1758232775
|move|p1a: Tornadus|Knock Off|p2a: Maushold
|-damage|p2a: Maushold|68/100
|-enditem|p2a: Maushold|Wide Lens|[from] move: Knock Off|[of] p1a: Tornadus
|move|p2a: Maushold|Tidy Up|p2a: Maushold
|-boost|p2a: Maushold|atk|1
|-boost|p2a: Maushold|spe|1
|
|upkeep
|turn|20
|
|t:|1758232780
|move|p2a: Maushold|Population Bomb|p1a: Tornadus
|-damage|p1a: Tornadus|82/100
|-hitcount|p1a: Tornadus|1
|move|p1a: Tornadus|Bleakwind Storm|p2a: Maushold
|-damage|p2a: Maushold|13/100
|
|upkeep
|turn|21
|
|t:|1758232784
|move|p2a: Maushold|Population Bomb|p1a: Tornadus
|-damage|p1a: Tornadus|65/100
|-damage|p1a: Tornadus|46/100
|-damage|p1a: Tornadus|26/100
|-damage|p1a: Tornadus|7/100
|-damage|p1a: Tornadus|0 fnt
|faint|p1a: Tornadus
|-hitcount|p1: Tornadus|5
|
|upkeep
|
|t:|1758232788
|switch|p1a: Zamazenta|Zamazenta|100/100
|-ability|p1a: Zamazenta|Dauntless Shield|boost
|-boost|p1a: Zamazenta|def|1
|turn|22
|
|t:|1758232791
|move|p2a: Maushold|Population Bomb|p1a: Zamazenta
|-damage|p1a: Zamazenta|92/100
|-damage|p1a: Zamazenta|83/100
|-damage|p1a: Zamazenta|74/100
|-damage|p1a: Zamazenta|65/100
|-damage|p1a: Zamazenta|56/100
|-damage|p1a: Zamazenta|48/100
|-damage|p1a: Zamazenta|39/100
|-damage|p1a: Zamazenta|30/100
|-damage|p1a: Zamazenta|21/100
|-crit|p1a: Zamazenta
|-damage|p1a: Zamazenta|0 fnt
|faint|p1a: Zamazenta
|-hitcount|p1: Zamazenta|10
|
|upkeep
|
|t:|1758232796
|switch|p1a: Kingambit|Kingambit, M, shiny|100/100
|-activate|p1a: Kingambit|ability: Supreme Overlord
|-start|p1a: Kingambit|fallen5|[silent]
|turn|23
|
|t:|1758232800
|move|p2a: Maushold|Tidy Up|p2a: Maushold
|-boost|p2a: Maushold|atk|1
|-boost|p2a: Maushold|spe|1
|move|p1a: Kingambit|Kowtow Cleave|p2a: Maushold
|-damage|p2a: Maushold|0 fnt
|faint|p2a: Maushold
|
|upkeep
|
|t:|1758232803
|switch|p2a: Dragonite|Dragonite, F|66/100
|turn|24
|
|t:|1758232807
|-terastallize|p1a: Kingambit|Fairy
|move|p2a: Dragonite|Earthquake|p1a: Kingambit
|-damage|p1a: Kingambit|78/100
|move|p1a: Kingambit|Tera Blast|p2a: Dragonite|[anim] Tera Blast Fairy
|-supereffective|p2a: Dragonite
|-damage|p2a: Dragonite|0 fnt
|faint|p2a: Dragonite
|
|win|Flex Plays Only
|raw|Flex Plays Only's rating: 1682 &rarr; <strong>1701</strong><br />(+19 for winning)
|raw|tomatic's rating: 1670 &rarr; <strong>1651</strong><br />(-19 for losing)
|c|☆tomatic|gg
|l|☆Flex Plays Only
|player|p1|
|l|☆tomatic
|player|p2|
