|j|☆eviolitenumel
|j|☆buuwomper
|t:|1758255823
|gametype|singles
|player|p1|eviolitenumel|pokefanf-gen2|1346
|player|p2|buuwomper|elesa-masters|1343
|gen|9
|tier|[Gen 9] OU
|rated|
|rule|HP Percentage Mod: HP is shown in percentages
|rule|Endless Battle Clause: Forcing endless battles is banned
|rule|Species Clause: Limit one of each Pokémon
|rule|OHKO Clause: OHKO moves are banned
|rule|Evasion Items Clause: Evasion items are banned
|rule|Evasion Moves Clause: Evasion moves are banned
|rule|Evasion Abilities Clause: Evasion abilities are banned
|rule|Sleep Moves Clause: Sleep-inducing moves are banned
|clearpoke
|poke|p1|Landorus-Therian, M|
|poke|p1|Weezing-Galar, M|
|poke|p1|Hoopa-Unbound|
|poke|p1|Muk-Alola, F|
|poke|p1|Garchomp, F|
|poke|p1|Quagsire, M|
|poke|p2|Great Tusk|
|poke|p2|Heatran, M|
|poke|p2|Weavile, M|
|poke|p2|Primarina, M|
|poke|p2|Ogerpon, F|
|poke|p2|Pecharunt|
|teampreview
|inactive|Battle timer is ON: inactive players will automatically lose when time's up. (requested by eviolitenumel)
|inactive|buuwomper also wants the timer to be on.
|inactive|buuwomper has 120 seconds left.
|
|t:|1758255863
|teamsize|p1|6
|teamsize|p2|6
|start
|switch|p1a: Landorus|Landorus-Therian, M|100/100
|switch|p2a: Heatran|Heatran, M, shiny|100/100
|-ability|p1a: Landorus|Intimidate|boost
|-unboost|p2a: Heatran|atk|1
|-item|p2a: Heatran|Air Balloon
|turn|1
|
|t:|1758255876
|switch|p1a: Muk|Muk-Alola, F|100/100
|move|p2a: Heatran|Stealth Rock|p1a: Muk
|-sidestart|p1: eviolitenumel|move: Stealth Rock
|
|upkeep
|turn|2
|
|t:|1758255885
|switch|p2a: Great Tusk|Great Tusk, shiny|100/100
|move|p1a: Muk|Knock Off|p2a: Great Tusk
|-resisted|p2a: Great Tusk
|-damage|p2a: Great Tusk|88/100
|-status|p2a: Great Tusk|psn|[from] ability: Poison Touch|[of] p1a: Muk
|-enditem|p2a: Great Tusk|Heavy-Duty Boots|[from] move: Knock Off|[of] p1a: Muk
|
|-damage|p2a: Great Tusk|76/100 psn|[from] psn
|upkeep
|turn|3
|
|t:|1758255899
|switch|p1a: Landorus|Landorus-Therian, M|100/100
|-damage|p1a: Landorus|88/100|[from] Stealth Rock
|-ability|p1a: Landorus|Intimidate|boost
|-unboost|p2a: Great Tusk|atk|1
|move|p2a: Great Tusk|Headlong Rush|p1a: Landorus
|-immune|p1a: Landorus
|
|-damage|p2a: Great Tusk|64/100 psn|[from] psn
|upkeep
|turn|4
|
|t:|1758255911
|switch|p1a: Quagsire|Quagsire, M|100/100
|-damage|p1a: Quagsire|94/100|[from] Stealth Rock
|move|p2a: Great Tusk|Rapid Spin|p1a: Quagsire
|-damage|p1a: Quagsire|86/100
|-boost|p2a: Great Tusk|spe|1
|-damage|p2a: Great Tusk|47/100 psn|[from] item: Rocky Helmet|[of] p1a: Quagsire
|
|-damage|p2a: Great Tusk|35/100 psn|[from] psn
|upkeep
|turn|5
|
|t:|1758255922
|-end|p2a: Great Tusk|Protosynthesis|[silent]
|switch|p2a: Ogerpon|Ogerpon, F|100/100
|move|p1a: Quagsire|Stealth Rock|p2a: Ogerpon
|-sidestart|p2: buuwomper|move: Stealth Rock
|
|upkeep
|turn|6
|
|t:|1758255940
|switch|p1a: Weezing|Weezing-Galar, M|100/100
|-ability|p1a: Weezing|Neutralizing Gas
|-damage|p1a: Weezing|88/100|[from] Stealth Rock
|move|p2a: Ogerpon|U-turn|p1a: Weezing
|-resisted|p1a: Weezing
|-damage|p1a: Weezing|83/100
|
|t:|1758255943
|switch|p2a: Heatran|Heatran, M, shiny|100/100|[from] U-turn
|-damage|p2a: Heatran|88/100|[from] Stealth Rock
|-item|p2a: Heatran|Air Balloon
|
|-heal|p1a: Weezing|89/100|[from] item: Leftovers
|upkeep
|turn|7
|
|t:|1758255956
|-end|p1a: Weezing|ability: Neutralizing Gas
|switch|p1a: Muk|Muk-Alola, F|100/100
|-damage|p1a: Muk|88/100|[from] Stealth Rock
|move|p2a: Heatran|Magma Storm|p1a: Muk
|-damage|p1a: Muk|68/100
|-activate|p1a: Muk|move: Magma Storm|[of] p2a: Heatran
|
|-damage|p1a: Muk|56/100|[from] move: Magma Storm|[partiallytrapped]
|upkeep
|turn|8
|
|t:|1758255969
|switch|p2a: Great Tusk|Great Tusk, shiny|35/100 psn
|-damage|p2a: Great Tusk|32/100 psn|[from] Stealth Rock
|move|p1a: Muk|Drain Punch|p2a: Great Tusk
|-damage|p2a: Great Tusk|19/100 psn
|-heal|p1a: Muk|61/100|[from] drain|[of] p2a: Great Tusk
|
|-damage|p2a: Great Tusk|7/100 psn|[from] psn
|-end|p1a: Muk|Magma Storm|[partiallytrapped]|[silent]
|upkeep
|turn|9
|
|t:|1758255992
|switch|p1a: Quagsire|Quagsire, M|86/100
|-damage|p1a: Quagsire|80/100|[from] Stealth Rock
|move|p2a: Great Tusk|Close Combat|p1a: Quagsire
|-damage|p1a: Quagsire|32/100
|-unboost|p2a: Great Tusk|def|1
|-unboost|p2a: Great Tusk|spd|1
|-damage|p2a: Great Tusk|0 fnt|[from] item: Rocky Helmet|[of] p1a: Quagsire
|faint|p2a: Great Tusk
|-end|p2a: Great Tusk|Protosynthesis|[silent]
|
|upkeep
|
|t:|1758256001
|switch|p2a: Heatran|Heatran, M, shiny|88/100
|-damage|p2a: Heatran|76/100|[from] Stealth Rock
|-item|p2a: Heatran|Air Balloon
|turn|10
|
|t:|1758256013
|move|p2a: Heatran|Earth Power|p1a: Quagsire
|-damage|p1a: Quagsire|0 fnt
|faint|p1a: Quagsire
|
|upkeep
|
|t:|1758256023
|switch|p1a: Hoopa|Hoopa-Unbound|100/100
|-damage|p1a: Hoopa|88/100|[from] Stealth Rock
|turn|11
|
|t:|1758256035
|switch|p2a: Primarina|Primarina, M, shiny|100/100
|-damage|p2a: Primarina|88/100|[from] Stealth Rock
|move|p1a: Hoopa|Knock Off|p2a: Primarina
|-resisted|p2a: Primarina
|-damage|p2a: Primarina|58/100
|-enditem|p2a: Primarina|Assault Vest|[from] move: Knock Off|[of] p1a: Hoopa
|
|upkeep
|turn|12
|
|t:|1758256050
|switch|p1a: Muk|Muk-Alola, F|61/100
|-damage|p1a: Muk|49/100|[from] Stealth Rock
|move|p2a: Primarina|Moonblast|p1a: Muk
|-damage|p1a: Muk|28/100
|
|upkeep
|turn|13
|
|t:|1758256065
|switch|p2a: Pecharunt|Pecharunt|100/100
|-damage|p2a: Pecharunt|88/100|[from] Stealth Rock
|move|p1a: Muk|Poison Jab|p2a: Pecharunt
|-resisted|p2a: Pecharunt
|-damage|p2a: Pecharunt|85/100
|-damage|p1a: Muk|12/100|[from] item: Rocky Helmet|[of] p2a: Pecharunt
|
|upkeep
|turn|14
|
|t:|1758256074
|move|p2a: Pecharunt|Malignant Chain|p1a: Muk
|-resisted|p1a: Muk
|-damage|p1a: Muk|5/100
|move|p1a: Muk|Knock Off|p2a: Pecharunt
|-supereffective|p2a: Pecharunt
|-damage|p2a: Pecharunt|57/100
|-damage|p1a: Muk|0 fnt|[from] item: Rocky Helmet|[of] p2a: Pecharunt
|faint|p1a: Muk
|
|upkeep
|
|t:|1758256085
|switch|p1a: Landorus|Landorus-Therian, M|88/100
|-damage|p1a: Landorus|75/100|[from] Stealth Rock
|-ability|p1a: Landorus|Intimidate|boost
|-unboost|p2a: Pecharunt|atk|1
|turn|15
|
|t:|1758256097
|-terastallize|p1a: Landorus|Electric
|move|p1a: Landorus|Tera Blast|p2a: Pecharunt|[anim] Tera Blast Electric
|-damage|p2a: Pecharunt|19/100
|move|p2a: Pecharunt|Malignant Chain|p1a: Landorus
|-damage|p1a: Landorus|36/100
|-status|p1a: Landorus|tox
|-start|p1a: Landorus|confusion|[from] ability: Poison Puppeteer|[of] p2a: Pecharunt
|
|-damage|p1a: Landorus|30/100 tox|[from] psn
|upkeep
|turn|16
|-message|eviolitenumel forfeited.
|
|win|buuwomper
|raw|eviolitenumel's rating: 1346 &rarr; <strong>1326</strong><br />(-20 for losing)
|raw|buuwomper's rating: 1343 &rarr; <strong>1363</strong><br />(+20 for winning)
|l|☆eviolitenumel
|player|p1|
|l|☆buuwomper
|player|p2|
