|j|☆spreadthesalt
|j|☆animeprincess98
|t:|1758343041
|gametype|singles
|player|p1|spreadthesalt|266|1193
|player|p2|animeprincess98|harlequin|1184
|gen|9
|tier|[Gen 9] OU
|rated|
|rule|HP Percentage Mod: HP is shown in percentages
|rule|Endless Battle Clause: Forcing endless battles is banned
|rule|Species Clause: Limit one of each Pokémon
|rule|OHKO Clause: OHKO moves are banned
|rule|Evasion Items Clause: Evasion items are banned
|rule|Evasion Moves Clause: Evasion moves are banned
|rule|Evasion Abilities Clause: Evasion abilities are banned
|rule|Sleep Moves Clause: Sleep-inducing moves are banned
|clearpoke
|poke|p1|Wo-Chien|
|poke|p1|Cinderace, F|
|poke|p1|Samurott-Hisui, F|
|poke|p1|Clodsire, M|
|poke|p1|Ribombee, M|
|poke|p1|Hatterene, F|
|poke|p2|Torkoal, M|
|poke|p2|Comfey, F|
|poke|p2|Coalossal, F|
|poke|p2|Great Tusk|
|poke|p2|Corviknight, M|
|poke|p2|Hoopa-Unbound|
|teampreview
|inactive|Battle timer is ON: inactive players will automatically lose when time's up. (requested by animeprincess98)
|inactive|animeprincess98 has 120 seconds left.
|inactive|animeprincess98 has 90 seconds left.
|inactive|animeprincess98 has 60 seconds left.
|inactive|animeprincess98 has 30 seconds left.
|
|t:|1758343162
|teamsize|p1|6
|teamsize|p2|6
|start
|switch|p1a: Ribombee|Ribombee, M, shiny|100/100
|switch|p2a: Torkoal|Torkoal, M|100/100
|-weather|SunnyDay|[from] ability: Drought|[of] p2a: Torkoal
|turn|1
|
|t:|1758343181
|switch|p1a: Samurott|Samurott-Hisui, F, shiny|100/100
|move|p2a: Torkoal|Stealth Rock|p1a: Samurott
|-sidestart|p1: spreadthesalt|move: Stealth Rock
|
|-weather|SunnyDay|[upkeep]
|upkeep
|turn|2
|inactive|animeprincess98 has 90 seconds left.
|
|t:|1758343212
|move|p1a: Samurott|Knock Off|p2a: Torkoal
|-damage|p2a: Torkoal|66/100
|-enditem|p2a: Torkoal|Heat Rock|[from] move: Knock Off|[of] p1a: Samurott
|move|p2a: Torkoal|Will-O-Wisp|p1a: Samurott
|-status|p1a: Samurott|brn
|
|-weather|SunnyDay|[upkeep]
|-damage|p1a: Samurott|94/100 brn|[from] brn
|upkeep
|turn|3
|
|t:|1758343221
|switch|p2a: Comfey|Comfey, F|100/100
|move|p1a: Samurott|Ceaseless Edge|p2a: Comfey
|-resisted|p2a: Comfey
|-damage|p2a: Comfey|86/100
|-sidestart|p2: animeprincess98|Spikes
|
|-weather|SunnyDay|[upkeep]
|-damage|p1a: Samurott|88/100 brn|[from] brn
|upkeep
|turn|4
|inactive|animeprincess98 has 90 seconds left.
|inactive|animeprincess98 has 60 seconds left.
|
|t:|1758343259
|switch|p1a: Clodsire|Clodsire, M, shiny|100/100
|move|p2a: Comfey|Growth|p2a: Comfey
|-boost|p2a: Comfey|atk|2
|-boost|p2a: Comfey|spa|2
|
|-weather|SunnyDay|[upkeep]
|upkeep
|turn|5
|
|t:|1758343277
|move|p2a: Comfey|Growth|p2a: Comfey
|-boost|p2a: Comfey|atk|2
|-boost|p2a: Comfey|spa|2
|move|p1a: Clodsire|Toxic|p2a: Comfey
|-status|p2a: Comfey|tox
|
|-weather|SunnyDay|[upkeep]
|-damage|p2a: Comfey|80/100 tox|[from] psn
|upkeep
|turn|6
|inactive|spreadthesalt has 120 seconds left.
|
|t:|1758343311
|move|p2a: Comfey|Stored Power|p1a: Clodsire
|-supereffective|p1a: Clodsire
|-damage|p1a: Clodsire|20/100
|-damage|p2a: Comfey|70/100 tox|[from] item: Life Orb
|move|p1a: Clodsire|Earthquake|p2a: Comfey
|-damage|p2a: Comfey|36/100 tox
|
|-weather|SunnyDay|[upkeep]
|-damage|p2a: Comfey|24/100 tox|[from] psn
|upkeep
|turn|7
|inactive|animeprincess98 has 60 seconds left.
|
|t:|1758343332
|move|p1a: Clodsire|Protect|p1a: Clodsire
|-singleturn|p1a: Clodsire|Protect
|move|p2a: Comfey|Stored Power|p1a: Clodsire
|-activate|p1a: Clodsire|move: Protect
|
|-weather|SunnyDay|[upkeep]
|-damage|p2a: Comfey|5/100 tox|[from] psn
|upkeep
|turn|8
|inactive|spreadthesalt has 90 seconds left.
|inactive|spreadthesalt has 60 seconds left.
|inactive|spreadthesalt has 30 seconds left.
|inactive|spreadthesalt has 20 seconds left.
|
|t:|1758343433
|switch|p1a: Samurott|Samurott-Hisui, F, shiny|88/100 brn
|-damage|p1a: Samurott|76/100 brn|[from] Stealth Rock
|move|p2a: Comfey|Draining Kiss|p1a: Samurott
|-supereffective|p1a: Samurott
|-damage|p1a: Samurott|0 fnt
|-heal|p2a: Comfey|64/100 tox|[from] drain|[of] p1a: Samurott
|faint|p1a: Samurott
|-damage|p2a: Comfey|54/100 tox|[from] item: Life Orb
|
|-weather|none
|-damage|p2a: Comfey|30/100 tox|[from] psn
|upkeep
|inactive|spreadthesalt has 25 seconds left this turn.
|inactive|spreadthesalt has 20 seconds left.
|inactive|spreadthesalt has 15 seconds left.
|inactive|spreadthesalt has 10 seconds left.
|inactive|spreadthesalt has 5 seconds left.
|-message|spreadthesalt lost due to inactivity.
|
|win|animeprincess98
|raw|spreadthesalt's rating: 1193 &rarr; <strong>1167</strong><br />(-26 for losing)
|raw|animeprincess98's rating: 1184 &rarr; <strong>1210</strong><br />(+26 for winning)
|l|☆animeprincess98
|player|p2|
|l|☆spreadthesalt
|player|p1|
