|j|☆murder kingdom
|j|☆Ayayaphone
|t:|1758260285
|gametype|singles
|player|p1|murder kingdom|102|1397
|player|p2|Ayayaphone|266|1371
|gen|9
|tier|[Gen 9] OU
|rated|
|rule|HP Percentage Mod: HP is shown in percentages
|rule|Endless Battle Clause: Forcing endless battles is banned
|rule|Species Clause: Limit one of each Pokémon
|rule|OHKO Clause: OHKO moves are banned
|rule|Evasion Items Clause: Evasion items are banned
|rule|Evasion Moves Clause: Evasion moves are banned
|rule|Evasion Abilities Clause: Evasion abilities are banned
|rule|Sleep Moves Clause: Sleep-inducing moves are banned
|clearpoke
|poke|p1|Samurott-Hisui, M|
|poke|p1|Great Tusk|
|poke|p1|Volcanion|
|poke|p1|Hydrapple, F|
|poke|p1|Gholdengo|
|poke|p1|Landorus-Therian, M|
|poke|p2|Chandelure, F|
|poke|p2|Rillaboom, M|
|poke|p2|Muk-Alola, M|
|poke|p2|Hatterene, F|
|poke|p2|Slither Wing|
|poke|p2|Maushold|
|teampreview
|inactive|Battle timer is ON: inactive players will automatically lose when time's up. (requested by Ayayaphone)
|
|t:|1758260296
|teamsize|p1|6
|teamsize|p2|6
|start
|switch|p1a: Samurott|Samurott-Hisui, M|100/100
|switch|p2a: Rillaboom|Rillaboom, M|100/100
|-fieldstart|move: Grassy Terrain|[from] ability: Grassy Surge|[of] p2a: Rillaboom
|turn|1
|
|t:|1758260304
|switch|p1a: Landorus|Landorus-Therian, M|100/100
|-ability|p1a: Landorus|Intimidate|boost
|-unboost|p2a: Rillaboom|atk|1
|move|p2a: Rillaboom|U-turn|p1a: Landorus
|-resisted|p1a: Landorus
|-damage|p1a: Landorus|90/100
|
|t:|1758260317
|switch|p2a: Slither Wing|Slither Wing|100/100|[from] U-turn
|
|upkeep
|turn|2
|
|t:|1758260330
|-terastallize|p1a: Landorus|Flying
|move|p1a: Landorus|Tera Blast|p2a: Slither Wing|[anim] Tera Blast Flying
|-supereffective|p2a: Slither Wing
|-damage|p2a: Slither Wing|0 fnt
|faint|p2a: Slither Wing
|-end|p2a: Slither Wing|Protosynthesis|[silent]
|
|upkeep
|
|t:|1758260337
|switch|p2a: Chandelure|Chandelure, F|100/100
|turn|3
|
|t:|1758260341
|switch|p1a: Samurott|Samurott-Hisui, M|100/100
|move|p2a: Chandelure|Inferno|p1a: Samurott|[miss]
|-miss|p2a: Chandelure|p1a: Samurott
|-enditem|p2a: Chandelure|Blunder Policy
|-boost|p2a: Chandelure|spe|2
|
|upkeep
|turn|4
|
|t:|1758260351
|move|p1a: Samurott|Sucker Punch|p2a: Chandelure
|-supereffective|p2a: Chandelure
|-damage|p2a: Chandelure|34/100
|move|p2a: Chandelure|Energy Ball|p1a: Samurott
|-supereffective|p1a: Samurott
|-damage|p1a: Samurott|25/100
|
|-heal|p2a: Chandelure|40/100|[from] Grassy Terrain
|-heal|p1a: Samurott|31/100|[from] Grassy Terrain
|upkeep
|turn|5
|
|t:|1758260361
|move|p2a: Chandelure|Energy Ball|p1a: Samurott
|-supereffective|p1a: Samurott
|-damage|p1a: Samurott|0 fnt
|faint|p1a: Samurott
|
|-heal|p2a: Chandelure|46/100|[from] Grassy Terrain
|-fieldend|move: Grassy Terrain
|upkeep
|
|t:|1758260370
|switch|p1a: Volcanion|Volcanion|100/100
|turn|6
|
|t:|1758260379
|move|p2a: Chandelure|Shadow Ball|p1a: Volcanion
|-damage|p1a: Volcanion|45/100
|move|p1a: Volcanion|Steam Eruption|p2a: Chandelure
|-supereffective|p2a: Chandelure
|-damage|p2a: Chandelure|0 fnt
|faint|p2a: Chandelure
|
|upkeep
|
|t:|1758260386
|switch|p2a: Muk|Muk-Alola, M|100/100
|turn|7
|
|t:|1758260392
|move|p1a: Volcanion|Will-O-Wisp|p2a: Muk|[miss]
|-miss|p1a: Volcanion|p2a: Muk
|move|p2a: Muk|Knock Off|p1a: Volcanion
|-damage|p1a: Volcanion|4/100
|-enditem|p1a: Volcanion|Heavy-Duty Boots|[from] move: Knock Off|[of] p2a: Muk
|
|upkeep
|turn|8
|
|t:|1758260400
|switch|p2a: Rillaboom|Rillaboom, M|100/100
|-fieldstart|move: Grassy Terrain|[from] ability: Grassy Surge|[of] p2a: Rillaboom
|move|p1a: Volcanion|Will-O-Wisp|p2a: Rillaboom
|-status|p2a: Rillaboom|brn
|
|-heal|p1a: Volcanion|10/100|[from] Grassy Terrain
|-damage|p2a: Rillaboom|94/100 brn|[from] brn
|upkeep
|turn|9
|
|t:|1758260405
|switch|p1a: Hydrapple|Hydrapple, F|100/100
|move|p2a: Rillaboom|Grassy Glide|p1a: Hydrapple
|-resisted|p1a: Hydrapple
|-damage|p1a: Hydrapple|98/100
|-damage|p2a: Rillaboom|78/100 brn|[from] item: Rocky Helmet|[of] p1a: Hydrapple
|
|-heal|p2a: Rillaboom|84/100 brn|[from] Grassy Terrain
|-heal|p1a: Hydrapple|100/100|[from] Grassy Terrain
|-damage|p2a: Rillaboom|78/100 brn|[from] brn
|upkeep
|turn|10
|
|t:|1758260411
|switch|p1a: Volcanion|Volcanion|10/100
|move|p2a: Rillaboom|Knock Off|p1a: Volcanion
|-damage|p1a: Volcanion|0 fnt
|faint|p1a: Volcanion
|
|-heal|p2a: Rillaboom|84/100 brn|[from] Grassy Terrain
|-damage|p2a: Rillaboom|78/100 brn|[from] brn
|upkeep
|
|t:|1758260417
|switch|p1a: Landorus|Landorus-Therian, M, tera:Flying|90/100
|-ability|p1a: Landorus|Intimidate|boost
|-unboost|p2a: Rillaboom|atk|1
|turn|11
|
|t:|1758260421
|move|p2a: Rillaboom|Grassy Glide|p1a: Landorus
|-resisted|p1a: Landorus
|-damage|p1a: Landorus|81/100
|move|p1a: Landorus|Tera Blast|p2a: Rillaboom|[anim] Tera Blast Flying
|-supereffective|p2a: Rillaboom
|-damage|p2a: Rillaboom|0 fnt
|faint|p2a: Rillaboom
|
|upkeep
|
|t:|1758260425
|switch|p2a: Maushold|Maushold|100/100
|turn|12
|
|t:|1758260435
|switch|p1a: Hydrapple|Hydrapple, F|100/100
|move|p2a: Maushold|Tidy Up|p2a: Maushold
|-boost|p2a: Maushold|atk|1
|-boost|p2a: Maushold|spe|1
|
|-fieldend|move: Grassy Terrain
|upkeep
|turn|13
|
|t:|1758260439
|switch|p2a: Muk|Muk-Alola, M|100/100
|move|p1a: Hydrapple|Fickle Beam|p2a: Muk
|-crit|p2a: Muk
|-damage|p2a: Muk|63/100
|
|-heal|p2a: Muk|69/100|[from] item: Black Sludge
|upkeep
|turn|14
|
|t:|1758260447
|switch|p1a: Landorus|Landorus-Therian, M, tera:Flying|81/100
|-ability|p1a: Landorus|Intimidate|boost
|-unboost|p2a: Muk|atk|1
|move|p2a: Muk|Knock Off|p1a: Landorus
|-damage|p1a: Landorus|45/100
|-enditem|p1a: Landorus|Choice Scarf|[from] move: Knock Off|[of] p2a: Muk
|
|-heal|p2a: Muk|75/100|[from] item: Black Sludge
|upkeep
|turn|15
|
|t:|1758260454
|move|p2a: Muk|Protect|p2a: Muk
|-singleturn|p2a: Muk|Protect
|move|p1a: Landorus|Earthquake|p2a: Muk
|-activate|p2a: Muk|move: Protect
|
|-heal|p2a: Muk|81/100|[from] item: Black Sludge
|upkeep
|turn|16
|
|t:|1758260465
|switch|p2a: Hatterene|Hatterene, F|100/100
|move|p1a: Landorus|Tera Blast|p2a: Hatterene|[anim] Tera Blast Flying
|-damage|p2a: Hatterene|39/100
|
|upkeep
|turn|17
|
|t:|1758260468
|move|p1a: Landorus|Tera Blast|p2a: Hatterene|[anim] Tera Blast Flying
|-damage|p2a: Hatterene|0 fnt
|faint|p2a: Hatterene
|
|upkeep
|
|t:|1758260472
|switch|p2a: Maushold|Maushold|100/100
|turn|18
|
|t:|1758260476
|move|p2a: Maushold|Thunder Wave|p1a: Landorus
|-status|p1a: Landorus|par
|move|p1a: Landorus|Tera Blast|p2a: Maushold|[anim] Tera Blast Flying
|-damage|p2a: Maushold|12/100
|
|upkeep
|turn|19
|-message|Ayayaphone forfeited.
|
|win|murder kingdom
|raw|murder kingdom's rating: 1397 &rarr; <strong>1416</strong><br />(+19 for winning)
|raw|Ayayaphone's rating: 1371 &rarr; <strong>1352</strong><br />(-19 for losing)
|l|☆Ayayaphone
|player|p2|
|l|☆murder kingdom
|player|p1|
