|j|☆trollface games
|j|☆teubinrv
|t:|1758314819
|gametype|singles
|player|p1|trollface games|psychic-gen4|1491
|player|p2|teubinrv|benga|1433
|gen|9
|tier|[Gen 9] OU
|rated|
|rule|HP Percentage Mod: HP is shown in percentages
|rule|Endless Battle Clause: Forcing endless battles is banned
|rule|Species Clause: Limit one of each Pokémon
|rule|OHKO Clause: OHKO moves are banned
|rule|Evasion Items Clause: Evasion items are banned
|rule|Evasion Moves Clause: Evasion moves are banned
|rule|Evasion Abilities Clause: Evasion abilities are banned
|rule|Sleep Moves Clause: Sleep-inducing moves are banned
|clearpoke
|poke|p1|Kleavor, M|
|poke|p1|Sinistcha|
|poke|p1|Enamorus, F|
|poke|p1|Houndoom, M|
|poke|p1|Araquanid, M|
|poke|p1|Iron Treads|
|poke|p2|Iron Moth|
|poke|p2|Kingambit, F|
|poke|p2|Tinkaton, F|
|poke|p2|Samurott-Hisui, M|
|poke|p2|Zapdos|
|poke|p2|Great Tusk|
|teampreview
|inactive|Battle timer is ON: inactive players will automatically lose when time's up. (requested by teubinrv)
|
|t:|1758314848
|teamsize|p1|6
|teamsize|p2|6
|start
|switch|p1a: Araquanid|Araquanid, M|100/100
|switch|p2a: Zapdos|Zapdos|100/100
|turn|1
|
|t:|1758314859
|move|p2a: Zapdos|Hurricane|p1a: Araquanid|[miss]
|-miss|p2a: Zapdos|p1a: Araquanid
|move|p1a: Araquanid|Sticky Web|p2a: Zapdos
|-sidestart|p2: teubinrv|move: Sticky Web
|
|upkeep
|turn|2
|
|t:|1758314862
|move|p2a: Zapdos|Hurricane|p1a: Araquanid
|-supereffective|p1a: Araquanid
|-damage|p1a: Araquanid|36/100
|-start|p1a: Araquanid|confusion
|-activate|p1a: Araquanid|confusion
|move|p1a: Araquanid|Endeavor|p2a: Zapdos
|-damage|p2a: Zapdos|38/100
|
|upkeep
|turn|3
|
|t:|1758314866
|switch|p1a: Kleavor|Kleavor, M|100/100
|move|p2a: Zapdos|Roost|p2a: Zapdos
|-heal|p2a: Zapdos|88/100
|-singleturn|p2a: Zapdos|move: Roost
|
|upkeep
|turn|4
|
|t:|1758314871
|switch|p2a: Great Tusk|Great Tusk|100/100
|move|p1a: Kleavor|Stone Axe|p2a: Great Tusk
|-resisted|p2a: Great Tusk
|-damage|p2a: Great Tusk|88/100
|-sidestart|p2: teubinrv|move: Stealth Rock
|-damage|p1a: Kleavor|91/100|[from] item: Life Orb
|
|upkeep
|turn|5
|
|t:|1758314876
|switch|p1a: Sinistcha|Sinistcha|100/100
|move|p2a: Great Tusk|Ice Spinner|p1a: Sinistcha
|-supereffective|p1a: Sinistcha
|-damage|p1a: Sinistcha|49/100
|
|upkeep
|turn|6
|
|t:|1758314883
|move|p2a: Great Tusk|Ice Spinner|p1a: Sinistcha
|-supereffective|p1a: Sinistcha
|-damage|p1a: Sinistcha|0 fnt
|faint|p1a: Sinistcha
|
|upkeep
|
|t:|1758314885
|switch|p1a: Enamorus|Enamorus, F|100/100
|turn|7
|
|t:|1758314888
|-end|p2a: Great Tusk|Protosynthesis|[silent]
|switch|p2a: Tinkaton|Tinkaton, F|100/100
|-damage|p2a: Tinkaton|94/100|[from] Stealth Rock
|-item|p2a: Tinkaton|Air Balloon
|move|p1a: Enamorus|Moonblast|p2a: Tinkaton
|-resisted|p2a: Tinkaton
|-damage|p2a: Tinkaton|61/100
|-enditem|p2a: Tinkaton|Air Balloon
|
|upkeep
|turn|8
|
|t:|1758314893
|switch|p1a: Houndoom|Houndoom, M|100/100
|move|p2a: Tinkaton|Stealth Rock|p1a: Houndoom
|-sidestart|p1: trollface games|move: Stealth Rock
|
|upkeep
|turn|9
|
|t:|1758314896
|move|p1a: Houndoom|Nasty Plot|p1a: Houndoom
|-boost|p1a: Houndoom|spa|2
|move|p2a: Tinkaton|Thunder Wave|p1a: Houndoom
|-status|p1a: Houndoom|par
|
|upkeep
|turn|10
|
|t:|1758314903
|switch|p2a: Great Tusk|Great Tusk|88/100
|switch|p1a: Iron Treads|Iron Treads|100/100
|-damage|p1a: Iron Treads|97/100|[from] Stealth Rock
|-enditem|p1a: Iron Treads|Booster Energy
|-activate|p1a: Iron Treads|ability: Quark Drive|[fromitem]
|-start|p1a: Iron Treads|quarkdrivespe
|
|upkeep
|turn|11
|
|t:|1758314906
|-terastallize|p1a: Iron Treads|Stellar
|move|p1a: Iron Treads|Steel Beam|p2a: Great Tusk
|-damage|p2a: Great Tusk|0 fnt
|-damage|p1a: Iron Treads|47/100|[from] steelbeam
|faint|p2a: Great Tusk
|-end|p2a: Great Tusk|Protosynthesis|[silent]
|
|upkeep
|
|t:|1758314913
|switch|p2a: Tinkaton|Tinkaton, F|61/100
|-activate|p2a: Tinkaton|move: Sticky Web
|-unboost|p2a: Tinkaton|spe|1
|-damage|p2a: Tinkaton|55/100|[from] Stealth Rock
|turn|12
|
|t:|1758314918
|move|p1a: Iron Treads|Earth Power|p2a: Tinkaton
|-supereffective|p2a: Tinkaton
|-damage|p2a: Tinkaton|0 fnt
|faint|p2a: Tinkaton
|
|upkeep
|
|t:|1758314922
|switch|p2a: Samurott|Samurott-Hisui, M|100/100
|-activate|p2a: Samurott|move: Sticky Web
|-unboost|p2a: Samurott|spe|1
|-damage|p2a: Samurott|88/100|[from] Stealth Rock
|turn|13
|
|t:|1758314924
|move|p1a: Iron Treads|Rapid Spin|p2a: Samurott
|-damage|p2a: Samurott|71/100
|-boost|p1a: Iron Treads|spe|1
|-sideend|p1: trollface games|Stealth Rock|[from] move: Rapid Spin|[of] p1a: Iron Treads
|move|p2a: Samurott|Aqua Cutter|p1a: Iron Treads
|-supereffective|p1a: Iron Treads
|-damage|p1a: Iron Treads|0 fnt
|faint|p1a: Iron Treads
|-end|p1a: Iron Treads|Quark Drive|[silent]
|
|upkeep
|
|t:|1758314928
|switch|p1a: Enamorus|Enamorus, F|100/100
|turn|14
|
|t:|1758314931
|move|p1a: Enamorus|Earth Power|p2a: Samurott
|-damage|p2a: Samurott|0 fnt
|faint|p2a: Samurott
|
|upkeep
|
|t:|1758314934
|switch|p2a: Zapdos|Zapdos|88/100
|-damage|p2a: Zapdos|63/100|[from] Stealth Rock
|turn|15
|
|t:|1758314936
|switch|p1a: Kleavor|Kleavor, M|91/100
|move|p2a: Zapdos|Thunderbolt|p1a: Kleavor
|-damage|p1a: Kleavor|23/100
|-status|p1a: Kleavor|par
|
|upkeep
|turn|16
|
|t:|1758314939
|move|p2a: Zapdos|Thunderbolt|p1a: Kleavor
|-damage|p1a: Kleavor|0 fnt
|faint|p1a: Kleavor
|
|upkeep
|
|t:|1758314942
|switch|p1a: Enamorus|Enamorus, F|100/100
|turn|17
|
|t:|1758314945
|move|p1a: Enamorus|Moonblast|p2a: Zapdos
|-damage|p2a: Zapdos|0 fnt
|faint|p2a: Zapdos
|
|upkeep
|
|t:|1758314948
|switch|p2a: Iron Moth|Iron Moth|100/100
|-activate|p2a: Iron Moth|move: Sticky Web
|-unboost|p2a: Iron Moth|spe|1
|-damage|p2a: Iron Moth|76/100|[from] Stealth Rock
|-enditem|p2a: Iron Moth|Booster Energy
|-activate|p2a: Iron Moth|ability: Quark Drive|[fromitem]
|-start|p2a: Iron Moth|quarkdrivespa
|turn|18
|
|t:|1758314951
|switch|p1a: Araquanid|Araquanid, M|36/100
|-terastallize|p2a: Iron Moth|Fairy
|move|p2a: Iron Moth|Sludge Wave|p1a: Araquanid
|-crit|p1a: Araquanid
|-damage|p1a: Araquanid|0 fnt
|faint|p1a: Araquanid
|
|upkeep
|
|t:|1758314954
|switch|p1a: Enamorus|Enamorus, F|100/100
|turn|19
|
|t:|1758314958
|move|p1a: Enamorus|Moonblast|p2a: Iron Moth
|-damage|p2a: Iron Moth|0 fnt
|faint|p2a: Iron Moth
|-end|p2a: Iron Moth|Quark Drive|[silent]
|
|upkeep
|
|t:|1758314961
|switch|p2a: Kingambit|Kingambit, F|100/100
|-activate|p2a: Kingambit|move: Sticky Web
|-unboost|p2a: Kingambit|spe|1
|-damage|p2a: Kingambit|94/100|[from] Stealth Rock
|-activate|p2a: Kingambit|ability: Supreme Overlord
|-start|p2a: Kingambit|fallen5|[silent]
|turn|20
|
|t:|1758314963
|move|p1a: Enamorus|Moonblast|p2a: Kingambit
|-damage|p2a: Kingambit|16/100
|move|p2a: Kingambit|Kowtow Cleave|p1a: Enamorus
|-resisted|p1a: Enamorus
|-damage|p1a: Enamorus|36/100
|
|-heal|p2a: Kingambit|22/100|[from] item: Leftovers
|upkeep
|turn|21
|
|t:|1758314970
|switch|p1a: Houndoom|Houndoom, M|100/100 par
|move|p2a: Kingambit|Sucker Punch||[still]
|-fail|p2a: Kingambit
|
|-heal|p2a: Kingambit|28/100|[from] item: Leftovers
|upkeep
|turn|22
|
|t:|1758314973
|move|p1a: Houndoom|Flamethrower|p2a: Kingambit
|-supereffective|p2a: Kingambit
|-damage|p2a: Kingambit|0 fnt
|faint|p2a: Kingambit
|-end|p2a: Kingambit|fallen5|[silent]
|
|win|trollface games
|raw|trollface games's rating: 1491 &rarr; <strong>1508</strong><br />(+17 for winning)
|raw|teubinrv's rating: 1433 &rarr; <strong>1416</strong><br />(-17 for losing)
|l|☆trollface games
|player|p1|
|l|☆teubinrv
|player|p2|
