|j|☆Thunder60076
|j|☆Tribal2
|t:|1758344519
|gametype|singles
|player|p1|Thunder60076|1|1178
|player|p2|Tribal2|101|1206
|gen|9
|tier|[Gen 9] OU
|rated|
|rule|HP Percentage Mod: HP is shown in percentages
|rule|Endless Battle Clause: Forcing endless battles is banned
|rule|Species Clause: Limit one of each Pokémon
|rule|OHKO Clause: OHKO moves are banned
|rule|Evasion Items Clause: Evasion items are banned
|rule|Evasion Moves Clause: Evasion moves are banned
|rule|Evasion Abilities Clause: Evasion abilities are banned
|rule|Sleep Moves Clause: Sleep-inducing moves are banned
|clearpoke
|poke|p1|Illumise, F|
|poke|p1|Landorus-Therian, M|
|poke|p1|Walking Wake|
|poke|p1|Dragapult, M|
|poke|p1|Talonflame, M|
|poke|p1|Whimsicott, F|
|poke|p2|Porygon2|
|poke|p2|Gardevoir, M|
|poke|p2|Dusclops, M|
|poke|p2|Ambipom, F|
|poke|p2|Lokix, F|
|poke|p2|Hydreigon, F|
|teampreview
|inactive|Battle timer is ON: inactive players will automatically lose when time's up. (requested by Tribal2)
|
|t:|1758344527
|teamsize|p1|6
|teamsize|p2|6
|start
|switch|p1a: Whimsicott|Whimsicott, F|100/100
|switch|p2a: Gardevoir|Gardevoir, M|100/100
|-ability|p2a: Gardevoir|Prankster|Trace|[from] ability: Trace|[of] p1a: Whimsicott
|turn|1
|
|t:|1758344539
|move|p1a: Whimsicott|Stun Spore|p2a: Gardevoir
|-status|p2a: Gardevoir|par
|move|p2a: Gardevoir|Trick Room|p2a: Gardevoir
|-fieldstart|move: Trick Room|[of] p2a: Gardevoir
|
|upkeep
|turn|2
|
|t:|1758344547
|move|p2a: Gardevoir|Calm Mind|p2a: Gardevoir
|-boost|p2a: Gardevoir|spa|1
|-boost|p2a: Gardevoir|spd|1
|move|p1a: Whimsicott|Leech Seed|p2a: Gardevoir
|-start|p2a: Gardevoir|move: Leech Seed
|
|-damage|p2a: Gardevoir|88/100 par|[from] Leech Seed|[of] p1a: Whimsicott
|upkeep
|turn|3
|
|t:|1758344557
|move|p1a: Whimsicott|Encore|p2a: Gardevoir
|-start|p2a: Gardevoir|Encore
|move|p2a: Gardevoir|Calm Mind|p2a: Gardevoir
|-boost|p2a: Gardevoir|spa|1
|-boost|p2a: Gardevoir|spd|1
|
|-damage|p2a: Gardevoir|76/100 par|[from] Leech Seed|[of] p1a: Whimsicott
|upkeep
|turn|4
|
|t:|1758344573
|move|p2a: Gardevoir|Calm Mind|p2a: Gardevoir
|-boost|p2a: Gardevoir|spa|1
|-boost|p2a: Gardevoir|spd|1
|move|p1a: Whimsicott|Tailwind|p1a: Whimsicott
|-sidestart|p1: Thunder60076|move: Tailwind
|
|-damage|p2a: Gardevoir|64/100 par|[from] Leech Seed|[of] p1a: Whimsicott
|upkeep
|turn|5
|
|t:|1758344581
|move|p2a: Gardevoir|Calm Mind|p2a: Gardevoir
|-boost|p2a: Gardevoir|spa|1
|-boost|p2a: Gardevoir|spd|1
|move|p1a: Whimsicott|Tailwind||[still]
|-fail|p1a: Whimsicott
|
|-damage|p2a: Gardevoir|51/100 par|[from] Leech Seed|[of] p1a: Whimsicott
|-end|p2a: Gardevoir|Encore
|-fieldend|move: Trick Room
|upkeep
|turn|6
|
|t:|1758344601
|move|p1a: Whimsicott|Encore|p2a: Gardevoir
|-start|p2a: Gardevoir|Encore
|cant|p2a: Gardevoir|par
|
|-damage|p2a: Gardevoir|39/100 par|[from] Leech Seed|[of] p1a: Whimsicott
|upkeep
|turn|7
|
|t:|1758344614
|switch|p2a: Lokix|Lokix, F|100/100
|move|p1a: Whimsicott|Tailwind||[still]
|-fail|p1a: Whimsicott
|
|-sideend|p1: Thunder60076|move: Tailwind
|upkeep
|turn|8
|
|t:|1758344624
|move|p2a: Lokix|First Impression|p1a: Whimsicott
|-damage|p1a: Whimsicott|54/100
|move|p1a: Whimsicott|Stun Spore|p2a: Lokix
|-hint|Since gen 7, Dark is immune to Prankster moves.
|-immune|p2a: Lokix
|
|-heal|p1a: Whimsicott|60/100|[from] item: Leftovers
|upkeep
|turn|9
|
|t:|1758344635
|switch|p1a: Talonflame|Talonflame, M|100/100
|move|p2a: Lokix|U-turn|p1a: Talonflame
|-resisted|p1a: Talonflame
|-crit|p1a: Talonflame
|-damage|p1a: Talonflame|55/100
|
|t:|1758344648
|switch|p2a: Ambipom|Ambipom, F|100/100|[from] U-turn
|
|upkeep
|turn|10
|
|t:|1758344653
|switch|p1a: Dragapult|Dragapult, M|100/100
|move|p2a: Ambipom|Fake Out|p1a: Dragapult
|-immune|p1a: Dragapult
|
|upkeep
|turn|11
|
|t:|1758344660
|move|p1a: Dragapult|U-turn|p2a: Ambipom
|-damage|p2a: Ambipom|44/100
|
|t:|1758344665
|switch|p1a: Illumise|Illumise, F, shiny|100/100|[from] U-turn
|move|p2a: Ambipom|Taunt|p1a: Illumise
|-start|p1a: Illumise|move: Taunt
|
|-status|p1a: Illumise|brn|[from] item: Flame Orb
|upkeep
|turn|12
|
|t:|1758344677
|switch|p1a: Dragapult|Dragapult, M|100/100
|move|p2a: Ambipom|U-turn|p1a: Dragapult
|-resisted|p1a: Dragapult
|-damage|p1a: Dragapult|86/100
|
|t:|1758344694
|switch|p2a: Dusclops|Dusclops, M|100/100|[from] U-turn
|-ability|p2a: Dusclops|Pressure
|
|upkeep
|turn|13
|
|t:|1758344702
|move|p1a: Dragapult|Phantom Force||[still]
|-prepare|p1a: Dragapult|Phantom Force
|move|p2a: Dusclops|Trick Room|p2a: Dusclops
|-fieldstart|move: Trick Room|[of] p2a: Dusclops
|
|upkeep
|turn|14
|
|t:|1758344707
|switch|p2a: Porygon2|Porygon2|100/100
|-ability|p2a: Porygon2|Download|boost
|-boost|p2a: Porygon2|atk|1
|move|p1a: Dragapult|Phantom Force|p2a: Porygon2|[from] lockedmove
|-immune|p2a: Porygon2
|
|upkeep
|turn|15
|
|t:|1758344719
|switch|p1a: Whimsicott|Whimsicott, F|60/100
|move|p2a: Porygon2|Thunderbolt|p1a: Whimsicott
|-resisted|p1a: Whimsicott
|-damage|p1a: Whimsicott|42/100
|
|-heal|p1a: Whimsicott|48/100|[from] item: Leftovers
|upkeep
|turn|16
|
|t:|1758344736
|switch|p2a: Gardevoir|Gardevoir, M|39/100 par
|-ability|p2a: Gardevoir|Prankster|Trace|[from] ability: Trace|[of] p1a: Whimsicott
|move|p1a: Whimsicott|Leech Seed|p2a: Gardevoir
|-start|p2a: Gardevoir|move: Leech Seed
|
|-heal|p1a: Whimsicott|54/100|[from] item: Leftovers
|-damage|p2a: Gardevoir|27/100 par|[from] Leech Seed|[of] p1a: Whimsicott
|-heal|p1a: Whimsicott|65/100|[silent]
|upkeep
|turn|17
|
|t:|1758344748
|move|p1a: Whimsicott|Tailwind|p1a: Whimsicott
|-sidestart|p1: Thunder60076|move: Tailwind
|move|p2a: Gardevoir|Moonblast|p1a: Whimsicott
|-damage|p1a: Whimsicott|0 fnt
|faint|p1a: Whimsicott
|
|-fieldend|move: Trick Room
|upkeep
|
|t:|1758344759
|switch|p1a: Talonflame|Talonflame, M|55/100
|turn|18
|
|t:|1758344767
|switch|p2a: Dusclops|Dusclops, M|100/100
|-ability|p2a: Dusclops|Pressure
|move|p1a: Talonflame|U-turn|p2a: Dusclops
|-resisted|p2a: Dusclops
|-damage|p2a: Dusclops|94/100
|
|t:|1758344778
|switch|p1a: Illumise|Illumise, F, shiny|100/100 brn|[from] U-turn
|
|-damage|p1a: Illumise|95/100 brn|[from] brn
|upkeep
|turn|19
|
|t:|1758344790
|move|p1a: Illumise|Trick|p2a: Dusclops
|-activate|p1a: Illumise|move: Trick|[of] p2a: Dusclops
|-item|p2a: Dusclops|Flame Orb|[from] move: Trick
|-item|p1a: Illumise|Eviolite|[from] move: Trick
|move|p2a: Dusclops|Trick Room|p2a: Dusclops
|-fieldstart|move: Trick Room|[of] p2a: Dusclops
|
|-damage|p1a: Illumise|89/100 brn|[from] brn
|-status|p2a: Dusclops|brn|[from] item: Flame Orb
|upkeep
|turn|20
|
|t:|1758344800
|move|p1a: Illumise|Encore|p2a: Dusclops
|-start|p2a: Dusclops|Encore
|move|p2a: Dusclops|Trick Room|p2a: Dusclops
|-fieldend|move: Trick Room
|
|-damage|p1a: Illumise|83/100 brn|[from] brn
|-damage|p2a: Dusclops|88/100 brn|[from] brn
|-sideend|p1: Thunder60076|move: Tailwind
|upkeep
|turn|21
|
|t:|1758344808
|switch|p1a: Landorus|Landorus-Therian, M|100/100
|-ability|p1a: Landorus|Intimidate|boost
|-unboost|p2a: Dusclops|atk|1
|move|p2a: Dusclops|Trick Room|p2a: Dusclops
|-fieldstart|move: Trick Room|[of] p2a: Dusclops
|
|-damage|p2a: Dusclops|82/100 brn|[from] brn
|upkeep
|turn|22
|
|t:|1758344822
|switch|p2a: Gardevoir|Gardevoir, M|27/100 par
|-ability|p2a: Gardevoir|Intimidate|Trace|[from] ability: Trace|[of] p1a: Landorus
|-ability|p2a: Gardevoir|Intimidate|boost
|-unboost|p1a: Landorus|atk|1
|move|p1a: Landorus|Swords Dance|p1a: Landorus
|-boost|p1a: Landorus|atk|2
|
|upkeep
|turn|23
|
|t:|1758344833
|cant|p2a: Gardevoir|par
|move|p1a: Landorus|U-turn|p2a: Gardevoir
|-damage|p2a: Gardevoir|0 fnt
|faint|p2a: Gardevoir
|
|t:|1758344840
|switch|p1a: Illumise|Illumise, F, shiny|83/100 brn|[from] U-turn
|
|-damage|p1a: Illumise|77/100 brn|[from] brn
|upkeep
|
|t:|1758344853
|switch|p2a: Porygon2|Porygon2|100/100
|-ability|p2a: Porygon2|Download|boost
|-boost|p2a: Porygon2|atk|1
|turn|24
|
|t:|1758344861
|move|p1a: Illumise|Thunder Wave|p2a: Porygon2
|-status|p2a: Porygon2|par
|move|p2a: Porygon2|Tri Attack|p1a: Illumise
|-damage|p1a: Illumise|41/100 brn
|
|-damage|p1a: Illumise|35/100 brn|[from] brn
|upkeep
|turn|25
|
|t:|1758344871
|move|p1a: Illumise|Roost|p1a: Illumise
|-heal|p1a: Illumise|85/100 brn
|-singleturn|p1a: Illumise|move: Roost
|move|p2a: Porygon2|Tri Attack|p1a: Illumise
|-damage|p1a: Illumise|49/100 brn
|
|-damage|p1a: Illumise|43/100 brn|[from] brn
|-fieldend|move: Trick Room
|upkeep
|turn|26
|
|t:|1758344889
|switch|p1a: Dragapult|Dragapult, M|86/100
|move|p2a: Porygon2|Tri Attack|p1a: Dragapult
|-immune|p1a: Dragapult
|
|upkeep
|turn|27
|
|t:|1758344898
|move|p1a: Dragapult|Dragon Darts|p2a: Porygon2
|-damage|p2a: Porygon2|74/100 par
|-anim|p1a: Dragapult|Dragon Darts|p2a: Porygon2
|-damage|p2a: Porygon2|50/100 par
|move|p2a: Porygon2|Trick Room|p2a: Porygon2
|-fieldstart|move: Trick Room|[of] p2a: Porygon2
|
|upkeep
|turn|28
|
|t:|1758344910
|move|p2a: Porygon2|Recover|p2a: Porygon2
|-heal|p2a: Porygon2|99/100 par
|move|p1a: Dragapult|Dragon Darts|p2a: Porygon2
|-damage|p2a: Porygon2|75/100 par
|-anim|p1a: Dragapult|Dragon Darts|p2a: Porygon2
|-damage|p2a: Porygon2|47/100 par
|
|upkeep
|turn|29
|
|t:|1758344921
|switch|p2a: Dusclops|Dusclops, M|82/100 brn
|-ability|p2a: Dusclops|Pressure
|move|p1a: Dragapult|Dragon Darts|p2a: Dusclops
|-damage|p2a: Dusclops|46/100 brn
|-anim|p1a: Dragapult|Dragon Darts|p2a: Dusclops
|-damage|p2a: Dusclops|9/100 brn
|
|-damage|p2a: Dusclops|3/100 brn|[from] brn
|upkeep
|turn|30
|
|t:|1758344932
|switch|p1a: Illumise|Illumise, F, shiny|43/100 brn
|move|p2a: Dusclops|Pain Split|p1a: Illumise
|-sethp|p1a: Illumise|22/100 brn|[from] move: Pain Split|[silent]
|-sethp|p2a: Dusclops|33/100 brn|[from] move: Pain Split
|
|-damage|p2a: Dusclops|28/100 brn|[from] brn
|-damage|p1a: Illumise|16/100 brn|[from] brn
|upkeep
|turn|31
|
|t:|1758344942
|move|p1a: Illumise|Encore|p2a: Dusclops
|-start|p2a: Dusclops|Encore
|move|p2a: Dusclops|Pain Split|p1a: Illumise
|-sethp|p1a: Illumise|17/100 brn|[from] move: Pain Split|[silent]
|-sethp|p2a: Dusclops|26/100 brn|[from] move: Pain Split
|
|-damage|p2a: Dusclops|20/100 brn|[from] brn
|-damage|p1a: Illumise|11/100 brn|[from] brn
|-fieldend|move: Trick Room
|upkeep
|turn|32
|
|t:|1758344956
|move|p1a: Illumise|Roost|p1a: Illumise
|-heal|p1a: Illumise|61/100 brn
|-singleturn|p1a: Illumise|move: Roost
|move|p2a: Dusclops|Pain Split|p1a: Illumise
|-sethp|p1a: Illumise|37/100 brn|[from] move: Pain Split|[silent]
|-sethp|p2a: Dusclops|56/100 brn|[from] move: Pain Split
|
|-damage|p1a: Illumise|31/100 brn|[from] brn
|-damage|p2a: Dusclops|50/100 brn|[from] brn
|upkeep
|turn|33
|
|t:|1758344971
|move|p1a: Illumise|Encore||[still]
|-fail|p1a: Illumise
|move|p2a: Dusclops|Pain Split|p1a: Illumise
|-sethp|p1a: Illumise|32/100 brn|[from] move: Pain Split|[silent]
|-sethp|p2a: Dusclops|48/100 brn|[from] move: Pain Split
|
|-damage|p1a: Illumise|26/100 brn|[from] brn
|-damage|p2a: Dusclops|42/100 brn|[from] brn
|-end|p2a: Dusclops|Encore
|upkeep
|turn|34
|
|t:|1758344982
|move|p1a: Illumise|Encore|p2a: Dusclops
|-start|p2a: Dusclops|Encore
|move|p2a: Dusclops|Pain Split|p1a: Illumise
|-sethp|p1a: Illumise|27/100 brn|[from] move: Pain Split|[silent]
|-sethp|p2a: Dusclops|41/100 brn|[from] move: Pain Split
|
|-damage|p1a: Illumise|21/100 brn|[from] brn
|-damage|p2a: Dusclops|35/100 brn|[from] brn
|upkeep
|turn|35
|
|t:|1758344997
|move|p1a: Illumise|Thunder Wave||[still]
|-fail|p1a: Illumise
|move|p2a: Dusclops|Pain Split|p1a: Illumise
|-sethp|p1a: Illumise|22/100 brn|[from] move: Pain Split|[silent]
|-sethp|p2a: Dusclops|33/100 brn|[from] move: Pain Split
|
|-damage|p1a: Illumise|16/100 brn|[from] brn
|-damage|p2a: Dusclops|27/100 brn|[from] brn
|upkeep
|turn|36
|
|t:|1758345006
|move|p1a: Illumise|Thunder Wave||[still]
|-fail|p1a: Illumise
|move|p2a: Dusclops|Pain Split|p1a: Illumise
|-sethp|p1a: Illumise|17/100 brn|[from] move: Pain Split|[silent]
|-sethp|p2a: Dusclops|25/100 brn|[from] move: Pain Split
|
|-damage|p1a: Illumise|11/100 brn|[from] brn
|-damage|p2a: Dusclops|19/100 brn|[from] brn
|-end|p2a: Dusclops|Encore
|upkeep
|turn|37
|
|t:|1758345023
|move|p1a: Illumise|Thunder Wave||[still]
|-fail|p1a: Illumise
|move|p2a: Dusclops|Trick Room|p2a: Dusclops
|-fieldstart|move: Trick Room|[of] p2a: Dusclops
|
|-damage|p2a: Dusclops|14/100 brn|[from] brn
|-damage|p1a: Illumise|5/100 brn|[from] brn
|upkeep
|turn|38
|
|t:|1758345032
|move|p1a: Illumise|Thunder Wave||[still]
|-fail|p1a: Illumise
|move|p2a: Dusclops|Night Shade|p1a: Illumise
|-damage|p1a: Illumise|0 fnt
|faint|p1a: Illumise
|
|-damage|p2a: Dusclops|8/100 brn|[from] brn
|upkeep
|
|t:|1758345054
|switch|p1a: Talonflame|Talonflame, M|55/100
|turn|39
|
|t:|1758345062
|move|p2a: Dusclops|Pain Split|p1a: Talonflame
|-sethp|p1a: Talonflame|30/100|[from] move: Pain Split|[silent]
|-sethp|p2a: Dusclops|41/100 brn|[from] move: Pain Split
|move|p1a: Talonflame|Flare Blitz|p2a: Dusclops
|-damage|p2a: Dusclops|0 fnt
|faint|p2a: Dusclops
|-damage|p1a: Talonflame|21/100|[from] Recoil
|
|upkeep
|
|t:|1758345087
|switch|p2a: Hydreigon|Hydreigon, F|100/100
|turn|40
|
|t:|1758345101
|move|p2a: Hydreigon|Dark Pulse|p1a: Talonflame
|-damage|p1a: Talonflame|0 fnt
|faint|p1a: Talonflame
|
|upkeep
|
|t:|1758345106
|switch|p1a: Dragapult|Dragapult, M|86/100
|turn|41
|
|t:|1758345114
|-terastallize|p1a: Dragapult|Fairy
|move|p2a: Hydreigon|Draco Meteor|p1a: Dragapult
|-immune|p1a: Dragapult
|move|p1a: Dragapult|Dragon Darts|p2a: Hydreigon
|-supereffective|p2a: Hydreigon
|-damage|p2a: Hydreigon|21/100
|-anim|p1a: Dragapult|Dragon Darts|p2a: Hydreigon
|-supereffective|p2a: Hydreigon
|-damage|p2a: Hydreigon|0 fnt
|faint|p2a: Hydreigon
|
|-fieldend|move: Trick Room
|upkeep
|
|t:|1758345129
|switch|p2a: Lokix|Lokix, F|100/100
|turn|42
|
|t:|1758345133
|switch|p1a: Landorus|Landorus-Therian, M|100/100
|-ability|p1a: Landorus|Intimidate|boost
|-unboost|p2a: Lokix|atk|1
|move|p2a: Lokix|First Impression|p1a: Landorus
|-resisted|p1a: Landorus
|-damage|p1a: Landorus|62/100
|
|-heal|p1a: Landorus|68/100|[from] item: Leftovers
|upkeep
|turn|43
|
|t:|1758345145
|move|p1a: Landorus|Earthquake|p2a: Lokix
|-resisted|p2a: Lokix
|-damage|p2a: Lokix|58/100
|move|p2a: Lokix|U-turn|p1a: Landorus
|-resisted|p1a: Landorus
|-damage|p1a: Landorus|35/100
|
|t:|1758345151
|switch|p2a: Porygon2|Porygon2|47/100 par|[from] U-turn
|-ability|p2a: Porygon2|Download|boost
|-boost|p2a: Porygon2|spa|1
|
|-heal|p1a: Landorus|41/100|[from] item: Leftovers
|upkeep
|turn|44
|
|t:|1758345163
|move|p1a: Landorus|Earthquake|p2a: Porygon2
|-damage|p2a: Porygon2|10/100 par
|move|p2a: Porygon2|Recover|p2a: Porygon2
|-heal|p2a: Porygon2|61/100 par
|
|-heal|p1a: Landorus|47/100|[from] item: Leftovers
|upkeep
|turn|45
|
|t:|1758345171
|move|p1a: Landorus|Swords Dance|p1a: Landorus
|-boost|p1a: Landorus|atk|2
|move|p2a: Porygon2|Trick Room|p2a: Porygon2
|-fieldstart|move: Trick Room|[of] p2a: Porygon2
|
|-heal|p1a: Landorus|53/100|[from] item: Leftovers
|upkeep
|turn|46
|
|t:|1758345183
|move|p2a: Porygon2|Tri Attack|p1a: Landorus
|-damage|p1a: Landorus|0 fnt
|faint|p1a: Landorus
|
|upkeep
|
|t:|1758345189
|switch|p1a: Walking Wake|Walking Wake|100/100
|-enditem|p1a: Walking Wake|Booster Energy
|-activate|p1a: Walking Wake|ability: Protosynthesis|[fromitem]
|-start|p1a: Walking Wake|protosynthesisspe
|turn|47
|
|t:|1758345196
|-terastallize|p2a: Porygon2|Electric
|cant|p2a: Porygon2|par
|move|p1a: Walking Wake|Dragon Pulse|p2a: Porygon2
|-damage|p2a: Porygon2|34/100 par
|
|upkeep
|turn|48
|
|t:|1758345204
|move|p2a: Porygon2|Thunderbolt|p1a: Walking Wake
|-damage|p1a: Walking Wake|35/100
|move|p1a: Walking Wake|Flamethrower|p2a: Porygon2
|-damage|p2a: Porygon2|16/100 par
|
|upkeep
|turn|49
|
|t:|1758345211
|move|p2a: Porygon2|Thunderbolt|p1a: Walking Wake
|-damage|p1a: Walking Wake|0 fnt
|faint|p1a: Walking Wake
|-end|p1a: Walking Wake|Protosynthesis|[silent]
|
|-fieldend|move: Trick Room
|upkeep
|
|t:|1758345213
|switch|p1a: Dragapult|Dragapult, M, tera:Fairy|86/100
|turn|50
|
|t:|1758345225
|move|p1a: Dragapult|Dragon Darts|p2a: Porygon2
|-damage|p2a: Porygon2|0 fnt
|faint|p2a: Porygon2
|
|upkeep
|
|t:|1758345236
|switch|p2a: Ambipom|Ambipom, F|44/100
|turn|51
|
|t:|1758345241
|move|p2a: Ambipom|Fake Out|p1a: Dragapult
|-enditem|p2a: Ambipom|Normal Gem|[from] gem
|-damage|p1a: Dragapult|35/100
|cant|p1a: Dragapult|flinch
|
|upkeep
|turn|52
|
|t:|1758345248
|move|p1a: Dragapult|Dragon Darts|p2a: Ambipom
|-damage|p2a: Ambipom|0 fnt
|faint|p2a: Ambipom
|
|upkeep
|
|t:|1758345253
|switch|p2a: Lokix|Lokix, F|58/100
|turn|53
|
|t:|1758345256
|move|p2a: Lokix|First Impression|p1a: Dragapult
|-resisted|p1a: Dragapult
|-damage|p1a: Dragapult|0 fnt
|faint|p1a: Dragapult
|
|win|Tribal2
|raw|Thunder60076's rating: 1178 &rarr; <strong>1155</strong><br />(-23 for losing)
|raw|Tribal2's rating: 1206 &rarr; <strong>1229</strong><br />(+23 for winning)
|l|☆Thunder60076
|player|p1|
|l|☆Tribal2
|player|p2|
