|j|☆ruetempest
|j|☆Mcnele
|t:|1758295778
|gametype|singles
|player|p1|ruetempest|2|1105
|player|p2|Mcnele|1|1123
|gen|9
|tier|[Gen 9] OU
|rated|
|rule|HP Percentage Mod: HP is shown in percentages
|rule|Endless Battle Clause: Forcing endless battles is banned
|rule|Species Clause: Limit one of each Pokémon
|rule|OHKO Clause: OHKO moves are banned
|rule|Evasion Items Clause: Evasion items are banned
|rule|Evasion Moves Clause: Evasion moves are banned
|rule|Evasion Abilities Clause: Evasion abilities are banned
|rule|Sleep Moves Clause: Sleep-inducing moves are banned
|clearpoke
|poke|p1|Wugtrio, M|
|poke|p1|Maushold-Four|
|poke|p1|Ceruledge, M|
|poke|p1|Weavile, M|
|poke|p1|Zapdos|
|poke|p1|Iron Valiant|
|poke|p2|Hatterene, F|
|poke|p2|Ursaluna, F|
|poke|p2|Garganacl, F|
|poke|p2|Gholdengo|
|poke|p2|Ceruledge, F|
|poke|p2|Kingambit, F|
|teampreview
|inactive|Battle timer is ON: inactive players will automatically lose when time's up. (requested by ruetempest)
|
|t:|1758295802
|teamsize|p1|6
|teamsize|p2|6
|start
|switch|p1a: Wugtrio|Wugtrio, M|100/100
|switch|p2a: Hatterene|Hatterene, F|100/100
|turn|1
|
|t:|1758295817
|move|p1a: Wugtrio|Liquidation|p2a: Hatterene
|-damage|p2a: Hatterene|44/100
|-unboost|p2a: Hatterene|def|1
|move|p2a: Hatterene|Trick Room|p2a: Hatterene
|-fieldstart|move: Trick Room|[of] p2a: Hatterene
|
|upkeep
|turn|2
|
|t:|1758295824
|switch|p2a: Ursaluna|Ursaluna, F|100/100
|move|p1a: Wugtrio|Liquidation|p2a: Ursaluna
|-supereffective|p2a: Ursaluna
|-damage|p2a: Ursaluna|8/100
|-unboost|p2a: Ursaluna|def|1
|
|-status|p2a: Ursaluna|brn|[from] item: Flame Orb
|upkeep
|turn|3
|
|t:|1758295836
|switch|p1a: Ceruledge|Ceruledge, M|100/100
|move|p2a: Ursaluna|Facade|p1a: Ceruledge
|-immune|p1a: Ceruledge
|
|-damage|p2a: Ursaluna|1/100 brn|[from] brn
|upkeep
|turn|4
|
|t:|1758295845
|switch|p1a: Zapdos|Zapdos|100/100
|move|p2a: Ursaluna|Headlong Rush|p1a: Zapdos
|-immune|p1a: Zapdos
|
|-damage|p2a: Ursaluna|0 fnt|[from] brn
|faint|p2a: Ursaluna
|upkeep
|
|t:|1758295856
|switch|p2a: Garganacl|Garganacl, F|100/100
|turn|5
|
|t:|1758295867
|move|p2a: Garganacl|Salt Cure|p1a: Zapdos
|-supereffective|p1a: Zapdos
|-damage|p1a: Zapdos|72/100
|-start|p1a: Zapdos|Salt Cure
|move|p1a: Zapdos|Volt Switch|p2a: Garganacl
|-damage|p2a: Garganacl|75/100
|
|t:|1758295876
|switch|p1a: Wugtrio|Wugtrio, M|100/100|[from] Volt Switch
|
|-heal|p2a: Garganacl|81/100|[from] item: Leftovers
|-fieldend|move: Trick Room
|upkeep
|turn|6
|
|t:|1758295886
|-terastallize|p2a: Garganacl|Water
|move|p1a: Wugtrio|Liquidation|p2a: Garganacl
|-resisted|p2a: Garganacl
|-damage|p2a: Garganacl|65/100
|move|p2a: Garganacl|Earthquake|p1a: Wugtrio
|-damage|p1a: Wugtrio|39/100
|
|-heal|p2a: Garganacl|71/100|[from] item: Leftovers
|upkeep
|turn|7
|
|t:|1758295896
|move|p1a: Wugtrio|Liquidation|p2a: Garganacl
|-resisted|p2a: Garganacl
|-crit|p2a: Garganacl
|-damage|p2a: Garganacl|46/100
|move|p2a: Garganacl|Earthquake|p1a: Wugtrio
|-damage|p1a: Wugtrio|0 fnt
|faint|p1a: Wugtrio
|
|-heal|p2a: Garganacl|52/100|[from] item: Leftovers
|upkeep
|
|t:|1758295905
|switch|p1a: Zapdos|Zapdos|72/100
|turn|8
|
|t:|1758295910
|move|p1a: Zapdos|Thunderbolt|p2a: Garganacl
|-supereffective|p2a: Garganacl
|-damage|p2a: Garganacl|0 fnt
|faint|p2a: Garganacl
|
|upkeep
|
|t:|1758295916
|switch|p2a: Gholdengo|Gholdengo|100/100
|-item|p2a: Gholdengo|Air Balloon
|turn|9
|
|t:|1758295932
|switch|p1a: Maushold|Maushold-Four|100/100
|move|p2a: Gholdengo|Make It Rain|p1a: Maushold
|-damage|p1a: Maushold|20/100
|-unboost|p2a: Gholdengo|spa|1
|
|upkeep
|turn|10
|
|t:|1758295944
|move|p1a: Maushold|Tidy Up|p1a: Maushold
|-boost|p1a: Maushold|atk|1
|-boost|p1a: Maushold|spe|1
|move|p2a: Gholdengo|Thunder Wave|p1a: Maushold|[miss]
|-miss|p2a: Gholdengo|p1a: Maushold
|
|upkeep
|turn|11
|
|t:|1758295953
|move|p1a: Maushold|Shadow Claw|p2a: Gholdengo
|-supereffective|p2a: Gholdengo
|-crit|p2a: Gholdengo
|-damage|p2a: Gholdengo|36/100
|-enditem|p2a: Gholdengo|Air Balloon
|move|p2a: Gholdengo|Make It Rain|p1a: Maushold
|-damage|p1a: Maushold|0 fnt
|-unboost|p2a: Gholdengo|spa|1
|faint|p1a: Maushold
|
|upkeep
|
|t:|1758295966
|switch|p1a: Weavile|Weavile, M|100/100
|turn|12
|
|t:|1758295971
|move|p1a: Weavile|Knock Off|p2a: Gholdengo
|-supereffective|p2a: Gholdengo
|-damage|p2a: Gholdengo|0 fnt
|faint|p2a: Gholdengo
|-damage|p1a: Weavile|91/100|[from] item: Life Orb
|
|upkeep
|
|t:|1758295977
|switch|p2a: Ceruledge|Ceruledge, F|100/100
|turn|13
|
|t:|1758296002
|move|p1a: Weavile|Hone Claws|p1a: Weavile
|-boost|p1a: Weavile|atk|1
|-boost|p1a: Weavile|accuracy|1
|move|p2a: Ceruledge|Taunt|p1a: Weavile
|-start|p1a: Weavile|move: Taunt
|
|upkeep
|turn|14
|
|t:|1758296018
|move|p1a: Weavile|Triple Axel|p2a: Ceruledge
|-resisted|p2a: Ceruledge
|-damage|p2a: Ceruledge|89/100
|-resisted|p2a: Ceruledge
|-damage|p2a: Ceruledge|67/100
|-resisted|p2a: Ceruledge
|-damage|p2a: Ceruledge|32/100
|-hitcount|p2a: Ceruledge|3
|-damage|p1a: Weavile|81/100|[from] item: Life Orb
|move|p2a: Ceruledge|Bulk Up|p2a: Ceruledge
|-boost|p2a: Ceruledge|atk|1
|-boost|p2a: Ceruledge|def|1
|
|upkeep
|turn|15
|
|t:|1758296030
|move|p2a: Ceruledge|Shadow Sneak|p1a: Weavile
|-resisted|p1a: Weavile
|-damage|p1a: Weavile|60/100
|move|p1a: Weavile|Knock Off|p2a: Ceruledge
|-supereffective|p2a: Ceruledge
|-damage|p2a: Ceruledge|0 fnt
|-enditem|p2a: Ceruledge|Covert Cloak|[from] move: Knock Off|[of] p1a: Weavile
|faint|p2a: Ceruledge
|-damage|p1a: Weavile|50/100|[from] item: Life Orb
|
|upkeep
|l|☆Mcnele
|inactive|Mcnele disconnected and has a minute to reconnect!
|player|p2|
|j|☆Mcnele
|inactive|Mcnele reconnected and has 125 seconds left.
|player|p2|Mcnele|1|
|inactive|Mcnele has 120 seconds left.
|
|t:|1758296061
|switch|p2a: Hatterene|Hatterene, F|44/100
|turn|16
|
|t:|1758296066
|move|p1a: Weavile|Triple Axel|p2a: Hatterene
|-damage|p2a: Hatterene|23/100
|-damage|p2a: Hatterene|0 fnt
|faint|p2a: Hatterene
|-hitcount|p2: Hatterene|2
|-damage|p1a: Weavile|40/100|[from] item: Life Orb
|
|-end|p1a: Weavile|move: Taunt
|upkeep
|
|t:|1758296076
|switch|p2a: Kingambit|Kingambit, F|100/100
|-activate|p2a: Kingambit|ability: Supreme Overlord
|-start|p2a: Kingambit|fallen5|[silent]
|turn|17
|
|t:|1758296081
|move|p2a: Kingambit|Sucker Punch|p1a: Weavile
|-resisted|p1a: Weavile
|-damage|p1a: Weavile|0 fnt
|faint|p1a: Weavile
|
|upkeep
|inactive|ruetempest has 120 seconds left.
|
|t:|1758296116
|switch|p1a: Iron Valiant|Iron Valiant|100/100
|-enditem|p1a: Iron Valiant|Booster Energy
|-activate|p1a: Iron Valiant|ability: Quark Drive|[fromitem]
|-start|p1a: Iron Valiant|quarkdrivespe
|turn|18
|
|t:|1758296125
|move|p1a: Iron Valiant|Close Combat|p2a: Kingambit
|-supereffective|p2a: Kingambit
|-damage|p2a: Kingambit|0 fnt
|-unboost|p1a: Iron Valiant|def|1
|-unboost|p1a: Iron Valiant|spd|1
|faint|p2a: Kingambit
|-end|p2a: Kingambit|fallen5|[silent]
|
|win|ruetempest
|raw|ruetempest's rating: 1105 &rarr; <strong>1131</strong><br />(+26 for winning)
|raw|Mcnele's rating: 1123 &rarr; <strong>1097</strong><br />(-26 for losing)
|l|☆Mcnele
|player|p2|
