|j|☆spreadcrosser
|j|☆Shampoogini
|t:|1758320869
|gametype|singles
|player|p1|spreadcrosser|266|1383
|player|p2|Shampoogini|1|1350
|gen|9
|tier|[Gen 9] OU
|rated|
|rule|HP Percentage Mod: HP is shown in percentages
|rule|Endless Battle Clause: Forcing endless battles is banned
|rule|Species Clause: Limit one of each Pokémon
|rule|OHKO Clause: OHKO moves are banned
|rule|Evasion Items Clause: Evasion items are banned
|rule|Evasion Moves Clause: Evasion moves are banned
|rule|Evasion Abilities Clause: Evasion abilities are banned
|rule|Sleep Moves Clause: Sleep-inducing moves are banned
|clearpoke
|poke|p1|Serperior, F|
|poke|p1|Kingambit, F|
|poke|p1|Excadrill, F|
|poke|p1|Iron Hands|
|poke|p1|Ceruledge, F|
|poke|p1|Raging Bolt|
|poke|p2|Skeledirge, M|
|poke|p2|Clodsire, M|
|poke|p2|Dondozo, F|
|poke|p2|Serperior, M|
|poke|p2|Corviknight, F|
|poke|p2|Grimmsnarl, M|
|teampreview
|inactive|Battle timer is ON: inactive players will automatically lose when time's up. (requested by spreadcrosser)
|inactive|Shampoogini also wants the timer to be on.
|
|t:|1758320880
|teamsize|p1|6
|teamsize|p2|6
|start
|switch|p1a: Iron Hands|Iron Hands|100/100
|switch|p2a: Grimmsnarl|Grimmsnarl, M|100/100
|-enditem|p1a: Iron Hands|Booster Energy
|-activate|p1a: Iron Hands|ability: Quark Drive|[fromitem]
|-start|p1a: Iron Hands|quarkdriveatk
|turn|1
|
|t:|1758320892
|move|p2a: Grimmsnarl|Reflect|p2a: Grimmsnarl
|-sidestart|p2: Shampoogini|Reflect
|move|p1a: Iron Hands|Swords Dance|p1a: Iron Hands
|-boost|p1a: Iron Hands|atk|2
|
|upkeep
|turn|2
|
|t:|1758320900
|move|p2a: Grimmsnarl|Parting Shot|p1a: Iron Hands
|-unboost|p1a: Iron Hands|atk|1
|-unboost|p1a: Iron Hands|spa|1
|
|t:|1758320910
|switch|p2a: Snek|Serperior, M|100/100|[from] Parting Shot
|move|p1a: Iron Hands|Swords Dance|p1a: Iron Hands
|-boost|p1a: Iron Hands|atk|2
|
|upkeep
|turn|3
|
|t:|1758320917
|switch|p2a: Skeledirge|Skeledirge, M|100/100
|-terastallize|p1a: Iron Hands|Flying
|move|p1a: Iron Hands|Swords Dance|p1a: Iron Hands
|-boost|p1a: Iron Hands|atk|2
|
|upkeep
|turn|4
|
|t:|1758320926
|move|p1a: Iron Hands|Earthquake|p2a: Skeledirge
|-supereffective|p2a: Skeledirge
|-damage|p2a: Skeledirge|58/100
|move|p2a: Skeledirge|Torch Song|p1a: Iron Hands
|-damage|p1a: Iron Hands|68/100
|-boost|p2a: Skeledirge|spa|1
|
|-heal|p2a: Skeledirge|64/100|[from] item: Leftovers
|upkeep
|turn|5
|
|t:|1758320934
|-terastallize|p2a: Skeledirge|Flying
|move|p1a: Iron Hands|Earthquake|p2a: Skeledirge
|-immune|p2a: Skeledirge
|move|p2a: Skeledirge|Torch Song|p1a: Iron Hands
|-damage|p1a: Iron Hands|20/100
|-boost|p2a: Skeledirge|spa|1
|
|-heal|p2a: Skeledirge|70/100|[from] item: Leftovers
|upkeep
|turn|6
|
|t:|1758320943
|move|p1a: Iron Hands|Supercell Slam|p2a: Skeledirge
|-supereffective|p2a: Skeledirge
|-damage|p2a: Skeledirge|7/100
|move|p2a: Skeledirge|Torch Song|p1a: Iron Hands
|-damage|p1a: Iron Hands|0 fnt
|-boost|p2a: Skeledirge|spa|1
|faint|p1a: Iron Hands
|-end|p1a: Iron Hands|Quark Drive|[silent]
|
|-heal|p2a: Skeledirge|13/100|[from] item: Leftovers
|upkeep
|
|t:|1758320948
|switch|p1a: Serperior|Serperior, F|100/100
|turn|7
|
|t:|1758320954
|switch|p1a: Raging Bolt|Raging Bolt|100/100
|switch|p2a: Snek|Serperior, M|100/100
|
|upkeep
|turn|8
|
|t:|1758320961
|switch|p2a: Grimmsnarl|Grimmsnarl, M|100/100
|move|p1a: Raging Bolt|Calm Mind|p1a: Raging Bolt
|-boost|p1a: Raging Bolt|spa|1
|-boost|p1a: Raging Bolt|spd|1
|
|-sideend|p2: Shampoogini|Reflect
|upkeep
|turn|9
|
|t:|1758320966
|move|p2a: Grimmsnarl|Light Screen|p2a: Grimmsnarl
|-sidestart|p2: Shampoogini|move: Light Screen
|move|p1a: Raging Bolt|Thunderbolt|p2a: Grimmsnarl
|-damage|p2a: Grimmsnarl|63/100
|
|upkeep
|turn|10
|
|t:|1758320971
|move|p2a: Grimmsnarl|Parting Shot|p1a: Raging Bolt
|-unboost|p1a: Raging Bolt|atk|1
|-unboost|p1a: Raging Bolt|spa|1
|
|t:|1758320974
|switch|p2a: Clodsire|Clodsire, M|100/100|[from] Parting Shot
|move|p1a: Raging Bolt|Calm Mind|p1a: Raging Bolt
|-boost|p1a: Raging Bolt|spa|1
|-boost|p1a: Raging Bolt|spd|1
|
|upkeep
|turn|11
|
|t:|1758320982
|-end|p1a: Raging Bolt|Protosynthesis|[silent]
|switch|p1a: Kingambit|Kingambit, F|100/100
|-item|p1a: Kingambit|Air Balloon
|move|p2a: Clodsire|Spikes|p1a: Kingambit
|-sidestart|p1: spreadcrosser|Spikes
|
|upkeep
|turn|12
|
|t:|1758320993
|switch|p2a: Grimmsnarl|Grimmsnarl, M|63/100
|move|p1a: Kingambit|Swords Dance|p1a: Kingambit
|-boost|p1a: Kingambit|atk|2
|
|upkeep
|turn|13
|
|t:|1758320997
|move|p2a: Grimmsnarl|Reflect|p2a: Grimmsnarl
|-sidestart|p2: Shampoogini|Reflect
|move|p1a: Kingambit|Swords Dance|p1a: Kingambit
|-boost|p1a: Kingambit|atk|2
|
|upkeep
|turn|14
|
|t:|1758321002
|switch|p2a: Dondozo|Dondozo, F|100/100
|move|p1a: Kingambit|Kowtow Cleave|p2a: Dondozo
|-damage|p2a: Dondozo|85/100
|
|-heal|p2a: Dondozo|92/100|[from] item: Leftovers
|upkeep
|turn|15
|
|t:|1758321012
|switch|p1a: Raging Bolt|Raging Bolt|100/100
|-damage|p1a: Raging Bolt|88/100|[from] Spikes
|move|p2a: Dondozo|Curse|p2a: Dondozo
|-unboost|p2a: Dondozo|spe|1
|-boost|p2a: Dondozo|atk|1
|-boost|p2a: Dondozo|def|1
|
|-heal|p1a: Raging Bolt|94/100|[from] item: Leftovers
|-heal|p2a: Dondozo|98/100|[from] item: Leftovers
|upkeep
|turn|16
|
|t:|1758321017
|move|p1a: Raging Bolt|Calm Mind|p1a: Raging Bolt
|-boost|p1a: Raging Bolt|spa|1
|-boost|p1a: Raging Bolt|spd|1
|move|p2a: Dondozo|Body Press|p1a: Raging Bolt
|-damage|p1a: Raging Bolt|68/100
|
|-heal|p1a: Raging Bolt|75/100|[from] item: Leftovers
|-heal|p2a: Dondozo|100/100|[from] item: Leftovers
|-sideend|p2: Shampoogini|move: Light Screen
|upkeep
|turn|17
|
|t:|1758321022
|switch|p2a: Clodsire|Clodsire, M|100/100
|move|p1a: Raging Bolt|Thunderbolt|p2a: Clodsire
|-immune|p2a: Clodsire
|
|-heal|p1a: Raging Bolt|81/100|[from] item: Leftovers
|upkeep
|turn|18
|
|t:|1758321025
|move|p1a: Raging Bolt|Dragon Pulse|p2a: Clodsire
|-damage|p2a: Clodsire|69/100
|move|p2a: Clodsire|Earthquake|p1a: Raging Bolt
|-supereffective|p1a: Raging Bolt
|-damage|p1a: Raging Bolt|33/100
|
|-heal|p1a: Raging Bolt|39/100|[from] item: Leftovers
|-heal|p2a: Clodsire|75/100|[from] item: Leftovers
|upkeep
|turn|19
|
|t:|1758321034
|-end|p1a: Raging Bolt|Protosynthesis|[silent]
|switch|p1a: Kingambit|Kingambit, F|100/100
|-item|p1a: Kingambit|Air Balloon
|switch|p2a: Grimmsnarl|Grimmsnarl, M|63/100
|
|upkeep
|turn|20
|
|t:|1758321040
|switch|p2a: Dondozo|Dondozo, F|100/100
|move|p1a: Kingambit|Swords Dance|p1a: Kingambit
|-boost|p1a: Kingambit|atk|2
|
|-sideend|p2: Shampoogini|Reflect
|upkeep
|turn|21
|
|t:|1758321044
|move|p1a: Kingambit|Kowtow Cleave|p2a: Dondozo
|-damage|p2a: Dondozo|72/100
|move|p2a: Dondozo|Body Press|p1a: Kingambit
|-supereffective|p1a: Kingambit
|-damage|p1a: Kingambit|40/100
|-enditem|p1a: Kingambit|Air Balloon
|
|-heal|p2a: Dondozo|78/100|[from] item: Leftovers
|upkeep
|turn|22
|
|t:|1758321051
|move|p1a: Kingambit|Kowtow Cleave|p2a: Dondozo
|-damage|p2a: Dondozo|48/100
|move|p2a: Dondozo|Body Press|p1a: Kingambit
|-supereffective|p1a: Kingambit
|-damage|p1a: Kingambit|0 fnt
|faint|p1a: Kingambit
|
|-heal|p2a: Dondozo|54/100|[from] item: Leftovers
|upkeep
|
|t:|1758321054
|switch|p1a: Serperior|Serperior, F|100/100
|-damage|p1a: Serperior|88/100|[from] Spikes
|turn|23
|
|t:|1758321058
|switch|p2a: Snek|Serperior, M|100/100
|move|p1a: Serperior|Leaf Storm|p2a: Snek
|-resisted|p2a: Snek
|-damage|p2a: Snek|71/100
|-boost|p1a: Serperior|spa|2
|-damage|p1a: Serperior|78/100|[from] item: Life Orb
|
|-heal|p2a: Snek|78/100|[from] item: Leftovers
|upkeep
|turn|24
|
|t:|1758321061
|move|p1a: Serperior|Leaf Storm|p2a: Snek
|-resisted|p2a: Snek
|-damage|p2a: Snek|15/100
|-boost|p1a: Serperior|spa|2
|-damage|p1a: Serperior|68/100|[from] item: Life Orb
|move|p2a: Snek|Glare|p1a: Serperior
|-status|p1a: Serperior|par
|
|-heal|p2a: Snek|21/100|[from] item: Leftovers
|upkeep
|turn|25
|
|t:|1758321067
|switch|p2a: Corviknight|Corviknight, F|100/100
|cant|p1a: Serperior|par
|
|upkeep
|turn|26
|
|t:|1758321071
|cant|p1a: Serperior|par
|move|p2a: Corviknight|Bulk Up|p2a: Corviknight
|-boost|p2a: Corviknight|atk|1
|-boost|p2a: Corviknight|def|1
|
|upkeep
|turn|27
|
|t:|1758321075
|move|p1a: Serperior|Glare|p2a: Corviknight
|-status|p2a: Corviknight|par
|cant|p2a: Corviknight|par
|
|upkeep
|turn|28
|
|t:|1758321077
|switch|p1a: Ceruledge|Ceruledge, F|100/100
|-damage|p1a: Ceruledge|88/100|[from] Spikes
|cant|p2a: Corviknight|par
|
|upkeep
|turn|29
|
|t:|1758321080
|move|p1a: Ceruledge|Swords Dance|p1a: Ceruledge
|-boost|p1a: Ceruledge|atk|2
|move|p2a: Corviknight|Power Trip|p1a: Ceruledge
|-supereffective|p1a: Ceruledge
|-damage|p1a: Ceruledge|31/100
|-ability|p1a: Ceruledge|Weak Armor|boost
|-unboost|p1a: Ceruledge|def|1
|-boost|p1a: Ceruledge|spe|2
|
|upkeep
|turn|30
|
|t:|1758321090
|switch|p2a: Clodsire|Clodsire, M|75/100
|move|p1a: Ceruledge|Bitter Blade|p2a: Clodsire
|-damage|p2a: Clodsire|37/100
|-heal|p1a: Ceruledge|62/100|[from] drain|[of] p2a: Clodsire
|
|-heal|p2a: Clodsire|43/100|[from] item: Leftovers
|upkeep
|turn|31
|
|t:|1758321096
|move|p1a: Ceruledge|Bitter Blade|p2a: Clodsire
|-damage|p2a: Clodsire|3/100
|-heal|p1a: Ceruledge|94/100|[from] drain|[of] p2a: Clodsire
|move|p2a: Clodsire|Recover|p2a: Clodsire
|-heal|p2a: Clodsire|53/100
|
|-heal|p2a: Clodsire|59/100|[from] item: Leftovers
|upkeep
|turn|32
|
|t:|1758321102
|move|p1a: Ceruledge|Swords Dance|p1a: Ceruledge
|-boost|p1a: Ceruledge|atk|2
|move|p2a: Clodsire|Toxic|p1a: Ceruledge
|-status|p1a: Ceruledge|tox
|
|-heal|p2a: Clodsire|65/100|[from] item: Leftovers
|-damage|p1a: Ceruledge|87/100 tox|[from] psn
|upkeep
|turn|33
|
|t:|1758321107
|move|p1a: Ceruledge|Bitter Blade|p2a: Clodsire
|-damage|p2a: Clodsire|30/100
|-heal|p1a: Ceruledge|100/100 tox|[from] drain|[of] p2a: Clodsire
|move|p2a: Clodsire|Recover|p2a: Clodsire
|-heal|p2a: Clodsire|80/100
|
|-heal|p2a: Clodsire|86/100|[from] item: Leftovers
|-damage|p1a: Ceruledge|88/100 tox|[from] psn
|upkeep
|turn|34
|
|t:|1758321111
|move|p1a: Ceruledge|Bitter Blade|p2a: Clodsire
|-damage|p2a: Clodsire|50/100
|-heal|p1a: Ceruledge|100/100 tox|[from] drain|[of] p2a: Clodsire
|move|p2a: Clodsire|Recover|p2a: Clodsire
|-heal|p2a: Clodsire|99/100
|
|-heal|p2a: Clodsire|100/100|[from] item: Leftovers
|-damage|p1a: Ceruledge|82/100 tox|[from] psn
|upkeep
|turn|35
|
|t:|1758321119
|switch|p1a: Excadrill|Excadrill, F|100/100
|-damage|p1a: Excadrill|88/100|[from] Spikes
|-ability|p1a: Excadrill|Mold Breaker
|move|p2a: Clodsire|Earthquake|p1a: Excadrill
|-supereffective|p1a: Excadrill
|-damage|p1a: Excadrill|10/100
|
|upkeep
|turn|36
|
|t:|1758321124
|switch|p2a: Corviknight|Corviknight, F|100/100 par
|move|p1a: Excadrill|Earthquake|p2a: Corviknight
|-immune|p2a: Corviknight
|
|upkeep
|turn|37
|
|t:|1758321131
|move|p1a: Excadrill|Stealth Rock|p2a: Corviknight
|-sidestart|p2: Shampoogini|move: Stealth Rock
|move|p2a: Corviknight|Power Trip|p1a: Excadrill
|-damage|p1a: Excadrill|4/100
|
|upkeep
|turn|38
|
|t:|1758321133
|move|p1a: Excadrill|Rapid Spin|p2a: Corviknight
|-resisted|p2a: Corviknight
|-damage|p2a: Corviknight|94/100 par
|-boost|p1a: Excadrill|spe|1
|-damage|p1a: Excadrill|0 fnt|[from] item: Rocky Helmet|[of] p2a: Corviknight
|faint|p1a: Excadrill
|move|p2a: Corviknight|Power Trip|p1: Excadrill|[notarget]
|-fail|p2a: Corviknight
|
|upkeep
|
|t:|1758321135
|switch|p1a: Raging Bolt|Raging Bolt|39/100
|-damage|p1a: Raging Bolt|27/100|[from] Spikes
|turn|39
|
|t:|1758321138
|switch|p2a: Clodsire|Clodsire, M|100/100
|-damage|p2a: Clodsire|94/100|[from] Stealth Rock
|move|p1a: Raging Bolt|Calm Mind|p1a: Raging Bolt
|-boost|p1a: Raging Bolt|spa|1
|-boost|p1a: Raging Bolt|spd|1
|
|-heal|p1a: Raging Bolt|33/100|[from] item: Leftovers
|-heal|p2a: Clodsire|100/100|[from] item: Leftovers
|upkeep
|turn|40
|
|t:|1758321143
|switch|p2a: Grimmsnarl|Grimmsnarl, M|63/100
|-damage|p2a: Grimmsnarl|50/100|[from] Stealth Rock
|move|p1a: Raging Bolt|Dragon Pulse|p2a: Grimmsnarl
|-immune|p2a: Grimmsnarl
|
|-heal|p1a: Raging Bolt|39/100|[from] item: Leftovers
|upkeep
|turn|41
|
|t:|1758321151
|move|p2a: Grimmsnarl|Light Screen|p2a: Grimmsnarl
|-sidestart|p2: Shampoogini|move: Light Screen
|move|p1a: Raging Bolt|Calm Mind|p1a: Raging Bolt
|-boost|p1a: Raging Bolt|spa|1
|-boost|p1a: Raging Bolt|spd|1
|
|-heal|p1a: Raging Bolt|45/100|[from] item: Leftovers
|upkeep
|turn|42
|
|t:|1758321155
|move|p2a: Grimmsnarl|Reflect|p2a: Grimmsnarl
|-sidestart|p2: Shampoogini|Reflect
|move|p1a: Raging Bolt|Calm Mind|p1a: Raging Bolt
|-boost|p1a: Raging Bolt|spa|1
|-boost|p1a: Raging Bolt|spd|1
|
|-heal|p1a: Raging Bolt|52/100|[from] item: Leftovers
|upkeep
|turn|43
|
|t:|1758321159
|move|p2a: Grimmsnarl|Parting Shot|p1a: Raging Bolt
|-unboost|p1a: Raging Bolt|atk|1
|-unboost|p1a: Raging Bolt|spa|1
|
|t:|1758321162
|switch|p2a: Clodsire|Clodsire, M|100/100|[from] Parting Shot
|-damage|p2a: Clodsire|94/100|[from] Stealth Rock
|move|p1a: Raging Bolt|Thunderbolt|p2a: Clodsire
|-immune|p2a: Clodsire
|
|-heal|p1a: Raging Bolt|58/100|[from] item: Leftovers
|-heal|p2a: Clodsire|100/100|[from] item: Leftovers
|upkeep
|turn|44
|
|t:|1758321167
|move|p1a: Raging Bolt|Dragon Pulse|p2a: Clodsire
|-damage|p2a: Clodsire|84/100
|move|p2a: Clodsire|Toxic|p1a: Raging Bolt
|-status|p1a: Raging Bolt|tox
|
|-heal|p1a: Raging Bolt|64/100 tox|[from] item: Leftovers
|-heal|p2a: Clodsire|90/100|[from] item: Leftovers
|-damage|p1a: Raging Bolt|58/100 tox|[from] psn
|upkeep
|turn|45
|
|t:|1758321173
|move|p1a: Raging Bolt|Dragon Pulse|p2a: Clodsire
|-damage|p2a: Clodsire|73/100
|move|p2a: Clodsire|Spikes|p1a: Raging Bolt
|-sidestart|p1: spreadcrosser|Spikes
|
|-heal|p1a: Raging Bolt|64/100 tox|[from] item: Leftovers
|-heal|p2a: Clodsire|79/100|[from] item: Leftovers
|-damage|p1a: Raging Bolt|52/100 tox|[from] psn
|upkeep
|turn|46
|
|t:|1758321180
|move|p1a: Raging Bolt|Dragon Pulse|p2a: Clodsire
|-damage|p2a: Clodsire|63/100
|move|p2a: Clodsire|Spikes|p1a: Raging Bolt
|-sidestart|p1: spreadcrosser|Spikes
|
|-heal|p1a: Raging Bolt|58/100 tox|[from] item: Leftovers
|-heal|p2a: Clodsire|69/100|[from] item: Leftovers
|-damage|p1a: Raging Bolt|39/100 tox|[from] psn
|upkeep
|turn|47
|c|☆spreadcrosser|GG wp
|
|t:|1758321185
|move|p1a: Raging Bolt|Dragon Pulse|p2a: Clodsire
|-damage|p2a: Clodsire|52/100
|move|p2a: Clodsire|Recover|p2a: Clodsire
|-heal|p2a: Clodsire|100/100
|
|-heal|p1a: Raging Bolt|45/100 tox|[from] item: Leftovers
|-damage|p1a: Raging Bolt|21/100 tox|[from] psn
|upkeep
|turn|48
|c|☆Shampoogini|Thnx u 2
|
|t:|1758321195
|-end|p1a: Raging Bolt|Protosynthesis|[silent]
|switch|p1a: Serperior|Serperior, F|68/100 par
|-damage|p1a: Serperior|43/100 par|[from] Spikes
|move|p2a: Clodsire|Earthquake|p1a: Serperior
|-resisted|p1a: Serperior
|-damage|p1a: Serperior|28/100 par
|
|-sideend|p2: Shampoogini|move: Light Screen
|upkeep
|turn|49
|
|t:|1758321198
|cant|p1a: Serperior|par
|move|p2a: Clodsire|Earthquake|p1a: Serperior
|-resisted|p1a: Serperior
|-damage|p1a: Serperior|11/100 par
|
|-sideend|p2: Shampoogini|Reflect
|upkeep
|turn|50
|
|t:|1758321201
|cant|p1a: Serperior|par
|move|p2a: Clodsire|Earthquake|p1a: Serperior
|-resisted|p1a: Serperior
|-damage|p1a: Serperior|0 fnt
|faint|p1a: Serperior
|
|upkeep
|-message|spreadcrosser forfeited.
|
|win|Shampoogini
|raw|spreadcrosser's rating: 1383 &rarr; <strong>1361</strong><br />(-22 for losing)
|raw|Shampoogini's rating: 1350 &rarr; <strong>1372</strong><br />(+22 for winning)
|l|☆spreadcrosser
|player|p1|
