|j|☆SMM Metagross
|j|☆undertalethemovie
|t:|1758260467
|gametype|singles
|player|p1|SMM Metagross|hilbert|1314
|player|p2|undertalethemovie|n|1360
|gen|9
|tier|[Gen 9] OU
|rated|
|rule|HP Percentage Mod: HP is shown in percentages
|rule|Endless Battle Clause: Forcing endless battles is banned
|rule|Species Clause: Limit one of each Pokémon
|rule|OHKO Clause: OHKO moves are banned
|rule|Evasion Items Clause: Evasion items are banned
|rule|Evasion Moves Clause: Evasion moves are banned
|rule|Evasion Abilities Clause: Evasion abilities are banned
|rule|Sleep Moves Clause: Sleep-inducing moves are banned
|clearpoke
|poke|p1|Greninja-*, M|
|poke|p1|Great Tusk|
|poke|p1|Ceruledge, M|
|poke|p1|Raging Bolt|
|poke|p1|Kyurem|
|poke|p1|Kingambit, M|
|poke|p2|Clodsire, M|
|poke|p2|Ogerpon-Wellspring, F|
|poke|p2|Zoroark-Hisui, F|
|poke|p2|Zamazenta-*|
|poke|p2|Cinderace, M|
|poke|p2|Deoxys-Speed|
|teampreview
|inactive|Battle timer is ON: inactive players will automatically lose when time's up. (requested by SMM Metagross)
|
|t:|1758260473
|teamsize|p1|6
|teamsize|p2|6
|start
|switch|p1a: Kyurem|Kyurem|100/100
|switch|p2a: The Writer|Ogerpon-Wellspring, F|100/100
|-ability|p1a: Kyurem|Pressure
|turn|1
|
|t:|1758260477
|move|p2a: The Writer|U-turn|p1a: Kyurem
|-damage|p1a: Kyurem|74/100
|
|t:|1758260480
|switch|p2a: Ingerland|Cinderace, M|100/100|[from] U-turn
|move|p1a: Kyurem|Dragon Dance|p1a: Kyurem
|-boost|p1a: Kyurem|atk|1
|-boost|p1a: Kyurem|spe|1
|
|upkeep
|turn|2
|
|t:|1758260485
|move|p1a: Kyurem|Scale Shot|p2a: Ingerland
|-damage|p2a: Ingerland|67/100
|-damage|p2a: Ingerland|36/100
|-crit|p2a: Ingerland
|-damage|p2a: Ingerland|0 fnt
|faint|p2a: Ingerland
|-hitcount|p2: Ingerland|3
|-unboost|p1a: Kyurem|def|1
|-boost|p1a: Kyurem|spe|1
|
|upkeep
|
|t:|1758260491
|switch|p2a: Pokemon Shield|Zamazenta|100/100
|-ability|p2a: Pokemon Shield|Dauntless Shield|boost
|-boost|p2a: Pokemon Shield|def|1
|turn|3
|
|t:|1758260504
|-terastallize|p2a: Pokemon Shield|Steel
|move|p1a: Kyurem|Icicle Spear|p2a: Pokemon Shield
|-resisted|p2a: Pokemon Shield
|-damage|p2a: Pokemon Shield|94/100
|-resisted|p2a: Pokemon Shield
|-damage|p2a: Pokemon Shield|88/100
|-resisted|p2a: Pokemon Shield
|-damage|p2a: Pokemon Shield|80/100
|-resisted|p2a: Pokemon Shield
|-damage|p2a: Pokemon Shield|74/100
|-resisted|p2a: Pokemon Shield
|-damage|p2a: Pokemon Shield|67/100
|-hitcount|p2a: Pokemon Shield|5
|move|p2a: Pokemon Shield|Iron Head|p1a: Kyurem
|-supereffective|p1a: Kyurem
|-damage|p1a: Kyurem|0 fnt
|faint|p1a: Kyurem
|
|-heal|p2a: Pokemon Shield|73/100|[from] item: Leftovers
|upkeep
|
|t:|1758260508
|switch|p1a: Ceruledge|Ceruledge, M|100/100
|turn|4
|
|t:|1758260510
|switch|p2a: Mumbo|Clodsire, M|100/100
|-item|p2a: Mumbo|Air Balloon
|move|p1a: Ceruledge|Swords Dance|p1a: Ceruledge
|-boost|p1a: Ceruledge|atk|2
|
|upkeep
|turn|5
|
|t:|1758260514
|move|p1a: Ceruledge|Bitter Blade|p2a: Mumbo
|-damage|p2a: Mumbo|46/100
|-enditem|p2a: Mumbo|Air Balloon
|move|p2a: Mumbo|Toxic|p1a: Ceruledge
|-status|p1a: Ceruledge|tox
|
|-damage|p1a: Ceruledge|94/100 tox|[from] psn
|upkeep
|turn|6
|
|t:|1758260520
|move|p1a: Ceruledge|Bitter Blade|p2a: Mumbo
|-damage|p2a: Mumbo|0 fnt
|-heal|p1a: Ceruledge|100/100 tox|[from] drain|[of] p2a: Mumbo
|faint|p2a: Mumbo
|
|-damage|p1a: Ceruledge|88/100 tox|[from] psn
|upkeep
|
|t:|1758260522
|switch|p2a: Pokemon Shield|Zamazenta|100/100
|-item|p2a: Pokemon Shield|Air Balloon
|-start|p2a: Pokemon Shield|typechange|Steel|[silent]
|turn|7
|
|t:|1758260547
|move|p2a: Pokemon Shield|Detect|p2a: Pokemon Shield
|-singleturn|p2a: Pokemon Shield|Protect
|move|p1a: Ceruledge|Bitter Blade|p2a: Pokemon Shield
|-activate|p2a: Pokemon Shield|move: Protect
|
|-damage|p1a: Ceruledge|70/100 tox|[from] psn
|upkeep
|turn|8
|
|t:|1758260551
|move|p2a: Pokemon Shield|Hex|p1a: Ceruledge
|-supereffective|p1a: Ceruledge
|-crit|p1a: Ceruledge
|-damage|p1a: Ceruledge|0 fnt
|faint|p1a: Ceruledge
|
|upkeep
|
|t:|1758260563
|switch|p1a: Raging Bolt|Raging Bolt|100/100
|-enditem|p1a: Raging Bolt|Booster Energy
|-activate|p1a: Raging Bolt|ability: Protosynthesis|[fromitem]
|-start|p1a: Raging Bolt|protosynthesisspa
|turn|9
|
|t:|1758260571
|move|p2a: Pokemon Shield|Detect|p2a: Pokemon Shield
|-singleturn|p2a: Pokemon Shield|Protect
|move|p1a: Raging Bolt|Calm Mind|p1a: Raging Bolt
|-boost|p1a: Raging Bolt|spa|1
|-boost|p1a: Raging Bolt|spd|1
|
|upkeep
|turn|10
|inactive|SMM Metagross has 120 seconds left.
|
|t:|1758260611
|switch|p2a: The Writer|Ogerpon-Wellspring, F|100/100
|move|p1a: Raging Bolt|Thunderbolt|p2a: The Writer
|-damage|p2a: The Writer|0 fnt
|faint|p2a: The Writer
|
|upkeep
|
|t:|1758260615
|switch|p2a: Minami Torishima|Deoxys-Speed|100/100
|-ability|p2a: Minami Torishima|Pressure
|turn|11
|
|t:|1758260619
|move|p2a: Minami Torishima|Ice Beam|p1a: Raging Bolt
|-supereffective|p1a: Raging Bolt
|-damage|p1a: Raging Bolt|55/100
|move|p1a: Raging Bolt|Thunderbolt|p2a: Minami Torishima
|-damage|p2a: Minami Torishima|0 fnt
|faint|p2a: Minami Torishima
|
|upkeep
|
|t:|1758260624
|switch|p2a: Pokemon Shield|Zamazenta, tera:Steel|73/100
|turn|12
|
|t:|1758260630
|move|p2a: Pokemon Shield|Iron Head|p1a: Raging Bolt
|-resisted|p1a: Raging Bolt
|-damage|p1a: Raging Bolt|37/100
|cant|p1a: Raging Bolt|flinch
|
|-heal|p2a: Pokemon Shield|79/100|[from] item: Leftovers
|upkeep
|turn|13
|
|t:|1758260635
|move|p2a: Pokemon Shield|Close Combat|p1a: Raging Bolt
|-damage|p1a: Raging Bolt|0 fnt
|-unboost|p2a: Pokemon Shield|def|1
|-unboost|p2a: Pokemon Shield|spd|1
|faint|p1a: Raging Bolt
|-end|p1a: Raging Bolt|Protosynthesis|[silent]
|
|-heal|p2a: Pokemon Shield|85/100|[from] item: Leftovers
|upkeep
|
|t:|1758260639
|switch|p1a: Great Tusk|Great Tusk|100/100
|-enditem|p1a: Great Tusk|Booster Energy
|-activate|p1a: Great Tusk|ability: Protosynthesis|[fromitem]
|-start|p1a: Great Tusk|protosynthesisatk
|turn|14
|
|t:|1758260644
|switch|p2a: Pokemon Shield|Zamazenta|100/100
|-item|p2a: Pokemon Shield|Air Balloon
|move|p1a: Great Tusk|Headlong Rush|p2a: Pokemon Shield
|-immune|p2a: Pokemon Shield
|
|upkeep
|-start|p2a: Pokemon Shield|typechange|Steel|[silent]
|turn|15
|
|t:|1758260655
|move|p2a: Pokemon Shield|Will-O-Wisp|p1a: Great Tusk
|-status|p1a: Great Tusk|brn
|move|p1a: Great Tusk|Close Combat|p2a: Pokemon Shield
|-immune|p2a: Pokemon Shield
|
|-damage|p1a: Great Tusk|94/100 brn|[from] brn
|upkeep
|turn|16
|
|t:|1758260674
|move|p2a: Pokemon Shield|Hex|p1a: Great Tusk
|-damage|p1a: Great Tusk|3/100 brn
|move|p1a: Great Tusk|Ice Spinner|p2a: Pokemon Shield
|-damage|p2a: Pokemon Shield|62/100
|replace|p2a: Count St. Germain|Zoroark-Hisui, F, shiny
|-end|p2a: Count St. Germain|Illusion
|-enditem|p2a: Count St. Germain|Air Balloon
|
|-damage|p1a: Great Tusk|0 fnt|[from] brn
|faint|p1a: Great Tusk
|-end|p1a: Great Tusk|Protosynthesis|[silent]
|upkeep
|inactive|SMM Metagross has 120 seconds left.
|
|t:|1758260698
|switch|p1a: Greninja|Greninja, M|100/100
|turn|17
|
|t:|1758260703
|switch|p2a: Pokemon Shield|Zamazenta, tera:Steel|85/100
|move|p1a: Greninja|Dark Pulse|p2a: Pokemon Shield
|-damage|p2a: Pokemon Shield|53/100
|
|-heal|p2a: Pokemon Shield|59/100|[from] item: Leftovers
|upkeep
|turn|18
|
|t:|1758260712
|-terastallize|p1a: Greninja|Water
|move|p1a: Greninja|Dark Pulse|p2a: Pokemon Shield
|-damage|p2a: Pokemon Shield|25/100
|move|p2a: Pokemon Shield|Close Combat|p1a: Greninja
|-damage|p1a: Greninja|0 fnt
|-unboost|p2a: Pokemon Shield|def|1
|-unboost|p2a: Pokemon Shield|spd|1
|faint|p1a: Greninja
|
|-heal|p2a: Pokemon Shield|31/100|[from] item: Leftovers
|upkeep
|
|t:|1758260720
|switch|p1a: Kingambit|Kingambit, M|100/100
|-activate|p1a: Kingambit|ability: Supreme Overlord
|-start|p1a: Kingambit|fallen5|[silent]
|turn|19
|
|t:|1758260740
|switch|p2a: Pokemon Shield|Zamazenta|62/100
|move|p1a: Kingambit|Sucker Punch||[still]
|-fail|p1a: Kingambit
|
|upkeep
|-start|p2a: Pokemon Shield|typechange|Steel|[silent]
|turn|20
|
|t:|1758260744
|move|p2a: Pokemon Shield|Will-O-Wisp|p1a: Kingambit
|-status|p1a: Kingambit|brn
|move|p1a: Kingambit|Kowtow Cleave|p2a: Pokemon Shield
|-supereffective|p2a: Pokemon Shield
|-damage|p2a: Pokemon Shield|0 fnt
|replace|p2a: Count St. Germain|Zoroark-Hisui, F, shiny
|-end|p2a: Count St. Germain|Illusion
|faint|p2a: Count St. Germain
|
|-damage|p1a: Kingambit|94/100 brn|[from] brn
|upkeep
|
|t:|1758260749
|switch|p2a: Pokemon Shield|Zamazenta, tera:Steel|31/100
|turn|21
|
|t:|1758260753
|move|p1a: Kingambit|Sucker Punch|p2a: Pokemon Shield
|-damage|p2a: Pokemon Shield|0 fnt
|faint|p2a: Pokemon Shield
|
|win|SMM Metagross
|raw|SMM Metagross's rating: 1311 &rarr; <strong>1334</strong><br />(+23 for winning)
|raw|undertalethemovie's rating: 1360 &rarr; <strong>1337</strong><br />(-23 for losing)
|l|☆undertalethemovie
|player|p2|
|l|☆SMM Metagross
|player|p1|
