|j|☆henry151th
|j|☆benji fades
|t:|1758305165
|gametype|singles
|player|p1|henry151th|wallace|1610
|player|p2|benji fades|swimmerf-gen4|1670
|gen|9
|tier|[Gen 9] OU
|rated|
|rule|HP Percentage Mod: HP is shown in percentages
|rule|Endless Battle Clause: Forcing endless battles is banned
|rule|Species Clause: Limit one of each Pokémon
|rule|OHKO Clause: OHKO moves are banned
|rule|Evasion Items Clause: Evasion items are banned
|rule|Evasion Moves Clause: Evasion moves are banned
|rule|Evasion Abilities Clause: Evasion abilities are banned
|rule|Sleep Moves Clause: Sleep-inducing moves are banned
|clearpoke
|poke|p1|Great Tusk|
|poke|p1|Cinderace, M|
|poke|p1|Alomomola, F|
|poke|p1|Zapdos|
|poke|p1|Slowking-Galar, F|
|poke|p1|Iron Valiant|
|poke|p2|Dragonite, F|
|poke|p2|Darkrai|
|poke|p2|Ogerpon-Wellspring, F|
|poke|p2|Mimikyu, F|
|poke|p2|Primarina, F|
|poke|p2|Landorus-Therian, M|
|teampreview
|
|t:|1758305182
|teamsize|p1|6
|teamsize|p2|6
|start
|switch|p1a: Zapdos|Zapdos|100/100
|switch|p2a: Landorus|Landorus-Therian, M|100/100
|-ability|p2a: Landorus|Intimidate|boost
|-unboost|p1a: Zapdos|atk|1
|turn|1
|inactive|Battle timer is ON: inactive players will automatically lose when time's up. (requested by benji fades)
|
|t:|1758305199
|move|p2a: Landorus|Stealth Rock|p1a: Zapdos
|-sidestart|p1: henry151th|move: Stealth Rock
|move|p1a: Zapdos|Hurricane|p2a: Landorus
|-damage|p2a: Landorus|51/100
|
|upkeep
|turn|2
|
|t:|1758305204
|move|p2a: Landorus|U-turn|p1a: Zapdos
|-resisted|p1a: Zapdos
|-damage|p1a: Zapdos|93/100
|-damage|p2a: Landorus|34/100|[from] item: Rocky Helmet|[of] p1a: Zapdos
|
|t:|1758305210
|switch|p2a: Primarina|Primarina, F|100/100|[from] U-turn
|move|p1a: Zapdos|Volt Switch|p2a: Primarina
|-supereffective|p2a: Primarina
|-damage|p2a: Primarina|62/100
|
|t:|1758305213
|switch|p1a: Alomomola|Alomomola, F|100/100|[from] Volt Switch
|-damage|p1a: Alomomola|88/100|[from] Stealth Rock
|
|upkeep
|turn|3
|
|t:|1758305220
|move|p2a: Primarina|Moonblast|p1a: Alomomola
|-damage|p1a: Alomomola|62/100
|-unboost|p1a: Alomomola|spa|1
|move|p1a: Alomomola|Body Slam|p2a: Primarina
|-damage|p2a: Primarina|40/100
|-status|p2a: Primarina|par
|
|upkeep
|turn|4
|
|t:|1758305239
|move|p1a: Alomomola|Flip Turn|p2a: Primarina
|-resisted|p2a: Primarina
|-damage|p2a: Primarina|30/100 par
|
|t:|1758305241
|switch|p1a: Slowking|Slowking-Galar, F|100/100|[from] Flip Turn
|-damage|p1a: Slowking|88/100|[from] Stealth Rock
|move|p2a: Primarina|Flip Turn|p1a: Slowking
|-damage|p1a: Slowking|73/100
|
|t:|1758305264
|switch|p2a: Ogerpon|Ogerpon-Wellspring, F|100/100|[from] Flip Turn
|
|upkeep
|turn|5
|
|t:|1758305269
|-terastallize|p2a: Ogerpon|Water
|detailschange|p2a: Ogerpon|Ogerpon-Wellspring-Tera, F, tera:Water
|-ability|p2a: Ogerpon|Embody Aspect (Wellspring)|boost
|-boost|p2a: Ogerpon|spd|1
|move|p2a: Ogerpon|Ivy Cudgel|p1a: Slowking|[anim] Ivy Cudgel Water
|-damage|p1a: Slowking|15/100
|move|p1a: Slowking|Sludge Bomb|p2a: Ogerpon
|-damage|p2a: Ogerpon|75/100
|
|upkeep
|turn|6
|
|t:|1758305279
|switch|p1a: Zapdos|Zapdos|93/100
|-damage|p1a: Zapdos|68/100|[from] Stealth Rock
|move|p2a: Ogerpon|Ivy Cudgel|p1a: Zapdos|[anim] Ivy Cudgel Water
|-damage|p1a: Zapdos|16/100
|
|upkeep
|turn|7
|
|t:|1758305282
|move|p2a: Ogerpon|Ivy Cudgel|p1a: Zapdos|[anim] Ivy Cudgel Water
|-damage|p1a: Zapdos|0 fnt
|faint|p1a: Zapdos
|
|upkeep
|
|t:|1758305284
|switch|p1a: Iron Valiant|Iron Valiant|100/100
|-damage|p1a: Iron Valiant|94/100|[from] Stealth Rock
|turn|8
|
|t:|1758305288
|switch|p2a: Landorus|Landorus-Therian, M|34/100
|-ability|p2a: Landorus|Intimidate|boost
|-unboost|p1a: Iron Valiant|atk|1
|move|p1a: Iron Valiant|Close Combat|p2a: Landorus
|-resisted|p2a: Landorus
|-damage|p2a: Landorus|4/100
|-unboost|p1a: Iron Valiant|def|1
|-unboost|p1a: Iron Valiant|spd|1
|-damage|p1a: Iron Valiant|78/100|[from] item: Rocky Helmet|[of] p2a: Landorus
|
|upkeep
|turn|9
|
|t:|1758305298
|move|p1a: Iron Valiant|Close Combat|p2a: Landorus
|-resisted|p2a: Landorus
|-damage|p2a: Landorus|0 fnt
|-unboost|p1a: Iron Valiant|def|1
|-unboost|p1a: Iron Valiant|spd|1
|-damage|p1a: Iron Valiant|61/100|[from] item: Rocky Helmet|[of] p2a: Landorus
|faint|p2a: Landorus
|
|upkeep
|
|t:|1758305302
|switch|p2a: Mimikyu|Mimikyu, F|100/100
|turn|10
|
|t:|1758305314
|-end|p1a: Iron Valiant|Quark Drive|[silent]
|switch|p1a: Cinderace|Cinderace, M|100/100
|move|p2a: Mimikyu|Shadow Claw|p1a: Cinderace
|-damage|p1a: Cinderace|52/100
|-damage|p2a: Mimikyu|91/100|[from] item: Life Orb
|
|upkeep
|turn|11
|
|t:|1758305322
|switch|p2a: Darkrai|Darkrai|100/100
|move|p1a: Cinderace|Court Change|p1a: Cinderace
|-swapsideconditions
|-activate|p1a: Cinderace|move: Court Change
|
|upkeep
|turn|12
|
|t:|1758305325
|switch|p1a: Alomomola|Alomomola, F|95/100
|move|p2a: Darkrai|Dark Pulse|p1a: Alomomola
|-damage|p1a: Alomomola|72/100
|
|upkeep
|turn|13
|
|t:|1758305331
|switch|p2a: Primarina|Primarina, F|30/100 par
|-damage|p2a: Primarina|17/100 par|[from] Stealth Rock
|move|p1a: Alomomola|Flip Turn|p2a: Primarina
|-resisted|p2a: Primarina
|-damage|p2a: Primarina|6/100 par
|
|t:|1758305337
|switch|p1a: Iron Valiant|Iron Valiant|61/100|[from] Flip Turn
|
|upkeep
|turn|14
|
|t:|1758305340
|move|p1a: Iron Valiant|Spirit Break|p2a: Primarina
|-damage|p2a: Primarina|0 fnt
|faint|p2a: Primarina
|
|upkeep
|inactive|benji fades has 120 seconds left.
|
|t:|1758305375
|switch|p2a: Mimikyu|Mimikyu, F|91/100
|-damage|p2a: Mimikyu|78/100|[from] Stealth Rock
|turn|15
|
|t:|1758305388
|move|p1a: Iron Valiant|Spirit Break|p2a: Mimikyu
|-activate|p2a: Mimikyu|ability: Disguise
|-damage|p2a: Mimikyu|78/100
|-unboost|p2a: Mimikyu|spa|1
|detailschange|p2a: Mimikyu|Mimikyu-Busted, F
|-damage|p2a: Mimikyu|66/100|[from] pokemon: Mimikyu-Busted
|move|p2a: Mimikyu|Swords Dance|p2a: Mimikyu
|-boost|p2a: Mimikyu|atk|2
|
|upkeep
|turn|16
|
|t:|1758305391
|move|p2a: Mimikyu|Shadow Sneak|p1a: Iron Valiant
|-damage|p1a: Iron Valiant|11/100
|-damage|p2a: Mimikyu|56/100|[from] item: Life Orb
|move|p1a: Iron Valiant|Spirit Break|p2a: Mimikyu
|-crit|p2a: Mimikyu
|-damage|p2a: Mimikyu|0 fnt
|faint|p2a: Mimikyu
|
|upkeep
|
|t:|1758305395
|switch|p2a: Dragonite|Dragonite, F|100/100
|turn|17
|
|t:|1758305397
|move|p1a: Iron Valiant|Spirit Break|p2a: Dragonite
|-supereffective|p2a: Dragonite
|-damage|p2a: Dragonite|39/100
|-unboost|p2a: Dragonite|spa|1
|move|p2a: Dragonite|Dragon Dance|p2a: Dragonite
|-boost|p2a: Dragonite|atk|1
|-boost|p2a: Dragonite|spe|1
|
|upkeep
|turn|18
|
|t:|1758305405
|move|p2a: Dragonite|Ice Spinner|p1a: Iron Valiant
|-damage|p1a: Iron Valiant|0 fnt
|faint|p1a: Iron Valiant
|-end|p1a: Iron Valiant|Quark Drive|[silent]
|
|upkeep
|
|t:|1758305406
|switch|p1a: Great Tusk|Great Tusk|100/100
|turn|19
|
|t:|1758305411
|move|p1a: Great Tusk|Knock Off|p2a: Dragonite
|-damage|p2a: Dragonite|2/100
|-enditem|p2a: Dragonite|Heavy-Duty Boots|[from] move: Knock Off|[of] p1a: Great Tusk
|move|p2a: Dragonite|Ice Spinner|p1a: Great Tusk
|-supereffective|p1a: Great Tusk
|-damage|p1a: Great Tusk|37/100
|
|upkeep
|turn|20
|
|t:|1758305424
|move|p1a: Great Tusk|Knock Off|p2a: Dragonite
|-damage|p2a: Dragonite|0 fnt
|faint|p2a: Dragonite
|
|upkeep
|
|t:|1758305425
|switch|p2a: Ogerpon|Ogerpon-Wellspring-Tera, F, tera:Water|75/100
|-damage|p2a: Ogerpon|62/100|[from] Stealth Rock
|-ability|p2a: Ogerpon|Embody Aspect (Wellspring)|boost
|-boost|p2a: Ogerpon|spd|1
|turn|21
|
|t:|1758305430
|-end|p1a: Great Tusk|Protosynthesis|[silent]
|switch|p1a: Slowking|Slowking-Galar, F|49/100
|move|p2a: Ogerpon|Ivy Cudgel|p1a: Slowking|[anim] Ivy Cudgel Water
|-damage|p1a: Slowking|0 fnt
|faint|p1a: Slowking
|
|upkeep
|
|t:|1758305432
|switch|p1a: Great Tusk|Great Tusk|37/100
|turn|22
|
|t:|1758305437
|switch|p2a: Darkrai|Darkrai|100/100
|-damage|p2a: Darkrai|88/100|[from] Stealth Rock
|-terastallize|p1a: Great Tusk|Ground
|move|p1a: Great Tusk|Headlong Rush|p2a: Darkrai
|-damage|p2a: Darkrai|0 fnt
|-unboost|p1a: Great Tusk|def|1
|-unboost|p1a: Great Tusk|spd|1
|faint|p2a: Darkrai
|
|upkeep
|
|t:|1758305440
|switch|p2a: Ogerpon|Ogerpon-Wellspring-Tera, F, tera:Water|62/100
|-damage|p2a: Ogerpon|50/100|[from] Stealth Rock
|-ability|p2a: Ogerpon|Embody Aspect (Wellspring)|boost
|-boost|p2a: Ogerpon|spd|1
|turn|23
|
|t:|1758305442
|move|p1a: Great Tusk|Headlong Rush|p2a: Ogerpon
|-damage|p2a: Ogerpon|0 fnt
|-unboost|p1a: Great Tusk|def|1
|-unboost|p1a: Great Tusk|spd|1
|faint|p2a: Ogerpon
|detailschange|p2: Ogerpon|Ogerpon-Wellspring, F|[silent]
|
|win|henry151th
|raw|henry151th's rating: 1610 &rarr; <strong>1633</strong><br />(+23 for winning)
|raw|benji fades's rating: 1670 &rarr; <strong>1647</strong><br />(-23 for losing)
|l|☆benji fades
|player|p2|
