|j|☆wishythefishy
|j|☆garlicbread_rblx
|t:|1758335985
|gametype|singles
|player|p1|wishythefishy|palmer|1198
|player|p2|garlicbread_rblx|rocketgrunt|1236
|gen|9
|tier|[Gen 9] OU
|rated|
|rule|HP Percentage Mod: HP is shown in percentages
|rule|Endless Battle Clause: Forcing endless battles is banned
|rule|Species Clause: Limit one of each Pokémon
|rule|OHKO Clause: OHKO moves are banned
|rule|Evasion Items Clause: Evasion items are banned
|rule|Evasion Moves Clause: Evasion moves are banned
|rule|Evasion Abilities Clause: Evasion abilities are banned
|rule|Sleep Moves Clause: Sleep-inducing moves are banned
|clearpoke
|poke|p1|Slowking-Galar, M|
|poke|p1|Sandslash-Alola, F|
|poke|p1|Gholdengo|
|poke|p1|Raging Bolt|
|poke|p1|Clefable, F|
|poke|p1|Moltres|
|poke|p2|Raichu, F|
|poke|p2|Corviknight, F|
|poke|p2|Toxapex, F|
|poke|p2|Meowscarada, M|
|poke|p2|Skeledirge, M|
|poke|p2|Latios, M|
|teampreview
|inactive|Battle timer is ON: inactive players will automatically lose when time's up. (requested by wishythefishy)
|
|t:|1758336015
|teamsize|p1|6
|teamsize|p2|6
|start
|switch|p1a: Rooster|Moltres|100/100
|switch|p2a: Meowscarada|Meowscarada, M, shiny|100/100
|turn|1
|
|t:|1758336022
|move|p2a: Meowscarada|U-turn|p1a: Rooster
|-start|p2a: Meowscarada|typechange|Bug|[from] ability: Protean
|-resisted|p1a: Rooster
|-damage|p1a: Rooster|93/100
|
|t:|1758336044
|switch|p2a: Toxapex|Toxapex, F|100/100|[from] U-turn
|move|p1a: Rooster|Flamethrower|p2a: Toxapex
|-resisted|p2a: Toxapex
|-damage|p2a: Toxapex|84/100
|
|upkeep
|turn|2
|
|t:|1758336070
|move|p1a: Rooster|Scorching Sands|p2a: Toxapex
|-supereffective|p2a: Toxapex
|-damage|p2a: Toxapex|53/100
|-status|p2a: Toxapex|brn
|move|p2a: Toxapex|Toxic Spikes|p1a: Rooster
|-sidestart|p1: wishythefishy|move: Toxic Spikes
|
|-damage|p2a: Toxapex|47/100 brn|[from] brn
|upkeep
|turn|3
|inactive|garlicbread_rblx has 120 seconds left.
|
|t:|1758336099
|switch|p2a: Corviknight|Corviknight, F|100/100
|-ability|p2a: Corviknight|Pressure
|move|p1a: Rooster|U-turn|p2a: Corviknight
|-resisted|p2a: Corviknight
|-damage|p2a: Corviknight|98/100
|-damage|p1a: Rooster|76/100|[from] item: Rocky Helmet|[of] p2a: Corviknight
|
|t:|1758336110
|switch|p1a: Clapper of T's|Raging Bolt|100/100|[from] U-turn
|-status|p1a: Clapper of T's|psn
|
|-damage|p1a: Clapper of T's|88/100 psn|[from] psn
|upkeep
|turn|4
|inactive|garlicbread_rblx has 120 seconds left.
|
|t:|1758336136
|switch|p2a: Raichu|Raichu, F|100/100
|move|p1a: Clapper of T's|Calm Mind|p1a: Clapper of T's
|-boost|p1a: Clapper of T's|spa|1
|-boost|p1a: Clapper of T's|spd|1
|
|-heal|p1a: Clapper of T's|94/100 psn|[from] item: Leftovers
|-damage|p1a: Clapper of T's|82/100 psn|[from] psn
|upkeep
|turn|5
|
|t:|1758336146
|move|p2a: Raichu|Nasty Plot|p2a: Raichu
|-boost|p2a: Raichu|spa|2
|move|p1a: Clapper of T's|Discharge|p2a: Raichu
|-ability|p2a: Raichu|Lightning Rod|boost
|-boost|p2a: Raichu|spa|1
|
|-heal|p1a: Clapper of T's|88/100 psn|[from] item: Leftovers
|-damage|p1a: Clapper of T's|75/100 psn|[from] psn
|upkeep
|turn|6
|inactive|garlicbread_rblx has 120 seconds left.
|
|t:|1758336151
|move|p2a: Raichu|Alluring Voice|p1a: Clapper of T's
|-supereffective|p1a: Clapper of T's
|-damage|p1a: Clapper of T's|0 fnt
|faint|p1a: Clapper of T's
|-end|p1a: Clapper of T's|Protosynthesis|[silent]
|-damage|p2a: Raichu|91/100|[from] item: Life Orb
|
|upkeep
|
|t:|1758336159
|switch|p1a: Arnold|Slowking-Galar, M|100/100
|-sideend|p1: wishythefishy|move: Toxic Spikes|[of] p1a: Arnold
|turn|7
|
|t:|1758336163
|move|p2a: Raichu|Thunderbolt|p1a: Arnold
|-damage|p1a: Arnold|13/100
|-status|p1a: Arnold|par
|-damage|p2a: Raichu|81/100|[from] item: Life Orb
|-prepare|p1a: Arnold|Chilly Reception|[premajor]
|cant|p1a: Arnold|par
|
|upkeep
|turn|8
|c|☆wishythefishy|ffs
|c|☆wishythefishy|who nasty plots there
|c|☆wishythefishy|are you even tera fairy
|
|t:|1758336191
|switch|p1a: Stay Clefrosty|Clefable, F|100/100
|move|p2a: Raichu|Thunderbolt|p1a: Stay Clefrosty
|-damage|p1a: Stay Clefrosty|62/100
|-enditem|p1a: Stay Clefrosty|Red Card|[of] p2a: Raichu
|drag|p2a: Latios|Latios, M|100/100
|
|upkeep
|turn|9
|inactive|garlicbread_rblx has 120 seconds left.
|c|☆garlicbread_rblx|when in the face of danger always click set up🔥🔥
|inactive|garlicbread_rblx has 90 seconds left.
|
|t:|1758336261
|switch|p2a: Toxapex|Toxapex, F|80/100 brn
|move|p1a: Stay Clefrosty|Moonblast|p2a: Toxapex
|-resisted|p2a: Toxapex
|-damage|p2a: Toxapex|70/100 brn
|
|-damage|p2a: Toxapex|64/100 brn|[from] brn
|upkeep
|turn|10
|
|t:|1758336270
|switch|p1a: Arnold|Slowking-Galar, M|46/100 par
|move|p2a: Toxapex|Toxic Spikes|p1a: Arnold
|-sidestart|p1: wishythefishy|move: Toxic Spikes
|
|-damage|p2a: Toxapex|58/100 brn|[from] brn
|upkeep
|turn|11
|inactive|garlicbread_rblx has 90 seconds left.
|
|t:|1758336282
|switch|p2a: Corviknight|Corviknight, F|98/100
|-ability|p2a: Corviknight|Pressure
|switch|p1a: Rooster|Moltres|76/100
|
|upkeep
|turn|12
|inactive|garlicbread_rblx has 90 seconds left.
|c|☆wishythefishy|Latios
|c|☆wishythefishy|Latios
|
|t:|1758336308
|switch|p2a: Latios|Latios, M|100/100
|move|p1a: Rooster|Scorching Sands|p2a: Latios
|-immune|p2a: Latios|[from] ability: Levitate
|
|upkeep
|turn|13
|
|t:|1758336321
|move|p2a: Latios|Luster Purge|p1a: Rooster
|-crit|p1a: Rooster
|-damage|p1a: Rooster|0 fnt
|faint|p1a: Rooster
|
|upkeep
|c|☆wishythefishy|unreal
|
|t:|1758336328
|switch|p1a: Arnold|Slowking-Galar, M|80/100 par
|-sideend|p1: wishythefishy|move: Toxic Spikes|[of] p1a: Arnold
|turn|14
|
|t:|1758336332
|move|p2a: Latios|Luster Purge|p1a: Arnold
|-crit|p1a: Arnold
|-damage|p1a: Arnold|2/100 par
|-prepare|p1a: Arnold|Chilly Reception|[premajor]
|move|p1a: Arnold|Chilly Reception|p1a: Arnold
|-weather|Snowscape
|c|☆wishythefishy|...
|
|t:|1758336336
|switch|p1a: Tonya|Sandslash-Alola, F, shiny|100/100|[from] Chilly Reception
|
|-weather|Snowscape|[upkeep]
|upkeep
|turn|15
|c|☆garlicbread_rblx|Unfort
|inactive|garlicbread_rblx has 90 seconds left.
|
|t:|1758336355
|switch|p2a: Skeledirge|Skeledirge, M|100/100
|move|p1a: Tonya|Stealth Rock|p2a: Skeledirge
|-sidestart|p2: garlicbread_rblx|move: Stealth Rock
|
|-weather|Snowscape|[upkeep]
|upkeep
|turn|16
|inactive|garlicbread_rblx has 90 seconds left.
|
|t:|1758336362
|-terastallize|p1a: Tonya|Water
|move|p1a: Tonya|Rock Slide|p2a: Skeledirge
|-supereffective|p2a: Skeledirge
|-damage|p2a: Skeledirge|58/100
|move|p2a: Skeledirge|Torch Song|p1a: Tonya
|-resisted|p1a: Tonya
|-damage|p1a: Tonya|79/100
|-boost|p2a: Skeledirge|spa|1
|
|-weather|Snowscape|[upkeep]
|upkeep
|turn|17
|
|t:|1758336369
|move|p1a: Tonya|Rock Slide|p2a: Skeledirge
|-supereffective|p2a: Skeledirge
|-damage|p2a: Skeledirge|20/100
|cant|p2a: Skeledirge|flinch
|
|-weather|Snowscape|[upkeep]
|upkeep
|turn|18
|
|t:|1758336383
|move|p1a: Tonya|Triple Axel|p2a: Skeledirge
|-resisted|p2a: Skeledirge
|-damage|p2a: Skeledirge|16/100
|-resisted|p2a: Skeledirge
|-damage|p2a: Skeledirge|8/100
|-resisted|p2a: Skeledirge
|-damage|p2a: Skeledirge|0 fnt
|faint|p2a: Skeledirge
|-hitcount|p2: Skeledirge|3
|
|-weather|none
|upkeep
|
|t:|1758336392
|switch|p2a: Corviknight|Corviknight, F|98/100
|-damage|p2a: Corviknight|86/100|[from] Stealth Rock
|-ability|p2a: Corviknight|Pressure
|turn|19
|
|t:|1758336395
|switch|p1a: Arnold|Slowking-Galar, M|36/100 par
|move|p2a: Corviknight|Defog|p1a: Arnold
|-unboost|p1a: Arnold|evasion|1
|-sideend|p2: garlicbread_rblx|Stealth Rock|[from] move: Defog|[of] p2a: Corviknight
|
|upkeep
|turn|20
|
|t:|1758336412
|switch|p1a: Stay Clefrosty|Clefable, F|62/100
|move|p2a: Corviknight|U-turn|p1a: Stay Clefrosty
|-resisted|p1a: Stay Clefrosty
|-damage|p1a: Stay Clefrosty|55/100
|inactive|garlicbread_rblx has 90 seconds left.
|
|t:|1758336455
|switch|p2a: Toxapex|Toxapex, F|91/100 brn|[from] U-turn
|
|-damage|p2a: Toxapex|85/100 brn|[from] brn
|upkeep
|turn|21
|
|t:|1758336466
|move|p1a: Stay Clefrosty|Wish|p1a: Stay Clefrosty
|move|p2a: Toxapex|Toxic Spikes|p1a: Stay Clefrosty
|-sidestart|p1: wishythefishy|move: Toxic Spikes
|
|-damage|p2a: Toxapex|78/100 brn|[from] brn
|upkeep
|turn|22
|
|t:|1758336472
|switch|p1a: Tonya|Sandslash-Alola, F, shiny, tera:Water|79/100
|-status|p1a: Tonya|psn
|move|p2a: Toxapex|Poison Jab|p1a: Tonya
|-damage|p1a: Tonya|68/100 psn
|
|-heal|p1a: Tonya|100/100 psn|[from] move: Wish|[wisher] Stay Clefrosty
|-damage|p1a: Tonya|88/100 psn|[from] psn
|-damage|p2a: Toxapex|72/100 brn|[from] brn
|upkeep
|turn|23
|
|t:|1758336479
|move|p1a: Tonya|Rapid Spin|p2a: Toxapex
|-damage|p2a: Toxapex|61/100 brn
|-boost|p1a: Tonya|spe|1
|-sideend|p1: wishythefishy|Toxic Spikes|[from] move: Rapid Spin|[of] p1a: Tonya
|move|p2a: Toxapex|Poison Jab|p1a: Tonya
|-damage|p1a: Tonya|79/100 psn
|
|-damage|p1a: Tonya|66/100 psn|[from] psn
|-damage|p2a: Toxapex|54/100 brn|[from] brn
|upkeep
|turn|24
|
|t:|1758336488
|switch|p1a: Arnold|Slowking-Galar, M|69/100 par
|switch|p2a: Corviknight|Corviknight, F|86/100
|-ability|p2a: Corviknight|Pressure
|
|upkeep
|turn|25
|
|t:|1758336492
|move|p2a: Corviknight|U-turn|p1a: Arnold
|-damage|p1a: Arnold|55/100 par
|-damage|p2a: Corviknight|70/100|[from] item: Rocky Helmet|[of] p1a: Arnold
|inactive|garlicbread_rblx has 90 seconds left.
|
|t:|1758336501
|switch|p2a: Latios|Latios, M|100/100|[from] U-turn
|-prepare|p1a: Arnold|Chilly Reception|[premajor]
|move|p1a: Arnold|Chilly Reception|p1a: Arnold
|-weather|Snowscape
|
|t:|1758336504
|switch|p1a: Tonya|Sandslash-Alola, F, shiny, tera:Water|66/100 psn|[from] Chilly Reception
|
|-weather|Snowscape|[upkeep]
|-damage|p1a: Tonya|54/100 psn|[from] psn
|upkeep
|turn|26
|
|t:|1758336516
|switch|p1a: Yellow Wizard|Gholdengo|100/100
|-item|p1a: Yellow Wizard|Air Balloon
|switch|p2a: Toxapex|Toxapex, F|88/100 brn
|
|-weather|Snowscape|[upkeep]
|-damage|p2a: Toxapex|81/100 brn|[from] brn
|upkeep
|turn|27
|
|t:|1758336520
|move|p1a: Yellow Wizard|Hex|p2a: Toxapex
|-damage|p2a: Toxapex|41/100 brn
|move|p2a: Toxapex|Liquidation|p1a: Yellow Wizard
|-damage|p1a: Yellow Wizard|93/100
|-enditem|p1a: Yellow Wizard|Air Balloon
|
|-weather|Snowscape|[upkeep]
|-damage|p2a: Toxapex|34/100 brn|[from] brn
|upkeep
|turn|28
|
|t:|1758336540
|switch|p2a: Meowscarada|Meowscarada, M, shiny|100/100
|move|p1a: Yellow Wizard|Make It Rain|p2a: Meowscarada
|-damage|p2a: Meowscarada|7/100
|-unboost|p1a: Yellow Wizard|spa|1
|
|-weather|Snowscape|[upkeep]
|upkeep
|turn|29
|
|t:|1758336550
|switch|p1a: Arnold|Slowking-Galar, M|88/100 par
|move|p2a: Meowscarada|Knock Off|p1a: Arnold
|-start|p2a: Meowscarada|typechange|Dark|[from] ability: Protean
|-supereffective|p1a: Arnold
|-crit|p1a: Arnold
|-damage|p1a: Arnold|0 fnt
|-damage|p2a: Meowscarada|0 fnt|[from] item: Rocky Helmet|[of] p1a: Arnold
|faint|p1a: Arnold
|faint|p2a: Meowscarada
|
|-weather|none
|upkeep
|inactive|garlicbread_rblx has 90 seconds left.
|
|t:|1758336571
|switch|p2a: Raichu|Raichu, F|81/100
|switch|p1a: Yellow Wizard|Gholdengo|93/100
|turn|30
|inactive|garlicbread_rblx has 90 seconds left.
|
|t:|1758336584
|move|p2a: Raichu|Thunderbolt|p1a: Yellow Wizard
|-damage|p1a: Yellow Wizard|40/100
|-damage|p2a: Raichu|71/100|[from] item: Life Orb
|move|p1a: Yellow Wizard|Hex|p2a: Raichu
|-damage|p2a: Raichu|23/100
|
|upkeep
|turn|31
|inactive|garlicbread_rblx has 90 seconds left.
|
|t:|1758336591
|move|p2a: Raichu|Thunderbolt|p1a: Yellow Wizard
|-damage|p1a: Yellow Wizard|0 fnt
|faint|p1a: Yellow Wizard
|-damage|p2a: Raichu|13/100|[from] item: Life Orb
|
|upkeep
|
|t:|1758336604
|switch|p1a: Stay Clefrosty|Clefable, F|55/100
|turn|32
|
|t:|1758336609
|move|p2a: Raichu|Thunderbolt|p1a: Stay Clefrosty
|-damage|p1a: Stay Clefrosty|19/100
|-status|p1a: Stay Clefrosty|par
|-damage|p2a: Raichu|3/100|[from] item: Life Orb
|move|p1a: Stay Clefrosty|Wish|p1a: Stay Clefrosty
|
|upkeep
|turn|33
|c|☆wishythefishy|dude come tf on
|
|t:|1758336618
|move|p1a: Stay Clefrosty|Protect|p1a: Stay Clefrosty
|-singleturn|p1a: Stay Clefrosty|Protect
|move|p2a: Raichu|Thunderbolt|p1a: Stay Clefrosty
|-activate|p1a: Stay Clefrosty|move: Protect
|
|-heal|p1a: Stay Clefrosty|69/100 par|[from] move: Wish|[wisher] Stay Clefrosty
|upkeep
|turn|34
|
|t:|1758336622
|move|p2a: Raichu|Thunderbolt|p1a: Stay Clefrosty
|-damage|p1a: Stay Clefrosty|30/100 par
|-damage|p2a: Raichu|0 fnt|[from] item: Life Orb
|faint|p2a: Raichu
|move|p1a: Stay Clefrosty|Wish|p1a: Stay Clefrosty
|
|upkeep
|inactive|garlicbread_rblx has 120 seconds left.
|c|☆wishythefishy|protect fail lp
|
|t:|1758336637
|switch|p2a: Toxapex|Toxapex, F|68/100 brn
|turn|35
|c|☆wishythefishy|come on end me in an honorable way
|
|t:|1758336648
|switch|p1a: Tonya|Sandslash-Alola, F, shiny, tera:Water|54/100 psn
|move|p2a: Toxapex|Poison Jab|p1a: Tonya
|-damage|p1a: Tonya|45/100 psn
|
|-heal|p1a: Tonya|100/100 psn|[from] move: Wish|[wisher] Stay Clefrosty
|-damage|p1a: Tonya|88/100 psn|[from] psn
|-damage|p2a: Toxapex|61/100 brn|[from] brn
|upkeep
|turn|36
|
|t:|1758336661
|switch|p2a: Corviknight|Corviknight, F|70/100
|-ability|p2a: Corviknight|Pressure
|move|p1a: Tonya|Triple Axel|p2a: Corviknight
|-damage|p2a: Corviknight|64/100
|-damage|p1a: Tonya|72/100 psn|[from] item: Rocky Helmet|[of] p2a: Corviknight
|-damage|p2a: Corviknight|51/100
|-damage|p1a: Tonya|55/100 psn|[from] item: Rocky Helmet|[of] p2a: Corviknight
|-damage|p2a: Corviknight|35/100
|-damage|p1a: Tonya|39/100 psn|[from] item: Rocky Helmet|[of] p2a: Corviknight
|-hitcount|p2a: Corviknight|3
|
|-damage|p1a: Tonya|26/100 psn|[from] psn
|upkeep
|turn|37
|
|t:|1758336671
|move|p1a: Tonya|Triple Axel|p2a: Corviknight
|-damage|p2a: Corviknight|29/100
|-damage|p1a: Tonya|10/100 psn|[from] item: Rocky Helmet|[of] p2a: Corviknight
|-damage|p2a: Corviknight|19/100
|-damage|p1a: Tonya|0 fnt|[from] item: Rocky Helmet|[of] p2a: Corviknight
|faint|p1a: Tonya
|-hitcount|p2a: Corviknight|2
|move|p2a: Corviknight|U-turn|p1: Tonya|[notarget]
|-fail|p2a: Corviknight
|
|upkeep
|
|t:|1758336675
|switch|p1a: Stay Clefrosty|Clefable, F|30/100 par
|turn|38
|
|t:|1758336680
|move|p2a: Corviknight|Roost|p2a: Corviknight
|-heal|p2a: Corviknight|69/100
|-singleturn|p2a: Corviknight|move: Roost
|move|p1a: Stay Clefrosty|Wish|p1a: Stay Clefrosty
|
|upkeep
|turn|39
|
|t:|1758336682
|move|p1a: Stay Clefrosty|Protect|p1a: Stay Clefrosty
|-singleturn|p1a: Stay Clefrosty|Protect
|move|p2a: Corviknight|Body Press|p1a: Stay Clefrosty
|-activate|p1a: Stay Clefrosty|move: Protect
|
|-heal|p1a: Stay Clefrosty|80/100 par|[from] move: Wish|[wisher] Stay Clefrosty
|upkeep
|turn|40
|
|t:|1758336685
|move|p2a: Corviknight|Body Press|p1a: Stay Clefrosty
|-resisted|p1a: Stay Clefrosty
|-damage|p1a: Stay Clefrosty|68/100 par
|cant|p1a: Stay Clefrosty|par
|
|upkeep
|turn|41
|
|t:|1758336691
|move|p2a: Corviknight|U-turn|p1a: Stay Clefrosty
|-resisted|p1a: Stay Clefrosty
|-damage|p1a: Stay Clefrosty|60/100 par
|
|t:|1758336693
|switch|p2a: Toxapex|Toxapex, F|95/100 brn|[from] U-turn
|move|p1a: Stay Clefrosty|Wish|p1a: Stay Clefrosty
|
|-damage|p2a: Toxapex|88/100 brn|[from] brn
|upkeep
|turn|42
|
|t:|1758336699
|move|p2a: Toxapex|Poison Jab|p1a: Stay Clefrosty
|-supereffective|p1a: Stay Clefrosty
|-damage|p1a: Stay Clefrosty|43/100 par
|cant|p1a: Stay Clefrosty|par
|
|-heal|p1a: Stay Clefrosty|93/100 par|[from] move: Wish|[wisher] Stay Clefrosty
|-damage|p2a: Toxapex|82/100 brn|[from] brn
|upkeep
|turn|43
|c|☆wishythefishy|yo
|c|☆wishythefishy|just go into latios and end the game please
|c|☆wishythefishy|risk one moonblast
|c|☆wishythefishy|and one spdef drop
|inactive|wishythefishy has 120 seconds left.
|c|☆wishythefishy|this is about to be like 80 turns dependent solely on how many times I get paralyzed
|
|t:|1758336746
|move|p2a: Toxapex|Poison Jab|p1a: Stay Clefrosty
|-supereffective|p1a: Stay Clefrosty
|-damage|p1a: Stay Clefrosty|76/100 par
|move|p1a: Stay Clefrosty|Moonblast|p2a: Toxapex
|-resisted|p2a: Toxapex
|-damage|p2a: Toxapex|71/100 brn
|
|-damage|p2a: Toxapex|65/100 brn|[from] brn
|upkeep
|turn|44
|c|☆garlicbread_rblx|You'll run out of wishes eventually
|c|☆wishythefishy|I'm paralyzed
|c|☆wishythefishy|less pp
|inactive|wishythefishy has 90 seconds left.
|c|☆wishythefishy|if I guess right on corviknight
|
|t:|1758336779
|move|p2a: Toxapex|Poison Jab|p1a: Stay Clefrosty
|-supereffective|p1a: Stay Clefrosty
|-damage|p1a: Stay Clefrosty|58/100 par
|cant|p1a: Stay Clefrosty|par
|
|-damage|p2a: Toxapex|59/100 brn|[from] brn
|upkeep
|turn|45
|
|t:|1758336784
|move|p2a: Toxapex|Poison Jab|p1a: Stay Clefrosty
|-supereffective|p1a: Stay Clefrosty
|-damage|p1a: Stay Clefrosty|40/100 par
|move|p1a: Stay Clefrosty|Wish|p1a: Stay Clefrosty
|
|-damage|p2a: Toxapex|52/100 brn|[from] brn
|upkeep
|turn|46
|
|t:|1758336789
|move|p1a: Stay Clefrosty|Protect|p1a: Stay Clefrosty
|-singleturn|p1a: Stay Clefrosty|Protect
|move|p2a: Toxapex|Poison Jab|p1a: Stay Clefrosty
|-activate|p1a: Stay Clefrosty|move: Protect
|
|-heal|p1a: Stay Clefrosty|90/100 par|[from] move: Wish|[wisher] Stay Clefrosty
|-damage|p2a: Toxapex|46/100 brn|[from] brn
|upkeep
|turn|47
|
|t:|1758336795
|move|p2a: Toxapex|Recover|p2a: Toxapex
|-heal|p2a: Toxapex|96/100 brn
|move|p1a: Stay Clefrosty|Blizzard|p2a: Toxapex
|-resisted|p2a: Toxapex
|-damage|p2a: Toxapex|89/100 brn
|
|-damage|p2a: Toxapex|82/100 brn|[from] brn
|upkeep
|turn|48
|inactive|wishythefishy has 120 seconds left.
|
|t:|1758336801
|move|p2a: Toxapex|Poison Jab|p1a: Stay Clefrosty
|-supereffective|p1a: Stay Clefrosty
|-damage|p1a: Stay Clefrosty|70/100 par
|move|p1a: Stay Clefrosty|Moonblast|p2a: Toxapex
|-resisted|p2a: Toxapex
|-damage|p2a: Toxapex|73/100 brn
|-unboost|p2a: Toxapex|spa|1
|
|-damage|p2a: Toxapex|66/100 brn|[from] brn
|upkeep
|turn|49
|
|t:|1758336808
|move|p1a: Stay Clefrosty|Protect|p1a: Stay Clefrosty
|-singleturn|p1a: Stay Clefrosty|Protect
|move|p2a: Toxapex|Poison Jab|p1a: Stay Clefrosty
|-activate|p1a: Stay Clefrosty|move: Protect
|
|-damage|p2a: Toxapex|60/100 brn|[from] brn
|upkeep
|turn|50
|
|t:|1758336814
|move|p2a: Toxapex|Poison Jab|p1a: Stay Clefrosty
|-supereffective|p1a: Stay Clefrosty
|-damage|p1a: Stay Clefrosty|51/100 par
|move|p1a: Stay Clefrosty|Moonblast|p2a: Toxapex
|-resisted|p2a: Toxapex
|-damage|p2a: Toxapex|50/100 brn
|
|-damage|p2a: Toxapex|44/100 brn|[from] brn
|upkeep
|turn|51
|
|t:|1758336819
|move|p2a: Toxapex|Recover|p2a: Toxapex
|-heal|p2a: Toxapex|94/100 brn
|move|p1a: Stay Clefrosty|Wish|p1a: Stay Clefrosty
|
|-damage|p2a: Toxapex|88/100 brn|[from] brn
|upkeep
|turn|52
|
|t:|1758336822
|move|p2a: Toxapex|Poison Jab|p1a: Stay Clefrosty
|-supereffective|p1a: Stay Clefrosty
|-damage|p1a: Stay Clefrosty|31/100 par
|cant|p1a: Stay Clefrosty|par
|
|-heal|p1a: Stay Clefrosty|81/100 par|[from] move: Wish|[wisher] Stay Clefrosty
|-damage|p2a: Toxapex|81/100 brn|[from] brn
|upkeep
|turn|53
|
|t:|1758336826
|move|p2a: Toxapex|Poison Jab|p1a: Stay Clefrosty
|-supereffective|p1a: Stay Clefrosty
|-damage|p1a: Stay Clefrosty|62/100 par
|cant|p1a: Stay Clefrosty|par
|
|-damage|p2a: Toxapex|75/100 brn|[from] brn
|upkeep
|turn|54
|
|t:|1758336831
|move|p1a: Stay Clefrosty|Protect|p1a: Stay Clefrosty
|-singleturn|p1a: Stay Clefrosty|Protect
|move|p2a: Toxapex|Poison Jab|p1a: Stay Clefrosty
|-activate|p1a: Stay Clefrosty|move: Protect
|
|-damage|p2a: Toxapex|69/100 brn|[from] brn
|upkeep
|turn|55
|
|t:|1758336835
|move|p2a: Toxapex|Poison Jab|p1a: Stay Clefrosty
|-supereffective|p1a: Stay Clefrosty
|-damage|p1a: Stay Clefrosty|45/100 par
|cant|p1a: Stay Clefrosty|par
|
|-damage|p2a: Toxapex|63/100 brn|[from] brn
|upkeep
|turn|56
|
|t:|1758336843
|move|p2a: Toxapex|Poison Jab|p1a: Stay Clefrosty
|-supereffective|p1a: Stay Clefrosty
|-damage|p1a: Stay Clefrosty|28/100 par
|move|p1a: Stay Clefrosty|Wish|p1a: Stay Clefrosty
|
|-damage|p2a: Toxapex|56/100 brn|[from] brn
|upkeep
|turn|57
|c|☆wishythefishy|crit
|
|t:|1758336850
|cant|p1a: Stay Clefrosty|par
|move|p2a: Toxapex|Recover|p2a: Toxapex
|-heal|p2a: Toxapex|100/100 brn
|
|-heal|p1a: Stay Clefrosty|78/100 par|[from] move: Wish|[wisher] Stay Clefrosty
|-damage|p2a: Toxapex|94/100 brn|[from] brn
|upkeep
|turn|58
|c|☆wishythefishy|crit
|c|☆wishythefishy|ohhhh
|c|☆wishythefishy|just end it
|
|t:|1758336859
|move|p2a: Toxapex|Poison Jab|p1a: Stay Clefrosty
|-supereffective|p1a: Stay Clefrosty
|-damage|p1a: Stay Clefrosty|61/100 par
|move|p1a: Stay Clefrosty|Moonblast|p2a: Toxapex
|-resisted|p2a: Toxapex
|-damage|p2a: Toxapex|85/100 brn
|
|-damage|p2a: Toxapex|78/100 brn|[from] brn
|upkeep
|turn|59
|
|t:|1758336864
|move|p2a: Toxapex|Poison Jab|p1a: Stay Clefrosty
|-supereffective|p1a: Stay Clefrosty
|-damage|p1a: Stay Clefrosty|42/100 par
|move|p1a: Stay Clefrosty|Moonblast|p2a: Toxapex
|-resisted|p2a: Toxapex
|-damage|p2a: Toxapex|69/100 brn
|-unboost|p2a: Toxapex|spa|1
|
|-damage|p2a: Toxapex|62/100 brn|[from] brn
|upkeep
|turn|60
|
|t:|1758336869
|move|p2a: Toxapex|Poison Jab|p1a: Stay Clefrosty
|-supereffective|p1a: Stay Clefrosty
|-damage|p1a: Stay Clefrosty|25/100 par
|move|p1a: Stay Clefrosty|Wish|p1a: Stay Clefrosty
|
|-damage|p2a: Toxapex|56/100 brn|[from] brn
|upkeep
|turn|61
|
|t:|1758336877
|move|p2a: Toxapex|Recover|p2a: Toxapex
|-heal|p2a: Toxapex|100/100 brn
|move|p1a: Stay Clefrosty|Moonblast|p2a: Toxapex
|-resisted|p2a: Toxapex
|-damage|p2a: Toxapex|90/100 brn
|
|-heal|p1a: Stay Clefrosty|75/100 par|[from] move: Wish|[wisher] Stay Clefrosty
|-damage|p2a: Toxapex|83/100 brn|[from] brn
|upkeep
|turn|62
|
|t:|1758336883
|move|p1a: Stay Clefrosty|Protect|p1a: Stay Clefrosty
|-singleturn|p1a: Stay Clefrosty|Protect
|move|p2a: Toxapex|Poison Jab|p1a: Stay Clefrosty
|-activate|p1a: Stay Clefrosty|move: Protect
|
|-damage|p2a: Toxapex|77/100 brn|[from] brn
|upkeep
|turn|63
|
|t:|1758336887
|move|p2a: Toxapex|Poison Jab|p1a: Stay Clefrosty
|-supereffective|p1a: Stay Clefrosty
|-damage|p1a: Stay Clefrosty|58/100 par
|cant|p1a: Stay Clefrosty|par
|
|-damage|p2a: Toxapex|71/100 brn|[from] brn
|upkeep
|turn|64
|
|t:|1758336892
|cant|p1a: Stay Clefrosty|par
|move|p2a: Toxapex|Poison Jab|p1a: Stay Clefrosty
|-supereffective|p1a: Stay Clefrosty
|-damage|p1a: Stay Clefrosty|41/100 par
|
|-damage|p2a: Toxapex|65/100 brn|[from] brn
|upkeep
|turn|65
|
|t:|1758336895
|move|p1a: Stay Clefrosty|Protect|p1a: Stay Clefrosty
|-singleturn|p1a: Stay Clefrosty|Protect
|move|p2a: Toxapex|Poison Jab|p1a: Stay Clefrosty
|-activate|p1a: Stay Clefrosty|move: Protect
|
|-damage|p2a: Toxapex|58/100 brn|[from] brn
|upkeep
|turn|66
|
|t:|1758336897
|move|p2a: Toxapex|Poison Jab|p1a: Stay Clefrosty
|-supereffective|p1a: Stay Clefrosty
|-damage|p1a: Stay Clefrosty|24/100 par
|move|p1a: Stay Clefrosty|Wish|p1a: Stay Clefrosty
|
|-damage|p2a: Toxapex|52/100 brn|[from] brn
|upkeep
|turn|67
|
|t:|1758336905
|move|p1a: Stay Clefrosty|Protect|p1a: Stay Clefrosty
|-singleturn|p1a: Stay Clefrosty|Protect
|move|p2a: Toxapex|Recover|p2a: Toxapex
|-heal|p2a: Toxapex|100/100 brn
|
|-heal|p1a: Stay Clefrosty|74/100 par|[from] move: Wish|[wisher] Stay Clefrosty
|-damage|p2a: Toxapex|94/100 brn|[from] brn
|upkeep
|turn|68
|
|t:|1758336919
|move|p2a: Toxapex|Poison Jab|p1a: Stay Clefrosty
|-supereffective|p1a: Stay Clefrosty
|-damage|p1a: Stay Clefrosty|55/100 par
|move|p1a: Stay Clefrosty|Wish|p1a: Stay Clefrosty
|
|-damage|p2a: Toxapex|88/100 brn|[from] brn
|upkeep
|turn|69
|
|t:|1758336925
|move|p2a: Toxapex|Liquidation|p1a: Stay Clefrosty
|-damage|p1a: Stay Clefrosty|45/100 par
|-unboost|p1a: Stay Clefrosty|def|1
|move|p1a: Stay Clefrosty|Blizzard|p2a: Toxapex
|-resisted|p2a: Toxapex
|-damage|p2a: Toxapex|80/100 brn
|
|-heal|p1a: Stay Clefrosty|94/100 par|[from] move: Wish|[wisher] Stay Clefrosty
|-damage|p2a: Toxapex|74/100 brn|[from] brn
|upkeep
|turn|70
|
|t:|1758336938
|move|p1a: Stay Clefrosty|Protect|p1a: Stay Clefrosty
|-singleturn|p1a: Stay Clefrosty|Protect
|move|p2a: Toxapex|Liquidation|p1a: Stay Clefrosty
|-activate|p1a: Stay Clefrosty|move: Protect
|
|-damage|p2a: Toxapex|67/100 brn|[from] brn
|upkeep
|turn|71
|c|☆garlicbread_rblx|Should've went for these sooner
|
|t:|1758336947
|move|p2a: Toxapex|Liquidation|p1a: Stay Clefrosty
|-damage|p1a: Stay Clefrosty|80/100 par
|-unboost|p1a: Stay Clefrosty|def|1
|move|p1a: Stay Clefrosty|Moonblast|p2a: Toxapex
|-resisted|p2a: Toxapex
|-damage|p2a: Toxapex|57/100 brn
|-unboost|p2a: Toxapex|spa|1
|
|-damage|p2a: Toxapex|51/100 brn|[from] brn
|upkeep
|turn|72
|
|t:|1758336955
|move|p2a: Toxapex|Recover|p2a: Toxapex
|-heal|p2a: Toxapex|100/100 brn
|move|p1a: Stay Clefrosty|Moonblast|p2a: Toxapex
|-resisted|p2a: Toxapex
|-damage|p2a: Toxapex|90/100 brn
|
|-damage|p2a: Toxapex|83/100 brn|[from] brn
|upkeep
|turn|73
|
|t:|1758336959
|move|p1a: Stay Clefrosty|Protect|p1a: Stay Clefrosty
|-singleturn|p1a: Stay Clefrosty|Protect
|move|p2a: Toxapex|Liquidation|p1a: Stay Clefrosty
|-activate|p1a: Stay Clefrosty|move: Protect
|
|-damage|p2a: Toxapex|77/100 brn|[from] brn
|upkeep
|turn|74
|
|t:|1758336962
|move|p2a: Toxapex|Liquidation|p1a: Stay Clefrosty
|-damage|p1a: Stay Clefrosty|61/100 par
|cant|p1a: Stay Clefrosty|par
|
|-damage|p2a: Toxapex|71/100 brn|[from] brn
|upkeep
|turn|75
|
|t:|1758336966
|move|p2a: Toxapex|Liquidation|p1a: Stay Clefrosty
|-damage|p1a: Stay Clefrosty|41/100 par
|move|p1a: Stay Clefrosty|Wish|p1a: Stay Clefrosty
|
|-damage|p2a: Toxapex|65/100 brn|[from] brn
|upkeep
|turn|76
|
|t:|1758336972
|move|p2a: Toxapex|Liquidation|p1a: Stay Clefrosty
|-damage|p1a: Stay Clefrosty|21/100 par
|cant|p1a: Stay Clefrosty|par
|
|-heal|p1a: Stay Clefrosty|71/100 par|[from] move: Wish|[wisher] Stay Clefrosty
|-damage|p2a: Toxapex|58/100 brn|[from] brn
|upkeep
|turn|77
|
|t:|1758336976
|move|p1a: Stay Clefrosty|Protect|p1a: Stay Clefrosty
|-singleturn|p1a: Stay Clefrosty|Protect
|move|p2a: Toxapex|Poison Jab|p1a: Stay Clefrosty
|-activate|p1a: Stay Clefrosty|move: Protect
|
|-damage|p2a: Toxapex|52/100 brn|[from] brn
|upkeep
|turn|78
|
|t:|1758336982
|move|p2a: Toxapex|Recover|p2a: Toxapex
|-heal|p2a: Toxapex|100/100 brn
|move|p1a: Stay Clefrosty|Moonblast|p2a: Toxapex
|-resisted|p2a: Toxapex
|-damage|p2a: Toxapex|91/100 brn
|
|-damage|p2a: Toxapex|84/100 brn|[from] brn
|upkeep
|turn|79
|
|t:|1758336988
|cant|p1a: Stay Clefrosty|par
|move|p2a: Toxapex|Poison Jab|p1a: Stay Clefrosty
|-supereffective|p1a: Stay Clefrosty
|-damage|p1a: Stay Clefrosty|38/100 par
|
|-damage|p2a: Toxapex|78/100 brn|[from] brn
|upkeep
|turn|80
|
|t:|1758336993
|move|p2a: Toxapex|Poison Jab|p1a: Stay Clefrosty
|-supereffective|p1a: Stay Clefrosty
|-damage|p1a: Stay Clefrosty|0 fnt
|faint|p1a: Stay Clefrosty
|
|win|garlicbread_rblx
|raw|wishythefishy's rating: 1198 &rarr; <strong>1176</strong><br />(-22 for losing)
|raw|garlicbread_rblx's rating: 1236 &rarr; <strong>1258</strong><br />(+22 for winning)
|c|☆wishythefishy|bs crit with meow
|c|☆wishythefishy|gg
|l|☆wishythefishy
|player|p1|
|c|☆garlicbread_rblx|Gg
