|j|☆Mysterion-911
|j|☆z'zargo
|t:|1758319143
|gametype|singles
|player|p1|Mysterion-911|lucas|1086
|player|p2|z'zargo|1|1132
|gen|9
|tier|[Gen 9] OU
|rated|
|rule|HP Percentage Mod: HP is shown in percentages
|rule|Endless Battle Clause: Forcing endless battles is banned
|rule|Species Clause: Limit one of each Pokémon
|rule|OHKO Clause: OHKO moves are banned
|rule|Evasion Items Clause: Evasion items are banned
|rule|Evasion Moves Clause: Evasion moves are banned
|rule|Evasion Abilities Clause: Evasion abilities are banned
|rule|Sleep Moves Clause: Sleep-inducing moves are banned
|clearpoke
|poke|p1|Azelf|
|poke|p1|Orthworm, M|
|poke|p1|Meganium, F|
|poke|p1|Ditto|
|poke|p1|Muk, M|
|poke|p1|Sylveon, F|
|poke|p2|Garganacl, F|
|poke|p2|Weavile, F|
|poke|p2|Cinccino, F|
|poke|p2|Golurk|
|poke|p2|Kingambit, F|
|poke|p2|Maushold-Four|
|teampreview
|
|t:|1758319160
|teamsize|p1|6
|teamsize|p2|6
|start
|switch|p1a: Azelf|Azelf|100/100
|switch|p2a: Weavile|Weavile, F|100/100
|turn|1
|
|t:|1758319174
|move|p2a: Weavile|Swords Dance|p2a: Weavile
|-boost|p2a: Weavile|atk|2
|move|p1a: Azelf|Flamethrower|p2a: Weavile
|-supereffective|p2a: Weavile
|-crit|p2a: Weavile
|-damage|p2a: Weavile|0 fnt
|faint|p2a: Weavile
|
|upkeep
|
|t:|1758319182
|switch|p2a: Cinccino|Cinccino, F|100/100
|turn|2
|
|t:|1758319191
|move|p2a: Cinccino|Tidy Up|p2a: Cinccino
|-boost|p2a: Cinccino|atk|1
|-boost|p2a: Cinccino|spe|1
|move|p1a: Azelf|Nasty Plot|p1a: Azelf
|-boost|p1a: Azelf|spa|2
|
|upkeep
|turn|3
|inactive|Battle timer is ON: inactive players will automatically lose when time's up. (requested by Mysterion-911)
|
|t:|1758319204
|move|p2a: Cinccino|Tail Slap|p1a: Azelf
|-damage|p1a: Azelf|63/100
|-damage|p1a: Azelf|27/100
|-damage|p1a: Azelf|0 fnt
|faint|p1a: Azelf
|-hitcount|p1: Azelf|3
|
|upkeep
|
|t:|1758319215
|switch|p1a: Orthworm|Orthworm, M|100/100
|turn|4
|
|t:|1758319224
|move|p2a: Cinccino|Tidy Up|p2a: Cinccino
|-boost|p2a: Cinccino|atk|1
|-boost|p2a: Cinccino|spe|1
|move|p1a: Orthworm|Coil|p1a: Orthworm
|-boost|p1a: Orthworm|atk|1
|-boost|p1a: Orthworm|def|1
|-boost|p1a: Orthworm|accuracy|1
|
|upkeep
|turn|5
|
|t:|1758319231
|move|p2a: Cinccino|Rock Blast|p1a: Orthworm
|-resisted|p1a: Orthworm
|-damage|p1a: Orthworm|96/100
|-resisted|p1a: Orthworm
|-damage|p1a: Orthworm|92/100
|-resisted|p1a: Orthworm
|-damage|p1a: Orthworm|87/100
|-resisted|p1a: Orthworm
|-damage|p1a: Orthworm|83/100
|-hitcount|p1a: Orthworm|4
|move|p1a: Orthworm|Body Press|p2a: Cinccino
|-supereffective|p2a: Cinccino
|-damage|p2a: Cinccino|0 fnt
|faint|p2a: Cinccino
|
|-heal|p1a: Orthworm|89/100|[from] item: Leftovers
|upkeep
|
|t:|1758319244
|switch|p2a: Garganacl|Garganacl, F|100/100
|turn|6
|
|t:|1758319254
|move|p1a: Orthworm|Body Press|p2a: Garganacl
|-supereffective|p2a: Garganacl
|-damage|p2a: Garganacl|36/100
|move|p2a: Garganacl|Salt Cure|p1a: Orthworm
|-resisted|p1a: Orthworm
|-damage|p1a: Orthworm|86/100
|-start|p1a: Orthworm|Salt Cure
|
|-heal|p1a: Orthworm|92/100|[from] item: Leftovers
|-damage|p1a: Orthworm|67/100|[from] Salt Cure
|upkeep
|turn|7
|
|t:|1758319268
|switch|p2a: Golurk|Golurk|100/100
|move|p1a: Orthworm|Body Press|p2a: Golurk
|-immune|p2a: Golurk
|
|-heal|p1a: Orthworm|73/100|[from] item: Leftovers
|-damage|p1a: Orthworm|48/100|[from] Salt Cure
|upkeep
|turn|8
|
|t:|1758319282
|switch|p2a: Garganacl|Garganacl, F|36/100
|move|p1a: Orthworm|Iron Tail|p2a: Garganacl
|-supereffective|p2a: Garganacl
|-damage|p2a: Garganacl|0 fnt
|faint|p2a: Garganacl
|
|-heal|p1a: Orthworm|55/100|[from] item: Leftovers
|-damage|p1a: Orthworm|30/100|[from] Salt Cure
|upkeep
|
|t:|1758319292
|switch|p2a: Maushold|Maushold-Four|100/100
|turn|9
|
|t:|1758319295
|move|p2a: Maushold|Population Bomb|p1a: Orthworm
|-resisted|p1a: Orthworm
|-damage|p1a: Orthworm|27/100
|-resisted|p1a: Orthworm
|-damage|p1a: Orthworm|25/100
|-resisted|p1a: Orthworm
|-damage|p1a: Orthworm|23/100
|-resisted|p1a: Orthworm
|-damage|p1a: Orthworm|20/100
|-resisted|p1a: Orthworm
|-damage|p1a: Orthworm|18/100
|-resisted|p1a: Orthworm
|-damage|p1a: Orthworm|15/100
|-hitcount|p1a: Orthworm|6
|move|p1a: Orthworm|Body Press|p2a: Maushold
|-supereffective|p2a: Maushold
|-damage|p2a: Maushold|0 fnt
|faint|p2a: Maushold
|
|-heal|p1a: Orthworm|22/100|[from] item: Leftovers
|-damage|p1a: Orthworm|0 fnt|[from] Salt Cure
|faint|p1a: Orthworm
|upkeep
|
|t:|1758319319
|switch|p2a: Kingambit|Kingambit, F|100/100
|switch|p1a: Meganium|Meganium, F|100/100
|turn|10
|
|t:|1758319328
|move|p1a: Meganium|Swords Dance|p1a: Meganium
|-boost|p1a: Meganium|atk|2
|move|p2a: Kingambit|Swords Dance|p2a: Kingambit
|-boost|p2a: Kingambit|atk|2
|
|upkeep
|turn|11
|
|t:|1758319336
|move|p2a: Kingambit|Kowtow Cleave|p1a: Meganium
|-damage|p1a: Meganium|0 fnt
|faint|p1a: Meganium
|-damage|p2a: Kingambit|91/100|[from] item: Life Orb
|
|upkeep
|
|t:|1758319342
|switch|p1a: Ditto|Ditto|100/100
|-transform|p1a: Ditto|p2a: Kingambit|[from] ability: Imposter
|turn|12
|
|t:|1758319359
|-terastallize|p2a: Kingambit|Fighting
|move|p2a: Kingambit|Brick Break|p1a: Ditto
|-supereffective|p1a: Ditto
|-damage|p1a: Ditto|0 fnt
|faint|p1a: Ditto
|-damage|p2a: Kingambit|81/100|[from] item: Life Orb
|
|upkeep
|
|t:|1758319367
|switch|p1a: Sylveon|Sylveon, F|100/100
|turn|13
|
|t:|1758319382
|-terastallize|p1a: Sylveon|Fairy
|move|p2a: Kingambit|Sucker Punch|p1a: Sylveon
|-resisted|p1a: Sylveon
|-damage|p1a: Sylveon|47/100
|-damage|p2a: Kingambit|71/100|[from] item: Life Orb
|move|p1a: Sylveon|Hyper Voice|p2a: Kingambit
|-supereffective|p2a: Kingambit
|-damage|p2a: Kingambit|0 fnt
|faint|p2a: Kingambit
|
|-heal|p1a: Sylveon|53/100|[from] item: Leftovers
|upkeep
|
|t:|1758319392
|switch|p2a: Golurk|Golurk|100/100
|turn|14
|
|t:|1758319398
|move|p1a: Sylveon|Shadow Ball|p2a: Golurk
|-supereffective|p2a: Golurk
|-damage|p2a: Golurk|68/100
|move|p2a: Golurk|Poltergeist|p1a: Sylveon
|-activate|p1a: Sylveon|move: Poltergeist|Leftovers
|-damage|p1a: Sylveon|0 fnt
|faint|p1a: Sylveon
|
|upkeep
|
|t:|1758319406
|switch|p1a: Muk|Muk, M|100/100
|turn|15
|
|t:|1758319417
|move|p2a: Golurk|Poltergeist|p1a: Muk
|-activate|p1a: Muk|move: Poltergeist|Black Sludge
|-damage|p1a: Muk|47/100
|move|p1a: Muk|Knock Off|p2a: Golurk
|-supereffective|p2a: Golurk
|-damage|p2a: Golurk|8/100
|-enditem|p2a: Golurk|Assault Vest|[from] move: Knock Off|[of] p1a: Muk
|
|-heal|p1a: Muk|53/100|[from] item: Black Sludge
|upkeep
|turn|16
|
|t:|1758319427
|move|p2a: Golurk|Dynamic Punch|p1a: Muk
|-resisted|p1a: Muk
|-damage|p1a: Muk|37/100
|-start|p1a: Muk|confusion
|-activate|p1a: Muk|confusion
|-damage|p1a: Muk|26/100|[from] confusion
|
|-heal|p1a: Muk|32/100|[from] item: Black Sludge
|upkeep
|turn|17
|
|t:|1758319437
|move|p2a: Golurk|Poltergeist|p1a: Muk
|-activate|p1a: Muk|move: Poltergeist|Black Sludge
|-damage|p1a: Muk|0 fnt
|faint|p1a: Muk
|
|win|z'zargo
|raw|Mysterion-911's rating: 1086 &rarr; <strong>1066</strong><br />(-20 for losing)
|raw|z&apos;zargo's rating: 1132 &rarr; <strong>1154</strong><br />(+22 for winning)
|l|☆z'zargo
|player|p2|
|l|☆Mysterion-911
|player|p1|
