|j|☆mantikarp2.0
|j|☆Dummylechonk
|t:|1758272714
|gametype|singles
|player|p1|mantikarp2.0|266|1597
|player|p2|Dummylechonk|101|1580
|gen|9
|tier|[Gen 9] OU
|rated|
|rule|HP Percentage Mod: HP is shown in percentages
|rule|Endless Battle Clause: Forcing endless battles is banned
|rule|Species Clause: Limit one of each Pokémon
|rule|OHKO Clause: OHKO moves are banned
|rule|Evasion Items Clause: Evasion items are banned
|rule|Evasion Moves Clause: Evasion moves are banned
|rule|Evasion Abilities Clause: Evasion abilities are banned
|rule|Sleep Moves Clause: Sleep-inducing moves are banned
|clearpoke
|poke|p1|Ribombee, M|
|poke|p1|Gholdengo|
|poke|p1|Great Tusk|
|poke|p1|Raging Bolt|
|poke|p1|Ogerpon-Cornerstone, F|
|poke|p1|Ceruledge, F|
|poke|p2|Dragonite, F|
|poke|p2|Walking Wake|
|poke|p2|Landorus-Therian, M|
|poke|p2|Zamazenta-*|
|poke|p2|Hatterene, F|
|poke|p2|Darkrai|
|teampreview
|inactive|Battle timer is ON: inactive players will automatically lose when time's up. (requested by mantikarp2.0)
|
|t:|1758272722
|teamsize|p1|6
|teamsize|p2|6
|start
|switch|p1a: NEW DROP|Ribombee, M, shiny|100/100
|switch|p2a: Hatterene|Hatterene, F|100/100
|turn|1
|
|t:|1758272728
|move|p1a: NEW DROP|Skill Swap|p2a: Hatterene
|-activate|p1a: NEW DROP|move: Skill Swap|Magic Bounce|Shield Dust|[of] p2a: Hatterene
|move|p2a: Hatterene|Mystical Fire|p1a: NEW DROP
|-supereffective|p1a: NEW DROP
|-damage|p1a: NEW DROP|11/100
|-unboost|p1a: NEW DROP|spa|1
|
|upkeep
|turn|2
|
|t:|1758272738
|move|p1a: NEW DROP|Sticky Web|p2a: Hatterene
|-sidestart|p2: Dummylechonk|move: Sticky Web
|move|p2a: Hatterene|Mystical Fire|p1a: NEW DROP
|-supereffective|p1a: NEW DROP
|-damage|p1a: NEW DROP|0 fnt
|faint|p1a: NEW DROP
|
|upkeep
|
|t:|1758272750
|switch|p1a: KRYPTONITE|Gholdengo, shiny|100/100
|-item|p1a: KRYPTONITE|Air Balloon
|turn|3
|
|t:|1758272762
|-terastallize|p2a: Hatterene|Water
|move|p1a: KRYPTONITE|Shadow Ball|p2a: Hatterene
|-damage|p2a: Hatterene|68/100
|move|p2a: Hatterene|Mystical Fire|p1a: KRYPTONITE
|-supereffective|p1a: KRYPTONITE
|-crit|p1a: KRYPTONITE
|-damage|p1a: KRYPTONITE|10/100
|-unboost|p1a: KRYPTONITE|spa|1
|-enditem|p1a: KRYPTONITE|Air Balloon
|
|upkeep
|turn|4
|
|t:|1758272776
|move|p1a: KRYPTONITE|Shadow Ball|p2a: Hatterene
|-damage|p2a: Hatterene|49/100
|move|p2a: Hatterene|Mystical Fire|p1a: KRYPTONITE
|-supereffective|p1a: KRYPTONITE
|-damage|p1a: KRYPTONITE|0 fnt
|faint|p1a: KRYPTONITE
|
|upkeep
|
|t:|1758272780
|switch|p1a: BROTHER STONE|Ogerpon-Cornerstone, F|100/100
|turn|5
|
|t:|1758272784
|switch|p2a: Landoheime|Landorus-Therian, M|100/100
|-ability|p2a: Landoheime|Intimidate|boost
|-unboost|p1a: BROTHER STONE|atk|1
|move|p1a: BROTHER STONE|Power Whip|p2a: Landoheime
|-damage|p2a: Landoheime|55/100
|-damage|p1a: BROTHER STONE|84/100|[from] item: Rocky Helmet|[of] p2a: Landoheime
|
|upkeep
|turn|6
|
|t:|1758272794
|move|p1a: BROTHER STONE|Power Whip|p2a: Landoheime
|-crit|p2a: Landoheime
|-damage|p2a: Landoheime|0 fnt
|-damage|p1a: BROTHER STONE|67/100|[from] item: Rocky Helmet|[of] p2a: Landoheime
|faint|p2a: Landoheime
|
|upkeep
|
|t:|1758272802
|switch|p2a: Zamazenta|Zamazenta|100/100
|-activate|p2a: Zamazenta|move: Sticky Web
|-unboost|p2a: Zamazenta|spe|1
|-ability|p2a: Zamazenta|Dauntless Shield|boost
|-boost|p2a: Zamazenta|def|1
|turn|7
|
|t:|1758272808
|switch|p1a: GREAT NECK|Raging Bolt|100/100
|-enditem|p1a: GREAT NECK|Booster Energy
|-activate|p1a: GREAT NECK|ability: Protosynthesis|[fromitem]
|-start|p1a: GREAT NECK|protosynthesisspa
|move|p2a: Zamazenta|Iron Defense|p2a: Zamazenta
|-boost|p2a: Zamazenta|def|2
|
|upkeep
|turn|8
|
|t:|1758272812
|move|p2a: Zamazenta|Body Press|p1a: GREAT NECK
|-damage|p1a: GREAT NECK|7/100
|move|p1a: GREAT NECK|Thunderbolt|p2a: Zamazenta
|-crit|p2a: Zamazenta
|-damage|p2a: Zamazenta|11/100
|
|-heal|p2a: Zamazenta|17/100|[from] item: Leftovers
|upkeep
|turn|9
|
|t:|1758272819
|move|p2a: Zamazenta|Iron Defense|p2a: Zamazenta
|-boost|p2a: Zamazenta|def|2
|move|p1a: GREAT NECK|Thunderbolt|p2a: Zamazenta
|-damage|p2a: Zamazenta|0 fnt
|faint|p2a: Zamazenta
|
|upkeep
|
|t:|1758272823
|switch|p2a: Darkrai|Darkrai|100/100
|turn|10
|
|t:|1758272826
|move|p1a: GREAT NECK|Thunderclap|p2a: Darkrai
|-crit|p2a: Darkrai
|-damage|p2a: Darkrai|0 fnt
|faint|p2a: Darkrai
|
|upkeep
|l|☆Dummylechonk
|inactive|Dummylechonk disconnected and has a minute to reconnect!
|player|p2|
|inactive|Dummylechonk has 30 seconds to reconnect!
|inactive|Dummylechonk has 20 seconds to reconnect!
|inactive|Dummylechonk has 15 seconds to reconnect!
|inactive|Dummylechonk has 10 seconds to reconnect!
|inactive|Dummylechonk has 5 seconds to reconnect!
|-message|Dummylechonk lost due to inactivity.
|
|win|mantikarp2.0
|raw|mantikarp2.0's rating: 1597 &rarr; <strong>1616</strong><br />(+19 for winning)
|raw|Dummylechonk's rating: 1580 &rarr; <strong>1561</strong><br />(-19 for losing)
|l|☆mantikarp2.0
|player|p1|
|j| wgw2333
|l| wgw2333
