|j|☆meganub123
|j|☆lhdeutsch2
|t:|1758295996
|gametype|singles
|player|p1|meganub123|roark|1234
|player|p2|lhdeutsch2|riley|1213
|gen|9
|tier|[Gen 9] OU
|rated|
|rule|HP Percentage Mod: HP is shown in percentages
|rule|Endless Battle Clause: Forcing endless battles is banned
|rule|Species Clause: Limit one of each Pokémon
|rule|OHKO Clause: OHKO moves are banned
|rule|Evasion Items Clause: Evasion items are banned
|rule|Evasion Moves Clause: Evasion moves are banned
|rule|Evasion Abilities Clause: Evasion abilities are banned
|rule|Sleep Moves Clause: Sleep-inducing moves are banned
|clearpoke
|poke|p1|Ninetales-Alola, M|
|poke|p1|Cetitan, M|
|poke|p1|Slowking-Galar, F|
|poke|p1|Great Tusk|
|poke|p1|Raging Bolt|
|poke|p1|Hatterene, F|
|poke|p2|Primarina, F|
|poke|p2|Mew|
|poke|p2|Goodra-Hisui, F|
|poke|p2|Infernape, M|
|poke|p2|Vileplume, F|
|poke|p2|Mamoswine, M|
|teampreview
|
|t:|1758296001
|teamsize|p1|6
|teamsize|p2|6
|start
|switch|p1a: Ninetales|Ninetales-Alola, M|100/100
|switch|p2a: Goodra|Goodra-Hisui, F|100/100
|-weather|Snowscape|[from] ability: Snow Warning|[of] p1a: Ninetales
|turn|1
|
|t:|1758296008
|move|p1a: Ninetales|Aurora Veil|p1a: Ninetales
|-sidestart|p1: meganub123|move: Aurora Veil
|move|p2a: Goodra|Flash Cannon|p1a: Ninetales
|-supereffective|p1a: Ninetales
|-damage|p1a: Ninetales|12/100
|
|-weather|Snowscape|[upkeep]
|upkeep
|turn|2
|
|t:|1758296017
|switch|p1a: Slowking|Slowking-Galar, F|100/100
|move|p2a: Goodra|Knock Off|p1a: Slowking
|-supereffective|p1a: Slowking
|-damage|p1a: Slowking|76/100
|-enditem|p1a: Slowking|Icy Rock|[from] move: Knock Off|[of] p2a: Goodra
|
|-weather|Snowscape|[upkeep]
|upkeep
|turn|3
|
|t:|1758296023
|move|p2a: Goodra|Thunderbolt|p1a: Slowking
|-damage|p1a: Slowking|68/100
|-prepare|p1a: Slowking|Chilly Reception|[premajor]
|move|p1a: Slowking|Chilly Reception|p1a: Slowking
|
|t:|1758296028
|switch|p1a: Cetitan|Cetitan, M|100/100|[from] Chilly Reception
|
|-weather|Snowscape|[upkeep]
|upkeep
|turn|4
|
|t:|1758296034
|move|p1a: Cetitan|Belly Drum|p1a: Cetitan
|-damage|p1a: Cetitan|50/100
|-setboost|p1a: Cetitan|atk|6|[from] move: Belly Drum
|-enditem|p1a: Cetitan|Sitrus Berry|[eat]
|-heal|p1a: Cetitan|75/100|[from] item: Sitrus Berry
|move|p2a: Goodra|Knock Off|p1a: Cetitan
|-damage|p1a: Cetitan|70/100
|
|-weather|Snowscape|[upkeep]
|upkeep
|turn|5
|
|t:|1758296044
|move|p1a: Cetitan|Earthquake|p2a: Goodra
|-supereffective|p2a: Goodra
|-damage|p2a: Goodra|0 fnt
|faint|p2a: Goodra
|
|-weather|none
|upkeep
|
|t:|1758296052
|switch|p2a: Mew|Mew|100/100
|turn|6
|
|t:|1758296057
|move|p2a: Mew|Psychic Fangs|p1a: Cetitan
|-sideend|p1: meganub123|move: Aurora Veil
|-damage|p1a: Cetitan|30/100
|move|p1a: Cetitan|Ice Spinner|p2a: Mew
|-damage|p2a: Mew|0 fnt
|faint|p2a: Mew
|
|upkeep
|
|t:|1758296062
|switch|p2a: Infernape|Infernape, M|100/100
|turn|7
|
|t:|1758296066
|move|p2a: Infernape|Fake Out|p1a: Cetitan
|-damage|p1a: Cetitan|19/100
|cant|p1a: Cetitan|flinch
|
|upkeep
|turn|8
|
|t:|1758296070
|move|p1a: Cetitan|Ice Shard|p2a: Infernape
|-resisted|p2a: Infernape
|-damage|p2a: Infernape|24/100
|move|p2a: Infernape|Earthquake|p1a: Cetitan
|-damage|p1a: Cetitan|0 fnt
|faint|p1a: Cetitan
|
|upkeep
|
|t:|1758296076
|switch|p1a: Ninetales|Ninetales-Alola, M|12/100
|-weather|Snowscape|[from] ability: Snow Warning|[of] p1a: Ninetales
|turn|9
|
|t:|1758296085
|move|p1a: Ninetales|Moonblast|p2a: Infernape
|-damage|p2a: Infernape|0 fnt
|faint|p2a: Infernape
|
|-weather|Snowscape|[upkeep]
|upkeep
|
|t:|1758296088
|switch|p2a: Mamoswine|Mamoswine, M|100/100
|turn|10
|
|t:|1758296090
|move|p2a: Mamoswine|Ice Shard|p1a: Ninetales
|-resisted|p1a: Ninetales
|-damage|p1a: Ninetales|0 fnt
|faint|p1a: Ninetales
|
|-weather|Snowscape|[upkeep]
|upkeep
|
|t:|1758296102
|switch|p1a: Slowking|Slowking-Galar, F|100/100
|turn|11
|
|t:|1758296106
|move|p2a: Mamoswine|Earthquake|p1a: Slowking
|-supereffective|p1a: Slowking
|-damage|p1a: Slowking|4/100
|move|p1a: Slowking|Psychic Noise|p2a: Mamoswine
|-damage|p2a: Mamoswine|60/100
|-start|p2a: Mamoswine|move: Heal Block
|
|-weather|Snowscape|[upkeep]
|upkeep
|turn|12
|
|t:|1758296129
|switch|p1a: Great Tusk|Great Tusk|100/100
|move|p2a: Mamoswine|Icicle Spear|p1a: Great Tusk
|-supereffective|p1a: Great Tusk
|-damage|p1a: Great Tusk|81/100
|-supereffective|p1a: Great Tusk
|-damage|p1a: Great Tusk|62/100
|-supereffective|p1a: Great Tusk
|-damage|p1a: Great Tusk|42/100
|-hitcount|p1a: Great Tusk|3
|
|-weather|Snowscape|[upkeep]
|-end|p2a: Mamoswine|move: Heal Block
|upkeep
|turn|13
|
|t:|1758296139
|move|p2a: Mamoswine|Ice Shard|p1a: Great Tusk
|-supereffective|p1a: Great Tusk
|-damage|p1a: Great Tusk|8/100
|move|p1a: Great Tusk|Temper Flare|p2a: Mamoswine
|-supereffective|p2a: Mamoswine
|-damage|p2a: Mamoswine|18/100
|
|-weather|none
|upkeep
|turn|14
|
|t:|1758296146
|move|p2a: Mamoswine|Ice Shard|p1a: Great Tusk
|-supereffective|p1a: Great Tusk
|-damage|p1a: Great Tusk|0 fnt
|faint|p1a: Great Tusk
|-end|p1a: Great Tusk|Protosynthesis|[silent]
|
|upkeep
|
|t:|1758296153
|switch|p1a: Hatterene|Hatterene, F|100/100
|turn|15
|
|t:|1758296161
|switch|p2a: Primarina|Primarina, F|100/100
|move|p1a: Hatterene|Mystical Fire|p2a: Primarina
|-resisted|p2a: Primarina
|-damage|p2a: Primarina|87/100
|
|upkeep
|turn|16
|
|t:|1758296169
|move|p2a: Primarina|Calm Mind|p2a: Primarina
|-boost|p2a: Primarina|spa|1
|-boost|p2a: Primarina|spd|1
|move|p1a: Hatterene|Calm Mind|p1a: Hatterene
|-boost|p1a: Hatterene|spa|1
|-boost|p1a: Hatterene|spd|1
|
|upkeep
|turn|17
|
|t:|1758296176
|move|p2a: Primarina|Calm Mind|p2a: Primarina
|-boost|p2a: Primarina|spa|1
|-boost|p2a: Primarina|spd|1
|move|p1a: Hatterene|Calm Mind|p1a: Hatterene
|-boost|p1a: Hatterene|spa|1
|-boost|p1a: Hatterene|spd|1
|
|upkeep
|turn|18
|
|t:|1758296181
|move|p2a: Primarina|Surf|p1a: Hatterene
|-damage|p1a: Hatterene|45/100
|move|p1a: Hatterene|Calm Mind|p1a: Hatterene
|-boost|p1a: Hatterene|spa|1
|-boost|p1a: Hatterene|spd|1
|
|upkeep
|turn|19
|
|t:|1758296185
|move|p2a: Primarina|Surf|p1a: Hatterene
|-damage|p1a: Hatterene|0 fnt
|faint|p1a: Hatterene
|
|upkeep
|
|t:|1758296193
|switch|p1a: Raging Bolt|Raging Bolt|100/100
|turn|20
|
|t:|1758296200
|-terastallize|p2a: Primarina|Ground
|move|p1a: Raging Bolt|Volt Switch|p2a: Primarina
|-immune|p2a: Primarina
|move|p2a: Primarina|Draining Kiss|p1a: Raging Bolt
|-supereffective|p1a: Raging Bolt
|-damage|p1a: Raging Bolt|33/100
|-heal|p2a: Primarina|100/100|[from] drain|[of] p1a: Raging Bolt
|
|upkeep
|turn|21
|
|t:|1758296206
|-end|p1a: Raging Bolt|Protosynthesis|[silent]
|switch|p1a: Slowking|Slowking-Galar, F|37/100
|move|p2a: Primarina|Draining Kiss|p1a: Slowking
|-resisted|p1a: Slowking
|-damage|p1a: Slowking|22/100
|
|upkeep
|turn|22
|
|t:|1758296210
|move|p2a: Primarina|Psychic Noise|p1a: Slowking
|-damage|p1a: Slowking|0 fnt
|faint|p1a: Slowking
|
|upkeep
|
|t:|1758296214
|switch|p1a: Raging Bolt|Raging Bolt|33/100
|turn|23
|
|t:|1758296217
|move|p1a: Raging Bolt|Draco Meteor|p2a: Primarina
|-damage|p2a: Primarina|62/100
|-unboost|p1a: Raging Bolt|spa|2
|move|p2a: Primarina|Draining Kiss|p1a: Raging Bolt
|-supereffective|p1a: Raging Bolt
|-damage|p1a: Raging Bolt|0 fnt
|-heal|p2a: Primarina|96/100|[from] drain|[of] p1a: Raging Bolt
|faint|p1a: Raging Bolt
|-end|p1a: Raging Bolt|Protosynthesis|[silent]
|
|win|lhdeutsch2
|raw|meganub123's rating: 1234 &rarr; <strong>1207</strong><br />(-27 for losing)
|raw|lhdeutsch2's rating: 1213 &rarr; <strong>1240</strong><br />(+27 for winning)
|l|☆meganub123
|player|p1|
|c|☆lhdeutsch2|Gg
|l|☆lhdeutsch2
|player|p2|
