|j|☆Champion reko
|j|☆insane dog
|t:|1758275945
|gametype|singles
|player|p1|Champion reko|norman|1253
|player|p2|insane dog|170|1279
|gen|9
|tier|[Gen 9] OU
|rated|
|rule|HP Percentage Mod: HP is shown in percentages
|rule|Endless Battle Clause: Forcing endless battles is banned
|rule|Species Clause: Limit one of each Pokémon
|rule|OHKO Clause: OHKO moves are banned
|rule|Evasion Items Clause: Evasion items are banned
|rule|Evasion Moves Clause: Evasion moves are banned
|rule|Evasion Abilities Clause: Evasion abilities are banned
|rule|Sleep Moves Clause: Sleep-inducing moves are banned
|clearpoke
|poke|p1|Araquanid, F|
|poke|p1|Dragonite, M|
|poke|p1|Great Tusk|
|poke|p1|Gholdengo|
|poke|p1|Raging Bolt|
|poke|p1|Moltres|
|poke|p2|Alomomola, M|
|poke|p2|Raging Bolt|
|poke|p2|Dragapult, F|
|poke|p2|Mandibuzz, F|
|poke|p2|Blissey, F|
|poke|p2|Scizor, M|
|teampreview
|
|t:|1758275957
|teamsize|p1|6
|teamsize|p2|6
|start
|switch|p1a: Araquanid|Araquanid, F, shiny|100/100
|switch|p2a: Raging Bolt|Raging Bolt|100/100
|turn|1
|inactive|Battle timer is ON: inactive players will automatically lose when time's up. (requested by Champion reko)
|
|t:|1758275970
|move|p2a: Raging Bolt|Volt Switch|p1a: Araquanid
|-supereffective|p1a: Araquanid
|-damage|p1a: Araquanid|6/100
|
|t:|1758275975
|-end|p2a: Raging Bolt|Protosynthesis|[silent]
|switch|p2a: Alomomola|Alomomola, M|100/100|[from] Volt Switch
|move|p1a: Araquanid|Endeavor|p2a: Alomomola
|-damage|p2a: Alomomola|4/100
|
|upkeep
|turn|2
|-enditem|p1a: Araquanid|Custap Berry|[eat]
|-activate|p1a: Araquanid|item: Custap Berry|[consumed]
|
|t:|1758275984
|move|p2a: Alomomola|Aqua Jet|p1a: Araquanid
|-resisted|p1a: Araquanid
|-damage|p1a: Araquanid|0 fnt
|faint|p1a: Araquanid
|
|upkeep
|
|t:|1758276011
|switch|p1a: Great Tusk|Great Tusk, shiny|100/100
|-enditem|p1a: Great Tusk|Booster Energy
|-activate|p1a: Great Tusk|ability: Protosynthesis|[fromitem]
|-start|p1a: Great Tusk|protosynthesisatk
|turn|3
|
|t:|1758276031
|move|p2a: Alomomola|Aqua Jet|p1a: Great Tusk
|-supereffective|p1a: Great Tusk
|-damage|p1a: Great Tusk|68/100
|move|p1a: Great Tusk|Bulk Up|p1a: Great Tusk
|-boost|p1a: Great Tusk|atk|1
|-boost|p1a: Great Tusk|def|1
|
|upkeep
|turn|4
|
|t:|1758276035
|move|p2a: Alomomola|Aqua Jet|p1a: Great Tusk
|-supereffective|p1a: Great Tusk
|-damage|p1a: Great Tusk|45/100
|move|p1a: Great Tusk|Ice Spinner|p2a: Alomomola
|-resisted|p2a: Alomomola
|-damage|p2a: Alomomola|0 fnt
|faint|p2a: Alomomola
|
|upkeep
|inactive|insane dog has 120 seconds left.
|
|t:|1758276067
|switch|p2a: Scizor|Scizor, M|100/100
|turn|5
|
|t:|1758276071
|move|p2a: Scizor|Bullet Punch|p1a: Great Tusk
|-damage|p1a: Great Tusk|27/100
|move|p1a: Great Tusk|Headlong Rush|p2a: Scizor
|-damage|p2a: Scizor|0 fnt
|-unboost|p1a: Great Tusk|def|1
|-unboost|p1a: Great Tusk|spd|1
|faint|p2a: Scizor
|
|upkeep
|
|t:|1758276079
|switch|p2a: Dragapult|Dragapult, F|100/100
|turn|6
|
|t:|1758276083
|move|p2a: Dragapult|Dragon Darts|p1a: Great Tusk
|-damage|p1a: Great Tusk|11/100
|-anim|p2a: Dragapult|Dragon Darts|p1a: Great Tusk
|-damage|p1a: Great Tusk|0 fnt
|faint|p1a: Great Tusk
|-end|p1a: Great Tusk|Protosynthesis|[silent]
|
|upkeep
|
|t:|1758276088
|switch|p1a: Moltres|Moltres, shiny|100/100
|turn|7
|
|t:|1758276096
|switch|p2a: Raging Bolt|Raging Bolt|100/100
|move|p1a: Moltres|Will-O-Wisp|p2a: Raging Bolt
|-status|p2a: Raging Bolt|brn
|
|-damage|p2a: Raging Bolt|94/100 brn|[from] brn
|upkeep
|turn|8
|
|t:|1758276106
|move|p2a: Raging Bolt|Volt Switch|p1a: Moltres
|-supereffective|p1a: Moltres
|-damage|p1a: Moltres|0 fnt
|faint|p1a: Moltres
|
|t:|1758276109
|-end|p2a: Raging Bolt|Protosynthesis|[silent]
|switch|p2a: Dragapult|Dragapult, F|100/100|[from] Volt Switch
|
|upkeep
|
|t:|1758276132
|switch|p1a: Gholdengo|Gholdengo|100/100
|-item|p1a: Gholdengo|Air Balloon
|turn|9
|
|t:|1758276151
|move|p2a: Dragapult|Shadow Ball|p1a: Gholdengo
|-supereffective|p1a: Gholdengo
|-damage|p1a: Gholdengo|46/100
|-enditem|p1a: Gholdengo|Air Balloon
|move|p1a: Gholdengo|Make It Rain|p2a: Dragapult
|-damage|p2a: Dragapult|8/100
|-unboost|p1a: Gholdengo|spa|1
|
|upkeep
|turn|10
|
|t:|1758276172
|move|p2a: Dragapult|Shadow Ball|p1a: Gholdengo
|-supereffective|p1a: Gholdengo
|-damage|p1a: Gholdengo|0 fnt
|faint|p1a: Gholdengo
|
|upkeep
|
|t:|1758276176
|switch|p1a: Dragonite|Dragonite, M, shiny|100/100
|turn|11
|
|t:|1758276195
|switch|p2a: Raging Bolt|Raging Bolt|94/100 brn
|move|p1a: Dragonite|Ice Spinner|p2a: Raging Bolt
|-supereffective|p2a: Raging Bolt
|-damage|p2a: Raging Bolt|35/100 brn
|
|-damage|p2a: Raging Bolt|28/100 brn|[from] brn
|upkeep
|turn|12
|inactive|Champion reko has 120 seconds left.
|
|t:|1758276214
|-terastallize|p1a: Dragonite|Steel
|move|p2a: Raging Bolt|Thunderbolt|p1a: Dragonite
|-damage|p1a: Dragonite|60/100
|move|p1a: Dragonite|Ice Spinner|p2a: Raging Bolt
|-supereffective|p2a: Raging Bolt
|-damage|p2a: Raging Bolt|0 fnt
|faint|p2a: Raging Bolt
|-end|p2a: Raging Bolt|Protosynthesis|[silent]
|
|-heal|p1a: Dragonite|66/100|[from] item: Leftovers
|upkeep
|inactive|insane dog has 120 seconds left.
|
|t:|1758276240
|switch|p2a: Mandibuzz|Mandibuzz, F|100/100
|turn|13
|inactive|Champion reko has 120 seconds left.
|
|t:|1758276256
|switch|p1a: Raging Bolt|Raging Bolt|100/100
|-enditem|p1a: Raging Bolt|Booster Energy
|-activate|p1a: Raging Bolt|ability: Protosynthesis|[fromitem]
|-start|p1a: Raging Bolt|protosynthesisspa
|-terastallize|p2a: Mandibuzz|Dark
|move|p2a: Mandibuzz|Foul Play|p1a: Raging Bolt
|-damage|p1a: Raging Bolt|77/100
|
|upkeep
|turn|14
|inactive|Champion reko has 120 seconds left.
|
|t:|1758276269
|switch|p2a: Blissey|Blissey, F|100/100
|move|p1a: Raging Bolt|Calm Mind|p1a: Raging Bolt
|-boost|p1a: Raging Bolt|spa|1
|-boost|p1a: Raging Bolt|spd|1
|
|upkeep
|turn|15
|
|t:|1758276280
|move|p1a: Raging Bolt|Discharge|p2a: Blissey
|-damage|p2a: Blissey|68/100
|-status|p2a: Blissey|par
|move|p2a: Blissey|Trick|p1a: Raging Bolt
|-activate|p2a: Blissey|move: Trick|[of] p1a: Raging Bolt
|-item|p1a: Raging Bolt|Choice Specs|[from] move: Trick
|-enditem|p2a: Blissey|Choice Specs|[silent]|[from] move: Trick
|
|upkeep
|turn|16
|
|t:|1758276294
|move|p1a: Raging Bolt|Draco Meteor|p2a: Blissey
|-damage|p2a: Blissey|0 fnt
|-unboost|p1a: Raging Bolt|spa|2
|faint|p2a: Blissey
|
|upkeep
|
|t:|1758276299
|switch|p2a: Dragapult|Dragapult, F|8/100
|turn|17
|
|t:|1758276318
|-end|p1a: Raging Bolt|Protosynthesis|[silent]
|switch|p1a: Dragonite|Dragonite, M, shiny, tera:Steel|66/100
|move|p2a: Dragapult|Dragon Darts|p1a: Dragonite
|-resisted|p1a: Dragonite
|-damage|p1a: Dragonite|53/100
|-anim|p2a: Dragapult|Dragon Darts|p1a: Dragonite
|-resisted|p1a: Dragonite
|-damage|p1a: Dragonite|41/100
|
|-heal|p1a: Dragonite|47/100|[from] item: Leftovers
|upkeep
|turn|18
|
|t:|1758276326
|switch|p2a: Mandibuzz|Mandibuzz, F, tera:Dark|100/100
|move|p1a: Dragonite|Ice Spinner|p2a: Mandibuzz
|-damage|p2a: Mandibuzz|78/100
|
|-heal|p1a: Dragonite|53/100|[from] item: Leftovers
|upkeep
|turn|19
|
|t:|1758276341
|switch|p1a: Raging Bolt|Raging Bolt|77/100
|switch|p2a: Dragapult|Dragapult, F|8/100
|
|upkeep
|turn|20
|
|t:|1758276348
|move|p1a: Raging Bolt|Thunderclap|p2a: Dragapult
|-resisted|p2a: Dragapult
|-damage|p2a: Dragapult|0 fnt
|faint|p2a: Dragapult
|
|upkeep
|
|t:|1758276350
|switch|p2a: Mandibuzz|Mandibuzz, F, tera:Dark|78/100
|turn|21
|
|t:|1758276355
|-end|p1a: Raging Bolt|Protosynthesis|[silent]
|switch|p1a: Dragonite|Dragonite, M, shiny, tera:Steel|53/100
|move|p2a: Mandibuzz|Brave Bird|p1a: Dragonite
|-resisted|p1a: Dragonite
|-damage|p1a: Dragonite|32/100
|-damage|p2a: Mandibuzz|73/100|[from] Recoil
|
|-heal|p1a: Dragonite|38/100|[from] item: Leftovers
|upkeep
|turn|22
|
|t:|1758276369
|move|p1a: Dragonite|Earthquake|p2a: Mandibuzz
|-damage|p2a: Mandibuzz|47/100
|move|p2a: Mandibuzz|Foul Play|p1a: Dragonite
|-damage|p1a: Dragonite|0 fnt
|faint|p1a: Dragonite
|
|upkeep
|
|t:|1758276383
|switch|p1a: Raging Bolt|Raging Bolt|77/100
|turn|23
|
|t:|1758276389
|move|p1a: Raging Bolt|Discharge|p2a: Mandibuzz
|-damage|p2a: Mandibuzz|0 fnt
|faint|p2a: Mandibuzz
|
|win|Champion reko
|raw|Champion reko's rating: 1253 &rarr; <strong>1280</strong><br />(+27 for winning)
|raw|insane dog's rating: 1279 &rarr; <strong>1252</strong><br />(-27 for losing)
|l|☆insane dog
|player|p2|
