|j|‽xofo
|j|☆MyXoo
|t:|1758314830
|gametype|singles
|player|p1|xofo|riley|1231
|player|p2|MyXoo|bea|1211
|gen|9
|tier|[Gen 9] OU
|rated|
|rule|HP Percentage Mod: HP is shown in percentages
|rule|Endless Battle Clause: Forcing endless battles is banned
|rule|Species Clause: Limit one of each Pokémon
|rule|OHKO Clause: OHKO moves are banned
|rule|Evasion Items Clause: Evasion items are banned
|rule|Evasion Moves Clause: Evasion moves are banned
|rule|Evasion Abilities Clause: Evasion abilities are banned
|rule|Sleep Moves Clause: Sleep-inducing moves are banned
|clearpoke
|poke|p1|Garganacl, M|
|poke|p1|Quaquaval, F|
|poke|p1|Dragonite, M|
|poke|p1|Raging Bolt|
|poke|p1|Armarouge, F|
|poke|p1|Kingambit, M|
|poke|p2|Samurott-Hisui, F|
|poke|p2|Scizor, M|
|poke|p2|Dragapult, F|
|poke|p2|Kingambit, M|
|poke|p2|Landorus-Therian, M|
|poke|p2|Iron Valiant|
|teampreview
|inactive|Battle timer is ON: inactive players will automatically lose when time's up. (requested by xofo)
|
|t:|1758314839
|teamsize|p1|6
|teamsize|p2|6
|start
|switch|p1a: Quaquaval|Quaquaval, F|100/100
|switch|p2a: Samurott|Samurott-Hisui, F|100/100
|turn|1
|
|t:|1758314849
|move|p2a: Samurott|Ceaseless Edge|p1a: Quaquaval
|-resisted|p1a: Quaquaval
|-damage|p1a: Quaquaval|73/100
|-sidestart|p1: xofo|Spikes
|move|p1a: Quaquaval|Close Combat|p2a: Samurott
|-supereffective|p2a: Samurott
|-enditem|p2a: Samurott|Focus Sash
|-damage|p2a: Samurott|1/100
|-unboost|p1a: Quaquaval|def|1
|-unboost|p1a: Quaquaval|spd|1
|
|upkeep
|turn|2
|
|t:|1758314860
|move|p1a: Quaquaval|Rapid Spin|p2a: Samurott
|-damage|p2a: Samurott|0 fnt
|-boost|p1a: Quaquaval|spe|1
|-sideend|p1: xofo|Spikes|[from] move: Rapid Spin|[of] p1a: Quaquaval
|faint|p2a: Samurott
|-ability|p1a: Quaquaval|Moxie|boost
|-boost|p1a: Quaquaval|atk|1
|
|upkeep
|
|t:|1758314875
|switch|p2a: Dragapult|Dragapult, F|100/100
|turn|3
|
|t:|1758314880
|move|p1a: Quaquaval|Knock Off|p2a: Dragapult
|-supereffective|p2a: Dragapult
|-damage|p2a: Dragapult|0 fnt
|-enditem|p2a: Dragapult|Choice Specs|[from] move: Knock Off|[of] p1a: Quaquaval
|faint|p2a: Dragapult
|-ability|p1a: Quaquaval|Moxie|boost
|-boost|p1a: Quaquaval|atk|1
|
|upkeep
|inactive|MyXoo has 120 seconds left.
|
|t:|1758314908
|switch|p2a: Landorus|Landorus-Therian, M|100/100
|-ability|p2a: Landorus|Intimidate|boost
|-unboost|p1a: Quaquaval|atk|1
|turn|4
|
|t:|1758314917
|-terastallize|p1a: Quaquaval|Water
|move|p2a: Landorus|Earthquake|p1a: Quaquaval
|-damage|p1a: Quaquaval|0 fnt
|faint|p1a: Quaquaval
|
|upkeep
|
|t:|1758314930
|switch|p1a: Dragonite|Dragonite, M|100/100
|turn|5
|inactive|MyXoo has 120 seconds left.
|
|t:|1758314964
|switch|p2a: Iron Valiant|Iron Valiant|100/100
|-enditem|p2a: Iron Valiant|Booster Energy
|-activate|p2a: Iron Valiant|ability: Quark Drive|[fromitem]
|-start|p2a: Iron Valiant|quarkdrivespe
|move|p1a: Dragonite|Dragon Dance|p1a: Dragonite
|-boost|p1a: Dragonite|atk|1
|-boost|p1a: Dragonite|spe|1
|
|upkeep
|turn|6
|
|t:|1758314974
|move|p1a: Dragonite|Extreme Speed|p2a: Iron Valiant
|-damage|p2a: Iron Valiant|41/100
|move|p2a: Iron Valiant|Calm Mind|p2a: Iron Valiant
|-boost|p2a: Iron Valiant|spa|1
|-boost|p2a: Iron Valiant|spd|1
|
|upkeep
|turn|7
|inactive|MyXoo has 120 seconds left.
|
|t:|1758314992
|-terastallize|p2a: Iron Valiant|Ghost
|move|p1a: Dragonite|Extreme Speed|p2a: Iron Valiant
|-immune|p2a: Iron Valiant
|move|p2a: Iron Valiant|Moonblast|p1a: Dragonite
|-supereffective|p1a: Dragonite
|-damage|p1a: Dragonite|30/100
|
|upkeep
|turn|8
|
|t:|1758315014
|move|p2a: Iron Valiant|Moonblast|p1a: Dragonite
|-supereffective|p1a: Dragonite
|-damage|p1a: Dragonite|0 fnt
|faint|p1a: Dragonite
|
|upkeep
|
|t:|1758315019
|switch|p1a: Armarouge|Armarouge, F|100/100
|turn|9
|
|t:|1758315023
|move|p2a: Iron Valiant|Shadow Ball|p1a: Armarouge
|-supereffective|p1a: Armarouge
|-damage|p1a: Armarouge|0 fnt
|faint|p1a: Armarouge
|
|upkeep
|
|t:|1758315030
|switch|p1a: Raging Bolt|Raging Bolt|100/100
|-enditem|p1a: Raging Bolt|Booster Energy
|-activate|p1a: Raging Bolt|ability: Protosynthesis|[fromitem]
|-start|p1a: Raging Bolt|protosynthesisspa
|turn|10
|
|t:|1758315035
|move|p1a: Raging Bolt|Thunderclap|p2a: Iron Valiant
|-damage|p2a: Iron Valiant|0 fnt
|faint|p2a: Iron Valiant
|-end|p2a: Iron Valiant|Quark Drive|[silent]
|
|upkeep
|
|t:|1758315046
|switch|p2a: Landorus|Landorus-Therian, M|100/100
|-ability|p2a: Landorus|Intimidate|boost
|-unboost|p1a: Raging Bolt|atk|1
|turn|11
|
|t:|1758315058
|move|p2a: Landorus|Earthquake|p1a: Raging Bolt
|-supereffective|p1a: Raging Bolt
|-damage|p1a: Raging Bolt|5/100
|move|p1a: Raging Bolt|Draco Meteor|p2a: Landorus
|-damage|p2a: Landorus|0 fnt
|-unboost|p1a: Raging Bolt|spa|2
|faint|p2a: Landorus
|
|upkeep
|inactive|MyXoo has 120 seconds left.
|
|t:|1758315070
|switch|p2a: Kingambit|Kingambit, M|100/100
|-activate|p2a: Kingambit|ability: Supreme Overlord
|-start|p2a: Kingambit|fallen4|[silent]
|turn|12
|
|t:|1758315075
|move|p1a: Raging Bolt|Thunderclap||[still]
|-fail|p1a: Raging Bolt
|move|p2a: Kingambit|Swords Dance|p2a: Kingambit
|-boost|p2a: Kingambit|atk|2
|
|upkeep
|turn|13
|
|t:|1758315083
|move|p1a: Raging Bolt|Thunderbolt|p2a: Kingambit
|-damage|p2a: Kingambit|67/100
|move|p2a: Kingambit|Swords Dance|p2a: Kingambit
|-boost|p2a: Kingambit|atk|2
|
|-heal|p2a: Kingambit|73/100|[from] item: Leftovers
|upkeep
|turn|14
|
|t:|1758315102
|move|p1a: Raging Bolt|Thunderclap|p2a: Kingambit
|-damage|p2a: Kingambit|48/100
|move|p2a: Kingambit|Sucker Punch||[still]
|-fail|p2a: Kingambit
|
|-heal|p2a: Kingambit|54/100|[from] item: Leftovers
|upkeep
|turn|15
|
|t:|1758315109
|move|p1a: Raging Bolt|Thunderclap|p2a: Kingambit
|-damage|p2a: Kingambit|26/100
|move|p2a: Kingambit|Kowtow Cleave|p1a: Raging Bolt
|-damage|p1a: Raging Bolt|0 fnt
|faint|p1a: Raging Bolt
|-end|p1a: Raging Bolt|Protosynthesis|[silent]
|
|-heal|p2a: Kingambit|32/100|[from] item: Leftovers
|upkeep
|
|t:|1758315125
|switch|p1a: Garganacl|Garganacl, M|100/100
|turn|16
|
|t:|1758315136
|move|p2a: Kingambit|Sucker Punch|p1a: Garganacl
|-damage|p1a: Garganacl|10/100
|move|p1a: Garganacl|Salt Cure|p2a: Kingambit
|-resisted|p2a: Kingambit
|-damage|p2a: Kingambit|27/100
|-start|p2a: Kingambit|Salt Cure
|
|-heal|p2a: Kingambit|33/100|[from] item: Leftovers
|-heal|p1a: Garganacl|16/100|[from] item: Leftovers
|-damage|p2a: Kingambit|8/100|[from] Salt Cure
|upkeep
|turn|17
|
|t:|1758315146
|move|p1a: Garganacl|Protect|p1a: Garganacl
|-singleturn|p1a: Garganacl|Protect
|move|p2a: Kingambit|Kowtow Cleave|p1a: Garganacl
|-activate|p1a: Garganacl|move: Protect
|
|-heal|p2a: Kingambit|14/100|[from] item: Leftovers
|-heal|p1a: Garganacl|22/100|[from] item: Leftovers
|-damage|p2a: Kingambit|0 fnt|[from] Salt Cure
|faint|p2a: Kingambit
|-end|p2a: Kingambit|fallen4|[silent]
|upkeep
|
|t:|1758315156
|switch|p2a: Scizor|Scizor, M|100/100
|turn|18
|
|t:|1758315160
|move|p2a: Scizor|Bullet Punch|p1a: Garganacl
|-supereffective|p1a: Garganacl
|-damage|p1a: Garganacl|0 fnt
|faint|p1a: Garganacl
|-damage|p2a: Scizor|91/100|[from] item: Life Orb
|
|upkeep
|
|t:|1758315167
|switch|p1a: Kingambit|Kingambit, M|100/100
|-activate|p1a: Kingambit|ability: Supreme Overlord
|-start|p1a: Kingambit|fallen5|[silent]
|turn|19
|
|t:|1758315172
|move|p2a: Scizor|Close Combat|p1a: Kingambit
|-supereffective|p1a: Kingambit
|-damage|p1a: Kingambit|0 fnt
|-unboost|p2a: Scizor|def|1
|-unboost|p2a: Scizor|spd|1
|faint|p1a: Kingambit
|-end|p1a: Kingambit|fallen5|[silent]
|-damage|p2a: Scizor|81/100|[from] item: Life Orb
|
|win|MyXoo
|raw|xofo's rating: 1231 &rarr; <strong>1205</strong><br />(-26 for losing)
|raw|MyXoo's rating: 1211 &rarr; <strong>1237</strong><br />(+26 for winning)
