|j|☆Audio Peel
|j|☆touhoukhoa
|t:|1758237897
|gametype|singles
|player|p1|Audio Peel|fisherman-gen4|1691
|player|p2|touhoukhoa|burglar|1756
|gen|9
|tier|[Gen 9] OU
|rated|
|rule|HP Percentage Mod: HP is shown in percentages
|rule|Endless Battle Clause: Forcing endless battles is banned
|rule|Species Clause: Limit one of each Pokémon
|rule|OHKO Clause: OHKO moves are banned
|rule|Evasion Items Clause: Evasion items are banned
|rule|Evasion Moves Clause: Evasion moves are banned
|rule|Evasion Abilities Clause: Evasion abilities are banned
|rule|Sleep Moves Clause: Sleep-inducing moves are banned
|clearpoke
|poke|p1|Clefable, M|
|poke|p1|Ting-Lu|
|poke|p1|Gholdengo|
|poke|p1|Latios, M|
|poke|p1|Slither Wing|
|poke|p1|Ogerpon, F|
|poke|p2|Zamazenta-*|
|poke|p2|Glimmora, M|
|poke|p2|Araquanid, M|
|poke|p2|Dragapult, F|
|poke|p2|Kingambit, M|
|poke|p2|Landorus-Therian, M|
|teampreview
|inactive|Battle timer is ON: inactive players will automatically lose when time's up. (requested by touhoukhoa)
|
|t:|1758237917
|teamsize|p1|6
|teamsize|p2|6
|start
|switch|p1a: Cleezy outta here|Clefable, M|100/100
|switch|p2a: Landorus|Landorus-Therian, M|100/100
|-ability|p2a: Landorus|Intimidate|boost
|-unboost|p1a: Cleezy outta here|atk|1
|turn|1
|
|t:|1758237930
|-terastallize|p2a: Landorus|Steel
|move|p2a: Landorus|Tera Blast|p1a: Cleezy outta here|[anim] Tera Blast Steel
|-supereffective|p1a: Cleezy outta here
|-damage|p1a: Cleezy outta here|0 fnt
|faint|p1a: Cleezy outta here
|
|upkeep
|
|t:|1758237939
|switch|p1a: Sleezy outta here|Slither Wing|100/100
|turn|2
|
|t:|1758237943
|switch|p2a: Araquanid|Araquanid, M|100/100
|move|p1a: Sleezy outta here|Will-O-Wisp|p2a: Araquanid
|-immune|p2a: Araquanid|[from] ability: Water Bubble
|
|upkeep
|turn|3
|
|t:|1758237948
|move|p1a: Sleezy outta here|U-turn|p2a: Araquanid
|-damage|p2a: Araquanid|64/100
|
|t:|1758237950
|-end|p1a: Sleezy outta here|Protosynthesis|[silent]
|switch|p1a: It's Jogerpon|Ogerpon, F|100/100|[from] U-turn
|move|p2a: Araquanid|Sticky Web|p1a: It's Jogerpon
|-sidestart|p1: Audio Peel|move: Sticky Web
|
|upkeep
|turn|4
|
|t:|1758237959
|switch|p2a: Glimmora|Glimmora, M|100/100
|move|p1a: It's Jogerpon|Spikes|p2a: Glimmora
|-sidestart|p2: touhoukhoa|Spikes
|
|upkeep
|turn|5
|
|t:|1758237966
|switch|p1a: Gheezy outta here|Gholdengo|100/100
|-item|p1a: Gheezy outta here|Air Balloon
|move|p2a: Glimmora|Meteor Beam||[still]
|-prepare|p2a: Glimmora|Meteor Beam
|-boost|p2a: Glimmora|spa|1
|-enditem|p2a: Glimmora|Power Herb
|-anim|p2a: Glimmora|Meteor Beam|p1a: Gheezy outta here
|-resisted|p1a: Gheezy outta here
|-damage|p1a: Gheezy outta here|58/100
|-enditem|p1a: Gheezy outta here|Air Balloon
|
|upkeep
|turn|6
|j| heatraniac
|l| heatraniac
|
|t:|1758237976
|switch|p1a: Lateezy outta here|Latios, M|100/100
|move|p2a: Glimmora|Earth Power|p1a: Lateezy outta here
|-immune|p1a: Lateezy outta here|[from] ability: Levitate
|
|upkeep
|turn|7
|
|t:|1758237988
|switch|p2a: Dragapult|Dragapult, F|100/100
|-damage|p2a: Dragapult|88/100|[from] Spikes
|move|p1a: Lateezy outta here|Psychic Noise|p2a: Dragapult
|-damage|p2a: Dragapult|20/100
|-start|p2a: Dragapult|move: Heal Block
|
|upkeep
|turn|8
|
|t:|1758237998
|switch|p1a: Teezy outta here|Ting-Lu|100/100
|-ability|p1a: Teezy outta here|Vessel of Ruin
|move|p2a: Dragapult|U-turn|p1a: Teezy outta here
|-supereffective|p1a: Teezy outta here
|-damage|p1a: Teezy outta here|83/100
|
|t:|1758238003
|switch|p2a: Araquanid|Araquanid, M|64/100|[from] U-turn
|-damage|p2a: Araquanid|51/100|[from] Spikes
|
|upkeep
|turn|9
|
|t:|1758238010
|switch|p1a: Sleezy outta here|Slither Wing|100/100
|move|p2a: Araquanid|Liquidation|p1a: Sleezy outta here
|-damage|p1a: Sleezy outta here|21/100
|
|upkeep
|turn|10
|
|t:|1758238014
|move|p1a: Sleezy outta here|U-turn|p2a: Araquanid
|-damage|p2a: Araquanid|19/100
|
|t:|1758238017
|-end|p1a: Sleezy outta here|Protosynthesis|[silent]
|switch|p1a: It's Jogerpon|Ogerpon, F|100/100|[from] U-turn
|move|p2a: Araquanid|Liquidation|p1a: It's Jogerpon
|-resisted|p1a: It's Jogerpon
|-damage|p1a: It's Jogerpon|35/100
|
|upkeep
|turn|11
|
|t:|1758238024
|move|p1a: It's Jogerpon|Ivy Cudgel|p2a: Araquanid
|-damage|p2a: Araquanid|0 fnt
|faint|p2a: Araquanid
|
|upkeep
|
|t:|1758238029
|switch|p2a: Zamazenta|Zamazenta|100/100
|-damage|p2a: Zamazenta|88/100|[from] Spikes
|-ability|p2a: Zamazenta|Dauntless Shield|boost
|-boost|p2a: Zamazenta|def|1
|turn|12
|
|t:|1758238035
|switch|p1a: Sleezy outta here|Slither Wing|21/100
|move|p2a: Zamazenta|Body Press|p1a: Sleezy outta here
|-resisted|p1a: Sleezy outta here
|-damage|p1a: Sleezy outta here|0 fnt
|faint|p1a: Sleezy outta here
|-end|p1a: Sleezy outta here|Protosynthesis|[silent]
|
|-heal|p2a: Zamazenta|94/100|[from] item: Leftovers
|upkeep
|
|t:|1758238037
|switch|p1a: Gheezy outta here|Gholdengo|58/100
|-activate|p1a: Gheezy outta here|move: Sticky Web
|-unboost|p1a: Gheezy outta here|spe|1
|turn|13
|
|t:|1758238040
|move|p2a: Zamazenta|Crunch|p1a: Gheezy outta here
|-supereffective|p1a: Gheezy outta here
|-damage|p1a: Gheezy outta here|29/100
|move|p1a: Gheezy outta here|Thunder Wave|p2a: Zamazenta
|-status|p2a: Zamazenta|par
|
|-heal|p2a: Zamazenta|100/100 par|[from] item: Leftovers
|upkeep
|turn|14
|
|t:|1758238048
|switch|p2a: Landorus|Landorus-Therian, M, tera:Steel|100/100
|-damage|p2a: Landorus|88/100|[from] Spikes
|-ability|p2a: Landorus|Intimidate|boost
|-unboost|p1a: Gheezy outta here|atk|1
|-terastallize|p1a: Gheezy outta here|Fairy
|move|p1a: Gheezy outta here|Recover|p1a: Gheezy outta here
|-heal|p1a: Gheezy outta here|79/100
|
|upkeep
|turn|15
|
|t:|1758238054
|switch|p1a: It's Jogerpon|Ogerpon, F|35/100
|move|p2a: Landorus|Tera Blast|p1a: It's Jogerpon|[anim] Tera Blast Steel
|-damage|p1a: It's Jogerpon|0 fnt
|faint|p1a: It's Jogerpon
|
|upkeep
|
|t:|1758238058
|switch|p1a: Teezy outta here|Ting-Lu|83/100
|-ability|p1a: Teezy outta here|Vessel of Ruin
|turn|16
|
|t:|1758238065
|switch|p2a: Zamazenta|Zamazenta|100/100 par
|-damage|p2a: Zamazenta|88/100 par|[from] Spikes
|switch|p1a: Gheezy outta here|Gholdengo, tera:Fairy|79/100
|-activate|p1a: Gheezy outta here|move: Sticky Web
|-unboost|p1a: Gheezy outta here|spe|1
|
|-heal|p2a: Zamazenta|94/100 par|[from] item: Leftovers
|upkeep
|turn|17
|
|t:|1758238072
|move|p2a: Zamazenta|Body Press|p1a: Gheezy outta here
|-resisted|p1a: Gheezy outta here
|-damage|p1a: Gheezy outta here|67/100
|move|p1a: Gheezy outta here|Hex|p2a: Zamazenta
|-damage|p2a: Zamazenta|53/100 par
|
|-heal|p2a: Zamazenta|59/100 par|[from] item: Leftovers
|upkeep
|turn|18
|
|t:|1758238075
|switch|p2a: Landorus|Landorus-Therian, M, tera:Steel|88/100
|-damage|p2a: Landorus|76/100|[from] Spikes
|-ability|p2a: Landorus|Intimidate|boost
|-unboost|p1a: Gheezy outta here|atk|1
|move|p1a: Gheezy outta here|Hex|p2a: Landorus
|-damage|p2a: Landorus|41/100
|
|upkeep
|turn|19
|
|t:|1758238097
|switch|p1a: Teezy outta here|Ting-Lu|83/100
|-ability|p1a: Teezy outta here|Vessel of Ruin
|move|p2a: Landorus|Tera Blast|p1a: Teezy outta here|[anim] Tera Blast Steel
|-damage|p1a: Teezy outta here|47/100
|
|upkeep
|turn|20
|
|t:|1758238105
|switch|p2a: Zamazenta|Zamazenta|59/100 par
|-damage|p2a: Zamazenta|47/100 par|[from] Spikes
|move|p1a: Teezy outta here|Rest|p1a: Teezy outta here
|-status|p1a: Teezy outta here|slp|[from] move: Rest
|-heal|p1a: Teezy outta here|100/100 slp|[silent]
|
|-heal|p2a: Zamazenta|53/100 par|[from] item: Leftovers
|upkeep
|turn|21
|
|t:|1758238109
|switch|p2a: Landorus|Landorus-Therian, M, tera:Steel|41/100
|-damage|p2a: Landorus|29/100|[from] Spikes
|-ability|p2a: Landorus|Intimidate|boost
|-unboost|p1a: Teezy outta here|atk|1
|switch|p1a: Gheezy outta here|Gholdengo, tera:Fairy|67/100
|-activate|p1a: Gheezy outta here|move: Sticky Web
|-unboost|p1a: Gheezy outta here|spe|1
|
|upkeep
|turn|22
|
|t:|1758238111
|switch|p1a: Teezy outta here|Ting-Lu|100/100 slp
|-ability|p1a: Teezy outta here|Vessel of Ruin
|move|p2a: Landorus|U-turn|p1a: Teezy outta here
|-supereffective|p1a: Teezy outta here
|-damage|p1a: Teezy outta here|54/100 slp
|
|t:|1758238114
|switch|p2a: Glimmora|Glimmora, M|100/100|[from] U-turn
|-damage|p2a: Glimmora|88/100|[from] Spikes
|
|upkeep
|turn|23
|
|t:|1758238116
|move|p2a: Glimmora|Mortal Spin|p1a: Teezy outta here
|-resisted|p1a: Teezy outta here
|-damage|p1a: Teezy outta here|52/100 slp
|-sideend|p2: touhoukhoa|Spikes|[from] move: Mortal Spin|[of] p2a: Glimmora
|cant|p1a: Teezy outta here|slp
|move|p1a: Teezy outta here|Sleep Talk|p1a: Teezy outta here
|move|p1a: Teezy outta here|Earthquake|p2a: Glimmora|[from] move: Sleep Talk
|-supereffective|p2a: Glimmora
|-damage|p2a: Glimmora|0 fnt
|-activate|p2a: Glimmora|ability: Toxic Debris
|-sidestart|p1: Audio Peel|move: Toxic Spikes
|faint|p2a: Glimmora
|
|upkeep
|
|t:|1758238121
|switch|p2a: Kingambit|Kingambit, M|100/100
|-activate|p2a: Kingambit|ability: Supreme Overlord
|-start|p2a: Kingambit|fallen2|[silent]
|turn|24
|
|t:|1758238125
|move|p2a: Kingambit|Low Kick|p1a: Teezy outta here
|-supereffective|p1a: Teezy outta here
|-damage|p1a: Teezy outta here|0 fnt
|faint|p1a: Teezy outta here
|
|upkeep
|
|t:|1758238128
|switch|p1a: Gheezy outta here|Gholdengo, tera:Fairy|67/100
|-activate|p1a: Gheezy outta here|move: Sticky Web
|-unboost|p1a: Gheezy outta here|spe|1
|-status|p1a: Gheezy outta here|psn
|turn|25
|
|t:|1758238130
|-end|p2a: Kingambit|fallen2|[silent]
|switch|p2a: Zamazenta|Zamazenta|53/100 par
|move|p1a: Gheezy outta here|Thunder Wave|p2a: Zamazenta
|-fail|p2a: Zamazenta|par
|
|-heal|p2a: Zamazenta|59/100 par|[from] item: Leftovers
|-damage|p1a: Gheezy outta here|54/100 psn|[from] psn
|upkeep
|turn|26
|
|t:|1758238134
|move|p2a: Zamazenta|Body Press|p1a: Gheezy outta here
|-resisted|p1a: Gheezy outta here
|-damage|p1a: Gheezy outta here|43/100 psn
|move|p1a: Gheezy outta here|Hex|p2a: Zamazenta
|-damage|p2a: Zamazenta|12/100 par
|
|-heal|p2a: Zamazenta|18/100 par|[from] item: Leftovers
|-damage|p1a: Gheezy outta here|31/100 psn|[from] psn
|upkeep
|turn|27
|
|t:|1758238136
|move|p2a: Zamazenta|Body Press|p1a: Gheezy outta here
|-resisted|p1a: Gheezy outta here
|-damage|p1a: Gheezy outta here|18/100 psn
|move|p1a: Gheezy outta here|Hex|p2a: Zamazenta
|-damage|p2a: Zamazenta|0 fnt
|faint|p2a: Zamazenta
|
|-damage|p1a: Gheezy outta here|6/100 psn|[from] psn
|upkeep
|
|t:|1758238139
|switch|p2a: Landorus|Landorus-Therian, M, tera:Steel|29/100
|-ability|p2a: Landorus|Intimidate|boost
|-unboost|p1a: Gheezy outta here|atk|1
|turn|28
|
|t:|1758238143
|move|p2a: Landorus|U-turn|p1a: Gheezy outta here
|-resisted|p1a: Gheezy outta here
|-damage|p1a: Gheezy outta here|0 fnt
|faint|p1a: Gheezy outta here
|
|t:|1758238145
|switch|p2a: Dragapult|Dragapult, F|20/100|[from] U-turn
|
|upkeep
|-message|Audio Peel forfeited.
|
|win|touhoukhoa
|raw|Audio Peel's rating: 1691 &rarr; <strong>1675</strong><br />(-16 for losing)
|raw|touhoukhoa's rating: 1756 &rarr; <strong>1772</strong><br />(+16 for winning)
|l|☆Audio Peel
|player|p1|
|l|☆touhoukhoa
|player|p2|
