|j|☆LX1987
|j|☆Mat567
|t:|1758266699
|gametype|singles
|player|p1|LX1987|170|1350
|player|p2|Mat567|hilbert|1368
|gen|9
|tier|[Gen 9] OU
|rated|
|rule|HP Percentage Mod: HP is shown in percentages
|rule|Endless Battle Clause: Forcing endless battles is banned
|rule|Species Clause: Limit one of each Pokémon
|rule|OHKO Clause: OHKO moves are banned
|rule|Evasion Items Clause: Evasion items are banned
|rule|Evasion Moves Clause: Evasion moves are banned
|rule|Evasion Abilities Clause: Evasion abilities are banned
|rule|Sleep Moves Clause: Sleep-inducing moves are banned
|clearpoke
|poke|p1|Drifblim, M|
|poke|p1|Rillaboom, M|
|poke|p1|Tauros-Paldea-Blaze, M|
|poke|p1|Slowking, F|
|poke|p1|Muk-Alola, M|
|poke|p1|Flygon, F|
|poke|p2|Samurott-Hisui, F|
|poke|p2|Great Tusk|
|poke|p2|Araquanid, F|
|poke|p2|Iron Moth|
|poke|p2|Gholdengo|
|poke|p2|Enamorus, F|
|teampreview
|inactive|Battle timer is ON: inactive players will automatically lose when time's up. (requested by Mat567)
|
|t:|1758266702
|teamsize|p1|6
|teamsize|p2|6
|start
|switch|p1a: Rillaboom|Rillaboom, M|100/100
|switch|p2a: Araquanid|Araquanid, F|100/100
|-fieldstart|move: Grassy Terrain|[from] ability: Grassy Surge|[of] p1a: Rillaboom
|turn|1
|
|t:|1758266710
|move|p1a: Rillaboom|Wood Hammer|p2a: Araquanid
|-damage|p2a: Araquanid|0 fnt
|faint|p2a: Araquanid
|-damage|p1a: Rillaboom|68/100|[from] Recoil
|
|-heal|p1a: Rillaboom|74/100|[from] Grassy Terrain
|upkeep
|
|t:|1758266728
|switch|p2a: Iron Moth|Iron Moth|100/100
|-enditem|p2a: Iron Moth|Booster Energy
|-activate|p2a: Iron Moth|ability: Quark Drive|[fromitem]
|-start|p2a: Iron Moth|quarkdrivespa
|turn|2
|
|t:|1758266738
|switch|p1a: Slowking|Slowking, F|100/100
|move|p2a: Iron Moth|Fiery Dance|p1a: Slowking
|-resisted|p1a: Slowking
|-damage|p1a: Slowking|86/100
|
|-heal|p1a: Slowking|92/100|[from] Grassy Terrain
|upkeep
|turn|3
|
|t:|1758266750
|-end|p2a: Iron Moth|Quark Drive|[silent]
|switch|p2a: Samurott|Samurott-Hisui, F|100/100
|move|p1a: Slowking|Scald|p2a: Samurott
|-resisted|p2a: Samurott
|-damage|p2a: Samurott|77/100
|
|-heal|p2a: Samurott|83/100|[from] Grassy Terrain
|-heal|p1a: Slowking|98/100|[from] Grassy Terrain
|upkeep
|turn|4
|
|t:|1758266760
|switch|p1a: Tauros|Tauros-Paldea-Blaze, M|100/100
|-ability|p1a: Tauros|Intimidate|boost
|-unboost|p2a: Samurott|atk|1
|move|p2a: Samurott|Ceaseless Edge|p1a: Tauros
|-resisted|p1a: Tauros
|-damage|p1a: Tauros|85/100
|-sidestart|p1: LX1987|Spikes
|
|-heal|p1a: Tauros|91/100|[from] Grassy Terrain
|-heal|p2a: Samurott|89/100|[from] Grassy Terrain
|upkeep
|turn|5
|
|t:|1758266775
|switch|p2a: Iron Moth|Iron Moth|100/100
|move|p1a: Tauros|Body Press|p2a: Iron Moth
|-resisted|p2a: Iron Moth
|-damage|p2a: Iron Moth|71/100
|
|-heal|p2a: Iron Moth|77/100|[from] Grassy Terrain
|-heal|p1a: Tauros|97/100|[from] Grassy Terrain
|-fieldend|move: Grassy Terrain
|upkeep
|turn|6
|
|t:|1758266785
|move|p2a: Iron Moth|Fiery Dance|p1a: Tauros
|-resisted|p1a: Tauros
|-damage|p1a: Tauros|60/100
|-boost|p2a: Iron Moth|spa|1
|move|p1a: Tauros|Rock Slide|p2a: Iron Moth
|-supereffective|p2a: Iron Moth
|-damage|p2a: Iron Moth|9/100
|
|upkeep
|turn|7
|
|t:|1758266796
|switch|p1a: Flygon|Flygon, F|100/100
|move|p2a: Iron Moth|Sludge Wave|p1a: Flygon
|-resisted|p1a: Flygon
|-damage|p1a: Flygon|50/100
|
|upkeep
|turn|8
|
|t:|1758266805
|move|p2a: Iron Moth|Sludge Wave|p1a: Flygon
|-resisted|p1a: Flygon
|-damage|p1a: Flygon|0 fnt
|faint|p1a: Flygon
|
|upkeep
|
|t:|1758266811
|switch|p1a: Muk|Muk-Alola, M|100/100
|-damage|p1a: Muk|88/100|[from] Spikes
|turn|9
|
|t:|1758266815
|move|p1a: Muk|Shadow Sneak|p2a: Iron Moth
|-damage|p2a: Iron Moth|0 fnt
|faint|p2a: Iron Moth
|-end|p2a: Iron Moth|Quark Drive|[silent]
|
|-heal|p1a: Muk|94/100|[from] item: Black Sludge
|upkeep
|
|t:|1758266824
|switch|p2a: Great Tusk|Great Tusk|100/100
|-enditem|p2a: Great Tusk|Booster Energy
|-activate|p2a: Great Tusk|ability: Protosynthesis|[fromitem]
|-start|p2a: Great Tusk|protosynthesisatk
|turn|10
|
|t:|1758266835
|switch|p1a: Rillaboom|Rillaboom, M|74/100
|-damage|p1a: Rillaboom|61/100|[from] Spikes
|-fieldstart|move: Grassy Terrain|[from] ability: Grassy Surge|[of] p1a: Rillaboom
|move|p2a: Great Tusk|Stealth Rock|p1a: Rillaboom
|-sidestart|p1: LX1987|move: Stealth Rock
|
|-heal|p1a: Rillaboom|68/100|[from] Grassy Terrain
|upkeep
|turn|11
|
|t:|1758266845
|-end|p2a: Great Tusk|Protosynthesis|[silent]
|switch|p2a: Enamorus|Enamorus, F|100/100
|move|p1a: Rillaboom|Grassy Glide|p2a: Enamorus
|-resisted|p2a: Enamorus
|-damage|p2a: Enamorus|54/100
|
|-heal|p1a: Rillaboom|74/100|[from] Grassy Terrain
|upkeep
|turn|12
|
|t:|1758266857
|-terastallize|p1a: Rillaboom|Grass
|move|p1a: Rillaboom|Grassy Glide|p2a: Enamorus
|-resisted|p2a: Enamorus
|-damage|p2a: Enamorus|0 fnt
|faint|p2a: Enamorus
|
|-heal|p1a: Rillaboom|80/100|[from] Grassy Terrain
|upkeep
|
|t:|1758266865
|switch|p2a: Gholdengo|Gholdengo|100/100
|-item|p2a: Gholdengo|Air Balloon
|turn|13
|
|t:|1758266871
|switch|p1a: Muk|Muk-Alola, M|94/100
|-damage|p1a: Muk|82/100|[from] Spikes
|-damage|p1a: Muk|69/100|[from] Stealth Rock
|move|p2a: Gholdengo|Make It Rain|p1a: Muk
|-damage|p1a: Muk|22/100
|-unboost|p2a: Gholdengo|spa|1
|
|-heal|p1a: Muk|28/100|[from] Grassy Terrain
|-heal|p1a: Muk|34/100|[from] item: Black Sludge
|upkeep
|turn|14
|
|t:|1758266892
|switch|p2a: Samurott|Samurott-Hisui, F|89/100
|move|p1a: Muk|Knock Off|p2a: Samurott
|-resisted|p2a: Samurott
|-damage|p2a: Samurott|61/100
|-enditem|p2a: Samurott|Black Glasses|[from] move: Knock Off|[of] p1a: Muk
|
|-heal|p2a: Samurott|67/100|[from] Grassy Terrain
|-heal|p1a: Muk|40/100|[from] Grassy Terrain
|-heal|p1a: Muk|46/100|[from] item: Black Sludge
|-fieldend|move: Grassy Terrain
|upkeep
|turn|15
|
|t:|1758266904
|switch|p1a: Tauros|Tauros-Paldea-Blaze, M|60/100
|-ability|p1a: Tauros|Intimidate|boost
|-unboost|p2a: Samurott|atk|1
|move|p2a: Samurott|Ceaseless Edge|p1a: Tauros
|-resisted|p1a: Tauros
|-damage|p1a: Tauros|46/100
|-sidestart|p1: LX1987|Spikes
|
|upkeep
|turn|16
|
|t:|1758266913
|switch|p2a: Gholdengo|Gholdengo|100/100
|-item|p2a: Gholdengo|Air Balloon
|move|p1a: Tauros|Raging Bull|p2a: Gholdengo
|-supereffective|p2a: Gholdengo
|-damage|p2a: Gholdengo|15/100
|-enditem|p2a: Gholdengo|Air Balloon
|
|upkeep
|turn|17
|
|t:|1758266922
|move|p1a: Tauros|Raging Bull|p2a: Gholdengo
|-supereffective|p2a: Gholdengo
|-damage|p2a: Gholdengo|0 fnt
|faint|p2a: Gholdengo
|
|upkeep
|
|t:|1758266925
|switch|p2a: Great Tusk|Great Tusk|100/100
|turn|18
|
|t:|1758266934
|move|p1a: Tauros|Will-O-Wisp|p2a: Great Tusk
|-status|p2a: Great Tusk|brn
|move|p2a: Great Tusk|Headlong Rush|p1a: Tauros
|-supereffective|p1a: Tauros
|-damage|p1a: Tauros|0 fnt
|-unboost|p2a: Great Tusk|def|1
|-unboost|p2a: Great Tusk|spd|1
|faint|p1a: Tauros
|
|-damage|p2a: Great Tusk|94/100 brn|[from] brn
|upkeep
|
|t:|1758266947
|switch|p1a: Rillaboom|Rillaboom, M, tera:Grass|80/100
|-damage|p1a: Rillaboom|64/100|[from] Spikes
|-damage|p1a: Rillaboom|51/100|[from] Stealth Rock
|-fieldstart|move: Grassy Terrain|[from] ability: Grassy Surge|[of] p1a: Rillaboom
|turn|19
|
|t:|1758266954
|-terastallize|p2a: Great Tusk|Steel
|move|p1a: Rillaboom|Grassy Glide|p2a: Great Tusk
|-resisted|p2a: Great Tusk
|-damage|p2a: Great Tusk|49/100 brn
|move|p2a: Great Tusk|Ice Spinner|p1a: Rillaboom
|-supereffective|p1a: Rillaboom
|-damage|p1a: Rillaboom|24/100
|-fieldend|move: Grassy Terrain
|
|-damage|p2a: Great Tusk|43/100 brn|[from] brn
|upkeep
|turn|20
|
|t:|1758266968
|switch|p1a: Drifblim|Drifblim, M|100/100
|-damage|p1a: Drifblim|76/100|[from] Stealth Rock
|move|p2a: Great Tusk|Ice Spinner|p1a: Drifblim
|-supereffective|p1a: Drifblim
|-crit|p1a: Drifblim
|-damage|p1a: Drifblim|37/100
|
|-damage|p2a: Great Tusk|37/100 brn|[from] brn
|upkeep
|turn|21
|
|t:|1758266979
|-end|p2a: Great Tusk|Protosynthesis|[silent]
|switch|p2a: Samurott|Samurott-Hisui, F|67/100
|move|p1a: Drifblim|Strength Sap|p2a: Samurott
|-unboost|p2a: Samurott|atk|1
|-heal|p1a: Drifblim|100/100
|
|upkeep
|turn|22
|
|t:|1758266989
|move|p2a: Samurott|Ceaseless Edge|p1a: Drifblim
|-supereffective|p1a: Drifblim
|-damage|p1a: Drifblim|43/100
|-sidestart|p1: LX1987|Spikes
|move|p1a: Drifblim|Tera Blast|p2a: Samurott
|-damage|p2a: Samurott|44/100
|
|upkeep
|turn|23
|
|t:|1758266998
|move|p2a: Samurott|Ceaseless Edge|p1a: Drifblim
|-supereffective|p1a: Drifblim
|-damage|p1a: Drifblim|0 fnt
|faint|p1a: Drifblim
|
|upkeep
|
|t:|1758267007
|switch|p1a: Rillaboom|Rillaboom, M, tera:Grass|24/100
|-damage|p1a: Rillaboom|0 fnt|[from] Spikes
|faint|p1a: Rillaboom
|
|t:|1758267013
|switch|p1a: Slowking|Slowking, F|100/100
|-damage|p1a: Slowking|76/100|[from] Spikes
|-damage|p1a: Slowking|63/100|[from] Stealth Rock
|turn|24
|
|t:|1758267021
|move|p2a: Samurott|Ceaseless Edge|p1a: Slowking|[miss]
|-miss|p2a: Samurott|p1a: Slowking
|move|p1a: Slowking|Scald|p2a: Samurott
|-resisted|p2a: Samurott
|-damage|p2a: Samurott|21/100
|-status|p2a: Samurott|brn
|
|-damage|p2a: Samurott|15/100 brn|[from] brn
|upkeep
|turn|25
|
|t:|1758267033
|move|p2a: Samurott|Ceaseless Edge|p1a: Slowking
|-supereffective|p1a: Slowking
|-damage|p1a: Slowking|33/100
|move|p1a: Slowking|Scald|p2a: Samurott
|-resisted|p2a: Samurott
|-damage|p2a: Samurott|0 fnt
|faint|p2a: Samurott
|
|upkeep
|
|t:|1758267035
|switch|p2a: Great Tusk|Great Tusk, tera:Steel|37/100 brn
|turn|26
|
|t:|1758267044
|move|p2a: Great Tusk|Headlong Rush|p1a: Slowking
|-damage|p1a: Slowking|1/100
|-unboost|p2a: Great Tusk|def|1
|-unboost|p2a: Great Tusk|spd|1
|move|p1a: Slowking|Ice Beam|p2a: Great Tusk
|-resisted|p2a: Great Tusk
|-damage|p2a: Great Tusk|7/100 brn
|
|-damage|p2a: Great Tusk|0 fnt|[from] brn
|faint|p2a: Great Tusk
|-end|p2a: Great Tusk|Protosynthesis|[silent]
|
|win|LX1987
|raw|LX1987's rating: 1350 &rarr; <strong>1371</strong><br />(+21 for winning)
|raw|Mat567's rating: 1368 &rarr; <strong>1347</strong><br />(-21 for losing)
|l|☆Mat567
|player|p2|
|l|☆LX1987
|player|p1|
