|j|☆856987e
|j|☆EaterofEnchiladas
|t:|1758300830
|gametype|singles
|player|p1|856987e|roxie|1142
|player|p2|EaterofEnchiladas|clown|1076
|gen|9
|tier|[Gen 9] OU
|rated|
|rule|HP Percentage Mod: HP is shown in percentages
|rule|Endless Battle Clause: Forcing endless battles is banned
|rule|Species Clause: Limit one of each Pokémon
|rule|OHKO Clause: OHKO moves are banned
|rule|Evasion Items Clause: Evasion items are banned
|rule|Evasion Moves Clause: Evasion moves are banned
|rule|Evasion Abilities Clause: Evasion abilities are banned
|rule|Sleep Moves Clause: Sleep-inducing moves are banned
|clearpoke
|poke|p1|Walking Wake|
|poke|p1|Great Tusk|
|poke|p1|Torkoal, M|
|poke|p1|Hatterene, F|
|poke|p1|Corviknight, F|
|poke|p1|Kingambit, M|
|poke|p2|Klefki, M|
|poke|p2|Glimmora, F|
|poke|p2|Tropius, M|
|poke|p2|Landorus-Therian, M|
|poke|p2|Slither Wing|
|poke|p2|Ninetales, M|
|teampreview
|inactive|Battle timer is ON: inactive players will automatically lose when time's up. (requested by EaterofEnchiladas)
|
|t:|1758300855
|teamsize|p1|6
|teamsize|p2|6
|start
|switch|p1a: Torkoal|Torkoal, M|100/100
|switch|p2a: Glimmora|Glimmora, F|100/100
|-weather|SunnyDay|[from] ability: Drought|[of] p1a: Torkoal
|turn|1
|
|t:|1758300865
|switch|p1a: Hatterene|Hatterene, F|100/100
|move|p2a: Glimmora|Power Gem|p1a: Hatterene
|-damage|p1a: Hatterene|59/100
|-enditem|p1a: Hatterene|Eject Button
|
|t:|1758300872
|switch|p1a: Walking Wake|Walking Wake|100/100
|-activate|p1a: Walking Wake|ability: Protosynthesis
|-start|p1a: Walking Wake|protosynthesisspe
|
|-weather|SunnyDay|[upkeep]
|upkeep
|turn|2
|inactive|EaterofEnchiladas has 120 seconds left.
|
|t:|1758300909
|switch|p2a: Tropius|Tropius, M|100/100
|move|p1a: Walking Wake|Hydro Steam|p2a: Tropius
|-resisted|p2a: Tropius
|-damage|p2a: Tropius|68/100
|
|-weather|SunnyDay|[upkeep]
|upkeep
|turn|3
|inactive|EaterofEnchiladas has 120 seconds left.
|
|t:|1758300922
|-end|p1a: Walking Wake|Protosynthesis|[silent]
|switch|p1a: Corviknight|Corviknight, F|100/100
|-ability|p1a: Corviknight|Pressure
|move|p2a: Tropius|Leech Seed|p1a: Corviknight|[miss]
|-miss|p2a: Tropius|p1a: Corviknight
|
|-weather|SunnyDay|[upkeep]
|upkeep
|turn|4
|inactive|EaterofEnchiladas has 120 seconds left.
|inactive|EaterofEnchiladas has 90 seconds left.
|
|t:|1758300973
|-terastallize|p2a: Tropius|Steel
|move|p1a: Corviknight|U-turn|p2a: Tropius
|-resisted|p2a: Tropius
|-damage|p2a: Tropius|61/100
|inactive|856987e has 120 seconds left.
|
|t:|1758301004
|switch|p1a: Walking Wake|Walking Wake|100/100|[from] U-turn
|-activate|p1a: Walking Wake|ability: Protosynthesis
|-start|p1a: Walking Wake|protosynthesisspe
|move|p2a: Tropius|Leech Seed|p1a: Walking Wake
|-start|p1a: Walking Wake|move: Leech Seed
|
|-weather|SunnyDay|[upkeep]
|-damage|p1a: Walking Wake|88/100|[from] Leech Seed|[of] p2a: Tropius
|-heal|p2a: Tropius|71/100|[silent]
|upkeep
|turn|5
|inactive|EaterofEnchiladas has 90 seconds left.
|inactive|856987e has 120 seconds left.
|
|t:|1758301034
|move|p1a: Walking Wake|Draco Meteor|p2a: Tropius
|-resisted|p2a: Tropius
|-damage|p2a: Tropius|41/100
|-unboost|p1a: Walking Wake|spa|2
|-enditem|p2a: Tropius|Sitrus Berry|[eat]
|-heal|p2a: Tropius|66/100|[from] item: Sitrus Berry
|move|p2a: Tropius|Substitute|p2a: Tropius
|-start|p2a: Tropius|Substitute
|-damage|p2a: Tropius|41/100
|
|-weather|SunnyDay|[upkeep]
|-damage|p1a: Walking Wake|76/100|[from] Leech Seed|[of] p2a: Tropius
|-heal|p2a: Tropius|52/100|[silent]
|-item|p2a: Tropius|Sitrus Berry|[from] ability: Harvest
|upkeep
|turn|6
|inactive|856987e has 120 seconds left.
|-message|856987e forfeited.
|
|win|EaterofEnchiladas
|raw|856987e's rating: 1142 &rarr; <strong>1112</strong><br />(-30 for losing)
|raw|EaterofEnchiladas's rating: 1076 &rarr; <strong>1110</strong><br />(+34 for winning)
|l|☆856987e
|player|p1|
|l|☆EaterofEnchiladas
|player|p2|
