|j|☆serving up heat
|j|☆rookie22
|t:|1758304207
|gametype|singles
|player|p1|serving up heat|waitress|1698
|player|p2|rookie22|iris-gen5bw2|1783
|gen|9
|tier|[Gen 9] OU
|rated|
|rule|HP Percentage Mod: HP is shown in percentages
|rule|Endless Battle Clause: Forcing endless battles is banned
|rule|Species Clause: Limit one of each Pokémon
|rule|OHKO Clause: OHKO moves are banned
|rule|Evasion Items Clause: Evasion items are banned
|rule|Evasion Moves Clause: Evasion moves are banned
|rule|Evasion Abilities Clause: Evasion abilities are banned
|rule|Sleep Moves Clause: Sleep-inducing moves are banned
|clearpoke
|poke|p1|Iron Valiant|
|poke|p1|Kingambit, M|
|poke|p1|Pecharunt|
|poke|p1|Hydreigon, M|
|poke|p1|Landorus-Therian, M|
|poke|p1|Samurott-Hisui, F|
|poke|p2|Dragonite, F|
|poke|p2|Meowscarada, M|
|poke|p2|Keldeo|
|poke|p2|Iron Crown|
|poke|p2|Raging Bolt|
|poke|p2|Great Tusk|
|teampreview
|inactive|Battle timer is ON: inactive players will automatically lose when time's up. (requested by rookie22)
|
|t:|1758304221
|teamsize|p1|6
|teamsize|p2|6
|start
|switch|p1a: iron theyden|Iron Valiant|100/100
|switch|p2a: Lisan Al Gaib|Keldeo|100/100
|turn|1
|
|t:|1758304235
|switch|p2a: Bene Gesserit|Iron Crown|100/100
|move|p1a: iron theyden|Close Combat|p2a: Bene Gesserit
|-damage|p2a: Bene Gesserit|4/100
|-unboost|p1a: iron theyden|def|1
|-unboost|p1a: iron theyden|spd|1
|
|upkeep
|turn|2
|
|t:|1758304247
|-end|p1a: iron theyden|Quark Drive|[silent]
|switch|p1a: i <3 edging|Samurott-Hisui, F|100/100
|move|p2a: Bene Gesserit|Tachyon Cutter|p1a: i <3 edging
|-resisted|p1a: i <3 edging
|-damage|p1a: i <3 edging|91/100
|-resisted|p1a: i <3 edging
|-damage|p1a: i <3 edging|81/100
|-hitcount|p1a: i <3 edging|2
|
|upkeep
|turn|3
|j| Nikator98
|l| Nikator98
|
|t:|1758304257
|-end|p2a: Bene Gesserit|Quark Drive|[silent]
|switch|p2a: Meowscarada|Meowscarada, M|100/100
|move|p1a: i <3 edging|Ceaseless Edge|p2a: Meowscarada
|-resisted|p2a: Meowscarada
|-damage|p2a: Meowscarada|63/100
|-sidestart|p2: rookie22|Spikes
|
|upkeep
|turn|4
|
|t:|1758304265
|switch|p1a: caravan|Landorus-Therian, M|100/100
|-ability|p1a: caravan|Intimidate|boost
|-unboost|p2a: Meowscarada|atk|1
|move|p2a: Meowscarada|Knock Off|p1a: caravan
|-start|p2a: Meowscarada|typechange|Dark|[from] ability: Protean
|-damage|p1a: caravan|70/100
|-damage|p2a: Meowscarada|47/100|[from] item: Rocky Helmet|[of] p1a: caravan
|-enditem|p1a: caravan|Rocky Helmet|[from] move: Knock Off|[of] p2a: Meowscarada
|
|upkeep
|turn|5
|
|t:|1758304274
|move|p2a: Meowscarada|Triple Axel|p1a: caravan
|-supereffective|p1a: caravan
|-crit|p1a: caravan
|-damage|p1a: caravan|33/100
|-supereffective|p1a: caravan
|-damage|p1a: caravan|0 fnt
|faint|p1a: caravan
|-hitcount|p1: caravan|2
|
|upkeep
|
|t:|1758304285
|switch|p1a: kingoobit|Kingambit, M|100/100
|-activate|p1a: kingoobit|ability: Supreme Overlord
|-start|p1a: kingoobit|fallen1|[silent]
|turn|6
|
|t:|1758304294
|switch|p2a: Great Tusk|Great Tusk|100/100
|-damage|p2a: Great Tusk|88/100|[from] Spikes
|move|p1a: kingoobit|Low Kick|p2a: Great Tusk
|-damage|p2a: Great Tusk|56/100
|
|-heal|p2a: Great Tusk|62/100|[from] item: Leftovers
|upkeep
|turn|7
|
|t:|1758304300
|-end|p1a: kingoobit|fallen1|[silent]
|switch|p1a: serve runt|Pecharunt|100/100
|move|p2a: Great Tusk|Earthquake|p1a: serve runt
|-supereffective|p1a: serve runt
|-damage|p1a: serve runt|31/100
|
|-heal|p2a: Great Tusk|68/100|[from] item: Leftovers
|upkeep
|turn|8
|
|t:|1758304312
|move|p1a: serve runt|Recover|p1a: serve runt
|-heal|p1a: serve runt|81/100
|move|p2a: Great Tusk|Ice Spinner|p1a: serve runt
|-damage|p1a: serve runt|63/100
|
|-heal|p2a: Great Tusk|74/100|[from] item: Leftovers
|upkeep
|turn|9
|
|t:|1758304322
|move|p1a: serve runt|Parting Shot|p2a: Great Tusk
|-unboost|p2a: Great Tusk|atk|1
|-unboost|p2a: Great Tusk|spa|1
|
|t:|1758304324
|switch|p1a: i <3 edging|Samurott-Hisui, F|81/100|[from] Parting Shot
|move|p2a: Great Tusk|Earthquake|p1a: i <3 edging
|-damage|p1a: i <3 edging|40/100
|
|-heal|p2a: Great Tusk|80/100|[from] item: Leftovers
|upkeep
|turn|10
|
|t:|1758304347
|-end|p2a: Great Tusk|Protosynthesis|[silent]
|switch|p2a: Bene Gesserit|Iron Crown|4/100
|-damage|p2a: Bene Gesserit|0 fnt|[from] Spikes
|faint|p2a: Bene Gesserit
|-end|p2a: Bene Gesserit|Quark Drive|[silent]
|move|p1a: i <3 edging|Razor Shell|p2: Bene Gesserit|[notarget]
|-fail|p1a: i <3 edging
|
|upkeep
|inactive|rookie22 has 120 seconds left.
|
|t:|1758304372
|switch|p2a: Raging Bolt|Raging Bolt|100/100
|-damage|p2a: Raging Bolt|88/100|[from] Spikes
|turn|11
|
|t:|1758304378
|move|p1a: i <3 edging|Knock Off|p2a: Raging Bolt
|-damage|p2a: Raging Bolt|51/100
|-enditem|p2a: Raging Bolt|Leftovers|[from] move: Knock Off|[of] p1a: i <3 edging
|move|p2a: Raging Bolt|Thunderbolt|p1a: i <3 edging
|-supereffective|p1a: i <3 edging
|-damage|p1a: i <3 edging|0 fnt
|faint|p1a: i <3 edging
|
|upkeep
|
|t:|1758304389
|switch|p1a: iron theyden|Iron Valiant|100/100
|turn|12
|
|t:|1758304394
|move|p2a: Raging Bolt|Thunderclap|p1a: iron theyden
|-damage|p1a: iron theyden|33/100
|move|p1a: iron theyden|Spirit Break|p2a: Raging Bolt
|-supereffective|p2a: Raging Bolt
|-damage|p2a: Raging Bolt|0 fnt
|faint|p2a: Raging Bolt
|-end|p2a: Raging Bolt|Protosynthesis|[silent]
|
|upkeep
|
|t:|1758304416
|switch|p2a: Meowscarada|Meowscarada, M|47/100
|turn|13
|
|t:|1758304421
|-end|p1a: iron theyden|Quark Drive|[silent]
|switch|p1a: kingoobit|Kingambit, M|100/100
|-activate|p1a: kingoobit|ability: Supreme Overlord
|-start|p1a: kingoobit|fallen2|[silent]
|move|p2a: Meowscarada|Knock Off|p1a: kingoobit
|-start|p2a: Meowscarada|typechange|Dark|[from] ability: Protean
|-resisted|p1a: kingoobit
|-damage|p1a: kingoobit|83/100
|-enditem|p1a: kingoobit|Leftovers|[from] move: Knock Off|[of] p2a: Meowscarada
|
|upkeep
|turn|14
|
|t:|1758304426
|switch|p2a: Lisan Al Gaib|Keldeo|100/100
|-damage|p2a: Lisan Al Gaib|88/100|[from] Spikes
|move|p1a: kingoobit|Low Kick|p2a: Lisan Al Gaib
|-damage|p2a: Lisan Al Gaib|57/100
|
|upkeep
|turn|15
|
|t:|1758304435
|-end|p1a: kingoobit|fallen2|[silent]
|switch|p1a: serve runt|Pecharunt|63/100
|move|p2a: Lisan Al Gaib|Surf|p1a: serve runt
|-damage|p1a: serve runt|0 fnt
|faint|p1a: serve runt
|
|upkeep
|
|t:|1758304438
|switch|p1a: iron theyden|Iron Valiant|33/100
|turn|16
|inactive|rookie22 has 120 seconds left.
|
|t:|1758304482
|switch|p2a: Great Tusk|Great Tusk|80/100
|-damage|p2a: Great Tusk|67/100|[from] Spikes
|move|p1a: iron theyden|Spirit Break|p2a: Great Tusk
|-supereffective|p2a: Great Tusk
|-damage|p2a: Great Tusk|0 fnt
|faint|p2a: Great Tusk
|-end|p2a: Great Tusk|Protosynthesis|[silent]
|
|upkeep
|
|t:|1758304484
|switch|p2a: MEGA DRAGONITE|Dragonite, F|100/100
|turn|17
|
|t:|1758304491
|-terastallize|p2a: MEGA DRAGONITE|Flying
|move|p1a: iron theyden|Spirit Break|p2a: MEGA DRAGONITE
|-damage|p2a: MEGA DRAGONITE|68/100
|-unboost|p2a: MEGA DRAGONITE|spa|1
|move|p2a: MEGA DRAGONITE|Dragon Dance|p2a: MEGA DRAGONITE
|-boost|p2a: MEGA DRAGONITE|atk|1
|-boost|p2a: MEGA DRAGONITE|spe|1
|
|upkeep
|turn|18
|
|t:|1758304498
|move|p2a: MEGA DRAGONITE|Tera Blast|p1a: iron theyden|[anim] Tera Blast Flying
|-supereffective|p1a: iron theyden
|-damage|p1a: iron theyden|0 fnt
|faint|p1a: iron theyden
|-end|p1a: iron theyden|Quark Drive|[silent]
|
|upkeep
|
|t:|1758304501
|switch|p1a: death drop|Hydreigon, M|100/100
|turn|19
|
|t:|1758304517
|move|p2a: MEGA DRAGONITE|Tera Blast|p1a: death drop|[anim] Tera Blast Flying
|-damage|p1a: death drop|16/100
|move|p1a: death drop|Draco Meteor|p2a: MEGA DRAGONITE
|-damage|p2a: MEGA DRAGONITE|5/100
|-unboost|p1a: death drop|spa|2
|
|-heal|p1a: death drop|22/100|[from] item: Leftovers
|upkeep
|turn|20
|
|t:|1758304523
|move|p2a: MEGA DRAGONITE|Tera Blast|p1a: death drop|[anim] Tera Blast Flying
|-damage|p1a: death drop|0 fnt
|faint|p1a: death drop
|
|upkeep
|
|t:|1758304525
|switch|p1a: kingoobit|Kingambit, M|83/100
|-activate|p1a: kingoobit|ability: Supreme Overlord
|-start|p1a: kingoobit|fallen5|[silent]
|turn|21
|
|t:|1758304529
|move|p1a: kingoobit|Sucker Punch|p2a: MEGA DRAGONITE
|-damage|p2a: MEGA DRAGONITE|0 fnt
|faint|p2a: MEGA DRAGONITE
|
|upkeep
|inactive|rookie22 has 120 seconds left.
|
|t:|1758304560
|switch|p2a: Lisan Al Gaib|Keldeo|57/100
|-damage|p2a: Lisan Al Gaib|44/100|[from] Spikes
|turn|22
|
|t:|1758304569
|-terastallize|p1a: kingoobit|Ghost
|move|p2a: Lisan Al Gaib|Surf|p1a: kingoobit
|-damage|p1a: kingoobit|0 fnt
|faint|p1a: kingoobit
|-end|p1a: kingoobit|fallen5|[silent]
|
|win|rookie22
|raw|serving up heat's rating: 1698 &rarr; <strong>1683</strong><br />(-15 for losing)
|raw|rookie22's rating: 1783 &rarr; <strong>1798</strong><br />(+15 for winning)
|l|☆serving up heat
|player|p1|
|l|☆rookie22
|player|p2|
