|j|☆will1994
|j|☆Barronmaster
|t:|1758308892
|gametype|singles
|player|p1|will1994|red|1495
|player|p2|Barronmaster|101|1562
|gen|9
|tier|[Gen 9] OU
|rated|
|rule|HP Percentage Mod: HP is shown in percentages
|rule|Endless Battle Clause: Forcing endless battles is banned
|rule|Species Clause: Limit one of each Pokémon
|rule|OHKO Clause: OHKO moves are banned
|rule|Evasion Items Clause: Evasion items are banned
|rule|Evasion Moves Clause: Evasion moves are banned
|rule|Evasion Abilities Clause: Evasion abilities are banned
|rule|Sleep Moves Clause: Sleep-inducing moves are banned
|clearpoke
|poke|p1|Rillaboom, M|
|poke|p1|Charizard, M|
|poke|p1|Corviknight, M|
|poke|p1|Kleavor, M|
|poke|p1|Clodsire, F|
|poke|p1|Samurott-Hisui, M|
|poke|p2|Hoopa-Unbound|
|poke|p2|Ninetales-Alola, M|
|poke|p2|Slowking-Galar, M|
|poke|p2|Cloyster, F|
|poke|p2|Zoroark, M|
|poke|p2|Indeedee, M|
|teampreview
|inactive|Battle timer is ON: inactive players will automatically lose when time's up. (requested by will1994)
|
|t:|1758308905
|teamsize|p1|6
|teamsize|p2|6
|start
|switch|p1a: Kleavor|Kleavor, M|100/100
|switch|p2a: Ninetales|Ninetales-Alola, M|100/100
|-weather|Snowscape|[from] ability: Snow Warning|[of] p2a: Ninetales
|turn|1
|
|t:|1758308914
|move|p1a: Kleavor|Stone Axe|p2a: Ninetales
|-supereffective|p2a: Ninetales
|-damage|p2a: Ninetales|0 fnt
|-sidestart|p2: Barronmaster|move: Stealth Rock
|faint|p2a: Ninetales
|
|-weather|Snowscape|[upkeep]
|upkeep
|
|t:|1758308925
|switch|p2a: Cloyster|Cloyster, F|100/100
|turn|2
|
|t:|1758308940
|move|p1a: Kleavor|Stone Axe|p2a: Cloyster
|-supereffective|p2a: Cloyster
|-damage|p2a: Cloyster|43/100
|move|p2a: Cloyster|Icicle Spear|p1a: Kleavor
|-damage|p1a: Kleavor|84/100
|-damage|p1a: Kleavor|69/100
|-damage|p1a: Kleavor|55/100
|-damage|p1a: Kleavor|40/100
|-damage|p1a: Kleavor|24/100
|-hitcount|p1a: Kleavor|5
|
|-weather|Snowscape|[upkeep]
|upkeep
|turn|3
|
|t:|1758308945
|move|p2a: Cloyster|Ice Shard|p1a: Kleavor
|-damage|p1a: Kleavor|0 fnt
|faint|p1a: Kleavor
|
|-weather|Snowscape|[upkeep]
|upkeep
|
|t:|1758308958
|switch|p1a: Charizard|Charizard, M|100/100
|turn|4
|
|t:|1758308964
|switch|p2a: Slowking|Slowking-Galar, M|100/100
|-damage|p2a: Slowking|88/100|[from] Stealth Rock
|move|p1a: Charizard|Flamethrower|p2a: Slowking
|-damage|p2a: Slowking|44/100
|
|-weather|Snowscape|[upkeep]
|-heal|p2a: Slowking|50/100|[from] item: Leftovers
|upkeep
|turn|5
|
|t:|1758308974
|-terastallize|p1a: Charizard|Fire
|move|p1a: Charizard|Flamethrower|p2a: Slowking
|-damage|p2a: Slowking|0 fnt
|faint|p2a: Slowking
|
|-weather|none
|upkeep
|
|t:|1758308978
|switch|p2a: Hoopa|Hoopa-Unbound|100/100
|-damage|p2a: Hoopa|88/100|[from] Stealth Rock
|turn|6
|
|t:|1758308990
|switch|p1a: Samurott|Samurott-Hisui, M|100/100
|-terastallize|p2a: Hoopa|Fighting
|move|p2a: Hoopa|Drain Punch|p1a: Samurott
|-supereffective|p1a: Samurott
|-damage|p1a: Samurott|2/100
|-heal|p2a: Hoopa|100/100|[from] drain|[of] p1a: Samurott
|
|upkeep
|turn|7
|
|t:|1758309000
|switch|p1a: Clodsire|Clodsire, F|100/100
|move|p2a: Hoopa|Drain Punch|p1a: Clodsire
|-resisted|p1a: Clodsire
|-damage|p1a: Clodsire|84/100
|
|-heal|p1a: Clodsire|91/100|[from] item: Leftovers
|upkeep
|turn|8
|
|t:|1758309003
|move|p2a: Hoopa|Psychic Noise|p1a: Clodsire
|-supereffective|p1a: Clodsire
|-damage|p1a: Clodsire|10/100
|-start|p1a: Clodsire|move: Heal Block
|move|p1a: Clodsire|Stockpile|p1a: Clodsire
|-start|p1a: Clodsire|stockpile1
|-boost|p1a: Clodsire|def|1
|-boost|p1a: Clodsire|spd|1
|
|upkeep
|turn|9
|
|t:|1758309012
|move|p2a: Hoopa|Drain Punch|p1a: Clodsire
|-resisted|p1a: Clodsire
|-damage|p1a: Clodsire|0 fnt
|faint|p1a: Clodsire
|
|upkeep
|
|t:|1758309016
|switch|p1a: Corviknight|Corviknight, M|100/100
|-ability|p1a: Corviknight|Pressure
|turn|10
|
|t:|1758309022
|move|p1a: Corviknight|Brave Bird|p2a: Hoopa
|-supereffective|p2a: Hoopa
|-damage|p2a: Hoopa|0 fnt
|faint|p2a: Hoopa
|-damage|p1a: Corviknight|74/100|[from] Recoil
|
|upkeep
|
|t:|1758309036
|switch|p2a: Indeedee|Indeedee, M|100/100
|-damage|p2a: Indeedee|88/100|[from] Stealth Rock
|turn|11
|
|t:|1758309040
|move|p2a: Indeedee|Flamethrower|p1a: Corviknight
|-supereffective|p1a: Corviknight
|-damage|p1a: Corviknight|11/100
|-status|p1a: Corviknight|brn
|-damage|p2a: Indeedee|78/100|[from] item: Life Orb
|move|p1a: Corviknight|U-turn|p2a: Indeedee
|-supereffective|p2a: Indeedee
|-damage|p2a: Indeedee|52/100
|replace|p2a: Zoroark|Zoroark, M
|-end|p2a: Zoroark|Illusion
|
|t:|1758309046
|switch|p1a: Rillaboom|Rillaboom, M|100/100|[from] U-turn
|-fieldstart|move: Grassy Terrain|[from] ability: Grassy Surge|[of] p1a: Rillaboom
|
|-heal|p2a: Zoroark|58/100|[from] Grassy Terrain
|upkeep
|turn|12
|
|t:|1758309059
|move|p2a: Zoroark|Sucker Punch|p1a: Rillaboom
|-damage|p1a: Rillaboom|56/100
|-damage|p2a: Zoroark|48/100|[from] item: Life Orb
|move|p1a: Rillaboom|Grassy Glide|p2a: Zoroark
|-crit|p2a: Zoroark
|-damage|p2a: Zoroark|0 fnt
|faint|p2a: Zoroark
|
|-heal|p1a: Rillaboom|62/100|[from] Grassy Terrain
|upkeep
|
|t:|1758309065
|switch|p2a: Cloyster|Cloyster, F|43/100
|turn|13
|
|t:|1758309070
|move|p1a: Rillaboom|Grassy Glide|p2a: Cloyster
|-supereffective|p2a: Cloyster
|-damage|p2a: Cloyster|0 fnt
|faint|p2a: Cloyster
|
|-heal|p1a: Rillaboom|68/100|[from] Grassy Terrain
|upkeep
|-message|Barronmaster forfeited.
|
|win|will1994
|raw|will1994's rating: 1495 &rarr; <strong>1519</strong><br />(+24 for winning)
|raw|Barronmaster's rating: 1562 &rarr; <strong>1538</strong><br />(-24 for losing)
|l|☆Barronmaster
|player|p2|
|l|☆will1994
|player|p1|
