|j|☆NightZero
|j|☆wtsff一望
|t:|1758244957
|gametype|singles
|player|p1|NightZero|gaeric|1205
|player|p2|wtsff一望|acetrainerf|1237
|gen|9
|tier|[Gen 9] OU
|rated|
|rule|HP Percentage Mod: HP is shown in percentages
|rule|Endless Battle Clause: Forcing endless battles is banned
|rule|Species Clause: Limit one of each Pokémon
|rule|OHKO Clause: OHKO moves are banned
|rule|Evasion Items Clause: Evasion items are banned
|rule|Evasion Moves Clause: Evasion moves are banned
|rule|Evasion Abilities Clause: Evasion abilities are banned
|rule|Sleep Moves Clause: Sleep-inducing moves are banned
|clearpoke
|poke|p1|Ting-Lu|
|poke|p1|Iron Hands|
|poke|p1|Weezing-Galar, M|
|poke|p1|Venusaur, F|
|poke|p1|Ninetales, F|
|poke|p1|Glalie, M|
|poke|p2|Glimmora, M|
|poke|p2|Kingambit, M|
|poke|p2|Moltres|
|poke|p2|Iron Valiant|
|poke|p2|Ogerpon-Wellspring, F|
|poke|p2|Iron Treads|
|teampreview
|inactive|Battle timer is ON: inactive players will automatically lose when time's up. (requested by NightZero)
|
|t:|1758244966
|teamsize|p1|6
|teamsize|p2|6
|start
|switch|p1a: Ting-Lu|Ting-Lu|100/100
|switch|p2a: Glimmora|Glimmora, M|100/100
|-item|p2a: Glimmora|Air Balloon
|-ability|p1a: Ting-Lu|Vessel of Ruin
|turn|1
|
|t:|1758244975
|move|p2a: Glimmora|Toxic|p1a: Ting-Lu
|-status|p1a: Ting-Lu|tox
|move|p1a: Ting-Lu|Ruination|p2a: Glimmora
|-damage|p2a: Glimmora|50/100
|-enditem|p2a: Glimmora|Air Balloon
|
|-damage|p1a: Ting-Lu|94/100 tox|[from] psn
|upkeep
|turn|2
|
|t:|1758244982
|move|p2a: Glimmora|Spiky Shield|p2a: Glimmora
|-singleturn|p2a: Glimmora|move: Protect
|move|p1a: Ting-Lu|Spikes|p2a: Glimmora
|-sidestart|p2: wtsff一望|Spikes
|
|-heal|p1a: Ting-Lu|100/100 tox|[from] item: Leftovers
|-damage|p1a: Ting-Lu|88/100 tox|[from] psn
|upkeep
|turn|3
|
|t:|1758244988
|move|p2a: Glimmora|Stealth Rock|p1a: Ting-Lu
|-sidestart|p1: NightZero|move: Stealth Rock
|move|p1a: Ting-Lu|Earthquake|p2a: Glimmora
|-supereffective|p2a: Glimmora
|-damage|p2a: Glimmora|0 fnt
|faint|p2a: Glimmora
|
|-heal|p1a: Ting-Lu|94/100 tox|[from] item: Leftovers
|-damage|p1a: Ting-Lu|76/100 tox|[from] psn
|upkeep
|
|t:|1758244994
|switch|p2a: Iron Treads|Iron Treads|100/100
|-damage|p2a: Iron Treads|88/100|[from] Spikes
|turn|4
|
|t:|1758245003
|move|p2a: Iron Treads|Rapid Spin|p1a: Ting-Lu
|-damage|p1a: Ting-Lu|70/100 tox
|-boost|p2a: Iron Treads|spe|1
|-sideend|p2: wtsff一望|Spikes|[from] move: Rapid Spin|[of] p2a: Iron Treads
|move|p1a: Ting-Lu|Ruination|p2a: Iron Treads
|-damage|p2a: Iron Treads|44/100
|
|-heal|p2a: Iron Treads|50/100|[from] item: Leftovers
|-heal|p1a: Ting-Lu|76/100 tox|[from] item: Leftovers
|-damage|p1a: Ting-Lu|51/100 tox|[from] psn
|upkeep
|turn|5
|
|t:|1758245009
|move|p2a: Iron Treads|Steel Beam|p1a: Ting-Lu
|-damage|p1a: Ting-Lu|32/100 tox
|-damage|p2a: Iron Treads|0 fnt|[from] steelbeam
|faint|p2a: Iron Treads
|-end|p2a: Iron Treads|Quark Drive|[silent]
|move|p1a: Ting-Lu|Earthquake|p2: Iron Treads|[notarget]
|-fail|p1a: Ting-Lu
|
|-heal|p1a: Ting-Lu|38/100 tox|[from] item: Leftovers
|-damage|p1a: Ting-Lu|7/100 tox|[from] psn
|upkeep
|
|t:|1758245018
|switch|p2a: Ogerpon|Ogerpon-Wellspring, F|100/100
|turn|6
|
|t:|1758245020
|move|p2a: Ogerpon|Trailblaze|p1a: Ting-Lu
|-supereffective|p1a: Ting-Lu
|-damage|p1a: Ting-Lu|0 fnt
|-boost|p2a: Ogerpon|spe|1
|faint|p1a: Ting-Lu
|
|upkeep
|
|t:|1758245023
|switch|p1a: Weezing|Weezing-Galar, M|100/100
|-ability|p1a: Weezing|Neutralizing Gas
|turn|7
|
|t:|1758245030
|-terastallize|p2a: Ogerpon|Water
|detailschange|p2a: Ogerpon|Ogerpon-Wellspring-Tera, F, tera:Water
|move|p2a: Ogerpon|Swords Dance|p2a: Ogerpon
|-boost|p2a: Ogerpon|atk|2
|move|p1a: Weezing|Will-O-Wisp|p2a: Ogerpon
|-status|p2a: Ogerpon|brn
|
|-damage|p2a: Ogerpon|95/100 brn|[from] brn
|upkeep
|turn|8
|
|t:|1758245032
|move|p2a: Ogerpon|Trailblaze|p1a: Weezing
|-resisted|p1a: Weezing
|-damage|p1a: Weezing|91/100
|-boost|p2a: Ogerpon|spe|1
|move|p1a: Weezing|Defog|p2a: Ogerpon
|-unboost|p2a: Ogerpon|evasion|1
|-sideend|p1: NightZero|Stealth Rock|[from] move: Defog|[of] p1a: Weezing
|
|-damage|p2a: Ogerpon|89/100 brn|[from] brn
|upkeep
|turn|9
|
|t:|1758245040
|move|p2a: Ogerpon|Ivy Cudgel|p1a: Weezing|[anim] Ivy Cudgel Water
|-crit|p1a: Weezing
|-damage|p1a: Weezing|17/100
|move|p1a: Weezing|Sludge Bomb|p2a: Ogerpon
|-damage|p2a: Ogerpon|53/100 brn
|
|-damage|p2a: Ogerpon|47/100 brn|[from] brn
|upkeep
|turn|10
|
|t:|1758245044
|move|p2a: Ogerpon|Ivy Cudgel|p1a: Weezing|[anim] Ivy Cudgel Water
|-damage|p1a: Weezing|0 fnt
|faint|p1a: Weezing
|-end|p1a: Weezing|ability: Neutralizing Gas
|-ability|p2a: Ogerpon|Embody Aspect (Wellspring)|boost
|-boost|p2a: Ogerpon|spd|1
|
|-damage|p2a: Ogerpon|41/100 brn|[from] brn
|upkeep
|
|t:|1758245048
|switch|p1a: Iron Hands|Iron Hands|100/100
|-enditem|p1a: Iron Hands|Booster Energy
|-activate|p1a: Iron Hands|ability: Quark Drive|[fromitem]
|-start|p1a: Iron Hands|quarkdriveatk
|turn|11
|
|t:|1758245051
|move|p2a: Ogerpon|Play Rough|p1a: Iron Hands
|-supereffective|p1a: Iron Hands
|-damage|p1a: Iron Hands|46/100
|-unboost|p1a: Iron Hands|atk|1
|move|p1a: Iron Hands|Thunder Punch|p2a: Ogerpon
|-supereffective|p2a: Ogerpon
|-damage|p2a: Ogerpon|0 fnt
|faint|p2a: Ogerpon
|detailschange|p2: Ogerpon|Ogerpon-Wellspring, F|[silent]
|
|upkeep
|
|t:|1758245063
|switch|p2a: Iron Valiant|Iron Valiant|100/100
|-enditem|p2a: Iron Valiant|Booster Energy
|-activate|p2a: Iron Valiant|ability: Quark Drive|[fromitem]
|-start|p2a: Iron Valiant|quarkdrivespe
|turn|12
|
|t:|1758245073
|move|p2a: Iron Valiant|Moonblast|p1a: Iron Hands
|-supereffective|p1a: Iron Hands
|-damage|p1a: Iron Hands|0 fnt
|faint|p1a: Iron Hands
|-end|p1a: Iron Hands|Quark Drive|[silent]
|
|upkeep
|
|t:|1758245077
|switch|p1a: Ninetales|Ninetales, F|100/100
|-weather|SunnyDay|[from] ability: Drought|[of] p1a: Ninetales
|turn|13
|
|t:|1758245081
|move|p2a: Iron Valiant|Aura Sphere|p1a: Ninetales
|-crit|p1a: Ninetales
|-damage|p1a: Ninetales|42/100
|move|p1a: Ninetales|Weather Ball|p2a: Iron Valiant
|-damage|p2a: Iron Valiant|17/100
|
|-weather|SunnyDay|[upkeep]
|upkeep
|turn|14
|
|t:|1758245097
|-end|p2a: Iron Valiant|Quark Drive|[silent]
|switch|p2a: Moltres|Moltres|100/100
|move|p1a: Ninetales|Weather Ball|p2a: Moltres
|-resisted|p2a: Moltres
|-damage|p2a: Moltres|76/100
|
|-weather|SunnyDay|[upkeep]
|upkeep
|turn|15
|
|t:|1758245103
|switch|p1a: Glalie|Glalie, M, shiny|100/100
|move|p2a: Moltres|Flamethrower|p1a: Glalie
|-supereffective|p1a: Glalie
|-enditem|p1a: Glalie|Focus Sash
|-damage|p1a: Glalie|1/100
|
|-weather|SunnyDay|[upkeep]
|upkeep
|turn|16
|
|t:|1758245110
|move|p1a: Glalie|Freeze-Dry|p2a: Moltres
|-damage|p2a: Moltres|47/100
|move|p2a: Moltres|Roost|p2a: Moltres
|-heal|p2a: Moltres|97/100
|-singleturn|p2a: Moltres|move: Roost
|
|-weather|SunnyDay|[upkeep]
|upkeep
|turn|17
|
|t:|1758245113
|move|p1a: Glalie|Taunt|p2a: Moltres
|-start|p2a: Moltres|move: Taunt
|cant|p2a: Moltres|move: Taunt|Roost
|
|-weather|SunnyDay|[upkeep]
|upkeep
|turn|18
|
|t:|1758245120
|switch|p2a: Iron Valiant|Iron Valiant|17/100
|move|p1a: Glalie|Spikes|p2a: Iron Valiant
|-sidestart|p2: wtsff一望|Spikes
|
|-weather|SunnyDay|[upkeep]
|upkeep
|turn|19
|
|t:|1758245129
|move|p2a: Iron Valiant|Moonblast|p1a: Glalie
|-damage|p1a: Glalie|0 fnt
|faint|p1a: Glalie
|
|-weather|SunnyDay|[upkeep]
|upkeep
|
|t:|1758245131
|switch|p1a: Venusaur|Venusaur, F|100/100
|turn|20
|
|t:|1758245138
|move|p1a: Venusaur|Weather Ball|p2a: Iron Valiant
|-damage|p2a: Iron Valiant|0 fnt
|faint|p2a: Iron Valiant
|-end|p2a: Iron Valiant|Quark Drive|[silent]
|-damage|p1a: Venusaur|91/100|[from] item: Life Orb
|
|-weather|none
|upkeep
|
|t:|1758245146
|switch|p2a: Moltres|Moltres|97/100
|turn|21
|
|t:|1758245149
|switch|p1a: Ninetales|Ninetales, F|42/100
|-weather|SunnyDay|[from] ability: Drought|[of] p1a: Ninetales
|move|p2a: Moltres|Flamethrower|p1a: Ninetales
|-resisted|p1a: Ninetales
|-crit|p1a: Ninetales
|-damage|p1a: Ninetales|0 fnt
|faint|p1a: Ninetales
|
|-weather|SunnyDay|[upkeep]
|upkeep
|
|t:|1758245155
|switch|p1a: Venusaur|Venusaur, F|91/100
|turn|22
|
|t:|1758245160
|-terastallize|p1a: Venusaur|Fire
|move|p1a: Venusaur|Growth|p1a: Venusaur
|-boost|p1a: Venusaur|atk|2
|-boost|p1a: Venusaur|spa|2
|move|p2a: Moltres|Flamethrower|p1a: Venusaur
|-resisted|p1a: Venusaur
|-damage|p1a: Venusaur|54/100
|
|-weather|SunnyDay|[upkeep]
|upkeep
|turn|23
|
|t:|1758245165
|move|p1a: Venusaur|Sludge Bomb|p2a: Moltres
|-damage|p2a: Moltres|0 fnt
|faint|p2a: Moltres
|-damage|p1a: Venusaur|44/100|[from] item: Life Orb
|
|-weather|SunnyDay|[upkeep]
|upkeep
|
|t:|1758245169
|switch|p2a: Kingambit|Kingambit, M|100/100
|-damage|p2a: Kingambit|88/100|[from] Spikes
|-activate|p2a: Kingambit|ability: Supreme Overlord
|-start|p2a: Kingambit|fallen5|[silent]
|turn|24
|
|t:|1758245173
|move|p2a: Kingambit|Sucker Punch||[still]
|-fail|p2a: Kingambit
|move|p1a: Venusaur|Growth|p1a: Venusaur
|-boost|p1a: Venusaur|atk|2
|-boost|p1a: Venusaur|spa|2
|
|-weather|SunnyDay|[upkeep]
|upkeep
|turn|25
|
|t:|1758245179
|move|p2a: Kingambit|Sucker Punch||[still]
|-fail|p2a: Kingambit
|move|p1a: Venusaur|Growth|p1a: Venusaur
|-boost|p1a: Venusaur|atk|2
|-boost|p1a: Venusaur|spa|2
|
|-weather|SunnyDay|[upkeep]
|upkeep
|turn|26
|
|t:|1758245183
|move|p2a: Kingambit|Sucker Punch|p1a: Venusaur
|-damage|p1a: Venusaur|0 fnt
|faint|p1a: Venusaur
|
|win|wtsff一望
|raw|NightZero's rating: 1205 &rarr; <strong>1182</strong><br />(-23 for losing)
|raw|wtsff一望's rating: 1237 &rarr; <strong>1260</strong><br />(+23 for winning)
|l|☆NightZero
|player|p1|
|l|☆wtsff一望
|player|p2|
