|j|☆ur doggo
|j|☆KuroNoTamashi
|t:|1758369994
|gametype|singles
|player|p1|ur doggo|266|1559
|player|p2|KuroNoTamashi|1|1581
|gen|9
|tier|[Gen 9] OU
|rated|
|rule|HP Percentage Mod: HP is shown in percentages
|rule|Endless Battle Clause: Forcing endless battles is banned
|rule|Species Clause: Limit one of each Pokémon
|rule|OHKO Clause: OHKO moves are banned
|rule|Evasion Items Clause: Evasion items are banned
|rule|Evasion Moves Clause: Evasion moves are banned
|rule|Evasion Abilities Clause: Evasion abilities are banned
|rule|Sleep Moves Clause: Sleep-inducing moves are banned
|clearpoke
|poke|p1|Pelipper, F|
|poke|p1|Hatterene, F|
|poke|p1|Iron Treads|
|poke|p1|Toxicroak, F|
|poke|p1|Barraskewda, F|
|poke|p1|Zapdos|
|poke|p2|Kyurem|
|poke|p2|Darkrai|
|poke|p2|Magnezone|
|poke|p2|Scizor, M|
|poke|p2|Pecharunt|
|poke|p2|Okidogi, M|
|teampreview
|
|t:|1758370012
|teamsize|p1|6
|teamsize|p2|6
|start
|switch|p1a: Pelipper|Pelipper, F|100/100
|switch|p2a: Kyurem|Kyurem|100/100
|-ability|p2a: Kyurem|Pressure
|-weather|RainDance|[from] ability: Drizzle|[of] p1a: Pelipper
|turn|1
|
|t:|1758370016
|switch|p1a: Hatterene|Hatterene, F|100/100
|move|p2a: Kyurem|Ice Beam|p1a: Hatterene
|-damage|p1a: Hatterene|28/100
|-enditem|p1a: Hatterene|Eject Button
|
|t:|1758370023
|switch|p1a: Barraskewda|Barraskewda, F|100/100
|
|-weather|RainDance|[upkeep]
|upkeep
|turn|2
|
|t:|1758370037
|switch|p2a: Pecharunt|Pecharunt|100/100
|move|p1a: Barraskewda|Close Combat|p2a: Pecharunt
|-immune|p2a: Pecharunt
|
|-weather|RainDance|[upkeep]
|upkeep
|turn|3
|
|t:|1758370042
|switch|p1a: Iron Treads|Iron Treads|100/100
|move|p2a: Pecharunt|Parting Shot|p1a: Iron Treads
|-unboost|p1a: Iron Treads|atk|1
|-unboost|p1a: Iron Treads|spa|1
|
|t:|1758370048
|switch|p2a: Okidogi|Okidogi, M|100/100|[from] Parting Shot
|
|-weather|RainDance|[upkeep]
|upkeep
|turn|4
|
|t:|1758370063
|move|p1a: Iron Treads|Volt Switch|p2a: Okidogi
|-damage|p2a: Okidogi|92/100
|
|t:|1758370066
|-end|p1a: Iron Treads|Quark Drive|[silent]
|switch|p1a: Zapdos|Zapdos|100/100|[from] Volt Switch
|move|p2a: Okidogi|Drain Punch|p1a: Zapdos
|-resisted|p1a: Zapdos
|-damage|p1a: Zapdos|75/100
|-heal|p2a: Okidogi|100/100|[from] drain|[of] p1a: Zapdos
|
|-weather|RainDance|[upkeep]
|upkeep
|turn|5
|
|t:|1758370073
|switch|p2a: Magnezone|Magnezone|100/100
|move|p1a: Zapdos|Volt Switch|p2a: Magnezone
|-resisted|p2a: Magnezone
|-damage|p2a: Magnezone|79/100
|
|t:|1758370075
|switch|p1a: Barraskewda|Barraskewda, F|100/100|[from] Volt Switch
|
|-weather|RainDance|[upkeep]
|upkeep
|turn|6
|
|t:|1758370082
|move|p1a: Barraskewda|Flip Turn|p2a: Magnezone
|-damage|p2a: Magnezone|11/100
|
|t:|1758370085
|switch|p1a: Iron Treads|Iron Treads|100/100|[from] Flip Turn
|move|p2a: Magnezone|Thunderbolt|p1a: Iron Treads
|-immune|p1a: Iron Treads
|
|-weather|RainDance|[upkeep]
|upkeep
|turn|7
|
|t:|1758370092
|move|p1a: Iron Treads|Stealth Rock|p2a: Magnezone
|-sidestart|p2: KuroNoTamashi|move: Stealth Rock
|move|p2a: Magnezone|Body Press|p1a: Iron Treads
|-supereffective|p1a: Iron Treads
|-damage|p1a: Iron Treads|60/100
|
|-weather|RainDance|[upkeep]
|-heal|p1a: Iron Treads|66/100|[from] item: Leftovers
|upkeep
|turn|8
|
|t:|1758370098
|move|p1a: Iron Treads|Earthquake|p2a: Magnezone
|-supereffective|p2a: Magnezone
|-damage|p2a: Magnezone|0 fnt
|faint|p2a: Magnezone
|
|-weather|none
|-heal|p1a: Iron Treads|72/100|[from] item: Leftovers
|upkeep
|
|t:|1758370100
|switch|p2a: Scizor|Scizor, M|100/100
|turn|9
|
|t:|1758370103
|-end|p1a: Iron Treads|Quark Drive|[silent]
|switch|p1a: Pelipper|Pelipper, F|100/100
|-weather|RainDance|[from] ability: Drizzle|[of] p1a: Pelipper
|move|p2a: Scizor|Knock Off|p1a: Pelipper
|-damage|p1a: Pelipper|64/100
|-enditem|p1a: Pelipper|Damp Rock|[from] move: Knock Off|[of] p2a: Scizor
|
|-weather|RainDance|[upkeep]
|upkeep
|turn|10
|
|t:|1758370109
|move|p2a: Scizor|Defog|p1a: Pelipper
|-unboost|p1a: Pelipper|evasion|1
|-sideend|p2: KuroNoTamashi|Stealth Rock|[from] move: Defog|[of] p2a: Scizor
|move|p1a: Pelipper|U-turn|p2a: Scizor
|-resisted|p2a: Scizor
|-damage|p2a: Scizor|96/100
|
|t:|1758370127
|switch|p1a: Barraskewda|Barraskewda, F|100/100|[from] U-turn
|
|-weather|RainDance|[upkeep]
|upkeep
|turn|11
|
|t:|1758370133
|-terastallize|p1a: Barraskewda|Water
|move|p2a: Scizor|Bullet Punch|p1a: Barraskewda
|-resisted|p1a: Barraskewda
|-damage|p1a: Barraskewda|78/100
|move|p1a: Barraskewda|Liquidation|p2a: Scizor
|-damage|p2a: Scizor|0 fnt
|faint|p2a: Scizor
|
|-weather|RainDance|[upkeep]
|upkeep
|
|t:|1758370140
|switch|p2a: Pecharunt|Pecharunt|100/100
|turn|12
|
|t:|1758370145
|switch|p1a: Hatterene|Hatterene, F|28/100
|move|p2a: Pecharunt|Malignant Chain|p1a: Hatterene
|-supereffective|p1a: Hatterene
|-damage|p1a: Hatterene|0 fnt
|faint|p1a: Hatterene
|
|-weather|RainDance|[upkeep]
|upkeep
|
|t:|1758370150
|switch|p1a: Zapdos|Zapdos|75/100
|turn|13
|
|t:|1758370157
|move|p1a: Zapdos|Hurricane|p2a: Pecharunt
|-damage|p2a: Pecharunt|21/100
|move|p2a: Pecharunt|Malignant Chain|p1a: Zapdos
|-damage|p1a: Zapdos|39/100
|
|-weather|RainDance|[upkeep]
|-heal|p2a: Pecharunt|27/100|[from] item: Leftovers
|upkeep
|turn|14
|
|t:|1758370161
|move|p1a: Zapdos|Hurricane|p2a: Pecharunt
|-damage|p2a: Pecharunt|0 fnt
|faint|p2a: Pecharunt
|
|-weather|RainDance|[upkeep]
|upkeep
|
|t:|1758370163
|switch|p2a: Darkrai|Darkrai|100/100
|turn|15
|
|t:|1758370168
|switch|p1a: Toxicroak|Toxicroak, F|100/100
|move|p2a: Darkrai|Dark Pulse|p1a: Toxicroak
|-resisted|p1a: Toxicroak
|-damage|p1a: Toxicroak|72/100
|
|-weather|RainDance|[upkeep]
|-heal|p1a: Toxicroak|85/100|[from] ability: Dry Skin
|upkeep
|turn|16
|
|t:|1758370174
|move|p2a: Darkrai|Psyshock|p1a: Toxicroak
|-supereffective|p1a: Toxicroak
|-damage|p1a: Toxicroak|0 fnt
|faint|p1a: Toxicroak
|
|-weather|none
|upkeep
|
|t:|1758370178
|switch|p1a: Pelipper|Pelipper, F|64/100
|-weather|RainDance|[from] ability: Drizzle|[of] p1a: Pelipper
|turn|17
|
|t:|1758370181
|move|p2a: Darkrai|Dark Pulse|p1a: Pelipper
|-damage|p1a: Pelipper|26/100
|move|p1a: Pelipper|U-turn|p2a: Darkrai
|-supereffective|p2a: Darkrai
|-damage|p2a: Darkrai|76/100
|
|t:|1758370185
|switch|p1a: Barraskewda|Barraskewda, F, tera:Water|78/100|[from] U-turn
|
|-weather|RainDance|[upkeep]
|-heal|p2a: Darkrai|82/100|[from] item: Leftovers
|upkeep
|turn|18
|
|t:|1758370190
|switch|p2a: Okidogi|Okidogi, M|100/100
|move|p1a: Barraskewda|Flip Turn|p2a: Okidogi
|-crit|p2a: Okidogi
|-damage|p2a: Okidogi|0 fnt
|faint|p2a: Okidogi
|j| Qiiiii
|
|t:|1758370197
|switch|p1a: Iron Treads|Iron Treads|72/100|[from] Flip Turn
|
|-weather|RainDance|[upkeep]
|-heal|p1a: Iron Treads|78/100|[from] item: Leftovers
|upkeep
|
|t:|1758370201
|switch|p2a: Kyurem|Kyurem|100/100
|-ability|p2a: Kyurem|Pressure
|turn|19
|
|t:|1758370204
|move|p2a: Kyurem|Ice Beam|p1a: Iron Treads
|-damage|p1a: Iron Treads|24/100
|move|p1a: Iron Treads|Volt Switch|p2a: Kyurem
|-resisted|p2a: Kyurem
|-damage|p2a: Kyurem|95/100
|
|t:|1758370207
|-end|p1a: Iron Treads|Quark Drive|[silent]
|switch|p1a: Barraskewda|Barraskewda, F, tera:Water|78/100|[from] Volt Switch
|
|-weather|RainDance|[upkeep]
|upkeep
|turn|20
|
|t:|1758370208
|-terastallize|p2a: Kyurem|Dragon
|move|p1a: Barraskewda|Close Combat|p2a: Kyurem
|-damage|p2a: Kyurem|31/100
|-unboost|p1a: Barraskewda|def|1
|-unboost|p1a: Barraskewda|spd|1
|move|p2a: Kyurem|Ice Beam|p1a: Barraskewda
|-resisted|p1a: Barraskewda
|-damage|p1a: Barraskewda|0 fnt
|faint|p1a: Barraskewda
|
|-weather|RainDance|[upkeep]
|upkeep
|
|t:|1758370214
|switch|p1a: Zapdos|Zapdos|39/100
|turn|21
|
|t:|1758370223
|move|p1a: Zapdos|Volt Switch|p2a: Kyurem
|-resisted|p2a: Kyurem
|-damage|p2a: Kyurem|7/100
|
|t:|1758370232
|switch|p1a: Iron Treads|Iron Treads|24/100|[from] Volt Switch
|move|p2a: Kyurem|Ice Beam|p1a: Iron Treads
|-damage|p1a: Iron Treads|0 fnt
|faint|p1a: Iron Treads
|-end|p1a: Iron Treads|Quark Drive|[silent]
|
|-weather|none
|upkeep
|
|t:|1758370234
|switch|p1a: Zapdos|Zapdos|39/100
|turn|22
|
|t:|1758370236
|move|p1a: Zapdos|Volt Switch|p2a: Kyurem
|-resisted|p2a: Kyurem
|-damage|p2a: Kyurem|0 fnt
|faint|p2a: Kyurem
|
|t:|1758370239
|switch|p1a: Pelipper|Pelipper, F|26/100|[from] Volt Switch
|-weather|RainDance|[from] ability: Drizzle|[of] p1a: Pelipper
|
|-weather|RainDance|[upkeep]
|upkeep
|
|t:|1758370240
|switch|p2a: Darkrai|Darkrai|82/100
|turn|23
|
|t:|1758370244
|move|p2a: Darkrai|Dark Pulse|p1a: Pelipper
|-damage|p1a: Pelipper|0 fnt
|faint|p1a: Pelipper
|
|-weather|RainDance|[upkeep]
|-heal|p2a: Darkrai|88/100|[from] item: Leftovers
|upkeep
|
|t:|1758370247
|switch|p1a: Zapdos|Zapdos|39/100
|turn|24
|
|t:|1758370251
|move|p2a: Darkrai|Dark Pulse|p1a: Zapdos
|-crit|p1a: Zapdos
|-damage|p1a: Zapdos|0 fnt
|faint|p1a: Zapdos
|
|win|KuroNoTamashi
|raw|ur doggo's rating: 1559 &rarr; <strong>1540</strong><br />(-19 for losing)
|raw|KuroNoTamashi's rating: 1581 &rarr; <strong>1600</strong><br />(+19 for winning)
|l|☆ur doggo
|player|p1|
|l|☆KuroNoTamashi
|player|p2|
|l| Qiiiii
|j|☆KuroNoTamashi
|player|p2|KuroNoTamashi|1|
|l|☆KuroNoTamashi
|player|p2|
