|j|☆shuangqi
|j|☆Cocomao7
|t:|1758260063
|gametype|singles
|player|p1|shuangqi|265|1205
|player|p2|Cocomao7|biker-gen4|1184
|gen|9
|tier|[Gen 9] OU
|rated|
|rule|HP Percentage Mod: HP is shown in percentages
|rule|Endless Battle Clause: Forcing endless battles is banned
|rule|Species Clause: Limit one of each Pokémon
|rule|OHKO Clause: OHKO moves are banned
|rule|Evasion Items Clause: Evasion items are banned
|rule|Evasion Moves Clause: Evasion moves are banned
|rule|Evasion Abilities Clause: Evasion abilities are banned
|rule|Sleep Moves Clause: Sleep-inducing moves are banned
|clearpoke
|poke|p1|Dondozo, M|
|poke|p1|Haxorus, F|
|poke|p1|Tinkaton, F|
|poke|p1|Rotom-Wash|
|poke|p1|Azumarill, M|
|poke|p1|Dragapult, M|
|poke|p2|Torkoal, F|
|poke|p2|Blaziken, F|
|poke|p2|Grafaiai, M|
|poke|p2|Venusaur, M|
|poke|p2|Quagsire, F|
|poke|p2|Mamoswine, F|
|teampreview
|inactive|Battle timer is ON: inactive players will automatically lose when time's up. (requested by Cocomao7)
|
|t:|1758260067
|teamsize|p1|6
|teamsize|p2|6
|start
|switch|p1a: Tinkaton|Tinkaton, F|100/100
|switch|p2a: JohnnySomali|Grafaiai, M|100/100
|-ability|p1a: Tinkaton|Mold Breaker
|turn|1
|
|t:|1758260075
|move|p2a: JohnnySomali|Taunt|p1a: Tinkaton
|-start|p1a: Tinkaton|move: Taunt
|cant|p1a: Tinkaton|move: Taunt|Thunder Wave
|
|upkeep
|turn|2
|
|t:|1758260081
|move|p2a: JohnnySomali|Parting Shot|p1a: Tinkaton
|-unboost|p1a: Tinkaton|atk|1
|-unboost|p1a: Tinkaton|spa|1
|
|t:|1758260084
|switch|p2a: ShinyVedal|Torkoal, F|100/100|[from] Parting Shot
|-weather|SunnyDay|[from] ability: Drought|[of] p2a: ShinyVedal
|move|p1a: Tinkaton|Knock Off|p2a: ShinyVedal
|-damage|p2a: ShinyVedal|94/100
|-enditem|p2a: ShinyVedal|Heat Rock|[from] move: Knock Off|[of] p1a: Tinkaton
|
|-weather|SunnyDay|[upkeep]
|upkeep
|turn|3
|
|t:|1758260095
|switch|p1a: Azumarill|Azumarill, M|100/100
|move|p2a: ShinyVedal|Stealth Rock|p1a: Azumarill
|-sidestart|p1: shuangqi|move: Stealth Rock
|
|-weather|SunnyDay|[upkeep]
|upkeep
|turn|4
|
|t:|1758260108
|move|p1a: Azumarill|Play Rough|p2a: ShinyVedal
|-resisted|p2a: ShinyVedal
|-damage|p2a: ShinyVedal|75/100
|move|p2a: ShinyVedal|Lava Plume|p1a: Azumarill
|-resisted|p1a: Azumarill
|-damage|p1a: Azumarill|82/100
|
|-weather|SunnyDay|[upkeep]
|upkeep
|turn|5
|
|t:|1758260118
|move|p1a: Azumarill|Aqua Jet|p2a: ShinyVedal
|-supereffective|p2a: ShinyVedal
|-damage|p2a: ShinyVedal|61/100
|move|p2a: ShinyVedal|Lava Plume|p1a: Azumarill
|-resisted|p1a: Azumarill
|-damage|p1a: Azumarill|63/100
|
|-weather|SunnyDay|[upkeep]
|upkeep
|turn|6
|
|t:|1758260127
|switch|p2a: YourMom|Venusaur, M|100/100
|move|p1a: Azumarill|Belly Drum|p1a: Azumarill
|-damage|p1a: Azumarill|13/100
|-setboost|p1a: Azumarill|atk|6|[from] move: Belly Drum
|-enditem|p1a: Azumarill|Sitrus Berry|[eat]
|-heal|p1a: Azumarill|38/100|[from] item: Sitrus Berry
|
|-weather|SunnyDay|[upkeep]
|upkeep
|turn|7
|
|t:|1758260138
|move|p2a: YourMom|Sludge Bomb|p1a: Azumarill
|-supereffective|p1a: Azumarill
|-damage|p1a: Azumarill|0 fnt
|faint|p1a: Azumarill
|
|-weather|SunnyDay|[upkeep]
|upkeep
|
|t:|1758260149
|switch|p1a: Tinkaton|Tinkaton, F|100/100
|-damage|p1a: Tinkaton|94/100|[from] Stealth Rock
|-ability|p1a: Tinkaton|Mold Breaker
|turn|8
|
|t:|1758260155
|move|p2a: YourMom|Weather Ball|p1a: Tinkaton
|-supereffective|p1a: Tinkaton
|-damage|p1a: Tinkaton|26/100
|move|p1a: Tinkaton|Stealth Rock|p2a: YourMom
|-sidestart|p2: Cocomao7|move: Stealth Rock
|
|-weather|SunnyDay|[upkeep]
|-heal|p1a: Tinkaton|33/100|[from] item: Leftovers
|upkeep
|turn|9
|
|t:|1758260164
|move|p2a: YourMom|Weather Ball|p1a: Tinkaton
|-supereffective|p1a: Tinkaton
|-damage|p1a: Tinkaton|0 fnt
|faint|p1a: Tinkaton
|
|-weather|none
|upkeep
|
|t:|1758260169
|switch|p1a: Haxorus|Haxorus, F|100/100
|-damage|p1a: Haxorus|88/100|[from] Stealth Rock
|-ability|p1a: Haxorus|Mold Breaker
|turn|10
|
|t:|1758260176
|move|p1a: Haxorus|Dragon Dance|p1a: Haxorus
|-boost|p1a: Haxorus|atk|1
|-boost|p1a: Haxorus|spe|1
|move|p2a: YourMom|Toxic|p1a: Haxorus
|-status|p1a: Haxorus|tox
|-enditem|p1a: Haxorus|Lum Berry|[eat]
|-curestatus|p1a: Haxorus|tox|[msg]
|
|upkeep
|turn|11
|
|t:|1758260184
|move|p1a: Haxorus|Substitute|p1a: Haxorus
|-start|p1a: Haxorus|Substitute
|-damage|p1a: Haxorus|63/100
|move|p2a: YourMom|Toxic||[still]
|-fail|p2a: YourMom
|
|upkeep
|turn|12
|
|t:|1758260195
|switch|p2a: YourWife|Quagsire, F, shiny|100/100
|-damage|p2a: YourWife|94/100|[from] Stealth Rock
|move|p1a: Haxorus|Dragon Dance|p1a: Haxorus
|-boost|p1a: Haxorus|atk|1
|-boost|p1a: Haxorus|spe|1
|
|-heal|p2a: YourWife|100/100|[from] item: Leftovers
|upkeep
|turn|13
|
|t:|1758260208
|move|p1a: Haxorus|Outrage|p2a: YourWife
|-damage|p2a: YourWife|0 fnt
|faint|p2a: YourWife
|
|upkeep
|
|t:|1758260216
|switch|p2a: ShinyVedal|Torkoal, F|61/100
|-damage|p2a: ShinyVedal|36/100|[from] Stealth Rock
|-weather|SunnyDay|[from] ability: Drought|[of] p2a: ShinyVedal
|turn|14
|
|t:|1758260223
|move|p1a: Haxorus|Outrage|p2a: ShinyVedal|[from] lockedmove
|-damage|p2a: ShinyVedal|0 fnt
|faint|p2a: ShinyVedal
|-start|p1a: Haxorus|confusion|[fatigue]
|
|-weather|SunnyDay|[upkeep]
|upkeep
|
|t:|1758260234
|switch|p2a: YourMom|Venusaur, M|100/100
|-damage|p2a: YourMom|88/100|[from] Stealth Rock
|turn|15
|
|t:|1758260240
|-activate|p1a: Haxorus|confusion
|-damage|p1a: Haxorus|22/100|[from] confusion
|move|p2a: YourMom|Sludge Bomb|p1a: Haxorus
|-end|p1a: Haxorus|Substitute
|
|-weather|SunnyDay|[upkeep]
|-heal|p2a: YourMom|94/100|[from] item: Black Sludge
|upkeep
|turn|16
|
|t:|1758260249
|-activate|p1a: Haxorus|confusion
|move|p1a: Haxorus|Outrage|p2a: YourMom
|-damage|p2a: YourMom|0 fnt
|faint|p2a: YourMom
|
|-weather|SunnyDay|[upkeep]
|upkeep
|
|t:|1758260256
|switch|p2a: Old Tusk|Mamoswine, F|100/100
|-damage|p2a: Old Tusk|88/100|[from] Stealth Rock
|turn|17
|
|t:|1758260261
|move|p2a: Old Tusk|Ice Shard|p1a: Haxorus
|-supereffective|p1a: Haxorus
|-crit|p1a: Haxorus
|-damage|p1a: Haxorus|0 fnt
|faint|p1a: Haxorus
|
|-weather|SunnyDay|[upkeep]
|upkeep
|
|t:|1758260264
|switch|p1a: Dondozo|Dondozo, M|100/100
|-damage|p1a: Dondozo|88/100|[from] Stealth Rock
|turn|18
|
|t:|1758260271
|move|p2a: Old Tusk|Trailblaze|p1a: Dondozo
|-supereffective|p1a: Dondozo
|-damage|p1a: Dondozo|74/100
|-boost|p2a: Old Tusk|spe|1
|move|p1a: Dondozo|Curse|p1a: Dondozo
|-unboost|p1a: Dondozo|spe|1
|-boost|p1a: Dondozo|atk|1
|-boost|p1a: Dondozo|def|1
|
|-weather|none
|-heal|p1a: Dondozo|80/100|[from] item: Leftovers
|upkeep
|turn|19
|
|t:|1758260283
|move|p2a: Old Tusk|Earthquake|p1a: Dondozo
|-damage|p1a: Dondozo|65/100
|move|p1a: Dondozo|Curse|p1a: Dondozo
|-unboost|p1a: Dondozo|spe|1
|-boost|p1a: Dondozo|atk|1
|-boost|p1a: Dondozo|def|1
|
|-heal|p1a: Dondozo|72/100|[from] item: Leftovers
|upkeep
|turn|20
|-message|Cocomao7 forfeited.
|
|win|shuangqi
|raw|shuangqi's rating: 1205 &rarr; <strong>1228</strong><br />(+23 for winning)
|raw|Cocomao7's rating: 1184 &rarr; <strong>1161</strong><br />(-23 for losing)
|l|☆Cocomao7
|player|p2|
|l|☆shuangqi
|player|p1|
