|j|☆2muchradio
|j|☆gopiki
|t:|1758369724
|gametype|singles
|player|p1|2muchradio|sabrina|1488
|player|p2|gopiki|266|1529
|gen|9
|tier|[Gen 9] OU
|rated|
|rule|HP Percentage Mod: HP is shown in percentages
|rule|Endless Battle Clause: Forcing endless battles is banned
|rule|Species Clause: Limit one of each Pokémon
|rule|OHKO Clause: OHKO moves are banned
|rule|Evasion Items Clause: Evasion items are banned
|rule|Evasion Moves Clause: Evasion moves are banned
|rule|Evasion Abilities Clause: Evasion abilities are banned
|rule|Sleep Moves Clause: Sleep-inducing moves are banned
|clearpoke
|poke|p1|Haxorus, F|
|poke|p1|Cinderace, M|
|poke|p1|Corviknight, M|
|poke|p1|Slowking-Galar, M|
|poke|p1|Dragapult, F|
|poke|p1|Garganacl, M|
|poke|p2|Mabosstiff, M|
|poke|p2|Moltres|
|poke|p2|Alomomola, M|
|poke|p2|Raging Bolt|
|poke|p2|Clodsire, M|
|poke|p2|Ogerpon-Wellspring, F|
|teampreview
|inactive|Battle timer is ON: inactive players will automatically lose when time's up. (requested by 2muchradio)
|
|t:|1758369748
|teamsize|p1|6
|teamsize|p2|6
|start
|switch|p1a: Dragapult|Dragapult, F|100/100
|switch|p2a: Mabosstiff|Mabosstiff, M|100/100
|turn|1
|
|t:|1758369763
|move|p1a: Dragapult|Draco Meteor|p2a: Mabosstiff|[miss]
|-miss|p1a: Dragapult|p2a: Mabosstiff
|move|p2a: Mabosstiff|Crunch|p1a: Dragapult
|-supereffective|p1a: Dragapult
|-damage|p1a: Dragapult|0 fnt
|faint|p1a: Dragapult
|
|upkeep
|
|t:|1758369775
|switch|p1a: Cinderace|Cinderace, M|100/100
|turn|2
|
|t:|1758369779
|switch|p2a: Moltres|Moltres|100/100
|move|p1a: Cinderace|U-turn|p2a: Moltres
|-start|p1a: Cinderace|typechange|Bug|[from] ability: Libero
|-resisted|p2a: Moltres
|-damage|p2a: Moltres|93/100
|
|t:|1758369791
|switch|p1a: Garganacl|Garganacl, M|100/100|[from] U-turn
|
|upkeep
|turn|3
|
|t:|1758369800
|move|p2a: Moltres|U-turn|p1a: Garganacl
|-damage|p1a: Garganacl|89/100
|
|t:|1758369805
|switch|p2a: Alomomola|Alomomola, M|100/100|[from] U-turn
|move|p1a: Garganacl|Stealth Rock|p2a: Alomomola
|-sidestart|p2: gopiki|move: Stealth Rock
|
|-heal|p1a: Garganacl|96/100|[from] item: Leftovers
|upkeep
|turn|4
|
|t:|1758369814
|switch|p1a: Slowking|Slowking-Galar, M|100/100
|move|p2a: Alomomola|Wish|p2a: Alomomola
|
|upkeep
|turn|5
|
|t:|1758369825
|move|p2a: Alomomola|Flip Turn|p1a: Slowking
|-damage|p1a: Slowking|83/100
|
|t:|1758369828
|switch|p2a: Mabosstiff|Mabosstiff, M|100/100|[from] Flip Turn
|-damage|p2a: Mabosstiff|88/100|[from] Stealth Rock
|-prepare|p1a: Slowking|Chilly Reception|[premajor]
|move|p1a: Slowking|Chilly Reception|p1a: Slowking
|-weather|Snowscape
|
|t:|1758369833
|switch|p1a: Cinderace|Cinderace, M|100/100|[from] Chilly Reception
|
|-weather|Snowscape|[upkeep]
|-heal|p2a: Mabosstiff|100/100|[from] move: Wish|[wisher] Alomomola
|upkeep
|turn|6
|
|t:|1758369843
|move|p1a: Cinderace|U-turn|p2a: Mabosstiff
|-start|p1a: Cinderace|typechange|Bug|[from] ability: Libero
|-supereffective|p2a: Mabosstiff
|-damage|p2a: Mabosstiff|33/100
|
|t:|1758369846
|switch|p1a: Corviknight|Corviknight, M|100/100|[from] U-turn
|-ability|p1a: Corviknight|Pressure
|move|p2a: Mabosstiff|Crunch|p1a: Corviknight
|-crit|p1a: Corviknight
|-damage|p1a: Corviknight|0 fnt
|-damage|p2a: Mabosstiff|16/100|[from] item: Rocky Helmet|[of] p1a: Corviknight
|faint|p1a: Corviknight
|
|-weather|Snowscape|[upkeep]
|upkeep
|
|t:|1758369855
|switch|p1a: Cinderace|Cinderace, M|100/100
|turn|7
|
|t:|1758369862
|switch|p2a: Moltres|Moltres|93/100
|move|p1a: Cinderace|U-turn|p2a: Moltres
|-start|p1a: Cinderace|typechange|Bug|[from] ability: Libero
|-resisted|p2a: Moltres
|-damage|p2a: Moltres|85/100
|-status|p1a: Cinderace|brn|[from] ability: Flame Body|[of] p2a: Moltres
|
|t:|1758369872
|switch|p1a: Haxorus|Haxorus, F|100/100|[from] U-turn
|-ability|p1a: Haxorus|Mold Breaker
|
|-weather|Snowscape|[upkeep]
|upkeep
|turn|8
|
|t:|1758369886
|-terastallize|p1a: Haxorus|Fire
|move|p1a: Haxorus|Swords Dance|p1a: Haxorus
|-boost|p1a: Haxorus|atk|2
|move|p2a: Moltres|Hurricane|p1a: Haxorus
|-damage|p1a: Haxorus|19/100
|-start|p1a: Haxorus|confusion
|
|-weather|Snowscape|[upkeep]
|upkeep
|turn|9
|
|t:|1758369897
|switch|p2a: Alomomola|Alomomola, M|100/100
|-damage|p2a: Alomomola|88/100|[from] Stealth Rock
|-activate|p1a: Haxorus|confusion
|move|p1a: Haxorus|Scale Shot|p2a: Alomomola
|-damage|p2a: Alomomola|67/100
|-damage|p2a: Alomomola|45/100
|-damage|p2a: Alomomola|24/100
|-damage|p2a: Alomomola|3/100
|-damage|p2a: Alomomola|0 fnt
|faint|p2a: Alomomola
|-hitcount|p2: Alomomola|5
|-unboost|p1a: Haxorus|def|1
|-boost|p1a: Haxorus|spe|1
|
|-weather|none
|upkeep
|
|t:|1758369915
|switch|p2a: Raging Bolt|Raging Bolt|100/100
|-damage|p2a: Raging Bolt|88/100|[from] Stealth Rock
|turn|10
|
|t:|1758369920
|move|p2a: Raging Bolt|Thunderclap||[still]
|-fail|p2a: Raging Bolt
|-end|p1a: Haxorus|confusion
|move|p1a: Haxorus|Swords Dance|p1a: Haxorus
|-boost|p1a: Haxorus|atk|2
|
|upkeep
|turn|11
|
|t:|1758369931
|move|p2a: Raging Bolt|Thunderclap|p1a: Haxorus
|-damage|p1a: Haxorus|0 fnt
|faint|p1a: Haxorus
|
|upkeep
|-message|2muchradio forfeited.
|
|win|gopiki
|raw|2muchradio's rating: 1488 &rarr; <strong>1470</strong><br />(-18 for losing)
|raw|gopiki's rating: 1529 &rarr; <strong>1547</strong><br />(+18 for winning)
|l|☆2muchradio
|player|p1|
