|j|☆doodieray
|j|☆Chronos556
|t:|1758341778
|gametype|singles
|player|p1|doodieray|265|1431
|player|p2|Chronos556|veteran|1409
|gen|9
|tier|[Gen 9] OU
|rated|
|rule|HP Percentage Mod: HP is shown in percentages
|rule|Endless Battle Clause: Forcing endless battles is banned
|rule|Species Clause: Limit one of each Pokémon
|rule|OHKO Clause: OHKO moves are banned
|rule|Evasion Items Clause: Evasion items are banned
|rule|Evasion Moves Clause: Evasion moves are banned
|rule|Evasion Abilities Clause: Evasion abilities are banned
|rule|Sleep Moves Clause: Sleep-inducing moves are banned
|clearpoke
|poke|p1|Regidrago|
|poke|p1|Enamorus, F|
|poke|p1|Slowking-Galar, F|
|poke|p1|Iron Treads|
|poke|p1|Toxapex, M|
|poke|p1|Moltres-Galar|
|poke|p2|Raging Bolt|
|poke|p2|Ogerpon-Wellspring, F|
|poke|p2|Ting-Lu|
|poke|p2|Zamazenta-*|
|poke|p2|Iron Crown|
|poke|p2|Forretress, F|
|teampreview
|inactive|Battle timer is ON: inactive players will automatically lose when time's up. (requested by doodieray)
|inactive|Chronos556 also wants the timer to be on.
|
|t:|1758341804
|teamsize|p1|6
|teamsize|p2|6
|start
|switch|p1a: Enamorus|Enamorus, F|100/100
|switch|p2a: Beef|Ting-Lu|100/100
|-ability|p2a: Beef|Vessel of Ruin
|turn|1
|
|t:|1758341808
|move|p1a: Enamorus|Moonblast|p2a: Beef
|-supereffective|p2a: Beef
|-damage|p2a: Beef|45/100
|move|p2a: Beef|Stealth Rock|p1a: Enamorus
|-sidestart|p1: doodieray|move: Stealth Rock
|
|-heal|p2a: Beef|51/100|[from] item: Leftovers
|upkeep
|turn|2
|
|t:|1758341814
|switch|p2a: Wallnut|Forretress, F, shiny|100/100
|move|p1a: Enamorus|Moonblast|p2a: Wallnut
|-resisted|p2a: Wallnut
|-damage|p2a: Wallnut|71/100
|
|-heal|p2a: Wallnut|77/100|[from] item: Leftovers
|upkeep
|turn|3
|
|t:|1758341829
|switch|p1a: Iron Treads|Iron Treads|100/100
|-damage|p1a: Iron Treads|97/100|[from] Stealth Rock
|-enditem|p1a: Iron Treads|Booster Energy
|-activate|p1a: Iron Treads|ability: Quark Drive|[fromitem]
|-start|p1a: Iron Treads|quarkdrivespe
|switch|p2a: Gerald|Raging Bolt|100/100
|
|upkeep
|turn|4
|
|t:|1758341841
|-end|p2a: Gerald|Protosynthesis|[silent]
|switch|p2a: Wallnut|Forretress, F, shiny|77/100
|move|p1a: Iron Treads|Earthquake|p2a: Wallnut
|-damage|p2a: Wallnut|45/100
|
|-heal|p2a: Wallnut|51/100|[from] item: Leftovers
|upkeep
|turn|5
|
|t:|1758341849
|move|p1a: Iron Treads|Stealth Rock|p2a: Wallnut
|-sidestart|p2: Chronos556|move: Stealth Rock
|move|p2a: Wallnut|Body Press|p1a: Iron Treads
|-supereffective|p1a: Iron Treads
|-damage|p1a: Iron Treads|44/100
|
|-heal|p2a: Wallnut|57/100|[from] item: Leftovers
|upkeep
|turn|6
|
|t:|1758341856
|move|p1a: Iron Treads|Rapid Spin|p2a: Wallnut
|-resisted|p2a: Wallnut
|-damage|p2a: Wallnut|52/100
|-boost|p1a: Iron Treads|spe|1
|-sideend|p1: doodieray|Stealth Rock|[from] move: Rapid Spin|[of] p1a: Iron Treads
|move|p2a: Wallnut|Rapid Spin|p1a: Iron Treads
|-resisted|p1a: Iron Treads
|-damage|p1a: Iron Treads|40/100
|-boost|p2a: Wallnut|spe|1
|-sideend|p2: Chronos556|Stealth Rock|[from] move: Rapid Spin|[of] p2a: Wallnut
|
|-heal|p2a: Wallnut|58/100|[from] item: Leftovers
|upkeep
|turn|7
|
|t:|1758341870
|-end|p1a: Iron Treads|Quark Drive|[silent]
|switch|p1a: Slowking|Slowking-Galar, F|100/100
|move|p2a: Wallnut|Body Press|p1a: Slowking
|-resisted|p1a: Slowking
|-damage|p1a: Slowking|93/100
|
|-heal|p2a: Wallnut|64/100|[from] item: Leftovers
|upkeep
|turn|8
|
|t:|1758341875
|move|p2a: Wallnut|Thunder Wave|p1a: Slowking
|-status|p1a: Slowking|par
|-prepare|p1a: Slowking|Chilly Reception|[premajor]
|move|p1a: Slowking|Chilly Reception|p1a: Slowking
|-weather|Snowscape
|
|t:|1758341878
|switch|p1a: Regidrago|Regidrago|100/100|[from] Chilly Reception
|
|-weather|Snowscape|[upkeep]
|-heal|p2a: Wallnut|70/100|[from] item: Leftovers
|upkeep
|turn|9
|
|t:|1758341881
|move|p1a: Regidrago|Dragon Energy|p2a: Wallnut
|-resisted|p2a: Wallnut
|-damage|p2a: Wallnut|0 fnt
|faint|p2a: Wallnut
|
|-weather|Snowscape|[upkeep]
|upkeep
|
|t:|1758341892
|switch|p2a: Ps5|Iron Crown|100/100
|turn|10
|
|t:|1758341898
|switch|p1a: Iron Treads|Iron Treads|40/100
|move|p2a: Ps5|Steel Beam|p1a: Iron Treads
|-resisted|p1a: Iron Treads
|-damage|p1a: Iron Treads|0 fnt
|-damage|p2a: Ps5|50/100|[from] steelbeam
|faint|p1a: Iron Treads
|-end|p1a: Iron Treads|Quark Drive|[silent]
|
|-weather|Snowscape|[upkeep]
|upkeep
|
|t:|1758341909
|switch|p1a: Enamorus|Enamorus, F|100/100
|turn|11
|
|t:|1758341920
|-end|p2a: Ps5|Quark Drive|[silent]
|switch|p2a: Beef|Ting-Lu|51/100
|-ability|p2a: Beef|Vessel of Ruin
|move|p1a: Enamorus|Earth Power|p2a: Beef
|-damage|p2a: Beef|33/100
|-unboost|p2a: Beef|spd|1
|
|-weather|Snowscape|[upkeep]
|-heal|p2a: Beef|39/100|[from] item: Leftovers
|upkeep
|turn|12
|
|t:|1758341929
|switch|p1a: Toxapex|Toxapex, M|100/100
|move|p2a: Beef|Heavy Slam|p1a: Toxapex
|-resisted|p1a: Toxapex
|-damage|p1a: Toxapex|87/100
|-damage|p2a: Beef|23/100|[from] item: Rocky Helmet|[of] p1a: Toxapex
|
|-weather|none
|-heal|p2a: Beef|29/100|[from] item: Leftovers
|upkeep
|turn|13
|
|t:|1758341934
|switch|p1a: Enamorus|Enamorus, F|100/100
|move|p2a: Beef|Earthquake|p1a: Enamorus
|-immune|p1a: Enamorus
|
|-heal|p2a: Beef|35/100|[from] item: Leftovers
|upkeep
|turn|14
|
|t:|1758341942
|switch|p2a: Ps5|Iron Crown|50/100
|move|p1a: Enamorus|Moonblast|p2a: Ps5
|-resisted|p2a: Ps5
|-damage|p2a: Ps5|24/100
|
|upkeep
|turn|15
|
|t:|1758341964
|switch|p1a: Toxapex|Toxapex, M|100/100
|move|p2a: Ps5|Volt Switch|p1a: Toxapex
|-supereffective|p1a: Toxapex
|-damage|p1a: Toxapex|57/100
|
|t:|1758341971
|-end|p2a: Ps5|Quark Drive|[silent]
|switch|p2a: Gerald|Raging Bolt|100/100|[from] Volt Switch
|
|upkeep
|turn|16
|
|t:|1758341976
|move|p2a: Gerald|Thunderbolt|p1a: Toxapex
|-supereffective|p1a: Toxapex
|-damage|p1a: Toxapex|0 fnt
|faint|p1a: Toxapex
|
|upkeep
|
|t:|1758341980
|switch|p1a: Enamorus|Enamorus, F|100/100
|turn|17
|
|t:|1758341984
|-terastallize|p1a: Enamorus|Ground
|-terastallize|p2a: Gerald|Fairy
|move|p1a: Enamorus|Earth Power|p2a: Gerald
|-damage|p2a: Gerald|59/100
|move|p2a: Gerald|Draco Meteor|p1a: Enamorus
|-damage|p1a: Enamorus|0 fnt
|-unboost|p2a: Gerald|spa|2
|faint|p1a: Enamorus
|
|-heal|p2a: Gerald|65/100|[from] item: Leftovers
|upkeep
|
|t:|1758341994
|switch|p1a: Moltres|Moltres-Galar|100/100
|turn|18
|
|t:|1758342002
|-end|p2a: Gerald|Protosynthesis|[silent]
|switch|p2a: Ps5|Iron Crown|24/100
|move|p1a: Moltres|Fiery Wrath|p2a: Ps5
|-supereffective|p2a: Ps5
|-damage|p2a: Ps5|0 fnt
|faint|p2a: Ps5
|-end|p2a: Ps5|Quark Drive|[silent]
|
|upkeep
|
|t:|1758342010
|switch|p2a: Gerald|Raging Bolt, tera:Fairy|65/100
|turn|19
|
|t:|1758342015
|switch|p1a: Slowking|Slowking-Galar, F|100/100 par
|move|p2a: Gerald|Thunderbolt|p1a: Slowking
|-damage|p1a: Slowking|66/100 par
|
|-heal|p2a: Gerald|72/100|[from] item: Leftovers
|upkeep
|turn|20
|
|t:|1758342018
|move|p2a: Gerald|Calm Mind|p2a: Gerald
|-boost|p2a: Gerald|spa|1
|-boost|p2a: Gerald|spd|1
|move|p1a: Slowking|Future Sight|p2a: Gerald
|-start|p1a: Slowking|move: Future Sight
|
|-heal|p2a: Gerald|78/100|[from] item: Leftovers
|upkeep
|turn|21
|
|t:|1758342021
|move|p2a: Gerald|Calm Mind|p2a: Gerald
|-boost|p2a: Gerald|spa|1
|-boost|p2a: Gerald|spd|1
|move|p1a: Slowking|Sludge Bomb|p2a: Gerald
|-supereffective|p2a: Gerald
|-damage|p2a: Gerald|49/100
|
|-heal|p2a: Gerald|55/100|[from] item: Leftovers
|upkeep
|turn|22
|
|t:|1758342029
|move|p2a: Gerald|Thunderbolt|p1a: Slowking
|-damage|p1a: Slowking|0 fnt
|faint|p1a: Slowking
|
|-end|p2a: Gerald|move: Future Sight
|-damage|p2a: Gerald|37/100
|-heal|p2a: Gerald|43/100|[from] item: Leftovers
|upkeep
|
|t:|1758342037
|switch|p1a: Moltres|Moltres-Galar|100/100
|turn|23
|
|t:|1758342040
|move|p2a: Gerald|Thunderclap|p1a: Moltres
|-supereffective|p1a: Moltres
|-damage|p1a: Moltres|0 fnt
|faint|p1a: Moltres
|
|-heal|p2a: Gerald|49/100|[from] item: Leftovers
|upkeep
|
|t:|1758342042
|switch|p1a: Regidrago|Regidrago|100/100
|turn|24
|-message|doodieray forfeited.
|
|win|Chronos556
|raw|doodieray's rating: 1431 &rarr; <strong>1410</strong><br />(-21 for losing)
|raw|Chronos556's rating: 1409 &rarr; <strong>1430</strong><br />(+21 for winning)
|l|☆doodieray
|player|p1|
|l|☆Chronos556
|player|p2|
