|j|☆I Am Kang
|j|☆AlphaFaker
|t:|1758317600
|gametype|singles
|player|p1|I Am Kang|hilbert|1041
|player|p2|AlphaFaker|102|1000
|gen|9
|tier|[Gen 9] OU
|rated|
|rule|HP Percentage Mod: HP is shown in percentages
|rule|Endless Battle Clause: Forcing endless battles is banned
|rule|Species Clause: Limit one of each Pokémon
|rule|OHKO Clause: OHKO moves are banned
|rule|Evasion Items Clause: Evasion items are banned
|rule|Evasion Moves Clause: Evasion moves are banned
|rule|Evasion Abilities Clause: Evasion abilities are banned
|rule|Sleep Moves Clause: Sleep-inducing moves are banned
|clearpoke
|poke|p1|Victreebel, F|
|poke|p1|Hawlucha, M|
|poke|p1|Malamar, M|
|poke|p1|Greninja-*, M|
|poke|p1|Delphox, F|
|poke|p1|Chesnaught, M|
|poke|p2|Gengar, F|
|poke|p2|Garchomp, F|
|poke|p2|Volcanion|
|poke|p2|Regigigas|
|poke|p2|Deoxys-Speed|
|poke|p2|Kyurem|
|teampreview
|inactive|Battle timer is ON: inactive players will automatically lose when time's up. (requested by I Am Kang)
|
|t:|1758317604
|teamsize|p1|6
|teamsize|p2|6
|start
|switch|p1a: Malamar|Malamar, M|100/100
|switch|p2a: Garchomp|Garchomp, F|100/100
|turn|1
|
|t:|1758317614
|-terastallize|p2a: Garchomp|Dragon
|move|p2a: Garchomp|Draco Meteor|p1a: Malamar
|-damage|p1a: Malamar|35/100
|-unboost|p2a: Garchomp|spa|2
|move|p1a: Malamar|Superpower|p2a: Garchomp
|-damage|p2a: Garchomp|65/100
|-boost|p1a: Malamar|atk|1
|-boost|p1a: Malamar|def|1
|-damage|p1a: Malamar|23/100|[from] ability: Rough Skin|[of] p2a: Garchomp
|
|upkeep
|turn|2
|
|t:|1758317625
|move|p2a: Garchomp|Draco Meteor|p1a: Malamar|[miss]
|-miss|p2a: Garchomp|p1a: Malamar
|move|p1a: Malamar|Psycho Cut|p2a: Garchomp
|-damage|p2a: Garchomp|18/100
|
|upkeep
|turn|3
|
|t:|1758317631
|move|p1a: Malamar|Protect|p1a: Malamar
|-singleturn|p1a: Malamar|Protect
|move|p2a: Garchomp|Draco Meteor|p1a: Malamar
|-activate|p1a: Malamar|move: Protect
|
|upkeep
|turn|4
|
|t:|1758317637
|move|p2a: Garchomp|Draco Meteor|p1a: Malamar
|-damage|p1a: Malamar|0 fnt
|-unboost|p2a: Garchomp|spa|2
|faint|p1a: Malamar
|
|upkeep
|
|t:|1758317642
|switch|p1a: Greninja|Greninja, M|100/100
|turn|5
|
|t:|1758317646
|switch|p2a: Volcanion|Volcanion|100/100
|move|p1a: Greninja|Water Shuriken|p2a: Volcanion
|-immune|p2a: Volcanion|[from] ability: Water Absorb
|
|upkeep
|turn|6
|
|t:|1758317655
|switch|p1a: Delphox|Delphox, F|100/100
|move|p2a: Volcanion|Wild Charge|p1a: Delphox
|-damage|p1a: Delphox|61/100
|-damage|p2a: Volcanion|92/100|[from] Recoil
|
|upkeep
|turn|7
|
|t:|1758317664
|move|p1a: Delphox|Psychic|p2a: Volcanion
|-damage|p2a: Volcanion|44/100
|move|p2a: Volcanion|Steam Eruption|p1a: Delphox
|-supereffective|p1a: Delphox
|-damage|p1a: Delphox|0 fnt
|faint|p1a: Delphox
|
|upkeep
|
|t:|1758317672
|switch|p1a: Hawlucha|Hawlucha, M|100/100
|turn|8
|
|t:|1758317675
|move|p1a: Hawlucha|High Jump Kick|p2a: Volcanion
|-damage|p2a: Volcanion|0 fnt
|faint|p2a: Volcanion
|
|upkeep
|
|t:|1758317679
|switch|p2a: Garchomp|Garchomp, F, tera:Dragon|18/100
|turn|9
|
|t:|1758317683
|move|p2a: Garchomp|Poison Jab|p1a: Hawlucha
|-damage|p1a: Hawlucha|60/100
|move|p1a: Hawlucha|Flying Press|p2a: Garchomp
|-damage|p2a: Garchomp|0 fnt
|-damage|p1a: Hawlucha|47/100|[from] ability: Rough Skin|[of] p2a: Garchomp
|-enditem|p1a: Hawlucha|Sitrus Berry|[eat]
|-heal|p1a: Hawlucha|72/100|[from] item: Sitrus Berry
|faint|p2a: Garchomp
|
|upkeep
|
|t:|1758317695
|switch|p2a: Regigigas|Regigigas|100/100
|-start|p2a: Regigigas|ability: Slow Start
|turn|10
|
|t:|1758317703
|move|p1a: Hawlucha|Flying Press|p2a: Regigigas
|-supereffective|p2a: Regigigas
|-damage|p2a: Regigigas|21/100
|move|p2a: Regigigas|Zen Headbutt|p1a: Hawlucha
|-supereffective|p1a: Hawlucha
|-damage|p1a: Hawlucha|32/100
|
|upkeep
|turn|11
|
|t:|1758317709
|move|p1a: Hawlucha|High Jump Kick|p2a: Regigigas
|-supereffective|p2a: Regigigas
|-damage|p2a: Regigigas|0 fnt
|faint|p2a: Regigigas
|
|upkeep
|
|t:|1758317714
|switch|p2a: Deoxys|Deoxys-Speed|100/100
|-ability|p2a: Deoxys|Pressure
|turn|12
|
|t:|1758317719
|move|p1a: Hawlucha|Throat Chop|p2a: Deoxys
|-supereffective|p2a: Deoxys
|-damage|p2a: Deoxys|44/100
|-start|p2a: Deoxys|Throat Chop|[silent]
|-damage|p1a: Hawlucha|15/100|[from] item: Rocky Helmet|[of] p2a: Deoxys
|move|p2a: Deoxys|Psycho Boost|p1a: Hawlucha
|-supereffective|p1a: Hawlucha
|-damage|p1a: Hawlucha|0 fnt
|-unboost|p2a: Deoxys|spa|2
|faint|p1a: Hawlucha
|
|upkeep
|
|t:|1758317729
|switch|p1a: Greninja|Greninja, M|100/100
|turn|13
|
|t:|1758317735
|move|p1a: Greninja|Water Shuriken|p2a: Deoxys
|-damage|p2a: Deoxys|34/100
|-damage|p2a: Deoxys|23/100
|-hitcount|p2a: Deoxys|2
|move|p2a: Deoxys|Thunderbolt|p1a: Greninja
|-supereffective|p1a: Greninja
|-damage|p1a: Greninja|67/100
|-status|p1a: Greninja|par
|
|-end|p2a: Deoxys|Throat Chop|[silent]
|upkeep
|turn|14
|
|t:|1758317744
|move|p1a: Greninja|Water Shuriken|p2a: Deoxys
|-damage|p2a: Deoxys|11/100
|-damage|p2a: Deoxys|0 fnt
|faint|p2a: Deoxys
|-ability|p1a: Greninja|Battle Bond|boost
|-boost|p1a: Greninja|atk|1
|-boost|p1a: Greninja|spa|1
|-boost|p1a: Greninja|spe|1
|-activate|p1a: Greninja|ability: Battle Bond
|-hitcount|p2: Deoxys|2
|
|upkeep
|
|t:|1758317753
|switch|p2a: Gengar|Gengar, F|100/100
|turn|15
|
|t:|1758317757
|move|p1a: Greninja|Night Slash|p2a: Gengar
|-supereffective|p2a: Gengar
|-damage|p2a: Gengar|4/100
|-start|p1a: Greninja|Disable|Night Slash|[from] ability: Cursed Body|[of] p2a: Gengar
|move|p2a: Gengar|Sludge Bomb|p1a: Greninja
|-damage|p1a: Greninja|0 fnt
|faint|p1a: Greninja
|
|upkeep
|
|t:|1758317767
|switch|p1a: Chesnaught|Chesnaught, M|100/100
|turn|16
|
|t:|1758317772
|move|p2a: Gengar|Sludge Bomb|p1a: Chesnaught
|-immune|p1a: Chesnaught|[from] ability: Bulletproof
|move|p1a: Chesnaught|Thunder Punch|p2a: Gengar
|-damage|p2a: Gengar|0 fnt
|-start|p1a: Chesnaught|Disable|Thunder Punch|[from] ability: Cursed Body|[of] p2a: Gengar
|faint|p2a: Gengar
|
|upkeep
|
|t:|1758317780
|switch|p2a: Kyurem|Kyurem|100/100
|-ability|p2a: Kyurem|Pressure
|turn|17
|
|t:|1758317784
|move|p2a: Kyurem|Freeze-Dry|p1a: Chesnaught
|-supereffective|p1a: Chesnaught
|-damage|p1a: Chesnaught|29/100
|move|p1a: Chesnaught|Close Combat|p2a: Kyurem
|-supereffective|p2a: Kyurem
|-damage|p2a: Kyurem|10/100
|-unboost|p1a: Chesnaught|def|1
|-unboost|p1a: Chesnaught|spd|1
|
|upkeep
|turn|18
|
|t:|1758317793
|move|p2a: Kyurem|Freeze-Dry|p1a: Chesnaught
|-supereffective|p1a: Chesnaught
|-damage|p1a: Chesnaught|0 fnt
|faint|p1a: Chesnaught
|
|upkeep
|
|t:|1758317797
|switch|p1a: Victreebel|Victreebel, F|100/100
|turn|19
|
|t:|1758317801
|-terastallize|p1a: Victreebel|Grass
|move|p2a: Kyurem|Freeze-Dry|p1a: Victreebel
|-supereffective|p1a: Victreebel
|-damage|p1a: Victreebel|0 fnt
|faint|p1a: Victreebel
|
|win|AlphaFaker
|raw|I Am Kang's rating: 1041 &rarr; <strong>1023</strong><br />(-18 for losing)
|raw|AlphaFaker's rating: 1000 &rarr; <strong>1045</strong><br />(+45 for winning)
