|j|☆Sleo2123
|j|☆huang_zong
|t:|1758376013
|gametype|singles
|player|p1|Sleo2123|2|1304
|player|p2|huang_zong|1|1254
|gen|9
|tier|[Gen 9] OU
|rated|
|rule|HP Percentage Mod: HP is shown in percentages
|rule|Endless Battle Clause: Forcing endless battles is banned
|rule|Species Clause: Limit one of each Pokémon
|rule|OHKO Clause: OHKO moves are banned
|rule|Evasion Items Clause: Evasion items are banned
|rule|Evasion Moves Clause: Evasion moves are banned
|rule|Evasion Abilities Clause: Evasion abilities are banned
|rule|Sleep Moves Clause: Sleep-inducing moves are banned
|clearpoke
|poke|p1|Zapdos|
|poke|p1|Scizor, F|
|poke|p1|Ogerpon-Wellspring, F|
|poke|p1|Slowking-Galar, F|
|poke|p1|Great Tusk|
|poke|p1|Dragonite, F|
|poke|p2|Torkoal, F|
|poke|p2|Walking Wake|
|poke|p2|Great Tusk|
|poke|p2|Brute Bonnet|
|poke|p2|Scizor, F|
|poke|p2|Corviknight, M|
|teampreview
|
|t:|1758376025
|teamsize|p1|6
|teamsize|p2|6
|start
|switch|p1a: Ogerpon|Ogerpon-Wellspring, F|100/100
|switch|p2a: Great Tusk|Great Tusk|100/100
|turn|1
|
|t:|1758376052
|-end|p2a: Great Tusk|Protosynthesis|[silent]
|switch|p2a: Torkoal|Torkoal, F|100/100
|-weather|SunnyDay|[from] ability: Drought|[of] p2a: Torkoal
|move|p1a: Ogerpon|Swords Dance|p1a: Ogerpon
|-boost|p1a: Ogerpon|atk|2
|
|-weather|SunnyDay|[upkeep]
|upkeep
|turn|2
|
|t:|1758376068
|switch|p2a: Brute Bonnet|Brute Bonnet|100/100
|-activate|p2a: Brute Bonnet|ability: Protosynthesis
|-start|p2a: Brute Bonnet|protosynthesisatk
|move|p1a: Ogerpon|Swords Dance|p1a: Ogerpon
|-boost|p1a: Ogerpon|atk|2
|
|-weather|SunnyDay|[upkeep]
|upkeep
|turn|3
|
|t:|1758376086
|move|p1a: Ogerpon|Knock Off|p2a: Brute Bonnet
|-resisted|p2a: Brute Bonnet
|-damage|p2a: Brute Bonnet|51/100
|-enditem|p2a: Brute Bonnet|Leftovers|[from] move: Knock Off|[of] p1a: Ogerpon
|move|p2a: Brute Bonnet|Close Combat|p1a: Ogerpon
|-damage|p1a: Ogerpon|30/100
|-unboost|p2a: Brute Bonnet|def|1
|-unboost|p2a: Brute Bonnet|spd|1
|
|-weather|SunnyDay|[upkeep]
|upkeep
|turn|4
|
|t:|1758376101
|move|p2a: Brute Bonnet|Sucker Punch|p1a: Ogerpon
|-damage|p1a: Ogerpon|0 fnt
|faint|p1a: Ogerpon
|
|-weather|SunnyDay|[upkeep]
|upkeep
|
|t:|1758376106
|switch|p1a: Zapdos|Zapdos|100/100
|-ability|p1a: Zapdos|Pressure
|turn|5
|
|t:|1758376112
|-end|p2a: Brute Bonnet|Protosynthesis|[silent]
|switch|p2a: Walking Wake|Walking Wake|100/100
|-activate|p2a: Walking Wake|ability: Protosynthesis
|-start|p2a: Walking Wake|protosynthesisspa
|move|p1a: Zapdos|Heat Wave|p2a: Walking Wake
|-resisted|p2a: Walking Wake
|-damage|p2a: Walking Wake|87/100
|
|-weather|SunnyDay|[upkeep]
|upkeep
|turn|6
|
|t:|1758376127
|move|p2a: Walking Wake|Draco Meteor|p1a: Zapdos
|-damage|p1a: Zapdos|15/100
|-unboost|p2a: Walking Wake|spa|2
|move|p1a: Zapdos|Volt Switch|p2a: Walking Wake
|-damage|p2a: Walking Wake|45/100
|
|t:|1758376135
|switch|p1a: Slowking|Slowking-Galar, F|100/100|[from] Volt Switch
|
|-weather|SunnyDay|[upkeep]
|upkeep
|turn|7
|
|t:|1758376144
|-end|p2a: Walking Wake|Protosynthesis|[silent]
|switch|p2a: Scizor|Scizor, F|100/100
|move|p1a: Slowking|Psychic Noise|p2a: Scizor
|-resisted|p2a: Scizor
|-damage|p2a: Scizor|79/100
|-start|p2a: Scizor|move: Heal Block
|
|-weather|SunnyDay|[upkeep]
|upkeep
|turn|8
|
|t:|1758376154
|move|p2a: Scizor|Knock Off|p1a: Slowking
|-supereffective|p1a: Slowking
|-damage|p1a: Slowking|35/100
|-enditem|p1a: Slowking|Assault Vest|[from] move: Knock Off|[of] p2a: Scizor
|move|p1a: Slowking|Flamethrower|p2a: Scizor
|-supereffective|p2a: Scizor
|-crit|p2a: Scizor
|-damage|p2a: Scizor|0 fnt
|faint|p2a: Scizor
|
|-weather|none
|upkeep
|
|t:|1758376167
|switch|p2a: Torkoal|Torkoal, F|100/100
|-weather|SunnyDay|[from] ability: Drought|[of] p2a: Torkoal
|turn|9
|
|t:|1758376184
|move|p1a: Slowking|Sludge Bomb|p2a: Torkoal
|-damage|p2a: Torkoal|47/100
|move|p2a: Torkoal|Stealth Rock|p1a: Slowking
|-sidestart|p1: Sleo2123|move: Stealth Rock
|
|-weather|SunnyDay|[upkeep]
|upkeep
|turn|10
|
|t:|1758376192
|switch|p2a: Great Tusk|Great Tusk|100/100
|-activate|p2a: Great Tusk|ability: Protosynthesis
|-start|p2a: Great Tusk|protosynthesisatk
|move|p1a: Slowking|Sludge Bomb|p2a: Great Tusk
|-resisted|p2a: Great Tusk
|-damage|p2a: Great Tusk|72/100
|
|-weather|SunnyDay|[upkeep]
|-heal|p2a: Great Tusk|78/100|[from] item: Leftovers
|upkeep
|turn|11
|
|t:|1758376204
|switch|p1a: Great Tusk|Great Tusk|100/100
|-damage|p1a: Great Tusk|97/100|[from] Stealth Rock
|-activate|p1a: Great Tusk|ability: Protosynthesis
|-start|p1a: Great Tusk|protosynthesisdef
|move|p2a: Great Tusk|Rapid Spin|p1a: Great Tusk
|-damage|p1a: Great Tusk|90/100
|-boost|p2a: Great Tusk|spe|1
|-damage|p2a: Great Tusk|61/100|[from] item: Rocky Helmet|[of] p1a: Great Tusk
|
|-weather|SunnyDay|[upkeep]
|-heal|p2a: Great Tusk|68/100|[from] item: Leftovers
|upkeep
|turn|12
|
|t:|1758376217
|move|p2a: Great Tusk|Bulk Up|p2a: Great Tusk
|-boost|p2a: Great Tusk|atk|1
|-boost|p2a: Great Tusk|def|1
|move|p1a: Great Tusk|Rapid Spin|p2a: Great Tusk
|-damage|p2a: Great Tusk|61/100
|-boost|p1a: Great Tusk|spe|1
|-sideend|p1: Sleo2123|Stealth Rock|[from] move: Rapid Spin|[of] p1a: Great Tusk
|
|-weather|SunnyDay|[upkeep]
|-heal|p2a: Great Tusk|67/100|[from] item: Leftovers
|upkeep
|turn|13
|
|t:|1758376228
|move|p2a: Great Tusk|Bulk Up|p2a: Great Tusk
|-boost|p2a: Great Tusk|atk|1
|-boost|p2a: Great Tusk|def|1
|move|p1a: Great Tusk|Knock Off|p2a: Great Tusk
|-resisted|p2a: Great Tusk
|-damage|p2a: Great Tusk|62/100
|-enditem|p2a: Great Tusk|Leftovers|[from] move: Knock Off|[of] p1a: Great Tusk
|
|-weather|SunnyDay|[upkeep]
|upkeep
|turn|14
|
|t:|1758376252
|-end|p1a: Great Tusk|Protosynthesis|[silent]
|switch|p1a: Dragonite|Dragonite, F|100/100
|move|p2a: Great Tusk|Ice Spinner|p1a: Dragonite
|-supereffective|p1a: Dragonite
|-damage|p1a: Dragonite|0 fnt
|faint|p1a: Dragonite
|
|-weather|SunnyDay|[upkeep]
|upkeep
|-message|Sleo2123 forfeited.
|
|win|huang_zong
|raw|Sleo2123's rating: 1324 &rarr; <strong>1300</strong><br />(-24 for losing)
|raw|huang_zong's rating: 1254 &rarr; <strong>1284</strong><br />(+30 for winning)
|l|☆Sleo2123
|player|p1|
|l|☆huang_zong
|player|p2|
