|j|☆mansonabuluting
|j|☆Beto1769
|t:|1758301066
|gametype|singles
|player|p1|mansonabuluting|bellelba|1577
|player|p2|Beto1769|erika|1624
|gen|9
|tier|[Gen 9] OU
|rated|
|rule|HP Percentage Mod: HP is shown in percentages
|rule|Endless Battle Clause: Forcing endless battles is banned
|rule|Species Clause: Limit one of each Pokémon
|rule|OHKO Clause: OHKO moves are banned
|rule|Evasion Items Clause: Evasion items are banned
|rule|Evasion Moves Clause: Evasion moves are banned
|rule|Evasion Abilities Clause: Evasion abilities are banned
|rule|Sleep Moves Clause: Sleep-inducing moves are banned
|clearpoke
|poke|p1|Rillaboom, M|
|poke|p1|Hawlucha, M|
|poke|p1|Thundurus-Therian, M|
|poke|p1|Great Tusk|
|poke|p1|Volcanion|
|poke|p1|Goodra-Hisui, F|
|poke|p2|Dragonite, F|
|poke|p2|Zamazenta-*|
|poke|p2|Landorus-Therian, M|
|poke|p2|Gholdengo|
|poke|p2|Darkrai|
|poke|p2|Hatterene, F|
|teampreview
|inactive|Battle timer is ON: inactive players will automatically lose when time's up. (requested by mansonabuluting)
|
|t:|1758301072
|teamsize|p1|6
|teamsize|p2|6
|start
|switch|p1a: Thundurus|Thundurus-Therian, M|100/100
|switch|p2a: Landorus|Landorus-Therian, M|100/100
|-ability|p2a: Landorus|Intimidate|boost
|-unboost|p1a: Thundurus|atk|1
|turn|1
|j| IM AT MY LIMIT
|
|t:|1758301102
|switch|p1a: Rillaboom|Rillaboom, M|100/100
|-fieldstart|move: Grassy Terrain|[from] ability: Grassy Surge|[of] p1a: Rillaboom
|move|p2a: Landorus|Stealth Rock|p1a: Rillaboom
|-sidestart|p1: mansonabuluting|move: Stealth Rock
|
|upkeep
|turn|2
|
|t:|1758301109
|move|p2a: Landorus|U-turn|p1a: Rillaboom
|-supereffective|p1a: Rillaboom
|-damage|p1a: Rillaboom|62/100
|
|t:|1758301119
|switch|p2a: Gholdengo|Gholdengo|100/100|[from] U-turn
|move|p1a: Rillaboom|Wood Hammer|p2a: Gholdengo
|-resisted|p2a: Gholdengo
|-damage|p2a: Gholdengo|37/100
|-damage|p1a: Rillaboom|44/100|[from] Recoil
|
|-heal|p2a: Gholdengo|43/100|[from] Grassy Terrain
|-heal|p1a: Rillaboom|50/100|[from] Grassy Terrain
|upkeep
|turn|3
|
|t:|1758301126
|move|p2a: Gholdengo|Recover|p2a: Gholdengo
|-heal|p2a: Gholdengo|93/100
|move|p1a: Rillaboom|Wood Hammer|p2a: Gholdengo
|-resisted|p2a: Gholdengo
|-damage|p2a: Gholdengo|30/100
|-damage|p1a: Rillaboom|32/100|[from] Recoil
|
|-heal|p2a: Gholdengo|36/100|[from] Grassy Terrain
|-heal|p1a: Rillaboom|38/100|[from] Grassy Terrain
|upkeep
|turn|4
|
|t:|1758301131
|switch|p1a: Goodra|Goodra-Hisui, F|100/100
|-damage|p1a: Goodra|94/100|[from] Stealth Rock
|move|p2a: Gholdengo|Recover|p2a: Gholdengo
|-heal|p2a: Gholdengo|87/100
|
|-heal|p2a: Gholdengo|93/100|[from] Grassy Terrain
|-heal|p1a: Goodra|100/100|[from] Grassy Terrain
|upkeep
|turn|5
|inactive|Beto1769 has 120 seconds left.
|
|t:|1758301162
|switch|p2a: Landorus|Landorus-Therian, M|100/100
|-ability|p2a: Landorus|Intimidate|boost
|-unboost|p1a: Goodra|atk|1
|move|p1a: Goodra|Flamethrower|p2a: Landorus
|-damage|p2a: Landorus|74/100
|
|-fieldend|move: Grassy Terrain
|upkeep
|turn|6
|
|t:|1758301173
|switch|p1a: Thundurus|Thundurus-Therian, M|100/100
|-damage|p1a: Thundurus|76/100|[from] Stealth Rock
|move|p2a: Landorus|Earthquake|p1a: Thundurus
|-immune|p1a: Thundurus
|
|upkeep
|turn|7
|
|t:|1758301178
|switch|p2a: Hatterene|Hatterene, F|100/100
|-terastallize|p1a: Thundurus|Flying
|move|p1a: Thundurus|Tera Blast|p2a: Hatterene|[anim] Tera Blast Flying
|-damage|p2a: Hatterene|59/100
|
|upkeep
|turn|8
|
|t:|1758301185
|switch|p1a: Goodra|Goodra-Hisui, F|100/100
|-damage|p1a: Goodra|94/100|[from] Stealth Rock
|move|p2a: Hatterene|Draining Kiss|p1a: Goodra
|-damage|p1a: Goodra|82/100
|-heal|p2a: Hatterene|70/100|[from] drain|[of] p1a: Goodra
|-ability|p1a: Goodra|Gooey
|-unboost|p2a: Hatterene|spe|1
|
|upkeep
|turn|9
|
|t:|1758301193
|switch|p2a: Landorus|Landorus-Therian, M|74/100
|-ability|p2a: Landorus|Intimidate|boost
|-unboost|p1a: Goodra|atk|1
|move|p1a: Goodra|Flash Cannon|p2a: Landorus
|-damage|p2a: Landorus|40/100
|
|upkeep
|turn|10
|
|t:|1758301204
|switch|p1a: Thundurus|Thundurus-Therian, M, tera:Flying|76/100
|-damage|p1a: Thundurus|51/100|[from] Stealth Rock
|move|p2a: Landorus|U-turn|p1a: Thundurus
|-resisted|p1a: Thundurus
|-damage|p1a: Thundurus|36/100
|
|t:|1758301211
|switch|p2a: Darkrai|Darkrai|100/100|[from] U-turn
|
|upkeep
|turn|11
|
|t:|1758301217
|move|p1a: Thundurus|Volt Switch|p2a: Darkrai
|-damage|p2a: Darkrai|48/100
|
|t:|1758301220
|switch|p1a: Goodra|Goodra-Hisui, F|82/100|[from] Volt Switch
|-damage|p1a: Goodra|76/100|[from] Stealth Rock
|move|p2a: Darkrai|Dark Pulse|p1a: Goodra
|-damage|p1a: Goodra|60/100
|
|upkeep
|turn|12
|
|t:|1758301231
|switch|p2a: Landorus|Landorus-Therian, M|40/100
|-ability|p2a: Landorus|Intimidate|boost
|-unboost|p1a: Goodra|atk|1
|move|p1a: Goodra|Flash Cannon|p2a: Landorus
|-damage|p2a: Landorus|1/100
|-unboost|p2a: Landorus|spd|1
|
|upkeep
|turn|13
|
|t:|1758301238
|switch|p1a: Great Tusk|Great Tusk|100/100
|-damage|p1a: Great Tusk|97/100|[from] Stealth Rock
|move|p2a: Landorus|Earthquake|p1a: Great Tusk
|-damage|p1a: Great Tusk|76/100
|
|upkeep
|turn|14
|inactive|Beto1769 has 120 seconds left.
|
|t:|1758301269
|move|p2a: Landorus|Earthquake|p1a: Great Tusk
|-damage|p1a: Great Tusk|54/100
|move|p1a: Great Tusk|Rapid Spin|p2a: Landorus
|-damage|p2a: Landorus|0 fnt
|-boost|p1a: Great Tusk|spe|1
|-damage|p1a: Great Tusk|38/100|[from] item: Rocky Helmet|[of] p2a: Landorus
|-sideend|p1: mansonabuluting|Stealth Rock|[from] move: Rapid Spin|[of] p1a: Great Tusk
|faint|p2a: Landorus
|
|upkeep
|inactive|Beto1769 has 120 seconds left.
|
|t:|1758301281
|switch|p2a: Hatterene|Hatterene, F|70/100
|turn|15
|
|t:|1758301299
|-end|p1a: Great Tusk|Protosynthesis|[silent]
|switch|p1a: Goodra|Goodra-Hisui, F|60/100
|move|p2a: Hatterene|Psyshock|p1a: Goodra
|-resisted|p1a: Goodra
|-crit|p1a: Goodra
|-damage|p1a: Goodra|31/100
|
|upkeep
|turn|16
|inactive|Beto1769 has 120 seconds left.
|
|t:|1758301320
|move|p1a: Goodra|Flash Cannon|p2a: Hatterene
|-supereffective|p2a: Hatterene
|-damage|p2a: Hatterene|20/100
|move|p2a: Hatterene|Psyshock|p1a: Goodra
|-resisted|p1a: Goodra
|-damage|p1a: Goodra|12/100
|
|upkeep
|turn|17
|inactive|Beto1769 has 120 seconds left.
|l| IM AT MY LIMIT
|
|t:|1758301347
|move|p1a: Goodra|Flash Cannon|p2a: Hatterene
|-supereffective|p2a: Hatterene
|-damage|p2a: Hatterene|0 fnt
|faint|p2a: Hatterene
|
|upkeep
|
|t:|1758301352
|switch|p2a: Darkrai|Darkrai|48/100
|turn|18
|
|t:|1758301356
|move|p2a: Darkrai|Dark Pulse|p1a: Goodra
|-damage|p1a: Goodra|0 fnt
|faint|p1a: Goodra
|
|upkeep
|
|t:|1758301363
|switch|p1a: Rillaboom|Rillaboom, M|38/100
|-fieldstart|move: Grassy Terrain|[from] ability: Grassy Surge|[of] p1a: Rillaboom
|turn|19
|
|t:|1758301367
|switch|p2a: Gholdengo|Gholdengo|93/100
|move|p1a: Rillaboom|Grassy Glide|p2a: Gholdengo
|-resisted|p2a: Gholdengo
|-damage|p2a: Gholdengo|63/100
|
|-heal|p2a: Gholdengo|69/100|[from] Grassy Terrain
|-heal|p1a: Rillaboom|45/100|[from] Grassy Terrain
|upkeep
|turn|20
|
|t:|1758301377
|move|p1a: Rillaboom|Grassy Glide|p2a: Gholdengo
|-resisted|p2a: Gholdengo
|-damage|p2a: Gholdengo|38/100
|move|p2a: Gholdengo|Nasty Plot|p2a: Gholdengo
|-boost|p2a: Gholdengo|spa|2
|
|-heal|p2a: Gholdengo|45/100|[from] Grassy Terrain
|-heal|p1a: Rillaboom|51/100|[from] Grassy Terrain
|upkeep
|turn|21
|
|t:|1758301381
|move|p1a: Rillaboom|Grassy Glide|p2a: Gholdengo
|-resisted|p2a: Gholdengo
|-damage|p2a: Gholdengo|13/100
|move|p2a: Gholdengo|Recover|p2a: Gholdengo
|-heal|p2a: Gholdengo|63/100
|
|-heal|p2a: Gholdengo|69/100|[from] Grassy Terrain
|-heal|p1a: Rillaboom|57/100|[from] Grassy Terrain
|upkeep
|turn|22
|
|t:|1758301394
|switch|p1a: Hawlucha|Hawlucha, M|100/100
|-enditem|p1a: Hawlucha|Grassy Seed
|-boost|p1a: Hawlucha|def|1|[from] item: Grassy Seed
|move|p2a: Gholdengo|Recover|p2a: Gholdengo
|-heal|p2a: Gholdengo|100/100
|
|upkeep
|turn|23
|
|t:|1758301398
|move|p1a: Hawlucha|Acrobatics|p2a: Gholdengo
|-resisted|p2a: Gholdengo
|-damage|p2a: Gholdengo|74/100
|move|p2a: Gholdengo|Thunderbolt|p1a: Hawlucha
|-supereffective|p1a: Hawlucha
|-crit|p1a: Hawlucha
|-damage|p1a: Hawlucha|0 fnt
|faint|p1a: Hawlucha
|
|-heal|p2a: Gholdengo|80/100|[from] Grassy Terrain
|-fieldend|move: Grassy Terrain
|upkeep
|
|t:|1758301405
|switch|p1a: Volcanion|Volcanion|100/100
|turn|24
|
|t:|1758301423
|move|p2a: Gholdengo|Thunderbolt|p1a: Volcanion
|-supereffective|p1a: Volcanion
|-damage|p1a: Volcanion|0 fnt
|faint|p1a: Volcanion
|
|upkeep
|
|t:|1758301442
|switch|p1a: Rillaboom|Rillaboom, M|57/100
|-fieldstart|move: Grassy Terrain|[from] ability: Grassy Surge|[of] p1a: Rillaboom
|turn|25
|
|t:|1758301445
|move|p2a: Gholdengo|Make It Rain|p1a: Rillaboom
|-damage|p1a: Rillaboom|0 fnt
|-unboost|p2a: Gholdengo|spa|1
|faint|p1a: Rillaboom
|
|-heal|p2a: Gholdengo|86/100|[from] Grassy Terrain
|upkeep
|
|t:|1758301449
|switch|p1a: Great Tusk|Great Tusk|38/100
|turn|26
|
|t:|1758301453
|move|p2a: Gholdengo|Make It Rain|p1a: Great Tusk
|-damage|p1a: Great Tusk|0 fnt
|-unboost|p2a: Gholdengo|spa|1
|faint|p1a: Great Tusk
|-end|p1a: Great Tusk|Protosynthesis|[silent]
|
|-heal|p2a: Gholdengo|92/100|[from] Grassy Terrain
|upkeep
|c|☆Beto1769|gg
|-message|mansonabuluting forfeited.
|
|win|Beto1769
|raw|mansonabuluting's rating: 1577 &rarr; <strong>1560</strong><br />(-17 for losing)
|raw|Beto1769's rating: 1624 &rarr; <strong>1641</strong><br />(+17 for winning)
|l|☆mansonabuluting
|player|p1|
|l|☆Beto1769
|player|p2|
