|j|☆sf3isbetteranyway
|j|☆John Mahmoud
|t:|1758291807
|gametype|singles
|player|p1|sf3isbetteranyway|2|1284
|player|p2|John Mahmoud|102|1247
|gen|9
|tier|[Gen 9] OU
|rated|
|rule|HP Percentage Mod: HP is shown in percentages
|rule|Endless Battle Clause: Forcing endless battles is banned
|rule|Species Clause: Limit one of each Pokémon
|rule|OHKO Clause: OHKO moves are banned
|rule|Evasion Items Clause: Evasion items are banned
|rule|Evasion Moves Clause: Evasion moves are banned
|rule|Evasion Abilities Clause: Evasion abilities are banned
|rule|Sleep Moves Clause: Sleep-inducing moves are banned
|clearpoke
|poke|p1|Kingambit, F|
|poke|p1|Cinderace, F|
|poke|p1|Iron Valiant|
|poke|p1|Dondozo, F|
|poke|p1|Darkrai|
|poke|p1|Landorus-Therian, M|
|poke|p2|Great Tusk|
|poke|p2|Azumarill, F|
|poke|p2|Iron Crown|
|poke|p2|Zapdos|
|poke|p2|Cinderace, M|
|poke|p2|Dragapult, M|
|teampreview
|
|t:|1758291840
|teamsize|p1|6
|teamsize|p2|6
|start
|switch|p1a: Landorus|Landorus-Therian, M|100/100
|switch|p2a: Gros corn|Great Tusk|100/100
|-ability|p1a: Landorus|Intimidate|boost
|-unboost|p2a: Gros corn|atk|1
|turn|1
|
|t:|1758291848
|move|p1a: Landorus|Stealth Rock|p2a: Gros corn
|-sidestart|p2: John Mahmoud|move: Stealth Rock
|move|p2a: Gros corn|Rapid Spin|p1a: Landorus
|-damage|p1a: Landorus|91/100
|-boost|p2a: Gros corn|spe|1
|-damage|p2a: Gros corn|84/100|[from] item: Rocky Helmet|[of] p1a: Landorus
|-sideend|p2: John Mahmoud|Stealth Rock|[from] move: Rapid Spin|[of] p2a: Gros corn
|
|upkeep
|turn|2
|
|t:|1758291855
|move|p2a: Gros corn|Ice Spinner|p1a: Landorus
|-supereffective|p1a: Landorus
|-damage|p1a: Landorus|39/100
|-damage|p2a: Gros corn|67/100|[from] item: Rocky Helmet|[of] p1a: Landorus
|move|p1a: Landorus|Stealth Rock|p2a: Gros corn
|-sidestart|p2: John Mahmoud|move: Stealth Rock
|
|upkeep
|turn|3
|
|t:|1758291862
|move|p2a: Gros corn|Rapid Spin|p1a: Landorus
|-damage|p1a: Landorus|30/100
|-boost|p2a: Gros corn|spe|1
|-damage|p2a: Gros corn|51/100|[from] item: Rocky Helmet|[of] p1a: Landorus
|-sideend|p2: John Mahmoud|Stealth Rock|[from] move: Rapid Spin|[of] p2a: Gros corn
|move|p1a: Landorus|Earthquake|p2a: Gros corn
|-damage|p2a: Gros corn|22/100
|
|upkeep
|turn|4
|
|t:|1758291871
|move|p2a: Gros corn|Ice Spinner|p1a: Landorus
|-supereffective|p1a: Landorus
|-damage|p1a: Landorus|0 fnt
|-damage|p2a: Gros corn|6/100|[from] item: Rocky Helmet|[of] p1a: Landorus
|faint|p1a: Landorus
|
|upkeep
|
|t:|1758291877
|switch|p1a: Darkrai|Darkrai|100/100
|turn|5
|
|t:|1758291881
|move|p1a: Darkrai|Dark Pulse|p2a: Gros corn
|-resisted|p2a: Gros corn
|-damage|p2a: Gros corn|0 fnt
|faint|p2a: Gros corn
|-end|p2a: Gros corn|Protosynthesis|[silent]
|
|upkeep
|
|t:|1758291889
|switch|p2a: Bitenbois|Azumarill, F|100/100
|turn|6
|c|☆sf3isbetteranyway|oeoe bitenbois
|
|t:|1758291902
|switch|p1a: Dondozo|Dondozo, F|100/100
|move|p2a: Bitenbois|Play Rough|p1a: Dondozo
|-damage|p1a: Dondozo|64/100
|-unboost|p1a: Dondozo|atk|1
|
|-heal|p1a: Dondozo|70/100|[from] item: Leftovers
|upkeep
|turn|7
|
|t:|1758291912
|switch|p2a: Joe Yabuki|Zapdos|100/100
|move|p1a: Dondozo|Curse|p1a: Dondozo
|-unboost|p1a: Dondozo|spe|1
|-boost|p1a: Dondozo|atk|1
|-boost|p1a: Dondozo|def|1
|
|-heal|p1a: Dondozo|76/100|[from] item: Leftovers
|upkeep
|turn|8
|
|t:|1758291921
|switch|p1a: Cinderace|Cinderace, F|100/100
|move|p2a: Joe Yabuki|Thunder|p1a: Cinderace
|-damage|p1a: Cinderace|24/100
|-status|p1a: Cinderace|par
|
|upkeep
|turn|9
|c|☆John Mahmoud|Dsl le hax
|
|t:|1758291941
|move|p1a: Cinderace|Sucker Punch|p2a: Joe Yabuki
|-start|p1a: Cinderace|typechange|Dark|[from] ability: Libero
|-damage|p2a: Joe Yabuki|67/100
|move|p2a: Joe Yabuki|Volt Switch|p1a: Cinderace
|-damage|p1a: Cinderace|0 fnt
|faint|p1a: Cinderace
|
|t:|1758291960
|switch|p2a: Désiré Doué|Cinderace, M|100/100|[from] Volt Switch
|
|upkeep
|
|t:|1758291971
|switch|p1a: Dondozo|Dondozo, F|76/100
|turn|10
|c|☆sf3isbetteranyway|tu controles pas le haxx y a R
|
|t:|1758291982
|move|p2a: Désiré Doué|Gunk Shot|p1a: Dondozo|[miss]
|-start|p2a: Désiré Doué|typechange|Poison|[from] ability: Libero
|-miss|p2a: Désiré Doué|p1a: Dondozo
|move|p1a: Dondozo|Curse|p1a: Dondozo
|-unboost|p1a: Dondozo|spe|1
|-boost|p1a: Dondozo|atk|1
|-boost|p1a: Dondozo|def|1
|
|-heal|p1a: Dondozo|82/100|[from] item: Leftovers
|upkeep
|turn|11
|
|t:|1758291992
|move|p2a: Désiré Doué|U-turn|p1a: Dondozo
|-damage|p1a: Dondozo|76/100
|
|t:|1758291996
|switch|p2a: Joe Yabuki|Zapdos|67/100|[from] U-turn
|move|p1a: Dondozo|Curse|p1a: Dondozo
|-unboost|p1a: Dondozo|spe|1
|-boost|p1a: Dondozo|atk|1
|-boost|p1a: Dondozo|def|1
|
|-heal|p1a: Dondozo|82/100|[from] item: Leftovers
|upkeep
|turn|12
|
|t:|1758292016
|-terastallize|p1a: Dondozo|Fairy
|move|p2a: Joe Yabuki|Thunder|p1a: Dondozo
|-damage|p1a: Dondozo|24/100
|move|p1a: Dondozo|Wave Crash|p2a: Joe Yabuki
|-damage|p2a: Joe Yabuki|0 fnt
|-status|p1a: Dondozo|par|[from] ability: Static|[of] p2a: Joe Yabuki
|faint|p2a: Joe Yabuki
|-damage|p1a: Dondozo|7/100 par|[from] Recoil
|
|-heal|p1a: Dondozo|13/100 par|[from] item: Leftovers
|upkeep
|
|t:|1758292030
|switch|p2a: Dragaput|Dragapult, M|100/100
|turn|13
|
|t:|1758292041
|move|p2a: Dragaput|Shadow Ball|p1a: Dondozo
|-crit|p1a: Dondozo
|-damage|p1a: Dondozo|0 fnt
|faint|p1a: Dondozo
|
|upkeep
|
|t:|1758292044
|switch|p1a: Iron Valiant|Iron Valiant|100/100
|-enditem|p1a: Iron Valiant|Booster Energy
|-activate|p1a: Iron Valiant|ability: Quark Drive|[fromitem]
|-start|p1a: Iron Valiant|quarkdrivespe
|turn|14
|
|t:|1758292055
|-terastallize|p2a: Dragaput|Ghost
|move|p1a: Iron Valiant|Calm Mind|p1a: Iron Valiant
|-boost|p1a: Iron Valiant|spa|1
|-boost|p1a: Iron Valiant|spd|1
|move|p2a: Dragaput|Shadow Ball|p1a: Iron Valiant
|-damage|p1a: Iron Valiant|22/100
|
|upkeep
|turn|15
|
|t:|1758292065
|move|p1a: Iron Valiant|Shadow Ball|p2a: Dragaput
|-supereffective|p2a: Dragaput
|-damage|p2a: Dragaput|0 fnt
|faint|p2a: Dragaput
|
|upkeep
|
|t:|1758292072
|switch|p2a: Bitenbois|Azumarill, F|100/100
|turn|16
|
|t:|1758292082
|move|p2a: Bitenbois|Aqua Jet|p1a: Iron Valiant
|-damage|p1a: Iron Valiant|0 fnt
|faint|p1a: Iron Valiant
|-end|p1a: Iron Valiant|Quark Drive|[silent]
|
|upkeep
|
|t:|1758292091
|switch|p1a: Darkrai|Darkrai|100/100
|turn|17
|
|t:|1758292098
|switch|p2a: Miraculous|Iron Crown|100/100
|-enditem|p2a: Miraculous|Booster Energy
|-activate|p2a: Miraculous|ability: Quark Drive|[fromitem]
|-start|p2a: Miraculous|quarkdrivespe
|move|p1a: Darkrai|Sludge Bomb|p2a: Miraculous
|-immune|p2a: Miraculous
|
|upkeep
|turn|18
|
|t:|1758292114
|switch|p1a: Kingambit|Kingambit, F|100/100
|-activate|p1a: Kingambit|ability: Supreme Overlord
|-start|p1a: Kingambit|fallen4|[silent]
|move|p2a: Miraculous|Calm Mind|p2a: Miraculous
|-boost|p2a: Miraculous|spa|1
|-boost|p2a: Miraculous|spd|1
|
|upkeep
|turn|19
|
|t:|1758292123
|move|p2a: Miraculous|Focus Blast|p1a: Kingambit
|-supereffective|p1a: Kingambit
|-damage|p1a: Kingambit|0 fnt
|faint|p1a: Kingambit
|-end|p1a: Kingambit|fallen4|[silent]
|
|upkeep
|
|t:|1758292125
|switch|p1a: Darkrai|Darkrai|100/100
|turn|20
|
|t:|1758292133
|move|p1a: Darkrai|Dark Pulse|p2a: Miraculous
|-supereffective|p2a: Miraculous
|-damage|p2a: Miraculous|48/100
|cant|p2a: Miraculous|flinch
|
|upkeep
|turn|21
|c|☆sf3isbetteranyway|gg
|
|t:|1758292143
|move|p1a: Darkrai|Dark Pulse|p2a: Miraculous
|-supereffective|p2a: Miraculous
|-damage|p2a: Miraculous|0 fnt
|faint|p2a: Miraculous
|-end|p2a: Miraculous|Quark Drive|[silent]
|
|upkeep
|
|t:|1758292148
|switch|p2a: Bitenbois|Azumarill, F|100/100
|turn|22
|
|t:|1758292152
|move|p1a: Darkrai|Dark Pulse|p2a: Bitenbois
|-resisted|p2a: Bitenbois
|-damage|p2a: Bitenbois|81/100
|move|p2a: Bitenbois|Play Rough|p1a: Darkrai
|-supereffective|p1a: Darkrai
|-damage|p1a: Darkrai|0 fnt
|faint|p1a: Darkrai
|
|win|John Mahmoud
|raw|sf3isbetteranyway's rating: 1284 &rarr; <strong>1256</strong><br />(-28 for losing)
|raw|John Mahmoud's rating: 1247 &rarr; <strong>1275</strong><br />(+28 for winning)
|c|☆John Mahmoud|Gg
|l|☆sf3isbetteranyway
|player|p1|
