|j|☆DJGuerra
|j|☆Rohit-Majum
|t:|1758342174
|gametype|singles
|player|p1|DJGuerra|maid|1381
|player|p2|Rohit-Majum|266|1361
|gen|9
|tier|[Gen 9] OU
|rated|
|rule|HP Percentage Mod: HP is shown in percentages
|rule|Endless Battle Clause: Forcing endless battles is banned
|rule|Species Clause: Limit one of each Pokémon
|rule|OHKO Clause: OHKO moves are banned
|rule|Evasion Items Clause: Evasion items are banned
|rule|Evasion Moves Clause: Evasion moves are banned
|rule|Evasion Abilities Clause: Evasion abilities are banned
|rule|Sleep Moves Clause: Sleep-inducing moves are banned
|clearpoke
|poke|p1|Rotom-Wash|
|poke|p1|Corviknight, F|
|poke|p1|Clodsire, F|
|poke|p1|Dragonite, M|
|poke|p1|Iron Valiant|
|poke|p1|Skeledirge, F|
|poke|p2|Dragapult, M|
|poke|p2|Samurott-Hisui, F|
|poke|p2|Slowking-Galar, M|
|poke|p2|Ogerpon-Wellspring, F|
|poke|p2|Kingambit, M|
|poke|p2|Gliscor, M|
|teampreview
|inactive|Battle timer is ON: inactive players will automatically lose when time's up. (requested by Rohit-Majum)
|
|t:|1758342181
|teamsize|p1|6
|teamsize|p2|6
|start
|switch|p1a: LG|Rotom-Wash|100/100
|switch|p2a: Samurott|Samurott-Hisui, F|100/100
|turn|1
|
|t:|1758342187
|move|p1a: LG|Volt Switch|p2a: Samurott
|-supereffective|p2a: Samurott
|-damage|p2a: Samurott|3/100
|
|t:|1758342191
|switch|p1a: Knightingale|Corviknight, F|100/100|[from] Volt Switch
|move|p2a: Samurott|Flip Turn|p1a: Knightingale
|-damage|p1a: Knightingale|83/100
|-damage|p2a: Samurott|0 fnt|[from] item: Rocky Helmet|[of] p1a: Knightingale
|faint|p2a: Samurott
|
|upkeep
|
|t:|1758342201
|switch|p2a: Dragapult|Dragapult, M|100/100
|turn|2
|
|t:|1758342211
|move|p2a: Dragapult|Thunderbolt|p1a: Knightingale
|-supereffective|p1a: Knightingale
|-damage|p1a: Knightingale|5/100
|-status|p1a: Knightingale|par
|cant|p1a: Knightingale|par
|
|upkeep
|turn|3
|
|t:|1758342220
|switch|p1a: Clodette|Clodsire, F|100/100
|move|p2a: Dragapult|Thunderbolt|p1a: Clodette
|-immune|p1a: Clodette
|
|upkeep
|turn|4
|
|t:|1758342228
|switch|p2a: Gliscor|Gliscor, M|100/100
|switch|p1a: LG|Rotom-Wash|100/100
|
|-status|p2a: Gliscor|tox|[from] item: Toxic Orb
|upkeep
|turn|5
|
|t:|1758342236
|switch|p2a: Slowking|Slowking-Galar, M|100/100
|move|p1a: LG|Trick|p2a: Slowking
|-activate|p1a: LG|move: Trick|[of] p2a: Slowking
|-item|p2a: Slowking|Choice Scarf|[from] move: Trick
|-item|p1a: LG|Heavy-Duty Boots|[from] move: Trick
|
|upkeep
|turn|6
|
|t:|1758342246
|move|p1a: LG|Hydro Pump|p2a: Slowking
|-damage|p2a: Slowking|69/100
|-prepare|p2a: Slowking|Chilly Reception|[premajor]
|move|p2a: Slowking|Chilly Reception|p2a: Slowking
|-weather|Snowscape
|
|t:|1758342255
|switch|p2a: Ogerpon|Ogerpon-Wellspring, F|100/100|[from] Chilly Reception
|
|-weather|Snowscape|[upkeep]
|upkeep
|turn|7
|
|t:|1758342260
|move|p2a: Ogerpon|Encore|p1a: LG
|-start|p1a: LG|Encore
|move|p1a: LG|Hydro Pump|p2a: Ogerpon
|-immune|p2a: Ogerpon|[from] ability: Water Absorb
|
|-weather|Snowscape|[upkeep]
|upkeep
|turn|8
|
|t:|1758342279
|switch|p1a: Knightingale|Corviknight, F|5/100 par
|move|p2a: Ogerpon|Ivy Cudgel|p1a: Knightingale|[anim] Ivy Cudgel Water
|-damage|p1a: Knightingale|0 fnt
|faint|p1a: Knightingale
|
|-weather|Snowscape|[upkeep]
|upkeep
|
|t:|1758342291
|switch|p1a: Mailboy|Dragonite, M|100/100
|turn|9
|
|t:|1758342300
|move|p2a: Ogerpon|Trailblaze|p1a: Mailboy
|-resisted|p1a: Mailboy
|-damage|p1a: Mailboy|96/100
|-boost|p2a: Ogerpon|spe|1
|move|p1a: Mailboy|Scale Shot|p2a: Ogerpon
|-damage|p2a: Ogerpon|83/100
|-damage|p2a: Ogerpon|62/100
|-damage|p2a: Ogerpon|42/100
|-damage|p2a: Ogerpon|24/100
|-hitcount|p2a: Ogerpon|4
|-unboost|p1a: Mailboy|def|1
|-boost|p1a: Mailboy|spe|1
|
|-weather|Snowscape|[upkeep]
|upkeep
|turn|10
|
|t:|1758342315
|switch|p2a: Kingambit|Kingambit, M|100/100
|-activate|p2a: Kingambit|ability: Supreme Overlord
|-start|p2a: Kingambit|fallen1|[silent]
|move|p1a: Mailboy|Extreme Speed|p2a: Kingambit
|-resisted|p2a: Kingambit
|-damage|p2a: Kingambit|89/100
|
|-weather|none
|upkeep
|turn|11
|
|t:|1758342340
|move|p1a: Mailboy|Fire Punch|p2a: Kingambit
|-supereffective|p2a: Kingambit
|-damage|p2a: Kingambit|50/100
|move|p2a: Kingambit|Kowtow Cleave|p1a: Mailboy
|-damage|p1a: Mailboy|0 fnt
|faint|p1a: Mailboy
|
|upkeep
|inactive|DJGuerra has 120 seconds left.
|
|t:|1758342353
|switch|p1a: LG|Rotom-Wash|100/100
|turn|12
|
|t:|1758342361
|move|p1a: LG|Will-O-Wisp|p2a: Kingambit
|-status|p2a: Kingambit|brn
|move|p2a: Kingambit|Kowtow Cleave|p1a: LG
|-damage|p1a: LG|54/100
|
|-damage|p2a: Kingambit|44/100 brn|[from] brn
|upkeep
|turn|13
|
|t:|1758342374
|move|p1a: LG|Volt Switch|p2a: Kingambit
|-damage|p2a: Kingambit|14/100 brn
|
|t:|1758342380
|switch|p1a: Clodette|Clodsire, F|100/100|[from] Volt Switch
|move|p2a: Kingambit|Kowtow Cleave|p1a: Clodette
|-damage|p1a: Clodette|65/100
|
|-heal|p1a: Clodette|72/100|[from] item: Leftovers
|-damage|p2a: Kingambit|7/100 brn|[from] brn
|upkeep
|turn|14
|
|t:|1758342390
|move|p2a: Kingambit|Kowtow Cleave|p1a: Clodette
|-damage|p1a: Clodette|37/100
|move|p1a: Clodette|Recover|p1a: Clodette
|-heal|p1a: Clodette|87/100
|
|-heal|p1a: Clodette|93/100|[from] item: Leftovers
|-damage|p2a: Kingambit|1/100 brn|[from] brn
|upkeep
|turn|15
|
|t:|1758342403
|move|p2a: Kingambit|Kowtow Cleave|p1a: Clodette
|-damage|p1a: Clodette|57/100
|move|p1a: Clodette|Recover|p1a: Clodette
|-heal|p1a: Clodette|100/100
|
|-damage|p2a: Kingambit|0 fnt|[from] brn
|faint|p2a: Kingambit
|-end|p2a: Kingambit|fallen1|[silent]
|upkeep
|
|t:|1758342409
|switch|p2a: Ogerpon|Ogerpon-Wellspring, F|24/100
|turn|16
|
|t:|1758342418
|move|p2a: Ogerpon|Encore|p1a: Clodette
|-start|p1a: Clodette|Encore
|move|p1a: Clodette|Recover||[still]
|-fail|p1a: Clodette|heal
|
|upkeep
|turn|17
|
|t:|1758342426
|switch|p1a: LG|Rotom-Wash|54/100
|move|p2a: Ogerpon|Ivy Cudgel|p1a: LG|[anim] Ivy Cudgel Water
|-resisted|p1a: LG
|-damage|p1a: LG|13/100
|
|upkeep
|turn|18
|
|t:|1758342438
|move|p2a: Ogerpon|Trailblaze|p1a: LG
|-supereffective|p1a: LG
|-damage|p1a: LG|0 fnt
|-boost|p2a: Ogerpon|spe|1
|faint|p1a: LG
|
|upkeep
|
|t:|1758342445
|switch|p1a: Skeledirge|Skeledirge, F|100/100
|turn|19
|
|t:|1758342455
|switch|p2a: Gliscor|Gliscor, M|100/100 tox
|-terastallize|p1a: Skeledirge|Fairy
|move|p1a: Skeledirge|Torch Song|p2a: Gliscor
|-damage|p2a: Gliscor|57/100 tox
|-boost|p1a: Skeledirge|spa|1
|
|-heal|p2a: Gliscor|69/100 tox|[from] ability: Poison Heal
|upkeep
|turn|20
|
|t:|1758342471
|move|p2a: Gliscor|Toxic|p1a: Skeledirge
|-status|p1a: Skeledirge|tox
|move|p1a: Skeledirge|Torch Song|p2a: Gliscor
|-damage|p2a: Gliscor|8/100 tox
|-boost|p1a: Skeledirge|spa|1
|
|-heal|p2a: Gliscor|21/100 tox|[from] ability: Poison Heal
|-damage|p1a: Skeledirge|94/100 tox|[from] psn
|upkeep
|turn|21
|
|t:|1758342483
|move|p2a: Gliscor|Protect|p2a: Gliscor
|-singleturn|p2a: Gliscor|Protect
|move|p1a: Skeledirge|Shadow Ball|p2a: Gliscor
|-activate|p2a: Gliscor|move: Protect
|
|-heal|p1a: Skeledirge|100/100 tox|[from] item: Leftovers
|-heal|p2a: Gliscor|33/100 tox|[from] ability: Poison Heal
|-damage|p1a: Skeledirge|88/100 tox|[from] psn
|upkeep
|turn|22
|
|t:|1758342502
|move|p2a: Gliscor|Earthquake|p1a: Skeledirge
|-damage|p1a: Skeledirge|62/100 tox
|move|p1a: Skeledirge|Shadow Ball|p2a: Gliscor
|-damage|p2a: Gliscor|0 fnt
|faint|p2a: Gliscor
|
|-heal|p1a: Skeledirge|68/100 tox|[from] item: Leftovers
|-damage|p1a: Skeledirge|50/100 tox|[from] psn
|upkeep
|
|t:|1758342513
|switch|p2a: Ogerpon|Ogerpon-Wellspring, F|24/100
|turn|23
|
|t:|1758342517
|move|p2a: Ogerpon|Ivy Cudgel|p1a: Skeledirge|[anim] Ivy Cudgel Water
|-damage|p1a: Skeledirge|0 fnt
|faint|p1a: Skeledirge
|
|upkeep
|
|t:|1758342523
|switch|p1a: Clodette|Clodsire, F|100/100
|turn|24
|
|t:|1758342531
|switch|p2a: Slowking|Slowking-Galar, M|100/100
|move|p1a: Clodette|Earthquake|p2a: Slowking
|-supereffective|p2a: Slowking
|-damage|p2a: Slowking|39/100
|
|upkeep
|turn|25
|
|t:|1758342544
|switch|p2a: Ogerpon|Ogerpon-Wellspring, F|24/100
|move|p1a: Clodette|Earthquake|p2a: Ogerpon
|-resisted|p2a: Ogerpon
|-damage|p2a: Ogerpon|5/100
|
|upkeep
|turn|26
|
|t:|1758342555
|move|p2a: Ogerpon|Ivy Cudgel|p1a: Clodette|[anim] Ivy Cudgel Water
|-immune|p1a: Clodette|[from] ability: Water Absorb
|move|p1a: Clodette|Earthquake|p2a: Ogerpon
|-resisted|p2a: Ogerpon
|-damage|p2a: Ogerpon|0 fnt
|faint|p2a: Ogerpon
|
|upkeep
|
|t:|1758342563
|switch|p2a: Slowking|Slowking-Galar, M|72/100
|turn|27
|
|t:|1758342567
|move|p2a: Slowking|Future Sight|p1a: Clodette
|-start|p2a: Slowking|move: Future Sight
|move|p1a: Clodette|Earthquake|p2a: Slowking
|-supereffective|p2a: Slowking
|-damage|p2a: Slowking|18/100
|
|upkeep
|turn|28
|
|t:|1758342575
|switch|p2a: Dragapult|Dragapult, M|100/100
|move|p1a: Clodette|Earthquake|p2a: Dragapult
|-damage|p2a: Dragapult|62/100
|
|upkeep
|turn|29
|
|t:|1758342584
|move|p2a: Dragapult|Draco Meteor|p1a: Clodette
|-damage|p1a: Clodette|55/100
|-unboost|p2a: Dragapult|spa|2
|move|p1a: Clodette|Earthquake|p2a: Dragapult
|-damage|p2a: Dragapult|25/100
|
|-end|p1a: Clodette|move: Future Sight
|-supereffective|p1a: Clodette
|-crit|p1a: Clodette
|-damage|p1a: Clodette|0 fnt
|faint|p1a: Clodette
|upkeep
|
|t:|1758342596
|switch|p1a: Femmebot|Iron Valiant|100/100
|-enditem|p1a: Femmebot|Booster Energy
|-activate|p1a: Femmebot|ability: Quark Drive|[fromitem]
|-start|p1a: Femmebot|quarkdrivespe
|turn|30
|
|t:|1758342604
|switch|p2a: Slowking|Slowking-Galar, M|51/100
|move|p1a: Femmebot|Thunderbolt|p2a: Slowking
|-damage|p2a: Slowking|31/100
|
|upkeep
|turn|31
|
|t:|1758342610
|switch|p2a: Dragapult|Dragapult, M|25/100
|move|p1a: Femmebot|Thunderbolt|p2a: Dragapult
|-resisted|p2a: Dragapult
|-damage|p2a: Dragapult|5/100
|-status|p2a: Dragapult|par
|
|upkeep
|turn|32
|
|t:|1758342619
|switch|p2a: Slowking|Slowking-Galar, M|64/100
|move|p1a: Femmebot|Moonblast|p2a: Slowking
|-resisted|p2a: Slowking
|-damage|p2a: Slowking|48/100
|
|upkeep
|turn|33
|
|t:|1758342626
|switch|p2a: Dragapult|Dragapult, M|5/100 par
|move|p1a: Femmebot|Thunderbolt|p2a: Dragapult
|-resisted|p2a: Dragapult
|-damage|p2a: Dragapult|0 fnt
|faint|p2a: Dragapult
|
|upkeep
|
|t:|1758342631
|switch|p2a: Slowking|Slowking-Galar, M|81/100
|turn|34
|
|t:|1758342636
|move|p1a: Femmebot|Thunderbolt|p2a: Slowking
|-damage|p2a: Slowking|63/100
|move|p2a: Slowking|Future Sight|p1a: Femmebot
|-start|p2a: Slowking|move: Future Sight
|
|upkeep
|turn|35
|
|t:|1758342645
|move|p1a: Femmebot|Thunderbolt|p2a: Slowking
|-damage|p2a: Slowking|42/100
|move|p2a: Slowking|Future Sight||[still]
|-fail|p2a: Slowking
|
|upkeep
|turn|36
|
|t:|1758342652
|move|p1a: Femmebot|Thunderbolt|p2a: Slowking
|-damage|p2a: Slowking|25/100
|move|p2a: Slowking|Future Sight||[still]
|-fail|p2a: Slowking
|
|-end|p1a: Femmebot|move: Future Sight
|-supereffective|p1a: Femmebot
|-damage|p1a: Femmebot|0 fnt
|faint|p1a: Femmebot
|-end|p1a: Femmebot|Quark Drive|[silent]
|
|win|Rohit-Majum
|raw|DJGuerra's rating: 1381 &rarr; <strong>1360</strong><br />(-21 for losing)
|raw|Rohit-Majum's rating: 1361 &rarr; <strong>1382</strong><br />(+21 for winning)
|l|☆Rohit-Majum
|player|p2|
|c|☆DJGuerra|Gg
