|j|☆teamskullenoxa
|j|☆OscarGamble
|t:|1758284564
|gametype|singles
|player|p1|teamskullenoxa|266|1565
|player|p2|OscarGamble|266|1497
|gen|9
|tier|[Gen 9] OU
|rated|
|rule|HP Percentage Mod: HP is shown in percentages
|rule|Endless Battle Clause: Forcing endless battles is banned
|rule|Species Clause: Limit one of each Pokémon
|rule|OHKO Clause: OHKO moves are banned
|rule|Evasion Items Clause: Evasion items are banned
|rule|Evasion Moves Clause: Evasion moves are banned
|rule|Evasion Abilities Clause: Evasion abilities are banned
|rule|Sleep Moves Clause: Sleep-inducing moves are banned
|clearpoke
|poke|p1|Lokix, F|
|poke|p1|Slowking-Galar, M|
|poke|p1|Weavile, F|
|poke|p1|Enamorus, F|
|poke|p1|Alomomola, F|
|poke|p1|Cinderace, M|
|poke|p2|Alomomola, M|
|poke|p2|Hydrapple, F|
|poke|p2|Scizor, M|
|poke|p2|Gholdengo|
|poke|p2|Great Tusk|
|poke|p2|Kyurem|
|teampreview
|
|t:|1758284614
|teamsize|p1|6
|teamsize|p2|6
|start
|switch|p1a: Lokix|Lokix, F|100/100
|switch|p2a: Great Tusk|Great Tusk|100/100
|turn|1
|
|t:|1758284621
|move|p2a: Great Tusk|Stealth Rock|p1a: Lokix
|-sidestart|p1: teamskullenoxa|move: Stealth Rock
|move|p1a: Lokix|U-turn|p2a: Great Tusk
|-resisted|p2a: Great Tusk
|-damage|p2a: Great Tusk|76/100
|
|t:|1758284623
|switch|p1a: Slowking|Slowking-Galar, M|100/100|[from] U-turn
|-damage|p1a: Slowking|88/100|[from] Stealth Rock
|
|upkeep
|turn|2
|
|t:|1758284635
|-end|p2a: Great Tusk|Protosynthesis|[silent]
|switch|p2a: Alomomola|Alomomola, M|100/100
|move|p1a: Slowking|Ice Beam|p2a: Alomomola
|-resisted|p2a: Alomomola
|-damage|p2a: Alomomola|95/100
|
|upkeep
|turn|3
|
|t:|1758284643
|move|p2a: Alomomola|Flip Turn|p1a: Slowking
|-damage|p1a: Slowking|75/100
|
|t:|1758284646
|switch|p2a: Scizor|Scizor, M|100/100|[from] Flip Turn
|move|p1a: Slowking|Future Sight|p2a: Scizor
|-start|p1a: Slowking|move: Future Sight
|
|upkeep
|turn|4
|
|t:|1758284653
|switch|p1a: Alomomola|Alomomola, F|100/100
|-damage|p1a: Alomomola|88/100|[from] Stealth Rock
|move|p2a: Scizor|U-turn|p1a: Alomomola
|-damage|p1a: Alomomola|57/100
|
|t:|1758284662
|switch|p2a: Alomomola|Alomomola, M|100/100|[from] U-turn
|
|upkeep
|turn|5
|
|t:|1758284666
|move|p2a: Alomomola|Scald|p1a: Alomomola
|-resisted|p1a: Alomomola
|-damage|p1a: Alomomola|54/100
|move|p1a: Alomomola|Body Slam|p2a: Alomomola
|-damage|p2a: Alomomola|89/100
|
|-end|p2a: Alomomola|move: Future Sight
|-damage|p2a: Alomomola|67/100
|upkeep
|turn|6
|
|t:|1758284675
|move|p2a: Alomomola|Flip Turn|p1a: Alomomola
|-resisted|p1a: Alomomola
|-damage|p1a: Alomomola|48/100
|
|t:|1758284680
|switch|p2a: Gholdengo|Gholdengo|100/100|[from] Flip Turn
|move|p1a: Alomomola|Flip Turn|p2a: Gholdengo
|-damage|p2a: Gholdengo|82/100
|
|t:|1758284683
|switch|p1a: Cinderace|Cinderace, M|100/100|[from] Flip Turn
|
|upkeep
|turn|7
|
|t:|1758284689
|switch|p2a: Hydrapple|Hydrapple, F|100/100
|move|p1a: Cinderace|Court Change|p1a: Cinderace
|-swapsideconditions
|-activate|p1a: Cinderace|move: Court Change
|
|upkeep
|turn|8
|
|t:|1758284702
|switch|p2a: Alomomola|Alomomola, M|99/100
|-damage|p2a: Alomomola|87/100|[from] Stealth Rock
|move|p1a: Cinderace|U-turn|p2a: Alomomola
|-damage|p2a: Alomomola|73/100
|
|t:|1758284708
|switch|p1a: Weavile|Weavile, F|100/100|[from] U-turn
|-ability|p1a: Weavile|Pressure
|
|upkeep
|turn|9
|
|t:|1758284716
|move|p1a: Weavile|Knock Off|p2a: Alomomola
|-damage|p2a: Alomomola|28/100
|-enditem|p2a: Alomomola|Assault Vest|[from] move: Knock Off|[of] p1a: Weavile
|move|p2a: Alomomola|Scald|p1a: Weavile
|-damage|p1a: Weavile|80/100
|-status|p1a: Weavile|brn
|
|-damage|p1a: Weavile|74/100 brn|[from] brn
|upkeep
|turn|10
|
|t:|1758284731
|move|p1a: Weavile|Knock Off|p2a: Alomomola
|-damage|p2a: Alomomola|11/100
|move|p2a: Alomomola|Flip Turn|p1a: Weavile
|-damage|p1a: Weavile|47/100 brn
|
|t:|1758284740
|switch|p2a: Scizor|Scizor, M|100/100|[from] Flip Turn
|-damage|p2a: Scizor|88/100|[from] Stealth Rock
|
|-damage|p1a: Weavile|41/100 brn|[from] brn
|upkeep
|turn|11
|
|t:|1758284745
|switch|p1a: Slowking|Slowking-Galar, M|100/100
|move|p2a: Scizor|U-turn|p1a: Slowking
|-damage|p1a: Slowking|70/100
|
|t:|1758284751
|switch|p2a: Great Tusk|Great Tusk|76/100|[from] U-turn
|
|upkeep
|turn|12
|
|t:|1758284756
|move|p2a: Great Tusk|Headlong Rush|p1a: Slowking
|-supereffective|p1a: Slowking
|-enditem|p1a: Slowking|Shuca Berry|[eat]
|-enditem|p1a: Slowking|Shuca Berry|[weaken]
|-damage|p1a: Slowking|36/100
|-unboost|p2a: Great Tusk|def|1
|-unboost|p2a: Great Tusk|spd|1
|move|p1a: Slowking|Ice Beam|p2a: Great Tusk
|-supereffective|p2a: Great Tusk
|-damage|p2a: Great Tusk|0 fnt
|faint|p2a: Great Tusk
|-end|p2a: Great Tusk|Protosynthesis|[silent]
|
|upkeep
|
|t:|1758284765
|switch|p2a: Scizor|Scizor, M|88/100
|-damage|p2a: Scizor|76/100|[from] Stealth Rock
|turn|13
|
|t:|1758284770
|switch|p1a: Alomomola|Alomomola, F|81/100
|move|p2a: Scizor|Knock Off|p1a: Alomomola
|-damage|p1a: Alomomola|53/100
|-enditem|p1a: Alomomola|Assault Vest|[from] move: Knock Off|[of] p2a: Scizor
|
|upkeep
|turn|14
|
|t:|1758284779
|move|p2a: Scizor|U-turn|p1a: Alomomola
|-damage|p1a: Alomomola|22/100
|
|t:|1758284783
|switch|p2a: Hydrapple|Hydrapple, F|100/100|[from] U-turn
|-damage|p2a: Hydrapple|88/100|[from] Stealth Rock
|move|p1a: Alomomola|Flip Turn|p2a: Hydrapple
|-resisted|p2a: Hydrapple
|-damage|p2a: Hydrapple|86/100
|-damage|p1a: Alomomola|6/100|[from] item: Rocky Helmet|[of] p2a: Hydrapple
|
|t:|1758284787
|switch|p1a: Enamorus|Enamorus, F|100/100|[from] Flip Turn
|
|upkeep
|turn|15
|
|t:|1758284804
|switch|p2a: Alomomola|Alomomola, M|44/100
|-damage|p2a: Alomomola|32/100|[from] Stealth Rock
|move|p1a: Enamorus|Moonblast|p2a: Alomomola
|-damage|p2a: Alomomola|0 fnt
|faint|p2a: Alomomola
|
|upkeep
|
|t:|1758284813
|switch|p2a: Scizor|Scizor, M|76/100
|-damage|p2a: Scizor|64/100|[from] Stealth Rock
|turn|16
|
|t:|1758284820
|switch|p1a: Weavile|Weavile, F|41/100 brn
|-ability|p1a: Weavile|Pressure
|move|p2a: Scizor|Defog|p1a: Weavile
|-unboost|p1a: Weavile|evasion|1
|-sideend|p2: OscarGamble|Stealth Rock|[from] move: Defog|[of] p2a: Scizor
|
|-damage|p1a: Weavile|35/100 brn|[from] brn
|upkeep
|turn|17
|
|t:|1758284825
|move|p2a: Scizor|Bullet Punch|p1a: Weavile
|-supereffective|p1a: Weavile
|-damage|p1a: Weavile|0 fnt
|faint|p1a: Weavile
|
|upkeep
|
|t:|1758284827
|switch|p1a: Cinderace|Cinderace, M|100/100
|turn|18
|
|t:|1758284829
|switch|p2a: Hydrapple|Hydrapple, F|100/100
|move|p1a: Cinderace|Pyro Ball|p2a: Hydrapple|[miss]
|-miss|p1a: Cinderace|p2a: Hydrapple
|
|upkeep
|turn|19
|
|t:|1758284841
|switch|p1a: Enamorus|Enamorus, F|100/100
|move|p2a: Hydrapple|Giga Drain|p1a: Enamorus
|-resisted|p1a: Enamorus
|-damage|p1a: Enamorus|80/100
|
|upkeep
|turn|20
|
|t:|1758284879
|-terastallize|p1a: Enamorus|Stellar
|move|p1a: Enamorus|Tera Blast|p2a: Hydrapple|[anim] Tera Blast Stellar
|-damage|p2a: Hydrapple|55/100
|-boost|p1a: Enamorus|atk|1
|-boost|p1a: Enamorus|spa|1
|move|p2a: Hydrapple|Giga Drain|p1a: Enamorus
|-resisted|p1a: Enamorus
|-damage|p1a: Enamorus|59/100
|-heal|p2a: Hydrapple|63/100|[from] drain|[of] p1a: Enamorus
|
|upkeep
|turn|21
|
|t:|1758284890
|move|p1a: Enamorus|Tera Blast|p2a: Hydrapple|[anim] Tera Blast Stellar
|-damage|p2a: Hydrapple|2/100
|-boost|p1a: Enamorus|atk|1
|-boost|p1a: Enamorus|spa|1
|move|p2a: Hydrapple|Giga Drain|p1a: Enamorus
|-resisted|p1a: Enamorus
|-damage|p1a: Enamorus|37/100
|-heal|p2a: Hydrapple|10/100|[from] drain|[of] p1a: Enamorus
|
|upkeep
|turn|22
|
|t:|1758284899
|move|p1a: Enamorus|Tera Blast|p2a: Hydrapple|[anim] Tera Blast Stellar
|-damage|p2a: Hydrapple|0 fnt
|-boost|p1a: Enamorus|atk|1
|-boost|p1a: Enamorus|spa|1
|faint|p2a: Hydrapple
|
|upkeep
|
|t:|1758284901
|switch|p2a: Scizor|Scizor, M|64/100
|turn|23
|
|t:|1758284911
|switch|p1a: Cinderace|Cinderace, M|100/100
|move|p2a: Scizor|Bullet Punch|p1a: Cinderace
|-resisted|p1a: Cinderace
|-damage|p1a: Cinderace|77/100
|
|upkeep
|turn|24
|
|t:|1758284945
|move|p2a: Scizor|Bullet Punch|p1a: Cinderace
|-resisted|p1a: Cinderace
|-damage|p1a: Cinderace|52/100
|move|p1a: Cinderace|Pyro Ball|p2a: Scizor
|-supereffective|p2a: Scizor
|-damage|p2a: Scizor|0 fnt
|faint|p2a: Scizor
|
|upkeep
|
|t:|1758284950
|switch|p2a: Kyurem|Kyurem|100/100
|-ability|p2a: Kyurem|Pressure
|turn|25
|
|t:|1758284954
|-terastallize|p2a: Kyurem|Fire
|move|p1a: Cinderace|High Jump Kick|p2a: Kyurem
|-damage|p2a: Kyurem|62/100
|move|p2a: Kyurem|Dragon Dance|p2a: Kyurem
|-boost|p2a: Kyurem|atk|1
|-boost|p2a: Kyurem|spe|1
|
|upkeep
|turn|26
|
|t:|1758284967
|move|p2a: Kyurem|Scale Shot|p1a: Cinderace
|-damage|p1a: Cinderace|23/100
|-damage|p1a: Cinderace|0 fnt
|faint|p1a: Cinderace
|-hitcount|p1: Cinderace|2
|-unboost|p2a: Kyurem|def|1
|-boost|p2a: Kyurem|spe|1
|
|upkeep
|
|t:|1758284970
|switch|p1a: Lokix|Lokix, F|100/100
|turn|27
|
|t:|1758284985
|switch|p2a: Gholdengo|Gholdengo|82/100
|move|p1a: Lokix|First Impression|p2a: Gholdengo
|-resisted|p2a: Gholdengo
|-damage|p2a: Gholdengo|51/100
|
|upkeep
|turn|28
|
|t:|1758284997
|move|p2a: Gholdengo|Trick|p1a: Lokix
|-activate|p2a: Gholdengo|move: Trick|[of] p1a: Lokix
|-item|p1a: Lokix|Choice Scarf|[from] move: Trick
|-item|p2a: Gholdengo|Silver Powder|[from] move: Trick
|move|p1a: Lokix|U-turn|p2a: Gholdengo
|-resisted|p2a: Gholdengo
|-damage|p2a: Gholdengo|33/100
|
|t:|1758285010
|switch|p1a: Enamorus|Enamorus, F, tera:Stellar|37/100|[from] U-turn
|
|upkeep
|turn|29
|
|t:|1758285021
|move|p1a: Enamorus|Earth Power|p2a: Gholdengo
|-supereffective|p2a: Gholdengo
|-damage|p2a: Gholdengo|0 fnt
|faint|p2a: Gholdengo
|
|upkeep
|
|t:|1758285023
|switch|p2a: Kyurem|Kyurem, tera:Fire|62/100
|-ability|p2a: Kyurem|Pressure
|turn|30
|
|t:|1758285026
|move|p1a: Enamorus|Earth Power|p2a: Kyurem
|-supereffective|p2a: Kyurem
|-damage|p2a: Kyurem|0 fnt
|faint|p2a: Kyurem
|
|win|teamskullenoxa
|raw|teamskullenoxa's rating: 1565 &rarr; <strong>1581</strong><br />(+16 for winning)
|raw|OscarGamble's rating: 1497 &rarr; <strong>1481</strong><br />(-16 for losing)
|l|☆OscarGamble
|player|p2|
|l|☆teamskullenoxa
|player|p1|
