|j|☆ntp69
|j|☆Cecddcfc
|t:|1758259559
|gametype|singles
|player|p1|ntp69|266|1105
|player|p2|Cecddcfc|pokemonbreederf-gen4|1090
|gen|9
|tier|[Gen 9] OU
|rated|
|rule|HP Percentage Mod: HP is shown in percentages
|rule|Endless Battle Clause: Forcing endless battles is banned
|rule|Species Clause: Limit one of each Pokémon
|rule|OHKO Clause: OHKO moves are banned
|rule|Evasion Items Clause: Evasion items are banned
|rule|Evasion Moves Clause: Evasion moves are banned
|rule|Evasion Abilities Clause: Evasion abilities are banned
|rule|Sleep Moves Clause: Sleep-inducing moves are banned
|clearpoke
|poke|p1|Charizard, F|
|poke|p1|Hatterene, F|
|poke|p1|Torkoal, M|
|poke|p1|Tropius, F|
|poke|p1|Moltres|
|poke|p1|Venusaur, F|
|poke|p2|Alomomola, F|
|poke|p2|Magneton|
|poke|p2|Iron Treads|
|poke|p2|Serperior, F|
|poke|p2|Clodsire, M|
|poke|p2|Mandibuzz, F|
|teampreview
|
|t:|1758259567
|teamsize|p1|6
|teamsize|p2|6
|start
|switch|p1a: Torkoal|Torkoal, M|100/100
|switch|p2a: Iron Treads|Iron Treads|100/100
|-item|p2a: Iron Treads|Air Balloon
|-weather|SunnyDay|[from] ability: Drought|[of] p1a: Torkoal
|turn|1
|
|t:|1758259582
|switch|p1a: Moltres|Moltres|100/100
|move|p2a: Iron Treads|Stealth Rock|p1a: Moltres
|-sidestart|p1: ntp69|move: Stealth Rock
|
|-weather|SunnyDay|[upkeep]
|upkeep
|turn|2
|
|t:|1758259599
|-end|p2a: Iron Treads|Quark Drive|[silent]
|switch|p2a: Clodsire|Clodsire, M, shiny|100/100
|move|p1a: Moltres|Will-O-Wisp|p2a: Clodsire
|-status|p2a: Clodsire|brn
|
|-weather|SunnyDay|[upkeep]
|-damage|p2a: Clodsire|94/100 brn|[from] brn
|upkeep
|turn|3
|
|t:|1758259610
|move|p1a: Moltres|Flamethrower|p2a: Clodsire
|-damage|p2a: Clodsire|66/100 brn
|move|p2a: Clodsire|Toxic|p1a: Moltres
|-status|p1a: Moltres|tox
|
|-weather|SunnyDay|[upkeep]
|-heal|p2a: Clodsire|72/100 brn|[from] item: Black Sludge
|-damage|p1a: Moltres|94/100 tox|[from] psn
|-damage|p2a: Clodsire|66/100 brn|[from] brn
|upkeep
|turn|4
|inactive|Battle timer is ON: inactive players will automatically lose when time's up. (requested by ntp69)
|
|t:|1758259623
|move|p1a: Moltres|U-turn|p2a: Clodsire
|-resisted|p2a: Clodsire
|-damage|p2a: Clodsire|58/100 brn
|
|t:|1758259625
|switch|p1a: Torkoal|Torkoal, M|100/100|[from] U-turn
|-damage|p1a: Torkoal|75/100|[from] Stealth Rock
|move|p2a: Clodsire|Recover|p2a: Clodsire
|-heal|p2a: Clodsire|100/100 brn
|
|-weather|SunnyDay|[upkeep]
|-damage|p2a: Clodsire|94/100 brn|[from] brn
|upkeep
|turn|5
|
|t:|1758259647
|move|p2a: Clodsire|Protect|p2a: Clodsire
|-singleturn|p2a: Clodsire|Protect
|move|p1a: Torkoal|Rapid Spin|p2a: Clodsire
|-activate|p2a: Clodsire|move: Protect
|
|-weather|SunnyDay|[upkeep]
|-heal|p2a: Clodsire|100/100 brn|[from] item: Black Sludge
|-damage|p2a: Clodsire|94/100 brn|[from] brn
|upkeep
|turn|6
|
|t:|1758259660
|move|p2a: Clodsire|Toxic|p1a: Torkoal
|-status|p1a: Torkoal|tox
|move|p1a: Torkoal|Rapid Spin|p2a: Clodsire
|-damage|p2a: Clodsire|82/100 brn
|-boost|p1a: Torkoal|spe|1
|-sideend|p1: ntp69|Stealth Rock|[from] move: Rapid Spin|[of] p1a: Torkoal
|
|-weather|SunnyDay|[upkeep]
|-heal|p2a: Clodsire|88/100 brn|[from] item: Black Sludge
|-damage|p1a: Torkoal|69/100 tox|[from] psn
|-damage|p2a: Clodsire|82/100 brn|[from] brn
|upkeep
|turn|7
|
|t:|1758259674
|switch|p1a: Hatterene|Hatterene, F|100/100
|move|p2a: Clodsire|Recover|p2a: Clodsire
|-heal|p2a: Clodsire|100/100 brn
|
|-weather|SunnyDay|[upkeep]
|-damage|p2a: Clodsire|94/100 brn|[from] brn
|upkeep
|turn|8
|
|t:|1758259683
|move|p1a: Hatterene|Draining Kiss|p2a: Clodsire
|-resisted|p2a: Clodsire
|-damage|p2a: Clodsire|86/100 brn
|move|p2a: Clodsire|Poison Jab|p1a: Hatterene
|-supereffective|p1a: Hatterene
|-damage|p1a: Hatterene|75/100
|
|-weather|none
|-heal|p1a: Hatterene|81/100|[from] item: Leftovers
|-heal|p2a: Clodsire|93/100 brn|[from] item: Black Sludge
|-damage|p2a: Clodsire|86/100 brn|[from] brn
|upkeep
|turn|9
|
|t:|1758259697
|switch|p1a: Tropius|Tropius, F, shiny|100/100
|move|p2a: Clodsire|Poison Jab|p1a: Tropius
|-supereffective|p1a: Tropius
|-damage|p1a: Tropius|79/100
|-status|p1a: Tropius|psn
|
|-heal|p2a: Clodsire|93/100 brn|[from] item: Black Sludge
|-damage|p1a: Tropius|66/100 psn|[from] psn
|-damage|p2a: Clodsire|86/100 brn|[from] brn
|upkeep
|turn|10
|
|t:|1758259714
|move|p2a: Clodsire|Protect|p2a: Clodsire
|-singleturn|p2a: Clodsire|Protect
|move|p1a: Tropius|Leech Seed|p2a: Clodsire
|-activate|p2a: Clodsire|move: Protect
|
|-heal|p2a: Clodsire|93/100 brn|[from] item: Black Sludge
|-damage|p1a: Tropius|54/100 psn|[from] psn
|-damage|p2a: Clodsire|86/100 brn|[from] brn
|upkeep
|turn|11
|
|t:|1758259727
|switch|p1a: Torkoal|Torkoal, M|69/100 tox
|-weather|SunnyDay|[from] ability: Drought|[of] p1a: Torkoal
|move|p2a: Clodsire|Poison Jab|p1a: Torkoal
|-damage|p1a: Torkoal|62/100 tox
|
|-weather|SunnyDay|[upkeep]
|-heal|p2a: Clodsire|93/100 brn|[from] item: Black Sludge
|-damage|p1a: Torkoal|55/100 tox|[from] psn
|-damage|p2a: Clodsire|86/100 brn|[from] brn
|upkeep
|turn|12
|
|t:|1758259742
|switch|p1a: Tropius|Tropius, F, shiny|54/100 psn
|move|p2a: Clodsire|Protect||[still]
|-fail|p2a: Clodsire
|
|-weather|SunnyDay|[upkeep]
|-heal|p2a: Clodsire|93/100 brn|[from] item: Black Sludge
|-damage|p1a: Tropius|41/100 psn|[from] psn
|-damage|p2a: Clodsire|86/100 brn|[from] brn
|upkeep
|-enditem|p1a: Tropius|Sitrus Berry|[eat]
|-heal|p1a: Tropius|66/100 psn|[from] item: Sitrus Berry
|turn|13
|
|t:|1758259756
|switch|p1a: Charizard|Charizard, F, shiny|100/100
|switch|p2a: Magneton|Magneton|100/100
|
|-weather|SunnyDay|[upkeep]
|-damage|p1a: Charizard|88/100|[from] ability: Solar Power|[of] p1a: Charizard
|upkeep
|turn|14
|
|t:|1758259768
|move|p1a: Charizard|Weather Ball|p2a: Magneton
|-supereffective|p2a: Magneton
|-ability|p2a: Magneton|Sturdy
|-damage|p2a: Magneton|1/100
|-damage|p1a: Charizard|78/100|[from] item: Life Orb
|move|p2a: Magneton|Volt Switch|p1a: Charizard
|-supereffective|p1a: Charizard
|-damage|p1a: Charizard|0 fnt
|faint|p1a: Charizard
|-message|ntp69 forfeited.
|
|win|Cecddcfc
|raw|ntp69's rating: 1105 &rarr; <strong>1079</strong><br />(-26 for losing)
|raw|Cecddcfc's rating: 1090 &rarr; <strong>1118</strong><br />(+28 for winning)
|l|☆ntp69
|player|p1|
|l|☆Cecddcfc
|player|p2|
