|j|☆kingboglin123
|j|☆Elite4Azure
|t:|1758313231
|gametype|singles
|player|p1|kingboglin123|benga|1176
|player|p2|Elite4Azure|falkner|1188
|gen|9
|tier|[Gen 9] OU
|rated|
|rule|HP Percentage Mod: HP is shown in percentages
|rule|Endless Battle Clause: Forcing endless battles is banned
|rule|Species Clause: Limit one of each Pokémon
|rule|OHKO Clause: OHKO moves are banned
|rule|Evasion Items Clause: Evasion items are banned
|rule|Evasion Moves Clause: Evasion moves are banned
|rule|Evasion Abilities Clause: Evasion abilities are banned
|rule|Sleep Moves Clause: Sleep-inducing moves are banned
|clearpoke
|poke|p1|Farigiraf, F|
|poke|p1|Blaziken, M|
|poke|p1|Drifblim, M|
|poke|p1|Leafeon, F|
|poke|p1|Tyranitar, M|
|poke|p1|Poliwrath, F|
|poke|p2|Froslass, F|
|poke|p2|Garganacl, F|
|poke|p2|Scrafty, M|
|poke|p2|Bellibolt, F|
|poke|p2|Tsareena, F|
|poke|p2|Revavroom, M|
|teampreview
|
|t:|1758313238
|teamsize|p1|6
|teamsize|p2|6
|start
|switch|p1a: Poliwrath|Poliwrath, F, shiny|100/100
|switch|p2a: Froslass|Froslass, F|100/100
|turn|1
|
|t:|1758313249
|move|p2a: Froslass|Will-O-Wisp|p1a: Poliwrath
|-status|p1a: Poliwrath|brn
|move|p1a: Poliwrath|Bulk Up|p1a: Poliwrath
|-boost|p1a: Poliwrath|atk|1
|-boost|p1a: Poliwrath|def|1
|
|-damage|p1a: Poliwrath|94/100 brn|[from] brn
|upkeep
|turn|2
|
|t:|1758313252
|move|p2a: Froslass|Hex|p1a: Poliwrath
|-damage|p1a: Poliwrath|49/100 brn
|-enditem|p1a: Poliwrath|Sitrus Berry|[eat]
|-heal|p1a: Poliwrath|74/100 brn|[from] item: Sitrus Berry
|move|p1a: Poliwrath|Bulk Up|p1a: Poliwrath
|-boost|p1a: Poliwrath|atk|1
|-boost|p1a: Poliwrath|def|1
|
|-damage|p1a: Poliwrath|68/100 brn|[from] brn
|upkeep
|turn|3
|
|t:|1758313255
|move|p2a: Froslass|Hex|p1a: Poliwrath
|-damage|p1a: Poliwrath|17/100 brn
|move|p1a: Poliwrath|Liquidation|p2a: Froslass
|-damage|p2a: Froslass|31/100
|
|-damage|p1a: Poliwrath|11/100 brn|[from] brn
|upkeep
|turn|4
|
|t:|1758313264
|move|p2a: Froslass|Hex|p1a: Poliwrath
|-crit|p1a: Poliwrath
|-damage|p1a: Poliwrath|0 fnt
|faint|p1a: Poliwrath
|
|upkeep
|
|t:|1758313276
|switch|p1a: Blaziken|Blaziken, M|100/100
|turn|5
|
|t:|1758313279
|move|p2a: Froslass|Chilling Water|p1a: Blaziken
|-supereffective|p1a: Blaziken
|-damage|p1a: Blaziken|65/100
|-unboost|p1a: Blaziken|atk|1
|move|p1a: Blaziken|Focus Energy|p1a: Blaziken
|-start|p1a: Blaziken|move: Focus Energy
|
|-ability|p1a: Blaziken|Speed Boost|boost
|-boost|p1a: Blaziken|spe|1
|upkeep
|turn|6
|
|t:|1758313289
|move|p1a: Blaziken|Overheat|p2a: Froslass
|-supereffective|p2a: Froslass
|-crit|p2a: Froslass
|-damage|p2a: Froslass|0 fnt
|-unboost|p1a: Blaziken|spa|2
|faint|p2a: Froslass
|
|-ability|p1a: Blaziken|Speed Boost|boost
|-boost|p1a: Blaziken|spe|1
|upkeep
|
|t:|1758313295
|switch|p2a: Scrafty|Scrafty, M|100/100
|-ability|p2a: Scrafty|Intimidate|boost
|-unboost|p1a: Blaziken|atk|1
|turn|7
|
|t:|1758313304
|move|p2a: Scrafty|Fake Out|p1a: Blaziken
|-damage|p1a: Blaziken|44/100
|cant|p1a: Blaziken|flinch
|
|-ability|p1a: Blaziken|Speed Boost|boost
|-boost|p1a: Blaziken|spe|1
|upkeep
|turn|8
|
|t:|1758313310
|move|p1a: Blaziken|Close Combat|p2a: Scrafty
|-supereffective|p2a: Scrafty
|-crit|p2a: Scrafty
|-damage|p2a: Scrafty|0 fnt
|-unboost|p1a: Blaziken|def|1
|-unboost|p1a: Blaziken|spd|1
|faint|p2a: Scrafty
|
|-ability|p1a: Blaziken|Speed Boost|boost
|-boost|p1a: Blaziken|spe|1
|upkeep
|
|t:|1758313316
|switch|p2a: Garganacl|Garganacl, F|100/100
|turn|9
|
|t:|1758313320
|-terastallize|p2a: Garganacl|Ghost
|move|p1a: Blaziken|Close Combat|p2a: Garganacl
|-immune|p2a: Garganacl
|move|p2a: Garganacl|Salt Cure|p1a: Blaziken
|-damage|p1a: Blaziken|11/100
|-start|p1a: Blaziken|Salt Cure
|
|-damage|p1a: Blaziken|0 fnt|[from] Salt Cure
|faint|p1a: Blaziken
|upkeep
|
|t:|1758313340
|switch|p1a: Tyranitar|Tyranitar, M|100/100
|-weather|Sandstorm|[from] ability: Sand Stream|[of] p1a: Tyranitar
|turn|10
|
|t:|1758313344
|switch|p2a: Tsareena|Tsareena, F|100/100
|move|p1a: Tyranitar|Dragon Dance|p1a: Tyranitar
|-boost|p1a: Tyranitar|atk|1
|-boost|p1a: Tyranitar|spe|1
|
|-weather|Sandstorm|[upkeep]
|-damage|p2a: Tsareena|95/100|[from] Sandstorm
|upkeep
|turn|11
|
|t:|1758313352
|move|p1a: Tyranitar|Knock Off|p2a: Tsareena
|-damage|p2a: Tsareena|14/100
|-enditem|p2a: Tsareena|Heavy-Duty Boots|[from] move: Knock Off|[of] p1a: Tyranitar
|move|p2a: Tsareena|High Jump Kick|p1a: Tyranitar
|-supereffective|p1a: Tyranitar
|-damage|p1a: Tyranitar|0 fnt
|faint|p1a: Tyranitar
|
|-weather|Sandstorm|[upkeep]
|-damage|p2a: Tsareena|8/100|[from] Sandstorm
|upkeep
|
|t:|1758313364
|switch|p1a: Farigiraf|Farigiraf, F, shiny|100/100
|turn|12
|
|t:|1758313370
|move|p1a: Farigiraf|Agility|p1a: Farigiraf
|-boost|p1a: Farigiraf|spe|2
|move|p2a: Tsareena|High Jump Kick|p1a: Farigiraf
|-damage|p1a: Farigiraf|54/100
|
|-weather|Sandstorm|[upkeep]
|-damage|p1a: Farigiraf|47/100|[from] Sandstorm
|-damage|p2a: Tsareena|2/100|[from] Sandstorm
|upkeep
|turn|13
|
|t:|1758313379
|move|p1a: Farigiraf|Tera Blast|p2a: Tsareena
|-damage|p2a: Tsareena|0 fnt
|faint|p2a: Tsareena
|
|-weather|Sandstorm|[upkeep]
|-damage|p1a: Farigiraf|41/100|[from] Sandstorm
|upkeep
|
|t:|1758313385
|switch|p2a: Garganacl|Garganacl, F, tera:Ghost|100/100
|turn|14
|
|t:|1758313389
|move|p1a: Farigiraf|Nasty Plot|p1a: Farigiraf
|-boost|p1a: Farigiraf|spa|2
|move|p2a: Garganacl|Salt Cure|p1a: Farigiraf
|-damage|p1a: Farigiraf|25/100
|-start|p1a: Farigiraf|Salt Cure
|
|-weather|none
|-damage|p1a: Farigiraf|13/100|[from] Salt Cure
|upkeep
|turn|15
|
|t:|1758313396
|move|p1a: Farigiraf|Stored Power|p2a: Garganacl
|-damage|p2a: Garganacl|24/100
|move|p2a: Garganacl|Iron Defense|p2a: Garganacl
|-boost|p2a: Garganacl|def|2
|
|-heal|p2a: Garganacl|30/100|[from] item: Leftovers
|-damage|p1a: Farigiraf|0 fnt|[from] Salt Cure
|faint|p1a: Farigiraf
|upkeep
|
|t:|1758313407
|switch|p1a: Drifblim|Drifblim, M, shiny|100/100
|turn|16
|
|t:|1758313411
|move|p1a: Drifblim|Shadow Ball|p2a: Garganacl
|-supereffective|p2a: Garganacl
|-crit|p2a: Garganacl
|-damage|p2a: Garganacl|0 fnt
|faint|p2a: Garganacl
|
|-status|p1a: Drifblim|brn|[from] item: Flame Orb
|upkeep
|
|t:|1758313415
|switch|p2a: Bellibolt|Bellibolt, F|100/100
|turn|17
|
|t:|1758313425
|move|p1a: Drifblim|Shadow Ball|p2a: Bellibolt
|-damage|p2a: Bellibolt|56/100
|-unboost|p2a: Bellibolt|spd|1
|-start|p2a: Bellibolt|Charge|Shadow Ball|[from] ability: Electromorphosis
|move|p2a: Bellibolt|Parabolic Charge|p1a: Drifblim
|-supereffective|p1a: Drifblim
|-crit|p1a: Drifblim
|-damage|p1a: Drifblim|0 fnt
|-heal|p2a: Bellibolt|100/100|[from] drain|[of] p1a: Drifblim
|faint|p1a: Drifblim
|-end|p2a: Bellibolt|Charge|[silent]
|
|upkeep
|
|t:|1758313435
|switch|p1a: Leafeon|Leafeon, F|100/100
|turn|18
|
|t:|1758313438
|switch|p2a: Revavroom|Revavroom, M|100/100
|move|p1a: Leafeon|Swords Dance|p1a: Leafeon
|-boost|p1a: Leafeon|atk|2
|
|upkeep
|turn|19
|
|t:|1758313444
|move|p1a: Leafeon|Knock Off|p2a: Revavroom
|-damage|p2a: Revavroom|23/100
|-enditem|p2a: Revavroom|Black Sludge|[from] move: Knock Off|[of] p1a: Leafeon
|-damage|p1a: Leafeon|91/100|[from] item: Life Orb
|move|p2a: Revavroom|Shift Gear|p2a: Revavroom
|-boost|p2a: Revavroom|spe|2
|-boost|p2a: Revavroom|atk|1
|
|upkeep
|turn|20
|
|t:|1758313451
|move|p2a: Revavroom|Poison Jab|p1a: Leafeon
|-supereffective|p1a: Leafeon
|-damage|p1a: Leafeon|1/100
|move|p1a: Leafeon|Knock Off|p2a: Revavroom
|-damage|p2a: Revavroom|0 fnt
|faint|p2a: Revavroom
|-damage|p1a: Leafeon|0 fnt|[from] item: Life Orb
|faint|p1a: Leafeon
|
|win|Elite4Azure
|raw|kingboglin123's rating: 1176 &rarr; <strong>1152</strong><br />(-24 for losing)
|raw|Elite4Azure's rating: 1188 &rarr; <strong>1212</strong><br />(+24 for winning)
|l|☆kingboglin123
|player|p1|
|c|☆Elite4Azure|Gg
|l|☆Elite4Azure
|player|p2|
