|j|☆knock the pex
|j|☆1shy9
|t:|1758367295
|gametype|singles
|player|p1|knock the pex|swimmer|1682
|player|p2|1shy9|acetrainerf-gen4|1737
|gen|9
|tier|[Gen 9] OU
|rated|
|rule|HP Percentage Mod: HP is shown in percentages
|rule|Endless Battle Clause: Forcing endless battles is banned
|rule|Species Clause: Limit one of each Pokémon
|rule|OHKO Clause: OHKO moves are banned
|rule|Evasion Items Clause: Evasion items are banned
|rule|Evasion Moves Clause: Evasion moves are banned
|rule|Evasion Abilities Clause: Evasion abilities are banned
|rule|Sleep Moves Clause: Sleep-inducing moves are banned
|clearpoke
|poke|p1|Gholdengo|
|poke|p1|Zamazenta-*|
|poke|p1|Ting-Lu|
|poke|p1|Clefable, F|
|poke|p1|Dragonite, M|
|poke|p1|Deoxys-Speed|
|poke|p2|Iron Moth|
|poke|p2|Gholdengo|
|poke|p2|Great Tusk|
|poke|p2|Kyurem|
|poke|p2|Zamazenta-*|
|poke|p2|Dragonite, M|
|teampreview
|inactive|Battle timer is ON: inactive players will automatically lose when time's up. (requested by 1shy9)
|inactive|knock the pex has 120 seconds left.
|
|t:|1758367367
|teamsize|p1|6
|teamsize|p2|6
|start
|switch|p1a: Moonrock 350|Clefable, F|100/100
|switch|p2a: Kyurem|Kyurem|100/100
|-ability|p2a: Kyurem|Pressure
|turn|1
|
|t:|1758367375
|switch|p2a: Gholdengo|Gholdengo|100/100
|-item|p2a: Gholdengo|Air Balloon
|move|p1a: Moonrock 350|Stealth Rock|p2a: Gholdengo
|-sidestart|p2: 1shy9|move: Stealth Rock
|
|upkeep
|turn|2
|
|t:|1758367378
|switch|p1a: Up Bowl On Em|Ting-Lu|100/100
|-ability|p1a: Up Bowl On Em|Vessel of Ruin
|move|p2a: Gholdengo|Make It Rain|p1a: Up Bowl On Em
|-damage|p1a: Up Bowl On Em|71/100
|-unboost|p2a: Gholdengo|spa|1
|
|-heal|p1a: Up Bowl On Em|78/100|[from] item: Leftovers
|upkeep
|turn|3
|
|t:|1758367385
|switch|p2a: Great Tusk|Great Tusk|100/100
|move|p1a: Up Bowl On Em|Ruination|p2a: Great Tusk
|-damage|p2a: Great Tusk|51/100
|
|-heal|p1a: Up Bowl On Em|84/100|[from] item: Leftovers
|upkeep
|turn|4
|
|t:|1758367388
|switch|p1a: Moonrock 350|Clefable, F|100/100
|move|p2a: Great Tusk|Rapid Spin|p1a: Moonrock 350
|-damage|p1a: Moonrock 350|88/100
|-boost|p2a: Great Tusk|spe|1
|-damage|p2a: Great Tusk|34/100|[from] item: Rocky Helmet|[of] p1a: Moonrock 350
|-sideend|p2: 1shy9|Stealth Rock|[from] move: Rapid Spin|[of] p2a: Great Tusk
|
|upkeep
|turn|5
|
|t:|1758367396
|move|p2a: Great Tusk|Headlong Rush|p1a: Moonrock 350
|-damage|p1a: Moonrock 350|35/100
|-unboost|p2a: Great Tusk|def|1
|-unboost|p2a: Great Tusk|spd|1
|-damage|p2a: Great Tusk|18/100|[from] item: Rocky Helmet|[of] p1a: Moonrock 350
|move|p1a: Moonrock 350|Stealth Rock|p2a: Great Tusk
|-sidestart|p2: 1shy9|move: Stealth Rock
|
|upkeep
|turn|6
|
|t:|1758367401
|move|p2a: Great Tusk|Headlong Rush|p1a: Moonrock 350
|-damage|p1a: Moonrock 350|0 fnt
|-unboost|p2a: Great Tusk|def|1
|-unboost|p2a: Great Tusk|spd|1
|-damage|p2a: Great Tusk|1/100|[from] item: Rocky Helmet|[of] p1a: Moonrock 350
|faint|p1a: Moonrock 350
|
|upkeep
|
|t:|1758367414
|switch|p1a: Dude Nasty Asf|Deoxys-Speed|100/100
|-ability|p1a: Dude Nasty Asf|Pressure
|turn|7
|
|t:|1758367421
|move|p2a: Great Tusk|Rapid Spin|p1a: Dude Nasty Asf
|-damage|p1a: Dude Nasty Asf|74/100
|-boost|p2a: Great Tusk|spe|1
|-sideend|p2: 1shy9|Stealth Rock|[from] move: Rapid Spin|[of] p2a: Great Tusk
|move|p1a: Dude Nasty Asf|Ice Beam|p2a: Great Tusk
|-supereffective|p2a: Great Tusk
|-damage|p2a: Great Tusk|0 fnt
|faint|p2a: Great Tusk
|-end|p2a: Great Tusk|Protosynthesis|[silent]
|
|upkeep
|
|t:|1758367428
|switch|p2a: Kyurem|Kyurem|100/100
|-ability|p2a: Kyurem|Pressure
|turn|8
|
|t:|1758367433
|switch|p1a: Djengo Unrained|Gholdengo|100/100
|move|p2a: Kyurem|Dragon Dance|p2a: Kyurem
|-boost|p2a: Kyurem|atk|1
|-boost|p2a: Kyurem|spe|1
|
|upkeep
|turn|9
|
|t:|1758367435
|-terastallize|p2a: Kyurem|Fire
|move|p2a: Kyurem|Tera Blast|p1a: Djengo Unrained|[anim] Tera Blast Fire
|-supereffective|p1a: Djengo Unrained
|-crit|p1a: Djengo Unrained
|-damage|p1a: Djengo Unrained|0 fnt
|faint|p1a: Djengo Unrained
|
|upkeep
|
|t:|1758367442
|switch|p1a: CClifford|Zamazenta|100/100
|-ability|p1a: CClifford|Dauntless Shield|boost
|-boost|p1a: CClifford|def|1
|turn|10
|
|t:|1758367459
|move|p2a: Kyurem|Icicle Spear|p1a: CClifford
|-damage|p1a: CClifford|88/100
|-damage|p1a: CClifford|77/100
|-damage|p1a: CClifford|65/100
|-damage|p1a: CClifford|54/100
|-damage|p1a: CClifford|43/100
|-hitcount|p1a: CClifford|5
|move|p1a: CClifford|Stone Edge|p2a: Kyurem
|-supereffective|p2a: Kyurem
|-damage|p2a: Kyurem|40/100
|
|upkeep
|turn|11
|
|t:|1758367470
|move|p2a: Kyurem|Icicle Spear|p1a: CClifford
|-damage|p1a: CClifford|31/100
|-damage|p1a: CClifford|18/100
|-damage|p1a: CClifford|6/100
|-damage|p1a: CClifford|0 fnt
|faint|p1a: CClifford
|-hitcount|p1: CClifford|4
|
|upkeep
|
|t:|1758367472
|switch|p1a: Secret Service|Dragonite, M|100/100
|turn|12
|
|t:|1758367476
|-terastallize|p1a: Secret Service|Normal
|move|p1a: Secret Service|Extreme Speed|p2a: Kyurem
|-damage|p2a: Kyurem|0 fnt
|faint|p2a: Kyurem
|
|upkeep
|
|t:|1758367481
|switch|p2a: Zamazenta|Zamazenta|100/100
|-ability|p2a: Zamazenta|Dauntless Shield|boost
|-boost|p2a: Zamazenta|def|1
|turn|13
|
|t:|1758367489
|move|p2a: Zamazenta|Crunch|p1a: Secret Service
|-damage|p1a: Secret Service|90/100
|move|p1a: Secret Service|Dragon Tail|p2a: Zamazenta
|-damage|p2a: Zamazenta|80/100
|drag|p2a: Dragonite|Dragonite, M|100/100
|
|upkeep
|turn|14
|
|t:|1758367500
|move|p2a: Dragonite|Earthquake|p1a: Secret Service
|-damage|p1a: Secret Service|52/100
|move|p1a: Secret Service|Dragon Tail|p2a: Dragonite
|-supereffective|p2a: Dragonite
|-damage|p2a: Dragonite|62/100
|drag|p2a: Iron Moth|Iron Moth|100/100
|-enditem|p2a: Iron Moth|Booster Energy
|-activate|p2a: Iron Moth|ability: Quark Drive|[fromitem]
|-start|p2a: Iron Moth|quarkdrivespe
|
|upkeep
|turn|15
|
|t:|1758367507
|switch|p1a: Up Bowl On Em|Ting-Lu|84/100
|-ability|p1a: Up Bowl On Em|Vessel of Ruin
|move|p2a: Iron Moth|Sludge Wave|p1a: Up Bowl On Em
|-resisted|p1a: Up Bowl On Em
|-damage|p1a: Up Bowl On Em|74/100
|
|-heal|p1a: Up Bowl On Em|80/100|[from] item: Leftovers
|upkeep
|turn|16
|
|t:|1758367519
|-end|p2a: Iron Moth|Quark Drive|[silent]
|switch|p2a: Zamazenta|Zamazenta|80/100
|move|p1a: Up Bowl On Em|Spikes|p2a: Zamazenta
|-sidestart|p2: 1shy9|Spikes
|
|-heal|p2a: Zamazenta|86/100|[from] item: Leftovers
|-heal|p1a: Up Bowl On Em|86/100|[from] item: Leftovers
|upkeep
|turn|17
|
|t:|1758367525
|move|p2a: Zamazenta|Body Press|p1a: Up Bowl On Em
|-supereffective|p1a: Up Bowl On Em
|-damage|p1a: Up Bowl On Em|46/100
|move|p1a: Up Bowl On Em|Ruination|p2a: Zamazenta
|-damage|p2a: Zamazenta|43/100
|
|-heal|p2a: Zamazenta|49/100|[from] item: Leftovers
|-heal|p1a: Up Bowl On Em|52/100|[from] item: Leftovers
|upkeep
|turn|18
|
|t:|1758367532
|move|p2a: Zamazenta|Iron Defense|p2a: Zamazenta
|-boost|p2a: Zamazenta|def|2
|move|p1a: Up Bowl On Em|Whirlwind|p2a: Zamazenta
|drag|p2a: Iron Moth|Iron Moth|100/100
|-damage|p2a: Iron Moth|88/100|[from] Spikes
|
|-heal|p1a: Up Bowl On Em|59/100|[from] item: Leftovers
|upkeep
|turn|19
|
|t:|1758367539
|-end|p2a: Iron Moth|Quark Drive|[silent]
|switch|p2a: Gholdengo|Gholdengo|100/100
|-item|p2a: Gholdengo|Air Balloon
|move|p1a: Up Bowl On Em|Earthquake|p2a: Gholdengo
|-immune|p2a: Gholdengo
|
|-heal|p1a: Up Bowl On Em|65/100|[from] item: Leftovers
|upkeep
|turn|20
|
|t:|1758367553
|move|p2a: Gholdengo|Nasty Plot|p2a: Gholdengo
|-boost|p2a: Gholdengo|spa|2
|move|p1a: Up Bowl On Em|Ruination|p2a: Gholdengo|[miss]
|-miss|p1a: Up Bowl On Em|p2a: Gholdengo
|
|-heal|p1a: Up Bowl On Em|71/100|[from] item: Leftovers
|upkeep
|turn|21
|
|t:|1758367559
|move|p2a: Gholdengo|Make It Rain|p1a: Up Bowl On Em
|-damage|p1a: Up Bowl On Em|17/100
|-unboost|p2a: Gholdengo|spa|1
|move|p1a: Up Bowl On Em|Ruination|p2a: Gholdengo
|-damage|p2a: Gholdengo|50/100
|-enditem|p2a: Gholdengo|Air Balloon
|
|-heal|p1a: Up Bowl On Em|24/100|[from] item: Leftovers
|upkeep
|turn|22
|
|t:|1758367567
|move|p2a: Gholdengo|Make It Rain|p1a: Up Bowl On Em
|-damage|p1a: Up Bowl On Em|0 fnt
|-unboost|p2a: Gholdengo|spa|1
|faint|p1a: Up Bowl On Em
|
|upkeep
|
|t:|1758367572
|switch|p1a: Dude Nasty Asf|Deoxys-Speed|74/100
|-ability|p1a: Dude Nasty Asf|Pressure
|turn|23
|
|t:|1758367577
|move|p1a: Dude Nasty Asf|Thunderbolt|p2a: Gholdengo
|-crit|p2a: Gholdengo
|-damage|p2a: Gholdengo|3/100
|move|p2a: Gholdengo|Make It Rain|p1a: Dude Nasty Asf
|-damage|p1a: Dude Nasty Asf|0 fnt
|-unboost|p2a: Gholdengo|spa|1
|faint|p1a: Dude Nasty Asf
|
|upkeep
|
|t:|1758367581
|switch|p1a: Secret Service|Dragonite, M, tera:Normal|52/100
|turn|24
|
|t:|1758367585
|move|p2a: Gholdengo|Make It Rain|p1a: Secret Service
|-damage|p1a: Secret Service|8/100
|-unboost|p2a: Gholdengo|spa|1
|move|p1a: Secret Service|Roost|p1a: Secret Service
|-heal|p1a: Secret Service|58/100
|
|upkeep
|turn|25
|
|t:|1758367595
|switch|p2a: Zamazenta|Zamazenta|49/100
|-damage|p2a: Zamazenta|37/100|[from] Spikes
|move|p1a: Secret Service|Roost|p1a: Secret Service
|-heal|p1a: Secret Service|100/100
|
|-heal|p2a: Zamazenta|43/100|[from] item: Leftovers
|upkeep
|turn|26
|
|t:|1758367598
|move|p2a: Zamazenta|Body Press|p1a: Secret Service
|-supereffective|p1a: Secret Service
|-damage|p1a: Secret Service|70/100
|move|p1a: Secret Service|Dragon Tail|p2a: Zamazenta
|-damage|p2a: Zamazenta|15/100
|drag|p2a: Gholdengo|Gholdengo|3/100
|-damage|p2a: Gholdengo|0 fnt|[from] Spikes
|faint|p2a: Gholdengo
|
|upkeep
|
|t:|1758367621
|switch|p2a: Iron Moth|Iron Moth|88/100
|-damage|p2a: Iron Moth|76/100|[from] Spikes
|turn|27
|
|t:|1758367627
|move|p2a: Iron Moth|Sludge Wave|p1a: Secret Service
|-damage|p1a: Secret Service|25/100
|move|p1a: Secret Service|Roost|p1a: Secret Service
|-heal|p1a: Secret Service|75/100
|
|upkeep
|turn|28
|
|t:|1758367630
|move|p2a: Iron Moth|Sludge Wave|p1a: Secret Service
|-damage|p1a: Secret Service|35/100
|move|p1a: Secret Service|Roost|p1a: Secret Service
|-heal|p1a: Secret Service|85/100
|
|upkeep
|turn|29
|
|t:|1758367633
|move|p2a: Iron Moth|Sludge Wave|p1a: Secret Service
|-damage|p1a: Secret Service|40/100
|move|p1a: Secret Service|Roost|p1a: Secret Service
|-heal|p1a: Secret Service|90/100
|
|upkeep
|turn|30
|
|t:|1758367635
|move|p2a: Iron Moth|Sludge Wave|p1a: Secret Service
|-damage|p1a: Secret Service|50/100
|move|p1a: Secret Service|Roost|p1a: Secret Service
|-heal|p1a: Secret Service|99/100
|
|upkeep
|turn|31
|
|t:|1758367637
|move|p2a: Iron Moth|Sludge Wave|p1a: Secret Service
|-damage|p1a: Secret Service|60/100
|move|p1a: Secret Service|Roost|p1a: Secret Service
|-heal|p1a: Secret Service|100/100
|
|upkeep
|turn|32
|
|t:|1758367639
|move|p2a: Iron Moth|Sludge Wave|p1a: Secret Service
|-damage|p1a: Secret Service|78/100
|move|p1a: Secret Service|Earthquake|p2a: Iron Moth
|-supereffective|p2a: Iron Moth
|-damage|p2a: Iron Moth|0 fnt
|faint|p2a: Iron Moth
|-end|p2a: Iron Moth|Quark Drive|[silent]
|
|upkeep
|
|t:|1758367643
|switch|p2a: Dragonite|Dragonite, M|62/100
|turn|33
|
|t:|1758367652
|move|p1a: Secret Service|Extreme Speed|p2a: Dragonite
|-damage|p2a: Dragonite|11/100
|move|p2a: Dragonite|Roost|p2a: Dragonite
|-heal|p2a: Dragonite|61/100
|-singleturn|p2a: Dragonite|move: Roost
|
|upkeep
|turn|34
|
|t:|1758367660
|move|p2a: Dragonite|Earthquake|p1a: Secret Service
|-damage|p1a: Secret Service|39/100
|move|p1a: Secret Service|Dragon Tail|p2a: Dragonite
|-supereffective|p2a: Dragonite
|-damage|p2a: Dragonite|0 fnt
|faint|p2a: Dragonite
|
|upkeep
|
|t:|1758367661
|switch|p2a: Zamazenta|Zamazenta|15/100
|-damage|p2a: Zamazenta|2/100|[from] Spikes
|turn|35
|c|☆knock the pex|gg
|
|t:|1758367668
|move|p1a: Secret Service|Extreme Speed|p2a: Zamazenta
|-damage|p2a: Zamazenta|0 fnt
|faint|p2a: Zamazenta
|
|win|knock the pex
|raw|knock the pex's rating: 1682 &rarr; <strong>1705</strong><br />(+23 for winning)
|raw|1shy9's rating: 1737 &rarr; <strong>1714</strong><br />(-23 for losing)
|l|☆1shy9
|player|p2|
