|j|☆lord shiddenfards
|j|☆Blank_Playe_pract
|t:|1758356131
|gametype|singles
|player|p1|lord shiddenfards|rood|1640
|player|p2|Blank_Playe_pract|169|1664
|gen|9
|tier|[Gen 9] OU
|rated|
|rule|HP Percentage Mod: HP is shown in percentages
|rule|Endless Battle Clause: Forcing endless battles is banned
|rule|Species Clause: Limit one of each Pokémon
|rule|OHKO Clause: OHKO moves are banned
|rule|Evasion Items Clause: Evasion items are banned
|rule|Evasion Moves Clause: Evasion moves are banned
|rule|Evasion Abilities Clause: Evasion abilities are banned
|rule|Sleep Moves Clause: Sleep-inducing moves are banned
|clearpoke
|poke|p1|Ninetales, M|
|poke|p1|Great Tusk|
|poke|p1|Slither Wing|
|poke|p1|Raging Bolt|
|poke|p1|Iron Moth|
|poke|p1|Alomomola, M|
|poke|p2|Iron Valiant|
|poke|p2|Keldeo-Resolute|
|poke|p2|Iron Treads|
|poke|p2|Moltres|
|poke|p2|Sinistcha|
|poke|p2|Slowking-Galar, M|
|teampreview
|inactive|Battle timer is ON: inactive players will automatically lose when time's up. (requested by Blank_Playe_pract)
|inactive|lord shiddenfards has 120 seconds left.
|
|t:|1758356174
|teamsize|p1|6
|teamsize|p2|6
|start
|switch|p1a: Great Tusk|Great Tusk|100/100
|switch|p2a: Slowking|Slowking-Galar, M|100/100
|turn|1
|
|t:|1758356181
|switch|p2a: Sinistcha|Sinistcha|100/100
|move|p1a: Great Tusk|Headlong Rush|p2a: Sinistcha
|-resisted|p2a: Sinistcha
|-damage|p2a: Sinistcha|80/100
|-unboost|p1a: Great Tusk|def|1
|-unboost|p1a: Great Tusk|spd|1
|
|-heal|p2a: Sinistcha|86/100|[from] item: Leftovers
|upkeep
|turn|2
|
|t:|1758356190
|-end|p1a: Great Tusk|Protosynthesis|[silent]
|switch|p1a: Ninetales|Ninetales, M|100/100
|-weather|SunnyDay|[from] ability: Drought|[of] p1a: Ninetales
|switch|p2a: Slowking|Slowking-Galar, M|100/100
|
|-weather|SunnyDay|[upkeep]
|upkeep
|turn|3
|
|t:|1758356194
|move|p1a: Ninetales|Scorching Sands|p2a: Slowking
|-supereffective|p2a: Slowking
|-damage|p2a: Slowking|72/100
|-prepare|p2a: Slowking|Chilly Reception|[premajor]
|move|p2a: Slowking|Chilly Reception|p2a: Slowking
|-weather|Snowscape
|
|t:|1758356197
|switch|p2a: Keldeo|Keldeo-Resolute|100/100|[from] Chilly Reception
|
|-weather|Snowscape|[upkeep]
|upkeep
|turn|4
|
|t:|1758356206
|switch|p1a: Raging Bolt|Raging Bolt|100/100
|move|p2a: Keldeo|Secret Sword|p1a: Raging Bolt
|-damage|p1a: Raging Bolt|45/100
|
|-weather|Snowscape|[upkeep]
|upkeep
|turn|5
|
|t:|1758356214
|-terastallize|p1a: Raging Bolt|Fairy
|move|p2a: Keldeo|Secret Sword|p1a: Raging Bolt
|-resisted|p1a: Raging Bolt
|-damage|p1a: Raging Bolt|19/100
|move|p1a: Raging Bolt|Volt Switch|p2a: Keldeo
|-supereffective|p2a: Keldeo
|-damage|p2a: Keldeo|5/100
|
|t:|1758356224
|-end|p1a: Raging Bolt|Protosynthesis|[silent]
|switch|p1a: Alomomola|Alomomola, M|100/100|[from] Volt Switch
|
|-weather|Snowscape|[upkeep]
|upkeep
|turn|6
|
|t:|1758356236
|move|p2a: Keldeo|Secret Sword|p1a: Alomomola
|-damage|p1a: Alomomola|55/100
|-enditem|p1a: Alomomola|Eject Button
|
|t:|1758356245
|switch|p1a: Slither Wing|Slither Wing|100/100
|
|-weather|Snowscape|[upkeep]
|upkeep
|turn|7
|
|t:|1758356250
|switch|p2a: Moltres|Moltres|100/100
|move|p1a: Slither Wing|U-turn|p2a: Moltres
|-resisted|p2a: Moltres
|-damage|p2a: Moltres|89/100
|
|t:|1758356267
|-end|p1a: Slither Wing|Protosynthesis|[silent]
|switch|p1a: Alomomola|Alomomola, M|88/100|[from] U-turn
|
|-weather|none
|upkeep
|turn|8
|
|t:|1758356272
|move|p1a: Alomomola|Wish|p1a: Alomomola
|move|p2a: Moltres|Roar|p1a: Alomomola
|drag|p1a: Iron Moth|Iron Moth|100/100
|-enditem|p1a: Iron Moth|Booster Energy
|-activate|p1a: Iron Moth|ability: Quark Drive|[fromitem]
|-start|p1a: Iron Moth|quarkdrivespe
|
|upkeep
|turn|9
|inactive|lord shiddenfards has 120 seconds left.
|
|t:|1758356321
|switch|p2a: Slowking|Slowking-Galar, M|100/100
|move|p1a: Iron Moth|Fiery Dance|p2a: Slowking
|-damage|p2a: Slowking|77/100
|-boost|p1a: Iron Moth|spa|1
|
|upkeep
|turn|10
|
|t:|1758356331
|move|p1a: Iron Moth|Fiery Dance|p2a: Slowking
|-crit|p2a: Slowking
|-damage|p2a: Slowking|22/100
|move|p2a: Slowking|Future Sight|p1a: Iron Moth
|-start|p2a: Slowking|move: Future Sight
|
|upkeep
|turn|11
|
|t:|1758356350
|switch|p2a: Keldeo|Keldeo-Resolute|5/100
|move|p1a: Iron Moth|Fiery Dance|p2a: Keldeo
|-resisted|p2a: Keldeo
|-damage|p2a: Keldeo|0 fnt
|faint|p2a: Keldeo
|
|upkeep
|
|t:|1758356360
|switch|p2a: Moltres|Moltres|89/100
|turn|12
|
|t:|1758356367
|switch|p2a: Slowking|Slowking-Galar, M|55/100
|move|p1a: Iron Moth|Fiery Dance|p2a: Slowking
|-damage|p2a: Slowking|22/100
|-boost|p1a: Iron Moth|spa|1
|
|-end|p1a: Iron Moth|move: Future Sight
|-supereffective|p1a: Iron Moth
|-damage|p1a: Iron Moth|21/100
|upkeep
|turn|13
|
|t:|1758356388
|move|p1a: Iron Moth|Fiery Dance|p2a: Slowking
|-damage|p2a: Slowking|0 fnt
|-boost|p1a: Iron Moth|spa|1
|faint|p2a: Slowking
|
|upkeep
|
|t:|1758356390
|switch|p2a: Iron Valiant|Iron Valiant|100/100
|-enditem|p2a: Iron Valiant|Booster Energy
|-activate|p2a: Iron Valiant|ability: Quark Drive|[fromitem]
|-start|p2a: Iron Valiant|quarkdrivespe
|turn|14
|inactive|lord shiddenfards has 120 seconds left.
|
|t:|1758356412
|-end|p1a: Iron Moth|Quark Drive|[silent]
|switch|p1a: Ninetales|Ninetales, M|100/100
|-weather|SunnyDay|[from] ability: Drought|[of] p1a: Ninetales
|move|p2a: Iron Valiant|Knock Off|p1a: Ninetales
|-damage|p1a: Ninetales|49/100
|-enditem|p1a: Ninetales|Choice Specs|[from] move: Knock Off|[of] p2a: Iron Valiant
|
|-weather|SunnyDay|[upkeep]
|upkeep
|turn|15
|
|t:|1758356417
|move|p2a: Iron Valiant|Close Combat|p1a: Ninetales
|-damage|p1a: Ninetales|0 fnt
|-unboost|p2a: Iron Valiant|def|1
|-unboost|p2a: Iron Valiant|spd|1
|faint|p1a: Ninetales
|
|-weather|SunnyDay|[upkeep]
|upkeep
|
|t:|1758356426
|switch|p1a: Alomomola|Alomomola, M|100/100
|turn|16
|
|t:|1758356434
|move|p2a: Iron Valiant|Moonblast|p1a: Alomomola
|-damage|p1a: Alomomola|69/100
|-unboost|p1a: Alomomola|spa|1
|move|p1a: Alomomola|Flip Turn|p2a: Iron Valiant
|-damage|p2a: Iron Valiant|86/100
|inactive|lord shiddenfards has 120 seconds left.
|
|t:|1758356451
|switch|p1a: Raging Bolt|Raging Bolt, tera:Fairy|19/100|[from] Flip Turn
|-activate|p1a: Raging Bolt|ability: Protosynthesis
|-start|p1a: Raging Bolt|protosynthesisspa
|
|-weather|SunnyDay|[upkeep]
|upkeep
|turn|17
|
|t:|1758356457
|-end|p2a: Iron Valiant|Quark Drive|[silent]
|switch|p2a: Iron Treads|Iron Treads|100/100
|move|p1a: Raging Bolt|Volt Switch|p2a: Iron Treads
|-immune|p2a: Iron Treads
|
|-weather|SunnyDay|[upkeep]
|upkeep
|turn|18
|inactive|lord shiddenfards has 120 seconds left.
|
|t:|1758356483
|-end|p1a: Raging Bolt|Protosynthesis|[silent]
|switch|p1a: Great Tusk|Great Tusk|100/100
|-activate|p1a: Great Tusk|ability: Protosynthesis
|-start|p1a: Great Tusk|protosynthesisatk
|move|p2a: Iron Treads|Stealth Rock|p1a: Great Tusk
|-sidestart|p1: lord shiddenfards|move: Stealth Rock
|
|-weather|none
|-end|p1a: Great Tusk|Protosynthesis
|upkeep
|turn|19
|
|t:|1758356489
|-end|p2a: Iron Treads|Quark Drive|[silent]
|switch|p2a: Moltres|Moltres|89/100
|move|p1a: Great Tusk|Ice Spinner|p2a: Moltres
|-damage|p2a: Moltres|70/100
|-status|p1a: Great Tusk|brn|[from] ability: Flame Body|[of] p2a: Moltres
|
|-damage|p1a: Great Tusk|94/100 brn|[from] brn
|upkeep
|turn|20
|inactive|lord shiddenfards has 120 seconds left.
|
|t:|1758356501
|-end|p1a: Great Tusk|Protosynthesis|[silent]
|switch|p1a: Alomomola|Alomomola, M|100/100
|-damage|p1a: Alomomola|88/100|[from] Stealth Rock
|switch|p2a: Sinistcha|Sinistcha|86/100
|
|-heal|p2a: Sinistcha|92/100|[from] item: Leftovers
|upkeep
|turn|21
|inactive|lord shiddenfards has 120 seconds left.
|
|t:|1758356539
|move|p2a: Sinistcha|Matcha Gotcha|p1a: Alomomola
|-supereffective|p1a: Alomomola
|-damage|p1a: Alomomola|35/100
|-heal|p2a: Sinistcha|100/100|[from] drain|[of] p1a: Alomomola
|move|p1a: Alomomola|Healing Wish|p1a: Alomomola
|faint|p1a: Alomomola
|
|upkeep
|inactive|lord shiddenfards has 90 seconds left.
|c|☆Blank_Playe_pract|ohh that might be a problem
|inactive|lord shiddenfards has 60 seconds left.
|
|t:|1758356582
|switch|p1a: Raging Bolt|Raging Bolt, tera:Fairy|19/100
|-heal|p1a: Raging Bolt|100/100|[from] move: Healing Wish
|-damage|p1a: Raging Bolt|88/100|[from] Stealth Rock
|turn|22
|
|t:|1758356592
|switch|p2a: Iron Treads|Iron Treads|100/100
|move|p1a: Raging Bolt|Draco Meteor|p2a: Iron Treads
|-resisted|p2a: Iron Treads
|-damage|p2a: Iron Treads|68/100
|-unboost|p1a: Raging Bolt|spa|2
|
|-heal|p2a: Iron Treads|75/100|[from] item: Leftovers
|upkeep
|turn|23
|
|t:|1758356601
|-end|p1a: Raging Bolt|Protosynthesis|[silent]
|switch|p1a: Great Tusk|Great Tusk|94/100 brn
|move|p2a: Iron Treads|Knock Off|p1a: Great Tusk
|-resisted|p1a: Great Tusk
|-damage|p1a: Great Tusk|86/100 brn
|-enditem|p1a: Great Tusk|Heavy-Duty Boots|[from] move: Knock Off|[of] p2a: Iron Treads
|
|-heal|p2a: Iron Treads|81/100|[from] item: Leftovers
|-damage|p1a: Great Tusk|79/100 brn|[from] brn
|upkeep
|turn|24
|
|t:|1758356607
|-end|p2a: Iron Treads|Quark Drive|[silent]
|switch|p2a: Sinistcha|Sinistcha|100/100
|move|p1a: Great Tusk|Ice Spinner|p2a: Sinistcha
|-supereffective|p2a: Sinistcha
|-damage|p2a: Sinistcha|81/100
|
|-heal|p2a: Sinistcha|87/100|[from] item: Leftovers
|-damage|p1a: Great Tusk|73/100 brn|[from] brn
|upkeep
|turn|25
|
|t:|1758356614
|-end|p1a: Great Tusk|Protosynthesis|[silent]
|switch|p1a: Slither Wing|Slither Wing|100/100
|-damage|p1a: Slither Wing|88/100|[from] Stealth Rock
|move|p2a: Sinistcha|Calm Mind|p2a: Sinistcha
|-boost|p2a: Sinistcha|spa|1
|-boost|p2a: Sinistcha|spd|1
|
|-heal|p2a: Sinistcha|93/100|[from] item: Leftovers
|upkeep
|turn|26
|
|t:|1758356621
|switch|p2a: Moltres|Moltres|70/100
|move|p1a: Slither Wing|U-turn|p2a: Moltres
|-resisted|p2a: Moltres
|-damage|p2a: Moltres|60/100
|inactive|lord shiddenfards has 90 seconds left.
|
|t:|1758356628
|-end|p1a: Slither Wing|Protosynthesis|[silent]
|switch|p1a: Raging Bolt|Raging Bolt, tera:Fairy|88/100|[from] U-turn
|-damage|p1a: Raging Bolt|76/100|[from] Stealth Rock
|
|upkeep
|turn|27
|
|t:|1758356632
|switch|p2a: Iron Treads|Iron Treads|81/100
|move|p1a: Raging Bolt|Volt Switch|p2a: Iron Treads
|-immune|p2a: Iron Treads
|
|-heal|p2a: Iron Treads|87/100|[from] item: Leftovers
|upkeep
|turn|28
|
|t:|1758356638
|-end|p1a: Raging Bolt|Protosynthesis|[silent]
|switch|p1a: Great Tusk|Great Tusk|73/100 brn
|-damage|p1a: Great Tusk|70/100 brn|[from] Stealth Rock
|move|p2a: Iron Treads|Earthquake|p1a: Great Tusk
|-damage|p1a: Great Tusk|42/100 brn
|
|-heal|p2a: Iron Treads|93/100|[from] item: Leftovers
|-damage|p1a: Great Tusk|36/100 brn|[from] brn
|upkeep
|turn|29
|
|t:|1758356652
|-end|p2a: Iron Treads|Quark Drive|[silent]
|switch|p2a: Sinistcha|Sinistcha|93/100
|move|p1a: Great Tusk|Rapid Spin|p2a: Sinistcha
|-immune|p2a: Sinistcha
|
|-heal|p2a: Sinistcha|99/100|[from] item: Leftovers
|-damage|p1a: Great Tusk|30/100 brn|[from] brn
|upkeep
|turn|30
|
|t:|1758356663
|-end|p1a: Great Tusk|Protosynthesis|[silent]
|switch|p1a: Slither Wing|Slither Wing|88/100
|-damage|p1a: Slither Wing|76/100|[from] Stealth Rock
|move|p2a: Sinistcha|Matcha Gotcha|p1a: Slither Wing
|-resisted|p1a: Slither Wing
|-damage|p1a: Slither Wing|59/100
|-heal|p2a: Sinistcha|100/100|[from] drain|[of] p1a: Slither Wing
|
|upkeep
|turn|31
|inactive|lord shiddenfards has 120 seconds left.
|
|t:|1758356688
|-end|p1a: Slither Wing|Protosynthesis|[silent]
|switch|p1a: Raging Bolt|Raging Bolt, tera:Fairy|76/100
|-damage|p1a: Raging Bolt|63/100|[from] Stealth Rock
|switch|p2a: Moltres|Moltres|60/100
|
|upkeep
|turn|32
|
|t:|1758356693
|switch|p2a: Iron Treads|Iron Treads|93/100
|move|p1a: Raging Bolt|Draco Meteor|p2a: Iron Treads
|-resisted|p2a: Iron Treads
|-damage|p2a: Iron Treads|62/100
|-unboost|p1a: Raging Bolt|spa|2
|
|-heal|p2a: Iron Treads|69/100|[from] item: Leftovers
|upkeep
|turn|33
|
|t:|1758356698
|-end|p1a: Raging Bolt|Protosynthesis|[silent]
|switch|p1a: Great Tusk|Great Tusk|30/100 brn
|-damage|p1a: Great Tusk|27/100 brn|[from] Stealth Rock
|move|p2a: Iron Treads|Earthquake|p1a: Great Tusk
|-damage|p1a: Great Tusk|0 fnt
|faint|p1a: Great Tusk
|-end|p1a: Great Tusk|Protosynthesis|[silent]
|
|-heal|p2a: Iron Treads|75/100|[from] item: Leftovers
|upkeep
|inactive|lord shiddenfards has 120 seconds left.
|
|t:|1758356717
|switch|p1a: Slither Wing|Slither Wing|59/100
|-damage|p1a: Slither Wing|47/100|[from] Stealth Rock
|turn|34
|
|t:|1758356721
|-end|p2a: Iron Treads|Quark Drive|[silent]
|switch|p2a: Moltres|Moltres|60/100
|move|p1a: Slither Wing|Earthquake|p2a: Moltres
|-immune|p2a: Moltres
|
|upkeep
|turn|35
|
|t:|1758356725
|-end|p1a: Slither Wing|Protosynthesis|[silent]
|switch|p1a: Raging Bolt|Raging Bolt, tera:Fairy|63/100
|-damage|p1a: Raging Bolt|51/100|[from] Stealth Rock
|move|p2a: Moltres|Roost|p2a: Moltres
|-heal|p2a: Moltres|100/100
|-singleturn|p2a: Moltres|move: Roost
|
|upkeep
|turn|36
|
|t:|1758356729
|switch|p2a: Iron Treads|Iron Treads|75/100
|move|p1a: Raging Bolt|Draco Meteor|p2a: Iron Treads
|-resisted|p2a: Iron Treads
|-crit|p2a: Iron Treads
|-damage|p2a: Iron Treads|26/100
|-unboost|p1a: Raging Bolt|spa|2
|
|-heal|p2a: Iron Treads|33/100|[from] item: Leftovers
|upkeep
|turn|37
|
|t:|1758356734
|-end|p1a: Raging Bolt|Protosynthesis|[silent]
|switch|p1a: Iron Moth|Iron Moth|21/100
|-damage|p1a: Iron Moth|0 fnt|[from] Stealth Rock
|faint|p1a: Iron Moth
|-end|p1a: Iron Moth|Quark Drive|[silent]
|move|p2a: Iron Treads|Earthquake|p1: Iron Moth|[notarget]
|-fail|p2a: Iron Treads
|
|-heal|p2a: Iron Treads|39/100|[from] item: Leftovers
|upkeep
|
|t:|1758356739
|switch|p1a: Slither Wing|Slither Wing|47/100
|-damage|p1a: Slither Wing|35/100|[from] Stealth Rock
|turn|38
|
|t:|1758356744
|-end|p2a: Iron Treads|Quark Drive|[silent]
|switch|p2a: Moltres|Moltres|100/100
|move|p1a: Slither Wing|Earthquake|p2a: Moltres
|-immune|p2a: Moltres
|
|upkeep
|turn|39
|
|t:|1758356747
|-end|p1a: Slither Wing|Protosynthesis|[silent]
|switch|p1a: Raging Bolt|Raging Bolt, tera:Fairy|51/100
|-damage|p1a: Raging Bolt|39/100|[from] Stealth Rock
|move|p2a: Moltres|Flamethrower|p1a: Raging Bolt
|-damage|p1a: Raging Bolt|17/100
|
|upkeep
|turn|40
|
|t:|1758356751
|switch|p2a: Iron Treads|Iron Treads|39/100
|move|p1a: Raging Bolt|Draco Meteor|p2a: Iron Treads
|-resisted|p2a: Iron Treads
|-damage|p2a: Iron Treads|9/100
|-unboost|p1a: Raging Bolt|spa|2
|
|-heal|p2a: Iron Treads|15/100|[from] item: Leftovers
|upkeep
|turn|41
|c|☆Blank_Playe_pract|ggwp
|c|☆lord shiddenfards|gg
|c|☆lord shiddenfards|h8 moltres
|inactive|lord shiddenfards has 120 seconds left.
|c|☆Blank_Playe_pract|haha
|-message|lord shiddenfards forfeited.
|
|win|Blank_Playe_pract
|raw|lord shiddenfards's rating: 1640 &rarr; <strong>1621</strong><br />(-19 for losing)
|raw|Blank_Playe_pract's rating: 1664 &rarr; <strong>1683</strong><br />(+19 for winning)
|l|☆Blank_Playe_pract
|player|p2|
