|j|☆crashbuster
|j|☆idonteatpets
|t:|1758373871
|gametype|singles
|player|p1|crashbuster|brycenman|1113
|player|p2|idonteatpets|169|1178
|gen|9
|tier|[Gen 9] OU
|rated|
|rule|HP Percentage Mod: HP is shown in percentages
|rule|Endless Battle Clause: Forcing endless battles is banned
|rule|Species Clause: Limit one of each Pokémon
|rule|OHKO Clause: OHKO moves are banned
|rule|Evasion Items Clause: Evasion items are banned
|rule|Evasion Moves Clause: Evasion moves are banned
|rule|Evasion Abilities Clause: Evasion abilities are banned
|rule|Sleep Moves Clause: Sleep-inducing moves are banned
|clearpoke
|poke|p1|Braviary-Hisui, M|
|poke|p1|Electrode-Hisui|
|poke|p1|Lilligant-Hisui, F|
|poke|p1|Zoroark-Hisui, M|
|poke|p1|Avalugg-Hisui, M|
|poke|p1|Arcanine-Hisui, F|
|poke|p2|Regice|
|poke|p2|Iron Treads|
|poke|p2|Hatterene, F|
|poke|p2|Latios, M|
|poke|p2|Kingambit, F|
|poke|p2|Ninetales-Alola, M|
|teampreview
|
|t:|1758373882
|teamsize|p1|6
|teamsize|p2|6
|start
|switch|p1a: Lilligant|Lilligant-Hisui, F|100/100
|switch|p2a: Kingambit|Kingambit, F|100/100
|turn|1
|
|t:|1758373908
|-end|p2a: Kingambit|fallenundefined|[silent]
|switch|p2a: Regice|Regice|100/100
|move|p1a: Lilligant|Victory Dance|p1a: Lilligant
|-boost|p1a: Lilligant|atk|1
|-boost|p1a: Lilligant|def|1
|-boost|p1a: Lilligant|spe|1
|
|upkeep
|turn|2
|
|t:|1758373924
|move|p1a: Lilligant|Axe Kick|p2a: Regice
|-supereffective|p2a: Regice
|-damage|p2a: Regice|0 fnt
|faint|p2a: Regice
|
|upkeep
|inactive|Battle timer is ON: inactive players will automatically lose when time's up. (requested by crashbuster)
|inactive|idonteatpets has 120 seconds left.
|
|t:|1758373986
|switch|p2a: Latios|Latios, M|100/100
|turn|3
|
|t:|1758373997
|move|p2a: Latios|Ice Beam|p1a: Lilligant
|-supereffective|p1a: Lilligant
|-enditem|p1a: Lilligant|Focus Sash
|-damage|p1a: Lilligant|1/100
|move|p1a: Lilligant|Ice Spinner|p2a: Latios
|-supereffective|p2a: Latios
|-damage|p2a: Latios|0 fnt
|faint|p2a: Latios
|
|upkeep
|
|t:|1758374006
|switch|p2a: Kingambit|Kingambit, F|100/100
|-activate|p2a: Kingambit|ability: Supreme Overlord
|-start|p2a: Kingambit|fallen2|[silent]
|turn|4
|
|t:|1758374011
|move|p2a: Kingambit|Sucker Punch|p1a: Lilligant
|-resisted|p1a: Lilligant
|-damage|p1a: Lilligant|0 fnt
|faint|p1a: Lilligant
|
|upkeep
|
|t:|1758374018
|switch|p1a: Avalugg|Avalugg-Hisui, M, shiny|100/100
|turn|5
|
|t:|1758374041
|-end|p2a: Kingambit|fallen2|[silent]
|switch|p2a: Hatterene|Hatterene, F|100/100
|move|p1a: Avalugg|Body Press|p2a: Hatterene
|-resisted|p2a: Hatterene
|-damage|p2a: Hatterene|92/100
|
|-heal|p2a: Hatterene|98/100|[from] item: Leftovers
|upkeep
|turn|6
|
|t:|1758374053
|move|p1a: Avalugg|Icicle Spear|p2a: Hatterene
|-damage|p2a: Hatterene|83/100
|-damage|p2a: Hatterene|68/100
|-crit|p2a: Hatterene
|-damage|p2a: Hatterene|48/100
|-damage|p2a: Hatterene|33/100
|-hitcount|p2a: Hatterene|4
|move|p2a: Hatterene|Calm Mind|p2a: Hatterene
|-boost|p2a: Hatterene|spa|1
|-boost|p2a: Hatterene|spd|1
|
|-heal|p2a: Hatterene|39/100|[from] item: Leftovers
|upkeep
|turn|7
|
|t:|1758374067
|move|p1a: Avalugg|Icicle Spear|p2a: Hatterene
|-damage|p2a: Hatterene|23/100
|-damage|p2a: Hatterene|8/100
|-damage|p2a: Hatterene|0 fnt
|faint|p2a: Hatterene
|-hitcount|p2: Hatterene|3
|
|upkeep
|
|t:|1758374075
|switch|p2a: Iron Treads|Iron Treads|100/100
|-enditem|p2a: Iron Treads|Booster Energy
|-activate|p2a: Iron Treads|ability: Quark Drive|[fromitem]
|-start|p2a: Iron Treads|quarkdrivedef
|turn|8
|
|t:|1758374083
|move|p2a: Iron Treads|Body Press|p1a: Avalugg
|-supereffective|p1a: Avalugg
|-damage|p1a: Avalugg|27/100
|move|p1a: Avalugg|Stealth Rock|p2a: Iron Treads
|-sidestart|p2: idonteatpets|move: Stealth Rock
|
|upkeep
|turn|9
|
|t:|1758374090
|switch|p1a: Braviary|Braviary-Hisui, M, shiny|100/100
|move|p2a: Iron Treads|Rapid Spin|p1a: Braviary
|-immune|p1a: Braviary
|
|upkeep
|turn|10
|c|☆idonteatpets|what
|c|☆idonteatpets|why doesnt it affect
|
|t:|1758374113
|move|p1a: Braviary|Flamethrower|p2a: Iron Treads
|-supereffective|p2a: Iron Treads
|-damage|p2a: Iron Treads|0 fnt
|faint|p2a: Iron Treads
|-end|p2a: Iron Treads|Quark Drive|[silent]
|
|upkeep
|
|t:|1758374117
|switch|p2a: Ninetales|Ninetales-Alola, M|100/100
|-damage|p2a: Ninetales|76/100|[from] Stealth Rock
|-weather|Snowscape|[from] ability: Snow Warning|[of] p2a: Ninetales
|turn|11
|
|t:|1758374124
|move|p1a: Braviary|Flamethrower|p2a: Ninetales
|-supereffective|p2a: Ninetales
|-damage|p2a: Ninetales|0 fnt
|faint|p2a: Ninetales
|
|-weather|Snowscape|[upkeep]
|upkeep
|
|t:|1758374129
|switch|p2a: Kingambit|Kingambit, F|100/100
|-damage|p2a: Kingambit|94/100|[from] Stealth Rock
|-activate|p2a: Kingambit|ability: Supreme Overlord
|-start|p2a: Kingambit|fallen5|[silent]
|turn|12
|c|☆idonteatpets|gg
|
|t:|1758374138
|switch|p1a: Avalugg|Avalugg-Hisui, M, shiny|27/100
|-terastallize|p2a: Kingambit|Ghost
|move|p2a: Kingambit|Swords Dance|p2a: Kingambit
|-boost|p2a: Kingambit|atk|2
|
|-weather|Snowscape|[upkeep]
|-heal|p2a: Kingambit|100/100|[from] item: Leftovers
|upkeep
|turn|13
|c|☆crashbuster|It was  a  zoruarc
|c|☆idonteatpets|oh lol
|inactive|idonteatpets has 120 seconds left.
|
|t:|1758374175
|move|p2a: Kingambit|Sucker Punch|p1a: Avalugg
|-damage|p1a: Avalugg|0 fnt
|faint|p1a: Avalugg
|
|-weather|Snowscape|[upkeep]
|upkeep
|
|t:|1758374183
|switch|p1a: Arcanine|Arcanine-Hisui, F|100/100
|turn|14
|
|t:|1758374190
|move|p2a: Kingambit|Sucker Punch|p1a: Arcanine
|-damage|p1a: Arcanine|0 fnt
|faint|p1a: Arcanine
|
|-weather|Snowscape|[upkeep]
|upkeep
|
|t:|1758374206
|switch|p1a: Electrode|Electrode-Hisui|100/100
|turn|15
|
|t:|1758374210
|move|p2a: Kingambit|Sucker Punch||[still]
|-fail|p2a: Kingambit
|move|p1a: Electrode|Taunt|p2a: Kingambit
|-start|p2a: Kingambit|move: Taunt
|
|-weather|Snowscape|[upkeep]
|upkeep
|turn|16
|
|t:|1758374224
|move|p2a: Kingambit|Sucker Punch|p1a: Electrode
|-damage|p1a: Electrode|0 fnt
|faint|p1a: Electrode
|
|-weather|Snowscape|[upkeep]
|upkeep
|c|☆idonteatpets|lol
|
|t:|1758374229
|switch|p1a: Braviary|Braviary-Hisui, M, shiny|100/100
|turn|17
|
|t:|1758374237
|-terastallize|p1a: Braviary|Fighting
|move|p2a: Kingambit|Sucker Punch|p1a: Braviary
|-resisted|p1a: Braviary
|-damage|p1a: Braviary|24/100
|move|p1a: Braviary|Esper Wing|p2a: Kingambit
|-crit|p2a: Kingambit
|-damage|p2a: Kingambit|54/100
|-boost|p1a: Braviary|spe|1
|
|-weather|Snowscape|[upkeep]
|-heal|p2a: Kingambit|60/100|[from] item: Leftovers
|upkeep
|turn|18
|
|t:|1758374256
|switch|p1a: Braviary|Braviary-Hisui, M, shiny|100/100
|move|p2a: Kingambit|Kowtow Cleave|p1a: Braviary
|-supereffective|p1a: Braviary
|-damage|p1a: Braviary|0 fnt
|replace|p1a: Zoroark|Zoroark-Hisui, M
|-end|p1a: Zoroark|Illusion
|faint|p1a: Zoroark
|
|-weather|none
|-heal|p2a: Kingambit|66/100|[from] item: Leftovers
|-end|p2a: Kingambit|move: Taunt
|upkeep
|
|t:|1758374262
|switch|p1a: Braviary|Braviary-Hisui, M, shiny, tera:Fighting|24/100
|turn|19
|c|☆crashbuster|...
|
|t:|1758374276
|move|p2a: Kingambit|Sucker Punch|p1a: Braviary
|-resisted|p1a: Braviary
|-damage|p1a: Braviary|0 fnt
|faint|p1a: Braviary
|
|win|idonteatpets
|raw|crashbuster's rating: 1113 &rarr; <strong>1093</strong><br />(-20 for losing)
|raw|idonteatpets's rating: 1178 &rarr; <strong>1198</strong><br />(+20 for winning)
|c|☆idonteatpets|what
|c|☆idonteatpets|gg
|c|☆crashbuster|Gg
|c|☆idonteatpets|geegge
|l|☆crashbuster
|player|p1|
