|j|☆scorbunny11
|j|☆LousiV
|t:|1758360897
|gametype|singles
|player|p1|scorbunny11|dawn|1283
|player|p2|LousiV|102|1250
|gen|9
|tier|[Gen 9] OU
|rated|
|rule|HP Percentage Mod: HP is shown in percentages
|rule|Endless Battle Clause: Forcing endless battles is banned
|rule|Species Clause: Limit one of each Pokémon
|rule|OHKO Clause: OHKO moves are banned
|rule|Evasion Items Clause: Evasion items are banned
|rule|Evasion Moves Clause: Evasion moves are banned
|rule|Evasion Abilities Clause: Evasion abilities are banned
|rule|Sleep Moves Clause: Sleep-inducing moves are banned
|clearpoke
|poke|p1|Cinderace, M|
|poke|p1|Hydreigon, M|
|poke|p1|Great Tusk|
|poke|p1|Gastrodon-East, F|
|poke|p1|Meowstic, M|
|poke|p1|Kilowattrel, F|
|poke|p2|Cetitan, F|
|poke|p2|Azumarill, M|
|poke|p2|Abomasnow, F|
|poke|p2|Slowking, M|
|poke|p2|Sandy Shocks|
|poke|p2|Dragonite, M|
|teampreview
|inactive|Battle timer is ON: inactive players will automatically lose when time's up. (requested by scorbunny11)
|
|t:|1758360911
|teamsize|p1|6
|teamsize|p2|6
|start
|switch|p1a: Kilowattrel|Kilowattrel, F|100/100
|switch|p2a: Abomasnow|Abomasnow, F|100/100
|-weather|Snowscape|[from] ability: Snow Warning|[of] p2a: Abomasnow
|turn|1
|
|t:|1758360923
|move|p1a: Kilowattrel|Air Slash|p2a: Abomasnow
|-supereffective|p2a: Abomasnow
|-damage|p2a: Abomasnow|55/100
|cant|p2a: Abomasnow|flinch
|
|-weather|Snowscape|[upkeep]
|upkeep
|turn|2
|
|t:|1758360928
|move|p1a: Kilowattrel|Air Slash|p2a: Abomasnow
|-supereffective|p2a: Abomasnow
|-damage|p2a: Abomasnow|12/100
|cant|p2a: Abomasnow|flinch
|
|-weather|Snowscape|[upkeep]
|upkeep
|turn|3
|
|t:|1758360933
|switch|p2a: Sandy Shocks|Sandy Shocks|100/100
|move|p1a: Kilowattrel|Air Slash|p2a: Sandy Shocks
|-resisted|p2a: Sandy Shocks
|-damage|p2a: Sandy Shocks|78/100
|
|-weather|Snowscape|[upkeep]
|upkeep
|turn|4
|
|t:|1758360939
|switch|p1a: Great Tusk|Great Tusk|100/100
|move|p2a: Sandy Shocks|Flash Cannon|p1a: Great Tusk
|-damage|p1a: Great Tusk|43/100
|
|-weather|Snowscape|[upkeep]
|upkeep
|turn|5
|
|t:|1758360945
|move|p2a: Sandy Shocks|Flash Cannon|p1a: Great Tusk
|-damage|p1a: Great Tusk|0 fnt
|faint|p1a: Great Tusk
|-end|p1a: Great Tusk|Protosynthesis|[silent]
|
|-weather|none
|upkeep
|
|t:|1758360946
|switch|p1a: Gastrodon|Gastrodon-East, F|100/100
|turn|6
|
|t:|1758360953
|-end|p2a: Sandy Shocks|Protosynthesis|[silent]
|switch|p2a: Abomasnow|Abomasnow, F|12/100
|-weather|Snowscape|[from] ability: Snow Warning|[of] p2a: Abomasnow
|move|p1a: Gastrodon|Surf|p2a: Abomasnow
|-resisted|p2a: Abomasnow
|-damage|p2a: Abomasnow|3/100
|
|-weather|Snowscape|[upkeep]
|upkeep
|turn|7
|
|t:|1758360962
|move|p2a: Abomasnow|Leaf Storm|p1a: Gastrodon
|-supereffective|p1a: Gastrodon
|-damage|p1a: Gastrodon|0 fnt
|-unboost|p2a: Abomasnow|spa|2
|faint|p1a: Gastrodon
|
|-weather|Snowscape|[upkeep]
|upkeep
|
|t:|1758360966
|switch|p1a: Kilowattrel|Kilowattrel, F|100/100
|turn|8
|
|t:|1758360969
|switch|p2a: Slowking|Slowking, M|100/100
|move|p1a: Kilowattrel|Air Slash|p2a: Slowking
|-damage|p2a: Slowking|78/100
|
|-weather|Snowscape|[upkeep]
|-heal|p2a: Slowking|84/100|[from] item: Leftovers
|upkeep
|turn|9
|
|t:|1758360971
|move|p1a: Kilowattrel|Thunderbolt|p2a: Slowking
|-supereffective|p2a: Slowking
|-damage|p2a: Slowking|17/100
|-status|p2a: Slowking|par
|move|p2a: Slowking|Psychic Noise|p1a: Kilowattrel
|-damage|p1a: Kilowattrel|55/100
|-start|p1a: Kilowattrel|move: Heal Block
|
|-weather|Snowscape|[upkeep]
|-heal|p2a: Slowking|23/100 par|[from] item: Leftovers
|upkeep
|turn|10
|
|t:|1758360979
|move|p1a: Kilowattrel|Thunderbolt|p2a: Slowking
|-supereffective|p2a: Slowking
|-damage|p2a: Slowking|0 fnt
|faint|p2a: Slowking
|
|-weather|none
|-end|p1a: Kilowattrel|move: Heal Block
|upkeep
|
|t:|1758360984
|switch|p2a: Abomasnow|Abomasnow, F|3/100
|-weather|Snowscape|[from] ability: Snow Warning|[of] p2a: Abomasnow
|turn|11
|
|t:|1758360986
|move|p1a: Kilowattrel|Air Slash|p2a: Abomasnow
|-supereffective|p2a: Abomasnow
|-damage|p2a: Abomasnow|0 fnt
|faint|p2a: Abomasnow
|
|-weather|Snowscape|[upkeep]
|upkeep
|
|t:|1758360988
|switch|p2a: Cetitan|Cetitan, F|100/100
|turn|12
|l|☆scorbunny11
|inactive|scorbunny11 disconnected and has a minute to reconnect!
|player|p1|
|j|☆scorbunny11
|inactive|scorbunny11 reconnected and has 145 seconds left.
|player|p1|scorbunny11|dawn|
|
|t:|1758360999
|move|p2a: Cetitan|Ice Shard|p1a: Kilowattrel
|-supereffective|p1a: Kilowattrel
|-damage|p1a: Kilowattrel|0 fnt
|faint|p1a: Kilowattrel
|-damage|p2a: Cetitan|91/100|[from] item: Life Orb
|
|-weather|Snowscape|[upkeep]
|upkeep
|
|t:|1758361003
|switch|p1a: Meowstic|Meowstic, M|100/100
|turn|13
|
|t:|1758361009
|move|p1a: Meowstic|Reflect|p1a: Meowstic
|-sidestart|p1: scorbunny11|Reflect
|move|p2a: Cetitan|Icicle Crash|p1a: Meowstic
|-damage|p1a: Meowstic|59/100
|
|-weather|Snowscape|[upkeep]
|upkeep
|turn|14
|
|t:|1758361014
|move|p1a: Meowstic|Thunder Wave|p2a: Cetitan
|-status|p2a: Cetitan|par
|move|p2a: Cetitan|Icicle Crash|p1a: Meowstic
|-damage|p1a: Meowstic|16/100
|
|-weather|Snowscape|[upkeep]
|upkeep
|turn|15
|
|t:|1758361019
|switch|p1a: Cinderace|Cinderace, M|100/100
|move|p2a: Cetitan|Liquidation|p1a: Cinderace
|-supereffective|p1a: Cinderace
|-damage|p1a: Cinderace|26/100
|
|-weather|none
|upkeep
|turn|16
|
|t:|1758361026
|switch|p2a: Azumarill|Azumarill, M|100/100
|move|p1a: Cinderace|Pyro Ball|p2a: Azumarill
|-resisted|p2a: Azumarill
|-damage|p2a: Azumarill|73/100
|
|upkeep
|turn|17
|
|t:|1758361035
|move|p1a: Cinderace|Pyro Ball|p2a: Azumarill
|-resisted|p2a: Azumarill
|-damage|p2a: Azumarill|42/100
|move|p2a: Azumarill|Liquidation|p1a: Cinderace
|-supereffective|p1a: Cinderace
|-damage|p1a: Cinderace|0 fnt
|faint|p1a: Cinderace
|
|upkeep
|
|t:|1758361040
|switch|p1a: Hydreigon|Hydreigon, M|100/100
|turn|18
|
|t:|1758361044
|-terastallize|p1a: Hydreigon|Steel
|move|p1a: Hydreigon|Flash Cannon|p2a: Azumarill
|-damage|p2a: Azumarill|5/100
|-damage|p1a: Hydreigon|91/100|[from] item: Life Orb
|move|p2a: Azumarill|Play Rough|p1a: Hydreigon
|-resisted|p1a: Hydreigon
|-damage|p1a: Hydreigon|74/100
|
|upkeep
|turn|19
|
|t:|1758361053
|move|p1a: Hydreigon|Flash Cannon|p2a: Azumarill
|-damage|p2a: Azumarill|0 fnt
|faint|p2a: Azumarill
|-damage|p1a: Hydreigon|64/100|[from] item: Life Orb
|
|upkeep
|
|t:|1758361056
|switch|p2a: Sandy Shocks|Sandy Shocks|78/100
|turn|20
|
|t:|1758361061
|move|p2a: Sandy Shocks|Volt Switch|p1a: Hydreigon
|-damage|p1a: Hydreigon|1/100
|
|t:|1758361064
|-end|p2a: Sandy Shocks|Protosynthesis|[silent]
|switch|p2a: Dragonite|Dragonite, M|100/100|[from] Volt Switch
|move|p1a: Hydreigon|Dark Pulse|p2a: Dragonite
|-damage|p2a: Dragonite|74/100
|-damage|p1a: Hydreigon|0 fnt|[from] item: Life Orb
|faint|p1a: Hydreigon
|
|-sideend|p1: scorbunny11|Reflect
|upkeep
|-message|scorbunny11 forfeited.
|
|win|LousiV
|raw|scorbunny11's rating: 1283 &rarr; <strong>1256</strong><br />(-27 for losing)
|raw|LousiV's rating: 1250 &rarr; <strong>1277</strong><br />(+27 for winning)
|l|☆scorbunny11
|player|p1|
|l|☆LousiV
|player|p2|
