|j|☆DrBunns
|j|☆Markolinho
|t:|1758375295
|gametype|singles
|player|p1|DrBunns|169|1340
|player|p2|Markolinho|266|1355
|gen|9
|tier|[Gen 9] OU
|rated|
|rule|HP Percentage Mod: HP is shown in percentages
|rule|Endless Battle Clause: Forcing endless battles is banned
|rule|Species Clause: Limit one of each Pokémon
|rule|OHKO Clause: OHKO moves are banned
|rule|Evasion Items Clause: Evasion items are banned
|rule|Evasion Moves Clause: Evasion moves are banned
|rule|Evasion Abilities Clause: Evasion abilities are banned
|rule|Sleep Moves Clause: Sleep-inducing moves are banned
|clearpoke
|poke|p1|Gliscor, M|
|poke|p1|Grimmsnarl, M|
|poke|p1|Ogerpon-Wellspring, F|
|poke|p1|Gholdengo|
|poke|p1|Skarmory, M|
|poke|p1|Hatterene, F|
|poke|p2|Scream Tail|
|poke|p2|Iron Treads|
|poke|p2|Landorus-Therian, M|
|poke|p2|Toxapex, F|
|poke|p2|Dragapult, M|
|poke|p2|Rotom-Heat|
|teampreview
|
|t:|1758375313
|teamsize|p1|6
|teamsize|p2|6
|start
|switch|p1a: Grimmsnarl|Grimmsnarl, M|100/100
|switch|p2a: Iron Treads|Iron Treads|100/100
|turn|1
|
|t:|1758375324
|move|p1a: Grimmsnarl|Taunt|p2a: Iron Treads
|-start|p2a: Iron Treads|move: Taunt
|move|p2a: Iron Treads|Iron Head|p1a: Grimmsnarl
|-supereffective|p1a: Grimmsnarl
|-damage|p1a: Grimmsnarl|15/100
|
|upkeep
|turn|2
|
|t:|1758375334
|switch|p1a: Gliscor|Gliscor, M|100/100
|move|p2a: Iron Treads|Iron Head|p1a: Gliscor
|-damage|p1a: Gliscor|73/100
|
|-status|p1a: Gliscor|tox|[from] item: Toxic Orb
|upkeep
|turn|3
|inactive|Battle timer is ON: inactive players will automatically lose when time's up. (requested by Markolinho)
|
|t:|1758375356
|move|p2a: Iron Treads|Ice Spinner|p1a: Gliscor
|-supereffective|p1a: Gliscor
|-damage|p1a: Gliscor|0 fnt
|faint|p1a: Gliscor
|
|-end|p2a: Iron Treads|move: Taunt
|upkeep
|
|t:|1758375365
|switch|p1a: Ogerpon|Ogerpon-Wellspring, F|100/100
|turn|4
|
|t:|1758375375
|-end|p2a: Iron Treads|Quark Drive|[silent]
|switch|p2a: Toxapex|Toxapex, F|100/100
|move|p1a: Ogerpon|Ivy Cudgel|p2a: Toxapex|[anim] Ivy Cudgel Water
|-resisted|p2a: Toxapex
|-damage|p2a: Toxapex|79/100
|
|-heal|p2a: Toxapex|85/100|[from] item: Black Sludge
|upkeep
|turn|5
|
|t:|1758375385
|switch|p1a: Hatterene|Hatterene, F|100/100
|move|p2a: Toxapex|Infestation|p1a: Hatterene
|-damage|p1a: Hatterene|98/100
|-activate|p1a: Hatterene|move: Infestation|[of] p2a: Toxapex
|
|-heal|p2a: Toxapex|92/100|[from] item: Black Sludge
|-heal|p1a: Hatterene|100/100|[from] item: Leftovers
|-damage|p1a: Hatterene|88/100|[from] move: Infestation|[partiallytrapped]
|upkeep
|turn|6
|
|t:|1758375400
|switch|p2a: Iron Treads|Iron Treads|100/100
|move|p1a: Hatterene|Psychic Noise|p2a: Iron Treads
|-resisted|p2a: Iron Treads
|-damage|p2a: Iron Treads|79/100
|-start|p2a: Iron Treads|move: Heal Block
|
|-heal|p1a: Hatterene|94/100|[from] item: Leftovers
|-end|p1a: Hatterene|Infestation|[partiallytrapped]|[silent]
|upkeep
|turn|7
|
|t:|1758375412
|switch|p1a: Skarmory|Skarmory, M|100/100
|move|p2a: Iron Treads|Iron Head|p1a: Skarmory
|-resisted|p1a: Skarmory
|-damage|p1a: Skarmory|86/100
|-damage|p2a: Iron Treads|62/100|[from] item: Rocky Helmet|[of] p1a: Skarmory
|
|-end|p2a: Iron Treads|move: Heal Block
|upkeep
|turn|8
|
|t:|1758375424
|-end|p2a: Iron Treads|Quark Drive|[silent]
|switch|p2a: Rotom|Rotom-Heat|100/100
|move|p1a: Skarmory|Stealth Rock|p2a: Rotom
|-sidestart|p2: Markolinho|move: Stealth Rock
|
|upkeep
|turn|9
|
|t:|1758375438
|switch|p1a: Hatterene|Hatterene, F|94/100
|move|p2a: Rotom|Volt Switch|p1a: Hatterene
|-damage|p1a: Hatterene|44/100
|
|t:|1758375451
|switch|p2a: Iron Treads|Iron Treads|62/100|[from] Volt Switch
|-damage|p2a: Iron Treads|59/100|[from] Stealth Rock
|
|-heal|p2a: Iron Treads|65/100|[from] item: Leftovers
|-heal|p1a: Hatterene|50/100|[from] item: Leftovers
|upkeep
|turn|10
|
|t:|1758375460
|switch|p1a: Skarmory|Skarmory, M|86/100
|move|p2a: Iron Treads|Iron Head|p1a: Skarmory
|-resisted|p1a: Skarmory
|-damage|p1a: Skarmory|71/100
|-damage|p2a: Iron Treads|49/100|[from] item: Rocky Helmet|[of] p1a: Skarmory
|
|-heal|p2a: Iron Treads|55/100|[from] item: Leftovers
|upkeep
|turn|11
|
|t:|1758375472
|-end|p2a: Iron Treads|Quark Drive|[silent]
|switch|p2a: Rotom|Rotom-Heat|100/100
|-damage|p2a: Rotom|76/100|[from] Stealth Rock
|move|p1a: Skarmory|Body Press|p2a: Rotom
|-damage|p2a: Rotom|44/100
|
|upkeep
|turn|12
|
|t:|1758375493
|switch|p1a: Hatterene|Hatterene, F|50/100
|move|p2a: Rotom|Volt Switch|p1a: Hatterene
|-damage|p1a: Hatterene|4/100
|
|t:|1758375502
|switch|p2a: Iron Treads|Iron Treads|55/100|[from] Volt Switch
|-damage|p2a: Iron Treads|52/100|[from] Stealth Rock
|
|-heal|p2a: Iron Treads|58/100|[from] item: Leftovers
|-heal|p1a: Hatterene|10/100|[from] item: Leftovers
|upkeep
|turn|13
|
|t:|1758375513
|switch|p1a: Skarmory|Skarmory, M|71/100
|move|p2a: Iron Treads|Rapid Spin|p1a: Skarmory
|-resisted|p1a: Skarmory
|-damage|p1a: Skarmory|65/100
|-boost|p2a: Iron Treads|spe|1
|-damage|p2a: Iron Treads|42/100|[from] item: Rocky Helmet|[of] p1a: Skarmory
|-sideend|p2: Markolinho|Stealth Rock|[from] move: Rapid Spin|[of] p2a: Iron Treads
|
|-heal|p2a: Iron Treads|48/100|[from] item: Leftovers
|upkeep
|turn|14
|
|t:|1758375525
|-end|p2a: Iron Treads|Quark Drive|[silent]
|switch|p2a: Rotom|Rotom-Heat|44/100
|move|p1a: Skarmory|Body Press|p2a: Rotom
|-damage|p2a: Rotom|9/100
|
|upkeep
|turn|15
|
|t:|1758375534
|switch|p1a: Hatterene|Hatterene, F|10/100
|move|p2a: Rotom|Volt Switch|p1a: Hatterene
|-damage|p1a: Hatterene|0 fnt
|faint|p1a: Hatterene
|
|t:|1758375550
|switch|p2a: Dragapult|Dragapult, M|100/100|[from] Volt Switch
|
|upkeep
|
|t:|1758375560
|switch|p1a: Grimmsnarl|Grimmsnarl, M|15/100
|turn|16
|inactive|Markolinho has 120 seconds left.
|inactive|Markolinho has 90 seconds left.
|
|t:|1758375632
|switch|p2a: Iron Treads|Iron Treads|48/100
|move|p1a: Grimmsnarl|Reflect|p1a: Grimmsnarl
|-sidestart|p1: DrBunns|Reflect
|
|-heal|p2a: Iron Treads|54/100|[from] item: Leftovers
|upkeep
|turn|17
|
|t:|1758375641
|move|p1a: Grimmsnarl|Light Screen|p1a: Grimmsnarl
|-sidestart|p1: DrBunns|move: Light Screen
|move|p2a: Iron Treads|Iron Head|p1a: Grimmsnarl
|-supereffective|p1a: Grimmsnarl
|-damage|p1a: Grimmsnarl|0 fnt
|faint|p1a: Grimmsnarl
|
|-heal|p2a: Iron Treads|60/100|[from] item: Leftovers
|upkeep
|
|t:|1758375650
|switch|p1a: Ogerpon|Ogerpon-Wellspring, F|100/100
|turn|18
|
|t:|1758375657
|-end|p2a: Iron Treads|Quark Drive|[silent]
|switch|p2a: Toxapex|Toxapex, F|100/100
|move|p1a: Ogerpon|Swords Dance|p1a: Ogerpon
|-boost|p1a: Ogerpon|atk|2
|
|upkeep
|turn|19
|
|t:|1758375677
|-terastallize|p1a: Ogerpon|Water
|detailschange|p1a: Ogerpon|Ogerpon-Wellspring-Tera, F, tera:Water
|-ability|p1a: Ogerpon|Embody Aspect (Wellspring)|boost
|-boost|p1a: Ogerpon|spd|1
|move|p2a: Toxapex|Baneful Bunker|p2a: Toxapex
|-singleturn|p2a: Toxapex|move: Protect
|move|p1a: Ogerpon|Swords Dance|p1a: Ogerpon
|-boost|p1a: Ogerpon|atk|2
|
|upkeep
|turn|20
|
|t:|1758375690
|-terastallize|p2a: Toxapex|Poison
|move|p1a: Ogerpon|Trailblaze|p2a: Toxapex
|-resisted|p2a: Toxapex
|-damage|p2a: Toxapex|69/100
|-boost|p1a: Ogerpon|spe|1
|move|p2a: Toxapex|Toxic|p1a: Ogerpon
|-status|p1a: Ogerpon|tox
|
|-heal|p2a: Toxapex|75/100|[from] item: Black Sludge
|-damage|p1a: Ogerpon|95/100 tox|[from] psn
|upkeep
|turn|21
|inactive|DrBunns has 120 seconds left.
|
|t:|1758375713
|switch|p2a: Landorus|Landorus-Therian, M|100/100
|-ability|p2a: Landorus|Intimidate|boost
|-unboost|p1a: Ogerpon|atk|1
|move|p1a: Ogerpon|Ivy Cudgel|p2a: Landorus|[anim] Ivy Cudgel Water
|-supereffective|p2a: Landorus
|-damage|p2a: Landorus|0 fnt
|faint|p2a: Landorus
|
|-damage|p1a: Ogerpon|83/100 tox|[from] psn
|upkeep
|
|t:|1758375725
|switch|p2a: Dragapult|Dragapult, M|100/100
|turn|22
|
|t:|1758375728
|move|p2a: Dragapult|Sucker Punch|p1a: Ogerpon
|-damage|p1a: Ogerpon|61/100 tox
|move|p1a: Ogerpon|Play Rough|p2a: Dragapult
|-supereffective|p2a: Dragapult
|-damage|p2a: Dragapult|0 fnt
|faint|p2a: Dragapult
|
|-damage|p1a: Ogerpon|43/100 tox|[from] psn
|upkeep
|
|t:|1758375739
|switch|p2a: Toxapex|Toxapex, F, tera:Poison|100/100
|turn|23
|
|t:|1758375744
|move|p2a: Toxapex|Baneful Bunker|p2a: Toxapex
|-singleturn|p2a: Toxapex|move: Protect
|move|p1a: Ogerpon|Ivy Cudgel|p2a: Toxapex|[anim] Ivy Cudgel Water
|-activate|p2a: Toxapex|move: Protect
|
|-damage|p1a: Ogerpon|19/100 tox|[from] psn
|-sideend|p1: DrBunns|Reflect
|upkeep
|turn|24
|
|t:|1758375753
|switch|p2a: Iron Treads|Iron Treads|60/100
|move|p1a: Ogerpon|Ivy Cudgel|p2a: Iron Treads|[anim] Ivy Cudgel Water
|-supereffective|p2a: Iron Treads
|-damage|p2a: Iron Treads|0 fnt
|faint|p2a: Iron Treads
|-end|p2a: Iron Treads|Quark Drive|[silent]
|
|-damage|p1a: Ogerpon|0 fnt|[from] psn
|faint|p1a: Ogerpon
|detailschange|p1: Ogerpon|Ogerpon-Wellspring, F|[silent]
|-sideend|p1: DrBunns|move: Light Screen
|upkeep
|
|t:|1758375767
|switch|p1a: Gholdengo|Gholdengo|100/100
|switch|p2a: Rotom|Rotom-Heat|9/100
|-item|p1a: Gholdengo|Air Balloon
|turn|25
|inactive|Markolinho has 120 seconds left.
|
|t:|1758375776
|move|p2a: Rotom|Overheat|p1a: Gholdengo|[miss]
|-miss|p2a: Rotom|p1a: Gholdengo
|move|p1a: Gholdengo|Shadow Ball|p2a: Rotom
|-damage|p2a: Rotom|0 fnt
|faint|p2a: Rotom
|
|upkeep
|inactive|Markolinho has 120 seconds left.
|
|t:|1758375783
|switch|p2a: Scream Tail|Scream Tail|100/100
|turn|26
|
|t:|1758375790
|move|p2a: Scream Tail|Calm Mind|p2a: Scream Tail
|-boost|p2a: Scream Tail|spa|1
|-boost|p2a: Scream Tail|spd|1
|move|p1a: Gholdengo|Nasty Plot|p1a: Gholdengo
|-boost|p1a: Gholdengo|spa|2
|
|upkeep
|turn|27
|-message|Markolinho forfeited.
|
|win|DrBunns
|raw|DrBunns's rating: 1340 &rarr; <strong>1361</strong><br />(+21 for winning)
|raw|Markolinho's rating: 1355 &rarr; <strong>1334</strong><br />(-21 for losing)
|l|☆Markolinho
|player|p2|
|l|☆DrBunns
|player|p1|
