|j|☆diegogo917
|j|☆3ndgam3
|t:|1758294960
|gametype|singles
|player|p1|diegogo917|eusine|1072
|player|p2|3ndgam3|ninjaboy|1000
|gen|9
|tier|[Gen 9] OU
|rated|
|rule|HP Percentage Mod: HP is shown in percentages
|rule|Endless Battle Clause: Forcing endless battles is banned
|rule|Species Clause: Limit one of each Pokémon
|rule|OHKO Clause: OHKO moves are banned
|rule|Evasion Items Clause: Evasion items are banned
|rule|Evasion Moves Clause: Evasion moves are banned
|rule|Evasion Abilities Clause: Evasion abilities are banned
|rule|Sleep Moves Clause: Sleep-inducing moves are banned
|clearpoke
|poke|p1|Jolteon, M|
|poke|p1|Slowbro, F|
|poke|p1|Porygon-Z|
|poke|p1|Snorlax, M|
|poke|p1|Talonflame, M|
|poke|p1|Breloom, F|
|poke|p2|Iron Valiant|
|poke|p2|Dragapult, M|
|poke|p2|Glimmora, M|
|poke|p2|Ogerpon-Wellspring, F|
|poke|p2|Landorus-Therian, M|
|poke|p2|Kingambit, M|
|teampreview
|
|t:|1758294978
|teamsize|p1|6
|teamsize|p2|6
|start
|switch|p1a: Slowbro|Slowbro, F, shiny|100/100
|switch|p2a: Dragapult|Dragapult, M, shiny|100/100
|turn|1
|inactive|Battle timer is ON: inactive players will automatically lose when time's up. (requested by 3ndgam3)
|
|t:|1758294983
|move|p2a: Dragapult|Shadow Ball|p1a: Slowbro
|-supereffective|p1a: Slowbro
|-damage|p1a: Slowbro|0 fnt
|faint|p1a: Slowbro
|
|upkeep
|
|t:|1758294990
|switch|p1a: Porygon-Z|Porygon-Z|100/100
|turn|2
|
|t:|1758294995
|switch|p2a: Kingambit|Kingambit, M, shiny|100/100
|move|p1a: Porygon-Z|Ice Beam|p2a: Kingambit
|-resisted|p2a: Kingambit
|-crit|p2a: Kingambit
|-damage|p2a: Kingambit|61/100
|
|-heal|p2a: Kingambit|67/100|[from] item: Leftovers
|upkeep
|turn|3
|
|t:|1758295005
|switch|p1a: Talonflame|Talonflame, M|100/100
|move|p2a: Kingambit|Kowtow Cleave|p1a: Talonflame
|-damage|p1a: Talonflame|31/100
|
|-heal|p2a: Kingambit|73/100|[from] item: Leftovers
|upkeep
|turn|4
|
|t:|1758295013
|-end|p2a: Kingambit|fallenundefined|[silent]
|switch|p2a: Glimmora|Glimmora, M, shiny|100/100
|move|p1a: Talonflame|Flare Blitz|p2a: Glimmora
|-resisted|p2a: Glimmora
|-damage|p2a: Glimmora|77/100
|-activate|p2a: Glimmora|ability: Toxic Debris
|-sidestart|p1: diegogo917|move: Toxic Spikes
|-damage|p1a: Talonflame|24/100|[from] Recoil
|
|upkeep
|turn|5
|
|t:|1758295028
|switch|p1a: Breloom|Breloom, F|100/100
|-status|p1a: Breloom|psn
|move|p2a: Glimmora|Meteor Beam||[still]
|-prepare|p2a: Glimmora|Meteor Beam
|-boost|p2a: Glimmora|spa|1
|-enditem|p2a: Glimmora|Power Herb
|-anim|p2a: Glimmora|Meteor Beam|p1a: Breloom
|-resisted|p1a: Breloom
|-damage|p1a: Breloom|11/100 psn
|
|-heal|p1a: Breloom|18/100 psn|[from] item: Leftovers
|-damage|p1a: Breloom|5/100 psn|[from] psn
|upkeep
|turn|6
|
|t:|1758295047
|move|p2a: Glimmora|Spikes|p1a: Breloom
|-sidestart|p1: diegogo917|Spikes
|move|p1a: Breloom|Drain Punch|p2a: Glimmora
|-damage|p2a: Glimmora|32/100
|-heal|p1a: Breloom|31/100 psn|[from] drain|[of] p2a: Glimmora
|-activate|p2a: Glimmora|ability: Toxic Debris
|-sidestart|p1: diegogo917|move: Toxic Spikes
|
|-heal|p1a: Breloom|37/100 psn|[from] item: Leftovers
|-damage|p1a: Breloom|24/100 psn|[from] psn
|upkeep
|turn|7
|
|t:|1758295057
|move|p2a: Glimmora|Earth Power|p1a: Breloom
|-resisted|p1a: Breloom
|-damage|p1a: Breloom|0 fnt
|faint|p1a: Breloom
|
|upkeep
|
|t:|1758295063
|switch|p1a: Porygon-Z|Porygon-Z|100/100
|-status|p1a: Porygon-Z|tox
|-damage|p1a: Porygon-Z|88/100 tox|[from] Spikes
|turn|8
|
|t:|1758295069
|move|p2a: Glimmora|Earth Power|p1a: Porygon-Z
|-damage|p1a: Porygon-Z|26/100 tox
|move|p1a: Porygon-Z|Ice Beam|p2a: Glimmora
|-damage|p2a: Glimmora|0 fnt
|faint|p2a: Glimmora
|
|-damage|p1a: Porygon-Z|20/100 tox|[from] psn
|upkeep
|
|t:|1758295081
|switch|p2a: Ogerpon|Ogerpon-Wellspring, F|100/100
|turn|9
|
|t:|1758295085
|move|p2a: Ogerpon|Ivy Cudgel|p1a: Porygon-Z|[anim] Ivy Cudgel Water
|-damage|p1a: Porygon-Z|0 fnt
|faint|p1a: Porygon-Z
|
|upkeep
|
|t:|1758295090
|switch|p1a: Jolteon|Jolteon, M|100/100
|-status|p1a: Jolteon|tox
|-damage|p1a: Jolteon|88/100 tox|[from] Spikes
|turn|10
|
|t:|1758295096
|switch|p2a: Landorus|Landorus-Therian, M, shiny|100/100
|-ability|p2a: Landorus|Intimidate|boost
|-unboost|p1a: Jolteon|atk|1
|move|p1a: Jolteon|Thunder|p2a: Landorus
|-immune|p2a: Landorus
|
|-damage|p1a: Jolteon|82/100 tox|[from] psn
|upkeep
|turn|11
|
|t:|1758295104
|move|p1a: Jolteon|Alluring Voice|p2a: Landorus
|-damage|p2a: Landorus|77/100
|move|p2a: Landorus|Stealth Rock|p1a: Jolteon
|-sidestart|p1: diegogo917|move: Stealth Rock
|
|-damage|p1a: Jolteon|71/100 tox|[from] psn
|upkeep
|turn|12
|
|t:|1758295110
|move|p1a: Jolteon|Alluring Voice|p2a: Landorus
|-damage|p2a: Landorus|53/100
|move|p2a: Landorus|Earthquake|p1a: Jolteon
|-supereffective|p1a: Jolteon
|-damage|p1a: Jolteon|0 fnt
|faint|p1a: Jolteon
|
|upkeep
|
|t:|1758295117
|switch|p1a: Snorlax|Snorlax, M, shiny|100/100
|-damage|p1a: Snorlax|88/100|[from] Spikes
|-damage|p1a: Snorlax|76/100|[from] Stealth Rock
|turn|13
|
|t:|1758295122
|move|p2a: Landorus|Taunt|p1a: Snorlax
|-start|p1a: Snorlax|move: Taunt
|move|p1a: Snorlax|Ice Beam|p2a: Landorus
|-supereffective|p2a: Landorus
|-damage|p2a: Landorus|0 fnt
|faint|p2a: Landorus
|
|upkeep
|
|t:|1758295128
|switch|p2a: Kingambit|Kingambit, M, shiny|73/100
|-activate|p2a: Kingambit|ability: Supreme Overlord
|-start|p2a: Kingambit|fallen2|[silent]
|turn|14
|
|t:|1758295133
|move|p2a: Kingambit|Kowtow Cleave|p1a: Snorlax
|-damage|p1a: Snorlax|19/100
|-damage|p2a: Kingambit|57/100|[from] item: Rocky Helmet|[of] p1a: Snorlax
|move|p1a: Snorlax|Fire Punch|p2a: Kingambit
|-supereffective|p2a: Kingambit
|-damage|p2a: Kingambit|26/100
|
|-heal|p2a: Kingambit|33/100|[from] item: Leftovers
|upkeep
|turn|15
|
|t:|1758295141
|move|p2a: Kingambit|Kowtow Cleave|p1a: Snorlax
|-damage|p1a: Snorlax|0 fnt
|-damage|p2a: Kingambit|16/100|[from] item: Rocky Helmet|[of] p1a: Snorlax
|faint|p1a: Snorlax
|
|-heal|p2a: Kingambit|22/100|[from] item: Leftovers
|upkeep
|
|t:|1758295148
|switch|p1a: Talonflame|Talonflame, M|24/100
|-damage|p1a: Talonflame|0 fnt|[from] Stealth Rock
|faint|p1a: Talonflame
|
|win|3ndgam3
|raw|diegogo917's rating: 1072 &rarr; <strong>1047</strong><br />(-25 for losing)
|raw|3ndgam3's rating: 1000 &rarr; <strong>1048</strong><br />(+48 for winning)
