|j|☆erz123456
|j|☆MegaMarowak usher
|t:|1758246025
|gametype|singles
|player|p1|erz123456|2|1344
|player|p2|MegaMarowak usher|169|1283
|gen|9
|tier|[Gen 9] OU
|rated|
|rule|HP Percentage Mod: HP is shown in percentages
|rule|Endless Battle Clause: Forcing endless battles is banned
|rule|Species Clause: Limit one of each Pokémon
|rule|OHKO Clause: OHKO moves are banned
|rule|Evasion Items Clause: Evasion items are banned
|rule|Evasion Moves Clause: Evasion moves are banned
|rule|Evasion Abilities Clause: Evasion abilities are banned
|rule|Sleep Moves Clause: Sleep-inducing moves are banned
|clearpoke
|poke|p1|Garganacl, F|
|poke|p1|Dragapult, F|
|poke|p1|Ogerpon-Wellspring, F|
|poke|p1|Moltres|
|poke|p1|Zamazenta-*|
|poke|p1|Iron Treads|
|poke|p2|Slowking-Galar, M|
|poke|p2|Tornadus-Therian, M|
|poke|p2|Mienshao, M|
|poke|p2|Alomomola, F|
|poke|p2|Gliscor, M|
|poke|p2|Sableye, M|
|teampreview
|
|t:|1758246045
|teamsize|p1|6
|teamsize|p2|6
|start
|switch|p1a: Dragapult|Dragapult, F|100/100
|switch|p2a: Tornadus|Tornadus-Therian, M|100/100
|turn|1
|
|t:|1758246052
|move|p1a: Dragapult|U-turn|p2a: Tornadus
|-resisted|p2a: Tornadus
|-damage|p2a: Tornadus|92/100
|
|t:|1758246066
|switch|p1a: Iron Treads|Iron Treads|100/100|[from] U-turn
|move|p2a: Tornadus|Knock Off|p1a: Iron Treads
|-damage|p1a: Iron Treads|84/100
|-enditem|p1a: Iron Treads|Leftovers|[from] move: Knock Off|[of] p2a: Tornadus
|
|upkeep
|turn|2
|
|t:|1758246075
|move|p2a: Tornadus|Heat Wave|p1a: Iron Treads
|-supereffective|p1a: Iron Treads
|-crit|p1a: Iron Treads
|-damage|p1a: Iron Treads|27/100
|move|p1a: Iron Treads|Stealth Rock|p2a: Tornadus
|-sidestart|p2: MegaMarowak usher|move: Stealth Rock
|
|upkeep
|turn|3
|
|t:|1758246084
|-end|p1a: Iron Treads|Quark Drive|[silent]
|switch|p1a: Moltres|Moltres|100/100
|move|p2a: Tornadus|Heat Wave|p1a: Moltres
|-resisted|p1a: Moltres
|-damage|p1a: Moltres|90/100
|
|upkeep
|turn|4
|
|t:|1758246092
|switch|p2a: Slowking|Slowking-Galar, M|100/100
|-damage|p2a: Slowking|88/100|[from] Stealth Rock
|move|p1a: Moltres|Will-O-Wisp|p2a: Slowking
|-status|p2a: Slowking|brn
|
|-damage|p2a: Slowking|82/100 brn|[from] brn
|upkeep
|turn|5
|
|t:|1758246106
|move|p2a: Slowking|Future Sight|p1a: Moltres
|-start|p2a: Slowking|move: Future Sight
|move|p1a: Moltres|Roar|p2a: Slowking
|drag|p2a: Gliscor|Gliscor, M|100/100
|-damage|p2a: Gliscor|88/100|[from] Stealth Rock
|
|-status|p2a: Gliscor|tox|[from] item: Toxic Orb
|upkeep
|turn|6
|
|t:|1758246123
|switch|p1a: Ogerpon|Ogerpon-Wellspring, F|100/100
|move|p2a: Gliscor|Toxic|p1a: Ogerpon
|-status|p1a: Ogerpon|tox
|
|-damage|p1a: Ogerpon|94/100 tox|[from] psn
|-heal|p2a: Gliscor|100/100 tox|[from] ability: Poison Heal
|upkeep
|turn|7
|
|t:|1758246136
|switch|p2a: Alomomola|Alomomola, F|100/100
|-damage|p2a: Alomomola|88/100|[from] Stealth Rock
|move|p1a: Ogerpon|Swords Dance|p1a: Ogerpon
|-boost|p1a: Ogerpon|atk|2
|
|-end|p1a: Ogerpon|move: Future Sight
|-damage|p1a: Ogerpon|36/100 tox
|-damage|p1a: Ogerpon|24/100 tox|[from] psn
|upkeep
|turn|8
|
|t:|1758246153
|switch|p1a: Dragapult|Dragapult, F|100/100
|move|p2a: Alomomola|Protect||[still]
|-fail|p2a: Alomomola
|
|upkeep
|turn|9
|
|t:|1758246161
|switch|p2a: Slowking|Slowking-Galar, M|100/100 brn
|-damage|p2a: Slowking|88/100 brn|[from] Stealth Rock
|move|p1a: Dragapult|Draco Meteor|p2a: Slowking
|-damage|p2a: Slowking|56/100 brn
|-unboost|p1a: Dragapult|spa|2
|
|-damage|p2a: Slowking|50/100 brn|[from] brn
|upkeep
|turn|10
|
|t:|1758246178
|switch|p2a: Tornadus|Tornadus-Therian, M|100/100
|move|p1a: Dragapult|Hex|p2a: Tornadus
|-damage|p2a: Tornadus|86/100
|
|upkeep
|turn|11
|
|t:|1758246187
|move|p1a: Dragapult|U-turn|p2a: Tornadus
|-resisted|p2a: Tornadus
|-damage|p2a: Tornadus|77/100
|
|t:|1758246191
|switch|p1a: Moltres|Moltres|90/100|[from] U-turn
|move|p2a: Tornadus|Bleakwind Storm|p1a: Moltres
|-damage|p1a: Moltres|58/100
|
|upkeep
|turn|12
|
|t:|1758246208
|switch|p2a: Slowking|Slowking-Galar, M|83/100 brn
|-damage|p2a: Slowking|71/100 brn|[from] Stealth Rock
|move|p1a: Moltres|Roost|p1a: Moltres
|-heal|p1a: Moltres|100/100
|-singleturn|p1a: Moltres|move: Roost
|
|-damage|p2a: Slowking|65/100 brn|[from] brn
|upkeep
|turn|13
|
|t:|1758246219
|switch|p1a: Dragapult|Dragapult, F|100/100
|move|p2a: Slowking|Future Sight|p1a: Dragapult
|-start|p2a: Slowking|move: Future Sight
|
|-damage|p2a: Slowking|59/100 brn|[from] brn
|upkeep
|turn|14
|
|t:|1758246229
|switch|p2a: Tornadus|Tornadus-Therian, M|100/100
|move|p1a: Dragapult|Hex|p2a: Tornadus
|-damage|p2a: Tornadus|72/100
|
|upkeep
|turn|15
|
|t:|1758246242
|switch|p2a: Slowking|Slowking-Galar, M|92/100 brn
|-damage|p2a: Slowking|79/100 brn|[from] Stealth Rock
|move|p1a: Dragapult|U-turn|p2a: Slowking
|-damage|p2a: Slowking|60/100 brn
|
|t:|1758246255
|switch|p1a: Moltres|Moltres|100/100|[from] U-turn
|
|-end|p1a: Moltres|move: Future Sight
|-damage|p1a: Moltres|49/100
|-damage|p2a: Slowking|54/100 brn|[from] brn
|upkeep
|turn|16
|
|t:|1758246268
|move|p1a: Moltres|Roost|p1a: Moltres
|-heal|p1a: Moltres|99/100
|-singleturn|p1a: Moltres|move: Roost
|move|p2a: Slowking|Sludge Bomb|p1a: Moltres
|-damage|p1a: Moltres|56/100
|
|-damage|p2a: Slowking|48/100 brn|[from] brn
|upkeep
|turn|17
|
|t:|1758246278
|move|p2a: Slowking|Future Sight|p1a: Moltres
|-start|p2a: Slowking|move: Future Sight
|move|p1a: Moltres|Roar|p2a: Slowking
|drag|p2a: Tornadus|Tornadus-Therian, M|100/100
|
|upkeep
|turn|18
|
|t:|1758246287
|switch|p2a: Slowking|Slowking-Galar, M|81/100 brn
|-damage|p2a: Slowking|69/100 brn|[from] Stealth Rock
|move|p1a: Moltres|Roost|p1a: Moltres
|-heal|p1a: Moltres|100/100
|-singleturn|p1a: Moltres|move: Roost
|
|-damage|p2a: Slowking|63/100 brn|[from] brn
|upkeep
|turn|19
|
|t:|1758246302
|move|p1a: Moltres|Flamethrower|p2a: Slowking
|-damage|p2a: Slowking|41/100 brn
|move|p2a: Slowking|Sludge Bomb|p1a: Moltres
|-damage|p1a: Moltres|63/100
|
|-end|p1a: Moltres|move: Future Sight
|-damage|p1a: Moltres|12/100
|-damage|p2a: Slowking|35/100 brn|[from] brn
|upkeep
|turn|20
|
|t:|1758246318
|move|p1a: Moltres|Roost|p1a: Moltres
|-heal|p1a: Moltres|62/100
|-singleturn|p1a: Moltres|move: Roost
|move|p2a: Slowking|Sludge Bomb|p1a: Moltres
|-damage|p1a: Moltres|25/100
|
|-damage|p2a: Slowking|29/100 brn|[from] brn
|upkeep
|turn|21
|
|t:|1758246328
|switch|p1a: Iron Treads|Iron Treads|27/100
|switch|p2a: Alomomola|Alomomola, F|100/100
|-damage|p2a: Alomomola|88/100|[from] Stealth Rock
|
|upkeep
|turn|22
|
|t:|1758246342
|-end|p1a: Iron Treads|Quark Drive|[silent]
|switch|p1a: Ogerpon|Ogerpon-Wellspring, F|24/100 tox
|move|p2a: Alomomola|Wish|p2a: Alomomola
|
|-damage|p1a: Ogerpon|18/100 tox|[from] psn
|upkeep
|turn|23
|
|t:|1758246353
|switch|p2a: Sableye|Sableye, M|100/100
|-damage|p2a: Sableye|88/100|[from] Stealth Rock
|move|p1a: Ogerpon|Synthesis|p1a: Ogerpon
|-heal|p1a: Ogerpon|68/100 tox
|
|-heal|p2a: Sableye|100/100|[from] move: Wish|[wisher] Alomomola
|-damage|p1a: Ogerpon|55/100 tox|[from] psn
|upkeep
|turn|24
|
|t:|1758246364
|switch|p1a: Garganacl|Garganacl, F|100/100
|move|p2a: Sableye|Reflect|p2a: Sableye
|-sidestart|p2: MegaMarowak usher|Reflect
|
|upkeep
|turn|25
|
|t:|1758246377
|switch|p2a: Slowking|Slowking-Galar, M|62/100 brn
|-damage|p2a: Slowking|50/100 brn|[from] Stealth Rock
|move|p1a: Garganacl|Salt Cure|p2a: Slowking
|-damage|p2a: Slowking|43/100 brn
|-start|p2a: Slowking|Salt Cure
|
|-damage|p2a: Slowking|37/100 brn|[from] brn
|-damage|p2a: Slowking|25/100 brn|[from] Salt Cure
|upkeep
|turn|26
|
|t:|1758246391
|switch|p2a: Alomomola|Alomomola, F|100/100
|-damage|p2a: Alomomola|88/100|[from] Stealth Rock
|move|p1a: Garganacl|Iron Defense|p1a: Garganacl
|-boost|p1a: Garganacl|def|2
|
|upkeep
|turn|27
|
|t:|1758246411
|move|p2a: Alomomola|Wish|p2a: Alomomola
|move|p1a: Garganacl|Salt Cure|p2a: Alomomola
|-damage|p2a: Alomomola|84/100
|-start|p2a: Alomomola|Salt Cure
|
|-damage|p2a: Alomomola|59/100|[from] Salt Cure
|upkeep
|turn|28
|
|t:|1758246421
|move|p2a: Alomomola|Flip Turn|p1a: Garganacl
|-supereffective|p1a: Garganacl
|-damage|p1a: Garganacl|89/100
|inactive|Battle timer is ON: inactive players will automatically lose when time's up. (requested by erz123456)
|
|t:|1758246440
|switch|p2a: Gliscor|Gliscor, M|100/100 tox|[from] Flip Turn
|-damage|p2a: Gliscor|88/100 tox|[from] Stealth Rock
|move|p1a: Garganacl|Iron Defense|p1a: Garganacl
|-boost|p1a: Garganacl|def|2
|
|-heal|p2a: Gliscor|100/100 tox|[from] move: Wish|[wisher] Alomomola
|-heal|p1a: Garganacl|95/100|[from] item: Leftovers
|upkeep
|turn|29
|
|t:|1758246454
|move|p2a: Gliscor|Substitute|p2a: Gliscor
|-start|p2a: Gliscor|Substitute
|-damage|p2a: Gliscor|76/100 tox
|move|p1a: Garganacl|Salt Cure|p2a: Gliscor
|-activate|p2a: Gliscor|move: Substitute|[damage]
|
|-heal|p1a: Garganacl|100/100|[from] item: Leftovers
|-heal|p2a: Gliscor|88/100 tox|[from] ability: Poison Heal
|upkeep
|turn|30
|
|t:|1758246463
|move|p2a: Gliscor|Lunge|p1a: Garganacl
|-damage|p1a: Garganacl|96/100
|-unboost|p1a: Garganacl|atk|1
|move|p1a: Garganacl|Body Press|p2a: Gliscor
|-resisted|p2a: Gliscor
|-crit|p2a: Gliscor
|-end|p2a: Gliscor|Substitute
|
|-heal|p1a: Garganacl|100/100|[from] item: Leftovers
|-heal|p2a: Gliscor|100/100 tox|[from] ability: Poison Heal
|upkeep
|turn|31
|
|t:|1758246476
|move|p2a: Gliscor|Substitute|p2a: Gliscor
|-start|p2a: Gliscor|Substitute
|-damage|p2a: Gliscor|76/100 tox
|move|p1a: Garganacl|Body Press|p2a: Gliscor
|-resisted|p2a: Gliscor
|-activate|p2a: Gliscor|move: Substitute|[damage]
|
|-heal|p2a: Gliscor|88/100 tox|[from] ability: Poison Heal
|-sideend|p2: MegaMarowak usher|Reflect
|upkeep
|turn|32
|
|t:|1758246487
|move|p2a: Gliscor|Toxic|p1a: Garganacl
|-immune|p1a: Garganacl|[from] ability: Purifying Salt
|move|p1a: Garganacl|Iron Defense|p1a: Garganacl
|-boost|p1a: Garganacl|def|2
|
|-heal|p2a: Gliscor|100/100 tox|[from] ability: Poison Heal
|upkeep
|turn|33
|
|t:|1758246497
|move|p2a: Gliscor|Lunge|p1a: Garganacl
|-damage|p1a: Garganacl|97/100
|-unboost|p1a: Garganacl|atk|1
|move|p1a: Garganacl|Body Press|p2a: Gliscor
|-resisted|p2a: Gliscor
|-end|p2a: Gliscor|Substitute
|
|-heal|p1a: Garganacl|100/100|[from] item: Leftovers
|upkeep
|turn|34
|
|t:|1758246508
|move|p2a: Gliscor|Substitute|p2a: Gliscor
|-start|p2a: Gliscor|Substitute
|-damage|p2a: Gliscor|76/100 tox
|move|p1a: Garganacl|Body Press|p2a: Gliscor
|-resisted|p2a: Gliscor
|-end|p2a: Gliscor|Substitute
|
|-heal|p2a: Gliscor|88/100 tox|[from] ability: Poison Heal
|upkeep
|turn|35
|
|t:|1758246518
|switch|p2a: Sableye|Sableye, M|100/100
|-damage|p2a: Sableye|88/100|[from] Stealth Rock
|move|p1a: Garganacl|Salt Cure|p2a: Sableye
|-damage|p2a: Sableye|82/100
|-start|p2a: Sableye|Salt Cure
|
|-damage|p2a: Sableye|70/100|[from] Salt Cure
|upkeep
|turn|36
|
|t:|1758246537
|switch|p2a: Gliscor|Gliscor, M|88/100 tox
|-damage|p2a: Gliscor|76/100 tox|[from] Stealth Rock
|switch|p1a: Moltres|Moltres|25/100
|
|-heal|p2a: Gliscor|88/100 tox|[from] ability: Poison Heal
|upkeep
|turn|37
|
|t:|1758246547
|switch|p1a: Garganacl|Garganacl, F|100/100
|move|p2a: Gliscor|Earthquake|p1a: Garganacl
|-supereffective|p1a: Garganacl
|-damage|p1a: Garganacl|54/100
|
|-heal|p1a: Garganacl|61/100|[from] item: Leftovers
|-heal|p2a: Gliscor|100/100 tox|[from] ability: Poison Heal
|upkeep
|turn|38
|
|t:|1758246564
|move|p2a: Gliscor|Earthquake|p1a: Garganacl
|-supereffective|p1a: Garganacl
|-damage|p1a: Garganacl|19/100
|move|p1a: Garganacl|Iron Defense|p1a: Garganacl
|-boost|p1a: Garganacl|def|2
|
|-heal|p1a: Garganacl|25/100|[from] item: Leftovers
|upkeep
|turn|39
|
|t:|1758246573
|move|p2a: Gliscor|Earthquake|p1a: Garganacl
|-supereffective|p1a: Garganacl
|-damage|p1a: Garganacl|4/100
|move|p1a: Garganacl|Recover|p1a: Garganacl
|-heal|p1a: Garganacl|54/100
|
|-heal|p1a: Garganacl|60/100|[from] item: Leftovers
|upkeep
|turn|40
|
|t:|1758246585
|switch|p2a: Sableye|Sableye, M|70/100
|-damage|p2a: Sableye|58/100|[from] Stealth Rock
|move|p1a: Garganacl|Salt Cure|p2a: Sableye
|-damage|p2a: Sableye|44/100
|-start|p2a: Sableye|Salt Cure
|
|-heal|p1a: Garganacl|66/100|[from] item: Leftovers
|-damage|p2a: Sableye|32/100|[from] Salt Cure
|upkeep
|turn|41
|
|t:|1758246599
|switch|p2a: Gliscor|Gliscor, M|100/100 tox
|-damage|p2a: Gliscor|88/100 tox|[from] Stealth Rock
|switch|p1a: Moltres|Moltres|25/100
|
|-heal|p2a: Gliscor|100/100 tox|[from] ability: Poison Heal
|upkeep
|turn|42
|
|t:|1758246610
|move|p2a: Gliscor|Toxic|p1a: Moltres|[miss]
|-miss|p2a: Gliscor|p1a: Moltres
|move|p1a: Moltres|Roar|p2a: Gliscor
|drag|p2a: Mienshao|Mienshao, M|100/100
|-damage|p2a: Mienshao|95/100|[from] Stealth Rock
|
|upkeep
|turn|43
|
|t:|1758246620
|switch|p2a: Slowking|Slowking-Galar, M|58/100 brn
|-damage|p2a: Slowking|45/100 brn|[from] Stealth Rock
|move|p1a: Moltres|Roost|p1a: Moltres
|-heal|p1a: Moltres|75/100
|-singleturn|p1a: Moltres|move: Roost
|
|-damage|p2a: Slowking|39/100 brn|[from] brn
|upkeep
|turn|44
|
|t:|1758246632
|move|p1a: Moltres|Flamethrower|p2a: Slowking
|-damage|p2a: Slowking|20/100 brn
|move|p2a: Slowking|Future Sight|p1a: Moltres
|-start|p2a: Slowking|move: Future Sight
|
|-damage|p2a: Slowking|13/100 brn|[from] brn
|upkeep
|turn|45
|
|t:|1758246644
|switch|p2a: Tornadus|Tornadus-Therian, M|100/100
|move|p1a: Moltres|Roar|p2a: Tornadus
|drag|p2a: Alomomola|Alomomola, F|92/100
|-damage|p2a: Alomomola|80/100|[from] Stealth Rock
|
|upkeep
|turn|46
|
|t:|1758246654
|move|p1a: Moltres|Roost|p1a: Moltres
|-heal|p1a: Moltres|100/100
|-singleturn|p1a: Moltres|move: Roost
|move|p2a: Alomomola|Wish|p2a: Alomomola
|
|-end|p1a: Moltres|move: Future Sight
|-damage|p1a: Moltres|51/100
|upkeep
|turn|47
|
|t:|1758246671
|switch|p1a: Ogerpon|Ogerpon-Wellspring, F|55/100 tox
|move|p2a: Alomomola|Flip Turn|p1a: Ogerpon
|-heal|p1a: Ogerpon|80/100 tox|[from] ability: Water Absorb|[of] p2a: Alomomola
|
|-heal|p2a: Alomomola|100/100|[from] move: Wish|[wisher] Alomomola
|-damage|p1a: Ogerpon|74/100 tox|[from] psn
|upkeep
|turn|48
|
|t:|1758246691
|switch|p2a: Tornadus|Tornadus-Therian, M|100/100
|move|p1a: Ogerpon|Swords Dance|p1a: Ogerpon
|-boost|p1a: Ogerpon|atk|2
|
|-damage|p1a: Ogerpon|62/100 tox|[from] psn
|upkeep
|turn|49
|inactive|erz123456 has 120 seconds left.
|
|t:|1758246728
|-terastallize|p1a: Ogerpon|Water
|detailschange|p1a: Ogerpon|Ogerpon-Wellspring-Tera, F, tera:Water
|-ability|p1a: Ogerpon|Embody Aspect (Wellspring)|boost
|-boost|p1a: Ogerpon|spd|1
|move|p2a: Tornadus|Bleakwind Storm|p1a: Ogerpon
|-damage|p1a: Ogerpon|36/100 tox
|move|p1a: Ogerpon|Ivy Cudgel|p2a: Tornadus|[anim] Ivy Cudgel Water
|-damage|p2a: Tornadus|0 fnt
|faint|p2a: Tornadus
|
|-damage|p1a: Ogerpon|17/100 tox|[from] psn
|upkeep
|inactive|MegaMarowak usher has 120 seconds left.
|
|t:|1758246751
|switch|p2a: Mienshao|Mienshao, M|100/100
|-damage|p2a: Mienshao|95/100|[from] Stealth Rock
|turn|50
|inactive|erz123456 has 120 seconds left.
|inactive|MegaMarowak usher has 120 seconds left.
|
|t:|1758246768
|switch|p1a: Moltres|Moltres|51/100
|move|p2a: Mienshao|Knock Off|p1a: Moltres
|-damage|p1a: Moltres|23/100
|-status|p2a: Mienshao|brn|[from] ability: Flame Body|[of] p1a: Moltres
|-enditem|p1a: Moltres|Heavy-Duty Boots|[from] move: Knock Off|[of] p2a: Mienshao
|
|-damage|p2a: Mienshao|89/100 brn|[from] brn
|upkeep
|turn|51
|inactive|erz123456 has 120 seconds left.
|inactive|MegaMarowak usher has 120 seconds left.
|
|t:|1758246782
|move|p2a: Mienshao|Knock Off|p1a: Moltres
|-damage|p1a: Moltres|13/100
|move|p1a: Moltres|Roost|p1a: Moltres
|-heal|p1a: Moltres|63/100
|-singleturn|p1a: Moltres|move: Roost
|
|-damage|p2a: Mienshao|83/100 brn|[from] brn
|upkeep
|turn|52
|inactive|MegaMarowak usher has 120 seconds left.
|
|t:|1758246796
|switch|p2a: Alomomola|Alomomola, F|100/100
|-damage|p2a: Alomomola|88/100|[from] Stealth Rock
|move|p1a: Moltres|Roar|p2a: Alomomola
|drag|p2a: Gliscor|Gliscor, M|100/100 tox
|-damage|p2a: Gliscor|88/100 tox|[from] Stealth Rock
|
|-heal|p2a: Gliscor|100/100 tox|[from] ability: Poison Heal
|upkeep
|turn|53
|inactive|MegaMarowak usher has 120 seconds left.
|inactive|erz123456 has 120 seconds left.
|
|t:|1758246820
|move|p2a: Gliscor|Toxic|p1a: Moltres
|-status|p1a: Moltres|tox
|move|p1a: Moltres|Roar|p2a: Gliscor
|drag|p2a: Sableye|Sableye, M|32/100
|-damage|p2a: Sableye|20/100|[from] Stealth Rock
|
|-damage|p1a: Moltres|57/100 tox|[from] psn
|upkeep
|turn|54
|inactive|erz123456 has 120 seconds left.
|inactive|MegaMarowak usher has 120 seconds left.
|
|t:|1758246830
|move|p2a: Sableye|Recover|p2a: Sableye
|-heal|p2a: Sableye|70/100
|move|p1a: Moltres|Flamethrower|p2a: Sableye
|-damage|p2a: Sableye|14/100
|
|-damage|p1a: Moltres|45/100 tox|[from] psn
|upkeep
|turn|55
|
|t:|1758246839
|switch|p1a: Garganacl|Garganacl, F|66/100
|move|p2a: Sableye|Recover|p2a: Sableye
|-heal|p2a: Sableye|64/100
|
|-heal|p1a: Garganacl|72/100|[from] item: Leftovers
|upkeep
|turn|56
|
|t:|1758246852
|switch|p2a: Mienshao|Mienshao, M|100/100 brn
|-damage|p2a: Mienshao|95/100 brn|[from] Stealth Rock
|move|p1a: Garganacl|Iron Defense|p1a: Garganacl
|-boost|p1a: Garganacl|def|2
|
|-heal|p1a: Garganacl|79/100|[from] item: Leftovers
|-damage|p2a: Mienshao|89/100 brn|[from] brn
|upkeep
|turn|57
|
|t:|1758246863
|move|p2a: Mienshao|Knock Off|p1a: Garganacl
|-damage|p1a: Garganacl|72/100
|-enditem|p1a: Garganacl|Leftovers|[from] move: Knock Off|[of] p2a: Mienshao
|move|p1a: Garganacl|Iron Defense|p1a: Garganacl
|-boost|p1a: Garganacl|def|2
|
|-damage|p2a: Mienshao|83/100 brn|[from] brn
|upkeep
|turn|58
|
|t:|1758246873
|switch|p2a: Sableye|Sableye, M|64/100
|-damage|p2a: Sableye|52/100|[from] Stealth Rock
|move|p1a: Garganacl|Body Press|p2a: Sableye
|-immune|p2a: Sableye
|
|upkeep
|turn|59
|
|t:|1758246882
|move|p2a: Sableye|Recover|p2a: Sableye
|-heal|p2a: Sableye|100/100
|move|p1a: Garganacl|Salt Cure|p2a: Sableye
|-damage|p2a: Sableye|87/100
|-start|p2a: Sableye|Salt Cure
|
|-damage|p2a: Sableye|75/100|[from] Salt Cure
|upkeep
|turn|60
|
|t:|1758246891
|move|p2a: Sableye|Reflect|p2a: Sableye
|-sidestart|p2: MegaMarowak usher|Reflect
|move|p1a: Garganacl|Iron Defense|p1a: Garganacl
|-boost|p1a: Garganacl|def|2
|
|-damage|p2a: Sableye|63/100|[from] Salt Cure
|upkeep
|turn|61
|
|t:|1758246903
|move|p2a: Sableye|Encore|p1a: Garganacl
|-start|p1a: Garganacl|Encore
|move|p1a: Garganacl|Iron Defense|p1a: Garganacl
|-boost|p1a: Garganacl|def|0
|
|-damage|p2a: Sableye|51/100|[from] Salt Cure
|upkeep
|turn|62
|
|t:|1758246921
|switch|p2a: Gliscor|Gliscor, M|100/100 tox
|-damage|p2a: Gliscor|88/100 tox|[from] Stealth Rock
|move|p1a: Garganacl|Iron Defense|p1a: Garganacl
|-boost|p1a: Garganacl|def|0
|
|-heal|p2a: Gliscor|100/100 tox|[from] ability: Poison Heal
|upkeep
|turn|63
|
|t:|1758246935
|switch|p1a: Zamazenta|Zamazenta|100/100
|-ability|p1a: Zamazenta|Dauntless Shield|boost
|-boost|p1a: Zamazenta|def|1
|move|p2a: Gliscor|Lunge|p1a: Zamazenta
|-resisted|p1a: Zamazenta
|-damage|p1a: Zamazenta|95/100
|-unboost|p1a: Zamazenta|atk|1
|
|upkeep
|turn|64
|
|t:|1758246947
|move|p1a: Zamazenta|Ice Fang|p2a: Gliscor
|-supereffective|p2a: Gliscor
|-damage|p2a: Gliscor|77/100 tox
|move|p2a: Gliscor|Toxic|p1a: Zamazenta
|-status|p1a: Zamazenta|tox
|
|-damage|p1a: Zamazenta|89/100 tox|[from] psn
|-heal|p2a: Gliscor|89/100 tox|[from] ability: Poison Heal
|upkeep
|turn|65
|
|t:|1758246963
|switch|p1a: Dragapult|Dragapult, F|100/100
|switch|p2a: Alomomola|Alomomola, F|100/100
|-damage|p2a: Alomomola|88/100|[from] Stealth Rock
|
|upkeep
|turn|66
|
|t:|1758246976
|move|p1a: Dragapult|Will-O-Wisp|p2a: Alomomola|[miss]
|-miss|p1a: Dragapult|p2a: Alomomola
|move|p2a: Alomomola|Mirror Coat||[still]
|-fail|p2a: Alomomola
|
|upkeep
|turn|67
|
|t:|1758246986
|move|p1a: Dragapult|U-turn|p2a: Alomomola
|-damage|p2a: Alomomola|83/100
|-damage|p1a: Dragapult|84/100|[from] item: Rocky Helmet|[of] p2a: Alomomola
|
|t:|1758247003
|switch|p1a: Moltres|Moltres|45/100 tox|[from] U-turn
|move|p2a: Alomomola|Flip Turn|p1a: Moltres
|-supereffective|p1a: Moltres
|-damage|p1a: Moltres|21/100 tox
|
|t:|1758247023
|switch|p2a: Mienshao|Mienshao, M|100/100 brn|[from] Flip Turn
|-damage|p2a: Mienshao|95/100 brn|[from] Stealth Rock
|
|-damage|p1a: Moltres|15/100 tox|[from] psn
|-damage|p2a: Mienshao|89/100 brn|[from] brn
|-sideend|p2: MegaMarowak usher|Reflect
|upkeep
|turn|68
|
|t:|1758247047
|move|p2a: Mienshao|Poison Jab|p1a: Moltres
|-damage|p1a: Moltres|4/100 tox
|move|p1a: Moltres|Roost|p1a: Moltres
|-heal|p1a: Moltres|54/100 tox
|-singleturn|p1a: Moltres|move: Roost
|
|-damage|p1a: Moltres|42/100 tox|[from] psn
|-damage|p2a: Mienshao|83/100 brn|[from] brn
|upkeep
|turn|69
|inactive|erz123456 has 120 seconds left.
|
|t:|1758247078
|switch|p2a: Slowking|Slowking-Galar, M|47/100 brn
|-damage|p2a: Slowking|34/100 brn|[from] Stealth Rock
|switch|p1a: Dragapult|Dragapult, F|84/100
|
|-damage|p2a: Slowking|28/100 brn|[from] brn
|upkeep
|turn|70
|inactive|MegaMarowak usher has 120 seconds left.
|inactive|MegaMarowak usher has 90 seconds left.
|c|☆erz123456|yo you cant be running this cancer ass team AND playing so slow man
|
|t:|1758247130
|-terastallize|p2a: Slowking|Water
|move|p1a: Dragapult|Hex|p2a: Slowking
|-damage|p2a: Slowking|0 fnt
|faint|p2a: Slowking
|
|upkeep
|inactive|MegaMarowak usher has 60 seconds left.
|
|t:|1758247166
|switch|p2a: Alomomola|Alomomola, F|100/100
|-damage|p2a: Alomomola|88/100|[from] Stealth Rock
|turn|71
|
|t:|1758247173
|switch|p2a: Mienshao|Mienshao, M|100/100 brn
|-damage|p2a: Mienshao|95/100 brn|[from] Stealth Rock
|move|p1a: Dragapult|Will-O-Wisp|p2a: Mienshao
|-fail|p2a: Mienshao|brn
|
|-damage|p2a: Mienshao|89/100 brn|[from] brn
|upkeep
|turn|72
|
|t:|1758247192
|switch|p1a: Moltres|Moltres|42/100 tox
|move|p2a: Mienshao|Knock Off|p1a: Moltres
|-damage|p1a: Moltres|32/100 tox
|
|-damage|p1a: Moltres|26/100 tox|[from] psn
|-damage|p2a: Mienshao|83/100 brn|[from] brn
|upkeep
|turn|73
|inactive|MegaMarowak usher has 60 seconds left.
|
|t:|1758247213
|move|p2a: Mienshao|Knock Off|p1a: Moltres
|-damage|p1a: Moltres|17/100 tox
|move|p1a: Moltres|Flamethrower|p2a: Mienshao
|-damage|p2a: Mienshao|17/100 brn
|
|-damage|p1a: Moltres|5/100 tox|[from] psn
|-damage|p2a: Mienshao|11/100 brn|[from] brn
|upkeep
|turn|74
|inactive|MegaMarowak usher has 60 seconds left.
|
|t:|1758247224
|move|p2a: Mienshao|Knock Off|p1a: Moltres
|-damage|p1a: Moltres|0 fnt
|faint|p1a: Moltres
|
|-damage|p2a: Mienshao|5/100 brn|[from] brn
|upkeep
|
|t:|1758247241
|switch|p1a: Zamazenta|Zamazenta|89/100 tox
|turn|75
|
|t:|1758247247
|move|p2a: Mienshao|Knock Off|p1a: Zamazenta
|-resisted|p1a: Zamazenta
|-damage|p1a: Zamazenta|81/100 tox
|-enditem|p1a: Zamazenta|Expert Belt|[from] move: Knock Off|[of] p2a: Mienshao
|move|p1a: Zamazenta|Crunch|p2a: Mienshao
|-resisted|p2a: Mienshao
|-damage|p2a: Mienshao|0 fnt
|faint|p2a: Mienshao
|
|-damage|p1a: Zamazenta|75/100 tox|[from] psn
|upkeep
|inactive|MegaMarowak usher has 60 seconds left.
|
|t:|1758247268
|switch|p2a: Sableye|Sableye, M|51/100
|-damage|p2a: Sableye|38/100|[from] Stealth Rock
|turn|76
|
|t:|1758247279
|move|p2a: Sableye|Reflect|p2a: Sableye
|-sidestart|p2: MegaMarowak usher|Reflect
|move|p1a: Zamazenta|Heavy Slam|p2a: Sableye
|-damage|p2a: Sableye|18/100
|
|-damage|p1a: Zamazenta|63/100 tox|[from] psn
|upkeep
|turn|77
|
|t:|1758247287
|switch|p1a: Garganacl|Garganacl, F|72/100
|move|p2a: Sableye|Recover|p2a: Sableye
|-heal|p2a: Sableye|68/100
|
|upkeep
|turn|78
|inactive|MegaMarowak usher has 60 seconds left.
|
|t:|1758247324
|switch|p2a: Gliscor|Gliscor, M|89/100 tox
|-damage|p2a: Gliscor|77/100 tox|[from] Stealth Rock
|move|p1a: Garganacl|Salt Cure|p2a: Gliscor
|-damage|p2a: Gliscor|73/100 tox
|-start|p2a: Gliscor|Salt Cure
|
|-heal|p2a: Gliscor|85/100 tox|[from] ability: Poison Heal
|-damage|p2a: Gliscor|73/100 tox|[from] Salt Cure
|upkeep
|turn|79
|
|t:|1758247337
|switch|p1a: Iron Treads|Iron Treads|27/100
|move|p2a: Gliscor|Earthquake|p1a: Iron Treads
|-supereffective|p1a: Iron Treads
|-damage|p1a: Iron Treads|0 fnt
|faint|p1a: Iron Treads
|-end|p1a: Iron Treads|Quark Drive|[silent]
|
|-heal|p2a: Gliscor|85/100 tox|[from] ability: Poison Heal
|-damage|p2a: Gliscor|73/100 tox|[from] Salt Cure
|upkeep
|
|t:|1758247344
|switch|p1a: Ogerpon|Ogerpon-Wellspring-Tera, F, tera:Water|17/100 tox
|-ability|p1a: Ogerpon|Embody Aspect (Wellspring)|boost
|-boost|p1a: Ogerpon|spd|1
|turn|80
|
|t:|1758247355
|switch|p2a: Alomomola|Alomomola, F|100/100
|-damage|p2a: Alomomola|88/100|[from] Stealth Rock
|move|p1a: Ogerpon|Synthesis|p1a: Ogerpon
|-heal|p1a: Ogerpon|67/100 tox
|
|-damage|p1a: Ogerpon|61/100 tox|[from] psn
|upkeep
|turn|81
|
|t:|1758247367
|switch|p1a: Garganacl|Garganacl, F|72/100
|switch|p2a: Sableye|Sableye, M|68/100
|-damage|p2a: Sableye|56/100|[from] Stealth Rock
|
|upkeep
|turn|82
|
|t:|1758247384
|move|p2a: Sableye|Recover|p2a: Sableye
|-heal|p2a: Sableye|100/100
|move|p1a: Garganacl|Salt Cure|p2a: Sableye
|-damage|p2a: Sableye|94/100
|-start|p2a: Sableye|Salt Cure
|
|-damage|p2a: Sableye|81/100|[from] Salt Cure
|upkeep
|turn|83
|
|t:|1758247393
|move|p2a: Sableye|Foul Play|p1a: Garganacl
|-damage|p1a: Garganacl|52/100
|move|p1a: Garganacl|Iron Defense|p1a: Garganacl
|-boost|p1a: Garganacl|def|2
|
|-damage|p2a: Sableye|69/100|[from] Salt Cure
|-sideend|p2: MegaMarowak usher|Reflect
|upkeep
|turn|84
|
|t:|1758247413
|switch|p1a: Zamazenta|Zamazenta|63/100 tox
|move|p2a: Sableye|Encore||[still]
|-fail|p2a: Sableye
|
|-damage|p1a: Zamazenta|56/100 tox|[from] psn
|-damage|p2a: Sableye|57/100|[from] Salt Cure
|upkeep
|turn|85
|
|t:|1758247425
|switch|p2a: Alomomola|Alomomola, F|100/100
|-damage|p2a: Alomomola|88/100|[from] Stealth Rock
|move|p1a: Zamazenta|Heavy Slam|p2a: Alomomola
|-resisted|p2a: Alomomola
|-damage|p2a: Alomomola|75/100
|-damage|p1a: Zamazenta|40/100 tox|[from] item: Rocky Helmet|[of] p2a: Alomomola
|
|-damage|p1a: Zamazenta|28/100 tox|[from] psn
|upkeep
|turn|86
|
|t:|1758247438
|switch|p1a: Dragapult|Dragapult, F|84/100
|move|p2a: Alomomola|Wish|p2a: Alomomola
|
|upkeep
|turn|87
|
|t:|1758247449
|move|p1a: Dragapult|Draco Meteor|p2a: Alomomola|[miss]
|-miss|p1a: Dragapult|p2a: Alomomola
|move|p2a: Alomomola|Flip Turn|p1a: Dragapult
|-resisted|p1a: Dragapult
|-damage|p1a: Dragapult|73/100
|
|t:|1758247458
|switch|p2a: Gliscor|Gliscor, M|73/100 tox|[from] Flip Turn
|-damage|p2a: Gliscor|60/100 tox|[from] Stealth Rock
|
|-heal|p2a: Gliscor|100/100 tox|[from] move: Wish|[wisher] Alomomola
|upkeep
|turn|88
|
|t:|1758247472
|move|p1a: Dragapult|U-turn|p2a: Gliscor
|-resisted|p2a: Gliscor
|-damage|p2a: Gliscor|95/100 tox
|
|t:|1758247476
|switch|p1a: Zamazenta|Zamazenta|28/100 tox|[from] U-turn
|move|p2a: Gliscor|Lunge|p1a: Zamazenta
|-resisted|p1a: Zamazenta
|-damage|p1a: Zamazenta|19/100 tox
|-unboost|p1a: Zamazenta|atk|1
|
|-damage|p1a: Zamazenta|12/100 tox|[from] psn
|-heal|p2a: Gliscor|100/100 tox|[from] ability: Poison Heal
|upkeep
|turn|89
|inactive|MegaMarowak usher has 60 seconds left.
|
|t:|1758247494
|switch|p2a: Alomomola|Alomomola, F|100/100
|-damage|p2a: Alomomola|88/100|[from] Stealth Rock
|move|p1a: Zamazenta|Close Combat|p2a: Alomomola
|-damage|p2a: Alomomola|62/100
|-unboost|p1a: Zamazenta|def|1
|-unboost|p1a: Zamazenta|spd|1
|-damage|p1a: Zamazenta|0 fnt|[from] item: Rocky Helmet|[of] p2a: Alomomola
|faint|p1a: Zamazenta
|
|upkeep
|
|t:|1758247497
|switch|p1a: Ogerpon|Ogerpon-Wellspring-Tera, F, tera:Water|61/100 tox
|-ability|p1a: Ogerpon|Embody Aspect (Wellspring)|boost
|-boost|p1a: Ogerpon|spd|1
|turn|90
|inactive|MegaMarowak usher has 60 seconds left.
|
|t:|1758247510
|switch|p2a: Sableye|Sableye, M|57/100
|-damage|p2a: Sableye|45/100|[from] Stealth Rock
|move|p1a: Ogerpon|Synthesis|p1a: Ogerpon
|-heal|p1a: Ogerpon|100/100 tox
|
|-damage|p1a: Ogerpon|94/100 tox|[from] psn
|upkeep
|turn|91
|inactive|MegaMarowak usher has 60 seconds left.
|
|t:|1758247521
|switch|p1a: Dragapult|Dragapult, F|73/100
|move|p2a: Sableye|Recover|p2a: Sableye
|-heal|p2a: Sableye|95/100
|
|upkeep
|turn|92
|inactive|MegaMarowak usher has 60 seconds left.
|
|t:|1758247533
|switch|p1a: Garganacl|Garganacl, F|52/100
|move|p2a: Sableye|Reflect|p2a: Sableye
|-sidestart|p2: MegaMarowak usher|Reflect
|
|upkeep
|turn|93
|inactive|MegaMarowak usher has 60 seconds left.
|
|t:|1758247544
|switch|p2a: Alomomola|Alomomola, F|96/100
|-damage|p2a: Alomomola|83/100|[from] Stealth Rock
|move|p1a: Garganacl|Iron Defense|p1a: Garganacl
|-boost|p1a: Garganacl|def|2
|
|upkeep
|turn|94
|inactive|MegaMarowak usher has 60 seconds left.
|
|t:|1758247555
|move|p2a: Alomomola|Flip Turn|p1a: Garganacl
|-supereffective|p1a: Garganacl
|-damage|p1a: Garganacl|39/100
|
|t:|1758247564
|switch|p2a: Sableye|Sableye, M|95/100|[from] Flip Turn
|-damage|p2a: Sableye|83/100|[from] Stealth Rock
|move|p1a: Garganacl|Recover|p1a: Garganacl
|-heal|p1a: Garganacl|89/100
|
|upkeep
|turn|95
|inactive|MegaMarowak usher has 60 seconds left.
|
|t:|1758247583
|switch|p1a: Dragapult|Dragapult, F|73/100
|move|p2a: Sableye|Foul Play|p1a: Dragapult
|-supereffective|p1a: Dragapult
|-damage|p1a: Dragapult|0 fnt
|faint|p1a: Dragapult
|
|upkeep
|
|t:|1758247589
|switch|p1a: Ogerpon|Ogerpon-Wellspring-Tera, F, tera:Water|94/100 tox
|-ability|p1a: Ogerpon|Embody Aspect (Wellspring)|boost
|-boost|p1a: Ogerpon|spd|1
|turn|96
|inactive|MegaMarowak usher has 60 seconds left.
|
|t:|1758247596
|switch|p1a: Garganacl|Garganacl, F|89/100
|move|p2a: Sableye|Foul Play|p1a: Garganacl
|-damage|p1a: Garganacl|66/100
|
|upkeep
|turn|97
|inactive|MegaMarowak usher has 60 seconds left.
|
|t:|1758247607
|move|p2a: Sableye|Foul Play|p1a: Garganacl
|-damage|p1a: Garganacl|45/100
|move|p1a: Garganacl|Iron Defense|p1a: Garganacl
|-boost|p1a: Garganacl|def|2
|
|upkeep
|turn|98
|
|t:|1758247613
|move|p2a: Sableye|Encore|p1a: Garganacl
|-start|p1a: Garganacl|Encore
|move|p1a: Garganacl|Iron Defense|p1a: Garganacl
|-boost|p1a: Garganacl|def|2
|
|upkeep
|turn|99
|
|t:|1758247619
|switch|p1a: Ogerpon|Ogerpon-Wellspring-Tera, F, tera:Water|94/100 tox
|-ability|p1a: Ogerpon|Embody Aspect (Wellspring)|boost
|-boost|p1a: Ogerpon|spd|1
|move|p2a: Sableye|Foul Play|p1a: Ogerpon
|-damage|p1a: Ogerpon|50/100 tox
|
|-damage|p1a: Ogerpon|44/100 tox|[from] psn
|-sideend|p2: MegaMarowak usher|Reflect
|upkeep
|turn|100
|
|t:|1758247629
|move|p1a: Ogerpon|Ivy Cudgel|p2a: Sableye|[anim] Ivy Cudgel Water
|-damage|p2a: Sableye|12/100
|move|p2a: Sableye|Foul Play|p1a: Ogerpon
|-damage|p1a: Ogerpon|0 fnt
|faint|p1a: Ogerpon
|detailschange|p1: Ogerpon|Ogerpon-Wellspring, F|[silent]
|
|upkeep
|
|t:|1758247635
|switch|p1a: Garganacl|Garganacl, F|45/100
|turn|101
|-message|erz123456 forfeited.
|
|win|MegaMarowak usher
