|j|☆szjtxdy
|j|☆ii el bunneh ii
|t:|1758257900
|gametype|singles
|player|p1|szjtxdy|rosa|1283
|player|p2|ii el bunneh ii|2|1256
|gen|9
|tier|[Gen 9] OU
|rated|
|rule|HP Percentage Mod: HP is shown in percentages
|rule|Endless Battle Clause: Forcing endless battles is banned
|rule|Species Clause: Limit one of each Pokémon
|rule|OHKO Clause: OHKO moves are banned
|rule|Evasion Items Clause: Evasion items are banned
|rule|Evasion Moves Clause: Evasion moves are banned
|rule|Evasion Abilities Clause: Evasion abilities are banned
|rule|Sleep Moves Clause: Sleep-inducing moves are banned
|clearpoke
|poke|p1|Torkoal, F|
|poke|p1|Hatterene, F|
|poke|p1|Raging Bolt|
|poke|p1|Walking Wake|
|poke|p1|Venusaur, M|
|poke|p1|Glimmora, F|
|poke|p2|Deoxys-Speed|
|poke|p2|Grimmsnarl, M|
|poke|p2|Alcremie, F|
|poke|p2|Klefki, M|
|poke|p2|Ogerpon-Wellspring, F|
|poke|p2|Kyurem|
|teampreview
|inactive|Battle timer is ON: inactive players will automatically lose when time's up. (requested by szjtxdy)
|inactive|ii el bunneh ii has 120 seconds left.
|
|t:|1758257931
|teamsize|p1|6
|teamsize|p2|6
|start
|switch|p1a: Torkoal|Torkoal, F|100/100
|switch|p2a: Deoxys|Deoxys-Speed|100/100
|-ability|p2a: Deoxys|Pressure
|-weather|SunnyDay|[from] ability: Drought|[of] p1a: Torkoal
|turn|1
|
|t:|1758257955
|move|p2a: Deoxys|Taunt|p1a: Torkoal
|-start|p1a: Torkoal|move: Taunt
|move|p1a: Torkoal|Lava Plume|p2a: Deoxys
|-damage|p2a: Deoxys|56/100
|
|-weather|SunnyDay|[upkeep]
|upkeep
|turn|2
|
|t:|1758257964
|switch|p1a: Hatterene|Hatterene, F|100/100
|move|p2a: Deoxys|Light Screen|p2a: Deoxys
|-sidestart|p2: ii el bunneh ii|move: Light Screen
|
|-weather|SunnyDay|[upkeep]
|upkeep
|turn|3
|
|t:|1758257972
|move|p1a: Hatterene|Nuzzle|p2a: Deoxys
|-damage|p2a: Deoxys|51/100
|-status|p2a: Deoxys|par
|move|p2a: Deoxys|Teleport|p2a: Deoxys
|
|t:|1758257982
|switch|p2a: Grimmsnarl|Grimmsnarl, M|100/100|[from] Teleport
|
|-weather|SunnyDay|[upkeep]
|upkeep
|turn|4
|
|t:|1758257990
|move|p2a: Grimmsnarl|Parting Shot|p1a: Hatterene
|move|p1a: Hatterene|Parting Shot|p2a: Grimmsnarl|[from] ability: Magic Bounce
|-unboost|p2a: Grimmsnarl|atk|1
|-unboost|p2a: Grimmsnarl|spa|1
|
|t:|1758258009
|switch|p1a: Glimmora|Glimmora, F|100/100|[from] Parting Shot
|
|-weather|SunnyDay|[upkeep]
|upkeep
|turn|5
|
|t:|1758258015
|move|p2a: Grimmsnarl|Parting Shot|p1a: Glimmora
|-unboost|p1a: Glimmora|atk|1
|-unboost|p1a: Glimmora|spa|1
|
|t:|1758258026
|switch|p2a: Klefki|Klefki, M|100/100|[from] Parting Shot
|move|p1a: Glimmora|Meteor Beam||[still]
|-prepare|p1a: Glimmora|Meteor Beam
|-boost|p1a: Glimmora|spa|1
|-enditem|p1a: Glimmora|Power Herb
|-anim|p1a: Glimmora|Meteor Beam|p2a: Klefki
|-resisted|p2a: Klefki
|-damage|p2a: Klefki|86/100
|
|-weather|SunnyDay|[upkeep]
|-heal|p2a: Klefki|92/100|[from] item: Leftovers
|upkeep
|turn|6
|
|t:|1758258038
|move|p2a: Klefki|Calm Mind|p2a: Klefki
|-boost|p2a: Klefki|spa|1
|-boost|p2a: Klefki|spd|1
|move|p1a: Glimmora|Earth Power|p2a: Klefki
|-supereffective|p2a: Klefki
|-crit|p2a: Klefki
|-damage|p2a: Klefki|0 fnt
|faint|p2a: Klefki
|
|-weather|SunnyDay|[upkeep]
|upkeep
|
|t:|1758258050
|switch|p2a: Grimmsnarl|Grimmsnarl, M|100/100
|turn|7
|inactive|szjtxdy has 120 seconds left.
|
|t:|1758258095
|switch|p1a: Hatterene|Hatterene, F|100/100
|move|p2a: Grimmsnarl|Parting Shot|p1a: Hatterene
|move|p1a: Hatterene|Parting Shot|p2a: Grimmsnarl|[from] ability: Magic Bounce
|-unboost|p2a: Grimmsnarl|atk|1
|-unboost|p2a: Grimmsnarl|spa|1
|
|t:|1758258106
|switch|p1a: Glimmora|Glimmora, F|100/100|[from] Parting Shot
|
|-weather|SunnyDay|[upkeep]
|upkeep
|turn|8
|
|t:|1758258111
|move|p2a: Grimmsnarl|Parting Shot|p1a: Glimmora
|-unboost|p1a: Glimmora|atk|1
|-unboost|p1a: Glimmora|spa|1
|
|t:|1758258122
|switch|p2a: Deoxys|Deoxys-Speed|51/100 par|[from] Parting Shot
|-ability|p2a: Deoxys|Pressure
|move|p1a: Glimmora|Sludge Wave|p2a: Deoxys
|-damage|p2a: Deoxys|29/100 par
|
|-weather|none
|upkeep
|turn|9
|inactive|szjtxdy has 120 seconds left.
|
|t:|1758258133
|move|p1a: Glimmora|Sludge Wave|p2a: Deoxys
|-damage|p2a: Deoxys|9/100 par
|cant|p2a: Deoxys|par
|
|-sideend|p2: ii el bunneh ii|move: Light Screen
|upkeep
|turn|10
|
|t:|1758258137
|move|p1a: Glimmora|Sludge Wave|p2a: Deoxys
|-damage|p2a: Deoxys|0 fnt
|faint|p2a: Deoxys
|
|upkeep
|
|t:|1758258140
|switch|p2a: Grimmsnarl|Grimmsnarl, M|100/100
|turn|11
|
|t:|1758258145
|switch|p1a: Torkoal|Torkoal, F|100/100
|-weather|SunnyDay|[from] ability: Drought|[of] p1a: Torkoal
|move|p2a: Grimmsnarl|Light Screen|p2a: Grimmsnarl
|-sidestart|p2: ii el bunneh ii|move: Light Screen
|
|-weather|SunnyDay|[upkeep]
|upkeep
|turn|12
|
|t:|1758258163
|move|p2a: Grimmsnarl|Parting Shot|p1a: Torkoal
|-unboost|p1a: Torkoal|atk|1
|-unboost|p1a: Torkoal|spa|1
|
|t:|1758258165
|switch|p2a: Alcremie|Alcremie, F|100/100|[from] Parting Shot
|move|p1a: Torkoal|Lava Plume|p2a: Alcremie
|-damage|p2a: Alcremie|90/100
|
|-weather|SunnyDay|[upkeep]
|upkeep
|turn|13
|
|t:|1758258173
|switch|p1a: Venusaur|Venusaur, M|100/100
|move|p2a: Alcremie|Calm Mind|p2a: Alcremie
|-boost|p2a: Alcremie|spa|1
|-boost|p2a: Alcremie|spd|1
|
|-weather|SunnyDay|[upkeep]
|upkeep
|turn|14
|
|t:|1758258182
|-terastallize|p2a: Alcremie|Steel
|move|p1a: Venusaur|Growth|p1a: Venusaur
|-boost|p1a: Venusaur|atk|2
|-boost|p1a: Venusaur|spa|2
|move|p2a: Alcremie|Calm Mind|p2a: Alcremie
|-boost|p2a: Alcremie|spa|1
|-boost|p2a: Alcremie|spd|1
|
|-weather|SunnyDay|[upkeep]
|upkeep
|turn|15
|
|t:|1758258188
|-terastallize|p1a: Venusaur|Fire
|move|p1a: Venusaur|Weather Ball|p2a: Alcremie
|-supereffective|p2a: Alcremie
|-damage|p2a: Alcremie|10/100
|-damage|p1a: Venusaur|91/100|[from] item: Life Orb
|move|p2a: Alcremie|Calm Mind|p2a: Alcremie
|-boost|p2a: Alcremie|spa|1
|-boost|p2a: Alcremie|spd|1
|
|-weather|SunnyDay|[upkeep]
|upkeep
|turn|16
|
|t:|1758258196
|move|p1a: Venusaur|Weather Ball|p2a: Alcremie
|-supereffective|p2a: Alcremie
|-damage|p2a: Alcremie|0 fnt
|faint|p2a: Alcremie
|-damage|p1a: Venusaur|81/100|[from] item: Life Orb
|
|-weather|SunnyDay|[upkeep]
|upkeep
|
|t:|1758258199
|switch|p2a: Grimmsnarl|Grimmsnarl, M|100/100
|turn|17
|
|t:|1758258202
|move|p2a: Grimmsnarl|Parting Shot|p1a: Venusaur
|-unboost|p1a: Venusaur|atk|1
|-unboost|p1a: Venusaur|spa|1
|
|t:|1758258203
|switch|p2a: Ogerpon|Ogerpon-Wellspring, F|100/100|[from] Parting Shot
|move|p1a: Venusaur|Sludge Bomb|p2a: Ogerpon
|-supereffective|p2a: Ogerpon
|-damage|p2a: Ogerpon|7/100
|-damage|p1a: Venusaur|71/100|[from] item: Life Orb
|
|-weather|SunnyDay|[upkeep]
|upkeep
|turn|18
|
|t:|1758258210
|move|p1a: Venusaur|Sludge Bomb|p2a: Ogerpon
|-supereffective|p2a: Ogerpon
|-damage|p2a: Ogerpon|0 fnt
|faint|p2a: Ogerpon
|-damage|p1a: Venusaur|61/100|[from] item: Life Orb
|
|-weather|none
|-sideend|p2: ii el bunneh ii|move: Light Screen
|upkeep
|
|t:|1758258215
|switch|p2a: Grimmsnarl|Grimmsnarl, M|100/100
|turn|19
|
|t:|1758258219
|switch|p1a: Torkoal|Torkoal, F|100/100
|-weather|SunnyDay|[from] ability: Drought|[of] p1a: Torkoal
|move|p2a: Grimmsnarl|Light Screen|p2a: Grimmsnarl
|-sidestart|p2: ii el bunneh ii|move: Light Screen
|
|-weather|SunnyDay|[upkeep]
|upkeep
|turn|20
|
|t:|1758258231
|move|p2a: Grimmsnarl|Parting Shot|p1a: Torkoal
|-unboost|p1a: Torkoal|atk|1
|-unboost|p1a: Torkoal|spa|1
|
|t:|1758258232
|switch|p2a: Kyurem|Kyurem|100/100|[from] Parting Shot
|-ability|p2a: Kyurem|Pressure
|move|p1a: Torkoal|Stealth Rock|p2a: Kyurem
|-sidestart|p2: ii el bunneh ii|move: Stealth Rock
|
|-weather|SunnyDay|[upkeep]
|upkeep
|turn|21
|
|t:|1758258234
|move|p2a: Kyurem|Dragon Dance|p2a: Kyurem
|-boost|p2a: Kyurem|atk|1
|-boost|p2a: Kyurem|spe|1
|move|p1a: Torkoal|Body Press|p2a: Kyurem
|-supereffective|p2a: Kyurem
|-damage|p2a: Kyurem|28/100
|
|-weather|SunnyDay|[upkeep]
|upkeep
|turn|22
|
|t:|1758258241
|move|p2a: Kyurem|Scale Shot|p1a: Torkoal
|-damage|p1a: Torkoal|88/100
|-damage|p1a: Torkoal|76/100
|-damage|p1a: Torkoal|65/100
|-damage|p1a: Torkoal|53/100
|-damage|p1a: Torkoal|41/100
|-hitcount|p1a: Torkoal|5
|-unboost|p2a: Kyurem|def|1
|-boost|p2a: Kyurem|spe|1
|move|p1a: Torkoal|Body Press|p2a: Kyurem
|-supereffective|p2a: Kyurem
|-damage|p2a: Kyurem|0 fnt
|faint|p2a: Kyurem
|
|-weather|SunnyDay|[upkeep]
|upkeep
|-message|ii el bunneh ii forfeited.
|
|win|szjtxdy
|raw|szjtxdy's rating: 1283 &rarr; <strong>1306</strong><br />(+23 for winning)
|raw|ii el bunneh ii's rating: 1256 &rarr; <strong>1233</strong><br />(-23 for losing)
|l|☆ii el bunneh ii
|player|p2|
|l|☆szjtxdy
|player|p1|
