|j|☆TreyB44
|j|☆aaWWa
|t:|1758350205
|gametype|singles
|player|p1|TreyB44|burglar|1164
|player|p2|aaWWa|bianca-masters|1169
|gen|9
|tier|[Gen 9] OU
|rated|
|rule|HP Percentage Mod: HP is shown in percentages
|rule|Endless Battle Clause: Forcing endless battles is banned
|rule|Species Clause: Limit one of each Pokémon
|rule|OHKO Clause: OHKO moves are banned
|rule|Evasion Items Clause: Evasion items are banned
|rule|Evasion Moves Clause: Evasion moves are banned
|rule|Evasion Abilities Clause: Evasion abilities are banned
|rule|Sleep Moves Clause: Sleep-inducing moves are banned
|clearpoke
|poke|p1|Kyurem|
|poke|p1|Glimmora, F|
|poke|p1|Great Tusk|
|poke|p1|Umbreon, M|
|poke|p1|Pecharunt|
|poke|p1|Slaking, M|
|poke|p2|Landorus-Therian, M|
|poke|p2|Samurott-Hisui, M|
|poke|p2|Pecharunt|
|poke|p2|Scizor, M|
|poke|p2|Latios, M|
|poke|p2|Zamazenta-*|
|teampreview
|inactive|Battle timer is ON: inactive players will automatically lose when time's up. (requested by aaWWa)
|
|t:|1758350216
|teamsize|p1|6
|teamsize|p2|6
|start
|switch|p1a: Slaking|Slaking, M, shiny|100/100
|switch|p2a: Landorus|Landorus-Therian, M|100/100
|-ability|p2a: Landorus|Intimidate|boost
|-unboost|p1a: Slaking|atk|1
|turn|1
|
|t:|1758350224
|move|p1a: Slaking|Ice Punch|p2a: Landorus
|-supereffective|p2a: Landorus
|-damage|p2a: Landorus|0 fnt
|-damage|p1a: Slaking|84/100|[from] item: Rocky Helmet|[of] p2a: Landorus
|faint|p2a: Landorus
|
|upkeep
|
|t:|1758350237
|switch|p2a: Samurott|Samurott-Hisui, M|100/100
|turn|2
|
|t:|1758350248
|switch|p1a: Kyurem|Kyurem|100/100
|-ability|p1a: Kyurem|Pressure
|move|p2a: Samurott|Ceaseless Edge|p1a: Kyurem
|-damage|p1a: Kyurem|57/100
|-sidestart|p1: TreyB44|Spikes
|
|upkeep
|turn|3
|
|t:|1758350260
|move|p1a: Kyurem|Dragon Dance|p1a: Kyurem
|-boost|p1a: Kyurem|atk|1
|-boost|p1a: Kyurem|spe|1
|move|p2a: Samurott|Knock Off|p1a: Kyurem
|-damage|p1a: Kyurem|14/100
|-enditem|p1a: Kyurem|Loaded Dice|[from] move: Knock Off|[of] p2a: Samurott
|
|upkeep
|turn|4
|
|t:|1758350272
|move|p1a: Kyurem|Dragon Claw|p2a: Samurott
|-damage|p2a: Samurott|22/100
|move|p2a: Samurott|Ceaseless Edge|p1a: Kyurem
|-damage|p1a: Kyurem|0 fnt
|-sidestart|p1: TreyB44|Spikes
|faint|p1a: Kyurem
|
|upkeep
|
|t:|1758350283
|switch|p1a: Great Tusk|Great Tusk|100/100
|-damage|p1a: Great Tusk|84/100|[from] Spikes
|-enditem|p1a: Great Tusk|Booster Energy
|-activate|p1a: Great Tusk|ability: Protosynthesis|[fromitem]
|-start|p1a: Great Tusk|protosynthesisatk
|turn|5
|
|t:|1758350289
|switch|p2a: Pecharunt|Pecharunt|100/100
|move|p1a: Great Tusk|Rapid Spin|p2a: Pecharunt
|-immune|p2a: Pecharunt
|
|upkeep
|turn|6
|
|t:|1758350306
|move|p2a: Pecharunt|Malignant Chain|p1a: Great Tusk
|-resisted|p1a: Great Tusk
|-damage|p1a: Great Tusk|59/100
|-status|p1a: Great Tusk|tox
|-start|p1a: Great Tusk|confusion|[from] ability: Poison Puppeteer|[of] p2a: Pecharunt
|-activate|p1a: Great Tusk|confusion
|move|p1a: Great Tusk|Bulk Up|p1a: Great Tusk
|-boost|p1a: Great Tusk|atk|1
|-boost|p1a: Great Tusk|def|1
|
|-damage|p1a: Great Tusk|53/100 tox|[from] psn
|upkeep
|turn|7
|
|t:|1758350323
|move|p2a: Pecharunt|Shadow Ball|p1a: Great Tusk
|-damage|p1a: Great Tusk|16/100 tox
|-activate|p1a: Great Tusk|confusion
|move|p1a: Great Tusk|Headlong Rush|p2a: Pecharunt
|-supereffective|p2a: Pecharunt
|-damage|p2a: Pecharunt|0 fnt
|-unboost|p1a: Great Tusk|def|1
|-unboost|p1a: Great Tusk|spd|1
|faint|p2a: Pecharunt
|
|-damage|p1a: Great Tusk|4/100 tox|[from] psn
|upkeep
|
|t:|1758350336
|switch|p2a: Latios|Latios, M|100/100
|turn|8
|
|t:|1758350340
|move|p2a: Latios|Psychic Noise|p1a: Great Tusk
|-supereffective|p1a: Great Tusk
|-damage|p1a: Great Tusk|0 fnt
|faint|p1a: Great Tusk
|-end|p1a: Great Tusk|Protosynthesis|[silent]
|
|upkeep
|
|t:|1758350351
|switch|p1a: Umbreon|Umbreon, M|100/100
|turn|9
|
|t:|1758350369
|switch|p2a: Samurott|Samurott-Hisui, M|22/100
|move|p1a: Umbreon|Curse|p1a: Umbreon
|-unboost|p1a: Umbreon|spe|1
|-boost|p1a: Umbreon|atk|1
|-boost|p1a: Umbreon|def|1
|
|upkeep
|turn|10
|
|t:|1758350379
|move|p2a: Samurott|Knock Off|p1a: Umbreon
|-resisted|p1a: Umbreon
|-damage|p1a: Umbreon|89/100
|-enditem|p1a: Umbreon|Heavy-Duty Boots|[from] move: Knock Off|[of] p2a: Samurott
|move|p1a: Umbreon|Curse|p1a: Umbreon
|-unboost|p1a: Umbreon|spe|1
|-boost|p1a: Umbreon|atk|1
|-boost|p1a: Umbreon|def|1
|
|upkeep
|turn|11
|
|t:|1758350393
|switch|p2a: Zamazenta|Zamazenta|100/100
|-ability|p2a: Zamazenta|Dauntless Shield|boost
|-boost|p2a: Zamazenta|def|1
|move|p1a: Umbreon|Throat Chop|p2a: Zamazenta
|-resisted|p2a: Zamazenta
|-damage|p2a: Zamazenta|92/100
|-start|p2a: Zamazenta|Throat Chop|[silent]
|
|-heal|p2a: Zamazenta|98/100|[from] item: Leftovers
|upkeep
|turn|12
|
|t:|1758350404
|move|p2a: Zamazenta|Iron Defense|p2a: Zamazenta
|-boost|p2a: Zamazenta|def|2
|move|p1a: Umbreon|Toxic|p2a: Zamazenta
|-status|p2a: Zamazenta|tox
|
|-heal|p2a: Zamazenta|100/100 tox|[from] item: Leftovers
|-damage|p2a: Zamazenta|94/100 tox|[from] psn
|-end|p2a: Zamazenta|Throat Chop|[silent]
|upkeep
|turn|13
|
|t:|1758350413
|-terastallize|p1a: Umbreon|Poison
|move|p2a: Zamazenta|Body Press|p1a: Umbreon
|-resisted|p1a: Umbreon
|-damage|p1a: Umbreon|70/100
|move|p1a: Umbreon|Curse|p1a: Umbreon
|-unboost|p1a: Umbreon|spe|1
|-boost|p1a: Umbreon|atk|1
|-boost|p1a: Umbreon|def|1
|
|-heal|p2a: Zamazenta|100/100 tox|[from] item: Leftovers
|-damage|p2a: Zamazenta|88/100 tox|[from] psn
|upkeep
|turn|14
|
|t:|1758350426
|move|p1a: Umbreon|Moonlight|p1a: Umbreon
|-heal|p1a: Umbreon|100/100
|move|p2a: Zamazenta|Roar|p1a: Umbreon
|drag|p1a: Pecharunt|Pecharunt|100/100
|-damage|p1a: Pecharunt|84/100|[from] Spikes
|
|-heal|p2a: Zamazenta|94/100 tox|[from] item: Leftovers
|-damage|p2a: Zamazenta|76/100 tox|[from] psn
|upkeep
|turn|15
|
|t:|1758350438
|move|p2a: Zamazenta|Crunch|p1a: Pecharunt
|-supereffective|p1a: Pecharunt
|-damage|p1a: Pecharunt|61/100
|-damage|p2a: Zamazenta|60/100 tox|[from] item: Rocky Helmet|[of] p1a: Pecharunt
|move|p1a: Pecharunt|Hex|p2a: Zamazenta
|-damage|p2a: Zamazenta|25/100 tox
|
|-heal|p2a: Zamazenta|31/100 tox|[from] item: Leftovers
|-damage|p2a: Zamazenta|6/100 tox|[from] psn
|upkeep
|turn|16
|
|t:|1758350449
|move|p2a: Zamazenta|Crunch|p1a: Pecharunt
|-supereffective|p1a: Pecharunt
|-damage|p1a: Pecharunt|40/100
|-damage|p2a: Zamazenta|0 fnt|[from] item: Rocky Helmet|[of] p1a: Pecharunt
|faint|p2a: Zamazenta
|move|p1a: Pecharunt|Recover|p1a: Pecharunt
|-heal|p1a: Pecharunt|90/100
|
|upkeep
|
|t:|1758350465
|switch|p2a: Samurott|Samurott-Hisui, M|22/100
|turn|17
|
|t:|1758350476
|move|p2a: Samurott|Knock Off|p1a: Pecharunt
|-supereffective|p1a: Pecharunt
|-damage|p1a: Pecharunt|41/100
|-damage|p2a: Samurott|6/100|[from] item: Rocky Helmet|[of] p1a: Pecharunt
|-enditem|p1a: Pecharunt|Rocky Helmet|[from] move: Knock Off|[of] p2a: Samurott
|move|p1a: Pecharunt|Recover|p1a: Pecharunt
|-heal|p1a: Pecharunt|91/100
|
|upkeep
|turn|18
|
|t:|1758350501
|switch|p1a: Umbreon|Umbreon, M, tera:Poison|100/100
|-damage|p1a: Umbreon|84/100|[from] Spikes
|move|p2a: Samurott|Ceaseless Edge|p1a: Umbreon
|-damage|p1a: Umbreon|50/100
|-sidestart|p1: TreyB44|Spikes
|
|upkeep
|turn|19
|
|t:|1758350513
|switch|p2a: Latios|Latios, M|100/100
|move|p1a: Umbreon|Throat Chop|p2a: Latios
|-supereffective|p2a: Latios
|-damage|p2a: Latios|53/100
|-start|p2a: Latios|Throat Chop|[silent]
|
|upkeep
|turn|20
|
|t:|1758350523
|move|p2a: Latios|Draco Meteor|p1a: Umbreon
|-damage|p1a: Umbreon|5/100
|-unboost|p2a: Latios|spa|2
|move|p1a: Umbreon|Throat Chop|p2a: Latios
|-supereffective|p2a: Latios
|-damage|p2a: Latios|1/100
|
|-end|p2a: Latios|Throat Chop|[silent]
|upkeep
|turn|21
|
|t:|1758350534
|move|p2a: Latios|Psychic Noise|p1a: Umbreon
|-supereffective|p1a: Umbreon
|-damage|p1a: Umbreon|0 fnt
|faint|p1a: Umbreon
|
|upkeep
|
|t:|1758350547
|switch|p1a: Slaking|Slaking, M, shiny|84/100
|-damage|p1a: Slaking|59/100|[from] Spikes
|turn|22
|
|t:|1758350554
|move|p2a: Latios|Draco Meteor|p1a: Slaking
|-damage|p1a: Slaking|13/100
|-unboost|p2a: Latios|spa|2
|move|p1a: Slaking|Giga Impact|p2a: Latios
|-damage|p2a: Latios|0 fnt
|-mustrecharge|p1a: Slaking
|faint|p2a: Latios
|
|upkeep
|
|t:|1758350563
|switch|p2a: Scizor|Scizor, M|100/100
|turn|23
|
|t:|1758350568
|cant|p1a: Slaking|recharge
|move|p2a: Scizor|Swords Dance|p2a: Scizor
|-boost|p2a: Scizor|atk|2
|
|upkeep
|turn|24
|
|t:|1758350574
|move|p1a: Slaking|Giga Impact|p2a: Scizor
|-resisted|p2a: Scizor
|-damage|p2a: Scizor|19/100
|-mustrecharge|p1a: Slaking
|move|p2a: Scizor|Knock Off|p1a: Slaking
|-damage|p1a: Slaking|0 fnt
|-enditem|p1a: Slaking|Choice Band|[from] move: Knock Off|[of] p2a: Scizor
|faint|p1a: Slaking
|
|upkeep
|
|t:|1758350583
|switch|p1a: Pecharunt|Pecharunt|91/100
|-damage|p1a: Pecharunt|66/100|[from] Spikes
|turn|25
|
|t:|1758350589
|move|p2a: Scizor|Knock Off|p1a: Pecharunt
|-supereffective|p1a: Pecharunt
|-damage|p1a: Pecharunt|17/100
|move|p1a: Pecharunt|Hex|p2a: Scizor
|-damage|p2a: Scizor|0 fnt
|faint|p2a: Scizor
|
|upkeep
|
|t:|1758350595
|switch|p2a: Samurott|Samurott-Hisui, M|6/100
|turn|26
|
|t:|1758350599
|move|p2a: Samurott|Knock Off|p1a: Pecharunt
|-supereffective|p1a: Pecharunt
|-damage|p1a: Pecharunt|0 fnt
|faint|p1a: Pecharunt
|
|upkeep
|
|t:|1758350604
|switch|p1a: Glimmora|Glimmora, F|100/100
|-damage|p1a: Glimmora|76/100|[from] Spikes
|turn|27
|
|t:|1758350611
|move|p2a: Samurott|Aqua Jet|p1a: Glimmora
|-supereffective|p1a: Glimmora
|-damage|p1a: Glimmora|36/100
|-activate|p1a: Glimmora|ability: Toxic Debris
|-sidestart|p2: aaWWa|move: Toxic Spikes
|move|p1a: Glimmora|Earth Power|p2a: Samurott
|-damage|p2a: Samurott|0 fnt
|faint|p2a: Samurott
|
|win|TreyB44
|raw|TreyB44's rating: 1164 &rarr; <strong>1189</strong><br />(+25 for winning)
|raw|aaWWa's rating: 1169 &rarr; <strong>1144</strong><br />(-25 for losing)
|l|☆aaWWa
|player|p2|
|l|☆TreyB44
|player|p1|
