|j|‽weakrat
|j|☆simmons of ben
|t:|1758266012
|gametype|singles
|player|p1|weakrat|bruno-gen3|1319
|player|p2|simmons of ben|101|1420
|gen|9
|tier|[Gen 9] OU
|rated|
|rule|HP Percentage Mod: HP is shown in percentages
|rule|Endless Battle Clause: Forcing endless battles is banned
|rule|Species Clause: Limit one of each Pokémon
|rule|OHKO Clause: OHKO moves are banned
|rule|Evasion Items Clause: Evasion items are banned
|rule|Evasion Moves Clause: Evasion moves are banned
|rule|Evasion Abilities Clause: Evasion abilities are banned
|rule|Sleep Moves Clause: Sleep-inducing moves are banned
|clearpoke
|poke|p1|Deoxys-Speed|
|poke|p1|Iron Crown|
|poke|p1|Ogerpon-Wellspring, F|
|poke|p1|Raging Bolt|
|poke|p1|Ceruledge, F|
|poke|p1|Iron Jugulis|
|poke|p2|Cinderace, F|
|poke|p2|Slowking-Galar, F|
|poke|p2|Corviknight, F|
|poke|p2|Ting-Lu|
|poke|p2|Raging Bolt|
|poke|p2|Dondozo, F|
|teampreview
|
|t:|1758266035
|teamsize|p1|6
|teamsize|p2|6
|start
|switch|p1a: Ogerpon|Ogerpon-Wellspring, F|100/100
|switch|p2a: curry|Cinderace, F|100/100
|turn|1
|inactive|Battle timer is ON: inactive players will automatically lose when time's up. (requested by weakrat)
|
|t:|1758266051
|move|p2a: curry|U-turn|p1a: Ogerpon
|-supereffective|p1a: Ogerpon
|-damage|p1a: Ogerpon|57/100
|
|t:|1758266061
|switch|p2a: jrue|Slowking-Galar, F|100/100|[from] U-turn
|move|p1a: Ogerpon|Swords Dance|p1a: Ogerpon
|-boost|p1a: Ogerpon|atk|2
|
|upkeep
|turn|2
|
|t:|1758266068
|move|p1a: Ogerpon|Ivy Cudgel|p2a: jrue|[anim] Ivy Cudgel Water
|-damage|p2a: jrue|20/100
|move|p2a: jrue|Sludge Bomb|p1a: Ogerpon
|-supereffective|p1a: Ogerpon
|-damage|p1a: Ogerpon|0 fnt
|faint|p1a: Ogerpon
|
|upkeep
|
|t:|1758266076
|switch|p1a: Deoxys|Deoxys-Speed|100/100
|-ability|p1a: Deoxys|Pressure
|turn|3
|
|t:|1758266087
|switch|p2a: curry|Cinderace, F|100/100
|move|p1a: Deoxys|Light Screen|p1a: Deoxys
|-sidestart|p1: weakrat|move: Light Screen
|
|upkeep
|turn|4
|
|t:|1758266098
|move|p1a: Deoxys|Reflect|p1a: Deoxys
|-sidestart|p1: weakrat|Reflect
|move|p2a: curry|Pyro Ball|p1a: Deoxys
|-damage|p1a: Deoxys|73/100
|
|upkeep
|turn|5
|
|t:|1758266126
|switch|p1a: Ceruledge|Ceruledge, F|100/100
|move|p2a: curry|Court Change|p2a: curry
|-swapsideconditions
|-activate|p2a: curry|move: Court Change
|
|upkeep
|turn|6
|inactive|simmons of ben has 120 seconds left.
|
|t:|1758266158
|move|p2a: curry|U-turn|p1a: Ceruledge
|-resisted|p1a: Ceruledge
|-damage|p1a: Ceruledge|95/100
|-ability|p1a: Ceruledge|Weak Armor|boost
|-unboost|p1a: Ceruledge|def|1
|-boost|p1a: Ceruledge|spe|2
|inactive|simmons of ben has 120 seconds left.
|
|t:|1758266165
|switch|p2a: kd|Raging Bolt|100/100|[from] U-turn
|move|p1a: Ceruledge|Swords Dance|p1a: Ceruledge
|-boost|p1a: Ceruledge|atk|2
|
|upkeep
|turn|7
|
|t:|1758266175
|-terastallize|p1a: Ceruledge|Ghost
|-terastallize|p2a: kd|Dragon
|move|p1a: Ceruledge|Poltergeist|p2a: kd
|-activate|p2a: kd|move: Poltergeist|Choice Specs
|-damage|p2a: kd|0 fnt
|faint|p2a: kd
|-end|p2a: kd|Protosynthesis|[silent]
|-damage|p1a: Ceruledge|85/100|[from] item: Life Orb
|
|upkeep
|
|t:|1758266187
|switch|p2a: LEBRONNNN|Dondozo, F|100/100
|turn|8
|
|t:|1758266197
|move|p1a: Ceruledge|Poltergeist|p2a: LEBRONNNN
|-activate|p2a: LEBRONNNN|move: Poltergeist|Leftovers
|-damage|p2a: LEBRONNNN|67/100
|-damage|p1a: Ceruledge|75/100|[from] item: Life Orb
|move|p2a: LEBRONNNN|Curse|p2a: LEBRONNNN
|-unboost|p2a: LEBRONNNN|spe|1
|-boost|p2a: LEBRONNNN|atk|1
|-boost|p2a: LEBRONNNN|def|1
|
|-heal|p2a: LEBRONNNN|73/100|[from] item: Leftovers
|upkeep
|turn|9
|inactive|simmons of ben has 120 seconds left.
|inactive|weakrat has 120 seconds left.
|
|t:|1758266234
|switch|p1a: Deoxys|Deoxys-Speed|73/100
|-ability|p1a: Deoxys|Pressure
|move|p2a: LEBRONNNN|Rest|p2a: LEBRONNNN
|-status|p2a: LEBRONNNN|slp|[from] move: Rest
|-heal|p2a: LEBRONNNN|100/100 slp|[silent]
|
|upkeep
|turn|10
|
|t:|1758266239
|move|p1a: Deoxys|Taunt|p2a: LEBRONNNN
|-start|p2a: LEBRONNNN|move: Taunt
|cant|p2a: LEBRONNNN|slp
|cant|p2a: LEBRONNNN|move: Taunt|Sleep Talk
|
|-sideend|p2: simmons of ben|move: Light Screen
|upkeep
|turn|11
|
|t:|1758266246
|switch|p2a: embiid|Ting-Lu|100/100
|-ability|p2a: embiid|Vessel of Ruin
|move|p1a: Deoxys|Reflect|p1a: Deoxys
|-sidestart|p1: weakrat|Reflect
|
|-sideend|p2: simmons of ben|Reflect
|upkeep
|turn|12
|
|t:|1758266251
|switch|p2a: curry|Cinderace, F|100/100
|move|p1a: Deoxys|Light Screen|p1a: Deoxys
|-sidestart|p1: weakrat|move: Light Screen
|
|upkeep
|turn|13
|
|t:|1758266254
|move|p1a: Deoxys|Taunt|p2a: curry
|-start|p2a: curry|move: Taunt
|move|p2a: curry|Pyro Ball|p1a: Deoxys
|-damage|p1a: Deoxys|44/100
|
|upkeep
|turn|14
|
|t:|1758266262
|switch|p1a: Iron Crown|Iron Crown|100/100
|-enditem|p1a: Iron Crown|Booster Energy
|-activate|p1a: Iron Crown|ability: Quark Drive|[fromitem]
|-start|p1a: Iron Crown|quarkdrivespe
|move|p2a: curry|U-turn|p1a: Iron Crown
|-damage|p1a: Iron Crown|92/100
|
|t:|1758266270
|switch|p2a: embiid|Ting-Lu|100/100|[from] U-turn
|-ability|p2a: embiid|Vessel of Ruin
|
|upkeep
|turn|15
|
|t:|1758266276
|move|p1a: Iron Crown|Calm Mind|p1a: Iron Crown
|-boost|p1a: Iron Crown|spa|1
|-boost|p1a: Iron Crown|spd|1
|move|p2a: embiid|Earthquake|p1a: Iron Crown
|-supereffective|p1a: Iron Crown
|-damage|p1a: Iron Crown|56/100
|
|upkeep
|turn|16
|
|t:|1758266280
|move|p1a: Iron Crown|Calm Mind|p1a: Iron Crown
|-boost|p1a: Iron Crown|spa|1
|-boost|p1a: Iron Crown|spd|1
|move|p2a: embiid|Earthquake|p1a: Iron Crown
|-supereffective|p1a: Iron Crown
|-damage|p1a: Iron Crown|21/100
|
|upkeep
|turn|17
|
|t:|1758266282
|move|p1a: Iron Crown|Calm Mind|p1a: Iron Crown
|-boost|p1a: Iron Crown|spa|1
|-boost|p1a: Iron Crown|spd|1
|move|p2a: embiid|Earthquake|p1a: Iron Crown
|-supereffective|p1a: Iron Crown
|-damage|p1a: Iron Crown|0 fnt
|faint|p1a: Iron Crown
|-end|p1a: Iron Crown|Quark Drive|[silent]
|
|upkeep
|
|t:|1758266289
|switch|p1a: Ceruledge|Ceruledge, F, tera:Ghost|75/100
|turn|18
|
|t:|1758266292
|move|p1a: Ceruledge|Swords Dance|p1a: Ceruledge
|-boost|p1a: Ceruledge|atk|2
|move|p2a: embiid|Payback|p1a: Ceruledge
|-supereffective|p1a: Ceruledge
|-damage|p1a: Ceruledge|27/100
|-ability|p1a: Ceruledge|Weak Armor|boost
|-unboost|p1a: Ceruledge|def|1
|-boost|p1a: Ceruledge|spe|2
|
|-sideend|p1: weakrat|Reflect
|upkeep
|turn|19
|
|t:|1758266297
|switch|p2a: LEBRONNNN|Dondozo, F|100/100 slp
|move|p1a: Ceruledge|Bitter Blade|p2a: LEBRONNNN
|-resisted|p2a: LEBRONNNN
|-damage|p2a: LEBRONNNN|81/100 slp
|-heal|p1a: Ceruledge|42/100|[from] drain|[of] p2a: LEBRONNNN
|-damage|p1a: Ceruledge|32/100|[from] item: Life Orb
|
|-heal|p2a: LEBRONNNN|87/100 slp|[from] item: Leftovers
|-sideend|p1: weakrat|move: Light Screen
|upkeep
|turn|20
|
|t:|1758266303
|move|p1a: Ceruledge|Poltergeist|p2a: LEBRONNNN
|-activate|p2a: LEBRONNNN|move: Poltergeist|Leftovers
|-damage|p2a: LEBRONNNN|26/100 slp
|-damage|p1a: Ceruledge|22/100|[from] item: Life Orb
|cant|p2a: LEBRONNNN|slp
|move|p2a: LEBRONNNN|Sleep Talk|p2a: LEBRONNNN
|move|p2a: LEBRONNNN|Rest||[from] move: Sleep Talk|[still]
|-fail|p2a: LEBRONNNN
|
|-heal|p2a: LEBRONNNN|32/100 slp|[from] item: Leftovers
|upkeep
|turn|21
|
|t:|1758266309
|move|p1a: Ceruledge|Poltergeist|p2a: LEBRONNNN
|-activate|p2a: LEBRONNNN|move: Poltergeist|Leftovers
|-damage|p2a: LEBRONNNN|0 fnt
|faint|p2a: LEBRONNNN
|-damage|p1a: Ceruledge|12/100|[from] item: Life Orb
|
|upkeep
|
|t:|1758266316
|switch|p2a: embiid|Ting-Lu|100/100
|-ability|p2a: embiid|Vessel of Ruin
|turn|22
|
|t:|1758266321
|move|p1a: Ceruledge|Bitter Blade|p2a: embiid
|-damage|p2a: embiid|25/100
|-heal|p1a: Ceruledge|70/100|[from] drain|[of] p2a: embiid
|-damage|p1a: Ceruledge|60/100|[from] item: Life Orb
|move|p2a: embiid|Payback|p1a: Ceruledge
|-supereffective|p1a: Ceruledge
|-damage|p1a: Ceruledge|0 fnt
|faint|p1a: Ceruledge
|
|-heal|p2a: embiid|32/100|[from] item: Leftovers
|upkeep
|
|t:|1758266325
|switch|p1a: Deoxys|Deoxys-Speed|44/100
|-ability|p1a: Deoxys|Pressure
|turn|23
|
|t:|1758266329
|move|p1a: Deoxys|Reflect|p1a: Deoxys
|-sidestart|p1: weakrat|Reflect
|move|p2a: embiid|Rest|p2a: embiid
|-status|p2a: embiid|slp|[from] move: Rest
|-heal|p2a: embiid|100/100 slp|[silent]
|
|upkeep
|turn|24
|
|t:|1758266331
|move|p1a: Deoxys|Light Screen|p1a: Deoxys
|-sidestart|p1: weakrat|move: Light Screen
|cant|p2a: embiid|slp
|move|p2a: embiid|Sleep Talk|p2a: embiid
|move|p2a: embiid|Earthquake|p1a: Deoxys|[from] move: Sleep Talk
|-damage|p1a: Deoxys|23/100
|
|upkeep
|turn|25
|
|t:|1758266337
|cant|p2a: embiid|slp
|move|p2a: embiid|Sleep Talk|p2a: embiid
|move|p2a: embiid|Earthquake|p1a: Deoxys|[from] move: Sleep Talk
|-damage|p1a: Deoxys|0 fnt
|faint|p1a: Deoxys
|
|upkeep
|
|t:|1758266342
|switch|p1a: Iron Jugulis|Iron Jugulis|100/100
|-enditem|p1a: Iron Jugulis|Booster Energy
|-activate|p1a: Iron Jugulis|ability: Quark Drive|[fromitem]
|-start|p1a: Iron Jugulis|quarkdrivespe
|turn|26
|
|t:|1758266350
|switch|p2a: curry|Cinderace, F|100/100
|move|p1a: Iron Jugulis|Work Up|p1a: Iron Jugulis
|-boost|p1a: Iron Jugulis|atk|1
|-boost|p1a: Iron Jugulis|spa|1
|
|upkeep
|turn|27
|
|t:|1758266352
|move|p1a: Iron Jugulis|Taunt|p2a: curry
|-start|p2a: curry|move: Taunt
|cant|p2a: curry|move: Taunt|Court Change
|
|upkeep
|turn|28
|
|t:|1758266355
|move|p1a: Iron Jugulis|Taunt||[still]
|-fail|p1a: Iron Jugulis
|move|p2a: curry|Pyro Ball|p1a: Iron Jugulis|[miss]
|-miss|p2a: curry|p1a: Iron Jugulis
|
|upkeep
|turn|29
|
|t:|1758266357
|move|p1a: Iron Jugulis|Work Up|p1a: Iron Jugulis
|-boost|p1a: Iron Jugulis|atk|1
|-boost|p1a: Iron Jugulis|spa|1
|move|p2a: curry|Pyro Ball|p1a: Iron Jugulis
|-damage|p1a: Iron Jugulis|73/100
|
|-end|p2a: curry|move: Taunt
|upkeep
|turn|30
|
|t:|1758266362
|move|p1a: Iron Jugulis|Earth Power|p2a: curry
|-supereffective|p2a: curry
|-damage|p2a: curry|0 fnt
|faint|p2a: curry
|
|-sideend|p1: weakrat|Reflect
|upkeep
|
|t:|1758266365
|switch|p2a: jrue|Slowking-Galar, F|54/100
|turn|31
|
|t:|1758266370
|move|p1a: Iron Jugulis|Earth Power|p2a: jrue
|-supereffective|p2a: jrue
|-enditem|p2a: jrue|Shuca Berry|[eat]
|-enditem|p2a: jrue|Shuca Berry|[weaken]
|-damage|p2a: jrue|9/100
|move|p2a: jrue|Sludge Bomb|p1a: Iron Jugulis
|-damage|p1a: Iron Jugulis|51/100
|
|-sideend|p1: weakrat|move: Light Screen
|upkeep
|turn|32
|
|t:|1758266374
|move|p1a: Iron Jugulis|Earth Power|p2a: jrue
|-supereffective|p2a: jrue
|-damage|p2a: jrue|0 fnt
|faint|p2a: jrue
|
|upkeep
|
|t:|1758266375
|switch|p2a: embiid|Ting-Lu|100/100 slp
|-ability|p2a: embiid|Vessel of Ruin
|turn|33
|
|t:|1758266380
|move|p1a: Iron Jugulis|Hurricane|p2a: embiid
|-damage|p2a: embiid|56/100 slp
|-start|p2a: embiid|confusion
|-curestatus|p2a: embiid|slp|[msg]
|-activate|p2a: embiid|confusion
|-damage|p2a: embiid|51/100|[from] confusion
|
|-heal|p2a: embiid|57/100|[from] item: Leftovers
|upkeep
|turn|34
|
|t:|1758266383
|move|p1a: Iron Jugulis|Hurricane|p2a: embiid
|-damage|p2a: embiid|10/100
|-activate|p2a: embiid|confusion
|-damage|p2a: embiid|5/100|[from] confusion
|
|-heal|p2a: embiid|11/100|[from] item: Leftovers
|upkeep
|turn|35
|
|t:|1758266385
|move|p1a: Iron Jugulis|Earth Power|p2a: embiid
|-damage|p2a: embiid|0 fnt
|faint|p2a: embiid
|
|upkeep
|inactive|simmons of ben has 120 seconds left.
|inactive|simmons of ben has 90 seconds left.
|inactive|simmons of ben has 60 seconds left.
|inactive|simmons of ben has 30 seconds left.
|inactive|simmons of ben has 20 seconds left.
|inactive|simmons of ben has 15 seconds left.
|inactive|simmons of ben has 10 seconds left.
|inactive|simmons of ben has 5 seconds left.
|-message|simmons of ben lost due to inactivity.
|
|win|weakrat
|raw|weakrat's rating: 1319 &rarr; <strong>1345</strong><br />(+26 for winning)
|raw|simmons of ben's rating: 1420 &rarr; <strong>1394</strong><br />(-26 for losing)
