|j|☆zokua
|j|☆fate1q
|inactive|Battle timer is ON: inactive players will automatically lose when time's up.
|t:|1758312375
|gametype|singles
|player|p1|zokua|lance|
|player|p2|fate1q|lucas|
|gen|9
|tier|[Gen 9] OU
|rated|Tournament battle
|rule|HP Percentage Mod: HP is shown in percentages
|rule|Endless Battle Clause: Forcing endless battles is banned
|rule|Species Clause: Limit one of each Pokémon
|rule|OHKO Clause: OHKO moves are banned
|rule|Evasion Items Clause: Evasion items are banned
|rule|Evasion Moves Clause: Evasion moves are banned
|rule|Evasion Abilities Clause: Evasion abilities are banned
|rule|Sleep Moves Clause: Sleep-inducing moves are banned
|clearpoke
|poke|p1|Great Tusk|
|poke|p1|Heatran, M|
|poke|p1|Weavile, M|
|poke|p1|Primarina, M|
|poke|p1|Ogerpon, F|
|poke|p1|Pecharunt|
|poke|p2|Rillaboom, F|
|poke|p2|Darkrai|
|poke|p2|Gholdengo|
|poke|p2|Cinderace, F|
|poke|p2|Garganacl, F|
|poke|p2|Landorus-Therian, M|
|teampreview
|j|*Lady Monita ☀
|inactive|zokua also wants the timer to be on.
|inactive|fate1q also wants the timer to be on.
|inactive|fate1q has 120 seconds left.
|j| Atarialex
|
|t:|1758312419
|teamsize|p1|6
|teamsize|p2|6
|start
|switch|p1a: Celestine|Primarina, M, shiny|100/100
|switch|p2a: Darkrai|Darkrai|100/100
|turn|1
|j| esteb4n
|
|t:|1758312440
|switch|p2a: Gholdengo|Gholdengo|100/100
|move|p1a: Celestine|Moonblast|p2a: Gholdengo
|-resisted|p2a: Gholdengo
|-damage|p2a: Gholdengo|74/100
|-unboost|p2a: Gholdengo|spa|1
|
|upkeep
|turn|2
|
|t:|1758312447
|move|p2a: Gholdengo|Recover|p2a: Gholdengo
|-heal|p2a: Gholdengo|100/100
|move|p1a: Celestine|Psychic Noise|p2a: Gholdengo
|-damage|p2a: Gholdengo|58/100
|-start|p2a: Gholdengo|move: Heal Block
|
|upkeep
|turn|3
|
|t:|1758312457
|switch|p2a: Rillaboom|Rillaboom, F|100/100
|-fieldstart|move: Grassy Terrain|[from] ability: Grassy Surge|[of] p2a: Rillaboom
|move|p1a: Celestine|Moonblast|p2a: Rillaboom
|-damage|p2a: Rillaboom|29/100
|
|-heal|p2a: Rillaboom|35/100|[from] Grassy Terrain
|upkeep
|turn|4
|
|t:|1758312481
|switch|p1a: Overseer|Pecharunt|100/100
|move|p2a: Rillaboom|U-turn|p1a: Overseer
|-resisted|p1a: Overseer
|-damage|p1a: Overseer|98/100
|-damage|p2a: Rillaboom|19/100|[from] item: Rocky Helmet|[of] p1a: Overseer
|inactive|fate1q has 120 seconds left.
|l| esteb4n
|
|t:|1758312503
|switch|p2a: Landorus|Landorus-Therian, M|100/100|[from] U-turn
|-ability|p2a: Landorus|Intimidate|boost
|-unboost|p1a: Overseer|atk|1
|
|-heal|p1a: Overseer|100/100|[from] Grassy Terrain
|upkeep
|turn|5
|
|t:|1758312518
|switch|p1a: Behemoth|Great Tusk, shiny|100/100
|move|p2a: Landorus|Taunt|p1a: Behemoth
|-start|p1a: Behemoth|move: Taunt
|
|upkeep
|turn|6
|inactive|fate1q has 120 seconds left.
|
|t:|1758312523
|move|p2a: Landorus|U-turn|p1a: Behemoth
|-resisted|p1a: Behemoth
|-damage|p1a: Behemoth|93/100
|inactive|fate1q has 120 seconds left.
|
|t:|1758312538
|switch|p2a: Cinderace|Cinderace, F|100/100|[from] U-turn
|move|p1a: Behemoth|Ice Spinner|p2a: Cinderace
|-resisted|p2a: Cinderace
|-damage|p2a: Cinderace|79/100
|-fieldend|move: Grassy Terrain
|
|upkeep
|turn|7
|
|t:|1758312547
|-end|p1a: Behemoth|Protosynthesis|[silent]
|switch|p1a: Chaos|Heatran, M, shiny|100/100
|-item|p1a: Chaos|Air Balloon
|move|p2a: Cinderace|U-turn|p1a: Chaos
|-start|p2a: Cinderace|typechange|Bug|[from] ability: Libero
|-resisted|p1a: Chaos
|-damage|p1a: Chaos|92/100
|-enditem|p1a: Chaos|Air Balloon
|
|t:|1758312552
|switch|p2a: Landorus|Landorus-Therian, M|100/100|[from] U-turn
|-ability|p2a: Landorus|Intimidate|boost
|-unboost|p1a: Chaos|atk|1
|
|upkeep
|turn|8
|inactive|fate1q has 120 seconds left.
|
|t:|1758312575
|switch|p1a: Behemoth|Great Tusk, shiny|93/100
|move|p2a: Landorus|U-turn|p1a: Behemoth
|-resisted|p1a: Behemoth
|-damage|p1a: Behemoth|86/100
|inactive|fate1q has 120 seconds left.
|c|☆zokua|buh
|c|☆zokua|bruh
|
|t:|1758312606
|switch|p2a: Darkrai|Darkrai|100/100|[from] U-turn
|
|upkeep
|turn|9
|inactive|fate1q has 90 seconds left.
|
|t:|1758312625
|switch|p2a: Rillaboom|Rillaboom, F|19/100
|-fieldstart|move: Grassy Terrain|[from] ability: Grassy Surge|[of] p2a: Rillaboom
|-end|p1a: Behemoth|Protosynthesis|[silent]
|switch|p1a: Chaos|Heatran, M, shiny|92/100
|
|-heal|p1a: Chaos|99/100|[from] Grassy Terrain
|-heal|p2a: Rillaboom|25/100|[from] Grassy Terrain
|upkeep
|turn|10
|inactive|fate1q has 90 seconds left.
|
|t:|1758312640
|switch|p2a: Landorus|Landorus-Therian, M|100/100
|-ability|p2a: Landorus|Intimidate|boost
|-unboost|p1a: Chaos|atk|1
|move|p1a: Chaos|Magma Storm|p2a: Landorus|[miss]
|-miss|p1a: Chaos|p2a: Landorus
|
|-heal|p1a: Chaos|100/100|[from] Grassy Terrain
|upkeep
|turn|11
|inactive|fate1q has 90 seconds left.
|
|t:|1758312648
|switch|p1a: Behemoth|Great Tusk, shiny|86/100
|move|p2a: Landorus|Earth Power|p1a: Behemoth
|-damage|p1a: Behemoth|38/100
|
|-heal|p1a: Behemoth|44/100|[from] Grassy Terrain
|upkeep
|turn|12
|inactive|fate1q has 90 seconds left.
|
|t:|1758312658
|-end|p1a: Behemoth|Protosynthesis|[silent]
|switch|p1a: Celestine|Primarina, M, shiny|100/100
|move|p2a: Landorus|Earth Power|p1a: Celestine
|-damage|p1a: Celestine|81/100
|
|-heal|p1a: Celestine|88/100|[from] Grassy Terrain
|upkeep
|turn|13
|inactive|fate1q has 90 seconds left.
|inactive|fate1q has 60 seconds left.
|
|t:|1758312699
|move|p2a: Landorus|U-turn|p1a: Celestine
|-resisted|p1a: Celestine
|-damage|p1a: Celestine|75/100
|inactive|fate1q has 60 seconds left.
|
|t:|1758312732
|switch|p2a: Darkrai|Darkrai|100/100|[from] U-turn
|move|p1a: Celestine|Whirlpool|p2a: Darkrai
|-damage|p2a: Darkrai|77/100
|-activate|p2a: Darkrai|move: Whirlpool|[of] p1a: Celestine
|
|-heal|p2a: Darkrai|83/100|[from] Grassy Terrain
|-heal|p1a: Celestine|81/100|[from] Grassy Terrain
|-damage|p2a: Darkrai|70/100|[from] move: Whirlpool|[partiallytrapped]
|-fieldend|move: Grassy Terrain
|upkeep
|turn|14
|
|t:|1758312749
|move|p2a: Darkrai|Will-O-Wisp|p1a: Celestine
|-status|p1a: Celestine|brn
|move|p1a: Celestine|Flip Turn|p2a: Darkrai
|-damage|p2a: Darkrai|61/100
|
|t:|1758312758
|switch|p1a: Chaos|Heatran, M, shiny|100/100|[from] Flip Turn
|
|-end|p2a: Darkrai|Whirlpool|[partiallytrapped]|[silent]
|upkeep
|turn|15
|
|t:|1758312762
|switch|p2a: Landorus|Landorus-Therian, M|100/100
|-ability|p2a: Landorus|Intimidate|boost
|-unboost|p1a: Chaos|atk|1
|move|p1a: Chaos|Magma Storm|p2a: Landorus|[miss]
|-miss|p1a: Chaos|p2a: Landorus
|
|upkeep
|turn|16
|c|☆zokua|god ur fucking lucky
|
|t:|1758312779
|switch|p1a: Celestine|Primarina, M, shiny|81/100 brn
|move|p2a: Landorus|U-turn|p1a: Celestine
|-resisted|p1a: Celestine
|-damage|p1a: Celestine|70/100 brn
|c|☆fate1q|storm moment
|
|t:|1758312787
|switch|p2a: Rillaboom|Rillaboom, F|25/100|[from] U-turn
|-fieldstart|move: Grassy Terrain|[from] ability: Grassy Surge|[of] p2a: Rillaboom
|
|-heal|p2a: Rillaboom|31/100|[from] Grassy Terrain
|-heal|p1a: Celestine|76/100 brn|[from] Grassy Terrain
|-damage|p1a: Celestine|70/100 brn|[from] brn
|upkeep
|turn|17
|inactive|fate1q has 60 seconds left.
|
|t:|1758312799
|switch|p1a: Overseer|Pecharunt|100/100
|move|p2a: Rillaboom|U-turn|p1a: Overseer
|-resisted|p1a: Overseer
|-damage|p1a: Overseer|98/100
|-damage|p2a: Rillaboom|15/100|[from] item: Rocky Helmet|[of] p1a: Overseer
|
|t:|1758312811
|switch|p2a: Landorus|Landorus-Therian, M|100/100|[from] U-turn
|-ability|p2a: Landorus|Intimidate|boost
|-unboost|p1a: Overseer|atk|1
|
|-heal|p1a: Overseer|100/100|[from] Grassy Terrain
|upkeep
|turn|18
|
|t:|1758312818
|move|p2a: Landorus|Stealth Rock|p1a: Overseer
|-sidestart|p1: zokua|move: Stealth Rock
|move|p1a: Overseer|Parting Shot|p2a: Landorus
|-unboost|p2a: Landorus|atk|1
|-unboost|p2a: Landorus|spa|1
|
|t:|1758312831
|switch|p1a: Celestine|Primarina, M, shiny|70/100 brn|[from] Parting Shot
|-damage|p1a: Celestine|57/100 brn|[from] Stealth Rock
|
|-heal|p1a: Celestine|63/100 brn|[from] Grassy Terrain
|-damage|p1a: Celestine|57/100 brn|[from] brn
|upkeep
|turn|19
|
|t:|1758312840
|move|p2a: Landorus|U-turn|p1a: Celestine
|-resisted|p1a: Celestine
|-damage|p1a: Celestine|49/100 brn
|
|t:|1758312844
|switch|p2a: Gholdengo|Gholdengo|58/100|[from] U-turn
|-enditem|p2a: Gholdengo|Grassy Seed
|-boost|p2a: Gholdengo|def|1|[from] item: Grassy Seed
|move|p1a: Celestine|Psychic Noise|p2a: Gholdengo
|-damage|p2a: Gholdengo|18/100
|-start|p2a: Gholdengo|move: Heal Block
|
|-heal|p1a: Celestine|55/100 brn|[from] Grassy Terrain
|-damage|p1a: Celestine|49/100 brn|[from] brn
|upkeep
|turn|20
|
|t:|1758312854
|move|p2a: Gholdengo|Focus Blast|p1a: Celestine
|-resisted|p1a: Celestine
|-damage|p1a: Celestine|40/100 brn
|move|p1a: Celestine|Psychic Noise|p2a: Gholdengo
|-damage|p2a: Gholdengo|0 fnt
|faint|p2a: Gholdengo
|
|-heal|p1a: Celestine|46/100 brn|[from] Grassy Terrain
|-damage|p1a: Celestine|40/100 brn|[from] brn
|-fieldend|move: Grassy Terrain
|upkeep
|
|t:|1758312871
|switch|p2a: Rillaboom|Rillaboom, F|15/100
|-fieldstart|move: Grassy Terrain|[from] ability: Grassy Surge|[of] p2a: Rillaboom
|turn|21
|
|t:|1758312876
|switch|p2a: Landorus|Landorus-Therian, M|100/100
|-ability|p2a: Landorus|Intimidate|boost
|-unboost|p1a: Celestine|atk|1
|switch|p1a: Overseer|Pecharunt|100/100
|-damage|p1a: Overseer|88/100|[from] Stealth Rock
|
|-heal|p1a: Overseer|94/100|[from] Grassy Terrain
|upkeep
|turn|22
|
|t:|1758312887
|move|p2a: Landorus|Earth Power|p1a: Overseer
|-supereffective|p1a: Overseer
|-damage|p1a: Overseer|23/100
|move|p1a: Overseer|Parting Shot|p2a: Landorus
|-unboost|p2a: Landorus|atk|1
|-unboost|p2a: Landorus|spa|1
|
|t:|1758312896
|switch|p1a: Anonymous|Ogerpon, F|100/100|[from] Parting Shot
|-damage|p1a: Anonymous|88/100|[from] Stealth Rock
|
|-heal|p1a: Anonymous|94/100|[from] Grassy Terrain
|upkeep
|turn|23
|inactive|fate1q has 90 seconds left.
|c|☆zokua|that should kill right
|
|t:|1758312917
|move|p1a: Anonymous|U-turn|p2a: Landorus
|-resisted|p2a: Landorus
|-damage|p2a: Landorus|82/100
|-damage|p1a: Anonymous|78/100|[from] item: Rocky Helmet|[of] p2a: Landorus
|
|t:|1758312920
|switch|p1a: Overseer|Pecharunt|23/100|[from] U-turn
|-damage|p1a: Overseer|11/100|[from] Stealth Rock
|move|p2a: Landorus|U-turn|p1a: Overseer
|-resisted|p1a: Overseer
|-damage|p1a: Overseer|9/100
|-damage|p2a: Landorus|66/100|[from] item: Rocky Helmet|[of] p1a: Overseer
|
|t:|1758312929
|switch|p2a: Cinderace|Cinderace, F|79/100|[from] U-turn
|
|-heal|p2a: Cinderace|85/100|[from] Grassy Terrain
|-heal|p1a: Overseer|15/100|[from] Grassy Terrain
|upkeep
|turn|24
|
|t:|1758312941
|move|p2a: Cinderace|Pyro Ball|p1a: Overseer
|-damage|p1a: Overseer|0 fnt
|faint|p1a: Overseer
|
|-heal|p2a: Cinderace|91/100|[from] Grassy Terrain
|upkeep
|
|t:|1758312946
|switch|p1a: Behemoth|Great Tusk, shiny|44/100
|turn|25
|
|t:|1758312960
|move|p2a: Cinderace|Pyro Ball|p1a: Behemoth
|-damage|p1a: Behemoth|0 fnt
|faint|p1a: Behemoth
|-end|p1a: Behemoth|Protosynthesis|[silent]
|
|-heal|p2a: Cinderace|97/100|[from] Grassy Terrain
|-fieldend|move: Grassy Terrain
|upkeep
|
|t:|1758312962
|switch|p1a: Chaos|Heatran, M, shiny|100/100
|-damage|p1a: Chaos|88/100|[from] Stealth Rock
|turn|26
|
|t:|1758312965
|move|p2a: Cinderace|U-turn|p1a: Chaos
|-start|p2a: Cinderace|typechange|Bug|[from] ability: Libero
|-resisted|p1a: Chaos
|-damage|p1a: Chaos|79/100
|c|☆zokua|if i miss again
|
|t:|1758312971
|switch|p2a: Garganacl|Garganacl, F|100/100|[from] U-turn
|move|p1a: Chaos|Magma Storm|p2a: Garganacl
|-resisted|p2a: Garganacl
|-damage|p2a: Garganacl|84/100
|-activate|p2a: Garganacl|move: Magma Storm|[of] p1a: Chaos
|
|-heal|p2a: Garganacl|90/100|[from] item: Leftovers
|-damage|p2a: Garganacl|78/100|[from] move: Magma Storm|[partiallytrapped]
|upkeep
|turn|27
|inactive|fate1q has 120 seconds left.
|
|t:|1758312981
|move|p1a: Chaos|Earth Power|p2a: Garganacl
|-supereffective|p2a: Garganacl
|-damage|p2a: Garganacl|39/100
|move|p2a: Garganacl|Body Press|p1a: Chaos
|-supereffective|p1a: Chaos
|-damage|p1a: Chaos|31/100
|
|-heal|p2a: Garganacl|45/100|[from] item: Leftovers
|-damage|p2a: Garganacl|33/100|[from] move: Magma Storm|[partiallytrapped]
|upkeep
|turn|28
|inactive|fate1q has 120 seconds left.
|
|t:|1758313005
|move|p1a: Chaos|Earth Power|p2a: Garganacl
|-supereffective|p2a: Garganacl
|-damage|p2a: Garganacl|0 fnt
|faint|p2a: Garganacl
|
|upkeep
|
|t:|1758313011
|switch|p2a: Landorus|Landorus-Therian, M|66/100
|-ability|p2a: Landorus|Intimidate|boost
|-unboost|p1a: Chaos|atk|1
|turn|29
|
|t:|1758313021
|switch|p1a: Celestine|Primarina, M, shiny|40/100 brn
|-damage|p1a: Celestine|27/100 brn|[from] Stealth Rock
|move|p2a: Landorus|Earth Power|p1a: Celestine
|-damage|p1a: Celestine|8/100 brn
|-unboost|p1a: Celestine|spd|1
|
|-damage|p1a: Celestine|2/100 brn|[from] brn
|upkeep
|turn|30
|
|t:|1758313026
|move|p2a: Landorus|U-turn|p1a: Celestine
|-resisted|p1a: Celestine
|-damage|p1a: Celestine|0 fnt
|faint|p1a: Celestine
|
|t:|1758313030
|switch|p2a: Darkrai|Darkrai|61/100|[from] U-turn
|
|upkeep
|
|t:|1758313039
|switch|p1a: Anonymous|Ogerpon, F|78/100
|-damage|p1a: Anonymous|65/100|[from] Stealth Rock
|turn|31
|
|t:|1758313045
|-terastallize|p1a: Anonymous|Grass
|detailschange|p1a: Anonymous|Ogerpon-Teal-Tera, F, tera:Grass
|-ability|p1a: Anonymous|Embody Aspect (Teal)|boost
|-boost|p1a: Anonymous|spe|1
|move|p2a: Darkrai|Ice Beam|p1a: Anonymous
|-supereffective|p1a: Anonymous
|-damage|p1a: Anonymous|0 fnt
|faint|p1a: Anonymous
|detailschange|p1: Anonymous|Ogerpon, F|[silent]
|
|upkeep
|c|☆fate1q|no
|-message|zokua forfeited.
|
|win|fate1q
|n|☆zokua|zokua
|n|☆fate1q|fate1q
|n|*Lady Monita ☀|ladymonita
|n| Atarialex|atarialex
|l|*Lady Monita ☀
|l|☆zokua
|player|p1|
