|j|☆guiyas
|j|☆brutalshaman
|t:|1758314485
|gametype|singles
|player|p1|guiyas|lucas|1423
|player|p2|brutalshaman|blackbelt-gen4dp|1387
|gen|9
|tier|[Gen 9] OU
|rated|
|rule|HP Percentage Mod: HP is shown in percentages
|rule|Endless Battle Clause: Forcing endless battles is banned
|rule|Species Clause: Limit one of each Pokémon
|rule|OHKO Clause: OHKO moves are banned
|rule|Evasion Items Clause: Evasion items are banned
|rule|Evasion Moves Clause: Evasion moves are banned
|rule|Evasion Abilities Clause: Evasion abilities are banned
|rule|Sleep Moves Clause: Sleep-inducing moves are banned
|clearpoke
|poke|p1|Torkoal, M|
|poke|p1|Venusaur, M|
|poke|p1|Great Tusk|
|poke|p1|Gholdengo|
|poke|p1|Kingambit, M|
|poke|p1|Dragapult, F|
|poke|p2|Ninetales-Alola, F|
|poke|p2|Cetitan, F|
|poke|p2|Kyurem|
|poke|p2|Moltres|
|poke|p2|Sandslash-Alola, M|
|poke|p2|Slowking-Galar, F|
|teampreview
|
|t:|1758314496
|teamsize|p1|6
|teamsize|p2|6
|start
|switch|p1a: Torkoal|Torkoal, M|100/100
|switch|p2a: Slowking|Slowking-Galar, F|100/100
|-weather|SunnyDay|[from] ability: Drought|[of] p1a: Torkoal
|turn|1
|
|t:|1758314499
|-prepare|p2a: Slowking|Chilly Reception|[premajor]
|move|p2a: Slowking|Chilly Reception|p2a: Slowking
|-weather|Snowscape
|
|t:|1758314504
|switch|p2a: Kyurem|Kyurem|100/100|[from] Chilly Reception
|-ability|p2a: Kyurem|Pressure
|move|p1a: Torkoal|Stealth Rock|p2a: Kyurem
|-sidestart|p2: brutalshaman|move: Stealth Rock
|
|-weather|Snowscape|[upkeep]
|upkeep
|turn|2
|
|t:|1758314509
|switch|p1a: Gholdengo|Gholdengo|100/100
|move|p2a: Kyurem|Draco Meteor|p1a: Gholdengo
|-resisted|p1a: Gholdengo
|-damage|p1a: Gholdengo|42/100
|-unboost|p2a: Kyurem|spa|2
|
|-weather|Snowscape|[upkeep]
|upkeep
|turn|3
|
|t:|1758314523
|switch|p2a: Moltres|Moltres|100/100
|move|p1a: Gholdengo|Make It Rain|p2a: Moltres
|-resisted|p2a: Moltres
|-damage|p2a: Moltres|65/100
|-unboost|p1a: Gholdengo|spa|1
|
|-weather|Snowscape|[upkeep]
|upkeep
|turn|4
|
|t:|1758314527
|switch|p1a: Torkoal|Torkoal, M|100/100
|-weather|SunnyDay|[from] ability: Drought|[of] p1a: Torkoal
|move|p2a: Moltres|U-turn|p1a: Torkoal
|-resisted|p1a: Torkoal
|-damage|p1a: Torkoal|96/100
|
|t:|1758314529
|switch|p2a: Sandslash|Sandslash-Alola, M|100/100|[from] U-turn
|
|-weather|SunnyDay|[upkeep]
|upkeep
|turn|5
|
|t:|1758314538
|move|p2a: Sandslash|Rapid Spin|p1a: Torkoal
|-damage|p1a: Torkoal|86/100
|-boost|p2a: Sandslash|spe|1
|-sideend|p2: brutalshaman|Stealth Rock|[from] move: Rapid Spin|[of] p2a: Sandslash
|move|p1a: Torkoal|Lava Plume|p2a: Sandslash
|-supereffective|p2a: Sandslash
|-damage|p2a: Sandslash|0 fnt
|faint|p2a: Sandslash
|
|-weather|SunnyDay|[upkeep]
|upkeep
|
|t:|1758314541
|switch|p2a: Kyurem|Kyurem|100/100
|-ability|p2a: Kyurem|Pressure
|turn|6
|
|t:|1758314545
|move|p2a: Kyurem|Earth Power|p1a: Torkoal
|-supereffective|p1a: Torkoal
|-damage|p1a: Torkoal|0 fnt
|faint|p1a: Torkoal
|
|-weather|SunnyDay|[upkeep]
|upkeep
|
|t:|1758314548
|switch|p1a: Venusaur|Venusaur, M|100/100
|turn|7
|
|t:|1758314551
|switch|p2a: Ninetales|Ninetales-Alola, F|100/100
|-weather|Snowscape|[from] ability: Snow Warning|[of] p2a: Ninetales
|move|p1a: Venusaur|Growth|p1a: Venusaur
|-boost|p1a: Venusaur|atk|1
|-boost|p1a: Venusaur|spa|1
|
|-weather|Snowscape|[upkeep]
|upkeep
|turn|8
|
|t:|1758314555
|move|p2a: Ninetales|Blizzard|p1a: Venusaur
|-supereffective|p1a: Venusaur
|-damage|p1a: Venusaur|6/100
|move|p1a: Venusaur|Sludge Bomb|p2a: Ninetales
|-supereffective|p2a: Ninetales
|-damage|p2a: Ninetales|0 fnt
|faint|p2a: Ninetales
|-damage|p1a: Venusaur|0 fnt|[from] item: Life Orb
|faint|p1a: Venusaur
|
|-weather|Snowscape|[upkeep]
|upkeep
|inactive|Battle timer is ON: inactive players will automatically lose when time's up. (requested by guiyas)
|
|t:|1758314564
|switch|p2a: Kyurem|Kyurem|100/100
|switch|p1a: Gholdengo|Gholdengo|42/100
|-ability|p2a: Kyurem|Pressure
|turn|9
|
|t:|1758314567
|move|p1a: Gholdengo|Make It Rain|p2a: Kyurem
|-supereffective|p2a: Kyurem
|-damage|p2a: Kyurem|0 fnt
|-unboost|p1a: Gholdengo|spa|1
|faint|p2a: Kyurem
|
|-weather|Snowscape|[upkeep]
|upkeep
|
|t:|1758314569
|switch|p2a: Moltres|Moltres|65/100
|turn|10
|
|t:|1758314571
|switch|p1a: Great Tusk|Great Tusk|100/100
|move|p2a: Moltres|U-turn|p1a: Great Tusk
|-resisted|p1a: Great Tusk
|-damage|p1a: Great Tusk|95/100
|
|t:|1758314573
|switch|p2a: Cetitan|Cetitan, F|100/100|[from] U-turn
|
|-weather|Snowscape|[upkeep]
|upkeep
|turn|11
|
|t:|1758314581
|-terastallize|p2a: Cetitan|Water
|move|p2a: Cetitan|Belly Drum|p2a: Cetitan
|-damage|p2a: Cetitan|50/100
|-setboost|p2a: Cetitan|atk|6|[from] move: Belly Drum
|-enditem|p2a: Cetitan|Sitrus Berry|[eat]
|-heal|p2a: Cetitan|75/100|[from] item: Sitrus Berry
|move|p1a: Great Tusk|Close Combat|p2a: Cetitan
|-damage|p2a: Cetitan|11/100
|-unboost|p1a: Great Tusk|def|1
|-unboost|p1a: Great Tusk|spd|1
|
|-weather|none
|upkeep
|turn|12
|
|t:|1758314593
|move|p2a: Cetitan|Ice Shard|p1a: Great Tusk
|-supereffective|p1a: Great Tusk
|-damage|p1a: Great Tusk|0 fnt
|faint|p1a: Great Tusk
|-end|p1a: Great Tusk|Protosynthesis|[silent]
|
|upkeep
|
|t:|1758314596
|switch|p1a: Gholdengo|Gholdengo|42/100
|turn|13
|
|t:|1758314600
|switch|p2a: Slowking|Slowking-Galar, F|100/100
|move|p1a: Gholdengo|Thunderbolt|p2a: Slowking
|-damage|p2a: Slowking|81/100
|
|upkeep
|turn|14
|
|t:|1758314606
|switch|p1a: Dragapult|Dragapult, F|100/100
|move|p2a: Slowking|Flamethrower|p1a: Dragapult
|-resisted|p1a: Dragapult
|-damage|p1a: Dragapult|84/100
|
|upkeep
|turn|15
|
|t:|1758314612
|move|p1a: Dragapult|Shadow Ball|p2a: Slowking
|-supereffective|p2a: Slowking
|-damage|p2a: Slowking|36/100
|-unboost|p2a: Slowking|spd|1
|-prepare|p2a: Slowking|Chilly Reception|[premajor]
|move|p2a: Slowking|Chilly Reception|p2a: Slowking
|-weather|Snowscape
|
|t:|1758314613
|switch|p2a: Cetitan|Cetitan, F, tera:Water|11/100|[from] Chilly Reception
|
|-weather|Snowscape|[upkeep]
|upkeep
|turn|16
|
|t:|1758314624
|move|p2a: Cetitan|Play Rough|p1a: Dragapult
|-supereffective|p1a: Dragapult
|-damage|p1a: Dragapult|1/100
|move|p1a: Dragapult|Shadow Ball|p2a: Cetitan
|-damage|p2a: Cetitan|0 fnt
|faint|p2a: Cetitan
|
|-weather|Snowscape|[upkeep]
|upkeep
|
|t:|1758314626
|switch|p2a: Moltres|Moltres|65/100
|turn|17
|
|t:|1758314628
|-terastallize|p1a: Dragapult|Ghost
|move|p1a: Dragapult|Shadow Ball|p2a: Moltres
|-damage|p2a: Moltres|5/100
|move|p2a: Moltres|U-turn|p1a: Dragapult
|-resisted|p1a: Dragapult
|-damage|p1a: Dragapult|0 fnt
|faint|p1a: Dragapult
|
|t:|1758314630
|switch|p2a: Slowking|Slowking-Galar, F|70/100|[from] U-turn
|
|-weather|Snowscape|[upkeep]
|upkeep
|
|t:|1758314636
|switch|p1a: Kingambit|Kingambit, M|100/100
|-activate|p1a: Kingambit|ability: Supreme Overlord
|-start|p1a: Kingambit|fallen4|[silent]
|turn|18
|
|t:|1758314639
|move|p1a: Kingambit|Kowtow Cleave|p2a: Slowking
|-supereffective|p2a: Slowking
|-damage|p2a: Slowking|0 fnt
|faint|p2a: Slowking
|
|-weather|Snowscape|[upkeep]
|upkeep
|
|t:|1758314640
|switch|p2a: Moltres|Moltres|5/100
|turn|19
|
|t:|1758314642
|move|p2a: Moltres|Roost|p2a: Moltres
|-heal|p2a: Moltres|55/100
|-singleturn|p2a: Moltres|move: Roost
|move|p1a: Kingambit|Kowtow Cleave|p2a: Moltres
|-damage|p2a: Moltres|0 fnt
|faint|p2a: Moltres
|
|win|guiyas
|raw|guiyas's rating: 1423 &rarr; <strong>1441</strong><br />(+18 for winning)
|raw|brutalshaman's rating: 1387 &rarr; <strong>1369</strong><br />(-18 for losing)
|l|☆brutalshaman
|player|p2|
|l|☆guiyas
|player|p1|
