|j|☆jimy92
|j|☆zhuangmou
|t:|1758276004
|gametype|singles
|player|p1|jimy92|169|1660
|player|p2|zhuangmou|red|1601
|gen|9
|tier|[Gen 9] OU
|rated|
|rule|HP Percentage Mod: HP is shown in percentages
|rule|Endless Battle Clause: Forcing endless battles is banned
|rule|Species Clause: Limit one of each Pokémon
|rule|OHKO Clause: OHKO moves are banned
|rule|Evasion Items Clause: Evasion items are banned
|rule|Evasion Moves Clause: Evasion moves are banned
|rule|Evasion Abilities Clause: Evasion abilities are banned
|rule|Sleep Moves Clause: Sleep-inducing moves are banned
|clearpoke
|poke|p1|Pelipper, F|
|poke|p1|Hatterene, F|
|poke|p1|Iron Treads|
|poke|p1|Toxicroak, F|
|poke|p1|Barraskewda, F|
|poke|p1|Zapdos|
|poke|p2|Darkrai|
|poke|p2|Iron Hands|
|poke|p2|Landorus-Therian, M|
|poke|p2|Dragapult, M|
|poke|p2|Heatran, M|
|poke|p2|Primarina, M|
|teampreview
|inactive|Battle timer is ON: inactive players will automatically lose when time's up. (requested by zhuangmou)
|j| wgw2333
|inactive|zhuangmou has 120 seconds left.
|
|t:|1758276042
|teamsize|p1|6
|teamsize|p2|6
|start
|switch|p1a: Iron Treads|Iron Treads|100/100
|switch|p2a: Darkrai|Darkrai|100/100
|turn|1
|
|t:|1758276053
|move|p2a: Darkrai|Nasty Plot|p2a: Darkrai
|-boost|p2a: Darkrai|spa|2
|move|p1a: Iron Treads|Earthquake|p2a: Darkrai
|-damage|p2a: Darkrai|51/100
|
|upkeep
|turn|2
|
|t:|1758276066
|-end|p1a: Iron Treads|Quark Drive|[silent]
|switch|p1a: Pelipper|Pelipper, F|100/100
|-weather|RainDance|[from] ability: Drizzle|[of] p1a: Pelipper
|move|p2a: Darkrai|Dark Pulse|p1a: Pelipper
|-damage|p1a: Pelipper|19/100
|
|-weather|RainDance|[upkeep]
|upkeep
|turn|3
|
|t:|1758276070
|switch|p1a: Hatterene|Hatterene, F|100/100
|move|p2a: Darkrai|Dark Pulse|p1a: Hatterene
|-damage|p1a: Hatterene|3/100
|-enditem|p1a: Hatterene|Eject Button
|
|t:|1758276074
|switch|p1a: Barraskewda|Barraskewda, F|100/100
|
|-weather|RainDance|[upkeep]
|upkeep
|turn|4
|
|t:|1758276091
|switch|p2a: Primarina|Primarina, M|100/100
|move|p1a: Barraskewda|Flip Turn|p2a: Primarina
|-resisted|p2a: Primarina
|-damage|p2a: Primarina|53/100
|
|t:|1758276095
|switch|p1a: Zapdos|Zapdos|100/100|[from] Flip Turn
|
|-weather|RainDance|[upkeep]
|upkeep
|turn|5
|
|t:|1758276110
|-terastallize|p1a: Zapdos|Flying
|move|p1a: Zapdos|Hurricane|p2a: Primarina
|-damage|p2a: Primarina|0 fnt
|faint|p2a: Primarina
|
|-weather|RainDance|[upkeep]
|upkeep
|inactive|zhuangmou has 120 seconds left.
|
|t:|1758276131
|switch|p2a: Darkrai|Darkrai|51/100
|turn|6
|inactive|jimy92 has 120 seconds left.
|inactive|zhuangmou has 120 seconds left.
|
|t:|1758276165
|move|p2a: Darkrai|Ice Beam|p1a: Zapdos
|-supereffective|p1a: Zapdos
|-crit|p1a: Zapdos
|-damage|p1a: Zapdos|0 fnt
|faint|p1a: Zapdos
|
|-weather|RainDance|[upkeep]
|upkeep
|inactive|jimy92 has 120 seconds left.
|c|☆jimy92|Cmoon
|
|t:|1758276173
|switch|p1a: Barraskewda|Barraskewda, F|100/100
|turn|7
|inactive|zhuangmou has 120 seconds left.
|
|t:|1758276206
|move|p1a: Barraskewda|Flip Turn|p2a: Darkrai
|-damage|p2a: Darkrai|0 fnt
|faint|p2a: Darkrai
|
|t:|1758276211
|switch|p1a: Iron Treads|Iron Treads|100/100|[from] Flip Turn
|
|-weather|RainDance|[upkeep]
|upkeep
|
|t:|1758276213
|switch|p2a: Heatran|Heatran, M|100/100
|turn|8
|inactive|zhuangmou has 120 seconds left.
|
|t:|1758276223
|-end|p1a: Iron Treads|Quark Drive|[silent]
|switch|p1a: Hatterene|Hatterene, F|3/100
|-terastallize|p2a: Heatran|Grass
|move|p2a: Heatran|Stealth Rock|p1a: Hatterene
|move|p1a: Hatterene|Stealth Rock|p2a: Heatran|[from] ability: Magic Bounce
|-sidestart|p2: zhuangmou|move: Stealth Rock
|
|-weather|RainDance|[upkeep]
|upkeep
|turn|9
|
|t:|1758276229
|move|p2a: Heatran|Earth Power|p1a: Hatterene
|-damage|p1a: Hatterene|0 fnt
|faint|p1a: Hatterene
|
|-weather|none
|upkeep
|
|t:|1758276239
|switch|p1a: Pelipper|Pelipper, F|19/100
|-weather|RainDance|[from] ability: Drizzle|[of] p1a: Pelipper
|turn|10
|
|t:|1758276252
|move|p2a: Heatran|Stealth Rock|p1a: Pelipper
|-sidestart|p1: jimy92|move: Stealth Rock
|move|p1a: Pelipper|Roost|p1a: Pelipper
|-heal|p1a: Pelipper|70/100
|-singleturn|p1a: Pelipper|move: Roost
|
|-weather|RainDance|[upkeep]
|upkeep
|turn|11
|
|t:|1758276256
|move|p2a: Heatran|Protect|p2a: Heatran
|-singleturn|p2a: Heatran|Protect
|move|p1a: Pelipper|Knock Off|p2a: Heatran
|-activate|p2a: Heatran|move: Protect
|
|-weather|RainDance|[upkeep]
|upkeep
|turn|12
|
|t:|1758276281
|switch|p2a: Iron Hands|Iron Hands|100/100
|-damage|p2a: Iron Hands|94/100|[from] Stealth Rock
|-enditem|p2a: Iron Hands|Booster Energy
|-activate|p2a: Iron Hands|ability: Quark Drive|[fromitem]
|-start|p2a: Iron Hands|quarkdriveatk
|move|p1a: Pelipper|Hurricane|p2a: Iron Hands
|-damage|p2a: Iron Hands|60/100
|
|-weather|RainDance|[upkeep]
|upkeep
|turn|13
|
|t:|1758276291
|switch|p1a: Toxicroak|Toxicroak, F|100/100
|-damage|p1a: Toxicroak|94/100|[from] Stealth Rock
|move|p2a: Iron Hands|Drain Punch|p1a: Toxicroak
|-resisted|p1a: Toxicroak
|-damage|p1a: Toxicroak|69/100
|-heal|p2a: Iron Hands|70/100|[from] drain|[of] p1a: Toxicroak
|-damage|p2a: Iron Hands|54/100|[from] item: Rocky Helmet|[of] p1a: Toxicroak
|
|-weather|RainDance|[upkeep]
|-heal|p1a: Toxicroak|82/100|[from] ability: Dry Skin
|upkeep
|turn|14
|
|t:|1758276300
|move|p1a: Toxicroak|Encore|p2a: Iron Hands
|-start|p2a: Iron Hands|Encore
|move|p2a: Iron Hands|Drain Punch|p1a: Toxicroak
|-resisted|p1a: Toxicroak
|-damage|p1a: Toxicroak|53/100
|-heal|p2a: Iron Hands|66/100|[from] drain|[of] p1a: Toxicroak
|-damage|p2a: Iron Hands|49/100|[from] item: Rocky Helmet|[of] p1a: Toxicroak
|
|-weather|RainDance|[upkeep]
|-heal|p1a: Toxicroak|66/100|[from] ability: Dry Skin
|upkeep
|turn|15
|
|t:|1758276308
|-end|p2a: Iron Hands|Quark Drive|[silent]
|switch|p2a: Landorus|Landorus-Therian, M|100/100
|-damage|p2a: Landorus|88/100|[from] Stealth Rock
|-ability|p2a: Landorus|Intimidate|boost
|-unboost|p1a: Toxicroak|atk|1
|move|p1a: Toxicroak|Knock Off|p2a: Landorus
|-damage|p2a: Landorus|77/100
|-damage|p1a: Toxicroak|49/100|[from] item: Rocky Helmet|[of] p2a: Landorus
|-enditem|p2a: Landorus|Rocky Helmet|[from] move: Knock Off|[of] p1a: Toxicroak
|
|-weather|RainDance|[upkeep]
|-heal|p1a: Toxicroak|61/100|[from] ability: Dry Skin
|upkeep
|turn|16
|
|t:|1758276320
|move|p1a: Toxicroak|Encore||[still]
|-fail|p1a: Toxicroak
|move|p2a: Landorus|Psychic|p1a: Toxicroak
|-supereffective|p1a: Toxicroak
|-damage|p1a: Toxicroak|0 fnt
|faint|p1a: Toxicroak
|
|-weather|RainDance|[upkeep]
|upkeep
|
|t:|1758276327
|switch|p1a: Barraskewda|Barraskewda, F|100/100
|-damage|p1a: Barraskewda|88/100|[from] Stealth Rock
|turn|17
|
|t:|1758276352
|switch|p2a: Heatran|Heatran, M, tera:Grass|100/100
|-damage|p2a: Heatran|88/100|[from] Stealth Rock
|move|p1a: Barraskewda|Liquidation|p2a: Heatran
|-resisted|p2a: Heatran
|-damage|p2a: Heatran|40/100
|
|-weather|none
|-heal|p2a: Heatran|46/100|[from] item: Leftovers
|upkeep
|turn|18
|inactive|zhuangmou has 120 seconds left.
|
|t:|1758276387
|switch|p1a: Pelipper|Pelipper, F|70/100
|-damage|p1a: Pelipper|45/100|[from] Stealth Rock
|-weather|RainDance|[from] ability: Drizzle|[of] p1a: Pelipper
|switch|p2a: Dragapult|Dragapult, M|100/100
|-damage|p2a: Dragapult|88/100|[from] Stealth Rock
|
|-weather|RainDance|[upkeep]
|upkeep
|turn|19
|inactive|zhuangmou has 120 seconds left.
|
|t:|1758276397
|switch|p1a: Iron Treads|Iron Treads|100/100
|-damage|p1a: Iron Treads|98/100|[from] Stealth Rock
|move|p2a: Dragapult|U-turn|p1a: Iron Treads
|-resisted|p1a: Iron Treads
|-damage|p1a: Iron Treads|85/100
|inactive|zhuangmou has 120 seconds left.
|
|t:|1758276407
|switch|p2a: Heatran|Heatran, M, tera:Grass|46/100|[from] U-turn
|-damage|p2a: Heatran|33/100|[from] Stealth Rock
|
|-weather|RainDance|[upkeep]
|-heal|p1a: Iron Treads|91/100|[from] item: Leftovers
|-heal|p2a: Heatran|40/100|[from] item: Leftovers
|upkeep
|turn|20
|
|t:|1758276412
|move|p2a: Heatran|Protect|p2a: Heatran
|-singleturn|p2a: Heatran|Protect
|move|p1a: Iron Treads|Volt Switch|p2a: Heatran
|-activate|p2a: Heatran|move: Protect
|
|-weather|RainDance|[upkeep]
|-heal|p1a: Iron Treads|97/100|[from] item: Leftovers
|-heal|p2a: Heatran|46/100|[from] item: Leftovers
|upkeep
|turn|21
|
|t:|1758276420
|switch|p2a: Landorus|Landorus-Therian, M|77/100
|-damage|p2a: Landorus|64/100|[from] Stealth Rock
|-ability|p2a: Landorus|Intimidate|boost
|-unboost|p1a: Iron Treads|atk|1
|move|p1a: Iron Treads|Rapid Spin|p2a: Landorus
|-damage|p2a: Landorus|59/100
|-boost|p1a: Iron Treads|spe|1
|-sideend|p1: jimy92|Stealth Rock|[from] move: Rapid Spin|[of] p1a: Iron Treads
|
|-weather|RainDance|[upkeep]
|-heal|p1a: Iron Treads|100/100|[from] item: Leftovers
|upkeep
|turn|22
|
|t:|1758276437
|-end|p1a: Iron Treads|Quark Drive|[silent]
|switch|p1a: Pelipper|Pelipper, F|45/100
|switch|p2a: Iron Hands|Iron Hands|49/100
|-damage|p2a: Iron Hands|43/100|[from] Stealth Rock
|
|-weather|RainDance|[upkeep]
|upkeep
|turn|23
|inactive|zhuangmou has 120 seconds left.
|
|t:|1758276478
|switch|p1a: Iron Treads|Iron Treads|100/100
|move|p2a: Iron Hands|Drain Punch|p1a: Iron Treads
|-supereffective|p1a: Iron Treads
|-damage|p1a: Iron Treads|29/100
|-heal|p2a: Iron Hands|73/100|[from] drain|[of] p1a: Iron Treads
|
|-weather|RainDance|[upkeep]
|-heal|p1a: Iron Treads|35/100|[from] item: Leftovers
|upkeep
|turn|24
|inactive|jimy92 has 120 seconds left.
|
|t:|1758276514
|-end|p2a: Iron Hands|Quark Drive|[silent]
|switch|p2a: Landorus|Landorus-Therian, M|59/100
|-damage|p2a: Landorus|46/100|[from] Stealth Rock
|-ability|p2a: Landorus|Intimidate|boost
|-unboost|p1a: Iron Treads|atk|1
|move|p1a: Iron Treads|Volt Switch|p2a: Landorus
|-immune|p2a: Landorus
|
|-weather|RainDance|[upkeep]
|-heal|p1a: Iron Treads|41/100|[from] item: Leftovers
|upkeep
|turn|25
|inactive|jimy92 has 120 seconds left.
|inactive|zhuangmou has 90 seconds left.
|
|t:|1758276533
|move|p1a: Iron Treads|Rapid Spin|p2a: Landorus
|-damage|p2a: Landorus|41/100
|-boost|p1a: Iron Treads|spe|1
|move|p2a: Landorus|Smack Down|p1a: Iron Treads
|-resisted|p1a: Iron Treads
|-damage|p1a: Iron Treads|39/100
|
|-weather|none
|-heal|p1a: Iron Treads|45/100|[from] item: Leftovers
|upkeep
|turn|26
|c|☆jimy92|Hurry up
|c|☆jimy92|U won when u crit me lol
|inactive|jimy92 has 120 seconds left.
|inactive|zhuangmou has 90 seconds left.
|
|t:|1758276544
|-end|p1a: Iron Treads|Quark Drive|[silent]
|switch|p1a: Pelipper|Pelipper, F|45/100
|-weather|RainDance|[from] ability: Drizzle|[of] p1a: Pelipper
|move|p2a: Landorus|U-turn|p1a: Pelipper
|-resisted|p1a: Pelipper
|-crit|p1a: Pelipper
|-damage|p1a: Pelipper|25/100
|j| zbddb
|inactive|zhuangmou has 90 seconds left.
|
|t:|1758276561
|switch|p2a: Iron Hands|Iron Hands|73/100|[from] U-turn
|-damage|p2a: Iron Hands|67/100|[from] Stealth Rock
|
|-weather|RainDance|[upkeep]
|upkeep
|turn|27
|l| zbddb
|l|☆zhuangmou
|inactive|zhuangmou disconnected and has a minute to reconnect!
|player|p2|
|j|☆zhuangmou
|inactive|zhuangmou reconnected and has 70 seconds left.
|player|p2|zhuangmou|red|
|
|t:|1758276589
|-end|p2a: Iron Hands|Quark Drive|[silent]
|switch|p2a: Dragapult|Dragapult, M|88/100
|-damage|p2a: Dragapult|76/100|[from] Stealth Rock
|switch|p1a: Iron Treads|Iron Treads|45/100
|
|-weather|RainDance|[upkeep]
|-heal|p1a: Iron Treads|51/100|[from] item: Leftovers
|upkeep
|turn|28
|inactive|zhuangmou has 60 seconds left.
|inactive|jimy92 has 120 seconds left.
|
|t:|1758276639
|switch|p2a: Iron Hands|Iron Hands|67/100
|-damage|p2a: Iron Hands|61/100|[from] Stealth Rock
|move|p1a: Iron Treads|Volt Switch|p2a: Iron Hands
|-resisted|p2a: Iron Hands
|-damage|p2a: Iron Hands|56/100
|
|t:|1758276641
|-end|p1a: Iron Treads|Quark Drive|[silent]
|switch|p1a: Barraskewda|Barraskewda, F|88/100|[from] Volt Switch
|
|-weather|RainDance|[upkeep]
|upkeep
|turn|29
|
|t:|1758276647
|move|p1a: Barraskewda|Liquidation|p2a: Iron Hands
|-damage|p2a: Iron Hands|0 fnt
|faint|p2a: Iron Hands
|-end|p2a: Iron Hands|Quark Drive|[silent]
|
|-weather|RainDance|[upkeep]
|upkeep
|
|t:|1758276656
|switch|p2a: Landorus|Landorus-Therian, M|41/100
|-damage|p2a: Landorus|28/100|[from] Stealth Rock
|-ability|p2a: Landorus|Intimidate|boost
|-unboost|p1a: Barraskewda|atk|1
|turn|30
|
|t:|1758276665
|switch|p2a: Heatran|Heatran, M, tera:Grass|46/100
|-damage|p2a: Heatran|33/100|[from] Stealth Rock
|move|p1a: Barraskewda|Liquidation|p2a: Heatran
|-resisted|p2a: Heatran
|-damage|p2a: Heatran|3/100
|
|-weather|RainDance|[upkeep]
|-heal|p2a: Heatran|10/100|[from] item: Leftovers
|upkeep
|turn|31
|
|t:|1758276670
|move|p2a: Heatran|Protect|p2a: Heatran
|-singleturn|p2a: Heatran|Protect
|move|p1a: Barraskewda|Liquidation|p2a: Heatran
|-activate|p2a: Heatran|move: Protect
|
|-weather|RainDance|[upkeep]
|-heal|p2a: Heatran|16/100|[from] item: Leftovers
|upkeep
|turn|32
|
|t:|1758276678
|move|p1a: Barraskewda|Liquidation|p2a: Heatran
|-resisted|p2a: Heatran
|-damage|p2a: Heatran|0 fnt
|faint|p2a: Heatran
|
|-weather|RainDance|[upkeep]
|upkeep
|
|t:|1758276680
|switch|p2a: Landorus|Landorus-Therian, M|28/100
|-damage|p2a: Landorus|16/100|[from] Stealth Rock
|-ability|p2a: Landorus|Intimidate|boost
|-unboost|p1a: Barraskewda|atk|1
|turn|33
|
|t:|1758276684
|switch|p1a: Iron Treads|Iron Treads|51/100
|switch|p2a: Dragapult|Dragapult, M|76/100
|-damage|p2a: Dragapult|64/100|[from] Stealth Rock
|
|-weather|none
|-heal|p1a: Iron Treads|57/100|[from] item: Leftovers
|upkeep
|turn|34
|
|t:|1758276687
|move|p2a: Dragapult|Dragon Darts|p1a: Iron Treads
|-resisted|p1a: Iron Treads
|-damage|p1a: Iron Treads|43/100
|-anim|p2a: Dragapult|Dragon Darts|p1a: Iron Treads
|-resisted|p1a: Iron Treads
|-damage|p1a: Iron Treads|29/100
|move|p1a: Iron Treads|Volt Switch|p2a: Dragapult
|-resisted|p2a: Dragapult
|-damage|p2a: Dragapult|55/100
|
|t:|1758276689
|-end|p1a: Iron Treads|Quark Drive|[silent]
|switch|p1a: Pelipper|Pelipper, F|25/100|[from] Volt Switch
|-weather|RainDance|[from] ability: Drizzle|[of] p1a: Pelipper
|
|-weather|RainDance|[upkeep]
|upkeep
|turn|35
|
|t:|1758276692
|move|p2a: Dragapult|Dragon Darts|p1a: Pelipper
|-damage|p1a: Pelipper|0 fnt
|faint|p1a: Pelipper
|
|-weather|RainDance|[upkeep]
|upkeep
|
|t:|1758276694
|switch|p1a: Barraskewda|Barraskewda, F|88/100
|turn|36
|
|t:|1758276696
|switch|p2a: Landorus|Landorus-Therian, M|16/100
|-damage|p2a: Landorus|3/100|[from] Stealth Rock
|-ability|p2a: Landorus|Intimidate|boost
|-unboost|p1a: Barraskewda|atk|1
|move|p1a: Barraskewda|Liquidation|p2a: Landorus
|-supereffective|p2a: Landorus
|-damage|p2a: Landorus|0 fnt
|faint|p2a: Landorus
|
|-weather|RainDance|[upkeep]
|upkeep
|
|t:|1758276699
|switch|p2a: Dragapult|Dragapult, M|55/100
|-damage|p2a: Dragapult|43/100|[from] Stealth Rock
|turn|37
|
|t:|1758276703
|switch|p1a: Iron Treads|Iron Treads|29/100
|move|p2a: Dragapult|Sucker Punch||[still]
|-fail|p2a: Dragapult
|
|-weather|RainDance|[upkeep]
|-heal|p1a: Iron Treads|35/100|[from] item: Leftovers
|upkeep
|turn|38
|
|t:|1758276708
|move|p2a: Dragapult|Sucker Punch|p1a: Iron Treads
|-damage|p1a: Iron Treads|10/100
|move|p1a: Iron Treads|Earthquake|p2a: Dragapult
|-damage|p2a: Dragapult|0 fnt
|faint|p2a: Dragapult
|
|win|jimy92
|raw|jimy92's rating: 1660 &rarr; <strong>1677</strong><br />(+17 for winning)
|raw|zhuangmou's rating: 1601 &rarr; <strong>1584</strong><br />(-17 for losing)
|l|☆jimy92
|player|p1|
|l|☆zhuangmou
|player|p2|
