|j|☆djinho
|j|☆klechkowski
|t:|1758284579
|gametype|singles
|player|p1|djinho|101|1366
|player|p2|klechkowski|2|1366
|gen|9
|tier|[Gen 9] OU
|rated|
|rule|HP Percentage Mod: HP is shown in percentages
|rule|Endless Battle Clause: Forcing endless battles is banned
|rule|Species Clause: Limit one of each Pokémon
|rule|OHKO Clause: OHKO moves are banned
|rule|Evasion Items Clause: Evasion items are banned
|rule|Evasion Moves Clause: Evasion moves are banned
|rule|Evasion Abilities Clause: Evasion abilities are banned
|rule|Sleep Moves Clause: Sleep-inducing moves are banned
|clearpoke
|poke|p1|Ogerpon-Wellspring, F|
|poke|p1|Iron Valiant|
|poke|p1|Lurantis, F|
|poke|p1|Enamorus, F|
|poke|p1|Primarina, F|
|poke|p1|Clefable, M|
|poke|p2|Deoxys-Speed|
|poke|p2|Gholdengo|
|poke|p2|Iron Treads|
|poke|p2|Dragonite, M|
|poke|p2|Iron Moth|
|poke|p2|Samurott-Hisui, F|
|teampreview
|inactive|Battle timer is ON: inactive players will automatically lose when time's up. (requested by klechkowski)
|
|t:|1758284597
|teamsize|p1|6
|teamsize|p2|6
|start
|switch|p1a: Girl Boss|Ogerpon-Wellspring, F|100/100
|switch|p2a: Iron Treads|Iron Treads|100/100
|-enditem|p2a: Iron Treads|Booster Energy
|-activate|p2a: Iron Treads|ability: Quark Drive|[fromitem]
|-start|p2a: Iron Treads|quarkdrivespe
|turn|1
|
|t:|1758284612
|move|p2a: Iron Treads|Stealth Rock|p1a: Girl Boss
|-sidestart|p1: djinho|move: Stealth Rock
|move|p1a: Girl Boss|Ivy Cudgel|p2a: Iron Treads|[anim] Ivy Cudgel Water
|-supereffective|p2a: Iron Treads
|-damage|p2a: Iron Treads|13/100
|
|upkeep
|turn|2
|
|t:|1758284625
|move|p2a: Iron Treads|Earthquake|p1a: Girl Boss
|-resisted|p1a: Girl Boss
|-damage|p1a: Girl Boss|75/100
|move|p1a: Girl Boss|Ivy Cudgel|p2a: Iron Treads|[anim] Ivy Cudgel Water
|-supereffective|p2a: Iron Treads
|-damage|p2a: Iron Treads|0 fnt
|faint|p2a: Iron Treads
|-end|p2a: Iron Treads|Quark Drive|[silent]
|
|upkeep
|
|t:|1758284628
|switch|p2a: Samurott|Samurott-Hisui, F|100/100
|turn|3
|
|t:|1758284638
|move|p1a: Girl Boss|U-turn|p2a: Samurott
|-supereffective|p2a: Samurott
|-damage|p2a: Samurott|34/100
|
|t:|1758284651
|switch|p1a: Enamorus|Enamorus, F|100/100|[from] U-turn
|-damage|p1a: Enamorus|76/100|[from] Stealth Rock
|move|p2a: Samurott|Ceaseless Edge|p1a: Enamorus
|-resisted|p1a: Enamorus
|-damage|p1a: Enamorus|38/100
|-sidestart|p1: djinho|Spikes
|
|upkeep
|turn|4
|
|t:|1758284660
|move|p1a: Enamorus|Moonblast|p2a: Samurott
|-supereffective|p2a: Samurott
|-damage|p2a: Samurott|0 fnt
|faint|p2a: Samurott
|
|upkeep
|
|t:|1758284665
|switch|p2a: Iron Moth|Iron Moth|100/100
|-enditem|p2a: Iron Moth|Booster Energy
|-activate|p2a: Iron Moth|ability: Quark Drive|[fromitem]
|-start|p2a: Iron Moth|quarkdrivespe
|turn|5
|inactive|djinho has 120 seconds left.
|
|t:|1758284708
|switch|p1a: Feminine Energy|Lurantis, F|100/100
|move|p2a: Iron Moth|Substitute|p2a: Iron Moth
|-start|p2a: Iron Moth|Substitute
|-damage|p2a: Iron Moth|76/100
|
|upkeep
|turn|6
|
|t:|1758284713
|move|p2a: Iron Moth|Fiery Dance|p1a: Feminine Energy
|-supereffective|p1a: Feminine Energy
|-damage|p1a: Feminine Energy|36/100
|move|p1a: Feminine Energy|Leaf Storm|p2a: Iron Moth
|-resisted|p2a: Iron Moth
|-activate|p2a: Iron Moth|move: Substitute|[damage]
|-boost|p1a: Feminine Energy|spa|2
|
|upkeep
|turn|7
|
|t:|1758284718
|move|p2a: Iron Moth|Fiery Dance|p1a: Feminine Energy
|-supereffective|p1a: Feminine Energy
|-damage|p1a: Feminine Energy|0 fnt
|faint|p1a: Feminine Energy
|
|upkeep
|inactive|djinho has 120 seconds left.
|
|t:|1758284733
|switch|p1a: Demure|Primarina, F|100/100
|-damage|p1a: Demure|88/100|[from] Stealth Rock
|-damage|p1a: Demure|76/100|[from] Spikes
|turn|8
|
|t:|1758284741
|move|p2a: Iron Moth|Sludge Wave|p1a: Demure
|-supereffective|p1a: Demure
|-damage|p1a: Demure|14/100
|move|p1a: Demure|Surf|p2a: Iron Moth
|-supereffective|p2a: Iron Moth
|-end|p2a: Iron Moth|Substitute
|
|upkeep
|turn|9
|
|t:|1758284758
|move|p2a: Iron Moth|Fiery Dance|p1a: Demure
|-resisted|p1a: Demure
|-damage|p1a: Demure|1/100
|-boost|p2a: Iron Moth|spa|1
|move|p1a: Demure|Surf|p2a: Iron Moth
|-supereffective|p2a: Iron Moth
|-damage|p2a: Iron Moth|0 fnt
|faint|p2a: Iron Moth
|-end|p2a: Iron Moth|Quark Drive|[silent]
|
|upkeep
|c|☆djinho|greedy
|c|☆klechkowski|y ^^
|inactive|klechkowski has 120 seconds left.
|
|t:|1758284794
|switch|p2a: Dragonite|Dragonite, M|100/100
|turn|10
|inactive|djinho has 120 seconds left.
|
|t:|1758284828
|move|p2a: Dragonite|Earthquake|p1a: Demure
|-damage|p1a: Demure|0 fnt
|faint|p1a: Demure
|
|upkeep
|
|t:|1758284838
|switch|p1a: Cutesy|Clefable, M|100/100
|turn|11
|inactive|klechkowski has 120 seconds left.
|
|t:|1758284858
|switch|p2a: Gholdengo|Gholdengo|100/100
|-item|p2a: Gholdengo|Air Balloon
|move|p1a: Cutesy|Moonblast|p2a: Gholdengo
|-resisted|p2a: Gholdengo
|-damage|p2a: Gholdengo|85/100
|-unboost|p2a: Gholdengo|spa|1
|-enditem|p2a: Gholdengo|Air Balloon
|
|upkeep
|turn|12
|inactive|djinho has 120 seconds left.
|inactive|klechkowski has 120 seconds left.
|
|t:|1758284876
|switch|p1a: Enamorus|Enamorus, F|38/100
|-damage|p1a: Enamorus|13/100|[from] Stealth Rock
|move|p2a: Gholdengo|Nasty Plot|p2a: Gholdengo
|-boost|p2a: Gholdengo|spa|2
|
|upkeep
|turn|13
|inactive|djinho has 120 seconds left.
|
|t:|1758284895
|move|p1a: Enamorus|Healing Wish|p1a: Enamorus
|faint|p1a: Enamorus
|move|p2a: Gholdengo|Shadow Ball|p1: Enamorus|[notarget]
|-fail|p2a: Gholdengo
|
|upkeep
|
|t:|1758284899
|switch|p1a: Girl Boss|Ogerpon-Wellspring, F|75/100
|-heal|p1a: Girl Boss|100/100|[from] move: Healing Wish
|-damage|p1a: Girl Boss|88/100|[from] Stealth Rock
|-damage|p1a: Girl Boss|76/100|[from] Spikes
|turn|14
|inactive|djinho has 120 seconds left.
|
|t:|1758284913
|-terastallize|p1a: Girl Boss|Water
|detailschange|p1a: Girl Boss|Ogerpon-Wellspring-Tera, F, tera:Water
|-ability|p1a: Girl Boss|Embody Aspect (Wellspring)|boost
|-boost|p1a: Girl Boss|spd|1
|move|p1a: Girl Boss|Knock Off|p2a: Gholdengo
|-supereffective|p2a: Gholdengo
|-crit|p2a: Gholdengo
|-damage|p2a: Gholdengo|29/100
|move|p2a: Gholdengo|Shadow Ball|p1a: Girl Boss
|-damage|p1a: Girl Boss|37/100
|
|upkeep
|turn|15
|inactive|djinho has 120 seconds left.
|
|t:|1758284922
|move|p1a: Girl Boss|Ivy Cudgel|p2a: Gholdengo|[anim] Ivy Cudgel Water
|-damage|p2a: Gholdengo|0 fnt
|faint|p2a: Gholdengo
|
|upkeep
|
|t:|1758284923
|switch|p2a: Dragonite|Dragonite, M|100/100
|turn|16
|
|t:|1758284927
|move|p1a: Girl Boss|Knock Off|p2a: Dragonite
|-damage|p2a: Dragonite|81/100
|-enditem|p2a: Dragonite|Heavy-Duty Boots|[from] move: Knock Off|[of] p1a: Girl Boss
|move|p2a: Dragonite|Dragon Dance|p2a: Dragonite
|-boost|p2a: Dragonite|atk|1
|-boost|p2a: Dragonite|spe|1
|
|upkeep
|turn|17
|
|t:|1758284934
|move|p2a: Dragonite|Extreme Speed|p1a: Girl Boss
|-damage|p1a: Girl Boss|0 fnt
|faint|p1a: Girl Boss
|detailschange|p1: Girl Boss|Ogerpon-Wellspring, F|[silent]
|
|upkeep
|
|t:|1758284937
|switch|p1a: Iron Valiant|Iron Valiant|100/100
|-damage|p1a: Iron Valiant|94/100|[from] Stealth Rock
|-damage|p1a: Iron Valiant|82/100|[from] Spikes
|turn|18
|
|t:|1758284942
|-terastallize|p2a: Dragonite|Normal
|move|p2a: Dragonite|Extreme Speed|p1a: Iron Valiant
|-damage|p1a: Iron Valiant|0 fnt
|faint|p1a: Iron Valiant
|-end|p1a: Iron Valiant|Quark Drive|[silent]
|
|upkeep
|
|t:|1758284947
|switch|p1a: Cutesy|Clefable, M|100/100
|turn|19
|
|t:|1758284950
|move|p2a: Dragonite|Extreme Speed|p1a: Cutesy
|-damage|p1a: Cutesy|49/100
|move|p1a: Cutesy|Thunder Wave|p2a: Dragonite
|-status|p2a: Dragonite|par
|
|-heal|p1a: Cutesy|55/100|[from] item: Leftovers
|upkeep
|turn|20
|
|t:|1758284955
|move|p2a: Dragonite|Extreme Speed|p1a: Cutesy
|-damage|p1a: Cutesy|8/100
|move|p1a: Cutesy|Moonlight|p1a: Cutesy
|-heal|p1a: Cutesy|58/100
|
|-heal|p1a: Cutesy|64/100|[from] item: Leftovers
|upkeep
|turn|21
|
|t:|1758284960
|move|p2a: Dragonite|Extreme Speed|p1a: Cutesy
|-damage|p1a: Cutesy|11/100
|move|p1a: Cutesy|Moonlight|p1a: Cutesy
|-heal|p1a: Cutesy|61/100
|
|-heal|p1a: Cutesy|68/100|[from] item: Leftovers
|upkeep
|turn|22
|
|t:|1758284963
|cant|p2a: Dragonite|par
|move|p1a: Cutesy|Moonlight|p1a: Cutesy
|-heal|p1a: Cutesy|100/100
|
|upkeep
|turn|23
|
|t:|1758284964
|cant|p2a: Dragonite|par
|move|p1a: Cutesy|Moonblast|p2a: Dragonite
|-damage|p2a: Dragonite|49/100 par
|-unboost|p2a: Dragonite|spa|1
|
|upkeep
|turn|24
|
|t:|1758284968
|cant|p2a: Dragonite|par
|move|p1a: Cutesy|Moonblast|p2a: Dragonite
|-damage|p2a: Dragonite|16/100 par
|
|upkeep
|turn|25
|
|t:|1758284971
|move|p2a: Dragonite|Extreme Speed|p1a: Cutesy
|-damage|p1a: Cutesy|48/100
|move|p1a: Cutesy|Moonblast|p2a: Dragonite
|-damage|p2a: Dragonite|0 fnt
|faint|p2a: Dragonite
|
|-heal|p1a: Cutesy|54/100|[from] item: Leftovers
|upkeep
|
|t:|1758284974
|switch|p2a: Deoxys|Deoxys-Speed|100/100
|-ability|p2a: Deoxys|Pressure
|turn|26
|
|t:|1758284979
|move|p2a: Deoxys|Psycho Boost|p1a: Cutesy
|-damage|p1a: Cutesy|0 fnt
|-unboost|p2a: Deoxys|spa|2
|faint|p1a: Cutesy
|-damage|p2a: Deoxys|91/100|[from] item: Life Orb
|
|win|klechkowski
|raw|djinho's rating: 1366 &rarr; <strong>1346</strong><br />(-20 for losing)
|raw|klechkowski's rating: 1366 &rarr; <strong>1386</strong><br />(+20 for winning)
|c|☆klechkowski|gg
|l|☆djinho
|player|p1|
|l|☆klechkowski
|player|p2|
