|j|☆justiceforjessie
|j|☆SittinGamer
|t:|1758352193
|gametype|singles
|player|p1|justiceforjessie|169|1512
|player|p2|SittinGamer|dawn-gen4pt|1573
|gen|9
|tier|[Gen 9] OU
|rated|
|rule|HP Percentage Mod: HP is shown in percentages
|rule|Endless Battle Clause: Forcing endless battles is banned
|rule|Species Clause: Limit one of each Pokémon
|rule|OHKO Clause: OHKO moves are banned
|rule|Evasion Items Clause: Evasion items are banned
|rule|Evasion Moves Clause: Evasion moves are banned
|rule|Evasion Abilities Clause: Evasion abilities are banned
|rule|Sleep Moves Clause: Sleep-inducing moves are banned
|clearpoke
|poke|p1|Ninetales, F|
|poke|p1|Great Tusk|
|poke|p1|Walking Wake|
|poke|p1|Comfey, F|
|poke|p1|Venusaur, M|
|poke|p1|Gholdengo|
|poke|p2|Infernape, M|
|poke|p2|Samurott-Hisui, F|
|poke|p2|Gholdengo|
|poke|p2|Hatterene, F|
|poke|p2|Great Tusk|
|poke|p2|Zamazenta-*|
|teampreview
|
|t:|1758352201
|teamsize|p1|6
|teamsize|p2|6
|start
|switch|p1a: NineGENDERS.|Ninetales, F|100/100
|switch|p2a: Infernape|Infernape, M|100/100
|-weather|SunnyDay|[from] ability: Drought|[of] p1a: NineGENDERS.
|turn|1
|
|t:|1758352209
|switch|p1a: Great THEY/THEM.|Great Tusk|100/100
|-activate|p1a: Great THEY/THEM.|ability: Protosynthesis
|-start|p1a: Great THEY/THEM.|protosynthesisatk
|move|p2a: Infernape|Stealth Rock|p1a: Great THEY/THEM.
|-sidestart|p1: justiceforjessie|move: Stealth Rock
|
|-weather|SunnyDay|[upkeep]
|upkeep
|turn|2
|
|t:|1758352224
|-terastallize|p1a: Great THEY/THEM.|Fire
|move|p2a: Infernape|Overheat|p1a: Great THEY/THEM.
|-resisted|p1a: Great THEY/THEM.
|-damage|p1a: Great THEY/THEM.|28/100
|-unboost|p2a: Infernape|spa|2
|move|p1a: Great THEY/THEM.|Rapid Spin|p2a: Infernape
|-crit|p2a: Infernape
|-damage|p2a: Infernape|43/100
|-boost|p1a: Great THEY/THEM.|spe|1
|-sideend|p1: justiceforjessie|Stealth Rock|[from] move: Rapid Spin|[of] p1a: Great THEY/THEM.
|
|-weather|SunnyDay|[upkeep]
|upkeep
|turn|3
|c|☆SittinGamer|holy shit the non binary sun team
|
|t:|1758352241
|switch|p2a: Zamazenta|Zamazenta|100/100
|-ability|p2a: Zamazenta|Dauntless Shield|boost
|-boost|p2a: Zamazenta|def|1
|move|p1a: Great THEY/THEM.|Headlong Rush|p2a: Zamazenta
|-damage|p2a: Zamazenta|59/100
|-unboost|p1a: Great THEY/THEM.|def|1
|-unboost|p1a: Great THEY/THEM.|spd|1
|-enditem|p1a: Great THEY/THEM.|Eject Pack
|
|t:|1758352251
|-end|p1a: Great THEY/THEM.|Protosynthesis|[silent]
|switch|p1a: Walking WOKE.|Walking Wake|100/100
|-activate|p1a: Walking WOKE.|ability: Protosynthesis
|-start|p1a: Walking WOKE.|protosynthesisspe
|
|-weather|SunnyDay|[upkeep]
|-heal|p2a: Zamazenta|65/100|[from] item: Leftovers
|upkeep
|turn|4
|
|t:|1758352258
|move|p1a: Walking WOKE.|Hydro Steam|p2a: Zamazenta
|-damage|p2a: Zamazenta|0 fnt
|faint|p2a: Zamazenta
|
|-weather|SunnyDay|[upkeep]
|upkeep
|
|t:|1758352260
|switch|p2a: Samurott|Samurott-Hisui, F|100/100
|turn|5
|c|☆justiceforjessie|i stole the nicknames lol
|
|t:|1758352269
|move|p1a: Walking WOKE.|Hydro Steam|p2a: Samurott
|-resisted|p2a: Samurott
|-damage|p2a: Samurott|63/100
|move|p2a: Samurott|Ceaseless Edge|p1a: Walking WOKE.
|-damage|p1a: Walking WOKE.|54/100
|-sidestart|p1: justiceforjessie|Spikes
|
|-weather|SunnyDay|[upkeep]
|upkeep
|turn|6
|
|t:|1758352278
|-end|p1a: Walking WOKE.|Protosynthesis|[silent]
|switch|p1a: NineGENDERS.|Ninetales, F|100/100
|-damage|p1a: NineGENDERS.|88/100|[from] Spikes
|move|p2a: Samurott|Ceaseless Edge|p1a: NineGENDERS.
|-damage|p1a: NineGENDERS.|36/100
|-sidestart|p1: justiceforjessie|Spikes
|
|-weather|SunnyDay|[upkeep]
|upkeep
|turn|7
|c|☆SittinGamer|you didnt need to admit that
|
|t:|1758352286
|move|p2a: Samurott|Aqua Jet|p1a: NineGENDERS.
|-supereffective|p1a: NineGENDERS.
|-damage|p1a: NineGENDERS.|16/100
|move|p1a: NineGENDERS.|Solar Beam||[still]
|-prepare|p1a: NineGENDERS.|Solar Beam
|-anim|p1a: NineGENDERS.|Solar Beam|p2a: Samurott
|-supereffective|p2a: Samurott
|-damage|p2a: Samurott|27/100
|
|-weather|SunnyDay|[upkeep]
|upkeep
|turn|8
|
|t:|1758352295
|move|p1a: NineGENDERS.|Healing Wish|p1a: NineGENDERS.
|faint|p1a: NineGENDERS.
|move|p2a: Samurott|Ceaseless Edge|p1: NineGENDERS.|[notarget]
|-fail|p2a: Samurott
|
|-weather|none
|upkeep
|j| BB aijwbsjshwbw
|
|t:|1758352303
|switch|p1a: Great THEY/THEM.|Great Tusk, tera:Fire|28/100
|-heal|p1a: Great THEY/THEM.|100/100|[from] move: Healing Wish
|-damage|p1a: Great THEY/THEM.|84/100|[from] Spikes
|turn|9
|
|t:|1758352308
|move|p1a: Great THEY/THEM.|Rapid Spin|p2a: Samurott
|-damage|p2a: Samurott|9/100
|-boost|p1a: Great THEY/THEM.|spe|1
|-sideend|p1: justiceforjessie|Spikes|[from] move: Rapid Spin|[of] p1a: Great THEY/THEM.
|move|p2a: Samurott|Razor Shell|p1a: Great THEY/THEM.
|-supereffective|p1a: Great THEY/THEM.
|-damage|p1a: Great THEY/THEM.|8/100
|-unboost|p1a: Great THEY/THEM.|def|1
|
|upkeep
|turn|10
|l| BB aijwbsjshwbw
|
|t:|1758352318
|move|p2a: Samurott|Aqua Jet|p1a: Great THEY/THEM.
|-supereffective|p1a: Great THEY/THEM.
|-crit|p1a: Great THEY/THEM.
|-damage|p1a: Great THEY/THEM.|0 fnt
|faint|p1a: Great THEY/THEM.
|-end|p1a: Great THEY/THEM.|Protosynthesis|[silent]
|
|upkeep
|
|t:|1758352327
|switch|p1a: Walking WOKE.|Walking Wake|54/100
|turn|11
|j| Ctannn
|
|t:|1758352332
|move|p2a: Samurott|Aqua Jet|p1a: Walking WOKE.
|-resisted|p1a: Walking WOKE.
|-damage|p1a: Walking WOKE.|49/100
|move|p1a: Walking WOKE.|Hydro Steam|p2a: Samurott
|-resisted|p2a: Samurott
|-damage|p2a: Samurott|0 fnt
|faint|p2a: Samurott
|
|upkeep
|
|t:|1758352335
|switch|p2a: Hatterene|Hatterene, F|100/100
|turn|12
|
|t:|1758352343
|-end|p1a: Walking WOKE.|Protosynthesis|[silent]
|switch|p1a: GholDEIngo.|Gholdengo|100/100
|move|p2a: Hatterene|Draining Kiss|p1a: GholDEIngo.
|-resisted|p1a: GholDEIngo.
|-crit|p1a: GholDEIngo.
|-damage|p1a: GholDEIngo.|79/100
|
|upkeep
|turn|13
|
|t:|1758352349
|move|p1a: GholDEIngo.|Shadow Ball|p2a: Hatterene
|-supereffective|p2a: Hatterene
|-damage|p2a: Hatterene|16/100
|-damage|p1a: GholDEIngo.|69/100|[from] item: Life Orb
|move|p2a: Hatterene|Mystical Fire|p1a: GholDEIngo.
|-supereffective|p1a: GholDEIngo.
|-damage|p1a: GholDEIngo.|7/100
|-unboost|p1a: GholDEIngo.|spa|1
|
|upkeep
|turn|14
|
|t:|1758352360
|move|p1a: GholDEIngo.|Shadow Ball|p2a: Hatterene
|-supereffective|p2a: Hatterene
|-damage|p2a: Hatterene|0 fnt
|faint|p2a: Hatterene
|-damage|p1a: GholDEIngo.|0 fnt|[from] item: Life Orb
|faint|p1a: GholDEIngo.
|
|upkeep
|
|t:|1758352370
|switch|p1a: Walking WOKE.|Walking Wake|49/100
|switch|p2a: Gholdengo|Gholdengo|100/100
|turn|15
|
|t:|1758352379
|-terastallize|p2a: Gholdengo|Ghost
|move|p2a: Gholdengo|Shadow Ball|p1a: Walking WOKE.
|-damage|p1a: Walking WOKE.|0 fnt
|faint|p1a: Walking WOKE.
|-end|p1a: Walking WOKE.|Protosynthesis|[silent]
|
|upkeep
|
|t:|1758352388
|switch|p1a: Comfey|Comfey, F|100/100
|turn|16
|
|t:|1758352392
|move|p2a: Gholdengo|Shadow Ball|p1a: Comfey
|-damage|p1a: Comfey|48/100
|move|p1a: Comfey|Growth|p1a: Comfey
|-boost|p1a: Comfey|atk|1
|-boost|p1a: Comfey|spa|1
|
|upkeep
|turn|17
|
|t:|1758352398
|move|p1a: Comfey|Draining Kiss|p2a: Gholdengo
|-damage|p2a: Gholdengo|55/100
|-heal|p1a: Comfey|83/100|[from] drain|[of] p2a: Gholdengo
|-damage|p1a: Comfey|73/100|[from] item: Life Orb
|move|p2a: Gholdengo|Shadow Ball|p1a: Comfey
|-damage|p1a: Comfey|13/100
|-unboost|p1a: Comfey|spd|1
|
|upkeep
|turn|18
|
|t:|1758352407
|move|p1a: Comfey|Draining Kiss|p2a: Gholdengo
|-damage|p2a: Gholdengo|4/100
|-heal|p1a: Comfey|53/100|[from] drain|[of] p2a: Gholdengo
|-damage|p1a: Comfey|43/100|[from] item: Life Orb
|move|p2a: Gholdengo|Shadow Ball|p1a: Comfey
|-damage|p1a: Comfey|0 fnt
|faint|p1a: Comfey
|
|upkeep
|
|t:|1758352418
|switch|p1a: VenuSOROS.|Venusaur, M|100/100
|turn|19
|j| biryanilover
|
|t:|1758352421
|move|p2a: Gholdengo|Shadow Ball|p1a: VenuSOROS.
|-damage|p1a: VenuSOROS.|32/100
|move|p1a: VenuSOROS.|Giga Drain|p2a: Gholdengo
|-damage|p2a: Gholdengo|0 fnt
|-heal|p1a: VenuSOROS.|34/100|[from] drain|[of] p2a: Gholdengo
|faint|p2a: Gholdengo
|-damage|p1a: VenuSOROS.|24/100|[from] item: Life Orb
|
|upkeep
|
|t:|1758352426
|switch|p2a: Great Tusk|Great Tusk|100/100
|-enditem|p2a: Great Tusk|Booster Energy
|-activate|p2a: Great Tusk|ability: Protosynthesis|[fromitem]
|-start|p2a: Great Tusk|protosynthesisatk
|turn|20
|
|t:|1758352433
|move|p2a: Great Tusk|Headlong Rush|p1a: VenuSOROS.
|-damage|p1a: VenuSOROS.|0 fnt
|-unboost|p2a: Great Tusk|def|1
|-unboost|p2a: Great Tusk|spd|1
|faint|p1a: VenuSOROS.
|
|win|SittinGamer
|raw|justiceforjessie's rating: 1512 &rarr; <strong>1495</strong><br />(-17 for losing)
|raw|SittinGamer's rating: 1573 &rarr; <strong>1590</strong><br />(+17 for winning)
|c|☆SittinGamer|no nickname comfey sadge
|l|☆SittinGamer
|player|p2|
|l| biryanilover
|c|☆justiceforjessie|i thought I nicknamed it comfey safe space
|l| Ctannn
