|j|☆kshuaib734
|j|‽oehtwashere
|t:|1758378950
|gametype|singles
|player|p1|kshuaib734|steven|1700
|player|p2|oehtwashere|supernerd|1744
|gen|9
|tier|[Gen 9] OU
|rated|
|rule|HP Percentage Mod: HP is shown in percentages
|rule|Endless Battle Clause: Forcing endless battles is banned
|rule|Species Clause: Limit one of each Pokémon
|rule|OHKO Clause: OHKO moves are banned
|rule|Evasion Items Clause: Evasion items are banned
|rule|Evasion Moves Clause: Evasion moves are banned
|rule|Evasion Abilities Clause: Evasion abilities are banned
|rule|Sleep Moves Clause: Sleep-inducing moves are banned
|clearpoke
|poke|p1|Tyranitar, F|
|poke|p1|Overqwil, M|
|poke|p1|Pelipper, M|
|poke|p1|Quaquaval, M|
|poke|p1|Kingdra, M|
|poke|p1|Excadrill, M|
|poke|p2|Araquanid, F|
|poke|p2|Gholdengo|
|poke|p2|Raging Bolt|
|poke|p2|Iron Valiant|
|poke|p2|Ceruledge, M|
|poke|p2|Deoxys-Speed|
|teampreview
|inactive|Battle timer is ON: inactive players will automatically lose when time's up. (requested by oehtwashere)
|inactive|kshuaib734 also wants the timer to be on.
|
|t:|1758378961
|teamsize|p1|6
|teamsize|p2|6
|start
|switch|p1a: Tyrant's Downpour|Pelipper, M|100/100
|switch|p2a: Ceruledge|Ceruledge, M|100/100
|-weather|RainDance|[from] ability: Drizzle|[of] p1a: Tyrant's Downpour
|turn|1
|
|t:|1758378974
|switch|p2a: Araquanid|Araquanid, F|100/100
|move|p1a: Tyrant's Downpour|Hurricane|p2a: Araquanid
|-supereffective|p2a: Araquanid
|-damage|p2a: Araquanid|57/100
|
|-weather|RainDance|[upkeep]
|upkeep
|turn|2
|
|t:|1758378986
|move|p1a: Tyrant's Downpour|Hurricane|p2a: Araquanid
|-supereffective|p2a: Araquanid
|-damage|p2a: Araquanid|13/100
|move|p2a: Araquanid|Sticky Web|p1a: Tyrant's Downpour
|-sidestart|p1: kshuaib734|move: Sticky Web
|
|-weather|RainDance|[upkeep]
|upkeep
|turn|3
|-enditem|p2a: Araquanid|Custap Berry|[eat]
|-activate|p2a: Araquanid|item: Custap Berry|[consumed]
|
|t:|1758378992
|switch|p1a: Tyrant's Enforcer|Overqwil, M|100/100
|-activate|p1a: Tyrant's Enforcer|move: Sticky Web
|-unboost|p1a: Tyrant's Enforcer|spe|1
|move|p2a: Araquanid|Surf|p1a: Tyrant's Enforcer
|-damage|p1a: Tyrant's Enforcer|17/100
|
|-weather|RainDance|[upkeep]
|upkeep
|turn|4
|
|t:|1758379002
|move|p1a: Tyrant's Enforcer|Spikes|p2a: Araquanid
|-sidestart|p2: oehtwashere|Spikes
|move|p2a: Araquanid|Surf|p1a: Tyrant's Enforcer
|-damage|p1a: Tyrant's Enforcer|0 fnt
|faint|p1a: Tyrant's Enforcer
|
|-weather|RainDance|[upkeep]
|upkeep
|j| moodrandom
|
|t:|1758379009
|switch|p1a: Tyrant's Endgame|Quaquaval, M|100/100
|-activate|p1a: Tyrant's Endgame|move: Sticky Web
|-unboost|p1a: Tyrant's Endgame|spe|1
|turn|5
|
|t:|1758379013
|switch|p2a: Gholdengo|Gholdengo|100/100
|-item|p2a: Gholdengo|Air Balloon
|move|p1a: Tyrant's Endgame|Aqua Step|p2a: Gholdengo
|-damage|p2a: Gholdengo|40/100
|-boost|p1a: Tyrant's Endgame|spe|1
|-enditem|p2a: Gholdengo|Air Balloon
|-damage|p1a: Tyrant's Endgame|91/100|[from] item: Life Orb
|
|-weather|RainDance|[upkeep]
|upkeep
|turn|6
|
|t:|1758379023
|move|p1a: Tyrant's Endgame|Aqua Step|p2a: Gholdengo
|-damage|p2a: Gholdengo|0 fnt
|-boost|p1a: Tyrant's Endgame|spe|1
|faint|p2a: Gholdengo
|-ability|p1a: Tyrant's Endgame|Moxie|boost
|-boost|p1a: Tyrant's Endgame|atk|1
|-damage|p1a: Tyrant's Endgame|81/100|[from] item: Life Orb
|
|-weather|RainDance|[upkeep]
|upkeep
|
|t:|1758379026
|switch|p2a: Deoxys|Deoxys-Speed|100/100
|-damage|p2a: Deoxys|88/100|[from] Spikes
|-ability|p2a: Deoxys|Pressure
|turn|7
|
|t:|1758379035
|move|p1a: Tyrant's Endgame|Aqua Jet|p2a: Deoxys
|-damage|p2a: Deoxys|0 fnt
|faint|p2a: Deoxys
|-ability|p1a: Tyrant's Endgame|Moxie|boost
|-boost|p1a: Tyrant's Endgame|atk|1
|-damage|p1a: Tyrant's Endgame|71/100|[from] item: Life Orb
|
|-weather|RainDance|[upkeep]
|upkeep
|
|t:|1758379039
|switch|p2a: Raging Bolt|Raging Bolt|100/100
|-damage|p2a: Raging Bolt|88/100|[from] Spikes
|-enditem|p2a: Raging Bolt|Booster Energy
|-activate|p2a: Raging Bolt|ability: Protosynthesis|[fromitem]
|-start|p2a: Raging Bolt|protosynthesisspa
|turn|8
|
|t:|1758379050
|switch|p1a: King Tyrant|Tyranitar, F|100/100
|-activate|p1a: King Tyrant|move: Sticky Web
|-unboost|p1a: King Tyrant|spe|1
|-weather|Sandstorm|[from] ability: Sand Stream|[of] p1a: King Tyrant
|move|p2a: Raging Bolt|Dragon Pulse|p1a: King Tyrant
|-damage|p1a: King Tyrant|68/100
|
|-weather|Sandstorm|[upkeep]
|-damage|p2a: Raging Bolt|82/100|[from] Sandstorm
|upkeep
|turn|9
|
|t:|1758379060
|move|p2a: Raging Bolt|Dragon Pulse|p1a: King Tyrant
|-damage|p1a: King Tyrant|34/100
|move|p1a: King Tyrant|Ice Beam|p2a: Raging Bolt
|-supereffective|p2a: Raging Bolt
|-damage|p2a: Raging Bolt|32/100
|
|-weather|Sandstorm|[upkeep]
|-damage|p2a: Raging Bolt|26/100|[from] Sandstorm
|upkeep
|turn|10
|j| victini092
|
|t:|1758379068
|move|p2a: Raging Bolt|Dragon Pulse|p1a: King Tyrant
|-crit|p1a: King Tyrant
|-damage|p1a: King Tyrant|0 fnt
|faint|p1a: King Tyrant
|
|-weather|Sandstorm|[upkeep]
|-damage|p2a: Raging Bolt|20/100|[from] Sandstorm
|upkeep
|
|t:|1758379074
|switch|p1a: Tyrant's Legacy|Excadrill, M|100/100
|-activate|p1a: Tyrant's Legacy|move: Sticky Web
|-unboost|p1a: Tyrant's Legacy|spe|1
|turn|11
|
|t:|1758379078
|-end|p2a: Raging Bolt|Protosynthesis|[silent]
|switch|p2a: Ceruledge|Ceruledge, M|100/100
|-damage|p2a: Ceruledge|88/100|[from] Spikes
|move|p1a: Tyrant's Legacy|Rapid Spin|p2a: Ceruledge
|-immune|p2a: Ceruledge
|
|-weather|Sandstorm|[upkeep]
|-damage|p2a: Ceruledge|82/100|[from] Sandstorm
|upkeep
|turn|12
|
|t:|1758379087
|-terastallize|p2a: Ceruledge|Grass
|move|p1a: Tyrant's Legacy|Earthquake|p2a: Ceruledge
|-resisted|p2a: Ceruledge
|-damage|p2a: Ceruledge|31/100
|-ability|p2a: Ceruledge|Weak Armor|boost
|-unboost|p2a: Ceruledge|def|1
|-boost|p2a: Ceruledge|spe|2
|-damage|p1a: Tyrant's Legacy|91/100|[from] item: Life Orb
|move|p2a: Ceruledge|Swords Dance|p2a: Ceruledge
|-boost|p2a: Ceruledge|atk|2
|
|-weather|none
|upkeep
|turn|13
|
|t:|1758379099
|move|p2a: Ceruledge|Bitter Blade|p1a: Tyrant's Legacy
|-supereffective|p1a: Tyrant's Legacy
|-damage|p1a: Tyrant's Legacy|0 fnt
|-heal|p2a: Ceruledge|87/100|[from] drain|[of] p1a: Tyrant's Legacy
|faint|p1a: Tyrant's Legacy
|
|upkeep
|
|t:|1758379105
|switch|p1a: Tyrant's Downpour|Pelipper, M|100/100
|-weather|RainDance|[from] ability: Drizzle|[of] p1a: Tyrant's Downpour
|turn|14
|
|t:|1758379111
|move|p2a: Ceruledge|Bitter Blade|p1a: Tyrant's Downpour
|-resisted|p1a: Tyrant's Downpour
|-damage|p1a: Tyrant's Downpour|83/100
|-heal|p2a: Ceruledge|97/100|[from] drain|[of] p1a: Tyrant's Downpour
|move|p1a: Tyrant's Downpour|Hurricane|p2a: Ceruledge
|-supereffective|p2a: Ceruledge
|-damage|p2a: Ceruledge|8/100
|-start|p2a: Ceruledge|confusion
|
|-weather|RainDance|[upkeep]
|upkeep
|turn|15
|
|t:|1758379121
|-activate|p2a: Ceruledge|confusion
|-damage|p2a: Ceruledge|0 fnt|[from] confusion
|faint|p2a: Ceruledge
|move|p1a: Tyrant's Downpour|Hurricane|p2: Ceruledge|[notarget]
|-fail|p1a: Tyrant's Downpour
|
|-weather|RainDance|[upkeep]
|upkeep
|
|t:|1758379126
|switch|p2a: Raging Bolt|Raging Bolt|20/100
|-damage|p2a: Raging Bolt|8/100|[from] Spikes
|turn|16
|
|t:|1758379131
|move|p2a: Raging Bolt|Dragon Pulse|p1a: Tyrant's Downpour
|-damage|p1a: Tyrant's Downpour|15/100
|move|p1a: Tyrant's Downpour|Weather Ball|p2a: Raging Bolt
|-resisted|p2a: Raging Bolt
|-damage|p2a: Raging Bolt|0 fnt
|faint|p2a: Raging Bolt
|-end|p2a: Raging Bolt|Protosynthesis|[silent]
|
|-weather|RainDance|[upkeep]
|upkeep
|
|t:|1758379135
|switch|p2a: Iron Valiant|Iron Valiant|100/100
|-damage|p2a: Iron Valiant|88/100|[from] Spikes
|-enditem|p2a: Iron Valiant|Booster Energy
|-activate|p2a: Iron Valiant|ability: Quark Drive|[fromitem]
|-start|p2a: Iron Valiant|quarkdrivespa
|turn|17
|
|t:|1758379143
|move|p2a: Iron Valiant|Moonblast|p1a: Tyrant's Downpour
|-damage|p1a: Tyrant's Downpour|0 fnt
|faint|p1a: Tyrant's Downpour
|
|-weather|RainDance|[upkeep]
|upkeep
|
|t:|1758379154
|switch|p1a: Tyrant's Vengeance|Kingdra, M|100/100
|-activate|p1a: Tyrant's Vengeance|move: Sticky Web
|-unboost|p1a: Tyrant's Vengeance|spe|1
|turn|18
|
|t:|1758379160
|-terastallize|p1a: Tyrant's Vengeance|Water
|move|p1a: Tyrant's Vengeance|Weather Ball|p2a: Iron Valiant
|-damage|p2a: Iron Valiant|0 fnt
|faint|p2a: Iron Valiant
|-end|p2a: Iron Valiant|Quark Drive|[silent]
|
|-weather|RainDance|[upkeep]
|upkeep
|-message|oehtwashere forfeited.
|
|win|kshuaib734
|raw|kshuaib734's rating: 1700 &rarr; <strong>1723</strong><br />(+23 for winning)
|raw|oehtwashere's rating: 1744 &rarr; <strong>1721</strong><br />(-23 for losing)
|l|‽oehtwashere
|player|p2|
|l|☆kshuaib734
|player|p1|
|l| moodrandom
|l| victini092
