|j|☆RobustLoki
|j|☆Shibuya Arc
|t:|1758345141
|gametype|singles
|player|p1|RobustLoki|scientist|1570
|player|p2|Shibuya Arc|101|1664
|gen|9
|tier|[Gen 9] OU
|rated|
|rule|HP Percentage Mod: HP is shown in percentages
|rule|Endless Battle Clause: Forcing endless battles is banned
|rule|Species Clause: Limit one of each Pokémon
|rule|OHKO Clause: OHKO moves are banned
|rule|Evasion Items Clause: Evasion items are banned
|rule|Evasion Moves Clause: Evasion moves are banned
|rule|Evasion Abilities Clause: Evasion abilities are banned
|rule|Sleep Moves Clause: Sleep-inducing moves are banned
|clearpoke
|poke|p1|Ninetales-Alola, F|
|poke|p1|Farigiraf, M|
|poke|p1|Gliscor, F|
|poke|p1|Hatterene, F|
|poke|p1|Ceruledge, F|
|poke|p1|Iron Crown|
|poke|p2|Dragapult, F|
|poke|p2|Dragonite, F|
|poke|p2|Ting-Lu|
|poke|p2|Weezing-Galar, F|
|poke|p2|Iron Crown|
|poke|p2|Zapdos|
|teampreview
|inactive|Battle timer is ON: inactive players will automatically lose when time's up. (requested by Shibuya Arc)
|
|t:|1758345157
|teamsize|p1|6
|teamsize|p2|6
|start
|switch|p1a: Iron Crown|Iron Crown|100/100
|switch|p2a: Ting-Lu|Ting-Lu|100/100
|-ability|p2a: Ting-Lu|Vessel of Ruin
|turn|1
|
|t:|1758345163
|-end|p1a: Iron Crown|Quark Drive|[silent]
|switch|p1a: Ryoiki Tenkai.. :|Ninetales-Alola, F|100/100
|-weather|Snowscape|[from] ability: Snow Warning|[of] p1a: Ryoiki Tenkai.. :
|move|p2a: Ting-Lu|Ruination|p1a: Ryoiki Tenkai.. :
|-damage|p1a: Ryoiki Tenkai.. :|50/100
|
|-weather|Snowscape|[upkeep]
|upkeep
|turn|2
|
|t:|1758345182
|move|p1a: Ryoiki Tenkai.. :|Encore|p2a: Ting-Lu
|-start|p2a: Ting-Lu|Encore
|move|p2a: Ting-Lu|Ruination|p1a: Ryoiki Tenkai.. :
|-damage|p1a: Ryoiki Tenkai.. :|26/100
|
|-weather|Snowscape|[upkeep]
|upkeep
|turn|3
|
|t:|1758345190
|move|p1a: Ryoiki Tenkai.. :|Aurora Veil|p1a: Ryoiki Tenkai.. :
|-sidestart|p1: RobustLoki|move: Aurora Veil
|move|p2a: Ting-Lu|Ruination|p1a: Ryoiki Tenkai.. :
|-damage|p1a: Ryoiki Tenkai.. :|13/100
|
|-weather|Snowscape|[upkeep]
|upkeep
|turn|4
|
|t:|1758345197
|move|p1a: Ryoiki Tenkai.. :|Freeze-Dry|p2a: Ting-Lu
|-supereffective|p2a: Ting-Lu
|-damage|p2a: Ting-Lu|84/100
|move|p2a: Ting-Lu|Ruination|p1a: Ryoiki Tenkai.. :
|-damage|p1a: Ryoiki Tenkai.. :|7/100
|
|-weather|Snowscape|[upkeep]
|-heal|p2a: Ting-Lu|90/100|[from] item: Leftovers
|-end|p2a: Ting-Lu|Encore
|upkeep
|turn|5
|
|t:|1758345205
|move|p1a: Ryoiki Tenkai.. :|Encore|p2a: Ting-Lu
|-start|p2a: Ting-Lu|Encore
|move|p2a: Ting-Lu|Ruination|p1a: Ryoiki Tenkai.. :
|-damage|p1a: Ryoiki Tenkai.. :|4/100
|
|-weather|none
|-heal|p2a: Ting-Lu|97/100|[from] item: Leftovers
|upkeep
|turn|6
|
|t:|1758345212
|move|p1a: Ryoiki Tenkai.. :|Snowscape|p1a: Ryoiki Tenkai.. :
|-weather|Snowscape
|move|p2a: Ting-Lu|Ruination|p1a: Ryoiki Tenkai.. :
|-damage|p1a: Ryoiki Tenkai.. :|2/100
|
|-weather|Snowscape|[upkeep]
|-heal|p2a: Ting-Lu|100/100|[from] item: Leftovers
|upkeep
|turn|7
|
|t:|1758345221
|switch|p2a: Dragonite|Dragonite, F|100/100
|move|p1a: Ryoiki Tenkai.. :|Freeze-Dry|p2a: Dragonite
|-supereffective|p2a: Dragonite
|-damage|p2a: Dragonite|59/100
|
|-weather|Snowscape|[upkeep]
|upkeep
|turn|8
|
|t:|1758345228
|switch|p1a: Deadly Sentencing|Gliscor, F|100/100
|switch|p2a: Ting-Lu|Ting-Lu|100/100
|-ability|p2a: Ting-Lu|Vessel of Ruin
|
|-weather|Snowscape|[upkeep]
|-status|p1a: Deadly Sentencing|tox|[from] item: Toxic Orb
|upkeep
|turn|9
|
|t:|1758345235
|switch|p1a: Malevolent Shrine|Ceruledge, F|100/100
|move|p2a: Ting-Lu|Ruination|p1a: Malevolent Shrine
|-damage|p1a: Malevolent Shrine|51/100
|
|-weather|Snowscape|[upkeep]
|upkeep
|turn|10
|
|t:|1758345243
|-terastallize|p1a: Malevolent Shrine|Bug
|move|p1a: Malevolent Shrine|Bulk Up|p1a: Malevolent Shrine
|-boost|p1a: Malevolent Shrine|atk|1
|-boost|p1a: Malevolent Shrine|def|1
|move|p2a: Ting-Lu|Ruination|p1a: Malevolent Shrine|[miss]
|-miss|p2a: Ting-Lu|p1a: Malevolent Shrine
|
|-weather|none
|-sideend|p1: RobustLoki|move: Aurora Veil
|upkeep
|turn|11
|
|t:|1758345250
|-terastallize|p2a: Ting-Lu|Water
|move|p1a: Malevolent Shrine|Taunt|p2a: Ting-Lu
|-start|p2a: Ting-Lu|move: Taunt
|cant|p2a: Ting-Lu|move: Taunt|Stealth Rock
|
|upkeep
|turn|12
|
|t:|1758345256
|move|p1a: Malevolent Shrine|Bulk Up|p1a: Malevolent Shrine
|-boost|p1a: Malevolent Shrine|atk|1
|-boost|p1a: Malevolent Shrine|def|1
|move|p2a: Ting-Lu|Ruination|p1a: Malevolent Shrine
|-damage|p1a: Malevolent Shrine|26/100
|
|upkeep
|turn|13
|
|t:|1758345265
|move|p1a: Malevolent Shrine|Bulk Up|p1a: Malevolent Shrine
|-boost|p1a: Malevolent Shrine|atk|1
|-boost|p1a: Malevolent Shrine|def|1
|move|p2a: Ting-Lu|Ruination|p1a: Malevolent Shrine|[miss]
|-miss|p2a: Ting-Lu|p1a: Malevolent Shrine
|
|-end|p2a: Ting-Lu|move: Taunt
|upkeep
|turn|14
|
|t:|1758345272
|move|p1a: Malevolent Shrine|Taunt|p2a: Ting-Lu
|-start|p2a: Ting-Lu|move: Taunt
|cant|p2a: Ting-Lu|move: Taunt|Whirlwind
|
|upkeep
|turn|15
|
|t:|1758345278
|move|p1a: Malevolent Shrine|Bulk Up|p1a: Malevolent Shrine
|-boost|p1a: Malevolent Shrine|atk|1
|-boost|p1a: Malevolent Shrine|def|1
|move|p2a: Ting-Lu|Ruination|p1a: Malevolent Shrine
|-damage|p1a: Malevolent Shrine|13/100
|
|upkeep
|turn|16
|
|t:|1758345285
|move|p1a: Malevolent Shrine|Bitter Blade|p2a: Ting-Lu
|-resisted|p2a: Ting-Lu
|-damage|p2a: Ting-Lu|72/100
|-heal|p1a: Malevolent Shrine|34/100|[from] drain|[of] p2a: Ting-Lu
|move|p2a: Ting-Lu|Ruination|p1a: Malevolent Shrine
|-damage|p1a: Malevolent Shrine|17/100
|
|-heal|p2a: Ting-Lu|78/100|[from] item: Leftovers
|-end|p2a: Ting-Lu|move: Taunt
|upkeep
|turn|17
|
|t:|1758345293
|move|p1a: Malevolent Shrine|Taunt|p2a: Ting-Lu
|-start|p2a: Ting-Lu|move: Taunt
|cant|p2a: Ting-Lu|move: Taunt|Whirlwind
|
|-heal|p2a: Ting-Lu|84/100|[from] item: Leftovers
|upkeep
|turn|18
|
|t:|1758345299
|switch|p2a: Dragonite|Dragonite, F|59/100
|move|p1a: Malevolent Shrine|Bulk Up|p1a: Malevolent Shrine
|-boost|p1a: Malevolent Shrine|atk|1
|-boost|p1a: Malevolent Shrine|def|1
|
|upkeep
|turn|19
|
|t:|1758345306
|move|p2a: Dragonite|Extreme Speed|p1a: Malevolent Shrine
|-damage|p1a: Malevolent Shrine|8/100
|move|p1a: Malevolent Shrine|Bitter Blade|p2a: Dragonite
|-resisted|p2a: Dragonite
|-crit|p2a: Dragonite
|-damage|p2a: Dragonite|0 fnt
|-heal|p1a: Malevolent Shrine|36/100|[from] drain|[of] p2a: Dragonite
|faint|p2a: Dragonite
|
|upkeep
|
|t:|1758345313
|switch|p2a: Zapdos|Zapdos|100/100
|turn|20
|inactive|RobustLoki has 120 seconds left.
|
|t:|1758345354
|move|p2a: Zapdos|Hurricane|p1a: Malevolent Shrine
|-supereffective|p1a: Malevolent Shrine
|-damage|p1a: Malevolent Shrine|0 fnt
|faint|p1a: Malevolent Shrine
|
|upkeep
|
|t:|1758345358
|switch|p1a: Ryoiki Tenkai.. :|Ninetales-Alola, F|2/100
|-weather|Snowscape|[from] ability: Snow Warning|[of] p1a: Ryoiki Tenkai.. :
|turn|21
|
|t:|1758345364
|move|p1a: Ryoiki Tenkai.. :|Aurora Veil|p1a: Ryoiki Tenkai.. :
|-sidestart|p1: RobustLoki|move: Aurora Veil
|move|p2a: Zapdos|Volt Switch|p1a: Ryoiki Tenkai.. :
|-damage|p1a: Ryoiki Tenkai.. :|0 fnt
|faint|p1a: Ryoiki Tenkai.. :
|
|t:|1758345371
|switch|p2a: Ting-Lu|Ting-Lu, tera:Water|84/100|[from] Volt Switch
|-ability|p2a: Ting-Lu|Vessel of Ruin
|
|-weather|Snowscape|[upkeep]
|-heal|p2a: Ting-Lu|90/100|[from] item: Leftovers
|upkeep
|
|t:|1758345375
|switch|p1a: Infinite Void|Hatterene, F|100/100
|turn|22
|
|t:|1758345382
|move|p2a: Ting-Lu|Ruination|p1a: Infinite Void
|-damage|p1a: Infinite Void|51/100
|move|p1a: Infinite Void|Calm Mind|p1a: Infinite Void
|-boost|p1a: Infinite Void|spa|1
|-boost|p1a: Infinite Void|spd|1
|
|-weather|Snowscape|[upkeep]
|-heal|p2a: Ting-Lu|97/100|[from] item: Leftovers
|-heal|p1a: Infinite Void|57/100|[from] item: Leftovers
|upkeep
|turn|23
|
|t:|1758345392
|move|p1a: Infinite Void|Calm Mind|p1a: Infinite Void
|-boost|p1a: Infinite Void|spa|1
|-boost|p1a: Infinite Void|spd|1
|move|p2a: Ting-Lu|Whirlwind|p1a: Infinite Void
|move|p1a: Infinite Void|Whirlwind|p2a: Ting-Lu|[from] ability: Magic Bounce
|drag|p2a: Weezing|Weezing-Galar, F|100/100
|-ability|p2a: Weezing|Neutralizing Gas
|
|-weather|Snowscape|[upkeep]
|-heal|p1a: Infinite Void|63/100|[from] item: Leftovers
|upkeep
|turn|24
|
|t:|1758345398
|-end|p2a: Weezing|ability: Neutralizing Gas
|switch|p2a: Ting-Lu|Ting-Lu, tera:Water|97/100
|-ability|p2a: Ting-Lu|Vessel of Ruin
|move|p1a: Infinite Void|Psyshock|p2a: Ting-Lu
|-damage|p2a: Ting-Lu|67/100
|
|-weather|Snowscape|[upkeep]
|-heal|p2a: Ting-Lu|73/100|[from] item: Leftovers
|-heal|p1a: Infinite Void|69/100|[from] item: Leftovers
|upkeep
|turn|25
|
|t:|1758345408
|move|p1a: Infinite Void|Calm Mind|p1a: Infinite Void
|-boost|p1a: Infinite Void|spa|1
|-boost|p1a: Infinite Void|spd|1
|move|p2a: Ting-Lu|Whirlwind|p1a: Infinite Void
|move|p1a: Infinite Void|Whirlwind|p2a: Ting-Lu|[from] ability: Magic Bounce
|drag|p2a: Weezing|Weezing-Galar, F|100/100
|-ability|p2a: Weezing|Neutralizing Gas
|
|-weather|none
|-heal|p1a: Infinite Void|75/100|[from] item: Leftovers
|upkeep
|turn|26
|
|t:|1758345416
|-end|p2a: Weezing|ability: Neutralizing Gas
|switch|p2a: Ting-Lu|Ting-Lu, tera:Water|73/100
|-ability|p2a: Ting-Lu|Vessel of Ruin
|move|p1a: Infinite Void|Psyshock|p2a: Ting-Lu
|-damage|p2a: Ting-Lu|33/100
|
|-heal|p2a: Ting-Lu|40/100|[from] item: Leftovers
|-heal|p1a: Infinite Void|81/100|[from] item: Leftovers
|upkeep
|turn|27
|
|t:|1758345424
|move|p1a: Infinite Void|Psyshock|p2a: Ting-Lu
|-damage|p2a: Ting-Lu|3/100
|move|p2a: Ting-Lu|Whirlwind|p1a: Infinite Void
|move|p1a: Infinite Void|Whirlwind|p2a: Ting-Lu|[from] ability: Magic Bounce
|drag|p2a: Iron Crown|Iron Crown|100/100
|
|-heal|p1a: Infinite Void|87/100|[from] item: Leftovers
|upkeep
|turn|28
|
|t:|1758345433
|move|p2a: Iron Crown|Volt Switch|p1a: Infinite Void
|-damage|p1a: Infinite Void|79/100
|c|☆RobustLoki|dayum
|
|t:|1758345441
|-end|p2a: Iron Crown|Quark Drive|[silent]
|switch|p2a: Dragapult|Dragapult, F|100/100|[from] Volt Switch
|move|p1a: Infinite Void|Mystical Fire|p2a: Dragapult
|-resisted|p2a: Dragapult
|-damage|p2a: Dragapult|61/100
|-unboost|p2a: Dragapult|spa|1
|
|-heal|p1a: Infinite Void|85/100|[from] item: Leftovers
|-sideend|p1: RobustLoki|move: Aurora Veil
|upkeep
|turn|29
|c|☆RobustLoki|7.3 sheesh
|
|t:|1758345449
|move|p2a: Dragapult|U-turn|p1a: Infinite Void
|-damage|p1a: Infinite Void|69/100
|
|t:|1758345456
|switch|p2a: Ting-Lu|Ting-Lu, tera:Water|3/100|[from] U-turn
|-ability|p2a: Ting-Lu|Vessel of Ruin
|move|p1a: Infinite Void|Draining Kiss|p2a: Ting-Lu
|-damage|p2a: Ting-Lu|0 fnt
|-heal|p1a: Infinite Void|73/100|[from] drain|[of] p2a: Ting-Lu
|faint|p2a: Ting-Lu
|
|-heal|p1a: Infinite Void|79/100|[from] item: Leftovers
|upkeep
|
|t:|1758345464
|switch|p2a: Iron Crown|Iron Crown|100/100
|turn|30
|j| Ctannn
|
|t:|1758345470
|move|p2a: Iron Crown|Tachyon Cutter|p1a: Infinite Void
|-supereffective|p1a: Infinite Void
|-damage|p1a: Infinite Void|46/100
|-supereffective|p1a: Infinite Void
|-damage|p1a: Infinite Void|13/100
|-hitcount|p1a: Infinite Void|2
|move|p1a: Infinite Void|Mystical Fire|p2a: Iron Crown
|-supereffective|p2a: Iron Crown
|-damage|p2a: Iron Crown|0 fnt
|faint|p2a: Iron Crown
|-end|p2a: Iron Crown|Quark Drive|[silent]
|
|-heal|p1a: Infinite Void|19/100|[from] item: Leftovers
|upkeep
|
|t:|1758345479
|switch|p2a: Dragapult|Dragapult, F|61/100
|turn|31
|c|☆RobustLoki|did more than expected i aint gon cap
|
|t:|1758345485
|move|p2a: Dragapult|Hex|p1a: Infinite Void
|-supereffective|p1a: Infinite Void
|-damage|p1a: Infinite Void|0 fnt
|faint|p1a: Infinite Void
|
|upkeep
|
|t:|1758345490
|switch|p1a: Idle Death Gamble.|Farigiraf, M|100/100
|turn|32
|
|t:|1758345497
|move|p2a: Dragapult|Hex|p1a: Idle Death Gamble.
|-immune|p1a: Idle Death Gamble.
|move|p1a: Idle Death Gamble.|Agility|p1a: Idle Death Gamble.
|-boost|p1a: Idle Death Gamble.|spe|2
|
|upkeep
|turn|33
|
|t:|1758345511
|move|p1a: Idle Death Gamble.|Nasty Plot|p1a: Idle Death Gamble.
|-boost|p1a: Idle Death Gamble.|spa|2
|move|p2a: Dragapult|Hex|p1a: Idle Death Gamble.
|-immune|p1a: Idle Death Gamble.
|
|upkeep
|turn|34
|
|t:|1758345533
|move|p1a: Idle Death Gamble.|Nasty Plot|p1a: Idle Death Gamble.
|-boost|p1a: Idle Death Gamble.|spa|2
|move|p2a: Dragapult|U-turn|p1a: Idle Death Gamble.
|-supereffective|p1a: Idle Death Gamble.
|-damage|p1a: Idle Death Gamble.|52/100
|-enditem|p1a: Idle Death Gamble.|Weakness Policy
|-boost|p1a: Idle Death Gamble.|atk|2|[from] item: Weakness Policy
|-boost|p1a: Idle Death Gamble.|spa|2|[from] item: Weakness Policy
|c|☆RobustLoki|stay plottin gang
|
|t:|1758345543
|switch|p2a: Weezing|Weezing-Galar, F|100/100|[from] U-turn
|-ability|p2a: Weezing|Neutralizing Gas
|
|upkeep
|turn|35
|
|t:|1758345549
|-end|p2a: Weezing|ability: Neutralizing Gas
|switch|p2a: Zapdos|Zapdos|100/100
|move|p1a: Idle Death Gamble.|Stored Power|p2a: Zapdos
|-damage|p2a: Zapdos|0 fnt
|faint|p2a: Zapdos
|
|upkeep
|
|t:|1758345556
|switch|p2a: Dragapult|Dragapult, F|61/100
|turn|36
|
|t:|1758345562
|move|p1a: Idle Death Gamble.|Stored Power|p2a: Dragapult
|-damage|p2a: Dragapult|0 fnt
|faint|p2a: Dragapult
|
|upkeep
|
|t:|1758345568
|switch|p2a: Weezing|Weezing-Galar, F|100/100
|-ability|p2a: Weezing|Neutralizing Gas
|turn|37
|c|☆RobustLoki|stay sharp, stay plottin
|
|t:|1758345572
|move|p1a: Idle Death Gamble.|Stored Power|p2a: Weezing
|-supereffective|p2a: Weezing
|-damage|p2a: Weezing|0 fnt
|faint|p2a: Weezing
|-end|p2a: Weezing|ability: Neutralizing Gas
|
|win|RobustLoki
|raw|RobustLoki's rating: 1570 &rarr; <strong>1595</strong><br />(+25 for winning)
|raw|Shibuya Arc's rating: 1664 &rarr; <strong>1639</strong><br />(-25 for losing)
|c|☆RobustLoki|gg
|l|☆Shibuya Arc
|player|p2|
|l| Ctannn
|j| Shucklepilled
|l| Shucklepilled
|c|☆RobustLoki|always bet on hakari
|l|☆RobustLoki
|player|p1|
