|j|☆zhuangmou
|j|☆Lechonkworshipper
|t:|1758254988
|gametype|singles
|player|p1|zhuangmou|red|1587
|player|p2|Lechonkworshipper|beauty-gen4dp|1486
|gen|9
|tier|[Gen 9] OU
|rated|
|rule|HP Percentage Mod: HP is shown in percentages
|rule|Endless Battle Clause: Forcing endless battles is banned
|rule|Species Clause: Limit one of each Pokémon
|rule|OHKO Clause: OHKO moves are banned
|rule|Evasion Items Clause: Evasion items are banned
|rule|Evasion Moves Clause: Evasion moves are banned
|rule|Evasion Abilities Clause: Evasion abilities are banned
|rule|Sleep Moves Clause: Sleep-inducing moves are banned
|clearpoke
|poke|p1|Darkrai|
|poke|p1|Iron Hands|
|poke|p1|Landorus-Therian, M|
|poke|p1|Dragapult, F|
|poke|p1|Heatran, M|
|poke|p1|Primarina, F|
|poke|p2|Dragapult, F|
|poke|p2|Kingambit, F|
|poke|p2|Iron Crown|
|poke|p2|Samurott-Hisui, M|
|poke|p2|Primarina, M|
|poke|p2|Landorus-Therian, M|
|teampreview
|inactive|Battle timer is ON: inactive players will automatically lose when time's up. (requested by Lechonkworshipper)
|inactive|zhuangmou also wants the timer to be on.
|inactive|zhuangmou has 120 seconds left.
|
|t:|1758255024
|teamsize|p1|6
|teamsize|p2|6
|start
|switch|p1a: Dragapult|Dragapult, F|100/100
|switch|p2a: Primarina|Primarina, M|100/100
|turn|1
|
|t:|1758255031
|move|p1a: Dragapult|U-turn|p2a: Primarina
|-resisted|p2a: Primarina
|-damage|p2a: Primarina|78/100
|
|t:|1758255035
|switch|p1a: Primarina|Primarina, F|100/100|[from] U-turn
|move|p2a: Primarina|Flip Turn|p1a: Primarina
|-resisted|p1a: Primarina
|-damage|p1a: Primarina|91/100
|
|t:|1758255048
|switch|p2a: Iron Crown|Iron Crown|100/100|[from] Flip Turn
|
|upkeep
|turn|2
|
|t:|1758255053
|switch|p1a: Heatran|Heatran, M|100/100
|move|p2a: Iron Crown|Future Sight|p1a: Heatran
|-start|p2a: Iron Crown|move: Future Sight
|
|upkeep
|turn|3
|
|t:|1758255072
|move|p2a: Iron Crown|Volt Switch|p1a: Heatran
|-damage|p1a: Heatran|82/100
|
|t:|1758255076
|-end|p2a: Iron Crown|Quark Drive|[silent]
|switch|p2a: Samurott|Samurott-Hisui, M|100/100|[from] Volt Switch
|move|p1a: Heatran|Earth Power|p2a: Samurott
|-damage|p2a: Samurott|54/100
|
|-heal|p1a: Heatran|88/100|[from] item: Leftovers
|upkeep
|turn|4
|
|t:|1758255086
|move|p1a: Heatran|Protect|p1a: Heatran
|-singleturn|p1a: Heatran|Protect
|move|p2a: Samurott|Knock Off|p1a: Heatran
|-activate|p1a: Heatran|move: Protect
|
|-end|p1a: Heatran|move: Future Sight
|-resisted|p1a: Heatran
|-damage|p1a: Heatran|65/100
|-heal|p1a: Heatran|71/100|[from] item: Leftovers
|upkeep
|turn|5
|inactive|zhuangmou has 120 seconds left.
|
|t:|1758255123
|switch|p1a: Landorus|Landorus-Therian, M|100/100
|-ability|p1a: Landorus|Intimidate|boost
|-unboost|p2a: Samurott|atk|1
|move|p2a: Samurott|Razor Shell|p1a: Landorus
|-supereffective|p1a: Landorus
|-damage|p1a: Landorus|47/100
|-damage|p2a: Samurott|38/100|[from] item: Rocky Helmet|[of] p1a: Landorus
|
|upkeep
|turn|6
|inactive|zhuangmou has 120 seconds left.
|
|t:|1758255144
|switch|p2a: Landorus|Landorus-Therian, M|100/100
|-ability|p2a: Landorus|Intimidate|boost
|-unboost|p1a: Landorus|atk|1
|move|p1a: Landorus|U-turn|p2a: Landorus
|-resisted|p2a: Landorus
|-damage|p2a: Landorus|95/100
|-damage|p1a: Landorus|31/100|[from] item: Rocky Helmet|[of] p2a: Landorus
|
|t:|1758255152
|switch|p1a: Darkrai|Darkrai|100/100|[from] U-turn
|
|upkeep
|turn|7
|
|t:|1758255163
|switch|p2a: Samurott|Samurott-Hisui, M|38/100
|move|p1a: Darkrai|Sludge Bomb|p2a: Samurott
|-damage|p2a: Samurott|0 fnt
|faint|p2a: Samurott
|
|upkeep
|
|t:|1758255170
|switch|p2a: Dragapult|Dragapult, F, shiny|100/100
|turn|8
|
|t:|1758255176
|switch|p1a: Landorus|Landorus-Therian, M|31/100
|-ability|p1a: Landorus|Intimidate|boost
|-fail|p2a: Dragapult|unboost|[from] ability: Clear Body|[of] p2a: Dragapult
|move|p2a: Dragapult|U-turn|p1a: Landorus
|-resisted|p1a: Landorus
|-damage|p1a: Landorus|18/100
|-damage|p2a: Dragapult|84/100|[from] item: Rocky Helmet|[of] p1a: Landorus
|
|t:|1758255180
|switch|p2a: Landorus|Landorus-Therian, M|95/100|[from] U-turn
|-ability|p2a: Landorus|Intimidate|boost
|-unboost|p1a: Landorus|atk|1
|
|upkeep
|turn|9
|
|t:|1758255186
|move|p2a: Landorus|Stealth Rock|p1a: Landorus
|-sidestart|p1: zhuangmou|move: Stealth Rock
|move|p1a: Landorus|U-turn|p2a: Landorus
|-resisted|p2a: Landorus
|-damage|p2a: Landorus|89/100
|-damage|p1a: Landorus|2/100|[from] item: Rocky Helmet|[of] p2a: Landorus
|inactive|zhuangmou has 120 seconds left.
|inactive|zhuangmou has 90 seconds left.
|
|t:|1758255255
|switch|p1a: Darkrai|Darkrai|100/100|[from] U-turn
|
|upkeep
|turn|10
|
|t:|1758255267
|move|p1a: Darkrai|Sludge Bomb|p2a: Landorus
|-resisted|p2a: Landorus
|-damage|p2a: Landorus|73/100
|-status|p2a: Landorus|psn
|move|p2a: Landorus|U-turn|p1a: Darkrai
|-supereffective|p1a: Darkrai
|-damage|p1a: Darkrai|39/100
|
|t:|1758255274
|switch|p2a: Dragapult|Dragapult, F, shiny|84/100|[from] U-turn
|
|upkeep
|turn|11
|
|t:|1758255277
|switch|p1a: Landorus|Landorus-Therian, M|2/100
|-damage|p1a: Landorus|0 fnt|[from] Stealth Rock
|faint|p1a: Landorus
|move|p2a: Dragapult|U-turn|p1: Landorus|[notarget]
|-fail|p2a: Dragapult
|
|upkeep
|inactive|zhuangmou has 60 seconds left.
|
|t:|1758255320
|switch|p1a: Primarina|Primarina, F|91/100
|-damage|p1a: Primarina|79/100|[from] Stealth Rock
|turn|12
|
|t:|1758255325
|move|p2a: Dragapult|U-turn|p1a: Primarina
|-resisted|p1a: Primarina
|-damage|p1a: Primarina|59/100
|
|t:|1758255328
|switch|p2a: Iron Crown|Iron Crown|100/100|[from] U-turn
|move|p1a: Primarina|Flip Turn|p2a: Iron Crown
|-damage|p2a: Iron Crown|86/100
|inactive|zhuangmou has 60 seconds left.
|
|t:|1758255344
|switch|p1a: Darkrai|Darkrai|39/100|[from] Flip Turn
|
|upkeep
|turn|13
|
|t:|1758255351
|-end|p2a: Iron Crown|Quark Drive|[silent]
|switch|p2a: Landorus|Landorus-Therian, M|73/100 psn
|-ability|p2a: Landorus|Intimidate|boost
|-unboost|p1a: Darkrai|atk|1
|move|p1a: Darkrai|Dark Pulse|p2a: Landorus
|-damage|p2a: Landorus|29/100 psn
|
|-damage|p2a: Landorus|16/100 psn|[from] psn
|upkeep
|turn|14
|inactive|zhuangmou has 60 seconds left.
|
|t:|1758255361
|move|p1a: Darkrai|Sludge Bomb|p2a: Landorus
|-resisted|p2a: Landorus
|-damage|p2a: Landorus|0 fnt
|faint|p2a: Landorus
|
|upkeep
|
|t:|1758255364
|switch|p2a: Dragapult|Dragapult, F, shiny|84/100
|turn|15
|inactive|zhuangmou has 60 seconds left.
|
|t:|1758255383
|switch|p1a: Dragapult|Dragapult, F|100/100
|-damage|p1a: Dragapult|88/100|[from] Stealth Rock
|move|p2a: Dragapult|U-turn|p1a: Dragapult
|-resisted|p1a: Dragapult
|-damage|p1a: Dragapult|66/100
|
|t:|1758255389
|switch|p2a: Primarina|Primarina, M|78/100|[from] U-turn
|
|upkeep
|turn|16
|
|t:|1758255396
|-terastallize|p1a: Dragapult|Ghost
|move|p1a: Dragapult|Tera Blast|p2a: Primarina|[anim] Tera Blast Ghost
|-damage|p2a: Primarina|0 fnt
|faint|p2a: Primarina
|
|upkeep
|
|t:|1758255401
|switch|p2a: Kingambit|Kingambit, F|100/100
|-activate|p2a: Kingambit|ability: Supreme Overlord
|-start|p2a: Kingambit|fallen3|[silent]
|turn|17
|
|t:|1758255407
|switch|p1a: Iron Hands|Iron Hands|100/100
|-damage|p1a: Iron Hands|94/100|[from] Stealth Rock
|-enditem|p1a: Iron Hands|Booster Energy
|-activate|p1a: Iron Hands|ability: Quark Drive|[fromitem]
|-start|p1a: Iron Hands|quarkdriveatk
|move|p2a: Kingambit|Swords Dance|p2a: Kingambit
|-boost|p2a: Kingambit|atk|2
|
|upkeep
|turn|18
|inactive|zhuangmou has 90 seconds left.
|
|t:|1758255416
|-end|p2a: Kingambit|fallen3|[silent]
|switch|p2a: Iron Crown|Iron Crown|86/100
|move|p1a: Iron Hands|Drain Punch|p2a: Iron Crown
|-damage|p2a: Iron Crown|19/100
|-heal|p1a: Iron Hands|100/100|[from] drain|[of] p2a: Iron Crown
|
|upkeep
|turn|19
|inactive|zhuangmou has 90 seconds left.
|
|t:|1758255435
|-end|p1a: Iron Hands|Quark Drive|[silent]
|switch|p1a: Heatran|Heatran, M|71/100
|-damage|p1a: Heatran|59/100|[from] Stealth Rock
|move|p2a: Iron Crown|Future Sight|p1a: Heatran
|-start|p2a: Iron Crown|move: Future Sight
|
|-heal|p1a: Heatran|65/100|[from] item: Leftovers
|upkeep
|turn|20
|
|t:|1758255439
|move|p2a: Iron Crown|Focus Blast|p1a: Heatran|[miss]
|-miss|p2a: Iron Crown|p1a: Heatran
|move|p1a: Heatran|Earth Power|p2a: Iron Crown
|-supereffective|p2a: Iron Crown
|-damage|p2a: Iron Crown|0 fnt
|faint|p2a: Iron Crown
|-end|p2a: Iron Crown|Quark Drive|[silent]
|
|-heal|p1a: Heatran|71/100|[from] item: Leftovers
|upkeep
|
|t:|1758255445
|switch|p2a: Kingambit|Kingambit, F|100/100
|-activate|p2a: Kingambit|ability: Supreme Overlord
|-start|p2a: Kingambit|fallen4|[silent]
|turn|21
|
|t:|1758255448
|move|p2a: Kingambit|Kowtow Cleave|p1a: Heatran
|-damage|p1a: Heatran|11/100
|move|p1a: Heatran|Magma Storm|p2a: Kingambit
|-supereffective|p2a: Kingambit
|-damage|p2a: Kingambit|0 fnt
|faint|p2a: Kingambit
|-end|p2a: Kingambit|fallen4|[silent]
|
|-end|p1a: Heatran|move: Future Sight
|-resisted|p1a: Heatran
|-damage|p1a: Heatran|0 fnt
|faint|p1a: Heatran
|upkeep
|
|t:|1758255456
|switch|p2a: Dragapult|Dragapult, F, shiny|84/100
|switch|p1a: Dragapult|Dragapult, F, tera:Ghost|66/100
|-damage|p1a: Dragapult|53/100|[from] Stealth Rock
|turn|22
|
|t:|1758255459
|-terastallize|p2a: Dragapult|Ghost
|move|p1a: Dragapult|Sucker Punch|p2a: Dragapult
|-supereffective|p2a: Dragapult
|-damage|p2a: Dragapult|0 fnt
|faint|p2a: Dragapult
|
|win|zhuangmou
|raw|zhuangmou's rating: 1587 &rarr; <strong>1601</strong><br />(+14 for winning)
|raw|Lechonkworshipper's rating: 1486 &rarr; <strong>1472</strong><br />(-14 for losing)
|l|☆Lechonkworshipper
|player|p2|
|l|☆zhuangmou
|player|p1|
