|j|☆bishop1
|j|☆Stelazine
|t:|1758270275
|gametype|singles
|player|p1|bishop1|265|1434
|player|p2|Stelazine|benga|1397
|gen|9
|tier|[Gen 9] OU
|rated|
|rule|HP Percentage Mod: HP is shown in percentages
|rule|Endless Battle Clause: Forcing endless battles is banned
|rule|Species Clause: Limit one of each Pokémon
|rule|OHKO Clause: OHKO moves are banned
|rule|Evasion Items Clause: Evasion items are banned
|rule|Evasion Moves Clause: Evasion moves are banned
|rule|Evasion Abilities Clause: Evasion abilities are banned
|rule|Sleep Moves Clause: Sleep-inducing moves are banned
|clearpoke
|poke|p1|Zamazenta-*|
|poke|p1|Ninetales-Alola, F|
|poke|p1|Darkrai|
|poke|p1|Ceruledge, M|
|poke|p1|Gliscor, M|
|poke|p1|Hatterene, F|
|poke|p2|Meowscarada, M|
|poke|p2|Frosmoth, F|
|poke|p2|Weezing-Galar, M|
|poke|p2|Sinistcha-Masterpiece|
|poke|p2|Ting-Lu|
|poke|p2|Alomomola, F|
|teampreview
|inactive|Battle timer is ON: inactive players will automatically lose when time's up. (requested by Stelazine)
|
|t:|1758270287
|teamsize|p1|6
|teamsize|p2|6
|start
|switch|p1a: Ninetales|Ninetales-Alola, F|100/100
|switch|p2a: Frosmoth|Frosmoth, F|100/100
|-weather|Snowscape|[from] ability: Snow Warning|[of] p1a: Ninetales
|turn|1
|
|t:|1758270289
|move|p1a: Ninetales|Aurora Veil|p1a: Ninetales
|-sidestart|p1: bishop1|move: Aurora Veil
|move|p2a: Frosmoth|Substitute|p2a: Frosmoth
|-start|p2a: Frosmoth|Substitute
|-damage|p2a: Frosmoth|76/100
|
|-weather|Snowscape|[upkeep]
|-heal|p2a: Frosmoth|82/100|[from] item: Leftovers
|upkeep
|turn|2
|
|t:|1758270293
|move|p1a: Ninetales|Encore|p2a: Frosmoth
|-start|p2a: Frosmoth|Encore
|move|p2a: Frosmoth|Substitute|p2a: Frosmoth
|-fail|p2a: Frosmoth|move: Substitute
|
|-weather|Snowscape|[upkeep]
|-heal|p2a: Frosmoth|88/100|[from] item: Leftovers
|upkeep
|turn|3
|
|t:|1758270299
|switch|p1a: Ceruledge|Ceruledge, M|100/100
|move|p2a: Frosmoth|Substitute|p2a: Frosmoth
|-fail|p2a: Frosmoth|move: Substitute
|
|-weather|Snowscape|[upkeep]
|-heal|p2a: Frosmoth|94/100|[from] item: Leftovers
|upkeep
|turn|4
|
|t:|1758270302
|switch|p2a: Ting-Lu|Ting-Lu|100/100
|-ability|p2a: Ting-Lu|Vessel of Ruin
|move|p1a: Ceruledge|Bulk Up|p1a: Ceruledge
|-boost|p1a: Ceruledge|atk|1
|-boost|p1a: Ceruledge|def|1
|
|-weather|Snowscape|[upkeep]
|upkeep
|turn|5
|
|t:|1758270304
|move|p1a: Ceruledge|Taunt|p2a: Ting-Lu
|-start|p2a: Ting-Lu|move: Taunt
|cant|p2a: Ting-Lu|move: Taunt|Whirlwind
|
|-weather|none
|upkeep
|turn|6
|
|t:|1758270316
|switch|p2a: Weezing|Weezing-Galar, M|100/100
|-ability|p2a: Weezing|Neutralizing Gas
|move|p1a: Ceruledge|Bulk Up|p1a: Ceruledge
|-boost|p1a: Ceruledge|atk|1
|-boost|p1a: Ceruledge|def|1
|
|upkeep
|turn|7
|
|t:|1758270320
|move|p1a: Ceruledge|Taunt|p2a: Weezing
|-start|p2a: Weezing|move: Taunt
|cant|p2a: Weezing|move: Taunt|Defog
|
|upkeep
|turn|8
|
|t:|1758270324
|move|p1a: Ceruledge|Bulk Up|p1a: Ceruledge
|-boost|p1a: Ceruledge|atk|1
|-boost|p1a: Ceruledge|def|1
|move|p2a: Weezing|Strange Steam|p1a: Ceruledge
|-resisted|p1a: Ceruledge
|-damage|p1a: Ceruledge|95/100
|
|-sideend|p1: bishop1|move: Aurora Veil
|upkeep
|turn|9
|
|t:|1758270329
|move|p1a: Ceruledge|Bulk Up|p1a: Ceruledge
|-boost|p1a: Ceruledge|atk|1
|-boost|p1a: Ceruledge|def|1
|move|p2a: Weezing|Strange Steam|p1a: Ceruledge
|-resisted|p1a: Ceruledge
|-damage|p1a: Ceruledge|84/100
|
|-end|p2a: Weezing|move: Taunt
|upkeep
|turn|10
|
|t:|1758270339
|-end|p2a: Weezing|ability: Neutralizing Gas
|switch|p2a: Alomomola|Alomomola, F|100/100
|move|p1a: Ceruledge|Taunt|p2a: Alomomola
|-start|p2a: Alomomola|move: Taunt
|
|upkeep
|turn|11
|
|t:|1758270344
|move|p1a: Ceruledge|Bulk Up|p1a: Ceruledge
|-boost|p1a: Ceruledge|atk|1
|-boost|p1a: Ceruledge|def|1
|move|p2a: Alomomola|Flip Turn|p1a: Ceruledge
|-supereffective|p1a: Ceruledge
|-damage|p1a: Ceruledge|74/100
|
|t:|1758270348
|switch|p2a: Meowscarada|Meowscarada, M|100/100|[from] Flip Turn
|
|upkeep
|turn|12
|
|t:|1758270354
|move|p2a: Meowscarada|Knock Off|p1a: Ceruledge
|-start|p2a: Meowscarada|typechange|Dark|[from] ability: Protean
|-supereffective|p1a: Ceruledge
|-damage|p1a: Ceruledge|33/100
|-enditem|p1a: Ceruledge|Covert Cloak|[from] move: Knock Off|[of] p2a: Meowscarada
|move|p1a: Ceruledge|Bitter Blade|p2a: Meowscarada
|-damage|p2a: Meowscarada|0 fnt
|-heal|p1a: Ceruledge|74/100|[from] drain|[of] p2a: Meowscarada
|faint|p2a: Meowscarada
|
|upkeep
|
|t:|1758270365
|switch|p2a: Ting-Lu|Ting-Lu|100/100
|-ability|p2a: Ting-Lu|Vessel of Ruin
|turn|13
|
|t:|1758270367
|move|p1a: Ceruledge|Taunt|p2a: Ting-Lu
|-start|p2a: Ting-Lu|move: Taunt
|move|p2a: Ting-Lu|Earthquake|p1a: Ceruledge
|-supereffective|p1a: Ceruledge
|-damage|p1a: Ceruledge|52/100
|
|upkeep
|turn|14
|
|t:|1758270371
|move|p1a: Ceruledge|Bitter Blade|p2a: Ting-Lu
|-damage|p2a: Ting-Lu|25/100
|-heal|p1a: Ceruledge|100/100|[from] drain|[of] p2a: Ting-Lu
|move|p2a: Ting-Lu|Ruination|p1a: Ceruledge
|-damage|p1a: Ceruledge|51/100
|
|-heal|p2a: Ting-Lu|31/100|[from] item: Leftovers
|upkeep
|turn|15
|-message|Stelazine forfeited.
|
|win|bishop1
|raw|bishop1's rating: 1434 &rarr; <strong>1452</strong><br />(+18 for winning)
|raw|Stelazine's rating: 1397 &rarr; <strong>1379</strong><br />(-18 for losing)
|l|☆Stelazine
|player|p2|
|l|☆bishop1
|player|p1|
