|j|‽Alastor_D
|j|☆Chronos556
|t:|1758341070
|gametype|singles
|player|p1|Alastor_D|alder|1462
|player|p2|Chronos556|veteran|1448
|gen|9
|tier|[Gen 9] OU
|rated|
|rule|HP Percentage Mod: HP is shown in percentages
|rule|Endless Battle Clause: Forcing endless battles is banned
|rule|Species Clause: Limit one of each Pokémon
|rule|OHKO Clause: OHKO moves are banned
|rule|Evasion Items Clause: Evasion items are banned
|rule|Evasion Moves Clause: Evasion moves are banned
|rule|Evasion Abilities Clause: Evasion abilities are banned
|rule|Sleep Moves Clause: Sleep-inducing moves are banned
|clearpoke
|poke|p1|Samurott-Hisui, F|
|poke|p1|Great Tusk|
|poke|p1|Volcanion|
|poke|p1|Hydrapple, M|
|poke|p1|Gholdengo|
|poke|p1|Landorus-Therian, M|
|poke|p2|Raging Bolt|
|poke|p2|Ogerpon-Wellspring, F|
|poke|p2|Ting-Lu|
|poke|p2|Zamazenta-*|
|poke|p2|Iron Crown|
|poke|p2|Forretress, M|
|teampreview
|inactive|Battle timer is ON: inactive players will automatically lose when time's up. (requested by Chronos556)
|
|t:|1758341084
|teamsize|p1|6
|teamsize|p2|6
|start
|switch|p1a: Samurott|Samurott-Hisui, F|100/100
|switch|p2a: Bonk|Ogerpon-Wellspring, F|100/100
|turn|1
|
|t:|1758341092
|switch|p1a: Volcanion|Volcanion|100/100
|move|p2a: Bonk|Wood Hammer|p1a: Volcanion
|-damage|p1a: Volcanion|35/100
|-damage|p2a: Bonk|75/100|[from] Recoil
|
|upkeep
|turn|2
|
|t:|1758341107
|switch|p1a: Hydrapple|Hydrapple, M|100/100
|move|p2a: Bonk|U-turn|p1a: Hydrapple
|-supereffective|p1a: Hydrapple
|-crit|p1a: Hydrapple
|-damage|p1a: Hydrapple|47/100
|-damage|p2a: Bonk|58/100|[from] item: Rocky Helmet|[of] p1a: Hydrapple
|
|t:|1758341121
|switch|p2a: Ps5|Iron Crown|100/100|[from] U-turn
|
|upkeep
|turn|3
|
|t:|1758341133
|move|p2a: Ps5|Tachyon Cutter|p1a: Hydrapple
|-damage|p1a: Hydrapple|22/100
|-damage|p1a: Hydrapple|0 fnt
|faint|p1a: Hydrapple
|-hitcount|p1: Hydrapple|2
|
|upkeep
|
|t:|1758341140
|switch|p1a: Great Tusk|Great Tusk|100/100
|turn|4
|
|t:|1758341155
|-end|p2a: Ps5|Quark Drive|[silent]
|switch|p2a: Beef|Ting-Lu|100/100
|-ability|p2a: Beef|Vessel of Ruin
|move|p1a: Great Tusk|Headlong Rush|p2a: Beef
|-damage|p2a: Beef|59/100
|-unboost|p1a: Great Tusk|def|1
|-unboost|p1a: Great Tusk|spd|1
|
|-heal|p2a: Beef|65/100|[from] item: Leftovers
|upkeep
|turn|5
|
|t:|1758341166
|switch|p2a: Ps5|Iron Crown|100/100
|move|p1a: Great Tusk|Stealth Rock|p2a: Ps5
|-sidestart|p2: Chronos556|move: Stealth Rock
|
|upkeep
|turn|6
|
|t:|1758341175
|-end|p1a: Great Tusk|Protosynthesis|[silent]
|switch|p1a: Samurott|Samurott-Hisui, F|100/100
|move|p2a: Ps5|Tachyon Cutter|p1a: Samurott
|-resisted|p1a: Samurott
|-damage|p1a: Samurott|90/100
|-resisted|p1a: Samurott
|-damage|p1a: Samurott|80/100
|-hitcount|p1a: Samurott|2
|
|upkeep
|turn|7
|
|t:|1758341184
|-end|p2a: Ps5|Quark Drive|[silent]
|switch|p2a: Bonk|Ogerpon-Wellspring, F|58/100
|-damage|p2a: Bonk|46/100|[from] Stealth Rock
|move|p1a: Samurott|Ceaseless Edge|p2a: Bonk
|-damage|p2a: Bonk|0 fnt
|-sidestart|p2: Chronos556|Spikes
|faint|p2a: Bonk
|
|upkeep
|
|t:|1758341195
|switch|p2a: Gerald|Raging Bolt|100/100
|-damage|p2a: Gerald|88/100|[from] Stealth Rock
|-damage|p2a: Gerald|76/100|[from] Spikes
|turn|8
|
|t:|1758341211
|move|p1a: Samurott|Ceaseless Edge|p2a: Gerald
|-damage|p2a: Gerald|43/100
|-sidestart|p2: Chronos556|Spikes
|move|p2a: Gerald|Draco Meteor|p1a: Samurott
|-damage|p1a: Samurott|22/100
|-unboost|p2a: Gerald|spa|2
|
|-heal|p2a: Gerald|50/100|[from] item: Leftovers
|upkeep
|turn|9
|
|t:|1758341223
|move|p1a: Samurott|Sucker Punch|p2a: Gerald
|-damage|p2a: Gerald|24/100
|move|p2a: Gerald|Thunderclap||[still]
|-fail|p2a: Gerald
|
|-heal|p2a: Gerald|30/100|[from] item: Leftovers
|upkeep
|turn|10
|
|t:|1758341231
|-end|p2a: Gerald|Protosynthesis|[silent]
|switch|p2a: Wallnut|Forretress, M, shiny|100/100
|-damage|p2a: Wallnut|88/100|[from] Stealth Rock
|-damage|p2a: Wallnut|72/100|[from] Spikes
|move|p1a: Samurott|Ceaseless Edge|p2a: Wallnut
|-damage|p2a: Wallnut|44/100
|-sidestart|p2: Chronos556|Spikes
|
|-heal|p2a: Wallnut|50/100|[from] item: Leftovers
|upkeep
|turn|11
|
|t:|1758341242
|switch|p1a: Gholdengo|Gholdengo|100/100
|-item|p1a: Gholdengo|Air Balloon
|move|p2a: Wallnut|Volt Switch|p1a: Gholdengo
|-damage|p1a: Gholdengo|91/100
|-enditem|p1a: Gholdengo|Air Balloon
|
|t:|1758341248
|switch|p2a: Beef|Ting-Lu|65/100|[from] Volt Switch
|-damage|p2a: Beef|59/100|[from] Stealth Rock
|-damage|p2a: Beef|34/100|[from] Spikes
|-ability|p2a: Beef|Vessel of Ruin
|
|-heal|p2a: Beef|41/100|[from] item: Leftovers
|upkeep
|turn|12
|
|t:|1758341262
|switch|p1a: Landorus|Landorus-Therian, M|100/100
|-ability|p1a: Landorus|Intimidate|boost
|-unboost|p2a: Beef|atk|1
|move|p2a: Beef|Earthquake|p1a: Landorus
|-immune|p1a: Landorus
|
|-heal|p2a: Beef|47/100|[from] item: Leftovers
|upkeep
|turn|13
|
|t:|1758341277
|move|p1a: Landorus|U-turn|p2a: Beef
|-supereffective|p2a: Beef
|-damage|p2a: Beef|13/100
|
|t:|1758341280
|switch|p1a: Gholdengo|Gholdengo|91/100|[from] U-turn
|move|p2a: Beef|Stealth Rock|p1a: Gholdengo
|-sidestart|p1: Alastor_D|move: Stealth Rock
|
|-heal|p2a: Beef|19/100|[from] item: Leftovers
|upkeep
|turn|14
|
|t:|1758341290
|move|p1a: Gholdengo|Make It Rain|p2a: Beef
|-damage|p2a: Beef|0 fnt
|-unboost|p1a: Gholdengo|spa|1
|faint|p2a: Beef
|
|upkeep
|
|t:|1758341303
|switch|p2a: Shieldoge|Zamazenta|100/100
|-damage|p2a: Shieldoge|94/100|[from] Stealth Rock
|-damage|p2a: Shieldoge|69/100|[from] Spikes
|-ability|p2a: Shieldoge|Dauntless Shield|boost
|-boost|p2a: Shieldoge|def|1
|turn|15
|
|t:|1758341315
|switch|p1a: Landorus|Landorus-Therian, M|100/100
|-damage|p1a: Landorus|88/100|[from] Stealth Rock
|-ability|p1a: Landorus|Intimidate|boost
|-unboost|p2a: Shieldoge|atk|1
|move|p2a: Shieldoge|Crunch|p1a: Landorus
|-damage|p1a: Landorus|67/100
|
|upkeep
|turn|16
|
|t:|1758341324
|-terastallize|p1a: Landorus|Flying
|move|p1a: Landorus|Tera Blast|p2a: Shieldoge|[anim] Tera Blast Flying
|-supereffective|p2a: Shieldoge
|-damage|p2a: Shieldoge|12/100
|move|p2a: Shieldoge|Iron Defense|p2a: Shieldoge
|-boost|p2a: Shieldoge|def|2
|
|upkeep
|turn|17
|
|t:|1758341333
|move|p1a: Landorus|Tera Blast|p2a: Shieldoge|[anim] Tera Blast Flying
|-supereffective|p2a: Shieldoge
|-damage|p2a: Shieldoge|0 fnt
|faint|p2a: Shieldoge
|
|upkeep
|
|t:|1758341337
|switch|p2a: Ps5|Iron Crown|100/100
|-damage|p2a: Ps5|95/100|[from] Stealth Rock
|-damage|p2a: Ps5|70/100|[from] Spikes
|turn|18
|
|t:|1758341343
|move|p1a: Landorus|Tera Blast|p2a: Ps5|[anim] Tera Blast Flying
|-resisted|p2a: Ps5
|-damage|p2a: Ps5|36/100
|move|p2a: Ps5|Volt Switch|p1a: Landorus
|-supereffective|p1a: Landorus
|-damage|p1a: Landorus|0 fnt
|faint|p1a: Landorus
|
|t:|1758341347
|-end|p2a: Ps5|Quark Drive|[silent]
|switch|p2a: Wallnut|Forretress, M, shiny|50/100|[from] Volt Switch
|-damage|p2a: Wallnut|37/100|[from] Stealth Rock
|-damage|p2a: Wallnut|12/100|[from] Spikes
|
|-heal|p2a: Wallnut|19/100|[from] item: Leftovers
|upkeep
|
|t:|1758341358
|switch|p1a: Gholdengo|Gholdengo|91/100
|-damage|p1a: Gholdengo|85/100|[from] Stealth Rock
|turn|19
|
|t:|1758341363
|move|p1a: Gholdengo|Nasty Plot|p1a: Gholdengo
|-boost|p1a: Gholdengo|spa|2
|move|p2a: Wallnut|Volt Switch|p1a: Gholdengo
|-damage|p1a: Gholdengo|76/100
|
|t:|1758341370
|switch|p2a: Gerald|Raging Bolt|30/100|[from] Volt Switch
|-damage|p2a: Gerald|18/100|[from] Stealth Rock
|-damage|p2a: Gerald|0 fnt|[from] Spikes
|faint|p2a: Gerald
|-end|p2a: Gerald|Protosynthesis|[silent]
|
|upkeep
|
|t:|1758341372
|switch|p2a: Ps5|Iron Crown|36/100
|-damage|p2a: Ps5|30/100|[from] Stealth Rock
|-damage|p2a: Ps5|6/100|[from] Spikes
|turn|20
|-message|Chronos556 forfeited.
|
|win|Alastor_D
|raw|Alastor_D's rating: 1462 &rarr; <strong>1481</strong><br />(+19 for winning)
|raw|Chronos556's rating: 1448 &rarr; <strong>1429</strong><br />(-19 for losing)
|c|☆Chronos556|Ggs
|l|‽Alastor_D
|player|p1|
|l|☆Chronos556
|player|p2|
