|j|☆oficial matute
|j|☆Dew123
|t:|1758309972
|gametype|singles
|player|p1|oficial matute|policeman-gen4|1246
|player|p2|Dew123|biker-gen4|1240
|gen|9
|tier|[Gen 9] OU
|rated|
|rule|HP Percentage Mod: HP is shown in percentages
|rule|Endless Battle Clause: Forcing endless battles is banned
|rule|Species Clause: Limit one of each Pokémon
|rule|OHKO Clause: OHKO moves are banned
|rule|Evasion Items Clause: Evasion items are banned
|rule|Evasion Moves Clause: Evasion moves are banned
|rule|Evasion Abilities Clause: Evasion abilities are banned
|rule|Sleep Moves Clause: Sleep-inducing moves are banned
|clearpoke
|poke|p1|Noivern, M|
|poke|p1|Tropius, F|
|poke|p1|Garchomp, F|
|poke|p1|Hydrapple, F|
|poke|p1|Torterra, F|
|poke|p1|Landorus-Therian, M|
|poke|p2|Poliwrath, F|
|poke|p2|Zapdos|
|poke|p2|Basculegion-F, F|
|poke|p2|Pelipper, F|
|poke|p2|Quagsire, M|
|poke|p2|Politoed, M|
|teampreview
|inactive|Battle timer is ON: inactive players will automatically lose when time's up. (requested by Dew123)
|
|t:|1758309980
|teamsize|p1|6
|teamsize|p2|6
|start
|switch|p1a: 👁👅👁|Noivern, M|100/100
|switch|p2a: Pelipper|Pelipper, F|100/100
|-item|p2a: Pelipper|Damp Rock|[from] ability: Frisk|[of] p1a: 👁👅👁
|-weather|RainDance|[from] ability: Drizzle|[of] p2a: Pelipper
|turn|1
|
|t:|1758309988
|move|p1a: 👁👅👁|Switcheroo|p2a: Pelipper
|-activate|p1a: 👁👅👁|move: Trick|[of] p2a: Pelipper
|-item|p2a: Pelipper|Choice Scarf|[from] move: Switcheroo
|-item|p1a: 👁👅👁|Damp Rock|[from] move: Switcheroo
|move|p2a: Pelipper|U-turn|p1a: 👁👅👁
|-resisted|p1a: 👁👅👁
|-crit|p1a: 👁👅👁
|-damage|p1a: 👁👅👁|91/100
|
|t:|1758309991
|switch|p2a: Poliwrath|Poliwrath, F|100/100|[from] U-turn
|
|-weather|RainDance|[upkeep]
|upkeep
|turn|2
|
|t:|1758310000
|move|p2a: Poliwrath|Rock Slide|p1a: 👁👅👁
|-supereffective|p1a: 👁👅👁
|-damage|p1a: 👁👅👁|25/100
|move|p1a: 👁👅👁|Air Slash|p2a: Poliwrath
|-supereffective|p2a: Poliwrath
|-damage|p2a: Poliwrath|25/100
|-enditem|p2a: Poliwrath|Sitrus Berry|[eat]
|-heal|p2a: Poliwrath|50/100|[from] item: Sitrus Berry
|
|-weather|RainDance|[upkeep]
|upkeep
|turn|3
|
|t:|1758310010
|-terastallize|p2a: Poliwrath|Water
|move|p2a: Poliwrath|Bulk Up|p2a: Poliwrath
|-boost|p2a: Poliwrath|atk|1
|-boost|p2a: Poliwrath|def|1
|move|p1a: 👁👅👁|Air Slash|p2a: Poliwrath|[miss]
|-miss|p1a: 👁👅👁|p2a: Poliwrath
|
|-weather|RainDance|[upkeep]
|upkeep
|turn|4
|
|t:|1758310020
|move|p2a: Poliwrath|Rock Slide|p1a: 👁👅👁|[miss]
|-miss|p2a: Poliwrath|p1a: 👁👅👁
|move|p1a: 👁👅👁|Air Slash|p2a: Poliwrath
|-damage|p2a: Poliwrath|15/100
|
|-weather|RainDance|[upkeep]
|upkeep
|turn|5
|
|t:|1758310028
|move|p2a: Poliwrath|Liquidation|p1a: 👁👅👁
|-resisted|p1a: 👁👅👁
|-damage|p1a: 👁👅👁|0 fnt
|faint|p1a: 👁👅👁
|
|-weather|RainDance|[upkeep]
|upkeep
|
|t:|1758310035
|switch|p1a: 👁🐽👁|Tropius, F, shiny|100/100
|turn|6
|
|t:|1758310039
|-terastallize|p1a: 👁🐽👁|Ghost
|move|p2a: Poliwrath|Rock Slide|p1a: 👁🐽👁
|-damage|p1a: 👁🐽👁|69/100
|move|p1a: 👁🐽👁|Leech Seed|p2a: Poliwrath
|-start|p2a: Poliwrath|move: Leech Seed
|
|-weather|RainDance|[upkeep]
|-damage|p2a: Poliwrath|3/100|[from] Leech Seed|[of] p1a: 👁🐽👁
|-heal|p1a: 👁🐽👁|79/100|[silent]
|upkeep
|turn|7
|
|t:|1758310048
|move|p1a: 👁🐽👁|Protect|p1a: 👁🐽👁
|-singleturn|p1a: 👁🐽👁|Protect
|move|p2a: Poliwrath|Liquidation|p1a: 👁🐽👁
|-activate|p1a: 👁🐽👁|move: Protect
|
|-weather|RainDance|[upkeep]
|-damage|p2a: Poliwrath|0 fnt|[from] Leech Seed|[of] p1a: 👁🐽👁
|-heal|p1a: 👁🐽👁|81/100|[silent]
|faint|p2a: Poliwrath
|upkeep
|
|t:|1758310054
|switch|p2a: Zapdos|Zapdos|100/100
|turn|8
|
|t:|1758310063
|move|p2a: Zapdos|Thunder|p1a: 👁🐽👁
|-damage|p1a: 👁🐽👁|46/100
|-status|p1a: 👁🐽👁|par
|-enditem|p1a: 👁🐽👁|Sitrus Berry|[eat]
|-heal|p1a: 👁🐽👁|70/100 par|[from] item: Sitrus Berry
|move|p1a: 👁🐽👁|Substitute|p1a: 👁🐽👁
|-start|p1a: 👁🐽👁|Substitute
|-damage|p1a: 👁🐽👁|46/100 par
|
|-weather|none
|-item|p1a: 👁🐽👁|Sitrus Berry|[from] ability: Harvest
|upkeep
|-enditem|p1a: 👁🐽👁|Sitrus Berry|[eat]
|-heal|p1a: 👁🐽👁|70/100 par|[from] item: Sitrus Berry
|turn|9
|
|t:|1758310077
|switch|p2a: Politoed|Politoed, M|100/100
|-weather|RainDance|[from] ability: Drizzle|[of] p2a: Politoed
|move|p1a: 👁🐽👁|Leech Seed|p2a: Politoed
|-start|p2a: Politoed|move: Leech Seed
|
|-weather|RainDance|[upkeep]
|-damage|p2a: Politoed|88/100|[from] Leech Seed|[of] p1a: 👁🐽👁
|-heal|p1a: 👁🐽👁|82/100 par|[silent]
|upkeep
|turn|10
|
|t:|1758310087
|switch|p2a: Basculegion|Basculegion-F, F|100/100
|cant|p1a: 👁🐽👁|par
|
|-weather|RainDance|[upkeep]
|upkeep
|turn|11
|
|t:|1758310094
|move|p2a: Basculegion|Shadow Ball|p1a: 👁🐽👁
|-supereffective|p1a: 👁🐽👁
|-end|p1a: 👁🐽👁|Substitute
|move|p1a: 👁🐽👁|Curse|p2a: Basculegion
|-start|p2a: Basculegion|Curse|[of] p1a: 👁🐽👁
|-damage|p1a: 👁🐽👁|32/100 par
|
|-weather|RainDance|[upkeep]
|-damage|p2a: Basculegion|76/100|[from] Curse
|upkeep
|turn|12
|
|t:|1758310104
|move|p1a: 👁🐽👁|Protect|p1a: 👁🐽👁
|-singleturn|p1a: 👁🐽👁|Protect
|move|p2a: Basculegion|Shadow Ball|p1a: 👁🐽👁
|-activate|p1a: 👁🐽👁|move: Protect
|
|-weather|RainDance|[upkeep]
|-heal|p2a: Basculegion|82/100|[from] item: Leftovers
|-damage|p2a: Basculegion|57/100|[from] Curse
|upkeep
|turn|13
|
|t:|1758310114
|switch|p1a: 👁👄👁|Hydrapple, F|100/100
|move|p2a: Basculegion|Shadow Ball|p1a: 👁👄👁
|-damage|p1a: 👁👄👁|79/100
|
|-weather|RainDance|[upkeep]
|-heal|p2a: Basculegion|63/100|[from] item: Leftovers
|-damage|p2a: Basculegion|38/100|[from] Curse
|upkeep
|turn|14
|
|t:|1758310124
|move|p2a: Basculegion|Ice Beam|p1a: 👁👄👁
|-supereffective|p1a: 👁👄👁
|-damage|p1a: 👁👄👁|12/100
|move|p1a: 👁👄👁|Dragon Breath|p2a: Basculegion
|-damage|p2a: Basculegion|0 fnt
|faint|p2a: Basculegion
|
|-weather|RainDance|[upkeep]
|upkeep
|
|t:|1758310128
|switch|p2a: Pelipper|Pelipper, F|100/100
|turn|15
|
|t:|1758310138
|switch|p1a: 👁🐽👁|Tropius, F, shiny, tera:Ghost|32/100 par
|move|p2a: Pelipper|U-turn|p1a: 👁🐽👁
|-resisted|p1a: 👁🐽👁
|-damage|p1a: 👁🐽👁|28/100 par
|
|t:|1758310142
|switch|p2a: Zapdos|Zapdos|100/100|[from] U-turn
|
|-weather|RainDance|[upkeep]
|-item|p1a: 👁🐽👁|Sitrus Berry|[from] ability: Harvest
|upkeep
|-enditem|p1a: 👁🐽👁|Sitrus Berry|[eat]
|-heal|p1a: 👁🐽👁|52/100 par|[from] item: Sitrus Berry
|turn|16
|
|t:|1758310152
|move|p1a: 👁🐽👁|Protect|p1a: 👁🐽👁
|-singleturn|p1a: 👁🐽👁|Protect
|move|p2a: Zapdos|Thunder|p1a: 👁🐽👁
|-activate|p1a: 👁🐽👁|move: Protect
|
|-weather|none
|upkeep
|turn|17
|
|t:|1758310159
|switch|p1a: 👁👃👁|Landorus-Therian, M|100/100
|-ability|p1a: 👁👃👁|Intimidate|boost
|-unboost|p2a: Zapdos|atk|1
|move|p2a: Zapdos|Volt Switch|p1a: 👁👃👁
|-immune|p1a: 👁👃👁
|
|upkeep
|turn|18
|
|t:|1758310167
|switch|p2a: Politoed|Politoed, M|88/100
|-weather|RainDance|[from] ability: Drizzle|[of] p2a: Politoed
|move|p1a: 👁👃👁|Stealth Rock|p2a: Politoed
|-sidestart|p2: Dew123|move: Stealth Rock
|
|-weather|RainDance|[upkeep]
|upkeep
|turn|19
|
|t:|1758310177
|switch|p1a: 👁🐽👁|Tropius, F, shiny, tera:Ghost|52/100 par
|move|p2a: Politoed|Ice Beam|p1a: 👁🐽👁
|-damage|p1a: 👁🐽👁|40/100 par
|
|-weather|RainDance|[upkeep]
|upkeep
|turn|20
|
|t:|1758310184
|move|p2a: Politoed|Weather Ball|p1a: 👁🐽👁
|-damage|p1a: 👁🐽👁|9/100 par
|move|p1a: 👁🐽👁|Leech Seed|p2a: Politoed
|-start|p2a: Politoed|move: Leech Seed
|
|-weather|RainDance|[upkeep]
|-damage|p2a: Politoed|75/100|[from] Leech Seed|[of] p1a: 👁🐽👁
|-heal|p1a: 👁🐽👁|21/100 par|[silent]
|upkeep
|turn|21
|
|t:|1758310193
|move|p1a: 👁🐽👁|Protect|p1a: 👁🐽👁
|-singleturn|p1a: 👁🐽👁|Protect
|move|p2a: Politoed|Weather Ball|p1a: 👁🐽👁
|-activate|p1a: 👁🐽👁|move: Protect
|
|-weather|RainDance|[upkeep]
|-damage|p2a: Politoed|63/100|[from] Leech Seed|[of] p1a: 👁🐽👁
|-heal|p1a: 👁🐽👁|33/100 par|[silent]
|upkeep
|turn|22
|
|t:|1758310202
|switch|p1a: 👁👄👁|Hydrapple, F|45/100
|move|p2a: Politoed|Weather Ball|p1a: 👁👄👁
|-resisted|p1a: 👁👄👁
|-damage|p1a: 👁👄👁|39/100
|
|-weather|RainDance|[upkeep]
|-damage|p2a: Politoed|50/100|[from] Leech Seed|[of] p1a: 👁👄👁
|-heal|p1a: 👁👄👁|50/100|[silent]
|upkeep
|turn|23
|
|t:|1758310212
|switch|p1a: 👁🐽👁|Tropius, F, shiny, tera:Ghost|33/100 par
|move|p2a: Politoed|Ice Beam|p1a: 👁🐽👁
|-damage|p1a: 👁🐽👁|20/100 par
|
|-weather|RainDance|[upkeep]
|-damage|p2a: Politoed|38/100|[from] Leech Seed|[of] p1a: 👁🐽👁
|-heal|p1a: 👁🐽👁|32/100 par|[silent]
|-item|p1a: 👁🐽👁|Sitrus Berry|[from] ability: Harvest
|upkeep
|-enditem|p1a: 👁🐽👁|Sitrus Berry|[eat]
|-heal|p1a: 👁🐽👁|57/100 par|[from] item: Sitrus Berry
|turn|24
|
|t:|1758310224
|switch|p2a: Pelipper|Pelipper, F|100/100
|-damage|p2a: Pelipper|76/100|[from] Stealth Rock
|move|p1a: 👁🐽👁|Leech Seed|p2a: Pelipper
|-start|p2a: Pelipper|move: Leech Seed
|
|-weather|RainDance|[upkeep]
|-damage|p2a: Pelipper|63/100|[from] Leech Seed|[of] p1a: 👁🐽👁
|-heal|p1a: 👁🐽👁|67/100 par|[silent]
|upkeep
|turn|25
|
|t:|1758310234
|cant|p1a: 👁🐽👁|par
|move|p2a: Pelipper|Hurricane|p1a: 👁🐽👁
|-damage|p1a: 👁🐽👁|43/100 par
|
|-weather|none
|-damage|p2a: Pelipper|51/100|[from] Leech Seed|[of] p1a: 👁🐽👁
|-heal|p1a: 👁🐽👁|53/100 par|[silent]
|upkeep
|turn|26
|
|t:|1758310242
|switch|p2a: Politoed|Politoed, M|38/100
|-damage|p2a: Politoed|25/100|[from] Stealth Rock
|-weather|RainDance|[from] ability: Drizzle|[of] p2a: Politoed
|move|p1a: 👁🐽👁|Leech Seed|p2a: Politoed|[miss]
|-miss|p1a: 👁🐽👁|p2a: Politoed
|
|-weather|RainDance|[upkeep]
|-item|p1a: 👁🐽👁|Sitrus Berry|[from] ability: Harvest
|upkeep
|turn|27
|
|t:|1758310253
|move|p2a: Politoed|Weather Ball|p1a: 👁🐽👁
|-damage|p1a: 👁🐽👁|21/100 par
|-enditem|p1a: 👁🐽👁|Sitrus Berry|[eat]
|-heal|p1a: 👁🐽👁|46/100 par|[from] item: Sitrus Berry
|move|p1a: 👁🐽👁|Leech Seed|p2a: Politoed
|-start|p2a: Politoed|move: Leech Seed
|
|-weather|RainDance|[upkeep]
|-damage|p2a: Politoed|13/100|[from] Leech Seed|[of] p1a: 👁🐽👁
|-heal|p1a: 👁🐽👁|58/100 par|[silent]
|upkeep
|turn|28
|
|t:|1758310263
|move|p2a: Politoed|Ice Beam|p1a: 👁🐽👁
|-damage|p1a: 👁🐽👁|44/100 par
|move|p1a: 👁🐽👁|Substitute|p1a: 👁🐽👁
|-start|p1a: 👁🐽👁|Substitute
|-damage|p1a: 👁🐽👁|19/100 par
|
|-weather|RainDance|[upkeep]
|-damage|p2a: Politoed|0 fnt|[from] Leech Seed|[of] p1a: 👁🐽👁
|-heal|p1a: 👁🐽👁|31/100 par|[silent]
|faint|p2a: Politoed
|upkeep
|
|t:|1758310266
|switch|p2a: Pelipper|Pelipper, F|51/100
|-damage|p2a: Pelipper|26/100|[from] Stealth Rock
|turn|29
|
|t:|1758310276
|move|p1a: 👁🐽👁|Protect|p1a: 👁🐽👁
|-singleturn|p1a: 👁🐽👁|Protect
|move|p2a: Pelipper|Knock Off|p1a: 👁🐽👁
|-activate|p1a: 👁🐽👁|move: Protect
|
|-weather|RainDance|[upkeep]
|upkeep
|turn|30
|c|☆Dew123|Fu man
|
|t:|1758310285
|move|p2a: Pelipper|Knock Off|p1a: 👁🐽👁
|-supereffective|p1a: 👁🐽👁
|-activate|p1a: 👁🐽👁|move: Substitute|[damage]
|move|p1a: 👁🐽👁|Leech Seed|p2a: Pelipper
|-start|p2a: Pelipper|move: Leech Seed
|
|-weather|RainDance|[upkeep]
|-damage|p2a: Pelipper|14/100|[from] Leech Seed|[of] p1a: 👁🐽👁
|-heal|p1a: 👁🐽👁|41/100 par|[silent]
|-item|p1a: 👁🐽👁|Sitrus Berry|[from] ability: Harvest
|upkeep
|-enditem|p1a: 👁🐽👁|Sitrus Berry|[eat]
|-heal|p1a: 👁🐽👁|66/100 par|[from] item: Sitrus Berry
|turn|31
|
|t:|1758310298
|move|p2a: Pelipper|Knock Off|p1a: 👁🐽👁
|-supereffective|p1a: 👁🐽👁
|-end|p1a: 👁🐽👁|Substitute
|move|p1a: 👁🐽👁|Substitute|p1a: 👁🐽👁
|-start|p1a: 👁🐽👁|Substitute
|-damage|p1a: 👁🐽👁|41/100 par
|
|-weather|RainDance|[upkeep]
|-damage|p2a: Pelipper|1/100|[from] Leech Seed|[of] p1a: 👁🐽👁
|-heal|p1a: 👁🐽👁|51/100 par|[silent]
|upkeep
|turn|32
|
|t:|1758310307
|cant|p1a: 👁🐽👁|par
|move|p2a: Pelipper|Knock Off|p1a: 👁🐽👁
|-supereffective|p1a: 👁🐽👁
|-activate|p1a: 👁🐽👁|move: Substitute|[damage]
|
|-weather|RainDance|[upkeep]
|-damage|p2a: Pelipper|0 fnt|[from] Leech Seed|[of] p1a: 👁🐽👁
|-heal|p1a: 👁🐽👁|52/100 par|[silent]
|faint|p2a: Pelipper
|upkeep
|
|t:|1758310314
|switch|p2a: Zapdos|Zapdos|100/100
|turn|33
|
|t:|1758310319
|move|p2a: Zapdos|Hurricane|p1a: 👁🐽👁
|-end|p1a: 👁🐽👁|Substitute
|move|p1a: 👁🐽👁|Leech Seed|p2a: Zapdos
|-start|p2a: Zapdos|move: Leech Seed
|
|-weather|none
|-damage|p2a: Zapdos|88/100|[from] Leech Seed|[of] p1a: 👁🐽👁
|-heal|p1a: 👁🐽👁|62/100 par|[silent]
|-item|p1a: 👁🐽👁|Sitrus Berry|[from] ability: Harvest
|upkeep
|turn|34
|
|t:|1758310328
|move|p2a: Zapdos|Hurricane|p1a: 👁🐽👁|[miss]
|-miss|p2a: Zapdos|p1a: 👁🐽👁
|cant|p1a: 👁🐽👁|par
|
|-damage|p2a: Zapdos|76/100|[from] Leech Seed|[of] p1a: 👁🐽👁
|-heal|p1a: 👁🐽👁|72/100 par|[silent]
|upkeep
|turn|35
|-message|Dew123 forfeited.
|
|win|oficial matute
|raw|oficial matute's rating: 1246 &rarr; <strong>1271</strong><br />(+25 for winning)
|raw|Dew123's rating: 1240 &rarr; <strong>1215</strong><br />(-25 for losing)
|l|☆Dew123
|player|p2|
|l|☆oficial matute
|player|p1|
