|j|☆galac yeah !
|j|☆mtxo
|t:|1758288536
|gametype|singles
|player|p1|galac yeah !|dragontamer|1477
|player|p2|mtxo|n|1469
|gen|9
|tier|[Gen 9] OU
|rated|
|rule|HP Percentage Mod: HP is shown in percentages
|rule|Endless Battle Clause: Forcing endless battles is banned
|rule|Species Clause: Limit one of each Pokémon
|rule|OHKO Clause: OHKO moves are banned
|rule|Evasion Items Clause: Evasion items are banned
|rule|Evasion Moves Clause: Evasion moves are banned
|rule|Evasion Abilities Clause: Evasion abilities are banned
|rule|Sleep Moves Clause: Sleep-inducing moves are banned
|clearpoke
|poke|p1|Hoopa-Unbound|
|poke|p1|Enamorus, F|
|poke|p1|Garchomp, F|
|poke|p1|Pecharunt|
|poke|p1|Hatterene, F|
|poke|p1|Kingambit, F|
|poke|p2|Indeedee, M|
|poke|p2|Hatterene, F|
|poke|p2|Ursaluna, F|
|poke|p2|Iron Hands|
|poke|p2|Hoopa-Unbound|
|poke|p2|Mimikyu, F|
|teampreview
|
|t:|1758288549
|teamsize|p1|6
|teamsize|p2|6
|start
|switch|p1a: Hoopa|Hoopa-Unbound|100/100
|switch|p2a: Subaru|Indeedee, M, shiny|100/100
|-fieldstart|move: Psychic Terrain|[from] ability: Psychic Surge|[of] p2a: Subaru
|turn|1
|
|t:|1758288563
|switch|p2a: LEBRON|Iron Hands|100/100
|-enditem|p2a: LEBRON|Booster Energy
|-activate|p2a: LEBRON|ability: Quark Drive|[fromitem]
|-start|p2a: LEBRON|quarkdriveatk
|move|p1a: Hoopa|Hyperspace Fury|p2a: LEBRON
|-resisted|p2a: LEBRON
|-damage|p2a: LEBRON|66/100
|-unboost|p1a: Hoopa|def|1
|
|upkeep
|turn|2
|
|t:|1758288579
|switch|p1a: Pecharunt|Pecharunt|100/100
|move|p2a: LEBRON|Close Combat|p1a: Pecharunt
|-immune|p1a: Pecharunt
|
|upkeep
|turn|3
|inactive|Battle timer is ON: inactive players will automatically lose when time's up. (requested by mtxo)
|
|t:|1758288604
|-end|p2a: LEBRON|Quark Drive|[silent]
|switch|p2a: Satella|Hatterene, F, shiny|100/100
|move|p1a: Pecharunt|Parting Shot|p2a: Satella
|move|p2a: Satella|Parting Shot|p1a: Pecharunt|[from] ability: Magic Bounce
|-unboost|p1a: Pecharunt|atk|1
|-unboost|p1a: Pecharunt|spa|1
|
|t:|1758288619
|switch|p2a: King Von|Hoopa-Unbound|100/100|[from] Parting Shot
|-enditem|p2a: King Von|Psychic Seed
|-boost|p2a: King Von|spd|1|[from] item: Psychic Seed
|
|upkeep
|turn|4
|
|t:|1758288631
|switch|p1a: Kingambit|Kingambit, F|100/100
|move|p2a: King Von|Trick Room|p2a: King Von
|-fieldstart|move: Trick Room|[of] p2a: King Von
|
|upkeep
|turn|5
|
|t:|1758288639
|move|p2a: King Von|Focus Blast|p1a: Kingambit|[miss]
|-miss|p2a: King Von|p1a: Kingambit
|move|p1a: Kingambit|Kowtow Cleave|p2a: King Von
|-crit|p2a: King Von
|-damage|p2a: King Von|20/100
|
|upkeep
|turn|6
|
|t:|1758288653
|-end|p1a: Kingambit|fallenundefined|[silent]
|switch|p1a: Hatterene|Hatterene, F|100/100
|move|p2a: King Von|Focus Blast|p1a: Hatterene|[miss]
|-miss|p2a: King Von|p1a: Hatterene
|
|upkeep
|turn|7
|
|t:|1758288663
|move|p1a: Hatterene|Draining Kiss|p2a: King Von
|-supereffective|p2a: King Von
|-damage|p2a: King Von|0 fnt
|faint|p2a: King Von
|
|upkeep
|-message|mtxo forfeited.
|
|win|galac yeah !
|raw|galac yeah !'s rating: 1477 &rarr; <strong>1497</strong><br />(+20 for winning)
|raw|mtxo's rating: 1469 &rarr; <strong>1449</strong><br />(-20 for losing)
|l|☆mtxo
|player|p2|
|l|☆galac yeah !
|player|p1|
