|j|☆Charlie_Kirk_Bye
|j|☆slowbro named paul
|t:|1758270222
|gametype|singles
|player|p1|Charlie_Kirk_Bye|hoopster|1523
|player|p2|slowbro named paul|skierf|1469
|gen|9
|tier|[Gen 9] OU
|rated|
|rule|HP Percentage Mod: HP is shown in percentages
|rule|Endless Battle Clause: Forcing endless battles is banned
|rule|Species Clause: Limit one of each Pokémon
|rule|OHKO Clause: OHKO moves are banned
|rule|Evasion Items Clause: Evasion items are banned
|rule|Evasion Moves Clause: Evasion moves are banned
|rule|Evasion Abilities Clause: Evasion abilities are banned
|rule|Sleep Moves Clause: Sleep-inducing moves are banned
|clearpoke
|poke|p1|Alomomola, F|
|poke|p1|Ting-Lu|
|poke|p1|Zamazenta-*|
|poke|p1|Hawlucha, M|
|poke|p1|Iron Valiant|
|poke|p1|Darkrai|
|poke|p2|Toucannon, M|
|poke|p2|Iron Crown|
|poke|p2|Garganacl, F|
|poke|p2|Suicune|
|poke|p2|Fezandipiti, M|
|poke|p2|Toedscruel, M|
|teampreview
|inactive|Battle timer is ON: inactive players will automatically lose when time's up. (requested by slowbro named paul)
|inactive|Charlie_Kirk_Bye also wants the timer to be on.
|
|t:|1758270250
|teamsize|p1|6
|teamsize|p2|6
|start
|switch|p1a: Zamazenta|Zamazenta|100/100
|switch|p2a: Toucannon|Toucannon, M|100/100
|-ability|p1a: Zamazenta|Dauntless Shield|boost
|-boost|p1a: Zamazenta|def|1
|turn|1
|
|t:|1758270262
|-singleturn|p2a: Toucannon|move: Beak Blast
|move|p1a: Zamazenta|Close Combat|p2a: Toucannon
|-damage|p2a: Toucannon|28/100
|-status|p1a: Zamazenta|brn
|-unboost|p1a: Zamazenta|def|1
|-unboost|p1a: Zamazenta|spd|1
|-damage|p1a: Zamazenta|84/100 brn|[from] item: Rocky Helmet|[of] p2a: Toucannon
|move|p2a: Toucannon|Beak Blast|p1a: Zamazenta
|-supereffective|p1a: Zamazenta
|-damage|p1a: Zamazenta|4/100 brn
|
|-damage|p1a: Zamazenta|0 fnt|[from] brn
|faint|p1a: Zamazenta
|upkeep
|
|t:|1758270274
|switch|p1a: Iron Valiant|Iron Valiant|100/100
|turn|2
|
|t:|1758270281
|-singleturn|p2a: Toucannon|move: Beak Blast
|move|p1a: Iron Valiant|Thunderbolt|p2a: Toucannon
|-supereffective|p2a: Toucannon
|-damage|p2a: Toucannon|0 fnt
|faint|p2a: Toucannon
|
|upkeep
|
|t:|1758270283
|switch|p2a: Toedscruel|Toedscruel, M|100/100
|turn|3
|c|☆Charlie_Kirk_Bye|is beak blast like counter or something?
|c|☆Charlie_Kirk_Bye|i dont get it
|c|☆slowbro named paul|!dt beak blast
|raw|<ul class="utilichart"><li class="result"><span class="col movenamecol"><a href="https://dex.pokemonshowdown.com/moves/beakblast">Beak Blast</a></span> <span class="col typecol"><img src="//play.pokemonshowdown.com/sprites/types/Flying.png" alt="Flying" width="32" height="14"><img src="//play.pokemonshowdown.com/sprites/categories/Physical.png" alt="Physical" width="32" height="14"></span> <span class="col labelcol"><em>Power</em><br>100</span> <span class="col widelabelcol"><em>Accuracy</em><br>100%</span> <span class="col pplabelcol"><em>PP</em><br>24</span> <span class="col movedesccol">Burns on contact with the user before it moves.</span> </li><li style="clear:both"></li></ul>
|raw|<font size="1"><font color="#686868">Priority:</font> -3&nbsp;|&ThickSpace;<font color="#686868">Gen:</font> 7&nbsp;|&ThickSpace;&#10003; Bullet&nbsp;|&ThickSpace;<font color="#686868">Z-Power:</font> 180&nbsp;|&ThickSpace;<font color="#686868">Target:</font> One Adjacent Pokémon</font>

|
|t:|1758270301
|-end|p1a: Iron Valiant|Quark Drive|[silent]
|switch|p1a: Hawlucha|Hawlucha, M|100/100
|-ability|p1a: Hawlucha|Mold Breaker
|move|p2a: Toedscruel|Acid Spray|p1a: Hawlucha
|-damage|p1a: Hawlucha|82/100
|-unboost|p1a: Hawlucha|spd|2
|
|-heal|p1a: Hawlucha|88/100|[from] item: Leftovers
|upkeep
|turn|4
|c|☆slowbro named paul|think of it like dragon tail but it burns instead of forcing a pivot
|
|t:|1758270326
|switch|p2a: Suicune|Suicune|100/100
|-ability|p2a: Suicune|Pressure
|move|p1a: Hawlucha|U-turn|p2a: Suicune
|-damage|p2a: Suicune|91/100
|c|☆Charlie_Kirk_Bye|ok
|inactive|Charlie_Kirk_Bye has 120 seconds left.
|
|t:|1758270337
|switch|p1a: Iron Valiant|Iron Valiant|100/100|[from] U-turn
|
|-heal|p2a: Suicune|98/100|[from] item: Leftovers
|upkeep
|turn|5
|inactive|Charlie_Kirk_Bye has 120 seconds left.
|
|t:|1758270352
|move|p2a: Suicune|Protect|p2a: Suicune
|-singleturn|p2a: Suicune|Protect
|move|p1a: Iron Valiant|Moonblast|p2a: Suicune
|-activate|p2a: Suicune|move: Protect
|
|-heal|p2a: Suicune|100/100|[from] item: Leftovers
|upkeep
|turn|6
|
|t:|1758270355
|-end|p1a: Iron Valiant|Quark Drive|[silent]
|switch|p1a: Ting-Lu|Ting-Lu|100/100
|-ability|p1a: Ting-Lu|Vessel of Ruin
|-terastallize|p2a: Suicune|Poison
|move|p2a: Suicune|Calm Mind|p2a: Suicune
|-boost|p2a: Suicune|spa|1
|-boost|p2a: Suicune|spd|1
|
|upkeep
|turn|7
|
|t:|1758270359
|move|p2a: Suicune|Scald|p1a: Ting-Lu
|-supereffective|p1a: Ting-Lu
|-damage|p1a: Ting-Lu|58/100
|move|p1a: Ting-Lu|Earthquake|p2a: Suicune
|-supereffective|p2a: Suicune
|-damage|p2a: Suicune|12/100
|
|-heal|p2a: Suicune|19/100|[from] item: Leftovers
|upkeep
|turn|8
|
|t:|1758270364
|move|p2a: Suicune|Protect|p2a: Suicune
|-singleturn|p2a: Suicune|Protect
|move|p1a: Ting-Lu|Earthquake|p2a: Suicune
|-activate|p2a: Suicune|move: Protect
|
|-heal|p2a: Suicune|25/100|[from] item: Leftovers
|upkeep
|turn|9
|
|t:|1758270367
|switch|p2a: Toedscruel|Toedscruel, M|100/100
|move|p1a: Ting-Lu|Earthquake|p2a: Toedscruel
|-resisted|p2a: Toedscruel
|-damage|p2a: Toedscruel|46/100
|
|upkeep
|turn|10
|
|t:|1758270373
|switch|p1a: Hawlucha|Hawlucha, M|88/100
|-ability|p1a: Hawlucha|Mold Breaker
|move|p2a: Toedscruel|Giga Drain|p1a: Hawlucha
|-resisted|p1a: Hawlucha
|-damage|p1a: Hawlucha|64/100
|-heal|p2a: Toedscruel|56/100|[from] drain|[of] p1a: Hawlucha
|
|-heal|p1a: Hawlucha|70/100|[from] item: Leftovers
|upkeep
|turn|11
|
|t:|1758270379
|move|p1a: Hawlucha|U-turn|p2a: Toedscruel
|-supereffective|p2a: Toedscruel
|-damage|p2a: Toedscruel|19/100
|
|t:|1758270388
|switch|p1a: Iron Valiant|Iron Valiant|100/100|[from] U-turn
|move|p2a: Toedscruel|Acid Spray|p1a: Iron Valiant
|-supereffective|p1a: Iron Valiant
|-damage|p1a: Iron Valiant|59/100
|-unboost|p1a: Iron Valiant|spd|2
|
|upkeep
|turn|12
|
|t:|1758270401
|move|p1a: Iron Valiant|Moonblast|p2a: Toedscruel
|-damage|p2a: Toedscruel|0 fnt
|faint|p2a: Toedscruel
|
|upkeep
|
|t:|1758270403
|switch|p2a: Iron Crown|Iron Crown|100/100
|turn|13
|
|t:|1758270406
|-end|p1a: Iron Valiant|Quark Drive|[silent]
|switch|p1a: Alomomola|Alomomola, F|100/100
|move|p2a: Iron Crown|Substitute|p2a: Iron Crown
|-start|p2a: Iron Crown|Substitute
|-damage|p2a: Iron Crown|75/100
|
|-heal|p2a: Iron Crown|82/100|[from] item: Leftovers
|upkeep
|turn|14
|
|t:|1758270410
|move|p2a: Iron Crown|Calm Mind|p2a: Iron Crown
|-boost|p2a: Iron Crown|spa|1
|-boost|p2a: Iron Crown|spd|1
|move|p1a: Alomomola|Flip Turn|p2a: Iron Crown
|-activate|p2a: Iron Crown|move: Substitute|[damage]
|
|t:|1758270423
|switch|p1a: Hawlucha|Hawlucha, M|70/100|[from] Flip Turn
|-ability|p1a: Hawlucha|Mold Breaker
|
|-heal|p1a: Hawlucha|76/100|[from] item: Leftovers
|-heal|p2a: Iron Crown|88/100|[from] item: Leftovers
|upkeep
|turn|15
|
|t:|1758270425
|move|p1a: Hawlucha|Encore|p2a: Iron Crown
|-start|p2a: Iron Crown|Encore
|move|p2a: Iron Crown|Calm Mind|p2a: Iron Crown
|-boost|p2a: Iron Crown|spa|1
|-boost|p2a: Iron Crown|spd|1
|
|-heal|p1a: Hawlucha|82/100|[from] item: Leftovers
|-heal|p2a: Iron Crown|94/100|[from] item: Leftovers
|upkeep
|turn|16
|
|t:|1758270429
|-end|p2a: Iron Crown|Quark Drive|[silent]
|switch|p2a: Suicune|Suicune, tera:Poison|25/100
|-ability|p2a: Suicune|Pressure
|move|p1a: Hawlucha|U-turn|p2a: Suicune
|-resisted|p2a: Suicune
|-damage|p2a: Suicune|21/100
|
|t:|1758270437
|switch|p1a: Darkrai|Darkrai|100/100|[from] U-turn
|
|-heal|p2a: Suicune|27/100|[from] item: Leftovers
|upkeep
|turn|17
|
|t:|1758270442
|move|p1a: Darkrai|Dark Pulse|p2a: Suicune
|-damage|p2a: Suicune|0 fnt
|faint|p2a: Suicune
|
|upkeep
|
|t:|1758270443
|switch|p2a: Fezandipiti|Fezandipiti, M|100/100
|turn|18
|
|t:|1758270446
|switch|p1a: Alomomola|Alomomola, F|100/100
|move|p2a: Fezandipiti|Moonblast|p1a: Alomomola
|-damage|p1a: Alomomola|83/100
|
|upkeep
|turn|19
|
|t:|1758270450
|move|p2a: Fezandipiti|Calm Mind|p2a: Fezandipiti
|-boost|p2a: Fezandipiti|spa|1
|-boost|p2a: Fezandipiti|spd|1
|move|p1a: Alomomola|Flip Turn|p2a: Fezandipiti
|-damage|p2a: Fezandipiti|81/100
|
|t:|1758270454
|switch|p1a: Ting-Lu|Ting-Lu|58/100|[from] Flip Turn
|-ability|p1a: Ting-Lu|Vessel of Ruin
|
|-heal|p2a: Fezandipiti|87/100|[from] item: Black Sludge
|upkeep
|turn|20
|
|t:|1758270469
|-terastallize|p1a: Ting-Lu|Poison
|move|p2a: Fezandipiti|Moonblast|p1a: Ting-Lu
|-resisted|p1a: Ting-Lu
|-damage|p1a: Ting-Lu|42/100
|move|p1a: Ting-Lu|Heavy Slam|p2a: Fezandipiti
|-supereffective|p2a: Fezandipiti
|-damage|p2a: Fezandipiti|0 fnt
|faint|p2a: Fezandipiti
|
|upkeep
|
|t:|1758270474
|switch|p2a: Garganacl|Garganacl, F|100/100
|turn|21
|
|t:|1758270479
|switch|p1a: Hawlucha|Hawlucha, M|82/100
|-ability|p1a: Hawlucha|Mold Breaker
|move|p2a: Garganacl|Salt Cure|p1a: Hawlucha
|-damage|p1a: Hawlucha|67/100
|-start|p1a: Hawlucha|Salt Cure
|
|-heal|p1a: Hawlucha|73/100|[from] item: Leftovers
|-damage|p1a: Hawlucha|61/100|[from] Salt Cure
|upkeep
|turn|22
|
|t:|1758270484
|move|p1a: Hawlucha|Roost|p1a: Hawlucha
|-heal|p1a: Hawlucha|100/100
|-singleturn|p1a: Hawlucha|move: Roost
|move|p2a: Garganacl|Salt Cure|p1a: Hawlucha
|-resisted|p1a: Hawlucha
|-damage|p1a: Hawlucha|94/100
|
|-heal|p1a: Hawlucha|99/100|[from] item: Leftovers
|-damage|p1a: Hawlucha|88/100|[from] Salt Cure
|upkeep
|turn|23
|
|t:|1758270487
|move|p1a: Hawlucha|Encore|p2a: Garganacl
|-start|p2a: Garganacl|Encore
|move|p2a: Garganacl|Salt Cure|p1a: Hawlucha
|-damage|p1a: Hawlucha|73/100
|
|-heal|p1a: Hawlucha|79/100|[from] item: Leftovers
|-damage|p1a: Hawlucha|67/100|[from] Salt Cure
|upkeep
|turn|24
|
|t:|1758270491
|switch|p2a: Iron Crown|Iron Crown|94/100
|move|p1a: Hawlucha|U-turn|p2a: Iron Crown
|-damage|p2a: Iron Crown|80/100
|
|t:|1758270497
|switch|p1a: Darkrai|Darkrai|100/100|[from] U-turn
|
|-heal|p2a: Iron Crown|86/100|[from] item: Leftovers
|upkeep
|turn|25
|
|t:|1758270500
|move|p1a: Darkrai|Dark Pulse|p2a: Iron Crown
|-supereffective|p2a: Iron Crown
|-damage|p2a: Iron Crown|1/100
|move|p2a: Iron Crown|Tachyon Cutter|p1a: Darkrai
|-crit|p1a: Darkrai
|-damage|p1a: Darkrai|62/100
|-damage|p1a: Darkrai|36/100
|-hitcount|p1a: Darkrai|2
|
|-heal|p2a: Iron Crown|7/100|[from] item: Leftovers
|upkeep
|turn|26
|
|t:|1758270505
|move|p1a: Darkrai|Dark Pulse|p2a: Iron Crown
|-supereffective|p2a: Iron Crown
|-damage|p2a: Iron Crown|0 fnt
|faint|p2a: Iron Crown
|-end|p2a: Iron Crown|Quark Drive|[silent]
|
|upkeep
|
|t:|1758270506
|switch|p2a: Garganacl|Garganacl, F|100/100
|turn|27
|
|t:|1758270519
|switch|p1a: Hawlucha|Hawlucha, M|67/100
|-ability|p1a: Hawlucha|Mold Breaker
|move|p2a: Garganacl|Salt Cure|p1a: Hawlucha
|-damage|p1a: Hawlucha|51/100
|-start|p1a: Hawlucha|Salt Cure
|
|-heal|p1a: Hawlucha|57/100|[from] item: Leftovers
|-damage|p1a: Hawlucha|45/100|[from] Salt Cure
|upkeep
|turn|28
|
|t:|1758270526
|move|p1a: Hawlucha|Roost|p1a: Hawlucha
|-heal|p1a: Hawlucha|95/100
|-singleturn|p1a: Hawlucha|move: Roost
|move|p2a: Garganacl|Curse|p2a: Garganacl
|-unboost|p2a: Garganacl|spe|1
|-boost|p2a: Garganacl|atk|1
|-boost|p2a: Garganacl|def|1
|
|-heal|p1a: Hawlucha|100/100|[from] item: Leftovers
|-damage|p1a: Hawlucha|88/100|[from] Salt Cure
|upkeep
|turn|29
|c|☆slowbro named paul|gg
|-message|slowbro named paul forfeited.
|
|win|Charlie_Kirk_Bye
|raw|Charlie_Kirk_Bye's rating: 1523 &rarr; <strong>1540</strong><br />(+17 for winning)
|raw|slowbro named paul's rating: 1469 &rarr; <strong>1452</strong><br />(-17 for losing)
|l|☆slowbro named paul
|player|p2|
|l|☆Charlie_Kirk_Bye
|player|p1|
