|j|☆asuna12344
|j|☆lemonsilverhaze
|t:|1758289497
|gametype|singles
|player|p1|asuna12344|maid|1101
|player|p2|lemonsilverhaze|tuber|1103
|gen|9
|tier|[Gen 9] OU
|rated|
|rule|HP Percentage Mod: HP is shown in percentages
|rule|Endless Battle Clause: Forcing endless battles is banned
|rule|Species Clause: Limit one of each Pokémon
|rule|OHKO Clause: OHKO moves are banned
|rule|Evasion Items Clause: Evasion items are banned
|rule|Evasion Moves Clause: Evasion moves are banned
|rule|Evasion Abilities Clause: Evasion abilities are banned
|rule|Sleep Moves Clause: Sleep-inducing moves are banned
|clearpoke
|poke|p1|Abomasnow, F|
|poke|p1|Rillaboom, M|
|poke|p1|Garganacl, M|
|poke|p1|Gliscor, M|
|poke|p1|Slowking-Galar, M|
|poke|p1|Dragapult, M|
|poke|p2|Pelipper, M|
|poke|p2|Blastoise, F|
|poke|p2|Kilowattrel, F|
|poke|p2|Goodra, F|
|poke|p2|Barraskewda, F|
|poke|p2|Toxicroak, F|
|teampreview
|inactive|Battle timer is ON: inactive players will automatically lose when time's up. (requested by asuna12344)
|
|t:|1758289504
|teamsize|p1|6
|teamsize|p2|6
|start
|switch|p1a: Abomasnow|Abomasnow, F, shiny|100/100
|switch|p2a: Poseidon|Pelipper, M|100/100
|-weather|RainDance|[from] ability: Drizzle|[of] p2a: Poseidon
|-weather|Snowscape|[from] ability: Snow Warning|[of] p1a: Abomasnow
|turn|1
|n|!lemonsilverhaze|lemonsilverhaze
|
|t:|1758289524
|switch|p2a: Littlefoot|Goodra, F|100/100
|switch|p1a: Garganacl|Garganacl, M|100/100
|
|-weather|Snowscape|[upkeep]
|upkeep
|turn|2
|
|t:|1758289533
|switch|p2a: Poseidon|Pelipper, M|100/100
|-weather|RainDance|[from] ability: Drizzle|[of] p2a: Poseidon
|move|p1a: Garganacl|Stealth Rock|p2a: Poseidon
|-sidestart|p2: lemonsilverhaze|move: Stealth Rock
|
|-weather|RainDance|[upkeep]
|upkeep
|turn|3
|
|t:|1758289541
|switch|p2a: Leonardo|Blastoise, F|100/100
|-damage|p2a: Leonardo|88/100|[from] Stealth Rock
|move|p1a: Garganacl|Salt Cure|p2a: Leonardo
|-crit|p2a: Leonardo
|-damage|p2a: Leonardo|69/100
|-start|p2a: Leonardo|Salt Cure
|
|-weather|RainDance|[upkeep]
|-heal|p2a: Leonardo|75/100|[from] ability: Rain Dish
|-heal|p2a: Leonardo|81/100|[from] item: Leftovers
|-damage|p2a: Leonardo|56/100|[from] Salt Cure
|upkeep
|turn|4
|
|t:|1758289555
|switch|p1a: Rillaboom|Rillaboom, M|100/100
|-fieldstart|move: Grassy Terrain|[from] ability: Grassy Surge|[of] p1a: Rillaboom
|move|p2a: Leonardo|Rapid Spin|p1a: Rillaboom
|-damage|p1a: Rillaboom|90/100
|-boost|p2a: Leonardo|spe|1
|-sideend|p2: lemonsilverhaze|Stealth Rock|[from] move: Rapid Spin|[of] p2a: Leonardo
|
|-weather|RainDance|[upkeep]
|-heal|p2a: Leonardo|62/100|[from] ability: Rain Dish
|-heal|p1a: Rillaboom|96/100|[from] Grassy Terrain
|-heal|p2a: Leonardo|68/100|[from] Grassy Terrain
|-heal|p2a: Leonardo|74/100|[from] item: Leftovers
|-damage|p2a: Leonardo|49/100|[from] Salt Cure
|upkeep
|turn|5
|
|t:|1758289571
|switch|p2a: Donatello|Toxicroak, F|100/100
|move|p1a: Rillaboom|Knock Off|p2a: Donatello
|-resisted|p2a: Donatello
|-damage|p2a: Donatello|74/100
|-enditem|p2a: Donatello|Assault Vest|[from] move: Knock Off|[of] p1a: Rillaboom
|
|-weather|RainDance|[upkeep]
|-heal|p2a: Donatello|86/100|[from] ability: Dry Skin
|-heal|p1a: Rillaboom|100/100|[from] Grassy Terrain
|-heal|p2a: Donatello|92/100|[from] Grassy Terrain
|upkeep
|turn|6
|
|t:|1758289584
|switch|p1a: Garganacl|Garganacl, M|100/100
|move|p2a: Donatello|Earthquake|p1a: Garganacl
|-supereffective|p1a: Garganacl
|-damage|p1a: Garganacl|81/100
|
|-weather|RainDance|[upkeep]
|-heal|p2a: Donatello|100/100|[from] ability: Dry Skin
|-heal|p1a: Garganacl|87/100|[from] Grassy Terrain
|-heal|p1a: Garganacl|93/100|[from] item: Leftovers
|upkeep
|turn|7
|
|t:|1758289601
|move|p2a: Donatello|Knock Off|p1a: Garganacl
|-damage|p1a: Garganacl|75/100
|-enditem|p1a: Garganacl|Leftovers|[from] move: Knock Off|[of] p2a: Donatello
|move|p1a: Garganacl|Salt Cure|p2a: Donatello
|-resisted|p2a: Donatello
|-damage|p2a: Donatello|89/100
|-start|p2a: Donatello|Salt Cure
|
|-weather|RainDance|[upkeep]
|-heal|p2a: Donatello|100/100|[from] ability: Dry Skin
|-heal|p1a: Garganacl|81/100|[from] Grassy Terrain
|-damage|p2a: Donatello|88/100|[from] Salt Cure
|upkeep
|turn|8
|
|t:|1758289621
|move|p2a: Donatello|Drain Punch|p1a: Garganacl
|-supereffective|p1a: Garganacl
|-damage|p1a: Garganacl|35/100
|-heal|p2a: Donatello|100/100|[from] drain|[of] p1a: Garganacl
|move|p1a: Garganacl|Stealth Rock|p2a: Donatello
|-sidestart|p2: lemonsilverhaze|move: Stealth Rock
|
|-weather|RainDance|[upkeep]
|-heal|p1a: Garganacl|42/100|[from] Grassy Terrain
|-damage|p2a: Donatello|88/100|[from] Salt Cure
|upkeep
|turn|9
|
|t:|1758289634
|switch|p1a: Gliscor|Gliscor, M|100/100
|move|p2a: Donatello|Knock Off|p1a: Gliscor
|-damage|p1a: Gliscor|76/100
|-enditem|p1a: Gliscor|Toxic Orb|[from] move: Knock Off|[of] p2a: Donatello
|
|-weather|none
|-heal|p2a: Donatello|94/100|[from] Grassy Terrain
|-damage|p2a: Donatello|82/100|[from] Salt Cure
|upkeep
|turn|10
|
|t:|1758289645
|switch|p2a: Leonardo|Blastoise, F|49/100
|-damage|p2a: Leonardo|36/100|[from] Stealth Rock
|move|p1a: Gliscor|Spikes|p2a: Leonardo
|-sidestart|p2: lemonsilverhaze|Spikes
|
|-heal|p2a: Leonardo|42/100|[from] Grassy Terrain
|-heal|p2a: Leonardo|48/100|[from] item: Leftovers
|upkeep
|turn|11
|
|t:|1758289657
|switch|p1a: Dragapult|Dragapult, M|100/100
|move|p2a: Leonardo|Rapid Spin|p1a: Dragapult
|-immune|p1a: Dragapult
|
|-heal|p2a: Leonardo|54/100|[from] Grassy Terrain
|-heal|p2a: Leonardo|60/100|[from] item: Leftovers
|-fieldend|move: Grassy Terrain
|upkeep
|turn|12
|
|t:|1758289669
|move|p1a: Dragapult|Shadow Ball|p2a: Leonardo
|-damage|p2a: Leonardo|16/100
|move|p2a: Leonardo|Ice Beam|p1a: Dragapult
|-supereffective|p1a: Dragapult
|-damage|p1a: Dragapult|52/100
|-status|p1a: Dragapult|frz
|
|-heal|p2a: Leonardo|22/100|[from] item: Leftovers
|upkeep
|turn|13
|inactive|lemonsilverhaze has 120 seconds left.
|inactive|lemonsilverhaze has 90 seconds left.
|
|t:|1758289721
|cant|p1a: Dragapult|frz
|move|p2a: Leonardo|Flip Turn|p1a: Dragapult
|-resisted|p1a: Dragapult
|-damage|p1a: Dragapult|41/100 frz
|
|t:|1758289726
|switch|p2a: Poseidon|Pelipper, M|100/100|[from] Flip Turn
|-damage|p2a: Poseidon|76/100|[from] Stealth Rock
|-weather|RainDance|[from] ability: Drizzle|[of] p2a: Poseidon
|
|-weather|RainDance|[upkeep]
|upkeep
|turn|14
|inactive|lemonsilverhaze has 90 seconds left.
|
|t:|1758289735
|switch|p2a: Leonardo|Blastoise, F|22/100
|-damage|p2a: Leonardo|10/100|[from] Stealth Rock
|-damage|p2a: Leonardo|0 fnt|[from] Spikes
|faint|p2a: Leonardo
|cant|p1a: Dragapult|frz
|
|-weather|RainDance|[upkeep]
|upkeep
|inactive|lemonsilverhaze has 90 seconds left.
|
|t:|1758289748
|switch|p2a: Jaws|Barraskewda, F|100/100
|-damage|p2a: Jaws|88/100|[from] Stealth Rock
|-damage|p2a: Jaws|75/100|[from] Spikes
|turn|15
|inactive|lemonsilverhaze has 90 seconds left.
|
|t:|1758289754
|-terastallize|p2a: Jaws|Water
|move|p2a: Jaws|Liquidation|p1a: Dragapult
|-resisted|p1a: Dragapult
|-damage|p1a: Dragapult|0 fnt
|faint|p1a: Dragapult
|
|-weather|RainDance|[upkeep]
|upkeep
|
|t:|1758289763
|switch|p1a: Rillaboom|Rillaboom, M|100/100
|-fieldstart|move: Grassy Terrain|[from] ability: Grassy Surge|[of] p1a: Rillaboom
|turn|16
|
|t:|1758289768
|switch|p2a: Donatello|Toxicroak, F|82/100
|-damage|p2a: Donatello|76/100|[from] Stealth Rock
|-damage|p2a: Donatello|63/100|[from] Spikes
|move|p1a: Rillaboom|Grassy Glide|p2a: Donatello
|-resisted|p2a: Donatello
|-damage|p2a: Donatello|36/100
|
|-weather|RainDance|[upkeep]
|-heal|p2a: Donatello|49/100|[from] ability: Dry Skin
|-heal|p2a: Donatello|55/100|[from] Grassy Terrain
|upkeep
|turn|17
|
|t:|1758289782
|switch|p1a: Gliscor|Gliscor, M|76/100
|move|p2a: Donatello|Drain Punch|p1a: Gliscor
|-resisted|p1a: Gliscor
|-damage|p1a: Gliscor|63/100
|-heal|p2a: Donatello|62/100|[from] drain|[of] p1a: Gliscor
|
|-weather|RainDance|[upkeep]
|-heal|p2a: Donatello|75/100|[from] ability: Dry Skin
|-heal|p2a: Donatello|81/100|[from] Grassy Terrain
|upkeep
|turn|18
|
|t:|1758289800
|switch|p2a: Littlefoot|Goodra, F|100/100
|-damage|p2a: Littlefoot|88/100|[from] Stealth Rock
|-damage|p2a: Littlefoot|75/100|[from] Spikes
|move|p1a: Gliscor|Spikes|p2a: Littlefoot
|-sidestart|p2: lemonsilverhaze|Spikes
|
|-weather|RainDance|[upkeep]
|-heal|p2a: Littlefoot|82/100|[from] Grassy Terrain
|upkeep
|turn|19
|
|t:|1758289810
|switch|p1a: Slowking|Slowking-Galar, M|100/100
|move|p2a: Littlefoot|Scald|p1a: Slowking
|-damage|p1a: Slowking|83/100
|-status|p1a: Slowking|brn
|
|-weather|RainDance|[upkeep]
|-heal|p2a: Littlefoot|88/100|[from] Grassy Terrain
|-heal|p1a: Slowking|89/100 brn|[from] Grassy Terrain
|-damage|p1a: Slowking|83/100 brn|[from] brn
|upkeep
|turn|20
|
|t:|1758289828
|move|p2a: Littlefoot|Draco Meteor|p1a: Slowking
|-damage|p1a: Slowking|53/100 brn
|-unboost|p2a: Littlefoot|spa|2
|-prepare|p1a: Slowking|Chilly Reception|[premajor]
|move|p1a: Slowking|Chilly Reception|p1a: Slowking
|-weather|Snowscape
|
|t:|1758289838
|switch|p1a: Abomasnow|Abomasnow, F, shiny|100/100|[from] Chilly Reception
|
|-weather|Snowscape|[upkeep]
|-heal|p2a: Littlefoot|94/100|[from] Grassy Terrain
|upkeep
|turn|21
|
|t:|1758289848
|switch|p2a: Poseidon|Pelipper, M|76/100
|-damage|p2a: Poseidon|51/100|[from] Stealth Rock
|-weather|RainDance|[from] ability: Drizzle|[of] p2a: Poseidon
|move|p1a: Abomasnow|Curse|p1a: Abomasnow
|-unboost|p1a: Abomasnow|spe|1
|-boost|p1a: Abomasnow|atk|1
|-boost|p1a: Abomasnow|def|1
|
|-weather|RainDance|[upkeep]
|upkeep
|turn|22
|
|t:|1758289863
|-terastallize|p1a: Abomasnow|Fairy
|move|p2a: Poseidon|Hurricane|p1a: Abomasnow
|-damage|p1a: Abomasnow|62/100
|move|p1a: Abomasnow|Curse|p1a: Abomasnow
|-unboost|p1a: Abomasnow|spe|1
|-boost|p1a: Abomasnow|atk|1
|-boost|p1a: Abomasnow|def|1
|
|-weather|RainDance|[upkeep]
|-heal|p1a: Abomasnow|68/100|[from] Grassy Terrain
|upkeep
|turn|23
|
|t:|1758289875
|switch|p2a: Donatello|Toxicroak, F|81/100
|-damage|p2a: Donatello|75/100|[from] Stealth Rock
|-damage|p2a: Donatello|58/100|[from] Spikes
|move|p1a: Abomasnow|Grassy Glide|p2a: Donatello
|-resisted|p2a: Donatello
|-damage|p2a: Donatello|2/100
|
|-weather|RainDance|[upkeep]
|-heal|p2a: Donatello|15/100|[from] ability: Dry Skin
|-heal|p2a: Donatello|21/100|[from] Grassy Terrain
|-heal|p1a: Abomasnow|74/100|[from] Grassy Terrain
|-fieldend|move: Grassy Terrain
|upkeep
|turn|24
|
|t:|1758289891
|move|p1a: Abomasnow|Ice Shard|p2a: Donatello
|-damage|p2a: Donatello|0 fnt
|faint|p2a: Donatello
|
|-weather|RainDance|[upkeep]
|upkeep
|
|t:|1758289898
|switch|p2a: Jaws|Barraskewda, F, tera:Water|75/100
|-damage|p2a: Jaws|63/100|[from] Stealth Rock
|-damage|p2a: Jaws|46/100|[from] Spikes
|turn|25
|
|t:|1758289904
|switch|p1a: Gliscor|Gliscor, M|63/100
|move|p2a: Jaws|Liquidation|p1a: Gliscor
|-supereffective|p1a: Gliscor
|-damage|p1a: Gliscor|0 fnt
|faint|p1a: Gliscor
|
|-weather|RainDance|[upkeep]
|upkeep
|
|t:|1758289915
|switch|p1a: Rillaboom|Rillaboom, M|100/100
|-fieldstart|move: Grassy Terrain|[from] ability: Grassy Surge|[of] p1a: Rillaboom
|turn|26
|
|t:|1758289923
|switch|p2a: Littlefoot|Goodra, F|94/100
|-damage|p2a: Littlefoot|82/100|[from] Stealth Rock
|-damage|p2a: Littlefoot|65/100|[from] Spikes
|move|p1a: Rillaboom|Grassy Glide|p2a: Littlefoot
|-resisted|p2a: Littlefoot
|-crit|p2a: Littlefoot
|-damage|p2a: Littlefoot|42/100
|-damage|p1a: Rillaboom|84/100|[from] item: Rocky Helmet|[of] p2a: Littlefoot
|
|-weather|RainDance|[upkeep]
|-heal|p1a: Rillaboom|90/100|[from] Grassy Terrain
|-heal|p2a: Littlefoot|48/100|[from] Grassy Terrain
|upkeep
|turn|27
|inactive|lemonsilverhaze has 120 seconds left.
|n|☆lemonsilverhaze|lemonsilverhaze
|
|t:|1758289937
|switch|p1a: Slowking|Slowking-Galar, M|86/100 brn
|move|p2a: Littlefoot|Rest|p2a: Littlefoot
|-status|p2a: Littlefoot|slp|[from] move: Rest
|-heal|p2a: Littlefoot|100/100 slp|[silent]
|
|-weather|RainDance|[upkeep]
|-activate|p2a: Littlefoot|ability: Hydration
|-curestatus|p2a: Littlefoot|slp|[msg]
|-heal|p1a: Slowking|92/100 brn|[from] Grassy Terrain
|-damage|p1a: Slowking|86/100 brn|[from] brn
|upkeep
|turn|28
|inactive|lemonsilverhaze has 120 seconds left.
|
|t:|1758289962
|move|p2a: Littlefoot|Draco Meteor|p1a: Slowking
|-damage|p1a: Slowking|57/100 brn
|-unboost|p2a: Littlefoot|spa|2
|move|p1a: Slowking|Future Sight|p2a: Littlefoot
|-start|p1a: Slowking|move: Future Sight
|
|-weather|none
|-heal|p1a: Slowking|63/100 brn|[from] Grassy Terrain
|-damage|p1a: Slowking|57/100 brn|[from] brn
|upkeep
|turn|29
|
|t:|1758289978
|move|p2a: Littlefoot|Draco Meteor|p1a: Slowking
|-damage|p1a: Slowking|42/100 brn
|-unboost|p2a: Littlefoot|spa|2
|-prepare|p1a: Slowking|Chilly Reception|[premajor]
|move|p1a: Slowking|Chilly Reception|p1a: Slowking
|-weather|Snowscape
|
|t:|1758289981
|switch|p1a: Garganacl|Garganacl, M|42/100|[from] Chilly Reception
|
|-weather|Snowscape|[upkeep]
|-heal|p1a: Garganacl|48/100|[from] Grassy Terrain
|upkeep
|turn|30
|
|t:|1758289991
|switch|p2a: Poseidon|Pelipper, M|51/100
|-damage|p2a: Poseidon|26/100|[from] Stealth Rock
|-weather|RainDance|[from] ability: Drizzle|[of] p2a: Poseidon
|move|p1a: Garganacl|Salt Cure|p2a: Poseidon
|-supereffective|p2a: Poseidon
|-damage|p2a: Poseidon|0 fnt
|faint|p2a: Poseidon
|
|-weather|RainDance|[upkeep]
|-hint|Future Sight did not hit because the target is fainted.
|-heal|p1a: Garganacl|54/100|[from] Grassy Terrain
|upkeep
|
|t:|1758290004
|switch|p2a: Jaws|Barraskewda, F, tera:Water|46/100
|-damage|p2a: Jaws|34/100|[from] Stealth Rock
|-damage|p2a: Jaws|17/100|[from] Spikes
|turn|31
|
|t:|1758290013
|move|p2a: Jaws|Liquidation|p1a: Garganacl
|-supereffective|p1a: Garganacl
|-damage|p1a: Garganacl|0 fnt
|faint|p1a: Garganacl
|
|-weather|RainDance|[upkeep]
|-heal|p2a: Jaws|23/100|[from] Grassy Terrain
|upkeep
|inactive|asuna12344 has 120 seconds left.
|inactive|asuna12344 has 90 seconds left.
|inactive|asuna12344 has 60 seconds left.
|inactive|asuna12344 has 30 seconds left.
|inactive|asuna12344 has 20 seconds left.
|inactive|asuna12344 has 15 seconds left.
|inactive|asuna12344 has 10 seconds left.
|inactive|asuna12344 has 5 seconds left.
|c|☆lemonsilverhaze|Weaker minds rage quits
|-message|asuna12344 lost due to inactivity.
|
|win|lemonsilverhaze
