|j|☆Dizzy Dancing
|j|☆cynasaurus
|t:|1758379738
|gametype|singles
|player|p1|Dizzy Dancing|skyla|1542
|player|p2|cynasaurus|miku-ground|1482
|gen|9
|tier|[Gen 9] OU
|rated|
|rule|HP Percentage Mod: HP is shown in percentages
|rule|Endless Battle Clause: Forcing endless battles is banned
|rule|Species Clause: Limit one of each Pokémon
|rule|OHKO Clause: OHKO moves are banned
|rule|Evasion Items Clause: Evasion items are banned
|rule|Evasion Moves Clause: Evasion moves are banned
|rule|Evasion Abilities Clause: Evasion abilities are banned
|rule|Sleep Moves Clause: Sleep-inducing moves are banned
|clearpoke
|poke|p1|Araquanid, F|
|poke|p1|Dragapult, F|
|poke|p1|Great Tusk|
|poke|p1|Iron Boulder|
|poke|p1|Iron Valiant|
|poke|p1|Raging Bolt|
|poke|p2|Primarina, M|
|poke|p2|Great Tusk|
|poke|p2|Kingambit, F|
|poke|p2|Slowking-Galar, M|
|poke|p2|Ogerpon, F|
|poke|p2|Enamorus, F|
|teampreview
|inactive|Battle timer is ON: inactive players will automatically lose when time's up. (requested by Dizzy Dancing)
|
|t:|1758379748
|teamsize|p1|6
|teamsize|p2|6
|start
|switch|p1a: Araquanid|Araquanid, F|100/100
|switch|p2a: Ogerpon|Ogerpon, F|100/100
|turn|1
|
|t:|1758379756
|move|p2a: Ogerpon|Knock Off|p1a: Araquanid
|-damage|p1a: Araquanid|53/100
|-enditem|p1a: Araquanid|Custap Berry|[from] move: Knock Off|[of] p2a: Ogerpon
|move|p1a: Araquanid|Sticky Web|p2a: Ogerpon
|-sidestart|p2: cynasaurus|move: Sticky Web
|
|upkeep
|turn|2
|
|t:|1758379760
|switch|p2a: Slowking|Slowking-Galar, M|100/100
|-activate|p2a: Slowking|move: Sticky Web
|-unboost|p2a: Slowking|spe|1
|move|p1a: Araquanid|Endeavor|p2a: Slowking
|-damage|p2a: Slowking|46/100
|
|upkeep
|turn|3
|
|t:|1758379769
|move|p1a: Araquanid|Lunge|p2a: Slowking
|-damage|p2a: Slowking|31/100
|-unboost|p2a: Slowking|atk|1
|move|p2a: Slowking|Sludge Bomb|p1a: Araquanid
|-damage|p1a: Araquanid|32/100
|
|upkeep
|turn|4
|
|t:|1758379779
|move|p1a: Araquanid|Lunge|p2a: Slowking
|-damage|p2a: Slowking|17/100
|-unboost|p2a: Slowking|atk|1
|move|p2a: Slowking|Sludge Bomb|p1a: Araquanid
|-damage|p1a: Araquanid|10/100
|
|upkeep
|turn|5
|
|t:|1758379790
|move|p1a: Araquanid|Lunge|p2a: Slowking
|-damage|p2a: Slowking|0 fnt
|faint|p2a: Slowking
|
|upkeep
|
|t:|1758379803
|switch|p2a: Enamorus|Enamorus, F|100/100
|turn|6
|
|t:|1758379815
|move|p2a: Enamorus|Moonblast|p1a: Araquanid
|-damage|p1a: Araquanid|0 fnt
|faint|p1a: Araquanid
|
|upkeep
|
|t:|1758379820
|switch|p1a: Iron Boulder|Iron Boulder|100/100
|turn|7
|
|t:|1758379830
|switch|p2a: Primarina|Primarina, M|100/100
|-activate|p2a: Primarina|move: Sticky Web
|-unboost|p2a: Primarina|spe|1
|move|p1a: Iron Boulder|Mighty Cleave|p2a: Primarina
|-damage|p2a: Primarina|19/100
|-damage|p1a: Iron Boulder|91/100|[from] item: Life Orb
|
|-heal|p2a: Primarina|25/100|[from] item: Leftovers
|upkeep
|turn|8
|
|t:|1758379834
|move|p1a: Iron Boulder|Mighty Cleave|p2a: Primarina
|-damage|p2a: Primarina|0 fnt
|faint|p2a: Primarina
|-damage|p1a: Iron Boulder|81/100|[from] item: Life Orb
|
|upkeep
|
|t:|1758379839
|switch|p2a: Enamorus|Enamorus, F|100/100
|turn|9
|
|t:|1758379843
|-terastallize|p2a: Enamorus|Ground
|move|p2a: Enamorus|Earth Power|p1a: Iron Boulder
|-supereffective|p1a: Iron Boulder
|-damage|p1a: Iron Boulder|0 fnt
|faint|p1a: Iron Boulder
|-end|p1a: Iron Boulder|Quark Drive|[silent]
|
|upkeep
|
|t:|1758379847
|switch|p1a: Great Tusk|Great Tusk|100/100
|turn|10
|
|t:|1758379853
|switch|p2a: Great Tusk|Great Tusk|100/100
|-activate|p2a: Great Tusk|move: Sticky Web
|-unboost|p2a: Great Tusk|spe|1
|move|p1a: Great Tusk|Headlong Rush|p2a: Great Tusk
|-damage|p2a: Great Tusk|46/100
|-unboost|p1a: Great Tusk|def|1
|-unboost|p1a: Great Tusk|spd|1
|-damage|p1a: Great Tusk|84/100|[from] item: Rocky Helmet|[of] p2a: Great Tusk
|-damage|p1a: Great Tusk|74/100|[from] item: Life Orb
|
|upkeep
|turn|11
|
|t:|1758379866
|move|p1a: Great Tusk|Headlong Rush|p2a: Great Tusk
|-damage|p2a: Great Tusk|0 fnt
|-unboost|p1a: Great Tusk|def|1
|-unboost|p1a: Great Tusk|spd|1
|-damage|p1a: Great Tusk|58/100|[from] item: Rocky Helmet|[of] p2a: Great Tusk
|faint|p2a: Great Tusk
|-end|p2a: Great Tusk|Protosynthesis|[silent]
|-damage|p1a: Great Tusk|48/100|[from] item: Life Orb
|
|upkeep
|
|t:|1758379869
|switch|p2a: Enamorus|Enamorus, F, tera:Ground|100/100
|-activate|p2a: Enamorus|move: Sticky Web
|-boost|p2a: Enamorus|spe|1
|turn|12
|
|t:|1758379879
|move|p2a: Enamorus|Earth Power|p1a: Great Tusk
|-damage|p1a: Great Tusk|0 fnt
|faint|p1a: Great Tusk
|-end|p1a: Great Tusk|Protosynthesis|[silent]
|
|upkeep
|
|t:|1758379880
|switch|p1a: Raging Bolt|Raging Bolt|100/100
|-enditem|p1a: Raging Bolt|Booster Energy
|-activate|p1a: Raging Bolt|ability: Protosynthesis|[fromitem]
|-start|p1a: Raging Bolt|protosynthesisspa
|turn|13
|
|t:|1758379885
|switch|p2a: Kingambit|Kingambit, F|100/100
|-activate|p2a: Kingambit|move: Sticky Web
|-unboost|p2a: Kingambit|spe|1
|-activate|p2a: Kingambit|ability: Supreme Overlord
|-start|p2a: Kingambit|fallen3|[silent]
|move|p1a: Raging Bolt|Dragon Pulse|p2a: Kingambit
|-resisted|p2a: Kingambit
|-damage|p2a: Kingambit|69/100
|
|-heal|p2a: Kingambit|75/100|[from] item: Leftovers
|upkeep
|turn|14
|
|t:|1758379892
|move|p1a: Raging Bolt|Calm Mind|p1a: Raging Bolt
|-boost|p1a: Raging Bolt|spa|1
|-boost|p1a: Raging Bolt|spd|1
|move|p2a: Kingambit|Swords Dance|p2a: Kingambit
|-boost|p2a: Kingambit|atk|2
|
|-heal|p2a: Kingambit|81/100|[from] item: Leftovers
|upkeep
|turn|15
|
|t:|1758379897
|-terastallize|p1a: Raging Bolt|Electric
|move|p1a: Raging Bolt|Thunderclap|p2a: Kingambit
|-damage|p2a: Kingambit|0 fnt
|faint|p2a: Kingambit
|-end|p2a: Kingambit|fallen3|[silent]
|
|upkeep
|
|t:|1758379901
|switch|p2a: Enamorus|Enamorus, F, tera:Ground|100/100
|-activate|p2a: Enamorus|move: Sticky Web
|-boost|p2a: Enamorus|spe|1
|turn|16
|
|t:|1758379903
|move|p2a: Enamorus|Earth Power|p1a: Raging Bolt
|-supereffective|p1a: Raging Bolt
|-damage|p1a: Raging Bolt|36/100
|move|p1a: Raging Bolt|Dragon Pulse|p2a: Enamorus
|-damage|p2a: Enamorus|0 fnt
|faint|p2a: Enamorus
|
|upkeep
|
|t:|1758379906
|switch|p2a: Ogerpon|Ogerpon, F|100/100
|-activate|p2a: Ogerpon|move: Sticky Web
|-unboost|p2a: Ogerpon|spe|1
|-ability|p2a: Ogerpon|Defiant|boost
|-boost|p2a: Ogerpon|atk|2
|turn|17
|
|t:|1758379910
|move|p1a: Raging Bolt|Dragon Pulse|p2a: Ogerpon
|-damage|p2a: Ogerpon|0 fnt
|faint|p2a: Ogerpon
|
|win|Dizzy Dancing
|raw|Dizzy Dancing's rating: 1542 &rarr; <strong>1559</strong><br />(+17 for winning)
|raw|cynasaurus's rating: 1482 &rarr; <strong>1465</strong><br />(-17 for losing)
|l|☆cynasaurus
|player|p2|
