|j|☆jsyxfqhau
|j|☆LeTroubadourDu31
|t:|1758362488
|gametype|singles
|player|p1|jsyxfqhau|red|1225
|player|p2|LeTroubadourDu31|hiker-gen1|1275
|gen|9
|tier|[Gen 9] OU
|rated|
|rule|HP Percentage Mod: HP is shown in percentages
|rule|Endless Battle Clause: Forcing endless battles is banned
|rule|Species Clause: Limit one of each Pokémon
|rule|OHKO Clause: OHKO moves are banned
|rule|Evasion Items Clause: Evasion items are banned
|rule|Evasion Moves Clause: Evasion moves are banned
|rule|Evasion Abilities Clause: Evasion abilities are banned
|rule|Sleep Moves Clause: Sleep-inducing moves are banned
|clearpoke
|poke|p1|Gliscor, M|
|poke|p1|Umbreon, F|
|poke|p1|Pelipper, F|
|poke|p1|Ogerpon-Wellspring, F|
|poke|p1|Dondozo, M|
|poke|p1|Basculegion-F, F|
|poke|p2|Zamazenta-*|
|poke|p2|Ninetales-Alola, F|
|poke|p2|Darkrai|
|poke|p2|Ceruledge, F|
|poke|p2|Gliscor, M|
|poke|p2|Hatterene, F|
|teampreview
|inactive|Battle timer is ON: inactive players will automatically lose when time's up. (requested by LeTroubadourDu31)
|
|t:|1758362510
|teamsize|p1|6
|teamsize|p2|6
|start
|switch|p1a: Basculegion|Basculegion-F, F|100/100
|switch|p2a: Ninetales|Ninetales-Alola, F|100/100
|-weather|Snowscape|[from] ability: Snow Warning|[of] p2a: Ninetales
|turn|1
|
|t:|1758362525
|move|p2a: Ninetales|Aurora Veil|p2a: Ninetales
|-sidestart|p2: LeTroubadourDu31|move: Aurora Veil
|move|p1a: Basculegion|Head Smash|p2a: Ninetales
|-supereffective|p2a: Ninetales
|-damage|p2a: Ninetales|65/100
|-damage|p1a: Basculegion|84/100|[from] Recoil
|
|-weather|Snowscape|[upkeep]
|upkeep
|turn|2
|
|t:|1758362542
|switch|p1a: Pelipper|Pelipper, F, shiny|100/100
|-weather|RainDance|[from] ability: Drizzle|[of] p1a: Pelipper
|move|p2a: Ninetales|Freeze-Dry|p1a: Pelipper
|-supereffective|p1a: Pelipper
|-crit|p1a: Pelipper
|-damage|p1a: Pelipper|0 fnt
|faint|p1a: Pelipper
|
|-weather|RainDance|[upkeep]
|upkeep
|
|t:|1758362550
|switch|p1a: Basculegion|Basculegion-F, F|84/100
|turn|3
|
|t:|1758362558
|switch|p2a: Hatterene|Hatterene, F|100/100
|move|p1a: Basculegion|Head Smash|p2a: Hatterene
|-damage|p2a: Hatterene|82/100
|-damage|p1a: Basculegion|76/100|[from] Recoil
|
|-weather|RainDance|[upkeep]
|-heal|p2a: Hatterene|88/100|[from] item: Leftovers
|upkeep
|turn|4
|
|t:|1758362575
|move|p1a: Basculegion|Wave Crash|p2a: Hatterene
|-damage|p2a: Hatterene|54/100
|-damage|p1a: Basculegion|67/100|[from] Recoil
|move|p2a: Hatterene|Calm Mind|p2a: Hatterene
|-boost|p2a: Hatterene|spa|1
|-boost|p2a: Hatterene|spd|1
|
|-weather|RainDance|[upkeep]
|-heal|p2a: Hatterene|60/100|[from] item: Leftovers
|upkeep
|turn|5
|
|t:|1758362584
|switch|p1a: Dondozo|Dondozo, M, shiny|100/100
|-terastallize|p2a: Hatterene|Water
|move|p2a: Hatterene|Calm Mind|p2a: Hatterene
|-boost|p2a: Hatterene|spa|1
|-boost|p2a: Hatterene|spd|1
|
|-weather|RainDance|[upkeep]
|-heal|p2a: Hatterene|66/100|[from] item: Leftovers
|upkeep
|turn|6
|
|t:|1758362592
|move|p2a: Hatterene|Draining Kiss|p1a: Dondozo
|-damage|p1a: Dondozo|84/100
|-heal|p2a: Hatterene|85/100|[from] drain|[of] p1a: Dondozo
|move|p1a: Dondozo|Earthquake|p2a: Hatterene
|-damage|p2a: Hatterene|74/100
|
|-weather|RainDance|[upkeep]
|-heal|p2a: Hatterene|80/100|[from] item: Leftovers
|-heal|p1a: Dondozo|91/100|[from] item: Leftovers
|upkeep
|turn|7
|
|t:|1758362605
|move|p1a: Dondozo|Protect|p1a: Dondozo
|-singleturn|p1a: Dondozo|Protect
|move|p2a: Hatterene|Draining Kiss|p1a: Dondozo
|-activate|p1a: Dondozo|move: Protect
|
|-weather|RainDance|[upkeep]
|-heal|p2a: Hatterene|86/100|[from] item: Leftovers
|-heal|p1a: Dondozo|97/100|[from] item: Leftovers
|upkeep
|turn|8
|
|t:|1758362619
|move|p2a: Hatterene|Draining Kiss|p1a: Dondozo
|-damage|p1a: Dondozo|79/100
|-heal|p2a: Hatterene|100/100|[from] drain|[of] p1a: Dondozo
|move|p1a: Dondozo|Earthquake|p2a: Hatterene
|-damage|p2a: Hatterene|89/100
|
|-weather|RainDance|[upkeep]
|-heal|p2a: Hatterene|95/100|[from] item: Leftovers
|-heal|p1a: Dondozo|86/100|[from] item: Leftovers
|-sideend|p2: LeTroubadourDu31|move: Aurora Veil
|upkeep
|turn|9
|
|t:|1758362627
|move|p2a: Hatterene|Draining Kiss|p1a: Dondozo
|-damage|p1a: Dondozo|69/100
|-heal|p2a: Hatterene|100/100|[from] drain|[of] p1a: Dondozo
|move|p1a: Dondozo|Earthquake|p2a: Hatterene
|-damage|p2a: Hatterene|78/100
|
|-weather|none
|-heal|p2a: Hatterene|84/100|[from] item: Leftovers
|-heal|p1a: Dondozo|75/100|[from] item: Leftovers
|upkeep
|turn|10
|
|t:|1758362641
|move|p1a: Dondozo|Protect|p1a: Dondozo
|-singleturn|p1a: Dondozo|Protect
|move|p2a: Hatterene|Draining Kiss|p1a: Dondozo
|-activate|p1a: Dondozo|move: Protect
|
|-heal|p2a: Hatterene|90/100|[from] item: Leftovers
|-heal|p1a: Dondozo|81/100|[from] item: Leftovers
|upkeep
|turn|11
|
|t:|1758362649
|move|p2a: Hatterene|Draining Kiss|p1a: Dondozo
|-damage|p1a: Dondozo|66/100
|-heal|p2a: Hatterene|100/100|[from] drain|[of] p1a: Dondozo
|move|p1a: Dondozo|Earthquake|p2a: Hatterene
|-crit|p2a: Hatterene
|-damage|p2a: Hatterene|66/100
|
|-heal|p2a: Hatterene|72/100|[from] item: Leftovers
|-heal|p1a: Dondozo|73/100|[from] item: Leftovers
|upkeep
|turn|12
|
|t:|1758362669
|move|p1a: Dondozo|Protect|p1a: Dondozo
|-singleturn|p1a: Dondozo|Protect
|move|p2a: Hatterene|Draining Kiss|p1a: Dondozo
|-activate|p1a: Dondozo|move: Protect
|
|-heal|p2a: Hatterene|78/100|[from] item: Leftovers
|-heal|p1a: Dondozo|79/100|[from] item: Leftovers
|upkeep
|turn|13
|
|t:|1758362679
|move|p2a: Hatterene|Draining Kiss|p1a: Dondozo
|-damage|p1a: Dondozo|64/100
|-heal|p2a: Hatterene|96/100|[from] drain|[of] p1a: Dondozo
|move|p1a: Dondozo|Earthquake|p2a: Hatterene
|-damage|p2a: Hatterene|74/100
|
|-heal|p2a: Hatterene|80/100|[from] item: Leftovers
|-heal|p1a: Dondozo|70/100|[from] item: Leftovers
|upkeep
|turn|14
|
|t:|1758362692
|move|p1a: Dondozo|Protect|p1a: Dondozo
|-singleturn|p1a: Dondozo|Protect
|move|p2a: Hatterene|Draining Kiss|p1a: Dondozo
|-activate|p1a: Dondozo|move: Protect
|
|-heal|p2a: Hatterene|86/100|[from] item: Leftovers
|-heal|p1a: Dondozo|76/100|[from] item: Leftovers
|upkeep
|turn|15
|
|t:|1758362698
|move|p2a: Hatterene|Draining Kiss|p1a: Dondozo
|-damage|p1a: Dondozo|60/100
|-heal|p2a: Hatterene|100/100|[from] drain|[of] p1a: Dondozo
|move|p1a: Dondozo|Aqua Tail|p2a: Hatterene
|-resisted|p2a: Hatterene
|-crit|p2a: Hatterene
|-damage|p2a: Hatterene|80/100
|
|-heal|p2a: Hatterene|86/100|[from] item: Leftovers
|-heal|p1a: Dondozo|67/100|[from] item: Leftovers
|upkeep
|turn|16
|
|t:|1758362710
|move|p1a: Dondozo|Protect|p1a: Dondozo
|-singleturn|p1a: Dondozo|Protect
|move|p2a: Hatterene|Calm Mind|p2a: Hatterene
|-boost|p2a: Hatterene|spa|1
|-boost|p2a: Hatterene|spd|1
|
|-heal|p2a: Hatterene|92/100|[from] item: Leftovers
|-heal|p1a: Dondozo|73/100|[from] item: Leftovers
|upkeep
|turn|17
|
|t:|1758362720
|move|p2a: Hatterene|Draining Kiss|p1a: Dondozo
|-damage|p1a: Dondozo|56/100
|-heal|p2a: Hatterene|100/100|[from] drain|[of] p1a: Dondozo
|move|p1a: Dondozo|Aqua Tail|p2a: Hatterene
|-resisted|p2a: Hatterene
|-damage|p2a: Hatterene|87/100
|
|-heal|p2a: Hatterene|93/100|[from] item: Leftovers
|-heal|p1a: Dondozo|63/100|[from] item: Leftovers
|upkeep
|turn|18
|
|t:|1758362727
|move|p1a: Dondozo|Protect|p1a: Dondozo
|-singleturn|p1a: Dondozo|Protect
|move|p2a: Hatterene|Calm Mind|p2a: Hatterene
|-boost|p2a: Hatterene|spa|1
|-boost|p2a: Hatterene|spd|1
|
|-heal|p2a: Hatterene|99/100|[from] item: Leftovers
|-heal|p1a: Dondozo|69/100|[from] item: Leftovers
|upkeep
|turn|19
|
|t:|1758362745
|move|p2a: Hatterene|Draining Kiss|p1a: Dondozo
|-damage|p1a: Dondozo|53/100
|-heal|p2a: Hatterene|100/100|[from] drain|[of] p1a: Dondozo
|move|p1a: Dondozo|Aqua Tail|p2a: Hatterene
|-resisted|p2a: Hatterene
|-damage|p2a: Hatterene|87/100
|
|-heal|p2a: Hatterene|93/100|[from] item: Leftovers
|-heal|p1a: Dondozo|59/100|[from] item: Leftovers
|upkeep
|turn|20
|
|t:|1758362752
|move|p2a: Hatterene|Calm Mind|p2a: Hatterene
|-boost|p2a: Hatterene|spa|1
|-boost|p2a: Hatterene|spd|1
|move|p1a: Dondozo|Aqua Tail|p2a: Hatterene
|-resisted|p2a: Hatterene
|-damage|p2a: Hatterene|79/100
|
|-heal|p2a: Hatterene|85/100|[from] item: Leftovers
|-heal|p1a: Dondozo|65/100|[from] item: Leftovers
|upkeep
|turn|21
|
|t:|1758362760
|move|p1a: Dondozo|Protect|p1a: Dondozo
|-singleturn|p1a: Dondozo|Protect
|move|p2a: Hatterene|Calm Mind|p2a: Hatterene
|-boost|p2a: Hatterene|spa|1
|-boost|p2a: Hatterene|spd|1
|
|-heal|p2a: Hatterene|91/100|[from] item: Leftovers
|-heal|p1a: Dondozo|72/100|[from] item: Leftovers
|upkeep
|turn|22
|
|t:|1758362769
|move|p2a: Hatterene|Psyshock|p1a: Dondozo
|-damage|p1a: Dondozo|51/100
|move|p1a: Dondozo|Tera Blast|p2a: Hatterene
|-damage|p2a: Hatterene|76/100
|
|-heal|p2a: Hatterene|82/100|[from] item: Leftovers
|-heal|p1a: Dondozo|57/100|[from] item: Leftovers
|upkeep
|turn|23
|
|t:|1758362776
|move|p1a: Dondozo|Protect|p1a: Dondozo
|-singleturn|p1a: Dondozo|Protect
|move|p2a: Hatterene|Psyshock|p1a: Dondozo
|-activate|p1a: Dondozo|move: Protect
|
|-heal|p2a: Hatterene|88/100|[from] item: Leftovers
|-heal|p1a: Dondozo|63/100|[from] item: Leftovers
|upkeep
|turn|24
|
|t:|1758362783
|switch|p1a: Umbreon|Umbreon, F, shiny|100/100
|move|p2a: Hatterene|Psyshock|p1a: Umbreon
|-immune|p1a: Umbreon
|
|-heal|p2a: Hatterene|94/100|[from] item: Leftovers
|upkeep
|turn|25
|
|t:|1758362788
|move|p1a: Umbreon|Protect|p1a: Umbreon
|-singleturn|p1a: Umbreon|Protect
|move|p2a: Hatterene|Draining Kiss|p1a: Umbreon
|-activate|p1a: Umbreon|move: Protect
|
|-heal|p2a: Hatterene|99/100|[from] item: Leftovers
|upkeep
|turn|26
|
|t:|1758362795
|switch|p1a: Dondozo|Dondozo, M, shiny|63/100
|move|p2a: Hatterene|Draining Kiss|p1a: Dondozo
|-damage|p1a: Dondozo|47/100
|-heal|p2a: Hatterene|100/100|[from] drain|[of] p1a: Dondozo
|
|-heal|p1a: Dondozo|53/100|[from] item: Leftovers
|upkeep
|turn|27
|
|t:|1758362802
|move|p1a: Dondozo|Protect|p1a: Dondozo
|-singleturn|p1a: Dondozo|Protect
|move|p2a: Hatterene|Calm Mind|p2a: Hatterene
|-boost|p2a: Hatterene|spa|0
|-boost|p2a: Hatterene|spd|0
|
|-heal|p1a: Dondozo|59/100|[from] item: Leftovers
|upkeep
|turn|28
|
|t:|1758362812
|move|p2a: Hatterene|Psyshock|p1a: Dondozo
|-damage|p1a: Dondozo|39/100
|move|p1a: Dondozo|Aqua Tail|p2a: Hatterene
|-resisted|p2a: Hatterene
|-damage|p2a: Hatterene|85/100
|
|-heal|p2a: Hatterene|91/100|[from] item: Leftovers
|-heal|p1a: Dondozo|46/100|[from] item: Leftovers
|upkeep
|turn|29
|
|t:|1758362817
|move|p1a: Dondozo|Protect|p1a: Dondozo
|-singleturn|p1a: Dondozo|Protect
|move|p2a: Hatterene|Calm Mind|p2a: Hatterene
|-boost|p2a: Hatterene|spa|0
|-boost|p2a: Hatterene|spd|0
|
|-heal|p2a: Hatterene|97/100|[from] item: Leftovers
|-heal|p1a: Dondozo|52/100|[from] item: Leftovers
|upkeep
|turn|30
|
|t:|1758362823
|switch|p1a: Umbreon|Umbreon, F, shiny|100/100
|move|p2a: Hatterene|Draining Kiss|p1a: Umbreon
|-supereffective|p1a: Umbreon
|-damage|p1a: Umbreon|0 fnt
|-heal|p2a: Hatterene|100/100|[from] drain|[of] p1a: Umbreon
|faint|p1a: Umbreon
|
|upkeep
|
|t:|1758362832
|switch|p1a: Gliscor|Gliscor, M|100/100
|turn|31
|
|t:|1758362836
|move|p1a: Gliscor|Protect|p1a: Gliscor
|-singleturn|p1a: Gliscor|Protect
|move|p2a: Hatterene|Psyshock|p1a: Gliscor
|-activate|p1a: Gliscor|move: Protect
|
|-status|p1a: Gliscor|tox|[from] item: Toxic Orb
|upkeep
|turn|32
|
|t:|1758362842
|move|p1a: Gliscor|Toxic|p2a: Hatterene
|move|p2a: Hatterene|Toxic|p1a: Gliscor|[from] ability: Magic Bounce
|-fail|p1a: Gliscor|tox
|move|p2a: Hatterene|Psyshock|p1a: Gliscor
|-damage|p1a: Gliscor|0 fnt
|faint|p1a: Gliscor
|
|upkeep
|
|t:|1758362846
|switch|p1a: Basculegion|Basculegion-F, F|67/100
|turn|33
|inactive|jsyxfqhau has 120 seconds left.
|inactive|jsyxfqhau has 90 seconds left.
|inactive|jsyxfqhau has 60 seconds left.
|inactive|jsyxfqhau has 30 seconds left.
|inactive|jsyxfqhau has 20 seconds left.
|inactive|jsyxfqhau has 15 seconds left.
|inactive|jsyxfqhau has 10 seconds left.
|inactive|jsyxfqhau has 5 seconds left.
|-message|jsyxfqhau lost due to inactivity.
|
|win|LeTroubadourDu31
|raw|jsyxfqhau's rating: 1225 &rarr; <strong>1204</strong><br />(-21 for losing)
|raw|LeTroubadourDu31's rating: 1285 &rarr; <strong>1306</strong><br />(+21 for winning)
|l|☆LeTroubadourDu31
|player|p2|
