|j|☆reino4eva
|j|☆whichjuanz
|t:|1758303909
|gametype|singles
|player|p1|reino4eva|169|1304
|player|p2|whichjuanz|hiker-gen4|1276
|gen|9
|tier|[Gen 9] OU
|rated|
|rule|HP Percentage Mod: HP is shown in percentages
|rule|Endless Battle Clause: Forcing endless battles is banned
|rule|Species Clause: Limit one of each Pokémon
|rule|OHKO Clause: OHKO moves are banned
|rule|Evasion Items Clause: Evasion items are banned
|rule|Evasion Moves Clause: Evasion moves are banned
|rule|Evasion Abilities Clause: Evasion abilities are banned
|rule|Sleep Moves Clause: Sleep-inducing moves are banned
|clearpoke
|poke|p1|Zamazenta-*|
|poke|p1|Ninetales-Alola, F|
|poke|p1|Darkrai|
|poke|p1|Ceruledge, F|
|poke|p1|Gliscor, M|
|poke|p1|Hatterene, F|
|poke|p2|Exeggutor-Alola, F|
|poke|p2|Cinderace, M|
|poke|p2|Quaquaval, M|
|poke|p2|Palossand, F|
|poke|p2|Comfey, M|
|poke|p2|Dugtrio-Alola, F|
|teampreview
|inactive|Battle timer is ON: inactive players will automatically lose when time's up. (requested by whichjuanz)
|
|t:|1758303929
|teamsize|p1|6
|teamsize|p2|6
|start
|switch|p1a: Ninetales|Ninetales-Alola, F|100/100
|switch|p2a: KLOuFRENS|Dugtrio-Alola, F|100/100
|-weather|Snowscape|[from] ability: Snow Warning|[of] p1a: Ninetales
|turn|1
|
|t:|1758303958
|switch|p1a: Gliscor|Gliscor, M|100/100
|move|p2a: KLOuFRENS|Stealth Rock|p1a: Gliscor
|-sidestart|p1: reino4eva|move: Stealth Rock
|
|-weather|Snowscape|[upkeep]
|-status|p1a: Gliscor|tox|[from] item: Toxic Orb
|upkeep
|turn|2
|
|t:|1758303968
|move|p2a: KLOuFRENS|Final Gambit|p1a: Gliscor
|-damage|p1a: Gliscor|23/100 tox
|faint|p2a: KLOuFRENS
|move|p1a: Gliscor|Agility|p1a: Gliscor
|-boost|p1a: Gliscor|spe|2
|
|-weather|Snowscape|[upkeep]
|-heal|p1a: Gliscor|35/100 tox|[from] ability: Poison Heal
|upkeep
|
|t:|1758303974
|switch|p2a: BAILE INoLVIDABLE|Quaquaval, M|100/100
|-item|p2a: BAILE INoLVIDABLE|Air Balloon
|turn|3
|
|t:|1758303982
|-terastallize|p1a: Gliscor|Normal
|move|p1a: Gliscor|Facade|p2a: BAILE INoLVIDABLE
|-damage|p2a: BAILE INoLVIDABLE|42/100
|-enditem|p2a: BAILE INoLVIDABLE|Air Balloon
|move|p2a: BAILE INoLVIDABLE|Aqua Step|p1a: Gliscor
|-damage|p1a: Gliscor|5/100 tox
|-boost|p2a: BAILE INoLVIDABLE|spe|1
|
|-weather|Snowscape|[upkeep]
|-heal|p1a: Gliscor|18/100 tox|[from] ability: Poison Heal
|upkeep
|turn|4
|
|t:|1758303993
|move|p1a: Gliscor|Facade|p2a: BAILE INoLVIDABLE
|-damage|p2a: BAILE INoLVIDABLE|0 fnt
|faint|p2a: BAILE INoLVIDABLE
|
|-weather|Snowscape|[upkeep]
|-heal|p1a: Gliscor|30/100 tox|[from] ability: Poison Heal
|upkeep
|
|t:|1758303996
|switch|p2a: DtMF|Comfey, M|100/100
|turn|5
|
|t:|1758304000
|move|p2a: DtMF|Draining Kiss|p1a: Gliscor
|-damage|p1a: Gliscor|0 fnt
|faint|p1a: Gliscor
|
|-weather|none
|upkeep
|
|t:|1758304017
|switch|p1a: Ninetales|Ninetales-Alola, F|100/100
|-damage|p1a: Ninetales|76/100|[from] Stealth Rock
|-weather|Snowscape|[from] ability: Snow Warning|[of] p1a: Ninetales
|turn|6
|
|t:|1758304025
|switch|p2a: ELCLuB|Cinderace, M|100/100
|move|p1a: Ninetales|Aurora Veil|p1a: Ninetales
|-sidestart|p1: reino4eva|move: Aurora Veil
|
|-weather|Snowscape|[upkeep]
|upkeep
|turn|7
|
|t:|1758304031
|switch|p1a: Ceruledge|Ceruledge, F|100/100
|-damage|p1a: Ceruledge|76/100|[from] Stealth Rock
|move|p2a: ELCLuB|Court Change|p2a: ELCLuB
|-start|p2a: ELCLuB|typechange|Normal|[from] ability: Libero
|-swapsideconditions
|-activate|p2a: ELCLuB|move: Court Change
|
|-weather|Snowscape|[upkeep]
|upkeep
|turn|8
|
|t:|1758304044
|move|p2a: ELCLuB|U-turn|p1a: Ceruledge
|-resisted|p1a: Ceruledge
|-damage|p1a: Ceruledge|70/100
|
|t:|1758304049
|switch|p2a: BOKeTE|Exeggutor-Alola, F|100/100|[from] U-turn
|-damage|p2a: BOKeTE|88/100|[from] Stealth Rock
|move|p1a: Ceruledge|Bulk Up|p1a: Ceruledge
|-boost|p1a: Ceruledge|atk|1
|-boost|p1a: Ceruledge|def|1
|
|-weather|Snowscape|[upkeep]
|upkeep
|turn|9
|
|t:|1758304053
|move|p1a: Ceruledge|Bitter Blade|p2a: BOKeTE
|-damage|p2a: BOKeTE|69/100
|-heal|p1a: Ceruledge|81/100|[from] drain|[of] p2a: BOKeTE
|move|p2a: BOKeTE|Leech Seed|p1a: Ceruledge
|-start|p1a: Ceruledge|move: Leech Seed
|
|-weather|Snowscape|[upkeep]
|-damage|p1a: Ceruledge|68/100|[from] Leech Seed|[of] p2a: BOKeTE
|-heal|p2a: BOKeTE|80/100|[silent]
|upkeep
|turn|10
|
|t:|1758304062
|switch|p1a: Ninetales|Ninetales-Alola, F|76/100
|move|p2a: BOKeTE|Substitute|p2a: BOKeTE
|-start|p2a: BOKeTE|Substitute
|-damage|p2a: BOKeTE|55/100
|
|-weather|none
|upkeep
|turn|11
|
|t:|1758304068
|move|p1a: Ninetales|Freeze-Dry|p2a: BOKeTE
|-supereffective|p2a: BOKeTE
|-end|p2a: BOKeTE|Substitute
|move|p2a: BOKeTE|Wood Hammer|p1a: Ninetales
|-damage|p1a: Ninetales|22/100
|-damage|p2a: BOKeTE|39/100|[from] Recoil
|-enditem|p2a: BOKeTE|Sitrus Berry|[eat]
|-heal|p2a: BOKeTE|64/100|[from] item: Sitrus Berry
|
|upkeep
|turn|12
|
|t:|1758304074
|switch|p2a: ELCLuB|Cinderace, M|100/100
|move|p1a: Ninetales|Freeze-Dry|p2a: ELCLuB
|-resisted|p2a: ELCLuB
|-damage|p2a: ELCLuB|93/100
|
|upkeep
|turn|13
|
|t:|1758304083
|move|p2a: ELCLuB|Court Change|p2a: ELCLuB
|-start|p2a: ELCLuB|typechange|Normal|[from] ability: Libero
|-swapsideconditions
|-activate|p2a: ELCLuB|move: Court Change
|move|p1a: Ninetales|Encore|p2a: ELCLuB
|-start|p2a: ELCLuB|Encore
|
|-sideend|p1: reino4eva|move: Aurora Veil
|upkeep
|turn|14
|
|t:|1758304092
|switch|p2a: DtMF|Comfey, M|100/100
|move|p1a: Ninetales|Freeze-Dry|p2a: DtMF
|-damage|p2a: DtMF|80/100
|
|upkeep
|turn|15
|
|t:|1758304102
|move|p1a: Ninetales|Freeze-Dry|p2a: DtMF
|-crit|p2a: DtMF
|-damage|p2a: DtMF|51/100
|move|p2a: DtMF|Trick|p1a: Ninetales
|-activate|p2a: DtMF|move: Trick|[of] p1a: Ninetales
|-item|p1a: Ninetales|Choice Specs|[from] move: Trick
|-item|p2a: DtMF|Light Clay|[from] move: Trick
|
|upkeep
|turn|16
|
|t:|1758304108
|move|p2a: DtMF|Draining Kiss|p1a: Ninetales
|-damage|p1a: Ninetales|0 fnt
|-heal|p2a: DtMF|69/100|[from] drain|[of] p1a: Ninetales
|faint|p1a: Ninetales
|
|upkeep
|
|t:|1758304116
|switch|p1a: Zamazenta|Zamazenta|100/100
|-damage|p1a: Zamazenta|94/100|[from] Stealth Rock
|-ability|p1a: Zamazenta|Dauntless Shield|boost
|-boost|p1a: Zamazenta|def|1
|turn|17
|
|t:|1758304122
|switch|p1a: Ceruledge|Ceruledge, F|68/100
|-damage|p1a: Ceruledge|43/100|[from] Stealth Rock
|switch|p2a: BOKeTE|Exeggutor-Alola, F|64/100
|
|-item|p2a: BOKeTE|Sitrus Berry|[from] ability: Harvest
|upkeep
|turn|18
|
|t:|1758304132
|move|p1a: Ceruledge|Taunt|p2a: BOKeTE
|-start|p2a: BOKeTE|move: Taunt
|cant|p2a: BOKeTE|move: Taunt|Leech Seed
|
|upkeep
|turn|19
|
|t:|1758304135
|move|p1a: Ceruledge|Bitter Blade|p2a: BOKeTE
|-damage|p2a: BOKeTE|38/100
|-heal|p1a: Ceruledge|58/100|[from] drain|[of] p2a: BOKeTE
|-enditem|p2a: BOKeTE|Sitrus Berry|[eat]
|-heal|p2a: BOKeTE|63/100|[from] item: Sitrus Berry
|move|p2a: BOKeTE|Wood Hammer|p1a: Ceruledge
|-resisted|p1a: Ceruledge
|-damage|p1a: Ceruledge|33/100
|-damage|p2a: BOKeTE|56/100|[from] Recoil
|
|-item|p2a: BOKeTE|Sitrus Berry|[from] ability: Harvest
|upkeep
|turn|20
|
|t:|1758304146
|move|p1a: Ceruledge|Bulk Up|p1a: Ceruledge
|-boost|p1a: Ceruledge|atk|1
|-boost|p1a: Ceruledge|def|1
|move|p2a: BOKeTE|Wood Hammer|p1a: Ceruledge
|-resisted|p1a: Ceruledge
|-damage|p1a: Ceruledge|17/100
|-damage|p2a: BOKeTE|51/100|[from] Recoil
|
|-end|p2a: BOKeTE|move: Taunt
|upkeep
|turn|21
|
|t:|1758304151
|move|p1a: Ceruledge|Bitter Blade|p2a: BOKeTE
|-damage|p2a: BOKeTE|10/100
|-heal|p1a: Ceruledge|40/100|[from] drain|[of] p2a: BOKeTE
|-enditem|p2a: BOKeTE|Sitrus Berry|[eat]
|-heal|p2a: BOKeTE|35/100|[from] item: Sitrus Berry
|move|p2a: BOKeTE|Wood Hammer|p1a: Ceruledge
|-resisted|p1a: Ceruledge
|-damage|p1a: Ceruledge|23/100
|-damage|p2a: BOKeTE|30/100|[from] Recoil
|
|-item|p2a: BOKeTE|Sitrus Berry|[from] ability: Harvest
|upkeep
|-enditem|p2a: BOKeTE|Sitrus Berry|[eat]
|-heal|p2a: BOKeTE|55/100|[from] item: Sitrus Berry
|turn|22
|
|t:|1758304159
|move|p1a: Ceruledge|Bitter Blade|p2a: BOKeTE
|-damage|p2a: BOKeTE|16/100
|-heal|p1a: Ceruledge|45/100|[from] drain|[of] p2a: BOKeTE
|move|p2a: BOKeTE|Wood Hammer|p1a: Ceruledge
|-resisted|p1a: Ceruledge
|-damage|p1a: Ceruledge|30/100
|-damage|p2a: BOKeTE|12/100|[from] Recoil
|
|-item|p2a: BOKeTE|Sitrus Berry|[from] ability: Harvest
|upkeep
|-enditem|p2a: BOKeTE|Sitrus Berry|[eat]
|-heal|p2a: BOKeTE|37/100|[from] item: Sitrus Berry
|turn|23
|
|t:|1758304164
|move|p1a: Ceruledge|Bitter Blade|p2a: BOKeTE
|-damage|p2a: BOKeTE|0 fnt
|-heal|p1a: Ceruledge|50/100|[from] drain|[of] p2a: BOKeTE
|faint|p2a: BOKeTE
|
|upkeep
|
|t:|1758304167
|switch|p2a: TURiSTA|Palossand, F|100/100
|turn|24
|
|t:|1758304173
|move|p1a: Ceruledge|Bitter Blade|p2a: TURiSTA
|-damage|p2a: TURiSTA|56/100
|-heal|p1a: Ceruledge|73/100|[from] drain|[of] p2a: TURiSTA
|move|p2a: TURiSTA|Amnesia|p2a: TURiSTA
|-boost|p2a: TURiSTA|spd|2
|
|upkeep
|turn|25
|
|t:|1758304180
|move|p1a: Ceruledge|Bitter Blade|p2a: TURiSTA
|-damage|p2a: TURiSTA|11/100
|-heal|p1a: Ceruledge|97/100|[from] drain|[of] p2a: TURiSTA
|move|p2a: TURiSTA|Shore Up|p2a: TURiSTA
|-heal|p2a: TURiSTA|61/100
|
|upkeep
|turn|26
|
|t:|1758304187
|-terastallize|p2a: TURiSTA|Dragon
|move|p1a: Ceruledge|Bitter Blade|p2a: TURiSTA
|-resisted|p2a: TURiSTA
|-damage|p2a: TURiSTA|39/100
|-heal|p1a: Ceruledge|100/100|[from] drain|[of] p2a: TURiSTA
|move|p2a: TURiSTA|Shore Up|p2a: TURiSTA
|-heal|p2a: TURiSTA|89/100
|
|upkeep
|turn|27
|
|t:|1758304193
|move|p1a: Ceruledge|Taunt|p2a: TURiSTA
|-start|p2a: TURiSTA|move: Taunt
|move|p2a: TURiSTA|Shadow Ball|p1a: Ceruledge
|-supereffective|p1a: Ceruledge
|-damage|p1a: Ceruledge|38/100
|
|upkeep
|turn|28
|
|t:|1758304197
|move|p1a: Ceruledge|Bitter Blade|p2a: TURiSTA
|-resisted|p2a: TURiSTA
|-damage|p2a: TURiSTA|65/100
|-heal|p1a: Ceruledge|50/100|[from] drain|[of] p2a: TURiSTA
|move|p2a: TURiSTA|Shadow Ball|p1a: Ceruledge
|-supereffective|p1a: Ceruledge
|-damage|p1a: Ceruledge|0 fnt
|faint|p1a: Ceruledge
|
|upkeep
|
|t:|1758304202
|switch|p1a: Hatterene|Hatterene, F|100/100
|-damage|p1a: Hatterene|88/100|[from] Stealth Rock
|turn|29
|
|t:|1758304211
|move|p1a: Hatterene|Mystical Fire|p2a: TURiSTA
|-resisted|p2a: TURiSTA
|-damage|p2a: TURiSTA|58/100
|-unboost|p2a: TURiSTA|spa|1
|move|p2a: TURiSTA|Giga Drain|p1a: Hatterene
|-crit|p1a: Hatterene
|-damage|p1a: Hatterene|49/100
|-heal|p2a: TURiSTA|75/100|[from] drain|[of] p1a: Hatterene
|
|-heal|p1a: Hatterene|55/100|[from] item: Leftovers
|-end|p2a: TURiSTA|move: Taunt
|upkeep
|turn|30
|
|t:|1758304219
|move|p1a: Hatterene|Draining Kiss|p2a: TURiSTA
|-supereffective|p2a: TURiSTA
|-damage|p2a: TURiSTA|51/100
|-heal|p1a: Hatterene|77/100|[from] drain|[of] p2a: TURiSTA
|-enditem|p2a: TURiSTA|Weakness Policy
|-boost|p2a: TURiSTA|atk|2|[from] item: Weakness Policy
|-boost|p2a: TURiSTA|spa|2|[from] item: Weakness Policy
|move|p2a: TURiSTA|Shadow Ball|p1a: Hatterene
|-supereffective|p1a: Hatterene
|-damage|p1a: Hatterene|0 fnt
|faint|p1a: Hatterene
|
|upkeep
|
|t:|1758304233
|switch|p1a: Darkrai|Darkrai|100/100
|-damage|p1a: Darkrai|88/100|[from] Stealth Rock
|turn|31
|
|t:|1758304237
|move|p1a: Darkrai|Psyshock|p2a: TURiSTA
|-damage|p2a: TURiSTA|28/100
|move|p2a: TURiSTA|Giga Drain|p1a: Darkrai
|-damage|p1a: Darkrai|41/100
|-heal|p2a: TURiSTA|46/100|[from] drain|[of] p1a: Darkrai
|
|-heal|p1a: Darkrai|47/100|[from] item: Leftovers
|upkeep
|turn|32
|
|t:|1758304243
|move|p1a: Darkrai|Dark Pulse|p2a: TURiSTA
|-damage|p2a: TURiSTA|20/100
|cant|p2a: TURiSTA|flinch
|
|-heal|p1a: Darkrai|53/100|[from] item: Leftovers
|upkeep
|turn|33
|
|t:|1758304249
|move|p1a: Darkrai|Dark Pulse|p2a: TURiSTA
|-damage|p2a: TURiSTA|0 fnt
|faint|p2a: TURiSTA
|
|-heal|p1a: Darkrai|59/100|[from] item: Leftovers
|upkeep
|
|t:|1758304252
|switch|p2a: DtMF|Comfey, M|69/100
|turn|34
|
|t:|1758304260
|move|p2a: DtMF|Draining Kiss|p1a: Darkrai
|-supereffective|p1a: Darkrai
|-damage|p1a: Darkrai|8/100
|-heal|p2a: DtMF|100/100|[from] drain|[of] p1a: Darkrai
|move|p1a: Darkrai|Psyshock|p2a: DtMF
|-damage|p2a: DtMF|68/100
|
|-heal|p1a: Darkrai|14/100|[from] item: Leftovers
|upkeep
|turn|35
|
|t:|1758304266
|move|p2a: DtMF|Draining Kiss|p1a: Darkrai
|-supereffective|p1a: Darkrai
|-damage|p1a: Darkrai|0 fnt
|-heal|p2a: DtMF|77/100|[from] drain|[of] p1a: Darkrai
|faint|p1a: Darkrai
|
|upkeep
|
|t:|1758304268
|switch|p1a: Zamazenta|Zamazenta|94/100
|-damage|p1a: Zamazenta|88/100|[from] Stealth Rock
|turn|36
|
|t:|1758304283
|move|p2a: DtMF|Draining Kiss|p1a: Zamazenta
|-supereffective|p1a: Zamazenta
|-damage|p1a: Zamazenta|49/100
|-heal|p2a: DtMF|100/100|[from] drain|[of] p1a: Zamazenta
|move|p1a: Zamazenta|Iron Defense|p1a: Zamazenta
|-boost|p1a: Zamazenta|def|2
|
|upkeep
|turn|37
|
|t:|1758304289
|move|p2a: DtMF|Draining Kiss|p1a: Zamazenta
|-supereffective|p1a: Zamazenta
|-damage|p1a: Zamazenta|7/100
|move|p1a: Zamazenta|Rest|p1a: Zamazenta
|-status|p1a: Zamazenta|slp|[from] move: Rest
|-heal|p1a: Zamazenta|100/100 slp|[silent]
|-enditem|p1a: Zamazenta|Chesto Berry|[eat]
|-curestatus|p1a: Zamazenta|slp|[msg]
|
|upkeep
|turn|38
|
|t:|1758304294
|move|p1a: Zamazenta|Body Press|p2a: DtMF
|-resisted|p2a: DtMF
|-damage|p2a: DtMF|54/100
|move|p2a: DtMF|Calm Mind|p2a: DtMF
|-boost|p2a: DtMF|spa|1
|-boost|p2a: DtMF|spd|1
|
|upkeep
|turn|39
|
|t:|1758304298
|move|p2a: DtMF|Draining Kiss|p1a: Zamazenta
|-supereffective|p1a: Zamazenta
|-damage|p1a: Zamazenta|39/100
|-heal|p2a: DtMF|100/100|[from] drain|[of] p1a: Zamazenta
|move|p1a: Zamazenta|Body Press|p2a: DtMF
|-resisted|p2a: DtMF
|-damage|p2a: DtMF|60/100
|
|upkeep
|turn|40
|c|☆reino4eva|gg
|
|t:|1758304302
|move|p2a: DtMF|Draining Kiss|p1a: Zamazenta
|-supereffective|p1a: Zamazenta
|-damage|p1a: Zamazenta|0 fnt
|-heal|p2a: DtMF|90/100|[from] drain|[of] p1a: Zamazenta
|faint|p1a: Zamazenta
|
|win|whichjuanz
|raw|reino4eva's rating: 1327 &rarr; <strong>1304</strong><br />(-23 for losing)
|raw|whichjuanz's rating: 1276 &rarr; <strong>1305</strong><br />(+29 for winning)
|l|☆reino4eva
|player|p1|
|l|☆whichjuanz
|player|p2|
