|j|☆SomethingAnt
|j|☆Oattumblely
|t:|1758341473
|gametype|singles
|player|p1|SomethingAnt|n|1292
|player|p2|Oattumblely|rocketgruntf|1289
|gen|9
|tier|[Gen 9] OU
|rated|
|rule|HP Percentage Mod: HP is shown in percentages
|rule|Endless Battle Clause: Forcing endless battles is banned
|rule|Species Clause: Limit one of each Pokémon
|rule|OHKO Clause: OHKO moves are banned
|rule|Evasion Items Clause: Evasion items are banned
|rule|Evasion Moves Clause: Evasion moves are banned
|rule|Evasion Abilities Clause: Evasion abilities are banned
|rule|Sleep Moves Clause: Sleep-inducing moves are banned
|clearpoke
|poke|p1|Dragapult, M|
|poke|p1|Primarina, M|
|poke|p1|Iron Crown|
|poke|p1|Samurott-Hisui, F|
|poke|p1|Kingambit, F|
|poke|p1|Landorus-Therian, M|
|poke|p2|Serperior, M|
|poke|p2|Hatterene, F|
|poke|p2|Scizor, M|
|poke|p2|Alomomola, M|
|poke|p2|Darkrai|
|poke|p2|Dragapult, F|
|teampreview
|inactive|Battle timer is ON: inactive players will automatically lose when time's up. (requested by Oattumblely)
|
|t:|1758341491
|teamsize|p1|6
|teamsize|p2|6
|start
|switch|p1a: Iron Crown|Iron Crown|100/100
|switch|p2a: Scizor|Scizor, M|100/100
|turn|1
|
|t:|1758341508
|-end|p1a: Iron Crown|Quark Drive|[silent]
|switch|p1a: Landorus|Landorus-Therian, M|100/100
|-ability|p1a: Landorus|Intimidate|boost
|-unboost|p2a: Scizor|atk|1
|move|p2a: Scizor|Knock Off|p1a: Landorus
|-damage|p1a: Landorus|83/100
|-damage|p2a: Scizor|84/100|[from] item: Rocky Helmet|[of] p1a: Landorus
|-enditem|p1a: Landorus|Rocky Helmet|[from] move: Knock Off|[of] p2a: Scizor
|
|upkeep
|turn|2
|
|t:|1758341520
|switch|p2a: Hatterene|Hatterene, F|100/100
|move|p1a: Landorus|U-turn|p2a: Hatterene
|-damage|p2a: Hatterene|84/100
|
|t:|1758341528
|switch|p1a: Iron Crown|Iron Crown|100/100|[from] U-turn
|
|-heal|p2a: Hatterene|90/100|[from] item: Leftovers
|upkeep
|turn|3
|
|t:|1758341535
|switch|p2a: Scizor|Scizor, M|84/100
|move|p1a: Iron Crown|Tachyon Cutter|p2a: Scizor
|-resisted|p2a: Scizor
|-damage|p2a: Scizor|68/100
|-resisted|p2a: Scizor
|-damage|p2a: Scizor|54/100
|-hitcount|p2a: Scizor|2
|
|upkeep
|turn|4
|
|t:|1758341550
|-end|p1a: Iron Crown|Quark Drive|[silent]
|switch|p1a: Primarina|Primarina, M|100/100
|move|p2a: Scizor|U-turn|p1a: Primarina
|-resisted|p1a: Primarina
|-damage|p1a: Primarina|77/100
|
|t:|1758341556
|switch|p2a: Serperior|Serperior, M|100/100|[from] U-turn
|
|upkeep
|turn|5
|
|t:|1758341582
|switch|p1a: Iron Crown|Iron Crown|100/100
|move|p2a: Serperior|Knock Off|p1a: Iron Crown
|-supereffective|p1a: Iron Crown
|-damage|p1a: Iron Crown|64/100
|-enditem|p1a: Iron Crown|Assault Vest|[from] move: Knock Off|[of] p2a: Serperior
|
|upkeep
|turn|6
|
|t:|1758341592
|switch|p2a: Scizor|Scizor, M|54/100
|move|p1a: Iron Crown|Future Sight|p2a: Scizor
|-start|p1a: Iron Crown|move: Future Sight
|
|upkeep
|turn|7
|
|t:|1758341598
|move|p1a: Iron Crown|Volt Switch|p2a: Scizor
|-damage|p2a: Scizor|26/100
|-enditem|p2a: Scizor|Sitrus Berry|[eat]
|-heal|p2a: Scizor|51/100|[from] item: Sitrus Berry
|
|t:|1758341607
|-end|p1a: Iron Crown|Quark Drive|[silent]
|switch|p1a: Landorus|Landorus-Therian, M|83/100|[from] Volt Switch
|-ability|p1a: Landorus|Intimidate|boost
|-unboost|p2a: Scizor|atk|1
|move|p2a: Scizor|U-turn|p1a: Landorus
|-resisted|p1a: Landorus
|-damage|p1a: Landorus|74/100
|
|t:|1758341614
|switch|p2a: Alomomola|Alomomola, M|100/100|[from] U-turn
|
|upkeep
|turn|8
|
|t:|1758341619
|switch|p2a: Hatterene|Hatterene, F|90/100
|move|p1a: Landorus|U-turn|p2a: Hatterene
|-damage|p2a: Hatterene|72/100
|
|t:|1758341633
|switch|p1a: Kingambit|Kingambit, F|100/100|[from] U-turn
|
|-end|p2a: Hatterene|move: Future Sight
|-resisted|p2a: Hatterene
|-damage|p2a: Hatterene|38/100
|-heal|p2a: Hatterene|44/100|[from] item: Leftovers
|upkeep
|turn|9
|
|t:|1758341640
|move|p1a: Kingambit|Swords Dance|p1a: Kingambit
|-boost|p1a: Kingambit|atk|2
|move|p2a: Hatterene|Nuzzle|p1a: Kingambit
|-damage|p1a: Kingambit|97/100
|-status|p1a: Kingambit|par
|
|-heal|p2a: Hatterene|50/100|[from] item: Leftovers
|-heal|p1a: Kingambit|100/100 par|[from] item: Leftovers
|upkeep
|turn|10
|
|t:|1758341645
|move|p2a: Hatterene|Draining Kiss|p1a: Kingambit
|-damage|p1a: Kingambit|80/100 par
|-heal|p2a: Hatterene|69/100|[from] drain|[of] p1a: Kingambit
|move|p1a: Kingambit|Iron Head|p2a: Hatterene
|-supereffective|p2a: Hatterene
|-damage|p2a: Hatterene|0 fnt
|faint|p2a: Hatterene
|
|-heal|p1a: Kingambit|86/100 par|[from] item: Leftovers
|upkeep
|
|t:|1758341655
|switch|p2a: Darkrai|Darkrai|100/100
|turn|11
|
|t:|1758341661
|move|p1a: Kingambit|Sucker Punch|p2a: Darkrai
|-resisted|p2a: Darkrai
|-damage|p2a: Darkrai|45/100
|move|p2a: Darkrai|Focus Blast|p1a: Kingambit|[miss]
|-miss|p2a: Darkrai|p1a: Kingambit
|
|-heal|p1a: Kingambit|92/100 par|[from] item: Leftovers
|upkeep
|turn|12
|-message|Oattumblely forfeited.
|
|win|SomethingAnt
|raw|SomethingAnt's rating: 1292 &rarr; <strong>1317</strong><br />(+25 for winning)
|raw|Oattumblely's rating: 1289 &rarr; <strong>1264</strong><br />(-25 for losing)
|l|☆Oattumblely
|player|p2|
|l|☆SomethingAnt
|player|p1|
