|j|☆Eight Five
|j|☆Argentide
|t:|1758331784
|gametype|singles
|player|p1|Eight Five|170|1540
|player|p2|Argentide|lady|1498
|gen|9
|tier|[Gen 9] OU
|rated|
|rule|HP Percentage Mod: HP is shown in percentages
|rule|Endless Battle Clause: Forcing endless battles is banned
|rule|Species Clause: Limit one of each Pokémon
|rule|OHKO Clause: OHKO moves are banned
|rule|Evasion Items Clause: Evasion items are banned
|rule|Evasion Moves Clause: Evasion moves are banned
|rule|Evasion Abilities Clause: Evasion abilities are banned
|rule|Sleep Moves Clause: Sleep-inducing moves are banned
|clearpoke
|poke|p1|Landorus-Therian, M|
|poke|p1|Jirachi|
|poke|p1|Chandelure, F|
|poke|p1|Primarina, F|
|poke|p1|Zapdos|
|poke|p1|Forretress, M|
|poke|p2|Dragonite, M|
|poke|p2|Enamorus, F|
|poke|p2|Samurott-Hisui, M|
|poke|p2|Great Tusk|
|poke|p2|Raging Bolt|
|poke|p2|Kyurem|
|teampreview
|inactive|Battle timer is ON: inactive players will automatically lose when time's up. (requested by Eight Five)
|
|t:|1758331813
|teamsize|p1|6
|teamsize|p2|6
|start
|switch|p1a: Landorus|Landorus-Therian, M|100/100
|switch|p2a: Kyurem|Kyurem|100/100
|-ability|p2a: Kyurem|Pressure
|-ability|p1a: Landorus|Intimidate|boost
|-unboost|p2a: Kyurem|atk|1
|turn|1
|
|t:|1758331817
|switch|p1a: Jirachi|Jirachi|100/100
|move|p2a: Kyurem|Dragon Dance|p2a: Kyurem
|-boost|p2a: Kyurem|atk|1
|-boost|p2a: Kyurem|spe|1
|
|upkeep
|turn|2
|
|t:|1758331828
|-terastallize|p2a: Kyurem|Ground
|move|p2a: Kyurem|Earth Power|p1a: Jirachi
|-supereffective|p1a: Jirachi
|-damage|p1a: Jirachi|46/100
|move|p1a: Jirachi|Doom Desire|p2a: Kyurem
|-start|p1a: Jirachi|Doom Desire
|
|-heal|p1a: Jirachi|52/100|[from] item: Leftovers
|upkeep
|turn|3
|inactive|Argentide has 120 seconds left.
|
|t:|1758331861
|switch|p1a: Primarina|Primarina, F|100/100
|move|p2a: Kyurem|Earth Power|p1a: Primarina
|-damage|p1a: Primarina|65/100
|
|-heal|p1a: Primarina|71/100|[from] item: Leftovers
|upkeep
|turn|4
|
|t:|1758331868
|move|p2a: Kyurem|Freeze-Dry|p1a: Primarina
|-supereffective|p1a: Primarina
|-crit|p1a: Primarina
|-damage|p1a: Primarina|0 fnt
|faint|p1a: Primarina
|
|-end|p2a: Kyurem|move: Doom Desire
|-damage|p2a: Kyurem|54/100
|upkeep
|inactive|Eight Five has 120 seconds left.
|inactive|Eight Five has 90 seconds left.
|
|t:|1758331926
|switch|p1a: Chandelure|Chandelure, F|100/100
|turn|5
|inactive|Argentide has 120 seconds left.
|
|t:|1758331953
|-terastallize|p1a: Chandelure|Grass
|move|p2a: Kyurem|Earth Power|p1a: Chandelure
|-resisted|p1a: Chandelure
|-damage|p1a: Chandelure|71/100
|move|p1a: Chandelure|Energy Ball|p2a: Kyurem
|-supereffective|p2a: Kyurem
|-damage|p2a: Kyurem|0 fnt
|faint|p2a: Kyurem
|
|upkeep
|inactive|Argentide has 120 seconds left.
|
|t:|1758331964
|switch|p2a: Enamorus|Enamorus, F|100/100
|turn|6
|
|t:|1758331971
|switch|p1a: Jirachi|Jirachi|52/100
|move|p2a: Enamorus|Moonblast|p1a: Jirachi
|-resisted|p1a: Jirachi
|-damage|p1a: Jirachi|26/100
|-unboost|p1a: Jirachi|spa|1
|
|-heal|p1a: Jirachi|33/100|[from] item: Leftovers
|upkeep
|turn|7
|inactive|Argentide has 120 seconds left.
|
|t:|1758332005
|switch|p2a: Great Tusk|Great Tusk|100/100
|move|p1a: Jirachi|Wish|p1a: Jirachi
|
|-heal|p1a: Jirachi|39/100|[from] item: Leftovers
|upkeep
|turn|8
|
|t:|1758332010
|move|p1a: Jirachi|Protect|p1a: Jirachi
|-singleturn|p1a: Jirachi|Protect
|move|p2a: Great Tusk|Headlong Rush|p1a: Jirachi
|-activate|p1a: Jirachi|move: Protect
|
|-heal|p1a: Jirachi|89/100|[from] move: Wish|[wisher] Jirachi
|-heal|p1a: Jirachi|95/100|[from] item: Leftovers
|upkeep
|turn|9
|inactive|Argentide has 120 seconds left.
|
|t:|1758332026
|move|p2a: Great Tusk|Ice Spinner|p1a: Jirachi
|-resisted|p1a: Jirachi
|-crit|p1a: Jirachi
|-damage|p1a: Jirachi|77/100
|move|p1a: Jirachi|U-turn|p2a: Great Tusk
|-resisted|p2a: Great Tusk
|-damage|p2a: Great Tusk|95/100
|
|t:|1758332034
|switch|p1a: Zapdos|Zapdos|100/100|[from] U-turn
|
|upkeep
|turn|10
|
|t:|1758332046
|move|p1a: Zapdos|Volt Switch|p2a: Great Tusk
|-immune|p2a: Great Tusk
|move|p2a: Great Tusk|Stealth Rock|p1a: Zapdos
|-sidestart|p1: Eight Five|move: Stealth Rock
|
|upkeep
|turn|11
|
|t:|1758332051
|switch|p1a: Forretress|Forretress, M|100/100
|-end|p2a: Great Tusk|Protosynthesis|[silent]
|switch|p2a: Raging Bolt|Raging Bolt|100/100
|-enditem|p2a: Raging Bolt|Booster Energy
|-activate|p2a: Raging Bolt|ability: Protosynthesis|[fromitem]
|-start|p2a: Raging Bolt|protosynthesisspa
|
|upkeep
|turn|12
|
|t:|1758332063
|move|p2a: Raging Bolt|Thunderbolt|p1a: Forretress
|-ability|p1a: Forretress|Sturdy
|-damage|p1a: Forretress|1/100
|move|p1a: Forretress|Rapid Spin|p2a: Raging Bolt
|-damage|p2a: Raging Bolt|90/100
|-boost|p1a: Forretress|spe|1
|-sideend|p1: Eight Five|Stealth Rock|[from] move: Rapid Spin|[of] p1a: Forretress
|
|upkeep
|turn|13
|
|t:|1758332089
|move|p2a: Raging Bolt|Thunderbolt|p1a: Forretress
|-damage|p1a: Forretress|0 fnt
|faint|p1a: Forretress
|
|upkeep
|
|t:|1758332093
|switch|p1a: Landorus|Landorus-Therian, M|100/100
|-ability|p1a: Landorus|Intimidate|boost
|-unboost|p2a: Raging Bolt|atk|1
|turn|14
|
|t:|1758332102
|-end|p2a: Raging Bolt|Protosynthesis|[silent]
|switch|p2a: Enamorus|Enamorus, F|100/100
|move|p1a: Landorus|Gravity|p1a: Landorus
|-fieldstart|move: Gravity
|
|upkeep
|turn|15
|
|t:|1758332121
|move|p2a: Enamorus|Moonblast|p1a: Landorus
|-damage|p1a: Landorus|1/100
|-unboost|p1a: Landorus|spa|1
|move|p1a: Landorus|Earthquake|p2a: Enamorus
|-damage|p2a: Enamorus|0 fnt
|faint|p2a: Enamorus
|
|upkeep
|inactive|Argentide has 120 seconds left.
|
|t:|1758332136
|switch|p2a: Great Tusk|Great Tusk|95/100
|turn|16
|
|t:|1758332140
|move|p2a: Great Tusk|Rapid Spin|p1a: Landorus
|-damage|p1a: Landorus|0 fnt
|-boost|p2a: Great Tusk|spe|1
|faint|p1a: Landorus
|
|upkeep
|
|t:|1758332145
|switch|p1a: Zapdos|Zapdos|100/100
|turn|17
|
|t:|1758332169
|-end|p2a: Great Tusk|Protosynthesis|[silent]
|switch|p2a: Raging Bolt|Raging Bolt|90/100
|move|p1a: Zapdos|Hurricane|p2a: Raging Bolt
|-resisted|p2a: Raging Bolt
|-damage|p2a: Raging Bolt|49/100
|
|upkeep
|turn|18
|
|t:|1758332178
|move|p1a: Zapdos|Hurricane|p2a: Raging Bolt
|-resisted|p2a: Raging Bolt
|-damage|p2a: Raging Bolt|9/100
|-start|p2a: Raging Bolt|confusion
|-activate|p2a: Raging Bolt|confusion
|move|p2a: Raging Bolt|Thunderbolt|p1a: Zapdos
|-damage|p1a: Zapdos|43/100
|
|-fieldend|move: Gravity
|upkeep
|turn|19
|
|t:|1758332184
|switch|p1a: Chandelure|Chandelure, F, tera:Grass|71/100
|-activate|p2a: Raging Bolt|confusion
|-damage|p2a: Raging Bolt|3/100|[from] confusion
|
|upkeep
|turn|20
|
|t:|1758332200
|move|p1a: Chandelure|Shadow Ball|p2a: Raging Bolt
|-damage|p2a: Raging Bolt|0 fnt
|faint|p2a: Raging Bolt
|-end|p2a: Raging Bolt|Protosynthesis|[silent]
|
|upkeep
|
|t:|1758332213
|switch|p2a: Great Tusk|Great Tusk|95/100
|turn|21
|
|t:|1758332219
|move|p1a: Chandelure|Shadow Ball|p2a: Great Tusk
|-damage|p2a: Great Tusk|25/100
|-unboost|p2a: Great Tusk|spd|1
|move|p2a: Great Tusk|Ice Spinner|p1a: Chandelure
|-supereffective|p1a: Chandelure
|-damage|p1a: Chandelure|0 fnt
|faint|p1a: Chandelure
|
|upkeep
|
|t:|1758332229
|switch|p1a: Zapdos|Zapdos|43/100
|turn|22
|
|t:|1758332233
|move|p1a: Zapdos|Hurricane|p2a: Great Tusk
|-supereffective|p2a: Great Tusk
|-damage|p2a: Great Tusk|0 fnt
|faint|p2a: Great Tusk
|-end|p2a: Great Tusk|Protosynthesis|[silent]
|
|upkeep
|
|t:|1758332238
|switch|p2a: Dragonite|Dragonite, M|100/100
|turn|23
|
|t:|1758332244
|switch|p1a: Jirachi|Jirachi|77/100
|move|p2a: Dragonite|Ice Spinner|p1a: Jirachi
|-resisted|p1a: Jirachi
|-damage|p1a: Jirachi|58/100
|
|-heal|p1a: Jirachi|64/100|[from] item: Leftovers
|upkeep
|turn|24
|
|t:|1758332252
|switch|p2a: Samurott|Samurott-Hisui, M|100/100
|move|p1a: Jirachi|Wish|p1a: Jirachi
|
|-heal|p1a: Jirachi|71/100|[from] item: Leftovers
|upkeep
|turn|25
|
|t:|1758332262
|move|p2a: Samurott|Ceaseless Edge|p1a: Jirachi
|-supereffective|p1a: Jirachi
|-damage|p1a: Jirachi|0 fnt
|-sidestart|p1: Eight Five|Spikes
|faint|p1a: Jirachi
|
|upkeep
|-message|Eight Five forfeited.
|
|win|Argentide
|raw|Eight Five's rating: 1540 &rarr; <strong>1519</strong><br />(-21 for losing)
|raw|Argentide's rating: 1519 &rarr; <strong>1540</strong><br />(+21 for winning)
|l|☆Eight Five
|player|p1|
|l|☆Argentide
|player|p2|
