|j|☆StellarisStarryz
|j|☆Rygii
|t:|1758341518
|gametype|singles
|player|p1|StellarisStarryz|unknownf|
|player|p2|Rygii|ingo|
|gen|9
|tier|[Gen 9] OU
|rule|HP Percentage Mod: HP is shown in percentages
|rule|Endless Battle Clause: Forcing endless battles is banned
|rule|Species Clause: Limit one of each Pokémon
|rule|OHKO Clause: OHKO moves are banned
|rule|Evasion Items Clause: Evasion items are banned
|rule|Evasion Moves Clause: Evasion moves are banned
|rule|Evasion Abilities Clause: Evasion abilities are banned
|rule|Sleep Moves Clause: Sleep-inducing moves are banned
|clearpoke
|poke|p1|Gastrodon, F|
|poke|p1|Meowscarada, F|
|poke|p1|Zapdos|
|poke|p1|Incineroar, F|
|poke|p1|Great Tusk|
|poke|p1|Ogerpon-Wellspring, F|
|poke|p2|Araquanid, F|
|poke|p2|Avalugg-Hisui, M|
|poke|p2|Zapdos|
|poke|p2|Slowking, F|
|poke|p2|Iron Treads|
|poke|p2|Iron Valiant|
|teampreview
|
|t:|1758341530
|teamsize|p1|6
|teamsize|p2|6
|start
|switch|p1a: Gastrodon|Gastrodon, F|100/100
|switch|p2a: Slowking|Slowking, F|100/100
|turn|1
|
|t:|1758341539
|move|p1a: Gastrodon|Spikes|p2a: Slowking
|-sidestart|p2: Rygii|Spikes
|-prepare|p2a: Slowking|Chilly Reception|[premajor]
|move|p2a: Slowking|Chilly Reception|p2a: Slowking
|-weather|Snowscape
|c|☆StellarisStarryz|welp
|
|t:|1758341555
|switch|p2a: Iron Valiant|Iron Valiant, shiny|100/100|[from] Chilly Reception
|-damage|p2a: Iron Valiant|88/100|[from] Spikes
|-enditem|p2a: Iron Valiant|Booster Energy
|-activate|p2a: Iron Valiant|ability: Quark Drive|[fromitem]
|-start|p2a: Iron Valiant|quarkdrivespe
|
|-weather|Snowscape|[upkeep]
|upkeep
|turn|2
|
|t:|1758341572
|move|p2a: Iron Valiant|Knock Off|p1a: Gastrodon
|-damage|p1a: Gastrodon|80/100
|-enditem|p1a: Gastrodon|Leftovers|[from] move: Knock Off|[of] p2a: Iron Valiant
|move|p1a: Gastrodon|Earthquake|p2a: Iron Valiant
|-damage|p2a: Iron Valiant|50/100
|
|-weather|Snowscape|[upkeep]
|upkeep
|turn|3
|
|t:|1758341582
|move|p2a: Iron Valiant|Moonblast|p1a: Gastrodon
|-damage|p1a: Gastrodon|37/100
|move|p1a: Gastrodon|Ice Beam|p2a: Iron Valiant
|-damage|p2a: Iron Valiant|10/100
|
|-weather|Snowscape|[upkeep]
|upkeep
|turn|4
|
|t:|1758341602
|switch|p1a: Ogerpon|Ogerpon-Wellspring, F|100/100
|move|p2a: Iron Valiant|Moonblast|p1a: Ogerpon
|-damage|p1a: Ogerpon|46/100
|
|-weather|Snowscape|[upkeep]
|upkeep
|turn|5
|
|t:|1758341620
|move|p2a: Iron Valiant|Moonblast|p1a: Ogerpon
|-damage|p1a: Ogerpon|0 fnt
|faint|p1a: Ogerpon
|
|-weather|Snowscape|[upkeep]
|upkeep
|
|t:|1758341627
|switch|p1a: Incineroar|Incineroar, F|100/100
|-ability|p1a: Incineroar|Intimidate|boost
|-unboost|p2a: Iron Valiant|atk|1
|turn|6
|
|t:|1758341636
|move|p1a: Incineroar|Fake Out|p2a: Iron Valiant
|-damage|p2a: Iron Valiant|0 fnt
|faint|p2a: Iron Valiant
|-end|p2a: Iron Valiant|Quark Drive|[silent]
|
|-weather|Snowscape|[upkeep]
|upkeep
|
|t:|1758341643
|switch|p2a: Whitebeard|Avalugg-Hisui, M|100/100
|-damage|p2a: Whitebeard|88/100|[from] Spikes
|turn|7
|
|t:|1758341662
|move|p2a: Whitebeard|Rock Blast|p1a: Incineroar
|-supereffective|p1a: Incineroar
|-damage|p1a: Incineroar|77/100
|-supereffective|p1a: Incineroar
|-damage|p1a: Incineroar|53/100
|-supereffective|p1a: Incineroar
|-damage|p1a: Incineroar|27/100
|-supereffective|p1a: Incineroar
|-damage|p1a: Incineroar|1/100
|-hitcount|p1a: Incineroar|4
|move|p1a: Incineroar|Parting Shot|p2a: Whitebeard
|-unboost|p2a: Whitebeard|atk|1
|-unboost|p2a: Whitebeard|spa|1
|c|☆StellarisStarryz|1 HP
|c|☆Rygii|im done.
|
|t:|1758341677
|switch|p1a: Great Tusk|Great Tusk|100/100|[from] Parting Shot
|-enditem|p1a: Great Tusk|Booster Energy
|-activate|p1a: Great Tusk|ability: Protosynthesis|[fromitem]
|-start|p1a: Great Tusk|protosynthesisatk
|
|-weather|Snowscape|[upkeep]
|upkeep
|turn|8
|
|t:|1758341695
|-terastallize|p1a: Great Tusk|Ground
|-terastallize|p2a: Whitebeard|Ghost
|move|p1a: Great Tusk|Headlong Rush|p2a: Whitebeard
|-damage|p2a: Whitebeard|20/100
|-unboost|p1a: Great Tusk|def|1
|-unboost|p1a: Great Tusk|spd|1
|move|p2a: Whitebeard|Rapid Spin|p1a: Great Tusk
|-damage|p1a: Great Tusk|87/100
|-boost|p2a: Whitebeard|spe|1
|-sideend|p2: Rygii|Spikes|[from] move: Rapid Spin|[of] p2a: Whitebeard
|
|-weather|none
|upkeep
|turn|9
|
|t:|1758341711
|move|p1a: Great Tusk|Ice Spinner|p2a: Whitebeard
|-damage|p2a: Whitebeard|0 fnt
|faint|p2a: Whitebeard
|
|upkeep
|
|t:|1758341724
|switch|p2a: Araquanid|Araquanid, F, shiny|100/100
|turn|10
|c|☆StellarisStarryz|the poor avalugg
|
|t:|1758341728
|move|p1a: Great Tusk|Supercell Slam|p2a: Araquanid
|-supereffective|p2a: Araquanid
|-damage|p2a: Araquanid|9/100
|move|p2a: Araquanid|Sticky Web|p1a: Great Tusk
|-sidestart|p1: StellarisStarryz|move: Sticky Web
|
|upkeep
|turn|11
|
|t:|1758341754
|switch|p2a: Zapdos|Zapdos, shiny|100/100
|move|p1a: Great Tusk|Ice Spinner|p2a: Zapdos
|-supereffective|p2a: Zapdos
|-damage|p2a: Zapdos|15/100
|-status|p1a: Great Tusk|par|[from] ability: Static|[of] p2a: Zapdos
|
|upkeep
|turn|12
|
|t:|1758341766
|move|p2a: Zapdos|Roost|p2a: Zapdos
|-heal|p2a: Zapdos|65/100
|-singleturn|p2a: Zapdos|move: Roost
|move|p1a: Great Tusk|Ice Spinner|p2a: Zapdos
|-damage|p2a: Zapdos|22/100
|
|upkeep
|turn|13
|
|t:|1758341780
|move|p2a: Zapdos|Hurricane|p1a: Great Tusk|[miss]
|-miss|p2a: Zapdos|p1a: Great Tusk
|cant|p1a: Great Tusk|par
|
|upkeep
|turn|14
|c|☆StellarisStarryz|MISS
|c|☆StellarisStarryz|PARA'D
|c|☆Rygii|HIT
|c|☆StellarisStarryz|WHAT
|c|☆Rygii|HIT
|c|☆Rygii|HIT
|c|☆Rygii|HIT
|c|☆Rygii|HIT
|c|☆Rygii|HITY
|
|t:|1758341791
|move|p2a: Zapdos|Hurricane|p1a: Great Tusk
|-damage|p1a: Great Tusk|0 fnt
|faint|p1a: Great Tusk
|-end|p1a: Great Tusk|Protosynthesis|[silent]
|
|upkeep
|c|☆Rygii|HIT
|c|☆StellarisStarryz|NOOOOOOOOOOOOO
|
|t:|1758341800
|switch|p1a: Zapdos|Zapdos|100/100
|turn|15
|
|t:|1758341808
|move|p2a: Zapdos|Roost|p2a: Zapdos
|-heal|p2a: Zapdos|72/100
|-singleturn|p2a: Zapdos|move: Roost
|move|p1a: Zapdos|Hurricane|p2a: Zapdos|[miss]
|-miss|p1a: Zapdos|p2a: Zapdos
|
|upkeep
|turn|16
|
|t:|1758341818
|move|p2a: Zapdos|Heat Wave|p1a: Zapdos
|-damage|p1a: Zapdos|71/100
|move|p1a: Zapdos|Hurricane|p2a: Zapdos|[miss]
|-miss|p1a: Zapdos|p2a: Zapdos
|
|upkeep
|turn|17
|
|t:|1758341825
|move|p2a: Zapdos|Heat Wave|p1a: Zapdos
|-damage|p1a: Zapdos|41/100
|move|p1a: Zapdos|Hurricane|p2a: Zapdos|[miss]
|-miss|p1a: Zapdos|p2a: Zapdos
|
|upkeep
|turn|18
|c|☆StellarisStarryz|THREEE
|c|☆Rygii|WOW
|
|t:|1758341835
|move|p2a: Zapdos|Roost|p2a: Zapdos
|-heal|p2a: Zapdos|100/100
|-singleturn|p2a: Zapdos|move: Roost
|move|p1a: Zapdos|Roost|p1a: Zapdos
|-heal|p1a: Zapdos|91/100
|-singleturn|p1a: Zapdos|move: Roost
|
|upkeep
|turn|19
|
|t:|1758341854
|move|p2a: Zapdos|Heat Wave|p1a: Zapdos
|-damage|p1a: Zapdos|61/100
|move|p1a: Zapdos|Hurricane|p2a: Zapdos
|-resisted|p2a: Zapdos
|-damage|p2a: Zapdos|73/100
|
|upkeep
|turn|20
|c|☆StellarisStarryz|i literally lose
|
|t:|1758341864
|switch|p1a: Gastrodon|Gastrodon, F|37/100
|-activate|p1a: Gastrodon|move: Sticky Web
|-unboost|p1a: Gastrodon|spe|1
|move|p2a: Zapdos|Heat Wave|p1a: Gastrodon
|-resisted|p1a: Gastrodon
|-damage|p1a: Gastrodon|21/100
|
|upkeep
|turn|21
|c|☆StellarisStarryz|MISS
|c|☆StellarisStarryz|MISS
|c|☆StellarisStarryz|MISS
|c|☆StellarisStarryz|MISS
|
|t:|1758341877
|switch|p2a: Araquanid|Araquanid, F, shiny|9/100
|move|p1a: Gastrodon|Recover|p1a: Gastrodon
|-heal|p1a: Gastrodon|71/100
|
|upkeep
|turn|22
|c|☆StellarisStarryz|oh
|
|t:|1758341886
|move|p2a: Araquanid|Endeavor|p1a: Gastrodon
|-damage|p1a: Gastrodon|8/100
|move|p1a: Gastrodon|Earthquake|p2a: Araquanid
|-resisted|p2a: Araquanid
|-damage|p2a: Araquanid|0 fnt
|faint|p2a: Araquanid
|
|upkeep
|
|t:|1758341898
|switch|p2a: Zapdos|Zapdos, shiny|73/100
|turn|23
|c|☆StellarisStarryz|ENDEAVOR
|
|t:|1758341902
|move|p2a: Zapdos|Heat Wave|p1a: Gastrodon
|-resisted|p1a: Gastrodon
|-damage|p1a: Gastrodon|0 fnt
|faint|p1a: Gastrodon
|
|upkeep
|
|t:|1758341911
|switch|p1a: Meowscarada|Meowscarada, F|100/100
|-activate|p1a: Meowscarada|move: Sticky Web
|-unboost|p1a: Meowscarada|spe|1
|turn|24
|
|t:|1758341920
|move|p1a: Meowscarada|Sucker Punch|p2a: Zapdos
|-start|p1a: Meowscarada|typechange|Dark|[from] ability: Protean
|-damage|p2a: Zapdos|26/100
|-damage|p1a: Meowscarada|91/100|[from] item: Life Orb
|move|p2a: Zapdos|Heat Wave|p1a: Meowscarada
|-damage|p1a: Meowscarada|41/100
|
|upkeep
|turn|25
|
|t:|1758341933
|move|p1a: Meowscarada|Sucker Punch||[still]
|-fail|p1a: Meowscarada
|move|p2a: Zapdos|Roost|p2a: Zapdos
|-heal|p2a: Zapdos|76/100
|-singleturn|p2a: Zapdos|move: Roost
|
|upkeep
|turn|26
|
|t:|1758341941
|move|p2a: Zapdos|Roost|p2a: Zapdos
|-heal|p2a: Zapdos|100/100
|-singleturn|p2a: Zapdos|move: Roost
|move|p1a: Meowscarada|U-turn|p2a: Zapdos
|-damage|p2a: Zapdos|64/100
|-status|p1a: Meowscarada|par|[from] ability: Static|[of] p2a: Zapdos
|-damage|p1a: Meowscarada|31/100 par|[from] item: Life Orb
|
|t:|1758341950
|switch|p1a: Incineroar|Incineroar, F|1/100|[from] U-turn
|-activate|p1a: Incineroar|move: Sticky Web
|-unboost|p1a: Incineroar|spe|1
|-ability|p1a: Incineroar|Intimidate|boost
|-unboost|p2a: Zapdos|atk|1
|
|upkeep
|turn|27
|c|☆Rygii|gg.
|c|☆StellarisStarryz|the avalugg strat sucked
|
|t:|1758341961
|move|p1a: Incineroar|Fake Out|p2a: Zapdos
|-damage|p2a: Zapdos|51/100
|cant|p2a: Zapdos|flinch
|
|upkeep
|turn|28
|
|t:|1758341967
|move|p2a: Zapdos|Volt Switch|p1a: Incineroar
|-damage|p1a: Incineroar|0 fnt
|faint|p1a: Incineroar
|c|☆Rygii|my only hazard removal was avalugg
|c|☆Rygii|I did not account for needing 2
|c|☆StellarisStarryz|the match
|c|☆StellarisStarryz|isnt
|c|☆StellarisStarryz|moving for me
|c|☆Rygii|what
|c|☆Rygii|oh
|c|☆Rygii|right
|
|t:|1758342005
|switch|p2a: Iron Treads|Iron Treads|100/100|[from] Volt Switch
|
|upkeep
|c|☆StellarisStarryz|ok bye
|
|t:|1758342011
|switch|p1a: Meowscarada|Meowscarada, F|31/100 par
|-activate|p1a: Meowscarada|move: Sticky Web
|-unboost|p1a: Meowscarada|spe|1
|turn|29
|
|t:|1758342020
|move|p2a: Iron Treads|Iron Head|p1a: Meowscarada
|-damage|p1a: Meowscarada|0 fnt
|faint|p1a: Meowscarada
|
|upkeep
|
|t:|1758342024
|switch|p1a: Zapdos|Zapdos|61/100
|turn|30
|
|t:|1758342031
|move|p2a: Iron Treads|Knock Off|p1a: Zapdos
|-damage|p1a: Zapdos|40/100
|-damage|p2a: Iron Treads|84/100|[from] item: Rocky Helmet|[of] p1a: Zapdos
|-enditem|p1a: Zapdos|Rocky Helmet|[from] move: Knock Off|[of] p2a: Iron Treads
|move|p1a: Zapdos|Hurricane|p2a: Iron Treads|[miss]
|-miss|p1a: Zapdos|p2a: Iron Treads
|
|-heal|p2a: Iron Treads|90/100|[from] item: Leftovers
|upkeep
|turn|31
|c|☆StellarisStarryz|ALL
|c|☆StellarisStarryz|MY
|c|☆StellarisStarryz|HURRICANES
|c|☆StellarisStarryz|MISSED
|c|☆StellarisStarryz|WHAT THE FUCK
|
|t:|1758342048
|move|p2a: Iron Treads|Knock Off|p1a: Zapdos
|-damage|p1a: Zapdos|26/100
|move|p1a: Zapdos|Hurricane|p2a: Iron Treads
|-resisted|p2a: Iron Treads
|-damage|p2a: Iron Treads|58/100
|
|-heal|p2a: Iron Treads|64/100|[from] item: Leftovers
|upkeep
|turn|32
|
|t:|1758342057
|move|p2a: Iron Treads|Knock Off|p1a: Zapdos
|-damage|p1a: Zapdos|12/100
|move|p1a: Zapdos|Roost|p1a: Zapdos
|-heal|p1a: Zapdos|62/100
|-singleturn|p1a: Zapdos|move: Roost
|
|-heal|p2a: Iron Treads|70/100|[from] item: Leftovers
|upkeep
|turn|33
|
|t:|1758342066
|move|p2a: Iron Treads|Earthquake|p1a: Zapdos
|-immune|p1a: Zapdos
|move|p1a: Zapdos|Hurricane|p2a: Iron Treads
|-resisted|p2a: Iron Treads
|-damage|p2a: Iron Treads|40/100
|
|-heal|p2a: Iron Treads|46/100|[from] item: Leftovers
|upkeep
|turn|34
|c|☆Rygii|WHAT
|c|☆Rygii|YOU ROOSTED
|c|☆Rygii|YOU LOST FLYING TYPE
|
|t:|1758342087
|move|p2a: Iron Treads|Iron Head|p1a: Zapdos
|-resisted|p1a: Zapdos
|-damage|p1a: Zapdos|48/100
|move|p1a: Zapdos|Roost|p1a: Zapdos
|-heal|p1a: Zapdos|98/100
|-singleturn|p1a: Zapdos|move: Roost
|
|-heal|p2a: Iron Treads|53/100|[from] item: Leftovers
|upkeep
|turn|35
|c|☆StellarisStarryz|that only apples to the first turn bozo
|c|☆Rygii|welp
|
|t:|1758342102
|move|p2a: Iron Treads|Knock Off|p1a: Zapdos
|-damage|p1a: Zapdos|84/100
|move|p1a: Zapdos|Hurricane|p2a: Iron Treads|[miss]
|-miss|p1a: Zapdos|p2a: Iron Treads
|
|-heal|p2a: Iron Treads|59/100|[from] item: Leftovers
|upkeep
|turn|36
|
|t:|1758342109
|move|p2a: Iron Treads|Knock Off|p1a: Zapdos
|-damage|p1a: Zapdos|69/100
|move|p1a: Zapdos|Hurricane|p2a: Iron Treads
|-resisted|p2a: Iron Treads
|-damage|p2a: Iron Treads|26/100
|
|-heal|p2a: Iron Treads|32/100|[from] item: Leftovers
|upkeep
|turn|37
|
|t:|1758342117
|move|p2a: Iron Treads|Knock Off|p1a: Zapdos
|-damage|p1a: Zapdos|54/100
|-status|p2a: Iron Treads|par|[from] ability: Static|[of] p1a: Zapdos
|move|p1a: Zapdos|Hurricane|p2a: Iron Treads
|-resisted|p2a: Iron Treads
|-damage|p2a: Iron Treads|0 fnt
|faint|p2a: Iron Treads
|-end|p2a: Iron Treads|Quark Drive|[silent]
|
|upkeep
|
|t:|1758342126
|switch|p2a: Slowking|Slowking, F|100/100
|turn|38
|
|t:|1758342131
|move|p1a: Zapdos|Discharge|p2a: Slowking
|-supereffective|p2a: Slowking
|-damage|p2a: Slowking|45/100
|move|p2a: Slowking|Future Sight|p1a: Zapdos
|-start|p2a: Slowking|move: Future Sight
|
|upkeep
|turn|39
|
|t:|1758342140
|move|p1a: Zapdos|Discharge|p2a: Slowking
|-supereffective|p2a: Slowking
|-damage|p2a: Slowking|0 fnt
|faint|p2a: Slowking
|
|upkeep
|
|t:|1758342145
|switch|p2a: Zapdos|Zapdos, shiny|51/100
|turn|40
|
|t:|1758342150
|move|p2a: Zapdos|Heat Wave|p1a: Zapdos
|-damage|p1a: Zapdos|25/100
|move|p1a: Zapdos|Discharge|p2a: Zapdos
|-damage|p2a: Zapdos|13/100
|
|-end|p1a: Zapdos|move: Future Sight
|-damage|p1a: Zapdos|0 fnt
|faint|p1a: Zapdos
|
|win|Rygii
|c|☆Rygii|gg.
