|j|☆sfinch1
|j|☆Kyommunism
|t:|1758247527
|gametype|singles
|player|p1|sfinch1|102|1453
|player|p2|Kyommunism|iris-gen5bw2|1504
|gen|9
|tier|[Gen 9] OU
|rated|
|rule|HP Percentage Mod: HP is shown in percentages
|rule|Endless Battle Clause: Forcing endless battles is banned
|rule|Species Clause: Limit one of each Pokémon
|rule|OHKO Clause: OHKO moves are banned
|rule|Evasion Items Clause: Evasion items are banned
|rule|Evasion Moves Clause: Evasion moves are banned
|rule|Evasion Abilities Clause: Evasion abilities are banned
|rule|Sleep Moves Clause: Sleep-inducing moves are banned
|clearpoke
|poke|p1|Kyurem|
|poke|p1|Landorus-Therian, M|
|poke|p1|Hatterene, F|
|poke|p1|Tinkaton, F|
|poke|p1|Zamazenta-*|
|poke|p1|Dragapult, F|
|poke|p2|Skeledirge, M|
|poke|p2|Ribombee, M|
|poke|p2|Goodra-Hisui, M|
|poke|p2|Raging Bolt|
|poke|p2|Trevenant, M|
|poke|p2|Corviknight, M|
|teampreview
|inactive|Battle timer is ON: inactive players will automatically lose when time's up. (requested by Kyommunism)
|
|t:|1758247540
|teamsize|p1|6
|teamsize|p2|6
|start
|switch|p1a: Dragapult|Dragapult, F|100/100
|switch|p2a: Ribombee|Ribombee, M, shiny|100/100
|turn|1
|
|t:|1758247547
|switch|p1a: Hatterene|Hatterene, F|100/100
|move|p2a: Ribombee|Quiver Dance|p2a: Ribombee
|-boost|p2a: Ribombee|spa|1
|-boost|p2a: Ribombee|spd|1
|-boost|p2a: Ribombee|spe|1
|
|upkeep
|turn|2
|
|t:|1758247554
|move|p2a: Ribombee|Quiver Dance|p2a: Ribombee
|-boost|p2a: Ribombee|spa|1
|-boost|p2a: Ribombee|spd|1
|-boost|p2a: Ribombee|spe|1
|move|p1a: Hatterene|Calm Mind|p1a: Hatterene
|-boost|p1a: Hatterene|spa|1
|-boost|p1a: Hatterene|spd|1
|
|upkeep
|turn|3
|
|t:|1758247559
|move|p2a: Ribombee|Quiver Dance|p2a: Ribombee
|-boost|p2a: Ribombee|spa|1
|-boost|p2a: Ribombee|spd|1
|-boost|p2a: Ribombee|spe|1
|move|p1a: Hatterene|Calm Mind|p1a: Hatterene
|-boost|p1a: Hatterene|spa|1
|-boost|p1a: Hatterene|spd|1
|
|upkeep
|turn|4
|
|t:|1758247563
|move|p2a: Ribombee|Quiver Dance|p2a: Ribombee
|-boost|p2a: Ribombee|spa|1
|-boost|p2a: Ribombee|spd|1
|-boost|p2a: Ribombee|spe|1
|move|p1a: Hatterene|Calm Mind|p1a: Hatterene
|-boost|p1a: Hatterene|spa|1
|-boost|p1a: Hatterene|spd|1
|
|upkeep
|turn|5
|
|t:|1758247571
|switch|p2a: MourningWood|Trevenant, M, shiny|100/100
|move|p1a: Hatterene|Calm Mind|p1a: Hatterene
|-boost|p1a: Hatterene|spa|1
|-boost|p1a: Hatterene|spd|1
|
|upkeep
|turn|6
|
|t:|1758247590
|-terastallize|p1a: Hatterene|Dark
|move|p2a: MourningWood|Poltergeist|p1a: Hatterene
|-activate|p1a: Hatterene|move: Poltergeist|Leftovers
|-resisted|p1a: Hatterene
|-damage|p1a: Hatterene|69/100
|move|p1a: Hatterene|Mystical Fire|p2a: MourningWood
|-supereffective|p2a: MourningWood
|-damage|p2a: MourningWood|0 fnt
|faint|p2a: MourningWood
|
|-heal|p1a: Hatterene|75/100|[from] item: Leftovers
|upkeep
|
|t:|1758247596
|switch|p2a: Skeledirge|Skeledirge, M, shiny|100/100
|turn|7
|
|t:|1758247605
|move|p2a: Skeledirge|Torch Song|p1a: Hatterene
|-damage|p1a: Hatterene|43/100
|-boost|p2a: Skeledirge|spa|1
|move|p1a: Hatterene|Draining Kiss|p2a: Skeledirge
|-resisted|p2a: Skeledirge
|-damage|p2a: Skeledirge|89/100
|-heal|p1a: Hatterene|55/100|[from] drain|[of] p2a: Skeledirge
|
|-heal|p2a: Skeledirge|95/100|[from] item: Leftovers
|-heal|p1a: Hatterene|61/100|[from] item: Leftovers
|upkeep
|turn|8
|
|t:|1758247633
|switch|p1a: Landorus|Landorus-Therian, M|100/100
|-ability|p1a: Landorus|Intimidate|boost
|-unboost|p2a: Skeledirge|atk|1
|move|p2a: Skeledirge|Torch Song|p1a: Landorus
|-damage|p1a: Landorus|37/100
|-boost|p2a: Skeledirge|spa|1
|
|-heal|p2a: Skeledirge|100/100|[from] item: Leftovers
|upkeep
|turn|9
|
|t:|1758247639
|move|p1a: Landorus|Earthquake|p2a: Skeledirge
|-supereffective|p2a: Skeledirge
|-damage|p2a: Skeledirge|9/100
|move|p2a: Skeledirge|Torch Song|p1a: Landorus
|-damage|p1a: Landorus|0 fnt
|-boost|p2a: Skeledirge|spa|1
|faint|p1a: Landorus
|
|-heal|p2a: Skeledirge|15/100|[from] item: Leftovers
|upkeep
|
|t:|1758247653
|switch|p1a: Dragapult|Dragapult, F|100/100
|turn|10
|
|t:|1758247658
|switch|p2a: Corviknight|Corviknight, M, shiny|100/100
|-ability|p2a: Corviknight|Pressure
|move|p1a: Dragapult|Shadow Ball|p2a: Corviknight
|-damage|p2a: Corviknight|64/100
|
|-heal|p2a: Corviknight|70/100|[from] item: Leftovers
|upkeep
|turn|11
|
|t:|1758247668
|move|p1a: Dragapult|Shadow Ball|p2a: Corviknight
|-damage|p2a: Corviknight|34/100
|move|p2a: Corviknight|Roost|p2a: Corviknight
|-heal|p2a: Corviknight|84/100
|-singleturn|p2a: Corviknight|move: Roost
|
|-heal|p2a: Corviknight|91/100|[from] item: Leftovers
|upkeep
|turn|12
|
|t:|1758247674
|switch|p1a: Hatterene|Hatterene, F, tera:Dark|61/100
|switch|p2a: Goodra|Goodra-Hisui, M, shiny|100/100
|
|-heal|p1a: Hatterene|67/100|[from] item: Leftovers
|upkeep
|turn|13
|
|t:|1758247679
|move|p2a: Goodra|Curse|p2a: Goodra
|-unboost|p2a: Goodra|spe|1
|-boost|p2a: Goodra|atk|1
|-boost|p2a: Goodra|def|1
|move|p1a: Hatterene|Calm Mind|p1a: Hatterene
|-boost|p1a: Hatterene|spa|1
|-boost|p1a: Hatterene|spd|1
|
|-heal|p1a: Hatterene|73/100|[from] item: Leftovers
|upkeep
|turn|14
|
|t:|1758247688
|switch|p2a: Skeledirge|Skeledirge, M, shiny|15/100
|move|p1a: Hatterene|Calm Mind|p1a: Hatterene
|-boost|p1a: Hatterene|spa|1
|-boost|p1a: Hatterene|spd|1
|
|-heal|p2a: Skeledirge|21/100|[from] item: Leftovers
|-heal|p1a: Hatterene|78/100|[from] item: Leftovers
|upkeep
|turn|15
|
|t:|1758247697
|move|p2a: Skeledirge|Slack Off|p2a: Skeledirge
|-heal|p2a: Skeledirge|71/100
|move|p1a: Hatterene|Psychic Noise|p2a: Skeledirge
|-damage|p2a: Skeledirge|38/100
|-start|p2a: Skeledirge|move: Heal Block
|
|-heal|p1a: Hatterene|84/100|[from] item: Leftovers
|upkeep
|turn|16
|
|t:|1758247703
|move|p2a: Skeledirge|Torch Song|p1a: Hatterene
|-damage|p1a: Hatterene|54/100
|-boost|p2a: Skeledirge|spa|1
|move|p1a: Hatterene|Psychic Noise|p2a: Skeledirge
|-damage|p2a: Skeledirge|2/100
|
|-heal|p1a: Hatterene|60/100|[from] item: Leftovers
|-end|p2a: Skeledirge|move: Heal Block
|upkeep
|turn|17
|
|t:|1758247708
|move|p2a: Skeledirge|Slack Off|p2a: Skeledirge
|-heal|p2a: Skeledirge|52/100
|move|p1a: Hatterene|Psychic Noise|p2a: Skeledirge
|-damage|p2a: Skeledirge|19/100
|-start|p2a: Skeledirge|move: Heal Block
|
|-heal|p1a: Hatterene|66/100|[from] item: Leftovers
|upkeep
|turn|18
|
|t:|1758247711
|move|p2a: Skeledirge|Torch Song|p1a: Hatterene
|-damage|p1a: Hatterene|19/100
|-boost|p2a: Skeledirge|spa|1
|move|p1a: Hatterene|Psychic Noise|p2a: Skeledirge
|-damage|p2a: Skeledirge|0 fnt
|faint|p2a: Skeledirge
|
|-heal|p1a: Hatterene|25/100|[from] item: Leftovers
|upkeep
|
|t:|1758247716
|switch|p2a: Corviknight|Corviknight, M, shiny|91/100
|-ability|p2a: Corviknight|Pressure
|turn|19
|
|t:|1758247722
|move|p2a: Corviknight|Body Press|p1a: Hatterene
|-supereffective|p1a: Hatterene
|-damage|p1a: Hatterene|0 fnt
|faint|p1a: Hatterene
|
|-heal|p2a: Corviknight|97/100|[from] item: Leftovers
|upkeep
|inactive|sfinch1 has 120 seconds left.
|
|t:|1758247777
|switch|p1a: Dragapult|Dragapult, F|100/100
|turn|20
|inactive|Kyommunism has 120 seconds left.
|inactive|Kyommunism has 90 seconds left.
|inactive|Kyommunism has 60 seconds left.
|
|t:|1758247870
|switch|p2a: Goodra|Goodra-Hisui, M, shiny|100/100
|move|p1a: Dragapult|Fire Blast|p2a: Goodra
|-damage|p2a: Goodra|78/100
|
|upkeep
|turn|21
|
|t:|1758247877
|switch|p1a: Zamazenta|Zamazenta|100/100
|-ability|p1a: Zamazenta|Dauntless Shield|boost
|-boost|p1a: Zamazenta|def|1
|move|p2a: Goodra|Curse|p2a: Goodra
|-unboost|p2a: Goodra|spe|1
|-boost|p2a: Goodra|atk|1
|-boost|p2a: Goodra|def|1
|
|upkeep
|turn|22
|
|t:|1758247881
|switch|p2a: Corviknight|Corviknight, M, shiny|97/100
|-ability|p2a: Corviknight|Pressure
|move|p1a: Zamazenta|Substitute|p1a: Zamazenta
|-start|p1a: Zamazenta|Substitute
|-damage|p1a: Zamazenta|76/100
|
|-heal|p1a: Zamazenta|82/100|[from] item: Leftovers
|-heal|p2a: Corviknight|100/100|[from] item: Leftovers
|upkeep
|turn|23
|
|t:|1758247887
|move|p1a: Zamazenta|Iron Defense|p1a: Zamazenta
|-boost|p1a: Zamazenta|def|2
|move|p2a: Corviknight|Iron Defense|p2a: Corviknight
|-boost|p2a: Corviknight|def|2
|
|-heal|p1a: Zamazenta|88/100|[from] item: Leftovers
|upkeep
|turn|24
|
|t:|1758247897
|switch|p1a: Dragapult|Dragapult, F|100/100
|move|p2a: Corviknight|Iron Defense|p2a: Corviknight
|-boost|p2a: Corviknight|def|2
|
|upkeep
|turn|25
|
|t:|1758247904
|move|p1a: Dragapult|Shadow Ball|p2a: Corviknight
|-damage|p2a: Corviknight|65/100
|move|p2a: Corviknight|Defog|p1a: Dragapult
|-unboost|p1a: Dragapult|evasion|1
|
|-heal|p2a: Corviknight|71/100|[from] item: Leftovers
|upkeep
|turn|26
|
|t:|1758247908
|move|p1a: Dragapult|Shadow Ball|p2a: Corviknight
|-damage|p2a: Corviknight|38/100
|-unboost|p2a: Corviknight|spd|1
|move|p2a: Corviknight|Roost|p2a: Corviknight
|-heal|p2a: Corviknight|88/100
|-singleturn|p2a: Corviknight|move: Roost
|
|-heal|p2a: Corviknight|94/100|[from] item: Leftovers
|upkeep
|turn|27
|
|t:|1758247913
|switch|p2a: Goodra|Goodra-Hisui, M, shiny|78/100
|move|p1a: Dragapult|Shadow Ball|p2a: Goodra
|-damage|p2a: Goodra|51/100
|
|upkeep
|turn|28
|
|t:|1758247921
|switch|p1a: Tinkaton|Tinkaton, F|100/100
|-ability|p1a: Tinkaton|Mold Breaker
|switch|p2a: Ribombee|Ribombee, M, shiny|100/100
|
|upkeep
|turn|29
|
|t:|1758247930
|-terastallize|p2a: Ribombee|Water
|move|p1a: Tinkaton|Gigaton Hammer|p2a: Ribombee
|-resisted|p2a: Ribombee
|-damage|p2a: Ribombee|68/100
|-enditem|p2a: Ribombee|Kee Berry|[eat]
|-boost|p2a: Ribombee|def|1|[from] item: Kee Berry
|move|p2a: Ribombee|Quiver Dance|p2a: Ribombee
|-boost|p2a: Ribombee|spa|1
|-boost|p2a: Ribombee|spd|1
|-boost|p2a: Ribombee|spe|1
|
|upkeep
|turn|30
|
|t:|1758247946
|move|p2a: Ribombee|Quiver Dance|p2a: Ribombee
|-boost|p2a: Ribombee|spa|1
|-boost|p2a: Ribombee|spd|1
|-boost|p2a: Ribombee|spe|1
|move|p1a: Tinkaton|Swords Dance|p1a: Tinkaton
|-boost|p1a: Tinkaton|atk|2
|
|upkeep
|turn|31
|
|t:|1758247957
|move|p2a: Ribombee|Tera Blast|p1a: Tinkaton|[anim] Tera Blast Water
|-damage|p1a: Tinkaton|45/100
|move|p1a: Tinkaton|Gigaton Hammer|p2a: Ribombee
|-resisted|p2a: Ribombee
|-damage|p2a: Ribombee|30/100
|
|upkeep
|turn|32
|
|t:|1758247967
|move|p2a: Ribombee|Tera Blast|p1a: Tinkaton|[anim] Tera Blast Water
|-damage|p1a: Tinkaton|0 fnt
|faint|p1a: Tinkaton
|
|upkeep
|inactive|sfinch1 has 120 seconds left.
|
|t:|1758247994
|switch|p1a: Zamazenta|Zamazenta|88/100
|turn|33
|
|t:|1758247998
|move|p2a: Ribombee|Draining Kiss|p1a: Zamazenta
|-supereffective|p1a: Zamazenta
|-damage|p1a: Zamazenta|34/100
|-heal|p2a: Ribombee|79/100|[from] drain|[of] p1a: Zamazenta
|move|p1a: Zamazenta|Body Press|p2a: Ribombee
|-damage|p2a: Ribombee|56/100
|
|-heal|p1a: Zamazenta|40/100|[from] item: Leftovers
|upkeep
|turn|34
|-message|sfinch1 forfeited.
|
|win|Kyommunism
|raw|sfinch1's rating: 1453 &rarr; <strong>1436</strong><br />(-17 for losing)
|raw|Kyommunism's rating: 1504 &rarr; <strong>1521</strong><br />(+17 for winning)
|l|☆sfinch1
|player|p1|
|l|☆Kyommunism
|player|p2|
