|j|☆M3rkmayham
|j|☆Prateekkp
|inactive|Battle timer is ON: inactive players will automatically lose when time's up.
|t:|1758280052
|gametype|singles
|player|p1|M3rkmayham|170|
|player|p2|Prateekkp|hero2-conquest|
|gen|9
|tier|[Gen 9] OU
|rated|Tournament battle
|rule|HP Percentage Mod: HP is shown in percentages
|rule|Endless Battle Clause: Forcing endless battles is banned
|rule|Species Clause: Limit one of each Pokémon
|rule|OHKO Clause: OHKO moves are banned
|rule|Evasion Items Clause: Evasion items are banned
|rule|Evasion Moves Clause: Evasion moves are banned
|rule|Evasion Abilities Clause: Evasion abilities are banned
|rule|Sleep Moves Clause: Sleep-inducing moves are banned
|rule|Inverse Mod: Weaknesses become resistances, while resistances and immunities become weaknesses.
|rule|Blitz: Super-fast timer
|raw|<div class="infobox"><details class="readmore" open><summary><strong>2 custom rules:</strong></summary> Inverse Mod, Blitz</details></div>
|clearpoke
|poke|p1|Gholdengo|
|poke|p1|Iron Valiant|
|poke|p1|Kingambit, F|
|poke|p1|Ogerpon-Wellspring, F|
|poke|p1|Raging Bolt|
|poke|p1|Landorus-Therian, M|
|poke|p2|Samurott-Hisui, F|
|poke|p2|Garganacl, F|
|poke|p2|Iron Crown|
|poke|p2|Cinderace, F|
|poke|p2|Enamorus, F|
|poke|p2|Kingambit, F|
|teampreview
|j|*Lady Monita ☀
|inactive|Prateekkp also wants the timer to be on.
|c|☆M3rkmayham|Glhf
|inactive|Prateekkp has 30 seconds left.
|
|t:|1758280063
|teamsize|p1|6
|teamsize|p2|6
|start
|switch|p1a: Landorus|Landorus-Therian, M|100/100
|switch|p2a: Samurott|Samurott-Hisui, F|100/100
|-ability|p1a: Landorus|Intimidate|boost
|-unboost|p2a: Samurott|atk|1
|turn|1
|c|☆Prateekkp|U2
|inactive|Prateekkp has 10 seconds left.
|
|t:|1758280070
|move|p2a: Samurott|Ceaseless Edge|p1a: Landorus
|-damage|p1a: Landorus|61/100
|-sidestart|p1: M3rkmayham|Spikes
|-damage|p2a: Samurott|91/100|[from] item: Life Orb
|move|p1a: Landorus|Stealth Rock|p2a: Samurott
|-sidestart|p2: Prateekkp|move: Stealth Rock
|
|-heal|p1a: Landorus|68/100|[from] item: Leftovers
|upkeep
|turn|2
|
|t:|1758280074
|move|p2a: Samurott|Ceaseless Edge|p1a: Landorus
|-damage|p1a: Landorus|28/100
|-sidestart|p1: M3rkmayham|Spikes
|-damage|p2a: Samurott|81/100|[from] item: Life Orb
|move|p1a: Landorus|Earthquake|p2a: Samurott
|-damage|p2a: Samurott|10/100
|
|-heal|p1a: Landorus|34/100|[from] item: Leftovers
|upkeep
|turn|3
|
|t:|1758280076
|move|p2a: Samurott|Ceaseless Edge|p1a: Landorus
|-damage|p1a: Landorus|0 fnt
|-sidestart|p1: M3rkmayham|Spikes
|faint|p1a: Landorus
|-damage|p2a: Samurott|0 fnt|[from] item: Life Orb
|faint|p2a: Samurott
|
|upkeep
|inactive|Prateekkp has 10 seconds left.
|
|t:|1758280082
|switch|p2a: Garganacl|Garganacl, F|100/100
|switch|p1a: Iron Valiant|Iron Valiant|100/100
|-damage|p1a: Iron Valiant|76/100|[from] Spikes
|-damage|p2a: Garganacl|88/100|[from] Stealth Rock
|turn|4
|
|t:|1758280084
|move|p1a: Iron Valiant|Moonblast|p2a: Garganacl
|-damage|p2a: Garganacl|18/100
|move|p2a: Garganacl|Salt Cure|p1a: Iron Valiant
|-supereffective|p1a: Iron Valiant
|-damage|p1a: Iron Valiant|42/100
|-start|p1a: Iron Valiant|Salt Cure
|
|-heal|p2a: Garganacl|24/100|[from] item: Leftovers
|-damage|p1a: Iron Valiant|30/100|[from] Salt Cure
|upkeep
|turn|5
|
|t:|1758280087
|move|p1a: Iron Valiant|Moonblast|p2a: Garganacl
|-damage|p2a: Garganacl|0 fnt
|faint|p2a: Garganacl
|
|-damage|p1a: Iron Valiant|17/100|[from] Salt Cure
|upkeep
|
|t:|1758280090
|switch|p2a: Iron Crown|Iron Crown|100/100
|-damage|p2a: Iron Crown|76/100|[from] Stealth Rock
|turn|6
|
|t:|1758280092
|move|p1a: Iron Valiant|Moonblast|p2a: Iron Crown
|-supereffective|p2a: Iron Crown
|-damage|p2a: Iron Crown|0 fnt
|faint|p2a: Iron Crown
|-end|p2a: Iron Crown|Quark Drive|[silent]
|
|-damage|p1a: Iron Valiant|5/100|[from] Salt Cure
|upkeep
|
|t:|1758280097
|switch|p2a: Enamorus|Enamorus, F|100/100
|-damage|p2a: Enamorus|94/100|[from] Stealth Rock
|turn|7
|inactive|Prateekkp has 10 seconds left.
|
|t:|1758280104
|move|p2a: Enamorus|Tera Blast|p1a: Iron Valiant
|-damage|p1a: Iron Valiant|0 fnt
|faint|p1a: Iron Valiant
|-end|p1a: Iron Valiant|Quark Drive|[silent]
|
|upkeep
|inactive|M3rkmayham has 10 seconds left.
|
|t:|1758280111
|switch|p1a: Raging Bolt|Raging Bolt|100/100
|-damage|p1a: Raging Bolt|76/100|[from] Spikes
|turn|8
|
|t:|1758280114
|move|p2a: Enamorus|Tera Blast|p1a: Raging Bolt
|-damage|p1a: Raging Bolt|51/100
|move|p1a: Raging Bolt|Draco Meteor|p2a: Enamorus
|-supereffective|p2a: Enamorus
|-damage|p2a: Enamorus|0 fnt
|-unboost|p1a: Raging Bolt|spa|2
|faint|p2a: Enamorus
|
|-heal|p1a: Raging Bolt|57/100|[from] item: Leftovers
|upkeep
|
|t:|1758280118
|switch|p2a: Cinderace|Cinderace, F|100/100
|turn|9
|
|t:|1758280120
|move|p2a: Cinderace|Pyro Ball|p1a: Raging Bolt
|-supereffective|p1a: Raging Bolt
|-damage|p1a: Raging Bolt|0 fnt
|faint|p1a: Raging Bolt
|-end|p1a: Raging Bolt|Protosynthesis|[silent]
|
|upkeep
|
|t:|1758280125
|switch|p1a: Gholdengo|Gholdengo|100/100
|-item|p1a: Gholdengo|Air Balloon
|turn|10
|
|t:|1758280130
|move|p2a: Cinderace|Gunk Shot|p1a: Gholdengo|[miss]
|-start|p2a: Cinderace|typechange|Poison|[from] ability: Libero
|-miss|p2a: Cinderace|p1a: Gholdengo
|move|p1a: Gholdengo|Thunder Wave|p2a: Cinderace
|-status|p2a: Cinderace|par
|
|upkeep
|turn|11
|
|t:|1758280133
|move|p1a: Gholdengo|Make It Rain|p2a: Cinderace
|-damage|p2a: Cinderace|3/100 par
|-unboost|p1a: Gholdengo|spa|1
|move|p2a: Cinderace|High Jump Kick|p1a: Gholdengo
|-damage|p1a: Gholdengo|64/100
|-enditem|p1a: Gholdengo|Air Balloon
|
|upkeep
|turn|12
|
|t:|1758280136
|move|p1a: Gholdengo|Shadow Ball|p2a: Cinderace
|-damage|p2a: Cinderace|0 fnt
|faint|p2a: Cinderace
|
|upkeep
|
|t:|1758280137
|switch|p2a: Kingambit|Kingambit, F|100/100
|-damage|p2a: Kingambit|76/100|[from] Stealth Rock
|-activate|p2a: Kingambit|ability: Supreme Overlord
|-start|p2a: Kingambit|fallen5|[silent]
|turn|13
|
|t:|1758280141
|-terastallize|p2a: Kingambit|Flying
|move|p1a: Gholdengo|Shadow Ball|p2a: Kingambit
|-damage|p2a: Kingambit|44/100
|move|p2a: Kingambit|Swords Dance|p2a: Kingambit
|-boost|p2a: Kingambit|atk|2
|
|upkeep
|turn|14
|
|t:|1758280145
|move|p2a: Kingambit|Sucker Punch|p1a: Gholdengo
|-resisted|p1a: Gholdengo
|-damage|p1a: Gholdengo|0 fnt
|faint|p1a: Gholdengo
|
|upkeep
|inactive|M3rkmayham has 10 seconds left.
|
|t:|1758280151
|switch|p1a: Kingambit|Kingambit, F|100/100
|-damage|p1a: Kingambit|75/100|[from] Spikes
|-activate|p1a: Kingambit|ability: Supreme Overlord
|-start|p1a: Kingambit|fallen4|[silent]
|turn|15
|
|t:|1758280155
|move|p2a: Kingambit|Sucker Punch||[still]
|-fail|p2a: Kingambit
|move|p1a: Kingambit|Swords Dance|p1a: Kingambit
|-boost|p1a: Kingambit|atk|2
|
|-heal|p1a: Kingambit|82/100|[from] item: Leftovers
|upkeep
|turn|16
|
|t:|1758280157
|move|p2a: Kingambit|Sucker Punch|p1a: Kingambit
|-supereffective|p1a: Kingambit
|-damage|p1a: Kingambit|0 fnt
|faint|p1a: Kingambit
|-end|p1a: Kingambit|fallen4|[silent]
|
|upkeep
|
|t:|1758280159
|switch|p1a: Ogerpon|Ogerpon-Wellspring, F|100/100
|-damage|p1a: Ogerpon|76/100|[from] Spikes
|turn|17
|
|t:|1758280162
|move|p2a: Kingambit|Sucker Punch|p1a: Ogerpon
|-damage|p1a: Ogerpon|0 fnt
|faint|p1a: Ogerpon
|
|win|Prateekkp
|n|☆M3rkmayham|m3rkmayham
|n|☆Prateekkp|prateekkp
|n|*Lady Monita ☀|ladymonita
