|j|☆Aj_Sc0tt
|j|☆Fitis3
|t:|1758266331
|gametype|singles
|player|p1|Aj_Sc0tt|elesa|1254
|player|p2|Fitis3|102|1193
|gen|9
|tier|[Gen 9] OU
|rated|
|rule|HP Percentage Mod: HP is shown in percentages
|rule|Endless Battle Clause: Forcing endless battles is banned
|rule|Species Clause: Limit one of each Pokémon
|rule|OHKO Clause: OHKO moves are banned
|rule|Evasion Items Clause: Evasion items are banned
|rule|Evasion Moves Clause: Evasion moves are banned
|rule|Evasion Abilities Clause: Evasion abilities are banned
|rule|Sleep Moves Clause: Sleep-inducing moves are banned
|clearpoke
|poke|p1|Gholdengo|
|poke|p1|Darkrai|
|poke|p1|Ting-Lu|
|poke|p1|Zapdos|
|poke|p1|Primarina, F|
|poke|p1|Gliscor, M|
|poke|p2|Gliscor, M|
|poke|p2|Iron Valiant|
|poke|p2|Toxtricity, F|
|poke|p2|Iron Treads|
|poke|p2|Hatterene, F|
|poke|p2|Clodsire, M|
|teampreview
|inactive|Battle timer is ON: inactive players will automatically lose when time's up. (requested by Fitis3)
|inactive|Fitis3 has 120 seconds left.
|
|t:|1758266380
|teamsize|p1|6
|teamsize|p2|6
|start
|switch|p1a: Gholdengo|Gholdengo|100/100
|switch|p2a: Hatterene|Hatterene, F|100/100
|turn|1
|
|t:|1758266388
|move|p1a: Gholdengo|Nasty Plot|p1a: Gholdengo
|-boost|p1a: Gholdengo|spa|2
|move|p2a: Hatterene|Mystical Fire|p1a: Gholdengo
|-supereffective|p1a: Gholdengo
|-damage|p1a: Gholdengo|56/100
|-unboost|p1a: Gholdengo|spa|1
|
|upkeep
|turn|2
|
|t:|1758266396
|move|p1a: Gholdengo|Recover|p1a: Gholdengo
|-heal|p1a: Gholdengo|100/100
|move|p2a: Hatterene|Mystical Fire|p1a: Gholdengo
|-supereffective|p1a: Gholdengo
|-damage|p1a: Gholdengo|56/100
|-unboost|p1a: Gholdengo|spa|1
|
|upkeep
|turn|3
|
|t:|1758266403
|move|p1a: Gholdengo|Nasty Plot|p1a: Gholdengo
|-boost|p1a: Gholdengo|spa|2
|move|p2a: Hatterene|Mystical Fire|p1a: Gholdengo
|-supereffective|p1a: Gholdengo
|-damage|p1a: Gholdengo|9/100
|-unboost|p1a: Gholdengo|spa|1
|
|upkeep
|turn|4
|
|t:|1758266406
|move|p1a: Gholdengo|Recover|p1a: Gholdengo
|-heal|p1a: Gholdengo|59/100
|move|p2a: Hatterene|Mystical Fire|p1a: Gholdengo
|-supereffective|p1a: Gholdengo
|-damage|p1a: Gholdengo|11/100
|-unboost|p1a: Gholdengo|spa|1
|
|upkeep
|turn|5
|
|t:|1758266412
|move|p1a: Gholdengo|Recover|p1a: Gholdengo
|-heal|p1a: Gholdengo|61/100
|move|p2a: Hatterene|Mystical Fire|p1a: Gholdengo
|-supereffective|p1a: Gholdengo
|-damage|p1a: Gholdengo|12/100
|-unboost|p1a: Gholdengo|spa|1
|
|upkeep
|turn|6
|
|t:|1758266418
|move|p1a: Gholdengo|Recover|p1a: Gholdengo
|-heal|p1a: Gholdengo|62/100
|move|p2a: Hatterene|Mystical Fire|p1a: Gholdengo
|-supereffective|p1a: Gholdengo
|-damage|p1a: Gholdengo|15/100
|-unboost|p1a: Gholdengo|spa|1
|
|upkeep
|turn|7
|
|t:|1758266421
|move|p1a: Gholdengo|Recover|p1a: Gholdengo
|-heal|p1a: Gholdengo|65/100
|move|p2a: Hatterene|Calm Mind|p2a: Hatterene
|-boost|p2a: Hatterene|spa|1
|-boost|p2a: Hatterene|spd|1
|
|upkeep
|turn|8
|
|t:|1758266427
|switch|p1a: Primarina|Primarina, F|100/100
|move|p2a: Hatterene|Mystical Fire|p1a: Primarina
|-resisted|p1a: Primarina
|-damage|p1a: Primarina|84/100
|-unboost|p1a: Primarina|spa|1
|
|upkeep
|turn|9
|
|t:|1758266432
|move|p1a: Primarina|Encore|p2a: Hatterene
|move|p2a: Hatterene|Encore||[from] ability: Magic Bounce|[still]
|-fail|p2a: Hatterene
|move|p2a: Hatterene|Draining Kiss|p1a: Primarina
|-damage|p1a: Primarina|51/100
|
|upkeep
|turn|10
|
|t:|1758266436
|switch|p1a: Gliscor|Gliscor, M|100/100
|move|p2a: Hatterene|Draining Kiss|p1a: Gliscor
|-damage|p1a: Gliscor|67/100
|
|-status|p1a: Gliscor|tox|[from] item: Toxic Orb
|upkeep
|turn|11
|
|t:|1758266445
|move|p1a: Gliscor|Protect|p1a: Gliscor
|-singleturn|p1a: Gliscor|Protect
|move|p2a: Hatterene|Draining Kiss|p1a: Gliscor
|-activate|p1a: Gliscor|move: Protect
|
|-heal|p1a: Gliscor|79/100 tox|[from] ability: Poison Heal
|upkeep
|turn|12
|
|t:|1758266448
|move|p1a: Gliscor|Swords Dance|p1a: Gliscor
|-boost|p1a: Gliscor|atk|2
|move|p2a: Hatterene|Draining Kiss|p1a: Gliscor
|-damage|p1a: Gliscor|49/100 tox
|
|-heal|p1a: Gliscor|62/100 tox|[from] ability: Poison Heal
|upkeep
|turn|13
|
|t:|1758266453
|move|p1a: Gliscor|Swords Dance|p1a: Gliscor
|-boost|p1a: Gliscor|atk|2
|move|p2a: Hatterene|Psyshock|p1a: Gliscor
|-damage|p1a: Gliscor|22/100 tox
|
|-heal|p1a: Gliscor|34/100 tox|[from] ability: Poison Heal
|upkeep
|turn|14
|
|t:|1758266455
|move|p1a: Gliscor|Knock Off|p2a: Hatterene
|-damage|p2a: Hatterene|53/100
|-enditem|p2a: Hatterene|Leftovers|[from] move: Knock Off|[of] p1a: Gliscor
|move|p2a: Hatterene|Draining Kiss|p1a: Gliscor
|-damage|p1a: Gliscor|5/100 tox
|-heal|p2a: Hatterene|77/100|[from] drain|[of] p1a: Gliscor
|
|-heal|p1a: Gliscor|18/100 tox|[from] ability: Poison Heal
|upkeep
|turn|15
|
|t:|1758266459
|move|p1a: Gliscor|Protect|p1a: Gliscor
|-singleturn|p1a: Gliscor|Protect
|move|p2a: Hatterene|Draining Kiss|p1a: Gliscor
|-activate|p1a: Gliscor|move: Protect
|
|-heal|p1a: Gliscor|30/100 tox|[from] ability: Poison Heal
|upkeep
|turn|16
|
|t:|1758266463
|move|p1a: Gliscor|Facade|p2a: Hatterene
|-damage|p2a: Hatterene|10/100
|move|p2a: Hatterene|Draining Kiss|p1a: Gliscor
|-damage|p1a: Gliscor|0 fnt
|-heal|p2a: Hatterene|34/100|[from] drain|[of] p1a: Gliscor
|faint|p1a: Gliscor
|
|upkeep
|
|t:|1758266469
|switch|p1a: Darkrai|Darkrai|100/100
|turn|17
|
|t:|1758266472
|move|p1a: Darkrai|Sludge Bomb|p2a: Hatterene
|-supereffective|p2a: Hatterene
|-damage|p2a: Hatterene|0 fnt
|faint|p2a: Hatterene
|
|upkeep
|
|t:|1758266484
|switch|p2a: Iron Valiant|Iron Valiant|100/100
|turn|18
|
|t:|1758266488
|move|p2a: Iron Valiant|Moonblast|p1a: Darkrai
|-supereffective|p1a: Darkrai
|-damage|p1a: Darkrai|0 fnt
|faint|p1a: Darkrai
|
|upkeep
|
|t:|1758266497
|switch|p1a: Gholdengo|Gholdengo|65/100
|turn|19
|
|t:|1758266510
|-end|p2a: Iron Valiant|Quark Drive|[silent]
|switch|p2a: Gliscor|Gliscor, M|100/100
|move|p1a: Gholdengo|Make It Rain|p2a: Gliscor
|-damage|p2a: Gliscor|3/100
|-unboost|p1a: Gholdengo|spa|1
|
|-status|p2a: Gliscor|tox|[from] item: Toxic Orb
|upkeep
|turn|20
|
|t:|1758266515
|move|p2a: Gliscor|Earthquake|p1a: Gholdengo
|-supereffective|p1a: Gholdengo
|-enditem|p1a: Gholdengo|Shuca Berry|[eat]
|-enditem|p1a: Gholdengo|Shuca Berry|[weaken]
|-damage|p1a: Gholdengo|24/100
|move|p1a: Gholdengo|Shadow Ball|p2a: Gliscor
|-damage|p2a: Gliscor|0 fnt
|faint|p2a: Gliscor
|
|upkeep
|
|t:|1758266523
|switch|p2a: Iron Treads|Iron Treads|100/100
|turn|21
|
|t:|1758266531
|switch|p1a: Ting-Lu|Ting-Lu|100/100
|-ability|p1a: Ting-Lu|Vessel of Ruin
|move|p2a: Iron Treads|Earthquake|p1a: Ting-Lu
|-damage|p1a: Ting-Lu|80/100
|
|upkeep
|turn|22
|
|t:|1758266543
|-end|p2a: Iron Treads|Quark Drive|[silent]
|switch|p2a: Iron Valiant|Iron Valiant|100/100
|move|p1a: Ting-Lu|Earthquake|p2a: Iron Valiant
|-damage|p2a: Iron Valiant|53/100
|
|upkeep
|turn|23
|
|t:|1758266554
|switch|p1a: Zapdos|Zapdos|100/100
|move|p2a: Iron Valiant|Moonblast|p1a: Zapdos
|-damage|p1a: Zapdos|54/100
|
|upkeep
|turn|24
|
|t:|1758266560
|move|p2a: Iron Valiant|Moonblast|p1a: Zapdos
|-damage|p1a: Zapdos|11/100
|move|p1a: Zapdos|Roost|p1a: Zapdos
|-heal|p1a: Zapdos|61/100
|-singleturn|p1a: Zapdos|move: Roost
|
|upkeep
|turn|25
|
|t:|1758266565
|-end|p2a: Iron Valiant|Quark Drive|[silent]
|switch|p2a: Clodsire|Clodsire, M|100/100
|move|p1a: Zapdos|Hurricane|p2a: Clodsire|[miss]
|-miss|p1a: Zapdos|p2a: Clodsire
|
|upkeep
|turn|26
|
|t:|1758266570
|switch|p1a: Gholdengo|Gholdengo|24/100
|move|p2a: Clodsire|Toxic|p1a: Gholdengo
|-immune|p1a: Gholdengo|[from] ability: Good as Gold
|
|upkeep
|turn|27
|
|t:|1758266577
|move|p1a: Gholdengo|Recover|p1a: Gholdengo
|-heal|p1a: Gholdengo|74/100
|move|p2a: Clodsire|Earthquake|p1a: Gholdengo
|-supereffective|p1a: Gholdengo
|-damage|p1a: Gholdengo|24/100
|
|upkeep
|turn|28
|
|t:|1758266584
|move|p1a: Gholdengo|Recover|p1a: Gholdengo
|-heal|p1a: Gholdengo|74/100
|move|p2a: Clodsire|Earthquake|p1a: Gholdengo
|-supereffective|p1a: Gholdengo
|-damage|p1a: Gholdengo|17/100
|
|upkeep
|turn|29
|
|t:|1758266590
|move|p1a: Gholdengo|Recover|p1a: Gholdengo
|-heal|p1a: Gholdengo|67/100
|move|p2a: Clodsire|Earthquake|p1a: Gholdengo
|-supereffective|p1a: Gholdengo
|-damage|p1a: Gholdengo|13/100
|
|upkeep
|turn|30
|
|t:|1758266601
|move|p1a: Gholdengo|Shadow Ball|p2a: Clodsire
|-damage|p2a: Clodsire|78/100
|move|p2a: Clodsire|Toxic|p1a: Gholdengo
|-immune|p1a: Gholdengo|[from] ability: Good as Gold
|
|-heal|p2a: Clodsire|84/100|[from] item: Leftovers
|upkeep
|turn|31
|
|t:|1758266617
|move|p1a: Gholdengo|Make It Rain|p2a: Clodsire
|-damage|p2a: Clodsire|50/100
|-unboost|p1a: Gholdengo|spa|1
|move|p2a: Clodsire|Earthquake|p1a: Gholdengo
|-supereffective|p1a: Gholdengo
|-damage|p1a: Gholdengo|0 fnt
|faint|p1a: Gholdengo
|
|-heal|p2a: Clodsire|56/100|[from] item: Leftovers
|upkeep
|
|t:|1758266628
|switch|p1a: Ting-Lu|Ting-Lu|80/100
|-ability|p1a: Ting-Lu|Vessel of Ruin
|turn|32
|
|t:|1758266633
|move|p1a: Ting-Lu|Earthquake|p2a: Clodsire
|-supereffective|p2a: Clodsire
|-damage|p2a: Clodsire|0 fnt
|faint|p2a: Clodsire
|
|upkeep
|
|t:|1758266636
|switch|p2a: Iron Valiant|Iron Valiant|53/100
|turn|33
|
|t:|1758266643
|switch|p1a: Zapdos|Zapdos|61/100
|move|p2a: Iron Valiant|Moonblast|p1a: Zapdos
|-damage|p1a: Zapdos|15/100
|
|upkeep
|turn|34
|
|t:|1758266648
|move|p2a: Iron Valiant|Moonblast|p1a: Zapdos
|-damage|p1a: Zapdos|0 fnt
|faint|p1a: Zapdos
|
|upkeep
|
|t:|1758266653
|switch|p1a: Primarina|Primarina, F|51/100
|turn|35
|
|t:|1758266658
|-terastallize|p1a: Primarina|Steel
|move|p2a: Iron Valiant|Moonblast|p1a: Primarina
|-resisted|p1a: Primarina
|-damage|p1a: Primarina|30/100
|move|p1a: Primarina|Moonblast|p2a: Iron Valiant
|-supereffective|p2a: Iron Valiant
|-damage|p2a: Iron Valiant|0 fnt
|faint|p2a: Iron Valiant
|-end|p2a: Iron Valiant|Quark Drive|[silent]
|
|upkeep
|
|t:|1758266662
|switch|p2a: Iron Treads|Iron Treads|100/100
|turn|36
|
|t:|1758266669
|move|p2a: Iron Treads|Earthquake|p1a: Primarina
|-supereffective|p1a: Primarina
|-damage|p1a: Primarina|0 fnt
|faint|p1a: Primarina
|
|upkeep
|
|t:|1758266671
|switch|p1a: Ting-Lu|Ting-Lu|80/100
|-ability|p1a: Ting-Lu|Vessel of Ruin
|turn|37
|
|t:|1758266674
|move|p2a: Iron Treads|Ice Spinner|p1a: Ting-Lu
|-supereffective|p1a: Ting-Lu
|-damage|p1a: Ting-Lu|57/100
|-damage|p2a: Iron Treads|84/100|[from] item: Rocky Helmet|[of] p1a: Ting-Lu
|move|p1a: Ting-Lu|Earthquake|p2a: Iron Treads
|-supereffective|p2a: Iron Treads
|-damage|p2a: Iron Treads|27/100
|
|upkeep
|turn|38
|
|t:|1758266677
|move|p2a: Iron Treads|Ice Spinner|p1a: Ting-Lu
|-supereffective|p1a: Ting-Lu
|-damage|p1a: Ting-Lu|34/100
|-damage|p2a: Iron Treads|10/100|[from] item: Rocky Helmet|[of] p1a: Ting-Lu
|move|p1a: Ting-Lu|Earthquake|p2a: Iron Treads
|-supereffective|p2a: Iron Treads
|-damage|p2a: Iron Treads|0 fnt
|faint|p2a: Iron Treads
|-end|p2a: Iron Treads|Quark Drive|[silent]
|
|upkeep
|
|t:|1758266679
|switch|p2a: Toxtricity|Toxtricity, F|100/100
|turn|39
|
|t:|1758266683
|-terastallize|p2a: Toxtricity|Normal
|move|p2a: Toxtricity|Boomburst|p1a: Ting-Lu
|-damage|p1a: Ting-Lu|0 fnt
|faint|p1a: Ting-Lu
|-enditem|p2a: Toxtricity|Throat Spray
|
|win|Fitis3
|raw|Aj_Sc0tt's rating: 1254 &rarr; <strong>1225</strong><br />(-29 for losing)
|raw|Fitis3's rating: 1193 &rarr; <strong>1222</strong><br />(+29 for winning)
|l|☆Aj_Sc0tt
|player|p1|
|l|☆Fitis3
|player|p2|
