|j|☆Geb123
|j|☆biscuitkhan
|t:|1758245659
|gametype|singles
|player|p1|Geb123|266|1211
|player|p2|biscuitkhan|pokemonbreeder-gen4|1256
|gen|9
|tier|[Gen 9] OU
|rated|
|rule|HP Percentage Mod: HP is shown in percentages
|rule|Endless Battle Clause: Forcing endless battles is banned
|rule|Species Clause: Limit one of each Pokémon
|rule|OHKO Clause: OHKO moves are banned
|rule|Evasion Items Clause: Evasion items are banned
|rule|Evasion Moves Clause: Evasion moves are banned
|rule|Evasion Abilities Clause: Evasion abilities are banned
|rule|Sleep Moves Clause: Sleep-inducing moves are banned
|clearpoke
|poke|p1|Ceruledge, M|
|poke|p1|Araquanid, F|
|poke|p1|Raging Bolt|
|poke|p1|Zapdos-Galar|
|poke|p1|Mew|
|poke|p1|Ninetales, F|
|poke|p2|Pelipper, M|
|poke|p2|Barraskewda, F|
|poke|p2|Corviknight, M|
|poke|p2|Zapdos|
|poke|p2|Swampert, F|
|poke|p2|Scyther, F|
|teampreview
|inactive|Battle timer is ON: inactive players will automatically lose when time's up. (requested by Geb123)
|
|t:|1758245673
|teamsize|p1|6
|teamsize|p2|6
|start
|switch|p1a: Raging Bolt|Raging Bolt|100/100
|switch|p2a: Pelipper|Pelipper, M|100/100
|-weather|RainDance|[from] ability: Drizzle|[of] p2a: Pelipper
|-enditem|p1a: Raging Bolt|Booster Energy
|-activate|p1a: Raging Bolt|ability: Protosynthesis|[fromitem]
|-start|p1a: Raging Bolt|protosynthesisspa
|turn|1
|
|t:|1758245686
|switch|p2a: Swampert|Swampert, F|100/100
|-terastallize|p1a: Raging Bolt|Normal
|move|p1a: Raging Bolt|Calm Mind|p1a: Raging Bolt
|-boost|p1a: Raging Bolt|spa|1
|-boost|p1a: Raging Bolt|spd|1
|
|-weather|RainDance|[upkeep]
|upkeep
|turn|2
|
|t:|1758245696
|move|p1a: Raging Bolt|Hyper Voice|p2a: Swampert
|-damage|p2a: Swampert|36/100
|move|p2a: Swampert|Knock Off|p1a: Raging Bolt
|-damage|p1a: Raging Bolt|87/100
|
|-weather|RainDance|[upkeep]
|-heal|p2a: Swampert|43/100|[from] item: Leftovers
|upkeep
|turn|3
|
|t:|1758245707
|move|p1a: Raging Bolt|Hyper Voice|p2a: Swampert
|-damage|p2a: Swampert|0 fnt
|faint|p2a: Swampert
|
|-weather|RainDance|[upkeep]
|upkeep
|
|t:|1758245720
|switch|p2a: Barraskewda|Barraskewda, F|100/100
|turn|4
|
|t:|1758245725
|move|p1a: Raging Bolt|Thunderclap|p2a: Barraskewda
|-supereffective|p2a: Barraskewda
|-damage|p2a: Barraskewda|0 fnt
|faint|p2a: Barraskewda
|
|-weather|RainDance|[upkeep]
|upkeep
|
|t:|1758245731
|switch|p2a: Scyther|Scyther, F|100/100
|turn|5
|
|t:|1758245736
|move|p2a: Scyther|Swords Dance|p2a: Scyther
|-boost|p2a: Scyther|atk|2
|move|p1a: Raging Bolt|Hyper Voice|p2a: Scyther
|-crit|p2a: Scyther
|-damage|p2a: Scyther|0 fnt
|faint|p2a: Scyther
|
|-weather|RainDance|[upkeep]
|upkeep
|-message|biscuitkhan forfeited.
|
|win|Geb123
|raw|Geb123's rating: 1211 &rarr; <strong>1239</strong><br />(+28 for winning)
|raw|biscuitkhan's rating: 1256 &rarr; <strong>1228</strong><br />(-28 for losing)
