|j|☆John Kritter
|j|☆ubgg
|t:|1758344390
|gametype|singles
|player|p1|John Kritter|pokemaniac|1524
|player|p2|ubgg|265|1496
|gen|9
|tier|[Gen 9] OU
|rated|
|rule|HP Percentage Mod: HP is shown in percentages
|rule|Endless Battle Clause: Forcing endless battles is banned
|rule|Species Clause: Limit one of each Pokémon
|rule|OHKO Clause: OHKO moves are banned
|rule|Evasion Items Clause: Evasion items are banned
|rule|Evasion Moves Clause: Evasion moves are banned
|rule|Evasion Abilities Clause: Evasion abilities are banned
|rule|Sleep Moves Clause: Sleep-inducing moves are banned
|clearpoke
|poke|p1|Torkoal, F|
|poke|p1|Walking Wake|
|poke|p1|Hatterene, F|
|poke|p1|Great Tusk|
|poke|p1|Ceruledge, M|
|poke|p1|Enamorus, F|
|poke|p2|Slowking-Galar, F|
|poke|p2|Great Tusk|
|poke|p2|Dragonite, F|
|poke|p2|Ogerpon-Wellspring, F|
|poke|p2|Rhyperior, F|
|poke|p2|Alomomola, M|
|teampreview
|inactive|Battle timer is ON: inactive players will automatically lose when time's up. (requested by John Kritter)
|inactive|John Kritter has 120 seconds left.
|
|t:|1758344421
|teamsize|p1|6
|teamsize|p2|6
|start
|switch|p1a: Don|Great Tusk, shiny|100/100
|switch|p2a: Great Tusk|Great Tusk|100/100
|turn|1
|
|t:|1758344432
|-end|p1a: Don|Protosynthesis|[silent]
|switch|p1a: Hatterene|Hatterene, F, shiny|100/100
|move|p2a: Great Tusk|Knock Off|p1a: Hatterene
|-damage|p1a: Hatterene|75/100
|-enditem|p1a: Hatterene|Eject Button|[from] move: Knock Off|[of] p2a: Great Tusk
|
|upkeep
|turn|2
|
|t:|1758344447
|-end|p2a: Great Tusk|Protosynthesis|[silent]
|switch|p2a: Slowking|Slowking-Galar, F|100/100
|move|p1a: Hatterene|Psyshock|p2a: Slowking
|-damage|p2a: Slowking|65/100
|
|upkeep
|turn|3
|
|t:|1758344454
|move|p1a: Hatterene|Psyshock|p2a: Slowking
|-damage|p2a: Slowking|28/100
|-prepare|p2a: Slowking|Chilly Reception|[premajor]
|move|p2a: Slowking|Chilly Reception|p2a: Slowking
|-weather|Snowscape
|
|t:|1758344460
|switch|p2a: Rhyperior|Rhyperior, F|100/100|[from] Chilly Reception
|
|-weather|Snowscape|[upkeep]
|upkeep
|turn|4
|
|t:|1758344485
|move|p2a: Rhyperior|Earthquake|p1a: Hatterene
|-damage|p1a: Hatterene|25/100
|move|p1a: Hatterene|Healing Wish|p1a: Hatterene
|faint|p1a: Hatterene
|
|-weather|Snowscape|[upkeep]
|upkeep
|inactive|John Kritter has 120 seconds left.
|
|t:|1758344501
|switch|p1a: Walking Wake|Walking Wake|100/100
|turn|5
|inactive|John Kritter has 120 seconds left.
|
|t:|1758344508
|switch|p2a: Alomomola|Alomomola, M|100/100
|move|p1a: Walking Wake|Dragon Pulse|p2a: Alomomola
|-damage|p2a: Alomomola|39/100
|
|-weather|Snowscape|[upkeep]
|upkeep
|turn|6
|
|t:|1758344519
|move|p2a: Alomomola|Protect|p2a: Alomomola
|-singleturn|p2a: Alomomola|Protect
|move|p1a: Walking Wake|Dragon Pulse|p2a: Alomomola
|-activate|p2a: Alomomola|move: Protect
|
|-weather|Snowscape|[upkeep]
|upkeep
|turn|7
|
|t:|1758344527
|switch|p2a: Great Tusk|Great Tusk|100/100
|move|p1a: Walking Wake|Dragon Pulse|p2a: Great Tusk
|-damage|p2a: Great Tusk|42/100
|
|-weather|none
|-heal|p2a: Great Tusk|48/100|[from] item: Leftovers
|upkeep
|turn|8
|
|t:|1758344535
|-end|p2a: Great Tusk|Protosynthesis|[silent]
|switch|p2a: Slowking|Slowking-Galar, F|61/100
|move|p1a: Walking Wake|Dragon Pulse|p2a: Slowking
|-damage|p2a: Slowking|22/100
|
|upkeep
|turn|9
|
|t:|1758344541
|switch|p2a: Alomomola|Alomomola, M|72/100
|move|p1a: Walking Wake|Dragon Pulse|p2a: Alomomola
|-damage|p2a: Alomomola|5/100
|
|upkeep
|turn|10
|
|t:|1758344550
|switch|p2a: Slowking|Slowking-Galar, F|56/100
|move|p1a: Walking Wake|Dragon Pulse|p2a: Slowking
|-damage|p2a: Slowking|14/100
|
|upkeep
|turn|11
|
|t:|1758344567
|switch|p2a: Ogerpon|Ogerpon-Wellspring, F|100/100
|move|p1a: Walking Wake|Dragon Pulse|p2a: Ogerpon
|-damage|p2a: Ogerpon|29/100
|
|upkeep
|turn|12
|
|t:|1758344574
|move|p2a: Ogerpon|Play Rough|p1a: Walking Wake
|-supereffective|p1a: Walking Wake
|-damage|p1a: Walking Wake|27/100
|move|p1a: Walking Wake|Dragon Pulse|p2a: Ogerpon
|-damage|p2a: Ogerpon|0 fnt
|faint|p2a: Ogerpon
|
|upkeep
|
|t:|1758344592
|switch|p2a: Dragonite|Dragonite, F|100/100
|turn|13
|
|t:|1758344597
|-end|p1a: Walking Wake|Protosynthesis|[silent]
|switch|p1a: Torkoal|Torkoal, F|100/100
|-weather|SunnyDay|[from] ability: Drought|[of] p1a: Torkoal
|move|p2a: Dragonite|Extreme Speed|p1a: Torkoal
|-damage|p1a: Torkoal|63/100
|
|-weather|SunnyDay|[upkeep]
|upkeep
|turn|14
|
|t:|1758344619
|switch|p2a: Alomomola|Alomomola, M|38/100
|move|p1a: Torkoal|Stealth Rock|p2a: Alomomola
|-sidestart|p2: ubgg|move: Stealth Rock
|
|-weather|SunnyDay|[upkeep]
|upkeep
|turn|15
|
|t:|1758344638
|move|p2a: Alomomola|Wish|p2a: Alomomola
|move|p1a: Torkoal|Earthquake|p2a: Alomomola
|-damage|p2a: Alomomola|27/100
|
|-weather|SunnyDay|[upkeep]
|upkeep
|turn|16
|
|t:|1758344646
|switch|p1a: Walking Wake|Walking Wake|27/100
|-heal|p1a: Walking Wake|100/100|[from] move: Healing Wish
|-activate|p1a: Walking Wake|ability: Protosynthesis
|-start|p1a: Walking Wake|protosynthesisspa
|move|p2a: Alomomola|Tickle|p1a: Walking Wake
|-unboost|p1a: Walking Wake|atk|1
|-unboost|p1a: Walking Wake|def|1
|
|-weather|SunnyDay|[upkeep]
|-heal|p2a: Alomomola|76/100|[from] move: Wish|[wisher] Alomomola
|upkeep
|turn|17
|
|t:|1758344656
|move|p2a: Alomomola|Protect|p2a: Alomomola
|-singleturn|p2a: Alomomola|Protect
|move|p1a: Walking Wake|Dragon Pulse|p2a: Alomomola
|-activate|p2a: Alomomola|move: Protect
|
|-weather|SunnyDay|[upkeep]
|upkeep
|turn|18
|
|t:|1758344665
|move|p1a: Walking Wake|Dragon Pulse|p2a: Alomomola
|-damage|p2a: Alomomola|0 fnt
|faint|p2a: Alomomola
|
|-weather|SunnyDay|[upkeep]
|upkeep
|
|t:|1758344668
|switch|p2a: Rhyperior|Rhyperior, F|100/100
|-damage|p2a: Rhyperior|94/100|[from] Stealth Rock
|turn|19
|
|t:|1758344681
|-end|p1a: Walking Wake|Protosynthesis|[silent]
|switch|p1a: Don|Great Tusk, shiny|100/100
|-activate|p1a: Don|ability: Protosynthesis
|-start|p1a: Don|protosynthesisatk
|move|p2a: Rhyperior|Earthquake|p1a: Don
|-damage|p1a: Don|55/100
|
|-weather|SunnyDay|[upkeep]
|upkeep
|turn|20
|
|t:|1758344696
|move|p1a: Don|Ice Spinner|p2a: Rhyperior
|-supereffective|p2a: Rhyperior
|-damage|p2a: Rhyperior|57/100
|move|p2a: Rhyperior|Avalanche|p1a: Don
|-supereffective|p1a: Don
|-damage|p1a: Don|0 fnt
|-damage|p2a: Rhyperior|40/100|[from] item: Rocky Helmet|[of] p1a: Don
|faint|p1a: Don
|-end|p1a: Don|Protosynthesis|[silent]
|
|-weather|none
|upkeep
|
|t:|1758344702
|switch|p1a: Torkoal|Torkoal, F|63/100
|-weather|SunnyDay|[from] ability: Drought|[of] p1a: Torkoal
|turn|21
|
|t:|1758344709
|move|p2a: Rhyperior|Earthquake|p1a: Torkoal
|-supereffective|p1a: Torkoal
|-damage|p1a: Torkoal|0 fnt
|faint|p1a: Torkoal
|
|-weather|SunnyDay|[upkeep]
|upkeep
|
|t:|1758344712
|switch|p1a: Walking Wake|Walking Wake|100/100
|-activate|p1a: Walking Wake|ability: Protosynthesis
|-start|p1a: Walking Wake|protosynthesisspa
|turn|22
|
|t:|1758344720
|move|p1a: Walking Wake|Hydro Steam|p2a: Rhyperior
|-supereffective|p2a: Rhyperior
|-damage|p2a: Rhyperior|0 fnt
|faint|p2a: Rhyperior
|
|-weather|SunnyDay|[upkeep]
|upkeep
|
|t:|1758344724
|switch|p2a: Dragonite|Dragonite, F|100/100
|-damage|p2a: Dragonite|76/100|[from] Stealth Rock
|turn|23
|
|t:|1758344731
|-terastallize|p1a: Walking Wake|Water
|move|p1a: Walking Wake|Hydro Steam|p2a: Dragonite
|-resisted|p2a: Dragonite
|-damage|p2a: Dragonite|0 fnt
|faint|p2a: Dragonite
|
|-weather|SunnyDay|[upkeep]
|upkeep
|
|t:|1758344734
|switch|p2a: Slowking|Slowking-Galar, F|48/100
|turn|24
|-message|ubgg forfeited.
|
|win|John Kritter
|raw|John Kritter's rating: 1524 &rarr; <strong>1542</strong><br />(+18 for winning)
|raw|ubgg's rating: 1496 &rarr; <strong>1478</strong><br />(-18 for losing)
|l|☆ubgg
|player|p2|
|l|☆John Kritter
|player|p1|
