|j|☆Naz-sama
|j|☆lerendezvous
|t:|1758346859
|gametype|singles
|player|p1|Naz-sama|lady|1572
|player|p2|lerendezvous|101|1673
|gen|9
|tier|[Gen 9] OU
|rated|
|rule|HP Percentage Mod: HP is shown in percentages
|rule|Endless Battle Clause: Forcing endless battles is banned
|rule|Species Clause: Limit one of each Pokémon
|rule|OHKO Clause: OHKO moves are banned
|rule|Evasion Items Clause: Evasion items are banned
|rule|Evasion Moves Clause: Evasion moves are banned
|rule|Evasion Abilities Clause: Evasion abilities are banned
|rule|Sleep Moves Clause: Sleep-inducing moves are banned
|clearpoke
|poke|p1|Pelipper, F|
|poke|p1|Iron Treads|
|poke|p1|Hatterene, F|
|poke|p1|Toxicroak, M|
|poke|p1|Barraskewda, M|
|poke|p1|Talonflame, M|
|poke|p2|Ogerpon-Wellspring, F|
|poke|p2|Slowking-Galar, F|
|poke|p2|Great Tusk|
|poke|p2|Moltres|
|poke|p2|Dragapult, M|
|poke|p2|Kingambit, M|
|teampreview
|inactive|Battle timer is ON: inactive players will automatically lose when time's up. (requested by Naz-sama)
|inactive|lerendezvous also wants the timer to be on.
|
|t:|1758346869
|teamsize|p1|6
|teamsize|p2|6
|start
|switch|p1a: Pelipper|Pelipper, F|100/100
|switch|p2a: Slowking|Slowking-Galar, F|100/100
|-weather|RainDance|[from] ability: Drizzle|[of] p1a: Pelipper
|turn|1
|
|t:|1758346880
|switch|p1a: Iron Treads|Iron Treads|100/100
|move|p2a: Slowking|Sludge Bomb|p1a: Iron Treads
|-immune|p1a: Iron Treads
|
|-weather|RainDance|[upkeep]
|upkeep
|turn|2
|
|t:|1758346889
|move|p1a: Iron Treads|Stealth Rock|p2a: Slowking
|-sidestart|p2: lerendezvous|move: Stealth Rock
|move|p2a: Slowking|Ice Beam|p1a: Iron Treads
|-damage|p1a: Iron Treads|78/100
|
|-weather|RainDance|[upkeep]
|-heal|p1a: Iron Treads|84/100|[from] item: Leftovers
|upkeep
|turn|3
|
|t:|1758346904
|move|p1a: Iron Treads|Earthquake|p2a: Slowking
|-supereffective|p2a: Slowking
|-crit|p2a: Slowking
|-damage|p2a: Slowking|0 fnt
|faint|p2a: Slowking
|
|-weather|RainDance|[upkeep]
|-heal|p1a: Iron Treads|90/100|[from] item: Leftovers
|upkeep
|
|t:|1758346909
|switch|p2a: Ogerpon|Ogerpon-Wellspring, F|100/100
|-damage|p2a: Ogerpon|88/100|[from] Stealth Rock
|turn|4
|
|t:|1758346927
|-end|p1a: Iron Treads|Quark Drive|[silent]
|switch|p1a: Toxicroak|Toxicroak, M|100/100
|move|p2a: Ogerpon|Power Whip|p1a: Toxicroak
|-resisted|p1a: Toxicroak
|-damage|p1a: Toxicroak|71/100
|-damage|p2a: Ogerpon|72/100|[from] item: Rocky Helmet|[of] p1a: Toxicroak
|
|-weather|RainDance|[upkeep]
|-heal|p1a: Toxicroak|84/100|[from] ability: Dry Skin
|upkeep
|turn|5
|
|t:|1758346936
|move|p2a: Ogerpon|U-turn|p1a: Toxicroak
|-resisted|p1a: Toxicroak
|-damage|p1a: Toxicroak|78/100
|-damage|p2a: Ogerpon|55/100|[from] item: Rocky Helmet|[of] p1a: Toxicroak
|
|t:|1758346941
|switch|p2a: Kingambit|Kingambit, M|100/100|[from] U-turn
|-damage|p2a: Kingambit|94/100|[from] Stealth Rock
|-activate|p2a: Kingambit|ability: Supreme Overlord
|-start|p2a: Kingambit|fallen1|[silent]
|move|p1a: Toxicroak|Toxic|p2a: Kingambit
|-immune|p2a: Kingambit
|
|-weather|RainDance|[upkeep]
|-heal|p1a: Toxicroak|90/100|[from] ability: Dry Skin
|-heal|p2a: Kingambit|100/100|[from] item: Leftovers
|upkeep
|turn|6
|
|t:|1758346946
|-terastallize|p2a: Kingambit|Ghost
|move|p1a: Toxicroak|Drain Punch|p2a: Kingambit
|-immune|p2a: Kingambit
|move|p2a: Kingambit|Swords Dance|p2a: Kingambit
|-boost|p2a: Kingambit|atk|2
|
|-weather|RainDance|[upkeep]
|-heal|p1a: Toxicroak|100/100|[from] ability: Dry Skin
|upkeep
|turn|7
|
|t:|1758346951
|move|p1a: Toxicroak|Encore|p2a: Kingambit
|-start|p2a: Kingambit|Encore
|move|p2a: Kingambit|Swords Dance|p2a: Kingambit
|-boost|p2a: Kingambit|atk|2
|
|-weather|RainDance|[upkeep]
|upkeep
|turn|8
|
|t:|1758346955
|-end|p2a: Kingambit|fallen1|[silent]
|switch|p2a: Great Tusk|Great Tusk|100/100
|-damage|p2a: Great Tusk|98/100|[from] Stealth Rock
|move|p1a: Toxicroak|Knock Off|p2a: Great Tusk
|-resisted|p2a: Great Tusk
|-damage|p2a: Great Tusk|89/100
|-damage|p1a: Toxicroak|84/100|[from] item: Rocky Helmet|[of] p2a: Great Tusk
|-enditem|p2a: Great Tusk|Rocky Helmet|[from] move: Knock Off|[of] p1a: Toxicroak
|
|-weather|none
|upkeep
|turn|9
|
|t:|1758346965
|switch|p1a: Pelipper|Pelipper, F|100/100
|-weather|RainDance|[from] ability: Drizzle|[of] p1a: Pelipper
|move|p2a: Great Tusk|Rapid Spin|p1a: Pelipper
|-damage|p1a: Pelipper|83/100
|-boost|p2a: Great Tusk|spe|1
|-sideend|p2: lerendezvous|Stealth Rock|[from] move: Rapid Spin|[of] p2a: Great Tusk
|
|-weather|RainDance|[upkeep]
|upkeep
|turn|10
|
|t:|1758346985
|move|p2a: Great Tusk|Stealth Rock|p1a: Pelipper
|-sidestart|p1: Naz-sama|move: Stealth Rock
|move|p1a: Pelipper|Hurricane|p2a: Great Tusk
|-supereffective|p2a: Great Tusk
|-damage|p2a: Great Tusk|0 fnt
|faint|p2a: Great Tusk
|-end|p2a: Great Tusk|Protosynthesis|[silent]
|
|-weather|RainDance|[upkeep]
|upkeep
|
|t:|1758346992
|switch|p2a: Kingambit|Kingambit, M, tera:Ghost|100/100
|-activate|p2a: Kingambit|ability: Supreme Overlord
|-start|p2a: Kingambit|fallen2|[silent]
|turn|11
|
|t:|1758346999
|move|p2a: Kingambit|Swords Dance|p2a: Kingambit
|-boost|p2a: Kingambit|atk|2
|move|p1a: Pelipper|U-turn|p2a: Kingambit
|-resisted|p2a: Kingambit
|-damage|p2a: Kingambit|97/100
|
|t:|1758347002
|switch|p1a: Toxicroak|Toxicroak, M|84/100|[from] U-turn
|-damage|p1a: Toxicroak|78/100|[from] Stealth Rock
|
|-weather|RainDance|[upkeep]
|-heal|p1a: Toxicroak|90/100|[from] ability: Dry Skin
|-heal|p2a: Kingambit|100/100|[from] item: Leftovers
|upkeep
|turn|12
|
|t:|1758347006
|-end|p2a: Kingambit|fallen2|[silent]
|switch|p2a: Dragapult|Dragapult, M|100/100
|move|p1a: Toxicroak|Encore||[still]
|-fail|p1a: Toxicroak
|
|-weather|RainDance|[upkeep]
|-heal|p1a: Toxicroak|100/100|[from] ability: Dry Skin
|upkeep
|turn|13
|
|t:|1758347011
|move|p2a: Dragapult|Will-O-Wisp|p1a: Toxicroak|[miss]
|-miss|p2a: Dragapult|p1a: Toxicroak
|move|p1a: Toxicroak|Knock Off|p2a: Dragapult
|-supereffective|p2a: Dragapult
|-damage|p2a: Dragapult|35/100
|-enditem|p2a: Dragapult|Heavy-Duty Boots|[from] move: Knock Off|[of] p1a: Toxicroak
|
|-weather|RainDance|[upkeep]
|upkeep
|turn|14
|
|t:|1758347028
|switch|p1a: Hatterene|Hatterene, F|100/100
|-damage|p1a: Hatterene|88/100|[from] Stealth Rock
|move|p2a: Dragapult|Will-O-Wisp|p1a: Hatterene
|move|p1a: Hatterene|Will-O-Wisp|p2a: Dragapult|[from] ability: Magic Bounce
|-status|p2a: Dragapult|brn
|
|-weather|RainDance|[upkeep]
|-damage|p2a: Dragapult|29/100 brn|[from] brn
|upkeep
|turn|15
|
|t:|1758347039
|move|p2a: Dragapult|Hex|p1a: Hatterene
|-supereffective|p1a: Hatterene
|-damage|p1a: Hatterene|31/100
|-enditem|p1a: Hatterene|Eject Button
|inactive|Naz-sama has 120 seconds left.
|
|t:|1758347069
|switch|p1a: Barraskewda|Barraskewda, M|100/100
|-damage|p1a: Barraskewda|88/100|[from] Stealth Rock
|
|-weather|RainDance|[upkeep]
|-damage|p2a: Dragapult|23/100 brn|[from] brn
|upkeep
|turn|16
|
|t:|1758347078
|switch|p2a: Ogerpon|Ogerpon-Wellspring, F|55/100
|move|p1a: Barraskewda|Close Combat|p2a: Ogerpon
|-damage|p2a: Ogerpon|0 fnt
|-unboost|p1a: Barraskewda|def|1
|-unboost|p1a: Barraskewda|spd|1
|faint|p2a: Ogerpon
|
|-weather|none
|upkeep
|
|t:|1758347085
|switch|p2a: Kingambit|Kingambit, M, tera:Ghost|100/100
|-activate|p2a: Kingambit|ability: Supreme Overlord
|-start|p2a: Kingambit|fallen3|[silent]
|turn|17
|inactive|Naz-sama has 120 seconds left.
|
|t:|1758347096
|switch|p1a: Toxicroak|Toxicroak, M|100/100
|-damage|p1a: Toxicroak|94/100|[from] Stealth Rock
|move|p2a: Kingambit|Swords Dance|p2a: Kingambit
|-boost|p2a: Kingambit|atk|2
|
|upkeep
|turn|18
|
|t:|1758347102
|move|p1a: Toxicroak|Encore|p2a: Kingambit
|-start|p2a: Kingambit|Encore
|move|p2a: Kingambit|Swords Dance|p2a: Kingambit
|-boost|p2a: Kingambit|atk|2
|
|upkeep
|turn|19
|
|t:|1758347107
|-end|p2a: Kingambit|fallen3|[silent]
|switch|p2a: Dragapult|Dragapult, M|23/100 brn
|move|p1a: Toxicroak|Toxic||[still]
|-fail|p1a: Toxicroak
|
|-damage|p2a: Dragapult|17/100 brn|[from] brn
|upkeep
|turn|20
|
|t:|1758347117
|switch|p1a: Hatterene|Hatterene, F|31/100
|-damage|p1a: Hatterene|19/100|[from] Stealth Rock
|move|p2a: Dragapult|Hex|p1a: Hatterene
|-supereffective|p1a: Hatterene
|-damage|p1a: Hatterene|0 fnt
|faint|p1a: Hatterene
|
|-damage|p2a: Dragapult|11/100 brn|[from] brn
|upkeep
|
|t:|1758347124
|switch|p1a: Pelipper|Pelipper, F|83/100
|-damage|p1a: Pelipper|58/100|[from] Stealth Rock
|-weather|RainDance|[from] ability: Drizzle|[of] p1a: Pelipper
|turn|21
|
|t:|1758347134
|move|p2a: Dragapult|Hex|p1a: Pelipper
|-damage|p1a: Pelipper|31/100
|move|p1a: Pelipper|Roost|p1a: Pelipper
|-heal|p1a: Pelipper|82/100
|-singleturn|p1a: Pelipper|move: Roost
|
|-weather|RainDance|[upkeep]
|-damage|p2a: Dragapult|5/100 brn|[from] brn
|upkeep
|turn|22
|
|t:|1758347145
|move|p2a: Dragapult|U-turn|p1a: Pelipper
|-resisted|p1a: Pelipper
|-damage|p1a: Pelipper|77/100
|
|t:|1758347150
|switch|p2a: Kingambit|Kingambit, M, tera:Ghost|100/100|[from] U-turn
|-activate|p2a: Kingambit|ability: Supreme Overlord
|-start|p2a: Kingambit|fallen3|[silent]
|move|p1a: Pelipper|Roost|p1a: Pelipper
|-heal|p1a: Pelipper|100/100
|-singleturn|p1a: Pelipper|move: Roost
|
|-weather|RainDance|[upkeep]
|upkeep
|turn|23
|
|t:|1758347158
|switch|p1a: Toxicroak|Toxicroak, M|94/100
|-damage|p1a: Toxicroak|88/100|[from] Stealth Rock
|move|p2a: Kingambit|Swords Dance|p2a: Kingambit
|-boost|p2a: Kingambit|atk|2
|
|-weather|RainDance|[upkeep]
|-heal|p1a: Toxicroak|100/100|[from] ability: Dry Skin
|upkeep
|turn|24
|
|t:|1758347164
|move|p1a: Toxicroak|Encore|p2a: Kingambit
|-start|p2a: Kingambit|Encore
|move|p2a: Kingambit|Swords Dance|p2a: Kingambit
|-boost|p2a: Kingambit|atk|2
|
|-weather|RainDance|[upkeep]
|upkeep
|turn|25
|
|t:|1758347170
|-end|p2a: Kingambit|fallen3|[silent]
|switch|p2a: Dragapult|Dragapult, M|5/100 brn
|move|p1a: Toxicroak|Toxic||[still]
|-fail|p1a: Toxicroak
|
|-weather|RainDance|[upkeep]
|-damage|p2a: Dragapult|0 fnt|[from] brn
|faint|p2a: Dragapult
|upkeep
|
|t:|1758347174
|switch|p2a: Moltres|Moltres|100/100
|turn|26
|
|t:|1758347187
|switch|p1a: Iron Treads|Iron Treads|90/100
|-damage|p1a: Iron Treads|87/100|[from] Stealth Rock
|move|p2a: Moltres|Flamethrower|p1a: Iron Treads
|-supereffective|p1a: Iron Treads
|-damage|p1a: Iron Treads|59/100
|-status|p1a: Iron Treads|brn
|
|-weather|RainDance|[upkeep]
|-heal|p1a: Iron Treads|65/100 brn|[from] item: Leftovers
|-damage|p1a: Iron Treads|59/100 brn|[from] brn
|upkeep
|turn|27
|
|t:|1758347197
|switch|p2a: Kingambit|Kingambit, M, tera:Ghost|100/100
|-activate|p2a: Kingambit|ability: Supreme Overlord
|-start|p2a: Kingambit|fallen4|[silent]
|move|p1a: Iron Treads|Volt Switch|p2a: Kingambit
|-damage|p2a: Kingambit|89/100
|
|t:|1758347201
|-end|p1a: Iron Treads|Quark Drive|[silent]
|switch|p1a: Toxicroak|Toxicroak, M|100/100|[from] Volt Switch
|-damage|p1a: Toxicroak|94/100|[from] Stealth Rock
|
|-weather|RainDance|[upkeep]
|-heal|p1a: Toxicroak|100/100|[from] ability: Dry Skin
|-heal|p2a: Kingambit|96/100|[from] item: Leftovers
|upkeep
|turn|28
|
|t:|1758347205
|move|p1a: Toxicroak|Knock Off|p2a: Kingambit
|-supereffective|p2a: Kingambit
|-damage|p2a: Kingambit|58/100
|-enditem|p2a: Kingambit|Leftovers|[from] move: Knock Off|[of] p1a: Toxicroak
|move|p2a: Kingambit|Iron Head|p1a: Toxicroak
|-damage|p1a: Toxicroak|48/100
|-damage|p2a: Kingambit|41/100|[from] item: Rocky Helmet|[of] p1a: Toxicroak
|
|-weather|none
|upkeep
|turn|29
|
|t:|1758347220
|switch|p1a: Pelipper|Pelipper, F|100/100
|-damage|p1a: Pelipper|76/100|[from] Stealth Rock
|-weather|RainDance|[from] ability: Drizzle|[of] p1a: Pelipper
|-end|p2a: Kingambit|fallen4|[silent]
|switch|p2a: Moltres|Moltres|100/100
|
|-weather|RainDance|[upkeep]
|upkeep
|turn|30
|
|t:|1758347228
|move|p2a: Moltres|Flamethrower|p1a: Pelipper
|-resisted|p1a: Pelipper
|-damage|p1a: Pelipper|67/100
|move|p1a: Pelipper|Surf|p2a: Moltres
|-supereffective|p2a: Moltres
|-damage|p2a: Moltres|4/100
|
|-weather|RainDance|[upkeep]
|upkeep
|turn|31
|
|t:|1758347234
|move|p2a: Moltres|Flamethrower|p1a: Pelipper
|-resisted|p1a: Pelipper
|-crit|p1a: Pelipper
|-damage|p1a: Pelipper|53/100
|move|p1a: Pelipper|U-turn|p2a: Moltres
|-resisted|p2a: Moltres
|-damage|p2a: Moltres|3/100
|-status|p1a: Pelipper|brn|[from] ability: Flame Body|[of] p2a: Moltres
|
|t:|1758347239
|switch|p1a: Iron Treads|Iron Treads|59/100 brn|[from] U-turn
|-damage|p1a: Iron Treads|55/100 brn|[from] Stealth Rock
|
|-weather|RainDance|[upkeep]
|-heal|p1a: Iron Treads|62/100 brn|[from] item: Leftovers
|-damage|p1a: Iron Treads|55/100 brn|[from] brn
|upkeep
|turn|32
|
|t:|1758347244
|switch|p2a: Kingambit|Kingambit, M, tera:Ghost|41/100
|-activate|p2a: Kingambit|ability: Supreme Overlord
|-start|p2a: Kingambit|fallen4|[silent]
|move|p1a: Iron Treads|Rapid Spin|p2a: Kingambit
|-immune|p2a: Kingambit
|
|-weather|RainDance|[upkeep]
|-heal|p1a: Iron Treads|62/100 brn|[from] item: Leftovers
|-damage|p1a: Iron Treads|55/100 brn|[from] brn
|upkeep
|turn|33
|
|t:|1758347256
|move|p1a: Iron Treads|Earthquake|p2a: Kingambit
|-damage|p2a: Kingambit|26/100
|move|p2a: Kingambit|Low Kick|p1a: Iron Treads
|-supereffective|p1a: Iron Treads
|-damage|p1a: Iron Treads|0 fnt
|faint|p1a: Iron Treads
|-end|p1a: Iron Treads|Quark Drive|[silent]
|
|-weather|RainDance|[upkeep]
|upkeep
|
|t:|1758347260
|switch|p1a: Barraskewda|Barraskewda, M|88/100
|-damage|p1a: Barraskewda|76/100|[from] Stealth Rock
|turn|34
|
|t:|1758347265
|-end|p2a: Kingambit|fallen4|[silent]
|switch|p2a: Moltres|Moltres|3/100
|move|p1a: Barraskewda|Aqua Jet|p2a: Moltres
|-supereffective|p2a: Moltres
|-damage|p2a: Moltres|0 fnt
|faint|p2a: Moltres
|
|-weather|RainDance|[upkeep]
|upkeep
|
|t:|1758347271
|switch|p2a: Kingambit|Kingambit, M, tera:Ghost|26/100
|-activate|p2a: Kingambit|ability: Supreme Overlord
|-start|p2a: Kingambit|fallen5|[silent]
|turn|35
|
|t:|1758347277
|move|p1a: Barraskewda|Aqua Jet|p2a: Kingambit
|-damage|p2a: Kingambit|0 fnt
|faint|p2a: Kingambit
|-end|p2a: Kingambit|fallen5|[silent]
|
|win|Naz-sama
|raw|Naz-sama's rating: 1572 &rarr; <strong>1598</strong><br />(+26 for winning)
|raw|lerendezvous's rating: 1673 &rarr; <strong>1647</strong><br />(-26 for losing)
|l|☆lerendezvous
|player|p2|
