|j|☆D4N94800
|j|☆are you jesus?
|t:|1758293920
|gametype|singles
|player|p1|D4N94800|pokemonrangerf-gen4|1098
|player|p2|are you jesus?|grimsley|1132
|gen|9
|tier|[Gen 9] OU
|rated|
|rule|HP Percentage Mod: HP is shown in percentages
|rule|Endless Battle Clause: Forcing endless battles is banned
|rule|Species Clause: Limit one of each Pokémon
|rule|OHKO Clause: OHKO moves are banned
|rule|Evasion Items Clause: Evasion items are banned
|rule|Evasion Moves Clause: Evasion moves are banned
|rule|Evasion Abilities Clause: Evasion abilities are banned
|rule|Sleep Moves Clause: Sleep-inducing moves are banned
|clearpoke
|poke|p1|Cinderace, F|
|poke|p1|Landorus-Therian, M|
|poke|p1|Araquanid, F|
|poke|p1|Samurott-Hisui, M|
|poke|p1|Toxicroak, M|
|poke|p1|Clefable, F|
|poke|p2|Donphan, F|
|poke|p2|Slowking, M|
|poke|p2|Thundurus-Therian, M|
|poke|p2|Terrakion|
|poke|p2|Lokix, M|
|poke|p2|Chandelure, F|
|teampreview
|c|☆are you jesus?|hi
|c|☆D4N94800|yeah
|
|t:|1758293929
|teamsize|p1|6
|teamsize|p2|6
|start
|switch|p1a: SpiderMommy|Araquanid, F, shiny|100/100
|switch|p2a: Lokix|Lokix, M|100/100
|turn|1
|c|☆are you jesus?|ok jeussu
|
|t:|1758293941
|move|p2a: Lokix|U-turn|p1a: SpiderMommy
|-damage|p1a: SpiderMommy|60/100
|-damage|p2a: Lokix|91/100|[from] item: Life Orb
|
|t:|1758293946
|switch|p2a: Thundurus|Thundurus-Therian, M|100/100|[from] U-turn
|move|p1a: SpiderMommy|Sticky Web|p2a: Thundurus
|-sidestart|p2: are you jesus?|move: Sticky Web
|
|upkeep
|turn|2
|
|t:|1758293962
|switch|p1a: Clefable|Clefable, F, shiny|100/100
|move|p2a: Thundurus|Taunt|p1a: Clefable
|-start|p1a: Clefable|move: Taunt
|
|upkeep
|turn|3
|
|t:|1758293971
|move|p2a: Thundurus|Volt Switch|p1a: Clefable
|-damage|p1a: Clefable|66/100
|
|t:|1758293975
|switch|p2a: Donphan|Donphan, F|100/100|[from] Volt Switch
|-activate|p2a: Donphan|move: Sticky Web
|-unboost|p2a: Donphan|spe|1
|move|p1a: Clefable|Dazzling Gleam|p2a: Donphan
|-damage|p2a: Donphan|64/100
|
|upkeep
|turn|4
|
|t:|1758293983
|switch|p1a: CrazyTiger|Landorus-Therian, M, shiny|100/100
|-ability|p1a: CrazyTiger|Intimidate|boost
|-unboost|p2a: Donphan|atk|1
|move|p2a: Donphan|Rapid Spin|p1a: CrazyTiger
|-damage|p1a: CrazyTiger|89/100
|-boost|p2a: Donphan|spe|1
|-damage|p2a: Donphan|48/100|[from] item: Rocky Helmet|[of] p1a: CrazyTiger
|-sideend|p2: are you jesus?|Sticky Web|[from] move: Rapid Spin|[of] p2a: Donphan
|
|upkeep
|turn|5
|
|t:|1758293992
|move|p1a: CrazyTiger|Earthquake|p2a: Donphan
|-damage|p2a: Donphan|19/100
|move|p2a: Donphan|Knock Off|p1a: CrazyTiger
|-damage|p1a: CrazyTiger|68/100
|-damage|p2a: Donphan|2/100|[from] item: Rocky Helmet|[of] p1a: CrazyTiger
|-enditem|p1a: CrazyTiger|Rocky Helmet|[from] move: Knock Off|[of] p2a: Donphan
|
|upkeep
|turn|6
|
|t:|1758293999
|move|p1a: CrazyTiger|Earthquake|p2a: Donphan
|-damage|p2a: Donphan|0 fnt
|faint|p2a: Donphan
|
|upkeep
|
|t:|1758294013
|switch|p2a: Lokix|Lokix, M|91/100
|turn|7
|
|t:|1758294019
|move|p2a: Lokix|Knock Off|p1a: CrazyTiger
|-damage|p1a: CrazyTiger|27/100
|-damage|p2a: Lokix|81/100|[from] item: Life Orb
|move|p1a: CrazyTiger|U-turn|p2a: Lokix
|-supereffective|p2a: Lokix
|-damage|p2a: Lokix|0 fnt
|faint|p2a: Lokix
|
|t:|1758294023
|switch|p1a: SpiderMommy|Araquanid, F, shiny|60/100|[from] U-turn
|
|upkeep
|
|t:|1758294034
|switch|p2a: Terrakion|Terrakion|100/100
|turn|8
|
|t:|1758294042
|move|p2a: Terrakion|Rock Slide|p1a: SpiderMommy
|-supereffective|p1a: SpiderMommy
|-damage|p1a: SpiderMommy|0 fnt
|faint|p1a: SpiderMommy
|-damage|p2a: Terrakion|91/100|[from] item: Life Orb
|
|upkeep
|
|t:|1758294048
|switch|p1a: CrazyTiger|Landorus-Therian, M, shiny|27/100
|-ability|p1a: CrazyTiger|Intimidate|boost
|-unboost|p2a: Terrakion|atk|1
|turn|9
|
|t:|1758294066
|switch|p2a: Thundurus|Thundurus-Therian, M|100/100
|move|p1a: CrazyTiger|Earthquake|p2a: Thundurus
|-immune|p2a: Thundurus
|
|upkeep
|turn|10
|
|t:|1758294077
|move|p2a: Thundurus|Sludge Wave|p1a: CrazyTiger
|-resisted|p1a: CrazyTiger
|-damage|p1a: CrazyTiger|6/100
|-status|p1a: CrazyTiger|psn
|move|p1a: CrazyTiger|Stone Edge|p2a: Thundurus
|-supereffective|p2a: Thundurus
|-damage|p2a: Thundurus|0 fnt
|faint|p2a: Thundurus
|
|-damage|p1a: CrazyTiger|0 fnt|[from] psn
|faint|p1a: CrazyTiger
|upkeep
|inactive|Battle timer is ON: inactive players will automatically lose when time's up. (requested by are you jesus?)
|inactive|D4N94800 has 120 seconds left.
|inactive|D4N94800 has 90 seconds left.
|inactive|D4N94800 has 60 seconds left.
|inactive|D4N94800 has 30 seconds left.
|inactive|D4N94800 has 20 seconds left.
|inactive|D4N94800 has 15 seconds left.
|inactive|D4N94800 has 10 seconds left.
|inactive|D4N94800 has 5 seconds left.
|-message|D4N94800 lost due to inactivity.
|
|win|are you jesus?
|raw|D4N94800's rating: 1098 &rarr; <strong>1076</strong><br />(-22 for losing)
|raw|are you jesus?'s rating: 1132 &rarr; <strong>1155</strong><br />(+23 for winning)
|l|☆D4N94800
|player|p1|
