|j|☆legends za goat
|j|☆wilmar23415
|t:|1758335514
|gametype|singles
|player|p1|legends za goat|boarder|1000
|player|p2|wilmar23415|266|1000
|gen|9
|tier|[Gen 9] OU
|rated|
|rule|HP Percentage Mod: HP is shown in percentages
|rule|Endless Battle Clause: Forcing endless battles is banned
|rule|Species Clause: Limit one of each Pokémon
|rule|OHKO Clause: OHKO moves are banned
|rule|Evasion Items Clause: Evasion items are banned
|rule|Evasion Moves Clause: Evasion moves are banned
|rule|Evasion Abilities Clause: Evasion abilities are banned
|rule|Sleep Moves Clause: Sleep-inducing moves are banned
|clearpoke
|poke|p1|Ribombee, M|
|poke|p1|Iron Moth|
|poke|p1|Enamorus, F|
|poke|p1|Gholdengo|
|poke|p1|Keldeo-Resolute|
|poke|p1|Kyurem|
|poke|p2|Scizor, F|
|poke|p2|Venomoth, M|
|poke|p2|Lokix, M|
|poke|p2|Gengar, M|
|poke|p2|Mightyena, M|
|poke|p2|Krookodile, F|
|teampreview
|inactive|Battle timer is ON: inactive players will automatically lose when time's up. (requested by legends za goat)
|
|t:|1758335530
|teamsize|p1|6
|teamsize|p2|6
|start
|switch|p1a: Ribombee|Ribombee, M|100/100
|switch|p2a: Scizor|Scizor, F|100/100
|turn|1
|
|t:|1758335538
|move|p1a: Ribombee|Sticky Web|p2a: Scizor
|-sidestart|p2: wilmar23415|move: Sticky Web
|move|p2a: Scizor|X-Scissor|p1a: Ribombee
|-resisted|p1a: Ribombee
|-damage|p1a: Ribombee|64/100
|
|upkeep
|turn|2
|
|t:|1758335544
|move|p1a: Ribombee|Stun Spore|p2a: Scizor
|-status|p2a: Scizor|par
|move|p2a: Scizor|Acrobatics|p1a: Ribombee
|-supereffective|p1a: Ribombee
|-crit|p1a: Ribombee
|-damage|p1a: Ribombee|0 fnt
|faint|p1a: Ribombee
|
|upkeep
|
|t:|1758335549
|switch|p1a: Iron Moth|Iron Moth, shiny|100/100
|-enditem|p1a: Iron Moth|Booster Energy
|-activate|p1a: Iron Moth|ability: Quark Drive|[fromitem]
|-start|p1a: Iron Moth|quarkdrivespe
|turn|3
|
|t:|1758335559
|move|p1a: Iron Moth|Fiery Dance|p2a: Scizor
|-supereffective|p2a: Scizor
|-damage|p2a: Scizor|0 fnt
|-boost|p1a: Iron Moth|spa|1
|faint|p2a: Scizor
|
|upkeep
|
|t:|1758335567
|switch|p2a: Mightyena|Mightyena, M|100/100
|-activate|p2a: Mightyena|move: Sticky Web
|-unboost|p2a: Mightyena|spe|1
|-ability|p2a: Mightyena|Intimidate|boost
|-unboost|p1a: Iron Moth|atk|1
|turn|4
|
|t:|1758335581
|move|p1a: Iron Moth|Fiery Dance|p2a: Mightyena
|-damage|p2a: Mightyena|23/100
|-boost|p1a: Iron Moth|spa|1
|move|p2a: Mightyena|Play Rough|p1a: Iron Moth
|-resisted|p1a: Iron Moth
|-damage|p1a: Iron Moth|92/100
|-unboost|p1a: Iron Moth|atk|1
|
|upkeep
|turn|5
|
|t:|1758335590
|move|p1a: Iron Moth|Fiery Dance|p2a: Mightyena
|-damage|p2a: Mightyena|0 fnt
|faint|p2a: Mightyena
|
|upkeep
|
|t:|1758335596
|switch|p2a: Krookodile|Krookodile, F|100/100
|-ability|p2a: Krookodile|Intimidate|boost
|-unboost|p1a: Iron Moth|atk|1
|-item|p2a: Krookodile|Air Balloon
|turn|6
|
|t:|1758335602
|move|p1a: Iron Moth|Dazzling Gleam|p2a: Krookodile
|-supereffective|p2a: Krookodile
|-damage|p2a: Krookodile|0 fnt
|-enditem|p2a: Krookodile|Air Balloon
|faint|p2a: Krookodile
|
|upkeep
|
|t:|1758335608
|switch|p2a: Gengar|Gengar, M|100/100
|-activate|p2a: Gengar|move: Sticky Web
|-unboost|p2a: Gengar|spe|1
|turn|7
|
|t:|1758335613
|move|p1a: Iron Moth|Fiery Dance|p2a: Gengar
|-damage|p2a: Gengar|0 fnt
|-start|p1a: Iron Moth|Disable|Fiery Dance|[from] ability: Cursed Body|[of] p2a: Gengar
|faint|p2a: Gengar
|
|upkeep
|
|t:|1758335618
|switch|p2a: Lokix|Lokix, M|100/100
|-activate|p2a: Lokix|move: Sticky Web
|-unboost|p2a: Lokix|spe|1
|turn|8
|
|t:|1758335624
|move|p2a: Lokix|Sucker Punch|p1a: Iron Moth
|-damage|p1a: Iron Moth|39/100
|move|p1a: Iron Moth|Sludge Wave|p2a: Lokix
|-damage|p2a: Lokix|0 fnt
|faint|p2a: Lokix
|
|upkeep
|c|☆legends za goat|you suck ass lmao
|
|t:|1758335632
|switch|p2a: Venomoth|Venomoth, M|100/100
|-activate|p2a: Venomoth|move: Sticky Web
|-unboost|p2a: Venomoth|spe|1
|turn|9
|
|t:|1758335638
|move|p1a: Iron Moth|Psychic|p2a: Venomoth
|-supereffective|p2a: Venomoth
|-damage|p2a: Venomoth|0 fnt
|faint|p2a: Venomoth
|
|win|legends za goat
