|j|☆buuwomper
|j|☆ohgabooga
|t:|1758260522
|gametype|singles
|player|p1|buuwomper|elesa-masters|1405
|player|p2|ohgabooga|2|1396
|gen|9
|tier|[Gen 9] OU
|rated|
|rule|HP Percentage Mod: HP is shown in percentages
|rule|Endless Battle Clause: Forcing endless battles is banned
|rule|Species Clause: Limit one of each Pokémon
|rule|OHKO Clause: OHKO moves are banned
|rule|Evasion Items Clause: Evasion items are banned
|rule|Evasion Moves Clause: Evasion moves are banned
|rule|Evasion Abilities Clause: Evasion abilities are banned
|rule|Sleep Moves Clause: Sleep-inducing moves are banned
|clearpoke
|poke|p1|Dragapult, M|
|poke|p1|Primarina, M|
|poke|p1|Iron Crown|
|poke|p1|Samurott-Hisui, F|
|poke|p1|Kingambit, M|
|poke|p1|Landorus-Therian, M|
|poke|p2|Amoonguss, M|
|poke|p2|Dondozo, F|
|poke|p2|Blissey, F|
|poke|p2|Clodsire, F|
|poke|p2|Clefable, M|
|poke|p2|Gliscor, F|
|teampreview
|inactive|Battle timer is ON: inactive players will automatically lose when time's up. (requested by buuwomper)
|
|t:|1758260535
|teamsize|p1|6
|teamsize|p2|6
|start
|switch|p1a: Samurott|Samurott-Hisui, F|100/100
|switch|p2a: Goat|Amoonguss, M|100/100
|turn|1
|
|t:|1758260546
|switch|p1a: Iron Crown|Iron Crown|100/100
|move|p2a: Goat|Toxic|p1a: Iron Crown
|-immune|p1a: Iron Crown
|
|upkeep
|turn|2
|
|t:|1758260564
|switch|p2a: Blissey|Blissey, F|100/100
|move|p1a: Iron Crown|Future Sight|p2a: Blissey
|-start|p1a: Iron Crown|move: Future Sight
|
|upkeep
|turn|3
|
|t:|1758260592
|move|p1a: Iron Crown|Volt Switch|p2a: Blissey
|-damage|p2a: Blissey|93/100
|
|t:|1758260598
|-end|p1a: Iron Crown|Quark Drive|[silent]
|switch|p1a: Landorus|Landorus-Therian, M|100/100|[from] Volt Switch
|-ability|p1a: Landorus|Intimidate|boost
|-unboost|p2a: Blissey|atk|1
|move|p2a: Blissey|Stealth Rock|p1a: Landorus
|-sidestart|p1: buuwomper|move: Stealth Rock
|
|upkeep
|turn|4
|
|t:|1758260613
|switch|p2a: Gliscor|Gliscor, F|100/100
|move|p1a: Landorus|Stealth Rock|p2a: Gliscor
|-sidestart|p2: ohgabooga|move: Stealth Rock
|
|-end|p2a: Gliscor|move: Future Sight
|-damage|p2a: Gliscor|49/100
|-status|p2a: Gliscor|tox|[from] item: Toxic Orb
|upkeep
|turn|5
|
|t:|1758260621
|move|p2a: Gliscor|Protect|p2a: Gliscor
|-singleturn|p2a: Gliscor|Protect
|move|p1a: Landorus|U-turn|p2a: Gliscor
|-activate|p2a: Gliscor|move: Protect
|
|-heal|p2a: Gliscor|62/100 tox|[from] ability: Poison Heal
|upkeep
|turn|6
|
|t:|1758260628
|move|p2a: Gliscor|Spikes|p1a: Landorus
|-sidestart|p1: buuwomper|Spikes
|move|p1a: Landorus|U-turn|p2a: Gliscor
|-resisted|p2a: Gliscor
|-damage|p2a: Gliscor|53/100 tox
|inactive|buuwomper has 120 seconds left.
|
|t:|1758260659
|switch|p1a: Samurott|Samurott-Hisui, F|100/100|[from] U-turn
|
|-heal|p2a: Gliscor|66/100 tox|[from] ability: Poison Heal
|upkeep
|turn|7
|
|t:|1758260664
|move|p2a: Gliscor|Protect|p2a: Gliscor
|-singleturn|p2a: Gliscor|Protect
|move|p1a: Samurott|Ceaseless Edge|p2a: Gliscor
|-activate|p2a: Gliscor|move: Protect
|
|-heal|p2a: Gliscor|78/100 tox|[from] ability: Poison Heal
|upkeep
|turn|8
|
|t:|1758260678
|switch|p2a: Goat|Amoonguss, M|100/100
|move|p1a: Samurott|Razor Shell|p2a: Goat
|-resisted|p2a: Goat
|-damage|p2a: Goat|80/100
|-unboost|p2a: Goat|def|1
|
|upkeep
|turn|9
|
|t:|1758260690
|move|p1a: Samurott|Knock Off|p2a: Goat
|-damage|p2a: Goat|27/100
|-enditem|p2a: Goat|Heavy-Duty Boots|[from] move: Knock Off|[of] p1a: Samurott
|move|p2a: Goat|Toxic|p1a: Samurott
|-status|p1a: Samurott|tox
|
|-damage|p1a: Samurott|94/100 tox|[from] psn
|upkeep
|turn|10
|
|t:|1758260699
|switch|p2a: Dondozo|Dondozo, F|100/100
|move|p1a: Samurott|Ceaseless Edge|p2a: Dondozo
|-damage|p2a: Dondozo|81/100
|-sidestart|p2: ohgabooga|Spikes
|
|-damage|p1a: Samurott|82/100 tox|[from] psn
|upkeep
|turn|11
|
|t:|1758260715
|switch|p1a: Dragapult|Dragapult, M, shiny|100/100
|-damage|p1a: Dragapult|88/100|[from] Stealth Rock
|-damage|p1a: Dragapult|76/100|[from] Spikes
|move|p2a: Dondozo|Avalanche|p1a: Dragapult
|-supereffective|p1a: Dragapult
|-damage|p1a: Dragapult|39/100
|
|upkeep
|turn|12
|
|t:|1758260726
|switch|p2a: Blissey|Blissey, F|93/100
|move|p1a: Dragapult|U-turn|p2a: Blissey
|-damage|p2a: Blissey|58/100
|
|t:|1758260729
|switch|p1a: Samurott|Samurott-Hisui, F|82/100 tox|[from] U-turn
|
|-damage|p1a: Samurott|76/100 tox|[from] psn
|upkeep
|turn|13
|
|t:|1758260735
|move|p2a: Blissey|Protect|p2a: Blissey
|-singleturn|p2a: Blissey|Protect
|move|p1a: Samurott|Knock Off|p2a: Blissey
|-activate|p2a: Blissey|move: Protect
|
|-damage|p1a: Samurott|63/100 tox|[from] psn
|upkeep
|turn|14
|
|t:|1758260747
|switch|p2a: Goat|Amoonguss, M|61/100
|-damage|p2a: Goat|48/100|[from] Stealth Rock
|-damage|p2a: Goat|36/100|[from] Spikes
|move|p1a: Samurott|Ceaseless Edge|p2a: Goat
|-damage|p2a: Goat|6/100
|-sidestart|p2: ohgabooga|Spikes
|
|-damage|p1a: Samurott|44/100 tox|[from] psn
|upkeep
|turn|15
|
|t:|1758260761
|switch|p1a: Dragapult|Dragapult, M, shiny|39/100
|-damage|p1a: Dragapult|26/100|[from] Stealth Rock
|-damage|p1a: Dragapult|14/100|[from] Spikes
|move|p2a: Goat|Foul Play|p1a: Dragapult
|-supereffective|p1a: Dragapult
|-damage|p1a: Dragapult|0 fnt
|faint|p1a: Dragapult
|
|upkeep
|
|t:|1758260770
|switch|p1a: Iron Crown|Iron Crown|100/100
|-damage|p1a: Iron Crown|94/100|[from] Stealth Rock
|-damage|p1a: Iron Crown|82/100|[from] Spikes
|turn|16
|
|t:|1758260777
|move|p1a: Iron Crown|Future Sight|p2a: Goat
|-start|p1a: Iron Crown|move: Future Sight
|move|p2a: Goat|Foul Play|p1a: Iron Crown
|-supereffective|p1a: Iron Crown
|-damage|p1a: Iron Crown|53/100
|
|upkeep
|turn|17
|
|t:|1758260782
|move|p1a: Iron Crown|Volt Switch|p2a: Goat
|-resisted|p2a: Goat
|-damage|p2a: Goat|0 fnt
|faint|p2a: Goat
|
|t:|1758260787
|-end|p1a: Iron Crown|Quark Drive|[silent]
|switch|p1a: Samurott|Samurott-Hisui, F|44/100 tox|[from] Volt Switch
|
|-damage|p1a: Samurott|38/100 tox|[from] psn
|upkeep
|
|t:|1758260800
|switch|p2a: Gliscor|Gliscor, F|78/100 tox
|-damage|p2a: Gliscor|66/100 tox|[from] Stealth Rock
|turn|18
|
|t:|1758260806
|move|p2a: Gliscor|Protect|p2a: Gliscor
|-singleturn|p2a: Gliscor|Protect
|move|p1a: Samurott|Razor Shell|p2a: Gliscor
|-activate|p2a: Gliscor|move: Protect
|
|-end|p2a: Gliscor|move: Future Sight
|-damage|p2a: Gliscor|16/100 tox
|-damage|p1a: Samurott|26/100 tox|[from] psn
|-heal|p2a: Gliscor|29/100 tox|[from] ability: Poison Heal
|upkeep
|turn|19
|
|t:|1758260822
|-terastallize|p2a: Gliscor|Water
|move|p1a: Samurott|Ceaseless Edge|p2a: Gliscor
|-damage|p2a: Gliscor|0 fnt
|-sidestart|p2: ohgabooga|Spikes
|faint|p2a: Gliscor
|
|-damage|p1a: Samurott|7/100 tox|[from] psn
|upkeep
|
|t:|1758260835
|switch|p2a: Blissey|Blissey, F|58/100
|turn|20
|
|t:|1758260840
|move|p2a: Blissey|Protect|p2a: Blissey
|-singleturn|p2a: Blissey|Protect
|move|p1a: Samurott|Knock Off|p2a: Blissey
|-activate|p2a: Blissey|move: Protect
|
|-damage|p1a: Samurott|0 fnt|[from] psn
|faint|p1a: Samurott
|upkeep
|
|t:|1758260859
|switch|p1a: Kingambit|Kingambit, M|100/100
|-damage|p1a: Kingambit|94/100|[from] Stealth Rock
|-damage|p1a: Kingambit|82/100|[from] Spikes
|-activate|p1a: Kingambit|ability: Supreme Overlord
|-start|p1a: Kingambit|fallen2|[silent]
|turn|21
|
|t:|1758260871
|switch|p2a: Clefable|Clefable, M|100/100
|move|p1a: Kingambit|Swords Dance|p1a: Kingambit
|-boost|p1a: Kingambit|atk|2
|
|-heal|p1a: Kingambit|88/100|[from] item: Leftovers
|upkeep
|turn|22
|
|t:|1758260894
|move|p2a: Clefable|Moonblast|p1a: Kingambit
|-damage|p1a: Kingambit|56/100
|-unboost|p1a: Kingambit|spa|1
|move|p1a: Kingambit|Iron Head|p2a: Clefable
|-supereffective|p2a: Clefable
|-damage|p2a: Clefable|0 fnt
|faint|p2a: Clefable
|
|-heal|p1a: Kingambit|62/100|[from] item: Leftovers
|upkeep
|
|t:|1758260903
|switch|p2a: Dondozo|Dondozo, F|81/100
|turn|23
|
|t:|1758260910
|-terastallize|p1a: Kingambit|Ghost
|move|p1a: Kingambit|Swords Dance|p1a: Kingambit
|-boost|p1a: Kingambit|atk|2
|move|p2a: Dondozo|Curse|p2a: Dondozo
|-unboost|p2a: Dondozo|spe|1
|-boost|p2a: Dondozo|atk|1
|-boost|p2a: Dondozo|def|1
|
|-heal|p1a: Kingambit|68/100|[from] item: Leftovers
|upkeep
|turn|24
|
|t:|1758260925
|move|p1a: Kingambit|Kowtow Cleave|p2a: Dondozo
|-damage|p2a: Dondozo|63/100
|move|p2a: Dondozo|Avalanche|p1a: Kingambit
|-damage|p1a: Kingambit|37/100
|
|-heal|p1a: Kingambit|43/100|[from] item: Leftovers
|upkeep
|turn|25
|
|t:|1758260933
|move|p1a: Kingambit|Iron Head|p2a: Dondozo
|-resisted|p2a: Dondozo
|-damage|p2a: Dondozo|54/100
|move|p2a: Dondozo|Avalanche|p1a: Kingambit
|-damage|p1a: Kingambit|14/100
|
|-heal|p1a: Kingambit|21/100|[from] item: Leftovers
|upkeep
|turn|26
|
|t:|1758260941
|move|p1a: Kingambit|Iron Head|p2a: Dondozo
|-resisted|p2a: Dondozo
|-damage|p2a: Dondozo|47/100
|cant|p2a: Dondozo|flinch
|
|-heal|p1a: Kingambit|27/100|[from] item: Leftovers
|upkeep
|turn|27
|
|t:|1758260948
|move|p1a: Kingambit|Iron Head|p2a: Dondozo
|-resisted|p2a: Dondozo
|-damage|p2a: Dondozo|38/100
|move|p2a: Dondozo|Avalanche|p1a: Kingambit
|-damage|p1a: Kingambit|0 fnt
|faint|p1a: Kingambit
|-end|p1a: Kingambit|fallen2|[silent]
|
|upkeep
|
|t:|1758260972
|switch|p1a: Landorus|Landorus-Therian, M|100/100
|-damage|p1a: Landorus|88/100|[from] Stealth Rock
|-ability|p1a: Landorus|Intimidate|boost
|-unboost|p2a: Dondozo|atk|1
|turn|28
|
|t:|1758260977
|move|p1a: Landorus|Grass Knot|p2a: Dondozo
|-supereffective|p2a: Dondozo
|-damage|p2a: Dondozo|0 fnt
|faint|p2a: Dondozo
|
|upkeep
|
|t:|1758260990
|switch|p2a: Blissey|Blissey, F|58/100
|turn|29
|
|t:|1758260995
|move|p2a: Blissey|Protect|p2a: Blissey
|-singleturn|p2a: Blissey|Protect
|move|p1a: Landorus|U-turn|p2a: Blissey
|-activate|p2a: Blissey|move: Protect
|
|upkeep
|turn|30
|
|t:|1758261003
|move|p1a: Landorus|U-turn|p2a: Blissey
|-damage|p2a: Blissey|38/100
|
|t:|1758261006
|switch|p1a: Iron Crown|Iron Crown|53/100|[from] U-turn
|-damage|p1a: Iron Crown|46/100|[from] Stealth Rock
|-damage|p1a: Iron Crown|34/100|[from] Spikes
|move|p2a: Blissey|Soft-Boiled|p2a: Blissey
|-heal|p2a: Blissey|88/100
|
|upkeep
|turn|31
|
|t:|1758261019
|move|p1a: Iron Crown|Future Sight|p2a: Blissey
|-start|p1a: Iron Crown|move: Future Sight
|move|p2a: Blissey|Seismic Toss|p1a: Iron Crown
|-damage|p1a: Iron Crown|3/100
|
|upkeep
|turn|32
|
|t:|1758261034
|move|p1a: Iron Crown|Focus Blast|p2a: Blissey
|-supereffective|p2a: Blissey
|-damage|p2a: Blissey|64/100
|move|p2a: Blissey|Seismic Toss|p1a: Iron Crown
|-damage|p1a: Iron Crown|0 fnt
|faint|p1a: Iron Crown
|-end|p1a: Iron Crown|Quark Drive|[silent]
|
|upkeep
|
|t:|1758261043
|switch|p1a: Primarina|Primarina, M|100/100
|turn|33
|
|t:|1758261046
|move|p1a: Primarina|Psychic Noise|p2a: Blissey
|-damage|p2a: Blissey|56/100
|-start|p2a: Blissey|move: Heal Block
|cant|p2a: Blissey|move: Heal Block|Soft-Boiled
|
|-end|p2a: Blissey|move: Future Sight
|-damage|p2a: Blissey|38/100
|upkeep
|turn|34
|
|t:|1758261059
|move|p2a: Blissey|Protect|p2a: Blissey
|-singleturn|p2a: Blissey|Protect
|move|p1a: Primarina|Psychic Noise|p2a: Blissey
|-activate|p2a: Blissey|move: Protect
|
|-end|p2a: Blissey|move: Heal Block
|upkeep
|turn|35
|
|t:|1758261070
|move|p1a: Primarina|Psychic Noise|p2a: Blissey
|-damage|p2a: Blissey|30/100
|-start|p2a: Blissey|move: Heal Block
|move|p2a: Blissey|Seismic Toss|p1a: Primarina
|-damage|p1a: Primarina|73/100
|
|upkeep
|turn|36
|
|t:|1758261081
|switch|p2a: Clodsire|Clodsire, F|100/100
|move|p1a: Primarina|Calm Mind|p1a: Primarina
|-boost|p1a: Primarina|spa|1
|-boost|p1a: Primarina|spd|1
|
|upkeep
|turn|37
|
|t:|1758261092
|move|p1a: Primarina|Surf|p2a: Clodsire
|-supereffective|p2a: Clodsire
|-damage|p2a: Clodsire|50/100
|move|p2a: Clodsire|Toxic|p1a: Primarina
|-status|p1a: Primarina|tox
|
|-damage|p1a: Primarina|67/100 tox|[from] psn
|upkeep
|turn|38
|
|t:|1758261100
|move|p1a: Primarina|Psychic Noise|p2a: Clodsire
|-supereffective|p2a: Clodsire
|-damage|p2a: Clodsire|23/100
|-start|p2a: Clodsire|move: Heal Block
|cant|p2a: Clodsire|move: Heal Block|Recover
|
|-damage|p1a: Primarina|55/100 tox|[from] psn
|upkeep
|turn|39
|
|t:|1758261109
|move|p1a: Primarina|Surf|p2a: Clodsire
|-supereffective|p2a: Clodsire
|-damage|p2a: Clodsire|0 fnt
|faint|p2a: Clodsire
|
|-damage|p1a: Primarina|37/100 tox|[from] psn
|upkeep
|
|t:|1758261115
|switch|p2a: Blissey|Blissey, F|30/100
|turn|40
|
|t:|1758261119
|move|p2a: Blissey|Protect|p2a: Blissey
|-singleturn|p2a: Blissey|Protect
|move|p1a: Primarina|Psychic Noise|p2a: Blissey
|-activate|p2a: Blissey|move: Protect
|
|-damage|p1a: Primarina|12/100 tox|[from] psn
|upkeep
|turn|41
|
|t:|1758261132
|move|p1a: Primarina|Psychic Noise|p2a: Blissey
|-damage|p2a: Blissey|19/100
|-start|p2a: Blissey|move: Heal Block
|move|p2a: Blissey|Seismic Toss|p1a: Primarina
|-damage|p1a: Primarina|0 fnt
|faint|p1a: Primarina
|
|upkeep
|
|t:|1758261135
|switch|p1a: Landorus|Landorus-Therian, M|88/100
|-damage|p1a: Landorus|76/100|[from] Stealth Rock
|-ability|p1a: Landorus|Intimidate|boost
|-unboost|p2a: Blissey|atk|1
|turn|42
|
|t:|1758261143
|move|p2a: Blissey|Protect|p2a: Blissey
|-singleturn|p2a: Blissey|Protect
|move|p1a: Landorus|U-turn|p2a: Blissey
|-activate|p2a: Blissey|move: Protect
|
|-end|p2a: Blissey|move: Heal Block
|upkeep
|turn|43
|
|t:|1758261152
|move|p1a: Landorus|U-turn|p2a: Blissey
|-damage|p2a: Blissey|0 fnt
|faint|p2a: Blissey
|
|win|buuwomper
|raw|buuwomper's rating: 1405 &rarr; <strong>1424</strong><br />(+19 for winning)
|raw|ohgabooga's rating: 1396 &rarr; <strong>1377</strong><br />(-19 for losing)
|l|☆buuwomper
|player|p1|
|l|☆ohgabooga
|player|p2|
