|j|☆bro fly my wings
|j|☆reinstorm
|t:|1758293578
|gametype|singles
|player|p1|bro fly my wings|170|1131
|player|p2|reinstorm|265|1086
|gen|9
|tier|[Gen 9] OU
|rated|
|rule|HP Percentage Mod: HP is shown in percentages
|rule|Endless Battle Clause: Forcing endless battles is banned
|rule|Species Clause: Limit one of each Pokémon
|rule|OHKO Clause: OHKO moves are banned
|rule|Evasion Items Clause: Evasion items are banned
|rule|Evasion Moves Clause: Evasion moves are banned
|rule|Evasion Abilities Clause: Evasion abilities are banned
|rule|Sleep Moves Clause: Sleep-inducing moves are banned
|clearpoke
|poke|p1|Garganacl, F|
|poke|p1|Cinderace, F|
|poke|p1|Corviknight, M|
|poke|p1|Ogerpon-Wellspring, F|
|poke|p1|Raging Bolt|
|poke|p1|Kingambit, F|
|poke|p2|Pikachu-World, M|
|poke|p2|Talonflame, M|
|poke|p2|Hawlucha, F|
|poke|p2|Noivern, M|
|poke|p2|Goodra-Hisui, M|
|poke|p2|Greninja-*, M|
|teampreview
|inactive|Battle timer is ON: inactive players will automatically lose when time's up. (requested by reinstorm)
|
|t:|1758293601
|teamsize|p1|6
|teamsize|p2|6
|start
|switch|p1a: Cinderace|Cinderace, F|100/100
|switch|p2a: Talonflame|Talonflame, M|100/100
|turn|1
|
|t:|1758293613
|switch|p1a: Garganacl|Garganacl, F|100/100
|move|p2a: Talonflame|Tailwind|p2a: Talonflame
|-sidestart|p2: reinstorm|move: Tailwind
|
|upkeep
|turn|2
|
|t:|1758293627
|switch|p2a: Pikachu|Pikachu-World, M|100/100
|move|p1a: Garganacl|Stealth Rock|p2a: Pikachu
|-sidestart|p2: reinstorm|move: Stealth Rock
|
|upkeep
|turn|3
|
|t:|1758293635
|move|p2a: Pikachu|Encore|p1a: Garganacl
|-start|p1a: Garganacl|Encore
|move|p1a: Garganacl|Stealth Rock||[still]
|-fail|p1a: Garganacl
|
|upkeep
|turn|4
|
|t:|1758293642
|switch|p1a: Cinderace|Cinderace, F|100/100
|move|p2a: Pikachu|Surf|p1a: Cinderace
|-supereffective|p1a: Cinderace
|-damage|p1a: Cinderace|0 fnt
|faint|p1a: Cinderace
|
|-sideend|p2: reinstorm|move: Tailwind
|upkeep
|
|t:|1758293648
|switch|p1a: Ogerpon|Ogerpon-Wellspring, F|100/100
|turn|5
|
|t:|1758293656
|move|p1a: Ogerpon|Ivy Cudgel|p2a: Pikachu|[anim] Ivy Cudgel Water
|-damage|p2a: Pikachu|0 fnt
|faint|p2a: Pikachu
|
|upkeep
|inactive|reinstorm has 120 seconds left.
|
|t:|1758293689
|switch|p2a: Noivern|Noivern, M|100/100
|-damage|p2a: Noivern|75/100|[from] Stealth Rock
|turn|6
|
|t:|1758293703
|-terastallize|p1a: Ogerpon|Water
|detailschange|p1a: Ogerpon|Ogerpon-Wellspring-Tera, F, tera:Water
|-ability|p1a: Ogerpon|Embody Aspect (Wellspring)|boost
|-boost|p1a: Ogerpon|spd|1
|move|p2a: Noivern|Hurricane|p1a: Ogerpon
|-damage|p1a: Ogerpon|61/100
|move|p1a: Ogerpon|Ivy Cudgel|p2a: Noivern|[anim] Ivy Cudgel Water
|-resisted|p2a: Noivern
|-damage|p2a: Noivern|20/100
|
|upkeep
|turn|7
|inactive|reinstorm has 120 seconds left.
|
|t:|1758293729
|-terastallize|p2a: Noivern|Normal
|move|p2a: Noivern|Boomburst|p1a: Ogerpon
|-damage|p1a: Ogerpon|17/100
|-enditem|p2a: Noivern|Throat Spray
|-boost|p2a: Noivern|spa|1|[from] item: Throat Spray
|move|p1a: Ogerpon|Ivy Cudgel|p2a: Noivern|[anim] Ivy Cudgel Water
|-damage|p2a: Noivern|0 fnt
|faint|p2a: Noivern
|
|upkeep
|
|t:|1758293754
|switch|p2a: Hawlucha|Hawlucha, F|100/100
|-damage|p2a: Hawlucha|88/100|[from] Stealth Rock
|turn|8
|
|t:|1758293761
|move|p1a: Ogerpon|Ivy Cudgel|p2a: Hawlucha|[anim] Ivy Cudgel Water
|-damage|p2a: Hawlucha|0 fnt
|faint|p2a: Hawlucha
|
|upkeep
|
|t:|1758293766
|switch|p2a: Greninja|Greninja, M|100/100
|-damage|p2a: Greninja|88/100|[from] Stealth Rock
|turn|9
|
|t:|1758293775
|switch|p1a: Raging Bolt|Raging Bolt|100/100
|-enditem|p1a: Raging Bolt|Booster Energy
|-activate|p1a: Raging Bolt|ability: Protosynthesis|[fromitem]
|-start|p1a: Raging Bolt|protosynthesisspa
|move|p2a: Greninja|Water Shuriken|p1a: Raging Bolt
|-resisted|p1a: Raging Bolt
|-damage|p1a: Raging Bolt|97/100
|-resisted|p1a: Raging Bolt
|-damage|p1a: Raging Bolt|93/100
|-resisted|p1a: Raging Bolt
|-damage|p1a: Raging Bolt|89/100
|-hitcount|p1a: Raging Bolt|3
|-damage|p2a: Greninja|78/100|[from] item: Life Orb
|
|upkeep
|turn|10
|inactive|reinstorm has 120 seconds left.
|
|t:|1758293787
|move|p2a: Greninja|Toxic Spikes|p1a: Raging Bolt
|-sidestart|p1: bro fly my wings|move: Toxic Spikes
|move|p1a: Raging Bolt|Thunderbolt|p2a: Greninja
|-supereffective|p2a: Greninja
|-damage|p2a: Greninja|0 fnt
|faint|p2a: Greninja
|
|upkeep
|inactive|reinstorm has 120 seconds left.
|
|t:|1758293799
|switch|p2a: Goodra|Goodra-Hisui, M|100/100
|-damage|p2a: Goodra|95/100|[from] Stealth Rock
|turn|11
|inactive|reinstorm has 120 seconds left.
|
|t:|1758293820
|move|p1a: Raging Bolt|Draco Meteor|p2a: Goodra
|-damage|p2a: Goodra|17/100
|-unboost|p1a: Raging Bolt|spa|2
|move|p2a: Goodra|Curse|p2a: Goodra
|-unboost|p2a: Goodra|spe|1
|-boost|p2a: Goodra|atk|1
|-boost|p2a: Goodra|def|1
|
|upkeep
|turn|12
|-message|reinstorm forfeited.
|
|win|bro fly my wings
|raw|bro fly my wings's rating: 1131 &rarr; <strong>1155</strong><br />(+24 for winning)
|raw|reinstorm's rating: 1114 &rarr; <strong>1090</strong><br />(-24 for losing)
|l|☆reinstorm
|player|p2|
|l|☆bro fly my wings
|player|p1|
