|j|☆l1kewheezy
|j|☆LaughingCamelzz
|t:|1758353658
|gametype|singles
|player|p1|l1kewheezy|elesa|1384
|player|p2|LaughingCamelzz|102|1417
|gen|9
|tier|[Gen 9] OU
|rated|
|rule|HP Percentage Mod: HP is shown in percentages
|rule|Endless Battle Clause: Forcing endless battles is banned
|rule|Species Clause: Limit one of each Pokémon
|rule|OHKO Clause: OHKO moves are banned
|rule|Evasion Items Clause: Evasion items are banned
|rule|Evasion Moves Clause: Evasion moves are banned
|rule|Evasion Abilities Clause: Evasion abilities are banned
|rule|Sleep Moves Clause: Sleep-inducing moves are banned
|clearpoke
|poke|p1|Garchomp, F|
|poke|p1|Gholdengo|
|poke|p1|Slowking-Galar, M|
|poke|p1|Scizor, F|
|poke|p1|Iron Valiant|
|poke|p1|Gliscor, M|
|poke|p2|Ninetales, F|
|poke|p2|Lilligant-Hisui, F|
|poke|p2|Walking Wake|
|poke|p2|Great Tusk|
|poke|p2|Hatterene, F|
|poke|p2|Arcanine-Hisui, F|
|teampreview
|
|t:|1758353670
|teamsize|p1|6
|teamsize|p2|6
|start
|switch|p1a: Garchomp|Garchomp, F|100/100
|switch|p2a: Ninetales|Ninetales, F|100/100
|-weather|SunnyDay|[from] ability: Drought|[of] p2a: Ninetales
|turn|1
|
|t:|1758353683
|switch|p2a: Lilligant|Lilligant-Hisui, F|100/100
|-terastallize|p1a: Garchomp|Stellar
|move|p1a: Garchomp|Earthquake|p2a: Lilligant
|-resisted|p2a: Lilligant
|-damage|p2a: Lilligant|43/100
|
|-weather|SunnyDay|[upkeep]
|upkeep
|turn|2
|
|t:|1758353690
|move|p2a: Lilligant|Victory Dance|p2a: Lilligant
|-boost|p2a: Lilligant|atk|1
|-boost|p2a: Lilligant|def|1
|-boost|p2a: Lilligant|spe|1
|move|p1a: Garchomp|Scale Shot|p2a: Lilligant
|-damage|p2a: Lilligant|21/100
|-damage|p2a: Lilligant|2/100
|-damage|p2a: Lilligant|0 fnt
|faint|p2a: Lilligant
|-hitcount|p2: Lilligant|3
|-unboost|p1a: Garchomp|def|1
|-boost|p1a: Garchomp|spe|1
|
|-weather|SunnyDay|[upkeep]
|upkeep
|
|t:|1758353705
|switch|p2a: Walking Wake|Walking Wake|100/100
|-activate|p2a: Walking Wake|ability: Protosynthesis
|-start|p2a: Walking Wake|protosynthesisspe
|turn|3
|
|t:|1758353713
|-terastallize|p2a: Walking Wake|Water
|move|p2a: Walking Wake|Hydro Steam|p1a: Garchomp
|-damage|p1a: Garchomp|0 fnt
|faint|p1a: Garchomp
|
|-weather|SunnyDay|[upkeep]
|upkeep
|
|t:|1758353722
|switch|p1a: Slowking|Slowking-Galar, M|100/100
|turn|4
|
|t:|1758353729
|-end|p2a: Walking Wake|Protosynthesis|[silent]
|switch|p2a: Hatterene|Hatterene, F|100/100
|move|p1a: Slowking|Thunder Wave|p2a: Hatterene
|move|p2a: Hatterene|Thunder Wave|p1a: Slowking|[from] ability: Magic Bounce
|-status|p1a: Slowking|par
|
|-weather|SunnyDay|[upkeep]
|upkeep
|turn|5
|
|t:|1758353738
|switch|p1a: Scizor|Scizor, F|100/100
|move|p2a: Hatterene|Psyshock|p1a: Scizor
|-resisted|p1a: Scizor
|-damage|p1a: Scizor|80/100
|
|-weather|SunnyDay|[upkeep]
|upkeep
|turn|6
|
|t:|1758353746
|switch|p2a: Walking Wake|Walking Wake, tera:Water|100/100
|-activate|p2a: Walking Wake|ability: Protosynthesis
|-start|p2a: Walking Wake|protosynthesisspe
|move|p1a: Scizor|U-turn|p2a: Walking Wake
|-damage|p2a: Walking Wake|58/100
|
|t:|1758353754
|switch|p1a: Iron Valiant|Iron Valiant|100/100|[from] U-turn
|
|-weather|SunnyDay|[upkeep]
|upkeep
|turn|7
|
|t:|1758353758
|move|p1a: Iron Valiant|Vacuum Wave|p2a: Walking Wake
|-damage|p2a: Walking Wake|24/100
|move|p2a: Walking Wake|Hydro Steam|p1a: Iron Valiant
|-damage|p1a: Iron Valiant|0 fnt
|faint|p1a: Iron Valiant
|-end|p1a: Iron Valiant|Quark Drive|[silent]
|
|-weather|SunnyDay|[upkeep]
|upkeep
|-message|l1kewheezy forfeited.
|
|win|LaughingCamelzz
|raw|l1kewheezy's rating: 1384 &rarr; <strong>1366</strong><br />(-18 for losing)
|raw|LaughingCamelzz's rating: 1417 &rarr; <strong>1435</strong><br />(+18 for winning)
|l|☆l1kewheezy
|player|p1|
|l|☆LaughingCamelzz
|player|p2|
