|j|☆neyo papa
|j|☆Max Natsume
|inactive|Battle timer is ON: inactive players will automatically lose when time's up.
|t:|1758310577
|gametype|singles
|player|p1|neyo papa|guitarist|
|player|p2|Max Natsume|psychic-gen4|
|gen|9
|tier|[Gen 9] OU
|rated|Tournament battle
|rule|HP Percentage Mod: HP is shown in percentages
|rule|Endless Battle Clause: Forcing endless battles is banned
|rule|Species Clause: Limit one of each Pokémon
|rule|OHKO Clause: OHKO moves are banned
|rule|Evasion Items Clause: Evasion items are banned
|rule|Evasion Moves Clause: Evasion moves are banned
|rule|Evasion Abilities Clause: Evasion abilities are banned
|rule|Sleep Moves Clause: Sleep-inducing moves are banned
|clearpoke
|poke|p1|Hoopa-Unbound|
|poke|p1|Slowking-Galar, M|
|poke|p1|Weezing-Galar, F|
|poke|p1|Landorus-Therian, M|
|poke|p1|Kingambit, F|
|poke|p1|Iron Valiant|
|poke|p2|Great Tusk|
|poke|p2|Dragapult, M|
|poke|p2|Heatran, F|
|poke|p2|Kingambit, F|
|poke|p2|Rillaboom, M|
|poke|p2|Iron Valiant|
|teampreview
|j|*Lady Monita ☀
|c|☆neyo papa|GL
|c|☆Max Natsume|U2
|
|t:|1758310603
|teamsize|p1|6
|teamsize|p2|6
|start
|switch|p1a: Whitebeard|Landorus-Therian, M|100/100
|switch|p2a: Great Tusk|Great Tusk|100/100
|-ability|p1a: Whitebeard|Intimidate|boost
|-unboost|p2a: Great Tusk|atk|1
|turn|1
|
|t:|1758310621
|move|p1a: Whitebeard|U-turn|p2a: Great Tusk
|-resisted|p2a: Great Tusk
|-damage|p2a: Great Tusk|94/100
|
|t:|1758310627
|switch|p1a: Caki&Maki|Weezing-Galar, F|100/100|[from] U-turn
|-ability|p1a: Caki&Maki|Neutralizing Gas
|move|p2a: Great Tusk|Knock Off|p1a: Caki&Maki
|-resisted|p1a: Caki&Maki
|-damage|p1a: Caki&Maki|93/100
|-enditem|p1a: Caki&Maki|Leftovers|[from] move: Knock Off|[of] p2a: Great Tusk
|
|-heal|p2a: Great Tusk|100/100|[from] item: Leftovers
|upkeep
|turn|2
|
|t:|1758310646
|move|p2a: Great Tusk|Stealth Rock|p1a: Caki&Maki
|-sidestart|p1: neyo papa|move: Stealth Rock
|move|p1a: Caki&Maki|Will-O-Wisp|p2a: Great Tusk
|-status|p2a: Great Tusk|brn
|
|-damage|p2a: Great Tusk|94/100 brn|[from] brn
|upkeep
|turn|3
|
|t:|1758310658
|-end|p2a: Great Tusk|Protosynthesis|[silent]
|switch|p2a: Heatran|Heatran, F|100/100
|-item|p2a: Heatran|Air Balloon
|move|p1a: Caki&Maki|Defog|p2a: Heatran
|-unboost|p2a: Heatran|evasion|1
|-sideend|p1: neyo papa|Stealth Rock|[from] move: Defog|[of] p1a: Caki&Maki
|
|upkeep
|turn|4
|
|t:|1758310668
|-end|p1a: Caki&Maki|ability: Neutralizing Gas
|switch|p1a: Homer Simpson|Slowking-Galar, M|100/100
|move|p2a: Heatran|Will-O-Wisp|p1a: Homer Simpson|[miss]
|-miss|p2a: Heatran|p1a: Homer Simpson
|
|upkeep
|turn|5
|
|t:|1758310680
|move|p2a: Heatran|Earth Power|p1a: Homer Simpson
|-supereffective|p1a: Homer Simpson
|-damage|p1a: Homer Simpson|62/100
|-prepare|p1a: Homer Simpson|Chilly Reception|[premajor]
|move|p1a: Homer Simpson|Chilly Reception|p1a: Homer Simpson
|-weather|Snowscape
|
|t:|1758310689
|switch|p1a: Whitebeard|Landorus-Therian, M|100/100|[from] Chilly Reception
|-ability|p1a: Whitebeard|Intimidate|boost
|-unboost|p2a: Heatran|atk|1
|
|-weather|Snowscape|[upkeep]
|upkeep
|turn|6
|
|t:|1758310697
|move|p1a: Whitebeard|U-turn|p2a: Heatran
|-resisted|p2a: Heatran
|-damage|p2a: Heatran|95/100
|-enditem|p2a: Heatran|Air Balloon
|
|t:|1758310702
|switch|p1a: Homer Simpson|Slowking-Galar, M|96/100|[from] U-turn
|move|p2a: Heatran|Will-O-Wisp|p1a: Homer Simpson|[miss]
|-miss|p2a: Heatran|p1a: Homer Simpson
|
|-weather|Snowscape|[upkeep]
|upkeep
|turn|7
|c|☆neyo papa|damn
|c|☆neyo papa|sorry
|
|t:|1758310716
|move|p2a: Heatran|Will-O-Wisp|p1a: Homer Simpson
|-status|p1a: Homer Simpson|brn
|move|p1a: Homer Simpson|Thunder Wave|p2a: Heatran
|-status|p2a: Heatran|par
|
|-weather|Snowscape|[upkeep]
|-damage|p1a: Homer Simpson|90/100 brn|[from] brn
|upkeep
|turn|8
|j| Albrtix
|
|t:|1758310733
|move|p2a: Heatran|Earth Power|p1a: Homer Simpson
|-supereffective|p1a: Homer Simpson
|-damage|p1a: Homer Simpson|47/100 brn
|move|p1a: Homer Simpson|Future Sight|p2a: Heatran
|-start|p1a: Homer Simpson|move: Future Sight
|
|-weather|Snowscape|[upkeep]
|-damage|p1a: Homer Simpson|41/100 brn|[from] brn
|upkeep
|turn|9
|
|t:|1758310743
|switch|p1a: Whitebeard|Landorus-Therian, M|100/100
|-ability|p1a: Whitebeard|Intimidate|boost
|-unboost|p2a: Heatran|atk|1
|move|p2a: Heatran|Earth Power|p1a: Whitebeard
|-immune|p1a: Whitebeard
|
|-weather|none
|upkeep
|turn|10
|
|t:|1758310755
|switch|p2a: Great Tusk|Great Tusk|94/100 brn
|move|p1a: Whitebeard|Earthquake|p2a: Great Tusk
|-damage|p2a: Great Tusk|65/100 brn
|
|-end|p2a: Great Tusk|move: Future Sight
|-supereffective|p2a: Great Tusk
|-crit|p2a: Great Tusk
|-damage|p2a: Great Tusk|0 fnt
|faint|p2a: Great Tusk
|-end|p2a: Great Tusk|Protosynthesis|[silent]
|upkeep
|
|t:|1758310773
|switch|p2a: Rillaboom|Rillaboom, M|100/100
|-fieldstart|move: Grassy Terrain|[from] ability: Grassy Surge|[of] p2a: Rillaboom
|turn|11
|
|t:|1758310777
|switch|p1a: Caki&Maki|Weezing-Galar, F|93/100
|-ability|p1a: Caki&Maki|Neutralizing Gas
|move|p2a: Rillaboom|U-turn|p1a: Caki&Maki
|-resisted|p1a: Caki&Maki
|-damage|p1a: Caki&Maki|88/100
|
|t:|1758310791
|switch|p2a: Kingambit|Kingambit, F|100/100|[from] U-turn
|
|-heal|p1a: Caki&Maki|94/100|[from] Grassy Terrain
|upkeep
|turn|12
|
|t:|1758310800
|move|p1a: Caki&Maki|Will-O-Wisp|p2a: Kingambit
|-status|p2a: Kingambit|brn
|move|p2a: Kingambit|Swords Dance|p2a: Kingambit
|-boost|p2a: Kingambit|atk|2
|
|-heal|p1a: Caki&Maki|99/100|[from] Grassy Terrain
|-damage|p2a: Kingambit|94/100 brn|[from] brn
|upkeep
|turn|13
|
|t:|1758310816
|-end|p1a: Caki&Maki|ability: Neutralizing Gas
|-activate|p2a: Kingambit|ability: Supreme Overlord
|-start|p2a: Kingambit|fallen1|[silent]
|switch|p1a: Revenge|Kingambit, F, shiny|100/100
|move|p2a: Kingambit|Iron Head|p1a: Revenge
|-resisted|p1a: Revenge
|-damage|p1a: Revenge|81/100
|
|-heal|p2a: Kingambit|100/100 brn|[from] Grassy Terrain
|-heal|p1a: Revenge|87/100|[from] Grassy Terrain
|-damage|p2a: Kingambit|94/100 brn|[from] brn
|upkeep
|turn|14
|
|t:|1758310834
|move|p2a: Kingambit|Kowtow Cleave|p1a: Revenge
|-resisted|p1a: Revenge
|-damage|p1a: Revenge|62/100
|move|p1a: Revenge|Low Kick|p2a: Kingambit
|-supereffective|p2a: Kingambit
|-damage|p2a: Kingambit|0 fnt
|faint|p2a: Kingambit
|-end|p2a: Kingambit|fallen1|[silent]
|-damage|p1a: Revenge|52/100|[from] item: Life Orb
|
|-heal|p1a: Revenge|58/100|[from] Grassy Terrain
|upkeep
|c|☆Max Natsume|Gg
|inactive|Max Natsume has 120 seconds left.
|c|☆neyo papa|u can win
|
|t:|1758310872
|switch|p2a: Iron Valiant|Iron Valiant|100/100
|-enditem|p2a: Iron Valiant|Booster Energy
|-activate|p2a: Iron Valiant|ability: Quark Drive|[fromitem]
|-start|p2a: Iron Valiant|quarkdrivespe
|turn|15
|
|t:|1758310888
|-terastallize|p1a: Revenge|Ghost
|move|p2a: Iron Valiant|Spirit Break|p1a: Revenge
|-damage|p1a: Revenge|29/100
|-unboost|p1a: Revenge|spa|1
|move|p1a: Revenge|Iron Head|p2a: Iron Valiant
|-supereffective|p2a: Iron Valiant
|-damage|p2a: Iron Valiant|0 fnt
|faint|p2a: Iron Valiant
|-end|p2a: Iron Valiant|Quark Drive|[silent]
|-damage|p1a: Revenge|19/100|[from] item: Life Orb
|
|-heal|p1a: Revenge|25/100|[from] Grassy Terrain
|-fieldend|move: Grassy Terrain
|upkeep
|inactive|Max Natsume has 90 seconds left.
|-message|Max Natsume forfeited.
|
|win|neyo papa
|n|☆neyo papa|neyopapa
|n|☆Max Natsume|maxnatsume
|n|*Lady Monita ☀|ladymonita
|n| Albrtix|albrtix
|l|*Lady Monita ☀
|l|☆Max Natsume
|player|p2|
