|j|☆Sauronikov
|j|☆hugokokoko
|t:|1758269657
|gametype|singles
|player|p1|Sauronikov|1|1363
|player|p2|hugokokoko|101|1465
|gen|9
|tier|[Gen 9] OU
|rated|
|rule|HP Percentage Mod: HP is shown in percentages
|rule|Endless Battle Clause: Forcing endless battles is banned
|rule|Species Clause: Limit one of each Pokémon
|rule|OHKO Clause: OHKO moves are banned
|rule|Evasion Items Clause: Evasion items are banned
|rule|Evasion Moves Clause: Evasion moves are banned
|rule|Evasion Abilities Clause: Evasion abilities are banned
|rule|Sleep Moves Clause: Sleep-inducing moves are banned
|clearpoke
|poke|p1|Grimmsnarl, M|
|poke|p1|Rhyperior, M|
|poke|p1|Revavroom, M|
|poke|p1|Entei|
|poke|p1|Raikou|
|poke|p1|Suicune|
|poke|p2|Blissey, F|
|poke|p2|Dondozo, F|
|poke|p2|Gliscor, M|
|poke|p2|Toxapex, M|
|poke|p2|Clefable, F|
|poke|p2|Clodsire, F|
|teampreview
|inactive|Battle timer is ON: inactive players will automatically lose when time's up. (requested by hugokokoko)
|
|t:|1758269680
|teamsize|p1|6
|teamsize|p2|6
|start
|switch|p1a: Grimmsnarl|Grimmsnarl, M|100/100
|switch|p2a: Gliscor|Gliscor, M|100/100
|turn|1
|
|t:|1758269684
|move|p1a: Grimmsnarl|Taunt|p2a: Gliscor
|-start|p2a: Gliscor|move: Taunt
|move|p2a: Gliscor|Knock Off|p1a: Grimmsnarl
|-resisted|p1a: Grimmsnarl
|-damage|p1a: Grimmsnarl|95/100
|-enditem|p1a: Grimmsnarl|Light Clay|[from] move: Knock Off|[of] p2a: Gliscor
|
|-status|p2a: Gliscor|tox|[from] item: Toxic Orb
|upkeep
|turn|2
|
|t:|1758269690
|move|p1a: Grimmsnarl|Reflect|p1a: Grimmsnarl
|-sidestart|p1: Sauronikov|Reflect
|move|p2a: Gliscor|Earthquake|p1a: Grimmsnarl
|-damage|p1a: Grimmsnarl|77/100
|
|upkeep
|turn|3
|
|t:|1758269694
|move|p1a: Grimmsnarl|Parting Shot|p2a: Gliscor
|-unboost|p2a: Gliscor|atk|1
|-unboost|p2a: Gliscor|spa|1
|
|t:|1758269695
|switch|p1a: Raikou|Raikou|100/100|[from] Parting Shot
|move|p2a: Gliscor|Earthquake|p1a: Raikou
|-supereffective|p1a: Raikou
|-damage|p1a: Raikou|75/100
|-enditem|p1a: Raikou|Weakness Policy
|-boost|p1a: Raikou|atk|2|[from] item: Weakness Policy
|-boost|p1a: Raikou|spa|2|[from] item: Weakness Policy
|
|-end|p2a: Gliscor|move: Taunt
|upkeep
|turn|4
|
|t:|1758269703
|switch|p2a: Clodsire|Clodsire, F|100/100
|-terastallize|p1a: Raikou|Water
|move|p1a: Raikou|Scald|p2a: Clodsire
|-supereffective|p2a: Clodsire
|-damage|p2a: Clodsire|59/100
|-status|p2a: Clodsire|brn
|
|-damage|p2a: Clodsire|53/100 brn|[from] brn
|upkeep
|turn|5
|
|t:|1758269708
|move|p1a: Raikou|Scald|p2a: Clodsire
|-supereffective|p2a: Clodsire
|-damage|p2a: Clodsire|10/100 brn
|move|p2a: Clodsire|Recover|p2a: Clodsire
|-heal|p2a: Clodsire|60/100 brn
|
|-damage|p2a: Clodsire|54/100 brn|[from] brn
|upkeep
|turn|6
|
|t:|1758269713
|-terastallize|p2a: Clodsire|Dark
|move|p1a: Raikou|Scald|p2a: Clodsire
|-damage|p2a: Clodsire|30/100 brn
|move|p2a: Clodsire|Recover|p2a: Clodsire
|-heal|p2a: Clodsire|80/100 brn
|
|-damage|p2a: Clodsire|74/100 brn|[from] brn
|-sideend|p1: Sauronikov|Reflect
|upkeep
|turn|7
|
|t:|1758269716
|move|p1a: Raikou|Thunderbolt|p2a: Clodsire
|-damage|p2a: Clodsire|50/100 brn
|move|p2a: Clodsire|Amnesia|p2a: Clodsire
|-boost|p2a: Clodsire|spd|2
|
|-damage|p2a: Clodsire|44/100 brn|[from] brn
|upkeep
|turn|8
|
|t:|1758269718
|move|p1a: Raikou|Aura Sphere|p2a: Clodsire
|-supereffective|p2a: Clodsire
|-damage|p2a: Clodsire|30/100 brn
|move|p2a: Clodsire|Recover|p2a: Clodsire
|-heal|p2a: Clodsire|80/100 brn
|
|-damage|p2a: Clodsire|74/100 brn|[from] brn
|upkeep
|turn|9
|
|t:|1758269725
|switch|p1a: Rhyperior|Rhyperior, M, shiny|100/100
|move|p2a: Clodsire|Amnesia|p2a: Clodsire
|-boost|p2a: Clodsire|spd|2
|
|-damage|p2a: Clodsire|68/100 brn|[from] brn
|upkeep
|turn|10
|
|t:|1758269730
|switch|p2a: Dondozo|Dondozo, F|100/100
|move|p1a: Rhyperior|Earthquake|p2a: Dondozo
|-damage|p2a: Dondozo|77/100
|
|upkeep
|turn|11
|
|t:|1758269734
|switch|p1a: Raikou|Raikou, tera:Water|75/100
|move|p2a: Dondozo|Curse|p2a: Dondozo
|-unboost|p2a: Dondozo|spe|1
|-boost|p2a: Dondozo|atk|1
|-boost|p2a: Dondozo|def|1
|
|upkeep
|turn|12
|
|t:|1758269741
|switch|p2a: Blissey|Blissey, F|100/100
|move|p1a: Raikou|Aura Sphere|p2a: Blissey
|-supereffective|p2a: Blissey
|-damage|p2a: Blissey|83/100
|
|upkeep
|turn|13
|
|t:|1758269743
|switch|p1a: Grimmsnarl|Grimmsnarl, M|77/100
|move|p2a: Blissey|Stealth Rock|p1a: Grimmsnarl
|-sidestart|p1: Sauronikov|move: Stealth Rock
|
|upkeep
|turn|14
|
|t:|1758269746
|switch|p2a: Gliscor|Gliscor, M|100/100 tox
|move|p1a: Grimmsnarl|Taunt|p2a: Gliscor
|-start|p2a: Gliscor|move: Taunt
|
|upkeep
|turn|15
|
|t:|1758269748
|move|p1a: Grimmsnarl|Parting Shot|p2a: Gliscor
|-unboost|p2a: Gliscor|atk|1
|-unboost|p2a: Gliscor|spa|1
|
|t:|1758269750
|switch|p1a: Rhyperior|Rhyperior, M, shiny|100/100|[from] Parting Shot
|-damage|p1a: Rhyperior|94/100|[from] Stealth Rock
|move|p2a: Gliscor|Knock Off|p1a: Rhyperior
|-damage|p1a: Rhyperior|84/100
|-enditem|p1a: Rhyperior|Weakness Policy|[from] move: Knock Off|[of] p2a: Gliscor
|
|upkeep
|turn|16
|
|t:|1758269758
|switch|p2a: Dondozo|Dondozo, F|77/100
|move|p1a: Rhyperior|Rock Polish|p1a: Rhyperior
|-boost|p1a: Rhyperior|spe|2
|
|upkeep
|turn|17
|
|t:|1758269762
|move|p1a: Rhyperior|Earthquake|p2a: Dondozo
|-damage|p2a: Dondozo|51/100
|move|p2a: Dondozo|Curse|p2a: Dondozo
|-unboost|p2a: Dondozo|spe|1
|-boost|p2a: Dondozo|atk|1
|-boost|p2a: Dondozo|def|1
|
|upkeep
|turn|18
|
|t:|1758269766
|switch|p1a: Raikou|Raikou, tera:Water|75/100
|-damage|p1a: Raikou|62/100|[from] Stealth Rock
|move|p2a: Dondozo|Rest|p2a: Dondozo
|-status|p2a: Dondozo|slp|[from] move: Rest
|-heal|p2a: Dondozo|100/100 slp|[silent]
|
|upkeep
|turn|19
|l|☆Sauronikov
|inactive|Sauronikov disconnected and has a minute to reconnect!
|player|p1|
|j|☆Sauronikov
|inactive|Sauronikov reconnected and has 140 seconds left.
|player|p1|Sauronikov|1|
|-message|Sauronikov forfeited.
|
|win|hugokokoko
|raw|Sauronikov's rating: 1363 &rarr; <strong>1349</strong><br />(-14 for losing)
|raw|hugokokoko's rating: 1465 &rarr; <strong>1479</strong><br />(+14 for winning)
|l|☆Sauronikov
|player|p1|
|l|☆hugokokoko
|player|p2|
