|j|☆Eggege
|j|☆EddusEatzAlot
|t:|1758327482
|gametype|singles
|player|p1|Eggege|169|1463
|player|p2|EddusEatzAlot|steven|1440
|gen|9
|tier|[Gen 9] OU
|rated|
|rule|HP Percentage Mod: HP is shown in percentages
|rule|Endless Battle Clause: Forcing endless battles is banned
|rule|Species Clause: Limit one of each Pokémon
|rule|OHKO Clause: OHKO moves are banned
|rule|Evasion Items Clause: Evasion items are banned
|rule|Evasion Moves Clause: Evasion moves are banned
|rule|Evasion Abilities Clause: Evasion abilities are banned
|rule|Sleep Moves Clause: Sleep-inducing moves are banned
|clearpoke
|poke|p1|Ninetales-Alola, M|
|poke|p1|Cetitan, F|
|poke|p1|Kyurem|
|poke|p1|Sandslash-Alola, F|
|poke|p1|Moltres|
|poke|p1|Zamazenta-*|
|poke|p2|Slowking-Galar, F|
|poke|p2|Great Tusk|
|poke|p2|Dragapult, F|
|poke|p2|Primarina, M|
|poke|p2|Rillaboom, M|
|poke|p2|Moltres|
|teampreview
|
|t:|1758327500
|teamsize|p1|6
|teamsize|p2|6
|start
|switch|p1a: Ninetales|Ninetales-Alola, M|100/100
|switch|p2a: Moltres|Moltres|100/100
|-weather|Snowscape|[from] ability: Snow Warning|[of] p1a: Ninetales
|turn|1
|
|t:|1758327507
|move|p1a: Ninetales|Blizzard|p2a: Moltres
|-damage|p2a: Moltres|55/100
|move|p2a: Moltres|Flamethrower|p1a: Ninetales
|-supereffective|p1a: Ninetales
|-damage|p1a: Ninetales|11/100
|
|-weather|Snowscape|[upkeep]
|upkeep
|turn|2
|
|t:|1758327528
|move|p1a: Ninetales|Aurora Veil|p1a: Ninetales
|-sidestart|p1: Eggege|move: Aurora Veil
|move|p2a: Moltres|Flamethrower|p1a: Ninetales
|-supereffective|p1a: Ninetales
|-damage|p1a: Ninetales|0 fnt
|faint|p1a: Ninetales
|
|-weather|Snowscape|[upkeep]
|upkeep
|
|t:|1758327532
|switch|p1a: Cetitan|Cetitan, F|100/100
|turn|3
|
|t:|1758327548
|move|p1a: Cetitan|Belly Drum|p1a: Cetitan
|-damage|p1a: Cetitan|50/100
|-setboost|p1a: Cetitan|atk|6|[from] move: Belly Drum
|-enditem|p1a: Cetitan|Sitrus Berry|[eat]
|-heal|p1a: Cetitan|75/100|[from] item: Sitrus Berry
|move|p2a: Moltres|Will-O-Wisp|p1a: Cetitan
|-status|p1a: Cetitan|brn
|
|-weather|Snowscape|[upkeep]
|-damage|p1a: Cetitan|69/100 brn|[from] brn
|upkeep
|turn|4
|
|t:|1758327557
|move|p1a: Cetitan|Liquidation|p2a: Moltres
|-supereffective|p2a: Moltres
|-damage|p2a: Moltres|0 fnt
|faint|p2a: Moltres
|
|-weather|Snowscape|[upkeep]
|-damage|p1a: Cetitan|63/100 brn|[from] brn
|upkeep
|
|t:|1758327562
|switch|p2a: Primarina|Primarina, M|100/100
|turn|5
|
|t:|1758327564
|move|p1a: Cetitan|Play Rough|p2a: Primarina
|-damage|p2a: Primarina|31/100
|move|p2a: Primarina|Moonblast|p1a: Cetitan
|-damage|p1a: Cetitan|30/100 brn
|
|-weather|Snowscape|[upkeep]
|-damage|p1a: Cetitan|24/100 brn|[from] brn
|upkeep
|turn|6
|
|t:|1758327577
|move|p1a: Cetitan|Liquidation|p2a: Primarina
|-resisted|p2a: Primarina
|-damage|p2a: Primarina|0 fnt
|faint|p2a: Primarina
|
|-weather|Snowscape|[upkeep]
|-damage|p1a: Cetitan|18/100 brn|[from] brn
|-sideend|p1: Eggege|move: Aurora Veil
|upkeep
|
|t:|1758327579
|switch|p2a: Rillaboom|Rillaboom, M|100/100
|-fieldstart|move: Grassy Terrain|[from] ability: Grassy Surge|[of] p2a: Rillaboom
|turn|7
|
|t:|1758327581
|move|p1a: Cetitan|Ice Shard|p2a: Rillaboom
|-supereffective|p2a: Rillaboom
|-damage|p2a: Rillaboom|31/100
|move|p2a: Rillaboom|Grassy Glide|p1a: Cetitan
|-damage|p1a: Cetitan|0 fnt
|faint|p1a: Cetitan
|
|-weather|Snowscape|[upkeep]
|-heal|p2a: Rillaboom|37/100|[from] Grassy Terrain
|upkeep
|
|t:|1758327586
|switch|p1a: OneInAMilion|Sandslash-Alola, F|100/100
|turn|8
|
|t:|1758327590
|switch|p2a: Great Tusk|Great Tusk|100/100
|move|p1a: OneInAMilion|Triple Axel|p2a: Great Tusk
|-supereffective|p2a: Great Tusk
|-damage|p2a: Great Tusk|86/100
|-hitcount|p2a: Great Tusk|1
|
|-weather|none
|-heal|p2a: Great Tusk|92/100|[from] Grassy Terrain
|upkeep
|turn|9
|
|t:|1758327605
|-terastallize|p2a: Great Tusk|Fire
|move|p2a: Great Tusk|Stealth Rock|p1a: OneInAMilion
|-sidestart|p1: Eggege|move: Stealth Rock
|move|p1a: OneInAMilion|Triple Axel|p2a: Great Tusk
|-resisted|p2a: Great Tusk
|-damage|p2a: Great Tusk|89/100
|-resisted|p2a: Great Tusk
|-damage|p2a: Great Tusk|81/100
|-hitcount|p2a: Great Tusk|2
|
|-heal|p2a: Great Tusk|88/100|[from] Grassy Terrain
|upkeep
|turn|10
|
|t:|1758327616
|move|p2a: Great Tusk|Rapid Spin|p1a: OneInAMilion
|-resisted|p1a: OneInAMilion
|-damage|p1a: OneInAMilion|92/100
|-boost|p2a: Great Tusk|spe|1
|move|p1a: OneInAMilion|Rapid Spin|p2a: Great Tusk
|-damage|p2a: Great Tusk|76/100
|-boost|p1a: OneInAMilion|spe|1
|-sideend|p1: Eggege|Stealth Rock|[from] move: Rapid Spin|[of] p1a: OneInAMilion
|
|-heal|p2a: Great Tusk|82/100|[from] Grassy Terrain
|-heal|p1a: OneInAMilion|98/100|[from] Grassy Terrain
|upkeep
|turn|11
|
|t:|1758327624
|move|p2a: Great Tusk|Headlong Rush|p1a: OneInAMilion
|-supereffective|p1a: OneInAMilion
|-damage|p1a: OneInAMilion|0 fnt
|-unboost|p2a: Great Tusk|def|1
|-unboost|p2a: Great Tusk|spd|1
|faint|p1a: OneInAMilion
|
|-heal|p2a: Great Tusk|89/100|[from] Grassy Terrain
|-fieldend|move: Grassy Terrain
|upkeep
|
|t:|1758327637
|switch|p1a: Moltres|Moltres|100/100
|turn|12
|
|t:|1758327641
|move|p2a: Great Tusk|Knock Off|p1a: Moltres
|-damage|p1a: Moltres|64/100
|-enditem|p1a: Moltres|Heavy-Duty Boots|[from] move: Knock Off|[of] p2a: Great Tusk
|move|p1a: Moltres|U-turn|p2a: Great Tusk
|-resisted|p2a: Great Tusk
|-damage|p2a: Great Tusk|81/100
|
|t:|1758327649
|switch|p1a: Zamazenta|Zamazenta|100/100|[from] U-turn
|-ability|p1a: Zamazenta|Dauntless Shield|boost
|-boost|p1a: Zamazenta|def|1
|
|upkeep
|turn|13
|
|t:|1758327652
|move|p2a: Great Tusk|Stealth Rock|p1a: Zamazenta
|-sidestart|p1: Eggege|move: Stealth Rock
|move|p1a: Zamazenta|Iron Defense|p1a: Zamazenta
|-boost|p1a: Zamazenta|def|2
|
|upkeep
|turn|14
|
|t:|1758327656
|-end|p2a: Great Tusk|Protosynthesis|[silent]
|switch|p2a: Dragapult|Dragapult, F|100/100
|move|p1a: Zamazenta|Iron Defense|p1a: Zamazenta
|-boost|p1a: Zamazenta|def|2
|
|upkeep
|turn|15
|
|t:|1758327662
|move|p2a: Dragapult|Will-O-Wisp|p1a: Zamazenta
|-status|p1a: Zamazenta|brn
|move|p1a: Zamazenta|Crunch|p2a: Dragapult
|-supereffective|p2a: Dragapult
|-damage|p2a: Dragapult|62/100
|
|-heal|p2a: Dragapult|68/100|[from] item: Leftovers
|-damage|p1a: Zamazenta|94/100 brn|[from] brn
|upkeep
|turn|16
|
|t:|1758327670
|move|p2a: Dragapult|U-turn|p1a: Zamazenta
|-resisted|p1a: Zamazenta
|-crit|p1a: Zamazenta
|-damage|p1a: Zamazenta|83/100 brn
|
|t:|1758327672
|switch|p2a: Slowking|Slowking-Galar, F|100/100|[from] U-turn
|move|p1a: Zamazenta|Crunch|p2a: Slowking
|-supereffective|p2a: Slowking
|-damage|p2a: Slowking|76/100
|
|-heal|p1a: Zamazenta|89/100 brn|[from] item: Leftovers
|-damage|p1a: Zamazenta|83/100 brn|[from] brn
|upkeep
|turn|17
|
|t:|1758327677
|move|p1a: Zamazenta|Iron Defense|p1a: Zamazenta
|-boost|p1a: Zamazenta|def|1
|move|p2a: Slowking|Future Sight|p1a: Zamazenta
|-start|p2a: Slowking|move: Future Sight
|
|-heal|p1a: Zamazenta|89/100 brn|[from] item: Leftovers
|-damage|p1a: Zamazenta|83/100 brn|[from] brn
|upkeep
|turn|18
|
|t:|1758327679
|move|p1a: Zamazenta|Body Press|p2a: Slowking
|-resisted|p2a: Slowking
|-damage|p2a: Slowking|60/100
|-prepare|p2a: Slowking|Chilly Reception|[premajor]
|move|p2a: Slowking|Chilly Reception|p2a: Slowking
|-weather|Snowscape
|
|t:|1758327682
|switch|p2a: Dragapult|Dragapult, F|68/100|[from] Chilly Reception
|
|-weather|Snowscape|[upkeep]
|-heal|p2a: Dragapult|74/100|[from] item: Leftovers
|-heal|p1a: Zamazenta|89/100 brn|[from] item: Leftovers
|-damage|p1a: Zamazenta|83/100 brn|[from] brn
|upkeep
|turn|19
|
|t:|1758327689
|move|p2a: Dragapult|Hex|p1a: Zamazenta
|-damage|p1a: Zamazenta|36/100 brn
|move|p1a: Zamazenta|Crunch|p2a: Dragapult
|-supereffective|p2a: Dragapult
|-damage|p2a: Dragapult|40/100
|
|-weather|Snowscape|[upkeep]
|-end|p1a: Zamazenta|move: Future Sight
|-supereffective|p1a: Zamazenta
|-damage|p1a: Zamazenta|0 fnt
|faint|p1a: Zamazenta
|-heal|p2a: Dragapult|46/100|[from] item: Leftovers
|upkeep
|
|t:|1758327701
|switch|p1a: ColdVision|Kyurem|100/100
|-damage|p1a: ColdVision|76/100|[from] Stealth Rock
|-ability|p1a: ColdVision|Pressure
|turn|20
|
|t:|1758327707
|-terastallize|p1a: ColdVision|Ice
|move|p2a: Dragapult|Dragon Darts|p1a: ColdVision
|-damage|p1a: ColdVision|63/100
|-anim|p2a: Dragapult|Dragon Darts|p1a: ColdVision
|-damage|p1a: ColdVision|50/100
|move|p1a: ColdVision|Blizzard|p2a: Dragapult
|-supereffective|p2a: Dragapult
|-damage|p2a: Dragapult|0 fnt
|faint|p2a: Dragapult
|
|-weather|Snowscape|[upkeep]
|upkeep
|
|t:|1758327714
|switch|p2a: Slowking|Slowking-Galar, F|93/100
|turn|21
|
|t:|1758327717
|move|p1a: ColdVision|Blizzard|p2a: Slowking
|-damage|p2a: Slowking|24/100
|move|p2a: Slowking|Future Sight|p1a: ColdVision
|-start|p2a: Slowking|move: Future Sight
|
|-weather|Snowscape|[upkeep]
|upkeep
|turn|22
|
|t:|1758327722
|move|p1a: ColdVision|Blizzard|p2a: Slowking
|-damage|p2a: Slowking|0 fnt
|faint|p2a: Slowking
|
|-weather|none
|upkeep
|
|t:|1758327723
|switch|p2a: Rillaboom|Rillaboom, M|37/100
|-fieldstart|move: Grassy Terrain|[from] ability: Grassy Surge|[of] p2a: Rillaboom
|turn|23
|
|t:|1758327734
|switch|p1a: Moltres|Moltres|64/100
|-damage|p1a: Moltres|14/100|[from] Stealth Rock
|move|p2a: Rillaboom|Grassy Glide|p1a: Moltres
|-resisted|p1a: Moltres
|-damage|p1a: Moltres|0 fnt
|-status|p2a: Rillaboom|brn|[from] ability: Flame Body|[of] p1a: Moltres
|faint|p1a: Moltres
|
|-hint|Future Sight did not hit because the target is fainted.
|-heal|p2a: Rillaboom|44/100 brn|[from] Grassy Terrain
|-damage|p2a: Rillaboom|37/100 brn|[from] brn
|upkeep
|
|t:|1758327742
|switch|p1a: ColdVision|Kyurem, tera:Ice|50/100
|-damage|p1a: ColdVision|25/100|[from] Stealth Rock
|-ability|p1a: ColdVision|Pressure
|turn|24
|
|t:|1758327754
|move|p2a: Rillaboom|Grassy Glide|p1a: ColdVision
|-damage|p1a: ColdVision|0 fnt
|faint|p1a: ColdVision
|
|win|EddusEatzAlot
|raw|Eggege's rating: 1463 &rarr; <strong>1442</strong><br />(-21 for losing)
|raw|EddusEatzAlot's rating: 1440 &rarr; <strong>1461</strong><br />(+21 for winning)
|l|☆Eggege
|player|p1|
|c|☆EddusEatzAlot|gg
|l|☆EddusEatzAlot
|player|p2|
