|j|☆hmy1
|j|☆rmcarmicheal
|t:|1758362503
|gametype|singles
|player|p1|hmy1|elesa-gen5bw2|1337
|player|p2|rmcarmicheal|101|1322
|gen|9
|tier|[Gen 9] OU
|rated|
|rule|HP Percentage Mod: HP is shown in percentages
|rule|Endless Battle Clause: Forcing endless battles is banned
|rule|Species Clause: Limit one of each Pokémon
|rule|OHKO Clause: OHKO moves are banned
|rule|Evasion Items Clause: Evasion items are banned
|rule|Evasion Moves Clause: Evasion moves are banned
|rule|Evasion Abilities Clause: Evasion abilities are banned
|rule|Sleep Moves Clause: Sleep-inducing moves are banned
|clearpoke
|poke|p1|Gliscor, M|
|poke|p1|Iron Moth|
|poke|p1|Cloyster, M|
|poke|p1|Grimmsnarl, M|
|poke|p1|Ceruledge, M|
|poke|p1|Corviknight, F|
|poke|p2|Ditto|
|poke|p2|Gliscor, M|
|poke|p2|Blissey, F|
|poke|p2|Toxapex, M|
|poke|p2|Cinderace, F|
|poke|p2|Gholdengo|
|teampreview
|inactive|Battle timer is ON: inactive players will automatically lose when time's up. (requested by hmy1)
|
|t:|1758362520
|teamsize|p1|6
|teamsize|p2|6
|start
|switch|p1a: 土地云|Gliscor, M, shiny|100/100
|switch|p2a: Toxapex|Toxapex, M|100/100
|turn|1
|
|t:|1758362525
|switch|p2a: Blissey|Blissey, F|100/100
|move|p1a: 土地云|Earthquake|p2a: Blissey
|-damage|p2a: Blissey|65/100
|
|-heal|p2a: Blissey|71/100|[from] item: Leftovers
|-status|p1a: 土地云|tox|[from] item: Toxic Orb
|upkeep
|turn|2
|
|t:|1758362529
|move|p1a: 土地云|Swords Dance|p1a: 土地云
|-boost|p1a: 土地云|atk|2
|move|p2a: Blissey|Seismic Toss|p1a: 土地云
|-damage|p1a: 土地云|66/100 tox
|
|-heal|p2a: Blissey|77/100|[from] item: Leftovers
|-heal|p1a: 土地云|79/100 tox|[from] ability: Poison Heal
|upkeep
|turn|3
|
|t:|1758362534
|move|p1a: 土地云|Swords Dance|p1a: 土地云
|-boost|p1a: 土地云|atk|2
|move|p2a: Blissey|Ice Beam|p1a: 土地云
|-supereffective|p1a: 土地云
|-damage|p1a: 土地云|0 fnt
|faint|p1a: 土地云
|
|-heal|p2a: Blissey|84/100|[from] item: Leftovers
|upkeep
|
|t:|1758362548
|switch|p1a: 阳光彩虹🦄|Ceruledge, M|100/100
|turn|4
|
|t:|1758362551
|move|p1a: 阳光彩虹🦄|Swords Dance|p1a: 阳光彩虹🦄
|-boost|p1a: 阳光彩虹🦄|atk|2
|move|p2a: Blissey|Thunder Wave|p1a: 阳光彩虹🦄
|-status|p1a: 阳光彩虹🦄|par
|
|-heal|p2a: Blissey|90/100|[from] item: Leftovers
|upkeep
|turn|5
|
|t:|1758362559
|switch|p2a: Toxapex|Toxapex, M|100/100
|move|p1a: 阳光彩虹🦄|Bitter Blade|p2a: Toxapex
|-resisted|p2a: Toxapex
|-damage|p2a: Toxapex|72/100
|-damage|p1a: 阳光彩虹🦄|84/100 par|[from] item: Rocky Helmet|[of] p2a: Toxapex
|
|upkeep
|turn|6
|
|t:|1758362564
|move|p1a: 阳光彩虹🦄|Poltergeist|p2a: Toxapex
|-activate|p2a: Toxapex|move: Poltergeist|Rocky Helmet
|-damage|p2a: Toxapex|10/100
|move|p2a: Toxapex|Haze|p2a: Toxapex
|-clearallboost
|
|upkeep
|turn|7
|
|t:|1758362570
|move|p1a: 阳光彩虹🦄|Bitter Blade|p2a: Toxapex
|-resisted|p2a: Toxapex
|-damage|p2a: Toxapex|0 fnt
|-heal|p1a: 阳光彩虹🦄|89/100 par|[from] drain|[of] p2a: Toxapex
|-damage|p1a: 阳光彩虹🦄|73/100 par|[from] item: Rocky Helmet|[of] p2a: Toxapex
|faint|p2a: Toxapex
|
|upkeep
|
|t:|1758362572
|switch|p2a: Ditto|Ditto|100/100
|-transform|p2a: Ditto|p1a: 阳光彩虹🦄|[from] ability: Imposter
|turn|8
|
|t:|1758362580
|switch|p1a: no girl love you|Grimmsnarl, M, shiny|100/100
|-terastallize|p2a: Ditto|Normal
|move|p2a: Ditto|Poltergeist|p1a: no girl love you
|-activate|p1a: no girl love you|move: Poltergeist|Light Clay
|-resisted|p1a: no girl love you
|-damage|p1a: no girl love you|63/100
|
|upkeep
|turn|9
|
|t:|1758362590
|move|p1a: no girl love you|Thunder Wave|p2a: Ditto
|-status|p2a: Ditto|par
|move|p2a: Ditto|Poltergeist|p1a: no girl love you|[miss]
|-miss|p2a: Ditto|p1a: no girl love you
|
|upkeep
|turn|10
|
|t:|1758362597
|move|p1a: no girl love you|Reflect|p1a: no girl love you
|-sidestart|p1: hmy1|Reflect
|move|p2a: Ditto|Poltergeist|p1a: no girl love you
|-activate|p1a: no girl love you|move: Poltergeist|Light Clay
|-resisted|p1a: no girl love you
|-damage|p1a: no girl love you|45/100
|
|upkeep
|turn|11
|
|t:|1758362603
|switch|p2a: Blissey|Blissey, F|90/100
|move|p1a: no girl love you|Light Screen|p1a: no girl love you
|-sidestart|p1: hmy1|move: Light Screen
|
|-heal|p2a: Blissey|96/100|[from] item: Leftovers
|upkeep
|turn|12
|
|t:|1758362617
|switch|p1a: 阳光彩虹🦄|Ceruledge, M|73/100 par
|move|p2a: Blissey|Thunder Wave|p1a: 阳光彩虹🦄
|-fail|p1a: 阳光彩虹🦄|par
|
|-heal|p2a: Blissey|100/100|[from] item: Leftovers
|upkeep
|turn|13
|
|t:|1758362621
|switch|p2a: Cinderace|Cinderace, F|100/100
|cant|p1a: 阳光彩虹🦄|par
|
|upkeep
|turn|14
|
|t:|1758362627
|move|p2a: Cinderace|Court Change|p2a: Cinderace
|-start|p2a: Cinderace|typechange|Normal|[from] ability: Libero
|-swapsideconditions
|-activate|p2a: Cinderace|move: Court Change
|move|p1a: 阳光彩虹🦄|Poltergeist|p2a: Cinderace
|-immune|p2a: Cinderace
|
|upkeep
|turn|15
|
|t:|1758362637
|switch|p2a: Ditto|Ditto, tera:Normal|100/100 par
|-transform|p2a: Ditto|p1a: 阳光彩虹🦄|[from] ability: Imposter
|switch|p1a: no girl love you|Grimmsnarl, M, shiny|45/100
|
|upkeep
|turn|16
|
|t:|1758362647
|move|p1a: no girl love you|Reflect|p1a: no girl love you
|-sidestart|p1: hmy1|Reflect
|move|p2a: Ditto|Bitter Blade|p1a: no girl love you
|-damage|p1a: no girl love you|15/100
|
|upkeep
|turn|17
|
|t:|1758362660
|switch|p2a: Gholdengo|Gholdengo|100/100
|move|p1a: no girl love you|Parting Shot|p2a: Gholdengo
|-immune|p2a: Gholdengo|[from] ability: Good as Gold
|
|-sideend|p2: rmcarmicheal|Reflect
|upkeep
|turn|18
|
|t:|1758362667
|move|p1a: no girl love you|Light Screen|p1a: no girl love you
|-sidestart|p1: hmy1|move: Light Screen
|move|p2a: Gholdengo|Shadow Ball|p1a: no girl love you
|-resisted|p1a: no girl love you
|-damage|p1a: no girl love you|7/100
|-unboost|p1a: no girl love you|spd|1
|
|-sideend|p2: rmcarmicheal|move: Light Screen
|upkeep
|turn|19
|
|t:|1758362680
|switch|p2a: Cinderace|Cinderace, F|100/100
|switch|p1a: 龙王归位🐉|Cloyster, M|100/100
|
|upkeep
|turn|20
|
|t:|1758362693
|move|p2a: Cinderace|Court Change|p2a: Cinderace
|-start|p2a: Cinderace|typechange|Normal|[from] ability: Libero
|-swapsideconditions
|-activate|p2a: Cinderace|move: Court Change
|move|p1a: 龙王归位🐉|Shell Smash|p1a: 龙王归位🐉
|-unboost|p1a: 龙王归位🐉|def|1
|-unboost|p1a: 龙王归位🐉|spd|1
|-boost|p1a: 龙王归位🐉|atk|2
|-boost|p1a: 龙王归位🐉|spa|2
|-boost|p1a: 龙王归位🐉|spe|2
|-enditem|p1a: 龙王归位🐉|White Herb
|-clearnegativeboost|p1a: 龙王归位🐉|[silent]
|
|upkeep
|turn|21
|
|t:|1758362698
|move|p1a: 龙王归位🐉|Icicle Spear|p2a: Cinderace
|-damage|p2a: Cinderace|85/100
|-damage|p2a: Cinderace|70/100
|-damage|p2a: Cinderace|55/100
|-damage|p2a: Cinderace|40/100
|-damage|p2a: Cinderace|26/100
|-hitcount|p2a: Cinderace|5
|move|p2a: Cinderace|Will-O-Wisp|p1a: 龙王归位🐉
|-status|p1a: 龙王归位🐉|brn
|
|-damage|p1a: 龙王归位🐉|94/100 brn|[from] brn
|upkeep
|turn|22
|
|t:|1758362706
|switch|p2a: Gholdengo|Gholdengo|100/100
|move|p1a: 龙王归位🐉|Icicle Spear|p2a: Gholdengo
|-resisted|p2a: Gholdengo
|-damage|p2a: Gholdengo|98/100
|-resisted|p2a: Gholdengo
|-damage|p2a: Gholdengo|94/100
|-resisted|p2a: Gholdengo
|-damage|p2a: Gholdengo|92/100
|-resisted|p2a: Gholdengo
|-damage|p2a: Gholdengo|89/100
|-resisted|p2a: Gholdengo
|-damage|p2a: Gholdengo|86/100
|-hitcount|p2a: Gholdengo|5
|
|-damage|p1a: 龙王归位🐉|88/100 brn|[from] brn
|upkeep
|turn|23
|
|t:|1758362723
|switch|p1a: no girl love you|Grimmsnarl, M, shiny|7/100
|move|p2a: Gholdengo|Make It Rain|p1a: no girl love you
|-supereffective|p1a: no girl love you
|-damage|p1a: no girl love you|0 fnt
|-unboost|p2a: Gholdengo|spa|1
|faint|p1a: no girl love you
|
|-sideend|p2: rmcarmicheal|Reflect
|upkeep
|
|t:|1758362735
|switch|p1a: 阳光彩虹🦄|Ceruledge, M|73/100 par
|turn|24
|
|t:|1758362738
|switch|p2a: Gliscor|Gliscor, M|100/100
|cant|p1a: 阳光彩虹🦄|par
|
|-status|p2a: Gliscor|tox|[from] item: Toxic Orb
|upkeep
|turn|25
|
|t:|1758362747
|switch|p1a: 真红眼黑龙|Corviknight, F|100/100
|-ability|p1a: 真红眼黑龙|Pressure
|move|p2a: Gliscor|Earthquake|p1a: 真红眼黑龙
|-immune|p1a: 真红眼黑龙
|
|-sideend|p2: rmcarmicheal|move: Light Screen
|upkeep
|turn|26
|
|t:|1758362755
|switch|p2a: Gholdengo|Gholdengo|86/100
|move|p1a: 真红眼黑龙|Brave Bird|p2a: Gholdengo
|-resisted|p2a: Gholdengo
|-crit|p2a: Gholdengo
|-damage|p2a: Gholdengo|56/100
|-damage|p1a: 真红眼黑龙|92/100|[from] Recoil
|
|upkeep
|turn|27
|
|t:|1758362761
|move|p2a: Gholdengo|Trick|p1a: 真红眼黑龙
|-activate|p2a: Gholdengo|move: Trick|[of] p1a: 真红眼黑龙
|-item|p1a: 真红眼黑龙|Choice Scarf|[from] move: Trick
|-item|p2a: Gholdengo|Rocky Helmet|[from] move: Trick
|move|p1a: 真红眼黑龙|Brave Bird|p2a: Gholdengo
|-resisted|p2a: Gholdengo
|-damage|p2a: Gholdengo|35/100
|-damage|p1a: 真红眼黑龙|76/100|[from] item: Rocky Helmet|[of] p2a: Gholdengo
|-damage|p1a: 真红眼黑龙|70/100|[from] Recoil
|
|upkeep
|turn|28
|
|t:|1758362768
|switch|p2a: Gliscor|Gliscor, M|100/100 tox
|move|p1a: 真红眼黑龙|Brave Bird|p2a: Gliscor
|-crit|p2a: Gliscor
|-damage|p2a: Gliscor|62/100 tox
|-damage|p1a: 真红眼黑龙|59/100|[from] Recoil
|
|-heal|p2a: Gliscor|75/100 tox|[from] ability: Poison Heal
|upkeep
|turn|29
|
|t:|1758362782
|switch|p1a: 龙王归位🐉|Cloyster, M|88/100 brn
|move|p2a: Gliscor|Substitute|p2a: Gliscor
|-start|p2a: Gliscor|Substitute
|-damage|p2a: Gliscor|50/100 tox
|
|-heal|p2a: Gliscor|62/100 tox|[from] ability: Poison Heal
|-damage|p1a: 龙王归位🐉|82/100 brn|[from] brn
|upkeep
|turn|30
|
|t:|1758362787
|move|p2a: Gliscor|Earthquake|p1a: 龙王归位🐉
|-damage|p1a: 龙王归位🐉|56/100 brn
|move|p1a: 龙王归位🐉|Icicle Spear|p2a: Gliscor
|-supereffective|p2a: Gliscor
|-activate|p2a: Gliscor|move: Substitute|[damage]
|-supereffective|p2a: Gliscor
|-end|p2a: Gliscor|Substitute
|-supereffective|p2a: Gliscor
|-damage|p2a: Gliscor|47/100 tox
|-supereffective|p2a: Gliscor
|-crit|p2a: Gliscor
|-damage|p2a: Gliscor|24/100 tox
|-supereffective|p2a: Gliscor
|-damage|p2a: Gliscor|7/100 tox
|-hitcount|p2a: Gliscor|5
|
|-heal|p2a: Gliscor|20/100 tox|[from] ability: Poison Heal
|-damage|p1a: 龙王归位🐉|50/100 brn|[from] brn
|upkeep
|turn|31
|
|t:|1758362795
|switch|p2a: Cinderace|Cinderace, F|26/100
|move|p1a: 龙王归位🐉|Icicle Spear|p2a: Cinderace
|-resisted|p2a: Cinderace
|-damage|p2a: Cinderace|23/100
|-resisted|p2a: Cinderace
|-damage|p2a: Cinderace|19/100
|-resisted|p2a: Cinderace
|-damage|p2a: Cinderace|15/100
|-resisted|p2a: Cinderace
|-damage|p2a: Cinderace|11/100
|-resisted|p2a: Cinderace
|-damage|p2a: Cinderace|7/100
|-hitcount|p2a: Cinderace|5
|
|-damage|p1a: 龙王归位🐉|43/100 brn|[from] brn
|upkeep
|turn|32
|
|t:|1758362804
|move|p2a: Cinderace|Pyro Ball|p1a: 龙王归位🐉|[miss]
|-miss|p2a: Cinderace|p1a: 龙王归位🐉
|move|p1a: 龙王归位🐉|Liquidation|p2a: Cinderace
|-supereffective|p2a: Cinderace
|-damage|p2a: Cinderace|0 fnt
|faint|p2a: Cinderace
|
|-damage|p1a: 龙王归位🐉|37/100 brn|[from] brn
|upkeep
|
|t:|1758362807
|switch|p2a: Blissey|Blissey, F|100/100
|turn|33
|
|t:|1758362813
|move|p1a: 龙王归位🐉|Icicle Spear|p2a: Blissey
|-damage|p2a: Blissey|96/100
|-damage|p2a: Blissey|92/100
|-damage|p2a: Blissey|87/100
|-damage|p2a: Blissey|82/100
|-damage|p2a: Blissey|77/100
|-hitcount|p2a: Blissey|5
|move|p2a: Blissey|Seismic Toss|p1a: 龙王归位🐉
|-damage|p1a: 龙王归位🐉|0 fnt
|faint|p1a: 龙王归位🐉
|
|-heal|p2a: Blissey|84/100|[from] item: Leftovers
|upkeep
|
|t:|1758362820
|switch|p1a: 阳光彩虹🦄|Ceruledge, M|73/100 par
|turn|34
|
|t:|1758362829
|switch|p2a: Ditto|Ditto, tera:Normal|100/100 par
|-transform|p2a: Ditto|p1a: 阳光彩虹🦄|[from] ability: Imposter
|move|p1a: 阳光彩虹🦄|Swords Dance|p1a: 阳光彩虹🦄
|-boost|p1a: 阳光彩虹🦄|atk|2
|
|upkeep
|turn|35
|
|t:|1758362848
|move|p2a: Ditto|Poltergeist|p1a: 阳光彩虹🦄
|-activate|p1a: 阳光彩虹🦄|move: Poltergeist|Focus Sash
|-supereffective|p1a: 阳光彩虹🦄
|-damage|p1a: 阳光彩虹🦄|0 fnt
|faint|p1a: 阳光彩虹🦄
|
|upkeep
|inactive|hmy1 has 120 seconds left.
|inactive|hmy1 has 90 seconds left.
|inactive|hmy1 has 60 seconds left.
|l|☆rmcarmicheal
|inactive|rmcarmicheal disconnected and has a minute to reconnect!
|player|p2|
|j|☆rmcarmicheal
|inactive|rmcarmicheal reconnected.
|player|p2|rmcarmicheal|101|
|c|☆rmcarmicheal|Sigh
|inactive|hmy1 has 30 seconds left.
|inactive|hmy1 has 20 seconds left.
|c|☆rmcarmicheal|I won twice then
|inactive|hmy1 has 15 seconds left.
|inactive|hmy1 has 10 seconds left.
|inactive|hmy1 has 5 seconds left.
|-message|hmy1 lost due to inactivity.
|
|win|rmcarmicheal
|raw|hmy1's rating: 1335 &rarr; <strong>1314</strong><br />(-21 for losing)
|raw|rmcarmicheal's rating: 1322 &rarr; <strong>1343</strong><br />(+21 for winning)
|l|☆rmcarmicheal
|player|p2|
