|j|☆nushinator
|j|☆SamiFawad
|t:|1758379251
|gametype|singles
|player|p1|nushinator|bugcatcher-gen4dp|1603
|player|p2|SamiFawad|1|1583
|gen|9
|tier|[Gen 9] OU
|rated|
|rule|HP Percentage Mod: HP is shown in percentages
|rule|Endless Battle Clause: Forcing endless battles is banned
|rule|Species Clause: Limit one of each Pokémon
|rule|OHKO Clause: OHKO moves are banned
|rule|Evasion Items Clause: Evasion items are banned
|rule|Evasion Moves Clause: Evasion moves are banned
|rule|Evasion Abilities Clause: Evasion abilities are banned
|rule|Sleep Moves Clause: Sleep-inducing moves are banned
|clearpoke
|poke|p1|Alomomola, M|
|poke|p1|Ting-Lu|
|poke|p1|Great Tusk|
|poke|p1|Raging Bolt|
|poke|p1|Corviknight, M|
|poke|p1|Hatterene, F|
|poke|p2|Slowking-Galar, M|
|poke|p2|Samurott-Hisui, M|
|poke|p2|Gallade, M|
|poke|p2|Pecharunt|
|poke|p2|Ogerpon-Wellspring, F|
|poke|p2|Great Tusk|
|teampreview
|inactive|Battle timer is ON: inactive players will automatically lose when time's up. (requested by nushinator)
|
|t:|1758379263
|teamsize|p1|6
|teamsize|p2|6
|start
|switch|p1a: Raging Bolt|Raging Bolt|100/100
|switch|p2a: Ogerpon|Ogerpon-Wellspring, F|100/100
|turn|1
|
|t:|1758379268
|switch|p2a: Great Tusk|Great Tusk|100/100
|move|p1a: Raging Bolt|Draco Meteor|p2a: Great Tusk
|-damage|p2a: Great Tusk|0 fnt
|-unboost|p1a: Raging Bolt|spa|2
|faint|p2a: Great Tusk
|-end|p2a: Great Tusk|Protosynthesis|[silent]
|
|upkeep
|
|t:|1758379273
|switch|p2a: Ogerpon|Ogerpon-Wellspring, F|100/100
|turn|2
|
|t:|1758379277
|-end|p1a: Raging Bolt|Protosynthesis|[silent]
|switch|p1a: Corviknight|Corviknight, M|100/100
|-ability|p1a: Corviknight|Pressure
|move|p2a: Ogerpon|Swords Dance|p2a: Ogerpon
|-boost|p2a: Ogerpon|atk|2
|
|upkeep
|turn|3
|
|t:|1758379283
|move|p2a: Ogerpon|Ivy Cudgel|p1a: Corviknight|[anim] Ivy Cudgel Water
|-damage|p1a: Corviknight|36/100
|move|p1a: Corviknight|Iron Defense|p1a: Corviknight
|-boost|p1a: Corviknight|def|2
|
|upkeep
|turn|4
|
|t:|1758379288
|-terastallize|p1a: Corviknight|Dragon
|move|p2a: Ogerpon|Ivy Cudgel|p1a: Corviknight|[anim] Ivy Cudgel Water
|-resisted|p1a: Corviknight
|-damage|p1a: Corviknight|17/100
|move|p1a: Corviknight|Roost|p1a: Corviknight
|-heal|p1a: Corviknight|67/100
|
|upkeep
|turn|5
|
|t:|1758379293
|switch|p2a: Pecharunt|Pecharunt|100/100
|move|p1a: Corviknight|Body Press|p2a: Pecharunt
|-immune|p2a: Pecharunt
|
|upkeep
|turn|6
|
|t:|1758379300
|switch|p1a: Ting-Lu|Ting-Lu|100/100
|-ability|p1a: Ting-Lu|Vessel of Ruin
|move|p2a: Pecharunt|Malignant Chain|p1a: Ting-Lu
|-resisted|p1a: Ting-Lu
|-damage|p1a: Ting-Lu|91/100
|-status|p1a: Ting-Lu|tox
|-start|p1a: Ting-Lu|confusion|[from] ability: Poison Puppeteer|[of] p2a: Pecharunt
|
|-heal|p1a: Ting-Lu|97/100 tox|[from] item: Leftovers
|-damage|p1a: Ting-Lu|91/100 tox|[from] psn
|upkeep
|turn|7
|
|t:|1758379303
|move|p2a: Pecharunt|Parting Shot|p1a: Ting-Lu
|-unboost|p1a: Ting-Lu|atk|1
|-unboost|p1a: Ting-Lu|spa|1
|
|t:|1758379306
|switch|p2a: Samurott|Samurott-Hisui, M|100/100|[from] Parting Shot
|-activate|p1a: Ting-Lu|confusion
|-damage|p1a: Ting-Lu|87/100 tox|[from] confusion
|
|-heal|p1a: Ting-Lu|93/100 tox|[from] item: Leftovers
|-damage|p1a: Ting-Lu|81/100 tox|[from] psn
|upkeep
|turn|8
|
|t:|1758379313
|switch|p1a: Alomomola|Alomomola, M|100/100
|move|p2a: Samurott|Ceaseless Edge|p1a: Alomomola
|-damage|p1a: Alomomola|77/100
|-sidestart|p1: nushinator|Spikes
|
|upkeep
|turn|9
|
|t:|1758379317
|move|p2a: Samurott|Swords Dance|p2a: Samurott
|-boost|p2a: Samurott|atk|2
|move|p1a: Alomomola|Wish|p1a: Alomomola
|
|upkeep
|turn|10
|
|t:|1758379320
|switch|p1a: Corviknight|Corviknight, M, tera:Dragon|67/100
|-damage|p1a: Corviknight|55/100|[from] Spikes
|-ability|p1a: Corviknight|Pressure
|move|p2a: Samurott|Ceaseless Edge|p1a: Corviknight|[miss]
|-miss|p2a: Samurott|p1a: Corviknight
|
|-heal|p1a: Corviknight|100/100|[from] move: Wish|[wisher] Alomomola
|upkeep
|turn|11
|
|t:|1758379329
|move|p2a: Samurott|Ceaseless Edge|p1a: Corviknight
|-damage|p1a: Corviknight|48/100
|-damage|p2a: Samurott|84/100|[from] item: Rocky Helmet|[of] p1a: Corviknight
|-sidestart|p1: nushinator|Spikes
|move|p1a: Corviknight|Iron Defense|p1a: Corviknight
|-boost|p1a: Corviknight|def|2
|
|upkeep
|turn|12
|
|t:|1758379334
|switch|p2a: Pecharunt|Pecharunt|100/100
|move|p1a: Corviknight|Roost|p1a: Corviknight
|-heal|p1a: Corviknight|98/100
|
|upkeep
|turn|13
|
|t:|1758379336
|move|p2a: Pecharunt|Malignant Chain|p1a: Corviknight
|-crit|p1a: Corviknight
|-damage|p1a: Corviknight|34/100
|-status|p1a: Corviknight|tox
|-start|p1a: Corviknight|confusion|[from] ability: Poison Puppeteer|[of] p2a: Pecharunt
|-activate|p1a: Corviknight|confusion
|move|p1a: Corviknight|U-turn|p2a: Pecharunt
|-resisted|p2a: Pecharunt
|-damage|p2a: Pecharunt|98/100
|-damage|p1a: Corviknight|18/100 tox|[from] item: Rocky Helmet|[of] p2a: Pecharunt
|
|t:|1758379345
|switch|p1a: Raging Bolt|Raging Bolt|100/100|[from] U-turn
|-damage|p1a: Raging Bolt|84/100|[from] Spikes
|
|upkeep
|turn|14
|
|t:|1758379348
|move|p2a: Pecharunt|Malignant Chain|p1a: Raging Bolt
|-damage|p1a: Raging Bolt|48/100
|move|p1a: Raging Bolt|Draco Meteor|p2a: Pecharunt
|-damage|p2a: Pecharunt|0 fnt
|-unboost|p1a: Raging Bolt|spa|2
|faint|p2a: Pecharunt
|
|upkeep
|
|t:|1758379358
|switch|p2a: Samurott|Samurott-Hisui, M|84/100
|turn|15
|
|t:|1758379361
|-end|p1a: Raging Bolt|Protosynthesis|[silent]
|switch|p1a: Alomomola|Alomomola, M|100/100
|move|p2a: Samurott|Ceaseless Edge|p1a: Alomomola
|-damage|p1a: Alomomola|76/100
|-sidestart|p1: nushinator|Spikes
|
|upkeep
|turn|16
|
|t:|1758379365
|move|p2a: Samurott|Swords Dance|p2a: Samurott
|-boost|p2a: Samurott|atk|2
|move|p1a: Alomomola|Wish|p1a: Alomomola
|
|upkeep
|turn|17
|
|t:|1758379368
|move|p2a: Samurott|Ceaseless Edge|p1a: Alomomola
|-damage|p1a: Alomomola|29/100
|move|p1a: Alomomola|Flip Turn|p2a: Samurott
|-resisted|p2a: Samurott
|-damage|p2a: Samurott|74/100
|
|t:|1758379373
|switch|p1a: Raging Bolt|Raging Bolt|48/100|[from] Flip Turn
|-damage|p1a: Raging Bolt|23/100|[from] Spikes
|
|-heal|p1a: Raging Bolt|82/100|[from] move: Wish|[wisher] Alomomola
|upkeep
|turn|18
|
|t:|1758379378
|move|p2a: Samurott|Sucker Punch|p1a: Raging Bolt
|-damage|p1a: Raging Bolt|32/100
|move|p1a: Raging Bolt|Volt Switch|p2a: Samurott
|-supereffective|p2a: Samurott
|-damage|p2a: Samurott|0 fnt
|faint|p2a: Samurott
|
|t:|1758379383
|-end|p1a: Raging Bolt|Protosynthesis|[silent]
|switch|p1a: Hatterene|Hatterene, F|100/100|[from] Volt Switch
|-damage|p1a: Hatterene|76/100|[from] Spikes
|
|upkeep
|
|t:|1758379389
|switch|p2a: Gallade|Gallade, M|100/100
|turn|19
|
|t:|1758379395
|switch|p2a: Slowking|Slowking-Galar, M|100/100
|move|p1a: Hatterene|Draining Kiss|p2a: Slowking
|-resisted|p2a: Slowking
|-damage|p2a: Slowking|93/100
|-heal|p1a: Hatterene|83/100|[from] drain|[of] p2a: Slowking
|
|upkeep
|turn|20
|
|t:|1758379398
|switch|p1a: Great Tusk|Great Tusk|100/100
|move|p2a: Slowking|Future Sight|p1a: Great Tusk
|-start|p2a: Slowking|move: Future Sight
|
|upkeep
|turn|21
|
|t:|1758379402
|move|p1a: Great Tusk|Rapid Spin|p2a: Slowking
|-damage|p2a: Slowking|76/100
|-boost|p1a: Great Tusk|spe|1
|-sideend|p1: nushinator|Spikes|[from] move: Rapid Spin|[of] p1a: Great Tusk
|move|p2a: Slowking|Ice Beam|p1a: Great Tusk
|-supereffective|p1a: Great Tusk
|-damage|p1a: Great Tusk|20/100
|
|upkeep
|turn|22
|
|t:|1758379408
|move|p1a: Great Tusk|Earthquake|p2a: Slowking
|-supereffective|p2a: Slowking
|-damage|p2a: Slowking|0 fnt
|faint|p2a: Slowking
|
|-end|p1a: Great Tusk|move: Future Sight
|-supereffective|p1a: Great Tusk
|-damage|p1a: Great Tusk|0 fnt
|faint|p1a: Great Tusk
|-end|p1a: Great Tusk|Protosynthesis|[silent]
|upkeep
|
|t:|1758379416
|switch|p1a: Hatterene|Hatterene, F|83/100
|switch|p2a: Ogerpon|Ogerpon-Wellspring, F|100/100
|turn|23
|
|t:|1758379419
|move|p2a: Ogerpon|Swords Dance|p2a: Ogerpon
|-boost|p2a: Ogerpon|atk|2
|move|p1a: Hatterene|Nuzzle|p2a: Ogerpon
|-damage|p2a: Ogerpon|96/100
|-status|p2a: Ogerpon|par
|
|upkeep
|turn|24
|
|t:|1758379423
|move|p2a: Ogerpon|Ivy Cudgel|p1a: Hatterene|[anim] Ivy Cudgel Water
|-crit|p1a: Hatterene
|-damage|p1a: Hatterene|0 fnt
|faint|p1a: Hatterene
|
|upkeep
|
|t:|1758379426
|switch|p1a: Raging Bolt|Raging Bolt|32/100
|turn|25
|
|t:|1758379430
|move|p1a: Raging Bolt|Draco Meteor|p2a: Ogerpon
|-damage|p2a: Ogerpon|0 fnt
|-unboost|p1a: Raging Bolt|spa|2
|faint|p2a: Ogerpon
|
|upkeep
|
|t:|1758379433
|switch|p2a: Gallade|Gallade, M|100/100
|turn|26
|
|t:|1758379439
|move|p2a: Gallade|Sacred Sword|p1a: Raging Bolt
|-damage|p1a: Raging Bolt|0 fnt
|faint|p1a: Raging Bolt
|-end|p1a: Raging Bolt|Protosynthesis|[silent]
|
|upkeep
|
|t:|1758379440
|switch|p1a: Alomomola|Alomomola, M|63/100
|turn|27
|
|t:|1758379445
|move|p2a: Gallade|Sacred Sword|p1a: Alomomola
|-damage|p1a: Alomomola|23/100
|move|p1a: Alomomola|Scald|p2a: Gallade
|-damage|p2a: Gallade|84/100
|
|upkeep
|turn|28
|
|t:|1758379448
|switch|p1a: Corviknight|Corviknight, M, tera:Dragon|18/100 tox
|-ability|p1a: Corviknight|Pressure
|move|p2a: Gallade|Sacred Sword|p1a: Corviknight
|-damage|p1a: Corviknight|0 fnt
|-damage|p2a: Gallade|67/100|[from] item: Rocky Helmet|[of] p1a: Corviknight
|faint|p1a: Corviknight
|
|upkeep
|
|t:|1758379450
|switch|p1a: Alomomola|Alomomola, M|56/100
|turn|29
|
|t:|1758379451
|move|p2a: Gallade|Sacred Sword|p1a: Alomomola
|-damage|p1a: Alomomola|21/100
|move|p1a: Alomomola|Wish|p1a: Alomomola
|
|upkeep
|turn|30
|
|t:|1758379454
|move|p1a: Alomomola|Protect|p1a: Alomomola
|-singleturn|p1a: Alomomola|Protect
|move|p2a: Gallade|Sacred Sword|p1a: Alomomola
|-activate|p1a: Alomomola|move: Protect
|
|-heal|p1a: Alomomola|71/100|[from] move: Wish|[wisher] Alomomola
|upkeep
|turn|31
|
|t:|1758379458
|move|p2a: Gallade|Sacred Sword|p1a: Alomomola
|-damage|p1a: Alomomola|33/100
|move|p1a: Alomomola|Wish|p1a: Alomomola
|
|upkeep
|turn|32
|
|t:|1758379460
|move|p1a: Alomomola|Protect|p1a: Alomomola
|-singleturn|p1a: Alomomola|Protect
|move|p2a: Gallade|Sacred Sword|p1a: Alomomola
|-activate|p1a: Alomomola|move: Protect
|
|-heal|p1a: Alomomola|83/100|[from] move: Wish|[wisher] Alomomola
|upkeep
|turn|33
|
|t:|1758379462
|move|p2a: Gallade|Sacred Sword|p1a: Alomomola
|-damage|p1a: Alomomola|47/100
|move|p1a: Alomomola|Wish|p1a: Alomomola
|
|upkeep
|turn|34
|
|t:|1758379465
|move|p2a: Gallade|Sacred Sword|p1a: Alomomola
|-damage|p1a: Alomomola|11/100
|move|p1a: Alomomola|Scald|p2a: Gallade
|-damage|p2a: Gallade|51/100
|-status|p2a: Gallade|brn
|
|-heal|p1a: Alomomola|61/100|[from] move: Wish|[wisher] Alomomola
|-damage|p2a: Gallade|45/100 brn|[from] brn
|upkeep
|turn|35
|
|t:|1758379468
|move|p2a: Gallade|Sacred Sword|p1a: Alomomola
|-damage|p1a: Alomomola|43/100
|move|p1a: Alomomola|Wish|p1a: Alomomola
|
|-damage|p2a: Gallade|39/100 brn|[from] brn
|upkeep
|turn|36
|
|t:|1758379470
|move|p2a: Gallade|Sacred Sword|p1a: Alomomola
|-damage|p1a: Alomomola|25/100
|move|p1a: Alomomola|Scald|p2a: Gallade
|-damage|p2a: Gallade|25/100 brn
|
|-heal|p1a: Alomomola|75/100|[from] move: Wish|[wisher] Alomomola
|-damage|p2a: Gallade|19/100 brn|[from] brn
|upkeep
|turn|37
|-message|SamiFawad forfeited.
|
|win|nushinator
|raw|nushinator's rating: 1603 &rarr; <strong>1622</strong><br />(+19 for winning)
|raw|SamiFawad's rating: 1583 &rarr; <strong>1564</strong><br />(-19 for losing)
|l|☆SamiFawad
|player|p2|
|l|☆nushinator
|player|p1|
