|j|☆hennyhardaway1
|j|☆Stay sturdy
|t:|1758331719
|gametype|singles
|player|p1|hennyhardaway1|lucian|1365
|player|p2|Stay sturdy|101|1389
|gen|9
|tier|[Gen 9] OU
|rated|
|rule|HP Percentage Mod: HP is shown in percentages
|rule|Endless Battle Clause: Forcing endless battles is banned
|rule|Species Clause: Limit one of each Pokémon
|rule|OHKO Clause: OHKO moves are banned
|rule|Evasion Items Clause: Evasion items are banned
|rule|Evasion Moves Clause: Evasion moves are banned
|rule|Evasion Abilities Clause: Evasion abilities are banned
|rule|Sleep Moves Clause: Sleep-inducing moves are banned
|clearpoke
|poke|p1|Darkrai|
|poke|p1|Vileplume, F|
|poke|p1|Clodsire, F|
|poke|p1|Garganacl, M|
|poke|p1|Corviknight, F|
|poke|p1|Iron Valiant|
|poke|p2|Deoxys-Speed|
|poke|p2|Dragonite, F|
|poke|p2|Kingambit, F|
|poke|p2|Hatterene, F|
|poke|p2|Great Tusk|
|poke|p2|Iron Crown|
|teampreview
|
|t:|1758331734
|teamsize|p1|6
|teamsize|p2|6
|start
|switch|p1a: Corviknight|Corviknight, F|100/100
|switch|p2a: Great Tusk|Great Tusk|100/100
|-ability|p1a: Corviknight|Pressure
|turn|1
|
|t:|1758331745
|move|p2a: Great Tusk|Knock Off|p1a: Corviknight
|-damage|p1a: Corviknight|83/100
|-damage|p2a: Great Tusk|84/100|[from] item: Rocky Helmet|[of] p1a: Corviknight
|-enditem|p1a: Corviknight|Rocky Helmet|[from] move: Knock Off|[of] p2a: Great Tusk
|move|p1a: Corviknight|U-turn|p2a: Great Tusk
|-resisted|p2a: Great Tusk
|-damage|p2a: Great Tusk|80/100
|-damage|p1a: Corviknight|67/100|[from] item: Rocky Helmet|[of] p2a: Great Tusk
|inactive|Battle timer is ON: inactive players will automatically lose when time's up. (requested by Stay sturdy)
|
|t:|1758331750
|switch|p1a: Vileplume|Vileplume, F|100/100|[from] U-turn
|
|upkeep
|turn|2
|
|t:|1758331760
|-end|p2a: Great Tusk|Protosynthesis|[silent]
|switch|p2a: Hatterene|Hatterene, F|100/100
|move|p1a: Vileplume|Giga Drain|p2a: Hatterene
|-damage|p2a: Hatterene|68/100
|-enditem|p2a: Hatterene|Eject Button
|
|t:|1758331765
|switch|p2a: Dragonite|Dragonite, F|100/100
|
|upkeep
|turn|3
|
|t:|1758331767
|move|p2a: Dragonite|Substitute|p2a: Dragonite
|-start|p2a: Dragonite|Substitute
|-damage|p2a: Dragonite|76/100
|move|p1a: Vileplume|Stun Spore|p2a: Dragonite|[miss]
|-miss|p1a: Vileplume|p2a: Dragonite
|
|-heal|p2a: Dragonite|82/100|[from] item: Leftovers
|upkeep
|turn|4
|
|t:|1758331770
|move|p2a: Dragonite|Dragon Dance|p2a: Dragonite
|-boost|p2a: Dragonite|atk|1
|-boost|p2a: Dragonite|spe|1
|move|p1a: Vileplume|Sludge Bomb|p2a: Dragonite
|-end|p2a: Dragonite|Substitute
|
|-heal|p2a: Dragonite|88/100|[from] item: Leftovers
|upkeep
|turn|5
|
|t:|1758331777
|-terastallize|p2a: Dragonite|Flying
|move|p2a: Dragonite|Tera Blast|p1a: Vileplume|[anim] Tera Blast Flying
|-supereffective|p1a: Vileplume
|-damage|p1a: Vileplume|0 fnt
|faint|p1a: Vileplume
|
|-heal|p2a: Dragonite|94/100|[from] item: Leftovers
|upkeep
|
|t:|1758331782
|switch|p1a: Garganacl|Garganacl, M|100/100
|turn|6
|
|t:|1758331806
|switch|p2a: Great Tusk|Great Tusk|80/100
|move|p1a: Garganacl|Salt Cure|p2a: Great Tusk
|-resisted|p2a: Great Tusk
|-damage|p2a: Great Tusk|77/100
|-start|p2a: Great Tusk|Salt Cure
|
|-damage|p2a: Great Tusk|65/100|[from] Salt Cure
|upkeep
|turn|7
|
|t:|1758331816
|-end|p2a: Great Tusk|Protosynthesis|[silent]
|switch|p2a: Hatterene|Hatterene, F|68/100
|switch|p1a: Corviknight|Corviknight, F|67/100
|-ability|p1a: Corviknight|Pressure
|
|upkeep
|turn|8
|
|t:|1758331821
|move|p1a: Corviknight|U-turn|p2a: Hatterene
|-damage|p2a: Hatterene|51/100
|
|t:|1758331823
|switch|p1a: Garganacl|Garganacl, M|100/100|[from] U-turn
|move|p2a: Hatterene|Nuzzle|p1a: Garganacl
|-damage|p1a: Garganacl|97/100
|
|-heal|p1a: Garganacl|100/100|[from] item: Leftovers
|upkeep
|turn|9
|
|t:|1758331827
|move|p1a: Garganacl|Salt Cure|p2a: Hatterene
|-damage|p2a: Hatterene|37/100
|-start|p2a: Hatterene|Salt Cure
|move|p2a: Hatterene|Draining Kiss|p1a: Garganacl
|-damage|p1a: Garganacl|82/100
|-heal|p2a: Hatterene|54/100|[from] drain|[of] p1a: Garganacl
|
|-heal|p1a: Garganacl|89/100|[from] item: Leftovers
|-damage|p2a: Hatterene|42/100|[from] Salt Cure
|upkeep
|turn|10
|
|t:|1758331832
|move|p1a: Garganacl|Iron Defense|p1a: Garganacl
|-boost|p1a: Garganacl|def|2
|move|p2a: Hatterene|Draining Kiss|p1a: Garganacl
|-damage|p1a: Garganacl|68/100
|-heal|p2a: Hatterene|62/100|[from] drain|[of] p1a: Garganacl
|
|-heal|p1a: Garganacl|74/100|[from] item: Leftovers
|-damage|p2a: Hatterene|49/100|[from] Salt Cure
|upkeep
|turn|11
|
|t:|1758331842
|move|p1a: Garganacl|Iron Defense|p1a: Garganacl
|-boost|p1a: Garganacl|def|2
|move|p2a: Hatterene|Healing Wish|p2a: Hatterene
|faint|p2a: Hatterene
|
|-heal|p1a: Garganacl|80/100|[from] item: Leftovers
|upkeep
|
|t:|1758331846
|switch|p2a: Deoxys|Deoxys-Speed|100/100
|-ability|p2a: Deoxys|Pressure
|turn|12
|
|t:|1758331851
|move|p2a: Deoxys|Reflect|p2a: Deoxys
|-sidestart|p2: Stay sturdy|Reflect
|move|p1a: Garganacl|Salt Cure|p2a: Deoxys
|-damage|p2a: Deoxys|91/100
|-start|p2a: Deoxys|Salt Cure
|
|-heal|p1a: Garganacl|86/100|[from] item: Leftovers
|-damage|p2a: Deoxys|79/100|[from] Salt Cure
|upkeep
|turn|13
|
|t:|1758331855
|move|p2a: Deoxys|Taunt|p1a: Garganacl
|-start|p1a: Garganacl|move: Taunt
|cant|p1a: Garganacl|move: Taunt|Iron Defense
|
|-heal|p1a: Garganacl|93/100|[from] item: Leftovers
|-damage|p2a: Deoxys|66/100|[from] Salt Cure
|upkeep
|turn|14
|
|t:|1758331858
|move|p2a: Deoxys|Psycho Boost|p1a: Garganacl
|-damage|p1a: Garganacl|63/100
|-unboost|p2a: Deoxys|spa|2
|move|p1a: Garganacl|Body Press|p2a: Deoxys
|-resisted|p2a: Deoxys
|-damage|p2a: Deoxys|46/100
|
|-heal|p1a: Garganacl|70/100|[from] item: Leftovers
|-damage|p2a: Deoxys|33/100|[from] Salt Cure
|upkeep
|turn|15
|
|t:|1758331866
|switch|p2a: Iron Crown|Iron Crown|100/100
|move|p1a: Garganacl|Body Press|p2a: Iron Crown
|-damage|p2a: Iron Crown|72/100
|
|-heal|p1a: Garganacl|76/100|[from] item: Leftovers
|-end|p1a: Garganacl|move: Taunt
|upkeep
|turn|16
|
|t:|1758331880
|-terastallize|p1a: Garganacl|Ghost
|move|p2a: Iron Crown|Agility|p2a: Iron Crown
|-boost|p2a: Iron Crown|spe|2
|move|p1a: Garganacl|Salt Cure|p2a: Iron Crown
|-resisted|p2a: Iron Crown
|-damage|p2a: Iron Crown|69/100
|-start|p2a: Iron Crown|Salt Cure
|
|-heal|p1a: Garganacl|82/100|[from] item: Leftovers
|-damage|p2a: Iron Crown|44/100|[from] Salt Cure
|upkeep
|turn|17
|
|t:|1758331887
|move|p2a: Iron Crown|Iron Defense|p2a: Iron Crown
|-boost|p2a: Iron Crown|def|2
|move|p1a: Garganacl|Body Press|p2a: Iron Crown
|-damage|p2a: Iron Crown|29/100
|
|-heal|p1a: Garganacl|88/100|[from] item: Leftovers
|-damage|p2a: Iron Crown|5/100|[from] Salt Cure
|upkeep
|turn|18
|
|t:|1758331895
|move|p2a: Iron Crown|Stored Power|p1a: Garganacl
|-crit|p1a: Garganacl
|-damage|p1a: Garganacl|32/100
|move|p1a: Garganacl|Recover|p1a: Garganacl
|-heal|p1a: Garganacl|82/100
|
|-heal|p1a: Garganacl|88/100|[from] item: Leftovers
|-damage|p2a: Iron Crown|0 fnt|[from] Salt Cure
|faint|p2a: Iron Crown
|-end|p2a: Iron Crown|Quark Drive|[silent]
|upkeep
|
|t:|1758331898
|switch|p2a: Kingambit|Kingambit, F|100/100
|-activate|p2a: Kingambit|ability: Supreme Overlord
|-start|p2a: Kingambit|fallen2|[silent]
|turn|19
|
|t:|1758331901
|move|p2a: Kingambit|Swords Dance|p2a: Kingambit
|-boost|p2a: Kingambit|atk|2
|move|p1a: Garganacl|Body Press|p2a: Kingambit
|-supereffective|p2a: Kingambit
|-damage|p2a: Kingambit|0 fnt
|faint|p2a: Kingambit
|-end|p2a: Kingambit|fallen2|[silent]
|
|-heal|p1a: Garganacl|94/100|[from] item: Leftovers
|-sideend|p2: Stay sturdy|Reflect
|upkeep
|l|☆Stay sturdy
|inactive|Stay sturdy disconnected and has a minute to reconnect!
|player|p2|
|inactive|Stay sturdy has 30 seconds to reconnect!
|inactive|Stay sturdy has 20 seconds to reconnect!
|inactive|Stay sturdy has 15 seconds to reconnect!
|inactive|Stay sturdy has 10 seconds to reconnect!
|inactive|Stay sturdy has 5 seconds to reconnect!
|-message|Stay sturdy lost due to inactivity.
|
|win|hennyhardaway1
|raw|hennyhardaway1's rating: 1365 &rarr; <strong>1386</strong><br />(+21 for winning)
|raw|Stay sturdy's rating: 1389 &rarr; <strong>1368</strong><br />(-21 for losing)
