|j|☆LovetoLivetoLie
|j|☆JuiceChill
|t:|1758353999
|gametype|singles
|player|p1|LovetoLivetoLie|1|1100
|player|p2|JuiceChill|nate|1155
|gen|9
|tier|[Gen 9] OU
|rated|
|rule|HP Percentage Mod: HP is shown in percentages
|rule|Endless Battle Clause: Forcing endless battles is banned
|rule|Species Clause: Limit one of each Pokémon
|rule|OHKO Clause: OHKO moves are banned
|rule|Evasion Items Clause: Evasion items are banned
|rule|Evasion Moves Clause: Evasion moves are banned
|rule|Evasion Abilities Clause: Evasion abilities are banned
|rule|Sleep Moves Clause: Sleep-inducing moves are banned
|clearpoke
|poke|p1|Scizor, M|
|poke|p1|Ceruledge, F|
|poke|p1|Dragonite, F|
|poke|p1|Great Tusk|
|poke|p1|Hatterene, F|
|poke|p1|Iron Moth|
|poke|p2|Dragapult, F|
|poke|p2|Great Tusk|
|poke|p2|Iron Valiant|
|poke|p2|Kingambit, F|
|poke|p2|Glimmora, M|
|poke|p2|Rotom-Wash|
|teampreview
|
|t:|1758354021
|teamsize|p1|6
|teamsize|p2|6
|start
|switch|p1a: Great Tusk|Great Tusk|100/100
|switch|p2a: GBL|Rotom-Wash|100/100
|turn|1
|
|t:|1758354034
|move|p1a: Great Tusk|Stealth Rock|p2a: GBL
|-sidestart|p2: JuiceChill|move: Stealth Rock
|move|p2a: GBL|Hydro Pump|p1a: Great Tusk
|-supereffective|p1a: Great Tusk
|-damage|p1a: Great Tusk|0 fnt
|faint|p1a: Great Tusk
|-end|p1a: Great Tusk|Protosynthesis|[silent]
|
|upkeep
|
|t:|1758354048
|switch|p1a: Iron Moth|Iron Moth|100/100
|turn|2
|
|t:|1758354063
|move|p1a: Iron Moth|Fiery Dance|p2a: GBL
|-resisted|p2a: GBL
|-crit|p2a: GBL
|-damage|p2a: GBL|66/100
|-boost|p1a: Iron Moth|spa|1
|move|p2a: GBL|Hydro Pump|p1a: Iron Moth|[miss]
|-miss|p2a: GBL|p1a: Iron Moth
|
|-heal|p2a: GBL|72/100|[from] item: Leftovers
|upkeep
|turn|3
|
|t:|1758354074
|move|p1a: Iron Moth|Sludge Wave|p2a: GBL
|-damage|p2a: GBL|0 fnt
|faint|p2a: GBL
|
|upkeep
|
|t:|1758354081
|switch|p2a: Manny|Great Tusk, shiny|100/100
|-damage|p2a: Manny|98/100|[from] Stealth Rock
|turn|4
|
|t:|1758354093
|move|p1a: Iron Moth|Psychic|p2a: Manny
|-supereffective|p2a: Manny
|-damage|p2a: Manny|0 fnt
|faint|p2a: Manny
|-end|p2a: Manny|Protosynthesis|[silent]
|
|upkeep
|
|t:|1758354108
|switch|p2a: Voila|Glimmora, M|100/100
|-damage|p2a: Voila|88/100|[from] Stealth Rock
|turn|5
|
|t:|1758354115
|move|p1a: Iron Moth|Psychic|p2a: Voila
|-supereffective|p2a: Voila
|-damage|p2a: Voila|0 fnt
|faint|p2a: Voila
|
|upkeep
|c|☆LovetoLivetoLie|gg
|
|t:|1758354131
|switch|p2a: Twink|Iron Valiant|100/100
|-damage|p2a: Twink|94/100|[from] Stealth Rock
|-enditem|p2a: Twink|Booster Energy
|-activate|p2a: Twink|ability: Quark Drive|[fromitem]
|-start|p2a: Twink|quarkdrivespe
|turn|6
|
|t:|1758354142
|move|p2a: Twink|Encore|p1a: Iron Moth
|-start|p1a: Iron Moth|Encore
|move|p1a: Iron Moth|Psychic|p2a: Twink
|-supereffective|p2a: Twink
|-damage|p2a: Twink|0 fnt
|faint|p2a: Twink
|-end|p2a: Twink|Quark Drive|[silent]
|
|upkeep
|
|t:|1758354150
|switch|p2a: Kage|Kingambit, F|100/100
|-damage|p2a: Kage|94/100|[from] Stealth Rock
|-activate|p2a: Kage|ability: Supreme Overlord
|-start|p2a: Kage|fallen4|[silent]
|turn|7
|
|t:|1758354161
|-end|p1a: Iron Moth|Quark Drive|[silent]
|switch|p1a: Hatterene|Hatterene, F|100/100
|move|p2a: Kage|Swords Dance|p2a: Kage
|-boost|p2a: Kage|atk|2
|
|upkeep
|turn|8
|
|t:|1758354171
|move|p2a: Kage|Iron Head|p1a: Hatterene
|-supereffective|p1a: Hatterene
|-damage|p1a: Hatterene|0 fnt
|faint|p1a: Hatterene
|
|upkeep
|
|t:|1758354195
|switch|p1a: Ceruledge|Ceruledge, F|100/100
|turn|9
|
|t:|1758354201
|move|p1a: Ceruledge|Substitute|p1a: Ceruledge
|-start|p1a: Ceruledge|Substitute
|-damage|p1a: Ceruledge|76/100
|move|p2a: Kage|Kowtow Cleave|p1a: Ceruledge
|-supereffective|p1a: Ceruledge
|-end|p1a: Ceruledge|Substitute
|
|-heal|p1a: Ceruledge|82/100|[from] item: Leftovers
|upkeep
|turn|10
|
|t:|1758354216
|move|p1a: Ceruledge|Disable|p2a: Kage
|-start|p2a: Kage|Disable|Kowtow Cleave
|cant|p2a: Kage|Disable|Kowtow Cleave
|
|-heal|p1a: Ceruledge|88/100|[from] item: Leftovers
|upkeep
|turn|11
|
|t:|1758354224
|move|p2a: Kage|Sucker Punch||[still]
|-fail|p2a: Kage
|move|p1a: Ceruledge|Substitute|p1a: Ceruledge
|-start|p1a: Ceruledge|Substitute
|-damage|p1a: Ceruledge|63/100
|
|-heal|p1a: Ceruledge|69/100|[from] item: Leftovers
|upkeep
|turn|12
|c|☆LovetoLivetoLie|hehehhe
|
|t:|1758354234
|move|p1a: Ceruledge|Bitter Blade|p2a: Kage
|-supereffective|p2a: Kage
|-damage|p2a: Kage|28/100
|-heal|p1a: Ceruledge|100/100|[from] drain|[of] p2a: Kage
|move|p2a: Kage|Iron Head|p1a: Ceruledge
|-resisted|p1a: Ceruledge
|-end|p1a: Ceruledge|Substitute
|
|upkeep
|turn|13
|
|t:|1758354248
|move|p1a: Ceruledge|Substitute|p1a: Ceruledge
|-start|p1a: Ceruledge|Substitute
|-damage|p1a: Ceruledge|76/100
|move|p2a: Kage|Iron Head|p1a: Ceruledge
|-resisted|p1a: Ceruledge
|-end|p1a: Ceruledge|Substitute
|
|-heal|p1a: Ceruledge|82/100|[from] item: Leftovers
|-end|p2a: Kage|Disable
|upkeep
|turn|14
|
|t:|1758354265
|move|p1a: Ceruledge|Substitute|p1a: Ceruledge
|-start|p1a: Ceruledge|Substitute
|-damage|p1a: Ceruledge|57/100
|move|p2a: Kage|Iron Head|p1a: Ceruledge
|-resisted|p1a: Ceruledge
|-end|p1a: Ceruledge|Substitute
|
|-heal|p1a: Ceruledge|63/100|[from] item: Leftovers
|upkeep
|turn|15
|
|t:|1758354277
|move|p1a: Ceruledge|Bitter Blade|p2a: Kage
|-supereffective|p2a: Kage
|-damage|p2a: Kage|0 fnt
|-heal|p1a: Ceruledge|79/100|[from] drain|[of] p2a: Kage
|faint|p2a: Kage
|-end|p2a: Kage|fallen4|[silent]
|
|-heal|p1a: Ceruledge|85/100|[from] item: Leftovers
|upkeep
|
|t:|1758354286
|switch|p2a: Cee|Dragapult, F, shiny|100/100
|-damage|p2a: Cee|88/100|[from] Stealth Rock
|turn|16
|
|t:|1758354298
|move|p2a: Cee|Sucker Punch|p1a: Ceruledge
|-supereffective|p1a: Ceruledge
|-damage|p1a: Ceruledge|0 fnt
|faint|p1a: Ceruledge
|
|upkeep
|
|t:|1758354305
|switch|p1a: Scizor|Scizor, M|100/100
|turn|17
|
|t:|1758354318
|-terastallize|p2a: Cee|Ghost
|move|p2a: Cee|Sucker Punch|p1a: Scizor
|-damage|p1a: Scizor|64/100
|move|p1a: Scizor|Knock Off|p2a: Cee
|-supereffective|p2a: Cee
|-damage|p2a: Cee|0 fnt
|-enditem|p2a: Cee|Choice Band|[from] move: Knock Off|[of] p1a: Scizor
|faint|p2a: Cee
|
|win|LovetoLivetoLie
|raw|LovetoLivetoLie's rating: 1100 &rarr; <strong>1129</strong><br />(+29 for winning)
|raw|JuiceChill's rating: 1155 &rarr; <strong>1126</strong><br />(-29 for losing)
