|j|☆MyXoo
|j|☆Dmgigazar123
|t:|1758310825
|gametype|singles
|player|p1|MyXoo|bea|1176
|player|p2|Dmgigazar123|shadowtriad|1244
|gen|9
|tier|[Gen 9] OU
|rated|
|rule|HP Percentage Mod: HP is shown in percentages
|rule|Endless Battle Clause: Forcing endless battles is banned
|rule|Species Clause: Limit one of each Pokémon
|rule|OHKO Clause: OHKO moves are banned
|rule|Evasion Items Clause: Evasion items are banned
|rule|Evasion Moves Clause: Evasion moves are banned
|rule|Evasion Abilities Clause: Evasion abilities are banned
|rule|Sleep Moves Clause: Sleep-inducing moves are banned
|clearpoke
|poke|p1|Samurott-Hisui, F|
|poke|p1|Scizor, M|
|poke|p1|Dragapult, F|
|poke|p1|Kingambit, M|
|poke|p1|Landorus-Therian, M|
|poke|p1|Primarina, F|
|poke|p2|Gliscor, F|
|poke|p2|Dragonite, M|
|poke|p2|Pecharunt|
|poke|p2|Deoxys-Speed|
|poke|p2|Weavile, M|
|poke|p2|Garganacl, F|
|teampreview
|
|t:|1758310830
|teamsize|p1|6
|teamsize|p2|6
|start
|switch|p1a: Samurott|Samurott-Hisui, F|100/100
|switch|p2a: Deoxys|Deoxys-Speed|100/100
|-ability|p2a: Deoxys|Pressure
|turn|1
|
|t:|1758310838
|move|p2a: Deoxys|Stealth Rock|p1a: Samurott
|-sidestart|p1: MyXoo|move: Stealth Rock
|move|p1a: Samurott|Ceaseless Edge|p2a: Deoxys
|-supereffective|p2a: Deoxys
|-enditem|p2a: Deoxys|Focus Sash
|-damage|p2a: Deoxys|1/100
|-sidestart|p2: Dmgigazar123|Spikes
|
|upkeep
|turn|2
|
|t:|1758310846
|move|p2a: Deoxys|Spikes|p1a: Samurott
|-sidestart|p1: MyXoo|Spikes
|move|p1a: Samurott|Ceaseless Edge|p2a: Deoxys
|-supereffective|p2a: Deoxys
|-damage|p2a: Deoxys|0 fnt
|-sidestart|p2: Dmgigazar123|Spikes
|faint|p2a: Deoxys
|
|upkeep
|
|t:|1758310863
|switch|p2a: Dragonite|Dragonite, M|100/100
|turn|3
|
|t:|1758310873
|move|p1a: Samurott|Ceaseless Edge|p2a: Dragonite|[miss]
|-miss|p1a: Samurott|p2a: Dragonite
|move|p2a: Dragonite|Dragon Dance|p2a: Dragonite
|-boost|p2a: Dragonite|atk|1
|-boost|p2a: Dragonite|spe|1
|
|upkeep
|turn|4
|
|t:|1758310879
|move|p2a: Dragonite|Dragon Dance|p2a: Dragonite
|-boost|p2a: Dragonite|atk|1
|-boost|p2a: Dragonite|spe|1
|move|p1a: Samurott|Knock Off|p2a: Dragonite
|-damage|p2a: Dragonite|77/100
|-enditem|p2a: Dragonite|Heavy-Duty Boots|[from] move: Knock Off|[of] p1a: Samurott
|
|upkeep
|turn|5
|
|t:|1758310891
|move|p2a: Dragonite|Dragon Claw|p1a: Samurott
|-enditem|p1a: Samurott|Focus Sash
|-damage|p1a: Samurott|1/100
|move|p1a: Samurott|Ceaseless Edge|p2a: Dragonite
|-damage|p2a: Dragonite|32/100
|-sidestart|p2: Dmgigazar123|Spikes
|
|upkeep
|turn|6
|
|t:|1758310901
|move|p1a: Samurott|Sucker Punch|p2a: Dragonite
|-damage|p2a: Dragonite|0 fnt
|faint|p2a: Dragonite
|
|upkeep
|
|t:|1758310908
|switch|p2a: Weavile|Weavile, M|100/100
|-damage|p2a: Weavile|76/100|[from] Spikes
|-ability|p2a: Weavile|Pressure
|turn|7
|
|t:|1758310913
|move|p2a: Weavile|Ice Shard|p1a: Samurott
|-resisted|p1a: Samurott
|-damage|p1a: Samurott|0 fnt
|faint|p1a: Samurott
|-damage|p2a: Weavile|66/100|[from] item: Life Orb
|
|upkeep
|
|t:|1758310930
|switch|p1a: Kingambit|Kingambit, M|100/100
|-damage|p1a: Kingambit|94/100|[from] Stealth Rock
|-damage|p1a: Kingambit|82/100|[from] Spikes
|-activate|p1a: Kingambit|ability: Supreme Overlord
|-start|p1a: Kingambit|fallen1|[silent]
|turn|8
|
|t:|1758310938
|move|p2a: Weavile|Triple Axel|p1a: Kingambit
|-resisted|p1a: Kingambit
|-damage|p1a: Kingambit|77/100
|-hitcount|p1a: Kingambit|1
|-damage|p2a: Weavile|56/100|[from] item: Life Orb
|move|p1a: Kingambit|Swords Dance|p1a: Kingambit
|-boost|p1a: Kingambit|atk|2
|
|-heal|p1a: Kingambit|83/100|[from] item: Leftovers
|upkeep
|turn|9
|
|t:|1758310952
|move|p2a: Weavile|Knock Off|p1a: Kingambit
|-resisted|p1a: Kingambit
|-damage|p1a: Kingambit|60/100
|-enditem|p1a: Kingambit|Leftovers|[from] move: Knock Off|[of] p2a: Weavile
|-damage|p2a: Weavile|46/100|[from] item: Life Orb
|move|p1a: Kingambit|Kowtow Cleave|p2a: Weavile
|-resisted|p2a: Weavile
|-damage|p2a: Weavile|0 fnt
|faint|p2a: Weavile
|
|upkeep
|
|t:|1758310962
|switch|p2a: Gliscor|Gliscor, F|100/100
|turn|10
|
|t:|1758310973
|-terastallize|p1a: Kingambit|Fairy
|move|p2a: Gliscor|Protect|p2a: Gliscor
|-singleturn|p2a: Gliscor|Protect
|move|p1a: Kingambit|Swords Dance|p1a: Kingambit
|-boost|p1a: Kingambit|atk|2
|
|-status|p2a: Gliscor|tox|[from] item: Toxic Orb
|upkeep
|turn|11
|
|t:|1758310986
|move|p2a: Gliscor|Substitute|p2a: Gliscor
|-start|p2a: Gliscor|Substitute
|-damage|p2a: Gliscor|76/100 tox
|move|p1a: Kingambit|Kowtow Cleave|p2a: Gliscor
|-end|p2a: Gliscor|Substitute
|
|-heal|p2a: Gliscor|88/100 tox|[from] ability: Poison Heal
|upkeep
|turn|12
|
|t:|1758310994
|move|p2a: Gliscor|Toxic|p1a: Kingambit|[miss]
|-miss|p2a: Gliscor|p1a: Kingambit
|move|p1a: Kingambit|Kowtow Cleave|p2a: Gliscor
|-damage|p2a: Gliscor|0 fnt
|faint|p2a: Gliscor
|
|upkeep
|-message|Dmgigazar123 forfeited.
|
|win|MyXoo
|raw|MyXoo's rating: 1176 &rarr; <strong>1206</strong><br />(+30 for winning)
|raw|Dmgigazar123's rating: 1244 &rarr; <strong>1214</strong><br />(-30 for losing)
