|j|☆blaze_ghost7272
|j|☆shshubo
|t:|1758270766
|gametype|singles
|player|p1|blaze_ghost7272|wallace|1231
|player|p2|shshubo|hilbert-wonderlauncher|1287
|gen|9
|tier|[Gen 9] OU
|rated|
|rule|HP Percentage Mod: HP is shown in percentages
|rule|Endless Battle Clause: Forcing endless battles is banned
|rule|Species Clause: Limit one of each Pokémon
|rule|OHKO Clause: OHKO moves are banned
|rule|Evasion Items Clause: Evasion items are banned
|rule|Evasion Moves Clause: Evasion moves are banned
|rule|Evasion Abilities Clause: Evasion abilities are banned
|rule|Sleep Moves Clause: Sleep-inducing moves are banned
|clearpoke
|poke|p1|Necrozma|
|poke|p1|Araquanid, M|
|poke|p1|Blaziken, M|
|poke|p1|Hydreigon, F|
|poke|p1|Staraptor, F|
|poke|p1|Polteageist-Antique|
|poke|p2|Cinderace, M|
|poke|p2|Iron Crown|
|poke|p2|Clefable, M|
|poke|p2|Alomomola, M|
|poke|p2|Dragonite, M|
|poke|p2|Darkrai|
|teampreview
|inactive|Battle timer is ON: inactive players will automatically lose when time's up. (requested by shshubo)
|inactive|blaze_ghost7272 also wants the timer to be on.
|
|t:|1758270776
|teamsize|p1|6
|teamsize|p2|6
|start
|switch|p1a: Polteageist|Polteageist-Antique, shiny|100/100
|switch|p2a: Iron Crown|Iron Crown|100/100
|turn|1
|
|t:|1758270782
|move|p2a: Iron Crown|Psychic|p1a: Polteageist
|-damage|p1a: Polteageist|42/100
|move|p1a: Polteageist|Shell Smash|p1a: Polteageist
|-unboost|p1a: Polteageist|def|1
|-unboost|p1a: Polteageist|spd|1
|-boost|p1a: Polteageist|atk|2
|-boost|p1a: Polteageist|spa|2
|-boost|p1a: Polteageist|spe|2
|
|upkeep
|turn|2
|
|t:|1758270794
|move|p1a: Polteageist|Shadow Ball|p2a: Iron Crown
|-supereffective|p2a: Iron Crown
|-damage|p2a: Iron Crown|0 fnt
|faint|p2a: Iron Crown
|-end|p2a: Iron Crown|Quark Drive|[silent]
|
|upkeep
|
|t:|1758270800
|switch|p2a: Darkrai|Darkrai|100/100
|turn|3
|
|t:|1758270804
|-terastallize|p1a: Polteageist|Fairy
|move|p1a: Polteageist|Tera Blast|p2a: Darkrai|[anim] Tera Blast Fairy
|-supereffective|p2a: Darkrai
|-damage|p2a: Darkrai|0 fnt
|faint|p2a: Darkrai
|
|upkeep
|
|t:|1758270814
|switch|p2a: Dragonite|Dragonite, M|100/100
|turn|4
|
|t:|1758270818
|move|p2a: Dragonite|Extreme Speed|p1a: Polteageist
|-damage|p1a: Polteageist|0 fnt
|faint|p1a: Polteageist
|
|upkeep
|
|t:|1758270824
|switch|p1a: Necrozma|Necrozma|100/100
|turn|5
|
|t:|1758270830
|move|p2a: Dragonite|Dragon Dance|p2a: Dragonite
|-boost|p2a: Dragonite|atk|1
|-boost|p2a: Dragonite|spe|1
|move|p1a: Necrozma|Knock Off|p2a: Dragonite
|-damage|p2a: Dragonite|84/100
|-enditem|p2a: Dragonite|Heavy-Duty Boots|[from] move: Knock Off|[of] p1a: Necrozma
|
|upkeep
|turn|6
|
|t:|1758270838
|move|p2a: Dragonite|Dragon Dance|p2a: Dragonite
|-boost|p2a: Dragonite|atk|1
|-boost|p2a: Dragonite|spe|1
|move|p1a: Necrozma|Photon Geyser|p2a: Dragonite
|-damage|p2a: Dragonite|34/100
|
|upkeep
|turn|7
|
|t:|1758270850
|move|p2a: Dragonite|Earthquake|p1a: Necrozma
|-damage|p1a: Necrozma|34/100
|move|p1a: Necrozma|Photon Geyser|p2a: Dragonite
|-damage|p2a: Dragonite|0 fnt
|faint|p2a: Dragonite
|
|-heal|p1a: Necrozma|40/100|[from] item: Leftovers
|upkeep
|
|t:|1758270858
|switch|p2a: Cinderace|Cinderace, M, shiny|100/100
|turn|8
|
|t:|1758270861
|move|p2a: Cinderace|U-turn|p1a: Necrozma
|-start|p2a: Cinderace|typechange|Bug|[from] ability: Libero
|-supereffective|p1a: Necrozma
|-damage|p1a: Necrozma|0 fnt
|faint|p1a: Necrozma
|
|t:|1758270866
|switch|p2a: Alomomola|Alomomola, M, shiny|100/100|[from] U-turn
|
|upkeep
|
|t:|1758270874
|switch|p1a: Hydreigon|Hydreigon, F|100/100
|turn|9
|
|t:|1758270878
|move|p1a: Hydreigon|Nasty Plot|p1a: Hydreigon
|-boost|p1a: Hydreigon|spa|2
|move|p2a: Alomomola|Flip Turn|p1a: Hydreigon
|-resisted|p1a: Hydreigon
|-damage|p1a: Hydreigon|92/100
|
|t:|1758270880
|switch|p2a: Clefable|Clefable, M, shiny|100/100|[from] Flip Turn
|
|upkeep
|turn|10
|
|t:|1758270889
|move|p1a: Hydreigon|Flamethrower|p2a: Clefable
|-damage|p2a: Clefable|81/100
|move|p2a: Clefable|Moonblast|p1a: Hydreigon
|-supereffective|p1a: Hydreigon
|-damage|p1a: Hydreigon|0 fnt
|faint|p1a: Hydreigon
|
|-heal|p2a: Clefable|87/100|[from] item: Leftovers
|upkeep
|
|t:|1758270896
|switch|p1a: Araquanid|Araquanid, M|100/100
|turn|11
|
|t:|1758270902
|move|p2a: Clefable|Calm Mind|p2a: Clefable
|-boost|p2a: Clefable|spa|1
|-boost|p2a: Clefable|spd|1
|move|p1a: Araquanid|Sticky Web|p2a: Clefable
|-sidestart|p2: shshubo|move: Sticky Web
|
|-heal|p2a: Clefable|93/100|[from] item: Leftovers
|upkeep
|turn|12
|
|t:|1758270909
|move|p2a: Clefable|Calm Mind|p2a: Clefable
|-boost|p2a: Clefable|spa|1
|-boost|p2a: Clefable|spd|1
|move|p1a: Araquanid|Liquidation|p2a: Clefable
|-damage|p2a: Clefable|15/100
|
|-heal|p2a: Clefable|21/100|[from] item: Leftovers
|upkeep
|turn|13
|
|t:|1758270916
|move|p2a: Clefable|Moonblast|p1a: Araquanid
|-damage|p1a: Araquanid|48/100
|-unboost|p1a: Araquanid|spa|1
|move|p1a: Araquanid|Liquidation|p2a: Clefable
|-damage|p2a: Clefable|0 fnt
|faint|p2a: Clefable
|
|upkeep
|
|t:|1758270924
|switch|p2a: Cinderace|Cinderace, M, shiny|100/100
|turn|14
|
|t:|1758270928
|move|p2a: Cinderace|Pyro Ball|p1a: Araquanid
|-damage|p1a: Araquanid|18/100
|move|p1a: Araquanid|Liquidation|p2a: Cinderace
|-supereffective|p2a: Cinderace
|-crit|p2a: Cinderace
|-damage|p2a: Cinderace|0 fnt
|faint|p2a: Cinderace
|
|upkeep
|-message|shshubo forfeited.
|
|win|blaze_ghost7272
|raw|blaze_ghost7272's rating: 1231 &rarr; <strong>1260</strong><br />(+29 for winning)
|raw|shshubo's rating: 1287 &rarr; <strong>1258</strong><br />(-29 for losing)
|l|☆shshubo
|player|p2|
|l|☆blaze_ghost7272
|player|p1|
