|j|☆Pigorilla
|j|☆Kiatmoo9
|t:|1758274807
|gametype|singles
|player|p1|Pigorilla|marlon|1572
|player|p2|Kiatmoo9|101|1537
|gen|9
|tier|[Gen 9] OU
|rated|
|rule|HP Percentage Mod: HP is shown in percentages
|rule|Endless Battle Clause: Forcing endless battles is banned
|rule|Species Clause: Limit one of each Pokémon
|rule|OHKO Clause: OHKO moves are banned
|rule|Evasion Items Clause: Evasion items are banned
|rule|Evasion Moves Clause: Evasion moves are banned
|rule|Evasion Abilities Clause: Evasion abilities are banned
|rule|Sleep Moves Clause: Sleep-inducing moves are banned
|clearpoke
|poke|p1|Primarina, F|
|poke|p1|Kingambit, F|
|poke|p1|Dragapult, F|
|poke|p1|Great Tusk|
|poke|p1|Glimmora, F|
|poke|p1|Enamorus, F|
|poke|p2|Tornadus-Therian, M|
|poke|p2|Zamazenta-*|
|poke|p2|Corviknight, F|
|poke|p2|Gliscor, F|
|poke|p2|Slowking-Galar, F|
|poke|p2|Blissey, F|
|teampreview
|inactive|Battle timer is ON: inactive players will automatically lose when time's up. (requested by Pigorilla)
|
|t:|1758274825
|teamsize|p1|6
|teamsize|p2|6
|start
|switch|p1a: Glimmora|Glimmora, F, shiny|100/100
|switch|p2a: Gliscor|Gliscor, F|100/100
|turn|1
|
|t:|1758274837
|switch|p1a: Great Tusk|Great Tusk|100/100
|-enditem|p1a: Great Tusk|Booster Energy
|-activate|p1a: Great Tusk|ability: Protosynthesis|[fromitem]
|-start|p1a: Great Tusk|protosynthesisspe
|move|p2a: Gliscor|Swords Dance|p2a: Gliscor
|-boost|p2a: Gliscor|atk|2
|
|-status|p2a: Gliscor|tox|[from] item: Toxic Orb
|upkeep
|turn|2
|
|t:|1758274847
|move|p1a: Great Tusk|Ice Spinner|p2a: Gliscor
|-supereffective|p2a: Gliscor
|-damage|p2a: Gliscor|27/100 tox
|move|p2a: Gliscor|Facade|p1a: Great Tusk
|-damage|p1a: Great Tusk|62/100
|
|-heal|p2a: Gliscor|39/100 tox|[from] ability: Poison Heal
|upkeep
|turn|3
|j| wgw2333
|
|t:|1758274854
|move|p2a: Gliscor|Protect|p2a: Gliscor
|-singleturn|p2a: Gliscor|Protect
|move|p1a: Great Tusk|Ice Spinner|p2a: Gliscor
|-activate|p2a: Gliscor|move: Protect
|
|-heal|p2a: Gliscor|52/100 tox|[from] ability: Poison Heal
|upkeep
|turn|4
|
|t:|1758274862
|switch|p2a: Corviknight|Corviknight, F|100/100
|-ability|p2a: Corviknight|Pressure
|move|p1a: Great Tusk|Ice Spinner|p2a: Corviknight
|-damage|p2a: Corviknight|87/100
|-damage|p1a: Great Tusk|46/100|[from] item: Rocky Helmet|[of] p2a: Corviknight
|
|upkeep
|turn|5
|
|t:|1758274873
|-end|p1a: Great Tusk|Protosynthesis|[silent]
|switch|p1a: Glimmora|Glimmora, F, shiny|100/100
|move|p2a: Corviknight|U-turn|p1a: Glimmora
|-resisted|p1a: Glimmora
|-damage|p1a: Glimmora|94/100
|-activate|p1a: Glimmora|ability: Toxic Debris
|-sidestart|p2: Kiatmoo9|move: Toxic Spikes
|-enditem|p1a: Glimmora|Red Card|[of] p2a: Corviknight
|drag|p2a: Gliscor|Gliscor, F|52/100 tox
|
|-heal|p2a: Gliscor|64/100 tox|[from] ability: Poison Heal
|upkeep
|turn|6
|
|t:|1758274881
|switch|p1a: Great Tusk|Great Tusk|46/100
|move|p2a: Gliscor|Protect||[still]
|-fail|p2a: Gliscor
|
|-heal|p2a: Gliscor|77/100 tox|[from] ability: Poison Heal
|upkeep
|turn|7
|
|t:|1758274883
|move|p2a: Gliscor|Protect|p2a: Gliscor
|-singleturn|p2a: Gliscor|Protect
|move|p1a: Great Tusk|Ice Spinner|p2a: Gliscor
|-activate|p2a: Gliscor|move: Protect
|
|-heal|p2a: Gliscor|89/100 tox|[from] ability: Poison Heal
|upkeep
|turn|8
|
|t:|1758274887
|switch|p2a: Corviknight|Corviknight, F|87/100
|-ability|p2a: Corviknight|Pressure
|move|p1a: Great Tusk|Ice Spinner|p2a: Corviknight
|-damage|p2a: Corviknight|73/100
|-damage|p1a: Great Tusk|29/100|[from] item: Rocky Helmet|[of] p2a: Corviknight
|
|upkeep
|turn|9
|
|t:|1758274897
|-end|p1a: Great Tusk|Protosynthesis|[silent]
|switch|p1a: Dragapult|Dragapult, F|100/100
|move|p2a: Corviknight|U-turn|p1a: Dragapult
|-resisted|p1a: Dragapult
|-damage|p1a: Dragapult|90/100
|
|t:|1758274905
|switch|p2a: Gliscor|Gliscor, F|89/100 tox|[from] U-turn
|
|-heal|p2a: Gliscor|100/100 tox|[from] ability: Poison Heal
|upkeep
|turn|10
|
|t:|1758274914
|move|p1a: Dragapult|Draco Meteor|p2a: Gliscor
|-damage|p2a: Gliscor|21/100 tox
|-unboost|p1a: Dragapult|spa|2
|move|p2a: Gliscor|Knock Off|p1a: Dragapult
|-supereffective|p1a: Dragapult
|-damage|p1a: Dragapult|34/100
|-enditem|p1a: Dragapult|Choice Specs|[from] move: Knock Off|[of] p2a: Gliscor
|
|-heal|p2a: Gliscor|33/100 tox|[from] ability: Poison Heal
|upkeep
|turn|11
|
|t:|1758274924
|move|p1a: Dragapult|U-turn|p2a: Gliscor
|-resisted|p2a: Gliscor
|-damage|p2a: Gliscor|25/100 tox
|
|t:|1758274931
|switch|p1a: Primarina|Primarina, F, shiny|100/100|[from] U-turn
|move|p2a: Gliscor|Facade|p1a: Primarina
|-damage|p1a: Primarina|56/100
|
|-heal|p2a: Gliscor|38/100 tox|[from] ability: Poison Heal
|upkeep
|turn|12
|
|t:|1758274937
|move|p2a: Gliscor|Protect|p2a: Gliscor
|-singleturn|p2a: Gliscor|Protect
|move|p1a: Primarina|Whirlpool|p2a: Gliscor
|-activate|p2a: Gliscor|move: Protect
|
|-heal|p2a: Gliscor|50/100 tox|[from] ability: Poison Heal
|upkeep
|turn|13
|
|t:|1758274946
|switch|p2a: Slowking|Slowking-Galar, F|100/100
|-sideend|p2: Kiatmoo9|move: Toxic Spikes|[of] p2a: Slowking
|move|p1a: Primarina|Surf|p2a: Slowking
|-damage|p2a: Slowking|62/100
|
|upkeep
|turn|14
|
|t:|1758274951
|move|p1a: Primarina|Surf|p2a: Slowking
|-damage|p2a: Slowking|22/100
|-prepare|p2a: Slowking|Chilly Reception|[premajor]
|move|p2a: Slowking|Chilly Reception|p2a: Slowking
|-weather|Snowscape
|
|t:|1758274954
|switch|p2a: Gliscor|Gliscor, F|50/100 tox|[from] Chilly Reception
|
|-weather|Snowscape|[upkeep]
|-heal|p2a: Gliscor|63/100 tox|[from] ability: Poison Heal
|upkeep
|turn|15
|
|t:|1758274956
|move|p2a: Gliscor|Protect|p2a: Gliscor
|-singleturn|p2a: Gliscor|Protect
|move|p1a: Primarina|Surf|p2a: Gliscor
|-activate|p2a: Gliscor|move: Protect
|
|-weather|Snowscape|[upkeep]
|-heal|p2a: Gliscor|75/100 tox|[from] ability: Poison Heal
|upkeep
|turn|16
|
|t:|1758274963
|switch|p2a: Blissey|Blissey, F|100/100
|move|p1a: Primarina|Surf|p2a: Blissey
|-damage|p2a: Blissey|86/100
|
|-weather|Snowscape|[upkeep]
|upkeep
|turn|17
|
|t:|1758274969
|move|p1a: Primarina|Whirlpool|p2a: Blissey
|-damage|p2a: Blissey|79/100
|-activate|p2a: Blissey|move: Whirlpool|[of] p1a: Primarina
|move|p2a: Blissey|Seismic Toss|p1a: Primarina
|-damage|p1a: Primarina|24/100
|
|-weather|Snowscape|[upkeep]
|-damage|p2a: Blissey|67/100|[from] move: Whirlpool|[partiallytrapped]
|upkeep
|turn|18
|
|t:|1758274975
|move|p1a: Primarina|Psychic Noise|p2a: Blissey
|-damage|p2a: Blissey|58/100
|-start|p2a: Blissey|move: Heal Block
|move|p2a: Blissey|Seismic Toss|p1a: Primarina
|-damage|p1a: Primarina|0 fnt
|faint|p1a: Primarina
|
|-weather|none
|-end|p2a: Blissey|Whirlpool|[partiallytrapped]|[silent]
|upkeep
|
|t:|1758274998
|switch|p1a: Great Tusk|Great Tusk|29/100
|turn|19
|
|t:|1758275003
|switch|p2a: Corviknight|Corviknight, F|73/100
|-ability|p2a: Corviknight|Pressure
|move|p1a: Great Tusk|Bulk Up|p1a: Great Tusk
|-boost|p1a: Great Tusk|atk|1
|-boost|p1a: Great Tusk|def|1
|
|upkeep
|turn|20
|
|t:|1758275011
|move|p1a: Great Tusk|Bulk Up|p1a: Great Tusk
|-boost|p1a: Great Tusk|atk|1
|-boost|p1a: Great Tusk|def|1
|move|p2a: Corviknight|U-turn|p1a: Great Tusk
|-resisted|p1a: Great Tusk
|-damage|p1a: Great Tusk|27/100
|
|t:|1758275015
|switch|p2a: Tornadus|Tornadus-Therian, M, shiny|100/100|[from] U-turn
|
|upkeep
|turn|21
|
|t:|1758275018
|-end|p1a: Great Tusk|Protosynthesis|[silent]
|switch|p1a: Glimmora|Glimmora, F, shiny|94/100
|move|p2a: Tornadus|Heat Wave|p1a: Glimmora
|-resisted|p1a: Glimmora
|-damage|p1a: Glimmora|83/100
|
|upkeep
|turn|22
|
|t:|1758275025
|switch|p2a: Gliscor|Gliscor, F|75/100 tox
|move|p1a: Glimmora|Stealth Rock|p2a: Gliscor
|-sidestart|p2: Kiatmoo9|move: Stealth Rock
|
|-heal|p2a: Gliscor|88/100 tox|[from] ability: Poison Heal
|upkeep
|turn|23
|
|t:|1758275036
|move|p2a: Gliscor|Knock Off|p1a: Glimmora
|-damage|p1a: Glimmora|71/100
|-activate|p1a: Glimmora|ability: Toxic Debris
|-sidestart|p2: Kiatmoo9|move: Toxic Spikes
|move|p1a: Glimmora|Power Gem|p2a: Gliscor
|-damage|p2a: Gliscor|54/100 tox
|
|-heal|p2a: Gliscor|67/100 tox|[from] ability: Poison Heal
|upkeep
|turn|24
|
|t:|1758275042
|move|p2a: Gliscor|Protect|p2a: Gliscor
|-singleturn|p2a: Gliscor|Protect
|move|p1a: Glimmora|Power Gem|p2a: Gliscor
|-activate|p2a: Gliscor|move: Protect
|
|-heal|p2a: Gliscor|79/100 tox|[from] ability: Poison Heal
|upkeep
|turn|25
|
|t:|1758275049
|move|p2a: Gliscor|Swords Dance|p2a: Gliscor
|-boost|p2a: Gliscor|atk|2
|move|p1a: Glimmora|Power Gem|p2a: Gliscor
|-damage|p2a: Gliscor|48/100 tox
|
|-heal|p2a: Gliscor|60/100 tox|[from] ability: Poison Heal
|upkeep
|turn|26
|
|t:|1758275054
|move|p2a: Gliscor|Facade|p1a: Glimmora
|-resisted|p1a: Glimmora
|-damage|p1a: Glimmora|45/100
|-activate|p1a: Glimmora|ability: Toxic Debris
|-sidestart|p2: Kiatmoo9|move: Toxic Spikes
|move|p1a: Glimmora|Power Gem|p2a: Gliscor
|-damage|p2a: Gliscor|25/100 tox
|
|-heal|p2a: Gliscor|37/100 tox|[from] ability: Poison Heal
|upkeep
|turn|27
|
|t:|1758275061
|move|p2a: Gliscor|Protect|p2a: Gliscor
|-singleturn|p2a: Gliscor|Protect
|move|p1a: Glimmora|Power Gem|p2a: Gliscor
|-activate|p2a: Gliscor|move: Protect
|
|-heal|p2a: Gliscor|50/100 tox|[from] ability: Poison Heal
|upkeep
|turn|28
|
|t:|1758275066
|move|p2a: Gliscor|Facade|p1a: Glimmora
|-resisted|p1a: Glimmora
|-damage|p1a: Glimmora|19/100
|move|p1a: Glimmora|Power Gem|p2a: Gliscor
|-damage|p2a: Gliscor|18/100 tox
|
|-heal|p2a: Gliscor|30/100 tox|[from] ability: Poison Heal
|upkeep
|turn|29
|
|t:|1758275071
|move|p2a: Gliscor|Protect|p2a: Gliscor
|-singleturn|p2a: Gliscor|Protect
|move|p1a: Glimmora|Power Gem|p2a: Gliscor
|-activate|p2a: Gliscor|move: Protect
|
|-heal|p2a: Gliscor|43/100 tox|[from] ability: Poison Heal
|upkeep
|turn|30
|
|t:|1758275076
|move|p2a: Gliscor|Facade|p1a: Glimmora
|-resisted|p1a: Glimmora
|-damage|p1a: Glimmora|0 fnt
|faint|p1a: Glimmora
|
|-heal|p2a: Gliscor|55/100 tox|[from] ability: Poison Heal
|upkeep
|
|t:|1758275086
|switch|p1a: Dragapult|Dragapult, F|34/100
|turn|31
|
|t:|1758275088
|move|p2a: Gliscor|Protect|p2a: Gliscor
|-singleturn|p2a: Gliscor|Protect
|move|p1a: Dragapult|Draco Meteor|p2a: Gliscor
|-activate|p2a: Gliscor|move: Protect
|
|-heal|p2a: Gliscor|68/100 tox|[from] ability: Poison Heal
|upkeep
|turn|32
|
|t:|1758275102
|move|p1a: Dragapult|Draco Meteor|p2a: Gliscor|[miss]
|-miss|p1a: Dragapult|p2a: Gliscor
|move|p2a: Gliscor|Knock Off|p1a: Dragapult
|-supereffective|p1a: Dragapult
|-damage|p1a: Dragapult|0 fnt
|faint|p1a: Dragapult
|
|-heal|p2a: Gliscor|80/100 tox|[from] ability: Poison Heal
|upkeep
|
|t:|1758275116
|switch|p1a: Kingambit|Kingambit, F|100/100
|-activate|p1a: Kingambit|ability: Supreme Overlord
|-start|p1a: Kingambit|fallen3|[silent]
|turn|33
|
|t:|1758275126
|switch|p2a: Zamazenta|Zamazenta|100/100
|-ability|p2a: Zamazenta|Dauntless Shield|boost
|-boost|p2a: Zamazenta|def|1
|move|p1a: Kingambit|Swords Dance|p1a: Kingambit
|-boost|p1a: Kingambit|atk|2
|
|upkeep
|turn|34
|
|t:|1758275144
|-end|p1a: Kingambit|fallen3|[silent]
|switch|p1a: Enamorus|Enamorus, F|100/100
|move|p2a: Zamazenta|Close Combat|p1a: Enamorus
|-resisted|p1a: Enamorus
|-damage|p1a: Enamorus|76/100
|-unboost|p2a: Zamazenta|def|1
|-unboost|p2a: Zamazenta|spd|1
|
|upkeep
|turn|35
|
|t:|1758275149
|move|p1a: Enamorus|Moonblast|p2a: Zamazenta
|-supereffective|p2a: Zamazenta
|-damage|p2a: Zamazenta|0 fnt
|faint|p2a: Zamazenta
|
|upkeep
|
|t:|1758275155
|switch|p2a: Slowking|Slowking-Galar, F|55/100
|-sideend|p2: Kiatmoo9|move: Toxic Spikes|[of] p2a: Slowking
|turn|36
|
|t:|1758275169
|switch|p1a: Great Tusk|Great Tusk|27/100
|-prepare|p2a: Slowking|Chilly Reception|[premajor]
|move|p2a: Slowking|Chilly Reception|p2a: Slowking
|-weather|Snowscape
|
|t:|1758275182
|switch|p2a: Tornadus|Tornadus-Therian, M, shiny|100/100|[from] Chilly Reception
|
|-weather|Snowscape|[upkeep]
|upkeep
|turn|37
|inactive|Pigorilla has 120 seconds left.
|
|t:|1758275218
|-end|p1a: Great Tusk|Protosynthesis|[silent]
|switch|p1a: Kingambit|Kingambit, F|100/100
|-activate|p1a: Kingambit|ability: Supreme Overlord
|-start|p1a: Kingambit|fallen3|[silent]
|move|p2a: Tornadus|Heat Wave|p1a: Kingambit|[miss]
|-miss|p2a: Tornadus|p1a: Kingambit
|
|-weather|Snowscape|[upkeep]
|upkeep
|turn|38
|
|t:|1758275225
|move|p2a: Tornadus|Taunt|p1a: Kingambit
|-start|p1a: Kingambit|move: Taunt
|cant|p1a: Kingambit|move: Taunt|Swords Dance
|
|-weather|Snowscape|[upkeep]
|upkeep
|turn|39
|
|t:|1758275231
|switch|p2a: Corviknight|Corviknight, F|73/100
|-damage|p2a: Corviknight|60/100|[from] Stealth Rock
|-ability|p2a: Corviknight|Pressure
|move|p1a: Kingambit|Kowtow Cleave|p2a: Corviknight
|-damage|p2a: Corviknight|23/100
|-damage|p1a: Kingambit|84/100|[from] item: Rocky Helmet|[of] p2a: Corviknight
|
|-weather|Snowscape|[upkeep]
|-heal|p1a: Kingambit|90/100|[from] item: Leftovers
|upkeep
|turn|40
|
|t:|1758275243
|-terastallize|p1a: Kingambit|Ghost
|move|p2a: Corviknight|Roost|p2a: Corviknight
|-heal|p2a: Corviknight|73/100
|-singleturn|p2a: Corviknight|move: Roost
|move|p1a: Kingambit|Kowtow Cleave|p2a: Corviknight
|-damage|p2a: Corviknight|36/100
|-damage|p1a: Kingambit|74/100|[from] item: Rocky Helmet|[of] p2a: Corviknight
|
|-weather|none
|-heal|p1a: Kingambit|80/100|[from] item: Leftovers
|-end|p1a: Kingambit|move: Taunt
|upkeep
|turn|41
|
|t:|1758275253
|move|p2a: Corviknight|Iron Defense|p2a: Corviknight
|-boost|p2a: Corviknight|def|2
|move|p1a: Kingambit|Swords Dance|p1a: Kingambit
|-boost|p1a: Kingambit|atk|2
|
|-heal|p1a: Kingambit|86/100|[from] item: Leftovers
|upkeep
|turn|42
|
|t:|1758275257
|move|p2a: Corviknight|Roost|p2a: Corviknight
|-heal|p2a: Corviknight|86/100
|-singleturn|p2a: Corviknight|move: Roost
|move|p1a: Kingambit|Kowtow Cleave|p2a: Corviknight
|-damage|p2a: Corviknight|46/100
|-damage|p1a: Kingambit|70/100|[from] item: Rocky Helmet|[of] p2a: Corviknight
|
|-heal|p1a: Kingambit|76/100|[from] item: Leftovers
|upkeep
|turn|43
|
|t:|1758275265
|move|p2a: Corviknight|Iron Defense|p2a: Corviknight
|-boost|p2a: Corviknight|def|2
|move|p1a: Kingambit|Swords Dance|p1a: Kingambit
|-boost|p1a: Kingambit|atk|2
|
|-heal|p1a: Kingambit|82/100|[from] item: Leftovers
|upkeep
|turn|44
|
|t:|1758275272
|move|p2a: Corviknight|Iron Defense|p2a: Corviknight
|-boost|p2a: Corviknight|def|2
|move|p1a: Kingambit|Kowtow Cleave|p2a: Corviknight
|-damage|p2a: Corviknight|19/100
|-damage|p1a: Kingambit|66/100|[from] item: Rocky Helmet|[of] p2a: Corviknight
|
|-heal|p1a: Kingambit|72/100|[from] item: Leftovers
|upkeep
|turn|45
|
|t:|1758275281
|-end|p1a: Kingambit|fallen3|[silent]
|switch|p1a: Enamorus|Enamorus, F|76/100
|move|p2a: Corviknight|Roost|p2a: Corviknight
|-heal|p2a: Corviknight|69/100
|-singleturn|p2a: Corviknight|move: Roost
|
|upkeep
|turn|46
|
|t:|1758275288
|switch|p2a: Slowking|Slowking-Galar, F|88/100
|move|p1a: Enamorus|Moonblast|p2a: Slowking
|-resisted|p2a: Slowking
|-damage|p2a: Slowking|67/100
|
|upkeep
|turn|47
|
|t:|1758275291
|move|p1a: Enamorus|Moonblast|p2a: Slowking
|-resisted|p2a: Slowking
|-damage|p2a: Slowking|45/100
|-prepare|p2a: Slowking|Chilly Reception|[premajor]
|move|p2a: Slowking|Chilly Reception|p2a: Slowking
|-weather|Snowscape
|
|t:|1758275299
|switch|p2a: Blissey|Blissey, F|58/100|[from] Chilly Reception
|
|-weather|Snowscape|[upkeep]
|upkeep
|turn|48
|
|t:|1758275303
|switch|p1a: Kingambit|Kingambit, F, tera:Ghost|72/100
|-activate|p1a: Kingambit|ability: Supreme Overlord
|-start|p1a: Kingambit|fallen3|[silent]
|move|p2a: Blissey|Seismic Toss|p1a: Kingambit
|-immune|p1a: Kingambit
|
|-weather|Snowscape|[upkeep]
|-heal|p1a: Kingambit|78/100|[from] item: Leftovers
|upkeep
|turn|49
|
|t:|1758275314
|switch|p2a: Gliscor|Gliscor, F|80/100 tox
|-damage|p2a: Gliscor|68/100 tox|[from] Stealth Rock
|move|p1a: Kingambit|Swords Dance|p1a: Kingambit
|-boost|p1a: Kingambit|atk|2
|
|-weather|Snowscape|[upkeep]
|-heal|p1a: Kingambit|85/100|[from] item: Leftovers
|-heal|p2a: Gliscor|80/100 tox|[from] ability: Poison Heal
|upkeep
|turn|50
|
|t:|1758275319
|move|p2a: Gliscor|Knock Off|p1a: Kingambit
|-supereffective|p1a: Kingambit
|-damage|p1a: Kingambit|56/100
|-enditem|p1a: Kingambit|Leftovers|[from] move: Knock Off|[of] p2a: Gliscor
|move|p1a: Kingambit|Kowtow Cleave|p2a: Gliscor
|-damage|p2a: Gliscor|0 fnt
|faint|p2a: Gliscor
|
|-weather|Snowscape|[upkeep]
|upkeep
|
|t:|1758275333
|switch|p2a: Corviknight|Corviknight, F|69/100
|-damage|p2a: Corviknight|57/100|[from] Stealth Rock
|-ability|p2a: Corviknight|Pressure
|turn|51
|
|t:|1758275339
|move|p2a: Corviknight|Iron Defense|p2a: Corviknight
|-boost|p2a: Corviknight|def|2
|move|p1a: Kingambit|Kowtow Cleave|p2a: Corviknight
|-damage|p2a: Corviknight|15/100
|-damage|p1a: Kingambit|39/100|[from] item: Rocky Helmet|[of] p2a: Corviknight
|
|-weather|none
|upkeep
|turn|52
|
|t:|1758275345
|-end|p1a: Kingambit|fallen3|[silent]
|switch|p1a: Enamorus|Enamorus, F|76/100
|move|p2a: Corviknight|Roost|p2a: Corviknight
|-heal|p2a: Corviknight|65/100
|-singleturn|p2a: Corviknight|move: Roost
|
|upkeep
|turn|53
|
|t:|1758275358
|move|p1a: Enamorus|Moonblast|p2a: Corviknight
|-resisted|p2a: Corviknight
|-damage|p2a: Corviknight|38/100
|move|p2a: Corviknight|Roost|p2a: Corviknight
|-heal|p2a: Corviknight|88/100
|-singleturn|p2a: Corviknight|move: Roost
|
|upkeep
|turn|54
|
|t:|1758275364
|switch|p2a: Slowking|Slowking-Galar, F|78/100
|move|p1a: Enamorus|Moonblast|p2a: Slowking
|-resisted|p2a: Slowking
|-damage|p2a: Slowking|57/100
|-unboost|p2a: Slowking|spa|1
|
|upkeep
|turn|55
|
|t:|1758275377
|switch|p1a: Great Tusk|Great Tusk|27/100
|move|p2a: Slowking|Future Sight|p1a: Great Tusk
|-start|p2a: Slowking|move: Future Sight
|
|upkeep
|turn|56
|
|t:|1758275387
|switch|p2a: Tornadus|Tornadus-Therian, M, shiny|100/100
|move|p1a: Great Tusk|Ice Spinner|p2a: Tornadus
|-supereffective|p2a: Tornadus
|-damage|p2a: Tornadus|53/100
|
|upkeep
|turn|57
|
|t:|1758275395
|move|p2a: Tornadus|Heat Wave|p1a: Great Tusk
|-damage|p1a: Great Tusk|0 fnt
|faint|p1a: Great Tusk
|-end|p1a: Great Tusk|Protosynthesis|[silent]
|
|-hint|Future Sight did not hit because the target is fainted.
|upkeep
|
|t:|1758275401
|switch|p1a: Enamorus|Enamorus, F|76/100
|turn|58
|
|t:|1758275414
|-terastallize|p2a: Tornadus|Steel
|move|p1a: Enamorus|Healing Wish|p1a: Enamorus
|faint|p1a: Enamorus
|move|p2a: Tornadus|Bleakwind Storm|p1: Enamorus|[notarget]
|-fail|p2a: Tornadus
|
|upkeep
|
|t:|1758275418
|switch|p1a: Kingambit|Kingambit, F, tera:Ghost|39/100
|-heal|p1a: Kingambit|100/100|[from] move: Healing Wish
|-activate|p1a: Kingambit|ability: Supreme Overlord
|-start|p1a: Kingambit|fallen5|[silent]
|turn|59
|
|t:|1758275421
|move|p2a: Tornadus|Taunt|p1a: Kingambit
|-start|p1a: Kingambit|move: Taunt
|cant|p1a: Kingambit|move: Taunt|Swords Dance
|
|upkeep
|turn|60
|
|t:|1758275426
|move|p2a: Tornadus|Bleakwind Storm|p1a: Kingambit
|-damage|p1a: Kingambit|63/100
|move|p1a: Kingambit|Kowtow Cleave|p2a: Tornadus
|-damage|p2a: Tornadus|0 fnt
|faint|p2a: Tornadus
|
|upkeep
|
|t:|1758275434
|switch|p2a: Corviknight|Corviknight, F|88/100
|-damage|p2a: Corviknight|76/100|[from] Stealth Rock
|-ability|p2a: Corviknight|Pressure
|turn|61
|
|t:|1758275438
|move|p2a: Corviknight|Iron Defense|p2a: Corviknight
|-boost|p2a: Corviknight|def|2
|move|p1a: Kingambit|Kowtow Cleave|p2a: Corviknight
|-damage|p2a: Corviknight|52/100
|-damage|p1a: Kingambit|47/100|[from] item: Rocky Helmet|[of] p2a: Corviknight
|
|-end|p1a: Kingambit|move: Taunt
|upkeep
|turn|62
|
|t:|1758275444
|move|p2a: Corviknight|Iron Defense|p2a: Corviknight
|-boost|p2a: Corviknight|def|2
|move|p1a: Kingambit|Swords Dance|p1a: Kingambit
|-boost|p1a: Kingambit|atk|2
|
|upkeep
|turn|63
|
|t:|1758275448
|move|p2a: Corviknight|Iron Defense|p2a: Corviknight
|-boost|p2a: Corviknight|def|2
|move|p1a: Kingambit|Swords Dance|p1a: Kingambit
|-boost|p1a: Kingambit|atk|2
|
|upkeep
|turn|64
|
|t:|1758275456
|move|p2a: Corviknight|Iron Defense|p2a: Corviknight
|-boost|p2a: Corviknight|def|0
|move|p1a: Kingambit|Swords Dance|p1a: Kingambit
|-boost|p1a: Kingambit|atk|2
|
|upkeep
|turn|65
|
|t:|1758275464
|move|p2a: Corviknight|Iron Defense|p2a: Corviknight
|-boost|p2a: Corviknight|def|0
|move|p1a: Kingambit|Iron Head|p2a: Corviknight
|-resisted|p2a: Corviknight
|-crit|p2a: Corviknight
|-damage|p2a: Corviknight|0 fnt
|-damage|p1a: Kingambit|30/100|[from] item: Rocky Helmet|[of] p2a: Corviknight
|faint|p2a: Corviknight
|
|upkeep
|-message|Kiatmoo9 forfeited.
|
|win|Pigorilla
|raw|Pigorilla's rating: 1572 &rarr; <strong>1590</strong><br />(+18 for winning)
|raw|Kiatmoo9's rating: 1537 &rarr; <strong>1519</strong><br />(-18 for losing)
|l|☆Kiatmoo9
|player|p2|
|l|☆Pigorilla
|player|p1|
|l| wgw2333
