|j|☆jarrah1z
|j|☆skidi2689
|t:|1758285763
|gametype|singles
|player|p1|jarrah1z|blue|1319
|player|p2|skidi2689|169|1295
|gen|9
|tier|[Gen 9] OU
|rated|
|rule|HP Percentage Mod: HP is shown in percentages
|rule|Endless Battle Clause: Forcing endless battles is banned
|rule|Species Clause: Limit one of each Pokémon
|rule|OHKO Clause: OHKO moves are banned
|rule|Evasion Items Clause: Evasion items are banned
|rule|Evasion Moves Clause: Evasion moves are banned
|rule|Evasion Abilities Clause: Evasion abilities are banned
|rule|Sleep Moves Clause: Sleep-inducing moves are banned
|clearpoke
|poke|p1|Pincurchin, M|
|poke|p1|Iron Valiant|
|poke|p1|Iron Treads|
|poke|p1|Iron Jugulis|
|poke|p1|Iron Crown|
|poke|p1|Iron Moth|
|poke|p2|Pelipper, M|
|poke|p2|Volcanion|
|poke|p2|Ribombee, F|
|poke|p2|Kyurem|
|poke|p2|Ogerpon-Wellspring, F|
|poke|p2|Gligar, F|
|teampreview
|
|t:|1758285773
|teamsize|p1|6
|teamsize|p2|6
|start
|switch|p1a: Iron Crown|Iron Crown|100/100
|switch|p2a: Kyurem|Kyurem|100/100
|-ability|p2a: Kyurem|Pressure
|turn|1
|
|t:|1758285781
|-terastallize|p2a: Kyurem|Dragon
|move|p1a: Iron Crown|Electric Terrain|p1a: Iron Crown
|-fieldstart|move: Electric Terrain
|-activate|p1a: Iron Crown|ability: Quark Drive
|-start|p1a: Iron Crown|quarkdrivespe
|move|p2a: Kyurem|Dragon Dance|p2a: Kyurem
|-boost|p2a: Kyurem|atk|1
|-boost|p2a: Kyurem|spe|1
|
|upkeep
|turn|2
|
|t:|1758285810
|move|p1a: Iron Crown|Tachyon Cutter|p2a: Kyurem
|-damage|p2a: Kyurem|76/100
|-damage|p2a: Kyurem|53/100
|-hitcount|p2a: Kyurem|2
|move|p2a: Kyurem|Scale Shot|p1a: Iron Crown
|-resisted|p1a: Iron Crown
|-damage|p1a: Iron Crown|86/100
|-resisted|p1a: Iron Crown
|-damage|p1a: Iron Crown|72/100
|-resisted|p1a: Iron Crown
|-damage|p1a: Iron Crown|57/100
|-resisted|p1a: Iron Crown
|-damage|p1a: Iron Crown|43/100
|-resisted|p1a: Iron Crown
|-damage|p1a: Iron Crown|29/100
|-hitcount|p1a: Iron Crown|5
|-unboost|p2a: Kyurem|def|1
|-boost|p2a: Kyurem|spe|1
|
|upkeep
|turn|3
|
|t:|1758285827
|-end|p1a: Iron Crown|Quark Drive|[silent]
|switch|p1a: Iron Valiant|Iron Valiant, shiny|100/100
|-activate|p1a: Iron Valiant|ability: Quark Drive
|-start|p1a: Iron Valiant|quarkdrivespe
|move|p2a: Kyurem|Scale Shot|p1a: Iron Valiant
|-immune|p1a: Iron Valiant
|
|upkeep
|turn|4
|
|t:|1758285836
|move|p2a: Kyurem|Icicle Spear|p1a: Iron Valiant
|-damage|p1a: Iron Valiant|72/100
|-damage|p1a: Iron Valiant|44/100
|-damage|p1a: Iron Valiant|18/100
|-damage|p1a: Iron Valiant|0 fnt
|faint|p1a: Iron Valiant
|-end|p1a: Iron Valiant|Quark Drive|[silent]
|-hitcount|p1: Iron Valiant|4
|
|upkeep
|
|t:|1758285855
|switch|p1a: Iron Treads|Iron Treads, shiny|100/100
|-activate|p1a: Iron Treads|ability: Quark Drive
|-start|p1a: Iron Treads|quarkdrivespe
|turn|5
|inactive|Battle timer is ON: inactive players will automatically lose when time's up. (requested by skidi2689)
|
|t:|1758285882
|move|p2a: Kyurem|Protect|p2a: Kyurem
|-singleturn|p2a: Kyurem|Protect
|move|p1a: Iron Treads|Rapid Spin|p2a: Kyurem
|-activate|p2a: Kyurem|move: Protect
|
|upkeep
|turn|6
|
|t:|1758285906
|move|p2a: Kyurem|Dragon Dance|p2a: Kyurem
|-boost|p2a: Kyurem|atk|1
|-boost|p2a: Kyurem|spe|1
|move|p1a: Iron Treads|Rapid Spin|p2a: Kyurem
|-damage|p2a: Kyurem|31/100
|-boost|p1a: Iron Treads|spe|1
|
|upkeep
|turn|7
|
|t:|1758285921
|move|p1a: Iron Treads|Earthquake|p2a: Kyurem
|-damage|p2a: Kyurem|0 fnt
|faint|p2a: Kyurem
|
|upkeep
|
|t:|1758285928
|switch|p2a: Gligar|Gligar, F|100/100
|turn|8
|
|t:|1758285937
|move|p1a: Iron Treads|Stealth Rock|p2a: Gligar
|-sidestart|p2: skidi2689|move: Stealth Rock
|move|p2a: Gligar|Swords Dance|p2a: Gligar
|-boost|p2a: Gligar|atk|2
|
|-fieldend|move: Electric Terrain
|-end|p1a: Iron Treads|Quark Drive
|upkeep
|turn|9
|
|t:|1758285946
|-end|p1a: Iron Treads|Quark Drive|[silent]
|switch|p1a: Pincurchin|Pincurchin, M, shiny|100/100
|-fieldstart|move: Electric Terrain|[from] ability: Electric Surge|[of] p1a: Pincurchin
|move|p2a: Gligar|Earthquake|p1a: Pincurchin
|-supereffective|p1a: Pincurchin
|-damage|p1a: Pincurchin|0 fnt
|faint|p1a: Pincurchin
|
|upkeep
|inactive|jarrah1z has 120 seconds left.
|inactive|jarrah1z has 90 seconds left.
|
|t:|1758286011
|switch|p1a: Iron Jugulis|Iron Jugulis, shiny|100/100
|-activate|p1a: Iron Jugulis|ability: Quark Drive
|-start|p1a: Iron Jugulis|quarkdrivespe
|turn|10
|
|t:|1758286026
|move|p1a: Iron Jugulis|Meteor Beam||[still]
|-prepare|p1a: Iron Jugulis|Meteor Beam
|-boost|p1a: Iron Jugulis|spa|1
|-enditem|p1a: Iron Jugulis|Power Herb
|-anim|p1a: Iron Jugulis|Meteor Beam|p2a: Gligar
|-damage|p2a: Gligar|43/100
|move|p2a: Gligar|Dual Wingbeat|p1a: Iron Jugulis
|-crit|p1a: Iron Jugulis
|-damage|p1a: Iron Jugulis|45/100
|-damage|p1a: Iron Jugulis|14/100
|-hitcount|p1a: Iron Jugulis|2
|
|upkeep
|turn|11
|
|t:|1758286041
|move|p1a: Iron Jugulis|Dark Pulse|p2a: Gligar
|-damage|p2a: Gligar|0 fnt
|faint|p2a: Gligar
|
|upkeep
|
|t:|1758286055
|switch|p2a: Pelipper|Pelipper, M|100/100
|-damage|p2a: Pelipper|76/100|[from] Stealth Rock
|-weather|RainDance|[from] ability: Drizzle|[of] p2a: Pelipper
|turn|12
|
|t:|1758286066
|move|p1a: Iron Jugulis|Dark Pulse|p2a: Pelipper
|-damage|p2a: Pelipper|0 fnt
|faint|p2a: Pelipper
|
|-weather|RainDance|[upkeep]
|upkeep
|
|t:|1758286072
|switch|p2a: Volcanion|Volcanion|100/100
|-damage|p2a: Volcanion|76/100|[from] Stealth Rock
|turn|13
|
|t:|1758286078
|-terastallize|p1a: Iron Jugulis|Ground
|move|p1a: Iron Jugulis|Earth Power|p2a: Volcanion
|-supereffective|p2a: Volcanion
|-damage|p2a: Volcanion|0 fnt
|faint|p2a: Volcanion
|
|-weather|RainDance|[upkeep]
|upkeep
|
|t:|1758286088
|switch|p2a: Ogerpon|Ogerpon-Wellspring, F|100/100
|-damage|p2a: Ogerpon|88/100|[from] Stealth Rock
|turn|14
|
|t:|1758286107
|move|p1a: Iron Jugulis|Air Slash|p2a: Ogerpon
|-supereffective|p2a: Ogerpon
|-damage|p2a: Ogerpon|0 fnt
|faint|p2a: Ogerpon
|
|-weather|RainDance|[upkeep]
|upkeep
|
|t:|1758286109
|switch|p2a: Ribombee|Ribombee, F|100/100
|-damage|p2a: Ribombee|76/100|[from] Stealth Rock
|turn|15
|
|t:|1758286129
|move|p1a: Iron Jugulis|Air Slash|p2a: Ribombee
|-supereffective|p2a: Ribombee
|-damage|p2a: Ribombee|0 fnt
|faint|p2a: Ribombee
|
|win|jarrah1z
|raw|jarrah1z's rating: 1319 &rarr; <strong>1338</strong><br />(+19 for winning)
|raw|skidi2689's rating: 1295 &rarr; <strong>1272</strong><br />(-23 for losing)
|l|☆skidi2689
|player|p2|
|l|☆jarrah1z
|player|p1|
