|j|☆apotato135
|j|‽Dmgigazar123
|t:|1758329271
|gametype|singles
|player|p1|apotato135|swimmer-gen4dp|1500
|player|p2|Dmgigazar123|shadowtriad|1567
|gen|9
|tier|[Gen 9] OU
|rated|
|rule|HP Percentage Mod: HP is shown in percentages
|rule|Endless Battle Clause: Forcing endless battles is banned
|rule|Species Clause: Limit one of each Pokémon
|rule|OHKO Clause: OHKO moves are banned
|rule|Evasion Items Clause: Evasion items are banned
|rule|Evasion Moves Clause: Evasion moves are banned
|rule|Evasion Abilities Clause: Evasion abilities are banned
|rule|Sleep Moves Clause: Sleep-inducing moves are banned
|clearpoke
|poke|p1|Ninetales-Alola, M|
|poke|p1|Kyurem|
|poke|p1|Cloyster, M|
|poke|p1|Enamorus, F|
|poke|p1|Primeape, F|
|poke|p1|Iron Treads|
|poke|p2|Gliscor, F|
|poke|p2|Weavile, M|
|poke|p2|Pecharunt|
|poke|p2|Dragonite, F|
|poke|p2|Kingambit, F|
|poke|p2|Enamorus, F|
|teampreview
|
|t:|1758329279
|teamsize|p1|6
|teamsize|p2|6
|start
|switch|p1a: Iron Treads|Iron Treads|100/100
|switch|p2a: Enamorus|Enamorus, F|100/100
|-enditem|p1a: Iron Treads|Booster Energy
|-activate|p1a: Iron Treads|ability: Quark Drive|[fromitem]
|-start|p1a: Iron Treads|quarkdrivespe
|turn|1
|inactive|Battle timer is ON: inactive players will automatically lose when time's up. (requested by apotato135)
|
|t:|1758329327
|move|p1a: Iron Treads|Stealth Rock|p2a: Enamorus
|-sidestart|p2: Dmgigazar123|move: Stealth Rock
|move|p2a: Enamorus|Superpower|p1a: Iron Treads
|-supereffective|p1a: Iron Treads
|-damage|p1a: Iron Treads|26/100
|-boost|p2a: Enamorus|atk|1
|-boost|p2a: Enamorus|def|1
|
|upkeep
|turn|2
|
|t:|1758329338
|move|p1a: Iron Treads|Steel Beam|p2a: Enamorus
|-supereffective|p2a: Enamorus
|-damage|p2a: Enamorus|8/100
|-damage|p1a: Iron Treads|0 fnt|[from] steelbeam
|faint|p1a: Iron Treads
|-end|p1a: Iron Treads|Quark Drive|[silent]
|move|p2a: Enamorus|Superpower|p1: Iron Treads|[notarget]
|-fail|p2a: Enamorus
|
|upkeep
|
|t:|1758329344
|switch|p1a: Cloyster|Cloyster, M|100/100
|turn|3
|
|t:|1758329369
|move|p1a: Cloyster|Ice Shard|p2a: Enamorus
|-supereffective|p2a: Enamorus
|-damage|p2a: Enamorus|0 fnt
|faint|p2a: Enamorus
|
|upkeep
|
|t:|1758329376
|switch|p2a: Pecharunt|Pecharunt|100/100
|-damage|p2a: Pecharunt|88/100|[from] Stealth Rock
|turn|4
|
|t:|1758329396
|switch|p1a: Ninetales|Ninetales-Alola, M|100/100
|-weather|Snowscape|[from] ability: Snow Warning|[of] p1a: Ninetales
|move|p2a: Pecharunt|Malignant Chain|p1a: Ninetales
|-supereffective|p1a: Ninetales
|-damage|p1a: Ninetales|19/100
|
|-weather|Snowscape|[upkeep]
|-heal|p2a: Pecharunt|94/100|[from] item: Leftovers
|upkeep
|turn|5
|inactive|Dmgigazar123 has 120 seconds left.
|
|t:|1758329441
|move|p1a: Ninetales|Aurora Veil|p1a: Ninetales
|-sidestart|p1: apotato135|move: Aurora Veil
|move|p2a: Pecharunt|Nasty Plot|p2a: Pecharunt
|-boost|p2a: Pecharunt|spa|2
|
|-weather|Snowscape|[upkeep]
|-heal|p2a: Pecharunt|99/100|[from] item: Leftovers
|upkeep
|turn|6
|
|t:|1758329449
|move|p1a: Ninetales|Encore|p2a: Pecharunt
|-start|p2a: Pecharunt|Encore
|move|p2a: Pecharunt|Nasty Plot|p2a: Pecharunt
|-boost|p2a: Pecharunt|spa|2
|
|-weather|Snowscape|[upkeep]
|-heal|p2a: Pecharunt|100/100|[from] item: Leftovers
|upkeep
|turn|7
|
|t:|1758329457
|switch|p1a: Cloyster|Cloyster, M|100/100
|switch|p2a: Kingambit|Kingambit, F|100/100
|-damage|p2a: Kingambit|94/100|[from] Stealth Rock
|-activate|p2a: Kingambit|ability: Supreme Overlord
|-start|p2a: Kingambit|fallen1|[silent]
|
|-weather|Snowscape|[upkeep]
|-heal|p2a: Kingambit|100/100|[from] item: Leftovers
|upkeep
|turn|8
|
|t:|1758329460
|switch|p1a: Primeape|Primeape, F|100/100
|move|p2a: Kingambit|Swords Dance|p2a: Kingambit
|-boost|p2a: Kingambit|atk|2
|
|-weather|none
|upkeep
|turn|9
|
|t:|1758329465
|-end|p2a: Kingambit|fallen1|[silent]
|switch|p2a: Pecharunt|Pecharunt|100/100
|-damage|p2a: Pecharunt|88/100|[from] Stealth Rock
|move|p1a: Primeape|Taunt|p2a: Pecharunt
|-start|p2a: Pecharunt|move: Taunt
|
|-heal|p2a: Pecharunt|94/100|[from] item: Leftovers
|upkeep
|turn|10
|
|t:|1758329481
|move|p1a: Primeape|Bulk Up|p1a: Primeape
|-boost|p1a: Primeape|atk|1
|-boost|p1a: Primeape|def|1
|move|p2a: Pecharunt|Malignant Chain|p1a: Primeape
|-damage|p1a: Primeape|86/100
|-status|p1a: Primeape|tox
|-start|p1a: Primeape|confusion|[from] ability: Poison Puppeteer|[of] p2a: Pecharunt
|
|-heal|p2a: Pecharunt|99/100|[from] item: Leftovers
|-damage|p1a: Primeape|80/100 tox|[from] psn
|upkeep
|turn|11
|
|t:|1758329491
|-activate|p1a: Primeape|confusion
|move|p1a: Primeape|Bulk Up|p1a: Primeape
|-boost|p1a: Primeape|atk|1
|-boost|p1a: Primeape|def|1
|move|p2a: Pecharunt|Shadow Ball|p1a: Primeape
|-damage|p1a: Primeape|70/100 tox
|
|-heal|p2a: Pecharunt|100/100|[from] item: Leftovers
|-damage|p1a: Primeape|58/100 tox|[from] psn
|-end|p2a: Pecharunt|move: Taunt
|upkeep
|turn|12
|
|t:|1758329498
|-end|p1a: Primeape|confusion
|move|p1a: Primeape|Rage Fist|p2a: Pecharunt
|-supereffective|p2a: Pecharunt
|-damage|p2a: Pecharunt|13/100
|move|p2a: Pecharunt|Shadow Ball|p1a: Primeape
|-damage|p1a: Primeape|47/100 tox
|
|-heal|p2a: Pecharunt|19/100|[from] item: Leftovers
|-damage|p1a: Primeape|29/100 tox|[from] psn
|-sideend|p1: apotato135|move: Aurora Veil
|upkeep
|turn|13
|inactive|Dmgigazar123 has 120 seconds left.
|inactive|Dmgigazar123 has 90 seconds left.
|
|t:|1758329577
|move|p1a: Primeape|Drain Punch|p2a: Pecharunt
|-immune|p2a: Pecharunt
|move|p2a: Pecharunt|Recover|p2a: Pecharunt
|-heal|p2a: Pecharunt|69/100
|
|-heal|p2a: Pecharunt|75/100|[from] item: Leftovers
|-damage|p1a: Primeape|5/100 tox|[from] psn
|upkeep
|turn|14
|
|t:|1758329585
|switch|p1a: Ninetales|Ninetales-Alola, M|19/100
|-weather|Snowscape|[from] ability: Snow Warning|[of] p1a: Ninetales
|move|p2a: Pecharunt|Recover|p2a: Pecharunt
|-heal|p2a: Pecharunt|100/100
|
|-weather|Snowscape|[upkeep]
|upkeep
|turn|15
|
|t:|1758329593
|switch|p2a: Weavile|Weavile, M|100/100
|-damage|p2a: Weavile|76/100|[from] Stealth Rock
|-ability|p2a: Weavile|Pressure
|move|p1a: Ninetales|Encore||[still]
|-fail|p1a: Ninetales
|
|-weather|Snowscape|[upkeep]
|upkeep
|turn|16
|
|t:|1758329602
|switch|p1a: Cloyster|Cloyster, M|100/100
|move|p2a: Weavile|Knock Off|p1a: Cloyster
|-damage|p1a: Cloyster|68/100
|-enditem|p1a: Cloyster|Never-Melt Ice|[from] move: Knock Off|[of] p2a: Weavile
|-damage|p2a: Weavile|66/100|[from] item: Life Orb
|
|-weather|Snowscape|[upkeep]
|upkeep
|turn|17
|inactive|Dmgigazar123 has 90 seconds left.
|
|t:|1758329642
|move|p2a: Weavile|Swords Dance|p2a: Weavile
|-boost|p2a: Weavile|atk|2
|move|p1a: Cloyster|Rock Blast|p2a: Weavile|[miss]
|-miss|p1a: Cloyster|p2a: Weavile
|
|-weather|Snowscape|[upkeep]
|upkeep
|turn|18
|
|t:|1758329648
|move|p2a: Weavile|Knock Off|p1a: Cloyster
|-crit|p1a: Cloyster
|-damage|p1a: Cloyster|4/100
|-damage|p2a: Weavile|56/100|[from] item: Life Orb
|move|p1a: Cloyster|Rock Blast|p2a: Weavile
|-supereffective|p2a: Weavile
|-damage|p2a: Weavile|39/100
|-supereffective|p2a: Weavile
|-damage|p2a: Weavile|20/100
|-supereffective|p2a: Weavile
|-damage|p2a: Weavile|3/100
|-supereffective|p2a: Weavile
|-damage|p2a: Weavile|0 fnt
|faint|p2a: Weavile
|-hitcount|p2: Weavile|4
|
|-weather|none
|upkeep
|inactive|Dmgigazar123 has 60 seconds left.
|j| Cassimir Bazan
|l| Cassimir Bazan
|inactive|Dmgigazar123 has 30 seconds left.
|
|t:|1758329701
|switch|p2a: Dragonite|Dragonite, F|100/100
|turn|19
|
|t:|1758329706
|switch|p1a: Ninetales|Ninetales-Alola, M|19/100
|-weather|Snowscape|[from] ability: Snow Warning|[of] p1a: Ninetales
|move|p2a: Dragonite|Extreme Speed|p1a: Ninetales
|-damage|p1a: Ninetales|0 fnt
|faint|p1a: Ninetales
|
|-weather|Snowscape|[upkeep]
|upkeep
|
|t:|1758329712
|switch|p1a: Enamorus|Enamorus, F|100/100
|turn|20
|
|t:|1758329719
|move|p1a: Enamorus|Moonblast|p2a: Dragonite
|-supereffective|p2a: Dragonite
|-damage|p2a: Dragonite|36/100
|move|p2a: Dragonite|Dragon Dance|p2a: Dragonite
|-boost|p2a: Dragonite|atk|1
|-boost|p2a: Dragonite|spe|1
|
|-weather|Snowscape|[upkeep]
|upkeep
|turn|21
|
|t:|1758329722
|move|p1a: Enamorus|Moonblast|p2a: Dragonite
|-supereffective|p2a: Dragonite
|-damage|p2a: Dragonite|0 fnt
|faint|p2a: Dragonite
|
|-weather|Snowscape|[upkeep]
|upkeep
|inactive|Dmgigazar123 has 60 seconds left.
|
|t:|1758329727
|switch|p2a: Pecharunt|Pecharunt|100/100
|-damage|p2a: Pecharunt|88/100|[from] Stealth Rock
|turn|22
|
|t:|1758329733
|switch|p1a: Cloyster|Cloyster, M|4/100
|move|p2a: Pecharunt|Malignant Chain|p1a: Cloyster
|-damage|p1a: Cloyster|0 fnt
|faint|p1a: Cloyster
|
|-weather|Snowscape|[upkeep]
|-heal|p2a: Pecharunt|94/100|[from] item: Leftovers
|upkeep
|
|t:|1758329735
|switch|p1a: Enamorus|Enamorus, F|100/100
|turn|23
|inactive|Dmgigazar123 has 60 seconds left.
|
|t:|1758329773
|move|p1a: Enamorus|Healing Wish|p1a: Enamorus
|faint|p1a: Enamorus
|move|p2a: Pecharunt|Malignant Chain|p1: Enamorus|[notarget]
|-fail|p2a: Pecharunt
|
|-weather|none
|-heal|p2a: Pecharunt|99/100|[from] item: Leftovers
|upkeep
|
|t:|1758329777
|switch|p1a: Primeape|Primeape, F|5/100 tox
|-heal|p1a: Primeape|100/100|[from] move: Healing Wish
|turn|24
|
|t:|1758329786
|move|p1a: Primeape|Bulk Up|p1a: Primeape
|-boost|p1a: Primeape|atk|1
|-boost|p1a: Primeape|def|1
|move|p2a: Pecharunt|Malignant Chain|p1a: Primeape
|-damage|p1a: Primeape|75/100
|
|-heal|p2a: Pecharunt|100/100|[from] item: Leftovers
|upkeep
|turn|25
|
|t:|1758329793
|move|p1a: Primeape|Bulk Up|p1a: Primeape
|-boost|p1a: Primeape|atk|1
|-boost|p1a: Primeape|def|1
|move|p2a: Pecharunt|Malignant Chain|p1a: Primeape
|-damage|p1a: Primeape|49/100
|
|upkeep
|turn|26
|
|t:|1758329798
|move|p1a: Primeape|Rage Fist|p2a: Pecharunt
|-supereffective|p2a: Pecharunt
|-damage|p2a: Pecharunt|0 fnt
|faint|p2a: Pecharunt
|
|upkeep
|j| Cassimir Bazan
|l| Cassimir Bazan
|
|t:|1758329804
|switch|p2a: Gliscor|Gliscor, F|100/100
|-damage|p2a: Gliscor|88/100|[from] Stealth Rock
|turn|27
|
|t:|1758329806
|move|p2a: Gliscor|Toxic|p1a: Primeape
|-status|p1a: Primeape|tox
|move|p1a: Primeape|Taunt|p2a: Gliscor
|-start|p2a: Gliscor|move: Taunt
|
|-damage|p1a: Primeape|43/100 tox|[from] psn
|-status|p2a: Gliscor|tox|[from] item: Toxic Orb
|upkeep
|turn|28
|
|t:|1758329815
|switch|p2a: Kingambit|Kingambit, F|100/100
|-damage|p2a: Kingambit|94/100|[from] Stealth Rock
|-activate|p2a: Kingambit|ability: Supreme Overlord
|-start|p2a: Kingambit|fallen4|[silent]
|move|p1a: Primeape|Rage Fist|p2a: Kingambit
|-resisted|p2a: Kingambit
|-damage|p2a: Kingambit|43/100
|
|-heal|p2a: Kingambit|49/100|[from] item: Leftovers
|-damage|p1a: Primeape|31/100 tox|[from] psn
|upkeep
|turn|29
|
|t:|1758329823
|move|p2a: Kingambit|Sucker Punch|p1a: Primeape
|-resisted|p1a: Primeape
|-damage|p1a: Primeape|15/100 tox
|move|p1a: Primeape|Drain Punch|p2a: Kingambit
|-supereffective|p2a: Kingambit
|-damage|p2a: Kingambit|0 fnt
|-heal|p1a: Primeape|44/100 tox|[from] drain|[of] p2a: Kingambit
|faint|p2a: Kingambit
|-end|p2a: Kingambit|fallen4|[silent]
|
|-damage|p1a: Primeape|26/100 tox|[from] psn
|upkeep
|
|t:|1758329828
|switch|p2a: Gliscor|Gliscor, F|88/100 tox
|-damage|p2a: Gliscor|76/100 tox|[from] Stealth Rock
|turn|30
|
|t:|1758329832
|move|p2a: Gliscor|Protect|p2a: Gliscor
|-singleturn|p2a: Gliscor|Protect
|move|p1a: Primeape|Rage Fist|p2a: Gliscor
|-activate|p2a: Gliscor|move: Protect
|
|-heal|p2a: Gliscor|88/100 tox|[from] ability: Poison Heal
|-damage|p1a: Primeape|2/100 tox|[from] psn
|upkeep
|turn|31
|
|t:|1758329843
|move|p2a: Gliscor|Substitute|p2a: Gliscor
|-start|p2a: Gliscor|Substitute
|-damage|p2a: Gliscor|63/100 tox
|move|p1a: Primeape|Rage Fist|p2a: Gliscor
|-end|p2a: Gliscor|Substitute
|
|-heal|p2a: Gliscor|76/100 tox|[from] ability: Poison Heal
|-damage|p1a: Primeape|0 fnt|[from] psn
|faint|p1a: Primeape
|upkeep
|
|t:|1758329846
|switch|p1a: Kyurem|Kyurem|100/100
|-ability|p1a: Kyurem|Pressure
|turn|32
|inactive|Dmgigazar123 has 120 seconds left.
|
|t:|1758329855
|move|p2a: Gliscor|Protect|p2a: Gliscor
|-singleturn|p2a: Gliscor|Protect
|move|p1a: Kyurem|Icicle Spear|p2a: Gliscor
|-activate|p2a: Gliscor|move: Protect
|
|-heal|p2a: Gliscor|88/100 tox|[from] ability: Poison Heal
|upkeep
|turn|33
|
|t:|1758329864
|-terastallize|p2a: Gliscor|Water
|move|p1a: Kyurem|Dragon Dance|p1a: Kyurem
|-boost|p1a: Kyurem|atk|1
|-boost|p1a: Kyurem|spe|1
|move|p2a: Gliscor|Toxic|p1a: Kyurem
|-status|p1a: Kyurem|tox
|
|-damage|p1a: Kyurem|94/100 tox|[from] psn
|-heal|p2a: Gliscor|100/100 tox|[from] ability: Poison Heal
|upkeep
|turn|34
|
|t:|1758329870
|-terastallize|p1a: Kyurem|Electric
|move|p1a: Kyurem|Tera Blast|p2a: Gliscor|[anim] Tera Blast Electric
|-supereffective|p2a: Gliscor
|-crit|p2a: Gliscor
|-damage|p2a: Gliscor|0 fnt
|faint|p2a: Gliscor
|
|win|apotato135
|raw|apotato135's rating: 1500 &rarr; <strong>1523</strong><br />(+23 for winning)
|raw|Dmgigazar123's rating: 1551 &rarr; <strong>1528</strong><br />(-23 for losing)
|l|‽Dmgigazar123
|player|p2|
|l|☆apotato135
|player|p1|
