|j|☆patee aux croutes
|j|☆lilylotuse
|t:|1758304712
|gametype|singles
|player|p1|patee aux croutes|169|1108
|player|p2|lilylotuse|cynthia-gen4|1069
|gen|9
|tier|[Gen 9] OU
|rated|
|rule|HP Percentage Mod: HP is shown in percentages
|rule|Endless Battle Clause: Forcing endless battles is banned
|rule|Species Clause: Limit one of each Pokémon
|rule|OHKO Clause: OHKO moves are banned
|rule|Evasion Items Clause: Evasion items are banned
|rule|Evasion Moves Clause: Evasion moves are banned
|rule|Evasion Abilities Clause: Evasion abilities are banned
|rule|Sleep Moves Clause: Sleep-inducing moves are banned
|clearpoke
|poke|p1|Torterra, M|
|poke|p1|Blaziken, F|
|poke|p1|Garganacl, M|
|poke|p1|Polteageist-Antique|
|poke|p1|Cloyster, M|
|poke|p1|Excadrill, F|
|poke|p2|Araquanid, F|
|poke|p2|Chimecho, M|
|poke|p2|Bisharp, F|
|poke|p2|Garganacl, M|
|poke|p2|Samurott-Hisui, F|
|poke|p2|Yanmega, F|
|teampreview
|
|t:|1758304722
|teamsize|p1|6
|teamsize|p2|6
|start
|switch|p1a: Cloyster|Cloyster, M|100/100
|switch|p2a: Samurott|Samurott-Hisui, F|100/100
|turn|1
|inactive|Battle timer is ON: inactive players will automatically lose when time's up. (requested by patee aux croutes)
|
|t:|1758304735
|switch|p1a: Garganacl|Garganacl, M|100/100
|move|p2a: Samurott|Ceaseless Edge|p1a: Garganacl
|-damage|p1a: Garganacl|80/100
|-sidestart|p1: patee aux croutes|Spikes
|
|-heal|p1a: Garganacl|86/100|[from] item: Leftovers
|upkeep
|turn|2
|
|t:|1758304750
|move|p2a: Samurott|Sacred Sword|p1a: Garganacl
|-supereffective|p1a: Garganacl
|-damage|p1a: Garganacl|48/100
|move|p1a: Garganacl|Salt Cure|p2a: Samurott
|-damage|p2a: Samurott|83/100
|-start|p2a: Samurott|Salt Cure
|
|-heal|p1a: Garganacl|54/100|[from] item: Leftovers
|-damage|p2a: Samurott|58/100|[from] Salt Cure
|upkeep
|turn|3
|
|t:|1758304772
|move|p1a: Garganacl|Protect|p1a: Garganacl
|-singleturn|p1a: Garganacl|Protect
|move|p2a: Samurott|Ceaseless Edge|p1a: Garganacl
|-activate|p1a: Garganacl|move: Protect
|
|-heal|p1a: Garganacl|60/100|[from] item: Leftovers
|-damage|p2a: Samurott|34/100|[from] Salt Cure
|upkeep
|turn|4
|
|t:|1758304780
|move|p2a: Samurott|Ceaseless Edge|p1a: Garganacl
|-damage|p1a: Garganacl|41/100
|-sidestart|p1: patee aux croutes|Spikes
|move|p1a: Garganacl|Recover|p1a: Garganacl
|-heal|p1a: Garganacl|91/100
|
|-heal|p1a: Garganacl|97/100|[from] item: Leftovers
|-damage|p2a: Samurott|9/100|[from] Salt Cure
|upkeep
|turn|5
|
|t:|1758304794
|switch|p2a: Garganacl|Garganacl, M|100/100
|move|p1a: Garganacl|Curse|p1a: Garganacl
|-unboost|p1a: Garganacl|spe|1
|-boost|p1a: Garganacl|atk|1
|-boost|p1a: Garganacl|def|1
|
|-heal|p1a: Garganacl|100/100|[from] item: Leftovers
|upkeep
|turn|6
|
|t:|1758304805
|move|p2a: Garganacl|Salt Cure|p1a: Garganacl
|-damage|p1a: Garganacl|95/100
|-start|p1a: Garganacl|Salt Cure
|move|p1a: Garganacl|Salt Cure|p2a: Garganacl
|-damage|p2a: Garganacl|84/100
|-start|p2a: Garganacl|Salt Cure
|
|-heal|p1a: Garganacl|100/100|[from] item: Leftovers
|-damage|p2a: Garganacl|72/100|[from] Salt Cure
|-damage|p1a: Garganacl|88/100|[from] Salt Cure
|upkeep
|turn|7
|inactive|lilylotuse has 120 seconds left.
|
|t:|1758304835
|switch|p2a: Samurott|Samurott-Hisui, F|9/100
|move|p1a: Garganacl|Salt Cure|p2a: Samurott
|-damage|p2a: Samurott|0 fnt
|faint|p2a: Samurott
|
|-heal|p1a: Garganacl|94/100|[from] item: Leftovers
|-damage|p1a: Garganacl|82/100|[from] Salt Cure
|upkeep
|inactive|lilylotuse has 120 seconds left.
|
|t:|1758304853
|switch|p2a: Yanmega|Yanmega, F|100/100
|turn|8
|
|t:|1758304857
|move|p2a: Yanmega|Psychic Noise|p1a: Garganacl
|-damage|p1a: Garganacl|61/100
|-start|p1a: Garganacl|move: Heal Block
|-enditem|p2a: Yanmega|Throat Spray
|-boost|p2a: Yanmega|spa|1|[from] item: Throat Spray
|move|p1a: Garganacl|Salt Cure|p2a: Yanmega
|-supereffective|p2a: Yanmega
|-damage|p2a: Yanmega|25/100
|-start|p2a: Yanmega|Salt Cure
|
|-damage|p2a: Yanmega|13/100|[from] Salt Cure
|-damage|p1a: Garganacl|49/100|[from] Salt Cure
|-ability|p2a: Yanmega|Speed Boost|boost
|-boost|p2a: Yanmega|spe|1
|upkeep
|turn|9
|inactive|lilylotuse has 120 seconds left.
|
|t:|1758304870
|move|p1a: Garganacl|Protect|p1a: Garganacl
|-singleturn|p1a: Garganacl|Protect
|move|p2a: Yanmega|Giga Drain|p1a: Garganacl
|-activate|p1a: Garganacl|move: Protect
|
|-damage|p2a: Yanmega|1/100|[from] Salt Cure
|-damage|p1a: Garganacl|37/100|[from] Salt Cure
|-end|p1a: Garganacl|move: Heal Block
|-ability|p2a: Yanmega|Speed Boost|boost
|-boost|p2a: Yanmega|spe|1
|upkeep
|turn|10
|
|t:|1758304898
|move|p1a: Garganacl|Protect||[still]
|-fail|p1a: Garganacl
|move|p2a: Yanmega|Giga Drain|p1a: Garganacl
|-supereffective|p1a: Garganacl
|-damage|p1a: Garganacl|0 fnt
|-heal|p2a: Yanmega|23/100|[from] drain|[of] p1a: Garganacl
|faint|p1a: Garganacl
|
|-damage|p2a: Yanmega|11/100|[from] Salt Cure
|-ability|p2a: Yanmega|Speed Boost|boost
|-boost|p2a: Yanmega|spe|1
|upkeep
|
|t:|1758304903
|switch|p1a: Excadrill|Excadrill, F|100/100
|-item|p1a: Excadrill|Air Balloon
|turn|11
|
|t:|1758304915
|move|p2a: Yanmega|Giga Drain|p1a: Excadrill
|-damage|p1a: Excadrill|58/100
|-heal|p2a: Yanmega|35/100|[from] drain|[of] p1a: Excadrill
|-enditem|p1a: Excadrill|Air Balloon
|move|p1a: Excadrill|Rapid Spin|p2a: Yanmega
|-damage|p2a: Yanmega|15/100
|-boost|p1a: Excadrill|spe|1
|-sideend|p1: patee aux croutes|Spikes|[from] move: Rapid Spin|[of] p1a: Excadrill
|
|-damage|p2a: Yanmega|3/100|[from] Salt Cure
|-ability|p2a: Yanmega|Speed Boost|boost
|-boost|p2a: Yanmega|spe|1
|upkeep
|turn|12
|inactive|lilylotuse has 120 seconds left.
|
|t:|1758304953
|move|p2a: Yanmega|Giga Drain|p1a: Excadrill
|-damage|p1a: Excadrill|19/100
|-heal|p2a: Yanmega|25/100|[from] drain|[of] p1a: Excadrill
|move|p1a: Excadrill|Iron Head|p2a: Yanmega
|-damage|p2a: Yanmega|0 fnt
|faint|p2a: Yanmega
|
|upkeep
|
|t:|1758304961
|switch|p2a: Garganacl|Garganacl, M|72/100
|turn|13
|
|t:|1758304965
|move|p1a: Excadrill|Stealth Rock|p2a: Garganacl
|-sidestart|p2: lilylotuse|move: Stealth Rock
|move|p2a: Garganacl|Salt Cure|p1a: Excadrill
|-resisted|p1a: Excadrill
|-damage|p1a: Excadrill|13/100
|-start|p1a: Excadrill|Salt Cure
|
|-damage|p1a: Excadrill|0 fnt|[from] Salt Cure
|faint|p1a: Excadrill
|upkeep
|
|t:|1758304972
|switch|p1a: Blaziken|Blaziken, F|100/100
|-item|p1a: Blaziken|Air Balloon
|turn|14
|inactive|lilylotuse has 120 seconds left.
|
|t:|1758304987
|move|p1a: Blaziken|Knock Off|p2a: Garganacl
|-damage|p2a: Garganacl|46/100
|-enditem|p2a: Garganacl|Weakness Policy|[from] move: Knock Off|[of] p1a: Blaziken
|move|p2a: Garganacl|Salt Cure|p1a: Blaziken
|-damage|p1a: Blaziken|72/100
|-start|p1a: Blaziken|Salt Cure
|-enditem|p1a: Blaziken|Air Balloon
|
|-damage|p1a: Blaziken|60/100|[from] Salt Cure
|-ability|p1a: Blaziken|Speed Boost|boost
|-boost|p1a: Blaziken|spe|1
|upkeep
|turn|15
|inactive|lilylotuse has 120 seconds left.
|inactive|lilylotuse has 90 seconds left.
|
|t:|1758305027
|move|p1a: Blaziken|Aura Sphere|p2a: Garganacl
|-supereffective|p2a: Garganacl
|-damage|p2a: Garganacl|1/100
|move|p2a: Garganacl|Earthquake|p1a: Blaziken
|-supereffective|p1a: Blaziken
|-damage|p1a: Blaziken|0 fnt
|faint|p1a: Blaziken
|
|upkeep
|
|t:|1758305036
|switch|p1a: Cloyster|Cloyster, M|100/100
|turn|16
|inactive|lilylotuse has 90 seconds left.
|
|t:|1758305054
|move|p1a: Cloyster|Icicle Spear|p2a: Garganacl
|-damage|p2a: Garganacl|0 fnt
|faint|p2a: Garganacl
|-hitcount|p2: Garganacl|1
|
|upkeep
|inactive|lilylotuse has 90 seconds left.
|
|t:|1758305060
|switch|p2a: Chimecho|Chimecho, M|100/100
|-damage|p2a: Chimecho|88/100|[from] Stealth Rock
|turn|17
|
|t:|1758305066
|move|p1a: Cloyster|Shell Smash|p1a: Cloyster
|-unboost|p1a: Cloyster|def|1
|-unboost|p1a: Cloyster|spd|1
|-boost|p1a: Cloyster|atk|2
|-boost|p1a: Cloyster|spa|2
|-boost|p1a: Cloyster|spe|2
|move|p2a: Chimecho|Cosmic Power|p2a: Chimecho
|-boost|p2a: Chimecho|def|1
|-boost|p2a: Chimecho|spd|1
|
|-heal|p2a: Chimecho|94/100|[from] item: Leftovers
|upkeep
|turn|18
|inactive|lilylotuse has 90 seconds left.
|
|t:|1758305096
|-terastallize|p2a: Chimecho|Fairy
|move|p1a: Cloyster|Icicle Spear|p2a: Chimecho
|-damage|p2a: Chimecho|78/100
|-damage|p2a: Chimecho|62/100
|-damage|p2a: Chimecho|46/100
|-crit|p2a: Chimecho
|-damage|p2a: Chimecho|6/100
|-damage|p2a: Chimecho|0 fnt
|faint|p2a: Chimecho
|-hitcount|p2: Chimecho|5
|
|upkeep
|c|☆lilylotuse|bro that crit
|
|t:|1758305111
|switch|p2a: Araquanid|Araquanid, F|100/100
|-damage|p2a: Araquanid|76/100|[from] Stealth Rock
|turn|19
|
|t:|1758305119
|move|p1a: Cloyster|Rock Blast|p2a: Araquanid
|-supereffective|p2a: Araquanid
|-damage|p2a: Araquanid|48/100
|-supereffective|p2a: Araquanid
|-damage|p2a: Araquanid|23/100
|-supereffective|p2a: Araquanid
|-damage|p2a: Araquanid|0 fnt
|faint|p2a: Araquanid
|-hitcount|p2: Araquanid|3
|
|upkeep
|
|t:|1758305135
|switch|p2a: Bisharp|Bisharp, F|100/100
|-damage|p2a: Bisharp|94/100|[from] Stealth Rock
|turn|20
|inactive|patee aux croutes has 120 seconds left.
|
|t:|1758305180
|move|p1a: Cloyster|Drill Run|p2a: Bisharp
|-supereffective|p2a: Bisharp
|-damage|p2a: Bisharp|26/100
|move|p2a: Bisharp|Brick Break|p1a: Cloyster
|-supereffective|p1a: Cloyster
|-damage|p1a: Cloyster|44/100
|
|upkeep
|turn|21
|
|t:|1758305189
|move|p2a: Bisharp|Sucker Punch|p1a: Cloyster
|-damage|p1a: Cloyster|1/100
|move|p1a: Cloyster|Drill Run|p2a: Bisharp
|-supereffective|p2a: Bisharp
|-damage|p2a: Bisharp|0 fnt
|faint|p2a: Bisharp
|
|win|patee aux croutes
|raw|patee aux croutes's rating: 1108 &rarr; <strong>1130</strong><br />(+22 for winning)
|raw|lilylotuse's rating: 1069 &rarr; <strong>1051</strong><br />(-18 for losing)
|c|☆lilylotuse|bro im fighting two people
|l|☆patee aux croutes
|player|p1|
|l|☆lilylotuse
|player|p2|
