|j|☆Ruby Xoxo
|j|☆SadSmelly
|t:|1758329079
|gametype|singles
|player|p1|Ruby Xoxo|acetrainerf-gen4dp|1326
|player|p2|SadSmelly|veteran|1349
|gen|9
|tier|[Gen 9] OU
|rated|
|rule|HP Percentage Mod: HP is shown in percentages
|rule|Endless Battle Clause: Forcing endless battles is banned
|rule|Species Clause: Limit one of each Pokémon
|rule|OHKO Clause: OHKO moves are banned
|rule|Evasion Items Clause: Evasion items are banned
|rule|Evasion Moves Clause: Evasion moves are banned
|rule|Evasion Abilities Clause: Evasion abilities are banned
|rule|Sleep Moves Clause: Sleep-inducing moves are banned
|clearpoke
|poke|p1|Skarmory, M|
|poke|p1|Darkrai|
|poke|p1|Reuniclus, F|
|poke|p1|Tornadus-Therian, M|
|poke|p1|Moltres|
|poke|p1|Ting-Lu|
|poke|p2|Samurott-Hisui, F|
|poke|p2|Dragonite, F|
|poke|p2|Dragapult, M|
|poke|p2|Great Tusk|
|poke|p2|Clefable, F|
|poke|p2|Corviknight, F|
|teampreview
|inactive|Battle timer is ON: inactive players will automatically lose when time's up. (requested by Ruby Xoxo)
|
|t:|1758329105
|teamsize|p1|6
|teamsize|p2|6
|start
|switch|p1a: Skarmory|Skarmory, M|100/100
|switch|p2a: Samurott|Samurott-Hisui, F|100/100
|turn|1
|
|t:|1758329120
|move|p2a: Samurott|Ceaseless Edge|p1a: Skarmory
|-damage|p1a: Skarmory|71/100
|-damage|p2a: Samurott|84/100|[from] item: Rocky Helmet|[of] p1a: Skarmory
|-sidestart|p1: Ruby Xoxo|Spikes
|move|p1a: Skarmory|Stealth Rock|p2a: Samurott
|-sidestart|p2: SadSmelly|move: Stealth Rock
|
|upkeep
|turn|2
|
|t:|1758329127
|move|p2a: Samurott|Encore|p1a: Skarmory
|-start|p1a: Skarmory|Encore
|move|p1a: Skarmory|Stealth Rock||[still]
|-fail|p1a: Skarmory
|
|upkeep
|turn|3
|
|t:|1758329138
|switch|p1a: Tornadus|Tornadus-Therian, M|100/100
|move|p2a: Samurott|Ceaseless Edge|p1a: Tornadus
|-damage|p1a: Tornadus|41/100
|-sidestart|p1: Ruby Xoxo|Spikes
|
|upkeep
|turn|4
|
|t:|1758329148
|move|p1a: Tornadus|Bleakwind Storm|p2a: Samurott
|-damage|p2a: Samurott|0 fnt
|faint|p2a: Samurott
|-damage|p1a: Tornadus|32/100|[from] item: Life Orb
|
|upkeep
|
|t:|1758329156
|switch|p2a: Clefable|Clefable, F|100/100
|turn|5
|
|t:|1758329159
|switch|p1a: Reuniclus|Reuniclus, F, shiny|100/100
|move|p2a: Clefable|Thunder Wave|p1a: Reuniclus
|-status|p1a: Reuniclus|par
|
|upkeep
|turn|6
|
|t:|1758329166
|move|p2a: Clefable|Stealth Rock|p1a: Reuniclus
|-sidestart|p1: Ruby Xoxo|move: Stealth Rock
|move|p1a: Reuniclus|Psychic Noise|p2a: Clefable
|-damage|p2a: Clefable|56/100
|-start|p2a: Clefable|move: Heal Block
|
|upkeep
|turn|7
|
|t:|1758329179
|switch|p2a: Dragapult|Dragapult, M|100/100
|-damage|p2a: Dragapult|88/100|[from] Stealth Rock
|move|p1a: Reuniclus|Psychic Noise|p2a: Dragapult
|-damage|p2a: Dragapult|19/100
|-start|p2a: Dragapult|move: Heal Block
|
|upkeep
|turn|8
|
|t:|1758329190
|switch|p1a: Ting-Lu|Ting-Lu|100/100
|-damage|p1a: Ting-Lu|84/100|[from] Spikes
|-damage|p1a: Ting-Lu|78/100|[from] Stealth Rock
|-ability|p1a: Ting-Lu|Vessel of Ruin
|move|p2a: Dragapult|Shadow Ball|p1a: Ting-Lu
|-resisted|p1a: Ting-Lu
|-damage|p1a: Ting-Lu|68/100
|
|-end|p2a: Dragapult|move: Heal Block
|upkeep
|turn|9
|
|t:|1758329201
|switch|p2a: Great Tusk|Great Tusk|100/100
|-damage|p2a: Great Tusk|98/100|[from] Stealth Rock
|switch|p1a: Reuniclus|Reuniclus, F, shiny|100/100 par
|
|upkeep
|turn|10
|
|t:|1758329213
|move|p2a: Great Tusk|Knock Off|p1a: Reuniclus
|-supereffective|p1a: Reuniclus
|-damage|p1a: Reuniclus|33/100 par
|-enditem|p1a: Reuniclus|Life Orb|[from] move: Knock Off|[of] p2a: Great Tusk
|move|p1a: Reuniclus|Psychic Noise|p2a: Great Tusk
|-supereffective|p2a: Great Tusk
|-damage|p2a: Great Tusk|0 fnt
|faint|p2a: Great Tusk
|-end|p2a: Great Tusk|Protosynthesis|[silent]
|
|upkeep
|inactive|SadSmelly has 120 seconds left.
|
|t:|1758329243
|switch|p2a: Dragonite|Dragonite, F|100/100
|turn|11
|inactive|SadSmelly has 120 seconds left.
|
|t:|1758329249
|switch|p1a: Moltres|Moltres|100/100
|move|p2a: Dragonite|Dragon Dance|p2a: Dragonite
|-boost|p2a: Dragonite|atk|1
|-boost|p2a: Dragonite|spe|1
|
|upkeep
|turn|12
|inactive|SadSmelly has 120 seconds left.
|
|t:|1758329274
|-terastallize|p2a: Dragonite|Normal
|move|p2a: Dragonite|Extreme Speed|p1a: Moltres
|-damage|p1a: Moltres|49/100
|move|p1a: Moltres|Roar|p2a: Dragonite
|drag|p2a: Clefable|Clefable, F|56/100
|
|upkeep
|turn|13
|
|t:|1758329291
|switch|p1a: Reuniclus|Reuniclus, F, shiny|33/100 par
|move|p2a: Clefable|Thunder Wave|p1a: Reuniclus
|-fail|p1a: Reuniclus|par
|
|upkeep
|turn|14
|
|t:|1758329301
|move|p2a: Clefable|Moonblast|p1a: Reuniclus
|-damage|p1a: Reuniclus|0 fnt
|faint|p1a: Reuniclus
|
|upkeep
|
|t:|1758329304
|switch|p1a: Tornadus|Tornadus-Therian, M|65/100
|-damage|p1a: Tornadus|40/100|[from] Stealth Rock
|turn|15
|
|t:|1758329323
|move|p1a: Tornadus|Bleakwind Storm|p2a: Clefable
|-damage|p2a: Clefable|2/100
|-damage|p1a: Tornadus|30/100|[from] item: Life Orb
|move|p2a: Clefable|Thunder Wave|p1a: Tornadus
|-status|p1a: Tornadus|par
|
|upkeep
|turn|16
|
|t:|1758329335
|switch|p1a: Darkrai|Darkrai|100/100
|-damage|p1a: Darkrai|84/100|[from] Spikes
|-damage|p1a: Darkrai|72/100|[from] Stealth Rock
|move|p2a: Clefable|Moonlight|p2a: Clefable
|-heal|p2a: Clefable|52/100
|
|upkeep
|turn|17
|
|t:|1758329343
|move|p1a: Darkrai|Sludge Bomb|p2a: Clefable
|-supereffective|p2a: Clefable
|-damage|p2a: Clefable|0 fnt
|faint|p2a: Clefable
|
|upkeep
|
|t:|1758329366
|switch|p2a: Corviknight|Corviknight, F|100/100
|-damage|p2a: Corviknight|88/100|[from] Stealth Rock
|-ability|p2a: Corviknight|Pressure
|turn|18
|
|t:|1758329376
|switch|p1a: Moltres|Moltres|49/100
|move|p2a: Corviknight|Brave Bird|p1a: Moltres
|-damage|p1a: Moltres|23/100
|-damage|p2a: Corviknight|80/100|[from] Recoil
|
|-heal|p2a: Corviknight|86/100|[from] item: Leftovers
|upkeep
|turn|19
|
|t:|1758329388
|move|p1a: Moltres|Roost|p1a: Moltres
|-heal|p1a: Moltres|73/100
|-singleturn|p1a: Moltres|move: Roost
|move|p2a: Corviknight|Brave Bird|p1a: Moltres
|-damage|p1a: Moltres|49/100
|-damage|p2a: Corviknight|78/100|[from] Recoil
|
|-heal|p2a: Corviknight|84/100|[from] item: Leftovers
|upkeep
|turn|20
|
|t:|1758329400
|move|p1a: Moltres|Roost|p1a: Moltres
|-heal|p1a: Moltres|99/100
|-singleturn|p1a: Moltres|move: Roost
|move|p2a: Corviknight|Brave Bird|p1a: Moltres
|-damage|p1a: Moltres|74/100
|-damage|p2a: Corviknight|76/100|[from] Recoil
|
|-heal|p2a: Corviknight|83/100|[from] item: Leftovers
|upkeep
|turn|21
|
|t:|1758329420
|move|p1a: Moltres|Flamethrower|p2a: Corviknight
|-supereffective|p2a: Corviknight
|-damage|p2a: Corviknight|16/100
|move|p2a: Corviknight|Defog|p1a: Moltres
|-unboost|p1a: Moltres|evasion|1
|-sideend|p1: Ruby Xoxo|Spikes|[from] move: Defog|[of] p2a: Corviknight
|-sideend|p1: Ruby Xoxo|Stealth Rock|[from] move: Defog|[of] p2a: Corviknight
|-sideend|p2: SadSmelly|Stealth Rock|[from] move: Defog|[of] p2a: Corviknight
|
|-heal|p2a: Corviknight|22/100|[from] item: Leftovers
|upkeep
|turn|22
|
|t:|1758329434
|switch|p2a: Dragapult|Dragapult, M|19/100
|move|p1a: Moltres|Flamethrower|p2a: Dragapult
|-resisted|p2a: Dragapult
|-damage|p2a: Dragapult|0 fnt
|faint|p2a: Dragapult
|
|upkeep
|
|t:|1758329441
|switch|p2a: Dragonite|Dragonite, F, tera:Normal|100/100
|turn|23
|
|t:|1758329451
|move|p2a: Dragonite|Extreme Speed|p1a: Moltres
|-damage|p1a: Moltres|40/100
|-status|p2a: Dragonite|brn|[from] ability: Flame Body|[of] p1a: Moltres
|move|p1a: Moltres|Flamethrower|p2a: Dragonite
|-damage|p2a: Dragonite|82/100 brn
|
|-damage|p2a: Dragonite|75/100 brn|[from] brn
|upkeep
|turn|24
|
|t:|1758329460
|move|p2a: Dragonite|Dragon Dance|p2a: Dragonite
|-boost|p2a: Dragonite|atk|1
|-boost|p2a: Dragonite|spe|1
|move|p1a: Moltres|Flamethrower|p2a: Dragonite
|-damage|p2a: Dragonite|38/100 brn
|
|-damage|p2a: Dragonite|32/100 brn|[from] brn
|upkeep
|turn|25
|
|t:|1758329468
|move|p2a: Dragonite|Extreme Speed|p1a: Moltres
|-damage|p1a: Moltres|14/100
|move|p1a: Moltres|Flamethrower|p2a: Dragonite
|-damage|p2a: Dragonite|0 fnt
|faint|p2a: Dragonite
|
|upkeep
|-message|SadSmelly forfeited.
|
|win|Ruby Xoxo
|raw|Ruby Xoxo's rating: 1326 &rarr; <strong>1347</strong><br />(+21 for winning)
|raw|SadSmelly's rating: 1349 &rarr; <strong>1328</strong><br />(-21 for losing)
|l|☆SadSmelly
|player|p2|
|l|☆Ruby Xoxo
|player|p1|
