|j|☆kennojex
|j|☆daedro15
|t:|1758300629
|gametype|singles
|player|p1|kennojex|1|1541
|player|p2|daedro15|hilbert|1522
|gen|9
|tier|[Gen 9] OU
|rated|
|rule|HP Percentage Mod: HP is shown in percentages
|rule|Endless Battle Clause: Forcing endless battles is banned
|rule|Species Clause: Limit one of each Pokémon
|rule|OHKO Clause: OHKO moves are banned
|rule|Evasion Items Clause: Evasion items are banned
|rule|Evasion Moves Clause: Evasion moves are banned
|rule|Evasion Abilities Clause: Evasion abilities are banned
|rule|Sleep Moves Clause: Sleep-inducing moves are banned
|clearpoke
|poke|p1|Deoxys-Speed|
|poke|p1|Garganacl, M|
|poke|p1|Quaquaval, M|
|poke|p1|Kyurem|
|poke|p1|Darkrai|
|poke|p1|Cresselia, F|
|poke|p2|Ribombee, M|
|poke|p2|Raging Bolt|
|poke|p2|Iron Moth|
|poke|p2|Gholdengo|
|poke|p2|Great Tusk|
|poke|p2|Kingambit, F|
|teampreview
|
|t:|1758300665
|teamsize|p1|6
|teamsize|p2|6
|start
|switch|p1a: Garganacl|Garganacl, M|100/100
|switch|p2a: Ribombee|Ribombee, M|100/100
|turn|1
|
|t:|1758300690
|move|p2a: Ribombee|Sticky Web|p1a: Garganacl
|-sidestart|p1: kennojex|move: Sticky Web
|move|p1a: Garganacl|Salt Cure|p2a: Ribombee
|-supereffective|p2a: Ribombee
|-damage|p2a: Ribombee|48/100
|
|upkeep
|turn|2
|
|t:|1758300694
|move|p2a: Ribombee|Skill Swap|p1a: Garganacl
|-activate|p2a: Ribombee|move: Skill Swap|Purifying Salt|Shield Dust|[of] p1a: Garganacl
|move|p1a: Garganacl|Iron Defense|p1a: Garganacl
|-boost|p1a: Garganacl|def|2
|
|upkeep
|turn|3
|
|t:|1758300702
|move|p2a: Ribombee|Moonblast|p1a: Garganacl
|-crit|p1a: Garganacl
|-damage|p1a: Garganacl|60/100
|move|p1a: Garganacl|Salt Cure|p2a: Ribombee
|-supereffective|p2a: Ribombee
|-damage|p2a: Ribombee|0 fnt
|faint|p2a: Ribombee
|
|-heal|p1a: Garganacl|66/100|[from] item: Leftovers
|upkeep
|
|t:|1758300713
|switch|p2a: Gholdengo|Gholdengo|100/100
|-item|p2a: Gholdengo|Air Balloon
|turn|4
|
|t:|1758300717
|move|p2a: Gholdengo|Make It Rain|p1a: Garganacl
|-supereffective|p1a: Garganacl
|-crit|p1a: Garganacl
|-damage|p1a: Garganacl|0 fnt
|-unboost|p2a: Gholdengo|spa|1
|faint|p1a: Garganacl
|
|upkeep
|
|t:|1758300727
|switch|p1a: Quaquaval|Quaquaval, M|100/100
|-activate|p1a: Quaquaval|move: Sticky Web
|-unboost|p1a: Quaquaval|spe|1
|turn|5
|
|t:|1758300736
|-terastallize|p2a: Gholdengo|Fairy
|move|p2a: Gholdengo|Nasty Plot|p2a: Gholdengo
|-boost|p2a: Gholdengo|spa|2
|move|p1a: Quaquaval|Aqua Step|p2a: Gholdengo
|-damage|p2a: Gholdengo|56/100
|-boost|p1a: Quaquaval|spe|1
|-enditem|p2a: Gholdengo|Air Balloon
|
|upkeep
|turn|6
|j| Gen9oupipipi
|l| Gen9oupipipi
|c|☆daedro15|misclicked...
|c|☆kennojex|with the tera?
|
|t:|1758300778
|move|p1a: Quaquaval|Aqua Step|p2a: Gholdengo
|-damage|p2a: Gholdengo|14/100
|-boost|p1a: Quaquaval|spe|1
|move|p2a: Gholdengo|Shadow Ball|p1a: Quaquaval
|-damage|p1a: Quaquaval|13/100
|-unboost|p1a: Quaquaval|spd|1
|
|upkeep
|turn|7
|c|☆daedro15|yeah, I was playing with it to do some calculations
|
|t:|1758300788
|move|p1a: Quaquaval|Aqua Step|p2a: Gholdengo
|-damage|p2a: Gholdengo|0 fnt
|-boost|p1a: Quaquaval|spe|1
|faint|p2a: Gholdengo
|-ability|p1a: Quaquaval|Moxie|boost
|-boost|p1a: Quaquaval|atk|1
|
|upkeep
|
|t:|1758300793
|switch|p2a: Raging Bolt|Raging Bolt|100/100
|turn|8
|
|t:|1758300796
|move|p2a: Raging Bolt|Thunderclap|p1a: Quaquaval
|-supereffective|p1a: Quaquaval
|-damage|p1a: Quaquaval|0 fnt
|faint|p1a: Quaquaval
|
|upkeep
|
|t:|1758300799
|switch|p1a: Deoxys|Deoxys-Speed|100/100
|-activate|p1a: Deoxys|move: Sticky Web
|-unboost|p1a: Deoxys|spe|1
|-ability|p1a: Deoxys|Pressure
|turn|9
|
|t:|1758300804
|move|p1a: Deoxys|Light Screen|p1a: Deoxys
|-sidestart|p1: kennojex|move: Light Screen
|move|p2a: Raging Bolt|Sunny Day|p2a: Raging Bolt
|-weather|SunnyDay
|-activate|p2a: Raging Bolt|ability: Protosynthesis
|-start|p2a: Raging Bolt|protosynthesisspa
|
|-weather|SunnyDay|[upkeep]
|upkeep
|turn|10
|c|☆kennojex|damn mb
|
|t:|1758300809
|move|p1a: Deoxys|Reflect|p1a: Deoxys
|-sidestart|p1: kennojex|Reflect
|move|p2a: Raging Bolt|Weather Ball|p1a: Deoxys
|-damage|p1a: Deoxys|56/100
|
|-weather|SunnyDay|[upkeep]
|upkeep
|turn|11
|
|t:|1758300816
|switch|p1a: Cresselia|Cresselia, F|100/100
|move|p2a: Raging Bolt|Weather Ball|p1a: Cresselia
|-damage|p1a: Cresselia|78/100
|
|-weather|SunnyDay|[upkeep]
|-heal|p1a: Cresselia|84/100|[from] item: Leftovers
|upkeep
|turn|12
|
|t:|1758300820
|-end|p2a: Raging Bolt|Protosynthesis|[silent]
|switch|p2a: Kingambit|Kingambit, F|100/100
|-activate|p2a: Kingambit|ability: Supreme Overlord
|-start|p2a: Kingambit|fallen2|[silent]
|-item|p2a: Kingambit|Air Balloon
|move|p1a: Cresselia|Calm Mind|p1a: Cresselia
|-boost|p1a: Cresselia|spa|1
|-boost|p1a: Cresselia|spd|1
|
|-weather|SunnyDay|[upkeep]
|-heal|p1a: Cresselia|90/100|[from] item: Leftovers
|upkeep
|turn|13
|
|t:|1758300823
|move|p2a: Kingambit|Swords Dance|p2a: Kingambit
|-boost|p2a: Kingambit|atk|2
|move|p1a: Cresselia|Moonblast|p2a: Kingambit
|-damage|p2a: Kingambit|74/100
|-enditem|p2a: Kingambit|Air Balloon
|
|-weather|SunnyDay|[upkeep]
|-heal|p1a: Cresselia|96/100|[from] item: Leftovers
|upkeep
|turn|14
|
|t:|1758300830
|switch|p1a: Deoxys|Deoxys-Speed|56/100
|-activate|p1a: Deoxys|move: Sticky Web
|-unboost|p1a: Deoxys|spe|1
|-ability|p1a: Deoxys|Pressure
|move|p2a: Kingambit|Kowtow Cleave|p1a: Deoxys
|-supereffective|p1a: Deoxys
|-damage|p1a: Deoxys|0 fnt
|faint|p1a: Deoxys
|
|-weather|SunnyDay|[upkeep]
|upkeep
|
|t:|1758300835
|switch|p1a: Kyurem|Kyurem|100/100
|-activate|p1a: Kyurem|move: Sticky Web
|-unboost|p1a: Kyurem|spe|1
|-ability|p1a: Kyurem|Pressure
|turn|15
|
|t:|1758300840
|-terastallize|p1a: Kyurem|Fire
|move|p2a: Kingambit|Kowtow Cleave|p1a: Kyurem
|-damage|p1a: Kyurem|48/100
|move|p1a: Kyurem|Tera Blast|p2a: Kingambit|[anim] Tera Blast Fire
|-supereffective|p2a: Kingambit
|-damage|p2a: Kingambit|0 fnt
|faint|p2a: Kingambit
|-end|p2a: Kingambit|fallen2|[silent]
|
|-weather|SunnyDay|[upkeep]
|upkeep
|
|t:|1758300847
|switch|p2a: Great Tusk|Great Tusk|100/100
|-activate|p2a: Great Tusk|ability: Protosynthesis
|-start|p2a: Great Tusk|protosynthesisatk
|turn|16
|
|t:|1758300855
|move|p2a: Great Tusk|Headlong Rush|p1a: Kyurem
|-supereffective|p1a: Kyurem
|-damage|p1a: Kyurem|0 fnt
|-unboost|p2a: Great Tusk|def|1
|-unboost|p2a: Great Tusk|spd|1
|faint|p1a: Kyurem
|
|-weather|none
|-end|p2a: Great Tusk|Protosynthesis
|-sideend|p1: kennojex|move: Light Screen
|upkeep
|
|t:|1758300857
|switch|p1a: Cresselia|Cresselia, F|96/100
|turn|17
|
|t:|1758300861
|-end|p2a: Great Tusk|Protosynthesis|[silent]
|switch|p2a: Raging Bolt|Raging Bolt|100/100
|move|p1a: Cresselia|Calm Mind|p1a: Cresselia
|-boost|p1a: Cresselia|spa|1
|-boost|p1a: Cresselia|spd|1
|
|-heal|p1a: Cresselia|100/100|[from] item: Leftovers
|-sideend|p1: kennojex|Reflect
|upkeep
|turn|18
|
|t:|1758300863
|move|p2a: Raging Bolt|Sunny Day|p2a: Raging Bolt
|-weather|SunnyDay
|-activate|p2a: Raging Bolt|ability: Protosynthesis
|-start|p2a: Raging Bolt|protosynthesisspa
|move|p1a: Cresselia|Calm Mind|p1a: Cresselia
|-boost|p1a: Cresselia|spa|1
|-boost|p1a: Cresselia|spd|1
|
|-weather|SunnyDay|[upkeep]
|upkeep
|turn|19
|
|t:|1758300866
|move|p2a: Raging Bolt|Weather Ball|p1a: Cresselia
|-damage|p1a: Cresselia|79/100
|move|p1a: Cresselia|Stored Power|p2a: Raging Bolt
|-damage|p2a: Raging Bolt|44/100
|
|-weather|SunnyDay|[upkeep]
|-heal|p1a: Cresselia|85/100|[from] item: Leftovers
|upkeep
|turn|20
|
|t:|1758300869
|move|p2a: Raging Bolt|Weather Ball|p1a: Cresselia
|-damage|p1a: Cresselia|60/100
|move|p1a: Cresselia|Calm Mind|p1a: Cresselia
|-boost|p1a: Cresselia|spa|1
|-boost|p1a: Cresselia|spd|1
|
|-weather|SunnyDay|[upkeep]
|-heal|p1a: Cresselia|66/100|[from] item: Leftovers
|upkeep
|turn|21
|
|t:|1758300873
|move|p2a: Raging Bolt|Weather Ball|p1a: Cresselia
|-damage|p1a: Cresselia|49/100
|move|p1a: Cresselia|Moonlight|p1a: Cresselia
|-heal|p1a: Cresselia|100/100
|
|-weather|SunnyDay|[upkeep]
|upkeep
|turn|22
|c|☆daedro15|gg
|c|☆kennojex|gg
|-message|daedro15 forfeited.
|
|win|kennojex
|raw|kennojex's rating: 1541 &rarr; <strong>1560</strong><br />(+19 for winning)
|raw|daedro15's rating: 1522 &rarr; <strong>1503</strong><br />(-19 for losing)
|l|☆daedro15
|player|p2|
|l|☆kennojex
|player|p1|
