|j|☆Alexboss30
|j|☆256roy
|t:|1758320806
|gametype|singles
|player|p1|Alexboss30|marlon|1216
|player|p2|256roy|dancer|1299
|gen|9
|tier|[Gen 9] OU
|rated|
|rule|HP Percentage Mod: HP is shown in percentages
|rule|Endless Battle Clause: Forcing endless battles is banned
|rule|Species Clause: Limit one of each Pokémon
|rule|OHKO Clause: OHKO moves are banned
|rule|Evasion Items Clause: Evasion items are banned
|rule|Evasion Moves Clause: Evasion moves are banned
|rule|Evasion Abilities Clause: Evasion abilities are banned
|rule|Sleep Moves Clause: Sleep-inducing moves are banned
|clearpoke
|poke|p1|Pelipper, F|
|poke|p1|Cloyster, M|
|poke|p1|Quaquaval, M|
|poke|p1|Whiscash, M|
|poke|p1|Qwilfish, M|
|poke|p1|Ogerpon-Wellspring, F|
|poke|p2|Samurott-Hisui, M|
|poke|p2|Great Tusk|
|poke|p2|Volcanion|
|poke|p2|Hydrapple, M|
|poke|p2|Gholdengo|
|poke|p2|Landorus-Therian, M|
|teampreview
|inactive|Battle timer is ON: inactive players will automatically lose when time's up. (requested by Alexboss30)
|
|t:|1758320820
|teamsize|p1|6
|teamsize|p2|6
|start
|switch|p1a: Pelipper|Pelipper, F|100/100
|switch|p2a: erfqwek|Landorus-Therian, M|100/100
|-ability|p2a: erfqwek|Intimidate|boost
|-unboost|p1a: Pelipper|atk|1
|-weather|RainDance|[from] ability: Drizzle|[of] p1a: Pelipper
|turn|1
|
|t:|1758320829
|move|p2a: erfqwek|U-turn|p1a: Pelipper
|-resisted|p1a: Pelipper
|-damage|p1a: Pelipper|90/100
|
|t:|1758320837
|switch|p2a: kabob|Samurott-Hisui, M|100/100|[from] U-turn
|move|p1a: Pelipper|Chilling Water|p2a: kabob
|-resisted|p2a: kabob
|-damage|p2a: kabob|91/100
|-unboost|p2a: kabob|atk|1
|
|-weather|RainDance|[upkeep]
|upkeep
|turn|2
|
|t:|1758320848
|switch|p1a: Qwilfish|Qwilfish, M|100/100
|move|p2a: kabob|Ceaseless Edge|p1a: Qwilfish
|-damage|p1a: Qwilfish|62/100
|-sidestart|p1: Alexboss30|Spikes
|
|-weather|RainDance|[upkeep]
|upkeep
|turn|3
|
|t:|1758320859
|switch|p2a: yeehaw|Gholdengo|100/100
|-item|p2a: yeehaw|Air Balloon
|move|p1a: Qwilfish|Barb Barrage|p2a: yeehaw
|-immune|p2a: yeehaw
|
|-weather|RainDance|[upkeep]
|upkeep
|turn|4
|
|t:|1758320868
|move|p1a: Qwilfish|Waterfall|p2a: yeehaw
|-damage|p2a: yeehaw|43/100
|-enditem|p2a: yeehaw|Air Balloon
|cant|p2a: yeehaw|flinch
|
|-weather|RainDance|[upkeep]
|upkeep
|turn|5
|
|t:|1758320877
|switch|p2a: i cooka da pasta|Volcanion|100/100
|move|p1a: Qwilfish|Waterfall|p2a: i cooka da pasta
|-immune|p2a: i cooka da pasta|[from] ability: Water Absorb
|
|-weather|RainDance|[upkeep]
|upkeep
|turn|6
|
|t:|1758320886
|move|p1a: Qwilfish|Destiny Bond|p1a: Qwilfish
|-singlemove|p1a: Qwilfish|Destiny Bond
|move|p2a: i cooka da pasta|Will-O-Wisp|p1a: Qwilfish|[miss]
|-miss|p2a: i cooka da pasta|p1a: Qwilfish
|
|-weather|RainDance|[upkeep]
|upkeep
|turn|7
|
|t:|1758320899
|switch|p2a: kabob|Samurott-Hisui, M|91/100
|move|p1a: Qwilfish|Barb Barrage|p2a: kabob
|-damage|p2a: kabob|60/100
|
|-weather|RainDance|[upkeep]
|upkeep
|turn|8
|
|t:|1758320908
|move|p2a: kabob|Sucker Punch|p1a: Qwilfish
|-damage|p1a: Qwilfish|23/100
|move|p1a: Qwilfish|Barb Barrage|p2a: kabob
|-damage|p2a: kabob|31/100
|-status|p2a: kabob|psn
|
|-weather|none
|-damage|p2a: kabob|19/100 psn|[from] psn
|upkeep
|turn|9
|
|t:|1758320921
|move|p1a: Qwilfish|Destiny Bond|p1a: Qwilfish
|-singlemove|p1a: Qwilfish|Destiny Bond
|move|p2a: kabob|Ceaseless Edge|p1a: Qwilfish
|-damage|p1a: Qwilfish|0 fnt
|-sidestart|p1: Alexboss30|Spikes
|faint|p1a: Qwilfish
|-activate|p1a: Qwilfish|move: Destiny Bond
|faint|p2a: kabob
|
|upkeep
|
|t:|1758320934
|switch|p1a: Pelipper|Pelipper, F|90/100
|switch|p2a: Fickle my pickle|Hydrapple, M|100/100
|-weather|RainDance|[from] ability: Drizzle|[of] p1a: Pelipper
|turn|10
|
|t:|1758320950
|switch|p2a: i cooka da pasta|Volcanion|100/100
|move|p1a: Pelipper|Hurricane|p2a: i cooka da pasta
|-damage|p2a: i cooka da pasta|62/100
|-start|p2a: i cooka da pasta|confusion
|
|-weather|RainDance|[upkeep]
|upkeep
|turn|11
|
|t:|1758320959
|-activate|p2a: i cooka da pasta|confusion
|-damage|p2a: i cooka da pasta|56/100|[from] confusion
|move|p1a: Pelipper|Hurricane|p2a: i cooka da pasta
|-damage|p2a: i cooka da pasta|22/100
|
|-weather|RainDance|[upkeep]
|upkeep
|turn|12
|
|t:|1758320966
|switch|p2a: erfqwek|Landorus-Therian, M|100/100
|-ability|p2a: erfqwek|Intimidate|boost
|-unboost|p1a: Pelipper|atk|1
|move|p1a: Pelipper|Hurricane|p2a: erfqwek
|-damage|p2a: erfqwek|52/100
|-start|p2a: erfqwek|confusion
|
|-weather|RainDance|[upkeep]
|upkeep
|turn|13
|
|t:|1758320976
|-activate|p2a: erfqwek|confusion
|move|p2a: erfqwek|Stone Edge|p1a: Pelipper
|-supereffective|p1a: Pelipper
|-damage|p1a: Pelipper|33/100
|move|p1a: Pelipper|Ice Beam|p2a: erfqwek
|-supereffective|p2a: erfqwek
|-damage|p2a: erfqwek|0 fnt
|faint|p2a: erfqwek
|
|-weather|RainDance|[upkeep]
|upkeep
|
|t:|1758320994
|switch|p2a: yeehaw|Gholdengo|43/100
|turn|14
|
|t:|1758320999
|move|p2a: yeehaw|Shadow Ball|p1a: Pelipper
|-damage|p1a: Pelipper|0 fnt
|faint|p1a: Pelipper
|
|-weather|RainDance|[upkeep]
|upkeep
|
|t:|1758321009
|switch|p1a: Quaquaval|Quaquaval, M|100/100
|-damage|p1a: Quaquaval|84/100|[from] Spikes
|turn|15
|
|t:|1758321017
|move|p1a: Quaquaval|Aqua Step|p2a: yeehaw
|-damage|p2a: yeehaw|0 fnt
|-boost|p1a: Quaquaval|spe|1
|faint|p2a: yeehaw
|-ability|p1a: Quaquaval|Moxie|boost
|-boost|p1a: Quaquaval|atk|1
|
|-weather|RainDance|[upkeep]
|upkeep
|
|t:|1758321023
|switch|p2a: Fickle my pickle|Hydrapple, M|100/100
|turn|16
|
|t:|1758321030
|-terastallize|p1a: Quaquaval|Flying
|move|p1a: Quaquaval|Brave Bird|p2a: Fickle my pickle
|-supereffective|p2a: Fickle my pickle
|-damage|p2a: Fickle my pickle|2/100
|-damage|p1a: Quaquaval|68/100|[from] item: Rocky Helmet|[of] p2a: Fickle my pickle
|-damage|p1a: Quaquaval|24/100|[from] Recoil
|move|p2a: Fickle my pickle|Nasty Plot|p2a: Fickle my pickle
|-boost|p2a: Fickle my pickle|spa|2
|-enditem|p1a: Quaquaval|Mirror Herb
|-boost|p1a: Quaquaval|spa|2|[from] item: Mirror Herb
|
|-weather|RainDance|[upkeep]
|upkeep
|turn|17
|
|t:|1758321045
|switch|p2a: i cooka da pasta|Volcanion|22/100
|move|p1a: Quaquaval|Aqua Step|p2a: i cooka da pasta
|-heal|p2a: i cooka da pasta|47/100|[from] ability: Water Absorb|[of] p1a: Quaquaval
|
|-weather|none
|upkeep
|turn|18
|
|t:|1758321070
|move|p1a: Quaquaval|Close Combat|p2a: i cooka da pasta
|-damage|p2a: i cooka da pasta|0 fnt
|-unboost|p1a: Quaquaval|def|1
|-unboost|p1a: Quaquaval|spd|1
|faint|p2a: i cooka da pasta
|-ability|p1a: Quaquaval|Moxie|boost
|-boost|p1a: Quaquaval|atk|1
|
|upkeep
|
|t:|1758321080
|switch|p2a: King Tusk|Great Tusk|100/100
|turn|19
|
|t:|1758321086
|-terastallize|p2a: King Tusk|Fairy
|move|p1a: Quaquaval|Aqua Step|p2a: King Tusk
|-damage|p2a: King Tusk|45/100
|-boost|p1a: Quaquaval|spe|1
|move|p2a: King Tusk|Stealth Rock|p1a: Quaquaval
|-sidestart|p1: Alexboss30|move: Stealth Rock
|
|upkeep
|turn|20
|
|t:|1758321099
|move|p1a: Quaquaval|Aqua Step|p2a: King Tusk
|-damage|p2a: King Tusk|0 fnt
|-boost|p1a: Quaquaval|spe|1
|faint|p2a: King Tusk
|-end|p2a: King Tusk|Protosynthesis|[silent]
|-ability|p1a: Quaquaval|Moxie|boost
|-boost|p1a: Quaquaval|atk|1
|
|upkeep
|
|t:|1758321101
|switch|p2a: Fickle my pickle|Hydrapple, M|35/100
|turn|21
|
|t:|1758321109
|move|p1a: Quaquaval|Ice Spinner|p2a: Fickle my pickle
|-supereffective|p2a: Fickle my pickle
|-damage|p2a: Fickle my pickle|0 fnt
|-damage|p1a: Quaquaval|8/100|[from] item: Rocky Helmet|[of] p2a: Fickle my pickle
|faint|p2a: Fickle my pickle
|
|win|Alexboss30
|raw|Alexboss30's rating: 1216 &rarr; <strong>1247</strong><br />(+31 for winning)
|raw|256roy's rating: 1299 &rarr; <strong>1268</strong><br />(-31 for losing)
|l|☆256roy
|player|p2|
|l|☆Alexboss30
|player|p1|
