|j|☆Chago14
|j|☆yamizinho2
|t:|1758366952
|gametype|singles
|player|p1|Chago14|benga|1227
|player|p2|yamizinho2|red|1255
|gen|9
|tier|[Gen 9] OU
|rated|
|rule|HP Percentage Mod: HP is shown in percentages
|rule|Endless Battle Clause: Forcing endless battles is banned
|rule|Species Clause: Limit one of each Pokémon
|rule|OHKO Clause: OHKO moves are banned
|rule|Evasion Items Clause: Evasion items are banned
|rule|Evasion Moves Clause: Evasion moves are banned
|rule|Evasion Abilities Clause: Evasion abilities are banned
|rule|Sleep Moves Clause: Sleep-inducing moves are banned
|clearpoke
|poke|p1|Toxapex, F|
|poke|p1|Corviknight, M|
|poke|p1|Zamazenta-*|
|poke|p1|Ceruledge, F|
|poke|p1|Great Tusk|
|poke|p1|Torterra, M|
|poke|p2|Blaziken, M|
|poke|p2|Toxapex, F|
|poke|p2|Rillaboom, M|
|poke|p2|Excadrill, M|
|poke|p2|Mimikyu, M|
|poke|p2|Greninja-*, M|
|teampreview
|inactive|Battle timer is ON: inactive players will automatically lose when time's up. (requested by yamizinho2)
|
|t:|1758366959
|teamsize|p1|6
|teamsize|p2|6
|start
|switch|p1a: Great Tusk|Great Tusk|100/100
|switch|p2a: Excadrill|Excadrill, M, shiny|100/100
|-ability|p2a: Excadrill|Mold Breaker
|-enditem|p1a: Great Tusk|Booster Energy
|-activate|p1a: Great Tusk|ability: Protosynthesis|[fromitem]
|-start|p1a: Great Tusk|protosynthesisatk
|turn|1
|
|t:|1758366970
|switch|p2a: Rillaboom|Rillaboom, M, shiny|100/100
|-fieldstart|move: Grassy Terrain|[from] ability: Grassy Surge|[of] p2a: Rillaboom
|move|p1a: Great Tusk|Ice Spinner|p2a: Rillaboom
|-supereffective|p2a: Rillaboom
|-damage|p2a: Rillaboom|23/100
|-fieldend|move: Grassy Terrain
|
|upkeep
|turn|2
|c|☆yamizinho2|Boa Sorte
|
|t:|1758366987
|move|p1a: Great Tusk|Ice Spinner|p2a: Rillaboom
|-supereffective|p2a: Rillaboom
|-damage|p2a: Rillaboom|0 fnt
|faint|p2a: Rillaboom
|
|upkeep
|
|t:|1758366992
|switch|p2a: Mimikyu|Mimikyu, M, shiny|100/100
|turn|3
|
|t:|1758366997
|move|p2a: Mimikyu|Swords Dance|p2a: Mimikyu
|-boost|p2a: Mimikyu|atk|2
|move|p1a: Great Tusk|Stealth Rock|p2a: Mimikyu
|-sidestart|p2: yamizinho2|move: Stealth Rock
|
|upkeep
|turn|4
|
|t:|1758367003
|move|p2a: Mimikyu|Swords Dance|p2a: Mimikyu
|-boost|p2a: Mimikyu|atk|2
|move|p1a: Great Tusk|Ice Spinner|p2a: Mimikyu
|-activate|p2a: Mimikyu|ability: Disguise
|-damage|p2a: Mimikyu|100/100
|detailschange|p2a: Mimikyu|Mimikyu-Busted, M, shiny
|-damage|p2a: Mimikyu|88/100|[from] pokemon: Mimikyu-Busted
|
|upkeep
|turn|5
|
|t:|1758367013
|move|p2a: Mimikyu|Play Rough|p1a: Great Tusk|[miss]
|-miss|p2a: Mimikyu|p1a: Great Tusk
|move|p1a: Great Tusk|Ice Spinner|p2a: Mimikyu
|-damage|p2a: Mimikyu|27/100
|
|upkeep
|turn|6
|
|t:|1758367021
|move|p2a: Mimikyu|Play Rough|p1a: Great Tusk
|-supereffective|p1a: Great Tusk
|-crit|p1a: Great Tusk
|-damage|p1a: Great Tusk|0 fnt
|faint|p1a: Great Tusk
|-end|p1a: Great Tusk|Protosynthesis|[silent]
|-damage|p2a: Mimikyu|18/100|[from] item: Life Orb
|
|upkeep
|
|t:|1758367027
|switch|p1a: Ceruledge|Ceruledge, F|100/100
|turn|7
|
|t:|1758367036
|move|p2a: Mimikyu|Shadow Sneak|p1a: Ceruledge
|-supereffective|p1a: Ceruledge
|-enditem|p1a: Ceruledge|Focus Sash
|-damage|p1a: Ceruledge|1/100
|-ability|p1a: Ceruledge|Weak Armor|boost
|-unboost|p1a: Ceruledge|def|1
|-boost|p1a: Ceruledge|spe|2
|-damage|p2a: Mimikyu|8/100|[from] item: Life Orb
|move|p1a: Ceruledge|Shadow Sneak|p2a: Mimikyu
|-supereffective|p2a: Mimikyu
|-damage|p2a: Mimikyu|0 fnt
|faint|p2a: Mimikyu
|
|upkeep
|
|t:|1758367045
|switch|p2a: Toxapex|Toxapex, F, shiny|100/100
|-damage|p2a: Toxapex|88/100|[from] Stealth Rock
|turn|8
|
|t:|1758367052
|move|p2a: Toxapex|Baneful Bunker|p2a: Toxapex
|-singleturn|p2a: Toxapex|move: Protect
|move|p1a: Ceruledge|Shadow Sneak|p2a: Toxapex
|-activate|p2a: Toxapex|move: Protect
|-status|p1a: Ceruledge|psn
|
|-heal|p2a: Toxapex|94/100|[from] item: Black Sludge
|-damage|p1a: Ceruledge|0 fnt|[from] psn
|faint|p1a: Ceruledge
|upkeep
|
|t:|1758367066
|switch|p1a: Toxapex|Toxapex, F|100/100
|turn|9
|
|t:|1758367073
|switch|p2a: Excadrill|Excadrill, M, shiny|100/100
|-damage|p2a: Excadrill|97/100|[from] Stealth Rock
|-ability|p2a: Excadrill|Mold Breaker
|move|p1a: Toxapex|Toxic|p2a: Excadrill
|-immune|p2a: Excadrill
|
|upkeep
|turn|10
|
|t:|1758367081
|move|p2a: Excadrill|Stealth Rock|p1a: Toxapex
|-sidestart|p1: Chago14|move: Stealth Rock
|move|p1a: Toxapex|Surf|p2a: Excadrill
|-supereffective|p2a: Excadrill
|-damage|p2a: Excadrill|48/100
|
|upkeep
|turn|11
|
|t:|1758367088
|move|p2a: Excadrill|Earthquake|p1a: Toxapex
|-supereffective|p1a: Toxapex
|-damage|p1a: Toxapex|31/100
|move|p1a: Toxapex|Surf|p2a: Excadrill
|-supereffective|p2a: Excadrill
|-damage|p2a: Excadrill|0 fnt
|faint|p2a: Excadrill
|
|-heal|p1a: Toxapex|37/100|[from] item: Leftovers
|upkeep
|
|t:|1758367097
|switch|p2a: Blaziken|Blaziken, M, shiny|100/100
|-damage|p2a: Blaziken|88/100|[from] Stealth Rock
|turn|12
|
|t:|1758367101
|move|p1a: Toxapex|Baneful Bunker|p1a: Toxapex
|-singleturn|p1a: Toxapex|move: Protect
|move|p2a: Blaziken|Swords Dance|p2a: Blaziken
|-boost|p2a: Blaziken|atk|2
|
|-heal|p2a: Blaziken|94/100|[from] item: Leftovers
|-heal|p1a: Toxapex|43/100|[from] item: Leftovers
|-ability|p2a: Blaziken|Speed Boost|boost
|-boost|p2a: Blaziken|spe|1
|upkeep
|turn|13
|
|t:|1758367113
|-terastallize|p2a: Blaziken|Fire
|move|p2a: Blaziken|Flare Blitz|p1a: Toxapex
|-resisted|p1a: Toxapex
|-damage|p1a: Toxapex|0 fnt
|faint|p1a: Toxapex
|-damage|p2a: Blaziken|80/100|[from] Recoil
|
|-heal|p2a: Blaziken|86/100|[from] item: Leftovers
|-ability|p2a: Blaziken|Speed Boost|boost
|-boost|p2a: Blaziken|spe|1
|upkeep
|
|t:|1758367123
|switch|p1a: Torterra|Torterra, M|100/100
|-damage|p1a: Torterra|94/100|[from] Stealth Rock
|turn|14
|
|t:|1758367130
|move|p2a: Blaziken|Flare Blitz|p1a: Torterra
|-supereffective|p1a: Torterra
|-damage|p1a: Torterra|0 fnt
|faint|p1a: Torterra
|-damage|p2a: Blaziken|52/100|[from] Recoil
|
|-heal|p2a: Blaziken|58/100|[from] item: Leftovers
|-ability|p2a: Blaziken|Speed Boost|boost
|-boost|p2a: Blaziken|spe|1
|upkeep
|c|☆yamizinho2|GG
|
|t:|1758367138
|switch|p1a: Zamazenta|Zamazenta|100/100
|-damage|p1a: Zamazenta|94/100|[from] Stealth Rock
|-ability|p1a: Zamazenta|Dauntless Shield|boost
|-boost|p1a: Zamazenta|def|1
|turn|15
|
|t:|1758367150
|move|p2a: Blaziken|Close Combat|p1a: Zamazenta
|-crit|p1a: Zamazenta
|-damage|p1a: Zamazenta|0 fnt
|-unboost|p2a: Blaziken|def|1
|-unboost|p2a: Blaziken|spd|1
|faint|p1a: Zamazenta
|
|-heal|p2a: Blaziken|64/100|[from] item: Leftovers
|-ability|p2a: Blaziken|Speed Boost|boost
|-boost|p2a: Blaziken|spe|1
|upkeep
|-message|Chago14 forfeited.
|
|win|yamizinho2
|raw|Chago14's rating: 1227 &rarr; <strong>1204</strong><br />(-23 for losing)
|raw|yamizinho2's rating: 1255 &rarr; <strong>1278</strong><br />(+23 for winning)
|l|☆Chago14
|player|p1|
|l|☆yamizinho2
|player|p2|
