|j|☆GoldGrifter
|j|☆xail44
|t:|1758357331
|gametype|singles
|player|p1|GoldGrifter|clair|1275
|player|p2|xail44|169|1242
|gen|9
|tier|[Gen 9] OU
|rated|
|rule|HP Percentage Mod: HP is shown in percentages
|rule|Endless Battle Clause: Forcing endless battles is banned
|rule|Species Clause: Limit one of each Pokémon
|rule|OHKO Clause: OHKO moves are banned
|rule|Evasion Items Clause: Evasion items are banned
|rule|Evasion Moves Clause: Evasion moves are banned
|rule|Evasion Abilities Clause: Evasion abilities are banned
|rule|Sleep Moves Clause: Sleep-inducing moves are banned
|clearpoke
|poke|p1|Cinderace, M|
|poke|p1|Polteageist-Antique|
|poke|p1|Dragapult, F|
|poke|p1|Araquanid, F|
|poke|p1|Zamazenta-*|
|poke|p1|Greninja-*, M|
|poke|p2|Meowstic, M|
|poke|p2|Ludicolo, F|
|poke|p2|Politoed, F|
|poke|p2|Deoxys-Speed|
|poke|p2|Corviknight, F|
|poke|p2|Pawmot, M|
|teampreview
|inactive|Battle timer is ON: inactive players will automatically lose when time's up. (requested by xail44)
|inactive|GoldGrifter also wants the timer to be on.
|
|t:|1758357339
|teamsize|p1|6
|teamsize|p2|6
|start
|switch|p1a: Greninja|Greninja, M|100/100
|switch|p2a: Deoxys|Deoxys-Speed|100/100
|-ability|p2a: Deoxys|Pressure
|turn|1
|
|t:|1758357351
|move|p1a: Greninja|Water Shuriken|p2a: Deoxys
|-damage|p2a: Deoxys|88/100
|-damage|p2a: Deoxys|76/100
|-damage|p2a: Deoxys|65/100
|-crit|p2a: Deoxys
|-damage|p2a: Deoxys|46/100
|-hitcount|p2a: Deoxys|4
|move|p2a: Deoxys|Stealth Rock|p1a: Greninja
|-sidestart|p1: GoldGrifter|move: Stealth Rock
|
|upkeep
|turn|2
|
|t:|1758357358
|move|p1a: Greninja|Water Shuriken|p2a: Deoxys
|-damage|p2a: Deoxys|34/100
|-damage|p2a: Deoxys|21/100
|-damage|p2a: Deoxys|9/100
|-crit|p2a: Deoxys
|-damage|p2a: Deoxys|0 fnt
|faint|p2a: Deoxys
|-ability|p1a: Greninja|Battle Bond|boost
|-boost|p1a: Greninja|atk|1
|-boost|p1a: Greninja|spa|1
|-boost|p1a: Greninja|spe|1
|-activate|p1a: Greninja|ability: Battle Bond
|-hitcount|p2: Deoxys|4
|
|upkeep
|
|t:|1758357377
|switch|p2a: Politoed|Politoed, F|100/100
|-weather|RainDance|[from] ability: Drizzle|[of] p2a: Politoed
|turn|3
|
|t:|1758357380
|move|p1a: Greninja|Dark Pulse|p2a: Politoed
|-damage|p2a: Politoed|52/100
|cant|p2a: Politoed|flinch
|
|-weather|RainDance|[upkeep]
|upkeep
|turn|4
|
|t:|1758357385
|move|p1a: Greninja|Dark Pulse|p2a: Politoed
|-damage|p2a: Politoed|2/100
|move|p2a: Politoed|Perish Song|p2a: Politoed
|-start|p1a: Greninja|perish3|[silent]
|-start|p2a: Politoed|perish3|[silent]
|-fieldactivate|move: Perish Song
|
|-weather|RainDance|[upkeep]
|-start|p1a: Greninja|perish3
|-start|p2a: Politoed|perish3
|upkeep
|turn|5
|
|t:|1758357395
|switch|p2a: Pawmot|Pawmot, M|100/100
|move|p1a: Greninja|Dark Pulse|p2a: Pawmot
|-resisted|p2a: Pawmot
|-damage|p2a: Pawmot|52/100
|
|-weather|RainDance|[upkeep]
|-start|p1a: Greninja|perish2
|upkeep
|turn|6
|
|t:|1758357403
|move|p2a: Pawmot|Mach Punch|p1a: Greninja
|-supereffective|p1a: Greninja
|-damage|p1a: Greninja|2/100
|-damage|p2a: Pawmot|42/100|[from] item: Life Orb
|move|p1a: Greninja|Extrasensory|p2a: Pawmot
|-supereffective|p2a: Pawmot
|-damage|p2a: Pawmot|0 fnt
|faint|p2a: Pawmot
|
|-weather|RainDance|[upkeep]
|-start|p1a: Greninja|perish1
|upkeep
|
|t:|1758357427
|switch|p2a: Corviknight|Corviknight, F|100/100
|turn|7
|
|t:|1758357431
|move|p1a: Greninja|Dark Pulse|p2a: Corviknight
|-damage|p2a: Corviknight|41/100
|move|p2a: Corviknight|Nasty Plot|p2a: Corviknight
|-boost|p2a: Corviknight|spa|2
|
|-weather|RainDance|[upkeep]
|-heal|p2a: Corviknight|47/100|[from] item: Leftovers
|-start|p1a: Greninja|perish0
|upkeep
|faint|p1a: Greninja
|
|t:|1758357440
|switch|p1a: Araquanid|Araquanid, F|100/100
|-damage|p1a: Araquanid|75/100|[from] Stealth Rock
|turn|8
|
|t:|1758357445
|move|p2a: Corviknight|Hurricane|p1a: Araquanid
|-supereffective|p1a: Araquanid
|-damage|p1a: Araquanid|0 fnt
|faint|p1a: Araquanid
|
|-weather|RainDance|[upkeep]
|-heal|p2a: Corviknight|53/100|[from] item: Leftovers
|upkeep
|
|t:|1758357451
|switch|p1a: Dragapult|Dragapult, F|100/100
|-damage|p1a: Dragapult|88/100|[from] Stealth Rock
|turn|9
|
|t:|1758357459
|move|p1a: Dragapult|Dragon Dance|p1a: Dragapult
|-boost|p1a: Dragapult|atk|1
|-boost|p1a: Dragapult|spe|1
|move|p2a: Corviknight|Hurricane|p1a: Dragapult
|-damage|p1a: Dragapult|0 fnt
|faint|p1a: Dragapult
|
|-weather|RainDance|[upkeep]
|-heal|p2a: Corviknight|60/100|[from] item: Leftovers
|upkeep
|
|t:|1758357469
|switch|p1a: Polteageist|Polteageist-Antique|100/100
|-damage|p1a: Polteageist|88/100|[from] Stealth Rock
|turn|10
|
|t:|1758357477
|-terastallize|p1a: Polteageist|Ghost
|move|p1a: Polteageist|Shadow Ball|p2a: Corviknight
|-damage|p2a: Corviknight|6/100
|move|p2a: Corviknight|Hurricane|p1a: Polteageist
|-damage|p1a: Polteageist|0 fnt
|faint|p1a: Polteageist
|
|-weather|none
|-heal|p2a: Corviknight|12/100|[from] item: Leftovers
|upkeep
|
|t:|1758357486
|switch|p1a: Cinderace|Cinderace, M|100/100
|-damage|p1a: Cinderace|76/100|[from] Stealth Rock
|turn|11
|
|t:|1758357496
|switch|p2a: Politoed|Politoed, F|2/100
|-weather|RainDance|[from] ability: Drizzle|[of] p2a: Politoed
|move|p1a: Cinderace|Pyro Ball|p2a: Politoed
|-resisted|p2a: Politoed
|-damage|p2a: Politoed|0 fnt
|faint|p2a: Politoed
|
|-weather|RainDance|[upkeep]
|upkeep
|
|t:|1758357500
|switch|p2a: Ludicolo|Ludicolo, F|100/100
|turn|12
|
|t:|1758357510
|move|p2a: Ludicolo|Waterfall|p1a: Cinderace
|-supereffective|p1a: Cinderace
|-damage|p1a: Cinderace|0 fnt
|faint|p1a: Cinderace
|
|-weather|RainDance|[upkeep]
|upkeep
|
|t:|1758357512
|switch|p1a: Zamazenta|Zamazenta|100/100
|-damage|p1a: Zamazenta|94/100|[from] Stealth Rock
|-ability|p1a: Zamazenta|Dauntless Shield|boost
|-boost|p1a: Zamazenta|def|1
|turn|13
|
|t:|1758357519
|-terastallize|p2a: Ludicolo|Grass
|move|p2a: Ludicolo|Swords Dance|p2a: Ludicolo
|-boost|p2a: Ludicolo|atk|2
|move|p1a: Zamazenta|Body Press|p2a: Ludicolo
|-damage|p2a: Ludicolo|1/100
|
|-weather|RainDance|[upkeep]
|-heal|p1a: Zamazenta|100/100|[from] item: Leftovers
|upkeep
|turn|14
|
|t:|1758357523
|move|p2a: Ludicolo|Bullet Seed|p1a: Zamazenta
|-damage|p1a: Zamazenta|91/100
|-crit|p1a: Zamazenta
|-damage|p1a: Zamazenta|69/100
|-crit|p1a: Zamazenta
|-damage|p1a: Zamazenta|47/100
|-damage|p1a: Zamazenta|37/100
|-damage|p1a: Zamazenta|27/100
|-hitcount|p1a: Zamazenta|5
|move|p1a: Zamazenta|Body Press|p2a: Ludicolo
|-damage|p2a: Ludicolo|0 fnt
|faint|p2a: Ludicolo
|
|-weather|RainDance|[upkeep]
|-heal|p1a: Zamazenta|33/100|[from] item: Leftovers
|upkeep
|c|☆GoldGrifter|gg
|
|t:|1758357534
|switch|p2a: Meowstic|Meowstic, M|100/100
|turn|15
|
|t:|1758357538
|move|p2a: Meowstic|Psychic Noise|p1a: Zamazenta
|-supereffective|p1a: Zamazenta
|-damage|p1a: Zamazenta|0 fnt
|faint|p1a: Zamazenta
|-enditem|p2a: Meowstic|Throat Spray
|
|win|xail44
|raw|GoldGrifter's rating: 1275 &rarr; <strong>1248</strong><br />(-27 for losing)
|raw|xail44's rating: 1242 &rarr; <strong>1269</strong><br />(+27 for winning)
|l|☆GoldGrifter
|player|p1|
|l|☆xail44
|player|p2|
