|j|☆Korosion
|j|☆Oona the Fae Queen
|t:|1758341516
|gametype|singles
|player|p1|Korosion|grimsley|1154
|player|p2|Oona the Fae Queen|diantha-masters|1188
|gen|9
|tier|[Gen 9] OU
|rated|
|rule|HP Percentage Mod: HP is shown in percentages
|rule|Endless Battle Clause: Forcing endless battles is banned
|rule|Species Clause: Limit one of each Pokémon
|rule|OHKO Clause: OHKO moves are banned
|rule|Evasion Items Clause: Evasion items are banned
|rule|Evasion Moves Clause: Evasion moves are banned
|rule|Evasion Abilities Clause: Evasion abilities are banned
|rule|Sleep Moves Clause: Sleep-inducing moves are banned
|clearpoke
|poke|p1|Gliscor, F|
|poke|p1|Skarmory, F|
|poke|p1|Dragapult, M|
|poke|p1|Kingambit, F|
|poke|p1|Skeledirge, M|
|poke|p1|Scizor, M|
|poke|p2|Cinccino, F|
|poke|p2|Lurantis, F|
|poke|p2|Alomomola, F|
|poke|p2|Hatterene, F|
|poke|p2|Sinistcha-Masterpiece|
|poke|p2|Breloom, F|
|teampreview
|j| tsubaki-tt
|inactive|Battle timer is ON: inactive players will automatically lose when time's up. (requested by Oona the Fae Queen)
|
|t:|1758341531
|teamsize|p1|6
|teamsize|p2|6
|start
|switch|p1a: Scizor|Scizor, M|100/100
|switch|p2a: Sinistcha|Sinistcha-Masterpiece|100/100
|turn|1
|
|t:|1758341538
|move|p2a: Sinistcha|Strength Sap|p1a: Scizor
|-unboost|p1a: Scizor|atk|1
|move|p1a: Scizor|Swords Dance|p1a: Scizor
|-boost|p1a: Scizor|atk|2
|
|upkeep
|turn|2
|
|t:|1758341548
|switch|p2a: Hatterene|Hatterene, F|100/100
|move|p1a: Scizor|Swords Dance|p1a: Scizor
|-boost|p1a: Scizor|atk|2
|
|upkeep
|turn|3
|
|t:|1758341555
|-terastallize|p2a: Hatterene|Fire
|move|p1a: Scizor|Bullet Punch|p2a: Hatterene
|-resisted|p2a: Hatterene
|-damage|p2a: Hatterene|55/100
|move|p2a: Hatterene|Mystical Fire|p1a: Scizor
|-supereffective|p1a: Scizor
|-damage|p1a: Scizor|0 fnt
|faint|p1a: Scizor
|
|upkeep
|
|t:|1758341562
|switch|p1a: Dragapult|Dragapult, M, shiny|100/100
|turn|4
|
|t:|1758341573
|-terastallize|p1a: Dragapult|Ghost
|move|p1a: Dragapult|Tera Blast|p2a: Hatterene|[anim] Tera Blast Ghost
|-damage|p2a: Hatterene|0 fnt
|faint|p2a: Hatterene
|-damage|p1a: Dragapult|91/100|[from] item: Life Orb
|
|upkeep
|
|t:|1758341588
|switch|p2a: Cinccino|Cinccino, F|100/100
|turn|5
|
|t:|1758341605
|switch|p1a: Skarmory|Skarmory, F|100/100
|move|p2a: Cinccino|Tidy Up|p2a: Cinccino
|-boost|p2a: Cinccino|atk|1
|-boost|p2a: Cinccino|spe|1
|
|upkeep
|turn|6
|inactive|Oona the Fae Queen has 120 seconds left.
|inactive|Oona the Fae Queen has 90 seconds left.
|inactive|Oona the Fae Queen has 60 seconds left.
|
|t:|1758341703
|move|p2a: Cinccino|Rock Blast|p1a: Skarmory
|-damage|p1a: Skarmory|90/100
|-damage|p1a: Skarmory|80/100
|-damage|p1a: Skarmory|70/100
|-damage|p1a: Skarmory|60/100
|-hitcount|p1a: Skarmory|4
|move|p1a: Skarmory|Iron Defense|p1a: Skarmory
|-boost|p1a: Skarmory|def|2
|
|upkeep
|turn|7
|inactive|Oona the Fae Queen has 60 seconds left.
|
|t:|1758341716
|switch|p2a: Sinistcha|Sinistcha-Masterpiece|100/100
|move|p1a: Skarmory|Roost|p1a: Skarmory
|-heal|p1a: Skarmory|100/100
|-singleturn|p1a: Skarmory|move: Roost
|
|upkeep
|turn|8
|
|t:|1758341724
|move|p1a: Skarmory|Stealth Rock|p2a: Sinistcha
|-sidestart|p2: Oona the Fae Queen|move: Stealth Rock
|move|p2a: Sinistcha|Calm Mind|p2a: Sinistcha
|-boost|p2a: Sinistcha|spa|1
|-boost|p2a: Sinistcha|spd|1
|
|upkeep
|turn|9
|
|t:|1758341735
|switch|p1a: Dragapult|Dragapult, M, shiny, tera:Ghost|91/100
|move|p2a: Sinistcha|Calm Mind|p2a: Sinistcha
|-boost|p2a: Sinistcha|spa|1
|-boost|p2a: Sinistcha|spd|1
|
|upkeep
|turn|10
|
|t:|1758341741
|move|p1a: Dragapult|Tera Blast|p2a: Sinistcha|[anim] Tera Blast Ghost
|-supereffective|p2a: Sinistcha
|-damage|p2a: Sinistcha|0 fnt
|faint|p2a: Sinistcha
|-damage|p1a: Dragapult|81/100|[from] item: Life Orb
|
|upkeep
|-message|Oona the Fae Queen forfeited.
|
|win|Korosion
|raw|Korosion's rating: 1154 &rarr; <strong>1181</strong><br />(+27 for winning)
|raw|Oona the Fae Queen's rating: 1188 &rarr; <strong>1161</strong><br />(-27 for losing)
|l|☆Oona the Fae Queen
|player|p2|
|l|☆Korosion
|player|p1|
|l| tsubaki-tt
