|j|☆SBYK
|j|☆kookoobooboo
|t:|1758257080
|gametype|singles
|player|p1|SBYK|aaron|1416
|player|p2|kookoobooboo|102|1358
|gen|9
|tier|[Gen 9] OU
|rated|
|rule|HP Percentage Mod: HP is shown in percentages
|rule|Endless Battle Clause: Forcing endless battles is banned
|rule|Species Clause: Limit one of each Pokémon
|rule|OHKO Clause: OHKO moves are banned
|rule|Evasion Items Clause: Evasion items are banned
|rule|Evasion Moves Clause: Evasion moves are banned
|rule|Evasion Abilities Clause: Evasion abilities are banned
|rule|Sleep Moves Clause: Sleep-inducing moves are banned
|clearpoke
|poke|p1|Cinderace, F|
|poke|p1|Walking Wake|
|poke|p1|Torkoal, F|
|poke|p1|Cloyster, M|
|poke|p1|Pawmot, F|
|poke|p1|Gholdengo|
|poke|p2|Empoleon, F|
|poke|p2|Iron Valiant|
|poke|p2|Hydrapple, M|
|poke|p2|Garchomp, F|
|poke|p2|Ceruledge, M|
|poke|p2|Zoroark-Hisui, F|
|teampreview
|inactive|Battle timer is ON: inactive players will automatically lose when time's up. (requested by SBYK)
|
|t:|1758257107
|teamsize|p1|6
|teamsize|p2|6
|start
|switch|p1a: Walking Wake|Walking Wake|100/100
|switch|p2a: Garchomp|Garchomp, F|100/100
|turn|1
|
|t:|1758257112
|switch|p2a: Empoleon|Empoleon, F|100/100
|move|p1a: Walking Wake|Draco Meteor|p2a: Empoleon
|-resisted|p2a: Empoleon
|-damage|p2a: Empoleon|72/100
|-unboost|p1a: Walking Wake|spa|2
|-damage|p1a: Walking Wake|91/100|[from] item: Life Orb
|
|upkeep
|turn|2
|
|t:|1758257122
|switch|p2a: Garchomp|Garchomp, F|100/100
|move|p1a: Walking Wake|Flip Turn|p2a: Garchomp
|-damage|p2a: Garchomp|78/100
|-damage|p1a: Walking Wake|78/100|[from] ability: Rough Skin|[of] p2a: Garchomp
|-damage|p1a: Walking Wake|68/100|[from] item: Life Orb
|
|t:|1758257126
|-end|p1a: Walking Wake|Protosynthesis|[silent]
|switch|p1a: Cloyster|Cloyster, M, shiny|100/100|[from] Flip Turn
|
|upkeep
|turn|3
|
|t:|1758257131
|move|p1a: Cloyster|Shell Smash|p1a: Cloyster
|-unboost|p1a: Cloyster|def|1
|-unboost|p1a: Cloyster|spd|1
|-boost|p1a: Cloyster|atk|2
|-boost|p1a: Cloyster|spa|2
|-boost|p1a: Cloyster|spe|2
|move|p2a: Garchomp|Dragon Tail|p1a: Cloyster
|-damage|p1a: Cloyster|60/100
|drag|p1a: Gholdengo|Gholdengo|100/100
|
|upkeep
|turn|4
|
|t:|1758257138
|-terastallize|p1a: Gholdengo|Fairy
|move|p2a: Garchomp|Earthquake|p1a: Gholdengo
|-damage|p1a: Gholdengo|63/100
|move|p1a: Gholdengo|Dazzling Gleam|p2a: Garchomp
|-supereffective|p2a: Garchomp
|-damage|p2a: Garchomp|0 fnt
|faint|p2a: Garchomp
|
|upkeep
|
|t:|1758257147
|switch|p2a: Empoleon|Empoleon, F|72/100
|turn|5
|
|t:|1758257153
|move|p1a: Gholdengo|Shadow Ball|p2a: Empoleon
|-damage|p2a: Empoleon|46/100
|move|p2a: Empoleon|Flash Cannon|p1a: Gholdengo
|-supereffective|p1a: Gholdengo
|-damage|p1a: Gholdengo|5/100
|
|upkeep
|turn|6
|
|t:|1758257156
|move|p1a: Gholdengo|Shadow Ball|p2a: Empoleon
|-damage|p2a: Empoleon|21/100
|move|p2a: Empoleon|Roost|p2a: Empoleon
|-heal|p2a: Empoleon|71/100
|-singleturn|p2a: Empoleon|move: Roost
|
|upkeep
|turn|7
|
|t:|1758257165
|move|p1a: Gholdengo|Nasty Plot|p1a: Gholdengo
|-boost|p1a: Gholdengo|spa|2
|move|p2a: Empoleon|Roost|p2a: Empoleon
|-heal|p2a: Empoleon|100/100
|-singleturn|p2a: Empoleon|move: Roost
|
|upkeep
|turn|8
|
|t:|1758257169
|switch|p2a: Iron Valiant|Iron Valiant, shiny|100/100
|move|p1a: Gholdengo|Shadow Ball|p2a: Iron Valiant
|-immune|p2a: Iron Valiant
|
|upkeep
|turn|9
|
|t:|1758257178
|move|p2a: Iron Valiant|Hyper Voice|p1a: Gholdengo
|-damage|p1a: Gholdengo|0 fnt
|faint|p1a: Gholdengo
|
|upkeep
|
|t:|1758257185
|switch|p1a: Cinderace|Cinderace, F|100/100
|turn|10
|
|t:|1758257189
|switch|p2a: Ceruledge|Ceruledge, M|100/100
|move|p1a: Cinderace|Pyro Ball|p2a: Ceruledge
|-resisted|p2a: Ceruledge
|-damage|p2a: Ceruledge|71/100
|-ability|p2a: Ceruledge|Weak Armor|boost
|-unboost|p2a: Ceruledge|def|1
|-boost|p2a: Ceruledge|spe|2
|
|upkeep
|turn|11
|
|t:|1758257195
|move|p2a: Ceruledge|Bitter Blade|p1a: Cinderace
|-resisted|p1a: Cinderace
|-damage|p1a: Cinderace|76/100
|-heal|p2a: Ceruledge|84/100|[from] drain|[of] p1a: Cinderace
|move|p1a: Cinderace|Gunk Shot|p2a: Ceruledge|[miss]
|-start|p1a: Cinderace|typechange|Poison|[from] ability: Libero
|-miss|p1a: Cinderace|p2a: Ceruledge
|
|upkeep
|turn|12
|
|t:|1758257203
|move|p1a: Cinderace|Sucker Punch||[still]
|-fail|p1a: Cinderace
|move|p2a: Ceruledge|Will-O-Wisp|p1a: Cinderace
|-status|p1a: Cinderace|brn
|
|-damage|p1a: Cinderace|70/100 brn|[from] brn
|upkeep
|turn|13
|
|t:|1758257206
|move|p2a: Ceruledge|Bitter Blade|p1a: Cinderace
|-damage|p1a: Cinderace|12/100 brn
|-heal|p2a: Ceruledge|100/100|[from] drain|[of] p1a: Cinderace
|move|p1a: Cinderace|Gunk Shot|p2a: Ceruledge
|-resisted|p2a: Ceruledge
|-damage|p2a: Ceruledge|80/100
|-ability|p2a: Ceruledge|Weak Armor|boost
|-unboost|p2a: Ceruledge|def|1
|-boost|p2a: Ceruledge|spe|2
|
|-damage|p1a: Cinderace|6/100 brn|[from] brn
|upkeep
|turn|14
|
|t:|1758257215
|move|p2a: Ceruledge|Shadow Sneak|p1a: Cinderace
|-damage|p1a: Cinderace|0 fnt
|faint|p1a: Cinderace
|
|upkeep
|
|t:|1758257219
|switch|p1a: Walking Wake|Walking Wake|68/100
|turn|15
|
|t:|1758257229
|move|p2a: Ceruledge|Poltergeist|p1a: Walking Wake
|-activate|p1a: Walking Wake|move: Poltergeist|Life Orb
|-damage|p1a: Walking Wake|16/100
|move|p1a: Walking Wake|Hydro Steam|p2a: Ceruledge
|-supereffective|p2a: Ceruledge
|-damage|p2a: Ceruledge|0 fnt
|faint|p2a: Ceruledge
|-damage|p1a: Walking Wake|6/100|[from] item: Life Orb
|
|upkeep
|
|t:|1758257235
|switch|p2a: Iron Valiant|Iron Valiant, shiny|100/100
|turn|16
|
|t:|1758257237
|-end|p1a: Walking Wake|Protosynthesis|[silent]
|switch|p1a: Torkoal|Torkoal, F|100/100
|-weather|SunnyDay|[from] ability: Drought|[of] p1a: Torkoal
|move|p2a: Iron Valiant|Hyper Voice|p1a: Torkoal
|-damage|p1a: Torkoal|43/100
|
|-weather|SunnyDay|[upkeep]
|upkeep
|turn|17
|
|t:|1758257243
|move|p2a: Iron Valiant|Hyper Voice|p1a: Torkoal
|-damage|p1a: Torkoal|0 fnt
|faint|p1a: Torkoal
|
|-weather|SunnyDay|[upkeep]
|upkeep
|
|t:|1758257245
|switch|p1a: Walking Wake|Walking Wake|6/100
|-activate|p1a: Walking Wake|ability: Protosynthesis
|-start|p1a: Walking Wake|protosynthesisspe
|turn|18
|
|t:|1758257251
|move|p2a: Iron Valiant|Hyper Voice|p1a: Walking Wake
|-damage|p1a: Walking Wake|0 fnt
|faint|p1a: Walking Wake
|-end|p1a: Walking Wake|Protosynthesis|[silent]
|
|-weather|SunnyDay|[upkeep]
|upkeep
|
|t:|1758257255
|switch|p1a: Pawmot|Pawmot, F|100/100
|turn|19
|
|t:|1758257257
|move|p2a: Iron Valiant|Hyper Voice|p1a: Pawmot
|-damage|p1a: Pawmot|17/100
|move|p1a: Pawmot|Revival Blessing|p1a: Pawmot
|-enditem|p1a: Pawmot|Leppa Berry|[eat]
|-activate|p1a: Pawmot|item: Leppa Berry|Revival Blessing|[consumed]
|
|t:|1758257262
|-heal|p1: Cinderace|50/100|[from] move: Revival Blessing
|
|-weather|SunnyDay|[upkeep]
|upkeep
|turn|20
|
|t:|1758257265
|move|p2a: Iron Valiant|Hyper Voice|p1a: Pawmot
|-damage|p1a: Pawmot|0 fnt
|faint|p1a: Pawmot
|
|-weather|SunnyDay|[upkeep]
|upkeep
|
|t:|1758257267
|switch|p1a: Cinderace|Cinderace, F|50/100
|turn|21
|
|t:|1758257275
|move|p1a: Cinderace|Sucker Punch|p2a: Iron Valiant
|-start|p1a: Cinderace|typechange|Dark|[from] ability: Libero
|-supereffective|p2a: Iron Valiant
|-damage|p2a: Iron Valiant|0 fnt
|replace|p2a: Zoroark|Zoroark-Hisui, F, shiny
|-end|p2a: Zoroark|Illusion
|faint|p2a: Zoroark
|
|-weather|SunnyDay|[upkeep]
|upkeep
|
|t:|1758257279
|switch|p2a: Iron Valiant|Iron Valiant, shiny|100/100
|-enditem|p2a: Iron Valiant|Booster Energy
|-activate|p2a: Iron Valiant|ability: Quark Drive|[fromitem]
|-start|p2a: Iron Valiant|quarkdrivespe
|turn|22
|
|t:|1758257283
|move|p2a: Iron Valiant|Close Combat|p1a: Cinderace
|-supereffective|p1a: Cinderace
|-damage|p1a: Cinderace|0 fnt
|-unboost|p2a: Iron Valiant|def|1
|-unboost|p2a: Iron Valiant|spd|1
|faint|p1a: Cinderace
|
|-weather|SunnyDay|[upkeep]
|upkeep
|
|t:|1758257286
|switch|p1a: Cloyster|Cloyster, M, shiny|60/100
|turn|23
|
|t:|1758257291
|-terastallize|p2a: Iron Valiant|Stellar
|move|p2a: Iron Valiant|Close Combat|p1a: Cloyster
|-supereffective|p1a: Cloyster
|-damage|p1a: Cloyster|0 fnt
|-unboost|p2a: Iron Valiant|def|1
|-unboost|p2a: Iron Valiant|spd|1
|faint|p1a: Cloyster
|
|win|kookoobooboo
|raw|SBYK's rating: 1416 &rarr; <strong>1393</strong><br />(-23 for losing)
|raw|kookoobooboo's rating: 1358 &rarr; <strong>1381</strong><br />(+23 for winning)
|l|☆SBYK
|player|p1|
|l|☆kookoobooboo
|player|p2|
