|j|☆capitolg
|j|☆Dracknoid
|t:|1758313273
|gametype|singles
|player|p1|capitolg|bellelba|1288
|player|p2|Dracknoid|170|1258
|gen|9
|tier|[Gen 9] OU
|rated|
|rule|HP Percentage Mod: HP is shown in percentages
|rule|Endless Battle Clause: Forcing endless battles is banned
|rule|Species Clause: Limit one of each Pokémon
|rule|OHKO Clause: OHKO moves are banned
|rule|Evasion Items Clause: Evasion items are banned
|rule|Evasion Moves Clause: Evasion moves are banned
|rule|Evasion Abilities Clause: Evasion abilities are banned
|rule|Sleep Moves Clause: Sleep-inducing moves are banned
|clearpoke
|poke|p1|Masquerain, F|
|poke|p1|Articuno-Galar|
|poke|p1|Smeargle, M|
|poke|p1|Empoleon, M|
|poke|p1|Passimian, M|
|poke|p1|Chandelure, F|
|poke|p2|Dondozo, F|
|poke|p2|Venusaur, F|
|poke|p2|Garchomp, F|
|poke|p2|Blaziken, F|
|poke|p2|Gliscor, M|
|poke|p2|Great Tusk|
|teampreview
|
|t:|1758313281
|teamsize|p1|6
|teamsize|p2|6
|start
|switch|p1a: Masquerain|Masquerain, F|100/100
|switch|p2a: Drachomp|Garchomp, F|100/100
|-ability|p1a: Masquerain|Intimidate|boost
|-unboost|p2a: Drachomp|atk|1
|turn|1
|
|t:|1758313287
|move|p2a: Drachomp|Stealth Rock|p1a: Masquerain
|-sidestart|p1: capitolg|move: Stealth Rock
|move|p1a: Masquerain|Sticky Web|p2a: Drachomp
|-sidestart|p2: Dracknoid|move: Sticky Web
|
|upkeep
|turn|2
|
|t:|1758313291
|move|p1a: Masquerain|Ice Beam|p2a: Drachomp
|-supereffective|p2a: Drachomp
|-crit|p2a: Drachomp
|-damage|p2a: Drachomp|0 fnt
|faint|p2a: Drachomp
|
|upkeep
|
|t:|1758313296
|switch|p2a: Gliscor|Gliscor, M|100/100
|turn|3
|
|t:|1758313300
|switch|p2a: Blaziken|Blaziken, F|100/100
|-activate|p2a: Blaziken|move: Sticky Web
|-unboost|p2a: Blaziken|spe|1
|move|p1a: Masquerain|Ice Beam|p2a: Blaziken
|-resisted|p2a: Blaziken
|-damage|p2a: Blaziken|82/100
|
|-heal|p2a: Blaziken|88/100|[from] item: Leftovers
|upkeep
|turn|4
|
|t:|1758313309
|move|p1a: Masquerain|Bug Buzz|p2a: Blaziken
|-resisted|p2a: Blaziken
|-damage|p2a: Blaziken|73/100
|move|p2a: Blaziken|Flare Blitz|p1a: Masquerain
|-supereffective|p1a: Masquerain
|-enditem|p1a: Masquerain|Focus Sash
|-damage|p1a: Masquerain|1/100
|-damage|p2a: Blaziken|38/100|[from] Recoil
|
|-heal|p2a: Blaziken|44/100|[from] item: Leftovers
|-ability|p2a: Blaziken|Speed Boost|boost
|-boost|p2a: Blaziken|spe|1
|upkeep
|turn|5
|
|t:|1758313319
|move|p2a: Blaziken|Protect|p2a: Blaziken
|-singleturn|p2a: Blaziken|Protect
|move|p1a: Masquerain|Bug Buzz|p2a: Blaziken
|-activate|p2a: Blaziken|move: Protect
|
|-heal|p2a: Blaziken|51/100|[from] item: Leftovers
|-ability|p2a: Blaziken|Speed Boost|boost
|-boost|p2a: Blaziken|spe|1
|upkeep
|turn|6
|
|t:|1758313327
|move|p2a: Blaziken|Thunder Punch|p1a: Masquerain
|-supereffective|p1a: Masquerain
|-damage|p1a: Masquerain|0 fnt
|faint|p1a: Masquerain
|
|-heal|p2a: Blaziken|57/100|[from] item: Leftovers
|-ability|p2a: Blaziken|Speed Boost|boost
|-boost|p2a: Blaziken|spe|1
|upkeep
|
|t:|1758313330
|switch|p1a: Chandelure|Chandelure, F|100/100
|-damage|p1a: Chandelure|76/100|[from] Stealth Rock
|turn|7
|
|t:|1758313336
|move|p2a: Blaziken|Thunder Punch|p1a: Chandelure
|-damage|p1a: Chandelure|47/100
|move|p1a: Chandelure|Trick Room|p1a: Chandelure
|-fieldstart|move: Trick Room|[of] p1a: Chandelure
|
|-heal|p2a: Blaziken|63/100|[from] item: Leftovers
|-ability|p2a: Blaziken|Speed Boost|boost
|-boost|p2a: Blaziken|spe|1
|upkeep
|turn|8
|
|t:|1758313359
|switch|p2a: Dondozo|Dondozo, F|100/100
|-activate|p2a: Dondozo|move: Sticky Web
|-unboost|p2a: Dondozo|spe|1
|move|p1a: Chandelure|Psychic|p2a: Dondozo
|-damage|p2a: Dondozo|67/100
|
|upkeep
|turn|9
|
|t:|1758313366
|move|p2a: Dondozo|Curse|p2a: Dondozo
|-unboost|p2a: Dondozo|spe|1
|-boost|p2a: Dondozo|atk|1
|-boost|p2a: Dondozo|def|1
|move|p1a: Chandelure|Shadow Ball|p2a: Dondozo
|-damage|p2a: Dondozo|17/100
|
|upkeep
|turn|10
|
|t:|1758313373
|move|p2a: Dondozo|Waterfall|p1a: Chandelure
|-supereffective|p1a: Chandelure
|-damage|p1a: Chandelure|0 fnt
|-status|p2a: Dondozo|brn|[from] ability: Flame Body|[of] p1a: Chandelure
|faint|p1a: Chandelure
|
|-damage|p2a: Dondozo|10/100 brn|[from] brn
|upkeep
|
|t:|1758313377
|switch|p1a: Smeargle|Smeargle, M|100/100
|-damage|p1a: Smeargle|88/100|[from] Stealth Rock
|turn|11
|
|t:|1758313383
|move|p1a: Smeargle|Burning Bulwark|p1a: Smeargle
|-singleturn|p1a: Smeargle|move: Protect
|move|p2a: Dondozo|Body Press|p1a: Smeargle
|-activate|p1a: Smeargle|move: Protect
|
|-damage|p2a: Dondozo|4/100 brn|[from] brn
|-fieldend|move: Trick Room
|upkeep
|turn|12
|
|t:|1758313390
|move|p1a: Smeargle|Court Change|p1a: Smeargle
|-swapsideconditions
|-activate|p1a: Smeargle|move: Court Change
|move|p2a: Dondozo|Body Press|p1a: Smeargle
|-supereffective|p1a: Smeargle
|-damage|p1a: Smeargle|0 fnt
|faint|p1a: Smeargle
|
|-damage|p2a: Dondozo|0 fnt|[from] brn
|faint|p2a: Dondozo
|upkeep
|
|t:|1758313405
|switch|p1a: Articuno|Articuno-Galar|100/100
|switch|p2a: Gliscor|Gliscor, M|100/100
|-damage|p2a: Gliscor|88/100|[from] Stealth Rock
|-activate|p1a: Articuno|move: Sticky Web
|-unboost|p1a: Articuno|spe|1
|-ability|p1a: Articuno|Competitive|boost
|-boost|p1a: Articuno|spa|2
|turn|13
|c|☆Dracknoid|nice team
|
|t:|1758313478
|-terastallize|p2a: Gliscor|Steel
|move|p2a: Gliscor|Thunder Fang|p1a: Articuno
|-supereffective|p1a: Articuno
|-damage|p1a: Articuno|64/100
|move|p1a: Articuno|Trick Room|p1a: Articuno
|-fieldstart|move: Trick Room|[of] p1a: Articuno
|
|upkeep
|turn|14
|
|t:|1758313484
|switch|p1a: Passimian|Passimian, M|100/100
|-activate|p1a: Passimian|move: Sticky Web
|-unboost|p1a: Passimian|spe|1
|-ability|p1a: Passimian|Defiant|boost
|-boost|p1a: Passimian|atk|2
|move|p2a: Gliscor|Thunder Fang|p1a: Passimian
|-damage|p1a: Passimian|85/100
|
|upkeep
|turn|15
|
|t:|1758313493
|move|p1a: Passimian|Drain Punch|p2a: Gliscor
|-supereffective|p2a: Gliscor
|-damage|p2a: Gliscor|0 fnt
|-heal|p1a: Passimian|100/100|[from] drain|[of] p2a: Gliscor
|faint|p2a: Gliscor
|
|upkeep
|
|t:|1758313505
|switch|p2a: Venusaur|Venusaur, F|100/100
|-damage|p2a: Venusaur|88/100|[from] Stealth Rock
|turn|16
|
|t:|1758313510
|move|p1a: Passimian|Acrobatics|p2a: Venusaur
|-supereffective|p2a: Venusaur
|-damage|p2a: Venusaur|5/100
|move|p2a: Venusaur|Leech Seed|p1a: Passimian
|-start|p1a: Passimian|move: Leech Seed
|
|-heal|p2a: Venusaur|11/100|[from] item: Leftovers
|-damage|p1a: Passimian|88/100|[from] Leech Seed|[of] p2a: Venusaur
|-heal|p2a: Venusaur|25/100|[silent]
|upkeep
|turn|17
|
|t:|1758313518
|move|p2a: Venusaur|Protect|p2a: Venusaur
|-singleturn|p2a: Venusaur|Protect
|move|p1a: Passimian|Acrobatics|p2a: Venusaur
|-activate|p2a: Venusaur|move: Protect
|
|-heal|p2a: Venusaur|31/100|[from] item: Leftovers
|-damage|p1a: Passimian|76/100|[from] Leech Seed|[of] p2a: Venusaur
|-heal|p2a: Venusaur|45/100|[silent]
|-fieldend|move: Trick Room
|upkeep
|turn|18
|
|t:|1758313531
|move|p2a: Venusaur|Toxic|p1a: Passimian
|-status|p1a: Passimian|tox
|move|p1a: Passimian|Acrobatics|p2a: Venusaur
|-supereffective|p2a: Venusaur
|-crit|p2a: Venusaur
|-damage|p2a: Venusaur|0 fnt
|faint|p2a: Venusaur
|
|-damage|p1a: Passimian|70/100 tox|[from] psn
|upkeep
|
|t:|1758313539
|switch|p2a: Blaziken|Blaziken, F|63/100
|-damage|p2a: Blaziken|51/100|[from] Stealth Rock
|turn|19
|
|t:|1758313549
|move|p2a: Blaziken|Flare Blitz|p1a: Passimian
|-damage|p1a: Passimian|10/100 tox
|-enditem|p1a: Passimian|Sitrus Berry|[eat]
|-heal|p1a: Passimian|35/100 tox|[from] item: Sitrus Berry
|-damage|p2a: Blaziken|26/100|[from] Recoil
|move|p1a: Passimian|Facade|p2a: Blaziken
|-damage|p2a: Blaziken|0 fnt
|faint|p2a: Blaziken
|
|-damage|p1a: Passimian|23/100 tox|[from] psn
|upkeep
|
|t:|1758313559
|switch|p2a: Great Tusk|Great Tusk|100/100
|-damage|p2a: Great Tusk|98/100|[from] Stealth Rock
|turn|20
|
|t:|1758313571
|move|p2a: Great Tusk|Earthquake|p1a: Passimian
|-damage|p1a: Passimian|0 fnt
|faint|p1a: Passimian
|-damage|p2a: Great Tusk|88/100|[from] item: Life Orb
|
|upkeep
|
|t:|1758313573
|switch|p1a: Articuno|Articuno-Galar|64/100
|-activate|p1a: Articuno|move: Sticky Web
|-unboost|p1a: Articuno|spe|1
|-ability|p1a: Articuno|Competitive|boost
|-boost|p1a: Articuno|spa|2
|turn|21
|
|t:|1758313580
|move|p2a: Great Tusk|Ice Spinner|p1a: Articuno
|-supereffective|p1a: Articuno
|-damage|p1a: Articuno|0 fnt
|faint|p1a: Articuno
|-damage|p2a: Great Tusk|78/100|[from] item: Life Orb
|
|upkeep
|
|t:|1758313583
|switch|p1a: Empoleon|Empoleon, M|100/100
|-activate|p1a: Empoleon|move: Sticky Web
|-unboost|p1a: Empoleon|spe|1
|-ability|p1a: Empoleon|Competitive|boost
|-boost|p1a: Empoleon|spa|2
|turn|22
|
|t:|1758313590
|-terastallize|p1a: Empoleon|Flying
|move|p2a: Great Tusk|Close Combat|p1a: Empoleon
|-resisted|p1a: Empoleon
|-damage|p1a: Empoleon|62/100
|-unboost|p2a: Great Tusk|def|1
|-unboost|p2a: Great Tusk|spd|1
|-damage|p2a: Great Tusk|68/100|[from] item: Life Orb
|move|p1a: Empoleon|Air Slash|p2a: Great Tusk
|-supereffective|p2a: Great Tusk
|-damage|p2a: Great Tusk|0 fnt
|faint|p2a: Great Tusk
|-end|p2a: Great Tusk|Protosynthesis|[silent]
|
|win|capitolg
|raw|capitolg's rating: 1288 &rarr; <strong>1311</strong><br />(+23 for winning)
|raw|Dracknoid's rating: 1258 &rarr; <strong>1235</strong><br />(-23 for losing)
|l|☆capitolg
|player|p1|
