|j|☆Big Body Bell
|j|☆earl5000
|t:|1758328829
|gametype|singles
|player|p1|Big Body Bell|chuck|1243
|player|p2|earl5000|170|1303
|gen|9
|tier|[Gen 9] OU
|rated|
|rule|HP Percentage Mod: HP is shown in percentages
|rule|Endless Battle Clause: Forcing endless battles is banned
|rule|Species Clause: Limit one of each Pokémon
|rule|OHKO Clause: OHKO moves are banned
|rule|Evasion Items Clause: Evasion items are banned
|rule|Evasion Moves Clause: Evasion moves are banned
|rule|Evasion Abilities Clause: Evasion abilities are banned
|rule|Sleep Moves Clause: Sleep-inducing moves are banned
|clearpoke
|poke|p1|Goodra-Hisui, M|
|poke|p1|Rillaboom, M|
|poke|p1|Abomasnow, F|
|poke|p1|Garchomp, F|
|poke|p1|Moltres-Galar|
|poke|p1|Comfey, M|
|poke|p2|Zamazenta-*|
|poke|p2|Ninetales-Alola, M|
|poke|p2|Darkrai|
|poke|p2|Rillaboom, F|
|poke|p2|Gliscor, M|
|poke|p2|Slowking-Galar, M|
|teampreview
|
|t:|1758328838
|teamsize|p1|6
|teamsize|p2|6
|start
|switch|p1a: Abomasnow|Abomasnow, F|100/100
|switch|p2a: Ninetales|Ninetales-Alola, M|100/100
|-weather|Snowscape|[from] ability: Snow Warning|[of] p2a: Ninetales
|turn|1
|inactive|Battle timer is ON: inactive players will automatically lose when time's up. (requested by earl5000)
|
|t:|1758328844
|move|p2a: Ninetales|Aurora Veil|p2a: Ninetales
|-sidestart|p2: earl5000|move: Aurora Veil
|move|p1a: Abomasnow|Aurora Veil|p1a: Abomasnow
|-sidestart|p1: Big Body Bell|move: Aurora Veil
|
|-weather|Snowscape|[upkeep]
|upkeep
|turn|2
|
|t:|1758328851
|switch|p2a: Slowking|Slowking-Galar, M|100/100
|switch|p1a: Rillaboom|Rillaboom, M, shiny|100/100
|-fieldstart|move: Grassy Terrain|[from] ability: Grassy Surge|[of] p1a: Rillaboom
|
|-weather|Snowscape|[upkeep]
|upkeep
|turn|3
|
|t:|1758328855
|switch|p1a: Goodra|Goodra-Hisui, M|100/100
|move|p2a: Slowking|Thunder Wave|p1a: Goodra
|-status|p1a: Goodra|par
|
|-weather|Snowscape|[upkeep]
|upkeep
|turn|4
|
|t:|1758328860
|move|p2a: Slowking|Future Sight|p1a: Goodra
|-start|p2a: Slowking|move: Future Sight
|move|p1a: Goodra|Curse|p1a: Goodra
|-unboost|p1a: Goodra|spe|1
|-boost|p1a: Goodra|atk|1
|-boost|p1a: Goodra|def|1
|
|-weather|Snowscape|[upkeep]
|upkeep
|turn|5
|
|t:|1758328863
|-prepare|p2a: Slowking|Chilly Reception|[premajor]
|move|p2a: Slowking|Chilly Reception|p2a: Slowking
|
|t:|1758328868
|switch|p2a: Gliscor|Gliscor, M|100/100|[from] Chilly Reception
|move|p1a: Goodra|Curse|p1a: Goodra
|-unboost|p1a: Goodra|spe|1
|-boost|p1a: Goodra|atk|1
|-boost|p1a: Goodra|def|1
|
|-weather|none
|-status|p2a: Gliscor|tox|[from] item: Toxic Orb
|upkeep
|turn|6
|
|t:|1758328884
|move|p2a: Gliscor|Agility|p2a: Gliscor
|-boost|p2a: Gliscor|spe|2
|move|p1a: Goodra|Curse|p1a: Goodra
|-unboost|p1a: Goodra|spe|1
|-boost|p1a: Goodra|atk|1
|-boost|p1a: Goodra|def|1
|
|-end|p1a: Goodra|move: Future Sight
|-resisted|p1a: Goodra
|-damage|p1a: Goodra|95/100 par
|-heal|p1a: Goodra|100/100 par|[from] Grassy Terrain
|upkeep
|turn|7
|
|t:|1758328888
|move|p2a: Gliscor|Swords Dance|p2a: Gliscor
|-boost|p2a: Gliscor|atk|2
|cant|p1a: Goodra|par
|
|upkeep
|turn|8
|
|t:|1758328895
|move|p2a: Gliscor|Earthquake|p1a: Goodra
|-supereffective|p1a: Goodra
|-damage|p1a: Goodra|87/100 par
|move|p1a: Goodra|Gyro Ball|p2a: Gliscor
|-damage|p2a: Gliscor|54/100 tox
|
|-heal|p1a: Goodra|93/100 par|[from] Grassy Terrain
|-heal|p1a: Goodra|99/100 par|[from] item: Leftovers
|-heal|p2a: Gliscor|67/100 tox|[from] ability: Poison Heal
|-sideend|p2: earl5000|move: Aurora Veil
|-sideend|p1: Big Body Bell|move: Aurora Veil
|upkeep
|turn|9
|
|t:|1758328900
|move|p2a: Gliscor|Earthquake|p1a: Goodra
|-supereffective|p1a: Goodra
|-damage|p1a: Goodra|76/100 par
|move|p1a: Goodra|Curse|p1a: Goodra
|-unboost|p1a: Goodra|spe|1
|-boost|p1a: Goodra|atk|1
|-boost|p1a: Goodra|def|1
|
|-heal|p1a: Goodra|82/100 par|[from] Grassy Terrain
|-heal|p1a: Goodra|88/100 par|[from] item: Leftovers
|-heal|p2a: Gliscor|79/100 tox|[from] ability: Poison Heal
|-fieldend|move: Grassy Terrain
|upkeep
|turn|10
|
|t:|1758328904
|move|p2a: Gliscor|Earthquake|p1a: Goodra
|-supereffective|p1a: Goodra
|-damage|p1a: Goodra|50/100 par
|move|p1a: Goodra|Gyro Ball|p2a: Gliscor
|-damage|p2a: Gliscor|0 fnt
|faint|p2a: Gliscor
|
|-heal|p1a: Goodra|56/100 par|[from] item: Leftovers
|upkeep
|
|t:|1758328910
|switch|p2a: Darkrai|Darkrai|100/100
|turn|11
|
|t:|1758328913
|move|p2a: Darkrai|Focus Blast|p1a: Goodra|[miss]
|-miss|p2a: Darkrai|p1a: Goodra
|cant|p1a: Goodra|par
|
|-heal|p1a: Goodra|62/100 par|[from] item: Leftovers
|upkeep
|turn|12
|
|t:|1758328924
|-terastallize|p1a: Goodra|Fighting
|move|p2a: Darkrai|Nasty Plot|p2a: Darkrai
|-boost|p2a: Darkrai|spa|2
|cant|p1a: Goodra|par
|
|-heal|p1a: Goodra|68/100 par|[from] item: Leftovers
|upkeep
|turn|13
|
|t:|1758328930
|move|p2a: Darkrai|Focus Blast|p1a: Goodra
|-damage|p1a: Goodra|25/100 par
|move|p1a: Goodra|Body Press|p2a: Darkrai
|-supereffective|p2a: Darkrai
|-damage|p2a: Darkrai|0 fnt
|faint|p2a: Darkrai
|
|-heal|p1a: Goodra|32/100 par|[from] item: Leftovers
|upkeep
|-message|earl5000 forfeited.
|
|win|Big Body Bell
|raw|Big Body Bell's rating: 1243 &rarr; <strong>1272</strong><br />(+29 for winning)
|raw|earl5000's rating: 1303 &rarr; <strong>1280</strong><br />(-23 for losing)
|l|☆earl5000
|player|p2|
|l|☆Big Body Bell
|player|p1|
