|j|☆undertalethemovie
|j|☆YUcvb
|t:|1758278542
|gametype|singles
|player|p1|undertalethemovie|n|1294
|player|p2|YUcvb|hilda|1284
|gen|9
|tier|[Gen 9] OU
|rated|
|rule|HP Percentage Mod: HP is shown in percentages
|rule|Endless Battle Clause: Forcing endless battles is banned
|rule|Species Clause: Limit one of each Pokémon
|rule|OHKO Clause: OHKO moves are banned
|rule|Evasion Items Clause: Evasion items are banned
|rule|Evasion Moves Clause: Evasion moves are banned
|rule|Evasion Abilities Clause: Evasion abilities are banned
|rule|Sleep Moves Clause: Sleep-inducing moves are banned
|clearpoke
|poke|p1|Clodsire, F|
|poke|p1|Ogerpon-Wellspring, F|
|poke|p1|Zoroark-Hisui, M|
|poke|p1|Zamazenta-*|
|poke|p1|Cinderace, F|
|poke|p1|Deoxys-Speed|
|poke|p2|Hatterene, F|
|poke|p2|Ursaluna, F|
|poke|p2|Porygon2|
|poke|p2|Gengar, M|
|poke|p2|Slowking-Galar, F|
|poke|p2|Smeargle, F|
|teampreview
|inactive|Battle timer is ON: inactive players will automatically lose when time's up. (requested by YUcvb)
|
|t:|1758278546
|teamsize|p1|6
|teamsize|p2|6
|start
|switch|p1a: The Writer|Ogerpon-Wellspring, F|100/100
|switch|p2a: Smeargle|Smeargle, F, shiny|100/100
|turn|1
|
|t:|1758278552
|-terastallize|p1a: The Writer|Water
|detailschange|p1a: The Writer|Ogerpon-Wellspring-Tera, F, tera:Water
|-ability|p1a: The Writer|Embody Aspect (Wellspring)|boost
|-boost|p1a: The Writer|spd|1
|move|p1a: The Writer|Ivy Cudgel|p2a: Smeargle|[anim] Ivy Cudgel Water
|-enditem|p2a: Smeargle|Focus Sash
|-damage|p2a: Smeargle|1/100
|move|p2a: Smeargle|Trick Room|p2a: Smeargle
|-fieldstart|move: Trick Room|[of] p2a: Smeargle
|
|upkeep
|turn|2
|
|t:|1758278558
|switch|p1a: Mumbo|Clodsire, F|100/100
|-item|p1a: Mumbo|Air Balloon
|move|p2a: Smeargle|Destiny Bond|p2a: Smeargle
|-singlemove|p2a: Smeargle|Destiny Bond
|
|upkeep
|turn|3
|
|t:|1758278563
|move|p1a: Mumbo|Toxic Spikes|p2a: Smeargle
|-sidestart|p2: YUcvb|move: Toxic Spikes
|move|p2a: Smeargle|Court Change|p2a: Smeargle
|-swapsideconditions
|-activate|p2a: Smeargle|move: Court Change
|
|upkeep
|turn|4
|
|t:|1758278573
|switch|p2a: Hatterene|Hatterene, F, shiny|100/100
|move|p1a: Mumbo|Toxic Spikes|p2a: Hatterene
|move|p2a: Hatterene|Toxic Spikes|p1a: Mumbo|[from] ability: Magic Bounce
|-sidestart|p1: undertalethemovie|move: Toxic Spikes
|
|upkeep
|turn|5
|
|t:|1758278580
|switch|p1a: Ingerland|Cinderace, F|100/100
|move|p2a: Hatterene|Psychic Noise|p1a: Ingerland
|-damage|p1a: Ingerland|32/100
|-start|p1a: Ingerland|move: Heal Block
|
|-fieldend|move: Trick Room
|upkeep
|turn|6
|
|t:|1758278591
|move|p1a: Ingerland|U-turn|p2a: Hatterene
|-start|p1a: Ingerland|typechange|Bug|[from] ability: Libero
|-damage|p2a: Hatterene|60/100
|
|t:|1758278598
|switch|p1a: The Writer|Ogerpon-Wellspring-Tera, F|100/100|[from] U-turn
|-item|p1a: The Writer|Air Balloon
|move|p2a: Hatterene|Trick Room|p2a: Hatterene
|-fieldstart|move: Trick Room|[of] p2a: Hatterene
|
|upkeep
|-start|p1a: The Writer|typechange|Water|[silent]
|turn|7
|
|t:|1758278611
|move|p2a: Hatterene|Psychic Noise|p1a: The Writer
|-damage|p1a: The Writer|14/100
|-start|p1a: The Writer|move: Heal Block
|replace|p1a: Count St. Germain|Zoroark-Hisui, M, shiny
|-end|p1a: Count St. Germain|Illusion
|-enditem|p1a: Count St. Germain|Air Balloon
|move|p1a: Count St. Germain|Hex|p2a: Hatterene
|-supereffective|p2a: Hatterene
|-damage|p2a: Hatterene|0 fnt
|faint|p2a: Hatterene
|
|upkeep
|
|t:|1758278623
|switch|p2a: Ursaluna|Ursaluna, F|100/100
|turn|8
|
|t:|1758278632
|switch|p1a: Mumbo|Clodsire, F|100/100
|-item|p1a: Mumbo|Air Balloon
|move|p2a: Ursaluna|Headlong Rush|p1a: Mumbo
|-immune|p1a: Mumbo
|
|-status|p2a: Ursaluna|brn|[from] item: Flame Orb
|upkeep
|turn|9
|
|t:|1758278643
|switch|p1a: The Writer|Ogerpon-Wellspring-Tera, F|14/100
|-status|p1a: The Writer|tox
|move|p2a: Ursaluna|Swords Dance|p2a: Ursaluna
|-boost|p2a: Ursaluna|atk|2
|
|-damage|p1a: The Writer|8/100 tox|[from] psn
|-damage|p2a: Ursaluna|94/100 brn|[from] brn
|upkeep
|turn|10
|
|t:|1758278650
|move|p2a: Ursaluna|Facade|p1a: The Writer
|-immune|p1a: The Writer
|move|p1a: The Writer|Will-O-Wisp|p2a: Ursaluna
|-fail|p2a: Ursaluna|brn
|
|-damage|p1a: The Writer|0 fnt|[from] psn
|faint|p1a: The Writer
|-damage|p2a: Ursaluna|88/100 brn|[from] brn
|-fieldend|move: Trick Room
|upkeep
|
|t:|1758278653
|switch|p1a: Ingerland|Cinderace, F|32/100
|turn|11
|
|t:|1758278660
|move|p1a: Ingerland|Court Change|p1a: Ingerland
|-start|p1a: Ingerland|typechange|Normal|[from] ability: Libero
|-swapsideconditions
|-activate|p1a: Ingerland|move: Court Change
|move|p2a: Ursaluna|Headlong Rush|p1a: Ingerland
|-damage|p1a: Ingerland|0 fnt
|-unboost|p2a: Ursaluna|def|1
|-unboost|p2a: Ursaluna|spd|1
|faint|p1a: Ingerland
|
|-damage|p2a: Ursaluna|82/100 brn|[from] brn
|upkeep
|
|t:|1758278666
|switch|p1a: The Writer|Ogerpon-Wellspring-Tera, F, tera:Water|100/100
|-ability|p1a: The Writer|Embody Aspect (Wellspring)|boost
|-boost|p1a: The Writer|spd|1
|turn|12
|
|t:|1758278691
|switch|p2a: Gengar|Gengar, M, shiny|100/100
|-sideend|p2: YUcvb|move: Toxic Spikes|[of] p2a: Gengar
|move|p1a: The Writer|Ivy Cudgel|p2a: Gengar|[anim] Ivy Cudgel Water
|-damage|p2a: Gengar|0 fnt
|faint|p2a: Gengar
|
|upkeep
|inactive|YUcvb has 120 seconds left.
|
|t:|1758278701
|switch|p2a: Porygon2|Porygon2, shiny|100/100
|turn|13
|
|t:|1758278705
|move|p1a: The Writer|Ivy Cudgel|p2a: Porygon2|[anim] Ivy Cudgel Water
|-damage|p2a: Porygon2|63/100
|move|p2a: Porygon2|Trick Room|p2a: Porygon2
|-fieldstart|move: Trick Room|[of] p2a: Porygon2
|
|upkeep
|turn|14
|
|t:|1758278715
|move|p2a: Porygon2|Ice Beam|p1a: The Writer
|-resisted|p1a: The Writer
|-damage|p1a: The Writer|92/100
|move|p1a: The Writer|Encore|p2a: Porygon2
|-start|p2a: Porygon2|Encore
|
|upkeep
|turn|15
|
|t:|1758278726
|switch|p2a: Smeargle|Smeargle, F, shiny|1/100
|move|p1a: The Writer|Ivy Cudgel|p2a: Smeargle|[anim] Ivy Cudgel Water
|-crit|p2a: Smeargle
|-damage|p2a: Smeargle|0 fnt
|faint|p2a: Smeargle
|
|upkeep
|
|t:|1758278732
|switch|p2a: Ursaluna|Ursaluna, F|82/100 brn
|turn|16
|
|t:|1758278742
|switch|p1a: Mumbo|Clodsire, F|100/100
|-item|p1a: Mumbo|Air Balloon
|-terastallize|p2a: Ursaluna|Normal
|move|p2a: Ursaluna|Facade|p1a: Mumbo
|-crit|p1a: Mumbo
|-damage|p1a: Mumbo|0 fnt
|-enditem|p1a: Mumbo|Air Balloon
|faint|p1a: Mumbo
|
|-damage|p2a: Ursaluna|76/100 brn|[from] brn
|upkeep
|
|t:|1758278755
|switch|p1a: Minami Torishima|Deoxys-Speed|100/100
|-ability|p1a: Minami Torishima|Pressure
|turn|17
|
|t:|1758278764
|move|p2a: Ursaluna|Facade|p1a: Minami Torishima
|-damage|p1a: Minami Torishima|0 fnt
|faint|p1a: Minami Torishima
|
|-damage|p2a: Ursaluna|70/100 brn|[from] brn
|-fieldend|move: Trick Room
|upkeep
|
|t:|1758278769
|switch|p1a: Pokemon Shield|Zamazenta|100/100
|-ability|p1a: Pokemon Shield|Dauntless Shield|boost
|-boost|p1a: Pokemon Shield|def|1
|turn|18
|
|t:|1758278777
|switch|p2a: Slowking|Slowking-Galar, F|100/100
|move|p1a: Pokemon Shield|Crunch|p2a: Slowking
|-supereffective|p2a: Slowking
|-damage|p2a: Slowking|37/100
|
|upkeep
|turn|19
|
|t:|1758278791
|move|p1a: Pokemon Shield|Crunch|p2a: Slowking
|-supereffective|p2a: Slowking
|-crit|p2a: Slowking
|-damage|p2a: Slowking|0 fnt
|faint|p2a: Slowking
|
|upkeep
|
|t:|1758278793
|switch|p2a: Porygon2|Porygon2, shiny|63/100
|-ability|p2a: Porygon2|Dauntless Shield|Trace|[from] ability: Trace|[of] p1a: Pokemon Shield
|-ability|p2a: Porygon2|Dauntless Shield|boost
|-boost|p2a: Porygon2|def|1
|turn|20
|
|t:|1758278795
|move|p1a: Pokemon Shield|Close Combat|p2a: Porygon2
|-supereffective|p2a: Porygon2
|-damage|p2a: Porygon2|18/100
|-unboost|p1a: Pokemon Shield|def|1
|-unboost|p1a: Pokemon Shield|spd|1
|move|p2a: Porygon2|Trick Room|p2a: Porygon2
|-fieldstart|move: Trick Room|[of] p2a: Porygon2
|
|upkeep
|turn|21
|
|t:|1758278803
|move|p2a: Porygon2|Recover|p2a: Porygon2
|-heal|p2a: Porygon2|68/100
|move|p1a: Pokemon Shield|Close Combat|p2a: Porygon2
|-supereffective|p2a: Porygon2
|-damage|p2a: Porygon2|26/100
|-unboost|p1a: Pokemon Shield|def|1
|-unboost|p1a: Pokemon Shield|spd|1
|
|upkeep
|turn|22
|
|t:|1758278807
|switch|p1a: The Writer|Ogerpon-Wellspring-Tera, F, tera:Water|92/100
|-ability|p1a: The Writer|Embody Aspect (Wellspring)|boost
|-boost|p1a: The Writer|spd|1
|move|p2a: Porygon2|Recover|p2a: Porygon2
|-heal|p2a: Porygon2|76/100
|
|upkeep
|turn|23
|
|t:|1758278812
|move|p2a: Porygon2|Thunderbolt|p1a: The Writer
|-supereffective|p1a: The Writer
|-damage|p1a: The Writer|58/100
|move|p1a: The Writer|Encore|p2a: Porygon2
|-start|p2a: Porygon2|Encore
|
|upkeep
|turn|24
|
|t:|1758278817
|move|p2a: Porygon2|Thunderbolt|p1a: The Writer
|-supereffective|p1a: The Writer
|-damage|p1a: The Writer|22/100
|move|p1a: The Writer|Horn Leech|p2a: Porygon2
|-damage|p2a: Porygon2|61/100
|-heal|p1a: The Writer|32/100|[from] drain|[of] p2a: Porygon2
|
|-fieldend|move: Trick Room
|upkeep
|turn|25
|
|t:|1758278824
|switch|p1a: Pokemon Shield|Zamazenta|100/100
|move|p2a: Porygon2|Thunderbolt|p1a: Pokemon Shield
|-damage|p1a: Pokemon Shield|81/100
|
|-heal|p1a: Pokemon Shield|87/100|[from] item: Leftovers
|upkeep
|turn|26
|
|t:|1758278828
|move|p1a: Pokemon Shield|Close Combat|p2a: Porygon2
|-supereffective|p2a: Porygon2
|-damage|p2a: Porygon2|20/100
|-unboost|p1a: Pokemon Shield|def|1
|-unboost|p1a: Pokemon Shield|spd|1
|move|p2a: Porygon2|Thunderbolt|p1a: Pokemon Shield
|-damage|p1a: Pokemon Shield|56/100
|
|-heal|p1a: Pokemon Shield|62/100|[from] item: Leftovers
|-end|p2a: Porygon2|Encore
|upkeep
|turn|27
|
|t:|1758278834
|move|p1a: Pokemon Shield|Close Combat|p2a: Porygon2
|-supereffective|p2a: Porygon2
|-damage|p2a: Porygon2|0 fnt
|-unboost|p1a: Pokemon Shield|def|1
|-unboost|p1a: Pokemon Shield|spd|1
|faint|p2a: Porygon2
|
|-heal|p1a: Pokemon Shield|68/100|[from] item: Leftovers
|upkeep
|
|t:|1758278837
|switch|p2a: Ursaluna|Ursaluna, F, tera:Normal|70/100 brn
|turn|28
|
|t:|1758278838
|move|p1a: Pokemon Shield|Close Combat|p2a: Ursaluna
|-supereffective|p2a: Ursaluna
|-damage|p2a: Ursaluna|0 fnt
|-unboost|p1a: Pokemon Shield|def|1
|-unboost|p1a: Pokemon Shield|spd|1
|faint|p2a: Ursaluna
|
|win|undertalethemovie
|raw|undertalethemovie's rating: 1294 &rarr; <strong>1318</strong><br />(+24 for winning)
|raw|YUcvb's rating: 1284 &rarr; <strong>1260</strong><br />(-24 for losing)
|l|☆YUcvb
|player|p2|
|l|☆undertalethemovie
|player|p1|
