|j|☆BigJulius
|j|☆ultra man max
|t:|1758355169
|gametype|singles
|player|p1|BigJulius|1|1275
|player|p2|ultra man max|ash-alola|1309
|gen|9
|tier|[Gen 9] OU
|rated|
|rule|HP Percentage Mod: HP is shown in percentages
|rule|Endless Battle Clause: Forcing endless battles is banned
|rule|Species Clause: Limit one of each Pokémon
|rule|OHKO Clause: OHKO moves are banned
|rule|Evasion Items Clause: Evasion items are banned
|rule|Evasion Moves Clause: Evasion moves are banned
|rule|Evasion Abilities Clause: Evasion abilities are banned
|rule|Sleep Moves Clause: Sleep-inducing moves are banned
|clearpoke
|poke|p1|Landorus-Therian, M|
|poke|p1|Slowking, M|
|poke|p1|Skeledirge, F|
|poke|p1|Ninetales-Alola, F|
|poke|p1|Kingambit, F|
|poke|p1|Beartic, M|
|poke|p2|Zamazenta-*|
|poke|p2|Raging Bolt|
|poke|p2|Gholdengo|
|poke|p2|Moltres|
|poke|p2|Iron Treads|
|poke|p2|Alomomola, M|
|teampreview
|inactive|Battle timer is ON: inactive players will automatically lose when time's up. (requested by BigJulius)
|inactive|ultra man max also wants the timer to be on.
|
|t:|1758355180
|teamsize|p1|6
|teamsize|p2|6
|start
|switch|p1a: Landorus|Landorus-Therian, M|100/100
|switch|p2a: 藏指导终于回到了忠诚的帕蒂亚|Zamazenta|100/100
|-ability|p1a: Landorus|Intimidate|boost
|-unboost|p2a: 藏指导终于回到了忠诚的帕蒂亚|atk|1
|-ability|p2a: 藏指导终于回到了忠诚的帕蒂亚|Dauntless Shield|boost
|-boost|p2a: 藏指导终于回到了忠诚的帕蒂亚|def|1
|turn|1
|
|t:|1758355183
|move|p1a: Landorus|U-turn|p2a: 藏指导终于回到了忠诚的帕蒂亚
|-resisted|p2a: 藏指导终于回到了忠诚的帕蒂亚
|-damage|p2a: 藏指导终于回到了忠诚的帕蒂亚|91/100
|
|t:|1758355189
|switch|p1a: Skeledirge|Skeledirge, F|100/100|[from] U-turn
|move|p2a: 藏指导终于回到了忠诚的帕蒂亚|Ice Fang|p1a: Skeledirge
|-resisted|p1a: Skeledirge
|-damage|p1a: Skeledirge|91/100
|-damage|p2a: 藏指导终于回到了忠诚的帕蒂亚|75/100|[from] item: Rocky Helmet|[of] p1a: Skeledirge
|
|upkeep
|turn|2
|
|t:|1758355197
|switch|p2a: 吧逝大酱学之迅雷不迅雷迅雷|Raging Bolt|100/100
|move|p1a: Skeledirge|Will-O-Wisp|p2a: 吧逝大酱学之迅雷不迅雷迅雷
|-status|p2a: 吧逝大酱学之迅雷不迅雷迅雷|brn
|
|-damage|p2a: 吧逝大酱学之迅雷不迅雷迅雷|94/100 brn|[from] brn
|upkeep
|turn|3
|
|t:|1758355209
|move|p2a: 吧逝大酱学之迅雷不迅雷迅雷|Volt Switch|p1a: Skeledirge
|-damage|p1a: Skeledirge|47/100
|
|t:|1758355217
|-end|p2a: 吧逝大酱学之迅雷不迅雷迅雷|Protosynthesis|[silent]
|switch|p2a: 诶 我打大酱 真的假的？|Moltres, shiny|100/100|[from] Volt Switch
|move|p1a: Skeledirge|Torch Song|p2a: 诶 我打大酱 真的假的？
|-resisted|p2a: 诶 我打大酱 真的假的？
|-damage|p2a: 诶 我打大酱 真的假的？|88/100
|-boost|p1a: Skeledirge|spa|1
|
|upkeep
|turn|4
|
|t:|1758355222
|move|p2a: 诶 我打大酱 真的假的？|Scorching Sands|p1a: Skeledirge
|-supereffective|p1a: Skeledirge
|-damage|p1a: Skeledirge|4/100
|move|p1a: Skeledirge|Slack Off|p1a: Skeledirge
|-heal|p1a: Skeledirge|54/100
|
|upkeep
|turn|5
|
|t:|1758355230
|switch|p1a: Landorus|Landorus-Therian, M|100/100
|-ability|p1a: Landorus|Intimidate|boost
|-unboost|p2a: 诶 我打大酱 真的假的？|atk|1
|move|p2a: 诶 我打大酱 真的假的？|U-turn|p1a: Landorus
|-resisted|p1a: Landorus
|-damage|p1a: Landorus|95/100
|
|t:|1758355233
|switch|p2a: 阳光小可爱不会梦到太电闪电强袭雄伟牙|Alomomola, M, shiny|100/100|[from] U-turn
|
|upkeep
|turn|6
|
|t:|1758355254
|switch|p1a: Ninetales|Ninetales-Alola, F|100/100
|-weather|Snowscape|[from] ability: Snow Warning|[of] p1a: Ninetales
|move|p2a: 阳光小可爱不会梦到太电闪电强袭雄伟牙|Flip Turn|p1a: Ninetales
|-crit|p1a: Ninetales
|-damage|p1a: Ninetales|83/100
|
|t:|1758355281
|switch|p2a: 义父猛雷鼓？只是星奴罢了|Iron Treads, shiny|100/100|[from] Flip Turn
|
|-weather|Snowscape|[upkeep]
|upkeep
|turn|7
|
|t:|1758355297
|switch|p1a: Landorus|Landorus-Therian, M|95/100
|-ability|p1a: Landorus|Intimidate|boost
|-unboost|p2a: 义父猛雷鼓？只是星奴罢了|atk|1
|move|p2a: 义父猛雷鼓？只是星奴罢了|Stealth Rock|p1a: Landorus
|-sidestart|p1: BigJulius|move: Stealth Rock
|
|-weather|Snowscape|[upkeep]
|upkeep
|turn|8
|
|t:|1758355307
|-end|p2a: 义父猛雷鼓？只是星奴罢了|Quark Drive|[silent]
|switch|p2a: 阳光小可爱不会梦到太电闪电强袭雄伟牙|Alomomola, M, shiny|100/100
|move|p1a: Landorus|U-turn|p2a: 阳光小可爱不会梦到太电闪电强袭雄伟牙
|-damage|p2a: 阳光小可爱不会梦到太电闪电强袭雄伟牙|86/100
|
|t:|1758355310
|switch|p1a: Ninetales|Ninetales-Alola, F|83/100|[from] U-turn
|-damage|p1a: Ninetales|58/100|[from] Stealth Rock
|
|-weather|Snowscape|[upkeep]
|upkeep
|turn|9
|
|t:|1758355328
|switch|p2a: 诶 我打大酱 真的假的？|Moltres, shiny|88/100
|move|p1a: Ninetales|Aurora Veil|p1a: Ninetales
|-sidestart|p1: BigJulius|move: Aurora Veil
|
|-weather|Snowscape|[upkeep]
|upkeep
|turn|10
|
|t:|1758355336
|move|p1a: Ninetales|Nasty Plot|p1a: Ninetales
|-boost|p1a: Ninetales|spa|2
|move|p2a: 诶 我打大酱 真的假的？|Roost|p2a: 诶 我打大酱 真的假的？
|-heal|p2a: 诶 我打大酱 真的假的？|100/100
|-singleturn|p2a: 诶 我打大酱 真的假的？|move: Roost
|
|-weather|none
|upkeep
|turn|11
|
|t:|1758355344
|move|p1a: Ninetales|Nasty Plot|p1a: Ninetales
|-boost|p1a: Ninetales|spa|2
|move|p2a: 诶 我打大酱 真的假的？|Flamethrower|p1a: Ninetales
|-supereffective|p1a: Ninetales
|-damage|p1a: Ninetales|12/100
|
|upkeep
|turn|12
|
|t:|1758355363
|switch|p2a: 义父猛雷鼓？只是星奴罢了|Iron Treads, shiny|100/100
|move|p1a: Ninetales|Freeze-Dry|p2a: 义父猛雷鼓？只是星奴罢了
|-crit|p2a: 义父猛雷鼓？只是星奴罢了
|-damage|p2a: 义父猛雷鼓？只是星奴罢了|21/100
|-status|p2a: 义父猛雷鼓？只是星奴罢了|frz
|
|upkeep
|turn|13
|
|t:|1758355368
|move|p1a: Ninetales|Freeze-Dry|p2a: 义父猛雷鼓？只是星奴罢了
|-damage|p2a: 义父猛雷鼓？只是星奴罢了|0 fnt
|faint|p2a: 义父猛雷鼓？只是星奴罢了
|-end|p2a: 义父猛雷鼓？只是星奴罢了|Quark Drive|[silent]
|
|upkeep
|
|t:|1758355372
|switch|p2a: 藏指导终于回到了忠诚的帕蒂亚|Zamazenta|75/100
|turn|14
|
|t:|1758355377
|move|p2a: 藏指导终于回到了忠诚的帕蒂亚|Heavy Slam|p1a: Ninetales
|-supereffective|p1a: Ninetales
|-damage|p1a: Ninetales|0 fnt
|faint|p1a: Ninetales
|
|upkeep
|
|t:|1758355390
|switch|p1a: Slowking|Slowking, M|100/100
|-damage|p1a: Slowking|88/100|[from] Stealth Rock
|turn|15
|
|t:|1758355397
|switch|p2a: 吧逝大酱学之迅雷不迅雷迅雷|Raging Bolt|94/100 brn
|-prepare|p1a: Slowking|Chilly Reception|[premajor]
|move|p1a: Slowking|Chilly Reception|p1a: Slowking
|-weather|Snowscape
|
|t:|1758355399
|switch|p1a: Beartic|Beartic, M|100/100|[from] Chilly Reception
|-damage|p1a: Beartic|75/100|[from] Stealth Rock
|
|-weather|Snowscape|[upkeep]
|-damage|p2a: 吧逝大酱学之迅雷不迅雷迅雷|88/100 brn|[from] brn
|upkeep
|turn|16
|
|t:|1758355417
|-terastallize|p2a: 吧逝大酱学之迅雷不迅雷迅雷|Fairy
|move|p1a: Beartic|Swords Dance|p1a: Beartic
|-boost|p1a: Beartic|atk|2
|move|p2a: 吧逝大酱学之迅雷不迅雷迅雷|Draco Meteor|p1a: Beartic|[miss]
|-miss|p2a: 吧逝大酱学之迅雷不迅雷迅雷|p1a: Beartic
|
|-weather|Snowscape|[upkeep]
|-damage|p2a: 吧逝大酱学之迅雷不迅雷迅雷|82/100 brn|[from] brn
|-sideend|p1: BigJulius|move: Aurora Veil
|upkeep
|turn|17
|
|t:|1758355424
|-end|p2a: 吧逝大酱学之迅雷不迅雷迅雷|Protosynthesis|[silent]
|switch|p2a: 阳光小可爱不会梦到太电闪电强袭雄伟牙|Alomomola, M, shiny|100/100
|-terastallize|p1a: Beartic|Ground
|move|p1a: Beartic|Earthquake|p2a: 阳光小可爱不会梦到太电闪电强袭雄伟牙
|-damage|p2a: 阳光小可爱不会梦到太电闪电强袭雄伟牙|25/100
|-damage|p1a: Beartic|66/100|[from] item: Life Orb
|
|-weather|Snowscape|[upkeep]
|upkeep
|turn|18
|
|t:|1758355439
|switch|p2a: 吧逝大酱学之迅雷不迅雷迅雷|Raging Bolt, tera:Fairy|82/100 brn
|move|p1a: Beartic|Body Slam|p2a: 吧逝大酱学之迅雷不迅雷迅雷
|-damage|p2a: 吧逝大酱学之迅雷不迅雷迅雷|22/100 brn
|-damage|p1a: Beartic|56/100|[from] item: Life Orb
|
|-weather|Snowscape|[upkeep]
|-damage|p2a: 吧逝大酱学之迅雷不迅雷迅雷|16/100 brn|[from] brn
|upkeep
|turn|19
|
|t:|1758355452
|-end|p2a: 吧逝大酱学之迅雷不迅雷迅雷|Protosynthesis|[silent]
|switch|p2a: 诶 我打大酱 真的假的？|Moltres, shiny|100/100
|move|p1a: Beartic|Ice Punch|p2a: 诶 我打大酱 真的假的？
|-damage|p2a: 诶 我打大酱 真的假的？|13/100
|-damage|p1a: Beartic|46/100|[from] item: Life Orb
|
|-weather|none
|upkeep
|turn|20
|
|t:|1758355462
|switch|p2a: 阳光小可爱不会梦到太电闪电强袭雄伟牙|Alomomola, M, shiny|58/100
|move|p1a: Beartic|Earthquake|p2a: 阳光小可爱不会梦到太电闪电强袭雄伟牙
|-damage|p2a: 阳光小可爱不会梦到太电闪电强袭雄伟牙|0 fnt
|faint|p2a: 阳光小可爱不会梦到太电闪电强袭雄伟牙
|-damage|p1a: Beartic|36/100|[from] item: Life Orb
|
|upkeep
|
|t:|1758355467
|switch|p2a: 诶 我打大酱 真的假的？|Moltres, shiny|13/100
|turn|21
|-message|ultra man max forfeited.
|
|win|BigJulius
|raw|BigJulius's rating: 1275 &rarr; <strong>1302</strong><br />(+27 for winning)
|raw|ultra man max's rating: 1309 &rarr; <strong>1287</strong><br />(-22 for losing)
|l|☆ultra man max
|player|p2|
|n|!BigJulius|bigjulius
|l|!BigJulius
|player|p1|
