|j|☆DomCat
|j|☆AKO301
|t:|1758354684
|gametype|singles
|player|p1|DomCat|lady-gen4|1362
|player|p2|AKO301|hugh|1429
|gen|9
|tier|[Gen 9] OU
|rated|
|rule|HP Percentage Mod: HP is shown in percentages
|rule|Endless Battle Clause: Forcing endless battles is banned
|rule|Species Clause: Limit one of each Pokémon
|rule|OHKO Clause: OHKO moves are banned
|rule|Evasion Items Clause: Evasion items are banned
|rule|Evasion Moves Clause: Evasion moves are banned
|rule|Evasion Abilities Clause: Evasion abilities are banned
|rule|Sleep Moves Clause: Sleep-inducing moves are banned
|clearpoke
|poke|p1|Heatran, M|
|poke|p1|Quaquaval, M|
|poke|p1|Garganacl, F|
|poke|p1|Gliscor, F|
|poke|p1|Zapdos|
|poke|p1|Walking Wake|
|poke|p2|Lokix, F|
|poke|p2|Cinderace, M|
|poke|p2|Great Tusk|
|poke|p2|Alomomola, M|
|poke|p2|Enamorus, F|
|poke|p2|Slowking-Galar, M|
|teampreview
|inactive|Battle timer is ON: inactive players will automatically lose when time's up. (requested by DomCat)
|
|t:|1758354702
|teamsize|p1|6
|teamsize|p2|6
|start
|switch|p1a: Sparkuno|Zapdos|100/100
|switch|p2a: Lokix|Lokix, F|100/100
|turn|1
|inactive|AKO301 has 120 seconds left.
|
|t:|1758354738
|switch|p2a: Slowking|Slowking-Galar, M|100/100
|move|p1a: Sparkuno|Heat Wave|p2a: Slowking
|-damage|p2a: Slowking|72/100
|
|upkeep
|turn|2
|
|t:|1758354743
|move|p1a: Sparkuno|Volt Switch|p2a: Slowking
|-damage|p2a: Slowking|40/100
|
|t:|1758354750
|switch|p1a: Molten Salt|Heatran, M|100/100|[from] Volt Switch
|-prepare|p2a: Slowking|Chilly Reception|[premajor]
|move|p2a: Slowking|Chilly Reception|p2a: Slowking
|-weather|Snowscape
|
|t:|1758354760
|switch|p2a: Great Tusk|Great Tusk|100/100|[from] Chilly Reception
|
|-weather|Snowscape|[upkeep]
|upkeep
|turn|3
|
|t:|1758354765
|switch|p1a: Sparkuno|Zapdos|100/100
|move|p2a: Great Tusk|Knock Off|p1a: Sparkuno
|-damage|p1a: Sparkuno|70/100
|-enditem|p1a: Sparkuno|Heavy-Duty Boots|[from] move: Knock Off|[of] p2a: Great Tusk
|
|-weather|Snowscape|[upkeep]
|upkeep
|turn|4
|
|t:|1758354779
|-end|p2a: Great Tusk|Protosynthesis|[silent]
|switch|p2a: Slowking|Slowking-Galar, M|73/100
|move|p1a: Sparkuno|Hurricane|p2a: Slowking|[miss]
|-miss|p1a: Sparkuno|p2a: Slowking
|
|-weather|Snowscape|[upkeep]
|upkeep
|turn|5
|
|t:|1758354785
|move|p1a: Sparkuno|Hurricane|p2a: Slowking
|-damage|p2a: Slowking|22/100
|-prepare|p2a: Slowking|Chilly Reception|[premajor]
|move|p2a: Slowking|Chilly Reception|p2a: Slowking
|
|t:|1758354796
|switch|p2a: Enamorus|Enamorus, F|100/100|[from] Chilly Reception
|
|-weather|Snowscape|[upkeep]
|upkeep
|turn|6
|
|t:|1758354800
|move|p2a: Enamorus|Earth Power|p1a: Sparkuno
|-immune|p1a: Sparkuno
|move|p1a: Sparkuno|Volt Switch|p2a: Enamorus
|-supereffective|p2a: Enamorus
|-damage|p2a: Enamorus|0 fnt
|faint|p2a: Enamorus
|
|t:|1758354810
|switch|p1a: Boiling Dragon|Walking Wake|100/100|[from] Volt Switch
|
|-weather|none
|upkeep
|
|t:|1758354815
|switch|p2a: Alomomola|Alomomola, M|100/100
|turn|7
|
|t:|1758354820
|move|p1a: Boiling Dragon|Draco Meteor|p2a: Alomomola|[miss]
|-miss|p1a: Boiling Dragon|p2a: Alomomola
|move|p2a: Alomomola|Mirror Coat||[still]
|-fail|p2a: Alomomola
|
|upkeep
|turn|8
|
|t:|1758354830
|-end|p1a: Boiling Dragon|Protosynthesis|[silent]
|switch|p1a: Himalayan Salt|Garganacl, F|100/100
|move|p2a: Alomomola|Flip Turn|p1a: Himalayan Salt
|-supereffective|p1a: Himalayan Salt
|-damage|p1a: Himalayan Salt|76/100
|
|t:|1758354837
|switch|p2a: Great Tusk|Great Tusk|100/100|[from] Flip Turn
|
|-heal|p1a: Himalayan Salt|82/100|[from] item: Leftovers
|upkeep
|turn|9
|
|t:|1758354845
|switch|p1a: Sparkuno|Zapdos|70/100
|move|p2a: Great Tusk|Earthquake|p1a: Sparkuno
|-immune|p1a: Sparkuno
|
|upkeep
|turn|10
|
|t:|1758354863
|move|p2a: Great Tusk|Knock Off|p1a: Sparkuno
|-damage|p1a: Sparkuno|50/100
|-status|p2a: Great Tusk|par|[from] ability: Static|[of] p1a: Sparkuno
|move|p1a: Sparkuno|Hurricane|p2a: Great Tusk
|-supereffective|p2a: Great Tusk
|-damage|p2a: Great Tusk|0 fnt
|faint|p2a: Great Tusk
|-end|p2a: Great Tusk|Protosynthesis|[silent]
|
|upkeep
|-message|AKO301 forfeited.
|
|win|DomCat
|raw|DomCat's rating: 1362 &rarr; <strong>1386</strong><br />(+24 for winning)
|raw|AKO301's rating: 1429 &rarr; <strong>1405</strong><br />(-24 for losing)
|l|☆AKO301
|player|p2|
