|j|☆dackit
|j|☆pikalyte3
|t:|1758233055
|gametype|singles
|player|p1|dackit|169|1544
|player|p2|pikalyte3|dancer|1584
|gen|9
|tier|[Gen 9] OU
|rated|
|rule|HP Percentage Mod: HP is shown in percentages
|rule|Endless Battle Clause: Forcing endless battles is banned
|rule|Species Clause: Limit one of each Pokémon
|rule|OHKO Clause: OHKO moves are banned
|rule|Evasion Items Clause: Evasion items are banned
|rule|Evasion Moves Clause: Evasion moves are banned
|rule|Evasion Abilities Clause: Evasion abilities are banned
|rule|Sleep Moves Clause: Sleep-inducing moves are banned
|clearpoke
|poke|p1|Zamazenta-*|
|poke|p1|Alomomola, M|
|poke|p1|Rillaboom, F|
|poke|p1|Weezing-Galar, F|
|poke|p1|Ting-Lu|
|poke|p1|Scizor, M|
|poke|p2|Landorus-Therian, M|
|poke|p2|Zamazenta-*|
|poke|p2|Raging Bolt|
|poke|p2|Darkrai|
|poke|p2|Gholdengo|
|poke|p2|Ogerpon-Wellspring, F|
|teampreview
|inactive|Battle timer is ON: inactive players will automatically lose when time's up. (requested by pikalyte3)
|
|t:|1758233098
|teamsize|p1|6
|teamsize|p2|6
|start
|switch|p1a: Rillaboom|Rillaboom, F|100/100
|switch|p2a: Spring Water|Ogerpon-Wellspring, F|100/100
|-fieldstart|move: Grassy Terrain|[from] ability: Grassy Surge|[of] p1a: Rillaboom
|turn|1
|
|t:|1758233121
|move|p2a: Spring Water|U-turn|p1a: Rillaboom
|-supereffective|p1a: Rillaboom
|-damage|p1a: Rillaboom|36/100
|
|t:|1758233129
|switch|p2a: Land Rover|Landorus-Therian, M|100/100|[from] U-turn
|-ability|p2a: Land Rover|Intimidate|boost
|-unboost|p1a: Rillaboom|atk|1
|move|p1a: Rillaboom|U-turn|p2a: Land Rover
|-resisted|p2a: Land Rover
|-damage|p2a: Land Rover|88/100
|-damage|p1a: Rillaboom|20/100|[from] item: Rocky Helmet|[of] p2a: Land Rover
|
|t:|1758233135
|switch|p1a: Alomomola|Alomomola, M|100/100|[from] U-turn
|
|upkeep
|turn|2
|
|t:|1758233138
|move|p2a: Land Rover|Taunt|p1a: Alomomola
|-start|p1a: Alomomola|move: Taunt
|cant|p1a: Alomomola|move: Taunt|Wish
|
|upkeep
|turn|3
|
|t:|1758233146
|switch|p1a: Scizor|Scizor, M|100/100
|move|p2a: Land Rover|Stealth Rock|p1a: Scizor
|-sidestart|p1: dackit|move: Stealth Rock
|
|upkeep
|turn|4
|
|t:|1758233149
|move|p2a: Land Rover|Earth Power|p1a: Scizor
|-damage|p1a: Scizor|70/100
|move|p1a: Scizor|Knock Off|p2a: Land Rover
|-damage|p2a: Land Rover|47/100
|-damage|p1a: Scizor|53/100|[from] item: Rocky Helmet|[of] p2a: Land Rover
|-enditem|p2a: Land Rover|Rocky Helmet|[from] move: Knock Off|[of] p1a: Scizor
|
|-heal|p1a: Scizor|59/100|[from] Grassy Terrain
|upkeep
|turn|5
|
|t:|1758233155
|move|p2a: Land Rover|Earth Power|p1a: Scizor
|-damage|p1a: Scizor|30/100
|move|p1a: Scizor|U-turn|p2a: Land Rover
|-resisted|p2a: Land Rover
|-damage|p2a: Land Rover|27/100
|
|t:|1758233164
|switch|p1a: Zamazenta|Zamazenta|100/100|[from] U-turn
|-damage|p1a: Zamazenta|94/100|[from] Stealth Rock
|-ability|p1a: Zamazenta|Dauntless Shield|boost
|-boost|p1a: Zamazenta|def|1
|
|-heal|p1a: Zamazenta|100/100|[from] Grassy Terrain
|-fieldend|move: Grassy Terrain
|upkeep
|turn|6
|
|t:|1758233169
|switch|p2a: Gholdilocks|Gholdengo|100/100
|move|p1a: Zamazenta|Iron Defense|p1a: Zamazenta
|-boost|p1a: Zamazenta|def|2
|
|upkeep
|turn|7
|
|t:|1758233176
|switch|p1a: Ting-Lu|Ting-Lu|100/100
|-ability|p1a: Ting-Lu|Vessel of Ruin
|move|p2a: Gholdilocks|Trick|p1a: Ting-Lu
|-activate|p2a: Gholdilocks|move: Trick|[of] p1a: Ting-Lu
|-item|p1a: Ting-Lu|Choice Scarf|[from] move: Trick
|-item|p2a: Gholdilocks|Heavy-Duty Boots|[from] move: Trick
|
|upkeep
|turn|8
|
|t:|1758233183
|switch|p2a: Spring Water|Ogerpon-Wellspring, F|100/100
|move|p1a: Ting-Lu|Stealth Rock|p2a: Spring Water
|-sidestart|p2: pikalyte3|move: Stealth Rock
|
|upkeep
|turn|9
|
|t:|1758233193
|switch|p1a: Weezing|Weezing-Galar, F|100/100
|-ability|p1a: Weezing|Neutralizing Gas
|move|p2a: Spring Water|Ivy Cudgel|p1a: Weezing|[anim] Ivy Cudgel Water
|-damage|p1a: Weezing|60/100
|
|upkeep
|turn|10
|
|t:|1758233198
|move|p2a: Spring Water|U-turn|p1a: Weezing
|-resisted|p1a: Weezing
|-damage|p1a: Weezing|56/100
|
|t:|1758233201
|switch|p2a: Gholdilocks|Gholdengo|100/100|[from] U-turn
|move|p1a: Weezing|Will-O-Wisp|p2a: Gholdilocks
|-status|p2a: Gholdilocks|brn
|
|-damage|p2a: Gholdilocks|94/100 brn|[from] brn
|upkeep
|turn|11
|
|t:|1758233213
|switch|p2a: Spring Water|Ogerpon-Wellspring, F|100/100
|-damage|p2a: Spring Water|88/100|[from] Stealth Rock
|-end|p1a: Weezing|ability: Neutralizing Gas
|switch|p1a: Alomomola|Alomomola, M|100/100
|
|upkeep
|turn|12
|
|t:|1758233225
|switch|p1a: Zamazenta|Zamazenta|100/100
|-damage|p1a: Zamazenta|94/100|[from] Stealth Rock
|move|p2a: Spring Water|Swords Dance|p2a: Spring Water
|-boost|p2a: Spring Water|atk|2
|
|-heal|p1a: Zamazenta|100/100|[from] item: Leftovers
|upkeep
|turn|13
|
|t:|1758233229
|move|p1a: Zamazenta|Iron Defense|p1a: Zamazenta
|-boost|p1a: Zamazenta|def|2
|move|p2a: Spring Water|Power Whip|p1a: Zamazenta
|-damage|p1a: Zamazenta|45/100
|
|-heal|p1a: Zamazenta|52/100|[from] item: Leftovers
|upkeep
|turn|14
|
|t:|1758233235
|switch|p2a: Gholdilocks|Gholdengo|94/100 brn
|move|p1a: Zamazenta|Body Press|p2a: Gholdilocks
|-immune|p2a: Gholdilocks
|
|-heal|p1a: Zamazenta|58/100|[from] item: Leftovers
|-damage|p2a: Gholdilocks|88/100 brn|[from] brn
|upkeep
|turn|15
|
|t:|1758233244
|-terastallize|p1a: Zamazenta|Fire
|move|p1a: Zamazenta|Crunch|p2a: Gholdilocks
|-supereffective|p2a: Gholdilocks
|-damage|p2a: Gholdilocks|40/100 brn
|-unboost|p2a: Gholdilocks|def|1
|move|p2a: Gholdilocks|Dazzling Gleam|p1a: Zamazenta
|-resisted|p1a: Zamazenta
|-damage|p1a: Zamazenta|48/100
|
|-heal|p1a: Zamazenta|54/100|[from] item: Leftovers
|-damage|p2a: Gholdilocks|34/100 brn|[from] brn
|upkeep
|turn|16
|
|t:|1758233256
|move|p1a: Zamazenta|Crunch|p2a: Gholdilocks
|-supereffective|p2a: Gholdilocks
|-damage|p2a: Gholdilocks|0 fnt
|faint|p2a: Gholdilocks
|
|-heal|p1a: Zamazenta|60/100|[from] item: Leftovers
|upkeep
|
|t:|1758233268
|switch|p2a: Long Neck|Raging Bolt|100/100
|-damage|p2a: Long Neck|88/100|[from] Stealth Rock
|-enditem|p2a: Long Neck|Booster Energy
|-activate|p2a: Long Neck|ability: Protosynthesis|[fromitem]
|-start|p2a: Long Neck|protosynthesisspa
|turn|17
|
|t:|1758233273
|switch|p1a: Ting-Lu|Ting-Lu|100/100
|-damage|p1a: Ting-Lu|94/100|[from] Stealth Rock
|-ability|p1a: Ting-Lu|Vessel of Ruin
|move|p2a: Long Neck|Dragon Pulse|p1a: Ting-Lu
|-damage|p1a: Ting-Lu|68/100
|
|upkeep
|turn|18
|
|t:|1758233280
|-end|p2a: Long Neck|Protosynthesis|[silent]
|switch|p2a: Land Rover|Landorus-Therian, M|27/100
|-damage|p2a: Land Rover|15/100|[from] Stealth Rock
|-ability|p2a: Land Rover|Intimidate|boost
|-unboost|p1a: Ting-Lu|atk|1
|move|p1a: Ting-Lu|Whirlwind|p2a: Land Rover
|drag|p2a: Long Neck|Raging Bolt|88/100
|-damage|p2a: Long Neck|75/100|[from] Stealth Rock
|
|upkeep
|turn|19
|
|t:|1758233286
|move|p2a: Long Neck|Dragon Pulse|p1a: Ting-Lu
|-damage|p1a: Ting-Lu|46/100
|move|p1a: Ting-Lu|Whirlwind|p2a: Long Neck
|-end|p2a: Long Neck|Protosynthesis|[silent]
|drag|p2a: Top Dog|Zamazenta|100/100
|-damage|p2a: Top Dog|94/100|[from] Stealth Rock
|-ability|p2a: Top Dog|Dauntless Shield|boost
|-boost|p2a: Top Dog|def|1
|
|upkeep
|turn|20
|
|t:|1758233292
|switch|p1a: Weezing|Weezing-Galar, F|56/100
|-ability|p1a: Weezing|Neutralizing Gas
|move|p2a: Top Dog|Close Combat|p1a: Weezing
|-resisted|p1a: Weezing
|-damage|p1a: Weezing|44/100
|-unboost|p2a: Top Dog|def|1
|-unboost|p2a: Top Dog|spd|1
|-damage|p2a: Top Dog|84/100|[from] item: Life Orb
|
|upkeep
|turn|21
|
|t:|1758233303
|-end|p1a: Weezing|ability: Neutralizing Gas
|switch|p1a: Alomomola|Alomomola, M|100/100
|move|p2a: Top Dog|Heavy Slam|p1a: Alomomola
|-resisted|p1a: Alomomola
|-damage|p1a: Alomomola|88/100
|-damage|p2a: Top Dog|75/100|[from] item: Life Orb
|
|upkeep
|turn|22
|
|t:|1758233307
|switch|p2a: Spring Water|Ogerpon-Wellspring, F|88/100
|-damage|p2a: Spring Water|76/100|[from] Stealth Rock
|move|p1a: Alomomola|Wish|p1a: Alomomola
|
|upkeep
|turn|23
|
|t:|1758233318
|switch|p1a: Weezing|Weezing-Galar, F|44/100
|-ability|p1a: Weezing|Neutralizing Gas
|move|p2a: Spring Water|Ivy Cudgel|p1a: Weezing|[anim] Ivy Cudgel Water
|-damage|p1a: Weezing|2/100
|
|-heal|p1a: Weezing|82/100|[from] move: Wish|[wisher] Alomomola
|upkeep
|turn|24
|
|t:|1758233327
|move|p2a: Spring Water|U-turn|p1a: Weezing
|-resisted|p1a: Weezing
|-damage|p1a: Weezing|78/100
|
|t:|1758233329
|switch|p2a: Land Rover|Landorus-Therian, M|15/100|[from] U-turn
|-damage|p2a: Land Rover|3/100|[from] Stealth Rock
|move|p1a: Weezing|Will-O-Wisp|p2a: Land Rover|[miss]
|-miss|p1a: Weezing|p2a: Land Rover
|
|upkeep
|turn|25
|
|t:|1758233334
|-end|p1a: Weezing|ability: Neutralizing Gas
|-ability|p2a: Land Rover|Intimidate|boost
|-unboost|p1a: Weezing|atk|1
|switch|p1a: Alomomola|Alomomola, M|100/100
|move|p2a: Land Rover|Earth Power|p1a: Alomomola
|-damage|p1a: Alomomola|57/100
|
|upkeep
|turn|26
|
|t:|1758233341
|move|p2a: Land Rover|Earth Power|p1a: Alomomola
|-damage|p1a: Alomomola|14/100
|move|p1a: Alomomola|Wish|p1a: Alomomola
|
|upkeep
|turn|27
|
|t:|1758233349
|switch|p1a: Scizor|Scizor, M|30/100
|-damage|p1a: Scizor|18/100|[from] Stealth Rock
|move|p2a: Land Rover|U-turn|p1a: Scizor
|-resisted|p1a: Scizor
|-damage|p1a: Scizor|6/100
|
|t:|1758233355
|switch|p2a: Top Dog|Zamazenta|75/100|[from] U-turn
|-damage|p2a: Top Dog|68/100|[from] Stealth Rock
|
|-heal|p1a: Scizor|100/100|[from] move: Wish|[wisher] Alomomola
|upkeep
|turn|28
|
|t:|1758233363
|move|p2a: Top Dog|Close Combat|p1a: Scizor
|-damage|p1a: Scizor|6/100
|-unboost|p2a: Top Dog|def|1
|-unboost|p2a: Top Dog|spd|1
|-damage|p2a: Top Dog|59/100|[from] item: Life Orb
|move|p1a: Scizor|U-turn|p2a: Top Dog
|-resisted|p2a: Top Dog
|-damage|p2a: Top Dog|33/100
|
|t:|1758233374
|switch|p1a: Rillaboom|Rillaboom, F|20/100|[from] U-turn
|-damage|p1a: Rillaboom|7/100|[from] Stealth Rock
|-fieldstart|move: Grassy Terrain|[from] ability: Grassy Surge|[of] p1a: Rillaboom
|
|-heal|p2a: Top Dog|39/100|[from] Grassy Terrain
|-heal|p1a: Rillaboom|13/100|[from] Grassy Terrain
|upkeep
|turn|29
|
|t:|1758233381
|switch|p2a: Land Rover|Landorus-Therian, M|3/100
|-damage|p2a: Land Rover|0 fnt|[from] Stealth Rock
|faint|p2a: Land Rover
|switch|p1a: Alomomola|Alomomola, M|47/100
|
|-heal|p1a: Alomomola|53/100|[from] Grassy Terrain
|upkeep
|
|t:|1758233393
|switch|p2a: Long Neck|Raging Bolt|75/100
|-damage|p2a: Long Neck|63/100|[from] Stealth Rock
|turn|30
|
|t:|1758233402
|switch|p1a: Ting-Lu|Ting-Lu|46/100
|-damage|p1a: Ting-Lu|40/100|[from] Stealth Rock
|-ability|p1a: Ting-Lu|Vessel of Ruin
|move|p2a: Long Neck|Dragon Pulse|p1a: Ting-Lu
|-damage|p1a: Ting-Lu|18/100
|
|-heal|p2a: Long Neck|69/100|[from] Grassy Terrain
|-heal|p1a: Ting-Lu|24/100|[from] Grassy Terrain
|upkeep
|turn|31
|
|t:|1758233405
|move|p2a: Long Neck|Dragon Pulse|p1a: Ting-Lu
|-damage|p1a: Ting-Lu|4/100
|move|p1a: Ting-Lu|Ruination|p2a: Long Neck
|-damage|p2a: Long Neck|35/100
|
|-heal|p2a: Long Neck|41/100|[from] Grassy Terrain
|-heal|p1a: Ting-Lu|11/100|[from] Grassy Terrain
|upkeep
|turn|32
|
|t:|1758233409
|move|p2a: Long Neck|Dragon Pulse|p1a: Ting-Lu
|-damage|p1a: Ting-Lu|0 fnt
|faint|p1a: Ting-Lu
|
|-heal|p2a: Long Neck|47/100|[from] Grassy Terrain
|-fieldend|move: Grassy Terrain
|upkeep
|
|t:|1758233415
|switch|p1a: Weezing|Weezing-Galar, F|78/100
|-ability|p1a: Weezing|Neutralizing Gas
|turn|33
|
|t:|1758233434
|move|p2a: Long Neck|Thunderbolt|p1a: Weezing
|-damage|p1a: Weezing|6/100
|move|p1a: Weezing|Sludge Bomb|p2a: Long Neck
|-damage|p2a: Long Neck|18/100
|-status|p2a: Long Neck|psn
|
|-damage|p2a: Long Neck|6/100 psn|[from] psn
|upkeep
|turn|34
|
|t:|1758233442
|-end|p1a: Weezing|ability: Neutralizing Gas
|switch|p1a: Scizor|Scizor, M|6/100
|-damage|p1a: Scizor|0 fnt|[from] Stealth Rock
|faint|p1a: Scizor
|move|p2a: Long Neck|Thunderbolt|p1: Scizor|[notarget]
|-fail|p2a: Long Neck
|
|-damage|p2a: Long Neck|0 fnt|[from] psn
|faint|p2a: Long Neck
|-end|p2a: Long Neck|Protosynthesis|[silent]
|upkeep
|
|t:|1758233458
|switch|p2a: ThugRai|Darkrai|100/100
|switch|p1a: Rillaboom|Rillaboom, F|13/100
|-damage|p1a: Rillaboom|1/100|[from] Stealth Rock
|-fieldstart|move: Grassy Terrain|[from] ability: Grassy Surge|[of] p1a: Rillaboom
|turn|35
|
|t:|1758233469
|-terastallize|p2a: ThugRai|Poison
|move|p1a: Rillaboom|Grassy Glide|p2a: ThugRai
|-resisted|p2a: ThugRai
|-damage|p2a: ThugRai|62/100
|move|p2a: ThugRai|Dark Pulse|p1a: Rillaboom
|-damage|p1a: Rillaboom|0 fnt
|faint|p1a: Rillaboom
|
|-heal|p2a: ThugRai|68/100|[from] Grassy Terrain
|upkeep
|
|t:|1758233476
|switch|p1a: Zamazenta|Zamazenta, tera:Fire|60/100
|-damage|p1a: Zamazenta|35/100|[from] Stealth Rock
|turn|36
|
|t:|1758233481
|move|p1a: Zamazenta|Body Press|p2a: ThugRai
|-resisted|p2a: ThugRai
|-damage|p2a: ThugRai|47/100
|move|p2a: ThugRai|Dark Pulse|p1a: Zamazenta
|-damage|p1a: Zamazenta|1/100
|
|-heal|p1a: Zamazenta|7/100|[from] Grassy Terrain
|-heal|p1a: Zamazenta|13/100|[from] item: Leftovers
|-heal|p2a: ThugRai|53/100|[from] Grassy Terrain
|upkeep
|turn|37
|
|t:|1758233485
|move|p1a: Zamazenta|Crunch|p2a: ThugRai
|-damage|p2a: ThugRai|25/100
|move|p2a: ThugRai|Dark Pulse|p1a: Zamazenta
|-damage|p1a: Zamazenta|0 fnt
|faint|p1a: Zamazenta
|
|-heal|p2a: ThugRai|31/100|[from] Grassy Terrain
|upkeep
|
|t:|1758233489
|switch|p1a: Alomomola|Alomomola, M|87/100
|turn|38
|
|t:|1758233491
|move|p2a: ThugRai|Nasty Plot|p2a: ThugRai
|-boost|p2a: ThugRai|spa|2
|move|p1a: Alomomola|Wish|p1a: Alomomola
|
|-heal|p2a: ThugRai|37/100|[from] Grassy Terrain
|-heal|p1a: Alomomola|93/100|[from] Grassy Terrain
|upkeep
|turn|39
|
|t:|1758233494
|move|p2a: ThugRai|Dark Pulse|p1a: Alomomola
|-crit|p1a: Alomomola
|-damage|p1a: Alomomola|0 fnt
|faint|p1a: Alomomola
|
|-heal|p2a: ThugRai|43/100|[from] Grassy Terrain
|-fieldend|move: Grassy Terrain
|upkeep
|-message|dackit forfeited.
|
|win|pikalyte3
|raw|dackit's rating: 1544 &rarr; <strong>1526</strong><br />(-18 for losing)
|raw|pikalyte3's rating: 1584 &rarr; <strong>1602</strong><br />(+18 for winning)
|l|☆dackit
|player|p1|
|c|☆pikalyte3|gg
