|j|☆Ryan's World
|j|☆spiralcurriculum
|t:|1758235511
|gametype|singles
|player|p1|Ryan's World|169|1560
|player|p2|spiralcurriculum|wattson|1520
|gen|9
|tier|[Gen 9] OU
|rated|
|rule|HP Percentage Mod: HP is shown in percentages
|rule|Endless Battle Clause: Forcing endless battles is banned
|rule|Species Clause: Limit one of each Pokémon
|rule|OHKO Clause: OHKO moves are banned
|rule|Evasion Items Clause: Evasion items are banned
|rule|Evasion Moves Clause: Evasion moves are banned
|rule|Evasion Abilities Clause: Evasion abilities are banned
|rule|Sleep Moves Clause: Sleep-inducing moves are banned
|clearpoke
|poke|p1|Ninetales, M|
|poke|p1|Espeon, F|
|poke|p1|Walking Wake|
|poke|p1|Venusaur, M|
|poke|p1|Slither Wing|
|poke|p1|Comfey, F|
|poke|p2|Raging Bolt|
|poke|p2|Ogerpon-Wellspring, F|
|poke|p2|Hatterene, F|
|poke|p2|Landorus-Therian, M|
|poke|p2|Kingambit, M|
|poke|p2|Zamazenta-*|
|teampreview
|inactive|Battle timer is ON: inactive players will automatically lose when time's up. (requested by Ryan's World)
|
|t:|1758235536
|teamsize|p1|6
|teamsize|p2|6
|start
|switch|p1a: Ninetales|Ninetales, M|100/100
|switch|p2a: Hatterihanna|Hatterene, F, shiny|100/100
|-weather|SunnyDay|[from] ability: Drought|[of] p1a: Ninetales
|turn|1
|
|t:|1758235541
|move|p1a: Ninetales|Overheat|p2a: Hatterihanna
|-damage|p2a: Hatterihanna|67/100
|-unboost|p1a: Ninetales|spa|2
|move|p2a: Hatterihanna|Nuzzle|p1a: Ninetales
|-damage|p1a: Ninetales|96/100
|-status|p1a: Ninetales|par
|
|-weather|SunnyDay|[upkeep]
|upkeep
|turn|2
|
|t:|1758235558
|switch|p1a: Venusaur|Venusaur, M|100/100
|switch|p2a: Usain Bolt|Raging Bolt|100/100
|-activate|p2a: Usain Bolt|ability: Protosynthesis
|-start|p2a: Usain Bolt|protosynthesisspa
|
|-weather|SunnyDay|[upkeep]
|upkeep
|turn|3
|
|t:|1758235569
|move|p1a: Venusaur|Sludge Bomb|p2a: Usain Bolt
|-damage|p2a: Usain Bolt|49/100
|-status|p2a: Usain Bolt|psn
|-damage|p1a: Venusaur|91/100|[from] item: Life Orb
|move|p2a: Usain Bolt|Volt Switch|p1a: Venusaur
|-resisted|p1a: Venusaur
|-damage|p1a: Venusaur|44/100
|
|t:|1758235582
|-end|p2a: Usain Bolt|Protosynthesis|[silent]
|switch|p2a: Off The Pooch|Zamazenta|100/100|[from] Volt Switch
|-ability|p2a: Off The Pooch|Dauntless Shield|boost
|-boost|p2a: Off The Pooch|def|1
|
|-weather|SunnyDay|[upkeep]
|upkeep
|turn|4
|
|t:|1758235588
|move|p1a: Venusaur|Solar Beam||[still]
|-prepare|p1a: Venusaur|Solar Beam
|-anim|p1a: Venusaur|Solar Beam|p2a: Off The Pooch
|-damage|p2a: Off The Pooch|44/100
|-damage|p1a: Venusaur|34/100|[from] item: Life Orb
|move|p2a: Off The Pooch|Roar|p1a: Venusaur
|drag|p1a: Walking Wake|Walking Wake|100/100
|-activate|p1a: Walking Wake|ability: Protosynthesis
|-start|p1a: Walking Wake|protosynthesisspe
|
|-weather|SunnyDay|[upkeep]
|-heal|p2a: Off The Pooch|50/100|[from] item: Leftovers
|upkeep
|turn|5
|
|t:|1758235602
|move|p1a: Walking Wake|Weather Ball|p2a: Off The Pooch
|-damage|p2a: Off The Pooch|0 fnt
|faint|p2a: Off The Pooch
|
|-weather|SunnyDay|[upkeep]
|upkeep
|
|t:|1758235615
|switch|p2a: Hatterihanna|Hatterene, F, shiny|67/100
|turn|6
|
|t:|1758235634
|-end|p1a: Walking Wake|Protosynthesis|[silent]
|switch|p1a: Ninetales|Ninetales, M|96/100 par
|move|p2a: Hatterihanna|Nuzzle|p1a: Ninetales
|-damage|p1a: Ninetales|91/100 par
|
|-weather|SunnyDay|[upkeep]
|upkeep
|turn|7
|
|t:|1758235641
|switch|p2a: Usain Bolt|Raging Bolt|49/100 psn
|-activate|p2a: Usain Bolt|ability: Protosynthesis
|-start|p2a: Usain Bolt|protosynthesisspa
|move|p1a: Ninetales|Overheat|p2a: Usain Bolt
|-resisted|p2a: Usain Bolt
|-damage|p2a: Usain Bolt|22/100 psn
|-unboost|p1a: Ninetales|spa|2
|
|-weather|SunnyDay|[upkeep]
|-damage|p2a: Usain Bolt|10/100 psn|[from] psn
|upkeep
|turn|8
|
|t:|1758235658
|switch|p1a: Espeon|Espeon, F|100/100
|move|p2a: Usain Bolt|Volt Switch|p1a: Espeon
|-damage|p1a: Espeon|2/100
|
|t:|1758235676
|-end|p2a: Usain Bolt|Protosynthesis|[silent]
|switch|p2a: Lando Norris|Landorus-Therian, M|100/100|[from] Volt Switch
|-ability|p2a: Lando Norris|Intimidate|boost
|-unboost|p1a: Espeon|atk|1
|
|-weather|none
|upkeep
|turn|9
|
|t:|1758235680
|move|p1a: Espeon|Psyshock|p2a: Lando Norris
|-damage|p2a: Lando Norris|61/100
|move|p2a: Lando Norris|U-turn|p1a: Espeon
|-supereffective|p1a: Espeon
|-damage|p1a: Espeon|0 fnt
|faint|p1a: Espeon
|
|t:|1758235693
|switch|p2a: Spring Cleaning|Ogerpon-Wellspring, F|100/100|[from] U-turn
|
|upkeep
|
|t:|1758235697
|switch|p1a: Slither Wing|Slither Wing|100/100
|turn|10
|
|t:|1758235700
|switch|p2a: Usain Bolt|Raging Bolt|10/100 psn
|move|p1a: Slither Wing|U-turn|p2a: Usain Bolt
|-damage|p2a: Usain Bolt|0 fnt
|faint|p2a: Usain Bolt
|-end|p2a: Usain Bolt|Protosynthesis|[silent]
|
|t:|1758235702
|-end|p1a: Slither Wing|Protosynthesis|[silent]
|switch|p1a: Ninetales|Ninetales, M|91/100 par|[from] U-turn
|-weather|SunnyDay|[from] ability: Drought|[of] p1a: Ninetales
|
|-weather|SunnyDay|[upkeep]
|upkeep
|
|t:|1758235713
|switch|p2a: Lando Norris|Landorus-Therian, M|61/100
|-ability|p2a: Lando Norris|Intimidate|boost
|-unboost|p1a: Ninetales|atk|1
|turn|11
|
|t:|1758235717
|switch|p1a: Slither Wing|Slither Wing|100/100
|-activate|p1a: Slither Wing|ability: Protosynthesis
|-start|p1a: Slither Wing|protosynthesisatk
|move|p2a: Lando Norris|Stealth Rock|p1a: Slither Wing
|-sidestart|p1: Ryan's World|move: Stealth Rock
|
|-weather|SunnyDay|[upkeep]
|upkeep
|turn|12
|
|t:|1758235724
|move|p2a: Lando Norris|U-turn|p1a: Slither Wing
|-resisted|p1a: Slither Wing
|-damage|p1a: Slither Wing|86/100
|
|t:|1758235739
|switch|p2a: Hatterihanna|Hatterene, F, shiny|67/100|[from] U-turn
|move|p1a: Slither Wing|Close Combat|p2a: Hatterihanna
|-resisted|p2a: Hatterihanna
|-damage|p2a: Hatterihanna|26/100
|-unboost|p1a: Slither Wing|def|1
|-unboost|p1a: Slither Wing|spd|1
|
|-weather|SunnyDay|[upkeep]
|upkeep
|turn|13
|
|t:|1758235750
|move|p1a: Slither Wing|Close Combat|p2a: Hatterihanna
|-resisted|p2a: Hatterihanna
|-damage|p2a: Hatterihanna|0 fnt
|-unboost|p1a: Slither Wing|def|1
|-unboost|p1a: Slither Wing|spd|1
|faint|p2a: Hatterihanna
|
|-weather|SunnyDay|[upkeep]
|upkeep
|
|t:|1758235766
|switch|p2a: Lando Norris|Landorus-Therian, M|61/100
|-ability|p2a: Lando Norris|Intimidate|boost
|-unboost|p1a: Slither Wing|atk|1
|turn|14
|
|t:|1758235771
|-end|p1a: Slither Wing|Protosynthesis|[silent]
|switch|p1a: Venusaur|Venusaur, M|34/100
|-damage|p1a: Venusaur|22/100|[from] Stealth Rock
|move|p2a: Lando Norris|Earth Power|p1a: Venusaur
|-damage|p1a: Venusaur|0 fnt
|faint|p1a: Venusaur
|
|-weather|SunnyDay|[upkeep]
|upkeep
|
|t:|1758235774
|switch|p1a: Walking Wake|Walking Wake|100/100
|-damage|p1a: Walking Wake|88/100|[from] Stealth Rock
|-activate|p1a: Walking Wake|ability: Protosynthesis
|-start|p1a: Walking Wake|protosynthesisspe
|turn|15
|
|t:|1758235782
|move|p1a: Walking Wake|Weather Ball|p2a: Lando Norris
|-damage|p2a: Lando Norris|0 fnt
|faint|p2a: Lando Norris
|
|-weather|SunnyDay|[upkeep]
|upkeep
|
|t:|1758235788
|switch|p2a: PawnHub|Kingambit, M|100/100
|-activate|p2a: PawnHub|ability: Supreme Overlord
|-start|p2a: PawnHub|fallen4|[silent]
|turn|16
|
|t:|1758235790
|-terastallize|p2a: PawnHub|Fairy
|move|p1a: Walking Wake|Weather Ball|p2a: PawnHub
|-damage|p2a: PawnHub|20/100
|move|p2a: PawnHub|Tera Blast|p1a: Walking Wake|[anim] Tera Blast Fairy
|-supereffective|p1a: Walking Wake
|-damage|p1a: Walking Wake|0 fnt
|faint|p1a: Walking Wake
|-end|p1a: Walking Wake|Protosynthesis|[silent]
|
|-weather|SunnyDay|[upkeep]
|-heal|p2a: PawnHub|26/100|[from] item: Leftovers
|upkeep
|
|t:|1758235795
|switch|p1a: Slither Wing|Slither Wing|86/100
|-damage|p1a: Slither Wing|74/100|[from] Stealth Rock
|-activate|p1a: Slither Wing|ability: Protosynthesis
|-start|p1a: Slither Wing|protosynthesisatk
|turn|17
|
|t:|1758235805
|move|p1a: Slither Wing|First Impression|p2a: PawnHub
|-resisted|p2a: PawnHub
|-damage|p2a: PawnHub|0 fnt
|faint|p2a: PawnHub
|-end|p2a: PawnHub|fallen4|[silent]
|
|-weather|none
|-end|p1a: Slither Wing|Protosynthesis
|upkeep
|
|t:|1758235808
|switch|p2a: Spring Cleaning|Ogerpon-Wellspring, F|100/100
|turn|18
|
|t:|1758235814
|-end|p1a: Slither Wing|Protosynthesis|[silent]
|switch|p1a: Ninetales|Ninetales, M|91/100 par
|-damage|p1a: Ninetales|66/100 par|[from] Stealth Rock
|-weather|SunnyDay|[from] ability: Drought|[of] p1a: Ninetales
|move|p2a: Spring Cleaning|Ivy Cudgel|p1a: Ninetales|[anim] Ivy Cudgel Water
|-supereffective|p1a: Ninetales
|-damage|p1a: Ninetales|0 fnt
|faint|p1a: Ninetales
|
|-weather|SunnyDay|[upkeep]
|upkeep
|
|t:|1758235818
|switch|p1a: Slither Wing|Slither Wing|74/100
|-damage|p1a: Slither Wing|62/100|[from] Stealth Rock
|-activate|p1a: Slither Wing|ability: Protosynthesis
|-start|p1a: Slither Wing|protosynthesisatk
|turn|19
|
|t:|1758235820
|move|p1a: Slither Wing|First Impression|p2a: Spring Cleaning
|-supereffective|p2a: Spring Cleaning
|-damage|p2a: Spring Cleaning|0 fnt
|faint|p2a: Spring Cleaning
|
|win|Ryan's World
|raw|Ryan&apos;s World's rating: 1560 &rarr; <strong>1578</strong><br />(+18 for winning)
|raw|spiralcurriculum's rating: 1520 &rarr; <strong>1502</strong><br />(-18 for losing)
|l|☆Ryan's World
|player|p1|
|l|☆spiralcurriculum
|player|p2|
