|j|☆BozoticMeister
|j|☆ShardOverdrive
|t:|1758232285
|gametype|singles
|player|p1|BozoticMeister|hiker-gen4|1229
|player|p2|ShardOverdrive|lucas|1214
|gen|9
|tier|[Gen 9] OU
|rated|
|rule|HP Percentage Mod: HP is shown in percentages
|rule|Endless Battle Clause: Forcing endless battles is banned
|rule|Species Clause: Limit one of each Pokémon
|rule|OHKO Clause: OHKO moves are banned
|rule|Evasion Items Clause: Evasion items are banned
|rule|Evasion Moves Clause: Evasion moves are banned
|rule|Evasion Abilities Clause: Evasion abilities are banned
|rule|Sleep Moves Clause: Sleep-inducing moves are banned
|clearpoke
|poke|p1|Hatterene, F|
|poke|p1|Dragonite, M|
|poke|p1|Conkeldurr, M|
|poke|p1|Kingambit, F|
|poke|p1|Araquanid, F|
|poke|p1|Ting-Lu|
|poke|p2|Samurott-Hisui, F|
|poke|p2|Garchomp, M|
|poke|p2|Scyther, M|
|poke|p2|Mienshao, M|
|poke|p2|Basculegion, M|
|poke|p2|Rotom-Heat|
|teampreview
|
|t:|1758232300
|teamsize|p1|6
|teamsize|p2|6
|start
|switch|p1a: Unc|Conkeldurr, M|100/100
|switch|p2a: Samurott|Samurott-Hisui, F|100/100
|turn|1
|inactive|Battle timer is ON: inactive players will automatically lose when time's up. (requested by ShardOverdrive)
|
|t:|1758232306
|move|p1a: Unc|Mach Punch|p2a: Samurott
|-supereffective|p2a: Samurott
|-damage|p2a: Samurott|38/100
|move|p2a: Samurott|Ceaseless Edge|p1a: Unc
|-resisted|p1a: Unc
|-damage|p1a: Unc|82/100
|-sidestart|p1: BozoticMeister|Spikes
|
|-status|p1a: Unc|brn|[from] item: Flame Orb
|upkeep
|turn|2
|
|t:|1758232315
|move|p2a: Samurott|Sucker Punch|p1a: Unc
|-resisted|p1a: Unc
|-damage|p1a: Unc|69/100 brn
|move|p1a: Unc|Drain Punch|p2a: Samurott
|-supereffective|p2a: Samurott
|-damage|p2a: Samurott|0 fnt
|-heal|p1a: Unc|86/100 brn|[from] drain|[of] p2a: Samurott
|faint|p2a: Samurott
|
|-damage|p1a: Unc|80/100 brn|[from] brn
|upkeep
|
|t:|1758232327
|switch|p2a: Scyther|Scyther, M|100/100
|turn|3
|
|t:|1758232337
|-terastallize|p1a: Unc|Ground
|move|p2a: Scyther|Trailblaze|p1a: Unc
|-supereffective|p1a: Unc
|-damage|p1a: Unc|40/100 brn
|-boost|p2a: Scyther|spe|1
|move|p1a: Unc|Knock Off|p2a: Scyther
|-damage|p2a: Scyther|44/100
|-enditem|p2a: Scyther|Eviolite|[from] move: Knock Off|[of] p1a: Unc
|
|-damage|p1a: Unc|34/100 brn|[from] brn
|upkeep
|turn|4
|
|t:|1758232355
|switch|p1a: Bulk Bogan|Dragonite, M|100/100
|move|p2a: Scyther|Trailblaze|p1a: Bulk Bogan
|-resisted|p1a: Bulk Bogan
|-damage|p1a: Bulk Bogan|98/100
|-boost|p2a: Scyther|spe|1
|
|-heal|p1a: Bulk Bogan|100/100|[from] item: Leftovers
|upkeep
|turn|5
|
|t:|1758232370
|move|p1a: Bulk Bogan|Extreme Speed|p2a: Scyther
|-damage|p2a: Scyther|0 fnt
|faint|p2a: Scyther
|
|upkeep
|
|t:|1758232376
|switch|p2a: Basculegion|Basculegion, M|100/100
|turn|6
|
|t:|1758232383
|move|p2a: Basculegion|Ice Fang|p1a: Bulk Bogan
|-supereffective|p1a: Bulk Bogan
|-damage|p1a: Bulk Bogan|61/100
|move|p1a: Bulk Bogan|Dragon Dance|p1a: Bulk Bogan
|-boost|p1a: Bulk Bogan|atk|1
|-boost|p1a: Bulk Bogan|spe|1
|
|-heal|p1a: Bulk Bogan|67/100|[from] item: Leftovers
|upkeep
|turn|7
|
|t:|1758232407
|move|p2a: Basculegion|Ice Fang|p1a: Bulk Bogan
|-supereffective|p1a: Bulk Bogan
|-damage|p1a: Bulk Bogan|0 fnt
|faint|p1a: Bulk Bogan
|
|upkeep
|
|t:|1758232420
|switch|p1a: Thicker than a|Ting-Lu|100/100
|-damage|p1a: Thicker than a|88/100|[from] Spikes
|-ability|p1a: Thicker than a|Vessel of Ruin
|turn|8
|
|t:|1758232429
|move|p1a: Thicker than a|Protect|p1a: Thicker than a
|-singleturn|p1a: Thicker than a|Protect
|move|p2a: Basculegion|Ice Fang|p1a: Thicker than a
|-activate|p1a: Thicker than a|move: Protect
|
|-heal|p1a: Thicker than a|94/100|[from] item: Leftovers
|upkeep
|turn|9
|
|t:|1758232437
|switch|p1a: Heihachi|Kingambit, F, shiny|100/100
|-activate|p1a: Heihachi|ability: Supreme Overlord
|-start|p1a: Heihachi|fallen1|[silent]
|-item|p1a: Heihachi|Air Balloon
|move|p2a: Basculegion|Ice Fang|p1a: Heihachi
|-resisted|p1a: Heihachi
|-damage|p1a: Heihachi|93/100
|-enditem|p1a: Heihachi|Air Balloon
|
|upkeep
|turn|10
|
|t:|1758232449
|move|p2a: Basculegion|Ice Fang|p1a: Heihachi
|-resisted|p1a: Heihachi
|-damage|p1a: Heihachi|85/100
|move|p1a: Heihachi|Swords Dance|p1a: Heihachi
|-boost|p1a: Heihachi|atk|2
|
|upkeep
|turn|11
|
|t:|1758232457
|move|p2a: Basculegion|Ice Fang|p1a: Heihachi
|-resisted|p1a: Heihachi
|-damage|p1a: Heihachi|78/100
|move|p1a: Heihachi|Kowtow Cleave|p2a: Basculegion
|-supereffective|p2a: Basculegion
|-damage|p2a: Basculegion|0 fnt
|faint|p2a: Basculegion
|
|upkeep
|
|t:|1758232465
|switch|p2a: Mienshao|Mienshao, M|100/100
|turn|12
|
|t:|1758232469
|-end|p1a: Heihachi|fallen1|[silent]
|switch|p1a: Bubble Butt|Araquanid, F, shiny|100/100
|-damage|p1a: Bubble Butt|88/100|[from] Spikes
|move|p2a: Mienshao|Close Combat|p1a: Bubble Butt
|-resisted|p1a: Bubble Butt
|-damage|p1a: Bubble Butt|55/100
|-unboost|p2a: Mienshao|def|1
|-unboost|p2a: Mienshao|spd|1
|
|-heal|p1a: Bubble Butt|61/100|[from] item: Leftovers
|upkeep
|turn|13
|
|t:|1758232479
|move|p2a: Mienshao|Close Combat|p1a: Bubble Butt
|-resisted|p1a: Bubble Butt
|-damage|p1a: Bubble Butt|22/100
|-unboost|p2a: Mienshao|def|1
|-unboost|p2a: Mienshao|spd|1
|move|p1a: Bubble Butt|Sticky Web|p2a: Mienshao
|-sidestart|p2: ShardOverdrive|move: Sticky Web
|
|-heal|p1a: Bubble Butt|28/100|[from] item: Leftovers
|upkeep
|turn|14
|
|t:|1758232489
|move|p2a: Mienshao|Close Combat|p1a: Bubble Butt
|-resisted|p1a: Bubble Butt
|-damage|p1a: Bubble Butt|0 fnt
|-unboost|p2a: Mienshao|def|1
|-unboost|p2a: Mienshao|spd|1
|faint|p1a: Bubble Butt
|
|upkeep
|
|t:|1758232491
|switch|p1a: Yo mama so fat|Hatterene, F, shiny|100/100
|turn|15
|
|t:|1758232500
|switch|p2a: Rotom|Rotom-Heat|100/100
|move|p1a: Yo mama so fat|Trick Room|p1a: Yo mama so fat
|-fieldstart|move: Trick Room|[of] p1a: Yo mama so fat
|
|upkeep
|turn|16
|
|t:|1758232509
|move|p1a: Yo mama so fat|Psychic Noise|p2a: Rotom
|-damage|p2a: Rotom|49/100
|-start|p2a: Rotom|move: Heal Block
|move|p2a: Rotom|Nasty Plot|p2a: Rotom
|-boost|p2a: Rotom|spa|2
|
|upkeep
|turn|17
|
|t:|1758232519
|move|p1a: Yo mama so fat|Psychic Noise|p2a: Rotom
|-damage|p2a: Rotom|0 fnt
|faint|p2a: Rotom
|
|upkeep
|
|t:|1758232527
|switch|p2a: Garchomp|Garchomp, M|100/100
|-activate|p2a: Garchomp|move: Sticky Web
|-unboost|p2a: Garchomp|spe|1
|turn|18
|
|t:|1758232533
|-terastallize|p2a: Garchomp|Steel
|move|p1a: Yo mama so fat|Psychic Noise|p2a: Garchomp
|-resisted|p2a: Garchomp
|-damage|p2a: Garchomp|75/100
|-start|p2a: Garchomp|move: Heal Block
|move|p2a: Garchomp|Iron Head|p1a: Yo mama so fat
|-supereffective|p1a: Yo mama so fat
|-damage|p1a: Yo mama so fat|0 fnt
|faint|p1a: Yo mama so fat
|
|upkeep
|
|t:|1758232540
|switch|p1a: Unc|Conkeldurr, M, tera:Ground|34/100 brn
|-damage|p1a: Unc|22/100 brn|[from] Spikes
|turn|19
|
|t:|1758232549
|move|p1a: Unc|Drain Punch|p2a: Garchomp
|-supereffective|p2a: Garchomp
|-damage|p2a: Garchomp|0 fnt
|-heal|p1a: Unc|60/100 brn|[from] drain|[of] p2a: Garchomp
|-damage|p1a: Unc|48/100 brn|[from] ability: Rough Skin|[of] p2a: Garchomp
|-damage|p1a: Unc|31/100 brn|[from] item: Rocky Helmet|[of] p2a: Garchomp
|faint|p2a: Garchomp
|
|-damage|p1a: Unc|25/100 brn|[from] brn
|-fieldend|move: Trick Room
|upkeep
|
|t:|1758232558
|switch|p2a: Mienshao|Mienshao, M|100/100
|-activate|p2a: Mienshao|move: Sticky Web
|-unboost|p2a: Mienshao|spe|1
|turn|20
|
|t:|1758232562
|move|p1a: Unc|Mach Punch|p2a: Mienshao
|-damage|p2a: Mienshao|28/100
|move|p2a: Mienshao|Close Combat|p1a: Unc
|-crit|p1a: Unc
|-damage|p1a: Unc|0 fnt
|-unboost|p2a: Mienshao|def|1
|-unboost|p2a: Mienshao|spd|1
|faint|p1a: Unc
|
|upkeep
|
|t:|1758232565
|switch|p1a: Thicker than a|Ting-Lu|94/100
|-damage|p1a: Thicker than a|82/100|[from] Spikes
|-ability|p1a: Thicker than a|Vessel of Ruin
|turn|21
|
|t:|1758232576
|move|p2a: Mienshao|Close Combat|p1a: Thicker than a
|-supereffective|p1a: Thicker than a
|-damage|p1a: Thicker than a|20/100
|-unboost|p2a: Mienshao|def|1
|-unboost|p2a: Mienshao|spd|1
|move|p1a: Thicker than a|Earthquake|p2a: Mienshao
|-damage|p2a: Mienshao|0 fnt
|faint|p2a: Mienshao
|
|win|BozoticMeister
|raw|BozoticMeister's rating: 1229 &rarr; <strong>1253</strong><br />(+24 for winning)
|raw|ShardOverdrive's rating: 1214 &rarr; <strong>1190</strong><br />(-24 for losing)
|l|☆ShardOverdrive
|player|p2|
