|j|☆purple pastels
|j|‽bepic223
|t:|1758248186
|gametype|singles
|player|p1|purple pastels|doubleteam|1487
|player|p2|bepic223|veteranf|1516
|gen|9
|tier|[Gen 9] OU
|rated|
|rule|HP Percentage Mod: HP is shown in percentages
|rule|Endless Battle Clause: Forcing endless battles is banned
|rule|Species Clause: Limit one of each Pokémon
|rule|OHKO Clause: OHKO moves are banned
|rule|Evasion Items Clause: Evasion items are banned
|rule|Evasion Moves Clause: Evasion moves are banned
|rule|Evasion Abilities Clause: Evasion abilities are banned
|rule|Sleep Moves Clause: Sleep-inducing moves are banned
|clearpoke
|poke|p1|Tornadus, M|
|poke|p1|Ribombee, M|
|poke|p1|Gholdengo|
|poke|p1|Cinderace, F|
|poke|p1|Zamazenta-*|
|poke|p1|Iron Boulder|
|poke|p2|Gholdengo|
|poke|p2|Hatterene, F|
|poke|p2|Darkrai|
|poke|p2|Landorus-Therian, M|
|poke|p2|Dragonite, M|
|poke|p2|Zamazenta-*|
|teampreview
|inactive|Battle timer is ON: inactive players will automatically lose when time's up. (requested by bepic223)
|inactive|bepic223 has 120 seconds left.
|
|t:|1758248233
|teamsize|p1|6
|teamsize|p2|6
|start
|switch|p1a: Ribombee|Ribombee, M|100/100
|switch|p2a: Gholdengo|Gholdengo|100/100
|turn|1
|l|☆purple pastels
|inactive|purple pastels disconnected and has a minute to reconnect!
|player|p1|
|j|☆purple pastels
|inactive|purple pastels reconnected and has 120 seconds left.
|player|p1|purple pastels|doubleteam|
|
|t:|1758248270
|switch|p1a: Cinderace|Cinderace, F|100/100
|move|p2a: Gholdengo|Make It Rain|p1a: Cinderace
|-resisted|p1a: Cinderace
|-damage|p1a: Cinderace|43/100
|-unboost|p2a: Gholdengo|spa|1
|
|upkeep
|turn|2
|inactive|purple pastels has 120 seconds left.
|
|t:|1758248279
|switch|p2a: Landorus|Landorus-Therian, M|100/100
|-ability|p2a: Landorus|Intimidate|boost
|-unboost|p1a: Cinderace|atk|1
|move|p1a: Cinderace|Pyro Ball|p2a: Landorus
|-damage|p2a: Landorus|60/100
|
|upkeep
|turn|3
|
|t:|1758248298
|switch|p1a: Tornadus|Tornadus, M|100/100
|move|p2a: Landorus|U-turn|p1a: Tornadus
|-resisted|p1a: Tornadus
|-damage|p1a: Tornadus|85/100
|
|t:|1758248311
|switch|p2a: Gholdengo|Gholdengo|100/100|[from] U-turn
|
|upkeep
|turn|4
|
|t:|1758248316
|move|p1a: Tornadus|Bulk Up|p1a: Tornadus
|-boost|p1a: Tornadus|atk|1
|-boost|p1a: Tornadus|def|1
|move|p2a: Gholdengo|Make It Rain|p1a: Tornadus
|-damage|p1a: Tornadus|0 fnt
|-unboost|p2a: Gholdengo|spa|1
|faint|p1a: Tornadus
|
|upkeep
|
|t:|1758248325
|switch|p1a: Cinderace|Cinderace, F|43/100
|turn|5
|
|t:|1758248348
|switch|p2a: Darkrai|Darkrai|100/100
|move|p1a: Cinderace|Substitute|p1a: Cinderace
|-start|p1a: Cinderace|Substitute
|-damage|p1a: Cinderace|18/100
|-enditem|p1a: Cinderace|Liechi Berry|[eat]
|-boost|p1a: Cinderace|atk|1|[from] item: Liechi Berry
|
|upkeep
|turn|6
|
|t:|1758248357
|move|p2a: Darkrai|Dark Pulse|p1a: Cinderace
|-end|p1a: Cinderace|Substitute
|move|p1a: Cinderace|Pyro Ball|p2a: Darkrai
|-damage|p2a: Darkrai|0 fnt
|faint|p2a: Darkrai
|
|upkeep
|
|t:|1758248364
|switch|p2a: Zamazenta|Zamazenta|100/100
|-ability|p2a: Zamazenta|Dauntless Shield|boost
|-boost|p2a: Zamazenta|def|1
|turn|7
|
|t:|1758248371
|switch|p1a: Zamazenta|Zamazenta|100/100
|-ability|p1a: Zamazenta|Dauntless Shield|boost
|-boost|p1a: Zamazenta|def|1
|move|p2a: Zamazenta|Crunch|p1a: Zamazenta
|-resisted|p1a: Zamazenta
|-damage|p1a: Zamazenta|94/100
|
|upkeep
|turn|8
|
|t:|1758248380
|move|p1a: Zamazenta|Heavy Slam|p2a: Zamazenta
|-damage|p2a: Zamazenta|91/100
|-damage|p1a: Zamazenta|84/100|[from] item: Life Orb
|move|p2a: Zamazenta|Iron Defense|p2a: Zamazenta
|-boost|p2a: Zamazenta|def|2
|
|-heal|p2a: Zamazenta|97/100|[from] item: Leftovers
|upkeep
|turn|9
|
|t:|1758248389
|switch|p1a: Ribombee|Ribombee, M|100/100
|move|p2a: Zamazenta|Crunch|p1a: Ribombee
|-resisted|p1a: Ribombee
|-damage|p1a: Ribombee|76/100
|
|-heal|p2a: Zamazenta|100/100|[from] item: Leftovers
|upkeep
|turn|10
|
|t:|1758248397
|switch|p2a: Hatterene|Hatterene, F|100/100
|move|p1a: Ribombee|Moonblast|p2a: Hatterene
|-damage|p2a: Hatterene|76/100
|
|upkeep
|turn|11
|
|t:|1758248411
|move|p1a: Ribombee|Moonblast|p2a: Hatterene
|-damage|p2a: Hatterene|51/100
|move|p2a: Hatterene|Mystical Fire|p1a: Ribombee
|-supereffective|p1a: Ribombee
|-damage|p1a: Ribombee|0 fnt
|faint|p1a: Ribombee
|
|upkeep
|
|t:|1758248416
|switch|p1a: Cinderace|Cinderace, F|18/100
|turn|12
|
|t:|1758248422
|move|p1a: Cinderace|Pyro Ball|p2a: Hatterene
|-damage|p2a: Hatterene|0 fnt
|faint|p2a: Hatterene
|
|upkeep
|
|t:|1758248442
|switch|p2a: Dragonite|Dragonite, M|100/100
|turn|13
|
|t:|1758248446
|move|p1a: Cinderace|Super Fang|p2a: Dragonite
|-damage|p2a: Dragonite|51/100
|move|p2a: Dragonite|Dragon Dance|p2a: Dragonite
|-boost|p2a: Dragonite|atk|1
|-boost|p2a: Dragonite|spe|1
|
|upkeep
|turn|14
|
|t:|1758248454
|move|p2a: Dragonite|Earthquake|p1a: Cinderace
|-supereffective|p1a: Cinderace
|-damage|p1a: Cinderace|0 fnt
|faint|p1a: Cinderace
|
|upkeep
|
|t:|1758248456
|switch|p1a: Zamazenta|Zamazenta|84/100
|turn|15
|
|t:|1758248483
|-terastallize|p2a: Dragonite|Flying
|move|p2a: Dragonite|Tera Blast|p1a: Zamazenta|[anim] Tera Blast Flying
|-supereffective|p1a: Zamazenta
|-damage|p1a: Zamazenta|0 fnt
|faint|p1a: Zamazenta
|
|upkeep
|
|t:|1758248494
|switch|p1a: Iron Boulder|Iron Boulder|100/100
|-enditem|p1a: Iron Boulder|Booster Energy
|-activate|p1a: Iron Boulder|ability: Quark Drive|[fromitem]
|-start|p1a: Iron Boulder|quarkdrivespe
|turn|16
|
|t:|1758248502
|switch|p2a: Landorus|Landorus-Therian, M|60/100
|-ability|p2a: Landorus|Intimidate|boost
|-unboost|p1a: Iron Boulder|atk|1
|move|p1a: Iron Boulder|Swords Dance|p1a: Iron Boulder
|-boost|p1a: Iron Boulder|atk|2
|
|upkeep
|turn|17
|
|t:|1758248512
|-terastallize|p1a: Iron Boulder|Fighting
|move|p1a: Iron Boulder|Swords Dance|p1a: Iron Boulder
|-boost|p1a: Iron Boulder|atk|2
|move|p2a: Landorus|U-turn|p1a: Iron Boulder
|-resisted|p1a: Iron Boulder
|-damage|p1a: Iron Boulder|85/100
|
|t:|1758248518
|switch|p2a: Gholdengo|Gholdengo|100/100|[from] U-turn
|
|upkeep
|turn|18
|
|t:|1758248521
|move|p1a: Iron Boulder|Earthquake|p2a: Gholdengo
|-supereffective|p2a: Gholdengo
|-damage|p2a: Gholdengo|0 fnt
|faint|p2a: Gholdengo
|
|upkeep
|
|t:|1758248526
|switch|p2a: Zamazenta|Zamazenta|100/100
|turn|19
|
|t:|1758248535
|move|p1a: Iron Boulder|Close Combat|p2a: Zamazenta
|-damage|p2a: Zamazenta|0 fnt
|-unboost|p1a: Iron Boulder|def|1
|-unboost|p1a: Iron Boulder|spd|1
|faint|p2a: Zamazenta
|
|upkeep
|-message|bepic223 forfeited.
|
|win|purple pastels
|raw|purple pastels's rating: 1487 &rarr; <strong>1509</strong><br />(+22 for winning)
|raw|bepic223's rating: 1516 &rarr; <strong>1494</strong><br />(-22 for losing)
|l|☆purple pastels
|player|p1|
|l|‽bepic223
|player|p2|
