|j|☆ccncn123
|j|☆Orange_Blue_10
|t:|1758269325
|gametype|singles
|player|p1|ccncn123|swimmerf-gen4|1282
|player|p2|Orange_Blue_10|red|1270
|gen|9
|tier|[Gen 9] OU
|rated|
|rule|HP Percentage Mod: HP is shown in percentages
|rule|Endless Battle Clause: Forcing endless battles is banned
|rule|Species Clause: Limit one of each Pokémon
|rule|OHKO Clause: OHKO moves are banned
|rule|Evasion Items Clause: Evasion items are banned
|rule|Evasion Moves Clause: Evasion moves are banned
|rule|Evasion Abilities Clause: Evasion abilities are banned
|rule|Sleep Moves Clause: Sleep-inducing moves are banned
|clearpoke
|poke|p1|Gholdengo|
|poke|p1|Dragapult, F|
|poke|p1|Alomomola, M|
|poke|p1|Ogerpon-Wellspring, F|
|poke|p1|Iron Treads|
|poke|p1|Pecharunt|
|poke|p2|Charizard, F|
|poke|p2|Walking Wake|
|poke|p2|Venusaur, F|
|poke|p2|Great Tusk|
|poke|p2|Glimmora, M|
|poke|p2|Ninetales, F|
|teampreview
|inactive|Battle timer is ON: inactive players will automatically lose when time's up. (requested by Orange_Blue_10)
|
|t:|1758269340
|teamsize|p1|6
|teamsize|p2|6
|start
|switch|p1a: Pecharunt|Pecharunt|100/100
|switch|p2a: Charizard|Charizard, F|100/100
|turn|1
|
|t:|1758269347
|move|p2a: Charizard|Fire Blast|p1a: Pecharunt|[miss]
|-miss|p2a: Charizard|p1a: Pecharunt
|move|p1a: Pecharunt|Malignant Chain|p2a: Charizard
|-crit|p2a: Charizard
|-damage|p2a: Charizard|44/100
|
|upkeep
|turn|2
|
|t:|1758269356
|move|p2a: Charizard|Fire Blast|p1a: Pecharunt
|-damage|p1a: Pecharunt|63/100
|move|p1a: Pecharunt|Malignant Chain|p2a: Charizard
|-damage|p2a: Charizard|0 fnt
|faint|p2a: Charizard
|
|upkeep
|
|t:|1758269365
|switch|p2a: Ninetales|Ninetales, F|100/100
|-weather|SunnyDay|[from] ability: Drought|[of] p2a: Ninetales
|turn|3
|
|t:|1758269371
|switch|p2a: Great Tusk|Great Tusk|100/100
|-activate|p2a: Great Tusk|ability: Protosynthesis
|-start|p2a: Great Tusk|protosynthesisatk
|move|p1a: Pecharunt|Recover|p1a: Pecharunt
|-heal|p1a: Pecharunt|100/100
|
|-weather|SunnyDay|[upkeep]
|upkeep
|turn|4
|
|t:|1758269380
|switch|p1a: Ogerpon|Ogerpon-Wellspring, F|100/100
|move|p2a: Great Tusk|Earthquake|p1a: Ogerpon
|-resisted|p1a: Ogerpon
|-damage|p1a: Ogerpon|58/100
|
|-weather|SunnyDay|[upkeep]
|upkeep
|turn|5
|
|t:|1758269389
|-end|p2a: Great Tusk|Protosynthesis|[silent]
|switch|p2a: Venusaur|Venusaur, F|100/100
|move|p1a: Ogerpon|Play Rough|p2a: Venusaur
|-resisted|p2a: Venusaur
|-damage|p2a: Venusaur|83/100
|
|-weather|SunnyDay|[upkeep]
|-heal|p2a: Venusaur|89/100|[from] item: Leftovers
|upkeep
|turn|6
|
|t:|1758269400
|switch|p1a: Pecharunt|Pecharunt|100/100
|move|p2a: Venusaur|Sludge Bomb|p1a: Pecharunt
|-resisted|p1a: Pecharunt
|-damage|p1a: Pecharunt|93/100
|
|-weather|SunnyDay|[upkeep]
|-heal|p2a: Venusaur|95/100|[from] item: Leftovers
|upkeep
|turn|7
|
|t:|1758269410
|move|p2a: Venusaur|Earth Power|p1a: Pecharunt
|-supereffective|p1a: Pecharunt
|-damage|p1a: Pecharunt|57/100
|-unboost|p1a: Pecharunt|spd|1
|move|p1a: Pecharunt|Parting Shot|p2a: Venusaur
|-unboost|p2a: Venusaur|atk|1
|-unboost|p2a: Venusaur|spa|1
|
|t:|1758269419
|switch|p1a: Dragapult|Dragapult, F|100/100|[from] Parting Shot
|
|-weather|SunnyDay|[upkeep]
|-heal|p2a: Venusaur|100/100|[from] item: Leftovers
|upkeep
|turn|8
|
|t:|1758269431
|switch|p2a: Walking Wake|Walking Wake|100/100
|-activate|p2a: Walking Wake|ability: Protosynthesis
|-start|p2a: Walking Wake|protosynthesisspe
|move|p1a: Dragapult|Will-O-Wisp|p2a: Walking Wake
|-status|p2a: Walking Wake|brn
|
|-weather|SunnyDay|[upkeep]
|-damage|p2a: Walking Wake|94/100 brn|[from] brn
|upkeep
|turn|9
|
|t:|1758269442
|switch|p1a: Alomomola|Alomomola, M|100/100
|move|p2a: Walking Wake|Draco Meteor|p1a: Alomomola
|-damage|p1a: Alomomola|33/100
|-unboost|p2a: Walking Wake|spa|2
|-damage|p2a: Walking Wake|85/100 brn|[from] item: Life Orb
|
|-weather|SunnyDay|[upkeep]
|-damage|p2a: Walking Wake|78/100 brn|[from] brn
|upkeep
|turn|10
|
|t:|1758269454
|switch|p1a: Pecharunt|Pecharunt|57/100
|move|p2a: Walking Wake|Draco Meteor|p1a: Pecharunt
|-damage|p1a: Pecharunt|28/100
|-unboost|p2a: Walking Wake|spa|2
|-damage|p2a: Walking Wake|69/100 brn|[from] item: Life Orb
|
|-weather|none
|-end|p2a: Walking Wake|Protosynthesis
|-damage|p2a: Walking Wake|62/100 brn|[from] brn
|upkeep
|turn|11
|
|t:|1758269466
|-end|p2a: Walking Wake|Protosynthesis|[silent]
|switch|p2a: Ninetales|Ninetales, F|100/100
|-weather|SunnyDay|[from] ability: Drought|[of] p2a: Ninetales
|move|p1a: Pecharunt|Recover|p1a: Pecharunt
|-heal|p1a: Pecharunt|78/100
|
|-weather|SunnyDay|[upkeep]
|upkeep
|turn|12
|
|t:|1758269476
|move|p2a: Ninetales|Encore|p1a: Pecharunt
|-start|p1a: Pecharunt|Encore
|move|p1a: Pecharunt|Recover|p1a: Pecharunt
|-heal|p1a: Pecharunt|100/100
|
|-weather|SunnyDay|[upkeep]
|upkeep
|turn|13
|
|t:|1758269484
|switch|p2a: Great Tusk|Great Tusk|100/100
|-activate|p2a: Great Tusk|ability: Protosynthesis
|-start|p2a: Great Tusk|protosynthesisatk
|switch|p1a: Ogerpon|Ogerpon-Wellspring, F|58/100
|
|-weather|SunnyDay|[upkeep]
|upkeep
|turn|14
|
|t:|1758269493
|-end|p2a: Great Tusk|Protosynthesis|[silent]
|switch|p2a: Venusaur|Venusaur, F|100/100
|move|p1a: Ogerpon|Ivy Cudgel|p2a: Venusaur|[anim] Ivy Cudgel Water
|-resisted|p2a: Venusaur
|-damage|p2a: Venusaur|86/100
|
|-weather|SunnyDay|[upkeep]
|-heal|p2a: Venusaur|92/100|[from] item: Leftovers
|upkeep
|turn|15
|
|t:|1758269505
|switch|p1a: Pecharunt|Pecharunt|100/100
|move|p2a: Venusaur|Earth Power|p1a: Pecharunt
|-supereffective|p1a: Pecharunt
|-damage|p1a: Pecharunt|66/100
|
|-weather|SunnyDay|[upkeep]
|-heal|p2a: Venusaur|98/100|[from] item: Leftovers
|upkeep
|turn|16
|
|t:|1758269515
|move|p2a: Venusaur|Earth Power|p1a: Pecharunt
|-supereffective|p1a: Pecharunt
|-damage|p1a: Pecharunt|33/100
|move|p1a: Pecharunt|Recover|p1a: Pecharunt
|-heal|p1a: Pecharunt|83/100
|
|-weather|SunnyDay|[upkeep]
|-heal|p2a: Venusaur|100/100|[from] item: Leftovers
|upkeep
|turn|17
|
|t:|1758269525
|-terastallize|p2a: Venusaur|Ground
|move|p2a: Venusaur|Earth Power|p1a: Pecharunt
|-supereffective|p1a: Pecharunt
|-damage|p1a: Pecharunt|24/100
|move|p1a: Pecharunt|Parting Shot|p2a: Venusaur
|-unboost|p2a: Venusaur|atk|1
|-unboost|p2a: Venusaur|spa|1
|
|t:|1758269535
|switch|p1a: Dragapult|Dragapult, F|100/100|[from] Parting Shot
|
|-weather|SunnyDay|[upkeep]
|upkeep
|turn|18
|
|t:|1758269543
|move|p2a: Venusaur|Earth Power|p1a: Dragapult
|-damage|p1a: Dragapult|64/100
|move|p1a: Dragapult|Will-O-Wisp|p2a: Venusaur|[miss]
|-miss|p1a: Dragapult|p2a: Venusaur
|
|-weather|none
|upkeep
|turn|19
|
|t:|1758269551
|switch|p2a: Ninetales|Ninetales, F|100/100
|-weather|SunnyDay|[from] ability: Drought|[of] p2a: Ninetales
|move|p1a: Dragapult|Will-O-Wisp|p2a: Ninetales|[miss]
|-miss|p1a: Dragapult|p2a: Ninetales
|
|-weather|SunnyDay|[upkeep]
|upkeep
|turn|20
|
|t:|1758269561
|switch|p1a: Alomomola|Alomomola, M|67/100
|move|p2a: Ninetales|Encore||[still]
|-fail|p2a: Ninetales
|
|-weather|SunnyDay|[upkeep]
|upkeep
|turn|21
|
|t:|1758269570
|switch|p2a: Venusaur|Venusaur, F, tera:Ground|100/100
|move|p1a: Alomomola|Wish|p1a: Alomomola
|
|-weather|SunnyDay|[upkeep]
|upkeep
|turn|22
|
|t:|1758269577
|switch|p1a: Ogerpon|Ogerpon-Wellspring, F|58/100
|move|p2a: Venusaur|Solar Beam||[still]
|-prepare|p2a: Venusaur|Solar Beam
|-anim|p2a: Venusaur|Solar Beam|p1a: Ogerpon
|-damage|p1a: Ogerpon|1/100
|
|-weather|SunnyDay|[upkeep]
|-heal|p1a: Ogerpon|85/100|[from] move: Wish|[wisher] Alomomola
|upkeep
|turn|23
|
|t:|1758269589
|move|p2a: Venusaur|Sludge Bomb|p1a: Ogerpon
|-supereffective|p1a: Ogerpon
|-damage|p1a: Ogerpon|0 fnt
|faint|p1a: Ogerpon
|
|-weather|SunnyDay|[upkeep]
|upkeep
|
|t:|1758269601
|switch|p1a: Dragapult|Dragapult, F|64/100
|turn|24
|
|t:|1758269606
|move|p2a: Venusaur|Earth Power|p1a: Dragapult
|-damage|p1a: Dragapult|12/100
|move|p1a: Dragapult|Will-O-Wisp|p2a: Venusaur
|-status|p2a: Venusaur|brn
|
|-weather|SunnyDay|[upkeep]
|-damage|p2a: Venusaur|94/100 brn|[from] brn
|upkeep
|turn|25
|
|t:|1758269620
|switch|p1a: Gholdengo|Gholdengo|100/100
|-item|p1a: Gholdengo|Air Balloon
|move|p2a: Venusaur|Earth Power|p1a: Gholdengo
|-immune|p1a: Gholdengo
|
|-weather|SunnyDay|[upkeep]
|-heal|p2a: Venusaur|100/100 brn|[from] item: Leftovers
|-damage|p2a: Venusaur|94/100 brn|[from] brn
|upkeep
|turn|26
|
|t:|1758269631
|switch|p1a: Alomomola|Alomomola, M|99/100
|move|p2a: Venusaur|Solar Beam||[still]
|-prepare|p2a: Venusaur|Solar Beam
|-anim|p2a: Venusaur|Solar Beam|p1a: Alomomola
|-supereffective|p1a: Alomomola
|-damage|p1a: Alomomola|22/100
|
|-weather|none
|-heal|p2a: Venusaur|100/100 brn|[from] item: Leftovers
|-damage|p2a: Venusaur|94/100 brn|[from] brn
|upkeep
|turn|27
|
|t:|1758269644
|switch|p1a: Iron Treads|Iron Treads|100/100
|-enditem|p1a: Iron Treads|Booster Energy
|-activate|p1a: Iron Treads|ability: Quark Drive|[fromitem]
|-start|p1a: Iron Treads|quarkdrivespe
|move|p2a: Venusaur|Giga Drain|p1a: Iron Treads
|-damage|p1a: Iron Treads|55/100
|-heal|p2a: Venusaur|100/100 brn|[from] drain|[of] p1a: Iron Treads
|
|-damage|p2a: Venusaur|94/100 brn|[from] brn
|upkeep
|turn|28
|
|t:|1758269655
|switch|p2a: Ninetales|Ninetales, F|100/100
|-weather|SunnyDay|[from] ability: Drought|[of] p2a: Ninetales
|move|p1a: Iron Treads|Earth Power|p2a: Ninetales
|-supereffective|p2a: Ninetales
|-damage|p2a: Ninetales|31/100
|
|-weather|SunnyDay|[upkeep]
|upkeep
|turn|29
|
|t:|1758269673
|switch|p2a: Great Tusk|Great Tusk|100/100
|-activate|p2a: Great Tusk|ability: Protosynthesis
|-start|p2a: Great Tusk|protosynthesisatk
|move|p1a: Iron Treads|Earth Power|p2a: Great Tusk
|-damage|p2a: Great Tusk|69/100
|
|-weather|SunnyDay|[upkeep]
|upkeep
|turn|30
|
|t:|1758269683
|move|p1a: Iron Treads|Steel Beam|p2a: Great Tusk
|-damage|p2a: Great Tusk|25/100
|-damage|p1a: Iron Treads|5/100|[from] steelbeam
|move|p2a: Great Tusk|Close Combat|p1a: Iron Treads
|-supereffective|p1a: Iron Treads
|-damage|p1a: Iron Treads|0 fnt
|-unboost|p2a: Great Tusk|def|1
|-unboost|p2a: Great Tusk|spd|1
|faint|p1a: Iron Treads
|-end|p1a: Iron Treads|Quark Drive|[silent]
|
|-weather|SunnyDay|[upkeep]
|upkeep
|
|t:|1758269690
|switch|p1a: Alomomola|Alomomola, M|55/100
|turn|31
|
|t:|1758269701
|switch|p1a: Gholdengo|Gholdengo|100/100
|-item|p1a: Gholdengo|Air Balloon
|move|p2a: Great Tusk|Earthquake|p1a: Gholdengo
|-immune|p1a: Gholdengo
|
|-weather|SunnyDay|[upkeep]
|upkeep
|turn|32
|
|t:|1758269714
|-end|p2a: Great Tusk|Protosynthesis|[silent]
|switch|p2a: Venusaur|Venusaur, F, tera:Ground|94/100 brn
|switch|p1a: Alomomola|Alomomola, M|88/100
|
|-weather|SunnyDay|[upkeep]
|-heal|p2a: Venusaur|100/100 brn|[from] item: Leftovers
|-damage|p2a: Venusaur|94/100 brn|[from] brn
|upkeep
|turn|33
|
|t:|1758269723
|move|p1a: Alomomola|Protect|p1a: Alomomola
|-singleturn|p1a: Alomomola|Protect
|move|p2a: Venusaur|Solar Beam||[still]
|-prepare|p2a: Venusaur|Solar Beam
|-anim|p2a: Venusaur|Solar Beam|p1a: Alomomola
|-activate|p1a: Alomomola|move: Protect
|
|-weather|SunnyDay|[upkeep]
|-heal|p2a: Venusaur|100/100 brn|[from] item: Leftovers
|-damage|p2a: Venusaur|94/100 brn|[from] brn
|upkeep
|turn|34
|
|t:|1758269736
|switch|p1a: Pecharunt|Pecharunt|24/100
|move|p2a: Venusaur|Solar Beam||[still]
|-prepare|p2a: Venusaur|Solar Beam
|-anim|p2a: Venusaur|Solar Beam|p1a: Pecharunt
|-resisted|p1a: Pecharunt
|-damage|p1a: Pecharunt|6/100
|
|-weather|SunnyDay|[upkeep]
|-heal|p2a: Venusaur|100/100 brn|[from] item: Leftovers
|-damage|p2a: Venusaur|94/100 brn|[from] brn
|upkeep
|turn|35
|
|t:|1758269748
|move|p2a: Venusaur|Giga Drain|p1a: Pecharunt
|-resisted|p1a: Pecharunt
|-damage|p1a: Pecharunt|0 fnt
|-heal|p2a: Venusaur|97/100 brn|[from] drain|[of] p1a: Pecharunt
|faint|p1a: Pecharunt
|
|-weather|none
|-heal|p2a: Venusaur|100/100 brn|[from] item: Leftovers
|-damage|p2a: Venusaur|94/100 brn|[from] brn
|upkeep
|
|t:|1758269756
|switch|p1a: Gholdengo|Gholdengo|100/100
|-item|p1a: Gholdengo|Air Balloon
|turn|36
|
|t:|1758269761
|switch|p2a: Ninetales|Ninetales, F|31/100
|-weather|SunnyDay|[from] ability: Drought|[of] p2a: Ninetales
|move|p1a: Gholdengo|Hex|p2a: Ninetales
|-damage|p2a: Ninetales|2/100
|
|-weather|SunnyDay|[upkeep]
|upkeep
|turn|37
|
|t:|1758269770
|switch|p1a: Alomomola|Alomomola, M|100/100
|move|p2a: Ninetales|Weather Ball|p1a: Alomomola
|-resisted|p1a: Alomomola
|-damage|p1a: Alomomola|84/100
|
|-weather|SunnyDay|[upkeep]
|upkeep
|turn|38
|
|t:|1758269781
|move|p2a: Ninetales|Will-O-Wisp|p1a: Alomomola
|-status|p1a: Alomomola|brn
|move|p1a: Alomomola|Wish|p1a: Alomomola
|
|-weather|SunnyDay|[upkeep]
|-damage|p1a: Alomomola|78/100 brn|[from] brn
|upkeep
|turn|39
|
|t:|1758269796
|switch|p2a: Walking Wake|Walking Wake|62/100 brn
|-activate|p2a: Walking Wake|ability: Protosynthesis
|-start|p2a: Walking Wake|protosynthesisspe
|move|p1a: Alomomola|Flip Turn|p2a: Walking Wake
|-resisted|p2a: Walking Wake
|-damage|p2a: Walking Wake|62/100 brn
|
|t:|1758269806
|switch|p1a: Dragapult|Dragapult, F|12/100|[from] Flip Turn
|
|-weather|SunnyDay|[upkeep]
|-heal|p1a: Dragapult|91/100|[from] move: Wish|[wisher] Alomomola
|-damage|p2a: Walking Wake|55/100 brn|[from] brn
|upkeep
|turn|40
|
|t:|1758269816
|switch|p1a: Alomomola|Alomomola, M|100/100 brn
|move|p2a: Walking Wake|Draco Meteor|p1a: Alomomola
|-damage|p1a: Alomomola|37/100 brn
|-unboost|p2a: Walking Wake|spa|2
|-damage|p2a: Walking Wake|46/100 brn|[from] item: Life Orb
|
|-weather|SunnyDay|[upkeep]
|-damage|p2a: Walking Wake|39/100 brn|[from] brn
|-damage|p1a: Alomomola|30/100 brn|[from] brn
|upkeep
|turn|41
|
|t:|1758269833
|-end|p2a: Walking Wake|Protosynthesis|[silent]
|switch|p2a: Venusaur|Venusaur, F, tera:Ground|94/100 brn
|move|p1a: Alomomola|Protect||[still]
|-fail|p1a: Alomomola
|
|-weather|SunnyDay|[upkeep]
|-heal|p2a: Venusaur|100/100 brn|[from] item: Leftovers
|-damage|p2a: Venusaur|94/100 brn|[from] brn
|-damage|p1a: Alomomola|24/100 brn|[from] brn
|upkeep
|turn|42
|
|t:|1758269846
|switch|p1a: Dragapult|Dragapult, F|91/100
|move|p2a: Venusaur|Earth Power|p1a: Dragapult
|-damage|p1a: Dragapult|35/100
|
|-weather|SunnyDay|[upkeep]
|-heal|p2a: Venusaur|100/100 brn|[from] item: Leftovers
|-damage|p2a: Venusaur|94/100 brn|[from] brn
|upkeep
|turn|43
|
|t:|1758269857
|switch|p1a: Gholdengo|Gholdengo|100/100
|-item|p1a: Gholdengo|Air Balloon
|move|p2a: Venusaur|Solar Beam||[still]
|-prepare|p2a: Venusaur|Solar Beam
|-anim|p2a: Venusaur|Solar Beam|p1a: Gholdengo
|-resisted|p1a: Gholdengo
|-damage|p1a: Gholdengo|74/100
|-enditem|p1a: Gholdengo|Air Balloon
|
|-weather|none
|-heal|p2a: Venusaur|100/100 brn|[from] item: Leftovers
|-damage|p2a: Venusaur|94/100 brn|[from] brn
|upkeep
|turn|44
|
|t:|1758269872
|switch|p2a: Ninetales|Ninetales, F|2/100
|-weather|SunnyDay|[from] ability: Drought|[of] p2a: Ninetales
|switch|p1a: Alomomola|Alomomola, M|58/100 brn
|
|-weather|SunnyDay|[upkeep]
|-damage|p1a: Alomomola|52/100 brn|[from] brn
|upkeep
|turn|45
|
|t:|1758269883
|move|p2a: Ninetales|Hex|p1a: Alomomola
|-damage|p1a: Alomomola|31/100 brn
|move|p1a: Alomomola|Flip Turn|p2a: Ninetales
|-supereffective|p2a: Ninetales
|-damage|p2a: Ninetales|0 fnt
|faint|p2a: Ninetales
|
|t:|1758269889
|switch|p1a: Dragapult|Dragapult, F|35/100|[from] Flip Turn
|
|-weather|SunnyDay|[upkeep]
|upkeep
|
|t:|1758269898
|switch|p2a: Venusaur|Venusaur, F, tera:Ground|94/100 brn
|turn|46
|
|t:|1758269905
|switch|p1a: Gholdengo|Gholdengo|74/100
|move|p2a: Venusaur|Earth Power|p1a: Gholdengo
|-supereffective|p1a: Gholdengo
|-damage|p1a: Gholdengo|0 fnt
|faint|p1a: Gholdengo
|
|-weather|SunnyDay|[upkeep]
|-heal|p2a: Venusaur|100/100 brn|[from] item: Leftovers
|-damage|p2a: Venusaur|94/100 brn|[from] brn
|upkeep
|
|t:|1758269910
|switch|p1a: Alomomola|Alomomola, M|65/100 brn
|turn|47
|
|t:|1758269918
|move|p1a: Alomomola|Protect|p1a: Alomomola
|-singleturn|p1a: Alomomola|Protect
|move|p2a: Venusaur|Earth Power|p1a: Alomomola
|-activate|p1a: Alomomola|move: Protect
|
|-weather|SunnyDay|[upkeep]
|-heal|p2a: Venusaur|100/100 brn|[from] item: Leftovers
|-damage|p2a: Venusaur|94/100 brn|[from] brn
|-damage|p1a: Alomomola|59/100 brn|[from] brn
|upkeep
|turn|48
|
|t:|1758269929
|move|p2a: Venusaur|Solar Beam||[still]
|-prepare|p2a: Venusaur|Solar Beam
|-anim|p2a: Venusaur|Solar Beam|p1a: Alomomola
|-supereffective|p1a: Alomomola
|-damage|p1a: Alomomola|0 fnt
|faint|p1a: Alomomola
|
|-weather|SunnyDay|[upkeep]
|-heal|p2a: Venusaur|100/100 brn|[from] item: Leftovers
|-damage|p2a: Venusaur|94/100 brn|[from] brn
|upkeep
|
|t:|1758269932
|switch|p1a: Dragapult|Dragapult, F|35/100
|turn|49
|
|t:|1758269942
|-terastallize|p1a: Dragapult|Ghost
|move|p2a: Venusaur|Earth Power|p1a: Dragapult
|-damage|p1a: Dragapult|0 fnt
|faint|p1a: Dragapult
|
|win|Orange_Blue_10
|raw|ccncn123's rating: 1282 &rarr; <strong>1256</strong><br />(-26 for losing)
|raw|Orange_Blue_10's rating: 1270 &rarr; <strong>1296</strong><br />(+26 for winning)
|l|☆ccncn123
|player|p1|
|l|☆Orange_Blue_10
|player|p2|
