|j|☆QB1K
|j|☆Beauty Nova
|t:|1758263703
|gametype|singles
|player|p1|QB1K|winona|1140
|player|p2|Beauty Nova|beauty-gen6xy|1147
|gen|9
|tier|[Gen 9] OU
|rated|
|rule|HP Percentage Mod: HP is shown in percentages
|rule|Endless Battle Clause: Forcing endless battles is banned
|rule|Species Clause: Limit one of each Pokémon
|rule|OHKO Clause: OHKO moves are banned
|rule|Evasion Items Clause: Evasion items are banned
|rule|Evasion Moves Clause: Evasion moves are banned
|rule|Evasion Abilities Clause: Evasion abilities are banned
|rule|Sleep Moves Clause: Sleep-inducing moves are banned
|clearpoke
|poke|p1|Electrode-Hisui|
|poke|p1|Rillaboom, M|
|poke|p1|Ceruledge, M|
|poke|p1|Ting-Lu|
|poke|p1|Alomomola, F|
|poke|p1|Slowking-Galar, F|
|poke|p2|Indeedee, M|
|poke|p2|Hatterene, F|
|poke|p2|Ursaluna, F|
|poke|p2|Mimikyu, F|
|poke|p2|Hoopa-Unbound|
|poke|p2|Iron Hands|
|teampreview
|inactive|Battle timer is ON: inactive players will automatically lose when time's up. (requested by QB1K)
|inactive|QB1K has 120 seconds left.
|
|t:|1758263748
|teamsize|p1|6
|teamsize|p2|6
|start
|switch|p1a: Rillaboom|Rillaboom, M|100/100
|switch|p2a: Iron Hands|Iron Hands|100/100
|-fieldstart|move: Grassy Terrain|[from] ability: Grassy Surge|[of] p1a: Rillaboom
|-enditem|p2a: Iron Hands|Booster Energy
|-activate|p2a: Iron Hands|ability: Quark Drive|[fromitem]
|-start|p2a: Iron Hands|quarkdriveatk
|turn|1
|
|t:|1758263771
|move|p1a: Rillaboom|U-turn|p2a: Iron Hands
|-resisted|p2a: Iron Hands
|-damage|p2a: Iron Hands|87/100
|
|t:|1758263790
|switch|p1a: Ting-Lu|Ting-Lu|100/100|[from] U-turn
|-ability|p1a: Ting-Lu|Vessel of Ruin
|move|p2a: Iron Hands|Ice Punch|p1a: Ting-Lu
|-supereffective|p1a: Ting-Lu
|-damage|p1a: Ting-Lu|60/100
|-status|p1a: Ting-Lu|frz
|
|-heal|p2a: Iron Hands|93/100|[from] Grassy Terrain
|-heal|p1a: Ting-Lu|66/100 frz|[from] Grassy Terrain
|-heal|p1a: Ting-Lu|72/100 frz|[from] item: Leftovers
|upkeep
|turn|2
|
|t:|1758263802
|move|p2a: Iron Hands|Close Combat|p1a: Ting-Lu
|-supereffective|p1a: Ting-Lu
|-damage|p1a: Ting-Lu|0 fnt
|-unboost|p2a: Iron Hands|def|1
|-unboost|p2a: Iron Hands|spd|1
|faint|p1a: Ting-Lu
|
|-heal|p2a: Iron Hands|99/100|[from] Grassy Terrain
|upkeep
|inactive|QB1K has 120 seconds left.
|
|t:|1758263822
|switch|p1a: Rillaboom|Rillaboom, M|100/100
|turn|3
|
|t:|1758263826
|move|p1a: Rillaboom|Wood Hammer|p2a: Iron Hands
|-damage|p2a: Iron Hands|0 fnt
|faint|p2a: Iron Hands
|-end|p2a: Iron Hands|Quark Drive|[silent]
|-damage|p1a: Rillaboom|57/100|[from] Recoil
|
|-heal|p1a: Rillaboom|64/100|[from] Grassy Terrain
|upkeep
|
|t:|1758263836
|switch|p2a: Indeedee|Indeedee, M, shiny|100/100
|-fieldstart|move: Psychic Terrain|[from] ability: Psychic Surge|[of] p2a: Indeedee
|turn|4
|
|t:|1758263846
|switch|p1a: Slowking|Slowking-Galar, F|100/100
|move|p2a: Indeedee|Trick Room|p2a: Indeedee
|-fieldstart|move: Trick Room|[of] p2a: Indeedee
|
|upkeep
|turn|5
|
|t:|1758263856
|switch|p2a: Hoopa|Hoopa-Unbound|100/100
|-enditem|p2a: Hoopa|Psychic Seed
|-boost|p2a: Hoopa|spd|1|[from] item: Psychic Seed
|move|p1a: Slowking|Sludge Bomb|p2a: Hoopa
|-damage|p2a: Hoopa|83/100
|-status|p2a: Hoopa|psn
|
|-damage|p2a: Hoopa|70/100 psn|[from] psn
|upkeep
|turn|6
|
|t:|1758263877
|-prepare|p1a: Slowking|Chilly Reception|[premajor]
|move|p1a: Slowking|Chilly Reception|p1a: Slowking
|-weather|Snowscape
|
|t:|1758263887
|switch|p1a: Alomomola|Alomomola, F|100/100|[from] Chilly Reception
|move|p2a: Hoopa|Expanding Force|p1a: Alomomola
|-damage|p1a: Alomomola|22/100
|-item|p2a: Hoopa|Heavy-Duty Boots|[from] ability: Magician|[of] p1a: Alomomola
|
|-weather|Snowscape|[upkeep]
|-damage|p2a: Hoopa|58/100 psn|[from] psn
|upkeep
|turn|7
|
|t:|1758263901
|-terastallize|p2a: Hoopa|Psychic
|move|p2a: Hoopa|Expanding Force|p1a: Alomomola
|-damage|p1a: Alomomola|0 fnt
|faint|p1a: Alomomola
|
|-weather|Snowscape|[upkeep]
|-damage|p2a: Hoopa|46/100 psn|[from] psn
|upkeep
|
|t:|1758263910
|switch|p1a: Rillaboom|Rillaboom, M|64/100
|-fieldstart|move: Grassy Terrain|[from] ability: Grassy Surge|[of] p1a: Rillaboom
|turn|8
|
|t:|1758263913
|move|p1a: Rillaboom|Grassy Glide|p2a: Hoopa
|-damage|p2a: Hoopa|0 fnt
|faint|p2a: Hoopa
|
|-weather|Snowscape|[upkeep]
|-heal|p1a: Rillaboom|70/100|[from] Grassy Terrain
|-fieldend|move: Trick Room
|upkeep
|
|t:|1758263920
|switch|p2a: Hatterene|Hatterene, F, shiny|100/100
|turn|9
|
|t:|1758263924
|move|p1a: Rillaboom|Grassy Glide|p2a: Hatterene
|-damage|p2a: Hatterene|28/100
|move|p2a: Hatterene|Mystical Fire|p1a: Rillaboom
|-supereffective|p1a: Rillaboom
|-damage|p1a: Rillaboom|0 fnt
|faint|p1a: Rillaboom
|-damage|p2a: Hatterene|18/100|[from] item: Life Orb
|
|-weather|Snowscape|[upkeep]
|-heal|p2a: Hatterene|24/100|[from] Grassy Terrain
|upkeep
|
|t:|1758263931
|switch|p1a: Electrode|Electrode-Hisui|100/100
|turn|10
|
|t:|1758263937
|move|p1a: Electrode|Volt Switch|p2a: Hatterene
|-damage|p2a: Hatterene|0 fnt
|faint|p2a: Hatterene
|
|t:|1758263943
|switch|p1a: Ceruledge|Ceruledge, M|100/100|[from] Volt Switch
|
|-weather|none
|upkeep
|
|t:|1758263946
|switch|p2a: Mimikyu|Mimikyu, F, shiny|100/100
|turn|11
|
|t:|1758263950
|move|p1a: Ceruledge|Shadow Sneak|p2a: Mimikyu
|-activate|p2a: Mimikyu|ability: Disguise
|-damage|p2a: Mimikyu|100/100
|detailschange|p2a: Mimikyu|Mimikyu-Busted, F, shiny
|-damage|p2a: Mimikyu|88/100|[from] pokemon: Mimikyu-Busted
|-enditem|p2a: Mimikyu|Red Card|[of] p1a: Ceruledge
|drag|p1a: Slowking|Slowking-Galar, F|100/100
|move|p2a: Mimikyu|Trick Room|p2a: Mimikyu
|-fieldstart|move: Trick Room|[of] p2a: Mimikyu
|
|-heal|p2a: Mimikyu|94/100|[from] Grassy Terrain
|upkeep
|turn|12
|
|t:|1758263963
|move|p1a: Slowking|Future Sight|p2a: Mimikyu
|-start|p1a: Slowking|move: Future Sight
|move|p2a: Mimikyu|Destiny Bond|p2a: Mimikyu
|-singlemove|p2a: Mimikyu|Destiny Bond
|
|-heal|p2a: Mimikyu|99/100|[from] Grassy Terrain
|-fieldend|move: Grassy Terrain
|upkeep
|turn|13
|
|t:|1758263969
|move|p1a: Slowking|Sludge Bomb|p2a: Mimikyu
|-damage|p2a: Mimikyu|62/100
|-status|p2a: Mimikyu|psn
|move|p2a: Mimikyu|Curse|p1a: Slowking
|-start|p1a: Slowking|Curse|[of] p2a: Mimikyu
|-damage|p2a: Mimikyu|12/100 psn
|
|-damage|p2a: Mimikyu|0 fnt|[from] psn
|faint|p2a: Mimikyu
|-damage|p1a: Slowking|76/100|[from] Curse
|upkeep
|
|t:|1758263983
|switch|p2a: Ursaluna|Ursaluna, F, shiny|100/100
|turn|14
|
|t:|1758263988
|switch|p1a: Electrode|Electrode-Hisui|100/100
|move|p2a: Ursaluna|Headlong Rush|p1a: Electrode
|-damage|p1a: Electrode|0 fnt
|-unboost|p2a: Ursaluna|def|1
|-unboost|p2a: Ursaluna|spd|1
|-status|p2a: Ursaluna|par|[from] ability: Static|[of] p1a: Electrode
|faint|p1a: Electrode
|
|-end|p2a: Ursaluna|move: Future Sight
|-damage|p2a: Ursaluna|40/100 par
|upkeep
|
|t:|1758263995
|switch|p1a: Slowking|Slowking-Galar, F|100/100
|turn|15
|
|t:|1758264001
|move|p2a: Ursaluna|Headlong Rush|p1a: Slowking
|-supereffective|p1a: Slowking
|-enditem|p1a: Slowking|Shuca Berry|[eat]
|-enditem|p1a: Slowking|Shuca Berry|[weaken]
|-damage|p1a: Slowking|16/100
|-unboost|p2a: Ursaluna|def|1
|-unboost|p2a: Ursaluna|spd|1
|move|p1a: Slowking|Ice Beam|p2a: Ursaluna
|-supereffective|p2a: Ursaluna
|-damage|p2a: Ursaluna|0 fnt
|faint|p2a: Ursaluna
|
|-fieldend|move: Trick Room
|upkeep
|
|t:|1758264009
|switch|p2a: Indeedee|Indeedee, M, shiny|100/100
|-fieldstart|move: Psychic Terrain|[from] ability: Psychic Surge|[of] p2a: Indeedee
|turn|16
|
|t:|1758264014
|move|p2a: Indeedee|Expanding Force|p1a: Slowking
|-damage|p1a: Slowking|0 fnt
|faint|p1a: Slowking
|
|upkeep
|
|t:|1758264016
|switch|p1a: Ceruledge|Ceruledge, M|100/100
|turn|17
|
|t:|1758264025
|move|p1a: Ceruledge|Bulk Up|p1a: Ceruledge
|-boost|p1a: Ceruledge|atk|1
|-boost|p1a: Ceruledge|def|1
|move|p2a: Indeedee|Trick Room|p2a: Indeedee
|-fieldstart|move: Trick Room|[of] p2a: Indeedee
|
|upkeep
|turn|18
|
|t:|1758264036
|-terastallize|p1a: Ceruledge|Fire
|move|p2a: Indeedee|Expanding Force|p1a: Ceruledge
|-damage|p1a: Ceruledge|41/100
|move|p1a: Ceruledge|Bitter Blade|p2a: Indeedee
|-damage|p2a: Indeedee|9/100
|-heal|p1a: Ceruledge|91/100|[from] drain|[of] p2a: Indeedee
|
|upkeep
|turn|19
|
|t:|1758264049
|move|p2a: Indeedee|Expanding Force|p1a: Ceruledge
|-damage|p1a: Ceruledge|26/100
|move|p1a: Ceruledge|Bitter Blade|p2a: Indeedee
|-damage|p2a: Indeedee|0 fnt
|-heal|p1a: Ceruledge|31/100|[from] drain|[of] p2a: Indeedee
|faint|p2a: Indeedee
|
|win|QB1K
|raw|QB1K's rating: 1140 &rarr; <strong>1166</strong><br />(+26 for winning)
|raw|Beauty Nova's rating: 1147 &rarr; <strong>1121</strong><br />(-26 for losing)
|l|☆QB1K
|player|p1|
|l|☆Beauty Nova
|player|p2|
