|j|☆kanadeyo1saki
|j|☆pokevivr
|t:|1758258565
|gametype|singles
|player|p1|kanadeyo1saki|alec-anime|1233
|player|p2|pokevivr|janitor|1262
|gen|9
|tier|[Gen 9] OU
|rated|
|rule|HP Percentage Mod: HP is shown in percentages
|rule|Endless Battle Clause: Forcing endless battles is banned
|rule|Species Clause: Limit one of each Pokémon
|rule|OHKO Clause: OHKO moves are banned
|rule|Evasion Items Clause: Evasion items are banned
|rule|Evasion Moves Clause: Evasion moves are banned
|rule|Evasion Abilities Clause: Evasion abilities are banned
|rule|Sleep Moves Clause: Sleep-inducing moves are banned
|clearpoke
|poke|p1|Great Tusk|
|poke|p1|Heatran, M|
|poke|p1|Weavile, M|
|poke|p1|Primarina, M|
|poke|p1|Ogerpon, F|
|poke|p1|Pecharunt|
|poke|p2|Araquanid, F|
|poke|p2|Great Tusk|
|poke|p2|Iron Moth|
|poke|p2|Zapdos|
|poke|p2|Raging Bolt|
|poke|p2|Scizor, M|
|teampreview
|
|t:|1758258581
|teamsize|p1|6
|teamsize|p2|6
|start
|switch|p1a: Heatransgender|Heatran, M|100/100
|switch|p2a: Araquanid|Araquanid, F|100/100
|-item|p1a: Heatransgender|Air Balloon
|turn|1
|
|t:|1758258591
|move|p1a: Heatransgender|Taunt|p2a: Araquanid
|-start|p2a: Araquanid|move: Taunt
|move|p2a: Araquanid|Lunge|p1a: Heatransgender
|-resisted|p1a: Heatransgender
|-damage|p1a: Heatransgender|93/100
|-unboost|p1a: Heatransgender|atk|1
|-enditem|p1a: Heatransgender|Air Balloon
|
|upkeep
|turn|2
|
|t:|1758258606
|switch|p1a: mochi michael|Pecharunt|100/100
|switch|p2a: Great Tusk|Great Tusk|100/100
|
|upkeep
|turn|3
|inactive|Battle timer is ON: inactive players will automatically lose when time's up. (requested by pokevivr)
|
|t:|1758258645
|switch|p1a: lesbian daughter|Ogerpon, F|100/100
|move|p2a: Great Tusk|Stealth Rock|p1a: lesbian daughter
|-sidestart|p1: kanadeyo1saki|move: Stealth Rock
|
|upkeep
|turn|4
|
|t:|1758258651
|-end|p2a: Great Tusk|Protosynthesis|[silent]
|switch|p2a: Scizor|Scizor, M|100/100
|move|p1a: lesbian daughter|Ivy Cudgel|p2a: Scizor
|-resisted|p2a: Scizor
|-damage|p2a: Scizor|80/100
|
|upkeep
|turn|5
|
|t:|1758258670
|switch|p1a: mochi michael|Pecharunt|100/100
|-damage|p1a: mochi michael|88/100|[from] Stealth Rock
|move|p2a: Scizor|Knock Off|p1a: mochi michael
|-supereffective|p1a: mochi michael
|-damage|p1a: mochi michael|45/100
|-damage|p2a: Scizor|63/100|[from] item: Rocky Helmet|[of] p1a: mochi michael
|-enditem|p1a: mochi michael|Rocky Helmet|[from] move: Knock Off|[of] p2a: Scizor
|-damage|p2a: Scizor|53/100|[from] item: Life Orb
|
|upkeep
|turn|6
|
|t:|1758258686
|move|p1a: mochi michael|Recover|p1a: mochi michael
|-heal|p1a: mochi michael|95/100
|move|p2a: Scizor|Knock Off|p1a: mochi michael
|-supereffective|p1a: mochi michael
|-damage|p1a: mochi michael|63/100
|-damage|p2a: Scizor|43/100|[from] item: Life Orb
|
|upkeep
|turn|7
|
|t:|1758258698
|move|p1a: mochi michael|Recover|p1a: mochi michael
|-heal|p1a: mochi michael|100/100
|move|p2a: Scizor|U-turn|p1a: mochi michael
|-resisted|p1a: mochi michael
|-damage|p1a: mochi michael|95/100
|-damage|p2a: Scizor|33/100|[from] item: Life Orb
|
|t:|1758258700
|switch|p2a: Great Tusk|Great Tusk|100/100|[from] U-turn
|
|upkeep
|turn|8
|
|t:|1758258718
|switch|p1a: woke dog|Great Tusk, shiny|100/100
|move|p2a: Great Tusk|Ice Spinner|p1a: woke dog
|-supereffective|p1a: woke dog
|-damage|p1a: woke dog|58/100
|
|upkeep
|turn|9
|
|t:|1758258737
|move|p1a: woke dog|Rapid Spin|p2a: Great Tusk
|-damage|p2a: Great Tusk|88/100
|-boost|p1a: woke dog|spe|1
|-sideend|p1: kanadeyo1saki|Stealth Rock|[from] move: Rapid Spin|[of] p1a: woke dog
|move|p2a: Great Tusk|Headlong Rush|p1a: woke dog
|-damage|p1a: woke dog|10/100
|-unboost|p2a: Great Tusk|def|1
|-unboost|p2a: Great Tusk|spd|1
|
|upkeep
|turn|10
|inactive|kanadeyo1saki has 120 seconds left.
|
|t:|1758258762
|-end|p2a: Great Tusk|Protosynthesis|[silent]
|switch|p2a: Scizor|Scizor, M|33/100
|-terastallize|p1a: woke dog|Ground
|move|p1a: woke dog|Headlong Rush|p2a: Scizor
|-damage|p2a: Scizor|0 fnt
|-unboost|p1a: woke dog|def|1
|-unboost|p1a: woke dog|spd|1
|faint|p2a: Scizor
|
|upkeep
|
|t:|1758258773
|switch|p2a: Zapdos|Zapdos|100/100
|turn|11
|inactive|kanadeyo1saki has 120 seconds left.
|
|t:|1758258798
|-end|p1a: woke dog|Protosynthesis|[silent]
|switch|p1a: Heatransgender|Heatran, M|93/100
|move|p2a: Zapdos|Hurricane|p1a: Heatransgender
|-resisted|p1a: Heatransgender
|-damage|p1a: Heatransgender|70/100
|
|upkeep
|turn|12
|inactive|kanadeyo1saki has 120 seconds left.
|
|t:|1758258806
|move|p1a: Heatransgender|Magma Storm|p2a: Zapdos
|-damage|p2a: Zapdos|49/100
|-activate|p2a: Zapdos|move: Magma Storm|[of] p1a: Heatransgender
|move|p2a: Zapdos|Thunder Wave|p1a: Heatransgender
|-status|p1a: Heatransgender|par
|
|-damage|p2a: Zapdos|37/100|[from] move: Magma Storm|[partiallytrapped]
|upkeep
|turn|13
|
|t:|1758258816
|move|p2a: Zapdos|Volt Switch|p1a: Heatransgender
|-damage|p1a: Heatransgender|42/100 par
|
|t:|1758258826
|switch|p2a: Great Tusk|Great Tusk|88/100|[from] Volt Switch
|cant|p1a: Heatransgender|par
|
|upkeep
|turn|14
|
|t:|1758258842
|switch|p1a: lesbian daughter|Ogerpon, F|100/100
|move|p2a: Great Tusk|Stealth Rock|p1a: lesbian daughter
|-sidestart|p1: kanadeyo1saki|move: Stealth Rock
|
|upkeep
|turn|15
|
|t:|1758258852
|-end|p2a: Great Tusk|Protosynthesis|[silent]
|switch|p2a: Iron Moth|Iron Moth|100/100
|-enditem|p2a: Iron Moth|Booster Energy
|-activate|p2a: Iron Moth|ability: Quark Drive|[fromitem]
|-start|p2a: Iron Moth|quarkdrivespe
|move|p1a: lesbian daughter|Knock Off|p2a: Iron Moth
|-damage|p2a: Iron Moth|52/100
|
|upkeep
|turn|16
|inactive|kanadeyo1saki has 120 seconds left.
|
|t:|1758258892
|-end|p2a: Iron Moth|Quark Drive|[silent]
|switch|p2a: Great Tusk|Great Tusk|88/100
|switch|p1a: mochi michael|Pecharunt|95/100
|-damage|p1a: mochi michael|83/100|[from] Stealth Rock
|
|upkeep
|turn|17
|inactive|kanadeyo1saki has 90 seconds left.
|
|t:|1758258919
|switch|p1a: Heatransgender|Heatran, M|42/100 par
|-damage|p1a: Heatransgender|30/100 par|[from] Stealth Rock
|move|p2a: Great Tusk|Ice Spinner|p1a: Heatransgender
|-resisted|p1a: Heatransgender
|-damage|p1a: Heatransgender|22/100 par
|
|upkeep
|turn|18
|
|t:|1758258927
|move|p2a: Great Tusk|Headlong Rush|p1a: Heatransgender
|-supereffective|p1a: Heatransgender
|-damage|p1a: Heatransgender|0 fnt
|-unboost|p2a: Great Tusk|def|1
|-unboost|p2a: Great Tusk|spd|1
|faint|p1a: Heatransgender
|
|upkeep
|
|t:|1758258953
|switch|p1a: I LAND AXEL #TRUE|Weavile, M|100/100
|-damage|p1a: I LAND AXEL #TRUE|76/100|[from] Stealth Rock
|-ability|p1a: I LAND AXEL #TRUE|Pressure
|turn|19
|
|t:|1758258965
|-end|p2a: Great Tusk|Protosynthesis|[silent]
|switch|p2a: Araquanid|Araquanid, F|100/100
|move|p1a: I LAND AXEL #TRUE|Triple Axel|p2a: Araquanid
|-resisted|p2a: Araquanid
|-damage|p2a: Araquanid|93/100
|-resisted|p2a: Araquanid
|-damage|p2a: Araquanid|78/100
|-resisted|p2a: Araquanid
|-damage|p2a: Araquanid|56/100
|-hitcount|p2a: Araquanid|3
|
|upkeep
|turn|20
|inactive|kanadeyo1saki has 60 seconds left.
|
|t:|1758258982
|switch|p1a: mochi michael|Pecharunt|83/100
|-damage|p1a: mochi michael|70/100|[from] Stealth Rock
|move|p2a: Araquanid|Sticky Web|p1a: mochi michael
|-sidestart|p1: kanadeyo1saki|move: Sticky Web
|
|upkeep
|turn|21
|
|t:|1758258990
|move|p1a: mochi michael|Parting Shot|p2a: Araquanid
|-unboost|p2a: Araquanid|atk|1
|-unboost|p2a: Araquanid|spa|1
|inactive|kanadeyo1saki has 60 seconds left.
|
|t:|1758259018
|switch|p1a: gay daughter|Primarina, M, shiny|100/100|[from] Parting Shot
|-damage|p1a: gay daughter|88/100|[from] Stealth Rock
|-activate|p1a: gay daughter|move: Sticky Web
|-unboost|p1a: gay daughter|spe|1
|move|p2a: Araquanid|Endeavor|p1a: gay daughter
|-damage|p1a: gay daughter|52/100
|
|upkeep
|turn|22
|
|t:|1758259043
|switch|p2a: Zapdos|Zapdos|37/100
|move|p1a: gay daughter|Whirlpool|p2a: Zapdos
|-damage|p2a: Zapdos|17/100
|-activate|p2a: Zapdos|move: Whirlpool|[of] p1a: gay daughter
|
|-damage|p2a: Zapdos|5/100|[from] move: Whirlpool|[partiallytrapped]
|upkeep
|turn|23
|
|t:|1758259060
|move|p2a: Zapdos|Hurricane|p1a: gay daughter
|-damage|p1a: gay daughter|26/100
|move|p1a: gay daughter|Flip Turn|p2a: Zapdos
|-damage|p2a: Zapdos|0 fnt
|faint|p2a: Zapdos
|inactive|kanadeyo1saki has 30 seconds left.
|
|t:|1758259080
|switch|p1a: lesbian daughter|Ogerpon, F|100/100|[from] Flip Turn
|-damage|p1a: lesbian daughter|88/100|[from] Stealth Rock
|-activate|p1a: lesbian daughter|move: Sticky Web
|-unboost|p1a: lesbian daughter|spe|1
|-ability|p1a: lesbian daughter|Defiant|boost
|-boost|p1a: lesbian daughter|atk|2
|
|upkeep
|
|t:|1758259086
|switch|p2a: Araquanid|Araquanid, F|56/100
|turn|24
|inactive|kanadeyo1saki has 30 seconds left.
|
|t:|1758259103
|move|p2a: Araquanid|Endure|p2a: Araquanid
|-singleturn|p2a: Araquanid|move: Endure
|move|p1a: lesbian daughter|Knock Off|p2a: Araquanid
|-crit|p2a: Araquanid
|-activate|p2a: Araquanid|move: Endure
|-damage|p2a: Araquanid|1/100
|-enditem|p2a: Araquanid|Custap Berry|[from] move: Knock Off|[of] p1a: lesbian daughter
|
|upkeep
|turn|25
|
|t:|1758259112
|move|p1a: lesbian daughter|Knock Off|p2a: Araquanid
|-damage|p2a: Araquanid|0 fnt
|faint|p2a: Araquanid
|
|upkeep
|
|t:|1758259114
|switch|p2a: Iron Moth|Iron Moth|52/100
|turn|26
|
|t:|1758259122
|move|p2a: Iron Moth|Fiery Dance|p1a: lesbian daughter
|-supereffective|p1a: lesbian daughter
|-damage|p1a: lesbian daughter|0 fnt
|faint|p1a: lesbian daughter
|
|upkeep
|
|t:|1758259142
|switch|p1a: gay daughter|Primarina, M, shiny|26/100
|-damage|p1a: gay daughter|14/100|[from] Stealth Rock
|-activate|p1a: gay daughter|move: Sticky Web
|-unboost|p1a: gay daughter|spe|1
|turn|27
|
|t:|1758259150
|move|p2a: Iron Moth|Energy Ball|p1a: gay daughter
|-supereffective|p1a: gay daughter
|-damage|p1a: gay daughter|0 fnt
|faint|p1a: gay daughter
|
|upkeep
|inactive|kanadeyo1saki has 30 seconds left.
|
|t:|1758259170
|switch|p1a: mochi michael|Pecharunt|70/100
|-damage|p1a: mochi michael|58/100|[from] Stealth Rock
|-activate|p1a: mochi michael|move: Sticky Web
|-unboost|p1a: mochi michael|spe|1
|turn|28
|
|t:|1758259177
|move|p2a: Iron Moth|Fiery Dance|p1a: mochi michael
|-damage|p1a: mochi michael|19/100
|move|p1a: mochi michael|Shadow Ball|p2a: Iron Moth
|-damage|p2a: Iron Moth|25/100
|
|upkeep
|turn|29
|
|t:|1758259186
|move|p2a: Iron Moth|Fiery Dance|p1a: mochi michael
|-damage|p1a: mochi michael|0 fnt
|faint|p1a: mochi michael
|
|upkeep
|
|t:|1758259195
|switch|p1a: I LAND AXEL #TRUE|Weavile, M|76/100
|-damage|p1a: I LAND AXEL #TRUE|51/100|[from] Stealth Rock
|-activate|p1a: I LAND AXEL #TRUE|move: Sticky Web
|-unboost|p1a: I LAND AXEL #TRUE|spe|1
|-ability|p1a: I LAND AXEL #TRUE|Pressure
|turn|30
|
|t:|1758259206
|move|p1a: I LAND AXEL #TRUE|Ice Shard|p2a: Iron Moth
|-resisted|p2a: Iron Moth
|-crit|p2a: Iron Moth
|-damage|p2a: Iron Moth|0 fnt
|faint|p2a: Iron Moth
|-end|p2a: Iron Moth|Quark Drive|[silent]
|
|upkeep
|
|t:|1758259211
|switch|p2a: Raging Bolt|Raging Bolt|100/100
|turn|31
|
|t:|1758259222
|-terastallize|p2a: Raging Bolt|Fairy
|move|p1a: I LAND AXEL #TRUE|Ice Shard|p2a: Raging Bolt
|-damage|p2a: Raging Bolt|74/100
|move|p2a: Raging Bolt|Thunderclap||[still]
|-fail|p2a: Raging Bolt
|
|-heal|p2a: Raging Bolt|80/100|[from] item: Leftovers
|upkeep
|turn|32
|inactive|kanadeyo1saki has 60 seconds left.
|
|t:|1758259235
|switch|p1a: woke dog|Great Tusk, shiny, tera:Ground|10/100
|move|p2a: Raging Bolt|Dragon Pulse|p1a: woke dog
|-damage|p1a: woke dog|0 fnt
|faint|p1a: woke dog
|-end|p1a: woke dog|Protosynthesis|[silent]
|
|-heal|p2a: Raging Bolt|86/100|[from] item: Leftovers
|upkeep
|
|t:|1758259243
|switch|p1a: I LAND AXEL #TRUE|Weavile, M|51/100
|-damage|p1a: I LAND AXEL #TRUE|26/100|[from] Stealth Rock
|-activate|p1a: I LAND AXEL #TRUE|move: Sticky Web
|-unboost|p1a: I LAND AXEL #TRUE|spe|1
|-ability|p1a: I LAND AXEL #TRUE|Pressure
|turn|33
|inactive|kanadeyo1saki has 60 seconds left.
|
|t:|1758259258
|move|p1a: I LAND AXEL #TRUE|Triple Axel|p2a: Raging Bolt
|-damage|p2a: Raging Bolt|73/100
|-damage|p2a: Raging Bolt|49/100
|-damage|p2a: Raging Bolt|13/100
|-hitcount|p2a: Raging Bolt|3
|move|p2a: Raging Bolt|Volt Switch|p1a: I LAND AXEL #TRUE
|-crit|p1a: I LAND AXEL #TRUE
|-damage|p1a: I LAND AXEL #TRUE|0 fnt
|faint|p1a: I LAND AXEL #TRUE
|
|win|pokevivr
|raw|kanadeyo1saki's rating: 1233 &rarr; <strong>1210</strong><br />(-23 for losing)
|raw|pokevivr's rating: 1262 &rarr; <strong>1285</strong><br />(+23 for winning)
