|j|☆mol_73
|j|☆Crasac
|t:|1758357645
|gametype|singles
|player|p1|mol_73|twins|1087
|player|p2|Crasac|266|1134
|gen|9
|tier|[Gen 9] OU
|rated|
|rule|HP Percentage Mod: HP is shown in percentages
|rule|Endless Battle Clause: Forcing endless battles is banned
|rule|Species Clause: Limit one of each Pokémon
|rule|OHKO Clause: OHKO moves are banned
|rule|Evasion Items Clause: Evasion items are banned
|rule|Evasion Moves Clause: Evasion moves are banned
|rule|Evasion Abilities Clause: Evasion abilities are banned
|rule|Sleep Moves Clause: Sleep-inducing moves are banned
|clearpoke
|poke|p1|Trevenant, M|
|poke|p1|Glimmora, F|
|poke|p1|Pecharunt|
|poke|p1|Articuno|
|poke|p1|Volcanion|
|poke|p1|Landorus-Therian, M|
|poke|p2|Gholdengo|
|poke|p2|Dragonite, M|
|poke|p2|Samurott-Hisui, M|
|poke|p2|Great Tusk|
|poke|p2|Iron Moth|
|poke|p2|Deoxys-Speed|
|teampreview
|j| anonymous3744
|inactive|Battle timer is ON: inactive players will automatically lose when time's up. (requested by Crasac)
|
|t:|1758357665
|teamsize|p1|6
|teamsize|p2|6
|start
|switch|p1a: Volcanion|Volcanion|100/100
|switch|p2a: Deoxys|Deoxys-Speed|100/100
|-ability|p2a: Deoxys|Pressure
|turn|1
|inactive|mol_73 has 120 seconds left.
|
|t:|1758357700
|move|p2a: Deoxys|Stealth Rock|p1a: Volcanion
|-sidestart|p1: mol_73|move: Stealth Rock
|move|p1a: Volcanion|Steam Eruption|p2a: Deoxys
|-damage|p2a: Deoxys|0 fnt
|faint|p2a: Deoxys
|
|upkeep
|
|t:|1758357721
|switch|p2a: Gholdengo|Gholdengo, shiny|100/100
|turn|2
|l| anonymous3744
|inactive|mol_73 has 120 seconds left.
|
|t:|1758357747
|-terastallize|p2a: Gholdengo|Water
|move|p2a: Gholdengo|Nasty Plot|p2a: Gholdengo
|-boost|p2a: Gholdengo|spa|2
|move|p1a: Volcanion|Earth Power|p2a: Gholdengo
|-damage|p2a: Gholdengo|67/100
|
|upkeep
|turn|3
|
|t:|1758357759
|move|p2a: Gholdengo|Shadow Ball|p1a: Volcanion
|-damage|p1a: Volcanion|50/100
|move|p1a: Volcanion|Body Press|p2a: Gholdengo
|-damage|p2a: Gholdengo|50/100
|
|upkeep
|turn|4
|
|t:|1758357769
|switch|p1a: Articuno|Articuno|100/100
|-ability|p1a: Articuno|Pressure
|move|p2a: Gholdengo|Recover|p2a: Gholdengo
|-heal|p2a: Gholdengo|99/100
|
|upkeep
|turn|5
|
|t:|1758357777
|move|p2a: Gholdengo|Nasty Plot|p2a: Gholdengo
|-boost|p2a: Gholdengo|spa|2
|move|p1a: Articuno|Freeze-Dry|p2a: Gholdengo
|-supereffective|p2a: Gholdengo
|-damage|p2a: Gholdengo|58/100
|
|upkeep
|turn|6
|inactive|mol_73 has 120 seconds left.
|
|t:|1758357786
|move|p2a: Gholdengo|Make It Rain|p1a: Articuno
|-supereffective|p1a: Articuno
|-damage|p1a: Articuno|0 fnt
|-unboost|p2a: Gholdengo|spa|1
|faint|p1a: Articuno
|
|upkeep
|inactive|mol_73 has 120 seconds left.
|
|t:|1758357796
|switch|p1a: Landorus|Landorus-Therian, M|100/100
|-damage|p1a: Landorus|88/100|[from] Stealth Rock
|-ability|p1a: Landorus|Intimidate|boost
|-unboost|p2a: Gholdengo|atk|1
|turn|7
|inactive|mol_73 has 120 seconds left.
|
|t:|1758357807
|move|p1a: Landorus|Earthquake|p2a: Gholdengo
|-damage|p2a: Gholdengo|16/100
|move|p2a: Gholdengo|Make It Rain|p1a: Landorus
|-damage|p1a: Landorus|0 fnt
|-unboost|p2a: Gholdengo|spa|1
|faint|p1a: Landorus
|
|upkeep
|inactive|mol_73 has 120 seconds left.
|
|t:|1758357819
|switch|p1a: Trevenant|Trevenant, M|100/100
|-damage|p1a: Trevenant|88/100|[from] Stealth Rock
|turn|8
|inactive|mol_73 has 120 seconds left.
|
|t:|1758357829
|switch|p2a: Iron Moth|Iron Moth, shiny|100/100
|-enditem|p2a: Iron Moth|Booster Energy
|-activate|p2a: Iron Moth|ability: Quark Drive|[fromitem]
|-start|p2a: Iron Moth|quarkdrivespe
|move|p1a: Trevenant|Wood Hammer|p2a: Iron Moth
|-resisted|p2a: Iron Moth
|-damage|p2a: Iron Moth|85/100
|-damage|p1a: Trevenant|83/100|[from] Recoil
|
|upkeep
|turn|9
|inactive|mol_73 has 120 seconds left.
|
|t:|1758357849
|switch|p1a: Volcanion|Volcanion|50/100
|-damage|p1a: Volcanion|25/100|[from] Stealth Rock
|move|p2a: Iron Moth|Fiery Dance|p1a: Volcanion
|-resisted|p1a: Volcanion
|-damage|p1a: Volcanion|17/100
|
|upkeep
|turn|10
|inactive|mol_73 has 120 seconds left.
|
|t:|1758357861
|move|p2a: Iron Moth|Sludge Wave|p1a: Volcanion
|-damage|p1a: Volcanion|0 fnt
|faint|p1a: Volcanion
|
|upkeep
|inactive|mol_73 has 120 seconds left.
|-message|mol_73 forfeited.
|
|win|Crasac
|raw|mol_73's rating: 1087 &rarr; <strong>1067</strong><br />(-20 for losing)
|raw|Crasac's rating: 1134 &rarr; <strong>1156</strong><br />(+22 for winning)
|l|☆mol_73
|player|p1|
|l|☆Crasac
|player|p2|
