|j|☆seethemalldie
|j|☆qwertyb0y
|t:|1758309320
|gametype|singles
|player|p1|seethemalldie|265|1274
|player|p2|qwertyb0y|red|1267
|gen|9
|tier|[Gen 9] OU
|rated|
|rule|HP Percentage Mod: HP is shown in percentages
|rule|Endless Battle Clause: Forcing endless battles is banned
|rule|Species Clause: Limit one of each Pokémon
|rule|OHKO Clause: OHKO moves are banned
|rule|Evasion Items Clause: Evasion items are banned
|rule|Evasion Moves Clause: Evasion moves are banned
|rule|Evasion Abilities Clause: Evasion abilities are banned
|rule|Sleep Moves Clause: Sleep-inducing moves are banned
|clearpoke
|poke|p1|Scizor, M|
|poke|p1|Toxtricity-Low-Key, F|
|poke|p1|Hydreigon, F|
|poke|p1|Iron Valiant|
|poke|p1|Ogerpon-Wellspring, F|
|poke|p1|Arcanine-Hisui, M|
|poke|p2|Ninetales-Alola, M|
|poke|p2|Cetitan, M|
|poke|p2|Kyurem|
|poke|p2|Sandslash-Alola, F|
|poke|p2|Moltres|
|poke|p2|Zamazenta-*|
|teampreview
|inactive|Battle timer is ON: inactive players will automatically lose when time's up. (requested by seethemalldie)
|
|t:|1758309335
|teamsize|p1|6
|teamsize|p2|6
|start
|switch|p1a: Trip|Hydreigon, F, shiny|100/100
|switch|p2a: Ninetales|Ninetales-Alola, M|100/100
|-weather|Snowscape|[from] ability: Snow Warning|[of] p2a: Ninetales
|turn|1
|
|t:|1758309347
|move|p2a: Ninetales|Aurora Veil|p2a: Ninetales
|-sidestart|p2: qwertyb0y|move: Aurora Veil
|move|p1a: Trip|Taunt|p2a: Ninetales
|-start|p2a: Ninetales|move: Taunt
|
|-weather|Snowscape|[upkeep]
|upkeep
|turn|2
|
|t:|1758309363
|switch|p1a: Solid|Scizor, M|100/100
|move|p2a: Ninetales|Blizzard|p1a: Solid
|-resisted|p1a: Solid
|-damage|p1a: Solid|80/100
|
|-weather|Snowscape|[upkeep]
|upkeep
|turn|3
|l|☆seethemalldie
|inactive|seethemalldie disconnected and has a minute to reconnect!
|player|p1|
|j|☆seethemalldie
|inactive|seethemalldie reconnected and has 125 seconds left.
|player|p1|seethemalldie|265|
|
|t:|1758309387
|switch|p2a: Moltres|Moltres|100/100
|move|p1a: Solid|Knock Off|p2a: Moltres
|-damage|p2a: Moltres|84/100
|-enditem|p2a: Moltres|Heavy-Duty Boots|[from] move: Knock Off|[of] p1a: Solid
|
|-weather|Snowscape|[upkeep]
|upkeep
|turn|4
|
|t:|1758309397
|switch|p1a: Archie|Arcanine-Hisui, M|100/100
|move|p2a: Moltres|Flamethrower|p1a: Archie
|-resisted|p1a: Archie
|-damage|p1a: Archie|85/100
|
|-weather|Snowscape|[upkeep]
|upkeep
|turn|5
|
|t:|1758309405
|switch|p2a: Zamazenta|Zamazenta|100/100
|-ability|p2a: Zamazenta|Dauntless Shield|boost
|-boost|p2a: Zamazenta|def|1
|move|p1a: Archie|Head Smash|p2a: Zamazenta|[miss]
|-miss|p1a: Archie|p2a: Zamazenta
|
|-weather|Snowscape|[upkeep]
|-sideend|p2: qwertyb0y|move: Aurora Veil
|upkeep
|turn|6
|
|t:|1758309424
|switch|p1a: Chili|Toxtricity-Low-Key, F|100/100
|move|p2a: Zamazenta|Iron Defense|p2a: Zamazenta
|-boost|p2a: Zamazenta|def|2
|
|-weather|Snowscape|[upkeep]
|upkeep
|turn|7
|inactive|seethemalldie has 120 seconds left.
|
|t:|1758309444
|-terastallize|p2a: Zamazenta|Steel
|-terastallize|p1a: Chili|Normal
|move|p2a: Zamazenta|Iron Defense|p2a: Zamazenta
|-boost|p2a: Zamazenta|def|2
|move|p1a: Chili|Boomburst|p2a: Zamazenta
|-resisted|p2a: Zamazenta
|-damage|p2a: Zamazenta|47/100
|
|-weather|Snowscape|[upkeep]
|-heal|p2a: Zamazenta|54/100|[from] item: Leftovers
|upkeep
|turn|8
|inactive|seethemalldie has 120 seconds left.
|
|t:|1758309458
|switch|p1a: Trip|Hydreigon, F, shiny|100/100
|move|p2a: Zamazenta|Body Press|p1a: Trip
|-supereffective|p1a: Trip
|-damage|p1a: Trip|0 fnt
|faint|p1a: Trip
|
|-weather|none
|-heal|p2a: Zamazenta|60/100|[from] item: Leftovers
|upkeep
|inactive|seethemalldie has 90 seconds left.
|
|t:|1758309488
|switch|p1a: Nite|Iron Valiant, shiny|100/100
|turn|9
|
|t:|1758309505
|move|p1a: Nite|Vacuum Wave|p2a: Zamazenta
|-supereffective|p2a: Zamazenta
|-damage|p2a: Zamazenta|10/100
|move|p2a: Zamazenta|Heavy Slam|p1a: Nite
|-supereffective|p1a: Nite
|-damage|p1a: Nite|0 fnt
|faint|p1a: Nite
|-end|p1a: Nite|Quark Drive|[silent]
|
|-heal|p2a: Zamazenta|16/100|[from] item: Leftovers
|upkeep
|inactive|seethemalldie has 90 seconds left.
|-message|seethemalldie forfeited.
|
|win|qwertyb0y
|raw|seethemalldie's rating: 1274 &rarr; <strong>1248</strong><br />(-26 for losing)
|raw|qwertyb0y's rating: 1267 &rarr; <strong>1293</strong><br />(+26 for winning)
|l|☆seethemalldie
|player|p1|
|c|☆qwertyb0y|ggs
|l|☆qwertyb0y
|player|p2|
