|j|☆4arms67
|j|☆Mexi-Squad
|t:|1758342028
|gametype|singles
|player|p1|4arms67|1|1451
|player|p2|Mexi-Squad|101|1372
|gen|9
|tier|[Gen 9] OU
|rated|
|rule|HP Percentage Mod: HP is shown in percentages
|rule|Endless Battle Clause: Forcing endless battles is banned
|rule|Species Clause: Limit one of each Pokémon
|rule|OHKO Clause: OHKO moves are banned
|rule|Evasion Items Clause: Evasion items are banned
|rule|Evasion Moves Clause: Evasion moves are banned
|rule|Evasion Abilities Clause: Evasion abilities are banned
|rule|Sleep Moves Clause: Sleep-inducing moves are banned
|clearpoke
|poke|p1|Alomomola, M|
|poke|p1|Dragalge, M|
|poke|p1|Lokix, F|
|poke|p1|Great Tusk|
|poke|p1|Gholdengo|
|poke|p1|Moltres|
|poke|p2|Zapdos|
|poke|p2|Pecharunt|
|poke|p2|Araquanid, M|
|poke|p2|Walking Wake|
|poke|p2|Landorus-Therian, M|
|poke|p2|Kingambit, F|
|teampreview
|
|t:|1758342032
|teamsize|p1|6
|teamsize|p2|6
|start
|switch|p1a: Dragalge|Dragalge, M|100/100
|switch|p2a: Landorus|Landorus-Therian, M|100/100
|-ability|p2a: Landorus|Intimidate|boost
|-unboost|p1a: Dragalge|atk|1
|turn|1
|
|t:|1758342042
|switch|p1a: Great Tusk|Great Tusk|100/100
|move|p2a: Landorus|Stone Edge|p1a: Great Tusk
|-resisted|p1a: Great Tusk
|-damage|p1a: Great Tusk|93/100
|
|upkeep
|turn|2
|
|t:|1758342053
|switch|p2a: Araquanid|Araquanid, M|100/100
|move|p1a: Great Tusk|Ice Spinner|p2a: Araquanid
|-resisted|p2a: Araquanid
|-damage|p2a: Araquanid|87/100
|
|upkeep
|turn|3
|
|t:|1758342061
|-end|p1a: Great Tusk|Protosynthesis|[silent]
|switch|p1a: Dragalge|Dragalge, M|100/100
|move|p2a: Araquanid|Surf|p1a: Dragalge
|-resisted|p1a: Dragalge
|-damage|p1a: Dragalge|76/100
|
|upkeep
|turn|4
|
|t:|1758342066
|move|p1a: Dragalge|Draco Meteor|p2a: Araquanid
|-damage|p2a: Araquanid|0 fnt
|-unboost|p1a: Dragalge|spa|2
|faint|p2a: Araquanid
|
|upkeep
|
|t:|1758342071
|switch|p2a: Landorus|Landorus-Therian, M|100/100
|-ability|p2a: Landorus|Intimidate|boost
|-unboost|p1a: Dragalge|atk|1
|turn|5
|
|t:|1758342074
|switch|p1a: Moltres|Moltres|100/100
|-terastallize|p2a: Landorus|Ice
|move|p2a: Landorus|Tera Blast|p1a: Moltres|[anim] Tera Blast Ice
|-damage|p1a: Moltres|52/100
|
|upkeep
|turn|6
|
|t:|1758342084
|switch|p2a: Walking Wake|Walking Wake|100/100
|switch|p1a: Gholdengo|Gholdengo|100/100
|
|upkeep
|turn|7
|
|t:|1758342103
|move|p1a: Gholdengo|Dazzling Gleam|p2a: Walking Wake
|-supereffective|p2a: Walking Wake
|-damage|p2a: Walking Wake|31/100
|move|p2a: Walking Wake|Flamethrower|p1a: Gholdengo
|-supereffective|p1a: Gholdengo
|-damage|p1a: Gholdengo|0 fnt
|faint|p1a: Gholdengo
|
|upkeep
|
|t:|1758342107
|switch|p1a: Lokix|Lokix, F|100/100
|turn|8
|
|t:|1758342111
|-end|p2a: Walking Wake|Protosynthesis|[silent]
|switch|p2a: Landorus|Landorus-Therian, M, tera:Ice|100/100
|-ability|p2a: Landorus|Intimidate|boost
|-unboost|p1a: Lokix|atk|1
|move|p1a: Lokix|First Impression|p2a: Landorus
|-damage|p2a: Landorus|51/100
|
|upkeep
|turn|9
|
|t:|1758342116
|switch|p1a: Alomomola|Alomomola, M|100/100
|move|p2a: Landorus|Tera Blast|p1a: Alomomola|[anim] Tera Blast Ice
|-resisted|p1a: Alomomola
|-damage|p1a: Alomomola|84/100
|
|upkeep
|turn|10
|
|t:|1758342123
|switch|p2a: Zap daddy|Zapdos|100/100
|move|p1a: Alomomola|Flip Turn|p2a: Zap daddy
|-damage|p2a: Zap daddy|82/100
|-status|p1a: Alomomola|par|[from] ability: Static|[of] p2a: Zap daddy
|
|t:|1758342126
|switch|p1a: Dragalge|Dragalge, M|76/100|[from] Flip Turn
|
|upkeep
|turn|11
|
|t:|1758342135
|move|p2a: Zap daddy|Volt Switch|p1a: Dragalge
|-resisted|p1a: Dragalge
|-damage|p1a: Dragalge|60/100
|
|t:|1758342143
|switch|p2a: Landorus|Landorus-Therian, M, tera:Ice|51/100|[from] Volt Switch
|-ability|p2a: Landorus|Intimidate|boost
|-unboost|p1a: Dragalge|atk|1
|move|p1a: Dragalge|Draco Meteor|p2a: Landorus
|-damage|p2a: Landorus|0 fnt
|-unboost|p1a: Dragalge|spa|2
|faint|p2a: Landorus
|
|upkeep
|
|t:|1758342147
|switch|p2a: Walking Wake|Walking Wake|31/100
|turn|12
|
|t:|1758342150
|switch|p1a: Alomomola|Alomomola, M|100/100 par
|move|p2a: Walking Wake|Dragon Pulse|p1a: Alomomola
|-damage|p1a: Alomomola|64/100 par
|
|upkeep
|turn|13
|
|t:|1758342156
|move|p2a: Walking Wake|Dragon Pulse|p1a: Alomomola
|-damage|p1a: Alomomola|29/100 par
|cant|p1a: Alomomola|par
|
|upkeep
|turn|14
|
|t:|1758342162
|move|p2a: Walking Wake|Dragon Pulse|p1a: Alomomola
|-damage|p1a: Alomomola|0 fnt
|faint|p1a: Alomomola
|
|upkeep
|
|t:|1758342163
|switch|p1a: Lokix|Lokix, F|100/100
|turn|15
|
|t:|1758342168
|-end|p2a: Walking Wake|Protosynthesis|[silent]
|switch|p2a: Pecharunt|Pecharunt|100/100
|move|p1a: Lokix|First Impression|p2a: Pecharunt
|-resisted|p2a: Pecharunt
|-damage|p2a: Pecharunt|85/100
|
|upkeep
|turn|16
|
|t:|1758342172
|switch|p1a: Dragalge|Dragalge, M|60/100
|move|p2a: Pecharunt|Shadow Ball|p1a: Dragalge
|-damage|p1a: Dragalge|37/100
|
|upkeep
|turn|17
|
|t:|1758342184
|move|p2a: Pecharunt|Recover|p2a: Pecharunt
|-heal|p2a: Pecharunt|100/100
|move|p1a: Dragalge|Draco Meteor|p2a: Pecharunt|[miss]
|-miss|p1a: Dragalge|p2a: Pecharunt
|
|upkeep
|turn|18
|
|t:|1758342194
|move|p2a: Pecharunt|Shadow Ball|p1a: Dragalge
|-damage|p1a: Dragalge|16/100
|move|p1a: Dragalge|Draco Meteor|p2a: Pecharunt
|-damage|p2a: Pecharunt|0 fnt
|-unboost|p1a: Dragalge|spa|2
|faint|p2a: Pecharunt
|
|upkeep
|
|t:|1758342208
|switch|p2a: Kingambit|Kingambit, F|100/100
|-activate|p2a: Kingambit|ability: Supreme Overlord
|-start|p2a: Kingambit|fallen3|[silent]
|turn|19
|
|t:|1758342221
|switch|p1a: Great Tusk|Great Tusk|93/100
|move|p2a: Kingambit|Swords Dance|p2a: Kingambit
|-boost|p2a: Kingambit|atk|2
|
|upkeep
|turn|20
|
|t:|1758342235
|move|p1a: Great Tusk|Headlong Rush|p2a: Kingambit
|-supereffective|p2a: Kingambit
|-damage|p2a: Kingambit|0 fnt
|-unboost|p1a: Great Tusk|def|1
|-unboost|p1a: Great Tusk|spd|1
|faint|p2a: Kingambit
|-end|p2a: Kingambit|fallen3|[silent]
|
|upkeep
|
|t:|1758342237
|switch|p2a: Zap daddy|Zapdos|82/100
|turn|21
|
|t:|1758342253
|move|p1a: Great Tusk|Stealth Rock|p2a: Zap daddy
|-sidestart|p2: Mexi-Squad|move: Stealth Rock
|move|p2a: Zap daddy|Hurricane|p1a: Great Tusk
|-supereffective|p1a: Great Tusk
|-damage|p1a: Great Tusk|0 fnt
|faint|p1a: Great Tusk
|-end|p1a: Great Tusk|Protosynthesis|[silent]
|
|upkeep
|
|t:|1758342259
|switch|p1a: Dragalge|Dragalge, M|16/100
|turn|22
|
|t:|1758342269
|move|p2a: Zap daddy|Hurricane|p1a: Dragalge
|-damage|p1a: Dragalge|0 fnt
|faint|p1a: Dragalge
|
|upkeep
|
|t:|1758342272
|switch|p1a: Lokix|Lokix, F|100/100
|turn|23
|
|t:|1758342278
|-terastallize|p1a: Lokix|Bug
|move|p1a: Lokix|First Impression|p2a: Zap daddy
|-resisted|p2a: Zap daddy
|-damage|p2a: Zap daddy|0 fnt
|faint|p2a: Zap daddy
|
|upkeep
|
|t:|1758342284
|switch|p2a: Walking Wake|Walking Wake|31/100
|-damage|p2a: Walking Wake|19/100|[from] Stealth Rock
|turn|24
|
|t:|1758342302
|switch|p1a: Moltres|Moltres|52/100
|move|p2a: Walking Wake|Hydro Steam|p1a: Moltres
|-supereffective|p1a: Moltres
|-damage|p1a: Moltres|0 fnt
|faint|p1a: Moltres
|
|upkeep
|
|t:|1758342304
|switch|p1a: Lokix|Lokix, F, tera:Bug|100/100
|turn|25
|
|t:|1758342305
|move|p1a: Lokix|First Impression|p2a: Walking Wake
|-damage|p2a: Walking Wake|0 fnt
|faint|p2a: Walking Wake
|-end|p2a: Walking Wake|Protosynthesis|[silent]
|
|win|4arms67
|raw|4arms67's rating: 1451 &rarr; <strong>1467</strong><br />(+16 for winning)
|raw|Mexi-Squad's rating: 1372 &rarr; <strong>1356</strong><br />(-16 for losing)
|l|☆4arms67
|player|p1|
|l|☆Mexi-Squad
|player|p2|
