|j|☆apotato135
|j|☆sly_skip
|t:|1758234212
|gametype|singles
|player|p1|apotato135|swimmer-gen4dp|1446
|player|p2|sly_skip|2|1487
|gen|9
|tier|[Gen 9] OU
|rated|
|rule|HP Percentage Mod: HP is shown in percentages
|rule|Endless Battle Clause: Forcing endless battles is banned
|rule|Species Clause: Limit one of each Pokémon
|rule|OHKO Clause: OHKO moves are banned
|rule|Evasion Items Clause: Evasion items are banned
|rule|Evasion Moves Clause: Evasion moves are banned
|rule|Evasion Abilities Clause: Evasion abilities are banned
|rule|Sleep Moves Clause: Sleep-inducing moves are banned
|clearpoke
|poke|p1|Munkidori, M|
|poke|p1|Darkrai|
|poke|p1|Muk-Alola, F|
|poke|p1|Cinderace, F|
|poke|p1|Dragapult, F|
|poke|p1|Iron Treads|
|poke|p2|Great Tusk|
|poke|p2|Darkrai|
|poke|p2|Garganacl, M|
|poke|p2|Kyurem|
|poke|p2|Zamazenta-*|
|poke|p2|Slowking-Galar, F|
|teampreview
|inactive|Battle timer is ON: inactive players will automatically lose when time's up. (requested by sly_skip)
|
|t:|1758234222
|teamsize|p1|6
|teamsize|p2|6
|start
|switch|p1a: Munkidori|Munkidori, M|100/100
|switch|p2a: Garganacl|Garganacl, M|100/100
|turn|1
|
|t:|1758234230
|move|p1a: Munkidori|Psychic|p2a: Garganacl
|-damage|p2a: Garganacl|67/100
|-unboost|p2a: Garganacl|spd|1
|move|p2a: Garganacl|Earthquake|p1a: Munkidori
|-supereffective|p1a: Munkidori
|-damage|p1a: Munkidori|35/100
|
|-heal|p2a: Garganacl|73/100|[from] item: Leftovers
|upkeep
|turn|2
|
|t:|1758234238
|switch|p2a: Slowking|Slowking-Galar, F|100/100
|move|p1a: Munkidori|Psychic|p2a: Slowking
|-damage|p2a: Slowking|71/100
|
|upkeep
|turn|3
|
|t:|1758234256
|switch|p1a: Iron Treads|Iron Treads|100/100
|-prepare|p2a: Slowking|Chilly Reception|[premajor]
|move|p2a: Slowking|Chilly Reception|p2a: Slowking
|-weather|Snowscape
|
|t:|1758234258
|switch|p2a: Great Tusk|Great Tusk|100/100|[from] Chilly Reception
|
|-weather|Snowscape|[upkeep]
|upkeep
|turn|4
|
|t:|1758234266
|-end|p1a: Iron Treads|Quark Drive|[silent]
|switch|p1a: Dragapult|Dragapult, F|100/100
|move|p2a: Great Tusk|Earthquake|p1a: Dragapult
|-damage|p1a: Dragapult|24/100
|
|-weather|Snowscape|[upkeep]
|upkeep
|turn|5
|
|t:|1758234277
|-end|p2a: Great Tusk|Protosynthesis|[silent]
|switch|p2a: Garganacl|Garganacl, M|73/100
|move|p1a: Dragapult|Will-O-Wisp|p2a: Garganacl
|-immune|p2a: Garganacl|[from] ability: Purifying Salt
|
|-weather|Snowscape|[upkeep]
|-heal|p2a: Garganacl|79/100|[from] item: Leftovers
|upkeep
|turn|6
|
|t:|1758234285
|move|p1a: Dragapult|U-turn|p2a: Garganacl
|-damage|p2a: Garganacl|67/100
|
|t:|1758234288
|switch|p1a: Iron Treads|Iron Treads|100/100|[from] U-turn
|move|p2a: Garganacl|Salt Cure|p1a: Iron Treads
|-resisted|p1a: Iron Treads
|-damage|p1a: Iron Treads|97/100
|-start|p1a: Iron Treads|Salt Cure
|
|-weather|Snowscape|[upkeep]
|-heal|p2a: Garganacl|73/100|[from] item: Leftovers
|-damage|p1a: Iron Treads|72/100|[from] Salt Cure
|upkeep
|turn|7
|
|t:|1758234293
|switch|p2a: Great Tusk|Great Tusk|100/100
|move|p1a: Iron Treads|Stealth Rock|p2a: Great Tusk
|-sidestart|p2: sly_skip|move: Stealth Rock
|
|-weather|none
|-damage|p1a: Iron Treads|48/100|[from] Salt Cure
|upkeep
|turn|8
|
|t:|1758234326
|move|p1a: Iron Treads|Knock Off|p2a: Great Tusk
|-resisted|p2a: Great Tusk
|-damage|p2a: Great Tusk|90/100
|-enditem|p2a: Great Tusk|Heavy-Duty Boots|[from] move: Knock Off|[of] p1a: Iron Treads
|move|p2a: Great Tusk|Earthquake|p1a: Iron Treads
|-supereffective|p1a: Iron Treads
|-damage|p1a: Iron Treads|0 fnt
|faint|p1a: Iron Treads
|-end|p1a: Iron Treads|Quark Drive|[silent]
|
|upkeep
|
|t:|1758234332
|switch|p1a: Munkidori|Munkidori, M|35/100
|turn|9
|
|t:|1758234343
|-end|p2a: Great Tusk|Protosynthesis|[silent]
|switch|p2a: Slowking|Slowking-Galar, F|100/100
|move|p1a: Munkidori|U-turn|p2a: Slowking
|-damage|p2a: Slowking|89/100
|
|t:|1758234347
|switch|p1a: Muk|Muk-Alola, F|100/100|[from] U-turn
|
|upkeep
|turn|10
|inactive|sly_skip has 120 seconds left.
|
|t:|1758234392
|switch|p2a: Great Tusk|Great Tusk|90/100
|-damage|p2a: Great Tusk|87/100|[from] Stealth Rock
|move|p1a: Muk|Gunk Shot|p2a: Great Tusk
|-resisted|p2a: Great Tusk
|-damage|p2a: Great Tusk|71/100
|
|upkeep
|turn|11
|
|t:|1758234398
|switch|p1a: Dragapult|Dragapult, F|24/100
|move|p2a: Great Tusk|Earthquake|p1a: Dragapult
|-damage|p1a: Dragapult|0 fnt
|faint|p1a: Dragapult
|
|upkeep
|
|t:|1758234402
|switch|p1a: Munkidori|Munkidori, M|35/100
|turn|12
|inactive|sly_skip has 120 seconds left.
|
|t:|1758234431
|-end|p2a: Great Tusk|Protosynthesis|[silent]
|switch|p2a: Slowking|Slowking-Galar, F|100/100
|move|p1a: Munkidori|Psychic|p2a: Slowking
|-damage|p2a: Slowking|70/100
|
|upkeep
|turn|13
|
|t:|1758234438
|move|p1a: Munkidori|Psychic|p2a: Slowking
|-damage|p2a: Slowking|42/100
|-unboost|p2a: Slowking|spd|1
|move|p2a: Slowking|Thunder Wave|p1a: Munkidori
|-status|p1a: Munkidori|par
|
|upkeep
|turn|14
|
|t:|1758234450
|switch|p2a: Darkrai|Darkrai|100/100
|move|p1a: Munkidori|Psychic|p2a: Darkrai
|-immune|p2a: Darkrai
|
|upkeep
|turn|15
|
|t:|1758234452
|switch|p1a: Muk|Muk-Alola, F|100/100
|move|p2a: Darkrai|Dark Pulse|p1a: Muk
|-resisted|p1a: Muk
|-damage|p1a: Muk|92/100
|
|upkeep
|turn|16
|inactive|sly_skip has 120 seconds left.
|
|t:|1758234480
|switch|p2a: Garganacl|Garganacl, M|73/100
|-damage|p2a: Garganacl|60/100|[from] Stealth Rock
|move|p1a: Muk|Knock Off|p2a: Garganacl
|-damage|p2a: Garganacl|41/100
|-enditem|p2a: Garganacl|Leftovers|[from] move: Knock Off|[of] p1a: Muk
|
|upkeep
|turn|17
|
|t:|1758234488
|move|p1a: Muk|Drain Punch|p2a: Garganacl
|-supereffective|p2a: Garganacl
|-damage|p2a: Garganacl|20/100
|-heal|p1a: Muk|100/100|[from] drain|[of] p2a: Garganacl
|move|p2a: Garganacl|Recover|p2a: Garganacl
|-heal|p2a: Garganacl|70/100
|
|upkeep
|turn|18
|inactive|sly_skip has 120 seconds left.
|
|t:|1758234513
|move|p1a: Muk|Drain Punch|p2a: Garganacl
|-supereffective|p2a: Garganacl
|-damage|p2a: Garganacl|48/100
|move|p2a: Garganacl|Salt Cure|p1a: Muk
|-damage|p1a: Muk|87/100
|-start|p1a: Muk|Salt Cure
|
|-damage|p1a: Muk|74/100|[from] Salt Cure
|upkeep
|turn|19
|
|t:|1758234520
|switch|p1a: Darkrai|Darkrai|100/100
|move|p2a: Garganacl|Recover|p2a: Garganacl
|-heal|p2a: Garganacl|99/100
|
|upkeep
|turn|20
|inactive|sly_skip has 120 seconds left.
|inactive|sly_skip has 90 seconds left.
|
|t:|1758234558
|switch|p2a: Darkrai|Darkrai|100/100
|move|p1a: Darkrai|Trick|p2a: Darkrai
|-activate|p1a: Darkrai|move: Trick|[of] p2a: Darkrai
|-item|p2a: Darkrai|Choice Specs|[from] move: Trick
|-item|p1a: Darkrai|Heavy-Duty Boots|[from] move: Trick
|
|upkeep
|turn|21
|
|t:|1758234567
|switch|p1a: Muk|Muk-Alola, F|74/100
|move|p2a: Darkrai|Focus Blast|p1a: Muk
|-damage|p1a: Muk|47/100
|
|upkeep
|turn|22
|inactive|sly_skip has 90 seconds left.
|
|t:|1758234597
|switch|p2a: Great Tusk|Great Tusk|71/100
|-damage|p2a: Great Tusk|68/100|[from] Stealth Rock
|move|p1a: Muk|Drain Punch|p2a: Great Tusk
|-crit|p2a: Great Tusk
|-damage|p2a: Great Tusk|47/100
|-heal|p1a: Muk|57/100|[from] drain|[of] p2a: Great Tusk
|-status|p2a: Great Tusk|psn|[from] ability: Poison Touch|[of] p1a: Muk
|
|-damage|p2a: Great Tusk|35/100 psn|[from] psn
|upkeep
|turn|23
|
|t:|1758234603
|switch|p1a: Munkidori|Munkidori, M|35/100 par
|move|p2a: Great Tusk|Earthquake|p1a: Munkidori
|-supereffective|p1a: Munkidori
|-damage|p1a: Munkidori|0 fnt
|faint|p1a: Munkidori
|
|-damage|p2a: Great Tusk|22/100 psn|[from] psn
|upkeep
|
|t:|1758234605
|switch|p1a: Darkrai|Darkrai|100/100
|turn|24
|inactive|sly_skip has 90 seconds left.
|
|t:|1758234639
|move|p1a: Darkrai|Ice Beam|p2a: Great Tusk
|-supereffective|p2a: Great Tusk
|-damage|p2a: Great Tusk|0 fnt
|faint|p2a: Great Tusk
|-end|p2a: Great Tusk|Protosynthesis|[silent]
|
|upkeep
|
|t:|1758234656
|switch|p2a: Zamazenta|Zamazenta|100/100
|-damage|p2a: Zamazenta|95/100|[from] Stealth Rock
|-ability|p2a: Zamazenta|Dauntless Shield|boost
|-boost|p2a: Zamazenta|def|1
|turn|25
|inactive|apotato135 has 120 seconds left.
|
|t:|1758234701
|move|p2a: Zamazenta|Iron Defense|p2a: Zamazenta
|-boost|p2a: Zamazenta|def|2
|move|p1a: Darkrai|Hex|p2a: Zamazenta
|-damage|p2a: Zamazenta|74/100
|
|-heal|p2a: Zamazenta|80/100|[from] item: Leftovers
|upkeep
|turn|26
|
|t:|1758234716
|-terastallize|p1a: Darkrai|Ghost
|move|p2a: Zamazenta|Body Press|p1a: Darkrai
|-immune|p1a: Darkrai
|move|p1a: Darkrai|Hex|p2a: Zamazenta
|-damage|p2a: Zamazenta|53/100
|
|-heal|p2a: Zamazenta|59/100|[from] item: Leftovers
|upkeep
|turn|27
|inactive|sly_skip has 90 seconds left.
|
|t:|1758234740
|move|p2a: Zamazenta|Heavy Slam|p1a: Darkrai
|-damage|p1a: Darkrai|65/100
|move|p1a: Darkrai|Dark Pulse|p2a: Zamazenta
|-resisted|p2a: Zamazenta
|-damage|p2a: Zamazenta|41/100
|
|-heal|p2a: Zamazenta|47/100|[from] item: Leftovers
|upkeep
|turn|28
|
|t:|1758234746
|move|p2a: Zamazenta|Heavy Slam|p1a: Darkrai
|-damage|p1a: Darkrai|28/100
|move|p1a: Darkrai|Hex|p2a: Zamazenta
|-damage|p2a: Zamazenta|18/100
|
|-heal|p2a: Zamazenta|24/100|[from] item: Leftovers
|upkeep
|turn|29
|
|t:|1758234749
|move|p2a: Zamazenta|Heavy Slam|p1a: Darkrai
|-damage|p1a: Darkrai|0 fnt
|faint|p1a: Darkrai
|
|-heal|p2a: Zamazenta|30/100|[from] item: Leftovers
|upkeep
|-message|apotato135 forfeited.
|
|win|sly_skip
|raw|apotato135's rating: 1446 &rarr; <strong>1428</strong><br />(-18 for losing)
|raw|sly_skip's rating: 1487 &rarr; <strong>1505</strong><br />(+18 for winning)
|l|☆apotato135
|player|p1|
|l|☆sly_skip
|player|p2|
