|j|☆YeQiu0
|j|☆thesinxer
|t:|1758346385
|gametype|singles
|player|p1|YeQiu0|dancer|1233
|player|p2|thesinxer|norman|1187
|gen|9
|tier|[Gen 9] OU
|rated|
|rule|HP Percentage Mod: HP is shown in percentages
|rule|Endless Battle Clause: Forcing endless battles is banned
|rule|Species Clause: Limit one of each Pokémon
|rule|OHKO Clause: OHKO moves are banned
|rule|Evasion Items Clause: Evasion items are banned
|rule|Evasion Moves Clause: Evasion moves are banned
|rule|Evasion Abilities Clause: Evasion abilities are banned
|rule|Sleep Moves Clause: Sleep-inducing moves are banned
|clearpoke
|poke|p1|Alomomola, F|
|poke|p1|Lokix, M|
|poke|p1|Kingambit, M|
|poke|p1|Great Tusk|
|poke|p1|Glimmora, F|
|poke|p1|Zapdos|
|poke|p2|Ogerpon-Wellspring, F|
|poke|p2|Conkeldurr, M|
|poke|p2|Zoroark-Hisui, M|
|poke|p2|Slowking-Galar, M|
|poke|p2|Kingambit, F|
|poke|p2|Cinderace, M|
|teampreview
|
|t:|1758346396
|teamsize|p1|6
|teamsize|p2|6
|start
|switch|p1a: Glimmora|Glimmora, F|100/100
|switch|p2a: BlindAhh|Slowking-Galar, M|100/100
|turn|1
|inactive|Battle timer is ON: inactive players will automatically lose when time's up. (requested by YeQiu0)
|
|t:|1758346407
|move|p1a: Glimmora|Earth Power|p2a: BlindAhh
|-supereffective|p2a: BlindAhh
|-damage|p2a: BlindAhh|60/100
|-unboost|p2a: BlindAhh|spd|1
|move|p2a: BlindAhh|Psychic Noise|p1a: Glimmora
|-supereffective|p1a: Glimmora
|-damage|p1a: Glimmora|22/100
|-start|p1a: Glimmora|move: Heal Block
|
|-heal|p2a: BlindAhh|66/100|[from] item: Black Sludge
|upkeep
|turn|2
|
|t:|1758346429
|switch|p1a: Kingambit|Kingambit, M|100/100
|-prepare|p2a: BlindAhh|Chilly Reception|[premajor]
|move|p2a: BlindAhh|Chilly Reception|p2a: BlindAhh
|-weather|Snowscape
|inactive|thesinxer has 120 seconds left.
|
|t:|1758346471
|switch|p2a: Juan Punch|Conkeldurr, M, shiny|100/100|[from] Chilly Reception
|
|-weather|Snowscape|[upkeep]
|upkeep
|turn|3
|
|t:|1758346479
|-end|p1a: Kingambit|fallenundefined|[silent]
|switch|p1a: Alomomola|Alomomola, F|100/100
|move|p2a: Juan Punch|Dynamic Punch|p1a: Alomomola|[miss]
|-miss|p2a: Juan Punch|p1a: Alomomola
|-enditem|p2a: Juan Punch|Blunder Policy
|-boost|p2a: Juan Punch|spe|2
|
|-weather|Snowscape|[upkeep]
|upkeep
|turn|4
|inactive|thesinxer has 120 seconds left.
|inactive|thesinxer has 90 seconds left.
|
|t:|1758346515
|move|p2a: Juan Punch|Stomping Tantrum|p1a: Alomomola
|-damage|p1a: Alomomola|73/100
|move|p1a: Alomomola|Scald|p2a: Juan Punch
|-damage|p2a: Juan Punch|82/100
|
|-weather|Snowscape|[upkeep]
|upkeep
|turn|5
|
|t:|1758346527
|move|p2a: Juan Punch|Dynamic Punch|p1a: Alomomola
|-damage|p1a: Alomomola|38/100
|-start|p1a: Alomomola|confusion
|-activate|p1a: Alomomola|confusion
|move|p1a: Alomomola|Scald|p2a: Juan Punch
|-damage|p2a: Juan Punch|64/100
|-status|p2a: Juan Punch|brn
|
|-weather|Snowscape|[upkeep]
|-damage|p2a: Juan Punch|58/100 brn|[from] brn
|upkeep
|turn|6
|
|t:|1758346537
|switch|p1a: Zapdos|Zapdos|100/100
|move|p2a: Juan Punch|Knock Off|p1a: Zapdos
|-damage|p1a: Zapdos|89/100
|-enditem|p1a: Zapdos|Heavy-Duty Boots|[from] move: Knock Off|[of] p2a: Juan Punch
|
|-weather|none
|-damage|p2a: Juan Punch|51/100 brn|[from] brn
|upkeep
|turn|7
|
|t:|1758346544
|move|p2a: Juan Punch|Dynamic Punch|p1a: Zapdos
|-resisted|p1a: Zapdos
|-damage|p1a: Zapdos|76/100
|-start|p1a: Zapdos|confusion
|-activate|p1a: Zapdos|confusion
|move|p1a: Zapdos|Volt Switch|p2a: Juan Punch
|-damage|p2a: Juan Punch|11/100 brn
|
|t:|1758346552
|switch|p1a: Alomomola|Alomomola, F|71/100|[from] Volt Switch
|
|-damage|p2a: Juan Punch|5/100 brn|[from] brn
|upkeep
|turn|8
|
|t:|1758346554
|move|p2a: Juan Punch|Drain Punch|p1a: Alomomola
|-damage|p1a: Alomomola|58/100
|-heal|p2a: Juan Punch|15/100 brn|[from] drain|[of] p1a: Alomomola
|move|p1a: Alomomola|Wish|p1a: Alomomola
|
|-damage|p2a: Juan Punch|8/100 brn|[from] brn
|upkeep
|turn|9
|
|t:|1758346562
|move|p2a: Juan Punch|Stomping Tantrum|p1a: Alomomola
|-damage|p1a: Alomomola|50/100
|move|p1a: Alomomola|Flip Turn|p2a: Juan Punch
|-damage|p2a: Juan Punch|0 fnt
|faint|p2a: Juan Punch
|
|t:|1758346570
|switch|p1a: Glimmora|Glimmora, F|22/100|[from] Flip Turn
|
|-heal|p1a: Glimmora|100/100|[from] move: Wish|[wisher] Alomomola
|upkeep
|
|t:|1758346575
|switch|p2a: 5head|Kingambit, F|100/100
|-activate|p2a: 5head|ability: Supreme Overlord
|-start|p2a: 5head|fallen1|[silent]
|turn|10
|
|t:|1758346583
|move|p1a: Glimmora|Earth Power|p2a: 5head
|-supereffective|p2a: 5head
|-damage|p2a: 5head|35/100
|move|p2a: 5head|Iron Head|p1a: Glimmora
|-supereffective|p1a: Glimmora
|-enditem|p1a: Glimmora|Focus Sash
|-damage|p1a: Glimmora|1/100
|-activate|p1a: Glimmora|ability: Toxic Debris
|-sidestart|p2: thesinxer|move: Toxic Spikes
|-damage|p2a: 5head|25/100|[from] item: Life Orb
|
|upkeep
|turn|11
|
|t:|1758346594
|switch|p1a: Zapdos|Zapdos|76/100
|move|p2a: 5head|Sucker Punch||[still]
|-fail|p2a: 5head
|
|upkeep
|turn|12
|
|t:|1758346601
|move|p1a: Zapdos|Discharge|p2a: 5head
|-damage|p2a: 5head|0 fnt
|faint|p2a: 5head
|-end|p2a: 5head|fallen1|[silent]
|
|upkeep
|
|t:|1758346603
|switch|p2a: BlindAhh|Slowking-Galar, M|99/100
|-sideend|p2: thesinxer|move: Toxic Spikes|[of] p2a: BlindAhh
|turn|13
|
|t:|1758346608
|move|p1a: Zapdos|Volt Switch|p2a: BlindAhh
|-damage|p2a: BlindAhh|81/100
|
|t:|1758346612
|switch|p1a: Kingambit|Kingambit, M|100/100|[from] Volt Switch
|move|p2a: BlindAhh|Psychic Noise|p1a: Kingambit
|-immune|p1a: Kingambit
|
|-heal|p2a: BlindAhh|87/100|[from] item: Black Sludge
|upkeep
|turn|14
|
|t:|1758346617
|move|p1a: Kingambit|Swords Dance|p1a: Kingambit
|-boost|p1a: Kingambit|atk|2
|-prepare|p2a: BlindAhh|Chilly Reception|[premajor]
|move|p2a: BlindAhh|Chilly Reception|p2a: BlindAhh
|-weather|Snowscape
|
|t:|1758346622
|switch|p2a: Furry|Cinderace, M|100/100|[from] Chilly Reception
|
|-weather|Snowscape|[upkeep]
|upkeep
|turn|15
|
|t:|1758346628
|-terastallize|p1a: Kingambit|Fire
|move|p2a: Furry|U-turn|p1a: Kingambit
|-start|p2a: Furry|typechange|Bug|[from] ability: Libero
|-resisted|p1a: Kingambit
|-damage|p1a: Kingambit|88/100
|
|t:|1758346634
|switch|p2a: Nuh-uh-uh|Ogerpon-Wellspring, F|100/100|[from] U-turn
|move|p1a: Kingambit|Kowtow Cleave|p2a: Nuh-uh-uh
|-supereffective|p2a: Nuh-uh-uh
|-damage|p2a: Nuh-uh-uh|0 fnt
|replace|p2a: NotAPhase|Zoroark-Hisui, M
|-end|p2a: NotAPhase|Illusion
|faint|p2a: NotAPhase
|
|-weather|Snowscape|[upkeep]
|-heal|p1a: Kingambit|94/100|[from] item: Leftovers
|upkeep
|
|t:|1758346642
|switch|p2a: Nuh-uh-uh|Ogerpon-Wellspring, F|100/100
|turn|16
|
|t:|1758346652
|-end|p1a: Kingambit|fallenundefined|[silent]
|switch|p1a: Alomomola|Alomomola, F|83/100
|move|p2a: Nuh-uh-uh|Ivy Cudgel|p1a: Alomomola|[anim] Ivy Cudgel Water
|-resisted|p1a: Alomomola
|-damage|p1a: Alomomola|68/100
|
|-weather|Snowscape|[upkeep]
|upkeep
|turn|17
|
|t:|1758346657
|move|p2a: Nuh-uh-uh|Wood Hammer|p1a: Alomomola
|-supereffective|p1a: Alomomola
|-damage|p1a: Alomomola|0 fnt
|faint|p1a: Alomomola
|-damage|p2a: Nuh-uh-uh|61/100|[from] Recoil
|
|-weather|Snowscape|[upkeep]
|upkeep
|
|t:|1758346665
|switch|p1a: Lokix|Lokix, M|100/100
|turn|18
|inactive|thesinxer has 120 seconds left.
|
|t:|1758346700
|switch|p2a: Furry|Cinderace, M|100/100
|move|p1a: Lokix|First Impression|p2a: Furry
|-resisted|p2a: Furry
|-damage|p2a: Furry|1/100
|
|-weather|none
|upkeep
|turn|19
|inactive|thesinxer has 120 seconds left.
|
|t:|1758346713
|switch|p1a: Glimmora|Glimmora, F|1/100
|move|p2a: Furry|Flare Blitz|p1a: Glimmora
|-resisted|p1a: Glimmora
|-damage|p1a: Glimmora|0 fnt
|-activate|p1a: Glimmora|ability: Toxic Debris
|-sidestart|p2: thesinxer|move: Toxic Spikes
|faint|p1a: Glimmora
|-damage|p2a: Furry|0 fnt|[from] Recoil
|faint|p2a: Furry
|
|upkeep
|inactive|thesinxer has 120 seconds left.
|
|t:|1758346723
|switch|p2a: BlindAhh|Slowking-Galar, M|100/100
|switch|p1a: Kingambit|Kingambit, M, tera:Fire|94/100
|-activate|p1a: Kingambit|ability: Supreme Overlord
|-start|p1a: Kingambit|fallen2|[silent]
|-sideend|p2: thesinxer|move: Toxic Spikes|[of] p2a: BlindAhh
|turn|20
|inactive|thesinxer has 120 seconds left.
|
|t:|1758346752
|move|p1a: Kingambit|Kowtow Cleave|p2a: BlindAhh
|-supereffective|p2a: BlindAhh
|-damage|p2a: BlindAhh|0 fnt
|faint|p2a: BlindAhh
|
|-heal|p1a: Kingambit|100/100|[from] item: Leftovers
|upkeep
|
|t:|1758346755
|switch|p2a: Nuh-uh-uh|Ogerpon-Wellspring, F|61/100
|turn|21
|
|t:|1758346762
|move|p1a: Kingambit|Sucker Punch|p2a: Nuh-uh-uh
|-damage|p2a: Nuh-uh-uh|0 fnt
|faint|p2a: Nuh-uh-uh
|
|win|YeQiu0
|raw|YeQiu0's rating: 1233 &rarr; <strong>1255</strong><br />(+22 for winning)
|raw|thesinxer's rating: 1187 &rarr; <strong>1165</strong><br />(-22 for losing)
|l|☆thesinxer
|player|p2|
|l|☆YeQiu0
|player|p1|
