|j|☆rockdrigox666
|j|☆TheSuperM101
|t:|1758348706
|gametype|singles
|player|p1|rockdrigox666|102|1113
|player|p2|TheSuperM101|hilda-wonderlauncher|1095
|gen|9
|tier|[Gen 9] OU
|rated|
|rule|HP Percentage Mod: HP is shown in percentages
|rule|Endless Battle Clause: Forcing endless battles is banned
|rule|Species Clause: Limit one of each Pokémon
|rule|OHKO Clause: OHKO moves are banned
|rule|Evasion Items Clause: Evasion items are banned
|rule|Evasion Moves Clause: Evasion moves are banned
|rule|Evasion Abilities Clause: Evasion abilities are banned
|rule|Sleep Moves Clause: Sleep-inducing moves are banned
|clearpoke
|poke|p1|Weavile, F|
|poke|p1|Garchomp, M|
|poke|p1|Typhlosion, M|
|poke|p1|Tyranitar, F|
|poke|p1|Jirachi|
|poke|p1|Raging Bolt|
|poke|p2|Deoxys-Speed|
|poke|p2|Araquanid, M|
|poke|p2|Excadrill, M|
|poke|p2|Thundurus-Therian, M|
|poke|p2|Iron Treads|
|poke|p2|Zweilous, F|
|teampreview
|inactive|Battle timer is ON: inactive players will automatically lose when time's up. (requested by rockdrigox666)
|
|t:|1758348714
|teamsize|p1|6
|teamsize|p2|6
|start
|switch|p1a: Garchomp|Garchomp, M|100/100
|switch|p2a: King Jelly III|Deoxys-Speed, shiny|100/100
|-ability|p2a: King Jelly III|Pressure
|turn|1
|
|t:|1758348721
|move|p2a: King Jelly III|Taunt|p1a: Garchomp
|-start|p1a: Garchomp|move: Taunt
|cant|p1a: Garchomp|move: Taunt|Stealth Rock
|
|upkeep
|turn|2
|
|t:|1758348727
|move|p2a: King Jelly III|Spikes|p1a: Garchomp
|-sidestart|p1: rockdrigox666|Spikes
|move|p1a: Garchomp|Dragon Tail|p2a: King Jelly III
|-damage|p2a: King Jelly III|80/100
|drag|p2a: Miles|Araquanid, M, shiny|100/100
|
|upkeep
|turn|3
|
|t:|1758348734
|move|p1a: Garchomp|Flamethrower|p2a: Miles
|-damage|p2a: Miles|94/100
|move|p2a: Miles|Sticky Web|p1a: Garchomp
|-sidestart|p1: rockdrigox666|move: Sticky Web
|
|-end|p1a: Garchomp|move: Taunt
|upkeep
|turn|4
|
|t:|1758348743
|move|p1a: Garchomp|Stealth Rock|p2a: Miles
|-sidestart|p2: TheSuperM101|move: Stealth Rock
|move|p2a: Miles|Liquidation|p1a: Garchomp
|-damage|p1a: Garchomp|63/100
|-damage|p2a: Miles|82/100|[from] ability: Rough Skin|[of] p1a: Garchomp
|-damage|p2a: Miles|65/100|[from] item: Rocky Helmet|[of] p1a: Garchomp
|
|upkeep
|turn|5
|
|t:|1758348765
|move|p1a: Garchomp|Spikes|p2a: Miles
|-sidestart|p2: TheSuperM101|Spikes
|move|p2a: Miles|Liquidation|p1a: Garchomp
|-damage|p1a: Garchomp|28/100
|-damage|p2a: Miles|53/100|[from] ability: Rough Skin|[of] p1a: Garchomp
|-damage|p2a: Miles|36/100|[from] item: Rocky Helmet|[of] p1a: Garchomp
|
|upkeep
|turn|6
|
|t:|1758348773
|move|p1a: Garchomp|Spikes|p2a: Miles
|-sidestart|p2: TheSuperM101|Spikes
|move|p2a: Miles|Leech Life|p1a: Garchomp
|-damage|p1a: Garchomp|12/100
|-heal|p2a: Miles|47/100|[from] drain|[of] p1a: Garchomp
|-damage|p2a: Miles|34/100|[from] ability: Rough Skin|[of] p1a: Garchomp
|-damage|p2a: Miles|18/100|[from] item: Rocky Helmet|[of] p1a: Garchomp
|-enditem|p2a: Miles|Iapapa Berry|[eat]
|-heal|p2a: Miles|51/100|[from] item: Iapapa Berry
|
|upkeep
|turn|7
|
|t:|1758348779
|move|p1a: Garchomp|Spikes|p2a: Miles
|-sidestart|p2: TheSuperM101|Spikes
|move|p2a: Miles|Leech Life|p1a: Garchomp
|-damage|p1a: Garchomp|0 fnt
|-heal|p2a: Miles|58/100|[from] drain|[of] p1a: Garchomp
|-damage|p2a: Miles|46/100|[from] ability: Rough Skin|[of] p1a: Garchomp
|-damage|p2a: Miles|29/100|[from] item: Rocky Helmet|[of] p1a: Garchomp
|faint|p1a: Garchomp
|
|upkeep
|
|t:|1758348784
|switch|p1a: Raging Bolt|Raging Bolt|100/100
|-damage|p1a: Raging Bolt|88/100|[from] Spikes
|-activate|p1a: Raging Bolt|move: Sticky Web
|-unboost|p1a: Raging Bolt|spe|1
|-enditem|p1a: Raging Bolt|Booster Energy
|-activate|p1a: Raging Bolt|ability: Protosynthesis|[fromitem]
|-start|p1a: Raging Bolt|protosynthesisspa
|turn|8
|
|t:|1758348790
|switch|p2a: MechaOrville|Iron Treads, shiny|100/100
|-damage|p2a: MechaOrville|97/100|[from] Stealth Rock
|-damage|p2a: MechaOrville|72/100|[from] Spikes
|-enditem|p2a: MechaOrville|Booster Energy
|-activate|p2a: MechaOrville|ability: Quark Drive|[fromitem]
|-start|p2a: MechaOrville|quarkdriveatk
|move|p1a: Raging Bolt|Calm Mind|p1a: Raging Bolt
|-boost|p1a: Raging Bolt|spa|1
|-boost|p1a: Raging Bolt|spd|1
|
|upkeep
|turn|9
|
|t:|1758348799
|-terastallize|p2a: MechaOrville|Fairy
|move|p2a: MechaOrville|Rapid Spin|p1a: Raging Bolt
|-damage|p1a: Raging Bolt|69/100
|-boost|p2a: MechaOrville|spe|1
|-sideend|p2: TheSuperM101|Spikes|[from] move: Rapid Spin|[of] p2a: MechaOrville
|-sideend|p2: TheSuperM101|Stealth Rock|[from] move: Rapid Spin|[of] p2a: MechaOrville
|move|p1a: Raging Bolt|Draco Meteor|p2a: MechaOrville
|-immune|p2a: MechaOrville
|
|upkeep
|turn|10
|
|t:|1758348809
|move|p1a: Raging Bolt|Thunderclap|p2a: MechaOrville
|-damage|p2a: MechaOrville|0 fnt
|faint|p2a: MechaOrville
|-end|p2a: MechaOrville|Quark Drive|[silent]
|
|upkeep
|
|t:|1758348814
|switch|p2a: Monty|Excadrill, M, shiny|100/100
|-ability|p2a: Monty|Mold Breaker
|-item|p2a: Monty|Air Balloon
|turn|11
|
|t:|1758348819
|move|p2a: Monty|Earthquake|p1a: Raging Bolt
|-supereffective|p1a: Raging Bolt
|-damage|p1a: Raging Bolt|0 fnt
|faint|p1a: Raging Bolt
|-end|p1a: Raging Bolt|Protosynthesis|[silent]
|
|upkeep
|
|t:|1758348823
|switch|p1a: Jirachi|Jirachi|100/100
|-damage|p1a: Jirachi|88/100|[from] Spikes
|-activate|p1a: Jirachi|move: Sticky Web
|-unboost|p1a: Jirachi|spe|1
|turn|12
|
|t:|1758348827
|move|p2a: Monty|Earthquake|p1a: Jirachi
|-supereffective|p1a: Jirachi
|-damage|p1a: Jirachi|7/100
|move|p1a: Jirachi|Iron Head|p2a: Monty
|-resisted|p2a: Monty
|-damage|p2a: Monty|77/100
|-enditem|p2a: Monty|Air Balloon
|
|-heal|p1a: Jirachi|13/100|[from] item: Leftovers
|upkeep
|turn|13
|
|t:|1758348835
|move|p2a: Monty|Earthquake|p1a: Jirachi
|-supereffective|p1a: Jirachi
|-damage|p1a: Jirachi|0 fnt
|faint|p1a: Jirachi
|
|upkeep
|
|t:|1758348840
|switch|p1a: Weavile|Weavile, F|100/100
|-damage|p1a: Weavile|88/100|[from] Spikes
|-activate|p1a: Weavile|move: Sticky Web
|-unboost|p1a: Weavile|spe|1
|turn|14
|
|t:|1758348844
|move|p2a: Monty|Iron Head|p1a: Weavile
|-supereffective|p1a: Weavile
|-damage|p1a: Weavile|0 fnt
|faint|p1a: Weavile
|
|upkeep
|
|t:|1758348848
|switch|p1a: Tyranitar|Tyranitar, F|100/100
|-damage|p1a: Tyranitar|88/100|[from] Spikes
|-activate|p1a: Tyranitar|move: Sticky Web
|-unboost|p1a: Tyranitar|spe|1
|-weather|Sandstorm|[from] ability: Sand Stream|[of] p1a: Tyranitar
|turn|15
|
|t:|1758348852
|move|p2a: Monty|Earthquake|p1a: Tyranitar
|-supereffective|p1a: Tyranitar
|-damage|p1a: Tyranitar|0 fnt
|faint|p1a: Tyranitar
|
|-weather|Sandstorm|[upkeep]
|upkeep
|
|t:|1758348854
|switch|p1a: Typhlosion|Typhlosion, M|100/100
|-damage|p1a: Typhlosion|88/100|[from] Spikes
|-activate|p1a: Typhlosion|move: Sticky Web
|-unboost|p1a: Typhlosion|spe|1
|turn|16
|
|t:|1758348857
|switch|p2a: fiona-ogre|Zweilous, F, shiny|100/100
|move|p1a: Typhlosion|Eruption|p2a: fiona-ogre
|-resisted|p2a: fiona-ogre
|-damage|p2a: fiona-ogre|26/100
|
|-weather|Sandstorm|[upkeep]
|-damage|p2a: fiona-ogre|20/100|[from] Sandstorm
|-damage|p1a: Typhlosion|82/100|[from] Sandstorm
|upkeep
|turn|17
|
|t:|1758348863
|move|p2a: fiona-ogre|Outrage|p1a: Typhlosion
|-damage|p1a: Typhlosion|0 fnt
|faint|p1a: Typhlosion
|
|win|TheSuperM101
|raw|rockdrigox666's rating: 1113 &rarr; <strong>1087</strong><br />(-26 for losing)
|raw|TheSuperM101's rating: 1095 &rarr; <strong>1122</strong><br />(+27 for winning)
|l|☆rockdrigox666
|player|p1|
