|j|☆Boulesinus15
|j|☆Jon Mateo
|t:|1758284730
|gametype|singles
|player|p1|Boulesinus15|2|1405
|player|p2|Jon Mateo|265|1371
|gen|9
|tier|[Gen 9] OU
|rated|
|rule|HP Percentage Mod: HP is shown in percentages
|rule|Endless Battle Clause: Forcing endless battles is banned
|rule|Species Clause: Limit one of each Pokémon
|rule|OHKO Clause: OHKO moves are banned
|rule|Evasion Items Clause: Evasion items are banned
|rule|Evasion Moves Clause: Evasion moves are banned
|rule|Evasion Abilities Clause: Evasion abilities are banned
|rule|Sleep Moves Clause: Sleep-inducing moves are banned
|clearpoke
|poke|p1|Skeledirge, M|
|poke|p1|Iron Treads|
|poke|p1|Rillaboom, F|
|poke|p1|Darkrai|
|poke|p1|Garganacl, F|
|poke|p1|Alomomola, F|
|poke|p2|Ceruledge, F|
|poke|p2|Lokix, F|
|poke|p2|Quaquaval, F|
|poke|p2|Gardevoir, M|
|poke|p2|Garchomp, F|
|poke|p2|Rotom-Frost|
|teampreview
|
|t:|1758284736
|teamsize|p1|6
|teamsize|p2|6
|start
|switch|p1a: Garganacl|Garganacl, F|100/100
|switch|p2a: Rotom|Rotom-Frost|100/100
|turn|1
|
|t:|1758284744
|move|p2a: Rotom|Volt Switch|p1a: Garganacl
|-damage|p1a: Garganacl|80/100
|
|t:|1758284753
|switch|p2a: Gardevoir|Gardevoir, M|100/100|[from] Volt Switch
|move|p1a: Garganacl|Stealth Rock|p2a: Gardevoir
|-sidestart|p2: Jon Mateo|move: Stealth Rock
|
|-heal|p1a: Garganacl|86/100|[from] item: Leftovers
|upkeep
|turn|2
|
|t:|1758284769
|move|p2a: Gardevoir|Moonblast|p1a: Garganacl
|-damage|p1a: Garganacl|50/100
|move|p1a: Garganacl|Salt Cure|p2a: Gardevoir
|-damage|p2a: Gardevoir|80/100
|-start|p2a: Gardevoir|Salt Cure
|
|-heal|p1a: Garganacl|57/100|[from] item: Leftovers
|-damage|p2a: Gardevoir|68/100|[from] Salt Cure
|upkeep
|turn|3
|
|t:|1758284775
|switch|p2a: Garchomp|Garchomp, F|100/100
|-damage|p2a: Garchomp|94/100|[from] Stealth Rock
|move|p1a: Garganacl|Recover|p1a: Garganacl
|-heal|p1a: Garganacl|100/100
|
|upkeep
|turn|4
|
|t:|1758284778
|switch|p1a: Rillaboom|Rillaboom, F|100/100
|-fieldstart|move: Grassy Terrain|[from] ability: Grassy Surge|[of] p1a: Rillaboom
|move|p2a: Garchomp|Swords Dance|p2a: Garchomp
|-boost|p2a: Garchomp|atk|2
|
|-heal|p2a: Garchomp|100/100|[from] Grassy Terrain
|upkeep
|turn|5
|
|t:|1758284786
|switch|p1a: Skeledirge|Skeledirge, M|100/100
|-terastallize|p2a: Garchomp|Dragon
|move|p2a: Garchomp|Scale Shot|p1a: Skeledirge
|-damage|p1a: Skeledirge|90/100
|-damage|p1a: Skeledirge|77/100
|-damage|p1a: Skeledirge|64/100
|-damage|p1a: Skeledirge|52/100
|-hitcount|p1a: Skeledirge|4
|-unboost|p2a: Garchomp|def|1
|-boost|p2a: Garchomp|spe|1
|
|-heal|p1a: Skeledirge|58/100|[from] Grassy Terrain
|upkeep
|turn|6
|
|t:|1758284801
|-terastallize|p1a: Skeledirge|Fairy
|move|p2a: Garchomp|Iron Head|p1a: Skeledirge
|-supereffective|p1a: Skeledirge
|-damage|p1a: Skeledirge|20/100
|move|p1a: Skeledirge|Will-O-Wisp|p2a: Garchomp
|-status|p2a: Garchomp|brn
|
|-heal|p1a: Skeledirge|26/100|[from] Grassy Terrain
|-damage|p2a: Garchomp|94/100 brn|[from] brn
|upkeep
|turn|7
|
|t:|1758284810
|switch|p1a: Alomomola|Alomomola, F|100/100
|move|p2a: Garchomp|Iron Head|p1a: Alomomola
|-resisted|p1a: Alomomola
|-damage|p1a: Alomomola|92/100
|
|-heal|p2a: Garchomp|100/100 brn|[from] Grassy Terrain
|-heal|p1a: Alomomola|98/100|[from] Grassy Terrain
|-damage|p2a: Garchomp|94/100 brn|[from] brn
|upkeep
|turn|8
|
|t:|1758284812
|move|p2a: Garchomp|Swords Dance|p2a: Garchomp
|-boost|p2a: Garchomp|atk|2
|move|p1a: Alomomola|Wish|p1a: Alomomola
|
|-heal|p2a: Garchomp|100/100 brn|[from] Grassy Terrain
|-heal|p1a: Alomomola|100/100|[from] Grassy Terrain
|-damage|p2a: Garchomp|94/100 brn|[from] brn
|-fieldend|move: Grassy Terrain
|upkeep
|turn|9
|
|t:|1758284819
|move|p2a: Garchomp|Iron Head|p1a: Alomomola
|-resisted|p1a: Alomomola
|-damage|p1a: Alomomola|86/100
|cant|p1a: Alomomola|flinch
|
|-heal|p1a: Alomomola|100/100|[from] move: Wish|[wisher] Alomomola
|-damage|p2a: Garchomp|88/100 brn|[from] brn
|upkeep
|turn|10
|
|t:|1758284829
|move|p2a: Garchomp|Swords Dance|p2a: Garchomp
|-boost|p2a: Garchomp|atk|2
|move|p1a: Alomomola|Wish|p1a: Alomomola
|
|-damage|p2a: Garchomp|82/100 brn|[from] brn
|upkeep
|turn|11
|
|t:|1758284835
|move|p2a: Garchomp|Iron Head|p1a: Alomomola
|-resisted|p1a: Alomomola
|-damage|p1a: Alomomola|81/100
|move|p1a: Alomomola|Flip Turn|p2a: Garchomp
|-resisted|p2a: Garchomp
|-damage|p2a: Garchomp|71/100 brn
|-damage|p1a: Alomomola|69/100|[from] ability: Rough Skin|[of] p2a: Garchomp
|
|t:|1758284849
|switch|p1a: Skeledirge|Skeledirge, M, tera:Fairy|26/100|[from] Flip Turn
|
|-heal|p1a: Skeledirge|83/100|[from] move: Wish|[wisher] Alomomola
|-damage|p2a: Garchomp|65/100 brn|[from] brn
|upkeep
|turn|12
|
|t:|1758284853
|move|p2a: Garchomp|Iron Head|p1a: Skeledirge
|-supereffective|p1a: Skeledirge
|-damage|p1a: Skeledirge|65/100
|move|p1a: Skeledirge|Hex|p2a: Garchomp
|-damage|p2a: Garchomp|21/100 brn
|
|-damage|p2a: Garchomp|15/100 brn|[from] brn
|upkeep
|turn|13
|
|t:|1758284860
|move|p2a: Garchomp|Iron Head|p1a: Skeledirge
|-supereffective|p1a: Skeledirge
|-damage|p1a: Skeledirge|46/100
|move|p1a: Skeledirge|Hex|p2a: Garchomp
|-damage|p2a: Garchomp|0 fnt
|faint|p2a: Garchomp
|
|upkeep
|
|t:|1758284866
|switch|p2a: Quaquaval|Quaquaval, F|100/100
|-damage|p2a: Quaquaval|94/100|[from] Stealth Rock
|turn|14
|
|t:|1758284869
|switch|p1a: Alomomola|Alomomola, F|100/100
|move|p2a: Quaquaval|Aqua Step|p1a: Alomomola
|-resisted|p1a: Alomomola
|-damage|p1a: Alomomola|80/100
|-boost|p2a: Quaquaval|spe|1
|
|upkeep
|turn|15
|
|t:|1758284874
|switch|p2a: Rotom|Rotom-Frost|100/100
|-damage|p2a: Rotom|76/100|[from] Stealth Rock
|move|p1a: Alomomola|Wish|p1a: Alomomola
|
|upkeep
|turn|16
|
|t:|1758284885
|switch|p1a: Darkrai|Darkrai|100/100
|move|p2a: Rotom|Trick|p1a: Darkrai
|-activate|p2a: Rotom|move: Trick|[of] p1a: Darkrai
|-item|p1a: Darkrai|Choice Scarf|[from] move: Trick
|-item|p2a: Rotom|Choice Specs|[from] move: Trick
|
|upkeep
|turn|17
|
|t:|1758284908
|move|p1a: Darkrai|Dark Pulse|p2a: Rotom
|-damage|p2a: Rotom|21/100
|move|p2a: Rotom|Volt Switch|p1a: Darkrai
|-damage|p1a: Darkrai|41/100
|
|t:|1758284921
|switch|p2a: Quaquaval|Quaquaval, F|94/100|[from] Volt Switch
|-damage|p2a: Quaquaval|88/100|[from] Stealth Rock
|
|upkeep
|turn|18
|
|t:|1758284928
|switch|p1a: Alomomola|Alomomola, F|100/100
|move|p2a: Quaquaval|Close Combat|p1a: Alomomola
|-crit|p1a: Alomomola
|-damage|p1a: Alomomola|14/100
|-unboost|p2a: Quaquaval|def|1
|-unboost|p2a: Quaquaval|spd|1
|
|upkeep
|turn|19
|
|t:|1758284935
|move|p1a: Alomomola|Protect|p1a: Alomomola
|-singleturn|p1a: Alomomola|Protect
|move|p2a: Quaquaval|Close Combat|p1a: Alomomola
|-activate|p1a: Alomomola|move: Protect
|
|upkeep
|turn|20
|
|t:|1758284941
|switch|p1a: Skeledirge|Skeledirge, M, tera:Fairy|46/100
|move|p2a: Quaquaval|Close Combat|p1a: Skeledirge
|-resisted|p1a: Skeledirge
|-damage|p1a: Skeledirge|17/100
|-unboost|p2a: Quaquaval|def|1
|-unboost|p2a: Quaquaval|spd|1
|
|upkeep
|turn|21
|
|t:|1758284952
|switch|p2a: Ceruledge|Ceruledge, F|100/100
|-damage|p2a: Ceruledge|76/100|[from] Stealth Rock
|move|p1a: Skeledirge|Slack Off|p1a: Skeledirge
|-heal|p1a: Skeledirge|67/100
|
|upkeep
|turn|22
|
|t:|1758284961
|switch|p1a: Garganacl|Garganacl, F|100/100
|move|p2a: Ceruledge|Poltergeist|p1a: Garganacl
|-activate|p1a: Garganacl|move: Poltergeist|Leftovers
|-damage|p1a: Garganacl|73/100
|-damage|p2a: Ceruledge|66/100|[from] item: Life Orb
|
|-heal|p1a: Garganacl|79/100|[from] item: Leftovers
|upkeep
|turn|23
|
|t:|1758284965
|move|p2a: Ceruledge|Swords Dance|p2a: Ceruledge
|-boost|p2a: Ceruledge|atk|2
|move|p1a: Garganacl|Salt Cure|p2a: Ceruledge
|-supereffective|p2a: Ceruledge
|-damage|p2a: Ceruledge|29/100
|-start|p2a: Ceruledge|Salt Cure
|-ability|p2a: Ceruledge|Weak Armor|boost
|-unboost|p2a: Ceruledge|def|1
|-boost|p2a: Ceruledge|spe|2
|
|-heal|p1a: Garganacl|85/100|[from] item: Leftovers
|-damage|p2a: Ceruledge|16/100|[from] Salt Cure
|upkeep
|turn|24
|
|t:|1758284973
|move|p1a: Garganacl|Protect|p1a: Garganacl
|-singleturn|p1a: Garganacl|Protect
|move|p2a: Ceruledge|Bitter Blade|p1a: Garganacl
|-activate|p1a: Garganacl|move: Protect
|
|-heal|p1a: Garganacl|91/100|[from] item: Leftovers
|-damage|p2a: Ceruledge|4/100|[from] Salt Cure
|upkeep
|turn|25
|
|t:|1758284982
|move|p2a: Ceruledge|Bitter Blade|p1a: Garganacl
|-resisted|p1a: Garganacl
|-damage|p1a: Garganacl|50/100
|-heal|p2a: Ceruledge|32/100|[from] drain|[of] p1a: Garganacl
|-damage|p2a: Ceruledge|22/100|[from] item: Life Orb
|move|p1a: Garganacl|Salt Cure|p2a: Ceruledge
|-supereffective|p2a: Ceruledge
|-damage|p2a: Ceruledge|0 fnt
|faint|p2a: Ceruledge
|
|-heal|p1a: Garganacl|57/100|[from] item: Leftovers
|upkeep
|
|t:|1758284989
|switch|p2a: Quaquaval|Quaquaval, F|88/100
|-damage|p2a: Quaquaval|82/100|[from] Stealth Rock
|turn|26
|
|t:|1758285013
|move|p1a: Garganacl|Protect|p1a: Garganacl
|-singleturn|p1a: Garganacl|Protect
|move|p2a: Quaquaval|Aqua Step|p1a: Garganacl
|-activate|p1a: Garganacl|move: Protect
|
|-heal|p1a: Garganacl|63/100|[from] item: Leftovers
|upkeep
|turn|27
|
|t:|1758285023
|switch|p2a: Rotom|Rotom-Frost|21/100
|-damage|p2a: Rotom|0 fnt|[from] Stealth Rock
|faint|p2a: Rotom
|move|p1a: Garganacl|Salt Cure|p2: Rotom|[notarget]
|-fail|p1a: Garganacl
|
|-heal|p1a: Garganacl|69/100|[from] item: Leftovers
|upkeep
|
|t:|1758285030
|switch|p2a: Gardevoir|Gardevoir, M|68/100
|-damage|p2a: Gardevoir|55/100|[from] Stealth Rock
|turn|28
|
|t:|1758285036
|move|p2a: Gardevoir|Trick|p1a: Garganacl
|-activate|p2a: Gardevoir|move: Trick|[of] p1a: Garganacl
|-item|p1a: Garganacl|Choice Scarf|[from] move: Trick
|-item|p2a: Gardevoir|Leftovers|[from] move: Trick
|move|p1a: Garganacl|Recover|p1a: Garganacl
|-heal|p1a: Garganacl|100/100
|
|-heal|p2a: Gardevoir|62/100|[from] item: Leftovers
|upkeep
|turn|29
|
|t:|1758285046
|switch|p1a: Iron Treads|Iron Treads|100/100
|move|p2a: Gardevoir|Mystical Fire|p1a: Iron Treads
|-supereffective|p1a: Iron Treads
|-damage|p1a: Iron Treads|24/100
|-unboost|p1a: Iron Treads|spa|1
|
|-heal|p1a: Iron Treads|31/100|[from] item: Leftovers
|-heal|p2a: Gardevoir|68/100|[from] item: Leftovers
|upkeep
|turn|30
|
|t:|1758285067
|-end|p1a: Iron Treads|Quark Drive|[silent]
|switch|p1a: Garganacl|Garganacl, F|100/100
|move|p2a: Gardevoir|Mystical Fire|p1a: Garganacl
|-resisted|p1a: Garganacl
|-damage|p1a: Garganacl|92/100
|-unboost|p1a: Garganacl|spa|1
|
|-heal|p2a: Gardevoir|74/100|[from] item: Leftovers
|upkeep
|turn|31
|
|t:|1758285077
|move|p2a: Gardevoir|Moonblast|p1a: Garganacl
|-damage|p1a: Garganacl|58/100
|-unboost|p1a: Garganacl|spa|1
|move|p1a: Garganacl|Salt Cure|p2a: Gardevoir
|-damage|p2a: Gardevoir|52/100
|-start|p2a: Gardevoir|Salt Cure
|
|-heal|p2a: Gardevoir|58/100|[from] item: Leftovers
|-damage|p2a: Gardevoir|46/100|[from] Salt Cure
|upkeep
|turn|32
|
|t:|1758285093
|switch|p2a: Quaquaval|Quaquaval, F|82/100
|-damage|p2a: Quaquaval|76/100|[from] Stealth Rock
|move|p1a: Garganacl|Salt Cure|p2a: Quaquaval
|-resisted|p2a: Quaquaval
|-damage|p2a: Quaquaval|68/100
|-start|p2a: Quaquaval|Salt Cure
|
|-damage|p2a: Quaquaval|43/100|[from] Salt Cure
|upkeep
|turn|33
|
|t:|1758285101
|switch|p1a: Skeledirge|Skeledirge, M, tera:Fairy|67/100
|move|p2a: Quaquaval|U-turn|p1a: Skeledirge
|-resisted|p1a: Skeledirge
|-damage|p1a: Skeledirge|56/100
|
|t:|1758285106
|switch|p2a: Gardevoir|Gardevoir, M|46/100|[from] U-turn
|-damage|p2a: Gardevoir|34/100|[from] Stealth Rock
|
|-heal|p2a: Gardevoir|40/100|[from] item: Leftovers
|upkeep
|turn|34
|
|t:|1758285125
|move|p2a: Gardevoir|Mystical Fire|p1a: Skeledirge
|-damage|p1a: Skeledirge|29/100
|-unboost|p1a: Skeledirge|spa|1
|move|p1a: Skeledirge|Slack Off|p1a: Skeledirge
|-heal|p1a: Skeledirge|79/100
|
|-heal|p2a: Gardevoir|46/100|[from] item: Leftovers
|upkeep
|turn|35
|
|t:|1758285145
|move|p2a: Gardevoir|Mystical Fire|p1a: Skeledirge
|-damage|p1a: Skeledirge|49/100
|-unboost|p1a: Skeledirge|spa|1
|move|p1a: Skeledirge|Torch Song|p2a: Gardevoir
|-damage|p2a: Gardevoir|31/100
|-boost|p1a: Skeledirge|spa|1
|
|-heal|p2a: Gardevoir|37/100|[from] item: Leftovers
|upkeep
|turn|36
|
|t:|1758285153
|move|p2a: Gardevoir|Mystical Fire|p1a: Skeledirge
|-damage|p1a: Skeledirge|22/100
|-unboost|p1a: Skeledirge|spa|1
|move|p1a: Skeledirge|Torch Song|p2a: Gardevoir
|-damage|p2a: Gardevoir|21/100
|-boost|p1a: Skeledirge|spa|1
|
|-heal|p2a: Gardevoir|27/100|[from] item: Leftovers
|upkeep
|turn|37
|
|t:|1758285168
|switch|p1a: Garganacl|Garganacl, F|58/100
|move|p2a: Gardevoir|Mystical Fire|p1a: Garganacl
|-resisted|p1a: Garganacl
|-damage|p1a: Garganacl|50/100
|-unboost|p1a: Garganacl|spa|1
|
|-heal|p2a: Gardevoir|33/100|[from] item: Leftovers
|upkeep
|turn|38
|
|t:|1758285179
|move|p2a: Gardevoir|Moonblast|p1a: Garganacl
|-damage|p1a: Garganacl|15/100
|move|p1a: Garganacl|Salt Cure|p2a: Gardevoir
|-damage|p2a: Gardevoir|12/100
|-start|p2a: Gardevoir|Salt Cure
|
|-heal|p2a: Gardevoir|18/100|[from] item: Leftovers
|-damage|p2a: Gardevoir|6/100|[from] Salt Cure
|upkeep
|turn|39
|
|t:|1758285220
|move|p2a: Gardevoir|Moonblast|p1a: Garganacl
|-damage|p1a: Garganacl|0 fnt
|faint|p1a: Garganacl
|
|-heal|p2a: Gardevoir|12/100|[from] item: Leftovers
|-damage|p2a: Gardevoir|0 fnt|[from] Salt Cure
|faint|p2a: Gardevoir
|upkeep
|inactive|Battle timer is ON: inactive players will automatically lose when time's up. (requested by Jon Mateo)
|
|t:|1758285251
|switch|p2a: Lokix|Lokix, F|100/100
|switch|p1a: Darkrai|Darkrai|41/100
|-damage|p2a: Lokix|76/100|[from] Stealth Rock
|turn|40
|
|t:|1758285262
|switch|p1a: Iron Treads|Iron Treads|31/100
|move|p2a: Lokix|First Impression|p1a: Iron Treads
|-resisted|p1a: Iron Treads
|-damage|p1a: Iron Treads|0 fnt
|faint|p1a: Iron Treads
|-end|p1a: Iron Treads|Quark Drive|[silent]
|
|upkeep
|
|t:|1758285274
|switch|p1a: Rillaboom|Rillaboom, F|100/100
|-fieldstart|move: Grassy Terrain|[from] ability: Grassy Surge|[of] p1a: Rillaboom
|turn|41
|
|t:|1758285282
|move|p1a: Rillaboom|Grassy Glide|p2a: Lokix
|-resisted|p2a: Lokix
|-damage|p2a: Lokix|40/100
|-enditem|p2a: Lokix|Sitrus Berry|[eat]
|-heal|p2a: Lokix|65/100|[from] item: Sitrus Berry
|move|p2a: Lokix|U-turn|p1a: Rillaboom
|-supereffective|p1a: Rillaboom
|-damage|p1a: Rillaboom|37/100
|
|t:|1758285288
|switch|p2a: Quaquaval|Quaquaval, F|43/100|[from] U-turn
|-damage|p2a: Quaquaval|37/100|[from] Stealth Rock
|
|-heal|p1a: Rillaboom|43/100|[from] Grassy Terrain
|-heal|p2a: Quaquaval|43/100|[from] Grassy Terrain
|upkeep
|turn|42
|
|t:|1758285308
|switch|p2a: Lokix|Lokix, F|65/100
|-damage|p2a: Lokix|40/100|[from] Stealth Rock
|move|p1a: Rillaboom|Grassy Glide|p2a: Lokix
|-resisted|p2a: Lokix
|-damage|p2a: Lokix|2/100
|
|-heal|p1a: Rillaboom|49/100|[from] Grassy Terrain
|-heal|p2a: Lokix|8/100|[from] Grassy Terrain
|upkeep
|turn|43
|
|t:|1758285318
|switch|p1a: Alomomola|Alomomola, F|47/100
|move|p2a: Lokix|First Impression|p1a: Alomomola
|-damage|p1a: Alomomola|24/100
|
|-heal|p2a: Lokix|14/100|[from] Grassy Terrain
|-heal|p1a: Alomomola|30/100|[from] Grassy Terrain
|upkeep
|turn|44
|inactive|Boulesinus15 has 120 seconds left.
|
|t:|1758285344
|move|p2a: Lokix|Axe Kick|p1a: Alomomola
|-damage|p1a: Alomomola|7/100
|-start|p1a: Alomomola|confusion
|-activate|p1a: Alomomola|confusion
|-damage|p1a: Alomomola|2/100|[from] confusion
|
|-heal|p2a: Lokix|20/100|[from] Grassy Terrain
|-heal|p1a: Alomomola|9/100|[from] Grassy Terrain
|upkeep
|turn|45
|inactive|Boulesinus15 has 120 seconds left.
|
|t:|1758285358
|switch|p1a: Skeledirge|Skeledirge, M, tera:Fairy|22/100
|move|p2a: Lokix|Axe Kick|p1a: Skeledirge
|-resisted|p1a: Skeledirge
|-damage|p1a: Skeledirge|0 fnt
|faint|p1a: Skeledirge
|
|-heal|p2a: Lokix|26/100|[from] Grassy Terrain
|-fieldend|move: Grassy Terrain
|upkeep
|
|t:|1758285362
|switch|p1a: Rillaboom|Rillaboom, F|49/100
|-fieldstart|move: Grassy Terrain|[from] ability: Grassy Surge|[of] p1a: Rillaboom
|turn|46
|
|t:|1758285372
|move|p1a: Rillaboom|Grassy Glide|p2a: Lokix
|-resisted|p2a: Lokix
|-damage|p2a: Lokix|0 fnt
|faint|p2a: Lokix
|
|-heal|p1a: Rillaboom|56/100|[from] Grassy Terrain
|upkeep
|
|t:|1758285375
|switch|p2a: Quaquaval|Quaquaval, F|43/100
|-damage|p2a: Quaquaval|37/100|[from] Stealth Rock
|turn|47
|
|t:|1758285378
|move|p1a: Rillaboom|Grassy Glide|p2a: Quaquaval
|-supereffective|p2a: Quaquaval
|-damage|p2a: Quaquaval|0 fnt
|faint|p2a: Quaquaval
|
|win|Boulesinus15
|raw|Boulesinus15's rating: 1405 &rarr; <strong>1423</strong><br />(+18 for winning)
|raw|Jon Mateo's rating: 1371 &rarr; <strong>1353</strong><br />(-18 for losing)
|l|☆Jon Mateo
|player|p2|
|l|☆Boulesinus15
|player|p1|
