|j|☆HuevozRancheroz
|j|☆zhar99
|t:|1758264892
|gametype|singles
|player|p1|HuevozRancheroz|rosa|1261
|player|p2|zhar99|170|1258
|gen|9
|tier|[Gen 9] OU
|rated|
|rule|HP Percentage Mod: HP is shown in percentages
|rule|Endless Battle Clause: Forcing endless battles is banned
|rule|Species Clause: Limit one of each Pokémon
|rule|OHKO Clause: OHKO moves are banned
|rule|Evasion Items Clause: Evasion items are banned
|rule|Evasion Moves Clause: Evasion moves are banned
|rule|Evasion Abilities Clause: Evasion abilities are banned
|rule|Sleep Moves Clause: Sleep-inducing moves are banned
|clearpoke
|poke|p1|Pincurchin, M|
|poke|p1|Iron Moth|
|poke|p1|Iron Leaves|
|poke|p1|Raging Bolt|
|poke|p1|Rotom-Wash|
|poke|p1|Goodra-Hisui, M|
|poke|p2|Indeedee, M|
|poke|p2|Armarouge, M|
|poke|p2|Dragapult, M|
|poke|p2|Iron Treads|
|poke|p2|Hawlucha, F|
|poke|p2|Ogerpon-Wellspring, F|
|teampreview
|inactive|Battle timer is ON: inactive players will automatically lose when time's up. (requested by HuevozRancheroz)
|
|t:|1758264907
|teamsize|p1|6
|teamsize|p2|6
|start
|switch|p1a: Rotom|Rotom-Wash|100/100
|switch|p2a: Ogerpon|Ogerpon-Wellspring, F|100/100
|turn|1
|
|t:|1758264916
|move|p2a: Ogerpon|U-turn|p1a: Rotom
|-damage|p1a: Rotom|77/100
|
|t:|1758264922
|switch|p2a: Iron Treads|Iron Treads|100/100|[from] U-turn
|-enditem|p2a: Iron Treads|Booster Energy
|-activate|p2a: Iron Treads|ability: Quark Drive|[fromitem]
|-start|p2a: Iron Treads|quarkdrivespe
|move|p1a: Rotom|Will-O-Wisp|p2a: Iron Treads
|-status|p2a: Iron Treads|brn
|
|-heal|p1a: Rotom|83/100|[from] item: Leftovers
|-damage|p2a: Iron Treads|94/100 brn|[from] brn
|upkeep
|turn|2
|
|t:|1758264930
|move|p2a: Iron Treads|Stealth Rock|p1a: Rotom
|-sidestart|p1: HuevozRancheroz|move: Stealth Rock
|move|p1a: Rotom|Hydro Pump|p2a: Iron Treads
|-supereffective|p2a: Iron Treads
|-damage|p2a: Iron Treads|0 fnt
|faint|p2a: Iron Treads
|-end|p2a: Iron Treads|Quark Drive|[silent]
|
|-heal|p1a: Rotom|89/100|[from] item: Leftovers
|upkeep
|
|t:|1758264940
|switch|p2a: Ogerpon|Ogerpon-Wellspring, F|100/100
|turn|3
|
|t:|1758264944
|move|p2a: Ogerpon|Horn Leech|p1a: Rotom
|-supereffective|p1a: Rotom
|-damage|p1a: Rotom|22/100
|move|p1a: Rotom|Will-O-Wisp|p2a: Ogerpon|[miss]
|-miss|p1a: Rotom|p2a: Ogerpon
|
|-heal|p1a: Rotom|28/100|[from] item: Leftovers
|upkeep
|turn|4
|
|t:|1758264955
|switch|p1a: Goodra|Goodra-Hisui, M|100/100
|-damage|p1a: Goodra|94/100|[from] Stealth Rock
|move|p2a: Ogerpon|Horn Leech|p1a: Goodra
|-resisted|p1a: Goodra
|-damage|p1a: Goodra|87/100
|
|-heal|p1a: Goodra|93/100|[from] item: Leftovers
|upkeep
|turn|5
|
|t:|1758264964
|move|p2a: Ogerpon|U-turn|p1a: Goodra
|-resisted|p1a: Goodra
|-damage|p1a: Goodra|83/100
|
|t:|1758264972
|switch|p2a: Indeedee|Indeedee, M|100/100|[from] U-turn
|-fieldstart|move: Psychic Terrain|[from] ability: Psychic Surge|[of] p2a: Indeedee
|move|p1a: Goodra|Acid Armor|p1a: Goodra
|-boost|p1a: Goodra|def|2
|
|-heal|p1a: Goodra|89/100|[from] item: Leftovers
|upkeep
|turn|6
|
|t:|1758264986
|move|p2a: Indeedee|Expanding Force|p1a: Goodra
|-resisted|p1a: Goodra
|-damage|p1a: Goodra|69/100
|move|p1a: Goodra|Knock Off|p2a: Indeedee
|-supereffective|p2a: Indeedee
|-damage|p2a: Indeedee|3/100
|-enditem|p2a: Indeedee|Terrain Extender|[from] move: Knock Off|[of] p1a: Goodra
|
|-heal|p1a: Goodra|75/100|[from] item: Leftovers
|upkeep
|turn|7
|
|t:|1758265000
|switch|p2a: Armarouge|Armarouge, M|100/100
|move|p1a: Goodra|Knock Off|p2a: Armarouge
|-supereffective|p2a: Armarouge
|-damage|p2a: Armarouge|50/100
|-ability|p2a: Armarouge|Weak Armor|boost
|-unboost|p2a: Armarouge|def|1
|-boost|p2a: Armarouge|spe|2
|-enditem|p2a: Armarouge|Weakness Policy
|-boost|p2a: Armarouge|atk|2|[from] item: Weakness Policy
|-boost|p2a: Armarouge|spa|2|[from] item: Weakness Policy
|
|-heal|p1a: Goodra|82/100|[from] item: Leftovers
|upkeep
|turn|8
|inactive|HuevozRancheroz has 120 seconds left.
|
|t:|1758265050
|move|p2a: Armarouge|Armor Cannon|p1a: Goodra
|-damage|p1a: Goodra|1/100
|-unboost|p2a: Armarouge|def|1
|-unboost|p2a: Armarouge|spd|1
|move|p1a: Goodra|Knock Off|p2a: Armarouge
|-supereffective|p2a: Armarouge
|-damage|p2a: Armarouge|0 fnt
|faint|p2a: Armarouge
|
|-heal|p1a: Goodra|7/100|[from] item: Leftovers
|upkeep
|
|t:|1758265058
|switch|p2a: Dragapult|Dragapult, M|100/100
|turn|9
|
|t:|1758265067
|move|p2a: Dragapult|Dragon Darts|p1a: Goodra
|-damage|p1a: Goodra|0 fnt
|faint|p1a: Goodra
|
|upkeep
|
|t:|1758265076
|switch|p1a: Pincurchin|Pincurchin, M|100/100
|-damage|p1a: Pincurchin|88/100|[from] Stealth Rock
|-fieldstart|move: Electric Terrain|[from] ability: Electric Surge|[of] p1a: Pincurchin
|turn|10
|inactive|HuevozRancheroz has 120 seconds left.
|
|t:|1758265083
|move|p2a: Dragapult|Dragon Darts|p1a: Pincurchin
|-damage|p1a: Pincurchin|66/100
|-anim|p2a: Dragapult|Dragon Darts|p1a: Pincurchin
|-damage|p1a: Pincurchin|46/100
|move|p1a: Pincurchin|Thunder Wave|p2a: Dragapult
|-status|p2a: Dragapult|par
|
|upkeep
|turn|11
|
|t:|1758265091
|cant|p2a: Dragapult|par
|move|p1a: Pincurchin|Pain Split|p2a: Dragapult
|-sethp|p2a: Dragapult|72/100 par|[from] move: Pain Split|[silent]
|-sethp|p1a: Pincurchin|76/100|[from] move: Pain Split
|
|upkeep
|turn|12
|-message|zhar99 forfeited.
|
|win|HuevozRancheroz
|raw|HuevozRancheroz's rating: 1261 &rarr; <strong>1286</strong><br />(+25 for winning)
|raw|zhar99's rating: 1258 &rarr; <strong>1233</strong><br />(-25 for losing)
|l|☆zhar99
|player|p2|
|l|☆HuevozRancheroz
|player|p1|
