|j|☆bishop1
|j|☆aquagoboom
|t:|1758278857
|gametype|singles
|player|p1|bishop1|2|1576
|player|p2|aquagoboom|101|1592
|gen|9
|tier|[Gen 9] OU
|rated|
|rule|HP Percentage Mod: HP is shown in percentages
|rule|Endless Battle Clause: Forcing endless battles is banned
|rule|Species Clause: Limit one of each Pokémon
|rule|OHKO Clause: OHKO moves are banned
|rule|Evasion Items Clause: Evasion items are banned
|rule|Evasion Moves Clause: Evasion moves are banned
|rule|Evasion Abilities Clause: Evasion abilities are banned
|rule|Sleep Moves Clause: Sleep-inducing moves are banned
|clearpoke
|poke|p1|Zamazenta-*|
|poke|p1|Ninetales-Alola, M|
|poke|p1|Darkrai|
|poke|p1|Ceruledge, F|
|poke|p1|Gliscor, M|
|poke|p1|Hatterene, F|
|poke|p2|Great Tusk|
|poke|p2|Heatran, M|
|poke|p2|Weavile, M|
|poke|p2|Primarina, M|
|poke|p2|Ogerpon, F|
|poke|p2|Pecharunt|
|teampreview
|
|t:|1758278873
|teamsize|p1|6
|teamsize|p2|6
|start
|switch|p1a: Ninetales|Ninetales-Alola, M|100/100
|switch|p2a: Chaos|Heatran, M, shiny|100/100
|-weather|Snowscape|[from] ability: Snow Warning|[of] p1a: Ninetales
|-item|p2a: Chaos|Air Balloon
|turn|1
|
|t:|1758278876
|move|p1a: Ninetales|Aurora Veil|p1a: Ninetales
|-sidestart|p1: bishop1|move: Aurora Veil
|move|p2a: Chaos|Magma Storm|p1a: Ninetales
|-supereffective|p1a: Ninetales
|-damage|p1a: Ninetales|49/100
|-activate|p1a: Ninetales|move: Magma Storm|[of] p2a: Chaos
|
|-weather|Snowscape|[upkeep]
|-damage|p1a: Ninetales|37/100|[from] move: Magma Storm|[partiallytrapped]
|upkeep
|turn|2
|
|t:|1758278885
|move|p2a: Chaos|Taunt|p1a: Ninetales
|-start|p1a: Ninetales|move: Taunt
|cant|p1a: Ninetales|move: Taunt|Roar
|
|-weather|Snowscape|[upkeep]
|-damage|p1a: Ninetales|25/100|[from] move: Magma Storm|[partiallytrapped]
|upkeep
|turn|3
|inactive|Battle timer is ON: inactive players will automatically lose when time's up. (requested by aquagoboom)
|
|t:|1758278894
|move|p1a: Ninetales|Freeze-Dry|p2a: Chaos
|-resisted|p2a: Chaos
|-damage|p2a: Chaos|96/100
|-enditem|p2a: Chaos|Air Balloon
|move|p2a: Chaos|Stealth Rock|p1a: Ninetales
|-sidestart|p1: bishop1|move: Stealth Rock
|
|-weather|Snowscape|[upkeep]
|-damage|p1a: Ninetales|13/100|[from] move: Magma Storm|[partiallytrapped]
|upkeep
|turn|4
|
|t:|1758278905
|move|p1a: Ninetales|Freeze-Dry|p2a: Chaos
|-resisted|p2a: Chaos
|-crit|p2a: Chaos
|-damage|p2a: Chaos|87/100
|move|p2a: Chaos|Taunt||[still]
|-fail|p2a: Chaos
|
|-weather|Snowscape|[upkeep]
|-damage|p1a: Ninetales|0 fnt|[from] move: Magma Storm|[partiallytrapped]
|faint|p1a: Ninetales
|upkeep
|
|t:|1758278908
|switch|p1a: Gliscor|Gliscor, M|100/100
|-damage|p1a: Gliscor|88/100|[from] Stealth Rock
|turn|5
|
|t:|1758278918
|move|p2a: Chaos|Magma Storm|p1a: Gliscor|[miss]
|-miss|p2a: Chaos|p1a: Gliscor
|move|p1a: Gliscor|Agility|p1a: Gliscor
|-boost|p1a: Gliscor|spe|2
|
|-weather|none
|-status|p1a: Gliscor|tox|[from] item: Toxic Orb
|upkeep
|turn|6
|
|t:|1758278922
|move|p1a: Gliscor|Swords Dance|p1a: Gliscor
|-boost|p1a: Gliscor|atk|2
|move|p2a: Chaos|Magma Storm|p1a: Gliscor
|-damage|p1a: Gliscor|58/100 tox
|-activate|p1a: Gliscor|move: Magma Storm|[of] p2a: Chaos
|
|-heal|p1a: Gliscor|71/100 tox|[from] ability: Poison Heal
|-damage|p1a: Gliscor|58/100 tox|[from] move: Magma Storm|[partiallytrapped]
|upkeep
|turn|7
|
|t:|1758278937
|switch|p2a: Overseer|Pecharunt|100/100
|move|p1a: Gliscor|Earthquake|p2a: Overseer
|-supereffective|p2a: Overseer
|-damage|p2a: Overseer|43/100
|
|-heal|p1a: Gliscor|71/100 tox|[from] ability: Poison Heal
|-end|p1a: Gliscor|Magma Storm|[partiallytrapped]|[silent]
|upkeep
|turn|8
|
|t:|1758278942
|move|p1a: Gliscor|Swords Dance|p1a: Gliscor
|-boost|p1a: Gliscor|atk|2
|move|p2a: Overseer|Parting Shot|p1a: Gliscor
|-unboost|p1a: Gliscor|atk|1
|-unboost|p1a: Gliscor|spa|1
|
|t:|1758278945
|switch|p2a: Bandit|Weavile, M, shiny|100/100|[from] Parting Shot
|-ability|p2a: Bandit|Pressure
|
|-heal|p1a: Gliscor|83/100 tox|[from] ability: Poison Heal
|-sideend|p1: bishop1|move: Aurora Veil
|upkeep
|turn|9
|
|t:|1758278956
|-terastallize|p1a: Gliscor|Normal
|-terastallize|p2a: Bandit|Ice
|move|p2a: Bandit|Ice Shard|p1a: Gliscor
|-damage|p1a: Gliscor|52/100 tox
|move|p1a: Gliscor|Facade|p2a: Bandit
|-damage|p2a: Bandit|0 fnt
|faint|p2a: Bandit
|
|-heal|p1a: Gliscor|65/100 tox|[from] ability: Poison Heal
|upkeep
|
|t:|1758278969
|switch|p2a: Behemoth|Great Tusk, shiny|100/100
|turn|10
|
|t:|1758278979
|move|p1a: Gliscor|Facade|p2a: Behemoth
|-damage|p2a: Behemoth|18/100
|move|p2a: Behemoth|Close Combat|p1a: Gliscor
|-supereffective|p1a: Gliscor
|-damage|p1a: Gliscor|0 fnt
|-unboost|p2a: Behemoth|def|1
|-unboost|p2a: Behemoth|spd|1
|faint|p1a: Gliscor
|
|upkeep
|
|t:|1758278985
|switch|p1a: Darkrai|Darkrai|100/100
|-damage|p1a: Darkrai|88/100|[from] Stealth Rock
|turn|11
|
|t:|1758278993
|-end|p2a: Behemoth|Protosynthesis|[silent]
|switch|p2a: Chaos|Heatran, M, shiny|87/100
|move|p1a: Darkrai|Nasty Plot|p1a: Darkrai
|-boost|p1a: Darkrai|spa|2
|
|-heal|p1a: Darkrai|94/100|[from] item: Leftovers
|upkeep
|turn|12
|
|t:|1758278999
|move|p1a: Darkrai|Focus Blast|p2a: Chaos|[miss]
|-miss|p1a: Darkrai|p2a: Chaos
|move|p2a: Chaos|Magma Storm|p1a: Darkrai
|-damage|p1a: Darkrai|30/100
|-activate|p1a: Darkrai|move: Magma Storm|[of] p2a: Chaos
|
|-heal|p1a: Darkrai|36/100|[from] item: Leftovers
|-damage|p1a: Darkrai|23/100|[from] move: Magma Storm|[partiallytrapped]
|upkeep
|turn|13
|
|t:|1758279010
|move|p1a: Darkrai|Focus Blast|p2a: Chaos
|-supereffective|p2a: Chaos
|-damage|p2a: Chaos|0 fnt
|faint|p2a: Chaos
|
|-heal|p1a: Darkrai|29/100|[from] item: Leftovers
|-end|p1a: Darkrai|Magma Storm|[partiallytrapped]|[silent]
|upkeep
|
|t:|1758279015
|switch|p2a: Celestine|Primarina, M, shiny|100/100
|turn|14
|
|t:|1758279018
|move|p1a: Darkrai|Psyshock|p2a: Celestine
|-crit|p2a: Celestine
|-damage|p2a: Celestine|0 fnt
|faint|p2a: Celestine
|
|-heal|p1a: Darkrai|35/100|[from] item: Leftovers
|upkeep
|c|☆aquagoboom|Bruhh
|
|t:|1758279029
|switch|p2a: Anonymous|Ogerpon, F|100/100
|turn|15
|
|t:|1758279031
|move|p1a: Darkrai|Psyshock|p2a: Anonymous
|-damage|p2a: Anonymous|30/100
|move|p2a: Anonymous|Ivy Cudgel|p1a: Darkrai
|-damage|p1a: Darkrai|0 fnt
|faint|p1a: Darkrai
|
|upkeep
|
|t:|1758279037
|switch|p1a: Zamazenta|Zamazenta|100/100
|-damage|p1a: Zamazenta|94/100|[from] Stealth Rock
|-ability|p1a: Zamazenta|Dauntless Shield|boost
|-boost|p1a: Zamazenta|def|1
|turn|16
|
|t:|1758279041
|switch|p2a: Overseer|Pecharunt|43/100
|move|p1a: Zamazenta|Crunch|p2a: Overseer
|-supereffective|p2a: Overseer
|-damage|p2a: Overseer|22/100
|-damage|p1a: Zamazenta|78/100|[from] item: Rocky Helmet|[of] p2a: Overseer
|
|upkeep
|turn|17
|
|t:|1758279048
|move|p1a: Zamazenta|Crunch|p2a: Overseer
|-supereffective|p2a: Overseer
|-damage|p2a: Overseer|1/100
|-damage|p1a: Zamazenta|61/100|[from] item: Rocky Helmet|[of] p2a: Overseer
|move|p2a: Overseer|Recover|p2a: Overseer
|-heal|p2a: Overseer|51/100
|
|upkeep
|turn|18
|
|t:|1758279056
|switch|p1a: Ceruledge|Ceruledge, F|100/100
|-damage|p1a: Ceruledge|76/100|[from] Stealth Rock
|move|p2a: Overseer|Recover|p2a: Overseer
|-heal|p2a: Overseer|100/100
|
|upkeep
|turn|19
|
|t:|1758279059
|move|p1a: Ceruledge|Bulk Up|p1a: Ceruledge
|-boost|p1a: Ceruledge|atk|1
|-boost|p1a: Ceruledge|def|1
|move|p2a: Overseer|Parting Shot|p1a: Ceruledge
|-unboost|p1a: Ceruledge|atk|1
|-unboost|p1a: Ceruledge|spa|1
|
|t:|1758279064
|switch|p2a: Anonymous|Ogerpon, F|30/100|[from] Parting Shot
|
|upkeep
|turn|20
|
|t:|1758279066
|move|p2a: Anonymous|Knock Off|p1a: Ceruledge
|-supereffective|p1a: Ceruledge
|-damage|p1a: Ceruledge|5/100
|-enditem|p1a: Ceruledge|Covert Cloak|[from] move: Knock Off|[of] p2a: Anonymous
|move|p1a: Ceruledge|Bitter Blade|p2a: Anonymous
|-supereffective|p2a: Anonymous
|-damage|p2a: Anonymous|0 fnt
|-heal|p1a: Ceruledge|18/100|[from] drain|[of] p2a: Anonymous
|faint|p2a: Anonymous
|
|upkeep
|
|t:|1758279075
|switch|p2a: Behemoth|Great Tusk, shiny|18/100
|turn|21
|
|t:|1758279078
|move|p1a: Ceruledge|Shadow Sneak|p2a: Behemoth
|-damage|p2a: Behemoth|6/100
|move|p2a: Behemoth|Headlong Rush|p1a: Ceruledge
|-supereffective|p1a: Ceruledge
|-damage|p1a: Ceruledge|0 fnt
|-unboost|p2a: Behemoth|def|1
|-unboost|p2a: Behemoth|spd|1
|faint|p1a: Ceruledge
|
|upkeep
|
|t:|1758279086
|switch|p1a: Zamazenta|Zamazenta|61/100
|-damage|p1a: Zamazenta|55/100|[from] Stealth Rock
|turn|22
|
|t:|1758279088
|switch|p1a: Hatterene|Hatterene, F|100/100
|-damage|p1a: Hatterene|88/100|[from] Stealth Rock
|-end|p2a: Behemoth|Protosynthesis|[silent]
|switch|p2a: Overseer|Pecharunt|100/100
|
|-heal|p1a: Hatterene|94/100|[from] item: Leftovers
|upkeep
|turn|23
|
|t:|1758279091
|move|p2a: Overseer|Malignant Chain|p1a: Hatterene
|-supereffective|p1a: Hatterene
|-damage|p1a: Hatterene|26/100
|-status|p1a: Hatterene|tox
|-start|p1a: Hatterene|confusion|[from] ability: Poison Puppeteer|[of] p2a: Overseer
|-activate|p1a: Hatterene|confusion
|move|p1a: Hatterene|Psyshock|p2a: Overseer
|-supereffective|p2a: Overseer
|-damage|p2a: Overseer|67/100
|
|-heal|p1a: Hatterene|32/100 tox|[from] item: Leftovers
|-damage|p1a: Hatterene|26/100 tox|[from] psn
|upkeep
|turn|24
|
|t:|1758279101
|move|p2a: Overseer|Malignant Chain|p1a: Hatterene
|-supereffective|p1a: Hatterene
|-damage|p1a: Hatterene|0 fnt
|faint|p1a: Hatterene
|
|upkeep
|c|☆bishop1|gg
|-message|bishop1 forfeited.
|
|win|aquagoboom
|raw|bishop1's rating: 1576 &rarr; <strong>1557</strong><br />(-19 for losing)
|raw|aquagoboom's rating: 1592 &rarr; <strong>1611</strong><br />(+19 for winning)
|c|☆aquagoboom|Gg
|l|☆aquagoboom
|player|p2|
|l|☆bishop1
|player|p1|
