|j|☆Haru Urara Fan
|j|☆TomRegor
|t:|1758238509
|gametype|singles
|player|p1|Haru Urara Fan|1|
|player|p2|TomRegor|fisherman|
|gen|9
|tier|[Gen 9] OU
|rule|HP Percentage Mod: HP is shown in percentages
|rule|Endless Battle Clause: Forcing endless battles is banned
|rule|Species Clause: Limit one of each Pokémon
|rule|OHKO Clause: OHKO moves are banned
|rule|Evasion Items Clause: Evasion items are banned
|rule|Evasion Moves Clause: Evasion moves are banned
|rule|Evasion Abilities Clause: Evasion abilities are banned
|rule|Sleep Moves Clause: Sleep-inducing moves are banned
|clearpoke
|poke|p1|Kleavor, F|
|poke|p1|Scizor, M|
|poke|p1|Lokix, M|
|poke|p1|Frosmoth, M|
|poke|p1|Forretress, M|
|poke|p1|Araquanid, M|
|poke|p2|Scizor, F|
|poke|p2|Kleavor, F|
|poke|p2|Lokix, F|
|poke|p2|Yanmega, F|
|poke|p2|Forretress, F|
|poke|p2|Venomoth, M|
|teampreview
|c|☆Haru Urara Fan|good luck
|c|☆TomRegor|Good luck
|
|t:|1758238529
|teamsize|p1|6
|teamsize|p2|6
|start
|switch|p1a: Join Pokemon RP6|Araquanid, M|100/100
|switch|p2a: Scizor|Scizor, F|100/100
|turn|1
|
|t:|1758238537
|move|p2a: Scizor|Knock Off|p1a: Join Pokemon RP6
|-damage|p1a: Join Pokemon RP6|56/100
|-enditem|p1a: Join Pokemon RP6|Heavy-Duty Boots|[from] move: Knock Off|[of] p2a: Scizor
|move|p1a: Join Pokemon RP6|Reflect|p1a: Join Pokemon RP6
|-sidestart|p1: Haru Urara Fan|Reflect
|
|upkeep
|turn|2
|
|t:|1758238550
|switch|p2a: Forretress|Forretress, F|100/100
|move|p1a: Join Pokemon RP6|Sticky Web|p2a: Forretress
|-sidestart|p2: TomRegor|move: Sticky Web
|
|upkeep
|turn|3
|
|t:|1758238565
|switch|p1a: Join Pokemon RP5|Forretress, M|100/100
|move|p2a: Forretress|Rapid Spin|p1a: Join Pokemon RP5
|-resisted|p1a: Join Pokemon RP5
|-damage|p1a: Join Pokemon RP5|99/100
|-boost|p2a: Forretress|spe|1
|-sideend|p2: TomRegor|Sticky Web|[from] move: Rapid Spin|[of] p2a: Forretress
|
|upkeep
|turn|4
|
|t:|1758238577
|move|p1a: Join Pokemon RP5|Light Screen|p1a: Join Pokemon RP5
|-sidestart|p1: Haru Urara Fan|move: Light Screen
|move|p2a: Forretress|Volt Switch|p1a: Join Pokemon RP5
|-damage|p1a: Join Pokemon RP5|91/100
|
|t:|1758238581
|switch|p2a: Venomoth|Venomoth, M|100/100|[from] Volt Switch
|
|upkeep
|turn|5
|
|t:|1758238586
|move|p2a: Venomoth|Quiver Dance|p2a: Venomoth
|-boost|p2a: Venomoth|spa|1
|-boost|p2a: Venomoth|spd|1
|-boost|p2a: Venomoth|spe|1
|move|p1a: Join Pokemon RP5|Explosion|p2a: Venomoth
|-damage|p2a: Venomoth|7/100
|faint|p1a: Join Pokemon RP5
|
|-sideend|p1: Haru Urara Fan|Reflect
|upkeep
|
|t:|1758238593
|switch|p1a: Join Pokemon RP3|Frosmoth, M|100/100
|turn|6
|c|☆TomRegor|didn't see that one coming lol
|
|t:|1758238605
|move|p2a: Venomoth|Morning Sun|p2a: Venomoth
|-heal|p2a: Venomoth|57/100
|move|p1a: Join Pokemon RP3|Quiver Dance|p1a: Join Pokemon RP3
|-boost|p1a: Join Pokemon RP3|spa|1
|-boost|p1a: Join Pokemon RP3|spd|1
|-boost|p1a: Join Pokemon RP3|spe|1
|
|upkeep
|turn|7
|
|t:|1758238616
|move|p2a: Venomoth|Quiver Dance|p2a: Venomoth
|-boost|p2a: Venomoth|spa|1
|-boost|p2a: Venomoth|spd|1
|-boost|p2a: Venomoth|spe|1
|move|p1a: Join Pokemon RP3|Quiver Dance|p1a: Join Pokemon RP3
|-boost|p1a: Join Pokemon RP3|spa|1
|-boost|p1a: Join Pokemon RP3|spd|1
|-boost|p1a: Join Pokemon RP3|spe|1
|
|upkeep
|turn|8
|
|t:|1758238624
|move|p2a: Venomoth|Quiver Dance|p2a: Venomoth
|-boost|p2a: Venomoth|spa|1
|-boost|p2a: Venomoth|spd|1
|-boost|p2a: Venomoth|spe|1
|move|p1a: Join Pokemon RP3|Ice Beam|p2a: Venomoth
|-damage|p2a: Venomoth|0 fnt
|faint|p2a: Venomoth
|
|-sideend|p1: Haru Urara Fan|move: Light Screen
|upkeep
|c|☆TomRegor|Damn Venomoth I'm disappointed
|
|t:|1758238645
|switch|p2a: Scizor|Scizor, F|100/100
|turn|9
|
|t:|1758238651
|-terastallize|p1a: Join Pokemon RP3|Water
|move|p2a: Scizor|Bullet Punch|p1a: Join Pokemon RP3
|-resisted|p1a: Join Pokemon RP3
|-damage|p1a: Join Pokemon RP3|50/100
|move|p1a: Join Pokemon RP3|Ice Beam|p2a: Scizor
|-resisted|p2a: Scizor
|-damage|p2a: Scizor|36/100
|
|upkeep
|turn|10
|
|t:|1758238664
|-terastallize|p2a: Scizor|Steel
|move|p2a: Scizor|Bullet Punch|p1a: Join Pokemon RP3
|-resisted|p1a: Join Pokemon RP3
|-damage|p1a: Join Pokemon RP3|0 fnt
|faint|p1a: Join Pokemon RP3
|
|upkeep
|c|☆TomRegor|Kinda forgot tera but don't tell anybody that
|
|t:|1758238684
|switch|p1a: Join Pokemon RP4|Lokix, M|100/100
|turn|11
|c|☆Haru Urara Fan|XD
|
|t:|1758238700
|switch|p2a: Kleavor|Kleavor, F|100/100
|move|p1a: Join Pokemon RP4|First Impression|p2a: Kleavor
|-damage|p2a: Kleavor|34/100
|-damage|p1a: Join Pokemon RP4|91/100|[from] item: Life Orb
|
|upkeep
|turn|12
|
|t:|1758238708
|move|p1a: Join Pokemon RP4|Sucker Punch|p2a: Kleavor
|-damage|p2a: Kleavor|0 fnt
|faint|p2a: Kleavor
|-damage|p1a: Join Pokemon RP4|81/100|[from] item: Life Orb
|
|upkeep
|
|t:|1758238723
|switch|p2a: Yanmega|Yanmega, F|100/100
|turn|13
|
|t:|1758238736
|move|p1a: Join Pokemon RP4|Knock Off|p2a: Yanmega
|-damage|p2a: Yanmega|26/100
|-enditem|p2a: Yanmega|Throat Spray|[from] move: Knock Off|[of] p1a: Join Pokemon RP4
|-damage|p1a: Join Pokemon RP4|71/100|[from] item: Life Orb
|move|p2a: Yanmega|Air Slash|p1a: Join Pokemon RP4
|-supereffective|p1a: Join Pokemon RP4
|-damage|p1a: Join Pokemon RP4|0 fnt
|faint|p1a: Join Pokemon RP4
|
|-ability|p2a: Yanmega|Speed Boost|boost
|-boost|p2a: Yanmega|spe|1
|upkeep
|
|t:|1758238745
|switch|p1a: Join Pokemon RP2|Scizor, M|100/100
|turn|14
|
|t:|1758238751
|move|p1a: Join Pokemon RP2|Bullet Punch|p2a: Yanmega
|-damage|p2a: Yanmega|0 fnt
|faint|p2a: Yanmega
|
|upkeep
|
|t:|1758238759
|switch|p2a: Lokix|Lokix, F|100/100
|turn|15
|
|t:|1758238762
|switch|p1a: Join Pokemon RP6|Araquanid, M|56/100
|move|p2a: Lokix|First Impression|p1a: Join Pokemon RP6
|-damage|p1a: Join Pokemon RP6|5/100
|
|upkeep
|turn|16
|
|t:|1758238771
|switch|p2a: Forretress|Forretress, F|100/100
|move|p1a: Join Pokemon RP6|Endeavor|p2a: Forretress
|-damage|p2a: Forretress|4/100
|
|-heal|p2a: Forretress|11/100|[from] item: Leftovers
|upkeep
|turn|17
|
|t:|1758238785
|move|p1a: Join Pokemon RP6|Liquidation|p2a: Forretress
|-damage|p2a: Forretress|0 fnt
|faint|p2a: Forretress
|
|upkeep
|
|t:|1758238811
|switch|p2a: Scizor|Scizor, F, tera:Steel|36/100
|turn|18
|
|t:|1758238818
|move|p2a: Scizor|U-turn|p1a: Join Pokemon RP6
|-damage|p1a: Join Pokemon RP6|0 fnt
|faint|p1a: Join Pokemon RP6
|
|t:|1758238821
|switch|p2a: Lokix|Lokix, F|100/100|[from] U-turn
|
|upkeep
|
|t:|1758238830
|switch|p1a: Join Pokemon RP1|Kleavor, F|100/100
|turn|19
|
|t:|1758238847
|move|p2a: Lokix|U-turn|p1a: Join Pokemon RP1
|-damage|p1a: Join Pokemon RP1|45/100
|
|t:|1758238850
|switch|p2a: Scizor|Scizor, F, tera:Steel|36/100|[from] U-turn
|move|p1a: Join Pokemon RP1|Stone Axe|p2a: Scizor
|-resisted|p2a: Scizor
|-damage|p2a: Scizor|17/100
|-sidestart|p2: TomRegor|move: Stealth Rock
|
|upkeep
|turn|20
|
|t:|1758238862
|move|p2a: Scizor|Bullet Punch|p1a: Join Pokemon RP1
|-supereffective|p1a: Join Pokemon RP1
|-damage|p1a: Join Pokemon RP1|0 fnt
|faint|p1a: Join Pokemon RP1
|
|upkeep
|
|t:|1758238867
|switch|p1a: Join Pokemon RP2|Scizor, M|100/100
|turn|21
|
|t:|1758238875
|move|p2a: Scizor|Bullet Punch|p1a: Join Pokemon RP2
|-resisted|p1a: Join Pokemon RP2
|-damage|p1a: Join Pokemon RP2|68/100
|move|p1a: Join Pokemon RP2|Knock Off|p2a: Scizor
|-damage|p2a: Scizor|0 fnt
|-enditem|p2a: Scizor|Choice Band|[from] move: Knock Off|[of] p1a: Join Pokemon RP2
|faint|p2a: Scizor
|
|-heal|p1a: Join Pokemon RP2|74/100|[from] item: Leftovers
|upkeep
|
|t:|1758238904
|switch|p2a: Lokix|Lokix, F|100/100
|-damage|p2a: Lokix|76/100|[from] Stealth Rock
|turn|22
|
|t:|1758238925
|move|p1a: Join Pokemon RP2|Bullet Punch|p2a: Lokix
|-damage|p2a: Lokix|43/100
|move|p2a: Lokix|Knock Off|p1a: Join Pokemon RP2
|-damage|p1a: Join Pokemon RP2|0 fnt
|-enditem|p1a: Join Pokemon RP2|Leftovers|[from] move: Knock Off|[of] p2a: Lokix
|faint|p1a: Join Pokemon RP2
|
|win|TomRegor
|c|☆TomRegor|Gg
|c|☆TomRegor|Was calcing to see what I needed to do was definitely a close one
|c|☆Haru Urara Fan|gg!
