|j|☆Gil_Kenobi
|j|☆kiarnjd
|t:|1758291979
|gametype|singles
|player|p1|Gil_Kenobi|n|1302
|player|p2|kiarnjd|red|1287
|gen|9
|tier|[Gen 9] OU
|rated|
|rule|HP Percentage Mod: HP is shown in percentages
|rule|Endless Battle Clause: Forcing endless battles is banned
|rule|Species Clause: Limit one of each Pokémon
|rule|OHKO Clause: OHKO moves are banned
|rule|Evasion Items Clause: Evasion items are banned
|rule|Evasion Moves Clause: Evasion moves are banned
|rule|Evasion Abilities Clause: Evasion abilities are banned
|rule|Sleep Moves Clause: Sleep-inducing moves are banned
|clearpoke
|poke|p1|Galvantula, F|
|poke|p1|Samurott-Hisui, F|
|poke|p1|Kyurem|
|poke|p1|Mismagius, F|
|poke|p1|Cinderace, M|
|poke|p1|Thundurus, M|
|poke|p2|Thundurus-Therian, M|
|poke|p2|Cinderace, F|
|poke|p2|Quaquaval, F|
|poke|p2|Clefable, F|
|poke|p2|Pecharunt|
|poke|p2|Iron Boulder|
|teampreview
|inactive|Battle timer is ON: inactive players will automatically lose when time's up. (requested by Gil_Kenobi)
|inactive|kiarnjd also wants the timer to be on.
|inactive|kiarnjd has 120 seconds left.
|
|t:|1758292018
|teamsize|p1|6
|teamsize|p2|6
|start
|switch|p1a: Kyurem|Kyurem, shiny|100/100
|switch|p2a: Clefable|Clefable, F|100/100
|-ability|p1a: Kyurem|Pressure
|turn|1
|
|t:|1758292034
|move|p1a: Kyurem|Icicle Spear|p2a: Clefable
|-damage|p2a: Clefable|91/100
|-damage|p2a: Clefable|80/100
|-damage|p2a: Clefable|70/100
|-crit|p2a: Clefable
|-damage|p2a: Clefable|56/100
|-hitcount|p2a: Clefable|4
|move|p2a: Clefable|Thunder Wave|p1a: Kyurem
|-status|p1a: Kyurem|par
|
|-heal|p2a: Clefable|62/100|[from] item: Leftovers
|upkeep
|turn|2
|
|t:|1758292044
|cant|p1a: Kyurem|par
|move|p2a: Clefable|Moonblast|p1a: Kyurem
|-supereffective|p1a: Kyurem
|-damage|p1a: Kyurem|36/100 par
|
|-heal|p2a: Clefable|69/100|[from] item: Leftovers
|upkeep
|turn|3
|
|t:|1758292052
|cant|p1a: Kyurem|par
|move|p2a: Clefable|Moonblast|p1a: Kyurem
|-supereffective|p1a: Kyurem
|-damage|p1a: Kyurem|0 fnt
|faint|p1a: Kyurem
|
|-heal|p2a: Clefable|75/100|[from] item: Leftovers
|upkeep
|
|t:|1758292060
|switch|p1a: Galvantula|Galvantula, F|100/100
|turn|4
|
|t:|1758292069
|move|p1a: Galvantula|Sticky Web|p2a: Clefable
|-sidestart|p2: kiarnjd|move: Sticky Web
|move|p2a: Clefable|Stealth Rock|p1a: Galvantula
|-sidestart|p1: Gil_Kenobi|move: Stealth Rock
|
|-heal|p2a: Clefable|81/100|[from] item: Leftovers
|upkeep
|turn|5
|
|t:|1758292076
|move|p1a: Galvantula|Thunder|p2a: Clefable|[miss]
|-miss|p1a: Galvantula|p2a: Clefable
|move|p2a: Clefable|Moonblast|p1a: Galvantula
|-damage|p1a: Galvantula|44/100
|
|-heal|p2a: Clefable|87/100|[from] item: Leftovers
|upkeep
|turn|6
|
|t:|1758292085
|move|p1a: Galvantula|Bug Buzz|p2a: Clefable
|-resisted|p2a: Clefable
|-damage|p2a: Clefable|69/100
|move|p2a: Clefable|Moonblast|p1a: Galvantula
|-damage|p1a: Galvantula|0 fnt
|faint|p1a: Galvantula
|
|-heal|p2a: Clefable|75/100|[from] item: Leftovers
|upkeep
|
|t:|1758292097
|switch|p1a: Samurott|Samurott-Hisui, F|100/100
|-damage|p1a: Samurott|88/100|[from] Stealth Rock
|turn|7
|
|t:|1758292101
|move|p1a: Samurott|Aqua Cutter|p2a: Clefable
|-damage|p2a: Clefable|30/100
|-damage|p1a: Samurott|78/100|[from] item: Life Orb
|move|p2a: Clefable|Thunder Wave|p1a: Samurott
|-status|p1a: Samurott|par
|
|-heal|p2a: Clefable|36/100|[from] item: Leftovers
|upkeep
|turn|8
|
|t:|1758292108
|move|p2a: Clefable|Moonblast|p1a: Samurott
|-supereffective|p1a: Samurott
|-damage|p1a: Samurott|0 fnt
|faint|p1a: Samurott
|
|-heal|p2a: Clefable|42/100|[from] item: Leftovers
|upkeep
|
|t:|1758292111
|switch|p1a: Cinderace|Cinderace, M|100/100
|turn|9
|
|t:|1758292118
|-terastallize|p2a: Clefable|Water
|move|p1a: Cinderace|Pyro Ball|p2a: Clefable
|-resisted|p2a: Clefable
|-damage|p2a: Clefable|20/100
|move|p2a: Clefable|Thunder Wave|p1a: Cinderace|[miss]
|-miss|p2a: Clefable|p1a: Cinderace
|
|-heal|p2a: Clefable|26/100|[from] item: Leftovers
|upkeep
|turn|10
|
|t:|1758292128
|move|p1a: Cinderace|High Jump Kick|p2a: Clefable
|-start|p1a: Cinderace|typechange|Fighting|[from] ability: Libero
|-damage|p2a: Clefable|0 fnt
|faint|p2a: Clefable
|
|upkeep
|
|t:|1758292134
|switch|p2a: Iron Boulder|Iron Boulder|100/100
|-activate|p2a: Iron Boulder|move: Sticky Web
|-unboost|p2a: Iron Boulder|spe|1
|-enditem|p2a: Iron Boulder|Booster Energy
|-activate|p2a: Iron Boulder|ability: Quark Drive|[fromitem]
|-start|p2a: Iron Boulder|quarkdriveatk
|turn|11
|
|t:|1758292163
|move|p1a: Cinderace|High Jump Kick|p2a: Iron Boulder
|-damage|p2a: Iron Boulder|20/100
|move|p2a: Iron Boulder|Earthquake|p1a: Cinderace
|-damage|p1a: Cinderace|37/100
|
|upkeep
|turn|12
|
|t:|1758292184
|-end|p2a: Iron Boulder|Quark Drive|[silent]
|switch|p2a: Pecharunt|Pecharunt|100/100
|move|p1a: Cinderace|Pyro Ball|p2a: Pecharunt
|-damage|p2a: Pecharunt|74/100
|
|upkeep
|turn|13
|
|t:|1758292189
|move|p1a: Cinderace|Pyro Ball|p2a: Pecharunt
|-damage|p2a: Pecharunt|47/100
|move|p2a: Pecharunt|Malignant Chain|p1a: Cinderace
|-damage|p1a: Cinderace|0 fnt
|faint|p1a: Cinderace
|
|upkeep
|
|t:|1758292198
|switch|p1a: Mismagius|Mismagius, F|100/100
|-damage|p1a: Mismagius|88/100|[from] Stealth Rock
|turn|14
|
|t:|1758292203
|move|p1a: Mismagius|Shadow Ball|p2a: Pecharunt
|-supereffective|p2a: Pecharunt
|-damage|p2a: Pecharunt|0 fnt
|faint|p2a: Pecharunt
|-damage|p1a: Mismagius|78/100|[from] item: Life Orb
|
|upkeep
|
|t:|1758292207
|switch|p2a: Quaquaval|Quaquaval, F|100/100
|-activate|p2a: Quaquaval|move: Sticky Web
|-unboost|p2a: Quaquaval|spe|1
|turn|15
|
|t:|1758292212
|-terastallize|p1a: Mismagius|Fairy
|move|p1a: Mismagius|Dazzling Gleam|p2a: Quaquaval
|-supereffective|p2a: Quaquaval
|-damage|p2a: Quaquaval|20/100
|-damage|p1a: Mismagius|68/100|[from] item: Life Orb
|move|p2a: Quaquaval|Rapid Spin|p1a: Mismagius
|-damage|p1a: Mismagius|32/100
|-boost|p2a: Quaquaval|spe|1
|-sideend|p2: kiarnjd|Sticky Web|[from] move: Rapid Spin|[of] p2a: Quaquaval
|
|upkeep
|turn|16
|
|t:|1758292221
|move|p1a: Mismagius|Dazzling Gleam|p2a: Quaquaval
|-supereffective|p2a: Quaquaval
|-damage|p2a: Quaquaval|0 fnt
|faint|p2a: Quaquaval
|-damage|p1a: Mismagius|22/100|[from] item: Life Orb
|
|upkeep
|
|t:|1758292225
|switch|p2a: Cinderace|Cinderace, F|100/100
|turn|17
|
|t:|1758292230
|move|p2a: Cinderace|Pyro Ball|p1a: Mismagius
|-damage|p1a: Mismagius|0 fnt
|faint|p1a: Mismagius
|
|upkeep
|
|t:|1758292232
|switch|p1a: Thundurus|Thundurus, M|100/100
|-damage|p1a: Thundurus|76/100|[from] Stealth Rock
|turn|18
|-message|Gil_Kenobi forfeited.
|
|win|kiarnjd
|raw|Gil_Kenobi's rating: 1302 &rarr; <strong>1281</strong><br />(-21 for losing)
|raw|kiarnjd's rating: 1287 &rarr; <strong>1313</strong><br />(+26 for winning)
|l|☆Gil_Kenobi
|player|p1|
|l|☆kiarnjd
|player|p2|
