|j|☆Markolinho
|j|‽zoysebas875
|t:|1758270355
|gametype|singles
|player|p1|Markolinho|2|1376
|player|p2|zoysebas875|169|1349
|gen|9
|tier|[Gen 9] OU
|rated|
|rule|HP Percentage Mod: HP is shown in percentages
|rule|Endless Battle Clause: Forcing endless battles is banned
|rule|Species Clause: Limit one of each Pokémon
|rule|OHKO Clause: OHKO moves are banned
|rule|Evasion Items Clause: Evasion items are banned
|rule|Evasion Moves Clause: Evasion moves are banned
|rule|Evasion Abilities Clause: Evasion abilities are banned
|rule|Sleep Moves Clause: Sleep-inducing moves are banned
|clearpoke
|poke|p1|Scream Tail|
|poke|p1|Iron Treads|
|poke|p1|Landorus-Therian, M|
|poke|p1|Toxapex, M|
|poke|p1|Dragapult, F|
|poke|p1|Rotom-Heat|
|poke|p2|Pelipper, M|
|poke|p2|Barraskewda, F|
|poke|p2|Zapdos|
|poke|p2|Goodra-Hisui, F|
|poke|p2|Gholdengo|
|poke|p2|Walking Wake|
|teampreview
|
|t:|1758270386
|teamsize|p1|6
|teamsize|p2|6
|start
|switch|p1a: Rotom|Rotom-Heat|100/100
|switch|p2a: Pelipper|Pelipper, M|100/100
|-weather|RainDance|[from] ability: Drizzle|[of] p2a: Pelipper
|turn|1
|inactive|Battle timer is ON: inactive players will automatically lose when time's up. (requested by Markolinho)
|
|t:|1758270393
|switch|p2a: Goodra|Goodra-Hisui, F|100/100
|move|p1a: Rotom|Volt Switch|p2a: Goodra
|-resisted|p2a: Goodra
|-damage|p2a: Goodra|90/100
|
|t:|1758270404
|switch|p1a: Landorus|Landorus-Therian, M|100/100|[from] Volt Switch
|-ability|p1a: Landorus|Intimidate|boost
|-unboost|p2a: Goodra|atk|1
|
|-weather|RainDance|[upkeep]
|upkeep
|turn|2
|
|t:|1758270412
|move|p1a: Landorus|Stone Edge|p2a: Goodra
|-resisted|p2a: Goodra
|-damage|p2a: Goodra|71/100
|move|p2a: Goodra|Draco Meteor|p1a: Landorus
|-damage|p1a: Landorus|27/100
|-unboost|p2a: Goodra|spa|2
|
|-weather|RainDance|[upkeep]
|upkeep
|turn|3
|
|t:|1758270425
|switch|p1a: Scream Tail|Scream Tail|100/100
|switch|p2a: Zapdos|Zapdos|100/100
|
|-weather|RainDance|[upkeep]
|upkeep
|turn|4
|
|t:|1758270437
|move|p1a: Scream Tail|Calm Mind|p1a: Scream Tail
|-boost|p1a: Scream Tail|spa|1
|-boost|p1a: Scream Tail|spd|1
|move|p2a: Zapdos|Hurricane|p1a: Scream Tail
|-damage|p1a: Scream Tail|69/100
|
|-weather|RainDance|[upkeep]
|-heal|p1a: Scream Tail|76/100|[from] item: Leftovers
|upkeep
|turn|5
|
|t:|1758270445
|move|p1a: Scream Tail|Calm Mind|p1a: Scream Tail
|-boost|p1a: Scream Tail|spa|1
|-boost|p1a: Scream Tail|spd|1
|move|p2a: Zapdos|Volt Switch|p1a: Scream Tail
|-damage|p1a: Scream Tail|63/100
|
|t:|1758270448
|switch|p2a: Barraskewda|Barraskewda, F|100/100|[from] Volt Switch
|
|-weather|RainDance|[upkeep]
|-heal|p1a: Scream Tail|69/100|[from] item: Leftovers
|upkeep
|turn|6
|
|t:|1758270455
|move|p2a: Barraskewda|Liquidation|p1a: Scream Tail
|-damage|p1a: Scream Tail|0 fnt
|faint|p1a: Scream Tail
|-end|p1a: Scream Tail|Protosynthesis|[silent]
|
|-weather|RainDance|[upkeep]
|upkeep
|-message|Markolinho forfeited.
|
|win|zoysebas875
|raw|Markolinho's rating: 1376 &rarr; <strong>1354</strong><br />(-22 for losing)
|raw|zoysebas875's rating: 1349 &rarr; <strong>1371</strong><br />(+22 for winning)
|l|☆Markolinho
|player|p1|
|l|‽zoysebas875
|player|p2|
