|j|☆qwp1027
|j|☆slowbro named paul
|t:|1758289301
|gametype|singles
|player|p1|qwp1027|miku-ghost|1189
|player|p2|slowbro named paul|skierf|1173
|gen|9
|tier|[Gen 9] OU
|rated|
|rule|HP Percentage Mod: HP is shown in percentages
|rule|Endless Battle Clause: Forcing endless battles is banned
|rule|Species Clause: Limit one of each Pokémon
|rule|OHKO Clause: OHKO moves are banned
|rule|Evasion Items Clause: Evasion items are banned
|rule|Evasion Moves Clause: Evasion moves are banned
|rule|Evasion Abilities Clause: Evasion abilities are banned
|rule|Sleep Moves Clause: Sleep-inducing moves are banned
|clearpoke
|poke|p1|Toxapex, M|
|poke|p1|Ceruledge, F|
|poke|p1|Gliscor, F|
|poke|p1|Darkrai|
|poke|p1|Raging Bolt|
|poke|p1|Iron Valiant|
|poke|p2|Komala, F|
|poke|p2|Ting-Lu|
|poke|p2|Goodra-Hisui, F|
|poke|p2|Hoopa|
|poke|p2|Raging Bolt|
|poke|p2|Diancie|
|teampreview
|inactive|Battle timer is ON: inactive players will automatically lose when time's up. (requested by slowbro named paul)
|
|t:|1758289307
|teamsize|p1|6
|teamsize|p2|6
|start
|switch|p1a: Gliscor|Gliscor, F|100/100
|switch|p2a: Goodra|Goodra-Hisui, F|100/100
|turn|1
|
|t:|1758289309
|move|p1a: Gliscor|Toxic Spikes|p2a: Goodra
|-sidestart|p2: slowbro named paul|move: Toxic Spikes
|move|p2a: Goodra|Curse|p2a: Goodra
|-unboost|p2a: Goodra|spe|1
|-boost|p2a: Goodra|atk|1
|-boost|p2a: Goodra|def|1
|
|-status|p1a: Gliscor|tox|[from] item: Toxic Orb
|upkeep
|turn|2
|
|t:|1758289317
|move|p1a: Gliscor|Earthquake|p2a: Goodra
|-supereffective|p2a: Goodra
|-damage|p2a: Goodra|64/100
|move|p2a: Goodra|Curse|p2a: Goodra
|-unboost|p2a: Goodra|spe|1
|-boost|p2a: Goodra|atk|1
|-boost|p2a: Goodra|def|1
|
|-heal|p2a: Goodra|70/100|[from] item: Leftovers
|upkeep
|turn|3
|
|t:|1758289320
|move|p1a: Gliscor|U-turn|p2a: Goodra
|-resisted|p2a: Goodra
|-damage|p2a: Goodra|67/100
|
|t:|1758289328
|switch|p1a: Ceruledge|Ceruledge, F|100/100|[from] U-turn
|move|p2a: Goodra|Curse|p2a: Goodra
|-unboost|p2a: Goodra|spe|1
|-boost|p2a: Goodra|atk|1
|-boost|p2a: Goodra|def|1
|
|-heal|p2a: Goodra|73/100|[from] item: Leftovers
|upkeep
|turn|4
|
|t:|1758289334
|move|p1a: Ceruledge|Swords Dance|p1a: Ceruledge
|-boost|p1a: Ceruledge|atk|2
|move|p2a: Goodra|Dragon Tail|p1a: Ceruledge
|-damage|p1a: Ceruledge|33/100
|-ability|p1a: Ceruledge|Weak Armor|boost
|-unboost|p1a: Ceruledge|def|1
|-boost|p1a: Ceruledge|spe|2
|drag|p1a: Gliscor|Gliscor, F|100/100 tox
|
|-heal|p2a: Goodra|79/100|[from] item: Leftovers
|upkeep
|turn|5
|
|t:|1758289341
|move|p1a: Gliscor|Earthquake|p2a: Goodra
|-supereffective|p2a: Goodra
|-damage|p2a: Goodra|57/100
|move|p2a: Goodra|Gyro Ball|p1a: Gliscor
|-damage|p1a: Gliscor|0 fnt
|faint|p1a: Gliscor
|
|-heal|p2a: Goodra|63/100|[from] item: Leftovers
|upkeep
|
|t:|1758289347
|switch|p1a: Darkrai|Darkrai|100/100
|turn|6
|
|t:|1758289353
|move|p1a: Darkrai|Substitute|p1a: Darkrai
|-start|p1a: Darkrai|Substitute
|-damage|p1a: Darkrai|76/100
|move|p2a: Goodra|Gyro Ball|p1a: Darkrai
|-end|p1a: Darkrai|Substitute
|
|-heal|p2a: Goodra|69/100|[from] item: Leftovers
|upkeep
|turn|7
|
|t:|1758289361
|move|p1a: Darkrai|Dark Pulse|p2a: Goodra
|-damage|p2a: Goodra|40/100
|cant|p2a: Goodra|flinch
|
|-heal|p2a: Goodra|46/100|[from] item: Leftovers
|upkeep
|turn|8
|
|t:|1758289368
|move|p1a: Darkrai|Dark Pulse|p2a: Goodra
|-damage|p2a: Goodra|17/100
|move|p2a: Goodra|Gyro Ball|p1a: Darkrai
|-damage|p1a: Darkrai|0 fnt
|faint|p1a: Darkrai
|
|-heal|p2a: Goodra|23/100|[from] item: Leftovers
|upkeep
|
|t:|1758289372
|switch|p1a: Raging Bolt|Raging Bolt|100/100
|turn|9
|
|t:|1758289377
|-terastallize|p2a: Goodra|Steel
|move|p1a: Raging Bolt|Thunderclap|p2a: Goodra
|-damage|p2a: Goodra|0 fnt
|faint|p2a: Goodra
|
|upkeep
|
|t:|1758289384
|switch|p2a: Ting-Lu|Ting-Lu|100/100
|-status|p2a: Ting-Lu|psn
|-ability|p2a: Ting-Lu|Vessel of Ruin
|turn|10
|
|t:|1758289389
|move|p1a: Raging Bolt|Draco Meteor|p2a: Ting-Lu
|-damage|p2a: Ting-Lu|51/100 psn
|-unboost|p1a: Raging Bolt|spa|2
|move|p2a: Ting-Lu|Earthquake|p1a: Raging Bolt
|-supereffective|p1a: Raging Bolt
|-damage|p1a: Raging Bolt|0 fnt
|faint|p1a: Raging Bolt
|-end|p1a: Raging Bolt|Protosynthesis|[silent]
|-damage|p2a: Ting-Lu|41/100 psn|[from] item: Life Orb
|
|-damage|p2a: Ting-Lu|28/100 psn|[from] psn
|upkeep
|
|t:|1758289396
|switch|p1a: Iron Valiant|Iron Valiant|100/100
|-enditem|p1a: Iron Valiant|Booster Energy
|-activate|p1a: Iron Valiant|ability: Quark Drive|[fromitem]
|-start|p1a: Iron Valiant|quarkdrivespe
|turn|11
|
|t:|1758289403
|move|p1a: Iron Valiant|Swords Dance|p1a: Iron Valiant
|-boost|p1a: Iron Valiant|atk|2
|move|p2a: Ting-Lu|Earthquake|p1a: Iron Valiant
|-damage|p1a: Iron Valiant|21/100
|-damage|p2a: Ting-Lu|18/100 psn|[from] item: Life Orb
|
|-damage|p2a: Ting-Lu|6/100 psn|[from] psn
|upkeep
|turn|12
|
|t:|1758289410
|move|p1a: Iron Valiant|Spirit Break|p2a: Ting-Lu
|-supereffective|p2a: Ting-Lu
|-damage|p2a: Ting-Lu|0 fnt
|faint|p2a: Ting-Lu
|
|upkeep
|
|t:|1758289417
|switch|p2a: Raging Bolt|Raging Bolt|100/100
|-status|p2a: Raging Bolt|psn
|turn|13
|
|t:|1758289421
|move|p1a: Iron Valiant|Substitute|p1a: Iron Valiant
|-fail|p1a: Iron Valiant|move: Substitute|[weak]
|move|p2a: Raging Bolt|Discharge|p1a: Iron Valiant
|-damage|p1a: Iron Valiant|0 fnt
|faint|p1a: Iron Valiant
|-end|p1a: Iron Valiant|Quark Drive|[silent]
|
|-damage|p2a: Raging Bolt|88/100 psn|[from] psn
|upkeep
|
|t:|1758289429
|switch|p1a: Ceruledge|Ceruledge, F|33/100
|turn|14
|
|t:|1758289431
|move|p1a: Ceruledge|Swords Dance|p1a: Ceruledge
|-boost|p1a: Ceruledge|atk|2
|move|p2a: Raging Bolt|Discharge|p1a: Ceruledge
|-damage|p1a: Ceruledge|0 fnt
|faint|p1a: Ceruledge
|
|-heal|p2a: Raging Bolt|94/100 psn|[from] item: Leftovers
|-damage|p2a: Raging Bolt|82/100 psn|[from] psn
|upkeep
|-message|qwp1027 forfeited.
|
|win|slowbro named paul
|raw|qwp1027's rating: 1189 &rarr; <strong>1163</strong><br />(-26 for losing)
|raw|slowbro named paul's rating: 1173 &rarr; <strong>1199</strong><br />(+26 for winning)
|l|☆qwp1027
|player|p1|
