|j|☆vernie72
|j|☆life wont change
|t:|1758343288
|gametype|singles
|player|p1|vernie72|hoopster|1545
|player|p2|life wont change|psychicf-gen3rs|1626
|gen|9
|tier|[Gen 9] OU
|rated|
|rule|HP Percentage Mod: HP is shown in percentages
|rule|Endless Battle Clause: Forcing endless battles is banned
|rule|Species Clause: Limit one of each Pokémon
|rule|OHKO Clause: OHKO moves are banned
|rule|Evasion Items Clause: Evasion items are banned
|rule|Evasion Moves Clause: Evasion moves are banned
|rule|Evasion Abilities Clause: Evasion abilities are banned
|rule|Sleep Moves Clause: Sleep-inducing moves are banned
|clearpoke
|poke|p1|Ursaluna, F|
|poke|p1|Ninetales-Alola, F|
|poke|p1|Iron Crown|
|poke|p1|Alomomola, F|
|poke|p1|Kyurem|
|poke|p1|Talonflame, M|
|poke|p2|Garganacl, F|
|poke|p2|Rotom-Wash|
|poke|p2|Zamazenta-*|
|poke|p2|Ting-Lu|
|poke|p2|Weavile, M|
|poke|p2|Weezing-Galar, M|
|teampreview
|inactive|Battle timer is ON: inactive players will automatically lose when time's up. (requested by vernie72)
|
|t:|1758343315
|teamsize|p1|6
|teamsize|p2|6
|start
|switch|p1a: Cumplidor|Iron Crown|100/100
|switch|p2a: Garganacl|Garganacl, F|100/100
|turn|1
|inactive|vernie72 has 120 seconds left.
|
|t:|1758343355
|-terastallize|p2a: Garganacl|Water
|move|p1a: Cumplidor|Future Sight|p2a: Garganacl
|-start|p1a: Cumplidor|move: Future Sight
|move|p2a: Garganacl|Salt Cure|p1a: Cumplidor
|-resisted|p1a: Cumplidor
|-damage|p1a: Cumplidor|94/100
|-start|p1a: Cumplidor|Salt Cure
|
|-damage|p1a: Cumplidor|69/100|[from] Salt Cure
|upkeep
|turn|2
|
|t:|1758343363
|move|p1a: Cumplidor|Volt Switch|p2a: Garganacl
|-supereffective|p2a: Garganacl
|-damage|p2a: Garganacl|71/100
|
|t:|1758343365
|-end|p1a: Cumplidor|Quark Drive|[silent]
|switch|p1a: Benito|Ursaluna, F|100/100|[from] Volt Switch
|move|p2a: Garganacl|Stealth Rock|p1a: Benito
|-sidestart|p1: vernie72|move: Stealth Rock
|
|-heal|p2a: Garganacl|77/100|[from] item: Leftovers
|-status|p1a: Benito|brn|[from] item: Flame Orb
|upkeep
|turn|3
|
|t:|1758343370
|move|p2a: Garganacl|Protect|p2a: Garganacl
|-singleturn|p2a: Garganacl|Protect
|move|p1a: Benito|Facade|p2a: Garganacl
|-activate|p2a: Garganacl|move: Protect
|
|-end|p2a: Garganacl|move: Future Sight
|-damage|p2a: Garganacl|36/100
|-heal|p2a: Garganacl|42/100|[from] item: Leftovers
|-damage|p1a: Benito|94/100 brn|[from] brn
|upkeep
|turn|4
|
|t:|1758343378
|switch|p2a: Weezing|Weezing-Galar, M|100/100
|-ability|p2a: Weezing|Neutralizing Gas
|move|p1a: Benito|Facade|p2a: Weezing
|-damage|p2a: Weezing|61/100
|
|-damage|p1a: Benito|88/100 brn|[from] brn
|upkeep
|turn|5
|
|t:|1758343385
|-end|p2a: Weezing|ability: Neutralizing Gas
|switch|p2a: Rotom|Rotom-Wash|100/100
|move|p1a: Benito|Bulk Up|p1a: Benito
|-boost|p1a: Benito|atk|1
|-boost|p1a: Benito|def|1
|
|-damage|p1a: Benito|82/100 brn|[from] brn
|upkeep
|turn|6
|
|t:|1758343389
|move|p2a: Rotom|Hydro Pump|p1a: Benito
|-supereffective|p1a: Benito
|-damage|p1a: Benito|32/100 brn
|move|p1a: Benito|Facade|p2a: Rotom
|-damage|p2a: Rotom|0 fnt
|faint|p2a: Rotom
|
|-damage|p1a: Benito|26/100 brn|[from] brn
|upkeep
|
|t:|1758343393
|switch|p2a: Weavile|Weavile, M|100/100
|turn|7
|
|t:|1758343398
|switch|p1a: Mini moltres|Talonflame, M|100/100
|move|p2a: Weavile|Knock Off|p1a: Mini moltres
|-damage|p1a: Mini moltres|44/100
|-status|p2a: Weavile|brn|[from] ability: Flame Body|[of] p1a: Mini moltres
|-enditem|p1a: Mini moltres|Heavy-Duty Boots|[from] move: Knock Off|[of] p2a: Weavile
|
|-damage|p2a: Weavile|94/100 brn|[from] brn
|upkeep
|turn|8
|
|t:|1758343402
|switch|p2a: Garganacl|Garganacl, F, tera:Water|42/100
|move|p1a: Mini moltres|Roost|p1a: Mini moltres
|-heal|p1a: Mini moltres|94/100
|-singleturn|p1a: Mini moltres|move: Roost
|
|-heal|p2a: Garganacl|49/100|[from] item: Leftovers
|upkeep
|turn|9
|
|t:|1758343406
|switch|p1a: MVP|Ninetales-Alola, F|100/100
|-damage|p1a: MVP|76/100|[from] Stealth Rock
|-weather|Snowscape|[from] ability: Snow Warning|[of] p1a: MVP
|move|p2a: Garganacl|Recover|p2a: Garganacl
|-heal|p2a: Garganacl|99/100
|
|-weather|Snowscape|[upkeep]
|-heal|p2a: Garganacl|100/100|[from] item: Leftovers
|upkeep
|turn|10
|
|t:|1758343408
|switch|p2a: Ting-Lu|Ting-Lu|100/100
|-ability|p2a: Ting-Lu|Vessel of Ruin
|move|p1a: MVP|Encore||[still]
|-fail|p1a: MVP
|
|-weather|Snowscape|[upkeep]
|upkeep
|turn|11
|
|t:|1758343415
|move|p1a: MVP|Aurora Veil|p1a: MVP
|-sidestart|p1: vernie72|move: Aurora Veil
|move|p2a: Ting-Lu|Spikes|p1a: MVP
|-sidestart|p1: vernie72|Spikes
|
|-weather|Snowscape|[upkeep]
|upkeep
|turn|12
|
|t:|1758343417
|switch|p2a: Garganacl|Garganacl, F, tera:Water|100/100
|move|p1a: MVP|Moonblast|p2a: Garganacl
|-damage|p2a: Garganacl|78/100
|-unboost|p2a: Garganacl|spa|1
|
|-weather|Snowscape|[upkeep]
|-heal|p2a: Garganacl|84/100|[from] item: Leftovers
|upkeep
|turn|13
|
|t:|1758343419
|move|p1a: MVP|Freeze-Dry|p2a: Garganacl
|-supereffective|p2a: Garganacl
|-damage|p2a: Garganacl|49/100
|move|p2a: Garganacl|Salt Cure|p1a: MVP
|-supereffective|p1a: MVP
|-damage|p1a: MVP|62/100
|-start|p1a: MVP|Salt Cure
|
|-weather|none
|-heal|p2a: Garganacl|55/100|[from] item: Leftovers
|-damage|p1a: MVP|50/100|[from] Salt Cure
|upkeep
|turn|14
|
|t:|1758343425
|switch|p1a: Alomoñoña|Alomomola, F|100/100
|move|p2a: Garganacl|Recover|p2a: Garganacl
|-heal|p2a: Garganacl|100/100
|
|upkeep
|turn|15
|
|t:|1758343432
|switch|p2a: Ting-Lu|Ting-Lu|100/100
|-ability|p2a: Ting-Lu|Vessel of Ruin
|move|p1a: Alomoñoña|Wish|p1a: Alomoñoña
|
|upkeep
|turn|16
|
|t:|1758343436
|move|p1a: Alomoñoña|Flip Turn|p2a: Ting-Lu
|-supereffective|p2a: Ting-Lu
|-damage|p2a: Ting-Lu|83/100
|
|t:|1758343438
|switch|p1a: Mini moltres|Talonflame, M|94/100|[from] Flip Turn
|-damage|p1a: Mini moltres|44/100|[from] Stealth Rock
|move|p2a: Ting-Lu|Whirlwind|p1a: Mini moltres
|drag|p1a: Cumplidor|Iron Crown|69/100
|-damage|p1a: Cumplidor|63/100|[from] Stealth Rock
|-damage|p1a: Cumplidor|50/100|[from] Spikes
|
|-heal|p1a: Cumplidor|100/100|[from] move: Wish|[wisher] Alomoñoña
|-heal|p2a: Ting-Lu|89/100|[from] item: Leftovers
|upkeep
|turn|17
|-message|vernie72 forfeited.
|
|win|life wont change
|raw|vernie72's rating: 1545 &rarr; <strong>1530</strong><br />(-15 for losing)
|raw|life wont change's rating: 1626 &rarr; <strong>1641</strong><br />(+15 for winning)
|l|☆vernie72
|player|p1|
|l|☆life wont change
|player|p2|
