|j|☆ripwal11
|j|☆ur doggo
|t:|1758273226
|gametype|singles
|player|p1|ripwal11|266|1498
|player|p2|ur doggo|266|1511
|gen|9
|tier|[Gen 9] OU
|rated|
|rule|HP Percentage Mod: HP is shown in percentages
|rule|Endless Battle Clause: Forcing endless battles is banned
|rule|Species Clause: Limit one of each Pokémon
|rule|OHKO Clause: OHKO moves are banned
|rule|Evasion Items Clause: Evasion items are banned
|rule|Evasion Moves Clause: Evasion moves are banned
|rule|Evasion Abilities Clause: Evasion abilities are banned
|rule|Sleep Moves Clause: Sleep-inducing moves are banned
|clearpoke
|poke|p1|Indeedee, M|
|poke|p1|Hatterene, F|
|poke|p1|Ursaluna, F|
|poke|p1|Iron Hands|
|poke|p1|Hoopa-Unbound|
|poke|p1|Mimikyu, F|
|poke|p2|Pelipper, F|
|poke|p2|Hatterene, F|
|poke|p2|Iron Treads|
|poke|p2|Toxicroak, F|
|poke|p2|Barraskewda, F|
|poke|p2|Zapdos|
|teampreview
|
|t:|1758273236
|teamsize|p1|6
|teamsize|p2|6
|start
|switch|p1a: LEBRON|Iron Hands, shiny|100/100
|switch|p2a: Pelipper|Pelipper, F|100/100
|-weather|RainDance|[from] ability: Drizzle|[of] p2a: Pelipper
|-enditem|p1a: LEBRON|Booster Energy
|-activate|p1a: LEBRON|ability: Quark Drive|[fromitem]
|-start|p1a: LEBRON|quarkdriveatk
|turn|1
|
|t:|1758273259
|switch|p2a: Toxicroak|Toxicroak, F|100/100
|move|p1a: LEBRON|Close Combat|p2a: Toxicroak
|-resisted|p2a: Toxicroak
|-damage|p2a: Toxicroak|56/100
|-unboost|p1a: LEBRON|def|1
|-unboost|p1a: LEBRON|spd|1
|-damage|p1a: LEBRON|84/100|[from] item: Rocky Helmet|[of] p2a: Toxicroak
|
|-weather|RainDance|[upkeep]
|-heal|p2a: Toxicroak|69/100|[from] ability: Dry Skin
|upkeep
|turn|2
|
|t:|1758273278
|-end|p1a: LEBRON|Quark Drive|[silent]
|switch|p1a: Subaru|Indeedee, M, shiny|100/100
|-fieldstart|move: Psychic Terrain|[from] ability: Psychic Surge|[of] p1a: Subaru
|move|p2a: Toxicroak|Drain Punch|p1a: Subaru
|-damage|p1a: Subaru|69/100
|-heal|p2a: Toxicroak|83/100|[from] drain|[of] p1a: Subaru
|
|-weather|RainDance|[upkeep]
|-heal|p2a: Toxicroak|95/100|[from] ability: Dry Skin
|upkeep
|turn|3
|
|t:|1758273287
|move|p2a: Toxicroak|Knock Off|p1a: Subaru
|-supereffective|p1a: Subaru
|-damage|p1a: Subaru|18/100
|-enditem|p1a: Subaru|Terrain Extender|[from] move: Knock Off|[of] p2a: Toxicroak
|move|p1a: Subaru|Trick Room|p1a: Subaru
|-fieldstart|move: Trick Room|[of] p1a: Subaru
|
|-weather|RainDance|[upkeep]
|-heal|p2a: Toxicroak|100/100|[from] ability: Dry Skin
|upkeep
|turn|4
|
|t:|1758273301
|switch|p1a: King Von|Hoopa-Unbound|100/100
|-enditem|p1a: King Von|Psychic Seed
|-boost|p1a: King Von|spd|1|[from] item: Psychic Seed
|switch|p2a: Hatterene|Hatterene, F|100/100
|
|-weather|RainDance|[upkeep]
|upkeep
|turn|5
|
|t:|1758273308
|move|p2a: Hatterene|Nuzzle|p1a: King Von
|-damage|p1a: King Von|96/100
|-status|p1a: King Von|par
|move|p1a: King Von|Expanding Force|p2a: Hatterene
|-resisted|p2a: Hatterene
|-damage|p2a: Hatterene|51/100
|-enditem|p2a: Hatterene|Eject Button
|
|t:|1758273336
|switch|p2a: Iron Treads|Iron Treads|100/100
|
|-weather|RainDance|[upkeep]
|upkeep
|turn|6
|
|t:|1758273342
|move|p1a: King Von|Focus Blast|p2a: Iron Treads|[miss]
|-miss|p1a: King Von|p2a: Iron Treads
|move|p2a: Iron Treads|Earthquake|p1a: King Von
|-damage|p1a: King Von|54/100 par
|
|-weather|RainDance|[upkeep]
|upkeep
|turn|7
|c|☆ripwal11|of course
|c|☆ur doggo|sorry
|
|t:|1758273354
|-end|p2a: Iron Treads|Quark Drive|[silent]
|switch|p2a: Hatterene|Hatterene, F|51/100
|move|p1a: King Von|Focus Blast|p2a: Hatterene
|-resisted|p2a: Hatterene
|-damage|p2a: Hatterene|37/100
|
|-weather|RainDance|[upkeep]
|-fieldend|move: Trick Room
|upkeep
|turn|8
|
|t:|1758273359
|move|p2a: Hatterene|Draining Kiss|p1a: King Von
|-supereffective|p1a: King Von
|-damage|p1a: King Von|31/100 par
|-heal|p2a: Hatterene|58/100|[from] drain|[of] p1a: King Von
|cant|p1a: King Von|par
|
|-weather|none
|upkeep
|turn|9
|-message|ripwal11 forfeited.
|
|win|ur doggo
|raw|ripwal11's rating: 1498 &rarr; <strong>1479</strong><br />(-19 for losing)
|raw|ur doggo's rating: 1511 &rarr; <strong>1530</strong><br />(+19 for winning)
|l|☆ripwal11
|player|p1|
|l|☆ur doggo
|player|p2|
