|j|☆BadSayaBoy
|j|☆leonidas9549
|t:|1758294759
|gametype|singles
|player|p1|BadSayaBoy|psychic-gen4|1160
|player|p2|leonidas9549|266|1210
|gen|9
|tier|[Gen 9] OU
|rated|
|rule|HP Percentage Mod: HP is shown in percentages
|rule|Endless Battle Clause: Forcing endless battles is banned
|rule|Species Clause: Limit one of each Pokémon
|rule|OHKO Clause: OHKO moves are banned
|rule|Evasion Items Clause: Evasion items are banned
|rule|Evasion Moves Clause: Evasion moves are banned
|rule|Evasion Abilities Clause: Evasion abilities are banned
|rule|Sleep Moves Clause: Sleep-inducing moves are banned
|clearpoke
|poke|p1|Gardevoir, F|
|poke|p1|Hydrapple, M|
|poke|p1|Cloyster, F|
|poke|p1|Garchomp, M|
|poke|p1|Iron Treads|
|poke|p1|Slowking, F|
|poke|p2|Corviknight, M|
|poke|p2|Gliscor, F|
|poke|p2|Iron Valiant|
|poke|p2|Dragapult, M|
|poke|p2|Samurott-Hisui, M|
|poke|p2|Cinderace, F|
|teampreview
|
|t:|1758294805
|teamsize|p1|6
|teamsize|p2|6
|start
|switch|p1a: Hydrapple|Hydrapple, M|100/100
|switch|p2a: Samurott|Samurott-Hisui, M|100/100
|turn|1
|
|t:|1758294813
|move|p2a: Samurott|Ceaseless Edge|p1a: Hydrapple
|-damage|p1a: Hydrapple|75/100
|-sidestart|p1: BadSayaBoy|Spikes
|move|p1a: Hydrapple|Nasty Plot|p1a: Hydrapple
|-boost|p1a: Hydrapple|spa|2
|
|upkeep
|turn|2
|
|t:|1758294822
|switch|p2a: Corviknight|Corviknight, M|100/100
|-ability|p2a: Corviknight|Pressure
|move|p1a: Hydrapple|Giga Drain|p2a: Corviknight
|-resisted|p2a: Corviknight
|-damage|p2a: Corviknight|85/100
|-heal|p1a: Hydrapple|83/100|[from] drain|[of] p2a: Corviknight
|
|upkeep
|turn|3
|
|t:|1758294831
|move|p2a: Corviknight|Brave Bird|p1a: Hydrapple
|-supereffective|p1a: Hydrapple
|-damage|p1a: Hydrapple|43/100
|-damage|p2a: Corviknight|71/100|[from] Recoil
|move|p1a: Hydrapple|Fickle Beam|p2a: Corviknight
|-resisted|p2a: Corviknight
|-damage|p2a: Corviknight|37/100
|
|upkeep
|turn|4
|
|t:|1758294848
|switch|p1a: Garchomp|Garchomp, M|100/100
|-damage|p1a: Garchomp|88/100|[from] Spikes
|move|p2a: Corviknight|Roost|p2a: Corviknight
|-heal|p2a: Corviknight|87/100
|-singleturn|p2a: Corviknight|move: Roost
|
|upkeep
|turn|5
|
|t:|1758294860
|switch|p2a: Gliscor|Gliscor, F|100/100
|move|p1a: Garchomp|Stealth Rock|p2a: Gliscor
|-sidestart|p2: leonidas9549|move: Stealth Rock
|
|-status|p2a: Gliscor|tox|[from] item: Toxic Orb
|upkeep
|turn|6
|
|t:|1758294889
|move|p1a: Garchomp|Swords Dance|p1a: Garchomp
|-boost|p1a: Garchomp|atk|2
|move|p2a: Gliscor|Toxic|p1a: Garchomp
|-status|p1a: Garchomp|tox
|
|-damage|p1a: Garchomp|82/100 tox|[from] psn
|upkeep
|turn|7
|
|t:|1758294898
|switch|p2a: Corviknight|Corviknight, M|87/100
|-damage|p2a: Corviknight|75/100|[from] Stealth Rock
|-ability|p2a: Corviknight|Pressure
|move|p1a: Garchomp|Scale Shot|p2a: Corviknight
|-resisted|p2a: Corviknight
|-damage|p2a: Corviknight|67/100
|-resisted|p2a: Corviknight
|-damage|p2a: Corviknight|59/100
|-resisted|p2a: Corviknight
|-damage|p2a: Corviknight|51/100
|-resisted|p2a: Corviknight
|-damage|p2a: Corviknight|43/100
|-hitcount|p2a: Corviknight|4
|-unboost|p1a: Garchomp|def|1
|-boost|p1a: Garchomp|spe|1
|
|-damage|p1a: Garchomp|70/100 tox|[from] psn
|upkeep
|turn|8
|
|t:|1758294916
|move|p1a: Garchomp|Swords Dance|p1a: Garchomp
|-boost|p1a: Garchomp|atk|2
|move|p2a: Corviknight|Roost|p2a: Corviknight
|-heal|p2a: Corviknight|93/100
|-singleturn|p2a: Corviknight|move: Roost
|
|-damage|p1a: Garchomp|51/100 tox|[from] psn
|upkeep
|turn|9
|
|t:|1758294926
|move|p1a: Garchomp|Scale Shot|p2a: Corviknight
|-resisted|p2a: Corviknight
|-damage|p2a: Corviknight|82/100
|-resisted|p2a: Corviknight
|-damage|p2a: Corviknight|69/100
|-resisted|p2a: Corviknight
|-damage|p2a: Corviknight|58/100
|-resisted|p2a: Corviknight
|-damage|p2a: Corviknight|48/100
|-resisted|p2a: Corviknight
|-damage|p2a: Corviknight|36/100
|-hitcount|p2a: Corviknight|5
|-unboost|p1a: Garchomp|def|1
|-boost|p1a: Garchomp|spe|1
|move|p2a: Corviknight|Defog|p1a: Garchomp
|-unboost|p1a: Garchomp|evasion|1
|-sideend|p1: BadSayaBoy|Spikes|[from] move: Defog|[of] p2a: Corviknight
|-sideend|p2: leonidas9549|Stealth Rock|[from] move: Defog|[of] p2a: Corviknight
|
|-damage|p1a: Garchomp|27/100 tox|[from] psn
|upkeep
|turn|10
|
|t:|1758294944
|switch|p2a: Iron Valiant|Iron Valiant|100/100
|-enditem|p2a: Iron Valiant|Booster Energy
|-activate|p2a: Iron Valiant|ability: Quark Drive|[fromitem]
|-start|p2a: Iron Valiant|quarkdrivespe
|move|p1a: Garchomp|Scale Shot|p2a: Iron Valiant
|-immune|p2a: Iron Valiant
|
|-damage|p1a: Garchomp|0 fnt|[from] psn
|faint|p1a: Garchomp
|upkeep
|
|t:|1758294956
|switch|p1a: Slowking|Slowking, F|100/100
|turn|11
|
|t:|1758294963
|move|p2a: Iron Valiant|Thunderbolt|p1a: Slowking
|-supereffective|p1a: Slowking
|-damage|p1a: Slowking|77/100
|move|p1a: Slowking|Psychic Noise|p2a: Iron Valiant
|-supereffective|p2a: Iron Valiant
|-damage|p2a: Iron Valiant|0 fnt
|faint|p2a: Iron Valiant
|-end|p2a: Iron Valiant|Quark Drive|[silent]
|
|upkeep
|
|t:|1758294971
|switch|p2a: Samurott|Samurott-Hisui, M|100/100
|turn|12
|
|t:|1758294976
|switch|p1a: Hydrapple|Hydrapple, M|76/100
|move|p2a: Samurott|Ceaseless Edge|p1a: Hydrapple
|-damage|p1a: Hydrapple|50/100
|-sidestart|p1: BadSayaBoy|Spikes
|
|upkeep
|turn|13
|
|t:|1758294987
|switch|p2a: Corviknight|Corviknight, M|36/100
|-ability|p2a: Corviknight|Pressure
|move|p1a: Hydrapple|Fickle Beam|p2a: Corviknight
|-resisted|p2a: Corviknight
|-damage|p2a: Corviknight|21/100
|
|upkeep
|turn|14
|
|t:|1758294995
|move|p2a: Corviknight|Roost|p2a: Corviknight
|-heal|p2a: Corviknight|71/100
|-singleturn|p2a: Corviknight|move: Roost
|move|p1a: Hydrapple|Earth Power|p2a: Corviknight
|-supereffective|p2a: Corviknight
|-damage|p2a: Corviknight|25/100
|
|upkeep
|turn|15
|
|t:|1758295016
|move|p2a: Corviknight|Roost|p2a: Corviknight
|-heal|p2a: Corviknight|75/100
|-singleturn|p2a: Corviknight|move: Roost
|move|p1a: Hydrapple|Earth Power|p2a: Corviknight
|-supereffective|p2a: Corviknight
|-damage|p2a: Corviknight|27/100
|
|upkeep
|turn|16
|
|t:|1758295025
|move|p2a: Corviknight|U-turn|p1a: Hydrapple
|-supereffective|p1a: Hydrapple
|-damage|p1a: Hydrapple|35/100
|
|t:|1758295028
|switch|p2a: Gliscor|Gliscor, F|100/100 tox|[from] U-turn
|move|p1a: Hydrapple|Earth Power|p2a: Gliscor
|-immune|p2a: Gliscor
|
|upkeep
|turn|17
|
|t:|1758295041
|switch|p1a: Slowking|Slowking, F|100/100
|-damage|p1a: Slowking|88/100|[from] Spikes
|move|p2a: Gliscor|Toxic|p1a: Slowking
|-status|p1a: Slowking|tox
|
|-damage|p1a: Slowking|82/100 tox|[from] psn
|upkeep
|turn|18
|
|t:|1758295051
|switch|p2a: Corviknight|Corviknight, M|27/100
|-ability|p2a: Corviknight|Pressure
|switch|p1a: Hydrapple|Hydrapple, M|68/100
|
|upkeep
|turn|19
|
|t:|1758295060
|-terastallize|p2a: Corviknight|Dragon
|move|p2a: Corviknight|Roost|p2a: Corviknight
|-heal|p2a: Corviknight|77/100
|move|p1a: Hydrapple|Nasty Plot|p1a: Hydrapple
|-boost|p1a: Hydrapple|spa|2
|
|upkeep
|turn|20
|
|t:|1758295069
|move|p2a: Corviknight|Brave Bird|p1a: Hydrapple
|-supereffective|p1a: Hydrapple
|-damage|p1a: Hydrapple|26/100
|-damage|p2a: Corviknight|63/100|[from] Recoil
|move|p1a: Hydrapple|Fickle Beam|p2a: Corviknight
|-supereffective|p2a: Corviknight
|-damage|p2a: Corviknight|0 fnt
|faint|p2a: Corviknight
|
|upkeep
|
|t:|1758295074
|switch|p2a: Samurott|Samurott-Hisui, M|100/100
|turn|21
|
|t:|1758295107
|-terastallize|p1a: Hydrapple|Fairy
|move|p2a: Samurott|Ceaseless Edge|p1a: Hydrapple
|-resisted|p1a: Hydrapple
|-damage|p1a: Hydrapple|14/100
|-sidestart|p1: BadSayaBoy|Spikes
|move|p1a: Hydrapple|Giga Drain|p2a: Samurott
|-supereffective|p2a: Samurott
|-enditem|p2a: Samurott|Focus Sash
|-damage|p2a: Samurott|1/100
|-heal|p1a: Hydrapple|53/100|[from] drain|[of] p2a: Samurott
|
|upkeep
|turn|22
|
|t:|1758295120
|move|p2a: Samurott|Razor Shell|p1a: Hydrapple
|-damage|p1a: Hydrapple|21/100
|-unboost|p1a: Hydrapple|def|1
|move|p1a: Hydrapple|Giga Drain|p2a: Samurott
|-supereffective|p2a: Samurott
|-damage|p2a: Samurott|0 fnt
|-heal|p1a: Hydrapple|22/100|[from] drain|[of] p2a: Samurott
|faint|p2a: Samurott
|
|upkeep
|
|t:|1758295130
|switch|p2a: Cinderace|Cinderace, F|100/100
|turn|23
|
|t:|1758295136
|switch|p1a: Slowking|Slowking, F|100/100 tox
|-damage|p1a: Slowking|84/100 tox|[from] Spikes
|move|p2a: Cinderace|Pyro Ball|p1a: Slowking
|-resisted|p1a: Slowking
|-damage|p1a: Slowking|59/100 tox
|
|-damage|p1a: Slowking|53/100 tox|[from] psn
|upkeep
|turn|24
|
|t:|1758295146
|move|p2a: Cinderace|U-turn|p1a: Slowking
|-supereffective|p1a: Slowking
|-damage|p1a: Slowking|14/100 tox
|
|t:|1758295149
|switch|p2a: Gliscor|Gliscor, F|100/100 tox|[from] U-turn
|move|p1a: Slowking|Scald|p2a: Gliscor
|-supereffective|p2a: Gliscor
|-damage|p2a: Gliscor|49/100 tox
|
|-heal|p2a: Gliscor|61/100 tox|[from] ability: Poison Heal
|-damage|p1a: Slowking|2/100 tox|[from] psn
|upkeep
|turn|25
|
|t:|1758295161
|switch|p1a: Hydrapple|Hydrapple, M, tera:Fairy|55/100
|move|p2a: Gliscor|Toxic|p1a: Hydrapple
|-status|p1a: Hydrapple|tox
|
|-heal|p2a: Gliscor|74/100 tox|[from] ability: Poison Heal
|-damage|p1a: Hydrapple|49/100 tox|[from] psn
|upkeep
|turn|26
|
|t:|1758295171
|switch|p2a: Cinderace|Cinderace, F|100/100
|switch|p1a: Slowking|Slowking, F|35/100 tox
|-damage|p1a: Slowking|18/100 tox|[from] Spikes
|
|-damage|p1a: Slowking|12/100 tox|[from] psn
|upkeep
|turn|27
|
|t:|1758295181
|move|p2a: Cinderace|U-turn|p1a: Slowking
|-supereffective|p1a: Slowking
|-damage|p1a: Slowking|0 fnt
|faint|p1a: Slowking
|
|t:|1758295189
|switch|p2a: Gliscor|Gliscor, F|74/100 tox|[from] U-turn
|
|-heal|p2a: Gliscor|86/100 tox|[from] ability: Poison Heal
|upkeep
|
|t:|1758295197
|switch|p1a: Iron Treads|Iron Treads|100/100
|-damage|p1a: Iron Treads|84/100|[from] Spikes
|turn|28
|
|t:|1758295201
|move|p1a: Iron Treads|Ice Spinner|p2a: Gliscor
|-supereffective|p2a: Gliscor
|-damage|p2a: Gliscor|14/100 tox
|move|p2a: Gliscor|Earthquake|p1a: Iron Treads
|-supereffective|p1a: Iron Treads
|-damage|p1a: Iron Treads|27/100
|
|-heal|p2a: Gliscor|26/100 tox|[from] ability: Poison Heal
|upkeep
|turn|29
|
|t:|1758295214
|move|p2a: Gliscor|Protect|p2a: Gliscor
|-singleturn|p2a: Gliscor|Protect
|move|p1a: Iron Treads|Rapid Spin|p2a: Gliscor
|-activate|p2a: Gliscor|move: Protect
|
|-heal|p2a: Gliscor|39/100 tox|[from] ability: Poison Heal
|upkeep
|turn|30
|
|t:|1758295223
|switch|p2a: Cinderace|Cinderace, F|100/100
|move|p1a: Iron Treads|Ice Spinner|p2a: Cinderace
|-resisted|p2a: Cinderace
|-damage|p2a: Cinderace|86/100
|
|upkeep
|turn|31
|
|t:|1758295256
|-end|p1a: Iron Treads|Quark Drive|[silent]
|switch|p1a: Hydrapple|Hydrapple, M, tera:Fairy|82/100 tox
|move|p2a: Cinderace|Pyro Ball|p1a: Hydrapple
|-damage|p1a: Hydrapple|56/100 tox
|
|-damage|p1a: Hydrapple|50/100 tox|[from] psn
|upkeep
|turn|32
|
|t:|1758295270
|move|p2a: Cinderace|Pyro Ball|p1a: Hydrapple
|-damage|p1a: Hydrapple|20/100 tox
|move|p1a: Hydrapple|Fickle Beam|p2a: Cinderace
|-damage|p2a: Cinderace|45/100
|
|-damage|p1a: Hydrapple|8/100 tox|[from] psn
|upkeep
|turn|33
|
|t:|1758295278
|move|p2a: Cinderace|Pyro Ball|p1a: Hydrapple
|-damage|p1a: Hydrapple|0 fnt
|faint|p1a: Hydrapple
|
|upkeep
|
|t:|1758295287
|switch|p1a: Gardevoir|Gardevoir, F|100/100
|-ability|p1a: Gardevoir|Blaze|Trace|[from] ability: Trace|[of] p2a: Cinderace
|turn|34
|
|t:|1758295302
|move|p2a: Cinderace|Pyro Ball|p1a: Gardevoir
|-damage|p1a: Gardevoir|29/100
|move|p1a: Gardevoir|Psyshock|p2a: Cinderace
|-damage|p2a: Cinderace|0 fnt
|faint|p2a: Cinderace
|
|upkeep
|
|t:|1758295305
|switch|p2a: Dragapult|Dragapult, M|100/100
|turn|35
|
|t:|1758295315
|move|p2a: Dragapult|Shadow Ball|p1a: Gardevoir
|-supereffective|p1a: Gardevoir
|-damage|p1a: Gardevoir|0 fnt
|faint|p1a: Gardevoir
|
|upkeep
|
|t:|1758295322
|switch|p1a: Cloyster|Cloyster, F|100/100
|-damage|p1a: Cloyster|84/100|[from] Spikes
|turn|36
|
|t:|1758295328
|move|p1a: Cloyster|Ice Shard|p2a: Dragapult
|-supereffective|p2a: Dragapult
|-damage|p2a: Dragapult|37/100
|move|p2a: Dragapult|Shadow Ball|p1a: Cloyster
|-damage|p1a: Cloyster|0 fnt
|faint|p1a: Cloyster
|
|upkeep
|-message|BadSayaBoy forfeited.
|
|win|leonidas9549
|raw|BadSayaBoy's rating: 1160 &rarr; <strong>1139</strong><br />(-21 for losing)
|raw|leonidas9549's rating: 1210 &rarr; <strong>1231</strong><br />(+21 for winning)
|l|☆BadSayaBoy
|player|p1|
