|j|☆N4ts0s
|j|☆Florian_RE
|t:|1758357312
|gametype|singles
|player|p1|N4ts0s|265|1171
|player|p2|Florian_RE|102|1162
|gen|9
|tier|[Gen 9] OU
|rated|
|rule|HP Percentage Mod: HP is shown in percentages
|rule|Endless Battle Clause: Forcing endless battles is banned
|rule|Species Clause: Limit one of each Pokémon
|rule|OHKO Clause: OHKO moves are banned
|rule|Evasion Items Clause: Evasion items are banned
|rule|Evasion Moves Clause: Evasion moves are banned
|rule|Evasion Abilities Clause: Evasion abilities are banned
|rule|Sleep Moves Clause: Sleep-inducing moves are banned
|clearpoke
|poke|p1|Hitmonlee, M|
|poke|p1|Mismagius, M|
|poke|p1|Kingambit, M|
|poke|p1|Ceruledge, F|
|poke|p1|Torkoal, F|
|poke|p1|Tentacruel, F|
|poke|p2|Kyurem|
|poke|p2|Hatterene, F|
|poke|p2|Alomomola, F|
|poke|p2|Ting-Lu|
|poke|p2|Meowscarada, F|
|poke|p2|Gholdengo|
|teampreview
|
|t:|1758357317
|teamsize|p1|6
|teamsize|p2|6
|start
|switch|p1a: Torkoal|Torkoal, F|100/100
|switch|p2a: Alomomola|Alomomola, F|100/100
|-weather|SunnyDay|[from] ability: Drought|[of] p1a: Torkoal
|turn|1
|
|t:|1758357321
|switch|p1a: Tentacruel|Tentacruel, F|100/100
|move|p2a: Alomomola|Flip Turn|p1a: Tentacruel
|-resisted|p1a: Tentacruel
|-damage|p1a: Tentacruel|96/100
|inactive|Battle timer is ON: inactive players will automatically lose when time's up. (requested by N4ts0s)
|
|t:|1758357333
|switch|p2a: Gholdengo|Gholdengo|100/100|[from] Flip Turn
|
|-weather|SunnyDay|[upkeep]
|-heal|p1a: Tentacruel|100/100|[from] item: Leftovers
|upkeep
|turn|2
|
|t:|1758357338
|move|p2a: Gholdengo|Trick|p1a: Tentacruel
|-activate|p2a: Gholdengo|move: Trick|[of] p1a: Tentacruel
|-item|p1a: Tentacruel|Choice Scarf|[from] move: Trick
|-item|p2a: Gholdengo|Leftovers|[from] move: Trick
|move|p1a: Tentacruel|Weather Ball|p2a: Gholdengo
|-supereffective|p2a: Gholdengo
|-damage|p2a: Gholdengo|5/100
|
|-weather|SunnyDay|[upkeep]
|-heal|p2a: Gholdengo|11/100|[from] item: Leftovers
|upkeep
|turn|3
|
|t:|1758357347
|switch|p2a: Ting-Lu|Ting-Lu|100/100
|-ability|p2a: Ting-Lu|Vessel of Ruin
|move|p1a: Tentacruel|Weather Ball|p2a: Ting-Lu
|-damage|p2a: Ting-Lu|73/100
|-enditem|p2a: Ting-Lu|Red Card|[of] p1a: Tentacruel
|drag|p1a: Hitmonlee|Hitmonlee, M|100/100
|
|-weather|SunnyDay|[upkeep]
|upkeep
|turn|4
|
|t:|1758357365
|switch|p1a: Tentacruel|Tentacruel, F|100/100
|move|p2a: Ting-Lu|Stealth Rock|p1a: Tentacruel
|-sidestart|p1: N4ts0s|move: Stealth Rock
|
|-weather|SunnyDay|[upkeep]
|upkeep
|turn|5
|
|t:|1758357371
|move|p1a: Tentacruel|Muddy Water|p2a: Ting-Lu
|-supereffective|p2a: Ting-Lu
|-damage|p2a: Ting-Lu|51/100
|move|p2a: Ting-Lu|Earthquake|p1a: Tentacruel
|-supereffective|p1a: Tentacruel
|-damage|p1a: Tentacruel|12/100
|
|-weather|SunnyDay|[upkeep]
|upkeep
|turn|6
|
|t:|1758357378
|move|p1a: Tentacruel|Muddy Water|p2a: Ting-Lu
|-supereffective|p2a: Ting-Lu
|-damage|p2a: Ting-Lu|28/100
|move|p2a: Ting-Lu|Earthquake|p1a: Tentacruel
|-supereffective|p1a: Tentacruel
|-damage|p1a: Tentacruel|0 fnt
|faint|p1a: Tentacruel
|
|-weather|SunnyDay|[upkeep]
|upkeep
|
|t:|1758357390
|switch|p1a: Hitmonlee|Hitmonlee, M|100/100
|-damage|p1a: Hitmonlee|95/100|[from] Stealth Rock
|turn|7
|
|t:|1758357398
|move|p1a: Hitmonlee|Endure|p1a: Hitmonlee
|-singleturn|p1a: Hitmonlee|move: Endure
|move|p2a: Ting-Lu|Protect||[still]
|-fail|p2a: Ting-Lu
|
|-weather|SunnyDay|[upkeep]
|upkeep
|turn|8
|
|t:|1758357408
|switch|p2a: Alomomola|Alomomola, F|100/100
|move|p1a: Hitmonlee|Earthquake|p2a: Alomomola
|-damage|p2a: Alomomola|82/100
|
|-weather|none
|upkeep
|turn|9
|
|t:|1758357416
|switch|p1a: Torkoal|Torkoal, F|100/100
|-damage|p1a: Torkoal|75/100|[from] Stealth Rock
|-weather|SunnyDay|[from] ability: Drought|[of] p1a: Torkoal
|move|p2a: Alomomola|Scald|p1a: Torkoal
|-supereffective|p1a: Torkoal
|-damage|p1a: Torkoal|61/100
|
|-weather|SunnyDay|[upkeep]
|upkeep
|turn|10
|
|t:|1758357421
|move|p2a: Alomomola|Wish|p2a: Alomomola
|move|p1a: Torkoal|Sludge Bomb|p2a: Alomomola
|-damage|p2a: Alomomola|53/100
|
|-weather|SunnyDay|[upkeep]
|upkeep
|turn|11
|
|t:|1758357424
|move|p2a: Alomomola|Flip Turn|p1a: Torkoal
|-supereffective|p1a: Torkoal
|-damage|p1a: Torkoal|49/100
|
|t:|1758357429
|switch|p2a: Ting-Lu|Ting-Lu|28/100|[from] Flip Turn
|-ability|p2a: Ting-Lu|Vessel of Ruin
|move|p1a: Torkoal|Lava Plume|p2a: Ting-Lu
|-damage|p2a: Ting-Lu|0 fnt
|faint|p2a: Ting-Lu
|
|-weather|SunnyDay|[upkeep]
|upkeep
|
|t:|1758357443
|switch|p2a: Kyurem|Kyurem|100/100
|-ability|p2a: Kyurem|Pressure
|turn|12
|
|t:|1758357446
|move|p2a: Kyurem|Protect|p2a: Kyurem
|-singleturn|p2a: Kyurem|Protect
|move|p1a: Torkoal|Lava Plume|p2a: Kyurem
|-activate|p2a: Kyurem|move: Protect
|
|-weather|SunnyDay|[upkeep]
|upkeep
|turn|13
|
|t:|1758357456
|move|p2a: Kyurem|Earth Power|p1a: Torkoal
|-supereffective|p1a: Torkoal
|-damage|p1a: Torkoal|0 fnt
|faint|p1a: Torkoal
|
|-weather|SunnyDay|[upkeep]
|upkeep
|
|t:|1758357461
|switch|p1a: Ceruledge|Ceruledge, F|100/100
|-damage|p1a: Ceruledge|76/100|[from] Stealth Rock
|turn|14
|
|t:|1758357466
|-terastallize|p1a: Ceruledge|Grass
|move|p2a: Kyurem|Earth Power|p1a: Ceruledge
|-resisted|p1a: Ceruledge
|-damage|p1a: Ceruledge|62/100
|move|p1a: Ceruledge|Swords Dance|p1a: Ceruledge
|-boost|p1a: Ceruledge|atk|2
|
|-weather|SunnyDay|[upkeep]
|upkeep
|turn|15
|
|t:|1758357474
|move|p2a: Kyurem|Freeze-Dry|p1a: Ceruledge
|-supereffective|p1a: Ceruledge
|-damage|p1a: Ceruledge|0 fnt
|faint|p1a: Ceruledge
|
|-weather|SunnyDay|[upkeep]
|upkeep
|c|☆N4ts0s|that was a mistake
|
|t:|1758357483
|switch|p1a: Hitmonlee|Hitmonlee, M|95/100
|-damage|p1a: Hitmonlee|89/100|[from] Stealth Rock
|turn|16
|
|t:|1758357491
|-terastallize|p2a: Kyurem|Ghost
|move|p2a: Kyurem|Substitute|p2a: Kyurem
|-start|p2a: Kyurem|Substitute
|-damage|p2a: Kyurem|76/100
|move|p1a: Hitmonlee|Earthquake|p2a: Kyurem
|-end|p2a: Kyurem|Substitute
|
|-weather|none
|-heal|p2a: Kyurem|82/100|[from] item: Leftovers
|upkeep
|turn|17
|
|t:|1758357502
|move|p2a: Kyurem|Freeze-Dry|p1a: Hitmonlee
|-crit|p1a: Hitmonlee
|-damage|p1a: Hitmonlee|40/100
|move|p1a: Hitmonlee|Earthquake|p2a: Kyurem
|-damage|p2a: Kyurem|51/100
|
|-heal|p2a: Kyurem|58/100|[from] item: Leftovers
|upkeep
|turn|18
|
|t:|1758357508
|move|p2a: Kyurem|Freeze-Dry|p1a: Hitmonlee
|-damage|p1a: Hitmonlee|8/100
|-enditem|p1a: Hitmonlee|Liechi Berry|[eat]
|-boost|p1a: Hitmonlee|atk|1|[from] item: Liechi Berry
|move|p1a: Hitmonlee|Earthquake|p2a: Kyurem
|-damage|p2a: Kyurem|14/100
|
|-heal|p2a: Kyurem|20/100|[from] item: Leftovers
|upkeep
|turn|19
|
|t:|1758357517
|move|p1a: Hitmonlee|Earthquake|p2a: Kyurem
|-damage|p2a: Kyurem|0 fnt
|faint|p2a: Kyurem
|
|upkeep
|
|t:|1758357523
|switch|p2a: Alomomola|Alomomola, F|86/100
|turn|20
|
|t:|1758357527
|move|p1a: Hitmonlee|Reversal|p2a: Alomomola
|-damage|p2a: Alomomola|20/100
|-damage|p1a: Hitmonlee|0 fnt|[from] item: Rocky Helmet|[of] p2a: Alomomola
|faint|p1a: Hitmonlee
|move|p2a: Alomomola|Wish|p2a: Alomomola
|
|upkeep
|
|t:|1758357537
|switch|p1a: Mismagius|Mismagius, M|100/100
|-damage|p1a: Mismagius|88/100|[from] Stealth Rock
|turn|21
|
|t:|1758357547
|switch|p2a: Meowscarada|Meowscarada, F|100/100
|move|p1a: Mismagius|Dazzling Gleam|p2a: Meowscarada
|-supereffective|p2a: Meowscarada
|-damage|p2a: Meowscarada|0 fnt
|faint|p2a: Meowscarada
|
|upkeep
|
|t:|1758357557
|switch|p2a: Hatterene|Hatterene, F|100/100
|turn|22
|
|t:|1758357563
|switch|p1a: Kingambit|Kingambit, M|100/100
|-damage|p1a: Kingambit|94/100|[from] Stealth Rock
|-activate|p1a: Kingambit|ability: Supreme Overlord
|-start|p1a: Kingambit|fallen4|[silent]
|move|p2a: Hatterene|Calm Mind|p2a: Hatterene
|-boost|p2a: Hatterene|spa|1
|-boost|p2a: Hatterene|spd|1
|
|upkeep
|turn|23
|
|t:|1758357572
|move|p1a: Kingambit|Iron Head|p2a: Hatterene
|-supereffective|p2a: Hatterene
|-damage|p2a: Hatterene|0 fnt
|faint|p2a: Hatterene
|
|upkeep
|
|t:|1758357575
|switch|p2a: Alomomola|Alomomola, F|53/100
|turn|24
|
|t:|1758357577
|move|p2a: Alomomola|Wish|p2a: Alomomola
|move|p1a: Kingambit|Iron Head|p2a: Alomomola
|-resisted|p2a: Alomomola
|-damage|p2a: Alomomola|27/100
|-damage|p1a: Kingambit|78/100|[from] item: Rocky Helmet|[of] p2a: Alomomola
|
|upkeep
|turn|25
|
|t:|1758357583
|-end|p1a: Kingambit|fallen4|[silent]
|switch|p1a: Mismagius|Mismagius, M|88/100
|-damage|p1a: Mismagius|76/100|[from] Stealth Rock
|move|p2a: Alomomola|Scald|p1a: Mismagius
|-damage|p1a: Mismagius|60/100
|
|-heal|p2a: Alomomola|77/100|[from] move: Wish|[wisher] Alomomola
|upkeep
|turn|26
|
|t:|1758357592
|move|p1a: Mismagius|Shadow Ball|p2a: Alomomola
|-damage|p2a: Alomomola|2/100
|move|p2a: Alomomola|Flip Turn|p1a: Mismagius
|-crit|p1a: Mismagius
|-damage|p1a: Mismagius|18/100
|
|t:|1758357595
|switch|p2a: Gholdengo|Gholdengo|11/100|[from] Flip Turn
|
|-heal|p2a: Gholdengo|17/100|[from] item: Leftovers
|upkeep
|turn|27
|
|t:|1758357600
|move|p1a: Mismagius|Shadow Ball|p2a: Gholdengo
|-supereffective|p2a: Gholdengo
|-damage|p2a: Gholdengo|0 fnt
|faint|p2a: Gholdengo
|
|upkeep
|
|t:|1758357607
|switch|p2a: Alomomola|Alomomola, F|36/100
|turn|28
|
|t:|1758357610
|move|p1a: Mismagius|Shadow Ball|p2a: Alomomola
|-damage|p2a: Alomomola|0 fnt
|faint|p2a: Alomomola
|
|win|N4ts0s
|raw|N4ts0s's rating: 1171 &rarr; <strong>1195</strong><br />(+24 for winning)
|raw|Florian_RE's rating: 1162 &rarr; <strong>1138</strong><br />(-24 for losing)
|l|☆N4ts0s
|player|p1|
|l|☆Florian_RE
|player|p2|
