|j|☆sly_skip
|j|☆meio_potato
|t:|1758245353
|gametype|singles
|player|p1|sly_skip|265|1544
|player|p2|meio_potato|dawn-gen4pt|1529
|gen|9
|tier|[Gen 9] OU
|rated|
|rule|HP Percentage Mod: HP is shown in percentages
|rule|Endless Battle Clause: Forcing endless battles is banned
|rule|Species Clause: Limit one of each Pokémon
|rule|OHKO Clause: OHKO moves are banned
|rule|Evasion Items Clause: Evasion items are banned
|rule|Evasion Moves Clause: Evasion moves are banned
|rule|Evasion Abilities Clause: Evasion abilities are banned
|rule|Sleep Moves Clause: Sleep-inducing moves are banned
|clearpoke
|poke|p1|Great Tusk|
|poke|p1|Darkrai|
|poke|p1|Garganacl, F|
|poke|p1|Kyurem|
|poke|p1|Zamazenta-*|
|poke|p1|Slowking-Galar, F|
|poke|p2|Gastrodon-East, F|
|poke|p2|Garchomp, M|
|poke|p2|Iron Valiant|
|poke|p2|Iron Treads|
|poke|p2|Blaziken, F|
|poke|p2|Azumarill, F|
|teampreview
|inactive|Battle timer is ON: inactive players will automatically lose when time's up. (requested by meio_potato)
|inactive|sly_skip also wants the timer to be on.
|
|t:|1758245361
|teamsize|p1|6
|teamsize|p2|6
|start
|switch|p1a: Great Tusk|Great Tusk|100/100
|switch|p2a: Kick Chicken|Blaziken, F|100/100
|turn|1
|
|t:|1758245377
|move|p1a: Great Tusk|Earthquake|p2a: Kick Chicken
|-supereffective|p2a: Kick Chicken
|-enditem|p2a: Kick Chicken|Focus Sash
|-damage|p2a: Kick Chicken|1/100
|move|p2a: Kick Chicken|Swords Dance|p2a: Kick Chicken
|-boost|p2a: Kick Chicken|atk|2
|
|-ability|p2a: Kick Chicken|Speed Boost|boost
|-boost|p2a: Kick Chicken|spe|1
|upkeep
|turn|2
|j| YUH Uub
|
|t:|1758245387
|move|p2a: Kick Chicken|Close Combat|p1a: Great Tusk
|-damage|p1a: Great Tusk|2/100
|-unboost|p2a: Kick Chicken|def|1
|-unboost|p2a: Kick Chicken|spd|1
|move|p1a: Great Tusk|Rapid Spin|p2a: Kick Chicken
|-damage|p2a: Kick Chicken|0 fnt
|-boost|p1a: Great Tusk|spe|1
|faint|p2a: Kick Chicken
|
|upkeep
|
|t:|1758245394
|switch|p2a: Kiddy Pool|Azumarill, F, shiny|100/100
|turn|3
|
|t:|1758245410
|move|p2a: Kiddy Pool|Aqua Jet|p1a: Great Tusk
|-supereffective|p1a: Great Tusk
|-damage|p1a: Great Tusk|0 fnt
|faint|p1a: Great Tusk
|-end|p1a: Great Tusk|Protosynthesis|[silent]
|
|upkeep
|
|t:|1758245425
|switch|p1a: Garganacl|Garganacl, F|100/100
|turn|4
|
|t:|1758245448
|-terastallize|p1a: Garganacl|Water
|move|p2a: Kiddy Pool|Liquidation|p1a: Garganacl
|-resisted|p1a: Garganacl
|-damage|p1a: Garganacl|85/100
|-unboost|p1a: Garganacl|def|1
|move|p1a: Garganacl|Salt Cure|p2a: Kiddy Pool
|-damage|p2a: Kiddy Pool|87/100
|-start|p2a: Kiddy Pool|Salt Cure
|
|-heal|p1a: Garganacl|92/100|[from] item: Leftovers
|-damage|p2a: Kiddy Pool|62/100|[from] Salt Cure
|upkeep
|turn|5
|
|t:|1758245456
|move|p2a: Kiddy Pool|Play Rough|p1a: Garganacl
|-crit|p1a: Garganacl
|-damage|p1a: Garganacl|16/100
|move|p1a: Garganacl|Curse|p1a: Garganacl
|-unboost|p1a: Garganacl|spe|1
|-boost|p1a: Garganacl|atk|1
|-boost|p1a: Garganacl|def|1
|
|-heal|p1a: Garganacl|22/100|[from] item: Leftovers
|-damage|p2a: Kiddy Pool|37/100|[from] Salt Cure
|upkeep
|-enditem|p2a: Kiddy Pool|Sitrus Berry|[eat]
|-heal|p2a: Kiddy Pool|62/100|[from] item: Sitrus Berry
|turn|6
|
|t:|1758245471
|move|p2a: Kiddy Pool|Play Rough|p1a: Garganacl
|-damage|p1a: Garganacl|0 fnt
|faint|p1a: Garganacl
|
|-damage|p2a: Kiddy Pool|37/100|[from] Salt Cure
|upkeep
|
|t:|1758245484
|switch|p1a: Kyurem|Kyurem|100/100
|-ability|p1a: Kyurem|Pressure
|turn|7
|
|t:|1758245489
|move|p1a: Kyurem|Earth Power|p2a: Kiddy Pool
|-damage|p2a: Kiddy Pool|8/100
|move|p2a: Kiddy Pool|Play Rough|p1a: Kyurem|[miss]
|-miss|p2a: Kiddy Pool|p1a: Kyurem
|
|-damage|p2a: Kiddy Pool|0 fnt|[from] Salt Cure
|faint|p2a: Kiddy Pool
|upkeep
|
|t:|1758245496
|switch|p2a: Dogo|Iron Treads|100/100
|-enditem|p2a: Dogo|Booster Energy
|-activate|p2a: Dogo|ability: Quark Drive|[fromitem]
|-start|p2a: Dogo|quarkdriveatk
|turn|8
|
|t:|1758245499
|switch|p1a: Zamazenta|Zamazenta|100/100
|-ability|p1a: Zamazenta|Dauntless Shield|boost
|-boost|p1a: Zamazenta|def|1
|move|p2a: Dogo|Rapid Spin|p1a: Zamazenta
|-damage|p1a: Zamazenta|90/100
|-boost|p2a: Dogo|spe|1
|
|-heal|p1a: Zamazenta|96/100|[from] item: Leftovers
|upkeep
|turn|9
|
|t:|1758245506
|-end|p2a: Dogo|Quark Drive|[silent]
|switch|p2a: Majesty|Iron Valiant, shiny|100/100
|-enditem|p2a: Majesty|Booster Energy
|-activate|p2a: Majesty|ability: Quark Drive|[fromitem]
|-start|p2a: Majesty|quarkdrivespe
|move|p1a: Zamazenta|Body Press|p2a: Majesty
|-resisted|p2a: Majesty
|-damage|p2a: Majesty|60/100
|
|-heal|p1a: Zamazenta|100/100|[from] item: Leftovers
|upkeep
|turn|10
|
|t:|1758245510
|switch|p1a: Slowking|Slowking-Galar, F|100/100
|move|p2a: Majesty|Moonblast|p1a: Slowking
|-resisted|p1a: Slowking
|-damage|p1a: Slowking|88/100
|
|upkeep
|turn|11
|
|t:|1758245517
|move|p2a: Majesty|Shadow Ball|p1a: Slowking
|-supereffective|p1a: Slowking
|-damage|p1a: Slowking|54/100
|-prepare|p1a: Slowking|Chilly Reception|[premajor]
|move|p1a: Slowking|Chilly Reception|p1a: Slowking
|-weather|Snowscape
|
|t:|1758245522
|switch|p1a: Zamazenta|Zamazenta|100/100|[from] Chilly Reception
|
|-weather|Snowscape|[upkeep]
|upkeep
|turn|12
|
|t:|1758245526
|switch|p1a: Slowking|Slowking-Galar, F|87/100
|move|p2a: Majesty|Moonblast|p1a: Slowking
|-resisted|p1a: Slowking
|-damage|p1a: Slowking|74/100
|
|-weather|Snowscape|[upkeep]
|upkeep
|turn|13
|
|t:|1758245528
|move|p2a: Majesty|Shadow Ball|p1a: Slowking
|-supereffective|p1a: Slowking
|-damage|p1a: Slowking|44/100
|move|p1a: Slowking|Thunder Wave|p2a: Majesty
|-status|p2a: Majesty|par
|
|-weather|Snowscape|[upkeep]
|upkeep
|turn|14
|
|t:|1758245539
|move|p2a: Majesty|Shadow Ball|p1a: Slowking
|-supereffective|p1a: Slowking
|-damage|p1a: Slowking|11/100
|-prepare|p1a: Slowking|Chilly Reception|[premajor]
|move|p1a: Slowking|Chilly Reception|p1a: Slowking
|
|t:|1758245546
|switch|p1a: Zamazenta|Zamazenta|100/100|[from] Chilly Reception
|
|-weather|Snowscape|[upkeep]
|upkeep
|turn|15
|
|t:|1758245549
|move|p1a: Zamazenta|Heavy Slam|p2a: Majesty
|-supereffective|p2a: Majesty
|-crit|p2a: Majesty
|-damage|p2a: Majesty|0 fnt
|faint|p2a: Majesty
|-end|p2a: Majesty|Quark Drive|[silent]
|
|-weather|none
|upkeep
|
|t:|1758245552
|switch|p2a: Escargot|Gastrodon-East, F|100/100
|turn|16
|
|t:|1758245562
|move|p1a: Zamazenta|Substitute|p1a: Zamazenta
|-start|p1a: Zamazenta|Substitute
|-damage|p1a: Zamazenta|76/100
|move|p2a: Escargot|Chilling Water|p1a: Zamazenta
|-activate|p1a: Zamazenta|move: Substitute|[damage]
|
|-heal|p1a: Zamazenta|82/100|[from] item: Leftovers
|upkeep
|turn|17
|
|t:|1758245569
|move|p1a: Zamazenta|Iron Defense|p1a: Zamazenta
|-boost|p1a: Zamazenta|def|2
|move|p2a: Escargot|Earth Power|p1a: Zamazenta
|-end|p1a: Zamazenta|Substitute
|
|-heal|p1a: Zamazenta|88/100|[from] item: Leftovers
|upkeep
|turn|18
|
|t:|1758245579
|move|p1a: Zamazenta|Substitute|p1a: Zamazenta
|-start|p1a: Zamazenta|Substitute
|-damage|p1a: Zamazenta|63/100
|move|p2a: Escargot|Earth Power|p1a: Zamazenta
|-end|p1a: Zamazenta|Substitute
|
|-heal|p1a: Zamazenta|69/100|[from] item: Leftovers
|upkeep
|turn|19
|
|t:|1758245583
|move|p1a: Zamazenta|Iron Defense|p1a: Zamazenta
|-boost|p1a: Zamazenta|def|2
|move|p2a: Escargot|Earth Power|p1a: Zamazenta
|-damage|p1a: Zamazenta|31/100
|
|-heal|p1a: Zamazenta|37/100|[from] item: Leftovers
|upkeep
|turn|20
|
|t:|1758245588
|move|p1a: Zamazenta|Body Press|p2a: Escargot
|-damage|p2a: Escargot|0 fnt
|faint|p2a: Escargot
|
|-heal|p1a: Zamazenta|43/100|[from] item: Leftovers
|upkeep
|-message|meio_potato forfeited.
|
|win|sly_skip
|raw|sly_skip's rating: 1544 &rarr; <strong>1563</strong><br />(+19 for winning)
|raw|meio_potato's rating: 1529 &rarr; <strong>1510</strong><br />(-19 for losing)
|l|☆meio_potato
|player|p2|
|l|☆sly_skip
|player|p1|
