|j|☆manupama
|j|☆zio silvio
|t:|1758278554
|gametype|singles
|player|p1|manupama|169|1250
|player|p2|zio silvio|artist-gen4|1224
|gen|9
|tier|[Gen 9] OU
|rated|
|rule|HP Percentage Mod: HP is shown in percentages
|rule|Endless Battle Clause: Forcing endless battles is banned
|rule|Species Clause: Limit one of each Pokémon
|rule|OHKO Clause: OHKO moves are banned
|rule|Evasion Items Clause: Evasion items are banned
|rule|Evasion Moves Clause: Evasion moves are banned
|rule|Evasion Abilities Clause: Evasion abilities are banned
|rule|Sleep Moves Clause: Sleep-inducing moves are banned
|clearpoke
|poke|p1|Ambipom, M|
|poke|p1|Landorus-Therian, M|
|poke|p1|Chandelure, F|
|poke|p1|Ogerpon, F|
|poke|p1|Toxapex, M|
|poke|p1|Wo-Chien|
|poke|p2|Kyurem|
|poke|p2|Blissey, F|
|poke|p2|Heatran, F|
|poke|p2|Corviknight, F|
|poke|p2|Hatterene, F|
|poke|p2|Zamazenta-*|
|teampreview
|inactive|Battle timer is ON: inactive players will automatically lose when time's up. (requested by zio silvio)
|
|t:|1758278559
|teamsize|p1|6
|teamsize|p2|6
|start
|switch|p1a: Ambipom|Ambipom, M, shiny|100/100
|switch|p2a: Corviknight|Corviknight, F|100/100
|-ability|p2a: Corviknight|Pressure
|turn|1
|
|t:|1758278567
|move|p1a: Ambipom|Taunt|p2a: Corviknight
|-start|p2a: Corviknight|move: Taunt
|move|p2a: Corviknight|U-turn|p1a: Ambipom
|-damage|p1a: Ambipom|82/100
|
|t:|1758278573
|switch|p2a: Heatran|Heatran, F|100/100|[from] U-turn
|
|upkeep
|turn|2
|
|t:|1758278584
|switch|p1a: Chandelure|Chandelure, F, shiny|100/100
|move|p2a: Heatran|Stealth Rock|p1a: Chandelure
|-sidestart|p1: manupama|move: Stealth Rock
|
|upkeep
|turn|3
|
|t:|1758278590
|move|p2a: Heatran|Protect|p2a: Heatran
|-singleturn|p2a: Heatran|Protect
|move|p1a: Chandelure|Shadow Ball|p2a: Heatran
|-activate|p2a: Heatran|move: Protect
|
|upkeep
|turn|4
|
|t:|1758278599
|switch|p1a: Landorus|Landorus-Therian, M|100/100
|-damage|p1a: Landorus|88/100|[from] Stealth Rock
|-ability|p1a: Landorus|Intimidate|boost
|-unboost|p2a: Heatran|atk|1
|switch|p2a: Blissey|Blissey, F|100/100
|
|-heal|p1a: Landorus|94/100|[from] item: Leftovers
|upkeep
|turn|5
|
|t:|1758278609
|switch|p2a: Corviknight|Corviknight, F|100/100
|-ability|p2a: Corviknight|Pressure
|move|p1a: Landorus|Taunt|p2a: Corviknight
|-start|p2a: Corviknight|move: Taunt
|
|-heal|p1a: Landorus|99/100|[from] item: Leftovers
|upkeep
|turn|6
|
|t:|1758278619
|move|p1a: Landorus|Stealth Rock|p2a: Corviknight
|-sidestart|p2: zio silvio|move: Stealth Rock
|move|p2a: Corviknight|Brave Bird|p1a: Landorus
|-damage|p1a: Landorus|69/100
|-damage|p2a: Corviknight|90/100|[from] Recoil
|
|-heal|p1a: Landorus|75/100|[from] item: Leftovers
|-heal|p2a: Corviknight|97/100|[from] item: Leftovers
|upkeep
|turn|7
|
|t:|1758278628
|move|p1a: Landorus|U-turn|p2a: Corviknight
|-resisted|p2a: Corviknight
|-damage|p2a: Corviknight|93/100
|
|t:|1758278637
|switch|p1a: Toxapex|Toxapex, M|100/100|[from] U-turn
|-damage|p1a: Toxapex|88/100|[from] Stealth Rock
|move|p2a: Corviknight|U-turn|p1a: Toxapex
|-resisted|p1a: Toxapex
|-damage|p1a: Toxapex|83/100
|
|t:|1758278643
|switch|p2a: Hatterene|Hatterene, F|100/100|[from] U-turn
|-damage|p2a: Hatterene|88/100|[from] Stealth Rock
|
|-heal|p1a: Toxapex|89/100|[from] item: Black Sludge
|-heal|p2a: Hatterene|94/100|[from] item: Leftovers
|upkeep
|turn|8
|
|t:|1758278651
|move|p1a: Toxapex|Sludge Bomb|p2a: Hatterene
|-supereffective|p2a: Hatterene
|-damage|p2a: Hatterene|56/100
|move|p2a: Hatterene|Calm Mind|p2a: Hatterene
|-boost|p2a: Hatterene|spa|1
|-boost|p2a: Hatterene|spd|1
|
|-heal|p1a: Toxapex|96/100|[from] item: Black Sludge
|-heal|p2a: Hatterene|62/100|[from] item: Leftovers
|upkeep
|turn|9
|
|t:|1758278678
|switch|p1a: Wo-Chien|Wo-Chien|100/100
|-damage|p1a: Wo-Chien|88/100|[from] Stealth Rock
|-ability|p1a: Wo-Chien|Tablets of Ruin
|move|p2a: Hatterene|Psyshock|p1a: Wo-Chien
|-immune|p1a: Wo-Chien
|
|-heal|p2a: Hatterene|68/100|[from] item: Leftovers
|upkeep
|turn|10
|inactive|manupama has 120 seconds left.
|
|t:|1758278709
|move|p1a: Wo-Chien|Leech Seed|p2a: Hatterene
|-start|p2a: Hatterene|move: Leech Seed
|move|p2a: Hatterene|Draining Kiss|p1a: Wo-Chien
|-supereffective|p1a: Wo-Chien
|-damage|p1a: Wo-Chien|30/100
|-heal|p2a: Hatterene|100/100|[from] drain|[of] p1a: Wo-Chien
|-damage|p2a: Hatterene|84/100|[from] item: Rocky Helmet|[of] p1a: Wo-Chien
|
|-heal|p2a: Hatterene|90/100|[from] item: Leftovers
|-damage|p2a: Hatterene|78/100|[from] Leech Seed|[of] p1a: Wo-Chien
|-heal|p1a: Wo-Chien|41/100|[silent]
|upkeep
|turn|11
|
|t:|1758278729
|move|p1a: Wo-Chien|Protect|p1a: Wo-Chien
|-singleturn|p1a: Wo-Chien|Protect
|move|p2a: Hatterene|Draining Kiss|p1a: Wo-Chien
|-activate|p1a: Wo-Chien|move: Protect
|
|-heal|p2a: Hatterene|84/100|[from] item: Leftovers
|-damage|p2a: Hatterene|71/100|[from] Leech Seed|[of] p1a: Wo-Chien
|-heal|p1a: Wo-Chien|51/100|[silent]
|upkeep
|turn|12
|
|t:|1758278737
|switch|p1a: Toxapex|Toxapex, M|100/100
|-damage|p1a: Toxapex|88/100|[from] Stealth Rock
|move|p2a: Hatterene|Draining Kiss|p1a: Toxapex
|-resisted|p1a: Toxapex
|-damage|p1a: Toxapex|73/100
|-heal|p2a: Hatterene|82/100|[from] drain|[of] p1a: Toxapex
|
|-heal|p1a: Toxapex|79/100|[from] item: Black Sludge
|-heal|p2a: Hatterene|88/100|[from] item: Leftovers
|-damage|p2a: Hatterene|76/100|[from] Leech Seed|[of] p1a: Toxapex
|-heal|p1a: Toxapex|92/100|[silent]
|upkeep
|turn|13
|
|t:|1758278750
|move|p1a: Toxapex|Toxic|p2a: Hatterene
|-status|p2a: Hatterene|tox
|move|p2a: Hatterene|Calm Mind|p2a: Hatterene
|-boost|p2a: Hatterene|spa|1
|-boost|p2a: Hatterene|spd|1
|
|-heal|p1a: Toxapex|99/100|[from] item: Black Sludge
|-heal|p2a: Hatterene|82/100 tox|[from] item: Leftovers
|-damage|p2a: Hatterene|69/100 tox|[from] Leech Seed|[of] p1a: Toxapex
|-heal|p1a: Toxapex|100/100|[silent]
|-damage|p2a: Hatterene|63/100 tox|[from] psn
|upkeep
|turn|14
|
|t:|1758278770
|switch|p1a: Wo-Chien|Wo-Chien|51/100
|-damage|p1a: Wo-Chien|39/100|[from] Stealth Rock
|-ability|p1a: Wo-Chien|Tablets of Ruin
|move|p2a: Hatterene|Draining Kiss|p1a: Wo-Chien
|-supereffective|p1a: Wo-Chien
|-damage|p1a: Wo-Chien|0 fnt
|-heal|p2a: Hatterene|98/100 tox|[from] drain|[of] p1a: Wo-Chien
|-damage|p2a: Hatterene|81/100 tox|[from] item: Rocky Helmet|[of] p1a: Wo-Chien
|faint|p1a: Wo-Chien
|
|-heal|p2a: Hatterene|87/100 tox|[from] item: Leftovers
|-damage|p2a: Hatterene|75/100 tox|[from] psn
|upkeep
|inactive|manupama has 90 seconds left.
|
|t:|1758278786
|switch|p1a: Ambipom|Ambipom, M, shiny|82/100
|-damage|p1a: Ambipom|69/100|[from] Stealth Rock
|turn|15
|
|t:|1758278792
|move|p1a: Ambipom|Fake Out|p2a: Hatterene
|-damage|p2a: Hatterene|32/100 tox
|-damage|p1a: Ambipom|59/100|[from] item: Life Orb
|cant|p2a: Hatterene|flinch
|
|-heal|p2a: Hatterene|38/100 tox|[from] item: Leftovers
|-damage|p2a: Hatterene|26/100 tox|[from] Leech Seed|[of] p1a: Ambipom
|-heal|p1a: Ambipom|70/100|[silent]
|-damage|p2a: Hatterene|8/100 tox|[from] psn
|upkeep
|turn|16
|
|t:|1758278806
|move|p1a: Ambipom|Knock Off|p2a: Hatterene
|-damage|p2a: Hatterene|0 fnt
|-enditem|p2a: Hatterene|Leftovers|[from] move: Knock Off|[of] p1a: Ambipom
|faint|p2a: Hatterene
|-damage|p1a: Ambipom|60/100|[from] item: Life Orb
|
|upkeep
|
|t:|1758278813
|switch|p2a: Corviknight|Corviknight, F|93/100
|-damage|p2a: Corviknight|81/100|[from] Stealth Rock
|-ability|p2a: Corviknight|Pressure
|turn|17
|inactive|manupama has 90 seconds left.
|
|t:|1758278836
|switch|p1a: Landorus|Landorus-Therian, M|75/100
|-damage|p1a: Landorus|63/100|[from] Stealth Rock
|-ability|p1a: Landorus|Intimidate|boost
|-unboost|p2a: Corviknight|atk|1
|move|p2a: Corviknight|Brave Bird|p1a: Landorus
|-damage|p1a: Landorus|40/100
|-damage|p2a: Corviknight|74/100|[from] Recoil
|
|-heal|p1a: Landorus|46/100|[from] item: Leftovers
|-heal|p2a: Corviknight|80/100|[from] item: Leftovers
|upkeep
|turn|18
|inactive|manupama has 90 seconds left.
|
|t:|1758278851
|move|p1a: Landorus|Taunt|p2a: Corviknight
|-start|p2a: Corviknight|move: Taunt
|move|p2a: Corviknight|Brave Bird|p1a: Landorus
|-damage|p1a: Landorus|24/100
|-damage|p2a: Corviknight|73/100|[from] Recoil
|
|-heal|p1a: Landorus|30/100|[from] item: Leftovers
|-heal|p2a: Corviknight|79/100|[from] item: Leftovers
|upkeep
|turn|19
|inactive|manupama has 90 seconds left.
|
|t:|1758278862
|move|p1a: Landorus|U-turn|p2a: Corviknight
|-resisted|p2a: Corviknight
|-damage|p2a: Corviknight|76/100
|
|t:|1758278866
|switch|p1a: Toxapex|Toxapex, M|100/100|[from] U-turn
|-damage|p1a: Toxapex|88/100|[from] Stealth Rock
|move|p2a: Corviknight|Brave Bird|p1a: Toxapex
|-damage|p1a: Toxapex|69/100
|-damage|p2a: Corviknight|71/100|[from] Recoil
|
|-heal|p2a: Corviknight|77/100|[from] item: Leftovers
|-heal|p1a: Toxapex|75/100|[from] item: Black Sludge
|upkeep
|turn|20
|
|t:|1758278881
|move|p2a: Corviknight|U-turn|p1a: Toxapex
|-resisted|p1a: Toxapex
|-damage|p1a: Toxapex|72/100
|
|t:|1758278884
|switch|p2a: Blissey|Blissey, F|100/100|[from] U-turn
|move|p1a: Toxapex|Toxic|p2a: Blissey
|-status|p2a: Blissey|tox
|
|-heal|p1a: Toxapex|78/100|[from] item: Black Sludge
|-damage|p2a: Blissey|94/100 tox|[from] psn
|upkeep
|turn|21
|
|t:|1758278899
|-curestatus|p2a: Blissey|tox|[from] ability: Natural Cure
|switch|p2a: Heatran|Heatran, F|100/100
|-damage|p2a: Heatran|88/100|[from] Stealth Rock
|switch|p1a: Landorus|Landorus-Therian, M|30/100
|-damage|p1a: Landorus|17/100|[from] Stealth Rock
|-ability|p1a: Landorus|Intimidate|boost
|-unboost|p2a: Heatran|atk|1
|
|-heal|p1a: Landorus|23/100|[from] item: Leftovers
|-heal|p2a: Heatran|94/100|[from] item: Leftovers
|upkeep
|turn|22
|
|t:|1758278911
|switch|p2a: Corviknight|Corviknight, F|77/100
|-damage|p2a: Corviknight|65/100|[from] Stealth Rock
|-ability|p2a: Corviknight|Pressure
|move|p1a: Landorus|U-turn|p2a: Corviknight
|-resisted|p2a: Corviknight
|-crit|p2a: Corviknight
|-damage|p2a: Corviknight|60/100
|inactive|manupama has 90 seconds left.
|
|t:|1758278929
|switch|p1a: Chandelure|Chandelure, F, shiny|100/100|[from] U-turn
|-damage|p1a: Chandelure|76/100|[from] Stealth Rock
|
|-heal|p2a: Corviknight|66/100|[from] item: Leftovers
|upkeep
|turn|23
|inactive|manupama has 90 seconds left.
|
|t:|1758278952
|switch|p1a: Ogerpon|Ogerpon, F|100/100
|-damage|p1a: Ogerpon|88/100|[from] Stealth Rock
|switch|p2a: Heatran|Heatran, F|94/100
|-damage|p2a: Heatran|82/100|[from] Stealth Rock
|
|-heal|p2a: Heatran|88/100|[from] item: Leftovers
|upkeep
|turn|24
|inactive|manupama has 90 seconds left.
|
|t:|1758278962
|move|p1a: Ogerpon|Low Kick|p2a: Heatran
|-supereffective|p2a: Heatran
|-damage|p2a: Heatran|0 fnt
|faint|p2a: Heatran
|
|upkeep
|
|t:|1758278967
|switch|p2a: Zamazenta|Zamazenta|100/100
|-damage|p2a: Zamazenta|94/100|[from] Stealth Rock
|-ability|p2a: Zamazenta|Dauntless Shield|boost
|-boost|p2a: Zamazenta|def|1
|turn|25
|
|t:|1758278977
|switch|p1a: Toxapex|Toxapex, M|100/100
|-damage|p1a: Toxapex|88/100|[from] Stealth Rock
|move|p2a: Zamazenta|Substitute|p2a: Zamazenta
|-start|p2a: Zamazenta|Substitute
|-damage|p2a: Zamazenta|70/100
|
|-heal|p2a: Zamazenta|76/100|[from] item: Leftovers
|-heal|p1a: Toxapex|94/100|[from] item: Black Sludge
|upkeep
|turn|26
|
|t:|1758278988
|move|p2a: Zamazenta|Howl|p2a: Zamazenta
|-boost|p2a: Zamazenta|atk|1
|move|p1a: Toxapex|Sludge Bomb|p2a: Zamazenta
|-activate|p2a: Zamazenta|move: Substitute|[damage]
|
|-heal|p2a: Zamazenta|82/100|[from] item: Leftovers
|-heal|p1a: Toxapex|100/100|[from] item: Black Sludge
|upkeep
|turn|27
|
|t:|1758279003
|move|p2a: Zamazenta|Howl|p2a: Zamazenta
|-boost|p2a: Zamazenta|atk|1
|move|p1a: Toxapex|Sludge Bomb|p2a: Zamazenta
|-end|p2a: Zamazenta|Substitute
|
|-heal|p2a: Zamazenta|88/100|[from] item: Leftovers
|upkeep
|turn|28
|
|t:|1758279014
|switch|p1a: Landorus|Landorus-Therian, M|23/100
|-damage|p1a: Landorus|11/100|[from] Stealth Rock
|-ability|p1a: Landorus|Intimidate|boost
|-unboost|p2a: Zamazenta|atk|1
|move|p2a: Zamazenta|Substitute|p2a: Zamazenta
|-start|p2a: Zamazenta|Substitute
|-damage|p2a: Zamazenta|63/100
|
|-heal|p2a: Zamazenta|69/100|[from] item: Leftovers
|-heal|p1a: Landorus|17/100|[from] item: Leftovers
|upkeep
|turn|29
|
|t:|1758279032
|move|p2a: Zamazenta|Howl|p2a: Zamazenta
|-boost|p2a: Zamazenta|atk|1
|move|p1a: Landorus|Earthquake|p2a: Zamazenta
|-end|p2a: Zamazenta|Substitute
|
|-heal|p2a: Zamazenta|75/100|[from] item: Leftovers
|-heal|p1a: Landorus|23/100|[from] item: Leftovers
|upkeep
|turn|30
|
|t:|1758279047
|switch|p1a: Toxapex|Toxapex, M|100/100
|-damage|p1a: Toxapex|88/100|[from] Stealth Rock
|move|p2a: Zamazenta|Close Combat|p1a: Toxapex
|-resisted|p1a: Toxapex
|-damage|p1a: Toxapex|47/100
|-unboost|p2a: Zamazenta|def|1
|-unboost|p2a: Zamazenta|spd|1
|
|-heal|p2a: Zamazenta|81/100|[from] item: Leftovers
|-heal|p1a: Toxapex|53/100|[from] item: Black Sludge
|upkeep
|turn|31
|
|t:|1758279064
|switch|p1a: Landorus|Landorus-Therian, M|23/100
|-damage|p1a: Landorus|11/100|[from] Stealth Rock
|-ability|p1a: Landorus|Intimidate|boost
|-unboost|p2a: Zamazenta|atk|1
|move|p2a: Zamazenta|Substitute|p2a: Zamazenta
|-start|p2a: Zamazenta|Substitute
|-damage|p2a: Zamazenta|56/100
|
|-heal|p2a: Zamazenta|62/100|[from] item: Leftovers
|-heal|p1a: Landorus|17/100|[from] item: Leftovers
|upkeep
|turn|32
|
|t:|1758279074
|move|p2a: Zamazenta|Tera Blast|p1a: Landorus
|-crit|p1a: Landorus
|-damage|p1a: Landorus|0 fnt
|faint|p1a: Landorus
|
|-heal|p2a: Zamazenta|68/100|[from] item: Leftovers
|upkeep
|
|t:|1758279085
|switch|p1a: Ogerpon|Ogerpon, F|88/100
|-damage|p1a: Ogerpon|76/100|[from] Stealth Rock
|turn|33
|
|t:|1758279091
|move|p2a: Zamazenta|Close Combat|p1a: Ogerpon
|-damage|p1a: Ogerpon|0 fnt
|-unboost|p2a: Zamazenta|def|1
|-unboost|p2a: Zamazenta|spd|1
|faint|p1a: Ogerpon
|
|-heal|p2a: Zamazenta|74/100|[from] item: Leftovers
|upkeep
|
|t:|1758279102
|switch|p1a: Ambipom|Ambipom, M, shiny|60/100
|-damage|p1a: Ambipom|48/100|[from] Stealth Rock
|turn|34
|
|t:|1758279105
|move|p1a: Ambipom|Fake Out|p2a: Zamazenta
|-end|p2a: Zamazenta|Substitute
|-damage|p1a: Ambipom|38/100|[from] item: Life Orb
|move|p2a: Zamazenta|Close Combat|p1a: Ambipom
|-supereffective|p1a: Ambipom
|-damage|p1a: Ambipom|0 fnt
|-unboost|p2a: Zamazenta|def|1
|-unboost|p2a: Zamazenta|spd|1
|faint|p1a: Ambipom
|
|-heal|p2a: Zamazenta|80/100|[from] item: Leftovers
|upkeep
|inactive|manupama has 90 seconds left.
|inactive|manupama has 60 seconds left.
|inactive|manupama has 30 seconds left.
|inactive|manupama has 20 seconds left.
|inactive|manupama has 15 seconds left.
|inactive|manupama has 10 seconds left.
|inactive|manupama has 5 seconds left.
|-message|manupama lost due to inactivity.
|
|win|zio silvio
|raw|manupama's rating: 1250 &rarr; <strong>1223</strong><br />(-27 for losing)
|raw|zio silvio's rating: 1224 &rarr; <strong>1251</strong><br />(+27 for winning)
|l|☆zio silvio
|player|p2|
