|j|☆mymicisasian
|j|☆marisa_fumo_gaming
|t:|1758314534
|gametype|singles
|player|p1|mymicisasian|102|1359
|player|p2|marisa_fumo_gaming|1|1315
|gen|9
|tier|[Gen 9] OU
|rated|
|rule|HP Percentage Mod: HP is shown in percentages
|rule|Endless Battle Clause: Forcing endless battles is banned
|rule|Species Clause: Limit one of each Pokémon
|rule|OHKO Clause: OHKO moves are banned
|rule|Evasion Items Clause: Evasion items are banned
|rule|Evasion Moves Clause: Evasion moves are banned
|rule|Evasion Abilities Clause: Evasion abilities are banned
|rule|Sleep Moves Clause: Sleep-inducing moves are banned
|clearpoke
|poke|p1|Glimmora, M|
|poke|p1|Gliscor, F|
|poke|p1|Kyurem|
|poke|p1|Hatterene, F|
|poke|p1|Tornadus-Therian, M|
|poke|p1|Dragonite, F|
|poke|p2|Electivire, F|
|poke|p2|Dragapult, M|
|poke|p2|Scizor, M|
|poke|p2|Ogerpon-Wellspring, F|
|poke|p2|Enamorus, F|
|poke|p2|Cinderace, M|
|teampreview
|
|t:|1758314549
|teamsize|p1|6
|teamsize|p2|6
|start
|switch|p1a: Gliscor|Gliscor, F|100/100
|switch|p2a: Dragapult|Dragapult, M|100/100
|turn|1
|
|t:|1758314555
|switch|p2a: Ogerpon|Ogerpon-Wellspring, F|100/100
|move|p1a: Gliscor|Earthquake|p2a: Ogerpon
|-resisted|p2a: Ogerpon
|-damage|p2a: Ogerpon|77/100
|
|-status|p1a: Gliscor|tox|[from] item: Toxic Orb
|upkeep
|turn|2
|
|t:|1758314563
|switch|p1a: Hatterene|Hatterene, F|100/100
|move|p2a: Ogerpon|U-turn|p1a: Hatterene
|-damage|p1a: Hatterene|77/100
|-damage|p2a: Ogerpon|61/100|[from] item: Rocky Helmet|[of] p1a: Hatterene
|
|t:|1758314566
|switch|p2a: Scizor|Scizor, M|100/100|[from] U-turn
|
|upkeep
|turn|3
|
|t:|1758314573
|switch|p1a: Gliscor|Gliscor, F|100/100 tox
|move|p2a: Scizor|Dual Wingbeat|p1a: Gliscor
|-crit|p1a: Gliscor
|-damage|p1a: Gliscor|62/100 tox
|-damage|p1a: Gliscor|36/100 tox
|-hitcount|p1a: Gliscor|2
|
|-heal|p1a: Gliscor|48/100 tox|[from] ability: Poison Heal
|upkeep
|turn|4
|
|t:|1758314582
|move|p1a: Gliscor|Protect|p1a: Gliscor
|-singleturn|p1a: Gliscor|Protect
|move|p2a: Scizor|Dual Wingbeat|p1a: Gliscor
|-activate|p1a: Gliscor|move: Protect
|
|-heal|p1a: Gliscor|60/100 tox|[from] ability: Poison Heal
|upkeep
|turn|5
|
|t:|1758314588
|switch|p1a: Glimmora|Glimmora, M|100/100
|move|p2a: Scizor|Dual Wingbeat|p1a: Glimmora
|-resisted|p1a: Glimmora
|-damage|p1a: Glimmora|83/100
|-activate|p1a: Glimmora|ability: Toxic Debris
|-sidestart|p2: marisa_fumo_gaming|move: Toxic Spikes
|-resisted|p1a: Glimmora
|-damage|p1a: Glimmora|67/100
|-activate|p1a: Glimmora|ability: Toxic Debris
|-sidestart|p2: marisa_fumo_gaming|move: Toxic Spikes
|-hitcount|p1a: Glimmora|2
|
|upkeep
|turn|6
|
|t:|1758314597
|move|p1a: Glimmora|Meteor Beam||[still]
|-prepare|p1a: Glimmora|Meteor Beam
|-boost|p1a: Glimmora|spa|1
|-enditem|p1a: Glimmora|Power Herb
|-anim|p1a: Glimmora|Meteor Beam|p2a: Scizor
|-damage|p2a: Scizor|3/100
|move|p2a: Scizor|Dual Wingbeat|p1a: Glimmora
|-resisted|p1a: Glimmora
|-damage|p1a: Glimmora|50/100
|-resisted|p1a: Glimmora
|-damage|p1a: Glimmora|33/100
|-hitcount|p1a: Glimmora|2
|
|upkeep
|turn|7
|
|t:|1758314608
|move|p1a: Glimmora|Earth Power|p2a: Scizor
|-crit|p2a: Scizor
|-damage|p2a: Scizor|0 fnt
|faint|p2a: Scizor
|
|upkeep
|
|t:|1758314612
|switch|p2a: Electivire|Electivire, F|100/100
|turn|8
|
|t:|1758314621
|move|p2a: Electivire|Supercell Slam|p1a: Glimmora
|-damage|p1a: Glimmora|0 fnt
|faint|p1a: Glimmora
|
|upkeep
|
|t:|1758314626
|switch|p1a: Gliscor|Gliscor, F|60/100 tox
|turn|9
|inactive|Battle timer is ON: inactive players will automatically lose when time's up. (requested by marisa_fumo_gaming)
|inactive|mymicisasian has 120 seconds left.
|inactive|mymicisasian has 90 seconds left.
|inactive|mymicisasian has 60 seconds left.
|inactive|mymicisasian has 30 seconds left.
|inactive|mymicisasian has 20 seconds left.
|inactive|mymicisasian has 15 seconds left.
|inactive|mymicisasian has 10 seconds left.
|inactive|mymicisasian has 5 seconds left.
|-message|mymicisasian lost due to inactivity.
|
|win|marisa_fumo_gaming
|raw|mymicisasian's rating: 1359 &rarr; <strong>1336</strong><br />(-23 for losing)
|raw|marisa_fumo_gaming's rating: 1315 &rarr; <strong>1338</strong><br />(+23 for winning)
|l|☆marisa_fumo_gaming
|player|p2|
|l|☆mymicisasian
|player|p1|
