|j|☆Mr.diversity
|j|☆ChiefGreenLeaf3
|t:|1758308048
|gametype|singles
|player|p1|Mr.diversity|102|1785
|player|p2|ChiefGreenLeaf3|giovanni-gen1|1709
|gen|9
|tier|[Gen 9] OU
|rated|
|rule|HP Percentage Mod: HP is shown in percentages
|rule|Endless Battle Clause: Forcing endless battles is banned
|rule|Species Clause: Limit one of each Pokémon
|rule|OHKO Clause: OHKO moves are banned
|rule|Evasion Items Clause: Evasion items are banned
|rule|Evasion Moves Clause: Evasion moves are banned
|rule|Evasion Abilities Clause: Evasion abilities are banned
|rule|Sleep Moves Clause: Sleep-inducing moves are banned
|clearpoke
|poke|p1|Landorus-Therian, M|
|poke|p1|Cinderace, F|
|poke|p1|Great Tusk|
|poke|p1|Heatran, M|
|poke|p1|Clodsire, M|
|poke|p1|Armarouge, M|
|poke|p2|Iron Moth|
|poke|p2|Iron Valiant|
|poke|p2|Iron Jugulis|
|poke|p2|Zamazenta-*|
|poke|p2|Comfey, F|
|poke|p2|Cloyster, M|
|teampreview
|inactive|Battle timer is ON: inactive players will automatically lose when time's up. (requested by Mr.diversity)
|j| gfredu18
|
|t:|1758308080
|teamsize|p1|6
|teamsize|p2|6
|start
|switch|p1a: Cinderace|Cinderace, F|100/100
|switch|p2a: Iron Valiant|Iron Valiant, shiny|100/100
|-enditem|p2a: Iron Valiant|Booster Energy
|-activate|p2a: Iron Valiant|ability: Quark Drive|[fromitem]
|-start|p2a: Iron Valiant|quarkdrivespe
|turn|1
|j| petertheatre
|
|t:|1758308093
|move|p2a: Iron Valiant|Moonblast|p1a: Cinderace
|-resisted|p1a: Cinderace
|-damage|p1a: Cinderace|65/100
|-unboost|p1a: Cinderace|spa|1
|move|p1a: Cinderace|Pyro Ball|p2a: Iron Valiant
|-damage|p2a: Iron Valiant|0 fnt
|faint|p2a: Iron Valiant
|-end|p2a: Iron Valiant|Quark Drive|[silent]
|
|upkeep
|j| 40 crip
|l| gfredu18
|
|t:|1758308104
|switch|p2a: Iron Jugulis|Iron Jugulis, shiny|100/100
|-enditem|p2a: Iron Jugulis|Booster Energy
|-activate|p2a: Iron Jugulis|ability: Quark Drive|[fromitem]
|-start|p2a: Iron Jugulis|quarkdrivespe
|turn|2
|
|t:|1758308107
|switch|p1a: Clodsire|Clodsire, M|100/100
|move|p2a: Iron Jugulis|Hurricane|p1a: Clodsire
|-damage|p1a: Clodsire|69/100
|
|-heal|p1a: Clodsire|76/100|[from] item: Leftovers
|upkeep
|turn|3
|
|t:|1758308111
|move|p2a: Iron Jugulis|Taunt|p1a: Clodsire
|-start|p1a: Clodsire|move: Taunt
|cant|p1a: Clodsire|move: Taunt|Toxic
|
|-heal|p1a: Clodsire|82/100|[from] item: Leftovers
|upkeep
|turn|4
|
|t:|1758308119
|move|p2a: Iron Jugulis|Earth Power|p1a: Clodsire
|-supereffective|p1a: Clodsire
|-damage|p1a: Clodsire|51/100
|-unboost|p1a: Clodsire|spd|1
|move|p1a: Clodsire|Earthquake|p2a: Iron Jugulis
|-immune|p2a: Iron Jugulis
|
|-heal|p1a: Clodsire|57/100|[from] item: Leftovers
|upkeep
|turn|5
|
|t:|1758308122
|switch|p1a: Landorus|Landorus-Therian, M|100/100
|-ability|p1a: Landorus|Intimidate|boost
|-unboost|p2a: Iron Jugulis|atk|1
|move|p2a: Iron Jugulis|Dark Pulse|p1a: Landorus
|-damage|p1a: Landorus|56/100
|
|upkeep
|turn|6
|
|t:|1758308127
|move|p2a: Iron Jugulis|Hurricane|p1a: Landorus
|-damage|p1a: Landorus|0 fnt
|faint|p1a: Landorus
|
|upkeep
|
|t:|1758308134
|switch|p1a: Heatran|Heatran, M|100/100
|turn|7
|
|t:|1758308138
|-terastallize|p1a: Heatran|Bug
|move|p2a: Iron Jugulis|Taunt|p1a: Heatran
|-start|p1a: Heatran|move: Taunt
|move|p1a: Heatran|Power Gem|p2a: Iron Jugulis
|-supereffective|p2a: Iron Jugulis
|-damage|p2a: Iron Jugulis|0 fnt
|faint|p2a: Iron Jugulis
|-end|p2a: Iron Jugulis|Quark Drive|[silent]
|
|upkeep
|
|t:|1758308148
|switch|p2a: Comfey|Comfey, F|100/100
|turn|8
|
|t:|1758308152
|switch|p1a: Cinderace|Cinderace, F|65/100
|move|p2a: Comfey|Trick|p1a: Cinderace
|-activate|p2a: Comfey|move: Trick|[of] p1a: Cinderace
|-item|p1a: Cinderace|Choice Specs|[from] move: Trick
|-item|p2a: Comfey|Choice Band|[from] move: Trick
|
|upkeep
|turn|9
|
|t:|1758308172
|move|p2a: Comfey|Draining Kiss|p1a: Cinderace
|-resisted|p1a: Cinderace
|-damage|p1a: Cinderace|49/100
|move|p1a: Cinderace|Pyro Ball|p2a: Comfey
|-crit|p2a: Comfey
|-damage|p2a: Comfey|0 fnt
|faint|p2a: Comfey
|
|upkeep
|j| IWasBornFaat
|inactive|ChiefGreenLeaf3 has 120 seconds left.
|
|t:|1758308197
|switch|p2a: Cloyster|Cloyster, M, shiny|100/100
|turn|10
|
|t:|1758308199
|move|p1a: Cinderace|Pyro Ball|p2a: Cloyster
|-damage|p2a: Cloyster|51/100
|move|p2a: Cloyster|Shell Smash|p2a: Cloyster
|-unboost|p2a: Cloyster|def|1
|-unboost|p2a: Cloyster|spd|1
|-boost|p2a: Cloyster|atk|2
|-boost|p2a: Cloyster|spa|2
|-boost|p2a: Cloyster|spe|2
|
|upkeep
|turn|11
|
|t:|1758308202
|move|p2a: Cloyster|Rock Blast|p1a: Cinderace
|-supereffective|p1a: Cinderace
|-damage|p1a: Cinderace|1/100
|-supereffective|p1a: Cinderace
|-damage|p1a: Cinderace|0 fnt
|faint|p1a: Cinderace
|-hitcount|p1: Cinderace|2
|
|upkeep
|
|t:|1758308207
|switch|p1a: Armarouge|Armarouge, M|100/100
|turn|12
|
|t:|1758308209
|move|p1a: Armarouge|Endure|p1a: Armarouge
|-singleturn|p1a: Armarouge|move: Endure
|move|p2a: Cloyster|Rock Blast|p1a: Armarouge
|-supereffective|p1a: Armarouge
|-crit|p1a: Armarouge
|-damage|p1a: Armarouge|50/100
|-ability|p1a: Armarouge|Weak Armor|boost
|-unboost|p1a: Armarouge|def|1
|-boost|p1a: Armarouge|spe|2
|-enditem|p1a: Armarouge|Weakness Policy
|-boost|p1a: Armarouge|atk|2|[from] item: Weakness Policy
|-boost|p1a: Armarouge|spa|2|[from] item: Weakness Policy
|-supereffective|p1a: Armarouge
|-activate|p1a: Armarouge|move: Endure
|-damage|p1a: Armarouge|1/100
|-ability|p1a: Armarouge|Weak Armor|boost
|-unboost|p1a: Armarouge|def|1
|-boost|p1a: Armarouge|spe|2
|-supereffective|p1a: Armarouge
|-activate|p1a: Armarouge|move: Endure
|-damage|p1a: Armarouge|1/100
|-ability|p1a: Armarouge|Weak Armor|boost
|-unboost|p1a: Armarouge|def|1
|-boost|p1a: Armarouge|spe|2
|-supereffective|p1a: Armarouge
|-activate|p1a: Armarouge|move: Endure
|-damage|p1a: Armarouge|1/100
|-ability|p1a: Armarouge|Weak Armor|boost
|-unboost|p1a: Armarouge|def|1
|-supereffective|p1a: Armarouge
|-activate|p1a: Armarouge|move: Endure
|-damage|p1a: Armarouge|1/100
|-ability|p1a: Armarouge|Weak Armor|boost
|-unboost|p1a: Armarouge|def|1
|-hitcount|p1a: Armarouge|5
|
|upkeep
|turn|13
|
|t:|1758308211
|move|p2a: Cloyster|Ice Shard|p1a: Armarouge
|-resisted|p1a: Armarouge
|-damage|p1a: Armarouge|0 fnt
|faint|p1a: Armarouge
|
|upkeep
|
|t:|1758308219
|switch|p1a: Heatran|Heatran, M, tera:Bug|100/100
|turn|14
|
|t:|1758308222
|move|p2a: Cloyster|Icicle Spear|p1a: Heatran
|-damage|p1a: Heatran|82/100
|-damage|p1a: Heatran|62/100
|-damage|p1a: Heatran|44/100
|-damage|p1a: Heatran|26/100
|-damage|p1a: Heatran|7/100
|-hitcount|p1a: Heatran|5
|move|p1a: Heatran|Power Gem|p2a: Cloyster
|-supereffective|p2a: Cloyster
|-damage|p2a: Cloyster|0 fnt
|faint|p2a: Cloyster
|
|upkeep
|c| 40 crip|lool no way
|
|t:|1758308229
|switch|p2a: Iron Moth|Iron Moth, shiny|100/100
|-enditem|p2a: Iron Moth|Booster Energy
|-activate|p2a: Iron Moth|ability: Quark Drive|[fromitem]
|-start|p2a: Iron Moth|quarkdrivespe
|turn|15
|
|t:|1758308234
|switch|p1a: Clodsire|Clodsire, M|57/100
|move|p2a: Iron Moth|Sludge Wave|p1a: Clodsire
|-resisted|p1a: Clodsire
|-damage|p1a: Clodsire|50/100
|
|-heal|p1a: Clodsire|57/100|[from] item: Leftovers
|upkeep
|turn|16
|
|t:|1758308236
|-terastallize|p2a: Iron Moth|Ground
|move|p2a: Iron Moth|Tera Blast|p1a: Clodsire|[anim] Tera Blast Ground
|-supereffective|p1a: Clodsire
|-damage|p1a: Clodsire|12/100
|move|p1a: Clodsire|Recover|p1a: Clodsire
|-heal|p1a: Clodsire|62/100
|
|-heal|p1a: Clodsire|69/100|[from] item: Leftovers
|upkeep
|turn|17
|
|t:|1758308246
|move|p2a: Iron Moth|Tera Blast|p1a: Clodsire|[anim] Tera Blast Ground
|-supereffective|p1a: Clodsire
|-damage|p1a: Clodsire|27/100
|move|p1a: Clodsire|Toxic|p2a: Iron Moth
|-status|p2a: Iron Moth|tox
|
|-heal|p1a: Clodsire|33/100|[from] item: Leftovers
|-damage|p2a: Iron Moth|94/100 tox|[from] psn
|upkeep
|turn|18
|
|t:|1758308256
|move|p2a: Iron Moth|Tera Blast|p1a: Clodsire|[anim] Tera Blast Ground
|-supereffective|p1a: Clodsire
|-damage|p1a: Clodsire|0 fnt
|faint|p1a: Clodsire
|
|-damage|p2a: Iron Moth|82/100 tox|[from] psn
|upkeep
|j| Tub Of Mayonnaise
|
|t:|1758308264
|switch|p1a: Great Tusk|Great Tusk|100/100
|-enditem|p1a: Great Tusk|Booster Energy
|-activate|p1a: Great Tusk|ability: Protosynthesis|[fromitem]
|-start|p1a: Great Tusk|protosynthesisatk
|turn|19
|
|t:|1758308275
|move|p2a: Iron Moth|Substitute|p2a: Iron Moth
|-start|p2a: Iron Moth|Substitute
|-damage|p2a: Iron Moth|58/100 tox
|move|p1a: Great Tusk|Ice Spinner|p2a: Iron Moth
|-supereffective|p2a: Iron Moth
|-end|p2a: Iron Moth|Substitute
|
|-damage|p2a: Iron Moth|39/100 tox|[from] psn
|upkeep
|turn|20
|
|t:|1758308285
|move|p2a: Iron Moth|Tera Blast|p1a: Great Tusk|[anim] Tera Blast Ground
|-damage|p1a: Great Tusk|35/100
|move|p1a: Great Tusk|Ice Spinner|p2a: Iron Moth
|-supereffective|p2a: Iron Moth
|-damage|p2a: Iron Moth|0 fnt
|faint|p2a: Iron Moth
|-end|p2a: Iron Moth|Quark Drive|[silent]
|
|upkeep
|
|t:|1758308286
|switch|p2a: Zamazenta|Zamazenta|100/100
|-ability|p2a: Zamazenta|Dauntless Shield|boost
|-boost|p2a: Zamazenta|def|1
|turn|21
|
|t:|1758308288
|-end|p1a: Great Tusk|Protosynthesis|[silent]
|switch|p1a: Heatran|Heatran, M, tera:Bug|7/100
|move|p2a: Zamazenta|Body Press|p1a: Heatran
|-resisted|p1a: Heatran
|-damage|p1a: Heatran|0 fnt
|faint|p1a: Heatran
|
|upkeep
|
|t:|1758308290
|switch|p1a: Great Tusk|Great Tusk|35/100
|turn|22
|
|t:|1758308292
|move|p2a: Zamazenta|Iron Defense|p2a: Zamazenta
|-boost|p2a: Zamazenta|def|2
|move|p1a: Great Tusk|Close Combat|p2a: Zamazenta
|-damage|p2a: Zamazenta|77/100
|-unboost|p1a: Great Tusk|def|1
|-unboost|p1a: Great Tusk|spd|1
|
|-heal|p2a: Zamazenta|84/100|[from] item: Leftovers
|upkeep
|turn|23
|c|☆ChiefGreenLeaf3|ggs
|
|t:|1758308303
|move|p2a: Zamazenta|Body Press|p1a: Great Tusk
|-damage|p1a: Great Tusk|0 fnt
|faint|p1a: Great Tusk
|-end|p1a: Great Tusk|Protosynthesis|[silent]
|
|win|ChiefGreenLeaf3
|raw|Mr.diversity's rating: 1785 &rarr; <strong>1761</strong><br />(-24 for losing)
|raw|ChiefGreenLeaf3's rating: 1709 &rarr; <strong>1733</strong><br />(+24 for winning)
|l|☆Mr.diversity
|player|p1|
|l| 40 crip
|l| petertheatre
|l|☆ChiefGreenLeaf3
|player|p2|
|j| Praise The Alt
|l| Tub Of Mayonnaise
|l| Praise The Alt
