|j|☆nushinator
|j|☆lerendezvous
|t:|1758379486
|gametype|singles
|player|p1|nushinator|bugcatcher-gen4dp|1622
|player|p2|lerendezvous|101|1712
|gen|9
|tier|[Gen 9] OU
|rated|
|rule|HP Percentage Mod: HP is shown in percentages
|rule|Endless Battle Clause: Forcing endless battles is banned
|rule|Species Clause: Limit one of each Pokémon
|rule|OHKO Clause: OHKO moves are banned
|rule|Evasion Items Clause: Evasion items are banned
|rule|Evasion Moves Clause: Evasion moves are banned
|rule|Evasion Abilities Clause: Evasion abilities are banned
|rule|Sleep Moves Clause: Sleep-inducing moves are banned
|clearpoke
|poke|p1|Alomomola, F|
|poke|p1|Ting-Lu|
|poke|p1|Great Tusk|
|poke|p1|Raging Bolt|
|poke|p1|Corviknight, F|
|poke|p1|Hatterene, F|
|poke|p2|Ogerpon-Wellspring, F|
|poke|p2|Slowking-Galar, F|
|poke|p2|Great Tusk|
|poke|p2|Moltres|
|poke|p2|Dragapult, M|
|poke|p2|Kingambit, F|
|teampreview
|inactive|Battle timer is ON: inactive players will automatically lose when time's up. (requested by nushinator)
|
|t:|1758379493
|teamsize|p1|6
|teamsize|p2|6
|start
|switch|p1a: Raging Bolt|Raging Bolt|100/100
|switch|p2a: Ogerpon|Ogerpon-Wellspring, F|100/100
|turn|1
|inactive|lerendezvous also wants the timer to be on.
|
|t:|1758379497
|move|p2a: Ogerpon|U-turn|p1a: Raging Bolt
|-damage|p1a: Raging Bolt|76/100
|
|t:|1758379502
|switch|p2a: Slowking|Slowking-Galar, F|100/100|[from] U-turn
|move|p1a: Raging Bolt|Draco Meteor|p2a: Slowking
|-damage|p2a: Slowking|42/100
|-unboost|p1a: Raging Bolt|spa|2
|
|upkeep
|turn|2
|
|t:|1758379509
|-end|p1a: Raging Bolt|Protosynthesis|[silent]
|switch|p1a: Ting-Lu|Ting-Lu|100/100
|-ability|p1a: Ting-Lu|Vessel of Ruin
|move|p2a: Slowking|Ice Beam|p1a: Ting-Lu
|-supereffective|p1a: Ting-Lu
|-damage|p1a: Ting-Lu|76/100
|
|-heal|p1a: Ting-Lu|82/100|[from] item: Leftovers
|upkeep
|turn|3
|
|t:|1758379514
|switch|p2a: Ogerpon|Ogerpon-Wellspring, F|100/100
|move|p1a: Ting-Lu|Ruination|p2a: Ogerpon
|-damage|p2a: Ogerpon|51/100
|
|-heal|p1a: Ting-Lu|88/100|[from] item: Leftovers
|upkeep
|turn|4
|
|t:|1758379519
|switch|p1a: Corviknight|Corviknight, F|100/100
|-ability|p1a: Corviknight|Pressure
|move|p2a: Ogerpon|Knock Off|p1a: Corviknight
|-damage|p1a: Corviknight|79/100
|-damage|p2a: Ogerpon|34/100|[from] item: Rocky Helmet|[of] p1a: Corviknight
|-enditem|p1a: Corviknight|Rocky Helmet|[from] move: Knock Off|[of] p2a: Ogerpon
|
|upkeep
|turn|5
|
|t:|1758379527
|move|p2a: Ogerpon|U-turn|p1a: Corviknight
|-resisted|p1a: Corviknight
|-damage|p1a: Corviknight|75/100
|
|t:|1758379532
|switch|p2a: Slowking|Slowking-Galar, F|76/100|[from] U-turn
|move|p1a: Corviknight|U-turn|p2a: Slowking
|-damage|p2a: Slowking|61/100
|
|t:|1758379539
|switch|p1a: Great Tusk|Great Tusk|100/100|[from] U-turn
|
|upkeep
|turn|6
|
|t:|1758379543
|switch|p2a: Ogerpon|Ogerpon-Wellspring, F|34/100
|move|p1a: Great Tusk|Knock Off|p2a: Ogerpon
|-damage|p2a: Ogerpon|6/100
|
|upkeep
|turn|7
|
|t:|1758379551
|move|p2a: Ogerpon|Power Whip|p1a: Great Tusk
|-supereffective|p1a: Great Tusk
|-damage|p1a: Great Tusk|0 fnt
|faint|p1a: Great Tusk
|-end|p1a: Great Tusk|Protosynthesis|[silent]
|
|upkeep
|
|t:|1758379556
|switch|p1a: Corviknight|Corviknight, F|75/100
|-ability|p1a: Corviknight|Pressure
|turn|8
|
|t:|1758379560
|move|p2a: Ogerpon|U-turn|p1a: Corviknight
|-resisted|p1a: Corviknight
|-damage|p1a: Corviknight|71/100
|
|t:|1758379565
|switch|p2a: Moltres|Moltres|100/100|[from] U-turn
|move|p1a: Corviknight|U-turn|p2a: Moltres
|-resisted|p2a: Moltres
|-damage|p2a: Moltres|98/100
|-status|p1a: Corviknight|brn|[from] ability: Flame Body|[of] p2a: Moltres
|
|t:|1758379574
|switch|p1a: Raging Bolt|Raging Bolt|76/100|[from] U-turn
|
|upkeep
|turn|9
|
|t:|1758379578
|switch|p2a: Great Tusk|Great Tusk|100/100
|move|p1a: Raging Bolt|Volt Switch|p2a: Great Tusk
|-immune|p2a: Great Tusk
|
|upkeep
|turn|10
|
|t:|1758379582
|-end|p1a: Raging Bolt|Protosynthesis|[silent]
|switch|p1a: Hatterene|Hatterene, F|100/100
|move|p2a: Great Tusk|Headlong Rush|p1a: Hatterene
|-damage|p1a: Hatterene|32/100
|-unboost|p2a: Great Tusk|def|1
|-unboost|p2a: Great Tusk|spd|1
|
|upkeep
|turn|11
|
|t:|1758379590
|switch|p1a: Alomomola|Alomomola, F|100/100
|move|p2a: Great Tusk|Headlong Rush|p1a: Alomomola
|-damage|p1a: Alomomola|66/100
|-unboost|p2a: Great Tusk|def|1
|-unboost|p2a: Great Tusk|spd|1
|
|upkeep
|turn|12
|
|t:|1758379599
|-end|p2a: Great Tusk|Protosynthesis|[silent]
|switch|p2a: Ogerpon|Ogerpon-Wellspring, F|6/100
|move|p1a: Alomomola|Wish|p1a: Alomomola
|
|upkeep
|turn|13
|
|t:|1758379603
|switch|p1a: Raging Bolt|Raging Bolt|76/100
|move|p2a: Ogerpon|Knock Off|p1a: Raging Bolt
|-damage|p1a: Raging Bolt|44/100
|-enditem|p1a: Raging Bolt|Choice Specs|[from] move: Knock Off|[of] p2a: Ogerpon
|
|-heal|p1a: Raging Bolt|100/100|[from] move: Wish|[wisher] Alomomola
|upkeep
|turn|14
|
|t:|1758379610
|move|p2a: Ogerpon|U-turn|p1a: Raging Bolt
|-damage|p1a: Raging Bolt|78/100
|
|t:|1758379614
|switch|p2a: Slowking|Slowking-Galar, F|94/100|[from] U-turn
|move|p1a: Raging Bolt|Draco Meteor|p2a: Slowking
|-damage|p2a: Slowking|52/100
|-unboost|p1a: Raging Bolt|spa|2
|
|upkeep
|turn|15
|
|t:|1758379618
|switch|p2a: Great Tusk|Great Tusk|100/100
|move|p1a: Raging Bolt|Volt Switch|p2a: Great Tusk
|-immune|p2a: Great Tusk
|
|upkeep
|turn|16
|
|t:|1758379625
|-end|p1a: Raging Bolt|Protosynthesis|[silent]
|switch|p1a: Alomomola|Alomomola, F|99/100
|move|p2a: Great Tusk|Headlong Rush|p1a: Alomomola
|-crit|p1a: Alomomola
|-damage|p1a: Alomomola|49/100
|-unboost|p2a: Great Tusk|def|1
|-unboost|p2a: Great Tusk|spd|1
|
|upkeep
|turn|17
|
|t:|1758379632
|-end|p2a: Great Tusk|Protosynthesis|[silent]
|switch|p2a: Ogerpon|Ogerpon-Wellspring, F|6/100
|switch|p1a: Corviknight|Corviknight, F|71/100 brn
|-ability|p1a: Corviknight|Pressure
|
|-damage|p1a: Corviknight|65/100 brn|[from] brn
|upkeep
|turn|18
|
|t:|1758379635
|move|p2a: Ogerpon|U-turn|p1a: Corviknight
|-resisted|p1a: Corviknight
|-damage|p1a: Corviknight|61/100 brn
|
|t:|1758379640
|switch|p2a: Great Tusk|Great Tusk|100/100|[from] U-turn
|move|p1a: Corviknight|U-turn|p2a: Great Tusk
|-resisted|p2a: Great Tusk
|-damage|p2a: Great Tusk|98/100
|-damage|p1a: Corviknight|45/100 brn|[from] item: Rocky Helmet|[of] p2a: Great Tusk
|
|t:|1758379653
|switch|p1a: Alomomola|Alomomola, F|82/100|[from] U-turn
|
|upkeep
|turn|19
|
|t:|1758379657
|move|p2a: Great Tusk|Stealth Rock|p1a: Alomomola
|-sidestart|p1: nushinator|move: Stealth Rock
|move|p1a: Alomomola|Wish|p1a: Alomomola
|
|upkeep
|turn|20
|
|t:|1758379661
|-end|p2a: Great Tusk|Protosynthesis|[silent]
|switch|p2a: Kingambit|Kingambit, F|100/100
|switch|p1a: Corviknight|Corviknight, F|45/100 brn
|-damage|p1a: Corviknight|32/100 brn|[from] Stealth Rock
|-ability|p1a: Corviknight|Pressure
|
|-heal|p1a: Corviknight|99/100 brn|[from] move: Wish|[wisher] Alomomola
|-damage|p1a: Corviknight|93/100 brn|[from] brn
|upkeep
|turn|21
|
|t:|1758379665
|move|p2a: Kingambit|Swords Dance|p2a: Kingambit
|-boost|p2a: Kingambit|atk|2
|move|p1a: Corviknight|Iron Defense|p1a: Corviknight
|-boost|p1a: Corviknight|def|2
|
|-damage|p1a: Corviknight|87/100 brn|[from] brn
|upkeep
|turn|22
|
|t:|1758379670
|-terastallize|p2a: Kingambit|Ghost
|move|p2a: Kingambit|Swords Dance|p2a: Kingambit
|-boost|p2a: Kingambit|atk|2
|move|p1a: Corviknight|Iron Defense|p1a: Corviknight
|-boost|p1a: Corviknight|def|2
|
|-damage|p1a: Corviknight|81/100 brn|[from] brn
|upkeep
|turn|23
|
|t:|1758379674
|move|p2a: Kingambit|Swords Dance|p2a: Kingambit
|-boost|p2a: Kingambit|atk|2
|move|p1a: Corviknight|U-turn|p2a: Kingambit
|-resisted|p2a: Kingambit
|-damage|p2a: Kingambit|98/100
|-message|nushinator forfeited.
|
|win|lerendezvous
|raw|nushinator's rating: 1622 &rarr; <strong>1607</strong><br />(-15 for losing)
|raw|lerendezvous's rating: 1712 &rarr; <strong>1727</strong><br />(+15 for winning)
