|j|☆guoqiushi
|j|☆kelsey fiona
|t:|1758373693
|gametype|singles
|player|p1|guoqiushi|n|1351
|player|p2|kelsey fiona|101|1390
|gen|9
|tier|[Gen 9] OU
|rated|
|rule|HP Percentage Mod: HP is shown in percentages
|rule|Endless Battle Clause: Forcing endless battles is banned
|rule|Species Clause: Limit one of each Pokémon
|rule|OHKO Clause: OHKO moves are banned
|rule|Evasion Items Clause: Evasion items are banned
|rule|Evasion Moves Clause: Evasion moves are banned
|rule|Evasion Abilities Clause: Evasion abilities are banned
|rule|Sleep Moves Clause: Sleep-inducing moves are banned
|clearpoke
|poke|p1|Scizor, F|
|poke|p1|Iron Treads|
|poke|p1|Alomomola, F|
|poke|p1|Meowscarada, M|
|poke|p1|Hydreigon, M|
|poke|p1|Dragapult, F|
|poke|p2|Scovillain, M|
|poke|p2|Hatterene, F|
|poke|p2|Slither Wing|
|poke|p2|Corviknight, F|
|poke|p2|Torkoal, M|
|poke|p2|Walking Wake|
|teampreview
|
|t:|1758373700
|teamsize|p1|6
|teamsize|p2|6
|start
|switch|p1a: Hydreigon|Hydreigon, M|100/100
|switch|p2a: Torkoal|Torkoal, M|100/100
|-weather|SunnyDay|[from] ability: Drought|[of] p2a: Torkoal
|turn|1
|inactive|Battle timer is ON: inactive players will automatically lose when time's up. (requested by guoqiushi)
|
|t:|1758373713
|switch|p2a: Slither Wing|Slither Wing|100/100
|-activate|p2a: Slither Wing|ability: Protosynthesis
|-start|p2a: Slither Wing|protosynthesisspd
|move|p1a: Hydreigon|Nasty Plot|p1a: Hydreigon
|-boost|p1a: Hydreigon|spa|2
|
|-weather|SunnyDay|[upkeep]
|upkeep
|turn|2
|
|t:|1758373723
|-terastallize|p1a: Hydreigon|Poison
|move|p1a: Hydreigon|Draco Meteor|p2a: Slither Wing
|-damage|p2a: Slither Wing|46/100
|-unboost|p1a: Hydreigon|spa|2
|-enditem|p2a: Slither Wing|Eject Button
|
|t:|1758373733
|-end|p2a: Slither Wing|Protosynthesis|[silent]
|switch|p2a: Walking Wake|Walking Wake|100/100
|-activate|p2a: Walking Wake|ability: Protosynthesis
|-start|p2a: Walking Wake|protosynthesisspa
|
|-weather|SunnyDay|[upkeep]
|upkeep
|turn|3
|
|t:|1758373748
|switch|p1a: Dragapult|Dragapult, F|100/100
|move|p2a: Walking Wake|Hydro Steam|p1a: Dragapult
|-resisted|p1a: Dragapult
|-damage|p1a: Dragapult|27/100
|
|-weather|SunnyDay|[upkeep]
|upkeep
|turn|4
|
|t:|1758373759
|-end|p2a: Walking Wake|Protosynthesis|[silent]
|switch|p2a: Slither Wing|Slither Wing|46/100
|-activate|p2a: Slither Wing|ability: Protosynthesis
|-start|p2a: Slither Wing|protosynthesisspd
|move|p1a: Dragapult|Shadow Ball|p2a: Slither Wing
|-damage|p2a: Slither Wing|21/100
|
|-weather|SunnyDay|[upkeep]
|upkeep
|turn|5
|
|t:|1758373763
|switch|p1a: Alomomola|Alomomola, F|100/100
|move|p2a: Slither Wing|U-turn|p1a: Alomomola
|-crit|p1a: Alomomola
|-damage|p1a: Alomomola|75/100
|-damage|p2a: Slither Wing|5/100|[from] item: Rocky Helmet|[of] p1a: Alomomola
|
|t:|1758373770
|-end|p2a: Slither Wing|Protosynthesis|[silent]
|switch|p2a: Scovillain|Scovillain, M|100/100|[from] U-turn
|
|-weather|SunnyDay|[upkeep]
|upkeep
|turn|6
|
|t:|1758373776
|move|p2a: Scovillain|Solar Beam||[still]
|-prepare|p2a: Scovillain|Solar Beam
|-anim|p2a: Scovillain|Solar Beam|p1a: Alomomola
|-supereffective|p1a: Alomomola
|-damage|p1a: Alomomola|0 fnt
|faint|p1a: Alomomola
|
|-weather|SunnyDay|[upkeep]
|upkeep
|
|t:|1758373788
|switch|p1a: Meowscarada|Meowscarada, M|100/100
|turn|7
|
|t:|1758373803
|switch|p2a: Corviknight|Corviknight, F|100/100
|-ability|p2a: Corviknight|Pressure
|move|p1a: Meowscarada|U-turn|p2a: Corviknight
|-start|p1a: Meowscarada|typechange|Bug|[from] ability: Protean
|-resisted|p2a: Corviknight
|-damage|p2a: Corviknight|96/100
|-enditem|p2a: Corviknight|Eject Button
|
|t:|1758373814
|switch|p2a: Scovillain|Scovillain, M|100/100
|
|-weather|SunnyDay|[upkeep]
|upkeep
|turn|8
|
|t:|1758373821
|switch|p1a: Dragapult|Dragapult, F|27/100
|move|p2a: Scovillain|Flamethrower|p1a: Dragapult
|-resisted|p1a: Dragapult
|-damage|p1a: Dragapult|0 fnt
|faint|p1a: Dragapult
|
|-weather|none
|upkeep
|
|t:|1758373827
|switch|p1a: Hydreigon|Hydreigon, M, tera:Poison|100/100
|turn|9
|
|t:|1758373844
|switch|p2a: Torkoal|Torkoal, M|100/100
|-weather|SunnyDay|[from] ability: Drought|[of] p2a: Torkoal
|move|p1a: Hydreigon|Nasty Plot|p1a: Hydreigon
|-boost|p1a: Hydreigon|spa|2
|
|-weather|SunnyDay|[upkeep]
|upkeep
|turn|10
|
|t:|1758373849
|switch|p2a: Slither Wing|Slither Wing|5/100
|-activate|p2a: Slither Wing|ability: Protosynthesis
|-start|p2a: Slither Wing|protosynthesisspd
|move|p1a: Hydreigon|Dark Pulse|p2a: Slither Wing
|-resisted|p2a: Slither Wing
|-damage|p2a: Slither Wing|0 fnt
|faint|p2a: Slither Wing
|-end|p2a: Slither Wing|Protosynthesis|[silent]
|
|-weather|SunnyDay|[upkeep]
|upkeep
|
|t:|1758373857
|switch|p2a: Walking Wake|Walking Wake|100/100
|-activate|p2a: Walking Wake|ability: Protosynthesis
|-start|p2a: Walking Wake|protosynthesisspa
|turn|11
|
|t:|1758373863
|move|p2a: Walking Wake|Hydro Steam|p1a: Hydreigon
|-damage|p1a: Hydreigon|0 fnt
|faint|p1a: Hydreigon
|
|-weather|SunnyDay|[upkeep]
|upkeep
|-message|guoqiushi forfeited.
|
|win|kelsey fiona
|raw|guoqiushi's rating: 1351 &rarr; <strong>1333</strong><br />(-18 for losing)
|raw|kelsey fiona's rating: 1390 &rarr; <strong>1408</strong><br />(+18 for winning)
|l|☆guoqiushi
|player|p1|
|l|☆kelsey fiona
|player|p2|
