|badge|p2|bronze|gen9ou|100-6
|uhtml|medal-msg|<div class="broadcast-blue">Curious what those medals under the avatar are? PS now has Ladder Seasons! For more information, check out the <a href="https://www.smogon.com/forums/threads/3740067/">thread on Smogon.</a></div>
|j|☆sprunkysprunky
|j|☆54 insane rats
|t:|1758234641
|gametype|singles
|player|p1|sprunkysprunky|cyrus|1631
|player|p2|54 insane rats|supernerd|1813
|gen|9
|tier|[Gen 9] OU
|rated|
|rule|HP Percentage Mod: HP is shown in percentages
|rule|Endless Battle Clause: Forcing endless battles is banned
|rule|Species Clause: Limit one of each Pokémon
|rule|OHKO Clause: OHKO moves are banned
|rule|Evasion Items Clause: Evasion items are banned
|rule|Evasion Moves Clause: Evasion moves are banned
|rule|Evasion Abilities Clause: Evasion abilities are banned
|rule|Sleep Moves Clause: Sleep-inducing moves are banned
|clearpoke
|poke|p1|Serperior, F|
|poke|p1|Jirachi|
|poke|p1|Maushold|
|poke|p1|Great Tusk|
|poke|p1|Dragonite, F|
|poke|p1|Polteageist|
|poke|p2|Tyranitar, M|
|poke|p2|Excadrill, M|
|poke|p2|Kingambit, M|
|poke|p2|Garchomp, F|
|poke|p2|Pecharunt|
|poke|p2|Rotom-Wash|
|teampreview
|inactive|Battle timer is ON: inactive players will automatically lose when time's up. (requested by 54 insane rats)
|
|t:|1758234645
|teamsize|p1|6
|teamsize|p2|6
|start
|switch|p1a: Butterscotch|Jirachi|100/100
|switch|p2a: Tyranitar|Tyranitar, M|100/100
|-weather|Sandstorm|[from] ability: Sand Stream|[of] p2a: Tyranitar
|turn|1
|
|t:|1758234648
|move|p1a: Butterscotch|Iron Head|p2a: Tyranitar
|-supereffective|p2a: Tyranitar
|-damage|p2a: Tyranitar|44/100
|cant|p2a: Tyranitar|flinch
|
|-weather|Sandstorm|[upkeep]
|upkeep
|turn|2
|
|t:|1758234653
|switch|p2a: Rotom|Rotom-Wash|100/100
|move|p1a: Butterscotch|Iron Head|p2a: Rotom
|-resisted|p2a: Rotom
|-damage|p2a: Rotom|94/100
|
|-weather|Sandstorm|[upkeep]
|-damage|p2a: Rotom|88/100|[from] Sandstorm
|-heal|p2a: Rotom|94/100|[from] item: Leftovers
|upkeep
|turn|3
|
|t:|1758234659
|move|p1a: Butterscotch|Stealth Rock|p2a: Rotom
|-sidestart|p2: 54 insane rats|move: Stealth Rock
|move|p2a: Rotom|Volt Switch|p1a: Butterscotch
|-damage|p1a: Butterscotch|76/100
|
|t:|1758234661
|switch|p2a: Excadrill|Excadrill, M|100/100|[from] Volt Switch
|-damage|p2a: Excadrill|97/100|[from] Stealth Rock
|
|-weather|Sandstorm|[upkeep]
|upkeep
|turn|4
|
|t:|1758234667
|move|p2a: Excadrill|Earthquake|p1a: Butterscotch
|-supereffective|p1a: Butterscotch
|-damage|p1a: Butterscotch|0 fnt
|faint|p1a: Butterscotch
|-damage|p2a: Excadrill|87/100|[from] item: Life Orb
|
|-weather|Sandstorm|[upkeep]
|upkeep
|
|t:|1758234672
|switch|p1a: Ginseng|Serperior, F|100/100
|turn|5
|
|t:|1758234676
|switch|p2a: Pecharunt|Pecharunt|100/100
|-damage|p2a: Pecharunt|88/100|[from] Stealth Rock
|-item|p2a: Pecharunt|Air Balloon
|move|p1a: Ginseng|Glare|p2a: Pecharunt
|-status|p2a: Pecharunt|par
|
|-weather|Sandstorm|[upkeep]
|-damage|p1a: Ginseng|94/100|[from] Sandstorm
|-damage|p2a: Pecharunt|82/100 par|[from] Sandstorm
|-heal|p1a: Ginseng|100/100|[from] item: Leftovers
|upkeep
|turn|6
|
|t:|1758234680
|move|p1a: Ginseng|Leaf Storm|p2a: Pecharunt
|-resisted|p2a: Pecharunt
|-damage|p2a: Pecharunt|57/100 par
|-boost|p1a: Ginseng|spa|2
|-enditem|p2a: Pecharunt|Air Balloon
|move|p2a: Pecharunt|Malignant Chain|p1a: Ginseng
|-supereffective|p1a: Ginseng
|-damage|p1a: Ginseng|22/100
|
|-weather|Sandstorm|[upkeep]
|-damage|p1a: Ginseng|16/100|[from] Sandstorm
|-damage|p2a: Pecharunt|51/100 par|[from] Sandstorm
|-heal|p1a: Ginseng|22/100|[from] item: Leftovers
|upkeep
|turn|7
|
|t:|1758234690
|move|p1a: Ginseng|Leaf Storm|p2a: Pecharunt
|-resisted|p2a: Pecharunt
|-damage|p2a: Pecharunt|3/100 par
|-boost|p1a: Ginseng|spa|2
|cant|p2a: Pecharunt|par
|
|-weather|Sandstorm|[upkeep]
|-damage|p1a: Ginseng|16/100|[from] Sandstorm
|-damage|p2a: Pecharunt|0 fnt|[from] Sandstorm
|faint|p2a: Pecharunt
|-heal|p1a: Ginseng|22/100|[from] item: Leftovers
|upkeep
|
|t:|1758234694
|switch|p2a: Excadrill|Excadrill, M|87/100
|-damage|p2a: Excadrill|84/100|[from] Stealth Rock
|turn|8
|
|t:|1758234699
|move|p2a: Excadrill|Rapid Spin|p1a: Ginseng
|-damage|p1a: Ginseng|0 fnt
|-boost|p2a: Excadrill|spe|1
|-sideend|p2: 54 insane rats|Stealth Rock|[from] move: Rapid Spin|[of] p2a: Excadrill
|faint|p1a: Ginseng
|-damage|p2a: Excadrill|74/100|[from] item: Life Orb
|
|-weather|none
|upkeep
|
|t:|1758234701
|switch|p1a: Biscuit|Polteageist|100/100
|turn|9
|
|t:|1758234704
|switch|p2a: Tyranitar|Tyranitar, M|44/100
|-weather|Sandstorm|[from] ability: Sand Stream|[of] p2a: Tyranitar
|move|p1a: Biscuit|Shell Smash|p1a: Biscuit
|-unboost|p1a: Biscuit|def|1
|-unboost|p1a: Biscuit|spd|1
|-boost|p1a: Biscuit|atk|2
|-boost|p1a: Biscuit|spa|2
|-boost|p1a: Biscuit|spe|2
|
|-weather|Sandstorm|[upkeep]
|-damage|p1a: Biscuit|94/100|[from] Sandstorm
|upkeep
|turn|10
|
|t:|1758234719
|move|p1a: Biscuit|Giga Drain|p2a: Tyranitar
|-supereffective|p2a: Tyranitar
|-damage|p2a: Tyranitar|0 fnt
|-heal|p1a: Biscuit|100/100|[from] drain|[of] p2a: Tyranitar
|faint|p2a: Tyranitar
|
|-weather|Sandstorm|[upkeep]
|-damage|p1a: Biscuit|94/100|[from] Sandstorm
|upkeep
|
|t:|1758234724
|switch|p2a: Excadrill|Excadrill, M|74/100
|turn|11
|
|t:|1758234725
|move|p2a: Excadrill|Earthquake|p1a: Biscuit
|-damage|p1a: Biscuit|0 fnt
|faint|p1a: Biscuit
|-damage|p2a: Excadrill|64/100|[from] item: Life Orb
|
|-weather|Sandstorm|[upkeep]
|upkeep
|
|t:|1758234727
|switch|p1a: Hot Plate|Dragonite, F|100/100
|turn|12
|
|t:|1758234729
|move|p2a: Excadrill|Rock Slide|p1a: Hot Plate
|-supereffective|p1a: Hot Plate
|-damage|p1a: Hot Plate|56/100
|-damage|p2a: Excadrill|55/100|[from] item: Life Orb
|move|p1a: Hot Plate|Encore|p2a: Excadrill
|-start|p2a: Excadrill|Encore
|
|-weather|Sandstorm|[upkeep]
|-damage|p1a: Hot Plate|50/100|[from] Sandstorm
|upkeep
|turn|13
|
|t:|1758234733
|switch|p2a: Rotom|Rotom-Wash|94/100
|move|p1a: Hot Plate|Dragon Dance|p1a: Hot Plate
|-boost|p1a: Hot Plate|atk|1
|-boost|p1a: Hot Plate|spe|1
|
|-weather|Sandstorm|[upkeep]
|-damage|p1a: Hot Plate|44/100|[from] Sandstorm
|-damage|p2a: Rotom|88/100|[from] Sandstorm
|-heal|p2a: Rotom|94/100|[from] item: Leftovers
|upkeep
|turn|14
|
|t:|1758234736
|move|p1a: Hot Plate|Aerial Ace|p2a: Rotom
|-resisted|p2a: Rotom
|-damage|p2a: Rotom|75/100
|move|p2a: Rotom|Volt Switch|p1a: Hot Plate
|-damage|p1a: Hot Plate|16/100
|
|t:|1758234741
|switch|p2a: Excadrill|Excadrill, M|55/100|[from] Volt Switch
|
|-weather|Sandstorm|[upkeep]
|-damage|p1a: Hot Plate|10/100|[from] Sandstorm
|upkeep
|turn|15
|
|t:|1758234748
|move|p2a: Excadrill|Rapid Spin|p1a: Hot Plate
|-damage|p1a: Hot Plate|0 fnt
|-boost|p2a: Excadrill|spe|1
|faint|p1a: Hot Plate
|-damage|p2a: Excadrill|45/100|[from] item: Life Orb
|
|-weather|Sandstorm|[upkeep]
|upkeep
|
|t:|1758234750
|switch|p1a: Spud|Great Tusk|100/100
|turn|16
|
|t:|1758234758
|move|p2a: Excadrill|Earthquake|p1a: Spud
|-damage|p1a: Spud|47/100
|-damage|p2a: Excadrill|35/100|[from] item: Life Orb
|move|p1a: Spud|Rapid Spin|p2a: Excadrill
|-resisted|p2a: Excadrill
|-damage|p2a: Excadrill|23/100
|-boost|p1a: Spud|spe|1
|
|-weather|none
|upkeep
|turn|17
|
|t:|1758234761
|move|p1a: Spud|Earthquake|p2a: Excadrill
|-supereffective|p2a: Excadrill
|-damage|p2a: Excadrill|0 fnt
|faint|p2a: Excadrill
|
|upkeep
|
|t:|1758234764
|switch|p2a: Rotom|Rotom-Wash|75/100
|turn|18
|
|t:|1758234771
|move|p1a: Spud|Ice Spinner|p2a: Rotom
|-resisted|p2a: Rotom
|-damage|p2a: Rotom|64/100
|move|p2a: Rotom|Hydro Pump|p1a: Spud
|-supereffective|p1a: Spud
|-damage|p1a: Spud|0 fnt
|faint|p1a: Spud
|-end|p1a: Spud|Protosynthesis|[silent]
|
|-heal|p2a: Rotom|70/100|[from] item: Leftovers
|upkeep
|
|t:|1758234772
|switch|p1a: Croquette|Maushold|100/100
|turn|19
|
|t:|1758234779
|-terastallize|p1a: Croquette|Normal
|-terastallize|p2a: Rotom|Steel
|move|p1a: Croquette|Population Bomb|p2a: Rotom
|-resisted|p2a: Rotom
|-damage|p2a: Rotom|64/100
|-resisted|p2a: Rotom
|-damage|p2a: Rotom|58/100
|-resisted|p2a: Rotom
|-damage|p2a: Rotom|52/100
|-resisted|p2a: Rotom
|-damage|p2a: Rotom|46/100
|-resisted|p2a: Rotom
|-damage|p2a: Rotom|40/100
|-resisted|p2a: Rotom
|-damage|p2a: Rotom|35/100
|-resisted|p2a: Rotom
|-damage|p2a: Rotom|29/100
|-resisted|p2a: Rotom
|-damage|p2a: Rotom|23/100
|-resisted|p2a: Rotom
|-damage|p2a: Rotom|17/100
|-resisted|p2a: Rotom
|-damage|p2a: Rotom|11/100
|-hitcount|p2a: Rotom|10
|move|p2a: Rotom|Will-O-Wisp|p1a: Croquette
|-status|p1a: Croquette|brn
|
|-heal|p2a: Rotom|17/100|[from] item: Leftovers
|-damage|p1a: Croquette|94/100 brn|[from] brn
|upkeep
|turn|20
|-message|sprunkysprunky forfeited.
|
|win|54 insane rats
|raw|sprunkysprunky's rating: 1631 &rarr; <strong>1621</strong><br />(-10 for losing)
|raw|54 insane rats's rating: 1813 &rarr; <strong>1823</strong><br />(+10 for winning)
|l|☆sprunkysprunky
|player|p1|
|l|☆54 insane rats
|player|p2|
