|j|‽weakrat
|j|☆Alpha Rong Yuan
|t:|1758265670
|gametype|singles
|player|p1|weakrat|bruno-gen3|1302
|player|p2|Alpha Rong Yuan|102|1255
|gen|9
|tier|[Gen 9] OU
|rated|
|rule|HP Percentage Mod: HP is shown in percentages
|rule|Endless Battle Clause: Forcing endless battles is banned
|rule|Species Clause: Limit one of each Pokémon
|rule|OHKO Clause: OHKO moves are banned
|rule|Evasion Items Clause: Evasion items are banned
|rule|Evasion Moves Clause: Evasion moves are banned
|rule|Evasion Abilities Clause: Evasion abilities are banned
|rule|Sleep Moves Clause: Sleep-inducing moves are banned
|clearpoke
|poke|p1|Deoxys-Speed|
|poke|p1|Iron Crown|
|poke|p1|Ogerpon-Wellspring, F|
|poke|p1|Raging Bolt|
|poke|p1|Ceruledge, M|
|poke|p1|Iron Jugulis|
|poke|p2|Deoxys-Speed|
|poke|p2|Kingambit, M|
|poke|p2|Pawmot, M|
|poke|p2|Cinderace, F|
|poke|p2|Ursaluna, M|
|poke|p2|Moltres|
|teampreview
|
|t:|1758265680
|teamsize|p1|6
|teamsize|p2|6
|start
|switch|p1a: Deoxys|Deoxys-Speed|100/100
|switch|p2a: Kingambit|Kingambit, M|100/100
|-ability|p1a: Deoxys|Pressure
|-ability|p2a: Kingambit|Pressure
|turn|1
|
|t:|1758265698
|switch|p1a: Iron Jugulis|Iron Jugulis|100/100
|-enditem|p1a: Iron Jugulis|Booster Energy
|-activate|p1a: Iron Jugulis|ability: Quark Drive|[fromitem]
|-start|p1a: Iron Jugulis|quarkdrivespe
|move|p2a: Kingambit|Thunder Wave|p1a: Iron Jugulis
|-status|p1a: Iron Jugulis|par
|
|upkeep
|turn|2
|
|t:|1758265712
|move|p1a: Iron Jugulis|Work Up|p1a: Iron Jugulis
|-boost|p1a: Iron Jugulis|atk|1
|-boost|p1a: Iron Jugulis|spa|1
|move|p2a: Kingambit|Substitute|p2a: Kingambit
|-start|p2a: Kingambit|Substitute
|-damage|p2a: Kingambit|76/100
|
|-heal|p2a: Kingambit|82/100|[from] item: Leftovers
|upkeep
|turn|3
|
|t:|1758265719
|move|p1a: Iron Jugulis|Earth Power|p2a: Kingambit
|-supereffective|p2a: Kingambit
|-end|p2a: Kingambit|Substitute
|move|p2a: Kingambit|Spite|p1a: Iron Jugulis
|-activate|p1a: Iron Jugulis|move: Spite|Earth Power|4
|
|-heal|p2a: Kingambit|88/100|[from] item: Leftovers
|upkeep
|turn|4
|
|t:|1758265726
|switch|p2a: Moltres|Moltres|100/100
|move|p1a: Iron Jugulis|Earth Power|p2a: Moltres
|-immune|p2a: Moltres
|
|upkeep
|turn|5
|
|t:|1758265734
|cant|p1a: Iron Jugulis|par
|move|p2a: Moltres|Roar|p1a: Iron Jugulis
|-end|p1a: Iron Jugulis|Quark Drive|[silent]
|drag|p1a: Raging Bolt|Raging Bolt|100/100
|
|upkeep
|turn|6
|
|t:|1758265744
|switch|p2a: Ursaluna|Ursaluna, M|100/100
|move|p1a: Raging Bolt|Dragon Pulse|p2a: Ursaluna
|-damage|p2a: Ursaluna|71/100
|
|-heal|p2a: Ursaluna|77/100|[from] item: Leftovers
|upkeep
|turn|7
|
|t:|1758265753
|-end|p1a: Raging Bolt|Protosynthesis|[silent]
|switch|p1a: Iron Jugulis|Iron Jugulis|100/100 par
|move|p2a: Ursaluna|Earthquake|p1a: Iron Jugulis
|-immune|p1a: Iron Jugulis
|
|-heal|p2a: Ursaluna|83/100|[from] item: Leftovers
|upkeep
|turn|8
|
|t:|1758265760
|move|p1a: Iron Jugulis|Hurricane|p2a: Ursaluna
|-damage|p2a: Ursaluna|52/100
|-start|p2a: Ursaluna|confusion
|-activate|p2a: Ursaluna|confusion
|move|p2a: Ursaluna|Smack Down|p1a: Iron Jugulis
|-supereffective|p1a: Iron Jugulis
|-damage|p1a: Iron Jugulis|66/100 par
|-start|p1a: Iron Jugulis|Smack Down
|
|-heal|p2a: Ursaluna|58/100|[from] item: Leftovers
|upkeep
|turn|9
|
|t:|1758265777
|move|p1a: Iron Jugulis|Work Up|p1a: Iron Jugulis
|-boost|p1a: Iron Jugulis|atk|1
|-boost|p1a: Iron Jugulis|spa|1
|-end|p2a: Ursaluna|confusion
|move|p2a: Ursaluna|Earthquake|p1a: Iron Jugulis
|-damage|p1a: Iron Jugulis|16/100 par
|
|-heal|p2a: Ursaluna|65/100|[from] item: Leftovers
|upkeep
|turn|10
|
|t:|1758265788
|move|p1a: Iron Jugulis|Hurricane|p2a: Ursaluna
|-damage|p2a: Ursaluna|11/100
|move|p2a: Ursaluna|Earthquake|p1a: Iron Jugulis
|-damage|p1a: Iron Jugulis|0 fnt
|faint|p1a: Iron Jugulis
|-end|p1a: Iron Jugulis|Quark Drive|[silent]
|
|-heal|p2a: Ursaluna|17/100|[from] item: Leftovers
|upkeep
|
|t:|1758265793
|switch|p1a: Deoxys|Deoxys-Speed|100/100
|-ability|p1a: Deoxys|Pressure
|turn|11
|
|t:|1758265799
|move|p2a: Ursaluna|Protect|p2a: Ursaluna
|-singleturn|p2a: Ursaluna|Protect
|move|p1a: Deoxys|Reflect|p1a: Deoxys
|-sidestart|p1: weakrat|Reflect
|
|-heal|p2a: Ursaluna|23/100|[from] item: Leftovers
|upkeep
|turn|12
|
|t:|1758265806
|switch|p2a: Kingambit|Kingambit, M|88/100
|-ability|p2a: Kingambit|Pressure
|move|p1a: Deoxys|Light Screen|p1a: Deoxys
|-sidestart|p1: weakrat|move: Light Screen
|
|-heal|p2a: Kingambit|94/100|[from] item: Leftovers
|upkeep
|turn|13
|
|t:|1758265813
|move|p2a: Kingambit|Substitute|p2a: Kingambit
|-start|p2a: Kingambit|Substitute
|-damage|p2a: Kingambit|69/100
|move|p1a: Deoxys|Counter||[still]
|-fail|p1a: Deoxys
|
|-heal|p2a: Kingambit|76/100|[from] item: Leftovers
|upkeep
|turn|14
|
|t:|1758265819
|switch|p1a: Iron Crown|Iron Crown|100/100
|-enditem|p1a: Iron Crown|Booster Energy
|-activate|p1a: Iron Crown|ability: Quark Drive|[fromitem]
|-start|p1a: Iron Crown|quarkdrivespe
|move|p2a: Kingambit|Thunder Wave|p1a: Iron Crown
|-status|p1a: Iron Crown|par
|
|-heal|p2a: Kingambit|82/100|[from] item: Leftovers
|upkeep
|turn|15
|
|t:|1758265825
|-terastallize|p1a: Iron Crown|Fighting
|move|p1a: Iron Crown|Calm Mind|p1a: Iron Crown
|-boost|p1a: Iron Crown|spa|1
|-boost|p1a: Iron Crown|spd|1
|move|p2a: Kingambit|Dig||[still]
|-prepare|p2a: Kingambit|Dig
|
|-heal|p2a: Kingambit|88/100|[from] item: Leftovers
|upkeep
|turn|16
|
|t:|1758265828
|move|p1a: Iron Crown|Calm Mind|p1a: Iron Crown
|-boost|p1a: Iron Crown|spa|1
|-boost|p1a: Iron Crown|spd|1
|move|p2a: Kingambit|Dig|p1a: Iron Crown|[from] lockedmove
|-damage|p1a: Iron Crown|89/100 par
|
|-heal|p2a: Kingambit|94/100|[from] item: Leftovers
|upkeep
|turn|17
|
|t:|1758265839
|move|p1a: Iron Crown|Tachyon Cutter|p2a: Kingambit
|-resisted|p2a: Kingambit
|-crit|p2a: Kingambit
|-end|p2a: Kingambit|Substitute
|-resisted|p2a: Kingambit
|-damage|p2a: Kingambit|74/100
|-hitcount|p2a: Kingambit|2
|move|p2a: Kingambit|Spite|p1a: Iron Crown
|-activate|p1a: Iron Crown|move: Spite|Tachyon Cutter|4
|
|-heal|p2a: Kingambit|80/100|[from] item: Leftovers
|upkeep
|turn|18
|
|t:|1758265851
|switch|p2a: Moltres|Moltres|100/100
|cant|p1a: Iron Crown|par
|
|-sideend|p1: weakrat|Reflect
|upkeep
|turn|19
|
|t:|1758265863
|move|p1a: Iron Crown|Psyshock|p2a: Moltres
|-damage|p2a: Moltres|34/100
|move|p2a: Moltres|Roost|p2a: Moltres
|-heal|p2a: Moltres|84/100
|-singleturn|p2a: Moltres|move: Roost
|
|-sideend|p1: weakrat|move: Light Screen
|upkeep
|turn|20
|
|t:|1758265868
|move|p1a: Iron Crown|Psyshock|p2a: Moltres
|-damage|p2a: Moltres|10/100
|move|p2a: Moltres|Roar|p1a: Iron Crown
|-end|p1a: Iron Crown|Quark Drive|[silent]
|drag|p1a: Ogerpon|Ogerpon-Wellspring, F|100/100
|
|upkeep
|turn|21
|
|t:|1758265880
|move|p1a: Ogerpon|Swords Dance|p1a: Ogerpon
|-boost|p1a: Ogerpon|atk|2
|move|p2a: Moltres|U-turn|p1a: Ogerpon
|-supereffective|p1a: Ogerpon
|-damage|p1a: Ogerpon|66/100
|
|t:|1758265887
|switch|p2a: Deoxys|Deoxys-Speed|100/100|[from] U-turn
|-ability|p2a: Deoxys|Pressure
|
|upkeep
|turn|22
|
|t:|1758265899
|move|p2a: Deoxys|Cosmic Power|p2a: Deoxys
|-boost|p2a: Deoxys|def|1
|-boost|p2a: Deoxys|spd|1
|move|p1a: Ogerpon|Trailblaze|p2a: Deoxys
|-damage|p2a: Deoxys|54/100
|-boost|p1a: Ogerpon|spe|1
|
|upkeep
|turn|23
|
|t:|1758265908
|move|p1a: Ogerpon|Ivy Cudgel|p2a: Deoxys|[anim] Ivy Cudgel Water
|-damage|p2a: Deoxys|0 fnt
|faint|p2a: Deoxys
|
|upkeep
|
|t:|1758265915
|switch|p2a: 手法而微|Cinderace, F|100/100
|turn|24
|
|t:|1758265920
|move|p2a: 手法而微|Sucker Punch|p1a: Ogerpon
|-start|p2a: 手法而微|typechange|Dark|[from] ability: Libero
|-damage|p1a: Ogerpon|34/100
|move|p1a: Ogerpon|Ivy Cudgel|p2a: 手法而微|[anim] Ivy Cudgel Water
|-damage|p2a: 手法而微|4/100
|
|upkeep
|turn|25
|
|t:|1758265925
|move|p2a: 手法而微|Sucker Punch|p1a: Ogerpon
|-damage|p1a: Ogerpon|4/100
|move|p1a: Ogerpon|Trailblaze|p2a: 手法而微
|-damage|p2a: 手法而微|0 fnt
|-boost|p1a: Ogerpon|spe|1
|faint|p2a: 手法而微
|
|upkeep
|
|t:|1758265934
|switch|p2a: Pawmot|Pawmot, M|100/100
|turn|26
|
|t:|1758265951
|switch|p1a: Ceruledge|Ceruledge, M|100/100
|-terastallize|p2a: Pawmot|Dragon
|move|p2a: Pawmot|Volt Switch|p1a: Ceruledge
|-damage|p1a: Ceruledge|84/100
|
|t:|1758265957
|switch|p2a: Ursaluna|Ursaluna, M|23/100|[from] Volt Switch
|
|-heal|p2a: Ursaluna|30/100|[from] item: Leftovers
|upkeep
|turn|27
|
|t:|1758265965
|move|p1a: Ceruledge|Bitter Blade|p2a: Ursaluna
|-damage|p2a: Ursaluna|0 fnt
|-heal|p1a: Ceruledge|100/100|[from] drain|[of] p2a: Ursaluna
|faint|p2a: Ursaluna
|-damage|p1a: Ceruledge|91/100|[from] item: Life Orb
|
|upkeep
|
|t:|1758265971
|switch|p2a: Pawmot|Pawmot, M, tera:Dragon|100/100
|turn|28
|
|t:|1758265976
|move|p2a: Pawmot|Rest|p2a: Pawmot
|-fail|p2a: Pawmot|heal
|move|p1a: Ceruledge|Poltergeist|p2a: Pawmot
|-activate|p2a: Pawmot|move: Poltergeist|Leftovers
|-damage|p2a: Pawmot|11/100
|-damage|p1a: Ceruledge|81/100|[from] item: Life Orb
|
|-heal|p2a: Pawmot|17/100|[from] item: Leftovers
|upkeep
|turn|29
|
|t:|1758265980
|move|p1a: Ceruledge|Shadow Sneak|p2a: Pawmot
|-damage|p2a: Pawmot|0 fnt
|faint|p2a: Pawmot
|-damage|p1a: Ceruledge|71/100|[from] item: Life Orb
|
|upkeep
|-message|Alpha Rong Yuan forfeited.
|
|win|weakrat
|raw|weakrat's rating: 1302 &rarr; <strong>1319</strong><br />(+17 for winning)
|raw|Alpha Rong Yuan's rating: 1255 &rarr; <strong>1233</strong><br />(-22 for losing)
|l|☆Alpha Rong Yuan
|player|p2|
|l|‽weakrat
|player|p1|
