|j|☆beentheredonepat
|j|☆crashbuster
|t:|1758350255
|gametype|singles
|player|p1|beentheredonepat|ethan|1147
|player|p2|crashbuster|brycenman|1092
|gen|9
|tier|[Gen 9] OU
|rated|
|rule|HP Percentage Mod: HP is shown in percentages
|rule|Endless Battle Clause: Forcing endless battles is banned
|rule|Species Clause: Limit one of each Pokémon
|rule|OHKO Clause: OHKO moves are banned
|rule|Evasion Items Clause: Evasion items are banned
|rule|Evasion Moves Clause: Evasion moves are banned
|rule|Evasion Abilities Clause: Evasion abilities are banned
|rule|Sleep Moves Clause: Sleep-inducing moves are banned
|clearpoke
|poke|p1|Wigglytuff, F|
|poke|p1|Ambipom, F|
|poke|p1|Maushold-Four|
|poke|p1|Snorlax, F|
|poke|p1|Indeedee, M|
|poke|p1|Ursaluna, F|
|poke|p2|Milotic, F|
|poke|p2|Sinistcha-Masterpiece|
|poke|p2|Dudunsparce-*, M|
|poke|p2|Magmortar, M|
|poke|p2|Electivire, F|
|poke|p2|Kommo-o, M|
|teampreview
|
|t:|1758350259
|teamsize|p1|6
|teamsize|p2|6
|start
|switch|p1a: Indeedee|Indeedee, M|100/100
|switch|p2a: Dudunsparce|Dudunsparce-Three-Segment, M|100/100
|turn|1
|
|t:|1758350269
|move|p1a: Indeedee|Fake Out|p2a: Dudunsparce
|-damage|p2a: Dudunsparce|92/100
|-damage|p1a: Indeedee|84/100|[from] item: Rocky Helmet|[of] p2a: Dudunsparce
|cant|p2a: Dudunsparce|flinch
|
|upkeep
|turn|2
|
|t:|1758350277
|move|p2a: Dudunsparce|Stealth Rock|p1a: Indeedee
|-sidestart|p1: beentheredonepat|move: Stealth Rock
|move|p1a: Indeedee|Trick Room|p1a: Indeedee
|-fieldstart|move: Trick Room|[of] p1a: Indeedee
|
|upkeep
|turn|3
|
|t:|1758350284
|move|p2a: Dudunsparce|Toxic|p1a: Indeedee
|-status|p1a: Indeedee|tox
|move|p1a: Indeedee|Encore|p2a: Dudunsparce
|-start|p2a: Dudunsparce|Encore
|
|-damage|p1a: Indeedee|78/100 tox|[from] psn
|upkeep
|turn|4
|
|t:|1758350296
|switch|p2a: Milotic|Milotic, F|100/100
|move|p1a: Indeedee|Healing Wish|p1a: Indeedee
|faint|p1a: Indeedee
|
|upkeep
|
|t:|1758350301
|switch|p1a: Ursaluna|Ursaluna, F|100/100
|-damage|p1a: Ursaluna|94/100|[from] Stealth Rock
|turn|5
|
|t:|1758350305
|move|p1a: Ursaluna|Swords Dance|p1a: Ursaluna
|-boost|p1a: Ursaluna|atk|2
|move|p2a: Milotic|Scald|p1a: Ursaluna
|-supereffective|p1a: Ursaluna
|-damage|p1a: Ursaluna|36/100
|-status|p1a: Ursaluna|brn
|
|-damage|p1a: Ursaluna|30/100 brn|[from] brn
|upkeep
|turn|6
|
|t:|1758350328
|switch|p2a: Electivire|Electivire, F|100/100
|move|p1a: Ursaluna|Facade|p2a: Electivire
|-damage|p2a: Electivire|0 fnt
|faint|p2a: Electivire
|
|-damage|p1a: Ursaluna|24/100 brn|[from] brn
|-fieldend|move: Trick Room
|upkeep
|inactive|Battle timer is ON: inactive players will automatically lose when time's up. (requested by beentheredonepat)
|
|t:|1758350338
|switch|p2a: Sinistcha|Sinistcha-Masterpiece|100/100
|turn|7
|
|t:|1758350343
|move|p2a: Sinistcha|Matcha Gotcha|p1a: Ursaluna
|-supereffective|p1a: Ursaluna
|-damage|p1a: Ursaluna|0 fnt
|faint|p1a: Ursaluna
|
|upkeep
|
|t:|1758350352
|switch|p1a: Ambipom|Ambipom, F|100/100
|-damage|p1a: Ambipom|88/100|[from] Stealth Rock
|turn|8
|
|t:|1758350356
|switch|p2a: Dudunsparce|Dudunsparce-Three-Segment, M|92/100
|move|p1a: Ambipom|Triple Axel|p2a: Dudunsparce
|-damage|p2a: Dudunsparce|84/100
|-damage|p1a: Ambipom|72/100|[from] item: Rocky Helmet|[of] p2a: Dudunsparce
|-damage|p2a: Dudunsparce|67/100
|-damage|p1a: Ambipom|55/100|[from] item: Rocky Helmet|[of] p2a: Dudunsparce
|-damage|p2a: Dudunsparce|41/100
|-damage|p1a: Ambipom|39/100|[from] item: Rocky Helmet|[of] p2a: Dudunsparce
|-hitcount|p2a: Dudunsparce|3
|
|upkeep
|turn|9
|
|t:|1758350370
|move|p1a: Ambipom|U-turn|p2a: Dudunsparce
|-damage|p2a: Dudunsparce|20/100
|-damage|p1a: Ambipom|22/100|[from] item: Rocky Helmet|[of] p2a: Dudunsparce
|
|t:|1758350373
|switch|p1a: Snorlax|Snorlax, F|100/100|[from] U-turn
|-damage|p1a: Snorlax|88/100|[from] Stealth Rock
|move|p2a: Dudunsparce|Dragon Tail|p1a: Snorlax
|-damage|p1a: Snorlax|80/100
|drag|p1a: Maushold|Maushold-Four|100/100
|-damage|p1a: Maushold|88/100|[from] Stealth Rock
|
|upkeep
|turn|10
|
|t:|1758350387
|move|p1a: Maushold|Population Bomb|p2a: Dudunsparce
|-damage|p2a: Dudunsparce|4/100
|-damage|p1a: Maushold|72/100|[from] item: Rocky Helmet|[of] p2a: Dudunsparce
|-damage|p2a: Dudunsparce|0 fnt
|-damage|p1a: Maushold|55/100|[from] item: Rocky Helmet|[of] p2a: Dudunsparce
|faint|p2a: Dudunsparce
|-hitcount|p2: Dudunsparce|2
|
|upkeep
|
|t:|1758350394
|switch|p2a: Sinistcha|Sinistcha-Masterpiece|100/100
|turn|11
|
|t:|1758350400
|switch|p1a: Ambipom|Ambipom, F|22/100
|-heal|p1a: Ambipom|100/100|[from] move: Healing Wish
|-damage|p1a: Ambipom|88/100|[from] Stealth Rock
|move|p2a: Sinistcha|Matcha Gotcha|p1a: Ambipom
|-damage|p1a: Ambipom|46/100
|-status|p1a: Ambipom|brn
|
|-damage|p1a: Ambipom|40/100 brn|[from] brn
|upkeep
|turn|12
|
|t:|1758350416
|move|p1a: Ambipom|Triple Axel|p2a: Sinistcha|[miss]
|-miss|p1a: Ambipom|p2a: Sinistcha
|move|p2a: Sinistcha|Matcha Gotcha|p1a: Ambipom
|-damage|p1a: Ambipom|0 fnt
|faint|p1a: Ambipom
|
|upkeep
|
|t:|1758350420
|switch|p1a: Wigglytuff|Wigglytuff, F|100/100
|-damage|p1a: Wigglytuff|88/100|[from] Stealth Rock
|turn|13
|
|t:|1758350430
|move|p2a: Sinistcha|Scald|p1a: Wigglytuff
|-damage|p1a: Wigglytuff|60/100
|-status|p1a: Wigglytuff|brn
|move|p1a: Wigglytuff|Stealth Rock|p2a: Sinistcha
|-sidestart|p2: crashbuster|move: Stealth Rock
|
|-heal|p1a: Wigglytuff|67/100 brn|[from] item: Leftovers
|-damage|p1a: Wigglytuff|60/100 brn|[from] brn
|upkeep
|turn|14
|
|t:|1758350437
|move|p2a: Sinistcha|Calm Mind|p2a: Sinistcha
|-boost|p2a: Sinistcha|spa|1
|-boost|p2a: Sinistcha|spd|1
|move|p1a: Wigglytuff|Wish|p1a: Wigglytuff
|
|-heal|p1a: Wigglytuff|67/100 brn|[from] item: Leftovers
|-damage|p1a: Wigglytuff|60/100 brn|[from] brn
|upkeep
|turn|15
|
|t:|1758350444
|move|p2a: Sinistcha|Matcha Gotcha|p1a: Wigglytuff
|-damage|p1a: Wigglytuff|0 fnt
|faint|p1a: Wigglytuff
|
|upkeep
|
|t:|1758350451
|switch|p1a: Snorlax|Snorlax, F|80/100
|-damage|p1a: Snorlax|68/100|[from] Stealth Rock
|turn|16
|
|t:|1758350457
|move|p2a: Sinistcha|Matcha Gotcha|p1a: Snorlax|[miss]
|-miss|p2a: Sinistcha|p1a: Snorlax
|move|p1a: Snorlax|Belly Drum|p1a: Snorlax
|-damage|p1a: Snorlax|18/100
|-setboost|p1a: Snorlax|atk|6|[from] move: Belly Drum
|
|-heal|p1a: Snorlax|24/100|[from] item: Leftovers
|upkeep
|turn|17
|
|t:|1758350466
|move|p2a: Sinistcha|Matcha Gotcha|p1a: Snorlax
|-damage|p1a: Snorlax|0 fnt
|faint|p1a: Snorlax
|
|upkeep
|-message|beentheredonepat forfeited.
|
|win|crashbuster
|raw|beentheredonepat's rating: 1147 &rarr; <strong>1118</strong><br />(-29 for losing)
|raw|crashbuster's rating: 1092 &rarr; <strong>1122</strong><br />(+30 for winning)
|l|☆beentheredonepat
|player|p1|
|l|☆crashbuster
|player|p2|
