|j|☆sanshater12
|j|☆xp180
|t:|1758233810
|gametype|singles
|player|p1|sanshater12|1|1485
|player|p2|xp180|170|1466
|gen|9
|tier|[Gen 9] OU
|rated|
|rule|HP Percentage Mod: HP is shown in percentages
|rule|Endless Battle Clause: Forcing endless battles is banned
|rule|Species Clause: Limit one of each Pokémon
|rule|OHKO Clause: OHKO moves are banned
|rule|Evasion Items Clause: Evasion items are banned
|rule|Evasion Moves Clause: Evasion moves are banned
|rule|Evasion Abilities Clause: Evasion abilities are banned
|rule|Sleep Moves Clause: Sleep-inducing moves are banned
|clearpoke
|poke|p1|Alomomola, M|
|poke|p1|Iron Hands|
|poke|p1|Zamazenta-*|
|poke|p1|Iron Moth|
|poke|p1|Gholdengo|
|poke|p1|Quagsire, F|
|poke|p2|Dragapult, F|
|poke|p2|Dragonite, M|
|poke|p2|Iron Moth|
|poke|p2|Greninja-*, M|
|poke|p2|Serperior, M|
|poke|p2|Iron Treads|
|teampreview
|inactive|Battle timer is ON: inactive players will automatically lose when time's up. (requested by sanshater12)
|
|t:|1758233823
|teamsize|p1|6
|teamsize|p2|6
|start
|switch|p1a: Iron Hands|Iron Hands|100/100
|switch|p2a: Iron Treads|Iron Treads|100/100
|-enditem|p2a: Iron Treads|Booster Energy
|-activate|p2a: Iron Treads|ability: Quark Drive|[fromitem]
|-start|p2a: Iron Treads|quarkdrivespe
|-enditem|p1a: Iron Hands|Booster Energy
|-activate|p1a: Iron Hands|ability: Quark Drive|[fromitem]
|-start|p1a: Iron Hands|quarkdriveatk
|turn|1
|
|t:|1758233836
|move|p2a: Iron Treads|Stealth Rock|p1a: Iron Hands
|-sidestart|p1: sanshater12|move: Stealth Rock
|move|p1a: Iron Hands|Close Combat|p2a: Iron Treads
|-supereffective|p2a: Iron Treads
|-damage|p2a: Iron Treads|0 fnt
|-unboost|p1a: Iron Hands|def|1
|-unboost|p1a: Iron Hands|spd|1
|faint|p2a: Iron Treads
|-end|p2a: Iron Treads|Quark Drive|[silent]
|
|upkeep
|
|t:|1758233845
|switch|p2a: Serperior|Serperior, M|100/100
|turn|2
|
|t:|1758233853
|move|p2a: Serperior|Leaf Storm|p1a: Iron Hands
|-damage|p1a: Iron Hands|48/100
|-boost|p2a: Serperior|spa|2
|move|p1a: Iron Hands|Ice Punch|p2a: Serperior
|-supereffective|p2a: Serperior
|-damage|p2a: Serperior|6/100
|
|upkeep
|turn|3
|-enditem|p2a: Serperior|Custap Berry|[eat]
|-activate|p2a: Serperior|item: Custap Berry|[consumed]
|
|t:|1758233867
|move|p2a: Serperior|Leaf Storm|p1a: Iron Hands
|-damage|p1a: Iron Hands|0 fnt
|-boost|p2a: Serperior|spa|2
|faint|p1a: Iron Hands
|-end|p1a: Iron Hands|Quark Drive|[silent]
|
|upkeep
|
|t:|1758233870
|switch|p1a: Iron Moth|Iron Moth|100/100
|-damage|p1a: Iron Moth|76/100|[from] Stealth Rock
|-enditem|p1a: Iron Moth|Booster Energy
|-activate|p1a: Iron Moth|ability: Quark Drive|[fromitem]
|-start|p1a: Iron Moth|quarkdrivespe
|turn|4
|
|t:|1758233881
|switch|p2a: Dragapult|Dragapult, F|100/100
|move|p1a: Iron Moth|Sludge Wave|p2a: Dragapult
|-resisted|p2a: Dragapult
|-damage|p2a: Dragapult|67/100
|
|upkeep
|turn|5
|
|t:|1758233892
|move|p1a: Iron Moth|Substitute|p1a: Iron Moth
|-start|p1a: Iron Moth|Substitute
|-damage|p1a: Iron Moth|51/100
|move|p2a: Dragapult|Hydro Pump|p1a: Iron Moth
|-supereffective|p1a: Iron Moth
|-damage|p1a: Iron Moth|0 fnt
|faint|p1a: Iron Moth
|-end|p1a: Iron Moth|Quark Drive|[silent]
|
|upkeep
|
|t:|1758233904
|switch|p1a: Gholdengo|Gholdengo|100/100
|-damage|p1a: Gholdengo|94/100|[from] Stealth Rock
|turn|6
|
|t:|1758233907
|move|p1a: Gholdengo|Shadow Ball|p2a: Dragapult
|-supereffective|p2a: Dragapult
|-damage|p2a: Dragapult|0 fnt
|faint|p2a: Dragapult
|
|upkeep
|
|t:|1758233910
|switch|p2a: Iron Moth|Iron Moth|100/100
|-enditem|p2a: Iron Moth|Booster Energy
|-activate|p2a: Iron Moth|ability: Quark Drive|[fromitem]
|-start|p2a: Iron Moth|quarkdrivespe
|turn|7
|
|t:|1758233916
|switch|p1a: Alomomola|Alomomola, M|100/100
|-damage|p1a: Alomomola|88/100|[from] Stealth Rock
|move|p2a: Iron Moth|Fiery Dance|p1a: Alomomola
|-resisted|p1a: Alomomola
|-damage|p1a: Alomomola|79/100
|-boost|p2a: Iron Moth|spa|1
|
|upkeep
|turn|8
|
|t:|1758233923
|move|p2a: Iron Moth|Energy Ball|p1a: Alomomola
|-supereffective|p1a: Alomomola
|-damage|p1a: Alomomola|34/100
|move|p1a: Alomomola|Mirror Coat|p2a: Iron Moth
|-damage|p2a: Iron Moth|0 fnt
|faint|p2a: Iron Moth
|-end|p2a: Iron Moth|Quark Drive|[silent]
|
|upkeep
|
|t:|1758233930
|switch|p2a: Greninja|Greninja, M|100/100
|turn|9
|
|t:|1758233936
|switch|p1a: Quagsire|Quagsire, F|100/100
|-damage|p1a: Quagsire|94/100|[from] Stealth Rock
|move|p2a: Greninja|Dark Pulse|p1a: Quagsire
|-damage|p1a: Quagsire|35/100
|-damage|p2a: Greninja|91/100|[from] item: Life Orb
|
|-heal|p1a: Quagsire|41/100|[from] item: Leftovers
|upkeep
|turn|10
|
|t:|1758233952
|move|p2a: Greninja|Dark Pulse|p1a: Quagsire
|-damage|p1a: Quagsire|0 fnt
|faint|p1a: Quagsire
|-ability|p2a: Greninja|Battle Bond|boost
|-boost|p2a: Greninja|atk|1
|-boost|p2a: Greninja|spa|1
|-boost|p2a: Greninja|spe|1
|-activate|p2a: Greninja|ability: Battle Bond
|-damage|p2a: Greninja|81/100|[from] item: Life Orb
|
|upkeep
|
|t:|1758233959
|switch|p1a: Zamazenta|Zamazenta|100/100
|-damage|p1a: Zamazenta|94/100|[from] Stealth Rock
|-ability|p1a: Zamazenta|Dauntless Shield|boost
|-boost|p1a: Zamazenta|def|1
|turn|11
|
|t:|1758233961
|move|p2a: Greninja|Surf|p1a: Zamazenta
|-damage|p1a: Zamazenta|22/100
|-damage|p2a: Greninja|71/100|[from] item: Life Orb
|move|p1a: Zamazenta|Close Combat|p2a: Greninja
|-supereffective|p2a: Greninja
|-damage|p2a: Greninja|0 fnt
|-unboost|p1a: Zamazenta|def|1
|-unboost|p1a: Zamazenta|spd|1
|faint|p2a: Greninja
|-damage|p1a: Zamazenta|12/100|[from] item: Life Orb
|
|upkeep
|
|t:|1758233974
|switch|p2a: Dragonite|Dragonite, M|100/100
|turn|12
|
|t:|1758233983
|switch|p1a: Gholdengo|Gholdengo|94/100
|-damage|p1a: Gholdengo|88/100|[from] Stealth Rock
|move|p2a: Dragonite|Dragon Dance|p2a: Dragonite
|-boost|p2a: Dragonite|atk|1
|-boost|p2a: Dragonite|spe|1
|
|upkeep
|turn|13
|
|t:|1758233986
|-terastallize|p2a: Dragonite|Fire
|move|p1a: Gholdengo|Trick|p2a: Dragonite
|-activate|p1a: Gholdengo|move: Trick|[of] p2a: Dragonite
|-item|p2a: Dragonite|Choice Scarf|[from] move: Trick
|-item|p1a: Gholdengo|Loaded Dice|[from] move: Trick
|move|p2a: Dragonite|Dragon Dance|p2a: Dragonite
|-boost|p2a: Dragonite|atk|1
|-boost|p2a: Dragonite|spe|1
|
|upkeep
|turn|14
|
|t:|1758234001
|switch|p2a: Serperior|Serperior, M|6/100
|switch|p1a: Alomomola|Alomomola, M|67/100
|-damage|p1a: Alomomola|55/100|[from] Stealth Rock
|
|upkeep
|turn|15
|
|t:|1758234014
|switch|p1a: Gholdengo|Gholdengo|88/100
|-damage|p1a: Gholdengo|82/100|[from] Stealth Rock
|move|p2a: Serperior|Leaf Storm|p1a: Gholdengo
|-resisted|p1a: Gholdengo
|-damage|p1a: Gholdengo|54/100
|-boost|p2a: Serperior|spa|2
|
|upkeep
|turn|16
|
|t:|1758234019
|move|p2a: Serperior|Leaf Storm|p1a: Gholdengo
|-resisted|p1a: Gholdengo
|-crit|p1a: Gholdengo
|-damage|p1a: Gholdengo|0 fnt
|-boost|p2a: Serperior|spa|2
|faint|p1a: Gholdengo
|
|upkeep
|
|t:|1758234023
|switch|p1a: Alomomola|Alomomola, M|88/100
|-damage|p1a: Alomomola|76/100|[from] Stealth Rock
|turn|17
|
|t:|1758234026
|move|p1a: Alomomola|Aqua Jet|p2a: Serperior
|-resisted|p2a: Serperior
|-damage|p2a: Serperior|0 fnt
|faint|p2a: Serperior
|
|upkeep
|
|t:|1758234029
|switch|p2a: Dragonite|Dragonite, M, tera:Fire|100/100
|turn|18
|
|t:|1758234051
|move|p2a: Dragonite|Scale Shot|p1a: Alomomola
|-damage|p1a: Alomomola|65/100
|-damage|p1a: Alomomola|53/100
|-damage|p1a: Alomomola|41/100
|-damage|p1a: Alomomola|30/100
|-hitcount|p1a: Alomomola|4
|-unboost|p2a: Dragonite|def|1
|-boost|p2a: Dragonite|spe|1
|move|p1a: Alomomola|Body Slam|p2a: Dragonite
|-damage|p2a: Dragonite|87/100
|
|upkeep
|turn|19
|
|t:|1758234065
|switch|p1a: Zamazenta|Zamazenta|12/100
|-damage|p1a: Zamazenta|6/100|[from] Stealth Rock
|move|p2a: Dragonite|Scale Shot|p1a: Zamazenta
|-damage|p1a: Zamazenta|0 fnt
|faint|p1a: Zamazenta
|-hitcount|p1: Zamazenta|1
|-unboost|p2a: Dragonite|def|1
|-boost|p2a: Dragonite|spe|1
|
|upkeep
|
|t:|1758234071
|switch|p1a: Alomomola|Alomomola, M|63/100
|-damage|p1a: Alomomola|50/100|[from] Stealth Rock
|turn|20
|
|t:|1758234086
|move|p2a: Dragonite|Scale Shot|p1a: Alomomola
|-damage|p1a: Alomomola|40/100
|-crit|p1a: Alomomola
|-damage|p1a: Alomomola|22/100
|-hitcount|p1a: Alomomola|2
|-unboost|p2a: Dragonite|def|1
|-boost|p2a: Dragonite|spe|1
|move|p1a: Alomomola|Flip Turn|p2a: Dragonite
|-supereffective|p2a: Dragonite
|-damage|p2a: Dragonite|0 fnt
|faint|p2a: Dragonite
|
|win|sanshater12
|raw|sanshater12's rating: 1485 &rarr; <strong>1504</strong><br />(+19 for winning)
|raw|xp180's rating: 1466 &rarr; <strong>1447</strong><br />(-19 for losing)
|l|☆sanshater12
|player|p1|
|c|☆xp180|Gotita be kiddin
|l|☆xp180
|player|p2|
