|j|☆Huboy
|j|☆suhayb1910
|t:|1758316503
|gametype|singles
|player|p1|Huboy|102|1611
|player|p2|suhayb1910|volo|1685
|gen|9
|tier|[Gen 9] OU
|rated|
|rule|HP Percentage Mod: HP is shown in percentages
|rule|Endless Battle Clause: Forcing endless battles is banned
|rule|Species Clause: Limit one of each Pokémon
|rule|OHKO Clause: OHKO moves are banned
|rule|Evasion Items Clause: Evasion items are banned
|rule|Evasion Moves Clause: Evasion moves are banned
|rule|Evasion Abilities Clause: Evasion abilities are banned
|rule|Sleep Moves Clause: Sleep-inducing moves are banned
|clearpoke
|poke|p1|Great Tusk|
|poke|p1|Dondozo, M|
|poke|p1|Ribombee, F|
|poke|p1|Goodra-Hisui, M|
|poke|p1|Milotic, F|
|poke|p1|Toxicroak, F|
|poke|p2|Heatran, F|
|poke|p2|Landorus-Therian, M|
|poke|p2|Zamazenta-*|
|poke|p2|Dragapult, F|
|poke|p2|Great Tusk|
|poke|p2|Slowking-Galar, M|
|teampreview
|inactive|Battle timer is ON: inactive players will automatically lose when time's up. (requested by suhayb1910)
|
|t:|1758316510
|teamsize|p1|6
|teamsize|p2|6
|start
|switch|p1a: Goodra|Goodra-Hisui, M|100/100
|switch|p2a: Dragapult|Dragapult, F|100/100
|turn|1
|
|t:|1758316514
|move|p2a: Dragapult|U-turn|p1a: Goodra
|-resisted|p1a: Goodra
|-damage|p1a: Goodra|88/100
|
|t:|1758316526
|switch|p2a: Slowking|Slowking-Galar, M|100/100|[from] U-turn
|move|p1a: Goodra|Ice Beam|p2a: Slowking
|-damage|p2a: Slowking|79/100
|
|upkeep
|turn|2
|
|t:|1758316530
|move|p1a: Goodra|Earthquake|p2a: Slowking
|-supereffective|p2a: Slowking
|-enditem|p2a: Slowking|Shuca Berry|[eat]
|-enditem|p2a: Slowking|Shuca Berry|[weaken]
|-damage|p2a: Slowking|60/100
|-prepare|p2a: Slowking|Chilly Reception|[premajor]
|move|p2a: Slowking|Chilly Reception|p2a: Slowking
|-weather|Snowscape
|
|t:|1758316534
|switch|p2a: Landorus|Landorus-Therian, M|100/100|[from] Chilly Reception
|-ability|p2a: Landorus|Intimidate|boost
|-unboost|p1a: Goodra|atk|1
|
|-weather|Snowscape|[upkeep]
|upkeep
|turn|3
|
|t:|1758316538
|move|p2a: Landorus|Earthquake|p1a: Goodra
|-supereffective|p1a: Goodra
|-enditem|p1a: Goodra|Shuca Berry|[eat]
|-enditem|p1a: Goodra|Shuca Berry|[weaken]
|-damage|p1a: Goodra|0 fnt
|faint|p1a: Goodra
|
|-weather|Snowscape|[upkeep]
|upkeep
|
|t:|1758316546
|switch|p1a: Dondozo|Dondozo, M|100/100
|turn|4
|
|t:|1758316552
|move|p2a: Landorus|Earthquake|p1a: Dondozo
|-damage|p1a: Dondozo|59/100
|move|p1a: Dondozo|Earthquake|p2a: Landorus
|-immune|p2a: Landorus
|
|-weather|Snowscape|[upkeep]
|-heal|p1a: Dondozo|65/100|[from] item: Leftovers
|upkeep
|turn|5
|
|t:|1758316556
|move|p2a: Landorus|Earthquake|p1a: Dondozo
|-damage|p1a: Dondozo|22/100
|move|p1a: Dondozo|Avalanche|p2a: Landorus
|-supereffective|p2a: Landorus
|-damage|p2a: Landorus|0 fnt
|faint|p2a: Landorus
|
|-weather|Snowscape|[upkeep]
|-heal|p1a: Dondozo|28/100|[from] item: Leftovers
|upkeep
|
|t:|1758316564
|switch|p2a: Great Tusk|Great Tusk|100/100
|-enditem|p2a: Great Tusk|Booster Energy
|-activate|p2a: Great Tusk|ability: Protosynthesis|[fromitem]
|-start|p2a: Great Tusk|protosynthesisatk
|turn|6
|
|t:|1758316570
|move|p1a: Dondozo|Protect|p1a: Dondozo
|-singleturn|p1a: Dondozo|Protect
|move|p2a: Great Tusk|Rapid Spin|p1a: Dondozo
|-activate|p1a: Dondozo|move: Protect
|
|-weather|none
|-heal|p1a: Dondozo|34/100|[from] item: Leftovers
|upkeep
|turn|7
|
|t:|1758316588
|switch|p1a: Ribombee|Ribombee, F|100/100
|move|p2a: Great Tusk|Supercell Slam|p1a: Ribombee
|-damage|p1a: Ribombee|18/100
|
|upkeep
|turn|8
|
|t:|1758316594
|-terastallize|p2a: Great Tusk|Electric
|move|p1a: Ribombee|Moonblast|p2a: Great Tusk
|-damage|p2a: Great Tusk|36/100
|move|p2a: Great Tusk|Rapid Spin|p1a: Ribombee
|-damage|p1a: Ribombee|0 fnt
|-boost|p2a: Great Tusk|spe|1
|faint|p1a: Ribombee
|
|upkeep
|
|t:|1758316599
|switch|p1a: Great Tusk|Great Tusk|100/100
|turn|9
|j| hitman9191
|
|t:|1758316605
|move|p2a: Great Tusk|Headlong Rush|p1a: Great Tusk
|-damage|p1a: Great Tusk|38/100
|-unboost|p2a: Great Tusk|def|1
|-unboost|p2a: Great Tusk|spd|1
|move|p1a: Great Tusk|Earthquake|p2a: Great Tusk
|-supereffective|p2a: Great Tusk
|-damage|p2a: Great Tusk|0 fnt
|faint|p2a: Great Tusk
|-end|p2a: Great Tusk|Protosynthesis|[silent]
|
|upkeep
|
|t:|1758316614
|switch|p2a: Dragapult|Dragapult, F|100/100
|turn|10
|
|t:|1758316619
|-end|p1a: Great Tusk|Protosynthesis|[silent]
|switch|p1a: Milotic|Milotic, F|100/100
|move|p2a: Dragapult|Will-O-Wisp|p1a: Milotic
|-status|p1a: Milotic|brn
|
|-damage|p1a: Milotic|94/100 brn|[from] brn
|upkeep
|turn|11
|
|t:|1758316628
|-terastallize|p1a: Milotic|Fairy
|move|p2a: Dragapult|Hex|p1a: Milotic
|-damage|p1a: Milotic|52/100 brn
|move|p1a: Milotic|Alluring Voice|p2a: Dragapult
|-supereffective|p2a: Dragapult
|-damage|p2a: Dragapult|0 fnt
|faint|p2a: Dragapult
|
|-damage|p1a: Milotic|46/100 brn|[from] brn
|upkeep
|
|t:|1758316633
|switch|p2a: Heatran|Heatran, F|100/100
|turn|12
|
|t:|1758316640
|move|p1a: Milotic|Recover|p1a: Milotic
|-heal|p1a: Milotic|96/100 brn
|move|p2a: Heatran|Stealth Rock|p1a: Milotic
|-sidestart|p1: Huboy|move: Stealth Rock
|
|-damage|p1a: Milotic|90/100 brn|[from] brn
|upkeep
|turn|13
|
|t:|1758316644
|move|p1a: Milotic|Scald|p2a: Heatran
|-supereffective|p2a: Heatran
|-damage|p2a: Heatran|54/100
|move|p2a: Heatran|Magma Storm|p1a: Milotic|[miss]
|-miss|p2a: Heatran|p1a: Milotic
|
|-heal|p2a: Heatran|60/100|[from] item: Leftovers
|-damage|p1a: Milotic|84/100 brn|[from] brn
|upkeep
|turn|14
|
|t:|1758316649
|move|p1a: Milotic|Scald|p2a: Heatran
|-supereffective|p2a: Heatran
|-damage|p2a: Heatran|16/100
|move|p2a: Heatran|Magma Storm|p1a: Milotic
|-damage|p1a: Milotic|52/100 brn
|-activate|p1a: Milotic|move: Magma Storm|[of] p2a: Heatran
|
|-heal|p2a: Heatran|22/100|[from] item: Leftovers
|-damage|p1a: Milotic|46/100 brn|[from] brn
|-damage|p1a: Milotic|34/100 brn|[from] move: Magma Storm|[partiallytrapped]
|upkeep
|turn|15
|
|t:|1758316654
|switch|p2a: Slowking|Slowking-Galar, M|94/100
|move|p1a: Milotic|Recover|p1a: Milotic
|-heal|p1a: Milotic|84/100 brn
|
|-damage|p1a: Milotic|78/100 brn|[from] brn
|-end|p1a: Milotic|Magma Storm|[partiallytrapped]|[silent]
|upkeep
|turn|16
|
|t:|1758316663
|switch|p1a: Toxicroak|Toxicroak, F|100/100
|-damage|p1a: Toxicroak|94/100|[from] Stealth Rock
|move|p2a: Slowking|Psychic Noise|p1a: Toxicroak
|-supereffective|p1a: Toxicroak
|-damage|p1a: Toxicroak|0 fnt
|faint|p1a: Toxicroak
|
|upkeep
|
|t:|1758316665
|switch|p1a: Great Tusk|Great Tusk|38/100
|-damage|p1a: Great Tusk|35/100|[from] Stealth Rock
|turn|17
|
|t:|1758316671
|switch|p2a: Zamazenta|Zamazenta|100/100
|-ability|p2a: Zamazenta|Dauntless Shield|boost
|-boost|p2a: Zamazenta|def|1
|move|p1a: Great Tusk|Earthquake|p2a: Zamazenta
|-damage|p2a: Zamazenta|82/100
|
|-heal|p2a: Zamazenta|88/100|[from] item: Leftovers
|upkeep
|turn|18
|
|t:|1758316677
|-end|p1a: Great Tusk|Protosynthesis|[silent]
|switch|p1a: Dondozo|Dondozo, M|34/100
|-damage|p1a: Dondozo|22/100|[from] Stealth Rock
|move|p2a: Zamazenta|Roar|p1a: Dondozo
|drag|p1a: Milotic|Milotic, F, tera:Fairy|78/100 brn
|-damage|p1a: Milotic|65/100 brn|[from] Stealth Rock
|
|-heal|p2a: Zamazenta|94/100|[from] item: Leftovers
|-damage|p1a: Milotic|59/100 brn|[from] brn
|upkeep
|turn|19
|
|t:|1758316681
|switch|p2a: Slowking|Slowking-Galar, M|100/100
|move|p1a: Milotic|Alluring Voice|p2a: Slowking
|-resisted|p2a: Slowking
|-damage|p2a: Slowking|87/100
|
|-damage|p1a: Milotic|53/100 brn|[from] brn
|upkeep
|turn|20
|
|t:|1758316688
|move|p1a: Milotic|Recover|p1a: Milotic
|-heal|p1a: Milotic|100/100 brn
|move|p2a: Slowking|Psychic Noise|p1a: Milotic
|-damage|p1a: Milotic|81/100 brn
|
|-damage|p1a: Milotic|75/100 brn|[from] brn
|upkeep
|turn|21
|
|t:|1758316697
|switch|p1a: Great Tusk|Great Tusk|35/100
|-damage|p1a: Great Tusk|32/100|[from] Stealth Rock
|move|p2a: Slowking|Sludge Bomb|p1a: Great Tusk
|-resisted|p1a: Great Tusk
|-damage|p1a: Great Tusk|17/100
|
|upkeep
|turn|22
|
|t:|1758316703
|switch|p2a: Zamazenta|Zamazenta|94/100
|move|p1a: Great Tusk|Rapid Spin|p2a: Zamazenta
|-damage|p2a: Zamazenta|85/100
|-boost|p1a: Great Tusk|spe|1
|-sideend|p1: Huboy|Stealth Rock|[from] move: Rapid Spin|[of] p1a: Great Tusk
|
|-heal|p2a: Zamazenta|91/100|[from] item: Leftovers
|upkeep
|turn|23
|
|t:|1758316709
|move|p1a: Great Tusk|Close Combat|p2a: Zamazenta
|-damage|p2a: Zamazenta|59/100
|-unboost|p1a: Great Tusk|def|1
|-unboost|p1a: Great Tusk|spd|1
|move|p2a: Zamazenta|Body Press|p1a: Great Tusk
|-damage|p1a: Great Tusk|0 fnt
|faint|p1a: Great Tusk
|-end|p1a: Great Tusk|Protosynthesis|[silent]
|
|-heal|p2a: Zamazenta|65/100|[from] item: Leftovers
|upkeep
|
|t:|1758316713
|switch|p1a: Dondozo|Dondozo, M|22/100
|turn|24
|
|t:|1758316717
|switch|p2a: Slowking|Slowking-Galar, M|100/100
|move|p1a: Dondozo|Liquidation|p2a: Slowking
|-damage|p2a: Slowking|70/100
|
|-heal|p1a: Dondozo|28/100|[from] item: Leftovers
|upkeep
|turn|25
|
|t:|1758316722
|move|p1a: Dondozo|Earthquake|p2a: Slowking
|-supereffective|p2a: Slowking
|-damage|p2a: Slowking|27/100
|move|p2a: Slowking|Psychic Noise|p1a: Dondozo
|-damage|p1a: Dondozo|0 fnt
|faint|p1a: Dondozo
|
|upkeep
|
|t:|1758316725
|switch|p1a: Milotic|Milotic, F, tera:Fairy|75/100 brn
|turn|26
|
|t:|1758316728
|switch|p2a: Heatran|Heatran, F|22/100
|move|p1a: Milotic|Scald|p2a: Heatran
|-supereffective|p2a: Heatran
|-damage|p2a: Heatran|0 fnt
|faint|p2a: Heatran
|
|-damage|p1a: Milotic|69/100 brn|[from] brn
|upkeep
|
|t:|1758316731
|switch|p2a: Slowking|Slowking-Galar, M|60/100
|turn|27
|
|t:|1758316734
|move|p1a: Milotic|Scald|p2a: Slowking
|-damage|p2a: Slowking|33/100
|move|p2a: Slowking|Sludge Bomb|p1a: Milotic
|-supereffective|p1a: Milotic
|-damage|p1a: Milotic|18/100 brn
|
|-damage|p1a: Milotic|12/100 brn|[from] brn
|upkeep
|turn|28
|
|t:|1758316746
|move|p1a: Milotic|Scald|p2a: Slowking
|-damage|p2a: Slowking|7/100
|-status|p2a: Slowking|brn
|move|p2a: Slowking|Sludge Bomb|p1a: Milotic
|-supereffective|p1a: Milotic
|-damage|p1a: Milotic|0 fnt
|faint|p1a: Milotic
|
|win|suhayb1910
|raw|Huboy's rating: 1611 &rarr; <strong>1595</strong><br />(-16 for losing)
|raw|suhayb1910's rating: 1685 &rarr; <strong>1701</strong><br />(+16 for winning)
|l|☆Huboy
|player|p1|
|l|☆suhayb1910
|player|p2|
|l| hitman9191
