|j|☆Mr. Quagsire
|j|☆Nordinjo
|t:|1758378498
|gametype|singles
|player|p1|Mr. Quagsire|265|1088
|player|p2|Nordinjo|benga|1099
|gen|9
|tier|[Gen 9] OU
|rated|
|rule|HP Percentage Mod: HP is shown in percentages
|rule|Endless Battle Clause: Forcing endless battles is banned
|rule|Species Clause: Limit one of each Pokémon
|rule|OHKO Clause: OHKO moves are banned
|rule|Evasion Items Clause: Evasion items are banned
|rule|Evasion Moves Clause: Evasion moves are banned
|rule|Evasion Abilities Clause: Evasion abilities are banned
|rule|Sleep Moves Clause: Sleep-inducing moves are banned
|clearpoke
|poke|p1|Seadra, F|
|poke|p1|Metagross|
|poke|p1|Flareon, F|
|poke|p1|Frosmoth, M|
|poke|p1|Latios, M|
|poke|p1|Crawdaunt, F|
|poke|p2|Donphan, F|
|poke|p2|Latios, M|
|poke|p2|Slowking-Galar, M|
|poke|p2|Samurott-Hisui, M|
|poke|p2|Corviknight, F|
|poke|p2|Iron Valiant|
|teampreview
|c|☆Nordinjo|gl hf
|
|t:|1758378520
|teamsize|p1|6
|teamsize|p2|6
|start
|switch|p1a: Ice Ice Baby|Frosmoth, M|100/100
|switch|p2a: Donphan|Donphan, F|100/100
|turn|1
|c|☆Mr. Quagsire|u2 man :]
|
|t:|1758378534
|move|p1a: Ice Ice Baby|Bug Buzz|p2a: Donphan
|-damage|p2a: Donphan|44/100
|-enditem|p2a: Donphan|Red Card|[of] p1a: Ice Ice Baby
|drag|p1a: Red Lobster|Crawdaunt, F|100/100
|move|p2a: Donphan|Stealth Rock|p1a: Red Lobster
|-sidestart|p1: Mr. Quagsire|move: Stealth Rock
|
|upkeep
|turn|2
|
|t:|1758378545
|switch|p2a: Samurott|Samurott-Hisui, M, shiny|100/100
|move|p1a: Red Lobster|Waterfall|p2a: Samurott
|-resisted|p2a: Samurott
|-damage|p2a: Samurott|64/100
|
|upkeep
|turn|3
|
|t:|1758378559
|move|p2a: Samurott|Sacred Sword|p1a: Red Lobster
|-supereffective|p1a: Red Lobster
|-damage|p1a: Red Lobster|0 fnt
|faint|p1a: Red Lobster
|
|upkeep
|
|t:|1758378572
|switch|p1a: Ice Ice Baby|Frosmoth, M|100/100
|turn|4
|
|t:|1758378580
|switch|p2a: Slowking|Slowking-Galar, M|100/100
|move|p1a: Ice Ice Baby|Bug Buzz|p2a: Slowking
|-damage|p2a: Slowking|76/100
|
|upkeep
|turn|5
|
|t:|1758378590
|move|p1a: Ice Ice Baby|Bug Buzz|p2a: Slowking
|-damage|p2a: Slowking|52/100
|move|p2a: Slowking|Future Sight|p1a: Ice Ice Baby
|-start|p2a: Slowking|move: Future Sight
|
|upkeep
|turn|6
|
|t:|1758378596
|move|p1a: Ice Ice Baby|Bug Buzz|p2a: Slowking
|-damage|p2a: Slowking|26/100
|-prepare|p2a: Slowking|Chilly Reception|[premajor]
|move|p2a: Slowking|Chilly Reception|p2a: Slowking
|-weather|Snowscape
|
|t:|1758378617
|switch|p2a: Iron Valiant|Iron Valiant|100/100|[from] Chilly Reception
|-enditem|p2a: Iron Valiant|Booster Energy
|-activate|p2a: Iron Valiant|ability: Quark Drive|[fromitem]
|-start|p2a: Iron Valiant|quarkdrivespe
|
|-weather|Snowscape|[upkeep]
|upkeep
|turn|7
|
|t:|1758378636
|switch|p1a: Misty|Seadra, F|100/100
|-damage|p1a: Misty|88/100|[from] Stealth Rock
|move|p2a: Iron Valiant|Knock Off|p1a: Misty
|-damage|p1a: Misty|69/100
|-enditem|p1a: Misty|Eviolite|[from] move: Knock Off|[of] p2a: Iron Valiant
|
|-weather|Snowscape|[upkeep]
|-end|p1a: Misty|move: Future Sight
|-damage|p1a: Misty|0 fnt
|faint|p1a: Misty
|upkeep
|
|t:|1758378652
|switch|p1a: Metalhead|Metagross|100/100
|-damage|p1a: Metalhead|94/100|[from] Stealth Rock
|turn|8
|
|t:|1758378659
|move|p2a: Iron Valiant|Knock Off|p1a: Metalhead
|-supereffective|p1a: Metalhead
|-damage|p1a: Metalhead|49/100
|-enditem|p1a: Metalhead|Occa Berry|[from] move: Knock Off|[of] p2a: Iron Valiant
|move|p1a: Metalhead|Stealth Rock|p2a: Iron Valiant
|-sidestart|p2: Nordinjo|move: Stealth Rock
|
|-weather|Snowscape|[upkeep]
|upkeep
|turn|9
|
|t:|1758378669
|move|p2a: Iron Valiant|Close Combat|p1a: Metalhead
|-damage|p1a: Metalhead|7/100
|-unboost|p2a: Iron Valiant|def|1
|-unboost|p2a: Iron Valiant|spd|1
|move|p1a: Metalhead|Meteor Mash|p2a: Iron Valiant
|-supereffective|p2a: Iron Valiant
|-damage|p2a: Iron Valiant|0 fnt
|faint|p2a: Iron Valiant
|-end|p2a: Iron Valiant|Quark Drive|[silent]
|
|-weather|Snowscape|[upkeep]
|upkeep
|
|t:|1758378677
|switch|p2a: Samurott|Samurott-Hisui, M, shiny|64/100
|-damage|p2a: Samurott|51/100|[from] Stealth Rock
|turn|10
|
|t:|1758378687
|move|p1a: Metalhead|Bullet Punch|p2a: Samurott
|-resisted|p2a: Samurott
|-damage|p2a: Samurott|37/100
|move|p2a: Samurott|Knock Off|p1a: Metalhead
|-supereffective|p1a: Metalhead
|-damage|p1a: Metalhead|0 fnt
|faint|p1a: Metalhead
|
|-weather|none
|upkeep
|
|t:|1758378709
|switch|p1a: Ice Ice Baby|Frosmoth, M|100/100
|turn|11
|
|t:|1758378715
|move|p2a: Samurott|Knock Off|p1a: Ice Ice Baby
|-damage|p1a: Ice Ice Baby|47/100
|-enditem|p1a: Ice Ice Baby|Heavy-Duty Boots|[from] move: Knock Off|[of] p2a: Samurott
|move|p1a: Ice Ice Baby|Bug Buzz|p2a: Samurott
|-supereffective|p2a: Samurott
|-damage|p2a: Samurott|0 fnt
|faint|p2a: Samurott
|
|upkeep
|
|t:|1758378728
|switch|p2a: Corviknight|Corviknight, F, shiny|100/100
|-damage|p2a: Corviknight|88/100|[from] Stealth Rock
|turn|12
|
|t:|1758378744
|move|p2a: Corviknight|Roost|p2a: Corviknight
|-heal|p2a: Corviknight|100/100
|-singleturn|p2a: Corviknight|move: Roost
|move|p1a: Ice Ice Baby|Ice Beam|p2a: Corviknight
|-resisted|p2a: Corviknight
|-damage|p2a: Corviknight|82/100
|
|upkeep
|turn|13
|
|t:|1758378753
|move|p2a: Corviknight|U-turn|p1a: Ice Ice Baby
|-damage|p1a: Ice Ice Baby|29/100
|
|t:|1758378759
|switch|p2a: Slowking|Slowking-Galar, M|59/100|[from] U-turn
|move|p1a: Ice Ice Baby|Ice Beam|p2a: Slowking
|-damage|p2a: Slowking|33/100
|
|upkeep
|turn|14
|
|t:|1758378770
|move|p1a: Ice Ice Baby|Ice Beam|p2a: Slowking
|-damage|p2a: Slowking|10/100
|move|p2a: Slowking|Future Sight|p1a: Ice Ice Baby
|-start|p2a: Slowking|move: Future Sight
|
|upkeep
|turn|15
|
|t:|1758378777
|switch|p2a: Donphan|Donphan, F|44/100
|-damage|p2a: Donphan|38/100|[from] Stealth Rock
|move|p1a: Ice Ice Baby|Ice Beam|p2a: Donphan
|-supereffective|p2a: Donphan
|-damage|p2a: Donphan|0 fnt
|faint|p2a: Donphan
|
|upkeep
|
|t:|1758378788
|switch|p2a: Latios|Latios, M, shiny|100/100
|-damage|p2a: Latios|88/100|[from] Stealth Rock
|turn|16
|
|t:|1758378796
|move|p2a: Latios|Flip Turn|p1a: Ice Ice Baby
|-damage|p1a: Ice Ice Baby|14/100
|
|t:|1758378800
|switch|p2a: Slowking|Slowking-Galar, M|44/100|[from] Flip Turn
|move|p1a: Ice Ice Baby|Ice Beam|p2a: Slowking
|-damage|p2a: Slowking|22/100
|-status|p2a: Slowking|frz
|
|-end|p1a: Ice Ice Baby|move: Future Sight
|-damage|p1a: Ice Ice Baby|0 fnt
|faint|p1a: Ice Ice Baby
|upkeep
|
|t:|1758378821
|switch|p1a: Airbus|Latios, M, shiny|100/100
|-damage|p1a: Airbus|88/100|[from] Stealth Rock
|turn|17
|
|t:|1758378827
|switch|p2a: Corviknight|Corviknight, F, shiny|82/100
|-damage|p2a: Corviknight|70/100|[from] Stealth Rock
|move|p1a: Airbus|Luster Purge|p2a: Corviknight
|-resisted|p2a: Corviknight
|-damage|p2a: Corviknight|46/100
|
|upkeep
|turn|18
|
|t:|1758378841
|-terastallize|p1a: Airbus|Poison
|move|p1a: Airbus|Luster Purge|p2a: Corviknight
|-resisted|p2a: Corviknight
|-damage|p2a: Corviknight|23/100
|move|p2a: Corviknight|Roost|p2a: Corviknight
|-heal|p2a: Corviknight|73/100
|-singleturn|p2a: Corviknight|move: Roost
|
|upkeep
|turn|19
|
|t:|1758378851
|move|p1a: Airbus|Luster Purge|p2a: Corviknight
|-resisted|p2a: Corviknight
|-damage|p2a: Corviknight|47/100
|-ability|p2a: Corviknight|Mirror Armor
|-unboost|p1a: Airbus|spd|1
|move|p2a: Corviknight|U-turn|p1a: Airbus
|-resisted|p1a: Airbus
|-damage|p1a: Airbus|78/100
|
|t:|1758378859
|switch|p2a: Latios|Latios, M, shiny|88/100|[from] U-turn
|-damage|p2a: Latios|76/100|[from] Stealth Rock
|
|upkeep
|turn|20
|
|t:|1758378865
|switch|p1a: Ground Moltres|Flareon, F|100/100
|-terastallize|p2a: Latios|Fairy
|move|p2a: Latios|Luster Purge|p1a: Ground Moltres
|-crit|p1a: Ground Moltres
|-damage|p1a: Ground Moltres|0 fnt
|faint|p1a: Ground Moltres
|
|upkeep
|c|☆Mr. Quagsire|gg dude
|
|t:|1758378878
|switch|p1a: Airbus|Latios, M, shiny, tera:Poison|78/100
|-damage|p1a: Airbus|66/100|[from] Stealth Rock
|turn|21
|c|☆Nordinjo|gg wp
|
|t:|1758378885
|move|p1a: Airbus|Tera Blast|p2a: Latios|[anim] Tera Blast Poison
|-supereffective|p2a: Latios
|-damage|p2a: Latios|0 fnt
|faint|p2a: Latios
|
|upkeep
|
|t:|1758378891
|switch|p2a: Corviknight|Corviknight, F, shiny|47/100
|-damage|p2a: Corviknight|35/100|[from] Stealth Rock
|turn|22
|
|t:|1758378896
|move|p1a: Airbus|Tera Blast|p2a: Corviknight|[anim] Tera Blast Poison
|-immune|p2a: Corviknight
|move|p2a: Corviknight|Roost|p2a: Corviknight
|-heal|p2a: Corviknight|85/100
|-singleturn|p2a: Corviknight|move: Roost
|
|upkeep
|turn|23
|
|t:|1758378904
|move|p1a: Airbus|Tera Blast|p2a: Corviknight|[anim] Tera Blast Poison
|-immune|p2a: Corviknight
|move|p2a: Corviknight|Body Press|p1a: Airbus
|-resisted|p1a: Airbus
|-damage|p1a: Airbus|48/100
|
|upkeep
|turn|24
|
|t:|1758378911
|move|p1a: Airbus|Tera Blast|p2a: Corviknight|[anim] Tera Blast Poison
|-immune|p2a: Corviknight
|move|p2a: Corviknight|Body Press|p1a: Airbus
|-resisted|p1a: Airbus
|-damage|p1a: Airbus|31/100
|
|upkeep
|turn|25
|
|t:|1758378917
|move|p1a: Airbus|Tera Blast|p2a: Corviknight|[anim] Tera Blast Poison
|-immune|p2a: Corviknight
|move|p2a: Corviknight|Body Press|p1a: Airbus
|-resisted|p1a: Airbus
|-damage|p1a: Airbus|13/100
|
|upkeep
|turn|26
|
|t:|1758378924
|move|p1a: Airbus|Tera Blast|p2a: Corviknight|[anim] Tera Blast Poison
|-immune|p2a: Corviknight
|move|p2a: Corviknight|Body Press|p1a: Airbus
|-resisted|p1a: Airbus
|-damage|p1a: Airbus|0 fnt
|faint|p1a: Airbus
|
|win|Nordinjo
|raw|Mr. Quagsire's rating: 1088 &rarr; <strong>1066</strong><br />(-22 for losing)
|raw|Nordinjo's rating: 1099 &rarr; <strong>1123</strong><br />(+24 for winning)
|l|☆Nordinjo
|player|p2|
|l|☆Mr. Quagsire
|player|p1|
