|j|☆Trumpismessiah
|j|☆John Kritter
|t:|1758348774
|gametype|singles
|player|p1|Trumpismessiah|1|1485
|player|p2|John Kritter|pokemaniac|1551
|gen|9
|tier|[Gen 9] OU
|rated|
|rule|HP Percentage Mod: HP is shown in percentages
|rule|Endless Battle Clause: Forcing endless battles is banned
|rule|Species Clause: Limit one of each Pokémon
|rule|OHKO Clause: OHKO moves are banned
|rule|Evasion Items Clause: Evasion items are banned
|rule|Evasion Moves Clause: Evasion moves are banned
|rule|Evasion Abilities Clause: Evasion abilities are banned
|rule|Sleep Moves Clause: Sleep-inducing moves are banned
|clearpoke
|poke|p1|Porygon2|
|poke|p1|Cinderace, F|
|poke|p1|Iron Hands|
|poke|p1|Dondozo, F|
|poke|p1|Dragapult, F|
|poke|p1|Necrozma|
|poke|p2|Torkoal, F|
|poke|p2|Walking Wake|
|poke|p2|Hatterene, F|
|poke|p2|Great Tusk|
|poke|p2|Ceruledge, F|
|poke|p2|Enamorus, F|
|teampreview
|inactive|Battle timer is ON: inactive players will automatically lose when time's up. (requested by John Kritter)
|
|t:|1758348792
|teamsize|p1|6
|teamsize|p2|6
|start
|switch|p1a: Necrozma|Necrozma|100/100
|switch|p2a: Torkoal|Torkoal, F|100/100
|-weather|SunnyDay|[from] ability: Drought|[of] p2a: Torkoal
|turn|1
|
|t:|1758348799
|move|p1a: Necrozma|Dragon Dance|p1a: Necrozma
|-boost|p1a: Necrozma|atk|1
|-boost|p1a: Necrozma|spe|1
|move|p2a: Torkoal|Stealth Rock|p1a: Necrozma
|-sidestart|p1: Trumpismessiah|move: Stealth Rock
|
|-weather|SunnyDay|[upkeep]
|upkeep
|turn|2
|
|t:|1758348802
|move|p1a: Necrozma|Dragon Dance|p1a: Necrozma
|-boost|p1a: Necrozma|atk|1
|-boost|p1a: Necrozma|spe|1
|move|p2a: Torkoal|Clear Smog|p1a: Necrozma
|-damage|p1a: Necrozma|84/100
|-clearboost|p1a: Necrozma
|
|-weather|SunnyDay|[upkeep]
|upkeep
|turn|3
|
|t:|1758348811
|move|p1a: Necrozma|Knock Off|p2a: Torkoal
|-damage|p2a: Torkoal|75/100
|-enditem|p2a: Torkoal|Heat Rock|[from] move: Knock Off|[of] p1a: Necrozma
|move|p2a: Torkoal|Flamethrower|p1a: Necrozma
|-damage|p1a: Necrozma|20/100
|
|-weather|SunnyDay|[upkeep]
|upkeep
|turn|4
|
|t:|1758348828
|move|p1a: Necrozma|Photon Geyser|p2a: Torkoal
|-damage|p2a: Torkoal|32/100
|move|p2a: Torkoal|Flamethrower|p1a: Necrozma
|-damage|p1a: Necrozma|0 fnt
|faint|p1a: Necrozma
|
|-weather|SunnyDay|[upkeep]
|upkeep
|
|t:|1758348835
|switch|p1a: Cinderace|Cinderace, F|100/100
|-damage|p1a: Cinderace|76/100|[from] Stealth Rock
|turn|5
|
|t:|1758348837
|move|p1a: Cinderace|Court Change|p1a: Cinderace
|-start|p1a: Cinderace|typechange|Normal|[from] ability: Libero
|-swapsideconditions
|-activate|p1a: Cinderace|move: Court Change
|move|p2a: Torkoal|Stealth Rock|p1a: Cinderace
|-sidestart|p1: Trumpismessiah|move: Stealth Rock
|
|-weather|SunnyDay|[upkeep]
|upkeep
|turn|6
|
|t:|1758348841
|switch|p2a: Hatterene|Hatterene, F, shiny|100/100
|-damage|p2a: Hatterene|88/100|[from] Stealth Rock
|move|p1a: Cinderace|Pyro Ball|p2a: Hatterene
|-damage|p2a: Hatterene|26/100
|-enditem|p2a: Hatterene|Eject Button
|
|t:|1758348848
|switch|p2a: Don|Great Tusk, shiny|100/100
|-damage|p2a: Don|98/100|[from] Stealth Rock
|-activate|p2a: Don|ability: Protosynthesis
|-start|p2a: Don|protosynthesisatk
|
|-weather|SunnyDay|[upkeep]
|upkeep
|turn|7
|
|t:|1758348855
|-terastallize|p1a: Cinderace|Fire
|move|p1a: Cinderace|Pyro Ball|p2a: Don
|-damage|p2a: Don|28/100
|move|p2a: Don|Rapid Spin|p1a: Cinderace
|-damage|p1a: Cinderace|40/100
|-boost|p2a: Don|spe|1
|-sideend|p2: John Kritter|Stealth Rock|[from] move: Rapid Spin|[of] p2a: Don
|
|-weather|SunnyDay|[upkeep]
|upkeep
|turn|8
|
|t:|1758348865
|switch|p1a: Dondozo|Dondozo, F|100/100
|-damage|p1a: Dondozo|88/100|[from] Stealth Rock
|move|p2a: Don|Headlong Rush|p1a: Dondozo
|-damage|p1a: Dondozo|35/100
|-unboost|p2a: Don|def|1
|-unboost|p2a: Don|spd|1
|
|-weather|none
|-end|p2a: Don|Protosynthesis
|-heal|p1a: Dondozo|41/100|[from] item: Leftovers
|upkeep
|turn|9
|
|t:|1758348879
|-end|p2a: Don|Protosynthesis|[silent]
|switch|p2a: Hatterene|Hatterene, F, shiny|26/100
|switch|p1a: Cinderace|Cinderace, F, tera:Fire|40/100
|-damage|p1a: Cinderace|15/100|[from] Stealth Rock
|
|upkeep
|turn|10
|
|t:|1758348887
|move|p1a: Cinderace|Court Change|p1a: Cinderace
|-swapsideconditions
|-activate|p1a: Cinderace|move: Court Change
|move|p2a: Hatterene|Psyshock|p1a: Cinderace
|-damage|p1a: Cinderace|0 fnt
|faint|p1a: Cinderace
|
|upkeep
|
|t:|1758348892
|switch|p1a: Porygon2|Porygon2, shiny|100/100
|turn|11
|
|t:|1758348895
|move|p1a: Porygon2|Shadow Ball|p2a: Hatterene
|-supereffective|p2a: Hatterene
|-damage|p2a: Hatterene|0 fnt
|faint|p2a: Hatterene
|
|upkeep
|
|t:|1758348900
|switch|p2a: Don|Great Tusk, shiny|28/100
|-damage|p2a: Don|25/100|[from] Stealth Rock
|turn|12
|
|t:|1758348904
|switch|p1a: Dragapult|Dragapult, F|100/100
|move|p2a: Don|Rapid Spin|p1a: Dragapult
|-immune|p1a: Dragapult
|
|upkeep
|turn|13
|
|t:|1758348911
|-end|p2a: Don|Protosynthesis|[silent]
|switch|p2a: Torkoal|Torkoal, F|32/100
|-damage|p2a: Torkoal|8/100|[from] Stealth Rock
|-weather|SunnyDay|[from] ability: Drought|[of] p2a: Torkoal
|move|p1a: Dragapult|Dragon Darts|p2a: Torkoal
|-damage|p2a: Torkoal|0 fnt
|faint|p2a: Torkoal
|
|-weather|SunnyDay|[upkeep]
|upkeep
|
|t:|1758348919
|switch|p2a: Enamorus|Enamorus, F|100/100
|-damage|p2a: Enamorus|76/100|[from] Stealth Rock
|turn|14
|
|t:|1758348931
|switch|p2a: Walking Wake|Walking Wake|100/100
|-damage|p2a: Walking Wake|88/100|[from] Stealth Rock
|-activate|p2a: Walking Wake|ability: Protosynthesis
|-start|p2a: Walking Wake|protosynthesisspa
|switch|p1a: Porygon2|Porygon2, shiny|100/100
|
|-weather|SunnyDay|[upkeep]
|upkeep
|turn|15
|
|t:|1758348938
|-terastallize|p2a: Walking Wake|Water
|move|p2a: Walking Wake|Hydro Steam|p1a: Porygon2
|-damage|p1a: Porygon2|0 fnt
|faint|p1a: Porygon2
|
|-weather|SunnyDay|[upkeep]
|upkeep
|
|t:|1758348943
|switch|p1a: Iron Hands|Iron Hands|100/100
|turn|16
|
|t:|1758348945
|move|p2a: Walking Wake|Hydro Steam|p1a: Iron Hands
|-damage|p1a: Iron Hands|0 fnt
|faint|p1a: Iron Hands
|-end|p1a: Iron Hands|Quark Drive|[silent]
|
|-weather|SunnyDay|[upkeep]
|upkeep
|
|t:|1758348952
|switch|p1a: Dragapult|Dragapult, F|100/100
|turn|17
|
|t:|1758348957
|move|p1a: Dragapult|Tera Blast|p2a: Walking Wake
|-damage|p2a: Walking Wake|67/100
|move|p2a: Walking Wake|Hydro Steam|p1a: Dragapult
|-resisted|p1a: Dragapult
|-damage|p1a: Dragapult|0 fnt
|faint|p1a: Dragapult
|
|-weather|none
|-end|p2a: Walking Wake|Protosynthesis
|upkeep
|-message|Trumpismessiah forfeited.
|
|win|John Kritter
|raw|Trumpismessiah's rating: 1485 &rarr; <strong>1469</strong><br />(-16 for losing)
|raw|John Kritter's rating: 1551 &rarr; <strong>1567</strong><br />(+16 for winning)
|l|☆Trumpismessiah
|player|p1|
|l|☆John Kritter
|player|p2|
