|j|☆shuppetlover
|j|☆poorlittlepawn
|t:|1758347504
|gametype|singles
|player|p1|shuppetlover|workerice|1139
|player|p2|poorlittlepawn|1|1109
|gen|9
|tier|[Gen 9] OU
|rated|
|rule|HP Percentage Mod: HP is shown in percentages
|rule|Endless Battle Clause: Forcing endless battles is banned
|rule|Species Clause: Limit one of each Pokémon
|rule|OHKO Clause: OHKO moves are banned
|rule|Evasion Items Clause: Evasion items are banned
|rule|Evasion Moves Clause: Evasion moves are banned
|rule|Evasion Abilities Clause: Evasion abilities are banned
|rule|Sleep Moves Clause: Sleep-inducing moves are banned
|clearpoke
|poke|p1|Venusaur, F|
|poke|p1|Grimmsnarl, M|
|poke|p1|Latios, M|
|poke|p1|Torkoal, F|
|poke|p1|Flygon, F|
|poke|p1|Blaziken, F|
|poke|p2|Incineroar, M|
|poke|p2|Ditto|
|poke|p2|Sinistcha|
|poke|p2|Corviknight, F|
|poke|p2|Swampert, F|
|poke|p2|Hatterene, F|
|teampreview
|
|t:|1758347532
|teamsize|p1|6
|teamsize|p2|6
|start
|switch|p1a: Flyeon|Flygon, F|100/100
|switch|p2a: Sinistcha|Sinistcha|100/100
|turn|1
|
|t:|1758347545
|move|p1a: Flyeon|Agility|p1a: Flyeon
|-boost|p1a: Flyeon|spe|2
|move|p2a: Sinistcha|Scald|p1a: Flyeon
|-damage|p1a: Flyeon|74/100
|
|upkeep
|turn|2
|
|t:|1758347579
|move|p1a: Flyeon|Psychic Noise|p2a: Sinistcha
|-damage|p2a: Sinistcha|79/100
|-start|p2a: Sinistcha|move: Heal Block
|-enditem|p1a: Flyeon|Throat Spray
|-boost|p1a: Flyeon|spa|1|[from] item: Throat Spray
|move|p2a: Sinistcha|Scald|p1a: Flyeon
|-damage|p1a: Flyeon|46/100
|
|upkeep
|turn|3
|
|t:|1758347601
|move|p1a: Flyeon|Flamethrower|p2a: Sinistcha
|-supereffective|p2a: Sinistcha
|-damage|p2a: Sinistcha|44/100
|move|p2a: Sinistcha|Scald|p1a: Flyeon
|-damage|p1a: Flyeon|18/100
|
|-end|p2a: Sinistcha|move: Heal Block
|upkeep
|turn|4
|
|t:|1758347611
|move|p1a: Flyeon|Flamethrower|p2a: Sinistcha
|-supereffective|p2a: Sinistcha
|-damage|p2a: Sinistcha|6/100
|move|p2a: Sinistcha|Matcha Gotcha|p1a: Flyeon
|-damage|p1a: Flyeon|0 fnt
|-heal|p2a: Sinistcha|15/100|[from] drain|[of] p1a: Flyeon
|faint|p1a: Flyeon
|
|upkeep
|
|t:|1758347626
|switch|p1a: Kelleon|Torkoal, F|100/100
|-weather|SunnyDay|[from] ability: Drought|[of] p1a: Kelleon
|turn|5
|
|t:|1758347632
|switch|p1a: Venusaur|Venusaur, F|100/100
|move|p2a: Sinistcha|Scald|p1a: Venusaur
|-resisted|p1a: Venusaur
|-damage|p1a: Venusaur|95/100
|
|-weather|SunnyDay|[upkeep]
|-heal|p1a: Venusaur|100/100|[from] item: Leftovers
|upkeep
|turn|6
|
|t:|1758347642
|move|p1a: Venusaur|Growth|p1a: Venusaur
|-boost|p1a: Venusaur|atk|2
|-boost|p1a: Venusaur|spa|2
|move|p2a: Sinistcha|Scald|p1a: Venusaur
|-resisted|p1a: Venusaur
|-damage|p1a: Venusaur|95/100
|
|-weather|SunnyDay|[upkeep]
|-heal|p1a: Venusaur|100/100|[from] item: Leftovers
|upkeep
|turn|7
|
|t:|1758347651
|move|p1a: Venusaur|Trailblaze|p2a: Sinistcha
|-resisted|p2a: Sinistcha
|-damage|p2a: Sinistcha|0 fnt
|-boost|p1a: Venusaur|spe|1
|faint|p2a: Sinistcha
|
|-weather|SunnyDay|[upkeep]
|upkeep
|
|t:|1758347658
|switch|p2a: Incineroar|Incineroar, M|100/100
|-ability|p2a: Incineroar|Intimidate|boost
|-unboost|p1a: Venusaur|atk|1
|turn|8
|
|t:|1758347663
|move|p2a: Incineroar|Fake Out|p1a: Venusaur
|-damage|p1a: Venusaur|87/100
|cant|p1a: Venusaur|flinch
|
|-weather|SunnyDay|[upkeep]
|-heal|p1a: Venusaur|93/100|[from] item: Leftovers
|upkeep
|turn|9
|
|t:|1758347671
|move|p1a: Venusaur|Growth|p1a: Venusaur
|-boost|p1a: Venusaur|atk|2
|-boost|p1a: Venusaur|spa|2
|move|p2a: Incineroar|Body Slam|p1a: Venusaur
|-damage|p1a: Venusaur|63/100
|
|-weather|none
|-heal|p1a: Venusaur|69/100|[from] item: Leftovers
|upkeep
|turn|10
|
|t:|1758347681
|move|p1a: Venusaur|Earthquake|p2a: Incineroar
|-supereffective|p2a: Incineroar
|-damage|p2a: Incineroar|0 fnt
|faint|p2a: Incineroar
|
|-heal|p1a: Venusaur|76/100|[from] item: Leftovers
|upkeep
|
|t:|1758347697
|switch|p2a: Corviknight|Corviknight, F|100/100
|turn|11
|
|t:|1758347706
|move|p1a: Venusaur|Trailblaze|p2a: Corviknight
|-resisted|p2a: Corviknight
|-damage|p2a: Corviknight|92/100
|-boost|p1a: Venusaur|spe|1
|-enditem|p2a: Corviknight|Red Card|[of] p1a: Venusaur
|drag|p1a: Grimmsnarl|Grimmsnarl, M|100/100
|move|p2a: Corviknight|Drill Peck|p1a: Grimmsnarl
|-damage|p1a: Grimmsnarl|70/100
|
|-heal|p1a: Grimmsnarl|77/100|[from] item: Leftovers
|upkeep
|turn|12
|
|t:|1758347717
|switch|p2a: Hatterene|Hatterene, F|100/100
|switch|p1a: Flareon standing|Blaziken, F|100/100
|
|upkeep
|turn|13
|
|t:|1758347723
|move|p1a: Flareon standing|Flamethrower|p2a: Hatterene
|-damage|p2a: Hatterene|63/100
|move|p2a: Hatterene|Future Sight|p1a: Flareon standing
|-start|p2a: Hatterene|move: Future Sight
|
|-ability|p1a: Flareon standing|Speed Boost|boost
|-boost|p1a: Flareon standing|spe|1
|upkeep
|turn|14
|
|t:|1758347730
|move|p2a: Hatterene|Protect|p2a: Hatterene
|-singleturn|p2a: Hatterene|Protect
|move|p1a: Flareon standing|Flamethrower|p2a: Hatterene
|-activate|p2a: Hatterene|move: Protect
|
|-ability|p1a: Flareon standing|Speed Boost|boost
|-boost|p1a: Flareon standing|spe|1
|upkeep
|turn|15
|
|t:|1758347738
|switch|p1a: Grimmsnarl|Grimmsnarl, M|77/100
|move|p2a: Hatterene|Trick Room|p2a: Hatterene
|-fieldstart|move: Trick Room|[of] p2a: Hatterene
|
|-end|p1a: Grimmsnarl|move: Future Sight
|-immune|p1a: Grimmsnarl
|-heal|p1a: Grimmsnarl|83/100|[from] item: Leftovers
|upkeep
|turn|16
|
|t:|1758347770
|move|p2a: Hatterene|Protect|p2a: Hatterene
|-singleturn|p2a: Hatterene|Protect
|move|p1a: Grimmsnarl|Leech Life|p2a: Hatterene
|-activate|p2a: Hatterene|move: Protect
|
|-heal|p1a: Grimmsnarl|89/100|[from] item: Leftovers
|upkeep
|turn|17
|
|t:|1758347787
|switch|p2a: Corviknight|Corviknight, F|92/100
|move|p1a: Grimmsnarl|Leech Life|p2a: Corviknight
|-resisted|p2a: Corviknight
|-damage|p2a: Corviknight|88/100
|-heal|p1a: Grimmsnarl|91/100|[from] drain|[of] p2a: Corviknight
|
|-heal|p1a: Grimmsnarl|98/100|[from] item: Leftovers
|upkeep
|turn|18
|
|t:|1758347802
|switch|p1a: Latios|Latios, M|100/100
|move|p2a: Corviknight|Iron Head|p1a: Latios
|-damage|p1a: Latios|68/100
|
|upkeep
|turn|19
|
|t:|1758347810
|move|p2a: Corviknight|Thief|p1a: Latios
|-supereffective|p1a: Latios
|-damage|p1a: Latios|34/100
|-enditem|p1a: Latios|Soul Dew|[silent]|[from] move: Thief|[of] p2a: Corviknight
|-item|p2a: Corviknight|Soul Dew|[from] move: Thief|[of] p1a: Latios
|move|p1a: Latios|Dragon Dance|p1a: Latios
|-boost|p1a: Latios|atk|1
|-boost|p1a: Latios|spe|1
|
|-fieldend|move: Trick Room
|upkeep
|turn|20
|
|t:|1758347826
|move|p1a: Latios|Zen Headbutt|p2a: Corviknight
|-resisted|p2a: Corviknight
|-damage|p2a: Corviknight|67/100
|move|p2a: Corviknight|Thief|p1a: Latios
|-supereffective|p1a: Latios
|-damage|p1a: Latios|6/100
|
|upkeep
|turn|21
|
|t:|1758347833
|move|p1a: Latios|Shadow Claw|p2a: Corviknight
|-damage|p2a: Corviknight|46/100
|move|p2a: Corviknight|Drill Peck|p1a: Latios
|-damage|p1a: Latios|0 fnt
|faint|p1a: Latios
|
|upkeep
|
|t:|1758347837
|switch|p1a: Flareon standing|Blaziken, F|100/100
|turn|22
|
|t:|1758347846
|move|p1a: Flareon standing|Flamethrower|p2a: Corviknight
|-supereffective|p2a: Corviknight
|-damage|p2a: Corviknight|0 fnt
|faint|p2a: Corviknight
|
|-ability|p1a: Flareon standing|Speed Boost|boost
|-boost|p1a: Flareon standing|spe|1
|upkeep
|
|t:|1758347871
|switch|p2a: Swampert|Swampert, F|100/100
|turn|23
|
|t:|1758347881
|move|p1a: Flareon standing|Close Combat|p2a: Swampert
|-damage|p2a: Swampert|56/100
|-unboost|p1a: Flareon standing|def|1
|-unboost|p1a: Flareon standing|spd|1
|move|p2a: Swampert|Ancient Power|p1a: Flareon standing
|-damage|p1a: Flareon standing|77/100
|
|-ability|p1a: Flareon standing|Speed Boost|boost
|-boost|p1a: Flareon standing|spe|1
|upkeep
|turn|24
|
|t:|1758347895
|move|p1a: Flareon standing|Close Combat|p2a: Swampert
|-damage|p2a: Swampert|14/100
|-unboost|p1a: Flareon standing|def|1
|-unboost|p1a: Flareon standing|spd|1
|move|p2a: Swampert|Rest|p2a: Swampert
|-status|p2a: Swampert|slp|[from] move: Rest
|-heal|p2a: Swampert|100/100 slp|[silent]
|-enditem|p2a: Swampert|Chesto Berry|[eat]
|-curestatus|p2a: Swampert|slp|[msg]
|
|-ability|p1a: Flareon standing|Speed Boost|boost
|-boost|p1a: Flareon standing|spe|1
|upkeep
|turn|25
|
|t:|1758347908
|switch|p1a: Kelleon|Torkoal, F|100/100
|-weather|SunnyDay|[from] ability: Drought|[of] p1a: Kelleon
|move|p2a: Swampert|Ancient Power|p1a: Kelleon
|-supereffective|p1a: Kelleon
|-damage|p1a: Kelleon|79/100
|
|-weather|SunnyDay|[upkeep]
|upkeep
|turn|26
|
|t:|1758347920
|switch|p1a: Venusaur|Venusaur, F|76/100
|move|p2a: Swampert|Whirlpool|p1a: Venusaur
|-resisted|p1a: Venusaur
|-damage|p1a: Venusaur|73/100
|-activate|p1a: Venusaur|move: Whirlpool|[of] p2a: Swampert
|
|-weather|SunnyDay|[upkeep]
|-heal|p1a: Venusaur|79/100|[from] item: Leftovers
|-damage|p1a: Venusaur|67/100|[from] move: Whirlpool|[partiallytrapped]
|upkeep
|turn|27
|
|t:|1758347932
|-terastallize|p2a: Swampert|Poison
|move|p1a: Venusaur|Growth|p1a: Venusaur
|-boost|p1a: Venusaur|atk|2
|-boost|p1a: Venusaur|spa|2
|move|p2a: Swampert|Poison Jab|p1a: Venusaur
|-damage|p1a: Venusaur|28/100
|
|-weather|SunnyDay|[upkeep]
|-heal|p1a: Venusaur|34/100|[from] item: Leftovers
|-damage|p1a: Venusaur|22/100|[from] move: Whirlpool|[partiallytrapped]
|upkeep
|turn|28
|
|t:|1758347944
|move|p1a: Venusaur|Earthquake|p2a: Swampert
|-supereffective|p2a: Swampert
|-crit|p2a: Swampert
|-damage|p2a: Swampert|0 fnt
|faint|p2a: Swampert
|
|-weather|SunnyDay|[upkeep]
|-heal|p1a: Venusaur|28/100|[from] item: Leftovers
|-end|p1a: Venusaur|Whirlpool|[partiallytrapped]|[silent]
|upkeep
|
|t:|1758347950
|switch|p2a: Ditto|Ditto|100/100
|-transform|p2a: Ditto|p1a: Venusaur|[from] ability: Imposter
|turn|29
|
|t:|1758347957
|move|p2a: Ditto|Poison Jab|p1a: Venusaur
|-damage|p1a: Venusaur|0 fnt
|faint|p1a: Venusaur
|
|-weather|none
|upkeep
|
|t:|1758347963
|switch|p1a: Flareon standing|Blaziken, F|77/100
|turn|30
|
|t:|1758347969
|-terastallize|p1a: Flareon standing|Fire
|move|p1a: Flareon standing|Flamethrower|p2a: Ditto
|-supereffective|p2a: Ditto
|-damage|p2a: Ditto|0 fnt
|faint|p2a: Ditto
|
|-ability|p1a: Flareon standing|Speed Boost|boost
|-boost|p1a: Flareon standing|spe|1
|upkeep
|
|t:|1758347977
|switch|p2a: Hatterene|Hatterene, F|63/100
|turn|31
|-message|poorlittlepawn forfeited.
|
|win|shuppetlover
|raw|shuppetlover's rating: 1139 &rarr; <strong>1162</strong><br />(+23 for winning)
|raw|poorlittlepawn's rating: 1109 &rarr; <strong>1086</strong><br />(-23 for losing)
|l|☆poorlittlepawn
|player|p2|
|l|☆shuppetlover
|player|p1|
