|j|☆meowshott
|j|☆hihihief
|t:|1758299548
|gametype|singles
|player|p1|meowshott|2|1176
|player|p2|hihihief|miku-flying|1134
|gen|9
|tier|[Gen 9] OU
|rated|
|rule|HP Percentage Mod: HP is shown in percentages
|rule|Endless Battle Clause: Forcing endless battles is banned
|rule|Species Clause: Limit one of each Pokémon
|rule|OHKO Clause: OHKO moves are banned
|rule|Evasion Items Clause: Evasion items are banned
|rule|Evasion Moves Clause: Evasion moves are banned
|rule|Evasion Abilities Clause: Evasion abilities are banned
|rule|Sleep Moves Clause: Sleep-inducing moves are banned
|clearpoke
|poke|p1|Vileplume, F|
|poke|p1|Moltres|
|poke|p1|Garganacl, F|
|poke|p1|Maushold|
|poke|p1|Umbreon, F|
|poke|p1|Wo-Chien|
|poke|p2|Heatran, M|
|poke|p2|Rillaboom, M|
|poke|p2|Ogerpon-Wellspring, F|
|poke|p2|Great Tusk|
|poke|p2|Kyurem|
|poke|p2|Darkrai|
|teampreview
|inactive|Battle timer is ON: inactive players will automatically lose when time's up. (requested by meowshott)
|
|t:|1758299563
|teamsize|p1|6
|teamsize|p2|6
|start
|switch|p1a: Moltres|Moltres|100/100
|switch|p2a: Rillaboom|Rillaboom, M|100/100
|-fieldstart|move: Grassy Terrain|[from] ability: Grassy Surge|[of] p2a: Rillaboom
|turn|1
|
|t:|1758299571
|switch|p2a: Heatran|Heatran, M|100/100
|move|p1a: Moltres|U-turn|p2a: Heatran
|-resisted|p2a: Heatran
|-damage|p2a: Heatran|98/100
|
|t:|1758299581
|switch|p1a: Garganacl|Garganacl, F, shiny|100/100|[from] U-turn
|
|-heal|p2a: Heatran|100/100|[from] Grassy Terrain
|upkeep
|turn|2
|inactive|hihihief has 120 seconds left.
|
|t:|1758299621
|-terastallize|p2a: Heatran|Fighting
|move|p2a: Heatran|Iron Defense|p2a: Heatran
|-boost|p2a: Heatran|def|2
|move|p1a: Garganacl|Rock Polish|p1a: Garganacl
|-boost|p1a: Garganacl|spe|2
|
|upkeep
|turn|3
|
|t:|1758299635
|switch|p1a: Moltres|Moltres|100/100
|move|p2a: Heatran|Body Press|p1a: Moltres
|-resisted|p1a: Moltres
|-damage|p1a: Moltres|75/100
|-status|p2a: Heatran|brn|[from] ability: Flame Body|[of] p1a: Moltres
|
|-damage|p2a: Heatran|94/100 brn|[from] brn
|upkeep
|turn|4
|
|t:|1758299648
|move|p1a: Moltres|Scorching Sands|p2a: Heatran
|-damage|p2a: Heatran|76/100 brn
|move|p2a: Heatran|Dark Pulse|p1a: Moltres
|-damage|p1a: Moltres|51/100
|
|-heal|p2a: Heatran|82/100 brn|[from] Grassy Terrain
|-heal|p2a: Heatran|88/100 brn|[from] item: Leftovers
|-damage|p2a: Heatran|82/100 brn|[from] brn
|upkeep
|turn|5
|
|t:|1758299658
|switch|p2a: Ogerpon|Ogerpon-Wellspring, F|100/100
|move|p1a: Moltres|Scorching Sands|p2a: Ogerpon
|-resisted|p2a: Ogerpon
|-crit|p2a: Ogerpon
|-damage|p2a: Ogerpon|84/100
|
|-heal|p2a: Ogerpon|90/100|[from] Grassy Terrain
|upkeep
|turn|6
|
|t:|1758299668
|switch|p1a: Vileplume|Vileplume, F|100/100
|move|p2a: Ogerpon|Ivy Cudgel|p1a: Vileplume|[anim] Ivy Cudgel Water
|-resisted|p1a: Vileplume
|-damage|p1a: Vileplume|76/100
|
|-heal|p2a: Ogerpon|96/100|[from] Grassy Terrain
|-heal|p1a: Vileplume|82/100|[from] Grassy Terrain
|-heal|p1a: Vileplume|88/100|[from] item: Leftovers
|upkeep
|turn|7
|
|t:|1758299682
|switch|p2a: Kyurem|Kyurem|100/100
|-ability|p2a: Kyurem|Pressure
|move|p1a: Vileplume|Leech Seed|p2a: Kyurem
|-start|p2a: Kyurem|move: Leech Seed
|
|-heal|p1a: Vileplume|95/100|[from] Grassy Terrain
|-heal|p1a: Vileplume|100/100|[from] item: Leftovers
|-damage|p2a: Kyurem|88/100|[from] Leech Seed|[of] p1a: Vileplume
|upkeep
|turn|8
|
|t:|1758299692
|move|p1a: Vileplume|Protect|p1a: Vileplume
|-singleturn|p1a: Vileplume|Protect
|move|p2a: Kyurem|Freeze-Dry|p1a: Vileplume
|-activate|p1a: Vileplume|move: Protect
|
|-heal|p2a: Kyurem|94/100|[from] Grassy Terrain
|-damage|p2a: Kyurem|82/100|[from] Leech Seed|[of] p1a: Vileplume
|-fieldend|move: Grassy Terrain
|upkeep
|turn|9
|
|t:|1758299702
|switch|p1a: Umbreon|Umbreon, F, shiny|100/100
|move|p2a: Kyurem|Freeze-Dry|p1a: Umbreon
|-damage|p1a: Umbreon|81/100
|
|-heal|p1a: Umbreon|88/100|[from] item: Leftovers
|-damage|p2a: Kyurem|69/100|[from] Leech Seed|[of] p1a: Umbreon
|-heal|p1a: Umbreon|100/100|[silent]
|upkeep
|turn|10
|
|t:|1758299712
|switch|p2a: Heatran|Heatran, M, tera:Fighting|82/100 brn
|move|p1a: Umbreon|Foul Play|p2a: Heatran
|-resisted|p2a: Heatran
|-damage|p2a: Heatran|75/100 brn
|
|-heal|p2a: Heatran|81/100 brn|[from] item: Leftovers
|-damage|p2a: Heatran|75/100 brn|[from] brn
|upkeep
|turn|11
|
|t:|1758299721
|switch|p1a: Moltres|Moltres|51/100
|move|p2a: Heatran|Dark Pulse|p1a: Moltres
|-damage|p1a: Moltres|26/100
|
|-heal|p2a: Heatran|81/100 brn|[from] item: Leftovers
|-damage|p2a: Heatran|75/100 brn|[from] brn
|upkeep
|turn|12
|
|t:|1758299730
|move|p1a: Moltres|Roost|p1a: Moltres
|-heal|p1a: Moltres|76/100
|-singleturn|p1a: Moltres|move: Roost
|move|p2a: Heatran|Dark Pulse|p1a: Moltres
|-damage|p1a: Moltres|53/100
|
|-heal|p2a: Heatran|81/100 brn|[from] item: Leftovers
|-damage|p2a: Heatran|75/100 brn|[from] brn
|upkeep
|turn|13
|
|t:|1758299739
|switch|p2a: Darkrai|Darkrai|100/100
|move|p1a: Moltres|Roost|p1a: Moltres
|-heal|p1a: Moltres|100/100
|-singleturn|p1a: Moltres|move: Roost
|
|upkeep
|turn|14
|
|t:|1758299750
|move|p2a: Darkrai|Dark Pulse|p1a: Moltres
|-damage|p1a: Moltres|55/100
|cant|p1a: Moltres|flinch
|
|upkeep
|turn|15
|
|t:|1758299756
|switch|p1a: Umbreon|Umbreon, F, shiny|100/100
|move|p2a: Darkrai|Dark Pulse|p1a: Umbreon
|-resisted|p1a: Umbreon
|-damage|p1a: Umbreon|89/100
|
|-heal|p1a: Umbreon|95/100|[from] item: Leftovers
|upkeep
|turn|16
|
|t:|1758299764
|switch|p2a: Rillaboom|Rillaboom, M|100/100
|-fieldstart|move: Grassy Terrain|[from] ability: Grassy Surge|[of] p2a: Rillaboom
|switch|p1a: Moltres|Moltres|55/100
|
|upkeep
|turn|17
|
|t:|1758299774
|move|p2a: Rillaboom|Knock Off|p1a: Moltres
|-damage|p1a: Moltres|29/100
|-enditem|p1a: Moltres|Heavy-Duty Boots|[from] move: Knock Off|[of] p2a: Rillaboom
|move|p1a: Moltres|Roost|p1a: Moltres
|-heal|p1a: Moltres|79/100
|-singleturn|p1a: Moltres|move: Roost
|
|-heal|p1a: Moltres|85/100|[from] Grassy Terrain
|upkeep
|turn|18
|
|t:|1758299788
|switch|p2a: Great Tusk|Great Tusk|100/100
|move|p1a: Moltres|U-turn|p2a: Great Tusk
|-resisted|p2a: Great Tusk
|-damage|p2a: Great Tusk|95/100
|
|t:|1758299795
|switch|p1a: Vileplume|Vileplume, F|100/100|[from] U-turn
|
|-heal|p2a: Great Tusk|100/100|[from] Grassy Terrain
|upkeep
|turn|19
|
|t:|1758299802
|-end|p2a: Great Tusk|Protosynthesis|[silent]
|switch|p2a: Kyurem|Kyurem|69/100
|-ability|p2a: Kyurem|Pressure
|move|p1a: Vileplume|Leech Seed|p2a: Kyurem
|-start|p2a: Kyurem|move: Leech Seed
|
|-heal|p2a: Kyurem|75/100|[from] Grassy Terrain
|-damage|p2a: Kyurem|63/100|[from] Leech Seed|[of] p1a: Vileplume
|upkeep
|turn|20
|
|t:|1758299812
|switch|p2a: Great Tusk|Great Tusk|100/100
|switch|p1a: Umbreon|Umbreon, F, shiny|95/100
|
|-heal|p1a: Umbreon|100/100|[from] Grassy Terrain
|upkeep
|turn|21
|
|t:|1758299820
|switch|p1a: Vileplume|Vileplume, F|100/100
|move|p2a: Great Tusk|Stealth Rock|p1a: Vileplume
|-sidestart|p1: meowshott|move: Stealth Rock
|
|upkeep
|turn|22
|
|t:|1758299833
|-end|p2a: Great Tusk|Protosynthesis|[silent]
|switch|p2a: Kyurem|Kyurem|63/100
|-ability|p2a: Kyurem|Pressure
|switch|p1a: Maushold|Maushold|100/100
|-damage|p1a: Maushold|88/100|[from] Stealth Rock
|
|-heal|p1a: Maushold|94/100|[from] Grassy Terrain
|-heal|p2a: Kyurem|69/100|[from] Grassy Terrain
|upkeep
|turn|23
|
|t:|1758299842
|move|p1a: Maushold|Tidy Up|p1a: Maushold
|-sideend|p1: meowshott|Stealth Rock
|-activate|p1a: Maushold|move: Tidy Up
|-boost|p1a: Maushold|atk|1
|-boost|p1a: Maushold|spe|1
|move|p2a: Kyurem|Focus Blast|p1a: Maushold
|-supereffective|p1a: Maushold
|-damage|p1a: Maushold|1/100
|
|-heal|p1a: Maushold|7/100|[from] Grassy Terrain
|-heal|p2a: Kyurem|75/100|[from] Grassy Terrain
|-fieldend|move: Grassy Terrain
|upkeep
|turn|24
|
|t:|1758299852
|move|p1a: Maushold|Population Bomb|p2a: Kyurem
|-damage|p2a: Kyurem|64/100
|-damage|p2a: Kyurem|52/100
|-damage|p2a: Kyurem|42/100
|-damage|p2a: Kyurem|31/100
|-damage|p2a: Kyurem|21/100
|-damage|p2a: Kyurem|11/100
|-damage|p2a: Kyurem|0 fnt
|faint|p2a: Kyurem
|-hitcount|p2: Kyurem|7
|
|upkeep
|
|t:|1758299854
|switch|p2a: Rillaboom|Rillaboom, M|100/100
|-fieldstart|move: Grassy Terrain|[from] ability: Grassy Surge|[of] p2a: Rillaboom
|turn|25
|
|t:|1758299866
|switch|p1a: Moltres|Moltres|85/100
|move|p2a: Rillaboom|Grassy Glide|p1a: Moltres
|-resisted|p1a: Moltres
|-damage|p1a: Moltres|78/100
|
|upkeep
|turn|26
|
|t:|1758299874
|switch|p2a: Great Tusk|Great Tusk|100/100
|move|p1a: Moltres|U-turn|p2a: Great Tusk
|-resisted|p2a: Great Tusk
|-damage|p2a: Great Tusk|95/100
|
|t:|1758299886
|switch|p1a: Vileplume|Vileplume, F|100/100|[from] U-turn
|
|-heal|p2a: Great Tusk|100/100|[from] Grassy Terrain
|upkeep
|turn|27
|
|t:|1758299891
|move|p2a: Great Tusk|Stealth Rock|p1a: Vileplume
|-sidestart|p1: meowshott|move: Stealth Rock
|move|p1a: Vileplume|Giga Drain|p2a: Great Tusk
|-supereffective|p2a: Great Tusk
|-damage|p2a: Great Tusk|0 fnt
|faint|p2a: Great Tusk
|-end|p2a: Great Tusk|Protosynthesis|[silent]
|
|upkeep
|
|t:|1758299900
|switch|p2a: Heatran|Heatran, M, tera:Fighting|75/100 brn
|turn|28
|
|t:|1758299907
|move|p2a: Heatran|Iron Defense|p2a: Heatran
|-boost|p2a: Heatran|def|2
|move|p1a: Vileplume|Leech Seed|p2a: Heatran
|-start|p2a: Heatran|move: Leech Seed
|
|-heal|p2a: Heatran|81/100 brn|[from] Grassy Terrain
|-heal|p2a: Heatran|87/100 brn|[from] item: Leftovers
|-damage|p2a: Heatran|75/100 brn|[from] Leech Seed|[of] p1a: Vileplume
|-damage|p2a: Heatran|69/100 brn|[from] brn
|upkeep
|turn|29
|
|t:|1758299930
|switch|p2a: Darkrai|Darkrai|100/100
|switch|p1a: Wo-Chien|Wo-Chien, shiny|100/100
|-damage|p1a: Wo-Chien|88/100|[from] Stealth Rock
|-ability|p1a: Wo-Chien|Tablets of Ruin
|
|-heal|p1a: Wo-Chien|94/100|[from] Grassy Terrain
|-heal|p1a: Wo-Chien|100/100|[from] item: Leftovers
|upkeep
|turn|30
|
|t:|1758299941
|move|p2a: Darkrai|Ice Beam|p1a: Wo-Chien
|-supereffective|p1a: Wo-Chien
|-damage|p1a: Wo-Chien|63/100
|move|p1a: Wo-Chien|Knock Off|p2a: Darkrai
|-resisted|p2a: Darkrai
|-damage|p2a: Darkrai|80/100
|-enditem|p2a: Darkrai|Choice Scarf|[from] move: Knock Off|[of] p1a: Wo-Chien
|
|-heal|p2a: Darkrai|86/100|[from] Grassy Terrain
|-heal|p1a: Wo-Chien|69/100|[from] Grassy Terrain
|-heal|p1a: Wo-Chien|75/100|[from] item: Leftovers
|upkeep
|turn|31
|
|t:|1758299954
|move|p2a: Darkrai|Ice Beam|p1a: Wo-Chien
|-supereffective|p1a: Wo-Chien
|-damage|p1a: Wo-Chien|35/100
|move|p1a: Wo-Chien|Leech Seed|p2a: Darkrai
|-start|p2a: Darkrai|move: Leech Seed
|
|-heal|p2a: Darkrai|92/100|[from] Grassy Terrain
|-heal|p1a: Wo-Chien|41/100|[from] Grassy Terrain
|-heal|p1a: Wo-Chien|47/100|[from] item: Leftovers
|-damage|p2a: Darkrai|80/100|[from] Leech Seed|[of] p1a: Wo-Chien
|-heal|p1a: Wo-Chien|56/100|[silent]
|upkeep
|turn|32
|
|t:|1758299963
|move|p1a: Wo-Chien|Protect|p1a: Wo-Chien
|-singleturn|p1a: Wo-Chien|Protect
|move|p2a: Darkrai|Focus Blast|p1a: Wo-Chien
|-activate|p1a: Wo-Chien|move: Protect
|
|-heal|p2a: Darkrai|86/100|[from] Grassy Terrain
|-heal|p1a: Wo-Chien|63/100|[from] Grassy Terrain
|-heal|p1a: Wo-Chien|69/100|[from] item: Leftovers
|-damage|p2a: Darkrai|73/100|[from] Leech Seed|[of] p1a: Wo-Chien
|-heal|p1a: Wo-Chien|78/100|[silent]
|-fieldend|move: Grassy Terrain
|upkeep
|turn|33
|
|t:|1758299973
|switch|p2a: Ogerpon|Ogerpon-Wellspring, F|96/100
|switch|p1a: Moltres|Moltres|78/100
|-damage|p1a: Moltres|28/100|[from] Stealth Rock
|
|upkeep
|turn|34
|
|t:|1758299981
|move|p2a: Ogerpon|Ivy Cudgel|p1a: Moltres|[anim] Ivy Cudgel Water
|-supereffective|p1a: Moltres
|-damage|p1a: Moltres|0 fnt
|faint|p1a: Moltres
|
|upkeep
|
|t:|1758299994
|switch|p1a: Garganacl|Garganacl, F, shiny|100/100
|-damage|p1a: Garganacl|88/100|[from] Stealth Rock
|turn|35
|
|t:|1758300000
|move|p2a: Ogerpon|Ivy Cudgel|p1a: Garganacl|[anim] Ivy Cudgel Water
|-supereffective|p1a: Garganacl
|-damage|p1a: Garganacl|0 fnt
|faint|p1a: Garganacl
|
|upkeep
|-message|meowshott forfeited.
|
|win|hihihief
|raw|meowshott's rating: 1176 &rarr; <strong>1148</strong><br />(-28 for losing)
|raw|hihihief's rating: 1134 &rarr; <strong>1162</strong><br />(+28 for winning)
|l|☆meowshott
|player|p1|
