|j|☆lorped
|j|☆enzodfernandesb
|t:|1758288871
|gametype|singles
|player|p1|lorped|170|1066
|player|p2|enzodfernandesb|170|1075
|gen|9
|tier|[Gen 9] OU
|rated|
|rule|HP Percentage Mod: HP is shown in percentages
|rule|Endless Battle Clause: Forcing endless battles is banned
|rule|Species Clause: Limit one of each Pokémon
|rule|OHKO Clause: OHKO moves are banned
|rule|Evasion Items Clause: Evasion items are banned
|rule|Evasion Moves Clause: Evasion moves are banned
|rule|Evasion Abilities Clause: Evasion abilities are banned
|rule|Sleep Moves Clause: Sleep-inducing moves are banned
|clearpoke
|poke|p1|Leavanny, M|
|poke|p1|Ceruledge, M|
|poke|p1|Iron Hands|
|poke|p1|Sinistcha|
|poke|p1|Altaria, F|
|poke|p1|Mamoswine, M|
|poke|p2|Comfey, F|
|poke|p2|Glimmora, M|
|poke|p2|Arboliva, M|
|poke|p2|Heatran, F|
|poke|p2|Quaquaval, F|
|poke|p2|Crawdaunt, F|
|teampreview
|inactive|Battle timer is ON: inactive players will automatically lose when time's up. (requested by enzodfernandesb)
|
|t:|1758288887
|teamsize|p1|6
|teamsize|p2|6
|start
|switch|p1a: Leavanny|Leavanny, M|100/100
|switch|p2a: Crawdaunt|Crawdaunt, F|100/100
|turn|1
|
|t:|1758288913
|switch|p2a: Arboliva|Arboliva, M|100/100
|move|p1a: Leavanny|Leaf Blade|p2a: Arboliva
|-resisted|p2a: Arboliva
|-damage|p2a: Arboliva|86/100
|-fieldstart|move: Grassy Terrain|[from] ability: Seed Sower|[of] p2a: Arboliva
|
|-heal|p2a: Arboliva|92/100|[from] Grassy Terrain
|-heal|p2a: Arboliva|99/100|[from] item: Leftovers
|upkeep
|turn|2
|
|t:|1758288926
|switch|p1a: Sinistcha|Sinistcha|100/100
|move|p2a: Arboliva|Reflect|p2a: Arboliva
|-sidestart|p2: enzodfernandesb|Reflect
|
|-heal|p2a: Arboliva|100/100|[from] Grassy Terrain
|upkeep
|turn|3
|
|t:|1758288934
|switch|p2a: Heatran|Heatran, F|100/100
|move|p1a: Sinistcha|Calm Mind|p1a: Sinistcha
|-boost|p1a: Sinistcha|spa|1
|-boost|p1a: Sinistcha|spd|1
|
|upkeep
|turn|4
|
|t:|1758288943
|-terastallize|p1a: Sinistcha|Ghost
|move|p2a: Heatran|Magma Storm|p1a: Sinistcha
|-damage|p1a: Sinistcha|80/100
|-activate|p1a: Sinistcha|move: Magma Storm|[of] p2a: Heatran
|move|p1a: Sinistcha|Calm Mind|p1a: Sinistcha
|-boost|p1a: Sinistcha|spa|1
|-boost|p1a: Sinistcha|spd|1
|
|-heal|p1a: Sinistcha|86/100|[from] Grassy Terrain
|-damage|p1a: Sinistcha|73/100|[from] move: Magma Storm|[partiallytrapped]
|upkeep
|turn|5
|
|t:|1758288954
|move|p2a: Heatran|Scorching Sands|p1a: Sinistcha
|-damage|p1a: Sinistcha|59/100
|move|p1a: Sinistcha|Shadow Ball|p2a: Heatran
|-damage|p2a: Heatran|42/100
|
|-heal|p2a: Heatran|48/100|[from] Grassy Terrain
|-heal|p1a: Sinistcha|66/100|[from] Grassy Terrain
|-damage|p1a: Sinistcha|53/100|[from] move: Magma Storm|[partiallytrapped]
|-fieldend|move: Grassy Terrain
|upkeep
|turn|6
|
|t:|1758288964
|move|p2a: Heatran|Scorching Sands|p1a: Sinistcha
|-crit|p1a: Sinistcha
|-damage|p1a: Sinistcha|7/100
|-enditem|p1a: Sinistcha|Sitrus Berry|[eat]
|-heal|p1a: Sinistcha|32/100|[from] item: Sitrus Berry
|move|p1a: Sinistcha|Shadow Ball|p2a: Heatran
|-crit|p2a: Heatran
|-damage|p2a: Heatran|0 fnt
|faint|p2a: Heatran
|
|-end|p1a: Sinistcha|Magma Storm|[partiallytrapped]|[silent]
|-sideend|p2: enzodfernandesb|Reflect
|upkeep
|
|t:|1758288981
|switch|p2a: Crawdaunt|Crawdaunt, F|100/100
|turn|7
|
|t:|1758288984
|move|p2a: Crawdaunt|Aqua Jet|p1a: Sinistcha
|-damage|p1a: Sinistcha|0 fnt
|faint|p1a: Sinistcha
|-damage|p2a: Crawdaunt|91/100|[from] item: Life Orb
|
|upkeep
|
|t:|1758289003
|switch|p1a: Leavanny|Leavanny, M|100/100
|turn|8
|
|t:|1758289013
|switch|p2a: Arboliva|Arboliva, M|100/100
|move|p1a: Leavanny|Sticky Web|p2a: Arboliva
|-sidestart|p2: enzodfernandesb|move: Sticky Web
|
|upkeep
|turn|9
|
|t:|1758289030
|switch|p1a: Ceruledge|Ceruledge, M|100/100
|-item|p1a: Ceruledge|Air Balloon
|move|p2a: Arboliva|Reflect|p2a: Arboliva
|-sidestart|p2: enzodfernandesb|Reflect
|
|upkeep
|turn|10
|
|t:|1758289056
|move|p1a: Ceruledge|Swords Dance|p1a: Ceruledge
|-boost|p1a: Ceruledge|atk|2
|move|p2a: Arboliva|Giga Drain|p1a: Ceruledge
|-resisted|p1a: Ceruledge
|-damage|p1a: Ceruledge|83/100
|-enditem|p1a: Ceruledge|Air Balloon
|
|upkeep
|turn|11
|
|t:|1758289065
|switch|p2a: Quaquaval|Quaquaval, F|100/100
|-activate|p2a: Quaquaval|move: Sticky Web
|-unboost|p2a: Quaquaval|spe|1
|move|p1a: Ceruledge|Bitter Blade|p2a: Quaquaval
|-resisted|p2a: Quaquaval
|-damage|p2a: Quaquaval|75/100
|-heal|p1a: Ceruledge|99/100|[from] drain|[of] p2a: Quaquaval
|
|upkeep
|turn|12
|
|t:|1758289078
|move|p1a: Ceruledge|Will-O-Wisp|p2a: Quaquaval
|-status|p2a: Quaquaval|brn
|move|p2a: Quaquaval|Rapid Spin|p1a: Ceruledge
|-immune|p1a: Ceruledge
|
|-damage|p2a: Quaquaval|69/100 brn|[from] brn
|upkeep
|turn|13
|
|t:|1758289090
|move|p1a: Ceruledge|Swords Dance|p1a: Ceruledge
|-boost|p1a: Ceruledge|atk|2
|move|p2a: Quaquaval|Aqua Step|p1a: Ceruledge
|-supereffective|p1a: Ceruledge
|-damage|p1a: Ceruledge|52/100
|-boost|p2a: Quaquaval|spe|1
|
|-damage|p2a: Quaquaval|63/100 brn|[from] brn
|-sideend|p2: enzodfernandesb|Reflect
|upkeep
|turn|14
|
|t:|1758289105
|move|p1a: Ceruledge|Bitter Blade|p2a: Quaquaval
|-resisted|p2a: Quaquaval
|-damage|p2a: Quaquaval|0 fnt
|-heal|p1a: Ceruledge|92/100|[from] drain|[of] p2a: Quaquaval
|faint|p2a: Quaquaval
|
|upkeep
|
|t:|1758289114
|switch|p2a: Crawdaunt|Crawdaunt, F|91/100
|-activate|p2a: Crawdaunt|move: Sticky Web
|-unboost|p2a: Crawdaunt|spe|1
|turn|15
|
|t:|1758289124
|move|p2a: Crawdaunt|Aqua Jet|p1a: Ceruledge
|-supereffective|p1a: Ceruledge
|-damage|p1a: Ceruledge|0 fnt
|faint|p1a: Ceruledge
|-damage|p2a: Crawdaunt|81/100|[from] item: Life Orb
|
|upkeep
|
|t:|1758289134
|switch|p1a: Leavanny|Leavanny, M|100/100
|turn|16
|
|t:|1758289140
|switch|p2a: Glimmora|Glimmora, M|100/100
|-activate|p2a: Glimmora|move: Sticky Web
|-unboost|p2a: Glimmora|spe|1
|move|p1a: Leavanny|Switcheroo|p2a: Glimmora
|-activate|p1a: Leavanny|move: Trick|[of] p2a: Glimmora
|-item|p2a: Glimmora|Choice Scarf|[from] move: Switcheroo
|-item|p1a: Leavanny|Power Herb|[from] move: Switcheroo
|
|upkeep
|turn|17
|
|t:|1758289152
|switch|p1a: Mamoswine|Mamoswine, M|100/100
|move|p2a: Glimmora|Mortal Spin|p1a: Mamoswine
|-resisted|p1a: Mamoswine
|-damage|p1a: Mamoswine|97/100
|-status|p1a: Mamoswine|psn
|-sideend|p2: enzodfernandesb|Sticky Web|[from] move: Mortal Spin|[of] p2a: Glimmora
|
|-damage|p1a: Mamoswine|85/100 psn|[from] psn
|upkeep
|turn|18
|
|t:|1758289162
|switch|p2a: Arboliva|Arboliva, M|100/100
|move|p1a: Mamoswine|Earthquake|p2a: Arboliva
|-resisted|p2a: Arboliva
|-damage|p2a: Arboliva|80/100
|-fieldstart|move: Grassy Terrain|[from] ability: Seed Sower|[of] p2a: Arboliva
|
|-heal|p1a: Mamoswine|91/100 psn|[from] Grassy Terrain
|-heal|p2a: Arboliva|86/100|[from] Grassy Terrain
|-heal|p2a: Arboliva|92/100|[from] item: Leftovers
|-damage|p1a: Mamoswine|79/100 psn|[from] psn
|upkeep
|turn|19
|
|t:|1758289174
|move|p1a: Mamoswine|Icicle Crash|p2a: Arboliva
|-supereffective|p2a: Arboliva
|-damage|p2a: Arboliva|24/100
|cant|p2a: Arboliva|flinch
|
|-heal|p1a: Mamoswine|85/100 psn|[from] Grassy Terrain
|-heal|p2a: Arboliva|30/100|[from] Grassy Terrain
|-heal|p2a: Arboliva|36/100|[from] item: Leftovers
|-damage|p1a: Mamoswine|72/100 psn|[from] psn
|upkeep
|turn|20
|
|t:|1758289183
|move|p2a: Arboliva|Protect|p2a: Arboliva
|-singleturn|p2a: Arboliva|Protect
|move|p1a: Mamoswine|Icicle Crash|p2a: Arboliva
|-activate|p2a: Arboliva|move: Protect
|
|-heal|p1a: Mamoswine|78/100 psn|[from] Grassy Terrain
|-heal|p2a: Arboliva|42/100|[from] Grassy Terrain
|-heal|p2a: Arboliva|48/100|[from] item: Leftovers
|-damage|p1a: Mamoswine|66/100 psn|[from] psn
|upkeep
|turn|21
|
|t:|1758289193
|switch|p2a: Glimmora|Glimmora, M|100/100
|move|p1a: Mamoswine|Icicle Crash|p2a: Glimmora
|-damage|p2a: Glimmora|50/100
|-activate|p2a: Glimmora|ability: Toxic Debris
|-sidestart|p1: lorped|move: Toxic Spikes
|
|-heal|p2a: Glimmora|56/100|[from] Grassy Terrain
|-heal|p1a: Mamoswine|72/100 psn|[from] Grassy Terrain
|-damage|p1a: Mamoswine|60/100 psn|[from] psn
|upkeep
|turn|22
|
|t:|1758289206
|move|p2a: Glimmora|Venoshock|p1a: Mamoswine
|-resisted|p1a: Mamoswine
|-damage|p1a: Mamoswine|29/100 psn
|move|p1a: Mamoswine|Iron Head|p2a: Glimmora
|-supereffective|p2a: Glimmora
|-damage|p2a: Glimmora|0 fnt
|-activate|p2a: Glimmora|ability: Toxic Debris
|-sidestart|p1: lorped|move: Toxic Spikes
|faint|p2a: Glimmora
|
|-heal|p1a: Mamoswine|35/100 psn|[from] Grassy Terrain
|-damage|p1a: Mamoswine|23/100 psn|[from] psn
|-fieldend|move: Grassy Terrain
|upkeep
|
|t:|1758289212
|switch|p2a: Crawdaunt|Crawdaunt, F|81/100
|turn|23
|
|t:|1758289224
|move|p1a: Mamoswine|Iron Head|p2a: Crawdaunt
|-resisted|p2a: Crawdaunt
|-damage|p2a: Crawdaunt|62/100
|move|p2a: Crawdaunt|Dragon Dance|p2a: Crawdaunt
|-boost|p2a: Crawdaunt|atk|1
|-boost|p2a: Crawdaunt|spe|1
|
|-damage|p1a: Mamoswine|10/100 psn|[from] psn
|upkeep
|turn|24
|
|t:|1758289239
|move|p2a: Crawdaunt|Dragon Dance|p2a: Crawdaunt
|-boost|p2a: Crawdaunt|atk|1
|-boost|p2a: Crawdaunt|spe|1
|move|p1a: Mamoswine|Trailblaze|p2a: Crawdaunt
|-supereffective|p2a: Crawdaunt
|-damage|p2a: Crawdaunt|14/100
|-boost|p1a: Mamoswine|spe|1
|
|-damage|p1a: Mamoswine|0 fnt|[from] psn
|faint|p1a: Mamoswine
|upkeep
|
|t:|1758289259
|switch|p1a: Iron Hands|Iron Hands|100/100
|-status|p1a: Iron Hands|tox
|-enditem|p1a: Iron Hands|Booster Energy
|-activate|p1a: Iron Hands|ability: Quark Drive|[fromitem]
|-start|p1a: Iron Hands|quarkdriveatk
|turn|25
|inactive|enzodfernandesb has 120 seconds left.
|
|t:|1758289310
|move|p1a: Iron Hands|Fake Out|p2a: Crawdaunt
|-damage|p2a: Crawdaunt|0 fnt
|faint|p2a: Crawdaunt
|
|-damage|p1a: Iron Hands|94/100 tox|[from] psn
|upkeep
|
|t:|1758289314
|switch|p2a: Arboliva|Arboliva, M|48/100
|turn|26
|
|t:|1758289318
|move|p1a: Iron Hands|Ice Punch|p2a: Arboliva
|-supereffective|p2a: Arboliva
|-damage|p2a: Arboliva|0 fnt
|-fieldstart|move: Grassy Terrain|[from] ability: Seed Sower|[of] p2a: Arboliva
|faint|p2a: Arboliva
|
|-heal|p1a: Iron Hands|100/100 tox|[from] Grassy Terrain
|-damage|p1a: Iron Hands|88/100 tox|[from] psn
|upkeep
|
|t:|1758289322
|switch|p2a: Comfey|Comfey, F|100/100
|turn|27
|
|t:|1758289329
|-terastallize|p2a: Comfey|Fairy
|move|p2a: Comfey|Draining Kiss|p1a: Iron Hands
|-supereffective|p1a: Iron Hands
|-damage|p1a: Iron Hands|4/100 tox
|-damage|p2a: Comfey|91/100|[from] item: Life Orb
|move|p1a: Iron Hands|Supercell Slam|p2a: Comfey
|-damage|p2a: Comfey|2/100
|
|-heal|p2a: Comfey|8/100|[from] Grassy Terrain
|-heal|p1a: Iron Hands|10/100 tox|[from] Grassy Terrain
|-damage|p1a: Iron Hands|0 fnt|[from] psn
|faint|p1a: Iron Hands
|-end|p1a: Iron Hands|Quark Drive|[silent]
|upkeep
|
|t:|1758289343
|switch|p1a: Leavanny|Leavanny, M|100/100
|-status|p1a: Leavanny|tox
|turn|28
|
|t:|1758289347
|move|p2a: Comfey|Draining Kiss|p1a: Leavanny
|-damage|p1a: Leavanny|38/100 tox
|-heal|p2a: Comfey|53/100|[from] drain|[of] p1a: Leavanny
|-damage|p2a: Comfey|43/100|[from] item: Life Orb
|move|p1a: Leavanny|Leaf Blade|p2a: Comfey
|-damage|p2a: Comfey|0 fnt
|faint|p2a: Comfey
|
|win|lorped
|raw|lorped's rating: 1066 &rarr; <strong>1097</strong><br />(+31 for winning)
|raw|enzodfernandesb's rating: 1075 &rarr; <strong>1053</strong><br />(-22 for losing)
|l|☆enzodfernandesb
|player|p2|
|l|☆lorped
|player|p1|
