|j|☆AllegianceIs2UrMom
|j|☆models&baddies
|t:|1758361008
|gametype|singles
|player|p1|AllegianceIs2UrMom|102|1486
|player|p2|models&baddies|benga|1543
|gen|9
|tier|[Gen 9] OU
|rated|
|rule|HP Percentage Mod: HP is shown in percentages
|rule|Endless Battle Clause: Forcing endless battles is banned
|rule|Species Clause: Limit one of each Pokémon
|rule|OHKO Clause: OHKO moves are banned
|rule|Evasion Items Clause: Evasion items are banned
|rule|Evasion Moves Clause: Evasion moves are banned
|rule|Evasion Abilities Clause: Evasion abilities are banned
|rule|Sleep Moves Clause: Sleep-inducing moves are banned
|clearpoke
|poke|p1|Metagross|
|poke|p1|Hatterene, F|
|poke|p1|Iron Hands|
|poke|p1|Toedscruel, F|
|poke|p1|Pelipper, M|
|poke|p1|Ursaluna, M|
|poke|p2|Rillaboom, F|
|poke|p2|Salazzle, F|
|poke|p2|Latias, F|
|poke|p2|Espeon, F|
|poke|p2|Milotic, F|
|poke|p2|Hitmontop, M|
|teampreview
|
|t:|1758361029
|teamsize|p1|6
|teamsize|p2|6
|start
|switch|p1a: Pelipper|Pelipper, M|100/100
|switch|p2a: Latias|Latias, F|100/100
|-weather|RainDance|[from] ability: Drizzle|[of] p1a: Pelipper
|turn|1
|inactive|Battle timer is ON: inactive players will automatically lose when time's up. (requested by AllegianceIs2UrMom)
|
|t:|1758361037
|switch|p1a: Metagross|Metagross|100/100
|move|p2a: Latias|Draco Meteor|p1a: Metagross
|-resisted|p1a: Metagross
|-damage|p1a: Metagross|79/100
|-unboost|p2a: Latias|spa|2
|
|-weather|RainDance|[upkeep]
|upkeep
|turn|2
|
|t:|1758361047
|switch|p2a: Milotic|Milotic, F|100/100
|move|p1a: Metagross|Psychic Fangs|p2a: Milotic
|-damage|p2a: Milotic|45/100
|
|-weather|RainDance|[upkeep]
|-heal|p2a: Milotic|51/100|[from] item: Leftovers
|upkeep
|turn|3
|
|t:|1758361052
|move|p2a: Milotic|Scald|p1a: Metagross
|-damage|p1a: Metagross|50/100
|-status|p1a: Metagross|brn
|move|p1a: Metagross|Psychic Fangs|p2a: Milotic
|-damage|p2a: Milotic|23/100
|
|-weather|RainDance|[upkeep]
|-heal|p2a: Milotic|29/100|[from] item: Leftovers
|-damage|p1a: Metagross|44/100 brn|[from] brn
|upkeep
|turn|4
|
|t:|1758361056
|switch|p1a: Ursaluna|Ursaluna, M|100/100
|move|p2a: Milotic|Recover|p2a: Milotic
|-heal|p2a: Milotic|79/100
|
|-weather|RainDance|[upkeep]
|-heal|p2a: Milotic|86/100|[from] item: Leftovers
|-status|p1a: Ursaluna|brn|[from] item: Flame Orb
|upkeep
|turn|5
|
|t:|1758361064
|move|p2a: Milotic|Scald|p1a: Ursaluna
|-supereffective|p1a: Ursaluna
|-damage|p1a: Ursaluna|37/100 brn
|move|p1a: Ursaluna|Facade|p2a: Milotic
|-damage|p2a: Milotic|0 fnt
|faint|p2a: Milotic
|
|-weather|none
|-damage|p1a: Ursaluna|31/100 brn|[from] brn
|upkeep
|
|t:|1758361077
|switch|p2a: Rillaboom|Rillaboom, F|100/100
|-fieldstart|move: Grassy Terrain|[from] ability: Grassy Surge|[of] p2a: Rillaboom
|turn|6
|
|t:|1758361081
|switch|p1a: Iron Hands|Iron Hands|100/100
|move|p2a: Rillaboom|Grassy Glide|p1a: Iron Hands
|-damage|p1a: Iron Hands|78/100
|
|-heal|p1a: Iron Hands|84/100|[from] Grassy Terrain
|-heal|p1a: Iron Hands|90/100|[from] item: Leftovers
|upkeep
|turn|7
|
|t:|1758361088
|switch|p2a: Salazzle|Salazzle, F|100/100
|move|p1a: Iron Hands|Swords Dance|p1a: Iron Hands
|-boost|p1a: Iron Hands|atk|2
|
|-heal|p1a: Iron Hands|96/100|[from] Grassy Terrain
|-heal|p1a: Iron Hands|100/100|[from] item: Leftovers
|upkeep
|turn|8
|
|t:|1758361090
|move|p2a: Salazzle|Encore|p1a: Iron Hands
|-start|p1a: Iron Hands|Encore
|move|p1a: Iron Hands|Swords Dance|p1a: Iron Hands
|-boost|p1a: Iron Hands|atk|2
|
|upkeep
|turn|9
|
|t:|1758361094
|switch|p2a: Latias|Latias, F|100/100
|-end|p1a: Iron Hands|Quark Drive|[silent]
|switch|p1a: Hatterene|Hatterene, F|100/100
|
|upkeep
|turn|10
|
|t:|1758361096
|move|p2a: Latias|Trick|p1a: Hatterene
|-activate|p2a: Latias|move: Trick|[of] p1a: Hatterene
|-item|p1a: Hatterene|Choice Scarf|[from] move: Trick
|-item|p2a: Latias|Leftovers|[from] move: Trick
|move|p1a: Hatterene|Trick Room|p1a: Hatterene
|-fieldstart|move: Trick Room|[of] p1a: Hatterene
|
|upkeep
|turn|11
|
|t:|1758361107
|switch|p1a: Ursaluna|Ursaluna, M|31/100 brn
|move|p2a: Latias|Healing Wish|p2a: Latias
|faint|p2a: Latias
|
|-heal|p1a: Ursaluna|37/100 brn|[from] Grassy Terrain
|-damage|p1a: Ursaluna|31/100 brn|[from] brn
|upkeep
|
|t:|1758361117
|switch|p2a: Rillaboom|Rillaboom, F|100/100
|turn|12
|
|t:|1758361123
|-terastallize|p1a: Ursaluna|Ghost
|move|p2a: Rillaboom|Grassy Glide|p1a: Ursaluna
|-damage|p1a: Ursaluna|1/100 brn
|move|p1a: Ursaluna|Facade|p2a: Rillaboom
|-damage|p2a: Rillaboom|0 fnt
|faint|p2a: Rillaboom
|
|-heal|p1a: Ursaluna|7/100 brn|[from] Grassy Terrain
|-damage|p1a: Ursaluna|1/100 brn|[from] brn
|upkeep
|
|t:|1758361141
|switch|p2a: Espeon|Espeon, F|100/100
|-enditem|p2a: Espeon|Grassy Seed
|-boost|p2a: Espeon|def|1|[from] item: Grassy Seed
|turn|13
|
|t:|1758361146
|move|p1a: Ursaluna|Facade|p2a: Espeon
|-damage|p2a: Espeon|22/100
|move|p2a: Espeon|Calm Mind|p2a: Espeon
|-boost|p2a: Espeon|spa|1
|-boost|p2a: Espeon|spd|1
|
|-heal|p1a: Ursaluna|7/100 brn|[from] Grassy Terrain
|-heal|p2a: Espeon|28/100|[from] Grassy Terrain
|-damage|p1a: Ursaluna|1/100 brn|[from] brn
|-fieldend|move: Grassy Terrain
|upkeep
|turn|14
|
|t:|1758361158
|move|p1a: Ursaluna|Facade|p2a: Espeon
|-damage|p2a: Espeon|0 fnt
|faint|p2a: Espeon
|
|-damage|p1a: Ursaluna|0 fnt|[from] brn
|faint|p1a: Ursaluna
|-fieldend|move: Trick Room
|upkeep
|
|t:|1758361165
|switch|p2a: Hitmontop|Hitmontop, M|100/100
|switch|p1a: Hatterene|Hatterene, F|100/100
|turn|15
|
|t:|1758361169
|move|p2a: Hitmontop|Triple Axel|p1a: Hatterene
|-damage|p1a: Hatterene|92/100
|-damage|p1a: Hatterene|77/100
|-damage|p1a: Hatterene|54/100
|-hitcount|p1a: Hatterene|3
|move|p1a: Hatterene|Trick Room|p1a: Hatterene
|-fieldstart|move: Trick Room|[of] p1a: Hatterene
|
|upkeep
|turn|16
|
|t:|1758361173
|switch|p1a: Pelipper|Pelipper, M|100/100
|-weather|RainDance|[from] ability: Drizzle|[of] p1a: Pelipper
|move|p2a: Hitmontop|Triple Axel|p1a: Pelipper
|-damage|p1a: Pelipper|91/100
|-hitcount|p1a: Pelipper|1
|
|-weather|RainDance|[upkeep]
|upkeep
|turn|17
|
|t:|1758361178
|move|p1a: Pelipper|Hurricane|p2a: Hitmontop
|-supereffective|p2a: Hitmontop
|-damage|p2a: Hitmontop|5/100
|move|p2a: Hitmontop|Triple Axel|p1a: Pelipper
|-damage|p1a: Pelipper|80/100
|-damage|p1a: Pelipper|61/100
|-damage|p1a: Pelipper|34/100
|-hitcount|p1a: Pelipper|3
|
|-weather|RainDance|[upkeep]
|upkeep
|turn|18
|
|t:|1758361184
|switch|p2a: Salazzle|Salazzle, F|100/100
|move|p1a: Pelipper|Weather Ball|p2a: Salazzle
|-supereffective|p2a: Salazzle
|-damage|p2a: Salazzle|0 fnt
|faint|p2a: Salazzle
|
|-weather|RainDance|[upkeep]
|upkeep
|
|t:|1758361186
|switch|p2a: Hitmontop|Hitmontop, M|5/100
|-heal|p2a: Hitmontop|100/100|[from] move: Healing Wish
|turn|19
|
|t:|1758361192
|move|p2a: Hitmontop|Sucker Punch|p1a: Pelipper
|-damage|p1a: Pelipper|9/100
|move|p1a: Pelipper|Hurricane|p2a: Hitmontop
|-supereffective|p2a: Hitmontop
|-damage|p2a: Hitmontop|0 fnt
|faint|p2a: Hitmontop
|
|win|AllegianceIs2UrMom
|raw|AllegianceIs2UrMom's rating: 1486 &rarr; <strong>1509</strong><br />(+23 for winning)
|raw|models&amp;baddies's rating: 1543 &rarr; <strong>1520</strong><br />(-23 for losing)
|l|☆AllegianceIs2UrMom
|player|p1|
|l|☆models&baddies
|player|p2|
