|j|☆LovingsFavPupil
|j|☆Milo Everspring
|t:|1758257931
|gametype|singles
|player|p1|LovingsFavPupil|265|1220
|player|p2|Milo Everspring|rood|1211
|gen|9
|tier|[Gen 9] OU
|rated|
|rule|HP Percentage Mod: HP is shown in percentages
|rule|Endless Battle Clause: Forcing endless battles is banned
|rule|Species Clause: Limit one of each Pokémon
|rule|OHKO Clause: OHKO moves are banned
|rule|Evasion Items Clause: Evasion items are banned
|rule|Evasion Moves Clause: Evasion moves are banned
|rule|Evasion Abilities Clause: Evasion abilities are banned
|rule|Sleep Moves Clause: Sleep-inducing moves are banned
|clearpoke
|poke|p1|Alomomola, M|
|poke|p1|Hoopa-Unbound|
|poke|p1|Cinderace, M|
|poke|p1|Zamazenta-*|
|poke|p1|Great Tusk|
|poke|p1|Iron Valiant|
|poke|p2|Ribombee, M|
|poke|p2|Cinderace, M|
|poke|p2|Malamar, M|
|poke|p2|Serperior, M|
|poke|p2|Milotic, F|
|poke|p2|Primeape, M|
|teampreview
|inactive|Battle timer is ON: inactive players will automatically lose when time's up. (requested by LovingsFavPupil)
|
|t:|1758257939
|teamsize|p1|6
|teamsize|p2|6
|start
|switch|p1a: Cinderace|Cinderace, M|100/100
|switch|p2a: Andy Murrbee|Ribombee, M|100/100
|turn|1
|
|t:|1758257948
|move|p2a: Andy Murrbee|Sticky Web|p1a: Cinderace
|-sidestart|p1: LovingsFavPupil|move: Sticky Web
|move|p1a: Cinderace|Pyro Ball|p2a: Andy Murrbee
|-supereffective|p2a: Andy Murrbee
|-enditem|p2a: Andy Murrbee|Focus Sash
|-damage|p2a: Andy Murrbee|1/100
|
|upkeep
|turn|2
|
|t:|1758257956
|move|p2a: Andy Murrbee|Stun Spore|p1a: Cinderace
|-status|p1a: Cinderace|par
|move|p1a: Cinderace|U-turn|p2a: Andy Murrbee
|-start|p1a: Cinderace|typechange|Bug|[from] ability: Libero
|-resisted|p2a: Andy Murrbee
|-damage|p2a: Andy Murrbee|0 fnt
|faint|p2a: Andy Murrbee
|
|t:|1758257984
|switch|p1a: Zamazenta|Zamazenta|100/100|[from] U-turn
|-activate|p1a: Zamazenta|move: Sticky Web
|-unboost|p1a: Zamazenta|spe|1
|-ability|p1a: Zamazenta|Dauntless Shield|boost
|-boost|p1a: Zamazenta|def|1
|
|upkeep
|
|t:|1758257991
|switch|p2a: Roger Federace|Cinderace, M, shiny|100/100
|turn|3
|
|t:|1758257998
|move|p2a: Roger Federace|Court Change|p2a: Roger Federace
|-start|p2a: Roger Federace|typechange|Normal|[from] ability: Libero
|-swapsideconditions
|-activate|p2a: Roger Federace|move: Court Change
|move|p1a: Zamazenta|Ice Fang|p2a: Roger Federace
|-damage|p2a: Roger Federace|54/100
|
|upkeep
|turn|4
|
|t:|1758258012
|switch|p1a: Cinderace|Cinderace, M|100/100 par
|move|p2a: Roger Federace|Will-O-Wisp||[still]
|-fail|p2a: Roger Federace
|
|upkeep
|turn|5
|
|t:|1758258020
|move|p2a: Roger Federace|U-turn|p1a: Cinderace
|-resisted|p1a: Cinderace
|-damage|p1a: Cinderace|86/100 par
|
|t:|1758258022
|switch|p2a: Jannik Sinneape|Primeape, M|100/100|[from] U-turn
|-activate|p2a: Jannik Sinneape|move: Sticky Web
|-unboost|p2a: Jannik Sinneape|spe|1
|-ability|p2a: Jannik Sinneape|Defiant|boost
|-boost|p2a: Jannik Sinneape|atk|2
|move|p1a: Cinderace|Court Change|p1a: Cinderace
|-start|p1a: Cinderace|typechange|Normal|[from] ability: Libero
|-swapsideconditions
|-activate|p1a: Cinderace|move: Court Change
|
|upkeep
|turn|6
|
|t:|1758258035
|move|p1a: Cinderace|U-turn|p2a: Jannik Sinneape
|-resisted|p2a: Jannik Sinneape
|-damage|p2a: Jannik Sinneape|88/100
|
|t:|1758258041
|switch|p1a: Iron Valiant|Iron Valiant|100/100|[from] U-turn
|-activate|p1a: Iron Valiant|move: Sticky Web
|-unboost|p1a: Iron Valiant|spe|1
|move|p2a: Jannik Sinneape|Drain Punch|p1a: Iron Valiant
|-resisted|p1a: Iron Valiant
|-damage|p1a: Iron Valiant|52/100
|-heal|p2a: Jannik Sinneape|100/100|[from] drain|[of] p1a: Iron Valiant
|
|upkeep
|turn|7
|
|t:|1758258053
|-terastallize|p1a: Iron Valiant|Fairy
|-terastallize|p2a: Jannik Sinneape|Poison
|move|p1a: Iron Valiant|Moonblast|p2a: Jannik Sinneape
|-resisted|p2a: Jannik Sinneape
|-damage|p2a: Jannik Sinneape|54/100
|move|p2a: Jannik Sinneape|Gunk Shot|p1a: Iron Valiant
|-supereffective|p1a: Iron Valiant
|-damage|p1a: Iron Valiant|0 fnt
|faint|p1a: Iron Valiant
|-end|p1a: Iron Valiant|Quark Drive|[silent]
|
|upkeep
|
|t:|1758258065
|switch|p1a: Great Tusk|Great Tusk|100/100
|turn|8
|
|t:|1758258073
|move|p1a: Great Tusk|Rapid Spin|p2a: Jannik Sinneape
|-damage|p2a: Jannik Sinneape|36/100
|-boost|p1a: Great Tusk|spe|1
|-sideend|p1: LovingsFavPupil|Sticky Web|[from] move: Rapid Spin|[of] p1a: Great Tusk
|move|p2a: Jannik Sinneape|Drain Punch|p1a: Great Tusk
|-damage|p1a: Great Tusk|51/100
|-heal|p2a: Jannik Sinneape|63/100|[from] drain|[of] p1a: Great Tusk
|
|upkeep
|turn|9
|
|t:|1758258087
|move|p1a: Great Tusk|Headlong Rush|p2a: Jannik Sinneape
|-supereffective|p2a: Jannik Sinneape
|-damage|p2a: Jannik Sinneape|0 fnt
|-unboost|p1a: Great Tusk|def|1
|-unboost|p1a: Great Tusk|spd|1
|faint|p2a: Jannik Sinneape
|
|upkeep
|
|t:|1758258094
|switch|p2a: Carlos Alcagrass|Serperior, M, shiny|100/100
|turn|10
|
|t:|1758258101
|move|p1a: Great Tusk|Headlong Rush|p2a: Carlos Alcagrass
|-resisted|p2a: Carlos Alcagrass
|-damage|p2a: Carlos Alcagrass|60/100
|-unboost|p1a: Great Tusk|def|1
|-unboost|p1a: Great Tusk|spd|1
|move|p2a: Carlos Alcagrass|Leaf Storm|p1a: Great Tusk
|-supereffective|p1a: Great Tusk
|-damage|p1a: Great Tusk|0 fnt
|-boost|p2a: Carlos Alcagrass|spa|2
|faint|p1a: Great Tusk
|-end|p1a: Great Tusk|Protosynthesis|[silent]
|
|upkeep
|
|t:|1758258113
|switch|p1a: Cinderace|Cinderace, M|86/100 par
|turn|11
|
|t:|1758258120
|move|p2a: Carlos Alcagrass|Leaf Storm|p1a: Cinderace
|-resisted|p1a: Cinderace
|-damage|p1a: Cinderace|0 fnt
|-boost|p2a: Carlos Alcagrass|spa|2
|faint|p1a: Cinderace
|
|upkeep
|
|t:|1758258127
|switch|p1a: Hoopa|Hoopa-Unbound|100/100
|turn|12
|
|t:|1758258135
|move|p2a: Carlos Alcagrass|Leaf Storm|p1a: Hoopa
|-damage|p1a: Hoopa|0 fnt
|-boost|p2a: Carlos Alcagrass|spa|2
|faint|p1a: Hoopa
|
|upkeep
|
|t:|1758258141
|switch|p1a: Zamazenta|Zamazenta|100/100
|turn|13
|
|t:|1758258144
|move|p1a: Zamazenta|Ice Fang|p2a: Carlos Alcagrass
|-supereffective|p2a: Carlos Alcagrass
|-damage|p2a: Carlos Alcagrass|0 fnt
|faint|p2a: Carlos Alcagrass
|
|upkeep
|
|t:|1758258152
|switch|p2a: Novak Djokotic|Milotic, F|100/100
|turn|14
|
|t:|1758258158
|switch|p1a: Alomomola|Alomomola, M|100/100
|move|p2a: Novak Djokotic|Ice Beam|p1a: Alomomola
|-resisted|p1a: Alomomola
|-damage|p1a: Alomomola|83/100
|
|upkeep
|turn|15
|
|t:|1758258168
|move|p2a: Novak Djokotic|Draining Kiss|p1a: Alomomola
|-damage|p1a: Alomomola|64/100
|-damage|p2a: Novak Djokotic|84/100|[from] item: Rocky Helmet|[of] p1a: Alomomola
|move|p1a: Alomomola|Wish|p1a: Alomomola
|
|upkeep
|turn|16
|
|t:|1758258175
|move|p2a: Novak Djokotic|Scald|p1a: Alomomola
|-resisted|p1a: Alomomola
|-damage|p1a: Alomomola|41/100
|move|p1a: Alomomola|Tickle|p2a: Novak Djokotic
|-unboost|p2a: Novak Djokotic|atk|1
|-ability|p2a: Novak Djokotic|Competitive|boost
|-boost|p2a: Novak Djokotic|spa|2
|-unboost|p2a: Novak Djokotic|def|1
|-ability|p2a: Novak Djokotic|Competitive|boost
|-boost|p2a: Novak Djokotic|spa|2
|
|-heal|p1a: Alomomola|91/100|[from] move: Wish|[wisher] Alomomola
|upkeep
|turn|17
|
|t:|1758258188
|move|p2a: Novak Djokotic|Scald|p1a: Alomomola
|-resisted|p1a: Alomomola
|-damage|p1a: Alomomola|19/100
|move|p1a: Alomomola|Flip Turn|p2a: Novak Djokotic
|-resisted|p2a: Novak Djokotic
|-damage|p2a: Novak Djokotic|71/100
|
|t:|1758258195
|switch|p1a: Zamazenta|Zamazenta|100/100|[from] Flip Turn
|
|upkeep
|turn|18
|
|t:|1758258201
|move|p1a: Zamazenta|Close Combat|p2a: Novak Djokotic
|-damage|p2a: Novak Djokotic|0 fnt
|-unboost|p1a: Zamazenta|def|1
|-unboost|p1a: Zamazenta|spd|1
|faint|p2a: Novak Djokotic
|
|upkeep
|
|t:|1758258209
|switch|p2a: Roger Federace|Cinderace, M, shiny|54/100
|turn|19
|
|t:|1758258212
|move|p1a: Zamazenta|Close Combat|p2a: Roger Federace
|-damage|p2a: Roger Federace|0 fnt
|-unboost|p1a: Zamazenta|def|1
|-unboost|p1a: Zamazenta|spd|1
|faint|p2a: Roger Federace
|
|upkeep
|
|t:|1758258218
|switch|p2a: Rafa Nadalamar|Malamar, M, shiny|100/100
|turn|20
|
|t:|1758258222
|switch|p1a: Alomomola|Alomomola, M|52/100
|move|p2a: Rafa Nadalamar|Psycho Cut|p1a: Alomomola
|-crit|p1a: Alomomola
|-damage|p1a: Alomomola|28/100
|
|upkeep
|turn|21
|
|t:|1758258231
|move|p2a: Rafa Nadalamar|Superpower|p1a: Alomomola
|-damage|p1a: Alomomola|10/100
|-boost|p2a: Rafa Nadalamar|atk|1
|-boost|p2a: Rafa Nadalamar|def|1
|-damage|p2a: Rafa Nadalamar|84/100|[from] item: Rocky Helmet|[of] p1a: Alomomola
|move|p1a: Alomomola|Flip Turn|p2a: Rafa Nadalamar
|-damage|p2a: Rafa Nadalamar|70/100
|
|t:|1758258240
|switch|p1a: Zamazenta|Zamazenta|100/100|[from] Flip Turn
|
|-heal|p2a: Rafa Nadalamar|76/100|[from] item: Leftovers
|upkeep
|turn|22
|
|t:|1758258250
|move|p1a: Zamazenta|Close Combat|p2a: Rafa Nadalamar
|-damage|p2a: Rafa Nadalamar|2/100
|-unboost|p1a: Zamazenta|def|1
|-unboost|p1a: Zamazenta|spd|1
|move|p2a: Rafa Nadalamar|Psycho Cut|p1a: Zamazenta
|-supereffective|p1a: Zamazenta
|-damage|p1a: Zamazenta|0 fnt
|faint|p1a: Zamazenta
|
|-heal|p2a: Rafa Nadalamar|8/100|[from] item: Leftovers
|upkeep
|
|t:|1758258262
|switch|p1a: Alomomola|Alomomola, M|43/100
|turn|23
|
|t:|1758258267
|move|p2a: Rafa Nadalamar|Throat Chop|p1a: Alomomola
|-damage|p1a: Alomomola|13/100
|-start|p1a: Alomomola|Throat Chop|[silent]
|-damage|p2a: Rafa Nadalamar|0 fnt|[from] item: Rocky Helmet|[of] p1a: Alomomola
|faint|p2a: Rafa Nadalamar
|
|win|LovingsFavPupil
|raw|LovingsFavPupil's rating: 1220 &rarr; <strong>1244</strong><br />(+24 for winning)
|raw|Milo Everspring's rating: 1211 &rarr; <strong>1187</strong><br />(-24 for losing)
|l|☆Milo Everspring
|player|p2|
|l|☆LovingsFavPupil
|player|p1|
