|j|☆ryda_be_ridin
|j|☆ccncn123
|t:|1758344081
|gametype|singles
|player|p1|ryda_be_ridin|clay|1431
|player|p2|ccncn123|170|1394
|gen|9
|tier|[Gen 9] OU
|rated|
|rule|HP Percentage Mod: HP is shown in percentages
|rule|Endless Battle Clause: Forcing endless battles is banned
|rule|Species Clause: Limit one of each Pokémon
|rule|OHKO Clause: OHKO moves are banned
|rule|Evasion Items Clause: Evasion items are banned
|rule|Evasion Moves Clause: Evasion moves are banned
|rule|Evasion Abilities Clause: Evasion abilities are banned
|rule|Sleep Moves Clause: Sleep-inducing moves are banned
|clearpoke
|poke|p1|Tyranitar, F|
|poke|p1|Alomomola, F|
|poke|p1|Great Tusk|
|poke|p1|Sinistcha|
|poke|p1|Gliscor, F|
|poke|p1|Gholdengo|
|poke|p2|Gholdengo|
|poke|p2|Hydreigon, M|
|poke|p2|Moltres|
|poke|p2|Iron Treads|
|poke|p2|Alomomola, M|
|poke|p2|Samurott-Hisui, M|
|teampreview
|inactive|Battle timer is ON: inactive players will automatically lose when time's up. (requested by ccncn123)
|
|t:|1758344110
|teamsize|p1|6
|teamsize|p2|6
|start
|switch|p1a: Tyranitar|Tyranitar, F|100/100
|switch|p2a: Samurott|Samurott-Hisui, M|100/100
|-weather|Sandstorm|[from] ability: Sand Stream|[of] p1a: Tyranitar
|turn|1
|
|t:|1758344118
|move|p2a: Samurott|Sacred Sword|p1a: Tyranitar
|-supereffective|p1a: Tyranitar
|-damage|p1a: Tyranitar|0 fnt
|faint|p1a: Tyranitar
|
|-weather|Sandstorm|[upkeep]
|-damage|p2a: Samurott|94/100|[from] Sandstorm
|upkeep
|
|t:|1758344121
|switch|p1a: Great Tusk|Great Tusk|100/100
|turn|2
|
|t:|1758344124
|move|p1a: Great Tusk|Close Combat|p2a: Samurott
|-supereffective|p2a: Samurott
|-damage|p2a: Samurott|0 fnt
|-unboost|p1a: Great Tusk|def|1
|-unboost|p1a: Great Tusk|spd|1
|faint|p2a: Samurott
|
|-weather|Sandstorm|[upkeep]
|upkeep
|
|t:|1758344137
|switch|p2a: Hydreigon|Hydreigon, M|100/100
|turn|3
|
|t:|1758344140
|move|p1a: Great Tusk|Close Combat|p2a: Hydreigon
|-supereffective|p2a: Hydreigon
|-damage|p2a: Hydreigon|0 fnt
|-unboost|p1a: Great Tusk|def|1
|-unboost|p1a: Great Tusk|spd|1
|faint|p2a: Hydreigon
|
|-weather|Sandstorm|[upkeep]
|upkeep
|
|t:|1758344148
|switch|p2a: Moltres|Moltres|100/100
|turn|4
|
|t:|1758344153
|-end|p1a: Great Tusk|Protosynthesis|[silent]
|switch|p1a: Alomomola|Alomomola, F|100/100
|move|p2a: Moltres|Will-O-Wisp|p1a: Alomomola|[miss]
|-miss|p2a: Moltres|p1a: Alomomola
|
|-weather|Sandstorm|[upkeep]
|-damage|p2a: Moltres|94/100|[from] Sandstorm
|-damage|p1a: Alomomola|94/100|[from] Sandstorm
|upkeep
|turn|5
|
|t:|1758344158
|move|p2a: Moltres|Hurricane|p1a: Alomomola
|-damage|p1a: Alomomola|58/100
|move|p1a: Alomomola|Flip Turn|p2a: Moltres
|-supereffective|p2a: Moltres
|-damage|p2a: Moltres|72/100
|-status|p1a: Alomomola|brn|[from] ability: Flame Body|[of] p2a: Moltres
|
|t:|1758344163
|switch|p1a: Gliscor|Gliscor, F|100/100|[from] Flip Turn
|
|-weather|Sandstorm|[upkeep]
|-damage|p2a: Moltres|66/100|[from] Sandstorm
|-status|p1a: Gliscor|tox|[from] item: Toxic Orb
|upkeep
|turn|6
|
|t:|1758344172
|move|p1a: Gliscor|Toxic|p2a: Moltres
|-status|p2a: Moltres|tox
|move|p2a: Moltres|Roost|p2a: Moltres
|-heal|p2a: Moltres|100/100 tox
|-singleturn|p2a: Moltres|move: Roost
|
|-weather|Sandstorm|[upkeep]
|-damage|p2a: Moltres|94/100 tox|[from] Sandstorm
|-damage|p2a: Moltres|88/100 tox|[from] psn
|upkeep
|turn|7
|
|t:|1758344175
|switch|p2a: Alomomola|Alomomola, M|100/100
|move|p1a: Gliscor|Spikes|p2a: Alomomola
|-sidestart|p2: ccncn123|Spikes
|
|-weather|Sandstorm|[upkeep]
|-damage|p2a: Alomomola|94/100|[from] Sandstorm
|upkeep
|turn|8
|
|t:|1758344181
|move|p1a: Gliscor|Toxic|p2a: Alomomola|[miss]
|-miss|p1a: Gliscor|p2a: Alomomola
|move|p2a: Alomomola|Flip Turn|p1a: Gliscor
|-supereffective|p1a: Gliscor
|-damage|p1a: Gliscor|74/100 tox
|
|t:|1758344184
|switch|p2a: Iron Treads|Iron Treads|100/100|[from] Flip Turn
|-item|p2a: Iron Treads|Air Balloon
|
|-weather|none
|-heal|p1a: Gliscor|87/100 tox|[from] ability: Poison Heal
|upkeep
|turn|9
|
|t:|1758344190
|switch|p1a: Sinistcha|Sinistcha|100/100
|move|p2a: Iron Treads|Ice Spinner|p1a: Sinistcha
|-supereffective|p1a: Sinistcha
|-damage|p1a: Sinistcha|68/100
|
|upkeep
|turn|10
|
|t:|1758344198
|move|p2a: Iron Treads|Ice Spinner|p1a: Sinistcha
|-supereffective|p1a: Sinistcha
|-damage|p1a: Sinistcha|33/100
|move|p1a: Sinistcha|Shadow Ball|p2a: Iron Treads
|-damage|p2a: Iron Treads|52/100
|-enditem|p2a: Iron Treads|Air Balloon
|
|upkeep
|turn|11
|
|t:|1758344203
|-terastallize|p1a: Sinistcha|Ghost
|move|p2a: Iron Treads|Ice Spinner|p1a: Sinistcha
|-damage|p1a: Sinistcha|17/100
|move|p1a: Sinistcha|Strength Sap|p2a: Iron Treads
|-unboost|p2a: Iron Treads|atk|1
|-heal|p1a: Sinistcha|100/100
|
|upkeep
|turn|12
|
|t:|1758344212
|-end|p2a: Iron Treads|Quark Drive|[silent]
|switch|p2a: Gholdengo|Gholdengo|100/100
|-item|p2a: Gholdengo|Air Balloon
|move|p1a: Sinistcha|Calm Mind|p1a: Sinistcha
|-boost|p1a: Sinistcha|spa|1
|-boost|p1a: Sinistcha|spd|1
|
|upkeep
|turn|13
|
|t:|1758344222
|move|p2a: Gholdengo|Nasty Plot|p2a: Gholdengo
|-boost|p2a: Gholdengo|spa|2
|move|p1a: Sinistcha|Shadow Ball|p2a: Gholdengo
|-supereffective|p2a: Gholdengo
|-damage|p2a: Gholdengo|0 fnt
|-enditem|p2a: Gholdengo|Air Balloon
|faint|p2a: Gholdengo
|
|upkeep
|-message|ccncn123 forfeited.
|
|win|ryda_be_ridin
|raw|ryda_be_ridin's rating: 1431 &rarr; <strong>1449</strong><br />(+18 for winning)
|raw|ccncn123's rating: 1394 &rarr; <strong>1376</strong><br />(-18 for losing)
|l|☆ccncn123
|player|p2|
|l|☆ryda_be_ridin
|player|p1|
