|j|☆spudcutter
|j|☆miriasa
|t:|1758263627
|gametype|singles
|player|p1|spudcutter|ghetsis-gen5bw|1603
|player|p2|miriasa|marley|1689
|gen|9
|tier|[Gen 9] OU
|rated|
|rule|HP Percentage Mod: HP is shown in percentages
|rule|Endless Battle Clause: Forcing endless battles is banned
|rule|Species Clause: Limit one of each Pokémon
|rule|OHKO Clause: OHKO moves are banned
|rule|Evasion Items Clause: Evasion items are banned
|rule|Evasion Moves Clause: Evasion moves are banned
|rule|Evasion Abilities Clause: Evasion abilities are banned
|rule|Sleep Moves Clause: Sleep-inducing moves are banned
|clearpoke
|poke|p1|Kingambit, M|
|poke|p1|Dragapult, F|
|poke|p1|Great Tusk|
|poke|p1|Slowking-Galar, M|
|poke|p1|Darkrai|
|poke|p1|Dondozo, M|
|poke|p2|Ogerpon-Wellspring, F|
|poke|p2|Cinderace, F|
|poke|p2|Great Tusk|
|poke|p2|Slowking-Galar, F|
|poke|p2|Clefable, M|
|poke|p2|Dragonite, M|
|teampreview
|inactive|Battle timer is ON: inactive players will automatically lose when time's up. (requested by spudcutter)
|
|t:|1758263654
|teamsize|p1|6
|teamsize|p2|6
|start
|switch|p1a: Dragapult|Dragapult, F|100/100
|switch|p2a: Cinderace|Cinderace, F|100/100
|turn|1
|
|t:|1758263661
|switch|p1a: Dondozo|Dondozo, M|100/100
|move|p2a: Cinderace|Pyro Ball|p1a: Dondozo
|-resisted|p1a: Dondozo
|-damage|p1a: Dondozo|88/100
|
|upkeep
|turn|2
|
|t:|1758263666
|move|p2a: Cinderace|U-turn|p1a: Dondozo
|-start|p2a: Cinderace|typechange|Bug|[from] ability: Libero
|-damage|p1a: Dondozo|72/100
|-damage|p2a: Cinderace|84/100|[from] item: Rocky Helmet|[of] p1a: Dondozo
|
|t:|1758263668
|switch|p2a: Ogerpon|Ogerpon-Wellspring, F|100/100|[from] U-turn
|move|p1a: Dondozo|Curse|p1a: Dondozo
|-unboost|p1a: Dondozo|spe|1
|-boost|p1a: Dondozo|atk|1
|-boost|p1a: Dondozo|def|1
|
|upkeep
|turn|3
|
|t:|1758263675
|switch|p1a: Darkrai|Darkrai|100/100
|move|p2a: Ogerpon|Horn Leech|p1a: Darkrai
|-damage|p1a: Darkrai|41/100
|
|upkeep
|turn|4
|
|t:|1758263683
|move|p1a: Darkrai|Nasty Plot|p1a: Darkrai
|-boost|p1a: Darkrai|spa|2
|move|p2a: Ogerpon|Horn Leech|p1a: Darkrai
|-damage|p1a: Darkrai|0 fnt
|faint|p1a: Darkrai
|
|upkeep
|
|t:|1758263685
|switch|p1a: Dragapult|Dragapult, F|100/100
|turn|5
|
|t:|1758263687
|switch|p2a: Cinderace|Cinderace, F|84/100
|move|p1a: Dragapult|Will-O-Wisp|p2a: Cinderace
|-immune|p2a: Cinderace
|
|upkeep
|turn|6
|
|t:|1758263690
|move|p1a: Dragapult|Dragon Darts|p2a: Cinderace
|-damage|p2a: Cinderace|45/100
|-anim|p1a: Dragapult|Dragon Darts|p2a: Cinderace
|-damage|p2a: Cinderace|9/100
|move|p2a: Cinderace|U-turn|p1a: Dragapult
|-start|p2a: Cinderace|typechange|Bug|[from] ability: Libero
|-resisted|p1a: Dragapult
|-damage|p1a: Dragapult|75/100
|
|t:|1758263697
|switch|p2a: Clefable|Clefable, M|100/100|[from] U-turn
|
|upkeep
|turn|7
|
|t:|1758263699
|move|p1a: Dragapult|U-turn|p2a: Clefable
|-resisted|p2a: Clefable
|-damage|p2a: Clefable|92/100
|-damage|p1a: Dragapult|59/100|[from] item: Rocky Helmet|[of] p2a: Clefable
|
|t:|1758263700
|switch|p1a: Slowking|Slowking-Galar, M|100/100|[from] U-turn
|move|p2a: Clefable|Stealth Rock|p1a: Slowking
|-sidestart|p1: spudcutter|move: Stealth Rock
|
|upkeep
|turn|8
|
|t:|1758263704
|switch|p2a: Slowking|Slowking-Galar, F|100/100
|move|p1a: Slowking|Sludge Bomb|p2a: Slowking
|-resisted|p2a: Slowking
|-damage|p2a: Slowking|87/100
|
|upkeep
|turn|9
|
|t:|1758263706
|move|p1a: Slowking|Psyshock|p2a: Slowking
|-damage|p2a: Slowking|46/100
|move|p2a: Slowking|Future Sight|p1a: Slowking
|-start|p2a: Slowking|move: Future Sight
|
|upkeep
|turn|10
|
|t:|1758263712
|switch|p2a: Great Tusk|Great Tusk|100/100
|-enditem|p2a: Great Tusk|Booster Energy
|-activate|p2a: Great Tusk|ability: Protosynthesis|[fromitem]
|-start|p2a: Great Tusk|protosynthesisspe
|move|p1a: Slowking|Psyshock|p2a: Great Tusk
|-supereffective|p2a: Great Tusk
|-damage|p2a: Great Tusk|49/100
|
|upkeep
|turn|11
|
|t:|1758263726
|-terastallize|p1a: Slowking|Grass
|move|p2a: Great Tusk|Headlong Rush|p1a: Slowking
|-resisted|p1a: Slowking
|-damage|p1a: Slowking|73/100
|-unboost|p2a: Great Tusk|def|1
|-unboost|p2a: Great Tusk|spd|1
|move|p1a: Slowking|Grass Knot|p2a: Great Tusk
|-supereffective|p2a: Great Tusk
|-damage|p2a: Great Tusk|0 fnt
|faint|p2a: Great Tusk
|-end|p2a: Great Tusk|Protosynthesis|[silent]
|
|-end|p1a: Slowking|move: Future Sight
|-damage|p1a: Slowking|48/100
|upkeep
|j| wgw2333
|
|t:|1758263731
|switch|p2a: Cinderace|Cinderace, F|9/100
|turn|12
|
|t:|1758263740
|switch|p2a: Dragonite|Dragonite, M|100/100
|switch|p1a: Great Tusk|Great Tusk|100/100
|-damage|p1a: Great Tusk|98/100|[from] Stealth Rock
|
|-heal|p1a: Great Tusk|100/100|[from] item: Leftovers
|upkeep
|turn|13
|
|t:|1758263745
|switch|p2a: Clefable|Clefable, M|92/100
|move|p1a: Great Tusk|Rapid Spin|p2a: Clefable
|-damage|p2a: Clefable|79/100
|-boost|p1a: Great Tusk|spe|1
|-damage|p1a: Great Tusk|84/100|[from] item: Rocky Helmet|[of] p2a: Clefable
|-sideend|p1: spudcutter|Stealth Rock|[from] move: Rapid Spin|[of] p1a: Great Tusk
|
|-heal|p1a: Great Tusk|90/100|[from] item: Leftovers
|upkeep
|turn|14
|
|t:|1758263749
|-end|p1a: Great Tusk|Protosynthesis|[silent]
|switch|p1a: Slowking|Slowking-Galar, M, tera:Grass|81/100
|move|p2a: Clefable|Moonblast|p1a: Slowking
|-damage|p1a: Slowking|64/100
|-unboost|p1a: Slowking|spa|1
|
|upkeep
|turn|15
|
|t:|1758263751
|move|p2a: Clefable|Thunder Wave|p1a: Slowking|[miss]
|-miss|p2a: Clefable|p1a: Slowking
|move|p1a: Slowking|Sludge Bomb|p2a: Clefable
|-supereffective|p2a: Clefable
|-damage|p2a: Clefable|21/100
|-status|p2a: Clefable|psn
|
|upkeep
|turn|16
|
|t:|1758263754
|move|p2a: Clefable|Thunder Wave|p1a: Slowking
|-status|p1a: Slowking|par
|cant|p1a: Slowking|par
|
|upkeep
|turn|17
|
|t:|1758263756
|move|p2a: Clefable|Stealth Rock|p1a: Slowking
|-sidestart|p1: spudcutter|move: Stealth Rock
|cant|p1a: Slowking|par
|
|upkeep
|turn|18
|
|t:|1758263761
|switch|p2a: Dragonite|Dragonite, M|100/100
|move|p1a: Slowking|Sludge Bomb|p2a: Dragonite
|-damage|p2a: Dragonite|87/100
|
|upkeep
|turn|19
|
|t:|1758263765
|switch|p1a: Great Tusk|Great Tusk|90/100
|-damage|p1a: Great Tusk|87/100|[from] Stealth Rock
|move|p2a: Dragonite|Dragon Tail|p1a: Great Tusk
|-damage|p1a: Great Tusk|62/100
|-end|p1a: Great Tusk|Protosynthesis|[silent]
|drag|p1a: Kingambit|Kingambit, M|100/100
|-damage|p1a: Kingambit|94/100|[from] Stealth Rock
|
|-heal|p1a: Kingambit|100/100|[from] item: Leftovers
|upkeep
|turn|20
|
|t:|1758263769
|move|p2a: Dragonite|Earthquake|p1a: Kingambit
|-supereffective|p1a: Kingambit
|-damage|p1a: Kingambit|46/100
|move|p1a: Kingambit|Kowtow Cleave|p2a: Dragonite
|-damage|p2a: Dragonite|38/100
|
|-heal|p1a: Kingambit|52/100|[from] item: Leftovers
|upkeep
|turn|21
|
|t:|1758263776
|move|p2a: Dragonite|Roost|p2a: Dragonite
|-heal|p2a: Dragonite|88/100
|-singleturn|p2a: Dragonite|move: Roost
|move|p1a: Kingambit|Kowtow Cleave|p2a: Dragonite
|-damage|p2a: Dragonite|40/100
|
|-heal|p1a: Kingambit|58/100|[from] item: Leftovers
|upkeep
|turn|22
|
|t:|1758263779
|move|p2a: Dragonite|Roost|p2a: Dragonite
|-heal|p2a: Dragonite|90/100
|-singleturn|p2a: Dragonite|move: Roost
|move|p1a: Kingambit|Kowtow Cleave|p2a: Dragonite
|-damage|p2a: Dragonite|41/100
|
|-heal|p1a: Kingambit|64/100|[from] item: Leftovers
|upkeep
|turn|23
|
|t:|1758263781
|move|p2a: Dragonite|Earthquake|p1a: Kingambit
|-supereffective|p1a: Kingambit
|-damage|p1a: Kingambit|10/100
|move|p1a: Kingambit|Kowtow Cleave|p2a: Dragonite
|-damage|p2a: Dragonite|0 fnt
|faint|p2a: Dragonite
|
|-heal|p1a: Kingambit|16/100|[from] item: Leftovers
|upkeep
|
|t:|1758263784
|switch|p2a: Ogerpon|Ogerpon-Wellspring, F|100/100
|turn|24
|
|t:|1758263787
|move|p1a: Kingambit|Sucker Punch|p2a: Ogerpon
|-damage|p2a: Ogerpon|50/100
|move|p2a: Ogerpon|Ivy Cudgel|p1a: Kingambit|[anim] Ivy Cudgel Water
|-damage|p1a: Kingambit|0 fnt
|faint|p1a: Kingambit
|
|upkeep
|
|t:|1758263789
|switch|p1a: Dragapult|Dragapult, F|59/100
|turn|25
|
|t:|1758263792
|switch|p2a: Clefable|Clefable, M|21/100 psn
|move|p1a: Dragapult|Dragon Darts|p2a: Clefable
|-immune|p2a: Clefable
|
|upkeep
|turn|26
|
|t:|1758263799
|move|p1a: Dragapult|Hex|p2a: Clefable
|-damage|p2a: Clefable|0 fnt
|faint|p2a: Clefable
|
|upkeep
|
|t:|1758263800
|switch|p2a: Cinderace|Cinderace, F|9/100
|turn|27
|
|t:|1758263809
|switch|p1a: Dondozo|Dondozo, M|72/100
|-damage|p1a: Dondozo|60/100|[from] Stealth Rock
|move|p2a: Cinderace|Pyro Ball|p1a: Dondozo
|-resisted|p1a: Dondozo
|-damage|p1a: Dondozo|47/100
|-status|p1a: Dondozo|brn
|
|-damage|p1a: Dondozo|41/100 brn|[from] brn
|upkeep
|turn|28
|
|t:|1758263814
|switch|p2a: Ogerpon|Ogerpon-Wellspring, F|50/100
|switch|p1a: Dragapult|Dragapult, F|59/100
|
|upkeep
|turn|29
|
|t:|1758263819
|switch|p2a: Slowking|Slowking-Galar, F|79/100
|move|p1a: Dragapult|Dragon Darts|p2a: Slowking
|-damage|p2a: Slowking|54/100
|-anim|p1a: Dragapult|Dragon Darts|p2a: Slowking
|-damage|p2a: Slowking|27/100
|
|upkeep
|turn|30
|
|t:|1758263824
|move|p1a: Dragapult|Dragon Darts|p2a: Slowking
|-damage|p2a: Slowking|3/100
|-anim|p1a: Dragapult|Dragon Darts|p2a: Slowking
|-damage|p2a: Slowking|0 fnt
|faint|p2a: Slowking
|
|upkeep
|
|t:|1758263825
|switch|p2a: Cinderace|Cinderace, F|9/100
|turn|31
|
|t:|1758263831
|move|p2a: Cinderace|Sucker Punch|p1a: Dragapult
|-start|p2a: Cinderace|typechange|Dark|[from] ability: Libero
|-supereffective|p1a: Dragapult
|-damage|p1a: Dragapult|0 fnt
|faint|p1a: Dragapult
|
|upkeep
|
|t:|1758263833
|switch|p1a: Great Tusk|Great Tusk|62/100
|-damage|p1a: Great Tusk|59/100|[from] Stealth Rock
|turn|32
|
|t:|1758263837
|-terastallize|p2a: Cinderace|Fire
|move|p2a: Cinderace|Pyro Ball|p1a: Great Tusk
|-damage|p1a: Great Tusk|19/100
|move|p1a: Great Tusk|Rapid Spin|p2a: Cinderace
|-damage|p2a: Cinderace|0 fnt
|-boost|p1a: Great Tusk|spe|1
|-sideend|p1: spudcutter|Stealth Rock|[from] move: Rapid Spin|[of] p1a: Great Tusk
|faint|p2a: Cinderace
|
|-heal|p1a: Great Tusk|25/100|[from] item: Leftovers
|upkeep
|
|t:|1758263841
|switch|p2a: Ogerpon|Ogerpon-Wellspring, F|50/100
|turn|33
|
|t:|1758263843
|move|p1a: Great Tusk|Ice Spinner|p2a: Ogerpon
|-damage|p2a: Ogerpon|11/100
|move|p2a: Ogerpon|Horn Leech|p1a: Great Tusk
|-supereffective|p1a: Great Tusk
|-damage|p1a: Great Tusk|0 fnt
|-heal|p2a: Ogerpon|26/100|[from] drain|[of] p1a: Great Tusk
|faint|p1a: Great Tusk
|-end|p1a: Great Tusk|Protosynthesis|[silent]
|
|upkeep
|
|t:|1758263848
|switch|p1a: Slowking|Slowking-Galar, M, tera:Grass|97/100 par
|turn|34
|
|t:|1758263850
|move|p2a: Ogerpon|Swords Dance|p2a: Ogerpon
|-boost|p2a: Ogerpon|atk|2
|cant|p1a: Slowking|par
|
|upkeep
|turn|35
|
|t:|1758263852
|move|p2a: Ogerpon|Play Rough|p1a: Slowking
|-damage|p1a: Slowking|20/100 par
|move|p1a: Slowking|Sludge Bomb|p2a: Ogerpon
|-supereffective|p2a: Ogerpon
|-damage|p2a: Ogerpon|0 fnt
|faint|p2a: Ogerpon
|
|win|spudcutter
|raw|spudcutter's rating: 1603 &rarr; <strong>1628</strong><br />(+25 for winning)
|raw|miriasa's rating: 1689 &rarr; <strong>1664</strong><br />(-25 for losing)
|l|☆spudcutter
|player|p1|
|l|☆miriasa
|player|p2|
|l| wgw2333
