|j|☆Team BBIO 38
|j|☆GODKUD
|t:|1758295506
|gametype|singles
|player|p1|Team BBIO 38|dragontamer|1466
|player|p2|GODKUD|ghetsis|1536
|gen|9
|tier|[Gen 9] OU
|rated|
|rule|HP Percentage Mod: HP is shown in percentages
|rule|Endless Battle Clause: Forcing endless battles is banned
|rule|Species Clause: Limit one of each Pokémon
|rule|OHKO Clause: OHKO moves are banned
|rule|Evasion Items Clause: Evasion items are banned
|rule|Evasion Moves Clause: Evasion moves are banned
|rule|Evasion Abilities Clause: Evasion abilities are banned
|rule|Sleep Moves Clause: Sleep-inducing moves are banned
|clearpoke
|poke|p1|Dusclops, M|
|poke|p1|Blissey, F|
|poke|p1|Flamigo, M|
|poke|p1|Latias, F|
|poke|p1|Darkrai|
|poke|p1|Azelf|
|poke|p2|Araquanid, M|
|poke|p2|Great Tusk|
|poke|p2|Slowking-Galar, F|
|poke|p2|Ceruledge, M|
|poke|p2|Corviknight, M|
|poke|p2|Hydreigon, M|
|teampreview
|inactive|Battle timer is ON: inactive players will automatically lose when time's up. (requested by Team BBIO 38)
|
|t:|1758295515
|teamsize|p1|6
|teamsize|p2|6
|start
|switch|p1a: Darkrai|Darkrai|100/100
|switch|p2a: Araquanid|Araquanid, M|100/100
|turn|1
|
|t:|1758295519
|move|p1a: Darkrai|Thunder|p2a: Araquanid
|-supereffective|p2a: Araquanid
|-damage|p2a: Araquanid|9/100
|move|p2a: Araquanid|Surf|p1a: Darkrai
|-damage|p1a: Darkrai|29/100
|
|upkeep
|turn|2
|-enditem|p2a: Araquanid|Custap Berry|[eat]
|-activate|p2a: Araquanid|item: Custap Berry|[consumed]
|
|t:|1758295527
|switch|p1a: Blissey|Blissey, F|100/100
|move|p2a: Araquanid|Surf|p1a: Blissey
|-damage|p1a: Blissey|79/100
|
|-heal|p1a: Blissey|85/100|[from] item: Leftovers
|upkeep
|turn|3
|
|t:|1758295535
|move|p1a: Blissey|Seismic Toss|p2a: Araquanid
|-damage|p2a: Araquanid|0 fnt
|faint|p2a: Araquanid
|
|-heal|p1a: Blissey|91/100|[from] item: Leftovers
|upkeep
|
|t:|1758295541
|switch|p2a: Great Tusk|Great Tusk|100/100
|turn|4
|
|t:|1758295544
|switch|p1a: Dusclops|Dusclops, M|100/100
|-item|p2a: Great Tusk|Heavy-Duty Boots|[from] ability: Frisk|[of] p1a: Dusclops
|move|p2a: Great Tusk|Stealth Rock|p1a: Dusclops
|-sidestart|p1: Team BBIO 38|move: Stealth Rock
|
|upkeep
|turn|5
|
|t:|1758295549
|move|p2a: Great Tusk|Knock Off|p1a: Dusclops
|-supereffective|p1a: Dusclops
|-damage|p1a: Dusclops|67/100
|-enditem|p1a: Dusclops|Eviolite|[from] move: Knock Off|[of] p2a: Great Tusk
|move|p1a: Dusclops|Will-O-Wisp|p2a: Great Tusk
|-status|p2a: Great Tusk|brn
|
|-damage|p2a: Great Tusk|94/100 brn|[from] brn
|upkeep
|turn|6
|
|t:|1758295558
|-end|p2a: Great Tusk|Protosynthesis|[silent]
|switch|p2a: Slowking|Slowking-Galar, F|100/100
|move|p1a: Dusclops|Pain Split|p2a: Slowking
|-sethp|p2a: Slowking|74/100|[from] move: Pain Split|[silent]
|-sethp|p1a: Dusclops|100/100|[from] move: Pain Split
|
|upkeep
|turn|7
|
|t:|1758295567
|switch|p1a: Blissey|Blissey, F|91/100
|-damage|p1a: Blissey|79/100|[from] Stealth Rock
|move|p2a: Slowking|Future Sight|p1a: Blissey
|-start|p2a: Slowking|move: Future Sight
|
|-heal|p1a: Blissey|85/100|[from] item: Leftovers
|upkeep
|turn|8
|
|t:|1758295574
|move|p1a: Blissey|Thunder Wave|p2a: Slowking
|-status|p2a: Slowking|par
|-prepare|p2a: Slowking|Chilly Reception|[premajor]
|move|p2a: Slowking|Chilly Reception|p2a: Slowking
|-weather|Snowscape
|
|t:|1758295579
|switch|p2a: Great Tusk|Great Tusk|94/100 brn|[from] Chilly Reception
|
|-weather|Snowscape|[upkeep]
|-heal|p1a: Blissey|91/100|[from] item: Leftovers
|-damage|p2a: Great Tusk|88/100 brn|[from] brn
|upkeep
|turn|9
|
|t:|1758295585
|move|p2a: Great Tusk|Knock Off|p1a: Blissey
|-damage|p1a: Blissey|75/100
|-enditem|p1a: Blissey|Leftovers|[from] move: Knock Off|[of] p2a: Great Tusk
|move|p1a: Blissey|Seismic Toss|p2a: Great Tusk
|-damage|p2a: Great Tusk|61/100 brn
|
|-weather|Snowscape|[upkeep]
|-end|p1a: Blissey|move: Future Sight
|-crit|p1a: Blissey
|-damage|p1a: Blissey|52/100
|-damage|p2a: Great Tusk|55/100 brn|[from] brn
|upkeep
|turn|10
|
|t:|1758295594
|move|p2a: Great Tusk|Headlong Rush|p1a: Blissey
|-damage|p1a: Blissey|24/100
|-unboost|p2a: Great Tusk|def|1
|-unboost|p2a: Great Tusk|spd|1
|move|p1a: Blissey|Soft-Boiled|p1a: Blissey
|-heal|p1a: Blissey|74/100
|
|-weather|Snowscape|[upkeep]
|-damage|p2a: Great Tusk|49/100 brn|[from] brn
|upkeep
|turn|11
|
|t:|1758295604
|-end|p2a: Great Tusk|Protosynthesis|[silent]
|switch|p2a: Slowking|Slowking-Galar, F|100/100 par
|switch|p1a: Flamigo|Flamigo, M|100/100
|-damage|p1a: Flamigo|88/100|[from] Stealth Rock
|
|-weather|Snowscape|[upkeep]
|upkeep
|turn|12
|
|t:|1758295611
|move|p1a: Flamigo|U-turn|p2a: Slowking
|-damage|p2a: Slowking|75/100 par
|
|t:|1758295614
|switch|p1a: Blissey|Blissey, F|74/100|[from] U-turn
|-damage|p1a: Blissey|62/100|[from] Stealth Rock
|move|p2a: Slowking|Thunder Wave|p1a: Blissey
|-status|p1a: Blissey|par
|
|-weather|none
|upkeep
|turn|13
|
|t:|1758295631
|move|p1a: Blissey|Seismic Toss|p2a: Slowking
|-damage|p2a: Slowking|50/100 par
|cant|p2a: Slowking|par
|
|upkeep
|turn|14
|
|t:|1758295636
|move|p1a: Blissey|Seismic Toss|p2a: Slowking
|-damage|p2a: Slowking|25/100 par
|-prepare|p2a: Slowking|Chilly Reception|[premajor]
|move|p2a: Slowking|Chilly Reception|p2a: Slowking
|-weather|Snowscape
|
|t:|1758295641
|switch|p2a: Ceruledge|Ceruledge, M|100/100|[from] Chilly Reception
|
|-weather|Snowscape|[upkeep]
|upkeep
|turn|15
|
|t:|1758295647
|move|p2a: Ceruledge|Bitter Blade|p1a: Blissey
|-damage|p1a: Blissey|20/100 par
|move|p1a: Blissey|Thunder Wave|p2a: Ceruledge
|-status|p2a: Ceruledge|par
|
|-weather|Snowscape|[upkeep]
|upkeep
|turn|16
|
|t:|1758295654
|move|p2a: Ceruledge|Swords Dance|p2a: Ceruledge
|-boost|p2a: Ceruledge|atk|2
|move|p1a: Blissey|Soft-Boiled|p1a: Blissey
|-heal|p1a: Blissey|70/100 par
|
|-weather|Snowscape|[upkeep]
|upkeep
|turn|17
|
|t:|1758295661
|-curestatus|p1a: Blissey|par|[from] ability: Natural Cure
|switch|p1a: Darkrai|Darkrai|29/100
|-damage|p1a: Darkrai|16/100|[from] Stealth Rock
|move|p2a: Ceruledge|Bitter Blade|p1a: Darkrai
|-damage|p1a: Darkrai|0 fnt
|faint|p1a: Darkrai
|
|-weather|Snowscape|[upkeep]
|upkeep
|
|t:|1758295677
|switch|p1a: Flamigo|Flamigo, M|88/100
|-damage|p1a: Flamigo|76/100|[from] Stealth Rock
|turn|18
|
|t:|1758295683
|move|p1a: Flamigo|Brave Bird|p2a: Ceruledge
|-damage|p2a: Ceruledge|15/100 par
|-ability|p2a: Ceruledge|Weak Armor|boost
|-unboost|p2a: Ceruledge|def|1
|-boost|p2a: Ceruledge|spe|2
|-damage|p1a: Flamigo|49/100|[from] Recoil
|move|p2a: Ceruledge|Bitter Blade|p1a: Flamigo
|-damage|p1a: Flamigo|0 fnt
|-heal|p2a: Ceruledge|41/100 par|[from] drain|[of] p1a: Flamigo
|faint|p1a: Flamigo
|
|-weather|none
|upkeep
|
|t:|1758295699
|switch|p1a: Dusclops|Dusclops, M|100/100
|-damage|p1a: Dusclops|88/100|[from] Stealth Rock
|-item|p2a: Ceruledge|Focus Sash|[from] ability: Frisk|[of] p1a: Dusclops
|turn|19
|
|t:|1758295703
|cant|p2a: Ceruledge|par
|move|p1a: Dusclops|Night Shade|p2a: Ceruledge
|-damage|p2a: Ceruledge|6/100 par
|
|upkeep
|turn|20
|
|t:|1758295708
|move|p2a: Ceruledge|Bitter Blade|p1a: Dusclops
|-damage|p1a: Dusclops|22/100
|-heal|p2a: Ceruledge|39/100 par|[from] drain|[of] p1a: Dusclops
|move|p1a: Dusclops|Night Shade|p2a: Ceruledge
|-damage|p2a: Ceruledge|5/100 par
|
|upkeep
|turn|21
|
|t:|1758295715
|move|p2a: Ceruledge|Shadow Sneak|p1a: Dusclops
|-supereffective|p1a: Dusclops
|-damage|p1a: Dusclops|0 fnt
|faint|p1a: Dusclops
|
|upkeep
|
|t:|1758295720
|switch|p1a: Azelf|Azelf|100/100
|-damage|p1a: Azelf|88/100|[from] Stealth Rock
|turn|22
|
|t:|1758295725
|move|p2a: Ceruledge|Shadow Sneak|p1a: Azelf
|-supereffective|p1a: Azelf
|-damage|p1a: Azelf|0 fnt
|faint|p1a: Azelf
|
|upkeep
|
|t:|1758295730
|switch|p1a: Alaric|Latias, F|100/100
|-damage|p1a: Alaric|88/100|[from] Stealth Rock
|turn|23
|
|t:|1758295735
|-terastallize|p1a: Alaric|Steel
|move|p2a: Ceruledge|Shadow Sneak|p1a: Alaric
|-damage|p1a: Alaric|38/100
|move|p1a: Alaric|Stored Power|p2a: Ceruledge
|-damage|p2a: Ceruledge|0 fnt
|faint|p2a: Ceruledge
|
|upkeep
|
|t:|1758295744
|switch|p2a: Hydreigon|Hydreigon, M|100/100
|turn|24
|
|t:|1758295747
|move|p1a: Alaric|Recover|p1a: Alaric
|-heal|p1a: Alaric|89/100
|move|p2a: Hydreigon|Flamethrower|p1a: Alaric
|-supereffective|p1a: Alaric
|-damage|p1a: Alaric|37/100
|
|upkeep
|turn|25
|
|t:|1758295755
|switch|p1a: Blissey|Blissey, F|70/100
|-damage|p1a: Blissey|58/100|[from] Stealth Rock
|-terastallize|p2a: Hydreigon|Fire
|move|p2a: Hydreigon|Flamethrower|p1a: Blissey
|-damage|p1a: Blissey|42/100
|-status|p1a: Blissey|brn
|
|-damage|p1a: Blissey|36/100 brn|[from] brn
|upkeep
|turn|26
|
|t:|1758295765
|switch|p2a: Corviknight|Corviknight, M|100/100
|-ability|p2a: Corviknight|Pressure
|move|p1a: Blissey|Thunder Wave|p2a: Corviknight
|-status|p2a: Corviknight|par
|
|-damage|p1a: Blissey|30/100 brn|[from] brn
|upkeep
|turn|27
|
|t:|1758295774
|move|p1a: Blissey|Soft-Boiled|p1a: Blissey
|-heal|p1a: Blissey|80/100 brn
|move|p2a: Corviknight|Body Press|p1a: Blissey
|-supereffective|p1a: Blissey
|-damage|p1a: Blissey|38/100 brn
|
|-damage|p1a: Blissey|31/100 brn|[from] brn
|upkeep
|turn|28
|
|t:|1758295781
|move|p1a: Blissey|Soft-Boiled|p1a: Blissey
|-heal|p1a: Blissey|81/100 brn
|move|p2a: Corviknight|Body Press|p1a: Blissey
|-supereffective|p1a: Blissey
|-damage|p1a: Blissey|39/100 brn
|
|-damage|p1a: Blissey|33/100 brn|[from] brn
|upkeep
|turn|29
|
|t:|1758295789
|move|p1a: Blissey|Seismic Toss|p2a: Corviknight
|-damage|p2a: Corviknight|75/100 par
|-damage|p1a: Blissey|16/100 brn|[from] item: Rocky Helmet|[of] p2a: Corviknight
|move|p2a: Corviknight|Body Press|p1a: Blissey
|-supereffective|p1a: Blissey
|-damage|p1a: Blissey|0 fnt
|faint|p1a: Blissey
|
|upkeep
|
|t:|1758295796
|switch|p1a: Alaric|Latias, F, tera:Steel|37/100
|-damage|p1a: Alaric|31/100|[from] Stealth Rock
|turn|30
|
|t:|1758295800
|move|p1a: Alaric|Recover|p1a: Alaric
|-heal|p1a: Alaric|82/100
|move|p2a: Corviknight|Body Press|p1a: Alaric
|-supereffective|p1a: Alaric
|-damage|p1a: Alaric|17/100
|
|upkeep
|turn|31
|
|t:|1758295806
|move|p1a: Alaric|Calm Mind|p1a: Alaric
|-boost|p1a: Alaric|spa|1
|-boost|p1a: Alaric|spd|1
|move|p2a: Corviknight|Body Press|p1a: Alaric
|-supereffective|p1a: Alaric
|-damage|p1a: Alaric|0 fnt
|faint|p1a: Alaric
|
|win|GODKUD
|raw|Team BBIO 38's rating: 1466 &rarr; <strong>1450</strong><br />(-16 for losing)
|raw|GODKUD's rating: 1536 &rarr; <strong>1552</strong><br />(+16 for winning)
|l|☆Team BBIO 38
|player|p1|
|l|☆GODKUD
|player|p2|
