|j|☆lorped
|j|☆Gurden
|t:|1758378460
|gametype|singles
|player|p1|lorped|170|1155
|player|p2|Gurden|170|1130
|gen|9
|tier|[Gen 9] OU
|rated|
|rule|HP Percentage Mod: HP is shown in percentages
|rule|Endless Battle Clause: Forcing endless battles is banned
|rule|Species Clause: Limit one of each Pokémon
|rule|OHKO Clause: OHKO moves are banned
|rule|Evasion Items Clause: Evasion items are banned
|rule|Evasion Moves Clause: Evasion moves are banned
|rule|Evasion Abilities Clause: Evasion abilities are banned
|rule|Sleep Moves Clause: Sleep-inducing moves are banned
|clearpoke
|poke|p1|Leavanny, F|
|poke|p1|Ceruledge, M|
|poke|p1|Iron Hands|
|poke|p1|Sinistcha|
|poke|p1|Altaria, M|
|poke|p1|Mamoswine, M|
|poke|p2|Primeape, F|
|poke|p2|Kingdra, F|
|poke|p2|Scream Tail|
|poke|p2|Samurott-Hisui, M|
|poke|p2|Arcanine-Hisui, F|
|poke|p2|Bastiodon, F|
|teampreview
|
|t:|1758378472
|teamsize|p1|6
|teamsize|p2|6
|start
|switch|p1a: Sinistcha|Sinistcha|100/100
|switch|p2a: Kingdra|Kingdra, F|100/100
|turn|1
|
|t:|1758378486
|-terastallize|p1a: Sinistcha|Ghost
|move|p2a: Kingdra|Agility|p2a: Kingdra
|-boost|p2a: Kingdra|spe|2
|move|p1a: Sinistcha|Calm Mind|p1a: Sinistcha
|-boost|p1a: Sinistcha|spa|1
|-boost|p1a: Sinistcha|spd|1
|
|upkeep
|turn|2
|
|t:|1758378496
|move|p2a: Kingdra|Focus Energy|p2a: Kingdra
|-start|p2a: Kingdra|move: Focus Energy
|move|p1a: Sinistcha|Shadow Ball|p2a: Kingdra
|-damage|p2a: Kingdra|0 fnt
|faint|p2a: Kingdra
|
|upkeep
|
|t:|1758378506
|switch|p2a: Bastiodon|Bastiodon, F|100/100
|turn|3
|
|t:|1758378510
|move|p1a: Sinistcha|Calm Mind|p1a: Sinistcha
|-boost|p1a: Sinistcha|spa|1
|-boost|p1a: Sinistcha|spd|1
|move|p2a: Bastiodon|Roar|p1a: Sinistcha
|drag|p1a: Iron Hands|Iron Hands|100/100
|-enditem|p1a: Iron Hands|Booster Energy
|-activate|p1a: Iron Hands|ability: Quark Drive|[fromitem]
|-start|p1a: Iron Hands|quarkdriveatk
|
|upkeep
|turn|4
|
|t:|1758378521
|move|p1a: Iron Hands|Fake Out|p2a: Bastiodon
|-resisted|p2a: Bastiodon
|-damage|p2a: Bastiodon|98/100
|cant|p2a: Bastiodon|flinch
|
|upkeep
|turn|5
|
|t:|1758378528
|move|p1a: Iron Hands|Drain Punch|p2a: Bastiodon
|-supereffective|p2a: Bastiodon
|-damage|p2a: Bastiodon|0 fnt
|faint|p2a: Bastiodon
|
|upkeep
|
|t:|1758378537
|switch|p2a: Scream Tail|Scream Tail|100/100
|-enditem|p2a: Scream Tail|Booster Energy
|-activate|p2a: Scream Tail|ability: Protosynthesis|[fromitem]
|-start|p2a: Scream Tail|protosynthesisspd
|turn|6
|
|t:|1758378543
|move|p2a: Scream Tail|Calm Mind|p2a: Scream Tail
|-boost|p2a: Scream Tail|spa|1
|-boost|p2a: Scream Tail|spd|1
|move|p1a: Iron Hands|Supercell Slam|p2a: Scream Tail
|-damage|p2a: Scream Tail|34/100
|
|upkeep
|turn|7
|
|t:|1758378553
|-end|p1a: Iron Hands|Quark Drive|[silent]
|switch|p1a: Leavanny|Leavanny, F|100/100
|move|p2a: Scream Tail|Psyshock|p1a: Leavanny
|-damage|p1a: Leavanny|39/100
|
|upkeep
|turn|8
|
|t:|1758378560
|move|p1a: Leavanny|Switcheroo|p2a: Scream Tail
|-activate|p1a: Leavanny|move: Trick|[of] p2a: Scream Tail
|-item|p2a: Scream Tail|Choice Scarf|[from] move: Switcheroo
|-enditem|p1a: Leavanny|Choice Scarf|[silent]|[from] move: Switcheroo
|move|p2a: Scream Tail|Flamethrower|p1a: Leavanny
|-supereffective|p1a: Leavanny
|-damage|p1a: Leavanny|0 fnt
|faint|p1a: Leavanny
|
|upkeep
|
|t:|1758378568
|switch|p1a: Ceruledge|Ceruledge, M|100/100
|-item|p1a: Ceruledge|Air Balloon
|turn|9
|
|t:|1758378580
|-end|p2a: Scream Tail|Protosynthesis|[silent]
|switch|p2a: Samurott|Samurott-Hisui, M|100/100
|move|p1a: Ceruledge|Swords Dance|p1a: Ceruledge
|-boost|p1a: Ceruledge|atk|2
|
|upkeep
|turn|10
|
|t:|1758378592
|move|p2a: Samurott|Ceaseless Edge|p1a: Ceruledge
|-supereffective|p1a: Ceruledge
|-damage|p1a: Ceruledge|0 fnt
|-enditem|p1a: Ceruledge|Air Balloon
|-sidestart|p1: lorped|Spikes
|faint|p1a: Ceruledge
|
|upkeep
|
|t:|1758378609
|switch|p1a: Iron Hands|Iron Hands|100/100
|-damage|p1a: Iron Hands|88/100|[from] Spikes
|turn|11
|
|t:|1758378616
|switch|p2a: Scream Tail|Scream Tail|34/100
|move|p1a: Iron Hands|Fake Out|p2a: Scream Tail
|-damage|p2a: Scream Tail|22/100
|
|upkeep
|turn|12
|
|t:|1758378624
|move|p2a: Scream Tail|Psyshock|p1a: Iron Hands
|-supereffective|p1a: Iron Hands
|-damage|p1a: Iron Hands|49/100
|move|p1a: Iron Hands|Supercell Slam|p2a: Scream Tail
|-damage|p2a: Scream Tail|0 fnt
|faint|p2a: Scream Tail
|-end|p2a: Scream Tail|Protosynthesis|[silent]
|
|upkeep
|
|t:|1758378633
|switch|p2a: Primeape|Primeape, F|100/100
|turn|13
|
|t:|1758378642
|move|p2a: Primeape|Bulk Up|p2a: Primeape
|-boost|p2a: Primeape|atk|1
|-boost|p2a: Primeape|def|1
|move|p1a: Iron Hands|Drain Punch|p2a: Primeape
|-damage|p2a: Primeape|64/100
|-heal|p1a: Iron Hands|59/100|[from] drain|[of] p2a: Primeape
|
|upkeep
|turn|14
|
|t:|1758378650
|move|p2a: Primeape|Bulk Up|p2a: Primeape
|-boost|p2a: Primeape|atk|1
|-boost|p2a: Primeape|def|1
|move|p1a: Iron Hands|Drain Punch|p2a: Primeape
|-damage|p2a: Primeape|34/100
|-heal|p1a: Iron Hands|67/100|[from] drain|[of] p2a: Primeape
|
|upkeep
|turn|15
|
|t:|1758378659
|move|p2a: Primeape|Drain Punch|p1a: Iron Hands
|-damage|p1a: Iron Hands|20/100
|-heal|p2a: Primeape|79/100|[from] drain|[of] p1a: Iron Hands
|move|p1a: Iron Hands|Drain Punch|p2a: Primeape
|-damage|p2a: Primeape|47/100
|-heal|p1a: Iron Hands|28/100|[from] drain|[of] p2a: Primeape
|
|upkeep
|turn|16
|
|t:|1758378668
|move|p2a: Primeape|Drain Punch|p1a: Iron Hands
|-damage|p1a: Iron Hands|0 fnt
|-heal|p2a: Primeape|74/100|[from] drain|[of] p1a: Iron Hands
|faint|p1a: Iron Hands
|-end|p1a: Iron Hands|Quark Drive|[silent]
|
|upkeep
|
|t:|1758378675
|switch|p1a: Altaria|Altaria, M|100/100
|-ability|p1a: Altaria|Cloud Nine
|turn|17
|
|t:|1758378686
|-terastallize|p2a: Primeape|Ghost
|move|p2a: Primeape|Rage Fist|p1a: Altaria
|-damage|p1a: Altaria|0 fnt
|faint|p1a: Altaria
|
|upkeep
|
|t:|1758378696
|switch|p1a: Mamoswine|Mamoswine, M|100/100
|-damage|p1a: Mamoswine|88/100|[from] Spikes
|turn|18
|
|t:|1758378702
|move|p2a: Primeape|Drain Punch|p1a: Mamoswine
|-supereffective|p1a: Mamoswine
|-damage|p1a: Mamoswine|0 fnt
|-heal|p2a: Primeape|100/100|[from] drain|[of] p1a: Mamoswine
|faint|p1a: Mamoswine
|
|upkeep
|
|t:|1758378709
|switch|p1a: Sinistcha|Sinistcha, tera:Ghost|100/100
|-damage|p1a: Sinistcha|88/100|[from] Spikes
|turn|19
|
|t:|1758378713
|move|p2a: Primeape|Rage Fist|p1a: Sinistcha
|-supereffective|p1a: Sinistcha
|-damage|p1a: Sinistcha|0 fnt
|faint|p1a: Sinistcha
|
|win|Gurden
|raw|lorped's rating: 1155 &rarr; <strong>1128</strong><br />(-27 for losing)
|raw|Gurden's rating: 1130 &rarr; <strong>1157</strong><br />(+27 for winning)
|l|☆Gurden
|player|p2|
|l|☆lorped
|player|p1|
