|j|☆peakmindset
|j|☆vernie72
|t:|1758344176
|gametype|singles
|player|p1|peakmindset|byron|1503
|player|p2|vernie72|hoopster|1549
|gen|9
|tier|[Gen 9] OU
|rated|
|rule|HP Percentage Mod: HP is shown in percentages
|rule|Endless Battle Clause: Forcing endless battles is banned
|rule|Species Clause: Limit one of each Pokémon
|rule|OHKO Clause: OHKO moves are banned
|rule|Evasion Items Clause: Evasion items are banned
|rule|Evasion Moves Clause: Evasion moves are banned
|rule|Evasion Abilities Clause: Evasion abilities are banned
|rule|Sleep Moves Clause: Sleep-inducing moves are banned
|clearpoke
|poke|p1|Pelipper, F|
|poke|p1|Hatterene, F|
|poke|p1|Iron Treads|
|poke|p1|Toxicroak, F|
|poke|p1|Barraskewda, F|
|poke|p1|Zapdos|
|poke|p2|Ursaluna, M|
|poke|p2|Ninetales-Alola, F|
|poke|p2|Iron Crown|
|poke|p2|Alomomola, M|
|poke|p2|Kyurem|
|poke|p2|Talonflame, F|
|teampreview
|inactive|Battle timer is ON: inactive players will automatically lose when time's up. (requested by vernie72)
|
|t:|1758344189
|teamsize|p1|6
|teamsize|p2|6
|start
|switch|p1a: Barraskewda|Barraskewda, F|100/100
|switch|p2a: Cumplidor|Iron Crown|100/100
|turn|1
|
|t:|1758344211
|-terastallize|p1a: Barraskewda|Water
|move|p1a: Barraskewda|Liquidation|p2a: Cumplidor
|-damage|p2a: Cumplidor|0 fnt
|faint|p2a: Cumplidor
|-end|p2a: Cumplidor|Quark Drive|[silent]
|
|upkeep
|
|t:|1758344218
|switch|p2a: Alomoñoña|Alomomola, M|100/100
|turn|2
|
|t:|1758344221
|switch|p1a: Toxicroak|Toxicroak, F|100/100
|move|p2a: Alomoñoña|Flip Turn|p1a: Toxicroak
|-immune|p1a: Toxicroak|[from] ability: Dry Skin
|
|upkeep
|turn|3
|
|t:|1758344228
|switch|p2a: Mini moltres|Talonflame, F|100/100
|move|p1a: Toxicroak|Toxic|p2a: Mini moltres
|-status|p2a: Mini moltres|tox
|
|-damage|p2a: Mini moltres|94/100 tox|[from] psn
|upkeep
|turn|4
|
|t:|1758344238
|switch|p1a: Pelipper|Pelipper, F|100/100
|-weather|RainDance|[from] ability: Drizzle|[of] p1a: Pelipper
|move|p2a: Mini moltres|Will-O-Wisp|p1a: Pelipper
|-status|p1a: Pelipper|brn
|
|-weather|RainDance|[upkeep]
|-damage|p2a: Mini moltres|82/100 tox|[from] psn
|-damage|p1a: Pelipper|94/100 brn|[from] brn
|upkeep
|turn|5
|
|t:|1758344243
|switch|p2a: MVP|Ninetales-Alola, F|100/100
|-weather|Snowscape|[from] ability: Snow Warning|[of] p2a: MVP
|switch|p1a: Hatterene|Hatterene, F|100/100
|
|-weather|Snowscape|[upkeep]
|upkeep
|turn|6
|
|t:|1758344246
|switch|p2a: Benito|Ursaluna, M|100/100
|switch|p1a: Pelipper|Pelipper, F|94/100 brn
|-weather|RainDance|[from] ability: Drizzle|[of] p1a: Pelipper
|
|-weather|RainDance|[upkeep]
|-damage|p1a: Pelipper|88/100 brn|[from] brn
|-status|p2a: Benito|brn|[from] item: Flame Orb
|upkeep
|turn|7
|
|t:|1758344262
|switch|p2a: MVP|Ninetales-Alola, F|100/100
|-weather|Snowscape|[from] ability: Snow Warning|[of] p2a: MVP
|switch|p1a: Iron Treads|Iron Treads|100/100
|
|-weather|Snowscape|[upkeep]
|upkeep
|turn|8
|
|t:|1758344265
|switch|p2a: Mini moltres|Talonflame, F|82/100 tox
|-end|p1a: Iron Treads|Quark Drive|[silent]
|switch|p1a: Pelipper|Pelipper, F|88/100 brn
|-weather|RainDance|[from] ability: Drizzle|[of] p1a: Pelipper
|
|-weather|RainDance|[upkeep]
|-damage|p2a: Mini moltres|76/100 tox|[from] psn
|-damage|p1a: Pelipper|82/100 brn|[from] brn
|upkeep
|turn|9
|
|t:|1758344268
|switch|p2a: MVP|Ninetales-Alola, F|100/100
|-weather|Snowscape|[from] ability: Snow Warning|[of] p2a: MVP
|move|p1a: Pelipper|U-turn|p2a: MVP
|-resisted|p2a: MVP
|-damage|p2a: MVP|98/100
|
|t:|1758344272
|switch|p1a: Barraskewda|Barraskewda, F, tera:Water|100/100|[from] U-turn
|
|-weather|Snowscape|[upkeep]
|upkeep
|turn|10
|
|t:|1758344275
|switch|p2a: Alomoñoña|Alomomola, M|100/100
|move|p1a: Barraskewda|Flip Turn|p2a: Alomoñoña
|-resisted|p2a: Alomoñoña
|-damage|p2a: Alomoñoña|82/100
|
|t:|1758344278
|switch|p1a: Zapdos|Zapdos|100/100|[from] Flip Turn
|
|-weather|Snowscape|[upkeep]
|upkeep
|turn|11
|
|t:|1758344288
|switch|p2a: Benito|Ursaluna, M|100/100 brn
|move|p1a: Zapdos|Weather Ball|p2a: Benito
|-supereffective|p2a: Benito
|-damage|p2a: Benito|29/100 brn
|
|-weather|Snowscape|[upkeep]
|-damage|p2a: Benito|23/100 brn|[from] brn
|upkeep
|turn|12
|
|t:|1758344297
|switch|p2a: MVP|Ninetales-Alola, F|98/100
|move|p1a: Zapdos|Weather Ball|p2a: MVP
|-resisted|p2a: MVP
|-damage|p2a: MVP|66/100
|
|-weather|Snowscape|[upkeep]
|upkeep
|turn|13
|
|t:|1758344320
|switch|p1a: Pelipper|Pelipper, F|82/100 brn
|-weather|RainDance|[from] ability: Drizzle|[of] p1a: Pelipper
|move|p2a: MVP|Freeze-Dry|p1a: Pelipper
|-supereffective|p1a: Pelipper
|-damage|p1a: Pelipper|0 fnt
|faint|p1a: Pelipper
|
|-weather|RainDance|[upkeep]
|upkeep
|
|t:|1758344329
|switch|p1a: Barraskewda|Barraskewda, F, tera:Water|100/100
|turn|14
|
|t:|1758344333
|switch|p2a: Mini moltres|Talonflame, F|76/100 tox
|move|p1a: Barraskewda|Liquidation|p2a: Mini moltres
|-supereffective|p2a: Mini moltres
|-damage|p2a: Mini moltres|0 fnt
|-status|p1a: Barraskewda|brn|[from] ability: Flame Body|[of] p2a: Mini moltres
|faint|p2a: Mini moltres
|
|-weather|RainDance|[upkeep]
|-damage|p1a: Barraskewda|94/100 brn|[from] brn
|upkeep
|
|t:|1758344335
|switch|p2a: MVP|Ninetales-Alola, F|66/100
|-weather|Snowscape|[from] ability: Snow Warning|[of] p2a: MVP
|turn|15
|
|t:|1758344339
|switch|p2a: Alomoñoña|Alomomola, M|100/100
|move|p1a: Barraskewda|Liquidation|p2a: Alomoñoña
|-resisted|p2a: Alomoñoña
|-damage|p2a: Alomoñoña|88/100
|
|-weather|Snowscape|[upkeep]
|-damage|p1a: Barraskewda|88/100 brn|[from] brn
|upkeep
|turn|16
|
|t:|1758344343
|switch|p1a: Toxicroak|Toxicroak, F|100/100
|move|p2a: Alomoñoña|Wish|p2a: Alomoñoña
|
|-weather|Snowscape|[upkeep]
|upkeep
|turn|17
|
|t:|1758344360
|switch|p2a: Benito|Ursaluna, M|23/100 brn
|move|p1a: Toxicroak|Toxic||[still]
|-fail|p1a: Toxicroak
|
|-weather|Snowscape|[upkeep]
|-heal|p2a: Benito|77/100 brn|[from] move: Wish|[wisher] Alomoñoña
|-damage|p2a: Benito|71/100 brn|[from] brn
|upkeep
|turn|18
|
|t:|1758344365
|switch|p1a: Zapdos|Zapdos|100/100
|move|p2a: Benito|Facade|p1a: Zapdos
|-damage|p1a: Zapdos|0 fnt
|faint|p1a: Zapdos
|
|-weather|Snowscape|[upkeep]
|-damage|p2a: Benito|64/100 brn|[from] brn
|upkeep
|
|t:|1758344368
|switch|p1a: Barraskewda|Barraskewda, F, tera:Water|88/100 brn
|turn|19
|
|t:|1758344372
|move|p1a: Barraskewda|Flip Turn|p2a: Benito
|-supereffective|p2a: Benito
|-damage|p2a: Benito|12/100 brn
|
|t:|1758344376
|switch|p1a: Toxicroak|Toxicroak, F|100/100|[from] Flip Turn
|move|p2a: Benito|Facade|p1a: Toxicroak
|-damage|p1a: Toxicroak|16/100
|-damage|p2a: Benito|0 fnt|[from] item: Rocky Helmet|[of] p1a: Toxicroak
|faint|p2a: Benito
|
|-weather|none
|upkeep
|
|t:|1758344379
|switch|p2a: MVP|Ninetales-Alola, F|66/100
|-weather|Snowscape|[from] ability: Snow Warning|[of] p2a: MVP
|turn|20
|
|t:|1758344390
|move|p2a: MVP|Moonblast|p1a: Toxicroak
|-damage|p1a: Toxicroak|0 fnt
|faint|p1a: Toxicroak
|
|-weather|Snowscape|[upkeep]
|upkeep
|
|t:|1758344393
|switch|p1a: Barraskewda|Barraskewda, F, tera:Water|88/100 brn
|turn|21
|
|t:|1758344397
|switch|p2a: Alomoñoña|Alomomola, M|100/100
|move|p1a: Barraskewda|Close Combat|p2a: Alomoñoña
|-damage|p2a: Alomoñoña|79/100
|-unboost|p1a: Barraskewda|def|1
|-unboost|p1a: Barraskewda|spd|1
|
|-weather|Snowscape|[upkeep]
|-damage|p1a: Barraskewda|82/100 brn|[from] brn
|upkeep
|turn|22
|
|t:|1758344402
|switch|p1a: Hatterene|Hatterene, F|100/100
|move|p2a: Alomoñoña|Wish|p2a: Alomoñoña
|
|-weather|Snowscape|[upkeep]
|upkeep
|turn|23
|
|t:|1758344408
|move|p1a: Hatterene|Nuzzle|p2a: Alomoñoña
|-supereffective|p2a: Alomoñoña
|-damage|p2a: Alomoñoña|75/100
|-status|p2a: Alomoñoña|par
|move|p2a: Alomoñoña|Scald|p1a: Hatterene
|-crit|p1a: Hatterene
|-damage|p1a: Hatterene|78/100
|-status|p1a: Hatterene|brn
|-enditem|p1a: Hatterene|Eject Button
|
|t:|1758344414
|switch|p1a: Iron Treads|Iron Treads|100/100
|
|-weather|Snowscape|[upkeep]
|-heal|p2a: Alomoñoña|100/100 par|[from] move: Wish|[wisher] Alomoñoña
|upkeep
|turn|24
|
|t:|1758344417
|move|p1a: Iron Treads|Stealth Rock|p2a: Alomoñoña
|-sidestart|p2: vernie72|move: Stealth Rock
|move|p2a: Alomoñoña|Scald|p1a: Iron Treads
|-supereffective|p1a: Iron Treads
|-damage|p1a: Iron Treads|78/100
|
|-weather|none
|-heal|p1a: Iron Treads|84/100|[from] item: Leftovers
|upkeep
|turn|25
|
|t:|1758344420
|move|p1a: Iron Treads|Volt Switch|p2a: Alomoñoña
|-supereffective|p2a: Alomoñoña
|-damage|p2a: Alomoñoña|77/100 par
|
|t:|1758344422
|-end|p1a: Iron Treads|Quark Drive|[silent]
|switch|p1a: Hatterene|Hatterene, F|78/100 brn|[from] Volt Switch
|move|p2a: Alomoñoña|Scald|p1a: Hatterene
|-damage|p1a: Hatterene|64/100 brn
|
|-damage|p1a: Hatterene|58/100 brn|[from] brn
|upkeep
|turn|26
|
|t:|1758344427
|move|p1a: Hatterene|Draining Kiss|p2a: Alomoñoña
|-damage|p2a: Alomoñoña|57/100 par
|-heal|p1a: Hatterene|81/100 brn|[from] drain|[of] p2a: Alomoñoña
|move|p2a: Alomoñoña|Mirror Coat|p1a: Hatterene
|-damage|p1a: Hatterene|20/100 brn
|
|-damage|p1a: Hatterene|14/100 brn|[from] brn
|upkeep
|turn|27
|
|t:|1758344430
|move|p1a: Hatterene|Healing Wish|p1a: Hatterene
|faint|p1a: Hatterene
|move|p2a: Alomoñoña|Mirror Coat|p1: Hatterene|[notarget]
|-fail|p2a: Alomoñoña
|
|upkeep
|
|t:|1758344434
|switch|p1a: Barraskewda|Barraskewda, F, tera:Water|82/100 brn
|-heal|p1a: Barraskewda|100/100|[from] move: Healing Wish
|turn|28
|
|t:|1758344437
|move|p1a: Barraskewda|Close Combat|p2a: Alomoñoña
|-crit|p2a: Alomoñoña
|-damage|p2a: Alomoñoña|1/100 par
|-unboost|p1a: Barraskewda|def|1
|-unboost|p1a: Barraskewda|spd|1
|move|p2a: Alomoñoña|Scald|p1a: Barraskewda
|-resisted|p1a: Barraskewda
|-damage|p1a: Barraskewda|77/100
|
|upkeep
|turn|29
|
|t:|1758344448
|move|p1a: Barraskewda|Close Combat|p2a: Alomoñoña
|-damage|p2a: Alomoñoña|0 fnt
|-unboost|p1a: Barraskewda|def|1
|-unboost|p1a: Barraskewda|spd|1
|faint|p2a: Alomoñoña
|
|upkeep
|
|t:|1758344449
|switch|p2a: MVP|Ninetales-Alola, F|66/100
|-damage|p2a: MVP|41/100|[from] Stealth Rock
|-weather|Snowscape|[from] ability: Snow Warning|[of] p2a: MVP
|turn|30
|
|t:|1758344451
|-terastallize|p2a: MVP|Ghost
|move|p1a: Barraskewda|Close Combat|p2a: MVP
|-immune|p2a: MVP
|move|p2a: MVP|Aurora Veil|p2a: MVP
|-sidestart|p2: vernie72|move: Aurora Veil
|
|-weather|Snowscape|[upkeep]
|upkeep
|turn|31
|
|t:|1758344454
|switch|p1a: Iron Treads|Iron Treads|84/100
|move|p2a: MVP|Freeze-Dry|p1a: Iron Treads
|-damage|p1a: Iron Treads|63/100
|
|-weather|Snowscape|[upkeep]
|-heal|p1a: Iron Treads|69/100|[from] item: Leftovers
|upkeep
|turn|32
|
|t:|1758344467
|move|p2a: MVP|Freeze-Dry|p1a: Iron Treads
|-damage|p1a: Iron Treads|48/100
|move|p1a: Iron Treads|Rapid Spin|p2a: MVP
|-immune|p2a: MVP
|
|-weather|Snowscape|[upkeep]
|-heal|p1a: Iron Treads|54/100|[from] item: Leftovers
|upkeep
|turn|33
|
|t:|1758344475
|switch|p2a: Pippen|Kyurem|100/100
|-damage|p2a: Pippen|76/100|[from] Stealth Rock
|-ability|p2a: Pippen|Pressure
|move|p1a: Iron Treads|Rapid Spin|p2a: Pippen
|-damage|p2a: Pippen|72/100
|-boost|p1a: Iron Treads|spe|1
|
|-weather|Snowscape|[upkeep]
|-heal|p1a: Iron Treads|60/100|[from] item: Leftovers
|upkeep
|turn|34
|
|t:|1758344480
|move|p1a: Iron Treads|Earthquake|p2a: Pippen
|-damage|p2a: Pippen|61/100
|move|p2a: Pippen|Dragon Dance|p2a: Pippen
|-boost|p2a: Pippen|atk|1
|-boost|p2a: Pippen|spe|1
|
|-weather|none
|-heal|p1a: Iron Treads|66/100|[from] item: Leftovers
|upkeep
|turn|35
|
|t:|1758344485
|-end|p1a: Iron Treads|Quark Drive|[silent]
|switch|p1a: Barraskewda|Barraskewda, F, tera:Water|77/100
|move|p2a: Pippen|Icicle Spear|p1a: Barraskewda
|-resisted|p1a: Barraskewda
|-damage|p1a: Barraskewda|54/100
|-resisted|p1a: Barraskewda
|-damage|p1a: Barraskewda|32/100
|-resisted|p1a: Barraskewda
|-damage|p1a: Barraskewda|10/100
|-resisted|p1a: Barraskewda
|-damage|p1a: Barraskewda|0 fnt
|faint|p1a: Barraskewda
|-hitcount|p1: Barraskewda|4
|
|upkeep
|c|☆vernie72|gg
|c|☆peakmindset|Okay
|c|☆peakmindset|Gg
|-message|peakmindset forfeited.
|
|win|vernie72
|raw|peakmindset's rating: 1503 &rarr; <strong>1486</strong><br />(-17 for losing)
|raw|vernie72's rating: 1549 &rarr; <strong>1566</strong><br />(+17 for winning)
|l|☆peakmindset
|player|p1|
|c|☆vernie72|2 - q
|c|☆vernie72|2-1 *
|l|☆vernie72
|player|p2|
