|j|☆kiarnjd
|j|☆garchomp is better
|t:|1758235826
|gametype|singles
|player|p1|kiarnjd|red|1261
|player|p2|garchomp is better|169|1218
|gen|9
|tier|[Gen 9] OU
|rated|
|rule|HP Percentage Mod: HP is shown in percentages
|rule|Endless Battle Clause: Forcing endless battles is banned
|rule|Species Clause: Limit one of each Pokémon
|rule|OHKO Clause: OHKO moves are banned
|rule|Evasion Items Clause: Evasion items are banned
|rule|Evasion Moves Clause: Evasion moves are banned
|rule|Evasion Abilities Clause: Evasion abilities are banned
|rule|Sleep Moves Clause: Sleep-inducing moves are banned
|clearpoke
|poke|p1|Thundurus-Therian, M|
|poke|p1|Cinderace, F|
|poke|p1|Quaquaval, F|
|poke|p1|Clefable, F|
|poke|p1|Pecharunt|
|poke|p1|Iron Boulder|
|poke|p2|Iron Moth|
|poke|p2|Samurott-Hisui, M|
|poke|p2|Clefable, M|
|poke|p2|Alomomola, F|
|poke|p2|Dragonite, M|
|poke|p2|Weavile, F|
|teampreview
|inactive|Battle timer is ON: inactive players will automatically lose when time's up. (requested by kiarnjd)
|
|t:|1758235836
|teamsize|p1|6
|teamsize|p2|6
|start
|switch|p1a: Clefable|Clefable, F|100/100
|switch|p2a: Samurott|Samurott-Hisui, M|100/100
|turn|1
|
|t:|1758235847
|switch|p2a: Clefable|Clefable, M|100/100
|move|p1a: Clefable|Thunder Wave|p2a: Clefable
|-status|p2a: Clefable|par
|
|upkeep
|turn|2
|
|t:|1758235852
|move|p1a: Clefable|Stealth Rock|p2a: Clefable
|-sidestart|p2: garchomp is better|move: Stealth Rock
|move|p2a: Clefable|Thunder Wave|p1a: Clefable|[miss]
|-miss|p2a: Clefable|p1a: Clefable
|
|upkeep
|turn|3
|
|t:|1758235858
|switch|p1a: Thundurus|Thundurus-Therian, M|100/100
|move|p2a: Clefable|Thunder Wave|p1a: Thundurus
|-immune|p1a: Thundurus|[from] ability: Volt Absorb
|
|upkeep
|turn|4
|
|t:|1758235865
|move|p1a: Thundurus|Thunderbolt|p2a: Clefable
|-damage|p2a: Clefable|32/100 par
|move|p2a: Clefable|Moonblast|p1a: Thundurus
|-damage|p1a: Thundurus|55/100
|
|-heal|p2a: Clefable|38/100 par|[from] item: Leftovers
|upkeep
|turn|5
|
|t:|1758235872
|move|p1a: Thundurus|Thunderbolt|p2a: Clefable
|-damage|p2a: Clefable|0 fnt
|faint|p2a: Clefable
|
|upkeep
|
|t:|1758235874
|switch|p2a: Weavile|Weavile, F|100/100
|-damage|p2a: Weavile|76/100|[from] Stealth Rock
|turn|6
|
|t:|1758235884
|switch|p1a: Clefable|Clefable, F|100/100
|move|p2a: Weavile|Triple Axel|p1a: Clefable
|-damage|p1a: Clefable|90/100
|-damage|p1a: Clefable|66/100
|-damage|p1a: Clefable|30/100
|-hitcount|p1a: Clefable|3
|
|-heal|p1a: Clefable|37/100|[from] item: Leftovers
|upkeep
|turn|7
|
|t:|1758235892
|switch|p1a: Pecharunt|Pecharunt|100/100
|move|p2a: Weavile|Triple Axel|p1a: Pecharunt
|-damage|p1a: Pecharunt|90/100
|-damage|p1a: Pecharunt|69/100
|-damage|p1a: Pecharunt|36/100
|-hitcount|p1a: Pecharunt|3
|
|upkeep
|turn|8
|
|t:|1758235898
|move|p2a: Weavile|Triple Axel|p1a: Pecharunt
|-damage|p1a: Pecharunt|25/100
|-damage|p1a: Pecharunt|4/100
|-damage|p1a: Pecharunt|0 fnt
|faint|p1a: Pecharunt
|-hitcount|p1: Pecharunt|3
|
|upkeep
|
|t:|1758235906
|switch|p1a: Iron Boulder|Iron Boulder|100/100
|-enditem|p1a: Iron Boulder|Booster Energy
|-activate|p1a: Iron Boulder|ability: Quark Drive|[fromitem]
|-start|p1a: Iron Boulder|quarkdrivespe
|turn|9
|
|t:|1758235911
|switch|p2a: Samurott|Samurott-Hisui, M|100/100
|-damage|p2a: Samurott|88/100|[from] Stealth Rock
|move|p1a: Iron Boulder|Mighty Cleave|p2a: Samurott
|-damage|p2a: Samurott|25/100
|
|upkeep
|turn|10
|
|t:|1758235916
|move|p1a: Iron Boulder|Earthquake|p2a: Samurott
|-damage|p2a: Samurott|0 fnt
|faint|p2a: Samurott
|
|upkeep
|
|t:|1758235918
|switch|p2a: Dragonite|Dragonite, M|100/100
|-damage|p2a: Dragonite|76/100|[from] Stealth Rock
|turn|11
|
|t:|1758235921
|move|p1a: Iron Boulder|Mighty Cleave|p2a: Dragonite
|-supereffective|p2a: Dragonite
|-damage|p2a: Dragonite|0 fnt
|faint|p2a: Dragonite
|
|upkeep
|
|t:|1758235929
|switch|p2a: Weavile|Weavile, F|76/100
|-damage|p2a: Weavile|51/100|[from] Stealth Rock
|turn|12
|
|t:|1758235933
|move|p1a: Iron Boulder|Mighty Cleave|p2a: Weavile
|-supereffective|p2a: Weavile
|-damage|p2a: Weavile|0 fnt
|faint|p2a: Weavile
|
|upkeep
|
|t:|1758235936
|switch|p2a: Iron Moth|Iron Moth|100/100
|-damage|p2a: Iron Moth|76/100|[from] Stealth Rock
|-item|p2a: Iron Moth|Air Balloon
|turn|13
|
|t:|1758235940
|-terastallize|p2a: Iron Moth|Grass
|move|p1a: Iron Boulder|Mighty Cleave|p2a: Iron Moth
|-damage|p2a: Iron Moth|0 fnt
|-enditem|p2a: Iron Moth|Air Balloon
|faint|p2a: Iron Moth
|-end|p2a: Iron Moth|Quark Drive|[silent]
|
|upkeep
|
|t:|1758235952
|switch|p2a: Alomomola|Alomomola, F|100/100
|-damage|p2a: Alomomola|88/100|[from] Stealth Rock
|turn|14
|
|t:|1758235956
|move|p1a: Iron Boulder|Swords Dance|p1a: Iron Boulder
|-boost|p1a: Iron Boulder|atk|2
|move|p2a: Alomomola|Scald|p1a: Iron Boulder
|-supereffective|p1a: Iron Boulder
|-damage|p1a: Iron Boulder|72/100
|
|upkeep
|turn|15
|
|t:|1758235959
|move|p1a: Iron Boulder|Mighty Cleave|p2a: Alomomola
|-damage|p2a: Alomomola|36/100
|-enditem|p2a: Alomomola|Red Card|[of] p1a: Iron Boulder
|-end|p1a: Iron Boulder|Quark Drive|[silent]
|drag|p1a: Clefable|Clefable, F|37/100
|move|p2a: Alomomola|Scald|p1a: Clefable
|-damage|p1a: Clefable|24/100
|
|-heal|p1a: Clefable|30/100|[from] item: Leftovers
|upkeep
|turn|16
|
|t:|1758235963
|move|p1a: Clefable|Moonblast|p2a: Alomomola
|-crit|p2a: Alomomola
|-damage|p2a: Alomomola|0 fnt
|faint|p2a: Alomomola
|
|win|kiarnjd
|raw|kiarnjd's rating: 1261 &rarr; <strong>1283</strong><br />(+22 for winning)
|raw|garchomp is better's rating: 1218 &rarr; <strong>1196</strong><br />(-22 for losing)
|l|☆garchomp is better
|player|p2|
