|j|☆qxzwwzxq
|j|☆ChiefSosa14
|t:|1758344447
|gametype|singles
|player|p1|qxzwwzxq|101|1124
|player|p2|ChiefSosa14|169|1105
|gen|9
|tier|[Gen 9] OU
|rated|
|rule|HP Percentage Mod: HP is shown in percentages
|rule|Endless Battle Clause: Forcing endless battles is banned
|rule|Species Clause: Limit one of each Pokémon
|rule|OHKO Clause: OHKO moves are banned
|rule|Evasion Items Clause: Evasion items are banned
|rule|Evasion Moves Clause: Evasion moves are banned
|rule|Evasion Abilities Clause: Evasion abilities are banned
|rule|Sleep Moves Clause: Sleep-inducing moves are banned
|clearpoke
|poke|p1|Great Tusk|
|poke|p1|Raging Bolt|
|poke|p1|Walking Wake|
|poke|p1|Slither Wing|
|poke|p1|Torkoal, M|
|poke|p1|Sandy Shocks|
|poke|p2|Krookodile, M|
|poke|p2|Gyarados, F|
|poke|p2|Malamar, M|
|poke|p2|Primarina, F|
|poke|p2|Torterra, F|
|poke|p2|Eelektross, M|
|teampreview
|inactive|Battle timer is ON: inactive players will automatically lose when time's up. (requested by qxzwwzxq)
|
|t:|1758344455
|teamsize|p1|6
|teamsize|p2|6
|start
|switch|p1a: 不是怎么你和另一个晴天手都在zu|Torkoal, M|100/100
|switch|p2a: Eelektross|Eelektross, M|100/100
|-weather|SunnyDay|[from] ability: Drought|[of] p1a: 不是怎么你和另一个晴天手都在zu
|turn|1
|
|t:|1758344476
|move|p2a: Eelektross|Acrobatics|p1a: 不是怎么你和另一个晴天手都在zu
|-damage|p1a: 不是怎么你和另一个晴天手都在zu|72/100
|move|p1a: 不是怎么你和另一个晴天手都在zu|Stealth Rock|p2a: Eelektross
|-sidestart|p2: ChiefSosa14|move: Stealth Rock
|
|-weather|SunnyDay|[upkeep]
|upkeep
|turn|2
|
|t:|1758344500
|switch|p1a: 小时候看见打空保险电磁炮吓哭了|Raging Bolt|100/100
|-activate|p1a: 小时候看见打空保险电磁炮吓哭了|ability: Protosynthesis
|-start|p1a: 小时候看见打空保险电磁炮吓哭了|protosynthesisspa
|move|p2a: Eelektross|Acrobatics|p1a: 小时候看见打空保险电磁炮吓哭了
|-resisted|p1a: 小时候看见打空保险电磁炮吓哭了
|-damage|p1a: 小时候看见打空保险电磁炮吓哭了|85/100
|
|-weather|SunnyDay|[upkeep]
|upkeep
|turn|3
|inactive|ChiefSosa14 has 120 seconds left.
|
|t:|1758344525
|move|p1a: 小时候看见打空保险电磁炮吓哭了|Volt Switch|p2a: Eelektross
|-resisted|p2a: Eelektross
|-damage|p2a: Eelektross|69/100
|inactive|qxzwwzxq has 120 seconds left.
|
|t:|1758344536
|-end|p1a: 小时候看见打空保险电磁炮吓哭了|Protosynthesis|[silent]
|switch|p1a: 虫刺！虫刺♿️♿️♿️|Slither Wing|100/100|[from] Volt Switch
|-activate|p1a: 虫刺！虫刺♿️♿️♿️|ability: Protosynthesis
|-start|p1a: 虫刺！虫刺♿️♿️♿️|protosynthesisatk
|move|p2a: Eelektross|Close Combat|p1a: 虫刺！虫刺♿️♿️♿️
|-resisted|p1a: 虫刺！虫刺♿️♿️♿️
|-damage|p1a: 虫刺！虫刺♿️♿️♿️|71/100
|-unboost|p2a: Eelektross|def|1
|-unboost|p2a: Eelektross|spd|1
|
|-weather|SunnyDay|[upkeep]
|upkeep
|turn|4
|inactive|qxzwwzxq has 120 seconds left.
|
|t:|1758344557
|move|p1a: 虫刺！虫刺♿️♿️♿️|First Impression|p2a: Eelektross
|-damage|p2a: Eelektross|0 fnt
|faint|p2a: Eelektross
|
|-weather|SunnyDay|[upkeep]
|upkeep
|
|t:|1758344565
|switch|p2a: Torterra|Torterra, F|100/100
|-damage|p2a: Torterra|94/100|[from] Stealth Rock
|turn|5
|inactive|qxzwwzxq has 120 seconds left.
|
|t:|1758344583
|-end|p1a: 虫刺！虫刺♿️♿️♿️|Protosynthesis|[silent]
|switch|p1a: 怎么这年头水系也能进晴天队了|Walking Wake|100/100
|-activate|p1a: 怎么这年头水系也能进晴天队了|ability: Protosynthesis
|-start|p1a: 怎么这年头水系也能进晴天队了|protosynthesisspe
|move|p2a: Torterra|Leech Seed|p1a: 怎么这年头水系也能进晴天队了
|-start|p1a: 怎么这年头水系也能进晴天队了|move: Leech Seed
|
|-weather|SunnyDay|[upkeep]
|-damage|p1a: 怎么这年头水系也能进晴天队了|88/100|[from] Leech Seed|[of] p2a: Torterra
|-heal|p2a: Torterra|100/100|[silent]
|upkeep
|turn|6
|
|t:|1758344598
|move|p1a: 怎么这年头水系也能进晴天队了|Weather Ball|p2a: Torterra
|-supereffective|p2a: Torterra
|-enditem|p2a: Torterra|Occa Berry|[eat]
|-enditem|p2a: Torterra|Occa Berry|[weaken]
|-damage|p2a: Torterra|46/100
|move|p2a: Torterra|Earthquake|p1a: 怎么这年头水系也能进晴天队了
|-damage|p1a: 怎么这年头水系也能进晴天队了|46/100
|
|-weather|SunnyDay|[upkeep]
|-damage|p1a: 怎么这年头水系也能进晴天队了|33/100|[from] Leech Seed|[of] p2a: Torterra
|-heal|p2a: Torterra|57/100|[silent]
|upkeep
|turn|7
|
|t:|1758344608
|move|p2a: Torterra|Protect|p2a: Torterra
|-singleturn|p2a: Torterra|Protect
|move|p1a: 怎么这年头水系也能进晴天队了|Weather Ball|p2a: Torterra
|-activate|p2a: Torterra|move: Protect
|
|-weather|SunnyDay|[upkeep]
|-damage|p1a: 怎么这年头水系也能进晴天队了|21/100|[from] Leech Seed|[of] p2a: Torterra
|-heal|p2a: Torterra|68/100|[silent]
|upkeep
|turn|8
|
|t:|1758344618
|move|p1a: 怎么这年头水系也能进晴天队了|Weather Ball|p2a: Torterra
|-supereffective|p2a: Torterra
|-damage|p2a: Torterra|0 fnt
|faint|p2a: Torterra
|
|-weather|none
|-end|p1a: 怎么这年头水系也能进晴天队了|Protosynthesis
|upkeep
|
|t:|1758344625
|switch|p2a: Krookodile|Krookodile, M|100/100
|-damage|p2a: Krookodile|94/100|[from] Stealth Rock
|turn|9
|
|t:|1758344631
|move|p1a: 怎么这年头水系也能进晴天队了|Flip Turn|p2a: Krookodile
|-supereffective|p2a: Krookodile
|-damage|p2a: Krookodile|53/100
|
|t:|1758344635
|-end|p1a: 怎么这年头水系也能进晴天队了|Protosynthesis|[silent]
|switch|p1a: 不是怎么你和另一个晴天手都在zu|Torkoal, M|72/100|[from] Flip Turn
|-weather|SunnyDay|[from] ability: Drought|[of] p1a: 不是怎么你和另一个晴天手都在zu
|move|p2a: Krookodile|Brick Break|p1a: 不是怎么你和另一个晴天手都在zu
|-damage|p1a: 不是怎么你和另一个晴天手都在zu|53/100
|
|-weather|SunnyDay|[upkeep]
|-heal|p2a: Krookodile|59/100|[from] item: Leftovers
|upkeep
|turn|10
|
|t:|1758344649
|switch|p1a: 虫刺！虫刺♿️♿️♿️|Slither Wing|71/100
|-activate|p1a: 虫刺！虫刺♿️♿️♿️|ability: Protosynthesis
|-start|p1a: 虫刺！虫刺♿️♿️♿️|protosynthesisatk
|move|p2a: Krookodile|Earthquake|p1a: 虫刺！虫刺♿️♿️♿️
|-resisted|p1a: 虫刺！虫刺♿️♿️♿️
|-damage|p1a: 虫刺！虫刺♿️♿️♿️|41/100
|
|-weather|SunnyDay|[upkeep]
|-heal|p2a: Krookodile|65/100|[from] item: Leftovers
|upkeep
|turn|11
|
|t:|1758344669
|move|p1a: 虫刺！虫刺♿️♿️♿️|First Impression|p2a: Krookodile
|-supereffective|p2a: Krookodile
|-damage|p2a: Krookodile|0 fnt
|faint|p2a: Krookodile
|
|-weather|SunnyDay|[upkeep]
|upkeep
|
|t:|1758344676
|switch|p2a: Gyarados|Gyarados, F|100/100
|-damage|p2a: Gyarados|76/100|[from] Stealth Rock
|turn|12
|
|t:|1758344688
|-end|p1a: 虫刺！虫刺♿️♿️♿️|Protosynthesis|[silent]
|switch|p1a: 第一只闪光|Sandy Shocks, shiny|100/100
|-activate|p1a: 第一只闪光|ability: Protosynthesis
|-start|p1a: 第一只闪光|protosynthesisspe
|move|p2a: Gyarados|Ice Fang|p1a: 第一只闪光
|-supereffective|p1a: 第一只闪光
|-damage|p1a: 第一只闪光|34/100
|
|-weather|SunnyDay|[upkeep]
|upkeep
|turn|13
|
|t:|1758344703
|move|p1a: 第一只闪光|Volt Switch|p2a: Gyarados
|-supereffective|p2a: Gyarados
|-damage|p2a: Gyarados|0 fnt
|faint|p2a: Gyarados
|
|t:|1758344711
|-end|p1a: 第一只闪光|Protosynthesis|[silent]
|switch|p1a: 老爷爷，我给您踩背来喽！|Great Tusk|100/100|[from] Volt Switch
|-activate|p1a: 老爷爷，我给您踩背来喽！|ability: Protosynthesis
|-start|p1a: 老爷爷，我给您踩背来喽！|protosynthesisatk
|
|-weather|SunnyDay|[upkeep]
|upkeep
|
|t:|1758344719
|switch|p2a: Primarina|Primarina, F|100/100
|-damage|p2a: Primarina|88/100|[from] Stealth Rock
|turn|14
|
|t:|1758344726
|move|p1a: 老爷爷，我给您踩背来喽！|Headlong Rush|p2a: Primarina
|-damage|p2a: Primarina|0 fnt
|-unboost|p1a: 老爷爷，我给您踩背来喽！|def|1
|-unboost|p1a: 老爷爷，我给您踩背来喽！|spd|1
|faint|p2a: Primarina
|
|-weather|SunnyDay|[upkeep]
|upkeep
|
|t:|1758344732
|switch|p2a: Malamar|Malamar, M|100/100
|-damage|p2a: Malamar|88/100|[from] Stealth Rock
|turn|15
|
|t:|1758344739
|-terastallize|p1a: 老爷爷，我给您踩背来喽！|Fighting
|move|p1a: 老爷爷，我给您踩背来喽！|Close Combat|p2a: Malamar
|-damage|p2a: Malamar|0 fnt
|-unboost|p1a: 老爷爷，我给您踩背来喽！|def|1
|-unboost|p1a: 老爷爷，我给您踩背来喽！|spd|1
|faint|p2a: Malamar
|
|win|qxzwwzxq
|raw|qxzwwzxq's rating: 1124 &rarr; <strong>1148</strong><br />(+24 for winning)
|raw|ChiefSosa14's rating: 1105 &rarr; <strong>1081</strong><br />(-24 for losing)
|l|☆qxzwwzxq
|player|p1|
|l|☆ChiefSosa14
|player|p2|
