|j|☆oreoinabox
|j|☆highladderjobber69
|t:|1758353648
|gametype|singles
|player|p1|oreoinabox|170|1422
|player|p2|highladderjobber69|biker|1481
|gen|9
|tier|[Gen 9] OU
|rated|
|rule|HP Percentage Mod: HP is shown in percentages
|rule|Endless Battle Clause: Forcing endless battles is banned
|rule|Species Clause: Limit one of each Pokémon
|rule|OHKO Clause: OHKO moves are banned
|rule|Evasion Items Clause: Evasion items are banned
|rule|Evasion Moves Clause: Evasion moves are banned
|rule|Evasion Abilities Clause: Evasion abilities are banned
|rule|Sleep Moves Clause: Sleep-inducing moves are banned
|clearpoke
|poke|p1|Dondozo, M|
|poke|p1|Darkrai|
|poke|p1|Zapdos|
|poke|p1|Corviknight, M|
|poke|p1|Iron Thorns|
|poke|p1|Iron Valiant|
|poke|p2|Ninetales-Alola, M|
|poke|p2|Serperior, M|
|poke|p2|Iron Valiant|
|poke|p2|Kingambit, M|
|poke|p2|Latias, F|
|poke|p2|Gliscor, F|
|teampreview
|inactive|Battle timer is ON: inactive players will automatically lose when time's up. (requested by oreoinabox)
|
|t:|1758353652
|teamsize|p1|6
|teamsize|p2|6
|start
|switch|p1a: Zapdos|Zapdos|100/100
|switch|p2a: WINGED SHELL|Iron Valiant|100/100
|-enditem|p2a: WINGED SHELL|Booster Energy
|-activate|p2a: WINGED SHELL|ability: Quark Drive|[fromitem]
|-start|p2a: WINGED SHELL|quarkdrivespe
|turn|1
|
|t:|1758353657
|move|p2a: WINGED SHELL|Destiny Bond|p2a: WINGED SHELL
|-singlemove|p2a: WINGED SHELL|Destiny Bond
|move|p1a: Zapdos|Hurricane|p2a: WINGED SHELL
|-supereffective|p2a: WINGED SHELL
|-damage|p2a: WINGED SHELL|0 fnt
|faint|p2a: WINGED SHELL
|-activate|p2a: WINGED SHELL|move: Destiny Bond
|-end|p2a: WINGED SHELL|Quark Drive|[silent]
|faint|p1a: Zapdos
|
|upkeep
|
|t:|1758353663
|switch|p2a: Serp Gaming|Serperior, M|100/100
|switch|p1a: Darkrai|Darkrai|100/100
|turn|2
|
|t:|1758353669
|move|p1a: Darkrai|Sludge Bomb|p2a: Serp Gaming
|-supereffective|p2a: Serp Gaming
|-damage|p2a: Serp Gaming|28/100
|move|p2a: Serp Gaming|Glare|p1a: Darkrai
|-status|p1a: Darkrai|par
|
|-heal|p2a: Serp Gaming|34/100|[from] item: Leftovers
|upkeep
|turn|3
|
|t:|1758353675
|switch|p2a: 69tales|Ninetales-Alola, M|100/100
|-weather|Snowscape|[from] ability: Snow Warning|[of] p2a: 69tales
|move|p1a: Darkrai|Sludge Bomb|p2a: 69tales
|-supereffective|p2a: 69tales
|-crit|p2a: 69tales
|-damage|p2a: 69tales|9/100
|
|-weather|Snowscape|[upkeep]
|upkeep
|turn|4
|
|t:|1758353687
|move|p2a: 69tales|Aurora Veil|p2a: 69tales
|-sidestart|p2: highladderjobber69|move: Aurora Veil
|move|p1a: Darkrai|Dark Pulse|p2a: 69tales
|-resisted|p2a: 69tales
|-damage|p2a: 69tales|0 fnt
|faint|p2a: 69tales
|
|-weather|Snowscape|[upkeep]
|upkeep
|
|t:|1758353691
|switch|p2a: Goatias|Latias, F|100/100
|turn|5
|
|t:|1758353694
|move|p2a: Goatias|Agility|p2a: Goatias
|-boost|p2a: Goatias|spe|2
|cant|p1a: Darkrai|par
|
|-weather|Snowscape|[upkeep]
|upkeep
|turn|6
|
|t:|1758353701
|-terastallize|p2a: Goatias|Poison
|move|p2a: Goatias|Calm Mind|p2a: Goatias
|-boost|p2a: Goatias|spa|1
|-boost|p2a: Goatias|spd|1
|move|p1a: Darkrai|Dark Pulse|p2a: Goatias
|-crit|p2a: Goatias
|-damage|p2a: Goatias|48/100
|
|-weather|Snowscape|[upkeep]
|-heal|p2a: Goatias|54/100|[from] item: Leftovers
|upkeep
|turn|7
|c|☆highladderjobber69|wtf
|
|t:|1758353713
|move|p2a: Goatias|Calm Mind|p2a: Goatias
|-boost|p2a: Goatias|spa|1
|-boost|p2a: Goatias|spd|1
|move|p1a: Darkrai|Dark Pulse|p2a: Goatias
|-damage|p2a: Goatias|46/100
|
|-weather|none
|-heal|p2a: Goatias|52/100|[from] item: Leftovers
|upkeep
|turn|8
|c|☆highladderjobber69|so many jobber crits
|
|t:|1758353718
|move|p2a: Goatias|Calm Mind|p2a: Goatias
|-boost|p2a: Goatias|spa|1
|-boost|p2a: Goatias|spd|1
|move|p1a: Darkrai|Dark Pulse|p2a: Goatias
|-damage|p2a: Goatias|45/100
|
|-heal|p2a: Goatias|51/100|[from] item: Leftovers
|upkeep
|turn|9
|
|t:|1758353721
|move|p2a: Goatias|Calm Mind|p2a: Goatias
|-boost|p2a: Goatias|spa|1
|-boost|p2a: Goatias|spd|1
|move|p1a: Darkrai|Dark Pulse|p2a: Goatias
|-damage|p2a: Goatias|46/100
|
|-heal|p2a: Goatias|52/100|[from] item: Leftovers
|upkeep
|turn|10
|
|t:|1758353725
|move|p2a: Goatias|Calm Mind|p2a: Goatias
|-boost|p2a: Goatias|spa|1
|-boost|p2a: Goatias|spd|1
|move|p1a: Darkrai|Dark Pulse|p2a: Goatias
|-damage|p2a: Goatias|47/100
|
|-heal|p2a: Goatias|53/100|[from] item: Leftovers
|upkeep
|turn|11
|
|t:|1758353729
|move|p2a: Goatias|Calm Mind|p2a: Goatias
|-boost|p2a: Goatias|spa|1
|-boost|p2a: Goatias|spd|1
|cant|p1a: Darkrai|par
|
|-heal|p2a: Goatias|59/100|[from] item: Leftovers
|-sideend|p2: highladderjobber69|move: Aurora Veil
|upkeep
|turn|12
|
|t:|1758353731
|move|p2a: Goatias|Agility|p2a: Goatias
|-boost|p2a: Goatias|spe|2
|move|p1a: Darkrai|Dark Pulse|p2a: Goatias
|-damage|p2a: Goatias|50/100
|
|-heal|p2a: Goatias|56/100|[from] item: Leftovers
|upkeep
|turn|13
|
|t:|1758353735
|move|p2a: Goatias|Aura Sphere|p1a: Darkrai
|-supereffective|p1a: Darkrai
|-damage|p1a: Darkrai|0 fnt
|faint|p1a: Darkrai
|
|-heal|p2a: Goatias|63/100|[from] item: Leftovers
|upkeep
|
|t:|1758353737
|switch|p1a: Dondozo|Dondozo, M|100/100
|turn|14
|
|t:|1758353740
|move|p2a: Goatias|Stored Power|p1a: Dondozo
|-damage|p1a: Dondozo|10/100
|move|p1a: Dondozo|Curse|p1a: Dondozo
|-unboost|p1a: Dondozo|spe|1
|-boost|p1a: Dondozo|atk|1
|-boost|p1a: Dondozo|def|1
|
|-heal|p2a: Goatias|69/100|[from] item: Leftovers
|-heal|p1a: Dondozo|16/100|[from] item: Leftovers
|upkeep
|turn|15
|
|t:|1758353744
|move|p2a: Goatias|Stored Power|p1a: Dondozo
|-damage|p1a: Dondozo|0 fnt
|faint|p1a: Dondozo
|
|-heal|p2a: Goatias|75/100|[from] item: Leftovers
|upkeep
|
|t:|1758353748
|switch|p1a: Iron Valiant|Iron Valiant|100/100
|-enditem|p1a: Iron Valiant|Booster Energy
|-activate|p1a: Iron Valiant|ability: Quark Drive|[fromitem]
|-start|p1a: Iron Valiant|quarkdrivespe
|turn|16
|
|t:|1758353752
|move|p2a: Goatias|Stored Power|p1a: Iron Valiant
|-supereffective|p1a: Iron Valiant
|-damage|p1a: Iron Valiant|0 fnt
|faint|p1a: Iron Valiant
|-end|p1a: Iron Valiant|Quark Drive|[silent]
|
|-heal|p2a: Goatias|81/100|[from] item: Leftovers
|upkeep
|-message|oreoinabox forfeited.
|
|win|highladderjobber69
|raw|oreoinabox's rating: 1422 &rarr; <strong>1405</strong><br />(-17 for losing)
|raw|highladderjobber69's rating: 1481 &rarr; <strong>1498</strong><br />(+17 for winning)
|l|☆oreoinabox
|player|p1|
|l|☆highladderjobber69
|player|p2|
