|j|☆Obito 2001
|j|☆saeyouwontletgo
|t:|1758268972
|gametype|singles
|player|p1|Obito 2001|blue-gen3two|1601
|player|p2|saeyouwontletgo|102|1711
|gen|9
|tier|[Gen 9] OU
|rated|
|rule|HP Percentage Mod: HP is shown in percentages
|rule|Endless Battle Clause: Forcing endless battles is banned
|rule|Species Clause: Limit one of each Pokémon
|rule|OHKO Clause: OHKO moves are banned
|rule|Evasion Items Clause: Evasion items are banned
|rule|Evasion Moves Clause: Evasion moves are banned
|rule|Evasion Abilities Clause: Evasion abilities are banned
|rule|Sleep Moves Clause: Sleep-inducing moves are banned
|clearpoke
|poke|p1|Ting-Lu|
|poke|p1|Weezing-Galar, F|
|poke|p1|Ogerpon-Wellspring, F|
|poke|p1|Corviknight, M|
|poke|p1|Kyurem|
|poke|p1|Amoonguss, F|
|poke|p2|Pecharunt|
|poke|p2|Great Tusk|
|poke|p2|Ogerpon-Wellspring, F|
|poke|p2|Iron Crown|
|poke|p2|Landorus-Therian, M|
|poke|p2|Samurott-Hisui, M|
|teampreview
|inactive|Battle timer is ON: inactive players will automatically lose when time's up. (requested by Obito 2001)
|j| burger with pickle
|c| burger with pickle|obito uchigga
|
|t:|1758268999
|teamsize|p1|6
|teamsize|p2|6
|start
|switch|p1a: Ban me|Ogerpon-Wellspring, F|100/100
|switch|p2a: Landorus|Landorus-Therian, M|100/100
|-ability|p2a: Landorus|Intimidate|boost
|-unboost|p1a: Ban me|atk|1
|turn|1
|
|t:|1758269003
|switch|p1a: Corviknight|Corviknight, M|100/100
|-ability|p1a: Corviknight|Pressure
|move|p2a: Landorus|U-turn|p1a: Corviknight
|-resisted|p1a: Corviknight
|-damage|p1a: Corviknight|96/100
|-damage|p2a: Landorus|84/100|[from] item: Rocky Helmet|[of] p1a: Corviknight
|
|t:|1758269005
|switch|p2a: Ogerpon|Ogerpon-Wellspring, F|100/100|[from] U-turn
|
|upkeep
|turn|2
|
|t:|1758269009
|switch|p2a: Iron Crown|Iron Crown|100/100
|switch|p1a: Ban Wogerpon|Amoonguss, F, shiny|100/100
|
|upkeep
|turn|3
|
|t:|1758269015
|switch|p1a: Ban Zamazenta|Ting-Lu, shiny|100/100
|-ability|p1a: Ban Zamazenta|Vessel of Ruin
|move|p2a: Iron Crown|Psyshock|p1a: Ban Zamazenta
|-immune|p1a: Ban Zamazenta
|
|upkeep
|turn|4
|
|t:|1758269022
|-end|p2a: Iron Crown|Quark Drive|[silent]
|switch|p2a: Ogerpon|Ogerpon-Wellspring, F|100/100
|move|p1a: Ban Zamazenta|Earthquake|p2a: Ogerpon
|-resisted|p2a: Ogerpon
|-damage|p2a: Ogerpon|84/100
|
|upkeep
|turn|5
|
|t:|1758269026
|switch|p2a: Iron Crown|Iron Crown|100/100
|switch|p1a: Ban Wogerpon|Amoonguss, F, shiny|100/100
|
|upkeep
|turn|6
|
|t:|1758269031
|move|p2a: Iron Crown|Tachyon Cutter|p1a: Ban Wogerpon
|-damage|p1a: Ban Wogerpon|63/100
|-damage|p1a: Ban Wogerpon|26/100
|-hitcount|p1a: Ban Wogerpon|2
|move|p1a: Ban Wogerpon|Foul Play|p2a: Iron Crown
|-supereffective|p2a: Iron Crown
|-damage|p2a: Iron Crown|69/100
|
|upkeep
|turn|7
|
|t:|1758269036
|switch|p1a: Corviknight|Corviknight, M|96/100
|-ability|p1a: Corviknight|Pressure
|move|p2a: Iron Crown|Tachyon Cutter|p1a: Corviknight
|-resisted|p1a: Corviknight
|-damage|p1a: Corviknight|79/100
|-resisted|p1a: Corviknight
|-damage|p1a: Corviknight|60/100
|-hitcount|p1a: Corviknight|2
|
|upkeep
|turn|8
|
|t:|1758269040
|-end|p2a: Iron Crown|Quark Drive|[silent]
|switch|p2a: Samurott|Samurott-Hisui, M|100/100
|move|p1a: Corviknight|Roost|p1a: Corviknight
|-heal|p1a: Corviknight|100/100
|-singleturn|p1a: Corviknight|move: Roost
|
|upkeep
|turn|9
|
|t:|1758269044
|move|p2a: Samurott|Ceaseless Edge|p1a: Corviknight|[miss]
|-miss|p2a: Samurott|p1a: Corviknight
|move|p1a: Corviknight|Body Press|p2a: Samurott
|-supereffective|p2a: Samurott
|-damage|p2a: Samurott|38/100
|
|upkeep
|turn|10
|
|t:|1758269046
|move|p2a: Samurott|Ceaseless Edge|p1a: Corviknight
|-damage|p1a: Corviknight|73/100
|-damage|p2a: Samurott|21/100|[from] item: Rocky Helmet|[of] p1a: Corviknight
|-sidestart|p1: Obito 2001|Spikes
|move|p1a: Corviknight|Body Press|p2a: Samurott
|-supereffective|p2a: Samurott
|-damage|p2a: Samurott|0 fnt
|faint|p2a: Samurott
|
|upkeep
|
|t:|1758269050
|switch|p2a: Iron Crown|Iron Crown|69/100
|turn|11
|
|t:|1758269052
|switch|p1a: Ban Zamazenta|Ting-Lu, shiny|100/100
|-damage|p1a: Ban Zamazenta|88/100|[from] Spikes
|-ability|p1a: Ban Zamazenta|Vessel of Ruin
|move|p2a: Iron Crown|Focus Blast|p1a: Ban Zamazenta
|-supereffective|p1a: Ban Zamazenta
|-damage|p1a: Ban Zamazenta|36/100
|
|-heal|p1a: Ban Zamazenta|43/100|[from] item: Leftovers
|upkeep
|turn|12
|
|t:|1758269059
|switch|p1a: Ban Wogerpon|Amoonguss, F, shiny|59/100
|move|p2a: Iron Crown|Focus Blast|p1a: Ban Wogerpon|[miss]
|-miss|p2a: Iron Crown|p1a: Ban Wogerpon
|
|upkeep
|turn|13
|
|t:|1758269062
|-end|p2a: Iron Crown|Quark Drive|[silent]
|switch|p2a: Pecharunt|Pecharunt|100/100
|switch|p1a: Fk hazard noobs|Weezing-Galar, F|100/100
|-ability|p1a: Fk hazard noobs|Neutralizing Gas
|
|upkeep
|turn|14
|
|t:|1758269067
|move|p2a: Pecharunt|Parting Shot|p1a: Fk hazard noobs
|-unboost|p1a: Fk hazard noobs|atk|1
|-unboost|p1a: Fk hazard noobs|spa|1
|
|t:|1758269069
|switch|p2a: Iron Crown|Iron Crown|69/100|[from] Parting Shot
|move|p1a: Fk hazard noobs|Defog|p2a: Iron Crown
|-unboost|p2a: Iron Crown|evasion|1
|-sideend|p1: Obito 2001|Spikes|[from] move: Defog|[of] p1a: Fk hazard noobs
|
|upkeep
|turn|15
|
|t:|1758269074
|-end|p1a: Fk hazard noobs|ability: Neutralizing Gas
|switch|p1a: Ban Zamazenta|Ting-Lu, shiny|43/100
|-ability|p1a: Ban Zamazenta|Vessel of Ruin
|-terastallize|p2a: Iron Crown|Steel
|move|p2a: Iron Crown|Tachyon Cutter|p1a: Ban Zamazenta
|-damage|p1a: Ban Zamazenta|20/100
|-damage|p1a: Ban Zamazenta|0 fnt
|faint|p1a: Ban Zamazenta
|-hitcount|p1: Ban Zamazenta|2
|
|upkeep
|
|t:|1758269079
|switch|p1a: Ban me|Ogerpon-Wellspring, F|100/100
|turn|16
|
|t:|1758269082
|-end|p2a: Iron Crown|Quark Drive|[silent]
|switch|p2a: Pecharunt|Pecharunt|100/100
|move|p1a: Ban me|U-turn|p2a: Pecharunt
|-resisted|p2a: Pecharunt
|-damage|p2a: Pecharunt|97/100
|-damage|p1a: Ban me|84/100|[from] item: Rocky Helmet|[of] p2a: Pecharunt
|
|t:|1758269091
|switch|p1a: Kyurem|Kyurem, shiny|100/100|[from] U-turn
|-ability|p1a: Kyurem|Pressure
|
|upkeep
|turn|17
|
|t:|1758269096
|switch|p2a: Landorus|Landorus-Therian, M|84/100
|-ability|p2a: Landorus|Intimidate|boost
|-unboost|p1a: Kyurem|atk|1
|move|p1a: Kyurem|Earth Power|p2a: Landorus
|-immune|p2a: Landorus
|
|upkeep
|turn|18
|
|t:|1758269101
|move|p2a: Landorus|U-turn|p1a: Kyurem
|-damage|p1a: Kyurem|72/100
|
|t:|1758269104
|switch|p2a: Iron Crown|Iron Crown, tera:Steel|69/100|[from] U-turn
|move|p1a: Kyurem|Scale Shot|p2a: Iron Crown
|-resisted|p2a: Iron Crown
|-damage|p2a: Iron Crown|66/100
|-resisted|p2a: Iron Crown
|-damage|p2a: Iron Crown|62/100
|-resisted|p2a: Iron Crown
|-damage|p2a: Iron Crown|59/100
|-hitcount|p2a: Iron Crown|3
|-unboost|p1a: Kyurem|def|1
|-boost|p1a: Kyurem|spe|1
|
|-heal|p1a: Kyurem|78/100|[from] item: Leftovers
|upkeep
|turn|19
|
|t:|1758269117
|-end|p2a: Iron Crown|Quark Drive|[silent]
|switch|p2a: Ogerpon|Ogerpon-Wellspring, F|84/100
|move|p1a: Kyurem|Earth Power|p2a: Ogerpon
|-resisted|p2a: Ogerpon
|-damage|p2a: Ogerpon|67/100
|
|-heal|p1a: Kyurem|84/100|[from] item: Leftovers
|upkeep
|turn|20
|
|t:|1758269130
|switch|p2a: Pecharunt|Pecharunt|97/100
|move|p1a: Kyurem|Freeze-Dry|p2a: Pecharunt
|-damage|p2a: Pecharunt|54/100
|
|-heal|p1a: Kyurem|90/100|[from] item: Leftovers
|upkeep
|turn|21
|
|t:|1758269134
|move|p1a: Kyurem|Earth Power|p2a: Pecharunt
|-supereffective|p2a: Pecharunt
|-damage|p2a: Pecharunt|0 fnt
|faint|p2a: Pecharunt
|
|-heal|p1a: Kyurem|96/100|[from] item: Leftovers
|upkeep
|
|t:|1758269137
|switch|p2a: Iron Crown|Iron Crown, tera:Steel|59/100
|turn|22
|
|t:|1758269143
|-terastallize|p1a: Kyurem|Ground
|move|p1a: Kyurem|Earth Power|p2a: Iron Crown
|-supereffective|p2a: Iron Crown
|-damage|p2a: Iron Crown|0 fnt
|faint|p2a: Iron Crown
|-end|p2a: Iron Crown|Quark Drive|[silent]
|
|-heal|p1a: Kyurem|100/100|[from] item: Leftovers
|upkeep
|-message|saeyouwontletgo forfeited.
|
|win|Obito 2001
|raw|Obito 2001's rating: 1601 &rarr; <strong>1627</strong><br />(+26 for winning)
|raw|saeyouwontletgo's rating: 1711 &rarr; <strong>1685</strong><br />(-26 for losing)
|l|☆saeyouwontletgo
|player|p2|
|l|☆Obito 2001
|player|p1|
|l| burger with pickle
