|j|☆Ampharos1995
|j|☆Andrewtre
|t:|1758372081
|gametype|singles
|player|p1|Ampharos1995|102|1111
|player|p2|Andrewtre|unknown|1093
|gen|9
|tier|[Gen 9] OU
|rated|
|rule|HP Percentage Mod: HP is shown in percentages
|rule|Endless Battle Clause: Forcing endless battles is banned
|rule|Species Clause: Limit one of each Pokémon
|rule|OHKO Clause: OHKO moves are banned
|rule|Evasion Items Clause: Evasion items are banned
|rule|Evasion Moves Clause: Evasion moves are banned
|rule|Evasion Abilities Clause: Evasion abilities are banned
|rule|Sleep Moves Clause: Sleep-inducing moves are banned
|clearpoke
|poke|p1|Keldeo-Resolute|
|poke|p1|Gogoat, M|
|poke|p1|Mandibuzz, F|
|poke|p1|Florges-Yellow, F|
|poke|p1|Rampardos, F|
|poke|p1|Yanmega, F|
|poke|p2|Farigiraf, F|
|poke|p2|Hatterene, F|
|poke|p2|Gardevoir, M|
|poke|p2|Gengar, F|
|poke|p2|Golduck, M|
|poke|p2|Golurk|
|teampreview
|inactive|Battle timer is ON: inactive players will automatically lose when time's up. (requested by Andrewtre)
|
|t:|1758372093
|teamsize|p1|6
|teamsize|p2|6
|start
|switch|p1a: Gogoat|Gogoat, M|100/100
|switch|p2a: Hatterene|Hatterene, F|100/100
|turn|1
|
|t:|1758372101
|move|p1a: Gogoat|Horn Leech|p2a: Hatterene
|-damage|p2a: Hatterene|61/100
|move|p2a: Hatterene|Trick Room|p2a: Hatterene
|-fieldstart|move: Trick Room|[of] p2a: Hatterene
|
|upkeep
|turn|2
|
|t:|1758372107
|move|p2a: Hatterene|Psychic|p1a: Gogoat
|-damage|p1a: Gogoat|51/100
|-unboost|p1a: Gogoat|spd|1
|move|p1a: Gogoat|Horn Leech|p2a: Hatterene
|-damage|p2a: Hatterene|21/100
|-heal|p1a: Gogoat|69/100|[from] drain|[of] p2a: Hatterene
|
|upkeep
|turn|3
|
|t:|1758372116
|switch|p1a: Mandibuzz|Mandibuzz, F|100/100
|move|p2a: Hatterene|Draining Kiss|p1a: Mandibuzz
|-supereffective|p1a: Mandibuzz
|-damage|p1a: Mandibuzz|50/100
|-heal|p2a: Hatterene|71/100|[from] drain|[of] p1a: Mandibuzz
|-damage|p2a: Hatterene|55/100|[from] item: Rocky Helmet|[of] p1a: Mandibuzz
|
|upkeep
|turn|4
|
|t:|1758372125
|switch|p1a: Florges|Florges-Yellow, F|100/100
|move|p2a: Hatterene|Draining Kiss|p1a: Florges
|-damage|p1a: Florges|86/100
|-heal|p2a: Hatterene|67/100|[from] drain|[of] p1a: Florges
|
|-heal|p1a: Florges|92/100|[from] item: Leftovers
|upkeep
|turn|5
|
|t:|1758372133
|move|p2a: Hatterene|Psychic|p1a: Florges
|-damage|p1a: Florges|67/100
|move|p1a: Florges|Wish|p1a: Florges
|
|-heal|p1a: Florges|74/100|[from] item: Leftovers
|-fieldend|move: Trick Room
|upkeep
|turn|6
|
|t:|1758372141
|move|p1a: Florges|Psychic Noise|p2a: Hatterene
|-resisted|p2a: Hatterene
|-damage|p2a: Hatterene|57/100
|-start|p2a: Hatterene|move: Heal Block
|move|p2a: Hatterene|Trick Room|p2a: Hatterene
|-fieldstart|move: Trick Room|[of] p2a: Hatterene
|
|-heal|p1a: Florges|100/100|[from] move: Wish|[wisher] Florges
|upkeep
|turn|7
|
|t:|1758372150
|move|p2a: Hatterene|Mystical Fire|p1a: Florges
|-damage|p1a: Florges|84/100
|-unboost|p1a: Florges|spa|1
|move|p1a: Florges|Wish|p1a: Florges
|
|-heal|p1a: Florges|90/100|[from] item: Leftovers
|-end|p2a: Hatterene|move: Heal Block
|upkeep
|turn|8
|
|t:|1758372160
|switch|p1a: Mandibuzz|Mandibuzz, F|50/100
|move|p2a: Hatterene|Psychic|p1a: Mandibuzz
|-immune|p1a: Mandibuzz
|
|-heal|p1a: Mandibuzz|93/100|[from] move: Wish|[wisher] Florges
|upkeep
|turn|9
|
|t:|1758372170
|switch|p1a: Florges|Florges-Yellow, F|90/100
|move|p2a: Hatterene|Draining Kiss|p1a: Florges
|-damage|p1a: Florges|76/100
|-heal|p2a: Hatterene|69/100|[from] drain|[of] p1a: Florges
|
|-heal|p1a: Florges|82/100|[from] item: Leftovers
|upkeep
|turn|10
|
|t:|1758372179
|move|p2a: Hatterene|Mystical Fire|p1a: Florges
|-damage|p1a: Florges|66/100
|-unboost|p1a: Florges|spa|1
|move|p1a: Florges|Psychic Noise|p2a: Hatterene
|-resisted|p2a: Hatterene
|-damage|p2a: Hatterene|63/100
|-start|p2a: Hatterene|move: Heal Block
|
|-heal|p1a: Florges|72/100|[from] item: Leftovers
|-fieldend|move: Trick Room
|upkeep
|turn|11
|
|t:|1758372193
|move|p1a: Florges|Alluring Voice|p2a: Hatterene
|-damage|p2a: Hatterene|40/100
|move|p2a: Hatterene|Trick Room|p2a: Hatterene
|-fieldstart|move: Trick Room|[of] p2a: Hatterene
|
|-heal|p1a: Florges|79/100|[from] item: Leftovers
|-end|p2a: Hatterene|move: Heal Block
|upkeep
|turn|12
|
|t:|1758372200
|move|p2a: Hatterene|Psychic|p1a: Florges
|-damage|p1a: Florges|52/100
|move|p1a: Florges|Wish|p1a: Florges
|
|-heal|p1a: Florges|59/100|[from] item: Leftovers
|upkeep
|turn|13
|
|t:|1758372212
|move|p1a: Florges|Protect|p1a: Florges
|-singleturn|p1a: Florges|Protect
|move|p2a: Hatterene|Draining Kiss|p1a: Florges
|-activate|p1a: Florges|move: Protect
|
|-heal|p1a: Florges|100/100|[from] move: Wish|[wisher] Florges
|upkeep
|turn|14
|
|t:|1758372220
|move|p2a: Hatterene|Psychic|p1a: Florges
|-damage|p1a: Florges|73/100
|move|p1a: Florges|Wish|p1a: Florges
|
|-heal|p1a: Florges|79/100|[from] item: Leftovers
|upkeep
|turn|15
|
|t:|1758372230
|switch|p1a: Rampardos|Rampardos, F|100/100
|-ability|p1a: Rampardos|Mold Breaker
|move|p2a: Hatterene|Draining Kiss|p1a: Rampardos
|-damage|p1a: Rampardos|58/100
|-heal|p2a: Hatterene|80/100|[from] drain|[of] p1a: Rampardos
|
|-heal|p1a: Rampardos|100/100|[from] move: Wish|[wisher] Florges
|-fieldend|move: Trick Room
|upkeep
|turn|16
|
|t:|1758372244
|move|p1a: Rampardos|Earthquake|p2a: Hatterene
|-damage|p2a: Hatterene|8/100
|move|p2a: Hatterene|Trick Room|p2a: Hatterene
|-fieldstart|move: Trick Room|[of] p2a: Hatterene
|
|upkeep
|turn|17
|c|☆Ampharos1995|wtf
|
|t:|1758372257
|switch|p1a: Florges|Florges-Yellow, F|79/100
|move|p2a: Hatterene|Psychic|p1a: Florges
|-damage|p1a: Florges|53/100
|
|-heal|p1a: Florges|59/100|[from] item: Leftovers
|upkeep
|turn|18
|
|t:|1758372264
|move|p1a: Florges|Protect|p1a: Florges
|-singleturn|p1a: Florges|Protect
|move|p2a: Hatterene|Draining Kiss|p1a: Florges
|-activate|p1a: Florges|move: Protect
|
|-heal|p1a: Florges|65/100|[from] item: Leftovers
|upkeep
|turn|19
|
|t:|1758372271
|move|p2a: Hatterene|Psychic|p1a: Florges
|-damage|p1a: Florges|37/100
|-unboost|p1a: Florges|spd|1
|move|p1a: Florges|Alluring Voice|p2a: Hatterene
|-damage|p2a: Hatterene|0 fnt
|faint|p2a: Hatterene
|
|-heal|p1a: Florges|43/100|[from] item: Leftovers
|upkeep
|
|t:|1758372276
|switch|p2a: Golurk|Golurk|100/100
|turn|20
|
|t:|1758372290
|move|p1a: Florges|Protect|p1a: Florges
|-singleturn|p1a: Florges|Protect
|move|p2a: Golurk|Poltergeist|p1a: Florges
|-activate|p1a: Florges|move: Protect
|
|-heal|p1a: Florges|49/100|[from] item: Leftovers
|-fieldend|move: Trick Room
|upkeep
|turn|21
|
|t:|1758372299
|switch|p1a: Mandibuzz|Mandibuzz, F|93/100
|move|p2a: Golurk|Stealth Rock|p1a: Mandibuzz
|-sidestart|p1: Ampharos1995|move: Stealth Rock
|
|upkeep
|turn|22
|
|t:|1758372306
|move|p1a: Mandibuzz|Foul Play|p2a: Golurk
|-supereffective|p2a: Golurk
|-damage|p2a: Golurk|0 fnt
|faint|p2a: Golurk
|
|upkeep
|
|t:|1758372312
|switch|p2a: Gengar|Gengar, F|100/100
|turn|23
|
|t:|1758372318
|move|p2a: Gengar|Sludge Wave|p1a: Mandibuzz
|-damage|p1a: Mandibuzz|53/100
|move|p1a: Mandibuzz|Defog|p2a: Gengar
|-unboost|p2a: Gengar|evasion|1
|-sideend|p1: Ampharos1995|Stealth Rock|[from] move: Defog|[of] p1a: Mandibuzz
|
|upkeep
|turn|24
|
|t:|1758372326
|move|p2a: Gengar|Sludge Wave|p1a: Mandibuzz
|-damage|p1a: Mandibuzz|9/100
|move|p1a: Mandibuzz|Roost|p1a: Mandibuzz
|-heal|p1a: Mandibuzz|59/100
|-singleturn|p1a: Mandibuzz|move: Roost
|
|upkeep
|turn|25
|
|t:|1758372344
|move|p2a: Gengar|Sludge Wave|p1a: Mandibuzz
|-damage|p1a: Mandibuzz|21/100
|move|p1a: Mandibuzz|Foul Play|p2a: Gengar
|-supereffective|p2a: Gengar
|-damage|p2a: Gengar|36/100
|
|upkeep
|turn|26
|
|t:|1758372353
|move|p2a: Gengar|Sludge Wave|p1a: Mandibuzz
|-damage|p1a: Mandibuzz|0 fnt
|faint|p1a: Mandibuzz
|
|upkeep
|
|t:|1758372357
|switch|p1a: Yanmega|Yanmega, F|100/100
|turn|27
|
|t:|1758372364
|move|p1a: Yanmega|Protect|p1a: Yanmega
|-singleturn|p1a: Yanmega|Protect
|move|p2a: Gengar|Sludge Wave|p1a: Yanmega
|-activate|p1a: Yanmega|move: Protect
|
|-ability|p1a: Yanmega|Speed Boost|boost
|-boost|p1a: Yanmega|spe|1
|upkeep
|turn|28
|
|t:|1758372372
|move|p1a: Yanmega|Air Slash|p2a: Gengar
|-damage|p2a: Gengar|0 fnt
|faint|p2a: Gengar
|
|-ability|p1a: Yanmega|Speed Boost|boost
|-boost|p1a: Yanmega|spe|1
|upkeep
|
|t:|1758372380
|switch|p2a: Golduck|Golduck, M|100/100
|turn|29
|
|t:|1758372383
|move|p1a: Yanmega|Giga Drain|p2a: Golduck
|-supereffective|p2a: Golduck
|-damage|p2a: Golduck|31/100
|move|p2a: Golduck|Ice Beam|p1a: Yanmega
|-supereffective|p1a: Yanmega
|-enditem|p1a: Yanmega|Focus Sash
|-damage|p1a: Yanmega|1/100
|
|-ability|p1a: Yanmega|Speed Boost|boost
|-boost|p1a: Yanmega|spe|1
|upkeep
|turn|30
|
|t:|1758372392
|move|p1a: Yanmega|Giga Drain|p2a: Golduck
|-supereffective|p2a: Golduck
|-damage|p2a: Golduck|0 fnt
|-heal|p1a: Yanmega|16/100|[from] drain|[of] p2a: Golduck
|faint|p2a: Golduck
|
|-ability|p1a: Yanmega|Speed Boost|boost
|-boost|p1a: Yanmega|spe|1
|upkeep
|
|t:|1758372401
|switch|p2a: Gardevoir|Gardevoir, M|100/100
|-ability|p2a: Gardevoir|Speed Boost|Trace|[from] ability: Trace|[of] p1a: Yanmega
|turn|31
|
|t:|1758372412
|move|p1a: Yanmega|Bug Buzz|p2a: Gardevoir
|-damage|p2a: Gardevoir|48/100
|move|p2a: Gardevoir|Psychic|p1a: Yanmega
|-damage|p1a: Yanmega|0 fnt
|faint|p1a: Yanmega
|
|-ability|p2a: Gardevoir|Speed Boost|boost
|-boost|p2a: Gardevoir|spe|1
|upkeep
|
|t:|1758372422
|switch|p1a: Rampardos|Rampardos, F|100/100
|-ability|p1a: Rampardos|Mold Breaker
|turn|32
|
|t:|1758372427
|move|p2a: Gardevoir|Psychic|p1a: Rampardos
|-damage|p1a: Rampardos|27/100
|move|p1a: Rampardos|Earthquake|p2a: Gardevoir
|-damage|p2a: Gardevoir|0 fnt
|faint|p2a: Gardevoir
|
|upkeep
|
|t:|1758372432
|switch|p2a: Farigiraf|Farigiraf, F|100/100
|turn|33
|
|t:|1758372438
|move|p1a: Rampardos|Earthquake|p2a: Farigiraf
|-damage|p2a: Farigiraf|33/100
|move|p2a: Farigiraf|Trick Room|p2a: Farigiraf
|-fieldstart|move: Trick Room|[of] p2a: Farigiraf
|
|upkeep
|turn|34
|
|t:|1758372446
|move|p2a: Farigiraf|Twin Beam|p1a: Rampardos
|-damage|p1a: Rampardos|0 fnt
|faint|p1a: Rampardos
|-hitcount|p1: Rampardos|1
|-damage|p2a: Farigiraf|23/100|[from] item: Life Orb
|
|upkeep
|
|t:|1758372452
|switch|p1a: Florges|Florges-Yellow, F|49/100
|turn|35
|
|t:|1758372455
|move|p1a: Florges|Protect|p1a: Florges
|-singleturn|p1a: Florges|Protect
|move|p2a: Farigiraf|Psychic Fangs|p1a: Florges
|-activate|p1a: Florges|move: Protect
|
|-heal|p1a: Florges|55/100|[from] item: Leftovers
|upkeep
|turn|36
|
|t:|1758372462
|move|p2a: Farigiraf|Psychic Fangs|p1a: Florges
|-damage|p1a: Florges|10/100
|-damage|p2a: Farigiraf|13/100|[from] item: Life Orb
|move|p1a: Florges|Wish|p1a: Florges
|
|-heal|p1a: Florges|17/100|[from] item: Leftovers
|upkeep
|turn|37
|
|t:|1758372468
|move|p1a: Florges|Protect|p1a: Florges
|-singleturn|p1a: Florges|Protect
|move|p2a: Farigiraf|Twin Beam|p1a: Florges
|-activate|p1a: Florges|move: Protect
|
|-heal|p1a: Florges|67/100|[from] move: Wish|[wisher] Florges
|-heal|p1a: Florges|73/100|[from] item: Leftovers
|-fieldend|move: Trick Room
|upkeep
|turn|38
|
|t:|1758372477
|move|p1a: Florges|Alluring Voice|p2a: Farigiraf
|-damage|p2a: Farigiraf|0 fnt
|faint|p2a: Farigiraf
|
|win|Ampharos1995
|raw|Ampharos1995's rating: 1111 &rarr; <strong>1135</strong><br />(+24 for winning)
|raw|Andrewtre's rating: 1093 &rarr; <strong>1070</strong><br />(-23 for losing)
|l|☆Andrewtre
|player|p2|
|l|☆Ampharos1995
|player|p1|
