|j|☆Quixic4
|j|☆deusyancha
|t:|1758306282
|gametype|singles
|player|p1|Quixic4|ingo|1239
|player|p2|deusyancha|hiker|1299
|gen|9
|tier|[Gen 9] OU
|rated|
|rule|HP Percentage Mod: HP is shown in percentages
|rule|Endless Battle Clause: Forcing endless battles is banned
|rule|Species Clause: Limit one of each Pokémon
|rule|OHKO Clause: OHKO moves are banned
|rule|Evasion Items Clause: Evasion items are banned
|rule|Evasion Moves Clause: Evasion moves are banned
|rule|Evasion Abilities Clause: Evasion abilities are banned
|rule|Sleep Moves Clause: Sleep-inducing moves are banned
|clearpoke
|poke|p1|Polteageist|
|poke|p1|Sinistcha|
|poke|p1|Appletun, M|
|poke|p1|Hydrapple, F|
|poke|p1|Sceptile, M|
|poke|p1|Cloyster, F|
|poke|p2|Pelipper, M|
|poke|p2|Zapdos|
|poke|p2|Scizor, M|
|poke|p2|Hatterene, F|
|poke|p2|Iron Treads|
|poke|p2|Barraskewda, M|
|teampreview
|
|t:|1758306288
|teamsize|p1|6
|teamsize|p2|6
|start
|switch|p1a: Hydrapple|Hydrapple, F|100/100
|switch|p2a: Scizor|Scizor, M|100/100
|turn|1
|
|t:|1758306294
|move|p2a: Scizor|U-turn|p1a: Hydrapple
|-supereffective|p1a: Hydrapple
|-damage|p1a: Hydrapple|9/100
|
|t:|1758306297
|switch|p2a: Pelipper|Pelipper, M|100/100|[from] U-turn
|-weather|RainDance|[from] ability: Drizzle|[of] p2a: Pelipper
|move|p1a: Hydrapple|Nasty Plot|p1a: Hydrapple
|-boost|p1a: Hydrapple|spa|2
|
|-weather|RainDance|[upkeep]
|upkeep
|turn|2
|
|t:|1758306305
|move|p2a: Pelipper|U-turn|p1a: Hydrapple
|-supereffective|p1a: Hydrapple
|-damage|p1a: Hydrapple|0 fnt
|faint|p1a: Hydrapple
|
|t:|1758306308
|switch|p2a: Barraskewda|Barraskewda, M|100/100|[from] U-turn
|
|-weather|RainDance|[upkeep]
|upkeep
|
|t:|1758306324
|switch|p1a: Appletun|Appletun, M|100/100
|turn|3
|
|t:|1758306334
|move|p2a: Barraskewda|Flip Turn|p1a: Appletun
|-resisted|p1a: Appletun
|-damage|p1a: Appletun|84/100
|
|t:|1758306339
|switch|p2a: Scizor|Scizor, M|100/100|[from] Flip Turn
|move|p1a: Appletun|Apple Acid|p2a: Scizor
|-resisted|p2a: Scizor
|-damage|p2a: Scizor|92/100
|-unboost|p2a: Scizor|spd|1
|
|-weather|RainDance|[upkeep]
|upkeep
|turn|4
|
|t:|1758306351
|move|p2a: Scizor|U-turn|p1a: Appletun
|-supereffective|p1a: Appletun
|-damage|p1a: Appletun|0 fnt
|faint|p1a: Appletun
|
|t:|1758306355
|switch|p2a: Zapdos|Zapdos|100/100|[from] U-turn
|
|-weather|RainDance|[upkeep]
|upkeep
|
|t:|1758306359
|switch|p1a: Cloyster|Cloyster, F|100/100
|turn|5
|
|t:|1758306370
|move|p2a: Zapdos|Volt Switch|p1a: Cloyster
|-supereffective|p1a: Cloyster
|-enditem|p1a: Cloyster|Focus Sash
|-damage|p1a: Cloyster|1/100
|
|t:|1758306375
|switch|p2a: Scizor|Scizor, M|92/100|[from] Volt Switch
|move|p1a: Cloyster|Shell Smash|p1a: Cloyster
|-unboost|p1a: Cloyster|def|1
|-unboost|p1a: Cloyster|spd|1
|-boost|p1a: Cloyster|atk|2
|-boost|p1a: Cloyster|spa|2
|-boost|p1a: Cloyster|spe|2
|
|-weather|RainDance|[upkeep]
|upkeep
|turn|6
|
|t:|1758306385
|move|p1a: Cloyster|Ice Shard|p2a: Scizor
|-resisted|p2a: Scizor
|-damage|p2a: Scizor|71/100
|move|p2a: Scizor|Bullet Punch|p1a: Cloyster
|-damage|p1a: Cloyster|0 fnt
|faint|p1a: Cloyster
|
|-weather|RainDance|[upkeep]
|upkeep
|
|t:|1758306395
|switch|p1a: Sinistcha|Sinistcha|100/100
|turn|7
|
|t:|1758306403
|switch|p2a: Iron Treads|Iron Treads|100/100
|-enditem|p2a: Iron Treads|Booster Energy
|-activate|p2a: Iron Treads|ability: Quark Drive|[fromitem]
|-start|p2a: Iron Treads|quarkdrivespe
|-terastallize|p1a: Sinistcha|Steel
|move|p1a: Sinistcha|Strength Sap|p2a: Iron Treads
|-unboost|p2a: Iron Treads|atk|1
|
|-weather|RainDance|[upkeep]
|upkeep
|turn|8
|
|t:|1758306413
|move|p2a: Iron Treads|Stealth Rock|p1a: Sinistcha
|-sidestart|p1: Quixic4|move: Stealth Rock
|move|p1a: Sinistcha|Iron Defense|p1a: Sinistcha
|-boost|p1a: Sinistcha|def|2
|
|-weather|none
|upkeep
|turn|9
|
|t:|1758306448
|-end|p2a: Iron Treads|Quark Drive|[silent]
|switch|p2a: Pelipper|Pelipper, M|100/100
|-weather|RainDance|[from] ability: Drizzle|[of] p2a: Pelipper
|move|p1a: Sinistcha|Calm Mind|p1a: Sinistcha
|-boost|p1a: Sinistcha|spa|1
|-boost|p1a: Sinistcha|spd|1
|
|-weather|RainDance|[upkeep]
|upkeep
|turn|10
|
|t:|1758306456
|move|p1a: Sinistcha|Calm Mind|p1a: Sinistcha
|-boost|p1a: Sinistcha|spa|1
|-boost|p1a: Sinistcha|spd|1
|move|p2a: Pelipper|Knock Off|p1a: Sinistcha
|-damage|p1a: Sinistcha|96/100
|-enditem|p1a: Sinistcha|Covert Cloak|[from] move: Knock Off|[of] p2a: Pelipper
|
|-weather|RainDance|[upkeep]
|upkeep
|turn|11
|
|t:|1758306463
|move|p1a: Sinistcha|Calm Mind|p1a: Sinistcha
|-boost|p1a: Sinistcha|spa|1
|-boost|p1a: Sinistcha|spd|1
|move|p2a: Pelipper|U-turn|p1a: Sinistcha
|-resisted|p1a: Sinistcha
|-damage|p1a: Sinistcha|94/100
|
|t:|1758306468
|switch|p2a: Barraskewda|Barraskewda, M|100/100|[from] U-turn
|
|-weather|RainDance|[upkeep]
|upkeep
|turn|12
|
|t:|1758306475
|move|p2a: Barraskewda|Close Combat|p1a: Sinistcha
|-supereffective|p1a: Sinistcha
|-damage|p1a: Sinistcha|49/100
|-unboost|p2a: Barraskewda|def|1
|-unboost|p2a: Barraskewda|spd|1
|move|p1a: Sinistcha|Strength Sap|p2a: Barraskewda
|-unboost|p2a: Barraskewda|atk|1
|-heal|p1a: Sinistcha|100/100
|
|-weather|RainDance|[upkeep]
|upkeep
|turn|13
|
|t:|1758306484
|switch|p2a: Hatterene|Hatterene, F|100/100
|move|p1a: Sinistcha|Iron Defense|p1a: Sinistcha
|-boost|p1a: Sinistcha|def|2
|
|-weather|RainDance|[upkeep]
|upkeep
|turn|14
|
|t:|1758306492
|move|p1a: Sinistcha|Giga Drain|p2a: Hatterene
|-crit|p2a: Hatterene
|-damage|p2a: Hatterene|30/100
|move|p2a: Hatterene|Nuzzle|p1a: Sinistcha
|-damage|p1a: Sinistcha|99/100
|-status|p1a: Sinistcha|par
|
|-weather|RainDance|[upkeep]
|upkeep
|turn|15
|
|t:|1758306500
|move|p2a: Hatterene|Mystical Fire|p1a: Sinistcha
|-supereffective|p1a: Sinistcha
|-damage|p1a: Sinistcha|92/100 par
|-unboost|p1a: Sinistcha|spa|1
|move|p1a: Sinistcha|Calm Mind|p1a: Sinistcha
|-boost|p1a: Sinistcha|spa|1
|-boost|p1a: Sinistcha|spd|1
|
|-weather|RainDance|[upkeep]
|upkeep
|turn|16
|
|t:|1758306507
|move|p2a: Hatterene|Mystical Fire|p1a: Sinistcha
|-supereffective|p1a: Sinistcha
|-damage|p1a: Sinistcha|87/100 par
|-unboost|p1a: Sinistcha|spa|1
|move|p1a: Sinistcha|Giga Drain|p2a: Hatterene
|-damage|p2a: Hatterene|0 fnt
|-heal|p1a: Sinistcha|100/100 par|[from] drain|[of] p2a: Hatterene
|faint|p2a: Hatterene
|
|-weather|none
|upkeep
|
|t:|1758306517
|switch|p2a: Iron Treads|Iron Treads|100/100
|turn|17
|
|t:|1758306522
|move|p2a: Iron Treads|Earthquake|p1a: Sinistcha
|-supereffective|p1a: Sinistcha
|-damage|p1a: Sinistcha|80/100 par
|cant|p1a: Sinistcha|par
|
|upkeep
|turn|18
|
|t:|1758306528
|move|p2a: Iron Treads|Earthquake|p1a: Sinistcha
|-supereffective|p1a: Sinistcha
|-damage|p1a: Sinistcha|57/100 par
|move|p1a: Sinistcha|Strength Sap|p2a: Iron Treads
|-unboost|p2a: Iron Treads|atk|1
|-heal|p1a: Sinistcha|100/100 par
|
|upkeep
|turn|19
|
|t:|1758306537
|-end|p2a: Iron Treads|Quark Drive|[silent]
|switch|p2a: Zapdos|Zapdos|100/100
|move|p1a: Sinistcha|Calm Mind|p1a: Sinistcha
|-boost|p1a: Sinistcha|spa|1
|-boost|p1a: Sinistcha|spd|1
|
|upkeep
|turn|20
|
|t:|1758306544
|-terastallize|p2a: Zapdos|Flying
|move|p2a: Zapdos|Hurricane|p1a: Sinistcha
|-resisted|p1a: Sinistcha
|-damage|p1a: Sinistcha|82/100 par
|move|p1a: Sinistcha|Giga Drain|p2a: Zapdos
|-resisted|p2a: Zapdos
|-damage|p2a: Zapdos|58/100
|-heal|p1a: Sinistcha|100/100 par|[from] drain|[of] p2a: Zapdos
|
|upkeep
|turn|21
|
|t:|1758306553
|switch|p2a: Barraskewda|Barraskewda, M|100/100
|move|p1a: Sinistcha|Calm Mind|p1a: Sinistcha
|-boost|p1a: Sinistcha|spa|1
|-boost|p1a: Sinistcha|spd|1
|
|upkeep
|turn|22
|
|t:|1758306560
|move|p2a: Barraskewda|Flip Turn|p1a: Sinistcha
|-damage|p1a: Sinistcha|89/100 par
|
|t:|1758306565
|switch|p2a: Pelipper|Pelipper, M|100/100|[from] Flip Turn
|-weather|RainDance|[from] ability: Drizzle|[of] p2a: Pelipper
|move|p1a: Sinistcha|Iron Defense|p1a: Sinistcha
|-boost|p1a: Sinistcha|def|2
|
|-weather|RainDance|[upkeep]
|upkeep
|turn|23
|
|t:|1758306572
|move|p2a: Pelipper|U-turn|p1a: Sinistcha
|-resisted|p1a: Sinistcha
|-damage|p1a: Sinistcha|88/100 par
|
|t:|1758306575
|switch|p2a: Zapdos|Zapdos, tera:Flying|58/100|[from] U-turn
|move|p1a: Sinistcha|Giga Drain|p2a: Zapdos
|-resisted|p2a: Zapdos
|-damage|p2a: Zapdos|0 fnt
|-heal|p1a: Sinistcha|100/100 par|[from] drain|[of] p2a: Zapdos
|faint|p2a: Zapdos
|
|-weather|RainDance|[upkeep]
|upkeep
|-message|deusyancha forfeited.
|
|win|Quixic4
|raw|Quixic4's rating: 1239 &rarr; <strong>1268</strong><br />(+29 for winning)
|raw|deusyancha's rating: 1299 &rarr; <strong>1270</strong><br />(-29 for losing)
|l|☆deusyancha
|player|p2|
|l|☆Quixic4
|player|p1|
