|j|☆Stingrei
|j|‽XIXINANA
|t:|1758346170
|gametype|singles
|player|p1|Stingrei|169|1220
|player|p2|XIXINANA|nate|1280
|gen|9
|tier|[Gen 9] OU
|rated|
|rule|HP Percentage Mod: HP is shown in percentages
|rule|Endless Battle Clause: Forcing endless battles is banned
|rule|Species Clause: Limit one of each Pokémon
|rule|OHKO Clause: OHKO moves are banned
|rule|Evasion Items Clause: Evasion items are banned
|rule|Evasion Moves Clause: Evasion moves are banned
|rule|Evasion Abilities Clause: Evasion abilities are banned
|rule|Sleep Moves Clause: Sleep-inducing moves are banned
|clearpoke
|poke|p1|Pelipper, F|
|poke|p1|Hatterene, F|
|poke|p1|Iron Treads|
|poke|p1|Toxicroak, F|
|poke|p1|Barraskewda, F|
|poke|p1|Zapdos|
|poke|p2|Gyarados, M|
|poke|p2|Toxtricity, F|
|poke|p2|Sinistcha-Masterpiece|
|poke|p2|Polteageist-Antique|
|poke|p2|Typhlosion-Hisui, M|
|poke|p2|Regidrago|
|teampreview
|inactive|Battle timer is ON: inactive players will automatically lose when time's up. (requested by Stingrei)
|
|t:|1758346194
|teamsize|p1|6
|teamsize|p2|6
|start
|switch|p1a: Pelipper|Pelipper, F|100/100
|switch|p2a: Toxtricity|Toxtricity, F, shiny|100/100
|-weather|RainDance|[from] ability: Drizzle|[of] p1a: Pelipper
|turn|1
|
|t:|1758346206
|switch|p1a: Iron Treads|Iron Treads|100/100
|move|p2a: Toxtricity|Overdrive|p1a: Iron Treads
|-immune|p1a: Iron Treads
|
|-weather|RainDance|[upkeep]
|upkeep
|turn|2
|
|t:|1758346220
|switch|p2a: Gyarados|Gyarados, M, shiny|100/100
|-ability|p2a: Gyarados|Intimidate|boost
|-unboost|p1a: Iron Treads|atk|1
|move|p1a: Iron Treads|Earthquake|p2a: Gyarados
|-immune|p2a: Gyarados
|
|-weather|RainDance|[upkeep]
|upkeep
|turn|3
|
|t:|1758346232
|move|p2a: Gyarados|Dragon Dance|p2a: Gyarados
|-boost|p2a: Gyarados|atk|1
|-boost|p2a: Gyarados|spe|1
|move|p1a: Iron Treads|Volt Switch|p2a: Gyarados
|-supereffective|p2a: Gyarados
|-damage|p2a: Gyarados|52/100
|
|t:|1758346248
|-end|p1a: Iron Treads|Quark Drive|[silent]
|switch|p1a: Barraskewda|Barraskewda, F|100/100|[from] Volt Switch
|
|-weather|RainDance|[upkeep]
|-heal|p2a: Gyarados|58/100|[from] item: Leftovers
|upkeep
|turn|4
|inactive|XIXINANA has 120 seconds left.
|
|t:|1758346280
|move|p1a: Barraskewda|Liquidation|p2a: Gyarados
|-resisted|p2a: Gyarados
|-damage|p2a: Gyarados|0 fnt
|faint|p2a: Gyarados
|
|-weather|RainDance|[upkeep]
|upkeep
|inactive|XIXINANA has 120 seconds left.
|
|t:|1758346285
|switch|p2a: Regidrago|Regidrago|100/100
|turn|5
|
|t:|1758346298
|switch|p1a: Hatterene|Hatterene, F|100/100
|move|p2a: Regidrago|Draco Meteor|p1a: Hatterene
|-immune|p1a: Hatterene
|
|-weather|RainDance|[upkeep]
|upkeep
|turn|6
|
|t:|1758346309
|switch|p2a: Sinistcha|Sinistcha-Masterpiece|100/100
|move|p1a: Hatterene|Nuzzle|p2a: Sinistcha
|-resisted|p2a: Sinistcha
|-damage|p2a: Sinistcha|98/100
|-status|p2a: Sinistcha|par
|
|-weather|RainDance|[upkeep]
|-heal|p2a: Sinistcha|100/100 par|[from] item: Leftovers
|upkeep
|turn|7
|inactive|Stingrei has 120 seconds left.
|
|t:|1758346348
|switch|p1a: Toxicroak|Toxicroak, F|100/100
|move|p2a: Sinistcha|Shadow Ball|p1a: Toxicroak
|-damage|p1a: Toxicroak|40/100
|
|-weather|RainDance|[upkeep]
|-heal|p1a: Toxicroak|53/100|[from] ability: Dry Skin
|upkeep
|turn|8
|inactive|Stingrei has 120 seconds left.
|inactive|XIXINANA has 120 seconds left.
|
|t:|1758346383
|move|p1a: Toxicroak|Knock Off|p2a: Sinistcha
|-supereffective|p2a: Sinistcha
|-damage|p2a: Sinistcha|53/100 par
|-enditem|p2a: Sinistcha|Leftovers|[from] move: Knock Off|[of] p1a: Toxicroak
|cant|p2a: Sinistcha|par
|
|-weather|none
|upkeep
|turn|9
|inactive|Stingrei has 120 seconds left.
|
|t:|1758346395
|switch|p1a: Pelipper|Pelipper, F|100/100
|-weather|RainDance|[from] ability: Drizzle|[of] p1a: Pelipper
|move|p2a: Sinistcha|Shadow Ball|p1a: Pelipper
|-damage|p1a: Pelipper|61/100
|
|-weather|RainDance|[upkeep]
|upkeep
|turn|10
|inactive|Stingrei has 120 seconds left.
|inactive|XIXINANA has 120 seconds left.
|
|t:|1758346419
|move|p1a: Pelipper|Hurricane|p2a: Sinistcha
|-supereffective|p2a: Sinistcha
|-damage|p2a: Sinistcha|0 fnt
|faint|p2a: Sinistcha
|
|-weather|RainDance|[upkeep]
|upkeep
|inactive|XIXINANA has 120 seconds left.
|
|t:|1758346431
|switch|p2a: Toxtricity|Toxtricity, F, shiny|100/100
|turn|11
|inactive|XIXINANA has 120 seconds left.
|inactive|Stingrei has 120 seconds left.
|
|t:|1758346446
|switch|p1a: Iron Treads|Iron Treads|100/100
|move|p2a: Toxtricity|Shift Gear|p2a: Toxtricity
|-boost|p2a: Toxtricity|spe|2
|-boost|p2a: Toxtricity|atk|1
|
|-weather|RainDance|[upkeep]
|upkeep
|turn|12
|inactive|XIXINANA has 120 seconds left.
|
|t:|1758346471
|-terastallize|p2a: Toxtricity|Normal
|move|p2a: Toxtricity|Boomburst|p1a: Iron Treads
|-resisted|p1a: Iron Treads
|-damage|p1a: Iron Treads|50/100
|-damage|p2a: Toxtricity|91/100|[from] item: Life Orb
|move|p1a: Iron Treads|Earthquake|p2a: Toxtricity
|-damage|p2a: Toxtricity|22/100
|
|-weather|RainDance|[upkeep]
|-heal|p1a: Iron Treads|56/100|[from] item: Leftovers
|upkeep
|turn|13
|inactive|Stingrei has 120 seconds left.
|
|t:|1758346486
|move|p2a: Toxtricity|Boomburst|p1a: Iron Treads
|-resisted|p1a: Iron Treads
|-damage|p1a: Iron Treads|9/100
|-damage|p2a: Toxtricity|12/100|[from] item: Life Orb
|move|p1a: Iron Treads|Earthquake|p2a: Toxtricity
|-damage|p2a: Toxtricity|0 fnt
|faint|p2a: Toxtricity
|
|-weather|RainDance|[upkeep]
|-heal|p1a: Iron Treads|15/100|[from] item: Leftovers
|upkeep
|-message|XIXINANA forfeited.
|
|win|Stingrei
|raw|Stingrei's rating: 1220 &rarr; <strong>1249</strong><br />(+29 for winning)
|raw|XIXINANA's rating: 1280 &rarr; <strong>1251</strong><br />(-29 for losing)
|l|‽XIXINANA
|player|p2|
|c|☆Stingrei|ggs
|l|☆Stingrei
|player|p1|
