|j|☆randomx6
|j|☆reginam
|t:|1758342722
|gametype|singles
|player|p1|randomx6|lucas|1127
|player|p2|reginam|266|1074
|gen|9
|tier|[Gen 9] OU
|rated|
|rule|HP Percentage Mod: HP is shown in percentages
|rule|Endless Battle Clause: Forcing endless battles is banned
|rule|Species Clause: Limit one of each Pokémon
|rule|OHKO Clause: OHKO moves are banned
|rule|Evasion Items Clause: Evasion items are banned
|rule|Evasion Moves Clause: Evasion moves are banned
|rule|Evasion Abilities Clause: Evasion abilities are banned
|rule|Sleep Moves Clause: Sleep-inducing moves are banned
|clearpoke
|poke|p1|Dedenne, M|
|poke|p1|Electivire, M|
|poke|p1|Iron Crown|
|poke|p1|Iron Thorns|
|poke|p1|Hippowdon, F|
|poke|p1|Honchkrow, F|
|poke|p2|Torkoal, M|
|poke|p2|Hatterene, F|
|poke|p2|Venusaur, F|
|poke|p2|Walking Wake|
|poke|p2|Lilligant-Hisui, F|
|poke|p2|Arcanine-Hisui, F|
|teampreview
|
|t:|1758342749
|teamsize|p1|6
|teamsize|p2|6
|start
|switch|p1a: Electivire|Electivire, M|100/100
|switch|p2a: Torkoal|Torkoal, M|100/100
|-weather|SunnyDay|[from] ability: Drought|[of] p2a: Torkoal
|turn|1
|
|t:|1758342759
|move|p1a: Electivire|Knock Off|p2a: Torkoal
|-damage|p2a: Torkoal|82/100
|-enditem|p2a: Torkoal|Heat Rock|[from] move: Knock Off|[of] p1a: Electivire
|move|p2a: Torkoal|Lava Plume|p1a: Electivire
|-damage|p1a: Electivire|57/100
|
|-weather|SunnyDay|[upkeep]
|upkeep
|turn|2
|
|t:|1758342773
|move|p1a: Electivire|Light Screen|p1a: Electivire
|-sidestart|p1: randomx6|move: Light Screen
|move|p2a: Torkoal|Stealth Rock|p1a: Electivire
|-sidestart|p1: randomx6|move: Stealth Rock
|
|-weather|SunnyDay|[upkeep]
|upkeep
|turn|3
|
|t:|1758342777
|move|p1a: Electivire|Reflect|p1a: Electivire
|-sidestart|p1: randomx6|Reflect
|move|p2a: Torkoal|Will-O-Wisp|p1a: Electivire|[miss]
|-miss|p2a: Torkoal|p1a: Electivire
|
|-weather|SunnyDay|[upkeep]
|upkeep
|turn|4
|
|t:|1758342797
|switch|p1a: Iron Crown|Iron Crown|100/100
|-damage|p1a: Iron Crown|94/100|[from] Stealth Rock
|move|p2a: Torkoal|Will-O-Wisp|p1a: Iron Crown
|-status|p1a: Iron Crown|brn
|
|-weather|SunnyDay|[upkeep]
|-damage|p1a: Iron Crown|88/100 brn|[from] brn
|upkeep
|turn|5
|
|t:|1758342817
|move|p1a: Iron Crown|Calm Mind|p1a: Iron Crown
|-boost|p1a: Iron Crown|spa|1
|-boost|p1a: Iron Crown|spd|1
|move|p2a: Torkoal|Lava Plume|p1a: Iron Crown
|-supereffective|p1a: Iron Crown
|-damage|p1a: Iron Crown|65/100 brn
|-enditem|p1a: Iron Crown|Weakness Policy
|-boost|p1a: Iron Crown|atk|2|[from] item: Weakness Policy
|-boost|p1a: Iron Crown|spa|2|[from] item: Weakness Policy
|
|-weather|SunnyDay|[upkeep]
|-damage|p1a: Iron Crown|58/100 brn|[from] brn
|upkeep
|turn|6
|
|t:|1758342839
|switch|p2a: Hatterene|Hatterene, F|100/100
|move|p1a: Iron Crown|Agility|p1a: Iron Crown
|-boost|p1a: Iron Crown|spe|2
|
|-weather|SunnyDay|[upkeep]
|-damage|p1a: Iron Crown|52/100 brn|[from] brn
|upkeep
|turn|7
|
|t:|1758342851
|move|p1a: Iron Crown|Tachyon Cutter|p2a: Hatterene
|-supereffective|p2a: Hatterene
|-damage|p2a: Hatterene|0 fnt
|faint|p2a: Hatterene
|-hitcount|p2: Hatterene|1
|
|-weather|SunnyDay|[upkeep]
|-damage|p1a: Iron Crown|46/100 brn|[from] brn
|upkeep
|
|t:|1758342876
|switch|p2a: Venusaur|Venusaur, F|100/100
|turn|8
|
|t:|1758342883
|move|p1a: Iron Crown|Stored Power|p2a: Venusaur
|-supereffective|p2a: Venusaur
|-damage|p2a: Venusaur|0 fnt
|faint|p2a: Venusaur
|
|-weather|none
|-damage|p1a: Iron Crown|40/100 brn|[from] brn
|upkeep
|
|t:|1758342889
|switch|p2a: Torkoal|Torkoal, M|82/100
|-weather|SunnyDay|[from] ability: Drought|[of] p2a: Torkoal
|turn|9
|
|t:|1758342895
|move|p1a: Iron Crown|Stored Power|p2a: Torkoal
|-damage|p2a: Torkoal|0 fnt
|faint|p2a: Torkoal
|
|-weather|SunnyDay|[upkeep]
|-damage|p1a: Iron Crown|34/100 brn|[from] brn
|-sideend|p1: randomx6|move: Light Screen
|upkeep
|
|t:|1758342908
|switch|p2a: Lilligant|Lilligant-Hisui, F|100/100
|turn|10
|
|t:|1758342912
|move|p2a: Lilligant|Close Combat|p1a: Iron Crown
|-damage|p1a: Iron Crown|4/100 brn
|-unboost|p2a: Lilligant|def|1
|-unboost|p2a: Lilligant|spd|1
|move|p1a: Iron Crown|Stored Power|p2a: Lilligant
|-supereffective|p2a: Lilligant
|-damage|p2a: Lilligant|0 fnt
|faint|p2a: Lilligant
|
|-weather|SunnyDay|[upkeep]
|-damage|p1a: Iron Crown|0 fnt|[from] brn
|faint|p1a: Iron Crown
|-end|p1a: Iron Crown|Quark Drive|[silent]
|-sideend|p1: randomx6|Reflect
|upkeep
|
|t:|1758342926
|switch|p2a: Walking Wake|Walking Wake|100/100
|switch|p1a: Electivire|Electivire, M|57/100
|-damage|p1a: Electivire|44/100|[from] Stealth Rock
|-activate|p2a: Walking Wake|ability: Protosynthesis
|-start|p2a: Walking Wake|protosynthesisspa
|turn|11
|
|t:|1758342940
|move|p2a: Walking Wake|Substitute|p2a: Walking Wake
|-start|p2a: Walking Wake|Substitute
|-damage|p2a: Walking Wake|76/100
|move|p1a: Electivire|Light Screen|p1a: Electivire
|-sidestart|p1: randomx6|move: Light Screen
|
|-weather|SunnyDay|[upkeep]
|-heal|p2a: Walking Wake|82/100|[from] item: Leftovers
|upkeep
|turn|12
|
|t:|1758342946
|move|p2a: Walking Wake|Hydro Steam|p1a: Electivire
|-damage|p1a: Electivire|4/100
|move|p1a: Electivire|Trailblaze|p2a: Walking Wake
|-activate|p2a: Walking Wake|move: Substitute|[damage]
|-boost|p1a: Electivire|spe|1
|
|-weather|SunnyDay|[upkeep]
|-heal|p2a: Walking Wake|88/100|[from] item: Leftovers
|upkeep
|turn|13
|
|t:|1758342962
|move|p1a: Electivire|Knock Off|p2a: Walking Wake
|-end|p2a: Walking Wake|Substitute
|move|p2a: Walking Wake|Hydro Steam|p1a: Electivire
|-damage|p1a: Electivire|0 fnt
|faint|p1a: Electivire
|
|-weather|none
|-end|p2a: Walking Wake|Protosynthesis
|-heal|p2a: Walking Wake|94/100|[from] item: Leftovers
|upkeep
|
|t:|1758342994
|switch|p1a: Iron Thorns|Iron Thorns|100/100
|-damage|p1a: Iron Thorns|88/100|[from] Stealth Rock
|-item|p1a: Iron Thorns|Air Balloon
|turn|14
|
|t:|1758343002
|move|p2a: Walking Wake|Substitute|p2a: Walking Wake
|-start|p2a: Walking Wake|Substitute
|-damage|p2a: Walking Wake|70/100
|move|p1a: Iron Thorns|Dragon Dance|p1a: Iron Thorns
|-boost|p1a: Iron Thorns|atk|1
|-boost|p1a: Iron Thorns|spe|1
|
|-heal|p2a: Walking Wake|76/100|[from] item: Leftovers
|upkeep
|turn|15
|
|t:|1758343011
|move|p1a: Iron Thorns|Earthquake|p2a: Walking Wake
|-end|p2a: Walking Wake|Substitute
|move|p2a: Walking Wake|Hydro Steam|p1a: Iron Thorns
|-supereffective|p1a: Iron Thorns
|-damage|p1a: Iron Thorns|39/100
|-enditem|p1a: Iron Thorns|Air Balloon
|
|-heal|p2a: Walking Wake|82/100|[from] item: Leftovers
|upkeep
|turn|16
|
|t:|1758343024
|move|p1a: Iron Thorns|Stone Edge|p2a: Walking Wake
|-crit|p2a: Walking Wake
|-damage|p2a: Walking Wake|0 fnt
|faint|p2a: Walking Wake
|-end|p2a: Walking Wake|Protosynthesis|[silent]
|
|upkeep
|-message|reginam forfeited.
|
|win|randomx6
|raw|randomx6's rating: 1127 &rarr; <strong>1148</strong><br />(+21 for winning)
|raw|reginam's rating: 1074 &rarr; <strong>1056</strong><br />(-18 for losing)
|l|☆reginam
|player|p2|
