|j|☆hydromissfocushit
|j|☆PossiblyJay
|t:|1758243232
|gametype|singles
|player|p1|hydromissfocushit|102|1253
|player|p2|PossiblyJay|170|1197
|gen|9
|tier|[Gen 9] OU
|rated|
|rule|HP Percentage Mod: HP is shown in percentages
|rule|Endless Battle Clause: Forcing endless battles is banned
|rule|Species Clause: Limit one of each Pokémon
|rule|OHKO Clause: OHKO moves are banned
|rule|Evasion Items Clause: Evasion items are banned
|rule|Evasion Moves Clause: Evasion moves are banned
|rule|Evasion Abilities Clause: Evasion abilities are banned
|rule|Sleep Moves Clause: Sleep-inducing moves are banned
|clearpoke
|poke|p1|Magnezone|
|poke|p1|Enamorus, F|
|poke|p1|Rotom-Wash|
|poke|p1|Quaquaval, M|
|poke|p1|Moltres|
|poke|p1|Garchomp, M|
|poke|p2|Samurott, M|
|poke|p2|Garganacl, F|
|poke|p2|Oricorio, F|
|poke|p2|Ampharos, F|
|poke|p2|Lokix, F|
|poke|p2|Gallade, M|
|teampreview
|inactive|Battle timer is ON: inactive players will automatically lose when time's up. (requested by PossiblyJay)
|
|t:|1758243241
|teamsize|p1|6
|teamsize|p2|6
|start
|switch|p1a: Quaquaval|Quaquaval, M|100/100
|switch|p2a: solaire|Gallade, M, shiny|100/100
|turn|1
|
|t:|1758243248
|switch|p1a: Garchomp|Garchomp, M|100/100
|move|p2a: solaire|Bulk Up|p2a: solaire
|-boost|p2a: solaire|atk|1
|-boost|p2a: solaire|def|1
|
|upkeep
|turn|2
|
|t:|1758243253
|move|p2a: solaire|Bulk Up|p2a: solaire
|-boost|p2a: solaire|atk|1
|-boost|p2a: solaire|def|1
|move|p1a: Garchomp|Dragon Tail|p2a: solaire
|-damage|p2a: solaire|76/100
|drag|p2a: samurai jack|Samurott, M, shiny|100/100
|
|upkeep
|turn|3
|
|t:|1758243262
|move|p2a: samurai jack|Ice Beam|p1a: Garchomp
|-supereffective|p1a: Garchomp
|-damage|p1a: Garchomp|0 fnt
|faint|p1a: Garchomp
|-damage|p2a: samurai jack|91/100|[from] item: Life Orb
|
|upkeep
|
|t:|1758243266
|switch|p1a: Quaquaval|Quaquaval, M|100/100
|turn|4
|
|t:|1758243272
|move|p1a: Quaquaval|Aqua Step|p2a: samurai jack
|-resisted|p2a: samurai jack
|-damage|p2a: samurai jack|65/100
|-boost|p1a: Quaquaval|spe|1
|move|p2a: samurai jack|Grass Knot|p1a: Quaquaval
|-supereffective|p1a: Quaquaval
|-damage|p1a: Quaquaval|40/100
|-damage|p2a: samurai jack|55/100|[from] item: Life Orb
|
|upkeep
|turn|5
|
|t:|1758243284
|move|p1a: Quaquaval|Close Combat|p2a: samurai jack
|-damage|p2a: samurai jack|0 fnt
|-unboost|p1a: Quaquaval|def|1
|-unboost|p1a: Quaquaval|spd|1
|faint|p2a: samurai jack
|-ability|p1a: Quaquaval|Moxie|boost
|-boost|p1a: Quaquaval|atk|1
|
|upkeep
|
|t:|1758243287
|switch|p2a: shade|Lokix, F|100/100
|turn|6
|
|t:|1758243291
|switch|p1a: Moltres|Moltres|100/100
|move|p2a: shade|First Impression|p1a: Moltres
|-resisted|p1a: Moltres
|-damage|p1a: Moltres|85/100
|
|upkeep
|turn|7
|
|t:|1758243299
|switch|p2a: rockelle|Garganacl, F, shiny|100/100
|move|p1a: Moltres|U-turn|p2a: rockelle
|-damage|p2a: rockelle|90/100
|-damage|p1a: Moltres|69/100|[from] item: Rocky Helmet|[of] p2a: rockelle
|
|t:|1758243307
|switch|p1a: Rotom|Rotom-Wash|100/100|[from] U-turn
|
|upkeep
|turn|8
|
|t:|1758243315
|-terastallize|p2a: rockelle|Steel
|move|p1a: Rotom|Hydro Pump|p2a: rockelle
|-damage|p2a: rockelle|56/100
|move|p2a: rockelle|Salt Cure|p1a: Rotom
|-damage|p1a: Rotom|87/100
|-start|p1a: Rotom|Salt Cure
|
|-heal|p1a: Rotom|93/100|[from] item: Leftovers
|-damage|p1a: Rotom|68/100|[from] Salt Cure
|upkeep
|turn|9
|inactive|hydromissfocushit has 120 seconds left.
|inactive|hydromissfocushit has 90 seconds left.
|inactive|hydromissfocushit has 60 seconds left.
|inactive|hydromissfocushit has 30 seconds left.
|inactive|hydromissfocushit has 20 seconds left.
|inactive|hydromissfocushit has 15 seconds left.
|inactive|hydromissfocushit has 10 seconds left.
|inactive|hydromissfocushit has 5 seconds left.
|-message|hydromissfocushit lost due to inactivity.
|
|win|PossiblyJay
|raw|hydromissfocushit's rating: 1253 &rarr; <strong>1224</strong><br />(-29 for losing)
|raw|PossiblyJay's rating: 1197 &rarr; <strong>1226</strong><br />(+29 for winning)
|l|☆PossiblyJay
|player|p2|
|l|☆hydromissfocushit
|player|p1|
