|j|☆expsnake
|j|☆maatmatos
|t:|1758237437
|gametype|singles
|player|p1|expsnake|boarder|1458
|player|p2|maatmatos|unknown|1502
|gen|9
|tier|[Gen 9] OU
|rated|
|rule|HP Percentage Mod: HP is shown in percentages
|rule|Endless Battle Clause: Forcing endless battles is banned
|rule|Species Clause: Limit one of each Pokémon
|rule|OHKO Clause: OHKO moves are banned
|rule|Evasion Items Clause: Evasion items are banned
|rule|Evasion Moves Clause: Evasion moves are banned
|rule|Evasion Abilities Clause: Evasion abilities are banned
|rule|Sleep Moves Clause: Sleep-inducing moves are banned
|clearpoke
|poke|p1|Pelipper, F|
|poke|p1|Pincurchin, M|
|poke|p1|Iron Jugulis|
|poke|p1|Iron Treads|
|poke|p1|Raging Bolt|
|poke|p1|Barraskewda, F|
|poke|p2|Manaphy|
|poke|p2|Jirachi|
|poke|p2|Corviknight, M|
|poke|p2|Grimmsnarl, M|
|poke|p2|Ursaluna, F|
|poke|p2|Dragapult, M|
|teampreview
|inactive|Battle timer is ON: inactive players will automatically lose when time's up. (requested by expsnake)
|
|t:|1758237453
|teamsize|p1|6
|teamsize|p2|6
|start
|switch|p1a: Pelipper|Pelipper, F|100/100
|switch|p2a: Dragapult|Dragapult, M|100/100
|-weather|RainDance|[from] ability: Drizzle|[of] p1a: Pelipper
|turn|1
|
|t:|1758237463
|switch|p1a: Pincurchin|Pincurchin, M|100/100
|-fieldstart|move: Electric Terrain|[from] ability: Electric Surge|[of] p1a: Pincurchin
|move|p2a: Dragapult|Dragon Pulse|p1a: Pincurchin
|-damage|p1a: Pincurchin|32/100
|
|-weather|RainDance|[upkeep]
|upkeep
|turn|2
|inactive|expsnake has 120 seconds left.
|
|t:|1758237505
|move|p2a: Dragapult|Dragon Pulse|p1a: Pincurchin
|-damage|p1a: Pincurchin|0 fnt
|faint|p1a: Pincurchin
|
|-weather|RainDance|[upkeep]
|upkeep
|
|t:|1758237506
|switch|p1a: Iron Jugulis|Iron Jugulis|100/100
|-activate|p1a: Iron Jugulis|ability: Quark Drive
|-start|p1a: Iron Jugulis|quarkdrivespe
|turn|3
|inactive|expsnake has 120 seconds left.
|
|t:|1758237525
|switch|p2a: Grimmsnarl|Grimmsnarl, M|100/100
|move|p1a: Iron Jugulis|Hurricane|p2a: Grimmsnarl
|-damage|p2a: Grimmsnarl|36/100
|-start|p2a: Grimmsnarl|confusion
|
|-weather|RainDance|[upkeep]
|upkeep
|turn|4
|
|t:|1758237532
|-activate|p2a: Grimmsnarl|confusion
|move|p2a: Grimmsnarl|Light Screen|p2a: Grimmsnarl
|-sidestart|p2: maatmatos|move: Light Screen
|move|p1a: Iron Jugulis|Hurricane|p2a: Grimmsnarl
|-damage|p2a: Grimmsnarl|7/100
|
|-weather|RainDance|[upkeep]
|upkeep
|turn|5
|
|t:|1758237537
|-activate|p2a: Grimmsnarl|confusion
|move|p2a: Grimmsnarl|Reflect|p2a: Grimmsnarl
|-sidestart|p2: maatmatos|Reflect
|move|p1a: Iron Jugulis|Hurricane|p2a: Grimmsnarl
|-damage|p2a: Grimmsnarl|0 fnt
|faint|p2a: Grimmsnarl
|
|-weather|RainDance|[upkeep]
|upkeep
|inactive|maatmatos has 120 seconds left.
|
|t:|1758237569
|switch|p2a: Manaphy|Manaphy|100/100
|turn|6
|
|t:|1758237575
|move|p1a: Iron Jugulis|Hurricane|p2a: Manaphy
|-damage|p2a: Manaphy|59/100
|-start|p2a: Manaphy|confusion
|-activate|p2a: Manaphy|confusion
|move|p2a: Manaphy|Tail Glow|p2a: Manaphy
|-boost|p2a: Manaphy|spa|3
|
|-weather|RainDance|[upkeep]
|-heal|p2a: Manaphy|65/100|[from] item: Leftovers
|upkeep
|turn|7
|
|t:|1758237584
|move|p1a: Iron Jugulis|Hurricane|p2a: Manaphy
|-damage|p2a: Manaphy|26/100
|-activate|p2a: Manaphy|confusion
|move|p2a: Manaphy|Ice Beam|p1a: Iron Jugulis
|-supereffective|p1a: Iron Jugulis
|-damage|p1a: Iron Jugulis|0 fnt
|faint|p1a: Iron Jugulis
|-end|p1a: Iron Jugulis|Quark Drive|[silent]
|
|-weather|RainDance|[upkeep]
|-heal|p2a: Manaphy|32/100|[from] item: Leftovers
|upkeep
|
|t:|1758237595
|switch|p1a: Iron Treads|Iron Treads|100/100
|-activate|p1a: Iron Treads|ability: Quark Drive
|-start|p1a: Iron Treads|quarkdrivespe
|turn|8
|
|t:|1758237599
|move|p1a: Iron Treads|Thunder|p2a: Manaphy
|-supereffective|p2a: Manaphy
|-damage|p2a: Manaphy|0 fnt
|faint|p2a: Manaphy
|
|-weather|none
|-fieldend|move: Electric Terrain
|-end|p1a: Iron Treads|Quark Drive
|upkeep
|
|t:|1758237624
|switch|p2a: Dragapult|Dragapult, M|100/100
|turn|9
|
|t:|1758237627
|-end|p1a: Iron Treads|Quark Drive|[silent]
|switch|p1a: Pelipper|Pelipper, F|100/100
|-weather|RainDance|[from] ability: Drizzle|[of] p1a: Pelipper
|move|p2a: Dragapult|Shadow Ball|p1a: Pelipper
|-damage|p1a: Pelipper|34/100
|-unboost|p1a: Pelipper|spd|1
|
|-weather|RainDance|[upkeep]
|upkeep
|turn|10
|
|t:|1758237639
|move|p2a: Dragapult|Shadow Ball|p1a: Pelipper
|-damage|p1a: Pelipper|0 fnt
|faint|p1a: Pelipper
|
|-weather|RainDance|[upkeep]
|upkeep
|
|t:|1758237651
|switch|p1a: Raging Bolt|Raging Bolt|100/100
|-enditem|p1a: Raging Bolt|Booster Energy
|-activate|p1a: Raging Bolt|ability: Protosynthesis|[fromitem]
|-start|p1a: Raging Bolt|protosynthesisspa
|turn|11
|
|t:|1758237673
|move|p2a: Dragapult|Shadow Ball|p1a: Raging Bolt
|-damage|p1a: Raging Bolt|56/100
|move|p1a: Raging Bolt|Dragon Pulse|p2a: Dragapult
|-supereffective|p2a: Dragapult
|-damage|p2a: Dragapult|13/100
|
|-weather|RainDance|[upkeep]
|-sideend|p2: maatmatos|move: Light Screen
|upkeep
|turn|12
|
|t:|1758237683
|move|p1a: Raging Bolt|Thunderclap|p2a: Dragapult
|-resisted|p2a: Dragapult
|-damage|p2a: Dragapult|0 fnt
|faint|p2a: Dragapult
|
|-weather|RainDance|[upkeep]
|-sideend|p2: maatmatos|Reflect
|upkeep
|
|t:|1758237688
|switch|p2a: Ursaluna|Ursaluna, F|100/100
|turn|13
|inactive|maatmatos has 120 seconds left.
|
|t:|1758237728
|move|p1a: Raging Bolt|Weather Ball|p2a: Ursaluna
|-supereffective|p2a: Ursaluna
|-damage|p2a: Ursaluna|0 fnt
|faint|p2a: Ursaluna
|
|-weather|RainDance|[upkeep]
|upkeep
|
|t:|1758237738
|switch|p2a: Jirachi|Jirachi|100/100
|turn|14
|
|t:|1758237757
|-end|p1a: Raging Bolt|Protosynthesis|[silent]
|switch|p1a: Barraskewda|Barraskewda, F|100/100
|move|p2a: Jirachi|Iron Head|p1a: Barraskewda
|-resisted|p1a: Barraskewda
|-damage|p1a: Barraskewda|65/100
|
|-weather|RainDance|[upkeep]
|upkeep
|turn|15
|
|t:|1758237763
|switch|p2a: Corviknight|Corviknight, M|100/100
|-terastallize|p1a: Barraskewda|Water
|move|p1a: Barraskewda|Liquidation|p2a: Corviknight
|-damage|p2a: Corviknight|23/100
|-damage|p1a: Barraskewda|48/100|[from] item: Rocky Helmet|[of] p2a: Corviknight
|
|-weather|RainDance|[upkeep]
|upkeep
|turn|16
|
|t:|1758237772
|move|p1a: Barraskewda|Liquidation|p2a: Corviknight
|-damage|p2a: Corviknight|0 fnt
|-damage|p1a: Barraskewda|32/100|[from] item: Rocky Helmet|[of] p2a: Corviknight
|faint|p2a: Corviknight
|
|-weather|none
|upkeep
|
|t:|1758237777
|switch|p2a: Jirachi|Jirachi|100/100
|turn|17
|
|t:|1758237780
|move|p2a: Jirachi|Iron Head|p1a: Barraskewda
|-resisted|p1a: Barraskewda
|-damage|p1a: Barraskewda|0 fnt
|faint|p1a: Barraskewda
|
|upkeep
|
|t:|1758237788
|switch|p1a: Iron Treads|Iron Treads|100/100
|turn|18
|
|t:|1758237792
|move|p2a: Jirachi|Iron Head|p1a: Iron Treads
|-resisted|p1a: Iron Treads
|-damage|p1a: Iron Treads|84/100
|-enditem|p1a: Iron Treads|Eject Button
|
|t:|1758237794
|-end|p1a: Iron Treads|Quark Drive|[silent]
|switch|p1a: Raging Bolt|Raging Bolt|56/100
|
|upkeep
|turn|19
|
|t:|1758237799
|-end|p1a: Raging Bolt|Protosynthesis|[silent]
|switch|p1a: Iron Treads|Iron Treads|84/100
|move|p2a: Jirachi|Iron Head|p1a: Iron Treads
|-resisted|p1a: Iron Treads
|-damage|p1a: Iron Treads|70/100
|
|upkeep
|turn|20
|
|t:|1758237809
|move|p2a: Jirachi|Iron Head|p1a: Iron Treads
|-resisted|p1a: Iron Treads
|-damage|p1a: Iron Treads|53/100
|move|p1a: Iron Treads|Earth Power|p2a: Jirachi
|-supereffective|p2a: Jirachi
|-damage|p2a: Jirachi|38/100
|
|upkeep
|turn|21
|
|t:|1758237815
|move|p2a: Jirachi|Iron Head|p1a: Iron Treads
|-resisted|p1a: Iron Treads
|-damage|p1a: Iron Treads|37/100
|move|p1a: Iron Treads|Earth Power|p2a: Jirachi
|-supereffective|p2a: Jirachi
|-damage|p2a: Jirachi|0 fnt
|faint|p2a: Jirachi
|
|win|expsnake
|raw|expsnake's rating: 1458 &rarr; <strong>1481</strong><br />(+23 for winning)
|raw|maatmatos's rating: 1502 &rarr; <strong>1479</strong><br />(-23 for losing)
|l|☆maatmatos
|player|p2|
