|j|☆magical leaves
|j|☆im on a car
|t:|1758358642
|gametype|singles
|player|p1|magical leaves|aromalady|1159
|player|p2|im on a car|boarder|1224
|gen|9
|tier|[Gen 9] OU
|rated|
|rule|HP Percentage Mod: HP is shown in percentages
|rule|Endless Battle Clause: Forcing endless battles is banned
|rule|Species Clause: Limit one of each Pokémon
|rule|OHKO Clause: OHKO moves are banned
|rule|Evasion Items Clause: Evasion items are banned
|rule|Evasion Moves Clause: Evasion moves are banned
|rule|Evasion Abilities Clause: Evasion abilities are banned
|rule|Sleep Moves Clause: Sleep-inducing moves are banned
|clearpoke
|poke|p1|Iron Crown|
|poke|p1|Grimmsnarl, M|
|poke|p1|Kyurem|
|poke|p1|Great Tusk|
|poke|p1|Grafaiai, F|
|poke|p1|Lilligant-Hisui, F|
|poke|p2|Darkrai|
|poke|p2|Ogerpon-Wellspring, F|
|poke|p2|Great Tusk|
|poke|p2|Gholdengo|
|poke|p2|Cinderace, M|
|poke|p2|Deoxys-Speed|
|teampreview
|inactive|Battle timer is ON: inactive players will automatically lose when time's up. (requested by im on a car)
|
|t:|1758358649
|teamsize|p1|6
|teamsize|p2|6
|start
|switch|p1a: hambo|Grimmsnarl, M, shiny|100/100
|switch|p2a: Deoxys|Deoxys-Speed|100/100
|-ability|p2a: Deoxys|Pressure
|turn|1
|
|t:|1758358659
|move|p1a: hambo|Light Screen|p1a: hambo
|-sidestart|p1: magical leaves|move: Light Screen
|move|p2a: Deoxys|Stealth Rock|p1a: hambo
|-sidestart|p1: magical leaves|move: Stealth Rock
|
|upkeep
|turn|2
|
|t:|1758358668
|move|p1a: hambo|Reflect|p1a: hambo
|-sidestart|p1: magical leaves|Reflect
|move|p2a: Deoxys|Spikes|p1a: hambo
|-sidestart|p1: magical leaves|Spikes
|
|upkeep
|turn|3
|
|t:|1758358672
|move|p1a: hambo|Parting Shot|p2a: Deoxys
|-unboost|p2a: Deoxys|atk|1
|-unboost|p2a: Deoxys|spa|1
|
|t:|1758358676
|switch|p1a: crush|Great Tusk|100/100|[from] Parting Shot
|move|p2a: Deoxys|Spikes|p1a: crush
|-sidestart|p1: magical leaves|Spikes
|
|upkeep
|turn|4
|
|t:|1758358690
|move|p2a: Deoxys|Psycho Boost|p1a: crush
|-supereffective|p1a: crush
|-damage|p1a: crush|51/100
|-unboost|p2a: Deoxys|spa|2
|move|p1a: crush|Ice Spinner|p2a: Deoxys
|-crit|p2a: Deoxys
|-damage|p2a: Deoxys|35/100
|
|upkeep
|turn|5
|
|t:|1758358699
|move|p2a: Deoxys|Psycho Boost|p1a: crush
|-supereffective|p1a: crush
|-damage|p1a: crush|20/100
|-unboost|p2a: Deoxys|spa|2
|move|p1a: crush|Rapid Spin|p2a: Deoxys
|-damage|p2a: Deoxys|4/100
|-boost|p1a: crush|spe|1
|-sideend|p1: magical leaves|Spikes|[from] move: Rapid Spin|[of] p1a: crush
|-sideend|p1: magical leaves|Stealth Rock|[from] move: Rapid Spin|[of] p1a: crush
|
|upkeep
|turn|6
|
|t:|1758358713
|move|p2a: Deoxys|Stealth Rock|p1a: crush
|-sidestart|p1: magical leaves|move: Stealth Rock
|move|p1a: crush|Rapid Spin|p2a: Deoxys
|-damage|p2a: Deoxys|0 fnt
|-boost|p1a: crush|spe|1
|-sideend|p1: magical leaves|Stealth Rock|[from] move: Rapid Spin|[of] p1a: crush
|faint|p2a: Deoxys
|
|upkeep
|inactive|im on a car has 120 seconds left.
|
|t:|1758358741
|switch|p2a: Ogerpon|Ogerpon-Wellspring, F|100/100
|turn|7
|
|t:|1758358758
|move|p1a: crush|Stealth Rock|p2a: Ogerpon
|-sidestart|p2: im on a car|move: Stealth Rock
|move|p2a: Ogerpon|Ivy Cudgel|p1a: crush|[anim] Ivy Cudgel Water
|-supereffective|p1a: crush
|-damage|p1a: crush|0 fnt
|faint|p1a: crush
|-end|p1a: crush|Protosynthesis|[silent]
|
|upkeep
|
|t:|1758358766
|switch|p1a: dennis schröder|Grafaiai, F|100/100
|turn|8
|
|t:|1758358782
|move|p1a: dennis schröder|Sunny Day|p1a: dennis schröder
|-weather|SunnyDay
|move|p2a: Ogerpon|Swords Dance|p2a: Ogerpon
|-boost|p2a: Ogerpon|atk|2
|
|-weather|SunnyDay|[upkeep]
|-sideend|p1: magical leaves|move: Light Screen
|upkeep
|turn|9
|
|t:|1758358789
|move|p2a: Ogerpon|Horn Leech|p1a: dennis schröder
|-resisted|p1a: dennis schröder
|-damage|p1a: dennis schröder|67/100
|move|p1a: dennis schröder|U-turn|p2a: Ogerpon
|-supereffective|p2a: Ogerpon
|-damage|p2a: Ogerpon|63/100
|
|t:|1758358796
|switch|p1a: atopos|Lilligant-Hisui, F|100/100|[from] U-turn
|
|-weather|SunnyDay|[upkeep]
|-sideend|p1: magical leaves|Reflect
|upkeep
|turn|10
|
|t:|1758358809
|move|p1a: atopos|Solar Blade||[still]
|-prepare|p1a: atopos|Solar Blade
|-anim|p1a: atopos|Solar Blade|p2a: Ogerpon
|-damage|p2a: Ogerpon|0 fnt
|faint|p2a: Ogerpon
|-damage|p1a: atopos|91/100|[from] item: Life Orb
|
|-weather|SunnyDay|[upkeep]
|upkeep
|
|t:|1758358817
|switch|p2a: Cinderace|Cinderace, M|100/100
|turn|11
|inactive|magical leaves has 120 seconds left.
|
|t:|1758358853
|-terastallize|p1a: atopos|Fire
|move|p1a: atopos|Tera Blast|p2a: Cinderace|[anim] Tera Blast Fire
|-resisted|p2a: Cinderace
|-damage|p2a: Cinderace|43/100
|-damage|p1a: atopos|81/100|[from] item: Life Orb
|move|p2a: Cinderace|Pyro Ball|p1a: atopos
|-resisted|p1a: atopos
|-damage|p1a: atopos|24/100
|
|-weather|SunnyDay|[upkeep]
|upkeep
|turn|12
|inactive|magical leaves has 120 seconds left.
|
|t:|1758358869
|move|p2a: Cinderace|Sucker Punch|p1a: atopos
|-start|p2a: Cinderace|typechange|Dark|[from] ability: Libero
|-damage|p1a: atopos|0 fnt
|faint|p1a: atopos
|
|-weather|SunnyDay|[upkeep]
|upkeep
|
|t:|1758358878
|switch|p1a: hambo|Grimmsnarl, M, shiny|100/100
|turn|13
|inactive|magical leaves has 120 seconds left.
|
|t:|1758358894
|move|p1a: hambo|Reflect|p1a: hambo
|-sidestart|p1: magical leaves|Reflect
|move|p2a: Cinderace|Court Change|p2a: Cinderace
|-swapsideconditions
|-activate|p2a: Cinderace|move: Court Change
|
|-weather|SunnyDay|[upkeep]
|upkeep
|turn|14
|
|t:|1758358905
|move|p1a: hambo|Reflect|p1a: hambo
|-sidestart|p1: magical leaves|Reflect
|move|p2a: Cinderace|Pyro Ball|p1a: hambo|[miss]
|-miss|p2a: Cinderace|p1a: hambo
|
|-weather|SunnyDay|[upkeep]
|upkeep
|turn|15
|
|t:|1758358913
|move|p1a: hambo|Light Screen|p1a: hambo
|-sidestart|p1: magical leaves|move: Light Screen
|move|p2a: Cinderace|Pyro Ball|p1a: hambo
|-damage|p1a: hambo|78/100
|
|-weather|none
|upkeep
|turn|16
|
|t:|1758358920
|move|p2a: Cinderace|Court Change|p2a: Cinderace
|-swapsideconditions
|-activate|p2a: Cinderace|move: Court Change
|move|p1a: hambo|Spirit Break|p2a: Cinderace
|-supereffective|p2a: Cinderace
|-damage|p2a: Cinderace|0 fnt
|faint|p2a: Cinderace
|
|upkeep
|
|t:|1758358929
|switch|p2a: Great Tusk|Great Tusk|100/100
|turn|17
|
|t:|1758358958
|move|p1a: hambo|Light Screen|p1a: hambo
|-sidestart|p1: magical leaves|move: Light Screen
|move|p2a: Great Tusk|Close Combat|p1a: hambo
|-damage|p1a: hambo|54/100
|-unboost|p2a: Great Tusk|def|1
|-unboost|p2a: Great Tusk|spd|1
|
|upkeep
|turn|18
|
|t:|1758358966
|move|p2a: Great Tusk|Close Combat|p1a: hambo
|-damage|p1a: hambo|27/100
|-unboost|p2a: Great Tusk|def|1
|-unboost|p2a: Great Tusk|spd|1
|move|p1a: hambo|Spirit Break|p2a: Great Tusk
|-supereffective|p2a: Great Tusk
|-damage|p2a: Great Tusk|53/100
|-unboost|p2a: Great Tusk|spa|1
|
|upkeep
|turn|19
|
|t:|1758358982
|move|p1a: hambo|Parting Shot|p2a: Great Tusk
|-unboost|p2a: Great Tusk|atk|1
|-unboost|p2a: Great Tusk|spa|1
|
|t:|1758358988
|switch|p1a: MCQUEEN|Iron Crown|100/100|[from] Parting Shot
|move|p2a: Great Tusk|Close Combat|p1a: MCQUEEN
|-damage|p1a: MCQUEEN|79/100
|-unboost|p2a: Great Tusk|def|1
|-unboost|p2a: Great Tusk|spd|1
|
|upkeep
|turn|20
|
|t:|1758358999
|-end|p2a: Great Tusk|Protosynthesis|[silent]
|switch|p2a: Gholdengo|Gholdengo|100/100
|-damage|p2a: Gholdengo|94/100|[from] Stealth Rock
|-item|p2a: Gholdengo|Air Balloon
|move|p1a: MCQUEEN|Agility|p1a: MCQUEEN
|-boost|p1a: MCQUEEN|spe|2
|
|-sideend|p1: magical leaves|Reflect
|upkeep
|turn|21
|
|t:|1758359010
|move|p1a: MCQUEEN|Calm Mind|p1a: MCQUEEN
|-boost|p1a: MCQUEEN|spa|1
|-boost|p1a: MCQUEEN|spd|1
|move|p2a: Gholdengo|Shadow Ball|p1a: MCQUEEN
|-supereffective|p1a: MCQUEEN
|-damage|p1a: MCQUEEN|49/100
|-enditem|p1a: MCQUEEN|Weakness Policy
|-boost|p1a: MCQUEEN|atk|2|[from] item: Weakness Policy
|-boost|p1a: MCQUEEN|spa|2|[from] item: Weakness Policy
|
|-sideend|p2: im on a car|Reflect
|upkeep
|turn|22
|
|t:|1758359023
|move|p1a: MCQUEEN|Stored Power|p2a: Gholdengo
|-resisted|p2a: Gholdengo
|-damage|p2a: Gholdengo|26/100
|-enditem|p2a: Gholdengo|Air Balloon
|move|p2a: Gholdengo|Shadow Ball|p1a: MCQUEEN
|-supereffective|p1a: MCQUEEN
|-damage|p1a: MCQUEEN|18/100
|
|-sideend|p2: im on a car|move: Light Screen
|upkeep
|turn|23
|
|t:|1758359033
|move|p1a: MCQUEEN|Stored Power|p2a: Gholdengo
|-resisted|p2a: Gholdengo
|-damage|p2a: Gholdengo|0 fnt
|faint|p2a: Gholdengo
|
|upkeep
|
|t:|1758359039
|switch|p2a: Darkrai|Darkrai|100/100
|-damage|p2a: Darkrai|88/100|[from] Stealth Rock
|turn|24
|
|t:|1758359045
|move|p1a: MCQUEEN|Tachyon Cutter|p2a: Darkrai
|-damage|p2a: Darkrai|7/100
|-damage|p2a: Darkrai|0 fnt
|faint|p2a: Darkrai
|-hitcount|p2: Darkrai|2
|
|-sideend|p1: magical leaves|move: Light Screen
|upkeep
|
|t:|1758359048
|switch|p2a: Great Tusk|Great Tusk|53/100
|turn|25
|
|t:|1758359055
|-terastallize|p2a: Great Tusk|Steel
|move|p1a: MCQUEEN|Stored Power|p2a: Great Tusk
|-resisted|p2a: Great Tusk
|-damage|p2a: Great Tusk|0 fnt
|faint|p2a: Great Tusk
|-end|p2a: Great Tusk|Protosynthesis|[silent]
|
|win|magical leaves
|raw|magical leaves's rating: 1159 &rarr; <strong>1189</strong><br />(+30 for winning)
|raw|im on a car's rating: 1224 &rarr; <strong>1194</strong><br />(-30 for losing)
|l|☆im on a car
|player|p2|
