|j|☆Streshyix
|j|☆dorinkashixv
|t:|1758326460
|gametype|singles
|player|p1|Streshyix|hugh|1306
|player|p2|dorinkashixv|266|1307
|gen|9
|tier|[Gen 9] OU
|rated|
|rule|HP Percentage Mod: HP is shown in percentages
|rule|Endless Battle Clause: Forcing endless battles is banned
|rule|Species Clause: Limit one of each Pokémon
|rule|OHKO Clause: OHKO moves are banned
|rule|Evasion Items Clause: Evasion items are banned
|rule|Evasion Moves Clause: Evasion moves are banned
|rule|Evasion Abilities Clause: Evasion abilities are banned
|rule|Sleep Moves Clause: Sleep-inducing moves are banned
|clearpoke
|poke|p1|Iron Valiant|
|poke|p1|Scizor, F|
|poke|p1|Samurott-Hisui, M|
|poke|p1|Gholdengo|
|poke|p1|Iron Treads|
|poke|p1|Ceruledge, F|
|poke|p2|Toucannon, M|
|poke|p2|Dragonite, M|
|poke|p2|Zamazenta-*|
|poke|p2|Iron Treads|
|poke|p2|Zapdos|
|poke|p2|Primarina, F|
|teampreview
|inactive|Battle timer is ON: inactive players will automatically lose when time's up. (requested by Streshyix)
|
|t:|1758326465
|teamsize|p1|6
|teamsize|p2|6
|start
|switch|p1a: Samurott|Samurott-Hisui, M, shiny|100/100
|switch|p2a: Zamazenta|Zamazenta|100/100
|-ability|p2a: Zamazenta|Dauntless Shield|boost
|-boost|p2a: Zamazenta|def|1
|turn|1
|
|t:|1758326473
|-terastallize|p1a: Samurott|Ghost
|move|p2a: Zamazenta|Close Combat|p1a: Samurott
|-immune|p1a: Samurott
|move|p1a: Samurott|Ceaseless Edge|p2a: Zamazenta
|-resisted|p2a: Zamazenta
|-damage|p2a: Zamazenta|88/100
|-sidestart|p2: dorinkashixv|Spikes
|
|upkeep
|turn|2
|
|t:|1758326489
|switch|p2a: Zapdos|Zapdos|100/100
|move|p1a: Samurott|Ceaseless Edge|p2a: Zapdos
|-damage|p2a: Zapdos|50/100
|-status|p1a: Samurott|par|[from] ability: Static|[of] p2a: Zapdos
|-sidestart|p2: dorinkashixv|Spikes
|
|upkeep
|turn|3
|
|t:|1758326497
|move|p2a: Zapdos|Hurricane|p1a: Samurott
|-enditem|p1a: Samurott|Focus Sash
|-damage|p1a: Samurott|1/100 par
|cant|p1a: Samurott|par
|
|upkeep
|turn|4
|
|t:|1758326503
|cant|p1a: Samurott|par
|move|p2a: Zapdos|Hurricane|p1a: Samurott
|-damage|p1a: Samurott|0 fnt
|faint|p1a: Samurott
|
|upkeep
|
|t:|1758326508
|switch|p1a: Iron Treads|Iron Treads|100/100
|-item|p1a: Iron Treads|Air Balloon
|turn|5
|
|t:|1758326512
|move|p1a: Iron Treads|Stealth Rock|p2a: Zapdos
|-sidestart|p2: dorinkashixv|move: Stealth Rock
|move|p2a: Zapdos|Hurricane|p1a: Iron Treads
|-resisted|p1a: Iron Treads
|-damage|p1a: Iron Treads|45/100
|-start|p1a: Iron Treads|confusion
|-enditem|p1a: Iron Treads|Air Balloon
|
|upkeep
|turn|6
|
|t:|1758326537
|-activate|p1a: Iron Treads|confusion
|move|p1a: Iron Treads|Knock Off|p2a: Zapdos
|-damage|p2a: Zapdos|12/100
|-status|p1a: Iron Treads|par|[from] ability: Static|[of] p2a: Zapdos
|-enditem|p2a: Zapdos|Choice Specs|[from] move: Knock Off|[of] p1a: Iron Treads
|move|p2a: Zapdos|Hurricane|p1a: Iron Treads
|-resisted|p1a: Iron Treads
|-damage|p1a: Iron Treads|7/100 par
|
|upkeep
|turn|7
|
|t:|1758326548
|move|p2a: Zapdos|Heat Wave|p1a: Iron Treads
|-supereffective|p1a: Iron Treads
|-damage|p1a: Iron Treads|0 fnt
|faint|p1a: Iron Treads
|-end|p1a: Iron Treads|Quark Drive|[silent]
|
|upkeep
|
|t:|1758326556
|switch|p1a: Scizor|Scizor, F|100/100
|turn|8
|
|t:|1758326561
|move|p1a: Scizor|Bullet Punch|p2a: Zapdos
|-resisted|p2a: Zapdos
|-damage|p2a: Zapdos|0 fnt
|-status|p1a: Scizor|par|[from] ability: Static|[of] p2a: Zapdos
|faint|p2a: Zapdos
|
|upkeep
|
|t:|1758326565
|switch|p2a: Iron Treads|Iron Treads|100/100
|-damage|p2a: Iron Treads|98/100|[from] Stealth Rock
|-item|p2a: Iron Treads|Air Balloon
|turn|9
|
|t:|1758326571
|switch|p1a: Gholdengo|Gholdengo|100/100
|-item|p1a: Gholdengo|Air Balloon
|move|p2a: Iron Treads|Earthquake|p1a: Gholdengo
|-immune|p1a: Gholdengo
|
|upkeep
|turn|10
|
|t:|1758326577
|move|p2a: Iron Treads|Knock Off|p1a: Gholdengo
|-supereffective|p1a: Gholdengo
|-damage|p1a: Gholdengo|57/100
|-enditem|p1a: Gholdengo|Air Balloon
|move|p1a: Gholdengo|Nasty Plot|p1a: Gholdengo
|-boost|p1a: Gholdengo|spa|2
|
|upkeep
|turn|11
|
|t:|1758326585
|move|p2a: Iron Treads|Earthquake|p1a: Gholdengo
|-supereffective|p1a: Gholdengo
|-damage|p1a: Gholdengo|0 fnt
|faint|p1a: Gholdengo
|
|upkeep
|
|t:|1758326593
|switch|p1a: Ceruledge|Ceruledge, F|100/100
|turn|12
|
|t:|1758326602
|-terastallize|p2a: Iron Treads|Flying
|move|p2a: Iron Treads|Earthquake|p1a: Ceruledge
|-supereffective|p1a: Ceruledge
|-enditem|p1a: Ceruledge|Focus Sash
|-damage|p1a: Ceruledge|1/100
|-ability|p1a: Ceruledge|Weak Armor|boost
|-unboost|p1a: Ceruledge|def|1
|-boost|p1a: Ceruledge|spe|2
|move|p1a: Ceruledge|Swords Dance|p1a: Ceruledge
|-boost|p1a: Ceruledge|atk|2
|
|upkeep
|turn|13
|
|t:|1758326613
|move|p1a: Ceruledge|Bitter Blade|p2a: Iron Treads
|-damage|p2a: Iron Treads|14/100
|-heal|p1a: Ceruledge|50/100|[from] drain|[of] p2a: Iron Treads
|-enditem|p2a: Iron Treads|Air Balloon
|move|p2a: Iron Treads|Knock Off|p1a: Ceruledge
|-supereffective|p1a: Ceruledge
|-damage|p1a: Ceruledge|0 fnt
|faint|p1a: Ceruledge
|
|upkeep
|
|t:|1758326624
|switch|p1a: Iron Valiant|Iron Valiant|100/100
|turn|14
|
|t:|1758326634
|move|p1a: Iron Valiant|Thunderbolt|p2a: Iron Treads
|-supereffective|p2a: Iron Treads
|-damage|p2a: Iron Treads|0 fnt
|faint|p2a: Iron Treads
|-end|p2a: Iron Treads|Quark Drive|[silent]
|
|upkeep
|
|t:|1758326657
|switch|p2a: Primarina|Primarina, F|100/100
|-damage|p2a: Primarina|84/100|[from] Spikes
|-damage|p2a: Primarina|72/100|[from] Stealth Rock
|turn|15
|
|t:|1758326662
|move|p1a: Iron Valiant|Thunderbolt|p2a: Primarina
|-supereffective|p2a: Primarina
|-damage|p2a: Primarina|21/100
|move|p2a: Primarina|Moonblast|p1a: Iron Valiant
|-supereffective|p1a: Iron Valiant
|-damage|p1a: Iron Valiant|0 fnt
|faint|p1a: Iron Valiant
|-end|p1a: Iron Valiant|Quark Drive|[silent]
|
|upkeep
|
|t:|1758326668
|switch|p1a: Scizor|Scizor, F|100/100 par
|turn|16
|c|☆dorinkashixv|gg
|
|t:|1758326672
|move|p1a: Scizor|Bullet Punch|p2a: Primarina
|-damage|p2a: Primarina|0 fnt
|faint|p2a: Primarina
|
|upkeep
|
|t:|1758326675
|switch|p2a: Dragonite|Dragonite, M|100/100
|-damage|p2a: Dragonite|76/100|[from] Stealth Rock
|turn|17
|
|t:|1758326680
|move|p1a: Scizor|Bullet Punch|p2a: Dragonite
|-crit|p2a: Dragonite
|-damage|p2a: Dragonite|0 fnt
|faint|p2a: Dragonite
|
|upkeep
|
|t:|1758326689
|switch|p2a: Zamazenta|Zamazenta|88/100
|-damage|p2a: Zamazenta|72/100|[from] Spikes
|-damage|p2a: Zamazenta|66/100|[from] Stealth Rock
|turn|18
|
|t:|1758326695
|move|p1a: Scizor|Bullet Punch|p2a: Zamazenta
|-damage|p2a: Zamazenta|25/100
|move|p2a: Zamazenta|Close Combat|p1a: Scizor
|-damage|p1a: Scizor|4/100 par
|-unboost|p2a: Zamazenta|def|1
|-unboost|p2a: Zamazenta|spd|1
|
|upkeep
|turn|19
|
|t:|1758326702
|move|p1a: Scizor|Bullet Punch|p2a: Zamazenta
|-damage|p2a: Zamazenta|0 fnt
|faint|p2a: Zamazenta
|
|upkeep
|
|t:|1758326705
|switch|p2a: Toucannon|Toucannon, M|100/100
|-damage|p2a: Toucannon|76/100|[from] Stealth Rock
|turn|20
|
|t:|1758326708
|move|p1a: Scizor|Bullet Punch|p2a: Toucannon
|-damage|p2a: Toucannon|18/100
|move|p2a: Toucannon|Brick Break|p1a: Scizor
|-damage|p1a: Scizor|0 fnt
|faint|p1a: Scizor
|
|win|dorinkashixv
|raw|Streshyix's rating: 1306 &rarr; <strong>1286</strong><br />(-20 for losing)
|raw|dorinkashixv's rating: 1307 &rarr; <strong>1327</strong><br />(+20 for winning)
|l|☆Streshyix
|player|p1|
|l|☆dorinkashixv
|player|p2|
