|j|☆S733LH34R7
|j|☆AureoXS
|t:|1758315203
|gametype|singles
|player|p1|S733LH34R7|drayden|1287
|player|p2|AureoXS|miku-ground|1329
|gen|9
|tier|[Gen 9] OU
|rated|
|rule|HP Percentage Mod: HP is shown in percentages
|rule|Endless Battle Clause: Forcing endless battles is banned
|rule|Species Clause: Limit one of each Pokémon
|rule|OHKO Clause: OHKO moves are banned
|rule|Evasion Items Clause: Evasion items are banned
|rule|Evasion Moves Clause: Evasion moves are banned
|rule|Evasion Abilities Clause: Evasion abilities are banned
|rule|Sleep Moves Clause: Sleep-inducing moves are banned
|clearpoke
|poke|p1|Haxorus, M|
|poke|p1|Dragonite, F|
|poke|p1|Goodra-Hisui, F|
|poke|p1|Noivern, F|
|poke|p1|Garchomp, M|
|poke|p1|Duraludon, M|
|poke|p2|Deoxys-Speed|
|poke|p2|Iron Crown|
|poke|p2|Indeedee, M|
|poke|p2|Hatterene, F|
|poke|p2|Armarouge, F|
|poke|p2|Hawlucha, M|
|teampreview
|inactive|Battle timer is ON: inactive players will automatically lose when time's up. (requested by AureoXS)
|
|t:|1758315215
|teamsize|p1|6
|teamsize|p2|6
|start
|switch|p1a: Haxorus|Haxorus, M, shiny|100/100
|switch|p2a: Indeedee|Indeedee, M|100/100
|-ability|p1a: Haxorus|Mold Breaker
|-fieldstart|move: Psychic Terrain|[from] ability: Psychic Surge|[of] p2a: Indeedee
|turn|1
|
|t:|1758315228
|move|p1a: Haxorus|Dragon Dance|p1a: Haxorus
|-boost|p1a: Haxorus|atk|1
|-boost|p1a: Haxorus|spe|1
|move|p2a: Indeedee|Dazzling Gleam|p1a: Haxorus
|-supereffective|p1a: Haxorus
|-damage|p1a: Haxorus|41/100
|
|upkeep
|turn|2
|
|t:|1758315242
|-terastallize|p1a: Haxorus|Steel
|move|p1a: Haxorus|Iron Head|p2a: Indeedee
|-damage|p2a: Indeedee|0 fnt
|faint|p2a: Indeedee
|
|upkeep
|
|t:|1758315253
|switch|p2a: Hawlucha|Hawlucha, M|100/100
|-enditem|p2a: Hawlucha|Psychic Seed
|-boost|p2a: Hawlucha|spd|1|[from] item: Psychic Seed
|turn|3
|
|t:|1758315262
|switch|p1a: Garchomp|Garchomp, M|100/100
|move|p2a: Hawlucha|Close Combat|p1a: Garchomp
|-damage|p1a: Garchomp|70/100
|-unboost|p2a: Hawlucha|def|1
|-unboost|p2a: Hawlucha|spd|1
|-damage|p2a: Hawlucha|88/100|[from] ability: Rough Skin|[of] p1a: Garchomp
|-damage|p2a: Hawlucha|72/100|[from] item: Rocky Helmet|[of] p1a: Garchomp
|
|upkeep
|turn|4
|
|t:|1758315272
|move|p2a: Hawlucha|Acrobatics|p1a: Garchomp
|-damage|p1a: Garchomp|37/100
|-damage|p2a: Hawlucha|59/100|[from] ability: Rough Skin|[of] p1a: Garchomp
|-damage|p2a: Hawlucha|43/100|[from] item: Rocky Helmet|[of] p1a: Garchomp
|move|p1a: Garchomp|Swords Dance|p1a: Garchomp
|-boost|p1a: Garchomp|atk|2
|
|upkeep
|turn|5
|
|t:|1758315282
|move|p2a: Hawlucha|Acrobatics|p1a: Garchomp
|-damage|p1a: Garchomp|4/100
|-damage|p2a: Hawlucha|31/100|[from] ability: Rough Skin|[of] p1a: Garchomp
|-damage|p2a: Hawlucha|14/100|[from] item: Rocky Helmet|[of] p1a: Garchomp
|move|p1a: Garchomp|Outrage|p2a: Hawlucha
|-damage|p2a: Hawlucha|0 fnt
|faint|p2a: Hawlucha
|
|upkeep
|
|t:|1758315297
|switch|p2a: Deoxys|Deoxys-Speed|100/100
|-ability|p2a: Deoxys|Pressure
|turn|6
|
|t:|1758315306
|move|p2a: Deoxys|Knock Off|p1a: Garchomp
|-damage|p1a: Garchomp|0 fnt
|-damage|p2a: Deoxys|88/100|[from] ability: Rough Skin|[of] p1a: Garchomp
|-damage|p2a: Deoxys|72/100|[from] item: Rocky Helmet|[of] p1a: Garchomp
|-enditem|p1a: Garchomp|Rocky Helmet|[from] move: Knock Off|[of] p2a: Deoxys
|faint|p1a: Garchomp
|
|upkeep
|
|t:|1758315325
|switch|p1a: Goodra|Goodra-Hisui, F|100/100
|turn|7
|
|t:|1758315335
|move|p2a: Deoxys|Stealth Rock|p1a: Goodra
|-sidestart|p1: S733LH34R7|move: Stealth Rock
|move|p1a: Goodra|Knock Off|p2a: Deoxys
|-supereffective|p2a: Deoxys
|-damage|p2a: Deoxys|0 fnt
|-enditem|p2a: Deoxys|Eject Pack|[from] move: Knock Off|[of] p1a: Goodra
|faint|p2a: Deoxys
|
|upkeep
|
|t:|1758315346
|switch|p2a: Iron Crown|Iron Crown|100/100
|-enditem|p2a: Iron Crown|Booster Energy
|-activate|p2a: Iron Crown|ability: Quark Drive|[fromitem]
|-start|p2a: Iron Crown|quarkdrivespe
|turn|8
|
|t:|1758315363
|switch|p1a: Haxorus|Haxorus, M, shiny, tera:Steel|41/100
|-damage|p1a: Haxorus|35/100|[from] Stealth Rock
|-ability|p1a: Haxorus|Mold Breaker
|move|p2a: Iron Crown|Calm Mind|p2a: Iron Crown
|-boost|p2a: Iron Crown|spa|1
|-boost|p2a: Iron Crown|spd|1
|
|-fieldend|move: Psychic Terrain
|upkeep
|turn|9
|
|t:|1758315376
|move|p2a: Iron Crown|Focus Blast|p1a: Haxorus
|-supereffective|p1a: Haxorus
|-damage|p1a: Haxorus|0 fnt
|faint|p1a: Haxorus
|
|upkeep
|
|t:|1758315385
|switch|p1a: Dragonite|Dragonite, F|100/100
|turn|10
|
|t:|1758315389
|-terastallize|p2a: Iron Crown|Fighting
|move|p2a: Iron Crown|Tachyon Cutter|p1a: Dragonite
|-damage|p1a: Dragonite|85/100
|-damage|p1a: Dragonite|57/100
|-hitcount|p1a: Dragonite|2
|move|p1a: Dragonite|Earthquake|p2a: Iron Crown
|-damage|p2a: Iron Crown|62/100
|
|upkeep
|turn|11
|
|t:|1758315400
|move|p1a: Dragonite|Extreme Speed|p2a: Iron Crown
|-damage|p2a: Iron Crown|30/100
|move|p2a: Iron Crown|Tachyon Cutter|p1a: Dragonite
|-damage|p1a: Dragonite|25/100
|-damage|p1a: Dragonite|0 fnt
|faint|p1a: Dragonite
|-hitcount|p1: Dragonite|2
|
|upkeep
|
|t:|1758315409
|switch|p1a: Noivern|Noivern, F|100/100
|-damage|p1a: Noivern|76/100|[from] Stealth Rock
|turn|12
|
|t:|1758315415
|move|p2a: Iron Crown|Tachyon Cutter|p1a: Noivern
|-damage|p1a: Noivern|27/100
|-damage|p1a: Noivern|0 fnt
|faint|p1a: Noivern
|-hitcount|p1: Noivern|2
|
|upkeep
|c|☆S733LH34R7|Gg
|c|☆AureoXS|gg
|
|t:|1758315428
|switch|p1a: Duraludon|Duraludon, M|100/100
|-damage|p1a: Duraludon|94/100|[from] Stealth Rock
|turn|13
|
|t:|1758315434
|move|p2a: Iron Crown|Focus Blast|p1a: Duraludon
|-supereffective|p1a: Duraludon
|-damage|p1a: Duraludon|0 fnt
|faint|p1a: Duraludon
|
|upkeep
|
|t:|1758315440
|switch|p1a: Goodra|Goodra-Hisui, F|100/100
|-damage|p1a: Goodra|94/100|[from] Stealth Rock
|turn|14
|
|t:|1758315445
|move|p2a: Iron Crown|Focus Blast|p1a: Goodra
|-supereffective|p1a: Goodra
|-damage|p1a: Goodra|25/100
|move|p1a: Goodra|Heavy Slam|p2a: Iron Crown
|-damage|p2a: Iron Crown|6/100
|
|upkeep
|turn|15
|-message|S733LH34R7 forfeited.
|
|win|AureoXS
|raw|S733LH34R7's rating: 1287 &rarr; <strong>1265</strong><br />(-22 for losing)
|raw|AureoXS's rating: 1329 &rarr; <strong>1347</strong><br />(+18 for winning)
|l|☆S733LH34R7
|player|p1|
|l|☆AureoXS
|player|p2|
