|j|☆CherylBush
|j|☆kebab.ixx
|t:|1758239160
|gametype|singles
|player|p1|CherylBush|mallow-masters|1502
|player|p2|kebab.ixx|2|1542
|gen|9
|tier|[Gen 9] OU
|rated|
|rule|HP Percentage Mod: HP is shown in percentages
|rule|Endless Battle Clause: Forcing endless battles is banned
|rule|Species Clause: Limit one of each Pokémon
|rule|OHKO Clause: OHKO moves are banned
|rule|Evasion Items Clause: Evasion items are banned
|rule|Evasion Moves Clause: Evasion moves are banned
|rule|Evasion Abilities Clause: Evasion abilities are banned
|rule|Sleep Moves Clause: Sleep-inducing moves are banned
|clearpoke
|poke|p1|Landorus-Therian, M|
|poke|p1|Skeledirge, M|
|poke|p1|Skarmory, M|
|poke|p1|Hydrapple, M|
|poke|p1|Samurott-Hisui, M|
|poke|p1|Fezandipiti, M|
|poke|p2|Hydrapple, F|
|poke|p2|Fezandipiti, M|
|poke|p2|Skarmory, F|
|poke|p2|Landorus-Therian, M|
|poke|p2|Samurott-Hisui, F|
|poke|p2|Skeledirge, M|
|teampreview
|
|t:|1758239185
|teamsize|p1|6
|teamsize|p2|6
|start
|switch|p1a: Skarmory|Skarmory, M, shiny|100/100
|switch|p2a: Landorus|Landorus-Therian, M, shiny|100/100
|-ability|p2a: Landorus|Intimidate|boost
|-unboost|p1a: Skarmory|atk|1
|turn|1
|
|t:|1758239189
|move|p2a: Landorus|U-turn|p1a: Skarmory
|-resisted|p1a: Skarmory
|-damage|p1a: Skarmory|97/100
|-damage|p2a: Landorus|84/100|[from] item: Rocky Helmet|[of] p1a: Skarmory
|
|t:|1758239191
|switch|p2a: Skarmory|Skarmory, F, shiny|100/100|[from] U-turn
|move|p1a: Skarmory|Stealth Rock|p2a: Skarmory
|-sidestart|p2: kebab.ixx|move: Stealth Rock
|
|upkeep
|turn|2
|
|t:|1758239196
|switch|p1a: Skeledirge|Skeledirge, M, shiny|100/100
|move|p2a: Skarmory|Stealth Rock|p1a: Skeledirge
|-sidestart|p1: CherylBush|move: Stealth Rock
|
|upkeep
|turn|3
|
|t:|1758239199
|switch|p2a: Samurott|Samurott-Hisui, F, shiny|100/100
|move|p1a: Skeledirge|Torch Song|p2a: Samurott
|-resisted|p2a: Samurott
|-crit|p2a: Samurott
|-damage|p2a: Samurott|67/100
|-boost|p1a: Skeledirge|spa|1
|
|upkeep
|turn|4
|
|t:|1758239205
|switch|p1a: Skarmory|Skarmory, M, shiny|97/100
|-damage|p1a: Skarmory|85/100|[from] Stealth Rock
|move|p2a: Samurott|Knock Off|p1a: Skarmory
|-damage|p1a: Skarmory|55/100
|-damage|p2a: Samurott|50/100|[from] item: Rocky Helmet|[of] p1a: Skarmory
|-enditem|p1a: Skarmory|Rocky Helmet|[from] move: Knock Off|[of] p2a: Samurott
|
|upkeep
|turn|5
|
|t:|1758239207
|move|p2a: Samurott|Flip Turn|p1a: Skarmory
|-damage|p1a: Skarmory|37/100
|
|t:|1758239210
|switch|p2a: Skarmory|Skarmory, F, shiny|100/100|[from] Flip Turn
|-damage|p2a: Skarmory|88/100|[from] Stealth Rock
|move|p1a: Skarmory|Roost|p1a: Skarmory
|-heal|p1a: Skarmory|88/100
|-singleturn|p1a: Skarmory|move: Roost
|
|upkeep
|turn|6
|
|t:|1758239213
|switch|p1a: Skeledirge|Skeledirge, M, shiny|100/100
|move|p2a: Skarmory|Body Press|p1a: Skeledirge
|-immune|p1a: Skeledirge
|
|upkeep
|turn|7
|
|t:|1758239218
|switch|p2a: Fezandipiti|Fezandipiti, M|100/100
|move|p1a: Skeledirge|Torch Song|p2a: Fezandipiti
|-damage|p2a: Fezandipiti|83/100
|-boost|p1a: Skeledirge|spa|1
|
|upkeep
|turn|8
|
|t:|1758239224
|switch|p1a: Landorus|Landorus-Therian, M, shiny|100/100
|-damage|p1a: Landorus|88/100|[from] Stealth Rock
|-ability|p1a: Landorus|Intimidate|boost
|-unboost|p2a: Fezandipiti|atk|1
|move|p2a: Fezandipiti|Moonblast|p1a: Landorus
|-damage|p1a: Landorus|56/100
|
|upkeep
|turn|9
|
|t:|1758239230
|switch|p2a: Skarmory|Skarmory, F, shiny|88/100
|-damage|p2a: Skarmory|76/100|[from] Stealth Rock
|move|p1a: Landorus|U-turn|p2a: Skarmory
|-resisted|p2a: Skarmory
|-crit|p2a: Skarmory
|-damage|p2a: Skarmory|70/100
|-damage|p1a: Landorus|40/100|[from] item: Rocky Helmet|[of] p2a: Skarmory
|
|t:|1758239237
|switch|p1a: Skeledirge|Skeledirge, M, shiny|100/100|[from] U-turn
|
|upkeep
|turn|10
|
|t:|1758239249
|switch|p2a: Fezandipiti|Fezandipiti, M|83/100
|move|p1a: Skeledirge|Torch Song|p2a: Fezandipiti
|-damage|p2a: Fezandipiti|65/100
|-boost|p1a: Skeledirge|spa|1
|
|upkeep
|turn|11
|
|t:|1758239252
|move|p2a: Fezandipiti|Moonblast|p1a: Skeledirge
|-resisted|p1a: Skeledirge
|-damage|p1a: Skeledirge|90/100
|move|p1a: Skeledirge|Torch Song|p2a: Fezandipiti
|-damage|p2a: Fezandipiti|40/100
|-boost|p1a: Skeledirge|spa|1
|
|upkeep
|turn|12
|
|t:|1758239256
|move|p2a: Fezandipiti|Sludge Bomb|p1a: Skeledirge
|-resisted|p1a: Skeledirge
|-damage|p1a: Skeledirge|81/100
|move|p1a: Skeledirge|Earth Power|p2a: Fezandipiti
|-supereffective|p2a: Fezandipiti
|-damage|p2a: Fezandipiti|0 fnt
|faint|p2a: Fezandipiti
|
|upkeep
|
|t:|1758239259
|switch|p2a: Skeledirge|Skeledirge, M|100/100
|turn|13
|
|t:|1758239267
|switch|p1a: Samurott|Samurott-Hisui, M, shiny|100/100
|move|p2a: Skeledirge|Shadow Ball|p1a: Samurott
|-resisted|p1a: Samurott
|-damage|p1a: Samurott|78/100
|
|upkeep
|turn|14
|
|t:|1758239272
|switch|p2a: Skarmory|Skarmory, F, shiny|70/100
|-damage|p2a: Skarmory|58/100|[from] Stealth Rock
|move|p1a: Samurott|Knock Off|p2a: Skarmory
|-damage|p2a: Skarmory|31/100
|-damage|p1a: Samurott|62/100|[from] item: Rocky Helmet|[of] p2a: Skarmory
|-enditem|p2a: Skarmory|Rocky Helmet|[from] move: Knock Off|[of] p1a: Samurott
|
|upkeep
|turn|15
|
|t:|1758239276
|move|p1a: Samurott|Ceaseless Edge|p2a: Skarmory
|-damage|p2a: Skarmory|4/100
|-sidestart|p2: kebab.ixx|Spikes
|move|p2a: Skarmory|Roost|p2a: Skarmory
|-heal|p2a: Skarmory|54/100
|-singleturn|p2a: Skarmory|move: Roost
|
|upkeep
|turn|16
|
|t:|1758239279
|move|p1a: Samurott|Flip Turn|p2a: Skarmory
|-crit|p2a: Skarmory
|-damage|p2a: Skarmory|28/100
|
|t:|1758239283
|switch|p1a: Skeledirge|Skeledirge, M, shiny|81/100|[from] Flip Turn
|move|p2a: Skarmory|Roost|p2a: Skarmory
|-heal|p2a: Skarmory|78/100
|-singleturn|p2a: Skarmory|move: Roost
|
|upkeep
|turn|17
|
|t:|1758239288
|switch|p2a: Skeledirge|Skeledirge, M|100/100
|move|p1a: Skeledirge|Earth Power|p2a: Skeledirge
|-supereffective|p2a: Skeledirge
|-damage|p2a: Skeledirge|63/100
|
|upkeep
|turn|18
|
|t:|1758239298
|switch|p1a: Leviathan|Hydrapple, M, shiny|100/100
|move|p2a: Skeledirge|Slack Off|p2a: Skeledirge
|-heal|p2a: Skeledirge|100/100
|
|upkeep
|turn|19
|
|t:|1758239308
|switch|p2a: Landorus|Landorus-Therian, M, shiny|84/100
|-damage|p2a: Landorus|72/100|[from] Stealth Rock
|-ability|p2a: Landorus|Intimidate|boost
|-unboost|p1a: Leviathan|atk|1
|move|p1a: Leviathan|Earth Power|p2a: Landorus
|-immune|p2a: Landorus
|
|upkeep
|turn|20
|
|t:|1758239330
|move|p2a: Landorus|U-turn|p1a: Leviathan
|-supereffective|p1a: Leviathan
|-damage|p1a: Leviathan|65/100
|
|t:|1758239338
|switch|p2a: Skeledirge|Skeledirge, M|100/100|[from] U-turn
|move|p1a: Leviathan|Fickle Beam|p2a: Skeledirge|[anim] Fickle Beam All Out
|-activate|p1a: Leviathan|move: Fickle Beam
|-damage|p2a: Skeledirge|39/100
|
|upkeep
|turn|21
|
|t:|1758239344
|-terastallize|p2a: Skeledirge|Fairy
|move|p2a: Skeledirge|Slack Off|p2a: Skeledirge
|-heal|p2a: Skeledirge|89/100
|move|p1a: Leviathan|Earth Power|p2a: Skeledirge
|-damage|p2a: Skeledirge|68/100
|
|upkeep
|turn|22
|
|t:|1758239355
|switch|p1a: Fez Boi|Fezandipiti, M|100/100
|move|p2a: Skeledirge|Torch Song|p1a: Fez Boi
|-damage|p1a: Fez Boi|84/100
|-boost|p2a: Skeledirge|spa|1
|
|upkeep
|turn|23
|
|t:|1758239366
|move|p1a: Fez Boi|Moonblast|p2a: Skeledirge
|-damage|p2a: Skeledirge|48/100
|-unboost|p2a: Skeledirge|spa|1
|move|p2a: Skeledirge|Earth Power|p1a: Fez Boi
|-supereffective|p1a: Fez Boi
|-damage|p1a: Fez Boi|57/100
|
|upkeep
|turn|24
|
|t:|1758239373
|switch|p2a: Skarmory|Skarmory, F, shiny|78/100
|-damage|p2a: Skarmory|66/100|[from] Stealth Rock
|move|p1a: Fez Boi|Moonblast|p2a: Skarmory
|-resisted|p2a: Skarmory
|-damage|p2a: Skarmory|49/100
|-unboost|p2a: Skarmory|spa|1
|
|upkeep
|turn|25
|
|t:|1758239375
|move|p1a: Fez Boi|Roost|p1a: Fez Boi
|-heal|p1a: Fez Boi|100/100
|-singleturn|p1a: Fez Boi|move: Roost
|move|p2a: Skarmory|Roost|p2a: Skarmory
|-heal|p2a: Skarmory|99/100
|-singleturn|p2a: Skarmory|move: Roost
|
|upkeep
|turn|26
|
|t:|1758239383
|move|p1a: Fez Boi|Calm Mind|p1a: Fez Boi
|-boost|p1a: Fez Boi|spa|1
|-boost|p1a: Fez Boi|spd|1
|move|p2a: Skarmory|Brave Bird|p1a: Fez Boi
|-damage|p1a: Fez Boi|66/100
|-damage|p2a: Skarmory|86/100|[from] Recoil
|
|upkeep
|turn|27
|
|t:|1758239387
|move|p1a: Fez Boi|Heat Wave|p2a: Skarmory
|-supereffective|p2a: Skarmory
|-damage|p2a: Skarmory|23/100
|move|p2a: Skarmory|Brave Bird|p1a: Fez Boi
|-damage|p1a: Fez Boi|30/100
|-damage|p2a: Skarmory|9/100|[from] Recoil
|
|upkeep
|turn|28
|
|t:|1758239394
|switch|p2a: Landorus|Landorus-Therian, M, shiny|72/100
|-damage|p2a: Landorus|59/100|[from] Stealth Rock
|-ability|p2a: Landorus|Intimidate|boost
|-unboost|p1a: Fez Boi|atk|1
|move|p1a: Fez Boi|Roost|p1a: Fez Boi
|-heal|p1a: Fez Boi|80/100
|-singleturn|p1a: Fez Boi|move: Roost
|
|upkeep
|turn|29
|
|t:|1758239402
|switch|p1a: Skarmory|Skarmory, M, shiny|88/100
|-damage|p1a: Skarmory|75/100|[from] Stealth Rock
|move|p2a: Landorus|U-turn|p1a: Skarmory
|-resisted|p1a: Skarmory
|-damage|p1a: Skarmory|72/100
|
|t:|1758239406
|switch|p2a: Skeledirge|Skeledirge, M, tera:Fairy|48/100|[from] U-turn
|
|upkeep
|turn|30
|
|t:|1758239409
|switch|p1a: Fez Boi|Fezandipiti, M|80/100
|move|p2a: Skeledirge|Slack Off|p2a: Skeledirge
|-heal|p2a: Skeledirge|98/100
|
|upkeep
|turn|31
|
|t:|1758239413
|move|p1a: Fez Boi|Moonblast|p2a: Skeledirge
|-damage|p2a: Skeledirge|77/100
|-unboost|p2a: Skeledirge|spa|1
|move|p2a: Skeledirge|Earth Power|p1a: Fez Boi
|-supereffective|p1a: Fez Boi
|-damage|p1a: Fez Boi|63/100
|
|upkeep
|turn|32
|
|t:|1758239419
|switch|p2a: Skarmory|Skarmory, F, shiny|9/100
|-damage|p2a: Skarmory|0 fnt|[from] Stealth Rock
|faint|p2a: Skarmory
|move|p1a: Fez Boi|Moonblast|p2: Skarmory|[notarget]
|-fail|p1a: Fez Boi
|
|upkeep
|
|t:|1758239423
|switch|p2a: Hydrapple|Hydrapple, F, shiny|100/100
|turn|33
|
|t:|1758239431
|switch|p1a: Skeledirge|Skeledirge, M, shiny|81/100
|move|p2a: Hydrapple|Earth Power|p1a: Skeledirge
|-supereffective|p1a: Skeledirge
|-damage|p1a: Skeledirge|24/100
|
|upkeep
|turn|34
|
|t:|1758239461
|move|p1a: Skeledirge|Slack Off|p1a: Skeledirge
|-heal|p1a: Skeledirge|74/100
|move|p2a: Hydrapple|Fickle Beam|p1a: Skeledirge
|-damage|p1a: Skeledirge|41/100
|
|upkeep
|turn|35
|
|t:|1758239465
|-terastallize|p1a: Skeledirge|Ice
|move|p1a: Skeledirge|Tera Blast|p2a: Hydrapple|[anim] Tera Blast Ice
|-supereffective|p2a: Hydrapple
|-damage|p2a: Hydrapple|0 fnt
|faint|p2a: Hydrapple
|
|upkeep
|-message|kebab.ixx forfeited.
|
|win|CherylBush
|raw|CherylBush's rating: 1502 &rarr; <strong>1524</strong><br />(+22 for winning)
|raw|kebab.ixx's rating: 1542 &rarr; <strong>1520</strong><br />(-22 for losing)
|l|☆kebab.ixx
|player|p2|
|c|☆CherylBush|goob
