|j|☆yhpmzy
|j|☆Prestina
|t:|1758277000
|gametype|singles
|player|p1|yhpmzy|skierf|1382
|player|p2|Prestina|akari|1455
|gen|9
|tier|[Gen 9] OU
|rated|
|rule|HP Percentage Mod: HP is shown in percentages
|rule|Endless Battle Clause: Forcing endless battles is banned
|rule|Species Clause: Limit one of each Pokémon
|rule|OHKO Clause: OHKO moves are banned
|rule|Evasion Items Clause: Evasion items are banned
|rule|Evasion Moves Clause: Evasion moves are banned
|rule|Evasion Abilities Clause: Evasion abilities are banned
|rule|Sleep Moves Clause: Sleep-inducing moves are banned
|clearpoke
|poke|p1|Ninetales-Alola, M|
|poke|p1|Latias, F|
|poke|p1|Ceruledge, M|
|poke|p1|Blaziken, F|
|poke|p1|Ursaluna, M|
|poke|p1|Kyurem|
|poke|p2|Iron Treads|
|poke|p2|Darkrai|
|poke|p2|Sylveon, F|
|poke|p2|Slowking, F|
|poke|p2|Meowscarada, F|
|poke|p2|Garchomp, F|
|teampreview
|inactive|Battle timer is ON: inactive players will automatically lose when time's up. (requested by Prestina)
|inactive|Prestina has 120 seconds left.
|
|t:|1758277032
|teamsize|p1|6
|teamsize|p2|6
|start
|switch|p1a: Ninetales|Ninetales-Alola, M|100/100
|switch|p2a: Asgore's Truck|Iron Treads|100/100
|-weather|Snowscape|[from] ability: Snow Warning|[of] p1a: Ninetales
|-item|p2a: Asgore's Truck|Air Balloon
|turn|1
|
|t:|1758277039
|move|p1a: Ninetales|Aurora Veil|p1a: Ninetales
|-sidestart|p1: yhpmzy|move: Aurora Veil
|move|p2a: Asgore's Truck|Knock Off|p1a: Ninetales
|-resisted|p1a: Ninetales
|-damage|p1a: Ninetales|95/100
|-enditem|p1a: Ninetales|Light Clay|[from] move: Knock Off|[of] p2a: Asgore's Truck
|
|-weather|Snowscape|[upkeep]
|upkeep
|turn|2
|
|t:|1758277045
|-end|p2a: Asgore's Truck|Quark Drive|[silent]
|switch|p2a: Mariah Carey|Slowking, F, shiny|100/100
|move|p1a: Ninetales|Encore||[still]
|-fail|p1a: Ninetales
|
|-weather|Snowscape|[upkeep]
|upkeep
|turn|3
|
|t:|1758277053
|switch|p1a: Latias|Latias, F|100/100
|move|p2a: Mariah Carey|Future Sight|p1a: Latias
|-start|p2a: Mariah Carey|move: Future Sight
|
|-weather|Snowscape|[upkeep]
|upkeep
|turn|4
|
|t:|1758277064
|switch|p2a: Girlfailure|Garchomp, F, shiny|100/100
|move|p1a: Latias|Agility|p1a: Latias
|-boost|p1a: Latias|spe|2
|
|-weather|Snowscape|[upkeep]
|upkeep
|turn|5
|
|t:|1758277071
|move|p1a: Latias|Calm Mind|p1a: Latias
|-boost|p1a: Latias|spa|1
|-boost|p1a: Latias|spd|1
|move|p2a: Girlfailure|Dragon Tail|p1a: Latias
|-supereffective|p1a: Latias
|-damage|p1a: Latias|75/100
|-enditem|p1a: Latias|Weakness Policy
|-boost|p1a: Latias|atk|2|[from] item: Weakness Policy
|-boost|p1a: Latias|spa|2|[from] item: Weakness Policy
|drag|p1a: Kyurem|Kyurem|100/100
|-ability|p1a: Kyurem|Pressure
|
|-weather|none
|-end|p1a: Kyurem|move: Future Sight
|-damage|p1a: Kyurem|82/100
|upkeep
|turn|6
|
|t:|1758277082
|switch|p2a: Estrogen|Sylveon, F|100/100
|move|p1a: Kyurem|Dragon Dance|p1a: Kyurem
|-boost|p1a: Kyurem|atk|1
|-boost|p1a: Kyurem|spe|1
|
|upkeep
|turn|7
|
|t:|1758277089
|move|p1a: Kyurem|Icicle Spear|p2a: Estrogen
|-damage|p2a: Estrogen|83/100
|-damage|p2a: Estrogen|64/100
|-damage|p2a: Estrogen|46/100
|-damage|p2a: Estrogen|30/100
|-hitcount|p2a: Estrogen|4
|move|p2a: Estrogen|Wish|p2a: Estrogen
|
|-heal|p2a: Estrogen|36/100|[from] item: Leftovers
|upkeep
|turn|8
|
|t:|1758277098
|move|p2a: Estrogen|Protect|p2a: Estrogen
|-singleturn|p2a: Estrogen|Protect
|move|p1a: Kyurem|Dragon Dance|p1a: Kyurem
|-boost|p1a: Kyurem|atk|1
|-boost|p1a: Kyurem|spe|1
|
|-heal|p2a: Estrogen|86/100|[from] move: Wish|[wisher] Estrogen
|-heal|p2a: Estrogen|92/100|[from] item: Leftovers
|-sideend|p1: yhpmzy|move: Aurora Veil
|upkeep
|turn|9
|inactive|Prestina has 120 seconds left.
|
|t:|1758277130
|-terastallize|p2a: Estrogen|Steel
|move|p1a: Kyurem|Icicle Spear|p2a: Estrogen
|-resisted|p2a: Estrogen
|-damage|p2a: Estrogen|80/100
|-resisted|p2a: Estrogen
|-damage|p2a: Estrogen|68/100
|-resisted|p2a: Estrogen
|-damage|p2a: Estrogen|56/100
|-resisted|p2a: Estrogen
|-damage|p2a: Estrogen|44/100
|-resisted|p2a: Estrogen
|-damage|p2a: Estrogen|32/100
|-hitcount|p2a: Estrogen|5
|move|p2a: Estrogen|Hyper Voice|p1a: Kyurem
|-supereffective|p1a: Kyurem
|-damage|p1a: Kyurem|0 fnt
|faint|p1a: Kyurem
|
|-heal|p2a: Estrogen|38/100|[from] item: Leftovers
|upkeep
|
|t:|1758277141
|switch|p1a: Blaziken|Blaziken, F|100/100
|turn|10
|
|t:|1758277145
|move|p1a: Blaziken|Focus Energy|p1a: Blaziken
|-start|p1a: Blaziken|move: Focus Energy
|move|p2a: Estrogen|Hyper Voice|p1a: Blaziken
|-damage|p1a: Blaziken|34/100
|
|-heal|p2a: Estrogen|44/100|[from] item: Leftovers
|-ability|p1a: Blaziken|Speed Boost|boost
|-boost|p1a: Blaziken|spe|1
|upkeep
|turn|11
|
|t:|1758277164
|switch|p2a: Mariah Carey|Slowking, F, shiny|100/100
|move|p1a: Blaziken|Overheat|p2a: Mariah Carey
|-resisted|p2a: Mariah Carey
|-crit|p2a: Mariah Carey
|-damage|p2a: Mariah Carey|67/100
|-unboost|p1a: Blaziken|spa|2
|
|-ability|p1a: Blaziken|Speed Boost|boost
|-boost|p1a: Blaziken|spe|1
|upkeep
|turn|12
|
|t:|1758277172
|move|p1a: Blaziken|Overheat|p2a: Mariah Carey
|-resisted|p2a: Mariah Carey
|-crit|p2a: Mariah Carey
|-damage|p2a: Mariah Carey|35/100
|-unboost|p1a: Blaziken|spa|2
|move|p2a: Mariah Carey|Scald|p1a: Blaziken
|-supereffective|p1a: Blaziken
|-damage|p1a: Blaziken|0 fnt
|faint|p1a: Blaziken
|
|upkeep
|
|t:|1758277181
|switch|p1a: Ninetales|Ninetales-Alola, M|95/100
|-weather|Snowscape|[from] ability: Snow Warning|[of] p1a: Ninetales
|turn|13
|
|t:|1758277191
|move|p1a: Ninetales|Aurora Veil|p1a: Ninetales
|-sidestart|p1: yhpmzy|move: Aurora Veil
|-prepare|p2a: Mariah Carey|Chilly Reception|[premajor]
|move|p2a: Mariah Carey|Chilly Reception|p2a: Mariah Carey
|
|t:|1758277205
|switch|p2a: Estrogen|Sylveon, F, tera:Steel|44/100|[from] Chilly Reception
|
|-weather|Snowscape|[upkeep]
|-heal|p2a: Estrogen|50/100|[from] item: Leftovers
|upkeep
|turn|14
|
|t:|1758277219
|switch|p1a: Ceruledge|Ceruledge, M|100/100
|move|p2a: Estrogen|Wish|p2a: Estrogen
|
|-weather|Snowscape|[upkeep]
|-heal|p2a: Estrogen|57/100|[from] item: Leftovers
|upkeep
|turn|15
|
|t:|1758277230
|switch|p2a: Mariah Carey|Slowking, F, shiny|69/100
|move|p1a: Ceruledge|Bulk Up|p1a: Ceruledge
|-boost|p1a: Ceruledge|atk|1
|-boost|p1a: Ceruledge|def|1
|
|-weather|Snowscape|[upkeep]
|-heal|p2a: Mariah Carey|100/100|[from] move: Wish|[wisher] Estrogen
|upkeep
|turn|16
|
|t:|1758277235
|move|p1a: Ceruledge|Poltergeist|p2a: Mariah Carey
|-activate|p2a: Mariah Carey|move: Poltergeist|Heavy-Duty Boots
|-supereffective|p2a: Mariah Carey
|-damage|p2a: Mariah Carey|0 fnt
|faint|p2a: Mariah Carey
|
|-weather|Snowscape|[upkeep]
|upkeep
|
|t:|1758277248
|switch|p2a: Girlfailure|Garchomp, F, shiny|100/100
|turn|17
|
|t:|1758277261
|move|p1a: Ceruledge|Poltergeist|p2a: Girlfailure
|-activate|p2a: Girlfailure|move: Poltergeist|Rocky Helmet
|-damage|p2a: Girlfailure|46/100
|move|p2a: Girlfailure|Stealth Rock|p1a: Ceruledge
|-sidestart|p1: yhpmzy|move: Stealth Rock
|
|-weather|none
|-sideend|p1: yhpmzy|move: Aurora Veil
|upkeep
|turn|18
|
|t:|1758277269
|move|p1a: Ceruledge|Poltergeist|p2a: Girlfailure
|-activate|p2a: Girlfailure|move: Poltergeist|Rocky Helmet
|-damage|p2a: Girlfailure|0 fnt
|faint|p2a: Girlfailure
|
|upkeep
|
|t:|1758277276
|switch|p2a: Weed Cat|Meowscarada, F, shiny|100/100
|turn|19
|
|t:|1758277286
|move|p2a: Weed Cat|Knock Off|p1a: Ceruledge
|-start|p2a: Weed Cat|typechange|Dark|[from] ability: Protean
|-supereffective|p1a: Ceruledge
|-damage|p1a: Ceruledge|0 fnt
|-enditem|p1a: Ceruledge|Weakness Policy|[from] move: Knock Off|[of] p2a: Weed Cat
|faint|p1a: Ceruledge
|
|upkeep
|
|t:|1758277293
|switch|p1a: Ninetales|Ninetales-Alola, M|95/100
|-damage|p1a: Ninetales|70/100|[from] Stealth Rock
|-weather|Snowscape|[from] ability: Snow Warning|[of] p1a: Ninetales
|turn|20
|
|t:|1758277298
|switch|p2a: Estrogen|Sylveon, F, tera:Steel|57/100
|move|p1a: Ninetales|Aurora Veil|p1a: Ninetales
|-sidestart|p1: yhpmzy|move: Aurora Veil
|
|-weather|Snowscape|[upkeep]
|-heal|p2a: Estrogen|63/100|[from] item: Leftovers
|upkeep
|turn|21
|
|t:|1758277311
|move|p1a: Ninetales|Snowscape||[still]
|-fail|p1a: Ninetales
|move|p2a: Estrogen|Calm Mind|p2a: Estrogen
|-boost|p2a: Estrogen|spa|1
|-boost|p2a: Estrogen|spd|1
|
|-weather|Snowscape|[upkeep]
|-heal|p2a: Estrogen|69/100|[from] item: Leftovers
|upkeep
|turn|22
|
|t:|1758277314
|move|p1a: Ninetales|Encore|p2a: Estrogen
|-start|p2a: Estrogen|Encore
|move|p2a: Estrogen|Calm Mind|p2a: Estrogen
|-boost|p2a: Estrogen|spa|1
|-boost|p2a: Estrogen|spd|1
|
|-weather|Snowscape|[upkeep]
|-heal|p2a: Estrogen|75/100|[from] item: Leftovers
|upkeep
|turn|23
|
|t:|1758277316
|switch|p1a: Ursaluna|Ursaluna, M|100/100
|-damage|p1a: Ursaluna|94/100|[from] Stealth Rock
|move|p2a: Estrogen|Calm Mind|p2a: Estrogen
|-boost|p2a: Estrogen|spa|1
|-boost|p2a: Estrogen|spd|1
|
|-weather|Snowscape|[upkeep]
|-heal|p2a: Estrogen|81/100|[from] item: Leftovers
|-status|p1a: Ursaluna|brn|[from] item: Flame Orb
|upkeep
|turn|24
|
|t:|1758277327
|switch|p2a: Asgore's Truck|Iron Treads|100/100
|-item|p2a: Asgore's Truck|Air Balloon
|move|p1a: Ursaluna|Drain Punch|p2a: Asgore's Truck
|-supereffective|p2a: Asgore's Truck
|-damage|p2a: Asgore's Truck|21/100
|-heal|p1a: Ursaluna|100/100 brn|[from] drain|[of] p2a: Asgore's Truck
|-enditem|p2a: Asgore's Truck|Air Balloon
|
|-weather|none
|-damage|p1a: Ursaluna|94/100 brn|[from] brn
|-sideend|p1: yhpmzy|move: Aurora Veil
|upkeep
|turn|25
|
|t:|1758277334
|move|p2a: Asgore's Truck|Ice Spinner|p1a: Ursaluna
|-supereffective|p1a: Ursaluna
|-damage|p1a: Ursaluna|58/100 brn
|move|p1a: Ursaluna|Drain Punch|p2a: Asgore's Truck
|-supereffective|p2a: Asgore's Truck
|-damage|p2a: Asgore's Truck|0 fnt
|-heal|p1a: Ursaluna|67/100 brn|[from] drain|[of] p2a: Asgore's Truck
|faint|p2a: Asgore's Truck
|-end|p2a: Asgore's Truck|Quark Drive|[silent]
|
|-damage|p1a: Ursaluna|60/100 brn|[from] brn
|upkeep
|
|t:|1758277337
|switch|p2a: Weed Cat|Meowscarada, F, shiny|100/100
|turn|26
|
|t:|1758277345
|-terastallize|p1a: Ursaluna|Fighting
|move|p2a: Weed Cat|Flower Trick|p1a: Ursaluna
|-start|p2a: Weed Cat|typechange|Grass|[from] ability: Protean
|-crit|p1a: Ursaluna
|-damage|p1a: Ursaluna|4/100 brn
|move|p1a: Ursaluna|Drain Punch|p2a: Weed Cat
|-damage|p2a: Weed Cat|3/100
|-heal|p1a: Ursaluna|40/100 brn|[from] drain|[of] p2a: Weed Cat
|
|-damage|p1a: Ursaluna|34/100 brn|[from] brn
|upkeep
|turn|27
|
|t:|1758277359
|switch|p1a: Ninetales|Ninetales-Alola, M|70/100
|-damage|p1a: Ninetales|45/100|[from] Stealth Rock
|-weather|Snowscape|[from] ability: Snow Warning|[of] p1a: Ninetales
|move|p2a: Weed Cat|Flower Trick|p1a: Ninetales
|-crit|p1a: Ninetales
|-damage|p1a: Ninetales|0 fnt
|faint|p1a: Ninetales
|
|-weather|Snowscape|[upkeep]
|upkeep
|
|t:|1758277363
|switch|p1a: Latias|Latias, F|75/100
|-damage|p1a: Latias|63/100|[from] Stealth Rock
|turn|28
|
|t:|1758277369
|move|p2a: Weed Cat|Flower Trick|p1a: Latias
|-resisted|p1a: Latias
|-crit|p1a: Latias
|-damage|p1a: Latias|24/100
|move|p1a: Latias|Agility|p1a: Latias
|-boost|p1a: Latias|spe|2
|
|-weather|Snowscape|[upkeep]
|upkeep
|turn|29
|
|t:|1758277375
|move|p1a: Latias|Draining Kiss|p2a: Weed Cat
|-damage|p2a: Weed Cat|0 fnt
|-heal|p1a: Latias|26/100|[from] drain|[of] p2a: Weed Cat
|faint|p2a: Weed Cat
|
|-weather|Snowscape|[upkeep]
|upkeep
|
|t:|1758277379
|switch|p2a: Goth IHOP|Darkrai, shiny|100/100
|turn|30
|
|t:|1758277386
|move|p2a: Goth IHOP|Ice Beam|p1a: Latias
|-supereffective|p1a: Latias
|-damage|p1a: Latias|0 fnt
|faint|p1a: Latias
|
|-weather|Snowscape|[upkeep]
|upkeep
|
|t:|1758277389
|switch|p1a: Ursaluna|Ursaluna, M, tera:Fighting|34/100 brn
|-damage|p1a: Ursaluna|27/100 brn|[from] Stealth Rock
|turn|31
|
|t:|1758277391
|move|p2a: Goth IHOP|Ice Beam|p1a: Ursaluna
|-damage|p1a: Ursaluna|0 fnt
|faint|p1a: Ursaluna
|
|win|Prestina
|raw|yhpmzy's rating: 1382 &rarr; <strong>1366</strong><br />(-16 for losing)
|raw|Prestina's rating: 1455 &rarr; <strong>1471</strong><br />(+16 for winning)
|l|☆Prestina
|player|p2|
|l|☆yhpmzy
|player|p1|
