|j|☆lerendezvous
|j|☆Roboute
|t:|1758377192
|gametype|singles
|player|p1|lerendezvous|101|1693
|player|p2|Roboute|266|1651
|gen|9
|tier|[Gen 9] OU
|rated|
|rule|HP Percentage Mod: HP is shown in percentages
|rule|Endless Battle Clause: Forcing endless battles is banned
|rule|Species Clause: Limit one of each Pokémon
|rule|OHKO Clause: OHKO moves are banned
|rule|Evasion Items Clause: Evasion items are banned
|rule|Evasion Moves Clause: Evasion moves are banned
|rule|Evasion Abilities Clause: Evasion abilities are banned
|rule|Sleep Moves Clause: Sleep-inducing moves are banned
|clearpoke
|poke|p1|Ogerpon-Wellspring, F|
|poke|p1|Slowking-Galar, M|
|poke|p1|Great Tusk|
|poke|p1|Moltres|
|poke|p1|Dragapult, M|
|poke|p1|Kingambit, M|
|poke|p2|Tyranitar, M|
|poke|p2|Excadrill, M|
|poke|p2|Tornadus-Therian, M|
|poke|p2|Tinkaton, F|
|poke|p2|Sinistcha|
|poke|p2|Toxapex, M|
|teampreview
|inactive|Battle timer is ON: inactive players will automatically lose when time's up. (requested by Roboute)
|
|t:|1758377199
|teamsize|p1|6
|teamsize|p2|6
|start
|switch|p1a: Kingambit|Kingambit, M|100/100
|switch|p2a: Tinkaton|Tinkaton, F, shiny|100/100
|-item|p2a: Tinkaton|Air Balloon
|turn|1
|inactive|lerendezvous also wants the timer to be on.
|
|t:|1758377205
|move|p2a: Tinkaton|Gigaton Hammer|p1a: Kingambit
|-resisted|p1a: Kingambit
|-damage|p1a: Kingambit|76/100
|move|p1a: Kingambit|Iron Head|p2a: Tinkaton
|-damage|p2a: Tinkaton|45/100
|-enditem|p2a: Tinkaton|Air Balloon
|-enditem|p1a: Kingambit|Leftovers|[silent]|[from] ability: Pickpocket|[of] p1a: Kingambit
|-item|p2a: Tinkaton|Leftovers|[from] ability: Pickpocket|[of] p1a: Kingambit
|
|-heal|p2a: Tinkaton|51/100|[from] item: Leftovers
|upkeep
|turn|2
|
|t:|1758377223
|switch|p2a: Excadrill|Excadrill, M, shiny|100/100
|move|p1a: Kingambit|Iron Head|p2a: Excadrill
|-resisted|p2a: Excadrill
|-damage|p2a: Excadrill|68/100
|
|-heal|p2a: Excadrill|74/100|[from] item: Leftovers
|upkeep
|turn|3
|
|t:|1758377234
|-end|p1a: Kingambit|fallenundefined|[silent]
|switch|p1a: Moltres|Moltres|100/100
|move|p2a: Excadrill|Rock Slide|p1a: Moltres
|-supereffective|p1a: Moltres
|-damage|p1a: Moltres|21/100
|
|-heal|p2a: Excadrill|80/100|[from] item: Leftovers
|upkeep
|turn|4
|
|t:|1758377240
|-terastallize|p1a: Moltres|Fairy
|move|p2a: Excadrill|Rock Slide|p1a: Moltres
|-damage|p1a: Moltres|1/100
|move|p1a: Moltres|Flamethrower|p2a: Excadrill
|-supereffective|p2a: Excadrill
|-damage|p2a: Excadrill|0 fnt
|faint|p2a: Excadrill
|
|upkeep
|
|t:|1758377247
|switch|p2a: Tornadus|Tornadus-Therian, M, shiny|100/100
|turn|5
|
|t:|1758377253
|switch|p1a: Slowking|Slowking-Galar, M|100/100
|move|p2a: Tornadus|Bleakwind Storm|p1a: Slowking
|-damage|p1a: Slowking|67/100
|
|upkeep
|turn|6
|
|t:|1758377258
|switch|p2a: Tyranitar|Tyranitar, M, shiny|100/100
|-weather|Sandstorm|[from] ability: Sand Stream|[of] p2a: Tyranitar
|move|p1a: Slowking|Ice Beam|p2a: Tyranitar
|-damage|p2a: Tyranitar|83/100
|
|-weather|Sandstorm|[upkeep]
|-damage|p1a: Slowking|61/100|[from] Sandstorm
|upkeep
|turn|7
|
|t:|1758377268
|switch|p1a: Moltres|Moltres, tera:Fairy|1/100
|move|p2a: Tyranitar|Knock Off|p1a: Moltres
|-resisted|p1a: Moltres
|-damage|p1a: Moltres|0 fnt
|-status|p2a: Tyranitar|brn|[from] ability: Flame Body|[of] p1a: Moltres
|-enditem|p1a: Moltres|Heavy-Duty Boots|[from] move: Knock Off|[of] p2a: Tyranitar
|faint|p1a: Moltres
|
|-weather|Sandstorm|[upkeep]
|-damage|p2a: Tyranitar|77/100 brn|[from] brn
|upkeep
|
|t:|1758377273
|switch|p1a: Ogerpon|Ogerpon-Wellspring, F|100/100
|turn|8
|
|t:|1758377277
|switch|p2a: Toxapex|Toxapex, M, shiny|100/100
|move|p1a: Ogerpon|Ivy Cudgel|p2a: Toxapex|[anim] Ivy Cudgel Water
|-resisted|p2a: Toxapex
|-crit|p2a: Toxapex
|-damage|p2a: Toxapex|69/100
|-enditem|p2a: Toxapex|Eject Button
|
|t:|1758377285
|switch|p2a: Tornadus|Tornadus-Therian, M, shiny|100/100
|
|-weather|Sandstorm|[upkeep]
|-damage|p2a: Tornadus|94/100|[from] Sandstorm
|-damage|p1a: Ogerpon|95/100|[from] Sandstorm
|upkeep
|turn|9
|
|t:|1758377289
|switch|p1a: Slowking|Slowking-Galar, M|94/100
|move|p2a: Tornadus|Bleakwind Storm|p1a: Slowking|[miss]
|-miss|p2a: Tornadus|p1a: Slowking
|
|-weather|Sandstorm|[upkeep]
|-damage|p2a: Tornadus|88/100|[from] Sandstorm
|-damage|p1a: Slowking|88/100|[from] Sandstorm
|upkeep
|turn|10
|
|t:|1758377293
|switch|p2a: Tyranitar|Tyranitar, M, shiny|77/100 brn
|move|p1a: Slowking|Psyshock|p2a: Tyranitar
|-immune|p2a: Tyranitar
|
|-weather|none
|-damage|p2a: Tyranitar|71/100 brn|[from] brn
|upkeep
|turn|11
|
|t:|1758377298
|switch|p1a: Ogerpon|Ogerpon-Wellspring, F|95/100
|move|p2a: Tyranitar|Knock Off|p1a: Ogerpon
|-damage|p1a: Ogerpon|55/100
|
|-damage|p2a: Tyranitar|65/100 brn|[from] brn
|upkeep
|turn|12
|
|t:|1758377303
|switch|p2a: Toxapex|Toxapex, M, shiny|100/100
|move|p1a: Ogerpon|Power Whip|p2a: Toxapex
|-damage|p2a: Toxapex|54/100
|
|upkeep
|turn|13
|
|t:|1758377311
|move|p1a: Ogerpon|U-turn|p2a: Toxapex
|-resisted|p2a: Toxapex
|-damage|p2a: Toxapex|44/100
|
|t:|1758377317
|switch|p1a: Kingambit|Kingambit, M|76/100|[from] U-turn
|-activate|p1a: Kingambit|ability: Supreme Overlord
|-start|p1a: Kingambit|fallen1|[silent]
|move|p2a: Toxapex|Toxic|p1a: Kingambit
|-immune|p1a: Kingambit
|
|upkeep
|turn|14
|
|t:|1758377330
|switch|p2a: Tyranitar|Tyranitar, M, shiny|65/100 brn
|-weather|Sandstorm|[from] ability: Sand Stream|[of] p2a: Tyranitar
|move|p1a: Kingambit|Iron Head|p2a: Tyranitar
|-supereffective|p2a: Tyranitar
|-damage|p2a: Tyranitar|0 fnt
|faint|p2a: Tyranitar
|
|-weather|Sandstorm|[upkeep]
|upkeep
|
|t:|1758377337
|switch|p2a: Sinistcha|Sinistcha, shiny|100/100
|turn|15
|
|t:|1758377341
|-terastallize|p2a: Sinistcha|Fighting
|move|p1a: Kingambit|Swords Dance|p1a: Kingambit
|-boost|p1a: Kingambit|atk|2
|move|p2a: Sinistcha|Calm Mind|p2a: Sinistcha
|-boost|p2a: Sinistcha|spa|1
|-boost|p2a: Sinistcha|spd|1
|
|-weather|Sandstorm|[upkeep]
|-damage|p2a: Sinistcha|94/100|[from] Sandstorm
|-heal|p2a: Sinistcha|100/100|[from] item: Leftovers
|upkeep
|turn|16
|
|t:|1758377345
|move|p1a: Kingambit|Iron Head|p2a: Sinistcha
|-damage|p2a: Sinistcha|33/100
|cant|p2a: Sinistcha|flinch
|
|-weather|Sandstorm|[upkeep]
|-damage|p2a: Sinistcha|27/100|[from] Sandstorm
|-heal|p2a: Sinistcha|33/100|[from] item: Leftovers
|upkeep
|turn|17
|
|t:|1758377352
|move|p1a: Kingambit|Iron Head|p2a: Sinistcha
|-damage|p2a: Sinistcha|0 fnt
|faint|p2a: Sinistcha
|
|-weather|Sandstorm|[upkeep]
|upkeep
|
|t:|1758377359
|switch|p2a: Tornadus|Tornadus-Therian, M, shiny|100/100
|turn|18
|
|t:|1758377362
|move|p1a: Kingambit|Sucker Punch|p2a: Tornadus
|-damage|p2a: Tornadus|0 fnt
|faint|p2a: Tornadus
|
|-weather|none
|upkeep
|-message|Roboute forfeited.
|
|win|lerendezvous
|raw|lerendezvous's rating: 1693 &rarr; <strong>1711</strong><br />(+18 for winning)
|raw|Roboute's rating: 1651 &rarr; <strong>1633</strong><br />(-18 for losing)
