|j|☆Volga123
|j|☆jlce
|t:|1758290832
|gametype|singles
|player|p1|Volga123|cynthia|1454
|player|p2|jlce|101|1432
|gen|9
|tier|[Gen 9] OU
|rated|
|rule|HP Percentage Mod: HP is shown in percentages
|rule|Endless Battle Clause: Forcing endless battles is banned
|rule|Species Clause: Limit one of each Pokémon
|rule|OHKO Clause: OHKO moves are banned
|rule|Evasion Items Clause: Evasion items are banned
|rule|Evasion Moves Clause: Evasion moves are banned
|rule|Evasion Abilities Clause: Evasion abilities are banned
|rule|Sleep Moves Clause: Sleep-inducing moves are banned
|clearpoke
|poke|p1|Torkoal, F|
|poke|p1|Scovillain, M|
|poke|p1|Walking Wake|
|poke|p1|Arcanine-Hisui, F|
|poke|p1|Great Tusk|
|poke|p1|Grimmsnarl, M|
|poke|p2|Dragapult, M|
|poke|p2|Weavile, F|
|poke|p2|Greninja-*, M|
|poke|p2|Tentacruel, M|
|poke|p2|Samurott-Hisui, F|
|poke|p2|Sinistcha|
|teampreview
|inactive|Battle timer is ON: inactive players will automatically lose when time's up. (requested by jlce)
|
|t:|1758290850
|teamsize|p1|6
|teamsize|p2|6
|start
|switch|p1a: Torkoal|Torkoal, F|100/100
|switch|p2a: Samurott|Samurott-Hisui, F|100/100
|-weather|SunnyDay|[from] ability: Drought|[of] p1a: Torkoal
|turn|1
|
|t:|1758290856
|move|p2a: Samurott|Flip Turn|p1a: Torkoal
|-supereffective|p1a: Torkoal
|-damage|p1a: Torkoal|84/100
|
|t:|1758290859
|switch|p2a: Dragapult|Dragapult, M|100/100|[from] Flip Turn
|move|p1a: Torkoal|Body Press|p2a: Dragapult
|-immune|p2a: Dragapult
|
|-weather|SunnyDay|[upkeep]
|upkeep
|turn|2
|
|t:|1758290873
|switch|p1a: Grimmsnarl|Grimmsnarl, M|100/100
|move|p2a: Dragapult|Dragon Dance|p2a: Dragapult
|-boost|p2a: Dragapult|atk|1
|-boost|p2a: Dragapult|spe|1
|
|-weather|SunnyDay|[upkeep]
|upkeep
|turn|3
|
|t:|1758290883
|switch|p2a: Samurott|Samurott-Hisui, F|100/100
|move|p1a: Grimmsnarl|Reflect|p1a: Grimmsnarl
|-sidestart|p1: Volga123|Reflect
|
|-weather|SunnyDay|[upkeep]
|upkeep
|turn|4
|
|t:|1758290886
|move|p2a: Samurott|Ceaseless Edge|p1a: Grimmsnarl|[miss]
|-miss|p2a: Samurott|p1a: Grimmsnarl
|move|p1a: Grimmsnarl|Spirit Break|p2a: Samurott
|-supereffective|p2a: Samurott
|-damage|p2a: Samurott|16/100
|-unboost|p2a: Samurott|spa|1
|
|-weather|SunnyDay|[upkeep]
|upkeep
|turn|5
|
|t:|1758290889
|move|p2a: Samurott|Ceaseless Edge|p1a: Grimmsnarl
|-resisted|p1a: Grimmsnarl
|-damage|p1a: Grimmsnarl|94/100
|-sidestart|p1: Volga123|Spikes
|move|p1a: Grimmsnarl|Spirit Break|p2a: Samurott
|-supereffective|p2a: Samurott
|-damage|p2a: Samurott|0 fnt
|faint|p2a: Samurott
|
|-weather|SunnyDay|[upkeep]
|upkeep
|
|t:|1758290892
|switch|p2a: Tentacruel|Tentacruel, M|100/100
|turn|6
|
|t:|1758290896
|move|p1a: Grimmsnarl|Light Screen|p1a: Grimmsnarl
|-sidestart|p1: Volga123|move: Light Screen
|move|p2a: Tentacruel|Toxic Spikes|p1a: Grimmsnarl
|-sidestart|p1: Volga123|move: Toxic Spikes
|
|-weather|SunnyDay|[upkeep]
|upkeep
|turn|7
|
|t:|1758290901
|switch|p1a: Great Tusk|Great Tusk|100/100
|-damage|p1a: Great Tusk|88/100|[from] Spikes
|-status|p1a: Great Tusk|psn
|-activate|p1a: Great Tusk|ability: Protosynthesis
|-start|p1a: Great Tusk|protosynthesisatk
|move|p2a: Tentacruel|Toxic Spikes|p1a: Great Tusk
|-sidestart|p1: Volga123|move: Toxic Spikes
|
|-weather|SunnyDay|[upkeep]
|-heal|p1a: Great Tusk|94/100 psn|[from] item: Leftovers
|-damage|p1a: Great Tusk|82/100 psn|[from] psn
|upkeep
|turn|8
|
|t:|1758290907
|switch|p2a: Sinistcha|Sinistcha|100/100
|move|p1a: Great Tusk|Knock Off|p2a: Sinistcha
|-supereffective|p2a: Sinistcha
|-damage|p2a: Sinistcha|36/100
|-enditem|p2a: Sinistcha|Leftovers|[from] move: Knock Off|[of] p1a: Great Tusk
|
|-weather|none
|-end|p1a: Great Tusk|Protosynthesis
|-heal|p1a: Great Tusk|88/100 psn|[from] item: Leftovers
|-damage|p1a: Great Tusk|76/100 psn|[from] psn
|upkeep
|turn|9
|
|t:|1758290914
|move|p1a: Great Tusk|Ice Spinner|p2a: Sinistcha
|-supereffective|p2a: Sinistcha
|-damage|p2a: Sinistcha|0 fnt
|faint|p2a: Sinistcha
|
|-heal|p1a: Great Tusk|82/100 psn|[from] item: Leftovers
|-damage|p1a: Great Tusk|70/100 psn|[from] psn
|upkeep
|
|t:|1758290917
|switch|p2a: Greninja|Greninja, M|100/100
|turn|10
|
|t:|1758290924
|-end|p1a: Great Tusk|Protosynthesis|[silent]
|switch|p1a: Walking Wake|Walking Wake|100/100
|-damage|p1a: Walking Wake|88/100|[from] Spikes
|-status|p1a: Walking Wake|tox
|move|p2a: Greninja|Hydro Pump|p1a: Walking Wake|[miss]
|-miss|p2a: Greninja|p1a: Walking Wake
|
|-damage|p1a: Walking Wake|82/100 tox|[from] psn
|-sideend|p1: Volga123|Reflect
|upkeep
|turn|11
|
|t:|1758290929
|switch|p2a: Tentacruel|Tentacruel, M|100/100
|-terastallize|p1a: Walking Wake|Electric
|move|p1a: Walking Wake|Tera Blast|p2a: Tentacruel|[anim] Tera Blast Electric
|-supereffective|p2a: Tentacruel
|-damage|p2a: Tentacruel|34/100
|-damage|p1a: Walking Wake|72/100 tox|[from] item: Life Orb
|
|-damage|p1a: Walking Wake|60/100 tox|[from] psn
|upkeep
|turn|12
|
|t:|1758290937
|move|p1a: Walking Wake|Draco Meteor|p2a: Tentacruel
|-damage|p2a: Tentacruel|0 fnt
|-unboost|p1a: Walking Wake|spa|2
|faint|p2a: Tentacruel
|-damage|p1a: Walking Wake|50/100 tox|[from] item: Life Orb
|
|-damage|p1a: Walking Wake|31/100 tox|[from] psn
|upkeep
|
|t:|1758290939
|switch|p2a: Weavile|Weavile, F|100/100
|turn|13
|
|t:|1758290942
|-end|p1a: Walking Wake|Protosynthesis|[silent]
|switch|p1a: Torkoal|Torkoal, F|84/100
|-damage|p1a: Torkoal|72/100|[from] Spikes
|-status|p1a: Torkoal|tox
|-weather|SunnyDay|[from] ability: Drought|[of] p1a: Torkoal
|move|p2a: Weavile|Knock Off|p1a: Torkoal
|-damage|p1a: Torkoal|36/100 tox
|-enditem|p1a: Torkoal|Heat Rock|[from] move: Knock Off|[of] p2a: Weavile
|-damage|p2a: Weavile|91/100|[from] item: Life Orb
|
|-weather|SunnyDay|[upkeep]
|-damage|p1a: Torkoal|30/100 tox|[from] psn
|-sideend|p1: Volga123|move: Light Screen
|upkeep
|turn|14
|
|t:|1758290950
|switch|p2a: Dragapult|Dragapult, M|100/100
|move|p1a: Torkoal|Solar Beam||[still]
|-prepare|p1a: Torkoal|Solar Beam
|-anim|p1a: Torkoal|Solar Beam|p2a: Dragapult
|-resisted|p2a: Dragapult
|-damage|p2a: Dragapult|85/100
|
|-weather|SunnyDay|[upkeep]
|-damage|p1a: Torkoal|18/100 tox|[from] psn
|upkeep
|turn|15
|
|t:|1758290960
|switch|p1a: Grimmsnarl|Grimmsnarl, M|94/100
|-damage|p1a: Grimmsnarl|82/100|[from] Spikes
|-status|p1a: Grimmsnarl|tox
|move|p2a: Dragapult|Dragon Dance|p2a: Dragapult
|-boost|p2a: Dragapult|atk|1
|-boost|p2a: Dragapult|spe|1
|
|-weather|SunnyDay|[upkeep]
|-damage|p1a: Grimmsnarl|76/100 tox|[from] psn
|upkeep
|turn|16
|
|t:|1758290963
|move|p1a: Grimmsnarl|Reflect|p1a: Grimmsnarl
|-sidestart|p1: Volga123|Reflect
|move|p2a: Dragapult|Fire Blast|p1a: Grimmsnarl
|-damage|p1a: Grimmsnarl|40/100 tox
|-damage|p2a: Dragapult|75/100|[from] item: Life Orb
|
|-weather|SunnyDay|[upkeep]
|-damage|p1a: Grimmsnarl|28/100 tox|[from] psn
|upkeep
|turn|17
|
|t:|1758290969
|move|p1a: Grimmsnarl|Light Screen|p1a: Grimmsnarl
|-sidestart|p1: Volga123|move: Light Screen
|move|p2a: Dragapult|Dragon Dance|p2a: Dragapult
|-boost|p2a: Dragapult|atk|1
|-boost|p2a: Dragapult|spe|1
|
|-weather|SunnyDay|[upkeep]
|-damage|p1a: Grimmsnarl|10/100 tox|[from] psn
|upkeep
|turn|18
|
|t:|1758290974
|move|p2a: Dragapult|Phantom Force||[still]
|-prepare|p2a: Dragapult|Phantom Force
|move|p1a: Grimmsnarl|Spirit Break|p2a: Dragapult|[miss]
|-miss|p1a: Grimmsnarl|p2a: Dragapult
|
|-weather|SunnyDay|[upkeep]
|-damage|p1a: Grimmsnarl|0 fnt|[from] psn
|faint|p1a: Grimmsnarl
|upkeep
|inactive|Volga123 has 120 seconds left.
|
|t:|1758291006
|switch|p1a: Walking Wake|Walking Wake, tera:Electric|31/100 tox
|-damage|p1a: Walking Wake|19/100 tox|[from] Spikes
|-activate|p1a: Walking Wake|ability: Protosynthesis
|-start|p1a: Walking Wake|protosynthesisspe
|turn|19
|
|t:|1758291011
|move|p2a: Dragapult|Phantom Force|p1a: Walking Wake|[from] lockedmove
|-damage|p1a: Walking Wake|0 fnt
|faint|p1a: Walking Wake
|-end|p1a: Walking Wake|Protosynthesis|[silent]
|-damage|p2a: Dragapult|65/100|[from] item: Life Orb
|
|-weather|SunnyDay|[upkeep]
|upkeep
|
|t:|1758291016
|switch|p1a: Great Tusk|Great Tusk|70/100 psn
|-damage|p1a: Great Tusk|57/100 psn|[from] Spikes
|-activate|p1a: Great Tusk|ability: Protosynthesis
|-start|p1a: Great Tusk|protosynthesisatk
|turn|20
|
|t:|1758291032
|-terastallize|p2a: Dragapult|Dragon
|move|p2a: Dragapult|Phantom Force||[still]
|-prepare|p2a: Dragapult|Phantom Force
|move|p1a: Great Tusk|Ice Spinner|p2a: Dragapult|[miss]
|-miss|p1a: Great Tusk|p2a: Dragapult
|
|-weather|none
|-end|p1a: Great Tusk|Protosynthesis
|-heal|p1a: Great Tusk|63/100 psn|[from] item: Leftovers
|-damage|p1a: Great Tusk|51/100 psn|[from] psn
|upkeep
|turn|21
|
|t:|1758291037
|move|p2a: Dragapult|Phantom Force|p1a: Great Tusk|[from] lockedmove
|-damage|p1a: Great Tusk|11/100 psn
|-damage|p2a: Dragapult|55/100|[from] item: Life Orb
|move|p1a: Great Tusk|Ice Spinner|p2a: Dragapult
|-supereffective|p2a: Dragapult
|-damage|p2a: Dragapult|0 fnt
|faint|p2a: Dragapult
|
|-heal|p1a: Great Tusk|17/100 psn|[from] item: Leftovers
|-damage|p1a: Great Tusk|5/100 psn|[from] psn
|upkeep
|
|t:|1758291044
|switch|p2a: Greninja|Greninja, M|100/100
|turn|22
|
|t:|1758291055
|-end|p1a: Great Tusk|Protosynthesis|[silent]
|switch|p1a: Torkoal|Torkoal, F|18/100 tox
|-damage|p1a: Torkoal|5/100 tox|[from] Spikes
|-weather|SunnyDay|[from] ability: Drought|[of] p1a: Torkoal
|move|p2a: Greninja|Water Shuriken|p1a: Torkoal
|-supereffective|p1a: Torkoal
|-damage|p1a: Torkoal|0 fnt
|faint|p1a: Torkoal
|-ability|p2a: Greninja|Battle Bond|boost
|-boost|p2a: Greninja|atk|1
|-boost|p2a: Greninja|spa|1
|-boost|p2a: Greninja|spe|1
|-activate|p2a: Greninja|ability: Battle Bond
|-hitcount|p1: Torkoal|1
|-damage|p2a: Greninja|91/100|[from] item: Life Orb
|
|-weather|SunnyDay|[upkeep]
|upkeep
|
|t:|1758291061
|switch|p1a: Scovillain|Scovillain, M|100/100
|-damage|p1a: Scovillain|88/100|[from] Spikes
|-status|p1a: Scovillain|tox
|turn|23
|
|t:|1758291067
|move|p2a: Greninja|Dark Pulse|p1a: Scovillain
|-damage|p1a: Scovillain|28/100 tox
|-damage|p2a: Greninja|81/100|[from] item: Life Orb
|cant|p1a: Scovillain|flinch
|
|-weather|SunnyDay|[upkeep]
|-damage|p1a: Scovillain|22/100 tox|[from] psn
|-sideend|p1: Volga123|Reflect
|upkeep
|turn|24
|-message|Volga123 forfeited.
|
|win|jlce
|raw|Volga123's rating: 1454 &rarr; <strong>1433</strong><br />(-21 for losing)
|raw|jlce's rating: 1432 &rarr; <strong>1453</strong><br />(+21 for winning)
|l|☆Volga123
|player|p1|
|l|☆jlce
|player|p2|
