|j|☆GoldenBoyy91
|j|☆TigerGhosty
|t:|1758287700
|gametype|singles
|player|p1|GoldenBoyy91|102|1137
|player|p2|TigerGhosty|cheryl|1116
|gen|9
|tier|[Gen 9] OU
|rated|
|rule|HP Percentage Mod: HP is shown in percentages
|rule|Endless Battle Clause: Forcing endless battles is banned
|rule|Species Clause: Limit one of each Pokémon
|rule|OHKO Clause: OHKO moves are banned
|rule|Evasion Items Clause: Evasion items are banned
|rule|Evasion Moves Clause: Evasion moves are banned
|rule|Evasion Abilities Clause: Evasion abilities are banned
|rule|Sleep Moves Clause: Sleep-inducing moves are banned
|clearpoke
|poke|p1|Weavile, F|
|poke|p1|Gliscor, F|
|poke|p1|Hatterene, F|
|poke|p1|Great Tusk|
|poke|p1|Latias, F|
|poke|p1|Cobalion|
|poke|p2|Porygon2|
|poke|p2|Garganacl, M|
|poke|p2|Kingambit, M|
|poke|p2|Slowking-Galar, F|
|poke|p2|Dusclops, F|
|poke|p2|Weezing-Galar, F|
|teampreview
|
|t:|1758287704
|teamsize|p1|6
|teamsize|p2|6
|start
|switch|p1a: Latias|Latias, F|100/100
|switch|p2a: Porygon2|Porygon2|100/100
|-ability|p2a: Porygon2|Download|boost
|-boost|p2a: Porygon2|atk|1
|turn|1
|
|t:|1758287708
|switch|p1a: Hatterene|Hatterene, F|100/100
|move|p2a: Porygon2|Trick Room|p2a: Porygon2
|-fieldstart|move: Trick Room|[of] p2a: Porygon2
|
|upkeep
|turn|2
|
|t:|1758287720
|switch|p2a: Slowking|Slowking-Galar, F|100/100
|move|p1a: Hatterene|Nuzzle|p2a: Slowking
|-damage|p2a: Slowking|96/100
|-status|p2a: Slowking|par
|
|upkeep
|turn|3
|
|t:|1758287726
|cant|p2a: Slowking|par
|move|p1a: Hatterene|Psyshock|p2a: Slowking
|-damage|p2a: Slowking|54/100 par
|
|upkeep
|turn|4
|
|t:|1758287731
|move|p2a: Slowking|Sludge Bomb|p1a: Hatterene
|-supereffective|p1a: Hatterene
|-damage|p1a: Hatterene|48/100
|move|p1a: Hatterene|Mystical Fire|p2a: Slowking
|-damage|p2a: Slowking|41/100 par
|-unboost|p2a: Slowking|spa|1
|
|upkeep
|turn|5
|
|t:|1758287736
|move|p2a: Slowking|Sludge Bomb|p1a: Hatterene
|-supereffective|p1a: Hatterene
|-damage|p1a: Hatterene|8/100
|-status|p1a: Hatterene|psn
|move|p1a: Hatterene|Psyshock|p2a: Slowking
|-damage|p2a: Slowking|0 fnt
|faint|p2a: Slowking
|
|-damage|p1a: Hatterene|0 fnt|[from] psn
|faint|p1a: Hatterene
|-fieldend|move: Trick Room
|upkeep
|
|t:|1758287744
|switch|p2a: Porygon2|Porygon2|100/100
|switch|p1a: Latias|Latias, F|100/100
|-ability|p2a: Porygon2|Download|boost
|-boost|p2a: Porygon2|atk|1
|turn|6
|
|t:|1758287749
|switch|p1a: Cobalion|Cobalion|100/100
|move|p2a: Porygon2|Trick Room|p2a: Porygon2
|-fieldstart|move: Trick Room|[of] p2a: Porygon2
|
|upkeep
|turn|7
|
|t:|1758287763
|switch|p2a: Dusclops|Dusclops, F|100/100
|-item|p1a: Cobalion|Shuca Berry|[from] ability: Frisk|[of] p2a: Dusclops
|move|p1a: Cobalion|Stealth Rock|p2a: Dusclops
|-sidestart|p2: TigerGhosty|move: Stealth Rock
|
|upkeep
|turn|8
|
|t:|1758287766
|move|p2a: Dusclops|Will-O-Wisp|p1a: Cobalion
|-status|p1a: Cobalion|brn
|move|p1a: Cobalion|Thunder Wave|p2a: Dusclops
|-status|p2a: Dusclops|par
|
|-damage|p1a: Cobalion|95/100 brn|[from] brn
|upkeep
|turn|9
|
|t:|1758287773
|cant|p2a: Dusclops|par
|move|p1a: Cobalion|Volt Switch|p2a: Dusclops
|-damage|p2a: Dusclops|94/100 par
|
|t:|1758287777
|switch|p1a: Weavile|Weavile, F|100/100|[from] Volt Switch
|
|upkeep
|turn|10
|
|t:|1758287780
|move|p2a: Dusclops|Will-O-Wisp|p1a: Weavile
|-status|p1a: Weavile|brn
|move|p1a: Weavile|Knock Off|p2a: Dusclops
|-supereffective|p2a: Dusclops
|-damage|p2a: Dusclops|65/100 par
|-enditem|p2a: Dusclops|Eviolite|[from] move: Knock Off|[of] p1a: Weavile
|
|-damage|p1a: Weavile|94/100 brn|[from] brn
|-fieldend|move: Trick Room
|upkeep
|turn|11
|
|t:|1758287792
|switch|p1a: Latias|Latias, F|100/100
|cant|p2a: Dusclops|par
|
|upkeep
|turn|12
|
|t:|1758287795
|move|p1a: Latias|Agility|p1a: Latias
|-boost|p1a: Latias|spe|2
|move|p2a: Dusclops|Trick Room|p2a: Dusclops
|-fieldstart|move: Trick Room|[of] p2a: Dusclops
|
|upkeep
|turn|13
|
|t:|1758287800
|switch|p2a: Porygon2|Porygon2|100/100
|-damage|p2a: Porygon2|88/100|[from] Stealth Rock
|-ability|p2a: Porygon2|Download|boost
|-boost|p2a: Porygon2|atk|1
|move|p1a: Latias|Calm Mind|p1a: Latias
|-boost|p1a: Latias|spa|1
|-boost|p1a: Latias|spd|1
|
|upkeep
|turn|14
|
|t:|1758287806
|-terastallize|p2a: Porygon2|Fairy
|move|p2a: Porygon2|Tera Blast|p1a: Latias|[anim] Tera Blast Fairy
|-supereffective|p1a: Latias
|-damage|p1a: Latias|62/100
|-enditem|p1a: Latias|Weakness Policy
|-boost|p1a: Latias|atk|2|[from] item: Weakness Policy
|-boost|p1a: Latias|spa|2|[from] item: Weakness Policy
|move|p1a: Latias|Calm Mind|p1a: Latias
|-boost|p1a: Latias|spa|1
|-boost|p1a: Latias|spd|1
|
|upkeep
|turn|15
|
|t:|1758287818
|move|p2a: Porygon2|Tera Blast|p1a: Latias|[anim] Tera Blast Fairy
|-supereffective|p1a: Latias
|-damage|p1a: Latias|29/100
|move|p1a: Latias|Stored Power|p2a: Porygon2
|-damage|p2a: Porygon2|0 fnt
|faint|p2a: Porygon2
|
|upkeep
|
|t:|1758287826
|switch|p2a: Kingambit|Kingambit, M|100/100
|-damage|p2a: Kingambit|94/100|[from] Stealth Rock
|-activate|p2a: Kingambit|ability: Supreme Overlord
|-start|p2a: Kingambit|fallen2|[silent]
|-item|p2a: Kingambit|Air Balloon
|turn|16
|
|t:|1758287839
|-terastallize|p1a: Latias|Fighting
|move|p2a: Kingambit|Kowtow Cleave|p1a: Latias
|-resisted|p1a: Latias
|-damage|p1a: Latias|0 fnt
|faint|p1a: Latias
|
|-fieldend|move: Trick Room
|upkeep
|
|t:|1758287855
|switch|p1a: Cobalion|Cobalion|95/100 brn
|turn|17
|
|t:|1758287860
|-end|p2a: Kingambit|fallen2|[silent]
|switch|p2a: Dusclops|Dusclops, F|65/100 par
|-damage|p2a: Dusclops|53/100 par|[from] Stealth Rock
|-item|p1a: Cobalion|Shuca Berry|[from] ability: Frisk|[of] p2a: Dusclops
|move|p1a: Cobalion|Body Press|p2a: Dusclops
|-immune|p2a: Dusclops
|
|-damage|p1a: Cobalion|89/100 brn|[from] brn
|upkeep
|turn|18
|
|t:|1758287869
|move|p1a: Cobalion|Volt Switch|p2a: Dusclops
|-damage|p2a: Dusclops|42/100 par
|
|t:|1758287871
|switch|p1a: Weavile|Weavile, F|94/100 brn|[from] Volt Switch
|move|p2a: Dusclops|Trick Room|p2a: Dusclops
|-fieldstart|move: Trick Room|[of] p2a: Dusclops
|
|-damage|p1a: Weavile|88/100 brn|[from] brn
|upkeep
|turn|19
|
|t:|1758287874
|move|p2a: Dusclops|Pain Split|p1a: Weavile
|-sethp|p1a: Weavile|65/100 brn|[from] move: Pain Split|[silent]
|-sethp|p2a: Dusclops|65/100 par|[from] move: Pain Split
|move|p1a: Weavile|Knock Off|p2a: Dusclops
|-supereffective|p2a: Dusclops
|-damage|p2a: Dusclops|36/100 par
|
|-damage|p1a: Weavile|59/100 brn|[from] brn
|upkeep
|turn|20
|inactive|Battle timer is ON: inactive players will automatically lose when time's up. (requested by GoldenBoyy91)
|
|t:|1758287880
|move|p2a: Dusclops|Pain Split|p1a: Weavile
|-sethp|p1a: Weavile|48/100 brn|[from] move: Pain Split|[silent]
|-sethp|p2a: Dusclops|47/100 par|[from] move: Pain Split
|move|p1a: Weavile|Knock Off|p2a: Dusclops
|-supereffective|p2a: Dusclops
|-damage|p2a: Dusclops|15/100 par
|
|-damage|p1a: Weavile|42/100 brn|[from] brn
|upkeep
|turn|21
|
|t:|1758287887
|cant|p2a: Dusclops|par
|move|p1a: Weavile|Knock Off|p2a: Dusclops
|-supereffective|p2a: Dusclops
|-damage|p2a: Dusclops|0 fnt
|faint|p2a: Dusclops
|
|-damage|p1a: Weavile|36/100 brn|[from] brn
|upkeep
|
|t:|1758287894
|switch|p2a: Garganacl|Garganacl, M|100/100
|-damage|p2a: Garganacl|88/100|[from] Stealth Rock
|turn|22
|
|t:|1758287897
|move|p2a: Garganacl|Curse|p2a: Garganacl
|-unboost|p2a: Garganacl|spe|1
|-boost|p2a: Garganacl|atk|1
|-boost|p2a: Garganacl|def|1
|move|p1a: Weavile|Knock Off|p2a: Garganacl
|-damage|p2a: Garganacl|78/100
|-damage|p1a: Weavile|19/100 brn|[from] item: Rocky Helmet|[of] p2a: Garganacl
|-enditem|p2a: Garganacl|Rocky Helmet|[from] move: Knock Off|[of] p1a: Weavile
|
|-damage|p1a: Weavile|13/100 brn|[from] brn
|-fieldend|move: Trick Room
|upkeep
|turn|23
|
|t:|1758287901
|switch|p1a: Cobalion|Cobalion|89/100 brn
|move|p2a: Garganacl|Curse|p2a: Garganacl
|-unboost|p2a: Garganacl|spe|1
|-boost|p2a: Garganacl|atk|1
|-boost|p2a: Garganacl|def|1
|
|-damage|p1a: Cobalion|83/100 brn|[from] brn
|upkeep
|turn|24
|
|t:|1758287906
|switch|p1a: Great Tusk|Great Tusk|100/100
|-enditem|p1a: Great Tusk|Booster Energy
|-activate|p1a: Great Tusk|ability: Protosynthesis|[fromitem]
|-start|p1a: Great Tusk|protosynthesisspe
|move|p2a: Garganacl|Recover|p2a: Garganacl
|-heal|p2a: Garganacl|100/100
|
|upkeep
|turn|25
|
|t:|1758287912
|move|p1a: Great Tusk|Headlong Rush|p2a: Garganacl
|-supereffective|p2a: Garganacl
|-damage|p2a: Garganacl|66/100
|-unboost|p1a: Great Tusk|def|1
|-unboost|p1a: Great Tusk|spd|1
|move|p2a: Garganacl|Body Press|p1a: Great Tusk
|-damage|p1a: Great Tusk|59/100
|
|upkeep
|turn|26
|
|t:|1758287917
|move|p1a: Great Tusk|Headlong Rush|p2a: Garganacl
|-supereffective|p2a: Garganacl
|-damage|p2a: Garganacl|33/100
|-unboost|p1a: Great Tusk|def|1
|-unboost|p1a: Great Tusk|spd|1
|move|p2a: Garganacl|Body Press|p1a: Great Tusk
|-damage|p1a: Great Tusk|0 fnt
|faint|p1a: Great Tusk
|-end|p1a: Great Tusk|Protosynthesis|[silent]
|
|upkeep
|
|t:|1758287927
|switch|p1a: Gliscor|Gliscor, F|100/100
|turn|27
|
|t:|1758287932
|move|p1a: Gliscor|Swords Dance|p1a: Gliscor
|-boost|p1a: Gliscor|atk|2
|move|p2a: Garganacl|Salt Cure|p1a: Gliscor
|-damage|p1a: Gliscor|82/100
|-start|p1a: Gliscor|Salt Cure
|
|-damage|p1a: Gliscor|70/100|[from] Salt Cure
|-status|p1a: Gliscor|tox|[from] item: Toxic Orb
|upkeep
|turn|28
|
|t:|1758287936
|move|p1a: Gliscor|Crabhammer|p2a: Garganacl
|-supereffective|p2a: Garganacl
|-damage|p2a: Garganacl|6/100
|move|p2a: Garganacl|Body Press|p1a: Gliscor
|-resisted|p1a: Gliscor
|-damage|p1a: Gliscor|56/100 tox
|
|-heal|p1a: Gliscor|69/100 tox|[from] ability: Poison Heal
|-damage|p1a: Gliscor|56/100 tox|[from] Salt Cure
|upkeep
|turn|29
|
|t:|1758287940
|move|p1a: Gliscor|Earthquake|p2a: Garganacl
|-supereffective|p2a: Garganacl
|-damage|p2a: Garganacl|0 fnt
|faint|p2a: Garganacl
|
|-heal|p1a: Gliscor|69/100 tox|[from] ability: Poison Heal
|-damage|p1a: Gliscor|56/100 tox|[from] Salt Cure
|upkeep
|
|t:|1758287949
|switch|p2a: Weezing|Weezing-Galar, F|100/100
|-ability|p2a: Weezing|Neutralizing Gas
|turn|30
|
|t:|1758287954
|move|p1a: Gliscor|Earthquake|p2a: Weezing
|-supereffective|p2a: Weezing
|-damage|p2a: Weezing|14/100
|move|p2a: Weezing|Defog|p1a: Gliscor
|-unboost|p1a: Gliscor|evasion|1
|-sideend|p2: TigerGhosty|Stealth Rock|[from] move: Defog|[of] p2a: Weezing
|
|-damage|p1a: Gliscor|38/100 tox|[from] psn
|-damage|p1a: Gliscor|25/100 tox|[from] Salt Cure
|upkeep
|turn|31
|
|t:|1758287960
|move|p1a: Gliscor|Earthquake|p2a: Weezing
|-supereffective|p2a: Weezing
|-damage|p2a: Weezing|0 fnt
|faint|p2a: Weezing
|-end|p2a: Weezing|ability: Neutralizing Gas
|
|-heal|p1a: Gliscor|38/100 tox|[from] ability: Poison Heal
|-damage|p1a: Gliscor|25/100 tox|[from] Salt Cure
|upkeep
|
|t:|1758287962
|switch|p2a: Kingambit|Kingambit, M|94/100
|-activate|p2a: Kingambit|ability: Supreme Overlord
|-start|p2a: Kingambit|fallen5|[silent]
|-item|p2a: Kingambit|Air Balloon
|turn|32
|
|t:|1758287968
|move|p1a: Gliscor|Protect|p1a: Gliscor
|-singleturn|p1a: Gliscor|Protect
|move|p2a: Kingambit|Swords Dance|p2a: Kingambit
|-boost|p2a: Kingambit|atk|2
|
|-heal|p1a: Gliscor|38/100 tox|[from] ability: Poison Heal
|-damage|p1a: Gliscor|25/100 tox|[from] Salt Cure
|upkeep
|turn|33
|
|t:|1758287974
|move|p1a: Gliscor|Crabhammer|p2a: Kingambit
|-crit|p2a: Kingambit
|-damage|p2a: Kingambit|38/100
|-enditem|p2a: Kingambit|Air Balloon
|move|p2a: Kingambit|Kowtow Cleave|p1a: Gliscor
|-damage|p1a: Gliscor|0 fnt
|faint|p1a: Gliscor
|
|upkeep
|
|t:|1758287978
|switch|p1a: Weavile|Weavile, F|13/100 brn
|turn|34
|
|t:|1758287981
|move|p2a: Kingambit|Sucker Punch|p1a: Weavile
|-resisted|p1a: Weavile
|-damage|p1a: Weavile|0 fnt
|faint|p1a: Weavile
|
|upkeep
|
|t:|1758287982
|switch|p1a: Cobalion|Cobalion|83/100 brn
|turn|35
|
|t:|1758287990
|move|p1a: Cobalion|Body Press|p2a: Kingambit
|-supereffective|p2a: Kingambit
|-damage|p2a: Kingambit|0 fnt
|faint|p2a: Kingambit
|-end|p2a: Kingambit|fallen5|[silent]
|
|win|GoldenBoyy91
|raw|GoldenBoyy91's rating: 1137 &rarr; <strong>1160</strong><br />(+23 for winning)
|raw|TigerGhosty's rating: 1116 &rarr; <strong>1093</strong><br />(-23 for losing)
|l|☆TigerGhosty
|player|p2|
|l|☆GoldenBoyy91
|player|p1|
