|j|☆c.empty
|j|☆Paofficial
|t:|1758358643
|gametype|singles
|player|p1|c.empty|2|1344
|player|p2|Paofficial|leon|1379
|gen|9
|tier|[Gen 9] OU
|rated|
|rule|HP Percentage Mod: HP is shown in percentages
|rule|Endless Battle Clause: Forcing endless battles is banned
|rule|Species Clause: Limit one of each Pokémon
|rule|OHKO Clause: OHKO moves are banned
|rule|Evasion Items Clause: Evasion items are banned
|rule|Evasion Moves Clause: Evasion moves are banned
|rule|Evasion Abilities Clause: Evasion abilities are banned
|rule|Sleep Moves Clause: Sleep-inducing moves are banned
|clearpoke
|poke|p1|Ninetales, F|
|poke|p1|Great Tusk|
|poke|p1|Walking Wake|
|poke|p1|Raging Bolt|
|poke|p1|Ting-Lu|
|poke|p1|Venusaur, M|
|poke|p2|Maushold-Four|
|poke|p2|Clawitzer, M|
|poke|p2|Tsareena, F|
|poke|p2|Armarouge, M|
|poke|p2|Corviknight, F|
|poke|p2|Garchomp, F|
|teampreview
|inactive|Battle timer is ON: inactive players will automatically lose when time's up. (requested by Paofficial)
|
|t:|1758358672
|teamsize|p1|6
|teamsize|p2|6
|start
|switch|p1a: Great Tusk|Great Tusk, shiny|100/100
|switch|p2a: Garchomp|Garchomp, F|100/100
|turn|1
|
|t:|1758358689
|-terastallize|p2a: Garchomp|Steel
|move|p2a: Garchomp|Swords Dance|p2a: Garchomp
|-boost|p2a: Garchomp|atk|2
|move|p1a: Great Tusk|Ice Spinner|p2a: Garchomp
|-resisted|p2a: Garchomp
|-damage|p2a: Garchomp|86/100
|-damage|p1a: Great Tusk|88/100|[from] ability: Rough Skin|[of] p2a: Garchomp
|
|upkeep
|turn|2
|inactive|c.empty has 120 seconds left.
|
|t:|1758358724
|-end|p1a: Great Tusk|Protosynthesis|[silent]
|switch|p1a: Ting-Lu|Ting-Lu|100/100
|-ability|p1a: Ting-Lu|Vessel of Ruin
|move|p2a: Garchomp|Scale Shot|p1a: Ting-Lu
|-damage|p1a: Ting-Lu|85/100
|-damage|p1a: Ting-Lu|69/100
|-damage|p1a: Ting-Lu|53/100
|-damage|p1a: Ting-Lu|37/100
|-damage|p1a: Ting-Lu|20/100
|-hitcount|p1a: Ting-Lu|5
|-unboost|p2a: Garchomp|def|1
|-boost|p2a: Garchomp|spe|1
|
|-heal|p1a: Ting-Lu|26/100|[from] item: Leftovers
|upkeep
|turn|3
|inactive|c.empty has 120 seconds left.
|
|t:|1758358732
|move|p2a: Garchomp|Scale Shot|p1a: Ting-Lu
|-damage|p1a: Ting-Lu|11/100
|-damage|p1a: Ting-Lu|0 fnt
|faint|p1a: Ting-Lu
|-hitcount|p1: Ting-Lu|2
|-unboost|p2a: Garchomp|def|1
|-boost|p2a: Garchomp|spe|1
|
|upkeep
|inactive|c.empty has 120 seconds left.
|
|t:|1758358739
|switch|p1a: Ninetales|Ninetales, F|100/100
|-weather|SunnyDay|[from] ability: Drought|[of] p1a: Ninetales
|turn|4
|
|t:|1758358747
|-terastallize|p1a: Ninetales|Grass
|move|p2a: Garchomp|Earthquake|p1a: Ninetales
|-resisted|p1a: Ninetales
|-damage|p1a: Ninetales|31/100
|move|p1a: Ninetales|Will-O-Wisp|p2a: Garchomp
|-status|p2a: Garchomp|brn
|
|-weather|SunnyDay|[upkeep]
|-damage|p2a: Garchomp|80/100 brn|[from] brn
|upkeep
|turn|5
|inactive|c.empty has 120 seconds left.
|
|t:|1758358765
|switch|p1a: Walking Wake|Walking Wake|100/100
|-activate|p1a: Walking Wake|ability: Protosynthesis
|-start|p1a: Walking Wake|protosynthesisspe
|move|p2a: Garchomp|Scale Shot|p1a: Walking Wake
|-supereffective|p1a: Walking Wake
|-damage|p1a: Walking Wake|71/100
|-supereffective|p1a: Walking Wake
|-damage|p1a: Walking Wake|42/100
|-supereffective|p1a: Walking Wake
|-damage|p1a: Walking Wake|13/100
|-supereffective|p1a: Walking Wake
|-damage|p1a: Walking Wake|0 fnt
|faint|p1a: Walking Wake
|-end|p1a: Walking Wake|Protosynthesis|[silent]
|-hitcount|p1: Walking Wake|4
|-unboost|p2a: Garchomp|def|1
|-boost|p2a: Garchomp|spe|1
|
|-weather|SunnyDay|[upkeep]
|-damage|p2a: Garchomp|74/100 brn|[from] brn
|upkeep
|inactive|c.empty has 120 seconds left.
|
|t:|1758358779
|switch|p1a: Great Tusk|Great Tusk, shiny|88/100
|-activate|p1a: Great Tusk|ability: Protosynthesis
|-start|p1a: Great Tusk|protosynthesisatk
|turn|6
|
|t:|1758358791
|switch|p2a: Corviknight|Corviknight, F|100/100
|move|p1a: Great Tusk|Close Combat|p2a: Corviknight
|-damage|p2a: Corviknight|49/100
|-unboost|p1a: Great Tusk|def|1
|-unboost|p1a: Great Tusk|spd|1
|-damage|p1a: Great Tusk|72/100|[from] item: Rocky Helmet|[of] p2a: Corviknight
|
|-weather|SunnyDay|[upkeep]
|upkeep
|turn|7
|
|t:|1758358812
|move|p1a: Great Tusk|Close Combat|p2a: Corviknight
|-damage|p2a: Corviknight|0 fnt
|-unboost|p1a: Great Tusk|def|1
|-unboost|p1a: Great Tusk|spd|1
|-damage|p1a: Great Tusk|55/100|[from] item: Rocky Helmet|[of] p2a: Corviknight
|faint|p2a: Corviknight
|
|-weather|SunnyDay|[upkeep]
|upkeep
|
|t:|1758358816
|switch|p2a: Maushold|Maushold-Four|100/100
|turn|8
|
|t:|1758358825
|-end|p1a: Great Tusk|Protosynthesis|[silent]
|switch|p1a: Raging Bolt|Raging Bolt|100/100
|-activate|p1a: Raging Bolt|ability: Protosynthesis
|-start|p1a: Raging Bolt|protosynthesisspa
|move|p2a: Maushold|Population Bomb|p1a: Raging Bolt
|-damage|p1a: Raging Bolt|92/100
|-damage|p2a: Maushold|84/100|[from] item: Rocky Helmet|[of] p1a: Raging Bolt
|-damage|p1a: Raging Bolt|83/100
|-damage|p2a: Maushold|67/100|[from] item: Rocky Helmet|[of] p1a: Raging Bolt
|-damage|p1a: Raging Bolt|75/100
|-damage|p2a: Maushold|51/100|[from] item: Rocky Helmet|[of] p1a: Raging Bolt
|-damage|p1a: Raging Bolt|66/100
|-damage|p2a: Maushold|34/100|[from] item: Rocky Helmet|[of] p1a: Raging Bolt
|-damage|p1a: Raging Bolt|58/100
|-damage|p2a: Maushold|17/100|[from] item: Rocky Helmet|[of] p1a: Raging Bolt
|-damage|p1a: Raging Bolt|48/100
|-damage|p2a: Maushold|1/100|[from] item: Rocky Helmet|[of] p1a: Raging Bolt
|-damage|p1a: Raging Bolt|40/100
|-damage|p2a: Maushold|0 fnt|[from] item: Rocky Helmet|[of] p1a: Raging Bolt
|faint|p2a: Maushold
|-hitcount|p1a: Raging Bolt|7
|
|-weather|SunnyDay|[upkeep]
|upkeep
|
|t:|1758358832
|switch|p2a: Garchomp|Garchomp, F, tera:Steel|74/100 brn
|turn|9
|
|t:|1758358852
|move|p1a: Raging Bolt|Thunderclap|p2a: Garchomp
|-damage|p2a: Garchomp|19/100 brn
|move|p2a: Garchomp|Scale Shot|p1a: Raging Bolt
|-supereffective|p1a: Raging Bolt
|-damage|p1a: Raging Bolt|29/100
|-supereffective|p1a: Raging Bolt
|-damage|p1a: Raging Bolt|18/100
|-supereffective|p1a: Raging Bolt
|-damage|p1a: Raging Bolt|7/100
|-supereffective|p1a: Raging Bolt
|-damage|p1a: Raging Bolt|0 fnt
|faint|p1a: Raging Bolt
|-end|p1a: Raging Bolt|Protosynthesis|[silent]
|-hitcount|p1: Raging Bolt|4
|-unboost|p2a: Garchomp|def|1
|-boost|p2a: Garchomp|spe|1
|
|-weather|SunnyDay|[upkeep]
|-damage|p2a: Garchomp|13/100 brn|[from] brn
|upkeep
|
|t:|1758358863
|switch|p1a: Venusaur|Venusaur, M|100/100
|turn|10
|
|t:|1758358869
|move|p1a: Venusaur|Weather Ball|p2a: Garchomp
|-supereffective|p2a: Garchomp
|-damage|p2a: Garchomp|0 fnt
|faint|p2a: Garchomp
|-damage|p1a: Venusaur|91/100|[from] item: Life Orb
|
|-weather|SunnyDay|[upkeep]
|upkeep
|
|t:|1758358875
|switch|p2a: Armarouge|Armarouge, M|100/100
|turn|11
|
|t:|1758358888
|move|p1a: Venusaur|Sludge Bomb|p2a: Armarouge
|-damage|p2a: Armarouge|48/100
|-damage|p1a: Venusaur|81/100|[from] item: Life Orb
|move|p2a: Armarouge|Armor Cannon|p1a: Venusaur
|-supereffective|p1a: Venusaur
|-damage|p1a: Venusaur|0 fnt
|-unboost|p2a: Armarouge|def|1
|-unboost|p2a: Armarouge|spd|1
|faint|p1a: Venusaur
|
|-weather|none
|upkeep
|
|t:|1758358895
|switch|p1a: Ninetales|Ninetales, F, tera:Grass|31/100
|-weather|SunnyDay|[from] ability: Drought|[of] p1a: Ninetales
|turn|12
|
|t:|1758358901
|move|p1a: Ninetales|Healing Wish|p1a: Ninetales
|faint|p1a: Ninetales
|move|p2a: Armarouge|Armor Cannon|p1: Ninetales|[notarget]
|-fail|p2a: Armarouge
|
|-weather|SunnyDay|[upkeep]
|upkeep
|
|t:|1758358905
|switch|p1a: Great Tusk|Great Tusk, shiny|55/100
|-heal|p1a: Great Tusk|100/100|[from] move: Healing Wish
|-activate|p1a: Great Tusk|ability: Protosynthesis
|-start|p1a: Great Tusk|protosynthesisatk
|turn|13
|
|t:|1758358916
|move|p1a: Great Tusk|Headlong Rush|p2a: Armarouge
|-supereffective|p2a: Armarouge
|-damage|p2a: Armarouge|0 fnt
|-unboost|p1a: Great Tusk|def|1
|-unboost|p1a: Great Tusk|spd|1
|faint|p2a: Armarouge
|
|-weather|SunnyDay|[upkeep]
|upkeep
|
|t:|1758358921
|switch|p2a: Tsareena|Tsareena, F|100/100
|turn|14
|
|t:|1758358925
|move|p1a: Great Tusk|Ice Spinner|p2a: Tsareena
|-supereffective|p2a: Tsareena
|-damage|p2a: Tsareena|23/100
|move|p2a: Tsareena|Trailblaze|p1a: Great Tusk
|-supereffective|p1a: Great Tusk
|-damage|p1a: Great Tusk|48/100
|-boost|p2a: Tsareena|spe|1
|
|-weather|SunnyDay|[upkeep]
|upkeep
|turn|15
|
|t:|1758358931
|move|p2a: Tsareena|Trailblaze|p1a: Great Tusk
|-supereffective|p1a: Great Tusk
|-damage|p1a: Great Tusk|0 fnt
|-boost|p2a: Tsareena|spe|1
|faint|p1a: Great Tusk
|-end|p1a: Great Tusk|Protosynthesis|[silent]
|
|win|Paofficial
|raw|c.empty's rating: 1344 &rarr; <strong>1326</strong><br />(-18 for losing)
|raw|Paofficial's rating: 1379 &rarr; <strong>1397</strong><br />(+18 for winning)
|l|☆Paofficial
|player|p2|
|l|☆c.empty
|player|p1|
