|j|☆bslizzle
|j|☆quartzion
|t:|1758241188
|gametype|singles
|player|p1|bslizzle|265|1283
|player|p2|quartzion|265|1268
|gen|9
|tier|[Gen 9] OU
|rated|
|rule|HP Percentage Mod: HP is shown in percentages
|rule|Endless Battle Clause: Forcing endless battles is banned
|rule|Species Clause: Limit one of each Pokémon
|rule|OHKO Clause: OHKO moves are banned
|rule|Evasion Items Clause: Evasion items are banned
|rule|Evasion Moves Clause: Evasion moves are banned
|rule|Evasion Abilities Clause: Evasion abilities are banned
|rule|Sleep Moves Clause: Sleep-inducing moves are banned
|clearpoke
|poke|p1|Samurott-Hisui, F|
|poke|p1|Tinkaton, F|
|poke|p1|Weavile, F|
|poke|p1|Dragonite, M|
|poke|p1|Gliscor, M|
|poke|p1|Gholdengo|
|poke|p2|Cinccino, M|
|poke|p2|Serperior, F|
|poke|p2|Skeledirge, M|
|poke|p2|Quaquaval, M|
|poke|p2|Toxapex, M|
|poke|p2|Oricorio-Pom-Pom, M|
|teampreview
|inactive|Battle timer is ON: inactive players will automatically lose when time's up. (requested by bslizzle)
|
|t:|1758241220
|teamsize|p1|6
|teamsize|p2|6
|start
|switch|p1a: Tinkaton|Tinkaton, F|100/100
|switch|p2a: Cinccino|Cinccino, M|100/100
|-ability|p1a: Tinkaton|Mold Breaker
|-item|p1a: Tinkaton|Air Balloon
|turn|1
|
|t:|1758241225
|move|p2a: Cinccino|U-turn|p1a: Tinkaton
|-resisted|p1a: Tinkaton
|-damage|p1a: Tinkaton|95/100
|-enditem|p1a: Tinkaton|Air Balloon
|
|t:|1758241231
|switch|p2a: Toxapex|Toxapex, M|100/100|[from] U-turn
|move|p1a: Tinkaton|Thunder Wave|p2a: Toxapex
|-status|p2a: Toxapex|par
|
|upkeep
|turn|2
|
|t:|1758241237
|move|p1a: Tinkaton|Stealth Rock|p2a: Toxapex
|-sidestart|p2: quartzion|move: Stealth Rock
|move|p2a: Toxapex|Liquidation|p1a: Tinkaton
|-crit|p1a: Tinkaton
|-damage|p1a: Tinkaton|60/100
|
|upkeep
|turn|3
|
|t:|1758241251
|switch|p1a: Samurott|Samurott-Hisui, F|100/100
|move|p2a: Toxapex|Liquidation|p1a: Samurott
|-resisted|p1a: Samurott
|-damage|p1a: Samurott|87/100
|-unboost|p1a: Samurott|def|1
|
|upkeep
|turn|4
|
|t:|1758241256
|move|p1a: Samurott|Knock Off|p2a: Toxapex
|-damage|p2a: Toxapex|71/100 par
|-enditem|p2a: Toxapex|Leftovers|[from] move: Knock Off|[of] p1a: Samurott
|move|p2a: Toxapex|Toxic|p1a: Samurott
|-status|p1a: Samurott|tox
|
|-damage|p1a: Samurott|81/100 tox|[from] psn
|upkeep
|turn|5
|
|t:|1758241275
|move|p1a: Samurott|Ceaseless Edge|p2a: Toxapex|[miss]
|-miss|p1a: Samurott|p2a: Toxapex
|cant|p2a: Toxapex|par
|
|-damage|p1a: Samurott|68/100 tox|[from] psn
|upkeep
|turn|6
|
|t:|1758241279
|move|p1a: Samurott|Ceaseless Edge|p2a: Toxapex
|-damage|p2a: Toxapex|44/100 par
|-sidestart|p2: quartzion|Spikes
|move|p2a: Toxapex|Poison Jab|p1a: Samurott
|-damage|p1a: Samurott|29/100 tox
|
|-damage|p1a: Samurott|10/100 tox|[from] psn
|upkeep
|turn|7
|
|t:|1758241284
|move|p1a: Samurott|Ceaseless Edge|p2a: Toxapex
|-damage|p2a: Toxapex|17/100 par
|-sidestart|p2: quartzion|Spikes
|move|p2a: Toxapex|Recover|p2a: Toxapex
|-heal|p2a: Toxapex|67/100 par
|
|-damage|p1a: Samurott|0 fnt|[from] psn
|faint|p1a: Samurott
|upkeep
|
|t:|1758241291
|switch|p1a: Gholdengo|Gholdengo|100/100
|-item|p1a: Gholdengo|Air Balloon
|turn|8
|
|t:|1758241300
|switch|p2a: Oricorio|Oricorio-Pom-Pom, M|100/100
|-damage|p2a: Oricorio|76/100|[from] Stealth Rock
|move|p1a: Gholdengo|Shadow Ball|p2a: Oricorio
|-damage|p2a: Oricorio|7/100
|-unboost|p2a: Oricorio|spd|1
|
|-heal|p2a: Oricorio|13/100|[from] item: Leftovers
|upkeep
|turn|9
|
|t:|1758241308
|move|p1a: Gholdengo|Shadow Ball|p2a: Oricorio
|-damage|p2a: Oricorio|0 fnt
|faint|p2a: Oricorio
|
|upkeep
|
|t:|1758241313
|switch|p2a: Skeledirge|Skeledirge, M|100/100
|-damage|p2a: Skeledirge|76/100|[from] Stealth Rock
|-damage|p2a: Skeledirge|59/100|[from] Spikes
|turn|10
|
|t:|1758241321
|switch|p1a: Dragonite|Dragonite, M|100/100
|-terastallize|p2a: Skeledirge|Ground
|move|p2a: Skeledirge|Flame Charge|p1a: Dragonite
|-resisted|p1a: Dragonite
|-damage|p1a: Dragonite|97/100
|-boost|p2a: Skeledirge|spe|1
|
|upkeep
|turn|11
|
|t:|1758241336
|move|p2a: Skeledirge|Torch Song|p1a: Dragonite
|-resisted|p1a: Dragonite
|-damage|p1a: Dragonite|76/100
|-boost|p2a: Skeledirge|spa|1
|move|p1a: Dragonite|Dragon Dance|p1a: Dragonite
|-boost|p1a: Dragonite|atk|1
|-boost|p1a: Dragonite|spe|1
|
|upkeep
|turn|12
|
|t:|1758241345
|move|p1a: Dragonite|Extreme Speed|p2a: Skeledirge
|-damage|p2a: Skeledirge|27/100
|move|p2a: Skeledirge|Shadow Ball|p1a: Dragonite
|-damage|p1a: Dragonite|15/100
|
|upkeep
|turn|13
|
|t:|1758241352
|move|p1a: Dragonite|Extreme Speed|p2a: Skeledirge
|-damage|p2a: Skeledirge|0 fnt
|faint|p2a: Skeledirge
|
|upkeep
|
|t:|1758241355
|switch|p2a: Cinccino|Cinccino, M|100/100
|-damage|p2a: Cinccino|88/100|[from] Stealth Rock
|-damage|p2a: Cinccino|72/100|[from] Spikes
|turn|14
|
|t:|1758241358
|switch|p1a: Gholdengo|Gholdengo|100/100
|-item|p1a: Gholdengo|Air Balloon
|move|p2a: Cinccino|Tidy Up|p2a: Cinccino
|-sideend|p2: quartzion|Spikes
|-sideend|p2: quartzion|Stealth Rock
|-activate|p2a: Cinccino|move: Tidy Up
|-boost|p2a: Cinccino|atk|1
|-boost|p2a: Cinccino|spe|1
|
|upkeep
|turn|15
|
|t:|1758241368
|move|p2a: Cinccino|U-turn|p1a: Gholdengo
|-resisted|p1a: Gholdengo
|-damage|p1a: Gholdengo|93/100
|-enditem|p1a: Gholdengo|Air Balloon
|
|t:|1758241393
|switch|p2a: Quaquaval|Quaquaval, M|100/100|[from] U-turn
|move|p1a: Gholdengo|Make It Rain|p2a: Quaquaval
|-resisted|p2a: Quaquaval
|-damage|p2a: Quaquaval|57/100
|-unboost|p1a: Gholdengo|spa|1
|
|upkeep
|turn|16
|
|t:|1758241402
|switch|p1a: Tinkaton|Tinkaton, F|60/100
|-ability|p1a: Tinkaton|Mold Breaker
|move|p2a: Quaquaval|Aqua Step|p1a: Tinkaton
|-damage|p1a: Tinkaton|13/100
|-boost|p2a: Quaquaval|spe|1
|
|upkeep
|turn|17
|
|t:|1758241411
|move|p2a: Quaquaval|Aqua Step|p1a: Tinkaton
|-damage|p1a: Tinkaton|0 fnt
|-boost|p2a: Quaquaval|spe|1
|faint|p1a: Tinkaton
|-ability|p2a: Quaquaval|Moxie|boost
|-boost|p2a: Quaquaval|atk|1
|
|upkeep
|
|t:|1758241414
|switch|p1a: Dragonite|Dragonite, M|15/100
|turn|18
|
|t:|1758241435
|move|p1a: Dragonite|Extreme Speed|p2a: Quaquaval
|-damage|p2a: Quaquaval|16/100
|move|p2a: Quaquaval|Ice Spinner|p1a: Dragonite
|-supereffective|p1a: Dragonite
|-damage|p1a: Dragonite|0 fnt
|faint|p1a: Dragonite
|-ability|p2a: Quaquaval|Moxie|boost
|-boost|p2a: Quaquaval|atk|1
|
|upkeep
|
|t:|1758241438
|switch|p1a: Gholdengo|Gholdengo|93/100
|turn|19
|
|t:|1758241441
|move|p2a: Quaquaval|Aqua Step|p1a: Gholdengo
|-damage|p1a: Gholdengo|9/100
|-boost|p2a: Quaquaval|spe|1
|move|p1a: Gholdengo|Shadow Ball|p2a: Quaquaval
|-damage|p2a: Quaquaval|0 fnt
|faint|p2a: Quaquaval
|
|upkeep
|
|t:|1758241447
|switch|p2a: Serperior|Serperior, F|100/100
|turn|20
|
|t:|1758241451
|move|p2a: Serperior|Leaf Storm|p1a: Gholdengo
|-resisted|p1a: Gholdengo
|-damage|p1a: Gholdengo|0 fnt
|-boost|p2a: Serperior|spa|2
|faint|p1a: Gholdengo
|
|upkeep
|
|t:|1758241454
|switch|p1a: Weavile|Weavile, F|100/100
|-ability|p1a: Weavile|Pressure
|turn|21
|
|t:|1758241463
|move|p1a: Weavile|Triple Axel|p2a: Serperior|[miss]
|-miss|p1a: Weavile|p2a: Serperior
|move|p2a: Serperior|Leaf Storm|p1a: Weavile|[miss]
|-miss|p2a: Serperior|p1a: Weavile
|
|upkeep
|turn|22
|
|t:|1758241474
|move|p1a: Weavile|Triple Axel|p2a: Serperior|[miss]
|-miss|p1a: Weavile|p2a: Serperior
|move|p2a: Serperior|Leaf Storm|p1a: Weavile
|-damage|p1a: Weavile|0 fnt
|-boost|p2a: Serperior|spa|2
|faint|p1a: Weavile
|
|upkeep
|c|☆bslizzle|Bruh
|-message|bslizzle forfeited.
|
|win|quartzion
|raw|bslizzle's rating: 1283 &rarr; <strong>1257</strong><br />(-26 for losing)
|raw|quartzion's rating: 1268 &rarr; <strong>1294</strong><br />(+26 for winning)
|l|☆bslizzle
|player|p1|
|l|☆quartzion
|player|p2|
