|j|☆Chronos556
|j|☆diegoluquechaves
|t:|1758375536
|gametype|singles
|player|p1|Chronos556|veteran|1430
|player|p2|diegoluquechaves|102|1433
|gen|9
|tier|[Gen 9] OU
|rated|
|rule|HP Percentage Mod: HP is shown in percentages
|rule|Endless Battle Clause: Forcing endless battles is banned
|rule|Species Clause: Limit one of each Pokémon
|rule|OHKO Clause: OHKO moves are banned
|rule|Evasion Items Clause: Evasion items are banned
|rule|Evasion Moves Clause: Evasion moves are banned
|rule|Evasion Abilities Clause: Evasion abilities are banned
|rule|Sleep Moves Clause: Sleep-inducing moves are banned
|clearpoke
|poke|p1|Raging Bolt|
|poke|p1|Ogerpon-Wellspring, F|
|poke|p1|Ting-Lu|
|poke|p1|Zamazenta-*|
|poke|p1|Iron Crown|
|poke|p1|Forretress, M|
|poke|p2|Typhlosion-Hisui, M|
|poke|p2|Corviknight, F|
|poke|p2|Glimmora, F|
|poke|p2|Great Tusk|
|poke|p2|Araquanid, F|
|poke|p2|Ogerpon, F|
|teampreview
|inactive|Battle timer is ON: inactive players will automatically lose when time's up. (requested by Chronos556)
|
|t:|1758375558
|teamsize|p1|6
|teamsize|p2|6
|start
|switch|p1a: Gerald|Raging Bolt|100/100
|switch|p2a: Araquanid|Araquanid, F|100/100
|turn|1
|
|t:|1758375566
|move|p1a: Gerald|Draco Meteor|p2a: Araquanid
|-damage|p2a: Araquanid|51/100
|-unboost|p1a: Gerald|spa|2
|move|p2a: Araquanid|Sticky Web|p1a: Gerald
|-sidestart|p1: Chronos556|move: Sticky Web
|
|-heal|p2a: Araquanid|58/100|[from] item: Leftovers
|upkeep
|turn|2
|
|t:|1758375582
|switch|p2a: Great Tusk|Great Tusk|100/100
|-enditem|p2a: Great Tusk|Booster Energy
|-activate|p2a: Great Tusk|ability: Protosynthesis|[fromitem]
|-start|p2a: Great Tusk|protosynthesisatk
|move|p1a: Gerald|Calm Mind|p1a: Gerald
|-boost|p1a: Gerald|spa|1
|-boost|p1a: Gerald|spd|1
|
|upkeep
|turn|3
|
|t:|1758375599
|-end|p1a: Gerald|Protosynthesis|[silent]
|switch|p1a: Bonk|Ogerpon-Wellspring, F|100/100
|-activate|p1a: Bonk|move: Sticky Web
|-unboost|p1a: Bonk|spe|1
|move|p2a: Great Tusk|Headlong Rush|p1a: Bonk
|-resisted|p1a: Bonk
|-damage|p1a: Bonk|37/100
|-unboost|p2a: Great Tusk|def|1
|-unboost|p2a: Great Tusk|spd|1
|
|upkeep
|turn|4
|
|t:|1758375616
|move|p2a: Great Tusk|Headlong Rush|p1a: Bonk
|-resisted|p1a: Bonk
|-damage|p1a: Bonk|0 fnt
|-unboost|p2a: Great Tusk|def|1
|-unboost|p2a: Great Tusk|spd|1
|faint|p1a: Bonk
|
|upkeep
|
|t:|1758375631
|switch|p1a: Wallnut|Forretress, M, shiny|100/100
|-activate|p1a: Wallnut|move: Sticky Web
|-unboost|p1a: Wallnut|spe|1
|turn|5
|
|t:|1758375635
|-end|p2a: Great Tusk|Protosynthesis|[silent]
|switch|p2a: Typhlosion|Typhlosion-Hisui, M|100/100
|-item|p1a: Wallnut|Sitrus Berry|[from] ability: Frisk|[of] p2a: Typhlosion
|move|p1a: Wallnut|Thunder Wave|p2a: Typhlosion
|-status|p2a: Typhlosion|par
|
|upkeep
|turn|6
|
|t:|1758375648
|switch|p1a: Beef|Ting-Lu|100/100
|-activate|p1a: Beef|move: Sticky Web
|-unboost|p1a: Beef|spe|1
|-ability|p1a: Beef|Vessel of Ruin
|move|p2a: Typhlosion|Eruption|p1a: Beef
|-damage|p1a: Beef|62/100
|
|-heal|p1a: Beef|69/100|[from] item: Leftovers
|upkeep
|turn|7
|
|t:|1758375673
|switch|p2a: Ogerpon|Ogerpon, F|100/100
|move|p1a: Beef|Stealth Rock|p2a: Ogerpon
|-sidestart|p2: diegoluquechaves|move: Stealth Rock
|
|-heal|p1a: Beef|75/100|[from] item: Leftovers
|upkeep
|turn|8
|
|t:|1758375685
|switch|p1a: Wallnut|Forretress, M, shiny|100/100
|-activate|p1a: Wallnut|move: Sticky Web
|-unboost|p1a: Wallnut|spe|1
|move|p2a: Ogerpon|U-turn|p1a: Wallnut
|-resisted|p1a: Wallnut
|-damage|p1a: Wallnut|92/100
|
|t:|1758375695
|switch|p2a: Typhlosion|Typhlosion-Hisui, M|100/100 par|[from] U-turn
|-damage|p2a: Typhlosion|76/100 par|[from] Stealth Rock
|-item|p1a: Wallnut|Sitrus Berry|[from] ability: Frisk|[of] p2a: Typhlosion
|
|upkeep
|turn|9
|
|t:|1758375706
|switch|p1a: Beef|Ting-Lu|75/100
|-activate|p1a: Beef|move: Sticky Web
|-unboost|p1a: Beef|spe|1
|-ability|p1a: Beef|Vessel of Ruin
|move|p2a: Typhlosion|Lava Plume|p1a: Beef
|-damage|p1a: Beef|54/100
|
|-heal|p1a: Beef|60/100|[from] item: Leftovers
|upkeep
|turn|10
|
|t:|1758375719
|switch|p2a: Corviknight|Corviknight, F|100/100
|-damage|p2a: Corviknight|88/100|[from] Stealth Rock
|move|p1a: Beef|Earthquake|p2a: Corviknight
|-immune|p2a: Corviknight
|
|-heal|p1a: Beef|66/100|[from] item: Leftovers
|upkeep
|turn|11
|
|t:|1758375729
|move|p2a: Corviknight|U-turn|p1a: Beef
|-supereffective|p1a: Beef
|-damage|p1a: Beef|47/100
|
|t:|1758375736
|switch|p2a: Great Tusk|Great Tusk|100/100|[from] U-turn
|-damage|p2a: Great Tusk|98/100|[from] Stealth Rock
|move|p1a: Beef|Stealth Rock||[still]
|-fail|p1a: Beef
|
|-heal|p1a: Beef|53/100|[from] item: Leftovers
|upkeep
|turn|12
|
|t:|1758375753
|-terastallize|p1a: Beef|Ghost
|move|p2a: Great Tusk|Rapid Spin|p1a: Beef
|-immune|p1a: Beef
|move|p1a: Beef|Earthquake|p2a: Great Tusk
|-damage|p2a: Great Tusk|60/100
|
|-heal|p1a: Beef|59/100|[from] item: Leftovers
|upkeep
|turn|13
|
|t:|1758375765
|move|p2a: Great Tusk|Stealth Rock|p1a: Beef
|-sidestart|p1: Chronos556|move: Stealth Rock
|move|p1a: Beef|Earthquake|p2a: Great Tusk
|-damage|p2a: Great Tusk|23/100
|
|-heal|p1a: Beef|65/100|[from] item: Leftovers
|upkeep
|turn|14
|
|t:|1758375778
|move|p2a: Great Tusk|Headlong Rush|p1a: Beef
|-damage|p1a: Beef|26/100
|-unboost|p2a: Great Tusk|def|1
|-unboost|p2a: Great Tusk|spd|1
|move|p1a: Beef|Earthquake|p2a: Great Tusk
|-damage|p2a: Great Tusk|0 fnt
|faint|p2a: Great Tusk
|-end|p2a: Great Tusk|Protosynthesis|[silent]
|
|-heal|p1a: Beef|32/100|[from] item: Leftovers
|upkeep
|inactive|diegoluquechaves has 120 seconds left.
|
|t:|1758375795
|switch|p2a: Typhlosion|Typhlosion-Hisui, M|76/100 par
|-damage|p2a: Typhlosion|51/100 par|[from] Stealth Rock
|-item|p1a: Beef|Leftovers|[from] ability: Frisk|[of] p2a: Typhlosion
|turn|15
|
|t:|1758375801
|move|p2a: Typhlosion|Infernal Parade|p1a: Beef
|-supereffective|p1a: Beef
|-damage|p1a: Beef|0 fnt
|faint|p1a: Beef
|
|upkeep
|
|t:|1758375813
|switch|p1a: Gerald|Raging Bolt|100/100
|-activate|p1a: Gerald|move: Sticky Web
|-unboost|p1a: Gerald|spe|1
|-damage|p1a: Gerald|88/100|[from] Stealth Rock
|turn|16
|
|t:|1758375831
|switch|p2a: Araquanid|Araquanid, F|58/100
|-damage|p2a: Araquanid|33/100|[from] Stealth Rock
|move|p1a: Gerald|Calm Mind|p1a: Gerald
|-boost|p1a: Gerald|spa|1
|-boost|p1a: Gerald|spd|1
|
|-heal|p1a: Gerald|94/100|[from] item: Leftovers
|-heal|p2a: Araquanid|39/100|[from] item: Leftovers
|upkeep
|turn|17
|inactive|diegoluquechaves has 120 seconds left.
|
|t:|1758375851
|move|p1a: Gerald|Thunderbolt|p2a: Araquanid
|-supereffective|p2a: Araquanid
|-damage|p2a: Araquanid|0 fnt
|faint|p2a: Araquanid
|
|-heal|p1a: Gerald|100/100|[from] item: Leftovers
|upkeep
|inactive|diegoluquechaves has 120 seconds left.
|
|t:|1758375859
|switch|p2a: Glimmora|Glimmora, F|100/100
|-damage|p2a: Glimmora|88/100|[from] Stealth Rock
|turn|18
|
|t:|1758375867
|move|p2a: Glimmora|Meteor Beam||[still]
|-prepare|p2a: Glimmora|Meteor Beam
|-boost|p2a: Glimmora|spa|1
|-enditem|p2a: Glimmora|Power Herb
|-anim|p2a: Glimmora|Meteor Beam|p1a: Gerald
|-damage|p1a: Gerald|48/100
|move|p1a: Gerald|Calm Mind|p1a: Gerald
|-boost|p1a: Gerald|spa|1
|-boost|p1a: Gerald|spd|1
|
|-heal|p1a: Gerald|54/100|[from] item: Leftovers
|upkeep
|turn|19
|
|t:|1758375880
|-terastallize|p2a: Glimmora|Grass
|move|p1a: Gerald|Thunderclap|p2a: Glimmora
|-resisted|p2a: Glimmora
|-crit|p2a: Glimmora
|-damage|p2a: Glimmora|10/100
|move|p2a: Glimmora|Earth Power|p1a: Gerald
|-supereffective|p1a: Gerald
|-damage|p1a: Gerald|15/100
|
|-heal|p1a: Gerald|21/100|[from] item: Leftovers
|upkeep
|turn|20
|inactive|diegoluquechaves has 120 seconds left.
|
|t:|1758375900
|move|p1a: Gerald|Thunderclap|p2a: Glimmora
|-resisted|p2a: Glimmora
|-damage|p2a: Glimmora|0 fnt
|faint|p2a: Glimmora
|
|-heal|p1a: Gerald|27/100|[from] item: Leftovers
|upkeep
|inactive|diegoluquechaves has 120 seconds left.
|
|t:|1758375907
|switch|p2a: Ogerpon|Ogerpon, F|100/100
|-damage|p2a: Ogerpon|88/100|[from] Stealth Rock
|turn|21
|inactive|diegoluquechaves has 120 seconds left.
|
|t:|1758375917
|move|p1a: Gerald|Thunderclap||[still]
|-fail|p1a: Gerald
|move|p2a: Ogerpon|Swords Dance|p2a: Ogerpon
|-boost|p2a: Ogerpon|atk|2
|
|-heal|p1a: Gerald|34/100|[from] item: Leftovers
|upkeep
|turn|22
|
|t:|1758375926
|move|p1a: Gerald|Thunderclap|p2a: Ogerpon
|-resisted|p2a: Ogerpon
|-damage|p2a: Ogerpon|36/100
|move|p2a: Ogerpon|Knock Off|p1a: Gerald
|-damage|p1a: Gerald|0 fnt
|-enditem|p1a: Gerald|Leftovers|[from] move: Knock Off|[of] p2a: Ogerpon
|faint|p1a: Gerald
|-end|p1a: Gerald|Protosynthesis|[silent]
|
|upkeep
|
|t:|1758375934
|switch|p1a: Shieldoge|Zamazenta|100/100
|-activate|p1a: Shieldoge|move: Sticky Web
|-unboost|p1a: Shieldoge|spe|1
|-damage|p1a: Shieldoge|94/100|[from] Stealth Rock
|-ability|p1a: Shieldoge|Dauntless Shield|boost
|-boost|p1a: Shieldoge|def|1
|turn|23
|
|t:|1758375943
|move|p2a: Ogerpon|Ivy Cudgel|p1a: Shieldoge
|-damage|p1a: Shieldoge|33/100
|move|p1a: Shieldoge|Body Press|p2a: Ogerpon
|-crit|p2a: Ogerpon
|-damage|p2a: Ogerpon|0 fnt
|faint|p2a: Ogerpon
|
|-heal|p1a: Shieldoge|39/100|[from] item: Leftovers
|upkeep
|
|t:|1758375956
|switch|p2a: Typhlosion|Typhlosion-Hisui, M|51/100 par
|-damage|p2a: Typhlosion|26/100 par|[from] Stealth Rock
|-item|p1a: Shieldoge|Leftovers|[from] ability: Frisk|[of] p2a: Typhlosion
|turn|24
|
|t:|1758375963
|move|p1a: Shieldoge|Crunch|p2a: Typhlosion
|-supereffective|p2a: Typhlosion
|-damage|p2a: Typhlosion|0 fnt
|faint|p2a: Typhlosion
|
|-heal|p1a: Shieldoge|45/100|[from] item: Leftovers
|upkeep
|
|t:|1758375970
|switch|p2a: Corviknight|Corviknight, F|88/100
|-damage|p2a: Corviknight|76/100|[from] Stealth Rock
|turn|25
|
|t:|1758375976
|switch|p1a: Ps5|Iron Crown|100/100
|-activate|p1a: Ps5|move: Sticky Web
|-unboost|p1a: Ps5|spe|1
|-damage|p1a: Ps5|95/100|[from] Stealth Rock
|move|p2a: Corviknight|Iron Head|p1a: Ps5
|-resisted|p1a: Ps5
|-damage|p1a: Ps5|82/100
|
|upkeep
|turn|26
|
|t:|1758375985
|move|p1a: Ps5|Volt Switch|p2a: Corviknight
|-supereffective|p2a: Corviknight
|-damage|p2a: Corviknight|28/100
|
|t:|1758375988
|-end|p1a: Ps5|Quark Drive|[silent]
|switch|p1a: Wallnut|Forretress, M, shiny|92/100|[from] Volt Switch
|-activate|p1a: Wallnut|move: Sticky Web
|-unboost|p1a: Wallnut|spe|1
|-damage|p1a: Wallnut|80/100|[from] Stealth Rock
|move|p2a: Corviknight|Body Press|p1a: Wallnut
|-damage|p1a: Wallnut|60/100
|
|upkeep
|turn|27
|
|t:|1758375998
|move|p2a: Corviknight|Roost|p2a: Corviknight
|-heal|p2a: Corviknight|78/100
|-singleturn|p2a: Corviknight|move: Roost
|move|p1a: Wallnut|Volt Switch|p2a: Corviknight
|-damage|p2a: Corviknight|70/100
|
|t:|1758376006
|switch|p1a: Ps5|Iron Crown|82/100|[from] Volt Switch
|-activate|p1a: Ps5|move: Sticky Web
|-unboost|p1a: Ps5|spe|1
|-damage|p1a: Ps5|76/100|[from] Stealth Rock
|
|upkeep
|turn|28
|
|t:|1758376013
|move|p1a: Ps5|Volt Switch|p2a: Corviknight
|-supereffective|p2a: Corviknight
|-damage|p2a: Corviknight|17/100
|
|t:|1758376017
|-end|p1a: Ps5|Quark Drive|[silent]
|switch|p1a: Shieldoge|Zamazenta|45/100|[from] Volt Switch
|-activate|p1a: Shieldoge|move: Sticky Web
|-unboost|p1a: Shieldoge|spe|1
|-damage|p1a: Shieldoge|39/100|[from] Stealth Rock
|move|p2a: Corviknight|Roost|p2a: Corviknight
|-heal|p2a: Corviknight|67/100
|-singleturn|p2a: Corviknight|move: Roost
|
|-heal|p1a: Shieldoge|45/100|[from] item: Leftovers
|upkeep
|turn|29
|
|t:|1758376031
|move|p1a: Shieldoge|Iron Defense|p1a: Shieldoge
|-boost|p1a: Shieldoge|def|2
|move|p2a: Corviknight|Body Press|p1a: Shieldoge
|-damage|p1a: Shieldoge|36/100
|
|-heal|p1a: Shieldoge|42/100|[from] item: Leftovers
|upkeep
|turn|30
|
|t:|1758376041
|move|p1a: Shieldoge|Iron Defense|p1a: Shieldoge
|-boost|p1a: Shieldoge|def|2
|move|p2a: Corviknight|Roost|p2a: Corviknight
|-heal|p2a: Corviknight|100/100
|-singleturn|p2a: Corviknight|move: Roost
|
|-heal|p1a: Shieldoge|48/100|[from] item: Leftovers
|upkeep
|turn|31
|
|t:|1758376050
|move|p1a: Shieldoge|Iron Defense|p1a: Shieldoge
|-boost|p1a: Shieldoge|def|2
|move|p2a: Corviknight|Body Press|p1a: Shieldoge
|-damage|p1a: Shieldoge|43/100
|
|-heal|p1a: Shieldoge|49/100|[from] item: Leftovers
|upkeep
|turn|32
|
|t:|1758376059
|move|p1a: Shieldoge|Body Press|p2a: Corviknight
|-damage|p2a: Corviknight|9/100
|-damage|p1a: Shieldoge|32/100|[from] item: Rocky Helmet|[of] p2a: Corviknight
|move|p2a: Corviknight|Body Press|p1a: Shieldoge
|-damage|p1a: Shieldoge|27/100
|
|-heal|p1a: Shieldoge|33/100|[from] item: Leftovers
|upkeep
|turn|33
|
|t:|1758376070
|move|p1a: Shieldoge|Body Press|p2a: Corviknight
|-damage|p2a: Corviknight|0 fnt
|-damage|p1a: Shieldoge|16/100|[from] item: Rocky Helmet|[of] p2a: Corviknight
|faint|p2a: Corviknight
|
|win|Chronos556
|raw|Chronos556's rating: 1430 &rarr; <strong>1450</strong><br />(+20 for winning)
|raw|diegoluquechaves's rating: 1433 &rarr; <strong>1413</strong><br />(-20 for losing)
|c|☆Chronos556|Gg
|l|☆diegoluquechaves
|player|p2|
|l|☆Chronos556
|player|p1|
