|j|☆qazplmcvb
|j|☆Reginald Chaos
|t:|1758342988
|gametype|singles
|player|p1|qazplmcvb|hilbert|1244
|player|p2|Reginald Chaos|170|1279
|gen|9
|tier|[Gen 9] OU
|rated|
|rule|HP Percentage Mod: HP is shown in percentages
|rule|Endless Battle Clause: Forcing endless battles is banned
|rule|Species Clause: Limit one of each Pokémon
|rule|OHKO Clause: OHKO moves are banned
|rule|Evasion Items Clause: Evasion items are banned
|rule|Evasion Moves Clause: Evasion moves are banned
|rule|Evasion Abilities Clause: Evasion abilities are banned
|rule|Sleep Moves Clause: Sleep-inducing moves are banned
|clearpoke
|poke|p1|Samurott-Hisui, F|
|poke|p1|Great Tusk|
|poke|p1|Volcanion|
|poke|p1|Hydrapple, M|
|poke|p1|Gholdengo|
|poke|p1|Landorus-Therian, M|
|poke|p2|Pelipper, M|
|poke|p2|Beartic, F|
|poke|p2|Barraskewda, F|
|poke|p2|Ogerpon-Wellspring, F|
|poke|p2|Zapdos|
|poke|p2|Hatterene, F|
|teampreview
|inactive|Battle timer is ON: inactive players will automatically lose when time's up. (requested by Reginald Chaos)
|
|t:|1758343002
|teamsize|p1|6
|teamsize|p2|6
|start
|switch|p1a: Great Mustache|Landorus-Therian, M|100/100
|switch|p2a: Pelipper|Pelipper, M|100/100
|-ability|p1a: Great Mustache|Intimidate|boost
|-unboost|p2a: Pelipper|atk|1
|-weather|RainDance|[from] ability: Drizzle|[of] p2a: Pelipper
|turn|1
|
|t:|1758343019
|switch|p2a: Hatterene|Hatterene, F|100/100
|move|p1a: Great Mustache|U-turn|p2a: Hatterene
|-damage|p2a: Hatterene|74/100
|-enditem|p2a: Hatterene|Eject Button
|
|t:|1758343023
|switch|p2a: Beartic|Beartic, F|100/100
|
|-weather|RainDance|[upkeep]
|upkeep
|turn|2
|
|t:|1758343031
|move|p1a: Great Mustache|U-turn|p2a: Beartic
|-damage|p2a: Beartic|71/100
|
|t:|1758343038
|switch|p1a: The Last Ronin|Samurott-Hisui, F|100/100|[from] U-turn
|move|p2a: Beartic|Substitute|p2a: Beartic
|-start|p2a: Beartic|Substitute
|-damage|p2a: Beartic|47/100
|
|-weather|RainDance|[upkeep]
|upkeep
|turn|3
|
|t:|1758343047
|move|p2a: Beartic|Close Combat|p1a: The Last Ronin
|-supereffective|p1a: The Last Ronin
|-crit|p1a: The Last Ronin
|-damage|p1a: The Last Ronin|0 fnt
|-unboost|p2a: Beartic|def|1
|-unboost|p2a: Beartic|spd|1
|faint|p1a: The Last Ronin
|
|-weather|RainDance|[upkeep]
|upkeep
|
|t:|1758343060
|switch|p1a: Heart of Ghold|Gholdengo|100/100
|-item|p1a: Heart of Ghold|Air Balloon
|turn|4
|
|t:|1758343065
|move|p2a: Beartic|Icicle Spear|p1a: Heart of Ghold
|-resisted|p1a: Heart of Ghold
|-damage|p1a: Heart of Ghold|94/100
|-enditem|p1a: Heart of Ghold|Air Balloon
|-resisted|p1a: Heart of Ghold
|-damage|p1a: Heart of Ghold|88/100
|-resisted|p1a: Heart of Ghold
|-damage|p1a: Heart of Ghold|81/100
|-resisted|p1a: Heart of Ghold
|-damage|p1a: Heart of Ghold|74/100
|-resisted|p1a: Heart of Ghold
|-damage|p1a: Heart of Ghold|67/100
|-hitcount|p1a: Heart of Ghold|5
|move|p1a: Heart of Ghold|Shadow Ball|p2a: Beartic
|-end|p2a: Beartic|Substitute
|
|-weather|RainDance|[upkeep]
|upkeep
|turn|5
|
|t:|1758343082
|move|p2a: Beartic|Earthquake|p1a: Heart of Ghold
|-supereffective|p1a: Heart of Ghold
|-damage|p1a: Heart of Ghold|0 fnt
|faint|p1a: Heart of Ghold
|
|-weather|RainDance|[upkeep]
|upkeep
|
|t:|1758343093
|switch|p1a: Great Mustache|Landorus-Therian, M|100/100
|-ability|p1a: Great Mustache|Intimidate|boost
|-unboost|p2a: Beartic|atk|1
|turn|6
|
|t:|1758343103
|switch|p2a: Zapdos|Zapdos|100/100
|move|p1a: Great Mustache|Earthquake|p2a: Zapdos
|-immune|p2a: Zapdos
|
|-weather|RainDance|[upkeep]
|upkeep
|turn|7
|
|t:|1758343114
|switch|p1a: The Fickle Heart|Hydrapple, M|100/100
|move|p2a: Zapdos|Hurricane|p1a: The Fickle Heart
|-supereffective|p1a: The Fickle Heart
|-damage|p1a: The Fickle Heart|0 fnt
|faint|p1a: The Fickle Heart
|
|-weather|RainDance|[upkeep]
|upkeep
|-message|qazplmcvb forfeited.
|
|win|Reginald Chaos
|raw|qazplmcvb's rating: 1244 &rarr; <strong>1222</strong><br />(-22 for losing)
|raw|Reginald Chaos's rating: 1279 &rarr; <strong>1301</strong><br />(+22 for winning)
|l|☆qazplmcvb
|player|p1|
|l|☆Reginald Chaos
|player|p2|
