|j|☆Truffle buddah
|j|☆River Rocket
|t:|1758238199
|gametype|singles
|player|p1|Truffle buddah|1|1721
|player|p2|River Rocket|pokemaniac|1597
|gen|9
|tier|[Gen 9] OU
|rated|
|rule|HP Percentage Mod: HP is shown in percentages
|rule|Endless Battle Clause: Forcing endless battles is banned
|rule|Species Clause: Limit one of each Pokémon
|rule|OHKO Clause: OHKO moves are banned
|rule|Evasion Items Clause: Evasion items are banned
|rule|Evasion Moves Clause: Evasion moves are banned
|rule|Evasion Abilities Clause: Evasion abilities are banned
|rule|Sleep Moves Clause: Sleep-inducing moves are banned
|clearpoke
|poke|p1|Hydrapple, F|
|poke|p1|Hatterene, F|
|poke|p1|Iron Hands|
|poke|p1|Diancie|
|poke|p1|Scizor, F|
|poke|p1|Dragonite, F|
|poke|p2|Dragapult, M|
|poke|p2|Glimmora, M|
|poke|p2|Comfey, M|
|poke|p2|Kingambit, M|
|poke|p2|Ogerpon-Wellspring, F|
|poke|p2|Blaziken, M|
|teampreview
|
|t:|1758238221
|teamsize|p1|6
|teamsize|p2|6
|start
|switch|p1a: Diancie|Diancie|100/100
|switch|p2a: Ogerpon|Ogerpon-Wellspring, F|100/100
|turn|1
|
|t:|1758238235
|switch|p1a: Hydrapple|Hydrapple, F|100/100
|move|p2a: Ogerpon|Taunt|p1a: Hydrapple
|-start|p1a: Hydrapple|move: Taunt
|
|upkeep
|turn|2
|
|t:|1758238241
|move|p2a: Ogerpon|U-turn|p1a: Hydrapple
|-supereffective|p1a: Hydrapple
|-damage|p1a: Hydrapple|68/100
|-damage|p2a: Ogerpon|84/100|[from] item: Rocky Helmet|[of] p1a: Hydrapple
|
|t:|1758238243
|switch|p2a: Glimmora|Glimmora, M, shiny|100/100|[from] U-turn
|move|p1a: Hydrapple|Fickle Beam|p2a: Glimmora
|-damage|p2a: Glimmora|66/100
|-enditem|p2a: Glimmora|Red Card|[of] p1a: Hydrapple
|drag|p1a: Scizor|Scizor, F|100/100
|
|upkeep
|turn|3
|
|t:|1758238253
|move|p1a: Scizor|Bullet Punch|p2a: Glimmora
|-supereffective|p2a: Glimmora
|-damage|p2a: Glimmora|18/100
|-activate|p2a: Glimmora|ability: Toxic Debris
|-sidestart|p1: Truffle buddah|move: Toxic Spikes
|move|p2a: Glimmora|Stealth Rock|p1a: Scizor
|-sidestart|p1: Truffle buddah|move: Stealth Rock
|
|upkeep
|turn|4
|
|t:|1758238262
|move|p2a: Glimmora|Power Gem|p1a: Scizor
|-crit|p1a: Scizor
|-damage|p1a: Scizor|42/100
|move|p1a: Scizor|Defog|p2a: Glimmora
|-unboost|p2a: Glimmora|evasion|1
|-sideend|p1: Truffle buddah|Toxic Spikes|[from] move: Defog|[of] p1a: Scizor
|-sideend|p1: Truffle buddah|Stealth Rock|[from] move: Defog|[of] p1a: Scizor
|
|upkeep
|turn|5
|
|t:|1758238268
|move|p1a: Scizor|Bullet Punch|p2a: Glimmora
|-supereffective|p2a: Glimmora
|-crit|p2a: Glimmora
|-damage|p2a: Glimmora|0 fnt
|-activate|p2a: Glimmora|ability: Toxic Debris
|-sidestart|p1: Truffle buddah|move: Toxic Spikes
|faint|p2a: Glimmora
|
|upkeep
|
|t:|1758238279
|switch|p2a: Ogerpon|Ogerpon-Wellspring, F|84/100
|turn|6
|inactive|Battle timer is ON: inactive players will automatically lose when time's up. (requested by River Rocket)
|
|t:|1758238309
|switch|p1a: Hydrapple|Hydrapple, F|100/100
|-status|p1a: Hydrapple|psn
|move|p2a: Ogerpon|Ivy Cudgel|p1a: Hydrapple|[anim] Ivy Cudgel Water
|-resisted|p1a: Hydrapple
|-damage|p1a: Hydrapple|92/100 psn
|
|-damage|p1a: Hydrapple|80/100 psn|[from] psn
|upkeep
|turn|7
|
|t:|1758238328
|move|p2a: Ogerpon|U-turn|p1a: Hydrapple
|-supereffective|p1a: Hydrapple
|-damage|p1a: Hydrapple|51/100 psn
|-damage|p2a: Ogerpon|67/100|[from] item: Rocky Helmet|[of] p1a: Hydrapple
|
|t:|1758238331
|switch|p2a: Comfey|Comfey, M, shiny|100/100|[from] U-turn
|move|p1a: Hydrapple|Earth Power|p2a: Comfey
|-damage|p2a: Comfey|75/100
|
|-damage|p1a: Hydrapple|39/100 psn|[from] psn
|upkeep
|turn|8
|
|t:|1758238338
|switch|p1a: Scizor|Scizor, F|42/100
|move|p2a: Comfey|Draining Kiss|p1a: Scizor
|-resisted|p1a: Scizor
|-damage|p1a: Scizor|26/100
|-heal|p2a: Comfey|89/100|[from] drain|[of] p1a: Scizor
|-damage|p2a: Comfey|79/100|[from] item: Life Orb
|
|upkeep
|turn|9
|
|t:|1758238358
|-terastallize|p2a: Comfey|Ground
|move|p2a: Comfey|Calm Mind|p2a: Comfey
|-boost|p2a: Comfey|spa|1
|-boost|p2a: Comfey|spd|1
|move|p1a: Scizor|Defog|p2a: Comfey
|-unboost|p2a: Comfey|evasion|1
|-sideend|p1: Truffle buddah|Toxic Spikes|[from] move: Defog|[of] p1a: Scizor
|
|upkeep
|turn|10
|
|t:|1758238368
|move|p2a: Comfey|Draining Kiss|p1a: Scizor
|-resisted|p1a: Scizor
|-damage|p1a: Scizor|0 fnt
|-heal|p2a: Comfey|100/100|[from] drain|[of] p1a: Scizor
|faint|p1a: Scizor
|-damage|p2a: Comfey|91/100|[from] item: Life Orb
|
|upkeep
|
|t:|1758238382
|switch|p1a: Dragonite|Dragonite, F|100/100
|turn|11
|
|t:|1758238389
|-terastallize|p1a: Dragonite|Fire
|move|p2a: Comfey|Draining Kiss|p1a: Dragonite
|-resisted|p1a: Dragonite
|-damage|p1a: Dragonite|89/100
|-heal|p2a: Comfey|99/100|[from] drain|[of] p1a: Dragonite
|-damage|p2a: Comfey|90/100|[from] item: Life Orb
|move|p1a: Dragonite|Encore|p2a: Comfey
|-start|p2a: Comfey|Encore
|
|upkeep
|turn|12
|
|t:|1758238408
|switch|p2a: Blaziken|Blaziken, M, shiny|100/100
|move|p1a: Dragonite|Dragon Dance|p1a: Dragonite
|-boost|p1a: Dragonite|atk|1
|-boost|p1a: Dragonite|spe|1
|
|upkeep
|turn|13
|
|t:|1758238418
|move|p2a: Blaziken|Protect|p2a: Blaziken
|-singleturn|p2a: Blaziken|Protect
|move|p1a: Dragonite|Scale Shot|p2a: Blaziken
|-activate|p2a: Blaziken|move: Protect
|
|-ability|p2a: Blaziken|Speed Boost|boost
|-boost|p2a: Blaziken|spe|1
|upkeep
|turn|14
|
|t:|1758238424
|move|p2a: Blaziken|Close Combat|p1a: Dragonite
|-damage|p1a: Dragonite|0 fnt
|-unboost|p2a: Blaziken|def|1
|-unboost|p2a: Blaziken|spd|1
|faint|p1a: Dragonite
|-damage|p2a: Blaziken|91/100|[from] item: Life Orb
|
|-ability|p2a: Blaziken|Speed Boost|boost
|-boost|p2a: Blaziken|spe|1
|upkeep
|
|t:|1758238435
|switch|p1a: Diancie|Diancie|100/100
|turn|15
|
|t:|1758238442
|switch|p2a: Kingambit|Kingambit, M, shiny|100/100
|-activate|p2a: Kingambit|ability: Supreme Overlord
|-start|p2a: Kingambit|fallen1|[silent]
|move|p1a: Diancie|Trick Room|p1a: Diancie
|-fieldstart|move: Trick Room|[of] p1a: Diancie
|
|upkeep
|turn|16
|
|t:|1758238445
|switch|p1a: Iron Hands|Iron Hands|100/100
|move|p2a: Kingambit|Iron Head|p1a: Iron Hands
|-resisted|p1a: Iron Hands
|-damage|p1a: Iron Hands|83/100
|
|-heal|p1a: Iron Hands|90/100|[from] item: Leftovers
|upkeep
|turn|17
|
|t:|1758238459
|-end|p2a: Kingambit|fallen1|[silent]
|switch|p2a: Ogerpon|Ogerpon-Wellspring, F|67/100
|move|p1a: Iron Hands|Swords Dance|p1a: Iron Hands
|-boost|p1a: Iron Hands|atk|2
|
|-heal|p1a: Iron Hands|96/100|[from] item: Leftovers
|upkeep
|turn|18
|
|t:|1758238465
|move|p1a: Iron Hands|Drain Punch|p2a: Ogerpon
|-damage|p2a: Ogerpon|0 fnt
|-heal|p1a: Iron Hands|100/100|[from] drain|[of] p2a: Ogerpon
|faint|p2a: Ogerpon
|
|upkeep
|
|t:|1758238469
|switch|p2a: Blaziken|Blaziken, M, shiny|91/100
|turn|19
|
|t:|1758238477
|move|p2a: Blaziken|Protect|p2a: Blaziken
|-singleturn|p2a: Blaziken|Protect
|move|p1a: Iron Hands|Drain Punch|p2a: Blaziken
|-activate|p2a: Blaziken|move: Protect
|
|-fieldend|move: Trick Room
|-ability|p2a: Blaziken|Speed Boost|boost
|-boost|p2a: Blaziken|spe|1
|upkeep
|turn|20
|
|t:|1758238484
|move|p2a: Blaziken|Close Combat|p1a: Iron Hands
|-damage|p1a: Iron Hands|47/100
|-unboost|p2a: Blaziken|def|1
|-unboost|p2a: Blaziken|spd|1
|-damage|p2a: Blaziken|81/100|[from] item: Life Orb
|move|p1a: Iron Hands|Drain Punch|p2a: Blaziken
|-damage|p2a: Blaziken|0 fnt
|-heal|p1a: Iron Hands|73/100|[from] drain|[of] p2a: Blaziken
|faint|p2a: Blaziken
|
|-heal|p1a: Iron Hands|79/100|[from] item: Leftovers
|upkeep
|
|t:|1758238487
|switch|p2a: Comfey|Comfey, M, shiny, tera:Ground|90/100
|turn|21
|
|t:|1758238496
|move|p2a: Comfey|Tera Blast|p1a: Iron Hands|[anim] Tera Blast Ground
|-supereffective|p1a: Iron Hands
|-damage|p1a: Iron Hands|8/100
|-damage|p2a: Comfey|80/100|[from] item: Life Orb
|move|p1a: Iron Hands|Drain Punch|p2a: Comfey
|-damage|p2a: Comfey|0 fnt
|-heal|p1a: Iron Hands|34/100|[from] drain|[of] p2a: Comfey
|faint|p2a: Comfey
|
|-heal|p1a: Iron Hands|40/100|[from] item: Leftovers
|upkeep
|
|t:|1758238499
|switch|p2a: Dragapult|Dragapult, M, shiny|100/100
|turn|22
|
|t:|1758238507
|move|p2a: Dragapult|Draco Meteor|p1a: Iron Hands
|-damage|p1a: Iron Hands|0 fnt
|-unboost|p2a: Dragapult|spa|2
|faint|p1a: Iron Hands
|-end|p1a: Iron Hands|Quark Drive|[silent]
|-damage|p2a: Dragapult|91/100|[from] item: Life Orb
|
|upkeep
|
|t:|1758238513
|switch|p1a: Diancie|Diancie|100/100
|turn|23
|
|t:|1758238525
|move|p2a: Dragapult|Shadow Ball|p1a: Diancie
|-damage|p1a: Diancie|84/100
|-damage|p2a: Dragapult|81/100|[from] item: Life Orb
|move|p1a: Diancie|Earth Power|p2a: Dragapult
|-damage|p2a: Dragapult|38/100
|
|upkeep
|turn|24
|
|t:|1758238531
|move|p2a: Dragapult|Shadow Ball|p1a: Diancie
|-damage|p1a: Diancie|66/100
|-damage|p2a: Dragapult|28/100|[from] item: Life Orb
|move|p1a: Diancie|Trick Room|p1a: Diancie
|-fieldstart|move: Trick Room|[of] p1a: Diancie
|
|upkeep
|turn|25
|
|t:|1758238534
|move|p1a: Diancie|Meteor Beam||[still]
|-prepare|p1a: Diancie|Meteor Beam
|-boost|p1a: Diancie|spa|1
|-enditem|p1a: Diancie|Power Herb
|-anim|p1a: Diancie|Meteor Beam|p2a: Dragapult
|-damage|p2a: Dragapult|0 fnt
|faint|p2a: Dragapult
|
|upkeep
|
|t:|1758238539
|switch|p2a: Kingambit|Kingambit, M, shiny|100/100
|-activate|p2a: Kingambit|ability: Supreme Overlord
|-start|p2a: Kingambit|fallen5|[silent]
|turn|26
|
|t:|1758238548
|move|p1a: Diancie|Earth Power|p2a: Kingambit
|-supereffective|p2a: Kingambit
|-damage|p2a: Kingambit|21/100
|move|p2a: Kingambit|Iron Head|p1a: Diancie
|-supereffective|p1a: Diancie
|-damage|p1a: Diancie|0 fnt
|faint|p1a: Diancie
|
|-heal|p2a: Kingambit|27/100|[from] item: Leftovers
|upkeep
|
|t:|1758238553
|switch|p1a: Hydrapple|Hydrapple, F|72/100 psn
|turn|27
|
|t:|1758238558
|move|p2a: Kingambit|Sucker Punch|p1a: Hydrapple
|-damage|p1a: Hydrapple|40/100 psn
|-damage|p2a: Kingambit|10/100|[from] item: Rocky Helmet|[of] p1a: Hydrapple
|move|p1a: Hydrapple|Earth Power|p2a: Kingambit
|-supereffective|p2a: Kingambit
|-damage|p2a: Kingambit|0 fnt
|faint|p2a: Kingambit
|-end|p2a: Kingambit|fallen5|[silent]
|
|win|Truffle buddah
|raw|Truffle buddah's rating: 1721 &rarr; <strong>1734</strong><br />(+13 for winning)
|raw|River Rocket's rating: 1597 &rarr; <strong>1584</strong><br />(-13 for losing)
|l|☆River Rocket
|player|p2|
|l|☆Truffle buddah
|player|p1|
