|j|☆TigerClaw18
|j|☆will1994
|t:|1758320894
|gametype|singles
|player|p1|TigerClaw18|ltsurge|1484
|player|p2|will1994|red|1560
|gen|9
|tier|[Gen 9] OU
|rated|
|rule|HP Percentage Mod: HP is shown in percentages
|rule|Endless Battle Clause: Forcing endless battles is banned
|rule|Species Clause: Limit one of each Pokémon
|rule|OHKO Clause: OHKO moves are banned
|rule|Evasion Items Clause: Evasion items are banned
|rule|Evasion Moves Clause: Evasion moves are banned
|rule|Evasion Abilities Clause: Evasion abilities are banned
|rule|Sleep Moves Clause: Sleep-inducing moves are banned
|clearpoke
|poke|p1|Gholdengo|
|poke|p1|Great Tusk|
|poke|p1|Weavile, M|
|poke|p1|Enamorus, F|
|poke|p1|Iron Valiant|
|poke|p1|Heatran, F|
|poke|p2|Rillaboom, M|
|poke|p2|Charizard, M|
|poke|p2|Corviknight, M|
|poke|p2|Kleavor, F|
|poke|p2|Clodsire, M|
|poke|p2|Samurott-Hisui, F|
|teampreview
|
|t:|1758320925
|teamsize|p1|6
|teamsize|p2|6
|start
|switch|p1a: Weavile|Weavile, M|100/100
|switch|p2a: Kleavor|Kleavor, F|100/100
|turn|1
|
|t:|1758320938
|switch|p1a: Great Tusk|Great Tusk|100/100
|move|p2a: Kleavor|U-turn|p1a: Great Tusk
|-resisted|p1a: Great Tusk
|-damage|p1a: Great Tusk|86/100
|-damage|p2a: Kleavor|84/100|[from] item: Rocky Helmet|[of] p1a: Great Tusk
|
|t:|1758320941
|switch|p2a: Corviknight|Corviknight, M|100/100|[from] U-turn
|-ability|p2a: Corviknight|Pressure
|
|upkeep
|turn|2
|
|t:|1758320946
|-end|p1a: Great Tusk|Protosynthesis|[silent]
|switch|p1a: Gholdengo|Gholdengo|100/100
|move|p2a: Corviknight|Brave Bird|p1a: Gholdengo
|-resisted|p1a: Gholdengo
|-damage|p1a: Gholdengo|84/100
|-damage|p2a: Corviknight|95/100|[from] Recoil
|
|-heal|p1a: Gholdengo|90/100|[from] item: Leftovers
|upkeep
|turn|3
|
|t:|1758320954
|switch|p2a: Samurott|Samurott-Hisui, F|100/100
|move|p1a: Gholdengo|Shadow Ball|p2a: Samurott
|-resisted|p2a: Samurott
|-crit|p2a: Samurott
|-damage|p2a: Samurott|83/100
|
|-heal|p1a: Gholdengo|96/100|[from] item: Leftovers
|upkeep
|turn|4
|
|t:|1758320965
|switch|p1a: Enamorus|Enamorus, F|100/100
|move|p2a: Samurott|Ceaseless Edge|p1a: Enamorus
|-resisted|p1a: Enamorus
|-damage|p1a: Enamorus|72/100
|-sidestart|p1: TigerClaw18|Spikes
|
|upkeep
|turn|5
|
|t:|1758320977
|switch|p2a: Clodsire|Clodsire, M|100/100
|move|p1a: Enamorus|Moonblast|p2a: Clodsire
|-resisted|p2a: Clodsire
|-damage|p2a: Clodsire|82/100
|
|-heal|p2a: Clodsire|89/100|[from] item: Leftovers
|upkeep
|turn|6
|
|t:|1758320982
|switch|p1a: Great Tusk|Great Tusk|86/100
|-damage|p1a: Great Tusk|74/100|[from] Spikes
|move|p2a: Clodsire|Stockpile|p2a: Clodsire
|-start|p2a: Clodsire|stockpile1
|-boost|p2a: Clodsire|def|1
|-boost|p2a: Clodsire|spd|1
|
|-heal|p2a: Clodsire|95/100|[from] item: Leftovers
|upkeep
|turn|7
|
|t:|1758320986
|move|p1a: Great Tusk|Rapid Spin|p2a: Clodsire
|-damage|p2a: Clodsire|85/100
|-boost|p1a: Great Tusk|spe|1
|-sideend|p1: TigerClaw18|Spikes|[from] move: Rapid Spin|[of] p1a: Great Tusk
|move|p2a: Clodsire|Toxic|p1a: Great Tusk
|-status|p1a: Great Tusk|tox
|
|-heal|p2a: Clodsire|92/100|[from] item: Leftovers
|-damage|p1a: Great Tusk|68/100 tox|[from] psn
|upkeep
|turn|8
|
|t:|1758320998
|move|p1a: Great Tusk|Ice Spinner|p2a: Clodsire
|-supereffective|p2a: Clodsire
|-damage|p2a: Clodsire|63/100
|move|p2a: Clodsire|Stockpile|p2a: Clodsire
|-start|p2a: Clodsire|stockpile2
|-boost|p2a: Clodsire|def|1
|-boost|p2a: Clodsire|spd|1
|
|-heal|p2a: Clodsire|69/100|[from] item: Leftovers
|-damage|p1a: Great Tusk|55/100 tox|[from] psn
|upkeep
|turn|9
|inactive|Battle timer is ON: inactive players will automatically lose when time's up. (requested by will1994)
|
|t:|1758321003
|move|p1a: Great Tusk|Headlong Rush|p2a: Clodsire
|-supereffective|p2a: Clodsire
|-damage|p2a: Clodsire|22/100
|-unboost|p1a: Great Tusk|def|1
|-unboost|p1a: Great Tusk|spd|1
|move|p2a: Clodsire|Recover|p2a: Clodsire
|-heal|p2a: Clodsire|72/100
|
|-heal|p2a: Clodsire|79/100|[from] item: Leftovers
|-damage|p1a: Great Tusk|37/100 tox|[from] psn
|upkeep
|turn|10
|
|t:|1758321013
|move|p1a: Great Tusk|Headlong Rush|p2a: Clodsire
|-supereffective|p2a: Clodsire
|-damage|p2a: Clodsire|32/100
|-unboost|p1a: Great Tusk|def|1
|-unboost|p1a: Great Tusk|spd|1
|move|p2a: Clodsire|Stockpile|p2a: Clodsire
|-start|p2a: Clodsire|stockpile3
|-boost|p2a: Clodsire|def|1
|-boost|p2a: Clodsire|spd|1
|
|-heal|p2a: Clodsire|38/100|[from] item: Leftovers
|-damage|p1a: Great Tusk|12/100 tox|[from] psn
|upkeep
|turn|11
|
|t:|1758321016
|move|p1a: Great Tusk|Headlong Rush|p2a: Clodsire
|-supereffective|p2a: Clodsire
|-damage|p2a: Clodsire|0 fnt
|-unboost|p1a: Great Tusk|def|1
|-unboost|p1a: Great Tusk|spd|1
|faint|p2a: Clodsire
|
|-damage|p1a: Great Tusk|0 fnt|[from] psn
|faint|p1a: Great Tusk
|-end|p1a: Great Tusk|Protosynthesis|[silent]
|upkeep
|
|t:|1758321036
|switch|p1a: Weavile|Weavile, M|100/100
|switch|p2a: Kleavor|Kleavor, F|84/100
|turn|12
|
|t:|1758321048
|move|p2a: Kleavor|U-turn|p1a: Weavile
|-supereffective|p1a: Weavile
|-damage|p1a: Weavile|0 fnt
|faint|p1a: Weavile
|
|t:|1758321056
|switch|p2a: Charizard|Charizard, M|100/100|[from] U-turn
|
|upkeep
|
|t:|1758321061
|switch|p1a: Heatran|Heatran, F|100/100
|turn|13
|
|t:|1758321065
|move|p2a: Charizard|Scorching Sands|p1a: Heatran
|-supereffective|p1a: Heatran
|-damage|p1a: Heatran|0 fnt
|faint|p1a: Heatran
|
|upkeep
|
|t:|1758321084
|switch|p1a: Enamorus|Enamorus, F|72/100
|turn|14
|
|t:|1758321094
|switch|p2a: Corviknight|Corviknight, M|95/100
|-ability|p2a: Corviknight|Pressure
|move|p1a: Enamorus|Moonblast|p2a: Corviknight
|-resisted|p2a: Corviknight
|-damage|p2a: Corviknight|70/100
|
|upkeep
|turn|15
|
|t:|1758321104
|switch|p1a: Gholdengo|Gholdengo|96/100
|move|p2a: Corviknight|U-turn|p1a: Gholdengo
|-resisted|p1a: Gholdengo
|-damage|p1a: Gholdengo|93/100
|
|t:|1758321108
|switch|p2a: Charizard|Charizard, M|100/100|[from] U-turn
|
|-heal|p1a: Gholdengo|99/100|[from] item: Leftovers
|upkeep
|turn|16
|
|t:|1758321113
|move|p2a: Charizard|Flamethrower|p1a: Gholdengo
|-supereffective|p1a: Gholdengo
|-damage|p1a: Gholdengo|0 fnt
|faint|p1a: Gholdengo
|
|upkeep
|
|t:|1758321116
|switch|p1a: Iron Valiant|Iron Valiant|100/100
|-enditem|p1a: Iron Valiant|Booster Energy
|-activate|p1a: Iron Valiant|ability: Quark Drive|[fromitem]
|-start|p1a: Iron Valiant|quarkdrivespe
|turn|17
|
|t:|1758321137
|-terastallize|p2a: Charizard|Fire
|move|p1a: Iron Valiant|Swords Dance|p1a: Iron Valiant
|-boost|p1a: Iron Valiant|atk|2
|move|p2a: Charizard|Flamethrower|p1a: Iron Valiant
|-damage|p1a: Iron Valiant|0 fnt
|faint|p1a: Iron Valiant
|-end|p1a: Iron Valiant|Quark Drive|[silent]
|
|upkeep
|
|t:|1758321141
|switch|p1a: Enamorus|Enamorus, F|72/100
|turn|18
|
|t:|1758321143
|move|p1a: Enamorus|Healing Wish||[still]
|-fail|p1a: Enamorus
|move|p2a: Charizard|Flamethrower|p1a: Enamorus
|-damage|p1a: Enamorus|0 fnt
|faint|p1a: Enamorus
|
|win|will1994
|raw|TigerClaw18's rating: 1484 &rarr; <strong>1468</strong><br />(-16 for losing)
|raw|will1994's rating: 1560 &rarr; <strong>1576</strong><br />(+16 for winning)
|l|☆TigerClaw18
|player|p1|
