|j|☆Crooksieee
|j|☆Trail one
|t:|1758315865
|gametype|singles
|player|p1|Crooksieee|265|1553
|player|p2|Trail one|265|1561
|gen|9
|tier|[Gen 9] OU
|rated|
|rule|HP Percentage Mod: HP is shown in percentages
|rule|Endless Battle Clause: Forcing endless battles is banned
|rule|Species Clause: Limit one of each Pokémon
|rule|OHKO Clause: OHKO moves are banned
|rule|Evasion Items Clause: Evasion items are banned
|rule|Evasion Moves Clause: Evasion moves are banned
|rule|Evasion Abilities Clause: Evasion abilities are banned
|rule|Sleep Moves Clause: Sleep-inducing moves are banned
|clearpoke
|poke|p1|Ninetales-Alola, M|
|poke|p1|Scizor, F|
|poke|p1|Glimmora, M|
|poke|p1|Samurott-Hisui, F|
|poke|p1|Landorus-Therian, M|
|poke|p1|Dragapult, F|
|poke|p2|Toxtricity, M|
|poke|p2|Samurott-Hisui, M|
|poke|p2|Cresselia, F|
|poke|p2|Great Tusk|
|poke|p2|Gholdengo|
|poke|p2|Ogerpon-Wellspring, F|
|teampreview
|inactive|Battle timer is ON: inactive players will automatically lose when time's up. (requested by Crooksieee)
|
|t:|1758315919
|teamsize|p1|6
|teamsize|p2|6
|start
|switch|p1a: Samurott|Samurott-Hisui, F|100/100
|switch|p2a: Great Tusk|Great Tusk|100/100
|turn|1
|
|t:|1758315928
|move|p2a: Great Tusk|Rapid Spin|p1a: Samurott
|-damage|p1a: Samurott|80/100
|-boost|p2a: Great Tusk|spe|1
|move|p1a: Samurott|Aqua Cutter|p2a: Great Tusk
|-supereffective|p2a: Great Tusk
|-crit|p2a: Great Tusk
|-damage|p2a: Great Tusk|0 fnt
|faint|p2a: Great Tusk
|-end|p2a: Great Tusk|Protosynthesis|[silent]
|
|upkeep
|
|t:|1758315938
|switch|p2a: Samurott|Samurott-Hisui, M|100/100
|turn|2
|
|t:|1758315941
|move|p2a: Samurott|Sacred Sword|p1a: Samurott
|-supereffective|p1a: Samurott
|-damage|p1a: Samurott|0 fnt
|faint|p1a: Samurott
|
|upkeep
|
|t:|1758315950
|switch|p1a: Ninetales|Ninetales-Alola, M|100/100
|-weather|Snowscape|[from] ability: Snow Warning|[of] p1a: Ninetales
|turn|3
|
|t:|1758315957
|switch|p2a: Cresselia|Cresselia, F|100/100
|move|p1a: Ninetales|Aurora Veil|p1a: Ninetales
|-sidestart|p1: Crooksieee|move: Aurora Veil
|
|-weather|Snowscape|[upkeep]
|upkeep
|turn|4
|
|t:|1758315966
|switch|p1a: Landorus|Landorus-Therian, M|100/100
|-ability|p1a: Landorus|Intimidate|boost
|-unboost|p2a: Cresselia|atk|1
|move|p2a: Cresselia|Calm Mind|p2a: Cresselia
|-boost|p2a: Cresselia|spa|1
|-boost|p2a: Cresselia|spd|1
|
|-weather|Snowscape|[upkeep]
|upkeep
|turn|5
|
|t:|1758315975
|move|p1a: Landorus|Taunt|p2a: Cresselia
|-start|p2a: Cresselia|move: Taunt
|cant|p2a: Cresselia|move: Taunt|Calm Mind
|
|-weather|Snowscape|[upkeep]
|upkeep
|turn|6
|
|t:|1758315981
|move|p1a: Landorus|Smack Down|p2a: Cresselia
|-damage|p2a: Cresselia|90/100
|-start|p2a: Cresselia|Smack Down
|move|p2a: Cresselia|Moonblast|p1a: Landorus
|-damage|p1a: Landorus|84/100
|
|-weather|Snowscape|[upkeep]
|-heal|p2a: Cresselia|96/100|[from] item: Leftovers
|upkeep
|turn|7
|
|t:|1758315992
|switch|p2a: Gholdengo|Gholdengo|100/100
|-item|p2a: Gholdengo|Air Balloon
|move|p1a: Landorus|Earthquake|p2a: Gholdengo
|-immune|p2a: Gholdengo
|
|-weather|none
|upkeep
|turn|8
|
|t:|1758316005
|switch|p2a: Ogerpon|Ogerpon-Wellspring, F|100/100
|move|p1a: Landorus|Smack Down|p2a: Ogerpon
|-damage|p2a: Ogerpon|75/100
|
|upkeep
|turn|9
|
|t:|1758316014
|switch|p1a: Ninetales|Ninetales-Alola, M|100/100
|-weather|Snowscape|[from] ability: Snow Warning|[of] p1a: Ninetales
|move|p2a: Ogerpon|Ivy Cudgel|p1a: Ninetales|[anim] Ivy Cudgel Water
|-damage|p1a: Ninetales|77/100
|
|-weather|Snowscape|[upkeep]
|upkeep
|turn|10
|
|t:|1758316024
|switch|p2a: Cresselia|Cresselia, F|96/100
|move|p1a: Ninetales|Freeze-Dry|p2a: Cresselia
|-damage|p2a: Cresselia|84/100
|
|-weather|Snowscape|[upkeep]
|-heal|p2a: Cresselia|90/100|[from] item: Leftovers
|-sideend|p1: Crooksieee|move: Aurora Veil
|upkeep
|turn|11
|
|t:|1758316033
|switch|p1a: Scizor|Scizor, F|100/100
|move|p2a: Cresselia|Calm Mind|p2a: Cresselia
|-boost|p2a: Cresselia|spa|1
|-boost|p2a: Cresselia|spd|1
|
|-weather|Snowscape|[upkeep]
|-heal|p2a: Cresselia|96/100|[from] item: Leftovers
|upkeep
|turn|12
|
|t:|1758316046
|move|p2a: Cresselia|Moonlight|p2a: Cresselia
|-heal|p2a: Cresselia|100/100
|move|p1a: Scizor|Swords Dance|p1a: Scizor
|-boost|p1a: Scizor|atk|2
|
|-weather|Snowscape|[upkeep]
|upkeep
|turn|13
|
|t:|1758316055
|switch|p2a: Gholdengo|Gholdengo|100/100
|-item|p2a: Gholdengo|Air Balloon
|move|p1a: Scizor|Knock Off|p2a: Gholdengo
|-supereffective|p2a: Gholdengo
|-damage|p2a: Gholdengo|0 fnt
|-enditem|p2a: Gholdengo|Air Balloon
|faint|p2a: Gholdengo
|
|-weather|none
|upkeep
|inactive|Trail one has 120 seconds left.
|
|t:|1758316098
|switch|p2a: Toxtricity|Toxtricity, M|100/100
|turn|14
|inactive|Crooksieee has 120 seconds left.
|
|t:|1758316146
|move|p2a: Toxtricity|Overdrive|p1a: Scizor
|-damage|p1a: Scizor|8/100
|move|p1a: Scizor|Knock Off|p2a: Toxtricity
|-damage|p2a: Toxtricity|0 fnt
|-enditem|p2a: Toxtricity|Choice Specs|[from] move: Knock Off|[of] p1a: Scizor
|faint|p2a: Toxtricity
|
|upkeep
|inactive|Trail one has 120 seconds left.
|
|t:|1758316158
|switch|p2a: Samurott|Samurott-Hisui, M|100/100
|turn|15
|
|t:|1758316167
|switch|p1a: Landorus|Landorus-Therian, M|84/100
|-ability|p1a: Landorus|Intimidate|boost
|-unboost|p2a: Samurott|atk|1
|move|p2a: Samurott|Ceaseless Edge|p1a: Landorus
|-damage|p1a: Landorus|50/100
|-damage|p2a: Samurott|84/100|[from] item: Rocky Helmet|[of] p1a: Landorus
|-sidestart|p1: Crooksieee|Spikes
|
|upkeep
|turn|16
|inactive|Crooksieee has 120 seconds left.
|
|t:|1758316182
|switch|p2a: Ogerpon|Ogerpon-Wellspring, F|75/100
|move|p1a: Landorus|Stealth Rock|p2a: Ogerpon
|-sidestart|p2: Trail one|move: Stealth Rock
|
|upkeep
|turn|17
|inactive|Crooksieee has 120 seconds left.
|
|t:|1758316193
|switch|p1a: Scizor|Scizor, F|8/100
|-damage|p1a: Scizor|0 fnt|[from] Spikes
|faint|p1a: Scizor
|move|p2a: Ogerpon|Ivy Cudgel|p1: Scizor|[notarget]
|-fail|p2a: Ogerpon
|
|upkeep
|
|t:|1758316200
|switch|p1a: Dragapult|Dragapult, F|100/100
|-damage|p1a: Dragapult|88/100|[from] Spikes
|turn|18
|inactive|Crooksieee has 120 seconds left.
|
|t:|1758316207
|-terastallize|p2a: Ogerpon|Water
|detailschange|p2a: Ogerpon|Ogerpon-Wellspring-Tera, F, tera:Water
|-ability|p2a: Ogerpon|Embody Aspect (Wellspring)|boost
|-boost|p2a: Ogerpon|spd|1
|move|p1a: Dragapult|Will-O-Wisp|p2a: Ogerpon
|-status|p2a: Ogerpon|brn
|move|p2a: Ogerpon|Play Rough|p1a: Dragapult
|-supereffective|p1a: Dragapult
|-damage|p1a: Dragapult|36/100
|
|-damage|p2a: Ogerpon|69/100 brn|[from] brn
|upkeep
|turn|19
|inactive|Crooksieee has 120 seconds left.
|
|t:|1758316222
|move|p1a: Dragapult|Draco Meteor|p2a: Ogerpon
|-damage|p2a: Ogerpon|24/100 brn
|-unboost|p1a: Dragapult|spa|2
|-enditem|p1a: Dragapult|Eject Pack
|
|t:|1758316227
|switch|p1a: Ninetales|Ninetales-Alola, M|77/100
|-damage|p1a: Ninetales|65/100|[from] Spikes
|-weather|Snowscape|[from] ability: Snow Warning|[of] p1a: Ninetales
|move|p2a: Ogerpon|Play Rough|p1a: Ninetales
|-damage|p1a: Ninetales|49/100
|
|-weather|Snowscape|[upkeep]
|-damage|p2a: Ogerpon|18/100 brn|[from] brn
|upkeep
|turn|20
|inactive|Crooksieee has 120 seconds left.
|
|t:|1758316241
|move|p2a: Ogerpon|Knock Off|p1a: Ninetales
|-resisted|p1a: Ninetales
|-damage|p1a: Ninetales|42/100
|-enditem|p1a: Ninetales|Light Clay|[from] move: Knock Off|[of] p2a: Ogerpon
|move|p1a: Ninetales|Aurora Veil|p1a: Ninetales
|-sidestart|p1: Crooksieee|move: Aurora Veil
|
|-weather|Snowscape|[upkeep]
|-damage|p2a: Ogerpon|12/100 brn|[from] brn
|upkeep
|turn|21
|
|t:|1758316254
|move|p2a: Ogerpon|Power Whip|p1a: Ninetales
|-damage|p1a: Ninetales|27/100
|move|p1a: Ninetales|Freeze-Dry|p2a: Ogerpon
|-supereffective|p2a: Ogerpon
|-damage|p2a: Ogerpon|0 fnt
|faint|p2a: Ogerpon
|detailschange|p2: Ogerpon|Ogerpon-Wellspring, F|[silent]
|
|-weather|Snowscape|[upkeep]
|upkeep
|inactive|Trail one has 120 seconds left.
|
|t:|1758316289
|switch|p2a: Cresselia|Cresselia, F|100/100
|-damage|p2a: Cresselia|88/100|[from] Stealth Rock
|turn|22
|inactive|Trail one has 120 seconds left.
|
|t:|1758316299
|switch|p1a: Landorus|Landorus-Therian, M|50/100
|-ability|p1a: Landorus|Intimidate|boost
|-unboost|p2a: Cresselia|atk|1
|move|p2a: Cresselia|Calm Mind|p2a: Cresselia
|-boost|p2a: Cresselia|spa|1
|-boost|p2a: Cresselia|spd|1
|
|-weather|Snowscape|[upkeep]
|-heal|p2a: Cresselia|94/100|[from] item: Leftovers
|upkeep
|turn|23
|
|t:|1758316308
|move|p1a: Landorus|Taunt|p2a: Cresselia
|-start|p2a: Cresselia|move: Taunt
|move|p2a: Cresselia|Moonblast|p1a: Landorus
|-damage|p1a: Landorus|33/100
|
|-weather|none
|-heal|p2a: Cresselia|99/100|[from] item: Leftovers
|upkeep
|turn|24
|
|t:|1758316317
|move|p1a: Landorus|Smack Down|p2a: Cresselia
|-damage|p2a: Cresselia|90/100
|-start|p2a: Cresselia|Smack Down
|move|p2a: Cresselia|Moonblast|p1a: Landorus
|-damage|p1a: Landorus|17/100
|-unboost|p1a: Landorus|spa|1
|
|-heal|p2a: Cresselia|96/100|[from] item: Leftovers
|-sideend|p1: Crooksieee|move: Aurora Veil
|upkeep
|turn|25
|
|t:|1758316328
|move|p1a: Landorus|Earthquake|p2a: Cresselia
|-damage|p2a: Cresselia|63/100
|move|p2a: Cresselia|Moonblast|p1a: Landorus
|-damage|p1a: Landorus|0 fnt
|faint|p1a: Landorus
|
|-heal|p2a: Cresselia|69/100|[from] item: Leftovers
|-end|p2a: Cresselia|move: Taunt
|upkeep
|inactive|Crooksieee has 120 seconds left.
|
|t:|1758316358
|switch|p1a: Glimmora|Glimmora, M|100/100
|-damage|p1a: Glimmora|88/100|[from] Spikes
|turn|26
|inactive|Crooksieee has 120 seconds left.
|
|t:|1758316368
|move|p1a: Glimmora|Mortal Spin|p2a: Cresselia
|-damage|p2a: Cresselia|66/100
|-status|p2a: Cresselia|psn
|-sideend|p1: Crooksieee|Spikes|[from] move: Mortal Spin|[of] p1a: Glimmora
|move|p2a: Cresselia|Calm Mind|p2a: Cresselia
|-boost|p2a: Cresselia|spa|1
|-boost|p2a: Cresselia|spd|1
|
|-heal|p2a: Cresselia|72/100 psn|[from] item: Leftovers
|-damage|p2a: Cresselia|59/100 psn|[from] psn
|upkeep
|turn|27
|inactive|Crooksieee has 120 seconds left.
|
|t:|1758316388
|switch|p1a: Ninetales|Ninetales-Alola, M|27/100
|-weather|Snowscape|[from] ability: Snow Warning|[of] p1a: Ninetales
|move|p2a: Cresselia|Stored Power|p1a: Ninetales
|-damage|p1a: Ninetales|0 fnt
|faint|p1a: Ninetales
|
|-weather|Snowscape|[upkeep]
|-heal|p2a: Cresselia|66/100 psn|[from] item: Leftovers
|-damage|p2a: Cresselia|53/100 psn|[from] psn
|upkeep
|
|t:|1758316400
|switch|p1a: Dragapult|Dragapult, F|36/100
|turn|28
|
|t:|1758316410
|move|p1a: Dragapult|Hex|p2a: Cresselia
|-supereffective|p2a: Cresselia
|-damage|p2a: Cresselia|21/100 psn
|move|p2a: Cresselia|Stored Power|p1a: Dragapult
|-damage|p1a: Dragapult|0 fnt
|faint|p1a: Dragapult
|
|-weather|Snowscape|[upkeep]
|-heal|p2a: Cresselia|28/100 psn|[from] item: Leftovers
|-damage|p2a: Cresselia|15/100 psn|[from] psn
|upkeep
|
|t:|1758316421
|switch|p1a: Glimmora|Glimmora, M|88/100
|turn|29
|
|t:|1758316425
|-terastallize|p1a: Glimmora|Grass
|move|p1a: Glimmora|Energy Ball|p2a: Cresselia
|-damage|p2a: Cresselia|0 fnt
|faint|p2a: Cresselia
|
|-weather|Snowscape|[upkeep]
|upkeep
|
|t:|1758316432
|switch|p2a: Samurott|Samurott-Hisui, M|84/100
|-damage|p2a: Samurott|72/100|[from] Stealth Rock
|turn|30
|
|t:|1758316440
|move|p2a: Samurott|Ceaseless Edge|p1a: Glimmora
|-damage|p1a: Glimmora|48/100
|-activate|p1a: Glimmora|ability: Toxic Debris
|-sidestart|p2: Trail one|move: Toxic Spikes
|-sidestart|p1: Crooksieee|Spikes
|move|p1a: Glimmora|Energy Ball|p2a: Samurott
|-supereffective|p2a: Samurott
|-damage|p2a: Samurott|0 fnt
|faint|p2a: Samurott
|
|win|Crooksieee
|raw|Crooksieee's rating: 1553 &rarr; <strong>1573</strong><br />(+20 for winning)
|raw|Trail one's rating: 1561 &rarr; <strong>1541</strong><br />(-20 for losing)
|l|☆Trail one
|player|p2|
|c|☆Crooksieee|Ggs
|l|☆Crooksieee
|player|p1|
