|j|☆21trisi
|j|☆piratefish24
|t:|1758294839
|gametype|singles
|player|p1|21trisi|hiker-gen4|1357
|player|p2|piratefish24|ghetsis|1365
|gen|9
|tier|[Gen 9] OU
|rated|
|rule|HP Percentage Mod: HP is shown in percentages
|rule|Endless Battle Clause: Forcing endless battles is banned
|rule|Species Clause: Limit one of each Pokémon
|rule|OHKO Clause: OHKO moves are banned
|rule|Evasion Items Clause: Evasion items are banned
|rule|Evasion Moves Clause: Evasion moves are banned
|rule|Evasion Abilities Clause: Evasion abilities are banned
|rule|Sleep Moves Clause: Sleep-inducing moves are banned
|clearpoke
|poke|p1|Landorus-Therian, M|
|poke|p1|Skeledirge, M|
|poke|p1|Skarmory, M|
|poke|p1|Hydrapple, M|
|poke|p1|Samurott-Hisui, M|
|poke|p1|Fezandipiti, M|
|poke|p2|Dondozo, M|
|poke|p2|Blissey, F|
|poke|p2|Corviknight, F|
|poke|p2|Weezing-Galar, F|
|poke|p2|Gliscor, M|
|poke|p2|Toxapex, F|
|teampreview
|inactive|Battle timer is ON: inactive players will automatically lose when time's up. (requested by piratefish24)
|
|t:|1758294861
|teamsize|p1|6
|teamsize|p2|6
|start
|switch|p1a: Leviatan|Hydrapple, M, shiny|100/100
|switch|p2a: Gliscor|Gliscor, M|100/100
|turn|1
|
|t:|1758294867
|move|p2a: Gliscor|Knock Off|p1a: Leviatan
|-crit|p1a: Leviatan
|-damage|p1a: Leviatan|75/100
|-enditem|p1a: Leviatan|Heavy-Duty Boots|[from] move: Knock Off|[of] p2a: Gliscor
|move|p1a: Leviatan|Nasty Plot|p1a: Leviatan
|-boost|p1a: Leviatan|spa|2
|
|-status|p2a: Gliscor|tox|[from] item: Toxic Orb
|upkeep
|turn|2
|
|t:|1758294873
|switch|p2a: Blissey|Blissey, F|100/100
|move|p1a: Leviatan|Nasty Plot|p1a: Leviatan
|-boost|p1a: Leviatan|spa|2
|
|upkeep
|turn|3
|
|t:|1758294880
|move|p2a: Blissey|Calm Mind|p2a: Blissey
|-boost|p2a: Blissey|spa|1
|-boost|p2a: Blissey|spd|1
|move|p1a: Leviatan|Fickle Beam|p2a: Blissey
|-damage|p2a: Blissey|73/100
|
|-heal|p2a: Blissey|80/100|[from] item: Leftovers
|upkeep
|turn|4
|
|t:|1758294885
|switch|p1a: Skarmory|Skarmory, M, shiny|100/100
|move|p2a: Blissey|Calm Mind|p2a: Blissey
|-boost|p2a: Blissey|spa|1
|-boost|p2a: Blissey|spd|1
|
|-heal|p2a: Blissey|86/100|[from] item: Leftovers
|upkeep
|turn|5
|
|t:|1758294889
|move|p1a: Skarmory|Stealth Rock|p2a: Blissey
|-sidestart|p2: piratefish24|move: Stealth Rock
|move|p2a: Blissey|Stealth Rock|p1a: Skarmory
|-sidestart|p1: 21trisi|move: Stealth Rock
|
|-heal|p2a: Blissey|92/100|[from] item: Leftovers
|upkeep
|turn|6
|
|t:|1758294894
|switch|p2a: Gliscor|Gliscor, M|100/100 tox
|-damage|p2a: Gliscor|88/100 tox|[from] Stealth Rock
|move|p1a: Skarmory|Body Press|p2a: Gliscor
|-resisted|p2a: Gliscor
|-damage|p2a: Gliscor|75/100 tox
|
|-heal|p2a: Gliscor|87/100 tox|[from] ability: Poison Heal
|upkeep
|turn|7
|
|t:|1758294903
|switch|p1a: Leviatan|Hydrapple, M, shiny|100/100
|-damage|p1a: Leviatan|88/100|[from] Stealth Rock
|move|p2a: Gliscor|Knock Off|p1a: Leviatan
|-damage|p1a: Leviatan|77/100
|
|-heal|p2a: Gliscor|99/100 tox|[from] ability: Poison Heal
|upkeep
|turn|8
|
|t:|1758294909
|switch|p2a: Toxapex|Toxapex, F|100/100
|-damage|p2a: Toxapex|88/100|[from] Stealth Rock
|move|p1a: Leviatan|Giga Drain|p2a: Toxapex
|-damage|p2a: Toxapex|61/100
|-heal|p1a: Leviatan|87/100|[from] drain|[of] p2a: Toxapex
|
|-heal|p2a: Toxapex|68/100|[from] item: Leftovers
|upkeep
|turn|9
|
|t:|1758294915
|move|p1a: Leviatan|Earth Power|p2a: Toxapex
|-supereffective|p2a: Toxapex
|-damage|p2a: Toxapex|25/100
|move|p2a: Toxapex|Toxic|p1a: Leviatan
|-status|p1a: Leviatan|tox
|
|-heal|p2a: Toxapex|31/100|[from] item: Leftovers
|-damage|p1a: Leviatan|81/100 tox|[from] psn
|upkeep
|turn|10
|
|t:|1758294922
|switch|p2a: Blissey|Blissey, F|92/100
|-damage|p2a: Blissey|80/100|[from] Stealth Rock
|move|p1a: Leviatan|Giga Drain|p2a: Blissey
|-damage|p2a: Blissey|66/100
|-heal|p1a: Leviatan|92/100 tox|[from] drain|[of] p2a: Blissey
|
|-heal|p2a: Blissey|72/100|[from] item: Leftovers
|-damage|p1a: Leviatan|80/100 tox|[from] psn
|upkeep
|turn|11
|
|t:|1758294930
|switch|p1a: Skarmory|Skarmory, M, shiny|100/100
|-damage|p1a: Skarmory|88/100|[from] Stealth Rock
|move|p2a: Blissey|Calm Mind|p2a: Blissey
|-boost|p2a: Blissey|spa|1
|-boost|p2a: Blissey|spd|1
|
|-heal|p2a: Blissey|78/100|[from] item: Leftovers
|upkeep
|turn|12
|
|t:|1758294934
|switch|p2a: Corviknight|Corviknight, F|100/100
|-damage|p2a: Corviknight|88/100|[from] Stealth Rock
|-ability|p2a: Corviknight|Pressure
|move|p1a: Skarmory|Body Press|p2a: Corviknight
|-damage|p2a: Corviknight|67/100
|
|-heal|p2a: Corviknight|73/100|[from] item: Leftovers
|upkeep
|turn|13
|
|t:|1758294943
|switch|p1a: Skeledirge|Skeledirge, M, shiny|100/100
|move|p2a: Corviknight|Defog|p1a: Skeledirge
|-unboost|p1a: Skeledirge|evasion|1
|-sideend|p1: 21trisi|Stealth Rock|[from] move: Defog|[of] p2a: Corviknight
|-sideend|p2: piratefish24|Stealth Rock|[from] move: Defog|[of] p2a: Corviknight
|
|-heal|p2a: Corviknight|79/100|[from] item: Leftovers
|upkeep
|turn|14
|
|t:|1758294950
|switch|p2a: Gliscor|Gliscor, M|99/100 tox
|move|p1a: Skeledirge|Torch Song|p2a: Gliscor
|-damage|p2a: Gliscor|77/100 tox
|-boost|p1a: Skeledirge|spa|1
|
|-heal|p2a: Gliscor|89/100 tox|[from] ability: Poison Heal
|upkeep
|turn|15
|
|t:|1758294955
|-terastallize|p1a: Skeledirge|Ice
|move|p2a: Gliscor|Knock Off|p1a: Skeledirge
|-damage|p1a: Skeledirge|84/100
|-enditem|p1a: Skeledirge|Heavy-Duty Boots|[from] move: Knock Off|[of] p2a: Gliscor
|move|p1a: Skeledirge|Tera Blast|p2a: Gliscor|[anim] Tera Blast Ice
|-supereffective|p2a: Gliscor
|-damage|p2a: Gliscor|0 fnt
|faint|p2a: Gliscor
|
|upkeep
|
|t:|1758294967
|switch|p2a: Toxapex|Toxapex, F|64/100
|turn|16
|
|t:|1758294976
|move|p1a: Skeledirge|Earth Power|p2a: Toxapex
|-supereffective|p2a: Toxapex
|-damage|p2a: Toxapex|24/100
|move|p2a: Toxapex|Toxic Spikes|p1a: Skeledirge
|-sidestart|p1: 21trisi|move: Toxic Spikes
|
|-heal|p2a: Toxapex|30/100|[from] item: Leftovers
|upkeep
|turn|17
|
|t:|1758294981
|switch|p2a: Blissey|Blissey, F|78/100
|move|p1a: Skeledirge|Earth Power|p2a: Blissey
|-damage|p2a: Blissey|69/100
|-unboost|p2a: Blissey|spd|1
|
|-heal|p2a: Blissey|75/100|[from] item: Leftovers
|upkeep
|turn|18
|
|t:|1758294986
|switch|p1a: Fezandipiti|Fezandipiti, M|100/100
|-sideend|p1: 21trisi|move: Toxic Spikes|[of] p1a: Fezandipiti
|move|p2a: Blissey|Seismic Toss|p1a: Fezandipiti
|-damage|p1a: Fezandipiti|74/100
|
|-heal|p2a: Blissey|81/100|[from] item: Leftovers
|upkeep
|turn|19
|
|t:|1758294993
|switch|p1a: Skarmory|Skarmory, M, shiny|88/100
|switch|p2a: Toxapex|Toxapex, F|64/100
|
|-heal|p2a: Toxapex|70/100|[from] item: Leftovers
|upkeep
|turn|20
|
|t:|1758295000
|move|p1a: Skarmory|Stealth Rock|p2a: Toxapex
|-sidestart|p2: piratefish24|move: Stealth Rock
|move|p2a: Toxapex|Toxic Spikes|p1a: Skarmory
|-sidestart|p1: 21trisi|move: Toxic Spikes
|
|-heal|p2a: Toxapex|76/100|[from] item: Leftovers
|upkeep
|turn|21
|
|t:|1758295006
|switch|p1a: Leviatan|Hydrapple, M, shiny|100/100 tox
|move|p2a: Toxapex|Toxic Spikes|p1a: Leviatan
|-sidestart|p1: 21trisi|move: Toxic Spikes
|
|-heal|p2a: Toxapex|82/100|[from] item: Leftovers
|-damage|p1a: Leviatan|94/100 tox|[from] psn
|upkeep
|turn|22
|
|t:|1758295026
|switch|p1a: Fezandipiti|Fezandipiti, M|74/100
|-sideend|p1: 21trisi|move: Toxic Spikes|[of] p1a: Fezandipiti
|move|p2a: Toxapex|Haze|p2a: Toxapex
|-clearallboost
|
|-heal|p2a: Toxapex|89/100|[from] item: Leftovers
|upkeep
|turn|23
|
|t:|1758295031
|move|p1a: Fezandipiti|Calm Mind|p1a: Fezandipiti
|-boost|p1a: Fezandipiti|spa|1
|-boost|p1a: Fezandipiti|spd|1
|move|p2a: Toxapex|Toxic Spikes|p1a: Fezandipiti
|-sidestart|p1: 21trisi|move: Toxic Spikes
|
|-heal|p2a: Toxapex|95/100|[from] item: Leftovers
|upkeep
|turn|24
|
|t:|1758295050
|switch|p1a: Landorus|Landorus-Therian, M, shiny|100/100
|-ability|p1a: Landorus|Intimidate|boost
|-unboost|p2a: Toxapex|atk|1
|move|p2a: Toxapex|Haze|p2a: Toxapex
|-clearallboost
|
|-heal|p2a: Toxapex|100/100|[from] item: Leftovers
|upkeep
|turn|25
|
|t:|1758295053
|move|p1a: Landorus|U-turn|p2a: Toxapex
|-resisted|p2a: Toxapex
|-damage|p2a: Toxapex|90/100
|
|t:|1758295058
|switch|p1a: Leviatan|Hydrapple, M, shiny|100/100 tox|[from] U-turn
|move|p2a: Toxapex|Toxic|p1a: Leviatan
|-fail|p1a: Leviatan|tox
|
|-heal|p2a: Toxapex|96/100|[from] item: Leftovers
|-damage|p1a: Leviatan|94/100 tox|[from] psn
|upkeep
|turn|26
|
|t:|1758295068
|switch|p2a: Corviknight|Corviknight, F|79/100
|-damage|p2a: Corviknight|67/100|[from] Stealth Rock
|-ability|p2a: Corviknight|Pressure
|move|p1a: Leviatan|Nasty Plot|p1a: Leviatan
|-boost|p1a: Leviatan|spa|2
|
|-heal|p2a: Corviknight|73/100|[from] item: Leftovers
|-damage|p1a: Leviatan|82/100 tox|[from] psn
|upkeep
|turn|27
|
|t:|1758295076
|move|p2a: Corviknight|Defog|p1a: Leviatan
|-unboost|p1a: Leviatan|evasion|1
|-sideend|p1: 21trisi|Toxic Spikes|[from] move: Defog|[of] p2a: Corviknight
|-sideend|p2: piratefish24|Stealth Rock|[from] move: Defog|[of] p2a: Corviknight
|move|p1a: Leviatan|Fickle Beam|p2a: Corviknight
|-resisted|p2a: Corviknight
|-crit|p2a: Corviknight
|-damage|p2a: Corviknight|7/100
|
|-heal|p2a: Corviknight|13/100|[from] item: Leftovers
|-damage|p1a: Leviatan|64/100 tox|[from] psn
|upkeep
|turn|28
|
|t:|1758295085
|move|p2a: Corviknight|Roost|p2a: Corviknight
|-heal|p2a: Corviknight|63/100
|-singleturn|p2a: Corviknight|move: Roost
|move|p1a: Leviatan|Fickle Beam|p2a: Corviknight
|-resisted|p2a: Corviknight
|-damage|p2a: Corviknight|22/100
|
|-heal|p2a: Corviknight|28/100|[from] item: Leftovers
|-damage|p1a: Leviatan|40/100 tox|[from] psn
|upkeep
|turn|29
|
|t:|1758295093
|switch|p1a: Skarmory|Skarmory, M, shiny|88/100
|move|p2a: Corviknight|Roost|p2a: Corviknight
|-heal|p2a: Corviknight|78/100
|-singleturn|p2a: Corviknight|move: Roost
|
|-heal|p2a: Corviknight|85/100|[from] item: Leftovers
|upkeep
|turn|30
|
|t:|1758295097
|move|p1a: Skarmory|Stealth Rock|p2a: Corviknight
|-sidestart|p2: piratefish24|move: Stealth Rock
|move|p2a: Corviknight|Body Press|p1a: Skarmory
|-crit|p1a: Skarmory
|-damage|p1a: Skarmory|65/100
|-damage|p2a: Corviknight|68/100|[from] item: Rocky Helmet|[of] p1a: Skarmory
|
|-heal|p2a: Corviknight|74/100|[from] item: Leftovers
|upkeep
|turn|31
|
|t:|1758295100
|move|p1a: Skarmory|Roost|p1a: Skarmory
|-heal|p1a: Skarmory|100/100
|-singleturn|p1a: Skarmory|move: Roost
|move|p2a: Corviknight|Defog|p1a: Skarmory
|-unboost|p1a: Skarmory|evasion|1
|-sideend|p2: piratefish24|Stealth Rock|[from] move: Defog|[of] p2a: Corviknight
|
|-heal|p2a: Corviknight|81/100|[from] item: Leftovers
|upkeep
|turn|32
|
|t:|1758295105
|switch|p1a: Skeledirge|Skeledirge, M, shiny, tera:Ice|84/100
|move|p2a: Corviknight|Iron Defense|p2a: Corviknight
|-boost|p2a: Corviknight|def|2
|
|-heal|p2a: Corviknight|87/100|[from] item: Leftovers
|upkeep
|turn|33
|
|t:|1758295122
|move|p2a: Corviknight|Body Press|p1a: Skeledirge
|-supereffective|p1a: Skeledirge
|-damage|p1a: Skeledirge|45/100
|move|p1a: Skeledirge|Torch Song|p2a: Corviknight
|-supereffective|p2a: Corviknight
|-damage|p2a: Corviknight|31/100
|-boost|p1a: Skeledirge|spa|1
|
|-heal|p2a: Corviknight|37/100|[from] item: Leftovers
|upkeep
|turn|34
|
|t:|1758295130
|switch|p2a: Toxapex|Toxapex, F|100/100
|move|p1a: Skeledirge|Slack Off|p1a: Skeledirge
|-heal|p1a: Skeledirge|95/100
|
|upkeep
|turn|35
|
|t:|1758295140
|switch|p1a: Leviatan|Hydrapple, M, shiny|74/100 tox
|move|p2a: Toxapex|Toxic Spikes|p1a: Leviatan
|-sidestart|p1: 21trisi|move: Toxic Spikes
|
|-damage|p1a: Leviatan|67/100 tox|[from] psn
|upkeep
|turn|36
|
|t:|1758295145
|switch|p2a: Corviknight|Corviknight, F|37/100
|-ability|p2a: Corviknight|Pressure
|move|p1a: Leviatan|Giga Drain|p2a: Corviknight
|-resisted|p2a: Corviknight
|-damage|p2a: Corviknight|26/100
|-heal|p1a: Leviatan|73/100 tox|[from] drain|[of] p2a: Corviknight
|
|-heal|p2a: Corviknight|33/100|[from] item: Leftovers
|-damage|p1a: Leviatan|61/100 tox|[from] psn
|upkeep
|turn|37
|
|t:|1758295151
|switch|p1a: Fezandipiti|Fezandipiti, M|74/100
|-sideend|p1: 21trisi|move: Toxic Spikes|[of] p1a: Fezandipiti
|move|p2a: Corviknight|Roost|p2a: Corviknight
|-heal|p2a: Corviknight|83/100
|-singleturn|p2a: Corviknight|move: Roost
|
|-heal|p2a: Corviknight|89/100|[from] item: Leftovers
|upkeep
|turn|38
|
|t:|1758295156
|switch|p1a: Skeledirge|Skeledirge, M, shiny, tera:Ice|95/100
|switch|p2a: Toxapex|Toxapex, F|100/100
|
|upkeep
|turn|39
|
|t:|1758295165
|switch|p1a: Landorus|Landorus-Therian, M, shiny|100/100
|-ability|p1a: Landorus|Intimidate|boost
|-unboost|p2a: Toxapex|atk|1
|switch|p2a: Blissey|Blissey, F|81/100
|
|-heal|p2a: Blissey|87/100|[from] item: Leftovers
|upkeep
|turn|40
|inactive|piratefish24 has 120 seconds left.
|
|t:|1758295204
|switch|p2a: Toxapex|Toxapex, F|100/100
|move|p1a: Landorus|Earthquake|p2a: Toxapex
|-supereffective|p2a: Toxapex
|-crit|p2a: Toxapex
|-damage|p2a: Toxapex|0 fnt
|faint|p2a: Toxapex
|
|upkeep
|-message|piratefish24 forfeited.
|
|win|21trisi
|raw|21trisi's rating: 1357 &rarr; <strong>1377</strong><br />(+20 for winning)
|raw|piratefish24's rating: 1365 &rarr; <strong>1345</strong><br />(-20 for losing)
|l|☆piratefish24
|player|p2|
