|j|☆Samarand
|j|☆SmashOnly
|t:|1758361165
|gametype|singles
|player|p1|Samarand|veteranf|1365
|player|p2|SmashOnly|shadowtriad|1432
|gen|9
|tier|[Gen 9] OU
|rated|
|rule|HP Percentage Mod: HP is shown in percentages
|rule|Endless Battle Clause: Forcing endless battles is banned
|rule|Species Clause: Limit one of each Pokémon
|rule|OHKO Clause: OHKO moves are banned
|rule|Evasion Items Clause: Evasion items are banned
|rule|Evasion Moves Clause: Evasion moves are banned
|rule|Evasion Abilities Clause: Evasion abilities are banned
|rule|Sleep Moves Clause: Sleep-inducing moves are banned
|clearpoke
|poke|p1|Delphox, F|
|poke|p1|Diancie|
|poke|p1|Corviknight, M|
|poke|p1|Primarina, F|
|poke|p1|Regice|
|poke|p1|Ninetales-Alola, F|
|poke|p2|Gholdengo|
|poke|p2|Iron Treads|
|poke|p2|Moltres|
|poke|p2|Samurott-Hisui, M|
|poke|p2|Sinistcha|
|poke|p2|Ting-Lu|
|teampreview
|
|t:|1758361171
|teamsize|p1|6
|teamsize|p2|6
|start
|switch|p1a: Ninetales|Ninetales-Alola, F|100/100
|switch|p2a: Ting-Lu|Ting-Lu|100/100
|-weather|Snowscape|[from] ability: Snow Warning|[of] p1a: Ninetales
|-ability|p2a: Ting-Lu|Vessel of Ruin
|turn|1
|
|t:|1758361174
|move|p1a: Ninetales|Aurora Veil|p1a: Ninetales
|-sidestart|p1: Samarand|move: Aurora Veil
|move|p2a: Ting-Lu|Stealth Rock|p1a: Ninetales
|-sidestart|p1: Samarand|move: Stealth Rock
|
|-weather|Snowscape|[upkeep]
|upkeep
|turn|2
|
|t:|1758361182
|switch|p1a: Regice|Regice|100/100
|-damage|p1a: Regice|75/100|[from] Stealth Rock
|switch|p2a: Iron Treads|Iron Treads|100/100
|
|-weather|Snowscape|[upkeep]
|-heal|p1a: Regice|82/100|[from] ability: Ice Body
|-heal|p1a: Regice|88/100|[from] item: Leftovers
|upkeep
|turn|3
|
|t:|1758361188
|-end|p2a: Iron Treads|Quark Drive|[silent]
|switch|p2a: Ting-Lu|Ting-Lu|100/100
|-ability|p2a: Ting-Lu|Vessel of Ruin
|move|p1a: Regice|Blizzard|p2a: Ting-Lu
|-supereffective|p2a: Ting-Lu
|-damage|p2a: Ting-Lu|58/100
|
|-weather|Snowscape|[upkeep]
|-heal|p1a: Regice|94/100|[from] ability: Ice Body
|-heal|p1a: Regice|99/100|[from] item: Leftovers
|-heal|p2a: Ting-Lu|65/100|[from] item: Leftovers
|upkeep
|turn|4
|
|t:|1758361192
|move|p1a: Regice|Blizzard|p2a: Ting-Lu
|-supereffective|p2a: Ting-Lu
|-damage|p2a: Ting-Lu|23/100
|move|p2a: Ting-Lu|Whirlwind|p1a: Regice
|drag|p1a: Corviknight|Corviknight, M|100/100
|-damage|p1a: Corviknight|88/100|[from] Stealth Rock
|
|-weather|Snowscape|[upkeep]
|-heal|p2a: Ting-Lu|29/100|[from] item: Leftovers
|upkeep
|turn|5
|
|t:|1758361198
|switch|p2a: Moltres|Moltres|100/100
|move|p1a: Corviknight|Defog|p2a: Moltres
|-unboost|p2a: Moltres|evasion|1
|-sideend|p1: Samarand|Stealth Rock|[from] move: Defog|[of] p1a: Corviknight
|
|-weather|none
|upkeep
|turn|6
|
|t:|1758361217
|switch|p1a: Diancie|Diancie|100/100
|move|p2a: Moltres|Flamethrower|p1a: Diancie
|-resisted|p1a: Diancie
|-damage|p1a: Diancie|93/100
|
|-heal|p1a: Diancie|99/100|[from] item: Leftovers
|upkeep
|turn|7
|
|t:|1758361224
|switch|p2a: Iron Treads|Iron Treads|100/100
|move|p1a: Diancie|Iron Defense|p1a: Diancie
|-boost|p1a: Diancie|def|2
|
|-heal|p1a: Diancie|100/100|[from] item: Leftovers
|upkeep
|turn|8
|
|t:|1758361263
|-terastallize|p1a: Diancie|Flying
|move|p2a: Iron Treads|Earthquake|p1a: Diancie
|-immune|p1a: Diancie
|move|p1a: Diancie|Calm Mind|p1a: Diancie
|-boost|p1a: Diancie|spa|1
|-boost|p1a: Diancie|spd|1
|
|-sideend|p1: Samarand|move: Aurora Veil
|upkeep
|turn|9
|
|t:|1758361279
|-end|p2a: Iron Treads|Quark Drive|[silent]
|switch|p2a: Gholdengo|Gholdengo|100/100
|move|p1a: Diancie|Calm Mind|p1a: Diancie
|-boost|p1a: Diancie|spa|1
|-boost|p1a: Diancie|spd|1
|
|upkeep
|turn|10
|inactive|Battle timer is ON: inactive players will automatically lose when time's up. (requested by SmashOnly)
|inactive|Samarand has 120 seconds left.
|
|t:|1758361357
|move|p2a: Gholdengo|Nasty Plot|p2a: Gholdengo
|-boost|p2a: Gholdengo|spa|2
|move|p1a: Diancie|Moonblast|p2a: Gholdengo
|-resisted|p2a: Gholdengo
|-damage|p2a: Gholdengo|45/100
|
|upkeep
|turn|11
|
|t:|1758361364
|move|p2a: Gholdengo|Thunderbolt|p1a: Diancie
|-supereffective|p1a: Diancie
|-damage|p1a: Diancie|49/100
|move|p1a: Diancie|Moonblast|p2a: Gholdengo
|-resisted|p2a: Gholdengo
|-damage|p2a: Gholdengo|0 fnt
|faint|p2a: Gholdengo
|
|-heal|p1a: Diancie|55/100|[from] item: Leftovers
|upkeep
|
|t:|1758361369
|switch|p2a: Samurott|Samurott-Hisui, M|100/100
|turn|12
|
|t:|1758361388
|-terastallize|p2a: Samurott|Water
|move|p2a: Samurott|Razor Shell|p1a: Diancie|[miss]
|-miss|p2a: Samurott|p1a: Diancie
|move|p1a: Diancie|Iron Defense|p1a: Diancie
|-boost|p1a: Diancie|def|2
|
|-heal|p1a: Diancie|62/100|[from] item: Leftovers
|upkeep
|turn|13
|
|t:|1758361395
|move|p2a: Samurott|Razor Shell|p1a: Diancie
|-damage|p1a: Diancie|45/100
|move|p1a: Diancie|Moonblast|p2a: Samurott
|-damage|p2a: Samurott|0 fnt
|faint|p2a: Samurott
|
|-heal|p1a: Diancie|51/100|[from] item: Leftovers
|upkeep
|-message|SmashOnly forfeited.
|
|win|Samarand
|raw|Samarand's rating: 1365 &rarr; <strong>1389</strong><br />(+24 for winning)
|raw|SmashOnly's rating: 1432 &rarr; <strong>1408</strong><br />(-24 for losing)
|l|☆Samarand
|player|p1|
|l|☆SmashOnly
|player|p2|
