|j|☆zjzzz
|j|☆goggiseug
|t:|1758366789
|gametype|singles
|player|p1|zjzzz|169|1212
|player|p2|goggiseug|hilbert|1242
|gen|9
|tier|[Gen 9] OU
|rated|
|rule|HP Percentage Mod: HP is shown in percentages
|rule|Endless Battle Clause: Forcing endless battles is banned
|rule|Species Clause: Limit one of each Pokémon
|rule|OHKO Clause: OHKO moves are banned
|rule|Evasion Items Clause: Evasion items are banned
|rule|Evasion Moves Clause: Evasion moves are banned
|rule|Evasion Abilities Clause: Evasion abilities are banned
|rule|Sleep Moves Clause: Sleep-inducing moves are banned
|clearpoke
|poke|p1|Heatran, M|
|poke|p1|Rillaboom, M|
|poke|p1|Ogerpon-Wellspring, F|
|poke|p1|Dragapult, M|
|poke|p1|Great Tusk|
|poke|p1|Bronzong|
|poke|p2|Lucario, M|
|poke|p2|Galvantula, F|
|poke|p2|Palossand, M|
|poke|p2|Primarina, M|
|poke|p2|Cyclizar, F|
|poke|p2|Garchomp, M|
|teampreview
|inactive|Battle timer is ON: inactive players will automatically lose when time's up. (requested by zjzzz)
|
|t:|1758366806
|teamsize|p1|6
|teamsize|p2|6
|start
|switch|p1a: Starblaze|Heatran, M|100/100
|switch|p2a: 퇴물|Garchomp, M|100/100
|turn|1
|
|t:|1758366813
|switch|p1a: Starlink|Bronzong, shiny|100/100
|move|p2a: 퇴물|Earthquake|p1a: Starlink
|-immune|p1a: Starlink|[from] ability: Levitate
|
|upkeep
|turn|2
|
|t:|1758366821
|move|p2a: 퇴물|Swords Dance|p2a: 퇴물
|-boost|p2a: 퇴물|atk|2
|move|p1a: Starlink|Stealth Rock|p2a: 퇴물
|-sidestart|p2: goggiseug|move: Stealth Rock
|
|upkeep
|turn|3
|
|t:|1758366831
|switch|p1a: Stardrum|Rillaboom, M|100/100
|-fieldstart|move: Grassy Terrain|[from] ability: Grassy Surge|[of] p1a: Stardrum
|move|p2a: 퇴물|Swords Dance|p2a: 퇴물
|-boost|p2a: 퇴물|atk|2
|
|upkeep
|turn|4
|
|t:|1758366840
|-terastallize|p1a: Stardrum|Grass
|move|p1a: Stardrum|Grassy Glide|p2a: 퇴물
|-damage|p2a: 퇴물|42/100
|-damage|p1a: Stardrum|88/100|[from] ability: Rough Skin|[of] p2a: 퇴물
|move|p2a: 퇴물|Scale Shot|p1a: Stardrum
|-damage|p1a: Stardrum|45/100
|-damage|p1a: Stardrum|4/100
|-damage|p1a: Stardrum|0 fnt
|faint|p1a: Stardrum
|-hitcount|p1: Stardrum|3
|-unboost|p2a: 퇴물|def|1
|-boost|p2a: 퇴물|spe|1
|
|-heal|p2a: 퇴물|48/100|[from] Grassy Terrain
|upkeep
|
|t:|1758366846
|switch|p1a: Starforce|Ogerpon-Wellspring, F|100/100
|turn|5
|
|t:|1758366852
|move|p1a: Starforce|Grassy Glide|p2a: 퇴물
|-damage|p2a: 퇴물|0 fnt
|-damage|p1a: Starforce|88/100|[from] ability: Rough Skin|[of] p2a: 퇴물
|faint|p2a: 퇴물
|
|-heal|p1a: Starforce|94/100|[from] Grassy Terrain
|upkeep
|
|t:|1758366862
|switch|p2a: 신지|Cyclizar, F|100/100
|-damage|p2a: 신지|88/100|[from] Stealth Rock
|-item|p2a: 신지|Air Balloon
|turn|6
|
|t:|1758366866
|move|p2a: 신지|Rapid Spin|p1a: Starforce
|-damage|p1a: Starforce|75/100
|-boost|p2a: 신지|spe|1
|-sideend|p2: goggiseug|Stealth Rock|[from] move: Rapid Spin|[of] p2a: 신지
|move|p1a: Starforce|Play Rough|p2a: 신지
|-supereffective|p2a: 신지
|-damage|p2a: 신지|0 fnt
|-enditem|p2a: 신지|Air Balloon
|faint|p2a: 신지
|
|-heal|p1a: Starforce|81/100|[from] Grassy Terrain
|upkeep
|
|t:|1758366874
|switch|p2a: 조민건 친구|Galvantula, F, shiny|100/100
|turn|7
|
|t:|1758366884
|move|p2a: 조민건 친구|Sticky Web|p1a: Starforce
|-sidestart|p1: zjzzz|move: Sticky Web
|move|p1a: Starforce|Ivy Cudgel|p2a: 조민건 친구|[anim] Ivy Cudgel Water
|-damage|p2a: 조민건 친구|11/100
|
|-heal|p2a: 조민건 친구|17/100|[from] Grassy Terrain
|-heal|p1a: Starforce|87/100|[from] Grassy Terrain
|upkeep
|turn|8
|
|t:|1758366890
|move|p1a: Starforce|Grassy Glide|p2a: 조민건 친구
|-resisted|p2a: 조민건 친구
|-damage|p2a: 조민건 친구|0 fnt
|faint|p2a: 조민건 친구
|
|-heal|p1a: Starforce|93/100|[from] Grassy Terrain
|upkeep
|
|t:|1758366899
|switch|p2a: 모래성이당ㅎㅎ|Palossand, M, shiny|100/100
|turn|9
|
|t:|1758366903
|-terastallize|p2a: 모래성이당ㅎㅎ|Poison
|move|p1a: Starforce|Swords Dance|p1a: Starforce
|-boost|p1a: Starforce|atk|2
|move|p2a: 모래성이당ㅎㅎ|Stealth Rock|p1a: Starforce
|-sidestart|p1: zjzzz|move: Stealth Rock
|
|-heal|p1a: Starforce|99/100|[from] Grassy Terrain
|upkeep
|turn|10
|
|t:|1758366910
|move|p1a: Starforce|Ivy Cudgel|p2a: 모래성이당ㅎㅎ|[anim] Ivy Cudgel Water
|-damage|p2a: 모래성이당ㅎㅎ|12/100
|-ability|p2a: 모래성이당ㅎㅎ|Water Compaction|boost
|-boost|p2a: 모래성이당ㅎㅎ|def|2
|move|p2a: 모래성이당ㅎㅎ|Night Shade|p1a: Starforce
|-damage|p1a: Starforce|66/100
|
|-heal|p1a: Starforce|72/100|[from] Grassy Terrain
|-heal|p2a: 모래성이당ㅎㅎ|18/100|[from] Grassy Terrain
|-fieldend|move: Grassy Terrain
|upkeep
|turn|11
|
|t:|1758366917
|move|p1a: Starforce|Ivy Cudgel|p2a: 모래성이당ㅎㅎ|[anim] Ivy Cudgel Water
|-damage|p2a: 모래성이당ㅎㅎ|0 fnt
|faint|p2a: 모래성이당ㅎㅎ
|
|upkeep
|
|t:|1758366922
|switch|p2a: 루카리오|Lucario, M|100/100
|turn|12
|
|t:|1758366939
|move|p1a: Starforce|Ivy Cudgel|p2a: 루카리오|[anim] Ivy Cudgel Water
|-damage|p2a: 루카리오|0 fnt
|faint|p2a: 루카리오
|
|upkeep
|
|t:|1758366942
|switch|p2a: 수컷|Primarina, M|100/100
|turn|13
|
|t:|1758366946
|move|p1a: Starforce|Grassy Glide|p2a: 수컷
|-supereffective|p2a: 수컷
|-damage|p2a: 수컷|0 fnt
|faint|p2a: 수컷
|
|win|zjzzz
|raw|zjzzz's rating: 1212 &rarr; <strong>1239</strong><br />(+27 for winning)
|raw|goggiseug's rating: 1242 &rarr; <strong>1215</strong><br />(-27 for losing)
|l|☆goggiseug
|player|p2|
|l|☆zjzzz
|player|p1|
