|j|☆toumingmanga
|j|☆shubh005
|t:|1758282611
|gametype|singles
|player|p1|toumingmanga|rosa|1175
|player|p2|shubh005|169|1235
|gen|9
|tier|[Gen 9] OU
|rated|
|rule|HP Percentage Mod: HP is shown in percentages
|rule|Endless Battle Clause: Forcing endless battles is banned
|rule|Species Clause: Limit one of each Pokémon
|rule|OHKO Clause: OHKO moves are banned
|rule|Evasion Items Clause: Evasion items are banned
|rule|Evasion Moves Clause: Evasion moves are banned
|rule|Evasion Abilities Clause: Evasion abilities are banned
|rule|Sleep Moves Clause: Sleep-inducing moves are banned
|clearpoke
|poke|p1|Samurott-Hisui, F|
|poke|p1|Cinccino, F|
|poke|p1|Ninetales-Alola, F|
|poke|p1|Quilladin, M|
|poke|p1|Skeledirge, M|
|poke|p1|Clodsire, M|
|poke|p2|Pelipper, F|
|poke|p2|Hatterene, F|
|poke|p2|Iron Treads|
|poke|p2|Toxicroak, F|
|poke|p2|Barraskewda, F|
|poke|p2|Zapdos|
|teampreview
|inactive|Battle timer is ON: inactive players will automatically lose when time's up. (requested by shubh005)
|
|t:|1758282635
|teamsize|p1|6
|teamsize|p2|6
|start
|switch|p1a: Clodsire|Clodsire, M|100/100
|switch|p2a: Pelipper|Pelipper, F|100/100
|-weather|RainDance|[from] ability: Drizzle|[of] p2a: Pelipper
|turn|1
|
|t:|1758282648
|move|p2a: Pelipper|Knock Off|p1a: Clodsire
|-crit|p1a: Clodsire
|-damage|p1a: Clodsire|86/100
|-enditem|p1a: Clodsire|Leftovers|[from] move: Knock Off|[of] p2a: Pelipper
|move|p1a: Clodsire|Stealth Rock|p2a: Pelipper
|-sidestart|p2: shubh005|move: Stealth Rock
|
|-weather|RainDance|[upkeep]
|upkeep
|turn|2
|
|t:|1758282669
|switch|p1a: Ninetales|Ninetales-Alola, F|100/100
|-weather|Snowscape|[from] ability: Snow Warning|[of] p1a: Ninetales
|move|p2a: Pelipper|U-turn|p1a: Ninetales
|-resisted|p1a: Ninetales
|-damage|p1a: Ninetales|98/100
|
|t:|1758282692
|switch|p2a: Iron Treads|Iron Treads|100/100|[from] U-turn
|-damage|p2a: Iron Treads|98/100|[from] Stealth Rock
|
|-weather|Snowscape|[upkeep]
|-heal|p2a: Iron Treads|100/100|[from] item: Leftovers
|upkeep
|turn|3
|inactive|toumingmanga has 120 seconds left.
|
|t:|1758282720
|switch|p1a: Skeledirge|Skeledirge, M|100/100
|move|p2a: Iron Treads|Rapid Spin|p1a: Skeledirge
|-immune|p1a: Skeledirge
|
|-weather|Snowscape|[upkeep]
|upkeep
|turn|4
|inactive|toumingmanga has 120 seconds left.
|
|t:|1758282734
|-terastallize|p1a: Skeledirge|Fire
|move|p1a: Skeledirge|Torch Song|p2a: Iron Treads
|-supereffective|p2a: Iron Treads
|-damage|p2a: Iron Treads|19/100
|-boost|p1a: Skeledirge|spa|1
|move|p2a: Iron Treads|Earthquake|p1a: Skeledirge
|-supereffective|p1a: Skeledirge
|-damage|p1a: Skeledirge|38/100
|
|-weather|Snowscape|[upkeep]
|-heal|p2a: Iron Treads|25/100|[from] item: Leftovers
|upkeep
|turn|5
|inactive|toumingmanga has 120 seconds left.
|
|t:|1758282747
|move|p1a: Skeledirge|Torch Song|p2a: Iron Treads
|-supereffective|p2a: Iron Treads
|-damage|p2a: Iron Treads|0 fnt
|-boost|p1a: Skeledirge|spa|1
|faint|p2a: Iron Treads
|-end|p2a: Iron Treads|Quark Drive|[silent]
|
|-weather|Snowscape|[upkeep]
|upkeep
|
|t:|1758282750
|switch|p2a: Pelipper|Pelipper, F|100/100
|-damage|p2a: Pelipper|76/100|[from] Stealth Rock
|-weather|RainDance|[from] ability: Drizzle|[of] p2a: Pelipper
|turn|6
|
|t:|1758282762
|switch|p1a: Ninetales|Ninetales-Alola, F|98/100
|-weather|Snowscape|[from] ability: Snow Warning|[of] p1a: Ninetales
|move|p2a: Pelipper|Hurricane|p1a: Ninetales
|-damage|p1a: Ninetales|59/100
|-start|p1a: Ninetales|confusion
|
|-weather|Snowscape|[upkeep]
|upkeep
|turn|7
|
|t:|1758282776
|switch|p2a: Zapdos|Zapdos|100/100
|-damage|p2a: Zapdos|76/100|[from] Stealth Rock
|-activate|p1a: Ninetales|confusion
|move|p1a: Ninetales|Aurora Veil|p1a: Ninetales
|-sidestart|p1: toumingmanga|move: Aurora Veil
|
|-weather|Snowscape|[upkeep]
|upkeep
|turn|8
|
|t:|1758282788
|move|p2a: Zapdos|Volt Switch|p1a: Ninetales
|-crit|p1a: Ninetales
|-damage|p1a: Ninetales|0 fnt
|faint|p1a: Ninetales
|
|t:|1758282793
|switch|p2a: Pelipper|Pelipper, F|76/100|[from] Volt Switch
|-damage|p2a: Pelipper|51/100|[from] Stealth Rock
|-weather|RainDance|[from] ability: Drizzle|[of] p2a: Pelipper
|
|-weather|RainDance|[upkeep]
|upkeep
|
|t:|1758282809
|switch|p1a: Cinccino|Cinccino, F|100/100
|turn|9
|inactive|shubh005 has 120 seconds left.
|
|t:|1758282853
|switch|p2a: Toxicroak|Toxicroak, F|100/100
|-damage|p2a: Toxicroak|94/100|[from] Stealth Rock
|move|p1a: Cinccino|Rock Blast|p2a: Toxicroak
|-resisted|p2a: Toxicroak
|-damage|p2a: Toxicroak|89/100
|-resisted|p2a: Toxicroak
|-damage|p2a: Toxicroak|85/100
|-resisted|p2a: Toxicroak
|-crit|p2a: Toxicroak
|-damage|p2a: Toxicroak|76/100
|-resisted|p2a: Toxicroak
|-damage|p2a: Toxicroak|71/100
|-hitcount|p2a: Toxicroak|4
|
|-weather|RainDance|[upkeep]
|-heal|p2a: Toxicroak|84/100|[from] ability: Dry Skin
|upkeep
|turn|10
|inactive|toumingmanga has 120 seconds left.
|
|t:|1758282878
|switch|p1a: Clodsire|Clodsire, M|86/100
|move|p2a: Toxicroak|Drain Punch|p1a: Clodsire
|-resisted|p1a: Clodsire
|-damage|p1a: Clodsire|82/100
|-heal|p2a: Toxicroak|87/100|[from] drain|[of] p1a: Clodsire
|
|-weather|RainDance|[upkeep]
|-heal|p2a: Toxicroak|99/100|[from] ability: Dry Skin
|upkeep
|turn|11
|inactive|toumingmanga has 120 seconds left.
|
|t:|1758282903
|switch|p2a: Pelipper|Pelipper, F|51/100
|-damage|p2a: Pelipper|26/100|[from] Stealth Rock
|move|p1a: Clodsire|Earthquake|p2a: Pelipper
|-immune|p2a: Pelipper
|
|-weather|RainDance|[upkeep]
|upkeep
|turn|12
|inactive|toumingmanga has 90 seconds left.
|
|t:|1758282929
|switch|p1a: Samurott|Samurott-Hisui, F|100/100
|move|p2a: Pelipper|Roost|p2a: Pelipper
|-heal|p2a: Pelipper|76/100
|-singleturn|p2a: Pelipper|move: Roost
|
|-weather|RainDance|[upkeep]
|upkeep
|turn|13
|inactive|toumingmanga has 90 seconds left.
|
|t:|1758282955
|switch|p2a: Hatterene|Hatterene, F|100/100
|-damage|p2a: Hatterene|88/100|[from] Stealth Rock
|move|p1a: Samurott|Ceaseless Edge|p2a: Hatterene
|-crit|p2a: Hatterene
|-damage|p2a: Hatterene|32/100
|-sidestart|p2: shubh005|Spikes
|-enditem|p2a: Hatterene|Eject Button
|inactive|shubh005 has 90 seconds left.
|
|t:|1758282966
|switch|p2a: Barraskewda|Barraskewda, F|100/100
|-damage|p2a: Barraskewda|88/100|[from] Stealth Rock
|-damage|p2a: Barraskewda|76/100|[from] Spikes
|
|-weather|RainDance|[upkeep]
|upkeep
|turn|14
|inactive|toumingmanga has 90 seconds left.
|
|t:|1758282982
|move|p2a: Barraskewda|Flip Turn|p1a: Samurott
|-resisted|p1a: Samurott
|-damage|p1a: Samurott|75/100
|
|t:|1758282991
|switch|p2a: Toxicroak|Toxicroak, F|99/100|[from] Flip Turn
|-damage|p2a: Toxicroak|93/100|[from] Stealth Rock
|-damage|p2a: Toxicroak|81/100|[from] Spikes
|move|p1a: Samurott|Ceaseless Edge|p2a: Toxicroak
|-resisted|p2a: Toxicroak
|-damage|p2a: Toxicroak|62/100
|-damage|p1a: Samurott|59/100|[from] item: Rocky Helmet|[of] p2a: Toxicroak
|-sidestart|p2: shubh005|Spikes
|
|-weather|RainDance|[upkeep]
|-heal|p2a: Toxicroak|74/100|[from] ability: Dry Skin
|-sideend|p1: toumingmanga|move: Aurora Veil
|upkeep
|turn|15
|inactive|toumingmanga has 90 seconds left.
|
|t:|1758283010
|switch|p1a: Clodsire|Clodsire, M|82/100
|move|p2a: Toxicroak|Drain Punch|p1a: Clodsire
|-resisted|p1a: Clodsire
|-damage|p1a: Clodsire|71/100
|-heal|p2a: Toxicroak|81/100|[from] drain|[of] p1a: Clodsire
|
|-weather|none
|upkeep
|turn|16
|inactive|toumingmanga has 90 seconds left.
|
|t:|1758283032
|switch|p2a: Pelipper|Pelipper, F|76/100
|-damage|p2a: Pelipper|52/100|[from] Stealth Rock
|-weather|RainDance|[from] ability: Drizzle|[of] p2a: Pelipper
|switch|p1a: Cinccino|Cinccino, F|100/100
|
|-weather|RainDance|[upkeep]
|upkeep
|turn|17
|inactive|shubh005 has 90 seconds left.
|
|t:|1758283055
|switch|p2a: Toxicroak|Toxicroak, F|81/100
|-damage|p2a: Toxicroak|75/100|[from] Stealth Rock
|-damage|p2a: Toxicroak|58/100|[from] Spikes
|move|p1a: Cinccino|Tail Slap|p2a: Toxicroak|[miss]
|-miss|p1a: Cinccino|p2a: Toxicroak
|
|-weather|RainDance|[upkeep]
|-heal|p2a: Toxicroak|71/100|[from] ability: Dry Skin
|upkeep
|turn|18
|inactive|shubh005 has 90 seconds left.
|
|t:|1758283068
|switch|p1a: Clodsire|Clodsire, M|71/100
|move|p2a: Toxicroak|Drain Punch|p1a: Clodsire
|-resisted|p1a: Clodsire
|-damage|p1a: Clodsire|61/100
|-heal|p2a: Toxicroak|77/100|[from] drain|[of] p1a: Clodsire
|
|-weather|RainDance|[upkeep]
|-heal|p2a: Toxicroak|90/100|[from] ability: Dry Skin
|upkeep
|turn|19
|inactive|shubh005 has 90 seconds left.
|
|t:|1758283083
|switch|p2a: Hatterene|Hatterene, F|32/100
|-damage|p2a: Hatterene|20/100|[from] Stealth Rock
|-damage|p2a: Hatterene|3/100|[from] Spikes
|move|p1a: Clodsire|Recover|p1a: Clodsire
|-heal|p1a: Clodsire|100/100
|
|-weather|RainDance|[upkeep]
|upkeep
|turn|20
|inactive|toumingmanga has 90 seconds left.
|inactive|shubh005 has 90 seconds left.
|
|t:|1758283099
|move|p2a: Hatterene|Healing Wish|p2a: Hatterene
|faint|p2a: Hatterene
|move|p1a: Clodsire|Earthquake|p2: Hatterene|[notarget]
|-fail|p1a: Clodsire
|
|-weather|RainDance|[upkeep]
|upkeep
|
|t:|1758283118
|switch|p2a: Barraskewda|Barraskewda, F|76/100
|-heal|p2a: Barraskewda|100/100|[from] move: Healing Wish
|-damage|p2a: Barraskewda|88/100|[from] Stealth Rock
|-damage|p2a: Barraskewda|72/100|[from] Spikes
|turn|21
|inactive|toumingmanga has 90 seconds left.
|
|t:|1758283131
|move|p2a: Barraskewda|Liquidation|p1a: Clodsire
|-immune|p1a: Clodsire|[from] ability: Water Absorb
|move|p1a: Clodsire|Earthquake|p2a: Barraskewda
|-damage|p2a: Barraskewda|16/100
|
|-weather|RainDance|[upkeep]
|upkeep
|turn|22
|inactive|toumingmanga has 90 seconds left.
|c|☆shubh005|bro im so dumb
|
|t:|1758283153
|switch|p2a: Zapdos|Zapdos|76/100
|-damage|p2a: Zapdos|51/100|[from] Stealth Rock
|move|p1a: Clodsire|Earthquake|p2a: Zapdos
|-immune|p2a: Zapdos
|
|-weather|RainDance|[upkeep]
|upkeep
|turn|23
|inactive|toumingmanga has 60 seconds left.
|
|t:|1758283203
|switch|p1a: Skeledirge|Skeledirge, M, tera:Fire|38/100
|move|p2a: Zapdos|Hurricane|p1a: Skeledirge
|-damage|p1a: Skeledirge|0 fnt
|faint|p1a: Skeledirge
|
|-weather|none
|upkeep
|
|t:|1758283212
|switch|p1a: Cinccino|Cinccino, F|100/100
|turn|24
|
|t:|1758283224
|switch|p2a: Barraskewda|Barraskewda, F|16/100
|-damage|p2a: Barraskewda|4/100|[from] Stealth Rock
|-damage|p2a: Barraskewda|0 fnt|[from] Spikes
|faint|p2a: Barraskewda
|move|p1a: Cinccino|Triple Axel|p2: Barraskewda|[notarget]
|-fail|p1a: Cinccino
|
|upkeep
|
|t:|1758283237
|switch|p2a: Toxicroak|Toxicroak, F|90/100
|-damage|p2a: Toxicroak|83/100|[from] Stealth Rock
|-damage|p2a: Toxicroak|67/100|[from] Spikes
|turn|25
|
|t:|1758283251
|switch|p1a: Clodsire|Clodsire, M|100/100
|move|p2a: Toxicroak|Drain Punch|p1a: Clodsire
|-resisted|p1a: Clodsire
|-damage|p1a: Clodsire|90/100
|-heal|p2a: Toxicroak|74/100|[from] drain|[of] p1a: Clodsire
|
|upkeep
|turn|26
|inactive|toumingmanga has 60 seconds left.
|
|t:|1758283266
|switch|p2a: Pelipper|Pelipper, F|52/100
|-damage|p2a: Pelipper|27/100|[from] Stealth Rock
|-weather|RainDance|[from] ability: Drizzle|[of] p2a: Pelipper
|switch|p1a: Cinccino|Cinccino, F|100/100
|
|-weather|RainDance|[upkeep]
|upkeep
|turn|27
|inactive|toumingmanga has 60 seconds left.
|inactive|shubh005 has 90 seconds left.
|inactive|shubh005 has 60 seconds left.
|
|t:|1758283311
|move|p1a: Cinccino|Triple Axel|p2a: Pelipper|[miss]
|-miss|p1a: Cinccino|p2a: Pelipper
|move|p2a: Pelipper|Roost|p2a: Pelipper
|-heal|p2a: Pelipper|77/100
|-singleturn|p2a: Pelipper|move: Roost
|
|-weather|RainDance|[upkeep]
|upkeep
|turn|28
|inactive|toumingmanga has 60 seconds left.
|inactive|shubh005 has 60 seconds left.
|
|t:|1758283331
|move|p1a: Cinccino|Rock Blast|p2a: Pelipper
|-supereffective|p2a: Pelipper
|-damage|p2a: Pelipper|54/100
|-supereffective|p2a: Pelipper
|-damage|p2a: Pelipper|31/100
|-supereffective|p2a: Pelipper
|-damage|p2a: Pelipper|7/100
|-supereffective|p2a: Pelipper
|-damage|p2a: Pelipper|0 fnt
|faint|p2a: Pelipper
|-hitcount|p2: Pelipper|4
|
|-weather|RainDance|[upkeep]
|upkeep
|
|t:|1758283340
|switch|p2a: Toxicroak|Toxicroak, F|74/100
|-damage|p2a: Toxicroak|67/100|[from] Stealth Rock
|-damage|p2a: Toxicroak|51/100|[from] Spikes
|turn|29
|
|t:|1758283349
|move|p1a: Cinccino|Tail Slap|p2a: Toxicroak
|-damage|p2a: Toxicroak|36/100
|-damage|p1a: Cinccino|84/100|[from] item: Rocky Helmet|[of] p2a: Toxicroak
|-damage|p2a: Toxicroak|22/100
|-damage|p1a: Cinccino|68/100|[from] item: Rocky Helmet|[of] p2a: Toxicroak
|-damage|p2a: Toxicroak|5/100
|-damage|p1a: Cinccino|51/100|[from] item: Rocky Helmet|[of] p2a: Toxicroak
|-damage|p2a: Toxicroak|0 fnt
|-damage|p1a: Cinccino|35/100|[from] item: Rocky Helmet|[of] p2a: Toxicroak
|faint|p2a: Toxicroak
|-hitcount|p2: Toxicroak|4
|
|-weather|RainDance|[upkeep]
|upkeep
|
|t:|1758283363
|switch|p2a: Zapdos|Zapdos|51/100
|-damage|p2a: Zapdos|26/100|[from] Stealth Rock
|turn|30
|
|t:|1758283389
|move|p1a: Cinccino|Triple Axel|p2a: Zapdos
|-supereffective|p2a: Zapdos
|-damage|p2a: Zapdos|3/100
|-supereffective|p2a: Zapdos
|-crit|p2a: Zapdos
|-damage|p2a: Zapdos|0 fnt
|-status|p1a: Cinccino|par|[from] ability: Static|[of] p2a: Zapdos
|faint|p2a: Zapdos
|-hitcount|p2: Zapdos|2
|
|win|toumingmanga
|raw|toumingmanga's rating: 1175 &rarr; <strong>1204</strong><br />(+29 for winning)
|raw|shubh005's rating: 1235 &rarr; <strong>1206</strong><br />(-29 for losing)
|l|☆shubh005
|player|p2|
|c|☆toumingmanga|ggwp
