|j|☆xail44
|j|☆Galliard777
|t:|1758308017
|gametype|singles
|player|p1|xail44|102|1228
|player|p2|Galliard777|aaron|1182
|gen|9
|tier|[Gen 9] OU
|rated|
|rule|HP Percentage Mod: HP is shown in percentages
|rule|Endless Battle Clause: Forcing endless battles is banned
|rule|Species Clause: Limit one of each Pokémon
|rule|OHKO Clause: OHKO moves are banned
|rule|Evasion Items Clause: Evasion items are banned
|rule|Evasion Moves Clause: Evasion moves are banned
|rule|Evasion Abilities Clause: Evasion abilities are banned
|rule|Sleep Moves Clause: Sleep-inducing moves are banned
|clearpoke
|poke|p1|Hatterene, F|
|poke|p1|Honchkrow, F|
|poke|p1|Terrakion|
|poke|p1|Alomomola, M|
|poke|p1|Metagross|
|poke|p1|Salazzle, F|
|poke|p2|Thundurus-Therian, M|
|poke|p2|Araquanid, F|
|poke|p2|Great Tusk|
|poke|p2|Dragonite, M|
|poke|p2|Gholdengo|
|poke|p2|Arcanine-Hisui, F|
|teampreview
|inactive|Battle timer is ON: inactive players will automatically lose when time's up. (requested by xail44)
|inactive|Galliard777 has 120 seconds left.
|
|t:|1758308050
|teamsize|p1|6
|teamsize|p2|6
|start
|switch|p1a: Terrakion|Terrakion|100/100
|switch|p2a: Araquanid|Araquanid, F|100/100
|turn|1
|
|t:|1758308066
|move|p1a: Terrakion|Stone Edge|p2a: Araquanid|[miss]
|-miss|p1a: Terrakion|p2a: Araquanid
|move|p2a: Araquanid|Sticky Web|p1a: Terrakion
|-sidestart|p1: xail44|move: Sticky Web
|
|upkeep
|turn|2
|
|t:|1758308072
|switch|p2a: Great Tusk|Great Tusk|100/100
|move|p1a: Terrakion|Stealth Rock|p2a: Great Tusk
|-sidestart|p2: Galliard777|move: Stealth Rock
|
|upkeep
|turn|3
|
|t:|1758308080
|switch|p1a: Alomomola|Alomomola, M|100/100
|-activate|p1a: Alomomola|move: Sticky Web
|-unboost|p1a: Alomomola|spe|1
|move|p2a: Great Tusk|Rapid Spin|p1a: Alomomola
|-damage|p1a: Alomomola|88/100
|-boost|p2a: Great Tusk|spe|1
|-damage|p2a: Great Tusk|84/100|[from] item: Rocky Helmet|[of] p1a: Alomomola
|-sideend|p2: Galliard777|Stealth Rock|[from] move: Rapid Spin|[of] p2a: Great Tusk
|
|-heal|p2a: Great Tusk|90/100|[from] item: Leftovers
|upkeep
|turn|4
|
|t:|1758308100
|-end|p2a: Great Tusk|Protosynthesis|[silent]
|switch|p2a: Thundurus|Thundurus-Therian, M|100/100
|move|p1a: Alomomola|Flip Turn|p2a: Thundurus
|-damage|p2a: Thundurus|75/100
|
|t:|1758308104
|switch|p1a: Hatterene|Hatterene, F|100/100|[from] Flip Turn
|-activate|p1a: Hatterene|move: Sticky Web
|-unboost|p1a: Hatterene|spe|1
|
|upkeep
|turn|5
|
|t:|1758308115
|move|p2a: Thundurus|Sludge Bomb|p1a: Hatterene
|-supereffective|p1a: Hatterene
|-enditem|p1a: Hatterene|Focus Sash
|-damage|p1a: Hatterene|1/100
|move|p1a: Hatterene|Trick Room|p1a: Hatterene
|-fieldstart|move: Trick Room|[of] p1a: Hatterene
|
|upkeep
|turn|6
|
|t:|1758308122
|move|p1a: Hatterene|Misty Explosion|p2a: Thundurus
|-damage|p2a: Thundurus|1/100
|faint|p1a: Hatterene
|move|p2a: Thundurus|Sludge Bomb|p1: Hatterene|[notarget]
|-fail|p2a: Thundurus
|
|upkeep
|
|t:|1758308127
|switch|p1a: Honchkrow|Honchkrow, F|100/100
|-enditem|p1a: Honchkrow|Room Service
|-unboost|p1a: Honchkrow|spe|1|[from] item: Room Service
|turn|7
|
|t:|1758308145
|switch|p2a: Arcanine|Arcanine-Hisui, F|100/100
|move|p1a: Honchkrow|Acrobatics|p2a: Arcanine
|-resisted|p2a: Arcanine
|-damage|p2a: Arcanine|63/100
|
|upkeep
|turn|8
|
|t:|1758308156
|-terastallize|p1a: Honchkrow|Ground
|move|p1a: Honchkrow|Tera Blast|p2a: Arcanine|[anim] Tera Blast Ground
|-supereffective|p2a: Arcanine
|-damage|p2a: Arcanine|0 fnt
|faint|p2a: Arcanine
|-ability|p1a: Honchkrow|Moxie|boost
|-boost|p1a: Honchkrow|atk|1
|
|upkeep
|
|t:|1758308167
|switch|p2a: Araquanid|Araquanid, F|100/100
|turn|9
|
|t:|1758308171
|switch|p2a: homelander|Dragonite, M|100/100
|move|p1a: Honchkrow|Acrobatics|p2a: homelander
|-damage|p2a: homelander|66/100
|
|-heal|p2a: homelander|72/100|[from] item: Leftovers
|-fieldend|move: Trick Room
|upkeep
|turn|10
|
|t:|1758308189
|move|p2a: homelander|Roost|p2a: homelander
|-heal|p2a: homelander|100/100
|-singleturn|p2a: homelander|move: Roost
|move|p1a: Honchkrow|Acrobatics|p2a: homelander
|-damage|p2a: homelander|67/100
|
|-heal|p2a: homelander|73/100|[from] item: Leftovers
|upkeep
|turn|11
|
|t:|1758308213
|move|p2a: homelander|Extreme Speed|p1a: Honchkrow
|-damage|p1a: Honchkrow|67/100
|move|p1a: Honchkrow|Acrobatics|p2a: homelander
|-crit|p2a: homelander
|-damage|p2a: homelander|0 fnt
|faint|p2a: homelander
|-ability|p1a: Honchkrow|Moxie|boost
|-boost|p1a: Honchkrow|atk|1
|
|upkeep
|
|t:|1758308222
|switch|p2a: Araquanid|Araquanid, F|100/100
|turn|12
|
|t:|1758308229
|move|p1a: Honchkrow|Sucker Punch|p2a: Araquanid
|-damage|p2a: Araquanid|14/100
|move|p2a: Araquanid|Surf|p1a: Honchkrow
|-supereffective|p1a: Honchkrow
|-damage|p1a: Honchkrow|0 fnt
|faint|p1a: Honchkrow
|
|-heal|p2a: Araquanid|20/100|[from] item: Leftovers
|upkeep
|
|t:|1758308235
|switch|p1a: Metagross|Metagross|100/100
|-activate|p1a: Metagross|move: Sticky Web
|-fail|p1a: Metagross|unboost|[from] ability: Clear Body|[of] p1a: Metagross
|turn|13
|
|t:|1758308243
|move|p1a: Metagross|Agility|p1a: Metagross
|-boost|p1a: Metagross|spe|2
|move|p2a: Araquanid|Infestation|p1a: Metagross
|-damage|p1a: Metagross|96/100
|-activate|p1a: Metagross|move: Infestation|[of] p2a: Araquanid
|
|-heal|p2a: Araquanid|26/100|[from] item: Leftovers
|-damage|p1a: Metagross|84/100|[from] move: Infestation|[partiallytrapped]
|upkeep
|turn|14
|
|t:|1758308254
|move|p1a: Metagross|Meteor Beam||[still]
|-prepare|p1a: Metagross|Meteor Beam
|-boost|p1a: Metagross|spa|1
|-enditem|p1a: Metagross|Power Herb
|-anim|p1a: Metagross|Meteor Beam|p2a: Araquanid
|-supereffective|p2a: Araquanid
|-damage|p2a: Araquanid|0 fnt
|faint|p2a: Araquanid
|
|-end|p1a: Metagross|Infestation|[partiallytrapped]|[silent]
|upkeep
|
|t:|1758308271
|switch|p2a: Great Tusk|Great Tusk|90/100
|turn|15
|
|t:|1758308285
|-terastallize|p2a: Great Tusk|Steel
|move|p1a: Metagross|Psychic|p2a: Great Tusk
|-resisted|p2a: Great Tusk
|-damage|p2a: Great Tusk|43/100
|move|p2a: Great Tusk|Headlong Rush|p1a: Metagross
|-supereffective|p1a: Metagross
|-damage|p1a: Metagross|0 fnt
|-unboost|p2a: Great Tusk|def|1
|-unboost|p2a: Great Tusk|spd|1
|faint|p1a: Metagross
|
|-heal|p2a: Great Tusk|50/100|[from] item: Leftovers
|upkeep
|
|t:|1758308292
|switch|p1a: Alomomola|Alomomola, M|100/100
|-activate|p1a: Alomomola|move: Sticky Web
|-unboost|p1a: Alomomola|spe|1
|turn|16
|
|t:|1758308303
|-end|p2a: Great Tusk|Protosynthesis|[silent]
|switch|p2a: Thundurus|Thundurus-Therian, M|1/100
|move|p1a: Alomomola|Flip Turn|p2a: Thundurus
|-damage|p2a: Thundurus|0 fnt
|faint|p2a: Thundurus
|
|t:|1758308310
|switch|p1a: Salazzle|Salazzle, F|100/100|[from] Flip Turn
|-item|p1a: Salazzle|Air Balloon
|
|upkeep
|
|t:|1758308320
|switch|p2a: Gholdengo|Gholdengo|100/100
|-item|p2a: Gholdengo|Air Balloon
|turn|17
|
|t:|1758308335
|move|p1a: Salazzle|Flamethrower|p2a: Gholdengo
|-supereffective|p2a: Gholdengo
|-damage|p2a: Gholdengo|9/100
|-enditem|p2a: Gholdengo|Air Balloon
|move|p2a: Gholdengo|Focus Blast|p1a: Salazzle
|-resisted|p1a: Salazzle
|-damage|p1a: Salazzle|59/100
|-enditem|p1a: Salazzle|Air Balloon
|
|upkeep
|turn|18
|
|t:|1758308350
|move|p1a: Salazzle|Flamethrower|p2a: Gholdengo
|-supereffective|p2a: Gholdengo
|-damage|p2a: Gholdengo|0 fnt
|faint|p2a: Gholdengo
|
|upkeep
|c|☆Galliard777|gg
|
|t:|1758308357
|switch|p2a: Great Tusk|Great Tusk, tera:Steel|50/100
|turn|19
|c|☆xail44|gg
|
|t:|1758308362
|move|p1a: Salazzle|Flamethrower|p2a: Great Tusk
|-supereffective|p2a: Great Tusk
|-damage|p2a: Great Tusk|0 fnt
|faint|p2a: Great Tusk
|-end|p2a: Great Tusk|Protosynthesis|[silent]
|
|win|xail44
|raw|xail44's rating: 1228 &rarr; <strong>1250</strong><br />(+22 for winning)
|raw|Galliard777's rating: 1182 &rarr; <strong>1160</strong><br />(-22 for losing)
|l|☆Galliard777
|player|p2|
|l|☆xail44
|player|p1|
