|j|☆Sensitive Nuts
|j|☆BIGBODY55
|t:|1758235705
|gametype|singles
|player|p1|Sensitive Nuts|170|1125
|player|p2|BIGBODY55|cyrus|1167
|gen|9
|tier|[Gen 9] OU
|rated|
|rule|HP Percentage Mod: HP is shown in percentages
|rule|Endless Battle Clause: Forcing endless battles is banned
|rule|Species Clause: Limit one of each Pokémon
|rule|OHKO Clause: OHKO moves are banned
|rule|Evasion Items Clause: Evasion items are banned
|rule|Evasion Moves Clause: Evasion moves are banned
|rule|Evasion Abilities Clause: Evasion abilities are banned
|rule|Sleep Moves Clause: Sleep-inducing moves are banned
|clearpoke
|poke|p1|Tyranitar, M|
|poke|p1|Gliscor, F|
|poke|p1|Heatran, F|
|poke|p1|Garchomp, M|
|poke|p1|Hippowdon, M|
|poke|p1|Camerupt, M|
|poke|p2|Gastrodon, F|
|poke|p2|Slowking-Galar, M|
|poke|p2|Orthworm, M|
|poke|p2|Mismagius, F|
|poke|p2|Ribombee, M|
|poke|p2|Greninja-*, M|
|teampreview
|inactive|Battle timer is ON: inactive players will automatically lose when time's up. (requested by BIGBODY55)
|
|t:|1758235722
|teamsize|p1|6
|teamsize|p2|6
|start
|switch|p1a: Hippowdon|Hippowdon, M, shiny|100/100
|switch|p2a: Gastrodon|Gastrodon, F|100/100
|-weather|Sandstorm|[from] ability: Sand Stream|[of] p1a: Hippowdon
|turn|1
|
|t:|1758235728
|move|p1a: Hippowdon|Stealth Rock|p2a: Gastrodon
|-sidestart|p2: BIGBODY55|move: Stealth Rock
|move|p2a: Gastrodon|Surf|p1a: Hippowdon
|-supereffective|p1a: Hippowdon
|-damage|p1a: Hippowdon|0 fnt
|faint|p1a: Hippowdon
|
|-weather|Sandstorm|[upkeep]
|upkeep
|
|t:|1758235736
|switch|p1a: Garchomp|Garchomp, M, shiny|100/100
|turn|2
|
|t:|1758235742
|switch|p2a: Ribombee|Ribombee, M|100/100
|-damage|p2a: Ribombee|76/100|[from] Stealth Rock
|move|p1a: Garchomp|Earthquake|p2a: Ribombee
|-resisted|p2a: Ribombee
|-damage|p2a: Ribombee|21/100
|
|-weather|Sandstorm|[upkeep]
|-damage|p2a: Ribombee|15/100|[from] Sandstorm
|upkeep
|turn|3
|
|t:|1758235752
|switch|p1a: Heatran|Heatran, F, shiny|100/100
|move|p2a: Ribombee|Moonblast|p1a: Heatran
|-resisted|p1a: Heatran
|-damage|p1a: Heatran|91/100
|
|-weather|Sandstorm|[upkeep]
|-damage|p2a: Ribombee|9/100|[from] Sandstorm
|-heal|p1a: Heatran|97/100|[from] item: Leftovers
|upkeep
|turn|4
|
|t:|1758235766
|move|p2a: Ribombee|Moonblast|p1a: Heatran
|-resisted|p1a: Heatran
|-damage|p1a: Heatran|89/100
|-unboost|p1a: Heatran|spa|1
|move|p1a: Heatran|Substitute|p1a: Heatran
|-start|p1a: Heatran|Substitute
|-damage|p1a: Heatran|64/100
|
|-weather|Sandstorm|[upkeep]
|-damage|p2a: Ribombee|3/100|[from] Sandstorm
|-heal|p1a: Heatran|70/100|[from] item: Leftovers
|upkeep
|turn|5
|
|t:|1758235777
|switch|p2a: Mismagius|Mismagius, F, shiny|100/100
|-damage|p2a: Mismagius|88/100|[from] Stealth Rock
|move|p1a: Heatran|Lava Plume|p2a: Mismagius
|-damage|p2a: Mismagius|50/100
|-status|p2a: Mismagius|brn
|
|-weather|none
|-heal|p1a: Heatran|76/100|[from] item: Leftovers
|-damage|p2a: Mismagius|44/100 brn|[from] brn
|upkeep
|turn|6
|
|t:|1758235788
|move|p2a: Mismagius|Shadow Ball|p1a: Heatran
|-end|p1a: Heatran|Substitute
|move|p1a: Heatran|Lava Plume|p2a: Mismagius
|-damage|p2a: Mismagius|3/100 brn
|
|-heal|p1a: Heatran|83/100|[from] item: Leftovers
|-damage|p2a: Mismagius|0 fnt|[from] brn
|faint|p2a: Mismagius
|upkeep
|
|t:|1758235800
|switch|p2a: Gastrodon|Gastrodon, F|100/100
|-damage|p2a: Gastrodon|94/100|[from] Stealth Rock
|turn|7
|
|t:|1758235812
|switch|p1a: Tyranitar|Tyranitar, M, shiny|100/100
|-weather|Sandstorm|[from] ability: Sand Stream|[of] p1a: Tyranitar
|move|p2a: Gastrodon|Earth Power|p1a: Tyranitar
|-supereffective|p1a: Tyranitar
|-damage|p1a: Tyranitar|57/100
|
|-weather|Sandstorm|[upkeep]
|upkeep
|turn|8
|
|t:|1758235821
|switch|p2a: Greninja|Greninja, M, shiny|100/100
|-damage|p2a: Greninja|88/100|[from] Stealth Rock
|move|p1a: Tyranitar|Knock Off|p2a: Greninja
|-resisted|p2a: Greninja
|-damage|p2a: Greninja|43/100
|-enditem|p2a: Greninja|Expert Belt|[from] move: Knock Off|[of] p1a: Tyranitar
|
|-weather|Sandstorm|[upkeep]
|-damage|p2a: Greninja|36/100|[from] Sandstorm
|upkeep
|turn|9
|
|t:|1758235832
|move|p2a: Greninja|Hydro Pump|p1a: Tyranitar
|-start|p2a: Greninja|typechange|Water|[from] ability: Protean
|-supereffective|p1a: Tyranitar
|-damage|p1a: Tyranitar|20/100
|move|p1a: Tyranitar|Earthquake|p2a: Greninja
|-damage|p2a: Greninja|0 fnt
|faint|p2a: Greninja
|
|-weather|Sandstorm|[upkeep]
|upkeep
|
|t:|1758235843
|switch|p2a: Orthworm|Orthworm, M, shiny|100/100
|-damage|p2a: Orthworm|94/100|[from] Stealth Rock
|turn|10
|
|t:|1758235854
|move|p2a: Orthworm|Stealth Rock|p1a: Tyranitar
|-sidestart|p1: Sensitive Nuts|move: Stealth Rock
|move|p1a: Tyranitar|Knock Off|p2a: Orthworm
|-damage|p2a: Orthworm|60/100
|-enditem|p2a: Orthworm|Leftovers|[from] move: Knock Off|[of] p1a: Tyranitar
|
|-weather|Sandstorm|[upkeep]
|upkeep
|turn|11
|
|t:|1758235860
|move|p2a: Orthworm|Body Press|p1a: Tyranitar
|-supereffective|p1a: Tyranitar
|-damage|p1a: Tyranitar|0 fnt
|faint|p1a: Tyranitar
|
|-weather|none
|upkeep
|
|t:|1758235869
|switch|p1a: Camerupt|Camerupt, M|100/100
|-damage|p1a: Camerupt|88/100|[from] Stealth Rock
|turn|12
|
|t:|1758235880
|switch|p2a: Ribombee|Ribombee, M|3/100
|-damage|p2a: Ribombee|0 fnt|[from] Stealth Rock
|faint|p2a: Ribombee
|move|p1a: Camerupt|Will-O-Wisp|p2: Ribombee|[notarget]
|-fail|p1a: Camerupt
|
|-heal|p1a: Camerupt|94/100|[from] item: Leftovers
|upkeep
|
|t:|1758235884
|switch|p2a: Gastrodon|Gastrodon, F|94/100
|-damage|p2a: Gastrodon|88/100|[from] Stealth Rock
|turn|13
|
|t:|1758235903
|move|p2a: Gastrodon|Ice Beam|p1a: Camerupt
|-damage|p1a: Camerupt|45/100
|move|p1a: Camerupt|Will-O-Wisp|p2a: Gastrodon
|-status|p2a: Gastrodon|brn
|
|-heal|p1a: Camerupt|51/100|[from] item: Leftovers
|-damage|p2a: Gastrodon|82/100 brn|[from] brn
|upkeep
|turn|14
|
|t:|1758235915
|move|p2a: Gastrodon|Ice Beam|p1a: Camerupt
|-damage|p1a: Camerupt|4/100
|move|p1a: Camerupt|Earth Power|p2a: Gastrodon
|-damage|p2a: Gastrodon|49/100 brn
|
|-heal|p1a: Camerupt|10/100|[from] item: Leftovers
|-damage|p2a: Gastrodon|43/100 brn|[from] brn
|upkeep
|turn|15
|
|t:|1758235930
|move|p2a: Gastrodon|Ice Beam|p1a: Camerupt
|-damage|p1a: Camerupt|0 fnt
|faint|p1a: Camerupt
|
|-damage|p2a: Gastrodon|37/100 brn|[from] brn
|upkeep
|
|t:|1758235939
|switch|p1a: Garchomp|Garchomp, M, shiny|100/100
|-damage|p1a: Garchomp|94/100|[from] Stealth Rock
|turn|16
|
|t:|1758235945
|move|p1a: Garchomp|Dragon Claw|p2a: Gastrodon
|-damage|p2a: Gastrodon|0 fnt
|faint|p2a: Gastrodon
|
|upkeep
|
|t:|1758235949
|switch|p2a: Slowking|Slowking-Galar, M|100/100
|-damage|p2a: Slowking|88/100|[from] Stealth Rock
|turn|17
|
|t:|1758235959
|switch|p2a: Orthworm|Orthworm, M, shiny|60/100
|-damage|p2a: Orthworm|53/100|[from] Stealth Rock
|move|p1a: Garchomp|Earthquake|p2a: Orthworm
|-heal|p2a: Orthworm|78/100|[from] ability: Earth Eater|[of] p1a: Garchomp
|
|upkeep
|turn|18
|
|t:|1758235967
|-terastallize|p2a: Orthworm|Electric
|move|p1a: Garchomp|Crunch|p2a: Orthworm
|-damage|p2a: Orthworm|61/100
|move|p2a: Orthworm|Iron Defense|p2a: Orthworm
|-boost|p2a: Orthworm|def|2
|
|upkeep
|turn|19
|
|t:|1758235978
|switch|p1a: Gliscor|Gliscor, F, shiny|100/100
|-damage|p1a: Gliscor|88/100|[from] Stealth Rock
|move|p2a: Orthworm|Iron Defense|p2a: Orthworm
|-boost|p2a: Orthworm|def|2
|
|-status|p1a: Gliscor|tox|[from] item: Toxic Orb
|upkeep
|turn|20
|
|t:|1758235986
|move|p1a: Gliscor|Toxic|p2a: Orthworm|[miss]
|-miss|p1a: Gliscor|p2a: Orthworm
|move|p2a: Orthworm|Body Press|p1a: Gliscor
|-resisted|p1a: Gliscor
|-crit|p1a: Gliscor
|-damage|p1a: Gliscor|32/100 tox
|
|-heal|p1a: Gliscor|44/100 tox|[from] ability: Poison Heal
|upkeep
|turn|21
|
|t:|1758235992
|switch|p2a: Slowking|Slowking-Galar, M|100/100
|-damage|p2a: Slowking|88/100|[from] Stealth Rock
|move|p1a: Gliscor|Protect||[still]
|-fail|p1a: Gliscor
|
|-heal|p1a: Gliscor|57/100 tox|[from] ability: Poison Heal
|upkeep
|turn|22
|
|t:|1758235997
|switch|p1a: Heatran|Heatran, F, shiny|83/100
|-damage|p1a: Heatran|70/100|[from] Stealth Rock
|move|p2a: Slowking|Trick Room|p2a: Slowking
|-fieldstart|move: Trick Room|[of] p2a: Slowking
|
|-heal|p1a: Heatran|76/100|[from] item: Leftovers
|upkeep
|turn|23
|
|t:|1758236012
|move|p2a: Slowking|Calm Mind|p2a: Slowking
|-boost|p2a: Slowking|spa|1
|-boost|p2a: Slowking|spd|1
|move|p1a: Heatran|Substitute|p1a: Heatran
|-start|p1a: Heatran|Substitute
|-damage|p1a: Heatran|52/100
|
|-heal|p1a: Heatran|58/100|[from] item: Leftovers
|upkeep
|turn|24
|
|t:|1758236020
|move|p2a: Slowking|Eerie Spell|p1a: Heatran
|-resisted|p1a: Heatran
|-damage|p1a: Heatran|37/100
|-activate|p1a: Heatran|move: Eerie Spell|Substitute|3
|move|p1a: Heatran|Earth Power|p2a: Slowking
|-supereffective|p2a: Slowking
|-damage|p2a: Slowking|52/100
|-unboost|p2a: Slowking|spd|1
|
|-heal|p1a: Heatran|43/100|[from] item: Leftovers
|upkeep
|turn|25
|
|t:|1758236030
|move|p2a: Slowking|Eerie Spell|p1a: Heatran
|-resisted|p1a: Heatran
|-damage|p1a: Heatran|21/100
|-activate|p1a: Heatran|move: Eerie Spell|Earth Power|3
|move|p1a: Heatran|Lava Plume|p2a: Slowking
|-crit|p2a: Slowking
|-damage|p2a: Slowking|0 fnt
|faint|p2a: Slowking
|
|-heal|p1a: Heatran|28/100|[from] item: Leftovers
|upkeep
|
|t:|1758236033
|switch|p2a: Orthworm|Orthworm, M, shiny, tera:Electric|61/100
|-damage|p2a: Orthworm|49/100|[from] Stealth Rock
|turn|26
|
|t:|1758236038
|move|p2a: Orthworm|Body Press|p1a: Heatran
|-supereffective|p1a: Heatran
|-end|p1a: Heatran|Substitute
|move|p1a: Heatran|Lava Plume|p2a: Orthworm
|-damage|p2a: Orthworm|0 fnt
|faint|p2a: Orthworm
|
|win|Sensitive Nuts
|raw|Sensitive Nuts's rating: 1125 &rarr; <strong>1153</strong><br />(+28 for winning)
|raw|BIGBODY55's rating: 1167 &rarr; <strong>1139</strong><br />(-28 for losing)
|l|☆BIGBODY55
|player|p2|
|l|☆Sensitive Nuts
|player|p1|
