|j|☆bumbleblaster
|j|☆Weyselb
|t:|1758308030
|gametype|singles
|player|p1|bumbleblaster|lusamine-nihilego|1374
|player|p2|Weyselb|pokemaniac|1374
|gen|9
|tier|[Gen 9] OU
|rated|
|rule|HP Percentage Mod: HP is shown in percentages
|rule|Endless Battle Clause: Forcing endless battles is banned
|rule|Species Clause: Limit one of each Pokémon
|rule|OHKO Clause: OHKO moves are banned
|rule|Evasion Items Clause: Evasion items are banned
|rule|Evasion Moves Clause: Evasion moves are banned
|rule|Evasion Abilities Clause: Evasion abilities are banned
|rule|Sleep Moves Clause: Sleep-inducing moves are banned
|clearpoke
|poke|p1|Quagsire, F|
|poke|p1|Blissey, F|
|poke|p1|Toxapex, F|
|poke|p1|Weezing-Galar, F|
|poke|p1|Gliscor, F|
|poke|p1|Corviknight, F|
|poke|p2|Lokix, F|
|poke|p2|Alomomola, F|
|poke|p2|Slowking-Galar, F|
|poke|p2|Rotom-Wash|
|poke|p2|Iron Treads|
|poke|p2|Sinistcha|
|teampreview
|inactive|Battle timer is ON: inactive players will automatically lose when time's up. (requested by bumbleblaster)
|
|t:|1758308039
|teamsize|p1|6
|teamsize|p2|6
|start
|switch|p1a: Gliscor|Gliscor, F|100/100
|switch|p2a: Iron Treads|Iron Treads|100/100
|turn|1
|
|t:|1758308041
|move|p1a: Gliscor|Protect|p1a: Gliscor
|-singleturn|p1a: Gliscor|Protect
|move|p2a: Iron Treads|Stealth Rock|p1a: Gliscor
|-sidestart|p1: bumbleblaster|move: Stealth Rock
|
|-status|p1a: Gliscor|tox|[from] item: Toxic Orb
|upkeep
|turn|2
|
|t:|1758308048
|-end|p2a: Iron Treads|Quark Drive|[silent]
|switch|p2a: Rotom|Rotom-Wash|100/100
|move|p1a: Gliscor|Knock Off|p2a: Rotom
|-damage|p2a: Rotom|70/100
|-enditem|p2a: Rotom|Choice Scarf|[from] move: Knock Off|[of] p1a: Gliscor
|
|upkeep
|turn|3
|
|t:|1758308060
|switch|p1a: Blissey|Blissey, F|100/100
|-damage|p1a: Blissey|88/100|[from] Stealth Rock
|move|p2a: Rotom|Hydro Pump|p1a: Blissey|[miss]
|-miss|p2a: Rotom|p1a: Blissey
|
|-heal|p1a: Blissey|94/100|[from] item: Leftovers
|upkeep
|turn|4
|
|t:|1758308083
|switch|p2a: Lokix|Lokix, F|100/100
|move|p1a: Blissey|Stealth Rock|p2a: Lokix
|-sidestart|p2: Weyselb|move: Stealth Rock
|
|-heal|p1a: Blissey|99/100|[from] item: Leftovers
|upkeep
|turn|5
|
|t:|1758308100
|switch|p1a: Gliscor|Gliscor, F|100/100 tox
|-damage|p1a: Gliscor|88/100 tox|[from] Stealth Rock
|move|p2a: Lokix|Knock Off|p1a: Gliscor
|-damage|p1a: Gliscor|31/100 tox
|-enditem|p1a: Gliscor|Toxic Orb|[from] move: Knock Off|[of] p2a: Lokix
|
|-heal|p1a: Gliscor|43/100 tox|[from] ability: Poison Heal
|upkeep
|turn|6
|
|t:|1758308107
|switch|p2a: Rotom|Rotom-Wash|70/100
|-damage|p2a: Rotom|58/100|[from] Stealth Rock
|move|p1a: Gliscor|Protect||[still]
|-fail|p1a: Gliscor
|
|-heal|p1a: Gliscor|56/100 tox|[from] ability: Poison Heal
|upkeep
|turn|7
|
|t:|1758308114
|move|p1a: Gliscor|Protect|p1a: Gliscor
|-singleturn|p1a: Gliscor|Protect
|move|p2a: Rotom|Hydro Pump|p1a: Gliscor
|-activate|p1a: Gliscor|move: Protect
|
|-heal|p1a: Gliscor|68/100 tox|[from] ability: Poison Heal
|upkeep
|turn|8
|
|t:|1758308121
|switch|p1a: Blissey|Blissey, F|99/100
|-damage|p1a: Blissey|88/100|[from] Stealth Rock
|move|p2a: Rotom|Trick|p1a: Blissey
|-activate|p2a: Rotom|move: Trick|[of] p1a: Blissey
|-enditem|p1a: Blissey|Leftovers|[silent]|[from] move: Trick
|-item|p2a: Rotom|Leftovers|[from] move: Trick
|
|-heal|p2a: Rotom|64/100|[from] item: Leftovers
|upkeep
|turn|9
|
|t:|1758308135
|switch|p2a: Alomomola|Alomomola, F|100/100
|-damage|p2a: Alomomola|88/100|[from] Stealth Rock
|move|p1a: Blissey|Shadow Ball|p2a: Alomomola
|-damage|p2a: Alomomola|70/100
|-unboost|p2a: Alomomola|spd|1
|
|upkeep
|turn|10
|
|t:|1758308145
|switch|p1a: Weezing|Weezing-Galar, F|100/100
|-ability|p1a: Weezing|Neutralizing Gas
|-damage|p1a: Weezing|88/100|[from] Stealth Rock
|move|p2a: Alomomola|Flip Turn|p1a: Weezing
|-damage|p1a: Weezing|77/100
|
|t:|1758308151
|switch|p2a: Iron Treads|Iron Treads|100/100|[from] Flip Turn
|-damage|p2a: Iron Treads|98/100|[from] Stealth Rock
|
|-heal|p2a: Iron Treads|100/100|[from] item: Leftovers
|-heal|p1a: Weezing|83/100|[from] item: Leftovers
|upkeep
|turn|11
|
|t:|1758308156
|-end|p1a: Weezing|ability: Neutralizing Gas
|switch|p1a: Corviknight|Corviknight, F, shiny|100/100
|-damage|p1a: Corviknight|88/100|[from] Stealth Rock
|-ability|p1a: Corviknight|Pressure
|move|p2a: Iron Treads|Earthquake|p1a: Corviknight
|-immune|p1a: Corviknight
|
|upkeep
|turn|12
|
|t:|1758308162
|-end|p2a: Iron Treads|Quark Drive|[silent]
|switch|p2a: Alomomola|Alomomola, F|70/100
|-damage|p2a: Alomomola|57/100|[from] Stealth Rock
|move|p1a: Corviknight|Defog|p2a: Alomomola
|-unboost|p2a: Alomomola|evasion|1
|-sideend|p2: Weyselb|Stealth Rock|[from] move: Defog|[of] p1a: Corviknight
|-sideend|p1: bumbleblaster|Stealth Rock|[from] move: Defog|[of] p1a: Corviknight
|
|upkeep
|turn|13
|
|t:|1758308176
|move|p1a: Corviknight|Body Press|p2a: Alomomola
|-damage|p2a: Alomomola|43/100
|-damage|p1a: Corviknight|71/100|[from] item: Rocky Helmet|[of] p2a: Alomomola
|move|p2a: Alomomola|Flip Turn|p1a: Corviknight
|-damage|p1a: Corviknight|61/100
|-damage|p2a: Alomomola|27/100|[from] item: Rocky Helmet|[of] p1a: Corviknight
|
|t:|1758308182
|switch|p2a: Rotom|Rotom-Wash|64/100|[from] Flip Turn
|
|-heal|p2a: Rotom|70/100|[from] item: Leftovers
|upkeep
|turn|14
|
|t:|1758308190
|switch|p1a: Blissey|Blissey, F|88/100
|move|p2a: Rotom|Hydro Pump|p1a: Blissey
|-damage|p1a: Blissey|70/100
|
|-heal|p2a: Rotom|77/100|[from] item: Leftovers
|upkeep
|turn|15
|
|t:|1758308194
|switch|p2a: Alomomola|Alomomola, F|60/100
|move|p1a: Blissey|Stealth Rock|p2a: Alomomola
|-sidestart|p2: Weyselb|move: Stealth Rock
|
|upkeep
|turn|16
|
|t:|1758308203
|switch|p1a: Toxapex|Toxapex, F, shiny|100/100
|move|p2a: Alomomola|Scald|p1a: Toxapex
|-resisted|p1a: Toxapex
|-damage|p1a: Toxapex|96/100
|
|-heal|p1a: Toxapex|100/100|[from] item: Leftovers
|upkeep
|turn|17
|
|t:|1758308209
|switch|p2a: Slowking|Slowking-Galar, F|100/100
|move|p1a: Toxapex|Toxic|p2a: Slowking
|-immune|p2a: Slowking
|
|upkeep
|turn|18
|
|t:|1758308223
|switch|p1a: Corviknight|Corviknight, F, shiny|61/100
|-ability|p1a: Corviknight|Pressure
|move|p2a: Slowking|Future Sight|p1a: Corviknight
|-start|p2a: Slowking|move: Future Sight
|
|upkeep
|turn|19
|
|t:|1758308230
|move|p1a: Corviknight|Roost|p1a: Corviknight
|-heal|p1a: Corviknight|100/100
|-singleturn|p1a: Corviknight|move: Roost
|-prepare|p2a: Slowking|Chilly Reception|[premajor]
|move|p2a: Slowking|Chilly Reception|p2a: Slowking
|-weather|Snowscape
|
|t:|1758308239
|switch|p2a: Rotom|Rotom-Wash|77/100|[from] Chilly Reception
|-damage|p2a: Rotom|64/100|[from] Stealth Rock
|
|-weather|Snowscape|[upkeep]
|-heal|p2a: Rotom|70/100|[from] item: Leftovers
|upkeep
|turn|20
|
|t:|1758308247
|switch|p1a: Blissey|Blissey, F|70/100
|move|p2a: Rotom|Hydro Pump|p1a: Blissey
|-damage|p1a: Blissey|53/100
|
|-weather|Snowscape|[upkeep]
|-end|p1a: Blissey|move: Future Sight
|-crit|p1a: Blissey
|-damage|p1a: Blissey|33/100
|-heal|p2a: Rotom|77/100|[from] item: Leftovers
|upkeep
|turn|21
|
|t:|1758308252
|move|p2a: Rotom|Volt Switch|p1a: Blissey
|-damage|p1a: Blissey|22/100
|
|t:|1758308255
|switch|p2a: Iron Treads|Iron Treads|100/100|[from] Volt Switch
|-damage|p2a: Iron Treads|98/100|[from] Stealth Rock
|move|p1a: Blissey|Soft-Boiled|p1a: Blissey
|-heal|p1a: Blissey|72/100
|
|-weather|Snowscape|[upkeep]
|-heal|p2a: Iron Treads|100/100|[from] item: Leftovers
|upkeep
|turn|22
|
|t:|1758308262
|switch|p1a: Corviknight|Corviknight, F, shiny|100/100
|-ability|p1a: Corviknight|Pressure
|move|p2a: Iron Treads|Stealth Rock|p1a: Corviknight
|-sidestart|p1: bumbleblaster|move: Stealth Rock
|
|-weather|Snowscape|[upkeep]
|upkeep
|turn|23
|
|t:|1758308267
|-end|p2a: Iron Treads|Quark Drive|[silent]
|switch|p2a: Alomomola|Alomomola, F|93/100
|-damage|p2a: Alomomola|81/100|[from] Stealth Rock
|move|p1a: Corviknight|Defog|p2a: Alomomola
|-unboost|p2a: Alomomola|evasion|1
|-sideend|p2: Weyselb|Stealth Rock|[from] move: Defog|[of] p1a: Corviknight
|-sideend|p1: bumbleblaster|Stealth Rock|[from] move: Defog|[of] p1a: Corviknight
|
|-weather|none
|upkeep
|turn|24
|
|t:|1758308275
|switch|p1a: Toxapex|Toxapex, F, shiny|100/100
|move|p2a: Alomomola|Scald|p1a: Toxapex
|-resisted|p1a: Toxapex
|-damage|p1a: Toxapex|97/100
|-status|p1a: Toxapex|brn
|
|-heal|p1a: Toxapex|100/100 brn|[from] item: Leftovers
|-damage|p1a: Toxapex|95/100 brn|[from] brn
|upkeep
|turn|25
|
|t:|1758308287
|switch|p2a: Slowking|Slowking-Galar, F|100/100
|switch|p1a: Corviknight|Corviknight, F, shiny|100/100
|-ability|p1a: Corviknight|Pressure
|
|upkeep
|turn|26
|
|t:|1758308293
|switch|p1a: Quagsire|Quagsire, F, shiny|100/100
|move|p2a: Slowking|Future Sight|p1a: Quagsire
|-start|p2a: Slowking|move: Future Sight
|
|upkeep
|turn|27
|
|t:|1758308301
|switch|p1a: Corviknight|Corviknight, F, shiny|100/100
|-ability|p1a: Corviknight|Pressure
|switch|p2a: Sinistcha|Sinistcha|100/100
|
|upkeep
|turn|28
|
|t:|1758308304
|switch|p1a: Blissey|Blissey, F|72/100
|switch|p2a: Alomomola|Alomomola, F|100/100
|
|-end|p1a: Blissey|move: Future Sight
|-damage|p1a: Blissey|59/100
|upkeep
|turn|29
|
|t:|1758308310
|move|p1a: Blissey|Soft-Boiled|p1a: Blissey
|-heal|p1a: Blissey|100/100
|move|p2a: Alomomola|Scald|p1a: Blissey
|-damage|p1a: Blissey|96/100
|
|upkeep
|turn|30
|
|t:|1758308313
|move|p1a: Blissey|Stealth Rock|p2a: Alomomola
|-sidestart|p2: Weyselb|move: Stealth Rock
|move|p2a: Alomomola|Flip Turn|p1a: Blissey
|-damage|p1a: Blissey|80/100
|
|t:|1758308315
|switch|p2a: Iron Treads|Iron Treads|100/100|[from] Flip Turn
|-damage|p2a: Iron Treads|98/100|[from] Stealth Rock
|
|-heal|p2a: Iron Treads|100/100|[from] item: Leftovers
|upkeep
|turn|31
|
|t:|1758308318
|switch|p1a: Gliscor|Gliscor, F|68/100 tox
|move|p2a: Iron Treads|Stealth Rock|p1a: Gliscor
|-sidestart|p1: bumbleblaster|move: Stealth Rock
|
|-heal|p1a: Gliscor|81/100 tox|[from] ability: Poison Heal
|upkeep
|turn|32
|
|t:|1758308323
|-end|p2a: Iron Treads|Quark Drive|[silent]
|switch|p2a: Slowking|Slowking-Galar, F|100/100
|move|p1a: Gliscor|Knock Off|p2a: Slowking
|-supereffective|p2a: Slowking
|-damage|p2a: Slowking|57/100
|-enditem|p2a: Slowking|Heavy-Duty Boots|[from] move: Knock Off|[of] p1a: Gliscor
|
|-heal|p1a: Gliscor|93/100 tox|[from] ability: Poison Heal
|upkeep
|turn|33
|
|t:|1758308337
|switch|p1a: Toxapex|Toxapex, F, shiny|100/100 brn
|-damage|p1a: Toxapex|88/100 brn|[from] Stealth Rock
|move|p2a: Slowking|Future Sight|p1a: Toxapex
|-start|p2a: Slowking|move: Future Sight
|
|-heal|p1a: Toxapex|94/100 brn|[from] item: Leftovers
|-damage|p1a: Toxapex|88/100 brn|[from] brn
|upkeep
|turn|34
|
|t:|1758308342
|switch|p1a: Corviknight|Corviknight, F, shiny|100/100
|-damage|p1a: Corviknight|88/100|[from] Stealth Rock
|-ability|p1a: Corviknight|Pressure
|-prepare|p2a: Slowking|Chilly Reception|[premajor]
|move|p2a: Slowking|Chilly Reception|p2a: Slowking
|-weather|Snowscape
|
|t:|1758308346
|switch|p2a: Rotom|Rotom-Wash|77/100|[from] Chilly Reception
|-damage|p2a: Rotom|64/100|[from] Stealth Rock
|
|-weather|Snowscape|[upkeep]
|-heal|p2a: Rotom|70/100|[from] item: Leftovers
|upkeep
|turn|35
|
|t:|1758308348
|switch|p1a: Blissey|Blissey, F|80/100
|-damage|p1a: Blissey|67/100|[from] Stealth Rock
|move|p2a: Rotom|Hydro Pump|p1a: Blissey
|-crit|p1a: Blissey
|-damage|p1a: Blissey|44/100
|
|-weather|Snowscape|[upkeep]
|-end|p1a: Blissey|move: Future Sight
|-damage|p1a: Blissey|31/100
|-heal|p2a: Rotom|77/100|[from] item: Leftovers
|upkeep
|turn|36
|
|t:|1758308352
|move|p2a: Rotom|Volt Switch|p1a: Blissey
|-damage|p1a: Blissey|20/100
|
|t:|1758308355
|switch|p2a: Iron Treads|Iron Treads|100/100|[from] Volt Switch
|-damage|p2a: Iron Treads|98/100|[from] Stealth Rock
|move|p1a: Blissey|Soft-Boiled|p1a: Blissey
|-heal|p1a: Blissey|70/100
|
|-weather|Snowscape|[upkeep]
|-heal|p2a: Iron Treads|100/100|[from] item: Leftovers
|upkeep
|turn|37
|
|t:|1758308362
|switch|p1a: Gliscor|Gliscor, F|93/100 tox
|-damage|p1a: Gliscor|81/100 tox|[from] Stealth Rock
|move|p2a: Iron Treads|Volt Switch|p1a: Gliscor
|-immune|p1a: Gliscor
|
|-weather|Snowscape|[upkeep]
|-heal|p1a: Gliscor|93/100 tox|[from] ability: Poison Heal
|upkeep
|turn|38
|
|t:|1758308374
|-end|p2a: Iron Treads|Quark Drive|[silent]
|switch|p2a: Slowking|Slowking-Galar, F|91/100
|-damage|p2a: Slowking|78/100|[from] Stealth Rock
|move|p1a: Gliscor|Swords Dance|p1a: Gliscor
|-boost|p1a: Gliscor|atk|2
|
|-weather|none
|-heal|p1a: Gliscor|100/100 tox|[from] ability: Poison Heal
|upkeep
|turn|39
|
|t:|1758308384
|switch|p1a: Corviknight|Corviknight, F, shiny|88/100
|-damage|p1a: Corviknight|76/100|[from] Stealth Rock
|-ability|p1a: Corviknight|Pressure
|move|p2a: Slowking|Future Sight|p1a: Corviknight
|-start|p2a: Slowking|move: Future Sight
|
|upkeep
|turn|40
|
|t:|1758308387
|move|p1a: Corviknight|Defog|p2a: Slowking
|-unboost|p2a: Slowking|evasion|1
|-sideend|p2: Weyselb|Stealth Rock|[from] move: Defog|[of] p1a: Corviknight
|-sideend|p1: bumbleblaster|Stealth Rock|[from] move: Defog|[of] p1a: Corviknight
|-prepare|p2a: Slowking|Chilly Reception|[premajor]
|move|p2a: Slowking|Chilly Reception|p2a: Slowking
|-weather|Snowscape
|
|t:|1758308393
|switch|p2a: Lokix|Lokix, F|100/100|[from] Chilly Reception
|
|-weather|Snowscape|[upkeep]
|upkeep
|turn|41
|
|t:|1758308409
|move|p2a: Lokix|Knock Off|p1a: Corviknight
|-damage|p1a: Corviknight|25/100
|-damage|p2a: Lokix|84/100|[from] item: Rocky Helmet|[of] p1a: Corviknight
|-enditem|p1a: Corviknight|Rocky Helmet|[from] move: Knock Off|[of] p2a: Lokix
|move|p1a: Corviknight|Roost|p1a: Corviknight
|-heal|p1a: Corviknight|75/100
|-singleturn|p1a: Corviknight|move: Roost
|
|-weather|Snowscape|[upkeep]
|-end|p1a: Corviknight|move: Future Sight
|-resisted|p1a: Corviknight
|-damage|p1a: Corviknight|51/100
|upkeep
|turn|42
|
|t:|1758308419
|switch|p2a: Slowking|Slowking-Galar, F|100/100
|move|p1a: Corviknight|Roost|p1a: Corviknight
|-heal|p1a: Corviknight|100/100
|-singleturn|p1a: Corviknight|move: Roost
|
|-weather|Snowscape|[upkeep]
|upkeep
|turn|43
|
|t:|1758308427
|switch|p1a: Toxapex|Toxapex, F, shiny|100/100 brn
|move|p2a: Slowking|Future Sight|p1a: Toxapex
|-start|p2a: Slowking|move: Future Sight
|
|-weather|Snowscape|[upkeep]
|-damage|p1a: Toxapex|95/100 brn|[from] brn
|upkeep
|turn|44
|
|t:|1758308434
|switch|p1a: Corviknight|Corviknight, F, shiny|100/100
|-ability|p1a: Corviknight|Pressure
|-prepare|p2a: Slowking|Chilly Reception|[premajor]
|move|p2a: Slowking|Chilly Reception|p2a: Slowking
|
|t:|1758308441
|switch|p2a: Rotom|Rotom-Wash|77/100|[from] Chilly Reception
|
|-weather|none
|-heal|p2a: Rotom|83/100|[from] item: Leftovers
|upkeep
|turn|45
|
|t:|1758308445
|switch|p1a: Blissey|Blissey, F|70/100
|move|p2a: Rotom|Volt Switch|p1a: Blissey
|-damage|p1a: Blissey|59/100
|
|t:|1758308447
|switch|p2a: Lokix|Lokix, F|84/100|[from] Volt Switch
|
|-end|p1a: Blissey|move: Future Sight
|-damage|p1a: Blissey|44/100
|upkeep
|turn|46
|
|t:|1758308457
|switch|p1a: Corviknight|Corviknight, F, shiny|100/100
|-ability|p1a: Corviknight|Pressure
|move|p2a: Lokix|U-turn|p1a: Corviknight
|-resisted|p1a: Corviknight
|-damage|p1a: Corviknight|83/100
|
|t:|1758308459
|switch|p2a: Rotom|Rotom-Wash|83/100|[from] U-turn
|
|-heal|p2a: Rotom|89/100|[from] item: Leftovers
|upkeep
|turn|47
|
|t:|1758308470
|switch|p1a: Gliscor|Gliscor, F|100/100 tox
|move|p2a: Rotom|Volt Switch|p1a: Gliscor
|-immune|p1a: Gliscor
|
|-heal|p2a: Rotom|95/100|[from] item: Leftovers
|upkeep
|turn|48
|
|t:|1758308473
|switch|p1a: Blissey|Blissey, F|44/100
|switch|p2a: Sinistcha|Sinistcha|100/100
|
|upkeep
|turn|49
|
|t:|1758308477
|switch|p2a: Alomomola|Alomomola, F|100/100
|move|p1a: Blissey|Soft-Boiled|p1a: Blissey
|-heal|p1a: Blissey|94/100
|
|upkeep
|turn|50
|
|t:|1758308483
|move|p1a: Blissey|Stealth Rock|p2a: Alomomola
|-sidestart|p2: Weyselb|move: Stealth Rock
|move|p2a: Alomomola|Flip Turn|p1a: Blissey
|-damage|p1a: Blissey|76/100
|
|t:|1758308489
|switch|p2a: Iron Treads|Iron Treads|100/100|[from] Flip Turn
|-damage|p2a: Iron Treads|98/100|[from] Stealth Rock
|
|-heal|p2a: Iron Treads|100/100|[from] item: Leftovers
|upkeep
|turn|51
|
|t:|1758308496
|switch|p1a: Corviknight|Corviknight, F, shiny|83/100
|-ability|p1a: Corviknight|Pressure
|move|p2a: Iron Treads|Stealth Rock|p1a: Corviknight
|-sidestart|p1: bumbleblaster|move: Stealth Rock
|
|upkeep
|turn|52
|
|t:|1758308500
|move|p2a: Iron Treads|Volt Switch|p1a: Corviknight
|-supereffective|p1a: Corviknight
|-damage|p1a: Corviknight|57/100
|
|t:|1758308503
|-end|p2a: Iron Treads|Quark Drive|[silent]
|switch|p2a: Alomomola|Alomomola, F|100/100|[from] Volt Switch
|-damage|p2a: Alomomola|88/100|[from] Stealth Rock
|move|p1a: Corviknight|Defog|p2a: Alomomola
|-unboost|p2a: Alomomola|evasion|1
|-sideend|p2: Weyselb|Stealth Rock|[from] move: Defog|[of] p1a: Corviknight
|-sideend|p1: bumbleblaster|Stealth Rock|[from] move: Defog|[of] p1a: Corviknight
|
|upkeep
|turn|53
|
|t:|1758308511
|move|p1a: Corviknight|Roost|p1a: Corviknight
|-heal|p1a: Corviknight|100/100
|-singleturn|p1a: Corviknight|move: Roost
|move|p2a: Alomomola|Flip Turn|p1a: Corviknight
|-damage|p1a: Corviknight|90/100
|
|t:|1758308516
|switch|p2a: Rotom|Rotom-Wash|95/100|[from] Flip Turn
|
|-heal|p2a: Rotom|100/100|[from] item: Leftovers
|upkeep
|turn|54
|
|t:|1758308522
|switch|p1a: Quagsire|Quagsire, F, shiny|100/100
|move|p2a: Rotom|Volt Switch|p1a: Quagsire
|-immune|p1a: Quagsire
|
|upkeep
|turn|55
|
|t:|1758308529
|switch|p2a: Alomomola|Alomomola, F|100/100
|move|p1a: Quagsire|Toxic|p2a: Alomomola
|-status|p2a: Alomomola|tox
|
|-damage|p2a: Alomomola|94/100 tox|[from] psn
|upkeep
|turn|56
|
|t:|1758308539
|move|p2a: Alomomola|Scald|p1a: Quagsire
|-damage|p1a: Quagsire|82/100
|-status|p1a: Quagsire|brn
|move|p1a: Quagsire|Earthquake|p2a: Alomomola
|-damage|p2a: Alomomola|87/100 tox
|
|-heal|p1a: Quagsire|88/100 brn|[from] item: Leftovers
|-damage|p2a: Alomomola|75/100 tox|[from] psn
|-damage|p1a: Quagsire|82/100 brn|[from] brn
|upkeep
|turn|57
|
|t:|1758308547
|move|p2a: Alomomola|Flip Turn|p1a: Quagsire
|-damage|p1a: Quagsire|72/100 brn
|
|t:|1758308550
|switch|p2a: Rotom|Rotom-Wash|100/100|[from] Flip Turn
|move|p1a: Quagsire|Spikes|p2a: Rotom
|-sidestart|p2: Weyselb|Spikes
|
|-heal|p1a: Quagsire|78/100 brn|[from] item: Leftovers
|-damage|p1a: Quagsire|72/100 brn|[from] brn
|upkeep
|turn|58
|
|t:|1758308562
|switch|p2a: Iron Treads|Iron Treads|100/100
|-damage|p2a: Iron Treads|88/100|[from] Spikes
|switch|p1a: Blissey|Blissey, F|76/100
|
|-heal|p2a: Iron Treads|94/100|[from] item: Leftovers
|upkeep
|turn|59
|
|t:|1758308571
|switch|p1a: Gliscor|Gliscor, F|100/100 tox
|move|p2a: Iron Treads|Rapid Spin|p1a: Gliscor
|-damage|p1a: Gliscor|90/100 tox
|-boost|p2a: Iron Treads|spe|1
|-sideend|p2: Weyselb|Spikes|[from] move: Rapid Spin|[of] p2a: Iron Treads
|
|-heal|p2a: Iron Treads|99/100|[from] item: Leftovers
|-heal|p1a: Gliscor|100/100 tox|[from] ability: Poison Heal
|upkeep
|turn|60
|
|t:|1758308579
|-end|p2a: Iron Treads|Quark Drive|[silent]
|switch|p2a: Alomomola|Alomomola, F|100/100 tox
|move|p1a: Gliscor|Knock Off|p2a: Alomomola
|-damage|p2a: Alomomola|90/100 tox
|-damage|p1a: Gliscor|84/100 tox|[from] item: Rocky Helmet|[of] p2a: Alomomola
|-enditem|p2a: Alomomola|Rocky Helmet|[from] move: Knock Off|[of] p1a: Gliscor
|
|-heal|p1a: Gliscor|97/100 tox|[from] ability: Poison Heal
|-damage|p2a: Alomomola|84/100 tox|[from] psn
|upkeep
|turn|61
|
|t:|1758308593
|switch|p2a: Lokix|Lokix, F|84/100
|move|p1a: Gliscor|Swords Dance|p1a: Gliscor
|-boost|p1a: Gliscor|atk|2
|
|-heal|p1a: Gliscor|100/100 tox|[from] ability: Poison Heal
|upkeep
|turn|62
|
|t:|1758308597
|move|p1a: Gliscor|Knock Off|p2a: Lokix
|-resisted|p2a: Lokix
|-damage|p2a: Lokix|51/100
|-enditem|p2a: Lokix|Choice Band|[from] move: Knock Off|[of] p1a: Gliscor
|move|p2a: Lokix|U-turn|p1a: Gliscor
|-resisted|p1a: Gliscor
|-damage|p1a: Gliscor|72/100 tox
|
|t:|1758308606
|switch|p2a: Slowking|Slowking-Galar, F|100/100|[from] U-turn
|
|-heal|p1a: Gliscor|84/100 tox|[from] ability: Poison Heal
|upkeep
|turn|63
|inactive|bumbleblaster has 120 seconds left.
|
|t:|1758308645
|move|p1a: Gliscor|Knock Off|p2a: Slowking
|-supereffective|p2a: Slowking
|-damage|p2a: Slowking|38/100
|move|p2a: Slowking|Ice Beam|p1a: Gliscor
|-supereffective|p1a: Gliscor
|-damage|p1a: Gliscor|0 fnt
|faint|p1a: Gliscor
|
|upkeep
|inactive|bumbleblaster has 90 seconds left.
|
|t:|1758308680
|switch|p1a: Quagsire|Quagsire, F, shiny|72/100 brn
|turn|64
|
|t:|1758308687
|switch|p2a: Alomomola|Alomomola, F|100/100 tox
|move|p1a: Quagsire|Spikes|p2a: Alomomola
|-sidestart|p2: Weyselb|Spikes
|
|-heal|p1a: Quagsire|78/100 brn|[from] item: Leftovers
|-damage|p2a: Alomomola|94/100 tox|[from] psn
|-damage|p1a: Quagsire|72/100 brn|[from] brn
|upkeep
|turn|65
|inactive|bumbleblaster has 90 seconds left.
|
|t:|1758308725
|switch|p1a: Toxapex|Toxapex, F, shiny|100/100 brn
|move|p2a: Alomomola|Wish|p2a: Alomomola
|
|-damage|p2a: Alomomola|82/100 tox|[from] psn
|-damage|p1a: Toxapex|95/100 brn|[from] brn
|upkeep
|turn|66
|
|t:|1758308733
|move|p2a: Alomomola|Flip Turn|p1a: Toxapex
|-resisted|p1a: Toxapex
|-damage|p1a: Toxapex|88/100 brn
|
|t:|1758308737
|switch|p2a: Slowking|Slowking-Galar, F|71/100|[from] Flip Turn
|-damage|p2a: Slowking|58/100|[from] Spikes
|move|p1a: Toxapex|Toxic|p2a: Slowking
|-immune|p2a: Slowking
|
|-heal|p2a: Slowking|100/100|[from] move: Wish|[wisher] Alomomola
|-heal|p1a: Toxapex|94/100 brn|[from] item: Leftovers
|-damage|p1a: Toxapex|88/100 brn|[from] brn
|upkeep
|turn|67
|
|t:|1758308746
|switch|p1a: Corviknight|Corviknight, F, shiny|90/100
|-ability|p1a: Corviknight|Pressure
|move|p2a: Slowking|Future Sight|p1a: Corviknight
|-start|p2a: Slowking|move: Future Sight
|
|upkeep
|turn|68
|inactive|bumbleblaster has 90 seconds left.
|
|t:|1758308752
|switch|p1a: Toxapex|Toxapex, F, shiny|100/100 brn
|-prepare|p2a: Slowking|Chilly Reception|[premajor]
|move|p2a: Slowking|Chilly Reception|p2a: Slowking
|-weather|Snowscape
|
|t:|1758308757
|switch|p2a: Iron Treads|Iron Treads|99/100|[from] Chilly Reception
|-damage|p2a: Iron Treads|88/100|[from] Spikes
|
|-weather|Snowscape|[upkeep]
|-heal|p2a: Iron Treads|94/100|[from] item: Leftovers
|-damage|p1a: Toxapex|95/100 brn|[from] brn
|upkeep
|turn|69
|
|t:|1758308761
|-terastallize|p1a: Toxapex|Steel
|move|p1a: Toxapex|Baneful Bunker|p1a: Toxapex
|-singleturn|p1a: Toxapex|move: Protect
|move|p2a: Iron Treads|Rapid Spin|p1a: Toxapex
|-activate|p1a: Toxapex|move: Protect
|
|-weather|Snowscape|[upkeep]
|-end|p1a: Toxapex|move: Future Sight
|-resisted|p1a: Toxapex
|-damage|p1a: Toxapex|81/100 brn
|-heal|p2a: Iron Treads|99/100|[from] item: Leftovers
|-heal|p1a: Toxapex|87/100 brn|[from] item: Leftovers
|-damage|p1a: Toxapex|81/100 brn|[from] brn
|upkeep
|turn|70
|
|t:|1758308772
|switch|p1a: Corviknight|Corviknight, F, shiny|90/100
|-ability|p1a: Corviknight|Pressure
|move|p2a: Iron Treads|Rapid Spin|p1a: Corviknight
|-resisted|p1a: Corviknight
|-damage|p1a: Corviknight|85/100
|-boost|p2a: Iron Treads|spe|1
|-sideend|p2: Weyselb|Spikes|[from] move: Rapid Spin|[of] p2a: Iron Treads
|
|-weather|Snowscape|[upkeep]
|-heal|p2a: Iron Treads|100/100|[from] item: Leftovers
|upkeep
|turn|71
|
|t:|1758308777
|switch|p1a: Toxapex|Toxapex, F, shiny, tera:Steel|100/100 brn
|move|p2a: Iron Treads|Volt Switch|p1a: Toxapex
|-damage|p1a: Toxapex|94/100 brn
|
|t:|1758308792
|-end|p2a: Iron Treads|Quark Drive|[silent]
|switch|p2a: Rotom|Rotom-Wash|100/100|[from] Volt Switch
|
|-weather|Snowscape|[upkeep]
|-heal|p1a: Toxapex|99/100 brn|[from] item: Leftovers
|-damage|p1a: Toxapex|94/100 brn|[from] brn
|upkeep
|turn|72
|l|☆bumbleblaster
|inactive|bumbleblaster disconnected and has a minute to reconnect!
|player|p1|
|inactive|bumbleblaster has 30 seconds to reconnect!
|inactive|bumbleblaster has 20 seconds to reconnect!
|inactive|bumbleblaster has 15 seconds to reconnect!
|inactive|bumbleblaster has 10 seconds to reconnect!
|inactive|bumbleblaster has 5 seconds to reconnect!
|-message|bumbleblaster lost due to inactivity.
|
|win|Weyselb
|raw|bumbleblaster's rating: 1374 &rarr; <strong>1354</strong><br />(-20 for losing)
|raw|Weyselb's rating: 1374 &rarr; <strong>1394</strong><br />(+20 for winning)
|l|☆Weyselb
|player|p2|
|j|☆bumbleblaster
|player|p1|bumbleblaster|lusamine-nihilego|
|l|☆bumbleblaster
|player|p1|
