|j|☆Fanumtaxinator
|j|☆ImMikeyCzn
|t:|1758284599
|gametype|singles
|player|p1|Fanumtaxinator|pokefanf-gen4|1093
|player|p2|ImMikeyCzn|guitarist|1144
|gen|9
|tier|[Gen 9] OU
|rated|
|rule|HP Percentage Mod: HP is shown in percentages
|rule|Endless Battle Clause: Forcing endless battles is banned
|rule|Species Clause: Limit one of each Pokémon
|rule|OHKO Clause: OHKO moves are banned
|rule|Evasion Items Clause: Evasion items are banned
|rule|Evasion Moves Clause: Evasion moves are banned
|rule|Evasion Abilities Clause: Evasion abilities are banned
|rule|Sleep Moves Clause: Sleep-inducing moves are banned
|clearpoke
|poke|p1|Toxtricity, M|
|poke|p1|Rillaboom, M|
|poke|p1|Skeledirge, M|
|poke|p1|Scream Tail|
|poke|p1|Lanturn, F|
|poke|p1|Kricketune, M|
|poke|p2|Ceruledge, M|
|poke|p2|Azumarill, M|
|poke|p2|Lokix, M|
|poke|p2|Decidueye-Hisui, M|
|poke|p2|Corviknight, F|
|poke|p2|Weezing-Galar, F|
|teampreview
|
|t:|1758284607
|teamsize|p1|6
|teamsize|p2|6
|start
|switch|p1a: Not-So-Yellow Sub|Lanturn, F|100/100
|switch|p2a: Average Wordle Fan|Corviknight, F|100/100
|turn|1
|inactive|Battle timer is ON: inactive players will automatically lose when time's up. (requested by Fanumtaxinator)
|
|t:|1758284623
|move|p1a: Not-So-Yellow Sub|Electric Terrain|p1a: Not-So-Yellow Sub
|-fieldstart|move: Electric Terrain
|move|p2a: Average Wordle Fan|Tailwind|p2a: Average Wordle Fan
|-sidestart|p2: ImMikeyCzn|move: Tailwind
|
|upkeep
|turn|2
|
|t:|1758284631
|switch|p2a: Faygo|Decidueye-Hisui, M|100/100
|move|p1a: Not-So-Yellow Sub|Thunderbolt|p2a: Faygo
|-resisted|p2a: Faygo
|-damage|p2a: Faygo|80/100
|
|-heal|p2a: Faygo|86/100|[from] item: Leftovers
|upkeep
|turn|3
|
|t:|1758284646
|move|p2a: Faygo|Leaf Blade|p1a: Not-So-Yellow Sub
|-supereffective|p1a: Not-So-Yellow Sub
|-damage|p1a: Not-So-Yellow Sub|19/100
|move|p1a: Not-So-Yellow Sub|Ice Beam|p2a: Faygo
|-supereffective|p2a: Faygo
|-damage|p2a: Faygo|44/100
|
|-heal|p2a: Faygo|50/100|[from] item: Leftovers
|-heal|p1a: Not-So-Yellow Sub|25/100|[from] item: Leftovers
|upkeep
|turn|4
|
|t:|1758284660
|switch|p1a: George|Toxtricity, M|100/100
|move|p2a: Faygo|Leaf Blade|p1a: George
|-resisted|p1a: George
|-damage|p1a: George|78/100
|
|-heal|p2a: Faygo|57/100|[from] item: Leftovers
|-sideend|p2: ImMikeyCzn|move: Tailwind
|upkeep
|turn|5
|inactive|ImMikeyCzn has 120 seconds left.
|
|t:|1758284700
|switch|p2a: Ceruledge|Ceruledge, M|100/100
|move|p1a: George|Shift Gear|p1a: George
|-boost|p1a: George|spe|2
|-boost|p1a: George|atk|1
|
|-fieldend|move: Electric Terrain
|upkeep
|turn|6
|inactive|ImMikeyCzn has 120 seconds left.
|
|t:|1758284711
|move|p1a: George|Overdrive|p2a: Ceruledge
|-damage|p2a: Ceruledge|40/100
|-enditem|p1a: George|Throat Spray
|-boost|p1a: George|spa|1|[from] item: Throat Spray
|move|p2a: Ceruledge|Curse|p1a: George
|-start|p1a: George|Curse|[of] p2a: Ceruledge
|-damage|p2a: Ceruledge|0 fnt
|faint|p2a: Ceruledge
|
|-damage|p1a: George|53/100|[from] Curse
|upkeep
|
|t:|1758284724
|switch|p2a: Lokix|Lokix, M|100/100
|turn|7
|
|t:|1758284731
|move|p2a: Lokix|First Impression|p1a: George
|-resisted|p1a: George
|-damage|p1a: George|0 fnt
|faint|p1a: George
|-damage|p2a: Lokix|91/100|[from] item: Life Orb
|
|upkeep
|
|t:|1758284756
|switch|p1a: John|Skeledirge, M|100/100
|turn|8
|
|t:|1758284764
|move|p2a: Lokix|Knock Off|p1a: John
|-supereffective|p1a: John
|-damage|p1a: John|11/100
|-enditem|p1a: John|Leftovers|[from] move: Knock Off|[of] p2a: Lokix
|-damage|p2a: Lokix|81/100|[from] item: Life Orb
|move|p1a: John|Flame Charge|p2a: Lokix
|-supereffective|p2a: Lokix
|-damage|p2a: Lokix|43/100
|-boost|p1a: John|spe|1
|
|upkeep
|turn|9
|inactive|Fanumtaxinator has 120 seconds left.
|
|t:|1758284809
|move|p2a: Lokix|Leech Life|p1a: John
|-resisted|p1a: John
|-damage|p1a: John|0 fnt
|-heal|p2a: Lokix|50/100|[from] drain|[of] p1a: John
|faint|p1a: John
|-damage|p2a: Lokix|40/100|[from] item: Life Orb
|
|upkeep
|
|t:|1758284816
|switch|p1a: The “Beatle”|Kricketune, M, shiny|100/100
|turn|10
|
|t:|1758284820
|move|p2a: Lokix|U-turn|p1a: The “Beatle”
|-damage|p1a: The “Beatle”|41/100
|-damage|p2a: Lokix|31/100|[from] item: Life Orb
|
|t:|1758284828
|switch|p2a: Average Wordle Fan|Corviknight, F|100/100|[from] U-turn
|move|p1a: The “Beatle”|Trailblaze|p2a: Average Wordle Fan
|-resisted|p2a: Average Wordle Fan
|-damage|p2a: Average Wordle Fan|96/100
|-boost|p1a: The “Beatle”|spe|1
|
|-heal|p2a: Average Wordle Fan|100/100|[from] item: Leftovers
|upkeep
|turn|11
|inactive|Fanumtaxinator has 120 seconds left.
|inactive|Fanumtaxinator has 90 seconds left.
|
|t:|1758284885
|move|p1a: The “Beatle”|Sticky Web|p2a: Average Wordle Fan
|-sidestart|p2: ImMikeyCzn|move: Sticky Web
|move|p2a: Average Wordle Fan|Brave Bird|p1a: The “Beatle”
|-supereffective|p1a: The “Beatle”
|-damage|p1a: The “Beatle”|0 fnt
|faint|p1a: The “Beatle”
|-damage|p2a: Average Wordle Fan|86/100|[from] Recoil
|
|-heal|p2a: Average Wordle Fan|93/100|[from] item: Leftovers
|upkeep
|
|t:|1758284890
|switch|p1a: Paul|Scream Tail|100/100
|turn|12
|
|t:|1758284908
|move|p1a: Paul|Thunder Wave|p2a: Average Wordle Fan
|-status|p2a: Average Wordle Fan|par
|cant|p2a: Average Wordle Fan|par
|
|-heal|p2a: Average Wordle Fan|99/100 par|[from] item: Leftovers
|upkeep
|turn|13
|inactive|Fanumtaxinator has 90 seconds left.
|
|t:|1758284915
|move|p1a: Paul|Wish|p1a: Paul
|move|p2a: Average Wordle Fan|Tailwind|p2a: Average Wordle Fan
|-sidestart|p2: ImMikeyCzn|move: Tailwind
|
|-heal|p2a: Average Wordle Fan|100/100 par|[from] item: Leftovers
|upkeep
|turn|14
|
|t:|1758284922
|-end|p1a: Paul|Protosynthesis|[silent]
|switch|p1a: Not-So-Yellow Sub|Lanturn, F|25/100
|switch|p2a: Faygo|Decidueye-Hisui, M|57/100
|-activate|p2a: Faygo|move: Sticky Web
|-unboost|p2a: Faygo|spe|1
|
|-heal|p1a: Not-So-Yellow Sub|73/100|[from] move: Wish|[wisher] Paul
|-heal|p2a: Faygo|63/100|[from] item: Leftovers
|-heal|p1a: Not-So-Yellow Sub|79/100|[from] item: Leftovers
|upkeep
|turn|15
|inactive|Fanumtaxinator has 90 seconds left.
|
|t:|1758284953
|switch|p2a: Weezing|Weezing-Galar, F|100/100
|-ability|p2a: Weezing|Neutralizing Gas
|move|p1a: Not-So-Yellow Sub|Ice Beam|p2a: Weezing
|-damage|p2a: Weezing|75/100
|
|-heal|p1a: Not-So-Yellow Sub|85/100|[from] item: Leftovers
|upkeep
|turn|16
|
|t:|1758284965
|move|p2a: Weezing|Defog|p1a: Not-So-Yellow Sub
|-unboost|p1a: Not-So-Yellow Sub|evasion|1
|-sideend|p2: ImMikeyCzn|Sticky Web|[from] move: Defog|[of] p2a: Weezing
|move|p1a: Not-So-Yellow Sub|Thunderbolt|p2a: Weezing
|-damage|p2a: Weezing|37/100
|
|-heal|p1a: Not-So-Yellow Sub|91/100|[from] item: Leftovers
|-sideend|p2: ImMikeyCzn|move: Tailwind
|upkeep
|turn|17
|
|t:|1758284975
|move|p1a: Not-So-Yellow Sub|Thunderbolt|p2a: Weezing
|-damage|p2a: Weezing|0 fnt
|faint|p2a: Weezing
|-end|p2a: Weezing|ability: Neutralizing Gas
|
|-heal|p1a: Not-So-Yellow Sub|97/100|[from] item: Leftovers
|upkeep
|
|t:|1758284987
|switch|p2a: Faygo|Decidueye-Hisui, M|63/100
|turn|18
|
|t:|1758284996
|switch|p2a: Average Wordle Fan|Corviknight, F|100/100 par
|switch|p1a: Ringo|Rillaboom, M|100/100
|-fieldstart|move: Grassy Terrain|[from] ability: Grassy Surge|[of] p1a: Ringo
|
|upkeep
|turn|19
|
|t:|1758285009
|switch|p1a: Not-So-Yellow Sub|Lanturn, F|97/100
|cant|p2a: Average Wordle Fan|par
|
|-heal|p1a: Not-So-Yellow Sub|100/100|[from] Grassy Terrain
|upkeep
|turn|20
|
|t:|1758285022
|move|p1a: Not-So-Yellow Sub|Thunderbolt|p2a: Average Wordle Fan
|-supereffective|p2a: Average Wordle Fan
|-damage|p2a: Average Wordle Fan|38/100 par
|move|p2a: Average Wordle Fan|Tailwind|p2a: Average Wordle Fan
|-sidestart|p2: ImMikeyCzn|move: Tailwind
|
|-heal|p2a: Average Wordle Fan|44/100 par|[from] item: Leftovers
|upkeep
|turn|21
|
|t:|1758285038
|move|p2a: Average Wordle Fan|Roost|p2a: Average Wordle Fan
|-heal|p2a: Average Wordle Fan|94/100 par
|-singleturn|p2a: Average Wordle Fan|move: Roost
|move|p1a: Not-So-Yellow Sub|Ice Beam|p2a: Average Wordle Fan
|-resisted|p2a: Average Wordle Fan
|-damage|p2a: Average Wordle Fan|84/100 par
|
|-heal|p2a: Average Wordle Fan|90/100 par|[from] Grassy Terrain
|-heal|p2a: Average Wordle Fan|96/100 par|[from] item: Leftovers
|upkeep
|turn|22
|
|t:|1758285053
|move|p1a: Not-So-Yellow Sub|Electric Terrain|p1a: Not-So-Yellow Sub
|-fieldstart|move: Electric Terrain
|move|p2a: Average Wordle Fan|Brave Bird|p1a: Not-So-Yellow Sub
|-resisted|p1a: Not-So-Yellow Sub
|-damage|p1a: Not-So-Yellow Sub|81/100
|-damage|p2a: Average Wordle Fan|87/100 par|[from] Recoil
|
|-heal|p1a: Not-So-Yellow Sub|87/100|[from] item: Leftovers
|-heal|p2a: Average Wordle Fan|94/100 par|[from] item: Leftovers
|upkeep
|turn|23
|
|t:|1758285066
|move|p2a: Average Wordle Fan|Iron Defense|p2a: Average Wordle Fan
|-boost|p2a: Average Wordle Fan|def|2
|move|p1a: Not-So-Yellow Sub|Thunderbolt|p2a: Average Wordle Fan
|-supereffective|p2a: Average Wordle Fan
|-damage|p2a: Average Wordle Fan|10/100 par
|
|-heal|p1a: Not-So-Yellow Sub|93/100|[from] item: Leftovers
|-heal|p2a: Average Wordle Fan|16/100 par|[from] item: Leftovers
|-sideend|p2: ImMikeyCzn|move: Tailwind
|upkeep
|turn|24
|
|t:|1758285080
|move|p1a: Not-So-Yellow Sub|Thunderbolt|p2a: Average Wordle Fan
|-supereffective|p2a: Average Wordle Fan
|-damage|p2a: Average Wordle Fan|0 fnt
|faint|p2a: Average Wordle Fan
|
|-heal|p1a: Not-So-Yellow Sub|99/100|[from] item: Leftovers
|upkeep
|
|t:|1758285087
|switch|p2a: Lokix|Lokix, M|31/100
|turn|25
|
|t:|1758285094
|move|p2a: Lokix|First Impression|p1a: Not-So-Yellow Sub
|-damage|p1a: Not-So-Yellow Sub|40/100
|-damage|p2a: Lokix|21/100|[from] item: Life Orb
|move|p1a: Not-So-Yellow Sub|Thunderbolt|p2a: Lokix
|-damage|p2a: Lokix|0 fnt
|faint|p2a: Lokix
|
|-heal|p1a: Not-So-Yellow Sub|46/100|[from] item: Leftovers
|upkeep
|
|t:|1758285103
|switch|p2a: Faygo|Decidueye-Hisui, M|63/100
|turn|26
|
|t:|1758285112
|switch|p1a: Paul|Scream Tail|100/100
|move|p2a: Faygo|Leaf Blade|p1a: Paul
|-damage|p1a: Paul|71/100
|
|-heal|p1a: Paul|77/100|[from] item: Leftovers
|-heal|p2a: Faygo|69/100|[from] item: Leftovers
|-fieldend|move: Electric Terrain
|upkeep
|turn|27
|
|t:|1758285121
|switch|p2a: Azumarill|Azumarill, M|100/100
|move|p1a: Paul|Wish|p1a: Paul
|
|-heal|p1a: Paul|84/100|[from] item: Leftovers
|upkeep
|turn|28
|
|t:|1758285128
|-end|p1a: Paul|Protosynthesis|[silent]
|switch|p1a: Not-So-Yellow Sub|Lanturn, F|46/100
|move|p2a: Azumarill|Belly Drum|p2a: Azumarill
|-damage|p2a: Azumarill|51/100
|-setboost|p2a: Azumarill|atk|6|[from] move: Belly Drum
|
|-heal|p1a: Not-So-Yellow Sub|94/100|[from] move: Wish|[wisher] Paul
|-heal|p1a: Not-So-Yellow Sub|99/100|[from] item: Leftovers
|upkeep
|turn|29
|
|t:|1758285139
|move|p1a: Not-So-Yellow Sub|Thunderbolt|p2a: Azumarill
|-supereffective|p2a: Azumarill
|-damage|p2a: Azumarill|0 fnt
|faint|p2a: Azumarill
|
|-heal|p1a: Not-So-Yellow Sub|100/100|[from] item: Leftovers
|upkeep
|
|t:|1758285145
|switch|p2a: Faygo|Decidueye-Hisui, M|69/100
|turn|30
|
|t:|1758285150
|switch|p1a: Ringo|Rillaboom, M|100/100
|-fieldstart|move: Grassy Terrain|[from] ability: Grassy Surge|[of] p1a: Ringo
|move|p2a: Faygo|Leaf Blade|p1a: Ringo
|-resisted|p1a: Ringo
|-damage|p1a: Ringo|75/100
|
|-heal|p1a: Ringo|81/100|[from] Grassy Terrain
|-heal|p2a: Faygo|75/100|[from] Grassy Terrain
|-heal|p2a: Faygo|82/100|[from] item: Leftovers
|upkeep
|turn|31
|
|t:|1758285162
|move|p1a: Ringo|U-turn|p2a: Faygo
|-crit|p2a: Faygo
|-damage|p2a: Faygo|28/100
|
|t:|1758285167
|switch|p1a: Paul|Scream Tail|84/100|[from] U-turn
|move|p2a: Faygo|Triple Arrows|p1a: Paul
|-resisted|p1a: Paul
|-damage|p1a: Paul|76/100
|
|-heal|p1a: Paul|83/100|[from] Grassy Terrain
|-heal|p1a: Paul|89/100|[from] item: Leftovers
|-heal|p2a: Faygo|34/100|[from] Grassy Terrain
|-heal|p2a: Faygo|40/100|[from] item: Leftovers
|upkeep
|turn|32
|
|t:|1758285182
|move|p1a: Paul|Dazzling Gleam|p2a: Faygo
|-supereffective|p2a: Faygo
|-damage|p2a: Faygo|3/100
|move|p2a: Faygo|Leaf Blade|p1a: Paul
|-damage|p1a: Paul|51/100
|
|-heal|p1a: Paul|57/100|[from] Grassy Terrain
|-heal|p1a: Paul|64/100|[from] item: Leftovers
|-heal|p2a: Faygo|9/100|[from] Grassy Terrain
|-heal|p2a: Faygo|15/100|[from] item: Leftovers
|upkeep
|turn|33
|inactive|Fanumtaxinator has 120 seconds left.
|
|t:|1758285230
|move|p1a: Paul|Dazzling Gleam|p2a: Faygo
|-supereffective|p2a: Faygo
|-damage|p2a: Faygo|0 fnt
|faint|p2a: Faygo
|
|win|Fanumtaxinator
|raw|Fanumtaxinator's rating: 1093 &rarr; <strong>1123</strong><br />(+30 for winning)
|raw|ImMikeyCzn's rating: 1144 &rarr; <strong>1115</strong><br />(-29 for losing)
|c|☆Fanumtaxinator|Gg
|l|☆Fanumtaxinator
|player|p1|
|c|☆ImMikeyCzn|ggs
