|j|☆yfwm
|j|☆kingkainn
|t:|1758264190
|gametype|singles
|player|p1|yfwm|169|1361
|player|p2|kingkainn|2|1388
|gen|9
|tier|[Gen 9] OU
|rated|
|rule|HP Percentage Mod: HP is shown in percentages
|rule|Endless Battle Clause: Forcing endless battles is banned
|rule|Species Clause: Limit one of each Pokémon
|rule|OHKO Clause: OHKO moves are banned
|rule|Evasion Items Clause: Evasion items are banned
|rule|Evasion Moves Clause: Evasion moves are banned
|rule|Evasion Abilities Clause: Evasion abilities are banned
|rule|Sleep Moves Clause: Sleep-inducing moves are banned
|clearpoke
|poke|p1|Walking Wake|
|poke|p1|Ninetales, M|
|poke|p1|Landorus-Therian, M|
|poke|p1|Raging Bolt|
|poke|p1|Zamazenta-*|
|poke|p1|Cinderace, M|
|poke|p2|Hatterene, F|
|poke|p2|Gholdengo|
|poke|p2|Landorus-Therian, M|
|poke|p2|Deoxys-Speed|
|poke|p2|Polteageist-Antique|
|poke|p2|Iron Boulder|
|teampreview
|inactive|Battle timer is ON: inactive players will automatically lose when time's up. (requested by yfwm)
|
|t:|1758264203
|teamsize|p1|6
|teamsize|p2|6
|start
|switch|p1a: Landorus|Landorus-Therian, M|100/100
|switch|p2a: Deoxys|Deoxys-Speed|100/100
|-ability|p2a: Deoxys|Pressure
|-ability|p1a: Landorus|Intimidate|boost
|-unboost|p2a: Deoxys|atk|1
|turn|1
|
|t:|1758264211
|move|p2a: Deoxys|Spikes|p1a: Landorus
|-sidestart|p1: yfwm|Spikes
|move|p1a: Landorus|Earthquake|p2a: Deoxys
|-damage|p2a: Deoxys|39/100
|
|upkeep
|turn|2
|
|t:|1758264217
|move|p2a: Deoxys|Reflect|p2a: Deoxys
|-sidestart|p2: kingkainn|Reflect
|move|p1a: Landorus|U-turn|p2a: Deoxys
|-supereffective|p2a: Deoxys
|-damage|p2a: Deoxys|7/100
|
|t:|1758264222
|switch|p1a: Cinderace|Cinderace, M|100/100|[from] U-turn
|
|upkeep
|turn|3
|
|t:|1758264228
|switch|p2a: Hatterene|Hatterene, F|100/100
|move|p1a: Cinderace|Pyro Ball|p2a: Hatterene|[miss]
|-miss|p1a: Cinderace|p2a: Hatterene
|
|upkeep
|turn|4
|
|t:|1758264236
|move|p1a: Cinderace|Court Change|p1a: Cinderace
|-start|p1a: Cinderace|typechange|Normal|[from] ability: Libero
|-swapsideconditions
|-activate|p1a: Cinderace|move: Court Change
|move|p2a: Hatterene|Nuzzle|p1a: Cinderace
|-damage|p1a: Cinderace|98/100
|-status|p1a: Cinderace|par
|
|upkeep
|turn|5
|
|t:|1758264245
|switch|p1a: Landorus|Landorus-Therian, M|100/100
|-ability|p1a: Landorus|Intimidate|boost
|-unboost|p2a: Hatterene|atk|1
|move|p2a: Hatterene|Psychic Noise|p1a: Landorus
|-damage|p1a: Landorus|62/100
|-start|p1a: Landorus|move: Heal Block
|
|upkeep
|turn|6
|
|t:|1758264248
|move|p1a: Landorus|Earthquake|p2a: Hatterene
|-damage|p2a: Hatterene|41/100
|-enditem|p2a: Hatterene|Eject Button
|
|t:|1758264253
|switch|p2a: Landorus|Landorus-Therian, M|100/100
|-ability|p2a: Landorus|Intimidate|boost
|-unboost|p1a: Landorus|atk|1
|
|-end|p1a: Landorus|move: Heal Block
|upkeep
|turn|7
|
|t:|1758264261
|switch|p1a: Zamazenta|Zamazenta|100/100
|-ability|p1a: Zamazenta|Dauntless Shield|boost
|-boost|p1a: Zamazenta|def|1
|move|p2a: Landorus|U-turn|p1a: Zamazenta
|-resisted|p1a: Zamazenta
|-damage|p1a: Zamazenta|98/100
|
|t:|1758264268
|switch|p2a: Deoxys|Deoxys-Speed|7/100|[from] U-turn
|-damage|p2a: Deoxys|0 fnt|[from] Spikes
|faint|p2a: Deoxys
|
|-heal|p1a: Zamazenta|100/100|[from] item: Leftovers
|upkeep
|
|t:|1758264274
|switch|p2a: Gholdengo|Gholdengo|100/100
|-damage|p2a: Gholdengo|88/100|[from] Spikes
|turn|8
|
|t:|1758264279
|move|p2a: Gholdengo|Shadow Ball|p1a: Zamazenta
|-damage|p1a: Zamazenta|60/100
|move|p1a: Zamazenta|Crunch|p2a: Gholdengo
|-supereffective|p2a: Gholdengo
|-damage|p2a: Gholdengo|39/100
|
|-heal|p1a: Zamazenta|66/100|[from] item: Leftovers
|upkeep
|turn|9
|
|t:|1758264285
|move|p2a: Gholdengo|Shadow Ball|p1a: Zamazenta
|-damage|p1a: Zamazenta|24/100
|move|p1a: Zamazenta|Crunch|p2a: Gholdengo
|-supereffective|p2a: Gholdengo
|-damage|p2a: Gholdengo|0 fnt
|faint|p2a: Gholdengo
|
|-heal|p1a: Zamazenta|30/100|[from] item: Leftovers
|-sideend|p1: yfwm|Reflect
|upkeep
|
|t:|1758264291
|switch|p2a: Landorus|Landorus-Therian, M|100/100
|-ability|p2a: Landorus|Intimidate|boost
|-unboost|p1a: Zamazenta|atk|1
|turn|10
|
|t:|1758264309
|move|p1a: Zamazenta|Iron Defense|p1a: Zamazenta
|-boost|p1a: Zamazenta|def|2
|move|p2a: Landorus|Earthquake|p1a: Zamazenta
|-damage|p1a: Zamazenta|16/100
|
|-heal|p1a: Zamazenta|22/100|[from] item: Leftovers
|upkeep
|turn|11
|
|t:|1758264313
|move|p1a: Zamazenta|Iron Defense|p1a: Zamazenta
|-boost|p1a: Zamazenta|def|2
|move|p2a: Landorus|Taunt|p1a: Zamazenta
|-start|p1a: Zamazenta|move: Taunt
|
|-heal|p1a: Zamazenta|28/100|[from] item: Leftovers
|upkeep
|turn|12
|
|t:|1758264320
|move|p1a: Zamazenta|Body Press|p2a: Landorus
|-resisted|p2a: Landorus
|-damage|p2a: Landorus|37/100
|-damage|p1a: Zamazenta|12/100|[from] item: Rocky Helmet|[of] p2a: Landorus
|move|p2a: Landorus|Earthquake|p1a: Zamazenta
|-damage|p1a: Zamazenta|1/100
|
|-heal|p1a: Zamazenta|8/100|[from] item: Leftovers
|upkeep
|turn|13
|
|t:|1758264323
|move|p1a: Zamazenta|Body Press|p2a: Landorus
|-resisted|p2a: Landorus
|-damage|p2a: Landorus|0 fnt
|-damage|p1a: Zamazenta|0 fnt|[from] item: Rocky Helmet|[of] p2a: Landorus
|faint|p2a: Landorus
|faint|p1a: Zamazenta
|
|upkeep
|
|t:|1758264329
|switch|p1a: Ninetales|Ninetales, M|100/100
|switch|p2a: Iron Boulder|Iron Boulder|100/100
|-damage|p2a: Iron Boulder|88/100|[from] Spikes
|-weather|SunnyDay|[from] ability: Drought|[of] p1a: Ninetales
|-enditem|p2a: Iron Boulder|Booster Energy
|-activate|p2a: Iron Boulder|ability: Quark Drive|[fromitem]
|-start|p2a: Iron Boulder|quarkdrivespe
|turn|14
|
|t:|1758264337
|move|p2a: Iron Boulder|Mighty Cleave|p1a: Ninetales
|-supereffective|p1a: Ninetales
|-damage|p1a: Ninetales|0 fnt
|faint|p1a: Ninetales
|
|-weather|SunnyDay|[upkeep]
|upkeep
|
|t:|1758264340
|switch|p1a: Walking Wake|Walking Wake|100/100
|-activate|p1a: Walking Wake|ability: Protosynthesis
|-start|p1a: Walking Wake|protosynthesisspe
|turn|15
|
|t:|1758264343
|-terastallize|p2a: Iron Boulder|Psychic
|move|p1a: Walking Wake|Hydro Steam|p2a: Iron Boulder
|-crit|p2a: Iron Boulder
|-damage|p2a: Iron Boulder|0 fnt
|faint|p2a: Iron Boulder
|-end|p2a: Iron Boulder|Quark Drive|[silent]
|
|-weather|SunnyDay|[upkeep]
|upkeep
|
|t:|1758264348
|switch|p2a: Hatterene|Hatterene, F|41/100
|-damage|p2a: Hatterene|29/100|[from] Spikes
|turn|16
|
|t:|1758264351
|move|p1a: Walking Wake|Hydro Steam|p2a: Hatterene
|-damage|p2a: Hatterene|0 fnt
|faint|p2a: Hatterene
|
|-weather|SunnyDay|[upkeep]
|upkeep
|
|t:|1758264353
|switch|p2a: Polteageist|Polteageist-Antique|100/100
|-damage|p2a: Polteageist|88/100|[from] Spikes
|turn|17
|
|t:|1758264356
|move|p1a: Walking Wake|Hydro Steam|p2a: Polteageist
|-damage|p2a: Polteageist|0 fnt
|faint|p2a: Polteageist
|
|win|yfwm
|raw|yfwm's rating: 1361 &rarr; <strong>1383</strong><br />(+22 for winning)
|raw|kingkainn's rating: 1388 &rarr; <strong>1366</strong><br />(-22 for losing)
|l|☆yfwm
|player|p1|
