|j|☆Jlenny8
|j|☆AnOriginalName3
|t:|1758292564
|gametype|singles
|player|p1|Jlenny8|1|1449
|player|p2|AnOriginalName3|2|1437
|gen|9
|tier|[Gen 9] OU
|rated|
|rule|HP Percentage Mod: HP is shown in percentages
|rule|Endless Battle Clause: Forcing endless battles is banned
|rule|Species Clause: Limit one of each Pokémon
|rule|OHKO Clause: OHKO moves are banned
|rule|Evasion Items Clause: Evasion items are banned
|rule|Evasion Moves Clause: Evasion moves are banned
|rule|Evasion Abilities Clause: Evasion abilities are banned
|rule|Sleep Moves Clause: Sleep-inducing moves are banned
|clearpoke
|poke|p1|Cinderace, M|
|poke|p1|Ogerpon-Wellspring, F|
|poke|p1|Kingambit, F|
|poke|p1|Incineroar, F|
|poke|p1|Clefable, M|
|poke|p1|Dragapult, M|
|poke|p2|Araquanid, M|
|poke|p2|Manaphy|
|poke|p2|Ceruledge, M|
|poke|p2|Great Tusk|
|poke|p2|Corviknight, M|
|poke|p2|Iron Crown|
|teampreview
|
|t:|1758292576
|teamsize|p1|6
|teamsize|p2|6
|start
|switch|p1a: Ogerpon|Ogerpon-Wellspring, F|100/100
|switch|p2a: Araquanid|Araquanid, M|100/100
|turn|1
|
|t:|1758292582
|move|p1a: Ogerpon|Leech Seed|p2a: Araquanid
|-start|p2a: Araquanid|move: Leech Seed
|move|p2a: Araquanid|Sticky Web|p1a: Ogerpon
|-sidestart|p1: Jlenny8|move: Sticky Web
|
|-damage|p2a: Araquanid|88/100|[from] Leech Seed|[of] p1a: Ogerpon
|upkeep
|turn|2
|
|t:|1758292589
|switch|p2a: Corviknight|Corviknight, M|100/100
|-ability|p2a: Corviknight|Pressure
|move|p1a: Ogerpon|U-turn|p2a: Corviknight
|-resisted|p2a: Corviknight
|-damage|p2a: Corviknight|95/100
|-damage|p1a: Ogerpon|84/100|[from] item: Rocky Helmet|[of] p2a: Corviknight
|
|t:|1758292597
|switch|p1a: Cinderace|Cinderace, M|100/100|[from] U-turn
|
|upkeep
|turn|3
|j| firecharmander004
|
|t:|1758292603
|move|p1a: Cinderace|Pyro Ball|p2a: Corviknight
|-supereffective|p2a: Corviknight
|-damage|p2a: Corviknight|0 fnt
|faint|p2a: Corviknight
|
|upkeep
|
|t:|1758292610
|switch|p2a: Ceruledge|Ceruledge, M|100/100
|turn|4
|
|t:|1758292619
|move|p1a: Cinderace|Court Change|p1a: Cinderace
|-start|p1a: Cinderace|typechange|Normal|[from] ability: Libero
|-swapsideconditions
|-activate|p1a: Cinderace|move: Court Change
|move|p2a: Ceruledge|Bulk Up|p2a: Ceruledge
|-boost|p2a: Ceruledge|atk|1
|-boost|p2a: Ceruledge|def|1
|
|upkeep
|turn|5
|inactive|Battle timer is ON: inactive players will automatically lose when time's up. (requested by Jlenny8)
|
|t:|1758292627
|switch|p1a: Incineroar|Incineroar, F|100/100
|-ability|p1a: Incineroar|Intimidate|boost
|-unboost|p2a: Ceruledge|atk|1
|move|p2a: Ceruledge|Bulk Up|p2a: Ceruledge
|-boost|p2a: Ceruledge|atk|1
|-boost|p2a: Ceruledge|def|1
|
|upkeep
|turn|6
|
|t:|1758292639
|-terastallize|p2a: Ceruledge|Bug
|move|p2a: Ceruledge|Bulk Up|p2a: Ceruledge
|-boost|p2a: Ceruledge|atk|1
|-boost|p2a: Ceruledge|def|1
|move|p1a: Incineroar|Parting Shot|p2a: Ceruledge
|-unboost|p2a: Ceruledge|atk|1
|-unboost|p2a: Ceruledge|spa|1
|
|t:|1758292647
|switch|p1a: Clefable|Clefable, M|100/100|[from] Parting Shot
|
|upkeep
|turn|7
|
|t:|1758292651
|move|p2a: Ceruledge|Taunt|p1a: Clefable
|-start|p1a: Clefable|move: Taunt
|cant|p1a: Clefable|move: Taunt|Calm Mind
|
|upkeep
|turn|8
|
|t:|1758292657
|switch|p1a: Incineroar|Incineroar, F|100/100
|-ability|p1a: Incineroar|Intimidate|boost
|-unboost|p2a: Ceruledge|atk|1
|move|p2a: Ceruledge|Bulk Up|p2a: Ceruledge
|-boost|p2a: Ceruledge|atk|1
|-boost|p2a: Ceruledge|def|1
|
|upkeep
|turn|9
|
|t:|1758292665
|move|p1a: Incineroar|Fake Out|p2a: Ceruledge
|-damage|p2a: Ceruledge|97/100
|move|p2a: Ceruledge|Taunt|p1a: Incineroar
|-start|p1a: Incineroar|move: Taunt
|
|upkeep
|turn|10
|
|t:|1758292674
|move|p2a: Ceruledge|Bulk Up|p2a: Ceruledge
|-boost|p2a: Ceruledge|atk|1
|-boost|p2a: Ceruledge|def|1
|move|p1a: Incineroar|Darkest Lariat|p2a: Ceruledge
|-crit|p2a: Ceruledge
|-damage|p2a: Ceruledge|41/100
|
|upkeep
|turn|11
|
|t:|1758292682
|move|p2a: Ceruledge|Bulk Up|p2a: Ceruledge
|-boost|p2a: Ceruledge|atk|1
|-boost|p2a: Ceruledge|def|1
|move|p1a: Incineroar|Darkest Lariat|p2a: Ceruledge
|-damage|p2a: Ceruledge|3/100
|
|upkeep
|turn|12
|
|t:|1758292692
|move|p2a: Ceruledge|Bitter Blade|p1a: Incineroar
|-resisted|p1a: Incineroar
|-damage|p1a: Incineroar|59/100
|-heal|p2a: Ceruledge|26/100|[from] drain|[of] p1a: Incineroar
|move|p1a: Incineroar|Darkest Lariat|p2a: Ceruledge
|-damage|p2a: Ceruledge|0 fnt
|faint|p2a: Ceruledge
|
|-heal|p1a: Incineroar|65/100|[from] item: Leftovers
|-end|p1a: Incineroar|move: Taunt
|upkeep
|
|t:|1758292712
|switch|p2a: Manaphy|Manaphy|100/100
|turn|13
|
|t:|1758292717
|move|p2a: Manaphy|Tail Glow|p2a: Manaphy
|-boost|p2a: Manaphy|spa|3
|move|p1a: Incineroar|Parting Shot|p2a: Manaphy
|-unboost|p2a: Manaphy|atk|1
|-unboost|p2a: Manaphy|spa|1
|
|t:|1758292725
|switch|p1a: Ogerpon|Ogerpon-Wellspring, F|84/100|[from] Parting Shot
|
|upkeep
|turn|14
|
|t:|1758292735
|move|p1a: Ogerpon|Leech Seed|p2a: Manaphy
|-start|p2a: Manaphy|move: Leech Seed
|move|p2a: Manaphy|Ice Beam|p1a: Ogerpon
|-damage|p1a: Ogerpon|18/100
|
|-damage|p2a: Manaphy|88/100|[from] Leech Seed|[of] p1a: Ogerpon
|-heal|p1a: Ogerpon|32/100|[silent]
|upkeep
|turn|15
|
|t:|1758292743
|move|p1a: Ogerpon|U-turn|p2a: Manaphy
|-damage|p2a: Manaphy|60/100
|
|t:|1758292746
|switch|p1a: Clefable|Clefable, M|100/100|[from] U-turn
|move|p2a: Manaphy|Ice Beam|p1a: Clefable
|-crit|p1a: Clefable
|-damage|p1a: Clefable|65/100
|-status|p1a: Clefable|frz
|
|-heal|p1a: Clefable|72/100 frz|[from] item: Leftovers
|-damage|p2a: Manaphy|48/100|[from] Leech Seed|[of] p1a: Clefable
|-heal|p1a: Clefable|82/100 frz|[silent]
|upkeep
|turn|16
|l| firecharmander004
|inactive|Jlenny8 has 120 seconds left.
|c|☆Jlenny8|This some bs icebeam freezes so often now wtf
|
|t:|1758292782
|switch|p2a: Araquanid|Araquanid, M|88/100
|-activate|p2a: Araquanid|move: Sticky Web
|-unboost|p2a: Araquanid|spe|1
|cant|p1a: Clefable|frz
|
|-heal|p1a: Clefable|88/100 frz|[from] item: Leftovers
|upkeep
|turn|17
|l|☆AnOriginalName3
|inactive|AnOriginalName3 disconnected and has a minute to reconnect!
|player|p2|
|inactive|Jlenny8 has 120 seconds left.
|j|☆AnOriginalName3
|inactive|AnOriginalName3 reconnected and has 145 seconds left.
|player|p2|AnOriginalName3|2|
|
|t:|1758292797
|switch|p1a: Incineroar|Incineroar, F|65/100
|-ability|p1a: Incineroar|Intimidate|boost
|-unboost|p2a: Araquanid|atk|1
|move|p2a: Araquanid|Sticky Web|p1a: Incineroar
|-sidestart|p1: Jlenny8|move: Sticky Web
|
|-heal|p1a: Incineroar|72/100|[from] item: Leftovers
|upkeep
|turn|18
|inactive|Jlenny8 has 120 seconds left.
|
|t:|1758292805
|move|p1a: Incineroar|Fake Out|p2a: Araquanid
|-damage|p2a: Araquanid|77/100
|cant|p2a: Araquanid|flinch
|
|-heal|p1a: Incineroar|78/100|[from] item: Leftovers
|upkeep
|turn|19
|l|☆AnOriginalName3
|inactive|AnOriginalName3 disconnected and has a minute to reconnect!
|player|p2|
|j|☆AnOriginalName3
|inactive|AnOriginalName3 reconnected and has 120 seconds left.
|player|p2|AnOriginalName3|2|
|
|t:|1758292842
|switch|p2a: Manaphy|Manaphy|48/100
|move|p1a: Incineroar|Darkest Lariat|p2a: Manaphy
|-damage|p2a: Manaphy|17/100
|
|-heal|p1a: Incineroar|84/100|[from] item: Leftovers
|upkeep
|turn|20
|inactive|AnOriginalName3 has 120 seconds left.
|
|t:|1758292856
|switch|p1a: Ogerpon|Ogerpon-Wellspring, F|32/100
|-activate|p1a: Ogerpon|move: Sticky Web
|-unboost|p1a: Ogerpon|spe|1
|move|p2a: Manaphy|Surf|p1a: Ogerpon
|-heal|p1a: Ogerpon|57/100|[from] ability: Water Absorb|[of] p2a: Manaphy
|
|upkeep
|turn|21
|
|t:|1758292867
|move|p2a: Manaphy|Ice Beam|p1a: Ogerpon
|-damage|p1a: Ogerpon|26/100
|move|p1a: Ogerpon|Horn Leech|p2a: Manaphy
|-supereffective|p2a: Manaphy
|-damage|p2a: Manaphy|0 fnt
|-heal|p1a: Ogerpon|36/100|[from] drain|[of] p2a: Manaphy
|faint|p2a: Manaphy
|
|upkeep
|inactive|AnOriginalName3 has 120 seconds left.
|
|t:|1758292880
|switch|p2a: Great Tusk|Great Tusk|100/100
|turn|22
|inactive|Jlenny8 has 120 seconds left.
|
|t:|1758292911
|switch|p1a: Incineroar|Incineroar, F|84/100
|-activate|p1a: Incineroar|move: Sticky Web
|-unboost|p1a: Incineroar|spe|1
|-ability|p1a: Incineroar|Intimidate|boost
|-unboost|p2a: Great Tusk|atk|1
|move|p2a: Great Tusk|Close Combat|p1a: Incineroar
|-supereffective|p1a: Incineroar
|-damage|p1a: Incineroar|3/100
|-unboost|p2a: Great Tusk|def|1
|-unboost|p2a: Great Tusk|spd|1
|
|-heal|p1a: Incineroar|9/100|[from] item: Leftovers
|upkeep
|turn|23
|inactive|Jlenny8 has 120 seconds left.
|
|t:|1758292927
|move|p1a: Incineroar|Fake Out|p2a: Great Tusk
|-damage|p2a: Great Tusk|89/100
|cant|p2a: Great Tusk|flinch
|
|-heal|p1a: Incineroar|15/100|[from] item: Leftovers
|upkeep
|turn|24
|l|☆AnOriginalName3
|inactive|AnOriginalName3 disconnected and has a minute to reconnect!
|player|p2|
|j|☆AnOriginalName3
|inactive|AnOriginalName3 reconnected and has 120 seconds left.
|player|p2|AnOriginalName3|2|
|
|t:|1758292955
|move|p2a: Great Tusk|Rapid Spin|p1a: Incineroar
|-damage|p1a: Incineroar|3/100
|-boost|p2a: Great Tusk|spe|1
|-sideend|p2: AnOriginalName3|Sticky Web|[from] move: Rapid Spin|[of] p2a: Great Tusk
|move|p1a: Incineroar|Parting Shot|p2a: Great Tusk
|-unboost|p2a: Great Tusk|atk|1
|-unboost|p2a: Great Tusk|spa|1
|inactive|Jlenny8 has 90 seconds left.
|
|t:|1758292985
|switch|p1a: Cinderace|Cinderace, M|100/100|[from] Parting Shot
|
|upkeep
|turn|25
|inactive|Jlenny8 has 90 seconds left.
|inactive|AnOriginalName3 has 120 seconds left.
|
|t:|1758293006
|move|p2a: Great Tusk|Headlong Rush|p1a: Cinderace
|-supereffective|p1a: Cinderace
|-damage|p1a: Cinderace|2/100
|-unboost|p2a: Great Tusk|def|1
|-unboost|p2a: Great Tusk|spd|1
|move|p1a: Cinderace|Court Change|p1a: Cinderace
|-start|p1a: Cinderace|typechange|Normal|[from] ability: Libero
|-swapsideconditions
|-activate|p1a: Cinderace|move: Court Change
|
|upkeep
|turn|26
|inactive|Jlenny8 has 90 seconds left.
|
|t:|1758293016
|switch|p1a: Dragapult|Dragapult, M|100/100
|move|p2a: Great Tusk|Ice Spinner|p1a: Dragapult
|-supereffective|p1a: Dragapult
|-damage|p1a: Dragapult|63/100
|
|upkeep
|turn|27
|
|t:|1758293023
|-end|p2a: Great Tusk|Protosynthesis|[silent]
|switch|p2a: Araquanid|Araquanid, M|77/100
|-activate|p2a: Araquanid|move: Sticky Web
|-unboost|p2a: Araquanid|spe|1
|move|p1a: Dragapult|Shadow Ball|p2a: Araquanid
|-crit|p2a: Araquanid
|-damage|p2a: Araquanid|37/100
|
|upkeep
|turn|28
|
|t:|1758293035
|move|p1a: Dragapult|Draco Meteor|p2a: Araquanid
|-damage|p2a: Araquanid|0 fnt
|-unboost|p1a: Dragapult|spa|2
|faint|p2a: Araquanid
|
|upkeep
|
|t:|1758293043
|switch|p2a: Great Tusk|Great Tusk|89/100
|turn|29
|
|t:|1758293054
|switch|p1a: Incineroar|Incineroar, F|3/100
|-ability|p1a: Incineroar|Intimidate|boost
|-unboost|p2a: Great Tusk|atk|1
|move|p2a: Great Tusk|Ice Spinner|p1a: Incineroar
|-resisted|p1a: Incineroar
|-damage|p1a: Incineroar|0 fnt
|faint|p1a: Incineroar
|
|upkeep
|
|t:|1758293065
|switch|p1a: Kingambit|Kingambit, F|100/100
|-activate|p1a: Kingambit|ability: Supreme Overlord
|-start|p1a: Kingambit|fallen1|[silent]
|-item|p1a: Kingambit|Air Balloon
|turn|30
|
|t:|1758293073
|move|p2a: Great Tusk|Close Combat|p1a: Kingambit
|-supereffective|p1a: Kingambit
|-damage|p1a: Kingambit|0 fnt
|-unboost|p2a: Great Tusk|def|1
|-unboost|p2a: Great Tusk|spd|1
|-enditem|p1a: Kingambit|Air Balloon
|faint|p1a: Kingambit
|-end|p1a: Kingambit|fallen1|[silent]
|
|upkeep
|
|t:|1758293083
|switch|p1a: Ogerpon|Ogerpon-Wellspring, F|36/100
|turn|31
|
|t:|1758293087
|-end|p2a: Great Tusk|Protosynthesis|[silent]
|switch|p2a: Iron Crown|Iron Crown|100/100
|-activate|p2a: Iron Crown|move: Sticky Web
|-unboost|p2a: Iron Crown|spe|1
|move|p1a: Ogerpon|Horn Leech|p2a: Iron Crown
|-resisted|p2a: Iron Crown
|-damage|p2a: Iron Crown|78/100
|-heal|p1a: Ogerpon|48/100|[from] drain|[of] p2a: Iron Crown
|
|upkeep
|turn|32
|inactive|Jlenny8 has 120 seconds left.
|
|t:|1758293097
|move|p1a: Ogerpon|U-turn|p2a: Iron Crown
|-damage|p2a: Iron Crown|48/100
|
|t:|1758293100
|switch|p1a: Clefable|Clefable, M|88/100 frz|[from] U-turn
|move|p2a: Iron Crown|Psychic Noise|p1a: Clefable
|-damage|p1a: Clefable|55/100 frz
|-start|p1a: Clefable|move: Heal Block
|
|upkeep
|turn|33
|
|t:|1758293109
|move|p2a: Iron Crown|Volt Switch|p1a: Clefable
|-damage|p1a: Clefable|32/100 frz
|
|t:|1758293110
|-end|p2a: Iron Crown|Quark Drive|[silent]
|switch|p2a: Great Tusk|Great Tusk|89/100|[from] Volt Switch
|cant|p1a: Clefable|frz
|
|-end|p1a: Clefable|move: Heal Block
|upkeep
|turn|34
|
|t:|1758293119
|move|p2a: Great Tusk|Ice Spinner|p1a: Clefable
|-damage|p1a: Clefable|9/100 frz
|cant|p1a: Clefable|frz
|
|-heal|p1a: Clefable|15/100 frz|[from] item: Leftovers
|upkeep
|turn|35
|
|t:|1758293129
|move|p2a: Great Tusk|Rapid Spin|p1a: Clefable
|-damage|p1a: Clefable|3/100 frz
|-boost|p2a: Great Tusk|spe|1
|-sideend|p2: AnOriginalName3|Sticky Web|[from] move: Rapid Spin|[of] p2a: Great Tusk
|cant|p1a: Clefable|frz
|
|-heal|p1a: Clefable|9/100 frz|[from] item: Leftovers
|upkeep
|turn|36
|
|t:|1758293137
|move|p2a: Great Tusk|Ice Spinner|p1a: Clefable
|-damage|p1a: Clefable|0 fnt
|faint|p1a: Clefable
|
|upkeep
|
|t:|1758293142
|switch|p1a: Ogerpon|Ogerpon-Wellspring, F|48/100
|turn|37
|
|t:|1758293155
|move|p2a: Great Tusk|Close Combat|p1a: Ogerpon
|-crit|p1a: Ogerpon
|-damage|p1a: Ogerpon|0 fnt
|-unboost|p2a: Great Tusk|def|1
|-unboost|p2a: Great Tusk|spd|1
|faint|p1a: Ogerpon
|
|upkeep
|
|t:|1758293162
|switch|p1a: Dragapult|Dragapult, M|63/100
|turn|38
|
|t:|1758293168
|-terastallize|p1a: Dragapult|Fairy
|move|p2a: Great Tusk|Headlong Rush|p1a: Dragapult
|-damage|p1a: Dragapult|0 fnt
|-unboost|p2a: Great Tusk|def|1
|-unboost|p2a: Great Tusk|spd|1
|faint|p1a: Dragapult
|
|upkeep
|
|t:|1758293177
|switch|p1a: Cinderace|Cinderace, M|2/100
|turn|39
|-message|Jlenny8 forfeited.
|
|win|AnOriginalName3
|raw|Jlenny8's rating: 1449 &rarr; <strong>1427</strong><br />(-22 for losing)
|raw|AnOriginalName3's rating: 1421 &rarr; <strong>1443</strong><br />(+22 for winning)
|l|☆AnOriginalName3
|player|p2|
|l|☆Jlenny8
|player|p1|
