|j|☆zfr Tiger8542
|j|☆PapsIGuess31
|t:|1758265156
|gametype|singles
|player|p1|zfr Tiger8542|red|1198
|player|p2|PapsIGuess31|ingo|1243
|gen|9
|tier|[Gen 9] OU
|rated|
|rule|HP Percentage Mod: HP is shown in percentages
|rule|Endless Battle Clause: Forcing endless battles is banned
|rule|Species Clause: Limit one of each Pokémon
|rule|OHKO Clause: OHKO moves are banned
|rule|Evasion Items Clause: Evasion items are banned
|rule|Evasion Moves Clause: Evasion moves are banned
|rule|Evasion Abilities Clause: Evasion abilities are banned
|rule|Sleep Moves Clause: Sleep-inducing moves are banned
|clearpoke
|poke|p1|Landorus-Therian, M|
|poke|p1|Gholdengo|
|poke|p1|Samurott-Hisui, F|
|poke|p1|Zamazenta-*|
|poke|p1|Scizor, F|
|poke|p1|Dragapult, F|
|poke|p2|Hydrapple, M|
|poke|p2|Dragapult, M|
|poke|p2|Tinkaton, F|
|poke|p2|Blaziken, M|
|poke|p2|Oricorio-Pom-Pom, M|
|poke|p2|Crawdaunt, M|
|teampreview
|c|☆PapsIGuess31|glhf1
|
|t:|1758265161
|teamsize|p1|6
|teamsize|p2|6
|start
|switch|p1a: Landorus|Landorus-Therian, M|100/100
|switch|p2a: Oricorio|Oricorio-Pom-Pom, M|100/100
|-ability|p1a: Landorus|Intimidate|boost
|-unboost|p2a: Oricorio|atk|1
|turn|1
|
|t:|1758265171
|move|p1a: Landorus|Stealth Rock|p2a: Oricorio
|-sidestart|p2: PapsIGuess31|move: Stealth Rock
|move|p2a: Oricorio|Quiver Dance|p2a: Oricorio
|-boost|p2a: Oricorio|spa|1
|-boost|p2a: Oricorio|spd|1
|-boost|p2a: Oricorio|spe|1
|
|upkeep
|turn|2
|
|t:|1758265177
|move|p2a: Oricorio|Air Slash|p1a: Landorus
|-damage|p1a: Landorus|59/100
|move|p1a: Landorus|Taunt|p2a: Oricorio
|-start|p2a: Oricorio|move: Taunt
|
|upkeep
|turn|3
|
|t:|1758265187
|move|p2a: Oricorio|Air Slash|p1a: Landorus
|-damage|p1a: Landorus|16/100
|move|p1a: Landorus|U-turn|p2a: Oricorio
|-resisted|p2a: Oricorio
|-damage|p2a: Oricorio|90/100
|
|t:|1758265197
|switch|p1a: Dragapult|Dragapult, F|100/100|[from] U-turn
|
|-heal|p2a: Oricorio|96/100|[from] item: Leftovers
|upkeep
|turn|4
|
|t:|1758265205
|move|p1a: Dragapult|Draco Meteor|p2a: Oricorio
|-damage|p2a: Oricorio|50/100
|-unboost|p1a: Dragapult|spa|2
|move|p2a: Oricorio|Air Slash|p1a: Dragapult|[miss]
|-miss|p2a: Oricorio|p1a: Dragapult
|
|-heal|p2a: Oricorio|57/100|[from] item: Leftovers
|upkeep
|turn|5
|
|t:|1758265215
|move|p1a: Dragapult|Will-O-Wisp|p2a: Oricorio
|-status|p2a: Oricorio|brn
|move|p2a: Oricorio|Air Slash|p1a: Dragapult
|-damage|p1a: Dragapult|53/100
|
|-heal|p2a: Oricorio|63/100 brn|[from] item: Leftovers
|-damage|p2a: Oricorio|57/100 brn|[from] brn
|-end|p2a: Oricorio|move: Taunt
|upkeep
|turn|6
|
|t:|1758265226
|move|p1a: Dragapult|U-turn|p2a: Oricorio
|-resisted|p2a: Oricorio
|-damage|p2a: Oricorio|49/100 brn
|
|t:|1758265228
|switch|p1a: Scizor|Scizor, F|100/100|[from] U-turn
|move|p2a: Oricorio|Roost|p2a: Oricorio
|-heal|p2a: Oricorio|99/100 brn
|-singleturn|p2a: Oricorio|move: Roost
|
|-heal|p2a: Oricorio|100/100 brn|[from] item: Leftovers
|-damage|p2a: Oricorio|94/100 brn|[from] brn
|upkeep
|turn|7
|
|t:|1758265240
|move|p2a: Oricorio|Quiver Dance|p2a: Oricorio
|-boost|p2a: Oricorio|spa|1
|-boost|p2a: Oricorio|spd|1
|-boost|p2a: Oricorio|spe|1
|move|p1a: Scizor|Knock Off|p2a: Oricorio
|-damage|p2a: Oricorio|62/100 brn
|-enditem|p2a: Oricorio|Leftovers|[from] move: Knock Off|[of] p1a: Scizor
|
|-damage|p2a: Oricorio|56/100 brn|[from] brn
|upkeep
|turn|8
|
|t:|1758265251
|move|p2a: Oricorio|Air Slash|p1a: Scizor
|-damage|p1a: Scizor|38/100
|move|p1a: Scizor|Swords Dance|p1a: Scizor
|-boost|p1a: Scizor|atk|2
|-activate|p2a: Oricorio|ability: Dancer
|move|p2a: Oricorio|Swords Dance|p2a: Oricorio|[from] ability: Dancer
|-boost|p2a: Oricorio|atk|2
|
|-damage|p2a: Oricorio|50/100 brn|[from] brn
|upkeep
|turn|9
|inactive|Battle timer is ON: inactive players will automatically lose when time's up. (requested by zfr Tiger8542)
|
|t:|1758265264
|move|p1a: Scizor|Bullet Punch|p2a: Oricorio
|-resisted|p2a: Oricorio
|-damage|p2a: Oricorio|21/100 brn
|move|p2a: Oricorio|Roost|p2a: Oricorio
|-heal|p2a: Oricorio|71/100 brn
|-singleturn|p2a: Oricorio|move: Roost
|
|-damage|p2a: Oricorio|65/100 brn|[from] brn
|upkeep
|turn|10
|
|t:|1758265274
|move|p1a: Scizor|Bullet Punch|p2a: Oricorio
|-resisted|p2a: Oricorio
|-damage|p2a: Oricorio|34/100 brn
|move|p2a: Oricorio|Air Slash|p1a: Scizor
|-damage|p1a: Scizor|0 fnt
|faint|p1a: Scizor
|
|-damage|p2a: Oricorio|28/100 brn|[from] brn
|upkeep
|
|t:|1758265284
|switch|p1a: Dragapult|Dragapult, F|53/100
|turn|11
|
|t:|1758265288
|move|p2a: Oricorio|Air Slash|p1a: Dragapult
|-damage|p1a: Dragapult|0 fnt
|faint|p1a: Dragapult
|
|-damage|p2a: Oricorio|22/100 brn|[from] brn
|upkeep
|-message|zfr Tiger8542 forfeited.
|
|win|PapsIGuess31
|raw|zfr Tiger8542's rating: 1198 &rarr; <strong>1176</strong><br />(-22 for losing)
|raw|PapsIGuess31's rating: 1243 &rarr; <strong>1265</strong><br />(+22 for winning)
|l|☆zfr Tiger8542
|player|p1|
|l|☆PapsIGuess31
|player|p2|
