|j|☆kabutopzboy
|j|☆ohgabooga
|t:|1758257432
|gametype|singles
|player|p1|kabutopzboy|volkner|1303
|player|p2|ohgabooga|2|1366
|gen|9
|tier|[Gen 9] OU
|rated|
|rule|HP Percentage Mod: HP is shown in percentages
|rule|Endless Battle Clause: Forcing endless battles is banned
|rule|Species Clause: Limit one of each Pokémon
|rule|OHKO Clause: OHKO moves are banned
|rule|Evasion Items Clause: Evasion items are banned
|rule|Evasion Moves Clause: Evasion moves are banned
|rule|Evasion Abilities Clause: Evasion abilities are banned
|rule|Sleep Moves Clause: Sleep-inducing moves are banned
|clearpoke
|poke|p1|Dragapult, M|
|poke|p1|Dragonite, F|
|poke|p1|Ogerpon, F|
|poke|p1|Ribombee, M|
|poke|p1|Cinderace, F|
|poke|p1|Bisharp, M|
|poke|p2|Amoonguss, F|
|poke|p2|Dondozo, M|
|poke|p2|Blissey, F|
|poke|p2|Clodsire, F|
|poke|p2|Clefable, M|
|poke|p2|Gliscor, M|
|teampreview
|
|t:|1758257440
|teamsize|p1|6
|teamsize|p2|6
|start
|switch|p1a: Dragonite|Dragonite, F|100/100
|switch|p2a: Gliscor|Gliscor, M|100/100
|turn|1
|
|t:|1758257446
|move|p2a: Gliscor|Protect|p2a: Gliscor
|-singleturn|p2a: Gliscor|Protect
|move|p1a: Dragonite|Dragon Dance|p1a: Dragonite
|-boost|p1a: Dragonite|atk|1
|-boost|p1a: Dragonite|spe|1
|
|-status|p2a: Gliscor|tox|[from] item: Toxic Orb
|upkeep
|turn|2
|
|t:|1758257458
|switch|p2a: Dondozo|Dondozo, M|100/100
|move|p1a: Dragonite|Ice Spinner|p2a: Dondozo
|-resisted|p2a: Dondozo
|-damage|p2a: Dondozo|95/100
|
|upkeep
|turn|3
|
|t:|1758257476
|switch|p1a: Dragapult|Dragapult, M|100/100
|move|p2a: Dondozo|Avalanche|p1a: Dragapult
|-supereffective|p1a: Dragapult
|-damage|p1a: Dragapult|73/100
|-enditem|p1a: Dragapult|Weakness Policy
|-boost|p1a: Dragapult|atk|2|[from] item: Weakness Policy
|-boost|p1a: Dragapult|spa|2|[from] item: Weakness Policy
|
|upkeep
|turn|4
|
|t:|1758257491
|switch|p2a: Clodsire|Clodsire, F|100/100
|move|p1a: Dragapult|Will-O-Wisp|p2a: Clodsire
|-status|p2a: Clodsire|brn
|
|-damage|p2a: Clodsire|94/100 brn|[from] brn
|upkeep
|turn|5
|
|t:|1758257500
|move|p1a: Dragapult|Hex|p2a: Clodsire
|-damage|p2a: Clodsire|72/100 brn
|move|p2a: Clodsire|Toxic|p1a: Dragapult
|-status|p1a: Dragapult|tox
|
|-damage|p1a: Dragapult|67/100 tox|[from] psn
|-damage|p2a: Clodsire|66/100 brn|[from] brn
|upkeep
|turn|6
|
|t:|1758257509
|switch|p1a: Bisharp|Bisharp, M|100/100
|move|p2a: Clodsire|Amnesia|p2a: Clodsire
|-boost|p2a: Clodsire|spd|2
|
|-damage|p2a: Clodsire|60/100 brn|[from] brn
|upkeep
|turn|7
|
|t:|1758257530
|switch|p2a: Dondozo|Dondozo, M|95/100
|move|p1a: Bisharp|Swords Dance|p1a: Bisharp
|-boost|p1a: Bisharp|atk|2
|
|upkeep
|turn|8
|
|t:|1758257550
|switch|p1a: Ribombee|Ribombee, M|100/100
|move|p2a: Dondozo|Curse|p2a: Dondozo
|-unboost|p2a: Dondozo|spe|1
|-boost|p2a: Dondozo|atk|1
|-boost|p2a: Dondozo|def|1
|
|upkeep
|turn|9
|
|t:|1758257578
|switch|p2a: Clodsire|Clodsire, F|60/100 brn
|move|p1a: Ribombee|Stun Spore|p2a: Clodsire|[miss]
|-miss|p1a: Ribombee|p2a: Clodsire
|
|-damage|p2a: Clodsire|54/100 brn|[from] brn
|upkeep
|turn|10
|
|t:|1758257596
|move|p1a: Ribombee|Sticky Web|p2a: Clodsire
|-sidestart|p2: ohgabooga|move: Sticky Web
|move|p2a: Clodsire|Toxic|p1a: Ribombee
|-status|p1a: Ribombee|tox
|
|-damage|p1a: Ribombee|94/100 tox|[from] psn
|-damage|p2a: Clodsire|48/100 brn|[from] brn
|upkeep
|turn|11
|
|t:|1758257604
|switch|p1a: Dragonite|Dragonite, F|100/100
|move|p2a: Clodsire|Recover|p2a: Clodsire
|-heal|p2a: Clodsire|98/100 brn
|
|-damage|p2a: Clodsire|92/100 brn|[from] brn
|upkeep
|turn|12
|
|t:|1758257613
|switch|p2a: Dondozo|Dondozo, M|95/100
|move|p1a: Dragonite|Dragon Dance|p1a: Dragonite
|-boost|p1a: Dragonite|atk|1
|-boost|p1a: Dragonite|spe|1
|
|upkeep
|turn|13
|
|t:|1758257622
|switch|p1a: Cinderace|Cinderace, F|100/100
|move|p2a: Dondozo|Avalanche|p1a: Cinderace
|-resisted|p1a: Cinderace
|-damage|p1a: Cinderace|91/100
|
|upkeep
|turn|14
|
|t:|1758257631
|move|p1a: Cinderace|Court Change|p1a: Cinderace
|-start|p1a: Cinderace|typechange|Normal|[from] ability: Libero
|-swapsideconditions
|-activate|p1a: Cinderace|move: Court Change
|move|p2a: Dondozo|Curse|p2a: Dondozo
|-unboost|p2a: Dondozo|spe|1
|-boost|p2a: Dondozo|atk|1
|-boost|p2a: Dondozo|def|1
|
|upkeep
|turn|15
|
|t:|1758257640
|switch|p1a: Dragapult|Dragapult, M|67/100 tox
|-activate|p1a: Dragapult|move: Sticky Web
|-unboost|p1a: Dragapult|spe|1
|move|p2a: Dondozo|Avalanche|p1a: Dragapult
|-supereffective|p1a: Dragapult
|-damage|p1a: Dragapult|27/100 tox
|
|-damage|p1a: Dragapult|21/100 tox|[from] psn
|upkeep
|turn|16
|
|t:|1758257656
|switch|p2a: Blissey|Blissey, F|100/100
|move|p1a: Dragapult|Will-O-Wisp|p2a: Blissey
|-status|p2a: Blissey|brn
|
|-damage|p1a: Dragapult|9/100 tox|[from] psn
|-damage|p2a: Blissey|94/100 brn|[from] brn
|upkeep
|turn|17
|
|t:|1758257665
|move|p1a: Dragapult|Dragon Darts|p2a: Blissey
|-damage|p2a: Blissey|75/100 brn
|-anim|p1a: Dragapult|Dragon Darts|p2a: Blissey
|-damage|p2a: Blissey|56/100 brn
|move|p2a: Blissey|Stealth Rock|p1a: Dragapult
|-sidestart|p1: kabutopzboy|move: Stealth Rock
|
|-damage|p1a: Dragapult|0 fnt|[from] psn
|faint|p1a: Dragapult
|-damage|p2a: Blissey|50/100 brn|[from] brn
|upkeep
|
|t:|1758257675
|switch|p1a: Ogerpon|Ogerpon, F|100/100
|-activate|p1a: Ogerpon|move: Sticky Web
|-unboost|p1a: Ogerpon|spe|1
|-ability|p1a: Ogerpon|Defiant|boost
|-boost|p1a: Ogerpon|atk|2
|-damage|p1a: Ogerpon|88/100|[from] Stealth Rock
|turn|18
|
|t:|1758257685
|-curestatus|p2a: Blissey|brn|[from] ability: Natural Cure
|switch|p2a: Goat|Amoonguss, F|100/100
|move|p1a: Ogerpon|Ivy Cudgel|p2a: Goat
|-resisted|p2a: Goat
|-damage|p2a: Goat|81/100
|
|upkeep
|turn|19
|
|t:|1758257699
|switch|p1a: Bisharp|Bisharp, M|100/100
|-activate|p1a: Bisharp|move: Sticky Web
|-unboost|p1a: Bisharp|spe|1
|-ability|p1a: Bisharp|Defiant|boost
|-boost|p1a: Bisharp|atk|2
|-damage|p1a: Bisharp|95/100|[from] Stealth Rock
|move|p2a: Goat|Clear Smog|p1a: Bisharp
|-immune|p1a: Bisharp
|
|upkeep
|turn|20
|
|t:|1758257713
|switch|p2a: Dondozo|Dondozo, M|95/100
|move|p1a: Bisharp|Iron Head|p2a: Dondozo
|-resisted|p2a: Dondozo
|-damage|p2a: Dondozo|85/100
|
|upkeep
|turn|21
|
|t:|1758257723
|switch|p1a: Ogerpon|Ogerpon, F|88/100
|-activate|p1a: Ogerpon|move: Sticky Web
|-unboost|p1a: Ogerpon|spe|1
|-ability|p1a: Ogerpon|Defiant|boost
|-boost|p1a: Ogerpon|atk|2
|-damage|p1a: Ogerpon|76/100|[from] Stealth Rock
|move|p2a: Dondozo|Curse|p2a: Dondozo
|-unboost|p2a: Dondozo|spe|1
|-boost|p2a: Dondozo|atk|1
|-boost|p2a: Dondozo|def|1
|
|upkeep
|turn|22
|
|t:|1758257734
|-terastallize|p1a: Ogerpon|Grass
|detailschange|p1a: Ogerpon|Ogerpon-Teal-Tera, F, tera:Grass
|-ability|p1a: Ogerpon|Embody Aspect (Teal)|boost
|-boost|p1a: Ogerpon|spe|1
|move|p1a: Ogerpon|Ivy Cudgel|p2a: Dondozo
|-supereffective|p2a: Dondozo
|-damage|p2a: Dondozo|45/100
|move|p2a: Dondozo|Curse|p2a: Dondozo
|-unboost|p2a: Dondozo|spe|1
|-boost|p2a: Dondozo|atk|1
|-boost|p2a: Dondozo|def|1
|
|upkeep
|turn|23
|
|t:|1758257747
|move|p1a: Ogerpon|Swords Dance|p1a: Ogerpon
|-boost|p1a: Ogerpon|atk|2
|move|p2a: Dondozo|Avalanche|p1a: Ogerpon
|-supereffective|p1a: Ogerpon
|-damage|p1a: Ogerpon|4/100
|-enditem|p1a: Ogerpon|Salac Berry|[eat]
|-boost|p1a: Ogerpon|spe|1|[from] item: Salac Berry
|
|upkeep
|turn|24
|
|t:|1758257767
|-terastallize|p2a: Dondozo|Fighting
|move|p1a: Ogerpon|Ivy Cudgel|p2a: Dondozo
|-damage|p2a: Dondozo|31/100
|move|p2a: Dondozo|Avalanche|p1a: Ogerpon
|-supereffective|p1a: Ogerpon
|-damage|p1a: Ogerpon|0 fnt
|faint|p1a: Ogerpon
|detailschange|p1: Ogerpon|Ogerpon, F|[silent]
|
|upkeep
|
|t:|1758257776
|switch|p1a: Dragonite|Dragonite, F|100/100
|-damage|p1a: Dragonite|75/100|[from] Stealth Rock
|turn|25
|
|t:|1758257780
|move|p1a: Dragonite|Hurricane|p2a: Dondozo
|-supereffective|p2a: Dondozo
|-damage|p2a: Dondozo|0 fnt
|faint|p2a: Dondozo
|
|upkeep
|
|t:|1758257797
|switch|p2a: Clefable|Clefable, M|100/100
|turn|26
|
|t:|1758257805
|switch|p1a: Cinderace|Cinderace, F|91/100
|move|p2a: Clefable|Moonblast|p1a: Cinderace
|-resisted|p1a: Cinderace
|-damage|p1a: Cinderace|68/100
|
|upkeep
|turn|27
|
|t:|1758257813
|move|p1a: Cinderace|Court Change|p1a: Cinderace
|-start|p1a: Cinderace|typechange|Normal|[from] ability: Libero
|-swapsideconditions
|-activate|p1a: Cinderace|move: Court Change
|move|p2a: Clefable|Knock Off|p1a: Cinderace
|-damage|p1a: Cinderace|48/100
|-enditem|p1a: Cinderace|Heavy-Duty Boots|[from] move: Knock Off|[of] p2a: Clefable
|
|upkeep
|turn|28
|
|t:|1758257834
|switch|p2a: Gliscor|Gliscor, M|100/100 tox
|-damage|p2a: Gliscor|88/100 tox|[from] Stealth Rock
|move|p1a: Cinderace|Gunk Shot|p2a: Gliscor
|-resisted|p2a: Gliscor
|-damage|p2a: Gliscor|72/100 tox
|
|-heal|p2a: Gliscor|85/100 tox|[from] ability: Poison Heal
|upkeep
|turn|29
|
|t:|1758257843
|switch|p1a: Ribombee|Ribombee, M|94/100 tox
|move|p2a: Gliscor|Spikes|p1a: Ribombee
|-sidestart|p1: kabutopzboy|Spikes
|
|-damage|p1a: Ribombee|88/100 tox|[from] psn
|-heal|p2a: Gliscor|97/100 tox|[from] ability: Poison Heal
|upkeep
|turn|30
|
|t:|1758257852
|move|p2a: Gliscor|Protect|p2a: Gliscor
|-singleturn|p2a: Gliscor|Protect
|move|p1a: Ribombee|U-turn|p2a: Gliscor
|-activate|p2a: Gliscor|move: Protect
|
|-damage|p1a: Ribombee|76/100 tox|[from] psn
|-heal|p2a: Gliscor|100/100 tox|[from] ability: Poison Heal
|upkeep
|turn|31
|
|t:|1758257874
|move|p1a: Ribombee|Moonblast|p2a: Gliscor
|-damage|p2a: Gliscor|65/100 tox
|move|p2a: Gliscor|Knock Off|p1a: Ribombee
|-resisted|p1a: Ribombee
|-damage|p1a: Ribombee|56/100 tox
|-enditem|p1a: Ribombee|Focus Sash|[from] move: Knock Off|[of] p2a: Gliscor
|
|-damage|p1a: Ribombee|38/100 tox|[from] psn
|-heal|p2a: Gliscor|77/100 tox|[from] ability: Poison Heal
|upkeep
|turn|32
|
|t:|1758257884
|switch|p1a: Dragonite|Dragonite, F|75/100
|move|p2a: Gliscor|Protect||[still]
|-fail|p2a: Gliscor
|
|-heal|p2a: Gliscor|90/100 tox|[from] ability: Poison Heal
|upkeep
|turn|33
|
|t:|1758257894
|switch|p2a: Clefable|Clefable, M|100/100
|-activate|p2a: Clefable|move: Sticky Web
|-unboost|p2a: Clefable|spe|1
|move|p1a: Dragonite|Dragon Dance|p1a: Dragonite
|-boost|p1a: Dragonite|atk|1
|-boost|p1a: Dragonite|spe|1
|
|upkeep
|turn|34
|
|t:|1758257913
|switch|p1a: Bisharp|Bisharp, M|95/100
|-damage|p1a: Bisharp|82/100|[from] Spikes
|move|p2a: Clefable|Moonblast|p1a: Bisharp
|-damage|p1a: Bisharp|56/100
|-unboost|p1a: Bisharp|spa|1
|-ability|p1a: Bisharp|Defiant|boost
|-boost|p1a: Bisharp|atk|2
|
|upkeep
|turn|35
|
|t:|1758257939
|switch|p2a: Gliscor|Gliscor, M|90/100 tox
|-damage|p2a: Gliscor|77/100 tox|[from] Stealth Rock
|move|p1a: Bisharp|Swords Dance|p1a: Bisharp
|-boost|p1a: Bisharp|atk|2
|
|-heal|p2a: Gliscor|90/100 tox|[from] ability: Poison Heal
|upkeep
|turn|36
|
|t:|1758257949
|move|p1a: Bisharp|Sucker Punch|p2a: Gliscor
|-damage|p2a: Gliscor|6/100 tox
|move|p2a: Gliscor|Earthquake|p1a: Bisharp
|-supereffective|p1a: Bisharp
|-damage|p1a: Bisharp|0 fnt
|faint|p1a: Bisharp
|
|-heal|p2a: Gliscor|19/100 tox|[from] ability: Poison Heal
|upkeep
|c|☆kabutopzboy|man i would had this game
|
|t:|1758257965
|switch|p1a: Dragonite|Dragonite, F|75/100
|turn|37
|
|t:|1758257968
|move|p2a: Gliscor|Protect|p2a: Gliscor
|-singleturn|p2a: Gliscor|Protect
|move|p1a: Dragonite|Dragon Dance|p1a: Dragonite
|-boost|p1a: Dragonite|atk|1
|-boost|p1a: Dragonite|spe|1
|
|-heal|p2a: Gliscor|31/100 tox|[from] ability: Poison Heal
|upkeep
|turn|38
|
|t:|1758257979
|switch|p2a: Clefable|Clefable, M|100/100
|-activate|p2a: Clefable|move: Sticky Web
|-unboost|p2a: Clefable|spe|1
|move|p1a: Dragonite|Ice Spinner|p2a: Clefable
|-damage|p2a: Clefable|70/100
|
|-heal|p2a: Clefable|76/100|[from] item: Leftovers
|upkeep
|turn|39
|
|t:|1758257998
|move|p1a: Dragonite|Earthquake|p2a: Clefable
|-damage|p2a: Clefable|38/100
|move|p2a: Clefable|Moonblast|p1a: Dragonite
|-supereffective|p1a: Dragonite
|-crit|p1a: Dragonite
|-damage|p1a: Dragonite|0 fnt
|faint|p1a: Dragonite
|
|-heal|p2a: Clefable|44/100|[from] item: Leftovers
|upkeep
|
|t:|1758258007
|switch|p1a: Cinderace|Cinderace, F|48/100
|-damage|p1a: Cinderace|36/100|[from] Spikes
|turn|40
|
|t:|1758258013
|move|p1a: Cinderace|Pyro Ball|p2a: Clefable
|-damage|p2a: Clefable|2/100
|move|p2a: Clefable|Moonlight|p2a: Clefable
|-heal|p2a: Clefable|52/100
|
|-heal|p2a: Clefable|58/100|[from] item: Leftovers
|upkeep
|turn|41
|
|t:|1758258021
|move|p1a: Cinderace|Gunk Shot|p2a: Clefable
|-start|p1a: Cinderace|typechange|Poison|[from] ability: Libero
|-supereffective|p2a: Clefable
|-damage|p2a: Clefable|0 fnt
|faint|p2a: Clefable
|
|upkeep
|
|t:|1758258030
|switch|p2a: Gliscor|Gliscor, M|31/100 tox
|-damage|p2a: Gliscor|19/100 tox|[from] Stealth Rock
|turn|42
|
|t:|1758258038
|move|p2a: Gliscor|Protect|p2a: Gliscor
|-singleturn|p2a: Gliscor|Protect
|move|p1a: Cinderace|Pyro Ball|p2a: Gliscor
|-activate|p2a: Gliscor|move: Protect
|
|-heal|p2a: Gliscor|31/100 tox|[from] ability: Poison Heal
|upkeep
|turn|43
|
|t:|1758258046
|move|p1a: Cinderace|Pyro Ball|p2a: Gliscor
|-damage|p2a: Gliscor|0 fnt
|faint|p2a: Gliscor
|
|upkeep
|
|t:|1758258058
|switch|p2a: Goat|Amoonguss, F|100/100
|turn|44
|
|t:|1758258062
|move|p1a: Cinderace|Pyro Ball|p2a: Goat
|-supereffective|p2a: Goat
|-damage|p2a: Goat|41/100
|-status|p2a: Goat|brn
|move|p2a: Goat|Foul Play|p1a: Cinderace
|-damage|p1a: Cinderace|12/100
|
|-damage|p2a: Goat|35/100 brn|[from] brn
|upkeep
|turn|45
|
|t:|1758258071
|switch|p2a: Blissey|Blissey, F|50/100
|move|p1a: Cinderace|Pyro Ball|p2a: Blissey
|-damage|p2a: Blissey|8/100
|
|upkeep
|turn|46
|
|t:|1758258078
|move|p2a: Blissey|Protect|p2a: Blissey
|-singleturn|p2a: Blissey|Protect
|move|p1a: Cinderace|Pyro Ball|p2a: Blissey
|-activate|p2a: Blissey|move: Protect
|
|upkeep
|turn|47
|
|t:|1758258085
|move|p1a: Cinderace|Pyro Ball|p2a: Blissey
|-damage|p2a: Blissey|0 fnt
|faint|p2a: Blissey
|
|upkeep
|
|t:|1758258096
|switch|p2a: Goat|Amoonguss, F|68/100 brn
|turn|48
|
|t:|1758258099
|switch|p2a: Clodsire|Clodsire, F|92/100 brn
|move|p1a: Cinderace|Pyro Ball|p2a: Clodsire|[miss]
|-miss|p1a: Cinderace|p2a: Clodsire
|
|-damage|p2a: Clodsire|86/100 brn|[from] brn
|upkeep
|turn|49
|
|t:|1758258107
|switch|p1a: Ribombee|Ribombee, M|38/100 tox
|-damage|p1a: Ribombee|26/100 tox|[from] Spikes
|move|p2a: Clodsire|Earthquake|p1a: Ribombee
|-resisted|p1a: Ribombee
|-damage|p1a: Ribombee|13/100 tox
|
|-damage|p1a: Ribombee|7/100 tox|[from] psn
|-damage|p2a: Clodsire|80/100 brn|[from] brn
|upkeep
|turn|50
|
|t:|1758258119
|move|p1a: Ribombee|Moonblast|p2a: Clodsire
|-resisted|p2a: Clodsire
|-damage|p2a: Clodsire|69/100 brn
|move|p2a: Clodsire|Recover|p2a: Clodsire
|-heal|p2a: Clodsire|100/100 brn
|
|-damage|p1a: Ribombee|0 fnt|[from] psn
|faint|p1a: Ribombee
|-damage|p2a: Clodsire|94/100 brn|[from] brn
|upkeep
|
|t:|1758258127
|switch|p1a: Cinderace|Cinderace, F|12/100
|-damage|p1a: Cinderace|0 fnt|[from] Spikes
|faint|p1a: Cinderace
|
|win|ohgabooga
|raw|kabutopzboy's rating: 1303 &rarr; <strong>1287</strong><br />(-16 for losing)
|raw|ohgabooga's rating: 1366 &rarr; <strong>1382</strong><br />(+16 for winning)
|l|☆kabutopzboy
|player|p1|
|l|☆ohgabooga
|player|p2|
