|j|☆venjazanzhes123
|j|☆ivon_neeeeeee
|t:|1758377114
|gametype|singles
|player|p1|venjazanzhes123|blue|1507
|player|p2|ivon_neeeeeee|n|1500
|gen|9
|tier|[Gen 9] OU
|rated|
|rule|HP Percentage Mod: HP is shown in percentages
|rule|Endless Battle Clause: Forcing endless battles is banned
|rule|Species Clause: Limit one of each Pokémon
|rule|OHKO Clause: OHKO moves are banned
|rule|Evasion Items Clause: Evasion items are banned
|rule|Evasion Moves Clause: Evasion moves are banned
|rule|Evasion Abilities Clause: Evasion abilities are banned
|rule|Sleep Moves Clause: Sleep-inducing moves are banned
|clearpoke
|poke|p1|Gyarados, M|
|poke|p1|Gliscor, M|
|poke|p1|Gastrodon, M|
|poke|p1|Garchomp, M|
|poke|p1|Metagross|
|poke|p1|Weavile, M|
|poke|p2|Latios, M|
|poke|p2|Ting-Lu|
|poke|p2|Gholdengo|
|poke|p2|Moltres|
|poke|p2|Weezing-Galar, F|
|poke|p2|Ogerpon-Wellspring, F|
|teampreview
|
|t:|1758377121
|teamsize|p1|6
|teamsize|p2|6
|start
|switch|p1a: Weavile|Weavile, M|100/100
|switch|p2a: Gholdengo|Gholdengo|100/100
|-ability|p1a: Weavile|Pressure
|turn|1
|
|t:|1758377130
|move|p2a: Gholdengo|Make It Rain|p1a: Weavile
|-supereffective|p1a: Weavile
|-enditem|p1a: Weavile|Focus Sash
|-damage|p1a: Weavile|1/100
|-unboost|p2a: Gholdengo|spa|1
|move|p1a: Weavile|Swords Dance|p1a: Weavile
|-boost|p1a: Weavile|atk|2
|
|upkeep
|turn|2
|
|t:|1758377139
|move|p2a: Gholdengo|Make It Rain|p1a: Weavile
|-supereffective|p1a: Weavile
|-damage|p1a: Weavile|0 fnt
|-unboost|p2a: Gholdengo|spa|1
|faint|p1a: Weavile
|
|upkeep
|
|t:|1758377149
|switch|p1a: Gliscor|Gliscor, M|100/100
|turn|3
|
|t:|1758377153
|switch|p2a: Weezing|Weezing-Galar, F|100/100
|-ability|p2a: Weezing|Neutralizing Gas
|move|p1a: Gliscor|Knock Off|p2a: Weezing
|-resisted|p2a: Weezing
|-damage|p2a: Weezing|94/100
|-enditem|p2a: Weezing|Heavy-Duty Boots|[from] move: Knock Off|[of] p1a: Gliscor
|
|-status|p1a: Gliscor|tox|[from] item: Toxic Orb
|upkeep
|turn|4
|
|t:|1758377168
|switch|p1a: Gastrodon|Gastrodon, M|100/100
|move|p2a: Weezing|Pain Split|p1a: Gastrodon
|-sethp|p1a: Gastrodon|87/100|[from] move: Pain Split|[silent]
|-sethp|p2a: Weezing|100/100|[from] move: Pain Split
|
|upkeep
|turn|5
|
|t:|1758377175
|move|p2a: Weezing|Will-O-Wisp|p1a: Gastrodon|[miss]
|-miss|p2a: Weezing|p1a: Gastrodon
|move|p1a: Gastrodon|Ice Beam|p2a: Weezing
|-damage|p2a: Weezing|74/100
|
|upkeep
|turn|6
|
|t:|1758377184
|move|p2a: Weezing|Pain Split|p1a: Gastrodon
|-sethp|p1a: Gastrodon|73/100|[from] move: Pain Split|[silent]
|-sethp|p2a: Weezing|93/100|[from] move: Pain Split
|move|p1a: Gastrodon|Earth Power|p2a: Weezing
|-supereffective|p2a: Weezing
|-damage|p2a: Weezing|17/100
|
|upkeep
|turn|7
|
|t:|1758377194
|-end|p2a: Weezing|ability: Neutralizing Gas
|switch|p2a: Ogerpon|Ogerpon-Wellspring, F|100/100
|move|p1a: Gastrodon|Earth Power|p2a: Ogerpon
|-resisted|p2a: Ogerpon
|-damage|p2a: Ogerpon|85/100
|
|upkeep
|turn|8
|
|t:|1758377202
|switch|p1a: Garchomp|Garchomp, M|100/100
|move|p2a: Ogerpon|Swords Dance|p2a: Ogerpon
|-boost|p2a: Ogerpon|atk|2
|
|upkeep
|turn|9
|
|t:|1758377211
|move|p2a: Ogerpon|Play Rough|p1a: Garchomp
|-supereffective|p1a: Garchomp
|-damage|p1a: Garchomp|15/100
|-damage|p2a: Ogerpon|72/100|[from] ability: Rough Skin|[of] p1a: Garchomp
|-damage|p2a: Ogerpon|56/100|[from] item: Rocky Helmet|[of] p1a: Garchomp
|move|p1a: Garchomp|Dragon Tail|p2a: Ogerpon|[miss]
|-miss|p1a: Garchomp|p2a: Ogerpon
|
|upkeep
|turn|10
|
|t:|1758377220
|move|p2a: Ogerpon|Ivy Cudgel|p1a: Garchomp|[anim] Ivy Cudgel Water
|-damage|p1a: Garchomp|0 fnt
|faint|p1a: Garchomp
|
|upkeep
|
|t:|1758377224
|switch|p1a: Gyarados|Gyarados, M|100/100
|turn|11
|
|t:|1758377229
|move|p2a: Ogerpon|Ivy Cudgel|p1a: Gyarados|[anim] Ivy Cudgel Water
|-resisted|p1a: Gyarados
|-damage|p1a: Gyarados|21/100
|move|p1a: Gyarados|Dragon Dance|p1a: Gyarados
|-boost|p1a: Gyarados|atk|1
|-boost|p1a: Gyarados|spe|1
|
|upkeep
|turn|12
|
|t:|1758377247
|move|p1a: Gyarados|Temper Flare|p2a: Ogerpon
|-damage|p2a: Ogerpon|0 fnt
|faint|p2a: Ogerpon
|-ability|p1a: Gyarados|Moxie|boost
|-boost|p1a: Gyarados|atk|1
|
|upkeep
|
|t:|1758377253
|switch|p2a: Moltres|Moltres|100/100
|turn|13
|
|t:|1758377261
|-terastallize|p2a: Moltres|Grass
|move|p1a: Gyarados|Waterfall|p2a: Moltres
|-resisted|p2a: Moltres
|-damage|p2a: Moltres|67/100
|-status|p1a: Gyarados|brn|[from] ability: Flame Body|[of] p2a: Moltres
|move|p2a: Moltres|Roar|p1a: Gyarados
|drag|p1a: Gastrodon|Gastrodon, M|73/100
|
|upkeep
|turn|14
|
|t:|1758377270
|switch|p2a: Weezing|Weezing-Galar, F|17/100
|-ability|p2a: Weezing|Neutralizing Gas
|move|p1a: Gastrodon|Ice Beam|p2a: Weezing
|-damage|p2a: Weezing|0 fnt
|faint|p2a: Weezing
|-end|p2a: Weezing|ability: Neutralizing Gas
|
|upkeep
|
|t:|1758377282
|switch|p2a: Latios|Latios, M|100/100
|turn|15
|
|t:|1758377285
|move|p2a: Latios|Psychic Noise|p1a: Gastrodon
|-damage|p1a: Gastrodon|44/100
|-start|p1a: Gastrodon|move: Heal Block
|move|p1a: Gastrodon|Ice Beam|p2a: Latios
|-supereffective|p2a: Latios
|-damage|p2a: Latios|63/100
|
|upkeep
|turn|16
|
|t:|1758377293
|move|p2a: Latios|Psychic Noise|p1a: Gastrodon
|-damage|p1a: Gastrodon|13/100
|move|p1a: Gastrodon|Ice Beam|p2a: Latios
|-supereffective|p2a: Latios
|-damage|p2a: Latios|23/100
|
|-end|p1a: Gastrodon|move: Heal Block
|upkeep
|-enditem|p1a: Gastrodon|Sitrus Berry|[eat]
|-heal|p1a: Gastrodon|38/100|[from] item: Sitrus Berry
|turn|17
|inactive|Battle timer is ON: inactive players will automatically lose when time's up. (requested by ivon_neeeeeee)
|
|t:|1758377331
|move|p2a: Latios|Draco Meteor|p1a: Gastrodon
|-damage|p1a: Gastrodon|0 fnt
|-unboost|p2a: Latios|spa|2
|faint|p1a: Gastrodon
|
|upkeep
|
|t:|1758377336
|switch|p1a: Gliscor|Gliscor, M|100/100 tox
|turn|18
|
|t:|1758377339
|move|p2a: Latios|Flip Turn|p1a: Gliscor
|-supereffective|p1a: Gliscor
|-damage|p1a: Gliscor|87/100 tox
|
|t:|1758377342
|switch|p2a: Ting-Lu|Ting-Lu|100/100|[from] Flip Turn
|-ability|p2a: Ting-Lu|Vessel of Ruin
|move|p1a: Gliscor|Toxic|p2a: Ting-Lu
|-status|p2a: Ting-Lu|tox
|
|-heal|p1a: Gliscor|99/100 tox|[from] ability: Poison Heal
|-damage|p2a: Ting-Lu|94/100 tox|[from] psn
|upkeep
|turn|19
|
|t:|1758377368
|move|p1a: Gliscor|Earthquake|p2a: Ting-Lu
|-damage|p2a: Ting-Lu|77/100 tox
|move|p2a: Ting-Lu|Ruination|p1a: Gliscor
|-damage|p1a: Gliscor|50/100 tox
|
|-heal|p2a: Ting-Lu|83/100 tox|[from] item: Leftovers
|-heal|p1a: Gliscor|62/100 tox|[from] ability: Poison Heal
|-damage|p2a: Ting-Lu|71/100 tox|[from] psn
|upkeep
|turn|20
|
|t:|1758377382
|move|p1a: Gliscor|Knock Off|p2a: Ting-Lu
|-resisted|p2a: Ting-Lu
|-damage|p2a: Ting-Lu|65/100 tox
|-enditem|p2a: Ting-Lu|Leftovers|[from] move: Knock Off|[of] p1a: Gliscor
|move|p2a: Ting-Lu|Ruination|p1a: Gliscor|[miss]
|-miss|p2a: Ting-Lu|p1a: Gliscor
|
|-heal|p1a: Gliscor|75/100 tox|[from] ability: Poison Heal
|-damage|p2a: Ting-Lu|46/100 tox|[from] psn
|upkeep
|turn|21
|
|t:|1758377392
|move|p1a: Gliscor|Protect|p1a: Gliscor
|-singleturn|p1a: Gliscor|Protect
|move|p2a: Ting-Lu|Ruination|p1a: Gliscor
|-activate|p1a: Gliscor|move: Protect
|
|-heal|p1a: Gliscor|87/100 tox|[from] ability: Poison Heal
|-damage|p2a: Ting-Lu|22/100 tox|[from] psn
|upkeep
|turn|22
|
|t:|1758377421
|move|p1a: Gliscor|Earthquake|p2a: Ting-Lu
|-damage|p2a: Ting-Lu|3/100 tox
|move|p2a: Ting-Lu|Ruination|p1a: Gliscor
|-damage|p1a: Gliscor|44/100 tox
|
|-heal|p1a: Gliscor|56/100 tox|[from] ability: Poison Heal
|-damage|p2a: Ting-Lu|0 fnt|[from] psn
|faint|p2a: Ting-Lu
|upkeep
|
|t:|1758377432
|switch|p2a: Latios|Latios, M|23/100
|turn|23
|
|t:|1758377440
|switch|p1a: Gyarados|Gyarados, M|21/100 brn
|move|p2a: Latios|Recover|p2a: Latios
|-heal|p2a: Latios|73/100
|
|-damage|p1a: Gyarados|15/100 brn|[from] brn
|upkeep
|turn|24
|
|t:|1758377447
|move|p2a: Latios|Psychic Noise|p1a: Gyarados
|-damage|p1a: Gyarados|0 fnt
|faint|p1a: Gyarados
|
|upkeep
|
|t:|1758377450
|switch|p1a: Metagross|Metagross|100/100
|turn|25
|
|t:|1758377453
|move|p2a: Latios|Flip Turn|p1a: Metagross
|-damage|p1a: Metagross|92/100
|
|t:|1758377456
|switch|p2a: Moltres|Moltres, tera:Grass|67/100|[from] Flip Turn
|move|p1a: Metagross|Ice Punch|p2a: Moltres
|-supereffective|p2a: Moltres
|-damage|p2a: Moltres|25/100
|
|upkeep
|turn|26
|
|t:|1758377464
|switch|p1a: Gliscor|Gliscor, M|56/100 tox
|move|p2a: Moltres|Flamethrower|p1a: Gliscor
|-damage|p1a: Gliscor|13/100 tox
|
|-heal|p1a: Gliscor|25/100 tox|[from] ability: Poison Heal
|upkeep
|turn|27
|
|t:|1758377471
|move|p1a: Gliscor|Protect|p1a: Gliscor
|-singleturn|p1a: Gliscor|Protect
|move|p2a: Moltres|Flamethrower|p1a: Gliscor
|-activate|p1a: Gliscor|move: Protect
|
|-heal|p1a: Gliscor|38/100 tox|[from] ability: Poison Heal
|upkeep
|turn|28
|
|t:|1758377478
|move|p1a: Gliscor|Protect||[still]
|-fail|p1a: Gliscor
|move|p2a: Moltres|Flamethrower|p1a: Gliscor
|-crit|p1a: Gliscor
|-damage|p1a: Gliscor|0 fnt
|faint|p1a: Gliscor
|
|upkeep
|
|t:|1758377480
|switch|p1a: Metagross|Metagross|92/100
|turn|29
|
|t:|1758377486
|-terastallize|p1a: Metagross|Water
|move|p2a: Moltres|Flamethrower|p1a: Metagross
|-resisted|p1a: Metagross
|-damage|p1a: Metagross|72/100
|move|p1a: Metagross|Ice Punch|p2a: Moltres
|-supereffective|p2a: Moltres
|-damage|p2a: Moltres|0 fnt
|faint|p2a: Moltres
|
|upkeep
|
|t:|1758377494
|switch|p2a: Gholdengo|Gholdengo|100/100
|turn|30
|
|t:|1758377497
|move|p2a: Gholdengo|Trick|p1a: Metagross
|-activate|p2a: Gholdengo|move: Trick|[of] p1a: Metagross
|-item|p1a: Metagross|Choice Scarf|[from] move: Trick
|-item|p2a: Gholdengo|Shuca Berry|[from] move: Trick
|move|p1a: Metagross|Earthquake|p2a: Gholdengo
|-supereffective|p2a: Gholdengo
|-enditem|p2a: Gholdengo|Shuca Berry|[eat]
|-enditem|p2a: Gholdengo|Shuca Berry|[weaken]
|-damage|p2a: Gholdengo|55/100
|
|upkeep
|turn|31
|
|t:|1758377504
|move|p2a: Gholdengo|Shadow Ball|p1a: Metagross
|-damage|p1a: Metagross|26/100
|move|p1a: Metagross|Earthquake|p2a: Gholdengo
|-supereffective|p2a: Gholdengo
|-damage|p2a: Gholdengo|0 fnt
|faint|p2a: Gholdengo
|
|upkeep
|-message|venjazanzhes123 forfeited.
|
|win|ivon_neeeeeee
|raw|venjazanzhes123's rating: 1533 &rarr; <strong>1511</strong><br />(-22 for losing)
|raw|ivon_neeeeeee's rating: 1500 &rarr; <strong>1522</strong><br />(+22 for winning)
|l|☆venjazanzhes123
|player|p1|
|l|☆ivon_neeeeeee
|player|p2|
