|j|☆zonix14
|j|☆Jack.Lion710
|t:|1758266702
|gametype|singles
|player|p1|zonix14|102|1121
|player|p2|Jack.Lion710|101|1114
|gen|9
|tier|[Gen 9] OU
|rated|
|rule|HP Percentage Mod: HP is shown in percentages
|rule|Endless Battle Clause: Forcing endless battles is banned
|rule|Species Clause: Limit one of each Pokémon
|rule|OHKO Clause: OHKO moves are banned
|rule|Evasion Items Clause: Evasion items are banned
|rule|Evasion Moves Clause: Evasion moves are banned
|rule|Evasion Abilities Clause: Evasion abilities are banned
|rule|Sleep Moves Clause: Sleep-inducing moves are banned
|clearpoke
|poke|p1|Masquerain, F|
|poke|p1|Cinderace, M|
|poke|p1|Serperior, F|
|poke|p1|Carbink|
|poke|p1|Empoleon, M|
|poke|p1|Drifblim, F|
|poke|p2|Kingambit, M|
|poke|p2|Great Tusk|
|poke|p2|Dragapult, M|
|poke|p2|Rotom-Wash|
|poke|p2|Ting-Lu|
|poke|p2|Iron Valiant|
|teampreview
|inactive|Battle timer is ON: inactive players will automatically lose when time's up. (requested by Jack.Lion710)
|inactive|zonix14 also wants the timer to be on.
|
|t:|1758266714
|teamsize|p1|6
|teamsize|p2|6
|start
|switch|p1a: Masquerain|Masquerain, F, shiny|100/100
|switch|p2a: Rotom|Rotom-Wash|100/100
|-ability|p1a: Masquerain|Intimidate|boost
|-unboost|p2a: Rotom|atk|1
|turn|1
|
|t:|1758266725
|move|p1a: Masquerain|Sticky Web|p2a: Rotom
|-sidestart|p2: Jack.Lion710|move: Sticky Web
|move|p2a: Rotom|Will-O-Wisp|p1a: Masquerain
|-status|p1a: Masquerain|brn
|
|-damage|p1a: Masquerain|94/100 brn|[from] brn
|upkeep
|turn|2
|
|t:|1758266732
|switch|p1a: Cinderace|Cinderace, M, shiny|100/100
|move|p2a: Rotom|Volt Switch|p1a: Cinderace
|-damage|p1a: Cinderace|62/100
|
|t:|1758266737
|switch|p2a: Great Tusk|Great Tusk|100/100|[from] Volt Switch
|-activate|p2a: Great Tusk|move: Sticky Web
|-unboost|p2a: Great Tusk|spe|1
|
|upkeep
|turn|3
|
|t:|1758266744
|move|p1a: Cinderace|Court Change|p1a: Cinderace
|-swapsideconditions
|-activate|p1a: Cinderace|move: Court Change
|move|p2a: Great Tusk|Earthquake|p1a: Cinderace
|-supereffective|p1a: Cinderace
|-damage|p1a: Cinderace|0 fnt
|faint|p1a: Cinderace
|
|upkeep
|
|t:|1758266765
|switch|p1a: Serperior|Serperior, F, shiny|100/100
|-activate|p1a: Serperior|move: Sticky Web
|-boost|p1a: Serperior|spe|1
|turn|4
|
|t:|1758266778
|-end|p2a: Great Tusk|Protosynthesis|[silent]
|switch|p2a: Dragapult|Dragapult, M, shiny|100/100
|move|p1a: Serperior|Leaf Storm|p2a: Dragapult
|-resisted|p2a: Dragapult
|-damage|p2a: Dragapult|69/100
|-boost|p1a: Serperior|spa|2
|
|upkeep
|turn|5
|
|t:|1758266789
|-terastallize|p2a: Dragapult|Fire
|move|p1a: Serperior|Dragon Pulse|p2a: Dragapult
|-damage|p2a: Dragapult|10/100
|move|p2a: Dragapult|Flamethrower|p1a: Serperior
|-supereffective|p1a: Serperior
|-damage|p1a: Serperior|0 fnt
|faint|p1a: Serperior
|
|upkeep
|
|t:|1758266802
|switch|p1a: Carbink|Carbink, shiny|100/100
|turn|6
|
|t:|1758266815
|switch|p2a: Rotom|Rotom-Wash|100/100
|move|p1a: Carbink|Trick Room|p1a: Carbink
|-fieldstart|move: Trick Room|[of] p1a: Carbink
|
|upkeep
|turn|7
|
|t:|1758266821
|move|p1a: Carbink|Misty Explosion|p2a: Rotom
|-damage|p2a: Rotom|76/100
|faint|p1a: Carbink
|move|p2a: Rotom|Hydro Pump|p1: Carbink|[notarget]
|-fail|p2a: Rotom
|
|-heal|p2a: Rotom|83/100|[from] item: Leftovers
|upkeep
|
|t:|1758266825
|switch|p1a: Empoleon|Empoleon, M, shiny|100/100
|-activate|p1a: Empoleon|move: Sticky Web
|-unboost|p1a: Empoleon|spe|1
|-ability|p1a: Empoleon|Competitive|boost
|-boost|p1a: Empoleon|spa|2
|turn|8
|
|t:|1758266832
|-terastallize|p1a: Empoleon|Fairy
|move|p1a: Empoleon|Tera Blast|p2a: Rotom|[anim] Tera Blast Fairy
|-damage|p2a: Rotom|14/100
|move|p2a: Rotom|Will-O-Wisp|p1a: Empoleon
|-status|p1a: Empoleon|brn
|
|-heal|p2a: Rotom|21/100|[from] item: Leftovers
|-damage|p1a: Empoleon|94/100 brn|[from] brn
|upkeep
|turn|9
|
|t:|1758266845
|move|p1a: Empoleon|Tera Blast|p2a: Rotom|[anim] Tera Blast Fairy
|-damage|p2a: Rotom|0 fnt
|faint|p2a: Rotom
|
|-damage|p1a: Empoleon|88/100 brn|[from] brn
|upkeep
|
|t:|1758266863
|switch|p2a: Dragapult|Dragapult, M, shiny, tera:Fire|10/100
|turn|10
|
|t:|1758266869
|move|p1a: Empoleon|Surf|p2a: Dragapult
|-supereffective|p2a: Dragapult
|-damage|p2a: Dragapult|0 fnt
|faint|p2a: Dragapult
|
|-damage|p1a: Empoleon|82/100 brn|[from] brn
|-fieldend|move: Trick Room
|upkeep
|
|t:|1758266877
|switch|p2a: Iron Valiant|Iron Valiant|100/100
|-enditem|p2a: Iron Valiant|Booster Energy
|-activate|p2a: Iron Valiant|ability: Quark Drive|[fromitem]
|-start|p2a: Iron Valiant|quarkdrivespe
|turn|11
|
|t:|1758266884
|switch|p1a: Masquerain|Masquerain, F, shiny|94/100 brn
|-ability|p1a: Masquerain|Intimidate|boost
|-unboost|p2a: Iron Valiant|atk|1
|move|p2a: Iron Valiant|Close Combat|p1a: Masquerain
|-resisted|p1a: Masquerain
|-damage|p1a: Masquerain|80/100 brn
|-unboost|p2a: Iron Valiant|def|1
|-unboost|p2a: Iron Valiant|spd|1
|
|-damage|p1a: Masquerain|74/100 brn|[from] brn
|upkeep
|turn|12
|
|t:|1758266894
|move|p2a: Iron Valiant|Thunderbolt|p1a: Masquerain
|-supereffective|p1a: Masquerain
|-damage|p1a: Masquerain|0 fnt
|faint|p1a: Masquerain
|
|upkeep
|
|t:|1758266896
|switch|p1a: Drifblim|Drifblim, F|100/100
|turn|13
|
|t:|1758266903
|move|p2a: Iron Valiant|Thunderbolt|p1a: Drifblim
|-supereffective|p1a: Drifblim
|-damage|p1a: Drifblim|30/100
|move|p1a: Drifblim|Trick Room|p1a: Drifblim
|-fieldstart|move: Trick Room|[of] p1a: Drifblim
|
|upkeep
|turn|14
|
|t:|1758266907
|move|p1a: Drifblim|Explosion|p2a: Iron Valiant
|-damage|p2a: Iron Valiant|0 fnt
|faint|p1a: Drifblim
|faint|p2a: Iron Valiant
|-end|p2a: Iron Valiant|Quark Drive|[silent]
|
|upkeep
|
|t:|1758266914
|switch|p1a: Empoleon|Empoleon, M, shiny, tera:Fairy|82/100 brn
|switch|p2a: Ting-Lu|Ting-Lu|100/100
|-ability|p2a: Ting-Lu|Vessel of Ruin
|-activate|p1a: Empoleon|move: Sticky Web
|-unboost|p1a: Empoleon|spe|1
|-ability|p1a: Empoleon|Competitive|boost
|-boost|p1a: Empoleon|spa|2
|turn|15
|
|t:|1758266922
|move|p1a: Empoleon|Tera Blast|p2a: Ting-Lu|[anim] Tera Blast Fairy
|-supereffective|p2a: Ting-Lu
|-damage|p2a: Ting-Lu|35/100
|move|p2a: Ting-Lu|Ruination|p1a: Empoleon
|-damage|p1a: Empoleon|41/100 brn
|
|-damage|p1a: Empoleon|35/100 brn|[from] brn
|upkeep
|turn|16
|-message|zonix14 forfeited.
|
|win|Jack.Lion710
|raw|zonix14's rating: 1121 &rarr; <strong>1095</strong><br />(-26 for losing)
|raw|Jack.Lion710's rating: 1114 &rarr; <strong>1140</strong><br />(+26 for winning)
|l|☆zonix14
|player|p1|
|l|☆Jack.Lion710
|player|p2|
