|j|☆Raining Drawing
|j|☆osab
|t:|1758358751
|gametype|singles
|player|p1|Raining Drawing|266|1349
|player|p2|osab|102|1429
|gen|9
|tier|[Gen 9] OU
|rated|
|rule|HP Percentage Mod: HP is shown in percentages
|rule|Endless Battle Clause: Forcing endless battles is banned
|rule|Species Clause: Limit one of each Pokémon
|rule|OHKO Clause: OHKO moves are banned
|rule|Evasion Items Clause: Evasion items are banned
|rule|Evasion Moves Clause: Evasion moves are banned
|rule|Evasion Abilities Clause: Evasion abilities are banned
|rule|Sleep Moves Clause: Sleep-inducing moves are banned
|clearpoke
|poke|p1|Ogerpon-Cornerstone, F|
|poke|p1|Hatterene, F|
|poke|p1|Pecharunt|
|poke|p1|Landorus-Therian, M|
|poke|p1|Kingambit, M|
|poke|p1|Latios, M|
|poke|p2|Kyurem|
|poke|p2|Iron Treads|
|poke|p2|Kingambit, M|
|poke|p2|Primarina, M|
|poke|p2|Ninetales-Alola, M|
|poke|p2|Latias, F|
|teampreview
|inactive|Battle timer is ON: inactive players will automatically lose when time's up. (requested by Raining Drawing)
|
|t:|1758358756
|teamsize|p1|6
|teamsize|p2|6
|start
|switch|p1a: Pecharunt|Pecharunt|100/100
|switch|p2a: Ninetales|Ninetales-Alola, M|100/100
|-weather|Snowscape|[from] ability: Snow Warning|[of] p2a: Ninetales
|turn|1
|
|t:|1758358764
|move|p2a: Ninetales|Aurora Veil|p2a: Ninetales
|-sidestart|p2: osab|move: Aurora Veil
|move|p1a: Pecharunt|Malignant Chain|p2a: Ninetales
|-supereffective|p2a: Ninetales
|-damage|p2a: Ninetales|70/100
|-status|p2a: Ninetales|tox
|-start|p2a: Ninetales|confusion|[from] ability: Poison Puppeteer|[of] p1a: Pecharunt
|
|-weather|Snowscape|[upkeep]
|-damage|p2a: Ninetales|64/100 tox|[from] psn
|upkeep
|turn|2
|
|t:|1758358774
|switch|p2a: Iron Treads|Iron Treads|100/100
|move|p1a: Pecharunt|Parting Shot|p2a: Iron Treads
|-unboost|p2a: Iron Treads|atk|1
|-unboost|p2a: Iron Treads|spa|1
|
|t:|1758358781
|switch|p1a: Landorus|Landorus-Therian, M|100/100|[from] Parting Shot
|-ability|p1a: Landorus|Intimidate|boost
|-unboost|p2a: Iron Treads|atk|1
|
|-weather|Snowscape|[upkeep]
|upkeep
|turn|3
|
|t:|1758358791
|-end|p2a: Iron Treads|Quark Drive|[silent]
|switch|p2a: Latias|Latias, F|100/100
|move|p1a: Landorus|U-turn|p2a: Latias
|-supereffective|p2a: Latias
|-damage|p2a: Latias|83/100
|-enditem|p2a: Latias|Weakness Policy
|-boost|p2a: Latias|atk|2|[from] item: Weakness Policy
|-boost|p2a: Latias|spa|2|[from] item: Weakness Policy
|
|t:|1758358802
|switch|p1a: Kingambit|Kingambit, M|100/100|[from] U-turn
|
|-weather|Snowscape|[upkeep]
|upkeep
|turn|4
|
|t:|1758358815
|-terastallize|p1a: Kingambit|Ghost
|move|p2a: Latias|Aura Sphere|p1a: Kingambit
|-immune|p1a: Kingambit
|move|p1a: Kingambit|Swords Dance|p1a: Kingambit
|-boost|p1a: Kingambit|atk|2
|
|-weather|Snowscape|[upkeep]
|upkeep
|turn|5
|
|t:|1758358837
|move|p2a: Latias|Agility|p2a: Latias
|-boost|p2a: Latias|spe|2
|move|p1a: Kingambit|Kowtow Cleave|p2a: Latias
|-supereffective|p2a: Latias
|-damage|p2a: Latias|8/100
|
|-weather|none
|upkeep
|turn|6
|
|t:|1758358847
|move|p1a: Kingambit|Sucker Punch|p2a: Latias
|-supereffective|p2a: Latias
|-damage|p2a: Latias|0 fnt
|faint|p2a: Latias
|
|upkeep
|
|t:|1758358861
|switch|p2a: Kyurem|Kyurem|100/100
|-ability|p2a: Kyurem|Pressure
|turn|7
|
|t:|1758358875
|move|p2a: Kyurem|Scale Shot|p1a: Kingambit
|-damage|p1a: Kingambit|89/100
|-damage|p1a: Kingambit|77/100
|-crit|p1a: Kingambit
|-damage|p1a: Kingambit|60/100
|-damage|p1a: Kingambit|47/100
|-damage|p1a: Kingambit|35/100
|-hitcount|p1a: Kingambit|5
|-unboost|p2a: Kyurem|def|1
|-boost|p2a: Kyurem|spe|1
|move|p1a: Kingambit|Low Kick|p2a: Kyurem
|-supereffective|p2a: Kyurem
|-damage|p2a: Kyurem|0 fnt
|faint|p2a: Kyurem
|
|-heal|p1a: Kingambit|41/100|[from] item: Leftovers
|upkeep
|-message|osab forfeited.
|
|win|Raining Drawing
|raw|Raining Drawing's rating: 1349 &rarr; <strong>1374</strong><br />(+25 for winning)
|raw|osab's rating: 1429 &rarr; <strong>1404</strong><br />(-25 for losing)
|l|☆osab
|player|p2|
|l|☆Raining Drawing
|player|p1|
