|j|☆Argentide
|j|☆DrAlphaStone
|t:|1758335014
|gametype|singles
|player|p1|Argentide|lady|1576
|player|p2|DrAlphaStone|karen|1631
|gen|9
|tier|[Gen 9] OU
|rated|
|rule|HP Percentage Mod: HP is shown in percentages
|rule|Endless Battle Clause: Forcing endless battles is banned
|rule|Species Clause: Limit one of each Pokémon
|rule|OHKO Clause: OHKO moves are banned
|rule|Evasion Items Clause: Evasion items are banned
|rule|Evasion Moves Clause: Evasion moves are banned
|rule|Evasion Abilities Clause: Evasion abilities are banned
|rule|Sleep Moves Clause: Sleep-inducing moves are banned
|clearpoke
|poke|p1|Dragonite, M|
|poke|p1|Enamorus, F|
|poke|p1|Samurott-Hisui, M|
|poke|p1|Great Tusk|
|poke|p1|Raging Bolt|
|poke|p1|Kyurem|
|poke|p2|Dragapult, F|
|poke|p2|Slowking-Galar, F|
|poke|p2|Zamazenta-*|
|poke|p2|Ogerpon-Wellspring, F|
|poke|p2|Rotom-Heat|
|poke|p2|Iron Treads|
|teampreview
|
|t:|1758335028
|teamsize|p1|6
|teamsize|p2|6
|start
|switch|p1a: Enamorus|Enamorus, F|100/100
|switch|p2a: Ogerpon|Ogerpon-Wellspring, F|100/100
|turn|1
|
|t:|1758335033
|move|p2a: Ogerpon|Ivy Cudgel|p1a: Enamorus|[anim] Ivy Cudgel Water
|-damage|p1a: Enamorus|10/100
|move|p1a: Enamorus|Moonblast|p2a: Ogerpon
|-damage|p2a: Ogerpon|14/100
|-unboost|p2a: Ogerpon|spa|1
|
|upkeep
|turn|2
|
|t:|1758335041
|switch|p1a: Raging Bolt|Raging Bolt|100/100
|-enditem|p1a: Raging Bolt|Booster Energy
|-activate|p1a: Raging Bolt|ability: Protosynthesis|[fromitem]
|-start|p1a: Raging Bolt|protosynthesisspa
|move|p2a: Ogerpon|Ivy Cudgel|p1a: Raging Bolt|[anim] Ivy Cudgel Water
|-resisted|p1a: Raging Bolt
|-damage|p1a: Raging Bolt|74/100
|
|upkeep
|turn|3
|
|t:|1758335049
|switch|p2a: Slowking|Slowking-Galar, F|100/100
|-end|p1a: Raging Bolt|Protosynthesis|[silent]
|switch|p1a: Samurott|Samurott-Hisui, M|100/100
|
|upkeep
|turn|4
|
|t:|1758335056
|switch|p2a: Rotom|Rotom-Heat|100/100
|move|p1a: Samurott|Ceaseless Edge|p2a: Rotom
|-damage|p2a: Rotom|59/100
|-sidestart|p2: DrAlphaStone|Spikes
|
|upkeep
|turn|5
|
|t:|1758335064
|move|p1a: Samurott|Ceaseless Edge|p2a: Rotom
|-damage|p2a: Rotom|20/100
|-sidestart|p2: DrAlphaStone|Spikes
|move|p2a: Rotom|Pain Split|p1a: Samurott
|-sethp|p1a: Samurott|59/100|[from] move: Pain Split|[silent]
|-sethp|p2a: Rotom|63/100|[from] move: Pain Split
|
|upkeep
|turn|6
|
|t:|1758335071
|move|p1a: Samurott|Razor Shell|p2a: Rotom
|-supereffective|p2a: Rotom
|-damage|p2a: Rotom|0 fnt
|faint|p2a: Rotom
|
|upkeep
|
|t:|1758335080
|switch|p2a: Iron Treads|Iron Treads|100/100
|turn|7
|
|t:|1758335088
|-terastallize|p1a: Samurott|Ghost
|move|p2a: Iron Treads|Earthquake|p1a: Samurott
|-damage|p1a: Samurott|0 fnt
|faint|p1a: Samurott
|
|upkeep
|
|t:|1758335106
|switch|p1a: Dragonite|Dragonite, M|100/100
|turn|8
|
|t:|1758335108
|move|p2a: Iron Treads|Rapid Spin|p1a: Dragonite
|-damage|p1a: Dragonite|93/100
|-boost|p2a: Iron Treads|spe|1
|-sideend|p2: DrAlphaStone|Spikes|[from] move: Rapid Spin|[of] p2a: Iron Treads
|move|p1a: Dragonite|Fire Punch|p2a: Iron Treads
|-supereffective|p2a: Iron Treads
|-crit|p2a: Iron Treads
|-damage|p2a: Iron Treads|0 fnt
|faint|p2a: Iron Treads
|-end|p2a: Iron Treads|Quark Drive|[silent]
|
|upkeep
|
|t:|1758335113
|switch|p2a: Dragapult|Dragapult, F|100/100
|turn|9
|
|t:|1758335119
|switch|p1a: Enamorus|Enamorus, F|10/100
|move|p2a: Dragapult|Substitute|p2a: Dragapult
|-start|p2a: Dragapult|Substitute
|-damage|p2a: Dragapult|76/100
|
|-heal|p2a: Dragapult|82/100|[from] item: Leftovers
|upkeep
|turn|10
|
|t:|1758335123
|move|p2a: Dragapult|Hex|p1a: Enamorus
|-damage|p1a: Enamorus|0 fnt
|faint|p1a: Enamorus
|
|-heal|p2a: Dragapult|88/100|[from] item: Leftovers
|upkeep
|
|t:|1758335129
|switch|p1a: Kyurem|Kyurem|100/100
|-ability|p1a: Kyurem|Pressure
|turn|11
|
|t:|1758335135
|move|p2a: Dragapult|Will-O-Wisp|p1a: Kyurem
|-status|p1a: Kyurem|brn
|move|p1a: Kyurem|Icicle Spear|p2a: Dragapult
|-supereffective|p2a: Dragapult
|-activate|p2a: Dragapult|move: Substitute|[damage]
|-supereffective|p2a: Dragapult
|-end|p2a: Dragapult|Substitute
|-supereffective|p2a: Dragapult
|-damage|p2a: Dragapult|70/100
|-hitcount|p2a: Dragapult|3
|
|-heal|p2a: Dragapult|76/100|[from] item: Leftovers
|-damage|p1a: Kyurem|94/100 brn|[from] brn
|upkeep
|turn|12
|
|t:|1758335142
|move|p2a: Dragapult|Dragon Darts|p1a: Kyurem
|-supereffective|p1a: Kyurem
|-damage|p1a: Kyurem|50/100 brn
|-anim|p2a: Dragapult|Dragon Darts|p1a: Kyurem
|-supereffective|p1a: Kyurem
|-damage|p1a: Kyurem|8/100 brn
|move|p1a: Kyurem|Dragon Dance|p1a: Kyurem
|-boost|p1a: Kyurem|atk|1
|-boost|p1a: Kyurem|spe|1
|
|-heal|p2a: Dragapult|82/100|[from] item: Leftovers
|-damage|p1a: Kyurem|2/100 brn|[from] brn
|upkeep
|turn|13
|
|t:|1758335150
|switch|p2a: Slowking|Slowking-Galar, F|100/100
|move|p1a: Kyurem|Freeze-Dry|p2a: Slowking
|-damage|p2a: Slowking|78/100
|
|-damage|p1a: Kyurem|0 fnt|[from] brn
|faint|p1a: Kyurem
|upkeep
|
|t:|1758335158
|switch|p1a: Raging Bolt|Raging Bolt|74/100
|turn|14
|
|t:|1758335164
|move|p1a: Raging Bolt|Calm Mind|p1a: Raging Bolt
|-boost|p1a: Raging Bolt|spa|1
|-boost|p1a: Raging Bolt|spd|1
|-prepare|p2a: Slowking|Chilly Reception|[premajor]
|move|p2a: Slowking|Chilly Reception|p2a: Slowking
|-weather|Snowscape
|
|t:|1758335166
|switch|p2a: Dragapult|Dragapult, F|82/100|[from] Chilly Reception
|
|-weather|Snowscape|[upkeep]
|-heal|p2a: Dragapult|88/100|[from] item: Leftovers
|upkeep
|turn|15
|
|t:|1758335172
|-terastallize|p2a: Dragapult|Fairy
|move|p2a: Dragapult|Dragon Darts|p1a: Raging Bolt
|-supereffective|p1a: Raging Bolt
|-damage|p1a: Raging Bolt|34/100
|-anim|p2a: Dragapult|Dragon Darts|p1a: Raging Bolt
|-supereffective|p1a: Raging Bolt
|-damage|p1a: Raging Bolt|0 fnt
|faint|p1a: Raging Bolt
|-end|p1a: Raging Bolt|Protosynthesis|[silent]
|
|-weather|Snowscape|[upkeep]
|-heal|p2a: Dragapult|94/100|[from] item: Leftovers
|upkeep
|
|t:|1758335183
|switch|p1a: Dragonite|Dragonite, M|93/100
|turn|16
|
|t:|1758335185
|move|p1a: Dragonite|Extreme Speed|p2a: Dragapult
|-damage|p2a: Dragapult|40/100
|move|p2a: Dragapult|Will-O-Wisp|p1a: Dragonite
|-status|p1a: Dragonite|brn
|
|-weather|Snowscape|[upkeep]
|-heal|p2a: Dragapult|46/100|[from] item: Leftovers
|-damage|p1a: Dragonite|87/100 brn|[from] brn
|upkeep
|turn|17
|
|t:|1758335191
|move|p1a: Dragonite|Extreme Speed|p2a: Dragapult
|-damage|p2a: Dragapult|18/100
|move|p2a: Dragapult|Hex|p1a: Dragonite
|-damage|p1a: Dragonite|42/100 brn
|
|-weather|Snowscape|[upkeep]
|-heal|p2a: Dragapult|24/100|[from] item: Leftovers
|-damage|p1a: Dragonite|35/100 brn|[from] brn
|upkeep
|turn|18
|
|t:|1758335195
|switch|p2a: Zamazenta|Zamazenta|100/100
|-ability|p2a: Zamazenta|Dauntless Shield|boost
|-boost|p2a: Zamazenta|def|1
|move|p1a: Dragonite|Extreme Speed|p2a: Zamazenta
|-damage|p2a: Zamazenta|90/100
|
|-weather|none
|-heal|p2a: Zamazenta|96/100|[from] item: Leftovers
|-damage|p1a: Dragonite|29/100 brn|[from] brn
|upkeep
|turn|19
|-message|Argentide forfeited.
|
|win|DrAlphaStone
|raw|Argentide's rating: 1576 &rarr; <strong>1559</strong><br />(-17 for losing)
|raw|DrAlphaStone's rating: 1631 &rarr; <strong>1648</strong><br />(+17 for winning)
|l|☆Argentide
|player|p1|
