|j|☆Obito 2001
|j|☆nah just click
|t:|1758364598
|gametype|singles
|player|p1|Obito 2001|blue-gen3two|1712
|player|p2|nah just click|169|1706
|gen|9
|tier|[Gen 9] OU
|rated|
|rule|HP Percentage Mod: HP is shown in percentages
|rule|Endless Battle Clause: Forcing endless battles is banned
|rule|Species Clause: Limit one of each Pokémon
|rule|OHKO Clause: OHKO moves are banned
|rule|Evasion Items Clause: Evasion items are banned
|rule|Evasion Moves Clause: Evasion moves are banned
|rule|Evasion Abilities Clause: Evasion abilities are banned
|rule|Sleep Moves Clause: Sleep-inducing moves are banned
|clearpoke
|poke|p1|Alomomola, F|
|poke|p1|Great Tusk|
|poke|p1|Kyurem|
|poke|p1|Empoleon, M|
|poke|p1|Dragonite, F|
|poke|p1|Deoxys-Defense|
|poke|p2|Gholdengo|
|poke|p2|Primarina, F|
|poke|p2|Great Tusk|
|poke|p2|Ogerpon-Wellspring, F|
|poke|p2|Landorus-Therian, M|
|poke|p2|Iron Moth|
|teampreview
|inactive|Battle timer is ON: inactive players will automatically lose when time's up. (requested by Obito 2001)
|
|t:|1758364615
|teamsize|p1|6
|teamsize|p2|6
|start
|switch|p1a: Empoleon|Empoleon, M|100/100
|switch|p2a: Primarina|Primarina, F|100/100
|-item|p1a: Empoleon|Air Balloon
|turn|1
|
|t:|1758364628
|switch|p1a: Deoxys|Deoxys-Defense, shiny|100/100
|-ability|p1a: Deoxys|Pressure
|move|p2a: Primarina|Sparkling Aria|p1a: Deoxys
|-damage|p1a: Deoxys|46/100
|
|-heal|p1a: Deoxys|52/100|[from] item: Leftovers
|upkeep
|turn|2
|
|t:|1758364638
|move|p1a: Deoxys|Recover|p1a: Deoxys
|-heal|p1a: Deoxys|100/100
|move|p2a: Primarina|Sparkling Aria|p1a: Deoxys
|-damage|p1a: Deoxys|45/100
|
|-heal|p1a: Deoxys|51/100|[from] item: Leftovers
|upkeep
|turn|3
|
|t:|1758364647
|move|p1a: Deoxys|Protect|p1a: Deoxys
|-singleturn|p1a: Deoxys|Protect
|move|p2a: Primarina|Sparkling Aria|p1a: Deoxys
|-activate|p1a: Deoxys|move: Protect
|
|-heal|p1a: Deoxys|58/100|[from] item: Leftovers
|upkeep
|turn|4
|
|t:|1758364649
|move|p1a: Deoxys|Recover|p1a: Deoxys
|-heal|p1a: Deoxys|100/100
|move|p2a: Primarina|Sparkling Aria|p1a: Deoxys
|-damage|p1a: Deoxys|47/100
|
|-heal|p1a: Deoxys|53/100|[from] item: Leftovers
|upkeep
|turn|5
|
|t:|1758364656
|move|p1a: Deoxys|Substitute|p1a: Deoxys
|-start|p1a: Deoxys|Substitute
|-damage|p1a: Deoxys|28/100
|move|p2a: Primarina|Sparkling Aria|p1a: Deoxys
|-damage|p1a: Deoxys|0 fnt
|faint|p1a: Deoxys
|
|upkeep
|
|t:|1758364661
|switch|p1a: Dragonite|Dragonite, F|100/100
|turn|6
|
|t:|1758364665
|switch|p2a: Gholdengo|Gholdengo|100/100
|move|p1a: Dragonite|Dragon Dance|p1a: Dragonite
|-boost|p1a: Dragonite|atk|1
|-boost|p1a: Dragonite|spe|1
|
|upkeep
|turn|7
|
|t:|1758364675
|switch|p1a: Momo Hirai|Alomomola, F|100/100
|move|p2a: Gholdengo|Trick|p1a: Momo Hirai
|-activate|p2a: Gholdengo|move: Trick|[of] p1a: Momo Hirai
|-item|p1a: Momo Hirai|Choice Scarf|[from] move: Trick
|-item|p2a: Gholdengo|Red Card|[from] move: Trick
|
|upkeep
|turn|8
|
|t:|1758364684
|switch|p1a: Empoleon|Empoleon, M|100/100
|-item|p1a: Empoleon|Air Balloon
|move|p2a: Gholdengo|Shadow Ball|p1a: Empoleon
|-damage|p1a: Empoleon|73/100
|-enditem|p1a: Empoleon|Air Balloon
|
|upkeep
|turn|9
|
|t:|1758364690
|move|p2a: Gholdengo|Focus Blast|p1a: Empoleon
|-supereffective|p1a: Empoleon
|-damage|p1a: Empoleon|21/100
|move|p1a: Empoleon|Roost|p1a: Empoleon
|-heal|p1a: Empoleon|71/100
|-singleturn|p1a: Empoleon|move: Roost
|
|upkeep
|turn|10
|
|t:|1758364696
|switch|p2a: Landorus|Landorus-Therian, M|100/100
|-ability|p2a: Landorus|Intimidate|boost
|-unboost|p1a: Empoleon|atk|1
|-ability|p1a: Empoleon|Competitive|boost
|-boost|p1a: Empoleon|spa|2
|move|p1a: Empoleon|Roost|p1a: Empoleon
|-heal|p1a: Empoleon|100/100
|-singleturn|p1a: Empoleon|move: Roost
|
|upkeep
|turn|11
|
|t:|1758364704
|move|p2a: Landorus|U-turn|p1a: Empoleon
|-resisted|p1a: Empoleon
|-damage|p1a: Empoleon|86/100
|
|t:|1758364706
|switch|p2a: Ogerpon|Ogerpon-Wellspring, F|100/100|[from] U-turn
|move|p1a: Empoleon|Surf|p2a: Ogerpon
|-immune|p2a: Ogerpon|[from] ability: Water Absorb
|
|upkeep
|turn|12
|
|t:|1758364709
|move|p2a: Ogerpon|Encore|p1a: Empoleon
|-start|p1a: Empoleon|Encore
|move|p1a: Empoleon|Surf|p2a: Ogerpon
|-immune|p2a: Ogerpon|[from] ability: Water Absorb
|
|upkeep
|turn|13
|
|t:|1758364712
|switch|p1a: Kyurem|Kyurem, shiny|100/100
|-ability|p1a: Kyurem|Pressure
|move|p2a: Ogerpon|Knock Off|p1a: Kyurem
|-damage|p1a: Kyurem|67/100
|-enditem|p1a: Kyurem|Leftovers|[from] move: Knock Off|[of] p2a: Ogerpon
|
|upkeep
|turn|14
|
|t:|1758364715
|move|p2a: Ogerpon|U-turn|p1a: Kyurem
|-damage|p1a: Kyurem|41/100
|
|t:|1758364718
|switch|p2a: Gholdengo|Gholdengo|100/100|[from] U-turn
|move|p1a: Kyurem|Freeze-Dry|p2a: Gholdengo
|-resisted|p2a: Gholdengo
|-damage|p2a: Gholdengo|80/100
|-enditem|p2a: Gholdengo|Red Card|[of] p1a: Kyurem
|drag|p1a: Dragonite|Dragonite, F|100/100
|
|upkeep
|turn|15
|
|t:|1758364727
|move|p2a: Gholdengo|Shadow Ball|p1a: Dragonite
|-damage|p1a: Dragonite|80/100
|-unboost|p1a: Dragonite|spd|1
|move|p1a: Dragonite|Dragon Dance|p1a: Dragonite
|-boost|p1a: Dragonite|atk|1
|-boost|p1a: Dragonite|spe|1
|
|-heal|p1a: Dragonite|87/100|[from] item: Leftovers
|upkeep
|turn|16
|
|t:|1758364732
|switch|p2a: Landorus|Landorus-Therian, M|100/100
|-ability|p2a: Landorus|Intimidate|boost
|-unboost|p1a: Dragonite|atk|1
|move|p1a: Dragonite|Earthquake|p2a: Landorus
|-immune|p2a: Landorus
|
|-heal|p1a: Dragonite|93/100|[from] item: Leftovers
|upkeep
|turn|17
|
|t:|1758364738
|move|p2a: Landorus|U-turn|p1a: Dragonite
|-resisted|p1a: Dragonite
|-damage|p1a: Dragonite|74/100
|
|t:|1758364740
|switch|p2a: Great Tusk|Great Tusk|100/100|[from] U-turn
|move|p1a: Dragonite|Dragon Dance|p1a: Dragonite
|-boost|p1a: Dragonite|atk|1
|-boost|p1a: Dragonite|spe|1
|
|-heal|p1a: Dragonite|81/100|[from] item: Leftovers
|upkeep
|turn|18
|
|t:|1758364743
|-terastallize|p1a: Dragonite|Flying
|move|p1a: Dragonite|Tera Blast|p2a: Great Tusk|[anim] Tera Blast Flying
|-supereffective|p2a: Great Tusk
|-damage|p2a: Great Tusk|0 fnt
|faint|p2a: Great Tusk
|-end|p2a: Great Tusk|Protosynthesis|[silent]
|
|-heal|p1a: Dragonite|87/100|[from] item: Leftovers
|upkeep
|
|t:|1758364748
|switch|p2a: Landorus|Landorus-Therian, M|100/100
|-ability|p2a: Landorus|Intimidate|boost
|-unboost|p1a: Dragonite|atk|1
|turn|19
|
|t:|1758364757
|switch|p1a: Mega Donphan|Great Tusk|100/100
|-terastallize|p2a: Landorus|Flying
|move|p2a: Landorus|Tera Blast|p1a: Mega Donphan|[anim] Tera Blast Flying
|-supereffective|p1a: Mega Donphan
|-damage|p1a: Mega Donphan|0 fnt
|faint|p1a: Mega Donphan
|-end|p1a: Mega Donphan|Protosynthesis|[silent]
|
|upkeep
|
|t:|1758364769
|switch|p1a: Momo Hirai|Alomomola, F|100/100
|turn|20
|
|t:|1758364772
|switch|p2a: Ogerpon|Ogerpon-Wellspring, F|100/100
|move|p1a: Momo Hirai|Wish|p1a: Momo Hirai
|
|upkeep
|turn|21
|
|t:|1758364778
|switch|p1a: Kyurem|Kyurem, shiny|41/100
|-ability|p1a: Kyurem|Pressure
|move|p2a: Ogerpon|Knock Off|p1a: Kyurem
|-damage|p1a: Kyurem|17/100
|
|-heal|p1a: Kyurem|77/100|[from] move: Wish|[wisher] Momo Hirai
|upkeep
|turn|22
|
|t:|1758364782
|move|p2a: Ogerpon|U-turn|p1a: Kyurem
|-damage|p1a: Kyurem|51/100
|
|t:|1758364785
|switch|p2a: Primarina|Primarina, F|100/100|[from] U-turn
|move|p1a: Kyurem|Freeze-Dry|p2a: Primarina
|-supereffective|p2a: Primarina
|-damage|p2a: Primarina|44/100
|
|upkeep
|turn|23
|
|t:|1758364795
|move|p1a: Kyurem|Substitute|p1a: Kyurem
|-start|p1a: Kyurem|Substitute
|-damage|p1a: Kyurem|26/100
|move|p2a: Primarina|Moonblast|p1a: Kyurem
|-supereffective|p1a: Kyurem
|-crit|p1a: Kyurem
|-end|p1a: Kyurem|Substitute
|
|upkeep
|turn|24
|
|t:|1758364802
|switch|p2a: Iron Moth|Iron Moth|100/100
|-enditem|p2a: Iron Moth|Booster Energy
|-activate|p2a: Iron Moth|ability: Quark Drive|[fromitem]
|-start|p2a: Iron Moth|quarkdrivespe
|move|p1a: Kyurem|Earth Power|p2a: Iron Moth
|-supereffective|p2a: Iron Moth
|-damage|p2a: Iron Moth|0 fnt
|faint|p2a: Iron Moth
|-end|p2a: Iron Moth|Quark Drive|[silent]
|
|upkeep
|
|t:|1758364808
|switch|p2a: Landorus|Landorus-Therian, M, tera:Flying|100/100
|-ability|p2a: Landorus|Intimidate|boost
|-unboost|p1a: Kyurem|atk|1
|turn|25
|
|t:|1758364813
|switch|p1a: Momo Hirai|Alomomola, F|100/100
|move|p2a: Landorus|Tera Blast|p1a: Momo Hirai|[anim] Tera Blast Flying
|-damage|p1a: Momo Hirai|56/100
|
|upkeep
|turn|26
|
|t:|1758364819
|switch|p2a: Primarina|Primarina, F|44/100
|move|p1a: Momo Hirai|Wish|p1a: Momo Hirai
|
|upkeep
|turn|27
|
|t:|1758364823
|switch|p1a: Empoleon|Empoleon, M|86/100
|move|p2a: Primarina|Moonblast|p1a: Empoleon
|-resisted|p1a: Empoleon
|-damage|p1a: Empoleon|62/100
|
|-heal|p1a: Empoleon|100/100|[from] move: Wish|[wisher] Momo Hirai
|upkeep
|turn|28
|
|t:|1758364827
|switch|p2a: Gholdengo|Gholdengo|80/100
|move|p1a: Empoleon|Air Slash|p2a: Gholdengo
|-resisted|p2a: Gholdengo
|-damage|p2a: Gholdengo|70/100
|
|upkeep
|turn|29
|
|t:|1758364834
|move|p2a: Gholdengo|Shadow Ball|p1a: Empoleon
|-damage|p1a: Empoleon|76/100
|move|p1a: Empoleon|Roost|p1a: Empoleon
|-heal|p1a: Empoleon|100/100
|-singleturn|p1a: Empoleon|move: Roost
|
|upkeep
|turn|30
|
|t:|1758364843
|switch|p2a: Primarina|Primarina, F|44/100
|move|p1a: Empoleon|Air Slash|p2a: Primarina
|-damage|p2a: Primarina|28/100
|
|upkeep
|turn|31
|
|t:|1758364847
|move|p1a: Empoleon|Air Slash|p2a: Primarina
|-damage|p2a: Primarina|13/100
|cant|p2a: Primarina|flinch
|
|upkeep
|turn|32
|
|t:|1758364853
|move|p1a: Empoleon|Air Slash|p2a: Primarina
|-damage|p2a: Primarina|0 fnt
|faint|p2a: Primarina
|
|upkeep
|
|t:|1758364855
|switch|p2a: Ogerpon|Ogerpon-Wellspring, F|100/100
|turn|33
|
|t:|1758364862
|move|p2a: Ogerpon|U-turn|p1a: Empoleon
|-resisted|p1a: Empoleon
|-damage|p1a: Empoleon|86/100
|
|t:|1758364864
|switch|p2a: Gholdengo|Gholdengo|70/100|[from] U-turn
|move|p1a: Empoleon|Air Slash|p2a: Gholdengo
|-resisted|p2a: Gholdengo
|-damage|p2a: Gholdengo|60/100
|
|upkeep
|turn|34
|
|t:|1758364867
|move|p2a: Gholdengo|Focus Blast|p1a: Empoleon|[miss]
|-miss|p2a: Gholdengo|p1a: Empoleon
|move|p1a: Empoleon|Surf|p2a: Gholdengo
|-damage|p2a: Gholdengo|25/100
|
|upkeep
|turn|35
|
|t:|1758364874
|move|p2a: Gholdengo|Focus Blast|p1a: Empoleon|[miss]
|-miss|p2a: Gholdengo|p1a: Empoleon
|move|p1a: Empoleon|Surf|p2a: Gholdengo
|-damage|p2a: Gholdengo|0 fnt
|faint|p2a: Gholdengo
|
|upkeep
|
|t:|1758364883
|switch|p2a: Landorus|Landorus-Therian, M, tera:Flying|100/100
|-ability|p2a: Landorus|Intimidate|boost
|-unboost|p1a: Empoleon|atk|1
|-ability|p1a: Empoleon|Competitive|boost
|-boost|p1a: Empoleon|spa|2
|turn|36
|
|t:|1758364890
|switch|p1a: Momo Hirai|Alomomola, F|90/100
|move|p2a: Landorus|U-turn|p1a: Momo Hirai
|-damage|p1a: Momo Hirai|70/100
|
|t:|1758364892
|switch|p2a: Ogerpon|Ogerpon-Wellspring, F|100/100|[from] U-turn
|
|upkeep
|turn|37
|
|t:|1758364897
|move|p2a: Ogerpon|Ivy Cudgel|p1a: Momo Hirai|[anim] Ivy Cudgel Water
|-resisted|p1a: Momo Hirai
|-damage|p1a: Momo Hirai|49/100
|move|p1a: Momo Hirai|Wish|p1a: Momo Hirai
|
|upkeep
|turn|38
|
|t:|1758364914
|switch|p1a: Empoleon|Empoleon, M|86/100
|move|p2a: Ogerpon|Ivy Cudgel|p1a: Empoleon|[anim] Ivy Cudgel Water
|-resisted|p1a: Empoleon
|-crit|p1a: Empoleon
|-damage|p1a: Empoleon|43/100
|
|-heal|p1a: Empoleon|100/100|[from] move: Wish|[wisher] Momo Hirai
|upkeep
|turn|39
|
|t:|1758364919
|move|p2a: Ogerpon|Knock Off|p1a: Empoleon
|-damage|p1a: Empoleon|75/100
|move|p1a: Empoleon|Air Slash|p2a: Ogerpon
|-supereffective|p2a: Ogerpon
|-damage|p2a: Ogerpon|55/100
|
|upkeep
|turn|40
|
|t:|1758364928
|switch|p1a: Momo Hirai|Alomomola, F|82/100
|move|p2a: Ogerpon|Knock Off|p1a: Momo Hirai
|-damage|p1a: Momo Hirai|59/100
|-enditem|p1a: Momo Hirai|Choice Scarf|[from] move: Knock Off|[of] p2a: Ogerpon
|
|upkeep
|turn|41
|
|t:|1758364934
|move|p2a: Ogerpon|U-turn|p1a: Momo Hirai
|-damage|p1a: Momo Hirai|41/100
|
|t:|1758364936
|switch|p2a: Landorus|Landorus-Therian, M, tera:Flying|100/100|[from] U-turn
|-ability|p2a: Landorus|Intimidate|boost
|-unboost|p1a: Momo Hirai|atk|1
|move|p1a: Momo Hirai|Wish|p1a: Momo Hirai
|
|upkeep
|turn|42
|
|t:|1758364942
|switch|p1a: Dragonite|Dragonite, F, tera:Flying|87/100
|move|p2a: Landorus|Tera Blast|p1a: Dragonite|[anim] Tera Blast Flying
|-damage|p1a: Dragonite|0 fnt
|faint|p1a: Dragonite
|
|upkeep
|
|t:|1758364952
|switch|p1a: Empoleon|Empoleon, M|75/100
|turn|43
|
|t:|1758364956
|switch|p2a: Ogerpon|Ogerpon-Wellspring, F|55/100
|move|p1a: Empoleon|Roost|p1a: Empoleon
|-heal|p1a: Empoleon|100/100
|-singleturn|p1a: Empoleon|move: Roost
|
|upkeep
|turn|44
|
|t:|1758364960
|switch|p1a: Kyurem|Kyurem, shiny|26/100
|-ability|p1a: Kyurem|Pressure
|move|p2a: Ogerpon|Encore||[still]
|-fail|p2a: Ogerpon
|
|upkeep
|turn|45
|
|t:|1758364982
|switch|p1a: Empoleon|Empoleon, M|100/100
|move|p2a: Ogerpon|Ivy Cudgel|p1a: Empoleon|[anim] Ivy Cudgel Water
|-resisted|p1a: Empoleon
|-damage|p1a: Empoleon|69/100
|
|upkeep
|turn|46
|
|t:|1758364989
|move|p2a: Ogerpon|Knock Off|p1a: Empoleon
|-damage|p1a: Empoleon|42/100
|move|p1a: Empoleon|Air Slash|p2a: Ogerpon
|-supereffective|p2a: Ogerpon
|-damage|p2a: Ogerpon|13/100
|
|upkeep
|turn|47
|
|t:|1758364996
|move|p2a: Ogerpon|Encore|p1a: Empoleon
|-start|p1a: Empoleon|Encore
|move|p1a: Empoleon|Air Slash|p2a: Ogerpon
|-supereffective|p2a: Ogerpon
|-damage|p2a: Ogerpon|0 fnt
|faint|p2a: Ogerpon
|
|upkeep
|
|t:|1758365000
|switch|p2a: Landorus|Landorus-Therian, M, tera:Flying|100/100
|-ability|p2a: Landorus|Intimidate|boost
|-unboost|p1a: Empoleon|atk|1
|-ability|p1a: Empoleon|Competitive|boost
|-boost|p1a: Empoleon|spa|2
|turn|48
|
|t:|1758365012
|move|p2a: Landorus|Earthquake|p1a: Empoleon
|-supereffective|p1a: Empoleon
|-damage|p1a: Empoleon|0 fnt
|faint|p1a: Empoleon
|
|upkeep
|
|t:|1758365021
|switch|p1a: Momo Hirai|Alomomola, F|74/100
|turn|49
|
|t:|1758365026
|move|p2a: Landorus|Earthquake|p1a: Momo Hirai
|-damage|p1a: Momo Hirai|32/100
|move|p1a: Momo Hirai|Flip Turn|p2a: Landorus
|-damage|p2a: Landorus|80/100
|
|t:|1758365029
|switch|p1a: Kyurem|Kyurem, shiny|26/100|[from] Flip Turn
|-ability|p1a: Kyurem|Pressure
|
|upkeep
|turn|50
|
|t:|1758365033
|move|p2a: Landorus|Earthquake|p1a: Kyurem
|-damage|p1a: Kyurem|0 fnt
|faint|p1a: Kyurem
|
|upkeep
|-message|Obito 2001 forfeited.
|
|win|nah just click
|raw|Obito 2001's rating: 1712 &rarr; <strong>1692</strong><br />(-20 for losing)
|raw|nah just click's rating: 1706 &rarr; <strong>1726</strong><br />(+20 for winning)
|l|☆Obito 2001
|player|p1|
|l|☆nah just click
|player|p2|
