|j|☆PjSand
|j|☆djamao
|t:|1758294255
|gametype|singles
|player|p1|PjSand|169|1443
|player|p2|djamao|1|1433
|gen|9
|tier|[Gen 9] OU
|rated|
|rule|HP Percentage Mod: HP is shown in percentages
|rule|Endless Battle Clause: Forcing endless battles is banned
|rule|Species Clause: Limit one of each Pokémon
|rule|OHKO Clause: OHKO moves are banned
|rule|Evasion Items Clause: Evasion items are banned
|rule|Evasion Moves Clause: Evasion moves are banned
|rule|Evasion Abilities Clause: Evasion abilities are banned
|rule|Sleep Moves Clause: Sleep-inducing moves are banned
|clearpoke
|poke|p1|Ninetales, M|
|poke|p1|Ceruledge, M|
|poke|p1|Venusaur, M|
|poke|p1|Hatterene, F|
|poke|p1|Great Tusk|
|poke|p1|Walking Wake|
|poke|p2|Garchomp, F|
|poke|p2|Alomomola, F|
|poke|p2|Slowking-Galar, M|
|poke|p2|Ogerpon-Wellspring, F|
|poke|p2|Corviknight, M|
|poke|p2|Ditto|
|teampreview
|inactive|Battle timer is ON: inactive players will automatically lose when time's up. (requested by PjSand)
|
|t:|1758294275
|teamsize|p1|6
|teamsize|p2|6
|start
|switch|p1a: Kurama Chakra Mode|Ninetales, M|100/100
|switch|p2a: Garchomp|Garchomp, F|100/100
|-weather|SunnyDay|[from] ability: Drought|[of] p1a: Kurama Chakra Mode
|turn|1
|
|t:|1758294285
|switch|p1a: Die w A Smile|Hatterene, F|100/100
|move|p2a: Garchomp|Earthquake|p1a: Die w A Smile
|-damage|p1a: Die w A Smile|49/100
|-enditem|p1a: Die w A Smile|Eject Button
|
|t:|1758294289
|switch|p1a: Dubya|Walking Wake|100/100
|-activate|p1a: Dubya|ability: Protosynthesis
|-start|p1a: Dubya|protosynthesisspa
|
|-weather|SunnyDay|[upkeep]
|upkeep
|turn|2
|
|t:|1758294297
|switch|p2a: Slowking|Slowking-Galar, M|100/100
|move|p1a: Dubya|Draco Meteor|p2a: Slowking
|-damage|p2a: Slowking|13/100
|-unboost|p1a: Dubya|spa|2
|
|-weather|SunnyDay|[upkeep]
|upkeep
|turn|3
|
|t:|1758294307
|switch|p2a: Corviknight|Corviknight, M|100/100
|-ability|p2a: Corviknight|Pressure
|move|p1a: Dubya|Draco Meteor|p2a: Corviknight
|-resisted|p2a: Corviknight
|-damage|p2a: Corviknight|65/100
|-unboost|p1a: Dubya|spa|2
|
|-weather|SunnyDay|[upkeep]
|upkeep
|turn|4
|
|t:|1758294318
|-end|p1a: Dubya|Protosynthesis|[silent]
|switch|p1a: Die w A Smile|Hatterene, F|49/100
|move|p2a: Corviknight|Roost|p2a: Corviknight
|-heal|p2a: Corviknight|100/100
|-singleturn|p2a: Corviknight|move: Roost
|
|-weather|SunnyDay|[upkeep]
|upkeep
|turn|5
|
|t:|1758294329
|switch|p2a: Slowking|Slowking-Galar, M|46/100
|move|p1a: Die w A Smile|Dazzling Gleam|p2a: Slowking
|-resisted|p2a: Slowking
|-damage|p2a: Slowking|35/100
|
|-weather|SunnyDay|[upkeep]
|upkeep
|turn|6
|
|t:|1758294342
|move|p1a: Die w A Smile|Nuzzle|p2a: Slowking
|-damage|p2a: Slowking|31/100
|-status|p2a: Slowking|par
|-prepare|p2a: Slowking|Chilly Reception|[premajor]
|move|p2a: Slowking|Chilly Reception|p2a: Slowking
|-weather|Snowscape
|
|t:|1758294351
|switch|p2a: Garchomp|Garchomp, F|100/100|[from] Chilly Reception
|
|-weather|Snowscape|[upkeep]
|upkeep
|turn|7
|
|t:|1758294358
|switch|p1a: Lynrd Spynrd|Great Tusk|100/100
|-terastallize|p2a: Garchomp|Ground
|move|p2a: Garchomp|Earthquake|p1a: Lynrd Spynrd
|-damage|p1a: Lynrd Spynrd|51/100
|
|-weather|Snowscape|[upkeep]
|upkeep
|turn|8
|
|t:|1758294367
|move|p2a: Garchomp|Earthquake|p1a: Lynrd Spynrd
|-damage|p1a: Lynrd Spynrd|2/100
|move|p1a: Lynrd Spynrd|Stealth Rock|p2a: Garchomp
|-sidestart|p2: djamao|move: Stealth Rock
|
|-weather|Snowscape|[upkeep]
|upkeep
|turn|9
|
|t:|1758294374
|move|p2a: Garchomp|Earthquake|p1a: Lynrd Spynrd
|-damage|p1a: Lynrd Spynrd|0 fnt
|faint|p1a: Lynrd Spynrd
|-end|p1a: Lynrd Spynrd|Protosynthesis|[silent]
|
|-weather|Snowscape|[upkeep]
|upkeep
|
|t:|1758294378
|switch|p1a: Kurama Chakra Mode|Ninetales, M|100/100
|-weather|SunnyDay|[from] ability: Drought|[of] p1a: Kurama Chakra Mode
|turn|10
|
|t:|1758294383
|switch|p1a: Die w A Smile|Hatterene, F|49/100
|move|p2a: Garchomp|Earthquake|p1a: Die w A Smile
|-damage|p1a: Die w A Smile|0 fnt
|faint|p1a: Die w A Smile
|
|-weather|SunnyDay|[upkeep]
|upkeep
|
|t:|1758294387
|switch|p1a: Venu Vidi Vici|Venusaur, M|100/100
|turn|11
|
|t:|1758294397
|switch|p2a: Slowking|Slowking-Galar, M|64/100 par
|move|p1a: Venu Vidi Vici|Weather Ball|p2a: Slowking
|-damage|p2a: Slowking|30/100 par
|-damage|p1a: Venu Vidi Vici|91/100|[from] item: Life Orb
|
|-weather|SunnyDay|[upkeep]
|upkeep
|turn|12
|
|t:|1758294407
|switch|p2a: Alomomola|Alomomola, F|100/100
|move|p1a: Venu Vidi Vici|Weather Ball|p2a: Alomomola
|-resisted|p2a: Alomomola
|-damage|p2a: Alomomola|61/100
|-damage|p1a: Venu Vidi Vici|81/100|[from] item: Life Orb
|
|-weather|SunnyDay|[upkeep]
|upkeep
|turn|13
|
|t:|1758294417
|switch|p2a: Slowking|Slowking-Galar, M|64/100 par
|move|p1a: Venu Vidi Vici|Weather Ball|p2a: Slowking
|-damage|p2a: Slowking|26/100 par
|-damage|p1a: Venu Vidi Vici|71/100|[from] item: Life Orb
|
|-weather|SunnyDay|[upkeep]
|upkeep
|turn|14
|
|t:|1758294428
|switch|p2a: Alomomola|Alomomola, F|94/100
|move|p1a: Venu Vidi Vici|Growth|p1a: Venu Vidi Vici
|-boost|p1a: Venu Vidi Vici|atk|2
|-boost|p1a: Venu Vidi Vici|spa|2
|
|-weather|SunnyDay|[upkeep]
|upkeep
|turn|15
|
|t:|1758294437
|switch|p2a: Slowking|Slowking-Galar, M|59/100 par
|move|p1a: Venu Vidi Vici|Weather Ball|p2a: Slowking
|-damage|p2a: Slowking|0 fnt
|faint|p2a: Slowking
|-damage|p1a: Venu Vidi Vici|61/100|[from] item: Life Orb
|
|-weather|SunnyDay|[upkeep]
|upkeep
|
|t:|1758294447
|switch|p2a: Ditto|Ditto|100/100
|-damage|p2a: Ditto|88/100|[from] Stealth Rock
|-transform|p2a: Ditto|p1a: Venu Vidi Vici|[from] ability: Imposter
|turn|16
|
|t:|1758294456
|-terastallize|p1a: Venu Vidi Vici|Fire
|move|p2a: Ditto|Sludge Bomb|p1a: Venu Vidi Vici
|-damage|p1a: Venu Vidi Vici|0 fnt
|faint|p1a: Venu Vidi Vici
|
|-weather|SunnyDay|[upkeep]
|upkeep
|
|t:|1758294463
|switch|p1a: Slayboi Carti|Ceruledge, M|100/100
|turn|17
|
|t:|1758294469
|switch|p2a: Alomomola|Alomomola, F|100/100
|move|p1a: Slayboi Carti|Swords Dance|p1a: Slayboi Carti
|-boost|p1a: Slayboi Carti|atk|2
|
|-weather|none
|upkeep
|turn|18
|
|t:|1758294477
|move|p1a: Slayboi Carti|Swords Dance|p1a: Slayboi Carti
|-boost|p1a: Slayboi Carti|atk|2
|move|p2a: Alomomola|Flip Turn|p1a: Slayboi Carti
|-supereffective|p1a: Slayboi Carti
|-damage|p1a: Slayboi Carti|61/100
|-ability|p1a: Slayboi Carti|Weak Armor|boost
|-unboost|p1a: Slayboi Carti|def|1
|-boost|p1a: Slayboi Carti|spe|2
|
|t:|1758294486
|switch|p2a: Ditto|Ditto|88/100|[from] Flip Turn
|-damage|p2a: Ditto|76/100|[from] Stealth Rock
|-transform|p2a: Ditto|p1a: Slayboi Carti|[from] ability: Imposter
|
|upkeep
|turn|19
|
|t:|1758294506
|move|p2a: Ditto|Bitter Blade|p1a: Slayboi Carti
|-resisted|p1a: Slayboi Carti
|-damage|p1a: Slayboi Carti|0 fnt
|-heal|p2a: Ditto|100/100|[from] drain|[of] p1a: Slayboi Carti
|faint|p1a: Slayboi Carti
|
|upkeep
|
|t:|1758294509
|switch|p1a: Dubya|Walking Wake|100/100
|turn|20
|
|t:|1758294522
|move|p2a: Ditto|Bitter Blade|p1a: Dubya
|-resisted|p1a: Dubya
|-damage|p1a: Dubya|65/100
|move|p1a: Dubya|Hydro Steam|p2a: Ditto
|-supereffective|p2a: Ditto
|-damage|p2a: Ditto|0 fnt
|faint|p2a: Ditto
|
|upkeep
|
|t:|1758294534
|switch|p2a: Ogerpon|Ogerpon-Wellspring, F|100/100
|-damage|p2a: Ogerpon|88/100|[from] Stealth Rock
|turn|21
|
|t:|1758294539
|-end|p1a: Dubya|Protosynthesis|[silent]
|switch|p1a: Kurama Chakra Mode|Ninetales, M|100/100
|-weather|SunnyDay|[from] ability: Drought|[of] p1a: Kurama Chakra Mode
|move|p2a: Ogerpon|Substitute|p2a: Ogerpon
|-start|p2a: Ogerpon|Substitute
|-damage|p2a: Ogerpon|63/100
|
|-weather|SunnyDay|[upkeep]
|upkeep
|turn|22
|
|t:|1758294548
|move|p2a: Ogerpon|Ivy Cudgel|p1a: Kurama Chakra Mode|[anim] Ivy Cudgel Water
|-supereffective|p1a: Kurama Chakra Mode
|-damage|p1a: Kurama Chakra Mode|30/100
|move|p1a: Kurama Chakra Mode|Encore|p2a: Ogerpon
|-start|p2a: Ogerpon|Encore
|
|-weather|SunnyDay|[upkeep]
|upkeep
|turn|23
|
|t:|1758294556
|move|p2a: Ogerpon|Ivy Cudgel|p1a: Kurama Chakra Mode|[anim] Ivy Cudgel Water
|-supereffective|p1a: Kurama Chakra Mode
|-crit|p1a: Kurama Chakra Mode
|-damage|p1a: Kurama Chakra Mode|0 fnt
|faint|p1a: Kurama Chakra Mode
|
|-weather|SunnyDay|[upkeep]
|upkeep
|
|t:|1758294558
|switch|p1a: Dubya|Walking Wake|65/100
|-activate|p1a: Dubya|ability: Protosynthesis
|-start|p1a: Dubya|protosynthesisspa
|turn|24
|
|t:|1758294567
|move|p2a: Ogerpon|Ivy Cudgel|p1a: Dubya|[anim] Ivy Cudgel Water
|-resisted|p1a: Dubya
|-damage|p1a: Dubya|57/100
|move|p1a: Dubya|Dragon Pulse|p2a: Ogerpon
|-end|p2a: Ogerpon|Substitute
|
|-weather|SunnyDay|[upkeep]
|upkeep
|turn|25
|
|t:|1758294577
|switch|p2a: Corviknight|Corviknight, M|100/100
|-damage|p2a: Corviknight|88/100|[from] Stealth Rock
|-ability|p2a: Corviknight|Pressure
|move|p1a: Dubya|Dragon Pulse|p2a: Corviknight
|-resisted|p2a: Corviknight
|-damage|p2a: Corviknight|40/100
|
|-weather|SunnyDay|[upkeep]
|upkeep
|turn|26
|
|t:|1758294588
|move|p1a: Dubya|Dragon Pulse|p2a: Corviknight
|-resisted|p2a: Corviknight
|-damage|p2a: Corviknight|0 fnt
|faint|p2a: Corviknight
|
|-weather|SunnyDay|[upkeep]
|upkeep
|
|t:|1758294595
|switch|p2a: Alomomola|Alomomola, F|100/100
|turn|27
|
|t:|1758294601
|move|p1a: Dubya|Dragon Pulse|p2a: Alomomola
|-damage|p2a: Alomomola|0 fnt
|faint|p2a: Alomomola
|
|-weather|SunnyDay|[upkeep]
|upkeep
|
|t:|1758294608
|switch|p2a: Garchomp|Garchomp, F, tera:Ground|100/100
|-damage|p2a: Garchomp|94/100|[from] Stealth Rock
|turn|28
|
|t:|1758294613
|move|p2a: Garchomp|Earthquake|p1a: Dubya
|-damage|p1a: Dubya|0 fnt
|faint|p1a: Dubya
|-end|p1a: Dubya|Protosynthesis|[silent]
|
|win|djamao
|raw|PjSand's rating: 1443 &rarr; <strong>1422</strong><br />(-21 for losing)
|raw|djamao's rating: 1433 &rarr; <strong>1454</strong><br />(+21 for winning)
|l|☆PjSand
|player|p1|
|l|☆djamao
|player|p2|
