|j|☆Amoroc
|j|☆Jute main
|t:|1758308099
|gametype|singles
|player|p1|Amoroc|hiker|1422
|player|p2|Jute main|riley|1447
|gen|9
|tier|[Gen 9] OU
|rated|
|rule|HP Percentage Mod: HP is shown in percentages
|rule|Endless Battle Clause: Forcing endless battles is banned
|rule|Species Clause: Limit one of each Pokémon
|rule|OHKO Clause: OHKO moves are banned
|rule|Evasion Items Clause: Evasion items are banned
|rule|Evasion Moves Clause: Evasion moves are banned
|rule|Evasion Abilities Clause: Evasion abilities are banned
|rule|Sleep Moves Clause: Sleep-inducing moves are banned
|clearpoke
|poke|p1|Vaporeon, F|
|poke|p1|Ting-Lu|
|poke|p1|Electrode-Hisui|
|poke|p1|Haxorus, F|
|poke|p1|Talonflame, M|
|poke|p1|Tinkaton, F|
|poke|p2|Primarina, F|
|poke|p2|Great Tusk|
|poke|p2|Clefable, M|
|poke|p2|Iron Moth|
|poke|p2|Raging Bolt|
|poke|p2|Ogerpon-Wellspring, F|
|teampreview
|c|☆Jute main|gl cool team
|
|t:|1758308120
|teamsize|p1|6
|teamsize|p2|6
|start
|switch|p1a: Sanae Dekomori|Tinkaton, F|100/100
|switch|p2a: Raging Bolt|Raging Bolt|100/100
|-ability|p1a: Sanae Dekomori|Mold Breaker
|turn|1
|c|☆Amoroc|goodluck
|
|t:|1758308130
|move|p1a: Sanae Dekomori|Play Rough|p2a: Raging Bolt
|-supereffective|p2a: Raging Bolt
|-damage|p2a: Raging Bolt|50/100
|move|p2a: Raging Bolt|Volt Switch|p1a: Sanae Dekomori
|-damage|p1a: Sanae Dekomori|31/100
|
|t:|1758308136
|-end|p2a: Raging Bolt|Protosynthesis|[silent]
|switch|p2a: Ogerpon|Ogerpon-Wellspring, F|100/100|[from] Volt Switch
|
|-heal|p1a: Sanae Dekomori|37/100|[from] item: Leftovers
|upkeep
|turn|2
|
|t:|1758308151
|switch|p1a: Megumin|Electrode-Hisui|100/100
|move|p2a: Ogerpon|Ivy Cudgel|p1a: Megumin|[anim] Ivy Cudgel Water
|-resisted|p1a: Megumin
|-damage|p1a: Megumin|55/100
|
|upkeep
|turn|3
|
|t:|1758308161
|switch|p2a: Raging Bolt|Raging Bolt|50/100
|move|p1a: Megumin|Chloroblast|p2a: Raging Bolt
|-resisted|p2a: Raging Bolt
|-damage|p2a: Raging Bolt|12/100
|-damage|p1a: Megumin|4/100|[from] Recoil
|
|upkeep
|turn|4
|
|t:|1758308171
|switch|p1a: Noko Shikanoko|Ting-Lu|100/100
|-ability|p1a: Noko Shikanoko|Vessel of Ruin
|move|p2a: Raging Bolt|Thunderclap||[still]
|-fail|p2a: Raging Bolt
|
|upkeep
|turn|5
|
|t:|1758308202
|-end|p2a: Raging Bolt|Protosynthesis|[silent]
|switch|p2a: Great Tusk|Great Tusk|100/100
|move|p1a: Noko Shikanoko|Throat Chop|p2a: Great Tusk
|-resisted|p2a: Great Tusk
|-damage|p2a: Great Tusk|81/100
|-start|p2a: Great Tusk|Throat Chop|[silent]
|-damage|p1a: Noko Shikanoko|84/100|[from] item: Rocky Helmet|[of] p2a: Great Tusk
|
|upkeep
|turn|6
|
|t:|1758308216
|switch|p1a: Jibril|Talonflame, M|100/100
|move|p2a: Great Tusk|Knock Off|p1a: Jibril
|-damage|p1a: Jibril|61/100
|-enditem|p1a: Jibril|Heavy-Duty Boots|[from] move: Knock Off|[of] p2a: Great Tusk
|
|-end|p2a: Great Tusk|Throat Chop|[silent]
|upkeep
|turn|7
|
|t:|1758308224
|-end|p2a: Great Tusk|Protosynthesis|[silent]
|switch|p2a: Raging Bolt|Raging Bolt|12/100
|move|p1a: Jibril|Will-O-Wisp|p2a: Raging Bolt
|-status|p2a: Raging Bolt|brn
|
|-damage|p2a: Raging Bolt|6/100 brn|[from] brn
|upkeep
|turn|8
|
|t:|1758308235
|switch|p1a: Noko Shikanoko|Ting-Lu|84/100
|-ability|p1a: Noko Shikanoko|Vessel of Ruin
|move|p2a: Raging Bolt|Draco Meteor|p1a: Noko Shikanoko
|-damage|p1a: Noko Shikanoko|19/100
|-unboost|p2a: Raging Bolt|spa|2
|
|-damage|p2a: Raging Bolt|0 fnt|[from] brn
|faint|p2a: Raging Bolt
|-end|p2a: Raging Bolt|Protosynthesis|[silent]
|upkeep
|
|t:|1758308241
|switch|p2a: Ogerpon|Ogerpon-Wellspring, F|100/100
|turn|9
|
|t:|1758308251
|move|p2a: Ogerpon|Ivy Cudgel|p1a: Noko Shikanoko|[anim] Ivy Cudgel Water
|-supereffective|p1a: Noko Shikanoko
|-damage|p1a: Noko Shikanoko|0 fnt
|faint|p1a: Noko Shikanoko
|
|upkeep
|
|t:|1758308255
|switch|p1a: Rim|Haxorus, F|100/100
|-ability|p1a: Rim|Mold Breaker
|turn|10
|
|t:|1758308265
|move|p1a: Rim|First Impression|p2a: Ogerpon
|-supereffective|p2a: Ogerpon
|-damage|p2a: Ogerpon|0 fnt
|faint|p2a: Ogerpon
|-damage|p1a: Rim|91/100|[from] item: Life Orb
|
|upkeep
|
|t:|1758308269
|switch|p2a: Primarina|Primarina, F|100/100
|turn|11
|
|t:|1758308277
|switch|p1a: Excel Walter|Vaporeon, F|100/100
|move|p2a: Primarina|Substitute|p2a: Primarina
|-start|p2a: Primarina|Substitute
|-damage|p2a: Primarina|76/100
|
|-heal|p2a: Primarina|82/100|[from] item: Leftovers
|upkeep
|turn|12
|
|t:|1758308285
|move|p2a: Primarina|Calm Mind|p2a: Primarina
|-boost|p2a: Primarina|spa|1
|-boost|p2a: Primarina|spd|1
|move|p1a: Excel Walter|Calm Mind|p1a: Excel Walter
|-boost|p1a: Excel Walter|spa|1
|-boost|p1a: Excel Walter|spd|1
|
|-heal|p2a: Primarina|88/100|[from] item: Leftovers
|upkeep
|turn|13
|
|t:|1758308301
|switch|p1a: Megumin|Electrode-Hisui|4/100
|move|p2a: Primarina|Calm Mind|p2a: Primarina
|-boost|p2a: Primarina|spa|1
|-boost|p2a: Primarina|spd|1
|
|-heal|p2a: Primarina|94/100|[from] item: Leftovers
|upkeep
|turn|14
|
|t:|1758308314
|move|p1a: Megumin|Volt Switch|p2a: Primarina
|-supereffective|p2a: Primarina
|-end|p2a: Primarina|Substitute
|
|t:|1758308333
|switch|p1a: Sanae Dekomori|Tinkaton, F|37/100|[from] Volt Switch
|-ability|p1a: Sanae Dekomori|Mold Breaker
|move|p2a: Primarina|Moonblast|p1a: Sanae Dekomori
|-resisted|p1a: Sanae Dekomori
|-damage|p1a: Sanae Dekomori|0 fnt
|faint|p1a: Sanae Dekomori
|
|-heal|p2a: Primarina|100/100|[from] item: Leftovers
|upkeep
|
|t:|1758308361
|switch|p1a: Megumin|Electrode-Hisui|4/100
|turn|15
|
|t:|1758308375
|-terastallize|p1a: Megumin|Electric
|-terastallize|p2a: Primarina|Steel
|move|p1a: Megumin|Volt Switch|p2a: Primarina
|-damage|p2a: Primarina|77/100
|
|t:|1758308390
|switch|p1a: Jibril|Talonflame, M|61/100|[from] Volt Switch
|move|p2a: Primarina|Moonblast|p1a: Jibril
|-resisted|p1a: Jibril
|-damage|p1a: Jibril|0 fnt
|faint|p1a: Jibril
|
|-heal|p2a: Primarina|83/100|[from] item: Leftovers
|upkeep
|
|t:|1758308398
|switch|p1a: Rim|Haxorus, F|91/100
|-ability|p1a: Rim|Mold Breaker
|turn|16
|
|t:|1758308410
|switch|p2a: Clefable|Clefable, M|100/100
|move|p1a: Rim|Earthquake|p2a: Clefable
|-damage|p2a: Clefable|65/100
|-damage|p1a: Rim|81/100|[from] item: Life Orb
|
|upkeep
|turn|17
|
|t:|1758308420
|switch|p1a: Excel Walter|Vaporeon, F|100/100
|switch|p2a: Great Tusk|Great Tusk|81/100
|
|upkeep
|turn|18
|
|t:|1758308427
|move|p2a: Great Tusk|Knock Off|p1a: Excel Walter
|-damage|p1a: Excel Walter|79/100
|-enditem|p1a: Excel Walter|Leftovers|[from] move: Knock Off|[of] p2a: Great Tusk
|move|p1a: Excel Walter|Scald|p2a: Great Tusk
|-supereffective|p2a: Great Tusk
|-damage|p2a: Great Tusk|0 fnt
|faint|p2a: Great Tusk
|-end|p2a: Great Tusk|Protosynthesis|[silent]
|
|upkeep
|
|t:|1758308439
|switch|p2a: Clefable|Clefable, M|65/100
|turn|19
|
|t:|1758308455
|move|p1a: Excel Walter|Scald|p2a: Clefable
|-damage|p2a: Clefable|36/100
|move|p2a: Clefable|Wish|p2a: Clefable
|
|upkeep
|turn|20
|
|t:|1758308460
|move|p2a: Clefable|Protect|p2a: Clefable
|-singleturn|p2a: Clefable|Protect
|move|p1a: Excel Walter|Calm Mind|p1a: Excel Walter
|-boost|p1a: Excel Walter|spa|1
|-boost|p1a: Excel Walter|spd|1
|
|-heal|p2a: Clefable|86/100|[from] move: Wish|[wisher] Clefable
|upkeep
|turn|21
|
|t:|1758308467
|move|p1a: Excel Walter|Scald|p2a: Clefable
|-damage|p2a: Clefable|57/100
|move|p2a: Clefable|Thunder Wave|p1a: Excel Walter
|-status|p1a: Excel Walter|par
|
|upkeep
|turn|22
|
|t:|1758308495
|move|p2a: Clefable|Wish|p2a: Clefable
|move|p1a: Excel Walter|Scald|p2a: Clefable
|-damage|p2a: Clefable|28/100
|
|upkeep
|turn|23
|
|t:|1758308501
|move|p2a: Clefable|Protect|p2a: Clefable
|-singleturn|p2a: Clefable|Protect
|move|p1a: Excel Walter|Scald|p2a: Clefable
|-activate|p2a: Clefable|move: Protect
|
|-heal|p2a: Clefable|78/100|[from] move: Wish|[wisher] Clefable
|upkeep
|turn|24
|
|t:|1758308508
|move|p2a: Clefable|Wish|p2a: Clefable
|move|p1a: Excel Walter|Scald|p2a: Clefable
|-damage|p2a: Clefable|49/100
|
|upkeep
|turn|25
|
|t:|1758308516
|switch|p1a: Megumin|Electrode-Hisui, tera:Electric|4/100
|move|p2a: Clefable|Moonblast|p1a: Megumin
|-damage|p1a: Megumin|0 fnt
|faint|p1a: Megumin
|
|-heal|p2a: Clefable|99/100|[from] move: Wish|[wisher] Clefable
|upkeep
|
|t:|1758308530
|switch|p1a: Rim|Haxorus, F|81/100
|-ability|p1a: Rim|Mold Breaker
|turn|26
|
|t:|1758308540
|move|p2a: Clefable|Protect|p2a: Clefable
|-singleturn|p2a: Clefable|Protect
|move|p1a: Rim|Earthquake|p2a: Clefable
|-activate|p2a: Clefable|move: Protect
|
|upkeep
|turn|27
|
|t:|1758308547
|move|p1a: Rim|Earthquake|p2a: Clefable
|-damage|p2a: Clefable|60/100
|-damage|p1a: Rim|71/100|[from] item: Life Orb
|move|p2a: Clefable|Moonblast|p1a: Rim
|-supereffective|p1a: Rim
|-damage|p1a: Rim|0 fnt
|faint|p1a: Rim
|
|upkeep
|c|☆Amoroc|gg
|
|t:|1758308555
|switch|p1a: Excel Walter|Vaporeon, F|79/100 par
|turn|28
|
|t:|1758308558
|move|p2a: Clefable|Wish|p2a: Clefable
|move|p1a: Excel Walter|Ice Beam|p2a: Clefable
|-damage|p2a: Clefable|39/100
|
|upkeep
|turn|29
|
|t:|1758308564
|move|p2a: Clefable|Moonblast|p1a: Excel Walter
|-crit|p1a: Excel Walter
|-damage|p1a: Excel Walter|41/100 par
|-unboost|p1a: Excel Walter|spa|1
|cant|p1a: Excel Walter|par
|
|-heal|p2a: Clefable|89/100|[from] move: Wish|[wisher] Clefable
|upkeep
|turn|30
|c|☆Jute main|gg
|
|t:|1758308572
|move|p2a: Clefable|Moonblast|p1a: Excel Walter
|-damage|p1a: Excel Walter|15/100 par
|move|p1a: Excel Walter|Ice Beam|p2a: Clefable
|-damage|p2a: Clefable|66/100
|
|upkeep
|turn|31
|
|t:|1758308579
|move|p2a: Clefable|Moonblast|p1a: Excel Walter
|-damage|p1a: Excel Walter|0 fnt
|faint|p1a: Excel Walter
|
|win|Jute main
|raw|Amoroc's rating: 1422 &rarr; <strong>1403</strong><br />(-19 for losing)
|raw|Jute main's rating: 1447 &rarr; <strong>1466</strong><br />(+19 for winning)
|l|☆Jute main
|player|p2|
|l|☆Amoroc
|player|p1|
