|j|☆meronade123
|j|☆783456927834h
|t:|1758348651
|gametype|singles
|player|p1|meronade123|101|1134
|player|p2|783456927834h|169|1115
|gen|9
|tier|[Gen 9] OU
|rated|
|rule|HP Percentage Mod: HP is shown in percentages
|rule|Endless Battle Clause: Forcing endless battles is banned
|rule|Species Clause: Limit one of each Pokémon
|rule|OHKO Clause: OHKO moves are banned
|rule|Evasion Items Clause: Evasion items are banned
|rule|Evasion Moves Clause: Evasion moves are banned
|rule|Evasion Abilities Clause: Evasion abilities are banned
|rule|Sleep Moves Clause: Sleep-inducing moves are banned
|clearpoke
|poke|p1|Lapras, M|
|poke|p1|Pelipper, F|
|poke|p1|Mimikyu, M|
|poke|p1|Iron Valiant|
|poke|p1|Incineroar, M|
|poke|p1|Pikachu-Partner, M|
|poke|p2|Araquanid, M|
|poke|p2|Enamorus, F|
|poke|p2|Gliscor, F|
|poke|p2|Ceruledge, M|
|poke|p2|Raging Bolt|
|poke|p2|Dragapult, F|
|teampreview
|
|t:|1758348662
|teamsize|p1|6
|teamsize|p2|6
|start
|switch|p1a: Pelipper|Pelipper, F|100/100
|switch|p2a: Araquanid|Araquanid, M|100/100
|-weather|RainDance|[from] ability: Drizzle|[of] p1a: Pelipper
|turn|1
|
|t:|1758348669
|move|p1a: Pelipper|Hurricane|p2a: Araquanid
|-supereffective|p2a: Araquanid
|-damage|p2a: Araquanid|26/100
|-start|p2a: Araquanid|confusion
|-activate|p2a: Araquanid|confusion
|move|p2a: Araquanid|Sticky Web|p1a: Pelipper
|-sidestart|p1: meronade123|move: Sticky Web
|
|-weather|RainDance|[upkeep]
|-heal|p2a: Araquanid|32/100|[from] item: Leftovers
|upkeep
|turn|2
|
|t:|1758348687
|move|p1a: Pelipper|Hurricane|p2a: Araquanid
|-supereffective|p2a: Araquanid
|-damage|p2a: Araquanid|0 fnt
|faint|p2a: Araquanid
|
|-weather|RainDance|[upkeep]
|upkeep
|
|t:|1758348698
|switch|p2a: Raging Bolt|Raging Bolt|100/100
|-enditem|p2a: Raging Bolt|Booster Energy
|-activate|p2a: Raging Bolt|ability: Protosynthesis|[fromitem]
|-start|p2a: Raging Bolt|protosynthesisspa
|turn|3
|
|t:|1758348714
|switch|p1a: Pikachu|Pikachu-Partner, M|100/100
|-activate|p1a: Pikachu|move: Sticky Web
|-unboost|p1a: Pikachu|spe|1
|move|p2a: Raging Bolt|Thunderbolt|p1a: Pikachu
|-ability|p1a: Pikachu|Lightning Rod|boost
|-boost|p1a: Pikachu|spa|1
|
|-weather|RainDance|[upkeep]
|upkeep
|turn|4
|
|t:|1758348756
|move|p1a: Pikachu|Surf|p2a: Raging Bolt
|-resisted|p2a: Raging Bolt
|-damage|p2a: Raging Bolt|82/100
|move|p2a: Raging Bolt|Dragon Pulse|p1a: Pikachu
|-damage|p1a: Pikachu|0 fnt
|faint|p1a: Pikachu
|
|-weather|RainDance|[upkeep]
|upkeep
|
|t:|1758348785
|switch|p1a: Lapras|Lapras, M|100/100
|-activate|p1a: Lapras|move: Sticky Web
|-unboost|p1a: Lapras|spe|1
|turn|5
|
|t:|1758348790
|-terastallize|p1a: Lapras|Ground
|move|p2a: Raging Bolt|Thunderbolt|p1a: Lapras
|-immune|p1a: Lapras
|move|p1a: Lapras|Dragon Dance|p1a: Lapras
|-boost|p1a: Lapras|atk|1
|-boost|p1a: Lapras|spe|1
|
|-weather|none
|upkeep
|turn|6
|
|t:|1758348808
|move|p2a: Raging Bolt|Dragon Pulse|p1a: Lapras
|-damage|p1a: Lapras|40/100
|move|p1a: Lapras|Icicle Spear|p2a: Raging Bolt
|-supereffective|p2a: Raging Bolt
|-damage|p2a: Raging Bolt|54/100
|-supereffective|p2a: Raging Bolt
|-damage|p2a: Raging Bolt|21/100
|-supereffective|p2a: Raging Bolt
|-damage|p2a: Raging Bolt|0 fnt
|faint|p2a: Raging Bolt
|-end|p2a: Raging Bolt|Protosynthesis|[silent]
|-hitcount|p2: Raging Bolt|3
|
|upkeep
|
|t:|1758348828
|switch|p2a: Ceruledge|Ceruledge, M|100/100
|turn|7
|
|t:|1758348834
|move|p2a: Ceruledge|Swords Dance|p2a: Ceruledge
|-boost|p2a: Ceruledge|atk|2
|move|p1a: Lapras|Surf|p2a: Ceruledge
|-supereffective|p2a: Ceruledge
|-damage|p2a: Ceruledge|35/100
|
|upkeep
|turn|8
|
|t:|1758348842
|move|p2a: Ceruledge|Bitter Blade|p1a: Lapras
|-damage|p1a: Lapras|0 fnt
|-heal|p2a: Ceruledge|62/100|[from] drain|[of] p1a: Lapras
|faint|p1a: Lapras
|
|upkeep
|
|t:|1758348849
|switch|p1a: Pelipper|Pelipper, F|100/100
|-weather|RainDance|[from] ability: Drizzle|[of] p1a: Pelipper
|turn|9
|
|t:|1758348858
|move|p2a: Ceruledge|Shadow Sneak|p1a: Pelipper
|-damage|p1a: Pelipper|53/100
|move|p1a: Pelipper|Weather Ball|p2a: Ceruledge
|-supereffective|p2a: Ceruledge
|-damage|p2a: Ceruledge|0 fnt
|faint|p2a: Ceruledge
|
|-weather|RainDance|[upkeep]
|upkeep
|
|t:|1758348871
|switch|p2a: Dragapult|Dragapult, F|100/100
|turn|10
|
|t:|1758348899
|switch|p1a: Incineroar|Incineroar, M|100/100
|-ability|p1a: Incineroar|Intimidate|boost
|-fail|p2a: Dragapult|unboost|[from] ability: Clear Body|[of] p2a: Dragapult
|-item|p1a: Incineroar|Air Balloon
|move|p2a: Dragapult|Dragon Dance|p2a: Dragapult
|-boost|p2a: Dragapult|atk|1
|-boost|p2a: Dragapult|spe|1
|
|-weather|RainDance|[upkeep]
|upkeep
|turn|11
|
|t:|1758348919
|move|p2a: Dragapult|Dragon Darts|p1a: Incineroar
|-damage|p1a: Incineroar|51/100
|-enditem|p1a: Incineroar|Air Balloon
|-anim|p2a: Dragapult|Dragon Darts|p1a: Incineroar
|-damage|p1a: Incineroar|2/100
|-damage|p2a: Dragapult|91/100|[from] item: Life Orb
|move|p1a: Incineroar|Overheat|p2a: Dragapult
|-resisted|p2a: Dragapult
|-damage|p2a: Dragapult|77/100
|-unboost|p1a: Incineroar|spa|2
|
|-weather|RainDance|[upkeep]
|upkeep
|turn|12
|
|t:|1758348940
|move|p1a: Incineroar|Fake Out||[still]
|-hint|Fake Out only works on your first turn out.
|-fail|p1a: Incineroar
|move|p2a: Dragapult|Dragon Darts|p1a: Incineroar
|-damage|p1a: Incineroar|0 fnt
|faint|p1a: Incineroar
|-damage|p2a: Dragapult|67/100|[from] item: Life Orb
|
|-weather|RainDance|[upkeep]
|upkeep
|
|t:|1758348962
|switch|p1a: Mimikyu|Mimikyu, M|100/100
|-activate|p1a: Mimikyu|move: Sticky Web
|-unboost|p1a: Mimikyu|spe|1
|turn|13
|
|t:|1758348968
|move|p2a: Dragapult|Dragon Darts|p1a: Mimikyu
|-immune|p1a: Mimikyu
|move|p1a: Mimikyu|Draining Kiss|p2a: Dragapult
|-supereffective|p2a: Dragapult
|-damage|p2a: Dragapult|35/100
|-damage|p1a: Mimikyu|91/100|[from] item: Life Orb
|
|-weather|none
|upkeep
|turn|14
|
|t:|1758348982
|-terastallize|p2a: Dragapult|Psychic
|move|p2a: Dragapult|Psychic Fangs|p1a: Mimikyu
|-activate|p1a: Mimikyu|ability: Disguise
|-damage|p1a: Mimikyu|91/100
|detailschange|p1a: Mimikyu|Mimikyu-Busted, M
|-damage|p1a: Mimikyu|78/100|[from] pokemon: Mimikyu-Busted
|-damage|p2a: Dragapult|25/100|[from] item: Life Orb
|move|p1a: Mimikyu|Swords Dance|p1a: Mimikyu
|-boost|p1a: Mimikyu|atk|2
|
|upkeep
|turn|15
|
|t:|1758348999
|move|p1a: Mimikyu|Shadow Sneak|p2a: Dragapult
|-supereffective|p2a: Dragapult
|-damage|p2a: Dragapult|0 fnt
|faint|p2a: Dragapult
|-damage|p1a: Mimikyu|68/100|[from] item: Life Orb
|
|upkeep
|
|t:|1758349005
|switch|p2a: Buck Breaker|Enamorus, F|100/100
|turn|16
|
|t:|1758349021
|move|p2a: Buck Breaker|Play Rough|p1a: Mimikyu
|-crit|p1a: Mimikyu
|-damage|p1a: Mimikyu|0 fnt
|faint|p1a: Mimikyu
|
|upkeep
|
|t:|1758349031
|switch|p1a: Pelipper|Pelipper, F|53/100
|-weather|RainDance|[from] ability: Drizzle|[of] p1a: Pelipper
|turn|17
|
|t:|1758349048
|move|p2a: Buck Breaker|Play Rough|p1a: Pelipper
|-damage|p1a: Pelipper|6/100
|-unboost|p1a: Pelipper|atk|1
|move|p1a: Pelipper|Weather Ball|p2a: Buck Breaker
|-damage|p2a: Buck Breaker|36/100
|
|-weather|RainDance|[upkeep]
|upkeep
|turn|18
|
|t:|1758349060
|move|p2a: Buck Breaker|Draining Kiss|p1a: Pelipper
|-damage|p1a: Pelipper|0 fnt
|-heal|p2a: Buck Breaker|41/100|[from] drain|[of] p1a: Pelipper
|faint|p1a: Pelipper
|
|-weather|RainDance|[upkeep]
|upkeep
|
|t:|1758349065
|switch|p1a: Iron Valiant|Iron Valiant|100/100
|-activate|p1a: Iron Valiant|move: Sticky Web
|-unboost|p1a: Iron Valiant|spe|1
|-enditem|p1a: Iron Valiant|Booster Energy
|-activate|p1a: Iron Valiant|ability: Quark Drive|[fromitem]
|-start|p1a: Iron Valiant|quarkdrivespa
|turn|19
|
|t:|1758349074
|move|p2a: Buck Breaker|Play Rough|p1a: Iron Valiant
|-supereffective|p1a: Iron Valiant
|-damage|p1a: Iron Valiant|6/100
|move|p1a: Iron Valiant|Substitute|p1a: Iron Valiant
|-fail|p1a: Iron Valiant|move: Substitute|[weak]
|
|-weather|RainDance|[upkeep]
|upkeep
|turn|20
|
|t:|1758349083
|move|p2a: Buck Breaker|Iron Head|p1a: Iron Valiant
|-supereffective|p1a: Iron Valiant
|-damage|p1a: Iron Valiant|0 fnt
|faint|p1a: Iron Valiant
|-end|p1a: Iron Valiant|Quark Drive|[silent]
|
|win|783456927834h
|raw|meronade123's rating: 1134 &rarr; <strong>1108</strong><br />(-26 for losing)
|raw|783456927834h's rating: 1115 &rarr; <strong>1141</strong><br />(+26 for winning)
|l|☆meronade123
|player|p1|
|l|☆783456927834h
|player|p2|
