|j|☆llllbbbb
|j|☆krookodile fangirl
|t:|1758262467
|gametype|singles
|player|p1|llllbbbb|169|1173
|player|p2|krookodile fangirl|roughneck|1152
|gen|9
|tier|[Gen 9] OU
|rated|
|rule|HP Percentage Mod: HP is shown in percentages
|rule|Endless Battle Clause: Forcing endless battles is banned
|rule|Species Clause: Limit one of each Pokémon
|rule|OHKO Clause: OHKO moves are banned
|rule|Evasion Items Clause: Evasion items are banned
|rule|Evasion Moves Clause: Evasion moves are banned
|rule|Evasion Abilities Clause: Evasion abilities are banned
|rule|Sleep Moves Clause: Sleep-inducing moves are banned
|clearpoke
|poke|p1|Blaziken, F|
|poke|p1|Scizor, M|
|poke|p1|Slowking-Galar, F|
|poke|p1|Gholdengo|
|poke|p1|Great Tusk|
|poke|p1|Kyurem|
|poke|p2|Krookodile, M|
|poke|p2|Ogerpon-Wellspring, F|
|poke|p2|Pecharunt|
|poke|p2|Cyclizar, M|
|poke|p2|Iron Valiant|
|poke|p2|Skarmory, M|
|teampreview
|inactive|Battle timer is ON: inactive players will automatically lose when time's up. (requested by krookodile fangirl)
|
|t:|1758262482
|teamsize|p1|6
|teamsize|p2|6
|start
|switch|p1a: Great Tusk|Great Tusk|100/100
|switch|p2a: Baconator|Krookodile, M, shiny|100/100
|turn|1
|
|t:|1758262490
|switch|p2a: T-800|Iron Valiant|100/100
|-enditem|p2a: T-800|Booster Energy
|-activate|p2a: T-800|ability: Quark Drive|[fromitem]
|-start|p2a: T-800|quarkdrivespe
|move|p1a: Great Tusk|Close Combat|p2a: T-800
|-resisted|p2a: T-800
|-damage|p2a: T-800|54/100
|-unboost|p1a: Great Tusk|def|1
|-unboost|p1a: Great Tusk|spd|1
|
|upkeep
|turn|2
|
|t:|1758262506
|-end|p1a: Great Tusk|Protosynthesis|[silent]
|switch|p1a: Scizor|Scizor, M|100/100
|move|p2a: T-800|Calm Mind|p2a: T-800
|-boost|p2a: T-800|spa|1
|-boost|p2a: T-800|spd|1
|
|upkeep
|turn|3
|
|t:|1758262511
|-terastallize|p2a: T-800|Fire
|move|p1a: Scizor|Bullet Punch|p2a: T-800
|-resisted|p2a: T-800
|-damage|p2a: T-800|21/100
|move|p2a: T-800|Tera Blast|p1a: Scizor|[anim] Tera Blast Fire
|-supereffective|p1a: Scizor
|-damage|p1a: Scizor|0 fnt
|faint|p1a: Scizor
|
|upkeep
|
|t:|1758262524
|switch|p1a: Blaziken|Blaziken, F|100/100
|turn|4
|
|t:|1758262530
|move|p1a: Blaziken|Detect|p1a: Blaziken
|-singleturn|p1a: Blaziken|Protect
|move|p2a: T-800|Moonblast|p1a: Blaziken
|-activate|p1a: Blaziken|move: Protect
|
|-ability|p1a: Blaziken|Speed Boost|boost
|-boost|p1a: Blaziken|spe|1
|upkeep
|turn|5
|
|t:|1758262541
|move|p2a: T-800|Encore|p1a: Blaziken
|-start|p1a: Blaziken|Encore
|move|p1a: Blaziken|Detect||[still]
|-fail|p1a: Blaziken
|
|-ability|p1a: Blaziken|Speed Boost|boost
|-boost|p1a: Blaziken|spe|1
|upkeep
|turn|6
|
|t:|1758262552
|switch|p1a: Slowking|Slowking-Galar, F|100/100
|move|p2a: T-800|Calm Mind|p2a: T-800
|-boost|p2a: T-800|spa|1
|-boost|p2a: T-800|spd|1
|
|upkeep
|turn|7
|
|t:|1758262556
|move|p2a: T-800|Tera Blast|p1a: Slowking|[anim] Tera Blast Fire
|-damage|p1a: Slowking|58/100
|move|p1a: Slowking|Sludge Wave|p2a: T-800
|-damage|p2a: T-800|0 fnt
|faint|p2a: T-800
|-end|p2a: T-800|Quark Drive|[silent]
|
|-heal|p1a: Slowking|64/100|[from] item: Leftovers
|upkeep
|
|t:|1758262559
|switch|p2a: Baconator|Krookodile, M, shiny|100/100
|turn|8
|
|t:|1758262571
|switch|p1a: Great Tusk|Great Tusk|100/100
|move|p2a: Baconator|Earthquake|p1a: Great Tusk
|-damage|p1a: Great Tusk|72/100
|
|upkeep
|turn|9
|
|t:|1758262579
|switch|p2a: John The Fisherman|Skarmory, M|100/100
|move|p1a: Great Tusk|Earthquake|p2a: John The Fisherman
|-immune|p2a: John The Fisherman
|
|upkeep
|turn|10
|
|t:|1758262595
|-end|p1a: Great Tusk|Protosynthesis|[silent]
|switch|p1a: Kyurem|Kyurem|100/100
|-ability|p1a: Kyurem|Pressure
|move|p2a: John The Fisherman|Spikes|p1a: Kyurem
|-sidestart|p1: llllbbbb|Spikes
|
|upkeep
|turn|11
|
|t:|1758262599
|move|p1a: Kyurem|Dragon Dance|p1a: Kyurem
|-boost|p1a: Kyurem|atk|1
|-boost|p1a: Kyurem|spe|1
|move|p2a: John The Fisherman|Body Press|p1a: Kyurem
|-supereffective|p1a: Kyurem
|-damage|p1a: Kyurem|37/100
|
|upkeep
|turn|12
|
|t:|1758262604
|move|p1a: Kyurem|Icicle Spear|p2a: John The Fisherman
|-crit|p2a: John The Fisherman
|-damage|p2a: John The Fisherman|81/100
|-damage|p2a: John The Fisherman|67/100
|-damage|p2a: John The Fisherman|53/100
|-damage|p2a: John The Fisherman|41/100
|-damage|p2a: John The Fisherman|27/100
|-hitcount|p2a: John The Fisherman|5
|-enditem|p2a: John The Fisherman|Red Card|[of] p1a: Kyurem
|drag|p1a: Great Tusk|Great Tusk|72/100
|-damage|p1a: Great Tusk|60/100|[from] Spikes
|move|p2a: John The Fisherman|Stealth Rock|p1a: Great Tusk
|-sidestart|p1: llllbbbb|move: Stealth Rock
|
|upkeep
|turn|13
|
|t:|1758262614
|switch|p2a: Geek Bar|Pecharunt|100/100
|move|p1a: Great Tusk|Rapid Spin|p2a: Geek Bar
|-immune|p2a: Geek Bar
|
|upkeep
|turn|14
|
|t:|1758262618
|move|p2a: Geek Bar|Malignant Chain|p1a: Great Tusk
|-resisted|p1a: Great Tusk
|-damage|p1a: Great Tusk|46/100
|move|p1a: Great Tusk|Headlong Rush|p2a: Geek Bar
|-supereffective|p2a: Geek Bar
|-damage|p2a: Geek Bar|9/100
|-unboost|p1a: Great Tusk|def|1
|-unboost|p1a: Great Tusk|spd|1
|-damage|p1a: Great Tusk|29/100|[from] item: Rocky Helmet|[of] p2a: Geek Bar
|
|upkeep
|turn|15
|
|t:|1758262629
|move|p2a: Geek Bar|Recover|p2a: Geek Bar
|-heal|p2a: Geek Bar|59/100
|move|p1a: Great Tusk|Rapid Spin|p2a: Geek Bar
|-immune|p2a: Geek Bar
|
|upkeep
|turn|16
|
|t:|1758262636
|move|p2a: Geek Bar|Recover|p2a: Geek Bar
|-heal|p2a: Geek Bar|100/100
|move|p1a: Great Tusk|Headlong Rush|p2a: Geek Bar
|-supereffective|p2a: Geek Bar
|-damage|p2a: Geek Bar|17/100
|-unboost|p1a: Great Tusk|def|1
|-unboost|p1a: Great Tusk|spd|1
|-damage|p1a: Great Tusk|13/100|[from] item: Rocky Helmet|[of] p2a: Geek Bar
|
|upkeep
|turn|17
|
|t:|1758262640
|move|p2a: Geek Bar|Malignant Chain|p1a: Great Tusk
|-resisted|p1a: Great Tusk
|-damage|p1a: Great Tusk|0 fnt
|faint|p1a: Great Tusk
|-end|p1a: Great Tusk|Protosynthesis|[silent]
|
|upkeep
|
|t:|1758262666
|switch|p1a: Gholdengo|Gholdengo|100/100
|-damage|p1a: Gholdengo|88/100|[from] Spikes
|-damage|p1a: Gholdengo|82/100|[from] Stealth Rock
|turn|18
|
|t:|1758262671
|move|p1a: Gholdengo|Shadow Ball|p2a: Geek Bar
|-supereffective|p2a: Geek Bar
|-damage|p2a: Geek Bar|0 fnt
|faint|p2a: Geek Bar
|
|upkeep
|
|t:|1758262674
|switch|p2a: Baconator|Krookodile, M, shiny|100/100
|turn|19
|
|t:|1758262684
|switch|p1a: Kyurem|Kyurem|37/100
|-damage|p1a: Kyurem|25/100|[from] Spikes
|-damage|p1a: Kyurem|0 fnt|[from] Stealth Rock
|faint|p1a: Kyurem
|move|p2a: Baconator|Earthquake|p1: Kyurem|[notarget]
|-fail|p2a: Baconator
|
|upkeep
|
|t:|1758262696
|switch|p1a: Slowking|Slowking-Galar, F|97/100
|-damage|p1a: Slowking|85/100|[from] Spikes
|-damage|p1a: Slowking|72/100|[from] Stealth Rock
|turn|20
|
|t:|1758262699
|move|p2a: Baconator|Earthquake|p1a: Slowking
|-supereffective|p1a: Slowking
|-damage|p1a: Slowking|0 fnt
|faint|p1a: Slowking
|-ability|p2a: Baconator|Moxie|boost
|-boost|p2a: Baconator|atk|1
|
|upkeep
|-message|llllbbbb forfeited.
|
|win|krookodile fangirl
|raw|llllbbbb's rating: 1173 &rarr; <strong>1146</strong><br />(-27 for losing)
|raw|krookodile fangirl's rating: 1152 &rarr; <strong>1179</strong><br />(+27 for winning)
|l|☆llllbbbb
|player|p1|
|l|☆krookodile fangirl
|player|p2|
