|j|☆Nefolioo
|j|☆pickonick
|t:|1758250001
|gametype|singles
|player|p1|Nefolioo|kieran-festival|1114
|player|p2|pickonick|265|1110
|gen|9
|tier|[Gen 9] OU
|rated|
|rule|HP Percentage Mod: HP is shown in percentages
|rule|Endless Battle Clause: Forcing endless battles is banned
|rule|Species Clause: Limit one of each Pokémon
|rule|OHKO Clause: OHKO moves are banned
|rule|Evasion Items Clause: Evasion items are banned
|rule|Evasion Moves Clause: Evasion moves are banned
|rule|Evasion Abilities Clause: Evasion abilities are banned
|rule|Sleep Moves Clause: Sleep-inducing moves are banned
|clearpoke
|poke|p1|Sinistcha|
|poke|p1|Ceruledge, F|
|poke|p1|Gengar, F|
|poke|p1|Maushold|
|poke|p1|Dragalge, F|
|poke|p1|Haxorus, F|
|poke|p2|Arcanine, M|
|poke|p2|Espeon, F|
|poke|p2|Ivysaur, M|
|poke|p2|Samurott, M|
|poke|p2|Dragonite, M|
|poke|p2|Talonflame, M|
|teampreview
|
|t:|1758250014
|teamsize|p1|6
|teamsize|p2|6
|start
|switch|p1a: Dragalge|Dragalge, F, shiny|100/100
|switch|p2a: Dragonite|Dragonite, M|100/100
|turn|1
|
|t:|1758250025
|move|p1a: Dragalge|Sludge Bomb|p2a: Dragonite
|-damage|p2a: Dragonite|80/100
|move|p2a: Dragonite|Dragon Tail|p1a: Dragalge
|-supereffective|p1a: Dragalge
|-crit|p1a: Dragalge
|-damage|p1a: Dragalge|0 fnt
|faint|p1a: Dragalge
|
|upkeep
|
|t:|1758250037
|switch|p1a: 冚家鼠|Maushold, shiny|100/100
|turn|2
|
|t:|1758250044
|move|p1a: 冚家鼠|Population Bomb|p2a: Dragonite
|-damage|p2a: Dragonite|69/100
|-damage|p2a: Dragonite|59/100
|-damage|p2a: Dragonite|49/100
|-damage|p2a: Dragonite|39/100
|-damage|p2a: Dragonite|28/100
|-damage|p2a: Dragonite|18/100
|-damage|p2a: Dragonite|8/100
|-damage|p2a: Dragonite|0 fnt
|faint|p2a: Dragonite
|-hitcount|p2: Dragonite|8
|
|upkeep
|
|t:|1758250057
|switch|p2a: Talonflame|Talonflame, M|100/100
|turn|3
|
|t:|1758250064
|switch|p1a: O_o|Ceruledge, F, shiny|100/100
|move|p2a: Talonflame|Tailwind|p2a: Talonflame
|-sidestart|p2: pickonick|move: Tailwind
|
|upkeep
|turn|4
|
|t:|1758250073
|move|p2a: Talonflame|Sunny Day|p2a: Talonflame
|-weather|SunnyDay
|move|p1a: O_o|Bitter Blade|p2a: Talonflame
|-resisted|p2a: Talonflame
|-damage|p2a: Talonflame|49/100
|
|-weather|SunnyDay|[upkeep]
|upkeep
|turn|5
|
|t:|1758250081
|move|p2a: Talonflame|Flare Blitz|p1a: O_o
|-start|p1a: O_o|ability: Flash Fire
|move|p1a: O_o|Bitter Blade|p2a: Talonflame
|-resisted|p2a: Talonflame
|-damage|p2a: Talonflame|0 fnt
|faint|p2a: Talonflame
|
|-weather|SunnyDay|[upkeep]
|upkeep
|
|t:|1758250096
|switch|p2a: Espeon|Espeon, F|100/100
|turn|6
|
|t:|1758250106
|move|p2a: Espeon|Psychic|p1a: O_o
|-damage|p1a: O_o|42/100
|move|p1a: O_o|Bitter Blade|p2a: Espeon
|-damage|p2a: Espeon|0 fnt
|-heal|p1a: O_o|95/100|[from] drain|[of] p2a: Espeon
|faint|p2a: Espeon
|
|-weather|SunnyDay|[upkeep]
|-sideend|p2: pickonick|move: Tailwind
|upkeep
|
|t:|1758250119
|switch|p2a: Ivysaur|Ivysaur, M|100/100
|turn|7
|
|t:|1758250124
|move|p1a: O_o|Bitter Blade|p2a: Ivysaur
|-supereffective|p2a: Ivysaur
|-damage|p2a: Ivysaur|0 fnt
|-heal|p1a: O_o|100/100|[from] drain|[of] p2a: Ivysaur
|faint|p2a: Ivysaur
|
|-weather|SunnyDay|[upkeep]
|upkeep
|
|t:|1758250133
|switch|p2a: Arcanine|Arcanine, M|100/100
|-ability|p2a: Arcanine|Intimidate|boost
|-unboost|p1a: O_o|atk|1
|turn|8
|
|t:|1758250139
|move|p2a: Arcanine|Extreme Speed|p1a: O_o
|-immune|p1a: O_o
|move|p1a: O_o|Bitter Blade|p2a: Arcanine
|-resisted|p2a: Arcanine
|-damage|p2a: Arcanine|60/100
|
|-weather|none
|-heal|p2a: Arcanine|66/100|[from] item: Leftovers
|upkeep
|turn|9
|-message|pickonick forfeited.
|
|win|Nefolioo
|raw|Nefolioo's rating: 1114 &rarr; <strong>1139</strong><br />(+25 for winning)
|raw|pickonick's rating: 1110 &rarr; <strong>1085</strong><br />(-25 for losing)
|l|☆pickonick
|player|p2|
|l|☆Nefolioo
|player|p1|
