|j|☆Titanos_Mosura
|j|☆Johnsoncom
|t:|1758343361
|gametype|singles
|player|p1|Titanos_Mosura|riley|1164
|player|p2|Johnsoncom|byron|1173
|gen|9
|tier|[Gen 9] OU
|rated|
|rule|HP Percentage Mod: HP is shown in percentages
|rule|Endless Battle Clause: Forcing endless battles is banned
|rule|Species Clause: Limit one of each Pokémon
|rule|OHKO Clause: OHKO moves are banned
|rule|Evasion Items Clause: Evasion items are banned
|rule|Evasion Moves Clause: Evasion moves are banned
|rule|Evasion Abilities Clause: Evasion abilities are banned
|rule|Sleep Moves Clause: Sleep-inducing moves are banned
|clearpoke
|poke|p1|Toxapex, F|
|poke|p1|Hawlucha, F|
|poke|p1|Maushold-Four|
|poke|p1|Deoxys-Defense|
|poke|p1|Volcanion|
|poke|p1|Hoopa-Unbound|
|poke|p2|Ceruledge, M|
|poke|p2|Great Tusk|
|poke|p2|Gastrodon, F|
|poke|p2|Meowscarada, M|
|poke|p2|Toxapex, M|
|poke|p2|Dragapult, F|
|teampreview
|
|t:|1758343395
|teamsize|p1|6
|teamsize|p2|6
|start
|switch|p1a: Volcanion|Volcanion|100/100
|switch|p2a: Ceruledge|Ceruledge, M|100/100
|turn|1
|
|t:|1758343404
|-terastallize|p2a: Ceruledge|Grass
|move|p2a: Ceruledge|Swords Dance|p2a: Ceruledge
|-boost|p2a: Ceruledge|atk|2
|move|p1a: Volcanion|Steam Eruption|p2a: Ceruledge
|-resisted|p2a: Ceruledge
|-damage|p2a: Ceruledge|74/100
|
|upkeep
|turn|2
|
|t:|1758343426
|move|p2a: Ceruledge|Close Combat|p1a: Volcanion
|-damage|p1a: Volcanion|25/100
|-unboost|p2a: Ceruledge|def|1
|-unboost|p2a: Ceruledge|spd|1
|move|p1a: Volcanion|Flare Blitz|p2a: Ceruledge
|-start|p2a: Ceruledge|ability: Flash Fire
|
|upkeep
|turn|3
|inactive|Battle timer is ON: inactive players will automatically lose when time's up. (requested by Johnsoncom)
|
|t:|1758343455
|move|p2a: Ceruledge|Swords Dance|p2a: Ceruledge
|-boost|p2a: Ceruledge|atk|2
|move|p1a: Volcanion|Steam Eruption|p2a: Ceruledge
|-resisted|p2a: Ceruledge
|-damage|p2a: Ceruledge|38/100
|
|upkeep
|turn|4
|
|t:|1758343467
|move|p2a: Ceruledge|Shadow Sneak|p1a: Volcanion
|-damage|p1a: Volcanion|0 fnt
|faint|p1a: Volcanion
|
|upkeep
|
|t:|1758343472
|switch|p1a: Maushold|Maushold-Four|100/100
|turn|5
|
|t:|1758343477
|move|p1a: Maushold|Population Bomb|p2a: Ceruledge
|-damage|p2a: Ceruledge|17/100
|-enditem|p2a: Ceruledge|Salac Berry|[eat]
|-boost|p2a: Ceruledge|spe|1|[from] item: Salac Berry
|-crit|p2a: Ceruledge
|-damage|p2a: Ceruledge|0 fnt
|faint|p2a: Ceruledge
|-hitcount|p2: Ceruledge|2
|
|upkeep
|
|t:|1758343492
|switch|p2a: Toxapex|Toxapex, M|100/100
|turn|6
|
|t:|1758343512
|switch|p1a: Hoopa|Hoopa-Unbound|100/100
|move|p2a: Toxapex|Toxic Spikes|p1a: Hoopa
|-sidestart|p1: Titanos_Mosura|move: Toxic Spikes
|
|upkeep
|turn|7
|
|t:|1758343519
|move|p1a: Hoopa|Hyperspace Fury|p2a: Toxapex
|-damage|p2a: Toxapex|66/100
|-unboost|p1a: Hoopa|def|1
|-item|p1a: Hoopa|Black Sludge|[from] ability: Magician|[of] p2a: Toxapex
|move|p2a: Toxapex|Toxic Spikes|p1a: Hoopa
|-sidestart|p1: Titanos_Mosura|move: Toxic Spikes
|
|-damage|p1a: Hoopa|88/100|[from] item: Black Sludge
|upkeep
|turn|8
|
|t:|1758343536
|move|p1a: Hoopa|Zen Headbutt|p2a: Toxapex
|-supereffective|p2a: Toxapex
|-damage|p2a: Toxapex|0 fnt
|faint|p2a: Toxapex
|
|-damage|p1a: Hoopa|76/100|[from] item: Black Sludge
|upkeep
|
|t:|1758343553
|switch|p2a: Gastrodon|Gastrodon, F|100/100
|turn|9
|
|t:|1758343559
|switch|p1a: Maushold|Maushold-Four|100/100
|-status|p1a: Maushold|tox
|move|p2a: Gastrodon|Acid Armor|p2a: Gastrodon
|-boost|p2a: Gastrodon|def|2
|
|-damage|p1a: Maushold|94/100 tox|[from] psn
|upkeep
|turn|10
|
|t:|1758343570
|-terastallize|p1a: Maushold|Grass
|move|p1a: Maushold|Bullet Seed|p2a: Gastrodon
|-supereffective|p2a: Gastrodon
|-damage|p2a: Gastrodon|72/100
|-supereffective|p2a: Gastrodon
|-damage|p2a: Gastrodon|46/100
|-supereffective|p2a: Gastrodon
|-damage|p2a: Gastrodon|20/100
|-supereffective|p2a: Gastrodon
|-damage|p2a: Gastrodon|0 fnt
|faint|p2a: Gastrodon
|-hitcount|p2: Gastrodon|4
|
|-damage|p1a: Maushold|82/100 tox|[from] psn
|upkeep
|
|t:|1758343581
|switch|p2a: Dragapult|Dragapult, F|100/100
|turn|11
|
|t:|1758343586
|move|p2a: Dragapult|Flamethrower|p1a: Maushold
|-supereffective|p1a: Maushold
|-damage|p1a: Maushold|0 fnt
|faint|p1a: Maushold
|
|upkeep
|
|t:|1758343593
|switch|p1a: Hoopa|Hoopa-Unbound|76/100
|-status|p1a: Hoopa|tox
|turn|12
|c|☆Johnsoncom|dawg u have toxapex
|
|t:|1758343604
|move|p2a: Dragapult|Flamethrower|p1a: Hoopa
|-damage|p1a: Hoopa|42/100 tox
|move|p1a: Hoopa|Hyperspace Fury|p2a: Dragapult
|-supereffective|p2a: Dragapult
|-damage|p2a: Dragapult|0 fnt
|-unboost|p1a: Hoopa|def|1
|faint|p2a: Dragapult
|
|-damage|p1a: Hoopa|30/100 tox|[from] item: Black Sludge
|-damage|p1a: Hoopa|24/100 tox|[from] psn
|upkeep
|
|t:|1758343618
|switch|p2a: Great Tusk|Great Tusk|100/100
|-enditem|p2a: Great Tusk|Booster Energy
|-activate|p2a: Great Tusk|ability: Protosynthesis|[fromitem]
|-start|p2a: Great Tusk|protosynthesisatk
|turn|13
|
|t:|1758343626
|move|p2a: Great Tusk|Knock Off|p1a: Hoopa
|-damage|p1a: Hoopa|0 fnt
|-enditem|p1a: Hoopa|Black Sludge|[from] move: Knock Off|[of] p2a: Great Tusk
|faint|p1a: Hoopa
|
|upkeep
|
|t:|1758343634
|switch|p1a: Hawlucha|Hawlucha, F|100/100
|turn|14
|
|t:|1758343651
|move|p1a: Hawlucha|Acrobatics|p2a: Great Tusk
|-supereffective|p2a: Great Tusk
|-damage|p2a: Great Tusk|74/100
|move|p2a: Great Tusk|Knock Off|p1a: Hawlucha
|-resisted|p1a: Hawlucha
|-damage|p1a: Hawlucha|69/100
|-enditem|p1a: Hawlucha|Sitrus Berry|[from] move: Knock Off|[of] p2a: Great Tusk
|
|upkeep
|turn|15
|
|t:|1758343660
|move|p1a: Hawlucha|Acrobatics|p2a: Great Tusk
|-supereffective|p2a: Great Tusk
|-damage|p2a: Great Tusk|16/100
|move|p2a: Great Tusk|Knock Off|p1a: Hawlucha
|-resisted|p1a: Hawlucha
|-damage|p1a: Hawlucha|49/100
|
|upkeep
|turn|16
|
|t:|1758343673
|move|p1a: Hawlucha|Acrobatics|p2a: Great Tusk
|-supereffective|p2a: Great Tusk
|-damage|p2a: Great Tusk|0 fnt
|faint|p2a: Great Tusk
|-end|p2a: Great Tusk|Protosynthesis|[silent]
|
|upkeep
|
|t:|1758343675
|switch|p2a: Meowscarada|Meowscarada, M|100/100
|turn|17
|
|t:|1758343688
|move|p1a: Hawlucha|Cross Chop|p2a: Meowscarada
|-supereffective|p2a: Meowscarada
|-crit|p2a: Meowscarada
|-damage|p2a: Meowscarada|0 fnt
|faint|p2a: Meowscarada
|
|win|Titanos_Mosura
|raw|Titanos_Mosura's rating: 1164 &rarr; <strong>1190</strong><br />(+26 for winning)
|raw|Johnsoncom's rating: 1173 &rarr; <strong>1147</strong><br />(-26 for losing)
|l|☆Johnsoncom
|player|p2|
