|j|☆Roboute
|j|☆lerendezvous
|t:|1758348473
|gametype|singles
|player|p1|Roboute|102|1665
|player|p2|lerendezvous|101|1660
|gen|9
|tier|[Gen 9] OU
|rated|
|rule|HP Percentage Mod: HP is shown in percentages
|rule|Endless Battle Clause: Forcing endless battles is banned
|rule|Species Clause: Limit one of each Pokémon
|rule|OHKO Clause: OHKO moves are banned
|rule|Evasion Items Clause: Evasion items are banned
|rule|Evasion Moves Clause: Evasion moves are banned
|rule|Evasion Abilities Clause: Evasion abilities are banned
|rule|Sleep Moves Clause: Sleep-inducing moves are banned
|clearpoke
|poke|p1|Tyranitar, M|
|poke|p1|Excadrill, M|
|poke|p1|Tornadus-Therian, M|
|poke|p1|Tinkaton, F|
|poke|p1|Sinistcha|
|poke|p1|Toxapex, M|
|poke|p2|Ogerpon-Wellspring, F|
|poke|p2|Slowking-Galar, F|
|poke|p2|Great Tusk|
|poke|p2|Moltres|
|poke|p2|Dragapult, F|
|poke|p2|Kingambit, M|
|teampreview
|inactive|Battle timer is ON: inactive players will automatically lose when time's up. (requested by Roboute)
|inactive|lerendezvous also wants the timer to be on.
|
|t:|1758348490
|teamsize|p1|6
|teamsize|p2|6
|start
|switch|p1a: Tinkaton|Tinkaton, F, shiny|100/100
|switch|p2a: Kingambit|Kingambit, M|100/100
|-item|p1a: Tinkaton|Air Balloon
|turn|1
|j| Little Cuack SPBR
|
|t:|1758348495
|move|p1a: Tinkaton|Stealth Rock|p2a: Kingambit
|-sidestart|p2: lerendezvous|move: Stealth Rock
|move|p2a: Kingambit|Iron Head|p1a: Tinkaton
|-damage|p1a: Tinkaton|44/100
|-enditem|p1a: Tinkaton|Air Balloon
|-enditem|p2a: Kingambit|Leftovers|[silent]|[from] ability: Pickpocket|[of] p2a: Kingambit
|-item|p1a: Tinkaton|Leftovers|[from] ability: Pickpocket|[of] p2a: Kingambit
|
|-heal|p1a: Tinkaton|50/100|[from] item: Leftovers
|upkeep
|turn|2
|
|t:|1758348513
|switch|p1a: Excadrill|Excadrill, M, shiny|100/100
|move|p2a: Kingambit|Iron Head|p1a: Excadrill
|-resisted|p1a: Excadrill
|-damage|p1a: Excadrill|69/100
|
|-heal|p1a: Excadrill|75/100|[from] item: Leftovers
|upkeep
|turn|3
|
|t:|1758348522
|-end|p2a: Kingambit|fallenundefined|[silent]
|switch|p2a: Moltres|Moltres|100/100
|move|p1a: Excadrill|Rapid Spin|p2a: Moltres
|-crit|p2a: Moltres
|-damage|p2a: Moltres|79/100
|-boost|p1a: Excadrill|spe|1
|-status|p1a: Excadrill|brn|[from] ability: Flame Body|[of] p2a: Moltres
|
|-heal|p1a: Excadrill|81/100 brn|[from] item: Leftovers
|-damage|p1a: Excadrill|75/100 brn|[from] brn
|upkeep
|turn|4
|
|t:|1758348528
|move|p1a: Excadrill|Rock Slide|p2a: Moltres
|-supereffective|p2a: Moltres
|-damage|p2a: Moltres|35/100
|move|p2a: Moltres|Flamethrower|p1a: Excadrill
|-supereffective|p1a: Excadrill
|-damage|p1a: Excadrill|0 fnt
|faint|p1a: Excadrill
|
|upkeep
|
|t:|1758348541
|switch|p1a: Tornadus|Tornadus-Therian, M, shiny|100/100
|turn|5
|
|t:|1758348546
|switch|p2a: Slowking|Slowking-Galar, F|100/100
|-damage|p2a: Slowking|88/100|[from] Stealth Rock
|move|p1a: Tornadus|Bleakwind Storm|p2a: Slowking|[miss]
|-miss|p1a: Tornadus|p2a: Slowking
|
|upkeep
|turn|6
|
|t:|1758348550
|switch|p1a: Tyranitar|Tyranitar, M, shiny|100/100
|-weather|Sandstorm|[from] ability: Sand Stream|[of] p1a: Tyranitar
|move|p2a: Slowking|Ice Beam|p1a: Tyranitar
|-damage|p1a: Tyranitar|83/100
|
|-weather|Sandstorm|[upkeep]
|-damage|p2a: Slowking|82/100|[from] Sandstorm
|upkeep
|turn|7
|
|t:|1758348558
|switch|p2a: Ogerpon|Ogerpon-Wellspring, F|100/100
|-damage|p2a: Ogerpon|88/100|[from] Stealth Rock
|move|p1a: Tyranitar|Knock Off|p2a: Ogerpon
|-damage|p2a: Ogerpon|15/100
|
|-weather|Sandstorm|[upkeep]
|-damage|p2a: Ogerpon|9/100|[from] Sandstorm
|upkeep
|turn|8
|
|t:|1758348567
|switch|p1a: Toxapex|Toxapex, M, shiny|100/100
|move|p2a: Ogerpon|Knock Off|p1a: Toxapex
|-damage|p1a: Toxapex|72/100
|-enditem|p1a: Toxapex|Eject Button|[from] move: Knock Off|[of] p2a: Ogerpon
|
|-weather|Sandstorm|[upkeep]
|-damage|p2a: Ogerpon|3/100|[from] Sandstorm
|-damage|p1a: Toxapex|66/100|[from] Sandstorm
|upkeep
|turn|9
|
|t:|1758348575
|move|p2a: Ogerpon|U-turn|p1a: Toxapex
|-resisted|p1a: Toxapex
|-damage|p1a: Toxapex|56/100
|
|t:|1758348582
|switch|p2a: Kingambit|Kingambit, M|100/100|[from] U-turn
|-damage|p2a: Kingambit|94/100|[from] Stealth Rock
|move|p1a: Toxapex|Recover|p1a: Toxapex
|-heal|p1a: Toxapex|100/100
|
|-weather|Sandstorm|[upkeep]
|-damage|p1a: Toxapex|95/100|[from] Sandstorm
|upkeep
|turn|10
|
|t:|1758348606
|move|p2a: Kingambit|Iron Head|p1a: Toxapex
|-resisted|p1a: Toxapex
|-damage|p1a: Toxapex|80/100
|move|p1a: Toxapex|Haze|p1a: Toxapex
|-clearallboost
|
|-weather|none
|upkeep
|turn|11
|
|t:|1758348616
|move|p2a: Kingambit|Iron Head|p1a: Toxapex
|-resisted|p1a: Toxapex
|-damage|p1a: Toxapex|64/100
|cant|p1a: Toxapex|flinch
|
|upkeep
|turn|12
|
|t:|1758348623
|move|p2a: Kingambit|Iron Head|p1a: Toxapex
|-resisted|p1a: Toxapex
|-damage|p1a: Toxapex|48/100
|cant|p1a: Toxapex|flinch
|
|upkeep
|turn|13
|
|t:|1758348631
|switch|p1a: Sinistcha|Sinistcha, shiny|100/100
|move|p2a: Kingambit|Swords Dance|p2a: Kingambit
|-boost|p2a: Kingambit|atk|2
|
|upkeep
|turn|14
|
|t:|1758348636
|-terastallize|p1a: Sinistcha|Fighting
|move|p2a: Kingambit|Iron Head|p1a: Sinistcha
|-damage|p1a: Sinistcha|39/100
|cant|p1a: Sinistcha|flinch
|
|-heal|p1a: Sinistcha|45/100|[from] item: Leftovers
|upkeep
|turn|15
|
|t:|1758348651
|switch|p1a: Tinkaton|Tinkaton, F, shiny|50/100
|move|p2a: Kingambit|Iron Head|p1a: Tinkaton
|-damage|p1a: Tinkaton|0 fnt
|faint|p1a: Tinkaton
|
|upkeep
|
|t:|1758348655
|switch|p1a: Tornadus|Tornadus-Therian, M, shiny|100/100
|turn|16
|
|t:|1758348660
|move|p1a: Tornadus|Heat Wave|p2a: Kingambit
|-supereffective|p2a: Kingambit
|-damage|p2a: Kingambit|1/100
|move|p2a: Kingambit|Iron Head|p1a: Tornadus
|-damage|p1a: Tornadus|0 fnt
|faint|p1a: Tornadus
|
|upkeep
|-message|Roboute forfeited.
|
|win|lerendezvous
|raw|Roboute's rating: 1665 &rarr; <strong>1645</strong><br />(-20 for losing)
|raw|lerendezvous's rating: 1660 &rarr; <strong>1680</strong><br />(+20 for winning)
|l|☆lerendezvous
|player|p2|
|l|☆Roboute
|player|p1|
