|j|☆AlolanskiMarowak
|j|☆Sohan009
|t:|1758284095
|gametype|singles
|player|p1|AlolanskiMarowak|unknown|1068
|player|p2|Sohan009|101|1051
|gen|9
|tier|[Gen 9] OU
|rated|
|rule|HP Percentage Mod: HP is shown in percentages
|rule|Endless Battle Clause: Forcing endless battles is banned
|rule|Species Clause: Limit one of each Pokémon
|rule|OHKO Clause: OHKO moves are banned
|rule|Evasion Items Clause: Evasion items are banned
|rule|Evasion Moves Clause: Evasion moves are banned
|rule|Evasion Abilities Clause: Evasion abilities are banned
|rule|Sleep Moves Clause: Sleep-inducing moves are banned
|clearpoke
|poke|p1|Reuniclus, M|
|poke|p1|Barraskewda, F|
|poke|p1|Vikavolt, M|
|poke|p1|Incineroar, F|
|poke|p1|Haunter, F|
|poke|p1|Noivern, F|
|poke|p2|Dragapult, F|
|poke|p2|Cinderace, M|
|poke|p2|Kingambit, M|
|poke|p2|Iron Valiant|
|poke|p2|Great Tusk|
|poke|p2|Ting-Lu|
|teampreview
|inactive|Battle timer is ON: inactive players will automatically lose when time's up. (requested by AlolanskiMarowak)
|l|☆AlolanskiMarowak
|inactive|AlolanskiMarowak disconnected and has a minute to reconnect!
|player|p1|
|j|☆AlolanskiMarowak
|inactive|AlolanskiMarowak reconnected and has 135 seconds left.
|player|p1|AlolanskiMarowak|unknown|
|
|t:|1758284113
|teamsize|p1|6
|teamsize|p2|6
|start
|switch|p1a: Barraskewda|Barraskewda, F|100/100
|switch|p2a: Ting-Lu|Ting-Lu|100/100
|-ability|p2a: Ting-Lu|Vessel of Ruin
|turn|1
|
|t:|1758284125
|move|p1a: Barraskewda|Liquidation|p2a: Ting-Lu
|-supereffective|p2a: Ting-Lu
|-damage|p2a: Ting-Lu|19/100
|move|p2a: Ting-Lu|Whirlwind|p1a: Barraskewda
|drag|p1a: Vikavolt|Vikavolt, M|100/100
|
|-heal|p2a: Ting-Lu|25/100|[from] item: Leftovers
|upkeep
|turn|2
|
|t:|1758284142
|move|p1a: Vikavolt|Agility|p1a: Vikavolt
|-boost|p1a: Vikavolt|spe|2
|move|p2a: Ting-Lu|Ruination|p1a: Vikavolt
|-damage|p1a: Vikavolt|51/100
|
|-heal|p1a: Vikavolt|57/100|[from] item: Leftovers
|-heal|p2a: Ting-Lu|31/100|[from] item: Leftovers
|upkeep
|turn|3
|
|t:|1758284154
|move|p1a: Vikavolt|Bug Buzz|p2a: Ting-Lu
|-supereffective|p2a: Ting-Lu
|-damage|p2a: Ting-Lu|0 fnt
|faint|p2a: Ting-Lu
|
|-heal|p1a: Vikavolt|63/100|[from] item: Leftovers
|upkeep
|
|t:|1758284161
|switch|p2a: Cinderace|Cinderace, M|100/100
|turn|4
|
|t:|1758284165
|move|p1a: Vikavolt|Thunderbolt|p2a: Cinderace
|-damage|p2a: Cinderace|15/100
|move|p2a: Cinderace|Pyro Ball|p1a: Vikavolt
|-supereffective|p1a: Vikavolt
|-damage|p1a: Vikavolt|0 fnt
|faint|p1a: Vikavolt
|
|upkeep
|
|t:|1758284173
|switch|p1a: Barraskewda|Barraskewda, F|100/100
|turn|5
|
|t:|1758284176
|move|p1a: Barraskewda|Flip Turn|p2a: Cinderace
|-supereffective|p2a: Cinderace
|-damage|p2a: Cinderace|0 fnt
|faint|p2a: Cinderace
|
|t:|1758284179
|switch|p1a: Haunter|Haunter, F|100/100|[from] Flip Turn
|
|upkeep
|
|t:|1758284183
|switch|p2a: Dragapult|Dragapult, F|100/100
|turn|6
|
|t:|1758284187
|-terastallize|p1a: Haunter|Normal
|move|p2a: Dragapult|Shadow Ball|p1a: Haunter
|-immune|p1a: Haunter
|move|p1a: Haunter|Will-O-Wisp|p2a: Dragapult
|-status|p2a: Dragapult|brn
|
|-damage|p2a: Dragapult|95/100 brn|[from] brn
|upkeep
|turn|7
|
|t:|1758284204
|switch|p2a: Great Tusk|Great Tusk|100/100
|move|p1a: Haunter|Hex|p2a: Great Tusk
|-damage|p2a: Great Tusk|62/100
|
|-heal|p2a: Great Tusk|68/100|[from] item: Leftovers
|upkeep
|turn|8
|
|t:|1758284217
|move|p1a: Haunter|Will-O-Wisp|p2a: Great Tusk
|-status|p2a: Great Tusk|brn
|move|p2a: Great Tusk|Headlong Rush|p1a: Haunter
|-immune|p1a: Haunter|[from] ability: Levitate
|
|-heal|p2a: Great Tusk|74/100 brn|[from] item: Leftovers
|-damage|p2a: Great Tusk|68/100 brn|[from] brn
|upkeep
|turn|9
|
|t:|1758284226
|move|p1a: Haunter|Hex|p2a: Great Tusk
|-damage|p2a: Great Tusk|0 fnt
|faint|p2a: Great Tusk
|-end|p2a: Great Tusk|Protosynthesis|[silent]
|
|upkeep
|
|t:|1758284231
|switch|p2a: Dragapult|Dragapult, F|95/100 brn
|turn|10
|
|t:|1758284234
|move|p2a: Dragapult|Draco Meteor|p1a: Haunter|[miss]
|-miss|p2a: Dragapult|p1a: Haunter
|move|p1a: Haunter|Hex|p2a: Dragapult
|-supereffective|p2a: Dragapult
|-damage|p2a: Dragapult|0 fnt
|faint|p2a: Dragapult
|
|upkeep
|
|t:|1758284243
|switch|p2a: Iron Valiant|Iron Valiant|100/100
|-enditem|p2a: Iron Valiant|Booster Energy
|-activate|p2a: Iron Valiant|ability: Quark Drive|[fromitem]
|-start|p2a: Iron Valiant|quarkdrivespe
|turn|11
|
|t:|1758284249
|move|p2a: Iron Valiant|Moonblast|p1a: Haunter
|-damage|p1a: Haunter|26/100
|move|p1a: Haunter|Will-O-Wisp|p2a: Iron Valiant
|-status|p2a: Iron Valiant|brn
|
|-damage|p2a: Iron Valiant|94/100 brn|[from] brn
|upkeep
|turn|12
|
|t:|1758284257
|move|p2a: Iron Valiant|Moonblast|p1a: Haunter
|-damage|p1a: Haunter|0 fnt
|faint|p1a: Haunter
|
|-damage|p2a: Iron Valiant|88/100 brn|[from] brn
|upkeep
|
|t:|1758284260
|switch|p1a: Barraskewda|Barraskewda, F|100/100
|turn|13
|
|t:|1758284266
|move|p2a: Iron Valiant|Thunderbolt|p1a: Barraskewda
|-supereffective|p1a: Barraskewda
|-damage|p1a: Barraskewda|0 fnt
|faint|p1a: Barraskewda
|
|-damage|p2a: Iron Valiant|82/100 brn|[from] brn
|upkeep
|
|t:|1758284270
|switch|p1a: Reuniclus|Reuniclus, M, shiny|100/100
|turn|14
|
|t:|1758284275
|move|p2a: Iron Valiant|Moonblast|p1a: Reuniclus
|-damage|p1a: Reuniclus|70/100
|move|p1a: Reuniclus|Psychic|p2a: Iron Valiant
|-supereffective|p2a: Iron Valiant
|-damage|p2a: Iron Valiant|0 fnt
|faint|p2a: Iron Valiant
|-end|p2a: Iron Valiant|Quark Drive|[silent]
|
|upkeep
|
|t:|1758284281
|switch|p2a: Kingambit|Kingambit, M|100/100
|-activate|p2a: Kingambit|ability: Supreme Overlord
|-start|p2a: Kingambit|fallen5|[silent]
|turn|15
|
|t:|1758284286
|switch|p1a: Incineroar|Incineroar, F|100/100
|-ability|p1a: Incineroar|Intimidate|boost
|-unboost|p2a: Kingambit|atk|1
|move|p2a: Kingambit|Kowtow Cleave|p1a: Incineroar
|-resisted|p1a: Incineroar
|-damage|p1a: Incineroar|78/100
|-damage|p2a: Kingambit|84/100|[from] item: Rocky Helmet|[of] p1a: Incineroar
|
|-heal|p2a: Kingambit|90/100|[from] item: Leftovers
|upkeep
|turn|16
|
|t:|1758284300
|move|p1a: Incineroar|Fake Out|p2a: Kingambit
|-resisted|p2a: Kingambit
|-damage|p2a: Kingambit|85/100
|cant|p2a: Kingambit|flinch
|
|-heal|p2a: Kingambit|91/100|[from] item: Leftovers
|upkeep
|turn|17
|
|t:|1758284307
|move|p2a: Kingambit|Sucker Punch||[still]
|-fail|p2a: Kingambit
|move|p1a: Incineroar|Parting Shot|p2a: Kingambit
|-unboost|p2a: Kingambit|atk|1
|-unboost|p2a: Kingambit|spa|1
|
|t:|1758284310
|switch|p1a: Noivern|Noivern, F|100/100|[from] Parting Shot
|
|-heal|p2a: Kingambit|97/100|[from] item: Leftovers
|upkeep
|turn|18
|
|t:|1758284317
|move|p1a: Noivern|Boomburst|p2a: Kingambit
|-resisted|p2a: Kingambit
|-damage|p2a: Kingambit|77/100
|-enditem|p1a: Noivern|Throat Spray
|-boost|p1a: Noivern|spa|1|[from] item: Throat Spray
|move|p2a: Kingambit|Swords Dance|p2a: Kingambit
|-boost|p2a: Kingambit|atk|2
|
|-heal|p2a: Kingambit|83/100|[from] item: Leftovers
|upkeep
|turn|19
|
|t:|1758284328
|switch|p1a: Incineroar|Incineroar, F|78/100
|-ability|p1a: Incineroar|Intimidate|boost
|-unboost|p2a: Kingambit|atk|1
|move|p2a: Kingambit|Iron Head|p1a: Incineroar
|-resisted|p1a: Incineroar
|-damage|p1a: Incineroar|56/100
|-damage|p2a: Kingambit|67/100|[from] item: Rocky Helmet|[of] p1a: Incineroar
|
|-heal|p2a: Kingambit|73/100|[from] item: Leftovers
|upkeep
|turn|20
|
|t:|1758284339
|move|p1a: Incineroar|Fake Out|p2a: Kingambit
|-resisted|p2a: Kingambit
|-damage|p2a: Kingambit|68/100
|cant|p2a: Kingambit|flinch
|
|-heal|p2a: Kingambit|74/100|[from] item: Leftovers
|upkeep
|turn|21
|
|t:|1758284345
|move|p1a: Incineroar|Fire Punch|p2a: Kingambit
|-supereffective|p2a: Kingambit
|-damage|p2a: Kingambit|17/100
|move|p2a: Kingambit|Swords Dance|p2a: Kingambit
|-boost|p2a: Kingambit|atk|2
|
|-heal|p2a: Kingambit|24/100|[from] item: Leftovers
|upkeep
|turn|22
|
|t:|1758284355
|move|p2a: Kingambit|Sucker Punch||[still]
|-fail|p2a: Kingambit
|move|p1a: Incineroar|Parting Shot|p2a: Kingambit
|-unboost|p2a: Kingambit|atk|1
|-unboost|p2a: Kingambit|spa|1
|
|t:|1758284359
|switch|p1a: Reuniclus|Reuniclus, M, shiny|70/100|[from] Parting Shot
|
|-heal|p2a: Kingambit|30/100|[from] item: Leftovers
|upkeep
|turn|23
|
|t:|1758284367
|switch|p1a: Incineroar|Incineroar, F|56/100
|-ability|p1a: Incineroar|Intimidate|boost
|-unboost|p2a: Kingambit|atk|1
|move|p2a: Kingambit|Iron Head|p1a: Incineroar
|-resisted|p1a: Incineroar
|-damage|p1a: Incineroar|33/100
|-damage|p2a: Kingambit|13/100|[from] item: Rocky Helmet|[of] p1a: Incineroar
|
|-heal|p2a: Kingambit|19/100|[from] item: Leftovers
|upkeep
|turn|24
|
|t:|1758284379
|move|p1a: Incineroar|Fake Out|p2a: Kingambit
|-resisted|p2a: Kingambit
|-damage|p2a: Kingambit|15/100
|cant|p2a: Kingambit|flinch
|
|-heal|p2a: Kingambit|21/100|[from] item: Leftovers
|upkeep
|turn|25
|
|t:|1758284386
|move|p1a: Incineroar|Fire Punch|p2a: Kingambit
|-supereffective|p2a: Kingambit
|-damage|p2a: Kingambit|0 fnt
|faint|p2a: Kingambit
|-end|p2a: Kingambit|fallen5|[silent]
|
|win|AlolanskiMarowak
|raw|AlolanskiMarowak's rating: 1068 &rarr; <strong>1096</strong><br />(+28 for winning)
|raw|Sohan009's rating: 1051 &rarr; <strong>1034</strong><br />(-17 for losing)
|l|☆AlolanskiMarowak
|player|p1|
|l|☆Sohan009
|player|p2|
