|j|☆math76
|j|☆murchy4
|t:|1758284792
|gametype|singles
|player|p1|math76|ghetsis|1434
|player|p2|murchy4|265|1460
|gen|9
|tier|[Gen 9] OU
|rated|
|rule|HP Percentage Mod: HP is shown in percentages
|rule|Endless Battle Clause: Forcing endless battles is banned
|rule|Species Clause: Limit one of each Pokémon
|rule|OHKO Clause: OHKO moves are banned
|rule|Evasion Items Clause: Evasion items are banned
|rule|Evasion Moves Clause: Evasion moves are banned
|rule|Evasion Abilities Clause: Evasion abilities are banned
|rule|Sleep Moves Clause: Sleep-inducing moves are banned
|clearpoke
|poke|p1|Pelipper, M|
|poke|p1|Barraskewda, M|
|poke|p1|Manaphy|
|poke|p1|Zapdos|
|poke|p1|Kingdra, F|
|poke|p1|Hatterene, F|
|poke|p2|Ninetales-Alola, F|
|poke|p2|Oricorio, M|
|poke|p2|Hatterene, F|
|poke|p2|Kyurem|
|poke|p2|Zamazenta-*|
|poke|p2|Iron Treads|
|teampreview
|inactive|Battle timer is ON: inactive players will automatically lose when time's up. (requested by murchy4)
|
|t:|1758284806
|teamsize|p1|6
|teamsize|p2|6
|start
|switch|p1a: Pelipper|Pelipper, M|100/100
|switch|p2a: Iron Treads|Iron Treads|100/100
|-weather|RainDance|[from] ability: Drizzle|[of] p1a: Pelipper
|-enditem|p2a: Iron Treads|Booster Energy
|-activate|p2a: Iron Treads|ability: Quark Drive|[fromitem]
|-start|p2a: Iron Treads|quarkdrivespe
|turn|1
|
|t:|1758284820
|move|p2a: Iron Treads|Stealth Rock|p1a: Pelipper
|-sidestart|p1: math76|move: Stealth Rock
|move|p1a: Pelipper|U-turn|p2a: Iron Treads
|-resisted|p2a: Iron Treads
|-damage|p2a: Iron Treads|96/100
|inactive|math76 has 120 seconds left.
|
|t:|1758284855
|switch|p1a: Kingdra|Kingdra, F|100/100|[from] U-turn
|-damage|p1a: Kingdra|88/100|[from] Stealth Rock
|
|-weather|RainDance|[upkeep]
|upkeep
|turn|2
|inactive|murchy4 has 120 seconds left.
|
|t:|1758284902
|-end|p2a: Iron Treads|Quark Drive|[silent]
|switch|p2a: Ninetales|Ninetales-Alola, F|100/100
|-weather|Snowscape|[from] ability: Snow Warning|[of] p2a: Ninetales
|move|p1a: Kingdra|Weather Ball|p2a: Ninetales
|-resisted|p2a: Ninetales
|-damage|p2a: Ninetales|78/100
|
|-weather|Snowscape|[upkeep]
|upkeep
|turn|3
|inactive|math76 has 120 seconds left.
|
|t:|1758284914
|switch|p1a: Pelipper|Pelipper, M|100/100
|-damage|p1a: Pelipper|76/100|[from] Stealth Rock
|-weather|RainDance|[from] ability: Drizzle|[of] p1a: Pelipper
|move|p2a: Ninetales|Aurora Veil||[still]
|-fail|p2a: Ninetales
|
|-weather|RainDance|[upkeep]
|upkeep
|turn|4
|inactive|math76 has 120 seconds left.
|
|t:|1758284943
|move|p2a: Ninetales|Freeze-Dry|p1a: Pelipper
|-supereffective|p1a: Pelipper
|-damage|p1a: Pelipper|0 fnt
|faint|p1a: Pelipper
|
|-weather|RainDance|[upkeep]
|upkeep
|
|t:|1758284953
|switch|p1a: Barraskewda|Barraskewda, M|100/100
|-damage|p1a: Barraskewda|88/100|[from] Stealth Rock
|turn|5
|
|t:|1758284964
|switch|p2a: Iron Treads|Iron Treads|96/100
|-terastallize|p1a: Barraskewda|Water
|move|p1a: Barraskewda|Liquidation|p2a: Iron Treads
|-supereffective|p2a: Iron Treads
|-damage|p2a: Iron Treads|0 fnt
|faint|p2a: Iron Treads
|-end|p2a: Iron Treads|Quark Drive|[silent]
|
|-weather|RainDance|[upkeep]
|upkeep
|
|t:|1758284967
|switch|p2a: Ninetales|Ninetales-Alola, F|78/100
|-weather|Snowscape|[from] ability: Snow Warning|[of] p2a: Ninetales
|turn|6
|
|t:|1758284983
|switch|p2a: Kyurem|Kyurem|100/100
|-ability|p2a: Kyurem|Pressure
|move|p1a: Barraskewda|Liquidation|p2a: Kyurem
|-resisted|p2a: Kyurem
|-damage|p2a: Kyurem|72/100
|
|-weather|Snowscape|[upkeep]
|upkeep
|turn|7
|
|t:|1758284995
|switch|p1a: Hatterene|Hatterene, F|100/100
|-damage|p1a: Hatterene|88/100|[from] Stealth Rock
|move|p2a: Kyurem|Icicle Spear|p1a: Hatterene
|-damage|p1a: Hatterene|78/100
|-damage|p1a: Hatterene|67/100
|-damage|p1a: Hatterene|56/100
|-damage|p1a: Hatterene|45/100
|-damage|p1a: Hatterene|34/100
|-hitcount|p1a: Hatterene|5
|-enditem|p1a: Hatterene|Eject Button
|-message|math76 forfeited.
|
|win|murchy4
|raw|math76's rating: 1434 &rarr; <strong>1415</strong><br />(-19 for losing)
|raw|murchy4's rating: 1460 &rarr; <strong>1479</strong><br />(+19 for winning)
|l|☆math76
|player|p1|
|l|☆murchy4
|player|p2|
