|j|☆John Kritter
|j|☆SpectralStorm
|t:|1758377603
|gametype|singles
|player|p1|John Kritter|pokemaniac|1503
|player|p2|SpectralStorm|101|1507
|gen|9
|tier|[Gen 9] OU
|rated|
|rule|HP Percentage Mod: HP is shown in percentages
|rule|Endless Battle Clause: Forcing endless battles is banned
|rule|Species Clause: Limit one of each Pokémon
|rule|OHKO Clause: OHKO moves are banned
|rule|Evasion Items Clause: Evasion items are banned
|rule|Evasion Moves Clause: Evasion moves are banned
|rule|Evasion Abilities Clause: Evasion abilities are banned
|rule|Sleep Moves Clause: Sleep-inducing moves are banned
|clearpoke
|poke|p1|Torkoal, F|
|poke|p1|Walking Wake|
|poke|p1|Hatterene, F|
|poke|p1|Great Tusk|
|poke|p1|Ceruledge, M|
|poke|p1|Enamorus, F|
|poke|p2|Bellibolt, F|
|poke|p2|Basculegion, M|
|poke|p2|Dragonite, M|
|poke|p2|Iron Treads|
|poke|p2|Barraskewda, F|
|poke|p2|Pelipper, F|
|teampreview
|inactive|Battle timer is ON: inactive players will automatically lose when time's up. (requested by John Kritter)
|
|t:|1758377625
|teamsize|p1|6
|teamsize|p2|6
|start
|switch|p1a: Torkoal|Torkoal, F|100/100
|switch|p2a: Barraskewda|Barraskewda, F|100/100
|-weather|SunnyDay|[from] ability: Drought|[of] p1a: Torkoal
|turn|1
|
|t:|1758377632
|switch|p2a: Pelipper|Pelipper, F|100/100
|-weather|RainDance|[from] ability: Drizzle|[of] p2a: Pelipper
|move|p1a: Torkoal|Stealth Rock|p2a: Pelipper
|-sidestart|p2: SpectralStorm|move: Stealth Rock
|
|-weather|RainDance|[upkeep]
|upkeep
|turn|2
|
|t:|1758377640
|switch|p1a: Hatterene|Hatterene, F, shiny|100/100
|move|p2a: Pelipper|Hurricane|p1a: Hatterene
|-damage|p1a: Hatterene|67/100
|-enditem|p1a: Hatterene|Eject Button
|
|t:|1758377653
|switch|p1a: Walking Wake|Walking Wake|100/100
|
|-weather|RainDance|[upkeep]
|upkeep
|turn|3
|
|t:|1758377660
|move|p1a: Walking Wake|Dragon Pulse|p2a: Pelipper
|-damage|p2a: Pelipper|5/100
|move|p2a: Pelipper|U-turn|p1a: Walking Wake
|-damage|p1a: Walking Wake|92/100
|
|t:|1758377667
|switch|p2a: Bellibolt|Bellibolt, F|100/100|[from] U-turn
|-damage|p2a: Bellibolt|88/100|[from] Stealth Rock
|
|-weather|RainDance|[upkeep]
|upkeep
|turn|4
|inactive|John Kritter has 120 seconds left.
|
|t:|1758377700
|-end|p1a: Walking Wake|Protosynthesis|[silent]
|switch|p1a: Torkoal|Torkoal, F|100/100
|-weather|SunnyDay|[from] ability: Drought|[of] p1a: Torkoal
|-terastallize|p2a: Bellibolt|Fairy
|move|p2a: Bellibolt|Tera Blast|p1a: Torkoal|[anim] Tera Blast Fairy
|-resisted|p1a: Torkoal
|-damage|p1a: Torkoal|77/100
|
|-weather|SunnyDay|[upkeep]
|upkeep
|turn|5
|inactive|John Kritter has 120 seconds left.
|
|t:|1758377721
|switch|p1a: Hatterene|Hatterene, F, shiny|67/100
|move|p2a: Bellibolt|Thunder|p1a: Hatterene
|-damage|p1a: Hatterene|15/100
|
|-weather|SunnyDay|[upkeep]
|upkeep
|turn|6
|
|t:|1758377729
|move|p2a: Bellibolt|Volt Switch|p1a: Hatterene
|-damage|p1a: Hatterene|0 fnt
|faint|p1a: Hatterene
|
|t:|1758377735
|switch|p2a: Iron Treads|Iron Treads|100/100|[from] Volt Switch
|-damage|p2a: Iron Treads|98/100|[from] Stealth Rock
|
|-weather|SunnyDay|[upkeep]
|upkeep
|inactive|John Kritter has 120 seconds left.
|
|t:|1758377744
|switch|p1a: Walking Wake|Walking Wake|92/100
|-activate|p1a: Walking Wake|ability: Protosynthesis
|-start|p1a: Walking Wake|protosynthesisspa
|turn|7
|
|t:|1758377749
|move|p2a: Iron Treads|Rapid Spin|p1a: Walking Wake
|-crit|p1a: Walking Wake
|-damage|p1a: Walking Wake|73/100
|-boost|p2a: Iron Treads|spe|1
|-sideend|p2: SpectralStorm|Stealth Rock|[from] move: Rapid Spin|[of] p2a: Iron Treads
|move|p1a: Walking Wake|Hydro Steam|p2a: Iron Treads
|-supereffective|p2a: Iron Treads
|-damage|p2a: Iron Treads|0 fnt
|faint|p2a: Iron Treads
|-end|p2a: Iron Treads|Quark Drive|[silent]
|
|-weather|SunnyDay|[upkeep]
|upkeep
|
|t:|1758377760
|switch|p2a: Dragonite|Dragonite, M|100/100
|turn|8
|
|t:|1758377771
|-end|p1a: Walking Wake|Protosynthesis|[silent]
|switch|p1a: Enamorus|Enamorus, F|100/100
|switch|p2a: Pelipper|Pelipper, F|5/100
|-weather|RainDance|[from] ability: Drizzle|[of] p2a: Pelipper
|
|-weather|RainDance|[upkeep]
|upkeep
|turn|9
|
|t:|1758377779
|switch|p2a: Bellibolt|Bellibolt, F, tera:Fairy|88/100
|move|p1a: Enamorus|Moonblast|p2a: Bellibolt
|-damage|p2a: Bellibolt|50/100
|-start|p2a: Bellibolt|Charge|Moonblast|[from] ability: Electromorphosis
|
|-weather|RainDance|[upkeep]
|upkeep
|turn|10
|
|t:|1758377801
|switch|p1a: Torkoal|Torkoal, F|77/100
|-weather|SunnyDay|[from] ability: Drought|[of] p1a: Torkoal
|move|p2a: Bellibolt|Volt Switch|p1a: Torkoal
|-damage|p1a: Torkoal|0 fnt
|faint|p1a: Torkoal
|-end|p2a: Bellibolt|Charge|[silent]
|
|t:|1758377803
|switch|p2a: Pelipper|Pelipper, F|5/100|[from] Volt Switch
|-weather|RainDance|[from] ability: Drizzle|[of] p2a: Pelipper
|
|-weather|RainDance|[upkeep]
|upkeep
|
|t:|1758377816
|switch|p1a: Walking Wake|Walking Wake|73/100
|turn|11
|
|t:|1758377847
|switch|p2a: Bellibolt|Bellibolt, F, tera:Fairy|50/100
|move|p1a: Walking Wake|Hydro Steam|p2a: Bellibolt
|-damage|p2a: Bellibolt|0 fnt
|faint|p2a: Bellibolt
|
|-weather|RainDance|[upkeep]
|upkeep
|
|t:|1758377853
|switch|p2a: Dragonite|Dragonite, M|100/100
|turn|12
|
|t:|1758377860
|-end|p1a: Walking Wake|Protosynthesis|[silent]
|switch|p1a: Don|Great Tusk, shiny|100/100
|move|p2a: Dragonite|Hurricane|p1a: Don
|-supereffective|p1a: Don
|-damage|p1a: Don|0 fnt
|faint|p1a: Don
|-end|p1a: Don|Protosynthesis|[silent]
|
|-weather|RainDance|[upkeep]
|upkeep
|
|t:|1758377867
|switch|p1a: Enamorus|Enamorus, F|100/100
|turn|13
|
|t:|1758377871
|move|p1a: Enamorus|Moonblast|p2a: Dragonite
|-supereffective|p2a: Dragonite
|-damage|p2a: Dragonite|38/100
|move|p2a: Dragonite|Hurricane|p1a: Enamorus
|-damage|p1a: Enamorus|30/100
|-start|p1a: Enamorus|confusion
|
|-weather|RainDance|[upkeep]
|upkeep
|turn|14
|
|t:|1758377883
|-activate|p1a: Enamorus|confusion
|move|p1a: Enamorus|Moonblast|p2a: Dragonite
|-supereffective|p2a: Dragonite
|-damage|p2a: Dragonite|0 fnt
|faint|p2a: Dragonite
|
|-weather|RainDance|[upkeep]
|upkeep
|
|t:|1758377884
|switch|p2a: Barraskewda|Barraskewda, F|100/100
|turn|15
|
|t:|1758377892
|move|p2a: Barraskewda|Flip Turn|p1a: Enamorus
|-damage|p1a: Enamorus|0 fnt
|faint|p1a: Enamorus
|
|t:|1758377895
|switch|p2a: Basculegion|Basculegion, M|100/100|[from] Flip Turn
|
|-weather|RainDance|[upkeep]
|upkeep
|
|t:|1758377913
|switch|p1a: Ceruledge|Ceruledge, M|100/100
|turn|16
|
|t:|1758377922
|-terastallize|p1a: Ceruledge|Grass
|move|p1a: Ceruledge|Swords Dance|p1a: Ceruledge
|-boost|p1a: Ceruledge|atk|2
|move|p2a: Basculegion|Flip Turn|p1a: Ceruledge
|-resisted|p1a: Ceruledge
|-crit|p1a: Ceruledge
|-damage|p1a: Ceruledge|5/100
|-ability|p1a: Ceruledge|Weak Armor|boost
|-unboost|p1a: Ceruledge|def|1
|-boost|p1a: Ceruledge|spe|2
|
|t:|1758377926
|switch|p2a: Barraskewda|Barraskewda, F|100/100|[from] Flip Turn
|
|-weather|RainDance|[upkeep]
|upkeep
|turn|17
|
|t:|1758377940
|move|p2a: Barraskewda|Aqua Jet|p1a: Ceruledge
|-resisted|p1a: Ceruledge
|-damage|p1a: Ceruledge|0 fnt
|faint|p1a: Ceruledge
|
|-weather|none
|upkeep
|
|t:|1758377943
|switch|p1a: Walking Wake|Walking Wake|73/100
|turn|18
|
|t:|1758377945
|switch|p2a: Pelipper|Pelipper, F|5/100
|-weather|RainDance|[from] ability: Drizzle|[of] p2a: Pelipper
|move|p1a: Walking Wake|Dragon Pulse|p2a: Pelipper
|-damage|p2a: Pelipper|0 fnt
|faint|p2a: Pelipper
|
|-weather|RainDance|[upkeep]
|upkeep
|
|t:|1758377949
|switch|p2a: Barraskewda|Barraskewda, F|100/100
|turn|19
|
|t:|1758377952
|move|p2a: Barraskewda|Flip Turn|p1a: Walking Wake
|-resisted|p1a: Walking Wake
|-damage|p1a: Walking Wake|52/100
|
|t:|1758377954
|switch|p2a: Basculegion|Basculegion, M|100/100|[from] Flip Turn
|move|p1a: Walking Wake|Dragon Pulse|p2a: Basculegion
|-damage|p2a: Basculegion|16/100
|
|-weather|RainDance|[upkeep]
|upkeep
|turn|20
|
|t:|1758377960
|move|p2a: Basculegion|Aqua Jet|p1a: Walking Wake
|-resisted|p1a: Walking Wake
|-damage|p1a: Walking Wake|34/100
|move|p1a: Walking Wake|Dragon Pulse|p2a: Basculegion
|-damage|p2a: Basculegion|0 fnt
|faint|p2a: Basculegion
|
|-weather|RainDance|[upkeep]
|upkeep
|
|t:|1758377963
|switch|p2a: Barraskewda|Barraskewda, F|100/100
|turn|21
|
|t:|1758377964
|move|p2a: Barraskewda|Close Combat|p1a: Walking Wake
|-damage|p1a: Walking Wake|0 fnt
|-unboost|p2a: Barraskewda|def|1
|-unboost|p2a: Barraskewda|spd|1
|faint|p1a: Walking Wake
|-end|p1a: Walking Wake|Protosynthesis|[silent]
|
|win|SpectralStorm
|raw|John Kritter's rating: 1503 &rarr; <strong>1483</strong><br />(-20 for losing)
|raw|SpectralStorm's rating: 1507 &rarr; <strong>1527</strong><br />(+20 for winning)
|l|☆John Kritter
|player|p1|
|l|☆SpectralStorm
|player|p2|
