|j|☆Tytohbird
|j|☆rookie22
|t:|1758306584
|gametype|singles
|player|p1|Tytohbird|1|1636
|player|p2|rookie22|iris-gen5bw2|1763
|gen|9
|tier|[Gen 9] OU
|rated|
|rule|HP Percentage Mod: HP is shown in percentages
|rule|Endless Battle Clause: Forcing endless battles is banned
|rule|Species Clause: Limit one of each Pokémon
|rule|OHKO Clause: OHKO moves are banned
|rule|Evasion Items Clause: Evasion items are banned
|rule|Evasion Moves Clause: Evasion moves are banned
|rule|Evasion Abilities Clause: Evasion abilities are banned
|rule|Sleep Moves Clause: Sleep-inducing moves are banned
|clearpoke
|poke|p1|Inteleon, F|
|poke|p1|Dragapult, M|
|poke|p1|Great Tusk|
|poke|p1|Ting-Lu|
|poke|p1|Clefable, F|
|poke|p1|Wo-Chien|
|poke|p2|Dragonite, M|
|poke|p2|Meowscarada, M|
|poke|p2|Keldeo|
|poke|p2|Iron Crown|
|poke|p2|Raging Bolt|
|poke|p2|Great Tusk|
|teampreview
|inactive|Battle timer is ON: inactive players will automatically lose when time's up. (requested by Tytohbird)
|inactive|rookie22 also wants the timer to be on.
|
|t:|1758306589
|teamsize|p1|6
|teamsize|p2|6
|start
|switch|p1a: Clefable|Clefable, F|100/100
|switch|p2a: Lisan Al Gaib|Keldeo|100/100
|turn|1
|
|t:|1758306595
|move|p2a: Lisan Al Gaib|Surf|p1a: Clefable
|-damage|p1a: Clefable|50/100
|move|p1a: Clefable|Stealth Rock|p2a: Lisan Al Gaib
|-sidestart|p2: rookie22|move: Stealth Rock
|
|-heal|p1a: Clefable|56/100|[from] item: Leftovers
|upkeep
|turn|2
|
|t:|1758306599
|switch|p2a: Bene Gesserit|Iron Crown|100/100
|-damage|p2a: Bene Gesserit|94/100|[from] Stealth Rock
|move|p1a: Clefable|Moonlight|p1a: Clefable
|-heal|p1a: Clefable|100/100
|
|upkeep
|turn|3
|
|t:|1758306606
|-end|p2a: Bene Gesserit|Quark Drive|[silent]
|switch|p2a: Lisan Al Gaib|Keldeo|100/100
|-damage|p2a: Lisan Al Gaib|94/100|[from] Stealth Rock
|switch|p1a: Wo-Chien|Wo-Chien|100/100
|-ability|p1a: Wo-Chien|Tablets of Ruin
|
|upkeep
|turn|4
|j| petertheatre
|
|t:|1758306612
|move|p2a: Lisan Al Gaib|Air Slash|p1a: Wo-Chien
|-supereffective|p1a: Wo-Chien
|-damage|p1a: Wo-Chien|44/100
|move|p1a: Wo-Chien|Ruination|p2a: Lisan Al Gaib
|-damage|p2a: Lisan Al Gaib|48/100
|-ability|p2a: Lisan Al Gaib|Justified|boost
|-boost|p2a: Lisan Al Gaib|atk|1
|
|-heal|p1a: Wo-Chien|50/100|[from] item: Leftovers
|upkeep
|turn|5
|
|t:|1758306618
|switch|p1a: Clefable|Clefable, F|100/100
|move|p2a: Lisan Al Gaib|Air Slash|p1a: Clefable
|-damage|p1a: Clefable|73/100
|
|-heal|p1a: Clefable|79/100|[from] item: Leftovers
|upkeep
|turn|6
|
|t:|1758306621
|switch|p2a: Bene Gesserit|Iron Crown|94/100
|-damage|p2a: Bene Gesserit|88/100|[from] Stealth Rock
|switch|p1a: Ting-Lu|Ting-Lu|100/100
|-ability|p1a: Ting-Lu|Vessel of Ruin
|
|upkeep
|turn|7
|
|t:|1758306624
|-end|p2a: Bene Gesserit|Quark Drive|[silent]
|switch|p2a: Great Tusk|Great Tusk|100/100
|-damage|p2a: Great Tusk|97/100|[from] Stealth Rock
|move|p1a: Ting-Lu|Earthquake|p2a: Great Tusk
|-damage|p2a: Great Tusk|48/100
|
|-heal|p2a: Great Tusk|54/100|[from] item: Leftovers
|upkeep
|turn|8
|
|t:|1758306633
|move|p2a: Great Tusk|Ice Spinner|p1a: Ting-Lu
|-supereffective|p1a: Ting-Lu
|-damage|p1a: Ting-Lu|66/100
|move|p1a: Ting-Lu|Earthquake|p2a: Great Tusk
|-crit|p2a: Great Tusk
|-damage|p2a: Great Tusk|0 fnt
|faint|p2a: Great Tusk
|-end|p2a: Great Tusk|Protosynthesis|[silent]
|
|upkeep
|
|t:|1758306638
|switch|p2a: Meowscarada|Meowscarada, M|100/100
|turn|9
|
|t:|1758306645
|switch|p1a: Wo-Chien|Wo-Chien|50/100
|-ability|p1a: Wo-Chien|Tablets of Ruin
|move|p2a: Meowscarada|Flower Trick|p1a: Wo-Chien
|-start|p2a: Meowscarada|typechange|Grass|[from] ability: Protean
|-resisted|p1a: Wo-Chien
|-crit|p1a: Wo-Chien
|-damage|p1a: Wo-Chien|38/100
|
|-heal|p1a: Wo-Chien|44/100|[from] item: Leftovers
|upkeep
|turn|10
|
|t:|1758306653
|switch|p1a: Dragapult|Dragapult, M|100/100
|move|p2a: Meowscarada|Triple Axel|p1a: Dragapult
|-supereffective|p1a: Dragapult
|-damage|p1a: Dragapult|84/100
|-supereffective|p1a: Dragapult
|-damage|p1a: Dragapult|53/100
|-supereffective|p1a: Dragapult
|-damage|p1a: Dragapult|0 fnt
|faint|p1a: Dragapult
|-hitcount|p1: Dragapult|3
|
|upkeep
|
|t:|1758306660
|switch|p1a: Wo-Chien|Wo-Chien|44/100
|-ability|p1a: Wo-Chien|Tablets of Ruin
|turn|11
|
|t:|1758306667
|move|p2a: Meowscarada|Triple Axel|p1a: Wo-Chien
|-supereffective|p1a: Wo-Chien
|-damage|p1a: Wo-Chien|37/100
|-hitcount|p1a: Wo-Chien|1
|move|p1a: Wo-Chien|Giga Drain|p2a: Meowscarada
|-resisted|p2a: Meowscarada
|-damage|p2a: Meowscarada|82/100
|-heal|p1a: Wo-Chien|44/100|[from] drain|[of] p2a: Meowscarada
|
|-heal|p1a: Wo-Chien|50/100|[from] item: Leftovers
|upkeep
|turn|12
|
|t:|1758306676
|switch|p2a: Raging Bolt|Raging Bolt|100/100
|-damage|p2a: Raging Bolt|88/100|[from] Stealth Rock
|move|p1a: Wo-Chien|Knock Off|p2a: Raging Bolt
|-damage|p2a: Raging Bolt|63/100
|-enditem|p2a: Raging Bolt|Leftovers|[from] move: Knock Off|[of] p1a: Wo-Chien
|
|-heal|p1a: Wo-Chien|56/100|[from] item: Leftovers
|upkeep
|turn|13
|
|t:|1758306683
|switch|p1a: Clefable|Clefable, F|79/100
|move|p2a: Raging Bolt|Dragon Pulse|p1a: Clefable
|-immune|p1a: Clefable
|
|-heal|p1a: Clefable|85/100|[from] item: Leftovers
|upkeep
|turn|14
|
|t:|1758306688
|-end|p2a: Raging Bolt|Protosynthesis|[silent]
|switch|p2a: Bene Gesserit|Iron Crown|88/100
|-damage|p2a: Bene Gesserit|82/100|[from] Stealth Rock
|switch|p1a: Great Tusk|Great Tusk|100/100
|
|upkeep
|turn|15
|
|t:|1758306698
|-end|p2a: Bene Gesserit|Quark Drive|[silent]
|switch|p2a: Meowscarada|Meowscarada, M|82/100
|-end|p1a: Great Tusk|Protosynthesis|[silent]
|switch|p1a: Inteleon|Inteleon, F|100/100
|
|upkeep
|turn|16
|
|t:|1758306702
|switch|p1a: Wo-Chien|Wo-Chien|56/100
|-ability|p1a: Wo-Chien|Tablets of Ruin
|move|p2a: Meowscarada|Flower Trick|p1a: Wo-Chien
|-start|p2a: Meowscarada|typechange|Grass|[from] ability: Protean
|-resisted|p1a: Wo-Chien
|-crit|p1a: Wo-Chien
|-damage|p1a: Wo-Chien|44/100
|
|-heal|p1a: Wo-Chien|50/100|[from] item: Leftovers
|upkeep
|turn|17
|
|t:|1758306715
|switch|p2a: Raging Bolt|Raging Bolt|63/100
|-damage|p2a: Raging Bolt|50/100|[from] Stealth Rock
|-terastallize|p1a: Wo-Chien|Dark
|move|p1a: Wo-Chien|Knock Off|p2a: Raging Bolt
|-damage|p2a: Raging Bolt|29/100
|
|-heal|p1a: Wo-Chien|56/100|[from] item: Leftovers
|upkeep
|turn|18
|
|t:|1758306741
|-end|p2a: Raging Bolt|Protosynthesis|[silent]
|switch|p2a: Lisan Al Gaib|Keldeo|48/100
|-damage|p2a: Lisan Al Gaib|41/100|[from] Stealth Rock
|switch|p1a: Clefable|Clefable, F|85/100
|
|-heal|p1a: Clefable|91/100|[from] item: Leftovers
|upkeep
|turn|19
|
|t:|1758306752
|switch|p2a: Bene Gesserit|Iron Crown|82/100
|-damage|p2a: Bene Gesserit|76/100|[from] Stealth Rock
|switch|p1a: Inteleon|Inteleon, F|100/100
|
|upkeep
|turn|20
|
|t:|1758306755
|move|p1a: Inteleon|Snipe Shot|p2a: Bene Gesserit
|-damage|p2a: Bene Gesserit|46/100
|move|p2a: Bene Gesserit|Psyshock|p1a: Inteleon
|-crit|p1a: Inteleon
|-damage|p1a: Inteleon|5/100
|
|upkeep
|turn|21
|
|t:|1758306759
|move|p1a: Inteleon|Snipe Shot|p2a: Bene Gesserit
|-damage|p2a: Bene Gesserit|20/100
|move|p2a: Bene Gesserit|Tachyon Cutter|p1a: Inteleon
|-resisted|p1a: Inteleon
|-damage|p1a: Inteleon|0 fnt
|faint|p1a: Inteleon
|-hitcount|p1: Inteleon|1
|
|upkeep
|
|t:|1758306764
|switch|p1a: Ting-Lu|Ting-Lu|66/100
|-ability|p1a: Ting-Lu|Vessel of Ruin
|turn|22
|
|t:|1758306769
|-end|p2a: Bene Gesserit|Quark Drive|[silent]
|switch|p2a: Meowscarada|Meowscarada, M|82/100
|move|p1a: Ting-Lu|Throat Chop|p2a: Meowscarada
|-resisted|p2a: Meowscarada
|-damage|p2a: Meowscarada|37/100
|-start|p2a: Meowscarada|Throat Chop|[silent]
|
|upkeep
|turn|23
|
|t:|1758306773
|-terastallize|p2a: Meowscarada|Grass
|move|p2a: Meowscarada|Flower Trick|p1a: Ting-Lu
|-supereffective|p1a: Ting-Lu
|-crit|p1a: Ting-Lu
|-damage|p1a: Ting-Lu|0 fnt
|faint|p1a: Ting-Lu
|
|-end|p2a: Meowscarada|Throat Chop|[silent]
|upkeep
|
|t:|1758306776
|switch|p1a: Wo-Chien|Wo-Chien, tera:Dark|56/100
|-ability|p1a: Wo-Chien|Tablets of Ruin
|turn|24
|
|t:|1758306785
|move|p2a: Meowscarada|Flower Trick|p1a: Wo-Chien
|-crit|p1a: Wo-Chien
|-damage|p1a: Wo-Chien|18/100
|move|p1a: Wo-Chien|Giga Drain|p2a: Meowscarada
|-resisted|p2a: Meowscarada
|-crit|p2a: Meowscarada
|-damage|p2a: Meowscarada|9/100
|-heal|p1a: Wo-Chien|29/100|[from] drain|[of] p2a: Meowscarada
|
|-heal|p1a: Wo-Chien|35/100|[from] item: Leftovers
|upkeep
|turn|25
|
|t:|1758306792
|move|p2a: Meowscarada|Flower Trick|p1a: Wo-Chien
|-crit|p1a: Wo-Chien
|-damage|p1a: Wo-Chien|0 fnt
|faint|p1a: Wo-Chien
|
|upkeep
|-message|Tytohbird forfeited.
|
|win|rookie22
|raw|Tytohbird's rating: 1636 &rarr; <strong>1623</strong><br />(-13 for losing)
|raw|rookie22's rating: 1763 &rarr; <strong>1776</strong><br />(+13 for winning)
|l|☆Tytohbird
|player|p1|
|l|☆rookie22
|player|p2|
|l| petertheatre
