|j|☆kookoobooboo
|j|☆321g
|t:|1758256611
|gametype|singles
|player|p1|kookoobooboo|102|1339
|player|p2|321g|266|1323
|gen|9
|tier|[Gen 9] OU
|rated|
|rule|HP Percentage Mod: HP is shown in percentages
|rule|Endless Battle Clause: Forcing endless battles is banned
|rule|Species Clause: Limit one of each Pokémon
|rule|OHKO Clause: OHKO moves are banned
|rule|Evasion Items Clause: Evasion items are banned
|rule|Evasion Moves Clause: Evasion moves are banned
|rule|Evasion Abilities Clause: Evasion abilities are banned
|rule|Sleep Moves Clause: Sleep-inducing moves are banned
|clearpoke
|poke|p1|Empoleon, M|
|poke|p1|Iron Valiant|
|poke|p1|Hydrapple, M|
|poke|p1|Garchomp, M|
|poke|p1|Ceruledge, F|
|poke|p1|Zoroark-Hisui, M|
|poke|p2|Alomomola, M|
|poke|p2|Araquanid, M|
|poke|p2|Ceruledge, M|
|poke|p2|Cinderace, F|
|poke|p2|Clefable, M|
|poke|p2|Corviknight, M|
|teampreview
|inactive|Battle timer is ON: inactive players will automatically lose when time's up. (requested by kookoobooboo)
|
|t:|1758256626
|teamsize|p1|6
|teamsize|p2|6
|start
|switch|p1a: Ceruledge|Ceruledge, F|100/100
|switch|p2a: Cinderace|Cinderace, F|100/100
|turn|1
|
|t:|1758256640
|move|p1a: Ceruledge|Trick|p2a: Cinderace
|-activate|p1a: Ceruledge|move: Trick|[of] p2a: Cinderace
|-item|p2a: Cinderace|Choice Scarf|[from] move: Trick
|-item|p1a: Ceruledge|Heavy-Duty Boots|[from] move: Trick
|move|p2a: Cinderace|Scorching Sands|p1a: Ceruledge
|-start|p2a: Cinderace|typechange|Ground|[from] ability: Libero
|-damage|p1a: Ceruledge|63/100
|replace|p1a: Zoroark|Zoroark-Hisui, M, shiny
|-end|p1a: Zoroark|Illusion
|
|upkeep
|turn|2
|
|t:|1758256655
|move|p2a: Cinderace|Scorching Sands|p1a: Zoroark
|-damage|p1a: Zoroark|22/100
|move|p1a: Zoroark|Hyper Voice|p2a: Cinderace
|-damage|p2a: Cinderace|33/100
|
|upkeep
|turn|3
|
|t:|1758256661
|switch|p1a: Hydrapple|Hydrapple, M, shiny|100/100
|move|p2a: Cinderace|Scorching Sands|p1a: Hydrapple
|-resisted|p1a: Hydrapple
|-damage|p1a: Hydrapple|95/100
|-status|p1a: Hydrapple|brn
|
|-damage|p1a: Hydrapple|88/100 brn|[from] brn
|upkeep
|turn|4
|
|t:|1758256667
|switch|p2a: Corviknight|Corviknight, M|100/100
|move|p1a: Hydrapple|Fickle Beam|p2a: Corviknight
|-resisted|p2a: Corviknight
|-damage|p2a: Corviknight|78/100
|
|-damage|p1a: Hydrapple|82/100 brn|[from] brn
|upkeep
|turn|5
|
|t:|1758256676
|move|p2a: Corviknight|U-turn|p1a: Hydrapple
|-supereffective|p1a: Hydrapple
|-damage|p1a: Hydrapple|39/100 brn
|
|t:|1758256687
|switch|p2a: Alomomola|Alomomola, M|100/100|[from] U-turn
|move|p1a: Hydrapple|Fickle Beam|p2a: Alomomola|[anim] Fickle Beam All Out
|-activate|p1a: Hydrapple|move: Fickle Beam
|-damage|p2a: Alomomola|7/100
|
|-damage|p1a: Hydrapple|33/100 brn|[from] brn
|upkeep
|turn|6
|
|t:|1758256696
|move|p2a: Alomomola|Flip Turn|p1a: Hydrapple
|-resisted|p1a: Hydrapple
|-damage|p1a: Hydrapple|31/100 brn
|
|t:|1758256700
|switch|p2a: Corviknight|Corviknight, M|78/100|[from] Flip Turn
|move|p1a: Hydrapple|Hydro Pump|p2a: Corviknight|[miss]
|-miss|p1a: Hydrapple|p2a: Corviknight
|
|-damage|p1a: Hydrapple|24/100 brn|[from] brn
|upkeep
|turn|7
|
|t:|1758256705
|switch|p1a: Ceruledge|Ceruledge, F|100/100
|move|p2a: Corviknight|U-turn|p1a: Ceruledge
|-resisted|p1a: Ceruledge
|-damage|p1a: Ceruledge|94/100
|-ability|p1a: Ceruledge|Weak Armor|boost
|-unboost|p1a: Ceruledge|def|1
|-boost|p1a: Ceruledge|spe|2
|
|t:|1758256715
|switch|p2a: Ceruledge|Ceruledge, M|100/100|[from] U-turn
|
|upkeep
|turn|8
|
|t:|1758256726
|move|p1a: Ceruledge|Shadow Sneak|p2a: Ceruledge
|-supereffective|p2a: Ceruledge
|-damage|p2a: Ceruledge|51/100
|-ability|p2a: Ceruledge|Weak Armor|boost
|-unboost|p2a: Ceruledge|def|1
|-boost|p2a: Ceruledge|spe|2
|move|p2a: Ceruledge|Poltergeist|p1a: Ceruledge
|-activate|p1a: Ceruledge|move: Poltergeist|Weakness Policy
|-supereffective|p1a: Ceruledge
|-damage|p1a: Ceruledge|0 fnt
|faint|p1a: Ceruledge
|
|upkeep
|
|t:|1758256738
|switch|p1a: Garchomp|Garchomp, M|100/100
|turn|9
|
|t:|1758256745
|move|p2a: Ceruledge|Poltergeist|p1a: Garchomp
|-activate|p1a: Garchomp|move: Poltergeist|Heavy-Duty Boots
|-damage|p1a: Garchomp|40/100
|move|p1a: Garchomp|Dragon Tail|p2a: Ceruledge|[miss]
|-miss|p1a: Garchomp|p2a: Ceruledge
|
|upkeep
|turn|10
|
|t:|1758256757
|move|p2a: Ceruledge|Poltergeist|p1a: Garchomp
|-activate|p1a: Garchomp|move: Poltergeist|Heavy-Duty Boots
|-damage|p1a: Garchomp|0 fnt
|faint|p1a: Garchomp
|
|upkeep
|
|t:|1758256762
|switch|p1a: Hydrapple|Hydrapple, M, shiny|57/100 brn
|turn|11
|
|t:|1758256775
|move|p2a: Ceruledge|Destiny Bond|p2a: Ceruledge
|-singlemove|p2a: Ceruledge|Destiny Bond
|move|p1a: Hydrapple|Fickle Beam|p2a: Ceruledge
|-damage|p2a: Ceruledge|2/100
|
|-damage|p1a: Hydrapple|51/100 brn|[from] brn
|upkeep
|turn|12
|
|t:|1758256786
|move|p2a: Ceruledge|Poltergeist|p1a: Hydrapple
|-activate|p1a: Hydrapple|move: Poltergeist|Assault Vest
|-damage|p1a: Hydrapple|17/100 brn
|move|p1a: Hydrapple|Fickle Beam|p2a: Ceruledge|[anim] Fickle Beam All Out
|-activate|p1a: Hydrapple|move: Fickle Beam
|-damage|p2a: Ceruledge|0 fnt
|faint|p2a: Ceruledge
|
|-damage|p1a: Hydrapple|11/100 brn|[from] brn
|upkeep
|
|t:|1758256795
|switch|p2a: Corviknight|Corviknight, M|78/100
|turn|13
|
|t:|1758256802
|switch|p1a: Empoleon|Empoleon, M|22/100
|move|p2a: Corviknight|U-turn|p1a: Empoleon
|-resisted|p1a: Empoleon
|-damage|p1a: Empoleon|0 fnt
|replace|p1a: Zoroark|Zoroark-Hisui, M, shiny
|-end|p1a: Zoroark|Illusion
|faint|p1a: Zoroark
|
|t:|1758256811
|switch|p2a: Alomomola|Alomomola, M|40/100|[from] U-turn
|
|upkeep
|
|t:|1758256818
|switch|p1a: Hydrapple|Hydrapple, M, shiny|44/100 brn
|turn|14
|
|t:|1758256823
|switch|p2a: Corviknight|Corviknight, M|78/100
|move|p1a: Hydrapple|Fickle Beam|p2a: Corviknight
|-resisted|p2a: Corviknight
|-damage|p2a: Corviknight|58/100
|
|-damage|p1a: Hydrapple|38/100 brn|[from] brn
|upkeep
|turn|15
|
|t:|1758256830
|switch|p1a: Empoleon|Empoleon, M|100/100
|move|p2a: Corviknight|U-turn|p1a: Empoleon
|-resisted|p1a: Empoleon
|-damage|p1a: Empoleon|85/100
|
|t:|1758256836
|switch|p2a: Cinderace|Cinderace, F|33/100|[from] U-turn
|
|upkeep
|turn|16
|
|t:|1758256839
|switch|p1a: Hydrapple|Hydrapple, M, shiny|71/100 brn
|move|p2a: Cinderace|Pyro Ball|p1a: Hydrapple
|-damage|p1a: Hydrapple|33/100 brn
|
|-damage|p1a: Hydrapple|27/100 brn|[from] brn
|upkeep
|turn|17
|
|t:|1758256850
|-terastallize|p1a: Hydrapple|Water
|move|p2a: Cinderace|Pyro Ball|p1a: Hydrapple
|-resisted|p1a: Hydrapple
|-damage|p1a: Hydrapple|7/100 brn
|move|p1a: Hydrapple|Fickle Beam|p2a: Cinderace
|-damage|p2a: Cinderace|0 fnt
|faint|p2a: Cinderace
|
|-damage|p1a: Hydrapple|1/100 brn|[from] brn
|upkeep
|
|t:|1758256860
|switch|p2a: Corviknight|Corviknight, M|58/100
|turn|18
|
|t:|1758256865
|switch|p1a: Empoleon|Empoleon, M|85/100
|move|p2a: Corviknight|U-turn|p1a: Empoleon
|-resisted|p1a: Empoleon
|-damage|p1a: Empoleon|68/100
|
|t:|1758256879
|switch|p2a: Araquanid|Araquanid, M|100/100|[from] U-turn
|
|upkeep
|turn|19
|
|t:|1758256887
|move|p1a: Empoleon|Roost|p1a: Empoleon
|-heal|p1a: Empoleon|100/100
|-singleturn|p1a: Empoleon|move: Roost
|move|p2a: Araquanid|Sticky Web|p1a: Empoleon
|-sidestart|p1: kookoobooboo|move: Sticky Web
|
|upkeep
|turn|20
|
|t:|1758256890
|switch|p1a: Hydrapple|Hydrapple, M, shiny, tera:Water|34/100 brn
|-activate|p1a: Hydrapple|move: Sticky Web
|-unboost|p1a: Hydrapple|spe|1
|move|p2a: Araquanid|Surf|p1a: Hydrapple
|-resisted|p1a: Hydrapple
|-damage|p1a: Hydrapple|14/100 brn
|
|-damage|p1a: Hydrapple|8/100 brn|[from] brn
|upkeep
|turn|21
|
|t:|1758256897
|switch|p1a: Empoleon|Empoleon, M|100/100
|-activate|p1a: Empoleon|move: Sticky Web
|-unboost|p1a: Empoleon|spe|1
|-ability|p1a: Empoleon|Competitive|boost
|-boost|p1a: Empoleon|spa|2
|move|p2a: Araquanid|Surf|p1a: Empoleon
|-resisted|p1a: Empoleon
|-damage|p1a: Empoleon|81/100
|
|upkeep
|turn|22
|
|t:|1758256905
|move|p1a: Empoleon|Surf|p2a: Araquanid
|-resisted|p2a: Araquanid
|-damage|p2a: Araquanid|75/100
|move|p2a: Araquanid|Surf|p1a: Empoleon
|-resisted|p1a: Empoleon
|-damage|p1a: Empoleon|62/100
|
|upkeep
|turn|23
|
|t:|1758256913
|switch|p2a: Alomomola|Alomomola, M|73/100
|move|p1a: Empoleon|Flash Cannon|p2a: Alomomola
|-resisted|p2a: Alomomola
|-damage|p2a: Alomomola|39/100
|-unboost|p2a: Alomomola|spd|1
|
|upkeep
|turn|24
|
|t:|1758256925
|move|p2a: Alomomola|Flip Turn|p1a: Empoleon
|-resisted|p1a: Empoleon
|-damage|p1a: Empoleon|55/100
|
|t:|1758256928
|switch|p2a: Araquanid|Araquanid, M|75/100|[from] Flip Turn
|move|p1a: Empoleon|Surf|p2a: Araquanid
|-resisted|p2a: Araquanid
|-damage|p2a: Araquanid|49/100
|
|upkeep
|turn|25
|
|t:|1758256934
|move|p1a: Empoleon|Roost|p1a: Empoleon
|-heal|p1a: Empoleon|100/100
|-singleturn|p1a: Empoleon|move: Roost
|move|p2a: Araquanid|Endeavor|p1a: Empoleon
|-damage|p1a: Empoleon|45/100
|
|upkeep
|turn|26
|
|t:|1758256940
|move|p1a: Empoleon|Surf|p2a: Araquanid
|-resisted|p2a: Araquanid
|-damage|p2a: Araquanid|23/100
|move|p2a: Araquanid|Surf|p1a: Empoleon
|-resisted|p1a: Empoleon
|-damage|p1a: Empoleon|27/100
|
|upkeep
|turn|27
|
|t:|1758256946
|switch|p2a: Alomomola|Alomomola, M|72/100
|move|p1a: Empoleon|Roost|p1a: Empoleon
|-heal|p1a: Empoleon|77/100
|-singleturn|p1a: Empoleon|move: Roost
|
|upkeep
|turn|28
|
|t:|1758256950
|move|p2a: Alomomola|Wish|p2a: Alomomola
|move|p1a: Empoleon|Surf|p2a: Alomomola
|-resisted|p2a: Alomomola
|-damage|p2a: Alomomola|32/100
|
|upkeep
|turn|29
|
|t:|1758256955
|move|p2a: Alomomola|Flip Turn|p1a: Empoleon
|-resisted|p1a: Empoleon
|-damage|p1a: Empoleon|69/100
|
|t:|1758256958
|switch|p2a: Araquanid|Araquanid, M|23/100|[from] Flip Turn
|move|p1a: Empoleon|Surf|p2a: Araquanid
|-resisted|p2a: Araquanid
|-damage|p2a: Araquanid|0 fnt
|faint|p2a: Araquanid
|
|upkeep
|
|t:|1758256965
|switch|p2a: Corviknight|Corviknight, M|58/100
|turn|30
|
|t:|1758256974
|switch|p1a: Hydrapple|Hydrapple, M, shiny, tera:Water|41/100 brn
|-activate|p1a: Hydrapple|move: Sticky Web
|-unboost|p1a: Hydrapple|spe|1
|-terastallize|p2a: Corviknight|Ground
|move|p2a: Corviknight|Tera Blast|p1a: Hydrapple|[anim] Tera Blast Ground
|-damage|p1a: Hydrapple|6/100 brn
|
|-damage|p1a: Hydrapple|0 fnt|[from] brn
|faint|p1a: Hydrapple
|upkeep
|
|t:|1758256977
|switch|p1a: Iron Valiant|Iron Valiant, shiny|100/100
|-activate|p1a: Iron Valiant|move: Sticky Web
|-unboost|p1a: Iron Valiant|spe|1
|-enditem|p1a: Iron Valiant|Booster Energy
|-activate|p1a: Iron Valiant|ability: Quark Drive|[fromitem]
|-start|p1a: Iron Valiant|quarkdriveatk
|turn|31
|
|t:|1758256983
|switch|p2a: Alomomola|Alomomola, M|65/100
|move|p1a: Iron Valiant|Moonblast|p2a: Alomomola
|-damage|p2a: Alomomola|16/100
|
|upkeep
|turn|32
|
|t:|1758256988
|move|p1a: Iron Valiant|Moonblast|p2a: Alomomola
|-crit|p2a: Alomomola
|-damage|p2a: Alomomola|0 fnt
|faint|p2a: Alomomola
|
|upkeep
|
|t:|1758256989
|switch|p2a: Clefable|Clefable, M|100/100
|-item|p2a: Clefable|Air Balloon
|turn|33
|
|t:|1758256992
|-end|p1a: Iron Valiant|Quark Drive|[silent]
|switch|p1a: Empoleon|Empoleon, M|69/100
|-activate|p1a: Empoleon|move: Sticky Web
|-unboost|p1a: Empoleon|spe|1
|-ability|p1a: Empoleon|Competitive|boost
|-boost|p1a: Empoleon|spa|2
|move|p2a: Clefable|Moonblast|p1a: Empoleon
|-resisted|p1a: Empoleon
|-damage|p1a: Empoleon|54/100
|-unboost|p1a: Empoleon|spa|1
|-ability|p1a: Empoleon|Competitive|boost
|-boost|p1a: Empoleon|spa|2
|
|upkeep
|turn|34
|
|t:|1758256995
|move|p2a: Clefable|Cosmic Power|p2a: Clefable
|-boost|p2a: Clefable|def|1
|-boost|p2a: Clefable|spd|1
|move|p1a: Empoleon|Surf|p2a: Clefable
|-damage|p2a: Clefable|80/100
|-enditem|p2a: Clefable|Air Balloon
|
|upkeep
|turn|35
|
|t:|1758257001
|move|p2a: Clefable|Cosmic Power|p2a: Clefable
|-boost|p2a: Clefable|def|1
|-boost|p2a: Clefable|spd|1
|move|p1a: Empoleon|Haze|p1a: Empoleon
|-clearallboost
|
|upkeep
|turn|36
|
|t:|1758257012
|switch|p2a: Corviknight|Corviknight, M, tera:Ground|58/100
|move|p1a: Empoleon|Roost|p1a: Empoleon
|-heal|p1a: Empoleon|100/100
|-singleturn|p1a: Empoleon|move: Roost
|
|upkeep
|turn|37
|
|t:|1758257016
|move|p2a: Corviknight|Tera Blast|p1a: Empoleon|[anim] Tera Blast Ground
|-supereffective|p1a: Empoleon
|-enditem|p1a: Empoleon|Shuca Berry|[eat]
|-enditem|p1a: Empoleon|Shuca Berry|[weaken]
|-damage|p1a: Empoleon|51/100
|move|p1a: Empoleon|Surf|p2a: Corviknight
|-supereffective|p2a: Corviknight
|-damage|p2a: Corviknight|0 fnt
|faint|p2a: Corviknight
|
|upkeep
|
|t:|1758257029
|switch|p2a: Clefable|Clefable, M|80/100
|turn|38
|
|t:|1758257032
|move|p2a: Clefable|Cosmic Power|p2a: Clefable
|-boost|p2a: Clefable|def|1
|-boost|p2a: Clefable|spd|1
|move|p1a: Empoleon|Roost|p1a: Empoleon
|-heal|p1a: Empoleon|100/100
|-singleturn|p1a: Empoleon|move: Roost
|
|upkeep
|turn|39
|
|t:|1758257040
|move|p2a: Clefable|Moonblast|p1a: Empoleon
|-resisted|p1a: Empoleon
|-damage|p1a: Empoleon|85/100
|move|p1a: Empoleon|Haze|p1a: Empoleon
|-clearallboost
|
|upkeep
|turn|40
|
|t:|1758257045
|move|p2a: Clefable|Cosmic Power|p2a: Clefable
|-boost|p2a: Clefable|def|1
|-boost|p2a: Clefable|spd|1
|move|p1a: Empoleon|Flash Cannon|p2a: Clefable
|-supereffective|p2a: Clefable
|-damage|p2a: Clefable|43/100
|
|upkeep
|turn|41
|
|t:|1758257053
|move|p1a: Empoleon|Flash Cannon|p2a: Clefable
|-supereffective|p2a: Clefable
|-damage|p2a: Clefable|5/100
|move|p2a: Clefable|Moonlight|p2a: Clefable
|-heal|p2a: Clefable|55/100
|
|upkeep
|turn|42
|
|t:|1758257060
|move|p2a: Clefable|Moonlight|p2a: Clefable
|-heal|p2a: Clefable|100/100
|move|p1a: Empoleon|Flash Cannon|p2a: Clefable
|-supereffective|p2a: Clefable
|-crit|p2a: Clefable
|-damage|p2a: Clefable|14/100
|
|upkeep
|turn|43
|
|t:|1758257065
|move|p1a: Empoleon|Flash Cannon|p2a: Clefable
|-supereffective|p2a: Clefable
|-damage|p2a: Clefable|0 fnt
|faint|p2a: Clefable
|
|win|kookoobooboo
|raw|kookoobooboo's rating: 1339 &rarr; <strong>1358</strong><br />(+19 for winning)
|raw|321g's rating: 1323 &rarr; <strong>1304</strong><br />(-19 for losing)
|l|☆321g
|player|p2|
