|j|☆SvgNight235
|j|‽Debilish
|t:|1758283205
|gametype|singles
|player|p1|SvgNight235|lucas-gen4pt|1114
|player|p2|Debilish|169|1127
|gen|9
|tier|[Gen 9] OU
|rated|
|rule|HP Percentage Mod: HP is shown in percentages
|rule|Endless Battle Clause: Forcing endless battles is banned
|rule|Species Clause: Limit one of each Pokémon
|rule|OHKO Clause: OHKO moves are banned
|rule|Evasion Items Clause: Evasion items are banned
|rule|Evasion Moves Clause: Evasion moves are banned
|rule|Evasion Abilities Clause: Evasion abilities are banned
|rule|Sleep Moves Clause: Sleep-inducing moves are banned
|clearpoke
|poke|p1|Empoleon, M|
|poke|p1|Zoroark-Hisui, M|
|poke|p1|Hydreigon, M|
|poke|p1|Excadrill, M|
|poke|p1|Gliscor, M|
|poke|p1|Samurott-Hisui, M|
|poke|p2|Kingambit, M|
|poke|p2|Samurott-Hisui, M|
|poke|p2|Sableye, M|
|poke|p2|Meowscarada, M|
|poke|p2|Muk-Alola, F|
|poke|p2|Zoroark, F|
|teampreview
|
|t:|1758283231
|teamsize|p1|6
|teamsize|p2|6
|start
|switch|p1a: Emperor|Empoleon, M, shiny|100/100
|switch|p2a: Meowscarada|Meowscarada, M, shiny|100/100
|turn|1
|
|t:|1758283239
|move|p1a: Emperor|Protect|p1a: Emperor
|-singleturn|p1a: Emperor|Protect
|move|p2a: Meowscarada|Flower Trick|p1a: Emperor
|-start|p2a: Meowscarada|typechange|Grass|[from] ability: Protean
|-activate|p1a: Emperor|move: Protect
|
|upkeep
|turn|2
|
|t:|1758283258
|switch|p2a: Samurott|Samurott-Hisui, M|100/100
|move|p1a: Emperor|Stealth Rock|p2a: Samurott
|-sidestart|p2: Debilish|move: Stealth Rock
|
|upkeep
|turn|3
|
|t:|1758283265
|move|p2a: Samurott|Swords Dance|p2a: Samurott
|-boost|p2a: Samurott|atk|2
|move|p1a: Emperor|Surf|p2a: Samurott
|-resisted|p2a: Samurott
|-damage|p2a: Samurott|77/100
|
|upkeep
|turn|4
|
|t:|1758283272
|move|p2a: Samurott|Swords Dance|p2a: Samurott
|-boost|p2a: Samurott|atk|2
|move|p1a: Emperor|Roar|p2a: Samurott
|drag|p2a: Sableye|Sableye, M|100/100
|-damage|p2a: Sableye|88/100|[from] Stealth Rock
|
|upkeep
|turn|5
|
|t:|1758283285
|move|p2a: Sableye|Thunder Wave|p1a: Emperor
|-status|p1a: Emperor|par
|cant|p1a: Emperor|par
|
|upkeep
|turn|6
|
|t:|1758283292
|switch|p2a: Samurott|Samurott-Hisui, M|77/100
|-damage|p2a: Samurott|64/100|[from] Stealth Rock
|move|p1a: Emperor|Surf|p2a: Samurott
|-resisted|p2a: Samurott
|-crit|p2a: Samurott
|-damage|p2a: Samurott|25/100
|-enditem|p2a: Samurott|Salac Berry|[eat]
|-boost|p2a: Samurott|spe|1|[from] item: Salac Berry
|
|upkeep
|turn|7
|
|t:|1758283311
|move|p1a: Emperor|Protect|p1a: Emperor
|-singleturn|p1a: Emperor|Protect
|move|p2a: Samurott|Ceaseless Edge|p1a: Emperor
|-activate|p1a: Emperor|move: Protect
|
|upkeep
|turn|8
|
|t:|1758283324
|move|p2a: Samurott|Ceaseless Edge|p1a: Emperor
|-damage|p1a: Emperor|66/100 par
|-sidestart|p1: SvgNight235|Spikes
|move|p1a: Emperor|Roar|p2a: Samurott
|drag|p2a: Meowscarada|Meowscarada, M, shiny|100/100
|-damage|p2a: Meowscarada|88/100|[from] Stealth Rock
|
|-heal|p1a: Emperor|72/100 par|[from] item: Leftovers
|upkeep
|turn|9
|
|t:|1758283343
|move|p2a: Meowscarada|Knock Off|p1a: Emperor
|-start|p2a: Meowscarada|typechange|Dark|[from] ability: Protean
|-damage|p1a: Emperor|27/100 par
|-enditem|p1a: Emperor|Leftovers|[from] move: Knock Off|[of] p2a: Meowscarada
|move|p1a: Emperor|Surf|p2a: Meowscarada
|-damage|p2a: Meowscarada|7/100
|
|upkeep
|turn|10
|
|t:|1758283357
|move|p2a: Meowscarada|Knock Off|p1a: Emperor
|-damage|p1a: Emperor|0 fnt
|faint|p1a: Emperor
|
|upkeep
|
|t:|1758283375
|switch|p1a: Excadrill|Excadrill, M, shiny|100/100
|-damage|p1a: Excadrill|88/100|[from] Spikes
|-ability|p1a: Excadrill|Mold Breaker
|turn|11
|
|t:|1758283380
|move|p2a: Meowscarada|Knock Off|p1a: Excadrill
|-damage|p1a: Excadrill|0 fnt
|-enditem|p1a: Excadrill|Leftovers|[from] move: Knock Off|[of] p2a: Meowscarada
|faint|p1a: Excadrill
|
|upkeep
|
|t:|1758283384
|switch|p1a: Gliscor|Gliscor, M|100/100
|turn|12
|
|t:|1758283393
|move|p2a: Meowscarada|Knock Off|p1a: Gliscor
|-damage|p1a: Gliscor|54/100
|-enditem|p1a: Gliscor|Toxic Orb|[from] move: Knock Off|[of] p2a: Meowscarada
|move|p1a: Gliscor|U-turn|p2a: Meowscarada
|-supereffective|p2a: Meowscarada
|-damage|p2a: Meowscarada|0 fnt
|faint|p2a: Meowscarada
|
|t:|1758283400
|switch|p1a: Samurott|Samurott-Hisui, M, shiny|100/100|[from] U-turn
|-damage|p1a: Samurott|88/100|[from] Spikes
|
|upkeep
|
|t:|1758283408
|switch|p2a: Sableye|Sableye, M|100/100
|-damage|p2a: Sableye|88/100|[from] Stealth Rock
|turn|13
|
|t:|1758283419
|move|p2a: Sableye|Focus Blast|p1a: Samurott|[miss]
|-miss|p2a: Sableye|p1a: Samurott
|move|p1a: Samurott|Ceaseless Edge|p2a: Sableye
|-resisted|p2a: Sableye
|-damage|p2a: Sableye|46/100
|replace|p2a: Zoroark|Zoroark, F
|-end|p2a: Zoroark|Illusion
|-sidestart|p2: Debilish|Spikes
|
|upkeep
|turn|14
|
|t:|1758283429
|move|p2a: Zoroark|Focus Blast|p1a: Samurott
|-supereffective|p1a: Samurott
|-damage|p1a: Samurott|0 fnt
|faint|p1a: Samurott
|
|upkeep
|
|t:|1758283441
|switch|p1a: Hydreigon|Hydreigon, M, shiny|100/100
|-damage|p1a: Hydreigon|88/100|[from] Spikes
|turn|15
|
|t:|1758283448
|move|p1a: Hydreigon|Focus Blast|p2a: Zoroark
|-supereffective|p2a: Zoroark
|-damage|p2a: Zoroark|0 fnt
|faint|p2a: Zoroark
|
|upkeep
|
|t:|1758283454
|switch|p2a: Muk|Muk-Alola, F|100/100
|-damage|p2a: Muk|88/100|[from] Stealth Rock
|-damage|p2a: Muk|76/100|[from] Spikes
|turn|16
|
|t:|1758283464
|move|p1a: Hydreigon|Focus Blast|p2a: Muk
|-damage|p2a: Muk|42/100
|move|p2a: Muk|Knock Off|p1a: Hydreigon
|-supereffective|p1a: Hydreigon
|-damage|p1a: Hydreigon|0 fnt
|replace|p1a: Zoroark|Zoroark-Hisui, M
|-end|p1a: Zoroark|Illusion
|-enditem|p1a: Zoroark|Choice Specs|[from] move: Knock Off|[of] p2a: Muk
|faint|p1a: Zoroark
|
|-heal|p2a: Muk|48/100|[from] item: Black Sludge
|upkeep
|
|t:|1758283471
|switch|p1a: Gliscor|Gliscor, M|54/100
|turn|17
|
|t:|1758283478
|move|p2a: Muk|Protect|p2a: Muk
|-singleturn|p2a: Muk|Protect
|move|p1a: Gliscor|Earthquake|p2a: Muk
|-activate|p2a: Muk|move: Protect
|
|-heal|p2a: Muk|54/100|[from] item: Black Sludge
|upkeep
|turn|18
|
|t:|1758283487
|switch|p2a: Samurott|Samurott-Hisui, M|25/100
|-damage|p2a: Samurott|12/100|[from] Stealth Rock
|-damage|p2a: Samurott|0 fnt|[from] Spikes
|faint|p2a: Samurott
|move|p1a: Gliscor|Earthquake|p2: Samurott|[notarget]
|-fail|p1a: Gliscor
|
|upkeep
|
|t:|1758283495
|switch|p2a: Sableye|Sableye, M|88/100
|-damage|p2a: Sableye|75/100|[from] Stealth Rock
|-damage|p2a: Sableye|63/100|[from] Spikes
|turn|19
|
|t:|1758283505
|move|p2a: Sableye|Will-O-Wisp|p1a: Gliscor|[miss]
|-miss|p2a: Sableye|p1a: Gliscor
|move|p1a: Gliscor|Earthquake|p2a: Sableye
|-damage|p2a: Sableye|30/100
|
|upkeep
|turn|20
|
|t:|1758283525
|move|p2a: Sableye|Will-O-Wisp|p1a: Gliscor
|-status|p1a: Gliscor|brn
|move|p1a: Gliscor|Toxic|p2a: Sableye
|-status|p2a: Sableye|tox
|
|-damage|p2a: Sableye|24/100 tox|[from] psn
|-damage|p1a: Gliscor|48/100 brn|[from] brn
|upkeep
|turn|21
|
|t:|1758283535
|move|p2a: Sableye|Recover|p2a: Sableye
|-heal|p2a: Sableye|74/100 tox
|move|p1a: Gliscor|U-turn|p2a: Sableye
|-damage|p2a: Sableye|66/100 tox
|-damage|p1a: Gliscor|32/100 brn|[from] item: Rocky Helmet|[of] p2a: Sableye
|
|t:|1758283542
|switch|p1a: Hydreigon|Hydreigon, M, shiny|100/100|[from] U-turn
|
|-damage|p2a: Sableye|54/100 tox|[from] psn
|upkeep
|turn|22
|
|t:|1758283550
|move|p2a: Sableye|Thunder Wave|p1a: Hydreigon
|-hint|Since gen 7, Dark is immune to Prankster moves.
|-immune|p1a: Hydreigon
|move|p1a: Hydreigon|Nasty Plot|p1a: Hydreigon
|-boost|p1a: Hydreigon|spa|2
|
|-damage|p2a: Sableye|35/100 tox|[from] psn
|upkeep
|turn|23
|
|t:|1758283578
|switch|p2a: Muk|Muk-Alola, F|54/100
|-damage|p2a: Muk|41/100|[from] Stealth Rock
|-damage|p2a: Muk|29/100|[from] Spikes
|move|p1a: Hydreigon|Nasty Plot|p1a: Hydreigon
|-boost|p1a: Hydreigon|spa|2
|
|-heal|p2a: Muk|35/100|[from] item: Black Sludge
|upkeep
|turn|24
|
|t:|1758283589
|move|p1a: Hydreigon|Earth Power|p2a: Muk
|-supereffective|p2a: Muk
|-damage|p2a: Muk|0 fnt
|faint|p2a: Muk
|
|upkeep
|
|t:|1758283598
|switch|p2a: Kingambit|Kingambit, M|100/100
|-damage|p2a: Kingambit|94/100|[from] Stealth Rock
|-damage|p2a: Kingambit|82/100|[from] Spikes
|-activate|p2a: Kingambit|ability: Supreme Overlord
|-start|p2a: Kingambit|fallen4|[silent]
|turn|25
|
|t:|1758283606
|move|p2a: Kingambit|Sucker Punch|p1a: Hydreigon
|-resisted|p1a: Hydreigon
|-damage|p1a: Hydreigon|65/100
|move|p1a: Hydreigon|Earth Power|p2a: Kingambit
|-supereffective|p2a: Kingambit
|-damage|p2a: Kingambit|0 fnt
|faint|p2a: Kingambit
|-end|p2a: Kingambit|fallen4|[silent]
|
|-heal|p1a: Hydreigon|72/100|[from] item: Leftovers
|upkeep
|-message|Debilish forfeited.
|
|win|SvgNight235
|raw|SvgNight235's rating: 1114 &rarr; <strong>1140</strong><br />(+26 for winning)
|raw|Debilish's rating: 1127 &rarr; <strong>1101</strong><br />(-26 for losing)
|l|‽Debilish
|player|p2|
|l|☆SvgNight235
|player|p1|
