|j|☆TheAl3xlive
|j|☆moriggan
|t:|1758359635
|gametype|singles
|player|p1|TheAl3xlive|drayden|1080
|player|p2|moriggan|cheryl|1062
|gen|9
|tier|[Gen 9] OU
|rated|
|rule|HP Percentage Mod: HP is shown in percentages
|rule|Endless Battle Clause: Forcing endless battles is banned
|rule|Species Clause: Limit one of each Pokémon
|rule|OHKO Clause: OHKO moves are banned
|rule|Evasion Items Clause: Evasion items are banned
|rule|Evasion Moves Clause: Evasion moves are banned
|rule|Evasion Abilities Clause: Evasion abilities are banned
|rule|Sleep Moves Clause: Sleep-inducing moves are banned
|clearpoke
|poke|p1|Garchomp, F|
|poke|p1|Gliscor, F|
|poke|p1|Sandy Shocks|
|poke|p1|Excadrill, M|
|poke|p1|Clodsire, M|
|poke|p1|Hippowdon, F|
|poke|p2|Clefable, M|
|poke|p2|Weezing-Galar, M|
|poke|p2|Tinkaton, F|
|poke|p2|Mimikyu, M|
|poke|p2|Azumarill, F|
|poke|p2|Enamorus, F|
|teampreview
|
|t:|1758359647
|teamsize|p1|6
|teamsize|p2|6
|start
|switch|p1a: Hippowdon|Hippowdon, F|100/100
|switch|p2a: Clefable|Clefable, M, shiny|100/100
|-weather|Sandstorm|[from] ability: Sand Stream|[of] p1a: Hippowdon
|turn|1
|
|t:|1758359658
|move|p2a: Clefable|Light Screen|p2a: Clefable
|-sidestart|p2: moriggan|move: Light Screen
|move|p1a: Hippowdon|Stealth Rock|p2a: Clefable
|-sidestart|p2: moriggan|move: Stealth Rock
|
|-weather|Sandstorm|[upkeep]
|upkeep
|turn|2
|
|t:|1758359689
|switch|p1a: Gliscor|Gliscor, F|100/100
|move|p2a: Clefable|Stealth Rock|p1a: Gliscor
|-sidestart|p1: TheAl3xlive|move: Stealth Rock
|
|-weather|Sandstorm|[upkeep]
|-status|p1a: Gliscor|tox|[from] item: Toxic Orb
|upkeep
|turn|3
|
|t:|1758359697
|move|p1a: Gliscor|Toxic|p2a: Clefable
|-status|p2a: Clefable|tox
|move|p2a: Clefable|Alluring Voice|p1a: Gliscor
|-damage|p1a: Gliscor|72/100 tox
|
|-weather|Sandstorm|[upkeep]
|-heal|p1a: Gliscor|85/100 tox|[from] ability: Poison Heal
|upkeep
|turn|4
|
|t:|1758359710
|move|p1a: Gliscor|Protect|p1a: Gliscor
|-singleturn|p1a: Gliscor|Protect
|move|p2a: Clefable|Alluring Voice|p1a: Gliscor
|-activate|p1a: Gliscor|move: Protect
|
|-weather|Sandstorm|[upkeep]
|-heal|p1a: Gliscor|97/100 tox|[from] ability: Poison Heal
|upkeep
|turn|5
|
|t:|1758359720
|move|p1a: Gliscor|Substitute|p1a: Gliscor
|-start|p1a: Gliscor|Substitute
|-damage|p1a: Gliscor|72/100 tox
|move|p2a: Clefable|Alluring Voice|p1a: Gliscor
|-damage|p1a: Gliscor|44/100 tox
|
|-weather|Sandstorm|[upkeep]
|-heal|p1a: Gliscor|57/100 tox|[from] ability: Poison Heal
|-sideend|p2: moriggan|move: Light Screen
|upkeep
|turn|6
|
|t:|1758359730
|move|p1a: Gliscor|Spikes|p2a: Clefable
|-sidestart|p2: moriggan|Spikes
|move|p2a: Clefable|Alluring Voice|p1a: Gliscor
|-crit|p1a: Gliscor
|-damage|p1a: Gliscor|13/100 tox
|
|-weather|Sandstorm|[upkeep]
|-heal|p1a: Gliscor|26/100 tox|[from] ability: Poison Heal
|upkeep
|turn|7
|
|t:|1758359738
|move|p1a: Gliscor|Protect|p1a: Gliscor
|-singleturn|p1a: Gliscor|Protect
|move|p2a: Clefable|Alluring Voice|p1a: Gliscor
|-activate|p1a: Gliscor|move: Protect
|
|-weather|Sandstorm|[upkeep]
|-heal|p1a: Gliscor|38/100 tox|[from] ability: Poison Heal
|upkeep
|turn|8
|
|t:|1758359761
|switch|p1a: Excadrill|Excadrill, M|100/100
|-damage|p1a: Excadrill|97/100|[from] Stealth Rock
|move|p2a: Clefable|Alluring Voice|p1a: Excadrill
|-resisted|p1a: Excadrill
|-damage|p1a: Excadrill|87/100
|
|-weather|none
|upkeep
|turn|9
|
|t:|1758359770
|move|p1a: Excadrill|Rapid Spin|p2a: Clefable
|-damage|p2a: Clefable|79/100 tox
|-boost|p1a: Excadrill|spe|1
|-sideend|p1: TheAl3xlive|Stealth Rock|[from] move: Rapid Spin|[of] p1a: Excadrill
|move|p2a: Clefable|Light Screen|p2a: Clefable
|-sidestart|p2: moriggan|move: Light Screen
|
|-heal|p2a: Clefable|85/100 tox|[from] item: Leftovers
|upkeep
|turn|10
|
|t:|1758359779
|move|p1a: Excadrill|Iron Head|p2a: Clefable
|-supereffective|p2a: Clefable
|-crit|p2a: Clefable
|-damage|p2a: Clefable|0 fnt
|faint|p2a: Clefable
|
|upkeep
|
|t:|1758359785
|switch|p2a: Azumarill|Azumarill, F|100/100
|-damage|p2a: Azumarill|88/100|[from] Stealth Rock
|-damage|p2a: Azumarill|76/100|[from] Spikes
|turn|11
|
|t:|1758359792
|switch|p1a: Clodsire|Clodsire, M|100/100
|move|p2a: Azumarill|Aqua Jet|p1a: Clodsire
|-immune|p1a: Clodsire|[from] ability: Water Absorb
|
|upkeep
|turn|12
|
|t:|1758359805
|switch|p2a: Tinkaton|Tinkaton, F|100/100
|-damage|p2a: Tinkaton|94/100|[from] Stealth Rock
|-damage|p2a: Tinkaton|82/100|[from] Spikes
|-ability|p2a: Tinkaton|Mold Breaker
|move|p1a: Clodsire|Toxic|p2a: Tinkaton
|-immune|p2a: Tinkaton
|
|upkeep
|turn|13
|
|t:|1758359823
|move|p2a: Tinkaton|Fake Out|p1a: Clodsire
|-damage|p1a: Clodsire|90/100
|-damage|p2a: Tinkaton|72/100|[from] item: Life Orb
|cant|p1a: Clodsire|flinch
|
|-heal|p1a: Clodsire|96/100|[from] item: Black Sludge
|-sideend|p2: moriggan|move: Light Screen
|upkeep
|turn|14
|
|t:|1758359833
|move|p2a: Tinkaton|Swords Dance|p2a: Tinkaton
|-boost|p2a: Tinkaton|atk|2
|move|p1a: Clodsire|Earthquake|p2a: Tinkaton
|-supereffective|p2a: Tinkaton
|-damage|p2a: Tinkaton|10/100
|
|-heal|p1a: Clodsire|100/100|[from] item: Black Sludge
|upkeep
|turn|15
|
|t:|1758359841
|move|p2a: Tinkaton|Gigaton Hammer|p1a: Clodsire
|-damage|p1a: Clodsire|0 fnt
|faint|p1a: Clodsire
|-damage|p2a: Tinkaton|0 fnt|[from] item: Life Orb
|faint|p2a: Tinkaton
|
|upkeep
|
|t:|1758359854
|switch|p2a: Azumarill|Azumarill, F|76/100
|switch|p1a: Hippowdon|Hippowdon, F|100/100
|-damage|p2a: Azumarill|64/100|[from] Stealth Rock
|-damage|p2a: Azumarill|51/100|[from] Spikes
|-weather|Sandstorm|[from] ability: Sand Stream|[of] p1a: Hippowdon
|turn|16
|
|t:|1758359872
|move|p2a: Azumarill|Aqua Jet|p1a: Hippowdon
|-supereffective|p1a: Hippowdon
|-damage|p1a: Hippowdon|74/100
|move|p1a: Hippowdon|Curse|p1a: Hippowdon
|-unboost|p1a: Hippowdon|spe|1
|-boost|p1a: Hippowdon|atk|1
|-boost|p1a: Hippowdon|def|1
|
|-weather|Sandstorm|[upkeep]
|-damage|p2a: Azumarill|45/100|[from] Sandstorm
|upkeep
|turn|17
|
|t:|1758359882
|move|p2a: Azumarill|Knock Off|p1a: Hippowdon
|-damage|p1a: Hippowdon|61/100
|-enditem|p1a: Hippowdon|Smooth Rock|[from] move: Knock Off|[of] p2a: Azumarill
|move|p1a: Hippowdon|Curse|p1a: Hippowdon
|-unboost|p1a: Hippowdon|spe|1
|-boost|p1a: Hippowdon|atk|1
|-boost|p1a: Hippowdon|def|1
|
|-weather|Sandstorm|[upkeep]
|-damage|p2a: Azumarill|39/100|[from] Sandstorm
|upkeep
|turn|18
|
|t:|1758359893
|switch|p2a: Enamorus|Enamorus, F|100/100
|-damage|p2a: Enamorus|76/100|[from] Stealth Rock
|move|p1a: Hippowdon|Curse|p1a: Hippowdon
|-unboost|p1a: Hippowdon|spe|1
|-boost|p1a: Hippowdon|atk|1
|-boost|p1a: Hippowdon|def|1
|
|-weather|Sandstorm|[upkeep]
|-damage|p2a: Enamorus|69/100|[from] Sandstorm
|-heal|p2a: Enamorus|76/100|[from] item: Leftovers
|upkeep
|turn|19
|
|t:|1758359909
|move|p2a: Enamorus|Calm Mind|p2a: Enamorus
|-boost|p2a: Enamorus|spa|1
|-boost|p2a: Enamorus|spd|1
|move|p1a: Hippowdon|Slack Off|p1a: Hippowdon
|-heal|p1a: Hippowdon|100/100
|
|-weather|Sandstorm|[upkeep]
|-damage|p2a: Enamorus|69/100|[from] Sandstorm
|-heal|p2a: Enamorus|76/100|[from] item: Leftovers
|upkeep
|turn|20
|
|t:|1758359920
|switch|p1a: Excadrill|Excadrill, M|87/100
|move|p2a: Enamorus|Calm Mind|p2a: Enamorus
|-boost|p2a: Enamorus|spa|1
|-boost|p2a: Enamorus|spd|1
|
|-weather|Sandstorm|[upkeep]
|-damage|p2a: Enamorus|69/100|[from] Sandstorm
|-heal|p2a: Enamorus|76/100|[from] item: Leftovers
|upkeep
|turn|21
|
|t:|1758359933
|move|p1a: Excadrill|Iron Head|p2a: Enamorus
|-supereffective|p2a: Enamorus
|-damage|p2a: Enamorus|0 fnt
|-start|p1a: Excadrill|Attract|[from] ability: Cute Charm|[of] p2a: Enamorus
|faint|p2a: Enamorus
|-end|p1a: Excadrill|Attract|[silent]
|
|-weather|Sandstorm|[upkeep]
|upkeep
|
|t:|1758359937
|switch|p2a: Mimikyu|Mimikyu, M, shiny|100/100
|-damage|p2a: Mimikyu|88/100|[from] Stealth Rock
|-damage|p2a: Mimikyu|76/100|[from] Spikes
|turn|22
|
|t:|1758359955
|switch|p1a: Gliscor|Gliscor, F|38/100 tox
|move|p2a: Mimikyu|Drain Punch|p1a: Gliscor
|-resisted|p1a: Gliscor
|-damage|p1a: Gliscor|32/100 tox
|-heal|p2a: Mimikyu|80/100|[from] drain|[of] p1a: Gliscor
|
|-weather|Sandstorm|[upkeep]
|-damage|p2a: Mimikyu|74/100|[from] Sandstorm
|-heal|p1a: Gliscor|45/100 tox|[from] ability: Poison Heal
|upkeep
|turn|23
|
|t:|1758359968
|move|p1a: Gliscor|Protect|p1a: Gliscor
|-singleturn|p1a: Gliscor|Protect
|move|p2a: Mimikyu|Swords Dance|p2a: Mimikyu
|-boost|p2a: Mimikyu|atk|2
|
|-weather|none
|-heal|p1a: Gliscor|57/100 tox|[from] ability: Poison Heal
|upkeep
|turn|24
|
|t:|1758359979
|move|p2a: Mimikyu|Play Rough|p1a: Gliscor
|-damage|p1a: Gliscor|12/100 tox
|move|p1a: Gliscor|Spikes|p2a: Mimikyu
|-sidestart|p2: moriggan|Spikes
|
|-heal|p1a: Gliscor|25/100 tox|[from] ability: Poison Heal
|upkeep
|turn|25
|
|t:|1758359988
|move|p1a: Gliscor|Protect|p1a: Gliscor
|-singleturn|p1a: Gliscor|Protect
|move|p2a: Mimikyu|Swords Dance|p2a: Mimikyu
|-boost|p2a: Mimikyu|atk|2
|
|-heal|p1a: Gliscor|37/100 tox|[from] ability: Poison Heal
|upkeep
|turn|26
|
|t:|1758359999
|move|p2a: Mimikyu|Shadow Sneak|p1a: Gliscor
|-damage|p1a: Gliscor|6/100 tox
|move|p1a: Gliscor|Toxic|p2a: Mimikyu
|-status|p2a: Mimikyu|tox
|
|-damage|p2a: Mimikyu|68/100 tox|[from] psn
|-heal|p1a: Gliscor|19/100 tox|[from] ability: Poison Heal
|upkeep
|turn|27
|
|t:|1758360009
|move|p2a: Mimikyu|Swords Dance|p2a: Mimikyu
|-boost|p2a: Mimikyu|atk|2
|move|p1a: Gliscor|Substitute|p1a: Gliscor
|-fail|p1a: Gliscor|move: Substitute|[weak]
|
|-damage|p2a: Mimikyu|56/100 tox|[from] psn
|-heal|p1a: Gliscor|31/100 tox|[from] ability: Poison Heal
|upkeep
|turn|28
|
|t:|1758360020
|move|p2a: Mimikyu|Play Rough|p1a: Gliscor
|-damage|p1a: Gliscor|0 fnt
|faint|p1a: Gliscor
|
|-damage|p2a: Mimikyu|38/100 tox|[from] psn
|upkeep
|
|t:|1758360032
|switch|p1a: Hippowdon|Hippowdon, F|100/100
|-weather|Sandstorm|[from] ability: Sand Stream|[of] p1a: Hippowdon
|turn|29
|
|t:|1758360051
|move|p2a: Mimikyu|Drain Punch|p1a: Hippowdon
|-damage|p1a: Hippowdon|67/100
|-heal|p2a: Mimikyu|67/100 tox|[from] drain|[of] p1a: Hippowdon
|move|p1a: Hippowdon|Slack Off|p1a: Hippowdon
|-heal|p1a: Hippowdon|100/100
|
|-weather|Sandstorm|[upkeep]
|-damage|p2a: Mimikyu|61/100 tox|[from] Sandstorm
|-damage|p2a: Mimikyu|37/100 tox|[from] psn
|upkeep
|turn|30
|
|t:|1758360064
|move|p2a: Mimikyu|Drain Punch|p1a: Hippowdon
|-damage|p1a: Hippowdon|68/100
|-heal|p2a: Mimikyu|64/100 tox|[from] drain|[of] p1a: Hippowdon
|move|p1a: Hippowdon|Curse|p1a: Hippowdon
|-unboost|p1a: Hippowdon|spe|1
|-boost|p1a: Hippowdon|atk|1
|-boost|p1a: Hippowdon|def|1
|
|-weather|Sandstorm|[upkeep]
|-damage|p2a: Mimikyu|58/100 tox|[from] Sandstorm
|-damage|p2a: Mimikyu|28/100 tox|[from] psn
|upkeep
|turn|31
|
|t:|1758360092
|move|p2a: Mimikyu|Drain Punch|p1a: Hippowdon
|-damage|p1a: Hippowdon|44/100
|-heal|p2a: Mimikyu|48/100 tox|[from] drain|[of] p1a: Hippowdon
|move|p1a: Hippowdon|Slack Off|p1a: Hippowdon
|-heal|p1a: Hippowdon|94/100
|
|-weather|Sandstorm|[upkeep]
|-damage|p2a: Mimikyu|42/100 tox|[from] Sandstorm
|-damage|p2a: Mimikyu|6/100 tox|[from] psn
|upkeep
|-enditem|p2a: Mimikyu|Salac Berry|[eat]
|-boost|p2a: Mimikyu|spe|1|[from] item: Salac Berry
|turn|32
|
|t:|1758360107
|move|p2a: Mimikyu|Play Rough|p1a: Hippowdon
|-damage|p1a: Hippowdon|56/100
|move|p1a: Hippowdon|Curse|p1a: Hippowdon
|-unboost|p1a: Hippowdon|spe|1
|-boost|p1a: Hippowdon|atk|1
|-boost|p1a: Hippowdon|def|1
|
|-weather|Sandstorm|[upkeep]
|-damage|p2a: Mimikyu|0 fnt|[from] Sandstorm
|faint|p2a: Mimikyu
|upkeep
|
|t:|1758360122
|switch|p2a: Weezing|Weezing-Galar, M|100/100
|-damage|p2a: Weezing|88/100|[from] Stealth Rock
|turn|33
|
|t:|1758360132
|switch|p1a: Sandy Shocks|Sandy Shocks|100/100
|-enditem|p1a: Sandy Shocks|Booster Energy
|-activate|p1a: Sandy Shocks|ability: Protosynthesis|[fromitem]
|-start|p1a: Sandy Shocks|protosynthesisspa
|move|p2a: Weezing|Curse|p2a: Weezing
|-unboost|p2a: Weezing|spe|1
|-boost|p2a: Weezing|atk|1
|-boost|p2a: Weezing|def|1
|
|-weather|none
|-heal|p2a: Weezing|94/100|[from] item: Leftovers
|upkeep
|turn|34
|
|t:|1758360149
|move|p1a: Sandy Shocks|Thunder Wave|p2a: Weezing
|-status|p2a: Weezing|par
|move|p2a: Weezing|Curse|p2a: Weezing
|-unboost|p2a: Weezing|spe|1
|-boost|p2a: Weezing|atk|1
|-boost|p2a: Weezing|def|1
|
|-heal|p2a: Weezing|100/100 par|[from] item: Leftovers
|upkeep
|turn|35
|
|t:|1758360165
|move|p1a: Sandy Shocks|Volt Switch|p2a: Weezing
|-damage|p2a: Weezing|50/100 par
|
|t:|1758360173
|-end|p1a: Sandy Shocks|Protosynthesis|[silent]
|switch|p1a: Excadrill|Excadrill, M|87/100|[from] Volt Switch
|move|p2a: Weezing|Curse|p2a: Weezing
|-unboost|p2a: Weezing|spe|1
|-boost|p2a: Weezing|atk|1
|-boost|p2a: Weezing|def|1
|
|-heal|p2a: Weezing|56/100 par|[from] item: Leftovers
|upkeep
|turn|36
|
|t:|1758360183
|move|p1a: Excadrill|Iron Head|p2a: Weezing
|-supereffective|p2a: Weezing
|-damage|p2a: Weezing|21/100 par
|cant|p2a: Weezing|par
|
|-heal|p2a: Weezing|27/100 par|[from] item: Leftovers
|upkeep
|turn|37
|
|t:|1758360192
|move|p1a: Excadrill|Iron Head|p2a: Weezing
|-supereffective|p2a: Weezing
|-damage|p2a: Weezing|0 fnt
|faint|p2a: Weezing
|
|upkeep
|
|t:|1758360201
|switch|p2a: Azumarill|Azumarill, F|39/100
|-damage|p2a: Azumarill|27/100|[from] Stealth Rock
|-damage|p2a: Azumarill|10/100|[from] Spikes
|turn|38
|
|t:|1758360206
|move|p2a: Azumarill|Aqua Jet|p1a: Excadrill
|-supereffective|p1a: Excadrill
|-damage|p1a: Excadrill|23/100
|move|p1a: Excadrill|Iron Head|p2a: Azumarill
|-damage|p2a: Azumarill|0 fnt
|faint|p2a: Azumarill
|
|win|TheAl3xlive
|raw|TheAl3xlive's rating: 1080 &rarr; <strong>1107</strong><br />(+27 for winning)
|raw|moriggan's rating: 1062 &rarr; <strong>1044</strong><br />(-18 for losing)
|l|☆moriggan
|player|p2|
|l|☆TheAl3xlive
|player|p1|
