|j|☆lolcano46
|j|☆Deasonator
|t:|1758234011
|gametype|singles
|player|p1|lolcano46|fisherman-gen4|1520
|player|p2|Deasonator|1|1578
|gen|9
|tier|[Gen 9] OU
|rated|
|rule|HP Percentage Mod: HP is shown in percentages
|rule|Endless Battle Clause: Forcing endless battles is banned
|rule|Species Clause: Limit one of each Pokémon
|rule|OHKO Clause: OHKO moves are banned
|rule|Evasion Items Clause: Evasion items are banned
|rule|Evasion Moves Clause: Evasion moves are banned
|rule|Evasion Abilities Clause: Evasion abilities are banned
|rule|Sleep Moves Clause: Sleep-inducing moves are banned
|clearpoke
|poke|p1|Azelf|
|poke|p1|Ogerpon-Wellspring, F|
|poke|p1|Scizor, M|
|poke|p1|Gengar, M|
|poke|p1|Raging Bolt|
|poke|p1|Cinderace, F|
|poke|p2|Tyranitar, F|
|poke|p2|Excadrill, M|
|poke|p2|Keldeo-Resolute|
|poke|p2|Tornadus-Therian, M|
|poke|p2|Heatran, M|
|poke|p2|Hydrapple, F|
|teampreview
|inactive|Battle timer is ON: inactive players will automatically lose when time's up. (requested by lolcano46)
|
|t:|1758234027
|teamsize|p1|6
|teamsize|p2|6
|start
|switch|p1a: Cinderace|Cinderace, F|100/100
|switch|p2a: Tornadus|Tornadus-Therian, M|100/100
|turn|1
|
|t:|1758234048
|switch|p2a: Heatran|Heatran, M|100/100
|move|p1a: Cinderace|Pyro Ball|p2a: Heatran
|-damage|p2a: Heatran|50/100
|
|-heal|p2a: Heatran|56/100|[from] item: Leftovers
|upkeep
|turn|2
|inactive|lolcano46 has 120 seconds left.
|
|t:|1758234083
|move|p1a: Cinderace|Pyro Ball|p2a: Heatran
|-damage|p2a: Heatran|9/100
|move|p2a: Heatran|Stealth Rock|p1a: Cinderace
|-sidestart|p1: lolcano46|move: Stealth Rock
|
|-heal|p2a: Heatran|15/100|[from] item: Leftovers
|upkeep
|turn|3
|
|t:|1758234090
|switch|p2a: Keldeo|Keldeo-Resolute|100/100
|move|p1a: Cinderace|Pyro Ball|p2a: Keldeo
|-resisted|p2a: Keldeo
|-crit|p2a: Keldeo
|-damage|p2a: Keldeo|55/100
|
|upkeep
|turn|4
|
|t:|1758234097
|move|p1a: Cinderace|Will-O-Wisp|p2a: Keldeo|[miss]
|-miss|p1a: Cinderace|p2a: Keldeo
|move|p2a: Keldeo|Secret Sword|p1a: Cinderace
|-damage|p1a: Cinderace|4/100
|
|upkeep
|turn|5
|
|t:|1758234104
|move|p1a: Cinderace|Sucker Punch|p2a: Keldeo
|-start|p1a: Cinderace|typechange|Dark|[from] ability: Libero
|-resisted|p2a: Keldeo
|-damage|p2a: Keldeo|36/100
|-ability|p2a: Keldeo|Justified|boost
|-boost|p2a: Keldeo|atk|1
|move|p2a: Keldeo|Secret Sword|p1a: Cinderace
|-supereffective|p1a: Cinderace
|-damage|p1a: Cinderace|0 fnt
|faint|p1a: Cinderace
|
|upkeep
|
|t:|1758234113
|switch|p1a: Azelf|Azelf|100/100
|-damage|p1a: Azelf|88/100|[from] Stealth Rock
|turn|6
|
|t:|1758234120
|switch|p2a: Tyranitar|Tyranitar, F|100/100
|-weather|Sandstorm|[from] ability: Sand Stream|[of] p2a: Tyranitar
|move|p1a: Azelf|Dazzling Gleam|p2a: Tyranitar
|-supereffective|p2a: Tyranitar
|-damage|p2a: Tyranitar|55/100
|
|-weather|Sandstorm|[upkeep]
|-damage|p1a: Azelf|82/100|[from] Sandstorm
|upkeep
|turn|7
|
|t:|1758234129
|-terastallize|p1a: Azelf|Fairy
|move|p1a: Azelf|Dazzling Gleam|p2a: Tyranitar
|-supereffective|p2a: Tyranitar
|-damage|p2a: Tyranitar|0 fnt
|faint|p2a: Tyranitar
|
|-weather|Sandstorm|[upkeep]
|-damage|p1a: Azelf|76/100|[from] Sandstorm
|upkeep
|
|t:|1758234137
|switch|p2a: Excadrill|Excadrill, M|100/100
|-item|p2a: Excadrill|Air Balloon
|turn|8
|
|t:|1758234146
|move|p2a: Excadrill|Swords Dance|p2a: Excadrill
|-boost|p2a: Excadrill|atk|2
|move|p1a: Azelf|Flamethrower|p2a: Excadrill
|-supereffective|p2a: Excadrill
|-damage|p2a: Excadrill|0 fnt
|-enditem|p2a: Excadrill|Air Balloon
|faint|p2a: Excadrill
|
|-weather|Sandstorm|[upkeep]
|-damage|p1a: Azelf|70/100|[from] Sandstorm
|upkeep
|
|t:|1758234162
|switch|p2a: Tornadus|Tornadus-Therian, M|100/100
|turn|9
|
|t:|1758234167
|move|p2a: Tornadus|Bleakwind Storm|p1a: Azelf
|-damage|p1a: Azelf|7/100
|-unboost|p1a: Azelf|spe|1
|move|p1a: Azelf|Thunderbolt|p2a: Tornadus
|-supereffective|p2a: Tornadus
|-damage|p2a: Tornadus|31/100
|
|-weather|Sandstorm|[upkeep]
|-damage|p2a: Tornadus|25/100|[from] Sandstorm
|-damage|p1a: Azelf|1/100|[from] Sandstorm
|upkeep
|turn|10
|
|t:|1758234176
|move|p2a: Tornadus|U-turn|p1a: Azelf
|-resisted|p1a: Azelf
|-damage|p1a: Azelf|0 fnt
|faint|p1a: Azelf
|
|t:|1758234183
|switch|p2a: Hydrapple|Hydrapple, F|100/100|[from] U-turn
|
|-weather|none
|upkeep
|
|t:|1758234187
|switch|p1a: Raging Bolt|Raging Bolt|100/100
|-damage|p1a: Raging Bolt|88/100|[from] Stealth Rock
|-enditem|p1a: Raging Bolt|Booster Energy
|-activate|p1a: Raging Bolt|ability: Protosynthesis|[fromitem]
|-start|p1a: Raging Bolt|protosynthesisspa
|turn|11
|
|t:|1758234199
|switch|p2a: Heatran|Heatran, M|15/100
|move|p1a: Raging Bolt|Dragon Pulse|p2a: Heatran
|-resisted|p2a: Heatran
|-damage|p2a: Heatran|0 fnt
|faint|p2a: Heatran
|
|upkeep
|
|t:|1758234209
|switch|p2a: Hydrapple|Hydrapple, F|100/100
|turn|12
|
|t:|1758234220
|-terastallize|p2a: Hydrapple|Fairy
|move|p1a: Raging Bolt|Dragon Pulse|p2a: Hydrapple
|-immune|p2a: Hydrapple
|move|p2a: Hydrapple|Fickle Beam|p1a: Raging Bolt
|-supereffective|p1a: Raging Bolt
|-damage|p1a: Raging Bolt|27/100
|
|upkeep
|turn|13
|
|t:|1758234239
|move|p1a: Raging Bolt|Thunderbolt|p2a: Hydrapple
|-damage|p2a: Hydrapple|31/100
|-status|p2a: Hydrapple|par
|move|p2a: Hydrapple|Fickle Beam|p1a: Raging Bolt
|-supereffective|p1a: Raging Bolt
|-damage|p1a: Raging Bolt|0 fnt
|faint|p1a: Raging Bolt
|-end|p1a: Raging Bolt|Protosynthesis|[silent]
|
|upkeep
|
|t:|1758234245
|switch|p1a: Gengar|Gengar, M|100/100
|-damage|p1a: Gengar|88/100|[from] Stealth Rock
|turn|14
|
|t:|1758234257
|switch|p2a: Tornadus|Tornadus-Therian, M|58/100
|move|p1a: Gengar|Sludge Bomb|p2a: Tornadus
|-damage|p2a: Tornadus|10/100
|
|upkeep
|turn|15
|
|t:|1758234269
|move|p1a: Gengar|Sludge Bomb|p2a: Tornadus
|-damage|p2a: Tornadus|0 fnt
|faint|p2a: Tornadus
|
|upkeep
|
|t:|1758234273
|switch|p2a: Keldeo|Keldeo-Resolute|36/100
|turn|16
|
|t:|1758234278
|move|p1a: Gengar|Sludge Bomb|p2a: Keldeo
|-damage|p2a: Keldeo|0 fnt
|faint|p2a: Keldeo
|
|upkeep
|-message|Deasonator forfeited.
|
|win|lolcano46
|raw|lolcano46's rating: 1520 &rarr; <strong>1543</strong><br />(+23 for winning)
|raw|Deasonator's rating: 1578 &rarr; <strong>1555</strong><br />(-23 for losing)
|l|☆Deasonator
|player|p2|
|l|☆lolcano46
|player|p1|
