|j|☆fashion people时尚人
|j|☆Dumb Drasna
|t:|1758299059
|gametype|singles
|player|p1|fashion people时尚人|brock|1336
|player|p2|Dumb Drasna|266|1356
|gen|9
|tier|[Gen 9] OU
|rated|
|rule|HP Percentage Mod: HP is shown in percentages
|rule|Endless Battle Clause: Forcing endless battles is banned
|rule|Species Clause: Limit one of each Pokémon
|rule|OHKO Clause: OHKO moves are banned
|rule|Evasion Items Clause: Evasion items are banned
|rule|Evasion Moves Clause: Evasion moves are banned
|rule|Evasion Abilities Clause: Evasion abilities are banned
|rule|Sleep Moves Clause: Sleep-inducing moves are banned
|clearpoke
|poke|p1|Ogerpon-Wellspring, F|
|poke|p1|Zamazenta-*|
|poke|p1|Iron Treads|
|poke|p1|Ting-Lu|
|poke|p1|Moltres|
|poke|p1|Pecharunt|
|poke|p2|Tyranitar, M|
|poke|p2|Excadrill, M|
|poke|p2|Kingambit, M|
|poke|p2|Garchomp, M|
|poke|p2|Pecharunt|
|poke|p2|Rotom-Wash|
|teampreview
|inactive|Battle timer is ON: inactive players will automatically lose when time's up. (requested by Dumb Drasna)
|
|t:|1758299072
|teamsize|p1|6
|teamsize|p2|6
|start
|switch|p1a: Iron Treads|Iron Treads|100/100
|switch|p2a: Rotom|Rotom-Wash|100/100
|turn|1
|
|t:|1758299079
|-end|p1a: Iron Treads|Quark Drive|[silent]
|switch|p1a: Moltres|Moltres|100/100
|move|p2a: Rotom|Will-O-Wisp|p1a: Moltres
|-immune|p1a: Moltres
|
|upkeep
|turn|2
|
|t:|1758299090
|move|p1a: Moltres|U-turn|p2a: Rotom
|-damage|p2a: Rotom|88/100
|
|t:|1758299092
|switch|p1a: Ting-Lu|Ting-Lu|100/100|[from] U-turn
|-ability|p1a: Ting-Lu|Vessel of Ruin
|move|p2a: Rotom|Hydro Pump|p1a: Ting-Lu|[miss]
|-miss|p2a: Rotom|p1a: Ting-Lu
|
|-heal|p2a: Rotom|94/100|[from] item: Leftovers
|upkeep
|turn|3
|
|t:|1758299097
|move|p2a: Rotom|Hydro Pump|p1a: Ting-Lu
|-supereffective|p1a: Ting-Lu
|-damage|p1a: Ting-Lu|65/100
|move|p1a: Ting-Lu|Spikes|p2a: Rotom
|-sidestart|p2: Dumb Drasna|Spikes
|
|-heal|p2a: Rotom|100/100|[from] item: Leftovers
|-heal|p1a: Ting-Lu|71/100|[from] item: Leftovers
|upkeep
|turn|4
|
|t:|1758299101
|move|p2a: Rotom|Will-O-Wisp|p1a: Ting-Lu|[miss]
|-miss|p2a: Rotom|p1a: Ting-Lu
|move|p1a: Ting-Lu|Spikes|p2a: Rotom
|-sidestart|p2: Dumb Drasna|Spikes
|
|-heal|p1a: Ting-Lu|77/100|[from] item: Leftovers
|upkeep
|turn|5
|
|t:|1758299104
|move|p2a: Rotom|Will-O-Wisp|p1a: Ting-Lu
|-status|p1a: Ting-Lu|brn
|move|p1a: Ting-Lu|Spikes|p2a: Rotom
|-sidestart|p2: Dumb Drasna|Spikes
|
|-heal|p1a: Ting-Lu|83/100 brn|[from] item: Leftovers
|-damage|p1a: Ting-Lu|77/100 brn|[from] brn
|upkeep
|turn|6
|
|t:|1758299107
|move|p2a: Rotom|Hydro Pump|p1a: Ting-Lu
|-supereffective|p1a: Ting-Lu
|-crit|p1a: Ting-Lu
|-damage|p1a: Ting-Lu|23/100 brn
|move|p1a: Ting-Lu|Ruination|p2a: Rotom
|-damage|p2a: Rotom|50/100
|
|-heal|p2a: Rotom|57/100|[from] item: Leftovers
|-heal|p1a: Ting-Lu|29/100 brn|[from] item: Leftovers
|-damage|p1a: Ting-Lu|23/100 brn|[from] brn
|upkeep
|turn|7
|
|t:|1758299111
|move|p2a: Rotom|Volt Switch|p1a: Ting-Lu
|-immune|p1a: Ting-Lu
|move|p1a: Ting-Lu|Whirlwind|p2a: Rotom
|drag|p2a: Garchomp|Garchomp, M|100/100
|-damage|p2a: Garchomp|76/100|[from] Spikes
|
|-heal|p1a: Ting-Lu|29/100 brn|[from] item: Leftovers
|-damage|p1a: Ting-Lu|23/100 brn|[from] brn
|upkeep
|turn|8
|
|t:|1758299119
|move|p2a: Garchomp|Scale Shot|p1a: Ting-Lu
|-damage|p1a: Ting-Lu|16/100 brn
|-damage|p1a: Ting-Lu|10/100 brn
|-damage|p1a: Ting-Lu|4/100 brn
|-damage|p1a: Ting-Lu|0 fnt
|faint|p1a: Ting-Lu
|-hitcount|p1: Ting-Lu|4
|-unboost|p2a: Garchomp|def|1
|-boost|p2a: Garchomp|spe|1
|
|upkeep
|
|t:|1758299131
|switch|p1a: Ogerpon|Ogerpon-Wellspring, F|100/100
|turn|9
|
|t:|1758299137
|move|p2a: Garchomp|Scale Shot|p1a: Ogerpon
|-damage|p1a: Ogerpon|83/100
|-damage|p1a: Ogerpon|66/100
|-damage|p1a: Ogerpon|48/100
|-damage|p1a: Ogerpon|29/100
|-hitcount|p1a: Ogerpon|4
|-unboost|p2a: Garchomp|def|1
|-boost|p2a: Garchomp|spe|1
|move|p1a: Ogerpon|Ivy Cudgel|p2a: Garchomp|[anim] Ivy Cudgel Water
|-crit|p2a: Garchomp
|-damage|p2a: Garchomp|0 fnt
|faint|p2a: Garchomp
|
|upkeep
|
|t:|1758299147
|switch|p2a: Pecharunt|Pecharunt|100/100
|-item|p2a: Pecharunt|Air Balloon
|turn|10
|
|t:|1758299154
|switch|p1a: Iron Treads|Iron Treads|100/100
|move|p2a: Pecharunt|Parting Shot|p1a: Iron Treads
|-unboost|p1a: Iron Treads|atk|1
|-unboost|p1a: Iron Treads|spa|1
|
|t:|1758299160
|switch|p2a: Excadrill|Excadrill, M|100/100|[from] Parting Shot
|-damage|p2a: Excadrill|76/100|[from] Spikes
|
|upkeep
|turn|11
|
|t:|1758299165
|-end|p1a: Iron Treads|Quark Drive|[silent]
|switch|p1a: Pecharunt|Pecharunt|100/100
|-terastallize|p2a: Excadrill|Ground
|move|p2a: Excadrill|Rapid Spin|p1a: Pecharunt
|-immune|p1a: Pecharunt
|
|upkeep
|turn|12
|
|t:|1758299172
|-terastallize|p1a: Pecharunt|Ghost
|move|p1a: Pecharunt|Malignant Chain|p2a: Excadrill
|-resisted|p2a: Excadrill
|-damage|p2a: Excadrill|55/100
|move|p2a: Excadrill|Swords Dance|p2a: Excadrill
|-boost|p2a: Excadrill|atk|2
|
|upkeep
|turn|13
|
|t:|1758299179
|move|p1a: Pecharunt|Malignant Chain|p2a: Excadrill
|-resisted|p2a: Excadrill
|-damage|p2a: Excadrill|33/100
|move|p2a: Excadrill|Earthquake|p1a: Pecharunt
|-damage|p1a: Pecharunt|0 fnt
|faint|p1a: Pecharunt
|-damage|p2a: Excadrill|23/100|[from] item: Life Orb
|
|upkeep
|
|t:|1758299184
|switch|p1a: Ogerpon|Ogerpon-Wellspring, F|29/100
|turn|14
|
|t:|1758299194
|move|p1a: Ogerpon|Ivy Cudgel|p2a: Excadrill|[anim] Ivy Cudgel Water
|-supereffective|p2a: Excadrill
|-damage|p2a: Excadrill|0 fnt
|faint|p2a: Excadrill
|
|upkeep
|
|t:|1758299211
|switch|p2a: Pecharunt|Pecharunt|100/100
|-item|p2a: Pecharunt|Air Balloon
|turn|15
|
|t:|1758299214
|move|p1a: Ogerpon|U-turn|p2a: Pecharunt
|-resisted|p2a: Pecharunt
|-damage|p2a: Pecharunt|97/100
|-enditem|p2a: Pecharunt|Air Balloon
|
|t:|1758299216
|switch|p1a: Iron Treads|Iron Treads|100/100|[from] U-turn
|move|p2a: Pecharunt|Shadow Ball|p1a: Iron Treads
|-damage|p1a: Iron Treads|73/100
|
|-heal|p1a: Iron Treads|79/100|[from] item: Leftovers
|upkeep
|turn|16
|
|t:|1758299220
|move|p1a: Iron Treads|Stealth Rock|p2a: Pecharunt
|-sidestart|p2: Dumb Drasna|move: Stealth Rock
|move|p2a: Pecharunt|Parting Shot|p1a: Iron Treads
|-unboost|p1a: Iron Treads|atk|1
|-unboost|p1a: Iron Treads|spa|1
|
|t:|1758299224
|switch|p2a: Rotom|Rotom-Wash|57/100|[from] Parting Shot
|-damage|p2a: Rotom|44/100|[from] Stealth Rock
|
|-heal|p1a: Iron Treads|86/100|[from] item: Leftovers
|-heal|p2a: Rotom|50/100|[from] item: Leftovers
|upkeep
|turn|17
|
|t:|1758299233
|move|p1a: Iron Treads|Rapid Spin|p2a: Rotom
|-damage|p2a: Rotom|43/100
|-boost|p1a: Iron Treads|spe|1
|move|p2a: Rotom|Pain Split|p1a: Iron Treads
|-sethp|p1a: Iron Treads|62/100|[from] move: Pain Split|[silent]
|-sethp|p2a: Rotom|69/100|[from] move: Pain Split
|
|-heal|p1a: Iron Treads|68/100|[from] item: Leftovers
|-heal|p2a: Rotom|75/100|[from] item: Leftovers
|upkeep
|turn|18
|
|t:|1758299239
|-end|p1a: Iron Treads|Quark Drive|[silent]
|switch|p1a: Moltres|Moltres|100/100
|move|p2a: Rotom|Hydro Pump|p1a: Moltres
|-supereffective|p1a: Moltres
|-damage|p1a: Moltres|36/100
|
|-heal|p2a: Rotom|82/100|[from] item: Leftovers
|upkeep
|turn|19
|
|t:|1758299243
|move|p1a: Moltres|Roost|p1a: Moltres
|-heal|p1a: Moltres|86/100
|-singleturn|p1a: Moltres|move: Roost
|move|p2a: Rotom|Volt Switch|p1a: Moltres
|-damage|p1a: Moltres|68/100
|
|t:|1758299247
|switch|p2a: Tyranitar|Tyranitar, M|100/100|[from] Volt Switch
|-damage|p2a: Tyranitar|75/100|[from] Spikes
|-damage|p2a: Tyranitar|63/100|[from] Stealth Rock
|-weather|Sandstorm|[from] ability: Sand Stream|[of] p2a: Tyranitar
|
|-weather|Sandstorm|[upkeep]
|-damage|p1a: Moltres|62/100|[from] Sandstorm
|upkeep
|turn|20
|
|t:|1758299250
|move|p1a: Moltres|U-turn|p2a: Tyranitar
|-supereffective|p2a: Tyranitar
|-damage|p2a: Tyranitar|42/100
|
|t:|1758299253
|switch|p1a: Iron Treads|Iron Treads|68/100|[from] U-turn
|move|p2a: Tyranitar|Stealth Rock|p1a: Iron Treads
|-sidestart|p1: fashion people时尚人|move: Stealth Rock
|
|-weather|Sandstorm|[upkeep]
|-heal|p1a: Iron Treads|74/100|[from] item: Leftovers
|upkeep
|turn|21
|
|t:|1758299256
|move|p1a: Iron Treads|Rapid Spin|p2a: Tyranitar
|-resisted|p2a: Tyranitar
|-damage|p2a: Tyranitar|37/100
|-boost|p1a: Iron Treads|spe|1
|-sideend|p1: fashion people时尚人|Stealth Rock|[from] move: Rapid Spin|[of] p1a: Iron Treads
|move|p2a: Tyranitar|Knock Off|p1a: Iron Treads
|-damage|p1a: Iron Treads|36/100
|-enditem|p1a: Iron Treads|Leftovers|[from] move: Knock Off|[of] p2a: Tyranitar
|
|-weather|Sandstorm|[upkeep]
|upkeep
|turn|22
|
|t:|1758299262
|switch|p2a: Rotom|Rotom-Wash|82/100
|-damage|p2a: Rotom|69/100|[from] Stealth Rock
|move|p1a: Iron Treads|Earthquake|p2a: Rotom
|-immune|p2a: Rotom|[from] ability: Levitate
|
|-weather|Sandstorm|[upkeep]
|-damage|p2a: Rotom|63/100|[from] Sandstorm
|-heal|p2a: Rotom|69/100|[from] item: Leftovers
|upkeep
|turn|23
|
|t:|1758299268
|-end|p1a: Iron Treads|Quark Drive|[silent]
|switch|p1a: Moltres|Moltres|62/100
|move|p2a: Rotom|Will-O-Wisp|p1a: Moltres
|-immune|p1a: Moltres
|
|-weather|Sandstorm|[upkeep]
|-damage|p1a: Moltres|56/100|[from] Sandstorm
|-damage|p2a: Rotom|63/100|[from] Sandstorm
|-heal|p2a: Rotom|69/100|[from] item: Leftovers
|upkeep
|turn|24
|
|t:|1758299274
|move|p1a: Moltres|Roost|p1a: Moltres
|-heal|p1a: Moltres|100/100
|-singleturn|p1a: Moltres|move: Roost
|move|p2a: Rotom|Hydro Pump|p1a: Moltres
|-supereffective|p1a: Moltres
|-damage|p1a: Moltres|44/100
|
|-weather|Sandstorm|[upkeep]
|-damage|p1a: Moltres|38/100|[from] Sandstorm
|-damage|p2a: Rotom|63/100|[from] Sandstorm
|-heal|p2a: Rotom|69/100|[from] item: Leftovers
|upkeep
|turn|25
|
|t:|1758299284
|move|p1a: Moltres|Roost|p1a: Moltres
|-heal|p1a: Moltres|88/100
|-singleturn|p1a: Moltres|move: Roost
|move|p2a: Rotom|Pain Split|p1a: Moltres
|-sethp|p1a: Moltres|71/100|[from] move: Pain Split|[silent]
|-sethp|p2a: Rotom|90/100|[from] move: Pain Split
|
|-weather|Sandstorm|[upkeep]
|-damage|p1a: Moltres|65/100|[from] Sandstorm
|-damage|p2a: Rotom|83/100|[from] Sandstorm
|-heal|p2a: Rotom|90/100|[from] item: Leftovers
|upkeep
|turn|26
|
|t:|1758299288
|move|p1a: Moltres|Roost|p1a: Moltres
|-heal|p1a: Moltres|100/100
|-singleturn|p1a: Moltres|move: Roost
|move|p2a: Rotom|Pain Split|p1a: Moltres
|-sethp|p1a: Moltres|86/100|[from] move: Pain Split|[silent]
|-sethp|p2a: Rotom|100/100|[from] move: Pain Split
|
|-weather|none
|upkeep
|turn|27
|
|t:|1758299292
|move|p1a: Moltres|U-turn|p2a: Rotom
|-damage|p2a: Rotom|89/100
|
|t:|1758299295
|switch|p1a: Iron Treads|Iron Treads|36/100|[from] U-turn
|move|p2a: Rotom|Volt Switch|p1a: Iron Treads
|-immune|p1a: Iron Treads
|
|-heal|p2a: Rotom|95/100|[from] item: Leftovers
|upkeep
|turn|28
|
|t:|1758299301
|move|p1a: Iron Treads|Rapid Spin|p2a: Rotom
|-crit|p2a: Rotom
|-damage|p2a: Rotom|78/100
|-boost|p1a: Iron Treads|spe|1
|move|p2a: Rotom|Will-O-Wisp|p1a: Iron Treads
|-status|p1a: Iron Treads|brn
|
|-heal|p2a: Rotom|84/100|[from] item: Leftovers
|-damage|p1a: Iron Treads|30/100 brn|[from] brn
|upkeep
|turn|29
|
|t:|1758299306
|move|p1a: Iron Treads|Rapid Spin|p2a: Rotom
|-damage|p2a: Rotom|78/100
|-boost|p1a: Iron Treads|spe|1
|move|p2a: Rotom|Volt Switch|p1a: Iron Treads
|-immune|p1a: Iron Treads
|
|-heal|p2a: Rotom|84/100|[from] item: Leftovers
|-damage|p1a: Iron Treads|24/100 brn|[from] brn
|upkeep
|turn|30
|
|t:|1758299308
|move|p1a: Iron Treads|Rapid Spin|p2a: Rotom
|-damage|p2a: Rotom|79/100
|-boost|p1a: Iron Treads|spe|1
|move|p2a: Rotom|Volt Switch|p1a: Iron Treads
|-immune|p1a: Iron Treads
|
|-heal|p2a: Rotom|85/100|[from] item: Leftovers
|-damage|p1a: Iron Treads|18/100 brn|[from] brn
|upkeep
|turn|31
|
|t:|1758299310
|move|p1a: Iron Treads|Rapid Spin|p2a: Rotom
|-damage|p2a: Rotom|80/100
|-boost|p1a: Iron Treads|spe|1
|move|p2a: Rotom|Volt Switch|p1a: Iron Treads
|-immune|p1a: Iron Treads
|
|-heal|p2a: Rotom|86/100|[from] item: Leftovers
|-damage|p1a: Iron Treads|12/100 brn|[from] brn
|upkeep
|turn|32
|
|t:|1758299314
|move|p1a: Iron Treads|Rapid Spin|p2a: Rotom
|-damage|p2a: Rotom|80/100
|-boost|p1a: Iron Treads|spe|1
|move|p2a: Rotom|Volt Switch|p1a: Iron Treads
|-immune|p1a: Iron Treads
|
|-heal|p2a: Rotom|86/100|[from] item: Leftovers
|-damage|p1a: Iron Treads|5/100 brn|[from] brn
|upkeep
|turn|33
|
|t:|1758299318
|move|p1a: Iron Treads|Rapid Spin|p2a: Rotom
|-damage|p2a: Rotom|80/100
|-boost|p1a: Iron Treads|spe|1
|move|p2a: Rotom|Volt Switch|p1a: Iron Treads
|-immune|p1a: Iron Treads
|
|-heal|p2a: Rotom|87/100|[from] item: Leftovers
|-damage|p1a: Iron Treads|0 fnt|[from] brn
|faint|p1a: Iron Treads
|-end|p1a: Iron Treads|Quark Drive|[silent]
|upkeep
|
|t:|1758299319
|switch|p1a: Zamazenta|Zamazenta|100/100
|-ability|p1a: Zamazenta|Dauntless Shield|boost
|-boost|p1a: Zamazenta|def|1
|turn|34
|
|t:|1758299326
|move|p1a: Zamazenta|Iron Defense|p1a: Zamazenta
|-boost|p1a: Zamazenta|def|2
|move|p2a: Rotom|Will-O-Wisp|p1a: Zamazenta
|-status|p1a: Zamazenta|brn
|
|-heal|p2a: Rotom|93/100|[from] item: Leftovers
|-damage|p1a: Zamazenta|94/100 brn|[from] brn
|upkeep
|turn|35
|
|t:|1758299341
|move|p1a: Zamazenta|Iron Defense|p1a: Zamazenta
|-boost|p1a: Zamazenta|def|2
|move|p2a: Rotom|Volt Switch|p1a: Zamazenta
|-damage|p1a: Zamazenta|74/100 brn
|
|t:|1758299348
|switch|p2a: Tyranitar|Tyranitar, M|37/100|[from] Volt Switch
|-damage|p2a: Tyranitar|12/100|[from] Spikes
|-damage|p2a: Tyranitar|0 fnt|[from] Stealth Rock
|faint|p2a: Tyranitar
|
|-heal|p1a: Zamazenta|80/100 brn|[from] item: Leftovers
|-damage|p1a: Zamazenta|74/100 brn|[from] brn
|upkeep
|
|t:|1758299356
|switch|p2a: Pecharunt|Pecharunt|97/100
|-damage|p2a: Pecharunt|72/100|[from] Spikes
|-damage|p2a: Pecharunt|60/100|[from] Stealth Rock
|turn|36
|
|t:|1758299360
|move|p2a: Pecharunt|Recover|p2a: Pecharunt
|-heal|p2a: Pecharunt|100/100
|move|p1a: Zamazenta|Roar|p2a: Pecharunt
|drag|p2a: Kingambit|Kingambit, M|100/100
|-damage|p2a: Kingambit|75/100|[from] Spikes
|-damage|p2a: Kingambit|69/100|[from] Stealth Rock
|-activate|p2a: Kingambit|ability: Supreme Overlord
|-start|p2a: Kingambit|fallen3|[silent]
|
|-heal|p1a: Zamazenta|80/100 brn|[from] item: Leftovers
|-damage|p1a: Zamazenta|74/100 brn|[from] brn
|upkeep
|turn|37
|
|t:|1758299365
|move|p2a: Kingambit|Sucker Punch|p1a: Zamazenta
|-resisted|p1a: Zamazenta
|-damage|p1a: Zamazenta|67/100 brn
|move|p1a: Zamazenta|Body Press|p2a: Kingambit
|-supereffective|p2a: Kingambit
|-damage|p2a: Kingambit|0 fnt
|faint|p2a: Kingambit
|-end|p2a: Kingambit|fallen3|[silent]
|
|-heal|p1a: Zamazenta|73/100 brn|[from] item: Leftovers
|-damage|p1a: Zamazenta|67/100 brn|[from] brn
|upkeep
|
|t:|1758299369
|switch|p2a: Pecharunt|Pecharunt|100/100
|-damage|p2a: Pecharunt|75/100|[from] Spikes
|-damage|p2a: Pecharunt|63/100|[from] Stealth Rock
|turn|38
|
|t:|1758299373
|move|p2a: Pecharunt|Malignant Chain|p1a: Zamazenta
|-damage|p1a: Zamazenta|41/100 brn
|move|p1a: Zamazenta|Roar|p2a: Pecharunt
|drag|p2a: Rotom|Rotom-Wash|93/100
|-damage|p2a: Rotom|80/100|[from] Stealth Rock
|
|-heal|p1a: Zamazenta|48/100 brn|[from] item: Leftovers
|-heal|p2a: Rotom|87/100|[from] item: Leftovers
|-damage|p1a: Zamazenta|41/100 brn|[from] brn
|upkeep
|turn|39
|
|t:|1758299378
|move|p1a: Zamazenta|Body Press|p2a: Rotom
|-crit|p2a: Rotom
|-damage|p2a: Rotom|22/100
|move|p2a: Rotom|Hydro Pump|p1a: Zamazenta
|-damage|p1a: Zamazenta|8/100 brn
|
|-heal|p1a: Zamazenta|14/100 brn|[from] item: Leftovers
|-heal|p2a: Rotom|28/100|[from] item: Leftovers
|-damage|p1a: Zamazenta|8/100 brn|[from] brn
|upkeep
|turn|40
|
|t:|1758299388
|switch|p2a: Pecharunt|Pecharunt|63/100
|-damage|p2a: Pecharunt|38/100|[from] Spikes
|-damage|p2a: Pecharunt|26/100|[from] Stealth Rock
|move|p1a: Zamazenta|Body Press|p2a: Pecharunt
|-immune|p2a: Pecharunt
|
|-heal|p1a: Zamazenta|14/100 brn|[from] item: Leftovers
|-damage|p1a: Zamazenta|8/100 brn|[from] brn
|upkeep
|turn|41
|
|t:|1758299392
|move|p1a: Zamazenta|Crunch|p2a: Pecharunt
|-supereffective|p2a: Pecharunt
|-damage|p2a: Pecharunt|15/100
|move|p2a: Pecharunt|Recover|p2a: Pecharunt
|-heal|p2a: Pecharunt|65/100
|
|-heal|p1a: Zamazenta|14/100 brn|[from] item: Leftovers
|-damage|p1a: Zamazenta|8/100 brn|[from] brn
|upkeep
|turn|42
|
|t:|1758299400
|move|p2a: Pecharunt|Recover|p2a: Pecharunt
|-heal|p2a: Pecharunt|100/100
|move|p1a: Zamazenta|Roar|p2a: Pecharunt
|drag|p2a: Rotom|Rotom-Wash|28/100
|-damage|p2a: Rotom|15/100|[from] Stealth Rock
|
|-heal|p1a: Zamazenta|14/100 brn|[from] item: Leftovers
|-heal|p2a: Rotom|22/100|[from] item: Leftovers
|-damage|p1a: Zamazenta|8/100 brn|[from] brn
|upkeep
|turn|43
|
|t:|1758299404
|move|p1a: Zamazenta|Body Press|p2a: Rotom
|-damage|p2a: Rotom|0 fnt
|faint|p2a: Rotom
|
|-heal|p1a: Zamazenta|14/100 brn|[from] item: Leftovers
|-damage|p1a: Zamazenta|8/100 brn|[from] brn
|upkeep
|
|t:|1758299406
|switch|p2a: Pecharunt|Pecharunt|100/100
|-damage|p2a: Pecharunt|75/100|[from] Spikes
|-damage|p2a: Pecharunt|63/100|[from] Stealth Rock
|turn|44
|
|t:|1758299408
|move|p1a: Zamazenta|Crunch|p2a: Pecharunt
|-supereffective|p2a: Pecharunt
|-damage|p2a: Pecharunt|54/100
|move|p2a: Pecharunt|Shadow Ball|p1a: Zamazenta
|-damage|p1a: Zamazenta|0 fnt
|faint|p1a: Zamazenta
|
|upkeep
|
|t:|1758299412
|switch|p1a: Moltres|Moltres|86/100
|turn|45
|
|t:|1758299415
|move|p1a: Moltres|Flamethrower|p2a: Pecharunt
|-damage|p2a: Pecharunt|14/100
|move|p2a: Pecharunt|Malignant Chain|p1a: Moltres
|-damage|p1a: Moltres|62/100
|-status|p1a: Moltres|tox
|-start|p1a: Moltres|confusion|[from] ability: Poison Puppeteer|[of] p2a: Pecharunt
|
|-damage|p1a: Moltres|56/100 tox|[from] psn
|upkeep
|turn|46
|
|t:|1758299418
|-activate|p1a: Moltres|confusion
|-damage|p1a: Moltres|48/100 tox|[from] confusion
|move|p2a: Pecharunt|Recover|p2a: Pecharunt
|-heal|p2a: Pecharunt|64/100
|
|-damage|p1a: Moltres|36/100 tox|[from] psn
|upkeep
|turn|47
|
|t:|1758299422
|-end|p1a: Moltres|confusion
|move|p1a: Moltres|Flamethrower|p2a: Pecharunt
|-damage|p2a: Pecharunt|25/100
|move|p2a: Pecharunt|Recover|p2a: Pecharunt
|-heal|p2a: Pecharunt|75/100
|
|-damage|p1a: Moltres|18/100 tox|[from] psn
|upkeep
|turn|48
|
|t:|1758299427
|move|p1a: Moltres|Roost|p1a: Moltres
|-heal|p1a: Moltres|68/100 tox
|-singleturn|p1a: Moltres|move: Roost
|move|p2a: Pecharunt|Recover|p2a: Pecharunt
|-heal|p2a: Pecharunt|100/100
|
|-damage|p1a: Moltres|44/100 tox|[from] psn
|upkeep
|turn|49
|
|t:|1758299429
|move|p1a: Moltres|U-turn|p2a: Pecharunt
|-resisted|p2a: Pecharunt
|-damage|p2a: Pecharunt|99/100
|
|t:|1758299431
|switch|p1a: Ogerpon|Ogerpon-Wellspring, F|29/100|[from] U-turn
|move|p2a: Pecharunt|Parting Shot|p1a: Ogerpon
|-unboost|p1a: Ogerpon|atk|1
|-unboost|p1a: Ogerpon|spa|1
|
|upkeep
|turn|50
|
|t:|1758299437
|move|p1a: Ogerpon|Knock Off|p2a: Pecharunt
|-supereffective|p2a: Pecharunt
|-damage|p2a: Pecharunt|83/100
|move|p2a: Pecharunt|Malignant Chain|p1a: Ogerpon
|-supereffective|p1a: Ogerpon
|-damage|p1a: Ogerpon|0 fnt
|faint|p1a: Ogerpon
|
|upkeep
|
|t:|1758299439
|switch|p1a: Moltres|Moltres|44/100 tox
|turn|51
|
|t:|1758299443
|move|p1a: Moltres|Roost|p1a: Moltres
|-heal|p1a: Moltres|94/100 tox
|-singleturn|p1a: Moltres|move: Roost
|move|p2a: Pecharunt|Parting Shot|p1a: Moltres
|-unboost|p1a: Moltres|atk|1
|-unboost|p1a: Moltres|spa|1
|
|-damage|p1a: Moltres|88/100 tox|[from] psn
|upkeep
|turn|52
|-message|fashion people时尚人 forfeited.
|
|win|Dumb Drasna
|raw|fashion people时尚人's rating: 1336 &rarr; <strong>1317</strong><br />(-19 for losing)
|raw|Dumb Drasna's rating: 1356 &rarr; <strong>1375</strong><br />(+19 for winning)
|l|☆fashion people时尚人
|player|p1|
