|badge|p2|bronze|gen9ou|100-6
|uhtml|medal-msg|<div class="broadcast-blue">Curious what those medals under the avatar are? PS now has Ladder Seasons! For more information, check out the <a href="https://www.smogon.com/forums/threads/3740067/">thread on Smogon.</a></div>
|j|☆SamiFawad
|j|☆chall torvikk
|t:|1758287888
|gametype|singles
|player|p1|SamiFawad|101|1708
|player|p2|chall torvikk|gambler|1859
|gen|9
|tier|[Gen 9] OU
|rated|
|rule|HP Percentage Mod: HP is shown in percentages
|rule|Endless Battle Clause: Forcing endless battles is banned
|rule|Species Clause: Limit one of each Pokémon
|rule|OHKO Clause: OHKO moves are banned
|rule|Evasion Items Clause: Evasion items are banned
|rule|Evasion Moves Clause: Evasion moves are banned
|rule|Evasion Abilities Clause: Evasion abilities are banned
|rule|Sleep Moves Clause: Sleep-inducing moves are banned
|clearpoke
|poke|p1|Slowking-Galar, M|
|poke|p1|Samurott-Hisui, M|
|poke|p1|Meowscarada, M|
|poke|p1|Pecharunt|
|poke|p1|Ogerpon-Cornerstone, F|
|poke|p1|Great Tusk|
|poke|p2|Darkrai|
|poke|p2|Ogerpon, F|
|poke|p2|Garchomp, F|
|poke|p2|Alomomola, F|
|poke|p2|Corviknight, F|
|poke|p2|Weezing-Galar, F|
|teampreview
|j| 2lax
|
|t:|1758287922
|teamsize|p1|6
|teamsize|p2|6
|start
|switch|p1a: Samurott|Samurott-Hisui, M|100/100
|switch|p2a: Weezing|Weezing-Galar, F|100/100
|-ability|p2a: Weezing|Neutralizing Gas
|turn|1
|
|t:|1758287928
|switch|p1a: Slowking|Slowking-Galar, M|100/100
|move|p2a: Weezing|Will-O-Wisp|p1a: Slowking
|-status|p1a: Slowking|brn
|
|-damage|p1a: Slowking|94/100 brn|[from] brn
|upkeep
|turn|2
|
|t:|1758287939
|-end|p2a: Weezing|ability: Neutralizing Gas
|switch|p2a: Corviknight|Corviknight, F|100/100
|-ability|p2a: Corviknight|Pressure
|move|p1a: Slowking|Future Sight|p2a: Corviknight
|-start|p1a: Slowking|move: Future Sight
|
|-damage|p1a: Slowking|88/100 brn|[from] brn
|upkeep
|turn|3
|
|t:|1758287943
|move|p2a: Corviknight|Brave Bird|p1a: Slowking
|-damage|p1a: Slowking|51/100 brn
|-damage|p2a: Corviknight|88/100|[from] Recoil
|move|p1a: Slowking|Flamethrower|p2a: Corviknight
|-supereffective|p2a: Corviknight
|-damage|p2a: Corviknight|45/100
|
|-heal|p2a: Corviknight|51/100|[from] item: Leftovers
|-damage|p1a: Slowking|45/100 brn|[from] brn
|upkeep
|turn|4
|
|t:|1758287952
|move|p2a: Corviknight|Roost|p2a: Corviknight
|-heal|p2a: Corviknight|100/100
|-singleturn|p2a: Corviknight|move: Roost
|move|p1a: Slowking|Flamethrower|p2a: Corviknight
|-supereffective|p2a: Corviknight
|-damage|p2a: Corviknight|57/100
|
|-end|p2a: Corviknight|move: Future Sight
|-resisted|p2a: Corviknight
|-damage|p2a: Corviknight|38/100
|-heal|p2a: Corviknight|44/100|[from] item: Leftovers
|-damage|p1a: Slowking|39/100 brn|[from] brn
|upkeep
|turn|5
|
|t:|1758287958
|switch|p1a: Pecharunt|Pecharunt|100/100
|move|p2a: Corviknight|Roost|p2a: Corviknight
|-heal|p2a: Corviknight|94/100
|-singleturn|p2a: Corviknight|move: Roost
|
|-heal|p2a: Corviknight|99/100|[from] item: Leftovers
|upkeep
|turn|6
|
|t:|1758287961
|move|p1a: Pecharunt|Parting Shot|p2a: Corviknight
|-unboost|p2a: Corviknight|atk|1
|-unboost|p2a: Corviknight|spa|1
|
|t:|1758287963
|switch|p1a: Slowking|Slowking-Galar, M|72/100 brn|[from] Parting Shot
|move|p2a: Corviknight|U-turn|p1a: Slowking
|-damage|p1a: Slowking|61/100 brn
|
|t:|1758287977
|switch|p2a: Garchomp|Garchomp, F|100/100|[from] U-turn
|
|-damage|p1a: Slowking|55/100 brn|[from] brn
|upkeep
|turn|7
|
|t:|1758287981
|switch|p1a: Great Tusk|Great Tusk|100/100
|move|p2a: Garchomp|Spikes|p1a: Great Tusk
|-sidestart|p1: SamiFawad|Spikes
|
|upkeep
|turn|8
|
|t:|1758288004
|-terastallize|p2a: Garchomp|Ghost
|move|p2a: Garchomp|Stealth Rock|p1a: Great Tusk
|-sidestart|p1: SamiFawad|move: Stealth Rock
|move|p1a: Great Tusk|Rapid Spin|p2a: Garchomp
|-immune|p2a: Garchomp
|
|upkeep
|turn|9
|
|t:|1758288012
|move|p1a: Great Tusk|Knock Off|p2a: Garchomp
|-supereffective|p2a: Garchomp
|-damage|p2a: Garchomp|65/100
|-damage|p1a: Great Tusk|88/100|[from] ability: Rough Skin|[of] p2a: Garchomp
|-damage|p1a: Great Tusk|71/100|[from] item: Rocky Helmet|[of] p2a: Garchomp
|-enditem|p2a: Garchomp|Rocky Helmet|[from] move: Knock Off|[of] p1a: Great Tusk
|move|p2a: Garchomp|Dragon Tail|p1a: Great Tusk
|-damage|p1a: Great Tusk|59/100
|-damage|p2a: Garchomp|48/100|[from] item: Rocky Helmet|[of] p1a: Great Tusk
|-end|p1a: Great Tusk|Protosynthesis|[silent]
|drag|p1a: Pecharunt|Pecharunt|100/100
|-damage|p1a: Pecharunt|88/100|[from] Spikes
|-damage|p1a: Pecharunt|76/100|[from] Stealth Rock
|
|upkeep
|turn|10
|l|☆SamiFawad
|player|p1|
|j|☆SamiFawad
|player|p1|SamiFawad|101|
|
|t:|1758288029
|switch|p2a: Corviknight|Corviknight, F|99/100
|-ability|p2a: Corviknight|Pressure
|move|p1a: Pecharunt|Shadow Ball|p2a: Corviknight
|-damage|p2a: Corviknight|76/100
|
|-heal|p2a: Corviknight|82/100|[from] item: Leftovers
|upkeep
|turn|11
|
|t:|1758288034
|move|p1a: Pecharunt|Shadow Ball|p2a: Corviknight
|-damage|p2a: Corviknight|55/100
|move|p2a: Corviknight|U-turn|p1a: Pecharunt
|-resisted|p1a: Pecharunt
|-damage|p1a: Pecharunt|74/100
|-damage|p2a: Corviknight|39/100|[from] item: Rocky Helmet|[of] p1a: Pecharunt
|
|t:|1758288037
|switch|p2a: Darkrai|Darkrai|100/100|[from] U-turn
|
|upkeep
|turn|12
|
|t:|1758288042
|switch|p1a: Samurott|Samurott-Hisui, M|100/100
|-damage|p1a: Samurott|88/100|[from] Spikes
|-damage|p1a: Samurott|76/100|[from] Stealth Rock
|move|p2a: Darkrai|Dark Pulse|p1a: Samurott
|-resisted|p1a: Samurott
|-damage|p1a: Samurott|29/100
|
|upkeep
|turn|13
|
|t:|1758288053
|move|p1a: Samurott|Sucker Punch|p2a: Darkrai
|-resisted|p2a: Darkrai
|-damage|p2a: Darkrai|79/100
|move|p2a: Darkrai|Dark Pulse|p1a: Samurott
|-resisted|p1a: Samurott
|-damage|p1a: Samurott|0 fnt
|faint|p1a: Samurott
|
|upkeep
|
|t:|1758288059
|switch|p1a: Meowscarada|Meowscarada, M|100/100
|-damage|p1a: Meowscarada|88/100|[from] Spikes
|-damage|p1a: Meowscarada|76/100|[from] Stealth Rock
|turn|14
|
|t:|1758288062
|switch|p2a: Weezing|Weezing-Galar, F|100/100
|-ability|p2a: Weezing|Neutralizing Gas
|move|p1a: Meowscarada|U-turn|p2a: Weezing
|-resisted|p2a: Weezing
|-damage|p2a: Weezing|96/100
|
|t:|1758288066
|switch|p1a: Pecharunt|Pecharunt|74/100|[from] U-turn
|-damage|p1a: Pecharunt|61/100|[from] Spikes
|-damage|p1a: Pecharunt|49/100|[from] Stealth Rock
|
|-heal|p2a: Weezing|100/100|[from] item: Leftovers
|upkeep
|turn|15
|
|t:|1758288070
|-end|p2a: Weezing|ability: Neutralizing Gas
|switch|p2a: Corviknight|Corviknight, F|39/100
|-ability|p2a: Corviknight|Pressure
|move|p1a: Pecharunt|Recover|p1a: Pecharunt
|-heal|p1a: Pecharunt|99/100
|
|-heal|p2a: Corviknight|45/100|[from] item: Leftovers
|upkeep
|turn|16
|
|t:|1758288079
|move|p1a: Pecharunt|Shadow Ball|p2a: Corviknight
|-crit|p2a: Corviknight
|-damage|p2a: Corviknight|9/100
|move|p2a: Corviknight|U-turn|p1a: Pecharunt
|-resisted|p1a: Pecharunt
|-damage|p1a: Pecharunt|97/100
|-damage|p2a: Corviknight|0 fnt|[from] item: Rocky Helmet|[of] p1a: Pecharunt
|faint|p2a: Corviknight
|
|upkeep
|
|t:|1758288083
|switch|p2a: Darkrai|Darkrai|79/100
|turn|17
|
|t:|1758288094
|-terastallize|p1a: Pecharunt|Normal
|move|p2a: Darkrai|Dark Pulse|p1a: Pecharunt
|-damage|p1a: Pecharunt|31/100
|move|p1a: Pecharunt|Malignant Chain|p2a: Darkrai
|-damage|p2a: Darkrai|22/100
|-status|p2a: Darkrai|tox
|-start|p2a: Darkrai|confusion|[from] ability: Poison Puppeteer|[of] p1a: Pecharunt
|
|-damage|p2a: Darkrai|16/100 tox|[from] psn
|upkeep
|turn|18
|
|t:|1758288110
|switch|p2a: Ogerpon|Ogerpon, F|100/100
|move|p1a: Pecharunt|Recover|p1a: Pecharunt
|-heal|p1a: Pecharunt|81/100
|
|upkeep
|turn|19
|
|t:|1758288115
|move|p2a: Ogerpon|Encore|p1a: Pecharunt
|-start|p1a: Pecharunt|Encore
|move|p1a: Pecharunt|Recover|p1a: Pecharunt
|-heal|p1a: Pecharunt|100/100
|
|upkeep
|turn|20
|
|t:|1758288124
|switch|p1a: Slowking|Slowking-Galar, M|88/100 brn
|-damage|p1a: Slowking|76/100 brn|[from] Spikes
|-damage|p1a: Slowking|63/100 brn|[from] Stealth Rock
|move|p2a: Ogerpon|Knock Off|p1a: Slowking
|-supereffective|p1a: Slowking
|-damage|p1a: Slowking|0 fnt
|-enditem|p1a: Slowking|Assault Vest|[from] move: Knock Off|[of] p2a: Ogerpon
|faint|p1a: Slowking
|
|upkeep
|
|t:|1758288132
|switch|p1a: Ogerpon|Ogerpon-Cornerstone, F|100/100
|-damage|p1a: Ogerpon|88/100|[from] Spikes
|-damage|p1a: Ogerpon|76/100|[from] Stealth Rock
|turn|21
|
|t:|1758288139
|switch|p1a: Pecharunt|Pecharunt, tera:Normal|100/100
|-damage|p1a: Pecharunt|88/100|[from] Spikes
|-damage|p1a: Pecharunt|76/100|[from] Stealth Rock
|move|p2a: Ogerpon|U-turn|p1a: Pecharunt
|-damage|p1a: Pecharunt|62/100
|-damage|p2a: Ogerpon|84/100|[from] item: Rocky Helmet|[of] p1a: Pecharunt
|j| Pokeniceguy
|
|t:|1758288162
|switch|p2a: Weezing|Weezing-Galar, F|100/100|[from] U-turn
|-ability|p2a: Weezing|Neutralizing Gas
|
|upkeep
|turn|22
|
|t:|1758288169
|move|p1a: Pecharunt|Malignant Chain|p2a: Weezing
|-damage|p2a: Weezing|38/100
|move|p2a: Weezing|Sludge Bomb|p1a: Pecharunt
|-damage|p1a: Pecharunt|33/100
|
|-heal|p2a: Weezing|44/100|[from] item: Leftovers
|upkeep
|turn|23
|
|t:|1758288178
|move|p1a: Pecharunt|Recover|p1a: Pecharunt
|-heal|p1a: Pecharunt|83/100
|move|p2a: Weezing|Pain Split|p1a: Pecharunt
|-sethp|p1a: Pecharunt|61/100|[from] move: Pain Split|[silent]
|-sethp|p2a: Weezing|69/100|[from] move: Pain Split
|
|-heal|p2a: Weezing|75/100|[from] item: Leftovers
|upkeep
|turn|24
|
|t:|1758288182
|move|p1a: Pecharunt|Recover|p1a: Pecharunt
|-heal|p1a: Pecharunt|100/100
|move|p2a: Weezing|Sludge Bomb|p1a: Pecharunt
|-damage|p1a: Pecharunt|72/100
|-status|p1a: Pecharunt|psn
|
|-heal|p2a: Weezing|81/100|[from] item: Leftovers
|-damage|p1a: Pecharunt|59/100 psn|[from] psn
|upkeep
|turn|25
|
|t:|1758288187
|-end|p2a: Weezing|ability: Neutralizing Gas
|switch|p2a: Alomomola|Alomomola, F|100/100
|move|p1a: Pecharunt|Recover|p1a: Pecharunt
|-heal|p1a: Pecharunt|100/100 psn
|
|-damage|p1a: Pecharunt|88/100 psn|[from] psn
|upkeep
|turn|26
|
|t:|1758288191
|move|p1a: Pecharunt|Malignant Chain|p2a: Alomomola
|-damage|p2a: Alomomola|77/100
|move|p2a: Alomomola|Flip Turn|p1a: Pecharunt
|-damage|p1a: Pecharunt|79/100 psn
|-damage|p2a: Alomomola|61/100|[from] item: Rocky Helmet|[of] p1a: Pecharunt
|l| Pokeniceguy
|
|t:|1758288194
|switch|p2a: Ogerpon|Ogerpon, F|84/100|[from] Flip Turn
|
|-damage|p1a: Pecharunt|66/100 psn|[from] psn
|upkeep
|turn|27
|
|t:|1758288199
|move|p2a: Ogerpon|U-turn|p1a: Pecharunt
|-damage|p1a: Pecharunt|52/100 psn
|-damage|p2a: Ogerpon|67/100|[from] item: Rocky Helmet|[of] p1a: Pecharunt
|
|t:|1758288202
|switch|p2a: Alomomola|Alomomola, F|94/100|[from] U-turn
|move|p1a: Pecharunt|Malignant Chain|p2a: Alomomola
|-damage|p2a: Alomomola|72/100
|
|-damage|p1a: Pecharunt|39/100 psn|[from] psn
|upkeep
|turn|28
|
|t:|1758288206
|move|p1a: Pecharunt|Malignant Chain|p2a: Alomomola
|-damage|p2a: Alomomola|50/100
|move|p2a: Alomomola|Flip Turn|p1a: Pecharunt
|-damage|p1a: Pecharunt|30/100 psn
|-damage|p2a: Alomomola|34/100|[from] item: Rocky Helmet|[of] p1a: Pecharunt
|
|t:|1758288209
|switch|p2a: Ogerpon|Ogerpon, F|67/100|[from] Flip Turn
|
|-damage|p1a: Pecharunt|17/100 psn|[from] psn
|upkeep
|turn|29
|
|t:|1758288212
|move|p2a: Ogerpon|Ivy Cudgel|p1a: Pecharunt
|-crit|p1a: Pecharunt
|-damage|p1a: Pecharunt|0 fnt
|faint|p1a: Pecharunt
|
|upkeep
|
|t:|1758288215
|switch|p1a: Meowscarada|Meowscarada, M|76/100
|-damage|p1a: Meowscarada|64/100|[from] Spikes
|-damage|p1a: Meowscarada|51/100|[from] Stealth Rock
|turn|30
|
|t:|1758288222
|switch|p2a: Weezing|Weezing-Galar, F|81/100
|-ability|p2a: Weezing|Neutralizing Gas
|move|p1a: Meowscarada|U-turn|p2a: Weezing
|-resisted|p2a: Weezing
|-damage|p2a: Weezing|77/100
|
|t:|1758288224
|switch|p1a: Ogerpon|Ogerpon-Cornerstone, F|76/100|[from] U-turn
|-damage|p1a: Ogerpon|64/100|[from] Spikes
|-damage|p1a: Ogerpon|51/100|[from] Stealth Rock
|
|-heal|p2a: Weezing|83/100|[from] item: Leftovers
|upkeep
|turn|31
|
|t:|1758288269
|move|p1a: Ogerpon|Ivy Cudgel|p2a: Weezing|[anim] Ivy Cudgel Rock
|-damage|p2a: Weezing|46/100
|move|p2a: Weezing|Will-O-Wisp|p1a: Ogerpon
|-status|p1a: Ogerpon|brn
|
|-heal|p2a: Weezing|52/100|[from] item: Leftovers
|-damage|p1a: Ogerpon|45/100 brn|[from] brn
|upkeep
|turn|32
|
|t:|1758288281
|move|p1a: Ogerpon|Knock Off|p2a: Weezing
|-resisted|p2a: Weezing
|-damage|p2a: Weezing|46/100
|-enditem|p2a: Weezing|Leftovers|[from] move: Knock Off|[of] p1a: Ogerpon
|move|p2a: Weezing|Sludge Bomb|p1a: Ogerpon
|-damage|p1a: Ogerpon|14/100 brn
|
|-damage|p1a: Ogerpon|8/100 brn|[from] brn
|upkeep
|turn|33
|
|t:|1758288286
|-end|p2a: Weezing|ability: Neutralizing Gas
|switch|p2a: Alomomola|Alomomola, F|67/100
|move|p1a: Ogerpon|Ivy Cudgel|p2a: Alomomola|[anim] Ivy Cudgel Rock
|-damage|p2a: Alomomola|43/100
|
|-damage|p1a: Ogerpon|2/100 brn|[from] brn
|upkeep
|turn|34
|
|t:|1758288290
|move|p2a: Alomomola|Aqua Jet|p1a: Ogerpon
|-damage|p1a: Ogerpon|0 fnt
|faint|p1a: Ogerpon
|
|upkeep
|
|t:|1758288292
|switch|p1a: Great Tusk|Great Tusk|59/100
|-damage|p1a: Great Tusk|47/100|[from] Spikes
|-damage|p1a: Great Tusk|44/100|[from] Stealth Rock
|turn|35
|
|t:|1758288295
|switch|p2a: Garchomp|Garchomp, F, tera:Ghost|48/100
|move|p1a: Great Tusk|Knock Off|p2a: Garchomp
|-supereffective|p2a: Garchomp
|-damage|p2a: Garchomp|25/100
|-damage|p1a: Great Tusk|32/100|[from] ability: Rough Skin|[of] p2a: Garchomp
|
|upkeep
|turn|36
|
|t:|1758288303
|move|p2a: Garchomp|Earthquake|p1a: Great Tusk
|-damage|p1a: Great Tusk|12/100
|move|p1a: Great Tusk|Stealth Rock|p2a: Garchomp
|-sidestart|p2: chall torvikk|move: Stealth Rock
|
|upkeep
|turn|37
|
|t:|1758288307
|move|p2a: Garchomp|Earthquake|p1a: Great Tusk
|-damage|p1a: Great Tusk|0 fnt
|faint|p1a: Great Tusk
|-end|p1a: Great Tusk|Protosynthesis|[silent]
|
|upkeep
|
|t:|1758288309
|switch|p1a: Meowscarada|Meowscarada, M|51/100
|-damage|p1a: Meowscarada|39/100|[from] Spikes
|-damage|p1a: Meowscarada|27/100|[from] Stealth Rock
|turn|38
|
|t:|1758288314
|move|p1a: Meowscarada|Flower Trick|p2a: Garchomp
|-start|p1a: Meowscarada|typechange|Grass|[from] ability: Protean
|-crit|p2a: Garchomp
|-damage|p2a: Garchomp|0 fnt
|faint|p2a: Garchomp
|
|upkeep
|
|t:|1758288324
|switch|p2a: Ogerpon|Ogerpon, F|67/100
|turn|39
|l|☆SamiFawad
|player|p1|
|j|☆SamiFawad
|player|p1|SamiFawad|101|
|j| romag
|
|t:|1758288340
|move|p1a: Meowscarada|Flower Trick|p2a: Ogerpon
|-resisted|p2a: Ogerpon
|-crit|p2a: Ogerpon
|-damage|p2a: Ogerpon|29/100
|move|p2a: Ogerpon|U-turn|p1a: Meowscarada
|-supereffective|p1a: Meowscarada
|-damage|p1a: Meowscarada|0 fnt
|faint|p1a: Meowscarada
|
|win|chall torvikk
|raw|SamiFawad's rating: 1708 &rarr; <strong>1696</strong><br />(-12 for losing)
|raw|chall torvikk's rating: 1859 &rarr; <strong>1871</strong><br />(+12 for winning)
|l|☆SamiFawad
|player|p1|
|l|☆chall torvikk
|player|p2|
|l| 2lax
|j| Pokeniceguy
|l| Pokeniceguy
