|j|☆Trumpismessiah
|j|☆soyothedangerous
|t:|1758350571
|gametype|singles
|player|p1|Trumpismessiah|1|1478
|player|p2|soyothedangerous|101|1538
|gen|9
|tier|[Gen 9] OU
|rated|
|rule|HP Percentage Mod: HP is shown in percentages
|rule|Endless Battle Clause: Forcing endless battles is banned
|rule|Species Clause: Limit one of each Pokémon
|rule|OHKO Clause: OHKO moves are banned
|rule|Evasion Items Clause: Evasion items are banned
|rule|Evasion Moves Clause: Evasion moves are banned
|rule|Evasion Abilities Clause: Evasion abilities are banned
|rule|Sleep Moves Clause: Sleep-inducing moves are banned
|clearpoke
|poke|p1|Porygon2|
|poke|p1|Cinderace, M|
|poke|p1|Iron Hands|
|poke|p1|Dondozo, F|
|poke|p1|Dragapult, F|
|poke|p1|Necrozma|
|poke|p2|Zamazenta-*|
|poke|p2|Ninetales-Alola, F|
|poke|p2|Darkrai|
|poke|p2|Ceruledge, M|
|poke|p2|Gliscor, M|
|poke|p2|Hatterene, F|
|teampreview
|inactive|Battle timer is ON: inactive players will automatically lose when time's up. (requested by Trumpismessiah)
|
|t:|1758350593
|teamsize|p1|6
|teamsize|p2|6
|start
|switch|p1a: Porygon2|Porygon2, shiny|100/100
|switch|p2a: Darkrai|Darkrai|100/100
|turn|1
|
|t:|1758350597
|move|p2a: Darkrai|Nasty Plot|p2a: Darkrai
|-boost|p2a: Darkrai|spa|2
|move|p1a: Porygon2|Tri Attack|p2a: Darkrai
|-damage|p2a: Darkrai|35/100
|-status|p2a: Darkrai|par
|
|-heal|p2a: Darkrai|41/100 par|[from] item: Leftovers
|upkeep
|turn|2
|
|t:|1758350603
|switch|p1a: Dondozo|Dondozo, F|100/100
|cant|p2a: Darkrai|par
|
|-heal|p2a: Darkrai|47/100 par|[from] item: Leftovers
|upkeep
|turn|3
|
|t:|1758350608
|move|p2a: Darkrai|Dark Pulse|p1a: Dondozo
|-damage|p1a: Dondozo|74/100
|move|p1a: Dondozo|Liquidation|p2a: Darkrai
|-damage|p2a: Darkrai|8/100 par
|
|-heal|p2a: Darkrai|14/100 par|[from] item: Leftovers
|-heal|p1a: Dondozo|80/100|[from] item: Leftovers
|upkeep
|turn|4
|
|t:|1758350613
|cant|p2a: Darkrai|par
|move|p1a: Dondozo|Liquidation|p2a: Darkrai
|-damage|p2a: Darkrai|0 fnt
|faint|p2a: Darkrai
|
|-heal|p1a: Dondozo|87/100|[from] item: Leftovers
|upkeep
|
|t:|1758350619
|switch|p2a: Ninetales|Ninetales-Alola, F|100/100
|-weather|Snowscape|[from] ability: Snow Warning|[of] p2a: Ninetales
|turn|5
|
|t:|1758350624
|move|p2a: Ninetales|Aurora Veil|p2a: Ninetales
|-sidestart|p2: soyothedangerous|move: Aurora Veil
|move|p1a: Dondozo|Liquidation|p2a: Ninetales
|-damage|p2a: Ninetales|88/100
|-unboost|p2a: Ninetales|def|1
|
|-weather|Snowscape|[upkeep]
|-heal|p1a: Dondozo|93/100|[from] item: Leftovers
|upkeep
|turn|6
|
|t:|1758350632
|switch|p1a: Porygon2|Porygon2, shiny|100/100
|move|p2a: Ninetales|Freeze-Dry|p1a: Porygon2
|-damage|p1a: Porygon2|87/100
|
|-weather|Snowscape|[upkeep]
|upkeep
|turn|7
|
|t:|1758350637
|switch|p2a: Ceruledge|Ceruledge, M|100/100
|move|p1a: Porygon2|Ice Beam|p2a: Ceruledge
|-resisted|p2a: Ceruledge
|-damage|p2a: Ceruledge|93/100
|
|-weather|Snowscape|[upkeep]
|upkeep
|turn|8
|
|t:|1758350643
|move|p2a: Ceruledge|Bulk Up|p2a: Ceruledge
|-boost|p2a: Ceruledge|atk|1
|-boost|p2a: Ceruledge|def|1
|move|p1a: Porygon2|Shadow Ball|p2a: Ceruledge
|-supereffective|p2a: Ceruledge
|-damage|p2a: Ceruledge|67/100
|
|-weather|Snowscape|[upkeep]
|upkeep
|turn|9
|
|t:|1758350646
|move|p2a: Ceruledge|Bitter Blade|p1a: Porygon2
|-damage|p1a: Porygon2|51/100
|-heal|p2a: Ceruledge|86/100|[from] drain|[of] p1a: Porygon2
|move|p1a: Porygon2|Shadow Ball|p2a: Ceruledge
|-supereffective|p2a: Ceruledge
|-damage|p2a: Ceruledge|58/100
|
|-weather|none
|upkeep
|turn|10
|
|t:|1758350649
|switch|p1a: Dondozo|Dondozo, F|93/100
|move|p2a: Ceruledge|Bitter Blade|p1a: Dondozo
|-resisted|p1a: Dondozo
|-damage|p1a: Dondozo|82/100
|-heal|p2a: Ceruledge|66/100|[from] drain|[of] p1a: Dondozo
|
|-heal|p1a: Dondozo|88/100|[from] item: Leftovers
|upkeep
|turn|11
|
|t:|1758350656
|switch|p2a: Zamazenta|Zamazenta|100/100
|-ability|p2a: Zamazenta|Dauntless Shield|boost
|-boost|p2a: Zamazenta|def|1
|move|p1a: Dondozo|Liquidation|p2a: Zamazenta
|-damage|p2a: Zamazenta|89/100
|
|-heal|p1a: Dondozo|94/100|[from] item: Leftovers
|upkeep
|turn|12
|
|t:|1758350657
|move|p2a: Zamazenta|Iron Defense|p2a: Zamazenta
|-boost|p2a: Zamazenta|def|2
|move|p1a: Dondozo|Curse|p1a: Dondozo
|-unboost|p1a: Dondozo|spe|1
|-boost|p1a: Dondozo|atk|1
|-boost|p1a: Dondozo|def|1
|
|-heal|p1a: Dondozo|100/100|[from] item: Leftovers
|-sideend|p2: soyothedangerous|move: Aurora Veil
|upkeep
|turn|13
|
|t:|1758350659
|move|p2a: Zamazenta|Body Press|p1a: Dondozo
|-damage|p1a: Dondozo|85/100
|move|p1a: Dondozo|Liquidation|p2a: Zamazenta
|-damage|p2a: Zamazenta|56/100
|
|-heal|p1a: Dondozo|91/100|[from] item: Leftovers
|upkeep
|turn|14
|-message|soyothedangerous forfeited.
|
|win|Trumpismessiah
|raw|Trumpismessiah's rating: 1478 &rarr; <strong>1501</strong><br />(+23 for winning)
|raw|soyothedangerous's rating: 1538 &rarr; <strong>1515</strong><br />(-23 for losing)
|l|☆soyothedangerous
|player|p2|
|l|☆Trumpismessiah
|player|p1|
