|j|☆yoshispasta
|j|☆3ndgam3
|t:|1758295168
|gametype|singles
|player|p1|yoshispasta|shadowtriad|1118
|player|p2|3ndgam3|ninjaboy|1048
|gen|9
|tier|[Gen 9] OU
|rated|
|rule|HP Percentage Mod: HP is shown in percentages
|rule|Endless Battle Clause: Forcing endless battles is banned
|rule|Species Clause: Limit one of each Pokémon
|rule|OHKO Clause: OHKO moves are banned
|rule|Evasion Items Clause: Evasion items are banned
|rule|Evasion Moves Clause: Evasion moves are banned
|rule|Evasion Abilities Clause: Evasion abilities are banned
|rule|Sleep Moves Clause: Sleep-inducing moves are banned
|clearpoke
|poke|p1|Blastoise, M|
|poke|p1|Zapdos|
|poke|p1|Ceruledge, F|
|poke|p1|Glimmora, F|
|poke|p1|Cinderace, M|
|poke|p1|Corviknight, M|
|poke|p2|Iron Valiant|
|poke|p2|Dragapult, M|
|poke|p2|Glimmora, M|
|poke|p2|Ogerpon-Wellspring, F|
|poke|p2|Landorus-Therian, M|
|poke|p2|Kingambit, M|
|teampreview
|inactive|Battle timer is ON: inactive players will automatically lose when time's up. (requested by yoshispasta)
|c|☆yoshispasta|glhf
|
|t:|1758295175
|teamsize|p1|6
|teamsize|p2|6
|start
|switch|p1a: Cancer|Glimmora, F|100/100
|switch|p2a: Dragapult|Dragapult, M, shiny|100/100
|turn|1
|c|☆3ndgam3|u2
|
|t:|1758295202
|move|p2a: Dragapult|Shadow Ball|p1a: Cancer
|-damage|p1a: Cancer|27/100
|-unboost|p1a: Cancer|spd|1
|move|p1a: Cancer|Stealth Rock|p2a: Dragapult
|-sidestart|p2: 3ndgam3|move: Stealth Rock
|
|upkeep
|turn|2
|
|t:|1758295221
|move|p2a: Dragapult|Shadow Ball|p1a: Cancer
|-damage|p1a: Cancer|0 fnt
|faint|p1a: Cancer
|
|upkeep
|
|t:|1758295230
|switch|p1a: Blue|Blastoise, M|100/100
|turn|3
|
|t:|1758295240
|-terastallize|p2a: Dragapult|Ghost
|move|p2a: Dragapult|Shadow Ball|p1a: Blue
|-damage|p1a: Blue|12/100
|move|p1a: Blue|Ice Beam|p2a: Dragapult
|-damage|p2a: Dragapult|67/100
|
|upkeep
|turn|4
|
|t:|1758295254
|switch|p1a: Skarmory 2.0|Corviknight, M|100/100
|-ability|p1a: Skarmory 2.0|Pressure
|move|p2a: Dragapult|Shadow Ball|p1a: Skarmory 2.0
|-damage|p1a: Skarmory 2.0|23/100
|
|-heal|p1a: Skarmory 2.0|29/100|[from] item: Leftovers
|upkeep
|turn|5
|
|t:|1758295264
|move|p2a: Dragapult|Shadow Ball|p1a: Skarmory 2.0
|-damage|p1a: Skarmory 2.0|0 fnt
|faint|p1a: Skarmory 2.0
|
|upkeep
|
|t:|1758295273
|switch|p1a: Shadowthehedgehog|Ceruledge, F|100/100
|turn|6
|
|t:|1758295283
|switch|p2a: Landorus|Landorus-Therian, M, shiny|100/100
|-damage|p2a: Landorus|88/100|[from] Stealth Rock
|-ability|p2a: Landorus|Intimidate|boost
|-unboost|p1a: Shadowthehedgehog|atk|1
|move|p1a: Shadowthehedgehog|Swords Dance|p1a: Shadowthehedgehog
|-boost|p1a: Shadowthehedgehog|atk|2
|
|upkeep
|turn|7
|
|t:|1758295301
|move|p2a: Landorus|Taunt|p1a: Shadowthehedgehog
|-start|p1a: Shadowthehedgehog|move: Taunt
|move|p1a: Shadowthehedgehog|Bitter Blade|p2a: Landorus
|-damage|p2a: Landorus|19/100
|-damage|p1a: Shadowthehedgehog|84/100|[from] item: Rocky Helmet|[of] p2a: Landorus
|
|upkeep
|turn|8
|
|t:|1758295310
|move|p2a: Landorus|Earthquake|p1a: Shadowthehedgehog
|-supereffective|p1a: Shadowthehedgehog
|-damage|p1a: Shadowthehedgehog|0 fnt
|faint|p1a: Shadowthehedgehog
|
|upkeep
|
|t:|1758295315
|switch|p1a: Blue|Blastoise, M|12/100
|turn|9
|
|t:|1758295323
|move|p2a: Landorus|Earthquake|p1a: Blue
|-damage|p1a: Blue|0 fnt
|faint|p1a: Blue
|
|upkeep
|
|t:|1758295329
|switch|p1a: Thunderbird|Zapdos|100/100
|turn|10
|
|t:|1758295338
|move|p1a: Thunderbird|Hurricane|p2a: Landorus
|-damage|p2a: Landorus|0 fnt
|faint|p2a: Landorus
|
|upkeep
|
|t:|1758295344
|switch|p2a: Glimmora|Glimmora, M, shiny|100/100
|-damage|p2a: Glimmora|88/100|[from] Stealth Rock
|turn|11
|
|t:|1758295352
|move|p1a: Thunderbird|Hurricane|p2a: Glimmora
|-resisted|p2a: Glimmora
|-damage|p2a: Glimmora|52/100
|move|p2a: Glimmora|Meteor Beam||[still]
|-prepare|p2a: Glimmora|Meteor Beam
|-boost|p2a: Glimmora|spa|1
|-enditem|p2a: Glimmora|Power Herb
|-anim|p2a: Glimmora|Meteor Beam|p1a: Thunderbird
|-supereffective|p1a: Thunderbird
|-damage|p1a: Thunderbird|0 fnt
|faint|p1a: Thunderbird
|
|upkeep
|c|☆yoshispasta|i like that offensive set, so cool
|c|☆yoshispasta|but time to gg
|c|☆3ndgam3|yeah its fun
|c|☆3ndgam3|gg
|-message|yoshispasta forfeited.
|
|win|3ndgam3
|raw|yoshispasta's rating: 1118 &rarr; <strong>1088</strong><br />(-30 for losing)
|raw|3ndgam3's rating: 1048 &rarr; <strong>1087</strong><br />(+39 for winning)
|l|☆yoshispasta
|player|p1|
