|j|☆apotato135
|j|☆lolcano46
|t:|1758329094
|gametype|singles
|player|p1|apotato135|swimmer-gen4dp|1520
|player|p2|lolcano46|fisherman-gen4|1526
|gen|9
|tier|[Gen 9] OU
|rated|
|rule|HP Percentage Mod: HP is shown in percentages
|rule|Endless Battle Clause: Forcing endless battles is banned
|rule|Species Clause: Limit one of each Pokémon
|rule|OHKO Clause: OHKO moves are banned
|rule|Evasion Items Clause: Evasion items are banned
|rule|Evasion Moves Clause: Evasion moves are banned
|rule|Evasion Abilities Clause: Evasion abilities are banned
|rule|Sleep Moves Clause: Sleep-inducing moves are banned
|clearpoke
|poke|p1|Ninetales-Alola, M|
|poke|p1|Kyurem|
|poke|p1|Cloyster, F|
|poke|p1|Enamorus, F|
|poke|p1|Primeape, M|
|poke|p1|Iron Treads|
|poke|p2|Azelf|
|poke|p2|Ogerpon-Wellspring, F|
|poke|p2|Scizor, M|
|poke|p2|Gengar, M|
|poke|p2|Raging Bolt|
|poke|p2|Cinderace, F|
|teampreview
|inactive|Battle timer is ON: inactive players will automatically lose when time's up. (requested by lolcano46)
|inactive|apotato135 has 120 seconds left.
|
|t:|1758329125
|teamsize|p1|6
|teamsize|p2|6
|start
|switch|p1a: Kyurem|Kyurem|100/100
|switch|p2a: Cinderace|Cinderace, F|100/100
|-ability|p1a: Kyurem|Pressure
|turn|1
|
|t:|1758329131
|move|p2a: Cinderace|Will-O-Wisp|p1a: Kyurem
|-status|p1a: Kyurem|brn
|move|p1a: Kyurem|Dragon Dance|p1a: Kyurem
|-boost|p1a: Kyurem|atk|1
|-boost|p1a: Kyurem|spe|1
|
|-damage|p1a: Kyurem|94/100 brn|[from] brn
|upkeep
|turn|2
|
|t:|1758329136
|move|p1a: Kyurem|Scale Shot|p2a: Cinderace
|-damage|p2a: Cinderace|84/100
|-damage|p2a: Cinderace|70/100
|-damage|p2a: Cinderace|53/100
|-damage|p2a: Cinderace|38/100
|-damage|p2a: Cinderace|23/100
|-hitcount|p2a: Cinderace|5
|-unboost|p1a: Kyurem|def|1
|-boost|p1a: Kyurem|spe|1
|move|p2a: Cinderace|Pyro Ball|p1a: Kyurem
|-damage|p1a: Kyurem|7/100 brn
|
|-damage|p1a: Kyurem|1/100 brn|[from] brn
|upkeep
|turn|3
|
|t:|1758329141
|move|p2a: Cinderace|Sucker Punch|p1a: Kyurem
|-start|p2a: Cinderace|typechange|Dark|[from] ability: Libero
|-damage|p1a: Kyurem|0 fnt
|faint|p1a: Kyurem
|
|upkeep
|
|t:|1758329149
|switch|p1a: Iron Treads|Iron Treads|100/100
|-enditem|p1a: Iron Treads|Booster Energy
|-activate|p1a: Iron Treads|ability: Quark Drive|[fromitem]
|-start|p1a: Iron Treads|quarkdrivespe
|turn|4
|
|t:|1758329155
|move|p1a: Iron Treads|Earth Power|p2a: Cinderace
|-damage|p2a: Cinderace|0 fnt
|faint|p2a: Cinderace
|
|upkeep
|
|t:|1758329162
|switch|p2a: Azelf|Azelf|100/100
|turn|5
|
|t:|1758329167
|-terastallize|p2a: Azelf|Fairy
|move|p1a: Iron Treads|Stealth Rock|p2a: Azelf
|-sidestart|p2: lolcano46|move: Stealth Rock
|move|p2a: Azelf|Flamethrower|p1a: Iron Treads
|-supereffective|p1a: Iron Treads
|-damage|p1a: Iron Treads|0 fnt
|faint|p1a: Iron Treads
|-end|p1a: Iron Treads|Quark Drive|[silent]
|
|upkeep
|
|t:|1758329176
|switch|p1a: Ninetales|Ninetales-Alola, M|100/100
|-weather|Snowscape|[from] ability: Snow Warning|[of] p1a: Ninetales
|turn|6
|
|t:|1758329180
|move|p2a: Azelf|Flamethrower|p1a: Ninetales
|-supereffective|p1a: Ninetales
|-damage|p1a: Ninetales|32/100
|move|p1a: Ninetales|Aurora Veil|p1a: Ninetales
|-sidestart|p1: apotato135|move: Aurora Veil
|
|-weather|Snowscape|[upkeep]
|upkeep
|turn|7
|
|t:|1758329185
|switch|p1a: Primeape|Primeape, M|100/100
|move|p2a: Azelf|Flamethrower|p1a: Primeape
|-damage|p1a: Primeape|91/100
|
|-weather|Snowscape|[upkeep]
|upkeep
|turn|8
|
|t:|1758329188
|move|p2a: Azelf|Psychic|p1a: Primeape
|-supereffective|p1a: Primeape
|-damage|p1a: Primeape|57/100
|move|p1a: Primeape|Bulk Up|p1a: Primeape
|-boost|p1a: Primeape|atk|1
|-boost|p1a: Primeape|def|1
|
|-weather|Snowscape|[upkeep]
|upkeep
|turn|9
|
|t:|1758329195
|-terastallize|p1a: Primeape|Fire
|move|p2a: Azelf|Psychic|p1a: Primeape
|-damage|p1a: Primeape|43/100
|move|p1a: Primeape|Rage Fist|p2a: Azelf
|-damage|p2a: Azelf|0 fnt
|faint|p2a: Azelf
|
|-weather|Snowscape|[upkeep]
|upkeep
|
|t:|1758329206
|switch|p2a: Ogerpon|Ogerpon-Wellspring, F|100/100
|-damage|p2a: Ogerpon|88/100|[from] Stealth Rock
|turn|10
|
|t:|1758329209
|move|p2a: Ogerpon|Ivy Cudgel|p1a: Primeape|[anim] Ivy Cudgel Water
|-supereffective|p1a: Primeape
|-damage|p1a: Primeape|2/100
|move|p1a: Primeape|Rage Fist|p2a: Ogerpon
|-damage|p2a: Ogerpon|0 fnt
|faint|p2a: Ogerpon
|
|-weather|none
|upkeep
|
|t:|1758329216
|switch|p2a: Scizor|Scizor, M|100/100
|-damage|p2a: Scizor|88/100|[from] Stealth Rock
|turn|11
|
|t:|1758329221
|switch|p1a: Cloyster|Cloyster, F|100/100
|move|p2a: Scizor|Bullet Punch|p1a: Cloyster
|-crit|p1a: Cloyster
|-damage|p1a: Cloyster|53/100
|
|upkeep
|turn|12
|
|t:|1758329231
|move|p1a: Cloyster|Rock Blast|p2a: Scizor
|-damage|p2a: Scizor|79/100
|-damage|p2a: Scizor|70/100
|-damage|p2a: Scizor|61/100
|-damage|p2a: Scizor|52/100
|-damage|p2a: Scizor|43/100
|-hitcount|p2a: Scizor|5
|move|p2a: Scizor|Close Combat|p1a: Cloyster
|-supereffective|p1a: Cloyster
|-damage|p1a: Cloyster|18/100
|-unboost|p2a: Scizor|def|1
|-unboost|p2a: Scizor|spd|1
|
|upkeep
|turn|13
|
|t:|1758329238
|move|p1a: Cloyster|Ice Shard|p2a: Scizor
|-resisted|p2a: Scizor
|-damage|p2a: Scizor|24/100
|move|p2a: Scizor|Bullet Punch|p1a: Cloyster
|-damage|p1a: Cloyster|3/100
|
|-sideend|p1: apotato135|move: Aurora Veil
|upkeep
|turn|14
|
|t:|1758329246
|move|p1a: Cloyster|Ice Shard|p2a: Scizor
|-resisted|p2a: Scizor
|-damage|p2a: Scizor|5/100
|move|p2a: Scizor|Bullet Punch|p1a: Cloyster
|-damage|p1a: Cloyster|0 fnt
|faint|p1a: Cloyster
|
|upkeep
|
|t:|1758329255
|switch|p1a: Enamorus|Enamorus, F|100/100
|turn|15
|
|t:|1758329259
|move|p2a: Scizor|Bullet Punch|p1a: Enamorus
|-supereffective|p1a: Enamorus
|-damage|p1a: Enamorus|0 fnt
|faint|p1a: Enamorus
|
|upkeep
|
|t:|1758329261
|switch|p1a: Ninetales|Ninetales-Alola, M|32/100
|-weather|Snowscape|[from] ability: Snow Warning|[of] p1a: Ninetales
|turn|16
|-message|apotato135 forfeited.
|
|win|lolcano46
|raw|apotato135's rating: 1520 &rarr; <strong>1500</strong><br />(-20 for losing)
|raw|lolcano46's rating: 1526 &rarr; <strong>1546</strong><br />(+20 for winning)
|l|☆apotato135
|player|p1|
|l|☆lolcano46
|player|p2|
