|j|☆IASFAATG
|j|☆yaotaiwon
|t:|1758364322
|gametype|singles
|player|p1|IASFAATG|scientist-gen4dp|1150
|player|p2|yaotaiwon|102|1211
|gen|9
|tier|[Gen 9] OU
|rated|
|rule|HP Percentage Mod: HP is shown in percentages
|rule|Endless Battle Clause: Forcing endless battles is banned
|rule|Species Clause: Limit one of each Pokémon
|rule|OHKO Clause: OHKO moves are banned
|rule|Evasion Items Clause: Evasion items are banned
|rule|Evasion Moves Clause: Evasion moves are banned
|rule|Evasion Abilities Clause: Evasion abilities are banned
|rule|Sleep Moves Clause: Sleep-inducing moves are banned
|clearpoke
|poke|p1|Electrode-Hisui|
|poke|p1|Gallade, M|
|poke|p1|Slowking-Galar, F|
|poke|p1|Alomomola, M|
|poke|p1|Great Tusk|
|poke|p1|Landorus-Therian, M|
|poke|p2|Grimmsnarl, M|
|poke|p2|Dragapult, F|
|poke|p2|Sinistcha|
|poke|p2|Porygon-Z|
|poke|p2|Corviknight, M|
|poke|p2|Iron Valiant|
|teampreview
|
|t:|1758364325
|teamsize|p1|6
|teamsize|p2|6
|start
|switch|p1a: Slowking|Slowking-Galar, F|100/100
|switch|p2a: Grimmsnarl|Grimmsnarl, M|100/100
|turn|1
|
|t:|1758364332
|move|p2a: Grimmsnarl|Fake Out|p1a: Slowking
|-damage|p1a: Slowking|88/100
|cant|p1a: Slowking|flinch
|
|upkeep
|turn|2
|
|t:|1758364337
|move|p2a: Grimmsnarl|Light Screen|p2a: Grimmsnarl
|-sidestart|p2: yaotaiwon|move: Light Screen
|move|p1a: Slowking|Toxic|p2a: Grimmsnarl
|-status|p2a: Grimmsnarl|tox
|
|-damage|p2a: Grimmsnarl|94/100 tox|[from] psn
|upkeep
|turn|3
|
|t:|1758364346
|move|p2a: Grimmsnarl|Reflect|p2a: Grimmsnarl
|-sidestart|p2: yaotaiwon|Reflect
|move|p1a: Slowking|Future Sight|p2a: Grimmsnarl
|-start|p1a: Slowking|move: Future Sight
|
|-damage|p2a: Grimmsnarl|82/100 tox|[from] psn
|upkeep
|turn|4
|
|t:|1758364352
|move|p2a: Grimmsnarl|Parting Shot|p1a: Slowking
|-unboost|p1a: Slowking|atk|1
|-unboost|p1a: Slowking|spa|1
|
|t:|1758364358
|switch|p2a: Porygon-Z|Porygon-Z|100/100|[from] Parting Shot
|-ability|p2a: Porygon-Z|Download|boost
|-boost|p2a: Porygon-Z|atk|1
|move|p1a: Slowking|Toxic|p2a: Porygon-Z
|-status|p2a: Porygon-Z|tox
|
|-damage|p2a: Porygon-Z|94/100 tox|[from] psn
|upkeep
|turn|5
|
|t:|1758364368
|move|p2a: Porygon-Z|Agility|p2a: Porygon-Z
|-boost|p2a: Porygon-Z|spe|2
|-prepare|p1a: Slowking|Chilly Reception|[premajor]
|move|p1a: Slowking|Chilly Reception|p1a: Slowking
|-weather|Snowscape
|
|t:|1758364375
|switch|p1a: Gallade|Gallade, M, shiny|100/100|[from] Chilly Reception
|
|-weather|Snowscape|[upkeep]
|-end|p2a: Porygon-Z|move: Future Sight
|-damage|p2a: Porygon-Z|64/100 tox
|-damage|p2a: Porygon-Z|51/100 tox|[from] psn
|upkeep
|turn|6
|
|t:|1758364384
|move|p2a: Porygon-Z|Tri Attack|p1a: Gallade
|-damage|p1a: Gallade|52/100
|move|p1a: Gallade|Sacred Sword|p2a: Porygon-Z
|-supereffective|p2a: Porygon-Z
|-damage|p2a: Porygon-Z|0 fnt
|faint|p2a: Porygon-Z
|
|-weather|Snowscape|[upkeep]
|upkeep
|-message|yaotaiwon forfeited.
|
|win|IASFAATG
|raw|IASFAATG's rating: 1150 &rarr; <strong>1179</strong><br />(+29 for winning)
|raw|yaotaiwon's rating: 1211 &rarr; <strong>1182</strong><br />(-29 for losing)
|l|☆yaotaiwon
|player|p2|
