|j|☆MilkMaster3001
|j|☆banjin
|t:|1758289387
|gametype|singles
|player|p1|MilkMaster3001|chuck|1338
|player|p2|banjin|beauty-gen6xy|1363
|gen|9
|tier|[Gen 9] OU
|rated|
|rule|HP Percentage Mod: HP is shown in percentages
|rule|Endless Battle Clause: Forcing endless battles is banned
|rule|Species Clause: Limit one of each Pokémon
|rule|OHKO Clause: OHKO moves are banned
|rule|Evasion Items Clause: Evasion items are banned
|rule|Evasion Moves Clause: Evasion moves are banned
|rule|Evasion Abilities Clause: Evasion abilities are banned
|rule|Sleep Moves Clause: Sleep-inducing moves are banned
|clearpoke
|poke|p1|Kyurem|
|poke|p1|Garganacl, M|
|poke|p1|Cinderace, M|
|poke|p1|Dragapult, M|
|poke|p1|Kingambit, F|
|poke|p1|Hatterene, F|
|poke|p2|Minior-Blue|
|poke|p2|Lokix, F|
|poke|p2|Thundurus-Therian, M|
|poke|p2|Muk-Alola, F|
|poke|p2|Emboar, F|
|poke|p2|Ditto|
|teampreview
|inactive|Battle timer is ON: inactive players will automatically lose when time's up. (requested by banjin)
|
|t:|1758289397
|teamsize|p1|6
|teamsize|p2|6
|start
|switch|p1a: Garganacl|Garganacl, M|100/100
|switch|p2a: Beppo|Muk-Alola, F|100/100
|turn|1
|
|t:|1758289405
|move|p2a: Beppo|Knock Off|p1a: Garganacl
|-damage|p1a: Garganacl|75/100
|-enditem|p1a: Garganacl|Leftovers|[from] move: Knock Off|[of] p2a: Beppo
|move|p1a: Garganacl|Salt Cure|p2a: Beppo
|-damage|p2a: Beppo|87/100
|-start|p2a: Beppo|Salt Cure
|
|-damage|p2a: Beppo|74/100|[from] Salt Cure
|upkeep
|turn|2
|
|t:|1758289414
|switch|p2a: Paws|Thundurus-Therian, M|100/100
|move|p1a: Garganacl|Recover|p1a: Garganacl
|-heal|p1a: Garganacl|100/100
|
|upkeep
|turn|3
|
|t:|1758289427
|move|p2a: Paws|Grass Knot|p1a: Garganacl
|-supereffective|p1a: Garganacl
|-damage|p1a: Garganacl|6/100
|move|p1a: Garganacl|Salt Cure|p2a: Paws
|-supereffective|p2a: Paws
|-damage|p2a: Paws|56/100
|-start|p2a: Paws|Salt Cure
|
|-damage|p2a: Paws|44/100|[from] Salt Cure
|upkeep
|turn|4
|
|t:|1758289437
|move|p1a: Garganacl|Protect|p1a: Garganacl
|-singleturn|p1a: Garganacl|Protect
|move|p2a: Paws|Thunderbolt|p1a: Garganacl
|-activate|p1a: Garganacl|move: Protect
|
|-damage|p2a: Paws|32/100|[from] Salt Cure
|upkeep
|turn|5
|
|t:|1758289447
|switch|p1a: Hatterene|Hatterene, F|100/100
|move|p2a: Paws|Thunderbolt|p1a: Hatterene
|-damage|p1a: Hatterene|59/100
|-enditem|p1a: Hatterene|Eject Button
|
|t:|1758289468
|switch|p1a: Cinderace|Cinderace, M|100/100
|
|-damage|p2a: Paws|19/100|[from] Salt Cure
|upkeep
|turn|6
|
|t:|1758289476
|switch|p2a: Dragmire|Emboar, F, shiny|100/100
|move|p1a: Cinderace|U-turn|p2a: Dragmire
|-start|p1a: Cinderace|typechange|Bug|[from] ability: Libero
|-resisted|p2a: Dragmire
|-damage|p2a: Dragmire|89/100
|
|t:|1758289490
|switch|p1a: Hatterene|Hatterene, F|59/100|[from] U-turn
|
|upkeep
|turn|7
|
|t:|1758289498
|move|p2a: Dragmire|Flare Blitz|p1a: Hatterene
|-damage|p1a: Hatterene|0 fnt
|faint|p1a: Hatterene
|-damage|p2a: Dragmire|72/100|[from] Recoil
|
|upkeep
|
|t:|1758289515
|switch|p1a: Dragapult|Dragapult, M|100/100
|turn|8
|
|t:|1758289522
|move|p1a: Dragapult|Shadow Ball|p2a: Dragmire
|-damage|p2a: Dragmire|7/100
|move|p2a: Dragmire|Flare Blitz|p1a: Dragapult
|-resisted|p1a: Dragapult
|-damage|p1a: Dragapult|49/100
|-damage|p2a: Dragmire|0 fnt|[from] Recoil
|faint|p2a: Dragmire
|
|upkeep
|inactive|banjin has 120 seconds left.
|
|t:|1758289553
|switch|p2a: Beppo|Muk-Alola, F|74/100
|turn|9
|
|t:|1758289563
|switch|p1a: Garganacl|Garganacl, M|6/100
|move|p2a: Beppo|Drain Punch|p1a: Garganacl
|-supereffective|p1a: Garganacl
|-damage|p1a: Garganacl|0 fnt
|-heal|p2a: Beppo|77/100|[from] drain|[of] p1a: Garganacl
|faint|p1a: Garganacl
|
|upkeep
|
|t:|1758289580
|switch|p1a: Cinderace|Cinderace, M|100/100
|turn|10
|
|t:|1758289587
|switch|p2a: Paws|Thundurus-Therian, M|19/100
|move|p1a: Cinderace|High Jump Kick|p2a: Paws
|-start|p1a: Cinderace|typechange|Fighting|[from] ability: Libero
|-resisted|p2a: Paws
|-damage|p2a: Paws|0 fnt
|faint|p2a: Paws
|
|upkeep
|
|t:|1758289593
|switch|p2a: Mr. Brightside|Minior-Blue|100/100
|-formechange|p2a: Mr. Brightside|Minior-Meteor||[from] ability: Shields Down
|turn|11
|
|t:|1758289605
|-terastallize|p2a: Mr. Brightside|Ghost
|move|p1a: Cinderace|U-turn|p2a: Mr. Brightside
|-resisted|p2a: Mr. Brightside
|-damage|p2a: Mr. Brightside|87/100
|
|t:|1758289617
|switch|p1a: Dragapult|Dragapult, M|49/100|[from] U-turn
|move|p2a: Mr. Brightside|Shell Smash|p2a: Mr. Brightside
|-unboost|p2a: Mr. Brightside|def|1
|-unboost|p2a: Mr. Brightside|spd|1
|-boost|p2a: Mr. Brightside|atk|2
|-boost|p2a: Mr. Brightside|spa|2
|-boost|p2a: Mr. Brightside|spe|2
|-enditem|p2a: Mr. Brightside|White Herb
|-clearnegativeboost|p2a: Mr. Brightside|[silent]
|
|upkeep
|turn|12
|
|t:|1758289632
|move|p2a: Mr. Brightside|Acrobatics|p1a: Dragapult
|-damage|p1a: Dragapult|0 fnt
|faint|p1a: Dragapult
|
|upkeep
|
|t:|1758289637
|switch|p1a: Kingambit|Kingambit, F|100/100
|-activate|p1a: Kingambit|ability: Supreme Overlord
|-start|p1a: Kingambit|fallen3|[silent]
|turn|13
|
|t:|1758289643
|move|p1a: Kingambit|Sucker Punch||[still]
|-fail|p1a: Kingambit
|move|p2a: Mr. Brightside|Substitute|p2a: Mr. Brightside
|-start|p2a: Mr. Brightside|Substitute
|-damage|p2a: Mr. Brightside|62/100
|
|upkeep
|turn|14
|
|t:|1758289654
|move|p2a: Mr. Brightside|Shell Smash|p2a: Mr. Brightside
|-unboost|p2a: Mr. Brightside|def|1
|-unboost|p2a: Mr. Brightside|spd|1
|-boost|p2a: Mr. Brightside|atk|2
|-boost|p2a: Mr. Brightside|spa|2
|-boost|p2a: Mr. Brightside|spe|2
|move|p1a: Kingambit|Kowtow Cleave|p2a: Mr. Brightside
|-supereffective|p2a: Mr. Brightside
|-end|p2a: Mr. Brightside|Substitute
|
|upkeep
|turn|15
|
|t:|1758289664
|move|p2a: Mr. Brightside|Substitute|p2a: Mr. Brightside
|-start|p2a: Mr. Brightside|Substitute
|-damage|p2a: Mr. Brightside|37/100
|move|p1a: Kingambit|Kowtow Cleave|p2a: Mr. Brightside
|-supereffective|p2a: Mr. Brightside
|-end|p2a: Mr. Brightside|Substitute
|
|-formechange|p2a: Mr. Brightside|Minior-Blue||[from] ability: Shields Down
|upkeep
|turn|16
|
|t:|1758289675
|move|p1a: Kingambit|Sucker Punch||[still]
|-fail|p1a: Kingambit
|move|p2a: Mr. Brightside|Substitute|p2a: Mr. Brightside
|-start|p2a: Mr. Brightside|Substitute
|-damage|p2a: Mr. Brightside|12/100
|
|upkeep
|turn|17
|
|t:|1758289686
|move|p1a: Kingambit|Sucker Punch|p2a: Mr. Brightside
|-supereffective|p2a: Mr. Brightside
|-end|p2a: Mr. Brightside|Substitute
|move|p2a: Mr. Brightside|Earthquake|p1a: Kingambit
|-supereffective|p1a: Kingambit
|-damage|p1a: Kingambit|0 fnt
|faint|p1a: Kingambit
|-end|p1a: Kingambit|fallen3|[silent]
|
|upkeep
|
|t:|1758289695
|switch|p1a: Cinderace|Cinderace, M|100/100
|turn|18
|
|t:|1758289699
|move|p2a: Mr. Brightside|Acrobatics|p1a: Cinderace
|-damage|p1a: Cinderace|0 fnt
|faint|p1a: Cinderace
|
|upkeep
|-message|MilkMaster3001 forfeited.
|
|win|banjin
|raw|MilkMaster3001's rating: 1338 &rarr; <strong>1319</strong><br />(-19 for losing)
|raw|banjin's rating: 1363 &rarr; <strong>1382</strong><br />(+19 for winning)
|l|☆MilkMaster3001
|player|p1|
|l|☆banjin
|player|p2|
