|j|☆hrishi718
|j|☆ccncn123
|t:|1758344916
|gametype|singles
|player|p1|hrishi718|benga|1307
|player|p2|ccncn123|170|1337
|gen|9
|tier|[Gen 9] OU
|rated|
|rule|HP Percentage Mod: HP is shown in percentages
|rule|Endless Battle Clause: Forcing endless battles is banned
|rule|Species Clause: Limit one of each Pokémon
|rule|OHKO Clause: OHKO moves are banned
|rule|Evasion Items Clause: Evasion items are banned
|rule|Evasion Moves Clause: Evasion moves are banned
|rule|Evasion Abilities Clause: Evasion abilities are banned
|rule|Sleep Moves Clause: Sleep-inducing moves are banned
|clearpoke
|poke|p1|Ogerpon-Wellspring, F|
|poke|p1|Kingambit, M|
|poke|p1|Gholdengo|
|poke|p1|Landorus-Therian, M|
|poke|p1|Slowking-Galar, M|
|poke|p1|Iron Valiant|
|poke|p2|Gholdengo|
|poke|p2|Hydreigon, F|
|poke|p2|Moltres|
|poke|p2|Iron Treads|
|poke|p2|Alomomola, F|
|poke|p2|Samurott-Hisui, F|
|teampreview
|inactive|Battle timer is ON: inactive players will automatically lose when time's up. (requested by hrishi718)
|
|t:|1758344921
|teamsize|p1|6
|teamsize|p2|6
|start
|switch|p1a: Landorus|Landorus-Therian, M|100/100
|switch|p2a: Samurott|Samurott-Hisui, F|100/100
|-ability|p1a: Landorus|Intimidate|boost
|-unboost|p2a: Samurott|atk|1
|turn|1
|
|t:|1758344941
|switch|p2a: Moltres|Moltres|100/100
|move|p1a: Landorus|U-turn|p2a: Moltres
|-resisted|p2a: Moltres
|-damage|p2a: Moltres|97/100
|
|t:|1758344946
|switch|p1a: Ogerpon|Ogerpon-Wellspring, F|100/100|[from] U-turn
|
|upkeep
|turn|2
|
|t:|1758344954
|-terastallize|p2a: Moltres|Grass
|move|p1a: Ogerpon|Knock Off|p2a: Moltres
|-damage|p2a: Moltres|70/100
|-enditem|p2a: Moltres|Heavy-Duty Boots|[from] move: Knock Off|[of] p1a: Ogerpon
|move|p2a: Moltres|Hurricane|p1a: Ogerpon
|-supereffective|p1a: Ogerpon
|-damage|p1a: Ogerpon|1/100
|
|upkeep
|turn|3
|
|t:|1758344971
|switch|p1a: Slowking|Slowking-Galar, M|100/100
|switch|p2a: Alomomola|Alomomola, F|100/100
|
|upkeep
|turn|4
|
|t:|1758344978
|move|p2a: Alomomola|Wish|p2a: Alomomola
|-prepare|p1a: Slowking|Chilly Reception|[premajor]
|move|p1a: Slowking|Chilly Reception|p1a: Slowking
|-weather|Snowscape
|
|t:|1758345000
|switch|p1a: Ogerpon|Ogerpon-Wellspring, F|1/100|[from] Chilly Reception
|
|-weather|Snowscape|[upkeep]
|upkeep
|turn|5
|
|t:|1758345008
|move|p2a: Alomomola|Protect|p2a: Alomomola
|-singleturn|p2a: Alomomola|Protect
|move|p1a: Ogerpon|Power Whip|p2a: Alomomola
|-activate|p2a: Alomomola|move: Protect
|
|-weather|Snowscape|[upkeep]
|upkeep
|turn|6
|
|t:|1758345020
|switch|p2a: Moltres|Moltres, tera:Grass|70/100
|move|p1a: Ogerpon|Power Whip|p2a: Moltres
|-resisted|p2a: Moltres
|-damage|p2a: Moltres|46/100
|
|-weather|Snowscape|[upkeep]
|upkeep
|turn|7
|
|t:|1758345030
|switch|p1a: Slowking|Slowking-Galar, M|100/100
|switch|p2a: Alomomola|Alomomola, F|100/100
|
|-weather|Snowscape|[upkeep]
|upkeep
|turn|8
|
|t:|1758345039
|move|p2a: Alomomola|Wish|p2a: Alomomola
|move|p1a: Slowking|Future Sight|p2a: Alomomola
|-start|p1a: Slowking|move: Future Sight
|
|-weather|none
|upkeep
|turn|9
|
|t:|1758345045
|move|p2a: Alomomola|Flip Turn|p1a: Slowking
|-damage|p1a: Slowking|83/100
|
|t:|1758345047
|switch|p2a: Moltres|Moltres, tera:Grass|46/100|[from] Flip Turn
|-prepare|p1a: Slowking|Chilly Reception|[premajor]
|move|p1a: Slowking|Chilly Reception|p1a: Slowking
|-weather|Snowscape
|
|t:|1758345060
|switch|p1a: Landorus|Landorus-Therian, M|100/100|[from] Chilly Reception
|-ability|p1a: Landorus|Intimidate|boost
|-unboost|p2a: Moltres|atk|1
|
|-weather|Snowscape|[upkeep]
|-heal|p2a: Moltres|100/100|[from] move: Wish|[wisher] Alomomola
|upkeep
|turn|10
|
|t:|1758345071
|switch|p2a: Alomomola|Alomomola, F|100/100
|move|p1a: Landorus|Stealth Rock|p2a: Alomomola
|-sidestart|p2: ccncn123|move: Stealth Rock
|
|-weather|Snowscape|[upkeep]
|-end|p2a: Alomomola|move: Future Sight
|-damage|p2a: Alomomola|61/100
|upkeep
|turn|11
|
|t:|1758345083
|move|p1a: Landorus|Taunt|p2a: Alomomola
|-start|p2a: Alomomola|move: Taunt
|move|p2a: Alomomola|Play Rough|p1a: Landorus
|-damage|p1a: Landorus|88/100
|-damage|p2a: Alomomola|45/100|[from] item: Rocky Helmet|[of] p1a: Landorus
|
|-weather|Snowscape|[upkeep]
|upkeep
|turn|12
|
|t:|1758345093
|move|p1a: Landorus|U-turn|p2a: Alomomola
|-damage|p2a: Alomomola|31/100
|-damage|p1a: Landorus|71/100|[from] item: Rocky Helmet|[of] p2a: Alomomola
|
|t:|1758345102
|switch|p1a: Ogerpon|Ogerpon-Wellspring, F|1/100|[from] U-turn
|move|p2a: Alomomola|Flip Turn|p1a: Ogerpon
|-heal|p1a: Ogerpon|26/100|[from] ability: Water Absorb|[of] p2a: Alomomola
|
|-weather|Snowscape|[upkeep]
|upkeep
|turn|13
|c|☆ccncn123|Quick
|
|t:|1758345120
|switch|p2a: Moltres|Moltres, tera:Grass|100/100
|-damage|p2a: Moltres|88/100|[from] Stealth Rock
|move|p1a: Ogerpon|Swords Dance|p1a: Ogerpon
|-boost|p1a: Ogerpon|atk|2
|
|-weather|none
|upkeep
|turn|14
|
|t:|1758345139
|switch|p1a: Landorus|Landorus-Therian, M|71/100
|-ability|p1a: Landorus|Intimidate|boost
|-unboost|p2a: Moltres|atk|1
|switch|p2a: Alomomola|Alomomola, F|64/100
|-damage|p2a: Alomomola|51/100|[from] Stealth Rock
|
|upkeep
|turn|15
|
|t:|1758345157
|move|p1a: Landorus|Taunt|p2a: Alomomola
|-start|p2a: Alomomola|move: Taunt
|cant|p2a: Alomomola|move: Taunt|Wish
|
|upkeep
|turn|16
|
|t:|1758345168
|move|p1a: Landorus|U-turn|p2a: Alomomola
|-damage|p2a: Alomomola|37/100
|-damage|p1a: Landorus|55/100|[from] item: Rocky Helmet|[of] p2a: Alomomola
|
|t:|1758345175
|switch|p1a: Slowking|Slowking-Galar, M|100/100|[from] U-turn
|move|p2a: Alomomola|Play Rough|p1a: Slowking
|-resisted|p1a: Slowking
|-damage|p1a: Slowking|92/100
|
|upkeep
|turn|17
|
|t:|1758345184
|switch|p2a: Hydreigon|Hydreigon, F|100/100
|-damage|p2a: Hydreigon|88/100|[from] Stealth Rock
|move|p1a: Slowking|Future Sight|p2a: Hydreigon
|-start|p1a: Slowking|move: Future Sight
|
|upkeep
|turn|18
|
|t:|1758345193
|move|p2a: Hydreigon|Dark Pulse|p1a: Slowking
|-supereffective|p1a: Slowking
|-damage|p1a: Slowking|41/100
|move|p1a: Slowking|Ice Beam|p2a: Hydreigon
|-supereffective|p2a: Hydreigon
|-damage|p2a: Hydreigon|36/100
|
|upkeep
|turn|19
|
|t:|1758345202
|switch|p1a: Kingambit|Kingambit, M|100/100
|move|p2a: Hydreigon|Dark Pulse|p1a: Kingambit
|-resisted|p1a: Kingambit
|-damage|p1a: Kingambit|79/100
|
|-end|p2a: Hydreigon|move: Future Sight
|-immune|p2a: Hydreigon
|upkeep
|turn|20
|
|t:|1758345218
|switch|p2a: Iron Treads|Iron Treads|100/100
|-damage|p2a: Iron Treads|97/100|[from] Stealth Rock
|-item|p2a: Iron Treads|Air Balloon
|move|p1a: Kingambit|Kowtow Cleave|p2a: Iron Treads
|-damage|p2a: Iron Treads|56/100
|-enditem|p2a: Iron Treads|Air Balloon
|
|upkeep
|turn|21
|
|t:|1758345231
|-end|p1a: Kingambit|fallenundefined|[silent]
|switch|p1a: Gholdengo|Gholdengo|100/100
|-item|p1a: Gholdengo|Air Balloon
|move|p2a: Iron Treads|Stealth Rock|p1a: Gholdengo
|-sidestart|p1: hrishi718|move: Stealth Rock
|
|upkeep
|turn|22
|
|t:|1758345240
|-end|p2a: Iron Treads|Quark Drive|[silent]
|switch|p2a: Moltres|Moltres, tera:Grass|88/100
|-damage|p2a: Moltres|75/100|[from] Stealth Rock
|move|p1a: Gholdengo|Nasty Plot|p1a: Gholdengo
|-boost|p1a: Gholdengo|spa|2
|
|upkeep
|turn|23
|
|t:|1758345256
|move|p1a: Gholdengo|Shadow Ball|p2a: Moltres
|-damage|p2a: Moltres|2/100
|move|p2a: Moltres|Flamethrower|p1a: Gholdengo
|-supereffective|p1a: Gholdengo
|-damage|p1a: Gholdengo|29/100
|-enditem|p1a: Gholdengo|Air Balloon
|
|upkeep
|turn|24
|
|t:|1758345265
|move|p1a: Gholdengo|Shadow Ball|p2a: Moltres
|-damage|p2a: Moltres|0 fnt
|faint|p2a: Moltres
|
|upkeep
|
|t:|1758345268
|switch|p2a: Hydreigon|Hydreigon, F|36/100
|-damage|p2a: Hydreigon|24/100|[from] Stealth Rock
|turn|25
|
|t:|1758345284
|switch|p1a: Slowking|Slowking-Galar, M|75/100
|move|p2a: Hydreigon|Earth Power|p1a: Slowking
|-supereffective|p1a: Slowking
|-damage|p1a: Slowking|35/100
|
|upkeep
|turn|26
|
|t:|1758345296
|switch|p2a: Iron Treads|Iron Treads|56/100
|-damage|p2a: Iron Treads|53/100|[from] Stealth Rock
|switch|p1a: Landorus|Landorus-Therian, M|55/100
|-damage|p1a: Landorus|42/100|[from] Stealth Rock
|-ability|p1a: Landorus|Intimidate|boost
|-unboost|p2a: Iron Treads|atk|1
|
|upkeep
|turn|27
|
|t:|1758345307
|move|p2a: Iron Treads|Rapid Spin|p1a: Landorus
|-damage|p1a: Landorus|36/100
|-boost|p2a: Iron Treads|spe|1
|-damage|p2a: Iron Treads|36/100|[from] item: Rocky Helmet|[of] p1a: Landorus
|-sideend|p2: ccncn123|Stealth Rock|[from] move: Rapid Spin|[of] p2a: Iron Treads
|move|p1a: Landorus|Earthquake|p2a: Iron Treads
|-supereffective|p2a: Iron Treads
|-damage|p2a: Iron Treads|0 fnt
|faint|p2a: Iron Treads
|-end|p2a: Iron Treads|Quark Drive|[silent]
|
|upkeep
|
|t:|1758345310
|switch|p2a: Hydreigon|Hydreigon, F|24/100
|turn|28
|
|t:|1758345323
|switch|p1a: Kingambit|Kingambit, M|79/100
|-damage|p1a: Kingambit|73/100|[from] Stealth Rock
|move|p2a: Hydreigon|Dark Pulse|p1a: Kingambit
|-resisted|p1a: Kingambit
|-damage|p1a: Kingambit|51/100
|
|upkeep
|turn|29
|
|t:|1758345334
|switch|p2a: Alomomola|Alomomola, F|71/100
|move|p1a: Kingambit|Swords Dance|p1a: Kingambit
|-boost|p1a: Kingambit|atk|2
|
|upkeep
|turn|30
|
|t:|1758345344
|move|p2a: Alomomola|Flip Turn|p1a: Kingambit
|-crit|p1a: Kingambit
|-damage|p1a: Kingambit|33/100
|
|t:|1758345348
|switch|p2a: Samurott|Samurott-Hisui, F|100/100|[from] Flip Turn
|move|p1a: Kingambit|Kowtow Cleave|p2a: Samurott
|-resisted|p2a: Samurott
|-damage|p2a: Samurott|25/100
|
|upkeep
|turn|31
|
|t:|1758345362
|switch|p2a: Alomomola|Alomomola, F|100/100
|move|p1a: Kingambit|Sucker Punch||[still]
|-fail|p1a: Kingambit
|
|upkeep
|turn|32
|
|t:|1758345369
|move|p2a: Alomomola|Wish|p2a: Alomomola
|move|p1a: Kingambit|Kowtow Cleave|p2a: Alomomola
|-damage|p2a: Alomomola|29/100
|-damage|p1a: Kingambit|17/100|[from] item: Rocky Helmet|[of] p2a: Alomomola
|
|upkeep
|turn|33
|
|t:|1758345376
|move|p2a: Alomomola|Protect|p2a: Alomomola
|-singleturn|p2a: Alomomola|Protect
|move|p1a: Kingambit|Swords Dance|p1a: Kingambit
|-boost|p1a: Kingambit|atk|2
|
|-heal|p2a: Alomomola|79/100|[from] move: Wish|[wisher] Alomomola
|upkeep
|turn|34
|
|t:|1758345390
|move|p1a: Kingambit|Sucker Punch|p2a: Alomomola
|-damage|p2a: Alomomola|0 fnt
|-damage|p1a: Kingambit|0 fnt|[from] item: Rocky Helmet|[of] p2a: Alomomola
|faint|p2a: Alomomola
|faint|p1a: Kingambit
|-end|p1a: Kingambit|fallenundefined|[silent]
|
|upkeep
|
|t:|1758345410
|switch|p2a: Samurott|Samurott-Hisui, F|25/100
|switch|p1a: Ogerpon|Ogerpon-Wellspring, F|26/100
|-damage|p1a: Ogerpon|13/100|[from] Stealth Rock
|turn|35
|
|t:|1758345418
|move|p2a: Samurott|Sucker Punch|p1a: Ogerpon
|-crit|p1a: Ogerpon
|-damage|p1a: Ogerpon|0 fnt
|faint|p1a: Ogerpon
|
|upkeep
|
|t:|1758345424
|switch|p1a: Landorus|Landorus-Therian, M|36/100
|-damage|p1a: Landorus|24/100|[from] Stealth Rock
|-ability|p1a: Landorus|Intimidate|boost
|-unboost|p2a: Samurott|atk|1
|turn|36
|
|t:|1758345431
|move|p2a: Samurott|Aqua Cutter|p1a: Landorus
|-supereffective|p1a: Landorus
|-damage|p1a: Landorus|0 fnt
|faint|p1a: Landorus
|
|upkeep
|
|t:|1758345436
|switch|p1a: Iron Valiant|Iron Valiant|100/100
|-damage|p1a: Iron Valiant|94/100|[from] Stealth Rock
|turn|37
|
|t:|1758345445
|switch|p2a: Gholdengo|Gholdengo|100/100
|-item|p2a: Gholdengo|Air Balloon
|move|p1a: Iron Valiant|Moonblast|p2a: Gholdengo
|-resisted|p2a: Gholdengo
|-crit|p2a: Gholdengo
|-damage|p2a: Gholdengo|64/100
|-enditem|p2a: Gholdengo|Air Balloon
|
|upkeep
|turn|38
|
|t:|1758345455
|-end|p1a: Iron Valiant|Quark Drive|[silent]
|switch|p1a: Slowking|Slowking-Galar, M|68/100
|move|p2a: Gholdengo|Recover|p2a: Gholdengo
|-heal|p2a: Gholdengo|100/100
|
|upkeep
|turn|39
|
|t:|1758345465
|move|p2a: Gholdengo|Shadow Ball|p1a: Slowking
|-supereffective|p1a: Slowking
|-damage|p1a: Slowking|24/100
|move|p1a: Slowking|Future Sight|p2a: Gholdengo
|-start|p1a: Slowking|move: Future Sight
|
|upkeep
|turn|40
|
|t:|1758345473
|move|p2a: Gholdengo|Shadow Ball|p1a: Slowking
|-supereffective|p1a: Slowking
|-damage|p1a: Slowking|0 fnt
|faint|p1a: Slowking
|
|upkeep
|
|t:|1758345479
|switch|p1a: Gholdengo|Gholdengo|29/100
|-damage|p1a: Gholdengo|23/100|[from] Stealth Rock
|turn|41
|
|t:|1758345491
|switch|p2a: Samurott|Samurott-Hisui, F|25/100
|move|p1a: Gholdengo|Shadow Ball|p2a: Samurott
|-resisted|p2a: Samurott
|-damage|p2a: Samurott|0 fnt
|faint|p2a: Samurott
|
|-hint|Future Sight did not hit because the target is fainted.
|upkeep
|
|t:|1758345499
|switch|p2a: Hydreigon|Hydreigon, F|24/100
|turn|42
|
|t:|1758345505
|switch|p1a: Iron Valiant|Iron Valiant|94/100
|-damage|p1a: Iron Valiant|88/100|[from] Stealth Rock
|move|p2a: Hydreigon|Earth Power|p1a: Iron Valiant
|-damage|p1a: Iron Valiant|32/100
|
|upkeep
|turn|43
|
|t:|1758345523
|-terastallize|p1a: Iron Valiant|Fairy
|move|p1a: Iron Valiant|Moonblast|p2a: Hydreigon
|-supereffective|p2a: Hydreigon
|-damage|p2a: Hydreigon|0 fnt
|faint|p2a: Hydreigon
|
|upkeep
|
|t:|1758345528
|switch|p2a: Gholdengo|Gholdengo|100/100
|turn|44
|
|t:|1758345534
|move|p1a: Iron Valiant|Moonblast|p2a: Gholdengo
|-resisted|p2a: Gholdengo
|-damage|p2a: Gholdengo|72/100
|-unboost|p2a: Gholdengo|spa|1
|move|p2a: Gholdengo|Shadow Ball|p1a: Iron Valiant
|-damage|p1a: Iron Valiant|0 fnt
|faint|p1a: Iron Valiant
|-end|p1a: Iron Valiant|Quark Drive|[silent]
|
|upkeep
|
|t:|1758345543
|switch|p1a: Gholdengo|Gholdengo|23/100
|-damage|p1a: Gholdengo|17/100|[from] Stealth Rock
|turn|45
|
|t:|1758345549
|move|p1a: Gholdengo|Recover|p1a: Gholdengo
|-heal|p1a: Gholdengo|67/100
|move|p2a: Gholdengo|Shadow Ball|p1a: Gholdengo
|-supereffective|p1a: Gholdengo
|-damage|p1a: Gholdengo|20/100
|
|upkeep
|turn|46
|
|t:|1758345560
|move|p1a: Gholdengo|Shadow Ball|p2a: Gholdengo
|-supereffective|p2a: Gholdengo
|-damage|p2a: Gholdengo|2/100
|move|p2a: Gholdengo|Shadow Ball|p1a: Gholdengo
|-supereffective|p1a: Gholdengo
|-damage|p1a: Gholdengo|0 fnt
|faint|p1a: Gholdengo
|
|win|ccncn123
|raw|hrishi718's rating: 1307 &rarr; <strong>1289</strong><br />(-18 for losing)
|raw|ccncn123's rating: 1337 &rarr; <strong>1355</strong><br />(+18 for winning)
|l|☆ccncn123
|player|p2|
|l|☆hrishi718
|player|p1|
