|j|☆lolcano46
|j|☆CrestoftheCondor
|t:|1758232995
|gametype|singles
|player|p1|lolcano46|fisherman-gen4|1548
|player|p2|CrestoftheCondor|dragontamer|1604
|gen|9
|tier|[Gen 9] OU
|rated|
|rule|HP Percentage Mod: HP is shown in percentages
|rule|Endless Battle Clause: Forcing endless battles is banned
|rule|Species Clause: Limit one of each Pokémon
|rule|OHKO Clause: OHKO moves are banned
|rule|Evasion Items Clause: Evasion items are banned
|rule|Evasion Moves Clause: Evasion moves are banned
|rule|Evasion Abilities Clause: Evasion abilities are banned
|rule|Sleep Moves Clause: Sleep-inducing moves are banned
|clearpoke
|poke|p1|Azelf|
|poke|p1|Ogerpon-Wellspring, F|
|poke|p1|Scizor, M|
|poke|p1|Gengar, M|
|poke|p1|Raging Bolt|
|poke|p1|Cinderace, M|
|poke|p2|Torkoal, F|
|poke|p2|Scovillain, M|
|poke|p2|Walking Wake|
|poke|p2|Hatterene, F|
|poke|p2|Great Tusk|
|poke|p2|Ceruledge, F|
|teampreview
|inactive|Battle timer is ON: inactive players will automatically lose when time's up. (requested by CrestoftheCondor)
|inactive|lolcano46 also wants the timer to be on.
|j| ZambiaZard
|
|t:|1758233013
|teamsize|p1|6
|teamsize|p2|6
|start
|switch|p1a: Gengar|Gengar, M|100/100
|switch|p2a: Torkoal|Torkoal, F|100/100
|-weather|SunnyDay|[from] ability: Drought|[of] p2a: Torkoal
|turn|1
|
|t:|1758233029
|move|p1a: Gengar|Trick|p2a: Torkoal
|-activate|p1a: Gengar|move: Trick|[of] p2a: Torkoal
|-item|p2a: Torkoal|Choice Scarf|[from] move: Trick
|-item|p1a: Gengar|Heat Rock|[from] move: Trick
|move|p2a: Torkoal|Stealth Rock|p1a: Gengar
|-sidestart|p1: lolcano46|move: Stealth Rock
|
|-weather|SunnyDay|[upkeep]
|upkeep
|turn|2
|
|t:|1758233036
|switch|p2a: Hatterene|Hatterene, F, shiny|100/100
|move|p1a: Gengar|Thunder Wave|p2a: Hatterene
|move|p2a: Hatterene|Thunder Wave|p1a: Gengar|[from] ability: Magic Bounce
|-status|p1a: Gengar|par
|
|-weather|SunnyDay|[upkeep]
|upkeep
|turn|3
|
|t:|1758233058
|move|p1a: Gengar|Sludge Bomb|p2a: Hatterene
|-supereffective|p2a: Hatterene
|-damage|p2a: Hatterene|10/100
|-enditem|p2a: Hatterene|Eject Button
|inactive|CrestoftheCondor has 120 seconds left.
|
|t:|1758233093
|switch|p2a: Ceruledge|Ceruledge, F|100/100
|
|-weather|SunnyDay|[upkeep]
|upkeep
|turn|4
|
|t:|1758233098
|move|p2a: Ceruledge|Swords Dance|p2a: Ceruledge
|-boost|p2a: Ceruledge|atk|2
|move|p1a: Gengar|Sludge Bomb|p2a: Ceruledge
|-resisted|p2a: Ceruledge
|-damage|p2a: Ceruledge|75/100
|
|-weather|SunnyDay|[upkeep]
|upkeep
|turn|5
|
|t:|1758233107
|move|p2a: Ceruledge|Bitter Blade|p1a: Gengar
|-damage|p1a: Gengar|0 fnt
|-heal|p2a: Ceruledge|100/100|[from] drain|[of] p1a: Gengar
|faint|p1a: Gengar
|
|-weather|SunnyDay|[upkeep]
|upkeep
|
|t:|1758233110
|switch|p1a: Raging Bolt|Raging Bolt|100/100
|-damage|p1a: Raging Bolt|88/100|[from] Stealth Rock
|-activate|p1a: Raging Bolt|ability: Protosynthesis
|-start|p1a: Raging Bolt|protosynthesisspa
|turn|6
|inactive|CrestoftheCondor has 120 seconds left.
|
|t:|1758233131
|move|p2a: Ceruledge|Bitter Blade|p1a: Raging Bolt
|-resisted|p1a: Raging Bolt
|-damage|p1a: Raging Bolt|17/100
|move|p1a: Raging Bolt|Dragon Pulse|p2a: Ceruledge
|-damage|p2a: Ceruledge|24/100
|
|-weather|SunnyDay|[upkeep]
|upkeep
|turn|7
|inactive|lolcano46 has 120 seconds left.
|
|t:|1758233180
|move|p2a: Ceruledge|Shadow Sneak|p1a: Raging Bolt
|-damage|p1a: Raging Bolt|0 fnt
|faint|p1a: Raging Bolt
|-end|p1a: Raging Bolt|Protosynthesis|[silent]
|
|-weather|SunnyDay|[upkeep]
|upkeep
|
|t:|1758233196
|switch|p1a: Cinderace|Cinderace, M|100/100
|turn|8
|inactive|CrestoftheCondor has 120 seconds left.
|
|t:|1758233209
|move|p1a: Cinderace|Sucker Punch|p2a: Ceruledge
|-start|p1a: Cinderace|typechange|Dark|[from] ability: Libero
|-supereffective|p2a: Ceruledge
|-damage|p2a: Ceruledge|0 fnt
|faint|p2a: Ceruledge
|
|-weather|none
|upkeep
|
|t:|1758233221
|switch|p2a: Torkoal|Torkoal, F|100/100
|-weather|SunnyDay|[from] ability: Drought|[of] p2a: Torkoal
|turn|9
|
|t:|1758233242
|switch|p2a: Hatterene|Hatterene, F, shiny|10/100
|move|p1a: Cinderace|Court Change|p1a: Cinderace
|-swapsideconditions
|-activate|p1a: Cinderace|move: Court Change
|
|-weather|SunnyDay|[upkeep]
|upkeep
|turn|10
|inactive|lolcano46 has 120 seconds left.
|
|t:|1758233251
|move|p1a: Cinderace|Pyro Ball|p2a: Hatterene
|-damage|p2a: Hatterene|0 fnt
|faint|p2a: Hatterene
|
|-weather|SunnyDay|[upkeep]
|upkeep
|
|t:|1758233261
|switch|p2a: Don|Great Tusk, shiny|100/100
|-damage|p2a: Don|98/100|[from] Stealth Rock
|-activate|p2a: Don|ability: Protosynthesis
|-start|p2a: Don|protosynthesisatk
|turn|11
|
|t:|1758233267
|-terastallize|p1a: Cinderace|Ghost
|move|p1a: Cinderace|Will-O-Wisp|p2a: Don|[miss]
|-miss|p1a: Cinderace|p2a: Don
|move|p2a: Don|Rapid Spin|p1a: Cinderace
|-immune|p1a: Cinderace
|
|-weather|SunnyDay|[upkeep]
|upkeep
|turn|12
|
|t:|1758233278
|move|p1a: Cinderace|Will-O-Wisp|p2a: Don
|-status|p2a: Don|brn
|move|p2a: Don|Temper Flare|p1a: Cinderace
|-damage|p1a: Cinderace|20/100
|
|-weather|SunnyDay|[upkeep]
|-damage|p2a: Don|91/100 brn|[from] brn
|upkeep
|turn|13
|
|t:|1758233293
|move|p1a: Cinderace|Pyro Ball|p2a: Don
|-damage|p2a: Don|48/100 brn
|move|p2a: Don|Temper Flare|p1a: Cinderace
|-damage|p1a: Cinderace|0 fnt
|faint|p1a: Cinderace
|
|-weather|none
|-end|p2a: Don|Protosynthesis
|-damage|p2a: Don|41/100 brn|[from] brn
|upkeep
|
|t:|1758233305
|switch|p1a: Ogerpon|Ogerpon-Wellspring, F|100/100
|turn|14
|inactive|CrestoftheCondor has 120 seconds left.
|
|t:|1758233312
|move|p1a: Ogerpon|Ivy Cudgel|p2a: Don|[anim] Ivy Cudgel Water
|-supereffective|p2a: Don
|-damage|p2a: Don|0 fnt
|faint|p2a: Don
|-end|p2a: Don|Protosynthesis|[silent]
|
|upkeep
|inactive|CrestoftheCondor has 120 seconds left.
|
|t:|1758233318
|switch|p2a: Torkoal|Torkoal, F|100/100
|-damage|p2a: Torkoal|76/100|[from] Stealth Rock
|-weather|SunnyDay|[from] ability: Drought|[of] p2a: Torkoal
|turn|15
|inactive|CrestoftheCondor has 120 seconds left.
|
|t:|1758233338
|-terastallize|p2a: Torkoal|Fairy
|move|p1a: Ogerpon|Swords Dance|p1a: Ogerpon
|-boost|p1a: Ogerpon|atk|2
|move|p2a: Torkoal|Flamethrower|p1a: Ogerpon
|-damage|p1a: Ogerpon|37/100
|
|-weather|SunnyDay|[upkeep]
|upkeep
|turn|16
|inactive|CrestoftheCondor has 120 seconds left.
|
|t:|1758233345
|move|p1a: Ogerpon|Horn Leech|p2a: Torkoal
|-damage|p2a: Torkoal|8/100
|-heal|p1a: Ogerpon|72/100|[from] drain|[of] p2a: Torkoal
|move|p2a: Torkoal|Flamethrower|p1a: Ogerpon
|-damage|p1a: Ogerpon|3/100
|
|-weather|SunnyDay|[upkeep]
|upkeep
|turn|17
|
|t:|1758233357
|move|p1a: Ogerpon|Horn Leech|p2a: Torkoal
|-damage|p2a: Torkoal|0 fnt
|-heal|p1a: Ogerpon|7/100|[from] drain|[of] p2a: Torkoal
|faint|p2a: Torkoal
|
|-weather|SunnyDay|[upkeep]
|upkeep
|
|t:|1758233359
|switch|p2a: Scovillain|Scovillain, M|100/100
|-damage|p2a: Scovillain|76/100|[from] Stealth Rock
|turn|18
|
|t:|1758233368
|switch|p1a: Scizor|Scizor, M|100/100
|move|p2a: Scovillain|Flamethrower|p1a: Scizor
|-supereffective|p1a: Scizor
|-damage|p1a: Scizor|0 fnt
|faint|p1a: Scizor
|-damage|p2a: Scovillain|66/100|[from] item: Life Orb
|
|-weather|SunnyDay|[upkeep]
|upkeep
|
|t:|1758233375
|switch|p1a: Ogerpon|Ogerpon-Wellspring, F|7/100
|turn|19
|
|t:|1758233379
|move|p2a: Scovillain|Flamethrower|p1a: Ogerpon
|-damage|p1a: Ogerpon|0 fnt
|faint|p1a: Ogerpon
|-damage|p2a: Scovillain|56/100|[from] item: Life Orb
|
|-weather|none
|upkeep
|
|t:|1758233381
|switch|p1a: Azelf|Azelf|100/100
|turn|20
|
|t:|1758233385
|move|p1a: Azelf|Psychic|p2a: Scovillain
|-damage|p2a: Scovillain|0 fnt
|faint|p2a: Scovillain
|
|upkeep
|
|t:|1758233387
|switch|p2a: Walking Wake|Walking Wake|100/100
|-damage|p2a: Walking Wake|88/100|[from] Stealth Rock
|turn|21
|
|t:|1758233391
|move|p1a: Azelf|Dazzling Gleam|p2a: Walking Wake
|-supereffective|p2a: Walking Wake
|-damage|p2a: Walking Wake|9/100
|move|p2a: Walking Wake|Draco Meteor|p1a: Azelf
|-damage|p1a: Azelf|0 fnt
|-unboost|p2a: Walking Wake|spa|2
|faint|p1a: Azelf
|
|win|CrestoftheCondor
|raw|lolcano46's rating: 1548 &rarr; <strong>1531</strong><br />(-17 for losing)
|raw|CrestoftheCondor's rating: 1604 &rarr; <strong>1621</strong><br />(+17 for winning)
|l|☆lolcano46
|player|p1|
|l|☆CrestoftheCondor
|player|p2|
|l| ZambiaZard
