|j|☆Tyronejjontavious2
|j|☆1epik ✧
|t:|1758369518
|gametype|singles
|player|p1|Tyronejjontavious2|wikstrom|1345
|player|p2|1epik ✧|emma|1403
|gen|9
|tier|[Gen 9] OU
|rated|
|rule|HP Percentage Mod: HP is shown in percentages
|rule|Endless Battle Clause: Forcing endless battles is banned
|rule|Species Clause: Limit one of each Pokémon
|rule|OHKO Clause: OHKO moves are banned
|rule|Evasion Items Clause: Evasion items are banned
|rule|Evasion Moves Clause: Evasion moves are banned
|rule|Evasion Abilities Clause: Evasion abilities are banned
|rule|Sleep Moves Clause: Sleep-inducing moves are banned
|clearpoke
|poke|p1|Keldeo-Resolute|
|poke|p1|Houndstone, M|
|poke|p1|Kingambit, F|
|poke|p1|Gliscor, F|
|poke|p1|Pawmot, M|
|poke|p1|Tentacruel, F|
|poke|p2|Samurott-Hisui, M|
|poke|p2|Iron Treads|
|poke|p2|Enamorus, F|
|poke|p2|Zamazenta-*|
|poke|p2|Ogerpon-Wellspring, F|
|poke|p2|Pecharunt|
|teampreview
|inactive|Battle timer is ON: inactive players will automatically lose when time's up. (requested by Tyronejjontavious2)
|c|☆1epik ✧|what a weird team
|c|☆Tyronejjontavious2|thank you very much
|c|☆1epik ✧|your welcome
|inactive|Tyronejjontavious2 has 120 seconds left.
|
|t:|1758369550
|teamsize|p1|6
|teamsize|p2|6
|start
|switch|p1a: Keldeo|Keldeo-Resolute|100/100
|switch|p2a: Ogerpon|Ogerpon-Wellspring, F|100/100
|turn|1
|
|t:|1758369558
|switch|p1a: Houndstone|Houndstone, M|100/100
|move|p2a: Ogerpon|Knock Off|p1a: Houndstone
|-supereffective|p1a: Houndstone
|-damage|p1a: Houndstone|69/100
|-enditem|p1a: Houndstone|Leftovers|[from] move: Knock Off|[of] p2a: Ogerpon
|
|upkeep
|turn|2
|c|☆1epik ✧|i'm very confused
|c|☆Tyronejjontavious2|how come
|
|t:|1758369578
|move|p2a: Ogerpon|U-turn|p1a: Houndstone
|-resisted|p1a: Houndstone
|-damage|p1a: Houndstone|64/100
|
|t:|1758369581
|switch|p2a: Samurott|Samurott-Hisui, M|100/100|[from] U-turn
|move|p1a: Houndstone|Will-O-Wisp|p2a: Samurott|[miss]
|-miss|p1a: Houndstone|p2a: Samurott
|
|upkeep
|turn|3
|c|☆1epik ✧|Why houndstone?
|c|☆1epik ✧|oh
|c|☆1epik ✧|oh okay i see now
|
|t:|1758369594
|switch|p1a: Keldeo|Keldeo-Resolute|100/100
|move|p2a: Samurott|Ceaseless Edge|p1a: Keldeo
|-resisted|p1a: Keldeo
|-damage|p1a: Keldeo|79/100
|-ability|p1a: Keldeo|Justified|boost
|-boost|p1a: Keldeo|atk|1
|-sidestart|p1: Tyronejjontavious2|Spikes
|
|-heal|p1a: Keldeo|85/100|[from] item: Leftovers
|upkeep
|turn|4
|c|☆Tyronejjontavious2|shits bulky asl
|c|☆Tyronejjontavious2|and i wanted to use some different mons
|c|☆1epik ✧|fair fair
|
|t:|1758369617
|switch|p2a: Pecharunt|Pecharunt|100/100
|move|p1a: Keldeo|Substitute|p1a: Keldeo
|-start|p1a: Keldeo|Substitute
|-damage|p1a: Keldeo|60/100
|
|-heal|p1a: Keldeo|66/100|[from] item: Leftovers
|upkeep
|turn|5
|
|t:|1758369622
|move|p1a: Keldeo|Calm Mind|p1a: Keldeo
|-boost|p1a: Keldeo|spa|1
|-boost|p1a: Keldeo|spd|1
|move|p2a: Pecharunt|Shadow Ball|p1a: Keldeo
|-activate|p1a: Keldeo|move: Substitute|[damage]
|
|-heal|p1a: Keldeo|73/100|[from] item: Leftovers
|upkeep
|turn|6
|
|t:|1758369632
|move|p1a: Keldeo|Surf|p2a: Pecharunt
|-damage|p2a: Pecharunt|43/100
|move|p2a: Pecharunt|Parting Shot|p1a: Keldeo
|-unboost|p1a: Keldeo|atk|1
|-unboost|p1a: Keldeo|spa|1
|
|t:|1758369656
|switch|p2a: Ogerpon|Ogerpon-Wellspring, F|100/100|[from] Parting Shot
|
|-heal|p1a: Keldeo|79/100|[from] item: Leftovers
|upkeep
|turn|7
|
|t:|1758369664
|move|p2a: Ogerpon|Ivy Cudgel|p1a: Keldeo|[anim] Ivy Cudgel Water
|-resisted|p1a: Keldeo
|-end|p1a: Keldeo|Substitute
|move|p1a: Keldeo|Secret Sword|p2a: Ogerpon
|-damage|p2a: Ogerpon|54/100
|
|-heal|p1a: Keldeo|85/100|[from] item: Leftovers
|upkeep
|turn|8
|
|t:|1758369682
|switch|p1a: Kingambit|Kingambit, F|100/100
|-damage|p1a: Kingambit|88/100|[from] Spikes
|move|p2a: Ogerpon|Ivy Cudgel|p1a: Kingambit|[anim] Ivy Cudgel Water
|-damage|p1a: Kingambit|39/100
|
|-heal|p1a: Kingambit|45/100|[from] item: Leftovers
|upkeep
|turn|9
|
|t:|1758369688
|switch|p2a: Zamazenta|Zamazenta|100/100
|-ability|p2a: Zamazenta|Dauntless Shield|boost
|-boost|p2a: Zamazenta|def|1
|move|p1a: Kingambit|Sucker Punch||[still]
|-fail|p1a: Kingambit
|
|-heal|p1a: Kingambit|51/100|[from] item: Leftovers
|upkeep
|turn|10
|
|t:|1758369692
|-end|p1a: Kingambit|fallenundefined|[silent]
|switch|p1a: Houndstone|Houndstone, M|64/100
|-damage|p1a: Houndstone|52/100|[from] Spikes
|move|p2a: Zamazenta|Crunch|p1a: Houndstone
|-supereffective|p1a: Houndstone
|-damage|p1a: Houndstone|34/100
|-unboost|p1a: Houndstone|def|1
|
|upkeep
|turn|11
|c|☆1epik ✧|damn
|c|☆Tyronejjontavious2|lol
|c|☆1epik ✧|Fluffy carrying hard
|
|t:|1758369706
|move|p2a: Zamazenta|Crunch|p1a: Houndstone
|-supereffective|p1a: Houndstone
|-damage|p1a: Houndstone|9/100
|move|p1a: Houndstone|Pain Split|p2a: Zamazenta
|-sethp|p2a: Zamazenta|54/100|[from] move: Pain Split|[silent]
|-sethp|p1a: Houndstone|54/100|[from] move: Pain Split
|
|upkeep
|turn|12
|c|☆Tyronejjontavious2|yep
|c|☆1epik ✧|i know i have no attack EVs
|c|☆1epik ✧|but still
|c|☆Tyronejjontavious2|i really think that keld and houndstone are hella underrated
|inactive|1epik ✧ has 120 seconds left.
|c|☆1epik ✧|das krazy
|
|t:|1758369741
|move|p2a: Zamazenta|Crunch|p1a: Houndstone
|-supereffective|p1a: Houndstone
|-damage|p1a: Houndstone|30/100
|move|p1a: Houndstone|Will-O-Wisp|p2a: Zamazenta
|-status|p2a: Zamazenta|brn
|
|-damage|p2a: Zamazenta|48/100 brn|[from] brn
|upkeep
|turn|13
|
|t:|1758369752
|switch|p1a: Gliscor|Gliscor, F|100/100
|move|p2a: Zamazenta|Rest|p2a: Zamazenta
|-status|p2a: Zamazenta|slp|[from] move: Rest
|-heal|p2a: Zamazenta|100/100 slp|[silent]
|-enditem|p2a: Zamazenta|Chesto Berry|[eat]
|-curestatus|p2a: Zamazenta|slp|[msg]
|
|-status|p1a: Gliscor|tox|[from] item: Toxic Orb
|upkeep
|turn|14
|
|t:|1758369756
|move|p2a: Zamazenta|Iron Defense|p2a: Zamazenta
|-boost|p2a: Zamazenta|def|2
|move|p1a: Gliscor|Toxic|p2a: Zamazenta
|-status|p2a: Zamazenta|tox
|
|-damage|p2a: Zamazenta|94/100 tox|[from] psn
|upkeep
|turn|15
|c|☆1epik ✧|oh toxic
|
|t:|1758369768
|move|p2a: Zamazenta|Iron Defense|p2a: Zamazenta
|-boost|p2a: Zamazenta|def|2
|move|p1a: Gliscor|Spikes|p2a: Zamazenta
|-sidestart|p2: 1epik ✧|Spikes
|
|-damage|p2a: Zamazenta|82/100 tox|[from] psn
|upkeep
|turn|16
|
|t:|1758369777
|switch|p2a: Ogerpon|Ogerpon-Wellspring, F|54/100
|-damage|p2a: Ogerpon|41/100|[from] Spikes
|move|p1a: Gliscor|Spikes|p2a: Ogerpon
|-sidestart|p2: 1epik ✧|Spikes
|
|upkeep
|turn|17
|
|t:|1758369797
|switch|p1a: Kingambit|Kingambit, F|51/100
|-damage|p1a: Kingambit|39/100|[from] Spikes
|move|p2a: Ogerpon|Encore||[still]
|-fail|p2a: Ogerpon
|
|-heal|p1a: Kingambit|45/100|[from] item: Leftovers
|upkeep
|turn|18
|c|☆1epik ✧|this is like
|c|☆1epik ✧|hard counter against my threads
|
|t:|1758369811
|switch|p2a: Iron Treads|Iron Treads|100/100
|-item|p2a: Iron Treads|Air Balloon
|move|p1a: Kingambit|Kowtow Cleave|p2a: Iron Treads
|-damage|p2a: Iron Treads|54/100
|-enditem|p2a: Iron Treads|Air Balloon
|
|-heal|p1a: Kingambit|51/100|[from] item: Leftovers
|upkeep
|turn|19
|
|t:|1758369818
|move|p2a: Iron Treads|Stealth Rock|p1a: Kingambit
|-sidestart|p1: Tyronejjontavious2|move: Stealth Rock
|move|p1a: Kingambit|Kowtow Cleave|p2a: Iron Treads
|-crit|p2a: Iron Treads
|-damage|p2a: Iron Treads|0 fnt
|faint|p2a: Iron Treads
|-end|p2a: Iron Treads|Quark Drive|[silent]
|
|-heal|p1a: Kingambit|57/100|[from] item: Leftovers
|upkeep
|c|☆Tyronejjontavious2|mb
|c|☆1epik ✧|damn i needed that spin
|
|t:|1758369833
|switch|p2a: Enamorus|Enamorus, F|100/100
|turn|20
|
|t:|1758369837
|-end|p1a: Kingambit|fallenundefined|[silent]
|switch|p1a: Tentacruel|Tentacruel, F|100/100
|-damage|p1a: Tentacruel|88/100|[from] Spikes
|-damage|p1a: Tentacruel|76/100|[from] Stealth Rock
|move|p2a: Enamorus|Moonblast|p1a: Tentacruel
|-resisted|p1a: Tentacruel
|-damage|p1a: Tentacruel|53/100
|
|-heal|p1a: Tentacruel|59/100|[from] item: Leftovers
|upkeep
|turn|21
|
|t:|1758369853
|switch|p2a: Pecharunt|Pecharunt|43/100
|move|p1a: Tentacruel|Rapid Spin|p2a: Pecharunt
|-immune|p2a: Pecharunt
|
|-heal|p1a: Tentacruel|65/100|[from] item: Leftovers
|upkeep
|turn|22
|
|t:|1758369856
|move|p1a: Tentacruel|Knock Off|p2a: Pecharunt
|-supereffective|p2a: Pecharunt
|-damage|p2a: Pecharunt|28/100
|-enditem|p2a: Pecharunt|Heavy-Duty Boots|[from] move: Knock Off|[of] p1a: Tentacruel
|move|p2a: Pecharunt|Recover|p2a: Pecharunt
|-heal|p2a: Pecharunt|79/100
|
|-heal|p1a: Tentacruel|71/100|[from] item: Leftovers
|upkeep
|turn|23
|
|t:|1758369864
|move|p1a: Tentacruel|Flip Turn|p2a: Pecharunt
|-damage|p2a: Pecharunt|72/100
|
|t:|1758369865
|switch|p1a: Kingambit|Kingambit, F|57/100|[from] Flip Turn
|-damage|p1a: Kingambit|45/100|[from] Spikes
|-damage|p1a: Kingambit|39/100|[from] Stealth Rock
|move|p2a: Pecharunt|Shadow Ball|p1a: Kingambit
|-resisted|p1a: Kingambit
|-crit|p1a: Kingambit
|-damage|p1a: Kingambit|18/100
|
|-heal|p1a: Kingambit|24/100|[from] item: Leftovers
|upkeep
|turn|24
|
|t:|1758369872
|move|p2a: Pecharunt|Parting Shot|p1a: Kingambit
|-unboost|p1a: Kingambit|atk|1
|-unboost|p1a: Kingambit|spa|1
|
|t:|1758369874
|switch|p2a: Zamazenta|Zamazenta|82/100 tox|[from] Parting Shot
|-damage|p2a: Zamazenta|66/100 tox|[from] Spikes
|move|p1a: Kingambit|Kowtow Cleave|p2a: Zamazenta
|-resisted|p2a: Zamazenta
|-damage|p2a: Zamazenta|53/100 tox
|
|-heal|p1a: Kingambit|30/100|[from] item: Leftovers
|-damage|p2a: Zamazenta|47/100 tox|[from] psn
|upkeep
|turn|25
|
|t:|1758369884
|-end|p1a: Kingambit|fallenundefined|[silent]
|switch|p1a: Gliscor|Gliscor, F|100/100 tox
|-damage|p1a: Gliscor|88/100 tox|[from] Stealth Rock
|move|p2a: Zamazenta|Rest|p2a: Zamazenta
|-status|p2a: Zamazenta|slp|[from] move: Rest
|-heal|p2a: Zamazenta|100/100 slp|[silent]
|
|-heal|p1a: Gliscor|100/100 tox|[from] ability: Poison Heal
|upkeep
|turn|26
|
|t:|1758369906
|switch|p2a: Ogerpon|Ogerpon-Wellspring, F|41/100
|-damage|p2a: Ogerpon|25/100|[from] Spikes
|move|p1a: Gliscor|Spikes|p2a: Ogerpon
|-sidestart|p2: 1epik ✧|Spikes
|
|upkeep
|turn|27
|
|t:|1758369912
|switch|p1a: Kingambit|Kingambit, F|30/100
|-damage|p1a: Kingambit|18/100|[from] Spikes
|-damage|p1a: Kingambit|11/100|[from] Stealth Rock
|move|p2a: Ogerpon|Ivy Cudgel|p1a: Kingambit|[anim] Ivy Cudgel Water
|-damage|p1a: Kingambit|0 fnt
|faint|p1a: Kingambit
|-end|p1a: Kingambit|fallenundefined|[silent]
|
|upkeep
|
|t:|1758369914
|switch|p1a: Pawmot|Pawmot, M|100/100
|-damage|p1a: Pawmot|88/100|[from] Spikes
|-damage|p1a: Pawmot|82/100|[from] Stealth Rock
|turn|28
|
|t:|1758369923
|move|p1a: Pawmot|Double Shock|p2a: Ogerpon
|-damage|p2a: Ogerpon|0 fnt
|-start|p1a: Pawmot|typechange|???/Fighting|[from] move: Double Shock
|faint|p2a: Ogerpon
|
|upkeep
|c|☆1epik ✧|oh ur scarfed
|c|☆Tyronejjontavious2|ye i had banded at first
|c|☆Tyronejjontavious2|but i have no speed controll
|c|☆Tyronejjontavious2|control
|c|☆1epik ✧|ahhhh
|
|t:|1758369949
|switch|p2a: Enamorus|Enamorus, F|100/100
|turn|29
|
|t:|1758369959
|switch|p1a: Gliscor|Gliscor, F|100/100 tox
|-damage|p1a: Gliscor|88/100 tox|[from] Stealth Rock
|-terastallize|p2a: Enamorus|Ground
|move|p2a: Enamorus|Moonblast|p1a: Gliscor
|-damage|p1a: Gliscor|44/100 tox
|
|-heal|p1a: Gliscor|56/100 tox|[from] ability: Poison Heal
|upkeep
|turn|30
|
|t:|1758369969
|switch|p2a: Zamazenta|Zamazenta|100/100 slp
|-damage|p2a: Zamazenta|76/100 slp|[from] Spikes
|move|p1a: Gliscor|Toxic||[still]
|-fail|p1a: Gliscor
|
|-heal|p1a: Gliscor|69/100 tox|[from] ability: Poison Heal
|upkeep
|turn|31
|
|t:|1758369987
|switch|p2a: Samurott|Samurott-Hisui, M|100/100
|-damage|p2a: Samurott|76/100|[from] Spikes
|switch|p1a: Tentacruel|Tentacruel, F|71/100
|-damage|p1a: Tentacruel|59/100|[from] Spikes
|-damage|p1a: Tentacruel|46/100|[from] Stealth Rock
|
|-heal|p1a: Tentacruel|52/100|[from] item: Leftovers
|upkeep
|turn|32
|
|t:|1758369998
|switch|p1a: Keldeo|Keldeo-Resolute|85/100
|-damage|p1a: Keldeo|73/100|[from] Spikes
|-damage|p1a: Keldeo|66/100|[from] Stealth Rock
|move|p2a: Samurott|Razor Shell|p1a: Keldeo
|-resisted|p1a: Keldeo
|-damage|p1a: Keldeo|43/100
|
|-heal|p1a: Keldeo|49/100|[from] item: Leftovers
|upkeep
|turn|33
|
|t:|1758370014
|switch|p2a: Pecharunt|Pecharunt|72/100
|-damage|p2a: Pecharunt|47/100|[from] Spikes
|move|p1a: Keldeo|Substitute|p1a: Keldeo
|-start|p1a: Keldeo|Substitute
|-damage|p1a: Keldeo|24/100
|
|-heal|p1a: Keldeo|31/100|[from] item: Leftovers
|upkeep
|turn|34
|
|t:|1758370017
|move|p1a: Keldeo|Calm Mind|p1a: Keldeo
|-boost|p1a: Keldeo|spa|1
|-boost|p1a: Keldeo|spd|1
|move|p2a: Pecharunt|Recover|p2a: Pecharunt
|-heal|p2a: Pecharunt|97/100
|
|-heal|p1a: Keldeo|37/100|[from] item: Leftovers
|upkeep
|turn|35
|c|☆1epik ✧|wow this guy is scary
|c|☆Tyronejjontavious2|ye ik
|
|t:|1758370037
|move|p1a: Keldeo|Surf|p2a: Pecharunt
|-damage|p2a: Pecharunt|31/100
|move|p2a: Pecharunt|Shadow Ball|p1a: Keldeo
|-activate|p1a: Keldeo|move: Substitute|[damage]
|
|-heal|p1a: Keldeo|43/100|[from] item: Leftovers
|upkeep
|turn|36
|c|☆Tyronejjontavious2|im bulky tho
|c|☆Tyronejjontavious2|so it wont do too much
|c|☆Tyronejjontavious2|its my switch in to gambit and samu
|
|t:|1758370053
|switch|p2a: Samurott|Samurott-Hisui, M|76/100
|-damage|p2a: Samurott|51/100|[from] Spikes
|move|p1a: Keldeo|Surf|p2a: Samurott
|-resisted|p2a: Samurott
|-damage|p2a: Samurott|30/100
|
|-heal|p1a: Keldeo|49/100|[from] item: Leftovers
|upkeep
|turn|37
|c|☆1epik ✧|you're in full speed invest?
|
|t:|1758370060
|move|p1a: Keldeo|Secret Sword|p2a: Samurott
|-supereffective|p2a: Samurott
|-damage|p2a: Samurott|0 fnt
|faint|p2a: Samurott
|
|-heal|p1a: Keldeo|55/100|[from] item: Leftovers
|upkeep
|c|☆Tyronejjontavious2|nah
|c|☆Tyronejjontavious2|i just speed creep enam
|
|t:|1758370067
|switch|p2a: Enamorus|Enamorus, F, tera:Ground|100/100
|-damage|p2a: Enamorus|76/100|[from] Spikes
|turn|38
|c|☆Tyronejjontavious2|and treads
|c|☆1epik ✧|ohh
|c|☆1epik ✧|damn
|c|☆Tyronejjontavious2|so pretty much full but not quite
|
|t:|1758370076
|move|p2a: Enamorus|Moonblast|p1a: Keldeo
|-supereffective|p1a: Keldeo
|-end|p1a: Keldeo|Substitute
|move|p1a: Keldeo|Surf|p2a: Enamorus
|-supereffective|p2a: Enamorus
|-damage|p2a: Enamorus|0 fnt
|faint|p2a: Enamorus
|
|-heal|p1a: Keldeo|61/100|[from] item: Leftovers
|upkeep
|c|☆1epik ✧|i should use some prebuilt teams
|c|☆1epik ✧|instead using my own
|c|☆1epik ✧|pensivwe
|
|t:|1758370089
|switch|p2a: Zamazenta|Zamazenta|76/100 slp
|-damage|p2a: Zamazenta|51/100 slp|[from] Spikes
|turn|39
|c|☆Tyronejjontavious2|lol
|
|t:|1758370094
|cant|p2a: Zamazenta|slp
|move|p1a: Keldeo|Surf|p2a: Zamazenta
|-damage|p2a: Zamazenta|0 fnt
|faint|p2a: Zamazenta
|
|-heal|p1a: Keldeo|68/100|[from] item: Leftovers
|upkeep
|c|☆Tyronejjontavious2|ggs
|c|☆1epik ✧|alright ggs
|c|☆Tyronejjontavious2|fun match
|c|☆1epik ✧|same
|c|☆1epik ✧|baibai
|c|☆Tyronejjontavious2|bye
|-message|1epik ✧ forfeited.
|
|win|Tyronejjontavious2
|raw|Tyronejjontavious2's rating: 1345 &rarr; <strong>1368</strong><br />(+23 for winning)
|raw|1epik ✧'s rating: 1403 &rarr; <strong>1380</strong><br />(-23 for losing)
|l|☆1epik ✧
|player|p2|
|l|☆Tyronejjontavious2
|player|p1|
