|j|☆lorped
|j|☆lbdrinkingpower
|t:|1758299408
|gametype|singles
|player|p1|lorped|170|1166
|player|p2|lbdrinkingpower|acetrainercouple|1208
|gen|9
|tier|[Gen 9] OU
|rated|
|rule|HP Percentage Mod: HP is shown in percentages
|rule|Endless Battle Clause: Forcing endless battles is banned
|rule|Species Clause: Limit one of each Pokémon
|rule|OHKO Clause: OHKO moves are banned
|rule|Evasion Items Clause: Evasion items are banned
|rule|Evasion Moves Clause: Evasion moves are banned
|rule|Evasion Abilities Clause: Evasion abilities are banned
|rule|Sleep Moves Clause: Sleep-inducing moves are banned
|clearpoke
|poke|p1|Leavanny, F|
|poke|p1|Ceruledge, M|
|poke|p1|Iron Hands|
|poke|p1|Sinistcha|
|poke|p1|Altaria, F|
|poke|p1|Mamoswine, F|
|poke|p2|Dragonite, M|
|poke|p2|Gliscor, F|
|poke|p2|Ogerpon-Wellspring, F|
|poke|p2|Glimmora, M|
|poke|p2|Gholdengo|
|poke|p2|Ting-Lu|
|teampreview
|inactive|Battle timer is ON: inactive players will automatically lose when time's up. (requested by lbdrinkingpower)
|
|t:|1758299426
|teamsize|p1|6
|teamsize|p2|6
|start
|switch|p1a: Mamoswine|Mamoswine, F|100/100
|switch|p2a: Gliscor|Gliscor, F|100/100
|turn|1
|
|t:|1758299434
|-terastallize|p1a: Mamoswine|Steel
|move|p2a: Gliscor|Protect|p2a: Gliscor
|-singleturn|p2a: Gliscor|Protect
|move|p1a: Mamoswine|Trailblaze|p2a: Gliscor
|-activate|p2a: Gliscor|move: Protect
|
|-status|p2a: Gliscor|tox|[from] item: Toxic Orb
|upkeep
|turn|2
|
|t:|1758299445
|move|p2a: Gliscor|Earthquake|p1a: Mamoswine
|-supereffective|p1a: Mamoswine
|-damage|p1a: Mamoswine|12/100
|move|p1a: Mamoswine|Trailblaze|p2a: Gliscor
|-damage|p2a: Gliscor|85/100 tox
|-boost|p1a: Mamoswine|spe|1
|
|-heal|p2a: Gliscor|98/100 tox|[from] ability: Poison Heal
|upkeep
|turn|3
|
|t:|1758299455
|-terastallize|p2a: Gliscor|Fairy
|move|p1a: Mamoswine|Icicle Crash|p2a: Gliscor
|-damage|p2a: Gliscor|62/100 tox
|move|p2a: Gliscor|Earthquake|p1a: Mamoswine
|-supereffective|p1a: Mamoswine
|-damage|p1a: Mamoswine|0 fnt
|faint|p1a: Mamoswine
|
|-heal|p2a: Gliscor|75/100 tox|[from] ability: Poison Heal
|upkeep
|
|t:|1758299465
|switch|p1a: Sinistcha|Sinistcha|100/100
|turn|4
|
|t:|1758299479
|switch|p2a: Gholdengo|Gholdengo|100/100
|move|p1a: Sinistcha|Calm Mind|p1a: Sinistcha
|-boost|p1a: Sinistcha|spa|1
|-boost|p1a: Sinistcha|spd|1
|
|upkeep
|turn|5
|
|t:|1758299485
|move|p2a: Gholdengo|Trick|p1a: Sinistcha
|-activate|p2a: Gholdengo|move: Trick|[of] p1a: Sinistcha
|-item|p1a: Sinistcha|Choice Scarf|[from] move: Trick
|-item|p2a: Gholdengo|Sitrus Berry|[from] move: Trick
|move|p1a: Sinistcha|Calm Mind|p1a: Sinistcha
|-boost|p1a: Sinistcha|spa|1
|-boost|p1a: Sinistcha|spd|1
|
|upkeep
|turn|6
|
|t:|1758299505
|switch|p1a: Altaria|Altaria, F|100/100
|-ability|p1a: Altaria|Cloud Nine
|move|p2a: Gholdengo|Thunder Wave|p1a: Altaria
|-status|p1a: Altaria|par
|
|upkeep
|turn|7
|
|t:|1758299513
|move|p2a: Gholdengo|Shadow Ball|p1a: Altaria
|-damage|p1a: Altaria|55/100 par
|move|p1a: Altaria|Tailwind|p1a: Altaria
|-sidestart|p1: lorped|move: Tailwind
|
|upkeep
|turn|8
|
|t:|1758299521
|move|p2a: Gholdengo|Shadow Ball|p1a: Altaria
|-damage|p1a: Altaria|10/100 par
|move|p1a: Altaria|Acrobatics|p2a: Gholdengo
|-resisted|p2a: Gholdengo
|-damage|p2a: Gholdengo|88/100
|
|upkeep
|turn|9
|
|t:|1758299528
|move|p2a: Gholdengo|Shadow Ball|p1a: Altaria
|-damage|p1a: Altaria|0 fnt
|faint|p1a: Altaria
|
|upkeep
|
|t:|1758299533
|switch|p1a: Ceruledge|Ceruledge, M|100/100
|-item|p1a: Ceruledge|Air Balloon
|turn|10
|
|t:|1758299549
|move|p1a: Ceruledge|Swords Dance|p1a: Ceruledge
|-boost|p1a: Ceruledge|atk|2
|move|p2a: Gholdengo|Thunder Wave|p1a: Ceruledge
|-status|p1a: Ceruledge|par
|
|-sideend|p1: lorped|move: Tailwind
|upkeep
|turn|11
|
|t:|1758299557
|switch|p2a: Glimmora|Glimmora, M|100/100
|move|p1a: Ceruledge|Swords Dance|p1a: Ceruledge
|-boost|p1a: Ceruledge|atk|2
|
|upkeep
|turn|12
|l|☆lbdrinkingpower
|inactive|lbdrinkingpower disconnected and has a minute to reconnect!
|player|p2|
|j|☆lbdrinkingpower
|inactive|lbdrinkingpower reconnected and has 120 seconds left.
|player|p2|lbdrinkingpower|acetrainercouple|
|
|t:|1758299594
|move|p2a: Glimmora|Power Gem|p1a: Ceruledge
|-supereffective|p1a: Ceruledge
|-damage|p1a: Ceruledge|15/100 par
|-enditem|p1a: Ceruledge|Air Balloon
|move|p1a: Ceruledge|Bitter Blade|p2a: Glimmora
|-resisted|p2a: Glimmora
|-damage|p2a: Glimmora|35/100
|-heal|p1a: Ceruledge|57/100 par|[from] drain|[of] p2a: Glimmora
|-activate|p2a: Glimmora|ability: Toxic Debris
|-sidestart|p1: lorped|move: Toxic Spikes
|-enditem|p2a: Glimmora|Red Card|[of] p1a: Ceruledge
|drag|p1a: Sinistcha|Sinistcha|100/100
|-status|p1a: Sinistcha|psn
|
|-damage|p1a: Sinistcha|88/100 psn|[from] psn
|upkeep
|turn|13
|inactive|lbdrinkingpower has 120 seconds left.
|
|t:|1758299610
|move|p1a: Sinistcha|Shadow Ball|p2a: Glimmora
|-damage|p2a: Glimmora|0 fnt
|faint|p2a: Glimmora
|
|-damage|p1a: Sinistcha|76/100 psn|[from] psn
|upkeep
|
|t:|1758299615
|switch|p2a: Ting-Lu|Ting-Lu|100/100
|-ability|p2a: Ting-Lu|Vessel of Ruin
|turn|14
|
|t:|1758299621
|switch|p1a: Leavanny|Leavanny, F|100/100
|-status|p1a: Leavanny|psn
|move|p2a: Ting-Lu|Stealth Rock|p1a: Leavanny
|-sidestart|p1: lorped|move: Stealth Rock
|
|-damage|p1a: Leavanny|88/100 psn|[from] psn
|upkeep
|turn|15
|
|t:|1758299636
|switch|p2a: Gholdengo|Gholdengo|88/100
|move|p1a: Leavanny|Switcheroo|p2a: Gholdengo
|-immune|p2a: Gholdengo|[from] ability: Good as Gold
|
|-damage|p1a: Leavanny|76/100 psn|[from] psn
|upkeep
|turn|16
|
|t:|1758299659
|switch|p1a: Iron Hands|Iron Hands|100/100
|-status|p1a: Iron Hands|psn
|-damage|p1a: Iron Hands|94/100 psn|[from] Stealth Rock
|-enditem|p1a: Iron Hands|Booster Energy
|-activate|p1a: Iron Hands|ability: Quark Drive|[fromitem]
|-start|p1a: Iron Hands|quarkdriveatk
|move|p2a: Gholdengo|Shadow Ball|p1a: Iron Hands
|-damage|p1a: Iron Hands|56/100 psn
|
|-damage|p1a: Iron Hands|43/100 psn|[from] psn
|upkeep
|turn|17
|inactive|lbdrinkingpower has 120 seconds left.
|
|t:|1758299682
|move|p2a: Gholdengo|Shadow Ball|p1a: Iron Hands
|-damage|p1a: Iron Hands|5/100 psn
|move|p1a: Iron Hands|Ice Punch|p2a: Gholdengo
|-resisted|p2a: Gholdengo
|-damage|p2a: Gholdengo|67/100
|
|-damage|p1a: Iron Hands|0 fnt|[from] psn
|faint|p1a: Iron Hands
|-end|p1a: Iron Hands|Quark Drive|[silent]
|upkeep
|
|t:|1758299691
|switch|p1a: Sinistcha|Sinistcha|76/100 psn
|-damage|p1a: Sinistcha|63/100 psn|[from] Stealth Rock
|turn|18
|
|t:|1758299696
|switch|p2a: Ting-Lu|Ting-Lu|100/100
|-ability|p2a: Ting-Lu|Vessel of Ruin
|move|p1a: Sinistcha|Matcha Gotcha|p2a: Ting-Lu
|-supereffective|p2a: Ting-Lu
|-damage|p2a: Ting-Lu|61/100
|-heal|p1a: Sinistcha|93/100 psn|[from] drain|[of] p2a: Ting-Lu
|-status|p2a: Ting-Lu|brn
|
|-heal|p2a: Ting-Lu|67/100 brn|[from] item: Leftovers
|-damage|p1a: Sinistcha|80/100 psn|[from] psn
|-damage|p2a: Ting-Lu|61/100 brn|[from] brn
|upkeep
|turn|19
|
|t:|1758299710
|switch|p2a: Gliscor|Gliscor, F, tera:Fairy|75/100 tox
|move|p1a: Sinistcha|Matcha Gotcha|p2a: Gliscor
|-damage|p2a: Gliscor|16/100 tox
|-heal|p1a: Sinistcha|100/100 psn|[from] drain|[of] p2a: Gliscor
|
|-heal|p2a: Gliscor|28/100 tox|[from] ability: Poison Heal
|-damage|p1a: Sinistcha|88/100 psn|[from] psn
|upkeep
|turn|20
|
|t:|1758299720
|move|p2a: Gliscor|Protect|p2a: Gliscor
|-singleturn|p2a: Gliscor|Protect
|move|p1a: Sinistcha|Matcha Gotcha|p2a: Gliscor
|-activate|p2a: Gliscor|move: Protect
|
|-heal|p2a: Gliscor|41/100 tox|[from] ability: Poison Heal
|-damage|p1a: Sinistcha|76/100 psn|[from] psn
|upkeep
|turn|21
|
|t:|1758299739
|move|p2a: Gliscor|Tera Blast|p1a: Sinistcha|[anim] Tera Blast Fairy
|-damage|p1a: Sinistcha|51/100 psn
|move|p1a: Sinistcha|Matcha Gotcha|p2a: Gliscor
|-damage|p2a: Gliscor|0 fnt
|-heal|p1a: Sinistcha|71/100 psn|[from] drain|[of] p2a: Gliscor
|faint|p2a: Gliscor
|
|-damage|p1a: Sinistcha|58/100 psn|[from] psn
|upkeep
|
|t:|1758299749
|switch|p2a: Gholdengo|Gholdengo|67/100
|turn|22
|
|t:|1758299753
|switch|p1a: Leavanny|Leavanny, F|76/100 psn
|-damage|p1a: Leavanny|51/100 psn|[from] Stealth Rock
|move|p2a: Gholdengo|Shadow Ball|p1a: Leavanny
|-damage|p1a: Leavanny|0 fnt
|faint|p1a: Leavanny
|
|upkeep
|
|t:|1758299761
|switch|p1a: Ceruledge|Ceruledge, M|57/100 par
|-damage|p1a: Ceruledge|32/100 par|[from] Stealth Rock
|turn|23
|
|t:|1758299767
|switch|p2a: Ting-Lu|Ting-Lu|61/100 brn
|-ability|p2a: Ting-Lu|Vessel of Ruin
|move|p1a: Ceruledge|Shadow Sneak|p2a: Ting-Lu
|-resisted|p2a: Ting-Lu
|-damage|p2a: Ting-Lu|55/100 brn
|
|-heal|p2a: Ting-Lu|61/100 brn|[from] item: Leftovers
|-damage|p2a: Ting-Lu|55/100 brn|[from] brn
|upkeep
|turn|24
|
|t:|1758299777
|move|p1a: Ceruledge|Bitter Blade|p2a: Ting-Lu
|-damage|p2a: Ting-Lu|31/100 brn
|-heal|p1a: Ceruledge|53/100 par|[from] drain|[of] p2a: Ting-Lu
|move|p2a: Ting-Lu|Earthquake|p1a: Ceruledge
|-supereffective|p1a: Ceruledge
|-damage|p1a: Ceruledge|0 fnt
|faint|p1a: Ceruledge
|
|-heal|p2a: Ting-Lu|37/100 brn|[from] item: Leftovers
|-damage|p2a: Ting-Lu|31/100 brn|[from] brn
|upkeep
|
|t:|1758299787
|switch|p1a: Sinistcha|Sinistcha|58/100 psn
|-damage|p1a: Sinistcha|46/100 psn|[from] Stealth Rock
|turn|25
|
|t:|1758299796
|switch|p2a: Gholdengo|Gholdengo|67/100
|move|p1a: Sinistcha|Shadow Ball|p2a: Gholdengo
|-supereffective|p2a: Gholdengo
|-damage|p2a: Gholdengo|0 fnt
|faint|p2a: Gholdengo
|
|-damage|p1a: Sinistcha|33/100 psn|[from] psn
|upkeep
|
|t:|1758299802
|switch|p2a: Ting-Lu|Ting-Lu|31/100 brn
|-ability|p2a: Ting-Lu|Vessel of Ruin
|turn|26
|
|t:|1758299807
|move|p1a: Sinistcha|Shadow Ball|p2a: Ting-Lu
|-resisted|p2a: Ting-Lu
|-crit|p2a: Ting-Lu
|-damage|p2a: Ting-Lu|17/100 brn
|move|p2a: Ting-Lu|Ruination|p1a: Sinistcha
|-damage|p1a: Sinistcha|17/100 psn
|
|-heal|p2a: Ting-Lu|23/100 brn|[from] item: Leftovers
|-damage|p1a: Sinistcha|5/100 psn|[from] psn
|-damage|p2a: Ting-Lu|17/100 brn|[from] brn
|upkeep
|turn|27
|
|t:|1758299817
|move|p1a: Sinistcha|Shadow Ball|p2a: Ting-Lu
|-resisted|p2a: Ting-Lu
|-damage|p2a: Ting-Lu|8/100 brn
|-unboost|p2a: Ting-Lu|spd|1
|move|p2a: Ting-Lu|Earthquake|p1a: Sinistcha
|-resisted|p1a: Sinistcha
|-damage|p1a: Sinistcha|0 fnt
|faint|p1a: Sinistcha
|
|win|lbdrinkingpower
|raw|lorped's rating: 1166 &rarr; <strong>1144</strong><br />(-22 for losing)
|raw|lbdrinkingpower's rating: 1208 &rarr; <strong>1230</strong><br />(+22 for winning)
|l|☆lbdrinkingpower
|player|p2|
|l|☆lorped
|player|p1|
