|j|☆blunderscore
|j|☆256roy
|t:|1758317705
|gametype|singles
|player|p1|blunderscore|medium|1329
|player|p2|256roy|dancer|1330
|gen|9
|tier|[Gen 9] OU
|rated|
|rule|HP Percentage Mod: HP is shown in percentages
|rule|Endless Battle Clause: Forcing endless battles is banned
|rule|Species Clause: Limit one of each Pokémon
|rule|OHKO Clause: OHKO moves are banned
|rule|Evasion Items Clause: Evasion items are banned
|rule|Evasion Moves Clause: Evasion moves are banned
|rule|Evasion Abilities Clause: Evasion abilities are banned
|rule|Sleep Moves Clause: Sleep-inducing moves are banned
|clearpoke
|poke|p1|Torkoal, F|
|poke|p1|Hatterene, F|
|poke|p1|Raging Bolt|
|poke|p1|Slither Wing|
|poke|p1|Venusaur, M|
|poke|p1|Walking Wake|
|poke|p2|Samurott-Hisui, F|
|poke|p2|Great Tusk|
|poke|p2|Volcanion|
|poke|p2|Hydrapple, M|
|poke|p2|Gholdengo|
|poke|p2|Landorus-Therian, M|
|teampreview
|inactive|Battle timer is ON: inactive players will automatically lose when time's up. (requested by 256roy)
|
|t:|1758317736
|teamsize|p1|6
|teamsize|p2|6
|start
|switch|p1a: Walking Wake|Walking Wake|100/100
|switch|p2a: erfqwek|Landorus-Therian, M|100/100
|-ability|p2a: erfqwek|Intimidate|boost
|-unboost|p1a: Walking Wake|atk|1
|turn|1
|
|t:|1758317745
|move|p2a: erfqwek|U-turn|p1a: Walking Wake
|-damage|p1a: Walking Wake|70/100
|
|t:|1758317754
|switch|p2a: i cooka da pasta|Volcanion|100/100|[from] U-turn
|move|p1a: Walking Wake|Hydro Steam|p2a: i cooka da pasta
|-immune|p2a: i cooka da pasta|[from] ability: Water Absorb
|
|upkeep
|turn|2
|
|t:|1758317772
|move|p1a: Walking Wake|Draco Meteor|p2a: i cooka da pasta
|-damage|p2a: i cooka da pasta|31/100
|-unboost|p1a: Walking Wake|spa|2
|move|p2a: i cooka da pasta|Will-O-Wisp|p1a: Walking Wake
|-status|p1a: Walking Wake|brn
|
|-damage|p1a: Walking Wake|64/100 brn|[from] brn
|upkeep
|turn|3
|
|t:|1758317794
|-end|p1a: Walking Wake|Protosynthesis|[silent]
|switch|p1a: Raging Bolt|Raging Bolt|100/100
|switch|p2a: yeehaw|Gholdengo|100/100
|-item|p2a: yeehaw|Air Balloon
|
|upkeep
|turn|4
|
|t:|1758317801
|move|p2a: yeehaw|Nasty Plot|p2a: yeehaw
|-boost|p2a: yeehaw|spa|2
|move|p1a: Raging Bolt|Dragon Pulse|p2a: yeehaw
|-resisted|p2a: yeehaw
|-damage|p2a: yeehaw|70/100
|-enditem|p2a: yeehaw|Air Balloon
|-damage|p1a: Raging Bolt|91/100|[from] item: Life Orb
|
|upkeep
|turn|5
|
|t:|1758317817
|move|p1a: Raging Bolt|Thunderclap||[still]
|-fail|p1a: Raging Bolt
|move|p2a: yeehaw|Recover|p2a: yeehaw
|-heal|p2a: yeehaw|100/100
|
|upkeep
|turn|6
|
|t:|1758317831
|-end|p1a: Raging Bolt|Protosynthesis|[silent]
|switch|p1a: Torkoal|Torkoal, F|100/100
|-weather|SunnyDay|[from] ability: Drought|[of] p1a: Torkoal
|move|p2a: yeehaw|Nasty Plot|p2a: yeehaw
|-boost|p2a: yeehaw|spa|2
|
|-weather|SunnyDay|[upkeep]
|upkeep
|turn|7
|
|t:|1758317844
|switch|p2a: i cooka da pasta|Volcanion|31/100
|switch|p1a: Walking Wake|Walking Wake|64/100 brn
|-activate|p1a: Walking Wake|ability: Protosynthesis
|-start|p1a: Walking Wake|protosynthesisspe
|
|-weather|SunnyDay|[upkeep]
|-damage|p1a: Walking Wake|58/100 brn|[from] brn
|upkeep
|turn|8
|
|t:|1758317871
|switch|p2a: kabob|Samurott-Hisui, F|100/100
|move|p1a: Walking Wake|Draco Meteor|p2a: kabob
|-damage|p2a: kabob|45/100
|-unboost|p1a: Walking Wake|spa|2
|
|-weather|SunnyDay|[upkeep]
|-damage|p1a: Walking Wake|52/100 brn|[from] brn
|upkeep
|turn|9
|inactive|blunderscore has 120 seconds left.
|
|t:|1758317903
|move|p2a: kabob|Sucker Punch|p1a: Walking Wake
|-damage|p1a: Walking Wake|22/100 brn
|move|p1a: Walking Wake|Flip Turn|p2a: kabob
|-resisted|p2a: kabob
|-damage|p2a: kabob|43/100
|inactive|blunderscore has 120 seconds left.
|
|t:|1758317919
|-end|p1a: Walking Wake|Protosynthesis|[silent]
|switch|p1a: Slither Wing|Slither Wing|100/100|[from] Flip Turn
|-activate|p1a: Slither Wing|ability: Protosynthesis
|-start|p1a: Slither Wing|protosynthesisatk
|
|-weather|SunnyDay|[upkeep]
|upkeep
|turn|10
|
|t:|1758317938
|switch|p2a: erfqwek|Landorus-Therian, M|100/100
|-ability|p2a: erfqwek|Intimidate|boost
|-unboost|p1a: Slither Wing|atk|1
|move|p1a: Slither Wing|U-turn|p2a: erfqwek
|-resisted|p2a: erfqwek
|-damage|p2a: erfqwek|80/100
|inactive|blunderscore has 120 seconds left.
|inactive|blunderscore has 90 seconds left.
|
|t:|1758317976
|-end|p1a: Slither Wing|Protosynthesis|[silent]
|switch|p1a: Venusaur|Venusaur, M|100/100|[from] U-turn
|
|-weather|SunnyDay|[upkeep]
|upkeep
|turn|11
|
|t:|1758317999
|move|p1a: Venusaur|Weather Ball|p2a: erfqwek
|-damage|p2a: erfqwek|1/100
|-damage|p1a: Venusaur|91/100|[from] item: Life Orb
|move|p2a: erfqwek|U-turn|p1a: Venusaur
|-damage|p1a: Venusaur|58/100
|inactive|256roy has 120 seconds left.
|
|t:|1758318012
|switch|p2a: i cooka da pasta|Volcanion|31/100|[from] U-turn
|
|-weather|SunnyDay|[upkeep]
|upkeep
|turn|12
|
|t:|1758318020
|move|p1a: Venusaur|Giga Drain|p2a: i cooka da pasta
|-damage|p2a: i cooka da pasta|0 fnt
|-heal|p1a: Venusaur|77/100|[from] drain|[of] p2a: i cooka da pasta
|faint|p2a: i cooka da pasta
|-damage|p1a: Venusaur|67/100|[from] item: Life Orb
|
|-weather|SunnyDay|[upkeep]
|upkeep
|inactive|256roy has 120 seconds left.
|
|t:|1758318051
|switch|p2a: Fickle my pickle|Hydrapple, M|100/100
|turn|13
|
|t:|1758318061
|switch|p1a: Hatterene|Hatterene, F|100/100
|-item|p1a: Hatterene|Air Balloon
|move|p2a: Fickle my pickle|Fickle Beam|p1a: Hatterene
|-immune|p1a: Hatterene
|
|-weather|none
|upkeep
|turn|14
|
|t:|1758318069
|switch|p2a: yeehaw|Gholdengo|100/100
|move|p1a: Hatterene|Trick Room|p1a: Hatterene
|-fieldstart|move: Trick Room|[of] p1a: Hatterene
|
|upkeep
|turn|15
|
|t:|1758318078
|switch|p1a: Torkoal|Torkoal, F|100/100
|-weather|SunnyDay|[from] ability: Drought|[of] p1a: Torkoal
|move|p2a: yeehaw|Nasty Plot|p2a: yeehaw
|-boost|p2a: yeehaw|spa|2
|
|-weather|SunnyDay|[upkeep]
|upkeep
|turn|16
|inactive|256roy has 120 seconds left.
|
|t:|1758318093
|move|p1a: Torkoal|Eruption|p2a: yeehaw
|-supereffective|p2a: yeehaw
|-damage|p2a: yeehaw|0 fnt
|faint|p2a: yeehaw
|
|-weather|SunnyDay|[upkeep]
|upkeep
|
|t:|1758318098
|switch|p2a: kabob|Samurott-Hisui, F|43/100
|turn|17
|
|t:|1758318102
|move|p1a: Torkoal|Eruption|p2a: kabob
|-resisted|p2a: kabob
|-damage|p2a: kabob|10/100
|move|p2a: kabob|Razor Shell|p1a: Torkoal
|-supereffective|p1a: Torkoal
|-damage|p1a: Torkoal|65/100
|-unboost|p1a: Torkoal|def|1
|
|-weather|SunnyDay|[upkeep]
|upkeep
|turn|18
|
|t:|1758318114
|move|p2a: kabob|Sucker Punch||[still]
|-fail|p2a: kabob
|move|p1a: Torkoal|Stealth Rock|p2a: kabob
|-sidestart|p2: 256roy|move: Stealth Rock
|
|-weather|SunnyDay|[upkeep]
|-fieldend|move: Trick Room
|upkeep
|turn|19
|
|t:|1758318118
|move|p2a: kabob|Sucker Punch|p1a: Torkoal
|-damage|p1a: Torkoal|29/100
|move|p1a: Torkoal|Earthquake|p2a: kabob
|-damage|p2a: kabob|0 fnt
|faint|p2a: kabob
|
|-weather|SunnyDay|[upkeep]
|upkeep
|
|t:|1758318133
|switch|p2a: King Tusk|Great Tusk|100/100
|-activate|p2a: King Tusk|ability: Protosynthesis
|-start|p2a: King Tusk|protosynthesisatk
|turn|20
|
|t:|1758318135
|switch|p1a: Hatterene|Hatterene, F|100/100
|-item|p1a: Hatterene|Air Balloon
|move|p2a: King Tusk|Rapid Spin|p1a: Hatterene
|-damage|p1a: Hatterene|83/100
|-boost|p2a: King Tusk|spe|1
|-enditem|p1a: Hatterene|Air Balloon
|-sideend|p2: 256roy|Stealth Rock|[from] move: Rapid Spin|[of] p2a: King Tusk
|
|-weather|SunnyDay|[upkeep]
|upkeep
|turn|21
|
|t:|1758318156
|-terastallize|p2a: King Tusk|Fairy
|move|p2a: King Tusk|Ice Spinner|p1a: Hatterene
|-damage|p1a: Hatterene|56/100
|move|p1a: Hatterene|Trick Room|p1a: Hatterene
|-fieldstart|move: Trick Room|[of] p1a: Hatterene
|
|-weather|SunnyDay|[upkeep]
|upkeep
|turn|22
|
|t:|1758318172
|move|p1a: Hatterene|Dazzling Gleam|p2a: King Tusk
|-damage|p2a: King Tusk|42/100
|move|p2a: King Tusk|Stealth Rock|p1a: Hatterene
|move|p1a: Hatterene|Stealth Rock|p2a: King Tusk|[from] ability: Magic Bounce
|-sidestart|p2: 256roy|move: Stealth Rock
|
|-weather|none
|-end|p2a: King Tusk|Protosynthesis
|upkeep
|turn|23
|
|t:|1758318176
|move|p1a: Hatterene|Dazzling Gleam|p2a: King Tusk
|-damage|p2a: King Tusk|0 fnt
|faint|p2a: King Tusk
|-end|p2a: King Tusk|Protosynthesis|[silent]
|
|upkeep
|
|t:|1758318184
|switch|p2a: Fickle my pickle|Hydrapple, M|100/100
|-damage|p2a: Fickle my pickle|88/100|[from] Stealth Rock
|turn|24
|
|t:|1758318191
|move|p1a: Hatterene|Dazzling Gleam|p2a: Fickle my pickle
|-supereffective|p2a: Fickle my pickle
|-damage|p2a: Fickle my pickle|23/100
|move|p2a: Fickle my pickle|Giga Drain|p1a: Hatterene
|-damage|p1a: Hatterene|23/100
|-heal|p2a: Fickle my pickle|36/100|[from] drain|[of] p1a: Hatterene
|
|upkeep
|turn|25
|c|☆blunderscore|gg
|
|t:|1758318201
|move|p1a: Hatterene|Dazzling Gleam|p2a: Fickle my pickle
|-supereffective|p2a: Fickle my pickle
|-damage|p2a: Fickle my pickle|0 fnt
|faint|p2a: Fickle my pickle
|
|-fieldend|move: Trick Room
|upkeep
|
|t:|1758318202
|switch|p2a: erfqwek|Landorus-Therian, M|1/100
|-damage|p2a: erfqwek|0 fnt|[from] Stealth Rock
|faint|p2a: erfqwek
|
|win|blunderscore
|raw|blunderscore's rating: 1329 &rarr; <strong>1349</strong><br />(+20 for winning)
|raw|256roy's rating: 1330 &rarr; <strong>1310</strong><br />(-20 for losing)
|l|☆256roy
|player|p2|
