|j|☆vernie72
|j|☆SocialCreditLover
|t:|1758238058
|gametype|singles
|player|p1|vernie72|hoopster|1615
|player|p2|SocialCreditLover|li|1696
|gen|9
|tier|[Gen 9] OU
|rated|
|rule|HP Percentage Mod: HP is shown in percentages
|rule|Endless Battle Clause: Forcing endless battles is banned
|rule|Species Clause: Limit one of each Pokémon
|rule|OHKO Clause: OHKO moves are banned
|rule|Evasion Items Clause: Evasion items are banned
|rule|Evasion Moves Clause: Evasion moves are banned
|rule|Evasion Abilities Clause: Evasion abilities are banned
|rule|Sleep Moves Clause: Sleep-inducing moves are banned
|clearpoke
|poke|p1|Ursaluna, M|
|poke|p1|Ninetales-Alola, M|
|poke|p1|Iron Crown|
|poke|p1|Alomomola, F|
|poke|p1|Kyurem|
|poke|p1|Talonflame, F|
|poke|p2|Pelipper, F|
|poke|p2|Hatterene, F|
|poke|p2|Iron Treads|
|poke|p2|Toxicroak, F|
|poke|p2|Barraskewda, F|
|poke|p2|Zapdos|
|teampreview
|inactive|Battle timer is ON: inactive players will automatically lose when time's up. (requested by vernie72)
|
|t:|1758238067
|teamsize|p1|6
|teamsize|p2|6
|start
|switch|p1a: Cumplidor|Iron Crown|100/100
|switch|p2a: Iron Treads|Iron Treads|100/100
|turn|1
|
|t:|1758238074
|-end|p1a: Cumplidor|Quark Drive|[silent]
|switch|p1a: Mini moltres|Talonflame, F|100/100
|move|p2a: Iron Treads|Stealth Rock|p1a: Mini moltres
|-sidestart|p1: vernie72|move: Stealth Rock
|
|upkeep
|turn|2
|
|t:|1758238077
|move|p1a: Mini moltres|Defog|p2a: Iron Treads
|-unboost|p2a: Iron Treads|evasion|1
|-sideend|p1: vernie72|Stealth Rock|[from] move: Defog|[of] p1a: Mini moltres
|move|p2a: Iron Treads|Volt Switch|p1a: Mini moltres
|-supereffective|p1a: Mini moltres
|-damage|p1a: Mini moltres|73/100
|
|t:|1758238081
|-end|p2a: Iron Treads|Quark Drive|[silent]
|switch|p2a: Pelipper|Pelipper, F|100/100|[from] Volt Switch
|-weather|RainDance|[from] ability: Drizzle|[of] p2a: Pelipper
|
|-weather|RainDance|[upkeep]
|upkeep
|turn|3
|
|t:|1758238084
|switch|p1a: MVP|Ninetales-Alola, M|100/100
|-weather|Snowscape|[from] ability: Snow Warning|[of] p1a: MVP
|move|p2a: Pelipper|U-turn|p1a: MVP
|-resisted|p1a: MVP
|-damage|p1a: MVP|96/100
|
|t:|1758238091
|switch|p2a: Barraskewda|Barraskewda, F|100/100|[from] U-turn
|
|-weather|Snowscape|[upkeep]
|upkeep
|turn|4
|
|t:|1758238094
|switch|p1a: Alomoñoña|Alomomola, F|100/100
|move|p2a: Barraskewda|Flip Turn|p1a: Alomoñoña
|-resisted|p1a: Alomoñoña
|-damage|p1a: Alomoñoña|85/100
|
|t:|1758238101
|switch|p2a: Zapdos|Zapdos|100/100|[from] Flip Turn
|
|-weather|Snowscape|[upkeep]
|upkeep
|turn|5
|
|t:|1758238105
|switch|p1a: Benito|Ursaluna, M|100/100
|move|p2a: Zapdos|Hurricane|p1a: Benito|[miss]
|-miss|p2a: Zapdos|p1a: Benito
|
|-weather|Snowscape|[upkeep]
|-status|p1a: Benito|brn|[from] item: Flame Orb
|upkeep
|turn|6
|
|t:|1758238110
|switch|p2a: Toxicroak|Toxicroak, F|100/100
|move|p1a: Benito|Facade|p2a: Toxicroak
|-damage|p2a: Toxicroak|15/100
|-damage|p1a: Benito|84/100 brn|[from] item: Rocky Helmet|[of] p2a: Toxicroak
|
|-weather|Snowscape|[upkeep]
|-damage|p1a: Benito|78/100 brn|[from] brn
|upkeep
|turn|7
|
|t:|1758238118
|switch|p1a: Cumplidor|Iron Crown|100/100
|move|p2a: Toxicroak|Drain Punch|p1a: Cumplidor
|-damage|p1a: Cumplidor|74/100
|-heal|p2a: Toxicroak|27/100|[from] drain|[of] p1a: Cumplidor
|
|-weather|none
|upkeep
|turn|8
|
|t:|1758238123
|switch|p2a: Iron Treads|Iron Treads|100/100
|move|p1a: Cumplidor|Future Sight|p2a: Iron Treads
|-start|p1a: Cumplidor|move: Future Sight
|
|upkeep
|turn|9
|
|t:|1758238130
|-end|p1a: Cumplidor|Quark Drive|[silent]
|switch|p1a: Mini moltres|Talonflame, F|73/100
|move|p2a: Iron Treads|Stealth Rock|p1a: Mini moltres
|-sidestart|p1: vernie72|move: Stealth Rock
|
|upkeep
|turn|10
|
|t:|1758238134
|move|p1a: Mini moltres|Will-O-Wisp|p2a: Iron Treads
|-status|p2a: Iron Treads|brn
|move|p2a: Iron Treads|Stealth Rock||[still]
|-fail|p2a: Iron Treads
|
|-end|p2a: Iron Treads|move: Future Sight
|-resisted|p2a: Iron Treads
|-damage|p2a: Iron Treads|76/100 brn
|-heal|p2a: Iron Treads|82/100 brn|[from] item: Leftovers
|-damage|p2a: Iron Treads|76/100 brn|[from] brn
|upkeep
|turn|11
|
|t:|1758238138
|move|p1a: Mini moltres|Flare Blitz|p2a: Iron Treads
|-supereffective|p2a: Iron Treads
|-damage|p2a: Iron Treads|27/100 brn
|-damage|p1a: Mini moltres|55/100|[from] Recoil
|move|p2a: Iron Treads|Volt Switch|p1a: Mini moltres
|-supereffective|p1a: Mini moltres
|-damage|p1a: Mini moltres|29/100
|
|t:|1758238148
|-end|p2a: Iron Treads|Quark Drive|[silent]
|switch|p2a: Pelipper|Pelipper, F|100/100|[from] Volt Switch
|-weather|RainDance|[from] ability: Drizzle|[of] p2a: Pelipper
|
|-weather|RainDance|[upkeep]
|upkeep
|turn|12
|
|t:|1758238153
|switch|p1a: MVP|Ninetales-Alola, M|96/100
|-damage|p1a: MVP|71/100|[from] Stealth Rock
|-weather|Snowscape|[from] ability: Snow Warning|[of] p1a: MVP
|move|p2a: Pelipper|Hurricane|p1a: MVP
|-damage|p1a: MVP|26/100
|-start|p1a: MVP|confusion
|
|-weather|Snowscape|[upkeep]
|upkeep
|turn|13
|
|t:|1758238163
|switch|p2a: Iron Treads|Iron Treads|27/100 brn
|-activate|p1a: MVP|confusion
|move|p1a: MVP|Aurora Veil|p1a: MVP
|-sidestart|p1: vernie72|move: Aurora Veil
|
|-weather|Snowscape|[upkeep]
|-heal|p2a: Iron Treads|33/100 brn|[from] item: Leftovers
|-damage|p2a: Iron Treads|27/100 brn|[from] brn
|upkeep
|turn|14
|
|t:|1758238169
|-activate|p1a: MVP|confusion
|move|p1a: MVP|Freeze-Dry|p2a: Iron Treads
|-damage|p2a: Iron Treads|7/100 brn
|move|p2a: Iron Treads|Volt Switch|p1a: MVP
|-damage|p1a: MVP|20/100
|
|t:|1758238178
|-end|p2a: Iron Treads|Quark Drive|[silent]
|switch|p2a: Pelipper|Pelipper, F|100/100|[from] Volt Switch
|-weather|RainDance|[from] ability: Drizzle|[of] p2a: Pelipper
|
|-weather|RainDance|[upkeep]
|upkeep
|turn|15
|
|t:|1758238181
|switch|p2a: Iron Treads|Iron Treads|7/100 brn
|-activate|p1a: MVP|confusion
|-damage|p1a: MVP|12/100|[from] confusion
|
|-weather|RainDance|[upkeep]
|-heal|p2a: Iron Treads|13/100 brn|[from] item: Leftovers
|-damage|p2a: Iron Treads|7/100 brn|[from] brn
|upkeep
|turn|16
|
|t:|1758238185
|-end|p1a: MVP|confusion
|move|p1a: MVP|Freeze-Dry|p2a: Iron Treads
|-damage|p2a: Iron Treads|0 fnt
|faint|p2a: Iron Treads
|-end|p2a: Iron Treads|Quark Drive|[silent]
|
|-weather|RainDance|[upkeep]
|upkeep
|
|t:|1758238189
|switch|p2a: Barraskewda|Barraskewda, F|100/100
|turn|17
|
|t:|1758238192
|switch|p1a: Alomoñoña|Alomomola, F|100/100
|move|p2a: Barraskewda|Flip Turn|p1a: Alomoñoña
|-resisted|p1a: Alomoñoña
|-crit|p1a: Alomoñoña
|-damage|p1a: Alomoñoña|66/100
|
|t:|1758238195
|switch|p2a: Zapdos|Zapdos|100/100|[from] Flip Turn
|
|-weather|RainDance|[upkeep]
|upkeep
|turn|18
|
|t:|1758238199
|move|p2a: Zapdos|Hurricane|p1a: Alomoñoña
|-damage|p1a: Alomoñoña|28/100
|-start|p1a: Alomoñoña|confusion
|-activate|p1a: Alomoñoña|confusion
|-damage|p1a: Alomoñoña|24/100|[from] confusion
|
|-weather|RainDance|[upkeep]
|upkeep
|turn|19
|
|t:|1758238204
|switch|p1a: Cumplidor|Iron Crown|74/100
|-damage|p1a: Cumplidor|68/100|[from] Stealth Rock
|move|p2a: Zapdos|Hurricane|p1a: Cumplidor
|-resisted|p1a: Cumplidor
|-damage|p1a: Cumplidor|53/100
|-start|p1a: Cumplidor|confusion
|
|-weather|RainDance|[upkeep]
|upkeep
|turn|20
|
|t:|1758238211
|switch|p2a: Hatterene|Hatterene, F|100/100
|-activate|p1a: Cumplidor|confusion
|move|p1a: Cumplidor|Future Sight|p2a: Hatterene
|-start|p1a: Cumplidor|move: Future Sight
|
|-weather|RainDance|[upkeep]
|-sideend|p1: vernie72|move: Aurora Veil
|upkeep
|turn|21
|
|t:|1758238224
|switch|p2a: Toxicroak|Toxicroak, F|27/100
|-end|p1a: Cumplidor|confusion
|move|p1a: Cumplidor|Tachyon Cutter|p2a: Toxicroak
|-damage|p2a: Toxicroak|0 fnt
|faint|p2a: Toxicroak
|-hitcount|p2: Toxicroak|1
|
|-weather|none
|upkeep
|
|t:|1758238226
|switch|p2a: Hatterene|Hatterene, F|100/100
|turn|22
|
|t:|1758238232
|move|p1a: Cumplidor|Tachyon Cutter|p2a: Hatterene
|-supereffective|p2a: Hatterene
|-damage|p2a: Hatterene|51/100
|-supereffective|p2a: Hatterene
|-damage|p2a: Hatterene|0 fnt
|faint|p2a: Hatterene
|-hitcount|p2: Hatterene|2
|
|-hint|Future Sight did not hit because the target is fainted.
|upkeep
|
|t:|1758238236
|switch|p2a: Barraskewda|Barraskewda, F|100/100
|turn|23
|
|t:|1758238240
|move|p2a: Barraskewda|Liquidation|p1a: Cumplidor
|-crit|p1a: Cumplidor
|-damage|p1a: Cumplidor|0 fnt
|faint|p1a: Cumplidor
|-end|p1a: Cumplidor|Quark Drive|[silent]
|
|upkeep
|
|t:|1758238243
|switch|p1a: Alomoñoña|Alomomola, F|57/100
|turn|24
|
|t:|1758238249
|switch|p2a: Pelipper|Pelipper, F|100/100
|-weather|RainDance|[from] ability: Drizzle|[of] p2a: Pelipper
|move|p1a: Alomoñoña|Wish|p1a: Alomoñoña
|
|-weather|RainDance|[upkeep]
|upkeep
|turn|25
|
|t:|1758238255
|move|p2a: Pelipper|Knock Off|p1a: Alomoñoña
|-damage|p1a: Alomoñoña|49/100
|-enditem|p1a: Alomoñoña|Heavy-Duty Boots|[from] move: Knock Off|[of] p2a: Pelipper
|move|p1a: Alomoñoña|Flip Turn|p2a: Pelipper
|-resisted|p2a: Pelipper
|-damage|p2a: Pelipper|88/100
|
|t:|1758238257
|switch|p1a: Mini moltres|Talonflame, F|29/100|[from] Flip Turn
|
|-weather|RainDance|[upkeep]
|-heal|p1a: Mini moltres|94/100|[from] move: Wish|[wisher] Alomoñoña
|upkeep
|turn|26
|
|t:|1758238261
|move|p1a: Mini moltres|Defog|p2a: Pelipper
|-unboost|p2a: Pelipper|evasion|1
|-sideend|p1: vernie72|Stealth Rock|[from] move: Defog|[of] p1a: Mini moltres
|move|p2a: Pelipper|U-turn|p1a: Mini moltres
|-resisted|p1a: Mini moltres
|-damage|p1a: Mini moltres|91/100
|-status|p2a: Pelipper|brn|[from] ability: Flame Body|[of] p1a: Mini moltres
|
|t:|1758238264
|switch|p2a: Zapdos|Zapdos|100/100|[from] U-turn
|
|-weather|RainDance|[upkeep]
|upkeep
|turn|27
|
|t:|1758238271
|move|p1a: Mini moltres|Will-O-Wisp|p2a: Zapdos
|-status|p2a: Zapdos|brn
|move|p2a: Zapdos|Hurricane|p1a: Mini moltres
|-damage|p1a: Mini moltres|0 fnt
|faint|p1a: Mini moltres
|
|-weather|RainDance|[upkeep]
|-damage|p2a: Zapdos|94/100 brn|[from] brn
|upkeep
|
|t:|1758238282
|switch|p1a: MVP|Ninetales-Alola, M|12/100
|-weather|Snowscape|[from] ability: Snow Warning|[of] p1a: MVP
|turn|28
|
|t:|1758238286
|move|p1a: MVP|Aurora Veil|p1a: MVP
|-sidestart|p1: vernie72|move: Aurora Veil
|move|p2a: Zapdos|Hurricane|p1a: MVP
|-damage|p1a: MVP|0 fnt
|faint|p1a: MVP
|
|-weather|Snowscape|[upkeep]
|-damage|p2a: Zapdos|88/100 brn|[from] brn
|upkeep
|
|t:|1758238289
|switch|p1a: Pippen|Kyurem|100/100
|-ability|p1a: Pippen|Pressure
|turn|29
|
|t:|1758238301
|-terastallize|p2a: Zapdos|Flying
|move|p2a: Zapdos|Hurricane|p1a: Pippen
|-damage|p1a: Pippen|49/100
|move|p1a: Pippen|Dragon Dance|p1a: Pippen
|-boost|p1a: Pippen|atk|1
|-boost|p1a: Pippen|spe|1
|
|-weather|Snowscape|[upkeep]
|-damage|p2a: Zapdos|82/100 brn|[from] brn
|upkeep
|turn|30
|
|t:|1758238317
|switch|p2a: Pelipper|Pelipper, F|88/100 brn
|-weather|RainDance|[from] ability: Drizzle|[of] p2a: Pelipper
|move|p1a: Pippen|Icicle Spear|p2a: Pelipper
|-damage|p2a: Pelipper|67/100 brn
|-damage|p2a: Pelipper|44/100 brn
|-damage|p2a: Pelipper|23/100 brn
|-damage|p2a: Pelipper|2/100 brn
|-damage|p2a: Pelipper|0 fnt
|faint|p2a: Pelipper
|-hitcount|p2: Pelipper|5
|
|-weather|RainDance|[upkeep]
|upkeep
|
|t:|1758238322
|switch|p2a: Barraskewda|Barraskewda, F|100/100
|turn|31
|
|t:|1758238324
|move|p2a: Barraskewda|Close Combat|p1a: Pippen
|-supereffective|p1a: Pippen
|-damage|p1a: Pippen|0 fnt
|-unboost|p2a: Barraskewda|def|1
|-unboost|p2a: Barraskewda|spd|1
|faint|p1a: Pippen
|
|-weather|RainDance|[upkeep]
|upkeep
|
|t:|1758238331
|switch|p1a: Benito|Ursaluna, M|78/100 brn
|turn|32
|
|t:|1758238338
|-terastallize|p1a: Benito|Ghost
|move|p2a: Barraskewda|Close Combat|p1a: Benito
|-immune|p1a: Benito
|move|p1a: Benito|Facade|p2a: Barraskewda
|-damage|p2a: Barraskewda|0 fnt
|faint|p2a: Barraskewda
|
|-weather|RainDance|[upkeep]
|-damage|p1a: Benito|72/100 brn|[from] brn
|upkeep
|
|t:|1758238340
|switch|p2a: Zapdos|Zapdos, tera:Flying|82/100 brn
|turn|33
|
|t:|1758238343
|move|p2a: Zapdos|Hurricane|p1a: Benito
|-damage|p1a: Benito|34/100 brn
|-start|p1a: Benito|confusion
|-activate|p1a: Benito|confusion
|move|p1a: Benito|Facade|p2a: Zapdos
|-damage|p2a: Zapdos|0 fnt
|faint|p2a: Zapdos
|
|win|vernie72
|raw|vernie72's rating: 1615 &rarr; <strong>1640</strong><br />(+25 for winning)
|raw|SocialCreditLover's rating: 1696 &rarr; <strong>1671</strong><br />(-25 for losing)
|l|☆SocialCreditLover
|player|p2|
|l|☆vernie72
|player|p1|
