|j|☆john webs
|j|☆rikao01
|t:|1758299793
|gametype|singles
|player|p1|john webs|parasollady|1158
|player|p2|rikao01|hilbert|1192
|gen|9
|tier|[Gen 9] OU
|rated|
|rule|HP Percentage Mod: HP is shown in percentages
|rule|Endless Battle Clause: Forcing endless battles is banned
|rule|Species Clause: Limit one of each Pokémon
|rule|OHKO Clause: OHKO moves are banned
|rule|Evasion Items Clause: Evasion items are banned
|rule|Evasion Moves Clause: Evasion moves are banned
|rule|Evasion Abilities Clause: Evasion abilities are banned
|rule|Sleep Moves Clause: Sleep-inducing moves are banned
|clearpoke
|poke|p1|Ribombee, F|
|poke|p1|Samurott-Hisui, M|
|poke|p1|Ogerpon-Wellspring, F|
|poke|p1|Raging Bolt|
|poke|p1|Scizor, M|
|poke|p1|Rotom|
|poke|p2|Umbreon, M|
|poke|p2|Great Tusk|
|poke|p2|Gholdengo|
|poke|p2|Iron Moth|
|poke|p2|Ogerpon-Wellspring, F|
|poke|p2|Greninja-*, M|
|teampreview
|c|☆rikao01|gl hf :)
|inactive|Battle timer is ON: inactive players will automatically lose when time's up. (requested by rikao01)
|inactive|john webs has 120 seconds left.
|
|t:|1758299859
|teamsize|p1|6
|teamsize|p2|6
|start
|switch|p1a: Ribombee|Ribombee, F|100/100
|switch|p2a: Iron Moth|Iron Moth|100/100
|-enditem|p2a: Iron Moth|Booster Energy
|-activate|p2a: Iron Moth|ability: Quark Drive|[fromitem]
|-start|p2a: Iron Moth|quarkdrivespe
|turn|1
|
|t:|1758299872
|switch|p1a: Samurott|Samurott-Hisui, M|100/100
|move|p2a: Iron Moth|Sludge Wave|p1a: Samurott
|-damage|p1a: Samurott|40/100
|
|upkeep
|turn|2
|
|t:|1758299880
|move|p1a: Samurott|Aqua Jet|p2a: Iron Moth
|-supereffective|p2a: Iron Moth
|-damage|p2a: Iron Moth|32/100
|move|p2a: Iron Moth|Sludge Wave|p1a: Samurott
|-damage|p1a: Samurott|0 fnt
|faint|p1a: Samurott
|
|upkeep
|
|t:|1758299886
|switch|p1a: Raging Bolt|Raging Bolt|100/100
|-enditem|p1a: Raging Bolt|Booster Energy
|-activate|p1a: Raging Bolt|ability: Protosynthesis|[fromitem]
|-start|p1a: Raging Bolt|protosynthesisspa
|turn|3
|
|t:|1758299899
|-end|p2a: Iron Moth|Quark Drive|[silent]
|switch|p2a: Gholdengo|Gholdengo|100/100
|-item|p2a: Gholdengo|Air Balloon
|move|p1a: Raging Bolt|Dragon Pulse|p2a: Gholdengo
|-resisted|p2a: Gholdengo
|-damage|p2a: Gholdengo|67/100
|-enditem|p2a: Gholdengo|Air Balloon
|
|upkeep
|turn|4
|
|t:|1758299917
|-terastallize|p2a: Gholdengo|Fairy
|move|p1a: Raging Bolt|Thunderbolt|p2a: Gholdengo
|-damage|p2a: Gholdengo|4/100
|move|p2a: Gholdengo|Dazzling Gleam|p1a: Raging Bolt
|-supereffective|p1a: Raging Bolt
|-damage|p1a: Raging Bolt|24/100
|
|upkeep
|turn|5
|
|t:|1758299937
|move|p1a: Raging Bolt|Thunderbolt|p2a: Gholdengo
|-damage|p2a: Gholdengo|0 fnt
|faint|p2a: Gholdengo
|
|upkeep
|
|t:|1758299945
|switch|p2a: Great Tusk|Great Tusk|100/100
|turn|6
|
|t:|1758299958
|-end|p1a: Raging Bolt|Protosynthesis|[silent]
|switch|p1a: Rotom|Rotom|100/100
|move|p2a: Great Tusk|Rapid Spin|p1a: Rotom
|-immune|p1a: Rotom
|
|upkeep
|turn|7
|
|t:|1758299964
|move|p1a: Rotom|Nasty Plot|p1a: Rotom
|-boost|p1a: Rotom|spa|2
|move|p2a: Great Tusk|Ice Spinner|p1a: Rotom
|-damage|p1a: Rotom|59/100
|
|-heal|p1a: Rotom|65/100|[from] item: Leftovers
|upkeep
|turn|8
|
|t:|1758299974
|move|p1a: Rotom|Shadow Ball|p2a: Great Tusk
|-damage|p2a: Great Tusk|16/100
|move|p2a: Great Tusk|Stealth Rock|p1a: Rotom
|-sidestart|p1: john webs|move: Stealth Rock
|
|-heal|p1a: Rotom|71/100|[from] item: Leftovers
|upkeep
|turn|9
|
|t:|1758299980
|move|p1a: Rotom|Shadow Ball|p2a: Great Tusk
|-damage|p2a: Great Tusk|0 fnt
|faint|p2a: Great Tusk
|-end|p2a: Great Tusk|Protosynthesis|[silent]
|
|-heal|p1a: Rotom|78/100|[from] item: Leftovers
|upkeep
|
|t:|1758299985
|switch|p2a: Greninja|Greninja, M|100/100
|turn|10
|
|t:|1758299999
|switch|p1a: Ribombee|Ribombee, F|100/100
|move|p2a: Greninja|Dark Pulse|p1a: Ribombee
|-start|p2a: Greninja|typechange|Dark|[from] ability: Protean
|-resisted|p1a: Ribombee
|-damage|p1a: Ribombee|71/100
|
|upkeep
|turn|11
|
|t:|1758300009
|switch|p2a: Umbreon|Umbreon, M, shiny|100/100
|move|p1a: Ribombee|Sticky Web|p2a: Umbreon
|-sidestart|p2: rikao01|move: Sticky Web
|
|upkeep
|turn|12
|
|t:|1758300015
|move|p1a: Ribombee|Quiver Dance|p1a: Ribombee
|-boost|p1a: Ribombee|spa|1
|-boost|p1a: Ribombee|spd|1
|-boost|p1a: Ribombee|spe|1
|move|p2a: Umbreon|Toxic|p1a: Ribombee
|-status|p1a: Ribombee|tox
|
|-damage|p1a: Ribombee|65/100 tox|[from] psn
|upkeep
|turn|13
|
|t:|1758300023
|move|p1a: Ribombee|Moonblast|p2a: Umbreon
|-supereffective|p2a: Umbreon
|-damage|p2a: Umbreon|37/100
|-unboost|p2a: Umbreon|spa|1
|move|p2a: Umbreon|Wish|p2a: Umbreon
|
|-heal|p2a: Umbreon|44/100|[from] item: Leftovers
|-damage|p1a: Ribombee|53/100 tox|[from] psn
|upkeep
|turn|14
|
|t:|1758300043
|switch|p1a: Scizor|Scizor, M|100/100
|-damage|p1a: Scizor|88/100|[from] Stealth Rock
|move|p2a: Umbreon|Protect||[still]
|-fail|p2a: Umbreon
|
|-heal|p2a: Umbreon|93/100|[from] move: Wish|[wisher] Umbreon
|-heal|p2a: Umbreon|99/100|[from] item: Leftovers
|upkeep
|turn|15
|
|t:|1758300060
|move|p2a: Umbreon|Protect|p2a: Umbreon
|-singleturn|p2a: Umbreon|Protect
|move|p1a: Scizor|Swords Dance|p1a: Scizor
|-boost|p1a: Scizor|atk|2
|
|-heal|p2a: Umbreon|100/100|[from] item: Leftovers
|upkeep
|turn|16
|
|t:|1758300068
|move|p1a: Scizor|Close Combat|p2a: Umbreon
|-supereffective|p2a: Umbreon
|-crit|p2a: Umbreon
|-damage|p2a: Umbreon|0 fnt
|-unboost|p1a: Scizor|def|1
|-unboost|p1a: Scizor|spd|1
|faint|p2a: Umbreon
|-damage|p1a: Scizor|78/100|[from] item: Life Orb
|
|upkeep
|
|t:|1758300075
|switch|p2a: Iron Moth|Iron Moth|32/100
|-activate|p2a: Iron Moth|move: Sticky Web
|-unboost|p2a: Iron Moth|spe|1
|turn|17
|
|t:|1758300095
|move|p1a: Scizor|Bullet Punch|p2a: Iron Moth
|-resisted|p2a: Iron Moth
|-damage|p2a: Iron Moth|0 fnt
|faint|p2a: Iron Moth
|-end|p2a: Iron Moth|Quark Drive|[silent]
|-damage|p1a: Scizor|68/100|[from] item: Life Orb
|
|upkeep
|
|t:|1758300101
|switch|p2a: Ogerpon|Ogerpon-Wellspring, F|100/100
|-activate|p2a: Ogerpon|move: Sticky Web
|-unboost|p2a: Ogerpon|spe|1
|turn|18
|
|t:|1758300108
|move|p1a: Scizor|Bullet Punch|p2a: Ogerpon
|-resisted|p2a: Ogerpon
|-damage|p2a: Ogerpon|47/100
|-damage|p1a: Scizor|58/100|[from] item: Life Orb
|move|p2a: Ogerpon|Swords Dance|p2a: Ogerpon
|-boost|p2a: Ogerpon|atk|2
|
|upkeep
|turn|19
|
|t:|1758300115
|move|p1a: Scizor|Bullet Punch|p2a: Ogerpon
|-resisted|p2a: Ogerpon
|-damage|p2a: Ogerpon|0 fnt
|faint|p2a: Ogerpon
|-damage|p1a: Scizor|48/100|[from] item: Life Orb
|
|upkeep
|-message|rikao01 forfeited.
|
|win|john webs
|raw|john webs's rating: 1180 &rarr; <strong>1206</strong><br />(+26 for winning)
|raw|rikao01's rating: 1192 &rarr; <strong>1166</strong><br />(-26 for losing)
|l|☆rikao01
|player|p2|
|l|☆john webs
|player|p1|
