|j|☆s1t4
|j|☆Leon717
|t:|1758298365
|gametype|singles
|player|p1|s1t4|265|1229
|player|p2|Leon717|red|1223
|gen|9
|tier|[Gen 9] OU
|rated|
|rule|HP Percentage Mod: HP is shown in percentages
|rule|Endless Battle Clause: Forcing endless battles is banned
|rule|Species Clause: Limit one of each Pokémon
|rule|OHKO Clause: OHKO moves are banned
|rule|Evasion Items Clause: Evasion items are banned
|rule|Evasion Moves Clause: Evasion moves are banned
|rule|Evasion Abilities Clause: Evasion abilities are banned
|rule|Sleep Moves Clause: Sleep-inducing moves are banned
|clearpoke
|poke|p1|Kingdra, F|
|poke|p1|Pelipper, M|
|poke|p1|Dugtrio-Alola, M|
|poke|p1|Samurott-Hisui, M|
|poke|p1|Politoed, M|
|poke|p1|Weezing-Galar, F|
|poke|p2|Kingambit, M|
|poke|p2|Rillaboom, M|
|poke|p2|Dragonite, M|
|poke|p2|Primarina, F|
|poke|p2|Iron Hands|
|poke|p2|Glimmora, F|
|teampreview
|
|t:|1758298371
|teamsize|p1|6
|teamsize|p2|6
|start
|switch|p1a: Politoed|Politoed, M|100/100
|switch|p2a: Iron Hands|Iron Hands|100/100
|-weather|RainDance|[from] ability: Drizzle|[of] p1a: Politoed
|turn|1
|inactive|Battle timer is ON: inactive players will automatically lose when time's up. (requested by Leon717)
|
|t:|1758298381
|switch|p1a: Dugtrio|Dugtrio-Alola, M|100/100
|move|p2a: Iron Hands|Fake Out|p1a: Dugtrio
|-resisted|p1a: Dugtrio
|-damage|p1a: Dugtrio|80/100
|-ability|p1a: Dugtrio|Tangling Hair
|-unboost|p2a: Iron Hands|spe|1
|
|-weather|RainDance|[upkeep]
|upkeep
|turn|2
|
|t:|1758298390
|move|p1a: Dugtrio|Earthquake|p2a: Iron Hands
|-supereffective|p2a: Iron Hands
|-damage|p2a: Iron Hands|18/100
|move|p2a: Iron Hands|Drain Punch|p1a: Dugtrio
|-supereffective|p1a: Dugtrio
|-damage|p1a: Dugtrio|0 fnt
|-heal|p2a: Iron Hands|36/100|[from] drain|[of] p1a: Dugtrio
|-ability|p1a: Dugtrio|Tangling Hair
|-unboost|p2a: Iron Hands|spe|1
|faint|p1a: Dugtrio
|
|-weather|RainDance|[upkeep]
|upkeep
|
|t:|1758298400
|switch|p1a: Kingdra|Kingdra, F|100/100
|turn|3
|
|t:|1758298409
|-end|p2a: Iron Hands|Quark Drive|[silent]
|switch|p2a: Primarina|Primarina, F|100/100
|move|p1a: Kingdra|Hurricane|p2a: Primarina
|-damage|p2a: Primarina|52/100
|-start|p2a: Primarina|confusion
|
|-weather|RainDance|[upkeep]
|upkeep
|turn|4
|
|t:|1758298417
|move|p1a: Kingdra|Hurricane|p2a: Primarina
|-damage|p2a: Primarina|3/100
|-activate|p2a: Primarina|confusion
|-damage|p2a: Primarina|0 fnt|[from] confusion
|faint|p2a: Primarina
|
|-weather|RainDance|[upkeep]
|upkeep
|
|t:|1758298432
|switch|p2a: Glimmora|Glimmora, F|100/100
|turn|5
|
|t:|1758298439
|switch|p1a: Politoed|Politoed, M|100/100
|move|p2a: Glimmora|Stealth Rock|p1a: Politoed
|-sidestart|p1: s1t4|move: Stealth Rock
|
|-weather|RainDance|[upkeep]
|upkeep
|turn|6
|
|t:|1758298446
|move|p2a: Glimmora|Spikes|p1a: Politoed
|-sidestart|p1: s1t4|Spikes
|move|p1a: Politoed|Weather Ball|p2a: Glimmora
|-supereffective|p2a: Glimmora
|-damage|p2a: Glimmora|18/100
|
|-weather|RainDance|[upkeep]
|upkeep
|turn|7
|
|t:|1758298452
|move|p2a: Glimmora|Spikes|p1a: Politoed
|-sidestart|p1: s1t4|Spikes
|move|p1a: Politoed|Weather Ball|p2a: Glimmora
|-supereffective|p2a: Glimmora
|-damage|p2a: Glimmora|0 fnt
|faint|p2a: Glimmora
|
|-weather|RainDance|[upkeep]
|upkeep
|
|t:|1758298460
|switch|p2a: Rillaboom|Rillaboom, M|100/100
|-fieldstart|move: Grassy Terrain|[from] ability: Grassy Surge|[of] p2a: Rillaboom
|turn|8
|
|t:|1758298466
|switch|p1a: Weezing|Weezing-Galar, F|100/100
|-ability|p1a: Weezing|Neutralizing Gas
|-damage|p1a: Weezing|88/100|[from] Stealth Rock
|-damage|p1a: Weezing|72/100|[from] Spikes
|move|p2a: Rillaboom|Fake Out|p1a: Weezing
|-damage|p1a: Weezing|62/100
|
|-weather|none
|-heal|p1a: Weezing|68/100|[from] Grassy Terrain
|-heal|p1a: Weezing|74/100|[from] item: Leftovers
|upkeep
|turn|9
|
|t:|1758298482
|move|p2a: Rillaboom|U-turn|p1a: Weezing
|-resisted|p1a: Weezing
|-damage|p1a: Weezing|70/100
|
|t:|1758298485
|switch|p2a: Kingambit|Kingambit, M|100/100|[from] U-turn
|move|p1a: Weezing|Defog|p2a: Kingambit
|-unboost|p2a: Kingambit|evasion|1
|-sideend|p1: s1t4|Spikes|[from] move: Defog|[of] p1a: Weezing
|-sideend|p1: s1t4|Stealth Rock|[from] move: Defog|[of] p1a: Weezing
|-fieldend|move: Grassy Terrain
|
|-heal|p1a: Weezing|76/100|[from] item: Leftovers
|upkeep
|turn|10
|
|t:|1758298493
|move|p1a: Weezing|Memento|p2a: Kingambit
|-unboost|p2a: Kingambit|atk|2
|-unboost|p2a: Kingambit|spa|2
|faint|p1a: Weezing
|-end|p1a: Weezing|ability: Neutralizing Gas
|-activate|p2a: Kingambit|ability: Supreme Overlord
|-start|p2a: Kingambit|fallen2|[silent]
|move|p2a: Kingambit|Swords Dance|p2a: Kingambit
|-boost|p2a: Kingambit|atk|2
|
|upkeep
|
|t:|1758298509
|switch|p1a: Pelipper|Pelipper, M|100/100
|-weather|RainDance|[from] ability: Drizzle|[of] p1a: Pelipper
|turn|11
|
|t:|1758298517
|move|p1a: Pelipper|Weather Ball|p2a: Kingambit
|-damage|p2a: Kingambit|53/100
|move|p2a: Kingambit|Swords Dance|p2a: Kingambit
|-boost|p2a: Kingambit|atk|2
|
|-weather|RainDance|[upkeep]
|upkeep
|turn|12
|
|t:|1758298524
|move|p2a: Kingambit|Sucker Punch|p1a: Pelipper
|-damage|p1a: Pelipper|18/100
|move|p1a: Pelipper|Weather Ball|p2a: Kingambit
|-damage|p2a: Kingambit|8/100
|
|-weather|RainDance|[upkeep]
|upkeep
|turn|13
|
|t:|1758298531
|move|p2a: Kingambit|Sucker Punch||[still]
|-fail|p2a: Kingambit
|move|p1a: Pelipper|Roost|p1a: Pelipper
|-heal|p1a: Pelipper|68/100
|-singleturn|p1a: Pelipper|move: Roost
|
|-weather|RainDance|[upkeep]
|upkeep
|turn|14
|
|t:|1758298538
|move|p1a: Pelipper|Weather Ball|p2a: Kingambit
|-damage|p2a: Kingambit|0 fnt
|faint|p2a: Kingambit
|-end|p2a: Kingambit|fallen2|[silent]
|
|-weather|RainDance|[upkeep]
|upkeep
|
|t:|1758298545
|switch|p2a: Iron Hands|Iron Hands|36/100
|turn|15
|
|t:|1758298548
|move|p2a: Iron Hands|Fake Out|p1a: Pelipper
|-damage|p1a: Pelipper|55/100
|cant|p1a: Pelipper|flinch
|
|-weather|RainDance|[upkeep]
|upkeep
|turn|16
|
|t:|1758298554
|move|p1a: Pelipper|Weather Ball|p2a: Iron Hands
|-damage|p2a: Iron Hands|10/100
|move|p2a: Iron Hands|Supercell Slam|p1a: Pelipper
|-supereffective|p1a: Pelipper
|-damage|p1a: Pelipper|0 fnt
|faint|p1a: Pelipper
|
|-weather|RainDance|[upkeep]
|upkeep
|
|t:|1758298559
|switch|p1a: Samurott|Samurott-Hisui, M|100/100
|turn|17
|
|t:|1758298570
|move|p1a: Samurott|Ceaseless Edge|p2a: Iron Hands
|-resisted|p2a: Iron Hands
|-damage|p2a: Iron Hands|0 fnt
|-sidestart|p2: Leon717|Spikes
|faint|p2a: Iron Hands
|-end|p2a: Iron Hands|Quark Drive|[silent]
|
|-weather|RainDance|[upkeep]
|upkeep
|
|t:|1758298578
|switch|p2a: Rillaboom|Rillaboom, M|100/100
|-damage|p2a: Rillaboom|88/100|[from] Spikes
|-fieldstart|move: Grassy Terrain|[from] ability: Grassy Surge|[of] p2a: Rillaboom
|turn|18
|
|t:|1758298587
|move|p2a: Rillaboom|Fake Out|p1a: Samurott
|-damage|p1a: Samurott|81/100
|cant|p1a: Samurott|flinch
|
|-weather|none
|-heal|p1a: Samurott|88/100|[from] Grassy Terrain
|-heal|p2a: Rillaboom|94/100|[from] Grassy Terrain
|upkeep
|turn|19
|
|t:|1758298602
|move|p1a: Samurott|Ceaseless Edge|p2a: Rillaboom
|-damage|p2a: Rillaboom|54/100
|-sidestart|p2: Leon717|Spikes
|move|p2a: Rillaboom|Drum Beating|p1a: Samurott
|-supereffective|p1a: Samurott
|-damage|p1a: Samurott|0 fnt
|faint|p1a: Samurott
|
|-heal|p2a: Rillaboom|61/100|[from] Grassy Terrain
|upkeep
|
|t:|1758298609
|switch|p1a: Politoed|Politoed, M|100/100
|-weather|RainDance|[from] ability: Drizzle|[of] p1a: Politoed
|turn|20
|
|t:|1758298620
|move|p2a: Rillaboom|Drum Beating|p1a: Politoed
|-supereffective|p1a: Politoed
|-damage|p1a: Politoed|0 fnt
|faint|p1a: Politoed
|
|-weather|RainDance|[upkeep]
|-heal|p2a: Rillaboom|67/100|[from] Grassy Terrain
|upkeep
|
|t:|1758298622
|switch|p1a: Kingdra|Kingdra, F|100/100
|turn|21
|
|t:|1758298630
|move|p1a: Kingdra|Hurricane|p2a: Rillaboom
|-supereffective|p2a: Rillaboom
|-damage|p2a: Rillaboom|0 fnt
|faint|p2a: Rillaboom
|
|-weather|RainDance|[upkeep]
|upkeep
|
|t:|1758298635
|switch|p2a: Dragonite|Dragonite, M|100/100
|turn|22
|
|t:|1758298645
|move|p1a: Kingdra|Hurricane|p2a: Dragonite
|-damage|p2a: Dragonite|73/100
|move|p2a: Dragonite|Dragon Dance|p2a: Dragonite
|-boost|p2a: Dragonite|atk|1
|-boost|p2a: Dragonite|spe|1
|
|-weather|RainDance|[upkeep]
|-fieldend|move: Grassy Terrain
|upkeep
|turn|23
|
|t:|1758298654
|move|p1a: Kingdra|Hurricane|p2a: Dragonite
|-damage|p2a: Dragonite|16/100
|move|p2a: Dragonite|Earthquake|p1a: Kingdra
|-damage|p1a: Kingdra|34/100
|
|-weather|RainDance|[upkeep]
|upkeep
|turn|24
|
|t:|1758298660
|move|p2a: Dragonite|Extreme Speed|p1a: Kingdra
|-damage|p1a: Kingdra|0 fnt
|faint|p1a: Kingdra
|
|win|Leon717
|raw|s1t4's rating: 1229 &rarr; <strong>1204</strong><br />(-25 for losing)
|raw|Leon717's rating: 1223 &rarr; <strong>1248</strong><br />(+25 for winning)
|l|☆s1t4
|player|p1|
|l|☆Leon717
|player|p2|
