|j|☆nale581
|j|☆wlk12345
|t:|1758270714
|gametype|singles
|player|p1|nale581|n|1175
|player|p2|wlk12345|101|1139
|gen|9
|tier|[Gen 9] OU
|rated|
|rule|HP Percentage Mod: HP is shown in percentages
|rule|Endless Battle Clause: Forcing endless battles is banned
|rule|Species Clause: Limit one of each Pokémon
|rule|OHKO Clause: OHKO moves are banned
|rule|Evasion Items Clause: Evasion items are banned
|rule|Evasion Moves Clause: Evasion moves are banned
|rule|Evasion Abilities Clause: Evasion abilities are banned
|rule|Sleep Moves Clause: Sleep-inducing moves are banned
|clearpoke
|poke|p1|Garganacl, F|
|poke|p1|Kingambit, M|
|poke|p1|Great Tusk|
|poke|p1|Gliscor, F|
|poke|p1|Slowking-Galar, M|
|poke|p1|Rillaboom, M|
|poke|p2|Alomomola, M|
|poke|p2|Gliscor, M|
|poke|p2|Ursaluna, F|
|poke|p2|Meowscarada, M|
|poke|p2|Cinccino, F|
|poke|p2|Hatterene, F|
|teampreview
|inactive|Battle timer is ON: inactive players will automatically lose when time's up. (requested by nale581)
|
|t:|1758270726
|teamsize|p1|6
|teamsize|p2|6
|start
|switch|p1a: Rillaboom|Rillaboom, M|100/100
|switch|p2a: Cinccino|Cinccino, F|100/100
|-fieldstart|move: Grassy Terrain|[from] ability: Grassy Surge|[of] p1a: Rillaboom
|turn|1
|
|t:|1758270736
|move|p2a: Cinccino|Triple Axel|p1a: Rillaboom
|-supereffective|p1a: Rillaboom
|-damage|p1a: Rillaboom|82/100
|-supereffective|p1a: Rillaboom
|-damage|p1a: Rillaboom|49/100
|-supereffective|p1a: Rillaboom
|-damage|p1a: Rillaboom|0 fnt
|faint|p1a: Rillaboom
|-hitcount|p1: Rillaboom|3
|
|upkeep
|
|t:|1758270744
|switch|p1a: Great Tusk|Great Tusk|100/100
|turn|2
|
|t:|1758270749
|move|p2a: Cinccino|Triple Axel|p1a: Great Tusk
|-supereffective|p1a: Great Tusk
|-damage|p1a: Great Tusk|89/100
|-supereffective|p1a: Great Tusk
|-crit|p1a: Great Tusk
|-damage|p1a: Great Tusk|56/100
|-supereffective|p1a: Great Tusk
|-damage|p1a: Great Tusk|24/100
|-hitcount|p1a: Great Tusk|3
|move|p1a: Great Tusk|Close Combat|p2a: Cinccino
|-supereffective|p2a: Cinccino
|-damage|p2a: Cinccino|0 fnt
|-unboost|p1a: Great Tusk|def|1
|-unboost|p1a: Great Tusk|spd|1
|faint|p2a: Cinccino
|
|-heal|p1a: Great Tusk|30/100|[from] Grassy Terrain
|upkeep
|
|t:|1758270766
|switch|p2a: Alomomola|Alomomola, M|100/100
|turn|3
|
|t:|1758270777
|move|p1a: Great Tusk|Knock Off|p2a: Alomomola
|-damage|p2a: Alomomola|82/100
|-damage|p1a: Great Tusk|13/100|[from] item: Rocky Helmet|[of] p2a: Alomomola
|-enditem|p2a: Alomomola|Rocky Helmet|[from] move: Knock Off|[of] p1a: Great Tusk
|move|p2a: Alomomola|Flip Turn|p1a: Great Tusk
|-supereffective|p1a: Great Tusk
|-damage|p1a: Great Tusk|0 fnt
|faint|p1a: Great Tusk
|-end|p1a: Great Tusk|Protosynthesis|[silent]
|
|t:|1758270792
|switch|p2a: Gliscor|Gliscor, M|100/100|[from] Flip Turn
|
|-status|p2a: Gliscor|tox|[from] item: Toxic Orb
|upkeep
|
|t:|1758270809
|switch|p1a: Garganacl|Garganacl, F|100/100
|turn|4
|
|t:|1758270814
|-terastallize|p1a: Garganacl|Water
|move|p2a: Gliscor|Knock Off|p1a: Garganacl
|-damage|p1a: Garganacl|85/100
|-enditem|p1a: Garganacl|Leftovers|[from] move: Knock Off|[of] p2a: Gliscor
|move|p1a: Garganacl|Salt Cure|p2a: Gliscor
|-damage|p2a: Gliscor|92/100 tox
|-start|p2a: Gliscor|Salt Cure
|
|-heal|p1a: Garganacl|91/100|[from] Grassy Terrain
|-heal|p2a: Gliscor|100/100 tox|[from] ability: Poison Heal
|-damage|p2a: Gliscor|88/100 tox|[from] Salt Cure
|upkeep
|turn|5
|
|t:|1758270828
|move|p2a: Gliscor|U-turn|p1a: Garganacl
|-damage|p1a: Garganacl|81/100
|
|t:|1758270831
|switch|p2a: Meowscarada|Meowscarada, M|100/100|[from] U-turn
|move|p1a: Garganacl|Stealth Rock|p2a: Meowscarada
|-sidestart|p2: wlk12345|move: Stealth Rock
|
|-heal|p1a: Garganacl|87/100|[from] Grassy Terrain
|-fieldend|move: Grassy Terrain
|upkeep
|turn|6
|
|t:|1758270845
|switch|p1a: Slowking|Slowking-Galar, M|100/100
|move|p2a: Meowscarada|Brick Break|p1a: Slowking
|-start|p2a: Meowscarada|typechange|Fighting|[from] ability: Protean
|-resisted|p1a: Slowking
|-damage|p1a: Slowking|90/100
|
|upkeep
|turn|7
|
|t:|1758270862
|switch|p2a: Alomomola|Alomomola, M|100/100
|-damage|p2a: Alomomola|88/100|[from] Stealth Rock
|move|p1a: Slowking|Sludge Bomb|p2a: Alomomola
|-damage|p2a: Alomomola|55/100
|
|upkeep
|turn|8
|
|t:|1758270871
|move|p2a: Alomomola|Flip Turn|p1a: Slowking
|-crit|p1a: Slowking
|-damage|p1a: Slowking|71/100
|
|t:|1758270875
|switch|p2a: Hatterene|Hatterene, F|100/100|[from] Flip Turn
|-damage|p2a: Hatterene|88/100|[from] Stealth Rock
|move|p1a: Slowking|Future Sight|p2a: Hatterene
|-start|p1a: Slowking|move: Future Sight
|
|upkeep
|turn|9
|
|t:|1758270893
|move|p1a: Slowking|Sludge Bomb|p2a: Hatterene
|-supereffective|p2a: Hatterene
|-damage|p2a: Hatterene|40/100
|move|p2a: Hatterene|Psychic Noise|p1a: Slowking
|-crit|p1a: Slowking
|-damage|p1a: Slowking|29/100
|-start|p1a: Slowking|move: Heal Block
|
|upkeep
|turn|10
|
|t:|1758270905
|switch|p1a: Gliscor|Gliscor, F|100/100
|move|p2a: Hatterene|Psychic Noise|p1a: Gliscor
|-damage|p1a: Gliscor|69/100
|-start|p1a: Gliscor|move: Heal Block
|
|-end|p2a: Hatterene|move: Future Sight
|-resisted|p2a: Hatterene
|-damage|p2a: Hatterene|25/100
|-status|p1a: Gliscor|tox|[from] item: Toxic Orb
|upkeep
|turn|11
|
|t:|1758270918
|move|p1a: Gliscor|Earthquake|p2a: Hatterene
|-damage|p2a: Hatterene|0 fnt
|faint|p2a: Hatterene
|
|-end|p1a: Gliscor|move: Heal Block
|upkeep
|
|t:|1758270930
|switch|p2a: Ursaluna|Ursaluna, F|100/100
|-damage|p2a: Ursaluna|94/100|[from] Stealth Rock
|turn|12
|
|t:|1758270935
|move|p1a: Gliscor|Knock Off|p2a: Ursaluna
|-damage|p2a: Ursaluna|79/100
|-enditem|p2a: Ursaluna|Flame Orb|[from] move: Knock Off|[of] p1a: Gliscor
|move|p2a: Ursaluna|Avalanche|p1a: Gliscor
|-supereffective|p1a: Gliscor
|-damage|p1a: Gliscor|0 fnt
|faint|p1a: Gliscor
|
|upkeep
|
|t:|1758270945
|switch|p1a: Kingambit|Kingambit, M|100/100
|-activate|p1a: Kingambit|ability: Supreme Overlord
|-start|p1a: Kingambit|fallen3|[silent]
|turn|13
|
|t:|1758270950
|move|p2a: Ursaluna|Drain Punch|p1a: Kingambit
|-supereffective|p1a: Kingambit
|-damage|p1a: Kingambit|8/100
|-heal|p2a: Ursaluna|100/100|[from] drain|[of] p1a: Kingambit
|move|p1a: Kingambit|Kowtow Cleave|p2a: Ursaluna
|-damage|p2a: Ursaluna|60/100
|
|-heal|p1a: Kingambit|15/100|[from] item: Leftovers
|upkeep
|turn|14
|
|t:|1758270967
|-end|p1a: Kingambit|fallen3|[silent]
|switch|p1a: Slowking|Slowking-Galar, M|62/100
|move|p2a: Ursaluna|Drain Punch|p1a: Slowking
|-resisted|p1a: Slowking
|-damage|p1a: Slowking|56/100
|-heal|p2a: Ursaluna|63/100|[from] drain|[of] p1a: Slowking
|
|upkeep
|turn|15
|
|t:|1758270978
|move|p2a: Ursaluna|Headlong Rush|p1a: Slowking
|-supereffective|p1a: Slowking
|-damage|p1a: Slowking|0 fnt
|-unboost|p2a: Ursaluna|def|1
|-unboost|p2a: Ursaluna|spd|1
|faint|p1a: Slowking
|
|upkeep
|
|t:|1758270981
|switch|p1a: Garganacl|Garganacl, F, tera:Water|87/100
|turn|16
|
|t:|1758270994
|switch|p2a: Meowscarada|Meowscarada, M|100/100
|-damage|p2a: Meowscarada|88/100|[from] Stealth Rock
|move|p1a: Garganacl|Salt Cure|p2a: Meowscarada
|-damage|p2a: Meowscarada|63/100
|-start|p2a: Meowscarada|Salt Cure
|
|-damage|p2a: Meowscarada|51/100|[from] Salt Cure
|upkeep
|turn|17
|
|t:|1758271006
|move|p1a: Garganacl|Protect|p1a: Garganacl
|-singleturn|p1a: Garganacl|Protect
|move|p2a: Meowscarada|Flower Trick|p1a: Garganacl
|-start|p2a: Meowscarada|typechange|Grass|[from] ability: Protean
|-activate|p1a: Garganacl|move: Protect
|
|-damage|p2a: Meowscarada|39/100|[from] Salt Cure
|upkeep
|turn|18
|
|t:|1758271016
|switch|p1a: Kingambit|Kingambit, M|15/100
|-activate|p1a: Kingambit|ability: Supreme Overlord
|-start|p1a: Kingambit|fallen4|[silent]
|move|p2a: Meowscarada|Flower Trick|p1a: Kingambit
|-resisted|p1a: Kingambit
|-crit|p1a: Kingambit
|-damage|p1a: Kingambit|0 fnt
|faint|p1a: Kingambit
|-end|p1a: Kingambit|fallen4|[silent]
|
|-damage|p2a: Meowscarada|26/100|[from] Salt Cure
|upkeep
|
|t:|1758271023
|switch|p1a: Garganacl|Garganacl, F, tera:Water|87/100
|turn|19
|
|t:|1758271030
|move|p2a: Meowscarada|Flower Trick|p1a: Garganacl
|-supereffective|p1a: Garganacl
|-crit|p1a: Garganacl
|-damage|p1a: Garganacl|0 fnt
|faint|p1a: Garganacl
|
|win|wlk12345
|raw|nale581's rating: 1175 &rarr; <strong>1147</strong><br />(-28 for losing)
|raw|wlk12345's rating: 1139 &rarr; <strong>1167</strong><br />(+28 for winning)
|l|☆wlk12345
|player|p2|
|l|☆nale581
|player|p1|
