|j|☆Pikadavid14
|j|☆Trumpismessiah
|t:|1758338796
|gametype|singles
|player|p1|Pikadavid14|lucas|1489
|player|p2|Trumpismessiah|266|1500
|gen|9
|tier|[Gen 9] OU
|rated|
|rule|HP Percentage Mod: HP is shown in percentages
|rule|Endless Battle Clause: Forcing endless battles is banned
|rule|Species Clause: Limit one of each Pokémon
|rule|OHKO Clause: OHKO moves are banned
|rule|Evasion Items Clause: Evasion items are banned
|rule|Evasion Moves Clause: Evasion moves are banned
|rule|Evasion Abilities Clause: Evasion abilities are banned
|rule|Sleep Moves Clause: Sleep-inducing moves are banned
|clearpoke
|poke|p1|Iron Moth|
|poke|p1|Ogerpon-Wellspring, F|
|poke|p1|Gholdengo|
|poke|p1|Great Tusk|
|poke|p1|Dragonite, M|
|poke|p1|Ribombee, F|
|poke|p2|Snorlax, M|
|poke|p2|Pikachu, F|
|poke|p2|Gengar, M|
|poke|p2|Moltres|
|poke|p2|Vileplume, M|
|poke|p2|Vaporeon, M|
|teampreview
|inactive|Battle timer is ON: inactive players will automatically lose when time's up. (requested by Pikadavid14)
|
|t:|1758338815
|teamsize|p1|6
|teamsize|p2|6
|start
|switch|p1a: Ribombee|Ribombee, F|100/100
|switch|p2a: Pikachu|Pikachu, F|100/100
|turn|1
|
|t:|1758338821
|move|p1a: Ribombee|Sticky Web|p2a: Pikachu
|-sidestart|p2: Trumpismessiah|move: Sticky Web
|move|p2a: Pikachu|Volt Tackle|p1a: Ribombee
|-enditem|p1a: Ribombee|Focus Sash
|-damage|p1a: Ribombee|1/100
|-damage|p2a: Pikachu|60/100|[from] Recoil
|
|upkeep
|turn|2
|
|t:|1758338828
|move|p2a: Pikachu|Quick Attack|p1a: Ribombee
|-damage|p1a: Ribombee|0 fnt
|faint|p1a: Ribombee
|
|upkeep
|
|t:|1758338835
|switch|p1a: Iron Moth|Iron Moth|100/100
|-enditem|p1a: Iron Moth|Booster Energy
|-activate|p1a: Iron Moth|ability: Quark Drive|[fromitem]
|-start|p1a: Iron Moth|quarkdrivespe
|turn|3
|
|t:|1758338839
|switch|p2a: Vaporeon|Vaporeon, M|100/100
|-activate|p2a: Vaporeon|move: Sticky Web
|-unboost|p2a: Vaporeon|spe|1
|move|p1a: Iron Moth|Fiery Dance|p2a: Vaporeon
|-resisted|p2a: Vaporeon
|-damage|p2a: Vaporeon|89/100
|
|-heal|p2a: Vaporeon|95/100|[from] item: Leftovers
|upkeep
|turn|4
|
|t:|1758338849
|move|p1a: Iron Moth|Energy Ball|p2a: Vaporeon
|-supereffective|p2a: Vaporeon
|-damage|p2a: Vaporeon|59/100
|move|p2a: Vaporeon|Scald|p1a: Iron Moth
|-supereffective|p1a: Iron Moth
|-damage|p1a: Iron Moth|39/100
|
|-heal|p2a: Vaporeon|65/100|[from] item: Leftovers
|upkeep
|turn|5
|
|t:|1758338861
|move|p1a: Iron Moth|Energy Ball|p2a: Vaporeon
|-supereffective|p2a: Vaporeon
|-damage|p2a: Vaporeon|29/100
|move|p2a: Vaporeon|Wish|p2a: Vaporeon
|
|-heal|p2a: Vaporeon|35/100|[from] item: Leftovers
|upkeep
|turn|6
|
|t:|1758338868
|move|p2a: Vaporeon|Protect|p2a: Vaporeon
|-singleturn|p2a: Vaporeon|Protect
|move|p1a: Iron Moth|Energy Ball|p2a: Vaporeon
|-activate|p2a: Vaporeon|move: Protect
|
|-heal|p2a: Vaporeon|85/100|[from] move: Wish|[wisher] Vaporeon
|-heal|p2a: Vaporeon|91/100|[from] item: Leftovers
|upkeep
|turn|7
|
|t:|1758338882
|move|p1a: Iron Moth|Energy Ball|p2a: Vaporeon
|-supereffective|p2a: Vaporeon
|-damage|p2a: Vaporeon|56/100
|move|p2a: Vaporeon|Scald|p1a: Iron Moth
|-supereffective|p1a: Iron Moth
|-damage|p1a: Iron Moth|0 fnt
|faint|p1a: Iron Moth
|-end|p1a: Iron Moth|Quark Drive|[silent]
|
|-heal|p2a: Vaporeon|63/100|[from] item: Leftovers
|upkeep
|
|t:|1758338897
|switch|p1a: Ogerpon|Ogerpon-Wellspring, F|100/100
|turn|8
|
|t:|1758338903
|switch|p2a: Vileplume|Vileplume, M|100/100
|-activate|p2a: Vileplume|move: Sticky Web
|-unboost|p2a: Vileplume|spe|1
|move|p1a: Ogerpon|Horn Leech|p2a: Vileplume
|-resisted|p2a: Vileplume
|-damage|p2a: Vileplume|91/100
|-damage|p1a: Ogerpon|84/100|[from] item: Rocky Helmet|[of] p2a: Vileplume
|
|upkeep
|turn|9
|
|t:|1758338912
|switch|p1a: Gholdengo|Gholdengo|100/100
|-item|p1a: Gholdengo|Air Balloon
|move|p2a: Vileplume|Sludge Bomb|p1a: Gholdengo
|-immune|p1a: Gholdengo
|
|upkeep
|turn|10
|
|t:|1758338919
|switch|p2a: Snorlax|Snorlax, M|100/100
|-activate|p2a: Snorlax|move: Sticky Web
|-unboost|p2a: Snorlax|spe|1
|move|p1a: Gholdengo|Shadow Ball|p2a: Snorlax
|-immune|p2a: Snorlax
|
|upkeep
|turn|11
|inactive|Pikadavid14 has 120 seconds left.
|
|t:|1758338950
|switch|p1a: Great Tusk|Great Tusk|100/100
|-enditem|p1a: Great Tusk|Booster Energy
|-activate|p1a: Great Tusk|ability: Protosynthesis|[fromitem]
|-start|p1a: Great Tusk|protosynthesisatk
|move|p2a: Snorlax|Heat Crash|p1a: Great Tusk
|-damage|p1a: Great Tusk|91/100
|
|upkeep
|turn|12
|inactive|Pikadavid14 has 120 seconds left.
|
|t:|1758338961
|switch|p2a: Moltres|Moltres|100/100
|move|p1a: Great Tusk|Rapid Spin|p2a: Moltres
|-damage|p2a: Moltres|85/100
|-boost|p1a: Great Tusk|spe|1
|
|upkeep
|turn|13
|
|t:|1758338967
|move|p1a: Great Tusk|Knock Off|p2a: Moltres
|-crit|p2a: Moltres
|-damage|p2a: Moltres|42/100
|-status|p1a: Great Tusk|brn|[from] ability: Flame Body|[of] p2a: Moltres
|-enditem|p2a: Moltres|Heavy-Duty Boots|[from] move: Knock Off|[of] p1a: Great Tusk
|move|p2a: Moltres|Will-O-Wisp|p1a: Great Tusk
|-fail|p1a: Great Tusk|brn
|
|-damage|p1a: Great Tusk|85/100 brn|[from] brn
|upkeep
|turn|14
|
|t:|1758338977
|move|p1a: Great Tusk|Ice Spinner|p2a: Moltres
|-damage|p2a: Moltres|29/100
|move|p2a: Moltres|Roost|p2a: Moltres
|-heal|p2a: Moltres|80/100
|-singleturn|p2a: Moltres|move: Roost
|
|-damage|p1a: Great Tusk|79/100 brn|[from] brn
|upkeep
|turn|15
|inactive|Pikadavid14 has 120 seconds left.
|
|t:|1758338996
|-end|p1a: Great Tusk|Protosynthesis|[silent]
|switch|p1a: Gholdengo|Gholdengo|100/100
|-item|p1a: Gholdengo|Air Balloon
|move|p2a: Moltres|Flamethrower|p1a: Gholdengo
|-supereffective|p1a: Gholdengo
|-damage|p1a: Gholdengo|13/100
|-enditem|p1a: Gholdengo|Air Balloon
|
|upkeep
|turn|16
|
|t:|1758339007
|switch|p2a: Vaporeon|Vaporeon, M|63/100
|-activate|p2a: Vaporeon|move: Sticky Web
|-unboost|p2a: Vaporeon|spe|1
|move|p1a: Gholdengo|Thunderbolt|p2a: Vaporeon
|-supereffective|p2a: Vaporeon
|-damage|p2a: Vaporeon|25/100
|
|-heal|p2a: Vaporeon|31/100|[from] item: Leftovers
|upkeep
|turn|17
|
|t:|1758339020
|move|p2a: Vaporeon|Protect|p2a: Vaporeon
|-singleturn|p2a: Vaporeon|Protect
|move|p1a: Gholdengo|Thunderbolt|p2a: Vaporeon
|-activate|p2a: Vaporeon|move: Protect
|
|-heal|p2a: Vaporeon|38/100|[from] item: Leftovers
|upkeep
|turn|18
|
|t:|1758339028
|switch|p2a: Snorlax|Snorlax, M|100/100
|-activate|p2a: Snorlax|move: Sticky Web
|-unboost|p2a: Snorlax|spe|1
|move|p1a: Gholdengo|Thunderbolt|p2a: Snorlax
|-damage|p2a: Snorlax|80/100
|
|upkeep
|turn|19
|
|t:|1758339036
|switch|p1a: Dragonite|Dragonite, M|100/100
|move|p2a: Snorlax|Earthquake|p1a: Dragonite
|-immune|p1a: Dragonite
|
|upkeep
|turn|20
|
|t:|1758339042
|switch|p2a: Moltres|Moltres|80/100
|move|p1a: Dragonite|Dragon Dance|p1a: Dragonite
|-boost|p1a: Dragonite|atk|1
|-boost|p1a: Dragonite|spe|1
|
|upkeep
|turn|21
|
|t:|1758339057
|move|p1a: Dragonite|Dragon Claw|p2a: Moltres
|-damage|p2a: Moltres|30/100
|-status|p1a: Dragonite|brn|[from] ability: Flame Body|[of] p2a: Moltres
|move|p2a: Moltres|Will-O-Wisp|p1a: Dragonite
|-fail|p1a: Dragonite|brn
|
|-damage|p1a: Dragonite|94/100 brn|[from] brn
|upkeep
|turn|22
|
|t:|1758339070
|move|p1a: Dragonite|Dragon Claw|p2a: Moltres
|-damage|p2a: Moltres|6/100
|move|p2a: Moltres|Roost|p2a: Moltres
|-heal|p2a: Moltres|56/100
|-singleturn|p2a: Moltres|move: Roost
|
|-damage|p1a: Dragonite|88/100 brn|[from] brn
|upkeep
|turn|23
|
|t:|1758339089
|move|p1a: Dragonite|Dragon Claw|p2a: Moltres
|-damage|p2a: Moltres|30/100
|move|p2a: Moltres|Roost|p2a: Moltres
|-heal|p2a: Moltres|80/100
|-singleturn|p2a: Moltres|move: Roost
|
|-damage|p1a: Dragonite|82/100 brn|[from] brn
|upkeep
|turn|24
|
|t:|1758339098
|move|p1a: Dragonite|Dragon Dance|p1a: Dragonite
|-boost|p1a: Dragonite|atk|1
|-boost|p1a: Dragonite|spe|1
|move|p2a: Moltres|Flamethrower|p1a: Dragonite
|-resisted|p1a: Dragonite
|-damage|p1a: Dragonite|61/100 brn
|
|-damage|p1a: Dragonite|55/100 brn|[from] brn
|upkeep
|turn|25
|
|t:|1758339105
|move|p1a: Dragonite|Dragon Dance|p1a: Dragonite
|-boost|p1a: Dragonite|atk|1
|-boost|p1a: Dragonite|spe|1
|move|p2a: Moltres|Flamethrower|p1a: Dragonite
|-resisted|p1a: Dragonite
|-damage|p1a: Dragonite|35/100 brn
|
|-damage|p1a: Dragonite|29/100 brn|[from] brn
|upkeep
|turn|26
|
|t:|1758339112
|move|p1a: Dragonite|Dragon Claw|p2a: Moltres
|-damage|p2a: Moltres|39/100
|move|p2a: Moltres|Flamethrower|p1a: Dragonite
|-resisted|p1a: Dragonite
|-damage|p1a: Dragonite|9/100 brn
|
|-damage|p1a: Dragonite|2/100 brn|[from] brn
|upkeep
|turn|27
|
|t:|1758339122
|move|p1a: Dragonite|Dragon Claw|p2a: Moltres
|-damage|p2a: Moltres|0 fnt
|faint|p2a: Moltres
|
|-damage|p1a: Dragonite|0 fnt|[from] brn
|faint|p1a: Dragonite
|upkeep
|
|t:|1758339138
|switch|p1a: Ogerpon|Ogerpon-Wellspring, F|84/100
|switch|p2a: Vileplume|Vileplume, M|91/100
|-activate|p2a: Vileplume|move: Sticky Web
|-unboost|p2a: Vileplume|spe|1
|turn|28
|
|t:|1758339143
|move|p1a: Ogerpon|U-turn|p2a: Vileplume
|-damage|p2a: Vileplume|69/100
|-damage|p1a: Ogerpon|67/100|[from] item: Rocky Helmet|[of] p2a: Vileplume
|
|t:|1758339147
|switch|p1a: Gholdengo|Gholdengo|13/100|[from] U-turn
|move|p2a: Vileplume|Giga Drain|p1a: Gholdengo
|-resisted|p1a: Gholdengo
|-damage|p1a: Gholdengo|0 fnt
|-heal|p2a: Vileplume|75/100|[from] drain|[of] p1a: Gholdengo
|faint|p1a: Gholdengo
|
|upkeep
|
|t:|1758339154
|switch|p1a: Ogerpon|Ogerpon-Wellspring, F|67/100
|turn|29
|
|t:|1758339157
|move|p1a: Ogerpon|Stomping Tantrum|p2a: Vileplume
|-damage|p2a: Vileplume|53/100
|-damage|p1a: Ogerpon|51/100|[from] item: Rocky Helmet|[of] p2a: Vileplume
|move|p2a: Vileplume|Sludge Bomb|p1a: Ogerpon
|-supereffective|p1a: Ogerpon
|-damage|p1a: Ogerpon|0 fnt
|faint|p1a: Ogerpon
|
|upkeep
|
|t:|1758339174
|switch|p1a: Great Tusk|Great Tusk|79/100 brn
|turn|30
|
|t:|1758339178
|move|p1a: Great Tusk|Ice Spinner|p2a: Vileplume
|-supereffective|p2a: Vileplume
|-damage|p2a: Vileplume|29/100
|-damage|p1a: Great Tusk|62/100 brn|[from] item: Rocky Helmet|[of] p2a: Vileplume
|move|p2a: Vileplume|Strength Sap|p1a: Great Tusk
|-unboost|p1a: Great Tusk|atk|1
|-heal|p2a: Vileplume|100/100
|
|-damage|p1a: Great Tusk|56/100 brn|[from] brn
|upkeep
|turn|31
|
|t:|1758339188
|move|p1a: Great Tusk|Knock Off|p2a: Vileplume
|-damage|p2a: Vileplume|92/100
|-damage|p1a: Great Tusk|40/100 brn|[from] item: Rocky Helmet|[of] p2a: Vileplume
|-enditem|p2a: Vileplume|Rocky Helmet|[from] move: Knock Off|[of] p1a: Great Tusk
|move|p2a: Vileplume|Leech Seed|p1a: Great Tusk
|-start|p1a: Great Tusk|move: Leech Seed
|
|-damage|p1a: Great Tusk|27/100 brn|[from] Leech Seed|[of] p2a: Vileplume
|-heal|p2a: Vileplume|100/100|[silent]
|-damage|p1a: Great Tusk|21/100 brn|[from] brn
|upkeep
|turn|32
|
|t:|1758339197
|move|p1a: Great Tusk|Ice Spinner|p2a: Vileplume
|-supereffective|p2a: Vileplume
|-damage|p2a: Vileplume|85/100
|move|p2a: Vileplume|Strength Sap|p1a: Great Tusk
|-unboost|p1a: Great Tusk|atk|1
|-heal|p2a: Vileplume|100/100
|
|-damage|p1a: Great Tusk|9/100 brn|[from] Leech Seed|[of] p2a: Vileplume
|-damage|p1a: Great Tusk|2/100 brn|[from] brn
|upkeep
|turn|33
|
|t:|1758339208
|move|p1a: Great Tusk|Ice Spinner|p2a: Vileplume
|-supereffective|p2a: Vileplume
|-damage|p2a: Vileplume|90/100
|move|p2a: Vileplume|Strength Sap|p1a: Great Tusk
|-unboost|p1a: Great Tusk|atk|1
|-heal|p2a: Vileplume|100/100
|
|-damage|p1a: Great Tusk|0 fnt|[from] Leech Seed|[of] p2a: Vileplume
|faint|p1a: Great Tusk
|-end|p1a: Great Tusk|Protosynthesis|[silent]
|
|win|Trumpismessiah
|raw|Pikadavid14's rating: 1489 &rarr; <strong>1470</strong><br />(-19 for losing)
|raw|Trumpismessiah's rating: 1500 &rarr; <strong>1519</strong><br />(+19 for winning)
|l|☆Pikadavid14
|player|p1|
