|j|☆theshinybuizel
|j|☆Moser Roth
|t:|1758324437
|gametype|singles
|player|p1|theshinybuizel|whitney|1113
|player|p2|Moser Roth|giovanni|1088
|gen|9
|tier|[Gen 9] OU
|rated|
|rule|HP Percentage Mod: HP is shown in percentages
|rule|Endless Battle Clause: Forcing endless battles is banned
|rule|Species Clause: Limit one of each Pokémon
|rule|OHKO Clause: OHKO moves are banned
|rule|Evasion Items Clause: Evasion items are banned
|rule|Evasion Moves Clause: Evasion moves are banned
|rule|Evasion Abilities Clause: Evasion abilities are banned
|rule|Sleep Moves Clause: Sleep-inducing moves are banned
|clearpoke
|poke|p1|Incineroar, M|
|poke|p1|Toxapex, M|
|poke|p1|Barraskewda, F|
|poke|p1|Garchomp, F|
|poke|p1|Espeon, F|
|poke|p1|Zoroark-Hisui, F|
|poke|p2|Skarmory, F|
|poke|p2|Ampharos, F|
|poke|p2|Kingdra, M|
|poke|p2|Scizor, M|
|poke|p2|Tyranitar, M|
|poke|p2|Politoed, F|
|teampreview
|inactive|Battle timer is ON: inactive players will automatically lose when time's up. (requested by theshinybuizel)
|
|t:|1758324457
|teamsize|p1|6
|teamsize|p2|6
|start
|switch|p1a: Hazel|Espeon, F|100/100
|switch|p2a: Scizor|Scizor, M|100/100
|turn|1
|
|t:|1758324464
|move|p1a: Hazel|Trick|p2a: Scizor
|-activate|p1a: Hazel|move: Trick|[of] p2a: Scizor
|-item|p2a: Scizor|Choice Scarf|[from] move: Trick
|-item|p1a: Hazel|Life Orb|[from] move: Trick
|move|p2a: Scizor|Knock Off|p1a: Hazel
|-supereffective|p1a: Hazel
|-damage|p1a: Hazel|0 fnt
|-enditem|p1a: Hazel|Life Orb|[from] move: Knock Off|[of] p2a: Scizor
|faint|p1a: Hazel
|
|upkeep
|
|t:|1758324476
|switch|p1a: Artemis|Garchomp, F|100/100
|turn|2
|
|t:|1758324503
|move|p1a: Artemis|Flamethrower|p2a: Scizor
|-supereffective|p2a: Scizor
|-damage|p2a: Scizor|0 fnt
|faint|p2a: Scizor
|
|upkeep
|
|t:|1758324510
|switch|p2a: Politoed|Politoed, F|100/100
|-weather|RainDance|[from] ability: Drizzle|[of] p2a: Politoed
|turn|3
|inactive|Moser Roth has 120 seconds left.
|
|t:|1758324526
|switch|p1a: Feesh|Barraskewda, F|100/100
|move|p2a: Politoed|Ice Beam|p1a: Feesh
|-resisted|p1a: Feesh
|-damage|p1a: Feesh|80/100
|
|-weather|RainDance|[upkeep]
|upkeep
|turn|4
|
|t:|1758324542
|move|p1a: Feesh|Close Combat|p2a: Politoed
|-damage|p2a: Politoed|36/100
|-unboost|p1a: Feesh|def|1
|-unboost|p1a: Feesh|spd|1
|move|p2a: Politoed|Encore|p1a: Feesh
|-start|p1a: Feesh|Encore
|
|-weather|RainDance|[upkeep]
|upkeep
|turn|5
|inactive|Moser Roth has 120 seconds left.
|
|t:|1758324561
|switch|p2a: Ampharos|Ampharos, F|100/100
|move|p1a: Feesh|Close Combat|p2a: Ampharos
|-damage|p2a: Ampharos|40/100
|-unboost|p1a: Feesh|def|1
|-unboost|p1a: Feesh|spd|1
|
|-weather|RainDance|[upkeep]
|upkeep
|turn|6
|inactive|Moser Roth has 120 seconds left.
|
|t:|1758324572
|move|p1a: Feesh|Close Combat|p2a: Ampharos
|-damage|p2a: Ampharos|0 fnt
|-unboost|p1a: Feesh|def|1
|-unboost|p1a: Feesh|spd|1
|-status|p1a: Feesh|par|[from] ability: Static|[of] p2a: Ampharos
|faint|p2a: Ampharos
|
|-weather|RainDance|[upkeep]
|upkeep
|inactive|Moser Roth has 120 seconds left.
|
|t:|1758324583
|switch|p2a: Kingdra|Kingdra, M|100/100
|turn|7
|inactive|Moser Roth has 120 seconds left.
|
|t:|1758324591
|switch|p1a: The Being|Toxapex, M|100/100
|move|p2a: Kingdra|Weather Ball|p1a: The Being
|-resisted|p1a: The Being
|-damage|p1a: The Being|74/100
|
|-weather|RainDance|[upkeep]
|-heal|p1a: The Being|80/100|[from] item: Leftovers
|upkeep
|turn|8
|
|t:|1758324601
|move|p2a: Kingdra|Hurricane|p1a: The Being
|-damage|p1a: The Being|53/100
|-start|p1a: The Being|confusion
|-activate|p1a: The Being|confusion
|-damage|p1a: The Being|49/100|[from] confusion
|
|-weather|RainDance|[upkeep]
|-heal|p1a: The Being|55/100|[from] item: Leftovers
|upkeep
|turn|9
|
|t:|1758324610
|move|p2a: Kingdra|Hurricane|p1a: The Being
|-damage|p1a: The Being|32/100
|-activate|p1a: The Being|confusion
|move|p1a: The Being|Toxic|p2a: Kingdra
|-status|p2a: Kingdra|tox
|
|-weather|RainDance|[upkeep]
|-heal|p1a: The Being|38/100|[from] item: Leftovers
|-damage|p2a: Kingdra|94/100 tox|[from] psn
|upkeep
|turn|10
|
|t:|1758324625
|-activate|p1a: The Being|confusion
|-damage|p1a: The Being|34/100|[from] confusion
|move|p2a: Kingdra|Hurricane|p1a: The Being
|-damage|p1a: The Being|7/100
|
|-weather|none
|-heal|p1a: The Being|13/100|[from] item: Leftovers
|-damage|p2a: Kingdra|82/100 tox|[from] psn
|upkeep
|turn|11
|
|t:|1758324635
|-activate|p1a: The Being|confusion
|-damage|p1a: The Being|9/100|[from] confusion
|move|p2a: Kingdra|Scald|p1a: The Being
|-resisted|p1a: The Being
|-damage|p1a: The Being|0 fnt
|faint|p1a: The Being
|
|-damage|p2a: Kingdra|64/100 tox|[from] psn
|upkeep
|c|☆theshinybuizel|Toxapex actually throwing oml
|inactive|theshinybuizel has 120 seconds left.
|
|t:|1758324661
|switch|p1a: Artemis|Garchomp, F|100/100
|turn|12
|
|t:|1758324673
|switch|p2a: Politoed|Politoed, F|36/100
|-weather|RainDance|[from] ability: Drizzle|[of] p2a: Politoed
|move|p1a: Artemis|Earthquake|p2a: Politoed
|-damage|p2a: Politoed|0 fnt
|faint|p2a: Politoed
|
|-weather|RainDance|[upkeep]
|upkeep
|
|t:|1758324684
|switch|p2a: Kingdra|Kingdra, M|64/100 tox
|turn|13
|
|t:|1758324699
|move|p2a: Kingdra|Weather Ball|p1a: Artemis
|-damage|p1a: Artemis|32/100
|move|p1a: Artemis|Earthquake|p2a: Kingdra
|-damage|p2a: Kingdra|16/100 tox
|-enditem|p2a: Kingdra|Sitrus Berry|[eat]
|-heal|p2a: Kingdra|41/100 tox|[from] item: Sitrus Berry
|
|-weather|RainDance|[upkeep]
|-damage|p2a: Kingdra|35/100 tox|[from] psn
|upkeep
|turn|14
|
|t:|1758324716
|move|p2a: Kingdra|Weather Ball|p1a: Artemis
|-damage|p1a: Artemis|0 fnt
|faint|p1a: Artemis
|
|-weather|RainDance|[upkeep]
|-damage|p2a: Kingdra|23/100 tox|[from] psn
|upkeep
|
|t:|1758324727
|switch|p1a: Feesh|Barraskewda, F|80/100 par
|turn|15
|inactive|Moser Roth has 120 seconds left.
|
|t:|1758324760
|move|p1a: Feesh|Aqua Jet|p2a: Kingdra
|-resisted|p2a: Kingdra
|-damage|p2a: Kingdra|11/100 tox
|move|p2a: Kingdra|Draco Meteor|p1a: Feesh|[miss]
|-miss|p2a: Kingdra|p1a: Feesh
|
|-weather|RainDance|[upkeep]
|-damage|p2a: Kingdra|0 fnt|[from] psn
|faint|p2a: Kingdra
|upkeep
|inactive|Moser Roth has 120 seconds left.
|
|t:|1758324772
|switch|p2a: Skarmory|Skarmory, F|100/100
|turn|16
|inactive|Moser Roth has 120 seconds left.
|
|t:|1758324781
|switch|p1a: Whiskers|Incineroar, M|100/100
|-ability|p1a: Whiskers|Intimidate|boost
|-unboost|p2a: Skarmory|atk|1
|move|p2a: Skarmory|Spikes|p1a: Whiskers
|-sidestart|p1: theshinybuizel|Spikes
|
|-weather|RainDance|[upkeep]
|upkeep
|turn|17
|
|t:|1758324793
|switch|p2a: Tyranitar|Tyranitar, M|100/100
|-weather|Sandstorm|[from] ability: Sand Stream|[of] p2a: Tyranitar
|switch|p1a: Feesh|Barraskewda, F|80/100 par
|-damage|p1a: Feesh|68/100 par|[from] Spikes
|
|-weather|Sandstorm|[upkeep]
|-damage|p1a: Feesh|62/100 par|[from] Sandstorm
|upkeep
|turn|18
|
|t:|1758324807
|cant|p1a: Feesh|par
|move|p2a: Tyranitar|Knock Off|p1a: Feesh
|-damage|p1a: Feesh|0 fnt
|-enditem|p1a: Feesh|Choice Band|[from] move: Knock Off|[of] p2a: Tyranitar
|faint|p1a: Feesh
|
|-weather|Sandstorm|[upkeep]
|upkeep
|
|t:|1758324828
|switch|p1a: Whiskers|Incineroar, M|100/100
|-damage|p1a: Whiskers|88/100|[from] Spikes
|-ability|p1a: Whiskers|Intimidate|boost
|-unboost|p2a: Tyranitar|atk|1
|turn|19
|
|t:|1758324842
|move|p1a: Whiskers|Fake Out|p2a: Tyranitar
|-resisted|p2a: Tyranitar
|-damage|p2a: Tyranitar|95/100
|cant|p2a: Tyranitar|flinch
|
|-weather|Sandstorm|[upkeep]
|-damage|p1a: Whiskers|82/100|[from] Sandstorm
|-heal|p1a: Whiskers|88/100|[from] item: Leftovers
|upkeep
|turn|20
|
|t:|1758324852
|move|p2a: Tyranitar|Stone Edge|p1a: Whiskers|[miss]
|-miss|p2a: Tyranitar|p1a: Whiskers
|move|p1a: Whiskers|Iron Head|p2a: Tyranitar
|-supereffective|p2a: Tyranitar
|-damage|p2a: Tyranitar|49/100
|
|-weather|Sandstorm|[upkeep]
|-damage|p1a: Whiskers|82/100|[from] Sandstorm
|-heal|p1a: Whiskers|88/100|[from] item: Leftovers
|upkeep
|turn|21
|
|t:|1758324862
|-terastallize|p1a: Whiskers|Steel
|move|p2a: Tyranitar|Stone Edge|p1a: Whiskers
|-resisted|p1a: Whiskers
|-damage|p1a: Whiskers|73/100
|move|p1a: Whiskers|Iron Head|p2a: Tyranitar
|-supereffective|p2a: Tyranitar
|-damage|p2a: Tyranitar|0 fnt
|faint|p2a: Tyranitar
|
|-weather|none
|-heal|p1a: Whiskers|79/100|[from] item: Leftovers
|upkeep
|
|t:|1758324873
|switch|p2a: Skarmory|Skarmory, F|100/100
|turn|22
|
|t:|1758324881
|move|p2a: Skarmory|Spikes|p1a: Whiskers
|-sidestart|p1: theshinybuizel|Spikes
|move|p1a: Whiskers|Flare Blitz|p2a: Skarmory
|-supereffective|p2a: Skarmory
|-crit|p2a: Skarmory
|-ability|p2a: Skarmory|Sturdy
|-damage|p2a: Skarmory|1/100
|-damage|p1a: Whiskers|62/100|[from] item: Rocky Helmet|[of] p2a: Skarmory
|-damage|p1a: Whiskers|32/100|[from] Recoil
|
|-heal|p1a: Whiskers|38/100|[from] item: Leftovers
|upkeep
|turn|23
|
|t:|1758324894
|move|p1a: Whiskers|Knock Off|p2a: Skarmory
|-damage|p2a: Skarmory|0 fnt
|-damage|p1a: Whiskers|21/100|[from] item: Rocky Helmet|[of] p2a: Skarmory
|-enditem|p2a: Skarmory|Rocky Helmet|[from] move: Knock Off|[of] p1a: Whiskers
|faint|p2a: Skarmory
|
|win|theshinybuizel
|raw|theshinybuizel's rating: 1113 &rarr; <strong>1136</strong><br />(+23 for winning)
|raw|Moser Roth's rating: 1088 &rarr; <strong>1066</strong><br />(-22 for losing)
|c|☆theshinybuizel|Gg
|l|☆Moser Roth
|player|p2|
