|j|☆stepdj_shade
|j|☆itstheboyjay
|t:|1758307997
|gametype|singles
|player|p1|stepdj_shade|101|1159
|player|p2|itstheboyjay|102|1096
|gen|9
|tier|[Gen 9] OU
|rated|
|rule|HP Percentage Mod: HP is shown in percentages
|rule|Endless Battle Clause: Forcing endless battles is banned
|rule|Species Clause: Limit one of each Pokémon
|rule|OHKO Clause: OHKO moves are banned
|rule|Evasion Items Clause: Evasion items are banned
|rule|Evasion Moves Clause: Evasion moves are banned
|rule|Evasion Abilities Clause: Evasion abilities are banned
|rule|Sleep Moves Clause: Sleep-inducing moves are banned
|clearpoke
|poke|p1|Hoopa-Unbound|
|poke|p1|Kyurem|
|poke|p1|Great Tusk|
|poke|p1|Ceruledge, F|
|poke|p1|Corviknight, F|
|poke|p1|Dragapult, M|
|poke|p2|Salamence, M|
|poke|p2|Dusclops, M|
|poke|p2|Jirachi|
|poke|p2|Milotic, F|
|poke|p2|Slaking, F|
|poke|p2|Seviper, F|
|teampreview
|inactive|Battle timer is ON: inactive players will automatically lose when time's up. (requested by stepdj_shade)
|j| gamer_gamerafan
|
|t:|1758308004
|teamsize|p1|6
|teamsize|p2|6
|start
|switch|p1a: Kyurem|Kyurem|100/100
|switch|p2a: Seviper|Seviper, F, shiny|100/100
|-ability|p1a: Kyurem|Pressure
|turn|1
|
|t:|1758308012
|move|p1a: Kyurem|Earth Power|p2a: Seviper
|-supereffective|p2a: Seviper
|-crit|p2a: Seviper
|-damage|p2a: Seviper|0 fnt
|faint|p2a: Seviper
|
|upkeep
|
|t:|1758308025
|switch|p2a: Dusclops|Dusclops, M, shiny|100/100
|-ability|p2a: Dusclops|Pressure
|turn|2
|
|t:|1758308034
|switch|p1a: Hoopa|Hoopa-Unbound|100/100
|move|p2a: Dusclops|Bind|p1a: Hoopa
|-damage|p1a: Hoopa|98/100
|-activate|p1a: Hoopa|move: Bind|[of] p2a: Dusclops
|
|-damage|p1a: Hoopa|85/100|[from] move: Bind|[partiallytrapped]
|upkeep
|turn|3
|
|t:|1758308048
|move|p1a: Hoopa|Knock Off|p2a: Dusclops
|-supereffective|p2a: Dusclops
|-damage|p2a: Dusclops|54/100
|-enditem|p2a: Dusclops|Eviolite|[from] move: Knock Off|[of] p1a: Hoopa
|move|p2a: Dusclops|Night Shade|p1a: Hoopa
|-damage|p1a: Hoopa|58/100
|
|-damage|p1a: Hoopa|46/100|[from] move: Bind|[partiallytrapped]
|upkeep
|turn|4
|
|t:|1758308057
|move|p1a: Hoopa|Knock Off|p2a: Dusclops
|-supereffective|p2a: Dusclops
|-damage|p2a: Dusclops|9/100
|move|p2a: Dusclops|Rest|p2a: Dusclops
|-status|p2a: Dusclops|slp|[from] move: Rest
|-heal|p2a: Dusclops|100/100 slp|[silent]
|
|-damage|p1a: Hoopa|33/100|[from] move: Bind|[partiallytrapped]
|upkeep
|turn|5
|l| gamer_gamerafan
|
|t:|1758308078
|move|p1a: Hoopa|Gunk Shot|p2a: Dusclops
|-resisted|p2a: Dusclops
|-crit|p2a: Dusclops
|-damage|p2a: Dusclops|77/100 slp
|cant|p2a: Dusclops|slp
|move|p2a: Dusclops|Sleep Talk|p2a: Dusclops
|move|p2a: Dusclops|Night Shade|p1a: Hoopa|[from] move: Sleep Talk
|-damage|p1a: Hoopa|6/100
|
|-damage|p1a: Hoopa|0 fnt|[from] move: Bind|[partiallytrapped]
|faint|p1a: Hoopa
|upkeep
|
|t:|1758308090
|switch|p1a: Dragapult|Dragapult, M|100/100
|turn|6
|
|t:|1758308094
|switch|p2a: Slaking|Slaking, F, shiny|100/100
|move|p1a: Dragapult|Hex|p2a: Slaking
|-immune|p2a: Slaking
|
|upkeep
|turn|7
|
|t:|1758308101
|switch|p2a: Salamence|Salamence, M, shiny|100/100
|-ability|p2a: Salamence|Intimidate|boost
|-unboost|p1a: Dragapult|atk|1
|move|p1a: Dragapult|Thunder Wave|p2a: Salamence
|-status|p2a: Salamence|par
|
|upkeep
|turn|8
|
|t:|1758308109
|switch|p2a: Slaking|Slaking, F, shiny|100/100
|move|p1a: Dragapult|Draco Meteor|p2a: Slaking
|-damage|p2a: Slaking|43/100
|-unboost|p1a: Dragapult|spa|2
|
|upkeep
|turn|9
|
|t:|1758308116
|move|p1a: Dragapult|U-turn|p2a: Slaking
|-damage|p2a: Slaking|33/100
|
|t:|1758308121
|switch|p1a: Ceruledge|Ceruledge, F|100/100|[from] U-turn
|move|p2a: Slaking|Shadow Claw|p1a: Ceruledge
|-supereffective|p1a: Ceruledge
|-crit|p1a: Ceruledge
|-enditem|p1a: Ceruledge|Focus Sash
|-damage|p1a: Ceruledge|1/100
|-ability|p1a: Ceruledge|Weak Armor|boost
|-unboost|p1a: Ceruledge|def|1
|-boost|p1a: Ceruledge|spe|2
|
|upkeep
|turn|10
|
|t:|1758308133
|switch|p2a: Salamence|Salamence, M, shiny|100/100 par
|-ability|p2a: Salamence|Intimidate|boost
|-unboost|p1a: Ceruledge|atk|1
|move|p1a: Ceruledge|Bitter Blade|p2a: Salamence
|-resisted|p2a: Salamence
|-damage|p2a: Salamence|82/100 par
|-heal|p1a: Ceruledge|11/100|[from] drain|[of] p2a: Salamence
|
|upkeep
|turn|11
|
|t:|1758308147
|move|p1a: Ceruledge|Swords Dance|p1a: Ceruledge
|-boost|p1a: Ceruledge|atk|2
|move|p2a: Salamence|Fire Blast|p1a: Ceruledge
|-resisted|p1a: Ceruledge
|-damage|p1a: Ceruledge|0 fnt
|faint|p1a: Ceruledge
|
|upkeep
|
|t:|1758308157
|switch|p1a: Dragapult|Dragapult, M|100/100
|turn|12
|
|t:|1758308161
|switch|p2a: Milotic|Milotic, F, shiny|100/100
|move|p1a: Dragapult|Draco Meteor|p2a: Milotic
|-crit|p2a: Milotic
|-damage|p2a: Milotic|47/100
|-unboost|p1a: Dragapult|spa|2
|
|-heal|p2a: Milotic|53/100|[from] item: Leftovers
|upkeep
|turn|13
|
|t:|1758308170
|move|p1a: Dragapult|Thunder Wave|p2a: Milotic
|-status|p2a: Milotic|par
|move|p2a: Milotic|Recover|p2a: Milotic
|-heal|p2a: Milotic|100/100 par
|
|upkeep
|turn|14
|
|t:|1758308180
|switch|p2a: Salamence|Salamence, M, shiny|82/100 par
|-ability|p2a: Salamence|Intimidate|boost
|-unboost|p1a: Dragapult|atk|1
|move|p1a: Dragapult|U-turn|p2a: Salamence
|-resisted|p2a: Salamence
|-damage|p2a: Salamence|75/100 par
|
|t:|1758308185
|switch|p1a: Kyurem|Kyurem|100/100|[from] U-turn
|-ability|p1a: Kyurem|Pressure
|
|upkeep
|turn|15
|
|t:|1758308191
|-terastallize|p2a: Salamence|Water
|move|p1a: Kyurem|Ice Beam|p2a: Salamence
|-resisted|p2a: Salamence
|-damage|p2a: Salamence|32/100 par
|move|p2a: Salamence|Draco Meteor|p1a: Kyurem
|-supereffective|p1a: Kyurem
|-damage|p1a: Kyurem|0 fnt
|-unboost|p2a: Salamence|spa|2
|faint|p1a: Kyurem
|
|upkeep
|
|t:|1758308218
|switch|p1a: Great Tusk|Great Tusk|100/100
|-enditem|p1a: Great Tusk|Booster Energy
|-activate|p1a: Great Tusk|ability: Protosynthesis|[fromitem]
|-start|p1a: Great Tusk|protosynthesisatk
|turn|16
|
|t:|1758308230
|switch|p2a: Slaking|Slaking, F, shiny|33/100
|move|p1a: Great Tusk|Rapid Spin|p2a: Slaking
|-damage|p2a: Slaking|17/100
|-boost|p1a: Great Tusk|spe|1
|
|upkeep
|turn|17
|inactive|stepdj_shade has 120 seconds left.
|
|t:|1758308247
|move|p1a: Great Tusk|Ice Spinner|p2a: Slaking
|-damage|p2a: Slaking|0 fnt
|faint|p2a: Slaking
|
|upkeep
|
|t:|1758308255
|switch|p2a: Salamence|Salamence, M, shiny, tera:Water|32/100 par
|-ability|p2a: Salamence|Intimidate|boost
|-unboost|p1a: Great Tusk|atk|1
|turn|18
|
|t:|1758308265
|move|p1a: Great Tusk|Ice Spinner|p2a: Salamence
|-resisted|p2a: Salamence
|-damage|p2a: Salamence|16/100 par
|move|p2a: Salamence|Hydro Pump|p1a: Great Tusk
|-supereffective|p1a: Great Tusk
|-damage|p1a: Great Tusk|0 fnt
|faint|p1a: Great Tusk
|-end|p1a: Great Tusk|Protosynthesis|[silent]
|
|upkeep
|
|t:|1758308272
|switch|p1a: Dragapult|Dragapult, M|100/100
|turn|19
|
|t:|1758308284
|move|p1a: Dragapult|Hex|p2a: Salamence
|-damage|p2a: Salamence|0 fnt
|faint|p2a: Salamence
|
|upkeep
|
|t:|1758308288
|switch|p2a: Milotic|Milotic, F, shiny|100/100 par
|turn|20
|
|t:|1758308301
|move|p1a: Dragapult|Hex|p2a: Milotic
|-damage|p2a: Milotic|67/100 par
|move|p2a: Milotic|Mirror Coat|p1a: Dragapult
|-damage|p1a: Dragapult|30/100
|
|-heal|p2a: Milotic|73/100 par|[from] item: Leftovers
|upkeep
|turn|21
|
|t:|1758308309
|switch|p1a: Corviknight|Corviknight, F|100/100
|move|p2a: Milotic|Scald|p1a: Corviknight
|-damage|p1a: Corviknight|69/100
|
|-heal|p2a: Milotic|79/100 par|[from] item: Leftovers
|upkeep
|turn|22
|
|t:|1758308320
|switch|p2a: Dusclops|Dusclops, M, shiny|77/100 slp
|-ability|p2a: Dusclops|Pressure
|move|p1a: Corviknight|Iron Head|p2a: Dusclops
|-damage|p2a: Dusclops|59/100 slp
|
|upkeep
|turn|23
|
|t:|1758308327
|move|p1a: Corviknight|U-turn|p2a: Dusclops
|-resisted|p2a: Dusclops
|-damage|p2a: Dusclops|54/100 slp
|
|t:|1758308329
|switch|p1a: Dragapult|Dragapult, M|30/100|[from] U-turn
|cant|p2a: Dusclops|slp
|
|upkeep
|turn|24
|
|t:|1758308337
|move|p1a: Dragapult|Hex|p2a: Dusclops
|-supereffective|p2a: Dusclops
|-damage|p2a: Dusclops|0 fnt
|faint|p2a: Dusclops
|
|upkeep
|
|t:|1758308342
|switch|p2a: Milotic|Milotic, F, shiny|79/100 par
|turn|25
|
|t:|1758308347
|move|p1a: Dragapult|U-turn|p2a: Milotic
|-damage|p2a: Milotic|53/100 par
|
|t:|1758308349
|switch|p1a: Corviknight|Corviknight, F|69/100|[from] U-turn
|move|p2a: Milotic|Scald|p1a: Corviknight
|-damage|p1a: Corviknight|33/100
|
|-heal|p2a: Milotic|59/100 par|[from] item: Leftovers
|upkeep
|turn|26
|
|t:|1758308356
|move|p1a: Corviknight|Roost|p1a: Corviknight
|-heal|p1a: Corviknight|83/100
|-singleturn|p1a: Corviknight|move: Roost
|move|p2a: Milotic|Recover|p2a: Milotic
|-heal|p2a: Milotic|100/100 par
|
|upkeep
|turn|27
|
|t:|1758308364
|move|p1a: Corviknight|Iron Head|p2a: Milotic
|-resisted|p2a: Milotic
|-damage|p2a: Milotic|84/100 par
|cant|p2a: Milotic|flinch
|
|-heal|p2a: Milotic|91/100 par|[from] item: Leftovers
|upkeep
|turn|28
|
|t:|1758308371
|move|p1a: Corviknight|Iron Head|p2a: Milotic
|-resisted|p2a: Milotic
|-damage|p2a: Milotic|76/100 par
|move|p2a: Milotic|Scald|p1a: Corviknight
|-damage|p1a: Corviknight|51/100
|
|-heal|p2a: Milotic|82/100 par|[from] item: Leftovers
|upkeep
|turn|29
|
|t:|1758308378
|move|p1a: Corviknight|Roost|p1a: Corviknight
|-heal|p1a: Corviknight|100/100
|-singleturn|p1a: Corviknight|move: Roost
|move|p2a: Milotic|Scald|p1a: Corviknight
|-damage|p1a: Corviknight|66/100
|-status|p1a: Corviknight|brn
|
|-heal|p2a: Milotic|88/100 par|[from] item: Leftovers
|-damage|p1a: Corviknight|59/100 brn|[from] brn
|upkeep
|turn|30
|
|t:|1758308391
|move|p1a: Corviknight|Iron Head|p2a: Milotic
|-resisted|p2a: Milotic
|-damage|p2a: Milotic|80/100 par
|cant|p2a: Milotic|flinch
|
|-heal|p2a: Milotic|86/100 par|[from] item: Leftovers
|-damage|p1a: Corviknight|53/100 brn|[from] brn
|upkeep
|turn|31
|
|t:|1758308398
|move|p1a: Corviknight|U-turn|p2a: Milotic
|-damage|p2a: Milotic|77/100 par
|
|t:|1758308400
|switch|p1a: Dragapult|Dragapult, M|30/100|[from] U-turn
|move|p2a: Milotic|Scald|p1a: Dragapult
|-resisted|p1a: Dragapult
|-damage|p1a: Dragapult|1/100
|-status|p1a: Dragapult|brn
|
|-heal|p2a: Milotic|83/100 par|[from] item: Leftovers
|-damage|p1a: Dragapult|0 fnt|[from] brn
|faint|p1a: Dragapult
|upkeep
|-message|stepdj_shade forfeited.
|
|win|itstheboyjay
|raw|stepdj_shade's rating: 1159 &rarr; <strong>1130</strong><br />(-29 for losing)
|raw|itstheboyjay's rating: 1096 &rarr; <strong>1126</strong><br />(+30 for winning)
|l|☆stepdj_shade
|player|p1|
|l|☆itstheboyjay
|player|p2|
