|j|☆firemanarjun
|j|☆Desert Tail
|t:|1758334172
|gametype|singles
|player|p1|firemanarjun|2|1019
|player|p2|Desert Tail|169|1024
|gen|9
|tier|[Gen 9] OU
|rated|
|rule|HP Percentage Mod: HP is shown in percentages
|rule|Endless Battle Clause: Forcing endless battles is banned
|rule|Species Clause: Limit one of each Pokémon
|rule|OHKO Clause: OHKO moves are banned
|rule|Evasion Items Clause: Evasion items are banned
|rule|Evasion Moves Clause: Evasion moves are banned
|rule|Evasion Abilities Clause: Evasion abilities are banned
|rule|Sleep Moves Clause: Sleep-inducing moves are banned
|clearpoke
|poke|p1|Heatran, M|
|poke|p1|Arcanine-Hisui, M|
|poke|p1|Kommo-o, F|
|poke|p1|Weavile, F|
|poke|p1|Polteageist-Antique|
|poke|p1|Garchomp, M|
|poke|p2|Raichu, F|
|poke|p2|Ninetales-Alola, M|
|poke|p2|Gallade, M|
|poke|p2|Crabominable, M|
|poke|p2|Sandaconda, M|
|poke|p2|Polteageist|
|teampreview
|
|t:|1758334185
|teamsize|p1|6
|teamsize|p2|6
|start
|switch|p1a: Heatran|Heatran, M|100/100
|switch|p2a: Sin|Sandaconda, M, shiny|100/100
|turn|1
|
|t:|1758334193
|move|p1a: Heatran|Stealth Rock|p2a: Sin
|-sidestart|p2: Desert Tail|move: Stealth Rock
|move|p2a: Sin|Coil|p2a: Sin
|-boost|p2a: Sin|atk|1
|-boost|p2a: Sin|def|1
|-boost|p2a: Sin|accuracy|1
|
|upkeep
|turn|2
|
|t:|1758334202
|move|p1a: Heatran|Flamethrower|p2a: Sin
|-damage|p2a: Sin|53/100
|-weather|Sandstorm|[from] ability: Sand Spit|[of] p2a: Sin
|move|p2a: Sin|Earthquake|p1a: Heatran
|-supereffective|p1a: Heatran
|-damage|p1a: Heatran|0 fnt
|faint|p1a: Heatran
|
|-weather|Sandstorm|[upkeep]
|-heal|p2a: Sin|59/100|[from] item: Leftovers
|upkeep
|
|t:|1758334220
|switch|p1a: Garchomp|Garchomp, M|100/100
|turn|3
|
|t:|1758334226
|move|p1a: Garchomp|Liquidation|p2a: Sin
|-supereffective|p2a: Sin
|-damage|p2a: Sin|21/100
|move|p2a: Sin|Dragon Rush|p1a: Garchomp
|-supereffective|p1a: Garchomp
|-damage|p1a: Garchomp|5/100
|-damage|p2a: Sin|9/100|[from] ability: Rough Skin|[of] p1a: Garchomp
|
|-weather|Sandstorm|[upkeep]
|-heal|p2a: Sin|15/100|[from] item: Leftovers
|upkeep
|turn|4
|c|☆firemanarjun|erm
|c|☆Desert Tail|woaw
|
|t:|1758334274
|move|p1a: Garchomp|Liquidation|p2a: Sin
|-supereffective|p2a: Sin
|-damage|p2a: Sin|0 fnt
|faint|p2a: Sin
|
|-weather|Sandstorm|[upkeep]
|upkeep
|
|t:|1758334281
|switch|p2a: MaleQueen|Ninetales-Alola, M, shiny|100/100
|-damage|p2a: MaleQueen|76/100|[from] Stealth Rock
|-weather|Snowscape|[from] ability: Snow Warning|[of] p2a: MaleQueen
|turn|5
|
|t:|1758334288
|switch|p1a: Arcanine|Arcanine-Hisui, M|100/100
|-ability|p1a: Arcanine|Intimidate|boost
|-unboost|p2a: MaleQueen|atk|1
|move|p2a: MaleQueen|Aurora Veil|p2a: MaleQueen
|-sidestart|p2: Desert Tail|move: Aurora Veil
|
|-weather|Snowscape|[upkeep]
|upkeep
|turn|6
|
|t:|1758334299
|move|p2a: MaleQueen|Moonblast|p1a: Arcanine
|-resisted|p1a: Arcanine
|-damage|p1a: Arcanine|80/100
|move|p1a: Arcanine|Raging Fury|p2a: MaleQueen
|-supereffective|p2a: MaleQueen
|-damage|p2a: MaleQueen|14/100
|
|-weather|Snowscape|[upkeep]
|upkeep
|turn|7
|
|t:|1758334310
|move|p2a: MaleQueen|Encore|p1a: Arcanine
|-start|p1a: Arcanine|Encore
|move|p1a: Arcanine|Raging Fury|p2a: MaleQueen|[from] lockedmove
|-supereffective|p2a: MaleQueen
|-damage|p2a: MaleQueen|0 fnt
|faint|p2a: MaleQueen
|
|-weather|Snowscape|[upkeep]
|upkeep
|c|☆firemanarjun|why would you encore
|c|☆firemanarjun|raging fury repeats
|
|t:|1758334323
|switch|p2a: Abombom|Crabominable, M, shiny|100/100
|-damage|p2a: Abombom|88/100|[from] Stealth Rock
|turn|8
|c|☆firemanarjun|2-3 times
|
|t:|1758334331
|-terastallize|p2a: Abombom|Ghost
|move|p1a: Arcanine|Raging Fury|p2a: Abombom|[from] lockedmove
|-damage|p2a: Abombom|58/100
|-start|p1a: Arcanine|confusion|[fatigue]
|move|p2a: Abombom|Bulk Up|p2a: Abombom
|-boost|p2a: Abombom|atk|1
|-boost|p2a: Abombom|def|1
|
|-weather|Snowscape|[upkeep]
|-heal|p2a: Abombom|64/100|[from] item: Leftovers
|upkeep
|turn|9
|
|t:|1758334344
|switch|p1a: Weavile|Weavile, F|100/100
|-ability|p1a: Weavile|Pressure
|move|p2a: Abombom|Bulk Up|p2a: Abombom
|-boost|p2a: Abombom|atk|1
|-boost|p2a: Abombom|def|1
|
|-weather|none
|-heal|p2a: Abombom|70/100|[from] item: Leftovers
|upkeep
|turn|10
|
|t:|1758334355
|move|p1a: Weavile|Knock Off|p2a: Abombom
|-supereffective|p2a: Abombom
|-damage|p2a: Abombom|43/100
|-enditem|p2a: Abombom|Leftovers|[from] move: Knock Off|[of] p1a: Weavile
|move|p2a: Abombom|Drain Punch|p1a: Weavile
|-supereffective|p1a: Weavile
|-damage|p1a: Weavile|0 fnt
|-heal|p2a: Abombom|86/100|[from] drain|[of] p1a: Weavile
|faint|p1a: Weavile
|
|upkeep
|c|☆Desert Tail|erm
|inactive|Battle timer is ON: inactive players will automatically lose when time's up. (requested by Desert Tail)
|inactive|firemanarjun has 120 seconds left.
|c|☆firemanarjun|mv
|c|☆firemanarjun|mb
|
|t:|1758334511
|switch|p1a: Polteageist|Polteageist-Antique|100/100
|turn|11
|
|t:|1758334523
|move|p1a: Polteageist|Shell Smash|p1a: Polteageist
|-unboost|p1a: Polteageist|def|1
|-unboost|p1a: Polteageist|spd|1
|-boost|p1a: Polteageist|atk|2
|-boost|p1a: Polteageist|spa|2
|-boost|p1a: Polteageist|spe|2
|move|p2a: Abombom|Ice Punch|p1a: Polteageist
|-damage|p1a: Polteageist|0 fnt
|faint|p1a: Polteageist
|
|upkeep
|
|t:|1758334543
|switch|p1a: Arcanine|Arcanine-Hisui, M|80/100
|-ability|p1a: Arcanine|Intimidate|boost
|-unboost|p2a: Abombom|atk|1
|turn|12
|
|t:|1758334550
|move|p1a: Arcanine|Rock Slide|p2a: Abombom
|-damage|p2a: Abombom|76/100
|cant|p2a: Abombom|flinch
|
|-sideend|p2: Desert Tail|move: Aurora Veil
|upkeep
|turn|13
|
|t:|1758334558
|move|p1a: Arcanine|Raging Fury|p2a: Abombom
|-damage|p2a: Abombom|43/100
|move|p2a: Abombom|Bulk Up|p2a: Abombom
|-boost|p2a: Abombom|atk|1
|-boost|p2a: Abombom|def|1
|
|upkeep
|turn|14
|
|t:|1758334565
|move|p1a: Arcanine|Raging Fury|p2a: Abombom|[from] lockedmove
|-damage|p2a: Abombom|18/100
|-start|p1a: Arcanine|confusion|[fatigue]
|move|p2a: Abombom|Drain Punch|p1a: Arcanine
|-supereffective|p1a: Arcanine
|-crit|p1a: Arcanine
|-damage|p1a: Arcanine|0 fnt
|-heal|p2a: Abombom|58/100|[from] drain|[of] p1a: Arcanine
|faint|p1a: Arcanine
|
|upkeep
|
|t:|1758334569
|switch|p1a: Kommo-o|Kommo-o, F|100/100
|turn|15
|
|t:|1758334581
|move|p1a: Kommo-o|Clanging Scales|p2a: Abombom
|-damage|p2a: Abombom|12/100
|-unboost|p1a: Kommo-o|def|1
|move|p2a: Abombom|Drain Punch|p1a: Kommo-o
|-damage|p1a: Kommo-o|0 fnt
|-heal|p2a: Abombom|56/100|[from] drain|[of] p1a: Kommo-o
|faint|p1a: Kommo-o
|
|upkeep
|c|☆Desert Tail|gg
|inactive|firemanarjun has 120 seconds left.
|
|t:|1758334617
|switch|p1a: Garchomp|Garchomp, M|5/100
|turn|16
|-message|firemanarjun forfeited.
|
|win|Desert Tail
|raw|firemanarjun's rating: 1019 &rarr; <strong>1006</strong><br />(-13 for losing)
|raw|Desert Tail's rating: 1024 &rarr; <strong>1060</strong><br />(+36 for winning)
|l|☆firemanarjun
|player|p1|
