|j|☆leosyspu
|j|☆Calagard
|t:|1758367878
|gametype|singles
|player|p1|leosyspu|cynthia|1441
|player|p2|Calagard|red|1442
|gen|9
|tier|[Gen 9] OU
|rated|
|rule|HP Percentage Mod: HP is shown in percentages
|rule|Endless Battle Clause: Forcing endless battles is banned
|rule|Species Clause: Limit one of each Pokémon
|rule|OHKO Clause: OHKO moves are banned
|rule|Evasion Items Clause: Evasion items are banned
|rule|Evasion Moves Clause: Evasion moves are banned
|rule|Evasion Abilities Clause: Evasion abilities are banned
|rule|Sleep Moves Clause: Sleep-inducing moves are banned
|clearpoke
|poke|p1|Crawdaunt, M|
|poke|p1|Dragonite, F|
|poke|p1|Scizor, M|
|poke|p1|Dusclops, F|
|poke|p1|Rotom-Wash|
|poke|p1|Porygon2|
|poke|p2|Alomomola, M|
|poke|p2|Corviknight, M|
|poke|p2|Great Tusk|
|poke|p2|Pecharunt|
|poke|p2|Iron Crown|
|poke|p2|Salamence, M|
|teampreview
|inactive|Battle timer is ON: inactive players will automatically lose when time's up. (requested by leosyspu)
|
|t:|1758367891
|teamsize|p1|6
|teamsize|p2|6
|start
|switch|p1a: 小左轮|Rotom-Wash|100/100
|switch|p2a: Salamence|Salamence, M|100/100
|-ability|p2a: Salamence|Intimidate|boost
|-unboost|p1a: 小左轮|atk|1
|turn|1
|
|t:|1758367900
|switch|p2a: Alomomola|Alomomola, M|100/100
|move|p1a: 小左轮|Trick|p2a: Alomomola
|-activate|p1a: 小左轮|move: Trick|[of] p2a: Alomomola
|-item|p2a: Alomomola|Choice Scarf|[from] move: Trick
|-item|p1a: 小左轮|Assault Vest|[from] move: Trick
|
|upkeep
|turn|2
|
|t:|1758367908
|move|p1a: 小左轮|Volt Switch|p2a: Alomomola
|-supereffective|p2a: Alomomola
|-damage|p2a: Alomomola|52/100
|
|t:|1758367913
|switch|p1a: Porygon2|Porygon2|100/100|[from] Volt Switch
|-ability|p1a: Porygon2|Download|boost
|-boost|p1a: Porygon2|atk|1
|move|p2a: Alomomola|Mirror Coat|p1a: Porygon2
|-damage|p1a: Porygon2|0 fnt
|faint|p1a: Porygon2
|
|upkeep
|
|t:|1758367923
|switch|p1a: 红色铁拳炮|Scizor, M|100/100
|turn|3
|
|t:|1758367927
|switch|p2a: Corviknight|Corviknight, M|100/100
|move|p1a: 红色铁拳炮|Swords Dance|p1a: 红色铁拳炮
|-boost|p1a: 红色铁拳炮|atk|2
|
|upkeep
|turn|4
|
|t:|1758367933
|move|p2a: Corviknight|Body Press|p1a: 红色铁拳炮
|-damage|p1a: 红色铁拳炮|74/100
|move|p1a: 红色铁拳炮|Close Combat|p2a: Corviknight
|-damage|p2a: Corviknight|49/100
|-unboost|p1a: 红色铁拳炮|def|1
|-unboost|p1a: 红色铁拳炮|spd|1
|-damage|p1a: 红色铁拳炮|58/100|[from] item: Rocky Helmet|[of] p2a: Corviknight
|
|-heal|p1a: 红色铁拳炮|64/100|[from] item: Leftovers
|upkeep
|turn|5
|
|t:|1758367944
|move|p2a: Corviknight|Body Press|p1a: 红色铁拳炮
|-damage|p1a: 红色铁拳炮|25/100
|move|p1a: 红色铁拳炮|Close Combat|p2a: Corviknight
|-damage|p2a: Corviknight|0 fnt
|-unboost|p1a: 红色铁拳炮|def|1
|-unboost|p1a: 红色铁拳炮|spd|1
|-damage|p1a: 红色铁拳炮|8/100|[from] item: Rocky Helmet|[of] p2a: Corviknight
|faint|p2a: Corviknight
|
|-heal|p1a: 红色铁拳炮|14/100|[from] item: Leftovers
|upkeep
|
|t:|1758367953
|switch|p2a: Salamence|Salamence, M|100/100
|-ability|p2a: Salamence|Intimidate|boost
|-unboost|p1a: 红色铁拳炮|atk|1
|turn|6
|
|t:|1758367960
|move|p1a: 红色铁拳炮|Bullet Punch|p2a: Salamence
|-damage|p2a: Salamence|39/100
|move|p2a: Salamence|Dragon Dance|p2a: Salamence
|-boost|p2a: Salamence|atk|1
|-boost|p2a: Salamence|spe|1
|
|-heal|p1a: 红色铁拳炮|20/100|[from] item: Leftovers
|upkeep
|turn|7
|
|t:|1758367968
|-terastallize|p2a: Salamence|Fire
|move|p1a: 红色铁拳炮|Bullet Punch|p2a: Salamence
|-resisted|p2a: Salamence
|-damage|p2a: Salamence|8/100
|move|p2a: Salamence|Temper Flare|p1a: 红色铁拳炮
|-supereffective|p1a: 红色铁拳炮
|-damage|p1a: 红色铁拳炮|0 fnt
|faint|p1a: 红色铁拳炮
|
|upkeep
|
|t:|1758367981
|switch|p1a: 乔尼亚斯奥特曼|Crawdaunt, M|100/100
|turn|8
|
|t:|1758367993
|move|p1a: 乔尼亚斯奥特曼|Aqua Jet|p2a: Salamence
|-supereffective|p2a: Salamence
|-damage|p2a: Salamence|0 fnt
|faint|p2a: Salamence
|-damage|p1a: 乔尼亚斯奥特曼|90/100|[from] item: Life Orb
|
|upkeep
|
|t:|1758367996
|switch|p2a: Iron Crown|Iron Crown|100/100
|turn|9
|
|t:|1758368008
|switch|p1a: 小左轮|Rotom-Wash|100/100
|move|p2a: Iron Crown|Volt Switch|p1a: 小左轮
|-damage|p1a: 小左轮|69/100
|
|t:|1758368016
|-end|p2a: Iron Crown|Quark Drive|[silent]
|switch|p2a: Pecharunt|Pecharunt|100/100|[from] Volt Switch
|-item|p2a: Pecharunt|Air Balloon
|
|upkeep
|turn|10
|
|t:|1758368023
|move|p2a: Pecharunt|Parting Shot|p1a: 小左轮
|-unboost|p1a: 小左轮|atk|1
|-unboost|p1a: 小左轮|spa|1
|
|t:|1758368025
|switch|p2a: Iron Crown|Iron Crown|100/100|[from] Parting Shot
|move|p1a: 小左轮|Volt Switch|p2a: Iron Crown
|-damage|p2a: Iron Crown|79/100
|
|t:|1758368032
|switch|p1a: 消音器|Dusclops, F|100/100|[from] Volt Switch
|-item|p2a: Iron Crown|Choice Specs|[from] ability: Frisk|[of] p1a: 消音器
|
|upkeep
|turn|11
|
|t:|1758368046
|move|p2a: Iron Crown|Volt Switch|p1a: 消音器
|-damage|p1a: 消音器|83/100
|
|t:|1758368048
|-end|p2a: Iron Crown|Quark Drive|[silent]
|switch|p2a: Alomomola|Alomomola, M|86/100|[from] Volt Switch
|move|p1a: 消音器|Will-O-Wisp|p2a: Alomomola
|-status|p2a: Alomomola|brn
|
|-damage|p2a: Alomomola|79/100 brn|[from] brn
|upkeep
|turn|12
|
|t:|1758368058
|move|p2a: Alomomola|Flip Turn|p1a: 消音器
|-damage|p1a: 消音器|78/100
|
|t:|1758368061
|switch|p2a: Great Tusk|Great Tusk|100/100|[from] Flip Turn
|-enditem|p2a: Great Tusk|Booster Energy
|-activate|p2a: Great Tusk|ability: Protosynthesis|[fromitem]
|-start|p2a: Great Tusk|protosynthesisatk
|move|p1a: 消音器|Trick Room|p1a: 消音器
|-fieldstart|move: Trick Room|[of] p1a: 消音器
|
|upkeep
|turn|13
|
|t:|1758368069
|move|p1a: 消音器|Will-O-Wisp|p2a: Great Tusk
|-status|p2a: Great Tusk|brn
|move|p2a: Great Tusk|Headlong Rush|p1a: 消音器
|-damage|p1a: 消音器|55/100
|-unboost|p2a: Great Tusk|def|1
|-unboost|p2a: Great Tusk|spd|1
|
|-damage|p2a: Great Tusk|94/100 brn|[from] brn
|upkeep
|turn|14
|
|t:|1758368082
|switch|p1a: 小左轮|Rotom-Wash|69/100
|move|p2a: Great Tusk|Stealth Rock|p1a: 小左轮
|-sidestart|p1: leosyspu|move: Stealth Rock
|
|-damage|p2a: Great Tusk|88/100 brn|[from] brn
|upkeep
|turn|15
|
|t:|1758368090
|-end|p2a: Great Tusk|Protosynthesis|[silent]
|switch|p2a: Alomomola|Alomomola, M|100/100 brn
|move|p1a: 小左轮|Hydro Pump|p2a: Alomomola
|-resisted|p2a: Alomomola
|-damage|p2a: Alomomola|82/100 brn
|
|-damage|p2a: Alomomola|76/100 brn|[from] brn
|upkeep
|turn|16
|
|t:|1758368099
|move|p1a: 小左轮|Hydro Pump|p2a: Alomomola
|-resisted|p2a: Alomomola
|-damage|p2a: Alomomola|56/100 brn
|move|p2a: Alomomola|Mirror Coat|p1a: 小左轮
|-damage|p1a: 小左轮|0 fnt
|faint|p1a: 小左轮
|
|-damage|p2a: Alomomola|50/100 brn|[from] brn
|-fieldend|move: Trick Room
|upkeep
|
|t:|1758368110
|switch|p1a: 消音器|Dusclops, F|55/100
|-damage|p1a: 消音器|43/100|[from] Stealth Rock
|-item|p2a: Alomomola|Choice Scarf|[from] ability: Frisk|[of] p1a: 消音器
|turn|17
|
|t:|1758368116
|switch|p2a: Great Tusk|Great Tusk|88/100 brn
|move|p1a: 消音器|Trick Room|p1a: 消音器
|-fieldstart|move: Trick Room|[of] p1a: 消音器
|
|-damage|p2a: Great Tusk|82/100 brn|[from] brn
|upkeep
|turn|18
|
|t:|1758368123
|move|p1a: 消音器|Memento|p2a: Great Tusk
|-unboost|p2a: Great Tusk|atk|2
|-unboost|p2a: Great Tusk|spa|2
|faint|p1a: 消音器
|move|p2a: Great Tusk|Headlong Rush|p1: 消音器|[notarget]
|-fail|p2a: Great Tusk
|
|-damage|p2a: Great Tusk|76/100 brn|[from] brn
|upkeep
|
|t:|1758368132
|switch|p1a: 强力高速炮|Dragonite, F|100/100
|-damage|p1a: 强力高速炮|76/100|[from] Stealth Rock
|turn|19
|
|t:|1758368141
|-terastallize|p1a: 强力高速炮|Normal
|move|p1a: 强力高速炮|Dragon Dance|p1a: 强力高速炮
|-boost|p1a: 强力高速炮|atk|1
|-boost|p1a: 强力高速炮|spe|1
|move|p2a: Great Tusk|Ice Spinner|p1a: 强力高速炮
|-damage|p1a: 强力高速炮|69/100
|
|-heal|p1a: 强力高速炮|75/100|[from] item: Leftovers
|-damage|p2a: Great Tusk|70/100 brn|[from] brn
|upkeep
|turn|20
|
|t:|1758368153
|-end|p2a: Great Tusk|Protosynthesis|[silent]
|switch|p2a: Pecharunt|Pecharunt|100/100
|-item|p2a: Pecharunt|Air Balloon
|move|p1a: 强力高速炮|Dragon Dance|p1a: 强力高速炮
|-boost|p1a: 强力高速炮|atk|1
|-boost|p1a: 强力高速炮|spe|1
|
|-heal|p1a: 强力高速炮|82/100|[from] item: Leftovers
|upkeep
|turn|21
|
|t:|1758368162
|move|p2a: Pecharunt|Malignant Chain|p1a: 强力高速炮
|-damage|p1a: 强力高速炮|46/100
|-status|p1a: 强力高速炮|tox
|-start|p1a: 强力高速炮|confusion|[from] ability: Poison Puppeteer|[of] p2a: Pecharunt
|-activate|p1a: 强力高速炮|confusion
|-damage|p1a: 强力高速炮|20/100 tox|[from] confusion
|
|-heal|p1a: 强力高速炮|26/100 tox|[from] item: Leftovers
|-damage|p1a: 强力高速炮|20/100 tox|[from] psn
|-fieldend|move: Trick Room
|upkeep
|turn|22
|
|t:|1758368173
|switch|p2a: Great Tusk|Great Tusk|70/100 brn
|-activate|p1a: 强力高速炮|confusion
|move|p1a: 强力高速炮|Scale Shot|p2a: Great Tusk
|-damage|p2a: Great Tusk|48/100 brn
|-crit|p2a: Great Tusk
|-damage|p2a: Great Tusk|19/100 brn
|-damage|p2a: Great Tusk|0 fnt
|faint|p2a: Great Tusk
|-end|p2a: Great Tusk|Protosynthesis|[silent]
|-hitcount|p2: Great Tusk|3
|-unboost|p1a: 强力高速炮|def|1
|-boost|p1a: 强力高速炮|spe|1
|
|-heal|p1a: 强力高速炮|26/100 tox|[from] item: Leftovers
|-damage|p1a: 强力高速炮|13/100 tox|[from] psn
|upkeep
|
|t:|1758368182
|switch|p2a: Iron Crown|Iron Crown|79/100
|turn|23
|
|t:|1758368192
|-activate|p1a: 强力高速炮|confusion
|-damage|p1a: 强力高速炮|0 fnt|[from] confusion
|faint|p1a: 强力高速炮
|move|p2a: Iron Crown|Tachyon Cutter|p1: 强力高速炮|[notarget]
|-fail|p2a: Iron Crown
|
|upkeep
|-message|leosyspu forfeited.
|
|win|Calagard
|raw|leosyspu's rating: 1441 &rarr; <strong>1421</strong><br />(-20 for losing)
|raw|Calagard's rating: 1442 &rarr; <strong>1462</strong><br />(+20 for winning)
|l|☆leosyspu
|player|p1|
|l|☆Calagard
|player|p2|
