|j|☆babajeje
|j|☆depecos
|t:|1758373784
|gametype|singles
|player|p1|babajeje|266|1298
|player|p2|depecos|102|1359
|gen|9
|tier|[Gen 9] OU
|rated|
|rule|HP Percentage Mod: HP is shown in percentages
|rule|Endless Battle Clause: Forcing endless battles is banned
|rule|Species Clause: Limit one of each Pokémon
|rule|OHKO Clause: OHKO moves are banned
|rule|Evasion Items Clause: Evasion items are banned
|rule|Evasion Moves Clause: Evasion moves are banned
|rule|Evasion Abilities Clause: Evasion abilities are banned
|rule|Sleep Moves Clause: Sleep-inducing moves are banned
|clearpoke
|poke|p1|Cobalion|
|poke|p1|Alomomola, M|
|poke|p1|Blissey, F|
|poke|p1|Quaquaval, F|
|poke|p1|Great Tusk|
|poke|p1|Kingambit, F|
|poke|p2|Lokix, F|
|poke|p2|Cinderace, F|
|poke|p2|Great Tusk|
|poke|p2|Alomomola, M|
|poke|p2|Enamorus, F|
|poke|p2|Slowking-Galar, F|
|teampreview
|inactive|Battle timer is ON: inactive players will automatically lose when time's up. (requested by depecos)
|
|t:|1758373795
|teamsize|p1|6
|teamsize|p2|6
|start
|switch|p1a: Cobalion|Cobalion|100/100
|switch|p2a: Lokix|Lokix, F|100/100
|turn|1
|
|t:|1758373806
|move|p1a: Cobalion|Iron Defense|p1a: Cobalion
|-boost|p1a: Cobalion|def|2
|move|p2a: Lokix|U-turn|p1a: Cobalion
|-resisted|p1a: Cobalion
|-damage|p1a: Cobalion|91/100
|
|t:|1758373821
|switch|p2a: Slowking|Slowking-Galar, F|100/100|[from] U-turn
|
|-heal|p1a: Cobalion|97/100|[from] item: Leftovers
|upkeep
|turn|2
|
|t:|1758373826
|move|p1a: Cobalion|Stealth Rock|p2a: Slowking
|-sidestart|p2: depecos|move: Stealth Rock
|move|p2a: Slowking|Future Sight|p1a: Cobalion
|-start|p2a: Slowking|move: Future Sight
|
|-heal|p1a: Cobalion|100/100|[from] item: Leftovers
|upkeep
|turn|3
|
|t:|1758373836
|switch|p2a: Great Tusk|Great Tusk|100/100
|-damage|p2a: Great Tusk|98/100|[from] Stealth Rock
|move|p1a: Cobalion|Iron Defense|p1a: Cobalion
|-boost|p1a: Cobalion|def|2
|
|-heal|p2a: Great Tusk|100/100|[from] item: Leftovers
|upkeep
|turn|4
|
|t:|1758373840
|move|p1a: Cobalion|Body Press|p2a: Great Tusk
|-damage|p2a: Great Tusk|48/100
|move|p2a: Great Tusk|Bulk Up|p2a: Great Tusk
|-boost|p2a: Great Tusk|atk|1
|-boost|p2a: Great Tusk|def|1
|
|-end|p1a: Cobalion|move: Future Sight
|-damage|p1a: Cobalion|45/100
|-heal|p1a: Cobalion|52/100|[from] item: Leftovers
|-heal|p2a: Great Tusk|54/100|[from] item: Leftovers
|upkeep
|turn|5
|
|t:|1758373847
|move|p1a: Cobalion|Body Press|p2a: Great Tusk
|-damage|p2a: Great Tusk|16/100
|move|p2a: Great Tusk|Rapid Spin|p1a: Cobalion
|-resisted|p1a: Cobalion
|-damage|p1a: Cobalion|49/100
|-boost|p2a: Great Tusk|spe|1
|-sideend|p2: depecos|Stealth Rock|[from] move: Rapid Spin|[of] p2a: Great Tusk
|
|-heal|p2a: Great Tusk|23/100|[from] item: Leftovers
|-heal|p1a: Cobalion|55/100|[from] item: Leftovers
|upkeep
|turn|6
|
|t:|1758373856
|move|p2a: Great Tusk|Earthquake|p1a: Cobalion
|-supereffective|p1a: Cobalion
|-damage|p1a: Cobalion|22/100
|move|p1a: Cobalion|Body Press|p2a: Great Tusk
|-damage|p2a: Great Tusk|0 fnt
|faint|p2a: Great Tusk
|-end|p2a: Great Tusk|Protosynthesis|[silent]
|
|-heal|p1a: Cobalion|28/100|[from] item: Leftovers
|upkeep
|
|t:|1758373867
|switch|p2a: Enamorus|Enamorus, F|100/100
|turn|7
|
|t:|1758373873
|move|p2a: Enamorus|Moonblast|p1a: Cobalion
|-damage|p1a: Cobalion|0 fnt
|faint|p1a: Cobalion
|
|upkeep
|
|t:|1758373888
|switch|p1a: Blissey|Blissey, F|100/100
|turn|8
|
|t:|1758373895
|switch|p2a: Slowking|Slowking-Galar, F|100/100
|move|p1a: Blissey|Thunder Wave|p2a: Slowking
|-status|p2a: Slowking|par
|
|upkeep
|turn|9
|
|t:|1758373902
|move|p1a: Blissey|Thunder Wave|p2a: Slowking
|-fail|p2a: Slowking|par
|-prepare|p2a: Slowking|Chilly Reception|[premajor]
|move|p2a: Slowking|Chilly Reception|p2a: Slowking
|-weather|Snowscape
|
|t:|1758373909
|switch|p2a: Lokix|Lokix, F|100/100|[from] Chilly Reception
|
|-weather|Snowscape|[upkeep]
|upkeep
|turn|10
|
|t:|1758373926
|switch|p1a: Alomomola|Alomomola, M|100/100
|-terastallize|p2a: Lokix|Bug
|move|p2a: Lokix|First Impression|p1a: Alomomola
|-damage|p1a: Alomomola|53/100
|
|-weather|Snowscape|[upkeep]
|upkeep
|turn|11
|
|t:|1758373938
|switch|p2a: Alomomola|Alomomola, M|100/100
|move|p1a: Alomomola|Flip Turn|p2a: Alomomola
|-resisted|p2a: Alomomola
|-damage|p2a: Alomomola|94/100
|
|t:|1758373946
|switch|p1a: Kingambit|Kingambit, F|100/100|[from] Flip Turn
|-activate|p1a: Kingambit|ability: Supreme Overlord
|-start|p1a: Kingambit|fallen1|[silent]
|
|-weather|Snowscape|[upkeep]
|upkeep
|turn|12
|
|t:|1758373951
|move|p1a: Kingambit|Kowtow Cleave|p2a: Alomomola
|-damage|p2a: Alomomola|42/100
|move|p2a: Alomomola|Flip Turn|p1a: Kingambit
|-damage|p1a: Kingambit|88/100
|
|t:|1758373957
|switch|p2a: Cinderace|Cinderace, F|100/100|[from] Flip Turn
|
|-weather|Snowscape|[upkeep]
|upkeep
|turn|13
|
|t:|1758373962
|-end|p1a: Kingambit|fallen1|[silent]
|switch|p1a: Alomomola|Alomomola, M|86/100
|move|p2a: Cinderace|Will-O-Wisp|p1a: Alomomola
|-status|p1a: Alomomola|brn
|
|-weather|none
|-damage|p1a: Alomomola|80/100 brn|[from] brn
|upkeep
|turn|14
|
|t:|1758373970
|move|p2a: Cinderace|U-turn|p1a: Alomomola
|-damage|p1a: Alomomola|70/100 brn
|
|t:|1758373973
|switch|p2a: Lokix|Lokix, F, tera:Bug|100/100|[from] U-turn
|move|p1a: Alomomola|Scald|p2a: Lokix
|-damage|p2a: Lokix|75/100
|-status|p2a: Lokix|brn
|
|-damage|p2a: Lokix|68/100 brn|[from] brn
|-damage|p1a: Alomomola|63/100 brn|[from] brn
|upkeep
|turn|15
|
|t:|1758373982
|move|p2a: Lokix|Knock Off|p1a: Alomomola
|-damage|p1a: Alomomola|45/100 brn
|-enditem|p1a: Alomomola|Heavy-Duty Boots|[from] move: Knock Off|[of] p2a: Lokix
|move|p1a: Alomomola|Wish|p1a: Alomomola
|
|-damage|p2a: Lokix|62/100 brn|[from] brn
|-damage|p1a: Alomomola|39/100 brn|[from] brn
|upkeep
|turn|16
|
|t:|1758373990
|switch|p2a: Enamorus|Enamorus, F|100/100
|move|p1a: Alomomola|Scald|p2a: Enamorus
|-damage|p2a: Enamorus|82/100
|
|-heal|p1a: Alomomola|89/100 brn|[from] move: Wish|[wisher] Alomomola
|-damage|p1a: Alomomola|82/100 brn|[from] brn
|upkeep
|turn|17
|
|t:|1758373994
|switch|p1a: Blissey|Blissey, F|100/100
|move|p2a: Enamorus|Moonblast|p1a: Blissey
|-damage|p1a: Blissey|85/100
|
|-heal|p1a: Blissey|91/100|[from] item: Leftovers
|upkeep
|turn|18
|
|t:|1758374006
|switch|p2a: Slowking|Slowking-Galar, F|100/100 par
|move|p1a: Blissey|Thunder Wave|p2a: Slowking
|-fail|p2a: Slowking|par
|
|-heal|p1a: Blissey|98/100|[from] item: Leftovers
|upkeep
|turn|19
|
|t:|1758374009
|move|p1a: Blissey|Seismic Toss|p2a: Slowking
|-damage|p2a: Slowking|75/100 par
|-prepare|p2a: Slowking|Chilly Reception|[premajor]
|move|p2a: Slowking|Chilly Reception|p2a: Slowking
|-weather|Snowscape
|
|t:|1758374012
|switch|p2a: Cinderace|Cinderace, F|100/100|[from] Chilly Reception
|
|-weather|Snowscape|[upkeep]
|-heal|p1a: Blissey|100/100|[from] item: Leftovers
|upkeep
|turn|20
|
|t:|1758374015
|switch|p1a: Alomomola|Alomomola, M|100/100 brn
|move|p2a: Cinderace|Pyro Ball|p1a: Alomomola
|-resisted|p1a: Alomomola
|-damage|p1a: Alomomola|88/100 brn
|
|-weather|Snowscape|[upkeep]
|-damage|p1a: Alomomola|81/100 brn|[from] brn
|upkeep
|turn|21
|
|t:|1758374020
|move|p2a: Cinderace|U-turn|p1a: Alomomola
|-damage|p1a: Alomomola|71/100 brn
|
|t:|1758374024
|switch|p2a: Slowking|Slowking-Galar, F|100/100 par|[from] U-turn
|move|p1a: Alomomola|Scald|p2a: Slowking
|-damage|p2a: Slowking|89/100 par
|
|-weather|Snowscape|[upkeep]
|-damage|p1a: Alomomola|65/100 brn|[from] brn
|upkeep
|turn|22
|
|t:|1758374033
|switch|p1a: Blissey|Blissey, F|100/100
|move|p2a: Slowking|Future Sight|p1a: Blissey
|-start|p2a: Slowking|move: Future Sight
|
|-weather|Snowscape|[upkeep]
|upkeep
|turn|23
|
|t:|1758374037
|move|p1a: Blissey|Seismic Toss|p2a: Slowking
|-damage|p2a: Slowking|64/100 par
|-prepare|p2a: Slowking|Chilly Reception|[premajor]
|cant|p2a: Slowking|par
|
|-weather|none
|upkeep
|turn|24
|
|t:|1758374044
|move|p1a: Blissey|Seismic Toss|p2a: Slowking
|-damage|p2a: Slowking|38/100 par
|-prepare|p2a: Slowking|Chilly Reception|[premajor]
|move|p2a: Slowking|Chilly Reception|p2a: Slowking
|-weather|Snowscape
|
|t:|1758374046
|switch|p2a: Cinderace|Cinderace, F|100/100|[from] Chilly Reception
|
|-weather|Snowscape|[upkeep]
|-end|p1a: Blissey|move: Future Sight
|-damage|p1a: Blissey|87/100
|-heal|p1a: Blissey|93/100|[from] item: Leftovers
|upkeep
|turn|25
|
|t:|1758374058
|switch|p1a: Alomomola|Alomomola, M|99/100 brn
|move|p2a: Cinderace|U-turn|p1a: Alomomola
|-damage|p1a: Alomomola|89/100 brn
|
|t:|1758374068
|switch|p2a: Lokix|Lokix, F, tera:Bug|62/100 brn|[from] U-turn
|
|-weather|Snowscape|[upkeep]
|-damage|p2a: Lokix|56/100 brn|[from] brn
|-damage|p1a: Alomomola|83/100 brn|[from] brn
|upkeep
|turn|26
|
|t:|1758374078
|move|p2a: Lokix|U-turn|p1a: Alomomola
|-damage|p1a: Alomomola|64/100 brn
|
|t:|1758374081
|switch|p2a: Alomomola|Alomomola, M|76/100|[from] U-turn
|move|p1a: Alomomola|Scald|p2a: Alomomola
|-resisted|p2a: Alomomola
|-damage|p2a: Alomomola|72/100
|
|-weather|Snowscape|[upkeep]
|-damage|p1a: Alomomola|58/100 brn|[from] brn
|upkeep
|turn|27
|
|t:|1758374088
|switch|p1a: Blissey|Blissey, F|93/100
|move|p2a: Alomomola|Flip Turn|p1a: Blissey
|-damage|p1a: Blissey|62/100
|
|t:|1758374096
|switch|p2a: Cinderace|Cinderace, F|100/100|[from] Flip Turn
|
|-weather|Snowscape|[upkeep]
|-heal|p1a: Blissey|69/100|[from] item: Leftovers
|upkeep
|turn|28
|
|t:|1758374100
|switch|p1a: Alomomola|Alomomola, M|91/100 brn
|move|p2a: Cinderace|U-turn|p1a: Alomomola
|-damage|p1a: Alomomola|82/100 brn
|
|t:|1758374110
|switch|p2a: Enamorus|Enamorus, F|82/100|[from] U-turn
|
|-weather|none
|-damage|p1a: Alomomola|76/100 brn|[from] brn
|upkeep
|turn|29
|
|t:|1758374115
|switch|p1a: Blissey|Blissey, F|69/100
|move|p2a: Enamorus|Healing Wish|p2a: Enamorus
|faint|p2a: Enamorus
|
|-heal|p1a: Blissey|75/100|[from] item: Leftovers
|upkeep
|
|t:|1758374123
|switch|p2a: Lokix|Lokix, F, tera:Bug|56/100 brn
|-heal|p2a: Lokix|100/100|[from] move: Healing Wish
|turn|30
|
|t:|1758374126
|move|p2a: Lokix|First Impression|p1a: Blissey
|-damage|p1a: Blissey|0 fnt
|faint|p1a: Blissey
|
|upkeep
|
|t:|1758374150
|switch|p1a: Kingambit|Kingambit, F|88/100
|-activate|p1a: Kingambit|ability: Supreme Overlord
|-start|p1a: Kingambit|fallen2|[silent]
|turn|31
|
|t:|1758374169
|switch|p2a: Cinderace|Cinderace, F|100/100
|move|p1a: Kingambit|Kowtow Cleave|p2a: Cinderace
|-damage|p2a: Cinderace|17/100
|
|upkeep
|turn|32
|
|t:|1758374175
|move|p1a: Kingambit|Sucker Punch||[still]
|-fail|p1a: Kingambit
|move|p2a: Cinderace|Will-O-Wisp|p1a: Kingambit
|-status|p1a: Kingambit|brn
|
|-damage|p1a: Kingambit|81/100 brn|[from] brn
|upkeep
|turn|33
|
|t:|1758374185
|move|p1a: Kingambit|Sucker Punch|p2a: Cinderace
|-damage|p2a: Cinderace|0 fnt
|faint|p2a: Cinderace
|
|-damage|p1a: Kingambit|75/100 brn|[from] brn
|upkeep
|
|t:|1758374190
|switch|p2a: Lokix|Lokix, F, tera:Bug|100/100
|turn|34
|
|t:|1758374193
|move|p2a: Lokix|First Impression|p1a: Kingambit
|-damage|p1a: Kingambit|16/100 brn
|move|p1a: Kingambit|Iron Head|p2a: Lokix
|-damage|p2a: Lokix|60/100
|
|-damage|p1a: Kingambit|10/100 brn|[from] brn
|upkeep
|turn|35
|
|t:|1758374201
|switch|p2a: Alomomola|Alomomola, M|100/100
|move|p1a: Kingambit|Kowtow Cleave|p2a: Alomomola
|-damage|p2a: Alomomola|71/100
|
|-damage|p1a: Kingambit|3/100 brn|[from] brn
|upkeep
|turn|36
|
|t:|1758374207
|move|p1a: Kingambit|Kowtow Cleave|p2a: Alomomola
|-damage|p2a: Alomomola|44/100
|move|p2a: Alomomola|Flip Turn|p1a: Kingambit
|-damage|p1a: Kingambit|0 fnt
|faint|p1a: Kingambit
|-end|p1a: Kingambit|fallen2|[silent]
|
|t:|1758374213
|switch|p2a: Lokix|Lokix, F, tera:Bug|60/100|[from] Flip Turn
|
|upkeep
|
|t:|1758374216
|switch|p1a: Alomomola|Alomomola, M|100/100 brn
|turn|37
|
|t:|1758374220
|move|p2a: Lokix|Leech Life|p1a: Alomomola
|-damage|p1a: Alomomola|62/100 brn
|-heal|p2a: Lokix|96/100|[from] drain|[of] p1a: Alomomola
|move|p1a: Alomomola|Scald|p2a: Lokix
|-damage|p2a: Lokix|70/100
|
|-damage|p1a: Alomomola|55/100 brn|[from] brn
|upkeep
|turn|38
|
|t:|1758374228
|switch|p2a: Alomomola|Alomomola, M|77/100
|move|p1a: Alomomola|Scald|p2a: Alomomola
|-resisted|p2a: Alomomola
|-damage|p2a: Alomomola|74/100
|
|-damage|p1a: Alomomola|49/100 brn|[from] brn
|upkeep
|turn|39
|
|t:|1758374235
|move|p1a: Alomomola|Wish|p1a: Alomomola
|move|p2a: Alomomola|Body Slam|p1a: Alomomola
|-damage|p1a: Alomomola|41/100 brn
|
|-damage|p1a: Alomomola|34/100 brn|[from] brn
|upkeep
|turn|40
|
|t:|1758374244
|move|p1a: Alomomola|Tickle|p2a: Alomomola
|-unboost|p2a: Alomomola|atk|1
|-unboost|p2a: Alomomola|def|1
|move|p2a: Alomomola|Mirror Coat||[still]
|-fail|p2a: Alomomola
|
|-heal|p1a: Alomomola|84/100 brn|[from] move: Wish|[wisher] Alomomola
|-damage|p1a: Alomomola|78/100 brn|[from] brn
|upkeep
|turn|41
|
|t:|1758374248
|move|p1a: Alomomola|Tickle|p2a: Alomomola
|-unboost|p2a: Alomomola|atk|1
|-unboost|p2a: Alomomola|def|1
|move|p2a: Alomomola|Flip Turn|p1a: Alomomola
|-resisted|p1a: Alomomola
|-damage|p1a: Alomomola|76/100 brn
|
|t:|1758374257
|switch|p2a: Slowking|Slowking-Galar, F|72/100 par|[from] Flip Turn
|
|-damage|p1a: Alomomola|70/100 brn|[from] brn
|upkeep
|turn|42
|
|t:|1758374260
|move|p1a: Alomomola|Tickle|p2a: Slowking
|-unboost|p2a: Slowking|atk|1
|-unboost|p2a: Slowking|def|1
|move|p2a: Slowking|Sludge Bomb|p1a: Alomomola
|-crit|p1a: Alomomola
|-damage|p1a: Alomomola|14/100 brn
|
|-damage|p1a: Alomomola|8/100 brn|[from] brn
|upkeep
|turn|43
|
|t:|1758374267
|move|p1a: Alomomola|Flip Turn|p2a: Slowking
|-damage|p2a: Slowking|64/100 par
|
|t:|1758374272
|switch|p1a: Quaquaval|Quaquaval, F|100/100|[from] Flip Turn
|cant|p2a: Slowking|par
|
|upkeep
|turn|44
|
|t:|1758374277
|move|p1a: Quaquaval|Aqua Step|p2a: Slowking
|-damage|p2a: Slowking|0 fnt
|-boost|p1a: Quaquaval|spe|1
|faint|p2a: Slowking
|-ability|p1a: Quaquaval|Moxie|boost
|-boost|p1a: Quaquaval|atk|1
|
|upkeep
|
|t:|1758374283
|switch|p2a: Lokix|Lokix, F, tera:Bug|70/100
|turn|45
|
|t:|1758374285
|move|p2a: Lokix|First Impression|p1a: Quaquaval
|-resisted|p1a: Quaquaval
|-damage|p1a: Quaquaval|0 fnt
|faint|p1a: Quaquaval
|
|upkeep
|
|t:|1758374288
|switch|p1a: Great Tusk|Great Tusk|100/100
|-enditem|p1a: Great Tusk|Booster Energy
|-activate|p1a: Great Tusk|ability: Protosynthesis|[fromitem]
|-start|p1a: Great Tusk|protosynthesisatk
|turn|46
|
|t:|1758374290
|switch|p2a: Alomomola|Alomomola, M|100/100
|move|p1a: Great Tusk|Rapid Spin|p2a: Alomomola
|-damage|p2a: Alomomola|83/100
|-boost|p1a: Great Tusk|spe|1
|
|upkeep
|turn|47
|
|t:|1758374300
|-terastallize|p1a: Great Tusk|Ground
|move|p2a: Alomomola|Aqua Jet|p1a: Great Tusk
|-supereffective|p1a: Great Tusk
|-crit|p1a: Great Tusk
|-damage|p1a: Great Tusk|77/100
|move|p1a: Great Tusk|Headlong Rush|p2a: Alomomola
|-damage|p2a: Alomomola|0 fnt
|-unboost|p1a: Great Tusk|def|1
|-unboost|p1a: Great Tusk|spd|1
|faint|p2a: Alomomola
|
|upkeep
|
|t:|1758374308
|switch|p2a: Lokix|Lokix, F, tera:Bug|70/100
|turn|48
|
|t:|1758374315
|-end|p1a: Great Tusk|Protosynthesis|[silent]
|switch|p1a: Alomomola|Alomomola, M|41/100 brn
|move|p2a: Lokix|Leech Life|p1a: Alomomola
|-damage|p1a: Alomomola|3/100 brn
|-heal|p2a: Lokix|100/100|[from] drain|[of] p1a: Alomomola
|
|-damage|p1a: Alomomola|0 fnt|[from] brn
|faint|p1a: Alomomola
|upkeep
|
|t:|1758374317
|switch|p1a: Great Tusk|Great Tusk, tera:Ground|77/100
|turn|49
|inactive|babajeje has 120 seconds left.
|
|t:|1758374348
|move|p1a: Great Tusk|Rapid Spin|p2a: Lokix
|-damage|p2a: Lokix|74/100
|-boost|p1a: Great Tusk|spe|1
|move|p2a: Lokix|Leech Life|p1a: Great Tusk
|-damage|p1a: Great Tusk|24/100
|-heal|p2a: Lokix|100/100|[from] drain|[of] p1a: Great Tusk
|
|upkeep
|turn|50
|
|t:|1758374355
|move|p1a: Great Tusk|Ice Spinner|p2a: Lokix
|-damage|p2a: Lokix|64/100
|move|p2a: Lokix|Leech Life|p1a: Great Tusk
|-damage|p1a: Great Tusk|0 fnt
|-heal|p2a: Lokix|79/100|[from] drain|[of] p1a: Great Tusk
|faint|p1a: Great Tusk
|-end|p1a: Great Tusk|Protosynthesis|[silent]
|
|win|depecos
|raw|babajeje's rating: 1298 &rarr; <strong>1277</strong><br />(-21 for losing)
|raw|depecos's rating: 1359 &rarr; <strong>1376</strong><br />(+17 for winning)
|c|☆babajeje|gg
|l|☆babajeje
|player|p1|
|l|☆depecos
|player|p2|
