|j|☆the goobchamponing
|j|‽TTExergy
|t:|1758300457
|gametype|singles
|player|p1|the goobchamponing|koga|1561
|player|p2|TTExergy|101|1581
|gen|9
|tier|[Gen 9] OU
|rated|
|rule|HP Percentage Mod: HP is shown in percentages
|rule|Endless Battle Clause: Forcing endless battles is banned
|rule|Species Clause: Limit one of each Pokémon
|rule|OHKO Clause: OHKO moves are banned
|rule|Evasion Items Clause: Evasion items are banned
|rule|Evasion Moves Clause: Evasion moves are banned
|rule|Evasion Abilities Clause: Evasion abilities are banned
|rule|Sleep Moves Clause: Sleep-inducing moves are banned
|clearpoke
|poke|p1|Ting-Lu|
|poke|p1|Ogerpon-Wellspring, F|
|poke|p1|Gholdengo|
|poke|p1|Moltres|
|poke|p1|Primarina, F|
|poke|p1|Dragapult, M|
|poke|p2|Enamorus, F|
|poke|p2|Araquanid, M|
|poke|p2|Raging Bolt|
|poke|p2|Iron Treads|
|poke|p2|Moltres|
|poke|p2|Zamazenta-*|
|teampreview
|inactive|Battle timer is ON: inactive players will automatically lose when time's up. (requested by the goobchamponing)
|
|t:|1758300478
|teamsize|p1|6
|teamsize|p2|6
|start
|switch|p1a: Primarina|Primarina, F|100/100
|switch|p2a: Araquanid|Araquanid, M|100/100
|turn|1
|
|t:|1758300482
|move|p1a: Primarina|Calm Mind|p1a: Primarina
|-boost|p1a: Primarina|spa|1
|-boost|p1a: Primarina|spd|1
|move|p2a: Araquanid|Sticky Web|p1a: Primarina
|-sidestart|p1: the goobchamponing|move: Sticky Web
|
|upkeep
|turn|2
|
|t:|1758300485
|move|p1a: Primarina|Calm Mind|p1a: Primarina
|-boost|p1a: Primarina|spa|1
|-boost|p1a: Primarina|spd|1
|move|p2a: Araquanid|Liquidation|p1a: Primarina
|-resisted|p1a: Primarina
|-damage|p1a: Primarina|75/100
|
|upkeep
|turn|3
|
|t:|1758300487
|move|p1a: Primarina|Calm Mind|p1a: Primarina
|-boost|p1a: Primarina|spa|1
|-boost|p1a: Primarina|spd|1
|move|p2a: Araquanid|Liquidation|p1a: Primarina
|-resisted|p1a: Primarina
|-damage|p1a: Primarina|49/100
|
|upkeep
|turn|4
|
|t:|1758300490
|move|p1a: Primarina|Calm Mind|p1a: Primarina
|-boost|p1a: Primarina|spa|1
|-boost|p1a: Primarina|spd|1
|move|p2a: Araquanid|Liquidation|p1a: Primarina
|-resisted|p1a: Primarina
|-damage|p1a: Primarina|21/100
|
|upkeep
|turn|5
|
|t:|1758300492
|move|p1a: Primarina|Draining Kiss|p2a: Araquanid
|-damage|p2a: Araquanid|51/100
|-heal|p1a: Primarina|58/100|[from] drain|[of] p2a: Araquanid
|move|p2a: Araquanid|Liquidation|p1a: Primarina
|-resisted|p1a: Primarina
|-damage|p1a: Primarina|28/100
|
|upkeep
|turn|6
|
|t:|1758300495
|move|p1a: Primarina|Draining Kiss|p2a: Araquanid
|-damage|p2a: Araquanid|0 fnt
|-heal|p1a: Primarina|64/100|[from] drain|[of] p2a: Araquanid
|faint|p2a: Araquanid
|
|upkeep
|
|t:|1758300500
|switch|p2a: Iron Treads|Iron Treads|100/100
|turn|7
|
|t:|1758300503
|move|p2a: Iron Treads|Earthquake|p1a: Primarina
|-damage|p1a: Primarina|34/100
|move|p1a: Primarina|Draining Kiss|p2a: Iron Treads
|-resisted|p2a: Iron Treads
|-crit|p2a: Iron Treads
|-damage|p2a: Iron Treads|44/100
|-heal|p1a: Primarina|81/100|[from] drain|[of] p2a: Iron Treads
|
|-heal|p2a: Iron Treads|50/100|[from] item: Leftovers
|upkeep
|turn|8
|
|t:|1758300507
|move|p2a: Iron Treads|Earthquake|p1a: Primarina
|-damage|p1a: Primarina|47/100
|move|p1a: Primarina|Draining Kiss|p2a: Iron Treads
|-resisted|p2a: Iron Treads
|-damage|p2a: Iron Treads|16/100
|-heal|p1a: Primarina|76/100|[from] drain|[of] p2a: Iron Treads
|
|-heal|p2a: Iron Treads|22/100|[from] item: Leftovers
|upkeep
|turn|9
|
|t:|1758300511
|move|p2a: Iron Treads|Knock Off|p1a: Primarina
|-resisted|p1a: Primarina
|-damage|p1a: Primarina|65/100
|-enditem|p1a: Primarina|Heavy-Duty Boots|[from] move: Knock Off|[of] p2a: Iron Treads
|move|p1a: Primarina|Draining Kiss|p2a: Iron Treads
|-resisted|p2a: Iron Treads
|-damage|p2a: Iron Treads|0 fnt
|-heal|p1a: Primarina|83/100|[from] drain|[of] p2a: Iron Treads
|faint|p2a: Iron Treads
|-end|p2a: Iron Treads|Quark Drive|[silent]
|
|upkeep
|-message|TTExergy forfeited.
|
|win|the goobchamponing
|raw|the goobchamponing's rating: 1582 &rarr; <strong>1602</strong><br />(+20 for winning)
|raw|TTExergy's rating: 1581 &rarr; <strong>1561</strong><br />(-20 for losing)
|l|‽TTExergy
|player|p2|
