|j|☆Andrewtre
|j|☆Ery_Navy
|t:|1758344231
|gametype|singles
|player|p1|Andrewtre|unknown|1122
|player|p2|Ery_Navy|grimsley-gen7|1082
|gen|9
|tier|[Gen 9] OU
|rated|
|rule|HP Percentage Mod: HP is shown in percentages
|rule|Endless Battle Clause: Forcing endless battles is banned
|rule|Species Clause: Limit one of each Pokémon
|rule|OHKO Clause: OHKO moves are banned
|rule|Evasion Items Clause: Evasion items are banned
|rule|Evasion Moves Clause: Evasion moves are banned
|rule|Evasion Abilities Clause: Evasion abilities are banned
|rule|Sleep Moves Clause: Sleep-inducing moves are banned
|clearpoke
|poke|p1|Farigiraf, F|
|poke|p1|Hatterene, F|
|poke|p1|Gardevoir, F|
|poke|p1|Gengar, M|
|poke|p1|Golduck, F|
|poke|p1|Golurk|
|poke|p2|Salamence, M|
|poke|p2|Serperior, F|
|poke|p2|Mew|
|poke|p2|Heatran, F|
|poke|p2|Toxtricity, M|
|poke|p2|Suicune|
|teampreview
|inactive|Battle timer is ON: inactive players will automatically lose when time's up. (requested by Andrewtre)
|
|t:|1758344249
|teamsize|p1|6
|teamsize|p2|6
|start
|switch|p1a: Hatterene|Hatterene, F|100/100
|switch|p2a: Heatran|Heatran, F|100/100
|turn|1
|
|t:|1758344264
|move|p2a: Heatran|Magma Storm|p1a: Hatterene
|-damage|p1a: Hatterene|58/100
|-activate|p1a: Hatterene|move: Magma Storm|[of] p2a: Heatran
|move|p1a: Hatterene|Trick Room|p1a: Hatterene
|-fieldstart|move: Trick Room|[of] p1a: Hatterene
|
|-damage|p1a: Hatterene|46/100|[from] move: Magma Storm|[partiallytrapped]
|upkeep
|turn|2
|
|t:|1758344272
|move|p1a: Hatterene|Psychic|p2a: Heatran
|-resisted|p2a: Heatran
|-damage|p2a: Heatran|82/100
|move|p2a: Heatran|Magma Storm|p1a: Hatterene
|-damage|p1a: Hatterene|2/100
|
|-heal|p2a: Heatran|88/100|[from] item: Leftovers
|-damage|p1a: Hatterene|0 fnt|[from] move: Magma Storm|[partiallytrapped]
|faint|p1a: Hatterene
|upkeep
|
|t:|1758344283
|switch|p1a: Golurk|Golurk|100/100
|turn|3
|
|t:|1758344298
|switch|p2a: Serperior|Serperior, F, shiny|100/100
|move|p1a: Golurk|Dynamic Punch|p2a: Serperior
|-damage|p2a: Serperior|39/100
|-start|p2a: Serperior|confusion
|-damage|p1a: Golurk|91/100|[from] item: Life Orb
|
|-heal|p2a: Serperior|46/100|[from] item: Leftovers
|upkeep
|turn|4
|
|t:|1758344311
|move|p1a: Golurk|Poltergeist|p2a: Serperior
|-activate|p2a: Serperior|move: Poltergeist|Leftovers
|-damage|p2a: Serperior|0 fnt
|faint|p2a: Serperior
|-damage|p1a: Golurk|81/100|[from] item: Life Orb
|
|upkeep
|
|t:|1758344321
|switch|p2a: Suicune|Suicune|100/100
|-ability|p2a: Suicune|Pressure
|turn|5
|
|t:|1758344328
|move|p1a: Golurk|Dynamic Punch|p2a: Suicune
|-damage|p2a: Suicune|65/100
|-start|p2a: Suicune|confusion
|-damage|p1a: Golurk|71/100|[from] item: Life Orb
|-activate|p2a: Suicune|confusion
|move|p2a: Suicune|Substitute|p2a: Suicune
|-start|p2a: Suicune|Substitute
|-damage|p2a: Suicune|40/100
|
|-heal|p2a: Suicune|46/100|[from] item: Leftovers
|-fieldend|move: Trick Room
|upkeep
|turn|6
|
|t:|1758344340
|-activate|p2a: Suicune|confusion
|-damage|p2a: Suicune|42/100|[from] confusion
|move|p1a: Golurk|Stealth Rock|p2a: Suicune
|-sidestart|p2: Ery_Navy|move: Stealth Rock
|
|-heal|p2a: Suicune|48/100|[from] item: Leftovers
|upkeep
|turn|7
|
|t:|1758344347
|-end|p2a: Suicune|confusion
|move|p2a: Suicune|Calm Mind|p2a: Suicune
|-boost|p2a: Suicune|spa|1
|-boost|p2a: Suicune|spd|1
|move|p1a: Golurk|Poltergeist|p2a: Suicune
|-activate|p2a: Suicune|move: Poltergeist|Leftovers
|-end|p2a: Suicune|Substitute
|-damage|p1a: Golurk|61/100|[from] item: Life Orb
|
|-heal|p2a: Suicune|54/100|[from] item: Leftovers
|upkeep
|turn|8
|
|t:|1758344360
|move|p2a: Suicune|Protect|p2a: Suicune
|-singleturn|p2a: Suicune|Protect
|move|p1a: Golurk|Dynamic Punch|p2a: Suicune
|-activate|p2a: Suicune|move: Protect
|
|-heal|p2a: Suicune|61/100|[from] item: Leftovers
|upkeep
|turn|9
|
|t:|1758344369
|move|p2a: Suicune|Scald|p1a: Golurk
|-supereffective|p1a: Golurk
|-damage|p1a: Golurk|0 fnt
|faint|p1a: Golurk
|
|-heal|p2a: Suicune|67/100|[from] item: Leftovers
|upkeep
|
|t:|1758344378
|switch|p1a: Gengar|Gengar, M|100/100
|turn|10
|
|t:|1758344382
|move|p1a: Gengar|Clear Smog|p2a: Suicune
|-damage|p2a: Suicune|53/100
|-clearboost|p2a: Suicune
|move|p2a: Suicune|Substitute|p2a: Suicune
|-start|p2a: Suicune|Substitute
|-damage|p2a: Suicune|28/100
|
|-heal|p2a: Suicune|34/100|[from] item: Leftovers
|upkeep
|turn|11
|
|t:|1758344393
|move|p2a: Suicune|Protect|p2a: Suicune
|-singleturn|p2a: Suicune|Protect
|move|p1a: Gengar|Sludge Wave|p2a: Suicune
|-activate|p2a: Suicune|move: Protect
|
|-heal|p2a: Suicune|41/100|[from] item: Leftovers
|upkeep
|turn|12
|
|t:|1758344417
|move|p1a: Gengar|Shadow Ball|p2a: Suicune
|-end|p2a: Suicune|Substitute
|move|p2a: Suicune|Scald|p1a: Gengar
|-damage|p1a: Gengar|62/100
|
|-heal|p2a: Suicune|47/100|[from] item: Leftovers
|upkeep
|turn|13
|
|t:|1758344434
|move|p2a: Suicune|Protect|p2a: Suicune
|-singleturn|p2a: Suicune|Protect
|move|p1a: Gengar|Giga Drain|p2a: Suicune
|-activate|p2a: Suicune|move: Protect
|
|-heal|p2a: Suicune|53/100|[from] item: Leftovers
|upkeep
|turn|14
|
|t:|1758344451
|switch|p2a: Salamence|Salamence, M|100/100
|-ability|p2a: Salamence|Intimidate|boost
|-unboost|p1a: Gengar|atk|1
|move|p1a: Gengar|Giga Drain|p2a: Salamence
|-resisted|p2a: Salamence
|-damage|p2a: Salamence|93/100
|-heal|p1a: Gengar|67/100|[from] drain|[of] p2a: Salamence
|
|upkeep
|turn|15
|
|t:|1758344464
|move|p1a: Gengar|Sludge Wave|p2a: Salamence
|-damage|p2a: Salamence|33/100
|-status|p2a: Salamence|psn
|move|p2a: Salamence|Dragon Dance|p2a: Salamence
|-boost|p2a: Salamence|atk|1
|-boost|p2a: Salamence|spe|1
|
|-damage|p2a: Salamence|21/100 psn|[from] psn
|upkeep
|turn|16
|
|t:|1758344475
|move|p2a: Salamence|Outrage|p1a: Gengar
|-damage|p1a: Gengar|0 fnt
|faint|p1a: Gengar
|
|-damage|p2a: Salamence|9/100 psn|[from] psn
|upkeep
|
|t:|1758344489
|switch|p1a: Gardevoir|Gardevoir, F|100/100
|-ability|p1a: Gardevoir|Intimidate|Trace|[from] ability: Trace|[of] p2a: Salamence
|-ability|p1a: Gardevoir|Intimidate|boost
|-unboost|p2a: Salamence|atk|1
|turn|17
|
|t:|1758344499
|move|p2a: Salamence|Outrage|p1a: Gardevoir|[from] lockedmove
|-immune|p1a: Gardevoir
|-start|p2a: Salamence|confusion|[fatigue]
|move|p1a: Gardevoir|Psychic|p2a: Salamence
|-crit|p2a: Salamence
|-damage|p2a: Salamence|0 fnt
|faint|p2a: Salamence
|
|upkeep
|inactive|Ery_Navy has 120 seconds left.
|
|t:|1758344524
|switch|p2a: Heatran|Heatran, F|88/100
|-damage|p2a: Heatran|76/100|[from] Stealth Rock
|turn|18
|
|t:|1758344532
|move|p1a: Gardevoir|Psychic|p2a: Heatran
|-resisted|p2a: Heatran
|-damage|p2a: Heatran|59/100
|move|p2a: Heatran|Magma Storm|p1a: Gardevoir
|-damage|p1a: Gardevoir|50/100
|-activate|p1a: Gardevoir|move: Magma Storm|[of] p2a: Heatran
|
|-heal|p2a: Heatran|65/100|[from] item: Leftovers
|-damage|p1a: Gardevoir|37/100|[from] move: Magma Storm|[partiallytrapped]
|upkeep
|turn|19
|
|t:|1758344542
|move|p1a: Gardevoir|Psychic|p2a: Heatran
|-resisted|p2a: Heatran
|-damage|p2a: Heatran|51/100
|-unboost|p2a: Heatran|spd|1
|move|p2a: Heatran|Magma Storm|p1a: Gardevoir|[miss]
|-miss|p2a: Heatran|p1a: Gardevoir
|
|-heal|p2a: Heatran|57/100|[from] item: Leftovers
|-damage|p1a: Gardevoir|25/100|[from] move: Magma Storm|[partiallytrapped]
|upkeep
|turn|20
|
|t:|1758344554
|move|p1a: Gardevoir|Psychic|p2a: Heatran
|-resisted|p2a: Heatran
|-damage|p2a: Heatran|35/100
|move|p2a: Heatran|Magma Storm|p1a: Gardevoir
|-damage|p1a: Gardevoir|0 fnt
|faint|p1a: Gardevoir
|
|-heal|p2a: Heatran|42/100|[from] item: Leftovers
|upkeep
|
|t:|1758344561
|switch|p1a: Golduck|Golduck, F|100/100
|turn|21
|
|t:|1758344580
|-terastallize|p2a: Heatran|Grass
|move|p1a: Golduck|Surf|p2a: Heatran
|-resisted|p2a: Heatran
|-damage|p2a: Heatran|19/100
|move|p2a: Heatran|Magma Storm|p1a: Golduck
|-resisted|p1a: Golduck
|-damage|p1a: Golduck|73/100
|-activate|p1a: Golduck|move: Magma Storm|[of] p2a: Heatran
|
|-heal|p2a: Heatran|25/100|[from] item: Leftovers
|-damage|p1a: Golduck|60/100|[from] move: Magma Storm|[partiallytrapped]
|upkeep
|turn|22
|inactive|Ery_Navy has 120 seconds left.
|
|t:|1758344597
|move|p1a: Golduck|Ice Beam|p2a: Heatran
|-supereffective|p2a: Heatran
|-damage|p2a: Heatran|0 fnt
|faint|p2a: Heatran
|
|-end|p1a: Golduck|Magma Storm|[partiallytrapped]|[silent]
|upkeep
|inactive|Ery_Navy has 120 seconds left.
|
|t:|1758344608
|switch|p2a: Toxtricity|Toxtricity, M|100/100
|-damage|p2a: Toxtricity|88/100|[from] Stealth Rock
|turn|23
|
|t:|1758344618
|move|p1a: Golduck|Surf|p2a: Toxtricity
|-damage|p2a: Toxtricity|18/100
|move|p2a: Toxtricity|Overdrive|p1a: Golduck
|-supereffective|p1a: Golduck
|-damage|p1a: Golduck|0 fnt
|faint|p1a: Golduck
|-damage|p2a: Toxtricity|8/100|[from] item: Life Orb
|
|upkeep
|
|t:|1758344621
|switch|p1a: Farigiraf|Farigiraf, F|100/100
|turn|24
|
|t:|1758344637
|move|p2a: Toxtricity|Overdrive|p1a: Farigiraf
|-damage|p1a: Farigiraf|27/100
|-damage|p2a: Toxtricity|0 fnt|[from] item: Life Orb
|faint|p2a: Toxtricity
|move|p1a: Farigiraf|Trick Room|p1a: Farigiraf
|-fieldstart|move: Trick Room|[of] p1a: Farigiraf
|
|upkeep
|
|t:|1758344644
|switch|p2a: Mew|Mew, shiny|100/100
|-damage|p2a: Mew|88/100|[from] Stealth Rock
|turn|25
|
|t:|1758344655
|move|p1a: Farigiraf|Twin Beam|p2a: Mew
|-resisted|p2a: Mew
|-damage|p2a: Mew|76/100
|-resisted|p2a: Mew
|-damage|p2a: Mew|64/100
|-hitcount|p2a: Mew|2
|-damage|p1a: Farigiraf|17/100|[from] item: Life Orb
|move|p2a: Mew|Alluring Voice|p1a: Farigiraf
|-damage|p1a: Farigiraf|0 fnt
|faint|p1a: Farigiraf
|
|win|Ery_Navy
|raw|Andrewtre's rating: 1122 &rarr; <strong>1094</strong><br />(-28 for losing)
|raw|Ery_Navy's rating: 1082 &rarr; <strong>1113</strong><br />(+31 for winning)
|l|☆Andrewtre
|player|p1|
|l|☆Ery_Navy
|player|p2|
