|j|☆Lonelyenders
|j|☆samuel10ramos
|t:|1758374536
|gametype|singles
|player|p1|Lonelyenders|acetrainer|1458
|player|p2|samuel10ramos|170|1423
|gen|9
|tier|[Gen 9] OU
|rated|
|rule|HP Percentage Mod: HP is shown in percentages
|rule|Endless Battle Clause: Forcing endless battles is banned
|rule|Species Clause: Limit one of each Pokémon
|rule|OHKO Clause: OHKO moves are banned
|rule|Evasion Items Clause: Evasion items are banned
|rule|Evasion Moves Clause: Evasion moves are banned
|rule|Evasion Abilities Clause: Evasion abilities are banned
|rule|Sleep Moves Clause: Sleep-inducing moves are banned
|clearpoke
|poke|p1|Krookodile, F|
|poke|p1|Ogerpon-Cornerstone, F|
|poke|p1|Kyurem|
|poke|p1|Raging Bolt|
|poke|p1|Heatran, M|
|poke|p1|Enamorus, F|
|poke|p2|Ceruledge, F|
|poke|p2|Ting-Lu|
|poke|p2|Dragonite, F|
|poke|p2|Latias, F|
|poke|p2|Gholdengo|
|poke|p2|Cinderace, M|
|teampreview
|inactive|Battle timer is ON: inactive players will automatically lose when time's up. (requested by Lonelyenders)
|
|t:|1758374560
|teamsize|p1|6
|teamsize|p2|6
|start
|switch|p1a: Ogerpon|Ogerpon-Cornerstone, F|100/100
|switch|p2a: Cinderace|Cinderace, M|100/100
|turn|1
|
|t:|1758374573
|move|p2a: Cinderace|U-turn|p1a: Ogerpon
|-start|p2a: Cinderace|typechange|Bug|[from] ability: Libero
|-supereffective|p1a: Ogerpon
|-damage|p1a: Ogerpon|5/100
|
|t:|1758374587
|switch|p2a: Gholdengo|Gholdengo|100/100|[from] U-turn
|move|p1a: Ogerpon|Ivy Cudgel|p2a: Gholdengo|[anim] Ivy Cudgel Rock
|-resisted|p2a: Gholdengo
|-damage|p2a: Gholdengo|75/100
|
|-heal|p2a: Gholdengo|81/100|[from] item: Leftovers
|upkeep
|turn|2
|
|t:|1758374602
|move|p1a: Ogerpon|Spikes|p2a: Gholdengo
|-sidestart|p2: samuel10ramos|Spikes
|move|p2a: Gholdengo|Shadow Ball|p1a: Ogerpon
|-damage|p1a: Ogerpon|0 fnt
|faint|p1a: Ogerpon
|
|-heal|p2a: Gholdengo|87/100|[from] item: Leftovers
|upkeep
|
|t:|1758374609
|switch|p1a: Heatran|Heatran, M|100/100
|turn|3
|
|t:|1758374617
|switch|p2a: Ting-Lu|Ting-Lu|100/100
|-damage|p2a: Ting-Lu|88/100|[from] Spikes
|-ability|p2a: Ting-Lu|Vessel of Ruin
|move|p1a: Heatran|Will-O-Wisp|p2a: Ting-Lu
|-status|p2a: Ting-Lu|brn
|
|-heal|p2a: Ting-Lu|94/100 brn|[from] item: Leftovers
|-damage|p2a: Ting-Lu|88/100 brn|[from] brn
|upkeep
|turn|4
|
|t:|1758374640
|switch|p1a: Kyurem|Kyurem|100/100
|-ability|p1a: Kyurem|Pressure
|move|p2a: Ting-Lu|Ruination|p1a: Kyurem
|-damage|p1a: Kyurem|51/100
|
|-heal|p2a: Ting-Lu|94/100 brn|[from] item: Leftovers
|-damage|p2a: Ting-Lu|88/100 brn|[from] brn
|upkeep
|turn|5
|
|t:|1758374651
|move|p1a: Kyurem|Dragon Dance|p1a: Kyurem
|-boost|p1a: Kyurem|atk|1
|-boost|p1a: Kyurem|spe|1
|move|p2a: Ting-Lu|Whirlwind|p1a: Kyurem
|drag|p1a: Krookodile|Krookodile, F|100/100
|
|-heal|p2a: Ting-Lu|94/100 brn|[from] item: Leftovers
|-damage|p2a: Ting-Lu|88/100 brn|[from] brn
|upkeep
|turn|6
|
|t:|1758374660
|move|p1a: Krookodile|Knock Off|p2a: Ting-Lu
|-resisted|p2a: Ting-Lu
|-damage|p2a: Ting-Lu|76/100 brn
|-enditem|p2a: Ting-Lu|Leftovers|[from] move: Knock Off|[of] p1a: Krookodile
|move|p2a: Ting-Lu|Ruination|p1a: Krookodile
|-damage|p1a: Krookodile|51/100
|
|-damage|p2a: Ting-Lu|70/100 brn|[from] brn
|upkeep
|turn|7
|
|t:|1758374671
|switch|p1a: Enamorus|Enamorus, F|100/100
|move|p2a: Ting-Lu|Stealth Rock|p1a: Enamorus
|-sidestart|p1: Lonelyenders|move: Stealth Rock
|
|-damage|p2a: Ting-Lu|63/100 brn|[from] brn
|upkeep
|turn|8
|
|t:|1758374677
|move|p1a: Enamorus|Moonblast|p2a: Ting-Lu
|-supereffective|p2a: Ting-Lu
|-damage|p2a: Ting-Lu|2/100 brn
|move|p2a: Ting-Lu|Whirlwind|p1a: Enamorus
|drag|p1a: Heatran|Heatran, M|100/100
|-damage|p1a: Heatran|88/100|[from] Stealth Rock
|
|-heal|p1a: Heatran|94/100|[from] item: Leftovers
|-damage|p2a: Ting-Lu|0 fnt|[from] brn
|faint|p2a: Ting-Lu
|upkeep
|
|t:|1758374700
|switch|p2a: Cinderace|Cinderace, M|100/100
|turn|9
|
|t:|1758374725
|switch|p1a: Raging Bolt|Raging Bolt|100/100
|-damage|p1a: Raging Bolt|88/100|[from] Stealth Rock
|-enditem|p1a: Raging Bolt|Booster Energy
|-activate|p1a: Raging Bolt|ability: Protosynthesis|[fromitem]
|-start|p1a: Raging Bolt|protosynthesisspa
|move|p2a: Cinderace|High Jump Kick|p1a: Raging Bolt
|-start|p2a: Cinderace|typechange|Fighting|[from] ability: Libero
|-damage|p1a: Raging Bolt|28/100
|
|upkeep
|turn|10
|
|t:|1758374738
|move|p1a: Raging Bolt|Thunderclap|p2a: Cinderace
|-damage|p2a: Cinderace|17/100
|move|p2a: Cinderace|U-turn|p1a: Raging Bolt
|-damage|p1a: Raging Bolt|7/100
|
|t:|1758374755
|switch|p2a: Dragonite|Dragonite, F|100/100|[from] U-turn
|
|upkeep
|turn|11
|
|t:|1758374763
|move|p2a: Dragonite|Extreme Speed|p1a: Raging Bolt
|-damage|p1a: Raging Bolt|0 fnt
|faint|p1a: Raging Bolt
|-end|p1a: Raging Bolt|Protosynthesis|[silent]
|
|upkeep
|
|t:|1758374768
|switch|p1a: Enamorus|Enamorus, F|100/100
|-damage|p1a: Enamorus|76/100|[from] Stealth Rock
|turn|12
|
|t:|1758374774
|-terastallize|p2a: Dragonite|Normal
|move|p1a: Enamorus|Moonblast|p2a: Dragonite
|-damage|p2a: Dragonite|69/100
|-unboost|p2a: Dragonite|spa|1
|move|p2a: Dragonite|Dragon Dance|p2a: Dragonite
|-boost|p2a: Dragonite|atk|1
|-boost|p2a: Dragonite|spe|1
|
|upkeep
|turn|13
|
|t:|1758374784
|move|p2a: Dragonite|Extreme Speed|p1a: Enamorus
|-damage|p1a: Enamorus|0 fnt
|faint|p1a: Enamorus
|
|upkeep
|
|t:|1758374789
|switch|p1a: Heatran|Heatran, M|94/100
|-damage|p1a: Heatran|82/100|[from] Stealth Rock
|turn|14
|
|t:|1758374793
|-terastallize|p1a: Heatran|Grass
|move|p2a: Dragonite|Earthquake|p1a: Heatran
|-resisted|p1a: Heatran
|-damage|p1a: Heatran|56/100
|move|p1a: Heatran|Will-O-Wisp|p2a: Dragonite
|-status|p2a: Dragonite|brn
|
|-heal|p1a: Heatran|62/100|[from] item: Leftovers
|-damage|p2a: Dragonite|63/100 brn|[from] brn
|upkeep
|turn|15
|
|t:|1758374803
|move|p2a: Dragonite|Ice Spinner|p1a: Heatran
|-supereffective|p1a: Heatran
|-damage|p1a: Heatran|25/100
|move|p1a: Heatran|Magma Storm|p2a: Dragonite
|-damage|p2a: Dragonite|23/100 brn
|-activate|p2a: Dragonite|move: Magma Storm|[of] p1a: Heatran
|
|-heal|p1a: Heatran|31/100|[from] item: Leftovers
|-damage|p2a: Dragonite|16/100 brn|[from] brn
|-damage|p2a: Dragonite|4/100 brn|[from] move: Magma Storm|[partiallytrapped]
|upkeep
|turn|16
|
|t:|1758374813
|move|p2a: Dragonite|Ice Spinner|p1a: Heatran
|-supereffective|p1a: Heatran
|-damage|p1a: Heatran|0 fnt
|faint|p1a: Heatran
|
|-damage|p2a: Dragonite|0 fnt|[from] brn
|faint|p2a: Dragonite
|upkeep
|
|t:|1758374831
|switch|p1a: Kyurem|Kyurem|51/100
|switch|p2a: Cinderace|Cinderace, M|17/100
|-damage|p1a: Kyurem|26/100|[from] Stealth Rock
|-ability|p1a: Kyurem|Pressure
|turn|17
|
|t:|1758374845
|move|p2a: Cinderace|U-turn|p1a: Kyurem
|-start|p2a: Cinderace|typechange|Bug|[from] ability: Libero
|-damage|p1a: Kyurem|0 fnt
|faint|p1a: Kyurem
|
|t:|1758374861
|switch|p2a: Ceruledge|Ceruledge, F|100/100|[from] U-turn
|-damage|p2a: Ceruledge|88/100|[from] Spikes
|
|upkeep
|
|t:|1758374863
|switch|p1a: Krookodile|Krookodile, F|51/100
|-damage|p1a: Krookodile|45/100|[from] Stealth Rock
|turn|18
|
|t:|1758374870
|move|p2a: Ceruledge|Shadow Sneak|p1a: Krookodile
|-resisted|p1a: Krookodile
|-damage|p1a: Krookodile|31/100
|move|p1a: Krookodile|Knock Off|p2a: Ceruledge
|-supereffective|p2a: Ceruledge
|-crit|p2a: Ceruledge
|-damage|p2a: Ceruledge|0 fnt
|-enditem|p2a: Ceruledge|Weakness Policy|[from] move: Knock Off|[of] p1a: Krookodile
|faint|p2a: Ceruledge
|-ability|p1a: Krookodile|Moxie|boost
|-boost|p1a: Krookodile|atk|1
|
|upkeep
|
|t:|1758374888
|switch|p2a: Cinderace|Cinderace, M|17/100
|turn|19
|
|t:|1758374891
|move|p1a: Krookodile|Knock Off|p2a: Cinderace
|-damage|p2a: Cinderace|0 fnt
|-enditem|p2a: Cinderace|Heavy-Duty Boots|[from] move: Knock Off|[of] p1a: Krookodile
|faint|p2a: Cinderace
|-ability|p1a: Krookodile|Moxie|boost
|-boost|p1a: Krookodile|atk|1
|
|upkeep
|-message|samuel10ramos forfeited.
|
|win|Lonelyenders
|raw|Lonelyenders's rating: 1458 &rarr; <strong>1476</strong><br />(+18 for winning)
|raw|samuel10ramos's rating: 1423 &rarr; <strong>1405</strong><br />(-18 for losing)
|l|☆samuel10ramos
|player|p2|
|l|☆Lonelyenders
|player|p1|
