|j|☆buraneo
|j|☆animechaska1
|t:|1758258879
|gametype|singles
|player|p1|buraneo|169|1140
|player|p2|animechaska1|cynthia-gen4|1090
|gen|9
|tier|[Gen 9] OU
|rated|
|rule|HP Percentage Mod: HP is shown in percentages
|rule|Endless Battle Clause: Forcing endless battles is banned
|rule|Species Clause: Limit one of each Pokémon
|rule|OHKO Clause: OHKO moves are banned
|rule|Evasion Items Clause: Evasion items are banned
|rule|Evasion Moves Clause: Evasion moves are banned
|rule|Evasion Abilities Clause: Evasion abilities are banned
|rule|Sleep Moves Clause: Sleep-inducing moves are banned
|clearpoke
|poke|p1|Excadrill, M|
|poke|p1|Toxapex, F|
|poke|p1|Iron Valiant|
|poke|p1|Ceruledge, M|
|poke|p1|Weavile, F|
|poke|p1|Zapdos|
|poke|p2|Torkoal, M|
|poke|p2|Charizard, F|
|poke|p2|Landorus-Therian, M|
|poke|p2|Walking Wake|
|poke|p2|Scizor, M|
|poke|p2|Iron Valiant|
|teampreview
|
|t:|1758258890
|teamsize|p1|6
|teamsize|p2|6
|start
|switch|p1a: Excadrill|Excadrill, M|100/100
|switch|p2a: Iron Valiant|Iron Valiant|100/100
|-ability|p1a: Excadrill|Mold Breaker
|-enditem|p2a: Iron Valiant|Booster Energy
|-activate|p2a: Iron Valiant|ability: Quark Drive|[fromitem]
|-start|p2a: Iron Valiant|quarkdrivespe
|turn|1
|inactive|Battle timer is ON: inactive players will automatically lose when time's up. (requested by buraneo)
|
|t:|1758258904
|-terastallize|p1a: Excadrill|Ghost
|move|p2a: Iron Valiant|Grass Knot|p1a: Excadrill
|-damage|p1a: Excadrill|75/100
|move|p1a: Excadrill|Iron Head|p2a: Iron Valiant
|-supereffective|p2a: Iron Valiant
|-damage|p2a: Iron Valiant|0 fnt
|faint|p2a: Iron Valiant
|-end|p2a: Iron Valiant|Quark Drive|[silent]
|
|upkeep
|
|t:|1758258926
|switch|p2a: Torkoal|Torkoal, M|100/100
|-weather|SunnyDay|[from] ability: Drought|[of] p2a: Torkoal
|turn|2
|
|t:|1758258936
|switch|p1a: Ceruledge|Ceruledge, M|100/100
|move|p2a: Torkoal|Stealth Rock|p1a: Ceruledge
|-sidestart|p1: buraneo|move: Stealth Rock
|
|-weather|SunnyDay|[upkeep]
|upkeep
|turn|3
|
|t:|1758258963
|switch|p1a: Zapdos|Zapdos|100/100
|-damage|p1a: Zapdos|76/100|[from] Stealth Rock
|switch|p2a: Landorus|Landorus-Therian, M|100/100
|-ability|p2a: Landorus|Intimidate|boost
|-unboost|p1a: Zapdos|atk|1
|
|-weather|SunnyDay|[upkeep]
|-heal|p1a: Zapdos|82/100|[from] item: Leftovers
|upkeep
|turn|4
|inactive|buraneo has 120 seconds left.
|
|t:|1758258988
|move|p1a: Zapdos|U-turn|p2a: Landorus
|-resisted|p2a: Landorus
|-damage|p2a: Landorus|97/100
|
|t:|1758258993
|switch|p1a: Excadrill|Excadrill, M, tera:Ghost|75/100|[from] U-turn
|-damage|p1a: Excadrill|63/100|[from] Stealth Rock
|-ability|p1a: Excadrill|Mold Breaker
|move|p2a: Landorus|Stone Edge|p1a: Excadrill
|-damage|p1a: Excadrill|0 fnt
|faint|p1a: Excadrill
|
|-weather|SunnyDay|[upkeep]
|upkeep
|
|t:|1758259006
|switch|p1a: Weavile|Weavile, F|100/100
|-damage|p1a: Weavile|76/100|[from] Stealth Rock
|turn|5
|
|t:|1758259013
|switch|p2a: Charizard|Charizard, F|100/100
|move|p1a: Weavile|Triple Axel|p2a: Charizard
|-damage|p2a: Charizard|87/100
|-damage|p2a: Charizard|57/100
|-hitcount|p2a: Charizard|2
|
|-weather|SunnyDay|[upkeep]
|-damage|p2a: Charizard|45/100|[from] ability: Solar Power|[of] p2a: Charizard
|upkeep
|turn|6
|inactive|buraneo has 120 seconds left.
|
|t:|1758259025
|-terastallize|p2a: Charizard|Fire
|move|p2a: Charizard|Fire Blast|p1a: Weavile
|-supereffective|p1a: Weavile
|-damage|p1a: Weavile|0 fnt
|faint|p1a: Weavile
|
|-weather|SunnyDay|[upkeep]
|-damage|p2a: Charizard|32/100|[from] ability: Solar Power|[of] p2a: Charizard
|upkeep
|-message|buraneo forfeited.
|
|win|animechaska1
|raw|buraneo's rating: 1140 &rarr; <strong>1111</strong><br />(-29 for losing)
|raw|animechaska1's rating: 1090 &rarr; <strong>1120</strong><br />(+30 for winning)
|l|☆buraneo
|player|p1|
|l|☆animechaska1
|player|p2|
