|j|☆cPeterz
|j|☆xiaoajiu
|t:|1758285277
|gametype|singles
|player|p1|cPeterz|1|1103
|player|p2|xiaoajiu|265|1082
|gen|9
|tier|[Gen 9] OU
|rated|
|rule|HP Percentage Mod: HP is shown in percentages
|rule|Endless Battle Clause: Forcing endless battles is banned
|rule|Species Clause: Limit one of each Pokémon
|rule|OHKO Clause: OHKO moves are banned
|rule|Evasion Items Clause: Evasion items are banned
|rule|Evasion Moves Clause: Evasion moves are banned
|rule|Evasion Abilities Clause: Evasion abilities are banned
|rule|Sleep Moves Clause: Sleep-inducing moves are banned
|clearpoke
|poke|p1|Sudowoodo, M|
|poke|p1|Garganacl, F|
|poke|p1|Pecharunt|
|poke|p1|Wo-Chien|
|poke|p1|Cinderace, M|
|poke|p1|Zapdos|
|poke|p2|Skarmory, M|
|poke|p2|Toxapex, F|
|poke|p2|Snorlax, M|
|poke|p2|Quagsire, M|
|poke|p2|Cloyster, M|
|poke|p2|Hatterene, F|
|teampreview
|
|t:|1758285299
|teamsize|p1|6
|teamsize|p2|6
|start
|switch|p1a: Sudowoodo|Sudowoodo, M|100/100
|switch|p2a: Skarmory|Skarmory, M, shiny|100/100
|turn|1
|
|t:|1758285306
|move|p2a: Skarmory|Spikes|p1a: Sudowoodo
|-sidestart|p1: cPeterz|Spikes
|move|p1a: Sudowoodo|Stealth Rock|p2a: Skarmory
|-sidestart|p2: xiaoajiu|move: Stealth Rock
|
|upkeep
|turn|2
|
|t:|1758285318
|move|p2a: Skarmory|Spikes|p1a: Sudowoodo
|-sidestart|p1: cPeterz|Spikes
|move|p1a: Sudowoodo|Endeavor|p2a: Skarmory
|-immune|p2a: Skarmory
|
|upkeep
|turn|3
|
|t:|1758285330
|switch|p1a: Zapdos|Zapdos|100/100
|move|p2a: Skarmory|Spikes|p1a: Zapdos
|-sidestart|p1: cPeterz|Spikes
|
|upkeep
|turn|4
|
|t:|1758285342
|switch|p2a: Quagsire|Quagsire, M, shiny|100/100
|-damage|p2a: Quagsire|94/100|[from] Stealth Rock
|move|p1a: Zapdos|Thunderbolt|p2a: Quagsire
|-immune|p2a: Quagsire
|
|-heal|p2a: Quagsire|100/100|[from] item: Leftovers
|upkeep
|turn|5
|
|t:|1758285356
|switch|p1a: Pecharunt|Pecharunt|100/100
|-damage|p1a: Pecharunt|75/100|[from] Spikes
|move|p2a: Quagsire|Toxic|p1a: Pecharunt
|-immune|p1a: Pecharunt
|
|-heal|p1a: Pecharunt|82/100|[from] item: Leftovers
|upkeep
|turn|6
|
|t:|1758285366
|-terastallize|p1a: Pecharunt|Flying
|move|p1a: Pecharunt|Toxic|p2a: Quagsire
|-status|p2a: Quagsire|tox
|-start|p2a: Quagsire|confusion|[from] ability: Poison Puppeteer|[of] p1a: Pecharunt
|-activate|p2a: Quagsire|confusion
|move|p2a: Quagsire|Earthquake|p1a: Pecharunt
|-immune|p1a: Pecharunt
|
|-heal|p1a: Pecharunt|88/100|[from] item: Leftovers
|-damage|p2a: Quagsire|94/100 tox|[from] psn
|upkeep
|turn|7
|
|t:|1758285384
|switch|p2a: Toxapex|Toxapex, F, shiny|100/100
|-damage|p2a: Toxapex|88/100|[from] Stealth Rock
|move|p1a: Pecharunt|Malignant Chain|p2a: Toxapex
|-resisted|p2a: Toxapex
|-damage|p2a: Toxapex|78/100
|
|-heal|p1a: Pecharunt|94/100|[from] item: Leftovers
|-heal|p2a: Toxapex|84/100|[from] item: Black Sludge
|upkeep
|turn|8
|
|t:|1758285399
|switch|p1a: Garganacl|Garganacl, F, shiny|100/100
|-damage|p1a: Garganacl|75/100|[from] Spikes
|move|p2a: Toxapex|Liquidation|p1a: Garganacl
|-supereffective|p1a: Garganacl
|-damage|p1a: Garganacl|54/100
|-damage|p2a: Toxapex|67/100|[from] item: Rocky Helmet|[of] p1a: Garganacl
|
|-heal|p2a: Toxapex|73/100|[from] item: Black Sludge
|upkeep
|turn|9
|
|t:|1758285411
|move|p1a: Garganacl|Salt Cure|p2a: Toxapex
|-damage|p2a: Toxapex|62/100
|-start|p2a: Toxapex|Salt Cure
|move|p2a: Toxapex|Toxic|p1a: Garganacl
|-immune|p1a: Garganacl|[from] ability: Purifying Salt
|
|-heal|p2a: Toxapex|68/100|[from] item: Black Sludge
|-damage|p2a: Toxapex|43/100|[from] Salt Cure
|upkeep
|turn|10
|
|t:|1758285426
|switch|p2a: Hatterene|Hatterene, F, shiny|100/100
|-damage|p2a: Hatterene|88/100|[from] Stealth Rock
|move|p1a: Garganacl|Recover|p1a: Garganacl
|-heal|p1a: Garganacl|100/100
|
|upkeep
|turn|11
|
|t:|1758285437
|move|p1a: Garganacl|Salt Cure|p2a: Hatterene
|-damage|p2a: Hatterene|65/100
|-start|p2a: Hatterene|Salt Cure
|move|p2a: Hatterene|Trick Room|p2a: Hatterene
|-fieldstart|move: Trick Room|[of] p2a: Hatterene
|
|-damage|p2a: Hatterene|52/100|[from] Salt Cure
|upkeep
|turn|12
|
|t:|1758285456
|move|p2a: Hatterene|Mystical Fire|p1a: Garganacl
|-resisted|p1a: Garganacl
|-damage|p1a: Garganacl|88/100
|-unboost|p1a: Garganacl|spa|1
|move|p1a: Garganacl|Recover|p1a: Garganacl
|-heal|p1a: Garganacl|100/100
|
|-damage|p2a: Hatterene|40/100|[from] Salt Cure
|upkeep
|turn|13
|inactive|Battle timer is ON: inactive players will automatically lose when time's up. (requested by cPeterz)
|
|t:|1758285479
|switch|p2a: Snorlax|Snorlax, M, shiny|100/100
|-damage|p2a: Snorlax|88/100|[from] Stealth Rock
|move|p1a: Garganacl|Salt Cure|p2a: Snorlax
|-damage|p2a: Snorlax|75/100
|-start|p2a: Snorlax|Salt Cure
|
|-heal|p2a: Snorlax|81/100|[from] item: Leftovers
|-damage|p2a: Snorlax|68/100|[from] Salt Cure
|upkeep
|turn|14
|
|t:|1758285492
|-terastallize|p2a: Snorlax|Ghost
|move|p2a: Snorlax|Earthquake|p1a: Garganacl
|-supereffective|p1a: Garganacl
|-damage|p1a: Garganacl|68/100
|move|p1a: Garganacl|Iron Defense|p1a: Garganacl
|-boost|p1a: Garganacl|def|2
|
|-heal|p2a: Snorlax|75/100|[from] item: Leftovers
|-damage|p2a: Snorlax|62/100|[from] Salt Cure
|upkeep
|turn|15
|
|t:|1758285507
|move|p2a: Snorlax|Ice Punch|p1a: Garganacl
|-damage|p1a: Garganacl|62/100
|-damage|p2a: Snorlax|46/100|[from] item: Rocky Helmet|[of] p1a: Garganacl
|move|p1a: Garganacl|Recover|p1a: Garganacl
|-heal|p1a: Garganacl|100/100
|
|-heal|p2a: Snorlax|52/100|[from] item: Leftovers
|-damage|p2a: Snorlax|39/100|[from] Salt Cure
|-fieldend|move: Trick Room
|upkeep
|turn|16
|
|t:|1758285519
|move|p1a: Garganacl|Iron Defense|p1a: Garganacl
|-boost|p1a: Garganacl|def|2
|move|p2a: Snorlax|Earthquake|p1a: Garganacl
|-supereffective|p1a: Garganacl
|-crit|p1a: Garganacl
|-damage|p1a: Garganacl|51/100
|
|-heal|p2a: Snorlax|45/100|[from] item: Leftovers
|-damage|p2a: Snorlax|33/100|[from] Salt Cure
|upkeep
|turn|17
|
|t:|1758285530
|move|p1a: Garganacl|Recover|p1a: Garganacl
|-heal|p1a: Garganacl|100/100
|move|p2a: Snorlax|Earthquake|p1a: Garganacl
|-supereffective|p1a: Garganacl
|-damage|p1a: Garganacl|88/100
|
|-heal|p2a: Snorlax|39/100|[from] item: Leftovers
|-damage|p2a: Snorlax|27/100|[from] Salt Cure
|upkeep
|turn|18
|
|t:|1758285541
|switch|p2a: Quagsire|Quagsire, M, shiny|94/100 tox
|-damage|p2a: Quagsire|88/100 tox|[from] Stealth Rock
|move|p1a: Garganacl|Iron Defense|p1a: Garganacl
|-boost|p1a: Garganacl|def|2
|
|-heal|p2a: Quagsire|94/100 tox|[from] item: Leftovers
|-damage|p2a: Quagsire|88/100 tox|[from] psn
|upkeep
|turn|19
|
|t:|1758285553
|move|p2a: Quagsire|Haze|p2a: Quagsire
|-clearallboost
|move|p1a: Garganacl|Salt Cure|p2a: Quagsire
|-resisted|p2a: Quagsire
|-damage|p2a: Quagsire|83/100 tox
|-start|p2a: Quagsire|Salt Cure
|
|-heal|p2a: Quagsire|90/100 tox|[from] item: Leftovers
|-damage|p2a: Quagsire|77/100 tox|[from] psn
|-damage|p2a: Quagsire|53/100 tox|[from] Salt Cure
|upkeep
|turn|20
|
|t:|1758285565
|switch|p2a: Skarmory|Skarmory, M, shiny|100/100
|-damage|p2a: Skarmory|88/100|[from] Stealth Rock
|move|p1a: Garganacl|Recover|p1a: Garganacl
|-heal|p1a: Garganacl|100/100
|
|upkeep
|turn|21
|
|t:|1758285574
|move|p1a: Garganacl|Salt Cure|p2a: Skarmory
|-damage|p2a: Skarmory|78/100
|-start|p2a: Skarmory|Salt Cure
|move|p2a: Skarmory|Roar|p1a: Garganacl
|drag|p1a: Sudowoodo|Sudowoodo, M|100/100
|-damage|p1a: Sudowoodo|75/100|[from] Spikes
|
|-damage|p2a: Skarmory|53/100|[from] Salt Cure
|upkeep
|turn|22
|
|t:|1758285591
|switch|p1a: Wo-Chien|Wo-Chien|100/100
|-damage|p1a: Wo-Chien|76/100|[from] Spikes
|-ability|p1a: Wo-Chien|Tablets of Ruin
|move|p2a: Skarmory|Roar|p1a: Wo-Chien
|drag|p1a: Sudowoodo|Sudowoodo, M|75/100
|-damage|p1a: Sudowoodo|50/100|[from] Spikes
|
|-damage|p2a: Skarmory|28/100|[from] Salt Cure
|upkeep
|turn|23
|
|t:|1758285607
|move|p2a: Skarmory|Roost|p2a: Skarmory
|-heal|p2a: Skarmory|78/100
|-singleturn|p2a: Skarmory|move: Roost
|move|p1a: Sudowoodo|Endeavor|p2a: Skarmory
|-damage|p2a: Skarmory|58/100
|-damage|p1a: Sudowoodo|34/100|[from] item: Rocky Helmet|[of] p2a: Skarmory
|
|-damage|p2a: Skarmory|33/100|[from] Salt Cure
|upkeep
|turn|24
|
|t:|1758285619
|move|p1a: Sudowoodo|Endeavor|p2a: Skarmory
|-immune|p2a: Skarmory
|move|p2a: Skarmory|Roar|p1a: Sudowoodo
|drag|p1a: Pecharunt|Pecharunt, tera:Flying|94/100
|
|-heal|p1a: Pecharunt|99/100|[from] item: Leftovers
|-damage|p2a: Skarmory|9/100|[from] Salt Cure
|upkeep
|turn|25
|inactive|xiaoajiu has 120 seconds left.
|
|t:|1758285640
|switch|p2a: Toxapex|Toxapex, F, shiny|77/100
|-damage|p2a: Toxapex|64/100|[from] Stealth Rock
|move|p1a: Pecharunt|Recover|p1a: Pecharunt
|-heal|p1a: Pecharunt|100/100
|
|-heal|p2a: Toxapex|70/100|[from] item: Black Sludge
|upkeep
|turn|26
|inactive|xiaoajiu has 120 seconds left.
|
|t:|1758285650
|move|p1a: Pecharunt|Parting Shot|p2a: Toxapex
|-unboost|p2a: Toxapex|atk|1
|-unboost|p2a: Toxapex|spa|1
|
|t:|1758285656
|switch|p1a: Sudowoodo|Sudowoodo, M|34/100|[from] Parting Shot
|-damage|p1a: Sudowoodo|9/100|[from] Spikes
|move|p2a: Toxapex|Toxic|p1a: Sudowoodo
|-status|p1a: Sudowoodo|tox
|
|-heal|p2a: Toxapex|77/100|[from] item: Black Sludge
|-damage|p1a: Sudowoodo|3/100 tox|[from] psn
|upkeep
|turn|27
|-enditem|p1a: Sudowoodo|Custap Berry|[eat]
|-activate|p1a: Sudowoodo|item: Custap Berry|[consumed]
|
|t:|1758285669
|move|p1a: Sudowoodo|Endeavor|p2a: Toxapex
|-damage|p2a: Toxapex|3/100
|move|p2a: Toxapex|Recover|p2a: Toxapex
|-heal|p2a: Toxapex|53/100
|
|-heal|p2a: Toxapex|60/100|[from] item: Black Sludge
|-damage|p1a: Sudowoodo|0 fnt|[from] psn
|faint|p1a: Sudowoodo
|upkeep
|
|t:|1758285686
|switch|p1a: Zapdos|Zapdos|100/100
|turn|28
|
|t:|1758285699
|move|p2a: Toxapex|Baneful Bunker|p2a: Toxapex
|-singleturn|p2a: Toxapex|move: Protect
|move|p1a: Zapdos|Tera Blast|p2a: Toxapex
|-activate|p2a: Toxapex|move: Protect
|
|-heal|p2a: Toxapex|66/100|[from] item: Black Sludge
|upkeep
|turn|29
|
|t:|1758285714
|move|p1a: Zapdos|Tera Blast|p2a: Toxapex
|-damage|p2a: Toxapex|45/100
|move|p2a: Toxapex|Toxic|p1a: Zapdos
|-status|p1a: Zapdos|tox
|
|-heal|p2a: Toxapex|51/100|[from] item: Black Sludge
|-damage|p1a: Zapdos|94/100 tox|[from] psn
|upkeep
|turn|30
|
|t:|1758285724
|move|p2a: Toxapex|Baneful Bunker|p2a: Toxapex
|-singleturn|p2a: Toxapex|move: Protect
|move|p1a: Zapdos|Tera Blast|p2a: Toxapex
|-activate|p2a: Toxapex|move: Protect
|
|-heal|p2a: Toxapex|57/100|[from] item: Black Sludge
|-damage|p1a: Zapdos|82/100 tox|[from] psn
|upkeep
|turn|31
|
|t:|1758285735
|switch|p1a: Garganacl|Garganacl, F, shiny|100/100
|-damage|p1a: Garganacl|75/100|[from] Spikes
|switch|p2a: Quagsire|Quagsire, M, shiny|53/100 tox
|-damage|p2a: Quagsire|46/100 tox|[from] Stealth Rock
|
|-heal|p2a: Quagsire|53/100 tox|[from] item: Leftovers
|-damage|p2a: Quagsire|46/100 tox|[from] psn
|upkeep
|turn|32
|
|t:|1758285771
|switch|p2a: Snorlax|Snorlax, M, shiny, tera:Ghost|27/100
|-damage|p2a: Snorlax|14/100|[from] Stealth Rock
|move|p1a: Garganacl|Recover|p1a: Garganacl
|-heal|p1a: Garganacl|100/100
|
|-heal|p2a: Snorlax|20/100|[from] item: Leftovers
|upkeep
|turn|33
|
|t:|1758285782
|move|p1a: Garganacl|Salt Cure|p2a: Snorlax
|-damage|p2a: Snorlax|7/100
|-start|p2a: Snorlax|Salt Cure
|move|p2a: Snorlax|Earthquake|p1a: Garganacl
|-supereffective|p1a: Garganacl
|-damage|p1a: Garganacl|69/100
|
|-heal|p2a: Snorlax|13/100|[from] item: Leftovers
|-damage|p2a: Snorlax|1/100|[from] Salt Cure
|upkeep
|turn|34
|
|t:|1758285793
|move|p1a: Garganacl|Iron Defense|p1a: Garganacl
|-boost|p1a: Garganacl|def|2
|move|p2a: Snorlax|Earthquake|p1a: Garganacl
|-supereffective|p1a: Garganacl
|-damage|p1a: Garganacl|50/100
|
|-heal|p2a: Snorlax|7/100|[from] item: Leftovers
|-damage|p2a: Snorlax|0 fnt|[from] Salt Cure
|faint|p2a: Snorlax
|upkeep
|inactive|xiaoajiu has 120 seconds left.
|
|t:|1758285807
|switch|p2a: Skarmory|Skarmory, M, shiny|9/100
|-damage|p2a: Skarmory|0 fnt|[from] Stealth Rock
|faint|p2a: Skarmory
|inactive|xiaoajiu has 120 seconds left.
|
|t:|1758285814
|switch|p2a: Cloyster|Cloyster, M, shiny|100/100
|-damage|p2a: Cloyster|76/100|[from] Stealth Rock
|turn|35
|
|t:|1758285822
|move|p2a: Cloyster|Icicle Spear|p1a: Garganacl
|-damage|p1a: Garganacl|46/100
|-damage|p1a: Garganacl|43/100
|-damage|p1a: Garganacl|40/100
|-damage|p1a: Garganacl|36/100
|-damage|p1a: Garganacl|33/100
|-hitcount|p1a: Garganacl|5
|move|p1a: Garganacl|Recover|p1a: Garganacl
|-heal|p1a: Garganacl|83/100
|
|upkeep
|turn|36
|inactive|xiaoajiu has 120 seconds left.
|
|t:|1758285839
|switch|p2a: Quagsire|Quagsire, M, shiny|46/100 tox
|-damage|p2a: Quagsire|40/100 tox|[from] Stealth Rock
|move|p1a: Garganacl|Iron Defense|p1a: Garganacl
|-boost|p1a: Garganacl|def|2
|
|-heal|p2a: Quagsire|46/100 tox|[from] item: Leftovers
|-damage|p2a: Quagsire|40/100 tox|[from] psn
|upkeep
|turn|37
|inactive|xiaoajiu has 120 seconds left.
|
|t:|1758285850
|move|p2a: Quagsire|Haze|p2a: Quagsire
|-clearallboost
|move|p1a: Garganacl|Body Press|p2a: Quagsire
|-damage|p2a: Quagsire|22/100 tox
|
|-heal|p2a: Quagsire|28/100 tox|[from] item: Leftovers
|-damage|p2a: Quagsire|16/100 tox|[from] psn
|upkeep
|turn|38
|inactive|xiaoajiu has 120 seconds left.
|
|t:|1758285862
|move|p1a: Garganacl|Salt Cure|p2a: Quagsire
|-resisted|p2a: Quagsire
|-damage|p2a: Quagsire|11/100 tox
|-start|p2a: Quagsire|Salt Cure
|move|p2a: Quagsire|Earthquake|p1a: Garganacl
|-supereffective|p1a: Garganacl
|-damage|p1a: Garganacl|47/100
|
|-heal|p2a: Quagsire|17/100 tox|[from] item: Leftovers
|-damage|p2a: Quagsire|0 fnt|[from] psn
|faint|p2a: Quagsire
|upkeep
|inactive|xiaoajiu has 120 seconds left.
|
|t:|1758285874
|switch|p2a: Cloyster|Cloyster, M, shiny|76/100
|-damage|p2a: Cloyster|51/100|[from] Stealth Rock
|turn|39
|inactive|xiaoajiu has 120 seconds left.
|
|t:|1758285882
|move|p2a: Cloyster|Shell Smash|p2a: Cloyster
|-unboost|p2a: Cloyster|def|1
|-unboost|p2a: Cloyster|spd|1
|-boost|p2a: Cloyster|atk|2
|-boost|p2a: Cloyster|spa|2
|-boost|p2a: Cloyster|spe|2
|move|p1a: Garganacl|Recover|p1a: Garganacl
|-heal|p1a: Garganacl|97/100
|
|upkeep
|turn|40
|inactive|xiaoajiu has 120 seconds left.
|
|t:|1758285893
|move|p2a: Cloyster|Icicle Spear|p1a: Garganacl
|-damage|p1a: Garganacl|84/100
|-damage|p1a: Garganacl|72/100
|-damage|p1a: Garganacl|60/100
|-damage|p1a: Garganacl|49/100
|-damage|p1a: Garganacl|36/100
|-hitcount|p1a: Garganacl|5
|move|p1a: Garganacl|Iron Defense|p1a: Garganacl
|-boost|p1a: Garganacl|def|2
|
|upkeep
|turn|41
|inactive|xiaoajiu has 120 seconds left.
|
|t:|1758285908
|move|p2a: Cloyster|Icicle Spear|p1a: Garganacl
|-damage|p1a: Garganacl|31/100
|-damage|p1a: Garganacl|25/100
|-damage|p1a: Garganacl|20/100
|-damage|p1a: Garganacl|14/100
|-damage|p1a: Garganacl|8/100
|-hitcount|p1a: Garganacl|5
|move|p1a: Garganacl|Salt Cure|p2a: Cloyster
|-supereffective|p2a: Cloyster
|-damage|p2a: Cloyster|11/100
|-start|p2a: Cloyster|Salt Cure
|
|-damage|p2a: Cloyster|0 fnt|[from] Salt Cure
|faint|p2a: Cloyster
|upkeep
|inactive|xiaoajiu has 120 seconds left.
|
|t:|1758285923
|switch|p2a: Hatterene|Hatterene, F, shiny|40/100
|-damage|p2a: Hatterene|27/100|[from] Stealth Rock
|turn|42
|inactive|xiaoajiu has 120 seconds left.
|
|t:|1758285930
|move|p1a: Garganacl|Salt Cure|p2a: Hatterene
|-damage|p2a: Hatterene|6/100
|-start|p2a: Hatterene|Salt Cure
|move|p2a: Hatterene|Shadow Ball|p1a: Garganacl
|-damage|p1a: Garganacl|0 fnt
|faint|p1a: Garganacl
|
|-damage|p2a: Hatterene|0 fnt|[from] Salt Cure
|faint|p2a: Hatterene
|upkeep
|inactive|xiaoajiu has 120 seconds left.
|
|t:|1758285940
|switch|p1a: Zapdos|Zapdos|82/100 tox
|switch|p2a: Toxapex|Toxapex, F, shiny|91/100
|-damage|p2a: Toxapex|78/100|[from] Stealth Rock
|turn|43
|inactive|xiaoajiu has 120 seconds left.
|
|t:|1758285950
|move|p2a: Toxapex|Baneful Bunker|p2a: Toxapex
|-singleturn|p2a: Toxapex|move: Protect
|move|p1a: Zapdos|Thunderbolt|p2a: Toxapex
|-activate|p2a: Toxapex|move: Protect
|
|-heal|p2a: Toxapex|85/100|[from] item: Black Sludge
|-damage|p1a: Zapdos|76/100 tox|[from] psn
|upkeep
|turn|44
|inactive|xiaoajiu has 120 seconds left.
|
|t:|1758285962
|move|p1a: Zapdos|Thunderbolt|p2a: Toxapex
|-supereffective|p2a: Toxapex
|-damage|p2a: Toxapex|11/100
|move|p2a: Toxapex|Recover|p2a: Toxapex
|-heal|p2a: Toxapex|61/100
|
|-heal|p2a: Toxapex|67/100|[from] item: Black Sludge
|-damage|p1a: Zapdos|63/100 tox|[from] psn
|upkeep
|turn|45
|inactive|xiaoajiu has 120 seconds left.
|
|t:|1758285972
|move|p2a: Toxapex|Baneful Bunker|p2a: Toxapex
|-singleturn|p2a: Toxapex|move: Protect
|move|p1a: Zapdos|Thunderbolt|p2a: Toxapex
|-activate|p2a: Toxapex|move: Protect
|
|-heal|p2a: Toxapex|73/100|[from] item: Black Sludge
|-damage|p1a: Zapdos|45/100 tox|[from] psn
|upkeep
|turn|46
|
|t:|1758285981
|move|p1a: Zapdos|Thunderbolt|p2a: Toxapex
|-supereffective|p2a: Toxapex
|-damage|p2a: Toxapex|3/100
|move|p2a: Toxapex|Recover|p2a: Toxapex
|-heal|p2a: Toxapex|53/100
|
|-heal|p2a: Toxapex|59/100|[from] item: Black Sludge
|-damage|p1a: Zapdos|20/100 tox|[from] psn
|upkeep
|turn|47
|
|t:|1758285992
|move|p2a: Toxapex|Baneful Bunker|p2a: Toxapex
|-singleturn|p2a: Toxapex|move: Protect
|move|p1a: Zapdos|Thunderbolt|p2a: Toxapex
|-activate|p2a: Toxapex|move: Protect
|
|-heal|p2a: Toxapex|65/100|[from] item: Black Sludge
|-damage|p1a: Zapdos|0 fnt|[from] psn
|faint|p1a: Zapdos
|upkeep
|
|t:|1758285995
|switch|p1a: Wo-Chien|Wo-Chien|76/100
|-damage|p1a: Wo-Chien|51/100|[from] Spikes
|-ability|p1a: Wo-Chien|Tablets of Ruin
|turn|48
|
|t:|1758286009
|move|p1a: Wo-Chien|Leech Seed|p2a: Toxapex
|-start|p2a: Toxapex|move: Leech Seed
|move|p2a: Toxapex|Toxic|p1a: Wo-Chien
|-status|p1a: Wo-Chien|tox
|
|-heal|p1a: Wo-Chien|57/100 tox|[from] item: Leftovers
|-heal|p2a: Toxapex|71/100|[from] item: Black Sludge
|-damage|p2a: Toxapex|59/100|[from] Leech Seed|[of] p1a: Wo-Chien
|-heal|p1a: Wo-Chien|67/100 tox|[silent]
|-damage|p1a: Wo-Chien|60/100 tox|[from] psn
|upkeep
|turn|49
|
|t:|1758286022
|move|p1a: Wo-Chien|Knock Off|p2a: Toxapex
|-damage|p2a: Toxapex|38/100
|-enditem|p2a: Toxapex|Black Sludge|[from] move: Knock Off|[of] p1a: Wo-Chien
|move|p2a: Toxapex|Recover|p2a: Toxapex
|-heal|p2a: Toxapex|88/100
|
|-heal|p1a: Wo-Chien|67/100 tox|[from] item: Leftovers
|-damage|p2a: Toxapex|75/100|[from] Leech Seed|[of] p1a: Wo-Chien
|-heal|p1a: Wo-Chien|76/100 tox|[silent]
|-damage|p1a: Wo-Chien|64/100 tox|[from] psn
|upkeep
|turn|50
|
|t:|1758286034
|move|p2a: Toxapex|Baneful Bunker|p2a: Toxapex
|-singleturn|p2a: Toxapex|move: Protect
|move|p1a: Wo-Chien|Ruination|p2a: Toxapex
|-activate|p2a: Toxapex|move: Protect
|
|-heal|p1a: Wo-Chien|70/100 tox|[from] item: Leftovers
|-damage|p2a: Toxapex|63/100|[from] Leech Seed|[of] p1a: Wo-Chien
|-heal|p1a: Wo-Chien|80/100 tox|[silent]
|-damage|p1a: Wo-Chien|61/100 tox|[from] psn
|upkeep
|turn|51
|
|t:|1758286045
|move|p1a: Wo-Chien|Ruination|p2a: Toxapex
|-damage|p2a: Toxapex|32/100
|move|p2a: Toxapex|Recover|p2a: Toxapex
|-heal|p2a: Toxapex|82/100
|
|-heal|p1a: Wo-Chien|67/100 tox|[from] item: Leftovers
|-damage|p2a: Toxapex|69/100|[from] Leech Seed|[of] p1a: Wo-Chien
|-heal|p1a: Wo-Chien|77/100 tox|[silent]
|-damage|p1a: Wo-Chien|52/100 tox|[from] psn
|upkeep
|turn|52
|
|t:|1758286056
|switch|p1a: Pecharunt|Pecharunt, tera:Flying|100/100
|move|p2a: Toxapex|Baneful Bunker||[still]
|-fail|p2a: Toxapex
|
|-damage|p2a: Toxapex|57/100|[from] Leech Seed|[of] p1a: Pecharunt
|upkeep
|turn|53
|
|t:|1758286067
|move|p1a: Pecharunt|Malignant Chain|p2a: Toxapex
|-resisted|p2a: Toxapex
|-damage|p2a: Toxapex|47/100
|move|p2a: Toxapex|Toxic|p1a: Pecharunt
|-status|p1a: Pecharunt|tox
|
|-damage|p2a: Toxapex|35/100|[from] Leech Seed|[of] p1a: Pecharunt
|-damage|p1a: Pecharunt|94/100 tox|[from] psn
|upkeep
|turn|54
|
|t:|1758286079
|move|p2a: Toxapex|Baneful Bunker|p2a: Toxapex
|-singleturn|p2a: Toxapex|move: Protect
|move|p1a: Pecharunt|Malignant Chain|p2a: Toxapex
|-activate|p2a: Toxapex|move: Protect
|
|-heal|p1a: Pecharunt|100/100 tox|[from] item: Leftovers
|-damage|p2a: Toxapex|22/100|[from] Leech Seed|[of] p1a: Pecharunt
|-damage|p1a: Pecharunt|88/100 tox|[from] psn
|upkeep
|turn|55
|
|t:|1758286092
|move|p1a: Pecharunt|Malignant Chain|p2a: Toxapex
|-resisted|p2a: Toxapex
|-damage|p2a: Toxapex|12/100
|move|p2a: Toxapex|Recover|p2a: Toxapex
|-heal|p2a: Toxapex|62/100
|
|-heal|p1a: Pecharunt|94/100 tox|[from] item: Leftovers
|-damage|p2a: Toxapex|49/100|[from] Leech Seed|[of] p1a: Pecharunt
|-heal|p1a: Pecharunt|100/100 tox|[silent]
|-damage|p1a: Pecharunt|82/100 tox|[from] psn
|upkeep
|turn|56
|
|t:|1758286104
|switch|p1a: Wo-Chien|Wo-Chien|52/100 tox
|-damage|p1a: Wo-Chien|28/100 tox|[from] Spikes
|-ability|p1a: Wo-Chien|Tablets of Ruin
|move|p2a: Toxapex|Recover|p2a: Toxapex
|-heal|p2a: Toxapex|99/100
|
|-heal|p1a: Wo-Chien|34/100 tox|[from] item: Leftovers
|-damage|p2a: Toxapex|87/100|[from] Leech Seed|[of] p1a: Wo-Chien
|-heal|p1a: Wo-Chien|43/100 tox|[silent]
|-damage|p1a: Wo-Chien|37/100 tox|[from] psn
|upkeep
|turn|57
|
|t:|1758286118
|move|p2a: Toxapex|Baneful Bunker|p2a: Toxapex
|-singleturn|p2a: Toxapex|move: Protect
|move|p1a: Wo-Chien|Ruination|p2a: Toxapex
|-activate|p2a: Toxapex|move: Protect
|
|-heal|p1a: Wo-Chien|43/100 tox|[from] item: Leftovers
|-damage|p2a: Toxapex|74/100|[from] Leech Seed|[of] p1a: Wo-Chien
|-heal|p1a: Wo-Chien|53/100 tox|[silent]
|-damage|p1a: Wo-Chien|41/100 tox|[from] psn
|upkeep
|turn|58
|
|t:|1758286129
|move|p1a: Wo-Chien|Ruination|p2a: Toxapex
|-damage|p2a: Toxapex|37/100
|move|p2a: Toxapex|Liquidation|p1a: Wo-Chien
|-resisted|p1a: Wo-Chien
|-damage|p1a: Wo-Chien|33/100 tox
|-unboost|p1a: Wo-Chien|def|1
|
|-heal|p1a: Wo-Chien|40/100 tox|[from] item: Leftovers
|-damage|p2a: Toxapex|25/100|[from] Leech Seed|[of] p1a: Wo-Chien
|-heal|p1a: Wo-Chien|49/100 tox|[silent]
|-damage|p1a: Wo-Chien|31/100 tox|[from] psn
|upkeep
|turn|59
|
|t:|1758286142
|switch|p1a: Cinderace|Cinderace, M, shiny|100/100
|-damage|p1a: Cinderace|76/100|[from] Spikes
|move|p2a: Toxapex|Recover|p2a: Toxapex
|-heal|p2a: Toxapex|75/100
|
|-damage|p2a: Toxapex|62/100|[from] Leech Seed|[of] p1a: Cinderace
|-heal|p1a: Cinderace|88/100|[silent]
|upkeep
|turn|60
|
|t:|1758286152
|move|p1a: Cinderace|Super Fang|p2a: Toxapex
|-start|p1a: Cinderace|typechange|Normal|[from] ability: Libero
|-damage|p2a: Toxapex|31/100
|move|p2a: Toxapex|Toxic|p1a: Cinderace
|-status|p1a: Cinderace|tox
|
|-damage|p2a: Toxapex|19/100|[from] Leech Seed|[of] p1a: Cinderace
|-heal|p1a: Cinderace|99/100 tox|[silent]
|-damage|p1a: Cinderace|94/100 tox|[from] psn
|upkeep
|turn|61
|-message|xiaoajiu forfeited.
|
|win|cPeterz
|raw|cPeterz's rating: 1103 &rarr; <strong>1126</strong><br />(+23 for winning)
|raw|xiaoajiu's rating: 1082 &rarr; <strong>1061</strong><br />(-21 for losing)
|l|☆xiaoajiu
|player|p2|
|l|☆cPeterz
|player|p1|
