|j|☆lerendezvous
|j|☆zeep vs zoop
|t:|1758379680
|gametype|singles
|player|p1|lerendezvous|101|1727
|player|p2|zeep vs zoop|iris-gen5bw2|1773
|gen|9
|tier|[Gen 9] OU
|rated|
|rule|HP Percentage Mod: HP is shown in percentages
|rule|Endless Battle Clause: Forcing endless battles is banned
|rule|Species Clause: Limit one of each Pokémon
|rule|OHKO Clause: OHKO moves are banned
|rule|Evasion Items Clause: Evasion items are banned
|rule|Evasion Moves Clause: Evasion moves are banned
|rule|Evasion Abilities Clause: Evasion abilities are banned
|rule|Sleep Moves Clause: Sleep-inducing moves are banned
|clearpoke
|poke|p1|Ogerpon-Wellspring, F|
|poke|p1|Slowking-Galar, F|
|poke|p1|Great Tusk|
|poke|p1|Moltres|
|poke|p1|Dragapult, F|
|poke|p1|Kingambit, F|
|poke|p2|Zamazenta-*|
|poke|p2|Latios, M|
|poke|p2|Weezing-Galar, F|
|poke|p2|Moltres|
|poke|p2|Ting-Lu|
|poke|p2|Gholdengo|
|teampreview
|inactive|Battle timer is ON: inactive players will automatically lose when time's up. (requested by lerendezvous)
|
|t:|1758379710
|teamsize|p1|6
|teamsize|p2|6
|start
|switch|p1a: Ogerpon|Ogerpon-Wellspring, F|100/100
|switch|p2a: Ting-Lu|Ting-Lu|100/100
|-ability|p2a: Ting-Lu|Vessel of Ruin
|turn|1
|
|t:|1758379715
|switch|p2a: Weezing|Weezing-Galar, F|100/100
|-ability|p2a: Weezing|Neutralizing Gas
|move|p1a: Ogerpon|Ivy Cudgel|p2a: Weezing|[anim] Ivy Cudgel Water
|-damage|p2a: Weezing|62/100
|
|upkeep
|turn|2
|
|t:|1758379723
|move|p1a: Ogerpon|Ivy Cudgel|p2a: Weezing|[anim] Ivy Cudgel Water
|-damage|p2a: Weezing|23/100
|move|p2a: Weezing|Pain Split|p1a: Ogerpon
|-sethp|p1a: Ogerpon|63/100|[from] move: Pain Split|[silent]
|-sethp|p2a: Weezing|57/100|[from] move: Pain Split
|
|upkeep
|turn|3
|
|t:|1758379732
|move|p1a: Ogerpon|Ivy Cudgel|p2a: Weezing|[anim] Ivy Cudgel Water
|-damage|p2a: Weezing|14/100
|move|p2a: Weezing|Toxic|p1a: Ogerpon
|-status|p1a: Ogerpon|tox
|
|-damage|p1a: Ogerpon|57/100 tox|[from] psn
|upkeep
|turn|4
|
|t:|1758379739
|-end|p2a: Weezing|ability: Neutralizing Gas
|switch|p2a: Zamazenta|Zamazenta|100/100
|-ability|p2a: Zamazenta|Dauntless Shield|boost
|-boost|p2a: Zamazenta|def|1
|move|p1a: Ogerpon|Ivy Cudgel|p2a: Zamazenta|[anim] Ivy Cudgel Water
|-damage|p2a: Zamazenta|64/100
|
|-damage|p1a: Ogerpon|45/100 tox|[from] psn
|upkeep
|turn|5
|
|t:|1758379744
|switch|p1a: Great Tusk|Great Tusk|100/100
|move|p2a: Zamazenta|Stone Edge|p1a: Great Tusk|[miss]
|-miss|p2a: Zamazenta|p1a: Great Tusk
|
|upkeep
|turn|6
|
|t:|1758379748
|switch|p2a: Moltres|Moltres|100/100
|move|p1a: Great Tusk|Stealth Rock|p2a: Moltres
|-sidestart|p2: zeep vs zoop|move: Stealth Rock
|
|upkeep
|turn|7
|
|t:|1758379752
|-end|p1a: Great Tusk|Protosynthesis|[silent]
|switch|p1a: Slowking|Slowking-Galar, F|100/100
|move|p2a: Moltres|Will-O-Wisp|p1a: Slowking
|-status|p1a: Slowking|brn
|
|-damage|p1a: Slowking|94/100 brn|[from] brn
|upkeep
|turn|8
|
|t:|1758379756
|switch|p2a: Ting-Lu|Ting-Lu|100/100
|-damage|p2a: Ting-Lu|94/100|[from] Stealth Rock
|-ability|p2a: Ting-Lu|Vessel of Ruin
|move|p1a: Slowking|Ice Beam|p2a: Ting-Lu
|-supereffective|p2a: Ting-Lu
|-damage|p2a: Ting-Lu|70/100
|
|-damage|p1a: Slowking|88/100 brn|[from] brn
|upkeep
|turn|9
|
|t:|1758379761
|switch|p1a: Ogerpon|Ogerpon-Wellspring, F|45/100 tox
|move|p2a: Ting-Lu|Stealth Rock|p1a: Ogerpon
|-sidestart|p1: lerendezvous|move: Stealth Rock
|
|-damage|p1a: Ogerpon|39/100 tox|[from] psn
|upkeep
|turn|10
|
|t:|1758379765
|switch|p2a: Weezing|Weezing-Galar, F|14/100
|-ability|p2a: Weezing|Neutralizing Gas
|move|p1a: Ogerpon|Ivy Cudgel|p2a: Weezing|[anim] Ivy Cudgel Water
|-damage|p2a: Weezing|0 fnt
|faint|p2a: Weezing
|-end|p2a: Weezing|ability: Neutralizing Gas
|
|-damage|p1a: Ogerpon|27/100 tox|[from] psn
|upkeep
|
|t:|1758379767
|switch|p2a: Zamazenta|Zamazenta|64/100
|-damage|p2a: Zamazenta|58/100|[from] Stealth Rock
|turn|11
|
|t:|1758379771
|move|p2a: Zamazenta|Close Combat|p1a: Ogerpon
|-damage|p1a: Ogerpon|0 fnt
|-unboost|p2a: Zamazenta|def|1
|-unboost|p2a: Zamazenta|spd|1
|faint|p1a: Ogerpon
|
|upkeep
|
|t:|1758379775
|switch|p1a: Slowking|Slowking-Galar, F|100/100 brn
|-damage|p1a: Slowking|88/100 brn|[from] Stealth Rock
|turn|12
|
|t:|1758379779
|switch|p2a: Ting-Lu|Ting-Lu|70/100
|-damage|p2a: Ting-Lu|64/100|[from] Stealth Rock
|-ability|p2a: Ting-Lu|Vessel of Ruin
|move|p1a: Slowking|Ice Beam|p2a: Ting-Lu
|-supereffective|p2a: Ting-Lu
|-damage|p2a: Ting-Lu|40/100
|
|-damage|p1a: Slowking|82/100 brn|[from] brn
|upkeep
|turn|13
|
|t:|1758379784
|switch|p1a: Moltres|Moltres|100/100
|move|p2a: Ting-Lu|Ruination|p1a: Moltres|[miss]
|-miss|p2a: Ting-Lu|p1a: Moltres
|
|upkeep
|turn|14
|
|t:|1758379787
|switch|p2a: Latios|Latios, M|100/100
|-damage|p2a: Latios|88/100|[from] Stealth Rock
|move|p1a: Moltres|Flamethrower|p2a: Latios
|-resisted|p2a: Latios
|-damage|p2a: Latios|69/100
|
|upkeep
|turn|15
|
|t:|1758379792
|move|p2a: Latios|Draco Meteor|p1a: Moltres
|-damage|p1a: Moltres|0 fnt
|-unboost|p2a: Latios|spa|2
|faint|p1a: Moltres
|
|upkeep
|
|t:|1758379798
|switch|p1a: Slowking|Slowking-Galar, F|100/100 brn
|-damage|p1a: Slowking|88/100 brn|[from] Stealth Rock
|turn|16
|
|t:|1758379806
|switch|p2a: Gholdengo|Gholdengo|100/100
|-damage|p2a: Gholdengo|94/100|[from] Stealth Rock
|move|p1a: Slowking|Ice Beam|p2a: Gholdengo
|-resisted|p2a: Gholdengo
|-damage|p2a: Gholdengo|79/100
|
|-damage|p1a: Slowking|82/100 brn|[from] brn
|upkeep
|turn|17
|
|t:|1758379812
|switch|p2a: Ting-Lu|Ting-Lu|40/100
|-damage|p2a: Ting-Lu|34/100|[from] Stealth Rock
|-ability|p2a: Ting-Lu|Vessel of Ruin
|move|p1a: Slowking|Flamethrower|p2a: Ting-Lu
|-damage|p2a: Ting-Lu|24/100
|
|-damage|p1a: Slowking|76/100 brn|[from] brn
|upkeep
|turn|18
|
|t:|1758379817
|switch|p1a: Great Tusk|Great Tusk|100/100
|-damage|p1a: Great Tusk|98/100|[from] Stealth Rock
|move|p2a: Ting-Lu|Ruination|p1a: Great Tusk
|-damage|p1a: Great Tusk|49/100
|
|upkeep
|turn|19
|
|t:|1758379823
|-terastallize|p2a: Ting-Lu|Ghost
|move|p1a: Great Tusk|Rapid Spin|p2a: Ting-Lu
|-immune|p2a: Ting-Lu
|move|p2a: Ting-Lu|Ruination|p1a: Great Tusk|[miss]
|-miss|p2a: Ting-Lu|p1a: Great Tusk
|
|upkeep
|turn|20
|
|t:|1758379829
|switch|p2a: Latios|Latios, M|69/100
|-damage|p2a: Latios|56/100|[from] Stealth Rock
|move|p1a: Great Tusk|Headlong Rush|p2a: Latios
|-immune|p2a: Latios|[from] ability: Levitate
|
|upkeep
|turn|21
|
|t:|1758379835
|-end|p1a: Great Tusk|Protosynthesis|[silent]
|switch|p1a: Kingambit|Kingambit, F|100/100
|-damage|p1a: Kingambit|94/100|[from] Stealth Rock
|-activate|p1a: Kingambit|ability: Supreme Overlord
|-start|p1a: Kingambit|fallen2|[silent]
|move|p2a: Latios|Draco Meteor|p1a: Kingambit
|-resisted|p1a: Kingambit
|-damage|p1a: Kingambit|38/100
|-unboost|p2a: Latios|spa|2
|
|-heal|p1a: Kingambit|44/100|[from] item: Leftovers
|upkeep
|turn|22
|j| moodrandom
|
|t:|1758379843
|switch|p2a: Moltres|Moltres|100/100
|-end|p1a: Kingambit|fallen2|[silent]
|switch|p1a: Slowking|Slowking-Galar, F|100/100 brn
|-damage|p1a: Slowking|88/100 brn|[from] Stealth Rock
|
|-damage|p1a: Slowking|82/100 brn|[from] brn
|upkeep
|turn|23
|
|t:|1758379848
|switch|p2a: Ting-Lu|Ting-Lu, tera:Ghost|24/100
|-damage|p2a: Ting-Lu|11/100|[from] Stealth Rock
|-ability|p2a: Ting-Lu|Vessel of Ruin
|move|p1a: Slowking|Ice Beam|p2a: Ting-Lu
|-damage|p2a: Ting-Lu|0 fnt
|faint|p2a: Ting-Lu
|
|-damage|p1a: Slowking|76/100 brn|[from] brn
|upkeep
|
|t:|1758379851
|switch|p2a: Zamazenta|Zamazenta|58/100
|-damage|p2a: Zamazenta|52/100|[from] Stealth Rock
|turn|24
|
|t:|1758379855
|switch|p1a: Great Tusk|Great Tusk|49/100
|-damage|p1a: Great Tusk|46/100|[from] Stealth Rock
|move|p2a: Zamazenta|Crunch|p1a: Great Tusk
|-resisted|p1a: Great Tusk
|-damage|p1a: Great Tusk|31/100
|-unboost|p1a: Great Tusk|def|1
|-damage|p2a: Zamazenta|35/100|[from] item: Rocky Helmet|[of] p1a: Great Tusk
|
|upkeep
|turn|25
|
|t:|1758379859
|switch|p2a: Gholdengo|Gholdengo|79/100
|-damage|p2a: Gholdengo|73/100|[from] Stealth Rock
|move|p1a: Great Tusk|Rapid Spin|p2a: Gholdengo
|-immune|p2a: Gholdengo
|
|upkeep
|turn|26
|
|t:|1758379863
|-end|p1a: Great Tusk|Protosynthesis|[silent]
|switch|p1a: Kingambit|Kingambit, F|44/100
|-damage|p1a: Kingambit|38/100|[from] Stealth Rock
|-activate|p1a: Kingambit|ability: Supreme Overlord
|-start|p1a: Kingambit|fallen2|[silent]
|move|p2a: Gholdengo|Shadow Ball|p1a: Kingambit
|-resisted|p1a: Kingambit
|-damage|p1a: Kingambit|17/100
|-unboost|p1a: Kingambit|spd|1
|
|-heal|p1a: Kingambit|23/100|[from] item: Leftovers
|upkeep
|turn|27
|
|t:|1758379868
|switch|p2a: Moltres|Moltres|100/100
|-end|p1a: Kingambit|fallen2|[silent]
|switch|p1a: Slowking|Slowking-Galar, F|100/100 brn
|-damage|p1a: Slowking|88/100 brn|[from] Stealth Rock
|
|-damage|p1a: Slowking|82/100 brn|[from] brn
|upkeep
|turn|28
|
|t:|1758379873
|move|p1a: Slowking|Ice Beam|p2a: Moltres
|-damage|p2a: Moltres|73/100
|-status|p2a: Moltres|frz
|cant|p2a: Moltres|frz
|
|-damage|p1a: Slowking|76/100 brn|[from] brn
|upkeep
|turn|29
|
|t:|1758379879
|switch|p2a: Gholdengo|Gholdengo|73/100
|-damage|p2a: Gholdengo|67/100|[from] Stealth Rock
|move|p1a: Slowking|Sludge Bomb|p2a: Gholdengo
|-immune|p2a: Gholdengo
|
|-damage|p1a: Slowking|70/100 brn|[from] brn
|upkeep
|turn|30
|
|t:|1758379883
|move|p2a: Gholdengo|Shadow Ball|p1a: Slowking
|-supereffective|p1a: Slowking
|-damage|p1a: Slowking|28/100 brn
|-unboost|p1a: Slowking|spd|1
|move|p1a: Slowking|Flamethrower|p2a: Gholdengo
|-supereffective|p2a: Gholdengo
|-damage|p2a: Gholdengo|0 fnt
|faint|p2a: Gholdengo
|
|-damage|p1a: Slowking|22/100 brn|[from] brn
|upkeep
|
|t:|1758379886
|switch|p2a: Latios|Latios, M|56/100
|-damage|p2a: Latios|44/100|[from] Stealth Rock
|turn|31
|
|t:|1758379893
|switch|p1a: Kingambit|Kingambit, F|23/100
|-damage|p1a: Kingambit|17/100|[from] Stealth Rock
|-activate|p1a: Kingambit|ability: Supreme Overlord
|-start|p1a: Kingambit|fallen2|[silent]
|move|p2a: Latios|Luster Purge|p1a: Kingambit
|-immune|p1a: Kingambit
|
|-heal|p1a: Kingambit|23/100|[from] item: Leftovers
|upkeep
|turn|32
|
|t:|1758379897
|move|p2a: Latios|Luster Purge|p1a: Kingambit
|-immune|p1a: Kingambit
|move|p1a: Kingambit|Swords Dance|p1a: Kingambit
|-boost|p1a: Kingambit|atk|2
|
|-heal|p1a: Kingambit|29/100|[from] item: Leftovers
|upkeep
|turn|33
|
|t:|1758379901
|switch|p2a: Moltres|Moltres|73/100 frz
|move|p1a: Kingambit|Swords Dance|p1a: Kingambit
|-boost|p1a: Kingambit|atk|2
|
|-heal|p1a: Kingambit|35/100|[from] item: Leftovers
|upkeep
|turn|34
|
|t:|1758379905
|-curestatus|p2a: Moltres|frz|[msg]
|move|p2a: Moltres|Flamethrower|p1a: Kingambit
|-supereffective|p1a: Kingambit
|-crit|p1a: Kingambit
|-damage|p1a: Kingambit|0 fnt
|faint|p1a: Kingambit
|-end|p1a: Kingambit|fallen2|[silent]
|
|upkeep
|
|t:|1758379910
|switch|p1a: Slowking|Slowking-Galar, F|55/100 brn
|-damage|p1a: Slowking|43/100 brn|[from] Stealth Rock
|turn|35
|
|t:|1758379913
|move|p2a: Moltres|Flamethrower|p1a: Slowking
|-damage|p1a: Slowking|25/100 brn
|move|p1a: Slowking|Sludge Bomb|p2a: Moltres
|-damage|p2a: Moltres|27/100
|
|-damage|p1a: Slowking|19/100 brn|[from] brn
|upkeep
|turn|36
|
|t:|1758379919
|move|p2a: Moltres|Roost|p2a: Moltres
|-heal|p2a: Moltres|78/100
|-singleturn|p2a: Moltres|move: Roost
|move|p1a: Slowking|Sludge Bomb|p2a: Moltres
|-damage|p2a: Moltres|35/100
|
|-damage|p1a: Slowking|13/100 brn|[from] brn
|upkeep
|turn|37
|
|t:|1758379924
|move|p2a: Moltres|Roost|p2a: Moltres
|-heal|p2a: Moltres|85/100
|-singleturn|p2a: Moltres|move: Roost
|move|p1a: Slowking|Sludge Bomb|p2a: Moltres
|-damage|p2a: Moltres|44/100
|
|-damage|p1a: Slowking|7/100 brn|[from] brn
|upkeep
|turn|38
|
|t:|1758379928
|switch|p1a: Great Tusk|Great Tusk|31/100
|-damage|p1a: Great Tusk|28/100|[from] Stealth Rock
|move|p2a: Moltres|Roost|p2a: Moltres
|-heal|p2a: Moltres|94/100
|-singleturn|p2a: Moltres|move: Roost
|
|upkeep
|turn|39
|
|t:|1758379933
|move|p1a: Great Tusk|Rapid Spin|p2a: Moltres
|-damage|p2a: Moltres|82/100
|-boost|p1a: Great Tusk|spe|1
|-sideend|p1: lerendezvous|Stealth Rock|[from] move: Rapid Spin|[of] p1a: Great Tusk
|move|p2a: Moltres|Flamethrower|p1a: Great Tusk
|-damage|p1a: Great Tusk|0 fnt
|faint|p1a: Great Tusk
|-end|p1a: Great Tusk|Protosynthesis|[silent]
|
|upkeep
|
|t:|1758379938
|switch|p1a: Slowking|Slowking-Galar, F|40/100 brn
|turn|40
|
|t:|1758379945
|switch|p1a: Dragapult|Dragapult, F|100/100
|move|p2a: Moltres|Flamethrower|p1a: Dragapult
|-resisted|p1a: Dragapult
|-damage|p1a: Dragapult|70/100
|
|upkeep
|turn|41
|
|t:|1758379950
|switch|p1a: Slowking|Slowking-Galar, F|73/100 brn
|move|p2a: Moltres|Will-O-Wisp|p1a: Slowking
|-fail|p1a: Slowking|brn
|
|-damage|p1a: Slowking|67/100 brn|[from] brn
|upkeep
|turn|42
|
|t:|1758379953
|switch|p1a: Dragapult|Dragapult, F|70/100
|move|p2a: Moltres|Flamethrower|p1a: Dragapult
|-resisted|p1a: Dragapult
|-damage|p1a: Dragapult|42/100
|
|upkeep
|turn|43
|
|t:|1758379957
|switch|p1a: Slowking|Slowking-Galar, F|100/100 brn
|move|p2a: Moltres|Will-O-Wisp|p1a: Slowking
|-fail|p1a: Slowking|brn
|
|-damage|p1a: Slowking|94/100 brn|[from] brn
|upkeep
|turn|44
|
|t:|1758379961
|move|p2a: Moltres|Flamethrower|p1a: Slowking
|-damage|p1a: Slowking|76/100 brn
|move|p1a: Slowking|Sludge Bomb|p2a: Moltres
|-damage|p2a: Moltres|42/100
|-status|p2a: Moltres|psn
|
|-damage|p2a: Moltres|30/100 psn|[from] psn
|-damage|p1a: Slowking|70/100 brn|[from] brn
|upkeep
|turn|45
|
|t:|1758379966
|move|p2a: Moltres|Flamethrower|p1a: Slowking
|-damage|p1a: Slowking|52/100 brn
|move|p1a: Slowking|Sludge Bomb|p2a: Moltres
|-damage|p2a: Moltres|0 fnt
|faint|p2a: Moltres
|
|-damage|p1a: Slowking|46/100 brn|[from] brn
|upkeep
|
|t:|1758379968
|switch|p2a: Zamazenta|Zamazenta|35/100
|-damage|p2a: Zamazenta|29/100|[from] Stealth Rock
|turn|46
|
|t:|1758379972
|-terastallize|p1a: Slowking|Water
|move|p2a: Zamazenta|Crunch|p1a: Slowking
|-damage|p1a: Slowking|7/100 brn
|move|p1a: Slowking|Sludge Bomb|p2a: Zamazenta
|-damage|p2a: Zamazenta|0 fnt
|faint|p2a: Zamazenta
|
|-damage|p1a: Slowking|1/100 brn|[from] brn
|upkeep
|j| 3ndgam3
|
|t:|1758379988
|switch|p2a: Latios|Latios, M|44/100
|-damage|p2a: Latios|32/100|[from] Stealth Rock
|turn|47
|
|t:|1758379992
|move|p2a: Latios|Luster Purge|p1a: Slowking
|-damage|p1a: Slowking|0 fnt
|faint|p1a: Slowking
|
|upkeep
|
|t:|1758379996
|switch|p1a: Dragapult|Dragapult, F|42/100
|turn|48
|
|t:|1758380004
|move|p1a: Dragapult|U-turn|p2a: Latios
|-supereffective|p2a: Latios
|-damage|p2a: Latios|0 fnt
|faint|p2a: Latios
|
|win|lerendezvous
|raw|lerendezvous's rating: 1727 &rarr; <strong>1750</strong><br />(+23 for winning)
|raw|zeep vs zoop's rating: 1773 &rarr; <strong>1750</strong><br />(-23 for losing)
