|j|☆omari p
|j|☆PasserbyGremlin
|t:|1758261381
|gametype|singles
|player|p1|omari p|pokemonrangerf|1843
|player|p2|PasserbyGremlin|clown|1803
|gen|9
|tier|[Gen 9] OU
|rated|
|rule|HP Percentage Mod: HP is shown in percentages
|rule|Endless Battle Clause: Forcing endless battles is banned
|rule|Species Clause: Limit one of each Pokémon
|rule|OHKO Clause: OHKO moves are banned
|rule|Evasion Items Clause: Evasion items are banned
|rule|Evasion Moves Clause: Evasion moves are banned
|rule|Evasion Abilities Clause: Evasion abilities are banned
|rule|Sleep Moves Clause: Sleep-inducing moves are banned
|clearpoke
|poke|p1|Cinderace, M|
|poke|p1|Volcanion|
|poke|p1|Torkoal, M|
|poke|p1|Mandibuzz, F|
|poke|p1|Great Tusk|
|poke|p1|Fezandipiti, M|
|poke|p2|Skarmory, F|
|poke|p2|Great Tusk|
|poke|p2|Tornadus-Therian, M|
|poke|p2|Gholdengo|
|poke|p2|Ting-Lu|
|poke|p2|Primarina, F|
|teampreview
|
|t:|1758261402
|teamsize|p1|6
|teamsize|p2|6
|start
|switch|p1a: Volcanion|Volcanion|100/100
|switch|p2a: Primarina|Primarina, F|100/100
|turn|1
|
|t:|1758261410
|switch|p1a: Torkoal|Torkoal, M, shiny|100/100
|-weather|SunnyDay|[from] ability: Drought|[of] p1a: Torkoal
|move|p2a: Primarina|Moonblast|p1a: Torkoal
|-resisted|p1a: Torkoal
|-damage|p1a: Torkoal|66/100
|
|-weather|SunnyDay|[upkeep]
|upkeep
|turn|2
|inactive|Battle timer is ON: inactive players will automatically lose when time's up. (requested by omari p)
|
|t:|1758261416
|move|p2a: Primarina|Surf|p1a: Torkoal
|-supereffective|p1a: Torkoal
|-damage|p1a: Torkoal|0 fnt
|faint|p1a: Torkoal
|
|-weather|SunnyDay|[upkeep]
|upkeep
|
|t:|1758261418
|switch|p1a: Volcanion|Volcanion|100/100
|turn|3
|
|t:|1758261424
|move|p1a: Volcanion|Fire Blast|p2a: Primarina
|-resisted|p2a: Primarina
|-damage|p2a: Primarina|60/100
|-status|p2a: Primarina|brn
|move|p2a: Primarina|Moonblast|p1a: Volcanion
|-resisted|p1a: Volcanion
|-damage|p1a: Volcanion|73/100
|
|-weather|SunnyDay|[upkeep]
|-damage|p2a: Primarina|54/100 brn|[from] brn
|upkeep
|turn|4
|
|t:|1758261441
|move|p1a: Volcanion|Fire Blast|p2a: Primarina
|-resisted|p2a: Primarina
|-damage|p2a: Primarina|10/100 brn
|move|p2a: Primarina|Moonblast|p1a: Volcanion
|-resisted|p1a: Volcanion
|-damage|p1a: Volcanion|44/100
|-unboost|p1a: Volcanion|spa|1
|
|-weather|SunnyDay|[upkeep]
|-damage|p2a: Primarina|4/100 brn|[from] brn
|upkeep
|turn|5
|
|t:|1758261464
|move|p1a: Volcanion|Fire Blast|p2a: Primarina|[miss]
|-miss|p1a: Volcanion|p2a: Primarina
|move|p2a: Primarina|Moonblast|p1a: Volcanion
|-resisted|p1a: Volcanion
|-damage|p1a: Volcanion|16/100
|
|-weather|SunnyDay|[upkeep]
|-damage|p2a: Primarina|0 fnt|[from] brn
|faint|p2a: Primarina
|upkeep
|
|t:|1758261472
|switch|p2a: Ting-Lu|Ting-Lu|100/100
|-ability|p2a: Ting-Lu|Vessel of Ruin
|turn|6
|
|t:|1758261478
|switch|p1a: Omari P Bird|Mandibuzz, F, shiny|100/100
|move|p2a: Ting-Lu|Stealth Rock|p1a: Omari P Bird
|-sidestart|p1: omari p|move: Stealth Rock
|
|-weather|SunnyDay|[upkeep]
|upkeep
|turn|7
|
|t:|1758261487
|switch|p2a: Gholdengo|Gholdengo|100/100
|move|p1a: Omari P Bird|Foul Play|p2a: Gholdengo
|-supereffective|p2a: Gholdengo
|-damage|p2a: Gholdengo|67/100
|
|-weather|SunnyDay|[upkeep]
|upkeep
|turn|8
|
|t:|1758261498
|move|p2a: Gholdengo|Trick|p1a: Omari P Bird
|-activate|p2a: Gholdengo|move: Trick|[of] p1a: Omari P Bird
|-item|p1a: Omari P Bird|Choice Scarf|[from] move: Trick
|-item|p2a: Gholdengo|Rocky Helmet|[from] move: Trick
|move|p1a: Omari P Bird|Foul Play|p2a: Gholdengo
|-supereffective|p2a: Gholdengo
|-damage|p2a: Gholdengo|33/100
|-damage|p1a: Omari P Bird|84/100|[from] item: Rocky Helmet|[of] p2a: Gholdengo
|
|-weather|none
|upkeep
|turn|9
|
|t:|1758261505
|switch|p1a: Cinderace|Cinderace, M|100/100
|-damage|p1a: Cinderace|76/100|[from] Stealth Rock
|switch|p2a: Tornadus|Tornadus-Therian, M|100/100
|
|upkeep
|turn|10
|
|t:|1758261509
|move|p2a: Tornadus|Bleakwind Storm|p1a: Cinderace|[miss]
|-miss|p2a: Tornadus|p1a: Cinderace
|move|p1a: Cinderace|Pyro Ball|p2a: Tornadus
|-damage|p2a: Tornadus|0 fnt
|faint|p2a: Tornadus
|
|upkeep
|
|t:|1758261528
|switch|p2a: Great Tusk|Great Tusk|100/100
|-enditem|p2a: Great Tusk|Booster Energy
|-activate|p2a: Great Tusk|ability: Protosynthesis|[fromitem]
|-start|p2a: Great Tusk|protosynthesisatk
|turn|11
|
|t:|1758261533
|move|p1a: Cinderace|Court Change|p1a: Cinderace
|-start|p1a: Cinderace|typechange|Normal|[from] ability: Libero
|-swapsideconditions
|-activate|p1a: Cinderace|move: Court Change
|move|p2a: Great Tusk|Rapid Spin|p1a: Cinderace
|-damage|p1a: Cinderace|44/100
|-boost|p2a: Great Tusk|spe|1
|-sideend|p2: PasserbyGremlin|Stealth Rock|[from] move: Rapid Spin|[of] p2a: Great Tusk
|
|upkeep
|turn|12
|
|t:|1758261541
|switch|p1a: Omari P Bird|Mandibuzz, F, shiny|84/100
|move|p2a: Great Tusk|Ice Spinner|p1a: Omari P Bird
|-supereffective|p1a: Omari P Bird
|-damage|p1a: Omari P Bird|40/100
|
|upkeep
|turn|13
|inactive|omari p has 120 seconds left.
|
|t:|1758261595
|move|p2a: Great Tusk|Ice Spinner|p1a: Omari P Bird
|-supereffective|p1a: Omari P Bird
|-damage|p1a: Omari P Bird|0 fnt
|faint|p1a: Omari P Bird
|
|upkeep
|
|t:|1758261607
|switch|p1a: Chihiro|Fezandipiti, M|100/100
|turn|14
|
|t:|1758261612
|-terastallize|p1a: Chihiro|Ground
|move|p2a: Great Tusk|Headlong Rush|p1a: Chihiro
|-damage|p1a: Chihiro|21/100
|-unboost|p2a: Great Tusk|def|1
|-unboost|p2a: Great Tusk|spd|1
|move|p1a: Chihiro|Moonblast|p2a: Great Tusk
|-supereffective|p2a: Great Tusk
|-damage|p2a: Great Tusk|0 fnt
|faint|p2a: Great Tusk
|-end|p2a: Great Tusk|Protosynthesis|[silent]
|
|-heal|p1a: Chihiro|27/100|[from] item: Leftovers
|upkeep
|
|t:|1758261620
|switch|p2a: Ting-Lu|Ting-Lu|100/100
|-ability|p2a: Ting-Lu|Vessel of Ruin
|turn|15
|
|t:|1758261625
|move|p1a: Chihiro|Moonblast|p2a: Ting-Lu
|-supereffective|p2a: Ting-Lu
|-damage|p2a: Ting-Lu|72/100
|move|p2a: Ting-Lu|Stealth Rock|p1a: Chihiro
|-sidestart|p1: omari p|move: Stealth Rock
|
|-heal|p1a: Chihiro|33/100|[from] item: Leftovers
|-heal|p2a: Ting-Lu|79/100|[from] item: Leftovers
|upkeep
|turn|16
|
|t:|1758261634
|move|p1a: Chihiro|Moonblast|p2a: Ting-Lu
|-supereffective|p2a: Ting-Lu
|-damage|p2a: Ting-Lu|48/100
|-status|p2a: Ting-Lu|tox|[from] ability: Toxic Chain|[of] p1a: Chihiro
|move|p2a: Ting-Lu|Earthquake|p1a: Chihiro
|-crit|p1a: Chihiro
|-damage|p1a: Chihiro|0 fnt
|faint|p1a: Chihiro
|
|-heal|p2a: Ting-Lu|54/100 tox|[from] item: Leftovers
|-damage|p2a: Ting-Lu|48/100 tox|[from] psn
|upkeep
|
|t:|1758261637
|switch|p1a: Cinderace|Cinderace, M|44/100
|-damage|p1a: Cinderace|19/100|[from] Stealth Rock
|turn|17
|j| wgw2333
|
|t:|1758261649
|move|p1a: Cinderace|High Jump Kick|p2a: Ting-Lu
|-start|p1a: Cinderace|typechange|Fighting|[from] ability: Libero
|-supereffective|p2a: Ting-Lu
|-damage|p2a: Ting-Lu|0 fnt
|faint|p2a: Ting-Lu
|
|upkeep
|
|t:|1758261654
|switch|p2a: Skarmory|Skarmory, F|100/100
|turn|18
|
|t:|1758261662
|move|p1a: Cinderace|Court Change|p1a: Cinderace
|-swapsideconditions
|-activate|p1a: Cinderace|move: Court Change
|move|p2a: Skarmory|Spikes|p1a: Cinderace
|-sidestart|p1: omari p|Spikes
|
|upkeep
|turn|19
|
|t:|1758261676
|-terastallize|p2a: Skarmory|Dragon
|move|p1a: Cinderace|Pyro Ball|p2a: Skarmory
|-resisted|p2a: Skarmory
|-damage|p2a: Skarmory|85/100
|move|p2a: Skarmory|Spikes|p1a: Cinderace
|-sidestart|p1: omari p|Spikes
|
|upkeep
|turn|20
|j| Rocksane
|
|t:|1758261686
|move|p1a: Cinderace|High Jump Kick|p2a: Skarmory|[miss]
|-miss|p1a: Cinderace|p2a: Skarmory
|-damage|p1a: Cinderace|0 fnt|[from] highjumpkick
|faint|p1a: Cinderace
|move|p2a: Skarmory|Spikes|p1: Cinderace
|-sidestart|p1: omari p|Spikes
|
|upkeep
|
|t:|1758261690
|switch|p1a: Haku|Great Tusk, shiny|100/100
|-damage|p1a: Haku|76/100|[from] Spikes
|turn|21
|
|t:|1758261697
|move|p1a: Haku|Ice Spinner|p2a: Skarmory
|-supereffective|p2a: Skarmory
|-damage|p2a: Skarmory|46/100
|-damage|p1a: Haku|59/100|[from] item: Rocky Helmet|[of] p2a: Skarmory
|move|p2a: Skarmory|Iron Defense|p2a: Skarmory
|-boost|p2a: Skarmory|def|2
|
|upkeep
|turn|22
|-message|omari p forfeited.
|
|win|PasserbyGremlin
|raw|omari p's rating: 1843 &rarr; <strong>1821</strong><br />(-22 for losing)
|raw|PasserbyGremlin's rating: 1803 &rarr; <strong>1825</strong><br />(+22 for winning)
|l|☆omari p
|player|p1|
|l| Rocksane
|l|☆PasserbyGremlin
|player|p2|
|l| wgw2333
