|j|☆sonicjara
|j|☆MyXoo
|t:|1758318067
|gametype|singles
|player|p1|sonicjara|170|1330
|player|p2|MyXoo|bea|1335
|gen|9
|tier|[Gen 9] OU
|rated|
|rule|HP Percentage Mod: HP is shown in percentages
|rule|Endless Battle Clause: Forcing endless battles is banned
|rule|Species Clause: Limit one of each Pokémon
|rule|OHKO Clause: OHKO moves are banned
|rule|Evasion Items Clause: Evasion items are banned
|rule|Evasion Moves Clause: Evasion moves are banned
|rule|Evasion Abilities Clause: Evasion abilities are banned
|rule|Sleep Moves Clause: Sleep-inducing moves are banned
|clearpoke
|poke|p1|Meowscarada, M|
|poke|p1|Slowking-Galar, M|
|poke|p1|Corviknight, F|
|poke|p1|Cinderace, F|
|poke|p1|Great Tusk|
|poke|p1|Dragapult, M|
|poke|p2|Samurott-Hisui, M|
|poke|p2|Scizor, F|
|poke|p2|Dragapult, M|
|poke|p2|Kingambit, M|
|poke|p2|Landorus-Therian, M|
|poke|p2|Iron Valiant|
|teampreview
|
|t:|1758318078
|teamsize|p1|6
|teamsize|p2|6
|start
|switch|p1a: Cinderace|Cinderace, F, shiny|100/100
|switch|p2a: Samurott|Samurott-Hisui, M|100/100
|turn|1
|
|t:|1758318084
|move|p1a: Cinderace|U-turn|p2a: Samurott
|-start|p1a: Cinderace|typechange|Bug|[from] ability: Libero
|-supereffective|p2a: Samurott
|-damage|p2a: Samurott|10/100
|
|t:|1758318089
|switch|p1a: Corviknight|Corviknight, F, shiny|100/100|[from] U-turn
|-ability|p1a: Corviknight|Pressure
|move|p2a: Samurott|Razor Shell|p1a: Corviknight
|-damage|p1a: Corviknight|69/100
|-damage|p2a: Samurott|0 fnt|[from] item: Rocky Helmet|[of] p1a: Corviknight
|faint|p2a: Samurott
|
|upkeep
|inactive|Battle timer is ON: inactive players will automatically lose when time's up. (requested by sonicjara)
|
|t:|1758318125
|switch|p2a: Landorus|Landorus-Therian, M|100/100
|-ability|p2a: Landorus|Intimidate|boost
|-unboost|p1a: Corviknight|atk|1
|turn|2
|
|t:|1758318148
|switch|p1a: Slowking|Slowking-Galar, M, shiny|100/100
|move|p2a: Landorus|Stone Edge|p1a: Slowking|[miss]
|-miss|p2a: Landorus|p1a: Slowking
|
|upkeep
|turn|3
|
|t:|1758318163
|switch|p2a: Kingambit|Kingambit, M|100/100
|-activate|p2a: Kingambit|ability: Supreme Overlord
|-start|p2a: Kingambit|fallen1|[silent]
|switch|p1a: Corviknight|Corviknight, F, shiny|69/100
|-ability|p1a: Corviknight|Pressure
|
|upkeep
|turn|4
|inactive|MyXoo has 120 seconds left.
|
|t:|1758318190
|move|p1a: Corviknight|U-turn|p2a: Kingambit
|-damage|p2a: Kingambit|90/100
|
|t:|1758318195
|switch|p1a: Great Tusk|Great Tusk, shiny|100/100|[from] U-turn
|move|p2a: Kingambit|Swords Dance|p2a: Kingambit
|-boost|p2a: Kingambit|atk|2
|
|-heal|p2a: Kingambit|96/100|[from] item: Leftovers
|upkeep
|turn|5
|inactive|MyXoo has 120 seconds left.
|
|t:|1758318220
|-end|p2a: Kingambit|fallen1|[silent]
|switch|p2a: Iron Valiant|Iron Valiant|100/100
|-enditem|p2a: Iron Valiant|Booster Energy
|-activate|p2a: Iron Valiant|ability: Quark Drive|[fromitem]
|-start|p2a: Iron Valiant|quarkdrivespe
|move|p1a: Great Tusk|Ice Spinner|p2a: Iron Valiant
|-damage|p2a: Iron Valiant|48/100
|
|upkeep
|turn|6
|
|t:|1758318232
|-end|p1a: Great Tusk|Protosynthesis|[silent]
|switch|p1a: Slowking|Slowking-Galar, M, shiny|100/100
|move|p2a: Iron Valiant|Moonblast|p1a: Slowking
|-resisted|p1a: Slowking
|-damage|p1a: Slowking|87/100
|
|upkeep
|turn|7
|
|t:|1758318248
|-end|p2a: Iron Valiant|Quark Drive|[silent]
|switch|p2a: Kingambit|Kingambit, M|96/100
|-activate|p2a: Kingambit|ability: Supreme Overlord
|-start|p2a: Kingambit|fallen1|[silent]
|move|p1a: Slowking|Thunder Wave|p2a: Kingambit|[miss]
|-miss|p1a: Slowking|p2a: Kingambit
|
|-heal|p2a: Kingambit|100/100|[from] item: Leftovers
|upkeep
|turn|8
|inactive|MyXoo has 90 seconds left.
|
|t:|1758318274
|-end|p2a: Kingambit|fallen1|[silent]
|switch|p2a: Dragapult|Dragapult, M|100/100
|switch|p1a: Corviknight|Corviknight, F, shiny|69/100
|-ability|p1a: Corviknight|Pressure
|
|upkeep
|turn|9
|inactive|MyXoo has 90 seconds left.
|
|t:|1758318292
|switch|p1a: Slowking|Slowking-Galar, M, shiny|100/100
|move|p2a: Dragapult|Hydro Pump|p1a: Slowking|[miss]
|-miss|p2a: Dragapult|p1a: Slowking
|
|upkeep
|turn|10
|
|t:|1758318303
|switch|p2a: Kingambit|Kingambit, M|100/100
|-activate|p2a: Kingambit|ability: Supreme Overlord
|-start|p2a: Kingambit|fallen1|[silent]
|move|p1a: Slowking|Thunder Wave|p2a: Kingambit
|-status|p2a: Kingambit|par
|
|upkeep
|turn|11
|
|t:|1758318314
|switch|p1a: Great Tusk|Great Tusk, shiny|100/100
|move|p2a: Kingambit|Kowtow Cleave|p1a: Great Tusk
|-resisted|p1a: Great Tusk
|-crit|p1a: Great Tusk
|-damage|p1a: Great Tusk|71/100
|
|upkeep
|turn|12
|inactive|MyXoo has 90 seconds left.
|
|t:|1758318330
|-end|p2a: Kingambit|fallen1|[silent]
|switch|p2a: Iron Valiant|Iron Valiant|48/100
|move|p1a: Great Tusk|Close Combat|p2a: Iron Valiant
|-resisted|p2a: Iron Valiant
|-damage|p2a: Iron Valiant|0 fnt
|-unboost|p1a: Great Tusk|def|1
|-unboost|p1a: Great Tusk|spd|1
|faint|p2a: Iron Valiant
|-end|p2a: Iron Valiant|Quark Drive|[silent]
|
|upkeep
|
|t:|1758318345
|switch|p2a: Dragapult|Dragapult, M|100/100
|turn|13
|
|t:|1758318357
|-end|p1a: Great Tusk|Protosynthesis|[silent]
|switch|p1a: Slowking|Slowking-Galar, M, shiny|100/100
|move|p2a: Dragapult|Shadow Ball|p1a: Slowking
|-supereffective|p1a: Slowking
|-damage|p1a: Slowking|33/100
|
|upkeep
|turn|14
|inactive|sonicjara has 120 seconds left.
|
|t:|1758318394
|-terastallize|p1a: Slowking|Water
|move|p2a: Dragapult|Shadow Ball|p1a: Slowking
|-damage|p1a: Slowking|0 fnt
|faint|p1a: Slowking
|
|upkeep
|
|t:|1758318401
|switch|p1a: Meowscarada|Meowscarada, M, shiny|100/100
|turn|15
|inactive|MyXoo has 90 seconds left.
|
|t:|1758318417
|switch|p2a: Scizor|Scizor, F|100/100
|move|p1a: Meowscarada|U-turn|p2a: Scizor
|-start|p1a: Meowscarada|typechange|Bug|[from] ability: Protean
|-resisted|p2a: Scizor
|-damage|p2a: Scizor|82/100
|
|t:|1758318426
|switch|p1a: Cinderace|Cinderace, F, shiny|100/100|[from] U-turn
|
|upkeep
|turn|16
|inactive|MyXoo has 90 seconds left.
|
|t:|1758318445
|switch|p2a: Landorus|Landorus-Therian, M|100/100
|-ability|p2a: Landorus|Intimidate|boost
|-unboost|p1a: Cinderace|atk|1
|move|p1a: Cinderace|U-turn|p2a: Landorus
|-start|p1a: Cinderace|typechange|Bug|[from] ability: Libero
|-resisted|p2a: Landorus
|-damage|p2a: Landorus|88/100
|inactive|sonicjara has 120 seconds left.
|
|t:|1758318468
|switch|p1a: Dragapult|Dragapult, M, shiny|100/100|[from] U-turn
|
|upkeep
|turn|17
|inactive|MyXoo has 90 seconds left.
|
|t:|1758318478
|move|p2a: Landorus|Earthquake|p1a: Dragapult
|-crit|p1a: Dragapult
|-damage|p1a: Dragapult|0 fnt
|faint|p1a: Dragapult
|
|upkeep
|
|t:|1758318485
|switch|p1a: Meowscarada|Meowscarada, M, shiny|100/100
|turn|18
|inactive|MyXoo has 90 seconds left.
|
|t:|1758318497
|switch|p2a: Kingambit|Kingambit, M|100/100 par
|-activate|p2a: Kingambit|ability: Supreme Overlord
|-start|p2a: Kingambit|fallen2|[silent]
|move|p1a: Meowscarada|Triple Axel|p2a: Kingambit
|-start|p1a: Meowscarada|typechange|Ice|[from] ability: Protean
|-resisted|p2a: Kingambit
|-damage|p2a: Kingambit|97/100 par
|-resisted|p2a: Kingambit
|-damage|p2a: Kingambit|90/100 par
|-resisted|p2a: Kingambit
|-damage|p2a: Kingambit|79/100 par
|-hitcount|p2a: Kingambit|3
|
|-heal|p2a: Kingambit|85/100 par|[from] item: Leftovers
|upkeep
|turn|19
|inactive|MyXoo has 90 seconds left.
|
|t:|1758318513
|switch|p1a: Corviknight|Corviknight, F, shiny|69/100
|-ability|p1a: Corviknight|Pressure
|cant|p2a: Kingambit|par
|
|-heal|p2a: Kingambit|91/100 par|[from] item: Leftovers
|upkeep
|turn|20
|
|t:|1758318524
|move|p1a: Corviknight|U-turn|p2a: Kingambit
|-damage|p2a: Kingambit|79/100 par
|
|t:|1758318531
|switch|p1a: Great Tusk|Great Tusk, shiny|71/100|[from] U-turn
|move|p2a: Kingambit|Kowtow Cleave|p1a: Great Tusk
|-resisted|p1a: Great Tusk
|-damage|p1a: Great Tusk|49/100
|
|-heal|p2a: Kingambit|86/100 par|[from] item: Leftovers
|upkeep
|turn|21
|inactive|sonicjara has 120 seconds left.
|inactive|MyXoo has 90 seconds left.
|
|t:|1758318551
|-terastallize|p2a: Kingambit|Fairy
|move|p1a: Great Tusk|Stealth Rock|p2a: Kingambit
|-sidestart|p2: MyXoo|move: Stealth Rock
|move|p2a: Kingambit|Tera Blast|p1a: Great Tusk|[anim] Tera Blast Fairy
|-supereffective|p1a: Great Tusk
|-damage|p1a: Great Tusk|0 fnt
|faint|p1a: Great Tusk
|-end|p1a: Great Tusk|Protosynthesis|[silent]
|
|-heal|p2a: Kingambit|92/100 par|[from] item: Leftovers
|upkeep
|inactive|sonicjara has 120 seconds left.
|
|t:|1758318576
|switch|p1a: Cinderace|Cinderace, F, shiny|100/100
|turn|22
|
|t:|1758318583
|move|p1a: Cinderace|Iron Head|p2a: Kingambit
|-start|p1a: Cinderace|typechange|Steel|[from] ability: Libero
|-supereffective|p2a: Kingambit
|-damage|p2a: Kingambit|33/100 par
|cant|p2a: Kingambit|par
|
|-heal|p2a: Kingambit|39/100 par|[from] item: Leftovers
|upkeep
|turn|23
|
|t:|1758318597
|move|p2a: Kingambit|Sucker Punch|p1a: Cinderace
|-damage|p1a: Cinderace|30/100
|move|p1a: Cinderace|Iron Head|p2a: Kingambit
|-supereffective|p2a: Kingambit
|-damage|p2a: Kingambit|0 fnt
|faint|p2a: Kingambit
|-end|p2a: Kingambit|fallen2|[silent]
|
|upkeep
|
|t:|1758318616
|switch|p2a: Scizor|Scizor, F|82/100
|-damage|p2a: Scizor|70/100|[from] Stealth Rock
|turn|24
|
|t:|1758318624
|move|p2a: Scizor|Bullet Punch|p1a: Cinderace
|-resisted|p1a: Cinderace
|-damage|p1a: Cinderace|0 fnt
|faint|p1a: Cinderace
|-damage|p2a: Scizor|60/100|[from] item: Life Orb
|
|upkeep
|
|t:|1758318630
|switch|p1a: Corviknight|Corviknight, F, shiny|69/100
|-ability|p1a: Corviknight|Pressure
|turn|25
|
|t:|1758318641
|switch|p2a: Dragapult|Dragapult, M|100/100
|-damage|p2a: Dragapult|88/100|[from] Stealth Rock
|move|p1a: Corviknight|Brave Bird|p2a: Dragapult
|-damage|p2a: Dragapult|35/100
|-damage|p1a: Corviknight|56/100|[from] Recoil
|
|upkeep
|turn|26
|
|t:|1758318662
|move|p2a: Dragapult|Draco Meteor|p1a: Corviknight
|-resisted|p1a: Corviknight
|-damage|p1a: Corviknight|11/100
|-unboost|p2a: Dragapult|spa|2
|move|p1a: Corviknight|Brave Bird|p2a: Dragapult
|-damage|p2a: Dragapult|0 fnt
|faint|p2a: Dragapult
|-damage|p1a: Corviknight|2/100|[from] Recoil
|
|upkeep
|inactive|MyXoo has 90 seconds left.
|
|t:|1758318676
|switch|p2a: Scizor|Scizor, F|60/100
|-damage|p2a: Scizor|48/100|[from] Stealth Rock
|turn|27
|
|t:|1758318681
|move|p2a: Scizor|Bullet Punch|p1a: Corviknight
|-resisted|p1a: Corviknight
|-damage|p1a: Corviknight|0 fnt
|-damage|p2a: Scizor|31/100|[from] item: Rocky Helmet|[of] p1a: Corviknight
|faint|p1a: Corviknight
|-damage|p2a: Scizor|21/100|[from] item: Life Orb
|
|upkeep
|
|t:|1758318689
|switch|p1a: Meowscarada|Meowscarada, M, shiny|100/100
|turn|28
|
|t:|1758318693
|move|p1a: Meowscarada|Triple Axel|p2a: Scizor|[miss]
|-start|p1a: Meowscarada|typechange|Ice|[from] ability: Protean
|-miss|p1a: Meowscarada|p2a: Scizor
|move|p2a: Scizor|Close Combat|p1a: Meowscarada
|-supereffective|p1a: Meowscarada
|-damage|p1a: Meowscarada|0 fnt
|-unboost|p2a: Scizor|def|1
|-unboost|p2a: Scizor|spd|1
|faint|p1a: Meowscarada
|-damage|p2a: Scizor|11/100|[from] item: Life Orb
|
|win|MyXoo
|raw|sonicjara's rating: 1330 &rarr; <strong>1310</strong><br />(-20 for losing)
|raw|MyXoo's rating: 1335 &rarr; <strong>1355</strong><br />(+20 for winning)
