|j|☆yalhabznb
|j|☆ORCAGOD
|t:|1758359320
|gametype|singles
|player|p1|yalhabznb|266|1218
|player|p2|ORCAGOD|265|1135
|gen|9
|tier|[Gen 9] OU
|rated|
|rule|HP Percentage Mod: HP is shown in percentages
|rule|Endless Battle Clause: Forcing endless battles is banned
|rule|Species Clause: Limit one of each Pokémon
|rule|OHKO Clause: OHKO moves are banned
|rule|Evasion Items Clause: Evasion items are banned
|rule|Evasion Moves Clause: Evasion moves are banned
|rule|Evasion Abilities Clause: Evasion abilities are banned
|rule|Sleep Moves Clause: Sleep-inducing moves are banned
|clearpoke
|poke|p1|Dragonite, M|
|poke|p1|Serperior, F|
|poke|p1|Kingambit, F|
|poke|p1|Dragapult, M|
|poke|p1|Heatran, F|
|poke|p1|Great Tusk|
|poke|p2|Milotic, F|
|poke|p2|Jolteon, F|
|poke|p2|Metagross|
|poke|p2|Noctowl, M|
|poke|p2|Camerupt, M|
|poke|p2|Ninetales, M|
|teampreview
|
|t:|1758359325
|teamsize|p1|6
|teamsize|p2|6
|start
|switch|p1a: Heatran|Heatran, F|100/100
|switch|p2a: Ninetales|Ninetales, M, shiny|100/100
|-weather|SunnyDay|[from] ability: Drought|[of] p2a: Ninetales
|-item|p1a: Heatran|Air Balloon
|turn|1
|
|t:|1758359336
|switch|p2a: Camerupt|Camerupt, M, shiny|100/100
|move|p1a: Heatran|Taunt|p2a: Camerupt
|-start|p2a: Camerupt|move: Taunt
|
|-weather|SunnyDay|[upkeep]
|upkeep
|turn|2
|
|t:|1758359343
|move|p1a: Heatran|Stealth Rock|p2a: Camerupt
|-sidestart|p2: ORCAGOD|move: Stealth Rock
|move|p2a: Camerupt|Solar Beam||[still]
|-prepare|p2a: Camerupt|Solar Beam
|-anim|p2a: Camerupt|Solar Beam|p1a: Heatran
|-resisted|p1a: Heatran
|-damage|p1a: Heatran|92/100
|-enditem|p1a: Heatran|Air Balloon
|
|-weather|SunnyDay|[upkeep]
|upkeep
|turn|3
|
|t:|1758359349
|move|p1a: Heatran|Earth Power|p2a: Camerupt
|-supereffective|p2a: Camerupt
|-damage|p2a: Camerupt|37/100
|move|p2a: Camerupt|Earth Power|p1a: Heatran
|-supereffective|p1a: Heatran
|-damage|p1a: Heatran|0 fnt
|faint|p1a: Heatran
|
|-weather|SunnyDay|[upkeep]
|-heal|p2a: Camerupt|43/100|[from] item: Leftovers
|-end|p2a: Camerupt|move: Taunt
|upkeep
|
|t:|1758359353
|switch|p1a: Serperior|Serperior, F|100/100
|turn|4
|
|t:|1758359364
|move|p1a: Serperior|Leaf Storm|p2a: Camerupt
|-damage|p2a: Camerupt|0 fnt
|-boost|p1a: Serperior|spa|2
|faint|p2a: Camerupt
|
|-weather|SunnyDay|[upkeep]
|upkeep
|
|t:|1758359376
|switch|p2a: Ninetales|Ninetales, M, shiny|100/100
|turn|5
|
|t:|1758359383
|-terastallize|p1a: Serperior|Rock
|move|p1a: Serperior|Tera Blast|p2a: Ninetales|[anim] Tera Blast Rock
|-supereffective|p2a: Ninetales
|-damage|p2a: Ninetales|0 fnt
|faint|p2a: Ninetales
|
|-weather|none
|upkeep
|inactive|Battle timer is ON: inactive players will automatically lose when time's up. (requested by yalhabznb)
|
|t:|1758359423
|switch|p2a: Metagross|Metagross, shiny|100/100
|-damage|p2a: Metagross|94/100|[from] Stealth Rock
|turn|6
|
|t:|1758359449
|switch|p1a: Great Tusk|Great Tusk|100/100
|move|p2a: Metagross|Body Press|p1a: Great Tusk
|-damage|p1a: Great Tusk|85/100
|
|-heal|p2a: Metagross|100/100|[from] item: Leftovers
|upkeep
|turn|7
|
|t:|1758359458
|move|p1a: Great Tusk|Earthquake|p2a: Metagross
|-supereffective|p2a: Metagross
|-damage|p2a: Metagross|21/100
|move|p2a: Metagross|Psychic Fangs|p1a: Great Tusk
|-supereffective|p1a: Great Tusk
|-damage|p1a: Great Tusk|26/100
|
|-heal|p2a: Metagross|27/100|[from] item: Leftovers
|upkeep
|turn|8
|
|t:|1758359467
|switch|p2a: Noctowl|Noctowl, M|100/100
|-damage|p2a: Noctowl|75/100|[from] Stealth Rock
|move|p1a: Great Tusk|Earthquake|p2a: Noctowl
|-immune|p2a: Noctowl
|
|-heal|p2a: Noctowl|82/100|[from] item: Leftovers
|upkeep
|turn|9
|
|t:|1758359477
|-end|p1a: Great Tusk|Protosynthesis|[silent]
|switch|p1a: Kingambit|Kingambit, F|100/100
|move|p2a: Noctowl|Reflect|p2a: Noctowl
|-sidestart|p2: ORCAGOD|Reflect
|
|-heal|p2a: Noctowl|88/100|[from] item: Leftovers
|upkeep
|turn|10
|
|t:|1758359485
|move|p2a: Noctowl|Calm Mind|p2a: Noctowl
|-boost|p2a: Noctowl|spa|1
|-boost|p2a: Noctowl|spd|1
|move|p1a: Kingambit|Swords Dance|p1a: Kingambit
|-boost|p1a: Kingambit|atk|2
|
|-heal|p2a: Noctowl|94/100|[from] item: Leftovers
|upkeep
|turn|11
|
|t:|1758359494
|move|p1a: Kingambit|Sucker Punch|p2a: Noctowl
|-damage|p2a: Noctowl|57/100
|move|p2a: Noctowl|Tera Blast|p1a: Kingambit
|-resisted|p1a: Kingambit
|-damage|p1a: Kingambit|83/100
|
|-heal|p2a: Noctowl|63/100|[from] item: Leftovers
|-heal|p1a: Kingambit|89/100|[from] item: Leftovers
|upkeep
|turn|12
|
|t:|1758359502
|move|p2a: Noctowl|Calm Mind|p2a: Noctowl
|-boost|p2a: Noctowl|spa|1
|-boost|p2a: Noctowl|spd|1
|move|p1a: Kingambit|Swords Dance|p1a: Kingambit
|-boost|p1a: Kingambit|atk|2
|
|-heal|p2a: Noctowl|69/100|[from] item: Leftovers
|-heal|p1a: Kingambit|95/100|[from] item: Leftovers
|upkeep
|turn|13
|
|t:|1758359508
|move|p1a: Kingambit|Sucker Punch||[still]
|-fail|p1a: Kingambit
|move|p2a: Noctowl|Roost|p2a: Noctowl
|-heal|p2a: Noctowl|100/100
|-singleturn|p2a: Noctowl|move: Roost
|
|-heal|p1a: Kingambit|100/100|[from] item: Leftovers
|-sideend|p2: ORCAGOD|Reflect
|upkeep
|turn|14
|
|t:|1758359511
|move|p1a: Kingambit|Sucker Punch||[still]
|-fail|p1a: Kingambit
|move|p2a: Noctowl|Calm Mind|p2a: Noctowl
|-boost|p2a: Noctowl|spa|1
|-boost|p2a: Noctowl|spd|1
|
|upkeep
|turn|15
|
|t:|1758359516
|move|p2a: Noctowl|Reflect|p2a: Noctowl
|-sidestart|p2: ORCAGOD|Reflect
|move|p1a: Kingambit|Swords Dance|p1a: Kingambit
|-boost|p1a: Kingambit|atk|2
|
|upkeep
|turn|16
|
|t:|1758359520
|move|p2a: Noctowl|Calm Mind|p2a: Noctowl
|-boost|p2a: Noctowl|spa|1
|-boost|p2a: Noctowl|spd|1
|move|p1a: Kingambit|Iron Head|p2a: Noctowl
|-damage|p2a: Noctowl|22/100
|
|-heal|p2a: Noctowl|28/100|[from] item: Leftovers
|upkeep
|turn|17
|
|t:|1758359526
|move|p2a: Noctowl|Roost|p2a: Noctowl
|-heal|p2a: Noctowl|78/100
|-singleturn|p2a: Noctowl|move: Roost
|move|p1a: Kingambit|Iron Head|p2a: Noctowl
|-damage|p2a: Noctowl|0 fnt
|faint|p2a: Noctowl
|
|upkeep
|
|t:|1758359531
|switch|p2a: Jolteon|Jolteon, F|100/100
|-damage|p2a: Jolteon|88/100|[from] Stealth Rock
|turn|18
|
|t:|1758359538
|move|p2a: Jolteon|Copycat|p2a: Jolteon
|move|p2a: Jolteon|Iron Head|p1a: Kingambit|[from] move: Copycat
|-resisted|p1a: Kingambit
|-damage|p1a: Kingambit|96/100
|move|p1a: Kingambit|Iron Head|p2a: Jolteon
|-resisted|p2a: Jolteon
|-damage|p2a: Jolteon|3/100
|
|-heal|p1a: Kingambit|100/100|[from] item: Leftovers
|upkeep
|turn|19
|
|t:|1758359545
|move|p2a: Jolteon|Copycat|p2a: Jolteon
|move|p2a: Jolteon|Iron Head|p1a: Kingambit|[from] move: Copycat
|-resisted|p1a: Kingambit
|-damage|p1a: Kingambit|97/100
|cant|p1a: Kingambit|flinch
|
|-heal|p1a: Kingambit|100/100|[from] item: Leftovers
|-sideend|p2: ORCAGOD|Reflect
|upkeep
|turn|20
|
|t:|1758359550
|move|p2a: Jolteon|Copycat|p2a: Jolteon
|move|p2a: Jolteon|Iron Head|p1a: Kingambit|[from] move: Copycat
|-resisted|p1a: Kingambit
|-damage|p1a: Kingambit|96/100
|move|p1a: Kingambit|Iron Head|p2a: Jolteon
|-resisted|p2a: Jolteon
|-damage|p2a: Jolteon|0 fnt
|faint|p2a: Jolteon
|
|-heal|p1a: Kingambit|100/100|[from] item: Leftovers
|upkeep
|-message|ORCAGOD forfeited.
|
|win|yalhabznb
|raw|yalhabznb's rating: 1218 &rarr; <strong>1237</strong><br />(+19 for winning)
|raw|ORCAGOD's rating: 1135 &rarr; <strong>1116</strong><br />(-19 for losing)
|l|☆ORCAGOD
|player|p2|
|l|☆yalhabznb
|player|p1|
