|j|☆Team BBIO 38
|j|☆silvercloudv2
|t:|1758343328
|gametype|singles
|player|p1|Team BBIO 38|dragontamer|1344
|player|p2|silvercloudv2|dawn-gen4pt|1344
|gen|9
|tier|[Gen 9] OU
|rated|
|rule|HP Percentage Mod: HP is shown in percentages
|rule|Endless Battle Clause: Forcing endless battles is banned
|rule|Species Clause: Limit one of each Pokémon
|rule|OHKO Clause: OHKO moves are banned
|rule|Evasion Items Clause: Evasion items are banned
|rule|Evasion Moves Clause: Evasion moves are banned
|rule|Evasion Abilities Clause: Evasion abilities are banned
|rule|Sleep Moves Clause: Sleep-inducing moves are banned
|clearpoke
|poke|p1|Dusclops, M|
|poke|p1|Blissey, F|
|poke|p1|Flamigo, M|
|poke|p1|Latias, F|
|poke|p1|Darkrai|
|poke|p1|Latios, M|
|poke|p2|Clefable, M|
|poke|p2|Great Tusk|
|poke|p2|Landorus-Therian, M|
|poke|p2|Rotom-Wash|
|poke|p2|Rillaboom, M|
|poke|p2|Iron Moth|
|teampreview
|inactive|Battle timer is ON: inactive players will automatically lose when time's up. (requested by Team BBIO 38)
|
|t:|1758343352
|teamsize|p1|6
|teamsize|p2|6
|start
|switch|p1a: Darkrai|Darkrai|100/100
|switch|p2a: Iron Moth|Iron Moth|100/100
|-enditem|p2a: Iron Moth|Booster Energy
|-activate|p2a: Iron Moth|ability: Quark Drive|[fromitem]
|-start|p2a: Iron Moth|quarkdrivespe
|turn|1
|
|t:|1758343361
|move|p2a: Iron Moth|Substitute|p2a: Iron Moth
|-start|p2a: Iron Moth|Substitute
|-damage|p2a: Iron Moth|76/100
|move|p1a: Darkrai|Psychic|p2a: Iron Moth
|-supereffective|p2a: Iron Moth
|-end|p2a: Iron Moth|Substitute
|
|upkeep
|turn|2
|
|t:|1758343370
|move|p2a: Iron Moth|Sludge Wave|p1a: Darkrai
|-damage|p1a: Darkrai|35/100
|move|p1a: Darkrai|Psychic|p2a: Iron Moth
|-supereffective|p2a: Iron Moth
|-damage|p2a: Iron Moth|0 fnt
|faint|p2a: Iron Moth
|-end|p2a: Iron Moth|Quark Drive|[silent]
|
|upkeep
|
|t:|1758343377
|switch|p2a: Clefable|Clefable, M|100/100
|turn|3
|
|t:|1758343380
|switch|p1a: Blissey|Blissey, F|100/100
|move|p2a: Clefable|Calm Mind|p2a: Clefable
|-boost|p2a: Clefable|spa|1
|-boost|p2a: Clefable|spd|1
|
|upkeep
|turn|4
|
|t:|1758343393
|move|p2a: Clefable|Calm Mind|p2a: Clefable
|-boost|p2a: Clefable|spa|1
|-boost|p2a: Clefable|spd|1
|move|p1a: Blissey|Thunder Wave|p2a: Clefable
|-status|p2a: Clefable|par
|
|upkeep
|turn|5
|
|t:|1758343402
|switch|p1a: Dusclops|Dusclops, M|100/100
|-item|p2a: Clefable|Leftovers|[from] ability: Frisk|[of] p1a: Dusclops
|move|p2a: Clefable|Calm Mind|p2a: Clefable
|-boost|p2a: Clefable|spa|1
|-boost|p2a: Clefable|spd|1
|
|upkeep
|turn|6
|
|t:|1758343409
|move|p1a: Dusclops|Haze|p1a: Dusclops
|-clearallboost
|move|p2a: Clefable|Moonblast|p1a: Dusclops
|-damage|p1a: Dusclops|79/100
|
|upkeep
|turn|7
|
|t:|1758343422
|switch|p2a: Rillaboom|Rillaboom, M|100/100
|-fieldstart|move: Grassy Terrain|[from] ability: Grassy Surge|[of] p2a: Rillaboom
|move|p1a: Dusclops|Pain Split|p2a: Rillaboom
|-sethp|p2a: Rillaboom|83/100|[from] move: Pain Split|[silent]
|-sethp|p1a: Dusclops|99/100|[from] move: Pain Split
|
|-heal|p2a: Rillaboom|89/100|[from] Grassy Terrain
|-heal|p1a: Dusclops|100/100|[from] Grassy Terrain
|upkeep
|turn|8
|
|t:|1758343432
|move|p2a: Rillaboom|Knock Off|p1a: Dusclops
|-supereffective|p1a: Dusclops
|-damage|p1a: Dusclops|53/100
|-enditem|p1a: Dusclops|Eviolite|[from] move: Knock Off|[of] p2a: Rillaboom
|move|p1a: Dusclops|Will-O-Wisp|p2a: Rillaboom
|-status|p2a: Rillaboom|brn
|
|-heal|p2a: Rillaboom|96/100 brn|[from] Grassy Terrain
|-heal|p1a: Dusclops|59/100|[from] Grassy Terrain
|-damage|p2a: Rillaboom|89/100 brn|[from] brn
|upkeep
|turn|9
|
|t:|1758343442
|move|p2a: Rillaboom|Knock Off|p1a: Dusclops
|-supereffective|p1a: Dusclops
|-damage|p1a: Dusclops|34/100
|move|p1a: Dusclops|Pain Split|p2a: Rillaboom
|-sethp|p2a: Rillaboom|59/100 brn|[from] move: Pain Split|[silent]
|-sethp|p1a: Dusclops|71/100|[from] move: Pain Split
|
|-heal|p2a: Rillaboom|65/100 brn|[from] Grassy Terrain
|-heal|p1a: Dusclops|77/100|[from] Grassy Terrain
|-damage|p2a: Rillaboom|59/100 brn|[from] brn
|upkeep
|turn|10
|
|t:|1758343453
|move|p2a: Rillaboom|Knock Off|p1a: Dusclops
|-supereffective|p1a: Dusclops
|-damage|p1a: Dusclops|50/100
|move|p1a: Dusclops|Night Shade|p2a: Rillaboom
|-damage|p2a: Rillaboom|30/100 brn
|
|-heal|p2a: Rillaboom|36/100 brn|[from] Grassy Terrain
|-heal|p1a: Dusclops|56/100|[from] Grassy Terrain
|-damage|p2a: Rillaboom|30/100 brn|[from] brn
|upkeep
|turn|11
|
|t:|1758343462
|move|p2a: Rillaboom|Knock Off|p1a: Dusclops
|-supereffective|p1a: Dusclops
|-damage|p1a: Dusclops|33/100
|move|p1a: Dusclops|Night Shade|p2a: Rillaboom
|-damage|p2a: Rillaboom|0 fnt
|faint|p2a: Rillaboom
|
|-heal|p1a: Dusclops|39/100|[from] Grassy Terrain
|-fieldend|move: Grassy Terrain
|upkeep
|
|t:|1758343482
|switch|p2a: Landorus|Landorus-Therian, M|100/100
|-ability|p2a: Landorus|Intimidate|boost
|-unboost|p1a: Dusclops|atk|1
|turn|12
|
|t:|1758343490
|move|p2a: Landorus|Stealth Rock|p1a: Dusclops
|-sidestart|p1: Team BBIO 38|move: Stealth Rock
|move|p1a: Dusclops|Pain Split|p2a: Landorus
|-sethp|p2a: Landorus|65/100|[from] move: Pain Split|[silent]
|-sethp|p1a: Dusclops|87/100|[from] move: Pain Split
|
|upkeep
|turn|13
|
|t:|1758343502
|move|p2a: Landorus|Taunt|p1a: Dusclops
|-start|p1a: Dusclops|move: Taunt
|move|p1a: Dusclops|Night Shade|p2a: Landorus
|-damage|p2a: Landorus|38/100
|
|upkeep
|turn|14
|
|t:|1758343509
|move|p2a: Landorus|U-turn|p1a: Dusclops
|-resisted|p1a: Dusclops
|-damage|p1a: Dusclops|79/100
|
|t:|1758343539
|switch|p2a: Rotom|Rotom-Wash|100/100|[from] U-turn
|move|p1a: Dusclops|Night Shade|p2a: Rotom
|-damage|p2a: Rotom|67/100
|
|upkeep
|turn|15
|
|t:|1758343550
|switch|p1a: Latios|Latios, M|100/100
|-damage|p1a: Latios|88/100|[from] Stealth Rock
|move|p2a: Rotom|Hydro Pump|p1a: Latios
|-resisted|p1a: Latios
|-damage|p1a: Latios|67/100
|
|upkeep
|turn|16
|
|t:|1758343560
|move|p1a: Latios|Draco Meteor|p2a: Rotom
|-damage|p2a: Rotom|0 fnt
|-unboost|p1a: Latios|spa|2
|faint|p2a: Rotom
|-damage|p1a: Latios|57/100|[from] item: Life Orb
|
|upkeep
|
|t:|1758343566
|switch|p2a: Clefable|Clefable, M|100/100 par
|turn|17
|
|t:|1758343576
|switch|p1a: Flamigo|Flamigo, M|100/100
|-damage|p1a: Flamigo|88/100|[from] Stealth Rock
|move|p2a: Clefable|Calm Mind|p2a: Clefable
|-boost|p2a: Clefable|spa|1
|-boost|p2a: Clefable|spd|1
|
|upkeep
|turn|18
|
|t:|1758343582
|move|p1a: Flamigo|Brave Bird|p2a: Clefable
|-damage|p2a: Clefable|58/100 par
|-damage|p1a: Flamigo|71/100|[from] Recoil
|move|p2a: Clefable|Moonblast|p1a: Flamigo
|-supereffective|p1a: Flamigo
|-crit|p1a: Flamigo
|-damage|p1a: Flamigo|0 fnt
|faint|p1a: Flamigo
|
|-heal|p2a: Clefable|64/100 par|[from] item: Leftovers
|upkeep
|
|t:|1758343595
|switch|p1a: Blissey|Blissey, F|100/100
|-damage|p1a: Blissey|88/100|[from] Stealth Rock
|turn|19
|
|t:|1758343604
|move|p1a: Blissey|Seismic Toss|p2a: Clefable
|-damage|p2a: Clefable|39/100 par
|move|p2a: Clefable|Moonlight|p2a: Clefable
|-heal|p2a: Clefable|89/100 par
|
|-heal|p1a: Blissey|94/100|[from] item: Leftovers
|-heal|p2a: Clefable|95/100 par|[from] item: Leftovers
|upkeep
|turn|20
|
|t:|1758343620
|switch|p2a: Landorus|Landorus-Therian, M|38/100
|-ability|p2a: Landorus|Intimidate|boost
|-unboost|p1a: Blissey|atk|1
|move|p1a: Blissey|Seismic Toss|p2a: Landorus
|-damage|p2a: Landorus|12/100
|-damage|p1a: Blissey|78/100|[from] item: Rocky Helmet|[of] p2a: Landorus
|
|-heal|p1a: Blissey|84/100|[from] item: Leftovers
|upkeep
|turn|21
|
|t:|1758343635
|move|p2a: Landorus|U-turn|p1a: Blissey
|-damage|p1a: Blissey|65/100
|
|t:|1758343643
|switch|p2a: Great Tusk|Great Tusk|100/100|[from] U-turn
|-enditem|p2a: Great Tusk|Booster Energy
|-activate|p2a: Great Tusk|ability: Protosynthesis|[fromitem]
|-start|p2a: Great Tusk|protosynthesisatk
|move|p1a: Blissey|Seismic Toss|p2a: Great Tusk
|-damage|p2a: Great Tusk|74/100
|
|-heal|p1a: Blissey|71/100|[from] item: Leftovers
|upkeep
|turn|22
|
|t:|1758343655
|switch|p1a: Dusclops|Dusclops, M|79/100
|-damage|p1a: Dusclops|66/100|[from] Stealth Rock
|move|p2a: Great Tusk|Rapid Spin|p1a: Dusclops
|-immune|p1a: Dusclops
|
|upkeep
|turn|23
|
|t:|1758343661
|move|p2a: Great Tusk|Headlong Rush|p1a: Dusclops
|-damage|p1a: Dusclops|6/100
|-unboost|p2a: Great Tusk|def|1
|-unboost|p2a: Great Tusk|spd|1
|move|p1a: Dusclops|Night Shade|p2a: Great Tusk
|-damage|p2a: Great Tusk|47/100
|
|upkeep
|turn|24
|
|t:|1758343668
|move|p2a: Great Tusk|Ice Spinner|p1a: Dusclops
|-damage|p1a: Dusclops|0 fnt
|faint|p1a: Dusclops
|
|upkeep
|
|t:|1758343676
|switch|p1a: Alaric|Latias, F|100/100
|-damage|p1a: Alaric|88/100|[from] Stealth Rock
|turn|25
|
|t:|1758343683
|-end|p2a: Great Tusk|Protosynthesis|[silent]
|switch|p2a: Landorus|Landorus-Therian, M|12/100
|-ability|p2a: Landorus|Intimidate|boost
|-unboost|p1a: Alaric|atk|1
|-terastallize|p1a: Alaric|Steel
|move|p1a: Alaric|Calm Mind|p1a: Alaric
|-boost|p1a: Alaric|spa|1
|-boost|p1a: Alaric|spd|1
|
|upkeep
|turn|26
|
|t:|1758343690
|move|p1a: Alaric|Stored Power|p2a: Landorus
|-damage|p2a: Landorus|0 fnt
|faint|p2a: Landorus
|
|upkeep
|
|t:|1758343693
|switch|p2a: Clefable|Clefable, M|95/100 par
|turn|27
|
|t:|1758343698
|move|p1a: Alaric|Calm Mind|p1a: Alaric
|-boost|p1a: Alaric|spa|1
|-boost|p1a: Alaric|spd|1
|move|p2a: Clefable|Calm Mind|p2a: Clefable
|-boost|p2a: Clefable|spa|1
|-boost|p2a: Clefable|spd|1
|
|-heal|p2a: Clefable|100/100 par|[from] item: Leftovers
|upkeep
|turn|28
|
|t:|1758343705
|move|p1a: Alaric|Calm Mind|p1a: Alaric
|-boost|p1a: Alaric|spa|1
|-boost|p1a: Alaric|spd|1
|move|p2a: Clefable|Calm Mind|p2a: Clefable
|-boost|p2a: Clefable|spa|1
|-boost|p2a: Clefable|spd|1
|
|upkeep
|turn|29
|
|t:|1758343710
|move|p1a: Alaric|Calm Mind|p1a: Alaric
|-boost|p1a: Alaric|spa|1
|-boost|p1a: Alaric|spd|1
|move|p2a: Clefable|Calm Mind|p2a: Clefable
|-boost|p2a: Clefable|spa|1
|-boost|p2a: Clefable|spd|1
|
|upkeep
|turn|30
|
|t:|1758343716
|move|p1a: Alaric|Calm Mind|p1a: Alaric
|-boost|p1a: Alaric|spa|1
|-boost|p1a: Alaric|spd|1
|move|p2a: Clefable|Calm Mind|p2a: Clefable
|-boost|p2a: Clefable|spa|1
|-boost|p2a: Clefable|spd|1
|
|upkeep
|turn|31
|
|t:|1758343721
|move|p1a: Alaric|Calm Mind|p1a: Alaric
|-boost|p1a: Alaric|spa|1
|-boost|p1a: Alaric|spd|1
|cant|p2a: Clefable|par
|
|upkeep
|turn|32
|
|t:|1758343726
|move|p1a: Alaric|Stored Power|p2a: Clefable
|-damage|p2a: Clefable|67/100 par
|move|p2a: Clefable|Calm Mind|p2a: Clefable
|-boost|p2a: Clefable|spa|1
|-boost|p2a: Clefable|spd|1
|
|-heal|p2a: Clefable|73/100 par|[from] item: Leftovers
|upkeep
|turn|33
|
|t:|1758343733
|move|p1a: Alaric|Stored Power|p2a: Clefable
|-damage|p2a: Clefable|39/100 par
|move|p2a: Clefable|Moonlight|p2a: Clefable
|-heal|p2a: Clefable|89/100 par
|
|-heal|p2a: Clefable|95/100 par|[from] item: Leftovers
|upkeep
|turn|34
|
|t:|1758343739
|move|p1a: Alaric|Stored Power|p2a: Clefable
|-damage|p2a: Clefable|65/100 par
|move|p2a: Clefable|Calm Mind|p2a: Clefable
|-boost|p2a: Clefable|spa|1
|-boost|p2a: Clefable|spd|1
|
|-heal|p2a: Clefable|71/100 par|[from] item: Leftovers
|upkeep
|turn|35
|
|t:|1758343746
|move|p1a: Alaric|Stored Power|p2a: Clefable
|-damage|p2a: Clefable|41/100 par
|move|p2a: Clefable|Moonlight|p2a: Clefable
|-heal|p2a: Clefable|91/100 par
|
|-heal|p2a: Clefable|97/100 par|[from] item: Leftovers
|upkeep
|turn|36
|
|t:|1758343758
|move|p1a: Alaric|Stored Power|p2a: Clefable
|-damage|p2a: Clefable|68/100 par
|cant|p2a: Clefable|par
|
|-heal|p2a: Clefable|74/100 par|[from] item: Leftovers
|upkeep
|turn|37
|
|t:|1758343764
|move|p1a: Alaric|Stored Power|p2a: Clefable
|-damage|p2a: Clefable|45/100 par
|move|p2a: Clefable|Moonlight|p2a: Clefable
|-heal|p2a: Clefable|95/100 par
|
|-heal|p2a: Clefable|100/100 par|[from] item: Leftovers
|upkeep
|turn|38
|
|t:|1758343771
|move|p1a: Alaric|Stored Power|p2a: Clefable
|-damage|p2a: Clefable|71/100 par
|move|p2a: Clefable|Flamethrower|p1a: Alaric
|-supereffective|p1a: Alaric
|-damage|p1a: Alaric|0 fnt
|faint|p1a: Alaric
|
|-heal|p2a: Clefable|77/100 par|[from] item: Leftovers
|upkeep
|
|t:|1758343780
|switch|p1a: Blissey|Blissey, F|71/100
|-damage|p1a: Blissey|59/100|[from] Stealth Rock
|turn|39
|
|t:|1758343785
|move|p1a: Blissey|Seismic Toss|p2a: Clefable
|-damage|p2a: Clefable|52/100 par
|move|p2a: Clefable|Moonblast|p1a: Blissey
|-damage|p1a: Blissey|13/100
|
|-heal|p1a: Blissey|19/100|[from] item: Leftovers
|-heal|p2a: Clefable|58/100 par|[from] item: Leftovers
|upkeep
|turn|40
|
|t:|1758343794
|move|p1a: Blissey|Soft-Boiled|p1a: Blissey
|-heal|p1a: Blissey|69/100
|cant|p2a: Clefable|par
|
|-heal|p1a: Blissey|75/100|[from] item: Leftovers
|-heal|p2a: Clefable|64/100 par|[from] item: Leftovers
|upkeep
|turn|41
|
|t:|1758343805
|move|p1a: Blissey|Seismic Toss|p2a: Clefable
|-damage|p2a: Clefable|38/100 par
|cant|p2a: Clefable|par
|
|-heal|p1a: Blissey|81/100|[from] item: Leftovers
|-heal|p2a: Clefable|44/100 par|[from] item: Leftovers
|upkeep
|turn|42
|
|t:|1758343826
|move|p1a: Blissey|Seismic Toss|p2a: Clefable
|-damage|p2a: Clefable|19/100 par
|move|p2a: Clefable|Moonlight|p2a: Clefable
|-heal|p2a: Clefable|69/100 par
|
|-heal|p1a: Blissey|88/100|[from] item: Leftovers
|-heal|p2a: Clefable|75/100 par|[from] item: Leftovers
|upkeep
|turn|43
|
|t:|1758343838
|move|p1a: Blissey|Seismic Toss|p2a: Clefable
|-damage|p2a: Clefable|50/100 par
|move|p2a: Clefable|Moonblast|p1a: Blissey
|-damage|p1a: Blissey|44/100
|-unboost|p1a: Blissey|spa|1
|
|-heal|p1a: Blissey|50/100|[from] item: Leftovers
|-heal|p2a: Clefable|56/100 par|[from] item: Leftovers
|upkeep
|turn|44
|
|t:|1758343852
|switch|p2a: Great Tusk|Great Tusk|47/100
|move|p1a: Blissey|Seismic Toss|p2a: Great Tusk
|-damage|p2a: Great Tusk|20/100
|
|-heal|p1a: Blissey|57/100|[from] item: Leftovers
|upkeep
|turn|45
|
|t:|1758343862
|switch|p1a: Darkrai|Darkrai|35/100
|-damage|p1a: Darkrai|23/100|[from] Stealth Rock
|move|p2a: Great Tusk|Rapid Spin|p1a: Darkrai
|-damage|p1a: Darkrai|0 fnt
|-boost|p2a: Great Tusk|spe|1
|faint|p1a: Darkrai
|
|upkeep
|
|t:|1758343870
|switch|p1a: Latios|Latios, M|57/100
|-damage|p1a: Latios|45/100|[from] Stealth Rock
|turn|46
|
|t:|1758343879
|move|p2a: Great Tusk|Ice Spinner|p1a: Latios
|-supereffective|p1a: Latios
|-damage|p1a: Latios|0 fnt
|faint|p1a: Latios
|
|upkeep
|
|t:|1758343883
|switch|p1a: Blissey|Blissey, F|57/100
|-damage|p1a: Blissey|44/100|[from] Stealth Rock
|turn|47
|
|t:|1758343887
|move|p2a: Great Tusk|Headlong Rush|p1a: Blissey
|-damage|p1a: Blissey|0 fnt
|-unboost|p2a: Great Tusk|def|1
|-unboost|p2a: Great Tusk|spd|1
|faint|p1a: Blissey
|
|win|silvercloudv2
|raw|Team BBIO 38's rating: 1344 &rarr; <strong>1324</strong><br />(-20 for losing)
|raw|silvercloudv2's rating: 1344 &rarr; <strong>1364</strong><br />(+20 for winning)
|l|☆Team BBIO 38
|player|p1|
