|j|☆3lit
|j|‽Attackthegoat
|t:|1758291411
|gametype|singles
|player|p1|3lit|101|1336
|player|p2|Attackthegoat|2|1344
|gen|9
|tier|[Gen 9] OU
|rated|
|rule|HP Percentage Mod: HP is shown in percentages
|rule|Endless Battle Clause: Forcing endless battles is banned
|rule|Species Clause: Limit one of each Pokémon
|rule|OHKO Clause: OHKO moves are banned
|rule|Evasion Items Clause: Evasion items are banned
|rule|Evasion Moves Clause: Evasion moves are banned
|rule|Evasion Abilities Clause: Evasion abilities are banned
|rule|Sleep Moves Clause: Sleep-inducing moves are banned
|clearpoke
|poke|p1|Tinkaton, F|
|poke|p1|Slowking-Galar, F|
|poke|p1|Ogerpon-Wellspring, F|
|poke|p1|Great Tusk|
|poke|p1|Landorus-Therian, M|
|poke|p1|Raging Bolt|
|poke|p2|Quaquaval, M|
|poke|p2|Dragonite, F|
|poke|p2|Talonflame, F|
|poke|p2|Ceruledge, F|
|poke|p2|Galvantula, M|
|poke|p2|Goodra, F|
|teampreview
|inactive|Battle timer is ON: inactive players will automatically lose when time's up. (requested by 3lit)
|
|t:|1758291427
|teamsize|p1|6
|teamsize|p2|6
|start
|switch|p1a: Tinkaton|Tinkaton, F, shiny|100/100
|switch|p2a: Galvantula|Galvantula, M|100/100
|-ability|p1a: Tinkaton|Mold Breaker
|turn|1
|
|t:|1758291445
|move|p2a: Galvantula|Sticky Web|p1a: Tinkaton
|-sidestart|p1: 3lit|move: Sticky Web
|move|p1a: Tinkaton|Gigaton Hammer|p2a: Galvantula
|-resisted|p2a: Galvantula
|-damage|p2a: Galvantula|64/100
|
|upkeep
|turn|2
|
|t:|1758291449
|move|p2a: Galvantula|Thunder|p1a: Tinkaton
|-damage|p1a: Tinkaton|55/100
|move|p1a: Tinkaton|Stealth Rock|p2a: Galvantula
|-sidestart|p2: Attackthegoat|move: Stealth Rock
|
|-heal|p1a: Tinkaton|61/100|[from] item: Leftovers
|upkeep
|turn|3
|
|t:|1758291454
|move|p2a: Galvantula|Thunder|p1a: Tinkaton
|-damage|p1a: Tinkaton|17/100
|-status|p1a: Tinkaton|par
|cant|p1a: Tinkaton|par
|
|-heal|p1a: Tinkaton|23/100 par|[from] item: Leftovers
|upkeep
|turn|4
|
|t:|1758291461
|switch|p1a: Lando|Landorus-Therian, M|100/100
|-ability|p1a: Lando|Intimidate|boost
|-unboost|p2a: Galvantula|atk|1
|move|p2a: Galvantula|Thunder|p1a: Lando
|-immune|p1a: Lando
|
|upkeep
|turn|5
|
|t:|1758291476
|switch|p2a: Goodra|Goodra, F|100/100
|-damage|p2a: Goodra|88/100|[from] Stealth Rock
|move|p1a: Lando|Earthquake|p2a: Goodra
|-damage|p2a: Goodra|20/100
|
|upkeep
|turn|6
|
|t:|1758291486
|move|p1a: Lando|Earthquake|p2a: Goodra
|-crit|p2a: Goodra
|-damage|p2a: Goodra|0 fnt
|faint|p2a: Goodra
|
|upkeep
|
|t:|1758291490
|switch|p2a: Talonflame|Talonflame, F|100/100
|-damage|p2a: Talonflame|50/100|[from] Stealth Rock
|turn|7
|
|t:|1758291495
|move|p2a: Talonflame|Defog|p1a: Lando
|-unboost|p1a: Lando|evasion|1
|-sideend|p1: 3lit|Sticky Web|[from] move: Defog|[of] p2a: Talonflame
|-sideend|p2: Attackthegoat|Stealth Rock|[from] move: Defog|[of] p2a: Talonflame
|move|p1a: Lando|U-turn|p2a: Talonflame
|-resisted|p2a: Talonflame
|-damage|p2a: Talonflame|42/100
|
|t:|1758291502
|switch|p1a: Neck|Raging Bolt|100/100|[from] U-turn
|
|upkeep
|turn|8
|
|t:|1758291507
|move|p2a: Talonflame|Brave Bird|p1a: Neck
|-resisted|p1a: Neck
|-damage|p1a: Neck|75/100
|-damage|p2a: Talonflame|31/100|[from] Recoil
|move|p1a: Neck|Volt Switch|p2a: Talonflame
|-supereffective|p2a: Talonflame
|-damage|p2a: Talonflame|0 fnt
|faint|p2a: Talonflame
|
|t:|1758291510
|-end|p1a: Neck|Protosynthesis|[silent]
|switch|p1a: Tinkaton|Tinkaton, F, shiny|23/100 par|[from] Volt Switch
|-ability|p1a: Tinkaton|Mold Breaker
|
|-heal|p1a: Tinkaton|29/100 par|[from] item: Leftovers
|upkeep
|
|t:|1758291516
|switch|p2a: Galvantula|Galvantula, M|64/100
|turn|9
|
|t:|1758291520
|move|p2a: Galvantula|Thunder|p1a: Tinkaton
|-damage|p1a: Tinkaton|0 fnt
|faint|p1a: Tinkaton
|
|upkeep
|
|t:|1758291525
|switch|p1a: Pon Welly|Ogerpon-Wellspring, F|100/100
|turn|10
|
|t:|1758291534
|move|p1a: Pon Welly|Ivy Cudgel|p2a: Galvantula|[anim] Ivy Cudgel Water
|-damage|p2a: Galvantula|0 fnt
|faint|p2a: Galvantula
|
|upkeep
|
|t:|1758291538
|switch|p2a: Quaquaval|Quaquaval, M|100/100
|turn|11
|
|t:|1758291541
|move|p1a: Pon Welly|Horn Leech|p2a: Quaquaval
|-supereffective|p2a: Quaquaval
|-damage|p2a: Quaquaval|0 fnt
|faint|p2a: Quaquaval
|
|upkeep
|
|t:|1758291545
|switch|p2a: Dragonite|Dragonite, F|100/100
|turn|12
|
|t:|1758291548
|switch|p1a: Lando|Landorus-Therian, M|100/100
|-ability|p1a: Lando|Intimidate|boost
|-unboost|p2a: Dragonite|atk|1
|move|p2a: Dragonite|Dragon Dance|p2a: Dragonite
|-boost|p2a: Dragonite|atk|1
|-boost|p2a: Dragonite|spe|1
|
|upkeep
|turn|13
|
|t:|1758291550
|move|p2a: Dragonite|Dragon Dance|p2a: Dragonite
|-boost|p2a: Dragonite|atk|1
|-boost|p2a: Dragonite|spe|1
|move|p1a: Lando|Taunt|p2a: Dragonite
|-start|p2a: Dragonite|move: Taunt
|
|upkeep
|turn|14
|
|t:|1758291556
|move|p2a: Dragonite|Dragon Claw|p1a: Lando
|-damage|p1a: Lando|34/100
|move|p1a: Lando|U-turn|p2a: Dragonite
|-resisted|p2a: Dragonite
|-damage|p2a: Dragonite|95/100
|
|t:|1758291561
|switch|p1a: Gloking|Slowking-Galar, F, shiny|100/100|[from] U-turn
|
|upkeep
|turn|15
|
|t:|1758291565
|switch|p1a: Lando|Landorus-Therian, M|34/100
|-ability|p1a: Lando|Intimidate|boost
|-unboost|p2a: Dragonite|atk|1
|-terastallize|p2a: Dragonite|Steel
|move|p2a: Dragonite|Dragon Claw|p1a: Lando
|-damage|p1a: Lando|0 fnt
|faint|p1a: Lando
|
|upkeep
|
|t:|1758291569
|switch|p1a: Tusker|Great Tusk|100/100
|turn|16
|
|t:|1758291573
|move|p2a: Dragonite|Dragon Claw|p1a: Tusker
|-damage|p1a: Tusker|70/100
|move|p1a: Tusker|Headlong Rush|p2a: Dragonite
|-supereffective|p2a: Dragonite
|-damage|p2a: Dragonite|0 fnt
|-unboost|p1a: Tusker|def|1
|-unboost|p1a: Tusker|spd|1
|faint|p2a: Dragonite
|
|upkeep
|
|t:|1758291576
|switch|p2a: Ceruledge|Ceruledge, F|100/100
|turn|17
|
|t:|1758291581
|move|p1a: Tusker|Headlong Rush|p2a: Ceruledge
|-supereffective|p2a: Ceruledge
|-damage|p2a: Ceruledge|0 fnt
|-unboost|p1a: Tusker|def|1
|-unboost|p1a: Tusker|spd|1
|faint|p2a: Ceruledge
|
|win|3lit
|raw|3lit's rating: 1336 &rarr; <strong>1356</strong><br />(+20 for winning)
|raw|Attackthegoat's rating: 1344 &rarr; <strong>1324</strong><br />(-20 for losing)
|l|‽Attackthegoat
|player|p2|
|l|☆3lit
|player|p1|
