|j|☆graly_lours
|j|☆the gentry
|t:|1758288778
|gametype|singles
|player|p1|graly_lours|102|1289
|player|p2|the gentry|102|1253
|gen|9
|tier|[Gen 9] OU
|rated|
|rule|HP Percentage Mod: HP is shown in percentages
|rule|Endless Battle Clause: Forcing endless battles is banned
|rule|Species Clause: Limit one of each Pokémon
|rule|OHKO Clause: OHKO moves are banned
|rule|Evasion Items Clause: Evasion items are banned
|rule|Evasion Moves Clause: Evasion moves are banned
|rule|Evasion Abilities Clause: Evasion abilities are banned
|rule|Sleep Moves Clause: Sleep-inducing moves are banned
|clearpoke
|poke|p1|Samurott-Hisui, M|
|poke|p1|Gholdengo|
|poke|p1|Dragonite, M|
|poke|p1|Slowking-Galar, M|
|poke|p1|Landorus-Therian, M|
|poke|p1|Garchomp, M|
|poke|p2|Breloom, F|
|poke|p2|Landorus-Therian, M|
|poke|p2|Corviknight, F|
|poke|p2|Primarina, M|
|poke|p2|Rotom-Heat|
|poke|p2|Walking Wake|
|teampreview
|
|t:|1758288783
|teamsize|p1|6
|teamsize|p2|6
|start
|switch|p1a: Landorus|Landorus-Therian, M|100/100
|switch|p2a: Breloom|Breloom, F|100/100
|-ability|p1a: Landorus|Intimidate|boost
|-unboost|p2a: Breloom|atk|1
|turn|1
|
|t:|1758288790
|switch|p1a: Garchomp|Garchomp, M|100/100
|move|p2a: Breloom|Leech Seed|p1a: Garchomp
|-start|p1a: Garchomp|move: Leech Seed
|
|-damage|p1a: Garchomp|88/100|[from] Leech Seed|[of] p2a: Breloom
|upkeep
|turn|2
|
|t:|1758288797
|switch|p2a: Primarina|Primarina, M|100/100
|move|p1a: Garchomp|Stealth Rock|p2a: Primarina
|-sidestart|p2: the gentry|move: Stealth Rock
|
|-damage|p1a: Garchomp|76/100|[from] Leech Seed|[of] p2a: Primarina
|upkeep
|turn|3
|
|t:|1758288808
|switch|p1a: Slowking|Slowking-Galar, M|100/100
|move|p2a: Primarina|Sparkling Aria|p1a: Slowking
|-damage|p1a: Slowking|71/100
|
|upkeep
|turn|4
|
|t:|1758288815
|switch|p2a: Corviknight|Corviknight, F|100/100
|-damage|p2a: Corviknight|88/100|[from] Stealth Rock
|-ability|p2a: Corviknight|Pressure
|move|p1a: Slowking|Future Sight|p2a: Corviknight
|-start|p1a: Slowking|move: Future Sight
|
|-heal|p2a: Corviknight|94/100|[from] item: Leftovers
|upkeep
|turn|5
|
|t:|1758288825
|switch|p1a: Gholdengo|Gholdengo|100/100
|-item|p1a: Gholdengo|Air Balloon
|move|p2a: Corviknight|Iron Defense|p2a: Corviknight
|-boost|p2a: Corviknight|def|2
|
|-heal|p2a: Corviknight|100/100|[from] item: Leftovers
|upkeep
|turn|6
|
|t:|1758288838
|move|p1a: Gholdengo|Nasty Plot|p1a: Gholdengo
|-boost|p1a: Gholdengo|spa|2
|move|p2a: Corviknight|Body Press|p1a: Gholdengo
|-immune|p1a: Gholdengo
|
|-end|p2a: Corviknight|move: Future Sight
|-resisted|p2a: Corviknight
|-damage|p2a: Corviknight|85/100
|-heal|p2a: Corviknight|91/100|[from] item: Leftovers
|upkeep
|turn|7
|-message|the gentry forfeited.
|
|win|graly_lours
|raw|graly_lours's rating: 1289 &rarr; <strong>1311</strong><br />(+22 for winning)
|raw|the gentry's rating: 1253 &rarr; <strong>1231</strong><br />(-22 for losing)
|l|☆the gentry
|player|p2|
|l|☆graly_lours
|player|p1|
