|j|☆GeeskiGotem
|j|☆uwontwinprobably
|t:|1758263773
|gametype|singles
|player|p1|GeeskiGotem|sage|1423
|player|p2|uwontwinprobably|acetrainer-gen4dp|1514
|gen|9
|tier|[Gen 9] OU
|rated|
|rule|HP Percentage Mod: HP is shown in percentages
|rule|Endless Battle Clause: Forcing endless battles is banned
|rule|Species Clause: Limit one of each Pokémon
|rule|OHKO Clause: OHKO moves are banned
|rule|Evasion Items Clause: Evasion items are banned
|rule|Evasion Moves Clause: Evasion moves are banned
|rule|Evasion Abilities Clause: Evasion abilities are banned
|rule|Sleep Moves Clause: Sleep-inducing moves are banned
|clearpoke
|poke|p1|Kingambit, M|
|poke|p1|Toxapex, F|
|poke|p1|Dragapult, M|
|poke|p1|Iron Treads|
|poke|p1|Glimmora, F|
|poke|p1|Hoopa-Unbound|
|poke|p2|Heatran, M|
|poke|p2|Zamazenta-*|
|poke|p2|Enamorus, F|
|poke|p2|Ursaluna, F|
|poke|p2|Ogerpon-Wellspring, F|
|poke|p2|Kyurem|
|teampreview
|inactive|Battle timer is ON: inactive players will automatically lose when time's up. (requested by GeeskiGotem)
|
|t:|1758263786
|teamsize|p1|6
|teamsize|p2|6
|start
|switch|p1a: Big Glim|Glimmora, F, shiny|100/100
|switch|p2a: Heatran|Heatran, M|100/100
|turn|1
|
|t:|1758263791
|move|p2a: Heatran|Flash Cannon|p1a: Big Glim
|-supereffective|p1a: Big Glim
|-enditem|p1a: Big Glim|Focus Sash
|-damage|p1a: Big Glim|1/100
|move|p1a: Big Glim|Stealth Rock|p2a: Heatran
|-sidestart|p2: uwontwinprobably|move: Stealth Rock
|
|upkeep
|turn|2
|l|☆uwontwinprobably
|inactive|uwontwinprobably disconnected and has a minute to reconnect!
|player|p2|
|inactive|uwontwinprobably has 30 seconds to reconnect!
|inactive|uwontwinprobably has 20 seconds to reconnect!
|inactive|uwontwinprobably has 15 seconds to reconnect!
|j|☆uwontwinprobably
|inactive|uwontwinprobably reconnected and has 100 seconds left.
|player|p2|uwontwinprobably|acetrainer-gen4dp|
|
|t:|1758263850
|switch|p1a: Helping Hands|Hoopa-Unbound|100/100
|move|p2a: Heatran|Flash Cannon|p1a: Helping Hands
|-damage|p1a: Helping Hands|76/100
|
|upkeep
|turn|3
|
|t:|1758263861
|move|p2a: Heatran|Flash Cannon|p1a: Helping Hands
|-damage|p1a: Helping Hands|51/100
|move|p1a: Helping Hands|Future Sight|p2a: Heatran
|-start|p1a: Helping Hands|move: Future Sight
|
|upkeep
|turn|4
|
|t:|1758263865
|move|p2a: Heatran|Flash Cannon|p1a: Helping Hands
|-damage|p1a: Helping Hands|29/100
|move|p1a: Helping Hands|Drain Punch|p2a: Heatran
|-supereffective|p2a: Heatran
|-damage|p2a: Heatran|49/100
|-heal|p1a: Helping Hands|52/100|[from] drain|[of] p2a: Heatran
|
|upkeep
|turn|5
|
|t:|1758263872
|move|p2a: Heatran|Flash Cannon|p1a: Helping Hands
|-crit|p1a: Helping Hands
|-damage|p1a: Helping Hands|15/100
|move|p1a: Helping Hands|Drain Punch|p2a: Heatran
|-supereffective|p2a: Heatran
|-damage|p2a: Heatran|0 fnt
|-heal|p1a: Helping Hands|36/100|[from] drain|[of] p2a: Heatran
|faint|p2a: Heatran
|
|-hint|Future Sight did not hit because the target is fainted.
|upkeep
|inactive|uwontwinprobably has 90 seconds left.
|inactive|uwontwinprobably has 60 seconds left.
|l|☆GeeskiGotem
|inactive|GeeskiGotem disconnected and has a minute to reconnect!
|player|p1|
|
|t:|1758263954
|switch|p2a: Ogerpon|Ogerpon-Wellspring, F|100/100
|-damage|p2a: Ogerpon|88/100|[from] Stealth Rock
|turn|6
|j|☆GeeskiGotem
|inactive|GeeskiGotem reconnected and has 150 seconds left.
|player|p1|GeeskiGotem|sage|
|
|t:|1758263962
|switch|p1a: Big Glim|Glimmora, F, shiny|1/100
|move|p2a: Ogerpon|Ivy Cudgel|p1a: Big Glim|[anim] Ivy Cudgel Water
|-supereffective|p1a: Big Glim
|-damage|p1a: Big Glim|0 fnt
|-activate|p1a: Big Glim|ability: Toxic Debris
|-sidestart|p2: uwontwinprobably|move: Toxic Spikes
|faint|p1a: Big Glim
|
|upkeep
|
|t:|1758263972
|switch|p1a: Kewchi Lips|Toxapex, F|100/100
|turn|7
|
|t:|1758263975
|move|p2a: Ogerpon|Swords Dance|p2a: Ogerpon
|-boost|p2a: Ogerpon|atk|2
|move|p1a: Kewchi Lips|Toxic|p2a: Ogerpon
|-status|p2a: Ogerpon|tox
|
|-damage|p2a: Ogerpon|82/100 tox|[from] psn
|upkeep
|turn|8
|
|t:|1758263978
|move|p2a: Ogerpon|Horn Leech|p1a: Kewchi Lips
|-damage|p1a: Kewchi Lips|46/100
|-heal|p2a: Ogerpon|100/100 tox|[from] drain|[of] p1a: Kewchi Lips
|-damage|p2a: Ogerpon|84/100 tox|[from] item: Rocky Helmet|[of] p1a: Kewchi Lips
|move|p1a: Kewchi Lips|Haze|p1a: Kewchi Lips
|-clearallboost
|
|-damage|p2a: Ogerpon|72/100 tox|[from] psn
|upkeep
|turn|9
|
|t:|1758263985
|move|p2a: Ogerpon|Swords Dance|p2a: Ogerpon
|-boost|p2a: Ogerpon|atk|2
|move|p1a: Kewchi Lips|Recover|p1a: Kewchi Lips
|-heal|p1a: Kewchi Lips|96/100
|
|-damage|p2a: Ogerpon|54/100 tox|[from] psn
|upkeep
|turn|10
|
|t:|1758263989
|move|p2a: Ogerpon|Horn Leech|p1a: Kewchi Lips
|-damage|p1a: Kewchi Lips|46/100
|-heal|p2a: Ogerpon|80/100 tox|[from] drain|[of] p1a: Kewchi Lips
|-damage|p2a: Ogerpon|63/100 tox|[from] item: Rocky Helmet|[of] p1a: Kewchi Lips
|move|p1a: Kewchi Lips|Haze|p1a: Kewchi Lips
|-clearallboost
|
|-damage|p2a: Ogerpon|39/100 tox|[from] psn
|upkeep
|turn|11
|
|t:|1758263996
|move|p2a: Ogerpon|Horn Leech|p1a: Kewchi Lips
|-damage|p1a: Kewchi Lips|21/100
|-heal|p2a: Ogerpon|52/100 tox|[from] drain|[of] p1a: Kewchi Lips
|-damage|p2a: Ogerpon|35/100 tox|[from] item: Rocky Helmet|[of] p1a: Kewchi Lips
|move|p1a: Kewchi Lips|Recover|p1a: Kewchi Lips
|-heal|p1a: Kewchi Lips|71/100
|
|-damage|p2a: Ogerpon|5/100 tox|[from] psn
|upkeep
|turn|12
|
|t:|1758264000
|move|p2a: Ogerpon|Horn Leech|p1a: Kewchi Lips
|-damage|p1a: Kewchi Lips|45/100
|-heal|p2a: Ogerpon|18/100 tox|[from] drain|[of] p1a: Kewchi Lips
|-damage|p2a: Ogerpon|2/100 tox|[from] item: Rocky Helmet|[of] p1a: Kewchi Lips
|move|p1a: Kewchi Lips|Recover|p1a: Kewchi Lips
|-heal|p1a: Kewchi Lips|95/100
|
|-damage|p2a: Ogerpon|0 fnt|[from] psn
|faint|p2a: Ogerpon
|upkeep
|
|t:|1758264007
|switch|p2a: Ursaluna|Ursaluna, F|100/100
|-damage|p2a: Ursaluna|94/100|[from] Stealth Rock
|-status|p2a: Ursaluna|psn
|turn|13
|
|t:|1758264020
|switch|p1a: Helping Hands|Hoopa-Unbound|36/100
|move|p2a: Ursaluna|Swords Dance|p2a: Ursaluna
|-boost|p2a: Ursaluna|atk|2
|
|-damage|p2a: Ursaluna|82/100 psn|[from] psn
|upkeep
|turn|14
|
|t:|1758264031
|-terastallize|p2a: Ursaluna|Dragon
|move|p2a: Ursaluna|Trailblaze|p1a: Helping Hands
|-damage|p1a: Helping Hands|0 fnt
|-boost|p2a: Ursaluna|spe|1
|faint|p1a: Helping Hands
|
|-damage|p2a: Ursaluna|69/100 psn|[from] psn
|upkeep
|
|t:|1758264051
|switch|p1a: LORD DRACO|Dragapult, M|100/100
|turn|15
|
|t:|1758264056
|move|p1a: LORD DRACO|Draco Meteor|p2a: Ursaluna
|-supereffective|p2a: Ursaluna
|-damage|p2a: Ursaluna|0 fnt
|-unboost|p1a: LORD DRACO|spa|2
|faint|p2a: Ursaluna
|
|upkeep
|
|t:|1758264064
|switch|p2a: Kyurem|Kyurem|100/100
|-damage|p2a: Kyurem|75/100|[from] Stealth Rock
|-status|p2a: Kyurem|psn
|-ability|p2a: Kyurem|Pressure
|turn|16
|
|t:|1758264071
|move|p2a: Kyurem|Freeze-Dry|p1a: LORD DRACO
|-supereffective|p1a: LORD DRACO
|-damage|p1a: LORD DRACO|0 fnt
|faint|p1a: LORD DRACO
|
|-damage|p2a: Kyurem|63/100 psn|[from] psn
|upkeep
|
|t:|1758264077
|switch|p1a: Mecha Bug|Iron Treads|100/100
|turn|17
|
|t:|1758264082
|move|p2a: Kyurem|Freeze-Dry|p1a: Mecha Bug
|-damage|p1a: Mecha Bug|40/100
|move|p1a: Mecha Bug|Knock Off|p2a: Kyurem
|-damage|p2a: Kyurem|36/100 psn
|-enditem|p2a: Kyurem|Choice Scarf|[from] move: Knock Off|[of] p1a: Mecha Bug
|
|-damage|p2a: Kyurem|24/100 psn|[from] psn
|upkeep
|turn|18
|
|t:|1758264090
|move|p1a: Mecha Bug|Knock Off|p2a: Kyurem
|-damage|p2a: Kyurem|4/100 psn
|move|p2a: Kyurem|Freeze-Dry|p1a: Mecha Bug
|-damage|p1a: Mecha Bug|0 fnt
|faint|p1a: Mecha Bug
|-end|p1a: Mecha Bug|Quark Drive|[silent]
|
|-damage|p2a: Kyurem|0 fnt|[from] psn
|faint|p2a: Kyurem
|upkeep
|
|t:|1758264097
|switch|p1a: Kewchi Lips|Toxapex, F|100/100
|switch|p2a: Enamorus|Enamorus, F|100/100
|-damage|p2a: Enamorus|76/100|[from] Stealth Rock
|turn|19
|
|t:|1758264101
|move|p2a: Enamorus|Earth Power|p1a: Kewchi Lips
|-supereffective|p1a: Kewchi Lips
|-damage|p1a: Kewchi Lips|39/100
|move|p1a: Kewchi Lips|Toxic|p2a: Enamorus
|-status|p2a: Enamorus|tox
|
|-damage|p2a: Enamorus|69/100 tox|[from] psn
|upkeep
|turn|20
|
|t:|1758264113
|switch|p1a: Goob|Kingambit, M, shiny|100/100
|-activate|p1a: Goob|ability: Supreme Overlord
|-start|p1a: Goob|fallen4|[silent]
|move|p2a: Enamorus|Earth Power|p1a: Goob
|-supereffective|p1a: Goob
|-crit|p1a: Goob
|-damage|p1a: Goob|7/100
|
|-damage|p2a: Enamorus|57/100 tox|[from] psn
|upkeep
|turn|21
|
|t:|1758264130
|move|p1a: Goob|Sucker Punch|p2a: Enamorus
|-resisted|p2a: Enamorus
|-damage|p2a: Enamorus|1/100 tox
|move|p2a: Enamorus|Earth Power|p1a: Goob
|-supereffective|p1a: Goob
|-damage|p1a: Goob|0 fnt
|faint|p1a: Goob
|-end|p1a: Goob|fallen4|[silent]
|
|-damage|p2a: Enamorus|0 fnt|[from] psn
|faint|p2a: Enamorus
|upkeep
|
|t:|1758264135
|switch|p2a: Zamazenta|Zamazenta|100/100
|switch|p1a: Kewchi Lips|Toxapex, F|73/100
|-damage|p2a: Zamazenta|94/100|[from] Stealth Rock
|-status|p2a: Zamazenta|psn
|-ability|p2a: Zamazenta|Dauntless Shield|boost
|-boost|p2a: Zamazenta|def|1
|turn|22
|
|t:|1758264142
|move|p2a: Zamazenta|Wild Charge|p1a: Kewchi Lips
|-supereffective|p1a: Kewchi Lips
|-damage|p1a: Kewchi Lips|21/100
|-damage|p2a: Zamazenta|78/100 psn|[from] item: Rocky Helmet|[of] p1a: Kewchi Lips
|-damage|p2a: Zamazenta|66/100 psn|[from] Recoil
|-damage|p2a: Zamazenta|56/100 psn|[from] item: Life Orb
|move|p1a: Kewchi Lips|Haze|p1a: Kewchi Lips
|-clearallboost
|
|-damage|p2a: Zamazenta|44/100 psn|[from] psn
|upkeep
|turn|23
|
|t:|1758264146
|-terastallize|p1a: Kewchi Lips|Ground
|move|p2a: Zamazenta|Wild Charge|p1a: Kewchi Lips
|-immune|p1a: Kewchi Lips
|move|p1a: Kewchi Lips|Recover|p1a: Kewchi Lips
|-heal|p1a: Kewchi Lips|71/100
|
|-damage|p2a: Zamazenta|31/100 psn|[from] psn
|upkeep
|turn|24
|
|t:|1758264151
|move|p2a: Zamazenta|Close Combat|p1a: Kewchi Lips
|-damage|p1a: Kewchi Lips|25/100
|-unboost|p2a: Zamazenta|def|1
|-unboost|p2a: Zamazenta|spd|1
|-damage|p2a: Zamazenta|15/100 psn|[from] item: Rocky Helmet|[of] p1a: Kewchi Lips
|-damage|p2a: Zamazenta|5/100 psn|[from] item: Life Orb
|move|p1a: Kewchi Lips|Recover|p1a: Kewchi Lips
|-heal|p1a: Kewchi Lips|75/100
|
|-damage|p2a: Zamazenta|0 fnt|[from] psn
|faint|p2a: Zamazenta
|
|win|GeeskiGotem
|raw|GeeskiGotem's rating: 1423 &rarr; <strong>1448</strong><br />(+25 for winning)
|raw|uwontwinprobably's rating: 1514 &rarr; <strong>1489</strong><br />(-25 for losing)
|c|☆uwontwinprobably|gg
|c|☆GeeskiGotem|Gg
