|j|☆JohanPerales
|j|☆Pickleboom
|t:|1758306848
|gametype|singles
|player|p1|JohanPerales|arven-s|1033
|player|p2|Pickleboom|102|1041
|gen|9
|tier|[Gen 9] OU
|rated|
|rule|HP Percentage Mod: HP is shown in percentages
|rule|Endless Battle Clause: Forcing endless battles is banned
|rule|Species Clause: Limit one of each Pokémon
|rule|OHKO Clause: OHKO moves are banned
|rule|Evasion Items Clause: Evasion items are banned
|rule|Evasion Moves Clause: Evasion moves are banned
|rule|Evasion Abilities Clause: Evasion abilities are banned
|rule|Sleep Moves Clause: Sleep-inducing moves are banned
|clearpoke
|poke|p1|Toxtricity-Low-Key, M|
|poke|p1|Serperior, F|
|poke|p1|Gallade, M|
|poke|p1|Gyarados, M|
|poke|p1|Pawmot, F|
|poke|p1|Quaquaval, F|
|poke|p2|Dragapult, F|
|poke|p2|Gholdengo|
|poke|p2|Hatterene, F|
|poke|p2|Araquanid, F|
|poke|p2|Raging Bolt|
|poke|p2|Cinderace, F|
|teampreview
|c|☆JohanPerales|glhf
|
|t:|1758306867
|teamsize|p1|6
|teamsize|p2|6
|start
|switch|p1a: Bitchless|Toxtricity-Low-Key, M|100/100
|switch|p2a: Araquanid|Araquanid, F|100/100
|turn|1
|
|t:|1758306879
|move|p1a: Bitchless|Toxic Spikes|p2a: Araquanid
|-sidestart|p2: Pickleboom|move: Toxic Spikes
|move|p2a: Araquanid|Sticky Web|p1a: Bitchless
|-sidestart|p1: JohanPerales|move: Sticky Web
|
|upkeep
|turn|2
|
|t:|1758306905
|move|p1a: Bitchless|Overdrive|p2a: Araquanid
|-supereffective|p2a: Araquanid
|-damage|p2a: Araquanid|24/100
|-enditem|p1a: Bitchless|Throat Spray
|-boost|p1a: Bitchless|spa|1|[from] item: Throat Spray
|move|p2a: Araquanid|Liquidation|p1a: Bitchless
|-damage|p1a: Bitchless|48/100
|
|upkeep
|turn|3
|
|t:|1758306922
|move|p1a: Bitchless|Overdrive|p2a: Araquanid
|-supereffective|p2a: Araquanid
|-damage|p2a: Araquanid|0 fnt
|faint|p2a: Araquanid
|
|upkeep
|
|t:|1758306942
|switch|p2a: Bean|Dragapult, F|100/100
|-status|p2a: Bean|psn
|turn|4
|
|t:|1758306955
|move|p2a: Bean|Dragon Darts|p1a: Bitchless
|-damage|p1a: Bitchless|0 fnt
|faint|p1a: Bitchless
|
|-damage|p2a: Bean|88/100 psn|[from] psn
|upkeep
|c|☆Pickleboom|gl man! Sorry missed the msg
|
|t:|1758306980
|switch|p1a: Evilfuckyouguy|Gyarados, M, shiny|100/100
|turn|5
|c|☆JohanPerales|all good all good
|
|t:|1758306992
|move|p2a: Bean|Dragon Darts|p1a: Evilfuckyouguy
|-damage|p1a: Evilfuckyouguy|55/100
|-anim|p2a: Bean|Dragon Darts|p1a: Evilfuckyouguy
|-damage|p1a: Evilfuckyouguy|12/100
|move|p1a: Evilfuckyouguy|Ice Fang|p2a: Bean
|-supereffective|p2a: Bean
|-damage|p2a: Bean|18/100 psn
|-heal|p1a: Evilfuckyouguy|20/100|[from] item: Shell Bell|[of] p2a: Bean
|
|-damage|p2a: Bean|6/100 psn|[from] psn
|upkeep
|turn|6
|
|t:|1758307004
|move|p2a: Bean|Dragon Darts|p1a: Evilfuckyouguy
|-damage|p1a: Evilfuckyouguy|0 fnt
|faint|p1a: Evilfuckyouguy
|
|-damage|p2a: Bean|0 fnt|[from] psn
|faint|p2a: Bean
|upkeep
|n|!Pickleboom|pickleboom
|
|t:|1758307037
|switch|p2a: Potato|Raging Bolt|100/100
|switch|p1a: Jobless|Serperior, F, shiny|100/100
|-activate|p1a: Jobless|move: Sticky Web
|-boost|p1a: Jobless|spe|1
|-status|p2a: Potato|psn
|-enditem|p2a: Potato|Booster Energy
|-activate|p2a: Potato|ability: Protosynthesis|[fromitem]
|-start|p2a: Potato|protosynthesisspa
|turn|7
|
|t:|1758307056
|-end|p2a: Potato|Protosynthesis|[silent]
|switch|p2a: Mince|Cinderace, F|100/100
|move|p1a: Jobless|Leech Seed|p2a: Mince
|-start|p2a: Mince|move: Leech Seed
|
|-damage|p2a: Mince|88/100|[from] Leech Seed|[of] p1a: Jobless
|upkeep
|turn|8
|
|t:|1758307072
|move|p1a: Jobless|Leaf Storm|p2a: Mince
|-resisted|p2a: Mince
|-damage|p2a: Mince|64/100
|-boost|p1a: Jobless|spa|2
|move|p2a: Mince|Swords Dance|p2a: Mince
|-start|p2a: Mince|typechange|Normal|[from] ability: Libero
|-boost|p2a: Mince|atk|2
|
|-damage|p2a: Mince|52/100|[from] Leech Seed|[of] p1a: Jobless
|upkeep
|turn|9
|
|t:|1758307085
|move|p1a: Jobless|Leaf Storm|p2a: Mince
|-damage|p2a: Mince|0 fnt
|-boost|p1a: Jobless|spa|2
|faint|p2a: Mince
|
|upkeep
|
|t:|1758307100
|switch|p2a: Celery|Hatterene, F|100/100
|-status|p2a: Celery|psn
|turn|10
|
|t:|1758307113
|move|p1a: Jobless|Gastro Acid|p2a: Celery
|move|p2a: Celery|Gastro Acid|p1a: Jobless|[from] ability: Magic Bounce
|-endability|p1a: Jobless
|move|p2a: Celery|Dazzling Gleam|p1a: Jobless
|-damage|p1a: Jobless|54/100
|
|-damage|p2a: Celery|88/100 psn|[from] psn
|upkeep
|turn|11
|
|t:|1758307136
|move|p1a: Jobless|Leaf Storm|p2a: Celery|[miss]
|-miss|p1a: Jobless|p2a: Celery
|move|p2a: Celery|Dazzling Gleam|p1a: Jobless
|-damage|p1a: Jobless|8/100
|
|-heal|p2a: Celery|94/100 psn|[from] item: Leftovers
|-damage|p2a: Celery|82/100 psn|[from] psn
|upkeep
|turn|12
|
|t:|1758307146
|move|p1a: Jobless|Leaf Storm|p2a: Celery
|-damage|p2a: Celery|0 fnt
|-unboost|p1a: Jobless|spa|2
|faint|p2a: Celery
|
|upkeep
|
|t:|1758307152
|switch|p2a: Crockpot|Gholdengo|100/100
|turn|13
|
|t:|1758307164
|move|p1a: Jobless|Gastro Acid|p2a: Crockpot
|-immune|p2a: Crockpot|[from] ability: Good as Gold
|move|p2a: Crockpot|Dazzling Gleam|p1a: Jobless
|-damage|p1a: Jobless|0 fnt
|faint|p1a: Jobless
|
|upkeep
|
|t:|1758307189
|switch|p1a: Evilknifeguy|Gallade, M, shiny|100/100
|-activate|p1a: Evilknifeguy|move: Sticky Web
|-unboost|p1a: Evilknifeguy|spe|1
|turn|14
|
|t:|1758307197
|move|p2a: Crockpot|Nasty Plot|p2a: Crockpot
|-boost|p2a: Crockpot|spa|2
|move|p1a: Evilknifeguy|X-Scissor|p2a: Crockpot
|-resisted|p2a: Crockpot
|-damage|p2a: Crockpot|89/100
|-damage|p1a: Evilknifeguy|84/100|[from] item: Rocky Helmet|[of] p2a: Crockpot
|
|upkeep
|turn|15
|
|t:|1758307207
|move|p2a: Crockpot|Dazzling Gleam|p1a: Evilknifeguy
|-supereffective|p1a: Evilknifeguy
|-crit|p1a: Evilknifeguy
|-damage|p1a: Evilknifeguy|0 fnt
|faint|p1a: Evilknifeguy
|
|upkeep
|
|t:|1758307213
|switch|p1a: The Creature|Pawmot, F|100/100
|-activate|p1a: The Creature|move: Sticky Web
|-unboost|p1a: The Creature|spe|1
|turn|16
|
|t:|1758307218
|move|p2a: Crockpot|Dazzling Gleam|p1a: The Creature
|-supereffective|p1a: The Creature
|-damage|p1a: The Creature|0 fnt
|faint|p1a: The Creature
|
|upkeep
|
|t:|1758307221
|switch|p1a: Funkyburger|Quaquaval, F, shiny|100/100
|-activate|p1a: Funkyburger|move: Sticky Web
|-unboost|p1a: Funkyburger|spe|1
|turn|17
|
|t:|1758307227
|move|p2a: Crockpot|Dazzling Gleam|p1a: Funkyburger
|-supereffective|p1a: Funkyburger
|-enditem|p1a: Funkyburger|Focus Sash
|-damage|p1a: Funkyburger|1/100
|move|p1a: Funkyburger|Aqua Step|p2a: Crockpot
|-damage|p2a: Crockpot|48/100
|-boost|p1a: Funkyburger|spe|1
|-damage|p1a: Funkyburger|0 fnt|[from] item: Rocky Helmet|[of] p2a: Crockpot
|faint|p1a: Funkyburger
|
|win|Pickleboom
