|j|☆Shoko_Akoo
|j|☆pichudisociado
|t:|1758294107
|gametype|singles
|player|p1|Shoko_Akoo|benga|1152
|player|p2|pichudisociado|bugsy|1213
|gen|9
|tier|[Gen 9] OU
|rated|
|rule|HP Percentage Mod: HP is shown in percentages
|rule|Endless Battle Clause: Forcing endless battles is banned
|rule|Species Clause: Limit one of each Pokémon
|rule|OHKO Clause: OHKO moves are banned
|rule|Evasion Items Clause: Evasion items are banned
|rule|Evasion Moves Clause: Evasion moves are banned
|rule|Evasion Abilities Clause: Evasion abilities are banned
|rule|Sleep Moves Clause: Sleep-inducing moves are banned
|clearpoke
|poke|p1|Garchomp, M|
|poke|p1|Ceruledge, F|
|poke|p1|Meowscarada, M|
|poke|p1|Conkeldurr, F|
|poke|p1|Toxtricity-Low-Key, M|
|poke|p1|Regidrago|
|poke|p2|Ogerpon-Wellspring, F|
|poke|p2|Moltres|
|poke|p2|Great Tusk|
|poke|p2|Gholdengo|
|poke|p2|Glimmora, F|
|poke|p2|Raging Bolt|
|teampreview
|
|t:|1758294127
|teamsize|p1|6
|teamsize|p2|6
|start
|switch|p1a: Toxtricity|Toxtricity-Low-Key, M|100/100
|switch|p2a: Glimmora|Glimmora, F|100/100
|turn|1
|
|t:|1758294140
|move|p2a: Glimmora|Stealth Rock|p1a: Toxtricity
|-sidestart|p1: Shoko_Akoo|move: Stealth Rock
|move|p1a: Toxtricity|Volt Switch|p2a: Glimmora
|-crit|p2a: Glimmora
|-enditem|p2a: Glimmora|Focus Sash
|-damage|p2a: Glimmora|1/100
|
|t:|1758294148
|switch|p1a: Edge|Ceruledge, F, shiny|100/100|[from] Volt Switch
|-damage|p1a: Edge|76/100|[from] Stealth Rock
|
|upkeep
|turn|2
|
|t:|1758294157
|move|p1a: Edge|Shadow Sneak|p2a: Glimmora
|-damage|p2a: Glimmora|0 fnt
|-activate|p2a: Glimmora|ability: Toxic Debris
|-sidestart|p1: Shoko_Akoo|move: Toxic Spikes
|faint|p2a: Glimmora
|
|upkeep
|
|t:|1758294176
|switch|p2a: Ogerpon|Ogerpon-Wellspring, F|100/100
|turn|3
|
|t:|1758294188
|switch|p1a: Conkeldurr|Conkeldurr, F|100/100
|-damage|p1a: Conkeldurr|94/100|[from] Stealth Rock
|-status|p1a: Conkeldurr|psn
|move|p2a: Ogerpon|Ivy Cudgel|p1a: Conkeldurr|[anim] Ivy Cudgel Water
|-damage|p1a: Conkeldurr|47/100 psn
|
|-damage|p1a: Conkeldurr|35/100 psn|[from] psn
|upkeep
|turn|4
|
|t:|1758294201
|move|p1a: Conkeldurr|Mach Punch|p2a: Ogerpon
|-damage|p2a: Ogerpon|50/100
|-damage|p1a: Conkeldurr|25/100 psn|[from] item: Life Orb
|move|p2a: Ogerpon|Power Whip|p1a: Conkeldurr
|-damage|p1a: Conkeldurr|0 fnt
|faint|p1a: Conkeldurr
|
|upkeep
|
|t:|1758294205
|switch|p1a: Meowscarada|Meowscarada, M, shiny|100/100
|-damage|p1a: Meowscarada|88/100|[from] Stealth Rock
|-status|p1a: Meowscarada|psn
|turn|5
|
|t:|1758294214
|move|p1a: Meowscarada|Sucker Punch|p2a: Ogerpon
|-start|p1a: Meowscarada|typechange|Dark|[from] ability: Protean
|-damage|p2a: Ogerpon|9/100
|move|p2a: Ogerpon|U-turn|p1a: Meowscarada
|-supereffective|p1a: Meowscarada
|-damage|p1a: Meowscarada|2/100 psn
|
|t:|1758294228
|switch|p2a: Raging Bolt|Raging Bolt|100/100|[from] U-turn
|
|-heal|p1a: Meowscarada|8/100 psn|[from] item: Leftovers
|-damage|p1a: Meowscarada|0 fnt|[from] psn
|faint|p1a: Meowscarada
|upkeep
|
|t:|1758294237
|switch|p1a: Regidrago|Regidrago|100/100
|-damage|p1a: Regidrago|88/100|[from] Stealth Rock
|-status|p1a: Regidrago|psn
|turn|6
|
|t:|1758294244
|-terastallize|p2a: Raging Bolt|Fairy
|move|p1a: Regidrago|Dragon Dance|p1a: Regidrago
|-boost|p1a: Regidrago|atk|1
|-boost|p1a: Regidrago|spe|1
|move|p2a: Raging Bolt|Draco Meteor|p1a: Regidrago
|-supereffective|p1a: Regidrago
|-damage|p1a: Regidrago|0 fnt
|-unboost|p2a: Raging Bolt|spa|2
|faint|p1a: Regidrago
|
|upkeep
|
|t:|1758294254
|switch|p1a: Toxtricity|Toxtricity-Low-Key, M|100/100
|-damage|p1a: Toxtricity|88/100|[from] Stealth Rock
|-sideend|p1: Shoko_Akoo|move: Toxic Spikes|[of] p1a: Toxtricity
|turn|7
|
|t:|1758294260
|-end|p2a: Raging Bolt|Protosynthesis|[silent]
|switch|p2a: Gholdengo|Gholdengo|100/100
|-item|p2a: Gholdengo|Air Balloon
|move|p1a: Toxtricity|Sludge Bomb|p2a: Gholdengo
|-immune|p2a: Gholdengo
|
|upkeep
|turn|8
|
|t:|1758294269
|switch|p1a: Garchomp|Garchomp, M|100/100
|-damage|p1a: Garchomp|94/100|[from] Stealth Rock
|move|p2a: Gholdengo|Nasty Plot|p2a: Gholdengo
|-boost|p2a: Gholdengo|spa|2
|
|upkeep
|turn|9
|
|t:|1758294277
|-terastallize|p1a: Garchomp|Steel
|move|p2a: Gholdengo|Shadow Ball|p1a: Garchomp
|-damage|p1a: Garchomp|0 fnt
|faint|p1a: Garchomp
|
|upkeep
|-message|Shoko_Akoo forfeited.
|
|win|pichudisociado
|raw|Shoko_Akoo's rating: 1152 &rarr; <strong>1131</strong><br />(-21 for losing)
|raw|pichudisociado's rating: 1213 &rarr; <strong>1234</strong><br />(+21 for winning)
|l|☆Shoko_Akoo
|player|p1|
|l|☆pichudisociado
|player|p2|
