|j|☆LovingsFavPupil
|j|☆Swimmer Wilson
|t:|1758285908
|gametype|singles
|player|p1|LovingsFavPupil|102|1210
|player|p2|Swimmer Wilson|swimmer-gen4dp|1182
|gen|9
|tier|[Gen 9] OU
|rated|
|rule|HP Percentage Mod: HP is shown in percentages
|rule|Endless Battle Clause: Forcing endless battles is banned
|rule|Species Clause: Limit one of each Pokémon
|rule|OHKO Clause: OHKO moves are banned
|rule|Evasion Items Clause: Evasion items are banned
|rule|Evasion Moves Clause: Evasion moves are banned
|rule|Evasion Abilities Clause: Evasion abilities are banned
|rule|Sleep Moves Clause: Sleep-inducing moves are banned
|clearpoke
|poke|p1|Alomomola, M|
|poke|p1|Hoopa-Unbound|
|poke|p1|Cinderace, F|
|poke|p1|Dragapult, F|
|poke|p1|Great Tusk|
|poke|p1|Iron Valiant|
|poke|p2|Pelipper, F|
|poke|p2|Ogerpon-Wellspring, F|
|poke|p2|Kingdra, M|
|poke|p2|Barraskewda, F|
|poke|p2|Iron Treads|
|poke|p2|Toxicroak, F|
|teampreview
|inactive|Battle timer is ON: inactive players will automatically lose when time's up. (requested by LovingsFavPupil)
|
|t:|1758285918
|teamsize|p1|6
|teamsize|p2|6
|start
|switch|p1a: Hoopa|Hoopa-Unbound|100/100
|switch|p2a: Iron Treads|Iron Treads|100/100
|turn|1
|
|t:|1758285941
|move|p2a: Iron Treads|Earthquake|p1a: Hoopa
|-damage|p1a: Hoopa|62/100
|move|p1a: Hoopa|Drain Punch|p2a: Iron Treads
|-supereffective|p2a: Iron Treads
|-damage|p2a: Iron Treads|59/100
|-heal|p1a: Hoopa|83/100|[from] drain|[of] p2a: Iron Treads
|
|-heal|p2a: Iron Treads|65/100|[from] item: Leftovers
|upkeep
|turn|2
|
|t:|1758285953
|-end|p2a: Iron Treads|Quark Drive|[silent]
|switch|p2a: Pelipper|Pelipper, F|100/100
|-weather|RainDance|[from] ability: Drizzle|[of] p2a: Pelipper
|move|p1a: Hoopa|Drain Punch|p2a: Pelipper
|-resisted|p2a: Pelipper
|-damage|p2a: Pelipper|91/100
|-heal|p1a: Hoopa|88/100|[from] drain|[of] p2a: Pelipper
|
|-weather|RainDance|[upkeep]
|upkeep
|turn|3
|
|t:|1758285964
|move|p1a: Hoopa|Knock Off|p2a: Pelipper
|-damage|p2a: Pelipper|51/100
|-enditem|p2a: Pelipper|Damp Rock|[from] move: Knock Off|[of] p1a: Hoopa
|move|p2a: Pelipper|U-turn|p1a: Hoopa
|-supereffective|p1a: Hoopa
|-damage|p1a: Hoopa|46/100
|
|t:|1758285971
|switch|p2a: Kingdra|Kingdra, M|100/100|[from] U-turn
|
|-weather|RainDance|[upkeep]
|upkeep
|turn|4
|
|t:|1758285987
|-terastallize|p1a: Hoopa|Psychic
|move|p2a: Kingdra|Flip Turn|p1a: Hoopa
|-damage|p1a: Hoopa|18/100
|
|t:|1758285992
|switch|p2a: Iron Treads|Iron Treads|65/100|[from] Flip Turn
|move|p1a: Hoopa|Psychic Noise|p2a: Iron Treads
|-resisted|p2a: Iron Treads
|-damage|p2a: Iron Treads|38/100
|-start|p2a: Iron Treads|move: Heal Block
|
|-weather|RainDance|[upkeep]
|upkeep
|turn|5
|
|t:|1758286007
|switch|p1a: Alomomola|Alomomola, M|100/100
|move|p2a: Iron Treads|Earthquake|p1a: Alomomola
|-damage|p1a: Alomomola|79/100
|
|-weather|RainDance|[upkeep]
|-end|p2a: Iron Treads|move: Heal Block
|upkeep
|turn|6
|
|t:|1758286016
|-end|p2a: Iron Treads|Quark Drive|[silent]
|switch|p2a: Ogerpon|Ogerpon-Wellspring, F|100/100
|move|p1a: Alomomola|Wish|p1a: Alomomola
|
|-weather|RainDance|[upkeep]
|upkeep
|turn|7
|
|t:|1758286037
|move|p2a: Ogerpon|Knock Off|p1a: Alomomola
|-damage|p1a: Alomomola|58/100
|-damage|p2a: Ogerpon|84/100|[from] item: Rocky Helmet|[of] p1a: Alomomola
|-enditem|p1a: Alomomola|Rocky Helmet|[from] move: Knock Off|[of] p2a: Ogerpon
|move|p1a: Alomomola|Tickle|p2a: Ogerpon
|-unboost|p2a: Ogerpon|atk|1
|-unboost|p2a: Ogerpon|def|1
|
|-weather|RainDance|[upkeep]
|-heal|p1a: Alomomola|100/100|[from] move: Wish|[wisher] Alomomola
|upkeep
|turn|8
|
|t:|1758286050
|move|p2a: Ogerpon|U-turn|p1a: Alomomola
|-damage|p1a: Alomomola|90/100
|
|t:|1758286053
|switch|p2a: Kingdra|Kingdra, M|100/100|[from] U-turn
|move|p1a: Alomomola|Tickle|p2a: Kingdra
|-unboost|p2a: Kingdra|atk|1
|-unboost|p2a: Kingdra|def|1
|
|-weather|RainDance|[upkeep]
|upkeep
|turn|9
|
|t:|1758286064
|move|p2a: Kingdra|Surf|p1a: Alomomola
|-resisted|p1a: Alomomola
|-damage|p1a: Alomomola|38/100
|move|p1a: Alomomola|Wish|p1a: Alomomola
|
|-weather|none
|upkeep
|turn|10
|
|t:|1758286073
|switch|p2a: Pelipper|Pelipper, F|51/100
|-weather|RainDance|[from] ability: Drizzle|[of] p2a: Pelipper
|move|p1a: Alomomola|Flip Turn|p2a: Pelipper
|-resisted|p2a: Pelipper
|-damage|p2a: Pelipper|41/100
|
|t:|1758286081
|switch|p1a: Hoopa|Hoopa-Unbound, tera:Psychic|18/100|[from] Flip Turn
|
|-weather|RainDance|[upkeep]
|-heal|p1a: Hoopa|91/100|[from] move: Wish|[wisher] Alomomola
|upkeep
|turn|11
|
|t:|1758286103
|switch|p2a: Ogerpon|Ogerpon-Wellspring, F|84/100
|move|p1a: Hoopa|Psychic Noise|p2a: Ogerpon
|-damage|p2a: Ogerpon|13/100
|-start|p2a: Ogerpon|move: Heal Block
|
|-weather|RainDance|[upkeep]
|upkeep
|turn|12
|
|t:|1758286114
|move|p2a: Ogerpon|U-turn|p1a: Hoopa
|-supereffective|p1a: Hoopa
|-damage|p1a: Hoopa|26/100
|
|t:|1758286124
|switch|p2a: Iron Treads|Iron Treads|38/100|[from] U-turn
|move|p1a: Hoopa|Knock Off|p2a: Iron Treads
|-damage|p2a: Iron Treads|2/100
|-enditem|p2a: Iron Treads|Leftovers|[from] move: Knock Off|[of] p1a: Hoopa
|
|-weather|RainDance|[upkeep]
|upkeep
|turn|13
|
|t:|1758286134
|switch|p1a: Alomomola|Alomomola, M|71/100
|move|p2a: Iron Treads|Stealth Rock|p1a: Alomomola
|-sidestart|p1: LovingsFavPupil|move: Stealth Rock
|
|-weather|RainDance|[upkeep]
|upkeep
|turn|14
|
|t:|1758286142
|-end|p2a: Iron Treads|Quark Drive|[silent]
|switch|p2a: Kingdra|Kingdra, M|100/100
|move|p1a: Alomomola|Wish|p1a: Alomomola
|
|-weather|none
|upkeep
|turn|15
|
|t:|1758286150
|move|p2a: Kingdra|Flip Turn|p1a: Alomomola
|-resisted|p1a: Alomomola
|-damage|p1a: Alomomola|67/100
|
|t:|1758286154
|switch|p2a: Pelipper|Pelipper, F|41/100|[from] Flip Turn
|-weather|RainDance|[from] ability: Drizzle|[of] p2a: Pelipper
|move|p1a: Alomomola|Tickle|p2a: Pelipper
|-unboost|p2a: Pelipper|atk|1
|-unboost|p2a: Pelipper|def|1
|
|-weather|RainDance|[upkeep]
|-heal|p1a: Alomomola|100/100|[from] move: Wish|[wisher] Alomomola
|upkeep
|turn|16
|inactive|LovingsFavPupil has 120 seconds left.
|
|t:|1758286185
|move|p1a: Alomomola|Wish|p1a: Alomomola
|move|p2a: Pelipper|U-turn|p1a: Alomomola
|-damage|p1a: Alomomola|97/100
|
|t:|1758286189
|switch|p2a: Kingdra|Kingdra, M|100/100|[from] U-turn
|
|-weather|RainDance|[upkeep]
|upkeep
|turn|17
|
|t:|1758286196
|move|p2a: Kingdra|Surf|p1a: Alomomola
|-resisted|p1a: Alomomola
|-damage|p1a: Alomomola|43/100
|move|p1a: Alomomola|Flip Turn|p2a: Kingdra
|-resisted|p2a: Kingdra
|-damage|p2a: Kingdra|93/100
|
|t:|1758286210
|switch|p1a: Hoopa|Hoopa-Unbound, tera:Psychic|26/100|[from] Flip Turn
|-damage|p1a: Hoopa|14/100|[from] Stealth Rock
|
|-weather|RainDance|[upkeep]
|-heal|p1a: Hoopa|87/100|[from] move: Wish|[wisher] Alomomola
|upkeep
|turn|18
|inactive|LovingsFavPupil has 120 seconds left.
|
|t:|1758286227
|-terastallize|p2a: Kingdra|Water
|move|p2a: Kingdra|Surf|p1a: Hoopa
|-damage|p1a: Hoopa|28/100
|move|p1a: Hoopa|Psychic Noise|p2a: Kingdra
|-damage|p2a: Kingdra|19/100
|-start|p2a: Kingdra|move: Heal Block
|
|-weather|RainDance|[upkeep]
|upkeep
|turn|19
|inactive|LovingsFavPupil has 120 seconds left.
|
|t:|1758286248
|move|p2a: Kingdra|Surf|p1a: Hoopa
|-damage|p1a: Hoopa|0 fnt
|faint|p1a: Hoopa
|
|-weather|none
|-end|p2a: Kingdra|move: Heal Block
|upkeep
|
|t:|1758286257
|switch|p1a: Great Tusk|Great Tusk|100/100
|turn|20
|
|t:|1758286263
|switch|p2a: Pelipper|Pelipper, F|41/100
|-weather|RainDance|[from] ability: Drizzle|[of] p2a: Pelipper
|move|p1a: Great Tusk|Headlong Rush|p2a: Pelipper
|-immune|p2a: Pelipper
|
|-weather|RainDance|[upkeep]
|upkeep
|turn|21
|inactive|LovingsFavPupil has 120 seconds left.
|
|t:|1758286276
|switch|p2a: Iron Treads|Iron Treads|2/100
|move|p1a: Great Tusk|Stealth Rock|p2a: Iron Treads
|-sidestart|p2: Swimmer Wilson|move: Stealth Rock
|
|-weather|RainDance|[upkeep]
|upkeep
|turn|22
|inactive|LovingsFavPupil has 120 seconds left.
|
|t:|1758286288
|move|p1a: Great Tusk|Rapid Spin|p2a: Iron Treads
|-resisted|p2a: Iron Treads
|-damage|p2a: Iron Treads|0 fnt
|-boost|p1a: Great Tusk|spe|1
|-sideend|p1: LovingsFavPupil|Stealth Rock|[from] move: Rapid Spin|[of] p1a: Great Tusk
|faint|p2a: Iron Treads
|-end|p2a: Iron Treads|Quark Drive|[silent]
|
|-weather|RainDance|[upkeep]
|upkeep
|
|t:|1758286296
|switch|p2a: Kingdra|Kingdra, M, tera:Water|19/100
|-damage|p2a: Kingdra|7/100|[from] Stealth Rock
|turn|23
|inactive|LovingsFavPupil has 120 seconds left.
|
|t:|1758286307
|move|p2a: Kingdra|Surf|p1a: Great Tusk
|-supereffective|p1a: Great Tusk
|-damage|p1a: Great Tusk|0 fnt
|faint|p1a: Great Tusk
|-end|p1a: Great Tusk|Protosynthesis|[silent]
|
|-weather|RainDance|[upkeep]
|upkeep
|inactive|LovingsFavPupil has 120 seconds left.
|
|t:|1758286315
|switch|p1a: Cinderace|Cinderace, F|100/100
|turn|24
|
|t:|1758286319
|move|p1a: Cinderace|Sucker Punch|p2a: Kingdra
|-start|p1a: Cinderace|typechange|Dark|[from] ability: Libero
|-damage|p2a: Kingdra|0 fnt
|faint|p2a: Kingdra
|
|-weather|none
|upkeep
|
|t:|1758286327
|switch|p2a: Barraskewda|Barraskewda, F|100/100
|-damage|p2a: Barraskewda|88/100|[from] Stealth Rock
|turn|25
|
|t:|1758286337
|move|p1a: Cinderace|Sucker Punch|p2a: Barraskewda
|-damage|p2a: Barraskewda|20/100
|move|p2a: Barraskewda|Flip Turn|p1a: Cinderace
|-damage|p1a: Cinderace|26/100
|
|t:|1758286346
|switch|p2a: Pelipper|Pelipper, F|41/100|[from] Flip Turn
|-damage|p2a: Pelipper|17/100|[from] Stealth Rock
|-weather|RainDance|[from] ability: Drizzle|[of] p2a: Pelipper
|
|-weather|RainDance|[upkeep]
|upkeep
|turn|26
|
|t:|1758286357
|move|p1a: Cinderace|U-turn|p2a: Pelipper
|-resisted|p2a: Pelipper
|-damage|p2a: Pelipper|7/100
|
|t:|1758286365
|switch|p1a: Alomomola|Alomomola, M|77/100|[from] U-turn
|move|p2a: Pelipper|Roost|p2a: Pelipper
|-heal|p2a: Pelipper|57/100
|-singleturn|p2a: Pelipper|move: Roost
|
|-weather|RainDance|[upkeep]
|upkeep
|turn|27
|
|t:|1758286380
|move|p1a: Alomomola|Wish|p1a: Alomomola
|move|p2a: Pelipper|Roost|p2a: Pelipper
|-heal|p2a: Pelipper|100/100
|-singleturn|p2a: Pelipper|move: Roost
|
|-weather|RainDance|[upkeep]
|upkeep
|turn|28
|
|t:|1758286389
|move|p1a: Alomomola|Tickle|p2a: Pelipper
|-unboost|p2a: Pelipper|atk|1
|-unboost|p2a: Pelipper|def|1
|move|p2a: Pelipper|Hurricane|p1a: Alomomola
|-damage|p1a: Alomomola|31/100
|
|-weather|RainDance|[upkeep]
|-heal|p1a: Alomomola|81/100|[from] move: Wish|[wisher] Alomomola
|upkeep
|turn|29
|
|t:|1758286399
|move|p1a: Alomomola|Flip Turn|p2a: Pelipper
|-resisted|p2a: Pelipper
|-damage|p2a: Pelipper|86/100
|
|t:|1758286406
|switch|p1a: Iron Valiant|Iron Valiant|100/100|[from] Flip Turn
|move|p2a: Pelipper|Hurricane|p1a: Iron Valiant
|-supereffective|p1a: Iron Valiant
|-damage|p1a: Iron Valiant|0 fnt
|faint|p1a: Iron Valiant
|-end|p1a: Iron Valiant|Quark Drive|[silent]
|
|-weather|none
|upkeep
|
|t:|1758286417
|switch|p1a: Dragapult|Dragapult, F|100/100
|turn|30
|
|t:|1758286422
|switch|p2a: Toxicroak|Toxicroak, F|100/100
|-damage|p2a: Toxicroak|94/100|[from] Stealth Rock
|move|p1a: Dragapult|Dragon Darts|p2a: Toxicroak
|-damage|p2a: Toxicroak|65/100
|-anim|p1a: Dragapult|Dragon Darts|p2a: Toxicroak
|-damage|p2a: Toxicroak|31/100
|
|upkeep
|turn|31
|
|t:|1758286434
|move|p1a: Dragapult|Dragon Darts|p2a: Toxicroak
|-damage|p2a: Toxicroak|0 fnt
|faint|p2a: Toxicroak
|
|upkeep
|
|t:|1758286439
|switch|p2a: Pelipper|Pelipper, F|86/100
|-damage|p2a: Pelipper|61/100|[from] Stealth Rock
|-weather|RainDance|[from] ability: Drizzle|[of] p2a: Pelipper
|turn|32
|
|t:|1758286447
|move|p1a: Dragapult|Dragon Darts|p2a: Pelipper
|-crit|p2a: Pelipper
|-damage|p2a: Pelipper|17/100
|-anim|p1a: Dragapult|Dragon Darts|p2a: Pelipper
|-damage|p2a: Pelipper|0 fnt
|faint|p2a: Pelipper
|
|-weather|RainDance|[upkeep]
|upkeep
|
|t:|1758286455
|switch|p2a: Barraskewda|Barraskewda, F|20/100
|-damage|p2a: Barraskewda|7/100|[from] Stealth Rock
|turn|33
|
|t:|1758286461
|switch|p1a: Alomomola|Alomomola, M|100/100
|move|p2a: Barraskewda|Liquidation|p1a: Alomomola
|-resisted|p1a: Alomomola
|-damage|p1a: Alomomola|72/100
|
|-weather|RainDance|[upkeep]
|upkeep
|turn|34
|-message|Swimmer Wilson forfeited.
|
|win|LovingsFavPupil
|raw|LovingsFavPupil's rating: 1210 &rarr; <strong>1233</strong><br />(+23 for winning)
|raw|Swimmer Wilson's rating: 1182 &rarr; <strong>1159</strong><br />(-23 for losing)
|l| swimmerwilson
|j| Tuber Jon
|n| Tuber Jon|tuberjon
|l| Tuber Jon
