|j|☆szxzszxz
|j|☆Wizard Gumpo
|t:|1758276280
|gametype|singles
|player|p1|szxzszxz|170|1073
|player|p2|Wizard Gumpo|rood|1133
|gen|9
|tier|[Gen 9] OU
|rated|
|rule|HP Percentage Mod: HP is shown in percentages
|rule|Endless Battle Clause: Forcing endless battles is banned
|rule|Species Clause: Limit one of each Pokémon
|rule|OHKO Clause: OHKO moves are banned
|rule|Evasion Items Clause: Evasion items are banned
|rule|Evasion Moves Clause: Evasion moves are banned
|rule|Evasion Abilities Clause: Evasion abilities are banned
|rule|Sleep Moves Clause: Sleep-inducing moves are banned
|clearpoke
|poke|p1|Dugtrio-Alola, F|
|poke|p1|Hippopotas, L25, F|
|poke|p1|Overqwil, M|
|poke|p1|Politoed, L25, F|
|poke|p1|Cloyster, M|
|poke|p1|Chesnaught, M|
|poke|p2|Houndstone, F|
|poke|p2|Muk-Alola, M|
|poke|p2|Klawf, F|
|poke|p2|Glimmora, F|
|poke|p2|Ting-Lu|
|poke|p2|Gholdengo|
|teampreview
|
|t:|1758276295
|teamsize|p1|6
|teamsize|p2|6
|start
|switch|p1a: Chesnaught|Chesnaught, M|100/100
|switch|p2a: Klawf|Klawf, F|100/100
|turn|1
|
|t:|1758276305
|move|p2a: Klawf|Stealth Rock|p1a: Chesnaught
|-sidestart|p1: szxzszxz|move: Stealth Rock
|move|p1a: Chesnaught|Leech Seed|p2a: Klawf
|-start|p2a: Klawf|move: Leech Seed
|
|-damage|p2a: Klawf|88/100|[from] Leech Seed|[of] p1a: Chesnaught
|upkeep
|turn|2
|
|t:|1758276315
|switch|p2a: Muk|Muk-Alola, M|100/100
|move|p1a: Chesnaught|Super Fang|p2a: Muk
|-damage|p2a: Muk|51/100
|
|-heal|p2a: Muk|57/100|[from] item: Leftovers
|upkeep
|turn|3
|
|t:|1758276325
|move|p1a: Chesnaught|Spiky Shield|p1a: Chesnaught
|-singleturn|p1a: Chesnaught|move: Protect
|move|p2a: Muk|Knock Off|p1a: Chesnaught
|-activate|p1a: Chesnaught|move: Protect
|-damage|p2a: Muk|44/100|[from] Spiky Shield|[of] p1a: Chesnaught
|
|-heal|p2a: Muk|50/100|[from] item: Leftovers
|upkeep
|turn|4
|
|t:|1758276340
|switch|p1a: Hippopotas|Hippopotas, L25, F, shiny|100/100
|-damage|p1a: Hippopotas|95/100|[from] Stealth Rock
|-weather|Sandstorm|[from] ability: Sand Stream|[of] p1a: Hippopotas
|move|p2a: Muk|Knock Off|p1a: Hippopotas
|-damage|p1a: Hippopotas|0 fnt
|-enditem|p1a: Hippopotas|Focus Sash|[from] move: Knock Off|[of] p2a: Muk
|faint|p1a: Hippopotas
|
|-weather|Sandstorm|[upkeep]
|-damage|p2a: Muk|44/100|[from] Sandstorm
|-heal|p2a: Muk|50/100|[from] item: Leftovers
|upkeep
|inactive|Battle timer is ON: inactive players will automatically lose when time's up. (requested by Wizard Gumpo)
|inactive|szxzszxz has 120 seconds left.
|
|t:|1758276416
|switch|p1a: Dugtrio|Dugtrio-Alola, F|100/100
|-damage|p1a: Dugtrio|98/100|[from] Stealth Rock
|turn|5
|
|t:|1758276440
|move|p2a: Muk|Protect|p2a: Muk
|-singleturn|p2a: Muk|Protect
|move|p1a: Dugtrio|Earthquake|p2a: Muk
|-activate|p2a: Muk|move: Protect
|
|-weather|Sandstorm|[upkeep]
|-damage|p2a: Muk|44/100|[from] Sandstorm
|-heal|p2a: Muk|50/100|[from] item: Leftovers
|upkeep
|turn|6
|
|t:|1758276457
|-terastallize|p2a: Muk|Flying
|move|p1a: Dugtrio|Earthquake|p2a: Muk
|-immune|p2a: Muk
|move|p2a: Muk|Knock Off|p1a: Dugtrio
|-damage|p1a: Dugtrio|0 fnt
|-enditem|p1a: Dugtrio|Choice Scarf|[from] move: Knock Off|[of] p2a: Muk
|faint|p1a: Dugtrio
|
|-weather|Sandstorm|[upkeep]
|-damage|p2a: Muk|44/100|[from] Sandstorm
|-heal|p2a: Muk|50/100|[from] item: Leftovers
|upkeep
|-message|szxzszxz forfeited.
|
|win|Wizard Gumpo
|raw|szxzszxz's rating: 1073 &rarr; <strong>1056</strong><br />(-17 for losing)
|raw|Wizard Gumpo's rating: 1133 &rarr; <strong>1154</strong><br />(+21 for winning)
|l|☆szxzszxz
|player|p1|
|l|☆Wizard Gumpo
|player|p2|
