|j|☆SushiRolll
|j|☆madewithstupidity
|t:|1758293781
|gametype|singles
|player|p1|SushiRolll|liko|1343
|player|p2|madewithstupidity|alder|1294
|gen|9
|tier|[Gen 9] OU
|rated|
|rule|HP Percentage Mod: HP is shown in percentages
|rule|Endless Battle Clause: Forcing endless battles is banned
|rule|Species Clause: Limit one of each Pokémon
|rule|OHKO Clause: OHKO moves are banned
|rule|Evasion Items Clause: Evasion items are banned
|rule|Evasion Moves Clause: Evasion moves are banned
|rule|Evasion Abilities Clause: Evasion abilities are banned
|rule|Sleep Moves Clause: Sleep-inducing moves are banned
|clearpoke
|poke|p1|Serperior, F|
|poke|p1|Heatran, F|
|poke|p1|Weavile, F|
|poke|p1|Slowking-Galar, F|
|poke|p1|Great Tusk|
|poke|p1|Iron Valiant|
|poke|p2|Iron Hands|
|poke|p2|Slowbro, M|
|poke|p2|Hatterene, F|
|poke|p2|Hoopa-Unbound|
|poke|p2|Indeedee, M|
|poke|p2|Ursaluna, M|
|teampreview
|inactive|Battle timer is ON: inactive players will automatically lose when time's up. (requested by madewithstupidity)
|
|t:|1758293791
|teamsize|p1|6
|teamsize|p2|6
|start
|switch|p1a: Weavile|Weavile, F|100/100
|switch|p2a: Indeedee|Indeedee, M, shiny|100/100
|-ability|p1a: Weavile|Pressure
|-fieldstart|move: Psychic Terrain|[from] ability: Psychic Surge|[of] p2a: Indeedee
|turn|1
|
|t:|1758293798
|move|p1a: Weavile|Knock Off|p2a: Indeedee
|-supereffective|p2a: Indeedee
|-damage|p2a: Indeedee|0 fnt
|-enditem|p2a: Indeedee|Terrain Extender|[from] move: Knock Off|[of] p1a: Weavile
|faint|p2a: Indeedee
|
|upkeep
|
|t:|1758293803
|switch|p2a: Hatterene|Hatterene, F, shiny|100/100
|turn|2
|
|t:|1758293811
|switch|p1a: Slowking|Slowking-Galar, F|100/100
|move|p2a: Hatterene|Trick Room|p2a: Hatterene
|-fieldstart|move: Trick Room|[of] p2a: Hatterene
|
|upkeep
|turn|3
|
|t:|1758293816
|-terastallize|p2a: Hatterene|Steel
|move|p2a: Hatterene|Expanding Force|p1a: Slowking
|-damage|p1a: Slowking|63/100
|move|p1a: Slowking|Sludge Bomb|p2a: Hatterene
|-immune|p2a: Hatterene
|
|upkeep
|turn|4
|
|t:|1758293822
|move|p2a: Hatterene|Expanding Force|p1a: Slowking
|-damage|p1a: Slowking|26/100
|move|p1a: Slowking|Flamethrower|p2a: Hatterene
|-supereffective|p2a: Hatterene
|-damage|p2a: Hatterene|51/100
|
|upkeep
|turn|5
|
|t:|1758293829
|move|p2a: Hatterene|Mystical Fire|p1a: Slowking
|-damage|p1a: Slowking|14/100
|-unboost|p1a: Slowking|spa|1
|move|p1a: Slowking|Flamethrower|p2a: Hatterene
|-supereffective|p2a: Hatterene
|-damage|p2a: Hatterene|21/100
|
|upkeep
|turn|6
|
|t:|1758293837
|move|p2a: Hatterene|Expanding Force|p1a: Slowking
|-damage|p1a: Slowking|0 fnt
|faint|p1a: Slowking
|
|-fieldend|move: Trick Room
|upkeep
|
|t:|1758293842
|switch|p1a: Serperior|Serperior, F, shiny|100/100
|turn|7
|
|t:|1758293844
|move|p1a: Serperior|Leaf Storm|p2a: Hatterene
|-resisted|p2a: Hatterene
|-damage|p2a: Hatterene|0 fnt
|-boost|p1a: Serperior|spa|2
|faint|p2a: Hatterene
|
|upkeep
|
|t:|1758293853
|switch|p2a: Hoopa|Hoopa-Unbound|100/100
|turn|8
|
|t:|1758293859
|move|p1a: Serperior|Glare|p2a: Hoopa
|-status|p2a: Hoopa|par
|move|p2a: Hoopa|Trick Room|p2a: Hoopa
|-fieldstart|move: Trick Room|[of] p2a: Hoopa
|
|-fieldend|move: Psychic Terrain
|upkeep
|turn|9
|
|t:|1758293865
|move|p2a: Hoopa|Hyperspace Fury|p1a: Serperior
|-damage|p1a: Serperior|19/100
|-unboost|p2a: Hoopa|def|1
|move|p1a: Serperior|Substitute|p1a: Serperior
|-fail|p1a: Serperior|move: Substitute|[weak]
|
|-heal|p1a: Serperior|25/100|[from] item: Leftovers
|upkeep
|turn|10
|
|t:|1758293872
|cant|p2a: Hoopa|par
|move|p1a: Serperior|Leaf Storm|p2a: Hoopa
|-damage|p2a: Hoopa|36/100 par
|-boost|p1a: Serperior|spa|2
|
|-heal|p1a: Serperior|31/100|[from] item: Leftovers
|upkeep
|turn|11
|
|t:|1758293879
|cant|p2a: Hoopa|par
|move|p1a: Serperior|Leaf Storm|p2a: Hoopa
|-damage|p2a: Hoopa|0 fnt
|-boost|p1a: Serperior|spa|2
|faint|p2a: Hoopa
|
|-heal|p1a: Serperior|37/100|[from] item: Leftovers
|upkeep
|
|t:|1758293883
|switch|p2a: Iron Hands|Iron Hands, shiny|100/100
|turn|12
|
|t:|1758293897
|move|p2a: Iron Hands|Ice Punch|p1a: Serperior
|-supereffective|p1a: Serperior
|-damage|p1a: Serperior|0 fnt
|faint|p1a: Serperior
|
|-fieldend|move: Trick Room
|upkeep
|
|t:|1758293905
|switch|p1a: Heatran|Heatran, F, shiny|100/100
|turn|13
|
|t:|1758293912
|-terastallize|p1a: Heatran|Grass
|move|p1a: Heatran|Lava Plume|p2a: Iron Hands
|-damage|p2a: Iron Hands|78/100
|move|p2a: Iron Hands|Close Combat|p1a: Heatran
|-damage|p1a: Heatran|34/100
|-unboost|p2a: Iron Hands|def|1
|-unboost|p2a: Iron Hands|spd|1
|
|-heal|p1a: Heatran|40/100|[from] item: Leftovers
|upkeep
|turn|14
|
|t:|1758293922
|move|p1a: Heatran|Lava Plume|p2a: Iron Hands
|-damage|p2a: Iron Hands|49/100
|move|p2a: Iron Hands|Ice Punch|p1a: Heatran
|-supereffective|p1a: Heatran
|-damage|p1a: Heatran|0 fnt
|faint|p1a: Heatran
|
|upkeep
|
|t:|1758293937
|switch|p1a: Iron Valiant|Iron Valiant|100/100
|turn|15
|
|t:|1758293941
|-end|p2a: Iron Hands|Quark Drive|[silent]
|switch|p2a: Slowbro|Slowbro, M, shiny|100/100
|move|p1a: Iron Valiant|Moonblast|p2a: Slowbro
|-damage|p2a: Slowbro|67/100
|
|upkeep
|turn|16
|
|t:|1758293947
|-end|p1a: Iron Valiant|Quark Drive|[silent]
|switch|p1a: Great Tusk|Great Tusk|100/100
|move|p2a: Slowbro|Trick Room|p2a: Slowbro
|-fieldstart|move: Trick Room|[of] p2a: Slowbro
|
|upkeep
|turn|17
|
|t:|1758293954
|move|p2a: Slowbro|Expanding Force|p1a: Great Tusk
|-supereffective|p1a: Great Tusk
|-damage|p1a: Great Tusk|27/100
|move|p1a: Great Tusk|Knock Off|p2a: Slowbro
|-supereffective|p2a: Slowbro
|-damage|p2a: Slowbro|23/100
|-enditem|p2a: Slowbro|Chesto Berry|[from] move: Knock Off|[of] p1a: Great Tusk
|
|-heal|p1a: Great Tusk|33/100|[from] item: Leftovers
|upkeep
|turn|18
|
|t:|1758293971
|move|p2a: Slowbro|Scald|p1a: Great Tusk
|-supereffective|p1a: Great Tusk
|-damage|p1a: Great Tusk|0 fnt
|faint|p1a: Great Tusk
|-end|p1a: Great Tusk|Protosynthesis|[silent]
|
|upkeep
|
|t:|1758293975
|switch|p1a: Iron Valiant|Iron Valiant|100/100
|turn|19
|
|t:|1758293983
|move|p2a: Slowbro|Expanding Force|p1a: Iron Valiant
|-supereffective|p1a: Iron Valiant
|-crit|p1a: Iron Valiant
|-damage|p1a: Iron Valiant|0 fnt
|faint|p1a: Iron Valiant
|-end|p1a: Iron Valiant|Quark Drive|[silent]
|
|upkeep
|
|t:|1758293987
|switch|p1a: Weavile|Weavile, F|100/100
|-ability|p1a: Weavile|Pressure
|turn|20
|
|t:|1758293994
|move|p1a: Weavile|Ice Shard|p2a: Slowbro
|-resisted|p2a: Slowbro
|-damage|p2a: Slowbro|13/100
|move|p2a: Slowbro|Rest|p2a: Slowbro
|-status|p2a: Slowbro|slp|[from] move: Rest
|-heal|p2a: Slowbro|100/100 slp|[silent]
|
|-fieldend|move: Trick Room
|upkeep
|turn|21
|
|t:|1758294003
|switch|p2a: Iron Hands|Iron Hands, shiny|49/100
|move|p1a: Weavile|Ice Shard|p2a: Iron Hands
|-damage|p2a: Iron Hands|32/100
|
|upkeep
|turn|22
|
|t:|1758294008
|move|p1a: Weavile|Ice Shard|p2a: Iron Hands
|-damage|p2a: Iron Hands|15/100
|move|p2a: Iron Hands|Close Combat|p1a: Weavile
|-supereffective|p1a: Weavile
|-damage|p1a: Weavile|0 fnt
|-unboost|p2a: Iron Hands|def|1
|-unboost|p2a: Iron Hands|spd|1
|faint|p1a: Weavile
|
|win|madewithstupidity
|raw|SushiRolll's rating: 1343 &rarr; <strong>1320</strong><br />(-23 for losing)
|raw|madewithstupidity's rating: 1294 &rarr; <strong>1323</strong><br />(+29 for winning)
|l|☆madewithstupidity
|player|p2|
|l|☆SushiRolll
|player|p1|
