|j|☆Obito 2001
|j|☆evilbryanjohnson
|t:|1758269964
|gametype|singles
|player|p1|Obito 2001|blue-gen3two|1700
|player|p2|evilbryanjohnson|1|1722
|gen|9
|tier|[Gen 9] OU
|rated|
|rule|HP Percentage Mod: HP is shown in percentages
|rule|Endless Battle Clause: Forcing endless battles is banned
|rule|Species Clause: Limit one of each Pokémon
|rule|OHKO Clause: OHKO moves are banned
|rule|Evasion Items Clause: Evasion items are banned
|rule|Evasion Moves Clause: Evasion moves are banned
|rule|Evasion Abilities Clause: Evasion abilities are banned
|rule|Sleep Moves Clause: Sleep-inducing moves are banned
|clearpoke
|poke|p1|Ting-Lu|
|poke|p1|Weezing-Galar, F|
|poke|p1|Ogerpon-Wellspring, F|
|poke|p1|Corviknight, M|
|poke|p1|Kyurem|
|poke|p1|Amoonguss, M|
|poke|p2|Garganacl, M|
|poke|p2|Sinistcha|
|poke|p2|Ting-Lu|
|poke|p2|Moltres|
|poke|p2|Okidogi, M|
|poke|p2|Dragonite, F|
|teampreview
|inactive|Battle timer is ON: inactive players will automatically lose when time's up. (requested by Obito 2001)
|
|t:|1758269977
|teamsize|p1|6
|teamsize|p2|6
|start
|switch|p1a: Ban me|Ogerpon-Wellspring, F|100/100
|switch|p2a: Okidogi|Okidogi, M|100/100
|turn|1
|
|t:|1758269986
|move|p1a: Ban me|U-turn|p2a: Okidogi
|-resisted|p2a: Okidogi
|-damage|p2a: Okidogi|95/100
|
|t:|1758269991
|switch|p1a: Ban Wogerpon|Amoonguss, M, shiny|100/100|[from] U-turn
|move|p2a: Okidogi|Knock Off|p1a: Ban Wogerpon
|-damage|p1a: Ban Wogerpon|81/100
|-enditem|p1a: Ban Wogerpon|Leftovers|[from] move: Knock Off|[of] p2a: Okidogi
|
|-heal|p2a: Okidogi|100/100|[from] item: Leftovers
|upkeep
|turn|2
|
|t:|1758270002
|move|p2a: Okidogi|Bulk Up|p2a: Okidogi
|-boost|p2a: Okidogi|atk|1
|-boost|p2a: Okidogi|def|1
|move|p1a: Ban Wogerpon|Toxic|p2a: Okidogi
|-immune|p2a: Okidogi
|
|upkeep
|turn|3
|
|t:|1758270007
|switch|p1a: Fk hazard noobs|Weezing-Galar, F|100/100
|-ability|p1a: Fk hazard noobs|Neutralizing Gas
|move|p2a: Okidogi|Bulk Up|p2a: Okidogi
|-boost|p2a: Okidogi|atk|1
|-boost|p2a: Okidogi|def|1
|
|upkeep
|turn|4
|
|t:|1758270011
|switch|p2a: Moltres|Moltres|100/100
|move|p1a: Fk hazard noobs|Will-O-Wisp|p2a: Moltres|[miss]
|-miss|p1a: Fk hazard noobs|p2a: Moltres
|
|upkeep
|turn|5
|
|t:|1758270024
|move|p2a: Moltres|Will-O-Wisp|p1a: Fk hazard noobs
|-status|p1a: Fk hazard noobs|brn
|move|p1a: Fk hazard noobs|Sludge Bomb|p2a: Moltres
|-damage|p2a: Moltres|74/100
|
|-damage|p1a: Fk hazard noobs|95/100 brn|[from] brn
|upkeep
|turn|6
|
|t:|1758270031
|move|p2a: Moltres|Hurricane|p1a: Fk hazard noobs|[miss]
|-miss|p2a: Moltres|p1a: Fk hazard noobs
|move|p1a: Fk hazard noobs|Sludge Bomb|p2a: Moltres
|-damage|p2a: Moltres|46/100
|
|-damage|p1a: Fk hazard noobs|89/100 brn|[from] brn
|upkeep
|turn|7
|
|t:|1758270033
|move|p2a: Moltres|Hurricane|p1a: Fk hazard noobs|[miss]
|-miss|p2a: Moltres|p1a: Fk hazard noobs
|move|p1a: Fk hazard noobs|Sludge Bomb|p2a: Moltres
|-damage|p2a: Moltres|19/100
|-status|p2a: Moltres|psn
|
|-damage|p2a: Moltres|7/100 psn|[from] psn
|-damage|p1a: Fk hazard noobs|83/100 brn|[from] brn
|upkeep
|turn|8
|
|t:|1758270036
|-end|p1a: Fk hazard noobs|ability: Neutralizing Gas
|switch|p1a: Ban Zamazenta|Ting-Lu, shiny|100/100
|-ability|p1a: Ban Zamazenta|Vessel of Ruin
|move|p2a: Moltres|Roost|p2a: Moltres
|-heal|p2a: Moltres|57/100 psn
|-singleturn|p2a: Moltres|move: Roost
|
|-damage|p2a: Moltres|44/100 psn|[from] psn
|upkeep
|turn|9
|
|t:|1758270046
|move|p2a: Moltres|Roost|p2a: Moltres
|-heal|p2a: Moltres|94/100 psn
|-singleturn|p2a: Moltres|move: Roost
|move|p1a: Ban Zamazenta|Earthquake|p2a: Moltres
|-supereffective|p2a: Moltres
|-damage|p2a: Moltres|41/100 psn
|
|-damage|p2a: Moltres|29/100 psn|[from] psn
|upkeep
|turn|10
|
|t:|1758270052
|switch|p2a: Sinistcha|Sinistcha|100/100
|move|p1a: Ban Zamazenta|Payback|p2a: Sinistcha
|-supereffective|p2a: Sinistcha
|-damage|p2a: Sinistcha|74/100
|
|upkeep
|turn|11
|
|t:|1758270059
|move|p2a: Sinistcha|Matcha Gotcha|p1a: Ban Zamazenta|[miss]
|-miss|p2a: Sinistcha|p1a: Ban Zamazenta
|move|p1a: Ban Zamazenta|Payback|p2a: Sinistcha
|-supereffective|p2a: Sinistcha
|-damage|p2a: Sinistcha|25/100
|
|upkeep
|turn|12
|
|t:|1758270063
|move|p2a: Sinistcha|Strength Sap|p1a: Ban Zamazenta
|-unboost|p1a: Ban Zamazenta|atk|1
|-heal|p2a: Sinistcha|99/100
|move|p1a: Ban Zamazenta|Payback|p2a: Sinistcha
|-supereffective|p2a: Sinistcha
|-damage|p2a: Sinistcha|63/100
|
|upkeep
|turn|13
|
|t:|1758270066
|switch|p1a: Kyurem|Kyurem, shiny|100/100
|-ability|p1a: Kyurem|Pressure
|move|p2a: Sinistcha|Matcha Gotcha|p1a: Kyurem
|-resisted|p1a: Kyurem
|-damage|p1a: Kyurem|85/100
|-heal|p2a: Sinistcha|72/100|[from] drain|[of] p1a: Kyurem
|
|-heal|p1a: Kyurem|91/100|[from] item: Leftovers
|upkeep
|turn|14
|
|t:|1758270072
|switch|p2a: Okidogi|Okidogi, M|100/100
|move|p1a: Kyurem|Freeze-Dry|p2a: Okidogi
|-damage|p2a: Okidogi|66/100
|
|-heal|p1a: Kyurem|97/100|[from] item: Leftovers
|-heal|p2a: Okidogi|72/100|[from] item: Leftovers
|upkeep
|turn|15
|
|t:|1758270077
|switch|p1a: Fk hazard noobs|Weezing-Galar, F|83/100 brn
|-ability|p1a: Fk hazard noobs|Neutralizing Gas
|move|p2a: Okidogi|Drain Punch|p1a: Fk hazard noobs
|-resisted|p1a: Fk hazard noobs
|-damage|p1a: Fk hazard noobs|77/100 brn
|-heal|p2a: Okidogi|75/100|[from] drain|[of] p1a: Fk hazard noobs
|
|-heal|p2a: Okidogi|81/100|[from] item: Leftovers
|-damage|p1a: Fk hazard noobs|71/100 brn|[from] brn
|upkeep
|turn|16
|
|t:|1758270086
|switch|p2a: Garganacl|Garganacl, M|100/100
|-end|p1a: Fk hazard noobs|ability: Neutralizing Gas
|switch|p1a: Kyurem|Kyurem, shiny|97/100
|-ability|p1a: Kyurem|Pressure
|
|-heal|p1a: Kyurem|100/100|[from] item: Leftovers
|upkeep
|turn|17
|
|t:|1758270090
|-terastallize|p1a: Kyurem|Ground
|move|p1a: Kyurem|Substitute|p1a: Kyurem
|-start|p1a: Kyurem|Substitute
|-damage|p1a: Kyurem|76/100
|move|p2a: Garganacl|Stealth Rock|p1a: Kyurem
|-sidestart|p1: Obito 2001|move: Stealth Rock
|
|-heal|p1a: Kyurem|82/100|[from] item: Leftovers
|upkeep
|turn|18
|
|t:|1758270095
|switch|p2a: Ting-Lu|Ting-Lu|100/100
|-ability|p2a: Ting-Lu|Vessel of Ruin
|move|p1a: Kyurem|Earth Power|p2a: Ting-Lu
|-damage|p2a: Ting-Lu|80/100
|
|-heal|p1a: Kyurem|88/100|[from] item: Leftovers
|-heal|p2a: Ting-Lu|86/100|[from] item: Leftovers
|upkeep
|turn|19
|
|t:|1758270099
|move|p1a: Kyurem|Freeze-Dry|p2a: Ting-Lu
|-supereffective|p2a: Ting-Lu
|-damage|p2a: Ting-Lu|55/100
|move|p2a: Ting-Lu|Whirlwind|p1a: Kyurem
|drag|p1a: Corviknight|Corviknight, M|100/100
|-damage|p1a: Corviknight|88/100|[from] Stealth Rock
|-ability|p1a: Corviknight|Pressure
|
|-heal|p2a: Ting-Lu|61/100|[from] item: Leftovers
|upkeep
|turn|20
|
|t:|1758270104
|move|p1a: Corviknight|Defog|p2a: Ting-Lu
|-unboost|p2a: Ting-Lu|evasion|1
|-sideend|p1: Obito 2001|Stealth Rock|[from] move: Defog|[of] p1a: Corviknight
|move|p2a: Ting-Lu|Spikes|p1a: Corviknight
|-sidestart|p1: Obito 2001|Spikes
|
|-heal|p2a: Ting-Lu|67/100|[from] item: Leftovers
|upkeep
|turn|21
|
|t:|1758270108
|switch|p2a: Garganacl|Garganacl, M|100/100
|move|p1a: Corviknight|Body Press|p2a: Garganacl
|-supereffective|p2a: Garganacl
|-damage|p2a: Garganacl|64/100
|
|-heal|p2a: Garganacl|71/100|[from] item: Leftovers
|upkeep
|turn|22
|
|t:|1758270112
|move|p1a: Corviknight|Body Press|p2a: Garganacl
|-supereffective|p2a: Garganacl
|-damage|p2a: Garganacl|35/100
|move|p2a: Garganacl|Salt Cure|p1a: Corviknight
|-damage|p1a: Corviknight|80/100
|-start|p1a: Corviknight|Salt Cure
|
|-heal|p2a: Garganacl|42/100|[from] item: Leftovers
|-damage|p1a: Corviknight|55/100|[from] Salt Cure
|upkeep
|turn|23
|
|t:|1758270118
|switch|p1a: Kyurem|Kyurem, shiny, tera:Ground|88/100
|-damage|p1a: Kyurem|75/100|[from] Spikes
|-ability|p1a: Kyurem|Pressure
|move|p2a: Garganacl|Recover|p2a: Garganacl
|-heal|p2a: Garganacl|92/100
|
|-heal|p1a: Kyurem|81/100|[from] item: Leftovers
|-heal|p2a: Garganacl|98/100|[from] item: Leftovers
|upkeep
|turn|24
|
|t:|1758270126
|switch|p2a: Ting-Lu|Ting-Lu|67/100
|-ability|p2a: Ting-Lu|Vessel of Ruin
|move|p1a: Kyurem|Substitute|p1a: Kyurem
|-start|p1a: Kyurem|Substitute
|-damage|p1a: Kyurem|57/100
|
|-heal|p1a: Kyurem|63/100|[from] item: Leftovers
|-heal|p2a: Ting-Lu|73/100|[from] item: Leftovers
|upkeep
|turn|25
|
|t:|1758270130
|move|p1a: Kyurem|Freeze-Dry|p2a: Ting-Lu
|-supereffective|p2a: Ting-Lu
|-damage|p2a: Ting-Lu|37/100
|move|p2a: Ting-Lu|Whirlwind|p1a: Kyurem
|drag|p1a: Ban Wogerpon|Amoonguss, M, shiny|100/100
|-damage|p1a: Ban Wogerpon|88/100|[from] Spikes
|
|-heal|p2a: Ting-Lu|43/100|[from] item: Leftovers
|upkeep
|turn|26
|
|t:|1758270137
|switch|p2a: Garganacl|Garganacl, M|98/100
|switch|p1a: Corviknight|Corviknight, M|55/100
|-ability|p1a: Corviknight|Pressure
|
|-heal|p2a: Garganacl|100/100|[from] item: Leftovers
|upkeep
|turn|27
|
|t:|1758270143
|move|p1a: Corviknight|Roost|p1a: Corviknight
|-heal|p1a: Corviknight|100/100
|-singleturn|p1a: Corviknight|move: Roost
|move|p2a: Garganacl|Stealth Rock|p1a: Corviknight
|-sidestart|p1: Obito 2001|move: Stealth Rock
|
|upkeep
|turn|28
|
|t:|1758270148
|switch|p1a: Fk hazard noobs|Weezing-Galar, F|71/100 brn
|-ability|p1a: Fk hazard noobs|Neutralizing Gas
|switch|p2a: Moltres|Moltres|29/100 psn
|
|-damage|p2a: Moltres|17/100 psn|[from] psn
|-damage|p1a: Fk hazard noobs|65/100 brn|[from] brn
|upkeep
|turn|29
|
|t:|1758270151
|move|p2a: Moltres|Roost|p2a: Moltres
|-heal|p2a: Moltres|67/100 psn
|-singleturn|p2a: Moltres|move: Roost
|move|p1a: Fk hazard noobs|Sludge Bomb|p2a: Moltres
|-damage|p2a: Moltres|38/100 psn
|
|-damage|p2a: Moltres|26/100 psn|[from] psn
|-damage|p1a: Fk hazard noobs|59/100 brn|[from] brn
|upkeep
|turn|30
|
|t:|1758270155
|-end|p1a: Fk hazard noobs|ability: Neutralizing Gas
|switch|p1a: Ban Zamazenta|Ting-Lu, shiny|100/100
|-damage|p1a: Ban Zamazenta|88/100|[from] Spikes
|-damage|p1a: Ban Zamazenta|82/100|[from] Stealth Rock
|-ability|p1a: Ban Zamazenta|Vessel of Ruin
|move|p2a: Moltres|Roost|p2a: Moltres
|-heal|p2a: Moltres|76/100 psn
|-singleturn|p2a: Moltres|move: Roost
|
|-heal|p1a: Ban Zamazenta|88/100|[from] item: Leftovers
|-damage|p2a: Moltres|64/100 psn|[from] psn
|upkeep
|turn|31
|
|t:|1758270161
|switch|p2a: Sinistcha|Sinistcha|72/100
|move|p1a: Ban Zamazenta|Payback|p2a: Sinistcha
|-supereffective|p2a: Sinistcha
|-damage|p2a: Sinistcha|46/100
|
|-heal|p1a: Ban Zamazenta|94/100|[from] item: Leftovers
|upkeep
|turn|32
|
|t:|1758270172
|switch|p1a: Ban Wogerpon|Amoonguss, M, shiny|100/100
|-damage|p1a: Ban Wogerpon|88/100|[from] Spikes
|-damage|p1a: Ban Wogerpon|76/100|[from] Stealth Rock
|move|p2a: Sinistcha|Matcha Gotcha|p1a: Ban Wogerpon
|-resisted|p1a: Ban Wogerpon
|-damage|p1a: Ban Wogerpon|69/100
|-heal|p2a: Sinistcha|51/100|[from] drain|[of] p1a: Ban Wogerpon
|
|upkeep
|turn|33
|
|t:|1758270181
|switch|p2a: Garganacl|Garganacl, M|100/100
|move|p1a: Ban Wogerpon|Toxic|p2a: Garganacl
|-immune|p2a: Garganacl|[from] ability: Purifying Salt
|
|upkeep
|turn|34
|
|t:|1758270184
|move|p2a: Garganacl|Salt Cure|p1a: Ban Wogerpon
|-damage|p1a: Ban Wogerpon|58/100
|-start|p1a: Ban Wogerpon|Salt Cure
|move|p1a: Ban Wogerpon|Giga Drain|p2a: Garganacl
|-supereffective|p2a: Garganacl
|-damage|p2a: Garganacl|68/100
|-heal|p1a: Ban Wogerpon|73/100|[from] drain|[of] p2a: Garganacl
|
|-heal|p2a: Garganacl|74/100|[from] item: Leftovers
|-damage|p1a: Ban Wogerpon|61/100|[from] Salt Cure
|upkeep
|turn|35
|
|t:|1758270188
|switch|p1a: Fk hazard noobs|Weezing-Galar, F|59/100 brn
|-ability|p1a: Fk hazard noobs|Neutralizing Gas
|move|p2a: Garganacl|Salt Cure|p1a: Fk hazard noobs
|-damage|p1a: Fk hazard noobs|51/100 brn
|-start|p1a: Fk hazard noobs|Salt Cure
|
|-heal|p2a: Garganacl|80/100|[from] item: Leftovers
|-damage|p1a: Fk hazard noobs|45/100 brn|[from] brn
|-damage|p1a: Fk hazard noobs|33/100 brn|[from] Salt Cure
|upkeep
|turn|36
|
|t:|1758270194
|switch|p2a: Ting-Lu|Ting-Lu|43/100
|move|p1a: Fk hazard noobs|Defog|p2a: Ting-Lu
|-unboost|p2a: Ting-Lu|evasion|1
|-sideend|p1: Obito 2001|Spikes|[from] move: Defog|[of] p1a: Fk hazard noobs
|-sideend|p1: Obito 2001|Stealth Rock|[from] move: Defog|[of] p1a: Fk hazard noobs
|
|-heal|p2a: Ting-Lu|50/100|[from] item: Leftovers
|-damage|p1a: Fk hazard noobs|27/100 brn|[from] brn
|-damage|p1a: Fk hazard noobs|15/100 brn|[from] Salt Cure
|upkeep
|turn|37
|
|t:|1758270202
|move|p1a: Fk hazard noobs|Will-O-Wisp|p2a: Ting-Lu
|-status|p2a: Ting-Lu|brn
|move|p2a: Ting-Lu|Earthquake|p1a: Fk hazard noobs
|-supereffective|p1a: Fk hazard noobs
|-damage|p1a: Fk hazard noobs|0 fnt
|faint|p1a: Fk hazard noobs
|-end|p1a: Fk hazard noobs|ability: Neutralizing Gas
|-ability|p2a: Ting-Lu|Vessel of Ruin
|
|-heal|p2a: Ting-Lu|56/100 brn|[from] item: Leftovers
|-damage|p2a: Ting-Lu|50/100 brn|[from] brn
|upkeep
|j| shyahngyoo
|
|t:|1758270208
|switch|p1a: Ban me|Ogerpon-Wellspring, F|100/100
|turn|38
|
|t:|1758270211
|switch|p2a: Dragonite|Dragonite, F|100/100
|move|p1a: Ban me|Ivy Cudgel|p2a: Dragonite|[anim] Ivy Cudgel Water
|-resisted|p2a: Dragonite
|-damage|p2a: Dragonite|87/100
|
|upkeep
|turn|39
|
|t:|1758270215
|move|p1a: Ban me|U-turn|p2a: Dragonite
|-resisted|p2a: Dragonite
|-damage|p2a: Dragonite|75/100
|
|t:|1758270218
|switch|p1a: Corviknight|Corviknight, M|100/100|[from] U-turn
|-ability|p1a: Corviknight|Pressure
|move|p2a: Dragonite|Roost|p2a: Dragonite
|-heal|p2a: Dragonite|100/100
|-singleturn|p2a: Dragonite|move: Roost
|
|upkeep
|turn|40
|
|t:|1758270236
|switch|p2a: Sinistcha|Sinistcha|51/100
|switch|p1a: Kyurem|Kyurem, shiny, tera:Ground|63/100
|-ability|p1a: Kyurem|Pressure
|
|-heal|p1a: Kyurem|69/100|[from] item: Leftovers
|upkeep
|turn|41
|
|t:|1758270252
|switch|p1a: Ban Wogerpon|Amoonguss, M, shiny|94/100
|-terastallize|p2a: Sinistcha|Poison
|move|p2a: Sinistcha|Matcha Gotcha|p1a: Ban Wogerpon
|-resisted|p1a: Ban Wogerpon
|-damage|p1a: Ban Wogerpon|86/100
|-heal|p2a: Sinistcha|56/100|[from] drain|[of] p1a: Ban Wogerpon
|
|upkeep
|turn|42
|
|t:|1758270261
|switch|p1a: Kyurem|Kyurem, shiny, tera:Ground|69/100
|-ability|p1a: Kyurem|Pressure
|move|p2a: Sinistcha|Strength Sap|p1a: Kyurem
|-unboost|p1a: Kyurem|atk|1
|-heal|p2a: Sinistcha|100/100
|
|-heal|p1a: Kyurem|75/100|[from] item: Leftovers
|upkeep
|turn|43
|
|t:|1758270271
|switch|p1a: Ban Wogerpon|Amoonguss, M, shiny|100/100
|move|p2a: Sinistcha|Matcha Gotcha|p1a: Ban Wogerpon
|-resisted|p1a: Ban Wogerpon
|-damage|p1a: Ban Wogerpon|93/100
|
|upkeep
|turn|44
|
|t:|1758270280
|switch|p1a: Kyurem|Kyurem, shiny, tera:Ground|75/100
|-ability|p1a: Kyurem|Pressure
|move|p2a: Sinistcha|Calm Mind|p2a: Sinistcha
|-boost|p2a: Sinistcha|spa|1
|-boost|p2a: Sinistcha|spd|1
|
|-heal|p1a: Kyurem|81/100|[from] item: Leftovers
|upkeep
|turn|45
|
|t:|1758270291
|switch|p1a: Ban Zamazenta|Ting-Lu, shiny|94/100
|-ability|p1a: Ban Zamazenta|Vessel of Ruin
|move|p2a: Sinistcha|Matcha Gotcha|p1a: Ban Zamazenta
|-supereffective|p1a: Ban Zamazenta
|-damage|p1a: Ban Zamazenta|51/100
|
|-heal|p1a: Ban Zamazenta|57/100|[from] item: Leftovers
|upkeep
|turn|46
|
|t:|1758270294
|move|p2a: Sinistcha|Matcha Gotcha|p1a: Ban Zamazenta
|-supereffective|p1a: Ban Zamazenta
|-damage|p1a: Ban Zamazenta|19/100
|-status|p1a: Ban Zamazenta|brn
|move|p1a: Ban Zamazenta|Earthquake|p2a: Sinistcha
|-supereffective|p2a: Sinistcha
|-damage|p2a: Sinistcha|73/100
|
|-heal|p1a: Ban Zamazenta|25/100 brn|[from] item: Leftovers
|-damage|p1a: Ban Zamazenta|19/100 brn|[from] brn
|upkeep
|turn|47
|
|t:|1758270306
|move|p2a: Sinistcha|Matcha Gotcha|p1a: Ban Zamazenta
|-supereffective|p1a: Ban Zamazenta
|-damage|p1a: Ban Zamazenta|0 fnt
|-heal|p2a: Sinistcha|87/100|[from] drain|[of] p1a: Ban Zamazenta
|faint|p1a: Ban Zamazenta
|
|upkeep
|
|t:|1758270322
|switch|p1a: Corviknight|Corviknight, M|100/100
|-ability|p1a: Corviknight|Pressure
|turn|48
|
|t:|1758270342
|move|p2a: Sinistcha|Calm Mind|p2a: Sinistcha
|-boost|p2a: Sinistcha|spa|1
|-boost|p2a: Sinistcha|spd|1
|move|p1a: Corviknight|Iron Defense|p1a: Corviknight
|-boost|p1a: Corviknight|def|2
|
|upkeep
|turn|49
|
|t:|1758270346
|move|p2a: Sinistcha|Shadow Ball|p1a: Corviknight
|-damage|p1a: Corviknight|38/100
|move|p1a: Corviknight|Body Press|p2a: Sinistcha
|-resisted|p2a: Sinistcha
|-damage|p2a: Sinistcha|70/100
|
|upkeep
|turn|50
|
|t:|1758270349
|move|p2a: Sinistcha|Shadow Ball|p1a: Corviknight
|-damage|p1a: Corviknight|0 fnt
|faint|p1a: Corviknight
|
|upkeep
|
|t:|1758270355
|switch|p1a: Ban me|Ogerpon-Wellspring, F|100/100
|turn|51
|
|t:|1758270376
|move|p1a: Ban me|Ivy Cudgel|p2a: Sinistcha|[anim] Ivy Cudgel Water
|-crit|p2a: Sinistcha
|-damage|p2a: Sinistcha|10/100
|move|p2a: Sinistcha|Matcha Gotcha|p1a: Ban me
|-damage|p1a: Ban me|29/100
|-heal|p2a: Sinistcha|41/100|[from] drain|[of] p1a: Ban me
|
|upkeep
|turn|52
|
|t:|1758270388
|move|p1a: Ban me|Ivy Cudgel|p2a: Sinistcha|[anim] Ivy Cudgel Water
|-crit|p2a: Sinistcha
|-damage|p2a: Sinistcha|0 fnt
|faint|p2a: Sinistcha
|
|upkeep
|
|t:|1758270394
|switch|p2a: Okidogi|Okidogi, M|81/100
|turn|53
|j| 976-EVILL
|inactive|evilbryanjohnson has 120 seconds left.
|j| Kyurem
|
|t:|1758270434
|move|p1a: Ban me|U-turn|p2a: Okidogi
|-resisted|p2a: Okidogi
|-damage|p2a: Okidogi|76/100
|
|t:|1758270438
|switch|p1a: Ban Wogerpon|Amoonguss, M, shiny|100/100|[from] U-turn
|move|p2a: Okidogi|Poison Jab|p1a: Ban Wogerpon
|-damage|p1a: Ban Wogerpon|76/100
|
|-heal|p2a: Okidogi|82/100|[from] item: Leftovers
|upkeep
|turn|54
|
|t:|1758270441
|move|p2a: Okidogi|Bulk Up|p2a: Okidogi
|-boost|p2a: Okidogi|atk|1
|-boost|p2a: Okidogi|def|1
|move|p1a: Ban Wogerpon|Foul Play|p2a: Okidogi
|-resisted|p2a: Okidogi
|-damage|p2a: Okidogi|72/100
|
|-heal|p2a: Okidogi|78/100|[from] item: Leftovers
|upkeep
|turn|55
|
|t:|1758270443
|move|p2a: Okidogi|Bulk Up|p2a: Okidogi
|-boost|p2a: Okidogi|atk|1
|-boost|p2a: Okidogi|def|1
|move|p1a: Ban Wogerpon|Foul Play|p2a: Okidogi
|-resisted|p2a: Okidogi
|-crit|p2a: Okidogi
|-damage|p2a: Okidogi|45/100
|
|-heal|p2a: Okidogi|51/100|[from] item: Leftovers
|upkeep
|turn|56
|
|t:|1758270446
|move|p2a: Okidogi|Poison Jab|p1a: Ban Wogerpon
|-damage|p1a: Ban Wogerpon|25/100
|move|p1a: Ban Wogerpon|Foul Play|p2a: Okidogi
|-resisted|p2a: Okidogi
|-damage|p2a: Okidogi|40/100
|
|-heal|p2a: Okidogi|46/100|[from] item: Leftovers
|upkeep
|turn|57
|
|t:|1758270448
|move|p2a: Okidogi|Poison Jab|p1a: Ban Wogerpon
|-damage|p1a: Ban Wogerpon|0 fnt
|faint|p1a: Ban Wogerpon
|
|-heal|p2a: Okidogi|52/100|[from] item: Leftovers
|upkeep
|
|t:|1758270450
|switch|p1a: Kyurem|Kyurem, shiny, tera:Ground|81/100
|-ability|p1a: Kyurem|Pressure
|turn|58
|
|t:|1758270465
|switch|p2a: Garganacl|Garganacl, M|80/100
|move|p1a: Kyurem|Earth Power|p2a: Garganacl
|-supereffective|p2a: Garganacl
|-damage|p2a: Garganacl|8/100
|
|-heal|p1a: Kyurem|87/100|[from] item: Leftovers
|-heal|p2a: Garganacl|15/100|[from] item: Leftovers
|upkeep
|turn|59
|
|t:|1758270471
|move|p1a: Kyurem|Substitute|p1a: Kyurem
|-start|p1a: Kyurem|Substitute
|-damage|p1a: Kyurem|62/100
|move|p2a: Garganacl|Stealth Rock|p1a: Kyurem
|-sidestart|p1: Obito 2001|move: Stealth Rock
|
|-heal|p1a: Kyurem|68/100|[from] item: Leftovers
|-heal|p2a: Garganacl|21/100|[from] item: Leftovers
|upkeep
|turn|60
|
|t:|1758270473
|move|p1a: Kyurem|Earth Power|p2a: Garganacl
|-supereffective|p2a: Garganacl
|-damage|p2a: Garganacl|0 fnt
|faint|p2a: Garganacl
|
|-heal|p1a: Kyurem|74/100|[from] item: Leftovers
|upkeep
|
|t:|1758270479
|switch|p2a: Ting-Lu|Ting-Lu|50/100 brn
|-ability|p2a: Ting-Lu|Vessel of Ruin
|turn|61
|
|t:|1758270483
|move|p1a: Kyurem|Freeze-Dry|p2a: Ting-Lu
|-supereffective|p2a: Ting-Lu
|-damage|p2a: Ting-Lu|15/100 brn
|move|p2a: Ting-Lu|Whirlwind|p1a: Kyurem
|drag|p1a: Ban me|Ogerpon-Wellspring, F|29/100
|-damage|p1a: Ban me|17/100|[from] Stealth Rock
|
|-heal|p2a: Ting-Lu|22/100 brn|[from] item: Leftovers
|-damage|p2a: Ting-Lu|15/100 brn|[from] brn
|upkeep
|turn|62
|
|t:|1758270487
|move|p1a: Ban me|Synthesis|p1a: Ban me
|-heal|p1a: Ban me|67/100
|move|p2a: Ting-Lu|Whirlwind|p1a: Ban me
|drag|p1a: Kyurem|Kyurem, shiny, tera:Ground|74/100
|-damage|p1a: Kyurem|68/100|[from] Stealth Rock
|-ability|p1a: Kyurem|Pressure
|
|-heal|p1a: Kyurem|74/100|[from] item: Leftovers
|-heal|p2a: Ting-Lu|22/100 brn|[from] item: Leftovers
|-damage|p2a: Ting-Lu|15/100 brn|[from] brn
|upkeep
|turn|63
|
|t:|1758270491
|move|p1a: Kyurem|Freeze-Dry|p2a: Ting-Lu
|-supereffective|p2a: Ting-Lu
|-damage|p2a: Ting-Lu|0 fnt
|faint|p2a: Ting-Lu
|
|-heal|p1a: Kyurem|80/100|[from] item: Leftovers
|upkeep
|
|t:|1758270494
|switch|p2a: Moltres|Moltres|64/100 psn
|turn|64
|
|t:|1758270498
|move|p1a: Kyurem|Substitute|p1a: Kyurem
|-start|p1a: Kyurem|Substitute
|-damage|p1a: Kyurem|56/100
|move|p2a: Moltres|Hurricane|p1a: Kyurem|[miss]
|-miss|p2a: Moltres|p1a: Kyurem
|
|-heal|p1a: Kyurem|62/100|[from] item: Leftovers
|-damage|p2a: Moltres|52/100 psn|[from] psn
|upkeep
|turn|65
|
|t:|1758270503
|move|p1a: Kyurem|Freeze-Dry|p2a: Moltres
|-crit|p2a: Moltres
|-damage|p2a: Moltres|0 fnt
|faint|p2a: Moltres
|
|-heal|p1a: Kyurem|68/100|[from] item: Leftovers
|upkeep
|
|t:|1758270508
|switch|p2a: Okidogi|Okidogi, M|52/100
|turn|66
|
|t:|1758270510
|move|p1a: Kyurem|Earth Power|p2a: Okidogi
|-supereffective|p2a: Okidogi
|-damage|p2a: Okidogi|0 fnt
|faint|p2a: Okidogi
|
|-heal|p1a: Kyurem|74/100|[from] item: Leftovers
|upkeep
|
|t:|1758270513
|switch|p2a: Dragonite|Dragonite, F|100/100
|turn|67
|
|t:|1758270518
|move|p1a: Kyurem|Scale Shot|p2a: Dragonite
|-supereffective|p2a: Dragonite
|-damage|p2a: Dragonite|92/100
|-supereffective|p2a: Dragonite
|-damage|p2a: Dragonite|74/100
|-supereffective|p2a: Dragonite
|-damage|p2a: Dragonite|57/100
|-supereffective|p2a: Dragonite
|-damage|p2a: Dragonite|40/100
|-hitcount|p2a: Dragonite|4
|-unboost|p1a: Kyurem|def|1
|-boost|p1a: Kyurem|spe|1
|move|p2a: Dragonite|Low Kick|p1a: Kyurem
|-end|p1a: Kyurem|Substitute
|
|-heal|p1a: Kyurem|80/100|[from] item: Leftovers
|upkeep
|turn|68
|
|t:|1758270521
|move|p2a: Dragonite|Extreme Speed|p1a: Kyurem
|-damage|p1a: Kyurem|38/100
|move|p1a: Kyurem|Freeze-Dry|p2a: Dragonite
|-supereffective|p2a: Dragonite
|-damage|p2a: Dragonite|0 fnt
|faint|p2a: Dragonite
|
|win|Obito 2001
|raw|Obito 2001's rating: 1700 &rarr; <strong>1721</strong><br />(+21 for winning)
|raw|evilbryanjohnson's rating: 1722 &rarr; <strong>1701</strong><br />(-21 for losing)
|c|☆evilbryanjohnson|just miss every cane
|c|☆evilbryanjohnson|and crit eveyr move
|c|☆evilbryanjohnson|lol
|l|☆evilbryanjohnson
|player|p2|
|c|☆Obito 2001|😂😂
|l|☆Obito 2001
|player|p1|
|l| 976-EVILL
|l| shyahngyoo
