|j|☆EfosaYT
|j|☆fumikagez
|t:|1758350096
|gametype|singles
|player|p1|EfosaYT|265|1067
|player|p2|fumikagez|102|1115
|gen|9
|tier|[Gen 9] OU
|rated|
|rule|HP Percentage Mod: HP is shown in percentages
|rule|Endless Battle Clause: Forcing endless battles is banned
|rule|Species Clause: Limit one of each Pokémon
|rule|OHKO Clause: OHKO moves are banned
|rule|Evasion Items Clause: Evasion items are banned
|rule|Evasion Moves Clause: Evasion moves are banned
|rule|Evasion Abilities Clause: Evasion abilities are banned
|rule|Sleep Moves Clause: Sleep-inducing moves are banned
|clearpoke
|poke|p1|Reuniclus, F|
|poke|p1|Cinderace, M|
|poke|p1|Gholdengo|
|poke|p1|Meowscarada, M|
|poke|p1|Pawmot, M|
|poke|p1|Swampert, M|
|poke|p2|Gogoat, F|
|poke|p2|Rillaboom, M|
|poke|p2|Hawlucha, M|
|poke|p2|Heatran, M|
|poke|p2|Raging Bolt|
|poke|p2|Primarina, M|
|teampreview
|
|t:|1758350109
|teamsize|p1|6
|teamsize|p2|6
|start
|switch|p1a: Blaze Bunny|Cinderace, M|100/100
|switch|p2a: Rillaboom|Rillaboom, M|100/100
|-fieldstart|move: Grassy Terrain|[from] ability: Grassy Surge|[of] p2a: Rillaboom
|turn|1
|
|t:|1758350115
|switch|p2a: Heatran|Heatran, M|100/100
|move|p1a: Blaze Bunny|Pyro Ball|p2a: Heatran
|-start|p2a: Heatran|ability: Flash Fire
|
|upkeep
|turn|2
|
|t:|1758350128
|move|p1a: Blaze Bunny|High Jump Kick|p2a: Heatran
|-start|p1a: Blaze Bunny|typechange|Fighting|[from] ability: Libero
|-supereffective|p2a: Heatran
|-damage|p2a: Heatran|0 fnt
|faint|p2a: Heatran
|
|upkeep
|
|t:|1758350134
|switch|p2a: Gogoat|Gogoat, F|100/100
|turn|3
|
|t:|1758350138
|move|p1a: Blaze Bunny|Pyro Ball|p2a: Gogoat
|-supereffective|p2a: Gogoat
|-damage|p2a: Gogoat|38/100
|move|p2a: Gogoat|Bulk Up|p2a: Gogoat
|-boost|p2a: Gogoat|atk|1
|-boost|p2a: Gogoat|def|1
|
|-heal|p2a: Gogoat|44/100|[from] Grassy Terrain
|-heal|p2a: Gogoat|51/100|[from] item: Leftovers
|upkeep
|turn|4
|
|t:|1758350151
|-terastallize|p2a: Gogoat|Electric
|move|p1a: Blaze Bunny|Pyro Ball|p2a: Gogoat
|-damage|p2a: Gogoat|28/100
|move|p2a: Gogoat|Milk Drink|p2a: Gogoat
|-heal|p2a: Gogoat|78/100
|
|-heal|p2a: Gogoat|84/100|[from] Grassy Terrain
|-heal|p2a: Gogoat|90/100|[from] item: Leftovers
|upkeep
|turn|5
|
|t:|1758350169
|move|p1a: Blaze Bunny|U-turn|p2a: Gogoat
|-damage|p2a: Gogoat|78/100
|
|t:|1758350171
|switch|p1a: Skipper|Swampert, M|100/100|[from] U-turn
|move|p2a: Gogoat|Bulk Up|p2a: Gogoat
|-boost|p2a: Gogoat|atk|1
|-boost|p2a: Gogoat|def|1
|
|-heal|p2a: Gogoat|84/100|[from] Grassy Terrain
|-heal|p2a: Gogoat|90/100|[from] item: Leftovers
|upkeep
|turn|6
|
|t:|1758350183
|move|p2a: Gogoat|Horn Leech|p1a: Skipper
|-supereffective|p1a: Skipper
|-damage|p1a: Skipper|0 fnt
|-heal|p2a: Gogoat|100/100|[from] drain|[of] p1a: Skipper
|faint|p1a: Skipper
|
|upkeep
|
|t:|1758350198
|switch|p1a: El Gato|Meowscarada, M|100/100
|turn|7
|
|t:|1758350206
|move|p1a: El Gato|Flower Trick|p2a: Gogoat
|-start|p1a: El Gato|typechange|Grass|[from] ability: Protean
|-crit|p2a: Gogoat
|-damage|p2a: Gogoat|52/100
|move|p2a: Gogoat|Bulk Up|p2a: Gogoat
|-boost|p2a: Gogoat|atk|1
|-boost|p2a: Gogoat|def|1
|
|-heal|p2a: Gogoat|59/100|[from] Grassy Terrain
|-heal|p2a: Gogoat|65/100|[from] item: Leftovers
|upkeep
|turn|8
|
|t:|1758350223
|move|p1a: El Gato|Flower Trick|p2a: Gogoat
|-crit|p2a: Gogoat
|-damage|p2a: Gogoat|16/100
|move|p2a: Gogoat|Horn Leech|p1a: El Gato
|-resisted|p1a: El Gato
|-damage|p1a: El Gato|40/100
|-heal|p2a: Gogoat|36/100|[from] drain|[of] p1a: El Gato
|
|-heal|p1a: El Gato|46/100|[from] Grassy Terrain
|-heal|p2a: Gogoat|42/100|[from] Grassy Terrain
|-heal|p2a: Gogoat|48/100|[from] item: Leftovers
|-fieldend|move: Grassy Terrain
|upkeep
|turn|9
|
|t:|1758350237
|move|p1a: El Gato|U-turn|p2a: Gogoat
|-damage|p2a: Gogoat|39/100
|
|t:|1758350240
|switch|p1a: Goop|Reuniclus, F|100/100|[from] U-turn
|move|p2a: Gogoat|Horn Leech|p1a: Goop
|-damage|p1a: Goop|37/100
|-heal|p2a: Gogoat|68/100|[from] drain|[of] p1a: Goop
|-damage|p2a: Gogoat|52/100|[from] item: Rocky Helmet|[of] p1a: Goop
|
|-heal|p2a: Gogoat|58/100|[from] item: Leftovers
|upkeep
|turn|10
|-message|EfosaYT forfeited.
|
|win|fumikagez
|raw|EfosaYT's rating: 1067 &rarr; <strong>1050</strong><br />(-17 for losing)
|raw|fumikagez's rating: 1115 &rarr; <strong>1137</strong><br />(+22 for winning)
|l|☆EfosaYT
|player|p1|
|l|☆fumikagez
|player|p2|
