|j|☆chenlongzhenniubi
|j|☆bigzawg
|t:|1758292816
|gametype|singles
|player|p1|chenlongzhenniubi|102|1104
|player|p2|bigzawg|skier|1124
|gen|9
|tier|[Gen 9] OU
|rated|
|rule|HP Percentage Mod: HP is shown in percentages
|rule|Endless Battle Clause: Forcing endless battles is banned
|rule|Species Clause: Limit one of each Pokémon
|rule|OHKO Clause: OHKO moves are banned
|rule|Evasion Items Clause: Evasion items are banned
|rule|Evasion Moves Clause: Evasion moves are banned
|rule|Evasion Abilities Clause: Evasion abilities are banned
|rule|Sleep Moves Clause: Sleep-inducing moves are banned
|clearpoke
|poke|p1|Pelipper, M|
|poke|p1|Ogerpon-Wellspring, F|
|poke|p1|Greninja-*, M|
|poke|p1|Ludicolo, F|
|poke|p1|Iron Treads|
|poke|p1|Sandy Shocks|
|poke|p2|Venusaur, F|
|poke|p2|Ninetales, F|
|poke|p2|Metagross|
|poke|p2|Garchomp, M|
|poke|p2|Swampert, M|
|poke|p2|Gliscor, M|
|teampreview
|inactive|Battle timer is ON: inactive players will automatically lose when time's up. (requested by bigzawg)
|
|t:|1758292831
|teamsize|p1|6
|teamsize|p2|6
|start
|switch|p1a: Sandy Shocks|Sandy Shocks|100/100
|switch|p2a: Metagross|Metagross, shiny|100/100
|-enditem|p1a: Sandy Shocks|Booster Energy
|-activate|p1a: Sandy Shocks|ability: Protosynthesis|[fromitem]
|-start|p1a: Sandy Shocks|protosynthesisspa
|turn|1
|
|t:|1758292840
|move|p2a: Metagross|Bullet Punch|p1a: Sandy Shocks
|-resisted|p1a: Sandy Shocks
|-damage|p1a: Sandy Shocks|87/100
|move|p1a: Sandy Shocks|Stealth Rock|p2a: Metagross
|-sidestart|p2: bigzawg|move: Stealth Rock
|
|upkeep
|turn|2
|
|t:|1758292852
|move|p1a: Sandy Shocks|Earth Power|p2a: Metagross
|-supereffective|p2a: Metagross
|-damage|p2a: Metagross|10/100
|move|p2a: Metagross|Ice Punch|p1a: Sandy Shocks
|-supereffective|p1a: Sandy Shocks
|-damage|p1a: Sandy Shocks|23/100
|
|upkeep
|turn|3
|
|t:|1758292863
|move|p1a: Sandy Shocks|Earth Power|p2a: Metagross
|-supereffective|p2a: Metagross
|-damage|p2a: Metagross|0 fnt
|faint|p2a: Metagross
|
|upkeep
|
|t:|1758292864
|switch|p2a: Ninetales|Ninetales, F, shiny|100/100
|-damage|p2a: Ninetales|76/100|[from] Stealth Rock
|-weather|SunnyDay|[from] ability: Drought|[of] p2a: Ninetales
|turn|4
|
|t:|1758292874
|move|p2a: Ninetales|Flare Blitz|p1a: Sandy Shocks
|-damage|p1a: Sandy Shocks|0 fnt
|faint|p1a: Sandy Shocks
|-end|p1a: Sandy Shocks|Protosynthesis|[silent]
|-damage|p2a: Ninetales|68/100|[from] Recoil
|
|-weather|SunnyDay|[upkeep]
|upkeep
|
|t:|1758292884
|switch|p1a: Pelipper|Pelipper, M|100/100
|-weather|RainDance|[from] ability: Drizzle|[of] p1a: Pelipper
|turn|5
|
|t:|1758292893
|-terastallize|p2a: Ninetales|Grass
|move|p2a: Ninetales|Solar Beam||[still]
|-prepare|p2a: Ninetales|Solar Beam
|move|p1a: Pelipper|U-turn|p2a: Ninetales
|-supereffective|p2a: Ninetales
|-crit|p2a: Ninetales
|-damage|p2a: Ninetales|27/100
|
|t:|1758292908
|switch|p1a: Ludicolo|Ludicolo, F|100/100|[from] U-turn
|
|-weather|RainDance|[upkeep]
|upkeep
|turn|6
|
|t:|1758292921
|move|p1a: Ludicolo|Hydro Pump|p2a: Ninetales
|-resisted|p2a: Ninetales
|-damage|p2a: Ninetales|0 fnt
|faint|p2a: Ninetales
|
|-weather|RainDance|[upkeep]
|upkeep
|
|t:|1758292928
|switch|p2a: Gliscor|Gliscor, M, shiny|100/100
|-damage|p2a: Gliscor|88/100|[from] Stealth Rock
|turn|7
|
|t:|1758292937
|-terastallize|p1a: Ludicolo|Water
|move|p1a: Ludicolo|Hydro Pump|p2a: Gliscor
|-supereffective|p2a: Gliscor
|-damage|p2a: Gliscor|0 fnt
|faint|p2a: Gliscor
|
|-weather|RainDance|[upkeep]
|upkeep
|
|t:|1758292941
|switch|p2a: Garchomp|Garchomp, M|100/100
|-damage|p2a: Garchomp|94/100|[from] Stealth Rock
|turn|8
|
|t:|1758292948
|move|p1a: Ludicolo|Hydro Pump|p2a: Garchomp
|-damage|p2a: Garchomp|0 fnt
|faint|p2a: Garchomp
|
|-weather|RainDance|[upkeep]
|upkeep
|-message|bigzawg forfeited.
|
|win|chenlongzhenniubi
|raw|chenlongzhenniubi's rating: 1104 &rarr; <strong>1130</strong><br />(+26 for winning)
|raw|bigzawg's rating: 1124 &rarr; <strong>1098</strong><br />(-26 for losing)
|l|☆bigzawg
|player|p2|
|l|☆chenlongzhenniubi
|player|p1|
