|j|☆BrazyBray
|j|☆lildevious1337
|t:|1758258336
|gametype|singles
|player|p1|BrazyBray|265|1087
|player|p2|lildevious1337|ethan|1105
|gen|9
|tier|[Gen 9] OU
|rated|
|rule|HP Percentage Mod: HP is shown in percentages
|rule|Endless Battle Clause: Forcing endless battles is banned
|rule|Species Clause: Limit one of each Pokémon
|rule|OHKO Clause: OHKO moves are banned
|rule|Evasion Items Clause: Evasion items are banned
|rule|Evasion Moves Clause: Evasion moves are banned
|rule|Evasion Abilities Clause: Evasion abilities are banned
|rule|Sleep Moves Clause: Sleep-inducing moves are banned
|clearpoke
|poke|p1|Indeedee, M|
|poke|p1|Hatterene, F|
|poke|p1|Iron Treads|
|poke|p1|Deoxys-Speed|
|poke|p1|Ceruledge, M|
|poke|p1|Walking Wake|
|poke|p2|Iron Crown|
|poke|p2|Zapdos-Galar|
|poke|p2|Ting-Lu|
|poke|p2|Scizor, M|
|poke|p2|Cinderace, M|
|poke|p2|Ogerpon-Wellspring, F|
|teampreview
|inactive|Battle timer is ON: inactive players will automatically lose when time's up. (requested by BrazyBray)
|
|t:|1758258351
|teamsize|p1|6
|teamsize|p2|6
|start
|switch|p1a: Hatterene|Hatterene, F|100/100
|switch|p2a: Cinderace|Cinderace, M, shiny|100/100
|turn|1
|
|t:|1758258362
|switch|p1a: Ceruledge|Ceruledge, M|100/100
|move|p2a: Cinderace|U-turn|p1a: Ceruledge
|-start|p2a: Cinderace|typechange|Bug|[from] ability: Libero
|-resisted|p1a: Ceruledge
|-damage|p1a: Ceruledge|88/100
|-ability|p1a: Ceruledge|Weak Armor|boost
|-unboost|p1a: Ceruledge|def|1
|-boost|p1a: Ceruledge|spe|2
|
|t:|1758258371
|switch|p2a: Ogerpon|Ogerpon-Wellspring, F|100/100|[from] U-turn
|
|upkeep
|turn|2
|
|t:|1758258375
|-terastallize|p1a: Ceruledge|Bug
|move|p1a: Ceruledge|Swords Dance|p1a: Ceruledge
|-boost|p1a: Ceruledge|atk|2
|move|p2a: Ogerpon|Ivy Cudgel|p1a: Ceruledge|[anim] Ivy Cudgel Water
|-damage|p1a: Ceruledge|0 fnt
|faint|p1a: Ceruledge
|
|upkeep
|c|☆lildevious1337|tera bug?
|c|☆BrazyBray|yes for ground type moves typically
|inactive|BrazyBray has 120 seconds left.
|
|t:|1758258405
|switch|p1a: Indeedee|Indeedee, M|100/100
|-fieldstart|move: Psychic Terrain|[from] ability: Psychic Surge|[of] p1a: Indeedee
|turn|3
|c|☆lildevious1337|then js go tera flying or water
|
|t:|1758258417
|move|p2a: Ogerpon|U-turn|p1a: Indeedee
|-supereffective|p1a: Indeedee
|-damage|p1a: Indeedee|0 fnt
|faint|p1a: Indeedee
|c|☆BrazyBray|no, flying gets clipped by raging bolt
|
|t:|1758258429
|switch|p2a: Ting-Lu|Ting-Lu, shiny|100/100|[from] U-turn
|-ability|p2a: Ting-Lu|Vessel of Ruin
|
|upkeep
|c|☆BrazyBray|& so does water
|c|☆lildevious1337|so does bug
|c|☆BrazyBray|does not
|c|☆lildevious1337|its not weak 2 it
|c|☆lildevious1337|but ceruledge is frail
|c|☆BrazyBray|I've never lost cera vs bolt
|c|☆BrazyBray|^
|inactive|BrazyBray has 120 seconds left.
|c|☆lildevious1337|it dies to raging anyways with booster or good investment
|c|☆BrazyBray|never died to it and been usin this team for months bro idk
|c|☆lildevious1337|Eh i js wouldnt suggest bug ig
|
|t:|1758258480
|switch|p1a: Walking Wake|Walking Wake|100/100
|-enditem|p1a: Walking Wake|Booster Energy
|-activate|p1a: Walking Wake|ability: Protosynthesis|[fromitem]
|-start|p1a: Walking Wake|protosynthesisspa
|turn|4
|c|☆BrazyBray|works better than flying after months of testing
|c|☆lildevious1337|u could lit go tera ground
|
|t:|1758258496
|-terastallize|p2a: Ting-Lu|Water
|move|p1a: Walking Wake|Dragon Pulse|p2a: Ting-Lu
|-damage|p2a: Ting-Lu|68/100
|move|p2a: Ting-Lu|Stealth Rock|p1a: Walking Wake
|-sidestart|p1: BrazyBray|move: Stealth Rock
|
|-heal|p2a: Ting-Lu|75/100|[from] item: Leftovers
|upkeep
|turn|5
|inactive|BrazyBray has 90 seconds left.
|c|☆BrazyBray|so I can get grassy glided
|c|☆BrazyBray|?
|c|☆BrazyBray|naur
|
|t:|1758258520
|move|p1a: Walking Wake|Dragon Pulse|p2a: Ting-Lu
|-damage|p2a: Ting-Lu|44/100
|move|p2a: Ting-Lu|Ruination|p1a: Walking Wake
|-damage|p1a: Walking Wake|51/100
|
|-heal|p2a: Ting-Lu|50/100|[from] item: Leftovers
|upkeep
|turn|6
|c|☆lildevious1337|ur thinking a bit 2 much about it
|inactive|BrazyBray has 90 seconds left.
|c|☆lildevious1337|u dont make tera considering every stingle mon
|c|☆lildevious1337|single*
|c|☆lildevious1337|theres always gna be a counter
|c|☆BrazyBray|don't need ur advice on my tera lil bruh bug works best
|inactive|BrazyBray has 60 seconds left.
|c|☆BrazyBray|it's 1 am and i am clicking buttons
|
|t:|1758258563
|move|p1a: Walking Wake|Hydro Steam|p2a: Ting-Lu
|-resisted|p2a: Ting-Lu
|-damage|p2a: Ting-Lu|36/100
|move|p2a: Ting-Lu|Whirlwind|p1a: Walking Wake
|-end|p1a: Walking Wake|Protosynthesis|[silent]
|drag|p1a: Hatterene|Hatterene, F|100/100
|-damage|p1a: Hatterene|88/100|[from] Stealth Rock
|
|-heal|p2a: Ting-Lu|42/100|[from] item: Leftovers
|upkeep
|turn|7
|inactive|BrazyBray has 60 seconds left.
|c|☆lildevious1337|you say as you get one shot by the most common meta game threat...
|
|t:|1758258574
|move|p2a: Ting-Lu|Ruination|p1a: Hatterene
|-damage|p1a: Hatterene|44/100
|move|p1a: Hatterene|Nuzzle|p2a: Ting-Lu
|-supereffective|p2a: Ting-Lu
|-damage|p2a: Ting-Lu|38/100
|-status|p2a: Ting-Lu|par
|
|-heal|p2a: Ting-Lu|44/100 par|[from] item: Leftovers
|upkeep
|turn|8
|c|☆BrazyBray|I have a feeling you are unemployed
|inactive|BrazyBray has 60 seconds left.
|
|t:|1758258589
|move|p1a: Hatterene|Psychic Noise|p2a: Ting-Lu
|-damage|p2a: Ting-Lu|17/100 par
|-start|p2a: Ting-Lu|move: Heal Block
|move|p2a: Ting-Lu|Whirlwind|p1a: Hatterene
|move|p1a: Hatterene|Whirlwind|p2a: Ting-Lu|[from] ability: Magic Bounce
|drag|p2a: Scizor|Scizor, M, shiny|100/100
|
|upkeep
|turn|9
|c|☆BrazyBray|bro doesn't know how magic bounce works
|
|t:|1758258609
|move|p2a: Scizor|Dual Wingbeat|p1a: Hatterene
|-crit|p1a: Hatterene
|-damage|p1a: Hatterene|0 fnt
|faint|p1a: Hatterene
|-hitcount|p1: Hatterene|1
|
|upkeep
|c|☆BrazyBray|but is tryna lecture me
|
|t:|1758258617
|switch|p1a: Walking Wake|Walking Wake|51/100
|-damage|p1a: Walking Wake|38/100|[from] Stealth Rock
|turn|10
|c|☆lildevious1337|you said you spent months to figure out... tera bug ceruledge
|
|t:|1758258625
|switch|p2a: Ting-Lu|Ting-Lu, shiny, tera:Water|17/100 par
|-ability|p2a: Ting-Lu|Vessel of Ruin
|move|p1a: Walking Wake|Flamethrower|p2a: Ting-Lu
|-resisted|p2a: Ting-Lu
|-damage|p2a: Ting-Lu|9/100 par
|
|-heal|p2a: Ting-Lu|15/100 par|[from] item: Leftovers
|-fieldend|move: Psychic Terrain
|upkeep
|turn|11
|c|☆BrazyBray|I said of testing as in bouncing between diff tera types
|c|☆lildevious1337|sorry, im not taking you serious but you gotta understand how it sounds
|inactive|BrazyBray has 60 seconds left.
|c|☆BrazyBray|ur definitely taking it too serious bro I do not play this game everyday
|
|t:|1758258662
|move|p1a: Walking Wake|Dragon Pulse|p2a: Ting-Lu
|-damage|p2a: Ting-Lu|0 fnt
|faint|p2a: Ting-Lu
|
|upkeep
|c|☆lildevious1337|Tera water works better, js have teamate support to help with ragin
|c|☆BrazyBray|omd for what bro
|
|t:|1758258680
|switch|p2a: Iron Crown|Iron Crown|100/100
|turn|12
|inactive|BrazyBray has 60 seconds left.
|c|☆BrazyBray|I did not ask for a yappuchino buddy
|
|t:|1758258702
|-end|p2a: Iron Crown|Quark Drive|[silent]
|switch|p2a: Cinderace|Cinderace, M, shiny|100/100
|move|p1a: Walking Wake|Draco Meteor|p2a: Cinderace|[miss]
|-miss|p1a: Walking Wake|p2a: Cinderace
|
|upkeep
|turn|13
|c|☆lildevious1337|Nor did i want sum1 to throw on purpose with tera bug
|
|t:|1758258721
|-end|p1a: Walking Wake|Protosynthesis|[silent]
|switch|p1a: Iron Treads|Iron Treads|100/100
|-damage|p1a: Iron Treads|97/100|[from] Stealth Rock
|-enditem|p1a: Iron Treads|Booster Energy
|-activate|p1a: Iron Treads|ability: Quark Drive|[fromitem]
|-start|p1a: Iron Treads|quarkdrivespe
|move|p2a: Cinderace|U-turn|p1a: Iron Treads
|-start|p2a: Cinderace|typechange|Bug|[from] ability: Libero
|-resisted|p1a: Iron Treads
|-damage|p1a: Iron Treads|83/100
|c|☆BrazyBray|idc what u want
|c|☆BrazyBray|I want u to get a job
|c|☆BrazyBray|we all can't get what we want
|inactive|lildevious1337 has 120 seconds left.
|c|☆BrazyBray|It's 1 am and I am clicking buttons
|c|☆lildevious1337|nor do i care what you asked for bud
|
|t:|1758258765
|switch|p2a: Ogerpon|Ogerpon-Wellspring, F|100/100|[from] U-turn
|
|upkeep
|turn|14
|
|t:|1758258775
|move|p1a: Iron Treads|Rapid Spin|p2a: Ogerpon
|-damage|p2a: Ogerpon|86/100
|-boost|p1a: Iron Treads|spe|1
|-sideend|p1: BrazyBray|Stealth Rock|[from] move: Rapid Spin|[of] p1a: Iron Treads
|move|p2a: Ogerpon|Ivy Cudgel|p1a: Iron Treads|[anim] Ivy Cudgel Water
|-supereffective|p1a: Iron Treads
|-damage|p1a: Iron Treads|0 fnt
|faint|p1a: Iron Treads
|-end|p1a: Iron Treads|Quark Drive|[silent]
|
|upkeep
|
|t:|1758258781
|switch|p1a: Deoxys|Deoxys-Speed|100/100
|-ability|p1a: Deoxys|Pressure
|turn|15
|
|t:|1758258794
|move|p1a: Deoxys|Superpower|p2a: Ogerpon
|-damage|p2a: Ogerpon|40/100
|-unboost|p1a: Deoxys|atk|1
|-unboost|p1a: Deoxys|def|1
|-damage|p1a: Deoxys|91/100|[from] item: Life Orb
|move|p2a: Ogerpon|U-turn|p1a: Deoxys
|-supereffective|p1a: Deoxys
|-damage|p1a: Deoxys|0 fnt
|faint|p1a: Deoxys
|inactive|lildevious1337 has 120 seconds left.
|c|☆lildevious1337|life orb speed deoxys..?
|c|☆lildevious1337|alr your trolling
|
|t:|1758258815
|switch|p2a: Scizor|Scizor, M, shiny|100/100|[from] U-turn
|
|upkeep
|c|☆BrazyBray|life orb + expanding force + stellar tera u dumb fuck
|c|☆BrazyBray|+ psych terrain
|c|☆lildevious1337|dark types?
|c|☆lildevious1337|Literally meow counters your whole team
|c|☆BrazyBray|why tf do u think I have superpower?
|c|☆lildevious1337|even ceruledge
|inactive|BrazyBray has 30 seconds left.
|c|☆BrazyBray|why do u think I have superpower
|c|☆lildevious1337|and it has protean
|c|☆BrazyBray|cera has cc
|c|☆lildevious1337|Protean changes its type
|inactive|BrazyBray has 20 seconds left.
|c|☆lildevious1337|are u slow?
|c|☆BrazyBray|bro ur so annoying get some hoes please oh my gosh
|-message|BrazyBray forfeited.
|
|win|lildevious1337
