|j|☆LX1987
|j|☆Pikadavid14
|t:|1758379098
|gametype|singles
|player|p1|LX1987|2|1465
|player|p2|Pikadavid14|lucas|1467
|gen|9
|tier|[Gen 9] OU
|rated|
|rule|HP Percentage Mod: HP is shown in percentages
|rule|Endless Battle Clause: Forcing endless battles is banned
|rule|Species Clause: Limit one of each Pokémon
|rule|OHKO Clause: OHKO moves are banned
|rule|Evasion Items Clause: Evasion items are banned
|rule|Evasion Moves Clause: Evasion moves are banned
|rule|Evasion Abilities Clause: Evasion abilities are banned
|rule|Sleep Moves Clause: Sleep-inducing moves are banned
|clearpoke
|poke|p1|Drifblim, M|
|poke|p1|Rillaboom, F|
|poke|p1|Tauros-Paldea-Blaze, M|
|poke|p1|Slowking, M|
|poke|p1|Muk-Alola, F|
|poke|p1|Flygon, M|
|poke|p2|Iron Moth|
|poke|p2|Ogerpon-Wellspring, F|
|poke|p2|Gholdengo|
|poke|p2|Great Tusk|
|poke|p2|Dragonite, M|
|poke|p2|Ribombee, F|
|teampreview
|inactive|Battle timer is ON: inactive players will automatically lose when time's up. (requested by Pikadavid14)
|
|t:|1758379103
|teamsize|p1|6
|teamsize|p2|6
|start
|switch|p1a: Muk|Muk-Alola, F|100/100
|switch|p2a: Ribombee|Ribombee, F|100/100
|turn|1
|
|t:|1758379111
|move|p2a: Ribombee|Sticky Web|p1a: Muk
|-sidestart|p1: LX1987|move: Sticky Web
|move|p1a: Muk|Knock Off|p2a: Ribombee
|-resisted|p2a: Ribombee
|-damage|p2a: Ribombee|53/100
|-enditem|p2a: Ribombee|Focus Sash|[from] move: Knock Off|[of] p1a: Muk
|
|upkeep
|turn|2
|
|t:|1758379118
|move|p2a: Ribombee|Moonblast|p1a: Muk
|-damage|p1a: Muk|69/100
|-unboost|p1a: Muk|spa|1
|move|p1a: Muk|Fire Punch|p2a: Ribombee
|-supereffective|p2a: Ribombee
|-damage|p2a: Ribombee|0 fnt
|faint|p2a: Ribombee
|
|-heal|p1a: Muk|75/100|[from] item: Black Sludge
|upkeep
|
|t:|1758379130
|switch|p2a: Dragonite|Dragonite, M|100/100
|turn|3
|
|t:|1758379135
|move|p2a: Dragonite|Earthquake|p1a: Muk
|-supereffective|p1a: Muk
|-damage|p1a: Muk|0 fnt
|faint|p1a: Muk
|
|upkeep
|
|t:|1758379141
|switch|p1a: Rillaboom|Rillaboom, F|100/100
|-activate|p1a: Rillaboom|move: Sticky Web
|-unboost|p1a: Rillaboom|spe|1
|-fieldstart|move: Grassy Terrain|[from] ability: Grassy Surge|[of] p1a: Rillaboom
|turn|4
|
|t:|1758379147
|switch|p1a: Tauros|Tauros-Paldea-Blaze, M|100/100
|-ability|p1a: Tauros|Intimidate|boost
|-unboost|p2a: Dragonite|atk|1
|move|p2a: Dragonite|Dragon Dance|p2a: Dragonite
|-boost|p2a: Dragonite|atk|1
|-boost|p2a: Dragonite|spe|1
|
|upkeep
|turn|5
|
|t:|1758379156
|move|p2a: Dragonite|Earthquake|p1a: Tauros
|-supereffective|p1a: Tauros
|-damage|p1a: Tauros|61/100
|move|p1a: Tauros|Will-O-Wisp|p2a: Dragonite
|-status|p2a: Dragonite|brn
|
|-heal|p1a: Tauros|68/100|[from] Grassy Terrain
|-damage|p2a: Dragonite|94/100 brn|[from] brn
|upkeep
|turn|6
|
|t:|1758379168
|switch|p1a: Drifblim|Drifblim, M|100/100
|-enditem|p1a: Drifblim|Grassy Seed
|-boost|p1a: Drifblim|def|1|[from] item: Grassy Seed
|move|p2a: Dragonite|Dragon Dance|p2a: Dragonite
|-boost|p2a: Dragonite|atk|1
|-boost|p2a: Dragonite|spe|1
|
|-damage|p2a: Dragonite|88/100 brn|[from] brn
|upkeep
|turn|7
|
|t:|1758379179
|switch|p2a: Gholdengo|Gholdengo|100/100
|-item|p2a: Gholdengo|Air Balloon
|move|p1a: Drifblim|Calm Mind|p1a: Drifblim
|-boost|p1a: Drifblim|spa|1
|-boost|p1a: Drifblim|spd|1
|
|upkeep
|turn|8
|
|t:|1758379186
|move|p1a: Drifblim|Shadow Ball|p2a: Gholdengo
|-supereffective|p2a: Gholdengo
|-damage|p2a: Gholdengo|5/100
|-enditem|p2a: Gholdengo|Air Balloon
|move|p2a: Gholdengo|Shadow Ball|p1a: Drifblim
|-supereffective|p1a: Drifblim
|-damage|p1a: Drifblim|40/100
|
|-heal|p2a: Gholdengo|11/100|[from] Grassy Terrain
|-fieldend|move: Grassy Terrain
|upkeep
|turn|9
|
|t:|1758379199
|move|p1a: Drifblim|Shadow Ball|p2a: Gholdengo
|-supereffective|p2a: Gholdengo
|-damage|p2a: Gholdengo|0 fnt
|faint|p2a: Gholdengo
|
|upkeep
|
|t:|1758379206
|switch|p2a: Iron Moth|Iron Moth|100/100
|-enditem|p2a: Iron Moth|Booster Energy
|-activate|p2a: Iron Moth|ability: Quark Drive|[fromitem]
|-start|p2a: Iron Moth|quarkdrivespe
|turn|10
|
|t:|1758379214
|move|p2a: Iron Moth|Fiery Dance|p1a: Drifblim
|-damage|p1a: Drifblim|11/100
|-boost|p2a: Iron Moth|spa|1
|move|p1a: Drifblim|Shadow Ball|p2a: Iron Moth
|-damage|p2a: Iron Moth|63/100
|-unboost|p2a: Iron Moth|spd|1
|
|upkeep
|turn|11
|
|t:|1758379223
|move|p2a: Iron Moth|Fiery Dance|p1a: Drifblim
|-damage|p1a: Drifblim|0 fnt
|faint|p1a: Drifblim
|
|upkeep
|
|t:|1758379230
|switch|p1a: Slowking|Slowking, M|100/100
|-activate|p1a: Slowking|move: Sticky Web
|-unboost|p1a: Slowking|spe|1
|turn|12
|
|t:|1758379235
|-terastallize|p2a: Iron Moth|Grass
|move|p2a: Iron Moth|Energy Ball|p1a: Slowking
|-supereffective|p1a: Slowking
|-damage|p1a: Slowking|37/100
|move|p1a: Slowking|Psychic Noise|p2a: Iron Moth
|-damage|p2a: Iron Moth|19/100
|-start|p2a: Iron Moth|move: Heal Block
|
|upkeep
|turn|13
|
|t:|1758379248
|move|p2a: Iron Moth|Energy Ball|p1a: Slowking
|-supereffective|p1a: Slowking
|-damage|p1a: Slowking|0 fnt
|faint|p1a: Slowking
|
|-end|p2a: Iron Moth|move: Heal Block
|upkeep
|
|t:|1758379256
|switch|p1a: Rillaboom|Rillaboom, F|100/100
|-activate|p1a: Rillaboom|move: Sticky Web
|-unboost|p1a: Rillaboom|spe|1
|-fieldstart|move: Grassy Terrain|[from] ability: Grassy Surge|[of] p1a: Rillaboom
|turn|14
|
|t:|1758379262
|move|p1a: Rillaboom|Grassy Glide|p2a: Iron Moth
|-resisted|p2a: Iron Moth
|-damage|p2a: Iron Moth|0 fnt
|faint|p2a: Iron Moth
|-end|p2a: Iron Moth|Quark Drive|[silent]
|
|upkeep
|
|t:|1758379269
|switch|p2a: Great Tusk|Great Tusk|100/100
|-enditem|p2a: Great Tusk|Booster Energy
|-activate|p2a: Great Tusk|ability: Protosynthesis|[fromitem]
|-start|p2a: Great Tusk|protosynthesisatk
|turn|15
|
|t:|1758379275
|-terastallize|p1a: Rillaboom|Grass
|move|p1a: Rillaboom|Grassy Glide|p2a: Great Tusk
|-supereffective|p2a: Great Tusk
|-damage|p2a: Great Tusk|0 fnt
|faint|p2a: Great Tusk
|-end|p2a: Great Tusk|Protosynthesis|[silent]
|
|upkeep
|
|t:|1758379290
|switch|p2a: Ogerpon|Ogerpon-Wellspring, F|100/100
|turn|16
|
|t:|1758379293
|move|p1a: Rillaboom|Grassy Glide|p2a: Ogerpon
|-damage|p2a: Ogerpon|0 fnt
|faint|p2a: Ogerpon
|
|upkeep
|
|t:|1758379305
|switch|p2a: Dragonite|Dragonite, M|88/100 brn
|turn|17
|
|t:|1758379310
|switch|p1a: Tauros|Tauros-Paldea-Blaze, M|68/100
|-ability|p1a: Tauros|Intimidate|boost
|-unboost|p2a: Dragonite|atk|1
|move|p2a: Dragonite|Dragon Dance|p2a: Dragonite
|-boost|p2a: Dragonite|atk|1
|-boost|p2a: Dragonite|spe|1
|
|-heal|p1a: Tauros|74/100|[from] Grassy Terrain
|-damage|p2a: Dragonite|82/100 brn|[from] brn
|upkeep
|turn|18
|
|t:|1758379321
|move|p2a: Dragonite|Earthquake|p1a: Tauros
|-supereffective|p1a: Tauros
|-damage|p1a: Tauros|55/100
|move|p1a: Tauros|Rock Slide|p2a: Dragonite
|-supereffective|p2a: Dragonite
|-damage|p2a: Dragonite|35/100 brn
|-enditem|p2a: Dragonite|Weakness Policy
|-boost|p2a: Dragonite|atk|2|[from] item: Weakness Policy
|-boost|p2a: Dragonite|spa|2|[from] item: Weakness Policy
|
|-heal|p1a: Tauros|61/100|[from] Grassy Terrain
|-damage|p2a: Dragonite|29/100 brn|[from] brn
|-fieldend|move: Grassy Terrain
|upkeep
|turn|19
|
|t:|1758379334
|switch|p1a: Flygon|Flygon, M|100/100
|move|p2a: Dragonite|Earthquake|p1a: Flygon
|-immune|p1a: Flygon|[from] ability: Levitate
|
|-damage|p2a: Dragonite|23/100 brn|[from] brn
|upkeep
|turn|20
|
|t:|1758379344
|switch|p1a: Tauros|Tauros-Paldea-Blaze, M|61/100
|-ability|p1a: Tauros|Intimidate|boost
|-unboost|p2a: Dragonite|atk|1
|move|p2a: Dragonite|Dragon Claw|p1a: Tauros
|-damage|p1a: Tauros|29/100
|
|-damage|p2a: Dragonite|17/100 brn|[from] brn
|upkeep
|turn|21
|
|t:|1758379354
|switch|p1a: Flygon|Flygon, M|100/100
|move|p2a: Dragonite|Dragon Claw|p1a: Flygon
|-supereffective|p1a: Flygon
|-damage|p1a: Flygon|1/100
|
|-damage|p2a: Dragonite|11/100 brn|[from] brn
|upkeep
|turn|22
|
|t:|1758379364
|switch|p1a: Tauros|Tauros-Paldea-Blaze, M|29/100
|-ability|p1a: Tauros|Intimidate|boost
|-unboost|p2a: Dragonite|atk|1
|move|p2a: Dragonite|Extreme Speed|p1a: Tauros
|-damage|p1a: Tauros|14/100
|
|-damage|p2a: Dragonite|5/100 brn|[from] brn
|upkeep
|turn|23
|
|t:|1758379374
|switch|p1a: Flygon|Flygon, M|1/100
|move|p2a: Dragonite|Dragon Claw|p1a: Flygon
|-supereffective|p1a: Flygon
|-damage|p1a: Flygon|0 fnt
|faint|p1a: Flygon
|
|-damage|p2a: Dragonite|0 fnt|[from] brn
|faint|p2a: Dragonite
|
|win|LX1987
|raw|LX1987's rating: 1465 &rarr; <strong>1485</strong><br />(+20 for winning)
|raw|Pikadavid14's rating: 1467 &rarr; <strong>1447</strong><br />(-20 for losing)
|l|☆Pikadavid14
|player|p2|
