|j|☆Straitblanchin
|j|☆boldenhauer
|t:|1758231182
|gametype|singles
|player|p1|Straitblanchin|n|1412
|player|p2|boldenhauer|101|1381
|gen|9
|tier|[Gen 9] OU
|rated|
|rule|HP Percentage Mod: HP is shown in percentages
|rule|Endless Battle Clause: Forcing endless battles is banned
|rule|Species Clause: Limit one of each Pokémon
|rule|OHKO Clause: OHKO moves are banned
|rule|Evasion Items Clause: Evasion items are banned
|rule|Evasion Moves Clause: Evasion moves are banned
|rule|Evasion Abilities Clause: Evasion abilities are banned
|rule|Sleep Moves Clause: Sleep-inducing moves are banned
|clearpoke
|poke|p1|Ninetales, M|
|poke|p1|Walking Wake|
|poke|p1|Venusaur, F|
|poke|p1|Lilligant-Hisui, F|
|poke|p1|Great Tusk|
|poke|p1|Hatterene, F|
|poke|p2|Ogerpon-Wellspring, F|
|poke|p2|Moltres|
|poke|p2|Malamar, F|
|poke|p2|Dragapult, F|
|poke|p2|Spidops, M|
|poke|p2|Empoleon, F|
|teampreview
|
|t:|1758231206
|teamsize|p1|6
|teamsize|p2|6
|start
|switch|p1a: Ninetales|Ninetales, M, shiny|100/100
|switch|p2a: Dragapult|Dragapult, F|100/100
|-weather|SunnyDay|[from] ability: Drought|[of] p1a: Ninetales
|turn|1
|
|t:|1758231213
|switch|p1a: Hatterene|Hatterene, F|100/100
|move|p2a: Dragapult|Substitute|p2a: Dragapult
|-start|p2a: Dragapult|Substitute
|-damage|p2a: Dragapult|76/100
|
|-weather|SunnyDay|[upkeep]
|upkeep
|turn|2
|
|t:|1758231234
|move|p2a: Dragapult|Hex|p1a: Hatterene
|-supereffective|p1a: Hatterene
|-damage|p1a: Hatterene|68/100
|move|p1a: Hatterene|Draining Kiss|p2a: Dragapult
|-supereffective|p2a: Dragapult
|-end|p2a: Dragapult|Substitute
|-heal|p1a: Hatterene|87/100|[from] drain|[of] p2a: Dragapult
|
|-weather|SunnyDay|[upkeep]
|upkeep
|turn|3
|
|t:|1758231242
|switch|p2a: Empoleon|Empoleon, F|100/100
|move|p1a: Hatterene|Draining Kiss|p2a: Empoleon
|-resisted|p2a: Empoleon
|-damage|p2a: Empoleon|89/100
|-heal|p1a: Hatterene|97/100|[from] drain|[of] p2a: Empoleon
|
|-weather|SunnyDay|[upkeep]
|upkeep
|turn|4
|
|t:|1758231248
|move|p2a: Empoleon|Flash Cannon|p1a: Hatterene
|-supereffective|p1a: Hatterene
|-damage|p1a: Hatterene|57/100
|move|p1a: Hatterene|Nuzzle|p2a: Empoleon
|-supereffective|p2a: Empoleon
|-damage|p2a: Empoleon|81/100
|-status|p2a: Empoleon|par
|
|-weather|SunnyDay|[upkeep]
|upkeep
|turn|5
|
|t:|1758231255
|switch|p1a: Walking Wake|Walking Wake|100/100
|-activate|p1a: Walking Wake|ability: Protosynthesis
|-start|p1a: Walking Wake|protosynthesisspe
|move|p2a: Empoleon|Flash Cannon|p1a: Walking Wake
|-resisted|p1a: Walking Wake
|-damage|p1a: Walking Wake|84/100
|
|-weather|SunnyDay|[upkeep]
|upkeep
|turn|6
|
|t:|1758231265
|move|p1a: Walking Wake|Weather Ball|p2a: Empoleon
|-damage|p2a: Empoleon|15/100 par
|move|p2a: Empoleon|Ice Beam|p1a: Walking Wake
|-damage|p1a: Walking Wake|56/100
|
|-weather|SunnyDay|[upkeep]
|upkeep
|turn|7
|c|☆Straitblanchin|is that not modest?
|
|t:|1758231287
|move|p1a: Walking Wake|Weather Ball|p2a: Empoleon
|-damage|p2a: Empoleon|0 fnt
|faint|p2a: Empoleon
|
|-weather|SunnyDay|[upkeep]
|upkeep
|c|☆boldenhauer|no
|c|☆Straitblanchin|seems weak
|c|☆boldenhauer|max hp
|
|t:|1758231308
|switch|p2a: Moltres|Moltres|100/100
|turn|8
|c|☆Straitblanchin|that's normal
|
|t:|1758231329
|-end|p1a: Walking Wake|Protosynthesis|[silent]
|switch|p1a: Hatterene|Hatterene, F|57/100
|switch|p2a: Ogerpon|Ogerpon-Wellspring, F|100/100
|
|-weather|none
|upkeep
|turn|9
|
|t:|1758231336
|switch|p1a: Ninetales|Ninetales, M, shiny|100/100
|-weather|SunnyDay|[from] ability: Drought|[of] p1a: Ninetales
|move|p2a: Ogerpon|Ivy Cudgel|p1a: Ninetales|[anim] Ivy Cudgel Water
|-supereffective|p1a: Ninetales
|-damage|p1a: Ninetales|23/100
|
|-weather|SunnyDay|[upkeep]
|upkeep
|turn|10
|
|t:|1758231344
|switch|p1a: Venusaur|Venusaur, F|100/100
|move|p2a: Ogerpon|Ivy Cudgel|p1a: Venusaur|[anim] Ivy Cudgel Water
|-resisted|p1a: Venusaur
|-damage|p1a: Venusaur|80/100
|
|-weather|SunnyDay|[upkeep]
|upkeep
|turn|11
|
|t:|1758231351
|switch|p2a: Moltres|Moltres|100/100
|move|p1a: Venusaur|Growth|p1a: Venusaur
|-boost|p1a: Venusaur|atk|2
|-boost|p1a: Venusaur|spa|2
|
|-weather|SunnyDay|[upkeep]
|upkeep
|turn|12
|
|t:|1758231355
|move|p1a: Venusaur|Sludge Bomb|p2a: Moltres
|-damage|p2a: Moltres|0 fnt
|faint|p2a: Moltres
|-damage|p1a: Venusaur|70/100|[from] item: Life Orb
|
|-weather|SunnyDay|[upkeep]
|upkeep
|
|t:|1758231359
|switch|p2a: Spidops|Spidops, M|100/100
|turn|13
|
|t:|1758231362
|move|p1a: Venusaur|Weather Ball|p2a: Spidops
|-supereffective|p2a: Spidops
|-damage|p2a: Spidops|0 fnt
|faint|p2a: Spidops
|-damage|p1a: Venusaur|60/100|[from] item: Life Orb
|
|-weather|SunnyDay|[upkeep]
|upkeep
|
|t:|1758231368
|switch|p2a: Dragapult|Dragapult, F|76/100
|turn|14
|c|☆Straitblanchin|you should consider using the best starter instead
|
|t:|1758231382
|move|p1a: Venusaur|Weather Ball|p2a: Dragapult
|-resisted|p2a: Dragapult
|-damage|p2a: Dragapult|0 fnt
|faint|p2a: Dragapult
|-damage|p1a: Venusaur|50/100|[from] item: Life Orb
|
|-weather|SunnyDay|[upkeep]
|upkeep
|
|t:|1758231385
|switch|p2a: Ogerpon|Ogerpon-Wellspring, F|100/100
|turn|15
|
|t:|1758231392
|-terastallize|p2a: Ogerpon|Water
|detailschange|p2a: Ogerpon|Ogerpon-Wellspring-Tera, F, tera:Water
|-ability|p2a: Ogerpon|Embody Aspect (Wellspring)|boost
|-boost|p2a: Ogerpon|spd|1
|move|p1a: Venusaur|Giga Drain|p2a: Ogerpon
|-supereffective|p2a: Ogerpon
|-damage|p2a: Ogerpon|0 fnt
|-heal|p1a: Venusaur|100/100|[from] drain|[of] p2a: Ogerpon
|faint|p2a: Ogerpon
|detailschange|p2: Ogerpon|Ogerpon-Wellspring, F|[silent]
|-damage|p1a: Venusaur|91/100|[from] item: Life Orb
|
|-weather|SunnyDay|[upkeep]
|upkeep
|
|t:|1758231394
|switch|p2a: Malamar|Malamar, F|100/100
|turn|16
|-message|boldenhauer forfeited.
|
|win|Straitblanchin
|raw|Straitblanchin's rating: 1412 &rarr; <strong>1429</strong><br />(+17 for winning)
|raw|boldenhauer's rating: 1360 &rarr; <strong>1343</strong><br />(-17 for losing)
|l|☆boldenhauer
|player|p2|
|l|☆Straitblanchin
|player|p1|
