|j|☆panzershock
|j|☆Semiau
|t:|1758358040
|gametype|singles
|player|p1|panzershock|2|1201
|player|p2|Semiau|musician|1155
|gen|9
|tier|[Gen 9] OU
|rated|
|rule|HP Percentage Mod: HP is shown in percentages
|rule|Endless Battle Clause: Forcing endless battles is banned
|rule|Species Clause: Limit one of each Pokémon
|rule|OHKO Clause: OHKO moves are banned
|rule|Evasion Items Clause: Evasion items are banned
|rule|Evasion Moves Clause: Evasion moves are banned
|rule|Evasion Abilities Clause: Evasion abilities are banned
|rule|Sleep Moves Clause: Sleep-inducing moves are banned
|clearpoke
|poke|p1|Iron Boulder|
|poke|p1|Houndstone, M|
|poke|p1|Farigiraf, F|
|poke|p1|Ogerpon-Cornerstone, F|
|poke|p1|Bruxish, F|
|poke|p1|Comfey, F|
|poke|p2|Garganacl, F|
|poke|p2|Corviknight, M|
|poke|p2|Slowking-Galar, F|
|poke|p2|Dondozo, F|
|poke|p2|Great Tusk|
|poke|p2|Zapdos-Galar|
|teampreview
|inactive|Battle timer is ON: inactive players will automatically lose when time's up. (requested by Semiau)
|
|t:|1758358066
|teamsize|p1|6
|teamsize|p2|6
|start
|switch|p1a: Ogerpon|Ogerpon-Cornerstone, F|100/100
|switch|p2a: Zapdos|Zapdos-Galar|100/100
|turn|1
|
|t:|1758358074
|move|p2a: Zapdos|U-turn|p1a: Ogerpon
|-supereffective|p1a: Ogerpon
|-damage|p1a: Ogerpon|34/100
|
|t:|1758358081
|switch|p2a: Corviknight|Corviknight, M|100/100|[from] U-turn
|move|p1a: Ogerpon|Ivy Cudgel|p2a: Corviknight|[anim] Ivy Cudgel Rock
|-damage|p2a: Corviknight|64/100
|
|upkeep
|turn|2
|
|t:|1758358100
|move|p1a: Ogerpon|Spikes|p2a: Corviknight
|-sidestart|p2: Semiau|Spikes
|move|p2a: Corviknight|Roost|p2a: Corviknight
|-heal|p2a: Corviknight|100/100
|-singleturn|p2a: Corviknight|move: Roost
|
|upkeep
|turn|3
|
|t:|1758358111
|switch|p1a: Houndstone|Houndstone, M|100/100
|move|p2a: Corviknight|Defog|p1a: Houndstone
|-unboost|p1a: Houndstone|evasion|1
|-sideend|p2: Semiau|Spikes|[from] move: Defog|[of] p2a: Corviknight
|
|upkeep
|turn|4
|
|t:|1758358120
|move|p1a: Houndstone|Substitute|p1a: Houndstone
|-start|p1a: Houndstone|Substitute
|-damage|p1a: Houndstone|75/100
|move|p2a: Corviknight|U-turn|p1a: Houndstone
|-resisted|p1a: Houndstone
|-activate|p1a: Houndstone|move: Substitute|[damage]
|
|t:|1758358130
|switch|p2a: Slowking|Slowking-Galar, F, shiny|100/100|[from] U-turn
|
|-heal|p1a: Houndstone|82/100|[from] item: Leftovers
|upkeep
|turn|5
|
|t:|1758358135
|move|p1a: Houndstone|Crunch|p2a: Slowking
|-supereffective|p2a: Slowking
|-damage|p2a: Slowking|65/100
|move|p2a: Slowking|Future Sight|p1a: Houndstone
|-start|p2a: Slowking|move: Future Sight
|
|-heal|p1a: Houndstone|88/100|[from] item: Leftovers
|upkeep
|turn|6
|
|t:|1758358150
|switch|p2a: Garganacl|Garganacl, F|100/100
|move|p1a: Houndstone|Will-O-Wisp|p2a: Garganacl
|-immune|p2a: Garganacl|[from] ability: Purifying Salt
|
|-heal|p1a: Houndstone|94/100|[from] item: Leftovers
|upkeep
|turn|7
|
|t:|1758358155
|move|p1a: Houndstone|Body Press|p2a: Garganacl
|-supereffective|p2a: Garganacl
|-damage|p2a: Garganacl|69/100
|move|p2a: Garganacl|Salt Cure|p1a: Houndstone
|-activate|p1a: Houndstone|move: Substitute|[damage]
|
|-end|p1a: Houndstone|move: Future Sight
|-end|p1a: Houndstone|Substitute
|-heal|p1a: Houndstone|99/100|[from] item: Leftovers
|-heal|p2a: Garganacl|75/100|[from] item: Leftovers
|upkeep
|turn|8
|
|t:|1758358171
|switch|p2a: Slowking|Slowking-Galar, F, shiny|98/100
|move|p1a: Houndstone|Substitute|p1a: Houndstone
|-start|p1a: Houndstone|Substitute
|-damage|p1a: Houndstone|75/100
|
|-heal|p1a: Houndstone|81/100|[from] item: Leftovers
|upkeep
|turn|9
|
|t:|1758358177
|move|p1a: Houndstone|Will-O-Wisp|p2a: Slowking
|-status|p2a: Slowking|brn
|move|p2a: Slowking|Future Sight|p1a: Houndstone
|-start|p2a: Slowking|move: Future Sight
|
|-heal|p1a: Houndstone|87/100|[from] item: Leftovers
|-damage|p2a: Slowking|92/100 brn|[from] brn
|upkeep
|turn|10
|
|t:|1758358183
|move|p1a: Houndstone|Crunch|p2a: Slowking
|-supereffective|p2a: Slowking
|-damage|p2a: Slowking|57/100 brn
|move|p2a: Slowking|Flamethrower|p1a: Houndstone
|-end|p1a: Houndstone|Substitute
|
|-heal|p1a: Houndstone|93/100|[from] item: Leftovers
|-damage|p2a: Slowking|51/100 brn|[from] brn
|upkeep
|turn|11
|
|t:|1758358209
|switch|p1a: Bruxish|Bruxish, F|100/100
|switch|p2a: Zapdos|Zapdos-Galar|100/100
|
|-end|p1a: Bruxish|move: Future Sight
|-resisted|p1a: Bruxish
|-damage|p1a: Bruxish|54/100
|upkeep
|turn|12
|
|t:|1758358217
|switch|p1a: Houndstone|Houndstone, M|93/100
|move|p2a: Zapdos|Knock Off|p1a: Houndstone
|-supereffective|p1a: Houndstone
|-damage|p1a: Houndstone|65/100
|-enditem|p1a: Houndstone|Leftovers|[from] move: Knock Off|[of] p2a: Zapdos
|
|upkeep
|turn|13
|
|t:|1758358232
|switch|p2a: Corviknight|Corviknight, M|100/100
|move|p1a: Houndstone|Crunch|p2a: Corviknight
|-crit|p2a: Corviknight
|-damage|p2a: Corviknight|85/100
|-ability|p2a: Corviknight|Mirror Armor
|-unboost|p1a: Houndstone|def|1
|-damage|p1a: Houndstone|48/100|[from] item: Rocky Helmet|[of] p2a: Corviknight
|
|upkeep
|turn|14
|
|t:|1758358244
|move|p1a: Houndstone|Will-O-Wisp|p2a: Corviknight
|-status|p2a: Corviknight|brn
|move|p2a: Corviknight|U-turn|p1a: Houndstone
|-resisted|p1a: Houndstone
|-damage|p1a: Houndstone|47/100
|
|t:|1758358254
|switch|p2a: Garganacl|Garganacl, F|75/100|[from] U-turn
|
|-heal|p2a: Garganacl|81/100|[from] item: Leftovers
|upkeep
|turn|15
|inactive|panzershock has 120 seconds left.
|
|t:|1758358291
|switch|p1a: Farigiraf|Farigiraf, F|100/100
|move|p2a: Garganacl|Salt Cure|p1a: Farigiraf
|-damage|p1a: Farigiraf|83/100
|-start|p1a: Farigiraf|Salt Cure
|
|-heal|p2a: Garganacl|87/100|[from] item: Leftovers
|-damage|p1a: Farigiraf|71/100|[from] Salt Cure
|upkeep
|turn|16
|inactive|panzershock has 120 seconds left.
|
|t:|1758358303
|move|p1a: Farigiraf|Twin Beam|p2a: Garganacl
|-damage|p2a: Garganacl|75/100
|-damage|p2a: Garganacl|62/100
|-hitcount|p2a: Garganacl|2
|move|p2a: Garganacl|Salt Cure|p1a: Farigiraf
|-damage|p1a: Farigiraf|50/100
|
|-heal|p2a: Garganacl|68/100|[from] item: Leftovers
|-damage|p1a: Farigiraf|38/100|[from] Salt Cure
|upkeep
|turn|17
|
|t:|1758358312
|move|p1a: Farigiraf|Low Kick|p2a: Garganacl
|-supereffective|p2a: Garganacl
|-damage|p2a: Garganacl|23/100
|move|p2a: Garganacl|Iron Defense|p2a: Garganacl
|-boost|p2a: Garganacl|def|2
|
|-heal|p2a: Garganacl|29/100|[from] item: Leftovers
|-damage|p1a: Farigiraf|25/100|[from] Salt Cure
|upkeep
|turn|18
|
|t:|1758358327
|move|p2a: Garganacl|Protect|p2a: Garganacl
|-singleturn|p2a: Garganacl|Protect
|move|p1a: Farigiraf|Low Kick|p2a: Garganacl
|-activate|p2a: Garganacl|move: Protect
|
|-heal|p2a: Garganacl|35/100|[from] item: Leftovers
|-damage|p1a: Farigiraf|13/100|[from] Salt Cure
|upkeep
|turn|19
|
|t:|1758358337
|switch|p1a: Comfey|Comfey, F|100/100
|move|p2a: Garganacl|Recover|p2a: Garganacl
|-heal|p2a: Garganacl|85/100
|
|-heal|p2a: Garganacl|91/100|[from] item: Leftovers
|upkeep
|turn|20
|
|t:|1758358342
|move|p1a: Comfey|Calm Mind|p1a: Comfey
|-boost|p1a: Comfey|spa|1
|-boost|p1a: Comfey|spd|1
|move|p2a: Garganacl|Salt Cure|p1a: Comfey
|-damage|p1a: Comfey|88/100
|-start|p1a: Comfey|Salt Cure
|
|-heal|p2a: Garganacl|97/100|[from] item: Leftovers
|-damage|p1a: Comfey|75/100|[from] Salt Cure
|upkeep
|turn|21
|
|t:|1758358349
|switch|p2a: Slowking|Slowking-Galar, F, shiny|84/100 brn
|move|p1a: Comfey|Calm Mind|p1a: Comfey
|-boost|p1a: Comfey|spa|1
|-boost|p1a: Comfey|spd|1
|
|-damage|p2a: Slowking|78/100 brn|[from] brn
|-damage|p1a: Comfey|63/100|[from] Salt Cure
|upkeep
|turn|22
|
|t:|1758358362
|move|p1a: Comfey|Stored Power|p2a: Slowking
|-damage|p2a: Slowking|57/100 brn
|move|p2a: Slowking|Sludge Wave|p1a: Comfey
|-supereffective|p1a: Comfey
|-damage|p1a: Comfey|14/100
|
|-damage|p2a: Slowking|51/100 brn|[from] brn
|-damage|p1a: Comfey|1/100|[from] Salt Cure
|upkeep
|turn|23
|
|t:|1758358373
|switch|p1a: Farigiraf|Farigiraf, F|13/100
|move|p2a: Slowking|Future Sight|p1a: Farigiraf
|-start|p2a: Slowking|move: Future Sight
|
|-damage|p2a: Slowking|45/100 brn|[from] brn
|upkeep
|turn|24
|
|t:|1758358385
|move|p1a: Farigiraf|High Horsepower|p2a: Slowking
|-supereffective|p2a: Slowking
|-damage|p2a: Slowking|0 fnt
|faint|p2a: Slowking
|
|upkeep
|
|t:|1758358389
|switch|p2a: Zapdos|Zapdos-Galar|100/100
|turn|25
|
|t:|1758358393
|move|p2a: Zapdos|U-turn|p1a: Farigiraf
|-supereffective|p1a: Farigiraf
|-damage|p1a: Farigiraf|0 fnt
|faint|p1a: Farigiraf
|
|t:|1758358398
|switch|p2a: Corviknight|Corviknight, M|85/100 brn|[from] U-turn
|
|-hint|Future Sight did not hit because the target is fainted.
|-damage|p2a: Corviknight|79/100 brn|[from] brn
|upkeep
|
|t:|1758358415
|switch|p1a: Ogerpon|Ogerpon-Cornerstone, F|34/100
|turn|26
|
|t:|1758358418
|move|p1a: Ogerpon|Spikes|p2a: Corviknight
|-sidestart|p2: Semiau|Spikes
|move|p2a: Corviknight|U-turn|p1a: Ogerpon
|-supereffective|p1a: Ogerpon
|-damage|p1a: Ogerpon|14/100
|
|t:|1758358423
|switch|p2a: Zapdos|Zapdos-Galar|100/100|[from] U-turn
|
|upkeep
|turn|27
|
|t:|1758358428
|switch|p1a: Houndstone|Houndstone, M|47/100
|move|p2a: Zapdos|U-turn|p1a: Houndstone
|-resisted|p1a: Houndstone
|-damage|p1a: Houndstone|42/100
|
|t:|1758358440
|switch|p2a: Garganacl|Garganacl, F|97/100|[from] U-turn
|-damage|p2a: Garganacl|85/100|[from] Spikes
|
|-heal|p2a: Garganacl|91/100|[from] item: Leftovers
|upkeep
|turn|28
|
|t:|1758358457
|switch|p1a: Bruxish|Bruxish, F|54/100
|move|p2a: Garganacl|Salt Cure|p1a: Bruxish
|-damage|p1a: Bruxish|30/100
|-start|p1a: Bruxish|Salt Cure
|
|-heal|p2a: Garganacl|97/100|[from] item: Leftovers
|-damage|p1a: Bruxish|5/100|[from] Salt Cure
|upkeep
|turn|29
|
|t:|1758358467
|switch|p1a: Iron Boulder|Iron Boulder|100/100
|move|p2a: Garganacl|Protect||[still]
|-fail|p2a: Garganacl
|
|-heal|p2a: Garganacl|100/100|[from] item: Leftovers
|upkeep
|turn|30
|
|t:|1758358475
|switch|p2a: Corviknight|Corviknight, M|79/100 brn
|move|p1a: Iron Boulder|Swords Dance|p1a: Iron Boulder
|-boost|p1a: Iron Boulder|atk|2
|
|-damage|p2a: Corviknight|73/100 brn|[from] brn
|upkeep
|turn|31
|
|t:|1758358486
|move|p1a: Iron Boulder|Swords Dance|p1a: Iron Boulder
|-boost|p1a: Iron Boulder|atk|2
|move|p2a: Corviknight|U-turn|p1a: Iron Boulder
|-supereffective|p1a: Iron Boulder
|-damage|p1a: Iron Boulder|83/100
|
|t:|1758358489
|switch|p2a: Dondozo|Dondozo, F|100/100|[from] U-turn
|-damage|p2a: Dondozo|88/100|[from] Spikes
|
|upkeep
|turn|32
|
|t:|1758358500
|-end|p1a: Iron Boulder|Quark Drive|[silent]
|switch|p1a: Bruxish|Bruxish, F|5/100
|move|p2a: Dondozo|Wave Crash|p1a: Bruxish
|-resisted|p1a: Bruxish
|-damage|p1a: Bruxish|0 fnt
|faint|p1a: Bruxish
|-damage|p2a: Dondozo|87/100|[from] Recoil
|
|upkeep
|
|t:|1758358503
|switch|p1a: Comfey|Comfey, F|1/100
|turn|33
|
|t:|1758358516
|move|p1a: Comfey|Giga Drain|p2a: Dondozo
|-supereffective|p2a: Dondozo
|-damage|p2a: Dondozo|61/100
|-heal|p1a: Comfey|23/100|[from] drain|[of] p2a: Dondozo
|move|p2a: Dondozo|Wave Crash|p1a: Comfey
|-damage|p1a: Comfey|0 fnt
|faint|p1a: Comfey
|-damage|p2a: Dondozo|56/100|[from] Recoil
|
|upkeep
|
|t:|1758358525
|switch|p1a: Ogerpon|Ogerpon-Cornerstone, F|14/100
|turn|34
|
|t:|1758358530
|switch|p2a: Corviknight|Corviknight, M|73/100 brn
|move|p1a: Ogerpon|Leech Seed|p2a: Corviknight
|-start|p2a: Corviknight|move: Leech Seed
|
|-damage|p2a: Corviknight|61/100 brn|[from] Leech Seed|[of] p1a: Ogerpon
|-heal|p1a: Ogerpon|31/100|[silent]
|-damage|p2a: Corviknight|55/100 brn|[from] brn
|upkeep
|turn|35
|
|t:|1758358546
|move|p1a: Ogerpon|Ivy Cudgel|p2a: Corviknight|[anim] Ivy Cudgel Rock
|-damage|p2a: Corviknight|22/100 brn
|move|p2a: Corviknight|Brave Bird|p1a: Ogerpon
|-damage|p1a: Ogerpon|6/100
|-damage|p2a: Corviknight|16/100 brn|[from] Recoil
|
|-damage|p2a: Corviknight|4/100 brn|[from] Leech Seed|[of] p1a: Ogerpon
|-heal|p1a: Ogerpon|22/100|[silent]
|-damage|p2a: Corviknight|0 fnt|[from] brn
|faint|p2a: Corviknight
|upkeep
|
|t:|1758358551
|switch|p2a: Zapdos|Zapdos-Galar|100/100
|turn|36
|
|t:|1758358559
|switch|p1a: Houndstone|Houndstone, M|42/100
|move|p2a: Zapdos|Knock Off|p1a: Houndstone
|-supereffective|p1a: Houndstone
|-damage|p1a: Houndstone|24/100
|
|upkeep
|turn|37
|
|t:|1758358586
|switch|p1a: Ogerpon|Ogerpon-Cornerstone, F|22/100
|move|p2a: Zapdos|Knock Off|p1a: Ogerpon
|-damage|p1a: Ogerpon|0 fnt
|faint|p1a: Ogerpon
|
|upkeep
|
|t:|1758358593
|switch|p1a: Iron Boulder|Iron Boulder|83/100
|turn|38
|
|t:|1758358600
|-terastallize|p1a: Iron Boulder|Rock
|move|p2a: Zapdos|Knock Off|p1a: Iron Boulder
|-damage|p1a: Iron Boulder|41/100
|-enditem|p1a: Iron Boulder|Expert Belt|[from] move: Knock Off|[of] p2a: Zapdos
|move|p1a: Iron Boulder|Psycho Cut|p2a: Zapdos
|-supereffective|p2a: Zapdos
|-damage|p2a: Zapdos|13/100
|
|upkeep
|turn|39
|
|t:|1758358611
|move|p2a: Zapdos|Knock Off|p1a: Iron Boulder
|-damage|p1a: Iron Boulder|12/100
|move|p1a: Iron Boulder|Rock Blast|p2a: Zapdos
|-damage|p2a: Zapdos|0 fnt
|faint|p2a: Zapdos
|-hitcount|p2: Zapdos|1
|
|upkeep
|
|t:|1758358620
|switch|p2a: Great Tusk|Great Tusk|100/100
|-damage|p2a: Great Tusk|88/100|[from] Spikes
|-enditem|p2a: Great Tusk|Booster Energy
|-activate|p2a: Great Tusk|ability: Protosynthesis|[fromitem]
|-start|p2a: Great Tusk|protosynthesisatk
|turn|40
|
|t:|1758358624
|-terastallize|p2a: Great Tusk|Dragon
|move|p1a: Iron Boulder|Psycho Cut|p2a: Great Tusk
|-damage|p2a: Great Tusk|60/100
|move|p2a: Great Tusk|Rapid Spin|p1a: Iron Boulder
|-resisted|p1a: Iron Boulder
|-damage|p1a: Iron Boulder|0 fnt
|-boost|p2a: Great Tusk|spe|1
|-sideend|p2: Semiau|Spikes|[from] move: Rapid Spin|[of] p2a: Great Tusk
|faint|p1a: Iron Boulder
|-end|p1a: Iron Boulder|Quark Drive|[silent]
|
|upkeep
|-message|panzershock forfeited.
|
|win|Semiau
|raw|panzershock's rating: 1201 &rarr; <strong>1173</strong><br />(-28 for losing)
|raw|Semiau's rating: 1155 &rarr; <strong>1183</strong><br />(+28 for winning)
|l|☆panzershock
|player|p1|
|l|☆Semiau
|player|p2|
