|j|☆notmeezo
|j|☆undertalethemovie
|t:|1758256164
|gametype|singles
|player|p1|notmeezo|lucas|1314
|player|p2|undertalethemovie|n|1278
|gen|9
|tier|[Gen 9] OU
|rated|
|rule|HP Percentage Mod: HP is shown in percentages
|rule|Endless Battle Clause: Forcing endless battles is banned
|rule|Species Clause: Limit one of each Pokémon
|rule|OHKO Clause: OHKO moves are banned
|rule|Evasion Items Clause: Evasion items are banned
|rule|Evasion Moves Clause: Evasion moves are banned
|rule|Evasion Abilities Clause: Evasion abilities are banned
|rule|Sleep Moves Clause: Sleep-inducing moves are banned
|clearpoke
|poke|p1|Zamazenta-*|
|poke|p1|Serperior, M|
|poke|p1|Rotom-Heat|
|poke|p1|Corviknight, M|
|poke|p1|Gliscor, M|
|poke|p1|Ogerpon-Wellspring, F|
|poke|p2|Clodsire, F|
|poke|p2|Ogerpon-Wellspring, F|
|poke|p2|Zoroark-Hisui, M|
|poke|p2|Zamazenta-*|
|poke|p2|Cinderace, F|
|poke|p2|Deoxys-Speed|
|teampreview
|inactive|Battle timer is ON: inactive players will automatically lose when time's up. (requested by notmeezo)
|
|t:|1758256168
|teamsize|p1|6
|teamsize|p2|6
|start
|switch|p1a: Telkom|Rotom-Heat|100/100
|switch|p2a: The Writer|Ogerpon-Wellspring, F|100/100
|turn|1
|
|t:|1758256177
|-terastallize|p2a: The Writer|Water
|detailschange|p2a: The Writer|Ogerpon-Wellspring-Tera, F, tera:Water
|-ability|p2a: The Writer|Embody Aspect (Wellspring)|boost
|-boost|p2a: The Writer|spd|1
|move|p1a: Telkom|Volt Switch|p2a: The Writer
|-supereffective|p2a: The Writer
|-damage|p2a: The Writer|49/100
|
|t:|1758256184
|switch|p1a: Mystic|Ogerpon-Wellspring, F|100/100|[from] Volt Switch
|move|p2a: The Writer|U-turn|p1a: Mystic
|-supereffective|p1a: Mystic
|-damage|p1a: Mystic|32/100
|
|t:|1758256186
|switch|p2a: Ingerland|Cinderace, F|100/100|[from] U-turn
|
|upkeep
|turn|2
|
|t:|1758256189
|move|p2a: Ingerland|U-turn|p1a: Mystic
|-start|p2a: Ingerland|typechange|Bug|[from] ability: Libero
|-supereffective|p1a: Mystic
|-damage|p1a: Mystic|0 fnt
|faint|p1a: Mystic
|
|t:|1758256191
|switch|p2a: The Writer|Ogerpon-Wellspring-Tera, F, tera:Water|49/100|[from] U-turn
|-ability|p2a: The Writer|Embody Aspect (Wellspring)|boost
|-boost|p2a: The Writer|spd|1
|
|upkeep
|
|t:|1758256194
|switch|p1a: Telkom|Rotom-Heat|100/100
|turn|3
|
|t:|1758256195
|move|p1a: Telkom|Volt Switch|p2a: The Writer
|-supereffective|p2a: The Writer
|-damage|p2a: The Writer|0 fnt
|faint|p2a: The Writer
|detailschange|p2: The Writer|Ogerpon-Wellspring, F|[silent]
|
|t:|1758256200
|switch|p1a: Pinch|Gliscor, M|100/100|[from] Volt Switch
|
|-status|p1a: Pinch|tox|[from] item: Toxic Orb
|upkeep
|
|t:|1758256204
|switch|p2a: Minami Torishima|Deoxys-Speed|100/100
|-ability|p2a: Minami Torishima|Pressure
|turn|4
|
|t:|1758256208
|move|p2a: Minami Torishima|Psycho Boost|p1a: Pinch
|-damage|p1a: Pinch|15/100 tox
|-unboost|p2a: Minami Torishima|spa|2
|move|p1a: Pinch|Toxic|p2a: Minami Torishima
|-status|p2a: Minami Torishima|tox
|
|-damage|p2a: Minami Torishima|94/100 tox|[from] psn
|-heal|p1a: Pinch|28/100 tox|[from] ability: Poison Heal
|upkeep
|turn|5
|
|t:|1758256215
|move|p1a: Pinch|Protect|p1a: Pinch
|-singleturn|p1a: Pinch|Protect
|move|p2a: Minami Torishima|Psycho Boost|p1a: Pinch
|-activate|p1a: Pinch|move: Protect
|
|-damage|p2a: Minami Torishima|82/100 tox|[from] psn
|-heal|p1a: Pinch|40/100 tox|[from] ability: Poison Heal
|upkeep
|turn|6
|
|t:|1758256219
|switch|p2a: Mumbo|Clodsire, F|100/100
|-item|p2a: Mumbo|Air Balloon
|switch|p1a: Corviknight|Corviknight, M|100/100
|
|upkeep
|turn|7
|
|t:|1758256224
|move|p2a: Mumbo|Will-O-Wisp|p1a: Corviknight
|-status|p1a: Corviknight|brn
|move|p1a: Corviknight|Body Press|p2a: Mumbo
|-immune|p2a: Mumbo
|
|-damage|p1a: Corviknight|94/100 brn|[from] brn
|upkeep
|turn|8
|
|t:|1758256231
|switch|p1a: Telkom|Rotom-Heat|100/100
|move|p2a: Mumbo|Hex|p1a: Telkom
|-damage|p1a: Telkom|55/100
|
|upkeep
|turn|9
|
|t:|1758256236
|switch|p2a: Mumbo|Clodsire, F|100/100
|-item|p2a: Mumbo|Air Balloon
|move|p1a: Telkom|Volt Switch|p2a: Mumbo
|-immune|p2a: Mumbo
|
|upkeep
|turn|10
|
|t:|1758256240
|switch|p1a: Corviknight|Corviknight, M|94/100 brn
|move|p2a: Mumbo|Toxic||[still]
|-fail|p2a: Mumbo
|
|-damage|p1a: Corviknight|88/100 brn|[from] brn
|upkeep
|turn|11
|
|t:|1758256242
|move|p1a: Corviknight|Body Press|p2a: Mumbo
|-resisted|p2a: Mumbo
|-damage|p2a: Mumbo|93/100
|-enditem|p2a: Mumbo|Air Balloon
|move|p2a: Mumbo|Toxic Spikes|p1a: Corviknight
|-sidestart|p1: notmeezo|move: Toxic Spikes
|
|-damage|p1a: Corviknight|82/100 brn|[from] brn
|upkeep
|turn|12
|
|t:|1758256248
|move|p1a: Corviknight|Iron Defense|p1a: Corviknight
|-boost|p1a: Corviknight|def|2
|move|p2a: Mumbo|Toxic Spikes|p1a: Corviknight
|-sidestart|p1: notmeezo|move: Toxic Spikes
|
|-damage|p1a: Corviknight|76/100 brn|[from] brn
|upkeep
|turn|13
|
|t:|1758256250
|switch|p2a: Mumbo|Clodsire, F|100/100
|-item|p2a: Mumbo|Air Balloon
|move|p1a: Corviknight|Defog|p2a: Mumbo
|-unboost|p2a: Mumbo|evasion|1
|-sideend|p1: notmeezo|Toxic Spikes|[from] move: Defog|[of] p1a: Corviknight
|
|-damage|p1a: Corviknight|70/100 brn|[from] brn
|upkeep
|turn|14
|
|t:|1758256254
|switch|p1a: Telkom|Rotom-Heat|55/100
|move|p2a: Mumbo|Hex|p1a: Telkom
|-damage|p1a: Telkom|14/100
|
|upkeep
|turn|15
|
|t:|1758256264
|move|p2a: Mumbo|Shadow Sneak|p1a: Telkom
|-damage|p1a: Telkom|0 fnt
|faint|p1a: Telkom
|
|upkeep
|
|t:|1758256267
|switch|p1a: Fuzzy|Serperior, M|100/100
|turn|16
|
|t:|1758256272
|switch|p2a: Minami Torishima|Deoxys-Speed|82/100 tox
|-ability|p2a: Minami Torishima|Pressure
|move|p1a: Fuzzy|Substitute|p1a: Fuzzy
|-start|p1a: Fuzzy|Substitute
|-damage|p1a: Fuzzy|75/100
|
|-heal|p1a: Fuzzy|82/100|[from] item: Leftovers
|-damage|p2a: Minami Torishima|76/100 tox|[from] psn
|upkeep
|turn|17
|
|t:|1758256276
|move|p2a: Minami Torishima|Ice Beam|p1a: Fuzzy
|-supereffective|p1a: Fuzzy
|-end|p1a: Fuzzy|Substitute
|move|p1a: Fuzzy|Leaf Storm|p2a: Minami Torishima
|-damage|p2a: Minami Torishima|15/100 tox
|-boost|p1a: Fuzzy|spa|2
|
|-heal|p1a: Fuzzy|88/100|[from] item: Leftovers
|-damage|p2a: Minami Torishima|2/100 tox|[from] psn
|upkeep
|turn|18
|
|t:|1758256280
|-terastallize|p1a: Fuzzy|Electric
|move|p2a: Minami Torishima|Ice Beam|p1a: Fuzzy
|-damage|p1a: Fuzzy|49/100
|move|p1a: Fuzzy|Leaf Storm|p2a: Minami Torishima
|-damage|p2a: Minami Torishima|0 fnt
|-boost|p1a: Fuzzy|spa|2
|faint|p2a: Minami Torishima
|
|-heal|p1a: Fuzzy|55/100|[from] item: Leftovers
|upkeep
|
|t:|1758256282
|switch|p2a: Mumbo|Clodsire, F|93/100
|turn|19
|
|t:|1758256287
|move|p1a: Fuzzy|Substitute|p1a: Fuzzy
|-start|p1a: Fuzzy|Substitute
|-damage|p1a: Fuzzy|30/100
|move|p2a: Mumbo|Earthquake|p1a: Fuzzy
|-supereffective|p1a: Fuzzy
|-end|p1a: Fuzzy|Substitute
|
|-heal|p1a: Fuzzy|36/100|[from] item: Leftovers
|upkeep
|turn|20
|
|t:|1758256291
|move|p1a: Fuzzy|Leaf Storm|p2a: Mumbo
|-damage|p2a: Mumbo|71/100
|-boost|p1a: Fuzzy|spa|2
|move|p2a: Mumbo|Toxic Spikes|p1a: Fuzzy
|-sidestart|p1: notmeezo|move: Toxic Spikes
|
|-heal|p1a: Fuzzy|42/100|[from] item: Leftovers
|upkeep
|turn|21
|
|t:|1758256299
|move|p1a: Fuzzy|Glare|p2a: Mumbo
|-status|p2a: Mumbo|par
|move|p2a: Mumbo|Toxic Spikes|p1a: Fuzzy
|-sidestart|p1: notmeezo|move: Toxic Spikes
|
|-heal|p1a: Fuzzy|48/100|[from] item: Leftovers
|upkeep
|turn|22
|
|t:|1758256303
|switch|p1a: Corviknight|Corviknight, M|70/100 brn
|move|p2a: Mumbo|Recover|p2a: Mumbo
|-heal|p2a: Mumbo|100/100 par
|
|-damage|p1a: Corviknight|64/100 brn|[from] brn
|upkeep
|turn|23
|
|t:|1758256308
|switch|p2a: Mumbo|Clodsire, F|100/100
|-item|p2a: Mumbo|Air Balloon
|move|p1a: Corviknight|Defog|p2a: Mumbo
|-unboost|p2a: Mumbo|evasion|1
|-sideend|p1: notmeezo|Toxic Spikes|[from] move: Defog|[of] p1a: Corviknight
|
|-damage|p1a: Corviknight|58/100 brn|[from] brn
|upkeep
|turn|24
|
|t:|1758256318
|switch|p1a: Pinch|Gliscor, M|40/100 tox
|move|p2a: Mumbo|Hex|p1a: Pinch
|-damage|p1a: Pinch|0 fnt
|faint|p1a: Pinch
|
|upkeep
|
|t:|1758256323
|switch|p1a: Shield|Zamazenta|100/100
|-ability|p1a: Shield|Dauntless Shield|boost
|-boost|p1a: Shield|def|1
|turn|25
|
|t:|1758256330
|switch|p2a: Mumbo|Clodsire, F|100/100 par
|move|p1a: Shield|Ice Fang|p2a: Mumbo
|-supereffective|p2a: Mumbo
|-damage|p2a: Mumbo|59/100 par
|
|upkeep
|turn|26
|
|t:|1758256335
|move|p1a: Shield|Ice Fang|p2a: Mumbo
|-supereffective|p2a: Mumbo
|-damage|p2a: Mumbo|19/100 par
|move|p2a: Mumbo|Toxic Spikes|p1a: Shield
|-sidestart|p1: notmeezo|move: Toxic Spikes
|
|upkeep
|turn|27
|
|t:|1758256337
|move|p1a: Shield|Ice Fang|p2a: Mumbo
|-supereffective|p2a: Mumbo
|-damage|p2a: Mumbo|0 fnt
|faint|p2a: Mumbo
|
|upkeep
|
|t:|1758256342
|switch|p2a: Ingerland|Cinderace, F|100/100
|turn|28
|
|t:|1758256345
|move|p1a: Shield|Iron Defense|p1a: Shield
|-boost|p1a: Shield|def|2
|move|p2a: Ingerland|Gunk Shot|p1a: Shield
|-start|p2a: Ingerland|typechange|Poison|[from] ability: Libero
|-damage|p1a: Shield|83/100
|
|upkeep
|turn|29
|
|t:|1758256350
|move|p2a: Ingerland|Gunk Shot|p1a: Shield
|-damage|p1a: Shield|66/100
|-status|p1a: Shield|psn
|move|p1a: Shield|Roar|p2a: Ingerland
|drag|p2a: Ingerland|Cinderace, F|100/100
|-item|p2a: Ingerland|Air Balloon
|
|-damage|p1a: Shield|53/100 psn|[from] psn
|upkeep
|turn|30
|
|t:|1758256356
|move|p1a: Shield|Ice Fang|p2a: Ingerland
|-damage|p2a: Ingerland|58/100
|replace|p2a: Count St. Germain|Zoroark-Hisui, M, shiny
|-end|p2a: Count St. Germain|Illusion
|-enditem|p2a: Count St. Germain|Air Balloon
|cant|p2a: Count St. Germain|flinch
|
|-damage|p1a: Shield|41/100 psn|[from] psn
|upkeep
|turn|31
|
|t:|1758256361
|move|p2a: Count St. Germain|Detect|p2a: Count St. Germain
|-singleturn|p2a: Count St. Germain|Protect
|move|p1a: Shield|Ice Fang|p2a: Count St. Germain
|-activate|p2a: Count St. Germain|move: Protect
|
|-damage|p1a: Shield|29/100 psn|[from] psn
|upkeep
|turn|32
|
|t:|1758256363
|move|p1a: Shield|Ice Fang|p2a: Count St. Germain
|-damage|p2a: Count St. Germain|14/100
|move|p2a: Count St. Germain|Hex|p1a: Shield
|-damage|p1a: Shield|0 fnt
|faint|p1a: Shield
|
|upkeep
|
|t:|1758256368
|switch|p1a: Corviknight|Corviknight, M|58/100 brn
|turn|33
|
|t:|1758256371
|move|p2a: Count St. Germain|Hex|p1a: Corviknight
|-damage|p1a: Corviknight|0 fnt
|faint|p1a: Corviknight
|
|upkeep
|
|t:|1758256373
|switch|p1a: Fuzzy|Serperior, M, tera:Electric|48/100
|-status|p1a: Fuzzy|psn
|turn|34
|
|t:|1758256377
|move|p2a: Count St. Germain|Detect|p2a: Count St. Germain
|-singleturn|p2a: Count St. Germain|Protect
|move|p1a: Fuzzy|Leaf Storm|p2a: Count St. Germain
|-activate|p2a: Count St. Germain|move: Protect
|
|-heal|p1a: Fuzzy|54/100 psn|[from] item: Leftovers
|-damage|p1a: Fuzzy|42/100 psn|[from] psn
|upkeep
|turn|35
|
|t:|1758256380
|switch|p2a: Pokemon Shield|Zamazenta|100/100
|-ability|p2a: Pokemon Shield|Dauntless Shield|boost
|-boost|p2a: Pokemon Shield|def|1
|move|p1a: Fuzzy|Leaf Storm|p2a: Pokemon Shield
|-damage|p2a: Pokemon Shield|62/100
|-boost|p1a: Fuzzy|spa|2
|
|-heal|p2a: Pokemon Shield|68/100|[from] item: Leftovers
|-heal|p1a: Fuzzy|48/100 psn|[from] item: Leftovers
|-damage|p1a: Fuzzy|36/100 psn|[from] psn
|upkeep
|turn|36
|
|t:|1758256383
|move|p2a: Pokemon Shield|Close Combat|p1a: Fuzzy
|-damage|p1a: Fuzzy|0 fnt
|-unboost|p2a: Pokemon Shield|def|1
|-unboost|p2a: Pokemon Shield|spd|1
|faint|p1a: Fuzzy
|
|win|undertalethemovie
|raw|notmeezo's rating: 1314 &rarr; <strong>1292</strong><br />(-22 for losing)
|raw|undertalethemovie's rating: 1278 &rarr; <strong>1306</strong><br />(+28 for winning)
|l|☆notmeezo
|player|p1|
|l|☆undertalethemovie
|player|p2|
