|j|☆ShutMario23
|j|☆yuhenne
|t:|1758344271
|gametype|singles
|player|p1|ShutMario23|101|1223
|player|p2|yuhenne|169|1223
|gen|9
|tier|[Gen 9] OU
|rated|
|rule|HP Percentage Mod: HP is shown in percentages
|rule|Endless Battle Clause: Forcing endless battles is banned
|rule|Species Clause: Limit one of each Pokémon
|rule|OHKO Clause: OHKO moves are banned
|rule|Evasion Items Clause: Evasion items are banned
|rule|Evasion Moves Clause: Evasion moves are banned
|rule|Evasion Abilities Clause: Evasion abilities are banned
|rule|Sleep Moves Clause: Sleep-inducing moves are banned
|clearpoke
|poke|p1|Ting-Lu|
|poke|p1|Comfey, M|
|poke|p1|Gholdengo|
|poke|p1|Glimmora, F|
|poke|p1|Alomomola, M|
|poke|p1|Meowscarada, F|
|poke|p2|Kingambit, M|
|poke|p2|Iron Valiant|
|poke|p2|Moltres|
|poke|p2|Raging Bolt|
|poke|p2|Deoxys-Speed|
|poke|p2|Ogerpon-Wellspring, F|
|teampreview
|inactive|Battle timer is ON: inactive players will automatically lose when time's up. (requested by ShutMario23)
|
|t:|1758344303
|teamsize|p1|6
|teamsize|p2|6
|start
|switch|p1a: Meowscarada|Meowscarada, F, shiny|100/100
|switch|p2a: Deoxys|Deoxys-Speed|100/100
|-ability|p2a: Deoxys|Pressure
|turn|1
|
|t:|1758344312
|move|p2a: Deoxys|Thunder Wave|p1a: Meowscarada|[miss]
|-miss|p2a: Deoxys|p1a: Meowscarada
|move|p1a: Meowscarada|U-turn|p2a: Deoxys
|-start|p1a: Meowscarada|typechange|Bug|[from] ability: Protean
|-supereffective|p2a: Deoxys
|-damage|p2a: Deoxys|25/100
|
|t:|1758344322
|switch|p1a: Ting-Lu|Ting-Lu|100/100|[from] U-turn
|-ability|p1a: Ting-Lu|Vessel of Ruin
|
|upkeep
|turn|2
|
|t:|1758344328
|switch|p2a: Ogerpon|Ogerpon-Wellspring, F|100/100
|move|p1a: Ting-Lu|Rock Tomb|p2a: Ogerpon
|-damage|p2a: Ogerpon|81/100
|-unboost|p2a: Ogerpon|spe|1
|
|upkeep
|turn|3
|
|t:|1758344338
|switch|p1a: Meowscarada|Meowscarada, F, shiny|100/100
|move|p2a: Ogerpon|Trailblaze|p1a: Meowscarada
|-resisted|p1a: Meowscarada
|-damage|p1a: Meowscarada|76/100
|-boost|p2a: Ogerpon|spe|1
|
|upkeep
|turn|4
|
|t:|1758344347
|move|p1a: Meowscarada|U-turn|p2a: Ogerpon
|-start|p1a: Meowscarada|typechange|Bug|[from] ability: Protean
|-supereffective|p2a: Ogerpon
|-damage|p2a: Ogerpon|0 fnt
|faint|p2a: Ogerpon
|
|t:|1758344366
|switch|p1a: Comfey|Comfey, M, shiny|100/100|[from] U-turn
|
|upkeep
|
|t:|1758344372
|switch|p2a: Kingambit|Kingambit, M|100/100
|-activate|p2a: Kingambit|ability: Supreme Overlord
|-start|p2a: Kingambit|fallen1|[silent]
|turn|5
|
|t:|1758344376
|switch|p1a: Ting-Lu|Ting-Lu|100/100
|-ability|p1a: Ting-Lu|Vessel of Ruin
|move|p2a: Kingambit|Swords Dance|p2a: Kingambit
|-boost|p2a: Kingambit|atk|2
|
|upkeep
|turn|6
|
|t:|1758344388
|-end|p2a: Kingambit|fallen1|[silent]
|switch|p2a: Iron Valiant|Iron Valiant|100/100
|-enditem|p2a: Iron Valiant|Booster Energy
|-activate|p2a: Iron Valiant|ability: Quark Drive|[fromitem]
|-start|p2a: Iron Valiant|quarkdrivespe
|move|p1a: Ting-Lu|Earthquake|p2a: Iron Valiant
|-damage|p2a: Iron Valiant|53/100
|
|upkeep
|turn|7
|
|t:|1758344397
|switch|p1a: Comfey|Comfey, M, shiny|100/100
|move|p2a: Iron Valiant|Close Combat|p1a: Comfey
|-resisted|p1a: Comfey
|-damage|p1a: Comfey|60/100
|-unboost|p2a: Iron Valiant|def|1
|-unboost|p2a: Iron Valiant|spd|1
|
|-heal|p1a: Comfey|67/100|[from] item: Leftovers
|upkeep
|turn|8
|
|t:|1758344409
|move|p1a: Comfey|Draining Kiss|p2a: Iron Valiant
|-supereffective|p2a: Iron Valiant
|-damage|p2a: Iron Valiant|0 fnt
|-heal|p1a: Comfey|100/100|[from] drain|[of] p2a: Iron Valiant
|faint|p2a: Iron Valiant
|-end|p2a: Iron Valiant|Quark Drive|[silent]
|
|upkeep
|
|t:|1758344417
|switch|p2a: Kingambit|Kingambit, M|100/100
|-activate|p2a: Kingambit|ability: Supreme Overlord
|-start|p2a: Kingambit|fallen2|[silent]
|turn|9
|
|t:|1758344422
|switch|p1a: Ting-Lu|Ting-Lu|100/100
|-ability|p1a: Ting-Lu|Vessel of Ruin
|move|p2a: Kingambit|Iron Head|p1a: Ting-Lu
|-damage|p1a: Ting-Lu|79/100
|
|-heal|p1a: Ting-Lu|85/100|[from] item: Leftovers
|upkeep
|turn|10
|-message|yuhenne forfeited.
|
|win|ShutMario23
|raw|ShutMario23's rating: 1223 &rarr; <strong>1248</strong><br />(+25 for winning)
|raw|yuhenne's rating: 1223 &rarr; <strong>1198</strong><br />(-25 for losing)
|l|☆yuhenne
|player|p2|
|l|☆ShutMario23
|player|p1|
