|j|☆aeyamq
|j|☆youbunto0
|t:|1758288524
|gametype|singles
|player|p1|aeyamq|266|1499
|player|p2|youbunto0|fisherman-gen4|1546
|gen|9
|tier|[Gen 9] OU
|rated|
|rule|HP Percentage Mod: HP is shown in percentages
|rule|Endless Battle Clause: Forcing endless battles is banned
|rule|Species Clause: Limit one of each Pokémon
|rule|OHKO Clause: OHKO moves are banned
|rule|Evasion Items Clause: Evasion items are banned
|rule|Evasion Moves Clause: Evasion moves are banned
|rule|Evasion Abilities Clause: Evasion abilities are banned
|rule|Sleep Moves Clause: Sleep-inducing moves are banned
|clearpoke
|poke|p1|Hoopa-Unbound|
|poke|p1|Corviknight, M|
|poke|p1|Dragonite, M|
|poke|p1|Raging Bolt|
|poke|p1|Rillaboom, F|
|poke|p1|Primarina, F|
|poke|p2|Pecharunt|
|poke|p2|Great Tusk|
|poke|p2|Ogerpon-Wellspring, F|
|poke|p2|Iron Crown|
|poke|p2|Landorus-Therian, M|
|poke|p2|Samurott-Hisui, M|
|teampreview
|inactive|Battle timer is ON: inactive players will automatically lose when time's up. (requested by aeyamq)
|
|t:|1758288535
|teamsize|p1|6
|teamsize|p2|6
|start
|switch|p1a: Primarina|Primarina, F|100/100
|switch|p2a: Landorus|Landorus-Therian, M|100/100
|-ability|p2a: Landorus|Intimidate|boost
|-unboost|p1a: Primarina|atk|1
|turn|1
|
|t:|1758288547
|move|p2a: Landorus|U-turn|p1a: Primarina
|-resisted|p1a: Primarina
|-damage|p1a: Primarina|82/100
|
|t:|1758288550
|switch|p2a: Ogerpon|Ogerpon-Wellspring, F|100/100|[from] U-turn
|move|p1a: Primarina|Moonblast|p2a: Ogerpon
|-damage|p2a: Ogerpon|49/100
|
|upkeep
|turn|2
|
|t:|1758288574
|switch|p1a: Raging Bolt|Raging Bolt|100/100
|-enditem|p1a: Raging Bolt|Booster Energy
|-activate|p1a: Raging Bolt|ability: Protosynthesis|[fromitem]
|-start|p1a: Raging Bolt|protosynthesisspa
|move|p2a: Ogerpon|Synthesis|p2a: Ogerpon
|-heal|p2a: Ogerpon|99/100
|
|upkeep
|turn|3
|
|t:|1758288587
|switch|p2a: Iron Crown|Iron Crown|100/100
|move|p1a: Raging Bolt|Dragon Pulse|p2a: Iron Crown
|-resisted|p2a: Iron Crown
|-damage|p2a: Iron Crown|67/100
|
|upkeep
|turn|4
|
|t:|1758288598
|move|p2a: Iron Crown|Psyshock|p1a: Raging Bolt
|-damage|p1a: Raging Bolt|49/100
|move|p1a: Raging Bolt|Dragon Pulse|p2a: Iron Crown
|-resisted|p2a: Iron Crown
|-damage|p2a: Iron Crown|34/100
|
|upkeep
|turn|5
|
|t:|1758288610
|-end|p2a: Iron Crown|Quark Drive|[silent]
|switch|p2a: Landorus|Landorus-Therian, M|100/100
|-ability|p2a: Landorus|Intimidate|boost
|-unboost|p1a: Raging Bolt|atk|1
|move|p1a: Raging Bolt|Discharge|p2a: Landorus
|-immune|p2a: Landorus
|
|upkeep
|turn|6
|
|t:|1758288626
|move|p2a: Landorus|U-turn|p1a: Raging Bolt
|-damage|p1a: Raging Bolt|27/100
|
|t:|1758288629
|switch|p2a: Iron Crown|Iron Crown|34/100|[from] U-turn
|move|p1a: Raging Bolt|Dragon Pulse|p2a: Iron Crown
|-resisted|p2a: Iron Crown
|-damage|p2a: Iron Crown|2/100
|
|upkeep
|turn|7
|
|t:|1758288639
|move|p2a: Iron Crown|Tachyon Cutter|p1a: Raging Bolt
|-resisted|p1a: Raging Bolt
|-damage|p1a: Raging Bolt|13/100
|-resisted|p1a: Raging Bolt
|-damage|p1a: Raging Bolt|0 fnt
|faint|p1a: Raging Bolt
|-end|p1a: Raging Bolt|Protosynthesis|[silent]
|-hitcount|p1: Raging Bolt|2
|
|upkeep
|
|t:|1758288651
|switch|p1a: Corviknight|Corviknight, M|100/100
|-ability|p1a: Corviknight|Pressure
|turn|8
|
|t:|1758288658
|move|p2a: Iron Crown|Tachyon Cutter|p1a: Corviknight
|-resisted|p1a: Corviknight
|-damage|p1a: Corviknight|82/100
|-resisted|p1a: Corviknight
|-damage|p1a: Corviknight|64/100
|-hitcount|p1a: Corviknight|2
|move|p1a: Corviknight|U-turn|p2a: Iron Crown
|-damage|p2a: Iron Crown|0 fnt
|faint|p2a: Iron Crown
|-end|p2a: Iron Crown|Quark Drive|[silent]
|
|t:|1758288674
|switch|p1a: Primarina|Primarina, F|82/100|[from] U-turn
|
|upkeep
|
|t:|1758288682
|switch|p2a: Ogerpon|Ogerpon-Wellspring, F|99/100
|turn|9
|
|t:|1758288692
|move|p2a: Ogerpon|Trailblaze|p1a: Primarina
|-supereffective|p1a: Primarina
|-damage|p1a: Primarina|16/100
|-boost|p2a: Ogerpon|spe|1
|move|p1a: Primarina|Moonblast|p2a: Ogerpon
|-damage|p2a: Ogerpon|48/100
|-unboost|p2a: Ogerpon|spa|1
|
|upkeep
|turn|10
|
|t:|1758288701
|switch|p1a: Corviknight|Corviknight, M|64/100
|-ability|p1a: Corviknight|Pressure
|move|p2a: Ogerpon|Trailblaze|p1a: Corviknight
|-resisted|p1a: Corviknight
|-damage|p1a: Corviknight|60/100
|-boost|p2a: Ogerpon|spe|1
|-damage|p2a: Ogerpon|32/100|[from] item: Rocky Helmet|[of] p1a: Corviknight
|
|upkeep
|turn|11
|
|t:|1758288711
|move|p2a: Ogerpon|Synthesis|p2a: Ogerpon
|-heal|p2a: Ogerpon|82/100
|move|p1a: Corviknight|Roost|p1a: Corviknight
|-heal|p1a: Corviknight|100/100
|-singleturn|p1a: Corviknight|move: Roost
|
|upkeep
|turn|12
|
|t:|1758288718
|move|p2a: Ogerpon|Swords Dance|p2a: Ogerpon
|-boost|p2a: Ogerpon|atk|2
|move|p1a: Corviknight|U-turn|p2a: Ogerpon
|-supereffective|p2a: Ogerpon
|-damage|p2a: Ogerpon|54/100
|
|t:|1758288730
|switch|p1a: Dragonite|Dragonite, M|100/100|[from] U-turn
|
|upkeep
|turn|13
|
|t:|1758288739
|move|p2a: Ogerpon|Ivy Cudgel|p1a: Dragonite|[anim] Ivy Cudgel Water
|-resisted|p1a: Dragonite
|-damage|p1a: Dragonite|70/100
|move|p1a: Dragonite|Dragon Dance|p1a: Dragonite
|-boost|p1a: Dragonite|atk|1
|-boost|p1a: Dragonite|spe|1
|
|upkeep
|turn|14
|
|t:|1758288757
|-terastallize|p1a: Dragonite|Normal
|move|p1a: Dragonite|Extreme Speed|p2a: Ogerpon
|-damage|p2a: Ogerpon|0 fnt
|faint|p2a: Ogerpon
|
|upkeep
|
|t:|1758288762
|switch|p2a: Pecharunt|Pecharunt|100/100
|turn|15
|
|t:|1758288768
|move|p1a: Dragonite|Earthquake|p2a: Pecharunt
|-supereffective|p2a: Pecharunt
|-damage|p2a: Pecharunt|45/100
|move|p2a: Pecharunt|Parting Shot|p1a: Dragonite
|-unboost|p1a: Dragonite|atk|1
|-unboost|p1a: Dragonite|spa|1
|
|t:|1758288773
|switch|p2a: Landorus|Landorus-Therian, M|100/100|[from] Parting Shot
|-ability|p2a: Landorus|Intimidate|boost
|-unboost|p1a: Dragonite|atk|1
|
|upkeep
|turn|16
|
|t:|1758288784
|move|p2a: Landorus|U-turn|p1a: Dragonite
|-crit|p1a: Dragonite
|-damage|p1a: Dragonite|24/100
|
|t:|1758288788
|switch|p2a: Pecharunt|Pecharunt|45/100|[from] U-turn
|move|p1a: Dragonite|Roost|p1a: Dragonite
|-heal|p1a: Dragonite|74/100
|
|upkeep
|turn|17
|
|t:|1758288797
|switch|p1a: Corviknight|Corviknight, M|100/100
|-ability|p1a: Corviknight|Pressure
|move|p2a: Pecharunt|Recover|p2a: Pecharunt
|-heal|p2a: Pecharunt|95/100
|
|upkeep
|turn|18
|
|t:|1758288805
|move|p2a: Pecharunt|Foul Play|p1a: Corviknight
|-damage|p1a: Corviknight|89/100
|-damage|p2a: Pecharunt|79/100|[from] item: Rocky Helmet|[of] p1a: Corviknight
|move|p1a: Corviknight|U-turn|p2a: Pecharunt
|-resisted|p2a: Pecharunt
|-damage|p2a: Pecharunt|77/100
|-damage|p1a: Corviknight|72/100|[from] item: Rocky Helmet|[of] p2a: Pecharunt
|
|t:|1758288813
|switch|p1a: Hoopa|Hoopa-Unbound|100/100|[from] U-turn
|
|upkeep
|turn|19
|
|t:|1758288824
|-terastallize|p2a: Pecharunt|Dark
|move|p2a: Pecharunt|Malignant Chain|p1a: Hoopa
|-damage|p1a: Hoopa|85/100
|-status|p1a: Hoopa|tox
|-start|p1a: Hoopa|confusion|[from] ability: Poison Puppeteer|[of] p2a: Pecharunt
|-activate|p1a: Hoopa|confusion
|move|p1a: Hoopa|Knock Off|p2a: Pecharunt
|-resisted|p2a: Pecharunt
|-damage|p2a: Pecharunt|65/100
|-damage|p1a: Hoopa|69/100 tox|[from] item: Rocky Helmet|[of] p2a: Pecharunt
|-enditem|p2a: Pecharunt|Rocky Helmet|[from] move: Knock Off|[of] p1a: Hoopa
|
|-damage|p1a: Hoopa|63/100 tox|[from] psn
|upkeep
|turn|20
|
|t:|1758288848
|move|p2a: Pecharunt|Foul Play|p1a: Hoopa
|-damage|p1a: Hoopa|0 fnt
|faint|p1a: Hoopa
|
|upkeep
|
|t:|1758288852
|switch|p1a: Corviknight|Corviknight, M|72/100
|-ability|p1a: Corviknight|Pressure
|turn|21
|
|t:|1758288859
|move|p2a: Pecharunt|Recover|p2a: Pecharunt
|-heal|p2a: Pecharunt|100/100
|move|p1a: Corviknight|Roost|p1a: Corviknight
|-heal|p1a: Corviknight|100/100
|-singleturn|p1a: Corviknight|move: Roost
|
|upkeep
|turn|22
|
|t:|1758288867
|move|p2a: Pecharunt|Parting Shot|p1a: Corviknight
|-unboost|p1a: Corviknight|atk|1
|-unboost|p1a: Corviknight|spa|1
|
|t:|1758288871
|switch|p2a: Samurott|Samurott-Hisui, M|100/100|[from] Parting Shot
|move|p1a: Corviknight|U-turn|p2a: Samurott
|-supereffective|p2a: Samurott
|-damage|p2a: Samurott|76/100
|
|t:|1758288878
|switch|p1a: Rillaboom|Rillaboom, F|100/100|[from] U-turn
|-fieldstart|move: Grassy Terrain|[from] ability: Grassy Surge|[of] p1a: Rillaboom
|
|-heal|p2a: Samurott|82/100|[from] Grassy Terrain
|upkeep
|turn|23
|
|t:|1758288894
|switch|p2a: Landorus|Landorus-Therian, M|100/100
|-ability|p2a: Landorus|Intimidate|boost
|-unboost|p1a: Rillaboom|atk|1
|move|p1a: Rillaboom|Grassy Glide|p2a: Landorus
|-damage|p2a: Landorus|59/100
|
|upkeep
|turn|24
|
|t:|1758288902
|switch|p1a: Corviknight|Corviknight, M|100/100
|-ability|p1a: Corviknight|Pressure
|move|p2a: Landorus|U-turn|p1a: Corviknight
|-resisted|p1a: Corviknight
|-damage|p1a: Corviknight|96/100
|-damage|p2a: Landorus|43/100|[from] item: Rocky Helmet|[of] p1a: Corviknight
|
|t:|1758288908
|switch|p2a: Samurott|Samurott-Hisui, M|82/100|[from] U-turn
|
|-heal|p2a: Samurott|88/100|[from] Grassy Terrain
|upkeep
|turn|25
|
|t:|1758288914
|move|p2a: Samurott|Ceaseless Edge|p1a: Corviknight
|-damage|p1a: Corviknight|67/100
|-damage|p2a: Samurott|72/100|[from] item: Rocky Helmet|[of] p1a: Corviknight
|-sidestart|p1: aeyamq|Spikes
|move|p1a: Corviknight|U-turn|p2a: Samurott
|-supereffective|p2a: Samurott
|-damage|p2a: Samurott|37/100
|
|t:|1758288921
|switch|p1a: Rillaboom|Rillaboom, F|100/100|[from] U-turn
|-damage|p1a: Rillaboom|88/100|[from] Spikes
|
|-heal|p1a: Rillaboom|94/100|[from] Grassy Terrain
|-heal|p2a: Samurott|43/100|[from] Grassy Terrain
|upkeep
|turn|26
|
|t:|1758288929
|move|p2a: Samurott|Sucker Punch|p1a: Rillaboom
|-damage|p1a: Rillaboom|54/100
|move|p1a: Rillaboom|Wood Hammer|p2a: Samurott
|-supereffective|p2a: Samurott
|-damage|p2a: Samurott|0 fnt
|faint|p2a: Samurott
|-damage|p1a: Rillaboom|40/100|[from] Recoil
|
|-heal|p1a: Rillaboom|46/100|[from] Grassy Terrain
|-fieldend|move: Grassy Terrain
|upkeep
|
|t:|1758288941
|switch|p2a: Landorus|Landorus-Therian, M|43/100
|-ability|p2a: Landorus|Intimidate|boost
|-unboost|p1a: Rillaboom|atk|1
|turn|27
|
|t:|1758288946
|switch|p1a: Corviknight|Corviknight, M|67/100
|-ability|p1a: Corviknight|Pressure
|move|p2a: Landorus|U-turn|p1a: Corviknight
|-resisted|p1a: Corviknight
|-damage|p1a: Corviknight|63/100
|-damage|p2a: Landorus|26/100|[from] item: Rocky Helmet|[of] p1a: Corviknight
|
|t:|1758288949
|switch|p2a: Great Tusk|Great Tusk|100/100|[from] U-turn
|-enditem|p2a: Great Tusk|Booster Energy
|-activate|p2a: Great Tusk|ability: Protosynthesis|[fromitem]
|-start|p2a: Great Tusk|protosynthesisspe
|
|upkeep
|turn|28
|
|t:|1758288958
|move|p2a: Great Tusk|Stealth Rock|p1a: Corviknight
|-sidestart|p1: aeyamq|move: Stealth Rock
|move|p1a: Corviknight|Roost|p1a: Corviknight
|-heal|p1a: Corviknight|100/100
|-singleturn|p1a: Corviknight|move: Roost
|
|upkeep
|turn|29
|
|t:|1758288964
|move|p2a: Great Tusk|Knock Off|p1a: Corviknight
|-damage|p1a: Corviknight|84/100
|-damage|p2a: Great Tusk|84/100|[from] item: Rocky Helmet|[of] p1a: Corviknight
|-enditem|p1a: Corviknight|Rocky Helmet|[from] move: Knock Off|[of] p2a: Great Tusk
|move|p1a: Corviknight|Defog|p2a: Great Tusk
|-unboost|p2a: Great Tusk|evasion|1
|-sideend|p1: aeyamq|Spikes|[from] move: Defog|[of] p1a: Corviknight
|-sideend|p1: aeyamq|Stealth Rock|[from] move: Defog|[of] p1a: Corviknight
|
|upkeep
|turn|30
|
|t:|1758288974
|move|p2a: Great Tusk|Stealth Rock|p1a: Corviknight
|-sidestart|p1: aeyamq|move: Stealth Rock
|move|p1a: Corviknight|Brave Bird|p2a: Great Tusk
|-supereffective|p2a: Great Tusk
|-damage|p2a: Great Tusk|38/100
|-damage|p1a: Corviknight|68/100|[from] Recoil
|
|upkeep
|turn|31
|
|t:|1758288982
|move|p2a: Great Tusk|Knock Off|p1a: Corviknight
|-damage|p1a: Corviknight|56/100
|move|p1a: Corviknight|Roost|p1a: Corviknight
|-heal|p1a: Corviknight|100/100
|-singleturn|p1a: Corviknight|move: Roost
|
|upkeep
|turn|32
|
|t:|1758288989
|-end|p2a: Great Tusk|Protosynthesis|[silent]
|switch|p2a: Landorus|Landorus-Therian, M|26/100
|-ability|p2a: Landorus|Intimidate|boost
|-unboost|p1a: Corviknight|atk|1
|move|p1a: Corviknight|Defog|p2a: Landorus
|-unboost|p2a: Landorus|evasion|1
|-sideend|p1: aeyamq|Stealth Rock|[from] move: Defog|[of] p1a: Corviknight
|
|upkeep
|turn|33
|
|t:|1758289001
|move|p2a: Landorus|Stone Edge|p1a: Corviknight
|-damage|p1a: Corviknight|77/100
|move|p1a: Corviknight|U-turn|p2a: Landorus
|-resisted|p2a: Landorus
|-damage|p2a: Landorus|20/100
|
|t:|1758289011
|switch|p1a: Rillaboom|Rillaboom, F|46/100|[from] U-turn
|-fieldstart|move: Grassy Terrain|[from] ability: Grassy Surge|[of] p1a: Rillaboom
|
|-heal|p1a: Rillaboom|52/100|[from] Grassy Terrain
|upkeep
|turn|34
|
|t:|1758289018
|move|p1a: Rillaboom|Grassy Glide|p2a: Landorus
|-damage|p2a: Landorus|0 fnt
|faint|p2a: Landorus
|
|-heal|p1a: Rillaboom|59/100|[from] Grassy Terrain
|upkeep
|
|t:|1758289024
|switch|p2a: Pecharunt|Pecharunt, tera:Dark|100/100
|turn|35
|
|t:|1758289028
|switch|p1a: Corviknight|Corviknight, M|77/100
|-ability|p1a: Corviknight|Pressure
|move|p2a: Pecharunt|Malignant Chain|p1a: Corviknight
|-immune|p1a: Corviknight
|
|upkeep
|turn|36
|
|t:|1758289036
|move|p2a: Pecharunt|Parting Shot|p1a: Corviknight
|-unboost|p1a: Corviknight|atk|1
|-unboost|p1a: Corviknight|spa|1
|
|t:|1758289039
|switch|p2a: Great Tusk|Great Tusk|38/100|[from] Parting Shot
|move|p1a: Corviknight|Roost|p1a: Corviknight
|-heal|p1a: Corviknight|100/100
|-singleturn|p1a: Corviknight|move: Roost
|
|-heal|p2a: Great Tusk|45/100|[from] Grassy Terrain
|upkeep
|turn|37
|
|t:|1758289049
|-end|p2a: Great Tusk|Protosynthesis|[silent]
|switch|p2a: Pecharunt|Pecharunt, tera:Dark|100/100
|move|p1a: Corviknight|Brave Bird|p2a: Pecharunt
|-damage|p2a: Pecharunt|88/100
|-damage|p1a: Corviknight|97/100|[from] Recoil
|
|-heal|p2a: Pecharunt|94/100|[from] Grassy Terrain
|-fieldend|move: Grassy Terrain
|upkeep
|turn|38
|
|t:|1758289057
|move|p2a: Pecharunt|Foul Play|p1a: Corviknight
|-damage|p1a: Corviknight|85/100
|move|p1a: Corviknight|U-turn|p2a: Pecharunt
|-supereffective|p2a: Pecharunt
|-damage|p2a: Pecharunt|84/100
|
|t:|1758289073
|switch|p1a: Primarina|Primarina, F|16/100|[from] U-turn
|
|upkeep
|turn|39
|
|t:|1758289082
|move|p2a: Pecharunt|Malignant Chain|p1a: Primarina
|-supereffective|p1a: Primarina
|-damage|p1a: Primarina|0 fnt
|faint|p1a: Primarina
|
|upkeep
|
|t:|1758289087
|switch|p1a: Rillaboom|Rillaboom, F|59/100
|-fieldstart|move: Grassy Terrain|[from] ability: Grassy Surge|[of] p1a: Rillaboom
|turn|40
|
|t:|1758289095
|move|p1a: Rillaboom|Wood Hammer|p2a: Pecharunt
|-damage|p2a: Pecharunt|31/100
|-damage|p1a: Rillaboom|39/100|[from] Recoil
|move|p2a: Pecharunt|Malignant Chain|p1a: Rillaboom
|-supereffective|p1a: Rillaboom
|-damage|p1a: Rillaboom|0 fnt
|faint|p1a: Rillaboom
|
|-heal|p2a: Pecharunt|37/100|[from] Grassy Terrain
|upkeep
|
|t:|1758289107
|switch|p1a: Dragonite|Dragonite, M, tera:Normal|74/100
|turn|41
|
|t:|1758289113
|move|p1a: Dragonite|Dragon Dance|p1a: Dragonite
|-boost|p1a: Dragonite|atk|1
|-boost|p1a: Dragonite|spe|1
|move|p2a: Pecharunt|Recover|p2a: Pecharunt
|-heal|p2a: Pecharunt|87/100
|
|-heal|p1a: Dragonite|80/100|[from] Grassy Terrain
|-heal|p2a: Pecharunt|93/100|[from] Grassy Terrain
|upkeep
|turn|42
|
|t:|1758289128
|move|p1a: Dragonite|Extreme Speed|p2a: Pecharunt
|-damage|p2a: Pecharunt|59/100
|move|p2a: Pecharunt|Foul Play|p1a: Dragonite
|-damage|p1a: Dragonite|0 fnt
|faint|p1a: Dragonite
|
|-heal|p2a: Pecharunt|65/100|[from] Grassy Terrain
|upkeep
|
|t:|1758289136
|switch|p1a: Corviknight|Corviknight, M|85/100
|-ability|p1a: Corviknight|Pressure
|turn|43
|
|t:|1758289143
|move|p2a: Pecharunt|Foul Play|p1a: Corviknight
|-damage|p1a: Corviknight|68/100
|move|p1a: Corviknight|U-turn|p2a: Pecharunt
|-supereffective|p2a: Pecharunt
|-damage|p2a: Pecharunt|50/100
|
|-heal|p2a: Pecharunt|57/100|[from] Grassy Terrain
|upkeep
|turn|44
|
|t:|1758289153
|move|p2a: Pecharunt|Foul Play|p1a: Corviknight
|-damage|p1a: Corviknight|50/100
|move|p1a: Corviknight|U-turn|p2a: Pecharunt
|-supereffective|p2a: Pecharunt
|-damage|p2a: Pecharunt|41/100
|
|-heal|p2a: Pecharunt|47/100|[from] Grassy Terrain
|-fieldend|move: Grassy Terrain
|upkeep
|turn|45
|
|t:|1758289160
|move|p2a: Pecharunt|Recover|p2a: Pecharunt
|-heal|p2a: Pecharunt|97/100
|move|p1a: Corviknight|Roost|p1a: Corviknight
|-heal|p1a: Corviknight|100/100
|-singleturn|p1a: Corviknight|move: Roost
|
|upkeep
|turn|46
|
|t:|1758289169
|move|p2a: Pecharunt|Foul Play|p1a: Corviknight
|-damage|p1a: Corviknight|82/100
|move|p1a: Corviknight|U-turn|p2a: Pecharunt
|-supereffective|p2a: Pecharunt
|-damage|p2a: Pecharunt|83/100
|
|upkeep
|turn|47
|c|☆youbunto0|Very fun endgame
|
|t:|1758289179
|move|p2a: Pecharunt|Foul Play|p1a: Corviknight
|-damage|p1a: Corviknight|65/100
|move|p1a: Corviknight|U-turn|p2a: Pecharunt
|-supereffective|p2a: Pecharunt
|-damage|p2a: Pecharunt|69/100
|
|upkeep
|turn|48
|
|t:|1758289187
|move|p2a: Pecharunt|Foul Play|p1a: Corviknight
|-damage|p1a: Corviknight|47/100
|move|p1a: Corviknight|U-turn|p2a: Pecharunt
|-supereffective|p2a: Pecharunt
|-damage|p2a: Pecharunt|55/100
|
|upkeep
|turn|49
|
|t:|1758289196
|move|p2a: Pecharunt|Parting Shot|p1a: Corviknight
|-unboost|p1a: Corviknight|atk|1
|-unboost|p1a: Corviknight|spa|1
|
|t:|1758289198
|switch|p2a: Great Tusk|Great Tusk|45/100|[from] Parting Shot
|move|p1a: Corviknight|Roost|p1a: Corviknight
|-heal|p1a: Corviknight|97/100
|-singleturn|p1a: Corviknight|move: Roost
|
|upkeep
|turn|50
|
|t:|1758289207
|move|p2a: Great Tusk|Knock Off|p1a: Corviknight
|-damage|p1a: Corviknight|86/100
|move|p1a: Corviknight|Brave Bird|p2a: Great Tusk
|-supereffective|p2a: Great Tusk
|-damage|p2a: Great Tusk|15/100
|-damage|p1a: Corviknight|75/100|[from] Recoil
|
|upkeep
|turn|51
|
|t:|1758289215
|move|p2a: Great Tusk|Knock Off|p1a: Corviknight
|-damage|p1a: Corviknight|64/100
|move|p1a: Corviknight|Brave Bird|p2a: Great Tusk
|-supereffective|p2a: Great Tusk
|-damage|p2a: Great Tusk|0 fnt
|faint|p2a: Great Tusk
|-end|p2a: Great Tusk|Protosynthesis|[silent]
|-damage|p1a: Corviknight|59/100|[from] Recoil
|
|upkeep
|
|t:|1758289221
|switch|p2a: Pecharunt|Pecharunt, tera:Dark|55/100
|turn|52
|
|t:|1758289224
|move|p2a: Pecharunt|Parting Shot|p1a: Corviknight
|-unboost|p1a: Corviknight|atk|1
|-unboost|p1a: Corviknight|spa|1
|move|p1a: Corviknight|U-turn|p2a: Pecharunt
|-supereffective|p2a: Pecharunt
|-damage|p2a: Pecharunt|47/100
|
|upkeep
|turn|53
|
|t:|1758289232
|move|p2a: Pecharunt|Recover|p2a: Pecharunt
|-heal|p2a: Pecharunt|97/100
|move|p1a: Corviknight|U-turn|p2a: Pecharunt
|-supereffective|p2a: Pecharunt
|-damage|p2a: Pecharunt|90/100
|
|upkeep
|turn|54
|
|t:|1758289239
|move|p2a: Pecharunt|Foul Play|p1a: Corviknight
|-damage|p1a: Corviknight|50/100
|move|p1a: Corviknight|U-turn|p2a: Pecharunt
|-supereffective|p2a: Pecharunt
|-damage|p2a: Pecharunt|84/100
|
|upkeep
|turn|55
|
|t:|1758289246
|move|p2a: Pecharunt|Malignant Chain|p1a: Corviknight
|-immune|p1a: Corviknight
|move|p1a: Corviknight|U-turn|p2a: Pecharunt
|-supereffective|p2a: Pecharunt
|-damage|p2a: Pecharunt|76/100
|
|upkeep
|turn|56
|
|t:|1758289252
|move|p2a: Pecharunt|Malignant Chain|p1a: Corviknight
|-immune|p1a: Corviknight
|move|p1a: Corviknight|Roost|p1a: Corviknight
|-heal|p1a: Corviknight|99/100
|-singleturn|p1a: Corviknight|move: Roost
|
|upkeep
|turn|57
|
|t:|1758289260
|move|p2a: Pecharunt|Foul Play|p1a: Corviknight
|-damage|p1a: Corviknight|91/100
|move|p1a: Corviknight|U-turn|p2a: Pecharunt
|-supereffective|p2a: Pecharunt
|-damage|p2a: Pecharunt|69/100
|
|upkeep
|turn|58
|
|t:|1758289267
|move|p2a: Pecharunt|Foul Play|p1a: Corviknight
|-damage|p1a: Corviknight|83/100
|move|p1a: Corviknight|U-turn|p2a: Pecharunt
|-supereffective|p2a: Pecharunt
|-damage|p2a: Pecharunt|62/100
|
|upkeep
|turn|59
|
|t:|1758289273
|move|p2a: Pecharunt|Foul Play|p1a: Corviknight
|-damage|p1a: Corviknight|74/100
|move|p1a: Corviknight|U-turn|p2a: Pecharunt
|-supereffective|p2a: Pecharunt
|-damage|p2a: Pecharunt|55/100
|
|upkeep
|turn|60
|
|t:|1758289279
|move|p2a: Pecharunt|Parting Shot|p1a: Corviknight
|-unboost|p1a: Corviknight|atk|1
|-unboost|p1a: Corviknight|spa|1
|move|p1a: Corviknight|U-turn|p2a: Pecharunt
|-supereffective|p2a: Pecharunt
|-damage|p2a: Pecharunt|49/100
|
|upkeep
|turn|61
|
|t:|1758289285
|move|p2a: Pecharunt|Parting Shot|p1a: Corviknight
|-unboost|p1a: Corviknight|atk|1
|-unboost|p1a: Corviknight|spa|1
|move|p1a: Corviknight|U-turn|p2a: Pecharunt
|-supereffective|p2a: Pecharunt
|-damage|p2a: Pecharunt|44/100
|
|upkeep
|turn|62
|
|t:|1758289291
|move|p2a: Pecharunt|Recover|p2a: Pecharunt
|-heal|p2a: Pecharunt|94/100
|move|p1a: Corviknight|U-turn|p2a: Pecharunt
|-supereffective|p2a: Pecharunt
|-damage|p2a: Pecharunt|89/100
|
|upkeep
|turn|63
|
|t:|1758289296
|move|p2a: Pecharunt|Parting Shot|p1a: Corviknight
|-unboost|p1a: Corviknight|atk|1
|-unboost|p1a: Corviknight|spa|1
|move|p1a: Corviknight|U-turn|p2a: Pecharunt
|-supereffective|p2a: Pecharunt
|-damage|p2a: Pecharunt|85/100
|
|upkeep
|turn|64
|
|t:|1758289303
|move|p2a: Pecharunt|Parting Shot|p1a: Corviknight
|-unboost|p1a: Corviknight|atk|1
|-unboost|p1a: Corviknight|spa|1
|move|p1a: Corviknight|U-turn|p2a: Pecharunt
|-supereffective|p2a: Pecharunt
|-damage|p2a: Pecharunt|82/100
|
|upkeep
|turn|65
|-message|youbunto0 forfeited.
|
|win|aeyamq
|raw|aeyamq's rating: 1499 &rarr; <strong>1522</strong><br />(+23 for winning)
|raw|youbunto0's rating: 1546 &rarr; <strong>1523</strong><br />(-23 for losing)
|l|☆youbunto0
|player|p2|
|l|☆aeyamq
|player|p1|
