|j|☆will1994
|j|☆Labooble
|t:|1758374921
|gametype|singles
|player|p1|will1994|red|1626
|player|p2|Labooble|266|1549
|gen|9
|tier|[Gen 9] OU
|rated|
|rule|HP Percentage Mod: HP is shown in percentages
|rule|Endless Battle Clause: Forcing endless battles is banned
|rule|Species Clause: Limit one of each Pokémon
|rule|OHKO Clause: OHKO moves are banned
|rule|Evasion Items Clause: Evasion items are banned
|rule|Evasion Moves Clause: Evasion moves are banned
|rule|Evasion Abilities Clause: Evasion abilities are banned
|rule|Sleep Moves Clause: Sleep-inducing moves are banned
|clearpoke
|poke|p1|Rillaboom, M|
|poke|p1|Charizard, F|
|poke|p1|Corviknight, F|
|poke|p1|Kleavor, M|
|poke|p1|Clodsire, F|
|poke|p1|Samurott-Hisui, M|
|poke|p2|Toxapex, F|
|poke|p2|Fezandipiti, M|
|poke|p2|Moltres|
|poke|p2|Kyurem|
|poke|p2|Dragapult, F|
|poke|p2|Primarina, M|
|teampreview
|inactive|Battle timer is ON: inactive players will automatically lose when time's up. (requested by Labooble)
|
|t:|1758374936
|teamsize|p1|6
|teamsize|p2|6
|start
|switch|p1a: Kleavor|Kleavor, M|100/100
|switch|p2a: Fezandipiti|Fezandipiti, M|100/100
|turn|1
|
|t:|1758374944
|move|p1a: Kleavor|Stone Axe|p2a: Fezandipiti
|-damage|p2a: Fezandipiti|50/100
|-sidestart|p2: Labooble|move: Stealth Rock
|move|p2a: Fezandipiti|Beat Up|p1a: Kleavor
|-damage|p1a: Kleavor|96/100
|-damage|p1a: Kleavor|93/100
|-damage|p1a: Kleavor|89/100
|-status|p1a: Kleavor|tox|[from] ability: Toxic Chain|[of] p2a: Fezandipiti
|-damage|p1a: Kleavor|84/100 tox
|-damage|p1a: Kleavor|80/100 tox
|-damage|p1a: Kleavor|76/100 tox
|-hitcount|p1a: Kleavor|6
|
|-damage|p1a: Kleavor|70/100 tox|[from] psn
|upkeep
|turn|2
|
|t:|1758374949
|switch|p2a: Toxapex|Toxapex, F|100/100
|-damage|p2a: Toxapex|88/100|[from] Stealth Rock
|move|p1a: Kleavor|Stone Axe|p2a: Toxapex
|-damage|p2a: Toxapex|60/100
|-damage|p1a: Kleavor|54/100 tox|[from] item: Rocky Helmet|[of] p2a: Toxapex
|
|-damage|p1a: Kleavor|41/100 tox|[from] psn
|upkeep
|turn|3
|
|t:|1758374962
|switch|p1a: Corviknight|Corviknight, F|100/100
|-ability|p1a: Corviknight|Pressure
|move|p2a: Toxapex|Recover|p2a: Toxapex
|-heal|p2a: Toxapex|100/100
|
|upkeep
|turn|4
|
|t:|1758374967
|switch|p2a: Moltres|Moltres|100/100
|move|p1a: Corviknight|U-turn|p2a: Moltres
|-resisted|p2a: Moltres
|-damage|p2a: Moltres|97/100
|
|t:|1758374973
|switch|p1a: Samurott|Samurott-Hisui, M|100/100|[from] U-turn
|
|upkeep
|turn|5
|
|t:|1758374979
|switch|p2a: Toxapex|Toxapex, F|100/100
|-damage|p2a: Toxapex|88/100|[from] Stealth Rock
|move|p1a: Samurott|Ceaseless Edge|p2a: Toxapex
|-damage|p2a: Toxapex|68/100
|-damage|p1a: Samurott|84/100|[from] item: Rocky Helmet|[of] p2a: Toxapex
|-sidestart|p2: Labooble|Spikes
|
|upkeep
|turn|6
|
|t:|1758374991
|switch|p1a: Corviknight|Corviknight, F|100/100
|-ability|p1a: Corviknight|Pressure
|move|p2a: Toxapex|Toxic|p1a: Corviknight
|-immune|p1a: Corviknight
|
|upkeep
|turn|7
|
|t:|1758374994
|move|p1a: Corviknight|Brave Bird|p2a: Toxapex
|-damage|p2a: Toxapex|45/100
|-damage|p1a: Corviknight|84/100|[from] item: Rocky Helmet|[of] p2a: Toxapex
|-damage|p1a: Corviknight|78/100|[from] Recoil
|move|p2a: Toxapex|Surf|p1a: Corviknight
|-damage|p1a: Corviknight|58/100
|
|upkeep
|turn|8
|
|t:|1758374998
|move|p1a: Corviknight|U-turn|p2a: Toxapex
|-resisted|p2a: Toxapex
|-damage|p2a: Toxapex|41/100
|-damage|p1a: Corviknight|41/100|[from] item: Rocky Helmet|[of] p2a: Toxapex
|
|t:|1758375007
|switch|p1a: Rillaboom|Rillaboom, M|100/100|[from] U-turn
|-fieldstart|move: Grassy Terrain|[from] ability: Grassy Surge|[of] p1a: Rillaboom
|move|p2a: Toxapex|Recover|p2a: Toxapex
|-heal|p2a: Toxapex|91/100
|
|-heal|p2a: Toxapex|97/100|[from] Grassy Terrain
|upkeep
|turn|9
|
|t:|1758375011
|move|p1a: Rillaboom|Knock Off|p2a: Toxapex
|-damage|p2a: Toxapex|64/100
|-damage|p1a: Rillaboom|84/100|[from] item: Rocky Helmet|[of] p2a: Toxapex
|-enditem|p2a: Toxapex|Rocky Helmet|[from] move: Knock Off|[of] p1a: Rillaboom
|move|p2a: Toxapex|Toxic|p1a: Rillaboom
|-status|p1a: Rillaboom|tox
|
|-heal|p1a: Rillaboom|90/100 tox|[from] Grassy Terrain
|-heal|p2a: Toxapex|70/100|[from] Grassy Terrain
|-damage|p1a: Rillaboom|84/100 tox|[from] psn
|upkeep
|turn|10
|
|t:|1758375020
|switch|p1a: Corviknight|Corviknight, F|41/100
|-ability|p1a: Corviknight|Pressure
|move|p2a: Toxapex|Recover|p2a: Toxapex
|-heal|p2a: Toxapex|100/100
|
|upkeep
|turn|11
|
|t:|1758375024
|switch|p2a: Moltres|Moltres|97/100
|move|p1a: Corviknight|Roost|p1a: Corviknight
|-heal|p1a: Corviknight|92/100
|-singleturn|p1a: Corviknight|move: Roost
|
|-heal|p1a: Corviknight|98/100|[from] Grassy Terrain
|upkeep
|turn|12
|
|t:|1758375028
|switch|p1a: Samurott|Samurott-Hisui, M|84/100
|move|p2a: Moltres|Flamethrower|p1a: Samurott
|-resisted|p1a: Samurott
|-damage|p1a: Samurott|70/100
|
|-heal|p1a: Samurott|76/100|[from] Grassy Terrain
|-fieldend|move: Grassy Terrain
|upkeep
|turn|13
|
|t:|1758375034
|move|p2a: Moltres|U-turn|p1a: Samurott
|-supereffective|p1a: Samurott
|-damage|p1a: Samurott|45/100
|
|t:|1758375038
|switch|p2a: Toxapex|Toxapex, F|100/100|[from] U-turn
|-damage|p2a: Toxapex|88/100|[from] Stealth Rock
|-damage|p2a: Toxapex|76/100|[from] Spikes
|move|p1a: Samurott|Ceaseless Edge|p2a: Toxapex
|-damage|p2a: Toxapex|53/100
|-sidestart|p2: Labooble|Spikes
|
|upkeep
|turn|14
|
|t:|1758375046
|switch|p2a: Moltres|Moltres|97/100
|move|p1a: Samurott|Ceaseless Edge|p2a: Moltres
|-damage|p2a: Moltres|64/100
|-sidestart|p2: Labooble|Spikes
|
|upkeep
|turn|15
|
|t:|1758375052
|move|p2a: Moltres|U-turn|p1a: Samurott
|-supereffective|p1a: Samurott
|-damage|p1a: Samurott|15/100
|
|t:|1758375055
|switch|p2a: Toxapex|Toxapex, F|86/100|[from] U-turn
|-damage|p2a: Toxapex|74/100|[from] Stealth Rock
|-damage|p2a: Toxapex|49/100|[from] Spikes
|move|p1a: Samurott|Aqua Cutter|p2a: Toxapex
|-resisted|p2a: Toxapex
|-damage|p2a: Toxapex|37/100
|
|upkeep
|turn|16
|
|t:|1758375063
|switch|p1a: Rillaboom|Rillaboom, M|84/100 tox
|-fieldstart|move: Grassy Terrain|[from] ability: Grassy Surge|[of] p1a: Rillaboom
|move|p2a: Toxapex|Recover|p2a: Toxapex
|-heal|p2a: Toxapex|88/100
|
|-heal|p1a: Rillaboom|90/100 tox|[from] Grassy Terrain
|-heal|p2a: Toxapex|94/100|[from] Grassy Terrain
|-damage|p1a: Rillaboom|84/100 tox|[from] psn
|upkeep
|turn|17
|
|t:|1758375069
|-terastallize|p1a: Rillaboom|Grass
|move|p1a: Rillaboom|Wood Hammer|p2a: Toxapex
|-damage|p2a: Toxapex|0 fnt
|faint|p2a: Toxapex
|-damage|p1a: Rillaboom|57/100 tox|[from] Recoil
|
|-heal|p1a: Rillaboom|63/100 tox|[from] Grassy Terrain
|-damage|p1a: Rillaboom|51/100 tox|[from] psn
|upkeep
|
|t:|1758375076
|switch|p2a: Moltres|Moltres|64/100
|turn|18
|
|t:|1758375082
|switch|p1a: Clodsire|Clodsire, F|100/100
|move|p2a: Moltres|Flamethrower|p1a: Clodsire
|-damage|p1a: Clodsire|67/100
|
|-heal|p1a: Clodsire|73/100|[from] Grassy Terrain
|-heal|p1a: Clodsire|79/100|[from] item: Leftovers
|upkeep
|turn|19
|
|t:|1758375086
|move|p2a: Moltres|U-turn|p1a: Clodsire
|-resisted|p1a: Clodsire
|-damage|p1a: Clodsire|74/100
|
|t:|1758375091
|switch|p2a: Fezandipiti|Fezandipiti, M|50/100|[from] U-turn
|-damage|p2a: Fezandipiti|37/100|[from] Stealth Rock
|-damage|p2a: Fezandipiti|12/100|[from] Spikes
|move|p1a: Clodsire|Stockpile|p1a: Clodsire
|-start|p1a: Clodsire|stockpile1
|-boost|p1a: Clodsire|def|1
|-boost|p1a: Clodsire|spd|1
|
|-heal|p2a: Fezandipiti|18/100|[from] Grassy Terrain
|-heal|p1a: Clodsire|80/100|[from] Grassy Terrain
|-heal|p1a: Clodsire|86/100|[from] item: Leftovers
|upkeep
|turn|20
|
|t:|1758375101
|switch|p1a: Charizard|Charizard, F|100/100
|move|p2a: Fezandipiti|Beat Up|p1a: Charizard
|-damage|p1a: Charizard|96/100
|-status|p1a: Charizard|tox|[from] ability: Toxic Chain|[of] p2a: Fezandipiti
|-damage|p1a: Charizard|91/100 tox
|-damage|p1a: Charizard|85/100 tox
|-damage|p1a: Charizard|80/100 tox
|-damage|p1a: Charizard|76/100 tox
|-hitcount|p1a: Charizard|5
|
|-heal|p2a: Fezandipiti|24/100|[from] Grassy Terrain
|-damage|p1a: Charizard|70/100 tox|[from] psn
|-fieldend|move: Grassy Terrain
|upkeep
|turn|21
|
|t:|1758375107
|move|p1a: Charizard|Air Slash|p2a: Fezandipiti
|-damage|p2a: Fezandipiti|7/100
|move|p2a: Fezandipiti|Gunk Shot|p1a: Charizard
|-damage|p1a: Charizard|13/100 tox
|
|-damage|p1a: Charizard|0 fnt|[from] psn
|faint|p1a: Charizard
|upkeep
|
|t:|1758375120
|switch|p1a: Rillaboom|Rillaboom, M, tera:Grass|51/100 tox
|-fieldstart|move: Grassy Terrain|[from] ability: Grassy Surge|[of] p1a: Rillaboom
|turn|22
|
|t:|1758375132
|move|p1a: Rillaboom|Grassy Glide|p2a: Fezandipiti
|-resisted|p2a: Fezandipiti
|-damage|p2a: Fezandipiti|0 fnt
|faint|p2a: Fezandipiti
|
|-heal|p1a: Rillaboom|57/100 tox|[from] Grassy Terrain
|-damage|p1a: Rillaboom|51/100 tox|[from] psn
|upkeep
|
|t:|1758375137
|switch|p2a: Moltres|Moltres|64/100
|turn|23
|
|t:|1758375140
|switch|p1a: Clodsire|Clodsire, F|86/100
|move|p2a: Moltres|Flamethrower|p1a: Clodsire
|-damage|p1a: Clodsire|49/100
|
|-heal|p1a: Clodsire|55/100|[from] Grassy Terrain
|-heal|p1a: Clodsire|62/100|[from] item: Leftovers
|upkeep
|turn|24
|
|t:|1758375149
|move|p2a: Moltres|U-turn|p1a: Clodsire
|-resisted|p1a: Clodsire
|-damage|p1a: Clodsire|57/100
|
|t:|1758375152
|switch|p2a: Dragapult|Dragapult, F|100/100|[from] U-turn
|-damage|p2a: Dragapult|88/100|[from] Stealth Rock
|-damage|p2a: Dragapult|63/100|[from] Spikes
|move|p1a: Clodsire|Stockpile|p1a: Clodsire
|-start|p1a: Clodsire|stockpile1
|-boost|p1a: Clodsire|def|1
|-boost|p1a: Clodsire|spd|1
|
|-heal|p2a: Dragapult|69/100|[from] Grassy Terrain
|-heal|p1a: Clodsire|63/100|[from] Grassy Terrain
|-heal|p1a: Clodsire|69/100|[from] item: Leftovers
|upkeep
|turn|25
|
|t:|1758375158
|-terastallize|p2a: Dragapult|Dragon
|move|p2a: Dragapult|Dragon Darts|p1a: Clodsire
|-damage|p1a: Clodsire|50/100
|-anim|p2a: Dragapult|Dragon Darts|p1a: Clodsire
|-damage|p1a: Clodsire|33/100
|move|p1a: Clodsire|Stockpile|p1a: Clodsire
|-start|p1a: Clodsire|stockpile2
|-boost|p1a: Clodsire|def|1
|-boost|p1a: Clodsire|spd|1
|
|-heal|p2a: Dragapult|75/100|[from] Grassy Terrain
|-heal|p1a: Clodsire|39/100|[from] Grassy Terrain
|-heal|p1a: Clodsire|45/100|[from] item: Leftovers
|upkeep
|turn|26
|
|t:|1758375163
|move|p2a: Dragapult|Dragon Darts|p1a: Clodsire
|-damage|p1a: Clodsire|31/100
|-anim|p2a: Dragapult|Dragon Darts|p1a: Clodsire
|-damage|p1a: Clodsire|17/100
|move|p1a: Clodsire|Recover|p1a: Clodsire
|-heal|p1a: Clodsire|67/100
|
|-heal|p2a: Dragapult|81/100|[from] Grassy Terrain
|-heal|p1a: Clodsire|73/100|[from] Grassy Terrain
|-heal|p1a: Clodsire|79/100|[from] item: Leftovers
|-fieldend|move: Grassy Terrain
|upkeep
|turn|27
|
|t:|1758375166
|move|p2a: Dragapult|Dragon Darts|p1a: Clodsire
|-damage|p1a: Clodsire|67/100
|-anim|p2a: Dragapult|Dragon Darts|p1a: Clodsire
|-damage|p1a: Clodsire|54/100
|move|p1a: Clodsire|Toxic|p2a: Dragapult
|-status|p2a: Dragapult|tox
|
|-heal|p1a: Clodsire|61/100|[from] item: Leftovers
|-damage|p2a: Dragapult|75/100 tox|[from] psn
|upkeep
|turn|28
|
|t:|1758375169
|move|p2a: Dragapult|Dragon Darts|p1a: Clodsire
|-damage|p1a: Clodsire|48/100
|-anim|p2a: Dragapult|Dragon Darts|p1a: Clodsire
|-damage|p1a: Clodsire|36/100
|move|p1a: Clodsire|Stockpile|p1a: Clodsire
|-start|p1a: Clodsire|stockpile3
|-boost|p1a: Clodsire|def|1
|-boost|p1a: Clodsire|spd|1
|
|-heal|p1a: Clodsire|42/100|[from] item: Leftovers
|-damage|p2a: Dragapult|63/100 tox|[from] psn
|upkeep
|turn|29
|
|t:|1758375172
|move|p2a: Dragapult|Dragon Darts|p1a: Clodsire
|-damage|p1a: Clodsire|32/100
|-anim|p2a: Dragapult|Dragon Darts|p1a: Clodsire
|-damage|p1a: Clodsire|21/100
|move|p1a: Clodsire|Recover|p1a: Clodsire
|-heal|p1a: Clodsire|71/100
|
|-heal|p1a: Clodsire|77/100|[from] item: Leftovers
|-damage|p2a: Dragapult|45/100 tox|[from] psn
|upkeep
|turn|30
|
|t:|1758375176
|move|p2a: Dragapult|Dragon Darts|p1a: Clodsire
|-damage|p1a: Clodsire|66/100
|-anim|p2a: Dragapult|Dragon Darts|p1a: Clodsire
|-damage|p1a: Clodsire|55/100
|move|p1a: Clodsire|Recover|p1a: Clodsire
|-heal|p1a: Clodsire|100/100
|
|-damage|p2a: Dragapult|21/100 tox|[from] psn
|upkeep
|turn|31
|
|t:|1758375182
|move|p2a: Dragapult|Dragon Darts|p1a: Clodsire
|-damage|p1a: Clodsire|89/100
|-anim|p2a: Dragapult|Dragon Darts|p1a: Clodsire
|-damage|p1a: Clodsire|79/100
|move|p1a: Clodsire|Toxic|p2a: Dragapult
|-fail|p2a: Dragapult|tox
|
|-heal|p1a: Clodsire|85/100|[from] item: Leftovers
|-damage|p2a: Dragapult|0 fnt|[from] psn
|faint|p2a: Dragapult
|upkeep
|
|t:|1758375188
|switch|p2a: Kyurem|Kyurem|100/100
|-ability|p2a: Kyurem|Pressure
|turn|32
|
|t:|1758375193
|move|p2a: Kyurem|Substitute|p2a: Kyurem
|-start|p2a: Kyurem|Substitute
|-damage|p2a: Kyurem|76/100
|move|p1a: Clodsire|Toxic||[still]
|-fail|p1a: Clodsire
|
|-heal|p1a: Clodsire|91/100|[from] item: Leftovers
|upkeep
|turn|33
|
|t:|1758375195
|move|p2a: Kyurem|Freeze-Dry|p1a: Clodsire
|-supereffective|p1a: Clodsire
|-damage|p1a: Clodsire|70/100
|move|p1a: Clodsire|Body Press|p2a: Kyurem
|-supereffective|p2a: Kyurem
|-end|p2a: Kyurem|Substitute
|
|-heal|p1a: Clodsire|77/100|[from] item: Leftovers
|upkeep
|turn|34
|
|t:|1758375198
|move|p2a: Kyurem|Freeze-Dry|p1a: Clodsire
|-supereffective|p1a: Clodsire
|-damage|p1a: Clodsire|55/100
|move|p1a: Clodsire|Body Press|p2a: Kyurem
|-supereffective|p2a: Kyurem
|-damage|p2a: Kyurem|0 fnt
|faint|p2a: Kyurem
|
|-heal|p1a: Clodsire|61/100|[from] item: Leftovers
|upkeep
|
|t:|1758375210
|switch|p2a: Primarina|Primarina, M|100/100
|-damage|p2a: Primarina|88/100|[from] Stealth Rock
|-damage|p2a: Primarina|63/100|[from] Spikes
|turn|35
|
|t:|1758375214
|move|p2a: Primarina|Encore|p1a: Clodsire
|-start|p1a: Clodsire|Encore
|move|p1a: Clodsire|Body Press|p2a: Primarina
|-resisted|p2a: Primarina
|-damage|p2a: Primarina|44/100
|
|-heal|p2a: Primarina|50/100|[from] item: Leftovers
|-heal|p1a: Clodsire|67/100|[from] item: Leftovers
|upkeep
|turn|36
|
|t:|1758375217
|move|p2a: Primarina|Psychic Noise|p1a: Clodsire
|-supereffective|p1a: Clodsire
|-damage|p1a: Clodsire|48/100
|-start|p1a: Clodsire|move: Heal Block
|move|p1a: Clodsire|Body Press|p2a: Primarina
|-resisted|p2a: Primarina
|-damage|p2a: Primarina|31/100
|
|-heal|p2a: Primarina|37/100|[from] item: Leftovers
|upkeep
|turn|37
|
|t:|1758375222
|move|p2a: Primarina|Calm Mind|p2a: Primarina
|-boost|p2a: Primarina|spa|1
|-boost|p2a: Primarina|spd|1
|move|p1a: Clodsire|Body Press|p2a: Primarina
|-resisted|p2a: Primarina
|-damage|p2a: Primarina|18/100
|
|-heal|p2a: Primarina|24/100|[from] item: Leftovers
|-end|p1a: Clodsire|Encore
|-end|p1a: Clodsire|move: Heal Block
|upkeep
|turn|38
|
|t:|1758375227
|move|p2a: Primarina|Encore|p1a: Clodsire
|-start|p1a: Clodsire|Encore
|move|p1a: Clodsire|Body Press|p2a: Primarina
|-resisted|p2a: Primarina
|-damage|p2a: Primarina|6/100
|
|-heal|p2a: Primarina|12/100|[from] item: Leftovers
|-heal|p1a: Clodsire|54/100|[from] item: Leftovers
|upkeep
|turn|39
|
|t:|1758375229
|move|p2a: Primarina|Psychic Noise|p1a: Clodsire
|-supereffective|p1a: Clodsire
|-damage|p1a: Clodsire|35/100
|-start|p1a: Clodsire|move: Heal Block
|move|p1a: Clodsire|Body Press|p2a: Primarina
|-resisted|p2a: Primarina
|-damage|p2a: Primarina|0 fnt
|faint|p2a: Primarina
|
|upkeep
|-message|Labooble forfeited.
|
|win|will1994
|raw|will1994's rating: 1626 &rarr; <strong>1642</strong><br />(+16 for winning)
|raw|Labooble's rating: 1549 &rarr; <strong>1533</strong><br />(-16 for losing)
|l|☆Labooble
|player|p2|
