|j|☆BBT94
|j|☆SamiFawad
|t:|1758356400
|gametype|singles
|player|p1|BBT94|101|1668
|player|p2|SamiFawad|101|1727
|gen|9
|tier|[Gen 9] OU
|rated|
|rule|HP Percentage Mod: HP is shown in percentages
|rule|Endless Battle Clause: Forcing endless battles is banned
|rule|Species Clause: Limit one of each Pokémon
|rule|OHKO Clause: OHKO moves are banned
|rule|Evasion Items Clause: Evasion items are banned
|rule|Evasion Moves Clause: Evasion moves are banned
|rule|Evasion Abilities Clause: Evasion abilities are banned
|rule|Sleep Moves Clause: Sleep-inducing moves are banned
|clearpoke
|poke|p1|Great Tusk|
|poke|p1|Dragapult, M|
|poke|p1|Alomomola, F|
|poke|p1|Slowking-Galar, M|
|poke|p1|Kingambit, M|
|poke|p1|Enamorus, F|
|poke|p2|Slowking-Galar, F|
|poke|p2|Samurott-Hisui, M|
|poke|p2|Lokix, F|
|poke|p2|Pecharunt|
|poke|p2|Ogerpon-Cornerstone, F|
|poke|p2|Great Tusk|
|teampreview
|inactive|Battle timer is ON: inactive players will automatically lose when time's up. (requested by SamiFawad)
|
|t:|1758356415
|teamsize|p1|6
|teamsize|p2|6
|start
|switch|p1a: Enamorus|Enamorus, F|100/100
|switch|p2a: Samurott|Samurott-Hisui, M|100/100
|turn|1
|j| Zakdia
|
|t:|1758356420
|switch|p1a: Dragapult|Dragapult, M|100/100
|switch|p2a: Slowking|Slowking-Galar, F|100/100
|
|upkeep
|turn|2
|
|t:|1758356426
|-terastallize|p1a: Dragapult|Ghost
|move|p1a: Dragapult|Tera Blast|p2a: Slowking|[anim] Tera Blast Ghost
|-supereffective|p2a: Slowking
|-damage|p2a: Slowking|0 fnt
|faint|p2a: Slowking
|
|upkeep
|
|t:|1758356429
|switch|p2a: Samurott|Samurott-Hisui, M|100/100
|turn|3
|
|t:|1758356432
|switch|p1a: Alomomola|Alomomola, F|100/100
|move|p2a: Samurott|Razor Shell|p1a: Alomomola
|-resisted|p1a: Alomomola
|-damage|p1a: Alomomola|86/100
|-unboost|p1a: Alomomola|def|1
|
|upkeep
|turn|4
|
|t:|1758356435
|move|p2a: Samurott|Ceaseless Edge|p1a: Alomomola
|-damage|p1a: Alomomola|43/100
|-sidestart|p1: BBT94|Spikes
|move|p1a: Alomomola|Flip Turn|p2a: Samurott
|-resisted|p2a: Samurott
|-damage|p2a: Samurott|90/100
|
|t:|1758356439
|switch|p1a: Enamorus|Enamorus, F|100/100|[from] Flip Turn
|
|upkeep
|turn|5
|
|t:|1758356451
|move|p1a: Enamorus|Moonblast|p2a: Samurott
|-supereffective|p2a: Samurott
|-damage|p2a: Samurott|0 fnt
|faint|p2a: Samurott
|
|upkeep
|
|t:|1758356456
|switch|p2a: Ogerpon|Ogerpon-Cornerstone, F|100/100
|turn|6
|
|t:|1758356462
|move|p2a: Ogerpon|Ivy Cudgel|p1a: Enamorus|[anim] Ivy Cudgel Rock
|-supereffective|p1a: Enamorus
|-damage|p1a: Enamorus|0 fnt
|faint|p1a: Enamorus
|
|upkeep
|
|t:|1758356464
|switch|p1a: Great Tusk|Great Tusk|100/100
|-damage|p1a: Great Tusk|88/100|[from] Spikes
|-enditem|p1a: Great Tusk|Booster Energy
|-activate|p1a: Great Tusk|ability: Protosynthesis|[fromitem]
|-start|p1a: Great Tusk|protosynthesisspe
|turn|7
|
|t:|1758356469
|switch|p2a: Pecharunt|Pecharunt|100/100
|move|p1a: Great Tusk|Stealth Rock|p2a: Pecharunt
|-sidestart|p2: SamiFawad|move: Stealth Rock
|
|upkeep
|turn|8
|
|t:|1758356475
|move|p1a: Great Tusk|Knock Off|p2a: Pecharunt
|-supereffective|p2a: Pecharunt
|-damage|p2a: Pecharunt|67/100
|-damage|p1a: Great Tusk|71/100|[from] item: Rocky Helmet|[of] p2a: Pecharunt
|-enditem|p2a: Pecharunt|Rocky Helmet|[from] move: Knock Off|[of] p1a: Great Tusk
|move|p2a: Pecharunt|Malignant Chain|p1a: Great Tusk
|-resisted|p1a: Great Tusk
|-damage|p1a: Great Tusk|42/100
|
|upkeep
|turn|9
|
|t:|1758356478
|move|p1a: Great Tusk|Headlong Rush|p2a: Pecharunt
|-supereffective|p2a: Pecharunt
|-damage|p2a: Pecharunt|2/100
|-unboost|p1a: Great Tusk|def|1
|-unboost|p1a: Great Tusk|spd|1
|move|p2a: Pecharunt|Malignant Chain|p1a: Great Tusk
|-resisted|p1a: Great Tusk
|-damage|p1a: Great Tusk|0 fnt
|faint|p1a: Great Tusk
|-end|p1a: Great Tusk|Protosynthesis|[silent]
|
|upkeep
|
|t:|1758356488
|switch|p1a: Dragapult|Dragapult, M, tera:Ghost|100/100
|-damage|p1a: Dragapult|88/100|[from] Spikes
|turn|10
|
|t:|1758356491
|move|p1a: Dragapult|Dragon Darts|p2a: Pecharunt
|-damage|p2a: Pecharunt|0 fnt
|faint|p2a: Pecharunt
|
|upkeep
|
|t:|1758356494
|switch|p2a: Great Tusk|Great Tusk|100/100
|-damage|p2a: Great Tusk|98/100|[from] Stealth Rock
|turn|11
|
|t:|1758356499
|switch|p1a: Alomomola|Alomomola, F|77/100
|move|p2a: Great Tusk|Knock Off|p1a: Alomomola
|-damage|p1a: Alomomola|62/100
|-enditem|p1a: Alomomola|Heavy-Duty Boots|[from] move: Knock Off|[of] p2a: Great Tusk
|
|upkeep
|turn|12
|
|t:|1758356501
|move|p2a: Great Tusk|Rapid Spin|p1a: Alomomola
|-damage|p1a: Alomomola|55/100
|-boost|p2a: Great Tusk|spe|1
|-sideend|p2: SamiFawad|Stealth Rock|[from] move: Rapid Spin|[of] p2a: Great Tusk
|move|p1a: Alomomola|Wish|p1a: Alomomola
|
|upkeep
|turn|13
|
|t:|1758356504
|move|p2a: Great Tusk|Stealth Rock|p1a: Alomomola
|-sidestart|p1: BBT94|move: Stealth Rock
|move|p1a: Alomomola|Scald|p2a: Great Tusk
|-supereffective|p2a: Great Tusk
|-damage|p2a: Great Tusk|60/100
|
|-heal|p1a: Alomomola|100/100|[from] move: Wish|[wisher] Alomomola
|upkeep
|turn|14
|
|t:|1758356511
|-end|p2a: Great Tusk|Protosynthesis|[silent]
|switch|p2a: Lokix|Lokix, F|100/100
|move|p1a: Alomomola|Scald|p2a: Lokix
|-damage|p2a: Lokix|75/100
|
|upkeep
|turn|15
|
|t:|1758356515
|-terastallize|p2a: Lokix|Bug
|move|p1a: Alomomola|Protect|p1a: Alomomola
|-singleturn|p1a: Alomomola|Protect
|move|p2a: Lokix|U-turn|p1a: Alomomola
|-activate|p1a: Alomomola|move: Protect
|
|upkeep
|turn|16
|
|t:|1758356518
|move|p2a: Lokix|U-turn|p1a: Alomomola
|-damage|p1a: Alomomola|68/100
|
|t:|1758356521
|switch|p2a: Great Tusk|Great Tusk|60/100|[from] U-turn
|move|p1a: Alomomola|Scald|p2a: Great Tusk
|-supereffective|p2a: Great Tusk
|-damage|p2a: Great Tusk|24/100
|
|upkeep
|turn|17
|
|t:|1758356524
|move|p2a: Great Tusk|Earthquake|p1a: Alomomola
|-damage|p1a: Alomomola|43/100
|move|p1a: Alomomola|Wish|p1a: Alomomola
|
|upkeep
|turn|18
|
|t:|1758356530
|move|p1a: Alomomola|Protect|p1a: Alomomola
|-singleturn|p1a: Alomomola|Protect
|move|p2a: Great Tusk|Earthquake|p1a: Alomomola
|-activate|p1a: Alomomola|move: Protect
|
|-heal|p1a: Alomomola|93/100|[from] move: Wish|[wisher] Alomomola
|upkeep
|turn|19
|
|t:|1758356532
|move|p2a: Great Tusk|Earthquake|p1a: Alomomola
|-damage|p1a: Alomomola|70/100
|move|p1a: Alomomola|Wish|p1a: Alomomola
|
|upkeep
|turn|20
|l| Zakdia
|
|t:|1758356535
|move|p2a: Great Tusk|Earthquake|p1a: Alomomola
|-damage|p1a: Alomomola|45/100
|move|p1a: Alomomola|Scald|p2a: Great Tusk
|-supereffective|p2a: Great Tusk
|-damage|p2a: Great Tusk|0 fnt
|faint|p2a: Great Tusk
|-end|p2a: Great Tusk|Protosynthesis|[silent]
|
|-heal|p1a: Alomomola|95/100|[from] move: Wish|[wisher] Alomomola
|upkeep
|
|t:|1758356537
|switch|p2a: Ogerpon|Ogerpon-Cornerstone, F|100/100
|turn|21
|
|t:|1758356541
|move|p2a: Ogerpon|Swords Dance|p2a: Ogerpon
|-boost|p2a: Ogerpon|atk|2
|move|p1a: Alomomola|Scald|p2a: Ogerpon
|-damage|p2a: Ogerpon|85/100
|
|upkeep
|turn|22
|
|t:|1758356546
|move|p2a: Ogerpon|Swords Dance|p2a: Ogerpon
|-boost|p2a: Ogerpon|atk|2
|move|p1a: Alomomola|Scald|p2a: Ogerpon
|-damage|p2a: Ogerpon|67/100
|-status|p2a: Ogerpon|brn
|
|-damage|p2a: Ogerpon|61/100 brn|[from] brn
|upkeep
|turn|23
|
|t:|1758356552
|move|p2a: Ogerpon|Ivy Cudgel|p1a: Alomomola|[anim] Ivy Cudgel Rock
|-damage|p1a: Alomomola|45/100
|move|p1a: Alomomola|Scald|p2a: Ogerpon
|-damage|p2a: Ogerpon|46/100 brn
|
|-damage|p2a: Ogerpon|40/100 brn|[from] brn
|upkeep
|turn|24
|
|t:|1758356560
|switch|p1a: Slowking|Slowking-Galar, M|100/100
|move|p2a: Ogerpon|Low Kick|p1a: Slowking
|-resisted|p1a: Slowking
|-damage|p1a: Slowking|90/100
|
|-damage|p2a: Ogerpon|34/100 brn|[from] brn
|upkeep
|turn|25
|
|t:|1758356568
|move|p2a: Ogerpon|Knock Off|p1a: Slowking
|-supereffective|p1a: Slowking
|-damage|p1a: Slowking|0 fnt
|-enditem|p1a: Slowking|Heavy-Duty Boots|[from] move: Knock Off|[of] p2a: Ogerpon
|faint|p1a: Slowking
|
|-damage|p2a: Ogerpon|28/100 brn|[from] brn
|upkeep
|
|t:|1758356570
|switch|p1a: Dragapult|Dragapult, M, tera:Ghost|88/100
|-damage|p1a: Dragapult|76/100|[from] Spikes
|-damage|p1a: Dragapult|64/100|[from] Stealth Rock
|turn|26
|
|t:|1758356576
|move|p1a: Dragapult|Dragon Darts|p2a: Ogerpon
|-damage|p2a: Ogerpon|0 fnt
|faint|p2a: Ogerpon
|
|upkeep
|
|t:|1758356577
|switch|p2a: Lokix|Lokix, F, tera:Bug|75/100
|turn|27
|
|t:|1758356581
|move|p1a: Dragapult|Dragon Darts|p2a: Lokix
|-damage|p2a: Lokix|21/100
|-anim|p1a: Dragapult|Dragon Darts|p2a: Lokix
|-damage|p2a: Lokix|0 fnt
|faint|p2a: Lokix
|
|win|BBT94
|raw|BBT94's rating: 1668 &rarr; <strong>1691</strong><br />(+23 for winning)
|raw|SamiFawad's rating: 1727 &rarr; <strong>1704</strong><br />(-23 for losing)
|l|☆SamiFawad
|player|p2|
|l|☆BBT94
|player|p1|
