|j|☆Marcel aus Berlin
|j|☆firecharmander004
|t:|1758373404
|gametype|singles
|player|p1|Marcel aus Berlin|170|1518
|player|p2|firecharmander004|1|1502
|gen|9
|tier|[Gen 9] OU
|rated|
|rule|HP Percentage Mod: HP is shown in percentages
|rule|Endless Battle Clause: Forcing endless battles is banned
|rule|Species Clause: Limit one of each Pokémon
|rule|OHKO Clause: OHKO moves are banned
|rule|Evasion Items Clause: Evasion items are banned
|rule|Evasion Moves Clause: Evasion moves are banned
|rule|Evasion Abilities Clause: Evasion abilities are banned
|rule|Sleep Moves Clause: Sleep-inducing moves are banned
|clearpoke
|poke|p1|Toxapex, F|
|poke|p1|Iron Treads|
|poke|p1|Zapdos|
|poke|p1|Sinistcha|
|poke|p1|Ting-Lu|
|poke|p1|Darkrai|
|poke|p2|Iron Treads|
|poke|p2|Ogerpon-Wellspring, F|
|poke|p2|Kingambit, F|
|poke|p2|Dragapult, M|
|poke|p2|Arcanine-Hisui, M|
|poke|p2|Iron Valiant|
|teampreview
|inactive|Battle timer is ON: inactive players will automatically lose when time's up. (requested by firecharmander004)
|
|t:|1758373422
|teamsize|p1|6
|teamsize|p2|6
|start
|switch|p1a: Iron Treads|Iron Treads|100/100
|switch|p2a: Iron Treads|Iron Treads|100/100
|-enditem|p2a: Iron Treads|Booster Energy
|-activate|p2a: Iron Treads|ability: Quark Drive|[fromitem]
|-start|p2a: Iron Treads|quarkdrivespe
|turn|1
|
|t:|1758373437
|-end|p1a: Iron Treads|Quark Drive|[silent]
|switch|p1a: Sinistcha|Sinistcha|100/100
|move|p2a: Iron Treads|Earth Power|p1a: Sinistcha
|-resisted|p1a: Sinistcha
|-damage|p1a: Sinistcha|82/100
|
|upkeep
|turn|2
|
|t:|1758373448
|move|p2a: Iron Treads|Stealth Rock|p1a: Sinistcha
|-sidestart|p1: Marcel aus Berlin|move: Stealth Rock
|move|p1a: Sinistcha|Matcha Gotcha|p2a: Iron Treads|[miss]
|-miss|p1a: Sinistcha|p2a: Iron Treads
|
|upkeep
|turn|3
|
|t:|1758373453
|move|p2a: Iron Treads|Steel Beam|p1a: Sinistcha
|-damage|p1a: Sinistcha|22/100
|-damage|p2a: Iron Treads|50/100|[from] steelbeam
|move|p1a: Sinistcha|Matcha Gotcha|p2a: Iron Treads
|-damage|p2a: Iron Treads|6/100
|-heal|p1a: Sinistcha|43/100|[from] drain|[of] p2a: Iron Treads
|-status|p2a: Iron Treads|brn
|
|-damage|p2a: Iron Treads|0 fnt|[from] brn
|faint|p2a: Iron Treads
|-end|p2a: Iron Treads|Quark Drive|[silent]
|upkeep
|
|t:|1758373465
|switch|p2a: Dragapult|Dragapult, M|100/100
|turn|4
|
|t:|1758373470
|switch|p1a: Ting-Lu|Ting-Lu|100/100
|-damage|p1a: Ting-Lu|94/100|[from] Stealth Rock
|-ability|p1a: Ting-Lu|Vessel of Ruin
|move|p2a: Dragapult|Draco Meteor|p1a: Ting-Lu
|-damage|p1a: Ting-Lu|58/100
|-unboost|p2a: Dragapult|spa|2
|
|-heal|p1a: Ting-Lu|64/100|[from] item: Leftovers
|upkeep
|turn|5
|
|t:|1758373476
|switch|p2a: Ogerpon|Ogerpon-Wellspring, F|100/100
|move|p1a: Ting-Lu|Spikes|p2a: Ogerpon
|-sidestart|p2: firecharmander004|Spikes
|
|-heal|p1a: Ting-Lu|70/100|[from] item: Leftovers
|upkeep
|turn|6
|
|t:|1758373489
|switch|p1a: Sinistcha|Sinistcha|43/100
|move|p2a: Ogerpon|Ivy Cudgel|p1a: Sinistcha|[anim] Ivy Cudgel Water
|-resisted|p1a: Sinistcha
|-damage|p1a: Sinistcha|24/100
|
|upkeep
|turn|7
|
|t:|1758373495
|-terastallize|p2a: Ogerpon|Water
|detailschange|p2a: Ogerpon|Ogerpon-Wellspring-Tera, F, tera:Water
|-ability|p2a: Ogerpon|Embody Aspect (Wellspring)|boost
|-boost|p2a: Ogerpon|spd|1
|move|p2a: Ogerpon|Ivy Cudgel|p1a: Sinistcha|[anim] Ivy Cudgel Water
|-resisted|p1a: Sinistcha
|-damage|p1a: Sinistcha|0 fnt
|faint|p1a: Sinistcha
|
|upkeep
|
|t:|1758373511
|switch|p1a: Toxapex|Toxapex, F|100/100
|-damage|p1a: Toxapex|88/100|[from] Stealth Rock
|turn|8
|
|t:|1758373522
|move|p2a: Ogerpon|Swords Dance|p2a: Ogerpon
|-boost|p2a: Ogerpon|atk|2
|move|p1a: Toxapex|Toxic|p2a: Ogerpon
|-status|p2a: Ogerpon|tox
|
|-heal|p1a: Toxapex|94/100|[from] item: Leftovers
|-damage|p2a: Ogerpon|95/100 tox|[from] psn
|upkeep
|turn|9
|
|t:|1758373529
|move|p2a: Ogerpon|Power Whip|p1a: Toxapex
|-damage|p1a: Toxapex|0 fnt
|faint|p1a: Toxapex
|
|-damage|p2a: Ogerpon|83/100 tox|[from] psn
|upkeep
|
|t:|1758373550
|switch|p1a: Darkrai|Darkrai|100/100
|turn|10
|
|t:|1758373552
|move|p1a: Darkrai|Dark Pulse|p2a: Ogerpon
|-damage|p2a: Ogerpon|46/100 tox
|cant|p2a: Ogerpon|flinch
|
|-damage|p2a: Ogerpon|28/100 tox|[from] psn
|upkeep
|turn|11
|
|t:|1758373557
|move|p1a: Darkrai|Dark Pulse|p2a: Ogerpon
|-damage|p2a: Ogerpon|0 fnt
|faint|p2a: Ogerpon
|detailschange|p2: Ogerpon|Ogerpon-Wellspring, F|[silent]
|
|upkeep
|
|t:|1758373565
|switch|p2a: Iron Valiant|Iron Valiant|100/100
|-damage|p2a: Iron Valiant|88/100|[from] Spikes
|-enditem|p2a: Iron Valiant|Booster Energy
|-activate|p2a: Iron Valiant|ability: Quark Drive|[fromitem]
|-start|p2a: Iron Valiant|quarkdrivespe
|turn|12
|
|t:|1758373574
|switch|p1a: Zapdos|Zapdos|100/100
|move|p2a: Iron Valiant|Moonblast|p1a: Zapdos
|-damage|p1a: Zapdos|56/100
|
|upkeep
|turn|13
|
|t:|1758373598
|move|p2a: Iron Valiant|Moonblast|p1a: Zapdos
|-damage|p1a: Zapdos|12/100
|-unboost|p1a: Zapdos|spa|1
|move|p1a: Zapdos|Hurricane|p2a: Iron Valiant
|-supereffective|p2a: Iron Valiant
|-damage|p2a: Iron Valiant|0 fnt
|faint|p2a: Iron Valiant
|-end|p2a: Iron Valiant|Quark Drive|[silent]
|
|upkeep
|
|t:|1758373617
|switch|p2a: Arcanine|Arcanine-Hisui, M|100/100
|-damage|p2a: Arcanine|88/100|[from] Spikes
|turn|14
|
|t:|1758373623
|move|p2a: Arcanine|Flare Blitz|p1a: Zapdos
|-damage|p1a: Zapdos|0 fnt
|-status|p2a: Arcanine|par|[from] ability: Static|[of] p1a: Zapdos
|faint|p1a: Zapdos
|
|upkeep
|
|t:|1758373632
|switch|p1a: Iron Treads|Iron Treads|100/100
|-damage|p1a: Iron Treads|97/100|[from] Stealth Rock
|turn|15
|
|t:|1758373634
|move|p1a: Iron Treads|Earthquake|p2a: Arcanine
|-supereffective|p2a: Arcanine
|-damage|p2a: Arcanine|0 fnt
|faint|p2a: Arcanine
|
|-heal|p1a: Iron Treads|100/100|[from] item: Leftovers
|upkeep
|
|t:|1758373637
|switch|p2a: Dragapult|Dragapult, M|100/100
|-damage|p2a: Dragapult|88/100|[from] Spikes
|turn|16
|
|t:|1758373640
|move|p2a: Dragapult|Flamethrower|p1a: Iron Treads
|-supereffective|p1a: Iron Treads
|-damage|p1a: Iron Treads|0 fnt
|faint|p1a: Iron Treads
|-end|p1a: Iron Treads|Quark Drive|[silent]
|
|upkeep
|
|t:|1758373653
|switch|p1a: Darkrai|Darkrai|100/100
|turn|17
|
|t:|1758373659
|move|p2a: Dragapult|Flamethrower|p1a: Darkrai
|-crit|p1a: Darkrai
|-damage|p1a: Darkrai|27/100
|move|p1a: Darkrai|Knock Off|p2a: Dragapult
|-supereffective|p2a: Dragapult
|-damage|p2a: Dragapult|18/100
|-enditem|p2a: Dragapult|Choice Specs|[from] move: Knock Off|[of] p1a: Darkrai
|
|upkeep
|turn|18
|
|t:|1758373667
|move|p2a: Dragapult|U-turn|p1a: Darkrai
|-supereffective|p1a: Darkrai
|-damage|p1a: Darkrai|0 fnt
|faint|p1a: Darkrai
|
|t:|1758373674
|switch|p2a: Kingambit|Kingambit, F|100/100|[from] U-turn
|-damage|p2a: Kingambit|88/100|[from] Spikes
|-activate|p2a: Kingambit|ability: Supreme Overlord
|-start|p2a: Kingambit|fallen4|[silent]
|
|-heal|p2a: Kingambit|94/100|[from] item: Leftovers
|upkeep
|
|t:|1758373676
|switch|p1a: Ting-Lu|Ting-Lu|70/100
|-damage|p1a: Ting-Lu|64/100|[from] Stealth Rock
|-ability|p1a: Ting-Lu|Vessel of Ruin
|turn|19
|
|t:|1758373679
|move|p2a: Kingambit|Swords Dance|p2a: Kingambit
|-boost|p2a: Kingambit|atk|2
|move|p1a: Ting-Lu|Earthquake|p2a: Kingambit
|-supereffective|p2a: Kingambit
|-damage|p2a: Kingambit|40/100
|
|-heal|p2a: Kingambit|46/100|[from] item: Leftovers
|-heal|p1a: Ting-Lu|70/100|[from] item: Leftovers
|upkeep
|turn|20
|
|t:|1758373685
|move|p2a: Kingambit|Iron Head|p1a: Ting-Lu
|-damage|p1a: Ting-Lu|0 fnt
|faint|p1a: Ting-Lu
|
|win|firecharmander004
|raw|Marcel aus Berlin's rating: 1518 &rarr; <strong>1497</strong><br />(-21 for losing)
|raw|firecharmander004's rating: 1502 &rarr; <strong>1523</strong><br />(+21 for winning)
|l|☆Marcel aus Berlin
|player|p1|
