|j|☆arrierolzk
|j|☆kenxniper
|t:|1758234437
|gametype|singles
|player|p1|arrierolzk|drayden|1164
|player|p2|kenxniper|gladion-masters|1223
|gen|9
|tier|[Gen 9] OU
|rated|
|rule|HP Percentage Mod: HP is shown in percentages
|rule|Endless Battle Clause: Forcing endless battles is banned
|rule|Species Clause: Limit one of each Pokémon
|rule|OHKO Clause: OHKO moves are banned
|rule|Evasion Items Clause: Evasion items are banned
|rule|Evasion Moves Clause: Evasion moves are banned
|rule|Evasion Abilities Clause: Evasion abilities are banned
|rule|Sleep Moves Clause: Sleep-inducing moves are banned
|clearpoke
|poke|p1|Indeedee, M|
|poke|p1|Iron Valiant|
|poke|p1|Armarouge, M|
|poke|p1|Hatterene, F|
|poke|p1|Polteageist|
|poke|p1|Kyurem|
|poke|p2|Primarina, M|
|poke|p2|Raging Bolt|
|poke|p2|Scizor, M|
|poke|p2|Gholdengo|
|poke|p2|Great Tusk|
|poke|p2|Darkrai|
|teampreview
|
|t:|1758234450
|teamsize|p1|6
|teamsize|p2|6
|start
|switch|p1a: Indeedee|Indeedee, M|100/100
|switch|p2a: Scizor|Scizor, M|100/100
|-fieldstart|move: Psychic Terrain|[from] ability: Psychic Surge|[of] p1a: Indeedee
|turn|1
|inactive|Battle timer is ON: inactive players will automatically lose when time's up. (requested by kenxniper)
|
|t:|1758234487
|switch|p1a: Armarouge|Armarouge, M, shiny|100/100
|move|p2a: Scizor|Bug Bite|p1a: Armarouge
|-damage|p1a: Armarouge|44/100
|-ability|p1a: Armarouge|Weak Armor|boost
|-unboost|p1a: Armarouge|def|1
|-boost|p1a: Armarouge|spe|2
|
|upkeep
|turn|2
|
|t:|1758234507
|switch|p2a: Primarina|Primarina, M|100/100
|move|p1a: Armarouge|Armor Cannon|p2a: Primarina
|-resisted|p2a: Primarina
|-damage|p2a: Primarina|82/100
|-unboost|p1a: Armarouge|def|1
|-unboost|p1a: Armarouge|spd|1
|
|upkeep
|turn|3
|
|t:|1758234516
|move|p1a: Armarouge|Expanding Force|p2a: Primarina
|-damage|p2a: Primarina|37/100
|move|p2a: Primarina|Moonblast|p1a: Armarouge
|-resisted|p1a: Armarouge
|-damage|p1a: Armarouge|0 fnt
|faint|p1a: Armarouge
|
|upkeep
|
|t:|1758234535
|switch|p1a: Polteageist|Polteageist, shiny|100/100
|turn|4
|
|t:|1758234540
|move|p1a: Polteageist|Shell Smash|p1a: Polteageist
|-unboost|p1a: Polteageist|def|1
|-unboost|p1a: Polteageist|spd|1
|-boost|p1a: Polteageist|atk|2
|-boost|p1a: Polteageist|spa|2
|-boost|p1a: Polteageist|spe|2
|move|p2a: Primarina|Hydro Pump|p1a: Polteageist
|-enditem|p1a: Polteageist|Focus Sash
|-damage|p1a: Polteageist|1/100
|
|upkeep
|turn|5
|
|t:|1758234552
|move|p1a: Polteageist|Stored Power|p2a: Primarina
|-damage|p2a: Primarina|0 fnt
|faint|p2a: Primarina
|
|upkeep
|
|t:|1758234560
|switch|p2a: Darkrai|Darkrai|100/100
|-item|p2a: Darkrai|Air Balloon
|turn|6
|
|t:|1758234565
|-terastallize|p1a: Polteageist|Fighting
|move|p1a: Polteageist|Tera Blast|p2a: Darkrai|[anim] Tera Blast Fighting
|-supereffective|p2a: Darkrai
|-damage|p2a: Darkrai|0 fnt
|-enditem|p2a: Darkrai|Air Balloon
|faint|p2a: Darkrai
|
|upkeep
|
|t:|1758234576
|switch|p2a: Raging Bolt|Raging Bolt|100/100
|turn|7
|
|t:|1758234581
|move|p2a: Raging Bolt|Thunderclap|p1a: Polteageist
|-activate|p1a: Polteageist|move: Psychic Terrain
|move|p1a: Polteageist|Stored Power|p2a: Raging Bolt
|-damage|p2a: Raging Bolt|0 fnt
|faint|p2a: Raging Bolt
|-end|p2a: Raging Bolt|Protosynthesis|[silent]
|
|upkeep
|
|t:|1758234589
|switch|p2a: Gholdengo|Gholdengo|100/100
|turn|8
|
|t:|1758234593
|move|p1a: Polteageist|Shadow Ball|p2a: Gholdengo
|-supereffective|p2a: Gholdengo
|-damage|p2a: Gholdengo|0 fnt
|faint|p2a: Gholdengo
|
|-fieldend|move: Psychic Terrain
|upkeep
|
|t:|1758234595
|switch|p2a: Scizor|Scizor, M|100/100
|turn|9
|
|t:|1758234600
|move|p2a: Scizor|Bullet Punch|p1a: Polteageist
|-damage|p1a: Polteageist|0 fnt
|faint|p1a: Polteageist
|
|upkeep
|
|t:|1758234607
|switch|p1a: Indeedee|Indeedee, M|100/100
|-fieldstart|move: Psychic Terrain|[from] ability: Psychic Surge|[of] p1a: Indeedee
|turn|10
|
|t:|1758234613
|move|p1a: Indeedee|Expanding Force|p2a: Scizor
|-resisted|p2a: Scizor
|-crit|p2a: Scizor
|-damage|p2a: Scizor|43/100
|move|p2a: Scizor|Swords Dance|p2a: Scizor
|-boost|p2a: Scizor|atk|2
|
|-heal|p2a: Scizor|49/100|[from] item: Leftovers
|upkeep
|turn|11
|
|t:|1758234618
|move|p1a: Indeedee|Encore|p2a: Scizor
|-start|p2a: Scizor|Encore
|move|p2a: Scizor|Swords Dance|p2a: Scizor
|-boost|p2a: Scizor|atk|2
|
|-heal|p2a: Scizor|55/100|[from] item: Leftovers
|upkeep
|turn|12
|
|t:|1758234621
|switch|p2a: Great Tusk|Great Tusk|100/100
|move|p1a: Indeedee|Expanding Force|p2a: Great Tusk
|-supereffective|p2a: Great Tusk
|-damage|p2a: Great Tusk|0 fnt
|faint|p2a: Great Tusk
|-end|p2a: Great Tusk|Protosynthesis|[silent]
|
|upkeep
|
|t:|1758234623
|switch|p2a: Scizor|Scizor, M|55/100
|turn|13
|
|t:|1758234626
|move|p1a: Indeedee|Expanding Force|p2a: Scizor
|-resisted|p2a: Scizor
|-damage|p2a: Scizor|13/100
|move|p2a: Scizor|Bug Bite|p1a: Indeedee
|-supereffective|p1a: Indeedee
|-damage|p1a: Indeedee|0 fnt
|faint|p1a: Indeedee
|
|-heal|p2a: Scizor|19/100|[from] item: Leftovers
|upkeep
|
|t:|1758234631
|switch|p1a: Iron Valiant|Iron Valiant, shiny|100/100
|-enditem|p1a: Iron Valiant|Booster Energy
|-activate|p1a: Iron Valiant|ability: Quark Drive|[fromitem]
|-start|p1a: Iron Valiant|quarkdrivespe
|turn|14
|
|t:|1758234637
|move|p1a: Iron Valiant|Close Combat|p2a: Scizor
|-damage|p2a: Scizor|0 fnt
|-unboost|p1a: Iron Valiant|def|1
|-unboost|p1a: Iron Valiant|spd|1
|faint|p2a: Scizor
|
|win|arrierolzk
|raw|arrierolzk's rating: 1164 &rarr; <strong>1193</strong><br />(+29 for winning)
|raw|kenxniper's rating: 1223 &rarr; <strong>1194</strong><br />(-29 for losing)
|l|☆kenxniper
|player|p2|
