|j|☆Ranpoutine
|j|☆Swag_SerotoninYT
|t:|1758292054
|gametype|singles
|player|p1|Ranpoutine|102|1075
|player|p2|Swag_SerotoninYT|harlequin|1139
|gen|9
|tier|[Gen 9] OU
|rated|
|rule|HP Percentage Mod: HP is shown in percentages
|rule|Endless Battle Clause: Forcing endless battles is banned
|rule|Species Clause: Limit one of each Pokémon
|rule|OHKO Clause: OHKO moves are banned
|rule|Evasion Items Clause: Evasion items are banned
|rule|Evasion Moves Clause: Evasion moves are banned
|rule|Evasion Abilities Clause: Evasion abilities are banned
|rule|Sleep Moves Clause: Sleep-inducing moves are banned
|clearpoke
|poke|p1|Darkrai|
|poke|p1|Skarmory, F|
|poke|p1|Kingambit, F|
|poke|p1|Cinderace, F|
|poke|p1|Dragapult, M|
|poke|p1|Sceptile, F|
|poke|p2|Gastrodon, M|
|poke|p2|Masquerain, M|
|poke|p2|Stantler, M|
|poke|p2|Chandelure, M|
|poke|p2|Grimmsnarl, M|
|poke|p2|Sandslash-Alola, M|
|teampreview
|inactive|Battle timer is ON: inactive players will automatically lose when time's up. (requested by Swag_SerotoninYT)
|
|t:|1758292062
|teamsize|p1|6
|teamsize|p2|6
|start
|switch|p1a: Skarmory|Skarmory, F|100/100
|switch|p2a: Masquerain|Masquerain, M|100/100
|-ability|p2a: Masquerain|Intimidate|boost
|-unboost|p1a: Skarmory|atk|1
|turn|1
|
|t:|1758292070
|move|p2a: Masquerain|Sticky Web|p1a: Skarmory
|-sidestart|p1: Ranpoutine|move: Sticky Web
|move|p1a: Skarmory|Stealth Rock|p2a: Masquerain
|-sidestart|p2: Swag_SerotoninYT|move: Stealth Rock
|
|upkeep
|turn|2
|
|t:|1758292087
|move|p2a: Masquerain|Stun Spore|p1a: Skarmory
|-status|p1a: Skarmory|par
|move|p1a: Skarmory|Body Press|p2a: Masquerain
|-resisted|p2a: Masquerain
|-damage|p2a: Masquerain|86/100
|
|upkeep
|turn|3
|
|t:|1758292095
|move|p2a: Masquerain|Ice Beam|p1a: Skarmory
|-damage|p1a: Skarmory|68/100 par
|move|p1a: Skarmory|Spikes|p2a: Masquerain
|-sidestart|p2: Swag_SerotoninYT|Spikes
|
|upkeep
|turn|4
|
|t:|1758292102
|move|p2a: Masquerain|Ice Beam|p1a: Skarmory
|-damage|p1a: Skarmory|32/100 par
|move|p1a: Skarmory|Spikes|p2a: Masquerain
|-sidestart|p2: Swag_SerotoninYT|Spikes
|
|upkeep
|turn|5
|
|t:|1758292107
|move|p2a: Masquerain|Ice Beam|p1a: Skarmory
|-damage|p1a: Skarmory|0 fnt
|faint|p1a: Skarmory
|
|upkeep
|
|t:|1758292113
|switch|p1a: Cinderace|Cinderace, F|100/100
|turn|6
|
|t:|1758292117
|switch|p2a: Chandelure|Chandelure, M|100/100
|-damage|p2a: Chandelure|76/100|[from] Stealth Rock
|-damage|p2a: Chandelure|59/100|[from] Spikes
|move|p1a: Cinderace|Pyro Ball|p2a: Chandelure
|-start|p2a: Chandelure|ability: Flash Fire
|
|upkeep
|turn|7
|
|t:|1758292136
|switch|p1a: Kingambit|Kingambit, F|100/100
|-activate|p1a: Kingambit|ability: Supreme Overlord
|-start|p1a: Kingambit|fallen1|[silent]
|-item|p1a: Kingambit|Air Balloon
|move|p2a: Chandelure|Fire Spin|p1a: Kingambit
|-supereffective|p1a: Kingambit
|-damage|p1a: Kingambit|45/100
|-activate|p1a: Kingambit|move: Fire Spin|[of] p2a: Chandelure
|-enditem|p1a: Kingambit|Air Balloon
|
|-damage|p1a: Kingambit|33/100|[from] move: Fire Spin|[partiallytrapped]
|upkeep
|turn|8
|
|t:|1758292162
|-end|p2a: Chandelure|ability: Flash Fire|[silent]
|switch|p2a: Sandslash|Sandslash-Alola, M|100/100
|-damage|p2a: Sandslash|88/100|[from] Stealth Rock
|-damage|p2a: Sandslash|71/100|[from] Spikes
|move|p1a: Kingambit|Sucker Punch||[still]
|-fail|p1a: Kingambit
|
|-end|p1a: Kingambit|Fire Spin|[partiallytrapped]|[silent]
|upkeep
|turn|9
|
|t:|1758292170
|move|p2a: Sandslash|Earthquake|p1a: Kingambit
|-supereffective|p1a: Kingambit
|-damage|p1a: Kingambit|0 fnt
|faint|p1a: Kingambit
|-end|p1a: Kingambit|fallen1|[silent]
|
|upkeep
|
|t:|1758292175
|switch|p1a: Cinderace|Cinderace, F|100/100
|turn|10
|
|t:|1758292183
|move|p1a: Cinderace|High Jump Kick|p2a: Sandslash
|-start|p1a: Cinderace|typechange|Fighting|[from] ability: Libero
|-supereffective|p2a: Sandslash
|-damage|p2a: Sandslash|0 fnt
|faint|p2a: Sandslash
|
|upkeep
|
|t:|1758292190
|switch|p2a: Chandelure|Chandelure, M|59/100
|-damage|p2a: Chandelure|34/100|[from] Stealth Rock
|-damage|p2a: Chandelure|18/100|[from] Spikes
|turn|11
|
|t:|1758292196
|move|p1a: Cinderace|U-turn|p2a: Chandelure
|-resisted|p2a: Chandelure
|-damage|p2a: Chandelure|12/100
|
|t:|1758292202
|switch|p1a: Darkrai|Darkrai|100/100|[from] U-turn
|move|p2a: Chandelure|Fire Spin|p1a: Darkrai
|-damage|p1a: Darkrai|75/100
|-activate|p1a: Darkrai|move: Fire Spin|[of] p2a: Chandelure
|
|-damage|p1a: Darkrai|62/100|[from] move: Fire Spin|[partiallytrapped]
|upkeep
|turn|12
|
|t:|1758292214
|move|p1a: Darkrai|Dark Pulse|p2a: Chandelure
|-supereffective|p2a: Chandelure
|-damage|p2a: Chandelure|0 fnt
|faint|p2a: Chandelure
|
|-end|p1a: Darkrai|Fire Spin|[partiallytrapped]|[silent]
|upkeep
|
|t:|1758292222
|switch|p2a: Grimmsnarl|Grimmsnarl, M|100/100
|turn|13
|
|t:|1758292226
|move|p1a: Darkrai|Nasty Plot|p1a: Darkrai
|-boost|p1a: Darkrai|spa|2
|move|p2a: Grimmsnarl|Spirit Break|p1a: Darkrai
|-supereffective|p1a: Darkrai
|-crit|p1a: Darkrai
|-damage|p1a: Darkrai|0 fnt
|faint|p1a: Darkrai
|
|upkeep
|
|t:|1758292238
|switch|p1a: Sceptile|Sceptile, F, shiny|100/100
|-activate|p1a: Sceptile|move: Sticky Web
|-unboost|p1a: Sceptile|spe|1
|turn|14
|
|t:|1758292248
|-terastallize|p2a: Grimmsnarl|Bug
|move|p1a: Sceptile|Energy Ball|p2a: Grimmsnarl
|-resisted|p2a: Grimmsnarl
|-damage|p2a: Grimmsnarl|75/100
|move|p2a: Grimmsnarl|Leech Life|p1a: Sceptile
|-supereffective|p1a: Sceptile
|-crit|p1a: Sceptile
|-damage|p1a: Sceptile|0 fnt
|-heal|p2a: Grimmsnarl|100/100|[from] drain|[of] p1a: Sceptile
|faint|p1a: Sceptile
|
|upkeep
|
|t:|1758292257
|switch|p1a: Cinderace|Cinderace, F|100/100
|turn|15
|
|t:|1758292271
|switch|p2a: Gastrodon|Gastrodon, M|100/100
|-damage|p2a: Gastrodon|94/100|[from] Stealth Rock
|-damage|p2a: Gastrodon|78/100|[from] Spikes
|move|p1a: Cinderace|Pyro Ball|p2a: Gastrodon
|-resisted|p2a: Gastrodon
|-damage|p2a: Gastrodon|52/100
|
|-heal|p2a: Gastrodon|58/100|[from] item: Leftovers
|upkeep
|turn|16
|
|t:|1758292282
|switch|p1a: Dragapult|Dragapult, M|100/100
|-activate|p1a: Dragapult|move: Sticky Web
|-unboost|p1a: Dragapult|spe|1
|move|p2a: Gastrodon|Recover|p2a: Gastrodon
|-heal|p2a: Gastrodon|100/100
|
|upkeep
|turn|17
|
|t:|1758292289
|move|p1a: Dragapult|Will-O-Wisp|p2a: Gastrodon
|-status|p2a: Gastrodon|brn
|move|p2a: Gastrodon|Ice Beam|p1a: Dragapult
|-supereffective|p1a: Dragapult
|-damage|p1a: Dragapult|50/100
|
|-damage|p2a: Gastrodon|94/100 brn|[from] brn
|upkeep
|turn|18
|
|t:|1758292300
|move|p1a: Dragapult|Draco Meteor|p2a: Gastrodon|[miss]
|-miss|p1a: Dragapult|p2a: Gastrodon
|move|p2a: Gastrodon|Ice Beam|p1a: Dragapult
|-supereffective|p1a: Dragapult
|-damage|p1a: Dragapult|0 fnt
|faint|p1a: Dragapult
|
|-heal|p2a: Gastrodon|100/100 brn|[from] item: Leftovers
|-damage|p2a: Gastrodon|94/100 brn|[from] brn
|upkeep
|-message|Ranpoutine forfeited.
|
|win|Swag_SerotoninYT
|raw|Ranpoutine's rating: 1075 &rarr; <strong>1058</strong><br />(-17 for losing)
|raw|Swag_SerotoninYT's rating: 1139 &rarr; <strong>1159</strong><br />(+20 for winning)
|l|☆Ranpoutine
|player|p1|
|l|☆Swag_SerotoninYT
|player|p2|
