|j|‽trak2
|j|☆MADMANWHO
|t:|1758344536
|gametype|singles
|player|p1|trak2|unknown|1220
|player|p2|MADMANWHO|170|1165
|gen|9
|tier|[Gen 9] OU
|rated|
|rule|HP Percentage Mod: HP is shown in percentages
|rule|Endless Battle Clause: Forcing endless battles is banned
|rule|Species Clause: Limit one of each Pokémon
|rule|OHKO Clause: OHKO moves are banned
|rule|Evasion Items Clause: Evasion items are banned
|rule|Evasion Moves Clause: Evasion moves are banned
|rule|Evasion Abilities Clause: Evasion abilities are banned
|rule|Sleep Moves Clause: Sleep-inducing moves are banned
|clearpoke
|poke|p1|Dragonite, M|
|poke|p1|Grimmsnarl, M|
|poke|p1|Enamorus, F|
|poke|p1|Great Tusk|
|poke|p1|Scizor, F|
|poke|p1|Raging Bolt|
|poke|p2|Tyranitar, M|
|poke|p2|Garchomp, F|
|poke|p2|Corviknight, M|
|poke|p2|Milotic, F|
|poke|p2|Iron Valiant|
|poke|p2|Rillaboom, M|
|teampreview
|inactive|Battle timer is ON: inactive players will automatically lose when time's up. (requested by trak2)
|inactive|MADMANWHO also wants the timer to be on.
|
|t:|1758344562
|teamsize|p1|6
|teamsize|p2|6
|start
|switch|p1a: Grimmsnarl|Grimmsnarl, M|100/100
|switch|p2a: Milotic|Milotic, F|100/100
|turn|1
|
|t:|1758344578
|move|p1a: Grimmsnarl|Light Screen|p1a: Grimmsnarl
|-sidestart|p1: trak2|move: Light Screen
|move|p2a: Milotic|Scald|p1a: Grimmsnarl
|-damage|p1a: Grimmsnarl|91/100
|
|upkeep
|turn|2
|
|t:|1758344586
|move|p1a: Grimmsnarl|Reflect|p1a: Grimmsnarl
|-sidestart|p1: trak2|Reflect
|move|p2a: Milotic|Scald|p1a: Grimmsnarl
|-damage|p1a: Grimmsnarl|80/100
|-status|p1a: Grimmsnarl|brn
|
|-damage|p1a: Grimmsnarl|74/100 brn|[from] brn
|upkeep
|turn|3
|
|t:|1758344603
|switch|p1a: Raging Bolt|Raging Bolt|100/100
|-enditem|p1a: Raging Bolt|Booster Energy
|-activate|p1a: Raging Bolt|ability: Protosynthesis|[fromitem]
|-start|p1a: Raging Bolt|protosynthesisspa
|move|p2a: Milotic|Scald|p1a: Raging Bolt
|-resisted|p1a: Raging Bolt
|-damage|p1a: Raging Bolt|94/100
|-status|p1a: Raging Bolt|brn
|
|-damage|p1a: Raging Bolt|88/100 brn|[from] brn
|upkeep
|turn|4
|
|t:|1758344616
|move|p1a: Raging Bolt|Calm Mind|p1a: Raging Bolt
|-boost|p1a: Raging Bolt|spa|1
|-boost|p1a: Raging Bolt|spd|1
|move|p2a: Milotic|Mirror Coat||[still]
|-fail|p2a: Milotic
|
|-damage|p1a: Raging Bolt|82/100 brn|[from] brn
|upkeep
|turn|5
|
|t:|1758344626
|move|p1a: Raging Bolt|Calm Mind|p1a: Raging Bolt
|-boost|p1a: Raging Bolt|spa|1
|-boost|p1a: Raging Bolt|spd|1
|move|p2a: Milotic|Haze|p2a: Milotic
|-clearallboost
|
|-damage|p1a: Raging Bolt|76/100 brn|[from] brn
|upkeep
|turn|6
|
|t:|1758344637
|switch|p2a: Garchomp|Garchomp, F|100/100
|move|p1a: Raging Bolt|Thunderbolt|p2a: Garchomp
|-immune|p2a: Garchomp
|
|-damage|p1a: Raging Bolt|70/100 brn|[from] brn
|upkeep
|turn|7
|
|t:|1758344648
|switch|p2a: Tyranitar|Tyranitar, M|100/100
|-weather|Sandstorm|[from] ability: Sand Stream|[of] p2a: Tyranitar
|move|p1a: Raging Bolt|Dragon Pulse|p2a: Tyranitar
|-damage|p2a: Tyranitar|66/100
|
|-weather|Sandstorm|[upkeep]
|-damage|p1a: Raging Bolt|63/100 brn|[from] Sandstorm
|-damage|p1a: Raging Bolt|57/100 brn|[from] brn
|upkeep
|turn|8
|
|t:|1758344661
|move|p1a: Raging Bolt|Calm Mind|p1a: Raging Bolt
|-boost|p1a: Raging Bolt|spa|1
|-boost|p1a: Raging Bolt|spd|1
|move|p2a: Tyranitar|Knock Off|p1a: Raging Bolt
|-damage|p1a: Raging Bolt|42/100 brn
|
|-weather|Sandstorm|[upkeep]
|-damage|p1a: Raging Bolt|36/100 brn|[from] Sandstorm
|-damage|p1a: Raging Bolt|29/100 brn|[from] brn
|-sideend|p1: trak2|move: Light Screen
|upkeep
|turn|9
|
|t:|1758344675
|move|p1a: Raging Bolt|Thunderbolt|p2a: Tyranitar
|-damage|p2a: Tyranitar|13/100
|move|p2a: Tyranitar|Ice Beam|p1a: Raging Bolt
|-supereffective|p1a: Raging Bolt
|-damage|p1a: Raging Bolt|0 fnt
|faint|p1a: Raging Bolt
|-end|p1a: Raging Bolt|Protosynthesis|[silent]
|
|-weather|Sandstorm|[upkeep]
|-sideend|p1: trak2|Reflect
|upkeep
|
|t:|1758344679
|switch|p1a: Grimmsnarl|Grimmsnarl, M|74/100 brn
|turn|10
|
|t:|1758344687
|move|p1a: Grimmsnarl|Reflect|p1a: Grimmsnarl
|-sidestart|p1: trak2|Reflect
|move|p2a: Tyranitar|Knock Off|p1a: Grimmsnarl
|-resisted|p1a: Grimmsnarl
|-damage|p1a: Grimmsnarl|68/100 brn
|-enditem|p1a: Grimmsnarl|Light Clay|[from] move: Knock Off|[of] p2a: Tyranitar
|
|-weather|Sandstorm|[upkeep]
|-damage|p1a: Grimmsnarl|61/100 brn|[from] Sandstorm
|-damage|p1a: Grimmsnarl|55/100 brn|[from] brn
|upkeep
|turn|11
|
|t:|1758344701
|move|p1a: Grimmsnarl|Light Screen|p1a: Grimmsnarl
|-sidestart|p1: trak2|move: Light Screen
|move|p2a: Tyranitar|Ice Beam|p1a: Grimmsnarl
|-damage|p1a: Grimmsnarl|47/100 brn
|
|-weather|none
|-damage|p1a: Grimmsnarl|41/100 brn|[from] brn
|upkeep
|turn|12
|
|t:|1758344713
|move|p1a: Grimmsnarl|Parting Shot|p2a: Tyranitar
|-hint|Since gen 7, Dark is immune to Prankster moves.
|-immune|p2a: Tyranitar
|move|p2a: Tyranitar|Fire Blast|p1a: Grimmsnarl|[miss]
|-miss|p2a: Tyranitar|p1a: Grimmsnarl
|
|-damage|p1a: Grimmsnarl|35/100 brn|[from] brn
|upkeep
|turn|13
|
|t:|1758344723
|switch|p1a: Scizor|Scizor, F|100/100
|move|p2a: Tyranitar|Fire Blast|p1a: Scizor
|-supereffective|p1a: Scizor
|-damage|p1a: Scizor|17/100
|
|upkeep
|turn|14
|
|t:|1758344731
|move|p2a: Tyranitar|Knock Off|p1a: Scizor
|-damage|p1a: Scizor|0 fnt
|-enditem|p1a: Scizor|Metal Coat|[from] move: Knock Off|[of] p2a: Tyranitar
|faint|p1a: Scizor
|
|upkeep
|-message|trak2 forfeited.
|
|win|MADMANWHO
|raw|trak2's rating: 1220 &rarr; <strong>1191</strong><br />(-29 for losing)
|raw|MADMANWHO's rating: 1165 &rarr; <strong>1194</strong><br />(+29 for winning)
|l|‽trak2
|player|p1|
|l|☆MADMANWHO
|player|p2|
