|j|☆xa2n
|j|☆ricboooy
|t:|1758279627
|gametype|singles
|player|p1|xa2n|will|1435
|player|p2|ricboooy|2|1414
|gen|9
|tier|[Gen 9] OU
|rated|
|rule|HP Percentage Mod: HP is shown in percentages
|rule|Endless Battle Clause: Forcing endless battles is banned
|rule|Species Clause: Limit one of each Pokémon
|rule|OHKO Clause: OHKO moves are banned
|rule|Evasion Items Clause: Evasion items are banned
|rule|Evasion Moves Clause: Evasion moves are banned
|rule|Evasion Abilities Clause: Evasion abilities are banned
|rule|Sleep Moves Clause: Sleep-inducing moves are banned
|clearpoke
|poke|p1|Samurott-Hisui, F|
|poke|p1|Kyurem|
|poke|p1|Gholdengo|
|poke|p1|Zamazenta-*|
|poke|p1|Kingambit, F|
|poke|p1|Ting-Lu|
|poke|p2|Dragonite, F|
|poke|p2|Goodra-Hisui, F|
|poke|p2|Zamazenta-*|
|poke|p2|Zapdos|
|poke|p2|Great Tusk|
|poke|p2|Zarude|
|teampreview
|inactive|Battle timer is ON: inactive players will automatically lose when time's up. (requested by ricboooy)
|
|t:|1758279640
|teamsize|p1|6
|teamsize|p2|6
|start
|switch|p1a: Kyurem|Kyurem|100/100
|switch|p2a: Zarude|Zarude|100/100
|-ability|p1a: Kyurem|Pressure
|turn|1
|
|t:|1758279644
|-terastallize|p2a: Zarude|Ghost
|move|p1a: Kyurem|Ice Beam|p2a: Zarude
|-damage|p2a: Zarude|35/100
|move|p2a: Zarude|Rock Slide|p1a: Kyurem
|-supereffective|p1a: Kyurem
|-damage|p1a: Kyurem|45/100
|
|upkeep
|turn|2
|
|t:|1758279651
|switch|p2a: Goodra|Goodra-Hisui, F, shiny|100/100
|move|p1a: Kyurem|Ice Beam|p2a: Goodra
|-damage|p2a: Goodra|66/100
|
|upkeep
|turn|3
|
|t:|1758279660
|switch|p1a: Zamazenta|Zamazenta|100/100
|-ability|p1a: Zamazenta|Dauntless Shield|boost
|-boost|p1a: Zamazenta|def|1
|move|p2a: Goodra|Fire Blast|p1a: Zamazenta
|-damage|p1a: Zamazenta|65/100
|
|upkeep
|turn|4
|
|t:|1758279664
|switch|p2a: Zapdos|Zapdos|100/100
|move|p1a: Zamazenta|Close Combat|p2a: Zapdos
|-resisted|p2a: Zapdos
|-damage|p2a: Zapdos|63/100
|-unboost|p1a: Zamazenta|def|1
|-unboost|p1a: Zamazenta|spd|1
|
|upkeep
|turn|5
|
|t:|1758279666
|move|p1a: Zamazenta|Stone Edge|p2a: Zapdos
|-supereffective|p2a: Zapdos
|-damage|p2a: Zapdos|0 fnt
|faint|p2a: Zapdos
|
|upkeep
|
|t:|1758279672
|switch|p2a: Zamazenta|Zamazenta|100/100
|-ability|p2a: Zamazenta|Dauntless Shield|boost
|-boost|p2a: Zamazenta|def|1
|turn|6
|
|t:|1758279675
|switch|p1a: Gholdengo|Gholdengo|100/100
|move|p2a: Zamazenta|Substitute|p2a: Zamazenta
|-start|p2a: Zamazenta|Substitute
|-damage|p2a: Zamazenta|76/100
|
|-heal|p2a: Zamazenta|82/100|[from] item: Leftovers
|upkeep
|turn|7
|
|t:|1758279679
|move|p1a: Gholdengo|Trick||[still]
|-fail|p1a: Gholdengo
|move|p2a: Zamazenta|Psychic Fangs|p1a: Gholdengo
|-resisted|p1a: Gholdengo
|-damage|p1a: Gholdengo|87/100
|
|-heal|p2a: Zamazenta|88/100|[from] item: Leftovers
|upkeep
|turn|8
|
|t:|1758279686
|switch|p1a: Samurott|Samurott-Hisui, F, shiny|100/100
|move|p2a: Zamazenta|Psychic Fangs|p1a: Samurott
|-immune|p1a: Samurott
|
|-heal|p2a: Zamazenta|94/100|[from] item: Leftovers
|upkeep
|turn|9
|
|t:|1758279689
|move|p2a: Zamazenta|Body Press|p1a: Samurott
|-supereffective|p1a: Samurott
|-damage|p1a: Samurott|0 fnt
|faint|p1a: Samurott
|
|-heal|p2a: Zamazenta|99/100|[from] item: Leftovers
|upkeep
|
|t:|1758279700
|switch|p1a: Zamazenta|Zamazenta|65/100
|turn|10
|
|t:|1758279702
|move|p1a: Zamazenta|Close Combat|p2a: Zamazenta
|-end|p2a: Zamazenta|Substitute
|-unboost|p1a: Zamazenta|def|1
|-unboost|p1a: Zamazenta|spd|1
|move|p2a: Zamazenta|Iron Defense|p2a: Zamazenta
|-boost|p2a: Zamazenta|def|2
|
|-heal|p2a: Zamazenta|100/100|[from] item: Leftovers
|upkeep
|turn|11
|
|t:|1758279704
|move|p2a: Zamazenta|Psychic Fangs|p1a: Zamazenta
|-supereffective|p1a: Zamazenta
|-damage|p1a: Zamazenta|4/100
|move|p1a: Zamazenta|Close Combat|p2a: Zamazenta
|-damage|p2a: Zamazenta|84/100
|-unboost|p1a: Zamazenta|def|1
|-unboost|p1a: Zamazenta|spd|1
|
|-heal|p2a: Zamazenta|90/100|[from] item: Leftovers
|upkeep
|turn|12
|
|t:|1758279707
|move|p2a: Zamazenta|Substitute|p2a: Zamazenta
|-start|p2a: Zamazenta|Substitute
|-damage|p2a: Zamazenta|65/100
|move|p1a: Zamazenta|Close Combat|p2a: Zamazenta
|-activate|p2a: Zamazenta|move: Substitute|[damage]
|-unboost|p1a: Zamazenta|def|1
|-unboost|p1a: Zamazenta|spd|1
|
|-heal|p2a: Zamazenta|71/100|[from] item: Leftovers
|upkeep
|turn|13
|
|t:|1758279718
|move|p2a: Zamazenta|Psychic Fangs|p1a: Zamazenta
|-supereffective|p1a: Zamazenta
|-damage|p1a: Zamazenta|0 fnt
|faint|p1a: Zamazenta
|
|-heal|p2a: Zamazenta|77/100|[from] item: Leftovers
|upkeep
|
|t:|1758279727
|switch|p1a: Gholdengo|Gholdengo|87/100
|turn|14
|
|t:|1758279731
|move|p1a: Gholdengo|Shadow Ball|p2a: Zamazenta
|-end|p2a: Zamazenta|Substitute
|move|p2a: Zamazenta|Psychic Fangs|p1a: Gholdengo
|-resisted|p1a: Gholdengo
|-damage|p1a: Gholdengo|73/100
|
|-heal|p2a: Zamazenta|84/100|[from] item: Leftovers
|upkeep
|turn|15
|
|t:|1758279737
|switch|p2a: Zarude|Zarude, tera:Ghost|35/100
|move|p1a: Gholdengo|Shadow Ball|p2a: Zarude
|-supereffective|p2a: Zarude
|-damage|p2a: Zarude|0 fnt
|faint|p2a: Zarude
|
|upkeep
|
|t:|1758279744
|switch|p2a: Goodra|Goodra-Hisui, F, shiny|66/100
|turn|16
|
|t:|1758279755
|switch|p1a: Ting-Lu|Ting-Lu|100/100
|-ability|p1a: Ting-Lu|Vessel of Ruin
|move|p2a: Goodra|Ice Beam|p1a: Ting-Lu
|-supereffective|p1a: Ting-Lu
|-damage|p1a: Ting-Lu|69/100
|
|upkeep
|turn|17
|
|t:|1758279760
|switch|p2a: Dragonite|Dragonite, F|100/100
|move|p1a: Ting-Lu|Stealth Rock|p2a: Dragonite
|-sidestart|p2: ricboooy|move: Stealth Rock
|
|upkeep
|turn|18
|
|t:|1758279763
|move|p2a: Dragonite|Dragon Dance|p2a: Dragonite
|-boost|p2a: Dragonite|atk|1
|-boost|p2a: Dragonite|spe|1
|move|p1a: Ting-Lu|Ruination|p2a: Dragonite|[miss]
|-miss|p1a: Ting-Lu|p2a: Dragonite
|
|upkeep
|turn|19
|
|t:|1758279766
|move|p2a: Dragonite|Scale Shot|p1a: Ting-Lu
|-damage|p1a: Ting-Lu|59/100
|-damage|p1a: Ting-Lu|49/100
|-damage|p1a: Ting-Lu|38/100
|-damage|p1a: Ting-Lu|27/100
|-damage|p1a: Ting-Lu|16/100
|-hitcount|p1a: Ting-Lu|5
|-unboost|p2a: Dragonite|def|1
|-boost|p2a: Dragonite|spe|1
|move|p1a: Ting-Lu|Whirlwind|p2a: Dragonite
|drag|p2a: Great Tusk|Great Tusk, shiny|100/100
|-damage|p2a: Great Tusk|98/100|[from] Stealth Rock
|-enditem|p2a: Great Tusk|Booster Energy
|-activate|p2a: Great Tusk|ability: Protosynthesis|[fromitem]
|-start|p2a: Great Tusk|protosynthesisatk
|
|upkeep
|turn|20
|
|t:|1758279770
|move|p2a: Great Tusk|Rapid Spin|p1a: Ting-Lu
|-damage|p1a: Ting-Lu|5/100
|-boost|p2a: Great Tusk|spe|1
|-damage|p2a: Great Tusk|81/100|[from] item: Rocky Helmet|[of] p1a: Ting-Lu
|-sideend|p2: ricboooy|Stealth Rock|[from] move: Rapid Spin|[of] p2a: Great Tusk
|move|p1a: Ting-Lu|Ruination|p2a: Great Tusk
|-damage|p2a: Great Tusk|41/100
|
|upkeep
|turn|21
|
|t:|1758279773
|move|p2a: Great Tusk|Rapid Spin|p1a: Ting-Lu
|-damage|p1a: Ting-Lu|0 fnt
|-boost|p2a: Great Tusk|spe|1
|-damage|p2a: Great Tusk|24/100|[from] item: Rocky Helmet|[of] p1a: Ting-Lu
|faint|p1a: Ting-Lu
|
|upkeep
|
|t:|1758279778
|switch|p1a: Kingambit|Kingambit, F|100/100
|-activate|p1a: Kingambit|ability: Supreme Overlord
|-start|p1a: Kingambit|fallen3|[silent]
|turn|22
|
|t:|1758279780
|move|p1a: Kingambit|Sucker Punch|p2a: Great Tusk
|-resisted|p2a: Great Tusk
|-damage|p2a: Great Tusk|0 fnt
|faint|p2a: Great Tusk
|-end|p2a: Great Tusk|Protosynthesis|[silent]
|
|upkeep
|
|t:|1758279784
|switch|p2a: Dragonite|Dragonite, F|100/100
|turn|23
|
|t:|1758279790
|move|p2a: Dragonite|Earthquake|p1a: Kingambit
|-supereffective|p1a: Kingambit
|-damage|p1a: Kingambit|39/100
|move|p1a: Kingambit|Kowtow Cleave|p2a: Dragonite
|-damage|p2a: Dragonite|57/100
|
|upkeep
|turn|24
|
|t:|1758279798
|-terastallize|p1a: Kingambit|Fairy
|move|p2a: Dragonite|Dragon Dance|p2a: Dragonite
|-boost|p2a: Dragonite|atk|1
|-boost|p2a: Dragonite|spe|1
|move|p1a: Kingambit|Tera Blast|p2a: Dragonite|[anim] Tera Blast Fairy
|-supereffective|p2a: Dragonite
|-damage|p2a: Dragonite|0 fnt
|faint|p2a: Dragonite
|
|upkeep
|
|t:|1758279802
|switch|p2a: Goodra|Goodra-Hisui, F, shiny|66/100
|turn|25
|
|t:|1758279810
|move|p2a: Goodra|Sludge Bomb|p1a: Kingambit
|-supereffective|p1a: Kingambit
|-damage|p1a: Kingambit|0 fnt
|faint|p1a: Kingambit
|-end|p1a: Kingambit|fallen3|[silent]
|
|upkeep
|
|t:|1758279813
|switch|p1a: Kyurem|Kyurem|45/100
|-ability|p1a: Kyurem|Pressure
|turn|26
|
|t:|1758279818
|move|p1a: Kyurem|Ice Beam|p2a: Goodra
|-damage|p2a: Goodra|34/100
|move|p2a: Goodra|Dragon Pulse|p1a: Kyurem
|-supereffective|p1a: Kyurem
|-damage|p1a: Kyurem|0 fnt
|faint|p1a: Kyurem
|
|upkeep
|
|t:|1758279822
|switch|p1a: Gholdengo|Gholdengo|73/100
|turn|27
|
|t:|1758279825
|move|p1a: Gholdengo|Shadow Ball|p2a: Goodra
|-damage|p2a: Goodra|14/100
|move|p2a: Goodra|Fire Blast|p1a: Gholdengo
|-supereffective|p1a: Gholdengo
|-damage|p1a: Gholdengo|0 fnt
|faint|p1a: Gholdengo
|
|win|ricboooy
|raw|xa2n's rating: 1435 &rarr; <strong>1414</strong><br />(-21 for losing)
|raw|ricboooy's rating: 1414 &rarr; <strong>1435</strong><br />(+21 for winning)
|l|☆ricboooy
|player|p2|
|l|☆xa2n
|player|p1|
