|j|☆zeonwaaah2002
|j|☆Lonelyenders
|t:|1758377670
|gametype|singles
|player|p1|zeonwaaah2002|nate|1337
|player|p2|Lonelyenders|acetrainer|1378
|gen|9
|tier|[Gen 9] OU
|rated|
|rule|HP Percentage Mod: HP is shown in percentages
|rule|Endless Battle Clause: Forcing endless battles is banned
|rule|Species Clause: Limit one of each Pokémon
|rule|OHKO Clause: OHKO moves are banned
|rule|Evasion Items Clause: Evasion items are banned
|rule|Evasion Moves Clause: Evasion moves are banned
|rule|Evasion Abilities Clause: Evasion abilities are banned
|rule|Sleep Moves Clause: Sleep-inducing moves are banned
|clearpoke
|poke|p1|Ceruledge, F|
|poke|p1|Pelipper, F|
|poke|p1|Serperior, F|
|poke|p1|Keldeo-Resolute|
|poke|p1|Gliscor, M|
|poke|p1|Dragonite, M|
|poke|p2|Great Tusk|
|poke|p2|Ogerpon-Cornerstone, F|
|poke|p2|Dragonite, M|
|poke|p2|Zapdos|
|poke|p2|Heatran, F|
|poke|p2|Primarina, F|
|teampreview
|inactive|Battle timer is ON: inactive players will automatically lose when time's up. (requested by Lonelyenders)
|inactive|zeonwaaah2002 also wants the timer to be on.
|
|t:|1758377694
|teamsize|p1|6
|teamsize|p2|6
|start
|switch|p1a: Serperior|Serperior, F|100/100
|switch|p2a: Primarina|Primarina, F|100/100
|turn|1
|
|t:|1758377703
|switch|p2a: Heatran|Heatran, F|100/100
|move|p1a: Serperior|Glare|p2a: Heatran
|-status|p2a: Heatran|par
|
|upkeep
|turn|2
|
|t:|1758377713
|switch|p1a: Pelipper|Pelipper, F|100/100
|-weather|RainDance|[from] ability: Drizzle|[of] p1a: Pelipper
|move|p2a: Heatran|Magma Storm|p1a: Pelipper
|-resisted|p1a: Pelipper
|-damage|p1a: Pelipper|82/100
|-activate|p1a: Pelipper|move: Magma Storm|[of] p2a: Heatran
|
|-weather|RainDance|[upkeep]
|-damage|p1a: Pelipper|70/100|[from] move: Magma Storm|[partiallytrapped]
|upkeep
|turn|3
|
|t:|1758377728
|switch|p2a: Primarina|Primarina, F|100/100
|move|p1a: Pelipper|Weather Ball|p2a: Primarina
|-resisted|p2a: Primarina
|-damage|p2a: Primarina|70/100
|
|-weather|RainDance|[upkeep]
|-end|p1a: Pelipper|Magma Storm|[partiallytrapped]|[silent]
|upkeep
|turn|4
|
|t:|1758377752
|switch|p1a: Gliscor|Gliscor, M|100/100
|move|p2a: Primarina|Moonblast|p1a: Gliscor
|-damage|p1a: Gliscor|54/100
|
|-weather|RainDance|[upkeep]
|-status|p1a: Gliscor|tox|[from] item: Toxic Orb
|upkeep
|turn|5
|
|t:|1758377761
|move|p1a: Gliscor|Protect|p1a: Gliscor
|-singleturn|p1a: Gliscor|Protect
|move|p2a: Primarina|Psychic Noise|p1a: Gliscor
|-activate|p1a: Gliscor|move: Protect
|
|-weather|RainDance|[upkeep]
|-heal|p1a: Gliscor|67/100 tox|[from] ability: Poison Heal
|upkeep
|turn|6
|inactive|zeonwaaah2002 has 120 seconds left.
|
|t:|1758377782
|switch|p1a: Serperior|Serperior, F|100/100
|move|p2a: Primarina|Surf|p1a: Serperior
|-resisted|p1a: Serperior
|-damage|p1a: Serperior|60/100
|
|-weather|none
|-heal|p1a: Serperior|67/100|[from] item: Leftovers
|upkeep
|turn|7
|
|t:|1758377791
|switch|p2a: Zapdos|Zapdos|100/100
|move|p1a: Serperior|Leech Seed|p2a: Zapdos
|-start|p2a: Zapdos|move: Leech Seed
|
|-heal|p1a: Serperior|73/100|[from] item: Leftovers
|-damage|p2a: Zapdos|88/100|[from] Leech Seed|[of] p1a: Serperior
|-heal|p1a: Serperior|85/100|[silent]
|upkeep
|turn|8
|
|t:|1758377805
|move|p1a: Serperior|Substitute|p1a: Serperior
|-start|p1a: Serperior|Substitute
|-damage|p1a: Serperior|60/100
|move|p2a: Zapdos|Volt Switch|p1a: Serperior
|-resisted|p1a: Serperior
|-activate|p1a: Serperior|move: Substitute|[damage]
|
|t:|1758377816
|switch|p2a: Ogerpon|Ogerpon-Cornerstone, F|100/100|[from] Volt Switch
|
|-heal|p1a: Serperior|67/100|[from] item: Leftovers
|upkeep
|turn|9
|
|t:|1758377823
|move|p1a: Serperior|Glare|p2a: Ogerpon
|-status|p2a: Ogerpon|par
|cant|p2a: Ogerpon|par
|
|-heal|p1a: Serperior|73/100|[from] item: Leftovers
|upkeep
|turn|10
|
|t:|1758377830
|move|p1a: Serperior|Leaf Storm|p2a: Ogerpon
|-damage|p2a: Ogerpon|54/100 par
|-boost|p1a: Serperior|spa|2
|cant|p2a: Ogerpon|par
|
|-heal|p1a: Serperior|79/100|[from] item: Leftovers
|upkeep
|turn|11
|
|t:|1758377836
|switch|p2a: Zapdos|Zapdos|88/100
|move|p1a: Serperior|Leaf Storm|p2a: Zapdos
|-resisted|p2a: Zapdos
|-damage|p2a: Zapdos|37/100
|-boost|p1a: Serperior|spa|2
|
|-heal|p1a: Serperior|85/100|[from] item: Leftovers
|upkeep
|turn|12
|
|t:|1758377848
|switch|p2a: Heatran|Heatran, F|100/100 par
|move|p1a: Serperior|Leech Seed|p2a: Heatran
|-start|p2a: Heatran|move: Leech Seed
|
|-heal|p1a: Serperior|91/100|[from] item: Leftovers
|-damage|p2a: Heatran|88/100 par|[from] Leech Seed|[of] p1a: Serperior
|-heal|p1a: Serperior|100/100|[silent]
|upkeep
|turn|13
|
|t:|1758377858
|move|p1a: Serperior|Leaf Storm|p2a: Heatran
|-resisted|p2a: Heatran
|-damage|p2a: Heatran|66/100 par
|-boost|p1a: Serperior|spa|2
|move|p2a: Heatran|Magma Storm|p1a: Serperior
|-supereffective|p1a: Serperior
|-end|p1a: Serperior|Substitute
|
|-heal|p2a: Heatran|72/100 par|[from] item: Leftovers
|-damage|p2a: Heatran|60/100 par|[from] Leech Seed|[of] p1a: Serperior
|upkeep
|turn|14
|
|t:|1758377870
|switch|p1a: Keldeo|Keldeo-Resolute|100/100
|cant|p2a: Heatran|par
|
|-heal|p2a: Heatran|66/100 par|[from] item: Leftovers
|-damage|p2a: Heatran|54/100 par|[from] Leech Seed|[of] p1a: Keldeo
|upkeep
|turn|15
|
|t:|1758377884
|switch|p2a: Primarina|Primarina, F|70/100
|move|p1a: Keldeo|Hydro Pump|p2a: Primarina
|-resisted|p2a: Primarina
|-damage|p2a: Primarina|52/100
|
|upkeep
|turn|16
|
|t:|1758377903
|switch|p1a: Serperior|Serperior, F|100/100
|move|p2a: Primarina|Psychic Noise|p1a: Serperior
|-damage|p1a: Serperior|72/100
|-start|p1a: Serperior|move: Heal Block
|
|upkeep
|turn|17
|
|t:|1758377913
|-terastallize|p2a: Primarina|Steel
|move|p1a: Serperior|Glare|p2a: Primarina
|-status|p2a: Primarina|par
|move|p2a: Primarina|Moonblast|p1a: Serperior
|-damage|p1a: Serperior|8/100
|
|-end|p1a: Serperior|move: Heal Block
|upkeep
|turn|18
|inactive|zeonwaaah2002 has 120 seconds left.
|
|t:|1758377948
|switch|p1a: Gliscor|Gliscor, M|67/100 tox
|cant|p2a: Primarina|par
|
|-heal|p1a: Gliscor|79/100 tox|[from] ability: Poison Heal
|upkeep
|turn|19
|inactive|zeonwaaah2002 has 120 seconds left.
|
|t:|1758377962
|move|p1a: Gliscor|Protect|p1a: Gliscor
|-singleturn|p1a: Gliscor|Protect
|move|p2a: Primarina|Surf|p1a: Gliscor
|-activate|p1a: Gliscor|move: Protect
|
|-heal|p1a: Gliscor|92/100 tox|[from] ability: Poison Heal
|upkeep
|turn|20
|inactive|zeonwaaah2002 has 120 seconds left.
|
|t:|1758377969
|switch|p1a: Dragonite|Dragonite, M|100/100
|switch|p2a: Zapdos|Zapdos|37/100
|
|upkeep
|turn|21
|inactive|zeonwaaah2002 has 120 seconds left.
|
|t:|1758377986
|switch|p1a: Gliscor|Gliscor, M|92/100 tox
|move|p2a: Zapdos|Roost|p2a: Zapdos
|-heal|p2a: Zapdos|87/100
|-singleturn|p2a: Zapdos|move: Roost
|
|-heal|p1a: Gliscor|100/100 tox|[from] ability: Poison Heal
|upkeep
|turn|22
|
|t:|1758377999
|switch|p2a: Primarina|Primarina, F, tera:Steel|52/100 par
|move|p1a: Gliscor|Toxic||[still]
|-fail|p1a: Gliscor
|
|upkeep
|turn|23
|
|t:|1758378009
|switch|p1a: Dragonite|Dragonite, M|100/100
|move|p2a: Primarina|Surf|p1a: Dragonite
|-resisted|p1a: Dragonite
|-damage|p1a: Dragonite|89/100
|
|-heal|p1a: Dragonite|95/100|[from] item: Leftovers
|upkeep
|turn|24
|
|t:|1758378017
|move|p1a: Dragonite|Earthquake|p2a: Primarina
|-supereffective|p2a: Primarina
|-damage|p2a: Primarina|0 fnt
|faint|p2a: Primarina
|
|-heal|p1a: Dragonite|100/100|[from] item: Leftovers
|upkeep
|
|t:|1758378021
|switch|p2a: Ogerpon|Ogerpon-Cornerstone, F|54/100 par
|turn|25
|
|t:|1758378032
|move|p1a: Dragonite|Dragon Dance|p1a: Dragonite
|-boost|p1a: Dragonite|atk|1
|-boost|p1a: Dragonite|spe|1
|move|p2a: Ogerpon|Spikes|p1a: Dragonite
|-sidestart|p1: zeonwaaah2002|Spikes
|
|upkeep
|turn|26
|
|t:|1758378035
|move|p1a: Dragonite|Dragon Dance|p1a: Dragonite
|-boost|p1a: Dragonite|atk|1
|-boost|p1a: Dragonite|spe|1
|move|p2a: Ogerpon|Ivy Cudgel|p1a: Dragonite|[anim] Ivy Cudgel Rock
|-supereffective|p1a: Dragonite
|-crit|p1a: Dragonite
|-damage|p1a: Dragonite|11/100
|
|-heal|p1a: Dragonite|17/100|[from] item: Leftovers
|upkeep
|turn|27
|
|t:|1758378046
|move|p1a: Dragonite|Earthquake|p2a: Ogerpon
|-damage|p2a: Ogerpon|0 fnt
|faint|p2a: Ogerpon
|
|-heal|p1a: Dragonite|23/100|[from] item: Leftovers
|upkeep
|
|t:|1758378049
|switch|p2a: Dragonite|Dragonite, M|100/100
|turn|28
|
|t:|1758378066
|switch|p1a: Gliscor|Gliscor, M|100/100 tox
|move|p2a: Dragonite|Extreme Speed|p1a: Gliscor
|-damage|p1a: Gliscor|78/100 tox
|
|-heal|p1a: Gliscor|91/100 tox|[from] ability: Poison Heal
|upkeep
|turn|29
|l|☆zeonwaaah2002
|inactive|zeonwaaah2002 disconnected and has a minute to reconnect!
|player|p1|
|j|☆zeonwaaah2002
|inactive|zeonwaaah2002 reconnected and has 120 seconds left.
|player|p1|zeonwaaah2002|nate|
|l|☆zeonwaaah2002
|inactive|zeonwaaah2002 disconnected and has a minute to reconnect!
|player|p1|
|l|☆Lonelyenders
|inactive|Lonelyenders disconnected and has a minute to reconnect!
|player|p2|
|j|☆zeonwaaah2002
|inactive|zeonwaaah2002 reconnected and has 105 seconds left.
|player|p1|zeonwaaah2002|nate|
|
|t:|1758378121
|move|p2a: Dragonite|Dragon Dance|p2a: Dragonite
|-boost|p2a: Dragonite|atk|1
|-boost|p2a: Dragonite|spe|1
|move|p1a: Gliscor|Toxic|p2a: Dragonite
|-status|p2a: Dragonite|tox
|
|-damage|p2a: Dragonite|94/100 tox|[from] psn
|-heal|p1a: Gliscor|100/100 tox|[from] ability: Poison Heal
|upkeep
|turn|30
|j|☆Lonelyenders
|inactive|Lonelyenders reconnected and has 125 seconds left.
|player|p2|Lonelyenders|acetrainer|
|inactive|Lonelyenders has 120 seconds left.
|
|t:|1758378153
|move|p2a: Dragonite|Ice Spinner|p1a: Gliscor
|-supereffective|p1a: Gliscor
|-damage|p1a: Gliscor|0 fnt
|faint|p1a: Gliscor
|
|-damage|p2a: Dragonite|82/100 tox|[from] psn
|upkeep
|inactive|zeonwaaah2002 has 90 seconds left.
|
|t:|1758378172
|switch|p1a: Serperior|Serperior, F|8/100
|-damage|p1a: Serperior|0 fnt|[from] Spikes
|faint|p1a: Serperior
|
|t:|1758378175
|switch|p1a: Pelipper|Pelipper, F|70/100
|-weather|RainDance|[from] ability: Drizzle|[of] p1a: Pelipper
|turn|31
|
|t:|1758378183
|move|p2a: Dragonite|Extreme Speed|p1a: Pelipper
|-damage|p1a: Pelipper|12/100
|move|p1a: Pelipper|Hurricane|p2a: Dragonite
|-damage|p2a: Dragonite|6/100 tox
|
|-weather|RainDance|[upkeep]
|-damage|p2a: Dragonite|0 fnt|[from] psn
|faint|p2a: Dragonite
|upkeep
|
|t:|1758378191
|switch|p2a: Great Tusk|Great Tusk|100/100
|turn|32
|
|t:|1758378197
|move|p2a: Great Tusk|Rapid Spin|p1a: Pelipper
|-damage|p1a: Pelipper|0 fnt
|-boost|p2a: Great Tusk|spe|1
|faint|p1a: Pelipper
|
|-weather|RainDance|[upkeep]
|upkeep
|
|t:|1758378207
|switch|p1a: Keldeo|Keldeo-Resolute|100/100
|-damage|p1a: Keldeo|88/100|[from] Spikes
|turn|33
|
|t:|1758378219
|-end|p2a: Great Tusk|Protosynthesis|[silent]
|switch|p2a: Heatran|Heatran, F|54/100 par
|-terastallize|p1a: Keldeo|Water
|move|p1a: Keldeo|Hydro Pump|p2a: Heatran
|-supereffective|p2a: Heatran
|-crit|p2a: Heatran
|-damage|p2a: Heatran|0 fnt
|faint|p2a: Heatran
|
|-weather|RainDance|[upkeep]
|-heal|p1a: Keldeo|94/100|[from] item: Leftovers
|upkeep
|
|t:|1758378222
|switch|p2a: Zapdos|Zapdos|87/100
|turn|34
|
|t:|1758378229
|move|p1a: Keldeo|Hydro Pump|p2a: Zapdos
|-damage|p2a: Zapdos|0 fnt
|faint|p2a: Zapdos
|
|-weather|RainDance|[upkeep]
|-heal|p1a: Keldeo|100/100|[from] item: Leftovers
|upkeep
|
|t:|1758378233
|switch|p2a: Great Tusk|Great Tusk|100/100
|turn|35
|
|t:|1758378237
|move|p1a: Keldeo|Hydro Pump|p2a: Great Tusk
|-supereffective|p2a: Great Tusk
|-damage|p2a: Great Tusk|0 fnt
|faint|p2a: Great Tusk
|-end|p2a: Great Tusk|Protosynthesis|[silent]
|
|win|zeonwaaah2002
|raw|zeonwaaah2002's rating: 1337 &rarr; <strong>1359</strong><br />(+22 for winning)
|raw|Lonelyenders's rating: 1378 &rarr; <strong>1356</strong><br />(-22 for losing)
