|j|☆arreat summit
|j|☆Truffle buddah
|t:|1758248488
|gametype|singles
|player|p1|arreat summit|ninjaboy|1738
|player|p2|Truffle buddah|169|1705
|gen|9
|tier|[Gen 9] OU
|rated|
|rule|HP Percentage Mod: HP is shown in percentages
|rule|Endless Battle Clause: Forcing endless battles is banned
|rule|Species Clause: Limit one of each Pokémon
|rule|OHKO Clause: OHKO moves are banned
|rule|Evasion Items Clause: Evasion items are banned
|rule|Evasion Moves Clause: Evasion moves are banned
|rule|Evasion Abilities Clause: Evasion abilities are banned
|rule|Sleep Moves Clause: Sleep-inducing moves are banned
|clearpoke
|poke|p1|Dragonite, M|
|poke|p1|Samurott-Hisui, M|
|poke|p1|Gholdengo|
|poke|p1|Iron Treads|
|poke|p1|Iron Valiant|
|poke|p1|Raging Bolt|
|poke|p2|Hydrapple, F|
|poke|p2|Hatterene, F|
|poke|p2|Iron Hands|
|poke|p2|Diancie|
|poke|p2|Scizor, F|
|poke|p2|Dragonite, M|
|teampreview
|j| kiddnickelss
|
|t:|1758248498
|teamsize|p1|6
|teamsize|p2|6
|start
|switch|p1a: Iron Treads|Iron Treads, shiny|100/100
|switch|p2a: Iron Hands|Iron Hands|100/100
|-enditem|p1a: Iron Treads|Booster Energy
|-activate|p1a: Iron Treads|ability: Quark Drive|[fromitem]
|-start|p1a: Iron Treads|quarkdrivespe
|turn|1
|
|t:|1758248501
|move|p1a: Iron Treads|Stealth Rock|p2a: Iron Hands
|-sidestart|p2: Truffle buddah|move: Stealth Rock
|move|p2a: Iron Hands|Swords Dance|p2a: Iron Hands
|-boost|p2a: Iron Hands|atk|2
|
|upkeep
|turn|2
|
|t:|1758248506
|move|p1a: Iron Treads|Steel Beam|p2a: Iron Hands
|-resisted|p2a: Iron Hands
|-damage|p2a: Iron Hands|80/100
|-damage|p1a: Iron Treads|50/100|[from] steelbeam
|move|p2a: Iron Hands|Drain Punch|p1a: Iron Treads
|-supereffective|p1a: Iron Treads
|-damage|p1a: Iron Treads|0 fnt
|-heal|p2a: Iron Hands|97/100|[from] drain|[of] p1a: Iron Treads
|faint|p1a: Iron Treads
|-end|p1a: Iron Treads|Quark Drive|[silent]
|
|-heal|p2a: Iron Hands|100/100|[from] item: Leftovers
|upkeep
|
|t:|1758248526
|switch|p1a: Gholdengo|Gholdengo, shiny|100/100
|-item|p1a: Gholdengo|Air Balloon
|turn|3
|
|t:|1758248536
|move|p1a: Gholdengo|Shadow Ball|p2a: Iron Hands
|-damage|p2a: Iron Hands|65/100
|move|p2a: Iron Hands|Wild Charge|p1a: Gholdengo
|-damage|p1a: Gholdengo|0 fnt
|-enditem|p1a: Gholdengo|Air Balloon
|faint|p1a: Gholdengo
|-damage|p2a: Iron Hands|48/100|[from] Recoil
|
|-heal|p2a: Iron Hands|54/100|[from] item: Leftovers
|upkeep
|inactive|Battle timer is ON: inactive players will automatically lose when time's up. (requested by arreat summit)
|
|t:|1758248576
|switch|p1a: Samurott|Samurott-Hisui, M, shiny|100/100
|turn|4
|
|t:|1758248579
|-terastallize|p1a: Samurott|Ghost
|move|p1a: Samurott|Swords Dance|p1a: Samurott
|-boost|p1a: Samurott|atk|2
|move|p2a: Iron Hands|Drain Punch|p1a: Samurott
|-immune|p1a: Samurott
|
|-heal|p2a: Iron Hands|61/100|[from] item: Leftovers
|upkeep
|turn|5
|
|t:|1758248591
|-end|p2a: Iron Hands|Quark Drive|[silent]
|switch|p2a: Hydrapple|Hydrapple, F|100/100
|-damage|p2a: Hydrapple|88/100|[from] Stealth Rock
|move|p1a: Samurott|Razor Shell|p2a: Hydrapple
|-resisted|p2a: Hydrapple
|-damage|p2a: Hydrapple|74/100
|-damage|p1a: Samurott|84/100|[from] item: Rocky Helmet|[of] p2a: Hydrapple
|
|upkeep
|turn|6
|
|t:|1758248607
|move|p1a: Samurott|Ceaseless Edge|p2a: Hydrapple
|-damage|p2a: Hydrapple|9/100
|-damage|p1a: Samurott|67/100|[from] item: Rocky Helmet|[of] p2a: Hydrapple
|-sidestart|p2: Truffle buddah|Spikes
|move|p2a: Hydrapple|Giga Drain|p1a: Samurott
|-damage|p1a: Samurott|22/100
|-heal|p2a: Hydrapple|27/100|[from] drain|[of] p1a: Samurott
|
|upkeep
|turn|7
|
|t:|1758248617
|move|p1a: Samurott|Ceaseless Edge|p2a: Hydrapple
|-damage|p2a: Hydrapple|0 fnt
|-damage|p1a: Samurott|6/100|[from] item: Rocky Helmet|[of] p2a: Hydrapple
|-sidestart|p2: Truffle buddah|Spikes
|faint|p2a: Hydrapple
|
|upkeep
|
|t:|1758248619
|switch|p2a: Scizor|Scizor, F|100/100
|turn|8
|
|t:|1758248625
|move|p1a: Samurott|Ceaseless Edge|p2a: Scizor
|-damage|p2a: Scizor|0 fnt
|-sidestart|p2: Truffle buddah|Spikes
|faint|p2a: Scizor
|
|upkeep
|
|t:|1758248643
|switch|p2a: Dragonite|Dragonite, M|100/100
|-damage|p2a: Dragonite|76/100|[from] Stealth Rock
|turn|9
|c|☆Truffle buddah|Damn
|c|☆Truffle buddah|choke job
|
|t:|1758248655
|move|p1a: Samurott|Sucker Punch|p2a: Dragonite
|-damage|p2a: Dragonite|0 fnt
|faint|p2a: Dragonite
|
|upkeep
|c|☆arreat summit|i had a feelign defog
|c|☆arreat summit|cuz hdb
|
|t:|1758248667
|switch|p2a: Diancie|Diancie|100/100
|-damage|p2a: Diancie|88/100|[from] Stealth Rock
|-damage|p2a: Diancie|64/100|[from] Spikes
|turn|10
|
|t:|1758248673
|move|p1a: Samurott|Razor Shell|p2a: Diancie
|-supereffective|p2a: Diancie
|-damage|p2a: Diancie|0 fnt
|faint|p2a: Diancie
|
|upkeep
|
|t:|1758248677
|switch|p2a: Hatterene|Hatterene, F|100/100
|-damage|p2a: Hatterene|88/100|[from] Stealth Rock
|-damage|p2a: Hatterene|63/100|[from] Spikes
|turn|11
|
|t:|1758248683
|move|p1a: Samurott|Razor Shell|p2a: Hatterene
|-damage|p2a: Hatterene|0 fnt
|faint|p2a: Hatterene
|
|upkeep
|
|t:|1758248685
|switch|p2a: Iron Hands|Iron Hands|61/100
|-damage|p2a: Iron Hands|54/100|[from] Stealth Rock
|-damage|p2a: Iron Hands|29/100|[from] Spikes
|turn|12
|
|t:|1758248688
|move|p1a: Samurott|Razor Shell|p2a: Iron Hands
|-damage|p2a: Iron Hands|0 fnt
|faint|p2a: Iron Hands
|-end|p2a: Iron Hands|Quark Drive|[silent]
|
|win|arreat summit
|raw|arreat summit's rating: 1738 &rarr; <strong>1756</strong><br />(+18 for winning)
|raw|Truffle buddah's rating: 1705 &rarr; <strong>1687</strong><br />(-18 for losing)
|c|☆arreat summit|gg
|l|☆Truffle buddah
|player|p2|
|l|☆arreat summit
|player|p1|
|l| kiddnickelss
