|j|☆yfwm
|j|☆2 beserk
|t:|1758257089
|gametype|singles
|player|p1|yfwm|169|1306
|player|p2|2 beserk|burglar|1299
|gen|9
|tier|[Gen 9] OU
|rated|
|rule|HP Percentage Mod: HP is shown in percentages
|rule|Endless Battle Clause: Forcing endless battles is banned
|rule|Species Clause: Limit one of each Pokémon
|rule|OHKO Clause: OHKO moves are banned
|rule|Evasion Items Clause: Evasion items are banned
|rule|Evasion Moves Clause: Evasion moves are banned
|rule|Evasion Abilities Clause: Evasion abilities are banned
|rule|Sleep Moves Clause: Sleep-inducing moves are banned
|clearpoke
|poke|p1|Walking Wake|
|poke|p1|Ninetales, M|
|poke|p1|Landorus-Therian, M|
|poke|p1|Raging Bolt|
|poke|p1|Zamazenta-*|
|poke|p1|Cinderace, F|
|poke|p2|Hydreigon, F|
|poke|p2|Glimmora, F|
|poke|p2|Samurott-Hisui, M|
|poke|p2|Scizor, M|
|poke|p2|Iron Valiant|
|poke|p2|Landorus-Therian, M|
|teampreview
|inactive|Battle timer is ON: inactive players will automatically lose when time's up. (requested by yfwm)
|
|t:|1758257116
|teamsize|p1|6
|teamsize|p2|6
|start
|switch|p1a: Landorus|Landorus-Therian, M|100/100
|switch|p2a: Glimmora|Glimmora, F|100/100
|-ability|p1a: Landorus|Intimidate|boost
|-unboost|p2a: Glimmora|atk|1
|turn|1
|
|t:|1758257127
|move|p2a: Glimmora|Power Gem|p1a: Landorus
|-damage|p1a: Landorus|64/100
|move|p1a: Landorus|Stealth Rock|p2a: Glimmora
|-sidestart|p2: 2 beserk|move: Stealth Rock
|
|upkeep
|turn|2
|
|t:|1758257134
|move|p2a: Glimmora|Mortal Spin|p1a: Landorus
|-resisted|p1a: Landorus
|-damage|p1a: Landorus|61/100
|-status|p1a: Landorus|psn
|-sideend|p2: 2 beserk|Stealth Rock|[from] move: Mortal Spin|[of] p2a: Glimmora
|move|p1a: Landorus|Earthquake|p2a: Glimmora
|-supereffective|p2a: Glimmora
|-enditem|p2a: Glimmora|Focus Sash
|-damage|p2a: Glimmora|1/100
|-activate|p2a: Glimmora|ability: Toxic Debris
|-sidestart|p1: yfwm|move: Toxic Spikes
|
|-damage|p1a: Landorus|49/100 psn|[from] psn
|upkeep
|-enditem|p1a: Landorus|Sitrus Berry|[eat]
|-heal|p1a: Landorus|74/100 psn|[from] item: Sitrus Berry
|turn|3
|
|t:|1758257163
|move|p2a: Glimmora|Power Gem|p1a: Landorus
|-damage|p1a: Landorus|38/100 psn
|move|p1a: Landorus|U-turn|p2a: Glimmora
|-resisted|p2a: Glimmora
|-damage|p2a: Glimmora|0 fnt
|-activate|p2a: Glimmora|ability: Toxic Debris
|-sidestart|p1: yfwm|move: Toxic Spikes
|faint|p2a: Glimmora
|
|t:|1758257179
|switch|p1a: Raging Bolt|Raging Bolt|100/100|[from] U-turn
|-status|p1a: Raging Bolt|tox
|
|-damage|p1a: Raging Bolt|94/100 tox|[from] psn
|upkeep
|
|t:|1758257189
|switch|p2a: Hydreigon|Hydreigon, F|100/100
|turn|4
|
|t:|1758257196
|move|p2a: Hydreigon|Substitute|p2a: Hydreigon
|-start|p2a: Hydreigon|Substitute
|-damage|p2a: Hydreigon|76/100
|move|p1a: Raging Bolt|Draco Meteor|p2a: Hydreigon
|-supereffective|p2a: Hydreigon
|-end|p2a: Hydreigon|Substitute
|-unboost|p1a: Raging Bolt|spa|2
|-damage|p1a: Raging Bolt|84/100 tox|[from] item: Life Orb
|
|-heal|p2a: Hydreigon|82/100|[from] item: Leftovers
|-damage|p1a: Raging Bolt|72/100 tox|[from] psn
|upkeep
|turn|5
|
|t:|1758257208
|-end|p1a: Raging Bolt|Protosynthesis|[silent]
|switch|p1a: Cinderace|Cinderace, F|100/100
|move|p2a: Hydreigon|Draco Meteor|p1a: Cinderace
|-damage|p1a: Cinderace|27/100
|-unboost|p2a: Hydreigon|spa|2
|
|-heal|p2a: Hydreigon|88/100|[from] item: Leftovers
|upkeep
|turn|6
|
|t:|1758257219
|move|p1a: Cinderace|Court Change|p1a: Cinderace
|-swapsideconditions
|-activate|p1a: Cinderace|move: Court Change
|move|p2a: Hydreigon|Dark Pulse|p1a: Cinderace
|-damage|p1a: Cinderace|4/100
|
|-heal|p2a: Hydreigon|94/100|[from] item: Leftovers
|upkeep
|turn|7
|
|t:|1758257228
|switch|p2a: Landorus|Landorus-Therian, M|100/100
|-ability|p2a: Landorus|Intimidate|boost
|-unboost|p1a: Cinderace|atk|1
|move|p1a: Cinderace|U-turn|p2a: Landorus
|-resisted|p2a: Landorus
|-damage|p2a: Landorus|93/100
|
|t:|1758257231
|switch|p1a: Walking Wake|Walking Wake|100/100|[from] U-turn
|
|-heal|p2a: Landorus|99/100|[from] item: Leftovers
|upkeep
|turn|8
|inactive|2 beserk has 120 seconds left.
|
|t:|1758257263
|switch|p2a: Hydreigon|Hydreigon, F|94/100
|move|p1a: Walking Wake|Scald|p2a: Hydreigon
|-resisted|p2a: Hydreigon
|-damage|p2a: Hydreigon|61/100
|
|-heal|p2a: Hydreigon|67/100|[from] item: Leftovers
|upkeep
|turn|9
|inactive|2 beserk has 120 seconds left.
|
|t:|1758257283
|-end|p1a: Walking Wake|Protosynthesis|[silent]
|switch|p1a: Landorus|Landorus-Therian, M|38/100 psn
|-ability|p1a: Landorus|Intimidate|boost
|-unboost|p2a: Hydreigon|atk|1
|-terastallize|p2a: Hydreigon|Fairy
|move|p2a: Hydreigon|Draco Meteor|p1a: Landorus
|-damage|p1a: Landorus|0 fnt
|-unboost|p2a: Hydreigon|spa|2
|faint|p1a: Landorus
|
|-heal|p2a: Hydreigon|73/100|[from] item: Leftovers
|upkeep
|
|t:|1758257294
|switch|p1a: Ninetales|Ninetales, M|100/100
|-weather|SunnyDay|[from] ability: Drought|[of] p1a: Ninetales
|turn|10
|
|t:|1758257304
|switch|p2a: Samurott|Samurott-Hisui, M|100/100
|-status|p2a: Samurott|tox
|move|p1a: Ninetales|Overheat|p2a: Samurott
|-resisted|p2a: Samurott
|-damage|p2a: Samurott|66/100 tox
|-unboost|p1a: Ninetales|spa|2
|-enditem|p1a: Ninetales|Eject Pack
|
|t:|1758257307
|switch|p1a: Walking Wake|Walking Wake|100/100
|-activate|p1a: Walking Wake|ability: Protosynthesis
|-start|p1a: Walking Wake|protosynthesisspe
|
|-weather|SunnyDay|[upkeep]
|-damage|p2a: Samurott|60/100 tox|[from] psn
|upkeep
|turn|11
|
|t:|1758257320
|move|p2a: Samurott|Sucker Punch|p1a: Walking Wake
|-damage|p1a: Walking Wake|59/100
|move|p1a: Walking Wake|Hydro Steam|p2a: Samurott
|-resisted|p2a: Samurott
|-damage|p2a: Samurott|14/100 tox
|
|-weather|SunnyDay|[upkeep]
|-damage|p2a: Samurott|1/100 tox|[from] psn
|upkeep
|turn|12
|
|t:|1758257329
|move|p2a: Samurott|Sucker Punch|p1a: Walking Wake
|-damage|p1a: Walking Wake|24/100
|move|p1a: Walking Wake|Hydro Steam|p2a: Samurott
|-resisted|p2a: Samurott
|-damage|p2a: Samurott|0 fnt
|faint|p2a: Samurott
|
|-weather|SunnyDay|[upkeep]
|upkeep
|
|t:|1758257340
|switch|p2a: Iron Valiant|Iron Valiant|100/100
|-status|p2a: Iron Valiant|tox
|-enditem|p2a: Iron Valiant|Booster Energy
|-activate|p2a: Iron Valiant|ability: Quark Drive|[fromitem]
|-start|p2a: Iron Valiant|quarkdrivespe
|turn|13
|
|t:|1758257351
|-end|p1a: Walking Wake|Protosynthesis|[silent]
|switch|p1a: Cinderace|Cinderace, F|4/100
|move|p2a: Iron Valiant|Shadow Ball|p1a: Cinderace
|-damage|p1a: Cinderace|0 fnt
|faint|p1a: Cinderace
|
|-weather|SunnyDay|[upkeep]
|-damage|p2a: Iron Valiant|94/100 tox|[from] psn
|upkeep
|
|t:|1758257356
|switch|p1a: Ninetales|Ninetales, M|100/100
|turn|14
|
|t:|1758257371
|move|p2a: Iron Valiant|Close Combat|p1a: Ninetales
|-damage|p1a: Ninetales|28/100
|-unboost|p2a: Iron Valiant|def|1
|-unboost|p2a: Iron Valiant|spd|1
|move|p1a: Ninetales|Overheat|p2a: Iron Valiant
|-damage|p2a: Iron Valiant|0 fnt
|-unboost|p1a: Ninetales|spa|2
|faint|p2a: Iron Valiant
|-end|p2a: Iron Valiant|Quark Drive|[silent]
|
|-weather|none
|upkeep
|
|t:|1758257383
|switch|p2a: Hydreigon|Hydreigon, F, tera:Fairy|73/100
|turn|15
|
|t:|1758257390
|move|p1a: Ninetales|Healing Wish|p1a: Ninetales
|faint|p1a: Ninetales
|move|p2a: Hydreigon|Substitute|p2a: Hydreigon
|-start|p2a: Hydreigon|Substitute
|-damage|p2a: Hydreigon|49/100
|
|-heal|p2a: Hydreigon|55/100|[from] item: Leftovers
|upkeep
|
|t:|1758257394
|switch|p1a: Walking Wake|Walking Wake|24/100
|-heal|p1a: Walking Wake|100/100|[from] move: Healing Wish
|turn|16
|
|t:|1758257402
|move|p1a: Walking Wake|Scald|p2a: Hydreigon
|-end|p2a: Hydreigon|Substitute
|move|p2a: Hydreigon|Draco Meteor|p1a: Walking Wake
|-supereffective|p1a: Walking Wake
|-damage|p1a: Walking Wake|0 fnt
|-unboost|p2a: Hydreigon|spa|2
|faint|p1a: Walking Wake
|-end|p1a: Walking Wake|Protosynthesis|[silent]
|
|-heal|p2a: Hydreigon|61/100|[from] item: Leftovers
|upkeep
|
|t:|1758257407
|switch|p1a: Zamazenta|Zamazenta|100/100
|-ability|p1a: Zamazenta|Dauntless Shield|boost
|-boost|p1a: Zamazenta|def|1
|turn|17
|
|t:|1758257419
|switch|p2a: Landorus|Landorus-Therian, M|99/100
|-ability|p2a: Landorus|Intimidate|boost
|-unboost|p1a: Zamazenta|atk|1
|move|p1a: Zamazenta|Iron Defense|p1a: Zamazenta
|-boost|p1a: Zamazenta|def|2
|
|-heal|p2a: Landorus|100/100|[from] item: Leftovers
|upkeep
|turn|18
|
|t:|1758257429
|move|p1a: Zamazenta|Iron Defense|p1a: Zamazenta
|-boost|p1a: Zamazenta|def|2
|move|p2a: Landorus|Taunt|p1a: Zamazenta
|-start|p1a: Zamazenta|move: Taunt
|
|upkeep
|turn|19
|
|t:|1758257436
|move|p1a: Zamazenta|Body Press|p2a: Landorus
|-resisted|p2a: Landorus
|-damage|p2a: Landorus|14/100
|move|p2a: Landorus|U-turn|p1a: Zamazenta
|-resisted|p1a: Zamazenta
|-damage|p1a: Zamazenta|98/100
|
|t:|1758257443
|switch|p2a: Hydreigon|Hydreigon, F, tera:Fairy|61/100|[from] U-turn
|
|-heal|p2a: Hydreigon|67/100|[from] item: Leftovers
|upkeep
|turn|20
|
|t:|1758257452
|move|p1a: Zamazenta|Body Press|p2a: Hydreigon
|-resisted|p2a: Hydreigon
|-damage|p2a: Hydreigon|0 fnt
|faint|p2a: Hydreigon
|
|upkeep
|-message|2 beserk forfeited.
|
|win|yfwm
|raw|yfwm's rating: 1306 &rarr; <strong>1326</strong><br />(+20 for winning)
|raw|2 beserk's rating: 1299 &rarr; <strong>1275</strong><br />(-24 for losing)
|l|☆2 beserk
|player|p2|
|l|☆yfwm
|player|p1|
