|j|☆crombookacount_1
|j|☆cYlIKJw7x137raj7
|t:|1758300941
|gametype|singles
|player|p1|crombookacount_1|ninjaboy|1043
|player|p2|cYlIKJw7x137raj7|101|1000
|gen|9
|tier|[Gen 9] OU
|rated|
|rule|HP Percentage Mod: HP is shown in percentages
|rule|Endless Battle Clause: Forcing endless battles is banned
|rule|Species Clause: Limit one of each Pokémon
|rule|OHKO Clause: OHKO moves are banned
|rule|Evasion Items Clause: Evasion items are banned
|rule|Evasion Moves Clause: Evasion moves are banned
|rule|Evasion Abilities Clause: Evasion abilities are banned
|rule|Sleep Moves Clause: Sleep-inducing moves are banned
|clearpoke
|poke|p1|Eiscue, M|
|poke|p1|Minior-Blue|
|poke|p1|Mamoswine, M|
|poke|p1|Darkrai|
|poke|p1|Appletun, M|
|poke|p1|Venomoth, M|
|poke|p2|Iron Crown|
|poke|p2|Meowscarada, M|
|poke|p2|Great Tusk|
|poke|p2|Pecharunt|
|poke|p2|Ting-Lu|
|poke|p2|Iron Valiant|
|teampreview
|inactive|Battle timer is ON: inactive players will automatically lose when time's up. (requested by cYlIKJw7x137raj7)
|
|t:|1758300948
|teamsize|p1|6
|teamsize|p2|6
|start
|switch|p1a: Venomoth|Venomoth, M|100/100
|switch|p2a: Iron Crown|Iron Crown|100/100
|turn|1
|
|t:|1758300954
|move|p2a: Iron Crown|Tachyon Cutter|p1a: Venomoth
|-damage|p1a: Venomoth|46/100
|-damage|p1a: Venomoth|0 fnt
|faint|p1a: Venomoth
|-hitcount|p1: Venomoth|2
|
|upkeep
|
|t:|1758300961
|switch|p1a: Mamoswine|Mamoswine, M|100/100
|turn|2
|
|t:|1758300965
|move|p2a: Iron Crown|Tachyon Cutter|p1a: Mamoswine
|-supereffective|p1a: Mamoswine
|-enditem|p1a: Mamoswine|Focus Sash
|-damage|p1a: Mamoswine|1/100
|-supereffective|p1a: Mamoswine
|-damage|p1a: Mamoswine|0 fnt
|faint|p1a: Mamoswine
|-hitcount|p1: Mamoswine|2
|
|upkeep
|
|t:|1758300976
|switch|p1a: Eiscue|Eiscue, M|100/100
|turn|3
|
|t:|1758300988
|-terastallize|p1a: Eiscue|Rock
|move|p2a: Iron Crown|Tachyon Cutter|p1a: Eiscue
|-supereffective|p1a: Eiscue
|-damage|p1a: Eiscue|4/100
|-supereffective|p1a: Eiscue
|-damage|p1a: Eiscue|0 fnt
|faint|p1a: Eiscue
|-hitcount|p1: Eiscue|2
|
|upkeep
|
|t:|1758300996
|switch|p1a: Minior|Minior-Blue|100/100
|-formechange|p1a: Minior|Minior-Meteor||[from] ability: Shields Down
|turn|4
|
|t:|1758301007
|move|p2a: Iron Crown|Tachyon Cutter|p1a: Minior
|-supereffective|p1a: Minior
|-damage|p1a: Minior|0 fnt
|faint|p1a: Minior
|-hitcount|p1: Minior|1
|
|upkeep
|
|t:|1758301012
|switch|p1a: Darkrai|Darkrai|100/100
|turn|5
|
|t:|1758301019
|-end|p2a: Iron Crown|Quark Drive|[silent]
|switch|p2a: Ting-Lu|Ting-Lu|100/100
|-ability|p2a: Ting-Lu|Vessel of Ruin
|move|p1a: Darkrai|Dark Pulse|p2a: Ting-Lu
|-resisted|p2a: Ting-Lu
|-damage|p2a: Ting-Lu|87/100
|
|-heal|p2a: Ting-Lu|93/100|[from] item: Leftovers
|upkeep
|turn|6
|
|t:|1758301029
|switch|p1a: Appletun|Appletun, M, shiny|100/100
|move|p2a: Ting-Lu|Ruination|p1a: Appletun|[miss]
|-miss|p2a: Ting-Lu|p1a: Appletun
|
|-heal|p2a: Ting-Lu|99/100|[from] item: Leftovers
|upkeep
|turn|7
|
|t:|1758301038
|switch|p2a: Meowscarada|Meowscarada, M|100/100
|move|p1a: Appletun|Apple Acid|p2a: Meowscarada
|-resisted|p2a: Meowscarada
|-damage|p2a: Meowscarada|76/100
|-unboost|p2a: Meowscarada|spd|1
|
|upkeep
|turn|8
|
|t:|1758301046
|move|p2a: Meowscarada|U-turn|p1a: Appletun
|-start|p2a: Meowscarada|typechange|Bug|[from] ability: Protean
|-supereffective|p1a: Appletun
|-damage|p1a: Appletun|0 fnt
|faint|p1a: Appletun
|
|t:|1758301054
|switch|p2a: Iron Valiant|Iron Valiant|100/100|[from] U-turn
|-enditem|p2a: Iron Valiant|Booster Energy
|-activate|p2a: Iron Valiant|ability: Quark Drive|[fromitem]
|-start|p2a: Iron Valiant|quarkdrivespe
|
|upkeep
|
|t:|1758301061
|switch|p1a: Darkrai|Darkrai|100/100
|turn|9
|
|t:|1758301065
|-terastallize|p2a: Iron Valiant|Fairy
|move|p2a: Iron Valiant|Moonblast|p1a: Darkrai
|-supereffective|p1a: Darkrai
|-damage|p1a: Darkrai|0 fnt
|faint|p1a: Darkrai
|
|win|cYlIKJw7x137raj7
|raw|crombookacount_1's rating: 1043 &rarr; <strong>1025</strong><br />(-18 for losing)
|raw|cYlIKJw7x137raj7's rating: 1000 &rarr; <strong>1045</strong><br />(+45 for winning)
|l|☆crombookacount_1
|player|p1|
