|j|☆Pyramid of Bones
|j|☆manambintsoa
|t:|1758300797
|gametype|singles
|player|p1|Pyramid of Bones|lusamine-nihilego|1461
|player|p2|manambintsoa|burglar|1491
|gen|9
|tier|[Gen 9] OU
|rated|
|rule|HP Percentage Mod: HP is shown in percentages
|rule|Endless Battle Clause: Forcing endless battles is banned
|rule|Species Clause: Limit one of each Pokémon
|rule|OHKO Clause: OHKO moves are banned
|rule|Evasion Items Clause: Evasion items are banned
|rule|Evasion Moves Clause: Evasion moves are banned
|rule|Evasion Abilities Clause: Evasion abilities are banned
|rule|Sleep Moves Clause: Sleep-inducing moves are banned
|clearpoke
|poke|p1|Pelipper, F|
|poke|p1|Iron Treads|
|poke|p1|Hatterene, F|
|poke|p1|Toxicroak, F|
|poke|p1|Barraskewda, F|
|poke|p1|Zapdos|
|poke|p2|Zapdos|
|poke|p2|Slowking-Galar, F|
|poke|p2|Dragonite, M|
|poke|p2|Samurott-Hisui, F|
|poke|p2|Iron Treads|
|poke|p2|Tauros-Paldea-Aqua, M|
|teampreview
|
|t:|1758300806
|teamsize|p1|6
|teamsize|p2|6
|start
|switch|p1a: Pelipper|Pelipper, F|100/100
|switch|p2a: Zapdos|Zapdos|100/100
|-weather|RainDance|[from] ability: Drizzle|[of] p1a: Pelipper
|turn|1
|
|t:|1758300814
|switch|p1a: Iron Treads|Iron Treads|100/100
|move|p2a: Zapdos|Hurricane|p1a: Iron Treads
|-resisted|p1a: Iron Treads
|-damage|p1a: Iron Treads|82/100
|
|-weather|RainDance|[upkeep]
|-heal|p1a: Iron Treads|89/100|[from] item: Leftovers
|upkeep
|turn|2
|
|t:|1758300822
|move|p2a: Zapdos|U-turn|p1a: Iron Treads
|-resisted|p1a: Iron Treads
|-damage|p1a: Iron Treads|84/100
|
|t:|1758300835
|switch|p2a: Iron Treads|Iron Treads|100/100|[from] U-turn
|move|p1a: Iron Treads|Stealth Rock|p2a: Iron Treads
|-sidestart|p2: manambintsoa|move: Stealth Rock
|
|-weather|RainDance|[upkeep]
|-heal|p1a: Iron Treads|90/100|[from] item: Leftovers
|upkeep
|turn|3
|l|☆manambintsoa
|player|p2|
|inactive|Battle timer is ON: inactive players will automatically lose when time's up. (requested by Pyramid of Bones)
|inactive|manambintsoa has 30 seconds to reconnect!
|j|☆manambintsoa
|inactive|manambintsoa reconnected and has 115 seconds left.
|player|p2|manambintsoa|burglar|
|
|t:|1758300901
|-end|p1a: Iron Treads|Quark Drive|[silent]
|switch|p1a: Barraskewda|Barraskewda, F|100/100
|move|p2a: Iron Treads|Earthquake|p1a: Barraskewda
|-damage|p1a: Barraskewda|30/100
|
|-weather|RainDance|[upkeep]
|upkeep
|turn|4
|inactive|Pyramid of Bones has 120 seconds left.
|l|☆manambintsoa
|inactive|manambintsoa disconnected and has a minute to reconnect!
|player|p2|
|
|t:|1758300939
|-end|p2a: Iron Treads|Quark Drive|[silent]
|switch|p2a: Tauros|Tauros-Paldea-Aqua, M|100/100
|-damage|p2a: Tauros|94/100|[from] Stealth Rock
|-ability|p2a: Tauros|Intimidate|boost
|-unboost|p1a: Barraskewda|atk|1
|move|p1a: Barraskewda|Flip Turn|p2a: Tauros
|-resisted|p2a: Tauros
|-damage|p2a: Tauros|76/100
|j|☆manambintsoa
|inactive|manambintsoa reconnected.
|player|p2|manambintsoa|burglar|
|
|t:|1758300952
|switch|p1a: Zapdos|Zapdos|100/100|[from] Flip Turn
|
|-weather|RainDance|[upkeep]
|-heal|p2a: Tauros|82/100|[from] item: Leftovers
|upkeep
|turn|5
|
|t:|1758300965
|switch|p2a: Iron Treads|Iron Treads|100/100
|-damage|p2a: Iron Treads|97/100|[from] Stealth Rock
|move|p1a: Zapdos|Weather Ball|p2a: Iron Treads
|-supereffective|p2a: Iron Treads
|-damage|p2a: Iron Treads|0 fnt
|faint|p2a: Iron Treads
|-end|p2a: Iron Treads|Quark Drive|[silent]
|
|-weather|RainDance|[upkeep]
|upkeep
|
|t:|1758300982
|switch|p2a: Slowking|Slowking-Galar, F|100/100
|-damage|p2a: Slowking|88/100|[from] Stealth Rock
|turn|6
|inactive|Pyramid of Bones has 120 seconds left.
|
|t:|1758300996
|switch|p1a: Iron Treads|Iron Treads|90/100
|move|p2a: Slowking|Sludge Bomb|p1a: Iron Treads
|-immune|p1a: Iron Treads
|
|-weather|RainDance|[upkeep]
|-heal|p1a: Iron Treads|96/100|[from] item: Leftovers
|upkeep
|turn|7
|
|t:|1758301009
|switch|p2a: Tauros|Tauros-Paldea-Aqua, M|82/100
|-damage|p2a: Tauros|76/100|[from] Stealth Rock
|-ability|p2a: Tauros|Intimidate|boost
|-unboost|p1a: Iron Treads|atk|1
|move|p1a: Iron Treads|Volt Switch|p2a: Tauros
|-supereffective|p2a: Tauros
|-damage|p2a: Tauros|44/100
|inactive|Pyramid of Bones has 120 seconds left.
|
|t:|1758301020
|-end|p1a: Iron Treads|Quark Drive|[silent]
|switch|p1a: Zapdos|Zapdos|100/100|[from] Volt Switch
|
|-weather|RainDance|[upkeep]
|-heal|p2a: Tauros|50/100|[from] item: Leftovers
|upkeep
|turn|8
|
|t:|1758301026
|move|p1a: Zapdos|Volt Switch|p2a: Tauros
|-supereffective|p2a: Tauros
|-damage|p2a: Tauros|0 fnt
|faint|p2a: Tauros
|inactive|Pyramid of Bones has 120 seconds left.
|
|t:|1758301045
|switch|p1a: Barraskewda|Barraskewda, F|30/100|[from] Volt Switch
|
|-weather|none
|upkeep
|
|t:|1758301062
|switch|p2a: Dragonite|Dragonite, M|100/100
|turn|9
|
|t:|1758301075
|switch|p1a: Toxicroak|Toxicroak, F|100/100
|move|p2a: Dragonite|Dragon Dance|p2a: Dragonite
|-boost|p2a: Dragonite|atk|1
|-boost|p2a: Dragonite|spe|1
|
|upkeep
|turn|10
|
|t:|1758301083
|move|p2a: Dragonite|Earthquake|p1a: Toxicroak
|-supereffective|p1a: Toxicroak
|-damage|p1a: Toxicroak|0 fnt
|faint|p1a: Toxicroak
|
|upkeep
|
|t:|1758301091
|switch|p1a: Pelipper|Pelipper, F|100/100
|-weather|RainDance|[from] ability: Drizzle|[of] p1a: Pelipper
|turn|11
|
|t:|1758301101
|move|p2a: Dragonite|Dragon Dance|p2a: Dragonite
|-boost|p2a: Dragonite|atk|1
|-boost|p2a: Dragonite|spe|1
|move|p1a: Pelipper|Hurricane|p2a: Dragonite
|-damage|p2a: Dragonite|81/100
|-start|p2a: Dragonite|confusion
|
|-weather|RainDance|[upkeep]
|upkeep
|turn|12
|
|t:|1758301117
|-activate|p2a: Dragonite|confusion
|-damage|p2a: Dragonite|48/100|[from] confusion
|move|p1a: Pelipper|Hurricane|p2a: Dragonite
|-damage|p2a: Dragonite|13/100
|
|-weather|RainDance|[upkeep]
|upkeep
|turn|13
|
|t:|1758301123
|-end|p2a: Dragonite|confusion
|move|p2a: Dragonite|Extreme Speed|p1a: Pelipper
|-damage|p1a: Pelipper|36/100
|move|p1a: Pelipper|Hurricane|p2a: Dragonite
|-damage|p2a: Dragonite|0 fnt
|faint|p2a: Dragonite
|
|-weather|RainDance|[upkeep]
|upkeep
|
|t:|1758301130
|switch|p2a: Samurott|Samurott-Hisui, F, shiny|100/100
|-damage|p2a: Samurott|88/100|[from] Stealth Rock
|turn|14
|
|t:|1758301137
|switch|p1a: Hatterene|Hatterene, F|100/100
|move|p2a: Samurott|Ceaseless Edge|p1a: Hatterene
|-crit|p1a: Hatterene
|-damage|p1a: Hatterene|45/100
|-sidestart|p1: Pyramid of Bones|Spikes
|-enditem|p1a: Hatterene|Eject Button
|
|t:|1758301146
|switch|p1a: Zapdos|Zapdos|100/100
|
|-weather|RainDance|[upkeep]
|upkeep
|turn|15
|
|t:|1758301156
|switch|p2a: Slowking|Slowking-Galar, F|100/100
|-damage|p2a: Slowking|88/100|[from] Stealth Rock
|move|p1a: Zapdos|Thunder|p2a: Slowking
|-damage|p2a: Slowking|43/100
|
|-weather|RainDance|[upkeep]
|upkeep
|turn|16
|
|t:|1758301167
|-terastallize|p1a: Zapdos|Electric
|move|p1a: Zapdos|Thunder|p2a: Slowking
|-damage|p2a: Slowking|0 fnt
|faint|p2a: Slowking
|
|-weather|RainDance|[upkeep]
|upkeep
|
|t:|1758301176
|switch|p2a: Samurott|Samurott-Hisui, F, shiny|88/100
|-damage|p2a: Samurott|76/100|[from] Stealth Rock
|turn|17
|-message|manambintsoa forfeited.
|
|win|Pyramid of Bones
|raw|Pyramid of Bones's rating: 1461 &rarr; <strong>1483</strong><br />(+22 for winning)
|raw|manambintsoa's rating: 1491 &rarr; <strong>1469</strong><br />(-22 for losing)
|l|☆manambintsoa
|player|p2|
|l|☆Pyramid of Bones
|player|p1|
