|j|☆mb bra bra
|j|☆macaronauxcitrons
|t:|1758371472
|gametype|singles
|player|p1|mb bra bra|170|1427
|player|p2|macaronauxcitrons|baker|1456
|gen|9
|tier|[Gen 9] OU
|rated|
|rule|HP Percentage Mod: HP is shown in percentages
|rule|Endless Battle Clause: Forcing endless battles is banned
|rule|Species Clause: Limit one of each Pokémon
|rule|OHKO Clause: OHKO moves are banned
|rule|Evasion Items Clause: Evasion items are banned
|rule|Evasion Moves Clause: Evasion moves are banned
|rule|Evasion Abilities Clause: Evasion abilities are banned
|rule|Sleep Moves Clause: Sleep-inducing moves are banned
|clearpoke
|poke|p1|Kingambit, M|
|poke|p1|Meowscarada, M|
|poke|p1|Iron Crown|
|poke|p1|Porygon2|
|poke|p1|Great Tusk|
|poke|p1|Pecharunt|
|poke|p2|Blissey, F|
|poke|p2|Toxapex, F|
|poke|p2|Sinistcha|
|poke|p2|Gliscor, M|
|poke|p2|Corviknight, F|
|poke|p2|Forretress, M|
|teampreview
|inactive|Battle timer is ON: inactive players will automatically lose when time's up. (requested by mb bra bra)
|
|t:|1758371483
|teamsize|p1|6
|teamsize|p2|6
|start
|switch|p1a: Pecharunt|Pecharunt|100/100
|switch|p2a: Forretress|Forretress, M|100/100
|turn|1
|
|t:|1758371488
|switch|p1a: Iron Crown|Iron Crown|100/100
|move|p2a: Forretress|Spikes|p1a: Iron Crown
|-sidestart|p1: mb bra bra|Spikes
|
|upkeep
|turn|2
|
|t:|1758371493
|move|p1a: Iron Crown|Future Sight|p2a: Forretress
|-start|p1a: Iron Crown|move: Future Sight
|move|p2a: Forretress|Spikes|p1a: Iron Crown
|-sidestart|p1: mb bra bra|Spikes
|
|upkeep
|turn|3
|
|t:|1758371504
|switch|p2a: Gliscor|Gliscor, M|100/100
|move|p1a: Iron Crown|Psychic Noise|p2a: Gliscor
|-damage|p2a: Gliscor|63/100
|-start|p2a: Gliscor|move: Heal Block
|
|-status|p2a: Gliscor|tox|[from] item: Toxic Orb
|upkeep
|turn|4
|
|t:|1758371513
|move|p2a: Gliscor|Protect|p2a: Gliscor
|-singleturn|p2a: Gliscor|Protect
|move|p1a: Iron Crown|Tachyon Cutter|p2a: Gliscor
|-activate|p2a: Gliscor|move: Protect
|
|-end|p2a: Gliscor|move: Future Sight
|-damage|p2a: Gliscor|3/100 tox
|-end|p2a: Gliscor|move: Heal Block
|upkeep
|turn|5
|
|t:|1758371526
|switch|p2a: Blissey|Blissey, F|100/100
|move|p1a: Iron Crown|Psychic Noise|p2a: Blissey
|-damage|p2a: Blissey|88/100
|-start|p2a: Blissey|move: Heal Block
|
|upkeep
|turn|6
|
|t:|1758371535
|move|p1a: Iron Crown|Volt Switch|p2a: Blissey
|-damage|p2a: Blissey|82/100
|
|t:|1758371538
|-end|p1a: Iron Crown|Quark Drive|[silent]
|switch|p1a: Pecharunt|Pecharunt|100/100|[from] Volt Switch
|move|p2a: Blissey|Calm Mind|p2a: Blissey
|-boost|p2a: Blissey|spa|1
|-boost|p2a: Blissey|spd|1
|
|-end|p2a: Blissey|move: Heal Block
|upkeep
|turn|7
|
|t:|1758371549
|move|p1a: Pecharunt|Toxic|p2a: Blissey
|-status|p2a: Blissey|tox
|-start|p2a: Blissey|confusion|[from] ability: Poison Puppeteer|[of] p1a: Pecharunt
|-activate|p2a: Blissey|confusion
|move|p2a: Blissey|Shadow Ball|p1a: Pecharunt
|-supereffective|p1a: Pecharunt
|-damage|p1a: Pecharunt|56/100
|
|-damage|p2a: Blissey|75/100 tox|[from] psn
|upkeep
|turn|8
|
|t:|1758371560
|-curestatus|p2a: Blissey|tox|[from] ability: Natural Cure
|switch|p2a: Toxapex|Toxapex, F|100/100
|move|p1a: Pecharunt|Recover|p1a: Pecharunt
|-heal|p1a: Pecharunt|100/100
|
|upkeep
|turn|9
|
|t:|1758371566
|switch|p1a: Great Tusk|Great Tusk|100/100
|move|p2a: Toxapex|Toxic Spikes|p1a: Great Tusk
|-sidestart|p1: mb bra bra|move: Toxic Spikes
|
|upkeep
|turn|10
|
|t:|1758371575
|switch|p2a: Sinistcha|Sinistcha|100/100
|move|p1a: Great Tusk|Knock Off|p2a: Sinistcha
|-supereffective|p2a: Sinistcha
|-damage|p2a: Sinistcha|57/100
|-enditem|p2a: Sinistcha|Heavy-Duty Boots|[from] move: Knock Off|[of] p1a: Great Tusk
|
|upkeep
|turn|11
|
|t:|1758371583
|move|p1a: Great Tusk|Ice Spinner|p2a: Sinistcha
|-supereffective|p2a: Sinistcha
|-damage|p2a: Sinistcha|25/100
|move|p2a: Sinistcha|Strength Sap|p1a: Great Tusk
|-unboost|p1a: Great Tusk|atk|1
|-heal|p2a: Sinistcha|100/100
|
|upkeep
|turn|12
|
|t:|1758371593
|-end|p1a: Great Tusk|Protosynthesis|[silent]
|switch|p1a: Pecharunt|Pecharunt|100/100
|-sideend|p1: mb bra bra|move: Toxic Spikes|[of] p1a: Pecharunt
|move|p2a: Sinistcha|Matcha Gotcha|p1a: Pecharunt
|-resisted|p1a: Pecharunt
|-damage|p1a: Pecharunt|85/100
|
|upkeep
|turn|13
|
|t:|1758371602
|switch|p2a: Blissey|Blissey, F|75/100
|move|p1a: Pecharunt|Toxic|p2a: Blissey
|-status|p2a: Blissey|tox
|-start|p2a: Blissey|confusion|[from] ability: Poison Puppeteer|[of] p1a: Pecharunt
|
|-damage|p2a: Blissey|69/100 tox|[from] psn
|upkeep
|turn|14
|
|t:|1758371607
|switch|p1a: Great Tusk|Great Tusk|100/100
|-curestatus|p2a: Blissey|tox|[from] ability: Natural Cure
|switch|p2a: Forretress|Forretress, M|100/100
|
|upkeep
|turn|15
|
|t:|1758371614
|switch|p2a: Sinistcha|Sinistcha|100/100
|move|p1a: Great Tusk|Knock Off|p2a: Sinistcha
|-supereffective|p2a: Sinistcha
|-damage|p2a: Sinistcha|74/100
|
|upkeep
|turn|16
|
|t:|1758371625
|-end|p1a: Great Tusk|Protosynthesis|[silent]
|switch|p1a: Porygon2|Porygon2|100/100
|-damage|p1a: Porygon2|84/100|[from] Spikes
|-ability|p1a: Porygon2|Download|boost
|-boost|p1a: Porygon2|spa|1
|move|p2a: Sinistcha|Hex|p1a: Porygon2
|-immune|p1a: Porygon2
|
|upkeep
|turn|17
|
|t:|1758371629
|switch|p2a: Toxapex|Toxapex, F|100/100
|move|p1a: Porygon2|Thunder Wave|p2a: Toxapex
|-status|p2a: Toxapex|par
|
|upkeep
|turn|18
|
|t:|1758371635
|-terastallize|p1a: Porygon2|Ground
|move|p1a: Porygon2|Tera Blast|p2a: Toxapex|[anim] Tera Blast Ground
|-supereffective|p2a: Toxapex
|-damage|p2a: Toxapex|41/100 par
|move|p2a: Toxapex|Toxic|p1a: Porygon2
|-status|p1a: Porygon2|tox
|
|-damage|p1a: Porygon2|78/100 tox|[from] psn
|upkeep
|turn|19
|
|t:|1758371644
|switch|p1a: Pecharunt|Pecharunt|85/100
|switch|p2a: Blissey|Blissey, F|69/100
|
|upkeep
|turn|20
|
|t:|1758371651
|switch|p2a: Gliscor|Gliscor, M|3/100 tox
|move|p1a: Pecharunt|Toxic|p2a: Gliscor
|-fail|p2a: Gliscor|tox
|
|-heal|p2a: Gliscor|16/100 tox|[from] ability: Poison Heal
|upkeep
|turn|21
|
|t:|1758371658
|move|p2a: Gliscor|Protect|p2a: Gliscor
|-singleturn|p2a: Gliscor|Protect
|move|p1a: Pecharunt|Hex|p2a: Gliscor
|-activate|p2a: Gliscor|move: Protect
|
|-heal|p2a: Gliscor|28/100 tox|[from] ability: Poison Heal
|upkeep
|turn|22
|
|t:|1758371667
|switch|p2a: Blissey|Blissey, F|69/100
|move|p1a: Pecharunt|Toxic|p2a: Blissey
|-status|p2a: Blissey|tox
|-start|p2a: Blissey|confusion|[from] ability: Poison Puppeteer|[of] p1a: Pecharunt
|
|-damage|p2a: Blissey|63/100 tox|[from] psn
|upkeep
|turn|23
|
|t:|1758371673
|-curestatus|p2a: Blissey|tox|[from] ability: Natural Cure
|switch|p2a: Toxapex|Toxapex, F|74/100 par
|move|p1a: Pecharunt|Malignant Chain|p2a: Toxapex
|-resisted|p2a: Toxapex
|-damage|p2a: Toxapex|64/100 par
|
|upkeep
|turn|24
|
|t:|1758371684
|move|p1a: Pecharunt|Hex|p2a: Toxapex
|-damage|p2a: Toxapex|39/100 par
|move|p2a: Toxapex|Toxic Spikes|p1a: Pecharunt
|-sidestart|p1: mb bra bra|move: Toxic Spikes
|
|upkeep
|turn|25
|
|t:|1758371691
|switch|p2a: Forretress|Forretress, M|100/100
|move|p1a: Pecharunt|Hex|p2a: Forretress
|-damage|p2a: Forretress|73/100
|
|upkeep
|turn|26
|
|t:|1758371698
|move|p1a: Pecharunt|Hex|p2a: Forretress
|-damage|p2a: Forretress|41/100
|move|p2a: Forretress|Thunder Wave|p1a: Pecharunt|[miss]
|-miss|p2a: Forretress|p1a: Pecharunt
|
|upkeep
|turn|27
|
|t:|1758371705
|switch|p2a: Blissey|Blissey, F|63/100
|move|p1a: Pecharunt|Hex|p2a: Blissey
|-immune|p2a: Blissey
|
|upkeep
|turn|28
|
|t:|1758371711
|move|p1a: Pecharunt|Malignant Chain|p2a: Blissey
|-damage|p2a: Blissey|54/100
|move|p2a: Blissey|Soft-Boiled|p2a: Blissey
|-heal|p2a: Blissey|100/100
|
|upkeep
|turn|29
|
|t:|1758371723
|switch|p2a: Corviknight|Corviknight, F|100/100
|-ability|p2a: Corviknight|Pressure
|move|p1a: Pecharunt|Malignant Chain|p2a: Corviknight
|-immune|p2a: Corviknight
|
|upkeep
|turn|30
|
|t:|1758371736
|switch|p2a: Blissey|Blissey, F|100/100
|switch|p1a: Iron Crown|Iron Crown|100/100
|-damage|p1a: Iron Crown|84/100|[from] Spikes
|
|upkeep
|turn|31
|inactive|macaronauxcitrons has 120 seconds left.
|
|t:|1758371789
|move|p1a: Iron Crown|Future Sight|p2a: Blissey
|-start|p1a: Iron Crown|move: Future Sight
|move|p2a: Blissey|Seismic Toss|p1a: Iron Crown
|-damage|p1a: Iron Crown|53/100
|
|upkeep
|turn|32
|
|t:|1758371796
|-end|p1a: Iron Crown|Quark Drive|[silent]
|switch|p1a: Kingambit|Kingambit, M|100/100
|switch|p2a: Forretress|Forretress, M|41/100
|
|upkeep
|turn|33
|
|t:|1758371801
|move|p1a: Kingambit|Kowtow Cleave|p2a: Forretress
|-damage|p2a: Forretress|11/100
|move|p2a: Forretress|Body Press|p1a: Kingambit
|-supereffective|p1a: Kingambit
|-damage|p1a: Kingambit|5/100
|
|-end|p2a: Forretress|move: Future Sight
|-resisted|p2a: Forretress
|-damage|p2a: Forretress|0 fnt
|faint|p2a: Forretress
|upkeep
|-message|mb bra bra forfeited.
|
|win|macaronauxcitrons
|raw|mb bra bra's rating: 1427 &rarr; <strong>1409</strong><br />(-18 for losing)
|raw|macaronauxcitrons's rating: 1456 &rarr; <strong>1474</strong><br />(+18 for winning)
|l|☆mb bra bra
|player|p1|
