|j|☆peakmindset
|j|☆HatedWitch
|t:|1758293900
|gametype|singles
|player|p1|peakmindset|byron|1598
|player|p2|HatedWitch|lass|1580
|gen|9
|tier|[Gen 9] OU
|rated|
|rule|HP Percentage Mod: HP is shown in percentages
|rule|Endless Battle Clause: Forcing endless battles is banned
|rule|Species Clause: Limit one of each Pokémon
|rule|OHKO Clause: OHKO moves are banned
|rule|Evasion Items Clause: Evasion items are banned
|rule|Evasion Moves Clause: Evasion moves are banned
|rule|Evasion Abilities Clause: Evasion abilities are banned
|rule|Sleep Moves Clause: Sleep-inducing moves are banned
|clearpoke
|poke|p1|Pelipper, F|
|poke|p1|Hatterene, F|
|poke|p1|Iron Treads|
|poke|p1|Toxicroak, F|
|poke|p1|Barraskewda, F|
|poke|p1|Zapdos|
|poke|p2|Arcanine-Hisui, F|
|poke|p2|Ogerpon, F|
|poke|p2|Hatterene, F|
|poke|p2|Tornadus-Therian, M|
|poke|p2|Great Tusk|
|poke|p2|Gholdengo|
|teampreview
|j| Nikator98
|
|t:|1758293922
|teamsize|p1|6
|teamsize|p2|6
|start
|switch|p1a: Barraskewda|Barraskewda, F|100/100
|switch|p2a: Arcanine|Arcanine-Hisui, F|100/100
|turn|1
|
|t:|1758293930
|switch|p2a: Hatterene|Hatterene, F, shiny|100/100
|move|p1a: Barraskewda|Flip Turn|p2a: Hatterene
|-damage|p2a: Hatterene|59/100
|-damage|p1a: Barraskewda|84/100|[from] item: Rocky Helmet|[of] p2a: Hatterene
|
|t:|1758293932
|switch|p1a: Pelipper|Pelipper, F|100/100|[from] Flip Turn
|-weather|RainDance|[from] ability: Drizzle|[of] p1a: Pelipper
|
|-weather|RainDance|[upkeep]
|upkeep
|turn|2
|
|t:|1758293940
|move|p1a: Pelipper|Knock Off|p2a: Hatterene
|-damage|p2a: Hatterene|49/100
|-damage|p1a: Pelipper|84/100|[from] item: Rocky Helmet|[of] p2a: Hatterene
|-enditem|p2a: Hatterene|Rocky Helmet|[from] move: Knock Off|[of] p1a: Pelipper
|move|p2a: Hatterene|Nuzzle|p1a: Pelipper
|-supereffective|p1a: Pelipper
|-damage|p1a: Pelipper|67/100
|-status|p1a: Pelipper|par
|
|-weather|RainDance|[upkeep]
|upkeep
|turn|3
|
|t:|1758293948
|move|p2a: Hatterene|Draining Kiss|p1a: Pelipper
|-crit|p1a: Pelipper
|-damage|p1a: Pelipper|31/100 par
|-heal|p2a: Hatterene|76/100|[from] drain|[of] p1a: Pelipper
|move|p1a: Pelipper|U-turn|p2a: Hatterene
|-damage|p2a: Hatterene|68/100
|
|t:|1758293954
|switch|p1a: Barraskewda|Barraskewda, F|84/100|[from] U-turn
|
|-weather|RainDance|[upkeep]
|upkeep
|turn|4
|
|t:|1758293960
|move|p1a: Barraskewda|Liquidation|p2a: Hatterene
|-damage|p2a: Hatterene|0 fnt
|faint|p2a: Hatterene
|
|-weather|RainDance|[upkeep]
|upkeep
|
|t:|1758293972
|switch|p2a: Ogerpon|Ogerpon, F|100/100
|turn|5
|
|t:|1758293976
|switch|p1a: Toxicroak|Toxicroak, F|100/100
|-terastallize|p2a: Ogerpon|Grass
|detailschange|p2a: Ogerpon|Ogerpon-Teal-Tera, F, tera:Grass
|-ability|p2a: Ogerpon|Embody Aspect (Teal)|boost
|-boost|p2a: Ogerpon|spe|1
|move|p2a: Ogerpon|Ivy Cudgel|p1a: Toxicroak
|-resisted|p1a: Toxicroak
|-damage|p1a: Toxicroak|51/100
|
|-weather|RainDance|[upkeep]
|-heal|p1a: Toxicroak|63/100|[from] ability: Dry Skin
|upkeep
|turn|6
|
|t:|1758293996
|switch|p2a: Great Tusk|Great Tusk|100/100
|move|p1a: Toxicroak|Knock Off|p2a: Great Tusk
|-resisted|p2a: Great Tusk
|-damage|p2a: Great Tusk|92/100
|-enditem|p2a: Great Tusk|Heavy-Duty Boots|[from] move: Knock Off|[of] p1a: Toxicroak
|
|-weather|RainDance|[upkeep]
|-heal|p1a: Toxicroak|76/100|[from] ability: Dry Skin
|upkeep
|turn|7
|
|t:|1758294000
|switch|p1a: Hatterene|Hatterene, F|100/100
|move|p2a: Great Tusk|Stealth Rock|p1a: Hatterene
|move|p1a: Hatterene|Stealth Rock|p2a: Great Tusk|[from] ability: Magic Bounce
|-sidestart|p2: HatedWitch|move: Stealth Rock
|
|-weather|RainDance|[upkeep]
|upkeep
|turn|8
|inactive|Battle timer is ON: inactive players will automatically lose when time's up. (requested by HatedWitch)
|
|t:|1758294018
|switch|p1a: Zapdos|Zapdos|100/100
|move|p2a: Great Tusk|Rapid Spin|p1a: Zapdos
|-damage|p1a: Zapdos|81/100
|-boost|p2a: Great Tusk|spe|1
|-sideend|p2: HatedWitch|Stealth Rock|[from] move: Rapid Spin|[of] p2a: Great Tusk
|
|-weather|none
|upkeep
|turn|9
|
|t:|1758294028
|switch|p1a: Hatterene|Hatterene, F|100/100
|move|p2a: Great Tusk|Stealth Rock|p1a: Hatterene
|move|p1a: Hatterene|Stealth Rock|p2a: Great Tusk|[from] ability: Magic Bounce
|-sidestart|p2: HatedWitch|move: Stealth Rock
|
|upkeep
|turn|10
|
|t:|1758294031
|switch|p1a: Pelipper|Pelipper, F|31/100 par
|-weather|RainDance|[from] ability: Drizzle|[of] p1a: Pelipper
|move|p2a: Great Tusk|Rapid Spin|p1a: Pelipper
|-damage|p1a: Pelipper|13/100 par
|-boost|p2a: Great Tusk|spe|1
|-sideend|p2: HatedWitch|Stealth Rock|[from] move: Rapid Spin|[of] p2a: Great Tusk
|
|-weather|RainDance|[upkeep]
|upkeep
|turn|11
|
|t:|1758294037
|switch|p1a: Hatterene|Hatterene, F|100/100
|move|p2a: Great Tusk|Rapid Spin|p1a: Hatterene
|-damage|p1a: Hatterene|84/100
|-boost|p2a: Great Tusk|spe|1
|-enditem|p1a: Hatterene|Eject Button
|
|t:|1758294049
|switch|p1a: Barraskewda|Barraskewda, F|84/100
|
|-weather|RainDance|[upkeep]
|upkeep
|turn|12
|
|t:|1758294079
|move|p2a: Great Tusk|Headlong Rush|p1a: Barraskewda
|-damage|p1a: Barraskewda|0 fnt
|-unboost|p2a: Great Tusk|def|1
|-unboost|p2a: Great Tusk|spd|1
|faint|p1a: Barraskewda
|
|-weather|RainDance|[upkeep]
|upkeep
|
|t:|1758294085
|switch|p1a: Zapdos|Zapdos|81/100
|turn|13
|l|☆peakmindset
|inactive|peakmindset disconnected and has a minute to reconnect!
|player|p1|
|inactive|HatedWitch has 120 seconds left.
|j|☆peakmindset
|inactive|peakmindset reconnected and has 120 seconds left.
|player|p1|peakmindset|byron|
|
|t:|1758294120
|move|p2a: Great Tusk|Stealth Rock|p1a: Zapdos
|-sidestart|p1: peakmindset|move: Stealth Rock
|move|p1a: Zapdos|Weather Ball|p2a: Great Tusk
|-supereffective|p2a: Great Tusk
|-damage|p2a: Great Tusk|0 fnt
|faint|p2a: Great Tusk
|-end|p2a: Great Tusk|Protosynthesis|[silent]
|
|-weather|RainDance|[upkeep]
|upkeep
|inactive|HatedWitch has 90 seconds left.
|
|t:|1758294170
|switch|p2a: Gholdengo|Gholdengo|100/100
|turn|14
|
|t:|1758294181
|move|p2a: Gholdengo|Trick|p1a: Zapdos
|-activate|p2a: Gholdengo|move: Trick|[of] p1a: Zapdos
|-item|p1a: Zapdos|Choice Scarf|[from] move: Trick
|-item|p2a: Gholdengo|Choice Specs|[from] move: Trick
|move|p1a: Zapdos|Weather Ball|p2a: Gholdengo
|-damage|p2a: Gholdengo|46/100
|
|-weather|RainDance|[upkeep]
|upkeep
|turn|15
|
|t:|1758294198
|move|p1a: Zapdos|Weather Ball|p2a: Gholdengo
|-damage|p2a: Gholdengo|0 fnt
|faint|p2a: Gholdengo
|
|-weather|RainDance|[upkeep]
|upkeep
|
|t:|1758294203
|switch|p2a: Tornadus|Tornadus-Therian, M, shiny|100/100
|turn|16
|
|t:|1758294218
|switch|p1a: Iron Treads|Iron Treads|100/100
|-damage|p1a: Iron Treads|98/100|[from] Stealth Rock
|move|p2a: Tornadus|Bleakwind Storm|p1a: Iron Treads
|-resisted|p1a: Iron Treads
|-damage|p1a: Iron Treads|83/100
|
|-weather|RainDance|[upkeep]
|-heal|p1a: Iron Treads|89/100|[from] item: Leftovers
|upkeep
|turn|17
|
|t:|1758294232
|move|p2a: Tornadus|Foul Play|p1a: Iron Treads
|-damage|p1a: Iron Treads|72/100
|move|p1a: Iron Treads|Rapid Spin|p2a: Tornadus
|-damage|p2a: Tornadus|87/100
|-boost|p1a: Iron Treads|spe|1
|-sideend|p1: peakmindset|Stealth Rock|[from] move: Rapid Spin|[of] p1a: Iron Treads
|
|-weather|none
|-heal|p1a: Iron Treads|78/100|[from] item: Leftovers
|upkeep
|turn|18
|
|t:|1758294241
|move|p1a: Iron Treads|Stealth Rock|p2a: Tornadus
|-sidestart|p2: HatedWitch|move: Stealth Rock
|move|p2a: Tornadus|Knock Off|p1a: Iron Treads
|-damage|p1a: Iron Treads|64/100
|-enditem|p1a: Iron Treads|Leftovers|[from] move: Knock Off|[of] p2a: Tornadus
|
|upkeep
|turn|19
|
|t:|1758294249
|move|p1a: Iron Treads|Volt Switch|p2a: Tornadus
|-supereffective|p2a: Tornadus
|-damage|p2a: Tornadus|72/100
|
|t:|1758294254
|-end|p1a: Iron Treads|Quark Drive|[silent]
|switch|p1a: Pelipper|Pelipper, F|13/100 par|[from] Volt Switch
|-weather|RainDance|[from] ability: Drizzle|[of] p1a: Pelipper
|move|p2a: Tornadus|U-turn|p1a: Pelipper
|-resisted|p1a: Pelipper
|-crit|p1a: Pelipper
|-damage|p1a: Pelipper|2/100 par
|inactive|HatedWitch has 90 seconds left.
|
|t:|1758294260
|switch|p2a: Arcanine|Arcanine-Hisui, F|100/100|[from] U-turn
|-damage|p2a: Arcanine|76/100|[from] Stealth Rock
|
|-weather|RainDance|[upkeep]
|upkeep
|turn|20
|
|t:|1758294268
|switch|p1a: Iron Treads|Iron Treads|64/100
|move|p2a: Arcanine|Extreme Speed|p1a: Iron Treads
|-resisted|p1a: Iron Treads
|-damage|p1a: Iron Treads|50/100
|
|-weather|RainDance|[upkeep]
|upkeep
|turn|21
|
|t:|1758294275
|switch|p2a: Tornadus|Tornadus-Therian, M, shiny|100/100
|-damage|p2a: Tornadus|76/100|[from] Stealth Rock
|move|p1a: Iron Treads|Volt Switch|p2a: Tornadus
|-supereffective|p2a: Tornadus
|-damage|p2a: Tornadus|59/100
|
|t:|1758294278
|-end|p1a: Iron Treads|Quark Drive|[silent]
|switch|p1a: Zapdos|Zapdos|81/100|[from] Volt Switch
|
|-weather|RainDance|[upkeep]
|upkeep
|turn|22
|
|t:|1758294287
|move|p1a: Zapdos|Volt Switch|p2a: Tornadus
|-supereffective|p2a: Tornadus
|-damage|p2a: Tornadus|11/100
|
|t:|1758294292
|switch|p1a: Iron Treads|Iron Treads|50/100|[from] Volt Switch
|move|p2a: Tornadus|Bleakwind Storm|p1a: Iron Treads
|-resisted|p1a: Iron Treads
|-damage|p1a: Iron Treads|35/100
|-unboost|p1a: Iron Treads|spe|1
|
|-weather|RainDance|[upkeep]
|upkeep
|turn|23
|inactive|HatedWitch has 120 seconds left.
|
|t:|1758294300
|move|p2a: Tornadus|Foul Play|p1a: Iron Treads
|-damage|p1a: Iron Treads|18/100
|move|p1a: Iron Treads|Volt Switch|p2a: Tornadus
|-supereffective|p2a: Tornadus
|-damage|p2a: Tornadus|0 fnt
|faint|p2a: Tornadus
|
|t:|1758294307
|-end|p1a: Iron Treads|Quark Drive|[silent]
|switch|p1a: Toxicroak|Toxicroak, F|76/100|[from] Volt Switch
|
|-weather|RainDance|[upkeep]
|-heal|p1a: Toxicroak|88/100|[from] ability: Dry Skin
|upkeep
|
|t:|1758294313
|switch|p2a: Arcanine|Arcanine-Hisui, F|76/100
|-damage|p2a: Arcanine|51/100|[from] Stealth Rock
|turn|24
|
|t:|1758294330
|switch|p1a: Iron Treads|Iron Treads|18/100
|move|p2a: Arcanine|Flare Blitz|p1a: Iron Treads
|-supereffective|p1a: Iron Treads
|-damage|p1a: Iron Treads|0 fnt
|faint|p1a: Iron Treads
|-end|p1a: Iron Treads|Quark Drive|[silent]
|
|-weather|RainDance|[upkeep]
|upkeep
|
|t:|1758294332
|switch|p1a: Zapdos|Zapdos|81/100
|turn|25
|
|t:|1758294343
|switch|p2a: Ogerpon|Ogerpon-Teal-Tera, F, tera:Grass|100/100
|-damage|p2a: Ogerpon|88/100|[from] Stealth Rock
|-ability|p2a: Ogerpon|Embody Aspect (Teal)|boost
|-boost|p2a: Ogerpon|spe|1
|move|p1a: Zapdos|Weather Ball|p2a: Ogerpon
|-resisted|p2a: Ogerpon
|-damage|p2a: Ogerpon|60/100
|
|-weather|RainDance|[upkeep]
|upkeep
|turn|26
|
|t:|1758294355
|switch|p1a: Toxicroak|Toxicroak, F|88/100
|move|p2a: Ogerpon|Ivy Cudgel|p1a: Toxicroak
|-resisted|p1a: Toxicroak
|-damage|p1a: Toxicroak|40/100
|
|-weather|none
|upkeep
|turn|27
|
|t:|1758294368
|switch|p1a: Pelipper|Pelipper, F|2/100 par
|-weather|RainDance|[from] ability: Drizzle|[of] p1a: Pelipper
|move|p2a: Ogerpon|Ivy Cudgel|p1a: Pelipper
|-damage|p1a: Pelipper|0 fnt
|faint|p1a: Pelipper
|
|-weather|RainDance|[upkeep]
|upkeep
|
|t:|1758294373
|switch|p1a: Zapdos|Zapdos|81/100
|turn|28
|
|t:|1758294380
|move|p1a: Zapdos|Hurricane|p2a: Ogerpon
|-supereffective|p2a: Ogerpon
|-damage|p2a: Ogerpon|0 fnt
|faint|p2a: Ogerpon
|detailschange|p2: Ogerpon|Ogerpon, F|[silent]
|
|-weather|RainDance|[upkeep]
|upkeep
|
|t:|1758294383
|switch|p2a: Arcanine|Arcanine-Hisui, F|51/100
|-damage|p2a: Arcanine|26/100|[from] Stealth Rock
|turn|29
|
|t:|1758294387
|move|p2a: Arcanine|Extreme Speed|p1a: Zapdos
|-damage|p1a: Zapdos|35/100
|move|p1a: Zapdos|Hurricane|p2a: Arcanine
|-resisted|p2a: Arcanine
|-damage|p2a: Arcanine|0 fnt
|faint|p2a: Arcanine
|
|win|peakmindset
|raw|peakmindset's rating: 1598 &rarr; <strong>1617</strong><br />(+19 for winning)
|raw|HatedWitch's rating: 1580 &rarr; <strong>1561</strong><br />(-19 for losing)
|c|☆peakmindset|Gg
|l|☆HatedWitch
|player|p2|
|l| Nikator98
|l|☆peakmindset
|player|p1|
