|badge|p2|bronze|gen9ou|100-6
|badge|p2|silver|gen9uu|30-6
|uhtml|medal-msg|<div class="broadcast-blue">Curious what those medals under the avatar are? PS now has Ladder Seasons! For more information, check out the <a href="https://www.smogon.com/forums/threads/3740067/">thread on Smogon.</a></div>
|j|☆mr.diversity
|j|☆ulky
|t:|1758293710
|gametype|singles
|player|p1|mr.diversity|266|1798
|player|p2|ulky|rosa|1818
|gen|9
|tier|[Gen 9] OU
|rated|
|rule|HP Percentage Mod: HP is shown in percentages
|rule|Endless Battle Clause: Forcing endless battles is banned
|rule|Species Clause: Limit one of each Pokémon
|rule|OHKO Clause: OHKO moves are banned
|rule|Evasion Items Clause: Evasion items are banned
|rule|Evasion Moves Clause: Evasion moves are banned
|rule|Evasion Abilities Clause: Evasion abilities are banned
|rule|Sleep Moves Clause: Sleep-inducing moves are banned
|clearpoke
|poke|p1|Landorus-Therian, M|
|poke|p1|Cinderace, M|
|poke|p1|Great Tusk|
|poke|p1|Heatran, F|
|poke|p1|Clodsire, M|
|poke|p1|Armarouge, F|
|poke|p2|Kyurem|
|poke|p2|Corviknight, M|
|poke|p2|Ting-Lu|
|poke|p2|Dondozo, M|
|poke|p2|Slowking-Galar, L99, M|
|poke|p2|Cinderace, F|
|teampreview
|inactive|Battle timer is ON: inactive players will automatically lose when time's up. (requested by mr.diversity)
|inactive|ulky has 120 seconds left.
|
|t:|1758293756
|teamsize|p1|6
|teamsize|p2|6
|start
|switch|p1a: Cinderace|Cinderace, M|100/100
|switch|p2a: Slowking|Slowking-Galar, L99, M|100/100
|turn|1
|
|t:|1758293766
|move|p1a: Cinderace|Pyro Ball|p2a: Slowking|[miss]
|-miss|p1a: Cinderace|p2a: Slowking
|move|p2a: Slowking|Future Sight|p1a: Cinderace
|-start|p2a: Slowking|move: Future Sight
|
|upkeep
|turn|2
|
|t:|1758293778
|move|p1a: Cinderace|Pyro Ball|p2a: Slowking
|-damage|p2a: Slowking|8/100
|move|p2a: Slowking|Sludge Bomb|p1a: Cinderace
|-damage|p1a: Cinderace|52/100
|
|upkeep
|turn|3
|
|t:|1758293787
|switch|p1a: Heatran|Heatran, F|100/100
|switch|p2a: Dondozo|Dondozo, M|100/100
|
|-end|p1a: Heatran|move: Future Sight
|-resisted|p1a: Heatran
|-damage|p1a: Heatran|84/100
|upkeep
|turn|4
|
|t:|1758293789
|move|p1a: Heatran|Magma Storm|p2a: Dondozo
|-resisted|p2a: Dondozo
|-damage|p2a: Dondozo|60/100
|-activate|p2a: Dondozo|move: Magma Storm|[of] p1a: Heatran
|move|p2a: Dondozo|Waterfall|p1a: Heatran
|-supereffective|p1a: Heatran
|-damage|p1a: Heatran|35/100
|
|-heal|p2a: Dondozo|67/100|[from] item: Leftovers
|-damage|p2a: Dondozo|54/100|[from] move: Magma Storm|[partiallytrapped]
|upkeep
|turn|5
|
|t:|1758293795
|move|p1a: Heatran|Magma Storm|p2a: Dondozo
|-resisted|p2a: Dondozo
|-damage|p2a: Dondozo|13/100
|move|p2a: Dondozo|Waterfall|p1a: Heatran
|-supereffective|p1a: Heatran
|-damage|p1a: Heatran|0 fnt
|faint|p1a: Heatran
|
|-heal|p2a: Dondozo|19/100|[from] item: Leftovers
|-end|p2a: Dondozo|Magma Storm|[partiallytrapped]|[silent]
|upkeep
|
|t:|1758293801
|switch|p1a: Cinderace|Cinderace, M|52/100
|turn|6
|
|t:|1758293803
|switch|p2a: Ting-Lu|Ting-Lu|100/100
|-ability|p2a: Ting-Lu|Vessel of Ruin
|move|p1a: Cinderace|Pyro Ball|p2a: Ting-Lu|[miss]
|-miss|p1a: Cinderace|p2a: Ting-Lu
|
|upkeep
|turn|7
|
|t:|1758293806
|switch|p1a: Great Tusk|Great Tusk|100/100
|-enditem|p1a: Great Tusk|Booster Energy
|-activate|p1a: Great Tusk|ability: Protosynthesis|[fromitem]
|-start|p1a: Great Tusk|protosynthesisatk
|move|p2a: Ting-Lu|Payback|p1a: Great Tusk
|-resisted|p1a: Great Tusk
|-damage|p1a: Great Tusk|93/100
|
|upkeep
|turn|8
|
|t:|1758293814
|switch|p2a: Corviknight|Corviknight, M|100/100
|-ability|p2a: Corviknight|Pressure
|move|p1a: Great Tusk|Rapid Spin|p2a: Corviknight
|-resisted|p2a: Corviknight
|-damage|p2a: Corviknight|94/100
|-boost|p1a: Great Tusk|spe|1
|-damage|p1a: Great Tusk|77/100|[from] item: Rocky Helmet|[of] p2a: Corviknight
|
|upkeep
|turn|9
|
|t:|1758293816
|move|p1a: Great Tusk|Close Combat|p2a: Corviknight
|-damage|p2a: Corviknight|43/100
|-unboost|p1a: Great Tusk|def|1
|-unboost|p1a: Great Tusk|spd|1
|-damage|p1a: Great Tusk|61/100|[from] item: Rocky Helmet|[of] p2a: Corviknight
|move|p2a: Corviknight|Brave Bird|p1a: Great Tusk
|-supereffective|p1a: Great Tusk
|-damage|p1a: Great Tusk|0 fnt
|faint|p1a: Great Tusk
|-end|p1a: Great Tusk|Protosynthesis|[silent]
|-damage|p2a: Corviknight|25/100|[from] Recoil
|
|upkeep
|
|t:|1758293819
|switch|p1a: Cinderace|Cinderace, M|52/100
|turn|10
|
|t:|1758293846
|switch|p2a: Ting-Lu|Ting-Lu|100/100
|-ability|p2a: Ting-Lu|Vessel of Ruin
|move|p1a: Cinderace|High Jump Kick|p2a: Ting-Lu
|-start|p1a: Cinderace|typechange|Fighting|[from] ability: Libero
|-supereffective|p2a: Ting-Lu
|-damage|p2a: Ting-Lu|2/100
|
|-heal|p2a: Ting-Lu|8/100|[from] item: Leftovers
|upkeep
|turn|11
|
|t:|1758293855
|switch|p1a: Landorus|Landorus-Therian, M|100/100
|-ability|p1a: Landorus|Intimidate|boost
|-unboost|p2a: Ting-Lu|atk|1
|switch|p2a: Corviknight|Corviknight, M|25/100
|-ability|p2a: Corviknight|Pressure
|
|upkeep
|turn|12
|
|t:|1758293858
|move|p1a: Landorus|Stone Edge|p2a: Corviknight
|-crit|p2a: Corviknight
|-damage|p2a: Corviknight|0 fnt
|faint|p2a: Corviknight
|
|upkeep
|
|t:|1758293865
|switch|p2a: Kyurem|Kyurem|100/100
|-ability|p2a: Kyurem|Pressure
|turn|13
|
|t:|1758293867
|move|p2a: Kyurem|Protect|p2a: Kyurem
|-singleturn|p2a: Kyurem|Protect
|move|p1a: Landorus|Stone Edge|p2a: Kyurem
|-activate|p2a: Kyurem|move: Protect
|
|upkeep
|turn|14
|
|t:|1758293875
|-terastallize|p2a: Kyurem|Ground
|move|p2a: Kyurem|Freeze-Dry|p1a: Landorus
|-supereffective|p1a: Landorus
|-damage|p1a: Landorus|0 fnt
|faint|p1a: Landorus
|
|upkeep
|
|t:|1758293881
|switch|p1a: Cinderace|Cinderace, M|52/100
|turn|15
|inactive|ulky has 120 seconds left.
|inactive|ulky has 90 seconds left.
|inactive|ulky has 60 seconds left.
|
|t:|1758293994
|-terastallize|p1a: Cinderace|Fire
|move|p2a: Kyurem|Protect|p2a: Kyurem
|-singleturn|p2a: Kyurem|Protect
|move|p1a: Cinderace|Pyro Ball|p2a: Kyurem
|-activate|p2a: Kyurem|move: Protect
|
|upkeep
|turn|16
|
|t:|1758294005
|switch|p2a: Ting-Lu|Ting-Lu|8/100
|-ability|p2a: Ting-Lu|Vessel of Ruin
|move|p1a: Cinderace|Pyro Ball|p2a: Ting-Lu
|-damage|p2a: Ting-Lu|0 fnt
|faint|p2a: Ting-Lu
|
|upkeep
|
|t:|1758294011
|switch|p2a: Kyurem|Kyurem, tera:Ground|100/100
|-ability|p2a: Kyurem|Pressure
|turn|17
|
|t:|1758294013
|switch|p1a: Clodsire|Clodsire, M|100/100
|move|p2a: Kyurem|Protect||[still]
|-fail|p2a: Kyurem
|
|upkeep
|turn|18
|
|t:|1758294015
|move|p2a: Kyurem|Substitute|p2a: Kyurem
|-start|p2a: Kyurem|Substitute
|-damage|p2a: Kyurem|75/100
|move|p1a: Clodsire|Toxic||[still]
|-fail|p1a: Clodsire
|
|-heal|p2a: Kyurem|82/100|[from] item: Leftovers
|upkeep
|turn|19
|
|t:|1758294018
|move|p2a: Kyurem|Earth Power|p1a: Clodsire
|-supereffective|p1a: Clodsire
|-crit|p1a: Clodsire
|-damage|p1a: Clodsire|32/100
|move|p1a: Clodsire|Earthquake|p2a: Kyurem
|-activate|p2a: Kyurem|move: Substitute|[damage]
|
|-heal|p2a: Kyurem|88/100|[from] item: Leftovers
|-heal|p1a: Clodsire|38/100|[from] item: Leftovers
|upkeep
|turn|20
|
|t:|1758294020
|move|p2a: Kyurem|Earth Power|p1a: Clodsire
|-supereffective|p1a: Clodsire
|-damage|p1a: Clodsire|0 fnt
|faint|p1a: Clodsire
|
|-heal|p2a: Kyurem|94/100|[from] item: Leftovers
|upkeep
|-message|mr.diversity forfeited.
|
|win|ulky
|raw|mr.diversity's rating: 1798 &rarr; <strong>1778</strong><br />(-20 for losing)
|raw|ulky's rating: 1798 &rarr; <strong>1818</strong><br />(+20 for winning)
|l|☆mr.diversity
|player|p1|
|l|☆ulky
|player|p2|
