|j|☆EfosaYT
|j|☆ballsboyy
|t:|1758348364
|gametype|singles
|player|p1|EfosaYT|265|1054
|player|p2|ballsboyy|102|1112
|gen|9
|tier|[Gen 9] OU
|rated|
|rule|HP Percentage Mod: HP is shown in percentages
|rule|Endless Battle Clause: Forcing endless battles is banned
|rule|Species Clause: Limit one of each Pokémon
|rule|OHKO Clause: OHKO moves are banned
|rule|Evasion Items Clause: Evasion items are banned
|rule|Evasion Moves Clause: Evasion moves are banned
|rule|Evasion Abilities Clause: Evasion abilities are banned
|rule|Sleep Moves Clause: Sleep-inducing moves are banned
|clearpoke
|poke|p1|Reuniclus, F|
|poke|p1|Cinderace, M|
|poke|p1|Gholdengo|
|poke|p1|Meowscarada, M|
|poke|p1|Pawmot, M|
|poke|p1|Swampert, M|
|poke|p2|Great Tusk|
|poke|p2|Kingdra, F|
|poke|p2|Araquanid, M|
|poke|p2|Grimmsnarl, M|
|poke|p2|Walking Wake|
|poke|p2|Gliscor, M|
|teampreview
|
|t:|1758348371
|teamsize|p1|6
|teamsize|p2|6
|start
|switch|p1a: Blaze Bunny|Cinderace, M|100/100
|switch|p2a: Grimmsnarl|Grimmsnarl, M|100/100
|turn|1
|
|t:|1758348379
|move|p2a: Grimmsnarl|Reflect|p2a: Grimmsnarl
|-sidestart|p2: ballsboyy|Reflect
|move|p1a: Blaze Bunny|U-turn|p2a: Grimmsnarl
|-start|p1a: Blaze Bunny|typechange|Bug|[from] ability: Libero
|-crit|p2a: Grimmsnarl
|-damage|p2a: Grimmsnarl|52/100
|
|t:|1758348385
|switch|p1a: El Gato|Meowscarada, M|100/100|[from] U-turn
|
|upkeep
|turn|2
|
|t:|1758348390
|move|p2a: Grimmsnarl|Light Screen|p2a: Grimmsnarl
|-sidestart|p2: ballsboyy|move: Light Screen
|move|p1a: El Gato|U-turn|p2a: Grimmsnarl
|-start|p1a: El Gato|typechange|Bug|[from] ability: Protean
|-damage|p2a: Grimmsnarl|39/100
|inactive|Battle timer is ON: inactive players will automatically lose when time's up. (requested by ballsboyy)
|
|t:|1758348431
|switch|p1a: Blaze Bunny|Cinderace, M|100/100|[from] U-turn
|
|upkeep
|turn|3
|
|t:|1758348441
|switch|p2a: Araquanid|Araquanid, M|100/100
|move|p1a: Blaze Bunny|High Jump Kick|p2a: Araquanid
|-start|p1a: Blaze Bunny|typechange|Fighting|[from] ability: Libero
|-resisted|p2a: Araquanid
|-damage|p2a: Araquanid|84/100
|
|upkeep
|turn|4
|inactive|ballsboyy has 120 seconds left.
|
|t:|1758348486
|move|p1a: Blaze Bunny|U-turn|p2a: Araquanid
|-damage|p2a: Araquanid|71/100
|c|☆EfosaYT|Wish i had brick break or sacred sword for ts
|c|☆ballsboyy|teehee
|inactive|EfosaYT has 120 seconds left.
|
|t:|1758348513
|switch|p1a: El Gato|Meowscarada, M|100/100|[from] U-turn
|move|p2a: Araquanid|Sticky Web|p1a: El Gato
|-sidestart|p1: EfosaYT|move: Sticky Web
|
|upkeep
|turn|5
|inactive|EfosaYT has 120 seconds left.
|
|t:|1758348526
|switch|p2a: Kingdra|Kingdra, F|100/100
|move|p1a: El Gato|Flower Trick|p2a: Kingdra
|-start|p1a: El Gato|typechange|Grass|[from] ability: Protean
|-crit|p2a: Kingdra
|-damage|p2a: Kingdra|39/100
|
|upkeep
|turn|6
|
|t:|1758348536
|-terastallize|p2a: Kingdra|Steel
|move|p1a: El Gato|Flower Trick|p2a: Kingdra
|-resisted|p2a: Kingdra
|-crit|p2a: Kingdra
|-damage|p2a: Kingdra|8/100
|move|p2a: Kingdra|Focus Energy|p2a: Kingdra
|-start|p2a: Kingdra|move: Focus Energy
|
|upkeep
|turn|7
|
|t:|1758348546
|move|p1a: El Gato|Flower Trick|p2a: Kingdra
|-resisted|p2a: Kingdra
|-crit|p2a: Kingdra
|-damage|p2a: Kingdra|0 fnt
|faint|p2a: Kingdra
|
|upkeep
|
|t:|1758348556
|switch|p2a: Araquanid|Araquanid, M|71/100
|turn|8
|
|t:|1758348561
|move|p1a: El Gato|Flower Trick|p2a: Araquanid
|-crit|p2a: Araquanid
|-damage|p2a: Araquanid|20/100
|move|p2a: Araquanid|Endeavor|p1a: El Gato
|-damage|p1a: El Gato|23/100
|
|-sideend|p2: ballsboyy|Reflect
|upkeep
|turn|9
|-enditem|p2a: Araquanid|Custap Berry|[eat]
|-activate|p2a: Araquanid|item: Custap Berry|[consumed]
|
|t:|1758348573
|move|p2a: Araquanid|Endure|p2a: Araquanid
|-singleturn|p2a: Araquanid|move: Endure
|move|p1a: El Gato|Flower Trick|p2a: Araquanid
|-crit|p2a: Araquanid
|-activate|p2a: Araquanid|move: Endure
|-damage|p2a: Araquanid|1/100
|
|-sideend|p2: ballsboyy|move: Light Screen
|upkeep
|turn|10
|
|t:|1758348584
|move|p1a: El Gato|Flower Trick|p2a: Araquanid
|-crit|p2a: Araquanid
|-damage|p2a: Araquanid|0 fnt
|faint|p2a: Araquanid
|
|upkeep
|c|☆ballsboyy|frick
|
|t:|1758348596
|switch|p2a: Walking Wake|Walking Wake|100/100
|turn|11
|
|t:|1758348600
|move|p1a: El Gato|Triple Axel|p2a: Walking Wake
|-damage|p2a: Walking Wake|94/100
|-damage|p2a: Walking Wake|80/100
|-damage|p2a: Walking Wake|62/100
|-hitcount|p2a: Walking Wake|3
|move|p2a: Walking Wake|Flamethrower|p1a: El Gato
|-supereffective|p1a: El Gato
|-crit|p1a: El Gato
|-damage|p1a: El Gato|0 fnt
|faint|p1a: El Gato
|
|upkeep
|
|t:|1758348615
|switch|p1a: Skipper|Swampert, M|100/100
|-activate|p1a: Skipper|move: Sticky Web
|-unboost|p1a: Skipper|spe|1
|turn|12
|
|t:|1758348624
|-end|p2a: Walking Wake|Protosynthesis|[silent]
|switch|p2a: Gliscor|Gliscor, M|100/100
|move|p1a: Skipper|Ice Beam|p2a: Gliscor
|-supereffective|p2a: Gliscor
|-damage|p2a: Gliscor|45/100
|
|-status|p2a: Gliscor|tox|[from] item: Toxic Orb
|upkeep
|turn|13
|
|t:|1758348638
|move|p2a: Gliscor|Protect|p2a: Gliscor
|-singleturn|p2a: Gliscor|Protect
|move|p1a: Skipper|Ice Beam|p2a: Gliscor
|-activate|p2a: Gliscor|move: Protect
|
|-heal|p2a: Gliscor|57/100 tox|[from] ability: Poison Heal
|upkeep
|turn|14
|c|☆EfosaYT|Poison heal gliscor and protect
|c|☆EfosaYT|How original
|
|t:|1758348665
|move|p2a: Gliscor|Facade|p1a: Skipper
|-damage|p1a: Skipper|73/100
|move|p1a: Skipper|Ice Beam|p2a: Gliscor
|-supereffective|p2a: Gliscor
|-damage|p2a: Gliscor|4/100 tox
|
|-heal|p2a: Gliscor|16/100 tox|[from] ability: Poison Heal
|upkeep
|turn|15
|c|☆ballsboyy|im a visionary
|
|t:|1758348671
|move|p2a: Gliscor|Protect|p2a: Gliscor
|-singleturn|p2a: Gliscor|Protect
|move|p1a: Skipper|Ice Beam|p2a: Gliscor
|-activate|p2a: Gliscor|move: Protect
|
|-heal|p2a: Gliscor|29/100 tox|[from] ability: Poison Heal
|upkeep
|turn|16
|inactive|EfosaYT has 120 seconds left.
|
|t:|1758348692
|switch|p2a: Walking Wake|Walking Wake|62/100
|move|p1a: Skipper|Stealth Rock|p2a: Walking Wake
|-sidestart|p2: ballsboyy|move: Stealth Rock
|
|upkeep
|turn|17
|
|t:|1758348701
|move|p2a: Walking Wake|Draco Meteor|p1a: Skipper
|-damage|p1a: Skipper|0 fnt
|-unboost|p2a: Walking Wake|spa|2
|faint|p1a: Skipper
|
|upkeep
|c|☆EfosaYT|Frick
|inactive|EfosaYT has 120 seconds left.
|c|☆EfosaYT|It was supposed to be ice beam not stealth rocks
|c|☆ballsboyy|lmao
|inactive|EfosaYT has 90 seconds left.
|
|t:|1758348756
|switch|p1a: Pawmni|Pawmot, M|100/100
|-activate|p1a: Pawmni|move: Sticky Web
|-unboost|p1a: Pawmni|spe|1
|turn|18
|
|t:|1758348767
|-end|p2a: Walking Wake|Protosynthesis|[silent]
|switch|p2a: Great Tusk|Great Tusk|100/100
|move|p1a: Pawmni|Double Shock|p2a: Great Tusk
|-immune|p2a: Great Tusk
|
|upkeep
|turn|19
|inactive|EfosaYT has 90 seconds left.
|
|t:|1758348782
|move|p2a: Great Tusk|Stealth Rock|p1a: Pawmni
|-sidestart|p1: EfosaYT|move: Stealth Rock
|move|p1a: Pawmni|Revival Blessing|p1a: Pawmni
|-enditem|p1a: Pawmni|Leppa Berry|[eat]
|-activate|p1a: Pawmni|item: Leppa Berry|Revival Blessing|[consumed]
|
|t:|1758348787
|-heal|p1: El Gato|50/100|[from] move: Revival Blessing
|
|upkeep
|turn|20
|c|☆ballsboyy|leppa berry revival blessing???
|c|☆ballsboyy|you're the worst
|
|t:|1758348805
|move|p2a: Great Tusk|Headlong Rush|p1a: Pawmni
|-supereffective|p1a: Pawmni
|-damage|p1a: Pawmni|0 fnt
|-unboost|p2a: Great Tusk|def|1
|-unboost|p2a: Great Tusk|spd|1
|faint|p1a: Pawmni
|
|upkeep
|
|t:|1758348810
|switch|p1a: Blaze Bunny|Cinderace, M|100/100
|-activate|p1a: Blaze Bunny|move: Sticky Web
|-unboost|p1a: Blaze Bunny|spe|1
|-damage|p1a: Blaze Bunny|76/100|[from] Stealth Rock
|turn|21
|
|t:|1758348818
|move|p2a: Great Tusk|Headlong Rush|p1a: Blaze Bunny
|-supereffective|p1a: Blaze Bunny
|-damage|p1a: Blaze Bunny|0 fnt
|-unboost|p2a: Great Tusk|def|1
|-unboost|p2a: Great Tusk|spd|1
|faint|p1a: Blaze Bunny
|
|upkeep
|
|t:|1758348826
|switch|p1a: Goop|Reuniclus, F|100/100
|-activate|p1a: Goop|move: Sticky Web
|-unboost|p1a: Goop|spe|1
|-damage|p1a: Goop|88/100|[from] Stealth Rock
|turn|22
|
|t:|1758348840
|-end|p2a: Great Tusk|Protosynthesis|[silent]
|switch|p2a: Walking Wake|Walking Wake|62/100
|-damage|p2a: Walking Wake|49/100|[from] Stealth Rock
|move|p1a: Goop|Trick Room|p1a: Goop
|-fieldstart|move: Trick Room|[of] p1a: Goop
|
|upkeep
|turn|23
|
|t:|1758348848
|move|p1a: Goop|Shadow Ball|p2a: Walking Wake
|-crit|p2a: Walking Wake
|-damage|p2a: Walking Wake|0 fnt
|faint|p2a: Walking Wake
|-end|p2a: Walking Wake|Protosynthesis|[silent]
|
|upkeep
|
|t:|1758348854
|switch|p2a: Grimmsnarl|Grimmsnarl, M|39/100
|-damage|p2a: Grimmsnarl|26/100|[from] Stealth Rock
|turn|24
|
|t:|1758348870
|move|p2a: Grimmsnarl|Light Screen|p2a: Grimmsnarl
|-sidestart|p2: ballsboyy|move: Light Screen
|move|p1a: Goop|Shadow Ball|p2a: Grimmsnarl
|-resisted|p2a: Grimmsnarl
|-damage|p2a: Grimmsnarl|18/100
|
|upkeep
|turn|25
|
|t:|1758348876
|move|p2a: Grimmsnarl|Reflect|p2a: Grimmsnarl
|-sidestart|p2: ballsboyy|Reflect
|move|p1a: Goop|Shadow Ball|p2a: Grimmsnarl
|-resisted|p2a: Grimmsnarl
|-damage|p2a: Grimmsnarl|11/100
|
|upkeep
|turn|26
|
|t:|1758348882
|switch|p2a: Great Tusk|Great Tusk|100/100
|move|p1a: Goop|Expanding Force|p2a: Great Tusk
|-supereffective|p2a: Great Tusk
|-damage|p2a: Great Tusk|38/100
|
|-fieldend|move: Trick Room
|upkeep
|turn|27
|
|t:|1758348893
|move|p2a: Great Tusk|Headlong Rush|p1a: Goop
|-damage|p1a: Goop|25/100
|-unboost|p2a: Great Tusk|def|1
|-unboost|p2a: Great Tusk|spd|1
|-damage|p2a: Great Tusk|22/100|[from] item: Rocky Helmet|[of] p1a: Goop
|move|p1a: Goop|Expanding Force|p2a: Great Tusk
|-supereffective|p2a: Great Tusk
|-damage|p2a: Great Tusk|0 fnt
|faint|p2a: Great Tusk
|-end|p2a: Great Tusk|Protosynthesis|[silent]
|
|upkeep
|
|t:|1758348898
|switch|p2a: Gliscor|Gliscor, M|29/100 tox
|-damage|p2a: Gliscor|16/100 tox|[from] Stealth Rock
|turn|28
|
|t:|1758348909
|move|p2a: Gliscor|Protect|p2a: Gliscor
|-singleturn|p2a: Gliscor|Protect
|move|p1a: Goop|Expanding Force|p2a: Gliscor
|-activate|p2a: Gliscor|move: Protect
|
|-heal|p2a: Gliscor|29/100 tox|[from] ability: Poison Heal
|upkeep
|turn|29
|
|t:|1758348920
|move|p2a: Gliscor|Facade|p1a: Goop
|-damage|p1a: Goop|0 fnt
|-damage|p2a: Gliscor|12/100 tox|[from] item: Rocky Helmet|[of] p1a: Goop
|faint|p1a: Goop
|
|-heal|p2a: Gliscor|25/100 tox|[from] ability: Poison Heal
|upkeep
|
|t:|1758348928
|switch|p1a: "Tin Man" Denji|Gholdengo|100/100
|-activate|p1a: "Tin Man" Denji|move: Sticky Web
|-unboost|p1a: "Tin Man" Denji|spe|1
|-damage|p1a: "Tin Man" Denji|94/100|[from] Stealth Rock
|turn|30
|
|t:|1758348935
|move|p2a: Gliscor|Protect|p2a: Gliscor
|-singleturn|p2a: Gliscor|Protect
|move|p1a: "Tin Man" Denji|Nasty Plot|p1a: "Tin Man" Denji
|-boost|p1a: "Tin Man" Denji|spa|2
|
|-heal|p2a: Gliscor|37/100 tox|[from] ability: Poison Heal
|upkeep
|turn|31
|
|t:|1758348942
|move|p2a: Gliscor|Knock Off|p1a: "Tin Man" Denji
|-supereffective|p1a: "Tin Man" Denji
|-crit|p1a: "Tin Man" Denji
|-damage|p1a: "Tin Man" Denji|27/100
|-enditem|p1a: "Tin Man" Denji|Toxic Orb|[from] move: Knock Off|[of] p2a: Gliscor
|move|p1a: "Tin Man" Denji|Make It Rain|p2a: Gliscor
|-damage|p2a: Gliscor|0 fnt
|-unboost|p1a: "Tin Man" Denji|spa|1
|faint|p2a: Gliscor
|
|-sideend|p2: ballsboyy|move: Light Screen
|upkeep
|
|t:|1758348946
|switch|p2a: Grimmsnarl|Grimmsnarl, M|11/100
|-damage|p2a: Grimmsnarl|0 fnt|[from] Stealth Rock
|faint|p2a: Grimmsnarl
|
|win|EfosaYT
|raw|EfosaYT's rating: 1054 &rarr; <strong>1091</strong><br />(+37 for winning)
|raw|ballsboyy's rating: 1112 &rarr; <strong>1083</strong><br />(-29 for losing)
|c|☆ballsboyy|ggs
|l|☆ballsboyy
|player|p2|
|l|☆EfosaYT
|player|p1|
