|j|☆Johnny tots
|j|☆Auburn Hills
|t:|1758288335
|gametype|singles
|player|p1|Johnny tots|2|1712
|player|p2|Auburn Hills|alder|1803
|gen|9
|tier|[Gen 9] OU
|rated|
|rule|HP Percentage Mod: HP is shown in percentages
|rule|Endless Battle Clause: Forcing endless battles is banned
|rule|Species Clause: Limit one of each Pokémon
|rule|OHKO Clause: OHKO moves are banned
|rule|Evasion Items Clause: Evasion items are banned
|rule|Evasion Moves Clause: Evasion moves are banned
|rule|Evasion Abilities Clause: Evasion abilities are banned
|rule|Sleep Moves Clause: Sleep-inducing moves are banned
|clearpoke
|poke|p1|Rillaboom, M|
|poke|p1|Klefki, M|
|poke|p1|Manaphy|
|poke|p1|Ogerpon-Wellspring, F|
|poke|p1|Clefable, M|
|poke|p1|Dragapult, F|
|poke|p2|Iron Moth|
|poke|p2|Umbreon, F|
|poke|p2|Garchomp, F|
|poke|p2|Glimmora, M|
|poke|p2|Gholdengo|
|poke|p2|Dragonite, M|
|teampreview
|inactive|Battle timer is ON: inactive players will automatically lose when time's up. (requested by Johnny tots)
|
|t:|1758288346
|teamsize|p1|6
|teamsize|p2|6
|start
|switch|p1a: Rillaboom|Rillaboom, M|100/100
|switch|p2a: Julia Jacklin|Glimmora, M|100/100
|-fieldstart|move: Grassy Terrain|[from] ability: Grassy Surge|[of] p1a: Rillaboom
|turn|1
|c|☆Johnny tots|Gl
|
|t:|1758288353
|move|p2a: Julia Jacklin|Sludge Wave|p1a: Rillaboom
|-supereffective|p1a: Rillaboom
|-damage|p1a: Rillaboom|0 fnt
|faint|p1a: Rillaboom
|
|upkeep
|
|t:|1758288357
|switch|p1a: Klefki|Klefki, M|100/100
|turn|2
|
|t:|1758288360
|move|p1a: Klefki|Light Screen|p1a: Klefki
|-sidestart|p1: Johnny tots|move: Light Screen
|move|p2a: Julia Jacklin|Earth Power|p1a: Klefki
|-supereffective|p1a: Klefki
|-damage|p1a: Klefki|61/100
|
|-heal|p1a: Klefki|67/100|[from] Grassy Terrain
|upkeep
|turn|3
|
|t:|1758288365
|move|p1a: Klefki|Reflect|p1a: Klefki
|-sidestart|p1: Johnny tots|Reflect
|move|p2a: Julia Jacklin|Earth Power|p1a: Klefki
|-supereffective|p1a: Klefki
|-damage|p1a: Klefki|30/100
|
|-heal|p1a: Klefki|36/100|[from] Grassy Terrain
|upkeep
|turn|4
|
|t:|1758288367
|switch|p2a: Smino|Gholdengo|100/100
|move|p1a: Klefki|Thunder Wave|p2a: Smino
|-immune|p2a: Smino|[from] ability: Good as Gold
|
|-heal|p1a: Klefki|42/100|[from] Grassy Terrain
|upkeep
|turn|5
|
|t:|1758288372
|move|p1a: Klefki|Spikes|p2a: Smino
|-sidestart|p2: Auburn Hills|Spikes
|move|p2a: Smino|Trick|p1a: Klefki
|-activate|p2a: Smino|move: Trick|[of] p1a: Klefki
|-item|p1a: Klefki|Choice Scarf|[from] move: Trick
|-item|p2a: Smino|Light Clay|[from] move: Trick
|
|-heal|p1a: Klefki|48/100|[from] Grassy Terrain
|upkeep
|turn|6
|
|t:|1758288376
|switch|p1a: Ogerpon|Ogerpon-Wellspring, F|100/100
|switch|p2a: Julia Jacklin|Glimmora, M|100/100
|-damage|p2a: Julia Jacklin|88/100|[from] Spikes
|
|-heal|p2a: Julia Jacklin|94/100|[from] Grassy Terrain
|upkeep
|turn|7
|
|t:|1758288379
|move|p1a: Ogerpon|Ivy Cudgel|p2a: Julia Jacklin|[anim] Ivy Cudgel Water
|-supereffective|p2a: Julia Jacklin
|-damage|p2a: Julia Jacklin|0 fnt
|-activate|p2a: Julia Jacklin|ability: Toxic Debris
|-sidestart|p1: Johnny tots|move: Toxic Spikes
|faint|p2a: Julia Jacklin
|
|upkeep
|
|t:|1758288383
|switch|p2a: Alvvays|Umbreon, F|100/100
|-damage|p2a: Alvvays|88/100|[from] Spikes
|turn|8
|
|t:|1758288395
|switch|p1a: Manaphy|Manaphy|100/100
|-status|p1a: Manaphy|psn
|move|p2a: Alvvays|Thunder Wave||[still]
|-fail|p2a: Alvvays
|
|-heal|p2a: Alvvays|94/100|[from] Grassy Terrain
|-heal|p2a: Alvvays|99/100|[from] item: Leftovers
|-damage|p1a: Manaphy|88/100 psn|[from] psn
|-fieldend|move: Grassy Terrain
|upkeep
|turn|9
|
|t:|1758288401
|switch|p2a: Rat Tally|Garchomp, F|100/100
|-damage|p2a: Rat Tally|88/100|[from] Spikes
|move|p1a: Manaphy|Take Heart|p1a: Manaphy
|-boost|p1a: Manaphy|spa|1
|-boost|p1a: Manaphy|spd|1
|-curestatus|p1a: Manaphy|psn|[msg]
|
|-heal|p1a: Manaphy|94/100|[from] item: Leftovers
|-sideend|p1: Johnny tots|move: Light Screen
|upkeep
|turn|10
|
|t:|1758288405
|-terastallize|p2a: Rat Tally|Electric
|move|p2a: Rat Tally|Swords Dance|p2a: Rat Tally
|-boost|p2a: Rat Tally|atk|2
|move|p1a: Manaphy|Acid Armor|p1a: Manaphy
|-boost|p1a: Manaphy|def|2
|
|-heal|p1a: Manaphy|99/100|[from] item: Leftovers
|-sideend|p1: Johnny tots|Reflect
|upkeep
|turn|11
|
|t:|1758288412
|-terastallize|p1a: Manaphy|Grass
|move|p2a: Rat Tally|Tera Blast|p1a: Manaphy|[anim] Tera Blast Electric
|-resisted|p1a: Manaphy
|-damage|p1a: Manaphy|82/100
|move|p1a: Manaphy|Scald|p2a: Rat Tally
|-damage|p2a: Rat Tally|22/100
|-status|p2a: Rat Tally|brn
|
|-heal|p1a: Manaphy|88/100|[from] item: Leftovers
|-damage|p2a: Rat Tally|16/100 brn|[from] brn
|upkeep
|turn|12
|
|t:|1758288423
|move|p2a: Rat Tally|Scale Shot|p1a: Manaphy
|-damage|p1a: Manaphy|82/100
|-damage|p1a: Manaphy|77/100
|-damage|p1a: Manaphy|71/100
|-damage|p1a: Manaphy|65/100
|-damage|p1a: Manaphy|59/100
|-hitcount|p1a: Manaphy|5
|-unboost|p2a: Rat Tally|def|1
|-boost|p2a: Rat Tally|spe|1
|move|p1a: Manaphy|Take Heart|p1a: Manaphy
|-boost|p1a: Manaphy|spa|1
|-boost|p1a: Manaphy|spd|1
|
|-heal|p1a: Manaphy|65/100|[from] item: Leftovers
|-damage|p2a: Rat Tally|9/100 brn|[from] brn
|upkeep
|turn|13
|
|t:|1758288429
|move|p2a: Rat Tally|Scale Shot|p1a: Manaphy
|-damage|p1a: Manaphy|59/100
|-damage|p1a: Manaphy|53/100
|-damage|p1a: Manaphy|47/100
|-damage|p1a: Manaphy|41/100
|-damage|p1a: Manaphy|36/100
|-hitcount|p1a: Manaphy|5
|-unboost|p2a: Rat Tally|def|1
|-boost|p2a: Rat Tally|spe|1
|move|p1a: Manaphy|Acid Armor|p1a: Manaphy
|-boost|p1a: Manaphy|def|2
|
|-heal|p1a: Manaphy|42/100|[from] item: Leftovers
|-damage|p2a: Rat Tally|3/100 brn|[from] brn
|upkeep
|turn|14
|
|t:|1758288433
|move|p2a: Rat Tally|Scale Shot|p1a: Manaphy|[miss]
|-miss|p2a: Rat Tally|p1a: Manaphy
|move|p1a: Manaphy|Take Heart|p1a: Manaphy
|-boost|p1a: Manaphy|spa|1
|-boost|p1a: Manaphy|spd|1
|
|-heal|p1a: Manaphy|48/100|[from] item: Leftovers
|-damage|p2a: Rat Tally|0 fnt|[from] brn
|faint|p2a: Rat Tally
|upkeep
|
|t:|1758288435
|switch|p2a: Carly Rae|Iron Moth|100/100
|-damage|p2a: Carly Rae|88/100|[from] Spikes
|-enditem|p2a: Carly Rae|Booster Energy
|-activate|p2a: Carly Rae|ability: Quark Drive|[fromitem]
|-start|p2a: Carly Rae|quarkdrivespe
|turn|15
|
|t:|1758288440
|move|p2a: Carly Rae|Fiery Dance|p1a: Manaphy
|-supereffective|p1a: Manaphy
|-damage|p1a: Manaphy|18/100
|move|p1a: Manaphy|Stored Power|p2a: Carly Rae
|-supereffective|p2a: Carly Rae
|-damage|p2a: Carly Rae|0 fnt
|faint|p2a: Carly Rae
|-end|p2a: Carly Rae|Quark Drive|[silent]
|
|-heal|p1a: Manaphy|24/100|[from] item: Leftovers
|upkeep
|
|t:|1758288447
|switch|p2a: Smino|Gholdengo|100/100
|-damage|p2a: Smino|88/100|[from] Spikes
|turn|16
|
|t:|1758288451
|move|p2a: Smino|Shadow Ball|p1a: Manaphy
|-damage|p1a: Manaphy|8/100
|move|p1a: Manaphy|Scald|p2a: Smino
|-damage|p2a: Smino|0 fnt
|faint|p2a: Smino
|
|-heal|p1a: Manaphy|15/100|[from] item: Leftovers
|upkeep
|j| king of spycrabs
|
|t:|1758288454
|switch|p2a: Elucid|Dragonite, M|100/100
|turn|17
|
|t:|1758288456
|move|p1a: Manaphy|Stored Power|p2a: Elucid
|-damage|p2a: Elucid|11/100
|move|p2a: Elucid|Ice Spinner|p1a: Manaphy
|-supereffective|p1a: Manaphy
|-damage|p1a: Manaphy|0 fnt
|faint|p1a: Manaphy
|
|upkeep
|
|t:|1758288463
|switch|p1a: Cutmylifein2|Dragapult, F|100/100
|-status|p1a: Cutmylifein2|psn
|turn|18
|
|t:|1758288467
|switch|p2a: Alvvays|Umbreon, F|99/100
|-damage|p2a: Alvvays|88/100|[from] Spikes
|move|p1a: Cutmylifein2|Dragon Darts|p2a: Alvvays
|-damage|p2a: Alvvays|68/100
|-anim|p1a: Cutmylifein2|Dragon Darts|p2a: Alvvays
|-damage|p2a: Alvvays|46/100
|
|-heal|p2a: Alvvays|52/100|[from] item: Leftovers
|-damage|p1a: Cutmylifein2|88/100 psn|[from] psn
|upkeep
|turn|19
|
|t:|1758288472
|move|p1a: Cutmylifein2|Dragon Dance|p1a: Cutmylifein2
|-boost|p1a: Cutmylifein2|atk|1
|-boost|p1a: Cutmylifein2|spe|1
|move|p2a: Alvvays|Wish|p2a: Alvvays
|
|-heal|p1a: Cutmylifein2|94/100 psn|[from] item: Leftovers
|-heal|p2a: Alvvays|59/100|[from] item: Leftovers
|-damage|p1a: Cutmylifein2|82/100 psn|[from] psn
|upkeep
|turn|20
|
|t:|1758288478
|move|p1a: Cutmylifein2|Substitute|p1a: Cutmylifein2
|-start|p1a: Cutmylifein2|Substitute
|-damage|p1a: Cutmylifein2|57/100 psn
|move|p2a: Alvvays|Foul Play|p1a: Cutmylifein2
|-supereffective|p1a: Cutmylifein2
|-end|p1a: Cutmylifein2|Substitute
|
|-heal|p2a: Alvvays|100/100|[from] move: Wish|[wisher] Alvvays
|-heal|p1a: Cutmylifein2|63/100 psn|[from] item: Leftovers
|-damage|p1a: Cutmylifein2|50/100 psn|[from] psn
|upkeep
|turn|21
|
|t:|1758288481
|move|p1a: Cutmylifein2|Dragon Darts|p2a: Alvvays
|-damage|p2a: Alvvays|70/100
|-anim|p1a: Cutmylifein2|Dragon Darts|p2a: Alvvays
|-damage|p2a: Alvvays|40/100
|move|p2a: Alvvays|Wish|p2a: Alvvays
|
|-heal|p1a: Cutmylifein2|57/100 psn|[from] item: Leftovers
|-heal|p2a: Alvvays|46/100|[from] item: Leftovers
|-damage|p1a: Cutmylifein2|44/100 psn|[from] psn
|upkeep
|turn|22
|
|t:|1758288486
|move|p2a: Alvvays|Protect|p2a: Alvvays
|-singleturn|p2a: Alvvays|Protect
|move|p1a: Cutmylifein2|Dragon Darts|p2a: Alvvays
|-activate|p2a: Alvvays|move: Protect
|
|-heal|p2a: Alvvays|96/100|[from] move: Wish|[wisher] Alvvays
|-heal|p1a: Cutmylifein2|50/100 psn|[from] item: Leftovers
|-heal|p2a: Alvvays|100/100|[from] item: Leftovers
|-damage|p1a: Cutmylifein2|38/100 psn|[from] psn
|upkeep
|turn|23
|j| Pokeniceguy
|
|t:|1758288493
|move|p1a: Cutmylifein2|Dragon Darts|p2a: Alvvays
|-damage|p2a: Alvvays|68/100
|-anim|p1a: Cutmylifein2|Dragon Darts|p2a: Alvvays
|-damage|p2a: Alvvays|37/100
|move|p2a: Alvvays|Wish|p2a: Alvvays
|
|-heal|p1a: Cutmylifein2|44/100 psn|[from] item: Leftovers
|-heal|p2a: Alvvays|43/100|[from] item: Leftovers
|-damage|p1a: Cutmylifein2|32/100 psn|[from] psn
|upkeep
|turn|24
|
|t:|1758288498
|move|p1a: Cutmylifein2|Substitute|p1a: Cutmylifein2
|-start|p1a: Cutmylifein2|Substitute
|-damage|p1a: Cutmylifein2|7/100 psn
|move|p2a: Alvvays|Foul Play|p1a: Cutmylifein2
|-supereffective|p1a: Cutmylifein2
|-end|p1a: Cutmylifein2|Substitute
|
|-heal|p2a: Alvvays|93/100|[from] move: Wish|[wisher] Alvvays
|-heal|p1a: Cutmylifein2|13/100 psn|[from] item: Leftovers
|-heal|p2a: Alvvays|99/100|[from] item: Leftovers
|-damage|p1a: Cutmylifein2|0 fnt|[from] psn
|faint|p1a: Cutmylifein2
|upkeep
|
|t:|1758288509
|switch|p1a: Clefable|Clefable, M|100/100
|-status|p1a: Clefable|psn
|turn|25
|
|t:|1758288514
|move|p2a: Alvvays|Wish|p2a: Alvvays
|move|p1a: Clefable|Calm Mind|p1a: Clefable
|-boost|p1a: Clefable|spa|1
|-boost|p1a: Clefable|spd|1
|
|-heal|p2a: Alvvays|100/100|[from] item: Leftovers
|upkeep
|turn|26
|-message|Auburn Hills forfeited.
|
|win|Johnny tots
|raw|Johnny tots's rating: 1712 &rarr; <strong>1737</strong><br />(+25 for winning)
|raw|Auburn Hills's rating: 1803 &rarr; <strong>1778</strong><br />(-25 for losing)
|l|☆Auburn Hills
|player|p2|
|l|☆Johnny tots
|player|p1|
|l| Pokeniceguy
