|j|☆lillie dantuiren
|j|☆xrr rewriting
|t:|1758282276
|gametype|singles
|player|p1|lillie dantuiren|2|1471
|player|p2|xrr rewriting|170|1493
|gen|9
|tier|[Gen 9] OU
|rated|
|rule|HP Percentage Mod: HP is shown in percentages
|rule|Endless Battle Clause: Forcing endless battles is banned
|rule|Species Clause: Limit one of each Pokémon
|rule|OHKO Clause: OHKO moves are banned
|rule|Evasion Items Clause: Evasion items are banned
|rule|Evasion Moves Clause: Evasion moves are banned
|rule|Evasion Abilities Clause: Evasion abilities are banned
|rule|Sleep Moves Clause: Sleep-inducing moves are banned
|clearpoke
|poke|p1|Ogerpon, F|
|poke|p1|Rillaboom, F|
|poke|p1|Great Tusk|
|poke|p1|Gholdengo|
|poke|p1|Moltres|
|poke|p1|Muk-Alola, F|
|poke|p2|Dragonite, F|
|poke|p2|Hatterene, F|
|poke|p2|Great Tusk|
|poke|p2|Ceruledge, M|
|poke|p2|Ting-Lu|
|poke|p2|Kyurem|
|teampreview
|inactive|Battle timer is ON: inactive players will automatically lose when time's up. (requested by lillie dantuiren)
|inactive|xrr rewriting also wants the timer to be on.
|
|t:|1758282297
|teamsize|p1|6
|teamsize|p2|6
|start
|switch|p1a: Ogerpon|Ogerpon, F|100/100
|switch|p2a: Hatterene|Hatterene, F|100/100
|turn|1
|
|t:|1758282303
|move|p1a: Ogerpon|U-turn|p2a: Hatterene
|-damage|p2a: Hatterene|67/100
|
|t:|1758282306
|switch|p1a: Muk|Muk-Alola, F|100/100|[from] U-turn
|move|p2a: Hatterene|Nuzzle|p1a: Muk
|-damage|p1a: Muk|96/100
|-status|p1a: Muk|par
|
|upkeep
|turn|2
|
|t:|1758282330
|switch|p2a: Ting-Lu|Ting-Lu|100/100
|-ability|p2a: Ting-Lu|Vessel of Ruin
|move|p1a: Muk|Knock Off|p2a: Ting-Lu
|-resisted|p2a: Ting-Lu
|-damage|p2a: Ting-Lu|91/100
|-enditem|p2a: Ting-Lu|Leftovers|[from] move: Knock Off|[of] p1a: Muk
|
|upkeep
|turn|3
|
|t:|1758282341
|switch|p1a: Rillaboom|Rillaboom, F|100/100
|-fieldstart|move: Grassy Terrain|[from] ability: Grassy Surge|[of] p1a: Rillaboom
|move|p2a: Ting-Lu|Stealth Rock|p1a: Rillaboom
|-sidestart|p1: lillie dantuiren|move: Stealth Rock
|
|-heal|p2a: Ting-Lu|97/100|[from] Grassy Terrain
|upkeep
|turn|4
|
|t:|1758282351
|switch|p2a: Dragonite|Dragonite, F|100/100
|move|p1a: Rillaboom|Knock Off|p2a: Dragonite
|-damage|p2a: Dragonite|81/100
|-enditem|p2a: Dragonite|Choice Band|[from] move: Knock Off|[of] p1a: Rillaboom
|
|upkeep
|turn|5
|
|t:|1758282359
|switch|p1a: Moltres|Moltres|100/100
|move|p2a: Dragonite|Outrage|p1a: Moltres
|-damage|p1a: Moltres|50/100
|
|upkeep
|turn|6
|
|t:|1758282365
|move|p2a: Dragonite|Outrage|p1a: Moltres|[from] lockedmove
|-damage|p1a: Moltres|0 fnt
|faint|p1a: Moltres
|-start|p2a: Dragonite|confusion|[fatigue]
|
|upkeep
|
|t:|1758282371
|switch|p1a: Great Tusk|Great Tusk|100/100
|turn|7
|
|t:|1758282384
|switch|p2a: Ceruledge|Ceruledge, M|100/100
|move|p1a: Great Tusk|Stealth Rock|p2a: Ceruledge
|-sidestart|p2: xrr rewriting|move: Stealth Rock
|
|upkeep
|turn|8
|
|t:|1758282403
|-end|p1a: Great Tusk|Protosynthesis|[silent]
|switch|p1a: Muk|Muk-Alola, F|96/100 par
|-damage|p1a: Muk|84/100 par|[from] Stealth Rock
|-terastallize|p2a: Ceruledge|Fairy
|move|p2a: Ceruledge|Swords Dance|p2a: Ceruledge
|-boost|p2a: Ceruledge|atk|2
|
|-heal|p1a: Muk|90/100 par|[from] Grassy Terrain
|upkeep
|turn|9
|
|t:|1758282410
|move|p2a: Ceruledge|Bitter Blade|p1a: Muk
|-damage|p1a: Muk|0 fnt
|faint|p1a: Muk
|
|upkeep
|
|t:|1758282416
|switch|p1a: Gholdengo|Gholdengo|100/100
|-damage|p1a: Gholdengo|94/100|[from] Stealth Rock
|turn|10
|
|t:|1758282438
|-terastallize|p1a: Gholdengo|Fairy
|move|p2a: Ceruledge|Bitter Blade|p1a: Gholdengo
|-damage|p1a: Gholdengo|0 fnt
|faint|p1a: Gholdengo
|
|-fieldend|move: Grassy Terrain
|upkeep
|
|t:|1758282444
|switch|p1a: Great Tusk|Great Tusk|100/100
|turn|11
|
|t:|1758282449
|move|p1a: Great Tusk|Headlong Rush|p2a: Ceruledge
|-damage|p2a: Ceruledge|13/100
|-unboost|p1a: Great Tusk|def|1
|-unboost|p1a: Great Tusk|spd|1
|-ability|p2a: Ceruledge|Weak Armor|boost
|-unboost|p2a: Ceruledge|def|1
|-boost|p2a: Ceruledge|spe|2
|move|p2a: Ceruledge|Bitter Blade|p1a: Great Tusk
|-damage|p1a: Great Tusk|0 fnt
|-heal|p2a: Ceruledge|81/100|[from] drain|[of] p1a: Great Tusk
|faint|p1a: Great Tusk
|-end|p1a: Great Tusk|Protosynthesis|[silent]
|
|upkeep
|-message|lillie dantuiren forfeited.
|
|win|xrr rewriting
|raw|lillie dantuiren's rating: 1471 &rarr; <strong>1452</strong><br />(-19 for losing)
|raw|xrr rewriting's rating: 1493 &rarr; <strong>1512</strong><br />(+19 for winning)
|l|☆lillie dantuiren
|player|p1|
