|j|☆bishop1
|j|☆powerfull_rock
|t:|1758273351
|gametype|singles
|player|p1|bishop1|265|1525
|player|p2|powerfull_rock|blackbelt|1708
|gen|9
|tier|[Gen 9] OU
|rated|
|rule|HP Percentage Mod: HP is shown in percentages
|rule|Endless Battle Clause: Forcing endless battles is banned
|rule|Species Clause: Limit one of each Pokémon
|rule|OHKO Clause: OHKO moves are banned
|rule|Evasion Items Clause: Evasion items are banned
|rule|Evasion Moves Clause: Evasion moves are banned
|rule|Evasion Abilities Clause: Evasion abilities are banned
|rule|Sleep Moves Clause: Sleep-inducing moves are banned
|clearpoke
|poke|p1|Zamazenta-*|
|poke|p1|Ninetales-Alola, M|
|poke|p1|Darkrai|
|poke|p1|Ceruledge, F|
|poke|p1|Gliscor, M|
|poke|p1|Hatterene, F|
|poke|p2|Clodsire, M|
|poke|p2|Conkeldurr, F|
|poke|p2|Enamorus, F|
|poke|p2|Ceruledge, F|
|poke|p2|Skarmory, M|
|poke|p2|Sinistcha|
|teampreview
|
|t:|1758273357
|teamsize|p1|6
|teamsize|p2|6
|start
|switch|p1a: Ninetales|Ninetales-Alola, M|100/100
|switch|p2a: Wide Shoulder|Conkeldurr, F, shiny|100/100
|-weather|Snowscape|[from] ability: Snow Warning|[of] p1a: Ninetales
|turn|1
|inactive|Battle timer is ON: inactive players will automatically lose when time's up. (requested by powerfull_rock)
|
|t:|1758273360
|move|p1a: Ninetales|Aurora Veil|p1a: Ninetales
|-sidestart|p1: bishop1|move: Aurora Veil
|move|p2a: Wide Shoulder|Knock Off|p1a: Ninetales
|-resisted|p1a: Ninetales
|-damage|p1a: Ninetales|94/100
|-enditem|p1a: Ninetales|Light Clay|[from] move: Knock Off|[of] p2a: Wide Shoulder
|
|-weather|Snowscape|[upkeep]
|upkeep
|turn|2
|
|t:|1758273364
|switch|p2a: Metal Wing|Skarmory, M|100/100
|move|p1a: Ninetales|Encore||[still]
|-fail|p1a: Ninetales
|
|-weather|Snowscape|[upkeep]
|upkeep
|turn|3
|
|t:|1758273369
|switch|p1a: Hatterene|Hatterene, F|100/100
|switch|p2a: Clean Edge|Ceruledge, F|100/100
|
|-weather|Snowscape|[upkeep]
|upkeep
|turn|4
|
|t:|1758273372
|move|p2a: Clean Edge|Poltergeist|p1a: Hatterene
|-activate|p1a: Hatterene|move: Poltergeist|Leftovers
|-supereffective|p1a: Hatterene
|-damage|p1a: Hatterene|61/100
|move|p1a: Hatterene|Calm Mind|p1a: Hatterene
|-boost|p1a: Hatterene|spa|1
|-boost|p1a: Hatterene|spd|1
|
|-weather|Snowscape|[upkeep]
|-heal|p1a: Hatterene|67/100|[from] item: Leftovers
|upkeep
|turn|5
|
|t:|1758273381
|move|p2a: Clean Edge|Bulk Up|p2a: Clean Edge
|-boost|p2a: Clean Edge|atk|1
|-boost|p2a: Clean Edge|def|1
|move|p1a: Hatterene|Draining Kiss|p2a: Clean Edge
|-resisted|p2a: Clean Edge
|-damage|p2a: Clean Edge|87/100
|-heal|p1a: Hatterene|78/100|[from] drain|[of] p2a: Clean Edge
|
|-weather|none
|-heal|p1a: Hatterene|84/100|[from] item: Leftovers
|upkeep
|turn|6
|
|t:|1758273384
|move|p2a: Clean Edge|Poltergeist|p1a: Hatterene|[miss]
|-miss|p2a: Clean Edge|p1a: Hatterene
|move|p1a: Hatterene|Psyshock|p2a: Clean Edge
|-damage|p2a: Clean Edge|44/100
|
|-heal|p1a: Hatterene|90/100|[from] item: Leftovers
|upkeep
|turn|7
|
|t:|1758273386
|move|p2a: Clean Edge|Poltergeist|p1a: Hatterene
|-activate|p1a: Hatterene|move: Poltergeist|Leftovers
|-supereffective|p1a: Hatterene
|-damage|p1a: Hatterene|32/100
|move|p1a: Hatterene|Psyshock|p2a: Clean Edge
|-damage|p2a: Clean Edge|4/100
|
|-heal|p1a: Hatterene|38/100|[from] item: Leftovers
|upkeep
|turn|8
|
|t:|1758273393
|move|p2a: Clean Edge|Poltergeist|p1a: Hatterene
|-activate|p1a: Hatterene|move: Poltergeist|Leftovers
|-supereffective|p1a: Hatterene
|-damage|p1a: Hatterene|0 fnt
|faint|p1a: Hatterene
|
|-sideend|p1: bishop1|move: Aurora Veil
|upkeep
|
|t:|1758273395
|switch|p1a: Darkrai|Darkrai|100/100
|turn|9
|
|t:|1758273399
|switch|p2a: Wide Shoulder|Conkeldurr, F, shiny|100/100
|move|p1a: Darkrai|Dark Pulse|p2a: Wide Shoulder
|-resisted|p2a: Wide Shoulder
|-damage|p2a: Wide Shoulder|88/100
|
|upkeep
|turn|10
|
|t:|1758273404
|switch|p1a: Ninetales|Ninetales-Alola, M|94/100
|-weather|Snowscape|[from] ability: Snow Warning|[of] p1a: Ninetales
|move|p2a: Wide Shoulder|Knock Off|p1a: Ninetales
|-resisted|p1a: Ninetales
|-damage|p1a: Ninetales|84/100
|
|-weather|Snowscape|[upkeep]
|upkeep
|turn|11
|
|t:|1758273410
|switch|p2a: Metal Wing|Skarmory, M|100/100
|move|p1a: Ninetales|Aurora Veil|p1a: Ninetales
|-sidestart|p1: bishop1|move: Aurora Veil
|
|-weather|Snowscape|[upkeep]
|upkeep
|turn|12
|
|t:|1758273414
|switch|p1a: Ceruledge|Ceruledge, F|100/100
|move|p2a: Metal Wing|Spikes|p1a: Ceruledge
|-sidestart|p1: bishop1|Spikes
|
|-weather|Snowscape|[upkeep]
|upkeep
|turn|13
|
|t:|1758273418
|move|p1a: Ceruledge|Taunt|p2a: Metal Wing
|-start|p2a: Metal Wing|move: Taunt
|cant|p2a: Metal Wing|move: Taunt|Whirlwind
|
|-weather|Snowscape|[upkeep]
|upkeep
|turn|14
|
|t:|1758273421
|switch|p2a: Clean Edge|Ceruledge, F|4/100
|move|p1a: Ceruledge|Bulk Up|p1a: Ceruledge
|-boost|p1a: Ceruledge|atk|1
|-boost|p1a: Ceruledge|def|1
|
|-weather|none
|upkeep
|turn|15
|
|t:|1758273424
|move|p1a: Ceruledge|Shadow Sneak|p2a: Clean Edge
|-supereffective|p2a: Clean Edge
|-damage|p2a: Clean Edge|0 fnt
|faint|p2a: Clean Edge
|
|-sideend|p1: bishop1|move: Aurora Veil
|upkeep
|
|t:|1758273429
|switch|p2a: Broken Vessel|Sinistcha, shiny|100/100
|turn|16
|
|t:|1758273431
|-terastallize|p2a: Broken Vessel|Poison
|move|p1a: Ceruledge|Taunt|p2a: Broken Vessel
|-start|p2a: Broken Vessel|move: Taunt
|move|p2a: Broken Vessel|Shadow Ball|p1a: Ceruledge
|-supereffective|p1a: Ceruledge
|-damage|p1a: Ceruledge|50/100
|
|upkeep
|turn|17
|
|t:|1758273440
|-terastallize|p1a: Ceruledge|Bug
|move|p1a: Ceruledge|Bitter Blade|p2a: Broken Vessel
|-damage|p2a: Broken Vessel|81/100
|-heal|p1a: Ceruledge|59/100|[from] drain|[of] p2a: Broken Vessel
|move|p2a: Broken Vessel|Shadow Ball|p1a: Ceruledge
|-damage|p1a: Ceruledge|33/100
|
|upkeep
|turn|18
|
|t:|1758273444
|move|p1a: Ceruledge|Bitter Blade|p2a: Broken Vessel
|-damage|p2a: Broken Vessel|58/100
|-heal|p1a: Ceruledge|44/100|[from] drain|[of] p2a: Broken Vessel
|move|p2a: Broken Vessel|Shadow Ball|p1a: Ceruledge
|-damage|p1a: Ceruledge|18/100
|
|-end|p2a: Broken Vessel|move: Taunt
|upkeep
|turn|19
|
|t:|1758273447
|move|p1a: Ceruledge|Bitter Blade|p2a: Broken Vessel
|-damage|p2a: Broken Vessel|37/100
|-heal|p1a: Ceruledge|29/100|[from] drain|[of] p2a: Broken Vessel
|move|p2a: Broken Vessel|Shadow Ball|p1a: Ceruledge
|-damage|p1a: Ceruledge|3/100
|
|upkeep
|turn|20
|
|t:|1758273450
|move|p1a: Ceruledge|Bitter Blade|p2a: Broken Vessel
|-damage|p2a: Broken Vessel|15/100
|-heal|p1a: Ceruledge|14/100|[from] drain|[of] p2a: Broken Vessel
|move|p2a: Broken Vessel|Strength Sap|p1a: Ceruledge
|-unboost|p1a: Ceruledge|atk|1
|-heal|p2a: Broken Vessel|100/100
|
|upkeep
|turn|21
|
|t:|1758273455
|move|p1a: Ceruledge|Bitter Blade|p2a: Broken Vessel
|-damage|p2a: Broken Vessel|86/100
|-heal|p1a: Ceruledge|21/100|[from] drain|[of] p2a: Broken Vessel
|move|p2a: Broken Vessel|Shadow Ball|p1a: Ceruledge
|-damage|p1a: Ceruledge|0 fnt
|faint|p1a: Ceruledge
|
|upkeep
|
|t:|1758273460
|switch|p1a: Darkrai|Darkrai|100/100
|-damage|p1a: Darkrai|88/100|[from] Spikes
|turn|22
|
|t:|1758273463
|switch|p2a: Metal Wing|Skarmory, M|100/100
|move|p1a: Darkrai|Psyshock|p2a: Metal Wing
|-resisted|p2a: Metal Wing
|-damage|p2a: Metal Wing|90/100
|
|-heal|p1a: Darkrai|94/100|[from] item: Leftovers
|-heal|p2a: Metal Wing|96/100|[from] item: Leftovers
|upkeep
|turn|23
|
|t:|1758273470
|move|p1a: Darkrai|Nasty Plot|p1a: Darkrai
|-boost|p1a: Darkrai|spa|2
|move|p2a: Metal Wing|Brave Bird|p1a: Darkrai
|-damage|p1a: Darkrai|49/100
|-damage|p2a: Metal Wing|83/100|[from] Recoil
|
|-heal|p1a: Darkrai|55/100|[from] item: Leftovers
|-heal|p2a: Metal Wing|89/100|[from] item: Leftovers
|upkeep
|turn|24
|
|t:|1758273473
|move|p1a: Darkrai|Dark Pulse|p2a: Metal Wing
|-damage|p2a: Metal Wing|0 fnt
|faint|p2a: Metal Wing
|
|-heal|p1a: Darkrai|61/100|[from] item: Leftovers
|upkeep
|
|t:|1758273477
|switch|p2a: Wide Shoulder|Conkeldurr, F, shiny|88/100
|turn|25
|
|t:|1758273479
|move|p2a: Wide Shoulder|Mach Punch|p1a: Darkrai
|-supereffective|p1a: Darkrai
|-damage|p1a: Darkrai|7/100
|move|p1a: Darkrai|Psyshock|p2a: Wide Shoulder
|-supereffective|p2a: Wide Shoulder
|-damage|p2a: Wide Shoulder|0 fnt
|faint|p2a: Wide Shoulder
|
|-heal|p1a: Darkrai|13/100|[from] item: Leftovers
|upkeep
|
|t:|1758273505
|switch|p2a: Love Snake|Enamorus, F|100/100
|turn|26
|
|t:|1758273508
|move|p1a: Darkrai|Psyshock|p2a: Love Snake
|-damage|p2a: Love Snake|0 fnt
|faint|p2a: Love Snake
|
|-heal|p1a: Darkrai|19/100|[from] item: Leftovers
|upkeep
|
|t:|1758273512
|switch|p2a: Fat Body|Clodsire, M, shiny|100/100
|turn|27
|
|t:|1758273514
|move|p1a: Darkrai|Psyshock|p2a: Fat Body
|-supereffective|p2a: Fat Body
|-damage|p2a: Fat Body|5/100
|move|p2a: Fat Body|Earthquake|p1a: Darkrai
|-damage|p1a: Darkrai|0 fnt
|faint|p1a: Darkrai
|
|-heal|p2a: Fat Body|11/100|[from] item: Leftovers
|upkeep
|
|t:|1758273521
|switch|p1a: Gliscor|Gliscor, M|100/100
|turn|28
|
|t:|1758273524
|switch|p2a: Broken Vessel|Sinistcha, shiny, tera:Poison|86/100
|move|p1a: Gliscor|Swords Dance|p1a: Gliscor
|-boost|p1a: Gliscor|atk|2
|
|-status|p1a: Gliscor|tox|[from] item: Toxic Orb
|upkeep
|turn|29
|
|t:|1758273528
|move|p1a: Gliscor|Earthquake|p2a: Broken Vessel
|-supereffective|p2a: Broken Vessel
|-damage|p2a: Broken Vessel|0 fnt
|faint|p2a: Broken Vessel
|
|upkeep
|-message|powerfull_rock forfeited.
|
|win|bishop1
|raw|bishop1's rating: 1525 &rarr; <strong>1555</strong><br />(+30 for winning)
|raw|powerfull_rock's rating: 1708 &rarr; <strong>1678</strong><br />(-30 for losing)
|l|☆powerfull_rock
|player|p2|
|l|☆bishop1
|player|p1|
