|j|☆Sora0422
|j|☆ZeNiN_K1
|t:|1758262099
|gametype|singles
|player|p1|Sora0422|cynthia|1345
|player|p2|ZeNiN_K1|acetrainer-gen4|1289
|gen|9
|tier|[Gen 9] OU
|rated|
|rule|HP Percentage Mod: HP is shown in percentages
|rule|Endless Battle Clause: Forcing endless battles is banned
|rule|Species Clause: Limit one of each Pokémon
|rule|OHKO Clause: OHKO moves are banned
|rule|Evasion Items Clause: Evasion items are banned
|rule|Evasion Moves Clause: Evasion moves are banned
|rule|Evasion Abilities Clause: Evasion abilities are banned
|rule|Sleep Moves Clause: Sleep-inducing moves are banned
|clearpoke
|poke|p1|Samurott-Hisui, M|
|poke|p1|Great Tusk|
|poke|p1|Volcanion|
|poke|p1|Hydrapple, F|
|poke|p1|Gholdengo|
|poke|p1|Landorus-Therian, M|
|poke|p2|Zamazenta-*|
|poke|p2|Ninetales-Alola, M|
|poke|p2|Darkrai|
|poke|p2|Ceruledge, F|
|poke|p2|Gliscor, M|
|poke|p2|Hatterene, F|
|teampreview
|inactive|Battle timer is ON: inactive players will automatically lose when time's up. (requested by ZeNiN_K1)
|
|t:|1758262117
|teamsize|p1|6
|teamsize|p2|6
|start
|switch|p1a: The Last Ronin|Samurott-Hisui, M|100/100
|switch|p2a: Ninetales|Ninetales-Alola, M|100/100
|-weather|Snowscape|[from] ability: Snow Warning|[of] p2a: Ninetales
|turn|1
|
|t:|1758262127
|move|p2a: Ninetales|Freeze-Dry|p1a: The Last Ronin
|-supereffective|p1a: The Last Ronin
|-crit|p1a: The Last Ronin
|-damage|p1a: The Last Ronin|59/100
|move|p1a: The Last Ronin|Knock Off|p2a: Ninetales
|-resisted|p2a: Ninetales
|-damage|p2a: Ninetales|83/100
|-enditem|p2a: Ninetales|Light Clay|[from] move: Knock Off|[of] p1a: The Last Ronin
|
|-weather|Snowscape|[upkeep]
|upkeep
|turn|2
|
|t:|1758262138
|-terastallize|p1a: The Last Ronin|Poison
|move|p2a: Ninetales|Freeze-Dry|p1a: The Last Ronin
|-damage|p1a: The Last Ronin|43/100
|move|p1a: The Last Ronin|Razor Shell|p2a: Ninetales
|-damage|p2a: Ninetales|44/100
|-unboost|p2a: Ninetales|def|1
|
|-weather|Snowscape|[upkeep]
|upkeep
|turn|3
|
|t:|1758262149
|switch|p2a: Zamazenta|Zamazenta|100/100
|-ability|p2a: Zamazenta|Dauntless Shield|boost
|-boost|p2a: Zamazenta|def|1
|move|p1a: The Last Ronin|Razor Shell|p2a: Zamazenta
|-damage|p2a: Zamazenta|77/100
|-unboost|p2a: Zamazenta|def|1
|
|-weather|Snowscape|[upkeep]
|upkeep
|turn|4
|
|t:|1758262164
|switch|p1a: Great Mustache|Landorus-Therian, M|100/100
|-ability|p1a: Great Mustache|Intimidate|boost
|-unboost|p2a: Zamazenta|atk|1
|move|p2a: Zamazenta|Body Press|p1a: Great Mustache
|-resisted|p1a: Great Mustache
|-damage|p1a: Great Mustache|78/100
|
|-weather|Snowscape|[upkeep]
|upkeep
|turn|5
|
|t:|1758262174
|switch|p2a: Hatterene|Hatterene, F|100/100
|move|p1a: Great Mustache|U-turn|p2a: Hatterene
|-damage|p2a: Hatterene|70/100
|
|t:|1758262183
|switch|p1a: Heart of Ghold|Gholdengo|100/100|[from] U-turn
|-item|p1a: Heart of Ghold|Air Balloon
|
|-weather|none
|upkeep
|turn|6
|
|t:|1758262188
|switch|p2a: Ceruledge|Ceruledge, F|100/100
|move|p1a: Heart of Ghold|Shadow Ball|p2a: Ceruledge
|-supereffective|p2a: Ceruledge
|-damage|p2a: Ceruledge|33/100
|
|upkeep
|turn|7
|
|t:|1758262205
|switch|p2a: Darkrai|Darkrai|100/100
|move|p1a: Heart of Ghold|Shadow Ball|p2a: Darkrai
|-resisted|p2a: Darkrai
|-damage|p2a: Darkrai|72/100
|
|-heal|p2a: Darkrai|78/100|[from] item: Leftovers
|upkeep
|turn|8
|
|t:|1758262216
|switch|p1a: King Tusk|Great Tusk|100/100
|move|p2a: Darkrai|Dark Pulse|p1a: King Tusk
|-resisted|p1a: King Tusk
|-damage|p1a: King Tusk|65/100
|
|-heal|p2a: Darkrai|84/100|[from] item: Leftovers
|upkeep
|turn|9
|
|t:|1758262226
|switch|p2a: Zamazenta|Zamazenta|77/100
|move|p1a: King Tusk|Stealth Rock|p2a: Zamazenta
|-sidestart|p2: ZeNiN_K1|move: Stealth Rock
|
|upkeep
|turn|10
|
|t:|1758262235
|move|p2a: Zamazenta|Iron Defense|p2a: Zamazenta
|-boost|p2a: Zamazenta|def|2
|move|p1a: King Tusk|Headlong Rush|p2a: Zamazenta
|-damage|p2a: Zamazenta|53/100
|-unboost|p1a: King Tusk|def|1
|-unboost|p1a: King Tusk|spd|1
|
|upkeep
|turn|11
|
|t:|1758262241
|-end|p1a: King Tusk|Protosynthesis|[silent]
|switch|p1a: Great Mustache|Landorus-Therian, M|78/100
|-ability|p1a: Great Mustache|Intimidate|boost
|-unboost|p2a: Zamazenta|atk|1
|move|p2a: Zamazenta|Rest|p2a: Zamazenta
|-status|p2a: Zamazenta|slp|[from] move: Rest
|-heal|p2a: Zamazenta|100/100 slp|[silent]
|-enditem|p2a: Zamazenta|Chesto Berry|[eat]
|-curestatus|p2a: Zamazenta|slp|[msg]
|
|upkeep
|turn|12
|
|t:|1758262253
|move|p1a: Great Mustache|U-turn|p2a: Zamazenta
|-resisted|p2a: Zamazenta
|-damage|p2a: Zamazenta|95/100
|
|t:|1758262261
|switch|p1a: Erupting Star|Volcanion|100/100|[from] U-turn
|move|p2a: Zamazenta|Body Press|p1a: Erupting Star
|-crit|p1a: Erupting Star
|-damage|p1a: Erupting Star|10/100
|
|upkeep
|turn|13
|
|t:|1758262264
|move|p2a: Zamazenta|Crunch|p1a: Erupting Star
|-damage|p1a: Erupting Star|0 fnt
|faint|p1a: Erupting Star
|
|upkeep
|
|t:|1758262271
|switch|p1a: Heart of Ghold|Gholdengo|100/100
|-item|p1a: Heart of Ghold|Air Balloon
|turn|14
|
|t:|1758262294
|move|p2a: Zamazenta|Crunch|p1a: Heart of Ghold
|-supereffective|p1a: Heart of Ghold
|-damage|p1a: Heart of Ghold|70/100
|-enditem|p1a: Heart of Ghold|Air Balloon
|move|p1a: Heart of Ghold|Shadow Ball|p2a: Zamazenta
|-damage|p2a: Zamazenta|55/100
|
|upkeep
|turn|15
|
|t:|1758262308
|move|p2a: Zamazenta|Crunch|p1a: Heart of Ghold
|-supereffective|p1a: Heart of Ghold
|-damage|p1a: Heart of Ghold|41/100
|-unboost|p1a: Heart of Ghold|def|1
|move|p1a: Heart of Ghold|Shadow Ball|p2a: Zamazenta
|-damage|p2a: Zamazenta|17/100
|
|upkeep
|turn|16
|
|t:|1758262315
|switch|p1a: The Fickle Heart|Hydrapple, F|100/100
|move|p2a: Zamazenta|Rest|p2a: Zamazenta
|-status|p2a: Zamazenta|slp|[from] move: Rest
|-heal|p2a: Zamazenta|100/100 slp|[silent]
|
|upkeep
|turn|17
|
|t:|1758262323
|switch|p2a: Hatterene|Hatterene, F|70/100
|-damage|p2a: Hatterene|57/100|[from] Stealth Rock
|move|p1a: The Fickle Heart|Nasty Plot|p1a: The Fickle Heart
|-boost|p1a: The Fickle Heart|spa|2
|
|upkeep
|turn|18
|
|t:|1758262330
|move|p1a: The Fickle Heart|Giga Drain|p2a: Hatterene
|-damage|p2a: Hatterene|16/100
|move|p2a: Hatterene|Draining Kiss|p1a: The Fickle Heart
|-supereffective|p1a: The Fickle Heart
|-damage|p1a: The Fickle Heart|45/100
|-heal|p2a: Hatterene|70/100|[from] drain|[of] p1a: The Fickle Heart
|-damage|p2a: Hatterene|54/100|[from] item: Rocky Helmet|[of] p1a: The Fickle Heart
|
|upkeep
|turn|19
|
|t:|1758262342
|switch|p1a: Heart of Ghold|Gholdengo|41/100
|move|p2a: Hatterene|Draining Kiss|p1a: Heart of Ghold
|-resisted|p1a: Heart of Ghold
|-crit|p1a: Heart of Ghold
|-damage|p1a: Heart of Ghold|22/100
|-heal|p2a: Hatterene|71/100|[from] drain|[of] p1a: Heart of Ghold
|
|upkeep
|turn|20
|
|t:|1758262350
|-terastallize|p2a: Hatterene|Water
|move|p1a: Heart of Ghold|Recover|p1a: Heart of Ghold
|-heal|p1a: Heart of Ghold|72/100
|move|p2a: Hatterene|Mystical Fire|p1a: Heart of Ghold
|-supereffective|p1a: Heart of Ghold
|-damage|p1a: Heart of Ghold|17/100
|-unboost|p1a: Heart of Ghold|spa|1
|
|upkeep
|turn|21
|-message|Sora0422 forfeited.
|
|win|ZeNiN_K1
|raw|Sora0422's rating: 1345 &rarr; <strong>1322</strong><br />(-23 for losing)
|raw|ZeNiN_K1's rating: 1289 &rarr; <strong>1318</strong><br />(+29 for winning)
|l|☆Sora0422
|player|p1|
