|j|☆axunyu
|j|☆Yajityyy
|t:|1758340862
|gametype|singles
|player|p1|axunyu|2|1326
|player|p2|Yajityyy|burglar|1381
|gen|9
|tier|[Gen 9] OU
|rated|
|rule|HP Percentage Mod: HP is shown in percentages
|rule|Endless Battle Clause: Forcing endless battles is banned
|rule|Species Clause: Limit one of each Pokémon
|rule|OHKO Clause: OHKO moves are banned
|rule|Evasion Items Clause: Evasion items are banned
|rule|Evasion Moves Clause: Evasion moves are banned
|rule|Evasion Abilities Clause: Evasion abilities are banned
|rule|Sleep Moves Clause: Sleep-inducing moves are banned
|clearpoke
|poke|p1|Torkoal, F|
|poke|p1|Scovillain, F|
|poke|p1|Zamazenta-*|
|poke|p1|Corviknight, M|
|poke|p1|Raging Bolt|
|poke|p1|Arcanine-Hisui, F|
|poke|p2|Araquanid, M|
|poke|p2|Manaphy|
|poke|p2|Gholdengo|
|poke|p2|Great Tusk|
|poke|p2|Weavile, F|
|poke|p2|Ogerpon-Wellspring, F|
|teampreview
|inactive|Battle timer is ON: inactive players will automatically lose when time's up. (requested by axunyu)
|c|☆Yajityyy|Gl
|
|t:|1758340876
|teamsize|p1|6
|teamsize|p2|6
|start
|switch|p1a: Arcanine|Arcanine-Hisui, F|100/100
|switch|p2a: Araquanid|Araquanid, M|100/100
|turn|1
|
|t:|1758340881
|move|p2a: Araquanid|Endure|p2a: Araquanid
|-singleturn|p2a: Araquanid|move: Endure
|move|p1a: Arcanine|Head Smash|p2a: Araquanid
|-supereffective|p2a: Araquanid
|-activate|p2a: Araquanid|move: Endure
|-damage|p2a: Araquanid|1/100
|
|upkeep
|turn|2
|-enditem|p2a: Araquanid|Custap Berry|[eat]
|-activate|p2a: Araquanid|item: Custap Berry|[consumed]
|
|t:|1758340888
|move|p2a: Araquanid|Sticky Web|p1a: Arcanine
|-sidestart|p1: axunyu|move: Sticky Web
|move|p1a: Arcanine|Head Smash|p2a: Araquanid
|-supereffective|p2a: Araquanid
|-damage|p2a: Araquanid|0 fnt
|faint|p2a: Araquanid
|
|upkeep
|
|t:|1758340911
|switch|p2a: Great Tusk|Great Tusk|100/100
|-enditem|p2a: Great Tusk|Booster Energy
|-activate|p2a: Great Tusk|ability: Protosynthesis|[fromitem]
|-start|p2a: Great Tusk|protosynthesisspe
|turn|3
|
|t:|1758340917
|switch|p1a: Corviknight|Corviknight, M|100/100
|-ability|p1a: Corviknight|Pressure
|move|p2a: Great Tusk|Bulk Up|p2a: Great Tusk
|-boost|p2a: Great Tusk|atk|1
|-boost|p2a: Great Tusk|def|1
|
|upkeep
|turn|4
|
|t:|1758340931
|move|p2a: Great Tusk|Bulk Up|p2a: Great Tusk
|-boost|p2a: Great Tusk|atk|1
|-boost|p2a: Great Tusk|def|1
|move|p1a: Corviknight|Defog|p2a: Great Tusk
|-unboost|p2a: Great Tusk|evasion|1
|-sideend|p1: axunyu|Sticky Web|[from] move: Defog|[of] p1a: Corviknight
|
|upkeep
|turn|5
|
|t:|1758340939
|move|p2a: Great Tusk|Bulk Up|p2a: Great Tusk
|-boost|p2a: Great Tusk|atk|1
|-boost|p2a: Great Tusk|def|1
|move|p1a: Corviknight|Brave Bird|p2a: Great Tusk
|-supereffective|p2a: Great Tusk
|-damage|p2a: Great Tusk|77/100
|-damage|p1a: Corviknight|93/100|[from] Recoil
|
|-heal|p1a: Corviknight|99/100|[from] item: Leftovers
|upkeep
|turn|6
|
|t:|1758340948
|move|p2a: Great Tusk|Bulk Up|p2a: Great Tusk
|-boost|p2a: Great Tusk|atk|1
|-boost|p2a: Great Tusk|def|1
|move|p1a: Corviknight|Brave Bird|p2a: Great Tusk
|-supereffective|p2a: Great Tusk
|-damage|p2a: Great Tusk|58/100
|-damage|p1a: Corviknight|93/100|[from] Recoil
|
|-heal|p1a: Corviknight|99/100|[from] item: Leftovers
|upkeep
|turn|7
|
|t:|1758340955
|move|p2a: Great Tusk|Ice Spinner|p1a: Corviknight
|-damage|p1a: Corviknight|61/100
|move|p1a: Corviknight|Brave Bird|p2a: Great Tusk
|-supereffective|p2a: Great Tusk
|-damage|p2a: Great Tusk|39/100
|-damage|p1a: Corviknight|55/100|[from] Recoil
|
|-heal|p1a: Corviknight|61/100|[from] item: Leftovers
|upkeep
|turn|8
|
|t:|1758340973
|-end|p2a: Great Tusk|Protosynthesis|[silent]
|switch|p2a: Gholdengo|Gholdengo|100/100
|-item|p2a: Gholdengo|Air Balloon
|move|p1a: Corviknight|Roost|p1a: Corviknight
|-heal|p1a: Corviknight|100/100
|-singleturn|p1a: Corviknight|move: Roost
|
|upkeep
|turn|9
|
|t:|1758340980
|move|p2a: Gholdengo|Nasty Plot|p2a: Gholdengo
|-boost|p2a: Gholdengo|spa|2
|move|p1a: Corviknight|U-turn|p2a: Gholdengo
|-resisted|p2a: Gholdengo
|-damage|p2a: Gholdengo|96/100
|-enditem|p2a: Gholdengo|Air Balloon
|
|t:|1758340986
|switch|p1a: Arcanine|Arcanine-Hisui, F|100/100|[from] U-turn
|
|upkeep
|turn|10
|inactive|Yajityyy has 120 seconds left.
|
|t:|1758341019
|switch|p2a: Manaphy|Manaphy|100/100
|move|p1a: Arcanine|Flare Blitz|p2a: Manaphy
|-resisted|p2a: Manaphy
|-damage|p2a: Manaphy|60/100
|-status|p2a: Manaphy|brn
|
|-heal|p2a: Manaphy|66/100 brn|[from] item: Leftovers
|-damage|p2a: Manaphy|60/100 brn|[from] brn
|upkeep
|turn|11
|
|t:|1758341029
|switch|p1a: Torkoal|Torkoal, F, shiny|100/100
|-weather|SunnyDay|[from] ability: Drought|[of] p1a: Torkoal
|move|p2a: Manaphy|Surf|p1a: Torkoal
|-supereffective|p1a: Torkoal
|-damage|p1a: Torkoal|51/100
|
|-weather|SunnyDay|[upkeep]
|-heal|p2a: Manaphy|66/100 brn|[from] item: Leftovers
|-damage|p2a: Manaphy|60/100 brn|[from] brn
|upkeep
|turn|12
|
|t:|1758341037
|switch|p1a: Raging Bolt|Raging Bolt|100/100
|-activate|p1a: Raging Bolt|ability: Protosynthesis
|-start|p1a: Raging Bolt|protosynthesisspa
|move|p2a: Manaphy|Tail Glow|p2a: Manaphy
|-boost|p2a: Manaphy|spa|3
|
|-weather|SunnyDay|[upkeep]
|-heal|p2a: Manaphy|66/100 brn|[from] item: Leftovers
|-damage|p2a: Manaphy|60/100 brn|[from] brn
|upkeep
|turn|13
|
|t:|1758341047
|move|p2a: Manaphy|Substitute|p2a: Manaphy
|-start|p2a: Manaphy|Substitute
|-damage|p2a: Manaphy|35/100 brn
|move|p1a: Raging Bolt|Thunderbolt|p2a: Manaphy
|-supereffective|p2a: Manaphy
|-end|p2a: Manaphy|Substitute
|
|-weather|SunnyDay|[upkeep]
|-heal|p2a: Manaphy|41/100 brn|[from] item: Leftovers
|-damage|p2a: Manaphy|35/100 brn|[from] brn
|upkeep
|turn|14
|
|t:|1758341053
|move|p1a: Raging Bolt|Thunderclap||[still]
|-fail|p1a: Raging Bolt
|move|p2a: Manaphy|Tail Glow|p2a: Manaphy
|-boost|p2a: Manaphy|spa|3
|
|-weather|SunnyDay|[upkeep]
|-heal|p2a: Manaphy|41/100 brn|[from] item: Leftovers
|-damage|p2a: Manaphy|35/100 brn|[from] brn
|upkeep
|turn|15
|
|t:|1758341057
|move|p2a: Manaphy|Substitute|p2a: Manaphy
|-start|p2a: Manaphy|Substitute
|-damage|p2a: Manaphy|10/100 brn
|move|p1a: Raging Bolt|Thunderbolt|p2a: Manaphy
|-supereffective|p2a: Manaphy
|-end|p2a: Manaphy|Substitute
|
|-weather|SunnyDay|[upkeep]
|-heal|p2a: Manaphy|16/100 brn|[from] item: Leftovers
|-damage|p2a: Manaphy|10/100 brn|[from] brn
|upkeep
|turn|16
|
|t:|1758341067
|move|p1a: Raging Bolt|Thunderclap|p2a: Manaphy
|-supereffective|p2a: Manaphy
|-damage|p2a: Manaphy|0 fnt
|faint|p2a: Manaphy
|
|-weather|SunnyDay|[upkeep]
|upkeep
|
|t:|1758341086
|switch|p2a: Weavile|Weavile, F|100/100
|turn|17
|
|t:|1758341096
|-end|p1a: Raging Bolt|Protosynthesis|[silent]
|switch|p1a: Corviknight|Corviknight, M|100/100
|-ability|p1a: Corviknight|Pressure
|move|p2a: Weavile|Low Kick|p1a: Corviknight
|-damage|p1a: Corviknight|79/100
|
|-weather|SunnyDay|[upkeep]
|-heal|p1a: Corviknight|85/100|[from] item: Leftovers
|upkeep
|turn|18
|l|☆axunyu
|inactive|axunyu disconnected and has a minute to reconnect!
|player|p1|
|j|☆axunyu
|inactive|axunyu reconnected and has 120 seconds left.
|player|p1|axunyu|2|
|
|t:|1758341129
|switch|p2a: Gholdengo|Gholdengo|96/100
|move|p1a: Corviknight|U-turn|p2a: Gholdengo
|-resisted|p2a: Gholdengo
|-damage|p2a: Gholdengo|93/100
|
|t:|1758341134
|switch|p1a: Arcanine|Arcanine-Hisui, F|100/100|[from] U-turn
|
|-weather|none
|upkeep
|turn|19
|
|t:|1758341150
|switch|p2a: Great Tusk|Great Tusk|39/100
|move|p1a: Arcanine|Flare Blitz|p2a: Great Tusk
|-crit|p2a: Great Tusk
|-damage|p2a: Great Tusk|0 fnt
|faint|p2a: Great Tusk
|-end|p2a: Great Tusk|Protosynthesis|[silent]
|
|upkeep
|
|t:|1758341154
|switch|p2a: Ogerpon|Ogerpon-Wellspring, F|100/100
|turn|20
|
|t:|1758341163
|-terastallize|p2a: Ogerpon|Water
|detailschange|p2a: Ogerpon|Ogerpon-Wellspring-Tera, F, tera:Water
|-ability|p2a: Ogerpon|Embody Aspect (Wellspring)|boost
|-boost|p2a: Ogerpon|spd|1
|move|p2a: Ogerpon|Ivy Cudgel|p1a: Arcanine|[anim] Ivy Cudgel Water
|-supereffective|p1a: Arcanine
|-damage|p1a: Arcanine|0 fnt
|faint|p1a: Arcanine
|
|upkeep
|
|t:|1758341169
|switch|p1a: Torkoal|Torkoal, F, shiny|51/100
|-weather|SunnyDay|[from] ability: Drought|[of] p1a: Torkoal
|turn|21
|
|t:|1758341177
|move|p2a: Ogerpon|Ivy Cudgel|p1a: Torkoal|[anim] Ivy Cudgel Water
|-supereffective|p1a: Torkoal
|-damage|p1a: Torkoal|0 fnt
|faint|p1a: Torkoal
|
|-weather|SunnyDay|[upkeep]
|upkeep
|
|t:|1758341183
|switch|p1a: Scovillain|Scovillain, F|100/100
|turn|22
|
|t:|1758341193
|move|p1a: Scovillain|Solar Beam||[still]
|-prepare|p1a: Scovillain|Solar Beam
|-anim|p1a: Scovillain|Solar Beam|p2a: Ogerpon
|-supereffective|p2a: Ogerpon
|-damage|p2a: Ogerpon|0 fnt
|faint|p2a: Ogerpon
|detailschange|p2: Ogerpon|Ogerpon-Wellspring, F|[silent]
|-damage|p1a: Scovillain|91/100|[from] item: Life Orb
|
|-weather|SunnyDay|[upkeep]
|upkeep
|
|t:|1758341203
|switch|p2a: Weavile|Weavile, F|100/100
|turn|23
|
|t:|1758341208
|move|p1a: Scovillain|Fire Blast|p2a: Weavile
|-supereffective|p2a: Weavile
|-damage|p2a: Weavile|0 fnt
|faint|p2a: Weavile
|-damage|p1a: Scovillain|81/100|[from] item: Life Orb
|
|-weather|SunnyDay|[upkeep]
|upkeep
|
|t:|1758341211
|switch|p2a: Gholdengo|Gholdengo|93/100
|turn|24
|
|t:|1758341221
|move|p1a: Scovillain|Fire Blast|p2a: Gholdengo|[miss]
|-miss|p1a: Scovillain|p2a: Gholdengo
|move|p2a: Gholdengo|Nasty Plot|p2a: Gholdengo
|-boost|p2a: Gholdengo|spa|2
|
|-weather|SunnyDay|[upkeep]
|upkeep
|turn|25
|
|t:|1758341233
|move|p1a: Scovillain|Fire Blast|p2a: Gholdengo
|-supereffective|p2a: Gholdengo
|-damage|p2a: Gholdengo|0 fnt
|faint|p2a: Gholdengo
|-damage|p1a: Scovillain|71/100|[from] item: Life Orb
|
|win|axunyu
|raw|axunyu's rating: 1326 &rarr; <strong>1349</strong><br />(+23 for winning)
|raw|Yajityyy's rating: 1381 &rarr; <strong>1358</strong><br />(-23 for losing)
|l|☆Yajityyy
|player|p2|
|l|☆axunyu
|player|p1|
