|j|‽six10lol
|j|☆xdye
|t:|1758308018
|gametype|singles
|player|p1|six10lol|pokekid|1496
|player|p2|xdye|iris-gen5bw2|1617
|gen|9
|tier|[Gen 9] OU
|rated|
|rule|HP Percentage Mod: HP is shown in percentages
|rule|Endless Battle Clause: Forcing endless battles is banned
|rule|Species Clause: Limit one of each Pokémon
|rule|OHKO Clause: OHKO moves are banned
|rule|Evasion Items Clause: Evasion items are banned
|rule|Evasion Moves Clause: Evasion moves are banned
|rule|Evasion Abilities Clause: Evasion abilities are banned
|rule|Sleep Moves Clause: Sleep-inducing moves are banned
|clearpoke
|poke|p1|Ursaluna, M|
|poke|p1|Cresselia, F|
|poke|p1|Kingambit, M|
|poke|p1|Volcanion|
|poke|p1|Hatterene, F|
|poke|p1|Porygon2|
|poke|p2|Ogerpon-Wellspring, F|
|poke|p2|Zapdos|
|poke|p2|Glimmora, M|
|poke|p2|Great Tusk|
|poke|p2|Samurott-Hisui, M|
|poke|p2|Gholdengo|
|teampreview
|inactive|Battle timer is ON: inactive players will automatically lose when time's up. (requested by six10lol)
|c|☆xdye|hf
|
|t:|1758308036
|teamsize|p1|6
|teamsize|p2|6
|start
|switch|p1a: Volcanion|Volcanion|100/100
|switch|p2a: Gholdengo|Gholdengo|100/100
|turn|1
|
|t:|1758308047
|switch|p2a: Samurott|Samurott-Hisui, M|100/100
|move|p1a: Volcanion|Flamethrower|p2a: Samurott
|-resisted|p2a: Samurott
|-damage|p2a: Samurott|74/100
|
|upkeep
|turn|2
|
|t:|1758308054
|switch|p1a: Porygon2|Porygon2|100/100
|-ability|p1a: Porygon2|Download|boost
|-boost|p1a: Porygon2|atk|1
|move|p2a: Samurott|Ceaseless Edge|p1a: Porygon2
|-damage|p1a: Porygon2|71/100
|-sidestart|p1: six10lol|Spikes
|
|upkeep
|turn|3
|
|t:|1758308061
|move|p2a: Samurott|Ceaseless Edge|p1a: Porygon2|[miss]
|-miss|p2a: Samurott|p1a: Porygon2
|move|p1a: Porygon2|Trick Room|p1a: Porygon2
|-fieldstart|move: Trick Room|[of] p1a: Porygon2
|
|upkeep
|turn|4
|
|t:|1758308068
|switch|p1a: Ursaluna|Ursaluna, M|100/100
|-damage|p1a: Ursaluna|88/100|[from] Spikes
|move|p2a: Samurott|Ceaseless Edge|p1a: Ursaluna
|-damage|p1a: Ursaluna|60/100
|-sidestart|p1: six10lol|Spikes
|
|-status|p1a: Ursaluna|brn|[from] item: Flame Orb
|upkeep
|turn|5
|
|t:|1758308088
|switch|p2a: Zapdos|Zapdos|100/100
|move|p1a: Ursaluna|Fire Punch|p2a: Zapdos
|-damage|p2a: Zapdos|65/100
|
|-damage|p1a: Ursaluna|54/100 brn|[from] brn
|upkeep
|turn|6
|
|t:|1758308098
|switch|p2a: Glimmora|Glimmora, M|100/100
|move|p1a: Ursaluna|Facade|p2a: Glimmora
|-resisted|p2a: Glimmora
|-damage|p2a: Glimmora|29/100
|-activate|p2a: Glimmora|ability: Toxic Debris
|-sidestart|p1: six10lol|move: Toxic Spikes
|-enditem|p2a: Glimmora|Red Card|[of] p1a: Ursaluna
|drag|p1a: Porygon2|Porygon2|71/100
|-damage|p1a: Porygon2|54/100|[from] Spikes
|-status|p1a: Porygon2|psn
|-ability|p1a: Porygon2|Download|boost
|-boost|p1a: Porygon2|spa|1
|
|-damage|p1a: Porygon2|42/100 psn|[from] psn
|upkeep
|turn|7
|
|t:|1758308113
|move|p1a: Porygon2|Ice Beam|p2a: Glimmora
|-damage|p2a: Glimmora|0 fnt
|faint|p2a: Glimmora
|
|-damage|p1a: Porygon2|29/100 psn|[from] psn
|-fieldend|move: Trick Room
|upkeep
|inactive|xdye has 120 seconds left.
|
|t:|1758308136
|switch|p2a: Ogerpon|Ogerpon-Wellspring, F|100/100
|turn|8
|inactive|xdye has 120 seconds left.
|
|t:|1758308148
|move|p2a: Ogerpon|Power Whip|p1a: Porygon2
|-damage|p1a: Porygon2|0 fnt
|faint|p1a: Porygon2
|
|upkeep
|inactive|six10lol has 120 seconds left.
|
|t:|1758308192
|switch|p1a: Hatterene|Hatterene, F|100/100
|-damage|p1a: Hatterene|84/100|[from] Spikes
|-status|p1a: Hatterene|psn
|turn|9
|
|t:|1758308196
|move|p2a: Ogerpon|Ivy Cudgel|p1a: Hatterene|[anim] Ivy Cudgel Water
|-damage|p1a: Hatterene|34/100 psn
|move|p1a: Hatterene|Trick Room|p1a: Hatterene
|-fieldstart|move: Trick Room|[of] p1a: Hatterene
|
|-damage|p1a: Hatterene|22/100 psn|[from] psn
|upkeep
|turn|10
|
|t:|1758308210
|switch|p2a: Zapdos|Zapdos|65/100
|move|p1a: Hatterene|Healing Wish|p1a: Hatterene
|faint|p1a: Hatterene
|
|upkeep
|inactive|six10lol has 120 seconds left.
|
|t:|1758308224
|switch|p1a: Kingambit|Kingambit, M|100/100
|-damage|p1a: Kingambit|84/100|[from] Spikes
|-activate|p1a: Kingambit|ability: Supreme Overlord
|-start|p1a: Kingambit|fallen2|[silent]
|turn|11
|
|t:|1758308231
|move|p1a: Kingambit|Swords Dance|p1a: Kingambit
|-boost|p1a: Kingambit|atk|2
|move|p2a: Zapdos|Discharge|p1a: Kingambit
|-damage|p1a: Kingambit|51/100
|-status|p1a: Kingambit|par
|
|upkeep
|turn|12
|
|t:|1758308238
|move|p1a: Kingambit|Kowtow Cleave|p2a: Zapdos
|-damage|p2a: Zapdos|0 fnt
|faint|p2a: Zapdos
|
|upkeep
|
|t:|1758308258
|switch|p2a: Great Tusk|Great Tusk|100/100
|turn|13
|
|t:|1758308270
|-terastallize|p1a: Kingambit|Fairy
|move|p1a: Kingambit|Tera Blast|p2a: Great Tusk|[anim] Tera Blast Fairy
|-supereffective|p2a: Great Tusk
|-damage|p2a: Great Tusk|0 fnt
|faint|p2a: Great Tusk
|-end|p2a: Great Tusk|Protosynthesis|[silent]
|
|-fieldend|move: Trick Room
|upkeep
|
|t:|1758308274
|switch|p2a: Gholdengo|Gholdengo|100/100
|turn|14
|
|t:|1758308287
|-end|p1a: Kingambit|fallen2|[silent]
|switch|p1a: Volcanion|Volcanion|100/100
|-damage|p1a: Volcanion|84/100|[from] Spikes
|-status|p1a: Volcanion|psn
|move|p2a: Gholdengo|Trick|p1a: Volcanion
|-activate|p2a: Gholdengo|move: Trick|[of] p1a: Volcanion
|-item|p1a: Volcanion|Choice Scarf|[from] move: Trick
|-item|p2a: Gholdengo|Choice Specs|[from] move: Trick
|
|-damage|p1a: Volcanion|72/100 psn|[from] psn
|upkeep
|turn|15
|
|t:|1758308298
|move|p2a: Gholdengo|Shadow Ball|p1a: Volcanion
|-damage|p1a: Volcanion|10/100 psn
|-unboost|p1a: Volcanion|spd|1
|move|p1a: Volcanion|Steam Eruption|p2a: Gholdengo
|-damage|p2a: Gholdengo|27/100
|
|-damage|p1a: Volcanion|0 fnt|[from] psn
|faint|p1a: Volcanion
|upkeep
|
|t:|1758308316
|switch|p1a: Ursaluna|Ursaluna, M|54/100 brn
|-heal|p1a: Ursaluna|100/100|[from] move: Healing Wish
|-damage|p1a: Ursaluna|84/100|[from] Spikes
|-status|p1a: Ursaluna|psn
|turn|16
|
|t:|1758308335
|switch|p2a: Samurott|Samurott-Hisui, M|74/100
|move|p1a: Ursaluna|Fire Punch|p2a: Samurott
|-resisted|p2a: Samurott
|-damage|p2a: Samurott|49/100
|-status|p2a: Samurott|brn
|
|-damage|p1a: Ursaluna|71/100 psn|[from] psn
|-damage|p2a: Samurott|43/100 brn|[from] brn
|upkeep
|turn|17
|
|t:|1758308352
|switch|p1a: Cresselia|Cresselia, F, shiny|100/100
|move|p2a: Samurott|Razor Shell|p1a: Cresselia
|-damage|p1a: Cresselia|87/100
|
|-damage|p2a: Samurott|37/100 brn|[from] brn
|upkeep
|turn|18
|
|t:|1758308363
|switch|p2a: Gholdengo|Gholdengo|27/100
|move|p1a: Cresselia|Trick Room|p1a: Cresselia
|-fieldstart|move: Trick Room|[of] p1a: Cresselia
|
|upkeep
|turn|19
|
|t:|1758308376
|move|p1a: Cresselia|Lunar Dance|p1a: Cresselia
|faint|p1a: Cresselia
|move|p2a: Gholdengo|Make It Rain|p1: Cresselia|[notarget]
|-fail|p2a: Gholdengo
|
|upkeep
|
|t:|1758308383
|switch|p1a: Kingambit|Kingambit, M, tera:Fairy|51/100 par
|-heal|p1a: Kingambit|100/100|[from] move: Lunar Dance
|-damage|p1a: Kingambit|84/100|[from] Spikes
|-status|p1a: Kingambit|psn
|-activate|p1a: Kingambit|ability: Supreme Overlord
|-start|p1a: Kingambit|fallen4|[silent]
|turn|20
|
|t:|1758308397
|switch|p2a: Samurott|Samurott-Hisui, M|37/100 brn
|move|p1a: Kingambit|Kowtow Cleave|p2a: Samurott
|-resisted|p2a: Samurott
|-damage|p2a: Samurott|0 fnt
|faint|p2a: Samurott
|
|-damage|p1a: Kingambit|72/100 psn|[from] psn
|upkeep
|
|t:|1758308401
|switch|p2a: Gholdengo|Gholdengo|27/100
|turn|21
|
|t:|1758308410
|move|p1a: Kingambit|Kowtow Cleave|p2a: Gholdengo
|-supereffective|p2a: Gholdengo
|-damage|p2a: Gholdengo|0 fnt
|faint|p2a: Gholdengo
|
|-damage|p1a: Kingambit|59/100 psn|[from] psn
|upkeep
|
|t:|1758308412
|switch|p2a: Ogerpon|Ogerpon-Wellspring, F|100/100
|turn|22
|
|t:|1758308421
|-terastallize|p2a: Ogerpon|Water
|detailschange|p2a: Ogerpon|Ogerpon-Wellspring-Tera, F, tera:Water
|-ability|p2a: Ogerpon|Embody Aspect (Wellspring)|boost
|-boost|p2a: Ogerpon|spd|1
|move|p1a: Kingambit|Kowtow Cleave|p2a: Ogerpon
|-damage|p2a: Ogerpon|0 fnt
|faint|p2a: Ogerpon
|detailschange|p2: Ogerpon|Ogerpon-Wellspring, F|[silent]
|
|win|six10lol
|raw|six10lol's rating: 1496 &rarr; <strong>1523</strong><br />(+27 for winning)
|raw|xdye's rating: 1617 &rarr; <strong>1590</strong><br />(-27 for losing)
|c|☆xdye|gg
|l|☆xdye
|player|p2|
|l|‽six10lol
|player|p1|
