|j|☆Hunter_of_Keys
|j|☆V1C7ORYY
|t:|1758351112
|gametype|singles
|player|p1|Hunter_of_Keys|veteran|1418
|player|p2|V1C7ORYY|bugcatcher-gen4dp|1436
|gen|9
|tier|[Gen 9] OU
|rated|
|rule|HP Percentage Mod: HP is shown in percentages
|rule|Endless Battle Clause: Forcing endless battles is banned
|rule|Species Clause: Limit one of each Pokémon
|rule|OHKO Clause: OHKO moves are banned
|rule|Evasion Items Clause: Evasion items are banned
|rule|Evasion Moves Clause: Evasion moves are banned
|rule|Evasion Abilities Clause: Evasion abilities are banned
|rule|Sleep Moves Clause: Sleep-inducing moves are banned
|clearpoke
|poke|p1|Espeon, F|
|poke|p1|Indeedee, M|
|poke|p1|Armarouge, M|
|poke|p1|Gallade, M|
|poke|p1|Cresselia, F|
|poke|p1|Rabsca, F|
|poke|p2|Zamazenta-*|
|poke|p2|Gholdengo|
|poke|p2|Dragonite, F|
|poke|p2|Ting-Lu|
|poke|p2|Dragapult, M|
|poke|p2|Deoxys-Speed|
|teampreview
|inactive|Battle timer is ON: inactive players will automatically lose when time's up. (requested by Hunter_of_Keys)
|
|t:|1758351121
|teamsize|p1|6
|teamsize|p2|6
|start
|switch|p1a: Indeedee|Indeedee, M|100/100
|switch|p2a: Ting-Lu|Ting-Lu|100/100
|-fieldstart|move: Psychic Terrain|[from] ability: Psychic Surge|[of] p1a: Indeedee
|-ability|p2a: Ting-Lu|Vessel of Ruin
|turn|1
|
|t:|1758351129
|switch|p1a: Espeon|Espeon, F|100/100
|move|p2a: Ting-Lu|Throat Chop|p1a: Espeon
|-supereffective|p1a: Espeon
|-damage|p1a: Espeon|21/100
|-start|p1a: Espeon|Throat Chop|[silent]
|
|upkeep
|turn|2
|
|t:|1758351138
|switch|p1a: Gallade|Gallade, M|100/100
|move|p2a: Ting-Lu|Throat Chop|p1a: Gallade
|-damage|p1a: Gallade|35/100
|-start|p1a: Gallade|Throat Chop|[silent]
|
|upkeep
|turn|3
|
|t:|1758351155
|move|p1a: Gallade|Sacred Sword|p2a: Ting-Lu
|-supereffective|p2a: Ting-Lu
|-damage|p2a: Ting-Lu|19/100
|move|p2a: Ting-Lu|Throat Chop|p1a: Gallade
|-damage|p1a: Gallade|0 fnt
|faint|p1a: Gallade
|
|-heal|p2a: Ting-Lu|25/100|[from] item: Leftovers
|upkeep
|
|t:|1758351174
|switch|p1a: Espeon|Espeon, F|21/100
|turn|4
|
|t:|1758351181
|move|p1a: Espeon|Alluring Voice|p2a: Ting-Lu
|-supereffective|p2a: Ting-Lu
|-damage|p2a: Ting-Lu|0 fnt
|faint|p2a: Ting-Lu
|
|upkeep
|
|t:|1758351195
|switch|p2a: Dragapult|Dragapult, M|100/100
|turn|5
|
|t:|1758351206
|switch|p1a: Armarouge|Armarouge, M|100/100
|move|p2a: Dragapult|U-turn|p1a: Armarouge
|-damage|p1a: Armarouge|81/100
|-ability|p1a: Armarouge|Weak Armor|boost
|-unboost|p1a: Armarouge|def|1
|-boost|p1a: Armarouge|spe|2
|
|t:|1758351219
|switch|p2a: Dragonite|Dragonite, F|100/100|[from] U-turn
|
|upkeep
|turn|6
|
|t:|1758351222
|switch|p1a: Cresselia|Cresselia, F|100/100
|move|p2a: Dragonite|Earthquake|p1a: Cresselia
|-immune|p1a: Cresselia|[from] ability: Levitate
|
|upkeep
|turn|7
|
|t:|1758351228
|move|p2a: Dragonite|Dragon Dance|p2a: Dragonite
|-boost|p2a: Dragonite|atk|1
|-boost|p2a: Dragonite|spe|1
|move|p1a: Cresselia|Thunder Wave|p2a: Dragonite
|-status|p2a: Dragonite|par
|
|upkeep
|turn|8
|
|t:|1758351236
|move|p1a: Cresselia|Ice Beam|p2a: Dragonite
|-supereffective|p2a: Dragonite
|-damage|p2a: Dragonite|67/100 par
|move|p2a: Dragonite|Dragon Dance|p2a: Dragonite
|-boost|p2a: Dragonite|atk|1
|-boost|p2a: Dragonite|spe|1
|
|-fieldend|move: Psychic Terrain
|upkeep
|turn|9
|
|t:|1758351248
|switch|p2a: Gholdengo|Gholdengo|100/100
|move|p1a: Cresselia|Ice Beam|p2a: Gholdengo
|-resisted|p2a: Gholdengo
|-damage|p2a: Gholdengo|92/100
|
|-heal|p2a: Gholdengo|98/100|[from] item: Leftovers
|upkeep
|turn|10
|
|t:|1758351275
|switch|p1a: Indeedee|Indeedee, M|100/100
|-fieldstart|move: Psychic Terrain|[from] ability: Psychic Surge|[of] p1a: Indeedee
|move|p2a: Gholdengo|Thunder Wave|p1a: Indeedee
|-status|p1a: Indeedee|par
|
|-heal|p2a: Gholdengo|100/100|[from] item: Leftovers
|upkeep
|turn|11
|
|t:|1758351289
|move|p2a: Gholdengo|Make It Rain|p1a: Indeedee
|-damage|p1a: Indeedee|4/100 par
|-unboost|p2a: Gholdengo|spa|1
|move|p1a: Indeedee|Healing Wish|p1a: Indeedee
|faint|p1a: Indeedee
|
|upkeep
|inactive|Hunter_of_Keys has 120 seconds left.
|
|t:|1758351311
|switch|p1a: Armarouge|Armarouge, M|81/100
|-heal|p1a: Armarouge|100/100|[from] move: Healing Wish
|turn|12
|
|t:|1758351321
|switch|p2a: Dragonite|Dragonite, F|67/100 par
|move|p1a: Armarouge|Armor Cannon|p2a: Dragonite
|-resisted|p2a: Dragonite
|-damage|p2a: Dragonite|30/100 par
|-unboost|p1a: Armarouge|def|1
|-unboost|p1a: Armarouge|spd|1
|
|upkeep
|turn|13
|
|t:|1758351328
|move|p1a: Armarouge|Expanding Force|p2a: Dragonite
|-damage|p2a: Dragonite|0 fnt
|faint|p2a: Dragonite
|
|upkeep
|
|t:|1758351349
|switch|p2a: Deoxys|Deoxys-Speed|100/100
|-ability|p2a: Deoxys|Pressure
|turn|14
|
|t:|1758351353
|switch|p1a: Espeon|Espeon, F|21/100
|move|p2a: Deoxys|Knock Off|p1a: Espeon
|-supereffective|p1a: Espeon
|-damage|p1a: Espeon|0 fnt
|-enditem|p1a: Espeon|Ability Shield|[from] move: Knock Off|[of] p2a: Deoxys
|faint|p1a: Espeon
|-damage|p2a: Deoxys|91/100|[from] item: Life Orb
|
|upkeep
|
|t:|1758351359
|switch|p1a: Armarouge|Armarouge, M|100/100
|turn|15
|
|t:|1758351367
|move|p2a: Deoxys|Knock Off|p1a: Armarouge
|-supereffective|p1a: Armarouge
|-damage|p1a: Armarouge|23/100
|-ability|p1a: Armarouge|Weak Armor|boost
|-unboost|p1a: Armarouge|def|1
|-boost|p1a: Armarouge|spe|2
|-enditem|p1a: Armarouge|Weakness Policy
|-boost|p1a: Armarouge|atk|2|[from] item: Weakness Policy
|-boost|p1a: Armarouge|spa|2|[from] item: Weakness Policy
|-damage|p2a: Deoxys|81/100|[from] item: Life Orb
|move|p1a: Armarouge|Armor Cannon|p2a: Deoxys
|-damage|p2a: Deoxys|0 fnt
|-unboost|p1a: Armarouge|def|1
|-unboost|p1a: Armarouge|spd|1
|faint|p2a: Deoxys
|
|upkeep
|inactive|V1C7ORYY has 120 seconds left.
|
|t:|1758351410
|switch|p2a: Zamazenta|Zamazenta|100/100
|-ability|p2a: Zamazenta|Dauntless Shield|boost
|-boost|p2a: Zamazenta|def|1
|turn|16
|
|t:|1758351419
|-terastallize|p2a: Zamazenta|Steel
|move|p1a: Armarouge|Armor Cannon|p2a: Zamazenta
|-supereffective|p2a: Zamazenta
|-damage|p2a: Zamazenta|0 fnt
|-unboost|p1a: Armarouge|def|1
|-unboost|p1a: Armarouge|spd|1
|faint|p2a: Zamazenta
|
|upkeep
|
|t:|1758351432
|switch|p2a: Gholdengo|Gholdengo|100/100
|turn|17
|
|t:|1758351437
|move|p1a: Armarouge|Armor Cannon|p2a: Gholdengo
|-supereffective|p2a: Gholdengo
|-damage|p2a: Gholdengo|0 fnt
|-unboost|p1a: Armarouge|def|1
|-unboost|p1a: Armarouge|spd|1
|faint|p2a: Gholdengo
|
|-fieldend|move: Psychic Terrain
|upkeep
|
|t:|1758351440
|switch|p2a: Dragapult|Dragapult, M|100/100
|turn|18
|
|t:|1758351445
|move|p1a: Armarouge|Expanding Force|p2a: Dragapult
|-damage|p2a: Dragapult|0 fnt
|faint|p2a: Dragapult
|
|win|Hunter_of_Keys
|raw|Hunter_of_Keys's rating: 1418 &rarr; <strong>1439</strong><br />(+21 for winning)
|raw|V1C7ORYY's rating: 1436 &rarr; <strong>1415</strong><br />(-21 for losing)
|l|☆V1C7ORYY
|player|p2|
|l|☆Hunter_of_Keys
|player|p1|
