|j|☆acidosis
|j|☆Eight Five
|t:|1758337538
|gametype|singles
|player|p1|acidosis|1|1520
|player|p2|Eight Five|170|1494
|gen|9
|tier|[Gen 9] OU
|rated|
|rule|HP Percentage Mod: HP is shown in percentages
|rule|Endless Battle Clause: Forcing endless battles is banned
|rule|Species Clause: Limit one of each Pokémon
|rule|OHKO Clause: OHKO moves are banned
|rule|Evasion Items Clause: Evasion items are banned
|rule|Evasion Moves Clause: Evasion moves are banned
|rule|Evasion Abilities Clause: Evasion abilities are banned
|rule|Sleep Moves Clause: Sleep-inducing moves are banned
|clearpoke
|poke|p1|Passimian, F|
|poke|p1|Raging Bolt|
|poke|p1|Landorus-Therian, M|
|poke|p1|Pecharunt|
|poke|p1|Hatterene, F|
|poke|p1|Darkrai|
|poke|p2|Landorus-Therian, M|
|poke|p2|Jirachi|
|poke|p2|Chandelure, F|
|poke|p2|Primarina, M|
|poke|p2|Zapdos|
|poke|p2|Noivern, F|
|teampreview
|inactive|Battle timer is ON: inactive players will automatically lose when time's up. (requested by Eight Five)
|inactive|Eight Five has 120 seconds left.
|
|t:|1758337573
|teamsize|p1|6
|teamsize|p2|6
|start
|switch|p1a: Passimian|Passimian, F|100/100
|switch|p2a: Noivern|Noivern, F|100/100
|turn|1
|
|t:|1758337581
|switch|p1a: Hatterene|Hatterene, F|100/100
|move|p2a: Noivern|U-turn|p1a: Hatterene
|-damage|p1a: Hatterene|88/100
|
|t:|1758337588
|switch|p2a: Jirachi|Jirachi|100/100|[from] U-turn
|
|upkeep
|turn|2
|
|t:|1758337590
|switch|p1a: Landoheime|Landorus-Therian, M|100/100
|-ability|p1a: Landoheime|Intimidate|boost
|-unboost|p2a: Jirachi|atk|1
|move|p2a: Jirachi|Doom Desire|p1a: Landoheime
|-start|p2a: Jirachi|Doom Desire
|
|upkeep
|turn|3
|
|t:|1758337598
|switch|p2a: Noivern|Noivern, F|100/100
|move|p1a: Landoheime|Stealth Rock|p2a: Noivern
|-sidestart|p2: Eight Five|move: Stealth Rock
|
|upkeep
|turn|4
|
|t:|1758337603
|move|p2a: Noivern|Defog|p1a: Landoheime
|-unboost|p1a: Landoheime|evasion|1
|-sideend|p2: Eight Five|Stealth Rock|[from] move: Defog|[of] p2a: Noivern
|move|p1a: Landoheime|Stone Edge|p2a: Noivern|[miss]
|-miss|p1a: Landoheime|p2a: Noivern
|
|-end|p1a: Landoheime|move: Doom Desire
|-damage|p1a: Landoheime|46/100
|upkeep
|turn|5
|
|t:|1758337609
|switch|p1a: Hatterene|Hatterene, F|88/100
|move|p2a: Noivern|Hurricane|p1a: Hatterene
|-damage|p1a: Hatterene|62/100
|
|upkeep
|turn|6
|
|t:|1758337615
|move|p2a: Noivern|U-turn|p1a: Hatterene
|-damage|p1a: Hatterene|50/100
|
|t:|1758337616
|switch|p2a: Jirachi|Jirachi|100/100|[from] U-turn
|move|p1a: Hatterene|Nuzzle|p2a: Jirachi
|-damage|p2a: Jirachi|97/100
|-status|p2a: Jirachi|par
|
|-heal|p2a: Jirachi|100/100 par|[from] item: Leftovers
|upkeep
|turn|7
|
|t:|1758337622
|switch|p1a: Passimian|Passimian, F|100/100
|move|p2a: Jirachi|Doom Desire|p1a: Passimian
|-start|p2a: Jirachi|Doom Desire
|
|upkeep
|turn|8
|
|t:|1758337635
|switch|p2a: Noivern|Noivern, F|100/100
|move|p1a: Passimian|Bulk Up|p1a: Passimian
|-boost|p1a: Passimian|atk|1
|-boost|p1a: Passimian|def|1
|
|upkeep
|turn|9
|
|t:|1758337642
|-terastallize|p1a: Passimian|Ice
|move|p2a: Noivern|Hurricane|p1a: Passimian
|-damage|p1a: Passimian|44/100
|move|p1a: Passimian|Tera Blast|p2a: Noivern|[anim] Tera Blast Ice
|-supereffective|p2a: Noivern
|-damage|p2a: Noivern|0 fnt
|faint|p2a: Noivern
|
|-end|p1a: Passimian|move: Doom Desire
|-supereffective|p1a: Passimian
|-damage|p1a: Passimian|0 fnt
|faint|p1a: Passimian
|upkeep
|
|t:|1758337656
|switch|p2a: Zapdos|Zapdos|100/100
|switch|p1a: Landoheime|Landorus-Therian, M|46/100
|-ability|p1a: Landoheime|Intimidate|boost
|-unboost|p2a: Zapdos|atk|1
|turn|10
|
|t:|1758337659
|move|p2a: Zapdos|Hurricane|p1a: Landoheime
|-damage|p1a: Landoheime|0 fnt
|faint|p1a: Landoheime
|
|upkeep
|
|t:|1758337662
|switch|p1a: Raging Bolt|Raging Bolt|100/100
|-enditem|p1a: Raging Bolt|Booster Energy
|-activate|p1a: Raging Bolt|ability: Protosynthesis|[fromitem]
|-start|p1a: Raging Bolt|protosynthesisspa
|turn|11
|
|t:|1758337665
|switch|p2a: Jirachi|Jirachi|100/100 par
|move|p1a: Raging Bolt|Calm Mind|p1a: Raging Bolt
|-boost|p1a: Raging Bolt|spa|1
|-boost|p1a: Raging Bolt|spd|1
|
|upkeep
|turn|12
|
|t:|1758337668
|move|p1a: Raging Bolt|Thunderbolt|p2a: Jirachi
|-damage|p2a: Jirachi|35/100 par
|cant|p2a: Jirachi|par
|
|-heal|p2a: Jirachi|41/100 par|[from] item: Leftovers
|upkeep
|turn|13
|
|t:|1758337673
|move|p1a: Raging Bolt|Draco Meteor|p2a: Jirachi
|-resisted|p2a: Jirachi
|-damage|p2a: Jirachi|0 fnt
|-unboost|p1a: Raging Bolt|spa|2
|faint|p2a: Jirachi
|
|upkeep
|
|t:|1758337676
|switch|p2a: Landorus|Landorus-Therian, M|100/100
|-ability|p2a: Landorus|Intimidate|boost
|-unboost|p1a: Raging Bolt|atk|1
|turn|14
|
|t:|1758337678
|move|p2a: Landorus|Earthquake|p1a: Raging Bolt
|-supereffective|p1a: Raging Bolt
|-damage|p1a: Raging Bolt|0 fnt
|faint|p1a: Raging Bolt
|-end|p1a: Raging Bolt|Protosynthesis|[silent]
|
|upkeep
|-message|acidosis forfeited.
|
|win|Eight Five
|raw|acidosis's rating: 1520 &rarr; <strong>1499</strong><br />(-21 for losing)
|raw|Eight Five's rating: 1494 &rarr; <strong>1515</strong><br />(+21 for winning)
|l|☆acidosis
|player|p1|
|l|☆Eight Five
|player|p2|
