|j|☆undertalethemovie
|j|☆Polgre VII
|t:|1758274859
|gametype|singles
|player|p1|undertalethemovie|n|1407
|player|p2|Polgre VII|drayden|1381
|gen|9
|tier|[Gen 9] OU
|rated|
|rule|HP Percentage Mod: HP is shown in percentages
|rule|Endless Battle Clause: Forcing endless battles is banned
|rule|Species Clause: Limit one of each Pokémon
|rule|OHKO Clause: OHKO moves are banned
|rule|Evasion Items Clause: Evasion items are banned
|rule|Evasion Moves Clause: Evasion moves are banned
|rule|Evasion Abilities Clause: Evasion abilities are banned
|rule|Sleep Moves Clause: Sleep-inducing moves are banned
|clearpoke
|poke|p1|Clodsire, M|
|poke|p1|Ogerpon-Wellspring, F|
|poke|p1|Zoroark-Hisui, F|
|poke|p1|Zamazenta-*|
|poke|p1|Cinderace, F|
|poke|p1|Deoxys-Speed|
|poke|p2|Iron Moth|
|poke|p2|Kingambit, M|
|poke|p2|Dragonite, F|
|poke|p2|Ogerpon-Cornerstone, F|
|poke|p2|Iron Valiant|
|poke|p2|Raging Bolt|
|teampreview
|inactive|Battle timer is ON: inactive players will automatically lose when time's up. (requested by undertalethemovie)
|
|t:|1758274886
|teamsize|p1|6
|teamsize|p2|6
|start
|switch|p1a: Ingerland|Cinderace, F|100/100
|switch|p2a: Iron Valiant|Iron Valiant|100/100
|-enditem|p2a: Iron Valiant|Booster Energy
|-activate|p2a: Iron Valiant|ability: Quark Drive|[fromitem]
|-start|p2a: Iron Valiant|quarkdrivespe
|turn|1
|
|t:|1758274901
|move|p2a: Iron Valiant|Close Combat|p1a: Ingerland
|-damage|p1a: Ingerland|11/100
|-unboost|p2a: Iron Valiant|def|1
|-unboost|p2a: Iron Valiant|spd|1
|move|p1a: Ingerland|Gunk Shot|p2a: Iron Valiant
|-start|p1a: Ingerland|typechange|Poison|[from] ability: Libero
|-supereffective|p2a: Iron Valiant
|-crit|p2a: Iron Valiant
|-damage|p2a: Iron Valiant|0 fnt
|faint|p2a: Iron Valiant
|-end|p2a: Iron Valiant|Quark Drive|[silent]
|
|upkeep
|
|t:|1758274905
|switch|p2a: Iron Moth|Iron Moth|100/100
|-enditem|p2a: Iron Moth|Booster Energy
|-activate|p2a: Iron Moth|ability: Quark Drive|[fromitem]
|-start|p2a: Iron Moth|quarkdrivespe
|turn|2
|
|t:|1758274907
|switch|p1a: Mumbo|Clodsire, M|100/100
|-item|p1a: Mumbo|Air Balloon
|move|p2a: Iron Moth|Fiery Dance|p1a: Mumbo
|-damage|p1a: Mumbo|78/100
|-boost|p2a: Iron Moth|spa|1
|-enditem|p1a: Mumbo|Air Balloon
|
|upkeep
|turn|3
|
|t:|1758274911
|move|p2a: Iron Moth|Fiery Dance|p1a: Mumbo
|-damage|p1a: Mumbo|57/100
|move|p1a: Mumbo|Toxic Spikes|p2a: Iron Moth
|-sidestart|p2: Polgre VII|move: Toxic Spikes
|
|upkeep
|turn|4
|
|t:|1758274915
|-terastallize|p2a: Iron Moth|Grass
|move|p2a: Iron Moth|Energy Ball|p1a: Mumbo
|-damage|p1a: Mumbo|34/100
|move|p1a: Mumbo|Toxic Spikes|p2a: Iron Moth
|-sidestart|p2: Polgre VII|move: Toxic Spikes
|
|upkeep
|turn|5
|
|t:|1758274922
|move|p2a: Iron Moth|Sludge Wave|p1a: Mumbo
|-resisted|p1a: Mumbo
|-damage|p1a: Mumbo|28/100
|move|p1a: Mumbo|Recover|p1a: Mumbo
|-heal|p1a: Mumbo|78/100
|
|upkeep
|turn|6
|
|t:|1758274925
|move|p2a: Iron Moth|Fiery Dance|p1a: Mumbo
|-damage|p1a: Mumbo|57/100
|move|p1a: Mumbo|Recover|p1a: Mumbo
|-heal|p1a: Mumbo|100/100
|
|upkeep
|turn|7
|
|t:|1758274934
|move|p2a: Iron Moth|Fiery Dance|p1a: Mumbo
|-damage|p1a: Mumbo|80/100
|move|p1a: Mumbo|Toxic|p2a: Iron Moth
|-status|p2a: Iron Moth|tox
|
|-damage|p2a: Iron Moth|95/100 tox|[from] psn
|upkeep
|turn|8
|
|t:|1758274938
|move|p2a: Iron Moth|Fiery Dance|p1a: Mumbo
|-damage|p1a: Mumbo|59/100
|move|p1a: Mumbo|Recover|p1a: Mumbo
|-heal|p1a: Mumbo|100/100
|
|-damage|p2a: Iron Moth|83/100 tox|[from] psn
|upkeep
|turn|9
|
|t:|1758274943
|move|p2a: Iron Moth|Fiery Dance|p1a: Mumbo
|-damage|p1a: Mumbo|78/100
|move|p1a: Mumbo|Earthquake|p2a: Iron Moth
|-resisted|p2a: Iron Moth
|-damage|p2a: Iron Moth|62/100 tox
|
|-damage|p2a: Iron Moth|44/100 tox|[from] psn
|upkeep
|turn|10
|
|t:|1758274951
|-end|p2a: Iron Moth|Quark Drive|[silent]
|switch|p2a: Ogerpon|Ogerpon-Cornerstone, F|100/100
|-status|p2a: Ogerpon|tox
|move|p1a: Mumbo|Recover|p1a: Mumbo
|-heal|p1a: Mumbo|100/100
|
|-damage|p2a: Ogerpon|95/100 tox|[from] psn
|upkeep
|turn|11
|
|t:|1758274957
|-terastallize|p1a: Mumbo|Flying
|move|p2a: Ogerpon|Power Whip|p1a: Mumbo
|-resisted|p1a: Mumbo
|-damage|p1a: Mumbo|64/100
|move|p1a: Mumbo|Earthquake|p2a: Ogerpon
|-damage|p2a: Ogerpon|57/100 tox
|
|-damage|p2a: Ogerpon|45/100 tox|[from] psn
|upkeep
|turn|12
|
|t:|1758274961
|move|p2a: Ogerpon|Ivy Cudgel|p1a: Mumbo|[anim] Ivy Cudgel Rock
|-supereffective|p1a: Mumbo
|-damage|p1a: Mumbo|0 fnt
|faint|p1a: Mumbo
|
|-damage|p2a: Ogerpon|27/100 tox|[from] psn
|upkeep
|
|t:|1758274963
|switch|p1a: Ingerland|Cinderace, F|100/100
|-item|p1a: Ingerland|Air Balloon
|turn|13
|
|t:|1758274984
|move|p1a: Ingerland|Detect|p1a: Ingerland
|-singleturn|p1a: Ingerland|Protect
|move|p2a: Ogerpon|Ivy Cudgel|p1a: Ingerland|[anim] Ivy Cudgel Rock
|-activate|p1a: Ingerland|move: Protect
|
|-damage|p2a: Ogerpon|3/100 tox|[from] psn
|upkeep
|turn|14
|
|t:|1758274988
|move|p1a: Ingerland|Shadow Sneak|p2a: Ogerpon
|-damage|p2a: Ogerpon|0 fnt
|faint|p2a: Ogerpon
|
|upkeep
|
|t:|1758275010
|switch|p2a: Kingambit|Kingambit, M|100/100
|-activate|p2a: Kingambit|ability: Supreme Overlord
|-start|p2a: Kingambit|fallen2|[silent]
|turn|15
|
|t:|1758275012
|move|p2a: Kingambit|Sucker Punch||[still]
|-fail|p2a: Kingambit
|move|p1a: Ingerland|Will-O-Wisp|p2a: Kingambit
|-status|p2a: Kingambit|brn
|-enditem|p2a: Kingambit|Lum Berry|[eat]
|-curestatus|p2a: Kingambit|brn|[msg]
|
|upkeep
|turn|16
|
|t:|1758275016
|move|p1a: Ingerland|Will-O-Wisp|p2a: Kingambit
|-status|p2a: Kingambit|brn
|move|p2a: Kingambit|Kowtow Cleave|p1a: Ingerland
|-supereffective|p1a: Ingerland
|-damage|p1a: Ingerland|0 fnt
|replace|p1a: Count St. Germain|Zoroark-Hisui, F, shiny
|-end|p1a: Count St. Germain|Illusion
|-enditem|p1a: Count St. Germain|Air Balloon
|faint|p1a: Count St. Germain
|
|-damage|p2a: Kingambit|94/100 brn|[from] brn
|upkeep
|
|t:|1758275021
|switch|p1a: Pokemon Shield|Zamazenta|100/100
|-ability|p1a: Pokemon Shield|Dauntless Shield|boost
|-boost|p1a: Pokemon Shield|def|1
|turn|17
|
|t:|1758275026
|move|p1a: Pokemon Shield|Close Combat|p2a: Kingambit
|-supereffective|p2a: Kingambit
|-damage|p2a: Kingambit|0 fnt
|-unboost|p1a: Pokemon Shield|def|1
|-unboost|p1a: Pokemon Shield|spd|1
|faint|p2a: Kingambit
|-end|p2a: Kingambit|fallen2|[silent]
|
|upkeep
|
|t:|1758275049
|switch|p2a: Iron Moth|Iron Moth, tera:Grass|44/100 tox
|turn|18
|
|t:|1758275051
|move|p1a: Pokemon Shield|Close Combat|p2a: Iron Moth
|-damage|p2a: Iron Moth|0 fnt
|-unboost|p1a: Pokemon Shield|def|1
|-unboost|p1a: Pokemon Shield|spd|1
|faint|p2a: Iron Moth
|-end|p2a: Iron Moth|Quark Drive|[silent]
|
|upkeep
|
|t:|1758275054
|switch|p2a: Raging Bolt|Raging Bolt|100/100
|-status|p2a: Raging Bolt|tox
|-enditem|p2a: Raging Bolt|Booster Energy
|-activate|p2a: Raging Bolt|ability: Protosynthesis|[fromitem]
|-start|p2a: Raging Bolt|protosynthesisspa
|turn|19
|
|t:|1758275058
|switch|p1a: Ingerland|Cinderace, F|11/100
|move|p2a: Raging Bolt|Thunderbolt|p1a: Ingerland
|-damage|p1a: Ingerland|0 fnt
|faint|p1a: Ingerland
|
|-damage|p2a: Raging Bolt|94/100 tox|[from] psn
|upkeep
|
|t:|1758275065
|switch|p1a: Minami Torishima|Deoxys-Speed|100/100
|-ability|p1a: Minami Torishima|Pressure
|turn|20
|
|t:|1758275078
|move|p2a: Raging Bolt|Thunderclap|p1a: Minami Torishima
|-damage|p1a: Minami Torishima|13/100
|move|p1a: Minami Torishima|Ice Beam|p2a: Raging Bolt
|-supereffective|p2a: Raging Bolt
|-damage|p2a: Raging Bolt|16/100 tox
|
|-damage|p2a: Raging Bolt|3/100 tox|[from] psn
|upkeep
|turn|21
|
|t:|1758275085
|switch|p1a: The Writer|Ogerpon-Wellspring, F|100/100
|move|p2a: Raging Bolt|Thunderbolt|p1a: The Writer
|-damage|p1a: The Writer|26/100
|
|-damage|p2a: Raging Bolt|0 fnt|[from] psn
|faint|p2a: Raging Bolt
|-end|p2a: Raging Bolt|Protosynthesis|[silent]
|upkeep
|
|t:|1758275098
|switch|p2a: Dragonite|Dragonite, F|100/100
|turn|22
|
|t:|1758275104
|move|p1a: The Writer|U-turn|p2a: Dragonite
|-resisted|p2a: Dragonite
|-damage|p2a: Dragonite|93/100
|
|t:|1758275106
|switch|p1a: Minami Torishima|Deoxys-Speed|13/100|[from] U-turn
|-ability|p1a: Minami Torishima|Pressure
|move|p2a: Dragonite|Dragon Dance|p2a: Dragonite
|-boost|p2a: Dragonite|atk|1
|-boost|p2a: Dragonite|spe|1
|
|upkeep
|turn|23
|
|t:|1758275123
|move|p2a: Dragonite|Extreme Speed|p1a: Minami Torishima
|-damage|p1a: Minami Torishima|0 fnt
|faint|p1a: Minami Torishima
|
|upkeep
|
|t:|1758275129
|switch|p1a: The Writer|Ogerpon-Wellspring, F|26/100
|turn|24
|
|t:|1758275134
|move|p2a: Dragonite|Extreme Speed|p1a: The Writer
|-damage|p1a: The Writer|0 fnt
|faint|p1a: The Writer
|
|upkeep
|
|t:|1758275136
|switch|p1a: Pokemon Shield|Zamazenta|100/100
|turn|25
|
|t:|1758275140
|move|p2a: Dragonite|Earthquake|p1a: Pokemon Shield
|-damage|p1a: Pokemon Shield|43/100
|move|p1a: Pokemon Shield|Crunch|p2a: Dragonite
|-damage|p2a: Dragonite|63/100
|-unboost|p2a: Dragonite|def|1
|
|-heal|p1a: Pokemon Shield|49/100|[from] item: Leftovers
|upkeep
|turn|26
|
|t:|1758275146
|move|p2a: Dragonite|Earthquake|p1a: Pokemon Shield
|-damage|p1a: Pokemon Shield|0 fnt
|faint|p1a: Pokemon Shield
|
|win|Polgre VII
|raw|undertalethemovie's rating: 1407 &rarr; <strong>1387</strong><br />(-20 for losing)
|raw|Polgre VII's rating: 1399 &rarr; <strong>1419</strong><br />(+20 for winning)
|l|☆undertalethemovie
|player|p1|
|l|☆Polgre VII
|player|p2|
