|j|☆Milo Everspring
|j|☆marisa_fumo_gaming
|t:|1758257194
|gametype|singles
|player|p1|Milo Everspring|rood|1262
|player|p2|marisa_fumo_gaming|2|1285
|gen|9
|tier|[Gen 9] OU
|rated|
|rule|HP Percentage Mod: HP is shown in percentages
|rule|Endless Battle Clause: Forcing endless battles is banned
|rule|Species Clause: Limit one of each Pokémon
|rule|OHKO Clause: OHKO moves are banned
|rule|Evasion Items Clause: Evasion items are banned
|rule|Evasion Moves Clause: Evasion moves are banned
|rule|Evasion Abilities Clause: Evasion abilities are banned
|rule|Sleep Moves Clause: Sleep-inducing moves are banned
|clearpoke
|poke|p1|Ribombee, M|
|poke|p1|Cinderace, M|
|poke|p1|Malamar, M|
|poke|p1|Serperior, M|
|poke|p1|Milotic, F|
|poke|p1|Bisharp, M|
|poke|p2|Electivire, M|
|poke|p2|Dragapult, M|
|poke|p2|Scizor, M|
|poke|p2|Ogerpon-Wellspring, F|
|poke|p2|Enamorus, F|
|poke|p2|Cinderace, F|
|teampreview
|
|t:|1758257199
|teamsize|p1|6
|teamsize|p2|6
|start
|switch|p1a: Andy Murrbee|Ribombee, M|100/100
|switch|p2a: Scizor|Scizor, M|100/100
|turn|1
|
|t:|1758257205
|move|p1a: Andy Murrbee|Sticky Web|p2a: Scizor
|-sidestart|p2: marisa_fumo_gaming|move: Sticky Web
|move|p2a: Scizor|Dual Wingbeat|p1a: Andy Murrbee|[miss]
|-miss|p2a: Scizor|p1a: Andy Murrbee
|
|upkeep
|turn|2
|
|t:|1758257215
|move|p1a: Andy Murrbee|Stun Spore|p2a: Scizor
|-status|p2a: Scizor|par
|move|p2a: Scizor|Dual Wingbeat|p1a: Andy Murrbee
|-supereffective|p1a: Andy Murrbee
|-enditem|p1a: Andy Murrbee|Focus Sash
|-damage|p1a: Andy Murrbee|1/100
|-supereffective|p1a: Andy Murrbee
|-damage|p1a: Andy Murrbee|0 fnt
|faint|p1a: Andy Murrbee
|-hitcount|p1: Andy Murrbee|2
|
|upkeep
|
|t:|1758257226
|switch|p1a: Roger Federace|Cinderace, M, shiny|100/100
|turn|3
|
|t:|1758257229
|move|p1a: Roger Federace|Court Change|p1a: Roger Federace
|-start|p1a: Roger Federace|typechange|Normal|[from] ability: Libero
|-swapsideconditions
|-activate|p1a: Roger Federace|move: Court Change
|move|p2a: Scizor|Dual Wingbeat|p1a: Roger Federace
|-damage|p1a: Roger Federace|51/100
|-damage|p1a: Roger Federace|1/100
|-hitcount|p1a: Roger Federace|2
|
|upkeep
|turn|4
|
|t:|1758257238
|move|p1a: Roger Federace|Pyro Ball|p2a: Scizor
|-supereffective|p2a: Scizor
|-damage|p2a: Scizor|0 fnt
|faint|p2a: Scizor
|
|upkeep
|
|t:|1758257243
|switch|p2a: Electivire|Electivire, M|100/100
|turn|5
|
|t:|1758257247
|move|p1a: Roger Federace|Will-O-Wisp|p2a: Electivire
|-status|p2a: Electivire|brn
|move|p2a: Electivire|Volt Switch|p1a: Roger Federace
|-damage|p1a: Roger Federace|0 fnt
|faint|p1a: Roger Federace
|
|t:|1758257251
|switch|p2a: Dragapult|Dragapult, M|100/100|[from] Volt Switch
|
|upkeep
|
|t:|1758257260
|switch|p1a: Novak Djokotic|Milotic, F|100/100
|-activate|p1a: Novak Djokotic|move: Sticky Web
|-unboost|p1a: Novak Djokotic|spe|1
|-ability|p1a: Novak Djokotic|Competitive|boost
|-boost|p1a: Novak Djokotic|spa|2
|turn|6
|
|t:|1758257266
|move|p2a: Dragapult|U-turn|p1a: Novak Djokotic
|-damage|p1a: Novak Djokotic|83/100
|
|t:|1758257267
|switch|p2a: Electivire|Electivire, M|100/100 brn|[from] U-turn
|move|p1a: Novak Djokotic|Draining Kiss|p2a: Electivire
|-damage|p2a: Electivire|60/100 brn
|-heal|p1a: Novak Djokotic|100/100|[from] drain|[of] p2a: Electivire
|
|-damage|p2a: Electivire|54/100 brn|[from] brn
|upkeep
|turn|7
|
|t:|1758257278
|move|p2a: Electivire|Supercell Slam|p1a: Novak Djokotic
|-supereffective|p1a: Novak Djokotic
|-damage|p1a: Novak Djokotic|50/100
|move|p1a: Novak Djokotic|Draining Kiss|p2a: Electivire
|-damage|p2a: Electivire|8/100 brn
|-heal|p1a: Novak Djokotic|76/100|[from] drain|[of] p2a: Electivire
|
|-damage|p2a: Electivire|2/100 brn|[from] brn
|upkeep
|turn|8
|
|t:|1758257291
|move|p2a: Electivire|Supercell Slam|p1a: Novak Djokotic
|-supereffective|p1a: Novak Djokotic
|-damage|p1a: Novak Djokotic|20/100
|move|p1a: Novak Djokotic|Draining Kiss|p2a: Electivire
|-damage|p2a: Electivire|0 fnt
|-heal|p1a: Novak Djokotic|21/100|[from] drain|[of] p2a: Electivire
|faint|p2a: Electivire
|
|upkeep
|
|t:|1758257302
|switch|p2a: Ogerpon|Ogerpon-Wellspring, F|100/100
|turn|9
|
|t:|1758257312
|switch|p1a: Carlos Alcagrass|Serperior, M, shiny|100/100
|-activate|p1a: Carlos Alcagrass|move: Sticky Web
|-boost|p1a: Carlos Alcagrass|spe|1
|move|p2a: Ogerpon|Horn Leech|p1a: Carlos Alcagrass
|-resisted|p1a: Carlos Alcagrass
|-damage|p1a: Carlos Alcagrass|74/100
|
|upkeep
|turn|10
|
|t:|1758257320
|move|p1a: Carlos Alcagrass|Leaf Storm|p2a: Ogerpon|[miss]
|-miss|p1a: Carlos Alcagrass|p2a: Ogerpon
|move|p2a: Ogerpon|U-turn|p1a: Carlos Alcagrass
|-supereffective|p1a: Carlos Alcagrass
|-damage|p1a: Carlos Alcagrass|9/100
|
|t:|1758257324
|switch|p2a: Enamorus|Enamorus, F|100/100|[from] U-turn
|
|upkeep
|turn|11
|
|t:|1758257329
|move|p1a: Carlos Alcagrass|Leaf Storm|p2a: Enamorus
|-resisted|p2a: Enamorus
|-damage|p2a: Enamorus|47/100
|-boost|p1a: Carlos Alcagrass|spa|2
|move|p2a: Enamorus|Moonblast|p1a: Carlos Alcagrass
|-damage|p1a: Carlos Alcagrass|0 fnt
|faint|p1a: Carlos Alcagrass
|
|upkeep
|
|t:|1758257340
|switch|p1a: Rafa Nadalamar|Malamar, M, shiny|100/100
|-activate|p1a: Rafa Nadalamar|move: Sticky Web
|-boost|p1a: Rafa Nadalamar|spe|1
|turn|12
|
|t:|1758257345
|move|p2a: Enamorus|Moonblast|p1a: Rafa Nadalamar
|-supereffective|p1a: Rafa Nadalamar
|-damage|p1a: Rafa Nadalamar|0 fnt
|faint|p1a: Rafa Nadalamar
|
|upkeep
|-message|Milo Everspring forfeited.
|
|win|marisa_fumo_gaming
|raw|Milo Everspring's rating: 1262 &rarr; <strong>1239</strong><br />(-23 for losing)
|raw|marisa_fumo_gaming's rating: 1285 &rarr; <strong>1308</strong><br />(+23 for winning)
|l|☆Milo Everspring
|player|p1|
|l|☆marisa_fumo_gaming
|player|p2|
