|j|☆quartzion
|j|☆DK Rex
|t:|1758245128
|gametype|singles
|player|p1|quartzion|265|1271
|player|p2|DK Rex|kahili|1313
|gen|9
|tier|[Gen 9] OU
|rated|
|rule|HP Percentage Mod: HP is shown in percentages
|rule|Endless Battle Clause: Forcing endless battles is banned
|rule|Species Clause: Limit one of each Pokémon
|rule|OHKO Clause: OHKO moves are banned
|rule|Evasion Items Clause: Evasion items are banned
|rule|Evasion Moves Clause: Evasion moves are banned
|rule|Evasion Abilities Clause: Evasion abilities are banned
|rule|Sleep Moves Clause: Sleep-inducing moves are banned
|clearpoke
|poke|p1|Cinccino, M|
|poke|p1|Serperior, F|
|poke|p1|Skeledirge, M|
|poke|p1|Quaquaval, M|
|poke|p1|Toxapex, M|
|poke|p1|Oricorio-Pom-Pom, F|
|poke|p2|Iron Crown|
|poke|p2|Meowscarada, F|
|poke|p2|Great Tusk|
|poke|p2|Pecharunt|
|poke|p2|Ting-Lu|
|poke|p2|Iron Valiant|
|teampreview
|inactive|Battle timer is ON: inactive players will automatically lose when time's up. (requested by quartzion)
|inactive|DK Rex has 120 seconds left.
|
|t:|1758245171
|teamsize|p1|6
|teamsize|p2|6
|start
|switch|p1a: Oricorio|Oricorio-Pom-Pom, F|100/100
|switch|p2a: Meowscarada|Meowscarada, F|100/100
|turn|1
|
|t:|1758245178
|move|p2a: Meowscarada|Triple Axel|p1a: Oricorio
|-start|p2a: Meowscarada|typechange|Ice|[from] ability: Protean
|-supereffective|p1a: Oricorio
|-damage|p1a: Oricorio|57/100
|-supereffective|p1a: Oricorio
|-damage|p1a: Oricorio|0 fnt
|faint|p1a: Oricorio
|-hitcount|p1: Oricorio|2
|
|upkeep
|
|t:|1758245183
|switch|p1a: Skeledirge|Skeledirge, M|100/100
|turn|2
|
|t:|1758245206
|switch|p2a: Ting-Lu|Ting-Lu|100/100
|-ability|p2a: Ting-Lu|Vessel of Ruin
|move|p1a: Skeledirge|Flame Charge|p2a: Ting-Lu
|-damage|p2a: Ting-Lu|93/100
|-boost|p1a: Skeledirge|spe|1
|
|-heal|p2a: Ting-Lu|99/100|[from] item: Leftovers
|upkeep
|turn|3
|
|t:|1758245226
|-terastallize|p1a: Skeledirge|Ground
|move|p1a: Skeledirge|Torch Song|p2a: Ting-Lu
|-damage|p2a: Ting-Lu|84/100
|-boost|p1a: Skeledirge|spa|1
|move|p2a: Ting-Lu|Ruination|p1a: Skeledirge
|-damage|p1a: Skeledirge|51/100
|
|-heal|p2a: Ting-Lu|91/100|[from] item: Leftovers
|upkeep
|turn|4
|
|t:|1758245234
|move|p1a: Skeledirge|Torch Song|p2a: Ting-Lu
|-crit|p2a: Ting-Lu
|-damage|p2a: Ting-Lu|55/100
|-boost|p1a: Skeledirge|spa|1
|move|p2a: Ting-Lu|Whirlwind|p1a: Skeledirge
|drag|p1a: Cinccino|Cinccino, M|100/100
|
|-heal|p2a: Ting-Lu|61/100|[from] item: Leftovers
|upkeep
|turn|5
|
|t:|1758245243
|move|p1a: Cinccino|Triple Axel|p2a: Ting-Lu|[miss]
|-miss|p1a: Cinccino|p2a: Ting-Lu
|move|p2a: Ting-Lu|Stealth Rock|p1a: Cinccino
|-sidestart|p1: quartzion|move: Stealth Rock
|
|-heal|p2a: Ting-Lu|67/100|[from] item: Leftovers
|upkeep
|turn|6
|
|t:|1758245254
|move|p1a: Cinccino|Tidy Up|p1a: Cinccino
|-sideend|p1: quartzion|Stealth Rock
|-activate|p1a: Cinccino|move: Tidy Up
|-boost|p1a: Cinccino|atk|1
|-boost|p1a: Cinccino|spe|1
|move|p2a: Ting-Lu|Earthquake|p1a: Cinccino
|-damage|p1a: Cinccino|30/100
|
|-heal|p2a: Ting-Lu|73/100|[from] item: Leftovers
|upkeep
|turn|7
|
|t:|1758245281
|switch|p2a: Iron Crown|Iron Crown|100/100
|move|p1a: Cinccino|Triple Axel|p2a: Iron Crown
|-resisted|p2a: Iron Crown
|-crit|p2a: Iron Crown
|-damage|p2a: Iron Crown|89/100
|-resisted|p2a: Iron Crown
|-damage|p2a: Iron Crown|76/100
|-resisted|p2a: Iron Crown
|-damage|p2a: Iron Crown|55/100
|-hitcount|p2a: Iron Crown|3
|
|upkeep
|turn|8
|
|t:|1758245293
|move|p1a: Cinccino|Tail Slap|p2a: Iron Crown
|-resisted|p2a: Iron Crown
|-damage|p2a: Iron Crown|43/100
|-resisted|p2a: Iron Crown
|-damage|p2a: Iron Crown|31/100
|-resisted|p2a: Iron Crown
|-damage|p2a: Iron Crown|19/100
|-resisted|p2a: Iron Crown
|-damage|p2a: Iron Crown|5/100
|-hitcount|p2a: Iron Crown|4
|move|p2a: Iron Crown|Volt Switch|p1a: Cinccino
|-damage|p1a: Cinccino|0 fnt
|faint|p1a: Cinccino
|
|t:|1758245306
|-end|p2a: Iron Crown|Quark Drive|[silent]
|switch|p2a: Pecharunt|Pecharunt|100/100|[from] Volt Switch
|
|upkeep
|
|t:|1758245311
|switch|p1a: Skeledirge|Skeledirge, M, tera:Ground|51/100
|turn|9
|
|t:|1758245319
|move|p1a: Skeledirge|Torch Song|p2a: Pecharunt
|-damage|p2a: Pecharunt|61/100
|-boost|p1a: Skeledirge|spa|1
|move|p2a: Pecharunt|Malignant Chain|p1a: Skeledirge
|-resisted|p1a: Skeledirge
|-damage|p1a: Skeledirge|37/100
|
|upkeep
|turn|10
|
|t:|1758245327
|move|p1a: Skeledirge|Earth Power|p2a: Pecharunt
|-supereffective|p2a: Pecharunt
|-damage|p2a: Pecharunt|0 fnt
|faint|p2a: Pecharunt
|
|upkeep
|
|t:|1758245335
|switch|p2a: Meowscarada|Meowscarada, F|100/100
|turn|11
|
|t:|1758245342
|move|p2a: Meowscarada|Flower Trick|p1a: Skeledirge
|-start|p2a: Meowscarada|typechange|Grass|[from] ability: Protean
|-supereffective|p1a: Skeledirge
|-crit|p1a: Skeledirge
|-damage|p1a: Skeledirge|0 fnt
|faint|p1a: Skeledirge
|
|upkeep
|
|t:|1758245346
|switch|p1a: Serperior|Serperior, F|100/100
|turn|12
|
|t:|1758245354
|switch|p2a: Iron Crown|Iron Crown|5/100
|move|p1a: Serperior|Leaf Storm|p2a: Iron Crown
|-resisted|p2a: Iron Crown
|-damage|p2a: Iron Crown|0 fnt
|-boost|p1a: Serperior|spa|2
|faint|p2a: Iron Crown
|-end|p2a: Iron Crown|Quark Drive|[silent]
|
|upkeep
|
|t:|1758245359
|switch|p2a: Meowscarada|Meowscarada, F|100/100
|turn|13
|
|t:|1758245368
|move|p2a: Meowscarada|Triple Axel|p1a: Serperior
|-start|p2a: Meowscarada|typechange|Ice|[from] ability: Protean
|-supereffective|p1a: Serperior
|-damage|p1a: Serperior|65/100
|-hitcount|p1a: Serperior|1
|move|p1a: Serperior|Leaf Storm|p2a: Meowscarada
|-damage|p2a: Meowscarada|0 fnt
|-boost|p1a: Serperior|spa|2
|faint|p2a: Meowscarada
|
|-heal|p1a: Serperior|72/100|[from] item: Leftovers
|upkeep
|
|t:|1758245379
|switch|p2a: Great Tusk|Great Tusk|100/100
|turn|14
|
|t:|1758245386
|-terastallize|p2a: Great Tusk|Fire
|move|p1a: Serperior|Leaf Storm|p2a: Great Tusk
|-resisted|p2a: Great Tusk
|-damage|p2a: Great Tusk|12/100
|-boost|p1a: Serperior|spa|2
|move|p2a: Great Tusk|Ice Spinner|p1a: Serperior
|-supereffective|p1a: Serperior
|-damage|p1a: Serperior|10/100
|
|-heal|p1a: Serperior|16/100|[from] item: Leftovers
|-heal|p2a: Great Tusk|18/100|[from] item: Leftovers
|upkeep
|turn|15
|
|t:|1758245393
|move|p1a: Serperior|Giga Drain|p2a: Great Tusk
|-resisted|p2a: Great Tusk
|-damage|p2a: Great Tusk|0 fnt
|-heal|p1a: Serperior|29/100|[from] drain|[of] p2a: Great Tusk
|faint|p2a: Great Tusk
|-end|p2a: Great Tusk|Protosynthesis|[silent]
|
|-heal|p1a: Serperior|36/100|[from] item: Leftovers
|upkeep
|
|t:|1758245396
|switch|p2a: Iron Valiant|Iron Valiant|100/100
|-enditem|p2a: Iron Valiant|Booster Energy
|-activate|p2a: Iron Valiant|ability: Quark Drive|[fromitem]
|-start|p2a: Iron Valiant|quarkdrivespe
|turn|16
|
|t:|1758245403
|move|p2a: Iron Valiant|Moonblast|p1a: Serperior
|-crit|p1a: Serperior
|-damage|p1a: Serperior|0 fnt
|faint|p1a: Serperior
|
|upkeep
|
|t:|1758245413
|switch|p1a: Toxapex|Toxapex, M|100/100
|turn|17
|
|t:|1758245422
|-end|p2a: Iron Valiant|Quark Drive|[silent]
|switch|p2a: Ting-Lu|Ting-Lu|73/100
|-ability|p2a: Ting-Lu|Vessel of Ruin
|move|p1a: Toxapex|Toxic|p2a: Ting-Lu
|-status|p2a: Ting-Lu|tox
|
|-heal|p2a: Ting-Lu|80/100 tox|[from] item: Leftovers
|-damage|p2a: Ting-Lu|73/100 tox|[from] psn
|upkeep
|turn|18
|
|t:|1758245434
|switch|p1a: Quaquaval|Quaquaval, M|100/100
|move|p2a: Ting-Lu|Ruination|p1a: Quaquaval
|-damage|p1a: Quaquaval|51/100
|
|-heal|p2a: Ting-Lu|80/100 tox|[from] item: Leftovers
|-damage|p2a: Ting-Lu|67/100 tox|[from] psn
|upkeep
|turn|19
|
|t:|1758245438
|move|p1a: Quaquaval|Aqua Step|p2a: Ting-Lu
|-supereffective|p2a: Ting-Lu
|-damage|p2a: Ting-Lu|22/100 tox
|-boost|p1a: Quaquaval|spe|1
|move|p2a: Ting-Lu|Whirlwind|p1a: Quaquaval
|drag|p1a: Toxapex|Toxapex, M|100/100
|
|-heal|p2a: Ting-Lu|28/100 tox|[from] item: Leftovers
|-damage|p2a: Ting-Lu|9/100 tox|[from] psn
|upkeep
|turn|20
|
|t:|1758245449
|move|p2a: Ting-Lu|Ruination|p1a: Toxapex
|-damage|p1a: Toxapex|50/100
|move|p1a: Toxapex|Recover|p1a: Toxapex
|-heal|p1a: Toxapex|100/100
|
|-heal|p2a: Ting-Lu|15/100 tox|[from] item: Leftovers
|-damage|p2a: Ting-Lu|0 fnt|[from] psn
|faint|p2a: Ting-Lu
|upkeep
|
|t:|1758245454
|switch|p2a: Iron Valiant|Iron Valiant|100/100
|turn|21
|-message|DK Rex forfeited.
|
|win|quartzion
|raw|quartzion's rating: 1271 &rarr; <strong>1299</strong><br />(+28 for winning)
|raw|DK Rex's rating: 1313 &rarr; <strong>1291</strong><br />(-22 for losing)
|l|☆DK Rex
|player|p2|
