|j|☆S11xSummarized
|j|☆xinnamonsticks
|t:|1758296063
|gametype|singles
|player|p1|S11xSummarized|rosa|1159
|player|p2|xinnamonsticks|caitlin|1167
|gen|9
|tier|[Gen 9] OU
|rated|
|rule|HP Percentage Mod: HP is shown in percentages
|rule|Endless Battle Clause: Forcing endless battles is banned
|rule|Species Clause: Limit one of each Pokémon
|rule|OHKO Clause: OHKO moves are banned
|rule|Evasion Items Clause: Evasion items are banned
|rule|Evasion Moves Clause: Evasion moves are banned
|rule|Evasion Abilities Clause: Evasion abilities are banned
|rule|Sleep Moves Clause: Sleep-inducing moves are banned
|clearpoke
|poke|p1|Indeedee-F, F|
|poke|p1|Armarouge, M|
|poke|p1|Polteageist-Antique|
|poke|p1|Hatterene, F|
|poke|p1|Great Tusk|
|poke|p1|Iron Crown|
|poke|p2|Ogerpon-Wellspring, F|
|poke|p2|Araquanid, F|
|poke|p2|Dragonite, M|
|poke|p2|Hatterene, F|
|poke|p2|Great Tusk|
|poke|p2|Serperior, F|
|teampreview
|inactive|Battle timer is ON: inactive players will automatically lose when time's up. (requested by xinnamonsticks)
|
|t:|1758296069
|teamsize|p1|6
|teamsize|p2|6
|start
|switch|p1a: Indeedee|Indeedee-F, F|100/100
|switch|p2a: Araquanid|Araquanid, F|100/100
|-fieldstart|move: Psychic Terrain|[from] ability: Psychic Surge|[of] p1a: Indeedee
|turn|1
|
|t:|1758296077
|switch|p1a: Hatterene|Hatterene, F, shiny|100/100
|move|p2a: Araquanid|Sticky Web|p1a: Hatterene
|move|p1a: Hatterene|Sticky Web|p2a: Araquanid|[from] ability: Magic Bounce
|-sidestart|p2: xinnamonsticks|move: Sticky Web
|
|upkeep
|turn|2
|
|t:|1758296104
|move|p2a: Araquanid|Surf|p1a: Hatterene
|-damage|p1a: Hatterene|48/100
|move|p1a: Hatterene|Draining Kiss|p2a: Araquanid
|-damage|p2a: Araquanid|83/100
|-heal|p1a: Hatterene|62/100|[from] drain|[of] p2a: Araquanid
|
|-heal|p1a: Hatterene|68/100|[from] item: Leftovers
|upkeep
|turn|3
|
|t:|1758296110
|move|p2a: Araquanid|Surf|p1a: Hatterene
|-damage|p1a: Hatterene|9/100
|move|p1a: Hatterene|Mystical Fire|p2a: Araquanid
|-damage|p2a: Araquanid|74/100
|-unboost|p2a: Araquanid|spa|1
|
|-heal|p1a: Hatterene|15/100|[from] item: Leftovers
|upkeep
|turn|4
|
|t:|1758296119
|switch|p2a: Serperior|Serperior, F|100/100
|-activate|p2a: Serperior|move: Sticky Web
|-boost|p2a: Serperior|spe|1
|switch|p1a: Iron Crown|Iron Crown|100/100
|-enditem|p1a: Iron Crown|Booster Energy
|-activate|p1a: Iron Crown|ability: Quark Drive|[fromitem]
|-start|p1a: Iron Crown|quarkdrivespa
|
|upkeep
|turn|5
|
|t:|1758296129
|move|p2a: Serperior|Leaf Storm|p1a: Iron Crown
|-resisted|p1a: Iron Crown
|-damage|p1a: Iron Crown|76/100
|-boost|p2a: Serperior|spa|2
|move|p1a: Iron Crown|Tachyon Cutter|p2a: Serperior
|-damage|p2a: Serperior|60/100
|-damage|p2a: Serperior|22/100
|-hitcount|p2a: Serperior|2
|
|upkeep
|turn|6
|
|t:|1758296140
|-terastallize|p2a: Serperior|Stellar
|move|p2a: Serperior|Tera Blast|p1a: Iron Crown|[anim] Tera Blast Stellar
|-damage|p1a: Iron Crown|19/100
|-boost|p2a: Serperior|atk|1
|-boost|p2a: Serperior|spa|1
|move|p1a: Iron Crown|Tachyon Cutter|p2a: Serperior
|-damage|p2a: Serperior|0 fnt
|faint|p2a: Serperior
|-hitcount|p2: Serperior|1
|
|upkeep
|-message|xinnamonsticks forfeited.
|
|win|S11xSummarized
|raw|S11xSummarized's rating: 1159 &rarr; <strong>1185</strong><br />(+26 for winning)
|raw|xinnamonsticks's rating: 1167 &rarr; <strong>1141</strong><br />(-26 for losing)
|l|☆xinnamonsticks
|player|p2|
|l|☆S11xSummarized
|player|p1|
