|j|☆apotato135
|j|☆Hunter_of_Keys
|t:|1758327839
|gametype|singles
|player|p1|apotato135|swimmer-gen4dp|1484
|player|p2|Hunter_of_Keys|veteran|1434
|gen|9
|tier|[Gen 9] OU
|rated|
|rule|HP Percentage Mod: HP is shown in percentages
|rule|Endless Battle Clause: Forcing endless battles is banned
|rule|Species Clause: Limit one of each Pokémon
|rule|OHKO Clause: OHKO moves are banned
|rule|Evasion Items Clause: Evasion items are banned
|rule|Evasion Moves Clause: Evasion moves are banned
|rule|Evasion Abilities Clause: Evasion abilities are banned
|rule|Sleep Moves Clause: Sleep-inducing moves are banned
|clearpoke
|poke|p1|Ninetales-Alola, F|
|poke|p1|Kyurem|
|poke|p1|Cloyster, F|
|poke|p1|Enamorus, F|
|poke|p1|Primeape, F|
|poke|p1|Iron Treads|
|poke|p2|Espeon, F|
|poke|p2|Indeedee, M|
|poke|p2|Armarouge, F|
|poke|p2|Gallade, M|
|poke|p2|Cresselia, F|
|poke|p2|Rabsca, F|
|teampreview
|inactive|Battle timer is ON: inactive players will automatically lose when time's up. (requested by Hunter_of_Keys)
|
|t:|1758327854
|teamsize|p1|6
|teamsize|p2|6
|start
|switch|p1a: Ninetales|Ninetales-Alola, F|100/100
|switch|p2a: Espeon|Espeon, F|100/100
|-weather|Snowscape|[from] ability: Snow Warning|[of] p1a: Ninetales
|turn|1
|
|t:|1758327857
|move|p1a: Ninetales|Aurora Veil|p1a: Ninetales
|-sidestart|p1: apotato135|move: Aurora Veil
|move|p2a: Espeon|Thunder Wave|p1a: Ninetales
|-status|p1a: Ninetales|par
|
|-weather|Snowscape|[upkeep]
|upkeep
|turn|2
|
|t:|1758327866
|switch|p2a: Cresselia|Cresselia, F|100/100
|switch|p1a: Iron Treads|Iron Treads|100/100
|-enditem|p1a: Iron Treads|Booster Energy
|-activate|p1a: Iron Treads|ability: Quark Drive|[fromitem]
|-start|p1a: Iron Treads|quarkdrivespe
|
|-weather|Snowscape|[upkeep]
|upkeep
|turn|3
|
|t:|1758327874
|-end|p1a: Iron Treads|Quark Drive|[silent]
|switch|p1a: Kyurem|Kyurem|100/100
|-ability|p1a: Kyurem|Pressure
|move|p2a: Cresselia|Ice Beam|p1a: Kyurem
|-damage|p1a: Kyurem|93/100
|
|-weather|Snowscape|[upkeep]
|upkeep
|turn|4
|
|t:|1758327880
|move|p1a: Kyurem|Dragon Dance|p1a: Kyurem
|-boost|p1a: Kyurem|atk|1
|-boost|p1a: Kyurem|spe|1
|move|p2a: Cresselia|Thunder Wave|p1a: Kyurem
|-status|p1a: Kyurem|par
|
|-weather|Snowscape|[upkeep]
|upkeep
|turn|5
|
|t:|1758327885
|move|p1a: Kyurem|Dragon Dance|p1a: Kyurem
|-boost|p1a: Kyurem|atk|1
|-boost|p1a: Kyurem|spe|1
|move|p2a: Cresselia|Ice Beam|p1a: Kyurem
|-damage|p1a: Kyurem|86/100 par
|
|-weather|none
|upkeep
|turn|6
|
|t:|1758327895
|cant|p1a: Kyurem|par
|move|p2a: Cresselia|Ice Beam|p1a: Kyurem
|-damage|p1a: Kyurem|78/100 par
|
|upkeep
|turn|7
|
|t:|1758327897
|cant|p1a: Kyurem|par
|move|p2a: Cresselia|Ice Beam|p1a: Kyurem
|-damage|p1a: Kyurem|70/100 par
|
|upkeep
|turn|8
|
|t:|1758327899
|cant|p1a: Kyurem|par
|move|p2a: Cresselia|Ice Beam|p1a: Kyurem
|-damage|p1a: Kyurem|62/100 par
|
|-sideend|p1: apotato135|move: Aurora Veil
|upkeep
|turn|9
|
|t:|1758327901
|move|p1a: Kyurem|Dragon Dance|p1a: Kyurem
|-boost|p1a: Kyurem|atk|1
|-boost|p1a: Kyurem|spe|1
|move|p2a: Cresselia|Ice Beam|p1a: Kyurem
|-damage|p1a: Kyurem|48/100 par
|
|upkeep
|turn|10
|
|t:|1758327903
|move|p1a: Kyurem|Icicle Spear|p2a: Cresselia
|-damage|p2a: Cresselia|79/100
|-damage|p2a: Cresselia|58/100
|-damage|p2a: Cresselia|36/100
|-damage|p2a: Cresselia|14/100
|-hitcount|p2a: Cresselia|4
|move|p2a: Cresselia|Ice Beam|p1a: Kyurem
|-damage|p1a: Kyurem|31/100 par
|
|upkeep
|turn|11
|
|t:|1758327913
|move|p1a: Kyurem|Scale Shot|p2a: Cresselia
|-damage|p2a: Cresselia|0 fnt
|faint|p2a: Cresselia
|-hitcount|p2: Cresselia|1
|-unboost|p1a: Kyurem|def|1
|-boost|p1a: Kyurem|spe|1
|
|upkeep
|
|t:|1758327928
|switch|p2a: Indeedee|Indeedee, M|100/100
|-fieldstart|move: Psychic Terrain|[from] ability: Psychic Surge|[of] p2a: Indeedee
|turn|12
|
|t:|1758327932
|move|p1a: Kyurem|Icicle Spear|p2a: Indeedee
|-damage|p2a: Indeedee|22/100
|-damage|p2a: Indeedee|0 fnt
|faint|p2a: Indeedee
|-hitcount|p2: Indeedee|2
|
|upkeep
|
|t:|1758327934
|switch|p2a: Armarouge|Armarouge, F|100/100
|turn|13
|
|t:|1758327939
|move|p2a: Armarouge|Endure|p2a: Armarouge
|-singleturn|p2a: Armarouge|move: Endure
|move|p1a: Kyurem|Scale Shot|p2a: Armarouge
|-damage|p2a: Armarouge|64/100
|-ability|p2a: Armarouge|Weak Armor|boost
|-unboost|p2a: Armarouge|def|1
|-boost|p2a: Armarouge|spe|2
|-damage|p2a: Armarouge|4/100
|-ability|p2a: Armarouge|Weak Armor|boost
|-unboost|p2a: Armarouge|def|1
|-boost|p2a: Armarouge|spe|2
|-activate|p2a: Armarouge|move: Endure
|-damage|p2a: Armarouge|1/100
|-ability|p2a: Armarouge|Weak Armor|boost
|-unboost|p2a: Armarouge|def|1
|-boost|p2a: Armarouge|spe|2
|-activate|p2a: Armarouge|move: Endure
|-damage|p2a: Armarouge|1/100
|-ability|p2a: Armarouge|Weak Armor|boost
|-unboost|p2a: Armarouge|def|1
|-hitcount|p2a: Armarouge|4
|-unboost|p1a: Kyurem|def|1
|-boost|p1a: Kyurem|spe|1
|
|upkeep
|turn|14
|
|t:|1758327953
|move|p2a: Armarouge|Expanding Force|p1a: Kyurem
|-damage|p1a: Kyurem|0 fnt
|faint|p1a: Kyurem
|
|upkeep
|
|t:|1758327960
|switch|p1a: Iron Treads|Iron Treads|100/100
|turn|15
|
|t:|1758327971
|-terastallize|p1a: Iron Treads|Poison
|move|p2a: Armarouge|Endure|p2a: Armarouge
|-singleturn|p2a: Armarouge|move: Endure
|move|p1a: Iron Treads|Rapid Spin|p2a: Armarouge
|-activate|p2a: Armarouge|move: Endure
|-damage|p2a: Armarouge|1/100
|-boost|p1a: Iron Treads|spe|1
|-ability|p2a: Armarouge|Weak Armor|boost
|-unboost|p2a: Armarouge|def|1
|
|upkeep
|turn|16
|
|t:|1758327978
|-end|p1a: Iron Treads|Quark Drive|[silent]
|switch|p1a: Ninetales|Ninetales-Alola, F|100/100 par
|-weather|Snowscape|[from] ability: Snow Warning|[of] p1a: Ninetales
|move|p2a: Armarouge|Expanding Force|p1a: Ninetales
|-damage|p1a: Ninetales|23/100 par
|
|-weather|Snowscape|[upkeep]
|upkeep
|turn|17
|
|t:|1758327984
|move|p2a: Armarouge|Expanding Force|p1a: Ninetales
|-damage|p1a: Ninetales|0 fnt
|faint|p1a: Ninetales
|
|-weather|Snowscape|[upkeep]
|upkeep
|
|t:|1758327988
|switch|p1a: Iron Treads|Iron Treads, tera:Poison|100/100
|turn|18
|
|t:|1758327991
|move|p2a: Armarouge|Expanding Force|p1a: Iron Treads
|-supereffective|p1a: Iron Treads
|-damage|p1a: Iron Treads|0 fnt
|faint|p1a: Iron Treads
|-end|p1a: Iron Treads|Quark Drive|[silent]
|
|-weather|Snowscape|[upkeep]
|upkeep
|
|t:|1758327996
|switch|p1a: Enamorus|Enamorus, F|100/100
|turn|19
|
|t:|1758327999
|move|p2a: Armarouge|Endure|p2a: Armarouge
|-singleturn|p2a: Armarouge|move: Endure
|move|p1a: Enamorus|Moonblast|p2a: Armarouge
|-resisted|p2a: Armarouge
|-activate|p2a: Armarouge|move: Endure
|-damage|p2a: Armarouge|1/100
|
|-weather|Snowscape|[upkeep]
|-fieldend|move: Psychic Terrain
|upkeep
|turn|20
|
|t:|1758328003
|move|p2a: Armarouge|Armor Cannon|p1a: Enamorus
|-damage|p1a: Enamorus|0 fnt
|-unboost|p2a: Armarouge|def|1
|-unboost|p2a: Armarouge|spd|1
|faint|p1a: Enamorus
|
|-weather|none
|upkeep
|
|t:|1758328006
|switch|p1a: Cloyster|Cloyster, F|100/100
|turn|21
|
|t:|1758328015
|move|p1a: Cloyster|Ice Shard|p2a: Armarouge
|-resisted|p2a: Armarouge
|-damage|p2a: Armarouge|0 fnt
|faint|p2a: Armarouge
|
|upkeep
|
|t:|1758328017
|switch|p2a: Espeon|Espeon, F|100/100
|turn|22
|
|t:|1758328020
|switch|p1a: Primeape|Primeape, F|100/100
|move|p2a: Espeon|Thunder Wave|p1a: Primeape
|-status|p1a: Primeape|par
|
|upkeep
|turn|23
|
|t:|1758328024
|move|p2a: Espeon|Psychic Noise|p1a: Primeape
|-supereffective|p1a: Primeape
|-damage|p1a: Primeape|61/100 par
|-start|p1a: Primeape|move: Heal Block
|move|p1a: Primeape|Rage Fist|p2a: Espeon
|-supereffective|p2a: Espeon
|-damage|p2a: Espeon|49/100
|
|upkeep
|turn|24
|
|t:|1758328038
|move|p2a: Espeon|Psychic Noise|p1a: Primeape
|-supereffective|p1a: Primeape
|-damage|p1a: Primeape|21/100 par
|move|p1a: Primeape|Rage Fist|p2a: Espeon
|-supereffective|p2a: Espeon
|-damage|p2a: Espeon|0 fnt
|faint|p2a: Espeon
|
|-end|p1a: Primeape|move: Heal Block
|upkeep
|
|t:|1758328046
|switch|p2a: Rabsca|Rabsca, F|100/100
|turn|25
|
|t:|1758328050
|move|p2a: Rabsca|Revival Blessing|p2a: Rabsca
|-enditem|p2a: Rabsca|Leppa Berry|[eat]
|-activate|p2a: Rabsca|item: Leppa Berry|Revival Blessing|[consumed]
|
|t:|1758328059
|-heal|p2: Espeon|50/100|[from] move: Revival Blessing
|move|p1a: Primeape|Rage Fist|p2a: Rabsca
|-supereffective|p2a: Rabsca
|-damage|p2a: Rabsca|34/100
|
|upkeep
|turn|26
|
|t:|1758328064
|move|p2a: Rabsca|Revival Blessing|p2a: Rabsca
|
|t:|1758328069
|-heal|p2: Cresselia|50/100|[from] move: Revival Blessing
|move|p1a: Primeape|Rage Fist|p2a: Rabsca
|-supereffective|p2a: Rabsca
|-damage|p2a: Rabsca|0 fnt
|faint|p2a: Rabsca
|
|upkeep
|
|t:|1758328076
|switch|p2a: Espeon|Espeon, F|50/100
|turn|27
|
|t:|1758328080
|move|p2a: Espeon|Psychic Noise|p1a: Primeape
|-supereffective|p1a: Primeape
|-damage|p1a: Primeape|0 fnt
|faint|p1a: Primeape
|
|upkeep
|
|t:|1758328081
|switch|p1a: Cloyster|Cloyster, F|100/100
|turn|28
|
|t:|1758328089
|move|p2a: Espeon|Thunder Wave|p1a: Cloyster
|-status|p1a: Cloyster|par
|move|p1a: Cloyster|Shell Smash|p1a: Cloyster
|-unboost|p1a: Cloyster|def|1
|-unboost|p1a: Cloyster|spd|1
|-boost|p1a: Cloyster|atk|2
|-boost|p1a: Cloyster|spa|2
|-boost|p1a: Cloyster|spe|2
|
|upkeep
|turn|29
|
|t:|1758328098
|move|p2a: Espeon|Psychic Noise|p1a: Cloyster
|-damage|p1a: Cloyster|0 fnt
|faint|p1a: Cloyster
|
|win|Hunter_of_Keys
|raw|apotato135's rating: 1484 &rarr; <strong>1461</strong><br />(-23 for losing)
|raw|Hunter_of_Keys's rating: 1434 &rarr; <strong>1457</strong><br />(+23 for winning)
|l|☆Hunter_of_Keys
|player|p2|
|l|☆apotato135
|player|p1|
