|j|☆bobbydeoliscool
|j|☆yessurskit
|t:|1758344950
|gametype|singles
|player|p1|bobbydeoliscool|1|1382
|player|p2|yessurskit|dancer|1421
|gen|9
|tier|[Gen 9] OU
|rated|
|rule|HP Percentage Mod: HP is shown in percentages
|rule|Endless Battle Clause: Forcing endless battles is banned
|rule|Species Clause: Limit one of each Pokémon
|rule|OHKO Clause: OHKO moves are banned
|rule|Evasion Items Clause: Evasion items are banned
|rule|Evasion Moves Clause: Evasion moves are banned
|rule|Evasion Abilities Clause: Evasion abilities are banned
|rule|Sleep Moves Clause: Sleep-inducing moves are banned
|clearpoke
|poke|p1|Moltres|
|poke|p1|Zamazenta-*|
|poke|p1|Darkrai|
|poke|p1|Hydrapple, M|
|poke|p1|Ting-Lu|
|poke|p1|Tinkaton, F|
|poke|p2|Pelipper, M|
|poke|p2|Quaquaval, M|
|poke|p2|Kingdra, M|
|poke|p2|Overqwil, F|
|poke|p2|Iron Treads|
|poke|p2|Iron Valiant|
|teampreview
|inactive|Battle timer is ON: inactive players will automatically lose when time's up. (requested by bobbydeoliscool)
|inactive|yessurskit has 120 seconds left.
|
|t:|1758345008
|teamsize|p1|6
|teamsize|p2|6
|start
|switch|p1a: Tinkaton|Tinkaton, F|100/100
|switch|p2a: Pelipper|Pelipper, M|100/100
|-ability|p1a: Tinkaton|Mold Breaker
|-item|p1a: Tinkaton|Air Balloon
|-weather|RainDance|[from] ability: Drizzle|[of] p2a: Pelipper
|turn|1
|
|t:|1758345020
|switch|p2a: Iron Treads|Iron Treads|100/100
|-enditem|p2a: Iron Treads|Booster Energy
|-activate|p2a: Iron Treads|ability: Quark Drive|[fromitem]
|-start|p2a: Iron Treads|quarkdrivespe
|move|p1a: Tinkaton|Thunder Wave|p2a: Iron Treads
|-immune|p2a: Iron Treads
|
|-weather|RainDance|[upkeep]
|upkeep
|turn|2
|
|t:|1758345035
|move|p2a: Iron Treads|Stealth Rock|p1a: Tinkaton
|-sidestart|p1: bobbydeoliscool|move: Stealth Rock
|move|p1a: Tinkaton|Stealth Rock|p2a: Iron Treads
|-sidestart|p2: yessurskit|move: Stealth Rock
|
|-weather|RainDance|[upkeep]
|upkeep
|turn|3
|
|t:|1758345042
|switch|p1a: Moltres|Moltres|100/100
|move|p2a: Iron Treads|Rapid Spin|p1a: Moltres
|-damage|p1a: Moltres|90/100
|-boost|p2a: Iron Treads|spe|1
|-sideend|p2: yessurskit|Stealth Rock|[from] move: Rapid Spin|[of] p2a: Iron Treads
|
|-weather|RainDance|[upkeep]
|upkeep
|turn|4
|
|t:|1758345065
|-end|p2a: Iron Treads|Quark Drive|[silent]
|switch|p2a: Kingdra|Kingdra, M|100/100
|move|p1a: Moltres|Flamethrower|p2a: Kingdra
|-resisted|p2a: Kingdra
|-damage|p2a: Kingdra|95/100
|
|-weather|RainDance|[upkeep]
|upkeep
|turn|5
|
|t:|1758345078
|switch|p1a: Tinkaton|Tinkaton, F|100/100
|-damage|p1a: Tinkaton|94/100|[from] Stealth Rock
|-ability|p1a: Tinkaton|Mold Breaker
|-item|p1a: Tinkaton|Air Balloon
|move|p2a: Kingdra|Weather Ball|p1a: Tinkaton
|-damage|p1a: Tinkaton|15/100
|-enditem|p1a: Tinkaton|Air Balloon
|-damage|p2a: Kingdra|85/100|[from] item: Life Orb
|
|-weather|RainDance|[upkeep]
|upkeep
|turn|6
|
|t:|1758345094
|move|p2a: Kingdra|Hurricane|p1a: Tinkaton
|-resisted|p1a: Tinkaton
|-damage|p1a: Tinkaton|0 fnt
|faint|p1a: Tinkaton
|-damage|p2a: Kingdra|75/100|[from] item: Life Orb
|
|-weather|RainDance|[upkeep]
|upkeep
|-message|bobbydeoliscool forfeited.
|
|win|yessurskit
|raw|bobbydeoliscool's rating: 1382 &rarr; <strong>1364</strong><br />(-18 for losing)
|raw|yessurskit's rating: 1421 &rarr; <strong>1439</strong><br />(+18 for winning)
|l|☆bobbydeoliscool
|player|p1|
|l|☆yessurskit
|player|p2|
