|j|☆raviolikid
|j|☆doodle0205
|t:|1758322502
|gametype|singles
|player|p1|raviolikid|clair|1628
|player|p2|doodle0205|2|1627
|gen|9
|tier|[Gen 9] OU
|rated|
|rule|HP Percentage Mod: HP is shown in percentages
|rule|Endless Battle Clause: Forcing endless battles is banned
|rule|Species Clause: Limit one of each Pokémon
|rule|OHKO Clause: OHKO moves are banned
|rule|Evasion Items Clause: Evasion items are banned
|rule|Evasion Moves Clause: Evasion moves are banned
|rule|Evasion Abilities Clause: Evasion abilities are banned
|rule|Sleep Moves Clause: Sleep-inducing moves are banned
|clearpoke
|poke|p1|Garchomp, M|
|poke|p1|Iron Treads|
|poke|p1|Primarina, F|
|poke|p1|Pecharunt|
|poke|p1|Meowscarada, M|
|poke|p1|Raging Bolt|
|poke|p2|Great Tusk|
|poke|p2|Heatran, M|
|poke|p2|Weavile, M|
|poke|p2|Primarina, M|
|poke|p2|Ogerpon, F|
|poke|p2|Pecharunt|
|teampreview
|inactive|Battle timer is ON: inactive players will automatically lose when time's up. (requested by raviolikid)
|
|t:|1758322532
|teamsize|p1|6
|teamsize|p2|6
|start
|switch|p1a: 1000 Doves|Primarina, F|100/100
|switch|p2a: Bandit|Weavile, M, shiny|100/100
|-ability|p2a: Bandit|Pressure
|turn|1
|
|t:|1758322542
|switch|p2a: Celestine|Primarina, M, shiny|100/100
|move|p1a: 1000 Doves|Surf|p2a: Celestine
|-resisted|p2a: Celestine
|-damage|p2a: Celestine|88/100
|
|upkeep
|turn|2
|
|t:|1758322549
|move|p1a: 1000 Doves|Moonblast|p2a: Celestine
|-damage|p2a: Celestine|58/100
|move|p2a: Celestine|Whirlpool|p1a: 1000 Doves
|-resisted|p1a: 1000 Doves
|-damage|p1a: 1000 Doves|95/100
|-activate|p1a: 1000 Doves|move: Whirlpool|[of] p2a: Celestine
|
|-damage|p1a: 1000 Doves|82/100|[from] move: Whirlpool|[partiallytrapped]
|upkeep
|turn|3
|
|t:|1758322555
|move|p1a: 1000 Doves|Moonblast|p2a: Celestine
|-damage|p2a: Celestine|28/100
|move|p2a: Celestine|Moonblast|p1a: 1000 Doves
|-damage|p1a: 1000 Doves|50/100
|-unboost|p1a: 1000 Doves|spa|1
|
|-damage|p1a: 1000 Doves|38/100|[from] move: Whirlpool|[partiallytrapped]
|upkeep
|turn|4
|
|t:|1758322573
|move|p1a: 1000 Doves|Flip Turn|p2a: Celestine
|-resisted|p2a: Celestine
|-damage|p2a: Celestine|19/100
|
|t:|1758322578
|switch|p1a: Heavy Metal Lover|Iron Treads|100/100|[from] Flip Turn
|move|p2a: Celestine|Moonblast|p1a: Heavy Metal Lover
|-resisted|p1a: Heavy Metal Lover
|-damage|p1a: Heavy Metal Lover|66/100
|
|upkeep
|turn|5
|
|t:|1758322586
|switch|p2a: Behemoth|Great Tusk, shiny|100/100
|move|p1a: Heavy Metal Lover|Earthquake|p2a: Behemoth
|-damage|p2a: Behemoth|71/100
|
|upkeep
|turn|6
|
|t:|1758322592
|-end|p1a: Heavy Metal Lover|Quark Drive|[silent]
|switch|p1a: Monster|Garchomp, M|100/100
|move|p2a: Behemoth|Headlong Rush|p1a: Monster
|-damage|p1a: Monster|61/100
|-unboost|p2a: Behemoth|def|1
|-unboost|p2a: Behemoth|spd|1
|-damage|p2a: Behemoth|59/100|[from] ability: Rough Skin|[of] p1a: Monster
|-damage|p2a: Behemoth|42/100|[from] item: Rocky Helmet|[of] p1a: Monster
|
|upkeep
|turn|7
|
|t:|1758322604
|switch|p1a: Disease|Pecharunt|100/100
|-item|p1a: Disease|Air Balloon
|move|p2a: Behemoth|Ice Spinner|p1a: Disease
|-damage|p1a: Disease|84/100
|-enditem|p1a: Disease|Air Balloon
|
|upkeep
|turn|8
|
|t:|1758322613
|-end|p2a: Behemoth|Protosynthesis|[silent]
|switch|p2a: Chaos|Heatran, M, shiny|100/100
|-item|p2a: Chaos|Air Balloon
|move|p1a: Disease|Shadow Ball|p2a: Chaos
|-damage|p2a: Chaos|76/100
|-unboost|p2a: Chaos|spd|1
|-enditem|p2a: Chaos|Air Balloon
|
|upkeep
|turn|9
|
|t:|1758322621
|move|p1a: Disease|Parting Shot|p2a: Chaos
|-unboost|p2a: Chaos|atk|1
|-unboost|p2a: Chaos|spa|1
|
|t:|1758322623
|switch|p1a: Venus|Raging Bolt|100/100|[from] Parting Shot
|move|p2a: Chaos|Stealth Rock|p1a: Venus
|-sidestart|p1: raviolikid|move: Stealth Rock
|
|upkeep
|turn|10
|inactive|doodle0205 has 120 seconds left.
|inactive|doodle0205 has 90 seconds left.
|
|t:|1758322688
|move|p2a: Chaos|Earth Power|p1a: Venus
|-supereffective|p1a: Venus
|-damage|p1a: Venus|63/100
|move|p1a: Venus|Volt Switch|p2a: Chaos
|-damage|p2a: Chaos|0 fnt
|faint|p2a: Chaos
|
|t:|1758322699
|-end|p1a: Venus|Protosynthesis|[silent]
|switch|p1a: Poker Face|Meowscarada, M|100/100|[from] Volt Switch
|-damage|p1a: Poker Face|88/100|[from] Stealth Rock
|
|upkeep
|inactive|doodle0205 has 90 seconds left.
|
|t:|1758322706
|switch|p2a: Overseer|Pecharunt|100/100
|turn|11
|
|t:|1758322716
|move|p1a: Poker Face|U-turn|p2a: Overseer
|-start|p1a: Poker Face|typechange|Bug|[from] ability: Protean
|-resisted|p2a: Overseer
|-damage|p2a: Overseer|97/100
|-damage|p1a: Poker Face|72/100|[from] item: Rocky Helmet|[of] p2a: Overseer
|
|t:|1758322719
|switch|p1a: Heavy Metal Lover|Iron Treads|66/100|[from] U-turn
|move|p2a: Overseer|Parting Shot|p1a: Heavy Metal Lover
|-unboost|p1a: Heavy Metal Lover|atk|1
|-unboost|p1a: Heavy Metal Lover|spa|1
|
|t:|1758322725
|switch|p2a: Bandit|Weavile, M, shiny|100/100|[from] Parting Shot
|-ability|p2a: Bandit|Pressure
|
|upkeep
|turn|12
|
|t:|1758322742
|-end|p1a: Heavy Metal Lover|Quark Drive|[silent]
|switch|p1a: Disease|Pecharunt|84/100
|-damage|p1a: Disease|71/100|[from] Stealth Rock
|move|p2a: Bandit|Knock Off|p1a: Disease
|-supereffective|p1a: Disease
|-damage|p1a: Disease|19/100
|
|upkeep
|turn|13
|
|t:|1758322748
|move|p2a: Bandit|Knock Off|p1a: Disease
|-supereffective|p1a: Disease
|-damage|p1a: Disease|0 fnt
|faint|p1a: Disease
|
|upkeep
|
|t:|1758322751
|switch|p1a: Monster|Garchomp, M|61/100
|-damage|p1a: Monster|55/100|[from] Stealth Rock
|turn|14
|inactive|doodle0205 has 120 seconds left.
|
|t:|1758322758
|switch|p2a: Anonymous|Ogerpon, F|100/100
|move|p1a: Monster|Stealth Rock|p2a: Anonymous
|-sidestart|p2: doodle0205|move: Stealth Rock
|
|upkeep
|turn|15
|
|t:|1758322766
|move|p2a: Anonymous|Ivy Cudgel|p1a: Monster
|-damage|p1a: Monster|10/100
|move|p1a: Monster|Spikes|p2a: Anonymous
|-sidestart|p2: doodle0205|Spikes
|
|upkeep
|turn|16
|
|t:|1758322770
|move|p2a: Anonymous|Ivy Cudgel|p1a: Monster
|-damage|p1a: Monster|0 fnt
|faint|p1a: Monster
|
|upkeep
|
|t:|1758322772
|switch|p1a: Poker Face|Meowscarada, M|72/100
|-damage|p1a: Poker Face|60/100|[from] Stealth Rock
|turn|17
|
|t:|1758322778
|switch|p2a: Overseer|Pecharunt|97/100
|-damage|p2a: Overseer|84/100|[from] Stealth Rock
|-damage|p2a: Overseer|72/100|[from] Spikes
|move|p1a: Poker Face|U-turn|p2a: Overseer
|-start|p1a: Poker Face|typechange|Bug|[from] ability: Protean
|-resisted|p2a: Overseer
|-damage|p2a: Overseer|68/100
|-damage|p1a: Poker Face|43/100|[from] item: Rocky Helmet|[of] p2a: Overseer
|
|t:|1758322780
|switch|p1a: Venus|Raging Bolt|63/100|[from] U-turn
|-damage|p1a: Venus|51/100|[from] Stealth Rock
|
|upkeep
|turn|18
|
|t:|1758322785
|move|p1a: Venus|Draco Meteor|p2a: Overseer
|-damage|p2a: Overseer|0 fnt
|-unboost|p1a: Venus|spa|2
|faint|p2a: Overseer
|
|upkeep
|
|t:|1758322788
|switch|p2a: Behemoth|Great Tusk, shiny|42/100
|turn|19
|
|t:|1758322794
|move|p2a: Behemoth|Headlong Rush|p1a: Venus
|-supereffective|p1a: Venus
|-damage|p1a: Venus|0 fnt
|-unboost|p2a: Behemoth|def|1
|-unboost|p2a: Behemoth|spd|1
|faint|p1a: Venus
|-end|p1a: Venus|Protosynthesis|[silent]
|
|upkeep
|
|t:|1758322801
|switch|p1a: Heavy Metal Lover|Iron Treads|66/100
|turn|20
|
|t:|1758322805
|-end|p2a: Behemoth|Protosynthesis|[silent]
|switch|p2a: Celestine|Primarina, M, shiny|19/100
|-damage|p2a: Celestine|7/100|[from] Stealth Rock
|-damage|p2a: Celestine|0 fnt|[from] Spikes
|faint|p2a: Celestine
|move|p1a: Heavy Metal Lover|Ice Spinner|p2: Celestine|[notarget]
|-fail|p1a: Heavy Metal Lover
|
|upkeep
|
|t:|1758322810
|switch|p2a: Anonymous|Ogerpon, F|100/100
|-damage|p2a: Anonymous|88/100|[from] Stealth Rock
|-damage|p2a: Anonymous|76/100|[from] Spikes
|turn|21
|
|t:|1758322815
|-end|p1a: Heavy Metal Lover|Quark Drive|[silent]
|switch|p1a: 1000 Doves|Primarina, F|38/100
|-damage|p1a: 1000 Doves|25/100|[from] Stealth Rock
|move|p2a: Anonymous|Ivy Cudgel|p1a: 1000 Doves
|-supereffective|p1a: 1000 Doves
|-damage|p1a: 1000 Doves|0 fnt
|faint|p1a: 1000 Doves
|
|upkeep
|
|t:|1758322817
|switch|p1a: Poker Face|Meowscarada, M|43/100
|-damage|p1a: Poker Face|31/100|[from] Stealth Rock
|turn|22
|
|t:|1758322825
|move|p1a: Poker Face|U-turn|p2a: Anonymous
|-start|p1a: Poker Face|typechange|Bug|[from] ability: Protean
|-supereffective|p2a: Anonymous
|-damage|p2a: Anonymous|0 fnt
|faint|p2a: Anonymous
|
|t:|1758322826
|switch|p1a: Heavy Metal Lover|Iron Treads|66/100|[from] U-turn
|
|upkeep
|
|t:|1758322830
|switch|p2a: Behemoth|Great Tusk, shiny|42/100
|turn|23
|
|t:|1758322842
|move|p1a: Heavy Metal Lover|Rapid Spin|p2a: Behemoth
|-damage|p2a: Behemoth|31/100
|-boost|p1a: Heavy Metal Lover|spe|1
|-sideend|p1: raviolikid|Stealth Rock|[from] move: Rapid Spin|[of] p1a: Heavy Metal Lover
|move|p2a: Behemoth|Rapid Spin|p1a: Heavy Metal Lover
|-resisted|p1a: Heavy Metal Lover
|-damage|p1a: Heavy Metal Lover|58/100
|-boost|p2a: Behemoth|spe|1
|-sideend|p2: doodle0205|Spikes|[from] move: Rapid Spin|[of] p2a: Behemoth
|-sideend|p2: doodle0205|Stealth Rock|[from] move: Rapid Spin|[of] p2a: Behemoth
|
|upkeep
|turn|24
|
|t:|1758322847
|move|p1a: Heavy Metal Lover|Ice Spinner|p2a: Behemoth
|-supereffective|p2a: Behemoth
|-damage|p2a: Behemoth|1/100
|move|p2a: Behemoth|Headlong Rush|p1a: Heavy Metal Lover
|-supereffective|p1a: Heavy Metal Lover
|-damage|p1a: Heavy Metal Lover|0 fnt
|-unboost|p2a: Behemoth|def|1
|-unboost|p2a: Behemoth|spd|1
|faint|p1a: Heavy Metal Lover
|-end|p1a: Heavy Metal Lover|Quark Drive|[silent]
|
|upkeep
|
|t:|1758322849
|switch|p1a: Poker Face|Meowscarada, M|31/100
|turn|25
|
|t:|1758322856
|move|p1a: Poker Face|U-turn|p2a: Behemoth
|-start|p1a: Poker Face|typechange|Bug|[from] ability: Protean
|-resisted|p2a: Behemoth
|-damage|p2a: Behemoth|0 fnt
|faint|p2a: Behemoth
|-end|p2a: Behemoth|Protosynthesis|[silent]
|
|upkeep
|
|t:|1758322859
|switch|p2a: Bandit|Weavile, M, shiny|100/100
|-ability|p2a: Bandit|Pressure
|turn|26
|
|t:|1758322861
|-terastallize|p2a: Bandit|Ice
|move|p2a: Bandit|Ice Shard|p1a: Poker Face
|-damage|p1a: Poker Face|0 fnt
|faint|p1a: Poker Face
|
|win|doodle0205
|raw|raviolikid's rating: 1628 &rarr; <strong>1608</strong><br />(-20 for losing)
|raw|doodle0205's rating: 1627 &rarr; <strong>1647</strong><br />(+20 for winning)
