|j|☆PirateKingJoyBoy
|j|☆DesiredFood
|t:|1758258242
|gametype|singles
|player|p1|PirateKingJoyBoy|2|1445
|player|p2|DesiredFood|viola|1450
|gen|9
|tier|[Gen 9] OU
|rated|
|rule|HP Percentage Mod: HP is shown in percentages
|rule|Endless Battle Clause: Forcing endless battles is banned
|rule|Species Clause: Limit one of each Pokémon
|rule|OHKO Clause: OHKO moves are banned
|rule|Evasion Items Clause: Evasion items are banned
|rule|Evasion Moves Clause: Evasion moves are banned
|rule|Evasion Abilities Clause: Evasion abilities are banned
|rule|Sleep Moves Clause: Sleep-inducing moves are banned
|clearpoke
|poke|p1|Cinderace, M|
|poke|p1|Landorus-Therian, M|
|poke|p1|Gholdengo|
|poke|p1|Clefable, M|
|poke|p1|Mimikyu, F|
|poke|p1|Toxapex, F|
|poke|p2|Gliscor, M|
|poke|p2|Ogerpon, F|
|poke|p2|Dragonite, M|
|poke|p2|Gholdengo|
|poke|p2|Deoxys-Speed|
|poke|p2|Slither Wing|
|teampreview
|
|t:|1758258260
|teamsize|p1|6
|teamsize|p2|6
|start
|switch|p1a: Gholdengo|Gholdengo|100/100
|switch|p2a: Ogerpon|Ogerpon, F|100/100
|turn|1
|
|t:|1758258271
|switch|p1a: Landorus|Landorus-Therian, M|100/100
|-ability|p1a: Landorus|Intimidate|boost
|-unboost|p2a: Ogerpon|atk|1
|-ability|p2a: Ogerpon|Defiant|boost
|-boost|p2a: Ogerpon|atk|2
|move|p2a: Ogerpon|Knock Off|p1a: Landorus
|-damage|p1a: Landorus|59/100
|-enditem|p1a: Landorus|Leftovers|[from] move: Knock Off|[of] p2a: Ogerpon
|
|upkeep
|turn|2
|
|t:|1758258282
|move|p2a: Ogerpon|Ivy Cudgel|p1a: Landorus
|-damage|p1a: Landorus|0 fnt
|faint|p1a: Landorus
|
|upkeep
|
|t:|1758258289
|switch|p1a: Mimikyu|Mimikyu, F|100/100
|turn|3
|
|t:|1758258293
|move|p1a: Mimikyu|Play Rough|p2a: Ogerpon
|-damage|p2a: Ogerpon|50/100
|-damage|p1a: Mimikyu|91/100|[from] item: Life Orb
|move|p2a: Ogerpon|U-turn|p1a: Mimikyu
|-activate|p1a: Mimikyu|ability: Disguise
|-damage|p1a: Mimikyu|91/100
|detailschange|p1a: Mimikyu|Mimikyu-Busted, F
|-damage|p1a: Mimikyu|78/100|[from] pokemon: Mimikyu-Busted
|
|t:|1758258325
|switch|p2a: Gliscor|Gliscor, M|100/100|[from] U-turn
|
|-status|p2a: Gliscor|tox|[from] item: Toxic Orb
|upkeep
|turn|4
|
|t:|1758258330
|move|p1a: Mimikyu|Swords Dance|p1a: Mimikyu
|-boost|p1a: Mimikyu|atk|2
|move|p2a: Gliscor|Swords Dance|p2a: Gliscor
|-boost|p2a: Gliscor|atk|2
|
|upkeep
|turn|5
|
|t:|1758258335
|move|p1a: Mimikyu|Play Rough|p2a: Gliscor
|-damage|p2a: Gliscor|22/100 tox
|-damage|p1a: Mimikyu|68/100|[from] item: Life Orb
|move|p2a: Gliscor|Earthquake|p1a: Mimikyu
|-damage|p1a: Mimikyu|0 fnt
|faint|p1a: Mimikyu
|
|-heal|p2a: Gliscor|34/100 tox|[from] ability: Poison Heal
|upkeep
|
|t:|1758258348
|switch|p1a: Gholdengo|Gholdengo|100/100
|turn|6
|
|t:|1758258359
|move|p2a: Gliscor|Protect|p2a: Gliscor
|-singleturn|p2a: Gliscor|Protect
|move|p1a: Gholdengo|Shadow Ball|p2a: Gliscor
|-activate|p2a: Gliscor|move: Protect
|
|-heal|p2a: Gliscor|47/100 tox|[from] ability: Poison Heal
|upkeep
|turn|7
|
|t:|1758258366
|switch|p2a: Slither Wing|Slither Wing|100/100
|move|p1a: Gholdengo|Shadow Ball|p2a: Slither Wing
|-damage|p2a: Slither Wing|69/100
|
|upkeep
|turn|8
|
|t:|1758258374
|switch|p1a: Clefable|Clefable, M|100/100
|move|p2a: Slither Wing|U-turn|p1a: Clefable
|-resisted|p1a: Clefable
|-damage|p1a: Clefable|84/100
|
|t:|1758258378
|-end|p2a: Slither Wing|Protosynthesis|[silent]
|switch|p2a: Gholdengo|Gholdengo|100/100|[from] U-turn
|
|upkeep
|turn|9
|
|t:|1758258385
|-terastallize|p1a: Clefable|Fire
|move|p2a: Gholdengo|Thunder Wave|p1a: Clefable
|-status|p1a: Clefable|par
|move|p1a: Clefable|Flamethrower|p2a: Gholdengo
|-supereffective|p2a: Gholdengo
|-damage|p2a: Gholdengo|3/100
|
|upkeep
|turn|10
|
|t:|1758258394
|switch|p1a: Toxapex|Toxapex, F|100/100
|move|p2a: Gholdengo|Hex|p1a: Toxapex
|-damage|p1a: Toxapex|83/100
|
|-heal|p1a: Toxapex|89/100|[from] item: Leftovers
|upkeep
|turn|11
|
|t:|1758258401
|switch|p1a: Gholdengo|Gholdengo|100/100
|move|p2a: Gholdengo|Thunder Wave|p1a: Gholdengo
|-immune|p1a: Gholdengo|[from] ability: Good as Gold
|
|upkeep
|turn|12
|
|t:|1758258408
|move|p1a: Gholdengo|Shadow Ball|p2a: Gholdengo
|-supereffective|p2a: Gholdengo
|-damage|p2a: Gholdengo|0 fnt
|faint|p2a: Gholdengo
|
|upkeep
|
|t:|1758258413
|switch|p2a: Ogerpon|Ogerpon, F|50/100
|turn|13
|
|t:|1758258423
|move|p1a: Gholdengo|Shadow Ball|p2a: Ogerpon
|-damage|p2a: Ogerpon|0 fnt
|faint|p2a: Ogerpon
|
|upkeep
|
|t:|1758258429
|switch|p2a: Dragonite|Dragonite, M|100/100
|turn|14
|
|t:|1758258449
|switch|p1a: Clefable|Clefable, M, tera:Fire|84/100 par
|move|p2a: Dragonite|Earthquake|p1a: Clefable
|-supereffective|p1a: Clefable
|-damage|p1a: Clefable|0 fnt
|faint|p1a: Clefable
|
|upkeep
|
|t:|1758258456
|switch|p1a: Toxapex|Toxapex, F|100/100
|turn|15
|
|t:|1758258467
|switch|p2a: Slither Wing|Slither Wing|69/100
|move|p1a: Toxapex|Toxic|p2a: Slither Wing
|-status|p2a: Slither Wing|tox
|
|-damage|p2a: Slither Wing|63/100 tox|[from] psn
|upkeep
|turn|16
|
|t:|1758258475
|move|p1a: Toxapex|Baneful Bunker|p1a: Toxapex
|-singleturn|p1a: Toxapex|move: Protect
|move|p2a: Slither Wing|Morning Sun|p2a: Slither Wing
|-heal|p2a: Slither Wing|100/100 tox
|
|-damage|p2a: Slither Wing|88/100 tox|[from] psn
|upkeep
|turn|17
|
|t:|1758258482
|move|p2a: Slither Wing|Will-O-Wisp|p1a: Toxapex
|-status|p1a: Toxapex|brn
|move|p1a: Toxapex|Surf|p2a: Slither Wing
|-damage|p2a: Slither Wing|74/100 tox
|
|-damage|p2a: Slither Wing|56/100 tox|[from] psn
|-damage|p1a: Toxapex|94/100 brn|[from] brn
|upkeep
|turn|18
|
|t:|1758258492
|-end|p2a: Slither Wing|Protosynthesis|[silent]
|switch|p2a: Deoxys|Deoxys-Speed|100/100
|-ability|p2a: Deoxys|Pressure
|move|p1a: Toxapex|Toxic|p2a: Deoxys
|-status|p2a: Deoxys|tox
|
|-heal|p1a: Toxapex|100/100 brn|[from] item: Leftovers
|-damage|p2a: Deoxys|94/100 tox|[from] psn
|-damage|p1a: Toxapex|94/100 brn|[from] brn
|upkeep
|turn|19
|
|t:|1758258507
|switch|p1a: Gholdengo|Gholdengo|100/100
|move|p2a: Deoxys|Psycho Boost|p1a: Gholdengo
|-resisted|p1a: Gholdengo
|-damage|p1a: Gholdengo|67/100
|-unboost|p2a: Deoxys|spa|2
|
|-damage|p2a: Deoxys|82/100 tox|[from] psn
|upkeep
|turn|20
|
|t:|1758258516
|switch|p2a: Slither Wing|Slither Wing|56/100 tox
|move|p1a: Gholdengo|Shadow Ball|p2a: Slither Wing
|-damage|p2a: Slither Wing|27/100 tox
|
|-damage|p2a: Slither Wing|20/100 tox|[from] psn
|upkeep
|turn|21
|
|t:|1758258524
|move|p2a: Slither Wing|First Impression|p1a: Gholdengo
|-resisted|p1a: Gholdengo
|-damage|p1a: Gholdengo|55/100
|move|p1a: Gholdengo|Shadow Ball|p2a: Slither Wing
|-damage|p2a: Slither Wing|0 fnt
|faint|p2a: Slither Wing
|-end|p2a: Slither Wing|Protosynthesis|[silent]
|
|upkeep
|
|t:|1758258534
|switch|p2a: Dragonite|Dragonite, M|100/100
|turn|22
|
|t:|1758258555
|move|p1a: Gholdengo|Shadow Ball|p2a: Dragonite
|-damage|p2a: Dragonite|83/100
|move|p2a: Dragonite|Earthquake|p1a: Gholdengo
|-supereffective|p1a: Gholdengo
|-damage|p1a: Gholdengo|0 fnt
|faint|p1a: Gholdengo
|
|upkeep
|
|t:|1758258562
|switch|p1a: Toxapex|Toxapex, F|100/100 brn
|turn|23
|
|t:|1758258565
|switch|p2a: Deoxys|Deoxys-Speed|82/100 tox
|-ability|p2a: Deoxys|Pressure
|move|p1a: Toxapex|Toxic|p2a: Deoxys
|-fail|p2a: Deoxys|tox
|
|-damage|p2a: Deoxys|76/100 tox|[from] psn
|-damage|p1a: Toxapex|94/100 brn|[from] brn
|upkeep
|turn|24
|
|t:|1758258574
|-terastallize|p2a: Deoxys|Psychic
|move|p2a: Deoxys|Psycho Boost|p1a: Toxapex
|-supereffective|p1a: Toxapex
|-damage|p1a: Toxapex|2/100 brn
|-unboost|p2a: Deoxys|spa|2
|move|p1a: Toxapex|Recover|p1a: Toxapex
|-heal|p1a: Toxapex|52/100 brn
|
|-heal|p1a: Toxapex|58/100 brn|[from] item: Leftovers
|-damage|p2a: Deoxys|64/100 tox|[from] psn
|-damage|p1a: Toxapex|52/100 brn|[from] brn
|upkeep
|turn|25
|
|t:|1758258586
|switch|p2a: Gliscor|Gliscor, M|47/100 tox
|move|p1a: Toxapex|Recover|p1a: Toxapex
|-heal|p1a: Toxapex|100/100 brn
|
|-heal|p2a: Gliscor|59/100 tox|[from] ability: Poison Heal
|-damage|p1a: Toxapex|94/100 brn|[from] brn
|upkeep
|turn|26
|
|t:|1758258595
|move|p2a: Gliscor|Protect|p2a: Gliscor
|-singleturn|p2a: Gliscor|Protect
|move|p1a: Toxapex|Surf|p2a: Gliscor
|-activate|p2a: Gliscor|move: Protect
|
|-heal|p1a: Toxapex|100/100 brn|[from] item: Leftovers
|-heal|p2a: Gliscor|72/100 tox|[from] ability: Poison Heal
|-damage|p1a: Toxapex|94/100 brn|[from] brn
|upkeep
|turn|27
|
|t:|1758258603
|move|p2a: Gliscor|Earthquake|p1a: Toxapex
|-supereffective|p1a: Toxapex
|-damage|p1a: Toxapex|36/100 brn
|move|p1a: Toxapex|Surf|p2a: Gliscor
|-supereffective|p2a: Gliscor
|-damage|p2a: Gliscor|22/100 tox
|
|-heal|p1a: Toxapex|43/100 brn|[from] item: Leftovers
|-heal|p2a: Gliscor|35/100 tox|[from] ability: Poison Heal
|-damage|p1a: Toxapex|36/100 brn|[from] brn
|upkeep
|turn|28
|
|t:|1758258613
|switch|p1a: Cinderace|Cinderace, M|100/100
|move|p2a: Gliscor|Earthquake|p1a: Cinderace
|-supereffective|p1a: Cinderace
|-damage|p1a: Cinderace|0 fnt
|faint|p1a: Cinderace
|
|-heal|p2a: Gliscor|47/100 tox|[from] ability: Poison Heal
|upkeep
|-message|PirateKingJoyBoy forfeited.
|
|win|DesiredFood
|raw|PirateKingJoyBoy's rating: 1445 &rarr; <strong>1425</strong><br />(-20 for losing)
|raw|DesiredFood's rating: 1450 &rarr; <strong>1470</strong><br />(+20 for winning)
|l|☆PirateKingJoyBoy
|player|p1|
