|j|☆adsdef
|j|☆ego_the_amigo
|t:|1758293804
|gametype|singles
|player|p1|adsdef|youngn|1121
|player|p2|ego_the_amigo|benga|1177
|gen|9
|tier|[Gen 9] OU
|rated|
|rule|HP Percentage Mod: HP is shown in percentages
|rule|Endless Battle Clause: Forcing endless battles is banned
|rule|Species Clause: Limit one of each Pokémon
|rule|OHKO Clause: OHKO moves are banned
|rule|Evasion Items Clause: Evasion items are banned
|rule|Evasion Moves Clause: Evasion moves are banned
|rule|Evasion Abilities Clause: Evasion abilities are banned
|rule|Sleep Moves Clause: Sleep-inducing moves are banned
|clearpoke
|poke|p1|Polteageist|
|poke|p1|Kleavor, M|
|poke|p1|Necrozma|
|poke|p1|Komala, M|
|poke|p1|Braviary-Hisui, M|
|poke|p1|Lilligant-Hisui, F|
|poke|p2|Skarmory, F|
|poke|p2|Cloyster, F|
|poke|p2|Galvantula, F|
|poke|p2|Dragapult, M|
|poke|p2|Kingambit, F|
|poke|p2|Salazzle, F|
|teampreview
|inactive|Battle timer is ON: inactive players will automatically lose when time's up. (requested by adsdef)
|
|t:|1758293816
|teamsize|p1|6
|teamsize|p2|6
|start
|switch|p1a: Kleavor|Kleavor, M|100/100
|switch|p2a: Skarmory|Skarmory, F|100/100
|turn|1
|
|t:|1758293828
|move|p1a: Kleavor|Tailwind|p1a: Kleavor
|-sidestart|p1: adsdef|move: Tailwind
|move|p2a: Skarmory|Stealth Rock|p1a: Kleavor
|-sidestart|p1: adsdef|move: Stealth Rock
|
|upkeep
|turn|2
|
|t:|1758293834
|move|p1a: Kleavor|Stone Axe|p2a: Skarmory
|-damage|p2a: Skarmory|64/100
|-sidestart|p2: ego_the_amigo|move: Stealth Rock
|move|p2a: Skarmory|Spikes|p1a: Kleavor
|-sidestart|p1: adsdef|Spikes
|
|-heal|p2a: Skarmory|70/100|[from] item: Leftovers
|upkeep
|turn|3
|
|t:|1758293843
|move|p1a: Kleavor|Stone Axe|p2a: Skarmory
|-damage|p2a: Skarmory|27/100
|move|p2a: Skarmory|Whirlwind|p1a: Kleavor
|drag|p1a: Necrozma|Necrozma|100/100
|-damage|p1a: Necrozma|88/100|[from] Stealth Rock
|-damage|p1a: Necrozma|76/100|[from] Spikes
|
|-heal|p2a: Skarmory|33/100|[from] item: Leftovers
|upkeep
|turn|4
|
|t:|1758293856
|move|p1a: Necrozma|Power Gem|p2a: Skarmory
|-damage|p2a: Skarmory|8/100
|move|p2a: Skarmory|Roost|p2a: Skarmory
|-heal|p2a: Skarmory|58/100
|-singleturn|p2a: Skarmory|move: Roost
|
|-heal|p2a: Skarmory|64/100|[from] item: Leftovers
|-sideend|p1: adsdef|move: Tailwind
|upkeep
|turn|5
|
|t:|1758293870
|move|p1a: Necrozma|Power Gem|p2a: Skarmory
|-damage|p2a: Skarmory|36/100
|move|p2a: Skarmory|Spikes|p1a: Necrozma
|-sidestart|p1: adsdef|Spikes
|
|-heal|p2a: Skarmory|42/100|[from] item: Leftovers
|upkeep
|turn|6
|
|t:|1758293879
|move|p1a: Necrozma|Power Gem|p2a: Skarmory
|-damage|p2a: Skarmory|14/100
|move|p2a: Skarmory|Roost|p2a: Skarmory
|-heal|p2a: Skarmory|64/100
|-singleturn|p2a: Skarmory|move: Roost
|
|-heal|p2a: Skarmory|70/100|[from] item: Leftovers
|upkeep
|turn|7
|
|t:|1758293892
|move|p1a: Necrozma|Power Gem|p2a: Skarmory
|-damage|p2a: Skarmory|41/100
|move|p2a: Skarmory|Whirlwind|p1a: Necrozma
|drag|p1a: Polteageist|Polteageist|100/100
|-damage|p1a: Polteageist|88/100|[from] Stealth Rock
|-damage|p1a: Polteageist|72/100|[from] Spikes
|
|-heal|p2a: Skarmory|47/100|[from] item: Leftovers
|upkeep
|turn|8
|
|t:|1758293906
|move|p1a: Polteageist|Shell Smash|p1a: Polteageist
|-unboost|p1a: Polteageist|def|1
|-unboost|p1a: Polteageist|spd|1
|-boost|p1a: Polteageist|atk|2
|-boost|p1a: Polteageist|spa|2
|-boost|p1a: Polteageist|spe|2
|move|p2a: Skarmory|Roost|p2a: Skarmory
|-heal|p2a: Skarmory|97/100
|-singleturn|p2a: Skarmory|move: Roost
|
|-heal|p2a: Skarmory|100/100|[from] item: Leftovers
|upkeep
|turn|9
|
|t:|1758293920
|move|p1a: Polteageist|Shadow Ball|p2a: Skarmory
|-damage|p2a: Skarmory|17/100
|move|p2a: Skarmory|Whirlwind|p1a: Polteageist
|drag|p1a: Necrozma|Necrozma|76/100
|-damage|p1a: Necrozma|64/100|[from] Stealth Rock
|-damage|p1a: Necrozma|47/100|[from] Spikes
|
|-heal|p2a: Skarmory|23/100|[from] item: Leftovers
|upkeep
|turn|10
|
|t:|1758293935
|move|p1a: Necrozma|Power Gem|p2a: Skarmory
|-damage|p2a: Skarmory|0 fnt
|faint|p2a: Skarmory
|
|upkeep
|
|t:|1758293943
|switch|p2a: Galvantula|Galvantula, F|100/100
|-damage|p2a: Galvantula|76/100|[from] Stealth Rock
|-item|p2a: Galvantula|Air Balloon
|turn|11
|
|t:|1758293959
|move|p2a: Galvantula|Bug Buzz|p1a: Necrozma
|-supereffective|p1a: Necrozma
|-damage|p1a: Necrozma|0 fnt
|faint|p1a: Necrozma
|
|upkeep
|
|t:|1758293965
|switch|p1a: Komala|Komala, M|100/100
|-damage|p1a: Komala|88/100|[from] Stealth Rock
|-damage|p1a: Komala|72/100|[from] Spikes
|-ability|p1a: Komala|Comatose
|turn|12
|
|t:|1758293975
|move|p2a: Galvantula|Sticky Web|p1a: Komala
|-sidestart|p1: adsdef|move: Sticky Web
|move|p1a: Komala|Rapid Spin|p2a: Galvantula
|-damage|p2a: Galvantula|38/100
|-boost|p1a: Komala|spe|1
|-enditem|p2a: Galvantula|Air Balloon
|-sideend|p1: adsdef|Spikes|[from] move: Rapid Spin|[of] p1a: Komala
|-sideend|p1: adsdef|Stealth Rock|[from] move: Rapid Spin|[of] p1a: Komala
|-sideend|p1: adsdef|Sticky Web|[from] move: Rapid Spin|[of] p1a: Komala
|
|-heal|p1a: Komala|78/100|[from] item: Leftovers
|upkeep
|turn|13
|
|t:|1758293993
|move|p2a: Galvantula|Thunder|p1a: Komala
|-damage|p1a: Komala|26/100
|move|p1a: Komala|Rapid Spin|p2a: Galvantula
|-damage|p2a: Galvantula|0 fnt
|-boost|p1a: Komala|spe|1
|faint|p2a: Galvantula
|
|-heal|p1a: Komala|32/100|[from] item: Leftovers
|upkeep
|
|t:|1758294004
|switch|p2a: Dragapult|Dragapult, M|100/100
|-damage|p2a: Dragapult|88/100|[from] Stealth Rock
|turn|14
|
|t:|1758294010
|move|p2a: Dragapult|Dragon Dance|p2a: Dragapult
|-boost|p2a: Dragapult|atk|1
|-boost|p2a: Dragapult|spe|1
|move|p1a: Komala|Knock Off|p2a: Dragapult
|-supereffective|p2a: Dragapult
|-damage|p2a: Dragapult|16/100
|-enditem|p2a: Dragapult|Leftovers|[from] move: Knock Off|[of] p1a: Komala
|
|-heal|p1a: Komala|38/100|[from] item: Leftovers
|upkeep
|turn|15
|
|t:|1758294022
|move|p2a: Dragapult|Dragon Darts|p1a: Komala
|-damage|p1a: Komala|0 fnt
|faint|p1a: Komala
|
|upkeep
|
|t:|1758294049
|switch|p1a: Polteageist|Polteageist|72/100
|turn|16
|
|t:|1758294061
|move|p2a: Dragapult|Dragon Darts|p1a: Polteageist
|-damage|p1a: Polteageist|0 fnt
|faint|p1a: Polteageist
|
|upkeep
|
|t:|1758294067
|switch|p1a: Kleavor|Kleavor, M|100/100
|turn|17
|
|t:|1758294079
|-terastallize|p1a: Kleavor|Bug
|move|p2a: Dragapult|Dragon Darts|p1a: Kleavor
|-damage|p1a: Kleavor|46/100
|-anim|p2a: Dragapult|Dragon Darts|p1a: Kleavor
|-damage|p1a: Kleavor|0 fnt
|faint|p1a: Kleavor
|
|upkeep
|
|t:|1758294085
|switch|p1a: Lilligant|Lilligant-Hisui, F|100/100
|turn|18
|
|t:|1758294093
|move|p2a: Dragapult|Dragon Darts|p1a: Lilligant
|-damage|p1a: Lilligant|33/100
|-anim|p2a: Dragapult|Dragon Darts|p1a: Lilligant
|-damage|p1a: Lilligant|0 fnt
|faint|p1a: Lilligant
|
|upkeep
|
|t:|1758294101
|switch|p1a: Braviary|Braviary-Hisui, M|100/100
|turn|19
|
|t:|1758294114
|move|p2a: Dragapult|Phantom Force||[still]
|-prepare|p2a: Dragapult|Phantom Force
|move|p1a: Braviary|Dazzling Gleam|p2a: Dragapult|[miss]
|-miss|p1a: Braviary|p2a: Dragapult
|
|upkeep
|turn|20
|
|t:|1758294120
|move|p2a: Dragapult|Phantom Force|p1a: Braviary|[from] lockedmove
|-supereffective|p1a: Braviary
|-damage|p1a: Braviary|0 fnt
|faint|p1a: Braviary
|
|win|ego_the_amigo
|raw|adsdef's rating: 1121 &rarr; <strong>1100</strong><br />(-21 for losing)
|raw|ego_the_amigo's rating: 1177 &rarr; <strong>1198</strong><br />(+21 for winning)
|l|☆adsdef
|player|p1|
|l|☆ego_the_amigo
|player|p2|
