|j|☆schalo
|j|☆roommate108
|t:|1758369780
|gametype|singles
|player|p1|schalo|harlequin|1379
|player|p2|roommate108|102|1313
|gen|9
|tier|[Gen 9] OU
|rated|
|rule|HP Percentage Mod: HP is shown in percentages
|rule|Endless Battle Clause: Forcing endless battles is banned
|rule|Species Clause: Limit one of each Pokémon
|rule|OHKO Clause: OHKO moves are banned
|rule|Evasion Items Clause: Evasion items are banned
|rule|Evasion Moves Clause: Evasion moves are banned
|rule|Evasion Abilities Clause: Evasion abilities are banned
|rule|Sleep Moves Clause: Sleep-inducing moves are banned
|clearpoke
|poke|p1|Slowking, M|
|poke|p1|Thundurus, M|
|poke|p1|Kyurem|
|poke|p1|Iron Treads|
|poke|p1|Krookodile, F|
|poke|p1|Metagross|
|poke|p2|Great Tusk|
|poke|p2|Brambleghast, F|
|poke|p2|Moltres|
|poke|p2|Ting-Lu|
|poke|p2|Kleavor, F|
|poke|p2|Dragapult, F|
|teampreview
|inactive|Battle timer is ON: inactive players will automatically lose when time's up. (requested by roommate108)
|
|t:|1758369851
|teamsize|p1|6
|teamsize|p2|6
|start
|switch|p1a: Krookodile|Krookodile, F|100/100
|switch|p2a: Dragapult|Dragapult, F|100/100
|-ability|p1a: Krookodile|Intimidate|boost
|-unboost|p2a: Dragapult|atk|1
|turn|1
|
|t:|1758369860
|move|p1a: Krookodile|Knock Off|p2a: Dragapult
|-supereffective|p2a: Dragapult
|-damage|p2a: Dragapult|0 fnt
|-enditem|p2a: Dragapult|Choice Specs|[from] move: Knock Off|[of] p1a: Krookodile
|faint|p2a: Dragapult
|
|upkeep
|
|t:|1758369876
|switch|p2a: Great Tusk|Great Tusk|100/100
|-enditem|p2a: Great Tusk|Booster Energy
|-activate|p2a: Great Tusk|ability: Protosynthesis|[fromitem]
|-start|p2a: Great Tusk|protosynthesisatk
|turn|2
|inactive|schalo has 120 seconds left.
|
|t:|1758369919
|switch|p1a: Metagross|Metagross|100/100
|move|p2a: Great Tusk|Rapid Spin|p1a: Metagross
|-resisted|p1a: Metagross
|-damage|p1a: Metagross|90/100
|-boost|p2a: Great Tusk|spe|1
|
|upkeep
|turn|3
|
|t:|1758369934
|move|p2a: Great Tusk|Headlong Rush|p1a: Metagross
|-supereffective|p1a: Metagross
|-enditem|p1a: Metagross|Shuca Berry|[eat]
|-enditem|p1a: Metagross|Shuca Berry|[weaken]
|-damage|p1a: Metagross|29/100
|-unboost|p2a: Great Tusk|def|1
|-unboost|p2a: Great Tusk|spd|1
|move|p1a: Metagross|Psychic Fangs|p2a: Great Tusk
|-supereffective|p2a: Great Tusk
|-damage|p2a: Great Tusk|0 fnt
|faint|p2a: Great Tusk
|-end|p2a: Great Tusk|Protosynthesis|[silent]
|
|upkeep
|
|t:|1758369943
|switch|p2a: Ting-Lu|Ting-Lu|100/100
|-ability|p2a: Ting-Lu|Vessel of Ruin
|turn|4
|
|t:|1758369951
|move|p1a: Metagross|Hammer Arm|p2a: Ting-Lu
|-supereffective|p2a: Ting-Lu
|-damage|p2a: Ting-Lu|59/100
|-unboost|p1a: Metagross|spe|1
|move|p2a: Ting-Lu|Spikes|p1a: Metagross
|-sidestart|p1: schalo|Spikes
|
|-heal|p2a: Ting-Lu|65/100|[from] item: Leftovers
|upkeep
|turn|5
|inactive|schalo has 120 seconds left.
|
|t:|1758369958
|move|p2a: Ting-Lu|Throat Chop|p1a: Metagross
|-supereffective|p1a: Metagross
|-damage|p1a: Metagross|0 fnt
|faint|p1a: Metagross
|
|-heal|p2a: Ting-Lu|72/100|[from] item: Leftovers
|upkeep
|inactive|schalo has 120 seconds left.
|
|t:|1758369990
|switch|p1a: Slowking|Slowking, M|100/100
|-damage|p1a: Slowking|88/100|[from] Spikes
|turn|6
|
|t:|1758369996
|move|p2a: Ting-Lu|Spikes|p1a: Slowking
|-sidestart|p1: schalo|Spikes
|-prepare|p1a: Slowking|Chilly Reception|[premajor]
|move|p1a: Slowking|Chilly Reception|p1a: Slowking
|-weather|Snowscape
|
|t:|1758370001
|switch|p1a: Kyurem|Kyurem|100/100|[from] Chilly Reception
|-damage|p1a: Kyurem|84/100|[from] Spikes
|-ability|p1a: Kyurem|Pressure
|
|-weather|Snowscape|[upkeep]
|-heal|p2a: Ting-Lu|78/100|[from] item: Leftovers
|upkeep
|turn|7
|inactive|roommate108 has 120 seconds left.
|
|t:|1758370032
|-terastallize|p1a: Kyurem|Ice
|move|p1a: Kyurem|Blizzard|p2a: Ting-Lu
|-supereffective|p2a: Ting-Lu
|-damage|p2a: Ting-Lu|0 fnt
|faint|p2a: Ting-Lu
|
|-weather|Snowscape|[upkeep]
|upkeep
|
|t:|1758370034
|switch|p2a: Kleavor|Kleavor, F|100/100
|turn|8
|
|t:|1758370053
|switch|p1a: Iron Treads|Iron Treads|100/100
|-damage|p1a: Iron Treads|84/100|[from] Spikes
|move|p2a: Kleavor|Tailwind|p2a: Kleavor
|-sidestart|p2: roommate108|move: Tailwind
|
|-weather|Snowscape|[upkeep]
|upkeep
|turn|9
|
|t:|1758370072
|move|p2a: Kleavor|U-turn|p1a: Iron Treads
|-resisted|p1a: Iron Treads
|-damage|p1a: Iron Treads|69/100
|-damage|p2a: Kleavor|84/100|[from] item: Rocky Helmet|[of] p1a: Iron Treads
|
|t:|1758370076
|switch|p2a: Brambleghast|Brambleghast, F|100/100|[from] U-turn
|-ability|p2a: Brambleghast|Wind Rider|boost
|-boost|p2a: Brambleghast|atk|1
|move|p1a: Iron Treads|Rapid Spin|p2a: Brambleghast
|-immune|p2a: Brambleghast
|
|-weather|Snowscape|[upkeep]
|upkeep
|turn|10
|inactive|schalo has 90 seconds left.
|
|t:|1758370102
|-end|p1a: Iron Treads|Quark Drive|[silent]
|switch|p1a: Krookodile|Krookodile, F|100/100
|-damage|p1a: Krookodile|84/100|[from] Spikes
|-ability|p1a: Krookodile|Intimidate|boost
|-unboost|p2a: Brambleghast|atk|1
|move|p2a: Brambleghast|Poltergeist|p1a: Krookodile|[miss]
|-miss|p2a: Brambleghast|p1a: Krookodile
|
|-weather|Snowscape|[upkeep]
|upkeep
|turn|11
|inactive|schalo has 90 seconds left.
|
|t:|1758370124
|move|p2a: Brambleghast|Trailblaze|p1a: Krookodile
|-supereffective|p1a: Krookodile
|-damage|p1a: Krookodile|6/100
|-boost|p2a: Brambleghast|spe|1
|-damage|p2a: Brambleghast|91/100|[from] item: Life Orb
|move|p1a: Krookodile|Knock Off|p2a: Brambleghast
|-supereffective|p2a: Brambleghast
|-damage|p2a: Brambleghast|0 fnt
|-enditem|p2a: Brambleghast|Life Orb|[from] move: Knock Off|[of] p1a: Krookodile
|faint|p2a: Brambleghast
|
|-weather|Snowscape|[upkeep]
|-sideend|p2: roommate108|move: Tailwind
|upkeep
|-message|roommate108 forfeited.
|
|win|schalo
|raw|schalo's rating: 1379 &rarr; <strong>1395</strong><br />(+16 for winning)
|raw|roommate108's rating: 1313 &rarr; <strong>1297</strong><br />(-16 for losing)
|l|☆roommate108
|player|p2|
|l|☆schalo
|player|p1|
