|j|☆germannsson
|j|☆Jaemaster2010
|t:|1758289310
|gametype|singles
|player|p1|germannsson|1|1078
|player|p2|Jaemaster2010|acetrainer-gen4dp|1094
|gen|9
|tier|[Gen 9] OU
|rated|
|rule|HP Percentage Mod: HP is shown in percentages
|rule|Endless Battle Clause: Forcing endless battles is banned
|rule|Species Clause: Limit one of each Pokémon
|rule|OHKO Clause: OHKO moves are banned
|rule|Evasion Items Clause: Evasion items are banned
|rule|Evasion Moves Clause: Evasion moves are banned
|rule|Evasion Abilities Clause: Evasion abilities are banned
|rule|Sleep Moves Clause: Sleep-inducing moves are banned
|clearpoke
|poke|p1|Cinccino, F|
|poke|p1|Hatterene, F|
|poke|p1|Landorus-Therian, M|
|poke|p1|Araquanid, M|
|poke|p1|Cinderace, M|
|poke|p1|Gholdengo|
|poke|p2|Haxorus, M|
|poke|p2|Incineroar, M|
|poke|p2|Bastiodon, M|
|poke|p2|Zapdos|
|poke|p2|Great Tusk|
|poke|p2|Alcremie-Mint-Cream, F|
|teampreview
|c|☆Jaemaster2010|hi
|c|☆germannsson|hi
|c|☆Jaemaster2010|I am testing this team!
|inactive|Battle timer is ON: inactive players will automatically lose when time's up. (requested by germannsson)
|c|☆germannsson|me too
|
|t:|1758289366
|teamsize|p1|6
|teamsize|p2|6
|start
|switch|p1a: Landorus|Landorus-Therian, M|100/100
|switch|p2a: Zappy|Zapdos, shiny|100/100
|-ability|p1a: Landorus|Intimidate|boost
|-unboost|p2a: Zappy|atk|1
|turn|1
|
|t:|1758289377
|move|p2a: Zappy|U-turn|p1a: Landorus
|-resisted|p1a: Landorus
|-damage|p1a: Landorus|97/100
|c|☆Jaemaster2010|How am I faster :/
|
|t:|1758289396
|switch|p2a: Smoke Cat|Incineroar, M|100/100|[from] U-turn
|-ability|p2a: Smoke Cat|Intimidate|boost
|-unboost|p1a: Landorus|atk|1
|move|p1a: Landorus|Taunt|p2a: Smoke Cat
|-start|p2a: Smoke Cat|move: Taunt
|
|-heal|p1a: Landorus|100/100|[from] item: Leftovers
|upkeep
|turn|2
|
|t:|1758289409
|move|p1a: Landorus|Earthquake|p2a: Smoke Cat
|-supereffective|p2a: Smoke Cat
|-damage|p2a: Smoke Cat|36/100
|-enditem|p2a: Smoke Cat|Sitrus Berry|[eat]
|-heal|p2a: Smoke Cat|61/100|[from] item: Sitrus Berry
|move|p2a: Smoke Cat|Knock Off|p1a: Landorus
|-damage|p1a: Landorus|72/100
|-enditem|p1a: Landorus|Leftovers|[from] move: Knock Off|[of] p2a: Smoke Cat
|
|upkeep
|turn|3
|
|t:|1758289421
|switch|p2a: Zappy|Zapdos, shiny|100/100
|move|p1a: Landorus|U-turn|p2a: Zappy
|-resisted|p2a: Zappy
|-damage|p2a: Zappy|95/100
|
|t:|1758289432
|switch|p1a: Cinccino|Cinccino, F|100/100|[from] U-turn
|
|upkeep
|turn|4
|
|t:|1758289442
|move|p1a: Cinccino|Rock Blast|p2a: Zappy
|-supereffective|p2a: Zappy
|-damage|p2a: Zappy|81/100
|-supereffective|p2a: Zappy
|-damage|p2a: Zappy|66/100
|-supereffective|p2a: Zappy
|-damage|p2a: Zappy|51/100
|-supereffective|p2a: Zappy
|-damage|p2a: Zappy|37/100
|-supereffective|p2a: Zappy
|-damage|p2a: Zappy|23/100
|-hitcount|p2a: Zappy|5
|move|p2a: Zappy|Discharge|p1a: Cinccino
|-damage|p1a: Cinccino|40/100
|
|upkeep
|turn|5
|
|t:|1758289468
|switch|p2a: Pythagorean Theory|Bastiodon, M, shiny|100/100
|move|p1a: Cinccino|Triple Axel|p2a: Pythagorean Theory
|-resisted|p2a: Pythagorean Theory
|-damage|p2a: Pythagorean Theory|97/100
|-resisted|p2a: Pythagorean Theory
|-damage|p2a: Pythagorean Theory|91/100
|-resisted|p2a: Pythagorean Theory
|-damage|p2a: Pythagorean Theory|83/100
|-hitcount|p2a: Pythagorean Theory|3
|
|-heal|p2a: Pythagorean Theory|89/100|[from] item: Leftovers
|upkeep
|turn|6
|
|t:|1758289485
|switch|p1a: Landorus|Landorus-Therian, M|72/100
|-ability|p1a: Landorus|Intimidate|boost
|-unboost|p2a: Pythagorean Theory|atk|1
|move|p2a: Pythagorean Theory|Stealth Rock|p1a: Landorus
|-sidestart|p1: germannsson|move: Stealth Rock
|
|-heal|p2a: Pythagorean Theory|95/100|[from] item: Leftovers
|upkeep
|turn|7
|
|t:|1758289492
|move|p1a: Landorus|Stealth Rock|p2a: Pythagorean Theory
|-sidestart|p2: Jaemaster2010|move: Stealth Rock
|move|p2a: Pythagorean Theory|Iron Defense|p2a: Pythagorean Theory
|-boost|p2a: Pythagorean Theory|def|2
|
|-heal|p2a: Pythagorean Theory|100/100|[from] item: Leftovers
|upkeep
|turn|8
|
|t:|1758289499
|move|p1a: Landorus|Earthquake|p2a: Pythagorean Theory
|-supereffective|p2a: Pythagorean Theory
|-damage|p2a: Pythagorean Theory|34/100
|move|p2a: Pythagorean Theory|Iron Defense|p2a: Pythagorean Theory
|-boost|p2a: Pythagorean Theory|def|2
|
|-heal|p2a: Pythagorean Theory|40/100|[from] item: Leftovers
|upkeep
|turn|9
|
|t:|1758289509
|move|p1a: Landorus|Taunt|p2a: Pythagorean Theory
|-start|p2a: Pythagorean Theory|move: Taunt
|move|p2a: Pythagorean Theory|Body Press|p1a: Landorus
|-resisted|p1a: Landorus
|-damage|p1a: Landorus|38/100
|
|-heal|p2a: Pythagorean Theory|46/100|[from] item: Leftovers
|upkeep
|turn|10
|
|t:|1758289518
|move|p1a: Landorus|Earthquake|p2a: Pythagorean Theory
|-supereffective|p2a: Pythagorean Theory
|-damage|p2a: Pythagorean Theory|0 fnt
|faint|p2a: Pythagorean Theory
|
|upkeep
|
|t:|1758289524
|switch|p2a: Manny|Great Tusk, shiny|100/100
|turn|11
|
|t:|1758289531
|move|p2a: Manny|Rapid Spin|p1a: Landorus
|-damage|p1a: Landorus|25/100
|-boost|p2a: Manny|spe|1
|-sideend|p2: Jaemaster2010|Stealth Rock|[from] move: Rapid Spin|[of] p2a: Manny
|move|p1a: Landorus|Earthquake|p2a: Manny
|-damage|p2a: Manny|67/100
|
|upkeep
|turn|12
|
|t:|1758289540
|move|p2a: Manny|Ice Spinner|p1a: Landorus
|-supereffective|p1a: Landorus
|-damage|p1a: Landorus|0 fnt
|faint|p1a: Landorus
|
|upkeep
|
|t:|1758289550
|switch|p1a: Hatterene|Hatterene, F|100/100
|-damage|p1a: Hatterene|88/100|[from] Stealth Rock
|turn|13
|
|t:|1758289560
|-end|p2a: Manny|Protosynthesis|[silent]
|switch|p2a: Milky|Alcremie-Mint-Cream, F|100/100
|move|p1a: Hatterene|Draining Kiss|p2a: Milky
|-damage|p2a: Milky|80/100
|-heal|p1a: Hatterene|100/100|[from] drain|[of] p2a: Milky
|-damage|p1a: Hatterene|84/100|[from] item: Rocky Helmet|[of] p2a: Milky
|
|-heal|p1a: Hatterene|90/100|[from] item: Leftovers
|upkeep
|turn|14
|
|t:|1758289577
|switch|p1a: Gholdengo|Gholdengo|100/100
|-damage|p1a: Gholdengo|94/100|[from] Stealth Rock
|move|p2a: Milky|Calm Mind|p2a: Milky
|-boost|p2a: Milky|spa|1
|-boost|p2a: Milky|spd|1
|
|upkeep
|turn|15
|
|t:|1758289596
|move|p1a: Gholdengo|Flash Cannon|p2a: Milky
|-supereffective|p2a: Milky
|-damage|p2a: Milky|14/100
|-unboost|p2a: Milky|spd|1
|-damage|p1a: Gholdengo|85/100|[from] item: Life Orb
|move|p2a: Milky|Calm Mind|p2a: Milky
|-boost|p2a: Milky|spa|1
|-boost|p2a: Milky|spd|1
|
|upkeep
|turn|16
|
|t:|1758289609
|move|p1a: Gholdengo|Shadow Ball|p2a: Milky
|-damage|p2a: Milky|0 fnt
|faint|p2a: Milky
|-damage|p1a: Gholdengo|75/100|[from] item: Life Orb
|
|upkeep
|
|t:|1758289619
|switch|p2a: Smoke Cat|Incineroar, M|61/100
|-ability|p2a: Smoke Cat|Intimidate|boost
|-unboost|p1a: Gholdengo|atk|1
|turn|17
|
|t:|1758289627
|move|p1a: Gholdengo|Dazzling Gleam|p2a: Smoke Cat
|-damage|p2a: Smoke Cat|37/100
|-damage|p1a: Gholdengo|65/100|[from] item: Life Orb
|move|p2a: Smoke Cat|Knock Off|p1a: Gholdengo
|-supereffective|p1a: Gholdengo
|-damage|p1a: Gholdengo|0 fnt
|-enditem|p1a: Gholdengo|Life Orb|[from] move: Knock Off|[of] p2a: Smoke Cat
|faint|p1a: Gholdengo
|
|upkeep
|
|t:|1758289642
|switch|p1a: Cinccino|Cinccino, F|40/100
|-damage|p1a: Cinccino|27/100|[from] Stealth Rock
|turn|18
|
|t:|1758289648
|move|p1a: Cinccino|Rock Blast|p2a: Smoke Cat
|-supereffective|p2a: Smoke Cat
|-damage|p2a: Smoke Cat|18/100
|-supereffective|p2a: Smoke Cat
|-damage|p2a: Smoke Cat|0 fnt
|faint|p2a: Smoke Cat
|-hitcount|p2: Smoke Cat|2
|
|upkeep
|
|t:|1758289656
|switch|p2a: Manny|Great Tusk, shiny|67/100
|turn|19
|
|t:|1758289661
|move|p1a: Cinccino|Bullet Seed|p2a: Manny
|-supereffective|p2a: Manny
|-damage|p2a: Manny|53/100
|-supereffective|p2a: Manny
|-crit|p2a: Manny
|-damage|p2a: Manny|30/100
|-supereffective|p2a: Manny
|-damage|p2a: Manny|15/100
|-supereffective|p2a: Manny
|-damage|p2a: Manny|0 fnt
|faint|p2a: Manny
|-end|p2a: Manny|Protosynthesis|[silent]
|-hitcount|p2: Manny|4
|
|upkeep
|
|t:|1758289670
|switch|p2a: Zappy|Zapdos, shiny|23/100
|turn|20
|
|t:|1758289675
|move|p1a: Cinccino|Rock Blast|p2a: Zappy
|-supereffective|p2a: Zappy
|-damage|p2a: Zappy|9/100
|-supereffective|p2a: Zappy
|-damage|p2a: Zappy|0 fnt
|faint|p2a: Zappy
|-hitcount|p2: Zappy|2
|
|upkeep
|
|t:|1758289679
|switch|p2a: Battle Axe|Haxorus, M, shiny|100/100
|turn|21
|
|t:|1758289685
|-terastallize|p2a: Battle Axe|Steel
|move|p1a: Cinccino|Triple Axel|p2a: Battle Axe
|-resisted|p2a: Battle Axe
|-damage|p2a: Battle Axe|95/100
|-resisted|p2a: Battle Axe
|-damage|p2a: Battle Axe|84/100
|-resisted|p2a: Battle Axe
|-damage|p2a: Battle Axe|67/100
|-hitcount|p2a: Battle Axe|3
|move|p2a: Battle Axe|Dragon Dance|p2a: Battle Axe
|-boost|p2a: Battle Axe|atk|1
|-boost|p2a: Battle Axe|spe|1
|
|upkeep
|turn|22
|
|t:|1758289703
|switch|p1a: Hatterene|Hatterene, F|90/100
|-damage|p1a: Hatterene|78/100|[from] Stealth Rock
|move|p2a: Battle Axe|Dragon Dance|p2a: Battle Axe
|-boost|p2a: Battle Axe|atk|1
|-boost|p2a: Battle Axe|spe|1
|
|-heal|p1a: Hatterene|84/100|[from] item: Leftovers
|upkeep
|turn|23
|
|t:|1758289714
|move|p2a: Battle Axe|Iron Head|p1a: Hatterene
|-supereffective|p1a: Hatterene
|-damage|p1a: Hatterene|0 fnt
|faint|p1a: Hatterene
|-damage|p2a: Battle Axe|57/100|[from] item: Life Orb
|
|upkeep
|
|t:|1758289721
|switch|p1a: Araquanid|Araquanid, M, shiny|100/100
|-damage|p1a: Araquanid|76/100|[from] Stealth Rock
|turn|24
|
|t:|1758289733
|move|p2a: Battle Axe|Outrage|p1a: Araquanid
|-damage|p1a: Araquanid|0 fnt
|-damage|p2a: Battle Axe|40/100|[from] item: Rocky Helmet|[of] p1a: Araquanid
|faint|p1a: Araquanid
|-damage|p2a: Battle Axe|30/100|[from] item: Life Orb
|
|upkeep
|c|☆Jaemaster2010|gg
|c|☆germannsson|gg
|
|t:|1758289755
|switch|p1a: Cinccino|Cinccino, F|27/100
|-damage|p1a: Cinccino|15/100|[from] Stealth Rock
|turn|25
|
|t:|1758289766
|-terastallize|p1a: Cinccino|Ghost
|move|p2a: Battle Axe|Outrage|p1a: Cinccino|[from] lockedmove
|-damage|p1a: Cinccino|0 fnt
|faint|p1a: Cinccino
|-damage|p2a: Battle Axe|21/100|[from] item: Life Orb
|-start|p2a: Battle Axe|confusion|[fatigue]
|
|upkeep
|inactive|germannsson has 120 seconds left.
|
|t:|1758289780
|switch|p1a: Cinderace|Cinderace, M, shiny|100/100
|-damage|p1a: Cinderace|76/100|[from] Stealth Rock
|turn|26
|
|t:|1758289785
|-activate|p2a: Battle Axe|confusion
|-damage|p2a: Battle Axe|0 fnt|[from] confusion
|faint|p2a: Battle Axe
|
|win|germannsson
|raw|germannsson's rating: 1078 &rarr; <strong>1108</strong><br />(+30 for winning)
|raw|Jaemaster2010's rating: 1094 &rarr; <strong>1069</strong><br />(-25 for losing)
|c|☆Jaemaster2010|XD
|c|☆Jaemaster2010|gg
|l|☆Jaemaster2010
|player|p2|
|l|☆germannsson
|player|p1|
