|j|☆Obotwinkletoes
|j|☆garlicbread_rblx
|t:|1758338866
|gametype|singles
|player|p1|Obotwinkletoes|2|1241
|player|p2|garlicbread_rblx|rocketgrunt|1258
|gen|9
|tier|[Gen 9] OU
|rated|
|rule|HP Percentage Mod: HP is shown in percentages
|rule|Endless Battle Clause: Forcing endless battles is banned
|rule|Species Clause: Limit one of each Pokémon
|rule|OHKO Clause: OHKO moves are banned
|rule|Evasion Items Clause: Evasion items are banned
|rule|Evasion Moves Clause: Evasion moves are banned
|rule|Evasion Abilities Clause: Evasion abilities are banned
|rule|Sleep Moves Clause: Sleep-inducing moves are banned
|clearpoke
|poke|p1|Thundurus, M|
|poke|p1|Slowking-Galar, M|
|poke|p1|Gyarados, M|
|poke|p1|Donphan, F|
|poke|p1|Diancie|
|poke|p1|Metagross|
|poke|p2|Raichu, F|
|poke|p2|Corviknight, F|
|poke|p2|Toxapex, M|
|poke|p2|Meowscarada, F|
|poke|p2|Skeledirge, F|
|poke|p2|Latios, M|
|teampreview
|inactive|Battle timer is ON: inactive players will automatically lose when time's up. (requested by Obotwinkletoes)
|inactive|Obotwinkletoes has 120 seconds left.
|
|t:|1758338900
|teamsize|p1|6
|teamsize|p2|6
|start
|switch|p1a: Thundurus|Thundurus, M, shiny|100/100
|switch|p2a: Meowscarada|Meowscarada, F, shiny|100/100
|turn|1
|
|t:|1758338909
|move|p1a: Thundurus|Thunder Wave|p2a: Meowscarada
|-hint|Since gen 7, Dark is immune to Prankster moves.
|-immune|p2a: Meowscarada
|move|p2a: Meowscarada|Triple Axel|p1a: Thundurus
|-start|p2a: Meowscarada|typechange|Ice|[from] ability: Protean
|-supereffective|p1a: Thundurus
|-damage|p1a: Thundurus|72/100
|-supereffective|p1a: Thundurus
|-damage|p1a: Thundurus|15/100
|-supereffective|p1a: Thundurus
|-damage|p1a: Thundurus|0 fnt
|faint|p1a: Thundurus
|-hitcount|p1: Thundurus|3
|
|upkeep
|
|t:|1758338936
|switch|p1a: Metagross|Metagross, shiny|100/100
|turn|2
|
|t:|1758338943
|switch|p2a: Corviknight|Corviknight, F|100/100
|-ability|p2a: Corviknight|Pressure
|move|p1a: Metagross|Knock Off|p2a: Corviknight
|-damage|p2a: Corviknight|78/100
|-damage|p1a: Metagross|84/100|[from] item: Rocky Helmet|[of] p2a: Corviknight
|-enditem|p2a: Corviknight|Rocky Helmet|[from] move: Knock Off|[of] p1a: Metagross
|
|upkeep
|turn|3
|
|t:|1758338960
|switch|p1a: Slowking|Slowking-Galar, M, shiny|100/100
|move|p2a: Corviknight|U-turn|p1a: Slowking
|-damage|p1a: Slowking|86/100
|
|t:|1758338966
|switch|p2a: Meowscarada|Meowscarada, F, shiny|100/100|[from] U-turn
|
|-heal|p1a: Slowking|92/100|[from] item: Leftovers
|upkeep
|turn|4
|
|t:|1758338976
|switch|p1a: Diancie|Diancie, shiny|100/100
|move|p2a: Meowscarada|Knock Off|p1a: Diancie
|-start|p2a: Meowscarada|typechange|Dark|[from] ability: Protean
|-resisted|p1a: Diancie
|-damage|p1a: Diancie|86/100
|-enditem|p1a: Diancie|Leftovers|[from] move: Knock Off|[of] p2a: Meowscarada
|
|upkeep
|turn|5
|
|t:|1758339001
|switch|p2a: Toxapex|Toxapex, M|100/100
|move|p1a: Diancie|Calm Mind|p1a: Diancie
|-boost|p1a: Diancie|spa|1
|-boost|p1a: Diancie|spd|1
|
|upkeep
|turn|6
|
|t:|1758339012
|switch|p1a: Metagross|Metagross, shiny|84/100
|move|p2a: Toxapex|Toxic|p1a: Metagross
|-immune|p1a: Metagross
|
|upkeep
|turn|7
|
|t:|1758339028
|switch|p2a: Corviknight|Corviknight, F|78/100
|-ability|p2a: Corviknight|Pressure
|move|p1a: Metagross|Heavy Slam|p2a: Corviknight
|-resisted|p2a: Corviknight
|-damage|p2a: Corviknight|57/100
|
|upkeep
|turn|8
|
|t:|1758339048
|move|p1a: Metagross|Trailblaze|p2a: Corviknight
|-resisted|p2a: Corviknight
|-damage|p2a: Corviknight|54/100
|-boost|p1a: Metagross|spe|1
|move|p2a: Corviknight|Roost|p2a: Corviknight
|-heal|p2a: Corviknight|100/100
|-singleturn|p2a: Corviknight|move: Roost
|
|upkeep
|turn|9
|
|t:|1758339061
|move|p1a: Metagross|Heavy Slam|p2a: Corviknight
|-resisted|p2a: Corviknight
|-damage|p2a: Corviknight|78/100
|move|p2a: Corviknight|Body Press|p1a: Metagross
|-damage|p1a: Metagross|63/100
|
|upkeep
|turn|10
|
|t:|1758339075
|switch|p1a: Donphan|Donphan, F|100/100
|move|p2a: Corviknight|U-turn|p1a: Donphan
|-damage|p1a: Donphan|90/100
|-damage|p2a: Corviknight|61/100|[from] item: Rocky Helmet|[of] p1a: Donphan
|inactive|garlicbread_rblx has 120 seconds left.
|
|t:|1758339109
|switch|p2a: Latios|Latios, M|100/100|[from] U-turn
|
|upkeep
|turn|11
|inactive|garlicbread_rblx has 120 seconds left.
|
|t:|1758339120
|switch|p1a: Metagross|Metagross, shiny|63/100
|move|p2a: Latios|Luster Purge|p1a: Metagross
|-resisted|p1a: Metagross
|-damage|p1a: Metagross|42/100
|
|upkeep
|turn|12
|
|t:|1758339129
|switch|p2a: Corviknight|Corviknight, F|61/100
|-ability|p2a: Corviknight|Pressure
|move|p1a: Metagross|Knock Off|p2a: Corviknight
|-damage|p2a: Corviknight|45/100
|
|upkeep
|turn|13
|
|t:|1758339140
|switch|p1a: Donphan|Donphan, F|90/100
|move|p2a: Corviknight|Roost|p2a: Corviknight
|-heal|p2a: Corviknight|95/100
|-singleturn|p2a: Corviknight|move: Roost
|
|upkeep
|turn|14
|
|t:|1758339149
|move|p2a: Corviknight|U-turn|p1a: Donphan
|-damage|p1a: Donphan|78/100
|-damage|p2a: Corviknight|79/100|[from] item: Rocky Helmet|[of] p1a: Donphan
|
|t:|1758339153
|switch|p2a: Latios|Latios, M|100/100|[from] U-turn
|move|p1a: Donphan|Stealth Rock|p2a: Latios
|-sidestart|p2: garlicbread_rblx|move: Stealth Rock
|
|upkeep
|turn|15
|
|t:|1758339164
|switch|p1a: Metagross|Metagross, shiny|42/100
|move|p2a: Latios|Luster Purge|p1a: Metagross
|-resisted|p1a: Metagross
|-damage|p1a: Metagross|21/100
|
|upkeep
|turn|16
|
|t:|1758339173
|switch|p1a: Diancie|Diancie, shiny|86/100
|move|p2a: Latios|Luster Purge|p1a: Diancie
|-damage|p1a: Diancie|32/100
|
|upkeep
|turn|17
|-message|Obotwinkletoes forfeited.
|
|win|garlicbread_rblx
|raw|Obotwinkletoes's rating: 1241 &rarr; <strong>1217</strong><br />(-24 for losing)
|raw|garlicbread_rblx's rating: 1258 &rarr; <strong>1282</strong><br />(+24 for winning)
|l|☆Obotwinkletoes
|player|p1|
