|j|☆biryanilover
|j|☆rosemune
|t:|1758376169
|gametype|singles
|player|p1|biryanilover|266|1342
|player|p2|rosemune|volkner|1290
|gen|9
|tier|[Gen 9] OU
|rated|
|rule|HP Percentage Mod: HP is shown in percentages
|rule|Endless Battle Clause: Forcing endless battles is banned
|rule|Species Clause: Limit one of each Pokémon
|rule|OHKO Clause: OHKO moves are banned
|rule|Evasion Items Clause: Evasion items are banned
|rule|Evasion Moves Clause: Evasion moves are banned
|rule|Evasion Abilities Clause: Evasion abilities are banned
|rule|Sleep Moves Clause: Sleep-inducing moves are banned
|clearpoke
|poke|p1|Pincurchin, M|
|poke|p1|Iron Hands|
|poke|p1|Raichu-Alola, M|
|poke|p1|Rotom-Wash|
|poke|p1|Pawmot, M|
|poke|p1|Frosmoth, M|
|poke|p2|Ninetales-Alola, F|
|poke|p2|Arcanine, F|
|poke|p2|Serperior, M|
|poke|p2|Ursaluna, M|
|poke|p2|Salamence, F|
|poke|p2|Milotic, F|
|teampreview
|inactive|Battle timer is ON: inactive players will automatically lose when time's up. (requested by biryanilover)
|
|t:|1758376181
|teamsize|p1|6
|teamsize|p2|6
|start
|switch|p1a: Pincurchin|Pincurchin, M|100/100
|switch|p2a: Ninetales|Ninetales-Alola, F|100/100
|-weather|Snowscape|[from] ability: Snow Warning|[of] p2a: Ninetales
|-fieldstart|move: Electric Terrain|[from] ability: Electric Surge|[of] p1a: Pincurchin
|turn|1
|
|t:|1758376191
|switch|p1a: Iron Hands|Iron Hands|100/100
|-activate|p1a: Iron Hands|ability: Quark Drive
|-start|p1a: Iron Hands|quarkdriveatk
|move|p2a: Ninetales|Aurora Veil|p2a: Ninetales
|-sidestart|p2: rosemune|move: Aurora Veil
|
|-weather|Snowscape|[upkeep]
|upkeep
|turn|2
|
|t:|1758376200
|switch|p2a: Arcanine|Arcanine, F|100/100
|-ability|p2a: Arcanine|Intimidate|boost
|-unboost|p1a: Iron Hands|atk|1
|move|p1a: Iron Hands|Heavy Slam|p2a: Arcanine
|-resisted|p2a: Arcanine
|-damage|p2a: Arcanine|96/100
|-damage|p1a: Iron Hands|84/100|[from] item: Rocky Helmet|[of] p2a: Arcanine
|
|-weather|Snowscape|[upkeep]
|upkeep
|turn|3
|
|t:|1758376210
|switch|p2a: Serperior|Serperior, M, shiny|100/100
|-end|p1a: Iron Hands|Quark Drive|[silent]
|switch|p1a: Raichu|Raichu-Alola, M|100/100
|
|-weather|Snowscape|[upkeep]
|upkeep
|turn|4
|
|t:|1758376218
|-terastallize|p1a: Raichu|Electric
|move|p1a: Raichu|Volt Switch|p2a: Serperior
|-resisted|p2a: Serperior
|-damage|p2a: Serperior|84/100
|
|t:|1758376229
|switch|p1a: Frosmoth|Frosmoth, M|100/100|[from] Volt Switch
|move|p2a: Serperior|Leaf Storm|p1a: Frosmoth
|-resisted|p1a: Frosmoth
|-damage|p1a: Frosmoth|86/100
|-boost|p2a: Serperior|spa|2
|
|-weather|Snowscape|[upkeep]
|upkeep
|turn|5
|
|t:|1758376240
|-terastallize|p2a: Serperior|Fire
|move|p2a: Serperior|Tera Blast|p1a: Frosmoth|[anim] Tera Blast Fire
|-supereffective|p1a: Frosmoth
|-damage|p1a: Frosmoth|0 fnt
|faint|p1a: Frosmoth
|
|-weather|none
|upkeep
|
|t:|1758376245
|switch|p1a: Iron Hands|Iron Hands|84/100
|-activate|p1a: Iron Hands|ability: Quark Drive
|-start|p1a: Iron Hands|quarkdriveatk
|turn|6
|
|t:|1758376254
|move|p2a: Serperior|Leaf Storm|p1a: Iron Hands
|-damage|p1a: Iron Hands|33/100
|-boost|p2a: Serperior|spa|2
|move|p1a: Iron Hands|Supercell Slam|p2a: Serperior
|-damage|p2a: Serperior|21/100
|
|upkeep
|turn|7
|
|t:|1758376263
|move|p2a: Serperior|Giga Drain|p1a: Iron Hands
|-damage|p1a: Iron Hands|0 fnt
|-heal|p2a: Serperior|46/100|[from] drain|[of] p1a: Iron Hands
|faint|p1a: Iron Hands
|-end|p1a: Iron Hands|Quark Drive|[silent]
|
|upkeep
|
|t:|1758376265
|switch|p1a: Raichu|Raichu-Alola, M, tera:Electric|100/100
|turn|8
|
|t:|1758376274
|move|p1a: Raichu|Thunderbolt|p2a: Serperior
|-damage|p2a: Serperior|3/100
|move|p2a: Serperior|Leaf Storm|p1a: Raichu
|-damage|p1a: Raichu|0 fnt
|-boost|p2a: Serperior|spa|2
|faint|p1a: Raichu
|
|-sideend|p2: rosemune|move: Aurora Veil
|-fieldend|move: Electric Terrain
|upkeep
|
|t:|1758376277
|switch|p1a: Pincurchin|Pincurchin, M|100/100
|-fieldstart|move: Electric Terrain|[from] ability: Electric Surge|[of] p1a: Pincurchin
|turn|9
|
|t:|1758376287
|move|p1a: Pincurchin|Sucker Punch|p2a: Serperior
|-damage|p2a: Serperior|0 fnt
|faint|p2a: Serperior
|
|upkeep
|
|t:|1758376292
|switch|p2a: Ninetales|Ninetales-Alola, F|100/100
|-weather|Snowscape|[from] ability: Snow Warning|[of] p2a: Ninetales
|turn|10
|
|t:|1758376297
|move|p2a: Ninetales|Aurora Veil|p2a: Ninetales
|-sidestart|p2: rosemune|move: Aurora Veil
|move|p1a: Pincurchin|Thunder Wave|p2a: Ninetales
|-status|p2a: Ninetales|par
|
|-weather|Snowscape|[upkeep]
|upkeep
|turn|11
|
|t:|1758376306
|switch|p1a: Pawmot|Pawmot, M|100/100
|move|p2a: Ninetales|Encore||[still]
|-fail|p2a: Ninetales
|
|-weather|Snowscape|[upkeep]
|upkeep
|turn|12
|
|t:|1758376313
|move|p1a: Pawmot|Revival Blessing|p1a: Pawmot
|-enditem|p1a: Pawmot|Leppa Berry|[eat]
|-activate|p1a: Pawmot|item: Leppa Berry|Revival Blessing|[consumed]
|
|t:|1758376319
|-heal|p1: Raichu|50/100|[from] move: Revival Blessing
|move|p2a: Ninetales|Moonblast|p1a: Pawmot
|-supereffective|p1a: Pawmot
|-damage|p1a: Pawmot|0 fnt
|faint|p1a: Pawmot
|
|-weather|Snowscape|[upkeep]
|upkeep
|
|t:|1758376323
|switch|p1a: Raichu|Raichu-Alola, M|50/100
|turn|13
|
|t:|1758376333
|move|p1a: Raichu|Volt Switch|p2a: Ninetales
|-damage|p2a: Ninetales|75/100 par
|
|t:|1758376336
|switch|p1a: Rotom|Rotom-Wash|100/100|[from] Volt Switch
|move|p2a: Ninetales|Moonblast|p1a: Rotom
|-damage|p1a: Rotom|74/100
|-unboost|p1a: Rotom|spa|1
|
|-weather|Snowscape|[upkeep]
|upkeep
|turn|14
|
|t:|1758376347
|move|p1a: Rotom|Light Screen|p1a: Rotom
|-sidestart|p1: biryanilover|move: Light Screen
|move|p2a: Ninetales|Moonblast|p1a: Rotom
|-damage|p1a: Rotom|60/100
|
|-weather|none
|upkeep
|turn|15
|
|t:|1758376354
|switch|p2a: Ursaluna|Ursaluna, M|100/100
|move|p1a: Rotom|Reflect|p1a: Rotom
|-sidestart|p1: biryanilover|Reflect
|
|-status|p2a: Ursaluna|brn|[from] item: Flame Orb
|upkeep
|turn|16
|
|t:|1758376362
|move|p1a: Rotom|Hydro Pump|p2a: Ursaluna
|-supereffective|p2a: Ursaluna
|-damage|p2a: Ursaluna|75/100 brn
|move|p2a: Ursaluna|Facade|p1a: Rotom
|-damage|p1a: Rotom|9/100
|
|-damage|p2a: Ursaluna|69/100 brn|[from] brn
|-fieldend|move: Electric Terrain
|upkeep
|turn|17
|
|t:|1758376371
|move|p1a: Rotom|Hydro Pump|p2a: Ursaluna
|-supereffective|p2a: Ursaluna
|-damage|p2a: Ursaluna|43/100 brn
|move|p2a: Ursaluna|Facade|p1a: Rotom
|-damage|p1a: Rotom|0 fnt
|faint|p1a: Rotom
|
|-damage|p2a: Ursaluna|37/100 brn|[from] brn
|-sideend|p2: rosemune|move: Aurora Veil
|upkeep
|
|t:|1758376374
|switch|p1a: Raichu|Raichu-Alola, M|50/100
|turn|18
|
|t:|1758376384
|switch|p1a: Pincurchin|Pincurchin, M|100/100
|-fieldstart|move: Electric Terrain|[from] ability: Electric Surge|[of] p1a: Pincurchin
|move|p2a: Ursaluna|Facade|p1a: Pincurchin
|-damage|p1a: Pincurchin|46/100
|
|-damage|p2a: Ursaluna|31/100 brn|[from] brn
|upkeep
|turn|19
|
|t:|1758376394
|move|p2a: Ursaluna|Facade|p1a: Pincurchin
|-crit|p1a: Pincurchin
|-damage|p1a: Pincurchin|0 fnt
|faint|p1a: Pincurchin
|
|-damage|p2a: Ursaluna|24/100 brn|[from] brn
|upkeep
|
|t:|1758376397
|switch|p1a: Raichu|Raichu-Alola, M|50/100
|turn|20
|
|t:|1758376404
|move|p1a: Raichu|Surf|p2a: Ursaluna
|-supereffective|p2a: Ursaluna
|-damage|p2a: Ursaluna|0 fnt
|faint|p2a: Ursaluna
|
|upkeep
|
|t:|1758376409
|switch|p2a: Milotic|Milotic, F|100/100
|turn|21
|
|t:|1758376422
|move|p1a: Raichu|Surf|p2a: Milotic
|-resisted|p2a: Milotic
|-damage|p2a: Milotic|91/100
|move|p2a: Milotic|Scald|p1a: Raichu
|-damage|p1a: Raichu|29/100
|
|-heal|p2a: Milotic|97/100|[from] item: Leftovers
|-sideend|p1: biryanilover|move: Light Screen
|upkeep
|turn|22
|-message|biryanilover forfeited.
|
|win|rosemune
|raw|biryanilover's rating: 1342 &rarr; <strong>1319</strong><br />(-23 for losing)
|raw|rosemune's rating: 1290 &rarr; <strong>1319</strong><br />(+29 for winning)
|l|☆biryanilover
|player|p1|
|l|☆rosemune
|player|p2|
