|j|☆Quiero mucho a Mar
|j|☆Obito 2001
|t:|1758273030
|gametype|singles
|player|p1|Quiero mucho a Mar|firebreather-gen2|1701
|player|p2|Obito 2001|blue-gen3two|1709
|gen|9
|tier|[Gen 9] OU
|rated|
|rule|HP Percentage Mod: HP is shown in percentages
|rule|Endless Battle Clause: Forcing endless battles is banned
|rule|Species Clause: Limit one of each Pokémon
|rule|OHKO Clause: OHKO moves are banned
|rule|Evasion Items Clause: Evasion items are banned
|rule|Evasion Moves Clause: Evasion moves are banned
|rule|Evasion Abilities Clause: Evasion abilities are banned
|rule|Sleep Moves Clause: Sleep-inducing moves are banned
|clearpoke
|poke|p1|Slowking-Galar, F|
|poke|p1|Great Tusk|
|poke|p1|Arcanine-Hisui, F|
|poke|p1|Corviknight, F|
|poke|p1|Dragapult, M|
|poke|p1|Darkrai|
|poke|p2|Ting-Lu|
|poke|p2|Gliscor, M|
|poke|p2|Ogerpon-Wellspring, F|
|poke|p2|Corviknight, F|
|poke|p2|Kyurem|
|poke|p2|Amoonguss, M|
|teampreview
|inactive|Battle timer is ON: inactive players will automatically lose when time's up. (requested by Obito 2001)
|
|t:|1758273039
|teamsize|p1|6
|teamsize|p2|6
|start
|switch|p1a: Dragapult|Dragapult, M|100/100
|switch|p2a: Ban me ASAP|Gliscor, M|100/100
|turn|1
|
|t:|1758273044
|move|p2a: Ban me ASAP|Protect|p2a: Ban me ASAP
|-singleturn|p2a: Ban me ASAP|Protect
|move|p1a: Dragapult|U-turn|p2a: Ban me ASAP
|-activate|p2a: Ban me ASAP|move: Protect
|
|-status|p2a: Ban me ASAP|tox|[from] item: Toxic Orb
|upkeep
|turn|2
|
|t:|1758273055
|move|p1a: Dragapult|U-turn|p2a: Ban me ASAP
|-resisted|p2a: Ban me ASAP
|-damage|p2a: Ban me ASAP|88/100 tox
|
|t:|1758273056
|switch|p1a: Corviknight|Corviknight, F|100/100|[from] U-turn
|-ability|p1a: Corviknight|Pressure
|move|p2a: Ban me ASAP|Stealth Rock|p1a: Corviknight
|-sidestart|p1: Quiero mucho a Mar|move: Stealth Rock
|
|-heal|p2a: Ban me ASAP|99/100 tox|[from] ability: Poison Heal
|upkeep
|turn|3
|
|t:|1758273060
|move|p2a: Ban me ASAP|Knock Off|p1a: Corviknight
|-damage|p1a: Corviknight|89/100
|-damage|p2a: Ban me ASAP|84/100 tox|[from] item: Rocky Helmet|[of] p1a: Corviknight
|-enditem|p1a: Corviknight|Rocky Helmet|[from] move: Knock Off|[of] p2a: Ban me ASAP
|move|p1a: Corviknight|U-turn|p2a: Ban me ASAP
|-resisted|p2a: Ban me ASAP
|-damage|p2a: Ban me ASAP|78/100 tox
|inactive|Quiero mucho a Mar has 120 seconds left.
|j| Nitro611
|inactive|Quiero mucho a Mar has 90 seconds left.
|
|t:|1758273134
|switch|p1a: Slowking|Slowking-Galar, F|100/100|[from] U-turn
|
|-heal|p2a: Ban me ASAP|91/100 tox|[from] ability: Poison Heal
|upkeep
|turn|4
|
|t:|1758273145
|switch|p1a: Corviknight|Corviknight, F|89/100
|-damage|p1a: Corviknight|76/100|[from] Stealth Rock
|-ability|p1a: Corviknight|Pressure
|move|p2a: Ban me ASAP|Knock Off|p1a: Corviknight
|-damage|p1a: Corviknight|68/100
|
|-heal|p2a: Ban me ASAP|100/100 tox|[from] ability: Poison Heal
|upkeep
|turn|5
|j| amefurikoneko
|inactive|Quiero mucho a Mar has 90 seconds left.
|
|t:|1758273182
|switch|p2a: Kyurem|Kyurem, shiny|100/100
|-ability|p2a: Kyurem|Pressure
|move|p1a: Corviknight|U-turn|p2a: Kyurem
|-damage|p2a: Kyurem|88/100
|
|t:|1758273188
|switch|p1a: Slowking|Slowking-Galar, F|100/100|[from] U-turn
|
|-heal|p2a: Kyurem|94/100|[from] item: Leftovers
|upkeep
|turn|6
|
|t:|1758273204
|switch|p2a: Ban Zamazenta|Ting-Lu, shiny|100/100
|-ability|p2a: Ban Zamazenta|Vessel of Ruin
|move|p1a: Slowking|Future Sight|p2a: Ban Zamazenta
|-start|p1a: Slowking|move: Future Sight
|
|upkeep
|turn|7
|
|t:|1758273216
|switch|p1a: Great Tusk|Great Tusk|100/100
|move|p2a: Ban Zamazenta|Payback|p1a: Great Tusk
|-resisted|p1a: Great Tusk
|-damage|p1a: Great Tusk|94/100
|
|upkeep
|turn|8
|
|t:|1758273239
|switch|p2a: Corviknight|Corviknight, F|100/100
|-ability|p2a: Corviknight|Pressure
|move|p1a: Great Tusk|Stealth Rock|p2a: Corviknight
|-sidestart|p2: Obito 2001|move: Stealth Rock
|
|-end|p2a: Corviknight|move: Future Sight
|-resisted|p2a: Corviknight
|-damage|p2a: Corviknight|77/100
|upkeep
|turn|9
|inactive|Quiero mucho a Mar has 90 seconds left.
|
|t:|1758273246
|move|p1a: Great Tusk|Rapid Spin|p2a: Corviknight
|-resisted|p2a: Corviknight
|-damage|p2a: Corviknight|72/100
|-boost|p1a: Great Tusk|spe|1
|-damage|p1a: Great Tusk|78/100|[from] item: Rocky Helmet|[of] p2a: Corviknight
|-sideend|p1: Quiero mucho a Mar|Stealth Rock|[from] move: Rapid Spin|[of] p1a: Great Tusk
|move|p2a: Corviknight|Defog|p1a: Great Tusk
|-unboost|p1a: Great Tusk|evasion|1
|-sideend|p2: Obito 2001|Stealth Rock|[from] move: Defog|[of] p2a: Corviknight
|
|upkeep
|turn|10
|
|t:|1758273249
|move|p1a: Great Tusk|Stealth Rock|p2a: Corviknight
|-sidestart|p2: Obito 2001|move: Stealth Rock
|move|p2a: Corviknight|Body Press|p1a: Great Tusk
|-damage|p1a: Great Tusk|58/100
|
|upkeep
|turn|11
|
|t:|1758273255
|-end|p1a: Great Tusk|Protosynthesis|[silent]
|switch|p1a: Darkrai|Darkrai|100/100
|move|p2a: Corviknight|Defog|p1a: Darkrai
|-unboost|p1a: Darkrai|evasion|1
|-sideend|p2: Obito 2001|Stealth Rock|[from] move: Defog|[of] p2a: Corviknight
|
|upkeep
|turn|12
|
|t:|1758273259
|switch|p2a: Ban Zamazenta|Ting-Lu, shiny|100/100
|-ability|p2a: Ban Zamazenta|Vessel of Ruin
|move|p1a: Darkrai|Will-O-Wisp|p2a: Ban Zamazenta
|-status|p2a: Ban Zamazenta|brn
|
|-damage|p2a: Ban Zamazenta|94/100 brn|[from] brn
|upkeep
|turn|13
|
|t:|1758273264
|switch|p1a: Slowking|Slowking-Galar, F|100/100
|move|p2a: Ban Zamazenta|Rest|p2a: Ban Zamazenta
|-status|p2a: Ban Zamazenta|slp|[from] move: Rest
|-heal|p2a: Ban Zamazenta|100/100 slp|[silent]
|
|upkeep
|turn|14
|
|t:|1758273268
|cant|p2a: Ban Zamazenta|slp
|move|p2a: Ban Zamazenta|Sleep Talk|p2a: Ban Zamazenta
|move|p2a: Ban Zamazenta|Earthquake|p1a: Slowking|[from] move: Sleep Talk
|-supereffective|p1a: Slowking
|-damage|p1a: Slowking|25/100
|-prepare|p1a: Slowking|Chilly Reception|[premajor]
|move|p1a: Slowking|Chilly Reception|p1a: Slowking
|-weather|Snowscape
|l| Nitro611
|
|t:|1758273273
|switch|p1a: Corviknight|Corviknight, F|68/100|[from] Chilly Reception
|-ability|p1a: Corviknight|Pressure
|
|-weather|Snowscape|[upkeep]
|upkeep
|turn|15
|
|t:|1758273278
|switch|p1a: Great Tusk|Great Tusk|58/100
|switch|p2a: Kyurem|Kyurem, shiny|94/100
|-ability|p2a: Kyurem|Pressure
|
|-weather|Snowscape|[upkeep]
|-heal|p2a: Kyurem|99/100|[from] item: Leftovers
|upkeep
|turn|16
|
|t:|1758273283
|-end|p1a: Great Tusk|Protosynthesis|[silent]
|switch|p1a: Slowking|Slowking-Galar, F|59/100
|move|p2a: Kyurem|Substitute|p2a: Kyurem
|-start|p2a: Kyurem|Substitute
|-damage|p2a: Kyurem|75/100
|
|-weather|Snowscape|[upkeep]
|-heal|p2a: Kyurem|81/100|[from] item: Leftovers
|upkeep
|turn|17
|
|t:|1758273289
|move|p2a: Kyurem|Scale Shot|p1a: Slowking
|-damage|p1a: Slowking|49/100
|-damage|p1a: Slowking|38/100
|-damage|p1a: Slowking|27/100
|-damage|p1a: Slowking|17/100
|-damage|p1a: Slowking|8/100
|-hitcount|p1a: Slowking|5
|-unboost|p2a: Kyurem|def|1
|-boost|p2a: Kyurem|spe|1
|-prepare|p1a: Slowking|Chilly Reception|[premajor]
|move|p1a: Slowking|Chilly Reception|p1a: Slowking
|
|t:|1758273293
|switch|p1a: Corviknight|Corviknight, F|68/100|[from] Chilly Reception
|-ability|p1a: Corviknight|Pressure
|
|-weather|Snowscape|[upkeep]
|-heal|p2a: Kyurem|88/100|[from] item: Leftovers
|upkeep
|turn|18
|
|t:|1758273297
|move|p2a: Kyurem|Freeze-Dry|p1a: Corviknight
|-damage|p1a: Corviknight|26/100
|move|p1a: Corviknight|Roost|p1a: Corviknight
|-heal|p1a: Corviknight|76/100
|-singleturn|p1a: Corviknight|move: Roost
|
|-weather|none
|-heal|p2a: Kyurem|94/100|[from] item: Leftovers
|upkeep
|turn|19
|
|t:|1758273302
|move|p2a: Kyurem|Freeze-Dry|p1a: Corviknight
|-damage|p1a: Corviknight|40/100
|move|p1a: Corviknight|Roost|p1a: Corviknight
|-heal|p1a: Corviknight|90/100
|-singleturn|p1a: Corviknight|move: Roost
|
|-heal|p2a: Kyurem|99/100|[from] item: Leftovers
|upkeep
|turn|20
|
|t:|1758273307
|move|p2a: Kyurem|Freeze-Dry|p1a: Corviknight
|-damage|p1a: Corviknight|51/100
|move|p1a: Corviknight|Body Press|p2a: Kyurem
|-supereffective|p2a: Kyurem
|-end|p2a: Kyurem|Substitute
|
|-heal|p2a: Kyurem|100/100|[from] item: Leftovers
|upkeep
|turn|21
|
|t:|1758273318
|move|p2a: Kyurem|Freeze-Dry|p1a: Corviknight
|-damage|p1a: Corviknight|13/100
|move|p1a: Corviknight|Roost|p1a: Corviknight
|-heal|p1a: Corviknight|63/100
|-singleturn|p1a: Corviknight|move: Roost
|
|upkeep
|turn|22
|
|t:|1758273328
|switch|p2a: Corviknight|Corviknight, F|72/100
|-ability|p2a: Corviknight|Pressure
|switch|p1a: Arcanine|Arcanine-Hisui, F|100/100
|
|upkeep
|turn|23
|
|t:|1758273335
|switch|p2a: Ban Zamazenta|Ting-Lu, shiny|100/100 slp
|-ability|p2a: Ban Zamazenta|Vessel of Ruin
|move|p1a: Arcanine|Flare Blitz|p2a: Ban Zamazenta
|-damage|p2a: Ban Zamazenta|47/100 slp
|
|-heal|p2a: Ban Zamazenta|53/100 slp|[from] item: Leftovers
|upkeep
|turn|24
|j| amimec
|
|t:|1758273342
|switch|p1a: Corviknight|Corviknight, F|63/100
|-ability|p1a: Corviknight|Pressure
|cant|p2a: Ban Zamazenta|slp
|move|p2a: Ban Zamazenta|Sleep Talk|p2a: Ban Zamazenta
|move|p2a: Ban Zamazenta|Payback|p1a: Corviknight|[from] move: Sleep Talk
|-damage|p1a: Corviknight|52/100
|
|-heal|p2a: Ban Zamazenta|59/100 slp|[from] item: Leftovers
|upkeep
|turn|25
|
|t:|1758273347
|move|p1a: Corviknight|Roost|p1a: Corviknight
|-heal|p1a: Corviknight|100/100
|-singleturn|p1a: Corviknight|move: Roost
|-curestatus|p2a: Ban Zamazenta|slp|[msg]
|move|p2a: Ban Zamazenta|Rest|p2a: Ban Zamazenta
|-status|p2a: Ban Zamazenta|slp|[from] move: Rest
|-heal|p2a: Ban Zamazenta|100/100 slp|[silent]
|
|upkeep
|turn|26
|
|t:|1758273354
|switch|p2a: Corviknight|Corviknight, F|72/100
|-ability|p2a: Corviknight|Pressure
|move|p1a: Corviknight|U-turn|p2a: Corviknight
|-resisted|p2a: Corviknight
|-damage|p2a: Corviknight|70/100
|-damage|p1a: Corviknight|84/100|[from] item: Rocky Helmet|[of] p2a: Corviknight
|
|t:|1758273372
|switch|p1a: Arcanine|Arcanine-Hisui, F|100/100|[from] U-turn
|
|upkeep
|turn|27
|
|t:|1758273377
|switch|p2a: Ban me ASAP|Gliscor, M|100/100 tox
|move|p1a: Arcanine|Flare Blitz|p2a: Ban me ASAP
|-damage|p2a: Ban me ASAP|24/100 tox
|
|-heal|p2a: Ban me ASAP|36/100 tox|[from] ability: Poison Heal
|upkeep
|turn|28
|
|t:|1758273382
|move|p2a: Ban me ASAP|Protect|p2a: Ban me ASAP
|-singleturn|p2a: Ban me ASAP|Protect
|move|p1a: Arcanine|Flare Blitz|p2a: Ban me ASAP
|-activate|p2a: Ban me ASAP|move: Protect
|
|-heal|p2a: Ban me ASAP|49/100 tox|[from] ability: Poison Heal
|upkeep
|turn|29
|
|t:|1758273384
|switch|p2a: Ban Zamazenta|Ting-Lu, shiny|100/100 slp
|-ability|p2a: Ban Zamazenta|Vessel of Ruin
|move|p1a: Arcanine|Flare Blitz|p2a: Ban Zamazenta
|-damage|p2a: Ban Zamazenta|51/100 slp
|
|-heal|p2a: Ban Zamazenta|57/100 slp|[from] item: Leftovers
|upkeep
|turn|30
|
|t:|1758273394
|switch|p1a: Corviknight|Corviknight, F|84/100
|-ability|p1a: Corviknight|Pressure
|cant|p2a: Ban Zamazenta|slp
|move|p2a: Ban Zamazenta|Sleep Talk|p2a: Ban Zamazenta
|move|p2a: Ban Zamazenta|Payback|p1a: Corviknight|[from] move: Sleep Talk
|-damage|p1a: Corviknight|72/100
|
|-heal|p2a: Ban Zamazenta|63/100 slp|[from] item: Leftovers
|upkeep
|turn|31
|
|t:|1758273399
|switch|p2a: Ban me ASAP|Gliscor, M|49/100 tox
|move|p1a: Corviknight|U-turn|p2a: Ban me ASAP
|-resisted|p2a: Ban me ASAP
|-crit|p2a: Ban me ASAP
|-damage|p2a: Ban me ASAP|40/100 tox
|
|t:|1758273402
|switch|p1a: Arcanine|Arcanine-Hisui, F|100/100|[from] U-turn
|
|-heal|p2a: Ban me ASAP|52/100 tox|[from] ability: Poison Heal
|upkeep
|turn|32
|
|t:|1758273405
|move|p2a: Ban me ASAP|Protect|p2a: Ban me ASAP
|-singleturn|p2a: Ban me ASAP|Protect
|move|p1a: Arcanine|Flare Blitz|p2a: Ban me ASAP
|-activate|p2a: Ban me ASAP|move: Protect
|
|-heal|p2a: Ban me ASAP|65/100 tox|[from] ability: Poison Heal
|upkeep
|turn|33
|
|t:|1758273409
|-terastallize|p2a: Ban me ASAP|Water
|move|p1a: Arcanine|Flare Blitz|p2a: Ban me ASAP
|-resisted|p2a: Ban me ASAP
|-damage|p2a: Ban me ASAP|27/100 tox
|move|p2a: Ban me ASAP|Toxic|p1a: Arcanine
|-status|p1a: Arcanine|tox
|
|-damage|p1a: Arcanine|94/100 tox|[from] psn
|-heal|p2a: Ban me ASAP|40/100 tox|[from] ability: Poison Heal
|upkeep
|turn|34
|
|t:|1758273418
|switch|p1a: Great Tusk|Great Tusk|58/100
|move|p2a: Ban me ASAP|Stealth Rock|p1a: Great Tusk
|-sidestart|p1: Quiero mucho a Mar|move: Stealth Rock
|
|-heal|p2a: Ban me ASAP|52/100 tox|[from] ability: Poison Heal
|upkeep
|turn|35
|
|t:|1758273424
|move|p1a: Great Tusk|Rapid Spin|p2a: Ban me ASAP
|-damage|p2a: Ban me ASAP|38/100 tox
|-boost|p1a: Great Tusk|spe|1
|-sideend|p1: Quiero mucho a Mar|Stealth Rock|[from] move: Rapid Spin|[of] p1a: Great Tusk
|move|p2a: Ban me ASAP|Toxic|p1a: Great Tusk|[miss]
|-miss|p2a: Ban me ASAP|p1a: Great Tusk
|
|-heal|p2a: Ban me ASAP|50/100 tox|[from] ability: Poison Heal
|upkeep
|turn|36
|
|t:|1758273428
|move|p1a: Great Tusk|Stealth Rock|p2a: Ban me ASAP
|-sidestart|p2: Obito 2001|move: Stealth Rock
|move|p2a: Ban me ASAP|Toxic|p1a: Great Tusk
|-status|p1a: Great Tusk|tox
|
|-damage|p1a: Great Tusk|51/100 tox|[from] psn
|-heal|p2a: Ban me ASAP|63/100 tox|[from] ability: Poison Heal
|upkeep
|turn|37
|
|t:|1758273436
|-end|p1a: Great Tusk|Protosynthesis|[silent]
|switch|p1a: Dragapult|Dragapult, M|100/100
|move|p2a: Ban me ASAP|Stealth Rock|p1a: Dragapult
|-sidestart|p1: Quiero mucho a Mar|move: Stealth Rock
|
|-heal|p2a: Ban me ASAP|75/100 tox|[from] ability: Poison Heal
|upkeep
|turn|38
|
|t:|1758273440
|move|p2a: Ban me ASAP|Protect|p2a: Ban me ASAP
|-singleturn|p2a: Ban me ASAP|Protect
|move|p1a: Dragapult|U-turn|p2a: Ban me ASAP
|-activate|p2a: Ban me ASAP|move: Protect
|
|-heal|p2a: Ban me ASAP|88/100 tox|[from] ability: Poison Heal
|upkeep
|turn|39
|
|t:|1758273447
|move|p1a: Dragapult|U-turn|p2a: Ban me ASAP
|-damage|p2a: Ban me ASAP|63/100 tox
|
|t:|1758273453
|switch|p1a: Corviknight|Corviknight, F|72/100|[from] U-turn
|-damage|p1a: Corviknight|60/100|[from] Stealth Rock
|-ability|p1a: Corviknight|Pressure
|move|p2a: Ban me ASAP|Knock Off|p1a: Corviknight
|-damage|p1a: Corviknight|52/100
|
|-heal|p2a: Ban me ASAP|75/100 tox|[from] ability: Poison Heal
|upkeep
|turn|40
|
|t:|1758273460
|move|p2a: Ban me ASAP|Knock Off|p1a: Corviknight
|-damage|p1a: Corviknight|42/100
|move|p1a: Corviknight|Roost|p1a: Corviknight
|-heal|p1a: Corviknight|92/100
|-singleturn|p1a: Corviknight|move: Roost
|
|-heal|p2a: Ban me ASAP|88/100 tox|[from] ability: Poison Heal
|upkeep
|turn|41
|
|t:|1758273463
|move|p2a: Ban me ASAP|Stealth Rock||[still]
|-fail|p2a: Ban me ASAP
|move|p1a: Corviknight|U-turn|p2a: Ban me ASAP
|-damage|p2a: Ban me ASAP|77/100 tox
|
|t:|1758273466
|switch|p1a: Darkrai|Darkrai|100/100|[from] U-turn
|-damage|p1a: Darkrai|88/100|[from] Stealth Rock
|
|-heal|p1a: Darkrai|94/100|[from] item: Leftovers
|-heal|p2a: Ban me ASAP|90/100 tox|[from] ability: Poison Heal
|upkeep
|turn|42
|
|t:|1758273470
|switch|p1a: Corviknight|Corviknight, F|92/100
|-damage|p1a: Corviknight|80/100|[from] Stealth Rock
|-ability|p1a: Corviknight|Pressure
|move|p2a: Ban me ASAP|Protect||[still]
|-fail|p2a: Ban me ASAP
|
|-heal|p2a: Ban me ASAP|100/100 tox|[from] ability: Poison Heal
|upkeep
|turn|43
|
|t:|1758273475
|move|p2a: Ban me ASAP|Knock Off|p1a: Corviknight
|-damage|p1a: Corviknight|71/100
|move|p1a: Corviknight|Body Press|p2a: Ban me ASAP
|-damage|p2a: Ban me ASAP|81/100 tox
|
|-heal|p2a: Ban me ASAP|93/100 tox|[from] ability: Poison Heal
|upkeep
|turn|44
|
|t:|1758273478
|switch|p2a: Corviknight|Corviknight, F|70/100
|-damage|p2a: Corviknight|57/100|[from] Stealth Rock
|-ability|p2a: Corviknight|Pressure
|move|p1a: Corviknight|Body Press|p2a: Corviknight
|-damage|p2a: Corviknight|42/100
|-damage|p1a: Corviknight|54/100|[from] item: Rocky Helmet|[of] p2a: Corviknight
|
|upkeep
|turn|45
|
|t:|1758273482
|move|p2a: Corviknight|Roost|p2a: Corviknight
|-heal|p2a: Corviknight|92/100
|-singleturn|p2a: Corviknight|move: Roost
|move|p1a: Corviknight|U-turn|p2a: Corviknight
|-resisted|p2a: Corviknight
|-damage|p2a: Corviknight|88/100
|-damage|p1a: Corviknight|38/100|[from] item: Rocky Helmet|[of] p2a: Corviknight
|
|t:|1758273485
|switch|p1a: Arcanine|Arcanine-Hisui, F|94/100 tox|[from] U-turn
|-damage|p1a: Arcanine|70/100 tox|[from] Stealth Rock
|
|-damage|p1a: Arcanine|64/100 tox|[from] psn
|upkeep
|turn|46
|
|t:|1758273489
|switch|p2a: Ban Zamazenta|Ting-Lu, shiny|63/100 slp
|-damage|p2a: Ban Zamazenta|57/100 slp|[from] Stealth Rock
|-ability|p2a: Ban Zamazenta|Vessel of Ruin
|move|p1a: Arcanine|Head Smash|p2a: Ban Zamazenta
|-resisted|p2a: Ban Zamazenta
|-damage|p2a: Ban Zamazenta|25/100 slp
|
|-heal|p2a: Ban Zamazenta|31/100 slp|[from] item: Leftovers
|-damage|p1a: Arcanine|52/100 tox|[from] psn
|upkeep
|turn|47
|
|t:|1758273492
|move|p1a: Arcanine|Head Smash|p2a: Ban Zamazenta|[miss]
|-miss|p1a: Arcanine|p2a: Ban Zamazenta
|cant|p2a: Ban Zamazenta|slp
|move|p2a: Ban Zamazenta|Sleep Talk|p2a: Ban Zamazenta
|move|p2a: Ban Zamazenta|Payback|p1a: Arcanine|[from] move: Sleep Talk
|-damage|p1a: Arcanine|7/100 tox
|
|-heal|p2a: Ban Zamazenta|37/100 slp|[from] item: Leftovers
|-damage|p1a: Arcanine|0 fnt|[from] psn
|faint|p1a: Arcanine
|upkeep
|c|☆Quiero mucho a Mar|ofc
|
|t:|1758273497
|switch|p1a: Dragapult|Dragapult, M|100/100
|-damage|p1a: Dragapult|88/100|[from] Stealth Rock
|turn|48
|
|t:|1758273503
|move|p1a: Dragapult|Dragon Darts|p2a: Ban Zamazenta
|-damage|p2a: Ban Zamazenta|18/100 slp
|-anim|p1a: Dragapult|Dragon Darts|p2a: Ban Zamazenta
|-damage|p2a: Ban Zamazenta|0 fnt
|faint|p2a: Ban Zamazenta
|
|upkeep
|
|t:|1758273507
|switch|p2a: Corviknight|Corviknight, F|88/100
|-damage|p2a: Corviknight|76/100|[from] Stealth Rock
|-ability|p2a: Corviknight|Pressure
|turn|49
|
|t:|1758273512
|switch|p1a: Slowking|Slowking-Galar, F|41/100
|move|p2a: Corviknight|Defog|p1a: Slowking
|-unboost|p1a: Slowking|evasion|1
|-sideend|p1: Quiero mucho a Mar|Stealth Rock|[from] move: Defog|[of] p2a: Corviknight
|-sideend|p2: Obito 2001|Stealth Rock|[from] move: Defog|[of] p2a: Corviknight
|
|upkeep
|turn|50
|
|t:|1758273519
|switch|p2a: Ban me|Ogerpon-Wellspring, F|100/100
|move|p1a: Slowking|Future Sight|p2a: Ban me
|-start|p1a: Slowking|move: Future Sight
|
|upkeep
|turn|51
|
|t:|1758273529
|switch|p1a: Great Tusk|Great Tusk|51/100 tox
|move|p2a: Ban me|Ivy Cudgel|p1a: Great Tusk|[anim] Ivy Cudgel Water
|-supereffective|p1a: Great Tusk
|-damage|p1a: Great Tusk|0 fnt
|faint|p1a: Great Tusk
|-end|p1a: Great Tusk|Protosynthesis|[silent]
|
|upkeep
|
|t:|1758273531
|switch|p1a: Dragapult|Dragapult, M|88/100
|turn|52
|
|t:|1758273538
|switch|p2a: Corviknight|Corviknight, F|76/100
|-ability|p2a: Corviknight|Pressure
|move|p1a: Dragapult|Dragon Darts|p2a: Corviknight
|-resisted|p2a: Corviknight
|-damage|p2a: Corviknight|64/100
|-anim|p1a: Dragapult|Dragon Darts|p2a: Corviknight
|-resisted|p2a: Corviknight
|-damage|p2a: Corviknight|52/100
|
|-end|p2a: Corviknight|move: Future Sight
|-resisted|p2a: Corviknight
|-damage|p2a: Corviknight|29/100
|upkeep
|turn|53
|
|t:|1758273545
|switch|p1a: Slowking|Slowking-Galar, F|75/100
|move|p2a: Corviknight|Roost|p2a: Corviknight
|-heal|p2a: Corviknight|79/100
|-singleturn|p2a: Corviknight|move: Roost
|
|upkeep
|turn|54
|
|t:|1758273549
|switch|p2a: Ban me ASAP|Gliscor, M, tera:Water|93/100 tox
|-prepare|p1a: Slowking|Chilly Reception|[premajor]
|move|p1a: Slowking|Chilly Reception|p1a: Slowking
|-weather|Snowscape
|
|t:|1758273552
|switch|p1a: Dragapult|Dragapult, M|88/100|[from] Chilly Reception
|
|-weather|Snowscape|[upkeep]
|-heal|p2a: Ban me ASAP|100/100 tox|[from] ability: Poison Heal
|upkeep
|turn|55
|
|t:|1758273558
|move|p2a: Ban me ASAP|Protect|p2a: Ban me ASAP
|-singleturn|p2a: Ban me ASAP|Protect
|move|p1a: Dragapult|U-turn|p2a: Ban me ASAP
|-activate|p2a: Ban me ASAP|move: Protect
|
|-weather|Snowscape|[upkeep]
|upkeep
|turn|56
|
|t:|1758273571
|move|p1a: Dragapult|U-turn|p2a: Ban me ASAP
|-damage|p2a: Ban me ASAP|75/100 tox
|
|t:|1758273586
|switch|p1a: Corviknight|Corviknight, F|38/100|[from] U-turn
|-ability|p1a: Corviknight|Pressure
|move|p2a: Ban me ASAP|Stealth Rock|p1a: Corviknight
|-sidestart|p1: Quiero mucho a Mar|move: Stealth Rock
|
|-weather|Snowscape|[upkeep]
|-heal|p2a: Ban me ASAP|88/100 tox|[from] ability: Poison Heal
|upkeep
|turn|57
|
|t:|1758273593
|switch|p2a: Kyurem|Kyurem, shiny|100/100
|-ability|p2a: Kyurem|Pressure
|move|p1a: Corviknight|Roost|p1a: Corviknight
|-heal|p1a: Corviknight|88/100
|-singleturn|p1a: Corviknight|move: Roost
|
|-weather|Snowscape|[upkeep]
|upkeep
|turn|58
|
|t:|1758273615
|switch|p2a: Corviknight|Corviknight, F|79/100
|-ability|p2a: Corviknight|Pressure
|move|p1a: Corviknight|U-turn|p2a: Corviknight
|-resisted|p2a: Corviknight
|-crit|p2a: Corviknight
|-damage|p2a: Corviknight|76/100
|-damage|p1a: Corviknight|71/100|[from] item: Rocky Helmet|[of] p2a: Corviknight
|
|t:|1758273617
|switch|p1a: Slowking|Slowking-Galar, F|100/100|[from] U-turn
|
|-weather|none
|upkeep
|turn|59
|
|t:|1758273624
|switch|p2a: Ban me ASAP|Gliscor, M, tera:Water|88/100 tox
|move|p1a: Slowking|Future Sight|p2a: Ban me ASAP
|-start|p1a: Slowking|move: Future Sight
|
|-heal|p2a: Ban me ASAP|100/100 tox|[from] ability: Poison Heal
|upkeep
|turn|60
|
|t:|1758273631
|switch|p2a: Corviknight|Corviknight, F|76/100
|-ability|p2a: Corviknight|Pressure
|move|p1a: Slowking|Sludge Bomb|p2a: Corviknight
|-immune|p2a: Corviknight
|
|upkeep
|turn|61
|
|t:|1758273638
|switch|p2a: Ban me ASAP|Gliscor, M, tera:Water|100/100 tox
|-prepare|p1a: Slowking|Chilly Reception|[premajor]
|move|p1a: Slowking|Chilly Reception|p1a: Slowking
|-weather|Snowscape
|
|t:|1758273640
|switch|p1a: Corviknight|Corviknight, F|71/100|[from] Chilly Reception
|-damage|p1a: Corviknight|59/100|[from] Stealth Rock
|-ability|p1a: Corviknight|Pressure
|
|-weather|Snowscape|[upkeep]
|-end|p2a: Ban me ASAP|move: Future Sight
|-damage|p2a: Ban me ASAP|62/100 tox
|-heal|p2a: Ban me ASAP|74/100 tox|[from] ability: Poison Heal
|upkeep
|turn|62
|l| amefurikoneko
|
|t:|1758273649
|switch|p2a: Corviknight|Corviknight, F|76/100
|-ability|p2a: Corviknight|Pressure
|move|p1a: Corviknight|Body Press|p2a: Corviknight
|-damage|p2a: Corviknight|59/100
|-damage|p1a: Corviknight|43/100|[from] item: Rocky Helmet|[of] p2a: Corviknight
|
|-weather|Snowscape|[upkeep]
|upkeep
|turn|63
|
|t:|1758273655
|move|p2a: Corviknight|Roost|p2a: Corviknight
|-heal|p2a: Corviknight|100/100
|-singleturn|p2a: Corviknight|move: Roost
|move|p1a: Corviknight|Roost|p1a: Corviknight
|-heal|p1a: Corviknight|93/100
|-singleturn|p1a: Corviknight|move: Roost
|
|-weather|Snowscape|[upkeep]
|upkeep
|turn|64
|
|t:|1758273675
|switch|p2a: Kyurem|Kyurem, shiny|100/100
|-ability|p2a: Kyurem|Pressure
|move|p1a: Corviknight|U-turn|p2a: Kyurem
|-damage|p2a: Kyurem|92/100
|
|t:|1758273679
|switch|p1a: Slowking|Slowking-Galar, F|100/100|[from] U-turn
|
|-weather|Snowscape|[upkeep]
|-heal|p2a: Kyurem|98/100|[from] item: Leftovers
|upkeep
|turn|65
|
|t:|1758273687
|move|p2a: Kyurem|Substitute|p2a: Kyurem
|-start|p2a: Kyurem|Substitute
|-damage|p2a: Kyurem|73/100
|move|p1a: Slowking|Future Sight|p2a: Kyurem
|-start|p1a: Slowking|move: Future Sight
|
|-weather|none
|-heal|p2a: Kyurem|79/100|[from] item: Leftovers
|upkeep
|turn|66
|
|t:|1758273692
|move|p2a: Kyurem|Earth Power|p1a: Slowking
|-supereffective|p1a: Slowking
|-crit|p1a: Slowking
|-damage|p1a: Slowking|39/100
|move|p1a: Slowking|Sludge Bomb|p2a: Kyurem
|-end|p2a: Kyurem|Substitute
|
|-heal|p2a: Kyurem|85/100|[from] item: Leftovers
|upkeep
|turn|67
|
|t:|1758273704
|move|p2a: Kyurem|Scale Shot|p1a: Slowking
|-damage|p1a: Slowking|30/100
|-damage|p1a: Slowking|20/100
|-hitcount|p1a: Slowking|2
|-unboost|p2a: Kyurem|def|1
|-boost|p2a: Kyurem|spe|1
|move|p1a: Slowking|Sludge Bomb|p2a: Kyurem
|-damage|p2a: Kyurem|53/100
|-status|p2a: Kyurem|psn
|
|-end|p2a: Kyurem|move: Future Sight
|-damage|p2a: Kyurem|10/100 psn
|-heal|p2a: Kyurem|17/100 psn|[from] item: Leftovers
|-damage|p2a: Kyurem|4/100 psn|[from] psn
|upkeep
|turn|68
|
|t:|1758273718
|move|p2a: Kyurem|Scale Shot|p1a: Slowking
|-damage|p1a: Slowking|9/100
|-damage|p1a: Slowking|0 fnt
|faint|p1a: Slowking
|-hitcount|p1: Slowking|2
|-unboost|p2a: Kyurem|def|1
|-boost|p2a: Kyurem|spe|1
|
|-heal|p2a: Kyurem|10/100 psn|[from] item: Leftovers
|-damage|p2a: Kyurem|0 fnt|[from] psn
|faint|p2a: Kyurem
|upkeep
|
|t:|1758273725
|switch|p2a: Ban me|Ogerpon-Wellspring, F|100/100
|switch|p1a: Corviknight|Corviknight, F|93/100
|-damage|p1a: Corviknight|80/100|[from] Stealth Rock
|-ability|p1a: Corviknight|Pressure
|turn|69
|
|t:|1758273733
|move|p2a: Ban me|Ivy Cudgel|p1a: Corviknight|[anim] Ivy Cudgel Water
|-damage|p1a: Corviknight|46/100
|move|p1a: Corviknight|Brave Bird|p2a: Ban me
|-supereffective|p2a: Ban me
|-damage|p2a: Ban me|3/100
|-damage|p1a: Corviknight|21/100|[from] Recoil
|
|upkeep
|turn|70
|
|t:|1758273738
|move|p2a: Ban me|Ivy Cudgel|p1a: Corviknight|[anim] Ivy Cudgel Water
|-damage|p1a: Corviknight|0 fnt
|faint|p1a: Corviknight
|
|upkeep
|
|t:|1758273741
|switch|p1a: Dragapult|Dragapult, M|88/100
|-damage|p1a: Dragapult|76/100|[from] Stealth Rock
|turn|71
|
|t:|1758273746
|switch|p2a: Corviknight|Corviknight, F|100/100
|-ability|p2a: Corviknight|Pressure
|move|p1a: Dragapult|Dragon Darts|p2a: Corviknight
|-resisted|p2a: Corviknight
|-damage|p2a: Corviknight|89/100
|-anim|p1a: Dragapult|Dragon Darts|p2a: Corviknight
|-resisted|p2a: Corviknight
|-damage|p2a: Corviknight|78/100
|
|upkeep
|turn|72
|
|t:|1758273751
|switch|p1a: Darkrai|Darkrai|94/100
|-damage|p1a: Darkrai|82/100|[from] Stealth Rock
|move|p2a: Corviknight|Body Press|p1a: Darkrai
|-supereffective|p1a: Darkrai
|-damage|p1a: Darkrai|8/100
|
|-heal|p1a: Darkrai|14/100|[from] item: Leftovers
|upkeep
|turn|73
|
|t:|1758273758
|switch|p2a: Ban me|Ogerpon-Wellspring, F|3/100
|-terastallize|p1a: Darkrai|Ghost
|move|p1a: Darkrai|Nasty Plot|p1a: Darkrai
|-boost|p1a: Darkrai|spa|2
|
|-heal|p1a: Darkrai|20/100|[from] item: Leftovers
|upkeep
|turn|74
|
|t:|1758273764
|move|p1a: Darkrai|Dark Pulse|p2a: Ban me
|-damage|p2a: Ban me|0 fnt
|faint|p2a: Ban me
|
|-heal|p1a: Darkrai|26/100|[from] item: Leftovers
|upkeep
|
|t:|1758273773
|switch|p2a: Ban Wogerpon|Amoonguss, M, shiny|100/100
|turn|75
|
|t:|1758273784
|move|p1a: Darkrai|Dark Pulse|p2a: Ban Wogerpon
|-damage|p2a: Ban Wogerpon|14/100
|move|p2a: Ban Wogerpon|Foul Play|p1a: Darkrai
|-supereffective|p1a: Darkrai
|-damage|p1a: Darkrai|0 fnt
|faint|p1a: Darkrai
|
|-heal|p2a: Ban Wogerpon|20/100|[from] item: Leftovers
|upkeep
|-message|Quiero mucho a Mar forfeited.
|
|win|Obito 2001
|raw|Quiero mucho a Mar's rating: 1701 &rarr; <strong>1681</strong><br />(-20 for losing)
|raw|Obito 2001's rating: 1709 &rarr; <strong>1729</strong><br />(+20 for winning)
|l|☆Quiero mucho a Mar
|player|p1|
|l|☆Obito 2001
|player|p2|
|l| amimec
