|j|‽A1Randy
|j|☆edollas
|t:|1758254342
|gametype|singles
|player|p1|A1Randy|102|1455
|player|p2|edollas|biker-gen4|1480
|gen|9
|tier|[Gen 9] OU
|rated|
|rule|HP Percentage Mod: HP is shown in percentages
|rule|Endless Battle Clause: Forcing endless battles is banned
|rule|Species Clause: Limit one of each Pokémon
|rule|OHKO Clause: OHKO moves are banned
|rule|Evasion Items Clause: Evasion items are banned
|rule|Evasion Moves Clause: Evasion moves are banned
|rule|Evasion Abilities Clause: Evasion abilities are banned
|rule|Sleep Moves Clause: Sleep-inducing moves are banned
|clearpoke
|poke|p1|Iron Crown|
|poke|p1|Kyurem|
|poke|p1|Dragonite, F|
|poke|p1|Kingambit, F|
|poke|p1|Iron Valiant|
|poke|p1|Hoopa-Unbound|
|poke|p2|Hoopa-Unbound|
|poke|p2|Toxapex, M|
|poke|p2|Weezing-Galar, M|
|poke|p2|Ogerpon-Wellspring, F|
|poke|p2|Garchomp, M|
|poke|p2|Great Tusk|
|teampreview
|
|t:|1758254373
|teamsize|p1|6
|teamsize|p2|6
|start
|switch|p1a: Iron Crown|Iron Crown|100/100
|switch|p2a: Toxapex|Toxapex, M|100/100
|turn|1
|
|t:|1758254380
|move|p1a: Iron Crown|Psychic|p2a: Toxapex
|-supereffective|p2a: Toxapex
|-damage|p2a: Toxapex|44/100
|move|p2a: Toxapex|Mud Shot|p1a: Iron Crown
|-supereffective|p1a: Iron Crown
|-damage|p1a: Iron Crown|78/100
|-unboost|p1a: Iron Crown|spe|1
|
|upkeep
|turn|2
|
|t:|1758254389
|-end|p1a: Iron Crown|Quark Drive|[silent]
|switch|p1a: Iron Valiant|Iron Valiant, shiny|100/100
|switch|p2a: Hoopa|Hoopa-Unbound|100/100
|
|upkeep
|turn|3
|
|t:|1758254395
|switch|p2a: Toxapex|Toxapex, M|78/100
|move|p1a: Iron Valiant|Moonblast|p2a: Toxapex
|-resisted|p2a: Toxapex
|-damage|p2a: Toxapex|59/100
|-damage|p1a: Iron Valiant|91/100|[from] item: Life Orb
|
|upkeep
|turn|4
|
|t:|1758254406
|-terastallize|p1a: Iron Valiant|Electric
|move|p1a: Iron Valiant|Thunderbolt|p2a: Toxapex
|-supereffective|p2a: Toxapex
|-damage|p2a: Toxapex|0 fnt
|faint|p2a: Toxapex
|-damage|p1a: Iron Valiant|81/100|[from] item: Life Orb
|
|upkeep
|
|t:|1758254418
|switch|p2a: Ogerpon|Ogerpon-Wellspring, F|100/100
|turn|5
|
|t:|1758254431
|-end|p1a: Iron Valiant|Quark Drive|[silent]
|switch|p1a: Dragonite|Dragonite, F|100/100
|move|p2a: Ogerpon|Ivy Cudgel|p1a: Dragonite|[anim] Ivy Cudgel Water
|-resisted|p1a: Dragonite
|-damage|p1a: Dragonite|83/100
|
|upkeep
|turn|6
|
|t:|1758254439
|switch|p2a: Weezing|Weezing-Galar, M|100/100
|-ability|p2a: Weezing|Neutralizing Gas
|-item|p2a: Weezing|Air Balloon
|move|p1a: Dragonite|Scale Shot|p2a: Weezing
|-immune|p2a: Weezing
|
|upkeep
|turn|7
|
|t:|1758254446
|switch|p1a: Iron Crown|Iron Crown|78/100
|move|p2a: Weezing|Will-O-Wisp|p1a: Iron Crown
|-status|p1a: Iron Crown|brn
|
|-damage|p1a: Iron Crown|72/100 brn|[from] brn
|upkeep
|turn|8
|
|t:|1758254459
|-end|p2a: Weezing|ability: Neutralizing Gas
|switch|p2a: Garchomp|Garchomp, M|100/100
|move|p1a: Iron Crown|Tachyon Cutter|p2a: Garchomp
|-damage|p2a: Garchomp|83/100
|-damage|p2a: Garchomp|63/100
|-hitcount|p2a: Garchomp|2
|
|-damage|p1a: Iron Crown|66/100 brn|[from] brn
|upkeep
|turn|9
|
|t:|1758254470
|-end|p1a: Iron Crown|Quark Drive|[silent]
|switch|p1a: Dragonite|Dragonite, F|83/100
|move|p2a: Garchomp|Scale Shot|p1a: Dragonite|[miss]
|-miss|p2a: Garchomp|p1a: Dragonite
|
|upkeep
|turn|10
|
|t:|1758254478
|switch|p1a: Iron Valiant|Iron Valiant, shiny, tera:Electric|81/100
|move|p2a: Garchomp|Scale Shot|p1a: Iron Valiant
|-damage|p1a: Iron Valiant|62/100
|-damage|p1a: Iron Valiant|43/100
|-hitcount|p1a: Iron Valiant|2
|-unboost|p2a: Garchomp|def|1
|-boost|p2a: Garchomp|spe|1
|
|upkeep
|turn|11
|
|t:|1758254495
|move|p1a: Iron Valiant|Vacuum Wave|p2a: Garchomp
|-damage|p2a: Garchomp|44/100
|-damage|p1a: Iron Valiant|34/100|[from] item: Life Orb
|move|p2a: Garchomp|Earthquake|p1a: Iron Valiant
|-supereffective|p1a: Iron Valiant
|-damage|p1a: Iron Valiant|0 fnt
|faint|p1a: Iron Valiant
|-end|p1a: Iron Valiant|Quark Drive|[silent]
|
|upkeep
|
|t:|1758254506
|switch|p1a: Dragonite|Dragonite, F|83/100
|turn|12
|
|t:|1758254521
|move|p1a: Dragonite|Extreme Speed|p2a: Garchomp
|-damage|p2a: Garchomp|5/100
|-damage|p1a: Dragonite|71/100|[from] ability: Rough Skin|[of] p2a: Garchomp
|move|p2a: Garchomp|Scale Shot|p1a: Dragonite
|-supereffective|p1a: Dragonite
|-damage|p1a: Dragonite|38/100
|-supereffective|p1a: Dragonite
|-damage|p1a: Dragonite|4/100
|-supereffective|p1a: Dragonite
|-damage|p1a: Dragonite|0 fnt
|faint|p1a: Dragonite
|-hitcount|p1: Dragonite|3
|-unboost|p2a: Garchomp|def|1
|-boost|p2a: Garchomp|spe|1
|
|upkeep
|
|t:|1758254530
|switch|p1a: Kingambit|Kingambit, F|100/100
|-activate|p1a: Kingambit|ability: Supreme Overlord
|-start|p1a: Kingambit|fallen2|[silent]
|turn|13
|
|t:|1758254541
|switch|p2a: Weezing|Weezing-Galar, M|100/100
|-ability|p2a: Weezing|Neutralizing Gas
|-item|p2a: Weezing|Air Balloon
|move|p1a: Kingambit|Sucker Punch||[still]
|-fail|p1a: Kingambit
|
|upkeep
|turn|14
|
|t:|1758254550
|move|p1a: Kingambit|Iron Head|p2a: Weezing
|-supereffective|p2a: Weezing
|-damage|p2a: Weezing|48/100
|-enditem|p2a: Weezing|Air Balloon
|cant|p2a: Weezing|flinch
|
|upkeep
|turn|15
|
|t:|1758254571
|-terastallize|p2a: Weezing|Fire
|move|p1a: Kingambit|Iron Head|p2a: Weezing
|-resisted|p2a: Weezing
|-damage|p2a: Weezing|33/100
|move|p2a: Weezing|Will-O-Wisp|p1a: Kingambit
|-status|p1a: Kingambit|brn
|
|-damage|p1a: Kingambit|94/100 brn|[from] brn
|upkeep
|turn|16
|
|t:|1758254580
|move|p1a: Kingambit|Kowtow Cleave|p2a: Weezing
|-damage|p2a: Weezing|15/100
|move|p2a: Weezing|Pain Split|p1a: Kingambit
|-sethp|p1a: Kingambit|55/100 brn|[from] move: Pain Split|[silent]
|-sethp|p2a: Weezing|56/100|[from] move: Pain Split
|
|-damage|p1a: Kingambit|49/100 brn|[from] brn
|upkeep
|turn|17
|
|t:|1758254596
|-end|p1a: Kingambit|fallen2|[silent]
|switch|p1a: Hoopa|Hoopa-Unbound|100/100
|move|p2a: Weezing|Strange Steam|p1a: Hoopa
|-supereffective|p1a: Hoopa
|-crit|p1a: Hoopa
|-damage|p1a: Hoopa|32/100
|
|upkeep
|turn|18
|
|t:|1758254628
|move|p1a: Hoopa|Psychic|p2a: Weezing
|-damage|p2a: Weezing|0 fnt
|faint|p2a: Weezing
|-end|p2a: Weezing|ability: Neutralizing Gas
|
|upkeep
|
|t:|1758254643
|switch|p2a: Ogerpon|Ogerpon-Wellspring, F|100/100
|turn|19
|inactive|Battle timer is ON: inactive players will automatically lose when time's up. (requested by edollas)
|inactive|A1Randy has 120 seconds left.
|inactive|A1Randy has 90 seconds left.
|l|☆edollas
|inactive|edollas disconnected and has a minute to reconnect!
|player|p2|
|-message|A1Randy forfeited.
|
|win|edollas
|raw|A1Randy's rating: 1455 &rarr; <strong>1436</strong><br />(-19 for losing)
|raw|edollas's rating: 1480 &rarr; <strong>1499</strong><br />(+19 for winning)
|l|‽A1Randy
|player|p1|
|j|☆edollas
|player|p2|edollas|biker-gen4|
|l|☆edollas
|player|p2|
