|j|☆Naz-sama
|j|☆lerendezvous
|t:|1758343553
|gametype|singles
|player|p1|Naz-sama|lady|1612
|player|p2|lerendezvous|101|1746
|gen|9
|tier|[Gen 9] OU
|rated|
|rule|HP Percentage Mod: HP is shown in percentages
|rule|Endless Battle Clause: Forcing endless battles is banned
|rule|Species Clause: Limit one of each Pokémon
|rule|OHKO Clause: OHKO moves are banned
|rule|Evasion Items Clause: Evasion items are banned
|rule|Evasion Moves Clause: Evasion moves are banned
|rule|Evasion Abilities Clause: Evasion abilities are banned
|rule|Sleep Moves Clause: Sleep-inducing moves are banned
|clearpoke
|poke|p1|Pelipper, M|
|poke|p1|Iron Treads|
|poke|p1|Hatterene, F|
|poke|p1|Toxicroak, F|
|poke|p1|Barraskewda, M|
|poke|p1|Talonflame, M|
|poke|p2|Ogerpon-Wellspring, F|
|poke|p2|Slowking-Galar, M|
|poke|p2|Great Tusk|
|poke|p2|Moltres|
|poke|p2|Dragapult, F|
|poke|p2|Kingambit, M|
|teampreview
|inactive|Battle timer is ON: inactive players will automatically lose when time's up. (requested by Naz-sama)
|inactive|lerendezvous also wants the timer to be on.
|inactive|Naz-sama has 120 seconds left.
|
|t:|1758343592
|teamsize|p1|6
|teamsize|p2|6
|start
|switch|p1a: Pelipper|Pelipper, M|100/100
|switch|p2a: Slowking|Slowking-Galar, M|100/100
|-weather|RainDance|[from] ability: Drizzle|[of] p1a: Pelipper
|turn|1
|
|t:|1758343597
|move|p1a: Pelipper|U-turn|p2a: Slowking
|-damage|p2a: Slowking|92/100
|
|t:|1758343607
|switch|p1a: Hatterene|Hatterene, F|100/100|[from] U-turn
|move|p2a: Slowking|Sludge Bomb|p1a: Hatterene
|-supereffective|p1a: Hatterene
|-damage|p1a: Hatterene|15/100
|-enditem|p1a: Hatterene|Eject Button
|
|t:|1758343627
|switch|p1a: Iron Treads|Iron Treads|100/100
|
|-weather|RainDance|[upkeep]
|upkeep
|turn|2
|inactive|Naz-sama has 120 seconds left.
|
|t:|1758343653
|move|p1a: Iron Treads|Earthquake|p2a: Slowking
|-supereffective|p2a: Slowking
|-damage|p2a: Slowking|12/100
|move|p2a: Slowking|Ice Beam|p1a: Iron Treads
|-damage|p1a: Iron Treads|77/100
|
|-weather|RainDance|[upkeep]
|-heal|p1a: Iron Treads|83/100|[from] item: Leftovers
|upkeep
|turn|3
|
|t:|1758343661
|switch|p2a: Ogerpon|Ogerpon-Wellspring, F|100/100
|move|p1a: Iron Treads|Stealth Rock|p2a: Ogerpon
|-sidestart|p2: lerendezvous|move: Stealth Rock
|
|-weather|RainDance|[upkeep]
|-heal|p1a: Iron Treads|89/100|[from] item: Leftovers
|upkeep
|turn|4
|
|t:|1758343668
|-end|p1a: Iron Treads|Quark Drive|[silent]
|switch|p1a: Toxicroak|Toxicroak, F|100/100
|move|p2a: Ogerpon|Power Whip|p1a: Toxicroak
|-resisted|p1a: Toxicroak
|-damage|p1a: Toxicroak|72/100
|-damage|p2a: Ogerpon|84/100|[from] item: Rocky Helmet|[of] p1a: Toxicroak
|
|-weather|RainDance|[upkeep]
|-heal|p1a: Toxicroak|85/100|[from] ability: Dry Skin
|upkeep
|turn|5
|
|t:|1758343677
|switch|p2a: Great Tusk|Great Tusk|100/100
|-damage|p2a: Great Tusk|98/100|[from] Stealth Rock
|move|p1a: Toxicroak|Knock Off|p2a: Great Tusk
|-resisted|p2a: Great Tusk
|-damage|p2a: Great Tusk|89/100
|-damage|p1a: Toxicroak|68/100|[from] item: Rocky Helmet|[of] p2a: Great Tusk
|-enditem|p2a: Great Tusk|Rocky Helmet|[from] move: Knock Off|[of] p1a: Toxicroak
|
|-weather|RainDance|[upkeep]
|-heal|p1a: Toxicroak|80/100|[from] ability: Dry Skin
|upkeep
|turn|6
|
|t:|1758343687
|move|p2a: Great Tusk|Rapid Spin|p1a: Toxicroak
|-damage|p1a: Toxicroak|65/100
|-boost|p2a: Great Tusk|spe|1
|-damage|p2a: Great Tusk|72/100|[from] item: Rocky Helmet|[of] p1a: Toxicroak
|-sideend|p2: lerendezvous|Stealth Rock|[from] move: Rapid Spin|[of] p2a: Great Tusk
|move|p1a: Toxicroak|Toxic|p2a: Great Tusk
|-status|p2a: Great Tusk|tox
|
|-weather|RainDance|[upkeep]
|-heal|p1a: Toxicroak|77/100|[from] ability: Dry Skin
|-damage|p2a: Great Tusk|66/100 tox|[from] psn
|upkeep
|turn|7
|
|t:|1758343706
|switch|p1a: Pelipper|Pelipper, M|100/100
|move|p2a: Great Tusk|Headlong Rush|p1a: Pelipper
|-immune|p1a: Pelipper
|
|-weather|RainDance|[upkeep]
|-damage|p2a: Great Tusk|54/100 tox|[from] psn
|upkeep
|turn|8
|
|t:|1758343711
|-end|p2a: Great Tusk|Protosynthesis|[silent]
|switch|p2a: Slowking|Slowking-Galar, M|46/100
|move|p1a: Pelipper|Hurricane|p2a: Slowking
|-damage|p2a: Slowking|28/100
|-start|p2a: Slowking|confusion
|
|-weather|none
|upkeep
|turn|9
|
|t:|1758343719
|switch|p2a: Kingambit|Kingambit, M|100/100
|move|p1a: Pelipper|U-turn|p2a: Kingambit
|-damage|p2a: Kingambit|92/100
|
|t:|1758343728
|switch|p1a: Iron Treads|Iron Treads|89/100|[from] U-turn
|
|-heal|p1a: Iron Treads|95/100|[from] item: Leftovers
|-heal|p2a: Kingambit|99/100|[from] item: Leftovers
|upkeep
|turn|10
|inactive|Naz-sama has 120 seconds left.
|
|t:|1758343759
|move|p1a: Iron Treads|Earthquake|p2a: Kingambit
|-supereffective|p2a: Kingambit
|-damage|p2a: Kingambit|40/100
|move|p2a: Kingambit|Low Kick|p1a: Iron Treads
|-supereffective|p1a: Iron Treads
|-damage|p1a: Iron Treads|34/100
|
|-heal|p1a: Iron Treads|40/100|[from] item: Leftovers
|-heal|p2a: Kingambit|47/100|[from] item: Leftovers
|upkeep
|turn|11
|
|t:|1758343767
|-end|p2a: Kingambit|fallenundefined|[silent]
|switch|p2a: Great Tusk|Great Tusk|54/100 tox
|move|p1a: Iron Treads|Earthquake|p2a: Great Tusk
|-damage|p2a: Great Tusk|28/100 tox
|
|-heal|p1a: Iron Treads|46/100|[from] item: Leftovers
|-damage|p2a: Great Tusk|22/100 tox|[from] psn
|upkeep
|turn|12
|inactive|Naz-sama has 120 seconds left.
|
|t:|1758343783
|-end|p1a: Iron Treads|Quark Drive|[silent]
|switch|p1a: Pelipper|Pelipper, M|100/100
|-weather|RainDance|[from] ability: Drizzle|[of] p1a: Pelipper
|move|p2a: Great Tusk|Headlong Rush|p1a: Pelipper
|-immune|p1a: Pelipper
|
|-weather|RainDance|[upkeep]
|-damage|p2a: Great Tusk|9/100 tox|[from] psn
|upkeep
|turn|13
|
|t:|1758343792
|-end|p2a: Great Tusk|Protosynthesis|[silent]
|switch|p2a: Slowking|Slowking-Galar, M|61/100
|move|p1a: Pelipper|U-turn|p2a: Slowking
|-damage|p2a: Slowking|53/100
|inactive|Naz-sama has 120 seconds left.
|
|t:|1758343813
|switch|p1a: Iron Treads|Iron Treads|46/100|[from] U-turn
|
|-weather|RainDance|[upkeep]
|-heal|p1a: Iron Treads|53/100|[from] item: Leftovers
|upkeep
|turn|14
|
|t:|1758343819
|switch|p2a: Great Tusk|Great Tusk|9/100 tox
|move|p1a: Iron Treads|Stealth Rock|p2a: Great Tusk
|-sidestart|p2: lerendezvous|move: Stealth Rock
|
|-weather|RainDance|[upkeep]
|-heal|p1a: Iron Treads|59/100|[from] item: Leftovers
|-damage|p2a: Great Tusk|3/100 tox|[from] psn
|upkeep
|turn|15
|inactive|Naz-sama has 120 seconds left.
|
|t:|1758343830
|-end|p1a: Iron Treads|Quark Drive|[silent]
|switch|p1a: Pelipper|Pelipper, M|100/100
|move|p2a: Great Tusk|Rapid Spin|p1a: Pelipper
|-damage|p1a: Pelipper|85/100
|-boost|p2a: Great Tusk|spe|1
|-sideend|p2: lerendezvous|Stealth Rock|[from] move: Rapid Spin|[of] p2a: Great Tusk
|
|-weather|RainDance|[upkeep]
|-damage|p2a: Great Tusk|0 fnt|[from] psn
|faint|p2a: Great Tusk
|-end|p2a: Great Tusk|Protosynthesis|[silent]
|upkeep
|
|t:|1758343836
|switch|p2a: Slowking|Slowking-Galar, M|86/100
|turn|16
|inactive|Naz-sama has 120 seconds left.
|
|t:|1758343852
|switch|p1a: Iron Treads|Iron Treads|59/100
|move|p2a: Slowking|Flamethrower|p1a: Iron Treads
|-supereffective|p1a: Iron Treads
|-damage|p1a: Iron Treads|38/100
|
|-weather|RainDance|[upkeep]
|-heal|p1a: Iron Treads|44/100|[from] item: Leftovers
|upkeep
|turn|17
|inactive|Naz-sama has 120 seconds left.
|
|t:|1758343860
|switch|p2a: Moltres|Moltres|100/100
|move|p1a: Iron Treads|Stealth Rock|p2a: Moltres
|-sidestart|p2: lerendezvous|move: Stealth Rock
|
|-weather|RainDance|[upkeep]
|-heal|p1a: Iron Treads|50/100|[from] item: Leftovers
|upkeep
|turn|18
|
|t:|1758343865
|move|p1a: Iron Treads|Volt Switch|p2a: Moltres
|-supereffective|p2a: Moltres
|-damage|p2a: Moltres|76/100
|inactive|Naz-sama has 120 seconds left.
|
|t:|1758343891
|-end|p1a: Iron Treads|Quark Drive|[silent]
|switch|p1a: Pelipper|Pelipper, M|85/100|[from] Volt Switch
|move|p2a: Moltres|Flamethrower|p1a: Pelipper
|-resisted|p1a: Pelipper
|-damage|p1a: Pelipper|76/100
|
|-weather|RainDance|[upkeep]
|upkeep
|turn|19
|
|t:|1758343898
|move|p2a: Moltres|U-turn|p1a: Pelipper
|-resisted|p1a: Pelipper
|-damage|p1a: Pelipper|69/100
|
|t:|1758343903
|switch|p2a: Kingambit|Kingambit, M|47/100|[from] U-turn
|-damage|p2a: Kingambit|40/100|[from] Stealth Rock
|-activate|p2a: Kingambit|ability: Supreme Overlord
|-start|p2a: Kingambit|fallen1|[silent]
|move|p1a: Pelipper|Surf|p2a: Kingambit
|-damage|p2a: Kingambit|0 fnt
|faint|p2a: Kingambit
|-end|p2a: Kingambit|fallen1|[silent]
|
|-weather|none
|upkeep
|
|t:|1758343909
|switch|p2a: Slowking|Slowking-Galar, M|100/100
|-damage|p2a: Slowking|88/100|[from] Stealth Rock
|turn|20
|
|t:|1758343914
|move|p1a: Pelipper|U-turn|p2a: Slowking
|-damage|p2a: Slowking|79/100
|
|t:|1758343916
|switch|p1a: Iron Treads|Iron Treads|50/100|[from] U-turn
|move|p2a: Slowking|Flamethrower|p1a: Iron Treads
|-supereffective|p1a: Iron Treads
|-damage|p1a: Iron Treads|4/100
|
|-heal|p1a: Iron Treads|10/100|[from] item: Leftovers
|upkeep
|turn|21
|
|t:|1758343925
|switch|p2a: Moltres|Moltres|76/100
|move|p1a: Iron Treads|Volt Switch|p2a: Moltres
|-supereffective|p2a: Moltres
|-damage|p2a: Moltres|54/100
|
|t:|1758343930
|-end|p1a: Iron Treads|Quark Drive|[silent]
|switch|p1a: Pelipper|Pelipper, M|69/100|[from] Volt Switch
|-weather|RainDance|[from] ability: Drizzle|[of] p1a: Pelipper
|
|-weather|RainDance|[upkeep]
|upkeep
|turn|22
|
|t:|1758343937
|move|p2a: Moltres|U-turn|p1a: Pelipper
|-resisted|p1a: Pelipper
|-damage|p1a: Pelipper|61/100
|
|t:|1758343942
|switch|p2a: Slowking|Slowking-Galar, M|100/100|[from] U-turn
|-damage|p2a: Slowking|88/100|[from] Stealth Rock
|move|p1a: Pelipper|Hurricane|p2a: Slowking
|-damage|p2a: Slowking|70/100
|
|-weather|RainDance|[upkeep]
|upkeep
|turn|23
|
|t:|1758343954
|move|p1a: Pelipper|Roost|p1a: Pelipper
|-heal|p1a: Pelipper|100/100
|-singleturn|p1a: Pelipper|move: Roost
|move|p2a: Slowking|Sludge Bomb|p1a: Pelipper
|-damage|p1a: Pelipper|55/100
|
|-weather|RainDance|[upkeep]
|upkeep
|turn|24
|
|t:|1758343959
|move|p1a: Pelipper|U-turn|p2a: Slowking
|-damage|p2a: Slowking|61/100
|
|t:|1758343962
|switch|p1a: Iron Treads|Iron Treads|10/100|[from] U-turn
|move|p2a: Slowking|Sludge Bomb|p1a: Iron Treads
|-immune|p1a: Iron Treads
|
|-weather|RainDance|[upkeep]
|-heal|p1a: Iron Treads|17/100|[from] item: Leftovers
|upkeep
|turn|25
|
|t:|1758343966
|switch|p2a: Moltres|Moltres|54/100
|move|p1a: Iron Treads|Earthquake|p2a: Moltres
|-immune|p2a: Moltres
|
|-weather|RainDance|[upkeep]
|-heal|p1a: Iron Treads|23/100|[from] item: Leftovers
|upkeep
|turn|26
|
|t:|1758343973
|move|p1a: Iron Treads|Volt Switch|p2a: Moltres
|-supereffective|p2a: Moltres
|-damage|p2a: Moltres|31/100
|
|t:|1758343982
|-end|p1a: Iron Treads|Quark Drive|[silent]
|switch|p1a: Pelipper|Pelipper, M|55/100|[from] Volt Switch
|move|p2a: Moltres|Roost|p2a: Moltres
|-heal|p2a: Moltres|81/100
|-singleturn|p2a: Moltres|move: Roost
|
|-weather|RainDance|[upkeep]
|upkeep
|turn|27
|
|t:|1758343987
|move|p2a: Moltres|U-turn|p1a: Pelipper
|-resisted|p1a: Pelipper
|-damage|p1a: Pelipper|47/100
|
|t:|1758343992
|switch|p2a: Slowking|Slowking-Galar, M|95/100|[from] U-turn
|-damage|p2a: Slowking|82/100|[from] Stealth Rock
|move|p1a: Pelipper|Surf|p2a: Slowking
|-damage|p2a: Slowking|58/100
|
|-weather|RainDance|[upkeep]
|upkeep
|turn|28
|
|t:|1758344003
|move|p1a: Pelipper|Roost|p1a: Pelipper
|-heal|p1a: Pelipper|97/100
|-singleturn|p1a: Pelipper|move: Roost
|move|p2a: Slowking|Sludge Bomb|p1a: Pelipper
|-damage|p1a: Pelipper|53/100
|-status|p1a: Pelipper|psn
|
|-weather|none
|-damage|p1a: Pelipper|40/100 psn|[from] psn
|upkeep
|turn|29
|
|t:|1758344008
|move|p1a: Pelipper|U-turn|p2a: Slowking
|-damage|p2a: Slowking|50/100
|
|t:|1758344017
|switch|p1a: Iron Treads|Iron Treads|23/100|[from] U-turn
|move|p2a: Slowking|Sludge Bomb|p1a: Iron Treads
|-immune|p1a: Iron Treads
|
|-heal|p1a: Iron Treads|29/100|[from] item: Leftovers
|upkeep
|turn|30
|
|t:|1758344023
|switch|p2a: Moltres|Moltres|81/100
|move|p1a: Iron Treads|Volt Switch|p2a: Moltres
|-supereffective|p2a: Moltres
|-damage|p2a: Moltres|57/100
|
|t:|1758344032
|-end|p1a: Iron Treads|Quark Drive|[silent]
|switch|p1a: Barraskewda|Barraskewda, M|100/100|[from] Volt Switch
|
|upkeep
|turn|31
|
|t:|1758344037
|-terastallize|p2a: Moltres|Fairy
|move|p1a: Barraskewda|Flip Turn|p2a: Moltres
|-damage|p2a: Moltres|23/100
|
|t:|1758344042
|switch|p1a: Pelipper|Pelipper, M|40/100 psn|[from] Flip Turn
|-weather|RainDance|[from] ability: Drizzle|[of] p1a: Pelipper
|move|p2a: Moltres|Roost|p2a: Moltres
|-heal|p2a: Moltres|73/100
|
|-weather|RainDance|[upkeep]
|-damage|p1a: Pelipper|28/100 psn|[from] psn
|upkeep
|turn|32
|
|t:|1758344054
|move|p2a: Moltres|U-turn|p1a: Pelipper
|-resisted|p1a: Pelipper
|-crit|p1a: Pelipper
|-damage|p1a: Pelipper|17/100 psn
|
|t:|1758344060
|switch|p2a: Slowking|Slowking-Galar, M|83/100|[from] U-turn
|-damage|p2a: Slowking|71/100|[from] Stealth Rock
|move|p1a: Pelipper|Roost|p1a: Pelipper
|-heal|p1a: Pelipper|67/100 psn
|-singleturn|p1a: Pelipper|move: Roost
|
|-weather|RainDance|[upkeep]
|-damage|p1a: Pelipper|55/100 psn|[from] psn
|upkeep
|turn|33
|j| wgw2333
|
|t:|1758344076
|move|p1a: Pelipper|U-turn|p2a: Slowking
|-damage|p2a: Slowking|62/100
|
|t:|1758344078
|switch|p1a: Toxicroak|Toxicroak, F|77/100|[from] U-turn
|move|p2a: Slowking|Ice Beam|p1a: Toxicroak
|-damage|p1a: Toxicroak|42/100
|
|-weather|RainDance|[upkeep]
|-heal|p1a: Toxicroak|54/100|[from] ability: Dry Skin
|upkeep
|turn|34
|
|t:|1758344085
|move|p1a: Toxicroak|Knock Off|p2a: Slowking
|-supereffective|p2a: Slowking
|-damage|p2a: Slowking|14/100
|-enditem|p2a: Slowking|Assault Vest|[from] move: Knock Off|[of] p1a: Toxicroak
|move|p2a: Slowking|Psyshock|p1a: Toxicroak
|-supereffective|p1a: Toxicroak
|-damage|p1a: Toxicroak|0 fnt
|faint|p1a: Toxicroak
|
|-weather|RainDance|[upkeep]
|upkeep
|
|t:|1758344096
|switch|p1a: Talonflame|Talonflame, M|100/100
|turn|35
|
|t:|1758344100
|move|p1a: Talonflame|Hurricane|p2a: Slowking
|-damage|p2a: Slowking|0 fnt
|faint|p2a: Slowking
|
|-weather|RainDance|[upkeep]
|upkeep
|
|t:|1758344107
|switch|p2a: Ogerpon|Ogerpon-Wellspring, F|84/100
|-damage|p2a: Ogerpon|72/100|[from] Stealth Rock
|turn|36
|
|t:|1758344118
|switch|p2a: Moltres|Moltres, tera:Fairy|73/100
|-terastallize|p1a: Talonflame|Flying
|move|p1a: Talonflame|Hurricane|p2a: Moltres
|-damage|p2a: Moltres|0 fnt
|faint|p2a: Moltres
|
|-weather|RainDance|[upkeep]
|upkeep
|
|t:|1758344125
|switch|p2a: Dragapult|Dragapult, F|100/100
|turn|37
|
|t:|1758344129
|move|p1a: Talonflame|Hurricane|p2a: Dragapult
|-damage|p2a: Dragapult|0 fnt
|faint|p2a: Dragapult
|
|-weather|RainDance|[upkeep]
|upkeep
|
|t:|1758344133
|switch|p2a: Ogerpon|Ogerpon-Wellspring, F|72/100
|-damage|p2a: Ogerpon|59/100|[from] Stealth Rock
|turn|38
|
|t:|1758344136
|move|p1a: Talonflame|Hurricane|p2a: Ogerpon
|-supereffective|p2a: Ogerpon
|-damage|p2a: Ogerpon|0 fnt
|faint|p2a: Ogerpon
|
|win|Naz-sama
|raw|Naz-sama's rating: 1612 &rarr; <strong>1639</strong><br />(+27 for winning)
|raw|lerendezvous's rating: 1746 &rarr; <strong>1719</strong><br />(-27 for losing)
|l|☆lerendezvous
|player|p2|
|l| wgw2333
|l|☆Naz-sama
|player|p1|
