|j|☆rocky012
|j|☆xrr rewriting
|t:|1758282520
|gametype|singles
|player|p1|rocky012|1|1476
|player|p2|xrr rewriting|170|1512
|gen|9
|tier|[Gen 9] OU
|rated|
|rule|HP Percentage Mod: HP is shown in percentages
|rule|Endless Battle Clause: Forcing endless battles is banned
|rule|Species Clause: Limit one of each Pokémon
|rule|OHKO Clause: OHKO moves are banned
|rule|Evasion Items Clause: Evasion items are banned
|rule|Evasion Moves Clause: Evasion moves are banned
|rule|Evasion Abilities Clause: Evasion abilities are banned
|rule|Sleep Moves Clause: Sleep-inducing moves are banned
|clearpoke
|poke|p1|Weavile, F|
|poke|p1|Samurott-Hisui, F|
|poke|p1|Slowking-Galar, F|
|poke|p1|Iron Valiant|
|poke|p1|Landorus-Therian, M|
|poke|p1|Ogerpon-Wellspring, F|
|poke|p2|Dragonite, F|
|poke|p2|Hatterene, F|
|poke|p2|Great Tusk|
|poke|p2|Ceruledge, F|
|poke|p2|Ting-Lu|
|poke|p2|Kyurem|
|teampreview
|
|t:|1758282528
|teamsize|p1|6
|teamsize|p2|6
|start
|switch|p1a: Ogerpon|Ogerpon-Wellspring, F|100/100
|switch|p2a: Kyurem|Kyurem|100/100
|-ability|p2a: Kyurem|Pressure
|turn|1
|inactive|Battle timer is ON: inactive players will automatically lose when time's up. (requested by xrr rewriting)
|
|t:|1758282533
|move|p1a: Ogerpon|U-turn|p2a: Kyurem
|-damage|p2a: Kyurem|75/100
|
|t:|1758282535
|switch|p1a: Slowking|Slowking-Galar, F|100/100|[from] U-turn
|move|p2a: Kyurem|Dragon Dance|p2a: Kyurem
|-boost|p2a: Kyurem|atk|1
|-boost|p2a: Kyurem|spe|1
|
|upkeep
|turn|2
|
|t:|1758282554
|move|p2a: Kyurem|Icicle Spear|p1a: Slowking
|-damage|p1a: Slowking|81/100
|-crit|p1a: Slowking
|-damage|p1a: Slowking|51/100
|-damage|p1a: Slowking|30/100
|-damage|p1a: Slowking|9/100
|-hitcount|p1a: Slowking|4
|move|p1a: Slowking|Sludge Bomb|p2a: Kyurem
|-damage|p2a: Kyurem|44/100
|
|upkeep
|turn|3
|
|t:|1758282569
|move|p2a: Kyurem|Scale Shot|p1a: Slowking|[miss]
|-miss|p2a: Kyurem|p1a: Slowking
|move|p1a: Slowking|Sludge Bomb|p2a: Kyurem
|-damage|p2a: Kyurem|14/100
|
|upkeep
|turn|4
|
|t:|1758282581
|switch|p1a: Weavile|Weavile, F|100/100
|-ability|p1a: Weavile|Pressure
|move|p2a: Kyurem|Icicle Spear|p1a: Weavile
|-resisted|p1a: Weavile
|-damage|p1a: Weavile|82/100
|-resisted|p1a: Weavile
|-damage|p1a: Weavile|64/100
|-resisted|p1a: Weavile
|-damage|p1a: Weavile|47/100
|-resisted|p1a: Weavile
|-damage|p1a: Weavile|29/100
|-hitcount|p1a: Weavile|4
|
|upkeep
|turn|5
|
|t:|1758282588
|move|p1a: Weavile|Ice Shard|p2a: Kyurem
|-damage|p2a: Kyurem|0 fnt
|faint|p2a: Kyurem
|
|upkeep
|
|t:|1758282592
|switch|p2a: Ceruledge|Ceruledge, F|100/100
|turn|6
|
|t:|1758282599
|switch|p1a: Landorus|Landorus-Therian, M|100/100
|-ability|p1a: Landorus|Intimidate|boost
|-unboost|p2a: Ceruledge|atk|1
|move|p2a: Ceruledge|Swords Dance|p2a: Ceruledge
|-boost|p2a: Ceruledge|atk|2
|
|upkeep
|turn|7
|
|t:|1758282605
|-terastallize|p2a: Ceruledge|Fairy
|move|p2a: Ceruledge|Swords Dance|p2a: Ceruledge
|-boost|p2a: Ceruledge|atk|2
|move|p1a: Landorus|Earthquake|p2a: Ceruledge
|-damage|p2a: Ceruledge|43/100
|-ability|p2a: Ceruledge|Weak Armor|boost
|-unboost|p2a: Ceruledge|def|1
|-boost|p2a: Ceruledge|spe|2
|
|upkeep
|turn|8
|
|t:|1758282612
|-terastallize|p1a: Landorus|Water
|move|p2a: Ceruledge|Bitter Blade|p1a: Landorus
|-resisted|p1a: Landorus
|-damage|p1a: Landorus|57/100
|-heal|p2a: Ceruledge|72/100|[from] drain|[of] p1a: Landorus
|-damage|p2a: Ceruledge|55/100|[from] item: Rocky Helmet|[of] p1a: Landorus
|move|p1a: Landorus|Earthquake|p2a: Ceruledge
|-damage|p2a: Ceruledge|0 fnt
|faint|p2a: Ceruledge
|
|upkeep
|
|t:|1758282627
|switch|p2a: Great Tusk|Great Tusk|100/100
|turn|9
|
|t:|1758282633
|move|p2a: Great Tusk|Close Combat|p1a: Landorus
|-crit|p1a: Landorus
|-damage|p1a: Landorus|0 fnt
|-unboost|p2a: Great Tusk|def|1
|-unboost|p2a: Great Tusk|spd|1
|-damage|p2a: Great Tusk|84/100|[from] item: Rocky Helmet|[of] p1a: Landorus
|faint|p1a: Landorus
|
|upkeep
|
|t:|1758282646
|switch|p1a: Weavile|Weavile, F|29/100
|-ability|p1a: Weavile|Pressure
|turn|10
|
|t:|1758282652
|-end|p2a: Great Tusk|Protosynthesis|[silent]
|switch|p2a: Hatterene|Hatterene, F|100/100
|move|p1a: Weavile|Icicle Crash|p2a: Hatterene
|-damage|p2a: Hatterene|59/100
|
|upkeep
|turn|11
|
|t:|1758282655
|switch|p1a: Slowking|Slowking-Galar, F|42/100
|move|p2a: Hatterene|Draining Kiss|p1a: Slowking
|-resisted|p1a: Slowking
|-damage|p1a: Slowking|34/100
|-heal|p2a: Hatterene|66/100|[from] drain|[of] p1a: Slowking
|
|upkeep
|turn|12
|
|t:|1758282658
|move|p2a: Hatterene|Psyshock|p1a: Slowking
|-damage|p1a: Slowking|0 fnt
|faint|p1a: Slowking
|
|upkeep
|
|t:|1758282661
|switch|p1a: Ogerpon|Ogerpon-Wellspring, F|100/100
|turn|13
|
|t:|1758282663
|move|p1a: Ogerpon|Ivy Cudgel|p2a: Hatterene|[anim] Ivy Cudgel Water
|-damage|p2a: Hatterene|5/100
|move|p2a: Hatterene|Nuzzle|p1a: Ogerpon
|-damage|p1a: Ogerpon|96/100
|-status|p1a: Ogerpon|par
|
|upkeep
|turn|14
|
|t:|1758282667
|move|p1a: Ogerpon|Ivy Cudgel|p2a: Hatterene|[anim] Ivy Cudgel Water
|-crit|p2a: Hatterene
|-damage|p2a: Hatterene|0 fnt
|faint|p2a: Hatterene
|
|upkeep
|
|t:|1758282671
|switch|p2a: Dragonite|Dragonite, F|100/100
|turn|15
|
|t:|1758282677
|move|p2a: Dragonite|Extreme Speed|p1a: Ogerpon
|-damage|p1a: Ogerpon|33/100 par
|move|p1a: Ogerpon|Encore|p2a: Dragonite
|-start|p2a: Dragonite|Encore
|
|upkeep
|turn|16
|
|t:|1758282682
|move|p2a: Dragonite|Extreme Speed|p1a: Ogerpon
|-damage|p1a: Ogerpon|0 fnt
|faint|p1a: Ogerpon
|
|upkeep
|
|t:|1758282690
|switch|p1a: Samurott|Samurott-Hisui, F|100/100
|turn|17
|
|t:|1758282692
|move|p2a: Dragonite|Extreme Speed|p1a: Samurott
|-damage|p1a: Samurott|41/100
|move|p1a: Samurott|Ceaseless Edge|p2a: Dragonite
|-damage|p2a: Dragonite|77/100
|-sidestart|p2: xrr rewriting|Spikes
|
|upkeep
|turn|18
|
|t:|1758282697
|move|p2a: Dragonite|Extreme Speed|p1a: Samurott
|-damage|p1a: Samurott|0 fnt
|faint|p1a: Samurott
|
|-end|p2a: Dragonite|Encore
|upkeep
|
|t:|1758282699
|switch|p1a: Iron Valiant|Iron Valiant|100/100
|-enditem|p1a: Iron Valiant|Booster Energy
|-activate|p1a: Iron Valiant|ability: Quark Drive|[fromitem]
|-start|p1a: Iron Valiant|quarkdrivespe
|turn|19
|
|t:|1758282700
|move|p2a: Dragonite|Extreme Speed|p1a: Iron Valiant
|-damage|p1a: Iron Valiant|45/100
|move|p1a: Iron Valiant|Moonblast|p2a: Dragonite
|-supereffective|p2a: Dragonite
|-damage|p2a: Dragonite|0 fnt
|faint|p2a: Dragonite
|
|upkeep
|
|t:|1758282705
|switch|p2a: Ting-Lu|Ting-Lu|100/100
|-damage|p2a: Ting-Lu|88/100|[from] Spikes
|-ability|p2a: Ting-Lu|Vessel of Ruin
|turn|20
|
|t:|1758282710
|move|p1a: Iron Valiant|Moonblast|p2a: Ting-Lu
|-supereffective|p2a: Ting-Lu
|-damage|p2a: Ting-Lu|48/100
|-unboost|p2a: Ting-Lu|spa|1
|move|p2a: Ting-Lu|Earthquake|p1a: Iron Valiant
|-damage|p1a: Iron Valiant|0 fnt
|faint|p1a: Iron Valiant
|-end|p1a: Iron Valiant|Quark Drive|[silent]
|
|-heal|p2a: Ting-Lu|54/100|[from] item: Leftovers
|upkeep
|
|t:|1758282713
|switch|p1a: Weavile|Weavile, F|29/100
|-ability|p1a: Weavile|Pressure
|turn|21
|
|t:|1758282715
|move|p1a: Weavile|Icicle Crash|p2a: Ting-Lu
|-supereffective|p2a: Ting-Lu
|-crit|p2a: Ting-Lu
|-damage|p2a: Ting-Lu|0 fnt
|faint|p2a: Ting-Lu
|
|upkeep
|
|t:|1758282717
|switch|p2a: Great Tusk|Great Tusk|84/100
|turn|22
|
|t:|1758282720
|move|p1a: Weavile|Icicle Crash|p2a: Great Tusk
|-supereffective|p2a: Great Tusk
|-damage|p2a: Great Tusk|22/100
|move|p2a: Great Tusk|Close Combat|p1a: Weavile
|-supereffective|p1a: Weavile
|-damage|p1a: Weavile|0 fnt
|-unboost|p2a: Great Tusk|def|1
|-unboost|p2a: Great Tusk|spd|1
|faint|p1a: Weavile
|
|win|xrr rewriting
|raw|rocky012's rating: 1476 &rarr; <strong>1458</strong><br />(-18 for losing)
|raw|xrr rewriting's rating: 1512 &rarr; <strong>1530</strong><br />(+18 for winning)
