|j|☆porkguy721
|j|☆Denvertzzz
|t:|1758362160
|gametype|singles
|player|p1|porkguy721|101|1214
|player|p2|Denvertzzz|102|1173
|gen|9
|tier|[Gen 9] OU
|rated|
|rule|HP Percentage Mod: HP is shown in percentages
|rule|Endless Battle Clause: Forcing endless battles is banned
|rule|Species Clause: Limit one of each Pokémon
|rule|OHKO Clause: OHKO moves are banned
|rule|Evasion Items Clause: Evasion items are banned
|rule|Evasion Moves Clause: Evasion moves are banned
|rule|Evasion Abilities Clause: Evasion abilities are banned
|rule|Sleep Moves Clause: Sleep-inducing moves are banned
|clearpoke
|poke|p1|Clefable, M|
|poke|p1|Dondozo, F|
|poke|p1|Blissey, F|
|poke|p1|Clodsire, F|
|poke|p1|Corviknight, M|
|poke|p1|Gliscor, M|
|poke|p2|Glimmora, M|
|poke|p2|Skeledirge, M|
|poke|p2|Torterra, M|
|poke|p2|Clodsire, M|
|poke|p2|Oricorio-Pa'u, F|
|poke|p2|Cobalion|
|teampreview
|
|t:|1758362171
|teamsize|p1|6
|teamsize|p2|6
|start
|switch|p1a: Blissey|Blissey, F|100/100
|switch|p2a: Glimmora|Glimmora, M, shiny|100/100
|turn|1
|
|t:|1758362181
|switch|p2a: Clodsire|Clodsire, M, shiny|100/100
|move|p1a: Blissey|Seismic Toss|p2a: Clodsire
|-damage|p2a: Clodsire|79/100
|
|-heal|p2a: Clodsire|85/100|[from] item: Black Sludge
|upkeep
|turn|2
|
|t:|1758362190
|switch|p1a: Gliscor|Gliscor, M|100/100
|move|p2a: Clodsire|Toxic|p1a: Gliscor
|-status|p1a: Gliscor|tox
|
|-heal|p2a: Clodsire|91/100|[from] item: Black Sludge
|upkeep
|turn|3
|
|t:|1758362205
|switch|p2a: Oricorio|Oricorio-Pa'u, F|100/100
|move|p1a: Gliscor|Spikes|p2a: Oricorio
|-sidestart|p2: Denvertzzz|Spikes
|
|upkeep
|turn|4
|inactive|Battle timer is ON: inactive players will automatically lose when time's up. (requested by Denvertzzz)
|
|t:|1758362229
|switch|p1a: Dondozo|Dondozo, F|100/100
|move|p2a: Oricorio|Quiver Dance|p2a: Oricorio
|-boost|p2a: Oricorio|spa|1
|-boost|p2a: Oricorio|spd|1
|-boost|p2a: Oricorio|spe|1
|
|upkeep
|turn|5
|
|t:|1758362242
|move|p2a: Oricorio|Air Slash|p1a: Dondozo
|-damage|p1a: Dondozo|67/100
|cant|p1a: Dondozo|flinch
|
|upkeep
|turn|6
|
|t:|1758362249
|move|p2a: Oricorio|Air Slash|p1a: Dondozo
|-damage|p1a: Dondozo|34/100
|cant|p1a: Dondozo|flinch
|
|upkeep
|turn|7
|
|t:|1758362255
|move|p2a: Oricorio|Revelation Dance|p1a: Dondozo
|-damage|p1a: Dondozo|0 fnt
|faint|p1a: Dondozo
|
|upkeep
|
|t:|1758362266
|switch|p1a: Blissey|Blissey, F|100/100
|turn|8
|
|t:|1758362280
|switch|p2a: Clodsire|Clodsire, M, shiny|91/100
|-damage|p2a: Clodsire|79/100|[from] Spikes
|move|p1a: Blissey|Shadow Ball|p2a: Clodsire
|-damage|p2a: Clodsire|71/100
|-unboost|p2a: Clodsire|spd|1
|
|-heal|p2a: Clodsire|77/100|[from] item: Black Sludge
|upkeep
|turn|9
|
|t:|1758362303
|switch|p1a: Gliscor|Gliscor, M|100/100 tox
|switch|p2a: Glimmora|Glimmora, M, shiny|100/100
|-damage|p2a: Glimmora|88/100|[from] Spikes
|
|upkeep
|turn|10
|
|t:|1758362311
|move|p2a: Glimmora|Meteor Beam||[still]
|-prepare|p2a: Glimmora|Meteor Beam
|-boost|p2a: Glimmora|spa|1
|-enditem|p2a: Glimmora|Power Herb
|-anim|p2a: Glimmora|Meteor Beam|p1a: Gliscor|[miss]
|-miss|p2a: Glimmora|p1a: Gliscor
|move|p1a: Gliscor|Spikes|p2a: Glimmora
|-sidestart|p2: Denvertzzz|Spikes
|
|upkeep
|turn|11
|
|t:|1758362322
|-terastallize|p2a: Glimmora|Flying
|move|p2a: Glimmora|Meteor Beam||[still]
|-prepare|p2a: Glimmora|Meteor Beam
|-boost|p2a: Glimmora|spa|1
|move|p1a: Gliscor|Earthquake|p2a: Glimmora
|-immune|p2a: Glimmora
|
|upkeep
|turn|12
|
|t:|1758362330
|move|p2a: Glimmora|Meteor Beam|p1a: Gliscor|[from] lockedmove
|-crit|p1a: Gliscor
|-damage|p1a: Gliscor|0 fnt
|faint|p1a: Gliscor
|
|upkeep
|l|☆porkguy721
|inactive|porkguy721 disconnected and has a minute to reconnect!
|player|p1|
|inactive|porkguy721 has 30 seconds to reconnect!
|inactive|porkguy721 has 20 seconds to reconnect!
|inactive|porkguy721 has 15 seconds to reconnect!
|inactive|porkguy721 has 10 seconds to reconnect!
|inactive|porkguy721 has 5 seconds to reconnect!
|-message|porkguy721 lost due to inactivity.
|
|win|Denvertzzz
|raw|porkguy721's rating: 1214 &rarr; <strong>1186</strong><br />(-28 for losing)
|raw|Denvertzzz's rating: 1173 &rarr; <strong>1201</strong><br />(+28 for winning)
|l|☆Denvertzzz
|player|p2|
