|j|☆dadadadaxiji
|j|☆PsychoPowerKing精神力
|t:|1758275283
|gametype|singles
|player|p1|dadadadaxiji|dawn|
|player|p2|PsychoPowerKing精神力|miku-fire|
|gen|9
|tier|[Gen 9] OU
|rule|HP Percentage Mod: HP is shown in percentages
|rule|Endless Battle Clause: Forcing endless battles is banned
|rule|Species Clause: Limit one of each Pokémon
|rule|OHKO Clause: OHKO moves are banned
|rule|Evasion Items Clause: Evasion items are banned
|rule|Evasion Moves Clause: Evasion moves are banned
|rule|Evasion Abilities Clause: Evasion abilities are banned
|rule|Sleep Moves Clause: Sleep-inducing moves are banned
|clearpoke
|poke|p1|Zamazenta-*|
|poke|p1|Iron Valiant|
|poke|p1|Great Tusk|
|poke|p1|Blaziken, M|
|poke|p1|Keldeo-Resolute|
|poke|p1|Zapdos-Galar|
|poke|p2|Weavile, M|
|poke|p2|Garganacl, M|
|poke|p2|Iron Treads|
|poke|p2|Moltres|
|poke|p2|Sinistcha-Masterpiece|
|poke|p2|Zamazenta-*|
|teampreview
|inactive|Battle timer is ON: inactive players will automatically lose when time's up. (requested by PsychoPowerKing精神力)
|
|t:|1758275300
|teamsize|p1|6
|teamsize|p2|6
|start
|switch|p1a: Zapdos|Zapdos-Galar|100/100
|switch|p2a: Sinistcha|Sinistcha-Masterpiece, shiny|100/100
|turn|1
|
|t:|1758275311
|move|p1a: Zapdos|Knock Off|p2a: Sinistcha
|-supereffective|p2a: Sinistcha
|-damage|p2a: Sinistcha|53/100
|-enditem|p2a: Sinistcha|Leftovers|[from] move: Knock Off|[of] p1a: Zapdos
|move|p2a: Sinistcha|Calm Mind|p2a: Sinistcha
|-boost|p2a: Sinistcha|spa|1
|-boost|p2a: Sinistcha|spd|1
|
|upkeep
|turn|2
|
|t:|1758275320
|move|p1a: Zapdos|Knock Off|p2a: Sinistcha
|-supereffective|p2a: Sinistcha
|-damage|p2a: Sinistcha|20/100
|move|p2a: Sinistcha|Shadow Ball|p1a: Zapdos
|-damage|p1a: Zapdos|44/100
|
|upkeep
|turn|3
|
|t:|1758275327
|-terastallize|p2a: Sinistcha|Fairy
|move|p1a: Zapdos|Knock Off|p2a: Sinistcha
|-resisted|p2a: Sinistcha
|-damage|p2a: Sinistcha|12/100
|move|p2a: Sinistcha|Strength Sap|p1a: Zapdos
|-unboost|p1a: Zapdos|atk|1
|-ability|p1a: Zapdos|Defiant|boost
|-boost|p1a: Zapdos|atk|2
|-heal|p2a: Sinistcha|100/100
|
|upkeep
|turn|4
|
|t:|1758275340
|move|p1a: Zapdos|Knock Off|p2a: Sinistcha
|-resisted|p2a: Sinistcha
|-damage|p2a: Sinistcha|88/100
|move|p2a: Sinistcha|Calm Mind|p2a: Sinistcha
|-boost|p2a: Sinistcha|spa|1
|-boost|p2a: Sinistcha|spd|1
|
|upkeep
|turn|5
|c|☆dadadadaxiji|好下头
|c|☆PsychoPowerKing精神力|噫嘻嘻
|
|t:|1758275363
|move|p1a: Zapdos|Knock Off|p2a: Sinistcha
|-resisted|p2a: Sinistcha
|-damage|p2a: Sinistcha|75/100
|move|p2a: Sinistcha|Shadow Ball|p1a: Zapdos
|-crit|p1a: Zapdos
|-damage|p1a: Zapdos|0 fnt
|faint|p1a: Zapdos
|
|upkeep
|
|t:|1758275366
|switch|p1a: Iron Valiant|Iron Valiant|100/100
|-enditem|p1a: Iron Valiant|Booster Energy
|-activate|p1a: Iron Valiant|ability: Quark Drive|[fromitem]
|-start|p1a: Iron Valiant|quarkdrivespe
|turn|6
|c|☆PsychoPowerKing精神力|到底遂了你的愿
|
|t:|1758275389
|move|p1a: Iron Valiant|Destiny Bond|p1a: Iron Valiant
|-singlemove|p1a: Iron Valiant|Destiny Bond
|move|p2a: Sinistcha|Matcha Gotcha|p1a: Iron Valiant
|-damage|p1a: Iron Valiant|0 fnt
|-heal|p2a: Sinistcha|100/100|[from] drain|[of] p1a: Iron Valiant
|faint|p1a: Iron Valiant
|-activate|p1a: Iron Valiant|move: Destiny Bond
|-end|p1a: Iron Valiant|Quark Drive|[silent]
|faint|p2a: Sinistcha
|
|upkeep
|inactive|PsychoPowerKing精神力 has 270 seconds left.
|inactive|dadadadaxiji has 270 seconds left.
|c|☆PsychoPowerKing精神力|不豪
|inactive|dadadadaxiji has 240 seconds left.
|
|t:|1758275454
|switch|p1a: Blaziken|Blaziken, M|100/100
|switch|p2a: Iron Treads|Iron Treads, shiny|100/100
|turn|7
|
|t:|1758275460
|move|p1a: Blaziken|Protect|p1a: Blaziken
|-singleturn|p1a: Blaziken|Protect
|move|p2a: Iron Treads|Earthquake|p1a: Blaziken
|-activate|p1a: Blaziken|move: Protect
|
|-ability|p1a: Blaziken|Speed Boost|boost
|-boost|p1a: Blaziken|spe|1
|upkeep
|turn|8
|inactive|dadadadaxiji has 240 seconds left.
|inactive|dadadadaxiji has 210 seconds left.
|c|☆PsychoPowerKing精神力|在给老太太找零吗
|-message|dadadadaxiji forfeited.
|
|win|PsychoPowerKing精神力
|l|☆dadadadaxiji
|player|p1|
