|j|☆serving up heat
|j|☆WeR#4Hay!
|t:|1758248768
|gametype|singles
|player|p1|serving up heat|waitress|1698
|player|p2|WeR#4Hay!|170|1673
|gen|9
|tier|[Gen 9] OU
|rated|
|rule|HP Percentage Mod: HP is shown in percentages
|rule|Endless Battle Clause: Forcing endless battles is banned
|rule|Species Clause: Limit one of each Pokémon
|rule|OHKO Clause: OHKO moves are banned
|rule|Evasion Items Clause: Evasion items are banned
|rule|Evasion Moves Clause: Evasion moves are banned
|rule|Evasion Abilities Clause: Evasion abilities are banned
|rule|Sleep Moves Clause: Sleep-inducing moves are banned
|clearpoke
|poke|p1|Iron Valiant|
|poke|p1|Kingambit, F|
|poke|p1|Pecharunt|
|poke|p1|Hydreigon, F|
|poke|p1|Landorus-Therian, M|
|poke|p1|Samurott-Hisui, F|
|poke|p2|Hydrapple, F|
|poke|p2|Slowking, F|
|poke|p2|Iron Treads|
|poke|p2|Moltres|
|poke|p2|Zamazenta-*|
|poke|p2|Kingambit, F|
|teampreview
|
|t:|1758248786
|teamsize|p1|6
|teamsize|p2|6
|start
|switch|p1a: caravan|Landorus-Therian, M|100/100
|switch|p2a: Hydrapple|Hydrapple, F|100/100
|-ability|p1a: caravan|Intimidate|boost
|-unboost|p2a: Hydrapple|atk|1
|turn|1
|
|t:|1758248798
|move|p1a: caravan|Stealth Rock|p2a: Hydrapple
|-sidestart|p2: WeR#4Hay!|move: Stealth Rock
|move|p2a: Hydrapple|Fickle Beam|p1a: caravan
|-damage|p1a: caravan|41/100
|-damage|p2a: Hydrapple|91/100|[from] item: Life Orb
|
|upkeep
|turn|2
|
|t:|1758248805
|move|p1a: caravan|U-turn|p2a: Hydrapple
|-supereffective|p2a: Hydrapple
|-damage|p2a: Hydrapple|55/100
|
|t:|1758248810
|switch|p1a: iron theyden|Iron Valiant|100/100|[from] U-turn
|move|p2a: Hydrapple|Fickle Beam|p1a: iron theyden
|-immune|p1a: iron theyden
|
|upkeep
|turn|3
|
|t:|1758248815
|switch|p2a: Moltres|Moltres|100/100
|move|p1a: iron theyden|Knock Off|p2a: Moltres
|-damage|p2a: Moltres|67/100
|-enditem|p2a: Moltres|Heavy-Duty Boots|[from] move: Knock Off|[of] p1a: iron theyden
|
|upkeep
|turn|4
|
|t:|1758248820
|-end|p1a: iron theyden|Quark Drive|[silent]
|switch|p1a: serve runt|Pecharunt|100/100
|move|p2a: Moltres|Roost|p2a: Moltres
|-heal|p2a: Moltres|100/100
|-singleturn|p2a: Moltres|move: Roost
|
|upkeep
|turn|5
|
|t:|1758248827
|switch|p2a: Iron Treads|Iron Treads|100/100
|-damage|p2a: Iron Treads|98/100|[from] Stealth Rock
|move|p1a: serve runt|Parting Shot|p2a: Iron Treads
|-unboost|p2a: Iron Treads|atk|1
|-unboost|p2a: Iron Treads|spa|1
|
|t:|1758248831
|switch|p1a: iron theyden|Iron Valiant|100/100|[from] Parting Shot
|
|-heal|p2a: Iron Treads|100/100|[from] item: Leftovers
|upkeep
|turn|6
|
|t:|1758248853
|-end|p2a: Iron Treads|Quark Drive|[silent]
|switch|p2a: Moltres|Moltres|100/100
|-damage|p2a: Moltres|51/100|[from] Stealth Rock
|move|p1a: iron theyden|Spirit Break|p2a: Moltres
|-resisted|p2a: Moltres
|-damage|p2a: Moltres|32/100
|-unboost|p2a: Moltres|spa|1
|
|upkeep
|turn|7
|
|t:|1758248866
|-end|p1a: iron theyden|Quark Drive|[silent]
|switch|p1a: caravan|Landorus-Therian, M|41/100
|-ability|p1a: caravan|Intimidate|boost
|-unboost|p2a: Moltres|atk|1
|move|p2a: Moltres|Roost|p2a: Moltres
|-heal|p2a: Moltres|82/100
|-singleturn|p2a: Moltres|move: Roost
|
|upkeep
|turn|8
|
|t:|1758248877
|switch|p2a: Hydrapple|Hydrapple, F|88/100
|-damage|p2a: Hydrapple|76/100|[from] Stealth Rock
|move|p1a: caravan|U-turn|p2a: Hydrapple
|-supereffective|p2a: Hydrapple
|-damage|p2a: Hydrapple|41/100
|
|t:|1758248882
|switch|p1a: iron theyden|Iron Valiant|100/100|[from] U-turn
|
|upkeep
|turn|9
|
|t:|1758248887
|switch|p2a: Slowking|Slowking, F|100/100
|move|p1a: iron theyden|Spirit Break|p2a: Slowking
|-damage|p2a: Slowking|39/100
|-unboost|p2a: Slowking|spa|1
|
|upkeep
|turn|10
|
|t:|1758248893
|switch|p2a: Iron Treads|Iron Treads|100/100
|-damage|p2a: Iron Treads|98/100|[from] Stealth Rock
|move|p1a: iron theyden|Spirit Break|p2a: Iron Treads
|-resisted|p2a: Iron Treads
|-crit|p2a: Iron Treads
|-damage|p2a: Iron Treads|63/100
|-unboost|p2a: Iron Treads|spa|1
|
|-heal|p2a: Iron Treads|69/100|[from] item: Leftovers
|upkeep
|turn|11
|
|t:|1758248897
|-end|p1a: iron theyden|Quark Drive|[silent]
|switch|p1a: caravan|Landorus-Therian, M|41/100
|-ability|p1a: caravan|Intimidate|boost
|-unboost|p2a: Iron Treads|atk|1
|move|p2a: Iron Treads|Knock Off|p1a: caravan
|-damage|p1a: caravan|26/100
|-damage|p2a: Iron Treads|53/100|[from] item: Rocky Helmet|[of] p1a: caravan
|-enditem|p1a: caravan|Rocky Helmet|[from] move: Knock Off|[of] p2a: Iron Treads
|
|-heal|p2a: Iron Treads|59/100|[from] item: Leftovers
|upkeep
|turn|12
|
|t:|1758248906
|switch|p1a: serve runt|Pecharunt|100/100
|-end|p2a: Iron Treads|Quark Drive|[silent]
|switch|p2a: Zamazenta|Zamazenta|100/100
|-damage|p2a: Zamazenta|94/100|[from] Stealth Rock
|-ability|p2a: Zamazenta|Dauntless Shield|boost
|-boost|p2a: Zamazenta|def|1
|
|upkeep
|turn|13
|
|t:|1758248911
|move|p2a: Zamazenta|Crunch|p1a: serve runt
|-supereffective|p1a: serve runt
|-damage|p1a: serve runt|57/100
|-unboost|p1a: serve runt|def|1
|move|p1a: serve runt|Malignant Chain|p2a: Zamazenta
|-damage|p2a: Zamazenta|69/100
|-status|p2a: Zamazenta|tox
|-start|p2a: Zamazenta|confusion|[from] ability: Poison Puppeteer|[of] p1a: serve runt
|
|-damage|p2a: Zamazenta|62/100 tox|[from] psn
|upkeep
|turn|14
|
|t:|1758248917
|switch|p1a: caravan|Landorus-Therian, M|26/100
|-ability|p1a: caravan|Intimidate|boost
|-unboost|p2a: Zamazenta|atk|1
|-activate|p2a: Zamazenta|confusion
|move|p2a: Zamazenta|Crunch|p1a: caravan
|-damage|p1a: caravan|2/100
|-unboost|p1a: caravan|def|1
|
|-damage|p2a: Zamazenta|50/100 tox|[from] psn
|upkeep
|turn|15
|
|t:|1758248925
|-activate|p2a: Zamazenta|confusion
|move|p2a: Zamazenta|Crunch|p1a: caravan
|-damage|p1a: caravan|0 fnt
|faint|p1a: caravan
|
|-damage|p2a: Zamazenta|32/100 tox|[from] psn
|upkeep
|
|t:|1758248931
|switch|p1a: serve runt|Pecharunt|57/100
|turn|16
|
|t:|1758248974
|switch|p2a: TheTransGambit|Kingambit, F|100/100
|-damage|p2a: TheTransGambit|94/100|[from] Stealth Rock
|move|p1a: serve runt|Recover|p1a: serve runt
|-heal|p1a: serve runt|100/100
|
|-heal|p2a: TheTransGambit|100/100|[from] item: Leftovers
|upkeep
|turn|17
|
|t:|1758248991
|move|p1a: serve runt|Parting Shot|p2a: TheTransGambit
|-unboost|p2a: TheTransGambit|atk|1
|-unboost|p2a: TheTransGambit|spa|1
|
|t:|1758248993
|switch|p1a: iron theyden|Iron Valiant|100/100|[from] Parting Shot
|move|p2a: TheTransGambit|Iron Head|p1a: iron theyden
|-supereffective|p1a: iron theyden
|-damage|p1a: iron theyden|15/100
|
|upkeep
|turn|18
|
|t:|1758249031
|-end|p1a: iron theyden|Quark Drive|[silent]
|switch|p1a: i <3 edging|Samurott-Hisui, F|100/100
|-end|p2a: TheTransGambit|fallenundefined|[silent]
|switch|p2a: Slowking|Slowking, F|72/100
|
|upkeep
|turn|19
|
|t:|1758249052
|-terastallize|p2a: Slowking|Grass
|move|p1a: i <3 edging|Ceaseless Edge|p2a: Slowking
|-damage|p2a: Slowking|29/100
|-sidestart|p2: WeR#4Hay!|Spikes
|move|p2a: Slowking|Thunder Wave|p1a: i <3 edging
|-status|p1a: i <3 edging|par
|
|upkeep
|turn|20
|
|t:|1758249069
|switch|p2a: Zamazenta|Zamazenta|32/100 tox
|-damage|p2a: Zamazenta|25/100 tox|[from] Stealth Rock
|-damage|p2a: Zamazenta|13/100 tox|[from] Spikes
|cant|p1a: i <3 edging|par
|
|-damage|p2a: Zamazenta|7/100 tox|[from] psn
|upkeep
|turn|21
|
|t:|1758249078
|move|p1a: i <3 edging|Sucker Punch|p2a: Zamazenta
|-resisted|p2a: Zamazenta
|-damage|p2a: Zamazenta|0 fnt
|faint|p2a: Zamazenta
|
|upkeep
|
|t:|1758249090
|switch|p2a: Hydrapple|Hydrapple, F|74/100
|-damage|p2a: Hydrapple|62/100|[from] Stealth Rock
|-damage|p2a: Hydrapple|49/100|[from] Spikes
|turn|22
|
|t:|1758249096
|move|p2a: Hydrapple|Earth Power|p1a: i <3 edging
|-damage|p1a: i <3 edging|68/100 par
|-unboost|p1a: i <3 edging|spd|1
|-damage|p2a: Hydrapple|40/100|[from] item: Life Orb
|move|p1a: i <3 edging|Ceaseless Edge|p2a: Hydrapple
|-damage|p2a: Hydrapple|4/100
|-sidestart|p2: WeR#4Hay!|Spikes
|
|upkeep
|turn|23
|
|t:|1758249113
|switch|p2a: TheTransGambit|Kingambit, F|100/100
|-damage|p2a: TheTransGambit|94/100|[from] Stealth Rock
|-damage|p2a: TheTransGambit|78/100|[from] Spikes
|-activate|p2a: TheTransGambit|ability: Supreme Overlord
|-start|p2a: TheTransGambit|fallen1|[silent]
|move|p1a: i <3 edging|Ceaseless Edge|p2a: TheTransGambit
|-resisted|p2a: TheTransGambit
|-damage|p2a: TheTransGambit|61/100
|-sidestart|p2: WeR#4Hay!|Spikes
|
|-heal|p2a: TheTransGambit|67/100|[from] item: Leftovers
|upkeep
|turn|24
|
|t:|1758249121
|move|p2a: TheTransGambit|Iron Head|p1a: i <3 edging
|-resisted|p1a: i <3 edging
|-damage|p1a: i <3 edging|38/100 par
|cant|p1a: i <3 edging|flinch
|
|-heal|p2a: TheTransGambit|73/100|[from] item: Leftovers
|upkeep
|turn|25
|
|t:|1758249127
|move|p2a: TheTransGambit|Kowtow Cleave|p1a: i <3 edging
|-resisted|p1a: i <3 edging
|-damage|p1a: i <3 edging|7/100 par
|move|p1a: i <3 edging|Razor Shell|p2a: TheTransGambit
|-damage|p2a: TheTransGambit|34/100
|
|-heal|p2a: TheTransGambit|40/100|[from] item: Leftovers
|upkeep
|turn|26
|
|t:|1758249134
|move|p2a: TheTransGambit|Sucker Punch|p1a: i <3 edging
|-resisted|p1a: i <3 edging
|-damage|p1a: i <3 edging|0 fnt
|faint|p1a: i <3 edging
|
|-heal|p2a: TheTransGambit|47/100|[from] item: Leftovers
|upkeep
|
|t:|1758249140
|switch|p1a: kingoobit|Kingambit, F|100/100
|-activate|p1a: kingoobit|ability: Supreme Overlord
|-start|p1a: kingoobit|fallen2|[silent]
|turn|27
|
|t:|1758249148
|-end|p2a: TheTransGambit|fallen1|[silent]
|switch|p2a: Moltres|Moltres|82/100
|-damage|p2a: Moltres|32/100|[from] Stealth Rock
|move|p1a: kingoobit|Low Kick|p2a: Moltres
|-resisted|p2a: Moltres
|-damage|p2a: Moltres|19/100
|-status|p1a: kingoobit|brn|[from] ability: Flame Body|[of] p2a: Moltres
|
|-damage|p1a: kingoobit|94/100 brn|[from] brn
|upkeep
|turn|28
|
|t:|1758249158
|-end|p1a: kingoobit|fallen2|[silent]
|switch|p1a: serve runt|Pecharunt|100/100
|move|p2a: Moltres|Roost|p2a: Moltres
|-heal|p2a: Moltres|69/100
|-singleturn|p2a: Moltres|move: Roost
|
|upkeep
|turn|29
|
|t:|1758249163
|move|p1a: serve runt|Parting Shot|p2a: Moltres
|-unboost|p2a: Moltres|atk|1
|-unboost|p2a: Moltres|spa|1
|
|t:|1758249166
|switch|p1a: kingoobit|Kingambit, F|94/100 brn|[from] Parting Shot
|-activate|p1a: kingoobit|ability: Supreme Overlord
|-start|p1a: kingoobit|fallen2|[silent]
|move|p2a: Moltres|Roost|p2a: Moltres
|-heal|p2a: Moltres|100/100
|-singleturn|p2a: Moltres|move: Roost
|
|-heal|p1a: kingoobit|100/100 brn|[from] item: Leftovers
|-damage|p1a: kingoobit|94/100 brn|[from] brn
|upkeep
|turn|30
|
|t:|1758249171
|move|p2a: Moltres|Flamethrower|p1a: kingoobit
|-supereffective|p1a: kingoobit
|-damage|p1a: kingoobit|39/100 brn
|move|p1a: kingoobit|Swords Dance|p1a: kingoobit
|-boost|p1a: kingoobit|atk|2
|
|-heal|p1a: kingoobit|45/100 brn|[from] item: Leftovers
|-damage|p1a: kingoobit|39/100 brn|[from] brn
|upkeep
|turn|31
|
|t:|1758249175
|move|p1a: kingoobit|Sucker Punch|p2a: Moltres
|-damage|p2a: Moltres|67/100
|move|p2a: Moltres|Flamethrower|p1a: kingoobit
|-supereffective|p1a: kingoobit
|-damage|p1a: kingoobit|0 fnt
|faint|p1a: kingoobit
|-end|p1a: kingoobit|fallen2|[silent]
|
|upkeep
|
|t:|1758249178
|switch|p1a: death drop|Hydreigon, F|100/100
|turn|32
|
|t:|1758249185
|move|p1a: death drop|Nasty Plot|p1a: death drop
|-boost|p1a: death drop|spa|2
|move|p2a: Moltres|U-turn|p1a: death drop
|-supereffective|p1a: death drop
|-damage|p1a: death drop|79/100
|
|t:|1758249189
|switch|p2a: Slowking|Slowking, F, tera:Grass|63/100|[from] U-turn
|
|-heal|p1a: death drop|85/100|[from] item: Leftovers
|upkeep
|turn|33
|
|t:|1758249193
|move|p1a: death drop|Substitute|p1a: death drop
|-start|p1a: death drop|Substitute
|-damage|p1a: death drop|60/100
|move|p2a: Slowking|Thunder Wave||[still]
|-fail|p2a: Slowking
|
|-heal|p1a: death drop|67/100|[from] item: Leftovers
|upkeep
|turn|34
|-message|WeR#4Hay! forfeited.
|
|win|serving up heat
|raw|serving up heat's rating: 1698 &rarr; <strong>1717</strong><br />(+19 for winning)
|raw|WeR#4Hay!'s rating: 1673 &rarr; <strong>1654</strong><br />(-19 for losing)
|l|☆serving up heat
|player|p1|
