|j|☆malpicatepica
|j|☆AKO301
|t:|1758278278
|gametype|singles
|player|p1|malpicatepica|101|1408
|player|p2|AKO301|hugh|1452
|gen|9
|tier|[Gen 9] OU
|rated|
|rule|HP Percentage Mod: HP is shown in percentages
|rule|Endless Battle Clause: Forcing endless battles is banned
|rule|Species Clause: Limit one of each Pokémon
|rule|OHKO Clause: OHKO moves are banned
|rule|Evasion Items Clause: Evasion items are banned
|rule|Evasion Moves Clause: Evasion moves are banned
|rule|Evasion Abilities Clause: Evasion abilities are banned
|rule|Sleep Moves Clause: Sleep-inducing moves are banned
|clearpoke
|poke|p1|Great Tusk|
|poke|p1|Muk-Alola, M|
|poke|p1|Clefable, F|
|poke|p1|Kyurem|
|poke|p1|Landorus-Therian, M|
|poke|p1|Slowking-Galar, F|
|poke|p2|Ninetales, M|
|poke|p2|Ceruledge, F|
|poke|p2|Walking Wake|
|poke|p2|Venusaur, M|
|poke|p2|Kingambit, F|
|poke|p2|Great Tusk|
|teampreview
|inactive|Battle timer is ON: inactive players will automatically lose when time's up. (requested by AKO301)
|
|t:|1758278284
|teamsize|p1|6
|teamsize|p2|6
|start
|switch|p1a: Slowking|Slowking-Galar, F|100/100
|switch|p2a: Walking Wake|Walking Wake|100/100
|turn|1
|
|t:|1758278287
|move|p2a: Walking Wake|Flip Turn|p1a: Slowking
|-damage|p1a: Slowking|83/100
|
|t:|1758278289
|-end|p2a: Walking Wake|Protosynthesis|[silent]
|switch|p2a: Great Tusk|Great Tusk|100/100|[from] Flip Turn
|move|p1a: Slowking|Thunder Wave|p2a: Great Tusk
|-immune|p2a: Great Tusk
|
|upkeep
|turn|2
|
|t:|1758278293
|switch|p1a: Landorus|Landorus-Therian, M|100/100
|-ability|p1a: Landorus|Intimidate|boost
|-unboost|p2a: Great Tusk|atk|1
|move|p2a: Great Tusk|Ice Spinner|p1a: Landorus
|-supereffective|p1a: Landorus
|-damage|p1a: Landorus|28/100
|-damage|p2a: Great Tusk|84/100|[from] item: Rocky Helmet|[of] p1a: Landorus
|
|upkeep
|turn|3
|
|t:|1758278301
|move|p1a: Landorus|U-turn|p2a: Great Tusk
|-resisted|p2a: Great Tusk
|-damage|p2a: Great Tusk|76/100
|
|t:|1758278303
|switch|p1a: Clefable|Clefable, F|100/100|[from] U-turn
|move|p2a: Great Tusk|Ice Spinner|p1a: Clefable
|-damage|p1a: Clefable|75/100
|
|upkeep
|turn|4
|
|t:|1758278306
|-end|p2a: Great Tusk|Protosynthesis|[silent]
|switch|p2a: Ninetales|Ninetales, M|100/100
|-weather|SunnyDay|[from] ability: Drought|[of] p2a: Ninetales
|move|p1a: Clefable|Trick|p2a: Ninetales
|-activate|p1a: Clefable|move: Trick|[of] p2a: Ninetales
|-item|p2a: Ninetales|Choice Scarf|[from] move: Trick
|-item|p1a: Clefable|Heat Rock|[from] move: Trick
|
|-weather|SunnyDay|[upkeep]
|upkeep
|turn|5
|
|t:|1758278310
|switch|p1a: Slowking|Slowking-Galar, F|100/100
|move|p2a: Ninetales|Overheat|p1a: Slowking
|-damage|p1a: Slowking|59/100
|-unboost|p2a: Ninetales|spa|2
|
|-weather|SunnyDay|[upkeep]
|upkeep
|turn|6
|
|t:|1758278314
|switch|p2a: Walking Wake|Walking Wake|100/100
|-activate|p2a: Walking Wake|ability: Protosynthesis
|-start|p2a: Walking Wake|protosynthesisspe
|-prepare|p1a: Slowking|Chilly Reception|[premajor]
|move|p1a: Slowking|Chilly Reception|p1a: Slowking
|-weather|Snowscape
|-end|p2a: Walking Wake|Protosynthesis
|
|t:|1758278317
|switch|p1a: Muk|Muk-Alola, M|100/100|[from] Chilly Reception
|
|-weather|Snowscape|[upkeep]
|upkeep
|turn|7
|
|t:|1758278323
|move|p2a: Walking Wake|Flip Turn|p1a: Muk
|-damage|p1a: Muk|83/100
|
|t:|1758278324
|-end|p2a: Walking Wake|Protosynthesis|[silent]
|switch|p2a: Ninetales|Ninetales, M|100/100|[from] Flip Turn
|-weather|SunnyDay|[from] ability: Drought|[of] p2a: Ninetales
|move|p1a: Muk|Poison Jab|p2a: Ninetales
|-damage|p2a: Ninetales|51/100
|
|-weather|SunnyDay|[upkeep]
|upkeep
|turn|8
|
|t:|1758278331
|switch|p1a: Slowking|Slowking-Galar, F|92/100
|move|p2a: Ninetales|Encore||[still]
|-fail|p2a: Ninetales
|
|-weather|SunnyDay|[upkeep]
|upkeep
|turn|9
|
|t:|1758278336
|switch|p2a: Walking Wake|Walking Wake|100/100
|-activate|p2a: Walking Wake|ability: Protosynthesis
|-start|p2a: Walking Wake|protosynthesisspe
|-prepare|p1a: Slowking|Chilly Reception|[premajor]
|move|p1a: Slowking|Chilly Reception|p1a: Slowking
|-weather|Snowscape
|-end|p2a: Walking Wake|Protosynthesis
|
|t:|1758278340
|switch|p1a: Muk|Muk-Alola, M|83/100|[from] Chilly Reception
|
|-weather|Snowscape|[upkeep]
|upkeep
|turn|10
|
|t:|1758278342
|move|p2a: Walking Wake|Flip Turn|p1a: Muk
|-damage|p1a: Muk|65/100
|
|t:|1758278345
|-end|p2a: Walking Wake|Protosynthesis|[silent]
|switch|p2a: Ninetales|Ninetales, M|51/100|[from] Flip Turn
|-weather|SunnyDay|[from] ability: Drought|[of] p2a: Ninetales
|move|p1a: Muk|Poison Jab|p2a: Ninetales
|-damage|p2a: Ninetales|3/100
|-status|p2a: Ninetales|psn
|
|-weather|SunnyDay|[upkeep]
|-damage|p2a: Ninetales|0 fnt|[from] psn
|faint|p2a: Ninetales
|upkeep
|
|t:|1758278349
|switch|p2a: Ceruledge|Ceruledge, F|100/100
|turn|11
|
|t:|1758278360
|switch|p1a: Landorus|Landorus-Therian, M|28/100
|-ability|p1a: Landorus|Intimidate|boost
|-unboost|p2a: Ceruledge|atk|1
|move|p2a: Ceruledge|Bitter Blade|p1a: Landorus
|-damage|p1a: Landorus|0 fnt
|-damage|p2a: Ceruledge|84/100|[from] item: Rocky Helmet|[of] p1a: Landorus
|faint|p1a: Landorus
|
|-weather|SunnyDay|[upkeep]
|upkeep
|
|t:|1758278367
|switch|p1a: Great Tusk|Great Tusk|100/100
|-activate|p1a: Great Tusk|ability: Protosynthesis
|-start|p1a: Great Tusk|protosynthesisspe
|turn|12
|
|t:|1758278375
|switch|p2a: Venusaur|Venusaur, M|100/100
|move|p1a: Great Tusk|Knock Off|p2a: Venusaur
|-damage|p2a: Venusaur|64/100
|-enditem|p2a: Venusaur|Life Orb|[from] move: Knock Off|[of] p1a: Great Tusk
|
|-weather|SunnyDay|[upkeep]
|upkeep
|turn|13
|
|t:|1758278379
|-end|p1a: Great Tusk|Protosynthesis|[silent]
|switch|p1a: Muk|Muk-Alola, M|65/100
|move|p2a: Venusaur|Giga Drain|p1a: Muk
|-resisted|p1a: Muk
|-damage|p1a: Muk|58/100
|-heal|p2a: Venusaur|69/100|[from] drain|[of] p1a: Muk
|
|-weather|SunnyDay|[upkeep]
|upkeep
|turn|14
|
|t:|1758278384
|-terastallize|p2a: Venusaur|Fire
|move|p2a: Venusaur|Weather Ball|p1a: Muk
|-damage|p1a: Muk|29/100
|move|p1a: Muk|Poison Jab|p2a: Venusaur
|-damage|p2a: Venusaur|26/100
|-status|p2a: Venusaur|psn
|
|-weather|none
|-damage|p2a: Venusaur|14/100 psn|[from] psn
|upkeep
|turn|15
|
|t:|1758278390
|switch|p1a: Slowking|Slowking-Galar, F|100/100
|move|p2a: Venusaur|Weather Ball|p1a: Slowking
|-damage|p1a: Slowking|93/100
|
|-damage|p2a: Venusaur|1/100 psn|[from] psn
|upkeep
|turn|16
|
|t:|1758278393
|move|p2a: Venusaur|Giga Drain|p1a: Slowking
|-resisted|p1a: Slowking
|-damage|p1a: Slowking|83/100
|-heal|p2a: Venusaur|7/100 psn|[from] drain|[of] p1a: Slowking
|-prepare|p1a: Slowking|Chilly Reception|[premajor]
|move|p1a: Slowking|Chilly Reception|p1a: Slowking
|-weather|Snowscape
|
|t:|1758278396
|switch|p1a: Kyurem|Kyurem|100/100|[from] Chilly Reception
|-ability|p1a: Kyurem|Pressure
|
|-weather|Snowscape|[upkeep]
|-damage|p2a: Venusaur|0 fnt|[from] psn
|faint|p2a: Venusaur
|upkeep
|
|t:|1758278402
|switch|p2a: Walking Wake|Walking Wake|100/100
|turn|17
|
|t:|1758278408
|switch|p1a: Clefable|Clefable, F|75/100
|move|p2a: Walking Wake|Draco Meteor|p1a: Clefable
|-immune|p1a: Clefable
|
|-weather|Snowscape|[upkeep]
|upkeep
|turn|18
|
|t:|1758278415
|move|p2a: Walking Wake|Weather Ball|p1a: Clefable
|-damage|p1a: Clefable|33/100
|move|p1a: Clefable|Trick|p2a: Walking Wake
|-activate|p1a: Clefable|move: Trick|[of] p2a: Walking Wake
|-item|p2a: Walking Wake|Heat Rock|[from] move: Trick
|-item|p1a: Clefable|Wise Glasses|[from] move: Trick
|
|-weather|Snowscape|[upkeep]
|upkeep
|turn|19
|
|t:|1758278423
|switch|p1a: Slowking|Slowking-Galar, F|100/100
|move|p2a: Walking Wake|Hydro Steam|p1a: Slowking
|-damage|p1a: Slowking|78/100
|
|-weather|Snowscape|[upkeep]
|upkeep
|turn|20
|
|t:|1758278426
|move|p2a: Walking Wake|Flip Turn|p1a: Slowking
|-crit|p1a: Slowking
|-damage|p1a: Slowking|54/100
|
|t:|1758278431
|-end|p2a: Walking Wake|Protosynthesis|[silent]
|switch|p2a: Great Tusk|Great Tusk|76/100|[from] Flip Turn
|move|p1a: Slowking|Thunder Wave|p2a: Great Tusk
|-immune|p2a: Great Tusk
|
|-weather|none
|upkeep
|turn|21
|
|t:|1758278435
|switch|p1a: Clefable|Clefable, F|33/100
|move|p2a: Great Tusk|Headlong Rush|p1a: Clefable
|-crit|p1a: Clefable
|-damage|p1a: Clefable|0 fnt
|-unboost|p2a: Great Tusk|def|1
|-unboost|p2a: Great Tusk|spd|1
|faint|p1a: Clefable
|
|upkeep
|
|t:|1758278436
|switch|p1a: Kyurem|Kyurem|100/100
|-ability|p1a: Kyurem|Pressure
|turn|22
|
|t:|1758278440
|-end|p2a: Great Tusk|Protosynthesis|[silent]
|switch|p2a: Ceruledge|Ceruledge, F|84/100
|move|p1a: Kyurem|Freeze-Dry|p2a: Ceruledge
|-resisted|p2a: Ceruledge
|-damage|p2a: Ceruledge|63/100
|
|upkeep
|turn|23
|
|t:|1758278445
|move|p1a: Kyurem|Earth Power|p2a: Ceruledge
|-supereffective|p2a: Ceruledge
|-damage|p2a: Ceruledge|0 fnt
|faint|p2a: Ceruledge
|
|upkeep
|
|t:|1758278451
|switch|p2a: Kingambit|Kingambit, F|100/100
|-activate|p2a: Kingambit|ability: Supreme Overlord
|-start|p2a: Kingambit|fallen3|[silent]
|-item|p2a: Kingambit|Air Balloon
|turn|24
|
|t:|1758278461
|switch|p1a: Great Tusk|Great Tusk|100/100
|move|p2a: Kingambit|Low Kick|p1a: Great Tusk
|-damage|p1a: Great Tusk|59/100
|
|upkeep
|turn|25
|
|t:|1758278467
|-end|p2a: Kingambit|fallen3|[silent]
|switch|p2a: Walking Wake|Walking Wake|100/100
|move|p1a: Great Tusk|Knock Off|p2a: Walking Wake
|-damage|p2a: Walking Wake|67/100
|-enditem|p2a: Walking Wake|Heat Rock|[from] move: Knock Off|[of] p1a: Great Tusk
|
|upkeep
|turn|26
|
|t:|1758278470
|-end|p1a: Great Tusk|Protosynthesis|[silent]
|switch|p1a: Slowking|Slowking-Galar, F|87/100
|move|p2a: Walking Wake|Flip Turn|p1a: Slowking
|-damage|p1a: Slowking|69/100
|
|t:|1758278472
|-end|p2a: Walking Wake|Protosynthesis|[silent]
|switch|p2a: Great Tusk|Great Tusk|76/100|[from] Flip Turn
|
|upkeep
|turn|27
|
|t:|1758278476
|switch|p1a: Great Tusk|Great Tusk|59/100
|move|p2a: Great Tusk|Rapid Spin|p1a: Great Tusk
|-crit|p1a: Great Tusk
|-damage|p1a: Great Tusk|38/100
|-boost|p2a: Great Tusk|spe|1
|
|upkeep
|turn|28
|
|t:|1758278489
|move|p2a: Great Tusk|Ice Spinner|p1a: Great Tusk
|-supereffective|p1a: Great Tusk
|-damage|p1a: Great Tusk|0 fnt
|faint|p1a: Great Tusk
|-end|p1a: Great Tusk|Protosynthesis|[silent]
|
|upkeep
|
|t:|1758278491
|switch|p1a: Kyurem|Kyurem|100/100
|-ability|p1a: Kyurem|Pressure
|turn|29
|
|t:|1758278493
|move|p2a: Great Tusk|Close Combat|p1a: Kyurem
|-supereffective|p1a: Kyurem
|-damage|p1a: Kyurem|0 fnt
|-unboost|p2a: Great Tusk|def|1
|-unboost|p2a: Great Tusk|spd|1
|faint|p1a: Kyurem
|
|upkeep
|-message|malpicatepica forfeited.
|
|win|AKO301
|raw|malpicatepica's rating: 1408 &rarr; <strong>1391</strong><br />(-17 for losing)
|raw|AKO301's rating: 1452 &rarr; <strong>1469</strong><br />(+17 for winning)
|l|☆malpicatepica
|player|p1|
|l|☆AKO301
|player|p2|
