|j|☆L7mineon
|j|☆sonic superstars
|t:|1758291721
|gametype|singles
|player|p1|L7mineon|swimmerf-gen4dp|1507
|player|p2|sonic superstars|acetrainer-gen4|1648
|gen|9
|tier|[Gen 9] OU
|rated|
|rule|HP Percentage Mod: HP is shown in percentages
|rule|Endless Battle Clause: Forcing endless battles is banned
|rule|Species Clause: Limit one of each Pokémon
|rule|OHKO Clause: OHKO moves are banned
|rule|Evasion Items Clause: Evasion items are banned
|rule|Evasion Moves Clause: Evasion moves are banned
|rule|Evasion Abilities Clause: Evasion abilities are banned
|rule|Sleep Moves Clause: Sleep-inducing moves are banned
|clearpoke
|poke|p1|Kyurem|
|poke|p1|Moltres|
|poke|p1|Clodsire, F|
|poke|p1|Bronzong|
|poke|p1|Slowking-Galar, F|
|poke|p1|Slither Wing|
|poke|p2|Crabominable, F|
|poke|p2|Slowking-Galar, M|
|poke|p2|Hoopa-Unbound|
|poke|p2|Ursaluna, F|
|poke|p2|Hatterene, F|
|poke|p2|Kingambit, F|
|teampreview
|inactive|Battle timer is ON: inactive players will automatically lose when time's up. (requested by sonic superstars)
|j| FaronAan
|
|t:|1758291751
|teamsize|p1|6
|teamsize|p2|6
|start
|switch|p1a: Slither Wing|Slither Wing|100/100
|switch|p2a: Hatterene|Hatterene, F|100/100
|turn|1
|
|t:|1758291757
|switch|p2a: Slowking|Slowking-Galar, M|100/100
|move|p1a: Slither Wing|U-turn|p2a: Slowking
|-damage|p2a: Slowking|76/100
|j| LT124YH Ghoul
|
|t:|1758291775
|-end|p1a: Slither Wing|Protosynthesis|[silent]
|switch|p1a: Clodsire|Clodsire, F|100/100|[from] U-turn
|
|upkeep
|turn|2
|
|t:|1758291780
|switch|p2a: Hatterene|Hatterene, F|100/100
|move|p1a: Clodsire|Toxic Spikes|p2a: Hatterene
|move|p2a: Hatterene|Toxic Spikes|p1a: Clodsire|[from] ability: Magic Bounce
|-sidestart|p1: L7mineon|move: Toxic Spikes
|
|upkeep
|turn|3
|
|t:|1758291783
|move|p1a: Clodsire|Poison Jab|p2a: Hatterene
|-supereffective|p2a: Hatterene
|-damage|p2a: Hatterene|62/100
|move|p2a: Hatterene|Trick Room|p2a: Hatterene
|-fieldstart|move: Trick Room|[of] p2a: Hatterene
|
|upkeep
|turn|4
|l| LT124YH Ghoul
|
|t:|1758291804
|switch|p2a: Ursaluna|Ursaluna, F|100/100
|move|p1a: Clodsire|Toxic Spikes|p2a: Ursaluna
|-sidestart|p2: sonic superstars|move: Toxic Spikes
|
|-status|p2a: Ursaluna|brn|[from] item: Flame Orb
|upkeep
|turn|5
|j| LT124YH Ghoul
|
|t:|1758291815
|switch|p1a: Bronzong|Bronzong|100/100
|move|p2a: Ursaluna|Swords Dance|p2a: Ursaluna
|-boost|p2a: Ursaluna|atk|2
|
|-damage|p2a: Ursaluna|94/100 brn|[from] brn
|upkeep
|turn|6
|c| LT124YH Ghoul|Reveal crunch
|
|t:|1758291826
|move|p2a: Ursaluna|Fire Punch|p1a: Bronzong
|-supereffective|p1a: Bronzong
|-damage|p1a: Bronzong|0 fnt
|-damage|p2a: Ursaluna|78/100 brn|[from] item: Rocky Helmet|[of] p1a: Bronzong
|faint|p1a: Bronzong
|
|-damage|p2a: Ursaluna|71/100 brn|[from] brn
|upkeep
|c| LT124YH Ghoul|How you know it wasn’t heatproof
|
|t:|1758291838
|switch|p1a: Slowking|Slowking-Galar, F|100/100
|-sideend|p1: L7mineon|move: Toxic Spikes|[of] p1a: Slowking
|turn|7
|
|t:|1758291856
|move|p2a: Ursaluna|Facade|p1a: Slowking
|-damage|p1a: Slowking|0 fnt
|faint|p1a: Slowking
|
|-damage|p2a: Ursaluna|65/100 brn|[from] brn
|-fieldend|move: Trick Room
|upkeep
|l| LT124YH Ghoul
|inactive|L7mineon has 120 seconds left.
|
|t:|1758291880
|switch|p1a: Slither Wing|Slither Wing|100/100
|turn|8
|
|t:|1758291885
|switch|p2a: Slowking|Slowking-Galar, M|100/100
|-sideend|p2: sonic superstars|move: Toxic Spikes|[of] p2a: Slowking
|move|p1a: Slither Wing|U-turn|p2a: Slowking
|-damage|p2a: Slowking|78/100
|inactive|L7mineon has 120 seconds left.
|
|t:|1758291898
|-end|p1a: Slither Wing|Protosynthesis|[silent]
|switch|p1a: Kyurem|Kyurem|100/100|[from] U-turn
|-ability|p1a: Kyurem|Pressure
|
|upkeep
|turn|9
|inactive|L7mineon has 120 seconds left.
|
|t:|1758291910
|switch|p2a: Hoopa|Hoopa-Unbound|100/100
|move|p1a: Kyurem|Substitute|p1a: Kyurem
|-start|p1a: Kyurem|Substitute
|-damage|p1a: Kyurem|76/100
|
|upkeep
|turn|10
|j| LT124YH Ghoul
|
|t:|1758291924
|move|p1a: Kyurem|Scale Shot|p2a: Hoopa|[miss]
|-miss|p1a: Kyurem|p2a: Hoopa
|move|p2a: Hoopa|Trick Room|p2a: Hoopa
|-fieldstart|move: Trick Room|[of] p2a: Hoopa
|
|upkeep
|turn|11
|
|t:|1758291930
|move|p2a: Hoopa|Psychic Noise|p1a: Kyurem
|-damage|p1a: Kyurem|37/100
|-start|p1a: Kyurem|move: Heal Block
|move|p1a: Kyurem|Scale Shot|p2a: Hoopa|[miss]
|-miss|p1a: Kyurem|p2a: Hoopa
|
|upkeep
|turn|12
|-message|L7mineon forfeited.
|
|win|sonic superstars
|raw|L7mineon's rating: 1507 &rarr; <strong>1495</strong><br />(-12 for losing)
|raw|sonic superstars's rating: 1648 &rarr; <strong>1660</strong><br />(+12 for winning)
|c|☆sonic superstars|farm
|l|☆L7mineon
|player|p1|
|l|☆sonic superstars
|player|p2|
|c| LT124YH Ghoul|L bozo
|l| LT124YH Ghoul
|l| FaronAan
