|j|☆frog34
|j|☆huida
|t:|1758262961
|gametype|singles
|player|p1|frog34|waiter-gen4dp|1566
|player|p2|huida|2|1529
|gen|9
|tier|[Gen 9] OU
|rated|
|rule|HP Percentage Mod: HP is shown in percentages
|rule|Endless Battle Clause: Forcing endless battles is banned
|rule|Species Clause: Limit one of each Pokémon
|rule|OHKO Clause: OHKO moves are banned
|rule|Evasion Items Clause: Evasion items are banned
|rule|Evasion Moves Clause: Evasion moves are banned
|rule|Evasion Abilities Clause: Evasion abilities are banned
|rule|Sleep Moves Clause: Sleep-inducing moves are banned
|clearpoke
|poke|p1|Moltres-Galar|
|poke|p1|Raging Bolt|
|poke|p1|Alomomola, F|
|poke|p1|Gholdengo|
|poke|p1|Hatterene, F|
|poke|p1|Landorus-Therian, M|
|poke|p2|Darkrai|
|poke|p2|Slowking-Galar, M|
|poke|p2|Gliscor, M|
|poke|p2|Dragapult, M|
|poke|p2|Ogerpon-Wellspring, F|
|poke|p2|Cinderace, F|
|teampreview
|inactive|Battle timer is ON: inactive players will automatically lose when time's up. (requested by huida)
|
|t:|1758262974
|teamsize|p1|6
|teamsize|p2|6
|start
|switch|p1a: Hatterene|Hatterene, F|100/100
|switch|p2a: Dragapult|Dragapult, M|100/100
|turn|1
|
|t:|1758262981
|move|p2a: Dragapult|U-turn|p1a: Hatterene
|-damage|p1a: Hatterene|81/100
|
|t:|1758262988
|switch|p2a: Gliscor|Gliscor, M|100/100|[from] U-turn
|move|p1a: Hatterene|Draining Kiss|p2a: Gliscor
|-damage|p2a: Gliscor|66/100
|-heal|p1a: Hatterene|100/100|[from] drain|[of] p2a: Gliscor
|
|-status|p2a: Gliscor|tox|[from] item: Toxic Orb
|upkeep
|turn|2
|
|t:|1758263003
|move|p2a: Gliscor|Knock Off|p1a: Hatterene
|-damage|p1a: Hatterene|75/100
|-enditem|p1a: Hatterene|Assault Vest|[from] move: Knock Off|[of] p2a: Gliscor
|move|p1a: Hatterene|Psychic Noise|p2a: Gliscor
|-crit|p2a: Gliscor
|-damage|p2a: Gliscor|0 fnt
|faint|p2a: Gliscor
|
|upkeep
|
|t:|1758263012
|switch|p2a: Darkrai|Darkrai|100/100
|turn|3
|
|t:|1758263019
|switch|p1a: Moltres|Moltres-Galar|100/100
|-terastallize|p2a: Darkrai|Poison
|move|p2a: Darkrai|Nasty Plot|p2a: Darkrai
|-boost|p2a: Darkrai|spa|2
|
|upkeep
|turn|4
|
|t:|1758263028
|move|p2a: Darkrai|Ice Beam|p1a: Moltres
|-supereffective|p1a: Moltres
|-damage|p1a: Moltres|5/100
|-ability|p1a: Moltres|Berserk|boost
|-boost|p1a: Moltres|spa|1
|move|p1a: Moltres|Fiery Wrath|p2a: Darkrai
|-damage|p2a: Darkrai|28/100
|
|-heal|p1a: Moltres|11/100|[from] item: Leftovers
|upkeep
|turn|5
|
|t:|1758263041
|move|p2a: Darkrai|Dark Pulse|p1a: Moltres
|-resisted|p1a: Moltres
|-damage|p1a: Moltres|0 fnt
|faint|p1a: Moltres
|
|upkeep
|
|t:|1758263044
|switch|p1a: Raging Bolt|Raging Bolt|100/100
|-enditem|p1a: Raging Bolt|Booster Energy
|-activate|p1a: Raging Bolt|ability: Protosynthesis|[fromitem]
|-start|p1a: Raging Bolt|protosynthesisspa
|turn|6
|
|t:|1758263051
|move|p1a: Raging Bolt|Thunderclap||[still]
|-fail|p1a: Raging Bolt
|move|p2a: Darkrai|Will-O-Wisp|p1a: Raging Bolt
|-status|p1a: Raging Bolt|brn
|
|-damage|p1a: Raging Bolt|94/100 brn|[from] brn
|upkeep
|turn|7
|l|☆huida
|inactive|huida disconnected and has a minute to reconnect!
|player|p2|
|inactive|huida has 30 seconds to reconnect!
|inactive|huida has 20 seconds to reconnect!
|inactive|huida has 15 seconds to reconnect!
|inactive|huida has 10 seconds to reconnect!
|inactive|huida has 5 seconds to reconnect!
|-message|huida lost due to inactivity.
|
|win|frog34
|raw|frog34's rating: 1566 &rarr; <strong>1584</strong><br />(+18 for winning)
|raw|huida's rating: 1529 &rarr; <strong>1511</strong><br />(-18 for losing)
|l|☆frog34
|player|p1|
|j|☆huida
|player|p2|huida|2|
|l|☆huida
|player|p2|
