|j|☆swumpy mumpus
|j|☆lolcano46
|t:|1758323875
|gametype|singles
|player|p1|swumpy mumpus|266|1573
|player|p2|lolcano46|fisherman-gen4|1515
|gen|9
|tier|[Gen 9] OU
|rated|
|rule|HP Percentage Mod: HP is shown in percentages
|rule|Endless Battle Clause: Forcing endless battles is banned
|rule|Species Clause: Limit one of each Pokémon
|rule|OHKO Clause: OHKO moves are banned
|rule|Evasion Items Clause: Evasion items are banned
|rule|Evasion Moves Clause: Evasion moves are banned
|rule|Evasion Abilities Clause: Evasion abilities are banned
|rule|Sleep Moves Clause: Sleep-inducing moves are banned
|clearpoke
|poke|p1|Okidogi, M|
|poke|p1|Weezing-Galar, F|
|poke|p1|Ogerpon-Wellspring, F|
|poke|p1|Hatterene, F|
|poke|p1|Weavile, F|
|poke|p1|Hawlucha, F|
|poke|p2|Azelf|
|poke|p2|Ogerpon-Wellspring, F|
|poke|p2|Scizor, F|
|poke|p2|Gengar, M|
|poke|p2|Raging Bolt|
|poke|p2|Cinderace, M|
|teampreview
|inactive|Battle timer is ON: inactive players will automatically lose when time's up. (requested by lolcano46)
|
|t:|1758323889
|teamsize|p1|6
|teamsize|p2|6
|start
|switch|p1a: Weavile|Weavile, F|100/100
|switch|p2a: Cinderace|Cinderace, M|100/100
|-ability|p1a: Weavile|Pressure
|turn|1
|
|t:|1758323910
|move|p1a: Weavile|Knock Off|p2a: Cinderace
|-damage|p2a: Cinderace|0 fnt
|-enditem|p2a: Cinderace|Heavy-Duty Boots|[from] move: Knock Off|[of] p1a: Weavile
|faint|p2a: Cinderace
|
|upkeep
|
|t:|1758323916
|switch|p2a: Raging Bolt|Raging Bolt|100/100
|-enditem|p2a: Raging Bolt|Booster Energy
|-activate|p2a: Raging Bolt|ability: Protosynthesis|[fromitem]
|-start|p2a: Raging Bolt|protosynthesisspa
|turn|2
|
|t:|1758323926
|switch|p1a: Weezing|Weezing-Galar, F|100/100
|-fieldstart|move: Misty Terrain|[from] ability: Misty Surge|[of] p1a: Weezing
|move|p2a: Raging Bolt|Thunderbolt|p1a: Weezing
|-damage|p1a: Weezing|3/100
|
|upkeep
|turn|3
|
|t:|1758323933
|move|p2a: Raging Bolt|Thunderbolt|p1a: Weezing
|-damage|p1a: Weezing|0 fnt
|faint|p1a: Weezing
|
|upkeep
|
|t:|1758323938
|switch|p1a: Weavile|Weavile, F|100/100
|-ability|p1a: Weavile|Pressure
|turn|4
|
|t:|1758323942
|move|p2a: Raging Bolt|Thunderclap|p1a: Weavile
|-damage|p1a: Weavile|25/100
|move|p1a: Weavile|Triple Axel|p2a: Raging Bolt
|-supereffective|p2a: Raging Bolt
|-damage|p2a: Raging Bolt|72/100
|-supereffective|p2a: Raging Bolt
|-damage|p2a: Raging Bolt|17/100
|-supereffective|p2a: Raging Bolt
|-damage|p2a: Raging Bolt|0 fnt
|faint|p2a: Raging Bolt
|-end|p2a: Raging Bolt|Protosynthesis|[silent]
|-hitcount|p2: Raging Bolt|3
|
|upkeep
|
|t:|1758323949
|switch|p2a: Scizor|Scizor, F|100/100
|turn|5
|
|t:|1758323954
|move|p1a: Weavile|Triple Axel|p2a: Scizor
|-resisted|p2a: Scizor
|-damage|p2a: Scizor|93/100
|-resisted|p2a: Scizor
|-damage|p2a: Scizor|78/100
|-resisted|p2a: Scizor
|-damage|p2a: Scizor|55/100
|-hitcount|p2a: Scizor|3
|move|p2a: Scizor|Swords Dance|p2a: Scizor
|-boost|p2a: Scizor|atk|2
|
|upkeep
|turn|6
|
|t:|1758323958
|move|p2a: Scizor|Bullet Punch|p1a: Weavile
|-supereffective|p1a: Weavile
|-damage|p1a: Weavile|0 fnt
|faint|p1a: Weavile
|
|upkeep
|
|t:|1758323962
|switch|p1a: Ogerpon|Ogerpon-Wellspring, F|100/100
|turn|7
|
|t:|1758323967
|switch|p2a: Ogerpon|Ogerpon-Wellspring, F|100/100
|move|p1a: Ogerpon|Ivy Cudgel|p2a: Ogerpon|[anim] Ivy Cudgel Water
|-immune|p2a: Ogerpon|[from] ability: Water Absorb
|
|upkeep
|turn|8
|
|t:|1758323973
|move|p2a: Ogerpon|Swords Dance|p2a: Ogerpon
|-boost|p2a: Ogerpon|atk|2
|move|p1a: Ogerpon|U-turn|p2a: Ogerpon
|-supereffective|p2a: Ogerpon
|-damage|p2a: Ogerpon|28/100
|
|t:|1758323976
|switch|p1a: Hawlucha|Hawlucha, F|100/100|[from] U-turn
|-enditem|p1a: Hawlucha|Misty Seed
|-boost|p1a: Hawlucha|spd|1|[from] item: Misty Seed
|
|upkeep
|turn|9
|
|t:|1758323989
|move|p1a: Hawlucha|Acrobatics|p2a: Ogerpon
|-supereffective|p2a: Ogerpon
|-damage|p2a: Ogerpon|0 fnt
|faint|p2a: Ogerpon
|
|-fieldend|Misty Terrain
|upkeep
|
|t:|1758323992
|switch|p2a: Gengar|Gengar, M|100/100
|turn|10
|
|t:|1758323996
|move|p1a: Hawlucha|Acrobatics|p2a: Gengar
|-damage|p2a: Gengar|0 fnt
|-start|p1a: Hawlucha|Disable|Acrobatics|[from] ability: Cursed Body|[of] p2a: Gengar
|faint|p2a: Gengar
|
|upkeep
|
|t:|1758324000
|switch|p2a: Azelf|Azelf|100/100
|turn|11
|
|t:|1758324012
|move|p1a: Hawlucha|Swords Dance|p1a: Hawlucha
|-boost|p1a: Hawlucha|atk|2
|move|p2a: Azelf|Psychic|p1a: Hawlucha
|-supereffective|p1a: Hawlucha
|-damage|p1a: Hawlucha|0 fnt
|faint|p1a: Hawlucha
|
|upkeep
|
|t:|1758324020
|switch|p1a: Hatterene|Hatterene, F|100/100
|turn|12
|
|t:|1758324024
|move|p2a: Azelf|Flamethrower|p1a: Hatterene
|-damage|p1a: Hatterene|66/100
|move|p1a: Hatterene|Mystical Fire|p2a: Azelf
|-damage|p2a: Azelf|62/100
|-unboost|p2a: Azelf|spa|1
|
|-heal|p1a: Hatterene|72/100|[from] item: Leftovers
|upkeep
|turn|13
|
|t:|1758324031
|move|p2a: Azelf|Flamethrower|p1a: Hatterene
|-damage|p1a: Hatterene|52/100
|-status|p1a: Hatterene|brn
|move|p1a: Hatterene|Calm Mind|p1a: Hatterene
|-boost|p1a: Hatterene|spa|1
|-boost|p1a: Hatterene|spd|1
|
|-heal|p1a: Hatterene|58/100 brn|[from] item: Leftovers
|-damage|p1a: Hatterene|52/100 brn|[from] brn
|upkeep
|turn|14
|
|t:|1758324035
|switch|p2a: Scizor|Scizor, F|55/100
|move|p1a: Hatterene|Draining Kiss|p2a: Scizor
|-resisted|p2a: Scizor
|-damage|p2a: Scizor|34/100
|-heal|p1a: Hatterene|67/100 brn|[from] drain|[of] p2a: Scizor
|
|-heal|p1a: Hatterene|73/100 brn|[from] item: Leftovers
|-damage|p1a: Hatterene|67/100 brn|[from] brn
|upkeep
|turn|15
|
|t:|1758324049
|switch|p1a: Okidogi|Okidogi, M|100/100
|move|p2a: Scizor|Close Combat|p1a: Okidogi
|-resisted|p1a: Okidogi
|-damage|p1a: Okidogi|81/100
|-unboost|p2a: Scizor|def|1
|-unboost|p2a: Scizor|spd|1
|
|upkeep
|turn|16
|
|t:|1758324052
|move|p1a: Okidogi|Knock Off|p2a: Scizor
|-damage|p2a: Scizor|0 fnt
|-enditem|p2a: Scizor|Punching Glove|[from] move: Knock Off|[of] p1a: Okidogi
|faint|p2a: Scizor
|
|upkeep
|
|t:|1758324054
|switch|p2a: Azelf|Azelf|62/100
|turn|17
|
|t:|1758324058
|move|p2a: Azelf|Psychic|p1a: Okidogi
|-supereffective|p1a: Okidogi
|-damage|p1a: Okidogi|0 fnt
|faint|p1a: Okidogi
|
|upkeep
|
|t:|1758324059
|switch|p1a: Ogerpon|Ogerpon-Wellspring, F|100/100
|turn|18
|
|t:|1758324064
|-terastallize|p1a: Ogerpon|Water
|detailschange|p1a: Ogerpon|Ogerpon-Wellspring-Tera, F, tera:Water
|-ability|p1a: Ogerpon|Embody Aspect (Wellspring)|boost
|-boost|p1a: Ogerpon|spd|1
|move|p2a: Azelf|Psychic|p1a: Ogerpon
|-damage|p1a: Ogerpon|67/100
|move|p1a: Ogerpon|Ivy Cudgel|p2a: Azelf|[anim] Ivy Cudgel Water
|-damage|p2a: Azelf|0 fnt
|faint|p2a: Azelf
|
|win|swumpy mumpus
|raw|swumpy mumpus's rating: 1573 &rarr; <strong>1590</strong><br />(+17 for winning)
|raw|lolcano46's rating: 1515 &rarr; <strong>1498</strong><br />(-17 for losing)
|l|☆lolcano46
|player|p2|
|l|☆swumpy mumpus
|player|p1|
