|j|☆xail44
|j|☆tootymctoot
|t:|1758306488
|gametype|singles
|player|p1|xail44|102|1176
|player|p2|tootymctoot|cynthia-gen4|1235
|gen|9
|tier|[Gen 9] OU
|rated|
|rule|HP Percentage Mod: HP is shown in percentages
|rule|Endless Battle Clause: Forcing endless battles is banned
|rule|Species Clause: Limit one of each Pokémon
|rule|OHKO Clause: OHKO moves are banned
|rule|Evasion Items Clause: Evasion items are banned
|rule|Evasion Moves Clause: Evasion moves are banned
|rule|Evasion Abilities Clause: Evasion abilities are banned
|rule|Sleep Moves Clause: Sleep-inducing moves are banned
|clearpoke
|poke|p1|Hatterene, F|
|poke|p1|Honchkrow, F|
|poke|p1|Terrakion|
|poke|p1|Alomomola, F|
|poke|p1|Metagross|
|poke|p1|Salazzle, F|
|poke|p2|Kingambit, F|
|poke|p2|Cinderace, F|
|poke|p2|Ribombee, F|
|poke|p2|Hatterene, F|
|poke|p2|Ursaluna, F|
|poke|p2|Iron Hands|
|teampreview
|inactive|Battle timer is ON: inactive players will automatically lose when time's up. (requested by tootymctoot)
|inactive|xail44 also wants the timer to be on.
|inactive|tootymctoot has 120 seconds left.
|
|t:|1758306546
|teamsize|p1|6
|teamsize|p2|6
|start
|switch|p1a: Terrakion|Terrakion|100/100
|switch|p2a: Ribombee|Ribombee, F|100/100
|turn|1
|
|t:|1758306553
|move|p2a: Ribombee|Sticky Web|p1a: Terrakion
|-sidestart|p1: xail44|move: Sticky Web
|move|p1a: Terrakion|Stealth Rock|p2a: Ribombee
|-sidestart|p2: tootymctoot|move: Stealth Rock
|
|upkeep
|turn|2
|
|t:|1758306557
|move|p2a: Ribombee|Stun Spore|p1a: Terrakion|[miss]
|-miss|p2a: Ribombee|p1a: Terrakion
|move|p1a: Terrakion|Iron Head|p2a: Ribombee
|-supereffective|p2a: Ribombee
|-damage|p2a: Ribombee|11/100
|
|upkeep
|turn|3
|
|t:|1758306560
|move|p2a: Ribombee|U-turn|p1a: Terrakion
|-resisted|p1a: Terrakion
|-damage|p1a: Terrakion|93/100
|
|t:|1758306562
|switch|p2a: Cinderace|Cinderace, F|100/100|[from] U-turn
|move|p1a: Terrakion|Iron Head|p2a: Cinderace
|-resisted|p2a: Cinderace
|-damage|p2a: Cinderace|85/100
|
|-heal|p1a: Terrakion|99/100|[from] item: Leftovers
|upkeep
|turn|4
|
|t:|1758306570
|-terastallize|p1a: Terrakion|Ghost
|move|p2a: Cinderace|Court Change|p2a: Cinderace
|-start|p2a: Cinderace|typechange|Normal|[from] ability: Libero
|-swapsideconditions
|-activate|p2a: Cinderace|move: Court Change
|move|p1a: Terrakion|Stone Edge|p2a: Cinderace
|-damage|p2a: Cinderace|24/100
|
|-heal|p1a: Terrakion|100/100|[from] item: Leftovers
|upkeep
|turn|5
|
|t:|1758306582
|move|p2a: Cinderace|Will-O-Wisp|p1a: Terrakion
|-status|p1a: Terrakion|brn
|move|p1a: Terrakion|Iron Head|p2a: Cinderace
|-damage|p2a: Cinderace|7/100
|
|-damage|p1a: Terrakion|94/100 brn|[from] brn
|upkeep
|turn|6
|
|t:|1758306595
|move|p2a: Cinderace|U-turn|p1a: Terrakion
|-resisted|p1a: Terrakion
|-damage|p1a: Terrakion|84/100 brn
|
|t:|1758306598
|switch|p2a: Kingambit|Kingambit, F|100/100|[from] U-turn
|-activate|p2a: Kingambit|move: Sticky Web
|-unboost|p2a: Kingambit|spe|1
|-ability|p2a: Kingambit|Defiant|boost
|-boost|p2a: Kingambit|atk|2
|move|p1a: Terrakion|Stealth Rock|p2a: Kingambit
|-sidestart|p2: tootymctoot|move: Stealth Rock
|
|-heal|p1a: Terrakion|90/100 brn|[from] item: Leftovers
|-damage|p1a: Terrakion|84/100 brn|[from] brn
|upkeep
|turn|7
|
|t:|1758306601
|move|p1a: Terrakion|Close Combat|p2a: Kingambit
|-supereffective|p2a: Kingambit
|-damage|p2a: Kingambit|10/100
|-unboost|p1a: Terrakion|def|1
|-unboost|p1a: Terrakion|spd|1
|move|p2a: Kingambit|Substitute|p2a: Kingambit
|-fail|p2a: Kingambit|move: Substitute|[weak]
|
|-heal|p1a: Terrakion|90/100 brn|[from] item: Leftovers
|-heal|p2a: Kingambit|16/100|[from] item: Leftovers
|-damage|p1a: Terrakion|84/100 brn|[from] brn
|upkeep
|turn|8
|-message|tootymctoot forfeited.
|
|win|xail44
|raw|xail44's rating: 1176 &rarr; <strong>1205</strong><br />(+29 for winning)
|raw|tootymctoot's rating: 1235 &rarr; <strong>1206</strong><br />(-29 for losing)
|l|☆tootymctoot
|player|p2|
|l|☆xail44
|player|p1|
