|j|☆victini092
|j|☆yanyee
|t:|1758287561
|gametype|singles
|player|p1|victini092|dawn|1308
|player|p2|yanyee|janine|1254
|gen|9
|tier|[Gen 9] OU
|rated|
|rule|HP Percentage Mod: HP is shown in percentages
|rule|Endless Battle Clause: Forcing endless battles is banned
|rule|Species Clause: Limit one of each Pokémon
|rule|OHKO Clause: OHKO moves are banned
|rule|Evasion Items Clause: Evasion items are banned
|rule|Evasion Moves Clause: Evasion moves are banned
|rule|Evasion Abilities Clause: Evasion abilities are banned
|rule|Sleep Moves Clause: Sleep-inducing moves are banned
|clearpoke
|poke|p1|Scizor, M|
|poke|p1|Raging Bolt|
|poke|p1|Rillaboom, F|
|poke|p1|Great Tusk|
|poke|p1|Walking Wake|
|poke|p1|Ninetales, F|
|poke|p2|Quagsire, F|
|poke|p2|Corviknight, F|
|poke|p2|Clodsire, M|
|poke|p2|Slowking, M|
|poke|p2|Noivern, F|
|poke|p2|Meowscarada, F|
|teampreview
|inactive|Battle timer is ON: inactive players will automatically lose when time's up. (requested by victini092)
|
|t:|1758287567
|teamsize|p1|6
|teamsize|p2|6
|start
|switch|p1a: Ninetales|Ninetales, F|100/100
|switch|p2a: Noivern|Noivern, F|100/100
|-item|p1a: Ninetales|Heat Rock|[from] ability: Frisk|[of] p2a: Noivern
|-weather|SunnyDay|[from] ability: Drought|[of] p1a: Ninetales
|turn|1
|
|t:|1758287590
|switch|p1a: Raging Bolt|Raging Bolt|100/100
|-activate|p1a: Raging Bolt|ability: Protosynthesis
|-start|p1a: Raging Bolt|protosynthesisspa
|-terastallize|p2a: Noivern|Normal
|move|p2a: Noivern|Boomburst|p1a: Raging Bolt
|-damage|p1a: Raging Bolt|21/100
|
|-weather|SunnyDay|[upkeep]
|upkeep
|turn|2
|
|t:|1758287601
|switch|p2a: Clodsire|Clodsire, M|100/100
|move|p1a: Raging Bolt|Thunderclap||[still]
|-fail|p1a: Raging Bolt
|
|-weather|SunnyDay|[upkeep]
|upkeep
|turn|3
|
|t:|1758287610
|-end|p1a: Raging Bolt|Protosynthesis|[silent]
|switch|p1a: Great Tusk|Great Tusk|100/100
|-activate|p1a: Great Tusk|ability: Protosynthesis
|-start|p1a: Great Tusk|protosynthesisatk
|move|p2a: Clodsire|Earthquake|p1a: Great Tusk
|-damage|p1a: Great Tusk|81/100
|
|-weather|SunnyDay|[upkeep]
|upkeep
|turn|4
|
|t:|1758287631
|switch|p2a: Corviknight|Corviknight, F|100/100
|move|p1a: Great Tusk|Stealth Rock|p2a: Corviknight
|-sidestart|p2: yanyee|move: Stealth Rock
|
|-weather|SunnyDay|[upkeep]
|upkeep
|turn|5
|
|t:|1758287641
|-end|p1a: Great Tusk|Protosynthesis|[silent]
|switch|p1a: Ninetales|Ninetales, F|100/100
|move|p2a: Corviknight|U-turn|p1a: Ninetales
|-resisted|p1a: Ninetales
|-damage|p1a: Ninetales|91/100
|
|t:|1758287646
|switch|p2a: Noivern|Noivern, F, tera:Normal|100/100|[from] U-turn
|-damage|p2a: Noivern|88/100|[from] Stealth Rock
|-item|p1a: Ninetales|Heat Rock|[from] ability: Frisk|[of] p2a: Noivern
|
|-weather|SunnyDay|[upkeep]
|upkeep
|turn|6
|
|t:|1758287654
|switch|p1a: Scizor|Scizor, M|100/100
|move|p2a: Noivern|Boomburst|p1a: Scizor
|-resisted|p1a: Scizor
|-damage|p1a: Scizor|48/100
|
|-weather|SunnyDay|[upkeep]
|upkeep
|turn|7
|
|t:|1758287665
|switch|p2a: Corviknight|Corviknight, F|100/100
|-damage|p2a: Corviknight|88/100|[from] Stealth Rock
|move|p1a: Scizor|Bullet Punch|p2a: Corviknight
|-resisted|p2a: Corviknight
|-damage|p2a: Corviknight|72/100
|-damage|p1a: Scizor|31/100|[from] item: Rocky Helmet|[of] p2a: Corviknight
|
|-weather|SunnyDay|[upkeep]
|upkeep
|turn|8
|
|t:|1758287678
|switch|p1a: Raging Bolt|Raging Bolt|21/100
|-activate|p1a: Raging Bolt|ability: Protosynthesis
|-start|p1a: Raging Bolt|protosynthesisspa
|move|p2a: Corviknight|U-turn|p1a: Raging Bolt
|-damage|p1a: Raging Bolt|7/100
|
|t:|1758287690
|switch|p2a: Clodsire|Clodsire, M|100/100|[from] U-turn
|-damage|p2a: Clodsire|94/100|[from] Stealth Rock
|
|-weather|none
|-end|p1a: Raging Bolt|Protosynthesis
|upkeep
|turn|9
|
|t:|1758287697
|move|p1a: Raging Bolt|Draco Meteor|p2a: Clodsire
|-damage|p2a: Clodsire|36/100
|-unboost|p1a: Raging Bolt|spa|2
|-enditem|p2a: Clodsire|Sitrus Berry|[eat]
|-heal|p2a: Clodsire|61/100|[from] item: Sitrus Berry
|-damage|p1a: Raging Bolt|0 fnt|[from] item: Life Orb
|faint|p1a: Raging Bolt
|-end|p1a: Raging Bolt|Protosynthesis|[silent]
|move|p2a: Clodsire|Earthquake|p1: Raging Bolt|[notarget]
|-fail|p2a: Clodsire
|
|upkeep
|
|t:|1758287714
|switch|p1a: Scizor|Scizor, M|31/100
|turn|10
|
|t:|1758287718
|switch|p2a: Corviknight|Corviknight, F|72/100
|-damage|p2a: Corviknight|60/100|[from] Stealth Rock
|move|p1a: Scizor|Knock Off|p2a: Corviknight
|-damage|p2a: Corviknight|29/100
|-damage|p1a: Scizor|15/100|[from] item: Rocky Helmet|[of] p2a: Corviknight
|-enditem|p2a: Corviknight|Rocky Helmet|[from] move: Knock Off|[of] p1a: Scizor
|
|upkeep
|turn|11
|
|t:|1758287733
|switch|p1a: Ninetales|Ninetales, F|91/100
|-weather|SunnyDay|[from] ability: Drought|[of] p1a: Ninetales
|move|p2a: Corviknight|Roost|p2a: Corviknight
|-heal|p2a: Corviknight|79/100
|-singleturn|p2a: Corviknight|move: Roost
|
|-weather|SunnyDay|[upkeep]
|upkeep
|turn|12
|
|t:|1758287745
|switch|p2a: Clodsire|Clodsire, M|61/100
|-damage|p2a: Clodsire|55/100|[from] Stealth Rock
|move|p1a: Ninetales|Will-O-Wisp|p2a: Clodsire
|-status|p2a: Clodsire|brn
|
|-weather|SunnyDay|[upkeep]
|-damage|p2a: Clodsire|49/100 brn|[from] brn
|upkeep
|turn|13
|
|t:|1758287756
|switch|p1a: Walking Wake|Walking Wake|100/100
|-activate|p1a: Walking Wake|ability: Protosynthesis
|-start|p1a: Walking Wake|protosynthesisspe
|move|p2a: Clodsire|Recover|p2a: Clodsire
|-heal|p2a: Clodsire|99/100 brn
|
|-weather|SunnyDay|[upkeep]
|-damage|p2a: Clodsire|93/100 brn|[from] brn
|upkeep
|turn|14
|
|t:|1758287770
|-end|p1a: Walking Wake|Protosynthesis|[silent]
|switch|p1a: Ninetales|Ninetales, F|91/100
|switch|p2a: Slowking|Slowking, M|100/100
|-damage|p2a: Slowking|88/100|[from] Stealth Rock
|
|-weather|SunnyDay|[upkeep]
|upkeep
|turn|15
|
|t:|1758287779
|move|p1a: Ninetales|Will-O-Wisp|p2a: Slowking
|-status|p2a: Slowking|brn
|-prepare|p2a: Slowking|Chilly Reception|[premajor]
|move|p2a: Slowking|Chilly Reception|p2a: Slowking
|-weather|Snowscape
|
|t:|1758287785
|switch|p2a: Noivern|Noivern, F, tera:Normal|88/100|[from] Chilly Reception
|-damage|p2a: Noivern|76/100|[from] Stealth Rock
|-item|p1a: Ninetales|Heat Rock|[from] ability: Frisk|[of] p2a: Noivern
|
|-weather|Snowscape|[upkeep]
|upkeep
|turn|16
|
|t:|1758287797
|switch|p1a: Scizor|Scizor, M|15/100
|move|p2a: Noivern|Boomburst|p1a: Scizor
|-resisted|p1a: Scizor
|-damage|p1a: Scizor|0 fnt
|faint|p1a: Scizor
|
|-weather|Snowscape|[upkeep]
|upkeep
|
|t:|1758287808
|switch|p1a: Rillaboom|Rillaboom, F|100/100
|-fieldstart|move: Grassy Terrain|[from] ability: Grassy Surge|[of] p1a: Rillaboom
|turn|17
|
|t:|1758287814
|switch|p2a: Corviknight|Corviknight, F|79/100
|-damage|p2a: Corviknight|66/100|[from] Stealth Rock
|move|p1a: Rillaboom|U-turn|p2a: Corviknight
|-resisted|p2a: Corviknight
|-damage|p2a: Corviknight|60/100
|
|t:|1758287824
|switch|p1a: Ninetales|Ninetales, F|91/100|[from] U-turn
|-weather|SunnyDay|[from] ability: Drought|[of] p1a: Ninetales
|
|-weather|SunnyDay|[upkeep]
|-heal|p1a: Ninetales|97/100|[from] Grassy Terrain
|upkeep
|turn|18
|
|t:|1758287835
|switch|p1a: Walking Wake|Walking Wake|100/100
|-activate|p1a: Walking Wake|ability: Protosynthesis
|-start|p1a: Walking Wake|protosynthesisspe
|switch|p2a: Slowking|Slowking, M|100/100 brn
|-damage|p2a: Slowking|88/100 brn|[from] Stealth Rock
|
|-weather|SunnyDay|[upkeep]
|-heal|p2a: Slowking|94/100 brn|[from] Grassy Terrain
|-damage|p2a: Slowking|88/100 brn|[from] brn
|upkeep
|turn|19
|
|t:|1758287848
|-terastallize|p1a: Walking Wake|Water
|move|p1a: Walking Wake|Hydro Steam|p2a: Slowking
|-resisted|p2a: Slowking
|-damage|p2a: Slowking|50/100 brn
|-prepare|p2a: Slowking|Chilly Reception|[premajor]
|move|p2a: Slowking|Chilly Reception|p2a: Slowking
|-weather|Snowscape
|-end|p1a: Walking Wake|Protosynthesis
|
|t:|1758287862
|switch|p2a: Noivern|Noivern, F, tera:Normal|76/100|[from] Chilly Reception
|-damage|p2a: Noivern|64/100|[from] Stealth Rock
|-item|p1a: Walking Wake|Choice Specs|[from] ability: Frisk|[of] p2a: Noivern
|
|-weather|Snowscape|[upkeep]
|-heal|p2a: Noivern|70/100|[from] Grassy Terrain
|upkeep
|turn|20
|
|t:|1758287877
|move|p2a: Noivern|Boomburst|p1a: Walking Wake
|-damage|p1a: Walking Wake|0 fnt
|faint|p1a: Walking Wake
|-end|p1a: Walking Wake|Protosynthesis|[silent]
|
|-weather|Snowscape|[upkeep]
|-heal|p2a: Noivern|76/100|[from] Grassy Terrain
|upkeep
|-message|victini092 forfeited.
|
|win|yanyee
|raw|victini092's rating: 1308 &rarr; <strong>1285</strong><br />(-23 for losing)
|raw|yanyee's rating: 1254 &rarr; <strong>1283</strong><br />(+29 for winning)
|l|☆victini092
|player|p1|
