|j|☆mermer213
|j|☆MyXoo
|t:|1758318729
|gametype|singles
|player|p1|mermer213|101|1331
|player|p2|MyXoo|bea|1355
|gen|9
|tier|[Gen 9] OU
|rated|
|rule|HP Percentage Mod: HP is shown in percentages
|rule|Endless Battle Clause: Forcing endless battles is banned
|rule|Species Clause: Limit one of each Pokémon
|rule|OHKO Clause: OHKO moves are banned
|rule|Evasion Items Clause: Evasion items are banned
|rule|Evasion Moves Clause: Evasion moves are banned
|rule|Evasion Abilities Clause: Evasion abilities are banned
|rule|Sleep Moves Clause: Sleep-inducing moves are banned
|clearpoke
|poke|p1|Pecharunt|
|poke|p1|Great Tusk|
|poke|p1|Ogerpon-Wellspring, F|
|poke|p1|Iron Crown|
|poke|p1|Landorus-Therian, M|
|poke|p1|Samurott-Hisui, M|
|poke|p2|Samurott-Hisui, M|
|poke|p2|Scizor, F|
|poke|p2|Dragapult, M|
|poke|p2|Kingambit, F|
|poke|p2|Landorus-Therian, M|
|poke|p2|Iron Valiant|
|teampreview
|inactive|Battle timer is ON: inactive players will automatically lose when time's up. (requested by mermer213)
|
|t:|1758318744
|teamsize|p1|6
|teamsize|p2|6
|start
|switch|p1a: Samurott|Samurott-Hisui, M|100/100
|switch|p2a: Samurott|Samurott-Hisui, M|100/100
|turn|1
|
|t:|1758318754
|move|p2a: Samurott|Ceaseless Edge|p1a: Samurott
|-resisted|p1a: Samurott
|-damage|p1a: Samurott|72/100
|-sidestart|p1: mermer213|Spikes
|move|p1a: Samurott|Ceaseless Edge|p2a: Samurott
|-resisted|p2a: Samurott
|-damage|p2a: Samurott|66/100
|-sidestart|p2: MyXoo|Spikes
|
|upkeep
|turn|2
|
|t:|1758318763
|move|p2a: Samurott|Ceaseless Edge|p1a: Samurott
|-resisted|p1a: Samurott
|-damage|p1a: Samurott|42/100
|-sidestart|p1: mermer213|Spikes
|move|p1a: Samurott|Ceaseless Edge|p2a: Samurott
|-resisted|p2a: Samurott
|-damage|p2a: Samurott|34/100
|-sidestart|p2: MyXoo|Spikes
|
|upkeep
|turn|3
|
|t:|1758318785
|move|p2a: Samurott|Ceaseless Edge|p1a: Samurott
|-resisted|p1a: Samurott
|-damage|p1a: Samurott|12/100
|-sidestart|p1: mermer213|Spikes
|move|p1a: Samurott|Ceaseless Edge|p2a: Samurott
|-resisted|p2a: Samurott
|-damage|p2a: Samurott|0 fnt
|-sidestart|p2: MyXoo|Spikes
|faint|p2a: Samurott
|
|upkeep
|
|t:|1758318806
|switch|p2a: Landorus|Landorus-Therian, M|100/100
|-ability|p2a: Landorus|Intimidate|boost
|-unboost|p1a: Samurott|atk|1
|turn|4
|
|t:|1758318828
|switch|p1a: Great Tusk|Great Tusk|100/100
|move|p2a: Landorus|U-turn|p1a: Great Tusk
|-resisted|p1a: Great Tusk
|-damage|p1a: Great Tusk|93/100
|
|t:|1758318841
|switch|p2a: Dragapult|Dragapult, M|100/100|[from] U-turn
|-damage|p2a: Dragapult|76/100|[from] Spikes
|
|upkeep
|turn|5
|inactive|MyXoo has 120 seconds left.
|
|t:|1758318857
|move|p2a: Dragapult|Draco Meteor|p1a: Great Tusk
|-damage|p1a: Great Tusk|0 fnt
|-unboost|p2a: Dragapult|spa|2
|faint|p1a: Great Tusk
|-end|p1a: Great Tusk|Protosynthesis|[silent]
|
|upkeep
|
|t:|1758318874
|switch|p1a: Landorus|Landorus-Therian, M|100/100
|-ability|p1a: Landorus|Intimidate|boost
|-unboost|p2a: Dragapult|atk|1
|turn|6
|inactive|MyXoo has 120 seconds left.
|inactive|mermer213 has 120 seconds left.
|
|t:|1758318895
|switch|p2a: Landorus|Landorus-Therian, M|100/100
|-ability|p2a: Landorus|Intimidate|boost
|-unboost|p1a: Landorus|atk|1
|move|p1a: Landorus|Stone Edge|p2a: Landorus
|-damage|p2a: Landorus|68/100
|
|upkeep
|turn|7
|inactive|MyXoo has 120 seconds left.
|inactive|mermer213 has 120 seconds left.
|
|t:|1758318907
|move|p2a: Landorus|Stone Edge|p1a: Landorus|[miss]
|-miss|p2a: Landorus|p1a: Landorus
|move|p1a: Landorus|Stone Edge|p2a: Landorus
|-damage|p2a: Landorus|37/100
|
|upkeep
|turn|8
|inactive|MyXoo has 120 seconds left.
|
|t:|1758318914
|move|p2a: Landorus|Stone Edge|p1a: Landorus
|-damage|p1a: Landorus|57/100
|move|p1a: Landorus|Stone Edge|p2a: Landorus
|-crit|p2a: Landorus
|-damage|p2a: Landorus|0 fnt
|faint|p2a: Landorus
|
|upkeep
|inactive|MyXoo has 120 seconds left.
|c|☆MyXoo|wow
|c|☆MyXoo|that luck
|
|t:|1758318935
|switch|p2a: Iron Valiant|Iron Valiant|100/100
|-damage|p2a: Iron Valiant|76/100|[from] Spikes
|-enditem|p2a: Iron Valiant|Booster Energy
|-activate|p2a: Iron Valiant|ability: Quark Drive|[fromitem]
|-start|p2a: Iron Valiant|quarkdrivespe
|turn|9
|
|t:|1758318944
|switch|p1a: Iron Crown|Iron Crown|100/100
|-damage|p1a: Iron Crown|76/100|[from] Spikes
|move|p2a: Iron Valiant|Moonblast|p1a: Iron Crown
|-resisted|p1a: Iron Crown
|-damage|p1a: Iron Crown|54/100
|-unboost|p1a: Iron Crown|spa|1
|
|upkeep
|turn|10
|
|t:|1758318968
|-end|p2a: Iron Valiant|Quark Drive|[silent]
|switch|p2a: Scizor|Scizor, F|100/100
|-damage|p2a: Scizor|76/100|[from] Spikes
|move|p1a: Iron Crown|Tachyon Cutter|p2a: Scizor
|-resisted|p2a: Scizor
|-damage|p2a: Scizor|59/100
|-resisted|p2a: Scizor
|-damage|p2a: Scizor|41/100
|-hitcount|p2a: Scizor|2
|
|upkeep
|turn|11
|
|t:|1758318982
|-end|p1a: Iron Crown|Quark Drive|[silent]
|switch|p1a: Landorus|Landorus-Therian, M|57/100
|-ability|p1a: Landorus|Intimidate|boost
|-unboost|p2a: Scizor|atk|1
|move|p2a: Scizor|Knock Off|p1a: Landorus
|-damage|p1a: Landorus|20/100
|-enditem|p1a: Landorus|Choice Scarf|[from] move: Knock Off|[of] p2a: Scizor
|-damage|p2a: Scizor|31/100|[from] item: Life Orb
|
|upkeep
|turn|12
|inactive|mermer213 has 120 seconds left.
|
|t:|1758319006
|move|p1a: Landorus|U-turn|p2a: Scizor
|-resisted|p2a: Scizor
|-damage|p2a: Scizor|15/100
|inactive|mermer213 has 120 seconds left.
|
|t:|1758319014
|switch|p1a: Pecharunt|Pecharunt|100/100|[from] U-turn
|-damage|p1a: Pecharunt|75/100|[from] Spikes
|move|p2a: Scizor|Close Combat|p1a: Pecharunt
|-immune|p1a: Pecharunt
|
|upkeep
|turn|13
|
|t:|1758319025
|move|p2a: Scizor|Knock Off|p1a: Pecharunt
|-supereffective|p1a: Pecharunt
|-damage|p1a: Pecharunt|44/100
|-damage|p2a: Scizor|0 fnt|[from] item: Rocky Helmet|[of] p1a: Pecharunt
|faint|p2a: Scizor
|move|p1a: Pecharunt|Foul Play|p2: Scizor|[notarget]
|-fail|p1a: Pecharunt
|
|upkeep
|
|t:|1758319037
|switch|p2a: Dragapult|Dragapult, M|76/100
|-damage|p2a: Dragapult|51/100|[from] Spikes
|turn|14
|
|t:|1758319045
|switch|p1a: Samurott|Samurott-Hisui, M|12/100
|-damage|p1a: Samurott|0 fnt|[from] Spikes
|faint|p1a: Samurott
|move|p2a: Dragapult|Draco Meteor|p1: Samurott|[notarget]
|-fail|p2a: Dragapult
|
|upkeep
|inactive|mermer213 has 120 seconds left.
|
|t:|1758319068
|switch|p1a: Ogerpon|Ogerpon-Wellspring, F|100/100
|-damage|p1a: Ogerpon|75/100|[from] Spikes
|turn|15
|
|t:|1758319072
|-terastallize|p1a: Ogerpon|Water
|detailschange|p1a: Ogerpon|Ogerpon-Wellspring-Tera, F, tera:Water
|-ability|p1a: Ogerpon|Embody Aspect (Wellspring)|boost
|-boost|p1a: Ogerpon|spd|1
|move|p2a: Dragapult|Draco Meteor|p1a: Ogerpon
|-crit|p1a: Ogerpon
|-damage|p1a: Ogerpon|0 fnt
|-unboost|p2a: Dragapult|spa|2
|faint|p1a: Ogerpon
|detailschange|p1: Ogerpon|Ogerpon-Wellspring, F|[silent]
|
|upkeep
|inactive|mermer213 has 120 seconds left.
|c|☆mermer213|bro u got me back w that crit
|
|t:|1758319095
|switch|p1a: Landorus|Landorus-Therian, M|20/100
|-ability|p1a: Landorus|Intimidate|boost
|-unboost|p2a: Dragapult|atk|1
|turn|16
|c|☆MyXoo|were good ;)
|
|t:|1758319115
|move|p2a: Dragapult|Draco Meteor|p1a: Landorus
|-damage|p1a: Landorus|0 fnt
|-unboost|p2a: Dragapult|spa|2
|faint|p1a: Landorus
|
|upkeep
|
|t:|1758319120
|switch|p1a: Iron Crown|Iron Crown|54/100
|-damage|p1a: Iron Crown|29/100|[from] Spikes
|turn|17
|
|t:|1758319132
|switch|p2a: Kingambit|Kingambit, F|100/100
|-damage|p2a: Kingambit|76/100|[from] Spikes
|-activate|p2a: Kingambit|ability: Supreme Overlord
|-start|p2a: Kingambit|fallen3|[silent]
|move|p1a: Iron Crown|Tachyon Cutter|p2a: Kingambit
|-resisted|p2a: Kingambit
|-damage|p2a: Kingambit|57/100
|-resisted|p2a: Kingambit
|-damage|p2a: Kingambit|38/100
|-hitcount|p2a: Kingambit|2
|
|-heal|p2a: Kingambit|44/100|[from] item: Leftovers
|upkeep
|turn|18
|
|t:|1758319144
|move|p1a: Iron Crown|Tachyon Cutter|p2a: Kingambit
|-resisted|p2a: Kingambit
|-damage|p2a: Kingambit|25/100
|-resisted|p2a: Kingambit
|-damage|p2a: Kingambit|7/100
|-hitcount|p2a: Kingambit|2
|move|p2a: Kingambit|Kowtow Cleave|p1a: Iron Crown
|-supereffective|p1a: Iron Crown
|-crit|p1a: Iron Crown
|-damage|p1a: Iron Crown|0 fnt
|faint|p1a: Iron Crown
|-end|p1a: Iron Crown|Quark Drive|[silent]
|
|-heal|p2a: Kingambit|13/100|[from] item: Leftovers
|upkeep
|
|t:|1758319154
|switch|p1a: Pecharunt|Pecharunt|44/100
|-damage|p1a: Pecharunt|19/100|[from] Spikes
|turn|19
|
|t:|1758319158
|move|p2a: Kingambit|Sucker Punch||[still]
|-fail|p2a: Kingambit
|move|p1a: Pecharunt|Recover|p1a: Pecharunt
|-heal|p1a: Pecharunt|69/100
|
|-heal|p2a: Kingambit|19/100|[from] item: Leftovers
|upkeep
|turn|20
|
|t:|1758319171
|move|p2a: Kingambit|Sucker Punch|p1a: Pecharunt
|-supereffective|p1a: Pecharunt
|-damage|p1a: Pecharunt|21/100
|-damage|p2a: Kingambit|2/100|[from] item: Rocky Helmet|[of] p1a: Pecharunt
|move|p1a: Pecharunt|Foul Play|p2a: Kingambit
|-resisted|p2a: Kingambit
|-damage|p2a: Kingambit|0 fnt
|faint|p2a: Kingambit
|-end|p2a: Kingambit|fallen3|[silent]
|
|upkeep
|
|t:|1758319183
|switch|p2a: Iron Valiant|Iron Valiant|76/100
|-damage|p2a: Iron Valiant|51/100|[from] Spikes
|turn|21
|
|t:|1758319190
|move|p2a: Iron Valiant|Moonblast|p1a: Pecharunt
|-resisted|p1a: Pecharunt
|-damage|p1a: Pecharunt|0 fnt
|faint|p1a: Pecharunt
|
|win|MyXoo
|raw|mermer213's rating: 1331 &rarr; <strong>1312</strong><br />(-19 for losing)
|raw|MyXoo's rating: 1355 &rarr; <strong>1374</strong><br />(+19 for winning)
