|j|☆Eggsalt
|j|☆Skyvalk
|t:|1758259795
|gametype|singles
|player|p1|Eggsalt|veteran|1431
|player|p2|Skyvalk|unknown|1321
|gen|9
|tier|[Gen 9] OU
|rated|
|rule|HP Percentage Mod: HP is shown in percentages
|rule|Endless Battle Clause: Forcing endless battles is banned
|rule|Species Clause: Limit one of each Pokémon
|rule|OHKO Clause: OHKO moves are banned
|rule|Evasion Items Clause: Evasion items are banned
|rule|Evasion Moves Clause: Evasion moves are banned
|rule|Evasion Abilities Clause: Evasion abilities are banned
|rule|Sleep Moves Clause: Sleep-inducing moves are banned
|clearpoke
|poke|p1|Clefable, F|
|poke|p1|Ting-Lu|
|poke|p1|Slowking-Galar, M|
|poke|p1|Samurott-Hisui, M|
|poke|p1|Walking Wake|
|poke|p1|Zamazenta-*|
|poke|p2|Gliscor, F|
|poke|p2|Dragapult, F|
|poke|p2|Tornadus-Therian, M|
|poke|p2|Gholdengo|
|poke|p2|Great Tusk|
|poke|p2|Pecharunt|
|teampreview
|
|t:|1758259815
|teamsize|p1|6
|teamsize|p2|6
|start
|switch|p1a: Samurott|Samurott-Hisui, M|100/100
|switch|p2a: Drippped|Dragapult, F|100/100
|turn|1
|
|t:|1758259826
|move|p2a: Drippped|Will-O-Wisp|p1a: Samurott
|-status|p1a: Samurott|brn
|move|p1a: Samurott|Ceaseless Edge|p2a: Drippped|[miss]
|-miss|p1a: Samurott|p2a: Drippped
|
|-damage|p1a: Samurott|94/100 brn|[from] brn
|upkeep
|turn|2
|
|t:|1758259834
|move|p2a: Drippped|U-turn|p1a: Samurott
|-supereffective|p1a: Samurott
|-damage|p1a: Samurott|35/100 brn
|-damage|p2a: Drippped|91/100|[from] item: Life Orb
|
|t:|1758259836
|switch|p2a: Not so great|Great Tusk|100/100|[from] U-turn
|move|p1a: Samurott|Ceaseless Edge|p2a: Not so great
|-resisted|p2a: Not so great
|-damage|p2a: Not so great|92/100
|-sidestart|p2: Skyvalk|Spikes
|
|-damage|p1a: Samurott|28/100 brn|[from] brn
|upkeep
|turn|3
|
|t:|1758259847
|move|p2a: Not so great|Close Combat|p1a: Samurott
|-supereffective|p1a: Samurott
|-damage|p1a: Samurott|0 fnt
|-unboost|p2a: Not so great|def|1
|-unboost|p2a: Not so great|spd|1
|faint|p1a: Samurott
|
|upkeep
|
|t:|1758259852
|switch|p1a: Walking Wake|Walking Wake|100/100
|turn|4
|
|t:|1758259861
|-end|p2a: Not so great|Protosynthesis|[silent]
|switch|p2a: Birbby|Tornadus-Therian, M|100/100
|move|p1a: Walking Wake|Surf|p2a: Birbby
|-damage|p2a: Birbby|71/100
|
|upkeep
|turn|5
|
|t:|1758259868
|move|p1a: Walking Wake|Knock Off|p2a: Birbby
|-damage|p2a: Birbby|50/100
|-enditem|p2a: Birbby|Assault Vest|[from] move: Knock Off|[of] p1a: Walking Wake
|move|p2a: Birbby|Knock Off|p1a: Walking Wake
|-damage|p1a: Walking Wake|78/100
|-enditem|p1a: Walking Wake|Heavy-Duty Boots|[from] move: Knock Off|[of] p2a: Birbby
|
|upkeep
|turn|6
|
|t:|1758259877
|move|p1a: Walking Wake|Draco Meteor|p2a: Birbby
|-damage|p2a: Birbby|0 fnt
|-unboost|p1a: Walking Wake|spa|2
|faint|p2a: Birbby
|
|upkeep
|
|t:|1758259880
|switch|p2a: Not so great|Great Tusk|92/100
|turn|7
|
|t:|1758259890
|move|p1a: Walking Wake|Surf|p2a: Not so great
|-supereffective|p2a: Not so great
|-damage|p2a: Not so great|23/100
|move|p2a: Not so great|Rapid Spin|p1a: Walking Wake
|-damage|p1a: Walking Wake|60/100
|-boost|p2a: Not so great|spe|1
|-sideend|p2: Skyvalk|Spikes|[from] move: Rapid Spin|[of] p2a: Not so great
|
|upkeep
|turn|8
|
|t:|1758259903
|-end|p1a: Walking Wake|Protosynthesis|[silent]
|switch|p1a: Zamazenta|Zamazenta|100/100
|-ability|p1a: Zamazenta|Dauntless Shield|boost
|-boost|p1a: Zamazenta|def|1
|move|p2a: Not so great|Headlong Rush|p1a: Zamazenta
|-damage|p1a: Zamazenta|60/100
|-unboost|p2a: Not so great|def|1
|-unboost|p2a: Not so great|spd|1
|
|upkeep
|turn|9
|
|t:|1758259914
|-end|p2a: Not so great|Protosynthesis|[silent]
|switch|p2a: Pecharunt|Pecharunt|100/100
|move|p1a: Zamazenta|Close Combat|p2a: Pecharunt
|-immune|p2a: Pecharunt
|
|upkeep
|turn|10
|
|t:|1758259924
|switch|p1a: Slowking|Slowking-Galar, M|100/100
|move|p2a: Pecharunt|Malignant Chain|p1a: Slowking
|-resisted|p1a: Slowking
|-damage|p1a: Slowking|81/100
|
|upkeep
|turn|11
|
|t:|1758259931
|move|p2a: Pecharunt|Shadow Ball|p1a: Slowking
|-supereffective|p1a: Slowking
|-damage|p1a: Slowking|23/100
|move|p1a: Slowking|Future Sight|p2a: Pecharunt
|-start|p1a: Slowking|move: Future Sight
|
|upkeep
|turn|12
|
|t:|1758259937
|switch|p1a: Ting-Lu|Ting-Lu|100/100
|-ability|p1a: Ting-Lu|Vessel of Ruin
|move|p2a: Pecharunt|Parting Shot|p1a: Ting-Lu
|-unboost|p1a: Ting-Lu|atk|1
|-unboost|p1a: Ting-Lu|spa|1
|
|t:|1758259941
|switch|p2a: Poppy|Gliscor, F, shiny|100/100|[from] Parting Shot
|
|-status|p2a: Poppy|tox|[from] item: Toxic Orb
|upkeep
|turn|13
|
|t:|1758259946
|move|p2a: Poppy|Toxic|p1a: Ting-Lu
|-status|p1a: Ting-Lu|tox
|move|p1a: Ting-Lu|Stealth Rock|p2a: Poppy
|-sidestart|p2: Skyvalk|move: Stealth Rock
|
|-end|p2a: Poppy|move: Future Sight
|-damage|p2a: Poppy|73/100 tox
|-heal|p2a: Poppy|86/100 tox|[from] ability: Poison Heal
|-damage|p1a: Ting-Lu|94/100 tox|[from] psn
|upkeep
|turn|14
|
|t:|1758259951
|move|p2a: Poppy|Knock Off|p1a: Ting-Lu
|-resisted|p1a: Ting-Lu
|-damage|p1a: Ting-Lu|88/100 tox
|-damage|p2a: Poppy|69/100 tox|[from] item: Rocky Helmet|[of] p1a: Ting-Lu
|-enditem|p1a: Ting-Lu|Rocky Helmet|[from] move: Knock Off|[of] p2a: Poppy
|move|p1a: Ting-Lu|Whirlwind|p2a: Poppy
|drag|p2a: Drippped|Dragapult, F|91/100
|-damage|p2a: Drippped|78/100|[from] Stealth Rock
|
|-damage|p1a: Ting-Lu|76/100 tox|[from] psn
|upkeep
|turn|15
|
|t:|1758259964
|switch|p1a: Clefable|Clefable, F|100/100
|move|p2a: Drippped|U-turn|p1a: Clefable
|-resisted|p1a: Clefable
|-damage|p1a: Clefable|90/100
|-damage|p2a: Drippped|69/100|[from] item: Life Orb
|
|t:|1758259968
|switch|p2a: Not so great|Great Tusk|23/100|[from] U-turn
|
|-heal|p1a: Clefable|96/100|[from] item: Leftovers
|upkeep
|turn|16
|
|t:|1758259972
|move|p2a: Not so great|Rapid Spin|p1a: Clefable
|-damage|p1a: Clefable|81/100
|-boost|p2a: Not so great|spe|1
|-sideend|p2: Skyvalk|Stealth Rock|[from] move: Rapid Spin|[of] p2a: Not so great
|move|p1a: Clefable|Moonblast|p2a: Not so great
|-supereffective|p2a: Not so great
|-damage|p2a: Not so great|0 fnt
|faint|p2a: Not so great
|-end|p2a: Not so great|Protosynthesis|[silent]
|
|-heal|p1a: Clefable|87/100|[from] item: Leftovers
|upkeep
|
|t:|1758259977
|switch|p2a: Pecharunt|Pecharunt|100/100
|turn|17
|
|t:|1758259985
|switch|p1a: Ting-Lu|Ting-Lu|76/100 tox
|-ability|p1a: Ting-Lu|Vessel of Ruin
|move|p2a: Pecharunt|Malignant Chain|p1a: Ting-Lu
|-resisted|p1a: Ting-Lu
|-damage|p1a: Ting-Lu|66/100 tox
|
|-damage|p1a: Ting-Lu|60/100 tox|[from] psn
|upkeep
|turn|18
|
|t:|1758259992
|move|p2a: Pecharunt|Parting Shot|p1a: Ting-Lu
|-unboost|p1a: Ting-Lu|atk|1
|-unboost|p1a: Ting-Lu|spa|1
|
|t:|1758259998
|switch|p2a: Gholdengo|Gholdengo, shiny|100/100|[from] Parting Shot
|-item|p2a: Gholdengo|Air Balloon
|move|p1a: Ting-Lu|Stealth Rock|p2a: Gholdengo
|-sidestart|p2: Skyvalk|move: Stealth Rock
|
|-damage|p1a: Ting-Lu|48/100 tox|[from] psn
|upkeep
|turn|19
|
|t:|1758260003
|move|p2a: Gholdengo|Dazzling Gleam|p1a: Ting-Lu
|-supereffective|p1a: Ting-Lu
|-damage|p1a: Ting-Lu|24/100 tox
|move|p1a: Ting-Lu|Ruination|p2a: Gholdengo
|-damage|p2a: Gholdengo|50/100
|-enditem|p2a: Gholdengo|Air Balloon
|
|-damage|p1a: Ting-Lu|5/100 tox|[from] psn
|upkeep
|turn|20
|
|t:|1758260018
|move|p2a: Gholdengo|Recover|p2a: Gholdengo
|-heal|p2a: Gholdengo|100/100
|move|p1a: Ting-Lu|Ruination|p2a: Gholdengo
|-damage|p2a: Gholdengo|50/100
|
|-damage|p1a: Ting-Lu|0 fnt|[from] psn
|faint|p1a: Ting-Lu
|upkeep
|
|t:|1758260025
|switch|p1a: Walking Wake|Walking Wake|60/100
|turn|21
|
|t:|1758260028
|move|p1a: Walking Wake|Surf|p2a: Gholdengo
|-crit|p2a: Gholdengo
|-damage|p2a: Gholdengo|0 fnt
|faint|p2a: Gholdengo
|
|upkeep
|
|t:|1758260032
|switch|p2a: Drippped|Dragapult, F|69/100
|-damage|p2a: Drippped|56/100|[from] Stealth Rock
|turn|22
|
|t:|1758260039
|-end|p1a: Walking Wake|Protosynthesis|[silent]
|switch|p1a: Clefable|Clefable, F|87/100
|move|p2a: Drippped|Dragon Darts|p1a: Clefable
|-immune|p1a: Clefable
|
|-heal|p1a: Clefable|93/100|[from] item: Leftovers
|upkeep
|turn|23
|
|t:|1758260046
|move|p2a: Drippped|U-turn|p1a: Clefable
|-resisted|p1a: Clefable
|-damage|p1a: Clefable|82/100
|-damage|p2a: Drippped|47/100|[from] item: Life Orb
|
|t:|1758260049
|switch|p2a: Pecharunt|Pecharunt|100/100|[from] U-turn
|-damage|p2a: Pecharunt|88/100|[from] Stealth Rock
|move|p1a: Clefable|Moonblast|p2a: Pecharunt
|-resisted|p2a: Pecharunt
|-damage|p2a: Pecharunt|72/100
|-unboost|p2a: Pecharunt|spa|1
|
|-heal|p2a: Pecharunt|78/100|[from] item: Leftovers
|-heal|p1a: Clefable|88/100|[from] item: Leftovers
|upkeep
|turn|24
|
|t:|1758260062
|switch|p1a: Slowking|Slowking-Galar, M|56/100
|move|p2a: Pecharunt|Shadow Ball|p1a: Slowking
|-supereffective|p1a: Slowking
|-damage|p1a: Slowking|18/100
|
|-heal|p2a: Pecharunt|84/100|[from] item: Leftovers
|upkeep
|turn|25
|
|t:|1758260066
|move|p2a: Pecharunt|Shadow Ball|p1a: Slowking
|-supereffective|p1a: Slowking
|-damage|p1a: Slowking|0 fnt
|faint|p1a: Slowking
|
|-heal|p2a: Pecharunt|90/100|[from] item: Leftovers
|upkeep
|
|t:|1758260071
|switch|p1a: Clefable|Clefable, F|88/100
|turn|26
|
|t:|1758260073
|move|p2a: Pecharunt|Malignant Chain|p1a: Clefable
|-supereffective|p1a: Clefable
|-damage|p1a: Clefable|36/100
|-status|p1a: Clefable|tox
|-start|p1a: Clefable|confusion|[from] ability: Poison Puppeteer|[of] p2a: Pecharunt
|-activate|p1a: Clefable|confusion
|move|p1a: Clefable|Thunder Wave|p2a: Pecharunt|[miss]
|-miss|p1a: Clefable|p2a: Pecharunt
|
|-heal|p2a: Pecharunt|96/100|[from] item: Leftovers
|-heal|p1a: Clefable|42/100 tox|[from] item: Leftovers
|upkeep
|turn|27
|
|t:|1758260083
|-terastallize|p1a: Clefable|Steel
|move|p2a: Pecharunt|Malignant Chain|p1a: Clefable
|-immune|p1a: Clefable
|-activate|p1a: Clefable|confusion
|move|p1a: Clefable|Moonlight|p1a: Clefable
|-heal|p1a: Clefable|92/100 tox
|
|-heal|p2a: Pecharunt|100/100|[from] item: Leftovers
|-heal|p1a: Clefable|98/100 tox|[from] item: Leftovers
|upkeep
|turn|28
|
|t:|1758260094
|move|p2a: Pecharunt|Parting Shot|p1a: Clefable
|-unboost|p1a: Clefable|atk|1
|-unboost|p1a: Clefable|spa|1
|
|t:|1758260097
|switch|p2a: Poppy|Gliscor, F, shiny|69/100 tox|[from] Parting Shot
|-damage|p2a: Poppy|57/100 tox|[from] Stealth Rock
|-activate|p1a: Clefable|confusion
|-damage|p1a: Clefable|94/100 tox|[from] confusion
|
|-heal|p1a: Clefable|99/100 tox|[from] item: Leftovers
|-heal|p2a: Poppy|69/100 tox|[from] ability: Poison Heal
|upkeep
|turn|29
|
|t:|1758260107
|switch|p1a: Walking Wake|Walking Wake|60/100
|move|p2a: Poppy|Knock Off|p1a: Walking Wake
|-damage|p1a: Walking Wake|43/100
|
|-heal|p2a: Poppy|82/100 tox|[from] ability: Poison Heal
|upkeep
|turn|30
|
|t:|1758260117
|-terastallize|p2a: Poppy|Water
|move|p1a: Walking Wake|Surf|p2a: Poppy
|-resisted|p2a: Poppy
|-damage|p2a: Poppy|61/100 tox
|move|p2a: Poppy|Toxic|p1a: Walking Wake
|-status|p1a: Walking Wake|tox
|
|-damage|p1a: Walking Wake|37/100 tox|[from] psn
|-heal|p2a: Poppy|74/100 tox|[from] ability: Poison Heal
|upkeep
|turn|31
|
|t:|1758260127
|move|p1a: Walking Wake|Draco Meteor|p2a: Poppy
|-damage|p2a: Poppy|17/100 tox
|-unboost|p1a: Walking Wake|spa|2
|move|p2a: Poppy|Earthquake|p1a: Walking Wake
|-damage|p1a: Walking Wake|3/100 tox
|
|-damage|p1a: Walking Wake|0 fnt|[from] psn
|faint|p1a: Walking Wake
|-end|p1a: Walking Wake|Protosynthesis|[silent]
|-heal|p2a: Poppy|29/100 tox|[from] ability: Poison Heal
|upkeep
|
|t:|1758260143
|switch|p1a: Zamazenta|Zamazenta|60/100
|turn|32
|
|t:|1758260148
|move|p2a: Poppy|Protect|p2a: Poppy
|-singleturn|p2a: Poppy|Protect
|move|p1a: Zamazenta|Crunch|p2a: Poppy
|-activate|p2a: Poppy|move: Protect
|
|-heal|p2a: Poppy|41/100 tox|[from] ability: Poison Heal
|upkeep
|turn|33
|
|t:|1758260155
|move|p1a: Zamazenta|Close Combat|p2a: Poppy
|-crit|p2a: Poppy
|-damage|p2a: Poppy|0 fnt
|-unboost|p1a: Zamazenta|def|1
|-unboost|p1a: Zamazenta|spd|1
|faint|p2a: Poppy
|
|upkeep
|
|t:|1758260160
|switch|p2a: Pecharunt|Pecharunt|100/100
|-damage|p2a: Pecharunt|88/100|[from] Stealth Rock
|turn|34
|
|t:|1758260165
|switch|p1a: Clefable|Clefable, F, tera:Steel|99/100 tox
|move|p2a: Pecharunt|Shadow Ball|p1a: Clefable
|-damage|p1a: Clefable|70/100 tox
|-unboost|p1a: Clefable|spd|1
|
|-heal|p2a: Pecharunt|94/100|[from] item: Leftovers
|-heal|p1a: Clefable|76/100 tox|[from] item: Leftovers
|upkeep
|turn|35
|
|t:|1758260171
|move|p2a: Pecharunt|Shadow Ball|p1a: Clefable
|-damage|p1a: Clefable|28/100 tox
|move|p1a: Clefable|Thunder Wave|p2a: Pecharunt
|-status|p2a: Pecharunt|par
|
|-heal|p1a: Clefable|35/100 tox|[from] item: Leftovers
|-heal|p2a: Pecharunt|99/100 par|[from] item: Leftovers
|upkeep
|turn|36
|
|t:|1758260181
|switch|p1a: Zamazenta|Zamazenta|60/100
|move|p2a: Pecharunt|Shadow Ball|p1a: Zamazenta
|-damage|p1a: Zamazenta|26/100
|
|-heal|p2a: Pecharunt|100/100 par|[from] item: Leftovers
|upkeep
|turn|37
|
|t:|1758260186
|move|p1a: Zamazenta|Crunch|p2a: Pecharunt
|-supereffective|p2a: Pecharunt
|-damage|p2a: Pecharunt|68/100 par
|move|p2a: Pecharunt|Shadow Ball|p1a: Zamazenta
|-damage|p1a: Zamazenta|0 fnt
|faint|p1a: Zamazenta
|
|-heal|p2a: Pecharunt|74/100 par|[from] item: Leftovers
|upkeep
|
|t:|1758260193
|switch|p1a: Clefable|Clefable, F, tera:Steel|35/100 tox
|turn|38
|
|t:|1758260195
|move|p1a: Clefable|Moonlight|p1a: Clefable
|-heal|p1a: Clefable|85/100 tox
|move|p2a: Pecharunt|Shadow Ball|p1a: Clefable
|-damage|p1a: Clefable|53/100 tox
|
|-heal|p1a: Clefable|59/100 tox|[from] item: Leftovers
|-heal|p2a: Pecharunt|80/100 par|[from] item: Leftovers
|upkeep
|turn|39
|
|t:|1758260200
|move|p1a: Clefable|Moonblast|p2a: Pecharunt
|-resisted|p2a: Pecharunt
|-damage|p2a: Pecharunt|65/100 par
|cant|p2a: Pecharunt|par
|
|-heal|p1a: Clefable|65/100 tox|[from] item: Leftovers
|-heal|p2a: Pecharunt|72/100 par|[from] item: Leftovers
|upkeep
|turn|40
|
|t:|1758260206
|move|p1a: Clefable|Moonblast|p2a: Pecharunt
|-resisted|p2a: Pecharunt
|-damage|p2a: Pecharunt|56/100 par
|move|p2a: Pecharunt|Shadow Ball|p1a: Clefable
|-damage|p1a: Clefable|29/100 tox
|-unboost|p1a: Clefable|spd|1
|
|-heal|p1a: Clefable|35/100 tox|[from] item: Leftovers
|-heal|p2a: Pecharunt|62/100 par|[from] item: Leftovers
|upkeep
|turn|41
|
|t:|1758260214
|move|p1a: Clefable|Moonblast|p2a: Pecharunt
|-resisted|p2a: Pecharunt
|-damage|p2a: Pecharunt|45/100 par
|-unboost|p2a: Pecharunt|spa|1
|move|p2a: Pecharunt|Recover|p2a: Pecharunt
|-heal|p2a: Pecharunt|95/100 par
|
|-heal|p1a: Clefable|41/100 tox|[from] item: Leftovers
|-heal|p2a: Pecharunt|100/100 par|[from] item: Leftovers
|upkeep
|turn|42
|
|t:|1758260221
|move|p1a: Clefable|Moonlight|p1a: Clefable
|-heal|p1a: Clefable|91/100 tox
|move|p2a: Pecharunt|Shadow Ball|p1a: Clefable
|-damage|p1a: Clefable|61/100 tox
|
|-heal|p1a: Clefable|67/100 tox|[from] item: Leftovers
|upkeep
|turn|43
|
|t:|1758260229
|move|p1a: Clefable|Knock Off|p2a: Pecharunt
|-supereffective|p2a: Pecharunt
|-damage|p2a: Pecharunt|83/100 par
|-enditem|p2a: Pecharunt|Leftovers|[from] move: Knock Off|[of] p1a: Clefable
|move|p2a: Pecharunt|Shadow Ball|p1a: Clefable
|-damage|p1a: Clefable|32/100 tox
|-unboost|p1a: Clefable|spd|1
|
|-heal|p1a: Clefable|39/100 tox|[from] item: Leftovers
|upkeep
|turn|44
|
|t:|1758260234
|move|p1a: Clefable|Moonlight|p1a: Clefable
|-heal|p1a: Clefable|89/100 tox
|cant|p2a: Pecharunt|par
|
|-heal|p1a: Clefable|95/100 tox|[from] item: Leftovers
|upkeep
|turn|45
|
|t:|1758260237
|move|p1a: Clefable|Moonblast|p2a: Pecharunt
|-resisted|p2a: Pecharunt
|-damage|p2a: Pecharunt|66/100 par
|-unboost|p2a: Pecharunt|spa|1
|cant|p2a: Pecharunt|par
|
|-heal|p1a: Clefable|100/100 tox|[from] item: Leftovers
|upkeep
|turn|46
|
|t:|1758260249
|move|p1a: Clefable|Moonblast|p2a: Pecharunt
|-resisted|p2a: Pecharunt
|-damage|p2a: Pecharunt|51/100 par
|move|p2a: Pecharunt|Shadow Ball|p1a: Clefable
|-damage|p1a: Clefable|68/100 tox
|
|-heal|p1a: Clefable|74/100 tox|[from] item: Leftovers
|upkeep
|turn|47
|
|t:|1758260257
|move|p1a: Clefable|Moonblast|p2a: Pecharunt
|-resisted|p2a: Pecharunt
|-crit|p2a: Pecharunt
|-damage|p2a: Pecharunt|30/100 par
|move|p2a: Pecharunt|Recover|p2a: Pecharunt
|-heal|p2a: Pecharunt|80/100 par
|
|-heal|p1a: Clefable|80/100 tox|[from] item: Leftovers
|upkeep
|turn|48
|
|t:|1758260264
|move|p1a: Clefable|Moonblast|p2a: Pecharunt
|-resisted|p2a: Pecharunt
|-damage|p2a: Pecharunt|64/100 par
|move|p2a: Pecharunt|Shadow Ball|p1a: Clefable
|-damage|p1a: Clefable|48/100 tox
|
|-heal|p1a: Clefable|54/100 tox|[from] item: Leftovers
|upkeep
|turn|49
|
|t:|1758260270
|move|p1a: Clefable|Moonblast|p2a: Pecharunt
|-resisted|p2a: Pecharunt
|-damage|p2a: Pecharunt|47/100 par
|-unboost|p2a: Pecharunt|spa|1
|cant|p2a: Pecharunt|par
|
|-heal|p1a: Clefable|60/100 tox|[from] item: Leftovers
|upkeep
|turn|50
|
|t:|1758260279
|move|p1a: Clefable|Moonlight|p1a: Clefable
|-heal|p1a: Clefable|100/100 tox
|move|p2a: Pecharunt|Recover|p2a: Pecharunt
|-heal|p2a: Pecharunt|97/100 par
|
|upkeep
|turn|51
|
|t:|1758260284
|move|p1a: Clefable|Knock Off|p2a: Pecharunt
|-supereffective|p2a: Pecharunt
|-damage|p2a: Pecharunt|86/100 par
|move|p2a: Pecharunt|Shadow Ball|p1a: Clefable
|-damage|p1a: Clefable|73/100 tox
|
|-heal|p1a: Clefable|79/100 tox|[from] item: Leftovers
|upkeep
|turn|52
|
|t:|1758260292
|move|p1a: Clefable|Moonblast|p2a: Pecharunt
|-resisted|p2a: Pecharunt
|-damage|p2a: Pecharunt|69/100 par
|-unboost|p2a: Pecharunt|spa|1
|move|p2a: Pecharunt|Shadow Ball|p1a: Clefable
|-damage|p1a: Clefable|55/100 tox
|
|-heal|p1a: Clefable|61/100 tox|[from] item: Leftovers
|upkeep
|turn|53
|
|t:|1758260301
|move|p1a: Clefable|Knock Off|p2a: Pecharunt
|-supereffective|p2a: Pecharunt
|-crit|p2a: Pecharunt
|-damage|p2a: Pecharunt|50/100 par
|move|p2a: Pecharunt|Malignant Chain|p1a: Clefable
|-immune|p1a: Clefable
|
|-heal|p1a: Clefable|67/100 tox|[from] item: Leftovers
|upkeep
|turn|54
|
|t:|1758260309
|move|p1a: Clefable|Knock Off|p2a: Pecharunt
|-supereffective|p2a: Pecharunt
|-damage|p2a: Pecharunt|37/100 par
|move|p2a: Pecharunt|Recover|p2a: Pecharunt
|-heal|p2a: Pecharunt|87/100 par
|
|-heal|p1a: Clefable|73/100 tox|[from] item: Leftovers
|upkeep
|turn|55
|
|t:|1758260317
|move|p1a: Clefable|Knock Off|p2a: Pecharunt
|-supereffective|p2a: Pecharunt
|-damage|p2a: Pecharunt|74/100 par
|cant|p2a: Pecharunt|par
|
|-heal|p1a: Clefable|79/100 tox|[from] item: Leftovers
|upkeep
|turn|56
|
|t:|1758260321
|move|p1a: Clefable|Knock Off|p2a: Pecharunt
|-supereffective|p2a: Pecharunt
|-damage|p2a: Pecharunt|61/100 par
|move|p2a: Pecharunt|Parting Shot|p1a: Clefable
|-unboost|p1a: Clefable|atk|1
|-unboost|p1a: Clefable|spa|1
|
|t:|1758260323
|switch|p2a: Drippped|Dragapult, F|47/100|[from] Parting Shot
|-damage|p2a: Drippped|34/100|[from] Stealth Rock
|
|-heal|p1a: Clefable|85/100 tox|[from] item: Leftovers
|upkeep
|turn|57
|
|t:|1758260327
|move|p2a: Drippped|U-turn|p1a: Clefable
|-resisted|p1a: Clefable
|-damage|p1a: Clefable|73/100 tox
|-damage|p2a: Drippped|25/100|[from] item: Life Orb
|
|t:|1758260329
|switch|p2a: Pecharunt|Pecharunt|61/100 par|[from] U-turn
|-damage|p2a: Pecharunt|49/100 par|[from] Stealth Rock
|move|p1a: Clefable|Moonblast|p2a: Pecharunt
|-resisted|p2a: Pecharunt
|-damage|p2a: Pecharunt|38/100 par
|
|-heal|p1a: Clefable|79/100 tox|[from] item: Leftovers
|upkeep
|turn|58
|
|t:|1758260338
|move|p1a: Clefable|Moonblast|p2a: Pecharunt
|-resisted|p2a: Pecharunt
|-damage|p2a: Pecharunt|28/100 par
|-unboost|p2a: Pecharunt|spa|1
|cant|p2a: Pecharunt|par
|
|-heal|p1a: Clefable|86/100 tox|[from] item: Leftovers
|upkeep
|turn|59
|
|t:|1758260345
|move|p1a: Clefable|Moonblast|p2a: Pecharunt
|-resisted|p2a: Pecharunt
|-damage|p2a: Pecharunt|18/100 par
|move|p2a: Pecharunt|Recover|p2a: Pecharunt
|-heal|p2a: Pecharunt|68/100 par
|
|-heal|p1a: Clefable|92/100 tox|[from] item: Leftovers
|upkeep
|turn|60
|
|t:|1758260352
|move|p1a: Clefable|Moonblast|p2a: Pecharunt
|-resisted|p2a: Pecharunt
|-damage|p2a: Pecharunt|58/100 par
|-unboost|p2a: Pecharunt|spa|1
|move|p2a: Pecharunt|Parting Shot|p1a: Clefable
|-unboost|p1a: Clefable|atk|1
|-unboost|p1a: Clefable|spa|1
|
|t:|1758260355
|switch|p2a: Drippped|Dragapult, F|25/100|[from] Parting Shot
|-damage|p2a: Drippped|12/100|[from] Stealth Rock
|
|-heal|p1a: Clefable|98/100 tox|[from] item: Leftovers
|upkeep
|turn|61
|
|t:|1758260361
|move|p2a: Drippped|Hex|p1a: Clefable
|-damage|p1a: Clefable|0 fnt
|faint|p1a: Clefable
|-damage|p2a: Drippped|3/100|[from] item: Life Orb
|
|win|Skyvalk
|raw|Eggsalt's rating: 1431 &rarr; <strong>1405</strong><br />(-26 for losing)
|raw|Skyvalk's rating: 1321 &rarr; <strong>1347</strong><br />(+26 for winning)
|c|☆Skyvalk|Loooool
|c|☆Eggsalt|fair
|c|☆Eggsalt|ggs
|c|☆Skyvalk|Ggs
