|j|☆pepinoloko
|j|☆Reeelbadman
|t:|1758313133
|gametype|singles
|player|p1|pepinoloko|palmer|1464
|player|p2|Reeelbadman|cynthia-gen4|1494
|gen|9
|tier|[Gen 9] OU
|rated|
|rule|HP Percentage Mod: HP is shown in percentages
|rule|Endless Battle Clause: Forcing endless battles is banned
|rule|Species Clause: Limit one of each Pokémon
|rule|OHKO Clause: OHKO moves are banned
|rule|Evasion Items Clause: Evasion items are banned
|rule|Evasion Moves Clause: Evasion moves are banned
|rule|Evasion Abilities Clause: Evasion abilities are banned
|rule|Sleep Moves Clause: Sleep-inducing moves are banned
|clearpoke
|poke|p1|Salazzle, F|
|poke|p1|Kyurem|
|poke|p1|Cinderace, F|
|poke|p1|Landorus-Therian, M|
|poke|p1|Corviknight, M|
|poke|p1|Conkeldurr, F|
|poke|p2|Walking Wake|
|poke|p2|Scream Tail|
|poke|p2|Hatterene, F|
|poke|p2|Ninetales, F|
|poke|p2|Dragonite, F|
|poke|p2|Kingambit, M|
|teampreview
|inactive|Battle timer is ON: inactive players will automatically lose when time's up. (requested by Reeelbadman)
|
|t:|1758313155
|teamsize|p1|6
|teamsize|p2|6
|start
|switch|p1a: Kill'em|Kyurem, shiny|100/100
|switch|p2a: Scream Tail|Scream Tail|100/100
|-ability|p1a: Kill'em|Pressure
|turn|1
|
|t:|1758313161
|switch|p1a: I AM PRESSURE|Corviknight, M|100/100
|-ability|p1a: I AM PRESSURE|Pressure
|move|p2a: Scream Tail|Dazzling Gleam|p1a: I AM PRESSURE
|-resisted|p1a: I AM PRESSURE
|-damage|p1a: I AM PRESSURE|92/100
|
|upkeep
|turn|2
|
|t:|1758313164
|move|p2a: Scream Tail|Thunder Wave|p1a: I AM PRESSURE
|-status|p1a: I AM PRESSURE|par
|move|p1a: I AM PRESSURE|U-turn|p2a: Scream Tail
|-damage|p2a: Scream Tail|89/100
|
|t:|1758313167
|switch|p1a: Len'oir|Salazzle, F, shiny|100/100|[from] U-turn
|
|upkeep
|turn|3
|
|t:|1758313174
|move|p1a: Len'oir|Sludge Wave|p2a: Scream Tail
|-supereffective|p2a: Scream Tail
|-damage|p2a: Scream Tail|25/100
|move|p2a: Scream Tail|Encore|p1a: Len'oir
|-start|p1a: Len'oir|Encore
|
|upkeep
|turn|4
|
|t:|1758313179
|switch|p1a: I AM PRESSURE|Corviknight, M|92/100 par
|-ability|p1a: I AM PRESSURE|Pressure
|move|p2a: Scream Tail|Thunder Wave|p1a: I AM PRESSURE
|-fail|p1a: I AM PRESSURE|par
|
|upkeep
|turn|5
|
|t:|1758313181
|move|p2a: Scream Tail|Wish|p2a: Scream Tail
|cant|p1a: I AM PRESSURE|par
|
|upkeep
|turn|6
|
|t:|1758313191
|-end|p2a: Scream Tail|Protosynthesis|[silent]
|switch|p2a: Ninetales|Ninetales, F, shiny|100/100
|-weather|SunnyDay|[from] ability: Drought|[of] p2a: Ninetales
|move|p1a: I AM PRESSURE|U-turn|p2a: Ninetales
|-resisted|p2a: Ninetales
|-damage|p2a: Ninetales|90/100
|
|t:|1758313194
|switch|p1a: Kill'em|Kyurem, shiny|100/100|[from] U-turn
|-ability|p1a: Kill'em|Pressure
|
|-weather|SunnyDay|[upkeep]
|-heal|p2a: Ninetales|100/100|[from] move: Wish|[wisher] Scream Tail
|upkeep
|turn|7
|
|t:|1758313199
|move|p2a: Ninetales|Will-O-Wisp|p1a: Kill'em
|-status|p1a: Kill'em|brn
|move|p1a: Kill'em|Earth Power|p2a: Ninetales
|-supereffective|p2a: Ninetales
|-crit|p2a: Ninetales
|-damage|p2a: Ninetales|0 fnt
|faint|p2a: Ninetales
|
|-weather|SunnyDay|[upkeep]
|-damage|p1a: Kill'em|94/100 brn|[from] brn
|upkeep
|
|t:|1758313206
|switch|p2a: Walking Wake|Walking Wake|100/100
|-activate|p2a: Walking Wake|ability: Protosynthesis
|-start|p2a: Walking Wake|protosynthesisspa
|turn|8
|
|t:|1758313209
|move|p2a: Walking Wake|Hydro Steam|p1a: Kill'em
|-resisted|p1a: Kill'em
|-damage|p1a: Kill'em|38/100 brn
|move|p1a: Kill'em|Earth Power|p2a: Walking Wake
|-damage|p2a: Walking Wake|48/100
|
|-weather|SunnyDay|[upkeep]
|-damage|p1a: Kill'em|32/100 brn|[from] brn
|upkeep
|turn|9
|
|t:|1758313212
|move|p2a: Walking Wake|Hydro Steam|p1a: Kill'em
|-resisted|p1a: Kill'em
|-crit|p1a: Kill'em
|-damage|p1a: Kill'em|0 fnt
|faint|p1a: Kill'em
|
|-weather|SunnyDay|[upkeep]
|upkeep
|
|t:|1758313215
|switch|p1a: God is always good|Landorus-Therian, M|100/100
|-ability|p1a: God is always good|Intimidate|boost
|-unboost|p2a: Walking Wake|atk|1
|turn|10
|
|t:|1758313219
|-end|p2a: Walking Wake|Protosynthesis|[silent]
|switch|p2a: Hatterene|Hatterene, F|100/100
|move|p1a: God is always good|Earthquake|p2a: Hatterene
|-damage|p2a: Hatterene|32/100
|-enditem|p2a: Hatterene|Eject Button
|
|t:|1758313224
|switch|p2a: Dragonite|Dragonite, F|100/100
|
|-weather|SunnyDay|[upkeep]
|upkeep
|turn|11
|
|t:|1758313227
|switch|p1a: I AM PRESSURE|Corviknight, M|92/100 par
|-ability|p1a: I AM PRESSURE|Pressure
|move|p2a: Dragonite|Dragon Dance|p2a: Dragonite
|-boost|p2a: Dragonite|atk|1
|-boost|p2a: Dragonite|spe|1
|
|-weather|SunnyDay|[upkeep]
|upkeep
|turn|12
|
|t:|1758313230
|move|p2a: Dragonite|Dragon Dance|p2a: Dragonite
|-boost|p2a: Dragonite|atk|1
|-boost|p2a: Dragonite|spe|1
|move|p1a: I AM PRESSURE|Iron Defense|p1a: I AM PRESSURE
|-boost|p1a: I AM PRESSURE|def|2
|
|-weather|SunnyDay|[upkeep]
|upkeep
|turn|13
|
|t:|1758313241
|-terastallize|p1a: I AM PRESSURE|Ghost
|move|p2a: Dragonite|Dragon Dance|p2a: Dragonite
|-boost|p2a: Dragonite|atk|1
|-boost|p2a: Dragonite|spe|1
|move|p1a: I AM PRESSURE|Body Press|p2a: Dragonite
|-resisted|p2a: Dragonite
|-damage|p2a: Dragonite|89/100
|
|-weather|none
|upkeep
|turn|14
|
|t:|1758313246
|move|p2a: Dragonite|Earthquake|p1a: I AM PRESSURE
|-damage|p1a: I AM PRESSURE|59/100 par
|move|p1a: I AM PRESSURE|Iron Defense|p1a: I AM PRESSURE
|-boost|p1a: I AM PRESSURE|def|2
|
|upkeep
|turn|15
|
|t:|1758313250
|move|p2a: Dragonite|Earthquake|p1a: I AM PRESSURE
|-damage|p1a: I AM PRESSURE|35/100 par
|cant|p1a: I AM PRESSURE|par
|
|upkeep
|turn|16
|
|t:|1758313252
|move|p2a: Dragonite|Earthquake|p1a: I AM PRESSURE
|-damage|p1a: I AM PRESSURE|13/100 par
|move|p1a: I AM PRESSURE|Roost|p1a: I AM PRESSURE
|-heal|p1a: I AM PRESSURE|63/100 par
|
|upkeep
|turn|17
|
|t:|1758313259
|switch|p2a: Scream Tail|Scream Tail|25/100
|move|p1a: I AM PRESSURE|Roost|p1a: I AM PRESSURE
|-heal|p1a: I AM PRESSURE|100/100 par
|
|upkeep
|turn|18
|
|t:|1758313264
|switch|p1a: Len'oir|Salazzle, F, shiny|100/100
|move|p2a: Scream Tail|Wish|p2a: Scream Tail
|
|upkeep
|turn|19
|
|t:|1758313269
|-end|p2a: Scream Tail|Protosynthesis|[silent]
|switch|p2a: Walking Wake|Walking Wake|48/100
|move|p1a: Len'oir|Flamethrower|p2a: Walking Wake
|-resisted|p2a: Walking Wake
|-damage|p2a: Walking Wake|36/100
|-status|p2a: Walking Wake|brn
|
|-heal|p2a: Walking Wake|99/100 brn|[from] move: Wish|[wisher] Scream Tail
|-damage|p2a: Walking Wake|94/100 brn|[from] brn
|upkeep
|turn|20
|
|t:|1758313286
|move|p1a: Len'oir|Flamethrower|p2a: Walking Wake
|-resisted|p2a: Walking Wake
|-damage|p2a: Walking Wake|83/100 brn
|move|p2a: Walking Wake|Draco Meteor|p1a: Len'oir
|-damage|p1a: Len'oir|0 fnt
|-unboost|p2a: Walking Wake|spa|2
|faint|p1a: Len'oir
|
|-damage|p2a: Walking Wake|76/100 brn|[from] brn
|upkeep
|
|t:|1758313291
|switch|p1a: God is always good|Landorus-Therian, M|100/100
|-ability|p1a: God is always good|Intimidate|boost
|-unboost|p2a: Walking Wake|atk|1
|turn|21
|
|t:|1758313295
|-end|p2a: Walking Wake|Protosynthesis|[silent]
|switch|p2a: Scream Tail|Scream Tail|25/100
|move|p1a: God is always good|U-turn|p2a: Scream Tail
|-damage|p2a: Scream Tail|3/100
|
|t:|1758313298
|switch|p1a: I U-turn on U|Cinderace, F|100/100|[from] U-turn
|
|upkeep
|turn|22
|
|t:|1758313299
|move|p1a: I U-turn on U|U-turn|p2a: Scream Tail
|-start|p1a: I U-turn on U|typechange|Bug|[from] ability: Libero
|-damage|p2a: Scream Tail|0 fnt
|faint|p2a: Scream Tail
|-end|p2a: Scream Tail|Protosynthesis|[silent]
|
|t:|1758313302
|switch|p1a: Conkeldurr|Conkeldurr, F|100/100|[from] U-turn
|
|-status|p1a: Conkeldurr|brn|[from] item: Flame Orb
|upkeep
|
|t:|1758313307
|switch|p2a: Hatterene|Hatterene, F|32/100
|turn|23
|
|t:|1758313311
|move|p1a: Conkeldurr|Facade|p2a: Hatterene
|-damage|p2a: Hatterene|0 fnt
|faint|p2a: Hatterene
|
|-damage|p1a: Conkeldurr|94/100 brn|[from] brn
|upkeep
|
|t:|1758313316
|switch|p2a: Walking Wake|Walking Wake|76/100 brn
|turn|24
|
|t:|1758313320
|switch|p1a: I AM PRESSURE|Corviknight, M, tera:Ghost|100/100 par
|-ability|p1a: I AM PRESSURE|Pressure
|move|p2a: Walking Wake|Draco Meteor|p1a: I AM PRESSURE
|-damage|p1a: I AM PRESSURE|23/100 par
|-unboost|p2a: Walking Wake|spa|2
|
|-damage|p2a: Walking Wake|70/100 brn|[from] brn
|upkeep
|turn|25
|
|t:|1758313322
|move|p2a: Walking Wake|Draco Meteor|p1a: I AM PRESSURE
|-damage|p1a: I AM PRESSURE|0 fnt
|-unboost|p2a: Walking Wake|spa|2
|faint|p1a: I AM PRESSURE
|
|-damage|p2a: Walking Wake|64/100 brn|[from] brn
|upkeep
|
|t:|1758313325
|switch|p1a: Conkeldurr|Conkeldurr, F|94/100 brn
|turn|26
|
|t:|1758313330
|-end|p2a: Walking Wake|Protosynthesis|[silent]
|switch|p2a: Dragonite|Dragonite, F|89/100
|move|p1a: Conkeldurr|Facade|p2a: Dragonite
|-damage|p2a: Dragonite|0 fnt
|faint|p2a: Dragonite
|
|-damage|p1a: Conkeldurr|88/100 brn|[from] brn
|upkeep
|
|t:|1758313333
|switch|p2a: Walking Wake|Walking Wake|64/100 brn
|turn|27
|
|t:|1758313354
|-terastallize|p2a: Walking Wake|Water
|move|p1a: Conkeldurr|Mach Punch|p2a: Walking Wake
|-damage|p2a: Walking Wake|24/100 brn
|move|p2a: Walking Wake|Hydro Steam|p1a: Conkeldurr
|-damage|p1a: Conkeldurr|0 fnt
|faint|p1a: Conkeldurr
|
|-damage|p2a: Walking Wake|18/100 brn|[from] brn
|upkeep
|
|t:|1758313357
|switch|p1a: I U-turn on U|Cinderace, F|100/100
|turn|28
|
|t:|1758313373
|move|p1a: I U-turn on U|Pyro Ball|p2a: Walking Wake|[miss]
|-miss|p1a: I U-turn on U|p2a: Walking Wake
|move|p2a: Walking Wake|Hydro Steam|p1a: I U-turn on U
|-supereffective|p1a: I U-turn on U
|-damage|p1a: I U-turn on U|0 fnt
|faint|p1a: I U-turn on U
|
|-damage|p2a: Walking Wake|11/100 brn|[from] brn
|upkeep
|
|t:|1758313376
|switch|p1a: God is always good|Landorus-Therian, M|100/100
|-ability|p1a: God is always good|Intimidate|boost
|-unboost|p2a: Walking Wake|atk|1
|turn|29
|
|t:|1758313378
|move|p1a: God is always good|Earthquake|p2a: Walking Wake
|-damage|p2a: Walking Wake|0 fnt
|faint|p2a: Walking Wake
|-end|p2a: Walking Wake|Protosynthesis|[silent]
|
|upkeep
|
|t:|1758313382
|switch|p2a: Kingambit|Kingambit, M|100/100
|-activate|p2a: Kingambit|ability: Supreme Overlord
|-start|p2a: Kingambit|fallen5|[silent]
|turn|30
|
|t:|1758313390
|move|p1a: God is always good|Earthquake|p2a: Kingambit
|-supereffective|p2a: Kingambit
|-damage|p2a: Kingambit|20/100
|move|p2a: Kingambit|Kowtow Cleave|p1a: God is always good
|-damage|p1a: God is always good|4/100
|
|upkeep
|turn|31
|
|t:|1758313393
|move|p2a: Kingambit|Sucker Punch|p1a: God is always good
|-damage|p1a: God is always good|0 fnt
|faint|p1a: God is always good
|
|win|Reeelbadman
|raw|pepinoloko's rating: 1464 &rarr; <strong>1446</strong><br />(-18 for losing)
|raw|Reeelbadman's rating: 1494 &rarr; <strong>1512</strong><br />(+18 for winning)
|l|☆pepinoloko
|player|p1|
