|j|☆Zezroy
|j|☆birbirb
|t:|1758376858
|gametype|singles
|player|p1|Zezroy|janitor|1477
|player|p2|birbirb|pokemaniac|1481
|gen|9
|tier|[Gen 9] OU
|rated|
|rule|HP Percentage Mod: HP is shown in percentages
|rule|Endless Battle Clause: Forcing endless battles is banned
|rule|Species Clause: Limit one of each Pokémon
|rule|OHKO Clause: OHKO moves are banned
|rule|Evasion Items Clause: Evasion items are banned
|rule|Evasion Moves Clause: Evasion moves are banned
|rule|Evasion Abilities Clause: Evasion abilities are banned
|rule|Sleep Moves Clause: Sleep-inducing moves are banned
|clearpoke
|poke|p1|Corviknight, F|
|poke|p1|Whimsicott, F|
|poke|p1|Toxapex, F|
|poke|p1|Slither Wing|
|poke|p1|Regidrago|
|poke|p1|Meloetta|
|poke|p2|Landorus-Therian, M|
|poke|p2|Zamazenta-*|
|poke|p2|Pecharunt|
|poke|p2|Samurott-Hisui, M|
|poke|p2|Latios, M|
|poke|p2|Scizor, F|
|teampreview
|
|t:|1758376880
|teamsize|p1|6
|teamsize|p2|6
|start
|switch|p1a: Jawbreaker|Regidrago|100/100
|switch|p2a: Landorus|Landorus-Therian, M|100/100
|-ability|p2a: Landorus|Intimidate|boost
|-unboost|p1a: Jawbreaker|atk|1
|turn|1
|
|t:|1758376898
|switch|p2a: Pecharunt|Pecharunt|100/100
|move|p1a: Jawbreaker|Draco Meteor|p2a: Pecharunt
|-damage|p2a: Pecharunt|0 fnt
|-unboost|p1a: Jawbreaker|spa|2
|faint|p2a: Pecharunt
|
|upkeep
|
|t:|1758376902
|switch|p2a: Samurott|Samurott-Hisui, M|100/100
|turn|2
|
|t:|1758376907
|switch|p1a: Red Eye|Corviknight, F|100/100
|move|p2a: Samurott|Ceaseless Edge|p1a: Red Eye
|-damage|p1a: Red Eye|70/100
|-sidestart|p1: Zezroy|Spikes
|
|-heal|p1a: Red Eye|76/100|[from] item: Leftovers
|upkeep
|turn|3
|
|t:|1758376912
|move|p2a: Samurott|Knock Off|p1a: Red Eye
|-damage|p1a: Red Eye|47/100
|-enditem|p1a: Red Eye|Leftovers|[from] move: Knock Off|[of] p2a: Samurott
|move|p1a: Red Eye|Defog|p2a: Samurott
|-unboost|p2a: Samurott|evasion|1
|-sideend|p1: Zezroy|Spikes|[from] move: Defog|[of] p1a: Red Eye
|
|upkeep
|turn|4
|
|t:|1758376916
|move|p2a: Samurott|Ceaseless Edge|p1a: Red Eye
|-crit|p1a: Red Eye
|-damage|p1a: Red Eye|4/100
|-sidestart|p1: Zezroy|Spikes
|move|p1a: Red Eye|Roost|p1a: Red Eye
|-heal|p1a: Red Eye|54/100
|-singleturn|p1a: Red Eye|move: Roost
|
|upkeep
|turn|5
|
|t:|1758376921
|move|p2a: Samurott|Aqua Cutter|p1a: Red Eye
|-damage|p1a: Red Eye|23/100
|move|p1a: Red Eye|Roost|p1a: Red Eye
|-heal|p1a: Red Eye|73/100
|-singleturn|p1a: Red Eye|move: Roost
|
|upkeep
|turn|6
|
|t:|1758376931
|move|p2a: Samurott|Aqua Cutter|p1a: Red Eye
|-damage|p1a: Red Eye|42/100
|move|p1a: Red Eye|Body Press|p2a: Samurott
|-supereffective|p2a: Samurott
|-damage|p2a: Samurott|32/100
|
|upkeep
|turn|7
|
|t:|1758376937
|switch|p2a: Landorus|Landorus-Therian, M|100/100
|-ability|p2a: Landorus|Intimidate|boost
|-ability|p1a: Red Eye|Mirror Armor
|-unboost|p2a: Landorus|atk|1
|move|p1a: Red Eye|Roost|p1a: Red Eye
|-heal|p1a: Red Eye|92/100
|-singleturn|p1a: Red Eye|move: Roost
|
|upkeep
|turn|8
|
|t:|1758376940
|move|p2a: Landorus|Smack Down|p1a: Red Eye
|-damage|p1a: Red Eye|86/100
|-start|p1a: Red Eye|Smack Down
|move|p1a: Red Eye|Defog|p2a: Landorus
|-unboost|p2a: Landorus|evasion|1
|-sideend|p1: Zezroy|Spikes|[from] move: Defog|[of] p1a: Red Eye
|
|upkeep
|turn|9
|
|t:|1758376953
|switch|p1a: Teeny-Rex|Slither Wing|100/100
|move|p2a: Landorus|Stealth Rock|p1a: Teeny-Rex
|-sidestart|p1: Zezroy|move: Stealth Rock
|
|upkeep
|turn|10
|
|t:|1758376958
|move|p2a: Landorus|U-turn|p1a: Teeny-Rex
|-resisted|p1a: Teeny-Rex
|-damage|p1a: Teeny-Rex|91/100
|
|t:|1758376962
|switch|p2a: Zamazenta|Zamazenta|100/100|[from] U-turn
|-ability|p2a: Zamazenta|Dauntless Shield|boost
|-boost|p2a: Zamazenta|def|1
|move|p1a: Teeny-Rex|U-turn|p2a: Zamazenta
|-resisted|p2a: Zamazenta
|-damage|p2a: Zamazenta|86/100
|
|t:|1758376978
|-end|p1a: Teeny-Rex|Protosynthesis|[silent]
|switch|p1a: Raspberry Berrret|Toxapex, F, shiny|100/100|[from] U-turn
|-damage|p1a: Raspberry Berrret|88/100|[from] Stealth Rock
|
|-heal|p2a: Zamazenta|92/100|[from] item: Leftovers
|upkeep
|turn|11
|
|t:|1758376981
|switch|p2a: Scizor|Scizor, F|100/100
|move|p1a: Raspberry Berrret|Toxic|p2a: Scizor
|-immune|p2a: Scizor
|
|upkeep
|turn|12
|
|t:|1758376986
|move|p2a: Scizor|Swords Dance|p2a: Scizor
|-boost|p2a: Scizor|atk|2
|move|p1a: Raspberry Berrret|Surf|p2a: Scizor
|-damage|p2a: Scizor|75/100
|
|upkeep
|turn|13
|
|t:|1758376989
|move|p2a: Scizor|Knock Off|p1a: Raspberry Berrret
|-damage|p1a: Raspberry Berrret|44/100
|-damage|p2a: Scizor|58/100|[from] item: Rocky Helmet|[of] p1a: Raspberry Berrret
|-enditem|p1a: Raspberry Berrret|Rocky Helmet|[from] move: Knock Off|[of] p2a: Scizor
|move|p1a: Raspberry Berrret|Haze|p1a: Raspberry Berrret
|-clearallboost
|
|upkeep
|turn|14
|
|t:|1758376992
|move|p2a: Scizor|Swords Dance|p2a: Scizor
|-boost|p2a: Scizor|atk|2
|move|p1a: Raspberry Berrret|Recover|p1a: Raspberry Berrret
|-heal|p1a: Raspberry Berrret|94/100
|
|upkeep
|turn|15
|
|t:|1758376996
|-terastallize|p2a: Scizor|Electric
|move|p2a: Scizor|Tera Blast|p1a: Raspberry Berrret|[anim] Tera Blast Electric
|-supereffective|p1a: Raspberry Berrret
|-damage|p1a: Raspberry Berrret|0 fnt
|faint|p1a: Raspberry Berrret
|
|upkeep
|
|t:|1758377026
|switch|p1a: Jawbreaker|Regidrago|100/100
|-damage|p1a: Jawbreaker|88/100|[from] Stealth Rock
|turn|16
|
|t:|1758377035
|-terastallize|p1a: Jawbreaker|Steel
|move|p2a: Scizor|Bullet Punch|p1a: Jawbreaker
|-resisted|p1a: Jawbreaker
|-damage|p1a: Jawbreaker|48/100
|move|p1a: Jawbreaker|Dragon Energy|p2a: Scizor
|-damage|p2a: Scizor|0 fnt
|faint|p2a: Scizor
|
|upkeep
|
|t:|1758377040
|switch|p2a: Landorus|Landorus-Therian, M|100/100
|-ability|p2a: Landorus|Intimidate|boost
|-unboost|p1a: Jawbreaker|atk|1
|turn|17
|
|t:|1758377045
|switch|p1a: Red Eye|Corviknight, F|86/100
|-damage|p1a: Red Eye|74/100|[from] Stealth Rock
|move|p2a: Landorus|Earthquake|p1a: Red Eye
|-immune|p1a: Red Eye
|
|upkeep
|turn|18
|
|t:|1758377048
|move|p2a: Landorus|Smack Down|p1a: Red Eye
|-damage|p1a: Red Eye|64/100
|-start|p1a: Red Eye|Smack Down
|move|p1a: Red Eye|Defog|p2a: Landorus
|-unboost|p2a: Landorus|evasion|1
|-sideend|p1: Zezroy|Stealth Rock|[from] move: Defog|[of] p1a: Red Eye
|
|upkeep
|turn|19
|
|t:|1758377058
|move|p2a: Landorus|Stealth Rock|p1a: Red Eye
|-sidestart|p1: Zezroy|move: Stealth Rock
|move|p1a: Red Eye|Roost|p1a: Red Eye
|-heal|p1a: Red Eye|100/100
|-singleturn|p1a: Red Eye|move: Roost
|
|upkeep
|turn|20
|
|t:|1758377124
|switch|p1a: Popcorn|Whimsicott, F|100/100
|-damage|p1a: Popcorn|88/100|[from] Stealth Rock
|move|p2a: Landorus|Earthquake|p1a: Popcorn
|-resisted|p1a: Popcorn
|-damage|p1a: Popcorn|57/100
|
|-heal|p1a: Popcorn|64/100|[from] item: Leftovers
|upkeep
|turn|21
|
|t:|1758377132
|move|p1a: Popcorn|Protect|p1a: Popcorn
|-singleturn|p1a: Popcorn|Protect
|move|p2a: Landorus|U-turn|p1a: Popcorn
|-activate|p1a: Popcorn|move: Protect
|
|-heal|p1a: Popcorn|70/100|[from] item: Leftovers
|upkeep
|turn|22
|
|t:|1758377138
|move|p2a: Landorus|U-turn|p1a: Popcorn
|-damage|p1a: Popcorn|44/100
|
|t:|1758377145
|switch|p2a: Zamazenta|Zamazenta|92/100|[from] U-turn
|move|p1a: Popcorn|Moonblast|p2a: Zamazenta
|-supereffective|p2a: Zamazenta
|-damage|p2a: Zamazenta|45/100
|
|-heal|p2a: Zamazenta|51/100|[from] item: Leftovers
|-heal|p1a: Popcorn|50/100|[from] item: Leftovers
|upkeep
|turn|23
|
|t:|1758377152
|move|p1a: Popcorn|Protect|p1a: Popcorn
|-singleturn|p1a: Popcorn|Protect
|move|p2a: Zamazenta|Body Press|p1a: Popcorn
|-activate|p1a: Popcorn|move: Protect
|
|-heal|p2a: Zamazenta|57/100|[from] item: Leftovers
|-heal|p1a: Popcorn|56/100|[from] item: Leftovers
|upkeep
|turn|24
|
|t:|1758377160
|move|p1a: Popcorn|Encore|p2a: Zamazenta
|-start|p2a: Zamazenta|Encore
|move|p2a: Zamazenta|Body Press|p1a: Popcorn
|-resisted|p1a: Popcorn
|-crit|p1a: Popcorn
|-damage|p1a: Popcorn|20/100
|
|-heal|p2a: Zamazenta|63/100|[from] item: Leftovers
|-heal|p1a: Popcorn|26/100|[from] item: Leftovers
|upkeep
|turn|25
|
|t:|1758377166
|switch|p2a: Landorus|Landorus-Therian, M|100/100
|-ability|p2a: Landorus|Intimidate|boost
|-unboost|p1a: Popcorn|atk|1
|move|p1a: Popcorn|Leech Seed|p2a: Landorus
|-start|p2a: Landorus|move: Leech Seed
|
|-heal|p1a: Popcorn|32/100|[from] item: Leftovers
|-damage|p2a: Landorus|88/100|[from] Leech Seed|[of] p1a: Popcorn
|-heal|p1a: Popcorn|47/100|[silent]
|upkeep
|turn|26
|
|t:|1758377171
|switch|p2a: Samurott|Samurott-Hisui, M|32/100
|move|p1a: Popcorn|Protect||[still]
|-fail|p1a: Popcorn
|
|-heal|p1a: Popcorn|53/100|[from] item: Leftovers
|upkeep
|turn|27
|
|t:|1758377176
|move|p1a: Popcorn|Moonblast|p2a: Samurott
|-supereffective|p2a: Samurott
|-damage|p2a: Samurott|0 fnt
|faint|p2a: Samurott
|
|-heal|p1a: Popcorn|59/100|[from] item: Leftovers
|upkeep
|
|t:|1758377179
|switch|p2a: Latios|Latios, M|100/100
|turn|28
|
|t:|1758377183
|switch|p1a: Disney Time|Meloetta|100/100
|-damage|p1a: Disney Time|88/100|[from] Stealth Rock
|move|p2a: Latios|Psychic Noise|p1a: Disney Time
|-resisted|p1a: Disney Time
|-damage|p1a: Disney Time|80/100
|-start|p1a: Disney Time|move: Heal Block
|
|upkeep
|turn|29
|
|t:|1758377188
|move|p2a: Latios|Calm Mind|p2a: Latios
|-boost|p2a: Latios|spa|1
|-boost|p2a: Latios|spd|1
|move|p1a: Disney Time|Knock Off|p2a: Latios
|-supereffective|p2a: Latios
|-damage|p2a: Latios|55/100
|-enditem|p2a: Latios|Soul Dew|[from] move: Knock Off|[of] p1a: Disney Time
|
|-end|p1a: Disney Time|move: Heal Block
|upkeep
|turn|30
|
|t:|1758377192
|move|p2a: Latios|Draco Meteor|p1a: Disney Time|[miss]
|-miss|p2a: Latios|p1a: Disney Time
|move|p1a: Disney Time|U-turn|p2a: Latios
|-supereffective|p2a: Latios
|-damage|p2a: Latios|23/100
|
|t:|1758377198
|switch|p1a: Popcorn|Whimsicott, F|59/100|[from] U-turn
|-damage|p1a: Popcorn|47/100|[from] Stealth Rock
|
|-heal|p1a: Popcorn|53/100|[from] item: Leftovers
|upkeep
|turn|31
|-message|birbirb forfeited.
|
|win|Zezroy
|raw|Zezroy's rating: 1477 &rarr; <strong>1497</strong><br />(+20 for winning)
|raw|birbirb's rating: 1481 &rarr; <strong>1461</strong><br />(-20 for losing)
|l|☆birbirb
|player|p2|
|l|☆Zezroy
|player|p1|
