|j|☆Naz-sama
|j|☆yyigy'
|t:|1758346199
|gametype|singles
|player|p1|Naz-sama|lady|1554
|player|p2|yyigy'|skierf|1525
|gen|9
|tier|[Gen 9] OU
|rated|
|rule|HP Percentage Mod: HP is shown in percentages
|rule|Endless Battle Clause: Forcing endless battles is banned
|rule|Species Clause: Limit one of each Pokémon
|rule|OHKO Clause: OHKO moves are banned
|rule|Evasion Items Clause: Evasion items are banned
|rule|Evasion Moves Clause: Evasion moves are banned
|rule|Evasion Abilities Clause: Evasion abilities are banned
|rule|Sleep Moves Clause: Sleep-inducing moves are banned
|clearpoke
|poke|p1|Pelipper, F|
|poke|p1|Iron Treads|
|poke|p1|Hatterene, F|
|poke|p1|Toxicroak, M|
|poke|p1|Barraskewda, M|
|poke|p1|Talonflame, F|
|poke|p2|Samurott-Hisui, F|
|poke|p2|Iron Valiant|
|poke|p2|Pecharunt|
|poke|p2|Reuniclus, F|
|poke|p2|Darkrai|
|poke|p2|Kingambit, F|
|teampreview
|inactive|Battle timer is ON: inactive players will automatically lose when time's up. (requested by Naz-sama)
|
|t:|1758346219
|teamsize|p1|6
|teamsize|p2|6
|start
|switch|p1a: Pelipper|Pelipper, F|100/100
|switch|p2a: Valediction|Samurott-Hisui, F|100/100
|-weather|RainDance|[from] ability: Drizzle|[of] p1a: Pelipper
|turn|1
|
|t:|1758346228
|move|p2a: Valediction|Ceaseless Edge|p1a: Pelipper
|-damage|p1a: Pelipper|58/100
|-sidestart|p1: Naz-sama|Spikes
|move|p1a: Pelipper|U-turn|p2a: Valediction
|-supereffective|p2a: Valediction
|-damage|p2a: Valediction|78/100
|
|t:|1758346246
|switch|p1a: Talonflame|Talonflame, F|100/100|[from] U-turn
|
|-weather|RainDance|[upkeep]
|upkeep
|turn|2
|
|t:|1758346260
|move|p1a: Talonflame|Hurricane|p2a: Valediction
|-damage|p2a: Valediction|0 fnt
|faint|p2a: Valediction
|
|-weather|RainDance|[upkeep]
|upkeep
|inactive|yyigy' has 120 seconds left.
|
|t:|1758346286
|switch|p2a: Metastasis|Reuniclus, F|100/100
|turn|3
|
|t:|1758346299
|switch|p1a: Hatterene|Hatterene, F|100/100
|-damage|p1a: Hatterene|88/100|[from] Spikes
|move|p2a: Metastasis|Trick Room|p2a: Metastasis
|-fieldstart|move: Trick Room|[of] p2a: Metastasis
|
|-weather|RainDance|[upkeep]
|upkeep
|turn|4
|
|t:|1758346311
|move|p2a: Metastasis|Shadow Ball|p1a: Hatterene
|-supereffective|p1a: Hatterene
|-damage|p1a: Hatterene|11/100
|-unboost|p1a: Hatterene|spd|1
|-enditem|p1a: Hatterene|Eject Button
|
|t:|1758346317
|switch|p1a: Barraskewda|Barraskewda, M|100/100
|-damage|p1a: Barraskewda|88/100|[from] Spikes
|
|-weather|RainDance|[upkeep]
|upkeep
|turn|5
|
|t:|1758346334
|switch|p1a: Iron Treads|Iron Treads|100/100
|-damage|p1a: Iron Treads|88/100|[from] Spikes
|move|p2a: Metastasis|Psychic Noise|p1a: Iron Treads
|-resisted|p1a: Iron Treads
|-damage|p1a: Iron Treads|68/100
|-start|p1a: Iron Treads|move: Heal Block
|
|-weather|RainDance|[upkeep]
|upkeep
|turn|6
|
|t:|1758346349
|move|p2a: Metastasis|Focus Blast|p1a: Iron Treads
|-supereffective|p1a: Iron Treads
|-damage|p1a: Iron Treads|0 fnt
|faint|p1a: Iron Treads
|-end|p1a: Iron Treads|Quark Drive|[silent]
|
|-weather|RainDance|[upkeep]
|upkeep
|inactive|Naz-sama has 120 seconds left.
|inactive|Naz-sama has 90 seconds left.
|
|t:|1758346408
|switch|p1a: Pelipper|Pelipper, F|58/100
|turn|7
|inactive|yyigy' has 120 seconds left.
|
|t:|1758346430
|move|p1a: Pelipper|Roost|p1a: Pelipper
|-heal|p1a: Pelipper|100/100
|-singleturn|p1a: Pelipper|move: Roost
|move|p2a: Metastasis|Trick Room|p2a: Metastasis
|-fieldend|move: Trick Room
|
|-weather|RainDance|[upkeep]
|upkeep
|turn|8
|inactive|Naz-sama has 90 seconds left.
|
|t:|1758346450
|move|p1a: Pelipper|Hurricane|p2a: Metastasis
|-damage|p2a: Metastasis|71/100
|move|p2a: Metastasis|Trick Room|p2a: Metastasis
|-fieldstart|move: Trick Room|[of] p2a: Metastasis
|
|-weather|none
|upkeep
|turn|9
|inactive|Naz-sama has 90 seconds left.
|
|t:|1758346465
|move|p2a: Metastasis|Psychic Noise|p1a: Pelipper
|-damage|p1a: Pelipper|53/100
|-start|p1a: Pelipper|move: Heal Block
|cant|p1a: Pelipper|move: Heal Block|Roost
|
|upkeep
|turn|10
|
|t:|1758346473
|switch|p1a: Hatterene|Hatterene, F|11/100
|-damage|p1a: Hatterene|0 fnt|[from] Spikes
|faint|p1a: Hatterene
|move|p2a: Metastasis|Psychic Noise|p1: Hatterene|[notarget]
|-fail|p2a: Metastasis
|
|upkeep
|inactive|Naz-sama has 90 seconds left.
|
|t:|1758346492
|switch|p1a: Talonflame|Talonflame, F|100/100
|turn|11
|inactive|Naz-sama has 90 seconds left.
|
|t:|1758346507
|move|p2a: Metastasis|Psychic Noise|p1a: Talonflame
|-damage|p1a: Talonflame|28/100
|-start|p1a: Talonflame|move: Heal Block
|move|p1a: Talonflame|Overheat|p2a: Metastasis
|-damage|p2a: Metastasis|13/100
|-unboost|p1a: Talonflame|spa|2
|
|upkeep
|turn|12
|inactive|Naz-sama has 90 seconds left.
|
|t:|1758346527
|switch|p1a: Pelipper|Pelipper, F|53/100
|-weather|RainDance|[from] ability: Drizzle|[of] p1a: Pelipper
|move|p2a: Metastasis|Psychic Noise|p1a: Pelipper
|-damage|p1a: Pelipper|0 fnt
|faint|p1a: Pelipper
|
|-weather|RainDance|[upkeep]
|-fieldend|move: Trick Room
|upkeep
|
|t:|1758346540
|switch|p1a: Barraskewda|Barraskewda, M|88/100
|-damage|p1a: Barraskewda|76/100|[from] Spikes
|turn|13
|
|t:|1758346553
|move|p1a: Barraskewda|Liquidation|p2a: Metastasis
|-damage|p2a: Metastasis|0 fnt
|faint|p2a: Metastasis
|
|-weather|RainDance|[upkeep]
|upkeep
|
|t:|1758346567
|switch|p2a: Azathoth|Pecharunt|100/100
|turn|14
|inactive|Naz-sama has 90 seconds left.
|
|t:|1758346577
|-terastallize|p1a: Barraskewda|Water
|move|p1a: Barraskewda|Liquidation|p2a: Azathoth
|-crit|p2a: Azathoth
|-damage|p2a: Azathoth|0 fnt
|faint|p2a: Azathoth
|
|-weather|RainDance|[upkeep]
|upkeep
|
|t:|1758346590
|switch|p2a: Scarlet Devil|Darkrai|100/100
|turn|15
|
|t:|1758346600
|move|p2a: Scarlet Devil|Sucker Punch|p1a: Barraskewda
|-damage|p1a: Barraskewda|20/100
|move|p1a: Barraskewda|Liquidation|p2a: Scarlet Devil
|-damage|p2a: Scarlet Devil|0 fnt
|faint|p2a: Scarlet Devil
|
|-weather|RainDance|[upkeep]
|upkeep
|
|t:|1758346609
|switch|p2a: Mani Katti|Iron Valiant|100/100
|-enditem|p2a: Mani Katti|Booster Energy
|-activate|p2a: Mani Katti|ability: Quark Drive|[fromitem]
|-start|p2a: Mani Katti|quarkdrivespa
|turn|16
|
|t:|1758346614
|move|p1a: Barraskewda|Liquidation|p2a: Mani Katti
|-damage|p2a: Mani Katti|0 fnt
|faint|p2a: Mani Katti
|-end|p2a: Mani Katti|Quark Drive|[silent]
|
|-weather|RainDance|[upkeep]
|upkeep
|
|t:|1758346622
|switch|p2a: Murasama|Kingambit, F|100/100
|-activate|p2a: Murasama|ability: Supreme Overlord
|-start|p2a: Murasama|fallen5|[silent]
|turn|17
|
|t:|1758346635
|-terastallize|p2a: Murasama|Dark
|move|p2a: Murasama|Sucker Punch|p1a: Barraskewda
|-damage|p1a: Barraskewda|0 fnt
|faint|p1a: Barraskewda
|
|-weather|RainDance|[upkeep]
|upkeep
|
|t:|1758346639
|switch|p1a: Toxicroak|Toxicroak, M|100/100
|-damage|p1a: Toxicroak|88/100|[from] Spikes
|turn|18
|
|t:|1758346652
|move|p1a: Toxicroak|Encore|p2a: Murasama
|-start|p2a: Murasama|Encore
|move|p2a: Murasama|Sucker Punch||[still]
|-fail|p2a: Murasama
|
|-weather|RainDance|[upkeep]
|-heal|p1a: Toxicroak|100/100|[from] ability: Dry Skin
|upkeep
|turn|19
|
|t:|1758346659
|move|p2a: Murasama|Sucker Punch||[still]
|-fail|p2a: Murasama
|move|p1a: Toxicroak|Toxic|p2a: Murasama
|-status|p2a: Murasama|tox
|
|-weather|none
|-damage|p2a: Murasama|94/100 tox|[from] psn
|upkeep
|turn|20
|
|t:|1758346666
|move|p2a: Murasama|Sucker Punch||[still]
|-fail|p2a: Murasama
|move|p1a: Toxicroak|Toxic|p2a: Murasama
|-fail|p2a: Murasama|tox
|
|-damage|p2a: Murasama|82/100 tox|[from] psn
|-end|p2a: Murasama|Encore
|upkeep
|turn|21
|
|t:|1758346680
|move|p1a: Toxicroak|Encore|p2a: Murasama
|-start|p2a: Murasama|Encore
|move|p2a: Murasama|Sucker Punch||[still]
|-fail|p2a: Murasama
|
|-damage|p2a: Murasama|63/100 tox|[from] psn
|upkeep
|turn|22
|
|t:|1758346686
|move|p2a: Murasama|Sucker Punch||[still]
|-fail|p2a: Murasama
|move|p1a: Toxicroak|Toxic|p2a: Murasama
|-fail|p2a: Murasama|tox
|
|-damage|p2a: Murasama|39/100 tox|[from] psn
|upkeep
|turn|23
|
|t:|1758346692
|move|p2a: Murasama|Sucker Punch||[still]
|-fail|p2a: Murasama
|move|p1a: Toxicroak|Toxic|p2a: Murasama
|-fail|p2a: Murasama|tox
|
|-damage|p2a: Murasama|8/100 tox|[from] psn
|-end|p2a: Murasama|Encore
|upkeep
|turn|24
|-message|yyigy' forfeited.
|
|win|Naz-sama
|raw|Naz-sama's rating: 1554 &rarr; <strong>1572</strong><br />(+18 for winning)
|raw|yyigy&apos;'s rating: 1525 &rarr; <strong>1507</strong><br />(-18 for losing)
|l|☆yyigy'
|player|p2|
|l|☆Naz-sama
|player|p1|
