|j|☆luxgia
|j|☆Obito 2001
|t:|1758301421
|gametype|singles
|player|p1|luxgia|byron|1768
|player|p2|Obito 2001|blue-gen3two|1804
|gen|9
|tier|[Gen 9] OU
|rated|
|rule|HP Percentage Mod: HP is shown in percentages
|rule|Endless Battle Clause: Forcing endless battles is banned
|rule|Species Clause: Limit one of each Pokémon
|rule|OHKO Clause: OHKO moves are banned
|rule|Evasion Items Clause: Evasion items are banned
|rule|Evasion Moves Clause: Evasion moves are banned
|rule|Evasion Abilities Clause: Evasion abilities are banned
|rule|Sleep Moves Clause: Sleep-inducing moves are banned
|clearpoke
|poke|p1|Iron Crown|
|poke|p1|Samurott-Hisui, M|
|poke|p1|Zapdos|
|poke|p1|Dragapult, M|
|poke|p1|Great Tusk|
|poke|p1|Iron Boulder|
|poke|p2|Kyurem|
|poke|p2|Golem, M|
|poke|p2|Weezing-Galar, F|
|poke|p2|Snorlax, F|
|poke|p2|Vaporeon, F|
|poke|p2|Dragonite, M|
|teampreview
|inactive|Battle timer is ON: inactive players will automatically lose when time's up. (requested by Obito 2001)
|
|t:|1758301449
|teamsize|p1|6
|teamsize|p2|6
|start
|switch|p1a: Mindreader|Iron Crown|100/100
|switch|p2a: Golem|Golem, M|100/100
|turn|1
|
|t:|1758301468
|-terastallize|p2a: Golem|Normal
|move|p1a: Mindreader|Tachyon Cutter|p2a: Golem
|-crit|p2a: Golem
|-damage|p2a: Golem|29/100
|-damage|p2a: Golem|0 fnt
|faint|p2a: Golem
|-hitcount|p2: Golem|2
|
|upkeep
|
|t:|1758301479
|switch|p2a: Vaporeon|Vaporeon, F|100/100
|turn|2
|
|t:|1758301486
|-end|p1a: Mindreader|Quark Drive|[silent]
|switch|p1a: Hurikan|Zapdos|100/100
|move|p2a: Vaporeon|Calm Mind|p2a: Vaporeon
|-boost|p2a: Vaporeon|spa|1
|-boost|p2a: Vaporeon|spd|1
|
|upkeep
|turn|3
|
|t:|1758301491
|move|p1a: Hurikan|Discharge|p2a: Vaporeon
|-supereffective|p2a: Vaporeon
|-damage|p2a: Vaporeon|63/100
|move|p2a: Vaporeon|Calm Mind|p2a: Vaporeon
|-boost|p2a: Vaporeon|spa|1
|-boost|p2a: Vaporeon|spd|1
|
|upkeep
|turn|4
|
|t:|1758301496
|move|p1a: Hurikan|Discharge|p2a: Vaporeon
|-supereffective|p2a: Vaporeon
|-damage|p2a: Vaporeon|35/100
|move|p2a: Vaporeon|Ice Beam|p1a: Hurikan
|-supereffective|p1a: Hurikan
|-damage|p1a: Hurikan|0 fnt
|faint|p1a: Hurikan
|
|upkeep
|
|t:|1758301505
|switch|p1a: Mindreader|Iron Crown|100/100
|turn|5
|
|t:|1758301511
|move|p1a: Mindreader|Psyshock|p2a: Vaporeon
|-damage|p2a: Vaporeon|0 fnt
|faint|p2a: Vaporeon
|
|upkeep
|
|t:|1758301517
|switch|p2a: Ban me ASAP|Dragonite, M|100/100
|turn|6
|j| Squallskip
|
|t:|1758301523
|-end|p1a: Mindreader|Quark Drive|[silent]
|switch|p1a: Parasite|Dragapult, M|100/100
|move|p2a: Ban me ASAP|Earthquake|p1a: Parasite
|-damage|p1a: Parasite|51/100
|
|upkeep
|turn|7
|
|t:|1758301529
|move|p1a: Parasite|Dragon Darts|p2a: Ban me ASAP
|-supereffective|p2a: Ban me ASAP
|-damage|p2a: Ban me ASAP|64/100
|-anim|p1a: Parasite|Dragon Darts|p2a: Ban me ASAP
|-supereffective|p2a: Ban me ASAP
|-damage|p2a: Ban me ASAP|0 fnt
|faint|p2a: Ban me ASAP
|
|upkeep
|
|t:|1758301532
|switch|p2a: Fk hazard noobs|Weezing-Galar, F|100/100
|-ability|p2a: Fk hazard noobs|Neutralizing Gas
|turn|8
|
|t:|1758301536
|switch|p1a: Mindreader|Iron Crown|100/100
|move|p2a: Fk hazard noobs|Will-O-Wisp|p1a: Mindreader
|-status|p1a: Mindreader|brn
|
|-damage|p1a: Mindreader|94/100 brn|[from] brn
|upkeep
|turn|9
|
|t:|1758301541
|move|p1a: Mindreader|Tachyon Cutter|p2a: Fk hazard noobs
|-supereffective|p2a: Fk hazard noobs
|-damage|p2a: Fk hazard noobs|0 fnt
|faint|p2a: Fk hazard noobs
|-end|p2a: Fk hazard noobs|ability: Neutralizing Gas
|-hitcount|p2: Fk hazard noobs|1
|
|-damage|p1a: Mindreader|88/100 brn|[from] brn
|upkeep
|
|t:|1758301544
|switch|p2a: Snorlax|Snorlax, F, shiny|100/100
|turn|10
|
|t:|1758301559
|-end|p1a: Mindreader|Quark Drive|[silent]
|switch|p1a: Parasite|Dragapult, M|51/100
|move|p2a: Snorlax|Curse|p2a: Snorlax
|-unboost|p2a: Snorlax|spe|1
|-boost|p2a: Snorlax|atk|1
|-boost|p2a: Snorlax|def|1
|
|upkeep
|turn|11
|
|t:|1758301568
|move|p1a: Parasite|Dragon Darts|p2a: Snorlax
|-damage|p2a: Snorlax|77/100
|-anim|p1a: Parasite|Dragon Darts|p2a: Snorlax
|-damage|p2a: Snorlax|56/100
|move|p2a: Snorlax|Earthquake|p1a: Parasite
|-damage|p1a: Parasite|0 fnt
|faint|p1a: Parasite
|
|upkeep
|j| ilytrix
|j| FaronAan
|inactive|luxgia has 120 seconds left.
|
|t:|1758301626
|switch|p1a: Everytime We Touch|Samurott-Hisui, M|100/100
|turn|12
|l| ilytrix
|
|t:|1758301634
|move|p1a: Everytime We Touch|Sacred Sword|p2a: Snorlax
|-supereffective|p2a: Snorlax
|-damage|p2a: Snorlax|0 fnt
|faint|p2a: Snorlax
|
|upkeep
|
|t:|1758301638
|switch|p2a: Ban Darkrai|Kyurem|100/100
|-ability|p2a: Ban Darkrai|Pressure
|turn|13
|
|t:|1758301644
|switch|p1a: Revery|Iron Boulder|100/100
|-enditem|p1a: Revery|Booster Energy
|-activate|p1a: Revery|ability: Quark Drive|[fromitem]
|-start|p1a: Revery|quarkdrivespe
|move|p2a: Ban Darkrai|Scale Shot|p1a: Revery|[miss]
|-miss|p2a: Ban Darkrai|p1a: Revery
|
|upkeep
|turn|14
|-message|Obito 2001 forfeited.
|
|win|luxgia
|raw|luxgia's rating: 1768 &rarr; <strong>1790</strong><br />(+22 for winning)
|raw|Obito 2001's rating: 1804 &rarr; <strong>1782</strong><br />(-22 for losing)
|l|☆Obito 2001
|player|p2|
|l| Squallskip
