|j|☆WeR#4Hay!
|j|☆RoddyJ
|t:|1758330717
|gametype|singles
|player|p1|WeR#4Hay!|102|1569
|player|p2|RoddyJ|ethan|1606
|gen|9
|tier|[Gen 9] OU
|rated|
|rule|HP Percentage Mod: HP is shown in percentages
|rule|Endless Battle Clause: Forcing endless battles is banned
|rule|Species Clause: Limit one of each Pokémon
|rule|OHKO Clause: OHKO moves are banned
|rule|Evasion Items Clause: Evasion items are banned
|rule|Evasion Moves Clause: Evasion moves are banned
|rule|Evasion Abilities Clause: Evasion abilities are banned
|rule|Sleep Moves Clause: Sleep-inducing moves are banned
|clearpoke
|poke|p1|Hydrapple, F|
|poke|p1|Slowking, M|
|poke|p1|Iron Treads|
|poke|p1|Moltres|
|poke|p1|Zamazenta-*|
|poke|p1|Kingambit, F|
|poke|p2|Iron Crown|
|poke|p2|Articuno-Galar|
|poke|p2|Blaziken, F|
|poke|p2|Dragapult, M|
|poke|p2|Kyurem|
|poke|p2|Glimmora, M|
|teampreview
|inactive|Battle timer is ON: inactive players will automatically lose when time's up. (requested by RoddyJ)
|j| Cassimir Bazan
|l| Cassimir Bazan
|
|t:|1758330750
|teamsize|p1|6
|teamsize|p2|6
|start
|switch|p1a: Slowking|Slowking, M|100/100
|switch|p2a: Blaziken|Blaziken, F, shiny|100/100
|turn|1
|
|t:|1758330764
|switch|p2a: Kyurem|Kyurem, shiny|100/100
|-ability|p2a: Kyurem|Pressure
|move|p1a: Slowking|Scald|p2a: Kyurem
|-resisted|p2a: Kyurem
|-damage|p2a: Kyurem|88/100
|
|upkeep
|turn|2
|
|t:|1758330794
|move|p2a: Kyurem|Freeze-Dry|p1a: Slowking
|-supereffective|p1a: Slowking
|-damage|p1a: Slowking|44/100
|move|p1a: Slowking|Thunder Wave|p2a: Kyurem|[miss]
|-miss|p1a: Slowking|p2a: Kyurem
|
|upkeep
|turn|3
|
|t:|1758330801
|switch|p1a: TheTransGambit|Kingambit, F|100/100
|move|p2a: Kyurem|Earth Power|p1a: TheTransGambit
|-supereffective|p1a: TheTransGambit
|-damage|p1a: TheTransGambit|41/100
|-unboost|p1a: TheTransGambit|spd|1
|
|-heal|p1a: TheTransGambit|47/100|[from] item: Leftovers
|upkeep
|turn|4
|
|t:|1758330811
|-end|p1a: TheTransGambit|fallenundefined|[silent]
|switch|p1a: Slowking|Slowking, M|77/100
|move|p2a: Kyurem|Earth Power|p1a: Slowking
|-damage|p1a: Slowking|58/100
|
|upkeep
|turn|5
|
|t:|1758330822
|switch|p1a: TheTransGambit|Kingambit, F|47/100
|move|p2a: Kyurem|Freeze-Dry|p1a: TheTransGambit
|-resisted|p1a: TheTransGambit
|-damage|p1a: TheTransGambit|26/100
|
|-heal|p1a: TheTransGambit|32/100|[from] item: Leftovers
|upkeep
|turn|6
|
|t:|1758330827
|-end|p1a: TheTransGambit|fallenundefined|[silent]
|switch|p1a: Slowking|Slowking, M|92/100
|move|p2a: Kyurem|Earth Power|p1a: Slowking
|-damage|p1a: Slowking|75/100
|
|upkeep
|turn|7
|
|t:|1758330831
|move|p2a: Kyurem|Freeze-Dry|p1a: Slowking
|-supereffective|p1a: Slowking
|-damage|p1a: Slowking|23/100
|move|p1a: Slowking|Thunder Wave|p2a: Kyurem
|-status|p2a: Kyurem|par
|
|upkeep
|turn|8
|
|t:|1758330844
|switch|p1a: Moltres|Moltres|100/100
|move|p2a: Kyurem|Ice Beam|p1a: Moltres
|-damage|p1a: Moltres|47/100
|
|upkeep
|turn|9
|
|t:|1758330870
|move|p1a: Moltres|Roost|p1a: Moltres
|-heal|p1a: Moltres|97/100
|-singleturn|p1a: Moltres|move: Roost
|move|p2a: Kyurem|Ice Beam|p1a: Moltres
|-resisted|p1a: Moltres
|-damage|p1a: Moltres|70/100
|
|upkeep
|turn|10
|j| crying colors
|
|t:|1758330892
|move|p1a: Moltres|U-turn|p2a: Kyurem
|-damage|p2a: Kyurem|74/100 par
|inactive|WeR#4Hay! has 120 seconds left.
|inactive|WeR#4Hay! has 90 seconds left.
|
|t:|1758330955
|switch|p1a: Iron Treads|Iron Treads|100/100|[from] U-turn
|cant|p2a: Kyurem|par
|
|upkeep
|turn|11
|
|t:|1758330966
|-end|p1a: Iron Treads|Quark Drive|[silent]
|switch|p1a: Hydrapple|Hydrapple, F|100/100
|move|p2a: Kyurem|Earth Power|p1a: Hydrapple
|-resisted|p1a: Hydrapple
|-damage|p1a: Hydrapple|83/100
|
|upkeep
|turn|12
|
|t:|1758330973
|switch|p2a: Glimmora|Glimmora, M, shiny|100/100
|-item|p2a: Glimmora|Air Balloon
|move|p1a: Hydrapple|Fickle Beam|p2a: Glimmora|[anim] Fickle Beam All Out
|-activate|p1a: Hydrapple|move: Fickle Beam
|-damage|p2a: Glimmora|0 fnt
|-enditem|p2a: Glimmora|Air Balloon
|faint|p2a: Glimmora
|-damage|p1a: Hydrapple|73/100|[from] item: Life Orb
|
|upkeep
|
|t:|1758330976
|switch|p2a: Dragapult|Dragapult, M, shiny|100/100
|turn|13
|
|t:|1758330981
|switch|p1a: Iron Treads|Iron Treads|100/100
|move|p2a: Dragapult|U-turn|p1a: Iron Treads
|-resisted|p1a: Iron Treads
|-damage|p1a: Iron Treads|85/100
|
|t:|1758330985
|switch|p2a: Kyurem|Kyurem, shiny|74/100 par|[from] U-turn
|-ability|p2a: Kyurem|Pressure
|
|-heal|p1a: Iron Treads|91/100|[from] item: Leftovers
|upkeep
|turn|14
|
|t:|1758330990
|move|p1a: Iron Treads|Earthquake|p2a: Kyurem
|-damage|p2a: Kyurem|37/100 par
|move|p2a: Kyurem|Ice Beam|p1a: Iron Treads
|-damage|p1a: Iron Treads|44/100
|
|-heal|p1a: Iron Treads|50/100|[from] item: Leftovers
|upkeep
|turn|15
|j| Frank Ocean Fanboy
|j| DissFunktion
|
|t:|1758331017
|move|p1a: Iron Treads|Earthquake|p2a: Kyurem
|-damage|p2a: Kyurem|0 fnt
|faint|p2a: Kyurem
|
|-heal|p1a: Iron Treads|56/100|[from] item: Leftovers
|upkeep
|inactive|RoddyJ has 120 seconds left.
|
|t:|1758331027
|switch|p2a: Iron Crown|Iron Crown|100/100
|turn|16
|
|t:|1758331036
|move|p2a: Iron Crown|Agility|p2a: Iron Crown
|-boost|p2a: Iron Crown|spe|2
|move|p1a: Iron Treads|Knock Off|p2a: Iron Crown
|-supereffective|p2a: Iron Crown
|-damage|p2a: Iron Crown|58/100
|-enditem|p2a: Iron Crown|Weakness Policy
|-boost|p2a: Iron Crown|atk|2|[from] item: Weakness Policy
|-boost|p2a: Iron Crown|spa|2|[from] item: Weakness Policy
|
|-heal|p1a: Iron Treads|62/100|[from] item: Leftovers
|upkeep
|turn|17
|
|t:|1758331042
|move|p2a: Iron Crown|Stored Power|p1a: Iron Treads
|-resisted|p1a: Iron Treads
|-damage|p1a: Iron Treads|16/100
|move|p1a: Iron Treads|Earthquake|p2a: Iron Crown
|-supereffective|p2a: Iron Crown
|-damage|p2a: Iron Crown|0 fnt
|faint|p2a: Iron Crown
|-end|p2a: Iron Crown|Quark Drive|[silent]
|
|-heal|p1a: Iron Treads|22/100|[from] item: Leftovers
|upkeep
|
|t:|1758331047
|switch|p2a: Dragapult|Dragapult, M, shiny|100/100
|turn|18
|
|t:|1758331051
|move|p2a: Dragapult|Dragon Darts|p1a: Iron Treads
|-resisted|p1a: Iron Treads
|-damage|p1a: Iron Treads|5/100
|-anim|p2a: Dragapult|Dragon Darts|p1a: Iron Treads
|-resisted|p1a: Iron Treads
|-damage|p1a: Iron Treads|0 fnt
|faint|p1a: Iron Treads
|-end|p1a: Iron Treads|Quark Drive|[silent]
|
|upkeep
|inactive|WeR#4Hay! has 120 seconds left.
|inactive|WeR#4Hay! has 90 seconds left.
|inactive|WeR#4Hay! has 60 seconds left.
|
|t:|1758331161
|switch|p1a: TheTransGambit|Kingambit, F|32/100
|-activate|p1a: TheTransGambit|ability: Supreme Overlord
|-start|p1a: TheTransGambit|fallen1|[silent]
|turn|19
|inactive|WeR#4Hay! has 30 seconds left.
|
|t:|1758331195
|-terastallize|p2a: Dragapult|Dragon
|move|p1a: TheTransGambit|Sucker Punch|p2a: Dragapult
|-damage|p2a: Dragapult|42/100
|move|p2a: Dragapult|Dragon Darts|p1a: TheTransGambit
|-resisted|p1a: TheTransGambit
|-damage|p1a: TheTransGambit|13/100
|-anim|p2a: Dragapult|Dragon Darts|p1a: TheTransGambit
|-resisted|p1a: TheTransGambit
|-damage|p1a: TheTransGambit|0 fnt
|faint|p1a: TheTransGambit
|-end|p1a: TheTransGambit|fallen1|[silent]
|
|upkeep
|inactive|WeR#4Hay! has 30 seconds left.
|inactive|WeR#4Hay! has 20 seconds left.
|
|t:|1758331214
|switch|p1a: Moltres|Moltres|70/100
|turn|20
|inactive|WeR#4Hay! has 30 seconds left this turn.
|
|t:|1758331224
|-terastallize|p1a: Moltres|Fairy
|move|p2a: Dragapult|Dragon Darts|p1a: Moltres
|-immune|p1a: Moltres
|move|p1a: Moltres|Roost|p1a: Moltres
|-heal|p1a: Moltres|100/100
|
|upkeep
|turn|21
|
|t:|1758331232
|move|p2a: Dragapult|Dragon Darts|p1a: Moltres
|-immune|p1a: Moltres
|move|p1a: Moltres|Flamethrower|p2a: Dragapult
|-resisted|p2a: Dragapult
|-damage|p2a: Dragapult|18/100
|
|upkeep
|turn|22
|
|t:|1758331242
|move|p2a: Dragapult|Dragon Darts|p1a: Moltres
|-immune|p1a: Moltres
|move|p1a: Moltres|Flamethrower|p2a: Dragapult
|-resisted|p2a: Dragapult
|-damage|p2a: Dragapult|0 fnt
|faint|p2a: Dragapult
|
|upkeep
|l| Frank Ocean Fanboy
|inactive|RoddyJ has 120 seconds left.
|
|t:|1758331297
|switch|p2a: Articuno|Articuno-Galar, shiny|100/100
|turn|23
|inactive|WeR#4Hay! has 30 seconds left.
|
|t:|1758331335
|switch|p1a: Hydrapple|Hydrapple, F|100/100
|move|p2a: Articuno|Agility|p2a: Articuno
|-boost|p2a: Articuno|spe|2
|
|upkeep
|turn|24
|inactive|WeR#4Hay! has 30 seconds left.
|inactive|WeR#4Hay! has 20 seconds left.
|inactive|WeR#4Hay! has 15 seconds left.
|inactive|RoddyJ has 90 seconds left.
|inactive|WeR#4Hay! has 10 seconds left.
|inactive|WeR#4Hay! has 5 seconds left.
|
|t:|1758331366
|move|p2a: Articuno|Calm Mind|p2a: Articuno
|-boost|p2a: Articuno|spa|1
|-boost|p2a: Articuno|spd|1
|move|p1a: Hydrapple|Fickle Beam|p2a: Articuno|[anim] Fickle Beam All Out
|-activate|p1a: Hydrapple|move: Fickle Beam
|-damage|p2a: Articuno|29/100
|-damage|p1a: Hydrapple|91/100|[from] item: Life Orb
|
|upkeep
|turn|25
|inactive|WeR#4Hay! has 15 seconds left this turn.
|inactive|WeR#4Hay! has 10 seconds left.
|inactive|RoddyJ has 90 seconds left.
|inactive|WeR#4Hay! has 5 seconds left.
|
|t:|1758331384
|move|p2a: Articuno|Stored Power|p1a: Hydrapple
|-damage|p1a: Hydrapple|20/100
|move|p1a: Hydrapple|Fickle Beam|p2a: Articuno
|-crit|p2a: Articuno
|-damage|p2a: Articuno|0 fnt
|faint|p2a: Articuno
|-damage|p1a: Hydrapple|10/100|[from] item: Life Orb
|
|upkeep
|
|t:|1758331389
|switch|p2a: Blaziken|Blaziken, F, shiny|100/100
|turn|26
|inactive|WeR#4Hay! has 20 seconds left this turn.
|inactive|RoddyJ has 90 seconds left.
|
|t:|1758331408
|move|p2a: Blaziken|Swords Dance|p2a: Blaziken
|-boost|p2a: Blaziken|atk|2
|move|p1a: Hydrapple|Earth Power|p2a: Blaziken
|-supereffective|p2a: Blaziken
|-enditem|p2a: Blaziken|Focus Sash
|-damage|p2a: Blaziken|1/100
|-damage|p1a: Hydrapple|0 fnt|[from] item: Life Orb
|faint|p1a: Hydrapple
|
|-ability|p2a: Blaziken|Speed Boost|boost
|-boost|p2a: Blaziken|spe|1
|upkeep
|inactive|WeR#4Hay! has 25 seconds left this turn.
|inactive|WeR#4Hay! has 20 seconds left.
|
|t:|1758331417
|switch|p1a: Moltres|Moltres, tera:Fairy|100/100
|turn|27
|inactive|WeR#4Hay! has 30 seconds left this turn.
|
|t:|1758331421
|move|p2a: Blaziken|Endure|p2a: Blaziken
|-singleturn|p2a: Blaziken|move: Endure
|move|p1a: Moltres|Flamethrower|p2a: Blaziken
|-resisted|p2a: Blaziken
|-activate|p2a: Blaziken|move: Endure
|-damage|p2a: Blaziken|1/100
|
|-ability|p2a: Blaziken|Speed Boost|boost
|-boost|p2a: Blaziken|spe|1
|upkeep
|turn|28
|
|t:|1758331425
|move|p2a: Blaziken|Reversal|p1a: Moltres
|-resisted|p1a: Moltres
|-damage|p1a: Moltres|26/100
|move|p1a: Moltres|Flamethrower|p2a: Blaziken
|-resisted|p2a: Blaziken
|-damage|p2a: Blaziken|0 fnt
|faint|p2a: Blaziken
|
|win|WeR#4Hay!
|raw|WeR#4Hay!'s rating: 1569 &rarr; <strong>1591</strong><br />(+22 for winning)
|raw|RoddyJ's rating: 1606 &rarr; <strong>1584</strong><br />(-22 for losing)
|l|☆RoddyJ
|player|p2|
|c|☆WeR#4Hay!|gg
