|j|☆Stesanta
|j|☆Magiccatcher
|t:|1758255832
|gametype|singles
|player|p1|Stesanta|170|1162
|player|p2|Magiccatcher|lucas|1165
|gen|9
|tier|[Gen 9] OU
|rated|
|rule|HP Percentage Mod: HP is shown in percentages
|rule|Endless Battle Clause: Forcing endless battles is banned
|rule|Species Clause: Limit one of each Pokémon
|rule|OHKO Clause: OHKO moves are banned
|rule|Evasion Items Clause: Evasion items are banned
|rule|Evasion Moves Clause: Evasion moves are banned
|rule|Evasion Abilities Clause: Evasion abilities are banned
|rule|Sleep Moves Clause: Sleep-inducing moves are banned
|clearpoke
|poke|p1|Clodsire, F|
|poke|p1|Skeledirge, M|
|poke|p1|Cinderace, F|
|poke|p1|Maushold-Four|
|poke|p1|Ceruledge, F|
|poke|p1|Keldeo-Resolute|
|poke|p2|Ogerpon-Wellspring, F|
|poke|p2|Kingambit, F|
|poke|p2|Landorus-Therian, M|
|poke|p2|Glimmora, M|
|poke|p2|Dragapult, M|
|poke|p2|Iron Valiant|
|teampreview
|inactive|Battle timer is ON: inactive players will automatically lose when time's up. (requested by Magiccatcher)
|
|t:|1758255851
|teamsize|p1|6
|teamsize|p2|6
|start
|switch|p1a: Cinderace|Cinderace, F|100/100
|switch|p2a: Glimmora|Glimmora, M|100/100
|turn|1
|
|t:|1758255857
|move|p1a: Cinderace|Taunt|p2a: Glimmora
|-start|p1a: Cinderace|typechange|Dark|[from] ability: Libero
|-start|p2a: Glimmora|move: Taunt
|move|p2a: Glimmora|Meteor Beam||[still]
|-prepare|p2a: Glimmora|Meteor Beam
|-boost|p2a: Glimmora|spa|1
|-enditem|p2a: Glimmora|Power Herb
|-anim|p2a: Glimmora|Meteor Beam|p1a: Cinderace
|-damage|p1a: Cinderace|1/100
|
|upkeep
|turn|2
|c|☆Magiccatcher|1 hp cmon
|
|t:|1758255880
|switch|p2a: Ogerpon|Ogerpon-Wellspring, F|100/100
|move|p1a: Cinderace|U-turn|p2a: Ogerpon
|-supereffective|p2a: Ogerpon
|-damage|p2a: Ogerpon|50/100
|
|t:|1758255887
|switch|p1a: Skeledirge|Skeledirge, M|100/100|[from] U-turn
|
|upkeep
|turn|3
|
|t:|1758255893
|move|p2a: Ogerpon|Ivy Cudgel|p1a: Skeledirge|[anim] Ivy Cudgel Water
|-supereffective|p1a: Skeledirge
|-damage|p1a: Skeledirge|34/100
|move|p1a: Skeledirge|Will-O-Wisp|p2a: Ogerpon
|-status|p2a: Ogerpon|brn
|
|-heal|p1a: Skeledirge|40/100|[from] item: Leftovers
|-damage|p2a: Ogerpon|44/100 brn|[from] brn
|upkeep
|turn|4
|
|t:|1758255901
|move|p1a: Skeledirge|Protect|p1a: Skeledirge
|-singleturn|p1a: Skeledirge|Protect
|move|p2a: Ogerpon|Ivy Cudgel|p1a: Skeledirge|[anim] Ivy Cudgel Water
|-activate|p1a: Skeledirge|move: Protect
|
|-heal|p1a: Skeledirge|46/100|[from] item: Leftovers
|-damage|p2a: Ogerpon|38/100 brn|[from] brn
|upkeep
|turn|5
|
|t:|1758255909
|move|p2a: Ogerpon|Ivy Cudgel|p1a: Skeledirge|[anim] Ivy Cudgel Water
|-supereffective|p1a: Skeledirge
|-crit|p1a: Skeledirge
|-damage|p1a: Skeledirge|0 fnt
|faint|p1a: Skeledirge
|
|-damage|p2a: Ogerpon|32/100 brn|[from] brn
|upkeep
|
|t:|1758255915
|switch|p1a: Keldeo|Keldeo-Resolute|100/100
|turn|6
|
|t:|1758255919
|move|p2a: Ogerpon|Horn Leech|p1a: Keldeo
|-supereffective|p1a: Keldeo
|-damage|p1a: Keldeo|64/100
|-heal|p2a: Ogerpon|52/100 brn|[from] drain|[of] p1a: Keldeo
|move|p1a: Keldeo|Calm Mind|p1a: Keldeo
|-boost|p1a: Keldeo|spa|1
|-boost|p1a: Keldeo|spd|1
|
|-heal|p1a: Keldeo|70/100|[from] item: Leftovers
|-damage|p2a: Ogerpon|46/100 brn|[from] brn
|upkeep
|turn|7
|
|t:|1758255933
|move|p2a: Ogerpon|Horn Leech|p1a: Keldeo
|-supereffective|p1a: Keldeo
|-damage|p1a: Keldeo|30/100
|-heal|p2a: Ogerpon|67/100 brn|[from] drain|[of] p1a: Keldeo
|move|p1a: Keldeo|Secret Sword|p2a: Ogerpon
|-damage|p2a: Ogerpon|0 fnt
|faint|p2a: Ogerpon
|
|-heal|p1a: Keldeo|36/100|[from] item: Leftovers
|upkeep
|
|t:|1758255943
|switch|p2a: Dragapult|Dragapult, M|100/100
|turn|8
|
|t:|1758255949
|move|p2a: Dragapult|Shadow Ball|p1a: Keldeo
|-damage|p1a: Keldeo|0 fnt
|faint|p1a: Keldeo
|
|upkeep
|
|t:|1758255954
|switch|p1a: Ceruledge|Ceruledge, F|100/100
|turn|9
|
|t:|1758255958
|move|p2a: Dragapult|Shadow Ball|p1a: Ceruledge
|-supereffective|p1a: Ceruledge
|-damage|p1a: Ceruledge|34/100
|move|p1a: Ceruledge|Swords Dance|p1a: Ceruledge
|-boost|p1a: Ceruledge|atk|2
|
|upkeep
|turn|10
|
|t:|1758255972
|-terastallize|p1a: Ceruledge|Normal
|move|p2a: Dragapult|Shadow Ball|p1a: Ceruledge
|-immune|p1a: Ceruledge
|move|p1a: Ceruledge|Bitter Blade|p2a: Dragapult
|-resisted|p2a: Dragapult
|-damage|p2a: Dragapult|48/100
|-heal|p1a: Ceruledge|57/100|[from] drain|[of] p2a: Dragapult
|
|upkeep
|turn|11
|
|t:|1758255982
|switch|p2a: Glimmora|Glimmora, M|100/100
|move|p1a: Ceruledge|Shadow Sneak|p2a: Glimmora
|-damage|p2a: Glimmora|60/100
|-activate|p2a: Glimmora|ability: Toxic Debris
|-sidestart|p1: Stesanta|move: Toxic Spikes
|
|upkeep
|turn|12
|
|t:|1758255996
|move|p2a: Glimmora|Mortal Spin|p1a: Ceruledge
|-damage|p1a: Ceruledge|50/100
|-status|p1a: Ceruledge|psn
|-ability|p1a: Ceruledge|Weak Armor|boost
|-unboost|p1a: Ceruledge|def|1
|-boost|p1a: Ceruledge|spe|2
|move|p1a: Ceruledge|Bitter Blade|p2a: Glimmora
|-resisted|p2a: Glimmora
|-damage|p2a: Glimmora|18/100
|-heal|p1a: Ceruledge|69/100 psn|[from] drain|[of] p2a: Glimmora
|-activate|p2a: Glimmora|ability: Toxic Debris
|-sidestart|p1: Stesanta|move: Toxic Spikes
|
|-damage|p1a: Ceruledge|56/100 psn|[from] psn
|upkeep
|turn|13
|
|t:|1758256015
|switch|p2a: Landorus|Landorus-Therian, M|100/100
|-ability|p2a: Landorus|Intimidate|boost
|-unboost|p1a: Ceruledge|atk|1
|move|p1a: Ceruledge|Bitter Blade|p2a: Landorus
|-damage|p2a: Landorus|43/100
|-heal|p1a: Ceruledge|87/100 psn|[from] drain|[of] p2a: Landorus
|-damage|p1a: Ceruledge|71/100 psn|[from] item: Rocky Helmet|[of] p2a: Landorus
|
|-damage|p1a: Ceruledge|59/100 psn|[from] psn
|upkeep
|turn|14
|
|t:|1758256026
|move|p1a: Ceruledge|Bitter Blade|p2a: Landorus
|-damage|p2a: Landorus|0 fnt
|-heal|p1a: Ceruledge|82/100 psn|[from] drain|[of] p2a: Landorus
|-damage|p1a: Ceruledge|65/100 psn|[from] item: Rocky Helmet|[of] p2a: Landorus
|faint|p2a: Landorus
|
|-damage|p1a: Ceruledge|53/100 psn|[from] psn
|upkeep
|
|t:|1758256033
|switch|p2a: Iron Valiant|Iron Valiant|100/100
|-enditem|p2a: Iron Valiant|Booster Energy
|-activate|p2a: Iron Valiant|ability: Quark Drive|[fromitem]
|-start|p2a: Iron Valiant|quarkdrivespe
|turn|15
|
|t:|1758256045
|move|p2a: Iron Valiant|Spirit Break|p1a: Ceruledge
|-damage|p1a: Ceruledge|0 fnt
|faint|p1a: Ceruledge
|
|upkeep
|
|t:|1758256059
|switch|p1a: Clodsire|Clodsire, F|100/100
|-sideend|p1: Stesanta|move: Toxic Spikes|[of] p1a: Clodsire
|turn|16
|
|t:|1758256066
|move|p2a: Iron Valiant|Swords Dance|p2a: Iron Valiant
|-boost|p2a: Iron Valiant|atk|2
|move|p1a: Clodsire|Toxic|p2a: Iron Valiant
|-status|p2a: Iron Valiant|tox
|
|-damage|p2a: Iron Valiant|94/100 tox|[from] psn
|upkeep
|turn|17
|
|t:|1758256073
|move|p1a: Clodsire|Protect|p1a: Clodsire
|-singleturn|p1a: Clodsire|Protect
|move|p2a: Iron Valiant|Encore|p1a: Clodsire
|-activate|p1a: Clodsire|move: Protect
|
|-damage|p2a: Iron Valiant|82/100 tox|[from] psn
|upkeep
|turn|18
|
|t:|1758256082
|move|p2a: Iron Valiant|Swords Dance|p2a: Iron Valiant
|-boost|p2a: Iron Valiant|atk|2
|move|p1a: Clodsire|Earthquake|p2a: Iron Valiant
|-damage|p2a: Iron Valiant|45/100 tox
|
|-damage|p2a: Iron Valiant|26/100 tox|[from] psn
|upkeep
|turn|19
|
|t:|1758256091
|move|p1a: Clodsire|Protect|p1a: Clodsire
|-singleturn|p1a: Clodsire|Protect
|move|p2a: Iron Valiant|Knock Off|p1a: Clodsire
|-activate|p1a: Clodsire|move: Protect
|
|-damage|p2a: Iron Valiant|2/100 tox|[from] psn
|upkeep
|turn|20
|
|t:|1758256103
|switch|p1a: Cinderace|Cinderace, F|1/100
|move|p2a: Iron Valiant|Knock Off|p1a: Cinderace
|-damage|p1a: Cinderace|0 fnt
|-enditem|p1a: Cinderace|Heavy-Duty Boots|[from] move: Knock Off|[of] p2a: Iron Valiant
|faint|p1a: Cinderace
|
|-damage|p2a: Iron Valiant|0 fnt|[from] psn
|faint|p2a: Iron Valiant
|-end|p2a: Iron Valiant|Quark Drive|[silent]
|upkeep
|
|t:|1758256118
|switch|p2a: Glimmora|Glimmora, M|18/100
|switch|p1a: Maushold|Maushold-Four|100/100
|turn|21
|
|t:|1758256126
|move|p2a: Glimmora|Mortal Spin|p1a: Maushold
|-damage|p1a: Maushold|95/100
|-status|p1a: Maushold|psn
|move|p1a: Maushold|Tidy Up|p1a: Maushold
|-boost|p1a: Maushold|atk|1
|-boost|p1a: Maushold|spe|1
|
|-damage|p1a: Maushold|83/100 psn|[from] psn
|upkeep
|turn|22
|
|t:|1758256136
|move|p1a: Maushold|Population Bomb|p2a: Glimmora
|-resisted|p2a: Glimmora
|-damage|p2a: Glimmora|11/100
|-activate|p2a: Glimmora|ability: Toxic Debris
|-sidestart|p1: Stesanta|move: Toxic Spikes
|-resisted|p2a: Glimmora
|-damage|p2a: Glimmora|4/100
|-activate|p2a: Glimmora|ability: Toxic Debris
|-sidestart|p1: Stesanta|move: Toxic Spikes
|-resisted|p2a: Glimmora
|-damage|p2a: Glimmora|0 fnt
|faint|p2a: Glimmora
|-hitcount|p2: Glimmora|3
|
|-damage|p1a: Maushold|70/100 psn|[from] psn
|upkeep
|
|t:|1758256149
|switch|p2a: Dragapult|Dragapult, M|48/100
|turn|23
|
|t:|1758256155
|move|p2a: Dragapult|Draco Meteor|p1a: Maushold
|-crit|p1a: Maushold
|-damage|p1a: Maushold|0 fnt
|-unboost|p2a: Dragapult|spa|2
|faint|p1a: Maushold
|
|upkeep
|
|t:|1758256158
|switch|p1a: Clodsire|Clodsire, F|100/100
|-sideend|p1: Stesanta|move: Toxic Spikes|[of] p1a: Clodsire
|turn|24
|
|t:|1758256165
|move|p2a: Dragapult|Draco Meteor|p1a: Clodsire|[miss]
|-miss|p2a: Dragapult|p1a: Clodsire
|move|p1a: Clodsire|Toxic|p2a: Dragapult
|-status|p2a: Dragapult|tox
|
|-damage|p2a: Dragapult|42/100 tox|[from] psn
|upkeep
|turn|25
|
|t:|1758256172
|switch|p2a: Kingambit|Kingambit, F|100/100
|-activate|p2a: Kingambit|ability: Supreme Overlord
|-start|p2a: Kingambit|fallen4|[silent]
|move|p1a: Clodsire|Earthquake|p2a: Kingambit
|-supereffective|p2a: Kingambit
|-damage|p2a: Kingambit|63/100
|
|-heal|p2a: Kingambit|69/100|[from] item: Leftovers
|upkeep
|turn|26
|
|t:|1758256182
|move|p2a: Kingambit|Swords Dance|p2a: Kingambit
|-boost|p2a: Kingambit|atk|2
|move|p1a: Clodsire|Earthquake|p2a: Kingambit
|-supereffective|p2a: Kingambit
|-damage|p2a: Kingambit|29/100
|
|-heal|p2a: Kingambit|36/100|[from] item: Leftovers
|upkeep
|turn|27
|
|t:|1758256190
|move|p2a: Kingambit|Sucker Punch|p1a: Clodsire
|-damage|p1a: Clodsire|42/100
|move|p1a: Clodsire|Earthquake|p2a: Kingambit
|-supereffective|p2a: Kingambit
|-damage|p2a: Kingambit|0 fnt
|faint|p2a: Kingambit
|-end|p2a: Kingambit|fallen4|[silent]
|
|-heal|p1a: Clodsire|48/100|[from] item: Leftovers
|upkeep
|
|t:|1758256197
|switch|p2a: Dragapult|Dragapult, M|42/100 tox
|turn|28
|
|t:|1758256206
|-terastallize|p2a: Dragapult|Ghost
|move|p1a: Clodsire|Protect|p1a: Clodsire
|-singleturn|p1a: Clodsire|Protect
|move|p2a: Dragapult|Draco Meteor|p1a: Clodsire
|-activate|p1a: Clodsire|move: Protect
|
|-heal|p1a: Clodsire|54/100|[from] item: Leftovers
|-damage|p2a: Dragapult|36/100 tox|[from] psn
|upkeep
|turn|29
|
|t:|1758256215
|move|p2a: Dragapult|Draco Meteor|p1a: Clodsire
|-damage|p1a: Clodsire|11/100
|-unboost|p2a: Dragapult|spa|2
|move|p1a: Clodsire|Recover|p1a: Clodsire
|-heal|p1a: Clodsire|61/100
|
|-heal|p1a: Clodsire|68/100|[from] item: Leftovers
|-damage|p2a: Dragapult|24/100 tox|[from] psn
|upkeep
|turn|30
|
|t:|1758256224
|move|p1a: Clodsire|Protect|p1a: Clodsire
|-singleturn|p1a: Clodsire|Protect
|move|p2a: Dragapult|Draco Meteor|p1a: Clodsire
|-activate|p1a: Clodsire|move: Protect
|
|-heal|p1a: Clodsire|74/100|[from] item: Leftovers
|-damage|p2a: Dragapult|6/100 tox|[from] psn
|upkeep
|turn|31
|
|t:|1758256232
|move|p2a: Dragapult|Draco Meteor|p1a: Clodsire
|-damage|p1a: Clodsire|27/100
|-unboost|p2a: Dragapult|spa|2
|move|p1a: Clodsire|Earthquake|p2a: Dragapult
|-damage|p2a: Dragapult|0 fnt
|faint|p2a: Dragapult
|
|win|Stesanta
|raw|Stesanta's rating: 1162 &rarr; <strong>1187</strong><br />(+25 for winning)
|raw|Magiccatcher's rating: 1165 &rarr; <strong>1140</strong><br />(-25 for losing)
|l|☆Stesanta
|player|p1|
|l|☆Magiccatcher
|player|p2|
