|j|☆Ugg296
|j|☆johnisburn
|t:|1758238214
|gametype|singles
|player|p1|Ugg296|102|
|player|p2|johnisburn|clown|
|gen|9
|tier|[Gen 9] OU
|rule|HP Percentage Mod: HP is shown in percentages
|rule|Endless Battle Clause: Forcing endless battles is banned
|rule|Species Clause: Limit one of each Pokémon
|rule|OHKO Clause: OHKO moves are banned
|rule|Evasion Items Clause: Evasion items are banned
|rule|Evasion Moves Clause: Evasion moves are banned
|rule|Evasion Abilities Clause: Evasion abilities are banned
|rule|Sleep Moves Clause: Sleep-inducing moves are banned
|clearpoke
|poke|p1|Tornadus-Therian, M|
|poke|p1|Hydrapple, M|
|poke|p1|Slowking-Galar, F|
|poke|p1|Iron Treads|
|poke|p1|Kingambit, F|
|poke|p1|Alomomola, F|
|poke|p2|Ting-Lu|
|poke|p2|Gliscor, M|
|poke|p2|Sinistcha-Masterpiece|
|poke|p2|Keldeo|
|poke|p2|Tinkaton, F|
|poke|p2|Dragonite, F|
|teampreview
|
|t:|1758238240
|teamsize|p1|6
|teamsize|p2|6
|start
|switch|p1a: Alomomola|Alomomola, F|100/100
|switch|p2a: Tinkaton|Tinkaton, F|100/100
|-ability|p2a: Tinkaton|Mold Breaker
|-item|p2a: Tinkaton|Air Balloon
|turn|1
|j| DrBunns
|
|t:|1758238317
|move|p2a: Tinkaton|Thunder Wave|p1a: Alomomola
|-status|p1a: Alomomola|par
|move|p1a: Alomomola|Flip Turn|p2a: Tinkaton
|-damage|p2a: Tinkaton|84/100
|-enditem|p2a: Tinkaton|Air Balloon
|
|t:|1758238325
|switch|p1a: Iron Treads|Iron Treads|100/100|[from] Flip Turn
|-enditem|p1a: Iron Treads|Booster Energy
|-activate|p1a: Iron Treads|ability: Quark Drive|[fromitem]
|-start|p1a: Iron Treads|quarkdrivespe
|
|upkeep
|turn|2
|
|t:|1758238379
|switch|p2a: Dragonite|Dragonite, F|100/100
|move|p1a: Iron Treads|Stealth Rock|p2a: Dragonite
|-sidestart|p2: johnisburn|move: Stealth Rock
|
|upkeep
|turn|3
|
|t:|1758238529
|-end|p1a: Iron Treads|Quark Drive|[silent]
|switch|p1a: Hydrapple|Hydrapple, M|100/100
|move|p2a: Dragonite|Dragon Tail|p1a: Hydrapple
|-supereffective|p1a: Hydrapple
|-damage|p1a: Hydrapple|64/100
|drag|p1a: Tornadus|Tornadus-Therian, M|100/100
|
|upkeep
|turn|4
|
|t:|1758238560
|move|p2a: Dragonite|Extreme Speed|p1a: Tornadus
|-damage|p1a: Tornadus|59/100
|move|p1a: Tornadus|U-turn|p2a: Dragonite
|-resisted|p2a: Dragonite
|-damage|p2a: Dragonite|97/100
|
|t:|1758238587
|switch|p1a: Alomomola|Alomomola, F|100/100 par|[from] U-turn
|
|upkeep
|turn|5
|
|t:|1758238615
|move|p1a: Alomomola|Flip Turn|p2a: Dragonite
|-resisted|p2a: Dragonite
|-damage|p2a: Dragonite|90/100
|
|t:|1758238620
|switch|p1a: Hydrapple|Hydrapple, M|98/100|[from] Flip Turn
|move|p2a: Dragonite|Dragon Tail|p1a: Hydrapple
|-supereffective|p1a: Hydrapple
|-damage|p1a: Hydrapple|61/100
|drag|p1a: Slowking|Slowking-Galar, F|100/100
|
|upkeep
|turn|6
|
|t:|1758238643
|move|p2a: Dragonite|Earthquake|p1a: Slowking
|-supereffective|p1a: Slowking
|-damage|p1a: Slowking|27/100
|move|p1a: Slowking|Ice Beam|p2a: Dragonite
|-supereffective|p2a: Dragonite
|-damage|p2a: Dragonite|5/100
|
|upkeep
|turn|7
|
|t:|1758238669
|switch|p1a: Alomomola|Alomomola, F|100/100 par
|move|p2a: Dragonite|Extreme Speed|p1a: Alomomola
|-damage|p1a: Alomomola|86/100 par
|-damage|p2a: Dragonite|0 fnt|[from] item: Rocky Helmet|[of] p1a: Alomomola
|faint|p2a: Dragonite
|
|upkeep
|
|t:|1758238699
|switch|p2a: Sinistcha|Sinistcha-Masterpiece|100/100
|turn|8
|
|t:|1758238718
|switch|p1a: Tornadus|Tornadus-Therian, M|92/100
|move|p2a: Sinistcha|Matcha Gotcha|p1a: Tornadus
|-resisted|p1a: Tornadus
|-damage|p1a: Tornadus|82/100
|
|upkeep
|turn|9
|
|t:|1758238737
|move|p1a: Tornadus|Bleakwind Storm|p2a: Sinistcha
|-supereffective|p2a: Sinistcha
|-damage|p2a: Sinistcha|4/100
|move|p2a: Sinistcha|Calm Mind|p2a: Sinistcha
|-boost|p2a: Sinistcha|spa|1
|-boost|p2a: Sinistcha|spd|1
|
|upkeep
|turn|10
|
|t:|1758238750
|-terastallize|p2a: Sinistcha|Poison
|move|p1a: Tornadus|U-turn|p2a: Sinistcha
|-resisted|p2a: Sinistcha
|-damage|p2a: Sinistcha|0 fnt
|faint|p2a: Sinistcha
|c|☆johnisburn|i missed hitting the terra button fucking oof
|c| DrBunns|all part of our plan
|
|t:|1758238835
|switch|p1a: Hydrapple|Hydrapple, M|95/100|[from] U-turn
|
|upkeep
|
|t:|1758238896
|switch|p2a: Ting-Lu|Ting-Lu|100/100
|-damage|p2a: Ting-Lu|94/100|[from] Stealth Rock
|-ability|p2a: Ting-Lu|Vessel of Ruin
|turn|11
|
|t:|1758238921
|move|p2a: Ting-Lu|Spikes|p1a: Hydrapple
|-sidestart|p1: Ugg296|Spikes
|move|p1a: Hydrapple|Nasty Plot|p1a: Hydrapple
|-boost|p1a: Hydrapple|spa|2
|
|-heal|p2a: Ting-Lu|100/100|[from] item: Leftovers
|upkeep
|turn|12
|
|t:|1758238946
|move|p1a: Hydrapple|Nasty Plot|p1a: Hydrapple
|-boost|p1a: Hydrapple|spa|2
|move|p2a: Ting-Lu|Whirlwind|p1a: Hydrapple
|drag|p1a: Slowking|Slowking-Galar, F|60/100
|
|upkeep
|turn|13
|
|t:|1758238970
|switch|p1a: Tornadus|Tornadus-Therian, M|100/100
|move|p2a: Ting-Lu|Ruination|p1a: Tornadus
|-damage|p1a: Tornadus|50/100
|
|upkeep
|turn|14
|
|t:|1758238992
|switch|p2a: Tinkaton|Tinkaton, F|84/100
|-damage|p2a: Tinkaton|78/100|[from] Stealth Rock
|-ability|p2a: Tinkaton|Mold Breaker
|move|p1a: Tornadus|Knock Off|p2a: Tinkaton
|-resisted|p2a: Tinkaton
|-damage|p2a: Tinkaton|69/100
|
|upkeep
|turn|15
|
|t:|1758239027
|switch|p1a: Iron Treads|Iron Treads|100/100
|-damage|p1a: Iron Treads|88/100|[from] Spikes
|move|p2a: Tinkaton|Thunder Wave|p1a: Iron Treads
|-immune|p1a: Iron Treads
|
|upkeep
|turn|16
|
|t:|1758239057
|switch|p2a: Ting-Lu|Ting-Lu|100/100
|-damage|p2a: Ting-Lu|94/100|[from] Stealth Rock
|-ability|p2a: Ting-Lu|Vessel of Ruin
|move|p1a: Iron Treads|Earth Power|p2a: Ting-Lu
|-damage|p2a: Ting-Lu|81/100
|
|-heal|p2a: Ting-Lu|87/100|[from] item: Leftovers
|upkeep
|turn|17
|
|t:|1758239086
|-end|p1a: Iron Treads|Quark Drive|[silent]
|switch|p1a: Tornadus|Tornadus-Therian, M|84/100
|move|p2a: Ting-Lu|Ruination|p1a: Tornadus
|-damage|p1a: Tornadus|42/100
|
|-heal|p2a: Ting-Lu|94/100|[from] item: Leftovers
|upkeep
|turn|18
|
|t:|1758239097
|move|p1a: Tornadus|Knock Off|p2a: Ting-Lu
|-resisted|p2a: Ting-Lu
|-damage|p2a: Ting-Lu|88/100
|-enditem|p2a: Ting-Lu|Leftovers|[from] move: Knock Off|[of] p1a: Tornadus
|move|p2a: Ting-Lu|Spikes|p1a: Tornadus
|-sidestart|p1: Ugg296|Spikes
|
|upkeep
|turn|19
|
|t:|1758239113
|move|p1a: Tornadus|U-turn|p2a: Ting-Lu
|-supereffective|p2a: Ting-Lu
|-damage|p2a: Ting-Lu|69/100
|
|t:|1758239116
|switch|p1a: Alomomola|Alomomola, F|100/100 par|[from] U-turn
|-damage|p1a: Alomomola|84/100 par|[from] Spikes
|move|p2a: Ting-Lu|Whirlwind|p1a: Alomomola
|drag|p1a: Tornadus|Tornadus-Therian, M|75/100
|
|upkeep
|turn|20
|
|t:|1758239127
|move|p1a: Tornadus|U-turn|p2a: Ting-Lu
|-supereffective|p2a: Ting-Lu
|-damage|p2a: Ting-Lu|51/100
|
|t:|1758239130
|switch|p1a: Alomomola|Alomomola, F|100/100 par|[from] U-turn
|-damage|p1a: Alomomola|84/100 par|[from] Spikes
|move|p2a: Ting-Lu|Spikes|p1a: Alomomola
|-sidestart|p1: Ugg296|Spikes
|
|upkeep
|turn|21
|
|t:|1758239143
|cant|p1a: Alomomola|par
|move|p2a: Ting-Lu|Whirlwind|p1a: Alomomola
|drag|p1a: Tornadus|Tornadus-Therian, M|100/100
|
|upkeep
|turn|22
|
|t:|1758239164
|move|p1a: Tornadus|U-turn|p2a: Ting-Lu
|-supereffective|p2a: Ting-Lu
|-damage|p2a: Ting-Lu|34/100
|
|t:|1758239187
|switch|p1a: Alomomola|Alomomola, F|100/100 par|[from] U-turn
|-damage|p1a: Alomomola|76/100 par|[from] Spikes
|move|p2a: Ting-Lu|Ruination|p1a: Alomomola
|-damage|p1a: Alomomola|38/100 par
|
|upkeep
|turn|23
|
|t:|1758239225
|move|p2a: Ting-Lu|Ruination|p1a: Alomomola|[miss]
|-miss|p2a: Ting-Lu|p1a: Alomomola
|move|p1a: Alomomola|Flip Turn|p2a: Ting-Lu
|-supereffective|p2a: Ting-Lu
|-damage|p2a: Ting-Lu|16/100
|
|t:|1758239236
|switch|p1a: Tornadus|Tornadus-Therian, M|100/100|[from] Flip Turn
|
|upkeep
|turn|24
|
|t:|1758239273
|switch|p2a: Tinkaton|Tinkaton, F|69/100
|-damage|p2a: Tinkaton|63/100|[from] Stealth Rock
|-ability|p2a: Tinkaton|Mold Breaker
|move|p1a: Tornadus|U-turn|p2a: Tinkaton
|-resisted|p2a: Tinkaton
|-damage|p2a: Tinkaton|59/100
|
|t:|1758239296
|switch|p1a: Iron Treads|Iron Treads|88/100|[from] U-turn
|-damage|p1a: Iron Treads|63/100|[from] Spikes
|
|upkeep
|turn|25
|
|t:|1758239317
|switch|p2a: Gliscor|Gliscor, M|100/100
|-damage|p2a: Gliscor|88/100|[from] Stealth Rock
|move|p1a: Iron Treads|Earth Power|p2a: Gliscor
|-immune|p2a: Gliscor
|
|-status|p2a: Gliscor|tox|[from] item: Toxic Orb
|upkeep
|turn|26
|
|t:|1758239377
|-end|p1a: Iron Treads|Quark Drive|[silent]
|switch|p1a: Alomomola|Alomomola, F|71/100 par
|-damage|p1a: Alomomola|47/100 par|[from] Spikes
|move|p2a: Gliscor|Swords Dance|p2a: Gliscor
|-boost|p2a: Gliscor|atk|2
|
|-heal|p2a: Gliscor|100/100 tox|[from] ability: Poison Heal
|upkeep
|turn|27
|
|t:|1758239401
|move|p2a: Gliscor|Knock Off|p1a: Alomomola
|-damage|p1a: Alomomola|24/100 par
|-damage|p2a: Gliscor|84/100 tox|[from] item: Rocky Helmet|[of] p1a: Alomomola
|-enditem|p1a: Alomomola|Rocky Helmet|[from] move: Knock Off|[of] p2a: Gliscor
|move|p1a: Alomomola|Flip Turn|p2a: Gliscor
|-supereffective|p2a: Gliscor
|-damage|p2a: Gliscor|58/100 tox
|
|t:|1758239409
|switch|p1a: Hydrapple|Hydrapple, M|100/100|[from] Flip Turn
|
|-heal|p2a: Gliscor|71/100 tox|[from] ability: Poison Heal
|upkeep
|turn|28
|
|t:|1758239428
|move|p2a: Gliscor|Facade|p1a: Hydrapple
|-damage|p1a: Hydrapple|67/100
|move|p1a: Hydrapple|Nasty Plot|p1a: Hydrapple
|-boost|p1a: Hydrapple|spa|2
|
|-heal|p2a: Gliscor|83/100 tox|[from] ability: Poison Heal
|upkeep
|turn|29
|
|t:|1758239446
|move|p2a: Gliscor|Protect|p2a: Gliscor
|-singleturn|p2a: Gliscor|Protect
|move|p1a: Hydrapple|Fickle Beam|p2a: Gliscor
|-activate|p2a: Gliscor|move: Protect
|
|-heal|p2a: Gliscor|96/100 tox|[from] ability: Poison Heal
|upkeep
|turn|30
|
|t:|1758239466
|switch|p2a: Tinkaton|Tinkaton, F|59/100
|-damage|p2a: Tinkaton|53/100|[from] Stealth Rock
|-ability|p2a: Tinkaton|Mold Breaker
|move|p1a: Hydrapple|Nasty Plot|p1a: Hydrapple
|-boost|p1a: Hydrapple|spa|2
|
|upkeep
|turn|31
|
|t:|1758239488
|move|p2a: Tinkaton|Thunder Wave|p1a: Hydrapple
|-status|p1a: Hydrapple|par
|cant|p1a: Hydrapple|par
|
|upkeep
|turn|32
|
|t:|1758239509
|move|p2a: Tinkaton|Gigaton Hammer|p1a: Hydrapple
|-damage|p1a: Hydrapple|43/100 par
|move|p1a: Hydrapple|Earth Power|p2a: Tinkaton
|-supereffective|p2a: Tinkaton
|-damage|p2a: Tinkaton|0 fnt
|faint|p2a: Tinkaton
|
|upkeep
|
|t:|1758239526
|switch|p2a: Keldeo|Keldeo|100/100
|turn|33
|
|t:|1758239555
|move|p2a: Keldeo|Aura Sphere|p1a: Hydrapple
|-damage|p1a: Hydrapple|5/100 par
|move|p1a: Hydrapple|Giga Drain|p2a: Keldeo
|-supereffective|p2a: Keldeo
|-damage|p2a: Keldeo|0 fnt
|-heal|p1a: Hydrapple|44/100 par|[from] drain|[of] p2a: Keldeo
|faint|p2a: Keldeo
|
|upkeep
|
|t:|1758239583
|switch|p2a: Ting-Lu|Ting-Lu|16/100
|-damage|p2a: Ting-Lu|10/100|[from] Stealth Rock
|-ability|p2a: Ting-Lu|Vessel of Ruin
|turn|34
|
|t:|1758239599
|move|p2a: Ting-Lu|Ruination|p1a: Hydrapple
|-damage|p1a: Hydrapple|22/100 par
|move|p1a: Hydrapple|Giga Drain|p2a: Ting-Lu
|-supereffective|p2a: Ting-Lu
|-damage|p2a: Ting-Lu|0 fnt
|-heal|p1a: Hydrapple|28/100 par|[from] drain|[of] p2a: Ting-Lu
|faint|p2a: Ting-Lu
|
|upkeep
|
|t:|1758239606
|switch|p2a: Gliscor|Gliscor, M|96/100 tox
|-damage|p2a: Gliscor|83/100 tox|[from] Stealth Rock
|turn|35
|
|t:|1758239620
|move|p2a: Gliscor|Swords Dance|p2a: Gliscor
|-boost|p2a: Gliscor|atk|2
|cant|p1a: Hydrapple|par
|
|-heal|p2a: Gliscor|96/100 tox|[from] ability: Poison Heal
|upkeep
|turn|36
|
|t:|1758239641
|-terastallize|p1a: Hydrapple|Steel
|move|p2a: Gliscor|Facade|p1a: Hydrapple
|-resisted|p1a: Hydrapple
|-damage|p1a: Hydrapple|12/100 par
|move|p1a: Hydrapple|Fickle Beam|p2a: Gliscor
|-damage|p2a: Gliscor|0 fnt
|faint|p2a: Gliscor
|
|win|Ugg296
|c|☆johnisburn|gg
|c| DrBunns|lets gooo
|l|☆johnisburn
|player|p2|
|l| DrBunns
|l|☆Ugg296
|player|p1|
|j| jukas97
