|badge|p1|bronze|gen9ou|100-6
|uhtml|medal-msg|<div class="broadcast-blue">Curious what those medals under the avatar are? PS now has Ladder Seasons! For more information, check out the <a href="https://www.smogon.com/forums/threads/3740067/">thread on Smogon.</a></div>
|j|☆Mr Tpen
|j|☆rookie22
|t:|1758302987
|gametype|singles
|player|p1|Mr Tpen|170|1877
|player|p2|rookie22|iris-gen5bw2|1775
|gen|9
|tier|[Gen 9] OU
|rated|
|rule|HP Percentage Mod: HP is shown in percentages
|rule|Endless Battle Clause: Forcing endless battles is banned
|rule|Species Clause: Limit one of each Pokémon
|rule|OHKO Clause: OHKO moves are banned
|rule|Evasion Items Clause: Evasion items are banned
|rule|Evasion Moves Clause: Evasion moves are banned
|rule|Evasion Abilities Clause: Evasion abilities are banned
|rule|Sleep Moves Clause: Sleep-inducing moves are banned
|clearpoke
|poke|p1|Enamorus, F|
|poke|p1|Kyurem|
|poke|p1|Landorus-Therian, M|
|poke|p1|Kingambit, F|
|poke|p1|Ogerpon-Wellspring, F|
|poke|p1|Glimmora, F|
|poke|p2|Dragonite, M|
|poke|p2|Meowscarada, F|
|poke|p2|Keldeo|
|poke|p2|Iron Crown|
|poke|p2|Raging Bolt|
|poke|p2|Great Tusk|
|teampreview
|inactive|Battle timer is ON: inactive players will automatically lose when time's up. (requested by rookie22)
|
|t:|1758302996
|teamsize|p1|6
|teamsize|p2|6
|start
|switch|p1a: Landorus|Landorus-Therian, M|100/100
|switch|p2a: Lisan Al Gaib|Keldeo|100/100
|-ability|p1a: Landorus|Intimidate|boost
|-unboost|p2a: Lisan Al Gaib|atk|1
|turn|1
|
|t:|1758303018
|move|p2a: Lisan Al Gaib|Air Slash|p1a: Landorus
|-damage|p1a: Landorus|55/100
|move|p1a: Landorus|Stealth Rock|p2a: Lisan Al Gaib
|-sidestart|p2: rookie22|move: Stealth Rock
|
|upkeep
|turn|2
|
|t:|1758303025
|switch|p2a: Great Tusk|Great Tusk|100/100
|-damage|p2a: Great Tusk|97/100|[from] Stealth Rock
|move|p1a: Landorus|Earthquake|p2a: Great Tusk
|-damage|p2a: Great Tusk|66/100
|
|-heal|p2a: Great Tusk|72/100|[from] item: Leftovers
|upkeep
|turn|3
|
|t:|1758303029
|move|p1a: Landorus|Taunt|p2a: Great Tusk
|-start|p2a: Great Tusk|move: Taunt
|move|p2a: Great Tusk|Rapid Spin|p1a: Landorus
|-damage|p1a: Landorus|37/100
|-boost|p2a: Great Tusk|spe|1
|-damage|p2a: Great Tusk|56/100|[from] item: Rocky Helmet|[of] p1a: Landorus
|-sideend|p2: rookie22|Stealth Rock|[from] move: Rapid Spin|[of] p2a: Great Tusk
|
|-heal|p2a: Great Tusk|62/100|[from] item: Leftovers
|upkeep
|turn|4
|
|t:|1758303034
|switch|p1a: Glimmora|Glimmora, F|100/100
|move|p2a: Great Tusk|Ice Spinner|p1a: Glimmora
|-damage|p1a: Glimmora|77/100
|-activate|p1a: Glimmora|ability: Toxic Debris
|-sidestart|p2: rookie22|move: Toxic Spikes
|-enditem|p1a: Glimmora|Red Card|[of] p2a: Great Tusk
|-end|p2a: Great Tusk|Protosynthesis|[silent]
|drag|p2a: Lisan Al Gaib|Keldeo|100/100
|-status|p2a: Lisan Al Gaib|psn
|
|-damage|p2a: Lisan Al Gaib|88/100 psn|[from] psn
|upkeep
|turn|5
|
|t:|1758303040
|switch|p1a: Ogerpon|Ogerpon-Wellspring, F|100/100
|move|p2a: Lisan Al Gaib|Aura Sphere|p1a: Ogerpon
|-damage|p1a: Ogerpon|15/100
|
|-damage|p2a: Lisan Al Gaib|76/100 psn|[from] psn
|upkeep
|turn|6
|
|t:|1758303048
|switch|p2a: Raging Bolt|Raging Bolt|100/100
|-status|p2a: Raging Bolt|psn
|move|p1a: Ogerpon|U-turn|p2a: Raging Bolt
|-damage|p2a: Raging Bolt|76/100 psn
|
|t:|1758303050
|switch|p1a: Landorus|Landorus-Therian, M|37/100|[from] U-turn
|-ability|p1a: Landorus|Intimidate|boost
|-unboost|p2a: Raging Bolt|atk|1
|
|-heal|p2a: Raging Bolt|82/100 psn|[from] item: Leftovers
|-damage|p2a: Raging Bolt|70/100 psn|[from] psn
|upkeep
|turn|7
|
|t:|1758303062
|-end|p2a: Raging Bolt|Protosynthesis|[silent]
|switch|p2a: Great Tusk|Great Tusk|62/100
|-status|p2a: Great Tusk|psn
|move|p1a: Landorus|Earthquake|p2a: Great Tusk
|-damage|p2a: Great Tusk|32/100 psn
|
|-heal|p2a: Great Tusk|38/100 psn|[from] item: Leftovers
|-damage|p2a: Great Tusk|26/100 psn|[from] psn
|upkeep
|turn|8
|
|t:|1758303070
|move|p1a: Landorus|Earthquake|p2a: Great Tusk
|-damage|p2a: Great Tusk|0 fnt
|faint|p2a: Great Tusk
|-end|p2a: Great Tusk|Protosynthesis|[silent]
|
|upkeep
|
|t:|1758303081
|switch|p2a: Bene Gesserit|Iron Crown|100/100
|turn|9
|
|t:|1758303084
|switch|p1a: Ogerpon|Ogerpon-Wellspring, F|15/100
|move|p2a: Bene Gesserit|Tachyon Cutter|p1a: Ogerpon
|-resisted|p1a: Ogerpon
|-damage|p1a: Ogerpon|0 fnt
|faint|p1a: Ogerpon
|-hitcount|p1: Ogerpon|1
|
|upkeep
|
|t:|1758303086
|switch|p1a: Kingambit|Kingambit, F|100/100
|-activate|p1a: Kingambit|ability: Supreme Overlord
|-start|p1a: Kingambit|fallen1|[silent]
|-item|p1a: Kingambit|Air Balloon
|turn|10
|
|t:|1758303091
|-end|p2a: Bene Gesserit|Quark Drive|[silent]
|switch|p2a: Lisan Al Gaib|Keldeo|76/100 psn
|move|p1a: Kingambit|Low Kick|p2a: Lisan Al Gaib
|-damage|p2a: Lisan Al Gaib|49/100 psn
|
|-damage|p2a: Lisan Al Gaib|36/100 psn|[from] psn
|upkeep
|turn|11
|
|t:|1758303095
|-end|p1a: Kingambit|fallen1|[silent]
|switch|p1a: Enamorus|Enamorus, F|100/100
|move|p2a: Lisan Al Gaib|Surf|p1a: Enamorus
|-damage|p1a: Enamorus|0 fnt
|faint|p1a: Enamorus
|
|-damage|p2a: Lisan Al Gaib|24/100 psn|[from] psn
|upkeep
|
|t:|1758303097
|switch|p1a: Kyurem|Kyurem|100/100
|-ability|p1a: Kyurem|Pressure
|turn|12
|
|t:|1758303103
|switch|p2a: Bene Gesserit|Iron Crown|100/100
|move|p1a: Kyurem|Earth Power|p2a: Bene Gesserit
|-supereffective|p2a: Bene Gesserit
|-damage|p2a: Bene Gesserit|54/100
|
|upkeep
|turn|13
|
|t:|1758303117
|switch|p1a: Landorus|Landorus-Therian, M|37/100
|-ability|p1a: Landorus|Intimidate|boost
|-unboost|p2a: Bene Gesserit|atk|1
|move|p2a: Bene Gesserit|Tachyon Cutter|p1a: Landorus
|-damage|p1a: Landorus|8/100
|-damage|p1a: Landorus|0 fnt
|faint|p1a: Landorus
|-hitcount|p1: Landorus|2
|
|upkeep
|
|t:|1758303120
|switch|p1a: Kingambit|Kingambit, F|100/100
|-activate|p1a: Kingambit|ability: Supreme Overlord
|-start|p1a: Kingambit|fallen3|[silent]
|-item|p1a: Kingambit|Air Balloon
|turn|14
|inactive|rookie22 has 120 seconds left.
|j| xchhxdbkhc
|
|t:|1758303170
|-end|p2a: Bene Gesserit|Quark Drive|[silent]
|switch|p2a: Lisan Al Gaib|Keldeo|24/100 psn
|move|p1a: Kingambit|Low Kick|p2a: Lisan Al Gaib
|-damage|p2a: Lisan Al Gaib|0 fnt
|faint|p2a: Lisan Al Gaib
|
|upkeep
|
|t:|1758303174
|switch|p2a: Raging Bolt|Raging Bolt|70/100 psn
|turn|15
|
|t:|1758303178
|move|p2a: Raging Bolt|Thunderbolt|p1a: Kingambit
|-damage|p1a: Kingambit|42/100
|-enditem|p1a: Kingambit|Air Balloon
|move|p1a: Kingambit|Low Kick|p2a: Raging Bolt
|-damage|p2a: Raging Bolt|25/100 psn
|
|-heal|p2a: Raging Bolt|31/100 psn|[from] item: Leftovers
|-damage|p2a: Raging Bolt|18/100 psn|[from] psn
|upkeep
|turn|16
|inactive|rookie22 has 120 seconds left.
|j| FaronAan
|
|t:|1758303187
|-end|p1a: Kingambit|fallen3|[silent]
|switch|p1a: Glimmora|Glimmora, F|77/100
|move|p2a: Raging Bolt|Thunderbolt|p1a: Glimmora
|-damage|p1a: Glimmora|13/100
|
|-heal|p2a: Raging Bolt|25/100 psn|[from] item: Leftovers
|-damage|p2a: Raging Bolt|12/100 psn|[from] psn
|upkeep
|turn|17
|inactive|rookie22 has 120 seconds left.
|
|t:|1758303201
|move|p2a: Raging Bolt|Thunderclap||[still]
|-fail|p2a: Raging Bolt
|move|p1a: Glimmora|Spikes|p2a: Raging Bolt
|-sidestart|p2: rookie22|Spikes
|
|-heal|p2a: Raging Bolt|18/100 psn|[from] item: Leftovers
|-damage|p2a: Raging Bolt|6/100 psn|[from] psn
|upkeep
|turn|18
|
|t:|1758303208
|move|p2a: Raging Bolt|Thunderbolt|p1a: Glimmora
|-damage|p1a: Glimmora|0 fnt
|faint|p1a: Glimmora
|
|-heal|p2a: Raging Bolt|12/100 psn|[from] item: Leftovers
|-damage|p2a: Raging Bolt|0 fnt|[from] psn
|faint|p2a: Raging Bolt
|-end|p2a: Raging Bolt|Protosynthesis|[silent]
|upkeep
|inactive|rookie22 has 120 seconds left.
|j| Trucker Hat Mew
|
|t:|1758303247
|switch|p1a: Kingambit|Kingambit, F|42/100
|switch|p2a: Bene Gesserit|Iron Crown|54/100
|-damage|p2a: Bene Gesserit|42/100|[from] Spikes
|-activate|p1a: Kingambit|ability: Supreme Overlord
|-start|p1a: Kingambit|fallen4|[silent]
|turn|19
|
|t:|1758303262
|-end|p2a: Bene Gesserit|Quark Drive|[silent]
|switch|p2a: Meowscarada|Meowscarada, F|100/100
|move|p1a: Kingambit|Sucker Punch||[still]
|-fail|p1a: Kingambit
|
|upkeep
|turn|20
|
|t:|1758303274
|move|p2a: Meowscarada|Flower Trick|p1a: Kingambit
|-start|p2a: Meowscarada|typechange|Grass|[from] ability: Protean
|-resisted|p1a: Kingambit
|-crit|p1a: Kingambit
|-damage|p1a: Kingambit|22/100
|move|p1a: Kingambit|Low Kick|p2a: Meowscarada
|-damage|p2a: Meowscarada|55/100
|
|upkeep
|turn|21
|inactive|rookie22 has 90 seconds left.
|
|t:|1758303297
|move|p2a: Meowscarada|Flower Trick|p1a: Kingambit
|-resisted|p1a: Kingambit
|-crit|p1a: Kingambit
|-damage|p1a: Kingambit|2/100
|move|p1a: Kingambit|Iron Head|p2a: Meowscarada
|-damage|p2a: Meowscarada|0 fnt
|faint|p2a: Meowscarada
|
|upkeep
|
|t:|1758303304
|switch|p2a: MEGA DRAGONITE|Dragonite, M|100/100
|turn|22
|inactive|rookie22 has 90 seconds left.
|
|t:|1758303309
|move|p2a: MEGA DRAGONITE|Earthquake|p1a: Kingambit
|-supereffective|p1a: Kingambit
|-damage|p1a: Kingambit|0 fnt
|faint|p1a: Kingambit
|-end|p1a: Kingambit|fallen4|[silent]
|
|upkeep
|
|t:|1758303310
|switch|p1a: Kyurem|Kyurem|100/100
|-ability|p1a: Kyurem|Pressure
|turn|23
|inactive|rookie22 has 90 seconds left.
|
|t:|1758303338
|-terastallize|p2a: MEGA DRAGONITE|Flying
|move|p1a: Kyurem|Ice Beam|p2a: MEGA DRAGONITE
|-supereffective|p2a: MEGA DRAGONITE
|-damage|p2a: MEGA DRAGONITE|42/100
|move|p2a: MEGA DRAGONITE|Dragon Dance|p2a: MEGA DRAGONITE
|-boost|p2a: MEGA DRAGONITE|atk|1
|-boost|p2a: MEGA DRAGONITE|spe|1
|
|upkeep
|turn|24
|
|t:|1758303344
|move|p1a: Kyurem|Ice Beam|p2a: MEGA DRAGONITE
|-supereffective|p2a: MEGA DRAGONITE
|-damage|p2a: MEGA DRAGONITE|0 fnt
|faint|p2a: MEGA DRAGONITE
|
|upkeep
|
|t:|1758303348
|switch|p2a: Bene Gesserit|Iron Crown|42/100
|-damage|p2a: Bene Gesserit|30/100|[from] Spikes
|turn|25
|
|t:|1758303351
|-terastallize|p1a: Kyurem|Dragon
|move|p1a: Kyurem|Ice Beam|p2a: Bene Gesserit
|-resisted|p2a: Bene Gesserit
|-damage|p2a: Bene Gesserit|13/100
|move|p2a: Bene Gesserit|Tachyon Cutter|p1a: Kyurem
|-damage|p1a: Kyurem|76/100
|-damage|p1a: Kyurem|53/100
|-hitcount|p1a: Kyurem|2
|
|upkeep
|turn|26
|
|t:|1758303358
|move|p1a: Kyurem|Ice Beam|p2a: Bene Gesserit
|-resisted|p2a: Bene Gesserit
|-damage|p2a: Bene Gesserit|0 fnt
|faint|p2a: Bene Gesserit
|-end|p2a: Bene Gesserit|Quark Drive|[silent]
|
|win|Mr Tpen
|raw|Mr Tpen's rating: 1877 &rarr; <strong>1891</strong><br />(+14 for winning)
|raw|rookie22's rating: 1775 &rarr; <strong>1761</strong><br />(-14 for losing)
|l|☆rookie22
|player|p2|
|l| Trucker Hat Mew
|l|☆Mr Tpen
|player|p1|
|l| FaronAan
