|badge|p2|bronze|gen9ou|100-6
|badge|p2|silver|gen9uu|30-6
|uhtml|medal-msg|<div class="broadcast-blue">Curious what those medals under the avatar are? PS now has Ladder Seasons! For more information, check out the <a href="https://www.smogon.com/forums/threads/3740067/">thread on Smogon.</a></div>
|j|☆Mortifi
|j|☆ulky
|t:|1758304466
|gametype|singles
|player|p1|Mortifi|pokemaniac|1724
|player|p2|ulky|rosa|1870
|gen|9
|tier|[Gen 9] OU
|rated|
|rule|HP Percentage Mod: HP is shown in percentages
|rule|Endless Battle Clause: Forcing endless battles is banned
|rule|Species Clause: Limit one of each Pokémon
|rule|OHKO Clause: OHKO moves are banned
|rule|Evasion Items Clause: Evasion items are banned
|rule|Evasion Moves Clause: Evasion moves are banned
|rule|Evasion Abilities Clause: Evasion abilities are banned
|rule|Sleep Moves Clause: Sleep-inducing moves are banned
|clearpoke
|poke|p1|Primarina, F|
|poke|p1|Deoxys-Speed|
|poke|p1|Great Tusk|
|poke|p1|Raging Bolt|
|poke|p1|Gholdengo|
|poke|p1|Skarmory, F|
|poke|p2|Kyurem|
|poke|p2|Corviknight, M|
|poke|p2|Ting-Lu|
|poke|p2|Dondozo, F|
|poke|p2|Slowking-Galar, L99, M|
|poke|p2|Cinderace, F|
|teampreview
|j| General Rapane
|l| General Rapane
|inactive|Battle timer is ON: inactive players will automatically lose when time's up. (requested by ulky)
|
|t:|1758304524
|teamsize|p1|6
|teamsize|p2|6
|start
|switch|p1a: Primarina|Primarina, F|100/100
|switch|p2a: Slowking|Slowking-Galar, L99, M|100/100
|turn|1
|
|t:|1758304534
|move|p1a: Primarina|Flip Turn|p2a: Slowking
|-damage|p2a: Slowking|84/100
|
|t:|1758304538
|switch|p1a: Gholdengo|Gholdengo|100/100|[from] Flip Turn
|move|p2a: Slowking|Future Sight|p1a: Gholdengo
|-start|p2a: Slowking|move: Future Sight
|
|upkeep
|turn|2
|inactive|Mortifi has 120 seconds left.
|
|t:|1758304569
|move|p1a: Gholdengo|Thunder Wave|p2a: Slowking
|-status|p2a: Slowking|par
|-prepare|p2a: Slowking|Chilly Reception|[premajor]
|move|p2a: Slowking|Chilly Reception|p2a: Slowking
|-weather|Snowscape
|
|t:|1758304571
|switch|p2a: Cinderace|Cinderace, F|100/100|[from] Chilly Reception
|
|-weather|Snowscape|[upkeep]
|upkeep
|turn|3
|
|t:|1758304584
|switch|p1a: Deoxys|Deoxys-Speed|100/100
|-ability|p1a: Deoxys|Pressure
|move|p2a: Cinderace|Pyro Ball|p1a: Deoxys|[miss]
|-miss|p2a: Cinderace|p1a: Deoxys
|
|-weather|Snowscape|[upkeep]
|-end|p1a: Deoxys|move: Future Sight
|-resisted|p1a: Deoxys
|-damage|p1a: Deoxys|72/100
|upkeep
|turn|4
|
|t:|1758304596
|switch|p1a: Great Tusk|Great Tusk|100/100
|move|p2a: Cinderace|U-turn|p1a: Great Tusk
|-resisted|p1a: Great Tusk
|-damage|p1a: Great Tusk|93/100
|
|t:|1758304598
|switch|p2a: Kyurem|Kyurem|100/100|[from] U-turn
|-ability|p2a: Kyurem|Pressure
|
|-weather|Snowscape|[upkeep]
|upkeep
|turn|5
|
|t:|1758304606
|-end|p1a: Great Tusk|Protosynthesis|[silent]
|switch|p1a: Gholdengo|Gholdengo|100/100
|move|p2a: Kyurem|Freeze-Dry|p1a: Gholdengo
|-resisted|p1a: Gholdengo
|-damage|p1a: Gholdengo|88/100
|
|-weather|Snowscape|[upkeep]
|upkeep
|turn|6
|
|t:|1758304618
|move|p2a: Kyurem|Substitute|p2a: Kyurem
|-start|p2a: Kyurem|Substitute
|-damage|p2a: Kyurem|75/100
|move|p1a: Gholdengo|Make It Rain|p2a: Kyurem
|-supereffective|p2a: Kyurem
|-end|p2a: Kyurem|Substitute
|-unboost|p1a: Gholdengo|spa|1
|
|-weather|none
|-heal|p2a: Kyurem|82/100|[from] item: Leftovers
|upkeep
|turn|7
|inactive|Mortifi has 120 seconds left.
|
|t:|1758304647
|switch|p1a: Primarina|Primarina, F|100/100
|move|p2a: Kyurem|Substitute|p2a: Kyurem
|-start|p2a: Kyurem|Substitute
|-damage|p2a: Kyurem|57/100
|
|-heal|p2a: Kyurem|63/100|[from] item: Leftovers
|upkeep
|turn|8
|
|t:|1758304654
|switch|p1a: Gholdengo|Gholdengo|88/100
|move|p2a: Kyurem|Freeze-Dry|p1a: Gholdengo
|-resisted|p1a: Gholdengo
|-damage|p1a: Gholdengo|74/100
|
|-heal|p2a: Kyurem|69/100|[from] item: Leftovers
|upkeep
|turn|9
|
|t:|1758304662
|move|p2a: Kyurem|Protect|p2a: Kyurem
|-singleturn|p2a: Kyurem|Protect
|move|p1a: Gholdengo|Hex|p2a: Kyurem
|-activate|p2a: Kyurem|move: Protect
|
|-heal|p2a: Kyurem|75/100|[from] item: Leftovers
|upkeep
|turn|10
|
|t:|1758304668
|-terastallize|p2a: Kyurem|Ground
|move|p2a: Kyurem|Earth Power|p1a: Gholdengo
|-supereffective|p1a: Gholdengo
|-damage|p1a: Gholdengo|5/100
|move|p1a: Gholdengo|Hex|p2a: Kyurem
|-end|p2a: Kyurem|Substitute
|
|-heal|p2a: Kyurem|81/100|[from] item: Leftovers
|upkeep
|turn|11
|j| Partynparadise
|
|t:|1758304682
|switch|p1a: Primarina|Primarina, F|100/100
|move|p2a: Kyurem|Freeze-Dry|p1a: Primarina
|-supereffective|p1a: Primarina
|-damage|p1a: Primarina|38/100
|
|-heal|p2a: Kyurem|88/100|[from] item: Leftovers
|upkeep
|turn|12
|
|t:|1758304702
|switch|p1a: Gholdengo|Gholdengo|5/100
|move|p2a: Kyurem|Protect||[still]
|-fail|p2a: Kyurem
|
|-heal|p2a: Kyurem|94/100|[from] item: Leftovers
|upkeep
|turn|13
|
|t:|1758304709
|move|p2a: Kyurem|Freeze-Dry|p1a: Gholdengo
|-resisted|p1a: Gholdengo
|-damage|p1a: Gholdengo|0 fnt
|faint|p1a: Gholdengo
|
|-heal|p2a: Kyurem|99/100|[from] item: Leftovers
|upkeep
|l| Partynparadise
|inactive|Mortifi has 120 seconds left.
|j| Partynparadise
|
|t:|1758304743
|switch|p1a: Raging Bolt|Raging Bolt|100/100
|turn|14
|
|t:|1758304746
|switch|p2a: Ting-Lu|Ting-Lu|100/100
|-ability|p2a: Ting-Lu|Vessel of Ruin
|-terastallize|p1a: Raging Bolt|Ground
|move|p1a: Raging Bolt|Tera Blast|p2a: Ting-Lu|[anim] Tera Blast Ground
|-damage|p2a: Ting-Lu|79/100
|
|-heal|p2a: Ting-Lu|86/100|[from] item: Leftovers
|upkeep
|turn|15
|inactive|Mortifi has 120 seconds left.
|
|t:|1758304760
|-end|p1a: Raging Bolt|Protosynthesis|[silent]
|switch|p1a: Great Tusk|Great Tusk|93/100
|move|p2a: Ting-Lu|Earthquake|p1a: Great Tusk
|-damage|p1a: Great Tusk|66/100
|
|-heal|p2a: Ting-Lu|92/100|[from] item: Leftovers
|upkeep
|turn|16
|inactive|Mortifi has 120 seconds left.
|
|t:|1758304767
|switch|p2a: Corviknight|Corviknight, M|100/100
|-ability|p2a: Corviknight|Pressure
|move|p1a: Great Tusk|Knock Off|p2a: Corviknight
|-damage|p2a: Corviknight|79/100
|-damage|p1a: Great Tusk|50/100|[from] item: Rocky Helmet|[of] p2a: Corviknight
|-enditem|p2a: Corviknight|Rocky Helmet|[from] move: Knock Off|[of] p1a: Great Tusk
|
|upkeep
|turn|17
|inactive|Mortifi has 120 seconds left.
|
|t:|1758304778
|-end|p1a: Great Tusk|Protosynthesis|[silent]
|switch|p1a: Skarmory|Skarmory, F|100/100
|move|p2a: Corviknight|U-turn|p1a: Skarmory
|-resisted|p1a: Skarmory
|-damage|p1a: Skarmory|99/100
|-damage|p2a: Corviknight|63/100|[from] item: Rocky Helmet|[of] p1a: Skarmory
|
|t:|1758304782
|switch|p2a: Kyurem|Kyurem, tera:Ground|99/100|[from] U-turn
|-ability|p2a: Kyurem|Pressure
|
|-heal|p2a: Kyurem|100/100|[from] item: Leftovers
|upkeep
|turn|18
|
|t:|1758304790
|switch|p1a: Raging Bolt|Raging Bolt, tera:Ground|100/100
|move|p2a: Kyurem|Freeze-Dry|p1a: Raging Bolt
|-supereffective|p1a: Raging Bolt
|-damage|p1a: Raging Bolt|56/100
|
|upkeep
|turn|19
|
|t:|1758304797
|move|p2a: Kyurem|Protect|p2a: Kyurem
|-singleturn|p2a: Kyurem|Protect
|move|p1a: Raging Bolt|Tera Blast|p2a: Kyurem|[anim] Tera Blast Ground
|-activate|p2a: Kyurem|move: Protect
|
|upkeep
|turn|20
|
|t:|1758304804
|move|p2a: Kyurem|Freeze-Dry|p1a: Raging Bolt
|-supereffective|p1a: Raging Bolt
|-damage|p1a: Raging Bolt|13/100
|move|p1a: Raging Bolt|Tera Blast|p2a: Kyurem|[anim] Tera Blast Ground
|-damage|p2a: Kyurem|55/100
|
|-heal|p2a: Kyurem|61/100|[from] item: Leftovers
|upkeep
|turn|21
|l| Partynparadise
|
|t:|1758304813
|move|p2a: Kyurem|Freeze-Dry|p1a: Raging Bolt
|-supereffective|p1a: Raging Bolt
|-damage|p1a: Raging Bolt|0 fnt
|faint|p1a: Raging Bolt
|-end|p1a: Raging Bolt|Protosynthesis|[silent]
|
|-heal|p2a: Kyurem|68/100|[from] item: Leftovers
|upkeep
|
|t:|1758304821
|switch|p1a: Deoxys|Deoxys-Speed|72/100
|-ability|p1a: Deoxys|Pressure
|turn|22
|j| Partynparadise
|
|t:|1758304825
|move|p2a: Kyurem|Protect|p2a: Kyurem
|-singleturn|p2a: Kyurem|Protect
|move|p1a: Deoxys|Psycho Boost|p2a: Kyurem
|-activate|p2a: Kyurem|move: Protect
|
|-heal|p2a: Kyurem|74/100|[from] item: Leftovers
|upkeep
|turn|23
|
|t:|1758304832
|switch|p2a: Slowking|Slowking-Galar, L99, M|100/100 par
|move|p1a: Deoxys|Psycho Boost|p2a: Slowking
|-damage|p2a: Slowking|73/100 par
|-unboost|p1a: Deoxys|spa|2
|
|upkeep
|turn|24
|
|t:|1758304839
|switch|p2a: Corviknight|Corviknight, M|63/100
|-ability|p2a: Corviknight|Pressure
|move|p1a: Deoxys|Teleport|p1a: Deoxys
|
|t:|1758304844
|switch|p1a: Primarina|Primarina, F|38/100|[from] Teleport
|
|upkeep
|turn|25
|
|t:|1758304850
|move|p1a: Primarina|Surf|p2a: Corviknight
|-damage|p2a: Corviknight|0 fnt
|faint|p2a: Corviknight
|
|upkeep
|l| Partynparadise
|
|t:|1758304853
|switch|p2a: Kyurem|Kyurem, tera:Ground|74/100
|-ability|p2a: Kyurem|Pressure
|turn|26
|j| AntdonPokemon
|
|t:|1758304863
|switch|p1a: Skarmory|Skarmory, F|99/100
|move|p2a: Kyurem|Freeze-Dry|p1a: Skarmory
|-damage|p1a: Skarmory|51/100
|
|-heal|p2a: Kyurem|80/100|[from] item: Leftovers
|upkeep
|turn|27
|
|t:|1758304870
|move|p2a: Kyurem|Freeze-Dry|p1a: Skarmory
|-damage|p1a: Skarmory|3/100
|move|p1a: Skarmory|Roost|p1a: Skarmory
|-heal|p1a: Skarmory|53/100
|-singleturn|p1a: Skarmory|move: Roost
|
|-heal|p2a: Kyurem|86/100|[from] item: Leftovers
|upkeep
|turn|28
|j| Partynparadise
|
|t:|1758304878
|move|p2a: Kyurem|Freeze-Dry|p1a: Skarmory
|-damage|p1a: Skarmory|4/100
|move|p1a: Skarmory|Roost|p1a: Skarmory
|-heal|p1a: Skarmory|54/100
|-singleturn|p1a: Skarmory|move: Roost
|
|-heal|p2a: Kyurem|92/100|[from] item: Leftovers
|upkeep
|turn|29
|
|t:|1758304886
|switch|p1a: Deoxys|Deoxys-Speed|72/100
|-ability|p1a: Deoxys|Pressure
|move|p2a: Kyurem|Freeze-Dry|p1a: Deoxys
|-damage|p1a: Deoxys|32/100
|
|-heal|p2a: Kyurem|99/100|[from] item: Leftovers
|upkeep
|turn|30
|
|t:|1758304894
|move|p2a: Kyurem|Protect|p2a: Kyurem
|-singleturn|p2a: Kyurem|Protect
|move|p1a: Deoxys|Recover|p1a: Deoxys
|-heal|p1a: Deoxys|82/100
|
|-heal|p2a: Kyurem|100/100|[from] item: Leftovers
|upkeep
|turn|31
|
|t:|1758304901
|switch|p2a: Slowking|Slowking-Galar, L99, M|100/100 par
|move|p1a: Deoxys|Psycho Boost|p2a: Slowking
|-damage|p2a: Slowking|73/100 par
|-unboost|p1a: Deoxys|spa|2
|
|upkeep
|turn|32
|
|t:|1758304908
|move|p1a: Deoxys|Stealth Rock|p2a: Slowking
|-sidestart|p2: ulky|move: Stealth Rock
|-prepare|p2a: Slowking|Chilly Reception|[premajor]
|cant|p2a: Slowking|par
|
|upkeep
|turn|33
|
|t:|1758304913
|-prepare|p2a: Slowking|Chilly Reception|[premajor]
|move|p2a: Slowking|Chilly Reception|p2a: Slowking
|-weather|Snowscape
|
|t:|1758304920
|switch|p2a: Cinderace|Cinderace, F|100/100|[from] Chilly Reception
|move|p1a: Deoxys|Teleport|p1a: Deoxys
|
|t:|1758304925
|switch|p1a: Great Tusk|Great Tusk|50/100|[from] Teleport
|
|-weather|Snowscape|[upkeep]
|upkeep
|turn|34
|
|t:|1758304930
|move|p2a: Cinderace|Will-O-Wisp|p1a: Great Tusk|[miss]
|-miss|p2a: Cinderace|p1a: Great Tusk
|move|p1a: Great Tusk|Headlong Rush|p2a: Cinderace
|-supereffective|p2a: Cinderace
|-damage|p2a: Cinderace|0 fnt
|-unboost|p1a: Great Tusk|def|1
|-unboost|p1a: Great Tusk|spd|1
|faint|p2a: Cinderace
|
|-weather|Snowscape|[upkeep]
|upkeep
|
|t:|1758304932
|switch|p2a: Kyurem|Kyurem, tera:Ground|100/100
|-damage|p2a: Kyurem|94/100|[from] Stealth Rock
|-ability|p2a: Kyurem|Pressure
|turn|35
|
|t:|1758304944
|-end|p1a: Great Tusk|Protosynthesis|[silent]
|switch|p1a: Deoxys|Deoxys-Speed|82/100
|-ability|p1a: Deoxys|Pressure
|move|p2a: Kyurem|Substitute|p2a: Kyurem
|-start|p2a: Kyurem|Substitute
|-damage|p2a: Kyurem|69/100
|
|-weather|Snowscape|[upkeep]
|-heal|p2a: Kyurem|75/100|[from] item: Leftovers
|upkeep
|turn|36
|
|t:|1758304953
|move|p2a: Kyurem|Protect|p2a: Kyurem
|-singleturn|p2a: Kyurem|Protect
|move|p1a: Deoxys|Psycho Boost|p2a: Kyurem
|-activate|p2a: Kyurem|move: Protect
|
|-weather|Snowscape|[upkeep]
|-heal|p2a: Kyurem|82/100|[from] item: Leftovers
|upkeep
|turn|37
|
|t:|1758304962
|move|p1a: Deoxys|Psycho Boost|p2a: Kyurem
|-end|p2a: Kyurem|Substitute
|-unboost|p1a: Deoxys|spa|2
|move|p2a: Kyurem|Earth Power|p1a: Deoxys
|-damage|p1a: Deoxys|23/100
|-unboost|p1a: Deoxys|spd|1
|
|-weather|none
|-heal|p2a: Kyurem|88/100|[from] item: Leftovers
|upkeep
|turn|38
|
|t:|1758304973
|switch|p1a: Skarmory|Skarmory, F|54/100
|move|p2a: Kyurem|Substitute|p2a: Kyurem
|-start|p2a: Kyurem|Substitute
|-damage|p2a: Kyurem|63/100
|
|-heal|p2a: Kyurem|69/100|[from] item: Leftovers
|upkeep
|turn|39
|
|t:|1758304980
|move|p2a: Kyurem|Freeze-Dry|p1a: Skarmory
|-damage|p1a: Skarmory|7/100
|move|p1a: Skarmory|Roost|p1a: Skarmory
|-heal|p1a: Skarmory|57/100
|-singleturn|p1a: Skarmory|move: Roost
|
|-heal|p2a: Kyurem|75/100|[from] item: Leftovers
|upkeep
|turn|40
|
|t:|1758304989
|move|p2a: Kyurem|Freeze-Dry|p1a: Skarmory
|-damage|p1a: Skarmory|12/100
|move|p1a: Skarmory|Roost|p1a: Skarmory
|-heal|p1a: Skarmory|62/100
|-singleturn|p1a: Skarmory|move: Roost
|
|-heal|p2a: Kyurem|81/100|[from] item: Leftovers
|upkeep
|turn|41
|
|t:|1758304997
|move|p2a: Kyurem|Freeze-Dry|p1a: Skarmory
|-damage|p1a: Skarmory|12/100
|move|p1a: Skarmory|Roost|p1a: Skarmory
|-heal|p1a: Skarmory|62/100
|-singleturn|p1a: Skarmory|move: Roost
|
|-heal|p2a: Kyurem|88/100|[from] item: Leftovers
|upkeep
|turn|42
|
|t:|1758305006
|switch|p1a: Great Tusk|Great Tusk|50/100
|move|p2a: Kyurem|Freeze-Dry|p1a: Great Tusk
|-supereffective|p1a: Great Tusk
|-damage|p1a: Great Tusk|0 fnt
|faint|p1a: Great Tusk
|-end|p1a: Great Tusk|Protosynthesis|[silent]
|
|-heal|p2a: Kyurem|94/100|[from] item: Leftovers
|upkeep
|
|t:|1758305015
|switch|p1a: Deoxys|Deoxys-Speed|23/100
|-ability|p1a: Deoxys|Pressure
|turn|43
|
|t:|1758305019
|move|p1a: Deoxys|Recover|p1a: Deoxys
|-heal|p1a: Deoxys|73/100
|move|p2a: Kyurem|Freeze-Dry|p1a: Deoxys
|-damage|p1a: Deoxys|31/100
|
|-heal|p2a: Kyurem|99/100|[from] item: Leftovers
|upkeep
|turn|44
|
|t:|1758305026
|move|p1a: Deoxys|Recover|p1a: Deoxys
|-heal|p1a: Deoxys|81/100
|move|p2a: Kyurem|Earth Power|p1a: Deoxys
|-damage|p1a: Deoxys|30/100
|
|-heal|p2a: Kyurem|100/100|[from] item: Leftovers
|upkeep
|turn|45
|
|t:|1758305033
|move|p1a: Deoxys|Recover|p1a: Deoxys
|-heal|p1a: Deoxys|80/100
|move|p2a: Kyurem|Earth Power|p1a: Deoxys
|-damage|p1a: Deoxys|22/100
|
|upkeep
|turn|46
|
|t:|1758305039
|move|p1a: Deoxys|Recover|p1a: Deoxys
|-heal|p1a: Deoxys|72/100
|move|p2a: Kyurem|Earth Power|p1a: Deoxys
|-damage|p1a: Deoxys|18/100
|
|upkeep
|turn|47
|
|t:|1758305044
|move|p1a: Deoxys|Recover|p1a: Deoxys
|-heal|p1a: Deoxys|68/100
|move|p2a: Kyurem|Earth Power|p1a: Deoxys
|-damage|p1a: Deoxys|12/100
|
|upkeep
|turn|48
|
|t:|1758305050
|move|p1a: Deoxys|Recover|p1a: Deoxys
|-heal|p1a: Deoxys|62/100
|move|p2a: Kyurem|Earth Power|p1a: Deoxys
|-crit|p1a: Deoxys
|-damage|p1a: Deoxys|0 fnt
|faint|p1a: Deoxys
|
|upkeep
|-message|Mortifi forfeited.
|
|win|ulky
|raw|Mortifi's rating: 1724 &rarr; <strong>1712</strong><br />(-12 for losing)
|raw|ulky's rating: 1870 &rarr; <strong>1882</strong><br />(+12 for winning)
|l|☆Mortifi
|player|p1|
|l| AntdonPokemon
|l|☆ulky
|player|p2|
|j|☆ulky
|player|p2|ulky|rosa|
|j| Ran Kob
|l|☆ulky
|player|p2|
