|j|☆mrboss2252
|j|☆Glimmza
|t:|1758346870
|gametype|singles
|player|p1|mrboss2252|266|1059
|player|p2|Glimmza|colress|1083
|gen|9
|tier|[Gen 9] OU
|rated|
|rule|HP Percentage Mod: HP is shown in percentages
|rule|Endless Battle Clause: Forcing endless battles is banned
|rule|Species Clause: Limit one of each Pokémon
|rule|OHKO Clause: OHKO moves are banned
|rule|Evasion Items Clause: Evasion items are banned
|rule|Evasion Moves Clause: Evasion moves are banned
|rule|Evasion Abilities Clause: Evasion abilities are banned
|rule|Sleep Moves Clause: Sleep-inducing moves are banned
|clearpoke
|poke|p1|Arcanine-Hisui, F|
|poke|p1|Dragonite, F|
|poke|p1|Gyarados, M|
|poke|p1|Excadrill, F|
|poke|p1|Amoonguss, M|
|poke|p1|Rotom|
|poke|p2|Sylveon, M|
|poke|p2|Umbreon, F|
|poke|p2|Crocalor, F|
|poke|p2|Gastrodon-East, M|
|poke|p2|Hatterene, F|
|poke|p2|Hydreigon, M|
|teampreview
|
|t:|1758346882
|teamsize|p1|6
|teamsize|p2|6
|start
|switch|p1a: Arcanine|Arcanine-Hisui, F|100/100
|switch|p2a: Umbreon|Umbreon, F, shiny|100/100
|turn|1
|
|t:|1758346893
|move|p1a: Arcanine|Close Combat|p2a: Umbreon
|-supereffective|p2a: Umbreon
|-damage|p2a: Umbreon|25/100
|-unboost|p1a: Arcanine|def|1
|-unboost|p1a: Arcanine|spd|1
|move|p2a: Umbreon|Skill Swap|p1a: Arcanine
|-activate|p2a: Umbreon|move: Skill Swap|Rock Head|Synchronize|[of] p1a: Arcanine
|
|upkeep
|turn|2
|
|t:|1758346908
|-terastallize|p2a: Umbreon|Ghost
|move|p1a: Arcanine|Close Combat|p2a: Umbreon
|-immune|p2a: Umbreon
|move|p2a: Umbreon|Foul Play|p1a: Arcanine
|-damage|p1a: Arcanine|20/100
|
|upkeep
|turn|3
|
|t:|1758346925
|switch|p1a: Amoonguss|Amoonguss, M|100/100
|switch|p2a: Vaporeon?|Gastrodon-East, M, shiny|100/100
|
|upkeep
|turn|4
|
|t:|1758346930
|switch|p2a: Espeon?|Hatterene, F|100/100
|move|p1a: Amoonguss|Toxic|p2a: Espeon?
|move|p2a: Espeon?|Toxic|p1a: Amoonguss|[from] ability: Magic Bounce
|-immune|p1a: Amoonguss
|
|upkeep
|turn|5
|
|t:|1758346945
|move|p1a: Amoonguss|Giga Drain|p2a: Espeon?
|-damage|p2a: Espeon?|80/100
|move|p2a: Espeon?|Trick Room|p2a: Espeon?
|-fieldstart|move: Trick Room|[of] p2a: Espeon?
|
|upkeep
|turn|6
|
|t:|1758346949
|move|p2a: Espeon?|Psychic|p1a: Amoonguss
|-supereffective|p1a: Amoonguss
|-damage|p1a: Amoonguss|30/100
|move|p1a: Amoonguss|Giga Drain|p2a: Espeon?
|-damage|p2a: Espeon?|59/100
|-heal|p1a: Amoonguss|37/100|[from] drain|[of] p2a: Espeon?
|
|upkeep
|turn|7
|
|t:|1758346956
|move|p2a: Espeon?|Psychic|p1a: Amoonguss
|-supereffective|p1a: Amoonguss
|-damage|p1a: Amoonguss|0 fnt
|faint|p1a: Amoonguss
|
|upkeep
|
|t:|1758346960
|switch|p1a: Gyarados|Gyarados, M|100/100
|turn|8
|
|t:|1758346971
|move|p2a: Espeon?|Draining Kiss|p1a: Gyarados
|-damage|p1a: Gyarados|70/100
|-heal|p2a: Espeon?|88/100|[from] drain|[of] p1a: Gyarados
|move|p1a: Gyarados|Crunch|p2a: Espeon?
|-damage|p2a: Espeon?|46/100
|
|upkeep
|turn|9
|
|t:|1758346979
|move|p2a: Espeon?|Draining Kiss|p1a: Gyarados
|-damage|p1a: Gyarados|43/100
|-heal|p2a: Espeon?|72/100|[from] drain|[of] p1a: Gyarados
|move|p1a: Gyarados|Crunch|p2a: Espeon?
|-damage|p2a: Espeon?|31/100
|
|-fieldend|move: Trick Room
|upkeep
|turn|10
|
|t:|1758346986
|move|p1a: Gyarados|Crunch|p2a: Espeon?
|-damage|p2a: Espeon?|0 fnt
|faint|p2a: Espeon?
|-ability|p1a: Gyarados|Moxie|boost
|-boost|p1a: Gyarados|atk|1
|
|upkeep
|
|t:|1758346992
|switch|p2a: Flareon?|Crocalor, F|100/100
|turn|11
|
|t:|1758347000
|move|p1a: Gyarados|Waterfall|p2a: Flareon?
|-supereffective|p2a: Flareon?
|-damage|p2a: Flareon?|41/100
|move|p2a: Flareon?|Will-O-Wisp|p1a: Gyarados
|-status|p1a: Gyarados|brn
|
|-damage|p1a: Gyarados|37/100 brn|[from] brn
|upkeep
|turn|12
|
|t:|1758347010
|move|p1a: Gyarados|Dragon Dance|p1a: Gyarados
|-boost|p1a: Gyarados|atk|1
|-boost|p1a: Gyarados|spe|1
|move|p2a: Flareon?|Slack Off|p2a: Flareon?
|-heal|p2a: Flareon?|91/100
|
|-damage|p1a: Gyarados|31/100 brn|[from] brn
|upkeep
|turn|13
|
|t:|1758347018
|move|p1a: Gyarados|Waterfall|p2a: Flareon?
|-supereffective|p2a: Flareon?
|-damage|p2a: Flareon?|61/100
|cant|p2a: Flareon?|flinch
|
|-damage|p1a: Gyarados|25/100 brn|[from] brn
|upkeep
|turn|14
|
|t:|1758347028
|move|p1a: Gyarados|Waterfall|p2a: Flareon?
|-supereffective|p2a: Flareon?
|-damage|p2a: Flareon?|34/100
|move|p2a: Flareon?|Slack Off|p2a: Flareon?
|-heal|p2a: Flareon?|84/100
|
|-damage|p1a: Gyarados|19/100 brn|[from] brn
|upkeep
|turn|15
|
|t:|1758347037
|move|p1a: Gyarados|Earthquake|p2a: Flareon?
|-supereffective|p2a: Flareon?
|-damage|p2a: Flareon?|59/100
|move|p2a: Flareon?|Fire Spin|p1a: Gyarados
|-resisted|p1a: Gyarados
|-damage|p1a: Gyarados|13/100 brn
|-activate|p1a: Gyarados|move: Fire Spin|[of] p2a: Flareon?
|
|-damage|p1a: Gyarados|7/100 brn|[from] brn
|-damage|p1a: Gyarados|0 fnt|[from] move: Fire Spin|[partiallytrapped]
|faint|p1a: Gyarados
|upkeep
|
|t:|1758347049
|switch|p1a: Arcanine|Arcanine-Hisui, F|20/100
|turn|16
|
|t:|1758347061
|switch|p2a: Umbreon|Umbreon, F, shiny, tera:Ghost|25/100
|move|p1a: Arcanine|Head Smash|p2a: Umbreon
|-damage|p2a: Umbreon|0 fnt
|faint|p2a: Umbreon
|
|upkeep
|
|t:|1758347067
|switch|p2a: Jhon Sylveon|Sylveon, M, shiny|100/100
|turn|17
|
|t:|1758347070
|move|p2a: Jhon Sylveon|Quick Attack|p1a: Arcanine
|-resisted|p1a: Arcanine
|-damage|p1a: Arcanine|4/100
|move|p1a: Arcanine|Head Smash|p2a: Jhon Sylveon
|-damage|p2a: Jhon Sylveon|0 fnt
|faint|p2a: Jhon Sylveon
|
|upkeep
|
|t:|1758347080
|switch|p2a: Hydreigon|Hydreigon, M|100/100
|turn|18
|
|t:|1758347085
|move|p2a: Hydreigon|Tera Blast|p1a: Arcanine
|-resisted|p1a: Arcanine
|-damage|p1a: Arcanine|0 fnt
|faint|p1a: Arcanine
|
|upkeep
|
|t:|1758347110
|switch|p1a: Excadrill|Excadrill, F|100/100
|-ability|p1a: Excadrill|Mold Breaker
|turn|19
|
|t:|1758347129
|switch|p2a: Vaporeon?|Gastrodon-East, M, shiny|100/100
|move|p1a: Excadrill|Stealth Rock|p2a: Vaporeon?
|-sidestart|p2: Glimmza|move: Stealth Rock
|
|upkeep
|turn|20
|
|t:|1758347141
|move|p1a: Excadrill|Earthquake|p2a: Vaporeon?
|-damage|p2a: Vaporeon?|56/100
|move|p2a: Vaporeon?|Earth Power|p1a: Excadrill
|-supereffective|p1a: Excadrill
|-damage|p1a: Excadrill|17/100
|
|upkeep
|turn|21
|
|t:|1758347147
|move|p1a: Excadrill|Earthquake|p2a: Vaporeon?
|-damage|p2a: Vaporeon?|8/100
|move|p2a: Vaporeon?|Surf|p1a: Excadrill
|-supereffective|p1a: Excadrill
|-damage|p1a: Excadrill|0 fnt
|faint|p1a: Excadrill
|
|upkeep
|
|t:|1758347154
|switch|p1a: Dragonite|Dragonite, F|100/100
|turn|22
|
|t:|1758347157
|move|p1a: Dragonite|Earthquake|p2a: Vaporeon?
|-damage|p2a: Vaporeon?|0 fnt
|faint|p2a: Vaporeon?
|
|upkeep
|
|t:|1758347161
|switch|p2a: Flareon?|Crocalor, F|59/100
|-damage|p2a: Flareon?|34/100|[from] Stealth Rock
|turn|23
|
|t:|1758347165
|move|p1a: Dragonite|Earthquake|p2a: Flareon?
|-supereffective|p2a: Flareon?
|-damage|p2a: Flareon?|0 fnt
|faint|p2a: Flareon?
|
|upkeep
|
|t:|1758347170
|switch|p2a: Hydreigon|Hydreigon, M|100/100
|-damage|p2a: Hydreigon|88/100|[from] Stealth Rock
|turn|24
|
|t:|1758347175
|move|p2a: Hydreigon|Dragon Pulse|p1a: Dragonite
|-supereffective|p1a: Dragonite
|-damage|p1a: Dragonite|13/100
|move|p1a: Dragonite|Ice Spinner|p2a: Hydreigon
|-supereffective|p2a: Hydreigon
|-damage|p2a: Hydreigon|5/100
|
|-heal|p1a: Dragonite|19/100|[from] item: Leftovers
|upkeep
|turn|25
|
|t:|1758347185
|move|p2a: Hydreigon|Dragon Pulse|p1a: Dragonite
|-supereffective|p1a: Dragonite
|-damage|p1a: Dragonite|0 fnt
|faint|p1a: Dragonite
|
|upkeep
|
|t:|1758347190
|switch|p1a: Rotom|Rotom|100/100
|turn|26
|
|t:|1758347193
|move|p2a: Hydreigon|Dragon Pulse|p1a: Rotom
|-damage|p1a: Rotom|27/100
|move|p1a: Rotom|Thunderbolt|p2a: Hydreigon
|-resisted|p2a: Hydreigon
|-damage|p2a: Hydreigon|0 fnt
|faint|p2a: Hydreigon
|
|win|mrboss2252
|raw|mrboss2252's rating: 1059 &rarr; <strong>1092</strong><br />(+33 for winning)
|raw|Glimmza's rating: 1083 &rarr; <strong>1059</strong><br />(-24 for losing)
|l|☆Glimmza
|player|p2|
|l|☆mrboss2252
|player|p1|
