|j|☆No Skill Involved
|j|☆Godislaw
|t:|1758322335
|gametype|singles
|player|p1|No Skill Involved|169|1257
|player|p2|Godislaw|102|1266
|gen|9
|tier|[Gen 9] OU
|rated|
|rule|HP Percentage Mod: HP is shown in percentages
|rule|Endless Battle Clause: Forcing endless battles is banned
|rule|Species Clause: Limit one of each Pokémon
|rule|OHKO Clause: OHKO moves are banned
|rule|Evasion Items Clause: Evasion items are banned
|rule|Evasion Moves Clause: Evasion moves are banned
|rule|Evasion Abilities Clause: Evasion abilities are banned
|rule|Sleep Moves Clause: Sleep-inducing moves are banned
|clearpoke
|poke|p1|Weezing-Galar, F|
|poke|p1|Sinistcha-Masterpiece|
|poke|p1|Gliscor, M|
|poke|p1|Alomomola, F|
|poke|p1|Gallade, M|
|poke|p1|Samurott-Hisui, M|
|poke|p2|Darkrai|
|poke|p2|Galvantula, F|
|poke|p2|Garchomp, M|
|poke|p2|Dusclops, M|
|poke|p2|Skeledirge, F|
|poke|p2|Ogerpon-Wellspring, F|
|teampreview
|inactive|Battle timer is ON: inactive players will automatically lose when time's up. (requested by No Skill Involved)
|
|t:|1758322359
|teamsize|p1|6
|teamsize|p2|6
|start
|switch|p1a: Gallade|Gallade, M, shiny|100/100
|switch|p2a: Galvantula|Galvantula, F, shiny|100/100
|turn|1
|
|t:|1758322371
|move|p2a: Galvantula|Thunder Wave|p1a: Gallade
|-status|p1a: Gallade|par
|move|p1a: Gallade|Psycho Cut|p2a: Galvantula
|-enditem|p2a: Galvantula|Focus Sash
|-damage|p2a: Galvantula|1/100
|
|upkeep
|turn|2
|
|t:|1758322379
|move|p2a: Galvantula|Sticky Web|p1a: Gallade
|-sidestart|p1: No Skill Involved|move: Sticky Web
|move|p1a: Gallade|Psycho Cut|p2a: Galvantula
|-damage|p2a: Galvantula|0 fnt
|faint|p2a: Galvantula
|
|upkeep
|
|t:|1758322390
|switch|p2a: Darkrai|Darkrai, shiny|100/100
|turn|3
|
|t:|1758322412
|switch|p1a: Samurott|Samurott-Hisui, M|100/100
|-activate|p1a: Samurott|move: Sticky Web
|-unboost|p1a: Samurott|spe|1
|move|p2a: Darkrai|Dark Pulse|p1a: Samurott
|-resisted|p1a: Samurott
|-damage|p1a: Samurott|85/100
|
|upkeep
|turn|4
|
|t:|1758322421
|switch|p2a: Ogerpon|Ogerpon-Wellspring, F|100/100
|move|p1a: Samurott|Ceaseless Edge|p2a: Ogerpon
|-damage|p2a: Ogerpon|42/100
|-sidestart|p2: Godislaw|Spikes
|
|upkeep
|turn|5
|
|t:|1758322432
|switch|p1a: Weezing|Weezing-Galar, F|100/100
|-ability|p1a: Weezing|Neutralizing Gas
|-activate|p1a: Weezing|move: Sticky Web
|-unboost|p1a: Weezing|spe|1
|-enditem|p1a: Weezing|Eject Pack
|
|t:|1758322437
|-end|p1a: Weezing|ability: Neutralizing Gas
|switch|p1a: Sinistcha|Sinistcha-Masterpiece|100/100
|-activate|p1a: Sinistcha|move: Sticky Web
|-unboost|p1a: Sinistcha|spe|1
|move|p2a: Ogerpon|Horn Leech|p1a: Sinistcha
|-resisted|p1a: Sinistcha
|-damage|p1a: Sinistcha|80/100
|-heal|p2a: Ogerpon|54/100|[from] drain|[of] p1a: Sinistcha
|
|-heal|p1a: Sinistcha|86/100|[from] item: Leftovers
|upkeep
|turn|6
|
|t:|1758322456
|switch|p2a: Darkrai|Darkrai, shiny|100/100
|move|p1a: Sinistcha|Calm Mind|p1a: Sinistcha
|-boost|p1a: Sinistcha|spa|1
|-boost|p1a: Sinistcha|spd|1
|
|-heal|p1a: Sinistcha|92/100|[from] item: Leftovers
|upkeep
|turn|7
|
|t:|1758322466
|move|p2a: Darkrai|Nasty Plot|p2a: Darkrai
|-boost|p2a: Darkrai|spa|2
|move|p1a: Sinistcha|Matcha Gotcha|p2a: Darkrai
|-damage|p2a: Darkrai|19/100
|-heal|p1a: Sinistcha|100/100|[from] drain|[of] p2a: Darkrai
|-status|p2a: Darkrai|brn
|
|-damage|p2a: Darkrai|13/100 brn|[from] brn
|upkeep
|turn|8
|
|t:|1758322477
|switch|p1a: Samurott|Samurott-Hisui, M|85/100
|-activate|p1a: Samurott|move: Sticky Web
|-unboost|p1a: Samurott|spe|1
|move|p2a: Darkrai|Dark Pulse|p1a: Samurott
|-resisted|p1a: Samurott
|-damage|p1a: Samurott|54/100
|
|-damage|p2a: Darkrai|7/100 brn|[from] brn
|upkeep
|turn|9
|l|☆Godislaw
|inactive|Godislaw disconnected and has a minute to reconnect!
|player|p2|
|j|☆Godislaw
|inactive|Godislaw reconnected and has 115 seconds left.
|player|p2|Godislaw|102|
|
|t:|1758322532
|move|p1a: Samurott|Sucker Punch|p2a: Darkrai
|-resisted|p2a: Darkrai
|-damage|p2a: Darkrai|0 fnt
|faint|p2a: Darkrai
|
|upkeep
|
|t:|1758322537
|switch|p2a: Ogerpon|Ogerpon-Wellspring, F|54/100
|-damage|p2a: Ogerpon|42/100|[from] Spikes
|turn|10
|l|☆Godislaw
|inactive|Godislaw disconnected and has a minute to reconnect!
|player|p2|
|inactive|No Skill Involved has 120 seconds left.
|j|☆Godislaw
|inactive|Godislaw reconnected.
|player|p2|Godislaw|102|
|
|t:|1758322578
|switch|p1a: Weezing|Weezing-Galar, F|100/100
|-ability|p1a: Weezing|Neutralizing Gas
|-activate|p1a: Weezing|move: Sticky Web
|-unboost|p1a: Weezing|spe|1
|move|p2a: Ogerpon|Swords Dance|p2a: Ogerpon
|-boost|p2a: Ogerpon|atk|2
|
|upkeep
|turn|11
|
|t:|1758322588
|-terastallize|p2a: Ogerpon|Water
|detailschange|p2a: Ogerpon|Ogerpon-Wellspring-Tera, F, tera:Water
|move|p2a: Ogerpon|Ivy Cudgel|p1a: Weezing|[anim] Ivy Cudgel Water
|-damage|p1a: Weezing|2/100
|move|p1a: Weezing|Sludge Bomb|p2a: Ogerpon
|-damage|p2a: Ogerpon|7/100
|
|upkeep
|turn|12
|
|t:|1758322608
|move|p2a: Ogerpon|Ivy Cudgel|p1a: Weezing|[anim] Ivy Cudgel Water
|-damage|p1a: Weezing|0 fnt
|faint|p1a: Weezing
|-end|p1a: Weezing|ability: Neutralizing Gas
|-ability|p2a: Ogerpon|Embody Aspect (Wellspring)|boost
|-boost|p2a: Ogerpon|spd|1
|
|upkeep
|
|t:|1758322612
|switch|p1a: Samurott|Samurott-Hisui, M|54/100
|-activate|p1a: Samurott|move: Sticky Web
|-unboost|p1a: Samurott|spe|1
|turn|13
|inactive|Godislaw has 120 seconds left.
|
|t:|1758322620
|move|p1a: Samurott|Sucker Punch||[still]
|-fail|p1a: Samurott
|move|p2a: Ogerpon|Swords Dance|p2a: Ogerpon
|-boost|p2a: Ogerpon|atk|2
|
|upkeep
|turn|14
|
|t:|1758322626
|move|p1a: Samurott|Sucker Punch||[still]
|-fail|p1a: Samurott
|move|p2a: Ogerpon|Swords Dance|p2a: Ogerpon
|-boost|p2a: Ogerpon|atk|2
|
|upkeep
|turn|15
|
|t:|1758322633
|move|p2a: Ogerpon|Horn Leech|p1a: Samurott
|-supereffective|p1a: Samurott
|-damage|p1a: Samurott|0 fnt
|-heal|p2a: Ogerpon|41/100|[from] drain|[of] p1a: Samurott
|faint|p1a: Samurott
|
|upkeep
|-message|No Skill Involved forfeited.
|
|win|Godislaw
|raw|No Skill Involved's rating: 1257 &rarr; <strong>1233</strong><br />(-24 for losing)
|raw|Godislaw's rating: 1266 &rarr; <strong>1290</strong><br />(+24 for winning)
|l|☆No Skill Involved
|player|p1|
|c|☆Godislaw|Better
