|j|☆Mr.villains
|j|☆MyXoo
|t:|1758377160
|gametype|singles
|player|p1|Mr.villains|cynthia-gen4|1453
|player|p2|MyXoo|bea|1404
|gen|9
|tier|[Gen 9] OU
|rated|
|rule|HP Percentage Mod: HP is shown in percentages
|rule|Endless Battle Clause: Forcing endless battles is banned
|rule|Species Clause: Limit one of each Pokémon
|rule|OHKO Clause: OHKO moves are banned
|rule|Evasion Items Clause: Evasion items are banned
|rule|Evasion Moves Clause: Evasion moves are banned
|rule|Evasion Abilities Clause: Evasion abilities are banned
|rule|Sleep Moves Clause: Sleep-inducing moves are banned
|clearpoke
|poke|p1|Darkrai|
|poke|p1|Glimmora, F|
|poke|p1|Dragonite, M|
|poke|p1|Enamorus, F|
|poke|p1|Corviknight, M|
|poke|p1|Kingambit, F|
|poke|p2|Samurott-Hisui, M|
|poke|p2|Scizor, F|
|poke|p2|Dragapult, F|
|poke|p2|Kingambit, F|
|poke|p2|Landorus-Therian, M|
|poke|p2|Iron Valiant|
|teampreview
|inactive|Battle timer is ON: inactive players will automatically lose when time's up. (requested by Mr.villains)
|
|t:|1758377165
|teamsize|p1|6
|teamsize|p2|6
|start
|switch|p1a: Enamorus|Enamorus, F|100/100
|switch|p2a: Samurott|Samurott-Hisui, M|100/100
|turn|1
|
|t:|1758377182
|switch|p2a: Scizor|Scizor, F|100/100
|move|p1a: Enamorus|Moonblast|p2a: Scizor
|-resisted|p2a: Scizor
|-damage|p2a: Scizor|61/100
|
|upkeep
|turn|2
|
|t:|1758377189
|switch|p1a: Glimmora|Glimmora, F|100/100
|move|p2a: Scizor|Bullet Punch|p1a: Glimmora
|-supereffective|p1a: Glimmora
|-damage|p1a: Glimmora|20/100
|-activate|p1a: Glimmora|ability: Toxic Debris
|-sidestart|p2: MyXoo|move: Toxic Spikes
|-enditem|p1a: Glimmora|Red Card|[of] p2a: Scizor
|drag|p2a: Samurott|Samurott-Hisui, M|100/100
|-status|p2a: Samurott|psn
|
|-damage|p2a: Samurott|88/100 psn|[from] psn
|upkeep
|turn|3
|
|t:|1758377200
|move|p2a: Samurott|Ceaseless Edge|p1a: Glimmora
|-damage|p1a: Glimmora|0 fnt
|-activate|p1a: Glimmora|ability: Toxic Debris
|-sidestart|p2: MyXoo|move: Toxic Spikes
|-sidestart|p1: Mr.villains|Spikes
|faint|p1a: Glimmora
|
|-damage|p2a: Samurott|76/100 psn|[from] psn
|upkeep
|
|t:|1758377204
|switch|p1a: Enamorus|Enamorus, F|100/100
|turn|4
|
|t:|1758377227
|switch|p2a: Scizor|Scizor, F|61/100
|move|p1a: Enamorus|Moonblast|p2a: Scizor
|-resisted|p2a: Scizor
|-damage|p2a: Scizor|26/100
|-unboost|p2a: Scizor|spa|1
|
|upkeep
|turn|5
|
|t:|1758377240
|-terastallize|p1a: Enamorus|Electric
|move|p1a: Enamorus|Moonblast|p2a: Scizor
|-resisted|p2a: Scizor
|-damage|p2a: Scizor|0 fnt
|faint|p2a: Scizor
|
|upkeep
|inactive|MyXoo has 120 seconds left.
|
|t:|1758377259
|switch|p2a: Landorus|Landorus-Therian, M|100/100
|-ability|p2a: Landorus|Intimidate|boost
|-unboost|p1a: Enamorus|atk|1
|turn|6
|inactive|MyXoo has 120 seconds left.
|
|t:|1758377274
|switch|p1a: Corviknight|Corviknight, M|100/100
|-ability|p1a: Corviknight|Pressure
|move|p2a: Landorus|U-turn|p1a: Corviknight
|-resisted|p1a: Corviknight
|-damage|p1a: Corviknight|96/100
|
|t:|1758377284
|switch|p2a: Dragapult|Dragapult, F|100/100|[from] U-turn
|-status|p2a: Dragapult|tox
|
|-heal|p1a: Corviknight|100/100|[from] item: Leftovers
|-damage|p2a: Dragapult|95/100 tox|[from] psn
|upkeep
|turn|7
|
|t:|1758377310
|move|p2a: Dragapult|Hydro Pump|p1a: Corviknight
|-damage|p1a: Corviknight|52/100
|move|p1a: Corviknight|U-turn|p2a: Dragapult
|-resisted|p2a: Dragapult
|-damage|p2a: Dragapult|85/100 tox
|
|t:|1758377313
|switch|p1a: Enamorus|Enamorus, F, tera:Electric|100/100|[from] U-turn
|-damage|p1a: Enamorus|88/100|[from] Spikes
|
|-damage|p2a: Dragapult|73/100 tox|[from] psn
|upkeep
|turn|8
|
|t:|1758377330
|switch|p2a: Landorus|Landorus-Therian, M|100/100
|-ability|p2a: Landorus|Intimidate|boost
|-unboost|p1a: Enamorus|atk|1
|move|p1a: Enamorus|Moonblast|p2a: Landorus
|-damage|p2a: Landorus|39/100
|
|upkeep
|turn|9
|inactive|MyXoo has 90 seconds left.
|
|t:|1758377351
|move|p1a: Enamorus|Moonblast|p2a: Landorus
|-damage|p2a: Landorus|0 fnt
|faint|p2a: Landorus
|
|upkeep
|
|t:|1758377367
|switch|p2a: Dragapult|Dragapult, F|73/100 tox
|turn|10
|
|t:|1758377388
|switch|p1a: Corviknight|Corviknight, M|52/100
|-ability|p1a: Corviknight|Pressure
|move|p2a: Dragapult|Draco Meteor|p1a: Corviknight
|-resisted|p1a: Corviknight
|-damage|p1a: Corviknight|7/100
|-unboost|p2a: Dragapult|spa|2
|
|-heal|p1a: Corviknight|13/100|[from] item: Leftovers
|-damage|p2a: Dragapult|67/100 tox|[from] psn
|upkeep
|turn|11
|inactive|MyXoo has 90 seconds left.
|
|t:|1758377399
|move|p2a: Dragapult|Draco Meteor|p1a: Corviknight
|-resisted|p1a: Corviknight
|-damage|p1a: Corviknight|0 fnt
|-unboost|p2a: Dragapult|spa|2
|faint|p1a: Corviknight
|
|-damage|p2a: Dragapult|55/100 tox|[from] psn
|upkeep
|
|t:|1758377414
|switch|p1a: Kingambit|Kingambit, F|100/100
|-damage|p1a: Kingambit|88/100|[from] Spikes
|-activate|p1a: Kingambit|ability: Supreme Overlord
|-start|p1a: Kingambit|fallen2|[silent]
|turn|12
|inactive|MyXoo has 90 seconds left.
|
|t:|1758377429
|switch|p2a: Iron Valiant|Iron Valiant|100/100
|-status|p2a: Iron Valiant|tox
|-enditem|p2a: Iron Valiant|Booster Energy
|-activate|p2a: Iron Valiant|ability: Quark Drive|[fromitem]
|-start|p2a: Iron Valiant|quarkdrivespe
|move|p1a: Kingambit|Kowtow Cleave|p2a: Iron Valiant
|-resisted|p2a: Iron Valiant
|-damage|p2a: Iron Valiant|82/100 tox
|
|-heal|p1a: Kingambit|94/100|[from] item: Leftovers
|-damage|p2a: Iron Valiant|76/100 tox|[from] psn
|upkeep
|turn|13
|inactive|MyXoo has 90 seconds left.
|
|t:|1758377449
|-end|p1a: Kingambit|fallen2|[silent]
|switch|p1a: Darkrai|Darkrai|100/100
|-damage|p1a: Darkrai|88/100|[from] Spikes
|move|p2a: Iron Valiant|Vacuum Wave|p1a: Darkrai
|-supereffective|p1a: Darkrai
|-damage|p1a: Darkrai|33/100
|
|-heal|p1a: Darkrai|39/100|[from] item: Leftovers
|-damage|p2a: Iron Valiant|63/100 tox|[from] psn
|upkeep
|turn|14
|inactive|MyXoo has 90 seconds left.
|
|t:|1758377459
|move|p2a: Iron Valiant|Vacuum Wave|p1a: Darkrai
|-supereffective|p1a: Darkrai
|-damage|p1a: Darkrai|0 fnt
|faint|p1a: Darkrai
|
|-damage|p2a: Iron Valiant|45/100 tox|[from] psn
|upkeep
|
|t:|1758377463
|switch|p1a: Enamorus|Enamorus, F, tera:Electric|88/100
|-damage|p1a: Enamorus|76/100|[from] Spikes
|turn|15
|
|t:|1758377470
|move|p2a: Iron Valiant|Moonblast|p1a: Enamorus
|-damage|p1a: Enamorus|6/100
|move|p1a: Enamorus|Moonblast|p2a: Iron Valiant
|-supereffective|p2a: Iron Valiant
|-damage|p2a: Iron Valiant|0 fnt
|faint|p2a: Iron Valiant
|-end|p2a: Iron Valiant|Quark Drive|[silent]
|
|upkeep
|
|t:|1758377478
|switch|p2a: Samurott|Samurott-Hisui, M|76/100 psn
|turn|16
|
|t:|1758377481
|move|p2a: Samurott|Sucker Punch|p1a: Enamorus
|-damage|p1a: Enamorus|0 fnt
|-start|p2a: Samurott|Attract|[from] ability: Cute Charm|[of] p1a: Enamorus
|faint|p1a: Enamorus
|-end|p2a: Samurott|Attract|[silent]
|
|-damage|p2a: Samurott|63/100 psn|[from] psn
|upkeep
|
|t:|1758377486
|switch|p1a: Dragonite|Dragonite, M|100/100
|turn|17
|inactive|MyXoo has 120 seconds left.
|inactive|MyXoo has 90 seconds left.
|
|t:|1758377529
|move|p2a: Samurott|Ceaseless Edge|p1a: Dragonite
|-damage|p1a: Dragonite|74/100
|-sidestart|p1: Mr.villains|Spikes
|move|p1a: Dragonite|Dragon Dance|p1a: Dragonite
|-boost|p1a: Dragonite|atk|1
|-boost|p1a: Dragonite|spe|1
|
|-damage|p2a: Samurott|51/100 psn|[from] psn
|upkeep
|turn|18
|inactive|MyXoo has 90 seconds left.
|
|t:|1758377537
|move|p1a: Dragonite|Earthquake|p2a: Samurott
|-damage|p2a: Samurott|0 fnt
|faint|p2a: Samurott
|
|upkeep
|inactive|MyXoo has 90 seconds left.
|
|t:|1758377545
|switch|p2a: Kingambit|Kingambit, F|100/100
|-activate|p2a: Kingambit|ability: Supreme Overlord
|-start|p2a: Kingambit|fallen4|[silent]
|turn|19
|inactive|MyXoo has 90 seconds left.
|
|t:|1758377558
|-terastallize|p2a: Kingambit|Fairy
|move|p1a: Dragonite|Substitute|p1a: Dragonite
|-start|p1a: Dragonite|Substitute
|-damage|p1a: Dragonite|50/100
|move|p2a: Kingambit|Kowtow Cleave|p1a: Dragonite
|-end|p1a: Dragonite|Substitute
|
|upkeep
|turn|20
|
|t:|1758377565
|move|p1a: Dragonite|Earthquake|p2a: Kingambit
|-damage|p2a: Kingambit|58/100
|move|p2a: Kingambit|Kowtow Cleave|p1a: Dragonite
|-damage|p1a: Dragonite|0 fnt
|faint|p1a: Dragonite
|
|-heal|p2a: Kingambit|64/100|[from] item: Leftovers
|upkeep
|
|t:|1758377569
|switch|p1a: Kingambit|Kingambit, F|94/100
|-damage|p1a: Kingambit|78/100|[from] Spikes
|-activate|p1a: Kingambit|ability: Supreme Overlord
|-start|p1a: Kingambit|fallen5|[silent]
|turn|21
|
|t:|1758377578
|move|p1a: Kingambit|Kowtow Cleave|p2a: Kingambit
|-resisted|p2a: Kingambit
|-damage|p2a: Kingambit|37/100
|move|p2a: Kingambit|Swords Dance|p2a: Kingambit
|-boost|p2a: Kingambit|atk|2
|
|-heal|p1a: Kingambit|84/100|[from] item: Leftovers
|-heal|p2a: Kingambit|43/100|[from] item: Leftovers
|upkeep
|turn|22
|
|t:|1758377587
|move|p1a: Kingambit|Kowtow Cleave|p2a: Kingambit
|-resisted|p2a: Kingambit
|-damage|p2a: Kingambit|18/100
|move|p2a: Kingambit|Tera Blast|p1a: Kingambit|[anim] Tera Blast Fairy
|-damage|p1a: Kingambit|0 fnt
|faint|p1a: Kingambit
|-end|p1a: Kingambit|fallen5|[silent]
|
|win|MyXoo
|raw|Mr.villains's rating: 1453 &rarr; <strong>1430</strong><br />(-23 for losing)
|raw|MyXoo's rating: 1404 &rarr; <strong>1427</strong><br />(+23 for winning)
