|j|‽myree
|j|☆deasonator
|t:|1758313507
|gametype|singles
|player|p1|myree|benga|1538
|player|p2|deasonator|169|1637
|gen|9
|tier|[Gen 9] OU
|rated|
|rule|HP Percentage Mod: HP is shown in percentages
|rule|Endless Battle Clause: Forcing endless battles is banned
|rule|Species Clause: Limit one of each Pokémon
|rule|OHKO Clause: OHKO moves are banned
|rule|Evasion Items Clause: Evasion items are banned
|rule|Evasion Moves Clause: Evasion moves are banned
|rule|Evasion Abilities Clause: Evasion abilities are banned
|rule|Sleep Moves Clause: Sleep-inducing moves are banned
|clearpoke
|poke|p1|Fezandipiti, M|
|poke|p1|Iron Crown|
|poke|p1|Iron Boulder|
|poke|p1|Iron Hands|
|poke|p1|Samurott-Hisui, F|
|poke|p1|Enamorus-Therian, F|
|poke|p2|Tyranitar, M|
|poke|p2|Excadrill, F|
|poke|p2|Keldeo-Resolute|
|poke|p2|Tornadus-Therian, M|
|poke|p2|Heatran, F|
|poke|p2|Hydrapple, M|
|teampreview
|
|t:|1758313524
|teamsize|p1|6
|teamsize|p2|6
|start
|switch|p1a: Samurott|Samurott-Hisui, F|100/100
|switch|p2a: Keldeo|Keldeo-Resolute|100/100
|turn|1
|
|t:|1758313560
|switch|p1a: Fezandipiti|Fezandipiti, M|100/100
|-item|p1a: Fezandipiti|Air Balloon
|move|p2a: Keldeo|Secret Sword|p1a: Fezandipiti
|-resisted|p1a: Fezandipiti
|-damage|p1a: Fezandipiti|77/100
|-enditem|p1a: Fezandipiti|Air Balloon
|
|upkeep
|turn|2
|
|t:|1758313571
|switch|p2a: Heatran|Heatran, F|100/100
|switch|p1a: Samurott|Samurott-Hisui, F|100/100
|
|upkeep
|turn|3
|
|t:|1758313586
|move|p1a: Samurott|Ceaseless Edge|p2a: Heatran
|-damage|p2a: Heatran|57/100
|-sidestart|p2: deasonator|Spikes
|move|p2a: Heatran|Stealth Rock|p1a: Samurott
|-sidestart|p1: myree|move: Stealth Rock
|
|-heal|p2a: Heatran|63/100|[from] item: Leftovers
|upkeep
|turn|4
|
|t:|1758313598
|switch|p2a: Keldeo|Keldeo-Resolute|100/100
|-damage|p2a: Keldeo|88/100|[from] Spikes
|move|p1a: Samurott|Ceaseless Edge|p2a: Keldeo
|-resisted|p2a: Keldeo
|-crit|p2a: Keldeo
|-damage|p2a: Keldeo|44/100
|-ability|p2a: Keldeo|Justified|boost
|-boost|p2a: Keldeo|atk|1
|-sidestart|p2: deasonator|Spikes
|
|upkeep
|turn|5
|
|t:|1758313611
|switch|p1a: Fezandipiti|Fezandipiti, M|77/100
|-damage|p1a: Fezandipiti|65/100|[from] Stealth Rock
|move|p2a: Keldeo|Flip Turn|p1a: Fezandipiti
|-damage|p1a: Fezandipiti|36/100
|
|t:|1758313639
|switch|p2a: Excadrill|Excadrill, F|100/100|[from] Flip Turn
|-item|p2a: Excadrill|Air Balloon
|
|upkeep
|turn|6
|
|t:|1758313651
|move|p1a: Fezandipiti|Heat Wave|p2a: Excadrill
|-supereffective|p2a: Excadrill
|-damage|p2a: Excadrill|36/100
|-enditem|p2a: Excadrill|Air Balloon
|move|p2a: Excadrill|Rapid Spin|p1a: Fezandipiti
|-damage|p1a: Fezandipiti|10/100
|-boost|p2a: Excadrill|spe|1
|-sideend|p2: deasonator|Spikes|[from] move: Rapid Spin|[of] p2a: Excadrill
|
|upkeep
|turn|7
|
|t:|1758313665
|move|p2a: Excadrill|Iron Head|p1a: Fezandipiti
|-supereffective|p1a: Fezandipiti
|-damage|p1a: Fezandipiti|0 fnt
|faint|p1a: Fezandipiti
|
|upkeep
|
|t:|1758313668
|switch|p1a: Samurott|Samurott-Hisui, F|100/100
|-damage|p1a: Samurott|88/100|[from] Stealth Rock
|turn|8
|
|t:|1758313686
|switch|p2a: Hydrapple|Hydrapple, M|100/100
|move|p1a: Samurott|Ceaseless Edge|p2a: Hydrapple
|-damage|p2a: Hydrapple|76/100
|-damage|p1a: Samurott|72/100|[from] item: Rocky Helmet|[of] p2a: Hydrapple
|-sidestart|p2: deasonator|Spikes
|
|upkeep
|turn|9
|
|t:|1758313719
|move|p1a: Samurott|Ceaseless Edge|p2a: Hydrapple
|-damage|p2a: Hydrapple|48/100
|-damage|p1a: Samurott|55/100|[from] item: Rocky Helmet|[of] p2a: Hydrapple
|-sidestart|p2: deasonator|Spikes
|move|p2a: Hydrapple|Giga Drain|p1a: Samurott
|-supereffective|p1a: Samurott
|-damage|p1a: Samurott|9/100
|-heal|p2a: Hydrapple|68/100|[from] drain|[of] p1a: Samurott
|
|upkeep
|turn|10
|
|t:|1758313738
|move|p1a: Samurott|Ceaseless Edge|p2a: Hydrapple
|-damage|p2a: Hydrapple|40/100
|-damage|p1a: Samurott|0 fnt|[from] item: Rocky Helmet|[of] p2a: Hydrapple
|faint|p1a: Samurott
|move|p2a: Hydrapple|Nasty Plot|p2a: Hydrapple
|-boost|p2a: Hydrapple|spa|2
|
|upkeep
|
|t:|1758313743
|switch|p1a: Iron Crown|Iron Crown|100/100
|-damage|p1a: Iron Crown|94/100|[from] Stealth Rock
|turn|11
|
|t:|1758313756
|switch|p2a: Tornadus|Tornadus-Therian, M|100/100
|move|p1a: Iron Crown|Tachyon Cutter|p2a: Tornadus
|-damage|p2a: Tornadus|71/100
|-damage|p2a: Tornadus|45/100
|-hitcount|p2a: Tornadus|2
|
|upkeep
|turn|12
|
|t:|1758313770
|move|p2a: Tornadus|Heat Wave|p1a: Iron Crown
|-supereffective|p1a: Iron Crown
|-damage|p1a: Iron Crown|66/100
|move|p1a: Iron Crown|Psyshock|p2a: Tornadus
|-damage|p2a: Tornadus|1/100
|
|upkeep
|turn|13
|
|t:|1758313783
|move|p2a: Tornadus|Heat Wave|p1a: Iron Crown
|-supereffective|p1a: Iron Crown
|-damage|p1a: Iron Crown|37/100
|move|p1a: Iron Crown|Future Sight|p2a: Tornadus
|-start|p1a: Iron Crown|move: Future Sight
|
|upkeep
|turn|14
|
|t:|1758313791
|move|p2a: Tornadus|Heat Wave|p1a: Iron Crown
|-supereffective|p1a: Iron Crown
|-damage|p1a: Iron Crown|9/100
|move|p1a: Iron Crown|Tachyon Cutter|p2a: Tornadus
|-damage|p2a: Tornadus|0 fnt
|faint|p2a: Tornadus
|-hitcount|p2: Tornadus|1
|
|upkeep
|
|t:|1758313807
|switch|p2a: Keldeo|Keldeo-Resolute|44/100
|-damage|p2a: Keldeo|27/100|[from] Spikes
|turn|15
|
|t:|1758313818
|move|p2a: Keldeo|Flip Turn|p1a: Iron Crown
|-damage|p1a: Iron Crown|0 fnt
|faint|p1a: Iron Crown
|-end|p1a: Iron Crown|Quark Drive|[silent]
|
|t:|1758313823
|switch|p2a: Tyranitar|Tyranitar, M|100/100|[from] Flip Turn
|-damage|p2a: Tyranitar|84/100|[from] Spikes
|-weather|Sandstorm|[from] ability: Sand Stream|[of] p2a: Tyranitar
|
|-weather|Sandstorm|[upkeep]
|-end|p2a: Tyranitar|move: Future Sight
|-immune|p2a: Tyranitar
|upkeep
|
|t:|1758313838
|switch|p1a: Iron Hands|Iron Hands|100/100
|turn|16
|
|t:|1758313851
|move|p2a: Tyranitar|Stone Edge|p1a: Iron Hands|[miss]
|-miss|p2a: Tyranitar|p1a: Iron Hands
|move|p1a: Iron Hands|Drain Punch|p2a: Tyranitar
|-supereffective|p2a: Tyranitar
|-damage|p2a: Tyranitar|0 fnt
|faint|p2a: Tyranitar
|
|-weather|Sandstorm|[upkeep]
|-damage|p1a: Iron Hands|94/100|[from] Sandstorm
|upkeep
|
|t:|1758313875
|switch|p2a: Excadrill|Excadrill, F|36/100
|-damage|p2a: Excadrill|20/100|[from] Spikes
|turn|17
|
|t:|1758313913
|-terastallize|p2a: Excadrill|Ghost
|-terastallize|p1a: Iron Hands|Bug
|move|p2a: Excadrill|Rapid Spin|p1a: Iron Hands
|-damage|p1a: Iron Hands|83/100
|-boost|p2a: Excadrill|spe|1
|-sideend|p2: deasonator|Spikes|[from] move: Rapid Spin|[of] p2a: Excadrill
|move|p1a: Iron Hands|Drain Punch|p2a: Excadrill
|-immune|p2a: Excadrill
|
|-weather|Sandstorm|[upkeep]
|-damage|p1a: Iron Hands|76/100|[from] Sandstorm
|upkeep
|turn|18
|
|t:|1758313955
|switch|p2a: Heatran|Heatran, F|63/100
|move|p1a: Iron Hands|Thunder Punch|p2a: Heatran
|-damage|p2a: Heatran|28/100
|
|-weather|Sandstorm|[upkeep]
|-damage|p1a: Iron Hands|70/100|[from] Sandstorm
|-heal|p2a: Heatran|34/100|[from] item: Leftovers
|upkeep
|turn|19
|
|t:|1758313988
|-end|p1a: Iron Hands|Quark Drive|[silent]
|switch|p1a: Enamorus|Enamorus-Therian, F|100/100
|move|p2a: Heatran|Magma Storm|p1a: Enamorus
|-damage|p1a: Enamorus|60/100
|-activate|p1a: Enamorus|move: Magma Storm|[of] p2a: Heatran
|
|-weather|none
|-heal|p2a: Heatran|40/100|[from] item: Leftovers
|-damage|p1a: Enamorus|48/100|[from] move: Magma Storm|[partiallytrapped]
|upkeep
|turn|20
|
|t:|1758314009
|move|p2a: Heatran|Magma Storm|p1a: Enamorus
|-damage|p1a: Enamorus|4/100
|move|p1a: Enamorus|Earth Power|p2a: Heatran
|-supereffective|p2a: Heatran
|-damage|p2a: Heatran|0 fnt
|faint|p2a: Heatran
|
|-end|p1a: Enamorus|Magma Storm|[partiallytrapped]|[silent]
|upkeep
|
|t:|1758314017
|switch|p2a: Keldeo|Keldeo-Resolute|27/100
|turn|21
|
|t:|1758314026
|move|p2a: Keldeo|Secret Sword|p1a: Enamorus
|-resisted|p1a: Enamorus
|-damage|p1a: Enamorus|0 fnt
|faint|p1a: Enamorus
|
|upkeep
|
|t:|1758314030
|switch|p1a: Iron Boulder|Iron Boulder|100/100
|turn|22
|
|t:|1758314040
|switch|p2a: Excadrill|Excadrill, F, tera:Ghost|20/100
|move|p1a: Iron Boulder|Swords Dance|p1a: Iron Boulder
|-boost|p1a: Iron Boulder|atk|2
|
|upkeep
|turn|23
|
|t:|1758314047
|move|p1a: Iron Boulder|Mighty Cleave|p2a: Excadrill
|-damage|p2a: Excadrill|0 fnt
|faint|p2a: Excadrill
|
|upkeep
|
|t:|1758314052
|switch|p2a: Hydrapple|Hydrapple, M|73/100
|turn|24
|
|t:|1758314057
|move|p1a: Iron Boulder|Mighty Cleave|p2a: Hydrapple
|-damage|p2a: Hydrapple|19/100
|-damage|p1a: Iron Boulder|84/100|[from] item: Rocky Helmet|[of] p2a: Hydrapple
|move|p2a: Hydrapple|Giga Drain|p1a: Iron Boulder
|-supereffective|p1a: Iron Boulder
|-damage|p1a: Iron Boulder|26/100
|-heal|p2a: Hydrapple|41/100|[from] drain|[of] p1a: Iron Boulder
|
|upkeep
|turn|25
|inactive|Battle timer is ON: inactive players will automatically lose when time's up. (requested by myree)
|
|t:|1758314068
|move|p1a: Iron Boulder|Mighty Cleave|p2a: Hydrapple
|-damage|p2a: Hydrapple|0 fnt
|-damage|p1a: Iron Boulder|10/100|[from] item: Rocky Helmet|[of] p2a: Hydrapple
|faint|p2a: Hydrapple
|
|upkeep
|
|t:|1758314074
|switch|p2a: Keldeo|Keldeo-Resolute|27/100
|turn|26
|
|t:|1758314084
|move|p2a: Keldeo|Vacuum Wave|p1a: Iron Boulder
|-damage|p1a: Iron Boulder|0 fnt
|faint|p1a: Iron Boulder
|-end|p1a: Iron Boulder|Quark Drive|[silent]
|
|upkeep
|
|t:|1758314087
|switch|p1a: Iron Hands|Iron Hands, tera:Bug|70/100
|turn|27
|
|t:|1758314089
|move|p2a: Keldeo|Vacuum Wave|p1a: Iron Hands
|-resisted|p1a: Iron Hands
|-damage|p1a: Iron Hands|58/100
|move|p1a: Iron Hands|Thunder Punch|p2a: Keldeo
|-supereffective|p2a: Keldeo
|-damage|p2a: Keldeo|0 fnt
|faint|p2a: Keldeo
|
|win|myree
|raw|myree's rating: 1538 &rarr; <strong>1564</strong><br />(+26 for winning)
|raw|deasonator's rating: 1637 &rarr; <strong>1611</strong><br />(-26 for losing)
|l|☆deasonator
|player|p2|
|l|‽myree
|player|p1|
