|badge|p2|bronze|gen9monotype|100-6
|badge|p2|bronze|gen9uu|100-6
|uhtml|medal-msg|<div class="broadcast-blue">Curious what those medals under the avatar are? PS now has Ladder Seasons! For more information, check out the <a href="https://www.smogon.com/forums/threads/3740067/">thread on Smogon.</a></div>
|j|☆carloss prates
|j|☆domingo a noite
|t:|1758271377
|gametype|singles
|player|p1|carloss prates|bruno|1641
|player|p2|domingo a noite|miku-ice|1737
|gen|9
|tier|[Gen 9] OU
|rated|
|rule|HP Percentage Mod: HP is shown in percentages
|rule|Endless Battle Clause: Forcing endless battles is banned
|rule|Species Clause: Limit one of each Pokémon
|rule|OHKO Clause: OHKO moves are banned
|rule|Evasion Items Clause: Evasion items are banned
|rule|Evasion Moves Clause: Evasion moves are banned
|rule|Evasion Abilities Clause: Evasion abilities are banned
|rule|Sleep Moves Clause: Sleep-inducing moves are banned
|clearpoke
|poke|p1|Ninetales-Alola, F|
|poke|p1|Dondozo, F|
|poke|p1|Iron Treads|
|poke|p1|Kyurem|
|poke|p1|Comfey, F|
|poke|p1|Polteageist|
|poke|p2|Ogerpon-Wellspring, F|
|poke|p2|Kingambit, M|
|poke|p2|Landorus-Therian, M|
|poke|p2|Glimmora, M|
|poke|p2|Dragapult, F|
|poke|p2|Iron Valiant|
|teampreview
|j| wgw2333
|
|t:|1758271390
|teamsize|p1|6
|teamsize|p2|6
|start
|switch|p1a: Kyurem|Kyurem|100/100
|switch|p2a: Dragapult|Dragapult, F|100/100
|-ability|p1a: Kyurem|Pressure
|turn|1
|inactive|Battle timer is ON: inactive players will automatically lose when time's up. (requested by carloss prates)
|
|t:|1758271394
|switch|p1a: Iron Treads|Iron Treads|100/100
|-enditem|p1a: Iron Treads|Booster Energy
|-activate|p1a: Iron Treads|ability: Quark Drive|[fromitem]
|-start|p1a: Iron Treads|quarkdrivespe
|move|p2a: Dragapult|Draco Meteor|p1a: Iron Treads
|-resisted|p1a: Iron Treads
|-damage|p1a: Iron Treads|36/100
|-unboost|p2a: Dragapult|spa|2
|
|upkeep
|turn|2
|
|t:|1758271399
|switch|p2a: Ogerpon|Ogerpon-Wellspring, F|100/100
|move|p1a: Iron Treads|Stealth Rock|p2a: Ogerpon
|-sidestart|p2: domingo a noite|move: Stealth Rock
|
|upkeep
|turn|3
|
|t:|1758271403
|-end|p1a: Iron Treads|Quark Drive|[silent]
|switch|p1a: Kyurem|Kyurem|100/100
|-ability|p1a: Kyurem|Pressure
|move|p2a: Ogerpon|Ivy Cudgel|p1a: Kyurem|[anim] Ivy Cudgel Water
|-resisted|p1a: Kyurem
|-crit|p1a: Kyurem
|-damage|p1a: Kyurem|53/100
|
|upkeep
|turn|4
|
|t:|1758271406
|move|p2a: Ogerpon|Play Rough|p1a: Kyurem|[miss]
|-miss|p2a: Ogerpon|p1a: Kyurem
|move|p1a: Kyurem|Freeze-Dry|p2a: Ogerpon
|-supereffective|p2a: Ogerpon
|-damage|p2a: Ogerpon|0 fnt
|faint|p2a: Ogerpon
|
|upkeep
|
|t:|1758271409
|switch|p2a: Dragapult|Dragapult, F|100/100
|-damage|p2a: Dragapult|88/100|[from] Stealth Rock
|turn|5
|
|t:|1758271411
|switch|p1a: Ninetales|Ninetales-Alola, F|100/100
|-weather|Snowscape|[from] ability: Snow Warning|[of] p1a: Ninetales
|move|p2a: Dragapult|Shadow Ball|p1a: Ninetales
|-damage|p1a: Ninetales|52/100
|
|-weather|Snowscape|[upkeep]
|upkeep
|turn|6
|
|t:|1758271415
|-terastallize|p2a: Dragapult|Ghost
|move|p2a: Dragapult|Shadow Ball|p1a: Ninetales
|-damage|p1a: Ninetales|0 fnt
|faint|p1a: Ninetales
|
|-weather|Snowscape|[upkeep]
|upkeep
|
|t:|1758271421
|switch|p1a: Dondozo|Dondozo, F|100/100
|turn|7
|
|t:|1758271425
|move|p2a: Dragapult|Shadow Ball|p1a: Dondozo
|-damage|p1a: Dondozo|59/100
|-unboost|p1a: Dondozo|spd|1
|move|p1a: Dondozo|Wave Crash|p2a: Dragapult
|-crit|p2a: Dragapult
|-damage|p2a: Dragapult|8/100
|-damage|p1a: Dondozo|43/100|[from] Recoil
|
|-weather|Snowscape|[upkeep]
|-heal|p1a: Dondozo|49/100|[from] item: Leftovers
|upkeep
|turn|8
|
|t:|1758271437
|switch|p1a: Kyurem|Kyurem|53/100
|-ability|p1a: Kyurem|Pressure
|move|p2a: Dragapult|Shadow Ball|p1a: Kyurem
|-damage|p1a: Kyurem|0 fnt
|faint|p1a: Kyurem
|
|-weather|Snowscape|[upkeep]
|upkeep
|
|t:|1758271438
|switch|p1a: Comfey|Comfey, F|100/100
|turn|9
|
|t:|1758271441
|switch|p2a: Glimmora|Glimmora, M|100/100
|-damage|p2a: Glimmora|88/100|[from] Stealth Rock
|move|p1a: Comfey|Draining Kiss|p2a: Glimmora
|-resisted|p2a: Glimmora
|-damage|p2a: Glimmora|75/100
|
|-weather|none
|upkeep
|turn|10
|
|t:|1758271448
|move|p2a: Glimmora|Earth Power|p1a: Comfey
|-damage|p1a: Comfey|67/100
|move|p1a: Comfey|Calm Mind|p1a: Comfey
|-boost|p1a: Comfey|spa|1
|-boost|p1a: Comfey|spd|1
|
|upkeep
|turn|11
|
|t:|1758271452
|move|p2a: Glimmora|Mortal Spin|p1a: Comfey
|-supereffective|p1a: Comfey
|-damage|p1a: Comfey|51/100
|-status|p1a: Comfey|psn
|-sideend|p2: domingo a noite|Stealth Rock|[from] move: Mortal Spin|[of] p2a: Glimmora
|-enditem|p1a: Comfey|Kee Berry|[eat]
|-boost|p1a: Comfey|def|1|[from] item: Kee Berry
|move|p1a: Comfey|Stored Power|p2a: Glimmora
|-supereffective|p2a: Glimmora
|-damage|p2a: Glimmora|0 fnt
|faint|p2a: Glimmora
|
|-damage|p1a: Comfey|39/100 psn|[from] psn
|upkeep
|
|t:|1758271458
|switch|p2a: Kingambit|Kingambit, M|100/100
|-activate|p2a: Kingambit|ability: Supreme Overlord
|-start|p2a: Kingambit|fallen2|[silent]
|turn|12
|
|t:|1758271463
|move|p1a: Comfey|Draining Kiss|p2a: Kingambit
|-damage|p2a: Kingambit|62/100
|-heal|p1a: Comfey|71/100 psn|[from] drain|[of] p2a: Kingambit
|move|p2a: Kingambit|Iron Head|p1a: Comfey
|-supereffective|p1a: Comfey
|-damage|p1a: Comfey|0 fnt
|faint|p1a: Comfey
|
|-heal|p2a: Kingambit|68/100|[from] item: Leftovers
|upkeep
|
|t:|1758271465
|switch|p1a: Dondozo|Dondozo, F|49/100
|turn|13
|
|t:|1758271472
|-end|p2a: Kingambit|fallen2|[silent]
|switch|p2a: Iron Valiant|Iron Valiant|100/100
|-enditem|p2a: Iron Valiant|Booster Energy
|-activate|p2a: Iron Valiant|ability: Quark Drive|[fromitem]
|-start|p2a: Iron Valiant|quarkdrivespe
|move|p1a: Dondozo|Curse|p1a: Dondozo
|-unboost|p1a: Dondozo|spe|1
|-boost|p1a: Dondozo|atk|1
|-boost|p1a: Dondozo|def|1
|
|-heal|p1a: Dondozo|55/100|[from] item: Leftovers
|upkeep
|turn|14
|
|t:|1758271475
|switch|p1a: Iron Treads|Iron Treads|36/100
|move|p2a: Iron Valiant|Encore||[still]
|-fail|p2a: Iron Valiant
|
|upkeep
|turn|15
|
|t:|1758271480
|move|p2a: Iron Valiant|Swords Dance|p2a: Iron Valiant
|-boost|p2a: Iron Valiant|atk|2
|move|p1a: Iron Treads|Steel Beam|p2a: Iron Valiant
|-supereffective|p2a: Iron Valiant
|-damage|p2a: Iron Valiant|0 fnt
|-damage|p1a: Iron Treads|0 fnt|[from] steelbeam
|faint|p1a: Iron Treads
|-end|p1a: Iron Treads|Quark Drive|[silent]
|faint|p2a: Iron Valiant
|-end|p2a: Iron Valiant|Quark Drive|[silent]
|
|upkeep
|
|t:|1758271487
|switch|p2a: Landorus|Landorus-Therian, M|100/100
|switch|p1a: Dondozo|Dondozo, F|55/100
|-ability|p2a: Landorus|Intimidate|boost
|-unboost|p1a: Dondozo|atk|1
|turn|16
|
|t:|1758271490
|move|p2a: Landorus|Taunt|p1a: Dondozo
|-start|p1a: Dondozo|move: Taunt
|cant|p1a: Dondozo|move: Taunt|Curse
|
|-heal|p1a: Dondozo|61/100|[from] item: Leftovers
|upkeep
|turn|17
|
|t:|1758271494
|move|p2a: Landorus|Stealth Rock|p1a: Dondozo
|-sidestart|p1: carloss prates|move: Stealth Rock
|move|p1a: Dondozo|Wave Crash|p2a: Landorus
|-supereffective|p2a: Landorus
|-damage|p2a: Landorus|46/100
|-damage|p1a: Dondozo|45/100|[from] item: Rocky Helmet|[of] p2a: Landorus
|-damage|p1a: Dondozo|31/100|[from] Recoil
|
|-heal|p1a: Dondozo|37/100|[from] item: Leftovers
|upkeep
|turn|18
|
|t:|1758271500
|move|p2a: Landorus|Earthquake|p1a: Dondozo
|-damage|p1a: Dondozo|9/100
|move|p1a: Dondozo|Avalanche|p2a: Landorus
|-supereffective|p2a: Landorus
|-damage|p2a: Landorus|0 fnt
|-damage|p1a: Dondozo|0 fnt|[from] item: Rocky Helmet|[of] p2a: Landorus
|faint|p2a: Landorus
|faint|p1a: Dondozo
|
|upkeep
|
|t:|1758271503
|switch|p2a: Dragapult|Dragapult, F, tera:Ghost|8/100
|switch|p1a: Polteageist|Polteageist|100/100
|-damage|p1a: Polteageist|88/100|[from] Stealth Rock
|turn|19
|
|t:|1758271506
|-terastallize|p1a: Polteageist|Fighting
|move|p2a: Dragapult|Shadow Ball|p1a: Polteageist
|-damage|p1a: Polteageist|22/100
|-start|p2a: Dragapult|Disable|Shadow Ball|[from] ability: Cursed Body|[of] p1a: Polteageist
|move|p1a: Polteageist|Shell Smash|p1a: Polteageist
|-unboost|p1a: Polteageist|def|1
|-unboost|p1a: Polteageist|spd|1
|-boost|p1a: Polteageist|atk|2
|-boost|p1a: Polteageist|spa|2
|-boost|p1a: Polteageist|spe|2
|-enditem|p1a: Polteageist|White Herb
|-clearnegativeboost|p1a: Polteageist|[silent]
|
|upkeep
|turn|20
|
|t:|1758271512
|move|p1a: Polteageist|Strength Sap|p2a: Dragapult
|-fail|p2a: Dragapult|unboost|[from] ability: Clear Body|[of] p2a: Dragapult
|-heal|p1a: Polteageist|99/100
|-activate|p2a: Dragapult|move: Struggle
|move|p2a: Dragapult|Struggle|p1a: Polteageist
|-damage|p1a: Polteageist|84/100
|-damage|p2a: Dragapult|0 fnt|[from] recoil
|faint|p2a: Dragapult
|
|upkeep
|
|t:|1758271514
|switch|p2a: Kingambit|Kingambit, M|68/100
|-activate|p2a: Kingambit|ability: Supreme Overlord
|-start|p2a: Kingambit|fallen5|[silent]
|turn|21
|
|t:|1758271519
|move|p1a: Polteageist|Tera Blast|p2a: Kingambit|[anim] Tera Blast Fighting
|-supereffective|p2a: Kingambit
|-damage|p2a: Kingambit|0 fnt
|faint|p2a: Kingambit
|-end|p2a: Kingambit|fallen5|[silent]
|
|win|carloss prates
|raw|carloss prates's rating: 1641 &rarr; <strong>1666</strong><br />(+25 for winning)
|raw|domingo a noite's rating: 1737 &rarr; <strong>1712</strong><br />(-25 for losing)
|l|☆domingo a noite
|player|p2|
|l|☆carloss prates
|player|p1|
|l| wgw2333
