|j|☆bumblingbigfoot
|j|☆vernie72
|t:|1758344033
|gametype|singles
|player|p1|bumblingbigfoot|roxie-masters|1573
|player|p2|vernie72|hoopster|1569
|gen|9
|tier|[Gen 9] OU
|rated|
|rule|HP Percentage Mod: HP is shown in percentages
|rule|Endless Battle Clause: Forcing endless battles is banned
|rule|Species Clause: Limit one of each Pokémon
|rule|OHKO Clause: OHKO moves are banned
|rule|Evasion Items Clause: Evasion items are banned
|rule|Evasion Moves Clause: Evasion moves are banned
|rule|Evasion Abilities Clause: Evasion abilities are banned
|rule|Sleep Moves Clause: Sleep-inducing moves are banned
|clearpoke
|poke|p1|Cloyster, F|
|poke|p1|Raging Bolt|
|poke|p1|Primarina, M|
|poke|p1|Iron Treads|
|poke|p1|Ogerpon-Wellspring, F|
|poke|p1|Dragapult, M|
|poke|p2|Ursaluna, M|
|poke|p2|Ninetales-Alola, F|
|poke|p2|Iron Crown|
|poke|p2|Alomomola, F|
|poke|p2|Kyurem|
|poke|p2|Talonflame, M|
|teampreview
|inactive|Battle timer is ON: inactive players will automatically lose when time's up. (requested by vernie72)
|
|t:|1758344039
|teamsize|p1|6
|teamsize|p2|6
|start
|switch|p1a: Ogerpon|Ogerpon-Wellspring, F|100/100
|switch|p2a: MVP|Ninetales-Alola, F|100/100
|-weather|Snowscape|[from] ability: Snow Warning|[of] p2a: MVP
|turn|1
|
|t:|1758344044
|move|p1a: Ogerpon|U-turn|p2a: MVP
|-resisted|p2a: MVP
|-damage|p2a: MVP|87/100
|
|t:|1758344047
|switch|p1a: Iron Treads|Iron Treads|100/100|[from] U-turn
|-enditem|p1a: Iron Treads|Booster Energy
|-activate|p1a: Iron Treads|ability: Quark Drive|[fromitem]
|-start|p1a: Iron Treads|quarkdrivespe
|move|p2a: MVP|Freeze-Dry|p1a: Iron Treads
|-damage|p1a: Iron Treads|60/100
|
|-weather|Snowscape|[upkeep]
|upkeep
|turn|2
|
|t:|1758344054
|switch|p2a: Mini moltres|Talonflame, M|100/100
|move|p1a: Iron Treads|Steel Beam|p2a: Mini moltres
|-resisted|p2a: Mini moltres
|-damage|p2a: Mini moltres|68/100
|-damage|p1a: Iron Treads|10/100|[from] steelbeam
|
|-weather|Snowscape|[upkeep]
|upkeep
|turn|3
|
|t:|1758344060
|move|p1a: Iron Treads|Stealth Rock|p2a: Mini moltres
|-sidestart|p2: vernie72|move: Stealth Rock
|move|p2a: Mini moltres|Roost|p2a: Mini moltres
|-heal|p2a: Mini moltres|100/100
|-singleturn|p2a: Mini moltres|move: Roost
|
|-weather|Snowscape|[upkeep]
|upkeep
|turn|4
|
|t:|1758344063
|move|p1a: Iron Treads|Steel Beam|p2a: Mini moltres
|-resisted|p2a: Mini moltres
|-damage|p2a: Mini moltres|67/100
|-damage|p1a: Iron Treads|0 fnt|[from] steelbeam
|faint|p1a: Iron Treads
|-end|p1a: Iron Treads|Quark Drive|[silent]
|move|p2a: Mini moltres|Defog|p1: Iron Treads|[notarget]
|-fail|p2a: Mini moltres
|
|-weather|Snowscape|[upkeep]
|upkeep
|
|t:|1758344073
|switch|p1a: Dragapult|Dragapult, M|100/100
|turn|5
|
|t:|1758344076
|switch|p2a: Alomoñoña|Alomomola, F|100/100
|move|p1a: Dragapult|Phantom Force||[still]
|-prepare|p1a: Dragapult|Phantom Force
|
|-weather|none
|upkeep
|turn|6
|
|t:|1758344081
|switch|p2a: Benito|Ursaluna, M|100/100
|-damage|p2a: Benito|94/100|[from] Stealth Rock
|move|p1a: Dragapult|Phantom Force|p2a: Benito|[from] lockedmove
|-immune|p2a: Benito
|
|-status|p2a: Benito|brn|[from] item: Flame Orb
|upkeep
|turn|7
|
|t:|1758344087
|switch|p1a: Ogerpon|Ogerpon-Wellspring, F|100/100
|move|p2a: Benito|Crunch|p1a: Ogerpon
|-damage|p1a: Ogerpon|56/100
|
|-damage|p2a: Benito|88/100 brn|[from] brn
|upkeep
|turn|8
|
|t:|1758344093
|move|p1a: Ogerpon|Ivy Cudgel|p2a: Benito|[anim] Ivy Cudgel Water
|-supereffective|p2a: Benito
|-damage|p2a: Benito|1/100 brn
|move|p2a: Benito|Facade|p1a: Ogerpon
|-damage|p1a: Ogerpon|0 fnt
|faint|p1a: Ogerpon
|
|-damage|p2a: Benito|0 fnt|[from] brn
|faint|p2a: Benito
|upkeep
|
|t:|1758344103
|switch|p1a: Dragapult|Dragapult, M|100/100
|switch|p2a: Cumplidor|Iron Crown|100/100
|-damage|p2a: Cumplidor|94/100|[from] Stealth Rock
|turn|9
|
|t:|1758344110
|move|p1a: Dragapult|U-turn|p2a: Cumplidor
|-damage|p2a: Cumplidor|60/100
|
|t:|1758344113
|switch|p1a: Raging Bolt|Raging Bolt|100/100|[from] U-turn
|-enditem|p1a: Raging Bolt|Booster Energy
|-activate|p1a: Raging Bolt|ability: Protosynthesis|[fromitem]
|-start|p1a: Raging Bolt|protosynthesisspa
|move|p2a: Cumplidor|Future Sight|p1a: Raging Bolt
|-start|p2a: Cumplidor|move: Future Sight
|
|upkeep
|turn|10
|
|t:|1758344120
|move|p2a: Cumplidor|Volt Switch|p1a: Raging Bolt
|-resisted|p1a: Raging Bolt
|-damage|p1a: Raging Bolt|95/100
|
|t:|1758344124
|-end|p2a: Cumplidor|Quark Drive|[silent]
|switch|p2a: MVP|Ninetales-Alola, F|87/100|[from] Volt Switch
|-damage|p2a: MVP|62/100|[from] Stealth Rock
|-weather|Snowscape|[from] ability: Snow Warning|[of] p2a: MVP
|move|p1a: Raging Bolt|Thunderbolt|p2a: MVP
|-damage|p2a: MVP|0 fnt
|faint|p2a: MVP
|
|-weather|Snowscape|[upkeep]
|upkeep
|
|t:|1758344127
|switch|p2a: Pippen|Kyurem|100/100
|-damage|p2a: Pippen|76/100|[from] Stealth Rock
|-ability|p2a: Pippen|Pressure
|turn|11
|
|t:|1758344135
|-terastallize|p2a: Pippen|Ground
|move|p2a: Pippen|Dragon Dance|p2a: Pippen
|-boost|p2a: Pippen|atk|1
|-boost|p2a: Pippen|spe|1
|move|p1a: Raging Bolt|Dragon Pulse|p2a: Pippen
|-damage|p2a: Pippen|7/100
|
|-weather|Snowscape|[upkeep]
|-end|p1a: Raging Bolt|move: Future Sight
|-damage|p1a: Raging Bolt|36/100
|upkeep
|turn|12
|
|t:|1758344139
|move|p2a: Pippen|Icicle Spear|p1a: Raging Bolt
|-supereffective|p1a: Raging Bolt
|-damage|p1a: Raging Bolt|0 fnt
|faint|p1a: Raging Bolt
|-end|p1a: Raging Bolt|Protosynthesis|[silent]
|-hitcount|p1: Raging Bolt|1
|
|-weather|Snowscape|[upkeep]
|upkeep
|
|t:|1758344140
|switch|p1a: Cloyster|Cloyster, F, shiny|100/100
|turn|13
|
|t:|1758344142
|move|p1a: Cloyster|Ice Shard|p2a: Pippen
|-supereffective|p2a: Pippen
|-damage|p2a: Pippen|0 fnt
|faint|p2a: Pippen
|
|-weather|Snowscape|[upkeep]
|upkeep
|
|t:|1758344145
|switch|p2a: Cumplidor|Iron Crown|60/100
|-damage|p2a: Cumplidor|54/100|[from] Stealth Rock
|turn|14
|
|t:|1758344152
|switch|p1a: Dragapult|Dragapult, M|100/100
|move|p2a: Cumplidor|Focus Blast|p1a: Dragapult
|-immune|p1a: Dragapult
|
|-weather|none
|upkeep
|turn|15
|
|t:|1758344159
|-terastallize|p1a: Dragapult|Ghost
|move|p1a: Dragapult|Tera Blast|p2a: Cumplidor|[anim] Tera Blast Ghost
|-supereffective|p2a: Cumplidor
|-damage|p2a: Cumplidor|0 fnt
|faint|p2a: Cumplidor
|-end|p2a: Cumplidor|Quark Drive|[silent]
|
|upkeep
|-message|vernie72 forfeited.
|
|win|bumblingbigfoot
|raw|bumblingbigfoot's rating: 1573 &rarr; <strong>1593</strong><br />(+20 for winning)
|raw|vernie72's rating: 1569 &rarr; <strong>1549</strong><br />(-20 for losing)
|l|☆vernie72
|player|p2|
|l|☆bumblingbigfoot
|player|p1|
