|j|☆Chuck2025
|j|☆undertalethemovie
|t:|1758255379
|gametype|singles
|player|p1|Chuck2025|dawn|1216
|player|p2|undertalethemovie|n|1248
|gen|9
|tier|[Gen 9] OU
|rated|
|rule|HP Percentage Mod: HP is shown in percentages
|rule|Endless Battle Clause: Forcing endless battles is banned
|rule|Species Clause: Limit one of each Pokémon
|rule|OHKO Clause: OHKO moves are banned
|rule|Evasion Items Clause: Evasion items are banned
|rule|Evasion Moves Clause: Evasion moves are banned
|rule|Evasion Abilities Clause: Evasion abilities are banned
|rule|Sleep Moves Clause: Sleep-inducing moves are banned
|clearpoke
|poke|p1|Dragonite, F|
|poke|p1|Swampert, F|
|poke|p1|Iron Hands|
|poke|p1|Zamazenta-*|
|poke|p1|Zapdos|
|poke|p1|Volcanion|
|poke|p2|Clodsire, F|
|poke|p2|Ogerpon-Wellspring, F|
|poke|p2|Zoroark-Hisui, M|
|poke|p2|Zamazenta-*|
|poke|p2|Cinderace, M|
|poke|p2|Deoxys-Speed|
|teampreview
|inactive|Battle timer is ON: inactive players will automatically lose when time's up. (requested by Chuck2025)
|
|t:|1758255393
|teamsize|p1|6
|teamsize|p2|6
|start
|switch|p1a: Zapdos|Zapdos|100/100
|switch|p2a: The Writer|Ogerpon-Wellspring, F|100/100
|turn|1
|
|t:|1758255401
|switch|p2a: Mumbo|Clodsire, F|100/100
|-item|p2a: Mumbo|Air Balloon
|move|p1a: Zapdos|Brave Bird|p2a: Mumbo
|-damage|p2a: Mumbo|56/100
|-enditem|p2a: Mumbo|Air Balloon
|-damage|p1a: Zapdos|83/100|[from] Recoil
|
|upkeep
|turn|2
|
|t:|1758255411
|switch|p1a: Swampert|Swampert, F|100/100
|move|p2a: Mumbo|Recover|p2a: Mumbo
|-heal|p2a: Mumbo|100/100
|
|upkeep
|turn|3
|
|t:|1758255418
|-terastallize|p2a: Mumbo|Flying
|move|p1a: Swampert|Earthquake|p2a: Mumbo
|-immune|p2a: Mumbo
|move|p2a: Mumbo|Toxic Spikes|p1a: Swampert
|-sidestart|p1: Chuck2025|move: Toxic Spikes
|
|upkeep
|turn|4
|
|t:|1758255425
|move|p1a: Swampert|Ice Beam|p2a: Mumbo
|-supereffective|p2a: Mumbo
|-damage|p2a: Mumbo|72/100
|move|p2a: Mumbo|Toxic Spikes|p1a: Swampert
|-sidestart|p1: Chuck2025|move: Toxic Spikes
|
|upkeep
|turn|5
|
|t:|1758255431
|move|p1a: Swampert|Ice Beam|p2a: Mumbo
|-supereffective|p2a: Mumbo
|-damage|p2a: Mumbo|44/100
|move|p2a: Mumbo|Toxic|p1a: Swampert
|-status|p1a: Swampert|tox
|
|-damage|p1a: Swampert|94/100 tox|[from] psn
|upkeep
|turn|6
|
|t:|1758255440
|move|p1a: Swampert|Ice Beam|p2a: Mumbo
|-supereffective|p2a: Mumbo
|-damage|p2a: Mumbo|16/100
|-status|p2a: Mumbo|frz
|-curestatus|p2a: Mumbo|frz|[msg]
|move|p2a: Mumbo|Recover|p2a: Mumbo
|-heal|p2a: Mumbo|66/100
|
|-damage|p1a: Swampert|82/100 tox|[from] psn
|upkeep
|turn|7
|c|☆undertalethemovie|phew
|
|t:|1758255451
|move|p1a: Swampert|Ice Beam|p2a: Mumbo
|-supereffective|p2a: Mumbo
|-damage|p2a: Mumbo|38/100
|move|p2a: Mumbo|Recover|p2a: Mumbo
|-heal|p2a: Mumbo|88/100
|
|-damage|p1a: Swampert|63/100 tox|[from] psn
|upkeep
|turn|8
|
|t:|1758255460
|switch|p1a: Zapdos|Zapdos|83/100
|move|p2a: Mumbo|Recover|p2a: Mumbo
|-heal|p2a: Mumbo|100/100
|
|upkeep
|turn|9
|
|t:|1758255466
|move|p1a: Zapdos|Thunderbolt|p2a: Mumbo
|-supereffective|p2a: Mumbo
|-damage|p2a: Mumbo|48/100
|move|p2a: Mumbo|Toxic|p1a: Zapdos
|-status|p1a: Zapdos|tox
|
|-damage|p1a: Zapdos|76/100 tox|[from] psn
|upkeep
|turn|10
|
|t:|1758255475
|switch|p2a: Ingerland|Cinderace, M|100/100
|move|p1a: Zapdos|Thunderbolt|p2a: Ingerland
|-damage|p2a: Ingerland|30/100
|
|-damage|p1a: Zapdos|64/100 tox|[from] psn
|upkeep
|turn|11
|
|t:|1758255483
|move|p2a: Ingerland|Pyro Ball|p1a: Zapdos
|-damage|p1a: Zapdos|0 fnt
|faint|p1a: Zapdos
|
|upkeep
|
|t:|1758255496
|switch|p1a: Volcanion|Volcanion|100/100
|-status|p1a: Volcanion|tox
|turn|12
|
|t:|1758255504
|move|p2a: Ingerland|U-turn|p1a: Volcanion
|-start|p2a: Ingerland|typechange|Bug|[from] ability: Libero
|-resisted|p1a: Volcanion
|-damage|p1a: Volcanion|86/100 tox
|-damage|p2a: Ingerland|14/100|[from] item: Rocky Helmet|[of] p1a: Volcanion
|
|t:|1758255507
|switch|p2a: The Writer|Ogerpon-Wellspring, F|100/100|[from] U-turn
|move|p1a: Volcanion|Earthquake|p2a: The Writer
|-resisted|p2a: The Writer
|-damage|p2a: The Writer|85/100
|
|-damage|p1a: Volcanion|80/100 tox|[from] psn
|upkeep
|turn|13
|
|t:|1758255518
|move|p2a: The Writer|Horn Leech|p1a: Volcanion
|-damage|p1a: Volcanion|42/100 tox
|-heal|p2a: The Writer|100/100|[from] drain|[of] p1a: Volcanion
|-damage|p2a: The Writer|84/100|[from] item: Rocky Helmet|[of] p1a: Volcanion
|move|p1a: Volcanion|Sludge Bomb|p2a: The Writer
|-supereffective|p2a: The Writer
|-damage|p2a: The Writer|12/100
|
|-damage|p1a: Volcanion|30/100 tox|[from] psn
|upkeep
|turn|14
|
|t:|1758255529
|move|p2a: The Writer|Horn Leech|p1a: Volcanion
|-damage|p1a: Volcanion|0 fnt
|-heal|p2a: The Writer|30/100|[from] drain|[of] p1a: Volcanion
|-damage|p2a: The Writer|13/100|[from] item: Rocky Helmet|[of] p1a: Volcanion
|faint|p1a: Volcanion
|
|upkeep
|
|t:|1758255536
|switch|p1a: Dragonite|Dragonite, F|100/100
|turn|15
|
|t:|1758255539
|move|p1a: Dragonite|Extreme Speed|p2a: The Writer
|-damage|p2a: The Writer|0 fnt
|faint|p2a: The Writer
|
|upkeep
|
|t:|1758255542
|switch|p2a: Ingerland|Cinderace, M|100/100
|-item|p2a: Ingerland|Air Balloon
|turn|16
|
|t:|1758255550
|move|p1a: Dragonite|Extreme Speed|p2a: Ingerland
|-immune|p2a: Ingerland
|move|p2a: Ingerland|Will-O-Wisp|p1a: Dragonite
|-status|p1a: Dragonite|brn
|
|-damage|p1a: Dragonite|94/100 brn|[from] brn
|upkeep
|turn|17
|
|t:|1758255559
|switch|p2a: Minami Torishima|Deoxys-Speed|100/100
|-ability|p2a: Minami Torishima|Pressure
|move|p1a: Dragonite|Dragon Claw|p2a: Minami Torishima
|-damage|p2a: Minami Torishima|63/100
|
|-damage|p1a: Dragonite|88/100 brn|[from] brn
|upkeep
|turn|18
|
|t:|1758255569
|move|p1a: Dragonite|Extreme Speed|p2a: Minami Torishima
|-damage|p2a: Minami Torishima|39/100
|move|p2a: Minami Torishima|Ice Beam|p1a: Dragonite
|-supereffective|p1a: Dragonite
|-damage|p1a: Dragonite|0 fnt
|faint|p1a: Dragonite
|
|upkeep
|
|t:|1758255577
|switch|p1a: Swampert|Swampert, F|63/100 tox
|turn|19
|
|t:|1758255580
|switch|p2a: Ingerland|Cinderace, M|100/100
|-item|p2a: Ingerland|Air Balloon
|move|p1a: Swampert|Surf|p2a: Ingerland
|-damage|p2a: Ingerland|15/100
|replace|p2a: Count St. Germain|Zoroark-Hisui, M, shiny
|-end|p2a: Count St. Germain|Illusion
|-enditem|p2a: Count St. Germain|Air Balloon
|
|-damage|p1a: Swampert|57/100 tox|[from] psn
|upkeep
|turn|20
|
|t:|1758255592
|move|p2a: Count St. Germain|Hex|p1a: Swampert
|-damage|p1a: Swampert|0 fnt
|faint|p1a: Swampert
|
|upkeep
|
|t:|1758255602
|switch|p1a: Iron Hands|Iron Hands, shiny|100/100
|-status|p1a: Iron Hands|tox
|turn|21
|
|t:|1758255607
|move|p2a: Count St. Germain|Detect|p2a: Count St. Germain
|-singleturn|p2a: Count St. Germain|Protect
|move|p1a: Iron Hands|Earthquake|p2a: Count St. Germain
|-activate|p2a: Count St. Germain|move: Protect
|
|-damage|p1a: Iron Hands|94/100 tox|[from] psn
|upkeep
|turn|22
|
|t:|1758255615
|move|p2a: Count St. Germain|Hex|p1a: Iron Hands
|-damage|p1a: Iron Hands|32/100 tox
|move|p1a: Iron Hands|Earthquake|p2a: Count St. Germain
|-damage|p2a: Count St. Germain|0 fnt
|faint|p2a: Count St. Germain
|
|-damage|p1a: Iron Hands|19/100 tox|[from] psn
|upkeep
|
|t:|1758255620
|switch|p2a: Ingerland|Cinderace, M|14/100
|turn|23
|
|t:|1758255627
|move|p2a: Ingerland|U-turn|p1a: Iron Hands
|-start|p2a: Ingerland|typechange|Bug|[from] ability: Libero
|-resisted|p1a: Iron Hands
|-damage|p1a: Iron Hands|9/100 tox
|-damage|p2a: Ingerland|0 fnt|[from] item: Rocky Helmet|[of] p1a: Iron Hands
|faint|p2a: Ingerland
|move|p1a: Iron Hands|Earthquake|p2: Ingerland|[notarget]
|-fail|p1a: Iron Hands
|
|-damage|p1a: Iron Hands|0 fnt|[from] psn
|faint|p1a: Iron Hands
|-end|p1a: Iron Hands|Quark Drive|[silent]
|upkeep
|
|t:|1758255639
|switch|p2a: Minami Torishima|Deoxys-Speed|39/100
|switch|p1a: Zamazenta|Zamazenta|100/100
|-ability|p2a: Minami Torishima|Pressure
|-status|p1a: Zamazenta|tox
|-ability|p1a: Zamazenta|Dauntless Shield|boost
|-boost|p1a: Zamazenta|def|1
|turn|24
|
|t:|1758255649
|-terastallize|p1a: Zamazenta|Flying
|move|p2a: Minami Torishima|Psycho Boost|p1a: Zamazenta
|-damage|p1a: Zamazenta|55/100 tox
|-unboost|p2a: Minami Torishima|spa|2
|move|p1a: Zamazenta|Crunch|p2a: Minami Torishima
|-supereffective|p2a: Minami Torishima
|-damage|p2a: Minami Torishima|0 fnt
|faint|p2a: Minami Torishima
|
|-damage|p1a: Zamazenta|49/100 tox|[from] psn
|upkeep
|
|t:|1758255659
|switch|p2a: Mumbo|Clodsire, F, tera:Flying|48/100
|turn|25
|
|t:|1758255666
|move|p1a: Zamazenta|Body Press|p2a: Mumbo
|-resisted|p2a: Mumbo
|-damage|p2a: Mumbo|31/100
|move|p2a: Mumbo|Recover|p2a: Mumbo
|-heal|p2a: Mumbo|81/100
|
|-damage|p1a: Zamazenta|36/100 tox|[from] psn
|upkeep
|turn|26
|-message|Chuck2025 forfeited.
|
|win|undertalethemovie
|raw|Chuck2025's rating: 1216 &rarr; <strong>1193</strong><br />(-23 for losing)
|raw|undertalethemovie's rating: 1248 &rarr; <strong>1271</strong><br />(+23 for winning)
|l|☆Chuck2025
|player|p1|
|l|☆undertalethemovie
|player|p2|
