|j|☆splurgesplurge
|j|☆magebazi520
|t:|1758295454
|gametype|singles
|player|p1|splurgesplurge|unknown|1270
|player|p2|magebazi520|101|1324
|gen|9
|tier|[Gen 9] OU
|rated|
|rule|HP Percentage Mod: HP is shown in percentages
|rule|Endless Battle Clause: Forcing endless battles is banned
|rule|Species Clause: Limit one of each Pokémon
|rule|OHKO Clause: OHKO moves are banned
|rule|Evasion Items Clause: Evasion items are banned
|rule|Evasion Moves Clause: Evasion moves are banned
|rule|Evasion Abilities Clause: Evasion abilities are banned
|rule|Sleep Moves Clause: Sleep-inducing moves are banned
|clearpoke
|poke|p1|Gumshoos, M|
|poke|p1|Ninetales, M|
|poke|p1|Slither Wing|
|poke|p1|Walking Wake|
|poke|p1|Scream Tail|
|poke|p1|Sandy Shocks|
|poke|p2|Gholdengo|
|poke|p2|Dragapult, F|
|poke|p2|Ogerpon-Wellspring, F|
|poke|p2|Ribombee, M|
|poke|p2|Kingambit, F|
|poke|p2|Garchomp, M|
|teampreview
|
|t:|1758295469
|teamsize|p1|6
|teamsize|p2|6
|start
|switch|p1a: Ninetales|Ninetales, M|100/100
|switch|p2a: Garchomp|Garchomp, M|100/100
|-weather|SunnyDay|[from] ability: Drought|[of] p1a: Ninetales
|turn|1
|
|t:|1758295478
|switch|p1a: Slither Wing|Slither Wing|100/100
|-activate|p1a: Slither Wing|ability: Protosynthesis
|-start|p1a: Slither Wing|protosynthesisatk
|move|p2a: Garchomp|Earthquake|p1a: Slither Wing
|-resisted|p1a: Slither Wing
|-damage|p1a: Slither Wing|65/100
|
|-weather|SunnyDay|[upkeep]
|-heal|p1a: Slither Wing|71/100|[from] item: Leftovers
|upkeep
|turn|2
|
|t:|1758295490
|move|p2a: Garchomp|Stealth Rock|p1a: Slither Wing
|-sidestart|p1: splurgesplurge|move: Stealth Rock
|move|p1a: Slither Wing|Bulk Up|p1a: Slither Wing
|-boost|p1a: Slither Wing|atk|1
|-boost|p1a: Slither Wing|def|1
|
|-weather|SunnyDay|[upkeep]
|-heal|p1a: Slither Wing|77/100|[from] item: Leftovers
|upkeep
|turn|3
|
|t:|1758295499
|move|p2a: Garchomp|Spikes|p1a: Slither Wing
|-sidestart|p1: splurgesplurge|Spikes
|move|p1a: Slither Wing|Flame Charge|p2a: Garchomp
|-resisted|p2a: Garchomp
|-damage|p2a: Garchomp|76/100
|-boost|p1a: Slither Wing|spe|1
|-damage|p1a: Slither Wing|65/100|[from] ability: Rough Skin|[of] p2a: Garchomp
|-damage|p1a: Slither Wing|49/100|[from] item: Rocky Helmet|[of] p2a: Garchomp
|
|-weather|SunnyDay|[upkeep]
|-heal|p1a: Slither Wing|55/100|[from] item: Leftovers
|upkeep
|turn|4
|
|t:|1758295510
|move|p1a: Slither Wing|Bulk Up|p1a: Slither Wing
|-boost|p1a: Slither Wing|atk|1
|-boost|p1a: Slither Wing|def|1
|move|p2a: Garchomp|Spikes|p1a: Slither Wing
|-sidestart|p1: splurgesplurge|Spikes
|
|-weather|SunnyDay|[upkeep]
|-heal|p1a: Slither Wing|61/100|[from] item: Leftovers
|upkeep
|turn|5
|
|t:|1758295521
|move|p1a: Slither Wing|Bulk Up|p1a: Slither Wing
|-boost|p1a: Slither Wing|atk|1
|-boost|p1a: Slither Wing|def|1
|move|p2a: Garchomp|Spikes|p1a: Slither Wing
|-sidestart|p1: splurgesplurge|Spikes
|
|-weather|SunnyDay|[upkeep]
|-heal|p1a: Slither Wing|67/100|[from] item: Leftovers
|upkeep
|turn|6
|
|t:|1758295530
|move|p1a: Slither Wing|Close Combat|p2a: Garchomp
|-damage|p2a: Garchomp|0 fnt
|-unboost|p1a: Slither Wing|def|1
|-unboost|p1a: Slither Wing|spd|1
|-damage|p1a: Slither Wing|55/100|[from] ability: Rough Skin|[of] p2a: Garchomp
|-damage|p1a: Slither Wing|38/100|[from] item: Rocky Helmet|[of] p2a: Garchomp
|faint|p2a: Garchomp
|
|-weather|SunnyDay|[upkeep]
|-heal|p1a: Slither Wing|45/100|[from] item: Leftovers
|upkeep
|
|t:|1758295541
|switch|p2a: Ribombee|Ribombee, M|100/100
|turn|7
|
|t:|1758295550
|move|p1a: Slither Wing|Flame Charge|p2a: Ribombee
|-supereffective|p2a: Ribombee
|-enditem|p2a: Ribombee|Focus Sash
|-damage|p2a: Ribombee|1/100
|-boost|p1a: Slither Wing|spe|1
|move|p2a: Ribombee|Moonblast|p1a: Slither Wing
|-supereffective|p1a: Slither Wing
|-damage|p1a: Slither Wing|0 fnt
|faint|p1a: Slither Wing
|-end|p1a: Slither Wing|Protosynthesis|[silent]
|
|-weather|SunnyDay|[upkeep]
|upkeep
|
|t:|1758295570
|switch|p1a: Walking Wake|Walking Wake|100/100
|-damage|p1a: Walking Wake|88/100|[from] Stealth Rock
|-damage|p1a: Walking Wake|63/100|[from] Spikes
|-activate|p1a: Walking Wake|ability: Protosynthesis
|-start|p1a: Walking Wake|protosynthesisspa
|turn|8
|
|t:|1758295579
|-terastallize|p1a: Walking Wake|Fire
|move|p2a: Ribombee|Moonblast|p1a: Walking Wake
|-resisted|p1a: Walking Wake
|-damage|p1a: Walking Wake|42/100
|-unboost|p1a: Walking Wake|spa|1
|move|p1a: Walking Wake|Hydro Steam|p2a: Ribombee
|-damage|p2a: Ribombee|0 fnt
|faint|p2a: Ribombee
|
|-weather|none
|-end|p1a: Walking Wake|Protosynthesis
|upkeep
|
|t:|1758295591
|switch|p2a: Ogerpon|Ogerpon-Wellspring, F|100/100
|turn|9
|
|t:|1758295600
|-end|p1a: Walking Wake|Protosynthesis|[silent]
|switch|p1a: Ninetales|Ninetales, M|100/100
|-damage|p1a: Ninetales|76/100|[from] Stealth Rock
|-damage|p1a: Ninetales|51/100|[from] Spikes
|-weather|SunnyDay|[from] ability: Drought|[of] p1a: Ninetales
|move|p2a: Ogerpon|Ivy Cudgel|p1a: Ninetales|[anim] Ivy Cudgel Water
|-supereffective|p1a: Ninetales
|-damage|p1a: Ninetales|0 fnt
|faint|p1a: Ninetales
|
|-weather|SunnyDay|[upkeep]
|upkeep
|
|t:|1758295606
|switch|p1a: Sandy Shocks|Sandy Shocks|100/100
|-damage|p1a: Sandy Shocks|94/100|[from] Stealth Rock
|-damage|p1a: Sandy Shocks|70/100|[from] Spikes
|-activate|p1a: Sandy Shocks|ability: Protosynthesis
|-start|p1a: Sandy Shocks|protosynthesisspa
|turn|10
|
|t:|1758295621
|move|p2a: Ogerpon|Ivy Cudgel|p1a: Sandy Shocks|[anim] Ivy Cudgel Water
|-supereffective|p1a: Sandy Shocks
|-crit|p1a: Sandy Shocks
|-damage|p1a: Sandy Shocks|0 fnt
|faint|p1a: Sandy Shocks
|-end|p1a: Sandy Shocks|Protosynthesis|[silent]
|
|-weather|SunnyDay|[upkeep]
|upkeep
|
|t:|1758295633
|switch|p1a: Scream Tail|Scream Tail|100/100
|-damage|p1a: Scream Tail|88/100|[from] Stealth Rock
|-damage|p1a: Scream Tail|63/100|[from] Spikes
|-activate|p1a: Scream Tail|ability: Protosynthesis
|-start|p1a: Scream Tail|protosynthesisspe
|turn|11
|
|t:|1758295639
|move|p1a: Scream Tail|Reflect|p1a: Scream Tail
|-sidestart|p1: splurgesplurge|Reflect
|move|p2a: Ogerpon|Ivy Cudgel|p1a: Scream Tail|[anim] Ivy Cudgel Water
|-damage|p1a: Scream Tail|51/100
|
|-weather|SunnyDay|[upkeep]
|upkeep
|turn|12
|inactive|Battle timer is ON: inactive players will automatically lose when time's up. (requested by magebazi520)
|
|t:|1758295736
|move|p2a: Ogerpon|Ivy Cudgel|p1a: Scream Tail|[anim] Ivy Cudgel Water
|-damage|p1a: Scream Tail|39/100
|move|p1a: Scream Tail|Roar|p2a: Ogerpon
|drag|p2a: Dragapult|Dragapult, F, shiny|100/100
|
|-weather|SunnyDay|[upkeep]
|upkeep
|turn|13
|c|☆splurgesplurge|oops
|
|t:|1758295743
|move|p1a: Scream Tail|Light Screen|p1a: Scream Tail
|-sidestart|p1: splurgesplurge|move: Light Screen
|move|p2a: Dragapult|U-turn|p1a: Scream Tail
|-damage|p1a: Scream Tail|24/100
|
|t:|1758295751
|switch|p2a: Gholdengo|Gholdengo|100/100|[from] U-turn
|
|-weather|SunnyDay|[upkeep]
|upkeep
|turn|14
|inactive|splurgesplurge has 120 seconds left.
|
|t:|1758295794
|move|p2a: Gholdengo|Make It Rain|p1a: Scream Tail
|-supereffective|p1a: Scream Tail
|-damage|p1a: Scream Tail|0 fnt
|-unboost|p2a: Gholdengo|spa|1
|faint|p1a: Scream Tail
|-end|p1a: Scream Tail|Protosynthesis|[silent]
|
|-weather|SunnyDay|[upkeep]
|upkeep
|
|t:|1758295799
|switch|p1a: Gum Shroom|Gumshoos, M|100/100
|-damage|p1a: Gum Shroom|88/100|[from] Stealth Rock
|-damage|p1a: Gum Shroom|63/100|[from] Spikes
|turn|15
|
|t:|1758295808
|move|p2a: Gholdengo|Make It Rain|p1a: Gum Shroom
|-crit|p1a: Gum Shroom
|-damage|p1a: Gum Shroom|0 fnt
|-unboost|p2a: Gholdengo|spa|1
|faint|p1a: Gum Shroom
|
|-weather|SunnyDay|[upkeep]
|upkeep
|
|t:|1758295817
|switch|p1a: Walking Wake|Walking Wake, tera:Fire|42/100
|-damage|p1a: Walking Wake|17/100|[from] Stealth Rock
|-damage|p1a: Walking Wake|0 fnt|[from] Spikes
|faint|p1a: Walking Wake
|-end|p1a: Walking Wake|Protosynthesis|[silent]
|
|win|magebazi520
|raw|splurgesplurge's rating: 1270 &rarr; <strong>1249</strong><br />(-21 for losing)
|raw|magebazi520's rating: 1324 &rarr; <strong>1341</strong><br />(+17 for winning)
|l|☆splurgesplurge
|player|p1|
|l|☆magebazi520
|player|p2|
