|j|☆psychic boy clancy
|j|☆Visiting Goat
|t:|1758363517
|gametype|singles
|player|p1|psychic boy clancy|pryce|1587
|player|p2|Visiting Goat|alec-anime|1518
|gen|9
|tier|[Gen 9] OU
|rated|
|rule|HP Percentage Mod: HP is shown in percentages
|rule|Endless Battle Clause: Forcing endless battles is banned
|rule|Species Clause: Limit one of each Pokémon
|rule|OHKO Clause: OHKO moves are banned
|rule|Evasion Items Clause: Evasion items are banned
|rule|Evasion Moves Clause: Evasion moves are banned
|rule|Evasion Abilities Clause: Evasion abilities are banned
|rule|Sleep Moves Clause: Sleep-inducing moves are banned
|clearpoke
|poke|p1|Great Tusk|
|poke|p1|Enamorus, F|
|poke|p1|Ogerpon, F|
|poke|p1|Primarina, F|
|poke|p1|Kingambit, M|
|poke|p1|Slowking-Galar, M|
|poke|p2|Gholdengo|
|poke|p2|Tinkaton, F|
|poke|p2|Chesnaught, F|
|poke|p2|Raging Bolt|
|poke|p2|Great Tusk|
|poke|p2|Iron Valiant|
|teampreview
|inactive|Battle timer is ON: inactive players will automatically lose when time's up. (requested by Visiting Goat)
|j| Nikator98
|l| Nikator98
|c|☆Visiting Goat|glhf
|c|☆psychic boy clancy|Yep
|inactive|Visiting Goat has 120 seconds left.
|
|t:|1758363563
|teamsize|p1|6
|teamsize|p2|6
|start
|switch|p1a: Primarina|Primarina, F|100/100
|switch|p2a: Chesnaught|Chesnaught, F|100/100
|turn|1
|
|t:|1758363570
|switch|p2a: Tinkaton|Tinkaton, F|100/100
|-ability|p2a: Tinkaton|Mold Breaker
|move|p1a: Primarina|Substitute|p1a: Primarina
|-start|p1a: Primarina|Substitute
|-damage|p1a: Primarina|76/100
|
|-heal|p1a: Primarina|82/100|[from] item: Leftovers
|upkeep
|turn|2
|
|t:|1758363580
|switch|p1a: Great Tusk|Great Tusk|100/100
|move|p2a: Tinkaton|Encore||[still]
|-fail|p2a: Tinkaton
|
|upkeep
|turn|3
|
|t:|1758363588
|switch|p2a: Chesnaught|Chesnaught, F|100/100
|move|p1a: Great Tusk|Rapid Spin|p2a: Chesnaught
|-damage|p2a: Chesnaught|92/100
|-boost|p1a: Great Tusk|spe|1
|-damage|p1a: Great Tusk|84/100|[from] item: Rocky Helmet|[of] p2a: Chesnaught
|
|upkeep
|turn|4
|
|t:|1758363596
|move|p1a: Great Tusk|Stealth Rock|p2a: Chesnaught
|-sidestart|p2: Visiting Goat|move: Stealth Rock
|move|p2a: Chesnaught|Spikes|p1a: Great Tusk
|-sidestart|p1: psychic boy clancy|Spikes
|
|upkeep
|turn|5
|
|t:|1758363602
|-end|p1a: Great Tusk|Protosynthesis|[silent]
|switch|p1a: Enamorus|Enamorus, F|100/100
|move|p2a: Chesnaught|Spikes|p1a: Enamorus
|-sidestart|p1: psychic boy clancy|Spikes
|
|upkeep
|turn|6
|j| hedkeieiei
|
|t:|1758363610
|switch|p2a: Tinkaton|Tinkaton, F|100/100
|-damage|p2a: Tinkaton|94/100|[from] Stealth Rock
|-ability|p2a: Tinkaton|Mold Breaker
|move|p1a: Enamorus|Mystical Fire|p2a: Tinkaton
|-supereffective|p2a: Tinkaton
|-damage|p2a: Tinkaton|45/100
|-unboost|p2a: Tinkaton|spa|1
|
|-heal|p2a: Tinkaton|51/100|[from] item: Leftovers
|upkeep
|turn|7
|
|t:|1758363622
|switch|p1a: Great Tusk|Great Tusk|84/100
|-damage|p1a: Great Tusk|67/100|[from] Spikes
|switch|p2a: Raging Bolt|Raging Bolt|100/100
|-damage|p2a: Raging Bolt|88/100|[from] Stealth Rock
|
|upkeep
|turn|8
|
|t:|1758363633
|-end|p2a: Raging Bolt|Protosynthesis|[silent]
|switch|p2a: Chesnaught|Chesnaught, F|92/100
|-damage|p2a: Chesnaught|85/100|[from] Stealth Rock
|move|p1a: Great Tusk|Rapid Spin|p2a: Chesnaught
|-damage|p2a: Chesnaught|78/100
|-boost|p1a: Great Tusk|spe|1
|-damage|p1a: Great Tusk|51/100|[from] item: Rocky Helmet|[of] p2a: Chesnaught
|-sideend|p1: psychic boy clancy|Spikes|[from] move: Rapid Spin|[of] p1a: Great Tusk
|
|upkeep
|turn|9
|
|t:|1758363644
|-end|p1a: Great Tusk|Protosynthesis|[silent]
|switch|p1a: Enamorus|Enamorus, F|100/100
|move|p2a: Chesnaught|Spikes|p1a: Enamorus
|-sidestart|p1: psychic boy clancy|Spikes
|
|upkeep
|turn|10
|
|t:|1758363663
|switch|p2a: Raging Bolt|Raging Bolt|88/100
|-damage|p2a: Raging Bolt|76/100|[from] Stealth Rock
|move|p1a: Enamorus|Moonblast|p2a: Raging Bolt
|-supereffective|p2a: Raging Bolt
|-damage|p2a: Raging Bolt|17/100
|
|upkeep
|turn|11
|
|t:|1758363671
|-end|p2a: Raging Bolt|Protosynthesis|[silent]
|switch|p2a: Tinkaton|Tinkaton, F|51/100
|-damage|p2a: Tinkaton|45/100|[from] Stealth Rock
|-ability|p2a: Tinkaton|Mold Breaker
|move|p1a: Enamorus|Moonblast|p2a: Tinkaton
|-resisted|p2a: Tinkaton
|-damage|p2a: Tinkaton|22/100
|-unboost|p2a: Tinkaton|spa|1
|
|-heal|p2a: Tinkaton|28/100|[from] item: Leftovers
|upkeep
|turn|12
|
|t:|1758363684
|switch|p1a: Great Tusk|Great Tusk|51/100
|-damage|p1a: Great Tusk|38/100|[from] Spikes
|move|p2a: Tinkaton|Stealth Rock|p1a: Great Tusk
|-sidestart|p1: psychic boy clancy|move: Stealth Rock
|
|-heal|p2a: Tinkaton|34/100|[from] item: Leftovers
|upkeep
|turn|13
|
|t:|1758363695
|switch|p2a: Gholdengo|Gholdengo|100/100
|-damage|p2a: Gholdengo|94/100|[from] Stealth Rock
|move|p1a: Great Tusk|Headlong Rush|p2a: Gholdengo
|-supereffective|p2a: Gholdengo
|-enditem|p2a: Gholdengo|Shuca Berry|[eat]
|-enditem|p2a: Gholdengo|Shuca Berry|[weaken]
|-damage|p2a: Gholdengo|57/100
|-unboost|p1a: Great Tusk|def|1
|-unboost|p1a: Great Tusk|spd|1
|
|upkeep
|turn|14
|
|t:|1758363716
|-end|p1a: Great Tusk|Protosynthesis|[silent]
|switch|p1a: Primarina|Primarina, F|82/100
|-damage|p1a: Primarina|70/100|[from] Spikes
|-damage|p1a: Primarina|57/100|[from] Stealth Rock
|move|p2a: Gholdengo|Make It Rain|p1a: Primarina
|-damage|p1a: Primarina|15/100
|-unboost|p2a: Gholdengo|spa|1
|
|-heal|p1a: Primarina|21/100|[from] item: Leftovers
|upkeep
|turn|15
|
|t:|1758363728
|move|p2a: Gholdengo|Make It Rain|p1a: Primarina
|-damage|p1a: Primarina|0 fnt
|-unboost|p2a: Gholdengo|spa|1
|faint|p1a: Primarina
|
|upkeep
|j| yasuh
|
|t:|1758363746
|switch|p1a: Enamorus|Enamorus, F|100/100
|-damage|p1a: Enamorus|76/100|[from] Stealth Rock
|turn|16
|
|t:|1758363753
|switch|p2a: Raging Bolt|Raging Bolt|17/100
|-damage|p2a: Raging Bolt|5/100|[from] Stealth Rock
|move|p1a: Enamorus|Earth Power|p2a: Raging Bolt
|-supereffective|p2a: Raging Bolt
|-damage|p2a: Raging Bolt|0 fnt
|faint|p2a: Raging Bolt
|-end|p2a: Raging Bolt|Protosynthesis|[silent]
|
|upkeep
|
|t:|1758363764
|switch|p2a: Great Tusk|Great Tusk|100/100
|turn|17
|
|t:|1758363770
|switch|p1a: Great Tusk|Great Tusk|38/100
|-damage|p1a: Great Tusk|26/100|[from] Spikes
|-damage|p1a: Great Tusk|23/100|[from] Stealth Rock
|move|p2a: Great Tusk|Rapid Spin|p1a: Great Tusk
|-damage|p1a: Great Tusk|13/100
|-boost|p2a: Great Tusk|spe|1
|-damage|p2a: Great Tusk|84/100|[from] item: Rocky Helmet|[of] p1a: Great Tusk
|-sideend|p2: Visiting Goat|Stealth Rock|[from] move: Rapid Spin|[of] p2a: Great Tusk
|
|upkeep
|turn|18
|
|t:|1758363781
|move|p2a: Great Tusk|Ice Spinner|p1a: Great Tusk
|-supereffective|p1a: Great Tusk
|-damage|p1a: Great Tusk|0 fnt
|-damage|p2a: Great Tusk|68/100|[from] item: Rocky Helmet|[of] p1a: Great Tusk
|faint|p1a: Great Tusk
|-end|p1a: Great Tusk|Protosynthesis|[silent]
|
|upkeep
|
|t:|1758363788
|switch|p1a: Enamorus|Enamorus, F|76/100
|-damage|p1a: Enamorus|51/100|[from] Stealth Rock
|turn|19
|j| Nikator98
|
|t:|1758363797
|-end|p2a: Great Tusk|Protosynthesis|[silent]
|switch|p2a: Tinkaton|Tinkaton, F|34/100
|-ability|p2a: Tinkaton|Mold Breaker
|move|p1a: Enamorus|Moonblast|p2a: Tinkaton
|-resisted|p2a: Tinkaton
|-damage|p2a: Tinkaton|10/100
|
|-heal|p2a: Tinkaton|17/100|[from] item: Leftovers
|upkeep
|turn|20
|
|t:|1758363808
|move|p1a: Enamorus|Moonblast|p2a: Tinkaton
|-resisted|p2a: Tinkaton
|-damage|p2a: Tinkaton|0 fnt
|faint|p2a: Tinkaton
|
|upkeep
|
|t:|1758363810
|switch|p2a: Gholdengo|Gholdengo|57/100
|turn|21
|
|t:|1758363815
|switch|p1a: Kingambit|Kingambit, M|100/100
|-damage|p1a: Kingambit|88/100|[from] Spikes
|-damage|p1a: Kingambit|82/100|[from] Stealth Rock
|-activate|p1a: Kingambit|ability: Supreme Overlord
|-start|p1a: Kingambit|fallen2|[silent]
|move|p2a: Gholdengo|Recover|p2a: Gholdengo
|-heal|p2a: Gholdengo|100/100
|
|-heal|p1a: Kingambit|88/100|[from] item: Leftovers
|upkeep
|turn|22
|
|t:|1758363827
|switch|p2a: Chesnaught|Chesnaught, F|78/100
|move|p1a: Kingambit|Iron Head|p2a: Chesnaught
|-damage|p2a: Chesnaught|48/100
|-damage|p1a: Kingambit|72/100|[from] item: Rocky Helmet|[of] p2a: Chesnaught
|
|-heal|p1a: Kingambit|78/100|[from] item: Leftovers
|upkeep
|turn|23
|j| trisew
|
|t:|1758363840
|-end|p1a: Kingambit|fallen2|[silent]
|switch|p1a: Slowking|Slowking-Galar, M|100/100
|-damage|p1a: Slowking|88/100|[from] Spikes
|-damage|p1a: Slowking|76/100|[from] Stealth Rock
|move|p2a: Chesnaught|Synthesis|p2a: Chesnaught
|-heal|p2a: Chesnaught|98/100
|
|upkeep
|turn|24
|
|t:|1758363849
|switch|p2a: Gholdengo|Gholdengo|100/100
|move|p1a: Slowking|Flamethrower|p2a: Gholdengo
|-supereffective|p2a: Gholdengo
|-damage|p2a: Gholdengo|54/100
|
|upkeep
|turn|25
|
|t:|1758363862
|-terastallize|p2a: Gholdengo|Fairy
|move|p2a: Gholdengo|Recover|p2a: Gholdengo
|-heal|p2a: Gholdengo|100/100
|move|p1a: Slowking|Flamethrower|p2a: Gholdengo
|-damage|p2a: Gholdengo|79/100
|
|upkeep
|turn|26
|
|t:|1758363870
|move|p2a: Gholdengo|Nasty Plot|p2a: Gholdengo
|-boost|p2a: Gholdengo|spa|2
|move|p1a: Slowking|Sludge Bomb|p2a: Gholdengo
|-supereffective|p2a: Gholdengo
|-damage|p2a: Gholdengo|14/100
|
|upkeep
|turn|27
|j| GavilarKholin
|
|t:|1758363894
|switch|p1a: Ogerpon|Ogerpon, F|100/100
|-damage|p1a: Ogerpon|88/100|[from] Spikes
|-damage|p1a: Ogerpon|76/100|[from] Stealth Rock
|move|p2a: Gholdengo|Make It Rain|p1a: Ogerpon
|-damage|p1a: Ogerpon|0 fnt
|-unboost|p2a: Gholdengo|spa|1
|faint|p1a: Ogerpon
|
|upkeep
|
|t:|1758363905
|switch|p1a: Enamorus|Enamorus, F|51/100
|-damage|p1a: Enamorus|26/100|[from] Stealth Rock
|turn|28
|
|t:|1758363915
|switch|p2a: Great Tusk|Great Tusk|68/100
|move|p1a: Enamorus|Moonblast|p2a: Great Tusk
|-supereffective|p2a: Great Tusk
|-damage|p2a: Great Tusk|0 fnt
|faint|p2a: Great Tusk
|-end|p2a: Great Tusk|Protosynthesis|[silent]
|
|upkeep
|
|t:|1758363919
|switch|p2a: Iron Valiant|Iron Valiant|100/100
|-enditem|p2a: Iron Valiant|Booster Energy
|-activate|p2a: Iron Valiant|ability: Quark Drive|[fromitem]
|-start|p2a: Iron Valiant|quarkdrivespe
|turn|29
|
|t:|1758363928
|switch|p1a: Kingambit|Kingambit, M|78/100
|-damage|p1a: Kingambit|65/100|[from] Spikes
|-damage|p1a: Kingambit|59/100|[from] Stealth Rock
|-activate|p1a: Kingambit|ability: Supreme Overlord
|-start|p1a: Kingambit|fallen3|[silent]
|move|p2a: Iron Valiant|Shadow Ball|p1a: Kingambit
|-resisted|p1a: Kingambit
|-damage|p1a: Kingambit|46/100
|
|-heal|p1a: Kingambit|52/100|[from] item: Leftovers
|upkeep
|turn|30
|
|t:|1758363943
|-end|p2a: Iron Valiant|Quark Drive|[silent]
|switch|p2a: Chesnaught|Chesnaught, F|98/100
|move|p1a: Kingambit|Iron Head|p2a: Chesnaught
|-damage|p2a: Chesnaught|65/100
|-damage|p1a: Kingambit|35/100|[from] item: Rocky Helmet|[of] p2a: Chesnaught
|
|-heal|p1a: Kingambit|41/100|[from] item: Leftovers
|upkeep
|turn|31
|
|t:|1758363953
|move|p1a: Kingambit|Iron Head|p2a: Chesnaught
|-damage|p2a: Chesnaught|34/100
|-damage|p1a: Kingambit|25/100|[from] item: Rocky Helmet|[of] p2a: Chesnaught
|cant|p2a: Chesnaught|flinch
|
|-heal|p1a: Kingambit|31/100|[from] item: Leftovers
|upkeep
|turn|32
|
|t:|1758363962
|move|p1a: Kingambit|Iron Head|p2a: Chesnaught
|-damage|p2a: Chesnaught|0 fnt
|-damage|p1a: Kingambit|14/100|[from] item: Rocky Helmet|[of] p2a: Chesnaught
|faint|p2a: Chesnaught
|
|-heal|p1a: Kingambit|20/100|[from] item: Leftovers
|upkeep
|
|t:|1758363970
|switch|p2a: Gholdengo|Gholdengo, tera:Fairy|14/100
|turn|33
|
|t:|1758363975
|move|p2a: Gholdengo|Recover|p2a: Gholdengo
|-heal|p2a: Gholdengo|64/100
|move|p1a: Kingambit|Iron Head|p2a: Gholdengo
|-supereffective|p2a: Gholdengo
|-damage|p2a: Gholdengo|0 fnt
|faint|p2a: Gholdengo
|
|-heal|p1a: Kingambit|26/100|[from] item: Leftovers
|upkeep
|
|t:|1758363977
|switch|p2a: Iron Valiant|Iron Valiant|100/100
|turn|34
|c|☆psychic boy clancy|Gg
|
|t:|1758363987
|move|p2a: Iron Valiant|Moonblast|p1a: Kingambit
|-damage|p1a: Kingambit|0 fnt
|faint|p1a: Kingambit
|-end|p1a: Kingambit|fallen3|[silent]
|
|upkeep
|c|☆Visiting Goat|gg
|l| yasuh
|
|t:|1758363992
|switch|p1a: Enamorus|Enamorus, F|26/100
|-damage|p1a: Enamorus|1/100|[from] Stealth Rock
|turn|35
|
|t:|1758363996
|move|p1a: Enamorus|Moonblast|p2a: Iron Valiant
|-supereffective|p2a: Iron Valiant
|-damage|p2a: Iron Valiant|0 fnt
|faint|p2a: Iron Valiant
|-end|p2a: Iron Valiant|Quark Drive|[silent]
|
|win|psychic boy clancy
|raw|psychic boy clancy's rating: 1587 &rarr; <strong>1603</strong><br />(+16 for winning)
|raw|Visiting Goat's rating: 1518 &rarr; <strong>1502</strong><br />(-16 for losing)
|l|☆Visiting Goat
|player|p2|
|l| GavilarKholin
|l| trisew
|l|☆psychic boy clancy
|player|p1|
|l| hedkeieiei
