|j|☆itkenreiza
|j|☆yessurskit
|t:|1758244089
|gametype|singles
|player|p1|itkenreiza|1|1532
|player|p2|yessurskit|dancer|1484
|gen|9
|tier|[Gen 9] OU
|rated|
|rule|HP Percentage Mod: HP is shown in percentages
|rule|Endless Battle Clause: Forcing endless battles is banned
|rule|Species Clause: Limit one of each Pokémon
|rule|OHKO Clause: OHKO moves are banned
|rule|Evasion Items Clause: Evasion items are banned
|rule|Evasion Moves Clause: Evasion moves are banned
|rule|Evasion Abilities Clause: Evasion abilities are banned
|rule|Sleep Moves Clause: Sleep-inducing moves are banned
|clearpoke
|poke|p1|Enamorus, F|
|poke|p1|Basculegion, M|
|poke|p1|Politoed, F|
|poke|p1|Iron Treads|
|poke|p1|Toxicroak, F|
|poke|p1|Tornadus-Therian, M|
|poke|p2|Deoxys-Speed|
|poke|p2|Ting-Lu|
|poke|p2|Weavile, M|
|poke|p2|Clefable, M|
|poke|p2|Dragapult, M|
|poke|p2|Moltres|
|teampreview
|inactive|Battle timer is ON: inactive players will automatically lose when time's up. (requested by itkenreiza)
|
|t:|1758244097
|teamsize|p1|6
|teamsize|p2|6
|start
|switch|p1a: Politoed|Politoed, F|100/100
|switch|p2a: Clefable|Clefable, M|100/100
|-weather|RainDance|[from] ability: Drizzle|[of] p1a: Politoed
|turn|1
|
|t:|1758244105
|move|p1a: Politoed|Surf|p2a: Clefable
|-damage|p2a: Clefable|43/100
|move|p2a: Clefable|Knock Off|p1a: Politoed
|-damage|p1a: Politoed|83/100
|-enditem|p1a: Politoed|Damp Rock|[from] move: Knock Off|[of] p2a: Clefable
|
|-weather|RainDance|[upkeep]
|-heal|p2a: Clefable|49/100|[from] item: Leftovers
|upkeep
|turn|2
|
|t:|1758244121
|switch|p2a: Dragapult|Dragapult, M|100/100
|move|p1a: Politoed|Surf|p2a: Dragapult
|-resisted|p2a: Dragapult
|-damage|p2a: Dragapult|62/100
|
|-weather|RainDance|[upkeep]
|upkeep
|turn|3
|
|t:|1758244130
|move|p2a: Dragapult|U-turn|p1a: Politoed
|-damage|p1a: Politoed|47/100
|
|t:|1758244143
|switch|p2a: Deoxys|Deoxys-Speed|100/100|[from] U-turn
|-ability|p2a: Deoxys|Pressure
|move|p1a: Politoed|Ice Beam|p2a: Deoxys
|-damage|p2a: Deoxys|61/100
|
|-weather|RainDance|[upkeep]
|upkeep
|turn|4
|
|t:|1758244158
|switch|p1a: Iron Treads|Iron Treads|100/100
|move|p2a: Deoxys|Ice Beam|p1a: Iron Treads
|-damage|p1a: Iron Treads|50/100
|-damage|p2a: Deoxys|52/100|[from] item: Life Orb
|
|-weather|RainDance|[upkeep]
|upkeep
|turn|5
|
|t:|1758244175
|move|p2a: Deoxys|Ice Beam|p1a: Iron Treads
|-damage|p1a: Iron Treads|1/100
|-damage|p2a: Deoxys|42/100|[from] item: Life Orb
|move|p1a: Iron Treads|Volt Switch|p2a: Deoxys
|-damage|p2a: Deoxys|22/100
|
|t:|1758244178
|-end|p1a: Iron Treads|Quark Drive|[silent]
|switch|p1a: Basculegion|Basculegion, M|100/100|[from] Volt Switch
|
|-weather|RainDance|[upkeep]
|upkeep
|turn|6
|
|t:|1758244205
|switch|p2a: Clefable|Clefable, M|49/100
|move|p1a: Basculegion|Flip Turn|p2a: Clefable
|-damage|p2a: Clefable|0 fnt
|faint|p2a: Clefable
|
|t:|1758244209
|switch|p1a: Iron Treads|Iron Treads|1/100|[from] Flip Turn
|
|-weather|RainDance|[upkeep]
|upkeep
|
|t:|1758244225
|switch|p2a: Dragapult|Dragapult, M|62/100
|turn|7
|
|t:|1758244232
|-end|p1a: Iron Treads|Quark Drive|[silent]
|switch|p1a: Toxicroak|Toxicroak, F|100/100
|move|p2a: Dragapult|U-turn|p1a: Toxicroak
|-resisted|p1a: Toxicroak
|-damage|p1a: Toxicroak|93/100
|-damage|p2a: Dragapult|45/100|[from] item: Rocky Helmet|[of] p1a: Toxicroak
|
|t:|1758244241
|switch|p2a: Deoxys|Deoxys-Speed|22/100|[from] U-turn
|-ability|p2a: Deoxys|Pressure
|
|-weather|RainDance|[upkeep]
|-heal|p1a: Toxicroak|100/100|[from] ability: Dry Skin
|upkeep
|turn|8
|
|t:|1758244263
|move|p1a: Toxicroak|Protect|p1a: Toxicroak
|-singleturn|p1a: Toxicroak|Protect
|move|p2a: Deoxys|Psycho Boost|p1a: Toxicroak
|-activate|p1a: Toxicroak|move: Protect
|
|-weather|none
|upkeep
|turn|9
|
|t:|1758244273
|switch|p1a: Iron Treads|Iron Treads|1/100
|move|p2a: Deoxys|Stealth Rock|p1a: Iron Treads
|-sidestart|p1: itkenreiza|move: Stealth Rock
|
|upkeep
|turn|10
|
|t:|1758244289
|move|p2a: Deoxys|Ice Beam|p1a: Iron Treads
|-damage|p1a: Iron Treads|0 fnt
|faint|p1a: Iron Treads
|-end|p1a: Iron Treads|Quark Drive|[silent]
|-damage|p2a: Deoxys|12/100|[from] item: Life Orb
|
|upkeep
|
|t:|1758244296
|switch|p1a: Politoed|Politoed, F|47/100
|-damage|p1a: Politoed|34/100|[from] Stealth Rock
|-weather|RainDance|[from] ability: Drizzle|[of] p1a: Politoed
|turn|11
|
|t:|1758244305
|move|p2a: Deoxys|Thunderbolt|p1a: Politoed
|-supereffective|p1a: Politoed
|-damage|p1a: Politoed|0 fnt
|faint|p1a: Politoed
|-damage|p2a: Deoxys|2/100|[from] item: Life Orb
|
|-weather|RainDance|[upkeep]
|upkeep
|
|t:|1758244315
|switch|p1a: Basculegion|Basculegion, M|100/100
|-damage|p1a: Basculegion|88/100|[from] Stealth Rock
|turn|12
|inactive|yessurskit has 120 seconds left.
|inactive|yessurskit has 90 seconds left.
|
|t:|1758244381
|move|p1a: Basculegion|Wave Crash|p2a: Deoxys
|-damage|p2a: Deoxys|0 fnt
|faint|p2a: Deoxys
|-damage|p1a: Basculegion|88/100|[from] Recoil
|
|-weather|RainDance|[upkeep]
|upkeep
|
|t:|1758244394
|switch|p2a: Moltres|Moltres|100/100
|turn|13
|
|t:|1758244401
|-terastallize|p2a: Moltres|Dragon
|move|p1a: Basculegion|Wave Crash|p2a: Moltres
|-resisted|p2a: Moltres
|-damage|p2a: Moltres|28/100
|-damage|p1a: Basculegion|64/100|[from] Recoil
|move|p2a: Moltres|Roost|p2a: Moltres
|-heal|p2a: Moltres|78/100
|
|-weather|RainDance|[upkeep]
|upkeep
|turn|14
|inactive|yessurskit has 90 seconds left.
|
|t:|1758244413
|-terastallize|p1a: Basculegion|Water
|move|p1a: Basculegion|Wave Crash|p2a: Moltres
|-resisted|p2a: Moltres
|-damage|p2a: Moltres|0 fnt
|-status|p1a: Basculegion|brn|[from] ability: Flame Body|[of] p2a: Moltres
|faint|p2a: Moltres
|-damage|p1a: Basculegion|38/100 brn|[from] Recoil
|
|-weather|RainDance|[upkeep]
|-damage|p1a: Basculegion|32/100 brn|[from] brn
|upkeep
|
|t:|1758244442
|switch|p2a: Dragapult|Dragapult, M|45/100
|turn|15
|inactive|yessurskit has 60 seconds left.
|
|t:|1758244469
|move|p1a: Basculegion|Wave Crash|p2a: Dragapult
|-resisted|p2a: Dragapult
|-damage|p2a: Dragapult|0 fnt
|faint|p2a: Dragapult
|-damage|p1a: Basculegion|20/100 brn|[from] Recoil
|
|-weather|none
|-damage|p1a: Basculegion|14/100 brn|[from] brn
|upkeep
|
|t:|1758244477
|switch|p2a: Weavile|Weavile, M|100/100
|-ability|p2a: Weavile|Pressure
|turn|16
|
|t:|1758244482
|move|p2a: Weavile|Swords Dance|p2a: Weavile
|-boost|p2a: Weavile|atk|2
|move|p1a: Basculegion|Wave Crash|p2a: Weavile
|-damage|p2a: Weavile|0 fnt
|faint|p2a: Weavile
|-damage|p1a: Basculegion|0 fnt|[from] Recoil
|faint|p1a: Basculegion
|
|upkeep
|inactive|yessurskit has 60 seconds left.
|-message|yessurskit forfeited.
|
|win|itkenreiza
|raw|itkenreiza's rating: 1532 &rarr; <strong>1549</strong><br />(+17 for winning)
|raw|yessurskit's rating: 1484 &rarr; <strong>1467</strong><br />(-17 for losing)
|l|☆yessurskit
|player|p2|
|l|☆itkenreiza
|player|p1|
