|j|☆doombot682
|j|☆notshwepp
|t:|1758289218
|gametype|singles
|player|p1|doombot682|miku-ghost|1591
|player|p2|notshwepp|266|1522
|gen|9
|tier|[Gen 9] OU
|rated|
|rule|HP Percentage Mod: HP is shown in percentages
|rule|Endless Battle Clause: Forcing endless battles is banned
|rule|Species Clause: Limit one of each Pokémon
|rule|OHKO Clause: OHKO moves are banned
|rule|Evasion Items Clause: Evasion items are banned
|rule|Evasion Moves Clause: Evasion moves are banned
|rule|Evasion Abilities Clause: Evasion abilities are banned
|rule|Sleep Moves Clause: Sleep-inducing moves are banned
|clearpoke
|poke|p1|Indeedee, M|
|poke|p1|Hatterene, F|
|poke|p1|Ursaluna, F|
|poke|p1|Iron Hands|
|poke|p1|Hoopa-Unbound|
|poke|p1|Mimikyu, F|
|poke|p2|Great Tusk|
|poke|p2|Rillaboom, F|
|poke|p2|Ogerpon-Cornerstone, F|
|poke|p2|Kingambit, M|
|poke|p2|Weezing-Galar, F|
|poke|p2|Primarina, M|
|teampreview
|l|☆doombot682
|player|p1|
|j|☆doombot682
|player|p1|doombot682|miku-ghost|
|inactive|Battle timer is ON: inactive players will automatically lose when time's up. (requested by notshwepp)
|
|t:|1758289251
|teamsize|p1|6
|teamsize|p2|6
|start
|switch|p1a: Iron|Iron Hands, shiny|100/100
|switch|p2a: Rillaboom|Rillaboom, F|100/100
|-fieldstart|move: Grassy Terrain|[from] ability: Grassy Surge|[of] p2a: Rillaboom
|-enditem|p1a: Iron|Booster Energy
|-activate|p1a: Iron|ability: Quark Drive|[fromitem]
|-start|p1a: Iron|quarkdriveatk
|turn|1
|
|t:|1758289258
|-terastallize|p2a: Rillaboom|Grass
|move|p2a: Rillaboom|Wood Hammer|p1a: Iron
|-damage|p1a: Iron|0 fnt
|faint|p1a: Iron
|-end|p1a: Iron|Quark Drive|[silent]
|-damage|p2a: Rillaboom|57/100|[from] Recoil
|
|-heal|p2a: Rillaboom|63/100|[from] Grassy Terrain
|upkeep
|
|t:|1758289264
|switch|p1a: Monarch's Domain|Indeedee, M|100/100
|-fieldstart|move: Psychic Terrain|[from] ability: Psychic Surge|[of] p1a: Monarch's Domain
|turn|2
|
|t:|1758289270
|switch|p2a: Kingambit|Kingambit, M|100/100
|switch|p1a: Esil|Hatterene, F, shiny|100/100
|
|upkeep
|turn|3
|
|t:|1758289274
|switch|p1a: Tank|Ursaluna, F, shiny|100/100
|move|p2a: Kingambit|Iron Head|p1a: Tank
|-damage|p1a: Tank|69/100
|
|-status|p1a: Tank|brn|[from] item: Flame Orb
|upkeep
|turn|4
|
|t:|1758289280
|-end|p2a: Kingambit|fallenundefined|[silent]
|switch|p2a: Great Tusk|Great Tusk|100/100
|move|p1a: Tank|Headlong Rush|p2a: Great Tusk
|-damage|p2a: Great Tusk|25/100
|-unboost|p1a: Tank|def|1
|-unboost|p1a: Tank|spd|1
|
|-heal|p2a: Great Tusk|31/100|[from] item: Leftovers
|-damage|p1a: Tank|63/100 brn|[from] brn
|upkeep
|turn|5
|
|t:|1758289286
|switch|p1a: Esil|Hatterene, F, shiny|100/100
|move|p2a: Great Tusk|Headlong Rush|p1a: Esil
|-damage|p1a: Esil|28/100
|-unboost|p2a: Great Tusk|def|1
|-unboost|p2a: Great Tusk|spd|1
|
|-heal|p2a: Great Tusk|37/100|[from] item: Leftovers
|upkeep
|turn|6
|
|t:|1758289291
|move|p2a: Great Tusk|Headlong Rush|p1a: Esil
|-damage|p1a: Esil|0 fnt
|-unboost|p2a: Great Tusk|def|1
|-unboost|p2a: Great Tusk|spd|1
|faint|p1a: Esil
|
|-heal|p2a: Great Tusk|44/100|[from] item: Leftovers
|upkeep
|
|t:|1758289293
|switch|p1a: Bellion|Hoopa-Unbound|100/100
|-enditem|p1a: Bellion|Psychic Seed
|-boost|p1a: Bellion|spd|1|[from] item: Psychic Seed
|turn|7
|
|t:|1758289299
|move|p2a: Great Tusk|Headlong Rush|p1a: Bellion
|-damage|p1a: Bellion|31/100
|-unboost|p2a: Great Tusk|def|1
|-unboost|p2a: Great Tusk|spd|1
|move|p1a: Bellion|Trick Room|p1a: Bellion
|-fieldstart|move: Trick Room|[of] p1a: Bellion
|
|-heal|p2a: Great Tusk|50/100|[from] item: Leftovers
|upkeep
|turn|8
|
|t:|1758289310
|-end|p2a: Great Tusk|Protosynthesis|[silent]
|switch|p2a: Weezing|Weezing-Galar, F|100/100
|-ability|p2a: Weezing|Neutralizing Gas
|move|p1a: Bellion|Expanding Force|p2a: Weezing
|-supereffective|p2a: Weezing
|-damage|p2a: Weezing|0 fnt
|faint|p2a: Weezing
|-end|p2a: Weezing|ability: Neutralizing Gas
|-item|p1a: Bellion|Leftovers|[from] ability: Magician|[of] p2: Weezing
|
|-heal|p1a: Bellion|37/100|[from] item: Leftovers
|upkeep
|
|t:|1758289314
|switch|p2a: Kingambit|Kingambit, M|100/100
|-activate|p2a: Kingambit|ability: Supreme Overlord
|-start|p2a: Kingambit|fallen1|[silent]
|turn|9
|
|t:|1758289317
|move|p2a: Kingambit|Kowtow Cleave|p1a: Bellion
|-damage|p1a: Bellion|0 fnt
|faint|p1a: Bellion
|
|-fieldend|move: Psychic Terrain
|upkeep
|
|t:|1758289321
|switch|p1a: Tank|Ursaluna, F, shiny|63/100 brn
|turn|10
|
|t:|1758289326
|-end|p2a: Kingambit|fallen1|[silent]
|switch|p2a: Great Tusk|Great Tusk|50/100
|move|p1a: Tank|Headlong Rush|p2a: Great Tusk
|-damage|p2a: Great Tusk|0 fnt
|-unboost|p1a: Tank|def|1
|-unboost|p1a: Tank|spd|1
|faint|p2a: Great Tusk
|-end|p2a: Great Tusk|Protosynthesis|[silent]
|
|-damage|p1a: Tank|57/100 brn|[from] brn
|upkeep
|
|t:|1758289329
|switch|p2a: Rillaboom|Rillaboom, F, tera:Grass|63/100
|-fieldstart|move: Grassy Terrain|[from] ability: Grassy Surge|[of] p2a: Rillaboom
|turn|11
|
|t:|1758289334
|switch|p1a: Monarch's Domain|Indeedee, M|100/100
|-fieldstart|move: Psychic Terrain|[from] ability: Psychic Surge|[of] p1a: Monarch's Domain
|move|p2a: Rillaboom|Grassy Glide|p1a: Monarch's Domain
|-damage|p1a: Monarch's Domain|22/100
|
|-fieldend|move: Trick Room
|upkeep
|turn|12
|
|t:|1758289341
|move|p2a: Rillaboom|Grassy Glide|p1a: Monarch's Domain
|-damage|p1a: Monarch's Domain|0 fnt
|faint|p1a: Monarch's Domain
|
|upkeep
|
|t:|1758289343
|switch|p1a: Greed|Mimikyu, F, shiny|100/100
|turn|13
|
|t:|1758289347
|switch|p2a: Primarina|Primarina, M|100/100
|move|p1a: Greed|Trick Room|p1a: Greed
|-fieldstart|move: Trick Room|[of] p1a: Greed
|
|upkeep
|turn|14
|
|t:|1758289352
|move|p2a: Primarina|Flip Turn|p1a: Greed
|-activate|p1a: Greed|ability: Disguise
|-damage|p1a: Greed|100/100
|detailschange|p1a: Greed|Mimikyu-Busted, F, shiny
|-damage|p1a: Greed|88/100|[from] pokemon: Mimikyu-Busted
|-enditem|p1a: Greed|Red Card|[of] p2a: Primarina
|drag|p2a: Kingambit|Kingambit, M|100/100
|-activate|p2a: Kingambit|ability: Supreme Overlord
|-start|p2a: Kingambit|fallen2|[silent]
|move|p1a: Greed|Curse|p2a: Kingambit
|-start|p2a: Kingambit|Curse|[of] p1a: Greed
|-damage|p1a: Greed|38/100
|
|-damage|p2a: Kingambit|75/100|[from] Curse
|upkeep
|turn|15
|
|t:|1758289358
|move|p2a: Kingambit|Iron Head|p1a: Greed
|-supereffective|p1a: Greed
|-damage|p1a: Greed|0 fnt
|faint|p1a: Greed
|
|-heal|p2a: Kingambit|82/100|[from] item: Leftovers
|-damage|p2a: Kingambit|57/100|[from] Curse
|upkeep
|
|t:|1758289360
|switch|p1a: Tank|Ursaluna, F, shiny|57/100 brn
|turn|16
|
|t:|1758289366
|-terastallize|p1a: Tank|Normal
|move|p1a: Tank|Facade|p2a: Kingambit
|-resisted|p2a: Kingambit
|-damage|p2a: Kingambit|0 fnt
|faint|p2a: Kingambit
|-end|p2a: Kingambit|fallen2|[silent]
|
|-damage|p1a: Tank|51/100 brn|[from] brn
|upkeep
|
|t:|1758289372
|switch|p2a: Rillaboom|Rillaboom, F, tera:Grass|63/100
|-fieldstart|move: Grassy Terrain|[from] ability: Grassy Surge|[of] p2a: Rillaboom
|turn|17
|
|t:|1758289375
|move|p2a: Rillaboom|Grassy Glide|p1a: Tank
|-damage|p1a: Tank|0 fnt
|faint|p1a: Tank
|
|win|notshwepp
|raw|doombot682's rating: 1591 &rarr; <strong>1567</strong><br />(-24 for losing)
|raw|notshwepp's rating: 1522 &rarr; <strong>1546</strong><br />(+24 for winning)
|l|☆notshwepp
|player|p2|
|l|☆doombot682
|player|p1|
