|j|☆nachosaiyan
|j|☆Chinnumon1
|t:|1758342361
|gametype|singles
|player|p1|nachosaiyan|hugh|1216
|player|p2|Chinnumon1|170|1293
|gen|9
|tier|[Gen 9] OU
|rated|
|rule|HP Percentage Mod: HP is shown in percentages
|rule|Endless Battle Clause: Forcing endless battles is banned
|rule|Species Clause: Limit one of each Pokémon
|rule|OHKO Clause: OHKO moves are banned
|rule|Evasion Items Clause: Evasion items are banned
|rule|Evasion Moves Clause: Evasion moves are banned
|rule|Evasion Abilities Clause: Evasion abilities are banned
|rule|Sleep Moves Clause: Sleep-inducing moves are banned
|clearpoke
|poke|p1|Cinderace, M|
|poke|p1|Dragapult, M|
|poke|p1|Samurott-Hisui, F|
|poke|p1|Great Tusk|
|poke|p1|Raging Bolt|
|poke|p1|Sylveon, M|
|poke|p2|Glimmora, M|
|poke|p2|Zapdos|
|poke|p2|Iron Valiant|
|poke|p2|Great Tusk|
|poke|p2|Iron Moth|
|poke|p2|Kingambit, M|
|teampreview
|inactive|Battle timer is ON: inactive players will automatically lose when time's up. (requested by Chinnumon1)
|
|t:|1758342376
|teamsize|p1|6
|teamsize|p2|6
|start
|switch|p1a: Cinderace|Cinderace, M|100/100
|switch|p2a: Great Tusk|Great Tusk|100/100
|turn|1
|
|t:|1758342393
|move|p2a: Great Tusk|Headlong Rush|p1a: Cinderace
|-supereffective|p1a: Cinderace
|-crit|p1a: Cinderace
|-damage|p1a: Cinderace|0 fnt
|-unboost|p2a: Great Tusk|def|1
|-unboost|p2a: Great Tusk|spd|1
|faint|p1a: Cinderace
|
|upkeep
|
|t:|1758342398
|switch|p1a: Dragapult|Dragapult, M|100/100
|turn|2
|
|t:|1758342406
|-end|p2a: Great Tusk|Protosynthesis|[silent]
|switch|p2a: Zapdos|Zapdos|100/100
|move|p1a: Dragapult|Dragon Dance|p1a: Dragapult
|-boost|p1a: Dragapult|atk|1
|-boost|p1a: Dragapult|spe|1
|
|upkeep
|turn|3
|
|t:|1758342414
|move|p1a: Dragapult|Dragon Darts|p2a: Zapdos
|-damage|p2a: Zapdos|51/100
|-anim|p1a: Dragapult|Dragon Darts|p2a: Zapdos
|-damage|p2a: Zapdos|0 fnt
|faint|p2a: Zapdos
|-damage|p1a: Dragapult|91/100|[from] item: Life Orb
|
|upkeep
|
|t:|1758342420
|switch|p2a: Iron Valiant|Iron Valiant|100/100
|-enditem|p2a: Iron Valiant|Booster Energy
|-activate|p2a: Iron Valiant|ability: Quark Drive|[fromitem]
|-start|p2a: Iron Valiant|quarkdrivespe
|turn|4
|
|t:|1758342428
|-terastallize|p1a: Dragapult|Fire
|move|p1a: Dragapult|Tera Blast|p2a: Iron Valiant|[anim] Tera Blast Fire
|-damage|p2a: Iron Valiant|0 fnt
|faint|p2a: Iron Valiant
|-end|p2a: Iron Valiant|Quark Drive|[silent]
|-damage|p1a: Dragapult|81/100|[from] item: Life Orb
|
|upkeep
|
|t:|1758342441
|switch|p2a: Iron Moth|Iron Moth|100/100
|-enditem|p2a: Iron Moth|Booster Energy
|-activate|p2a: Iron Moth|ability: Quark Drive|[fromitem]
|-start|p2a: Iron Moth|quarkdrivespa
|turn|5
|
|t:|1758342446
|move|p1a: Dragapult|Dragon Darts|p2a: Iron Moth
|-damage|p2a: Iron Moth|15/100
|-anim|p1a: Dragapult|Dragon Darts|p2a: Iron Moth
|-damage|p2a: Iron Moth|0 fnt
|faint|p2a: Iron Moth
|-end|p2a: Iron Moth|Quark Drive|[silent]
|-damage|p1a: Dragapult|71/100|[from] item: Life Orb
|
|upkeep
|
|t:|1758342449
|switch|p2a: Glimmora|Glimmora, M|100/100
|turn|6
|
|t:|1758342456
|move|p1a: Dragapult|Dragon Darts|p2a: Glimmora
|-crit|p2a: Glimmora
|-damage|p2a: Glimmora|11/100
|-activate|p2a: Glimmora|ability: Toxic Debris
|-sidestart|p1: nachosaiyan|move: Toxic Spikes
|-anim|p1a: Dragapult|Dragon Darts|p2a: Glimmora
|-damage|p2a: Glimmora|0 fnt
|-activate|p2a: Glimmora|ability: Toxic Debris
|-sidestart|p1: nachosaiyan|move: Toxic Spikes
|faint|p2a: Glimmora
|-damage|p1a: Dragapult|61/100|[from] item: Life Orb
|
|upkeep
|
|t:|1758342458
|switch|p2a: Kingambit|Kingambit, M|100/100
|-activate|p2a: Kingambit|ability: Supreme Overlord
|-start|p2a: Kingambit|fallen4|[silent]
|turn|7
|
|t:|1758342464
|-terastallize|p2a: Kingambit|Dark
|move|p1a: Dragapult|Tera Blast|p2a: Kingambit|[anim] Tera Blast Fire
|-damage|p2a: Kingambit|43/100
|-damage|p1a: Dragapult|52/100|[from] item: Life Orb
|move|p2a: Kingambit|Kowtow Cleave|p1a: Dragapult
|-damage|p1a: Dragapult|0 fnt
|faint|p1a: Dragapult
|
|upkeep
|
|t:|1758342481
|switch|p1a: Sylveon|Sylveon, M|100/100
|-status|p1a: Sylveon|tox
|turn|8
|l|☆Chinnumon1
|inactive|Chinnumon1 disconnected and has a minute to reconnect!
|player|p2|
|inactive|Chinnumon1 has 30 seconds to reconnect!
|inactive|Chinnumon1 has 20 seconds to reconnect!
|inactive|Chinnumon1 has 15 seconds to reconnect!
|inactive|Chinnumon1 has 10 seconds to reconnect!
|inactive|Chinnumon1 has 5 seconds to reconnect!
|-message|Chinnumon1 lost due to inactivity.
|
|win|nachosaiyan
|raw|nachosaiyan's rating: 1216 &rarr; <strong>1246</strong><br />(+30 for winning)
|raw|Chinnumon1's rating: 1293 &rarr; <strong>1263</strong><br />(-30 for losing)
|l|☆nachosaiyan
|player|p1|
