|j|☆HAGallium
|j|☆SCiZ0rking
|t:|1758366869
|gametype|singles
|player|p1|HAGallium|dawn|1332
|player|p2|SCiZ0rking|youngster-gen4dp|1349
|gen|9
|tier|[Gen 9] OU
|rated|
|rule|HP Percentage Mod: HP is shown in percentages
|rule|Endless Battle Clause: Forcing endless battles is banned
|rule|Species Clause: Limit one of each Pokémon
|rule|OHKO Clause: OHKO moves are banned
|rule|Evasion Items Clause: Evasion items are banned
|rule|Evasion Moves Clause: Evasion moves are banned
|rule|Evasion Abilities Clause: Evasion abilities are banned
|rule|Sleep Moves Clause: Sleep-inducing moves are banned
|clearpoke
|poke|p1|Hatterene, F|
|poke|p1|Alomomola, M|
|poke|p1|Great Tusk|
|poke|p1|Corviknight, M|
|poke|p1|Tyranitar, M|
|poke|p1|Raging Bolt|
|poke|p2|Dragapult, F|
|poke|p2|Iron Crown|
|poke|p2|Gliscor, F|
|poke|p2|Primarina, F|
|poke|p2|Weavile, F|
|poke|p2|Corviknight, M|
|teampreview
|inactive|Battle timer is ON: inactive players will automatically lose when time's up. (requested by SCiZ0rking)
|
|t:|1758366901
|teamsize|p1|6
|teamsize|p2|6
|start
|switch|p1a: Great Tusk|Great Tusk|100/100
|switch|p2a: Dragapult|Dragapult, F|100/100
|turn|1
|
|t:|1758366912
|-end|p1a: Great Tusk|Protosynthesis|[silent]
|switch|p1a: Hatterene|Hatterene, F|100/100
|move|p2a: Dragapult|Will-O-Wisp|p1a: Hatterene
|move|p1a: Hatterene|Will-O-Wisp|p2a: Dragapult|[from] ability: Magic Bounce
|-status|p2a: Dragapult|brn
|
|-damage|p2a: Dragapult|95/100 brn|[from] brn
|upkeep
|turn|2
|
|t:|1758366926
|switch|p1a: Alomomola|Alomomola, M|100/100
|move|p2a: Dragapult|U-turn|p1a: Alomomola
|-damage|p1a: Alomomola|94/100
|
|t:|1758366929
|switch|p2a: Primarina|Primarina, F|100/100|[from] U-turn
|
|upkeep
|turn|3
|
|t:|1758366932
|move|p2a: Primarina|Substitute|p2a: Primarina
|-start|p2a: Primarina|Substitute
|-damage|p2a: Primarina|76/100
|move|p1a: Alomomola|Flip Turn|p2a: Primarina
|-resisted|p2a: Primarina
|-activate|p2a: Primarina|move: Substitute|[damage]
|
|t:|1758366935
|switch|p1a: Hatterene|Hatterene, F|100/100|[from] Flip Turn
|
|-heal|p2a: Primarina|82/100|[from] item: Leftovers
|upkeep
|turn|4
|
|t:|1758366937
|move|p2a: Primarina|Calm Mind|p2a: Primarina
|-boost|p2a: Primarina|spa|1
|-boost|p2a: Primarina|spd|1
|move|p1a: Hatterene|Calm Mind|p1a: Hatterene
|-boost|p1a: Hatterene|spa|1
|-boost|p1a: Hatterene|spd|1
|
|-heal|p2a: Primarina|88/100|[from] item: Leftovers
|upkeep
|turn|5
|
|t:|1758366939
|move|p2a: Primarina|Calm Mind|p2a: Primarina
|-boost|p2a: Primarina|spa|1
|-boost|p2a: Primarina|spd|1
|move|p1a: Hatterene|Calm Mind|p1a: Hatterene
|-boost|p1a: Hatterene|spa|1
|-boost|p1a: Hatterene|spd|1
|
|-heal|p2a: Primarina|94/100|[from] item: Leftovers
|upkeep
|turn|6
|
|t:|1758366942
|move|p2a: Primarina|Calm Mind|p2a: Primarina
|-boost|p2a: Primarina|spa|1
|-boost|p2a: Primarina|spd|1
|move|p1a: Hatterene|Calm Mind|p1a: Hatterene
|-boost|p1a: Hatterene|spa|1
|-boost|p1a: Hatterene|spd|1
|
|-heal|p2a: Primarina|100/100|[from] item: Leftovers
|upkeep
|turn|7
|
|t:|1758366944
|move|p2a: Primarina|Calm Mind|p2a: Primarina
|-boost|p2a: Primarina|spa|1
|-boost|p2a: Primarina|spd|1
|move|p1a: Hatterene|Calm Mind|p1a: Hatterene
|-boost|p1a: Hatterene|spa|1
|-boost|p1a: Hatterene|spd|1
|
|upkeep
|turn|8
|
|t:|1758366946
|move|p2a: Primarina|Calm Mind|p2a: Primarina
|-boost|p2a: Primarina|spa|1
|-boost|p2a: Primarina|spd|1
|move|p1a: Hatterene|Calm Mind|p1a: Hatterene
|-boost|p1a: Hatterene|spa|1
|-boost|p1a: Hatterene|spd|1
|
|upkeep
|turn|9
|
|t:|1758366947
|move|p2a: Primarina|Calm Mind|p2a: Primarina
|-boost|p2a: Primarina|spa|1
|-boost|p2a: Primarina|spd|1
|move|p1a: Hatterene|Calm Mind|p1a: Hatterene
|-boost|p1a: Hatterene|spa|1
|-boost|p1a: Hatterene|spd|1
|
|upkeep
|turn|10
|
|t:|1758366951
|move|p2a: Primarina|Moonblast|p1a: Hatterene
|-damage|p1a: Hatterene|44/100
|move|p1a: Hatterene|Draining Kiss|p2a: Primarina
|-end|p2a: Primarina|Substitute
|-heal|p1a: Hatterene|54/100|[from] drain|[of] p2a: Primarina
|
|-heal|p1a: Hatterene|60/100|[from] item: Leftovers
|upkeep
|turn|11
|
|t:|1758366964
|-terastallize|p2a: Primarina|Steel
|move|p2a: Primarina|Moonblast|p1a: Hatterene
|-damage|p1a: Hatterene|0 fnt
|faint|p1a: Hatterene
|
|upkeep
|
|t:|1758366976
|switch|p1a: Great Tusk|Great Tusk|100/100
|turn|12
|
|t:|1758366980
|switch|p2a: Gliscor|Gliscor, F|100/100
|move|p1a: Great Tusk|Headlong Rush|p2a: Gliscor
|-immune|p2a: Gliscor
|
|-status|p2a: Gliscor|tox|[from] item: Toxic Orb
|upkeep
|turn|13
|
|t:|1758366985
|move|p1a: Great Tusk|Stealth Rock|p2a: Gliscor
|-sidestart|p2: SCiZ0rking|move: Stealth Rock
|move|p2a: Gliscor|Toxic|p1a: Great Tusk
|-status|p1a: Great Tusk|tox
|
|-damage|p1a: Great Tusk|94/100 tox|[from] psn
|upkeep
|turn|14
|
|t:|1758366988
|-end|p1a: Great Tusk|Protosynthesis|[silent]
|switch|p1a: Tyranitar|Tyranitar, M|100/100
|-weather|Sandstorm|[from] ability: Sand Stream|[of] p1a: Tyranitar
|move|p2a: Gliscor|Stealth Rock|p1a: Tyranitar
|-sidestart|p1: HAGallium|move: Stealth Rock
|
|-weather|Sandstorm|[upkeep]
|upkeep
|turn|15
|
|t:|1758366990
|move|p2a: Gliscor|Toxic|p1a: Tyranitar
|-status|p1a: Tyranitar|tox
|move|p1a: Tyranitar|Ice Punch|p2a: Gliscor
|-supereffective|p2a: Gliscor
|-damage|p2a: Gliscor|0 fnt
|faint|p2a: Gliscor
|
|-weather|Sandstorm|[upkeep]
|-damage|p1a: Tyranitar|94/100 tox|[from] psn
|upkeep
|
|t:|1758367004
|switch|p2a: Iron Crown|Iron Crown|100/100
|-damage|p2a: Iron Crown|94/100|[from] Stealth Rock
|turn|16
|
|t:|1758367013
|switch|p1a: Alomomola|Alomomola, M|100/100
|-damage|p1a: Alomomola|88/100|[from] Stealth Rock
|move|p2a: Iron Crown|Tachyon Cutter|p1a: Alomomola
|-resisted|p1a: Alomomola
|-damage|p1a: Alomomola|82/100
|-resisted|p1a: Alomomola
|-damage|p1a: Alomomola|76/100
|-hitcount|p1a: Alomomola|2
|
|-weather|Sandstorm|[upkeep]
|-damage|p1a: Alomomola|69/100|[from] Sandstorm
|upkeep
|turn|17
|
|t:|1758367018
|move|p2a: Iron Crown|Volt Switch|p1a: Alomomola
|-supereffective|p1a: Alomomola
|-damage|p1a: Alomomola|46/100
|
|t:|1758367025
|-end|p2a: Iron Crown|Quark Drive|[silent]
|switch|p2a: Corviknight|Corviknight, M|100/100|[from] Volt Switch
|-damage|p2a: Corviknight|88/100|[from] Stealth Rock
|-ability|p2a: Corviknight|Pressure
|move|p1a: Alomomola|Mirror Coat|p2a: Corviknight
|-damage|p2a: Corviknight|30/100
|
|-weather|Sandstorm|[upkeep]
|-damage|p1a: Alomomola|40/100|[from] Sandstorm
|-heal|p2a: Corviknight|36/100|[from] item: Leftovers
|upkeep
|turn|18
|
|t:|1758367033
|move|p2a: Corviknight|Roost|p2a: Corviknight
|-heal|p2a: Corviknight|86/100
|-singleturn|p2a: Corviknight|move: Roost
|move|p1a: Alomomola|Flip Turn|p2a: Corviknight
|-damage|p2a: Corviknight|77/100
|
|t:|1758367038
|switch|p1a: Raging Bolt|Raging Bolt|100/100|[from] Flip Turn
|-damage|p1a: Raging Bolt|88/100|[from] Stealth Rock
|
|-weather|none
|-heal|p1a: Raging Bolt|94/100|[from] item: Leftovers
|-heal|p2a: Corviknight|83/100|[from] item: Leftovers
|upkeep
|turn|19
|
|t:|1758367045
|switch|p2a: Iron Crown|Iron Crown|94/100
|-damage|p2a: Iron Crown|88/100|[from] Stealth Rock
|move|p1a: Raging Bolt|Calm Mind|p1a: Raging Bolt
|-boost|p1a: Raging Bolt|spa|1
|-boost|p1a: Raging Bolt|spd|1
|
|-heal|p1a: Raging Bolt|100/100|[from] item: Leftovers
|upkeep
|turn|20
|
|t:|1758367058
|move|p2a: Iron Crown|Future Sight|p1a: Raging Bolt
|-start|p2a: Iron Crown|move: Future Sight
|move|p1a: Raging Bolt|Calm Mind|p1a: Raging Bolt
|-boost|p1a: Raging Bolt|spa|1
|-boost|p1a: Raging Bolt|spd|1
|
|upkeep
|turn|21
|
|t:|1758367082
|move|p2a: Iron Crown|Tachyon Cutter|p1a: Raging Bolt
|-resisted|p1a: Raging Bolt
|-damage|p1a: Raging Bolt|96/100
|-resisted|p1a: Raging Bolt
|-damage|p1a: Raging Bolt|91/100
|-hitcount|p1a: Raging Bolt|2
|move|p1a: Raging Bolt|Thunderbolt|p2a: Iron Crown
|-damage|p2a: Iron Crown|18/100
|
|-heal|p1a: Raging Bolt|97/100|[from] item: Leftovers
|upkeep
|turn|22
|
|t:|1758367090
|move|p2a: Iron Crown|Focus Blast|p1a: Raging Bolt
|-damage|p1a: Raging Bolt|82/100
|move|p1a: Raging Bolt|Thunderbolt|p2a: Iron Crown
|-damage|p2a: Iron Crown|0 fnt
|faint|p2a: Iron Crown
|-end|p2a: Iron Crown|Quark Drive|[silent]
|
|-end|p1a: Raging Bolt|move: Future Sight
|-damage|p1a: Raging Bolt|55/100
|-heal|p1a: Raging Bolt|61/100|[from] item: Leftovers
|upkeep
|
|t:|1758367100
|switch|p2a: Dragapult|Dragapult, F|95/100 brn
|turn|23
|
|t:|1758367108
|-terastallize|p1a: Raging Bolt|Fairy
|move|p2a: Dragapult|Dragon Darts|p1a: Raging Bolt
|-immune|p1a: Raging Bolt
|move|p1a: Raging Bolt|Draco Meteor|p2a: Dragapult|[miss]
|-miss|p1a: Raging Bolt|p2a: Dragapult
|
|-heal|p1a: Raging Bolt|67/100|[from] item: Leftovers
|-damage|p2a: Dragapult|89/100 brn|[from] brn
|upkeep
|turn|24
|
|t:|1758367118
|move|p2a: Dragapult|Will-O-Wisp|p1a: Raging Bolt
|-status|p1a: Raging Bolt|brn
|move|p1a: Raging Bolt|Thunderbolt|p2a: Dragapult
|-resisted|p2a: Dragapult
|-damage|p2a: Dragapult|11/100 brn
|
|-heal|p1a: Raging Bolt|73/100 brn|[from] item: Leftovers
|-damage|p2a: Dragapult|5/100 brn|[from] brn
|-damage|p1a: Raging Bolt|67/100 brn|[from] brn
|upkeep
|turn|25
|
|t:|1758367122
|move|p1a: Raging Bolt|Thunderclap|p2a: Dragapult
|-resisted|p2a: Dragapult
|-damage|p2a: Dragapult|0 fnt
|faint|p2a: Dragapult
|
|-heal|p1a: Raging Bolt|73/100 brn|[from] item: Leftovers
|-damage|p1a: Raging Bolt|67/100 brn|[from] brn
|upkeep
|-message|SCiZ0rking forfeited.
|
|win|HAGallium
|raw|HAGallium's rating: 1332 &rarr; <strong>1353</strong><br />(+21 for winning)
|raw|SCiZ0rking's rating: 1349 &rarr; <strong>1328</strong><br />(-21 for losing)
|l|☆SCiZ0rking
|player|p2|
