|j|‽user.cancel
|j|☆blaoh123
|t:|1758324446
|gametype|singles
|player|p1|user.cancel|bugcatcher-gen4dp|1227
|player|p2|blaoh123|akari|1235
|gen|9
|tier|[Gen 9] OU
|rated|
|rule|HP Percentage Mod: HP is shown in percentages
|rule|Endless Battle Clause: Forcing endless battles is banned
|rule|Species Clause: Limit one of each Pokémon
|rule|OHKO Clause: OHKO moves are banned
|rule|Evasion Items Clause: Evasion items are banned
|rule|Evasion Moves Clause: Evasion moves are banned
|rule|Evasion Abilities Clause: Evasion abilities are banned
|rule|Sleep Moves Clause: Sleep-inducing moves are banned
|clearpoke
|poke|p1|Walking Wake|
|poke|p1|Torkoal, M|
|poke|p1|Great Tusk|
|poke|p1|Clodsire, M|
|poke|p1|Ceruledge, M|
|poke|p1|Munkidori, M|
|poke|p2|Lokix, F|
|poke|p2|Latios, M|
|poke|p2|Zapdos|
|poke|p2|Cinderace, F|
|poke|p2|Dragapult, M|
|poke|p2|Incineroar, M|
|teampreview
|inactive|Battle timer is ON: inactive players will automatically lose when time's up. (requested by user.cancel)
|
|t:|1758324452
|teamsize|p1|6
|teamsize|p2|6
|start
|switch|p1a: Munkidori|Munkidori, M|100/100
|switch|p2a: Lokix|Lokix, F|100/100
|turn|1
|
|t:|1758324458
|switch|p1a: Great Tusk|Great Tusk|100/100
|move|p2a: Lokix|Knock Off|p1a: Great Tusk
|-resisted|p1a: Great Tusk
|-damage|p1a: Great Tusk|76/100
|-enditem|p1a: Great Tusk|Rocky Helmet|[from] move: Knock Off|[of] p2a: Lokix
|
|upkeep
|turn|2
|
|t:|1758324466
|move|p2a: Lokix|U-turn|p1a: Great Tusk
|-resisted|p1a: Great Tusk
|-damage|p1a: Great Tusk|60/100
|
|t:|1758324468
|switch|p2a: Latios|Latios, M|100/100|[from] U-turn
|move|p1a: Great Tusk|Knock Off|p2a: Latios
|-supereffective|p2a: Latios
|-damage|p2a: Latios|38/100
|-enditem|p2a: Latios|Leftovers|[from] move: Knock Off|[of] p1a: Great Tusk
|
|upkeep
|turn|3
|
|t:|1758324478
|-end|p1a: Great Tusk|Protosynthesis|[silent]
|switch|p1a: Torkoal|Torkoal, M|100/100
|-weather|SunnyDay|[from] ability: Drought|[of] p1a: Torkoal
|move|p2a: Latios|Recover|p2a: Latios
|-heal|p2a: Latios|88/100
|
|-weather|SunnyDay|[upkeep]
|upkeep
|turn|4
|
|t:|1758324484
|move|p2a: Latios|Psychic|p1a: Torkoal
|-damage|p1a: Torkoal|48/100
|move|p1a: Torkoal|Stealth Rock|p2a: Latios
|-sidestart|p2: blaoh123|move: Stealth Rock
|
|-weather|SunnyDay|[upkeep]
|upkeep
|turn|5
|
|t:|1758324496
|switch|p1a: Walking Wake|Walking Wake|100/100
|-activate|p1a: Walking Wake|ability: Protosynthesis
|-start|p1a: Walking Wake|protosynthesisspe
|move|p2a: Latios|Psychic|p1a: Walking Wake
|-damage|p1a: Walking Wake|47/100
|
|-weather|SunnyDay|[upkeep]
|upkeep
|turn|6
|
|t:|1758324507
|-terastallize|p2a: Latios|Steel
|move|p1a: Walking Wake|Draco Meteor|p2a: Latios
|-resisted|p2a: Latios
|-damage|p2a: Latios|42/100
|-unboost|p1a: Walking Wake|spa|2
|move|p2a: Latios|Psychic|p1a: Walking Wake
|-damage|p1a: Walking Wake|0 fnt
|faint|p1a: Walking Wake
|-end|p1a: Walking Wake|Protosynthesis|[silent]
|
|-weather|SunnyDay|[upkeep]
|upkeep
|
|t:|1758324514
|switch|p1a: Ceruledge|Ceruledge, M|100/100
|turn|7
|
|t:|1758324527
|move|p1a: Ceruledge|Bitter Blade|p2a: Latios
|-supereffective|p2a: Latios
|-damage|p2a: Latios|0 fnt
|faint|p2a: Latios
|
|-weather|SunnyDay|[upkeep]
|upkeep
|
|t:|1758324541
|switch|p2a: Dragapult|Dragapult, M|100/100
|-damage|p2a: Dragapult|88/100|[from] Stealth Rock
|turn|8
|
|t:|1758324549
|move|p2a: Dragapult|Phantom Force||[still]
|-prepare|p2a: Dragapult|Phantom Force
|move|p1a: Ceruledge|Poltergeist|p2a: Dragapult|[miss]
|-miss|p1a: Ceruledge|p2a: Dragapult
|
|-weather|SunnyDay|[upkeep]
|upkeep
|turn|9
|
|t:|1758324560
|switch|p1a: Great Tusk|Great Tusk|60/100
|-activate|p1a: Great Tusk|ability: Protosynthesis
|-start|p1a: Great Tusk|protosynthesisdef
|move|p2a: Dragapult|Phantom Force|p1a: Great Tusk|[from] lockedmove
|-damage|p1a: Great Tusk|33/100
|
|-weather|SunnyDay|[upkeep]
|upkeep
|turn|10
|
|t:|1758324577
|switch|p2a: Incineroar|Incineroar, M|100/100
|-damage|p2a: Incineroar|76/100|[from] Stealth Rock
|-ability|p2a: Incineroar|Intimidate|boost
|-unboost|p1a: Great Tusk|atk|1
|move|p1a: Great Tusk|Knock Off|p2a: Incineroar
|-resisted|p2a: Incineroar
|-damage|p2a: Incineroar|65/100
|-enditem|p2a: Incineroar|Leftovers|[from] move: Knock Off|[of] p1a: Great Tusk
|
|-weather|none
|-end|p1a: Great Tusk|Protosynthesis
|upkeep
|turn|11
|
|t:|1758324590
|switch|p2a: Zapdos|Zapdos|100/100
|move|p1a: Great Tusk|Headlong Rush|p2a: Zapdos
|-immune|p2a: Zapdos
|
|upkeep
|turn|12
|
|t:|1758324600
|-end|p1a: Great Tusk|Protosynthesis|[silent]
|switch|p1a: Clodsire|Clodsire, M|100/100
|move|p2a: Zapdos|Hurricane|p1a: Clodsire|[miss]
|-miss|p2a: Zapdos|p1a: Clodsire
|
|upkeep
|turn|13
|
|t:|1758324611
|switch|p2a: Cinderace|Cinderace, F|100/100
|move|p1a: Clodsire|Toxic|p2a: Cinderace
|-status|p2a: Cinderace|tox
|
|-damage|p2a: Cinderace|95/100 tox|[from] psn
|upkeep
|turn|14
|
|t:|1758324616
|move|p2a: Cinderace|Court Change|p2a: Cinderace
|-start|p2a: Cinderace|typechange|Normal|[from] ability: Libero
|-swapsideconditions
|-activate|p2a: Cinderace|move: Court Change
|move|p1a: Clodsire|Spikes|p2a: Cinderace
|-sidestart|p2: blaoh123|Spikes
|
|-damage|p2a: Cinderace|83/100 tox|[from] psn
|upkeep
|turn|15
|
|t:|1758324628
|switch|p2a: Lokix|Lokix, F|100/100
|-damage|p2a: Lokix|88/100|[from] Spikes
|move|p1a: Clodsire|Earthquake|p2a: Lokix
|-resisted|p2a: Lokix
|-damage|p2a: Lokix|67/100
|
|upkeep
|turn|16
|
|t:|1758324636
|move|p2a: Lokix|Knock Off|p1a: Clodsire
|-damage|p1a: Clodsire|49/100
|-enditem|p1a: Clodsire|Leftovers|[from] move: Knock Off|[of] p2a: Lokix
|move|p1a: Clodsire|Toxic|p2a: Lokix
|-status|p2a: Lokix|tox
|
|-damage|p2a: Lokix|61/100 tox|[from] psn
|upkeep
|turn|17
|
|t:|1758324642
|move|p2a: Lokix|U-turn|p1a: Clodsire
|-resisted|p1a: Clodsire
|-damage|p1a: Clodsire|16/100
|
|t:|1758324647
|switch|p2a: Incineroar|Incineroar, M|65/100|[from] U-turn
|-damage|p2a: Incineroar|53/100|[from] Spikes
|-ability|p2a: Incineroar|Intimidate|boost
|-unboost|p1a: Clodsire|atk|1
|move|p1a: Clodsire|Recover|p1a: Clodsire
|-heal|p1a: Clodsire|66/100
|
|upkeep
|turn|18
|
|t:|1758324656
|move|p2a: Incineroar|Flare Blitz|p1a: Clodsire
|-damage|p1a: Clodsire|14/100
|-status|p1a: Clodsire|brn
|-damage|p2a: Incineroar|33/100|[from] Recoil
|move|p1a: Clodsire|Toxic|p2a: Incineroar
|-status|p2a: Incineroar|tox
|
|-damage|p2a: Incineroar|27/100 tox|[from] psn
|-damage|p1a: Clodsire|7/100 brn|[from] brn
|upkeep
|turn|19
|
|t:|1758324664
|move|p2a: Incineroar|Knock Off|p1a: Clodsire
|-damage|p1a: Clodsire|0 fnt
|faint|p1a: Clodsire
|
|-damage|p2a: Incineroar|14/100 tox|[from] psn
|upkeep
|
|t:|1758324667
|switch|p1a: Great Tusk|Great Tusk|33/100
|-damage|p1a: Great Tusk|30/100|[from] Stealth Rock
|turn|20
|
|t:|1758324674
|move|p1a: Great Tusk|Rapid Spin|p2a: Incineroar
|-damage|p2a: Incineroar|0 fnt
|-boost|p1a: Great Tusk|spe|1
|-sideend|p1: user.cancel|Stealth Rock|[from] move: Rapid Spin|[of] p1a: Great Tusk
|faint|p2a: Incineroar
|
|upkeep
|
|t:|1758324678
|switch|p2a: Lokix|Lokix, F|61/100 tox
|-damage|p2a: Lokix|49/100 tox|[from] Spikes
|turn|21
|
|t:|1758324689
|move|p2a: Lokix|First Impression|p1a: Great Tusk
|-resisted|p1a: Great Tusk
|-damage|p1a: Great Tusk|10/100
|move|p1a: Great Tusk|Ice Spinner|p2a: Lokix
|-damage|p2a: Lokix|4/100 tox
|
|-damage|p2a: Lokix|0 fnt|[from] psn
|faint|p2a: Lokix
|upkeep
|
|t:|1758324698
|switch|p2a: Dragapult|Dragapult, M|88/100
|-damage|p2a: Dragapult|76/100|[from] Spikes
|turn|22
|
|t:|1758324703
|move|p2a: Dragapult|Phantom Force||[still]
|-prepare|p2a: Dragapult|Phantom Force
|move|p1a: Great Tusk|Knock Off|p2a: Dragapult|[miss]
|-miss|p1a: Great Tusk|p2a: Dragapult
|
|upkeep
|turn|23
|
|t:|1758324709
|move|p2a: Dragapult|Phantom Force|p1a: Great Tusk|[from] lockedmove
|-damage|p1a: Great Tusk|0 fnt
|faint|p1a: Great Tusk
|-end|p1a: Great Tusk|Protosynthesis|[silent]
|
|upkeep
|
|t:|1758324715
|switch|p1a: Torkoal|Torkoal, M|48/100
|-weather|SunnyDay|[from] ability: Drought|[of] p1a: Torkoal
|turn|24
|
|t:|1758324718
|move|p2a: Dragapult|Phantom Force||[still]
|-prepare|p2a: Dragapult|Phantom Force
|move|p1a: Torkoal|Lava Plume|p2a: Dragapult|[miss]
|-miss|p1a: Torkoal|p2a: Dragapult
|
|-weather|SunnyDay|[upkeep]
|upkeep
|turn|25
|
|t:|1758324722
|move|p2a: Dragapult|Phantom Force|p1a: Torkoal|[from] lockedmove
|-damage|p1a: Torkoal|8/100
|move|p1a: Torkoal|Will-O-Wisp|p2a: Dragapult
|-status|p2a: Dragapult|brn
|
|-weather|SunnyDay|[upkeep]
|-damage|p2a: Dragapult|70/100 brn|[from] brn
|upkeep
|turn|26
|
|t:|1758324735
|switch|p2a: Cinderace|Cinderace, F|83/100 tox
|move|p1a: Torkoal|Lava Plume|p2a: Cinderace
|-resisted|p2a: Cinderace
|-damage|p2a: Cinderace|57/100 tox
|
|-weather|SunnyDay|[upkeep]
|-damage|p2a: Cinderace|51/100 tox|[from] psn
|upkeep
|turn|27
|
|t:|1758324741
|move|p2a: Cinderace|U-turn|p1a: Torkoal
|-start|p2a: Cinderace|typechange|Bug|[from] ability: Libero
|-resisted|p1a: Torkoal
|-damage|p1a: Torkoal|0 fnt
|faint|p1a: Torkoal
|
|t:|1758324748
|switch|p2a: Dragapult|Dragapult, M|70/100 brn|[from] U-turn
|-damage|p2a: Dragapult|57/100 brn|[from] Spikes
|
|-weather|SunnyDay|[upkeep]
|-damage|p2a: Dragapult|51/100 brn|[from] brn
|upkeep
|
|t:|1758324757
|switch|p1a: Ceruledge|Ceruledge, M|100/100
|turn|28
|
|t:|1758324763
|move|p2a: Dragapult|Phantom Force||[still]
|-prepare|p2a: Dragapult|Phantom Force
|move|p1a: Ceruledge|Swords Dance|p1a: Ceruledge
|-boost|p1a: Ceruledge|atk|2
|
|-weather|SunnyDay|[upkeep]
|-damage|p2a: Dragapult|45/100 brn|[from] brn
|upkeep
|turn|29
|
|t:|1758324777
|move|p2a: Dragapult|Phantom Force|p1a: Ceruledge|[from] lockedmove
|-supereffective|p1a: Ceruledge
|-damage|p1a: Ceruledge|2/100
|-ability|p1a: Ceruledge|Weak Armor|boost
|-unboost|p1a: Ceruledge|def|1
|-boost|p1a: Ceruledge|spe|2
|move|p1a: Ceruledge|Bitter Blade|p2a: Dragapult
|-resisted|p2a: Dragapult
|-damage|p2a: Dragapult|0 fnt
|-heal|p1a: Ceruledge|27/100|[from] drain|[of] p2a: Dragapult
|faint|p2a: Dragapult
|
|-weather|SunnyDay|[upkeep]
|upkeep
|
|t:|1758324783
|switch|p2a: Cinderace|Cinderace, F|51/100 tox
|turn|30
|
|t:|1758324795
|move|p1a: Ceruledge|Shadow Sneak|p2a: Cinderace
|-damage|p2a: Cinderace|0 fnt
|faint|p2a: Cinderace
|
|-weather|SunnyDay|[upkeep]
|upkeep
|
|t:|1758324798
|switch|p2a: Zapdos|Zapdos|100/100
|turn|31
|
|t:|1758324805
|move|p1a: Ceruledge|Bitter Blade|p2a: Zapdos
|-damage|p2a: Zapdos|0 fnt
|-heal|p1a: Ceruledge|93/100|[from] drain|[of] p2a: Zapdos
|faint|p2a: Zapdos
|
|win|user.cancel
|raw|user.cancel's rating: 1227 &rarr; <strong>1253</strong><br />(+26 for winning)
|raw|blaoh123's rating: 1235 &rarr; <strong>1209</strong><br />(-26 for losing)
|l|☆blaoh123
|player|p2|
|l|‽user.cancel
|player|p1|
