|badge|p2|bronze|gen9ou|100-6
|uhtml|medal-msg|<div class="broadcast-blue">Curious what those medals under the avatar are? PS now has Ladder Seasons! For more information, check out the <a href="https://www.smogon.com/forums/threads/3740067/">thread on Smogon.</a></div>
|j|☆Nikator98
|j|☆sunny dancing
|t:|1758356928
|gametype|singles
|player|p1|Nikator98|giovanni|1723
|player|p2|sunny dancing|101|1796
|gen|9
|tier|[Gen 9] OU
|rated|
|rule|HP Percentage Mod: HP is shown in percentages
|rule|Endless Battle Clause: Forcing endless battles is banned
|rule|Species Clause: Limit one of each Pokémon
|rule|OHKO Clause: OHKO moves are banned
|rule|Evasion Items Clause: Evasion items are banned
|rule|Evasion Moves Clause: Evasion moves are banned
|rule|Evasion Abilities Clause: Evasion abilities are banned
|rule|Sleep Moves Clause: Sleep-inducing moves are banned
|clearpoke
|poke|p1|Metagross|
|poke|p1|Great Tusk|
|poke|p1|Haxorus, M|
|poke|p1|Iron Moth|
|poke|p1|Zoroark-Hisui, M|
|poke|p1|Ninetales-Alola, F|
|poke|p2|Ogerpon-Wellspring, F|
|poke|p2|Slowking-Galar, M|
|poke|p2|Great Tusk|
|poke|p2|Moltres|
|poke|p2|Dragapult, M|
|poke|p2|Kingambit, F|
|teampreview
|
|t:|1758356937
|teamsize|p1|6
|teamsize|p2|6
|start
|switch|p1a: Arquillian Sentry|Metagross|100/100
|switch|p2a: Ogerpon|Ogerpon-Wellspring, F|100/100
|turn|1
|inactive|Battle timer is ON: inactive players will automatically lose when time's up. (requested by sunny dancing)
|
|t:|1758356943
|move|p2a: Ogerpon|Ivy Cudgel|p1a: Arquillian Sentry|[anim] Ivy Cudgel Water
|-damage|p1a: Arquillian Sentry|0 fnt
|replace|p1a: Van Helsing|Zoroark-Hisui, M, shiny
|-end|p1a: Van Helsing|Illusion
|faint|p1a: Van Helsing
|
|upkeep
|
|t:|1758356955
|switch|p1a: Asfaloth|Ninetales-Alola, F, shiny|100/100
|-weather|Snowscape|[from] ability: Snow Warning|[of] p1a: Asfaloth
|turn|2
|
|t:|1758356961
|-terastallize|p2a: Ogerpon|Water
|detailschange|p2a: Ogerpon|Ogerpon-Wellspring-Tera, F, tera:Water
|-ability|p2a: Ogerpon|Embody Aspect (Wellspring)|boost
|-boost|p2a: Ogerpon|spd|1
|move|p2a: Ogerpon|Ivy Cudgel|p1a: Asfaloth|[anim] Ivy Cudgel Water
|-crit|p1a: Asfaloth
|-damage|p1a: Asfaloth|0 fnt
|faint|p1a: Asfaloth
|
|-weather|Snowscape|[upkeep]
|upkeep
|
|t:|1758356974
|switch|p1a: Arquillian Sentry|Metagross|100/100
|turn|3
|
|t:|1758356981
|move|p2a: Ogerpon|Ivy Cudgel|p1a: Arquillian Sentry|[anim] Ivy Cudgel Water
|-damage|p1a: Arquillian Sentry|42/100
|move|p1a: Arquillian Sentry|Psychic Fangs|p2a: Ogerpon
|-damage|p2a: Ogerpon|32/100
|
|-weather|Snowscape|[upkeep]
|upkeep
|turn|4
|
|t:|1758356991
|-terastallize|p1a: Arquillian Sentry|Water
|move|p2a: Ogerpon|Ivy Cudgel|p1a: Arquillian Sentry|[anim] Ivy Cudgel Water
|-resisted|p1a: Arquillian Sentry
|-damage|p1a: Arquillian Sentry|11/100
|move|p1a: Arquillian Sentry|Psychic Fangs|p2a: Ogerpon
|-damage|p2a: Ogerpon|0 fnt
|faint|p2a: Ogerpon
|detailschange|p2: Ogerpon|Ogerpon-Wellspring, F|[silent]
|
|-weather|Snowscape|[upkeep]
|upkeep
|
|t:|1758356999
|switch|p2a: Great Tusk|Great Tusk|100/100
|turn|5
|-enditem|p1a: Arquillian Sentry|Custap Berry|[eat]
|-activate|p1a: Arquillian Sentry|item: Custap Berry|[consumed]
|
|t:|1758357006
|move|p1a: Arquillian Sentry|Psychic Fangs|p2a: Great Tusk
|-supereffective|p2a: Great Tusk
|-damage|p2a: Great Tusk|28/100
|-damage|p1a: Arquillian Sentry|0 fnt|[from] item: Rocky Helmet|[of] p2a: Great Tusk
|faint|p1a: Arquillian Sentry
|move|p2a: Great Tusk|Ice Spinner|p1: Arquillian Sentry|[notarget]
|-fail|p2a: Great Tusk
|
|-weather|Snowscape|[upkeep]
|upkeep
|
|t:|1758357018
|switch|p1a: Gothmog|Iron Moth|100/100
|-enditem|p1a: Gothmog|Booster Energy
|-activate|p1a: Gothmog|ability: Quark Drive|[fromitem]
|-start|p1a: Gothmog|quarkdrivespe
|turn|6
|
|t:|1758357024
|-end|p2a: Great Tusk|Protosynthesis|[silent]
|switch|p2a: Slowking|Slowking-Galar, M|100/100
|move|p1a: Gothmog|Fiery Dance|p2a: Slowking
|-damage|p2a: Slowking|80/100
|
|-weather|none
|upkeep
|turn|7
|
|t:|1758357032
|move|p1a: Gothmog|Substitute|p1a: Gothmog
|-start|p1a: Gothmog|Substitute
|-damage|p1a: Gothmog|76/100
|move|p2a: Slowking|Psyshock|p1a: Gothmog
|-supereffective|p1a: Gothmog
|-end|p1a: Gothmog|Substitute
|
|upkeep
|turn|8
|
|t:|1758357049
|move|p1a: Gothmog|Fiery Dance|p2a: Slowking
|-damage|p2a: Slowking|61/100
|-boost|p1a: Gothmog|spa|1
|move|p2a: Slowking|Psyshock|p1a: Gothmog
|-supereffective|p1a: Gothmog
|-damage|p1a: Gothmog|0 fnt
|faint|p1a: Gothmog
|-end|p1a: Gothmog|Quark Drive|[silent]
|
|upkeep
|
|t:|1758357057
|switch|p1a: Kumaryia|Great Tusk, shiny|100/100
|turn|9
|
|t:|1758357063
|switch|p2a: Moltres|Moltres|100/100
|move|p1a: Kumaryia|Knock Off|p2a: Moltres
|-damage|p2a: Moltres|76/100
|-status|p1a: Kumaryia|brn|[from] ability: Flame Body|[of] p2a: Moltres
|-enditem|p2a: Moltres|Heavy-Duty Boots|[from] move: Knock Off|[of] p1a: Kumaryia
|
|-damage|p1a: Kumaryia|94/100 brn|[from] brn
|upkeep
|turn|10
|
|t:|1758357072
|move|p1a: Kumaryia|Ice Spinner|p2a: Moltres
|-damage|p2a: Moltres|67/100
|move|p2a: Moltres|Flamethrower|p1a: Kumaryia
|-damage|p1a: Kumaryia|38/100 brn
|
|-damage|p1a: Kumaryia|31/100 brn|[from] brn
|upkeep
|turn|11
|
|t:|1758357081
|switch|p2a: Dragapult|Dragapult, M|100/100
|move|p1a: Kumaryia|Ice Spinner|p2a: Dragapult
|-supereffective|p2a: Dragapult
|-damage|p2a: Dragapult|63/100
|
|-damage|p1a: Kumaryia|25/100 brn|[from] brn
|upkeep
|turn|12
|
|t:|1758357088
|move|p2a: Dragapult|Dragon Darts|p1a: Kumaryia
|-damage|p1a: Kumaryia|8/100 brn
|-anim|p2a: Dragapult|Dragon Darts|p1a: Kumaryia
|-damage|p1a: Kumaryia|0 fnt
|faint|p1a: Kumaryia
|-end|p1a: Kumaryia|Protosynthesis|[silent]
|
|upkeep
|-message|Nikator98 forfeited.
|
|win|sunny dancing
|raw|Nikator98's rating: 1723 &rarr; <strong>1707</strong><br />(-16 for losing)
|raw|sunny dancing's rating: 1796 &rarr; <strong>1812</strong><br />(+16 for winning)
|l|☆sunny dancing
|player|p2|
|l|☆Nikator98
|player|p1|
