|j|☆Have2SwingTheBat
|j|☆the BEE is coming
|t:|1758291055
|gametype|singles
|player|p1|Have2SwingTheBat|fisherman-gen4|1296
|player|p2|the BEE is coming|265|1293
|gen|9
|tier|[Gen 9] OU
|rated|
|rule|HP Percentage Mod: HP is shown in percentages
|rule|Endless Battle Clause: Forcing endless battles is banned
|rule|Species Clause: Limit one of each Pokémon
|rule|OHKO Clause: OHKO moves are banned
|rule|Evasion Items Clause: Evasion items are banned
|rule|Evasion Moves Clause: Evasion moves are banned
|rule|Evasion Abilities Clause: Evasion abilities are banned
|rule|Sleep Moves Clause: Sleep-inducing moves are banned
|clearpoke
|poke|p1|Iron Jugulis|
|poke|p1|Dragonite, F|
|poke|p1|Ting-Lu|
|poke|p1|Zamazenta-*|
|poke|p1|Iron Moth|
|poke|p1|Okidogi, M|
|poke|p2|Lokix, F|
|poke|p2|Pecharunt|
|poke|p2|Zamazenta-*|
|poke|p2|Ting-Lu|
|poke|p2|Latios, M|
|poke|p2|Gliscor, F|
|teampreview
|
|t:|1758291073
|teamsize|p1|6
|teamsize|p2|6
|start
|switch|p1a: DogiDogi Club|Okidogi, M|100/100
|switch|p2a: Latios|Latios, M|100/100
|turn|1
|
|t:|1758291111
|switch|p1a: SwingOnDudes|Ting-Lu|100/100
|-ability|p1a: SwingOnDudes|Vessel of Ruin
|move|p2a: Latios|Psychic Noise|p1a: SwingOnDudes
|-immune|p1a: SwingOnDudes
|
|upkeep
|turn|2
|
|t:|1758291115
|move|p2a: Latios|Flip Turn|p1a: SwingOnDudes
|-supereffective|p1a: SwingOnDudes
|-damage|p1a: SwingOnDudes|92/100
|-damage|p2a: Latios|84/100|[from] item: Rocky Helmet|[of] p1a: SwingOnDudes
|
|t:|1758291118
|switch|p2a: Gliscor|Gliscor, F|100/100|[from] Flip Turn
|move|p1a: SwingOnDudes|Spikes|p2a: Gliscor
|-sidestart|p2: the BEE is coming|Spikes
|
|-status|p2a: Gliscor|tox|[from] item: Toxic Orb
|upkeep
|turn|3
|
|t:|1758291126
|switch|p1a: DogiDogi Club|Okidogi, M|100/100
|move|p2a: Gliscor|Knock Off|p1a: DogiDogi Club
|-resisted|p1a: DogiDogi Club
|-damage|p1a: DogiDogi Club|90/100
|-enditem|p1a: DogiDogi Club|Choice Scarf|[from] move: Knock Off|[of] p2a: Gliscor
|
|upkeep
|turn|4
|
|t:|1758291137
|move|p1a: DogiDogi Club|Ice Punch|p2a: Gliscor
|-supereffective|p2a: Gliscor
|-damage|p2a: Gliscor|13/100 tox
|move|p2a: Gliscor|Spikes|p1a: DogiDogi Club
|-sidestart|p1: Have2SwingTheBat|Spikes
|
|-heal|p2a: Gliscor|25/100 tox|[from] ability: Poison Heal
|upkeep
|turn|5
|
|t:|1758291143
|move|p2a: Gliscor|Protect|p2a: Gliscor
|-singleturn|p2a: Gliscor|Protect
|move|p1a: DogiDogi Club|Knock Off|p2a: Gliscor
|-activate|p2a: Gliscor|move: Protect
|
|-heal|p2a: Gliscor|38/100 tox|[from] ability: Poison Heal
|upkeep
|turn|6
|
|t:|1758291173
|switch|p2a: Pecharunt|Pecharunt|100/100
|move|p1a: DogiDogi Club|Knock Off|p2a: Pecharunt
|-supereffective|p2a: Pecharunt
|-damage|p2a: Pecharunt|72/100
|-enditem|p2a: Pecharunt|Heavy-Duty Boots|[from] move: Knock Off|[of] p1a: DogiDogi Club
|
|upkeep
|turn|7
|
|t:|1758291194
|switch|p1a: IronTucked|Iron Jugulis|100/100
|-enditem|p1a: IronTucked|Booster Energy
|-activate|p1a: IronTucked|ability: Quark Drive|[fromitem]
|-start|p1a: IronTucked|quarkdrivespa
|move|p2a: Pecharunt|Parting Shot|p1a: IronTucked
|-unboost|p1a: IronTucked|atk|1
|-unboost|p1a: IronTucked|spa|1
|
|t:|1758291204
|switch|p2a: Lokix|Lokix, F|100/100|[from] Parting Shot
|
|upkeep
|turn|8
|
|t:|1758291214
|move|p2a: Lokix|First Impression|p1a: IronTucked
|-damage|p1a: IronTucked|54/100
|move|p1a: IronTucked|Hurricane|p2a: Lokix
|-supereffective|p2a: Lokix
|-crit|p2a: Lokix
|-damage|p2a: Lokix|0 fnt
|faint|p2a: Lokix
|
|upkeep
|
|t:|1758291229
|switch|p2a: Ting-Lu|Ting-Lu|100/100
|-damage|p2a: Ting-Lu|88/100|[from] Spikes
|-ability|p2a: Ting-Lu|Vessel of Ruin
|turn|9
|
|t:|1758291244
|-end|p1a: IronTucked|Quark Drive|[silent]
|switch|p1a: Rob Zombazenta|Zamazenta|100/100
|-damage|p1a: Rob Zombazenta|88/100|[from] Spikes
|-ability|p1a: Rob Zombazenta|Dauntless Shield|boost
|-boost|p1a: Rob Zombazenta|def|1
|move|p2a: Ting-Lu|Stealth Rock|p1a: Rob Zombazenta
|-sidestart|p1: Have2SwingTheBat|move: Stealth Rock
|
|-heal|p1a: Rob Zombazenta|94/100|[from] item: Leftovers
|-heal|p2a: Ting-Lu|94/100|[from] item: Leftovers
|upkeep
|turn|10
|
|t:|1758291254
|-terastallize|p2a: Ting-Lu|Ghost
|move|p1a: Rob Zombazenta|Iron Defense|p1a: Rob Zombazenta
|-boost|p1a: Rob Zombazenta|def|2
|move|p2a: Ting-Lu|Whirlwind|p1a: Rob Zombazenta
|drag|p1a: DogiDogi Club|Okidogi, M|90/100
|-damage|p1a: DogiDogi Club|78/100|[from] Spikes
|-damage|p1a: DogiDogi Club|72/100|[from] Stealth Rock
|
|-heal|p2a: Ting-Lu|100/100|[from] item: Leftovers
|upkeep
|turn|11
|
|t:|1758291260
|move|p1a: DogiDogi Club|Knock Off|p2a: Ting-Lu
|-supereffective|p2a: Ting-Lu
|-damage|p2a: Ting-Lu|65/100
|-enditem|p2a: Ting-Lu|Leftovers|[from] move: Knock Off|[of] p1a: DogiDogi Club
|move|p2a: Ting-Lu|Earthquake|p1a: DogiDogi Club
|-supereffective|p1a: DogiDogi Club
|-damage|p1a: DogiDogi Club|0 fnt
|faint|p1a: DogiDogi Club
|
|upkeep
|
|t:|1758291273
|switch|p1a: ThunThunThun|Dragonite, F|100/100
|turn|12
|
|t:|1758291277
|move|p1a: ThunThunThun|Encore|p2a: Ting-Lu
|-start|p2a: Ting-Lu|Encore
|move|p2a: Ting-Lu|Earthquake|p1a: ThunThunThun
|-immune|p1a: ThunThunThun
|
|upkeep
|turn|13
|
|t:|1758291285
|switch|p2a: Zamazenta|Zamazenta|100/100
|-ability|p2a: Zamazenta|Dauntless Shield|boost
|-boost|p2a: Zamazenta|def|1
|move|p1a: ThunThunThun|Dragon Tail|p2a: Zamazenta|[miss]
|-miss|p1a: ThunThunThun|p2a: Zamazenta
|
|upkeep
|turn|14
|
|t:|1758291295
|move|p2a: Zamazenta|Ice Fang|p1a: ThunThunThun
|-supereffective|p1a: ThunThunThun
|-damage|p1a: ThunThunThun|71/100
|move|p1a: ThunThunThun|Dragon Tail|p2a: Zamazenta
|-damage|p2a: Zamazenta|82/100
|drag|p2a: Ting-Lu|Ting-Lu, tera:Ghost|65/100
|-damage|p2a: Ting-Lu|53/100|[from] Spikes
|-ability|p2a: Ting-Lu|Vessel of Ruin
|
|upkeep
|turn|15
|
|t:|1758291304
|move|p2a: Ting-Lu|Ruination|p1a: ThunThunThun
|-damage|p1a: ThunThunThun|36/100
|move|p1a: ThunThunThun|Dragon Tail|p2a: Ting-Lu
|-damage|p2a: Ting-Lu|37/100
|drag|p2a: Zamazenta|Zamazenta|82/100
|
|upkeep
|turn|16
|l|☆Have2SwingTheBat
|player|p1|
|inactive|Battle timer is ON: inactive players will automatically lose when time's up. (requested by the BEE is coming)
|inactive|Have2SwingTheBat has 30 seconds to reconnect!
|inactive|Have2SwingTheBat has 20 seconds to reconnect!
|inactive|Have2SwingTheBat has 15 seconds to reconnect!
|inactive|Have2SwingTheBat has 10 seconds to reconnect!
|j|☆Have2SwingTheBat
|inactive|Have2SwingTheBat reconnected and has 100 seconds left.
|player|p1|Have2SwingTheBat|fisherman-gen4|
|
|t:|1758291399
|switch|p1a: Rob Zombazenta|Zamazenta|94/100
|-damage|p1a: Rob Zombazenta|82/100|[from] Spikes
|-damage|p1a: Rob Zombazenta|76/100|[from] Stealth Rock
|move|p2a: Zamazenta|Ice Fang|p1a: Rob Zombazenta
|-damage|p1a: Rob Zombazenta|62/100
|-status|p1a: Rob Zombazenta|frz
|
|-heal|p1a: Rob Zombazenta|68/100 frz|[from] item: Leftovers
|upkeep
|turn|17
|
|t:|1758291411
|switch|p2a: Latios|Latios, M|84/100
|cant|p1a: Rob Zombazenta|frz
|
|-heal|p1a: Rob Zombazenta|74/100 frz|[from] item: Leftovers
|upkeep
|turn|18
|
|t:|1758291416
|cant|p1a: Rob Zombazenta|frz
|move|p2a: Latios|Recover|p2a: Latios
|-heal|p2a: Latios|100/100
|
|-heal|p1a: Rob Zombazenta|80/100 frz|[from] item: Leftovers
|upkeep
|turn|19
|
|t:|1758291426
|cant|p1a: Rob Zombazenta|frz
|move|p2a: Latios|Psychic Noise|p1a: Rob Zombazenta
|-supereffective|p1a: Rob Zombazenta
|-damage|p1a: Rob Zombazenta|0 fnt
|faint|p1a: Rob Zombazenta
|
|upkeep
|
|t:|1758291432
|switch|p1a: GuanyinBodhisattva|Iron Moth|100/100
|-damage|p1a: GuanyinBodhisattva|88/100|[from] Spikes
|-damage|p1a: GuanyinBodhisattva|63/100|[from] Stealth Rock
|-enditem|p1a: GuanyinBodhisattva|Booster Energy
|-activate|p1a: GuanyinBodhisattva|ability: Quark Drive|[fromitem]
|-start|p1a: GuanyinBodhisattva|quarkdrivespa
|turn|20
|
|t:|1758291436
|move|p1a: GuanyinBodhisattva|Dazzling Gleam|p2a: Latios
|-supereffective|p2a: Latios
|-damage|p2a: Latios|23/100
|move|p2a: Latios|Psychic Noise|p1a: GuanyinBodhisattva
|-supereffective|p1a: GuanyinBodhisattva
|-damage|p1a: GuanyinBodhisattva|0 fnt
|faint|p1a: GuanyinBodhisattva
|-end|p1a: GuanyinBodhisattva|Quark Drive|[silent]
|
|upkeep
|-message|Have2SwingTheBat forfeited.
|
|win|the BEE is coming
|raw|Have2SwingTheBat's rating: 1296 &rarr; <strong>1271</strong><br />(-25 for losing)
|raw|the BEE is coming's rating: 1293 &rarr; <strong>1318</strong><br />(+25 for winning)
|l|☆Have2SwingTheBat
|player|p1|
|l|☆the BEE is coming
|player|p2|
