|j|☆St. Saturn
|j|☆buuwomper
|t:|1758259573
|gametype|singles
|player|p1|St. Saturn|hilbert|1357
|player|p2|buuwomper|elesa-masters|1362
|gen|9
|tier|[Gen 9] OU
|rated|
|rule|HP Percentage Mod: HP is shown in percentages
|rule|Endless Battle Clause: Forcing endless battles is banned
|rule|Species Clause: Limit one of each Pokémon
|rule|OHKO Clause: OHKO moves are banned
|rule|Evasion Items Clause: Evasion items are banned
|rule|Evasion Moves Clause: Evasion moves are banned
|rule|Evasion Abilities Clause: Evasion abilities are banned
|rule|Sleep Moves Clause: Sleep-inducing moves are banned
|clearpoke
|poke|p1|Dragapult, F|
|poke|p1|Dragonite, F|
|poke|p1|Ting-Lu|
|poke|p1|Weezing-Galar, F|
|poke|p1|Iron Crown|
|poke|p1|Zapdos|
|poke|p2|Barraskewda, F|
|poke|p2|Raging Bolt|
|poke|p2|Tornadus-Therian, M|
|poke|p2|Pelipper, M|
|poke|p2|Iron Treads|
|poke|p2|Overqwil, F|
|teampreview
|inactive|Battle timer is ON: inactive players will automatically lose when time's up. (requested by buuwomper)
|inactive|St. Saturn also wants the timer to be on.
|
|t:|1758259598
|teamsize|p1|6
|teamsize|p2|6
|start
|switch|p1a: Zapdos|Zapdos|100/100
|switch|p2a: Pelipper|Pelipper, M|100/100
|-weather|RainDance|[from] ability: Drizzle|[of] p2a: Pelipper
|turn|1
|
|t:|1758259603
|switch|p2a: Iron Treads|Iron Treads|100/100
|move|p1a: Zapdos|Heat Wave|p2a: Iron Treads
|-supereffective|p2a: Iron Treads
|-damage|p2a: Iron Treads|63/100
|-enditem|p2a: Iron Treads|Eject Button
|
|t:|1758259624
|-end|p2a: Iron Treads|Quark Drive|[silent]
|switch|p2a: Barraskewda|Barraskewda, F|100/100
|
|-weather|RainDance|[upkeep]
|upkeep
|turn|2
|
|t:|1758259629
|move|p2a: Barraskewda|Flip Turn|p1a: Zapdos
|-damage|p1a: Zapdos|20/100
|
|t:|1758259632
|switch|p2a: Iron Treads|Iron Treads|63/100|[from] Flip Turn
|move|p1a: Zapdos|Volt Switch|p2a: Iron Treads
|-immune|p2a: Iron Treads
|
|-weather|RainDance|[upkeep]
|upkeep
|turn|3
|
|t:|1758259638
|switch|p1a: Ting-Lu|Ting-Lu|100/100
|-ability|p1a: Ting-Lu|Vessel of Ruin
|move|p2a: Iron Treads|Stealth Rock|p1a: Ting-Lu
|-sidestart|p1: St. Saturn|move: Stealth Rock
|
|-weather|RainDance|[upkeep]
|upkeep
|turn|4
|
|t:|1758259648
|-end|p2a: Iron Treads|Quark Drive|[silent]
|switch|p2a: Barraskewda|Barraskewda, F|100/100
|move|p1a: Ting-Lu|Body Press|p2a: Barraskewda
|-damage|p2a: Barraskewda|60/100
|
|-weather|RainDance|[upkeep]
|upkeep
|turn|5
|
|t:|1758259655
|switch|p1a: Zapdos|Zapdos|20/100
|move|p2a: Barraskewda|Liquidation|p1a: Zapdos
|-damage|p1a: Zapdos|0 fnt
|-status|p2a: Barraskewda|par|[from] ability: Static|[of] p1a: Zapdos
|faint|p1a: Zapdos
|
|-weather|RainDance|[upkeep]
|upkeep
|
|t:|1758259660
|switch|p1a: Weezing|Weezing-Galar, F|100/100
|-ability|p1a: Weezing|Neutralizing Gas
|turn|6
|
|t:|1758259673
|switch|p2a: Iron Treads|Iron Treads|63/100
|move|p1a: Weezing|Strange Steam|p2a: Iron Treads
|-resisted|p2a: Iron Treads
|-damage|p2a: Iron Treads|47/100
|
|-weather|RainDance|[upkeep]
|upkeep
|turn|7
|
|t:|1758259678
|move|p2a: Iron Treads|Earthquake|p1a: Weezing
|-supereffective|p1a: Weezing
|-damage|p1a: Weezing|50/100
|move|p1a: Weezing|Will-O-Wisp|p2a: Iron Treads
|-status|p2a: Iron Treads|brn
|
|-weather|RainDance|[upkeep]
|-damage|p2a: Iron Treads|41/100 brn|[from] brn
|upkeep
|turn|8
|
|t:|1758259700
|move|p2a: Iron Treads|Ice Spinner|p1a: Weezing
|-damage|p1a: Weezing|43/100
|move|p1a: Weezing|Defog|p2a: Iron Treads
|-unboost|p2a: Iron Treads|evasion|1
|-sideend|p1: St. Saturn|Stealth Rock|[from] move: Defog|[of] p1a: Weezing
|
|-weather|none
|-damage|p2a: Iron Treads|35/100 brn|[from] brn
|upkeep
|turn|9
|
|t:|1758259703
|move|p2a: Iron Treads|Earthquake|p1a: Weezing
|-supereffective|p1a: Weezing
|-damage|p1a: Weezing|20/100
|move|p1a: Weezing|Strange Steam|p2a: Iron Treads
|-resisted|p2a: Iron Treads
|-crit|p2a: Iron Treads
|-damage|p2a: Iron Treads|9/100 brn
|
|-damage|p2a: Iron Treads|3/100 brn|[from] brn
|upkeep
|turn|10
|
|t:|1758259721
|move|p2a: Iron Treads|Earthquake|p1a: Weezing
|-supereffective|p1a: Weezing
|-damage|p1a: Weezing|0 fnt
|faint|p1a: Weezing
|-end|p1a: Weezing|ability: Neutralizing Gas
|
|-damage|p2a: Iron Treads|0 fnt|[from] brn
|faint|p2a: Iron Treads
|-end|p2a: Iron Treads|Quark Drive|[silent]
|upkeep
|
|t:|1758259734
|switch|p2a: Pelipper|Pelipper, M|100/100
|switch|p1a: Dragapult|Dragapult, F|100/100
|-weather|RainDance|[from] ability: Drizzle|[of] p2a: Pelipper
|turn|11
|
|t:|1758259742
|move|p1a: Dragapult|Dragon Darts|p2a: Pelipper
|-crit|p2a: Pelipper
|-damage|p2a: Pelipper|66/100
|-anim|p1a: Dragapult|Dragon Darts|p2a: Pelipper
|-damage|p2a: Pelipper|42/100
|move|p2a: Pelipper|Hurricane|p1a: Dragapult
|-damage|p1a: Dragapult|44/100
|-start|p1a: Dragapult|confusion
|
|-weather|RainDance|[upkeep]
|upkeep
|turn|12
|
|t:|1758259750
|-activate|p1a: Dragapult|confusion
|-damage|p1a: Dragapult|27/100|[from] confusion
|move|p2a: Pelipper|Hurricane|p1a: Dragapult
|-damage|p1a: Dragapult|0 fnt
|faint|p1a: Dragapult
|
|-weather|RainDance|[upkeep]
|upkeep
|
|t:|1758259755
|switch|p1a: Dragonite|Dragonite, F|100/100
|turn|13
|
|t:|1758259760
|move|p1a: Dragonite|Dragon Dance|p1a: Dragonite
|-boost|p1a: Dragonite|atk|1
|-boost|p1a: Dragonite|spe|1
|move|p2a: Pelipper|Hurricane|p1a: Dragonite
|-damage|p1a: Dragonite|84/100
|
|-weather|RainDance|[upkeep]
|upkeep
|turn|14
|
|t:|1758259775
|move|p1a: Dragonite|Dragon Dance|p1a: Dragonite
|-boost|p1a: Dragonite|atk|1
|-boost|p1a: Dragonite|spe|1
|move|p2a: Pelipper|Hurricane|p1a: Dragonite
|-damage|p1a: Dragonite|51/100
|
|-weather|RainDance|[upkeep]
|upkeep
|turn|15
|
|t:|1758259787
|-terastallize|p1a: Dragonite|Normal
|move|p1a: Dragonite|Extreme Speed|p2a: Pelipper
|-damage|p2a: Pelipper|0 fnt
|faint|p2a: Pelipper
|
|-weather|RainDance|[upkeep]
|upkeep
|
|t:|1758259810
|switch|p2a: Raging Bolt|Raging Bolt|100/100
|-enditem|p2a: Raging Bolt|Booster Energy
|-activate|p2a: Raging Bolt|ability: Protosynthesis|[fromitem]
|-start|p2a: Raging Bolt|protosynthesisspa
|turn|16
|
|t:|1758259816
|-terastallize|p2a: Raging Bolt|Fairy
|move|p1a: Dragonite|Earthquake|p2a: Raging Bolt
|-damage|p2a: Raging Bolt|33/100
|move|p2a: Raging Bolt|Weather Ball|p1a: Dragonite
|-damage|p1a: Dragonite|0 fnt
|faint|p1a: Dragonite
|
|-weather|RainDance|[upkeep]
|upkeep
|
|t:|1758259824
|switch|p1a: Iron Crown|Iron Crown|100/100
|turn|17
|inactive|buuwomper has 120 seconds left.
|
|t:|1758259856
|-end|p2a: Raging Bolt|Protosynthesis|[silent]
|switch|p2a: Barraskewda|Barraskewda, F|60/100 par
|move|p1a: Iron Crown|Tachyon Cutter|p2a: Barraskewda
|-resisted|p2a: Barraskewda
|-damage|p2a: Barraskewda|21/100 par
|-resisted|p2a: Barraskewda
|-damage|p2a: Barraskewda|0 fnt
|faint|p2a: Barraskewda
|-hitcount|p2: Barraskewda|2
|
|-weather|RainDance|[upkeep]
|upkeep
|inactive|buuwomper has 120 seconds left.
|
|t:|1758259868
|switch|p2a: Tornadus|Tornadus-Therian, M|100/100
|turn|18
|
|t:|1758259873
|-end|p1a: Iron Crown|Quark Drive|[silent]
|switch|p1a: Ting-Lu|Ting-Lu|100/100
|-ability|p1a: Ting-Lu|Vessel of Ruin
|move|p2a: Tornadus|Weather Ball|p1a: Ting-Lu
|-supereffective|p1a: Ting-Lu
|-damage|p1a: Ting-Lu|39/100
|
|-weather|none
|-heal|p1a: Ting-Lu|46/100|[from] item: Leftovers
|upkeep
|turn|19
|
|t:|1758259884
|switch|p2a: Overqwil|Overqwil, F|100/100
|move|p1a: Ting-Lu|Heavy Slam|p2a: Overqwil
|-damage|p2a: Overqwil|69/100
|
|-heal|p1a: Ting-Lu|52/100|[from] item: Leftovers
|upkeep
|turn|20
|
|t:|1758259894
|move|p2a: Overqwil|Liquidation|p1a: Ting-Lu
|-supereffective|p1a: Ting-Lu
|-damage|p1a: Ting-Lu|9/100
|-damage|p2a: Overqwil|59/100|[from] item: Life Orb
|move|p1a: Ting-Lu|Earthquake|p2a: Overqwil
|-supereffective|p2a: Overqwil
|-damage|p2a: Overqwil|0 fnt
|faint|p2a: Overqwil
|
|-heal|p1a: Ting-Lu|16/100|[from] item: Leftovers
|upkeep
|inactive|buuwomper has 120 seconds left.
|
|t:|1758259924
|switch|p2a: Tornadus|Tornadus-Therian, M|100/100
|turn|21
|
|t:|1758259928
|move|p2a: Tornadus|Focus Blast|p1a: Ting-Lu
|-supereffective|p1a: Ting-Lu
|-crit|p1a: Ting-Lu
|-damage|p1a: Ting-Lu|0 fnt
|faint|p1a: Ting-Lu
|
|upkeep
|
|t:|1758259934
|switch|p1a: Iron Crown|Iron Crown|100/100
|turn|22
|
|t:|1758259939
|move|p2a: Tornadus|Focus Blast|p1a: Iron Crown
|-damage|p1a: Iron Crown|49/100
|move|p1a: Iron Crown|Volt Switch|p2a: Tornadus
|-supereffective|p2a: Tornadus
|-damage|p2a: Tornadus|21/100
|
|upkeep
|turn|23
|
|t:|1758259945
|move|p2a: Tornadus|Focus Blast|p1a: Iron Crown
|-damage|p1a: Iron Crown|0 fnt
|faint|p1a: Iron Crown
|-end|p1a: Iron Crown|Quark Drive|[silent]
|
|win|buuwomper
|raw|St. Saturn's rating: 1357 &rarr; <strong>1337</strong><br />(-20 for losing)
|raw|buuwomper's rating: 1362 &rarr; <strong>1382</strong><br />(+20 for winning)
|l|☆buuwomper
|player|p2|
|l|☆St. Saturn
|player|p1|
