|j|☆Zolesto
|j|☆Thunder60076
|t:|1758274297
|gametype|singles
|player|p1|Zolesto|steven|1116
|player|p2|Thunder60076|1|1172
|gen|9
|tier|[Gen 9] OU
|rated|
|rule|HP Percentage Mod: HP is shown in percentages
|rule|Endless Battle Clause: Forcing endless battles is banned
|rule|Species Clause: Limit one of each Pokémon
|rule|OHKO Clause: OHKO moves are banned
|rule|Evasion Items Clause: Evasion items are banned
|rule|Evasion Moves Clause: Evasion moves are banned
|rule|Evasion Abilities Clause: Evasion abilities are banned
|rule|Sleep Moves Clause: Sleep-inducing moves are banned
|clearpoke
|poke|p1|Ogerpon-Wellspring, F|
|poke|p1|Kingambit, M|
|poke|p1|Landorus-Therian, M|
|poke|p1|Glimmora, F|
|poke|p1|Dragapult, M|
|poke|p1|Iron Valiant|
|poke|p2|Illumise, F|
|poke|p2|Landorus-Therian, M|
|poke|p2|Walking Wake|
|poke|p2|Maushold-Four|
|poke|p2|Dragapult, M|
|poke|p2|Talonflame, M|
|teampreview
|inactive|Battle timer is ON: inactive players will automatically lose when time's up. (requested by Thunder60076)
|
|t:|1758274318
|teamsize|p1|6
|teamsize|p2|6
|start
|switch|p1a: Landorus|Landorus-Therian, M|100/100
|switch|p2a: Talonflame|Talonflame, M|100/100
|-ability|p1a: Landorus|Intimidate|boost
|-unboost|p2a: Talonflame|atk|1
|turn|1
|
|t:|1758274326
|move|p2a: Talonflame|U-turn|p1a: Landorus
|-resisted|p1a: Landorus
|-damage|p1a: Landorus|94/100
|-damage|p2a: Talonflame|84/100|[from] item: Rocky Helmet|[of] p1a: Landorus
|
|t:|1758274332
|switch|p2a: Illumise|Illumise, F, shiny|100/100|[from] U-turn
|move|p1a: Landorus|Stealth Rock|p2a: Illumise
|-sidestart|p2: Thunder60076|move: Stealth Rock
|
|-status|p2a: Illumise|brn|[from] item: Flame Orb
|upkeep
|turn|2
|
|t:|1758274340
|move|p2a: Illumise|Trick|p1a: Landorus
|-activate|p2a: Illumise|move: Trick|[of] p1a: Landorus
|-item|p1a: Landorus|Flame Orb|[from] move: Trick
|-item|p2a: Illumise|Rocky Helmet|[from] move: Trick
|move|p1a: Landorus|Taunt|p2a: Illumise
|-start|p2a: Illumise|move: Taunt
|
|-damage|p2a: Illumise|95/100 brn|[from] brn
|-status|p1a: Landorus|brn|[from] item: Flame Orb
|upkeep
|turn|3
|
|t:|1758274358
|move|p1a: Landorus|U-turn|p2a: Illumise
|-damage|p2a: Illumise|79/100 brn
|-damage|p1a: Landorus|78/100 brn|[from] item: Rocky Helmet|[of] p2a: Illumise
|
|t:|1758274364
|switch|p1a: Glimmora|Glimmora, F|100/100|[from] U-turn
|-activate|p2a: Illumise|move: Struggle
|move|p2a: Illumise|Struggle|p1a: Glimmora
|-damage|p1a: Glimmora|97/100
|-activate|p1a: Glimmora|ability: Toxic Debris
|-sidestart|p2: Thunder60076|move: Toxic Spikes
|-damage|p2a: Illumise|54/100 brn|[from] recoil
|
|-damage|p2a: Illumise|48/100 brn|[from] brn
|upkeep
|turn|4
|
|t:|1758274378
|move|p1a: Glimmora|Spikes|p2a: Illumise
|-sidestart|p2: Thunder60076|Spikes
|-activate|p2a: Illumise|move: Struggle
|move|p2a: Illumise|Struggle|p1a: Glimmora
|-damage|p1a: Glimmora|93/100
|-activate|p1a: Glimmora|ability: Toxic Debris
|-sidestart|p2: Thunder60076|move: Toxic Spikes
|-damage|p2a: Illumise|23/100 brn|[from] recoil
|
|-damage|p2a: Illumise|17/100 brn|[from] brn
|upkeep
|turn|5
|
|t:|1758274396
|move|p1a: Glimmora|Spikes|p2a: Illumise
|-sidestart|p2: Thunder60076|Spikes
|-activate|p2a: Illumise|move: Struggle
|move|p2a: Illumise|Struggle|p1a: Glimmora
|-damage|p1a: Glimmora|88/100
|-damage|p2a: Illumise|0 fnt|[from] recoil
|faint|p2a: Illumise
|
|upkeep
|
|t:|1758274411
|switch|p2a: Landorus|Landorus-Therian, M|100/100
|-damage|p2a: Landorus|88/100|[from] Stealth Rock
|-ability|p2a: Landorus|Intimidate|boost
|-unboost|p1a: Glimmora|atk|1
|turn|6
|inactive|Zolesto has 120 seconds left.
|
|t:|1758274446
|-terastallize|p2a: Landorus|Water
|move|p2a: Landorus|Swords Dance|p2a: Landorus
|-boost|p2a: Landorus|atk|2
|move|p1a: Glimmora|Meteor Beam||[still]
|-prepare|p1a: Glimmora|Meteor Beam
|-boost|p1a: Glimmora|spa|1
|-enditem|p1a: Glimmora|Power Herb
|-anim|p1a: Glimmora|Meteor Beam|p2a: Landorus
|-damage|p2a: Landorus|0 fnt
|faint|p2a: Landorus
|
|upkeep
|
|t:|1758274458
|switch|p2a: Talonflame|Talonflame, M|84/100
|turn|7
|inactive|Zolesto has 120 seconds left.
|
|t:|1758274480
|move|p2a: Talonflame|Defog|p1a: Glimmora
|-unboost|p1a: Glimmora|evasion|1
|-sideend|p2: Thunder60076|Spikes|[from] move: Defog|[of] p2a: Talonflame
|-sideend|p2: Thunder60076|Toxic Spikes|[from] move: Defog|[of] p2a: Talonflame
|-sideend|p2: Thunder60076|Stealth Rock|[from] move: Defog|[of] p2a: Talonflame
|move|p1a: Glimmora|Meteor Beam||[still]
|-prepare|p1a: Glimmora|Meteor Beam
|-boost|p1a: Glimmora|spa|1
|
|upkeep
|turn|8
|
|t:|1758274489
|move|p2a: Talonflame|U-turn|p1a: Glimmora
|-resisted|p1a: Glimmora
|-damage|p1a: Glimmora|77/100
|-activate|p1a: Glimmora|ability: Toxic Debris
|-sidestart|p2: Thunder60076|move: Toxic Spikes
|
|t:|1758274494
|switch|p2a: Walking Wake|Walking Wake|100/100|[from] U-turn
|-status|p2a: Walking Wake|psn
|-enditem|p2a: Walking Wake|Booster Energy
|-activate|p2a: Walking Wake|ability: Protosynthesis|[fromitem]
|-start|p2a: Walking Wake|protosynthesisspe
|move|p1a: Glimmora|Meteor Beam|p2a: Walking Wake|[from] lockedmove
|-damage|p2a: Walking Wake|0 fnt
|faint|p2a: Walking Wake
|-end|p2a: Walking Wake|Protosynthesis|[silent]
|
|upkeep
|
|t:|1758274501
|switch|p2a: Maushold|Maushold-Four|100/100
|-status|p2a: Maushold|psn
|turn|9
|inactive|Zolesto has 120 seconds left.
|
|t:|1758274520
|move|p2a: Maushold|Population Bomb|p1a: Glimmora
|-resisted|p1a: Glimmora
|-damage|p1a: Glimmora|71/100
|-activate|p1a: Glimmora|ability: Toxic Debris
|-sidestart|p2: Thunder60076|move: Toxic Spikes
|-resisted|p1a: Glimmora
|-damage|p1a: Glimmora|65/100
|-resisted|p1a: Glimmora
|-damage|p1a: Glimmora|59/100
|-resisted|p1a: Glimmora
|-damage|p1a: Glimmora|52/100
|-resisted|p1a: Glimmora
|-damage|p1a: Glimmora|46/100
|-resisted|p1a: Glimmora
|-damage|p1a: Glimmora|40/100
|-resisted|p1a: Glimmora
|-damage|p1a: Glimmora|33/100
|-resisted|p1a: Glimmora
|-damage|p1a: Glimmora|27/100
|-resisted|p1a: Glimmora
|-damage|p1a: Glimmora|21/100
|-hitcount|p1a: Glimmora|9
|move|p1a: Glimmora|Meteor Beam||[still]
|-prepare|p1a: Glimmora|Meteor Beam
|-boost|p1a: Glimmora|spa|1
|
|-damage|p2a: Maushold|88/100 psn|[from] psn
|upkeep
|turn|10
|inactive|Zolesto has 120 seconds left.
|
|t:|1758274548
|move|p2a: Maushold|Population Bomb|p1a: Glimmora
|-resisted|p1a: Glimmora
|-damage|p1a: Glimmora|15/100
|-resisted|p1a: Glimmora
|-damage|p1a: Glimmora|8/100
|-resisted|p1a: Glimmora
|-damage|p1a: Glimmora|1/100
|-resisted|p1a: Glimmora
|-damage|p1a: Glimmora|0 fnt
|faint|p1a: Glimmora
|-hitcount|p1: Glimmora|4
|
|-damage|p2a: Maushold|76/100 psn|[from] psn
|upkeep
|inactive|Zolesto has 90 seconds left.
|inactive|Zolesto has 60 seconds left.
|
|t:|1758274594
|switch|p1a: Iron Valiant|Iron Valiant|100/100
|-enditem|p1a: Iron Valiant|Booster Energy
|-activate|p1a: Iron Valiant|ability: Quark Drive|[fromitem]
|-start|p1a: Iron Valiant|quarkdrivespe
|turn|11
|inactive|Zolesto has 60 seconds left.
|
|t:|1758274606
|-terastallize|p1a: Iron Valiant|Steel
|move|p1a: Iron Valiant|Encore|p2a: Maushold
|-start|p2a: Maushold|Encore
|move|p2a: Maushold|Population Bomb|p1a: Iron Valiant
|-resisted|p1a: Iron Valiant
|-damage|p1a: Iron Valiant|93/100
|-resisted|p1a: Iron Valiant
|-damage|p1a: Iron Valiant|86/100
|-resisted|p1a: Iron Valiant
|-damage|p1a: Iron Valiant|80/100
|-resisted|p1a: Iron Valiant
|-damage|p1a: Iron Valiant|73/100
|-hitcount|p1a: Iron Valiant|4
|
|-damage|p2a: Maushold|63/100 psn|[from] psn
|upkeep
|turn|12
|inactive|Zolesto has 60 seconds left.
|
|t:|1758274625
|move|p1a: Iron Valiant|Swords Dance|p1a: Iron Valiant
|-boost|p1a: Iron Valiant|atk|2
|move|p2a: Maushold|Population Bomb|p1a: Iron Valiant
|-resisted|p1a: Iron Valiant
|-damage|p1a: Iron Valiant|66/100
|-resisted|p1a: Iron Valiant
|-damage|p1a: Iron Valiant|59/100
|-resisted|p1a: Iron Valiant
|-damage|p1a: Iron Valiant|51/100
|-resisted|p1a: Iron Valiant
|-damage|p1a: Iron Valiant|44/100
|-resisted|p1a: Iron Valiant
|-damage|p1a: Iron Valiant|36/100
|-resisted|p1a: Iron Valiant
|-damage|p1a: Iron Valiant|29/100
|-resisted|p1a: Iron Valiant
|-damage|p1a: Iron Valiant|22/100
|-hitcount|p1a: Iron Valiant|7
|
|-damage|p2a: Maushold|51/100 psn|[from] psn
|upkeep
|turn|13
|inactive|Zolesto has 60 seconds left.
|
|t:|1758274643
|move|p1a: Iron Valiant|Spirit Break|p2a: Maushold
|-damage|p2a: Maushold|0 fnt
|faint|p2a: Maushold
|
|upkeep
|
|t:|1758274648
|switch|p2a: Talonflame|Talonflame, M|84/100
|turn|14
|inactive|Zolesto has 60 seconds left.
|
|t:|1758274657
|move|p1a: Iron Valiant|Knock Off|p2a: Talonflame
|-damage|p2a: Talonflame|0 fnt
|-enditem|p2a: Talonflame|Heavy-Duty Boots|[from] move: Knock Off|[of] p1a: Iron Valiant
|faint|p2a: Talonflame
|
|upkeep
|
|t:|1758274662
|switch|p2a: Dragapult|Dragapult, M|100/100
|-status|p2a: Dragapult|tox
|turn|15
|inactive|Thunder60076 has 120 seconds left.
|c|☆Zolesto|forfeit lil bro
|inactive|Thunder60076 has 90 seconds left.
|inactive|Thunder60076 has 60 seconds left.
|inactive|Thunder60076 has 30 seconds left.
|inactive|Thunder60076 has 20 seconds left.
|inactive|Thunder60076 has 15 seconds left.
|inactive|Thunder60076 has 10 seconds left.
|inactive|Thunder60076 has 5 seconds left.
|-message|Thunder60076 lost due to inactivity.
|
|win|Zolesto
|raw|Zolesto's rating: 1116 &rarr; <strong>1145</strong><br />(+29 for winning)
|raw|Thunder60076's rating: 1172 &rarr; <strong>1143</strong><br />(-29 for losing)
