|badge|p1|bronze|gen9ou|100-6
|uhtml|medal-msg|<div class="broadcast-blue">Curious what those medals under the avatar are? PS now has Ladder Seasons! For more information, check out the <a href="https://www.smogon.com/forums/threads/3740067/">thread on Smogon.</a></div>
|badge|p2|bronze|gen9ou|100-6
|uhtml|medal-msg|<div class="broadcast-blue">Curious what those medals under the avatar are? PS now has Ladder Seasons! For more information, check out the <a href="https://www.smogon.com/forums/threads/3740067/">thread on Smogon.</a></div>
|j|☆omari p
|j|☆saeyouwontletgo
|t:|1758264157
|gametype|singles
|player|p1|omari p|pokemonrangerf|1760
|player|p2|saeyouwontletgo|102|1819
|gen|9
|tier|[Gen 9] OU
|rated|
|rule|HP Percentage Mod: HP is shown in percentages
|rule|Endless Battle Clause: Forcing endless battles is banned
|rule|Species Clause: Limit one of each Pokémon
|rule|OHKO Clause: OHKO moves are banned
|rule|Evasion Items Clause: Evasion items are banned
|rule|Evasion Moves Clause: Evasion moves are banned
|rule|Evasion Abilities Clause: Evasion abilities are banned
|rule|Sleep Moves Clause: Sleep-inducing moves are banned
|clearpoke
|poke|p1|Thundurus-Therian, M|
|poke|p1|Cinderace, F|
|poke|p1|Mandibuzz, F|
|poke|p1|Latios, M|
|poke|p1|Deoxys-Speed|
|poke|p1|Iron Hands|
|poke|p2|Ting-Lu|
|poke|p2|Sinistcha-Masterpiece|
|poke|p2|Iron Treads|
|poke|p2|Zamazenta-*|
|poke|p2|Dragonite, F|
|poke|p2|Alomomola, F|
|teampreview
|inactive|Battle timer is ON: inactive players will automatically lose when time's up. (requested by saeyouwontletgo)
|j| wgw2333
|j| wen29
|inactive|omari p has 120 seconds left.
|
|t:|1758264204
|teamsize|p1|6
|teamsize|p2|6
|start
|switch|p1a: Iron Hands|Iron Hands|100/100
|switch|p2a: Dragonite|Dragonite, F|100/100
|turn|1
|
|t:|1758264214
|switch|p2a: Sinistcha|Sinistcha-Masterpiece|100/100
|move|p1a: Iron Hands|Ice Punch|p2a: Sinistcha
|-supereffective|p2a: Sinistcha
|-damage|p2a: Sinistcha|55/100
|
|upkeep
|turn|2
|
|t:|1758264239
|-end|p1a: Iron Hands|Quark Drive|[silent]
|switch|p1a: Deoxys|Deoxys-Speed|100/100
|-ability|p1a: Deoxys|Pressure
|move|p2a: Sinistcha|Strength Sap|p1a: Deoxys
|-unboost|p1a: Deoxys|atk|1
|-heal|p2a: Sinistcha|100/100
|
|upkeep
|turn|3
|
|t:|1758264242
|move|p1a: Deoxys|Nasty Plot|p1a: Deoxys
|-boost|p1a: Deoxys|spa|2
|move|p2a: Sinistcha|Shadow Ball|p1a: Deoxys
|-supereffective|p1a: Deoxys
|-enditem|p1a: Deoxys|Focus Sash
|-damage|p1a: Deoxys|1/100
|
|upkeep
|turn|4
|
|t:|1758264251
|switch|p2a: Dragonite|Dragonite, F|100/100
|move|p1a: Deoxys|Ice Beam|p2a: Dragonite
|-supereffective|p2a: Dragonite
|-damage|p2a: Dragonite|7/100
|
|upkeep
|turn|5
|
|t:|1758264256
|switch|p1a: Mandibuzz|Mandibuzz, F, shiny|100/100
|move|p2a: Dragonite|Extreme Speed|p1a: Mandibuzz
|-damage|p1a: Mandibuzz|82/100
|-damage|p2a: Dragonite|0 fnt|[from] item: Rocky Helmet|[of] p1a: Mandibuzz
|faint|p2a: Dragonite
|
|upkeep
|
|t:|1758264269
|switch|p2a: Ting-Lu|Ting-Lu|100/100
|-ability|p2a: Ting-Lu|Vessel of Ruin
|turn|6
|j| Ctannn
|
|t:|1758264282
|move|p1a: Mandibuzz|Toxic|p2a: Ting-Lu|[miss]
|-miss|p1a: Mandibuzz|p2a: Ting-Lu
|move|p2a: Ting-Lu|Stealth Rock|p1a: Mandibuzz
|-sidestart|p1: omari p|move: Stealth Rock
|
|upkeep
|turn|7
|
|t:|1758264285
|move|p1a: Mandibuzz|Defog|p2a: Ting-Lu
|-unboost|p2a: Ting-Lu|evasion|1
|-sideend|p1: omari p|Stealth Rock|[from] move: Defog|[of] p1a: Mandibuzz
|move|p2a: Ting-Lu|Ruination|p1a: Mandibuzz
|-damage|p1a: Mandibuzz|41/100
|
|upkeep
|turn|8
|
|t:|1758264313
|move|p1a: Mandibuzz|Roost|p1a: Mandibuzz
|-heal|p1a: Mandibuzz|91/100
|-singleturn|p1a: Mandibuzz|move: Roost
|move|p2a: Ting-Lu|Whirlwind|p1a: Mandibuzz
|drag|p1a: Cinderace|Cinderace, F|100/100
|
|upkeep
|turn|9
|
|t:|1758264318
|move|p1a: Cinderace|High Jump Kick|p2a: Ting-Lu
|-start|p1a: Cinderace|typechange|Fighting|[from] ability: Libero
|-supereffective|p2a: Ting-Lu
|-damage|p2a: Ting-Lu|32/100
|move|p2a: Ting-Lu|Stealth Rock|p1a: Cinderace
|-sidestart|p1: omari p|move: Stealth Rock
|
|-heal|p2a: Ting-Lu|38/100|[from] item: Leftovers
|upkeep
|turn|10
|j| SGCURRY3
|inactive|omari p has 120 seconds left.
|
|t:|1758264351
|switch|p2a: Alomomola|Alomomola, F|100/100
|move|p1a: Cinderace|Court Change|p1a: Cinderace
|-swapsideconditions
|-activate|p1a: Cinderace|move: Court Change
|
|upkeep
|turn|11
|inactive|omari p has 120 seconds left.
|
|t:|1758264359
|switch|p1a: Latios|Latios, M|100/100
|move|p2a: Alomomola|Flip Turn|p1a: Latios
|-resisted|p1a: Latios
|-damage|p1a: Latios|89/100
|
|t:|1758264366
|switch|p2a: Ting-Lu|Ting-Lu|38/100|[from] Flip Turn
|-damage|p2a: Ting-Lu|32/100|[from] Stealth Rock
|-ability|p2a: Ting-Lu|Vessel of Ruin
|
|-heal|p2a: Ting-Lu|38/100|[from] item: Leftovers
|upkeep
|turn|12
|inactive|omari p has 120 seconds left.
|
|t:|1758264383
|switch|p1a: Thundurus|Thundurus-Therian, M|100/100
|move|p2a: Ting-Lu|Stealth Rock|p1a: Thundurus
|-sidestart|p1: omari p|move: Stealth Rock
|
|-heal|p2a: Ting-Lu|44/100|[from] item: Leftovers
|upkeep
|turn|13
|
|t:|1758264391
|move|p1a: Thundurus|Nasty Plot|p1a: Thundurus
|-boost|p1a: Thundurus|spa|2
|move|p2a: Ting-Lu|Whirlwind|p1a: Thundurus
|drag|p1a: Iron Hands|Iron Hands|100/100
|-damage|p1a: Iron Hands|94/100|[from] Stealth Rock
|
|-heal|p2a: Ting-Lu|50/100|[from] item: Leftovers
|upkeep
|turn|14
|
|t:|1758264398
|switch|p2a: Sinistcha|Sinistcha-Masterpiece|100/100
|move|p1a: Iron Hands|Ice Punch|p2a: Sinistcha
|-supereffective|p2a: Sinistcha
|-damage|p2a: Sinistcha|52/100
|
|upkeep
|turn|15
|
|t:|1758264402
|-end|p1a: Iron Hands|Quark Drive|[silent]
|switch|p1a: Mandibuzz|Mandibuzz, F, shiny|91/100
|-damage|p1a: Mandibuzz|66/100|[from] Stealth Rock
|move|p2a: Sinistcha|Matcha Gotcha|p1a: Mandibuzz
|-resisted|p1a: Mandibuzz
|-damage|p1a: Mandibuzz|51/100
|-heal|p2a: Sinistcha|61/100|[from] drain|[of] p1a: Mandibuzz
|
|upkeep
|turn|16
|
|t:|1758264406
|move|p1a: Mandibuzz|Defog|p2a: Sinistcha
|-unboost|p2a: Sinistcha|evasion|1
|-sideend|p2: saeyouwontletgo|Stealth Rock|[from] move: Defog|[of] p1a: Mandibuzz
|-sideend|p1: omari p|Stealth Rock|[from] move: Defog|[of] p1a: Mandibuzz
|move|p2a: Sinistcha|Nasty Plot|p2a: Sinistcha
|-boost|p2a: Sinistcha|spa|2
|
|upkeep
|turn|17
|
|t:|1758264416
|move|p1a: Mandibuzz|Toxic|p2a: Sinistcha
|-status|p2a: Sinistcha|tox
|move|p2a: Sinistcha|Matcha Gotcha|p1a: Mandibuzz
|-resisted|p1a: Mandibuzz
|-damage|p1a: Mandibuzz|20/100
|-heal|p2a: Sinistcha|80/100 tox|[from] drain|[of] p1a: Mandibuzz
|
|-damage|p2a: Sinistcha|74/100 tox|[from] psn
|upkeep
|turn|18
|
|t:|1758264424
|switch|p1a: Deoxys|Deoxys-Speed|1/100
|-ability|p1a: Deoxys|Pressure
|move|p2a: Sinistcha|Matcha Gotcha|p1a: Deoxys
|-damage|p1a: Deoxys|0 fnt
|-heal|p2a: Sinistcha|74/100 tox|[from] drain|[of] p1a: Deoxys
|faint|p1a: Deoxys
|
|-damage|p2a: Sinistcha|62/100 tox|[from] psn
|upkeep
|l| SGCURRY3
|
|t:|1758264445
|switch|p1a: Cinderace|Cinderace, F|100/100
|turn|19
|
|t:|1758264447
|move|p1a: Cinderace|Pyro Ball|p2a: Sinistcha
|-supereffective|p2a: Sinistcha
|-damage|p2a: Sinistcha|6/100 tox
|move|p2a: Sinistcha|Matcha Gotcha|p1a: Cinderace
|-resisted|p1a: Cinderace
|-damage|p1a: Cinderace|48/100
|-heal|p2a: Sinistcha|29/100 tox|[from] drain|[of] p1a: Cinderace
|
|-damage|p2a: Sinistcha|11/100 tox|[from] psn
|upkeep
|turn|20
|
|t:|1758264455
|switch|p2a: Alomomola|Alomomola, F|100/100
|move|p1a: Cinderace|Pyro Ball|p2a: Alomomola
|-resisted|p2a: Alomomola
|-damage|p2a: Alomomola|78/100
|
|upkeep
|turn|21
|inactive|omari p has 120 seconds left.
|
|t:|1758264490
|move|p1a: Cinderace|High Jump Kick|p2a: Alomomola
|-start|p1a: Cinderace|typechange|Fighting|[from] ability: Libero
|-damage|p2a: Alomomola|38/100
|move|p2a: Alomomola|Flip Turn|p1a: Cinderace
|-damage|p1a: Cinderace|23/100
|
|t:|1758264498
|switch|p2a: Ting-Lu|Ting-Lu|50/100|[from] Flip Turn
|-ability|p2a: Ting-Lu|Vessel of Ruin
|
|-heal|p2a: Ting-Lu|57/100|[from] item: Leftovers
|upkeep
|turn|22
|
|t:|1758264514
|switch|p2a: Zamazenta|Zamazenta|100/100
|-ability|p2a: Zamazenta|Dauntless Shield|boost
|-boost|p2a: Zamazenta|def|1
|move|p1a: Cinderace|Pyro Ball|p2a: Zamazenta
|-damage|p2a: Zamazenta|69/100
|
|upkeep
|turn|23
|
|t:|1758264519
|switch|p1a: Latios|Latios, M|89/100
|move|p2a: Zamazenta|Crunch|p1a: Latios
|-supereffective|p1a: Latios
|-damage|p1a: Latios|17/100
|
|upkeep
|turn|24
|
|t:|1758264521
|move|p1a: Latios|Luster Purge|p2a: Zamazenta
|-supereffective|p2a: Zamazenta
|-damage|p2a: Zamazenta|0 fnt
|faint|p2a: Zamazenta
|
|upkeep
|j| nnmrrndrm
|
|t:|1758264526
|switch|p2a: Ting-Lu|Ting-Lu|57/100
|-ability|p2a: Ting-Lu|Vessel of Ruin
|turn|25
|
|t:|1758264539
|switch|p1a: Mandibuzz|Mandibuzz, F, shiny|20/100
|switch|p2a: Iron Treads|Iron Treads|100/100
|
|upkeep
|turn|26
|
|t:|1758264546
|move|p2a: Iron Treads|Ice Spinner|p1a: Mandibuzz
|-supereffective|p1a: Mandibuzz
|-damage|p1a: Mandibuzz|0 fnt
|-damage|p2a: Iron Treads|84/100|[from] item: Rocky Helmet|[of] p1a: Mandibuzz
|faint|p1a: Mandibuzz
|
|upkeep
|
|t:|1758264549
|switch|p1a: Thundurus|Thundurus-Therian, M|100/100
|turn|27
|j| p tnr black
|
|t:|1758264571
|switch|p1a: Cinderace|Cinderace, F|23/100
|move|p2a: Iron Treads|Rapid Spin|p1a: Cinderace
|-damage|p1a: Cinderace|1/100
|-boost|p2a: Iron Treads|spe|1
|
|upkeep
|turn|28
|
|t:|1758264574
|move|p1a: Cinderace|Sucker Punch|p2a: Iron Treads
|-start|p1a: Cinderace|typechange|Dark|[from] ability: Libero
|-damage|p2a: Iron Treads|53/100
|move|p2a: Iron Treads|Rapid Spin|p1a: Cinderace
|-damage|p1a: Cinderace|0 fnt
|-boost|p2a: Iron Treads|spe|1
|faint|p1a: Cinderace
|
|upkeep
|
|t:|1758264576
|switch|p1a: Iron Hands|Iron Hands|94/100
|turn|29
|
|t:|1758264586
|move|p2a: Iron Treads|Earthquake|p1a: Iron Hands
|-supereffective|p1a: Iron Hands
|-damage|p1a: Iron Hands|2/100
|move|p1a: Iron Hands|Close Combat|p2a: Iron Treads
|-supereffective|p2a: Iron Treads
|-damage|p2a: Iron Treads|0 fnt
|-unboost|p1a: Iron Hands|def|1
|-unboost|p1a: Iron Hands|spd|1
|faint|p2a: Iron Treads
|-end|p2a: Iron Treads|Quark Drive|[silent]
|
|upkeep
|
|t:|1758264594
|switch|p2a: Sinistcha|Sinistcha-Masterpiece|11/100 tox
|turn|30
|
|t:|1758264600
|-end|p1a: Iron Hands|Quark Drive|[silent]
|switch|p1a: Thundurus|Thundurus-Therian, M|100/100
|move|p2a: Sinistcha|Strength Sap|p1a: Thundurus
|-unboost|p1a: Thundurus|atk|1
|-heal|p2a: Sinistcha|67/100 tox
|
|-damage|p2a: Sinistcha|60/100 tox|[from] psn
|upkeep
|turn|31
|
|t:|1758264625
|move|p1a: Thundurus|Nasty Plot|p1a: Thundurus
|-boost|p1a: Thundurus|spa|2
|move|p2a: Sinistcha|Shadow Ball|p1a: Thundurus
|-damage|p1a: Thundurus|55/100
|
|-heal|p1a: Thundurus|61/100|[from] item: Leftovers
|-damage|p2a: Sinistcha|48/100 tox|[from] psn
|upkeep
|turn|32
|inactive|omari p has 120 seconds left.
|
|t:|1758264663
|move|p1a: Thundurus|Thunderbolt|p2a: Sinistcha
|-resisted|p2a: Sinistcha
|-damage|p2a: Sinistcha|0 fnt
|faint|p2a: Sinistcha
|
|-heal|p1a: Thundurus|67/100|[from] item: Leftovers
|upkeep
|
|t:|1758264667
|switch|p2a: Ting-Lu|Ting-Lu|57/100
|-ability|p2a: Ting-Lu|Vessel of Ruin
|turn|33
|inactive|omari p has 120 seconds left.
|inactive|omari p has 90 seconds left.
|
|t:|1758264711
|move|p1a: Thundurus|Focus Blast|p2a: Ting-Lu
|-supereffective|p2a: Ting-Lu
|-damage|p2a: Ting-Lu|0 fnt
|faint|p2a: Ting-Lu
|
|-heal|p1a: Thundurus|73/100|[from] item: Leftovers
|upkeep
|-message|saeyouwontletgo forfeited.
|
|win|omari p
|raw|omari p's rating: 1760 &rarr; <strong>1783</strong><br />(+23 for winning)
|raw|saeyouwontletgo's rating: 1819 &rarr; <strong>1796</strong><br />(-23 for losing)
|l|☆saeyouwontletgo
|player|p2|
|l| wen29
|l| nnmrrndrm
