|j|☆rookie22
|j|☆DontMissMantine
|t:|1758293293
|gametype|singles
|player|p1|rookie22|iris-gen5bw2|1785
|player|p2|DontMissMantine|lucas|1688
|gen|9
|tier|[Gen 9] OU
|rated|
|rule|HP Percentage Mod: HP is shown in percentages
|rule|Endless Battle Clause: Forcing endless battles is banned
|rule|Species Clause: Limit one of each Pokémon
|rule|OHKO Clause: OHKO moves are banned
|rule|Evasion Items Clause: Evasion items are banned
|rule|Evasion Moves Clause: Evasion moves are banned
|rule|Evasion Abilities Clause: Evasion abilities are banned
|rule|Sleep Moves Clause: Sleep-inducing moves are banned
|clearpoke
|poke|p1|Dragonite, M|
|poke|p1|Meowscarada, M|
|poke|p1|Keldeo|
|poke|p1|Iron Crown|
|poke|p1|Raging Bolt|
|poke|p1|Great Tusk|
|poke|p2|Pelipper, F|
|poke|p2|Beartic, F|
|poke|p2|Barraskewda, F|
|poke|p2|Ogerpon-Wellspring, F|
|poke|p2|Zapdos|
|poke|p2|Hatterene, F|
|teampreview
|inactive|Battle timer is ON: inactive players will automatically lose when time's up. (requested by rookie22)
|
|t:|1758293310
|teamsize|p1|6
|teamsize|p2|6
|start
|switch|p1a: Raging Bolt|Raging Bolt|100/100
|switch|p2a: Pelipper|Pelipper, F|100/100
|-weather|RainDance|[from] ability: Drizzle|[of] p2a: Pelipper
|turn|1
|
|t:|1758293321
|switch|p2a: Hatterene|Hatterene, F|100/100
|move|p1a: Raging Bolt|Calm Mind|p1a: Raging Bolt
|-boost|p1a: Raging Bolt|spa|1
|-boost|p1a: Raging Bolt|spd|1
|
|-weather|RainDance|[upkeep]
|upkeep
|turn|2
|
|t:|1758293330
|move|p1a: Raging Bolt|Thunderbolt|p2a: Hatterene
|-damage|p2a: Hatterene|15/100
|-enditem|p2a: Hatterene|Eject Button
|
|t:|1758293333
|switch|p2a: Beartic|Beartic, F|100/100
|
|-weather|RainDance|[upkeep]
|upkeep
|turn|3
|
|t:|1758293351
|-end|p1a: Raging Bolt|Protosynthesis|[silent]
|switch|p1a: Lisan Al Gaib|Keldeo|100/100
|move|p2a: Beartic|Icicle Spear|p1a: Lisan Al Gaib
|-resisted|p1a: Lisan Al Gaib
|-crit|p1a: Lisan Al Gaib
|-damage|p1a: Lisan Al Gaib|89/100
|-resisted|p1a: Lisan Al Gaib
|-damage|p1a: Lisan Al Gaib|80/100
|-resisted|p1a: Lisan Al Gaib
|-damage|p1a: Lisan Al Gaib|71/100
|-resisted|p1a: Lisan Al Gaib
|-damage|p1a: Lisan Al Gaib|64/100
|-resisted|p1a: Lisan Al Gaib
|-damage|p1a: Lisan Al Gaib|55/100
|-hitcount|p1a: Lisan Al Gaib|5
|
|-weather|RainDance|[upkeep]
|upkeep
|turn|4
|
|t:|1758293366
|-terastallize|p2a: Beartic|Electric
|move|p2a: Beartic|Tera Blast|p1a: Lisan Al Gaib|[anim] Tera Blast Electric
|-supereffective|p1a: Lisan Al Gaib
|-damage|p1a: Lisan Al Gaib|0 fnt
|faint|p1a: Lisan Al Gaib
|
|-weather|RainDance|[upkeep]
|upkeep
|inactive|rookie22 has 120 seconds left.
|
|t:|1758293386
|switch|p1a: Great Tusk|Great Tusk|100/100
|turn|5
|
|t:|1758293392
|switch|p2a: Zapdos|Zapdos|100/100
|-terastallize|p1a: Great Tusk|Steel
|move|p1a: Great Tusk|Earthquake|p2a: Zapdos
|-immune|p2a: Zapdos
|
|-weather|RainDance|[upkeep]
|upkeep
|turn|6
|
|t:|1758293401
|-end|p1a: Great Tusk|Protosynthesis|[silent]
|switch|p1a: Raging Bolt|Raging Bolt|100/100
|move|p2a: Zapdos|Volt Switch|p1a: Raging Bolt
|-resisted|p1a: Raging Bolt
|-damage|p1a: Raging Bolt|93/100
|
|t:|1758293407
|switch|p2a: Beartic|Beartic, F, tera:Electric|100/100|[from] Volt Switch
|
|-weather|RainDance|[upkeep]
|-heal|p1a: Raging Bolt|99/100|[from] item: Leftovers
|upkeep
|turn|7
|
|t:|1758293413
|-end|p1a: Raging Bolt|Protosynthesis|[silent]
|switch|p1a: Great Tusk|Great Tusk, tera:Steel|100/100
|move|p2a: Beartic|Icicle Spear|p1a: Great Tusk
|-resisted|p1a: Great Tusk
|-damage|p1a: Great Tusk|96/100
|-resisted|p1a: Great Tusk
|-damage|p1a: Great Tusk|92/100
|-resisted|p1a: Great Tusk
|-damage|p1a: Great Tusk|87/100
|-resisted|p1a: Great Tusk
|-damage|p1a: Great Tusk|83/100
|-hitcount|p1a: Great Tusk|4
|
|-weather|RainDance|[upkeep]
|-heal|p1a: Great Tusk|89/100|[from] item: Leftovers
|upkeep
|turn|8
|
|t:|1758293427
|switch|p2a: Hatterene|Hatterene, F|15/100
|-end|p1a: Great Tusk|Protosynthesis|[silent]
|switch|p1a: Raging Bolt|Raging Bolt|99/100
|
|-weather|none
|-heal|p1a: Raging Bolt|100/100|[from] item: Leftovers
|upkeep
|turn|9
|
|t:|1758293441
|move|p1a: Raging Bolt|Thunderbolt|p2a: Hatterene
|-damage|p2a: Hatterene|0 fnt
|faint|p2a: Hatterene
|
|upkeep
|
|t:|1758293445
|switch|p2a: Pelipper|Pelipper, F|100/100
|-weather|RainDance|[from] ability: Drizzle|[of] p2a: Pelipper
|turn|10
|
|t:|1758293449
|switch|p2a: Ogerpon|Ogerpon-Wellspring, F|100/100
|move|p1a: Raging Bolt|Dragon Pulse|p2a: Ogerpon
|-damage|p2a: Ogerpon|36/100
|
|-weather|RainDance|[upkeep]
|upkeep
|turn|11
|
|t:|1758293467
|move|p2a: Ogerpon|Play Rough|p1a: Raging Bolt
|-supereffective|p1a: Raging Bolt
|-damage|p1a: Raging Bolt|39/100
|move|p1a: Raging Bolt|Dragon Pulse|p2a: Ogerpon
|-damage|p2a: Ogerpon|0 fnt
|faint|p2a: Ogerpon
|
|-weather|RainDance|[upkeep]
|-heal|p1a: Raging Bolt|45/100|[from] item: Leftovers
|upkeep
|
|t:|1758293478
|switch|p2a: Beartic|Beartic, F, tera:Electric|100/100
|turn|12
|
|t:|1758293484
|-end|p1a: Raging Bolt|Protosynthesis|[silent]
|switch|p1a: Great Tusk|Great Tusk, tera:Steel|89/100
|move|p2a: Beartic|Icicle Spear|p1a: Great Tusk
|-resisted|p1a: Great Tusk
|-damage|p1a: Great Tusk|85/100
|-resisted|p1a: Great Tusk
|-damage|p1a: Great Tusk|80/100
|-resisted|p1a: Great Tusk
|-damage|p1a: Great Tusk|76/100
|-resisted|p1a: Great Tusk
|-damage|p1a: Great Tusk|71/100
|-hitcount|p1a: Great Tusk|4
|
|-weather|RainDance|[upkeep]
|-heal|p1a: Great Tusk|77/100|[from] item: Leftovers
|upkeep
|turn|13
|
|t:|1758293498
|switch|p2a: Zapdos|Zapdos|100/100
|move|p1a: Great Tusk|Earthquake|p2a: Zapdos
|-immune|p2a: Zapdos
|
|-weather|RainDance|[upkeep]
|-heal|p1a: Great Tusk|83/100|[from] item: Leftovers
|upkeep
|turn|14
|inactive|rookie22 has 120 seconds left.
|
|t:|1758293531
|-end|p1a: Great Tusk|Protosynthesis|[silent]
|switch|p1a: Bene Gesserit|Iron Crown|100/100
|move|p2a: Zapdos|Weather Ball|p1a: Bene Gesserit
|-damage|p1a: Bene Gesserit|69/100
|
|-weather|RainDance|[upkeep]
|upkeep
|turn|15
|
|t:|1758293540
|move|p1a: Bene Gesserit|Psyshock|p2a: Zapdos
|-damage|p2a: Zapdos|53/100
|move|p2a: Zapdos|Thunder|p1a: Bene Gesserit
|-damage|p1a: Bene Gesserit|35/100
|
|-weather|RainDance|[upkeep]
|upkeep
|turn|16
|
|t:|1758293547
|move|p1a: Bene Gesserit|Psyshock|p2a: Zapdos
|-damage|p2a: Zapdos|2/100
|move|p2a: Zapdos|Volt Switch|p1a: Bene Gesserit
|-damage|p1a: Bene Gesserit|12/100
|
|t:|1758293554
|switch|p2a: Barraskewda|Barraskewda, F|100/100|[from] Volt Switch
|
|-weather|RainDance|[upkeep]
|upkeep
|turn|17
|
|t:|1758293561
|move|p2a: Barraskewda|Liquidation|p1a: Bene Gesserit
|-damage|p1a: Bene Gesserit|0 fnt
|faint|p1a: Bene Gesserit
|-end|p1a: Bene Gesserit|Quark Drive|[silent]
|
|-weather|none
|upkeep
|
|t:|1758293574
|switch|p1a: Raging Bolt|Raging Bolt|45/100
|turn|18
|
|t:|1758293590
|switch|p2a: Pelipper|Pelipper, F|100/100
|-weather|RainDance|[from] ability: Drizzle|[of] p2a: Pelipper
|move|p1a: Raging Bolt|Dragon Pulse|p2a: Pelipper
|-damage|p2a: Pelipper|31/100
|
|-weather|RainDance|[upkeep]
|-heal|p1a: Raging Bolt|51/100|[from] item: Leftovers
|upkeep
|turn|19
|
|t:|1758293600
|switch|p2a: Zapdos|Zapdos|2/100
|move|p1a: Raging Bolt|Dragon Pulse|p2a: Zapdos
|-damage|p2a: Zapdos|0 fnt
|faint|p2a: Zapdos
|
|-weather|RainDance|[upkeep]
|-heal|p1a: Raging Bolt|57/100|[from] item: Leftovers
|upkeep
|
|t:|1758293610
|switch|p2a: Beartic|Beartic, F, tera:Electric|100/100
|turn|20
|
|t:|1758293616
|-end|p1a: Raging Bolt|Protosynthesis|[silent]
|switch|p1a: Great Tusk|Great Tusk, tera:Steel|83/100
|move|p2a: Beartic|Swords Dance|p2a: Beartic
|-boost|p2a: Beartic|atk|2
|
|-weather|RainDance|[upkeep]
|-heal|p1a: Great Tusk|89/100|[from] item: Leftovers
|upkeep
|turn|21
|
|t:|1758293625
|move|p2a: Beartic|Earthquake|p1a: Great Tusk
|-supereffective|p1a: Great Tusk
|-damage|p1a: Great Tusk|0 fnt
|faint|p1a: Great Tusk
|-end|p1a: Great Tusk|Protosynthesis|[silent]
|
|-weather|RainDance|[upkeep]
|upkeep
|inactive|rookie22 has 120 seconds left.
|
|t:|1758293678
|switch|p1a: Raging Bolt|Raging Bolt|57/100
|turn|22
|
|t:|1758293683
|move|p1a: Raging Bolt|Thunderclap|p2a: Beartic
|-resisted|p2a: Beartic
|-damage|p2a: Beartic|75/100
|move|p2a: Beartic|Icicle Spear|p1a: Raging Bolt
|-supereffective|p1a: Raging Bolt
|-damage|p1a: Raging Bolt|11/100
|-supereffective|p1a: Raging Bolt
|-damage|p1a: Raging Bolt|0 fnt
|faint|p1a: Raging Bolt
|-end|p1a: Raging Bolt|Protosynthesis|[silent]
|-hitcount|p1: Raging Bolt|2
|
|-weather|RainDance|[upkeep]
|upkeep
|
|t:|1758293701
|switch|p1a: Meowscarada|Meowscarada, M|100/100
|turn|23
|
|t:|1758293704
|move|p2a: Beartic|Icicle Spear|p1a: Meowscarada
|-supereffective|p1a: Meowscarada
|-damage|p1a: Meowscarada|6/100
|-supereffective|p1a: Meowscarada
|-damage|p1a: Meowscarada|0 fnt
|faint|p1a: Meowscarada
|-hitcount|p1: Meowscarada|2
|
|-weather|RainDance|[upkeep]
|upkeep
|
|t:|1758293709
|switch|p1a: MEGA DRAGONITE|Dragonite, M|100/100
|turn|24
|
|t:|1758293714
|move|p2a: Beartic|Icicle Spear|p1a: MEGA DRAGONITE
|-supereffective|p1a: MEGA DRAGONITE
|-crit|p1a: MEGA DRAGONITE
|-damage|p1a: MEGA DRAGONITE|13/100
|-supereffective|p1a: MEGA DRAGONITE
|-damage|p1a: MEGA DRAGONITE|0 fnt
|faint|p1a: MEGA DRAGONITE
|-hitcount|p1: MEGA DRAGONITE|2
|
|win|DontMissMantine
|raw|rookie22's rating: 1785 &rarr; <strong>1760</strong><br />(-25 for losing)
|raw|DontMissMantine's rating: 1688 &rarr; <strong>1713</strong><br />(+25 for winning)
|c|☆DontMissMantine|Gg
|c|☆rookie22|original
|c|☆DontMissMantine|Is that sincere or are you mocking
|c|☆rookie22|I mean using beartic is orginal cause i don't know what it can do
|c|☆DontMissMantine|Ah I see
|c|☆rookie22|but I know i win knowing a bit more about it
|c|☆DontMissMantine|yea it’s my favorite Mon I like to try to make it work
|c|☆DontMissMantine|I mean prob
|c|☆DontMissMantine|the people never expect beartoc
|l|☆DontMissMantine
|player|p2|
|j|☆DontMissMantine
|player|p2|DontMissMantine|lucas|
|c|☆rookie22|yeah
