|j|☆Elite4Azure
|j|☆Ranpoutine
|t:|1758293853
|gametype|singles
|player|p1|Elite4Azure|falkner|1114
|player|p2|Ranpoutine|102|1098
|gen|9
|tier|[Gen 9] OU
|rated|
|rule|HP Percentage Mod: HP is shown in percentages
|rule|Endless Battle Clause: Forcing endless battles is banned
|rule|Species Clause: Limit one of each Pokémon
|rule|OHKO Clause: OHKO moves are banned
|rule|Evasion Items Clause: Evasion items are banned
|rule|Evasion Moves Clause: Evasion moves are banned
|rule|Evasion Abilities Clause: Evasion abilities are banned
|rule|Sleep Moves Clause: Sleep-inducing moves are banned
|clearpoke
|poke|p1|Froslass, F|
|poke|p1|Garganacl, F|
|poke|p1|Scrafty, M|
|poke|p1|Bellibolt, M|
|poke|p1|Tsareena, F|
|poke|p1|Revavroom, M|
|poke|p2|Darkrai|
|poke|p2|Skarmory, M|
|poke|p2|Kingambit, M|
|poke|p2|Cinderace, M|
|poke|p2|Dragapult, M|
|poke|p2|Sceptile, F|
|teampreview
|
|t:|1758293864
|teamsize|p1|6
|teamsize|p2|6
|start
|switch|p1a: Froslass|Froslass, F|100/100
|switch|p2a: Sceptile|Sceptile, F, shiny|100/100
|turn|1
|
|t:|1758293873
|-terastallize|p2a: Sceptile|Water
|move|p1a: Froslass|Icy Wind|p2a: Sceptile
|-resisted|p2a: Sceptile
|-damage|p2a: Sceptile|86/100
|-unboost|p2a: Sceptile|spe|1
|move|p2a: Sceptile|Leaf Storm|p1a: Froslass
|-enditem|p1a: Froslass|Focus Sash
|-damage|p1a: Froslass|1/100
|-unboost|p2a: Sceptile|spa|2
|
|upkeep
|turn|2
|
|t:|1758293890
|switch|p2a: Skarmory|Skarmory, M|100/100
|move|p1a: Froslass|Will-O-Wisp|p2a: Skarmory
|-status|p2a: Skarmory|brn
|
|-damage|p2a: Skarmory|95/100 brn|[from] brn
|upkeep
|turn|3
|
|t:|1758293898
|move|p1a: Froslass|Hex|p2a: Skarmory
|-damage|p2a: Skarmory|22/100 brn
|move|p2a: Skarmory|Stealth Rock|p1a: Froslass
|-sidestart|p1: Elite4Azure|move: Stealth Rock
|
|-damage|p2a: Skarmory|16/100 brn|[from] brn
|upkeep
|turn|4
|
|t:|1758293904
|move|p1a: Froslass|Icy Wind|p2a: Skarmory
|-damage|p2a: Skarmory|0 fnt
|faint|p2a: Skarmory
|
|upkeep
|
|t:|1758293911
|switch|p2a: Sceptile|Sceptile, F, shiny, tera:Water|86/100
|turn|5
|
|t:|1758293918
|move|p1a: Froslass|Will-O-Wisp|p2a: Sceptile
|-status|p2a: Sceptile|brn
|move|p2a: Sceptile|Energy Ball|p1a: Froslass
|-damage|p1a: Froslass|0 fnt
|-start|p2a: Sceptile|Disable|Energy Ball|[from] ability: Cursed Body|[of] p1a: Froslass
|faint|p1a: Froslass
|
|-damage|p2a: Sceptile|80/100 brn|[from] brn
|upkeep
|
|t:|1758293922
|switch|p1a: Tsareena|Tsareena, F|100/100
|turn|6
|
|t:|1758293930
|switch|p2a: Dragapult|Dragapult, M|100/100
|move|p1a: Tsareena|Rapid Spin|p2a: Dragapult
|-immune|p2a: Dragapult
|
|upkeep
|turn|7
|
|t:|1758293936
|move|p2a: Dragapult|Will-O-Wisp|p1a: Tsareena|[miss]
|-miss|p2a: Dragapult|p1a: Tsareena
|move|p1a: Tsareena|Triple Axel|p2a: Dragapult
|-supereffective|p2a: Dragapult
|-damage|p2a: Dragapult|82/100
|-supereffective|p2a: Dragapult
|-damage|p2a: Dragapult|47/100
|-supereffective|p2a: Dragapult
|-damage|p2a: Dragapult|0 fnt
|faint|p2a: Dragapult
|-hitcount|p2: Dragapult|3
|
|upkeep
|
|t:|1758293952
|switch|p2a: Cinderace|Cinderace, M|100/100
|turn|8
|
|t:|1758293956
|switch|p1a: Garganacl|Garganacl, F|100/100
|-damage|p1a: Garganacl|88/100|[from] Stealth Rock
|move|p2a: Cinderace|Pyro Ball|p1a: Garganacl
|-resisted|p1a: Garganacl
|-damage|p1a: Garganacl|68/100
|
|-heal|p1a: Garganacl|74/100|[from] item: Leftovers
|upkeep
|turn|9
|
|t:|1758293966
|move|p2a: Cinderace|High Jump Kick|p1a: Garganacl
|-start|p2a: Cinderace|typechange|Fighting|[from] ability: Libero
|-supereffective|p1a: Garganacl
|-crit|p1a: Garganacl
|-damage|p1a: Garganacl|0 fnt
|faint|p1a: Garganacl
|
|upkeep
|l|☆Elite4Azure
|player|p1|
|j|☆Elite4Azure
|player|p1|Elite4Azure|falkner|
|
|t:|1758294023
|switch|p1a: Bellibolt|Bellibolt, M|100/100
|-damage|p1a: Bellibolt|88/100|[from] Stealth Rock
|turn|10
|
|t:|1758294030
|move|p2a: Cinderace|Pyro Ball|p1a: Bellibolt
|-damage|p1a: Bellibolt|59/100
|-start|p1a: Bellibolt|Charge|Pyro Ball|[from] ability: Electromorphosis
|move|p1a: Bellibolt|Parabolic Charge|p2a: Cinderace
|-damage|p2a: Cinderace|22/100
|-heal|p1a: Bellibolt|92/100|[from] drain|[of] p2a: Cinderace
|-end|p1a: Bellibolt|Charge|[silent]
|
|upkeep
|turn|11
|
|t:|1758294045
|switch|p2a: Darkrai|Darkrai|100/100
|move|p1a: Bellibolt|Parabolic Charge|p2a: Darkrai
|-damage|p2a: Darkrai|62/100
|-heal|p1a: Bellibolt|100/100|[from] drain|[of] p2a: Darkrai
|
|upkeep
|turn|12
|
|t:|1758294055
|move|p2a: Darkrai|Nasty Plot|p2a: Darkrai
|-boost|p2a: Darkrai|spa|2
|move|p1a: Bellibolt|Parabolic Charge|p2a: Darkrai
|-crit|p2a: Darkrai
|-damage|p2a: Darkrai|5/100
|
|upkeep
|turn|13
|
|t:|1758294061
|switch|p1a: Scrafty|Scrafty, M|100/100
|-damage|p1a: Scrafty|95/100|[from] Stealth Rock
|-ability|p1a: Scrafty|Intimidate|boost
|-unboost|p2a: Darkrai|atk|1
|move|p2a: Darkrai|Dark Pulse|p1a: Scrafty
|-resisted|p1a: Scrafty
|-damage|p1a: Scrafty|78/100
|
|upkeep
|turn|14
|
|t:|1758294070
|move|p1a: Scrafty|Fake Out|p2a: Darkrai
|-damage|p2a: Darkrai|0 fnt
|faint|p2a: Darkrai
|
|upkeep
|
|t:|1758294075
|switch|p2a: Sceptile|Sceptile, F, shiny, tera:Water|80/100 brn
|turn|15
|
|t:|1758294082
|switch|p1a: Tsareena|Tsareena, F|100/100
|move|p2a: Sceptile|Focus Blast|p1a: Tsareena
|-damage|p1a: Tsareena|64/100
|
|-damage|p2a: Sceptile|74/100 brn|[from] brn
|upkeep
|turn|16
|
|t:|1758294094
|move|p2a: Sceptile|Leaf Storm|p1a: Tsareena
|-resisted|p1a: Tsareena
|-damage|p1a: Tsareena|35/100
|-unboost|p2a: Sceptile|spa|2
|move|p1a: Tsareena|Rapid Spin|p2a: Sceptile
|-damage|p2a: Sceptile|48/100 brn
|-boost|p1a: Tsareena|spe|1
|-sideend|p1: Elite4Azure|Stealth Rock|[from] move: Rapid Spin|[of] p1a: Tsareena
|
|-damage|p2a: Sceptile|42/100 brn|[from] brn
|upkeep
|turn|17
|
|t:|1758294106
|switch|p2a: Cinderace|Cinderace, M|22/100
|move|p1a: Tsareena|Rapid Spin|p2a: Cinderace
|-damage|p2a: Cinderace|0 fnt
|-boost|p1a: Tsareena|spe|1
|faint|p2a: Cinderace
|
|upkeep
|
|t:|1758294112
|switch|p2a: Kingambit|Kingambit, M|100/100
|-activate|p2a: Kingambit|ability: Supreme Overlord
|-start|p2a: Kingambit|fallen4|[silent]
|-item|p2a: Kingambit|Air Balloon
|turn|18
|
|t:|1758294119
|move|p2a: Kingambit|Sucker Punch||[still]
|cant|p1a: Tsareena|ability: Queenly Majesty|Sucker Punch|[of] p2a: Kingambit
|move|p1a: Tsareena|High Jump Kick|p2a: Kingambit|[miss]
|-miss|p1a: Tsareena|p2a: Kingambit
|-damage|p1a: Tsareena|0 fnt|[from] highjumpkick
|faint|p1a: Tsareena
|
|upkeep
|
|t:|1758294125
|switch|p1a: Scrafty|Scrafty, M|78/100
|-ability|p1a: Scrafty|Intimidate|boost
|-unboost|p2a: Kingambit|atk|1
|turn|19
|
|t:|1758294131
|move|p1a: Scrafty|Drain Punch|p2a: Kingambit
|-supereffective|p2a: Kingambit
|-damage|p2a: Kingambit|7/100
|-heal|p1a: Scrafty|100/100|[from] drain|[of] p2a: Kingambit
|-enditem|p2a: Kingambit|Air Balloon
|move|p2a: Kingambit|Low Kick|p1a: Scrafty
|-supereffective|p1a: Scrafty
|-damage|p1a: Scrafty|64/100
|
|upkeep
|turn|20
|
|t:|1758294140
|move|p1a: Scrafty|Drain Punch|p2a: Kingambit
|-supereffective|p2a: Kingambit
|-damage|p2a: Kingambit|0 fnt
|-heal|p1a: Scrafty|69/100|[from] drain|[of] p2a: Kingambit
|faint|p2a: Kingambit
|-end|p2a: Kingambit|fallen4|[silent]
|
|upkeep
|
|t:|1758294145
|switch|p2a: Sceptile|Sceptile, F, shiny, tera:Water|42/100 brn
|turn|21
|
|t:|1758294152
|move|p2a: Sceptile|Focus Blast|p1a: Scrafty
|-supereffective|p1a: Scrafty
|-damage|p1a: Scrafty|10/100
|move|p1a: Scrafty|Knock Off|p2a: Sceptile
|-damage|p2a: Sceptile|0 fnt
|-enditem|p2a: Sceptile|Petaya Berry|[from] move: Knock Off|[of] p1a: Scrafty
|faint|p2a: Sceptile
|
|win|Elite4Azure
|raw|Elite4Azure's rating: 1114 &rarr; <strong>1138</strong><br />(+24 for winning)
|raw|Ranpoutine's rating: 1098 &rarr; <strong>1074</strong><br />(-24 for losing)
|l|☆Ranpoutine
|player|p2|
|l|☆Elite4Azure
|player|p1|
