|j|☆crashbuster
|j|☆thatonekieransimp
|t:|1758369919
|gametype|singles
|player|p1|crashbuster|brycenman|1084
|player|p2|thatonekieransimp|kieran|1155
|gen|9
|tier|[Gen 9] OU
|rated|
|rule|HP Percentage Mod: HP is shown in percentages
|rule|Endless Battle Clause: Forcing endless battles is banned
|rule|Species Clause: Limit one of each Pokémon
|rule|OHKO Clause: OHKO moves are banned
|rule|Evasion Items Clause: Evasion items are banned
|rule|Evasion Moves Clause: Evasion moves are banned
|rule|Evasion Abilities Clause: Evasion abilities are banned
|rule|Sleep Moves Clause: Sleep-inducing moves are banned
|clearpoke
|poke|p1|Braviary-Hisui, M|
|poke|p1|Electrode-Hisui|
|poke|p1|Lilligant-Hisui, F|
|poke|p1|Zoroark-Hisui, M|
|poke|p1|Avalugg-Hisui, F|
|poke|p1|Arcanine-Hisui, M|
|poke|p2|Meowscarada, M|
|poke|p2|Gliscor, M|
|poke|p2|Glimmora, M|
|poke|p2|Gholdengo|
|poke|p2|Hatterene, F|
|poke|p2|Dragonite, M|
|teampreview
|inactive|Battle timer is ON: inactive players will automatically lose when time's up. (requested by thatonekieransimp)
|
|t:|1758369941
|teamsize|p1|6
|teamsize|p2|6
|start
|switch|p1a: Avalugg|Avalugg-Hisui, F, shiny|100/100
|switch|p2a: Glimmora|Glimmora, M|100/100
|turn|1
|
|t:|1758369953
|move|p2a: Glimmora|Stealth Rock|p1a: Avalugg
|-sidestart|p1: crashbuster|move: Stealth Rock
|move|p1a: Avalugg|Stealth Rock|p2a: Glimmora
|-sidestart|p2: thatonekieransimp|move: Stealth Rock
|
|upkeep
|turn|2
|
|t:|1758369963
|move|p2a: Glimmora|Toxic Spikes|p1a: Avalugg
|-sidestart|p1: crashbuster|move: Toxic Spikes
|move|p1a: Avalugg|Icicle Spear|p2a: Glimmora
|-damage|p2a: Glimmora|86/100
|-activate|p2a: Glimmora|ability: Toxic Debris
|-sidestart|p1: crashbuster|move: Toxic Spikes
|-damage|p2a: Glimmora|70/100
|-damage|p2a: Glimmora|53/100
|-damage|p2a: Glimmora|37/100
|-damage|p2a: Glimmora|20/100
|-hitcount|p2a: Glimmora|5
|
|upkeep
|turn|3
|
|t:|1758369976
|move|p2a: Glimmora|Mortal Spin|p1a: Avalugg
|-resisted|p1a: Avalugg
|-damage|p1a: Avalugg|99/100
|-status|p1a: Avalugg|psn
|-sideend|p2: thatonekieransimp|Stealth Rock|[from] move: Mortal Spin|[of] p2a: Glimmora
|move|p1a: Avalugg|Rock Slide|p2a: Glimmora
|-damage|p2a: Glimmora|0 fnt
|faint|p2a: Glimmora
|
|-damage|p1a: Avalugg|86/100 psn|[from] psn
|upkeep
|
|t:|1758369979
|switch|p2a: Gliscor|Gliscor, M|100/100
|turn|4
|
|t:|1758369986
|switch|p2a: Hatterene|Hatterene, F|100/100
|move|p1a: Avalugg|Icicle Spear|p2a: Hatterene
|-crit|p2a: Hatterene
|-damage|p2a: Hatterene|83/100
|-damage|p2a: Hatterene|70/100
|-damage|p2a: Hatterene|58/100
|-hitcount|p2a: Hatterene|3
|
|-heal|p2a: Hatterene|64/100|[from] item: Leftovers
|-damage|p1a: Avalugg|74/100 psn|[from] psn
|upkeep
|turn|5
|
|t:|1758370006
|switch|p2a: Gliscor|Gliscor, M|100/100
|move|p1a: Avalugg|Icicle Spear|p2a: Gliscor
|-supereffective|p2a: Gliscor
|-damage|p2a: Gliscor|72/100
|-supereffective|p2a: Gliscor
|-damage|p2a: Gliscor|40/100
|-hitcount|p2a: Gliscor|2
|
|-damage|p1a: Avalugg|62/100 psn|[from] psn
|-status|p2a: Gliscor|tox|[from] item: Toxic Orb
|upkeep
|turn|6
|
|t:|1758370015
|move|p2a: Gliscor|Protect|p2a: Gliscor
|-singleturn|p2a: Gliscor|Protect
|move|p1a: Avalugg|Icicle Spear|p2a: Gliscor
|-activate|p2a: Gliscor|move: Protect
|
|-heal|p2a: Gliscor|53/100 tox|[from] ability: Poison Heal
|-damage|p1a: Avalugg|49/100 psn|[from] psn
|upkeep
|turn|7
|
|t:|1758370029
|switch|p2a: Hatterene|Hatterene, F|64/100
|move|p1a: Avalugg|Icicle Spear|p2a: Hatterene
|-damage|p2a: Hatterene|54/100
|-damage|p2a: Hatterene|43/100
|-damage|p2a: Hatterene|32/100
|-damage|p2a: Hatterene|20/100
|-hitcount|p2a: Hatterene|4
|
|-heal|p2a: Hatterene|26/100|[from] item: Leftovers
|-damage|p1a: Avalugg|37/100 psn|[from] psn
|upkeep
|turn|8
|
|t:|1758370044
|move|p1a: Avalugg|Icicle Spear|p2a: Hatterene
|-damage|p2a: Hatterene|15/100
|-damage|p2a: Hatterene|2/100
|-hitcount|p2a: Hatterene|2
|move|p2a: Hatterene|Mystical Fire|p1a: Avalugg
|-damage|p1a: Avalugg|0 fnt
|faint|p1a: Avalugg
|
|-heal|p2a: Hatterene|8/100|[from] item: Leftovers
|upkeep
|
|t:|1758370054
|switch|p1a: Braviary|Braviary-Hisui, M, shiny|100/100
|-damage|p1a: Braviary|76/100|[from] Stealth Rock
|turn|9
|
|t:|1758370059
|move|p1a: Braviary|Esper Wing|p2a: Hatterene
|-resisted|p2a: Hatterene
|-damage|p2a: Hatterene|0 fnt
|-boost|p1a: Braviary|spe|1
|faint|p2a: Hatterene
|
|upkeep
|inactive|thatonekieransimp has 120 seconds left.
|inactive|thatonekieransimp has 90 seconds left.
|
|t:|1758370127
|switch|p2a: Gliscor|Gliscor, M|53/100 tox
|turn|10
|
|t:|1758370141
|move|p1a: Braviary|Air Slash|p2a: Gliscor
|-damage|p2a: Gliscor|14/100 tox
|cant|p2a: Gliscor|flinch
|
|-heal|p2a: Gliscor|27/100 tox|[from] ability: Poison Heal
|upkeep
|turn|11
|
|t:|1758370157
|move|p2a: Gliscor|Protect|p2a: Gliscor
|-singleturn|p2a: Gliscor|Protect
|move|p1a: Braviary|Air Slash|p2a: Gliscor
|-activate|p2a: Gliscor|move: Protect
|
|-heal|p2a: Gliscor|39/100 tox|[from] ability: Poison Heal
|upkeep
|turn|12
|
|t:|1758370163
|move|p1a: Braviary|Air Slash|p2a: Gliscor
|-damage|p2a: Gliscor|0 fnt
|faint|p2a: Gliscor
|
|upkeep
|
|t:|1758370171
|switch|p2a: Gholdengo|Gholdengo|100/100
|-item|p2a: Gholdengo|Air Balloon
|turn|13
|
|t:|1758370183
|-terastallize|p1a: Braviary|Fighting
|move|p1a: Braviary|Heat Wave|p2a: Gholdengo
|-supereffective|p2a: Gholdengo
|-damage|p2a: Gholdengo|36/100
|-enditem|p2a: Gholdengo|Air Balloon
|move|p2a: Gholdengo|Shadow Ball|p1a: Braviary
|-damage|p1a: Braviary|43/100
|
|upkeep
|turn|14
|
|t:|1758370197
|move|p1a: Braviary|Heat Wave|p2a: Gholdengo
|-supereffective|p2a: Gholdengo
|-damage|p2a: Gholdengo|0 fnt
|faint|p2a: Gholdengo
|
|upkeep
|
|t:|1758370204
|switch|p2a: Dragonite|Dragonite, M|100/100
|turn|15
|
|t:|1758370213
|-terastallize|p2a: Dragonite|Normal
|move|p1a: Braviary|Air Slash|p2a: Dragonite
|-damage|p2a: Dragonite|83/100
|move|p2a: Dragonite|Dragon Dance|p2a: Dragonite
|-boost|p2a: Dragonite|atk|1
|-boost|p2a: Dragonite|spe|1
|
|upkeep
|turn|16
|inactive|thatonekieransimp has 120 seconds left.
|
|t:|1758370230
|move|p2a: Dragonite|Dragon Dance|p2a: Dragonite
|-boost|p2a: Dragonite|atk|1
|-boost|p2a: Dragonite|spe|1
|move|p1a: Braviary|Esper Wing|p2a: Dragonite
|-damage|p2a: Dragonite|46/100
|-boost|p1a: Braviary|spe|1
|
|upkeep
|turn|17
|
|t:|1758370237
|move|p2a: Dragonite|Dragon Dance|p2a: Dragonite
|-boost|p2a: Dragonite|atk|1
|-boost|p2a: Dragonite|spe|1
|move|p1a: Braviary|Esper Wing|p2a: Dragonite
|-damage|p2a: Dragonite|12/100
|-boost|p1a: Braviary|spe|1
|
|upkeep
|turn|18
|inactive|crashbuster has 120 seconds left.
|inactive|crashbuster has 90 seconds left.
|
|t:|1758370309
|move|p2a: Dragonite|Earthquake|p1a: Braviary
|-damage|p1a: Braviary|0 fnt
|faint|p1a: Braviary
|
|upkeep
|
|t:|1758370322
|switch|p1a: Electrode|Electrode-Hisui|100/100
|-damage|p1a: Electrode|88/100|[from] Stealth Rock
|-status|p1a: Electrode|tox
|turn|19
|
|t:|1758370333
|move|p2a: Dragonite|Earthquake|p1a: Electrode
|-damage|p1a: Electrode|0 fnt
|replace|p1a: Zoroark|Zoroark-Hisui, M
|-end|p1a: Zoroark|Illusion
|faint|p1a: Zoroark
|
|upkeep
|
|t:|1758370339
|switch|p1a: Arcanine|Arcanine-Hisui, M|100/100
|-damage|p1a: Arcanine|76/100|[from] Stealth Rock
|-status|p1a: Arcanine|tox
|turn|20
|
|t:|1758370343
|move|p1a: Arcanine|Extreme Speed|p2a: Dragonite
|-damage|p2a: Dragonite|0 fnt
|faint|p2a: Dragonite
|
|-damage|p1a: Arcanine|70/100 tox|[from] psn
|upkeep
|
|t:|1758370346
|switch|p2a: Meowscarada|Meowscarada, M|100/100
|turn|21
|
|t:|1758370353
|switch|p1a: Electrode|Electrode-Hisui|100/100
|-damage|p1a: Electrode|88/100|[from] Stealth Rock
|-status|p1a: Electrode|tox
|move|p2a: Meowscarada|Flower Trick|p1a: Electrode
|-start|p2a: Meowscarada|typechange|Grass|[from] ability: Protean
|-resisted|p1a: Electrode
|-crit|p1a: Electrode
|-damage|p1a: Electrode|45/100 tox
|
|-damage|p1a: Electrode|38/100 tox|[from] psn
|upkeep
|turn|22
|inactive|crashbuster has 90 seconds left.
|
|t:|1758370398
|move|p1a: Electrode|Discharge|p2a: Meowscarada
|-resisted|p2a: Meowscarada
|-damage|p2a: Meowscarada|69/100
|-status|p2a: Meowscarada|par
|-damage|p1a: Electrode|28/100 tox|[from] item: Life Orb
|move|p2a: Meowscarada|Flower Trick|p1a: Electrode
|-resisted|p1a: Electrode
|-crit|p1a: Electrode
|-damage|p1a: Electrode|0 fnt
|faint|p1a: Electrode
|
|upkeep
|
|t:|1758370408
|switch|p1a: Arcanine|Arcanine-Hisui, M|70/100 tox
|-damage|p1a: Arcanine|45/100 tox|[from] Stealth Rock
|turn|23
|
|t:|1758370425
|move|p1a: Arcanine|Flare Blitz|p2a: Meowscarada
|-supereffective|p2a: Meowscarada
|-damage|p2a: Meowscarada|0 fnt
|faint|p2a: Meowscarada
|
|win|crashbuster
|raw|crashbuster's rating: 1084 &rarr; <strong>1117</strong><br />(+33 for winning)
|raw|thatonekieransimp's rating: 1155 &rarr; <strong>1125</strong><br />(-30 for losing)
|l|☆thatonekieransimp
|player|p2|
|l|☆crashbuster
|player|p1|
