|j|☆Trumpismessiah
|j|☆tbw114514
|t:|1758348511
|gametype|singles
|player|p1|Trumpismessiah|1|1468
|player|p2|tbw114514|1|1422
|gen|9
|tier|[Gen 9] OU
|rated|
|rule|HP Percentage Mod: HP is shown in percentages
|rule|Endless Battle Clause: Forcing endless battles is banned
|rule|Species Clause: Limit one of each Pokémon
|rule|OHKO Clause: OHKO moves are banned
|rule|Evasion Items Clause: Evasion items are banned
|rule|Evasion Moves Clause: Evasion moves are banned
|rule|Evasion Abilities Clause: Evasion abilities are banned
|rule|Sleep Moves Clause: Sleep-inducing moves are banned
|clearpoke
|poke|p1|Porygon2|
|poke|p1|Cinderace, M|
|poke|p1|Iron Hands|
|poke|p1|Dondozo, F|
|poke|p1|Dragapult, F|
|poke|p1|Necrozma|
|poke|p2|Glimmora, M|
|poke|p2|Iron Treads|
|poke|p2|Polteageist-Antique|
|poke|p2|Raging Bolt|
|poke|p2|Dragonite, M|
|poke|p2|Zamazenta-*|
|teampreview
|inactive|Battle timer is ON: inactive players will automatically lose when time's up. (requested by tbw114514)
|
|t:|1758348527
|teamsize|p1|6
|teamsize|p2|6
|start
|switch|p1a: Porygon2|Porygon2, shiny|100/100
|switch|p2a: 铁大鸡|Iron Treads|100/100
|-enditem|p2a: 铁大鸡|Booster Energy
|-activate|p2a: 铁大鸡|ability: Quark Drive|[fromitem]
|-start|p2a: 铁大鸡|quarkdrivespe
|turn|1
|
|t:|1758348536
|move|p2a: 铁大鸡|Knock Off|p1a: Porygon2
|-damage|p1a: Porygon2|85/100
|-enditem|p1a: Porygon2|Eviolite|[from] move: Knock Off|[of] p2a: 铁大鸡
|move|p1a: Porygon2|Ice Beam|p2a: 铁大鸡
|-damage|p2a: 铁大鸡|57/100
|
|upkeep
|turn|2
|
|t:|1758348539
|move|p2a: 铁大鸡|Stealth Rock|p1a: Porygon2
|-sidestart|p1: Trumpismessiah|move: Stealth Rock
|move|p1a: Porygon2|Ice Beam|p2a: 铁大鸡
|-damage|p2a: 铁大鸡|10/100
|
|upkeep
|turn|3
|
|t:|1758348545
|move|p2a: 铁大鸡|Endeavor|p1a: Porygon2
|-damage|p1a: Porygon2|10/100
|move|p1a: Porygon2|Psyshock|p2a: 铁大鸡
|-resisted|p2a: 铁大鸡
|-damage|p2a: 铁大鸡|0 fnt
|faint|p2a: 铁大鸡
|-end|p2a: 铁大鸡|Quark Drive|[silent]
|
|upkeep
|
|t:|1758348555
|switch|p2a: 长脖奶龙|Raging Bolt|100/100
|-enditem|p2a: 长脖奶龙|Booster Energy
|-activate|p2a: 长脖奶龙|ability: Protosynthesis|[fromitem]
|-start|p2a: 长脖奶龙|protosynthesisspa
|turn|4
|
|t:|1758348561
|move|p2a: 长脖奶龙|Dragon Pulse|p1a: Porygon2
|-damage|p1a: Porygon2|0 fnt
|faint|p1a: Porygon2
|
|upkeep
|
|t:|1758348563
|switch|p1a: Cinderace|Cinderace, M|100/100
|-damage|p1a: Cinderace|76/100|[from] Stealth Rock
|turn|5
|
|t:|1758348574
|move|p1a: Cinderace|Court Change|p1a: Cinderace
|-start|p1a: Cinderace|typechange|Normal|[from] ability: Libero
|-swapsideconditions
|-activate|p1a: Cinderace|move: Court Change
|move|p2a: 长脖奶龙|Thunderbolt|p1a: Cinderace
|-damage|p1a: Cinderace|0 fnt
|faint|p1a: Cinderace
|
|upkeep
|
|t:|1758348578
|switch|p1a: Dragapult|Dragapult, F|100/100
|turn|6
|
|t:|1758348598
|-terastallize|p2a: 长脖奶龙|Bug
|move|p1a: Dragapult|U-turn|p2a: 长脖奶龙
|-damage|p2a: 长脖奶龙|62/100
|
|t:|1758348607
|switch|p1a: Necrozma|Necrozma|100/100|[from] U-turn
|move|p2a: 长脖奶龙|Dragon Pulse|p1a: Necrozma
|-damage|p1a: Necrozma|20/100
|
|upkeep
|turn|7
|
|t:|1758348614
|move|p1a: Necrozma|Photon Geyser|p2a: 长脖奶龙
|-damage|p2a: 长脖奶龙|17/100
|move|p2a: 长脖奶龙|Thunderbolt|p1a: Necrozma
|-damage|p1a: Necrozma|0 fnt
|faint|p1a: Necrozma
|
|upkeep
|
|t:|1758348616
|switch|p1a: Dragapult|Dragapult, F|100/100
|turn|8
|
|t:|1758348621
|move|p2a: 长脖奶龙|Thunderclap|p1a: Dragapult
|-resisted|p1a: Dragapult
|-damage|p1a: Dragapult|63/100
|move|p1a: Dragapult|Dragon Darts|p2a: 长脖奶龙
|-damage|p2a: 长脖奶龙|0 fnt
|faint|p2a: 长脖奶龙
|-end|p2a: 长脖奶龙|Protosynthesis|[silent]
|
|upkeep
|
|t:|1758348627
|switch|p2a: 盾之勇者成名录|Zamazenta|100/100
|-damage|p2a: 盾之勇者成名录|94/100|[from] Stealth Rock
|-ability|p2a: 盾之勇者成名录|Dauntless Shield|boost
|-boost|p2a: 盾之勇者成名录|def|1
|turn|9
|
|t:|1758348640
|switch|p1a: Dondozo|Dondozo, F|100/100
|move|p2a: 盾之勇者成名录|Roar|p1a: Dondozo
|drag|p1a: Iron Hands|Iron Hands|100/100
|
|-heal|p2a: 盾之勇者成名录|100/100|[from] item: Leftovers
|upkeep
|turn|10
|
|t:|1758348646
|-end|p1a: Iron Hands|Quark Drive|[silent]
|switch|p1a: Dondozo|Dondozo, F|100/100
|move|p2a: 盾之勇者成名录|Iron Defense|p2a: 盾之勇者成名录
|-boost|p2a: 盾之勇者成名录|def|2
|
|upkeep
|turn|11
|
|t:|1758348650
|move|p2a: 盾之勇者成名录|Crunch|p1a: Dondozo
|-damage|p1a: Dondozo|89/100
|move|p1a: Dondozo|Liquidation|p2a: 盾之勇者成名录
|-damage|p2a: 盾之勇者成名录|80/100
|-unboost|p2a: 盾之勇者成名录|def|1
|
|-heal|p2a: 盾之勇者成名录|86/100|[from] item: Leftovers
|-heal|p1a: Dondozo|95/100|[from] item: Leftovers
|upkeep
|turn|12
|
|t:|1758348653
|move|p2a: 盾之勇者成名录|Crunch|p1a: Dondozo
|-crit|p1a: Dondozo
|-damage|p1a: Dondozo|77/100
|-unboost|p1a: Dondozo|def|1
|move|p1a: Dondozo|Liquidation|p2a: 盾之勇者成名录
|-damage|p2a: 盾之勇者成名录|66/100
|
|-heal|p2a: 盾之勇者成名录|73/100|[from] item: Leftovers
|-heal|p1a: Dondozo|83/100|[from] item: Leftovers
|upkeep
|turn|13
|
|t:|1758348657
|switch|p1a: Iron Hands|Iron Hands|100/100
|move|p2a: 盾之勇者成名录|Crunch|p1a: Iron Hands
|-resisted|p1a: Iron Hands
|-damage|p1a: Iron Hands|94/100
|
|-heal|p2a: 盾之勇者成名录|79/100|[from] item: Leftovers
|upkeep
|turn|14
|
|t:|1758348662
|-end|p1a: Iron Hands|Quark Drive|[silent]
|switch|p1a: Dondozo|Dondozo, F|83/100
|move|p2a: 盾之勇者成名录|Body Press|p1a: Dondozo
|-damage|p1a: Dondozo|61/100
|
|-heal|p2a: 盾之勇者成名录|85/100|[from] item: Leftovers
|-heal|p1a: Dondozo|67/100|[from] item: Leftovers
|upkeep
|turn|15
|
|t:|1758348666
|move|p2a: 盾之勇者成名录|Iron Defense|p2a: 盾之勇者成名录
|-boost|p2a: 盾之勇者成名录|def|2
|move|p1a: Dondozo|Liquidation|p2a: 盾之勇者成名录
|-damage|p2a: 盾之勇者成名录|65/100
|
|-heal|p2a: 盾之勇者成名录|72/100|[from] item: Leftovers
|-heal|p1a: Dondozo|73/100|[from] item: Leftovers
|upkeep
|turn|16
|
|t:|1758348668
|move|p2a: 盾之勇者成名录|Iron Defense|p2a: 盾之勇者成名录
|-boost|p2a: 盾之勇者成名录|def|2
|move|p1a: Dondozo|Curse|p1a: Dondozo
|-unboost|p1a: Dondozo|spe|1
|-boost|p1a: Dondozo|atk|1
|-boost|p1a: Dondozo|def|1
|
|-heal|p2a: 盾之勇者成名录|78/100|[from] item: Leftovers
|-heal|p1a: Dondozo|79/100|[from] item: Leftovers
|upkeep
|turn|17
|
|t:|1758348671
|move|p1a: Dondozo|Liquidation|p2a: 盾之勇者成名录
|-damage|p2a: 盾之勇者成名录|47/100
|-unboost|p2a: 盾之勇者成名录|def|1
|move|p2a: 盾之勇者成名录|Roar|p1a: Dondozo
|drag|p1a: Iron Hands|Iron Hands|94/100
|
|-heal|p2a: 盾之勇者成名录|53/100|[from] item: Leftovers
|upkeep
|turn|18
|
|t:|1758348678
|-end|p1a: Iron Hands|Quark Drive|[silent]
|switch|p1a: Dondozo|Dondozo, F|79/100
|move|p2a: 盾之勇者成名录|Crunch|p1a: Dondozo
|-damage|p1a: Dondozo|67/100
|-unboost|p1a: Dondozo|def|1
|
|-heal|p2a: 盾之勇者成名录|59/100|[from] item: Leftovers
|-heal|p1a: Dondozo|73/100|[from] item: Leftovers
|upkeep
|turn|19
|
|t:|1758348684
|move|p2a: 盾之勇者成名录|Crunch|p1a: Dondozo
|-damage|p1a: Dondozo|53/100
|move|p1a: Dondozo|Curse|p1a: Dondozo
|-unboost|p1a: Dondozo|spe|1
|-boost|p1a: Dondozo|atk|1
|-boost|p1a: Dondozo|def|1
|
|-heal|p2a: 盾之勇者成名录|66/100|[from] item: Leftovers
|-heal|p1a: Dondozo|59/100|[from] item: Leftovers
|upkeep
|turn|20
|
|t:|1758348691
|move|p2a: 盾之勇者成名录|Crunch|p1a: Dondozo
|-damage|p1a: Dondozo|45/100
|-unboost|p1a: Dondozo|def|1
|move|p1a: Dondozo|Liquidation|p2a: 盾之勇者成名录
|-damage|p2a: 盾之勇者成名录|34/100
|
|-heal|p2a: 盾之勇者成名录|40/100|[from] item: Leftovers
|-heal|p1a: Dondozo|51/100|[from] item: Leftovers
|upkeep
|turn|21
|
|t:|1758348699
|move|p2a: 盾之勇者成名录|Crunch|p1a: Dondozo
|-crit|p1a: Dondozo
|-damage|p1a: Dondozo|23/100
|move|p1a: Dondozo|Rest|p1a: Dondozo
|-status|p1a: Dondozo|slp|[from] move: Rest
|-heal|p1a: Dondozo|100/100 slp|[silent]
|
|-heal|p2a: 盾之勇者成名录|47/100|[from] item: Leftovers
|upkeep
|turn|22
|
|t:|1758348708
|cant|p1a: Dondozo|slp
|move|p1a: Dondozo|Sleep Talk|p1a: Dondozo
|move|p1a: Dondozo|Liquidation|p2a: 盾之勇者成名录|[from] move: Sleep Talk
|-damage|p2a: 盾之勇者成名录|16/100
|move|p2a: 盾之勇者成名录|Roar|p1a: Dondozo
|drag|p1a: Iron Hands|Iron Hands|94/100
|
|-heal|p2a: 盾之勇者成名录|23/100|[from] item: Leftovers
|upkeep
|turn|23
|
|t:|1758348716
|-end|p1a: Iron Hands|Quark Drive|[silent]
|switch|p1a: Dondozo|Dondozo, F|100/100 slp
|move|p2a: 盾之勇者成名录|Crunch|p1a: Dondozo
|-damage|p1a: Dondozo|88/100 slp
|
|-heal|p2a: 盾之勇者成名录|29/100|[from] item: Leftovers
|-heal|p1a: Dondozo|94/100 slp|[from] item: Leftovers
|upkeep
|turn|24
|
|t:|1758348720
|move|p2a: 盾之勇者成名录|Crunch|p1a: Dondozo
|-damage|p1a: Dondozo|81/100 slp
|cant|p1a: Dondozo|slp
|move|p1a: Dondozo|Sleep Talk|p1a: Dondozo
|move|p1a: Dondozo|Curse|p1a: Dondozo|[from] move: Sleep Talk
|-unboost|p1a: Dondozo|spe|1
|-boost|p1a: Dondozo|atk|1
|-boost|p1a: Dondozo|def|1
|
|-heal|p2a: 盾之勇者成名录|35/100|[from] item: Leftovers
|-heal|p1a: Dondozo|87/100 slp|[from] item: Leftovers
|upkeep
|turn|25
|
|t:|1758348723
|move|p2a: 盾之勇者成名录|Crunch|p1a: Dondozo
|-damage|p1a: Dondozo|78/100 slp
|-curestatus|p1a: Dondozo|slp|[msg]
|move|p1a: Dondozo|Liquidation|p2a: 盾之勇者成名录
|-damage|p2a: 盾之勇者成名录|2/100
|
|-heal|p2a: 盾之勇者成名录|8/100|[from] item: Leftovers
|-heal|p1a: Dondozo|84/100|[from] item: Leftovers
|upkeep
|turn|26
|
|t:|1758348726
|move|p1a: Dondozo|Liquidation|p2a: 盾之勇者成名录
|-damage|p2a: 盾之勇者成名录|0 fnt
|faint|p2a: 盾之勇者成名录
|
|-heal|p1a: Dondozo|91/100|[from] item: Leftovers
|upkeep
|
|t:|1758348731
|switch|p2a: 宁芙のβ|Glimmora, M|100/100
|-damage|p2a: 宁芙のβ|88/100|[from] Stealth Rock
|turn|27
|
|t:|1758348740
|move|p2a: 宁芙のβ|Energy Ball|p1a: Dondozo
|-supereffective|p1a: Dondozo
|-damage|p1a: Dondozo|52/100
|move|p1a: Dondozo|Liquidation|p2a: 宁芙のβ
|-supereffective|p2a: 宁芙のβ
|-damage|p2a: 宁芙のβ|0 fnt
|-activate|p2a: 宁芙のβ|ability: Toxic Debris
|-sidestart|p1: Trumpismessiah|move: Toxic Spikes
|faint|p2a: 宁芙のβ
|
|-heal|p1a: Dondozo|58/100|[from] item: Leftovers
|upkeep
|
|t:|1758348747
|switch|p2a: 昏睡红茶|Polteageist-Antique|100/100
|-damage|p2a: 昏睡红茶|88/100|[from] Stealth Rock
|turn|28
|
|t:|1758348755
|move|p2a: 昏睡红茶|Shell Smash|p2a: 昏睡红茶
|-unboost|p2a: 昏睡红茶|def|1
|-unboost|p2a: 昏睡红茶|spd|1
|-boost|p2a: 昏睡红茶|atk|2
|-boost|p2a: 昏睡红茶|spa|2
|-boost|p2a: 昏睡红茶|spe|2
|move|p1a: Dondozo|Curse|p1a: Dondozo
|-unboost|p1a: Dondozo|spe|1
|-boost|p1a: Dondozo|atk|1
|-boost|p1a: Dondozo|def|1
|
|-heal|p1a: Dondozo|64/100|[from] item: Leftovers
|upkeep
|turn|29
|
|t:|1758348761
|-terastallize|p1a: Dondozo|Dark
|move|p2a: 昏睡红茶|Stored Power|p1a: Dondozo
|-immune|p1a: Dondozo
|move|p1a: Dondozo|Liquidation|p2a: 昏睡红茶
|-damage|p2a: 昏睡红茶|0 fnt
|faint|p2a: 昏睡红茶
|
|-heal|p1a: Dondozo|71/100|[from] item: Leftovers
|upkeep
|-message|tbw114514 forfeited.
|
|win|Trumpismessiah
|raw|Trumpismessiah's rating: 1468 &rarr; <strong>1485</strong><br />(+17 for winning)
|raw|tbw114514's rating: 1422 &rarr; <strong>1405</strong><br />(-17 for losing)
|l|☆tbw114514
|player|p2|
