|j|☆c.empty
|j|☆polygon pie
|t:|1758254529
|gametype|singles
|player|p1|c.empty|265|1170
|player|p2|polygon pie|flint|1257
|gen|9
|tier|[Gen 9] OU
|rated|
|rule|HP Percentage Mod: HP is shown in percentages
|rule|Endless Battle Clause: Forcing endless battles is banned
|rule|Species Clause: Limit one of each Pokémon
|rule|OHKO Clause: OHKO moves are banned
|rule|Evasion Items Clause: Evasion items are banned
|rule|Evasion Moves Clause: Evasion moves are banned
|rule|Evasion Abilities Clause: Evasion abilities are banned
|rule|Sleep Moves Clause: Sleep-inducing moves are banned
|clearpoke
|poke|p1|Moltres|
|poke|p1|Samurott-Hisui, F|
|poke|p1|Hydrapple, M|
|poke|p1|Zamazenta-*|
|poke|p1|Slowking-Galar, M|
|poke|p1|Gholdengo|
|poke|p2|Torkoal, F|
|poke|p2|Kingambit, M|
|poke|p2|Cinderace, F|
|poke|p2|Hatterene, F|
|poke|p2|Enamorus, F|
|poke|p2|Gliscor, F|
|teampreview
|
|t:|1758254563
|teamsize|p1|6
|teamsize|p2|6
|start
|switch|p1a: Gholdengo|Gholdengo|100/100
|switch|p2a: Torkoal|Torkoal, F|100/100
|-item|p1a: Gholdengo|Air Balloon
|-weather|SunnyDay|[from] ability: Drought|[of] p2a: Torkoal
|turn|1
|inactive|Battle timer is ON: inactive players will automatically lose when time's up. (requested by polygon pie)
|
|t:|1758254578
|switch|p1a: Slowking|Slowking-Galar, M|100/100
|switch|p2a: Gliscor|Gliscor, F|100/100
|
|-weather|SunnyDay|[upkeep]
|-status|p2a: Gliscor|tox|[from] item: Toxic Orb
|upkeep
|turn|2
|
|t:|1758254596
|move|p2a: Gliscor|Knock Off|p1a: Slowking
|-supereffective|p1a: Slowking
|-damage|p1a: Slowking|57/100
|-enditem|p1a: Slowking|Heavy-Duty Boots|[from] move: Knock Off|[of] p2a: Gliscor
|-prepare|p1a: Slowking|Chilly Reception|[premajor]
|move|p1a: Slowking|Chilly Reception|p1a: Slowking
|-weather|Snowscape
|
|t:|1758254606
|switch|p1a: Samurott|Samurott-Hisui, F|100/100|[from] Chilly Reception
|
|-weather|Snowscape|[upkeep]
|upkeep
|turn|3
|
|t:|1758254615
|switch|p2a: Torkoal|Torkoal, F|100/100
|-weather|SunnyDay|[from] ability: Drought|[of] p2a: Torkoal
|move|p1a: Samurott|Ceaseless Edge|p2a: Torkoal
|-damage|p2a: Torkoal|78/100
|-sidestart|p2: polygon pie|Spikes
|
|-weather|SunnyDay|[upkeep]
|upkeep
|turn|4
|
|t:|1758254636
|move|p1a: Samurott|Knock Off|p2a: Torkoal
|-damage|p2a: Torkoal|53/100
|-enditem|p2a: Torkoal|Heat Rock|[from] move: Knock Off|[of] p1a: Samurott
|move|p2a: Torkoal|Will-O-Wisp|p1a: Samurott
|-status|p1a: Samurott|brn
|
|-weather|SunnyDay|[upkeep]
|-damage|p1a: Samurott|94/100 brn|[from] brn
|upkeep
|turn|5
|
|t:|1758254649
|move|p1a: Samurott|Razor Shell|p2a: Torkoal
|-supereffective|p2a: Torkoal
|-damage|p2a: Torkoal|39/100
|move|p2a: Torkoal|Stealth Rock|p1a: Samurott
|-sidestart|p1: c.empty|move: Stealth Rock
|
|-weather|SunnyDay|[upkeep]
|-damage|p1a: Samurott|88/100 brn|[from] brn
|upkeep
|turn|6
|
|t:|1758254662
|switch|p2a: Enamorus|Enamorus, F|100/100
|move|p1a: Samurott|Razor Shell|p2a: Enamorus
|-damage|p2a: Enamorus|81/100
|
|-weather|SunnyDay|[upkeep]
|-damage|p1a: Samurott|82/100 brn|[from] brn
|upkeep
|turn|7
|
|t:|1758254674
|switch|p1a: Gholdengo|Gholdengo|100/100
|-damage|p1a: Gholdengo|94/100|[from] Stealth Rock
|-item|p1a: Gholdengo|Air Balloon
|move|p2a: Enamorus|Moonblast|p1a: Gholdengo
|-resisted|p1a: Gholdengo
|-damage|p1a: Gholdengo|72/100
|-enditem|p1a: Gholdengo|Air Balloon
|
|-weather|SunnyDay|[upkeep]
|upkeep
|turn|8
|
|t:|1758254702
|switch|p2a: Kingambit|Kingambit, M|100/100
|-damage|p2a: Kingambit|88/100|[from] Spikes
|move|p1a: Gholdengo|Make It Rain|p2a: Kingambit
|-resisted|p2a: Kingambit
|-damage|p2a: Kingambit|56/100
|-unboost|p1a: Gholdengo|spa|1
|
|-weather|SunnyDay|[upkeep]
|upkeep
|turn|9
|inactive|c.empty has 120 seconds left.
|
|t:|1758254718
|switch|p1a: Moltres|Moltres|100/100
|-end|p2a: Kingambit|fallenundefined|[silent]
|switch|p2a: Gliscor|Gliscor, F|100/100 tox
|
|-weather|SunnyDay|[upkeep]
|upkeep
|turn|10
|inactive|c.empty has 120 seconds left.
|
|t:|1758254731
|move|p2a: Gliscor|Toxic|p1a: Moltres
|-status|p1a: Moltres|tox
|move|p1a: Moltres|Flamethrower|p2a: Gliscor
|-damage|p2a: Gliscor|32/100 tox
|
|-weather|none
|-heal|p2a: Gliscor|44/100 tox|[from] ability: Poison Heal
|-damage|p1a: Moltres|94/100 tox|[from] psn
|upkeep
|turn|11
|
|t:|1758254739
|move|p2a: Gliscor|Spikes|p1a: Moltres
|-sidestart|p1: c.empty|Spikes
|move|p1a: Moltres|Flamethrower|p2a: Gliscor
|-damage|p2a: Gliscor|0 fnt
|faint|p2a: Gliscor
|
|-damage|p1a: Moltres|82/100 tox|[from] psn
|upkeep
|
|t:|1758254753
|switch|p2a: Torkoal|Torkoal, F|39/100
|-damage|p2a: Torkoal|27/100|[from] Spikes
|-weather|SunnyDay|[from] ability: Drought|[of] p2a: Torkoal
|turn|12
|
|t:|1758254762
|move|p1a: Moltres|U-turn|p2a: Torkoal
|-resisted|p2a: Torkoal
|-damage|p2a: Torkoal|23/100
|
|t:|1758254765
|switch|p1a: Samurott|Samurott-Hisui, F|82/100 brn|[from] U-turn
|-damage|p1a: Samurott|69/100 brn|[from] Stealth Rock
|-damage|p1a: Samurott|57/100 brn|[from] Spikes
|move|p2a: Torkoal|Rapid Spin|p1a: Samurott
|-damage|p1a: Samurott|44/100 brn
|-boost|p2a: Torkoal|spe|1
|-sideend|p2: polygon pie|Spikes|[from] move: Rapid Spin|[of] p2a: Torkoal
|
|-weather|SunnyDay|[upkeep]
|-damage|p1a: Samurott|38/100 brn|[from] brn
|upkeep
|turn|13
|
|t:|1758254779
|switch|p2a: Cinderace|Cinderace, F|100/100
|move|p1a: Samurott|Ceaseless Edge|p2a: Cinderace|[miss]
|-miss|p1a: Samurott|p2a: Cinderace
|
|-weather|SunnyDay|[upkeep]
|-damage|p1a: Samurott|32/100 brn|[from] brn
|upkeep
|turn|14
|
|t:|1758254794
|move|p1a: Samurott|Aqua Jet|p2a: Cinderace
|-supereffective|p2a: Cinderace
|-damage|p2a: Cinderace|88/100
|move|p2a: Cinderace|Pyro Ball|p1a: Samurott
|-resisted|p1a: Samurott
|-crit|p1a: Samurott
|-damage|p1a: Samurott|0 fnt
|faint|p1a: Samurott
|
|-weather|SunnyDay|[upkeep]
|upkeep
|inactive|c.empty has 120 seconds left.
|
|t:|1758254819
|switch|p1a: Moltres|Moltres|82/100 tox
|turn|15
|
|t:|1758254835
|move|p2a: Cinderace|Swords Dance|p2a: Cinderace
|-boost|p2a: Cinderace|atk|2
|move|p1a: Moltres|Flamethrower|p2a: Cinderace
|-resisted|p2a: Cinderace
|-damage|p2a: Cinderace|46/100
|
|-weather|SunnyDay|[upkeep]
|-damage|p1a: Moltres|76/100 tox|[from] psn
|upkeep
|turn|16
|
|t:|1758254843
|move|p2a: Cinderace|Pyro Ball|p1a: Moltres
|-resisted|p1a: Moltres
|-damage|p1a: Moltres|3/100 tox
|move|p1a: Moltres|Roar|p2a: Cinderace
|drag|p2a: Kingambit|Kingambit, M|56/100
|-activate|p2a: Kingambit|ability: Supreme Overlord
|-start|p2a: Kingambit|fallen1|[silent]
|
|-weather|none
|-damage|p1a: Moltres|0 fnt|[from] psn
|faint|p1a: Moltres
|upkeep
|inactive|c.empty has 120 seconds left.
|
|t:|1758254865
|switch|p1a: Zamazenta|Zamazenta|100/100
|-ability|p1a: Zamazenta|Dauntless Shield|boost
|-boost|p1a: Zamazenta|def|1
|turn|17
|inactive|c.empty has 120 seconds left.
|
|t:|1758254875
|-end|p2a: Kingambit|fallen1|[silent]
|switch|p2a: Enamorus|Enamorus, F|81/100
|move|p1a: Zamazenta|Heavy Slam|p2a: Enamorus
|-supereffective|p2a: Enamorus
|-damage|p2a: Enamorus|0 fnt
|faint|p2a: Enamorus
|
|upkeep
|
|t:|1758254877
|switch|p2a: Hatterene|Hatterene, F|100/100
|turn|18
|
|t:|1758254891
|switch|p1a: Slowking|Slowking-Galar, M|91/100
|-damage|p1a: Slowking|78/100|[from] Stealth Rock
|-damage|p1a: Slowking|66/100|[from] Spikes
|move|p2a: Hatterene|Nuzzle|p1a: Slowking
|-damage|p1a: Slowking|61/100
|-status|p1a: Slowking|par
|
|upkeep
|turn|19
|inactive|c.empty has 120 seconds left.
|
|t:|1758254907
|switch|p2a: Kingambit|Kingambit, M|56/100
|-activate|p2a: Kingambit|ability: Supreme Overlord
|-start|p2a: Kingambit|fallen2|[silent]
|cant|p1a: Slowking|par
|
|upkeep
|turn|20
|
|t:|1758254915
|-end|p2a: Kingambit|fallen2|[silent]
|switch|p2a: Torkoal|Torkoal, F|23/100
|-weather|SunnyDay|[from] ability: Drought|[of] p2a: Torkoal
|-prepare|p1a: Slowking|Chilly Reception|[premajor]
|move|p1a: Slowking|Chilly Reception|p1a: Slowking
|-weather|Snowscape
|inactive|c.empty has 120 seconds left.
|
|t:|1758254928
|switch|p1a: Zamazenta|Zamazenta|100/100|[from] Chilly Reception
|
|-weather|Snowscape|[upkeep]
|upkeep
|turn|21
|
|t:|1758254937
|switch|p2a: Hatterene|Hatterene, F|100/100
|move|p1a: Zamazenta|Close Combat|p2a: Hatterene
|-resisted|p2a: Hatterene
|-damage|p2a: Hatterene|83/100
|-unboost|p1a: Zamazenta|def|1
|-unboost|p1a: Zamazenta|spd|1
|
|-weather|Snowscape|[upkeep]
|upkeep
|turn|22
|
|t:|1758254946
|switch|p1a: Slowking|Slowking-Galar, M|95/100 par
|-damage|p1a: Slowking|82/100 par|[from] Stealth Rock
|-damage|p1a: Slowking|70/100 par|[from] Spikes
|move|p2a: Hatterene|Psychic Noise|p1a: Slowking
|-damage|p1a: Slowking|45/100 par
|-start|p1a: Slowking|move: Heal Block
|
|-weather|Snowscape|[upkeep]
|upkeep
|turn|23
|
|t:|1758254960
|switch|p2a: Kingambit|Kingambit, M|56/100
|-activate|p2a: Kingambit|ability: Supreme Overlord
|-start|p2a: Kingambit|fallen2|[silent]
|-prepare|p1a: Slowking|Chilly Reception|[premajor]
|cant|p1a: Slowking|par
|
|-weather|Snowscape|[upkeep]
|-end|p1a: Slowking|move: Heal Block
|upkeep
|turn|24
|
|t:|1758254970
|move|p2a: Kingambit|Iron Head|p1a: Slowking
|-damage|p1a: Slowking|0 fnt
|faint|p1a: Slowking
|
|-weather|none
|upkeep
|
|t:|1758254980
|switch|p1a: Hydrapple|Hydrapple, M|100/100
|-damage|p1a: Hydrapple|88/100|[from] Stealth Rock
|-damage|p1a: Hydrapple|76/100|[from] Spikes
|turn|25
|
|t:|1758254992
|-end|p2a: Kingambit|fallen2|[silent]
|switch|p2a: Torkoal|Torkoal, F|23/100
|-weather|SunnyDay|[from] ability: Drought|[of] p2a: Torkoal
|move|p1a: Hydrapple|Earth Power|p2a: Torkoal
|-supereffective|p2a: Torkoal
|-damage|p2a: Torkoal|0 fnt
|faint|p2a: Torkoal
|
|-weather|SunnyDay|[upkeep]
|upkeep
|
|t:|1758254995
|switch|p2a: Cinderace|Cinderace, F|46/100
|turn|26
|
|t:|1758255018
|move|p2a: Cinderace|Pyro Ball|p1a: Hydrapple
|-damage|p1a: Hydrapple|21/100
|move|p1a: Hydrapple|Earth Power|p2a: Cinderace
|-supereffective|p2a: Cinderace
|-damage|p2a: Cinderace|0 fnt
|faint|p2a: Cinderace
|
|-weather|SunnyDay|[upkeep]
|upkeep
|
|t:|1758255024
|switch|p2a: Hatterene|Hatterene, F|83/100
|turn|27
|
|t:|1758255043
|-terastallize|p1a: Hydrapple|Fairy
|move|p1a: Hydrapple|Giga Drain|p2a: Hatterene
|-damage|p2a: Hatterene|50/100
|-heal|p1a: Hydrapple|34/100|[from] drain|[of] p2a: Hatterene
|-enditem|p2a: Hatterene|Maranga Berry|[eat]
|-boost|p2a: Hatterene|spd|1|[from] item: Maranga Berry
|move|p2a: Hatterene|Nuzzle|p1a: Hydrapple
|-crit|p1a: Hydrapple
|-damage|p1a: Hydrapple|30/100
|-status|p1a: Hydrapple|par
|-damage|p2a: Hatterene|33/100|[from] item: Rocky Helmet|[of] p1a: Hydrapple
|
|-weather|SunnyDay|[upkeep]
|upkeep
|turn|28
|
|t:|1758255055
|move|p2a: Hatterene|Psychic Noise|p1a: Hydrapple
|-damage|p1a: Hydrapple|0 fnt
|faint|p1a: Hydrapple
|
|-weather|SunnyDay|[upkeep]
|upkeep
|
|t:|1758255062
|switch|p1a: Zamazenta|Zamazenta|100/100
|turn|29
|
|t:|1758255069
|switch|p2a: Kingambit|Kingambit, M|56/100
|-activate|p2a: Kingambit|ability: Supreme Overlord
|-start|p2a: Kingambit|fallen4|[silent]
|move|p1a: Zamazenta|Heavy Slam|p2a: Kingambit
|-resisted|p2a: Kingambit
|-damage|p2a: Kingambit|51/100
|
|-weather|none
|upkeep
|turn|30
|
|t:|1758255084
|move|p1a: Zamazenta|Close Combat|p2a: Kingambit
|-supereffective|p2a: Kingambit
|-damage|p2a: Kingambit|0 fnt
|-unboost|p1a: Zamazenta|def|1
|-unboost|p1a: Zamazenta|spd|1
|faint|p2a: Kingambit
|-end|p2a: Kingambit|fallen4|[silent]
|
|upkeep
|-message|polygon pie forfeited.
|
|win|c.empty
|raw|c.empty's rating: 1170 &rarr; <strong>1201</strong><br />(+31 for winning)
|raw|polygon pie's rating: 1257 &rarr; <strong>1226</strong><br />(-31 for losing)
|l|☆polygon pie
|player|p2|
|l|☆c.empty
|player|p1|
