|j|☆LIUnicron101
|j|☆MassholeFlatlander
|t:|1758304094
|gametype|singles
|player|p1|LIUnicron101|1|1104
|player|p2|MassholeFlatlander|hiker-gen4|1087
|gen|9
|tier|[Gen 9] OU
|rated|
|rule|HP Percentage Mod: HP is shown in percentages
|rule|Endless Battle Clause: Forcing endless battles is banned
|rule|Species Clause: Limit one of each Pokémon
|rule|OHKO Clause: OHKO moves are banned
|rule|Evasion Items Clause: Evasion items are banned
|rule|Evasion Moves Clause: Evasion moves are banned
|rule|Evasion Abilities Clause: Evasion abilities are banned
|rule|Sleep Moves Clause: Sleep-inducing moves are banned
|clearpoke
|poke|p1|Pelipper, F|
|poke|p1|Toxicroak, M|
|poke|p1|Kingdra, M|
|poke|p1|Quagsire, M|
|poke|p1|Vikavolt, F|
|poke|p1|Ludicolo, M|
|poke|p2|Clodsire, M|
|poke|p2|Slugma, F|
|poke|p2|Dodrio, F|
|poke|p2|Wugtrio, M|
|poke|p2|Grumpig, F|
|poke|p2|Clawitzer, F|
|teampreview
|
|t:|1758304111
|teamsize|p1|6
|teamsize|p2|6
|start
|switch|p1a: Vikavolt|Vikavolt, F, shiny|100/100
|switch|p2a: Jimmy's|Dodrio, F|100/100
|turn|1
|inactive|Battle timer is ON: inactive players will automatically lose when time's up. (requested by LIUnicron101)
|
|t:|1758304120
|-terastallize|p1a: Vikavolt|Electric
|move|p2a: Jimmy's|Drill Peck|p1a: Vikavolt
|-resisted|p1a: Vikavolt
|-damage|p1a: Vikavolt|76/100
|move|p1a: Vikavolt|Zap Cannon|p2a: Jimmy's|[miss]
|-miss|p1a: Vikavolt|p2a: Jimmy's
|-enditem|p1a: Vikavolt|Blunder Policy
|-boost|p1a: Vikavolt|spe|2
|
|upkeep
|turn|2
|
|t:|1758304131
|switch|p2a: Frew Up|Clodsire, M|100/100
|move|p1a: Vikavolt|Sticky Web|p2a: Frew Up
|-sidestart|p2: MassholeFlatlander|move: Sticky Web
|
|upkeep
|turn|3
|
|t:|1758304138
|move|p1a: Vikavolt|Bug Buzz|p2a: Frew Up
|-resisted|p2a: Frew Up
|-damage|p2a: Frew Up|78/100
|move|p2a: Frew Up|Stealth Rock|p1a: Vikavolt
|-sidestart|p1: LIUnicron101|move: Stealth Rock
|
|upkeep
|turn|4
|
|t:|1758304145
|move|p1a: Vikavolt|Bug Buzz|p2a: Frew Up
|-resisted|p2a: Frew Up
|-damage|p2a: Frew Up|55/100
|move|p2a: Frew Up|Gunk Shot|p1a: Vikavolt
|-damage|p1a: Vikavolt|20/100
|-status|p1a: Vikavolt|psn
|
|-damage|p1a: Vikavolt|8/100 psn|[from] psn
|upkeep
|turn|5
|
|t:|1758304155
|move|p1a: Vikavolt|Bug Buzz|p2a: Frew Up
|-resisted|p2a: Frew Up
|-damage|p2a: Frew Up|32/100
|-unboost|p2a: Frew Up|spd|1
|move|p2a: Frew Up|Toxic Spikes|p1a: Vikavolt
|-sidestart|p1: LIUnicron101|move: Toxic Spikes
|
|-damage|p1a: Vikavolt|0 fnt|[from] psn
|faint|p1a: Vikavolt
|upkeep
|
|t:|1758304166
|switch|p1a: Toxicroak|Toxicroak, M|100/100
|-damage|p1a: Toxicroak|94/100|[from] Stealth Rock
|-sideend|p1: LIUnicron101|move: Toxic Spikes|[of] p1a: Toxicroak
|turn|6
|
|t:|1758304171
|switch|p1a: Pelipper|Pelipper, F|100/100
|-damage|p1a: Pelipper|76/100|[from] Stealth Rock
|-weather|RainDance|[from] ability: Drizzle|[of] p1a: Pelipper
|move|p2a: Frew Up|Toxic Spikes|p1a: Pelipper
|-sidestart|p1: LIUnicron101|move: Toxic Spikes
|
|-weather|RainDance|[upkeep]
|upkeep
|turn|7
|
|t:|1758304180
|switch|p1a: Toxicroak|Toxicroak, M|94/100
|-damage|p1a: Toxicroak|88/100|[from] Stealth Rock
|-sideend|p1: LIUnicron101|move: Toxic Spikes|[of] p1a: Toxicroak
|move|p2a: Frew Up|Gunk Shot|p1a: Toxicroak
|-resisted|p1a: Toxicroak
|-damage|p1a: Toxicroak|60/100
|
|-weather|RainDance|[upkeep]
|-heal|p1a: Toxicroak|73/100|[from] ability: Dry Skin
|-heal|p1a: Toxicroak|79/100|[from] item: Leftovers
|upkeep
|turn|8
|
|t:|1758304191
|move|p1a: Toxicroak|Substitute|p1a: Toxicroak
|-start|p1a: Toxicroak|Substitute
|-damage|p1a: Toxicroak|54/100
|move|p2a: Frew Up|Earthquake|p1a: Toxicroak
|-supereffective|p1a: Toxicroak
|-end|p1a: Toxicroak|Substitute
|
|-weather|RainDance|[upkeep]
|-heal|p1a: Toxicroak|66/100|[from] ability: Dry Skin
|-heal|p1a: Toxicroak|72/100|[from] item: Leftovers
|upkeep
|turn|9
|
|t:|1758304203
|switch|p1a: Pelipper|Pelipper, F|76/100
|-damage|p1a: Pelipper|51/100|[from] Stealth Rock
|move|p2a: Frew Up|Earthquake|p1a: Pelipper
|-immune|p1a: Pelipper
|
|-weather|RainDance|[upkeep]
|upkeep
|turn|10
|
|t:|1758304212
|move|p1a: Pelipper|Hurricane|p2a: Frew Up
|-damage|p2a: Frew Up|0 fnt
|faint|p2a: Frew Up
|
|-weather|RainDance|[upkeep]
|upkeep
|
|t:|1758304218
|switch|p2a: Jimmy's|Dodrio, F|100/100
|turn|11
|
|t:|1758304222
|move|p2a: Jimmy's|Swords Dance|p2a: Jimmy's
|-boost|p2a: Jimmy's|atk|2
|move|p1a: Pelipper|Weather Ball|p2a: Jimmy's
|-damage|p2a: Jimmy's|0 fnt
|faint|p2a: Jimmy's
|
|-weather|RainDance|[upkeep]
|upkeep
|
|t:|1758304236
|switch|p2a: Dave Blunts|Grumpig, F|100/100
|-activate|p2a: Dave Blunts|move: Sticky Web
|-unboost|p2a: Dave Blunts|spe|1
|turn|12
|
|t:|1758304242
|move|p1a: Pelipper|Knock Off|p2a: Dave Blunts
|-supereffective|p2a: Dave Blunts
|-damage|p2a: Dave Blunts|70/100
|-enditem|p2a: Dave Blunts|Assault Vest|[from] move: Knock Off|[of] p1a: Pelipper
|move|p2a: Dave Blunts|Psychic|p1a: Pelipper
|-damage|p1a: Pelipper|0 fnt
|faint|p1a: Pelipper
|
|-weather|RainDance|[upkeep]
|upkeep
|
|t:|1758304255
|switch|p1a: Kingdra|Kingdra, M|100/100
|-damage|p1a: Kingdra|88/100|[from] Stealth Rock
|turn|13
|
|t:|1758304263
|move|p1a: Kingdra|Wave Crash|p2a: Dave Blunts
|-damage|p2a: Dave Blunts|0 fnt
|faint|p2a: Dave Blunts
|-damage|p1a: Kingdra|60/100|[from] Recoil
|-damage|p1a: Kingdra|50/100|[from] item: Life Orb
|
|-weather|none
|upkeep
|
|t:|1758304271
|switch|p2a: Hypower|Clawitzer, F|100/100
|-activate|p2a: Hypower|move: Sticky Web
|-unboost|p2a: Hypower|spe|1
|turn|14
|
|t:|1758304280
|move|p1a: Kingdra|Draco Meteor|p2a: Hypower
|-damage|p2a: Hypower|17/100
|-unboost|p1a: Kingdra|spa|2
|-damage|p1a: Kingdra|40/100|[from] item: Life Orb
|move|p2a: Hypower|Dragon Pulse|p1a: Kingdra
|-supereffective|p1a: Kingdra
|-damage|p1a: Kingdra|0 fnt
|faint|p1a: Kingdra
|
|upkeep
|
|t:|1758304290
|switch|p1a: Ludicolo|Ludicolo, M|100/100
|-damage|p1a: Ludicolo|88/100|[from] Stealth Rock
|turn|15
|
|t:|1758304296
|move|p1a: Ludicolo|Giga Drain|p2a: Hypower
|-supereffective|p2a: Hypower
|-damage|p2a: Hypower|0 fnt
|-heal|p1a: Ludicolo|98/100|[from] drain|[of] p2a: Hypower
|faint|p2a: Hypower
|
|upkeep
|
|t:|1758304304
|switch|p2a: Slugondeez|Slugma, F, shiny|100/100
|-activate|p2a: Slugondeez|move: Sticky Web
|-unboost|p2a: Slugondeez|spe|1
|turn|16
|
|t:|1758304310
|-terastallize|p2a: Slugondeez|Grass
|move|p1a: Ludicolo|Whirlpool|p2a: Slugondeez
|-resisted|p2a: Slugondeez
|-damage|p2a: Slugondeez|92/100
|-activate|p2a: Slugondeez|move: Whirlpool|[of] p1a: Ludicolo
|move|p2a: Slugondeez|Amnesia|p2a: Slugondeez
|-boost|p2a: Slugondeez|spd|2
|
|-damage|p2a: Slugondeez|79/100|[from] move: Whirlpool|[partiallytrapped]
|upkeep
|turn|17
|
|t:|1758304322
|move|p1a: Ludicolo|Encore|p2a: Slugondeez
|-start|p2a: Slugondeez|Encore
|move|p2a: Slugondeez|Amnesia|p2a: Slugondeez
|-boost|p2a: Slugondeez|spd|2
|
|-damage|p2a: Slugondeez|67/100|[from] move: Whirlpool|[partiallytrapped]
|upkeep
|turn|18
|
|t:|1758304330
|move|p1a: Ludicolo|Giga Drain|p2a: Slugondeez
|-resisted|p2a: Slugondeez
|-damage|p2a: Slugondeez|62/100
|-heal|p1a: Ludicolo|99/100|[from] drain|[of] p2a: Slugondeez
|move|p2a: Slugondeez|Amnesia|p2a: Slugondeez
|-boost|p2a: Slugondeez|spd|2
|
|-damage|p2a: Slugondeez|49/100|[from] move: Whirlpool|[partiallytrapped]
|upkeep
|turn|19
|
|t:|1758304340
|move|p1a: Ludicolo|Giga Drain|p2a: Slugondeez
|-resisted|p2a: Slugondeez
|-damage|p2a: Slugondeez|45/100
|-heal|p1a: Ludicolo|100/100|[from] drain|[of] p2a: Slugondeez
|move|p2a: Slugondeez|Amnesia|p2a: Slugondeez
|-boost|p2a: Slugondeez|spd|0
|
|-damage|p2a: Slugondeez|33/100|[from] move: Whirlpool|[partiallytrapped]
|-end|p2a: Slugondeez|Encore
|upkeep
|turn|20
|
|t:|1758304350
|move|p1a: Ludicolo|Encore|p2a: Slugondeez
|-start|p2a: Slugondeez|Encore
|move|p2a: Slugondeez|Amnesia|p2a: Slugondeez
|-boost|p2a: Slugondeez|spd|0
|
|-damage|p2a: Slugondeez|20/100|[from] move: Whirlpool|[partiallytrapped]
|upkeep
|turn|21
|
|t:|1758304358
|move|p1a: Ludicolo|Giga Drain|p2a: Slugondeez
|-resisted|p2a: Slugondeez
|-damage|p2a: Slugondeez|16/100
|move|p2a: Slugondeez|Amnesia|p2a: Slugondeez
|-boost|p2a: Slugondeez|spd|0
|
|-damage|p2a: Slugondeez|4/100|[from] move: Whirlpool|[partiallytrapped]
|upkeep
|turn|22
|
|t:|1758304368
|move|p1a: Ludicolo|Giga Drain|p2a: Slugondeez
|-resisted|p2a: Slugondeez
|-damage|p2a: Slugondeez|0 fnt
|faint|p2a: Slugondeez
|
|upkeep
|
|t:|1758304373
|switch|p2a: Wuggles|Wugtrio, M|100/100
|-activate|p2a: Wuggles|move: Sticky Web
|-unboost|p2a: Wuggles|spe|1
|turn|23
|
|t:|1758304379
|move|p2a: Wuggles|Triple Dive|p1a: Ludicolo
|-resisted|p1a: Ludicolo
|-damage|p1a: Ludicolo|94/100
|-resisted|p1a: Ludicolo
|-damage|p1a: Ludicolo|89/100
|-resisted|p1a: Ludicolo
|-crit|p1a: Ludicolo
|-damage|p1a: Ludicolo|79/100
|-hitcount|p1a: Ludicolo|3
|move|p1a: Ludicolo|Giga Drain|p2a: Wuggles
|-supereffective|p2a: Wuggles
|-damage|p2a: Wuggles|0 fnt
|-heal|p1a: Ludicolo|100/100|[from] drain|[of] p2a: Wuggles
|faint|p2a: Wuggles
|
|win|LIUnicron101
|raw|LIUnicron101's rating: 1104 &rarr; <strong>1128</strong><br />(+24 for winning)
|raw|MassholeFlatlander's rating: 1087 &rarr; <strong>1065</strong><br />(-22 for losing)
|l|☆MassholeFlatlander
|player|p2|
|l|☆LIUnicron101
|player|p1|
