|j|☆Alexboss30
|j|☆ScarletWench
|t:|1758322339
|gametype|singles
|player|p1|Alexboss30|marlon|1217
|player|p2|ScarletWench|102|1224
|gen|9
|tier|[Gen 9] OU
|rated|
|rule|HP Percentage Mod: HP is shown in percentages
|rule|Endless Battle Clause: Forcing endless battles is banned
|rule|Species Clause: Limit one of each Pokémon
|rule|OHKO Clause: OHKO moves are banned
|rule|Evasion Items Clause: Evasion items are banned
|rule|Evasion Moves Clause: Evasion moves are banned
|rule|Evasion Abilities Clause: Evasion abilities are banned
|rule|Sleep Moves Clause: Sleep-inducing moves are banned
|clearpoke
|poke|p1|Pelipper, F|
|poke|p1|Cloyster, M|
|poke|p1|Quaquaval, M|
|poke|p1|Whiscash, M|
|poke|p1|Qwilfish, M|
|poke|p1|Ogerpon-Wellspring, F|
|poke|p2|Glimmora, M|
|poke|p2|Garganacl, F|
|poke|p2|Landorus-Therian, M|
|poke|p2|Dondozo, M|
|poke|p2|Iron Moth|
|poke|p2|Hatterene, F|
|teampreview
|
|t:|1758322346
|teamsize|p1|6
|teamsize|p2|6
|start
|switch|p1a: Pelipper|Pelipper, F|100/100
|switch|p2a: Hatterene|Hatterene, F|100/100
|-weather|RainDance|[from] ability: Drizzle|[of] p1a: Pelipper
|turn|1
|inactive|Battle timer is ON: inactive players will automatically lose when time's up. (requested by Alexboss30)
|
|t:|1758322356
|move|p1a: Pelipper|Hurricane|p2a: Hatterene
|-damage|p2a: Hatterene|74/100
|move|p2a: Hatterene|Nuzzle|p1a: Pelipper
|-supereffective|p1a: Pelipper
|-damage|p1a: Pelipper|86/100
|-status|p1a: Pelipper|par
|
|-weather|RainDance|[upkeep]
|upkeep
|turn|2
|
|t:|1758322366
|move|p2a: Hatterene|Psyshock|p1a: Pelipper
|-damage|p1a: Pelipper|57/100 par
|cant|p1a: Pelipper|par
|
|-weather|RainDance|[upkeep]
|upkeep
|turn|3
|
|t:|1758322373
|move|p2a: Hatterene|Draining Kiss|p1a: Pelipper
|-damage|p1a: Pelipper|25/100 par
|-heal|p2a: Hatterene|98/100|[from] drain|[of] p1a: Pelipper
|move|p1a: Pelipper|Roost|p1a: Pelipper
|-heal|p1a: Pelipper|75/100 par
|-singleturn|p1a: Pelipper|move: Roost
|
|-weather|RainDance|[upkeep]
|upkeep
|turn|4
|
|t:|1758322384
|switch|p1a: Qwilfish|Qwilfish, M|100/100
|move|p2a: Hatterene|Draining Kiss|p1a: Qwilfish
|-resisted|p1a: Qwilfish
|-damage|p1a: Qwilfish|78/100
|-heal|p2a: Hatterene|100/100|[from] drain|[of] p1a: Qwilfish
|
|-weather|RainDance|[upkeep]
|upkeep
|turn|5
|
|t:|1758322393
|move|p1a: Qwilfish|Destiny Bond|p1a: Qwilfish
|-singlemove|p1a: Qwilfish|Destiny Bond
|move|p2a: Hatterene|Nuzzle|p1a: Qwilfish
|-supereffective|p1a: Qwilfish
|-damage|p1a: Qwilfish|66/100
|-status|p1a: Qwilfish|par
|
|-weather|RainDance|[upkeep]
|upkeep
|turn|6
|
|t:|1758322403
|move|p1a: Qwilfish|Barb Barrage|p2a: Hatterene
|-supereffective|p2a: Hatterene
|-damage|p2a: Hatterene|59/100
|move|p2a: Hatterene|Draining Kiss|p1a: Qwilfish
|-resisted|p1a: Qwilfish
|-damage|p1a: Qwilfish|45/100 par
|-heal|p2a: Hatterene|73/100|[from] drain|[of] p1a: Qwilfish
|
|-weather|RainDance|[upkeep]
|upkeep
|turn|7
|
|t:|1758322413
|move|p1a: Qwilfish|Destiny Bond|p1a: Qwilfish
|-singlemove|p1a: Qwilfish|Destiny Bond
|move|p2a: Hatterene|Draining Kiss|p1a: Qwilfish
|-resisted|p1a: Qwilfish
|-damage|p1a: Qwilfish|21/100 par
|-heal|p2a: Hatterene|88/100|[from] drain|[of] p1a: Qwilfish
|
|-weather|RainDance|[upkeep]
|upkeep
|turn|8
|
|t:|1758322423
|move|p1a: Qwilfish|Barb Barrage|p2a: Hatterene
|-supereffective|p2a: Hatterene
|-damage|p2a: Hatterene|47/100
|move|p2a: Hatterene|Psyshock|p1a: Qwilfish
|-supereffective|p1a: Qwilfish
|-damage|p1a: Qwilfish|0 fnt
|faint|p1a: Qwilfish
|
|-weather|none
|upkeep
|
|t:|1758322435
|switch|p1a: Ogerpon|Ogerpon-Wellspring, F|100/100
|turn|9
|
|t:|1758322439
|move|p1a: Ogerpon|Ivy Cudgel|p2a: Hatterene|[anim] Ivy Cudgel Water
|-damage|p2a: Hatterene|0 fnt
|faint|p2a: Hatterene
|
|upkeep
|
|t:|1758322449
|switch|p2a: Landorus|Landorus-Therian, M|100/100
|-ability|p2a: Landorus|Intimidate|boost
|-unboost|p1a: Ogerpon|atk|1
|turn|10
|
|t:|1758322459
|-terastallize|p1a: Ogerpon|Water
|detailschange|p1a: Ogerpon|Ogerpon-Wellspring-Tera, F, tera:Water
|-ability|p1a: Ogerpon|Embody Aspect (Wellspring)|boost
|-boost|p1a: Ogerpon|spd|1
|move|p1a: Ogerpon|Swords Dance|p1a: Ogerpon
|-boost|p1a: Ogerpon|atk|2
|move|p2a: Landorus|Stealth Rock|p1a: Ogerpon
|-sidestart|p1: Alexboss30|move: Stealth Rock
|
|upkeep
|turn|11
|
|t:|1758322469
|move|p1a: Ogerpon|Ivy Cudgel|p2a: Landorus|[anim] Ivy Cudgel Water
|-supereffective|p2a: Landorus
|-damage|p2a: Landorus|0 fnt
|faint|p2a: Landorus
|
|upkeep
|
|t:|1758322474
|switch|p2a: Garganacl|Garganacl, F, shiny|100/100
|turn|12
|
|t:|1758322478
|move|p2a: Garganacl|Protect|p2a: Garganacl
|-singleturn|p2a: Garganacl|Protect
|move|p1a: Ogerpon|Ivy Cudgel|p2a: Garganacl|[anim] Ivy Cudgel Water
|-activate|p2a: Garganacl|move: Protect
|
|upkeep
|turn|13
|
|t:|1758322485
|-terastallize|p2a: Garganacl|Ghost
|move|p1a: Ogerpon|Ivy Cudgel|p2a: Garganacl|[anim] Ivy Cudgel Water
|-damage|p2a: Garganacl|20/100
|move|p2a: Garganacl|Salt Cure|p1a: Ogerpon
|-damage|p1a: Ogerpon|82/100
|-start|p1a: Ogerpon|Salt Cure
|
|-heal|p2a: Garganacl|26/100|[from] item: Leftovers
|-damage|p1a: Ogerpon|57/100|[from] Salt Cure
|upkeep
|turn|14
|
|t:|1758322496
|switch|p2a: Dondozo|Dondozo, M|100/100
|move|p1a: Ogerpon|Swords Dance|p1a: Ogerpon
|-boost|p1a: Ogerpon|atk|2
|
|-damage|p1a: Ogerpon|32/100|[from] Salt Cure
|upkeep
|turn|15
|
|t:|1758322506
|move|p1a: Ogerpon|Horn Leech|p2a: Dondozo
|-supereffective|p2a: Dondozo
|-damage|p2a: Dondozo|46/100
|-heal|p1a: Ogerpon|78/100|[from] drain|[of] p2a: Dondozo
|move|p2a: Dondozo|Earthquake|p1a: Ogerpon
|-damage|p1a: Ogerpon|45/100
|
|-heal|p2a: Dondozo|52/100|[from] item: Leftovers
|-damage|p1a: Ogerpon|20/100|[from] Salt Cure
|upkeep
|turn|16
|
|t:|1758322519
|move|p1a: Ogerpon|Ivy Cudgel|p2a: Dondozo|[anim] Ivy Cudgel Water
|-resisted|p2a: Dondozo
|-damage|p2a: Dondozo|28/100
|move|p2a: Dondozo|Body Press|p1a: Ogerpon
|-damage|p1a: Ogerpon|0 fnt
|faint|p1a: Ogerpon
|detailschange|p1: Ogerpon|Ogerpon-Wellspring, F|[silent]
|
|-heal|p2a: Dondozo|35/100|[from] item: Leftovers
|upkeep
|inactive|Alexboss30 has 120 seconds left.
|inactive|Alexboss30 has 90 seconds left.
|inactive|Alexboss30 has 60 seconds left.
|inactive|Alexboss30 has 30 seconds left.
|l|☆Alexboss30
|inactive|Alexboss30 disconnected and has a minute to reconnect!
|player|p1|
|inactive|Alexboss30 has 20 seconds left.
|inactive|Alexboss30 has 15 seconds left.
|inactive|Alexboss30 has 10 seconds left.
|inactive|Alexboss30 has 5 seconds left.
|-message|Alexboss30 lost due to inactivity.
|
|win|ScarletWench
|raw|Alexboss30's rating: 1217 &rarr; <strong>1193</strong><br />(-24 for losing)
|raw|ScarletWench's rating: 1224 &rarr; <strong>1248</strong><br />(+24 for winning)
|l|☆ScarletWench
|player|p2|
|j|☆Alexboss30
|player|p1|Alexboss30|marlon|
|l|☆Alexboss30
|player|p1|
