|j|☆mf_salvador
|j|☆20PaHeMo02
|inactive|Battle timer is ON: inactive players will automatically lose when time's up.
|t:|1758319959
|gametype|singles
|player|p1|mf_salvador|flannery|
|player|p2|20PaHeMo02|dancer|
|gen|9
|tier|[Gen 9] OU
|rated|Tournament battle
|rule|HP Percentage Mod: HP is shown in percentages
|rule|Endless Battle Clause: Forcing endless battles is banned
|rule|Species Clause: Limit one of each Pokémon
|rule|OHKO Clause: OHKO moves are banned
|rule|Evasion Items Clause: Evasion items are banned
|rule|Evasion Moves Clause: Evasion moves are banned
|rule|Evasion Abilities Clause: Evasion abilities are banned
|rule|Sleep Moves Clause: Sleep-inducing moves are banned
|raw|<div class="infobox"><details class="readmore"><summary><strong>15 custom rules:</strong></summary> -burmy, -caterpie, -combee, -kricketot, -magikarp, -scatterbug, -sunkern, -tynamo, -typenull, -weedle, -wurmple, -cosmog, -blipbug, -snom, -wynaut</details></div>
|clearpoke
|poke|p1|Whimsicott, M|
|poke|p1|Surskit, M|
|poke|p1|Shieldon, M|
|poke|p1|Ceruledge, M|
|poke|p2|Dunsparce, F|
|poke|p2|Turtwig, F|
|poke|p2|Bagon, F|
|poke|p2|Serperior, F|
|teampreview
|j|*Lady Monita ☀
|inactive|mf_salvador also wants the timer to be on.
|c|☆mf_salvador|glhf
|
|t:|1758319965
|teamsize|p1|4
|teamsize|p2|4
|start
|switch|p1a: Shieldon|Shieldon, M|100/100
|switch|p2a: Dunsparce|Dunsparce, F|100/100
|turn|1
|
|t:|1758319970
|move|p2a: Dunsparce|Calm Mind|p2a: Dunsparce
|-boost|p2a: Dunsparce|spa|1
|-boost|p2a: Dunsparce|spd|1
|move|p1a: Shieldon|Stealth Rock|p2a: Dunsparce
|-sidestart|p2: 20PaHeMo02|move: Stealth Rock
|
|upkeep
|turn|2
|
|t:|1758319974
|move|p2a: Dunsparce|Calm Mind|p2a: Dunsparce
|-boost|p2a: Dunsparce|spa|1
|-boost|p2a: Dunsparce|spd|1
|move|p1a: Shieldon|Roar|p2a: Dunsparce
|drag|p2a: Bagon|Bagon, F|100/100
|-damage|p2a: Bagon|88/100|[from] Stealth Rock
|
|upkeep
|turn|3
|
|t:|1758319982
|move|p2a: Bagon|Fire Fang|p1a: Shieldon
|-damage|p1a: Shieldon|78/100
|move|p1a: Shieldon|Iron Head|p2a: Bagon
|-damage|p2a: Bagon|34/100
|
|upkeep
|turn|4
|
|t:|1758319992
|switch|p2a: Serperior|Serperior, F|100/100
|-damage|p2a: Serperior|88/100|[from] Stealth Rock
|move|p1a: Shieldon|Iron Head|p2a: Serperior
|-damage|p2a: Serperior|59/100
|
|upkeep
|turn|5
|
|t:|1758320000
|move|p2a: Serperior|Leaf Storm|p1a: Shieldon
|-damage|p1a: Shieldon|15/100
|-boost|p2a: Serperior|spa|2
|move|p1a: Shieldon|Roar|p2a: Serperior
|drag|p2a: Bagon|Bagon, F|34/100
|-damage|p2a: Bagon|22/100|[from] Stealth Rock
|
|upkeep
|turn|6
|
|t:|1758320007
|move|p2a: Bagon|Outrage|p1a: Shieldon
|-resisted|p1a: Shieldon
|-damage|p1a: Shieldon|0 fnt
|faint|p1a: Shieldon
|
|upkeep
|
|t:|1758320010
|switch|p1a: Whimsicott|Whimsicott, M|100/100
|turn|7
|
|t:|1758320018
|move|p1a: Whimsicott|Moonblast|p2a: Bagon
|-supereffective|p2a: Bagon
|-damage|p2a: Bagon|0 fnt
|faint|p2a: Bagon
|
|upkeep
|
|t:|1758320024
|switch|p2a: Dunsparce|Dunsparce, F|100/100
|-damage|p2a: Dunsparce|88/100|[from] Stealth Rock
|turn|8
|j| Dr Nolose
|inactive|mf_salvador has 120 seconds left.
|
|t:|1758320070
|move|p1a: Whimsicott|Moonblast|p2a: Dunsparce
|-damage|p2a: Dunsparce|44/100
|move|p2a: Dunsparce|Calm Mind|p2a: Dunsparce
|-boost|p2a: Dunsparce|spa|1
|-boost|p2a: Dunsparce|spd|1
|
|upkeep
|turn|9
|
|t:|1758320076
|move|p1a: Whimsicott|Moonblast|p2a: Dunsparce
|-damage|p2a: Dunsparce|18/100
|-unboost|p2a: Dunsparce|spa|1
|move|p2a: Dunsparce|Roost|p2a: Dunsparce
|-heal|p2a: Dunsparce|68/100
|-singleturn|p2a: Dunsparce|move: Roost
|
|upkeep
|turn|10
|inactive|mf_salvador has 120 seconds left.
|
|t:|1758320083
|move|p1a: Whimsicott|Moonblast|p2a: Dunsparce
|-damage|p2a: Dunsparce|42/100
|move|p2a: Dunsparce|Roost|p2a: Dunsparce
|-heal|p2a: Dunsparce|92/100
|-singleturn|p2a: Dunsparce|move: Roost
|
|upkeep
|turn|11
|
|t:|1758320088
|move|p1a: Whimsicott|Moonblast|p2a: Dunsparce
|-damage|p2a: Dunsparce|62/100
|move|p2a: Dunsparce|Calm Mind|p2a: Dunsparce
|-boost|p2a: Dunsparce|spa|1
|-boost|p2a: Dunsparce|spd|1
|
|upkeep
|turn|12
|
|t:|1758320095
|switch|p1a: Ceruledge|Ceruledge, M|100/100
|move|p2a: Dunsparce|Calm Mind|p2a: Dunsparce
|-boost|p2a: Dunsparce|spa|1
|-boost|p2a: Dunsparce|spd|1
|
|upkeep
|turn|13
|
|t:|1758320105
|move|p1a: Ceruledge|Swords Dance|p1a: Ceruledge
|-boost|p1a: Ceruledge|atk|2
|move|p2a: Dunsparce|Roost|p2a: Dunsparce
|-heal|p2a: Dunsparce|100/100
|-singleturn|p2a: Dunsparce|move: Roost
|
|upkeep
|turn|14
|inactive|mf_salvador has 120 seconds left.
|
|t:|1758320153
|move|p1a: Ceruledge|Swords Dance|p1a: Ceruledge
|-boost|p1a: Ceruledge|atk|2
|move|p2a: Dunsparce|Thunderbolt|p1a: Ceruledge
|-crit|p1a: Ceruledge
|-damage|p1a: Ceruledge|47/100
|
|upkeep
|turn|15
|
|t:|1758320159
|move|p1a: Ceruledge|Bitter Blade|p2a: Dunsparce
|-damage|p2a: Dunsparce|25/100
|-heal|p1a: Ceruledge|99/100|[from] drain|[of] p2a: Dunsparce
|move|p2a: Dunsparce|Thunderbolt|p1a: Ceruledge
|-damage|p1a: Ceruledge|64/100
|
|upkeep
|turn|16
|
|t:|1758320173
|move|p1a: Ceruledge|Bitter Blade|p2a: Dunsparce
|-damage|p2a: Dunsparce|0 fnt
|-heal|p1a: Ceruledge|81/100|[from] drain|[of] p2a: Dunsparce
|faint|p2a: Dunsparce
|
|upkeep
|
|t:|1758320176
|switch|p2a: Serperior|Serperior, F|59/100
|-damage|p2a: Serperior|47/100|[from] Stealth Rock
|turn|17
|l| Dr Nolose
|inactive|mf_salvador has 120 seconds left.
|
|t:|1758320212
|-terastallize|p2a: Serperior|Dragon
|move|p2a: Serperior|Dragon Pulse|p1a: Ceruledge
|-damage|p1a: Ceruledge|24/100
|move|p1a: Ceruledge|Bitter Blade|p2a: Serperior
|-resisted|p2a: Serperior
|-damage|p2a: Serperior|0 fnt
|-heal|p1a: Ceruledge|47/100|[from] drain|[of] p2a: Serperior
|faint|p2a: Serperior
|
|upkeep
|
|t:|1758320219
|switch|p2a: Turtwig|Turtwig, F|100/100
|-damage|p2a: Turtwig|88/100|[from] Stealth Rock
|turn|18
|
|t:|1758320225
|move|p1a: Ceruledge|Bitter Blade|p2a: Turtwig
|-supereffective|p2a: Turtwig
|-damage|p2a: Turtwig|0 fnt
|-heal|p1a: Ceruledge|85/100|[from] drain|[of] p2a: Turtwig
|faint|p2a: Turtwig
|
|win|mf_salvador
|n|☆mf_salvador|mfsalvador
|n|☆20PaHeMo02|20pahemo02
|n|*Lady Monita ☀|ladymonita
