|j|☆UnexpectdSets
|j|☆taywimz
|t:|1758335180
|gametype|singles
|player|p1|UnexpectdSets|169|1391
|player|p2|taywimz|roxie|1457
|gen|9
|tier|[Gen 9] OU
|rated|
|rule|HP Percentage Mod: HP is shown in percentages
|rule|Endless Battle Clause: Forcing endless battles is banned
|rule|Species Clause: Limit one of each Pokémon
|rule|OHKO Clause: OHKO moves are banned
|rule|Evasion Items Clause: Evasion items are banned
|rule|Evasion Moves Clause: Evasion moves are banned
|rule|Evasion Abilities Clause: Evasion abilities are banned
|rule|Sleep Moves Clause: Sleep-inducing moves are banned
|clearpoke
|poke|p1|Scizor, M|
|poke|p1|Lycanroc-Dusk, M|
|poke|p1|Breloom, F|
|poke|p1|Scyther, M|
|poke|p1|Chandelure, M|
|poke|p1|Greninja-*, M|
|poke|p2|Primarina, M|
|poke|p2|Great Tusk|
|poke|p2|Kingambit, M|
|poke|p2|Slowking-Galar, M|
|poke|p2|Ogerpon, F|
|poke|p2|Enamorus, F|
|teampreview
|inactive|Battle timer is ON: inactive players will automatically lose when time's up. (requested by UnexpectdSets)
|
|t:|1758335198
|teamsize|p1|6
|teamsize|p2|6
|start
|switch|p1a: Scyther|Scyther, M|100/100
|switch|p2a: Behemoth|Great Tusk, shiny|100/100
|turn|1
|
|t:|1758335206
|move|p1a: Scyther|Swords Dance|p1a: Scyther
|-boost|p1a: Scyther|atk|2
|move|p2a: Behemoth|Stealth Rock|p1a: Scyther
|-sidestart|p1: UnexpectdSets|move: Stealth Rock
|
|upkeep
|turn|2
|
|t:|1758335222
|move|p1a: Scyther|Dual Wingbeat|p2a: Behemoth
|-supereffective|p2a: Behemoth
|-damage|p2a: Behemoth|6/100
|-damage|p1a: Scyther|84/100|[from] item: Rocky Helmet|[of] p2a: Behemoth
|-supereffective|p2a: Behemoth
|-damage|p2a: Behemoth|0 fnt
|-damage|p1a: Scyther|68/100|[from] item: Rocky Helmet|[of] p2a: Behemoth
|faint|p2a: Behemoth
|-end|p2a: Behemoth|Protosynthesis|[silent]
|-hitcount|p2: Behemoth|2
|
|upkeep
|
|t:|1758335241
|switch|p2a: Anonymous|Ogerpon, F|100/100
|turn|3
|
|t:|1758335248
|move|p2a: Anonymous|Rock Tomb|p1a: Scyther
|-supereffective|p1a: Scyther
|-damage|p1a: Scyther|0 fnt
|faint|p1a: Scyther
|
|upkeep
|
|t:|1758335257
|switch|p1a: Breloom|Breloom, F, shiny|100/100
|-damage|p1a: Breloom|94/100|[from] Stealth Rock
|turn|4
|
|t:|1758335272
|switch|p2a: Mantra|Slowking-Galar, M, shiny|100/100
|move|p1a: Breloom|Bullet Seed|p2a: Mantra
|-resisted|p2a: Mantra
|-crit|p2a: Mantra
|-damage|p2a: Mantra|89/100
|-resisted|p2a: Mantra
|-damage|p2a: Mantra|81/100
|-resisted|p2a: Mantra
|-damage|p2a: Mantra|74/100
|-resisted|p2a: Mantra
|-crit|p2a: Mantra
|-damage|p2a: Mantra|63/100
|-hitcount|p2a: Mantra|4
|
|upkeep
|turn|5
|
|t:|1758335299
|switch|p1a: Scizor|Scizor, M|100/100
|-damage|p1a: Scizor|88/100|[from] Stealth Rock
|move|p2a: Mantra|Flamethrower|p1a: Scizor
|-supereffective|p1a: Scizor
|-damage|p1a: Scizor|0 fnt
|faint|p1a: Scizor
|
|upkeep
|
|t:|1758335302
|switch|p1a: Chandelure|Chandelure, M|100/100
|-damage|p1a: Chandelure|76/100|[from] Stealth Rock
|turn|6
|inactive|taywimz has 120 seconds left.
|
|t:|1758335327
|move|p1a: Chandelure|Shadow Ball|p2a: Mantra
|-supereffective|p2a: Mantra
|-crit|p2a: Mantra
|-damage|p2a: Mantra|0 fnt
|faint|p2a: Mantra
|
|upkeep
|inactive|taywimz has 120 seconds left.
|inactive|taywimz has 90 seconds left.
|
|t:|1758335364
|switch|p2a: Anonymous|Ogerpon, F|100/100
|turn|7
|
|t:|1758335381
|move|p1a: Chandelure|Shadow Ball|p2a: Anonymous
|-crit|p2a: Anonymous
|-damage|p2a: Anonymous|21/100
|-unboost|p2a: Anonymous|spd|1
|-ability|p2a: Anonymous|Defiant|boost
|-boost|p2a: Anonymous|atk|2
|move|p2a: Anonymous|Knock Off|p1a: Chandelure
|-supereffective|p1a: Chandelure
|-damage|p1a: Chandelure|0 fnt
|-enditem|p1a: Chandelure|Choice Scarf|[from] move: Knock Off|[of] p2a: Anonymous
|faint|p1a: Chandelure
|
|upkeep
|
|t:|1758335394
|switch|p1a: Breloom|Breloom, F, shiny|94/100
|-damage|p1a: Breloom|88/100|[from] Stealth Rock
|turn|8
|
|t:|1758335403
|switch|p2a: Gin|Enamorus, F, shiny|100/100
|move|p1a: Breloom|Mach Punch|p2a: Gin
|-resisted|p2a: Gin
|-damage|p2a: Gin|88/100
|
|upkeep
|turn|9
|
|t:|1758335420
|move|p2a: Gin|Moonblast|p1a: Breloom
|-supereffective|p1a: Breloom
|-damage|p1a: Breloom|0 fnt
|faint|p1a: Breloom
|
|upkeep
|
|t:|1758335423
|switch|p1a: Lycanroc|Lycanroc-Dusk, M|100/100
|-damage|p1a: Lycanroc|88/100|[from] Stealth Rock
|turn|10
|
|t:|1758335431
|switch|p2a: Anonymous|Ogerpon, F|21/100
|move|p1a: Lycanroc|Accelerock|p2a: Anonymous
|-damage|p2a: Anonymous|0 fnt
|faint|p2a: Anonymous
|
|upkeep
|inactive|taywimz has 120 seconds left.
|
|t:|1758335466
|switch|p2a: Overgod|Kingambit, M, shiny|100/100
|-activate|p2a: Overgod|ability: Supreme Overlord
|-start|p2a: Overgod|fallen3|[silent]
|turn|11
|
|t:|1758335480
|move|p1a: Lycanroc|Swords Dance|p1a: Lycanroc
|-boost|p1a: Lycanroc|atk|2
|move|p2a: Overgod|Swords Dance|p2a: Overgod
|-boost|p2a: Overgod|atk|2
|
|upkeep
|turn|12
|
|t:|1758335488
|move|p1a: Lycanroc|Sucker Punch|p2a: Overgod
|-resisted|p2a: Overgod
|-damage|p2a: Overgod|80/100
|move|p2a: Overgod|Sucker Punch||[still]
|-fail|p2a: Overgod
|
|-heal|p2a: Overgod|87/100|[from] item: Leftovers
|upkeep
|turn|13
|inactive|taywimz has 120 seconds left.
|
|t:|1758335496
|move|p1a: Lycanroc|Play Rough|p2a: Overgod
|-damage|p2a: Overgod|30/100
|move|p2a: Overgod|Iron Head|p1a: Lycanroc
|-supereffective|p1a: Lycanroc
|-damage|p1a: Lycanroc|0 fnt
|faint|p1a: Lycanroc
|
|-heal|p2a: Overgod|36/100|[from] item: Leftovers
|upkeep
|
|t:|1758335502
|switch|p1a: Greninja|Greninja, M|100/100
|-damage|p1a: Greninja|88/100|[from] Stealth Rock
|turn|14
|
|t:|1758335510
|move|p1a: Greninja|Upper Hand|p2a: Overgod
|-supereffective|p2a: Overgod
|-damage|p2a: Overgod|0 fnt
|faint|p2a: Overgod
|-end|p2a: Overgod|fallen3|[silent]
|-ability|p1a: Greninja|Battle Bond|boost
|-boost|p1a: Greninja|atk|1
|-boost|p1a: Greninja|spa|1
|-boost|p1a: Greninja|spe|1
|-activate|p1a: Greninja|ability: Battle Bond
|
|upkeep
|inactive|taywimz has 120 seconds left.
|
|t:|1758335529
|switch|p2a: Gin|Enamorus, F, shiny|88/100
|turn|15
|
|t:|1758335534
|-terastallize|p1a: Greninja|Poison
|move|p1a: Greninja|Sludge Wave|p2a: Gin
|-supereffective|p2a: Gin
|-damage|p2a: Gin|0 fnt
|faint|p2a: Gin
|
|upkeep
|
|t:|1758335541
|switch|p2a: Celestine|Primarina, M, shiny|100/100
|turn|16
|
|t:|1758335554
|-terastallize|p2a: Celestine|Ghost
|move|p1a: Greninja|Dark Pulse|p2a: Celestine
|-supereffective|p2a: Celestine
|-damage|p2a: Celestine|0 fnt
|faint|p2a: Celestine
|
|win|UnexpectdSets
|raw|UnexpectdSets's rating: 1391 &rarr; <strong>1415</strong><br />(+24 for winning)
|raw|taywimz's rating: 1457 &rarr; <strong>1433</strong><br />(-24 for losing)
|l|☆UnexpectdSets
|player|p1|
|c|☆taywimz|Oh dayum
|l|☆taywimz
|player|p2|
