|j|☆Uli17chavez
|j|☆rnmmm
|t:|1758258403
|gametype|singles
|player|p1|Uli17chavez|169|1393
|player|p2|rnmmm|dawn-gen4pt|1362
|gen|9
|tier|[Gen 9] OU
|rated|
|rule|HP Percentage Mod: HP is shown in percentages
|rule|Endless Battle Clause: Forcing endless battles is banned
|rule|Species Clause: Limit one of each Pokémon
|rule|OHKO Clause: OHKO moves are banned
|rule|Evasion Items Clause: Evasion items are banned
|rule|Evasion Moves Clause: Evasion moves are banned
|rule|Evasion Abilities Clause: Evasion abilities are banned
|rule|Sleep Moves Clause: Sleep-inducing moves are banned
|clearpoke
|poke|p1|Garchomp, F|
|poke|p1|Espeon, F|
|poke|p1|Cinderace, F|
|poke|p1|Zapdos|
|poke|p1|Ogerpon-Wellspring, F|
|poke|p1|Darkrai|
|poke|p2|Ting-Lu|
|poke|p2|Alomomola, F|
|poke|p2|Dondozo, F|
|poke|p2|Gliscor, M|
|poke|p2|Blissey, F|
|poke|p2|Weezing-Galar, F|
|teampreview
|inactive|Battle timer is ON: inactive players will automatically lose when time's up. (requested by rnmmm)
|
|t:|1758258412
|teamsize|p1|6
|teamsize|p2|6
|start
|switch|p1a: Cinderace|Cinderace, F|100/100
|switch|p2a: Gliscor|Gliscor, M|100/100
|turn|1
|
|t:|1758258417
|switch|p1a: Espeon|Espeon, F|100/100
|move|p2a: Gliscor|Protect||[still]
|-fail|p2a: Gliscor
|
|-status|p2a: Gliscor|tox|[from] item: Toxic Orb
|upkeep
|turn|2
|
|t:|1758258421
|move|p1a: Espeon|Future Sight|p2a: Gliscor
|-start|p1a: Espeon|move: Future Sight
|move|p2a: Gliscor|Knock Off|p1a: Espeon
|-supereffective|p1a: Espeon
|-damage|p1a: Espeon|23/100
|-enditem|p1a: Espeon|Life Orb|[from] move: Knock Off|[of] p2a: Gliscor
|
|upkeep
|turn|3
|
|t:|1758258427
|move|p1a: Espeon|Alluring Voice|p2a: Gliscor
|-damage|p2a: Gliscor|64/100 tox
|move|p2a: Gliscor|Knock Off|p1a: Espeon
|-supereffective|p1a: Espeon
|-damage|p1a: Espeon|0 fnt
|faint|p1a: Espeon
|
|-heal|p2a: Gliscor|77/100 tox|[from] ability: Poison Heal
|upkeep
|
|t:|1758258436
|switch|p1a: Cinderace|Cinderace, F|100/100
|turn|4
|
|t:|1758258440
|move|p2a: Gliscor|Protect|p2a: Gliscor
|-singleturn|p2a: Gliscor|Protect
|move|p1a: Cinderace|High Jump Kick|p2a: Gliscor
|-start|p1a: Cinderace|typechange|Fighting|[from] ability: Libero
|-activate|p2a: Gliscor|move: Protect
|-damage|p1a: Cinderace|50/100|[from] highjumpkick
|
|-end|p2a: Gliscor|move: Future Sight
|-damage|p2a: Gliscor|6/100 tox
|-heal|p2a: Gliscor|18/100 tox|[from] ability: Poison Heal
|upkeep
|turn|5
|
|t:|1758258460
|switch|p2a: Alomomola|Alomomola, F|100/100
|move|p1a: Cinderace|High Jump Kick|p2a: Alomomola
|-damage|p2a: Alomomola|34/100
|
|upkeep
|turn|6
|
|t:|1758258464
|move|p2a: Alomomola|Protect|p2a: Alomomola
|-singleturn|p2a: Alomomola|Protect
|move|p1a: Cinderace|High Jump Kick|p2a: Alomomola
|-activate|p2a: Alomomola|move: Protect
|-damage|p1a: Cinderace|0 fnt|[from] highjumpkick
|faint|p1a: Cinderace
|
|upkeep
|
|t:|1758258475
|switch|p1a: Darkrai|Darkrai|100/100
|turn|7
|
|t:|1758258481
|switch|p2a: Ting-Lu|Ting-Lu|100/100
|-ability|p2a: Ting-Lu|Vessel of Ruin
|move|p1a: Darkrai|Nasty Plot|p1a: Darkrai
|-boost|p1a: Darkrai|spa|2
|
|upkeep
|turn|8
|
|t:|1758258491
|move|p1a: Darkrai|Nasty Plot|p1a: Darkrai
|-boost|p1a: Darkrai|spa|2
|move|p2a: Ting-Lu|Ruination|p1a: Darkrai|[miss]
|-miss|p2a: Ting-Lu|p1a: Darkrai
|
|upkeep
|turn|9
|
|t:|1758258496
|move|p1a: Darkrai|Ice Beam|p2a: Ting-Lu
|-supereffective|p2a: Ting-Lu
|-damage|p2a: Ting-Lu|48/100
|move|p2a: Ting-Lu|Ruination|p1a: Darkrai
|-damage|p1a: Darkrai|50/100
|
|-heal|p1a: Darkrai|57/100|[from] item: Leftovers
|upkeep
|turn|10
|
|t:|1758258502
|move|p1a: Darkrai|Ice Beam|p2a: Ting-Lu
|-supereffective|p2a: Ting-Lu
|-damage|p2a: Ting-Lu|0 fnt
|faint|p2a: Ting-Lu
|
|-heal|p1a: Darkrai|63/100|[from] item: Leftovers
|upkeep
|
|t:|1758258504
|switch|p2a: Blissey|Blissey, F|100/100
|turn|11
|
|t:|1758258507
|move|p1a: Darkrai|Dark Pulse|p2a: Blissey
|-damage|p2a: Blissey|63/100
|move|p2a: Blissey|Calm Mind|p2a: Blissey
|-boost|p2a: Blissey|spa|1
|-boost|p2a: Blissey|spd|1
|
|-heal|p1a: Darkrai|69/100|[from] item: Leftovers
|upkeep
|turn|12
|
|t:|1758258511
|move|p1a: Darkrai|Dark Pulse|p2a: Blissey
|-damage|p2a: Blissey|38/100
|move|p2a: Blissey|Soft-Boiled|p2a: Blissey
|-heal|p2a: Blissey|88/100
|
|-heal|p1a: Darkrai|75/100|[from] item: Leftovers
|upkeep
|turn|13
|
|t:|1758258514
|move|p1a: Darkrai|Nasty Plot|p1a: Darkrai
|-boost|p1a: Darkrai|spa|2
|move|p2a: Blissey|Calm Mind|p2a: Blissey
|-boost|p2a: Blissey|spa|1
|-boost|p2a: Blissey|spd|1
|
|-heal|p1a: Darkrai|81/100|[from] item: Leftovers
|upkeep
|turn|14
|
|t:|1758258517
|move|p1a: Darkrai|Dark Pulse|p2a: Blissey
|-damage|p2a: Blissey|61/100
|move|p2a: Blissey|Calm Mind|p2a: Blissey
|-boost|p2a: Blissey|spa|1
|-boost|p2a: Blissey|spd|1
|
|-heal|p1a: Darkrai|87/100|[from] item: Leftovers
|upkeep
|turn|15
|
|t:|1758258522
|move|p1a: Darkrai|Dark Pulse|p2a: Blissey
|-damage|p2a: Blissey|39/100
|cant|p2a: Blissey|flinch
|
|-heal|p1a: Darkrai|93/100|[from] item: Leftovers
|upkeep
|turn|16
|
|t:|1758258523
|move|p1a: Darkrai|Dark Pulse|p2a: Blissey
|-damage|p2a: Blissey|20/100
|move|p2a: Blissey|Soft-Boiled|p2a: Blissey
|-heal|p2a: Blissey|70/100
|
|-heal|p1a: Darkrai|99/100|[from] item: Leftovers
|upkeep
|turn|17
|
|t:|1758258525
|move|p1a: Darkrai|Dark Pulse|p2a: Blissey
|-damage|p2a: Blissey|47/100
|move|p2a: Blissey|Calm Mind|p2a: Blissey
|-boost|p2a: Blissey|spa|1
|-boost|p2a: Blissey|spd|1
|
|-heal|p1a: Darkrai|100/100|[from] item: Leftovers
|upkeep
|turn|18
|
|t:|1758258529
|move|p1a: Darkrai|Dark Pulse|p2a: Blissey
|-damage|p2a: Blissey|28/100
|move|p2a: Blissey|Soft-Boiled|p2a: Blissey
|-heal|p2a: Blissey|78/100
|
|upkeep
|turn|19
|
|t:|1758258532
|move|p1a: Darkrai|Dark Pulse|p2a: Blissey
|-damage|p2a: Blissey|60/100
|move|p2a: Blissey|Calm Mind|p2a: Blissey
|-boost|p2a: Blissey|spa|1
|-boost|p2a: Blissey|spd|1
|
|upkeep
|turn|20
|
|t:|1758258537
|move|p1a: Darkrai|Sludge Bomb|p2a: Blissey
|-damage|p2a: Blissey|50/100
|move|p2a: Blissey|Soft-Boiled|p2a: Blissey
|-heal|p2a: Blissey|99/100
|
|upkeep
|turn|21
|
|t:|1758258541
|move|p1a: Darkrai|Sludge Bomb|p2a: Blissey
|-damage|p2a: Blissey|88/100
|move|p2a: Blissey|Calm Mind|p2a: Blissey
|-boost|p2a: Blissey|spa|1
|-boost|p2a: Blissey|spd|1
|
|upkeep
|turn|22
|
|t:|1758258544
|move|p1a: Darkrai|Sludge Bomb|p2a: Blissey
|-damage|p2a: Blissey|79/100
|move|p2a: Blissey|Shadow Ball|p1a: Darkrai
|-resisted|p1a: Darkrai
|-damage|p1a: Darkrai|65/100
|
|-heal|p1a: Darkrai|71/100|[from] item: Leftovers
|upkeep
|turn|23
|
|t:|1758258550
|move|p1a: Darkrai|Sludge Bomb|p2a: Blissey
|-damage|p2a: Blissey|69/100
|move|p2a: Blissey|Shadow Ball|p1a: Darkrai
|-resisted|p1a: Darkrai
|-damage|p1a: Darkrai|35/100
|-unboost|p1a: Darkrai|spd|1
|
|-heal|p1a: Darkrai|41/100|[from] item: Leftovers
|upkeep
|turn|24
|
|t:|1758258553
|move|p1a: Darkrai|Sludge Bomb|p2a: Blissey
|-damage|p2a: Blissey|60/100
|move|p2a: Blissey|Shadow Ball|p1a: Darkrai
|-resisted|p1a: Darkrai
|-damage|p1a: Darkrai|0 fnt
|faint|p1a: Darkrai
|
|upkeep
|
|t:|1758258561
|switch|p1a: Garchomp|Garchomp, F|100/100
|turn|25
|
|t:|1758258567
|switch|p2a: Alomomola|Alomomola, F|67/100
|move|p1a: Garchomp|Swords Dance|p1a: Garchomp
|-boost|p1a: Garchomp|atk|2
|
|upkeep
|turn|26
|
|t:|1758258570
|switch|p2a: Dondozo|Dondozo, F|100/100
|move|p1a: Garchomp|Scale Shot|p2a: Dondozo|[miss]
|-miss|p1a: Garchomp|p2a: Dondozo
|
|upkeep
|turn|27
|
|t:|1758258575
|move|p1a: Garchomp|Scale Shot|p2a: Dondozo
|-damage|p2a: Dondozo|94/100
|-damage|p2a: Dondozo|89/100
|-damage|p2a: Dondozo|83/100
|-damage|p2a: Dondozo|77/100
|-damage|p2a: Dondozo|72/100
|-hitcount|p2a: Dondozo|5
|-unboost|p1a: Garchomp|def|1
|-boost|p1a: Garchomp|spe|1
|move|p2a: Dondozo|Avalanche|p1a: Garchomp
|-supereffective|p1a: Garchomp
|-crit|p1a: Garchomp
|-damage|p1a: Garchomp|0 fnt
|-damage|p2a: Dondozo|59/100|[from] ability: Rough Skin|[of] p1a: Garchomp
|faint|p1a: Garchomp
|
|upkeep
|
|t:|1758258579
|switch|p1a: Zapdos|Zapdos|100/100
|-ability|p1a: Zapdos|Pressure
|turn|28
|
|t:|1758258590
|switch|p2a: Gliscor|Gliscor, M|18/100 tox
|move|p1a: Zapdos|Tera Blast|p2a: Gliscor
|-damage|p2a: Gliscor|0 fnt
|faint|p2a: Gliscor
|
|upkeep
|
|t:|1758258592
|switch|p2a: Alomomola|Alomomola, F|99/100
|turn|29
|
|t:|1758258619
|switch|p1a: Ogerpon|Ogerpon-Wellspring, F|100/100
|move|p2a: Alomomola|Protect||[still]
|-fail|p2a: Alomomola
|
|upkeep
|turn|30
|
|t:|1758258628
|move|p1a: Ogerpon|Swords Dance|p1a: Ogerpon
|-boost|p1a: Ogerpon|atk|2
|move|p2a: Alomomola|Wish|p2a: Alomomola
|
|upkeep
|turn|31
|
|t:|1758258639
|switch|p2a: Weezing|Weezing-Galar, F|100/100
|-ability|p2a: Weezing|Neutralizing Gas
|move|p1a: Ogerpon|Horn Leech|p2a: Weezing
|-resisted|p2a: Weezing
|-damage|p2a: Weezing|72/100
|
|-heal|p2a: Weezing|100/100|[from] move: Wish|[wisher] Alomomola
|upkeep
|turn|32
|
|t:|1758258647
|-terastallize|p1a: Ogerpon|Water
|detailschange|p1a: Ogerpon|Ogerpon-Wellspring-Tera, F, tera:Water
|move|p1a: Ogerpon|Ivy Cudgel|p2a: Weezing|[anim] Ivy Cudgel Water
|-damage|p2a: Weezing|2/100
|move|p2a: Weezing|Will-O-Wisp|p1a: Ogerpon
|-status|p1a: Ogerpon|brn
|
|-damage|p1a: Ogerpon|95/100 brn|[from] brn
|upkeep
|turn|33
|
|t:|1758258656
|-end|p2a: Weezing|ability: Neutralizing Gas
|-ability|p1a: Ogerpon|Embody Aspect (Wellspring)|boost
|-boost|p1a: Ogerpon|spd|1
|switch|p2a: Dondozo|Dondozo, F|59/100
|move|p1a: Ogerpon|Swords Dance|p1a: Ogerpon
|-boost|p1a: Ogerpon|atk|2
|
|-damage|p1a: Ogerpon|89/100 brn|[from] brn
|upkeep
|turn|34
|
|t:|1758258669
|move|p1a: Ogerpon|Horn Leech|p2a: Dondozo
|-supereffective|p2a: Dondozo
|-damage|p2a: Dondozo|39/100
|-heal|p1a: Ogerpon|100/100 brn|[from] drain|[of] p2a: Dondozo
|move|p2a: Dondozo|Rest|p2a: Dondozo
|-status|p2a: Dondozo|slp|[from] move: Rest
|-heal|p2a: Dondozo|100/100 slp|[silent]
|
|-damage|p1a: Ogerpon|95/100 brn|[from] brn
|upkeep
|turn|35
|
|t:|1758258676
|move|p1a: Ogerpon|Horn Leech|p2a: Dondozo
|-supereffective|p2a: Dondozo
|-damage|p2a: Dondozo|81/100 slp
|-heal|p1a: Ogerpon|100/100 brn|[from] drain|[of] p2a: Dondozo
|cant|p2a: Dondozo|slp
|move|p2a: Dondozo|Sleep Talk|p2a: Dondozo
|move|p2a: Dondozo|Avalanche|p1a: Ogerpon|[from] move: Sleep Talk
|-resisted|p1a: Ogerpon
|-damage|p1a: Ogerpon|81/100 brn
|
|-damage|p1a: Ogerpon|75/100 brn|[from] brn
|upkeep
|turn|36
|
|t:|1758258679
|move|p1a: Ogerpon|Horn Leech|p2a: Dondozo
|-supereffective|p2a: Dondozo
|-damage|p2a: Dondozo|63/100 slp
|-heal|p1a: Ogerpon|91/100 brn|[from] drain|[of] p2a: Dondozo
|cant|p2a: Dondozo|slp
|move|p2a: Dondozo|Sleep Talk|p2a: Dondozo
|move|p2a: Dondozo|Rest||[from] move: Sleep Talk|[still]
|-fail|p2a: Dondozo
|
|-damage|p1a: Ogerpon|85/100 brn|[from] brn
|upkeep
|turn|37
|
|t:|1758258686
|move|p1a: Ogerpon|Horn Leech|p2a: Dondozo
|-supereffective|p2a: Dondozo
|-damage|p2a: Dondozo|42/100 slp
|-heal|p1a: Ogerpon|100/100 brn|[from] drain|[of] p2a: Dondozo
|-curestatus|p2a: Dondozo|slp|[msg]
|move|p2a: Dondozo|Body Press|p1a: Ogerpon
|-damage|p1a: Ogerpon|66/100 brn
|
|-damage|p1a: Ogerpon|60/100 brn|[from] brn
|upkeep
|turn|38
|
|t:|1758258699
|-terastallize|p2a: Dondozo|Fighting
|move|p1a: Ogerpon|Horn Leech|p2a: Dondozo
|-damage|p2a: Dondozo|33/100
|-heal|p1a: Ogerpon|68/100 brn|[from] drain|[of] p2a: Dondozo
|move|p2a: Dondozo|Rest|p2a: Dondozo
|-status|p2a: Dondozo|slp|[from] move: Rest
|-heal|p2a: Dondozo|100/100 slp|[silent]
|
|-damage|p1a: Ogerpon|62/100 brn|[from] brn
|upkeep
|turn|39
|
|t:|1758258704
|move|p1a: Ogerpon|Ivy Cudgel|p2a: Dondozo|[anim] Ivy Cudgel Water
|-damage|p2a: Dondozo|83/100 slp
|cant|p2a: Dondozo|slp
|move|p2a: Dondozo|Sleep Talk|p2a: Dondozo
|move|p2a: Dondozo|Avalanche|p1a: Ogerpon|[from] move: Sleep Talk
|-resisted|p1a: Ogerpon
|-damage|p1a: Ogerpon|44/100 brn
|
|-damage|p1a: Ogerpon|38/100 brn|[from] brn
|upkeep
|turn|40
|
|t:|1758258706
|move|p1a: Ogerpon|Ivy Cudgel|p2a: Dondozo|[anim] Ivy Cudgel Water
|-damage|p2a: Dondozo|65/100 slp
|cant|p2a: Dondozo|slp
|move|p2a: Dondozo|Sleep Talk|p2a: Dondozo
|move|p2a: Dondozo|Body Press|p1a: Ogerpon|[from] move: Sleep Talk
|-damage|p1a: Ogerpon|0 fnt
|faint|p1a: Ogerpon
|detailschange|p1: Ogerpon|Ogerpon-Wellspring, F|[silent]
|
|upkeep
|
|t:|1758258709
|switch|p1a: Zapdos|Zapdos|100/100
|-ability|p1a: Zapdos|Pressure
|turn|41
|
|t:|1758258714
|move|p1a: Zapdos|Volt Switch|p2a: Dondozo
|-damage|p2a: Dondozo|12/100 slp
|-curestatus|p2a: Dondozo|slp|[msg]
|move|p2a: Dondozo|Avalanche|p1a: Zapdos
|-supereffective|p1a: Zapdos
|-damage|p1a: Zapdos|33/100
|
|upkeep
|turn|42
|-message|Uli17chavez forfeited.
|
|win|rnmmm
|raw|Uli17chavez's rating: 1393 &rarr; <strong>1371</strong><br />(-22 for losing)
|raw|rnmmm's rating: 1362 &rarr; <strong>1384</strong><br />(+22 for winning)
|l|☆Uli17chavez
|player|p1|
|l|☆rnmmm
|player|p2|
