|j|☆SCiZ0rking
|j|☆mmmspicy69
|t:|1758316904
|gametype|singles
|player|p1|SCiZ0rking|youngster-gen4dp|1397
|player|p2|mmmspicy69|169|1420
|gen|9
|tier|[Gen 9] OU
|rated|
|rule|HP Percentage Mod: HP is shown in percentages
|rule|Endless Battle Clause: Forcing endless battles is banned
|rule|Species Clause: Limit one of each Pokémon
|rule|OHKO Clause: OHKO moves are banned
|rule|Evasion Items Clause: Evasion items are banned
|rule|Evasion Moves Clause: Evasion moves are banned
|rule|Evasion Abilities Clause: Evasion abilities are banned
|rule|Sleep Moves Clause: Sleep-inducing moves are banned
|clearpoke
|poke|p1|Dragapult, F|
|poke|p1|Iron Crown|
|poke|p1|Gliscor, M|
|poke|p1|Primarina, F|
|poke|p1|Weavile, M|
|poke|p1|Corviknight, F|
|poke|p2|Great Tusk|
|poke|p2|Gliscor, F|
|poke|p2|Zamazenta-*|
|poke|p2|Hatterene, F|
|poke|p2|Dragapult, M|
|poke|p2|Braviary-Hisui, M|
|teampreview
|inactive|Battle timer is ON: inactive players will automatically lose when time's up. (requested by SCiZ0rking)
|
|t:|1758316923
|teamsize|p1|6
|teamsize|p2|6
|start
|switch|p1a: Dragapult|Dragapult, F|100/100
|switch|p2a: Braviary|Braviary-Hisui, M|100/100
|turn|1
|
|t:|1758316929
|switch|p2a: Gliscor|Gliscor, F|100/100
|move|p1a: Dragapult|U-turn|p2a: Gliscor
|-resisted|p2a: Gliscor
|-damage|p2a: Gliscor|93/100
|
|t:|1758316935
|switch|p1a: Weavile|Weavile, M|100/100|[from] U-turn
|-ability|p1a: Weavile|Pressure
|
|-status|p2a: Gliscor|tox|[from] item: Toxic Orb
|upkeep
|turn|2
|
|t:|1758316940
|-terastallize|p2a: Gliscor|Normal
|move|p1a: Weavile|Swords Dance|p1a: Weavile
|-boost|p1a: Weavile|atk|2
|move|p2a: Gliscor|Facade|p1a: Weavile
|-damage|p1a: Weavile|10/100
|
|-heal|p2a: Gliscor|100/100 tox|[from] ability: Poison Heal
|upkeep
|turn|3
|
|t:|1758316959
|-terastallize|p1a: Weavile|Ice
|move|p1a: Weavile|Triple Axel|p2a: Gliscor
|-damage|p2a: Gliscor|82/100 tox
|-crit|p2a: Gliscor
|-damage|p2a: Gliscor|24/100 tox
|-damage|p2a: Gliscor|0 fnt
|faint|p2a: Gliscor
|-hitcount|p2: Gliscor|3
|
|upkeep
|
|t:|1758316971
|switch|p2a: Zamazenta|Zamazenta|100/100
|-ability|p2a: Zamazenta|Dauntless Shield|boost
|-boost|p2a: Zamazenta|def|1
|turn|4
|
|t:|1758316974
|move|p1a: Weavile|Ice Shard|p2a: Zamazenta
|-damage|p2a: Zamazenta|74/100
|move|p2a: Zamazenta|Iron Defense|p2a: Zamazenta
|-boost|p2a: Zamazenta|def|2
|
|upkeep
|turn|5
|
|t:|1758316977
|move|p1a: Weavile|Ice Shard|p2a: Zamazenta
|-damage|p2a: Zamazenta|57/100
|move|p2a: Zamazenta|Iron Defense|p2a: Zamazenta
|-boost|p2a: Zamazenta|def|2
|
|upkeep
|turn|6
|
|t:|1758316984
|move|p1a: Weavile|Ice Shard|p2a: Zamazenta
|-damage|p2a: Zamazenta|45/100
|move|p2a: Zamazenta|Iron Defense|p2a: Zamazenta
|-boost|p2a: Zamazenta|def|1
|
|upkeep
|turn|7
|
|t:|1758316993
|move|p1a: Weavile|Ice Shard|p2a: Zamazenta
|-damage|p2a: Zamazenta|34/100
|move|p2a: Zamazenta|Rest|p2a: Zamazenta
|-status|p2a: Zamazenta|slp|[from] move: Rest
|-heal|p2a: Zamazenta|100/100 slp|[silent]
|-enditem|p2a: Zamazenta|Chesto Berry|[eat]
|-curestatus|p2a: Zamazenta|slp|[msg]
|
|upkeep
|turn|8
|
|t:|1758316998
|move|p1a: Weavile|Ice Shard|p2a: Zamazenta
|-damage|p2a: Zamazenta|91/100
|move|p2a: Zamazenta|Body Press|p1a: Weavile
|-supereffective|p1a: Weavile
|-damage|p1a: Weavile|0 fnt
|faint|p1a: Weavile
|
|upkeep
|
|t:|1758317003
|switch|p1a: Dragapult|Dragapult, F|100/100
|turn|9
|
|t:|1758317006
|move|p1a: Dragapult|Will-O-Wisp|p2a: Zamazenta
|-status|p2a: Zamazenta|brn
|move|p2a: Zamazenta|Crunch|p1a: Dragapult
|-supereffective|p1a: Dragapult
|-damage|p1a: Dragapult|70/100
|
|-damage|p2a: Zamazenta|85/100 brn|[from] brn
|upkeep
|turn|10
|
|t:|1758317013
|move|p1a: Dragapult|Hex|p2a: Zamazenta
|-damage|p2a: Zamazenta|43/100 brn
|move|p2a: Zamazenta|Crunch|p1a: Dragapult
|-supereffective|p1a: Dragapult
|-damage|p1a: Dragapult|38/100
|-unboost|p1a: Dragapult|def|1
|
|-damage|p2a: Zamazenta|37/100 brn|[from] brn
|upkeep
|turn|11
|
|t:|1758317021
|switch|p2a: Great Tusk|Great Tusk|100/100
|-enditem|p2a: Great Tusk|Booster Energy
|-activate|p2a: Great Tusk|ability: Protosynthesis|[fromitem]
|-start|p2a: Great Tusk|protosynthesisatk
|move|p1a: Dragapult|U-turn|p2a: Great Tusk
|-resisted|p2a: Great Tusk
|-damage|p2a: Great Tusk|93/100
|inactive|SCiZ0rking has 120 seconds left.
|
|t:|1758317053
|switch|p1a: Iron Crown|Iron Crown|100/100|[from] U-turn
|
|upkeep
|turn|12
|
|t:|1758317057
|move|p1a: Iron Crown|Tachyon Cutter|p2a: Great Tusk
|-damage|p2a: Great Tusk|54/100
|-damage|p2a: Great Tusk|16/100
|-hitcount|p2a: Great Tusk|2
|move|p2a: Great Tusk|Rapid Spin|p1a: Iron Crown
|-resisted|p1a: Iron Crown
|-damage|p1a: Iron Crown|88/100
|-boost|p2a: Great Tusk|spe|1
|
|upkeep
|turn|13
|
|t:|1758317069
|-end|p1a: Iron Crown|Quark Drive|[silent]
|switch|p1a: Corviknight|Corviknight, F|100/100
|-ability|p1a: Corviknight|Pressure
|move|p2a: Great Tusk|Headlong Rush|p1a: Corviknight
|-immune|p1a: Corviknight
|
|upkeep
|turn|14
|
|t:|1758317071
|move|p2a: Great Tusk|Supercell Slam|p1a: Corviknight
|-supereffective|p1a: Corviknight
|-damage|p1a: Corviknight|42/100
|move|p1a: Corviknight|Brave Bird|p2a: Great Tusk
|-supereffective|p2a: Great Tusk
|-damage|p2a: Great Tusk|0 fnt
|faint|p2a: Great Tusk
|-end|p2a: Great Tusk|Protosynthesis|[silent]
|-damage|p1a: Corviknight|38/100|[from] Recoil
|
|-heal|p1a: Corviknight|44/100|[from] item: Leftovers
|upkeep
|
|t:|1758317078
|switch|p2a: Braviary|Braviary-Hisui, M|100/100
|turn|15
|
|t:|1758317079
|move|p2a: Braviary|Agility|p2a: Braviary
|-boost|p2a: Braviary|spe|2
|move|p1a: Corviknight|Roost|p1a: Corviknight
|-heal|p1a: Corviknight|94/100
|-singleturn|p1a: Corviknight|move: Roost
|
|-heal|p1a: Corviknight|99/100|[from] item: Leftovers
|upkeep
|turn|16
|
|t:|1758317085
|move|p2a: Braviary|Heat Wave|p1a: Corviknight
|-supereffective|p1a: Corviknight
|-damage|p1a: Corviknight|0 fnt
|faint|p1a: Corviknight
|
|upkeep
|
|t:|1758317098
|switch|p1a: Primarina|Primarina, F|100/100
|turn|17
|
|t:|1758317103
|move|p2a: Braviary|Psychic|p1a: Primarina
|-damage|p1a: Primarina|22/100
|move|p1a: Primarina|Calm Mind|p1a: Primarina
|-boost|p1a: Primarina|spa|1
|-boost|p1a: Primarina|spd|1
|
|-heal|p1a: Primarina|28/100|[from] item: Leftovers
|upkeep
|turn|18
|
|t:|1758317113
|move|p2a: Braviary|Psychic|p1a: Primarina
|-damage|p1a: Primarina|0 fnt
|faint|p1a: Primarina
|
|upkeep
|
|t:|1758317119
|switch|p1a: Gliscor|Gliscor, M|100/100
|turn|19
|
|t:|1758317125
|move|p1a: Gliscor|Protect|p1a: Gliscor
|-singleturn|p1a: Gliscor|Protect
|move|p2a: Braviary|Psychic|p1a: Gliscor
|-activate|p1a: Gliscor|move: Protect
|
|-status|p1a: Gliscor|tox|[from] item: Toxic Orb
|upkeep
|turn|20
|
|t:|1758317152
|move|p2a: Braviary|Psychic|p1a: Gliscor
|-damage|p1a: Gliscor|32/100 tox
|move|p1a: Gliscor|Toxic|p2a: Braviary
|-status|p2a: Braviary|tox
|
|-damage|p2a: Braviary|94/100 tox|[from] psn
|-heal|p1a: Gliscor|44/100 tox|[from] ability: Poison Heal
|upkeep
|turn|21
|
|t:|1758317158
|move|p1a: Gliscor|Protect|p1a: Gliscor
|-singleturn|p1a: Gliscor|Protect
|move|p2a: Braviary|Agility|p2a: Braviary
|-boost|p2a: Braviary|spe|2
|
|-damage|p2a: Braviary|82/100 tox|[from] psn
|-heal|p1a: Gliscor|57/100 tox|[from] ability: Poison Heal
|upkeep
|turn|22
|
|t:|1758317161
|move|p1a: Gliscor|Protect|p1a: Gliscor
|-singleturn|p1a: Gliscor|Protect
|move|p2a: Braviary|Psychic|p1a: Gliscor
|-activate|p1a: Gliscor|move: Protect
|
|-damage|p2a: Braviary|64/100 tox|[from] psn
|-heal|p1a: Gliscor|69/100 tox|[from] ability: Poison Heal
|upkeep
|turn|23
|
|t:|1758317168
|move|p2a: Braviary|Psychic|p1a: Gliscor
|-damage|p1a: Gliscor|5/100 tox
|move|p1a: Gliscor|Knock Off|p2a: Braviary
|-supereffective|p2a: Braviary
|-damage|p2a: Braviary|8/100 tox
|-enditem|p2a: Braviary|Life Orb|[from] move: Knock Off|[of] p1a: Gliscor
|
|-damage|p2a: Braviary|0 fnt|[from] psn
|faint|p2a: Braviary
|-heal|p1a: Gliscor|17/100 tox|[from] ability: Poison Heal
|upkeep
|
|t:|1758317174
|switch|p2a: Hatterene|Hatterene, F|100/100
|turn|24
|
|t:|1758317187
|switch|p1a: Iron Crown|Iron Crown|88/100
|move|p2a: Hatterene|Calm Mind|p2a: Hatterene
|-boost|p2a: Hatterene|spa|1
|-boost|p2a: Hatterene|spd|1
|
|upkeep
|turn|25
|
|t:|1758317194
|switch|p2a: Zamazenta|Zamazenta|37/100 brn
|move|p1a: Iron Crown|Tachyon Cutter|p2a: Zamazenta
|-damage|p2a: Zamazenta|16/100 brn
|-damage|p2a: Zamazenta|0 fnt
|faint|p2a: Zamazenta
|-hitcount|p2: Zamazenta|2
|
|upkeep
|
|t:|1758317196
|switch|p2a: Dragapult|Dragapult, M|100/100
|turn|26
|
|t:|1758317208
|move|p2a: Dragapult|Shadow Ball|p1a: Iron Crown
|-supereffective|p1a: Iron Crown
|-damage|p1a: Iron Crown|17/100
|move|p1a: Iron Crown|Tachyon Cutter|p2a: Dragapult
|-damage|p2a: Dragapult|66/100
|-start|p1a: Iron Crown|Disable|Tachyon Cutter|[from] ability: Cursed Body|[of] p2a: Dragapult
|-damage|p2a: Dragapult|35/100
|-hitcount|p2a: Dragapult|2
|
|upkeep
|turn|27
|
|t:|1758317220
|-end|p1a: Iron Crown|Quark Drive|[silent]
|switch|p1a: Gliscor|Gliscor, M|17/100 tox
|move|p2a: Dragapult|Shadow Ball|p1a: Gliscor
|-damage|p1a: Gliscor|0 fnt
|faint|p1a: Gliscor
|
|upkeep
|
|t:|1758317222
|switch|p1a: Dragapult|Dragapult, F|38/100
|turn|28
|
|t:|1758317225
|move|p2a: Dragapult|Shadow Ball|p1a: Dragapult
|-supereffective|p1a: Dragapult
|-damage|p1a: Dragapult|0 fnt
|faint|p1a: Dragapult
|
|upkeep
|
|t:|1758317227
|switch|p1a: Iron Crown|Iron Crown|17/100
|turn|29
|
|t:|1758317229
|move|p2a: Dragapult|Shadow Ball|p1a: Iron Crown
|-supereffective|p1a: Iron Crown
|-damage|p1a: Iron Crown|0 fnt
|faint|p1a: Iron Crown
|-end|p1a: Iron Crown|Quark Drive|[silent]
|
|win|mmmspicy69
|raw|SCiZ0rking's rating: 1397 &rarr; <strong>1378</strong><br />(-19 for losing)
|raw|mmmspicy69's rating: 1420 &rarr; <strong>1439</strong><br />(+19 for winning)
|l|☆SCiZ0rking
|player|p1|
|c|☆mmmspicy69|gg
|l|☆mmmspicy69
|player|p2|
