|j|☆costorpheus2459
|j|☆ello3600
|t:|1758302953
|gametype|singles
|player|p1|costorpheus2459|169|1181
|player|p2|ello3600|102|1121
|gen|9
|tier|[Gen 9] OU
|rated|
|rule|HP Percentage Mod: HP is shown in percentages
|rule|Endless Battle Clause: Forcing endless battles is banned
|rule|Species Clause: Limit one of each Pokémon
|rule|OHKO Clause: OHKO moves are banned
|rule|Evasion Items Clause: Evasion items are banned
|rule|Evasion Moves Clause: Evasion moves are banned
|rule|Evasion Abilities Clause: Evasion abilities are banned
|rule|Sleep Moves Clause: Sleep-inducing moves are banned
|clearpoke
|poke|p1|Rillaboom, M|
|poke|p1|Zapdos|
|poke|p1|Uxie|
|poke|p1|Great Tusk|
|poke|p1|Hydreigon, F|
|poke|p1|Suicune|
|poke|p2|Araquanid, F|
|poke|p2|Ceruledge, F|
|poke|p2|Kingambit, M|
|poke|p2|Jolteon, M|
|poke|p2|Garchomp, F|
|poke|p2|Garganacl, F|
|teampreview
|inactive|Battle timer is ON: inactive players will automatically lose when time's up. (requested by costorpheus2459)
|
|t:|1758302957
|teamsize|p1|6
|teamsize|p2|6
|start
|switch|p1a: Uxie|Uxie|100/100
|switch|p2a: Garganacl|Garganacl, F|100/100
|turn|1
|
|t:|1758302967
|move|p1a: Uxie|Thunder Wave|p2a: Garganacl
|-immune|p2a: Garganacl|[from] ability: Purifying Salt
|move|p2a: Garganacl|Stealth Rock|p1a: Uxie
|-sidestart|p1: costorpheus2459|move: Stealth Rock
|
|upkeep
|turn|2
|
|t:|1758302976
|move|p1a: Uxie|Stealth Rock|p2a: Garganacl
|-sidestart|p2: ello3600|move: Stealth Rock
|move|p2a: Garganacl|Salt Cure|p1a: Uxie
|-damage|p1a: Uxie|90/100
|-start|p1a: Uxie|Salt Cure
|
|-heal|p1a: Uxie|97/100|[from] item: Leftovers
|-damage|p1a: Uxie|84/100|[from] Salt Cure
|upkeep
|turn|3
|
|t:|1758302989
|switch|p1a: Great Tusk|Great Tusk|100/100
|-damage|p1a: Great Tusk|98/100|[from] Stealth Rock
|switch|p2a: Araquanid|Araquanid, F|100/100
|-damage|p2a: Araquanid|75/100|[from] Stealth Rock
|
|-heal|p2a: Araquanid|82/100|[from] item: Leftovers
|upkeep
|turn|4
|
|t:|1758303002
|move|p1a: Great Tusk|Rapid Spin|p2a: Araquanid
|-damage|p2a: Araquanid|58/100
|-boost|p1a: Great Tusk|spe|1
|-sideend|p1: costorpheus2459|Stealth Rock|[from] move: Rapid Spin|[of] p1a: Great Tusk
|-damage|p1a: Great Tusk|88/100|[from] item: Life Orb
|move|p2a: Araquanid|Sticky Web|p1a: Great Tusk
|-sidestart|p1: costorpheus2459|move: Sticky Web
|
|-heal|p2a: Araquanid|64/100|[from] item: Leftovers
|upkeep
|turn|5
|
|t:|1758303013
|move|p1a: Great Tusk|Knock Off|p2a: Araquanid
|-damage|p2a: Araquanid|18/100
|-enditem|p2a: Araquanid|Leftovers|[from] move: Knock Off|[of] p1a: Great Tusk
|-damage|p1a: Great Tusk|78/100|[from] item: Life Orb
|move|p2a: Araquanid|Liquidation|p1a: Great Tusk
|-supereffective|p1a: Great Tusk
|-damage|p1a: Great Tusk|14/100
|-unboost|p1a: Great Tusk|def|1
|
|upkeep
|turn|6
|
|t:|1758303026
|move|p1a: Great Tusk|Rapid Spin|p2a: Araquanid
|-damage|p2a: Araquanid|0 fnt
|-boost|p1a: Great Tusk|spe|1
|-sideend|p1: costorpheus2459|Sticky Web|[from] move: Rapid Spin|[of] p1a: Great Tusk
|faint|p2a: Araquanid
|-damage|p1a: Great Tusk|4/100|[from] item: Life Orb
|
|upkeep
|
|t:|1758303030
|switch|p2a: Jolteon|Jolteon, M|100/100
|-damage|p2a: Jolteon|88/100|[from] Stealth Rock
|turn|7
|
|t:|1758303035
|move|p1a: Great Tusk|Earthquake|p2a: Jolteon
|-supereffective|p2a: Jolteon
|-damage|p2a: Jolteon|0 fnt
|faint|p2a: Jolteon
|-damage|p1a: Great Tusk|0 fnt|[from] item: Life Orb
|faint|p1a: Great Tusk
|-end|p1a: Great Tusk|Protosynthesis|[silent]
|
|upkeep
|
|t:|1758303048
|switch|p2a: Garganacl|Garganacl, F|100/100
|switch|p1a: Suicune|Suicune|100/100
|-damage|p2a: Garganacl|88/100|[from] Stealth Rock
|turn|8
|
|t:|1758303056
|move|p1a: Suicune|Scald|p2a: Garganacl
|-supereffective|p2a: Garganacl
|-damage|p2a: Garganacl|20/100
|move|p2a: Garganacl|Stealth Rock|p1a: Suicune
|-sidestart|p1: costorpheus2459|move: Stealth Rock
|
|upkeep
|turn|9
|
|t:|1758303063
|move|p1a: Suicune|Scald|p2a: Garganacl
|-supereffective|p2a: Garganacl
|-damage|p2a: Garganacl|0 fnt
|faint|p2a: Garganacl
|
|upkeep
|
|t:|1758303069
|switch|p2a: Garchomp|Garchomp, F|100/100
|-damage|p2a: Garchomp|94/100|[from] Stealth Rock
|turn|10
|
|t:|1758303079
|-terastallize|p2a: Garchomp|Fairy
|move|p2a: Garchomp|Poison Jab|p1a: Suicune
|-damage|p1a: Suicune|77/100
|move|p1a: Suicune|Ice Beam|p2a: Garchomp
|-damage|p2a: Garchomp|78/100
|
|-heal|p1a: Suicune|84/100|[from] item: Leftovers
|upkeep
|turn|11
|
|t:|1758303089
|move|p2a: Garchomp|Dragon Claw|p1a: Suicune
|-damage|p1a: Suicune|48/100
|move|p1a: Suicune|Scald|p2a: Garchomp
|-damage|p2a: Garchomp|53/100
|
|-heal|p1a: Suicune|54/100|[from] item: Leftovers
|upkeep
|turn|12
|
|t:|1758303102
|move|p1a: Suicune|Protect|p1a: Suicune
|-singleturn|p1a: Suicune|Protect
|move|p2a: Garchomp|Dragon Claw|p1a: Suicune
|-activate|p1a: Suicune|move: Protect
|
|-heal|p1a: Suicune|60/100|[from] item: Leftovers
|upkeep
|turn|13
|
|t:|1758303105
|move|p2a: Garchomp|Poison Jab|p1a: Suicune
|-damage|p1a: Suicune|37/100
|move|p1a: Suicune|Scald|p2a: Garchomp
|-damage|p2a: Garchomp|30/100
|
|-heal|p1a: Suicune|44/100|[from] item: Leftovers
|upkeep
|turn|14
|
|t:|1758303110
|move|p1a: Suicune|Protect|p1a: Suicune
|-singleturn|p1a: Suicune|Protect
|move|p2a: Garchomp|Dragon Claw|p1a: Suicune
|-activate|p1a: Suicune|move: Protect
|
|-heal|p1a: Suicune|50/100|[from] item: Leftovers
|upkeep
|turn|15
|
|t:|1758303112
|move|p2a: Garchomp|Dragon Claw|p1a: Suicune
|-damage|p1a: Suicune|16/100
|move|p1a: Suicune|Scald|p2a: Garchomp
|-damage|p2a: Garchomp|9/100
|
|-heal|p1a: Suicune|23/100|[from] item: Leftovers
|upkeep
|turn|16
|
|t:|1758303121
|move|p1a: Suicune|Protect|p1a: Suicune
|-singleturn|p1a: Suicune|Protect
|move|p2a: Garchomp|Earthquake|p1a: Suicune
|-activate|p1a: Suicune|move: Protect
|
|-heal|p1a: Suicune|29/100|[from] item: Leftovers
|upkeep
|turn|17
|
|t:|1758303127
|switch|p1a: Uxie|Uxie|84/100
|-damage|p1a: Uxie|72/100|[from] Stealth Rock
|move|p2a: Garchomp|Dragon Claw|p1a: Uxie
|-damage|p1a: Uxie|34/100
|
|-heal|p1a: Uxie|40/100|[from] item: Leftovers
|upkeep
|turn|18
|
|t:|1758303140
|switch|p1a: Hydreigon|Hydreigon, F|100/100
|-damage|p1a: Hydreigon|88/100|[from] Stealth Rock
|move|p2a: Garchomp|Dragon Claw|p1a: Hydreigon
|-supereffective|p1a: Hydreigon
|-damage|p1a: Hydreigon|0 fnt
|faint|p1a: Hydreigon
|
|upkeep
|
|t:|1758303146
|switch|p1a: Zapdos|Zapdos|100/100
|turn|19
|
|t:|1758303153
|move|p1a: Zapdos|Thunderbolt|p2a: Garchomp
|-damage|p2a: Garchomp|0 fnt
|faint|p2a: Garchomp
|
|upkeep
|
|t:|1758303156
|switch|p2a: Ceruledge|Ceruledge, F|100/100
|turn|20
|
|t:|1758303161
|move|p1a: Zapdos|Thunderbolt|p2a: Ceruledge
|-damage|p2a: Ceruledge|50/100
|move|p2a: Ceruledge|Will-O-Wisp|p1a: Zapdos
|-status|p1a: Zapdos|brn
|
|-damage|p1a: Zapdos|94/100 brn|[from] brn
|upkeep
|turn|21
|
|t:|1758303171
|move|p1a: Zapdos|Hurricane|p2a: Ceruledge
|-damage|p2a: Ceruledge|0 fnt
|faint|p2a: Ceruledge
|
|-damage|p1a: Zapdos|88/100 brn|[from] brn
|upkeep
|
|t:|1758303174
|switch|p2a: Kingambit|Kingambit, M|100/100
|-damage|p2a: Kingambit|94/100|[from] Stealth Rock
|-activate|p2a: Kingambit|ability: Supreme Overlord
|-start|p2a: Kingambit|fallen5|[silent]
|-item|p2a: Kingambit|Air Balloon
|turn|22
|
|t:|1758303183
|move|p1a: Zapdos|Thunder Wave|p2a: Kingambit
|-status|p2a: Kingambit|par
|move|p2a: Kingambit|Iron Head|p1a: Zapdos
|-resisted|p1a: Zapdos
|-damage|p1a: Zapdos|46/100 brn
|
|-damage|p1a: Zapdos|40/100 brn|[from] brn
|upkeep
|turn|23
|
|t:|1758303192
|move|p1a: Zapdos|Thunderbolt|p2a: Kingambit
|-damage|p2a: Kingambit|53/100 par
|-enditem|p2a: Kingambit|Air Balloon
|move|p2a: Kingambit|Kowtow Cleave|p1a: Zapdos
|-damage|p1a: Zapdos|0 fnt
|faint|p1a: Zapdos
|
|upkeep
|
|t:|1758303197
|switch|p1a: Suicune|Suicune|29/100
|-damage|p1a: Suicune|16/100|[from] Stealth Rock
|turn|24
|
|t:|1758303207
|move|p1a: Suicune|Protect|p1a: Suicune
|-singleturn|p1a: Suicune|Protect
|cant|p2a: Kingambit|par
|
|-heal|p1a: Suicune|23/100|[from] item: Leftovers
|upkeep
|turn|25
|
|t:|1758303215
|move|p1a: Suicune|Scald|p2a: Kingambit
|-damage|p2a: Kingambit|21/100 par
|move|p2a: Kingambit|Iron Head|p1a: Suicune
|-resisted|p1a: Suicune
|-damage|p1a: Suicune|0 fnt
|faint|p1a: Suicune
|
|upkeep
|
|t:|1758303218
|switch|p1a: Rillaboom|Rillaboom, M|100/100
|-damage|p1a: Rillaboom|88/100|[from] Stealth Rock
|-fieldstart|move: Grassy Terrain|[from] ability: Grassy Surge|[of] p1a: Rillaboom
|turn|26
|
|t:|1758303233
|-terastallize|p1a: Rillaboom|Water
|move|p1a: Rillaboom|Drain Punch|p2a: Kingambit
|-supereffective|p2a: Kingambit
|-damage|p2a: Kingambit|0 fnt
|-heal|p1a: Rillaboom|100/100|[from] drain|[of] p2a: Kingambit
|faint|p2a: Kingambit
|-end|p2a: Kingambit|fallen5|[silent]
|
|win|costorpheus2459
|raw|costorpheus2459's rating: 1181 &rarr; <strong>1202</strong><br />(+21 for winning)
|raw|ello3600's rating: 1121 &rarr; <strong>1100</strong><br />(-21 for losing)
|l|☆costorpheus2459
|player|p1|
|l|☆ello3600
|player|p2|
