|j|☆Rohit-Majum
|j|☆Pig Perfect
|t:|1758344642
|gametype|singles
|player|p1|Rohit-Majum|266|1449
|player|p2|Pig Perfect|workerice|1485
|gen|9
|tier|[Gen 9] OU
|rated|
|rule|HP Percentage Mod: HP is shown in percentages
|rule|Endless Battle Clause: Forcing endless battles is banned
|rule|Species Clause: Limit one of each Pokémon
|rule|OHKO Clause: OHKO moves are banned
|rule|Evasion Items Clause: Evasion items are banned
|rule|Evasion Moves Clause: Evasion moves are banned
|rule|Evasion Abilities Clause: Evasion abilities are banned
|rule|Sleep Moves Clause: Sleep-inducing moves are banned
|clearpoke
|poke|p1|Dragapult, M|
|poke|p1|Samurott-Hisui, M|
|poke|p1|Slowking-Galar, F|
|poke|p1|Ogerpon-Wellspring, F|
|poke|p1|Kingambit, F|
|poke|p1|Gliscor, M|
|poke|p2|Hawlucha, F|
|poke|p2|Iron Hands|
|poke|p2|Iron Treads|
|poke|p2|Kingambit, F|
|poke|p2|Quaquaval, F|
|poke|p2|Weezing-Galar, F|
|teampreview
|inactive|Battle timer is ON: inactive players will automatically lose when time's up. (requested by Rohit-Majum)
|inactive|Pig Perfect has 120 seconds left.
|
|t:|1758344689
|teamsize|p1|6
|teamsize|p2|6
|start
|switch|p1a: Samurott|Samurott-Hisui, M|100/100
|switch|p2a: Weezing|Weezing-Galar, F|100/100
|-fieldstart|move: Misty Terrain|[from] ability: Misty Surge|[of] p2a: Weezing
|turn|1
|inactive|Rohit-Majum has 120 seconds left.
|
|t:|1758344724
|move|p1a: Samurott|Flip Turn|p2a: Weezing
|-damage|p2a: Weezing|80/100
|
|t:|1758344727
|switch|p1a: Slowking|Slowking-Galar, F|100/100|[from] Flip Turn
|move|p2a: Weezing|Strange Steam|p1a: Slowking
|-resisted|p1a: Slowking
|-damage|p1a: Slowking|91/100
|
|upkeep
|turn|2
|
|t:|1758344752
|switch|p2a: Kingambit|Kingambit, F|100/100
|move|p1a: Slowking|Future Sight|p2a: Kingambit
|-start|p1a: Slowking|move: Future Sight
|
|upkeep
|turn|3
|
|t:|1758344769
|switch|p1a: Kingambit|Kingambit, F|100/100
|move|p2a: Kingambit|Swords Dance|p2a: Kingambit
|-boost|p2a: Kingambit|atk|2
|
|upkeep
|turn|4
|inactive|Pig Perfect has 120 seconds left.
|
|t:|1758344792
|-end|p2a: Kingambit|fallenundefined|[silent]
|switch|p2a: Quaquaval|Quaquaval, F|100/100
|-enditem|p2a: Quaquaval|Misty Seed
|-boost|p2a: Quaquaval|spd|1|[from] item: Misty Seed
|move|p1a: Kingambit|Low Kick|p2a: Quaquaval
|-damage|p2a: Quaquaval|60/100
|
|-end|p2a: Quaquaval|move: Future Sight
|-supereffective|p2a: Quaquaval
|-damage|p2a: Quaquaval|0 fnt
|faint|p2a: Quaquaval
|upkeep
|
|t:|1758344814
|switch|p2a: Iron Treads|Iron Treads|100/100
|-item|p2a: Iron Treads|Air Balloon
|turn|5
|
|t:|1758344836
|-terastallize|p1a: Kingambit|Flying
|move|p2a: Iron Treads|Stealth Rock|p1a: Kingambit
|-sidestart|p1: Rohit-Majum|move: Stealth Rock
|move|p1a: Kingambit|Low Kick|p2a: Iron Treads
|-supereffective|p2a: Iron Treads
|-damage|p2a: Iron Treads|32/100
|-enditem|p2a: Iron Treads|Air Balloon
|
|upkeep
|turn|6
|
|t:|1758344864
|move|p2a: Iron Treads|Ice Spinner|p1a: Kingambit
|-supereffective|p1a: Kingambit
|-damage|p1a: Kingambit|68/100
|-fieldend|Misty Terrain
|move|p1a: Kingambit|Kowtow Cleave|p2a: Iron Treads
|-damage|p2a: Iron Treads|0 fnt
|faint|p2a: Iron Treads
|-end|p2a: Iron Treads|Quark Drive|[silent]
|
|upkeep
|inactive|Pig Perfect has 90 seconds left.
|
|t:|1758344904
|switch|p2a: Weezing|Weezing-Galar, F|80/100
|-fieldstart|move: Misty Terrain|[from] ability: Misty Surge|[of] p2a: Weezing
|turn|7
|inactive|Pig Perfect has 60 seconds left.
|
|t:|1758344923
|-end|p1a: Kingambit|fallenundefined|[silent]
|switch|p1a: Gliscor|Gliscor, M|100/100
|-damage|p1a: Gliscor|88/100|[from] Stealth Rock
|move|p2a: Weezing|Clear Smog|p1a: Gliscor
|-resisted|p1a: Gliscor
|-damage|p1a: Gliscor|78/100
|-clearboost|p1a: Gliscor
|
|-status|p1a: Gliscor|tox|[from] item: Toxic Orb
|upkeep
|turn|8
|
|t:|1758344933
|switch|p2a: Iron Hands|Iron Hands|100/100
|-enditem|p2a: Iron Hands|Booster Energy
|-activate|p2a: Iron Hands|ability: Quark Drive|[fromitem]
|-start|p2a: Iron Hands|quarkdriveatk
|move|p1a: Gliscor|Earthquake|p2a: Iron Hands
|-supereffective|p2a: Iron Hands
|-damage|p2a: Iron Hands|54/100
|
|-heal|p1a: Gliscor|91/100 tox|[from] ability: Poison Heal
|upkeep
|turn|9
|
|t:|1758344942
|move|p1a: Gliscor|Earthquake|p2a: Iron Hands
|-supereffective|p2a: Iron Hands
|-damage|p2a: Iron Hands|14/100
|move|p2a: Iron Hands|Ice Punch|p1a: Gliscor
|-supereffective|p1a: Gliscor
|-damage|p1a: Gliscor|0 fnt
|faint|p1a: Gliscor
|
|upkeep
|
|t:|1758344964
|switch|p1a: Ogerpon|Ogerpon-Wellspring, F|100/100
|-damage|p1a: Ogerpon|88/100|[from] Stealth Rock
|turn|10
|
|t:|1758344969
|move|p1a: Ogerpon|Ivy Cudgel|p2a: Iron Hands|[anim] Ivy Cudgel Water
|-damage|p2a: Iron Hands|0 fnt
|faint|p2a: Iron Hands
|-end|p2a: Iron Hands|Quark Drive|[silent]
|
|upkeep
|
|t:|1758344983
|switch|p2a: Kingambit|Kingambit, F|100/100
|-activate|p2a: Kingambit|ability: Supreme Overlord
|-start|p2a: Kingambit|fallen3|[silent]
|turn|11
|inactive|Rohit-Majum has 120 seconds left.
|
|t:|1758345017
|move|p1a: Ogerpon|Ivy Cudgel|p2a: Kingambit|[anim] Ivy Cudgel Water
|-damage|p2a: Kingambit|51/100
|move|p2a: Kingambit|Kowtow Cleave|p1a: Ogerpon
|-damage|p1a: Ogerpon|10/100
|
|-heal|p2a: Kingambit|57/100|[from] item: Leftovers
|upkeep
|turn|12
|inactive|Pig Perfect has 90 seconds left.
|
|t:|1758345045
|move|p2a: Kingambit|Sucker Punch||[still]
|-fail|p2a: Kingambit
|move|p1a: Ogerpon|Swords Dance|p1a: Ogerpon
|-boost|p1a: Ogerpon|atk|2
|
|-heal|p2a: Kingambit|64/100|[from] item: Leftovers
|upkeep
|turn|13
|-message|Pig Perfect forfeited.
|
|win|Rohit-Majum
|raw|Rohit-Majum's rating: 1449 &rarr; <strong>1471</strong><br />(+22 for winning)
|raw|Pig Perfect's rating: 1485 &rarr; <strong>1463</strong><br />(-22 for losing)
|l|☆Pig Perfect
|player|p2|
|l|☆Rohit-Majum
|player|p1|
