|j|☆brlt2 blemeno
|j|☆luca1996
|t:|1758308981
|gametype|singles
|player|p1|brlt2 blemeno|2|1374
|player|p2|luca1996|boarder|1377
|gen|9
|tier|[Gen 9] OU
|rated|
|rule|HP Percentage Mod: HP is shown in percentages
|rule|Endless Battle Clause: Forcing endless battles is banned
|rule|Species Clause: Limit one of each Pokémon
|rule|OHKO Clause: OHKO moves are banned
|rule|Evasion Items Clause: Evasion items are banned
|rule|Evasion Moves Clause: Evasion moves are banned
|rule|Evasion Abilities Clause: Evasion abilities are banned
|rule|Sleep Moves Clause: Sleep-inducing moves are banned
|clearpoke
|poke|p1|Ninetales, M|
|poke|p1|Walking Wake|
|poke|p1|Hatterene, F|
|poke|p1|Great Tusk|
|poke|p1|Comfey, M|
|poke|p1|Ceruledge, F|
|poke|p2|Sinistcha-Masterpiece|
|poke|p2|Glimmora, M|
|poke|p2|Dragonite, M|
|poke|p2|Decidueye-Hisui, M|
|poke|p2|Iron Valiant|
|poke|p2|Meowscarada, M|
|teampreview
|inactive|Battle timer is ON: inactive players will automatically lose when time's up. (requested by luca1996)
|
|t:|1758308989
|teamsize|p1|6
|teamsize|p2|6
|start
|switch|p1a: Luisin|Great Tusk|100/100
|switch|p2a: Glimmora|Glimmora, M|100/100
|turn|1
|
|t:|1758308994
|move|p1a: Luisin|Headlong Rush|p2a: Glimmora
|-supereffective|p2a: Glimmora
|-enditem|p2a: Glimmora|Focus Sash
|-damage|p2a: Glimmora|1/100
|-unboost|p1a: Luisin|def|1
|-unboost|p1a: Luisin|spd|1
|-activate|p2a: Glimmora|ability: Toxic Debris
|-sidestart|p1: brlt2 blemeno|move: Toxic Spikes
|-damage|p1a: Luisin|90/100|[from] item: Life Orb
|move|p2a: Glimmora|Stealth Rock|p1a: Luisin
|-sidestart|p1: brlt2 blemeno|move: Stealth Rock
|
|upkeep
|turn|2
|
|t:|1758308997
|move|p1a: Luisin|Rapid Spin|p2a: Glimmora
|-resisted|p2a: Glimmora
|-damage|p2a: Glimmora|0 fnt
|-boost|p1a: Luisin|spe|1
|-activate|p2a: Glimmora|ability: Toxic Debris
|-sidestart|p1: brlt2 blemeno|move: Toxic Spikes
|-sideend|p1: brlt2 blemeno|Toxic Spikes|[from] move: Rapid Spin|[of] p1a: Luisin
|-sideend|p1: brlt2 blemeno|Stealth Rock|[from] move: Rapid Spin|[of] p1a: Luisin
|faint|p2a: Glimmora
|-damage|p1a: Luisin|80/100|[from] item: Life Orb
|
|upkeep
|
|t:|1758309007
|switch|p2a: Sinistcha|Sinistcha-Masterpiece|100/100
|turn|3
|inactive|brlt2 blemeno has 120 seconds left.
|inactive|brlt2 blemeno has 90 seconds left.
|
|t:|1758309068
|-end|p1a: Luisin|Protosynthesis|[silent]
|switch|p1a: Duko|Hatterene, F, shiny|100/100
|move|p2a: Sinistcha|Matcha Gotcha|p1a: Duko
|-damage|p1a: Duko|56/100
|-enditem|p1a: Duko|Eject Button
|
|t:|1758309071
|switch|p1a: Daydream|Ninetales, M, shiny|100/100
|-weather|SunnyDay|[from] ability: Drought|[of] p1a: Daydream
|
|-weather|SunnyDay|[upkeep]
|upkeep
|turn|4
|
|t:|1758309077
|switch|p1a: Duko|Hatterene, F, shiny|56/100
|move|p2a: Sinistcha|Calm Mind|p2a: Sinistcha
|-boost|p2a: Sinistcha|spa|1
|-boost|p2a: Sinistcha|spd|1
|
|-weather|SunnyDay|[upkeep]
|upkeep
|turn|5
|
|t:|1758309082
|move|p2a: Sinistcha|Shadow Ball|p1a: Duko
|-supereffective|p1a: Duko
|-damage|p1a: Duko|0 fnt
|faint|p1a: Duko
|
|-weather|SunnyDay|[upkeep]
|upkeep
|
|t:|1758309095
|switch|p1a: Glass Shadows|Ceruledge, F, shiny|100/100
|turn|6
|
|t:|1758309100
|move|p1a: Glass Shadows|Endure|p1a: Glass Shadows
|-singleturn|p1a: Glass Shadows|move: Endure
|move|p2a: Sinistcha|Strength Sap|p1a: Glass Shadows
|-unboost|p1a: Glass Shadows|atk|1
|
|-weather|SunnyDay|[upkeep]
|upkeep
|turn|7
|
|t:|1758309107
|move|p1a: Glass Shadows|Poltergeist|p2a: Sinistcha
|-activate|p2a: Sinistcha|move: Poltergeist|Leftovers
|-supereffective|p2a: Sinistcha
|-damage|p2a: Sinistcha|28/100
|move|p2a: Sinistcha|Shadow Ball|p1a: Glass Shadows
|-supereffective|p1a: Glass Shadows
|-damage|p1a: Glass Shadows|0 fnt
|faint|p1a: Glass Shadows
|
|-weather|SunnyDay|[upkeep]
|-heal|p2a: Sinistcha|34/100|[from] item: Leftovers
|upkeep
|
|t:|1758309112
|switch|p1a: Luisin|Great Tusk|80/100
|-activate|p1a: Luisin|ability: Protosynthesis
|-start|p1a: Luisin|protosynthesisatk
|turn|8
|
|t:|1758309115
|-terastallize|p2a: Sinistcha|Fire
|move|p1a: Luisin|Ice Spinner|p2a: Sinistcha
|-resisted|p2a: Sinistcha
|-damage|p2a: Sinistcha|13/100
|-damage|p1a: Luisin|70/100|[from] item: Life Orb
|move|p2a: Sinistcha|Strength Sap|p1a: Luisin
|-unboost|p1a: Luisin|atk|1
|-heal|p2a: Sinistcha|100/100
|
|-weather|SunnyDay|[upkeep]
|upkeep
|turn|9
|
|t:|1758309120
|move|p1a: Luisin|Headlong Rush|p2a: Sinistcha
|-supereffective|p2a: Sinistcha
|-damage|p2a: Sinistcha|0 fnt
|-unboost|p1a: Luisin|def|1
|-unboost|p1a: Luisin|spd|1
|faint|p2a: Sinistcha
|-damage|p1a: Luisin|60/100|[from] item: Life Orb
|
|-weather|SunnyDay|[upkeep]
|upkeep
|
|t:|1758309124
|switch|p2a: Meowscarada|Meowscarada, M|100/100
|turn|10
|
|t:|1758309128
|move|p2a: Meowscarada|Flower Trick|p1a: Luisin
|-start|p2a: Meowscarada|typechange|Grass|[from] ability: Protean
|-supereffective|p1a: Luisin
|-crit|p1a: Luisin
|-damage|p1a: Luisin|0 fnt
|faint|p1a: Luisin
|-end|p1a: Luisin|Protosynthesis|[silent]
|
|-weather|none
|upkeep
|
|t:|1758309130
|switch|p1a: Daydream|Ninetales, M, shiny|100/100
|-weather|SunnyDay|[from] ability: Drought|[of] p1a: Daydream
|turn|11
|
|t:|1758309136
|switch|p2a: Iron Valiant|Iron Valiant|100/100
|-enditem|p2a: Iron Valiant|Booster Energy
|-activate|p2a: Iron Valiant|ability: Quark Drive|[fromitem]
|-start|p2a: Iron Valiant|quarkdrivespe
|move|p1a: Daydream|Will-O-Wisp|p2a: Iron Valiant
|-status|p2a: Iron Valiant|brn
|
|-weather|SunnyDay|[upkeep]
|-damage|p2a: Iron Valiant|94/100 brn|[from] brn
|upkeep
|turn|12
|
|t:|1758309140
|move|p2a: Iron Valiant|Calm Mind|p2a: Iron Valiant
|-boost|p2a: Iron Valiant|spa|1
|-boost|p2a: Iron Valiant|spd|1
|move|p1a: Daydream|Weather Ball|p2a: Iron Valiant
|-damage|p2a: Iron Valiant|39/100 brn
|
|-weather|SunnyDay|[upkeep]
|-damage|p2a: Iron Valiant|33/100 brn|[from] brn
|upkeep
|turn|13
|
|t:|1758309142
|move|p2a: Iron Valiant|Aura Sphere|p1a: Daydream
|-damage|p1a: Daydream|42/100
|move|p1a: Daydream|Weather Ball|p2a: Iron Valiant
|-damage|p2a: Iron Valiant|0 fnt
|faint|p2a: Iron Valiant
|-end|p2a: Iron Valiant|Quark Drive|[silent]
|
|-weather|SunnyDay|[upkeep]
|upkeep
|
|t:|1758309148
|switch|p2a: Meowscarada|Meowscarada, M|100/100
|turn|14
|
|t:|1758309150
|move|p2a: Meowscarada|Knock Off|p1a: Daydream
|-start|p2a: Meowscarada|typechange|Dark|[from] ability: Protean
|-damage|p1a: Daydream|0 fnt
|-enditem|p1a: Daydream|Heat Rock|[from] move: Knock Off|[of] p2a: Meowscarada
|faint|p1a: Daydream
|
|-weather|SunnyDay|[upkeep]
|upkeep
|
|t:|1758309152
|switch|p1a: Asmi|Comfey, M, shiny|100/100
|turn|15
|
|t:|1758309154
|switch|p2a: Decidueye|Decidueye-Hisui, M|100/100
|move|p1a: Asmi|Growth|p1a: Asmi
|-boost|p1a: Asmi|atk|2
|-boost|p1a: Asmi|spa|2
|
|-weather|SunnyDay|[upkeep]
|upkeep
|turn|16
|
|t:|1758309157
|move|p1a: Asmi|Draining Kiss|p2a: Decidueye
|-supereffective|p2a: Decidueye
|-damage|p2a: Decidueye|8/100
|-damage|p1a: Asmi|91/100|[from] item: Life Orb
|move|p2a: Decidueye|Triple Arrows|p1a: Asmi
|-resisted|p1a: Asmi
|-damage|p1a: Asmi|57/100
|-damage|p2a: Decidueye|0 fnt|[from] item: Life Orb
|faint|p2a: Decidueye
|
|-weather|SunnyDay|[upkeep]
|upkeep
|
|t:|1758309163
|switch|p2a: Dragonite|Dragonite, M|100/100
|turn|17
|
|t:|1758309166
|move|p1a: Asmi|Draining Kiss|p2a: Dragonite
|-supereffective|p2a: Dragonite
|-damage|p2a: Dragonite|48/100
|-heal|p1a: Asmi|98/100|[from] drain|[of] p2a: Dragonite
|-damage|p1a: Asmi|88/100|[from] item: Life Orb
|move|p2a: Dragonite|Dragon Dance|p2a: Dragonite
|-boost|p2a: Dragonite|atk|1
|-boost|p2a: Dragonite|spe|1
|
|-weather|SunnyDay|[upkeep]
|upkeep
|turn|18
|
|t:|1758309169
|move|p1a: Asmi|Draining Kiss|p2a: Dragonite
|-supereffective|p2a: Dragonite
|-damage|p2a: Dragonite|0 fnt
|-heal|p1a: Asmi|100/100|[from] drain|[of] p2a: Dragonite
|faint|p2a: Dragonite
|-damage|p1a: Asmi|91/100|[from] item: Life Orb
|
|-weather|none
|upkeep
|
|t:|1758309174
|switch|p2a: Meowscarada|Meowscarada, M|100/100
|turn|19
|
|t:|1758309175
|move|p1a: Asmi|Draining Kiss|p2a: Meowscarada
|-supereffective|p2a: Meowscarada
|-damage|p2a: Meowscarada|0 fnt
|-heal|p1a: Asmi|100/100|[from] drain|[of] p2a: Meowscarada
|faint|p2a: Meowscarada
|-damage|p1a: Asmi|91/100|[from] item: Life Orb
|
|win|brlt2 blemeno
|raw|brlt2 blemeno's rating: 1374 &rarr; <strong>1394</strong><br />(+20 for winning)
|raw|luca1996's rating: 1377 &rarr; <strong>1357</strong><br />(-20 for losing)
|l|☆luca1996
|player|p2|
