|j|‽DiceyRice
|j|☆sly_skip
|t:|1758231802
|gametype|singles
|player|p1|DiceyRice|hilda-wonderlauncher|1644
|player|p2|sly_skip|2|1594
|gen|9
|tier|[Gen 9] OU
|rated|
|rule|HP Percentage Mod: HP is shown in percentages
|rule|Endless Battle Clause: Forcing endless battles is banned
|rule|Species Clause: Limit one of each Pokémon
|rule|OHKO Clause: OHKO moves are banned
|rule|Evasion Items Clause: Evasion items are banned
|rule|Evasion Moves Clause: Evasion moves are banned
|rule|Evasion Abilities Clause: Evasion abilities are banned
|rule|Sleep Moves Clause: Sleep-inducing moves are banned
|clearpoke
|poke|p1|Ninetales, F|
|poke|p1|Typhlosion-Hisui, M|
|poke|p1|Venusaur, M|
|poke|p1|Walking Wake|
|poke|p1|Slither Wing|
|poke|p1|Great Tusk|
|poke|p2|Great Tusk|
|poke|p2|Darkrai|
|poke|p2|Garganacl, M|
|poke|p2|Kyurem|
|poke|p2|Zamazenta-*|
|poke|p2|Slowking-Galar, F|
|teampreview
|inactive|Battle timer is ON: inactive players will automatically lose when time's up. (requested by sly_skip)
|
|t:|1758231813
|teamsize|p1|6
|teamsize|p2|6
|start
|switch|p1a: Slither Wing|Slither Wing|100/100
|switch|p2a: Darkrai|Darkrai|100/100
|turn|1
|
|t:|1758231823
|switch|p2a: Zamazenta|Zamazenta|100/100
|-ability|p2a: Zamazenta|Dauntless Shield|boost
|-boost|p2a: Zamazenta|def|1
|move|p1a: Slither Wing|First Impression|p2a: Zamazenta
|-resisted|p2a: Zamazenta
|-damage|p2a: Zamazenta|90/100
|
|-heal|p2a: Zamazenta|96/100|[from] item: Leftovers
|upkeep
|turn|2
|
|t:|1758231833
|move|p2a: Zamazenta|Body Press|p1a: Slither Wing
|-resisted|p1a: Slither Wing
|-damage|p1a: Slither Wing|62/100
|move|p1a: Slither Wing|U-turn|p2a: Zamazenta
|-resisted|p2a: Zamazenta
|-damage|p2a: Zamazenta|87/100
|
|t:|1758231838
|-end|p1a: Slither Wing|Protosynthesis|[silent]
|switch|p1a: Typhlosion|Typhlosion-Hisui, M|100/100|[from] U-turn
|
|-heal|p2a: Zamazenta|93/100|[from] item: Leftovers
|upkeep
|turn|3
|
|t:|1758231853
|switch|p1a: Ninetales|Ninetales, F|100/100
|-weather|SunnyDay|[from] ability: Drought|[of] p1a: Ninetales
|switch|p2a: Garganacl|Garganacl, M|100/100
|
|-weather|SunnyDay|[upkeep]
|upkeep
|turn|4
|
|t:|1758231859
|switch|p1a: Walking Wake|Walking Wake|100/100
|-activate|p1a: Walking Wake|ability: Protosynthesis
|-start|p1a: Walking Wake|protosynthesisspa
|move|p2a: Garganacl|Salt Cure|p1a: Walking Wake
|-damage|p1a: Walking Wake|85/100
|-start|p1a: Walking Wake|Salt Cure
|
|-weather|SunnyDay|[upkeep]
|-damage|p1a: Walking Wake|60/100|[from] Salt Cure
|upkeep
|turn|5
|
|t:|1758231874
|switch|p2a: Slowking|Slowking-Galar, F|100/100
|move|p1a: Walking Wake|Hydro Steam|p2a: Slowking
|-damage|p2a: Slowking|32/100
|
|-weather|SunnyDay|[upkeep]
|-damage|p1a: Walking Wake|35/100|[from] Salt Cure
|upkeep
|turn|6
|
|t:|1758231892
|switch|p2a: Kyurem|Kyurem|100/100
|-ability|p2a: Kyurem|Pressure
|move|p1a: Walking Wake|Hydro Steam|p2a: Kyurem
|-resisted|p2a: Kyurem
|-damage|p2a: Kyurem|46/100
|
|-weather|SunnyDay|[upkeep]
|-damage|p1a: Walking Wake|10/100|[from] Salt Cure
|upkeep
|turn|7
|
|t:|1758231901
|-end|p1a: Walking Wake|Protosynthesis|[silent]
|switch|p1a: Slither Wing|Slither Wing|62/100
|-activate|p1a: Slither Wing|ability: Protosynthesis
|-start|p1a: Slither Wing|protosynthesisatk
|move|p2a: Kyurem|Freeze-Dry|p1a: Slither Wing
|-damage|p1a: Slither Wing|40/100
|
|-weather|SunnyDay|[upkeep]
|upkeep
|turn|8
|
|t:|1758231911
|move|p2a: Kyurem|Icicle Spear|p1a: Slither Wing
|-damage|p1a: Slither Wing|24/100
|-damage|p1a: Slither Wing|9/100
|-hitcount|p1a: Slither Wing|2
|move|p1a: Slither Wing|U-turn|p2a: Kyurem
|-crit|p2a: Kyurem
|-damage|p2a: Kyurem|0 fnt
|faint|p2a: Kyurem
|
|t:|1758231924
|-end|p1a: Slither Wing|Protosynthesis|[silent]
|switch|p1a: Typhlosion|Typhlosion-Hisui, M|100/100|[from] U-turn
|
|-weather|SunnyDay|[upkeep]
|upkeep
|
|t:|1758231928
|switch|p2a: Garganacl|Garganacl, M|100/100
|turn|9
|
|t:|1758231934
|switch|p1a: Great Tusk|Great Tusk|100/100
|-activate|p1a: Great Tusk|ability: Protosynthesis
|-start|p1a: Great Tusk|protosynthesisspe
|move|p2a: Garganacl|Salt Cure|p1a: Great Tusk
|-resisted|p1a: Great Tusk
|-damage|p1a: Great Tusk|98/100
|-start|p1a: Great Tusk|Salt Cure
|
|-weather|SunnyDay|[upkeep]
|-damage|p1a: Great Tusk|86/100|[from] Salt Cure
|upkeep
|turn|10
|
|t:|1758231937
|switch|p2a: Great Tusk|Great Tusk|100/100
|-activate|p2a: Great Tusk|ability: Protosynthesis
|-start|p2a: Great Tusk|protosynthesisatk
|move|p1a: Great Tusk|Stealth Rock|p2a: Great Tusk
|-sidestart|p2: sly_skip|move: Stealth Rock
|
|-weather|none
|-end|p1a: Great Tusk|Protosynthesis
|-end|p2a: Great Tusk|Protosynthesis
|-damage|p1a: Great Tusk|74/100|[from] Salt Cure
|upkeep
|turn|11
|
|t:|1758231949
|-end|p1a: Great Tusk|Protosynthesis|[silent]
|switch|p1a: Typhlosion|Typhlosion-Hisui, M|100/100
|move|p2a: Great Tusk|Knock Off|p1a: Typhlosion
|-supereffective|p1a: Typhlosion
|-damage|p1a: Typhlosion|2/100
|-enditem|p1a: Typhlosion|Choice Scarf|[from] move: Knock Off|[of] p2a: Great Tusk
|
|upkeep
|turn|12
|
|t:|1758231959
|-end|p2a: Great Tusk|Protosynthesis|[silent]
|switch|p2a: Garganacl|Garganacl, M|100/100
|-damage|p2a: Garganacl|88/100|[from] Stealth Rock
|move|p1a: Typhlosion|Flamethrower|p2a: Garganacl
|-resisted|p2a: Garganacl
|-damage|p2a: Garganacl|64/100
|
|-heal|p2a: Garganacl|70/100|[from] item: Leftovers
|upkeep
|turn|13
|
|t:|1758231971
|move|p1a: Typhlosion|Focus Blast|p2a: Garganacl
|-supereffective|p2a: Garganacl
|-damage|p2a: Garganacl|7/100
|move|p2a: Garganacl|Salt Cure|p1a: Typhlosion
|-supereffective|p1a: Typhlosion
|-damage|p1a: Typhlosion|0 fnt
|faint|p1a: Typhlosion
|
|-heal|p2a: Garganacl|13/100|[from] item: Leftovers
|upkeep
|
|t:|1758231976
|switch|p1a: Walking Wake|Walking Wake|10/100
|turn|14
|
|t:|1758231980
|move|p1a: Walking Wake|Hydro Steam|p2a: Garganacl
|-supereffective|p2a: Garganacl
|-crit|p2a: Garganacl
|-damage|p2a: Garganacl|0 fnt
|faint|p2a: Garganacl
|
|upkeep
|
|t:|1758231996
|switch|p2a: Zamazenta|Zamazenta|93/100
|-damage|p2a: Zamazenta|87/100|[from] Stealth Rock
|turn|15
|
|t:|1758232008
|-end|p1a: Walking Wake|Protosynthesis|[silent]
|switch|p1a: Ninetales|Ninetales, F|100/100
|-weather|SunnyDay|[from] ability: Drought|[of] p1a: Ninetales
|move|p2a: Zamazenta|Iron Defense|p2a: Zamazenta
|-boost|p2a: Zamazenta|def|2
|
|-weather|SunnyDay|[upkeep]
|-heal|p2a: Zamazenta|93/100|[from] item: Leftovers
|upkeep
|turn|16
|
|t:|1758232029
|move|p2a: Zamazenta|Substitute|p2a: Zamazenta
|-start|p2a: Zamazenta|Substitute
|-damage|p2a: Zamazenta|68/100
|move|p1a: Ninetales|Will-O-Wisp||[still]
|-fail|p1a: Ninetales
|
|-weather|SunnyDay|[upkeep]
|-heal|p2a: Zamazenta|74/100|[from] item: Leftovers
|upkeep
|turn|17
|
|t:|1758232033
|move|p2a: Zamazenta|Body Press|p1a: Ninetales
|-damage|p1a: Ninetales|6/100
|move|p1a: Ninetales|Encore|p2a: Zamazenta
|-start|p2a: Zamazenta|Encore
|
|-weather|SunnyDay|[upkeep]
|-heal|p2a: Zamazenta|80/100|[from] item: Leftovers
|upkeep
|turn|18
|
|t:|1758232039
|switch|p1a: Slither Wing|Slither Wing|9/100
|-activate|p1a: Slither Wing|ability: Protosynthesis
|-start|p1a: Slither Wing|protosynthesisatk
|move|p2a: Zamazenta|Body Press|p1a: Slither Wing
|-resisted|p1a: Slither Wing
|-damage|p1a: Slither Wing|0 fnt
|faint|p1a: Slither Wing
|-end|p1a: Slither Wing|Protosynthesis|[silent]
|
|-weather|SunnyDay|[upkeep]
|-heal|p2a: Zamazenta|86/100|[from] item: Leftovers
|upkeep
|
|t:|1758232040
|switch|p1a: Great Tusk|Great Tusk|74/100
|-activate|p1a: Great Tusk|ability: Protosynthesis
|-start|p1a: Great Tusk|protosynthesisspe
|turn|19
|
|t:|1758232043
|move|p1a: Great Tusk|Headlong Rush|p2a: Zamazenta
|-activate|p2a: Zamazenta|move: Substitute|[damage]
|-unboost|p1a: Great Tusk|def|1
|-unboost|p1a: Great Tusk|spd|1
|move|p2a: Zamazenta|Body Press|p1a: Great Tusk
|-damage|p1a: Great Tusk|0 fnt
|-damage|p2a: Zamazenta|69/100|[from] item: Rocky Helmet|[of] p1a: Great Tusk
|faint|p1a: Great Tusk
|-end|p1a: Great Tusk|Protosynthesis|[silent]
|
|-weather|SunnyDay|[upkeep]
|-heal|p2a: Zamazenta|75/100|[from] item: Leftovers
|upkeep
|
|t:|1758232046
|switch|p1a: Venusaur|Venusaur, M|100/100
|turn|20
|
|t:|1758232049
|move|p1a: Venusaur|Growth|p1a: Venusaur
|-boost|p1a: Venusaur|atk|2
|-boost|p1a: Venusaur|spa|2
|move|p2a: Zamazenta|Body Press|p1a: Venusaur
|-resisted|p1a: Venusaur
|-damage|p1a: Venusaur|54/100
|
|-weather|SunnyDay|[upkeep]
|-heal|p2a: Zamazenta|81/100|[from] item: Leftovers
|-end|p2a: Zamazenta|Encore
|upkeep
|turn|21
|
|t:|1758232053
|move|p1a: Venusaur|Giga Drain|p2a: Zamazenta
|-end|p2a: Zamazenta|Substitute
|-heal|p1a: Venusaur|58/100|[from] drain|[of] p2a: Zamazenta
|-damage|p1a: Venusaur|48/100|[from] item: Life Orb
|move|p2a: Zamazenta|Body Press|p1a: Venusaur
|-resisted|p1a: Venusaur
|-damage|p1a: Venusaur|0 fnt
|faint|p1a: Venusaur
|
|-weather|SunnyDay|[upkeep]
|-heal|p2a: Zamazenta|87/100|[from] item: Leftovers
|upkeep
|
|t:|1758232061
|switch|p1a: Walking Wake|Walking Wake|10/100
|-activate|p1a: Walking Wake|ability: Protosynthesis
|-start|p1a: Walking Wake|protosynthesisspa
|turn|22
|
|t:|1758232077
|switch|p2a: Slowking|Slowking-Galar, F|66/100
|move|p1a: Walking Wake|Hydro Steam|p2a: Slowking
|-damage|p2a: Slowking|0 fnt
|faint|p2a: Slowking
|
|-weather|none
|-end|p1a: Walking Wake|Protosynthesis
|upkeep
|
|t:|1758232080
|switch|p2a: Darkrai|Darkrai|100/100
|turn|23
|
|t:|1758232085
|-end|p1a: Walking Wake|Protosynthesis|[silent]
|switch|p1a: Ninetales|Ninetales, F|6/100
|-weather|SunnyDay|[from] ability: Drought|[of] p1a: Ninetales
|move|p2a: Darkrai|Dark Pulse|p1a: Ninetales
|-damage|p1a: Ninetales|0 fnt
|faint|p1a: Ninetales
|
|-weather|SunnyDay|[upkeep]
|upkeep
|
|t:|1758232086
|switch|p1a: Walking Wake|Walking Wake|10/100
|-activate|p1a: Walking Wake|ability: Protosynthesis
|-start|p1a: Walking Wake|protosynthesisspa
|turn|24
|
|t:|1758232091
|move|p2a: Darkrai|Dark Pulse|p1a: Walking Wake
|-damage|p1a: Walking Wake|0 fnt
|faint|p1a: Walking Wake
|-end|p1a: Walking Wake|Protosynthesis|[silent]
|
|win|sly_skip
|raw|DiceyRice's rating: 1625 &rarr; <strong>1603</strong><br />(-22 for losing)
|raw|sly_skip's rating: 1594 &rarr; <strong>1616</strong><br />(+22 for winning)
|l|‽DiceyRice
|player|p1|
|l|☆sly_skip
|player|p2|
