|j|☆Mattd2114
|j|☆mb bra bra
|t:|1758371169
|gametype|singles
|player|p1|Mattd2114|102|1340
|player|p2|mb bra bra|170|1411
|gen|9
|tier|[Gen 9] OU
|rated|
|rule|HP Percentage Mod: HP is shown in percentages
|rule|Endless Battle Clause: Forcing endless battles is banned
|rule|Species Clause: Limit one of each Pokémon
|rule|OHKO Clause: OHKO moves are banned
|rule|Evasion Items Clause: Evasion items are banned
|rule|Evasion Moves Clause: Evasion moves are banned
|rule|Evasion Abilities Clause: Evasion abilities are banned
|rule|Sleep Moves Clause: Sleep-inducing moves are banned
|clearpoke
|poke|p1|Cetitan, F|
|poke|p1|Grimmsnarl, M|
|poke|p1|Iron Treads|
|poke|p1|Armarouge, M|
|poke|p1|Slowking-Galar, F|
|poke|p1|Tatsugiri, F|
|poke|p2|Kingambit, F|
|poke|p2|Meowscarada, F|
|poke|p2|Iron Crown|
|poke|p2|Porygon2|
|poke|p2|Great Tusk|
|poke|p2|Pecharunt|
|teampreview
|inactive|Battle timer is ON: inactive players will automatically lose when time's up. (requested by mb bra bra)
|
|t:|1758371178
|teamsize|p1|6
|teamsize|p2|6
|start
|switch|p1a: Iron Treads|Iron Treads, shiny|100/100
|switch|p2a: Great Tusk|Great Tusk|100/100
|turn|1
|
|t:|1758371191
|move|p1a: Iron Treads|Earthquake|p2a: Great Tusk
|-damage|p2a: Great Tusk|78/100
|move|p2a: Great Tusk|Headlong Rush|p1a: Iron Treads
|-supereffective|p1a: Iron Treads
|-damage|p1a: Iron Treads|17/100
|-unboost|p2a: Great Tusk|def|1
|-unboost|p2a: Great Tusk|spd|1
|
|upkeep
|turn|2
|
|t:|1758371198
|move|p1a: Iron Treads|Stealth Rock|p2a: Great Tusk
|-sidestart|p2: mb bra bra|move: Stealth Rock
|move|p2a: Great Tusk|Headlong Rush|p1a: Iron Treads
|-supereffective|p1a: Iron Treads
|-damage|p1a: Iron Treads|0 fnt
|-unboost|p2a: Great Tusk|def|1
|-unboost|p2a: Great Tusk|spd|1
|faint|p1a: Iron Treads
|-end|p1a: Iron Treads|Quark Drive|[silent]
|
|upkeep
|
|t:|1758371202
|switch|p1a: Grimmsnarl|Grimmsnarl, M, shiny|100/100
|turn|3
|
|t:|1758371206
|move|p1a: Grimmsnarl|Trick|p2a: Great Tusk
|-activate|p1a: Grimmsnarl|move: Trick|[of] p2a: Great Tusk
|-item|p2a: Great Tusk|Choice Scarf|[from] move: Trick
|-item|p1a: Grimmsnarl|Heavy-Duty Boots|[from] move: Trick
|move|p2a: Great Tusk|Rapid Spin|p1a: Grimmsnarl
|-damage|p1a: Grimmsnarl|82/100
|-boost|p2a: Great Tusk|spe|1
|-sideend|p2: mb bra bra|Stealth Rock|[from] move: Rapid Spin|[of] p2a: Great Tusk
|
|upkeep
|turn|4
|
|t:|1758371215
|-end|p2a: Great Tusk|Protosynthesis|[silent]
|switch|p2a: Iron Crown|Iron Crown|100/100
|move|p1a: Grimmsnarl|Draining Kiss|p2a: Iron Crown
|-resisted|p2a: Iron Crown
|-damage|p2a: Iron Crown|95/100
|-heal|p1a: Grimmsnarl|86/100|[from] drain|[of] p2a: Iron Crown
|
|upkeep
|turn|5
|
|t:|1758371230
|move|p1a: Grimmsnarl|Sucker Punch|p2a: Iron Crown
|-supereffective|p2a: Iron Crown
|-damage|p2a: Iron Crown|33/100
|move|p2a: Iron Crown|Tachyon Cutter|p1a: Grimmsnarl
|-supereffective|p1a: Grimmsnarl
|-damage|p1a: Grimmsnarl|47/100
|-supereffective|p1a: Grimmsnarl
|-damage|p1a: Grimmsnarl|12/100
|-hitcount|p1a: Grimmsnarl|2
|
|upkeep
|turn|6
|
|t:|1758371239
|-end|p2a: Iron Crown|Quark Drive|[silent]
|switch|p2a: Great Tusk|Great Tusk|78/100
|move|p1a: Grimmsnarl|Parting Shot|p2a: Great Tusk
|-unboost|p2a: Great Tusk|atk|1
|-unboost|p2a: Great Tusk|spa|1
|
|t:|1758371251
|switch|p1a: Tatsugiri|Tatsugiri, F|100/100|[from] Parting Shot
|
|upkeep
|turn|7
|
|t:|1758371257
|move|p2a: Great Tusk|Headlong Rush|p1a: Tatsugiri
|-damage|p1a: Tatsugiri|40/100
|-unboost|p2a: Great Tusk|def|1
|-unboost|p2a: Great Tusk|spd|1
|move|p1a: Tatsugiri|Surf|p2a: Great Tusk
|-supereffective|p2a: Great Tusk
|-damage|p2a: Great Tusk|0 fnt
|faint|p2a: Great Tusk
|-end|p2a: Great Tusk|Protosynthesis|[silent]
|
|upkeep
|
|t:|1758371264
|switch|p2a: Meowscarada|Meowscarada, F|100/100
|turn|8
|
|t:|1758371271
|switch|p1a: Grimmsnarl|Grimmsnarl, M, shiny|12/100
|move|p2a: Meowscarada|Knock Off|p1a: Grimmsnarl
|-start|p2a: Meowscarada|typechange|Dark|[from] ability: Protean
|-resisted|p1a: Grimmsnarl
|-damage|p1a: Grimmsnarl|0 fnt
|-enditem|p1a: Grimmsnarl|Heavy-Duty Boots|[from] move: Knock Off|[of] p2a: Meowscarada
|faint|p1a: Grimmsnarl
|
|upkeep
|
|t:|1758371279
|switch|p1a: Armarouge|Armarouge, M|100/100
|turn|9
|
|t:|1758371284
|switch|p2a: Porygon2|Porygon2|100/100
|-ability|p2a: Porygon2|Download|boost
|-boost|p2a: Porygon2|spa|1
|-terastallize|p1a: Armarouge|Fairy
|move|p1a: Armarouge|Armor Cannon|p2a: Porygon2
|-damage|p2a: Porygon2|38/100
|-unboost|p1a: Armarouge|def|1
|-unboost|p1a: Armarouge|spd|1
|
|upkeep
|turn|10
|
|t:|1758371306
|switch|p2a: Iron Crown|Iron Crown|33/100
|move|p1a: Armarouge|Armor Cannon|p2a: Iron Crown
|-supereffective|p2a: Iron Crown
|-damage|p2a: Iron Crown|0 fnt
|-unboost|p1a: Armarouge|def|1
|-unboost|p1a: Armarouge|spd|1
|faint|p2a: Iron Crown
|-end|p2a: Iron Crown|Quark Drive|[silent]
|
|upkeep
|
|t:|1758371311
|switch|p2a: Meowscarada|Meowscarada, F|100/100
|turn|11
|
|t:|1758371328
|switch|p1a: Tatsugiri|Tatsugiri, F|40/100
|move|p2a: Meowscarada|Triple Axel|p1a: Tatsugiri
|-start|p2a: Meowscarada|typechange|Ice|[from] ability: Protean
|-damage|p1a: Tatsugiri|21/100
|-crit|p1a: Tatsugiri
|-damage|p1a: Tatsugiri|0 fnt
|faint|p1a: Tatsugiri
|-hitcount|p1: Tatsugiri|2
|
|upkeep
|
|t:|1758371331
|switch|p1a: Slowking|Slowking-Galar, F, shiny|100/100
|turn|12
|
|t:|1758371336
|switch|p2a: Pecharunt|Pecharunt|100/100
|move|p1a: Slowking|Toxic|p2a: Pecharunt
|-immune|p2a: Pecharunt
|
|upkeep
|turn|13
|
|t:|1758371342
|move|p2a: Pecharunt|Malignant Chain|p1a: Slowking
|-resisted|p1a: Slowking
|-damage|p1a: Slowking|91/100
|move|p1a: Slowking|Future Sight|p2a: Pecharunt
|-start|p1a: Slowking|move: Future Sight
|
|upkeep
|turn|14
|
|t:|1758371355
|switch|p2a: Kingambit|Kingambit, F|100/100
|-activate|p2a: Kingambit|ability: Supreme Overlord
|-start|p2a: Kingambit|fallen2|[silent]
|-prepare|p1a: Slowking|Chilly Reception|[premajor]
|move|p1a: Slowking|Chilly Reception|p1a: Slowking
|-weather|Snowscape
|
|t:|1758371357
|switch|p1a: Armarouge|Armarouge, M, tera:Fairy|100/100|[from] Chilly Reception
|
|-weather|Snowscape|[upkeep]
|upkeep
|turn|15
|
|t:|1758371364
|-end|p2a: Kingambit|fallen2|[silent]
|switch|p2a: Pecharunt|Pecharunt|100/100
|move|p1a: Armarouge|Armor Cannon|p2a: Pecharunt
|-damage|p2a: Pecharunt|0 fnt
|-unboost|p1a: Armarouge|def|1
|-unboost|p1a: Armarouge|spd|1
|faint|p2a: Pecharunt
|
|-weather|Snowscape|[upkeep]
|-hint|Future Sight did not hit because the target is fainted.
|upkeep
|
|t:|1758371370
|switch|p2a: Meowscarada|Meowscarada, F|100/100
|turn|16
|
|t:|1758371374
|switch|p2a: Kingambit|Kingambit, F|100/100
|-activate|p2a: Kingambit|ability: Supreme Overlord
|-start|p2a: Kingambit|fallen3|[silent]
|switch|p1a: Slowking|Slowking-Galar, F, shiny|100/100
|
|-weather|Snowscape|[upkeep]
|upkeep
|turn|17
|
|t:|1758371383
|move|p2a: Kingambit|Kowtow Cleave|p1a: Slowking
|-supereffective|p1a: Slowking
|-damage|p1a: Slowking|0 fnt
|-damage|p2a: Kingambit|84/100|[from] item: Rocky Helmet|[of] p1a: Slowking
|faint|p1a: Slowking
|
|-weather|Snowscape|[upkeep]
|upkeep
|
|t:|1758371391
|switch|p1a: Armarouge|Armarouge, M, tera:Fairy|100/100
|turn|18
|
|t:|1758371396
|-end|p2a: Kingambit|fallen3|[silent]
|switch|p2a: Porygon2|Porygon2|38/100
|-ability|p2a: Porygon2|Download|boost
|-boost|p2a: Porygon2|spa|1
|move|p1a: Armarouge|Armor Cannon|p2a: Porygon2
|-damage|p2a: Porygon2|0 fnt
|-unboost|p1a: Armarouge|def|1
|-unboost|p1a: Armarouge|spd|1
|faint|p2a: Porygon2
|
|-weather|none
|upkeep
|
|t:|1758371402
|switch|p2a: Meowscarada|Meowscarada, F|100/100
|turn|19
|
|t:|1758371411
|switch|p1a: Cetitan|Cetitan, F, shiny|100/100
|-terastallize|p2a: Meowscarada|Grass
|move|p2a: Meowscarada|Flower Trick|p1a: Cetitan
|-crit|p1a: Cetitan
|-damage|p1a: Cetitan|41/100
|-enditem|p1a: Cetitan|Sitrus Berry|[eat]
|-heal|p1a: Cetitan|66/100|[from] item: Sitrus Berry
|
|upkeep
|turn|20
|
|t:|1758371418
|move|p1a: Cetitan|Ice Shard|p2a: Meowscarada
|-supereffective|p2a: Meowscarada
|-damage|p2a: Meowscarada|40/100
|move|p2a: Meowscarada|Flower Trick|p1a: Cetitan
|-crit|p1a: Cetitan
|-damage|p1a: Cetitan|5/100
|
|upkeep
|turn|21
|
|t:|1758371423
|switch|p2a: Kingambit|Kingambit, F|84/100
|-activate|p2a: Kingambit|ability: Supreme Overlord
|-start|p2a: Kingambit|fallen4|[silent]
|move|p1a: Cetitan|Ice Spinner|p2a: Kingambit
|-resisted|p2a: Kingambit
|-crit|p2a: Kingambit
|-damage|p2a: Kingambit|61/100
|
|upkeep
|turn|22
|
|t:|1758371431
|move|p1a: Cetitan|Ice Shard|p2a: Kingambit
|-resisted|p2a: Kingambit
|-crit|p2a: Kingambit
|-damage|p2a: Kingambit|50/100
|move|p2a: Kingambit|Sucker Punch||[still]
|-fail|p2a: Kingambit
|
|upkeep
|turn|23
|
|t:|1758371435
|move|p2a: Kingambit|Sucker Punch|p1a: Cetitan
|-damage|p1a: Cetitan|0 fnt
|faint|p1a: Cetitan
|
|upkeep
|
|t:|1758371436
|switch|p1a: Armarouge|Armarouge, M, tera:Fairy|100/100
|turn|24
|
|t:|1758371444
|move|p1a: Armarouge|Scorching Sands|p2a: Kingambit
|-supereffective|p2a: Kingambit
|-damage|p2a: Kingambit|0 fnt
|faint|p2a: Kingambit
|-end|p2a: Kingambit|fallen4|[silent]
|
|upkeep
|
|t:|1758371447
|switch|p2a: Meowscarada|Meowscarada, F, tera:Grass|40/100
|turn|25
|
|t:|1758371449
|move|p2a: Meowscarada|Flower Trick|p1a: Armarouge
|-crit|p1a: Armarouge
|-damage|p1a: Armarouge|36/100
|-ability|p1a: Armarouge|Weak Armor|boost
|-unboost|p1a: Armarouge|def|1
|-boost|p1a: Armarouge|spe|2
|move|p1a: Armarouge|Scorching Sands|p2a: Meowscarada
|-resisted|p2a: Meowscarada
|-damage|p2a: Meowscarada|13/100
|-status|p2a: Meowscarada|brn
|
|-damage|p2a: Meowscarada|7/100 brn|[from] brn
|upkeep
|turn|26
|
|t:|1758371457
|move|p2a: Meowscarada|Flower Trick|p1a: Armarouge
|-crit|p1a: Armarouge
|-damage|p1a: Armarouge|0 fnt
|faint|p1a: Armarouge
|
|win|mb bra bra
|raw|Mattd2114's rating: 1340 &rarr; <strong>1324</strong><br />(-16 for losing)
|raw|mb bra bra's rating: 1411 &rarr; <strong>1427</strong><br />(+16 for winning)
|l|☆Mattd2114
|player|p1|
|l|☆mb bra bra
|player|p2|
