|j|☆quixic4
|j|☆raffwastaken
|t:|1758243086
|gametype|singles
|player|p1|quixic4|ingo|1125
|player|p2|raffwastaken|aaron|1091
|gen|9
|tier|[Gen 9] OU
|rated|
|rule|HP Percentage Mod: HP is shown in percentages
|rule|Endless Battle Clause: Forcing endless battles is banned
|rule|Species Clause: Limit one of each Pokémon
|rule|OHKO Clause: OHKO moves are banned
|rule|Evasion Items Clause: Evasion items are banned
|rule|Evasion Moves Clause: Evasion moves are banned
|rule|Evasion Abilities Clause: Evasion abilities are banned
|rule|Sleep Moves Clause: Sleep-inducing moves are banned
|clearpoke
|poke|p1|Polteageist|
|poke|p1|Sinistcha|
|poke|p1|Appletun, M|
|poke|p1|Hydrapple, F|
|poke|p1|Sceptile, M|
|poke|p1|Cloyster, M|
|poke|p2|Maushold|
|poke|p2|Kingambit, F|
|poke|p2|Toucannon, F|
|poke|p2|Cinccino, M|
|poke|p2|Cloyster, M|
|poke|p2|Ambipom, M|
|teampreview
|inactive|Battle timer is ON: inactive players will automatically lose when time's up. (requested by raffwastaken)
|
|t:|1758243094
|teamsize|p1|6
|teamsize|p2|6
|start
|switch|p1a: Polteageist|Polteageist|100/100
|switch|p2a: Maushold|Maushold|100/100
|turn|1
|
|t:|1758243103
|move|p2a: Maushold|Bite|p1a: Polteageist
|-supereffective|p1a: Polteageist
|-damage|p1a: Polteageist|23/100
|-ability|p1a: Polteageist|Weak Armor|boost
|-unboost|p1a: Polteageist|def|1
|-boost|p1a: Polteageist|spe|2
|move|p1a: Polteageist|Shell Smash|p1a: Polteageist
|-unboost|p1a: Polteageist|def|1
|-unboost|p1a: Polteageist|spd|1
|-boost|p1a: Polteageist|atk|2
|-boost|p1a: Polteageist|spa|2
|-boost|p1a: Polteageist|spe|2
|
|upkeep
|turn|2
|
|t:|1758243120
|move|p1a: Polteageist|Giga Drain|p2a: Maushold
|-damage|p2a: Maushold|13/100
|-heal|p1a: Polteageist|72/100|[from] drain|[of] p2a: Maushold
|move|p2a: Maushold|Bite|p1a: Polteageist
|-supereffective|p1a: Polteageist
|-crit|p1a: Polteageist
|-damage|p1a: Polteageist|0 fnt
|faint|p1a: Polteageist
|
|upkeep
|
|t:|1758243128
|switch|p1a: Cloyster|Cloyster, M|100/100
|turn|3
|
|t:|1758243133
|move|p2a: Maushold|Population Bomb|p1a: Cloyster
|-damage|p1a: Cloyster|91/100
|-damage|p1a: Cloyster|81/100
|-damage|p1a: Cloyster|71/100
|-damage|p1a: Cloyster|61/100
|-damage|p1a: Cloyster|52/100
|-damage|p1a: Cloyster|43/100
|-damage|p1a: Cloyster|34/100
|-damage|p1a: Cloyster|25/100
|-damage|p1a: Cloyster|15/100
|-damage|p1a: Cloyster|5/100
|-hitcount|p1a: Cloyster|10
|move|p1a: Cloyster|Shell Smash|p1a: Cloyster
|-unboost|p1a: Cloyster|def|1
|-unboost|p1a: Cloyster|spd|1
|-boost|p1a: Cloyster|atk|2
|-boost|p1a: Cloyster|spa|2
|-boost|p1a: Cloyster|spe|2
|
|upkeep
|turn|4
|
|t:|1758243151
|move|p1a: Cloyster|Icicle Spear|p2a: Maushold
|-damage|p2a: Maushold|0 fnt
|faint|p2a: Maushold
|-hitcount|p2: Maushold|1
|
|upkeep
|
|t:|1758243153
|switch|p2a: Ambipom|Ambipom, M|100/100
|turn|5
|
|t:|1758243156
|move|p2a: Ambipom|Fake Out|p1a: Cloyster
|-damage|p1a: Cloyster|0 fnt
|faint|p1a: Cloyster
|
|upkeep
|
|t:|1758243165
|switch|p1a: Hydrapple|Hydrapple, F|100/100
|turn|6
|
|t:|1758243172
|-terastallize|p2a: Ambipom|Normal
|-terastallize|p1a: Hydrapple|Steel
|move|p2a: Ambipom|Double-Edge|p1a: Hydrapple
|-resisted|p1a: Hydrapple
|-damage|p1a: Hydrapple|70/100
|-damage|p2a: Ambipom|86/100|[from] Recoil
|move|p1a: Hydrapple|Nasty Plot|p1a: Hydrapple
|-boost|p1a: Hydrapple|spa|2
|
|upkeep
|turn|7
|
|t:|1758243184
|move|p2a: Ambipom|Fake Out||[still]
|-hint|Fake Out only works on your first turn out.
|-fail|p2a: Ambipom
|move|p1a: Hydrapple|Nasty Plot|p1a: Hydrapple
|-boost|p1a: Hydrapple|spa|2
|
|upkeep
|turn|8
|
|t:|1758243189
|move|p2a: Ambipom|Double-Edge|p1a: Hydrapple
|-resisted|p1a: Hydrapple
|-crit|p1a: Hydrapple
|-damage|p1a: Hydrapple|20/100
|-damage|p2a: Ambipom|63/100|[from] Recoil
|move|p1a: Hydrapple|Giga Drain|p2a: Ambipom
|-damage|p2a: Ambipom|0 fnt
|-heal|p1a: Hydrapple|48/100|[from] drain|[of] p2a: Ambipom
|faint|p2a: Ambipom
|
|upkeep
|
|t:|1758243200
|switch|p2a: Kingambit|Kingambit, F|100/100
|-activate|p2a: Kingambit|ability: Supreme Overlord
|-start|p2a: Kingambit|fallen2|[silent]
|turn|9
|
|t:|1758243205
|move|p2a: Kingambit|Kowtow Cleave|p1a: Hydrapple
|-damage|p1a: Hydrapple|1/100
|move|p1a: Hydrapple|Earth Power|p2a: Kingambit
|-supereffective|p2a: Kingambit
|-damage|p2a: Kingambit|0 fnt
|faint|p2a: Kingambit
|-end|p2a: Kingambit|fallen2|[silent]
|
|upkeep
|
|t:|1758243211
|switch|p2a: Cloyster|Cloyster, M|100/100
|turn|10
|
|t:|1758243216
|move|p2a: Cloyster|Icicle Spear|p1a: Hydrapple
|-resisted|p1a: Hydrapple
|-damage|p1a: Hydrapple|0 fnt
|faint|p1a: Hydrapple
|-hitcount|p1: Hydrapple|1
|
|upkeep
|
|t:|1758243229
|switch|p1a: Appletun|Appletun, M|100/100
|turn|11
|
|t:|1758243234
|move|p2a: Cloyster|Shell Smash|p2a: Cloyster
|-unboost|p2a: Cloyster|def|1
|-unboost|p2a: Cloyster|spd|1
|-boost|p2a: Cloyster|atk|2
|-boost|p2a: Cloyster|spa|2
|-boost|p2a: Cloyster|spe|2
|-enditem|p2a: Cloyster|White Herb
|-clearnegativeboost|p2a: Cloyster|[silent]
|move|p1a: Appletun|Reflect|p1a: Appletun
|-sidestart|p1: quixic4|Reflect
|
|upkeep
|turn|12
|
|t:|1758243242
|move|p2a: Cloyster|Icicle Spear|p1a: Appletun
|-supereffective|p1a: Appletun
|-damage|p1a: Appletun|78/100
|-supereffective|p1a: Appletun
|-damage|p1a: Appletun|58/100
|-supereffective|p1a: Appletun
|-damage|p1a: Appletun|34/100
|-supereffective|p1a: Appletun
|-damage|p1a: Appletun|11/100
|-supereffective|p1a: Appletun
|-damage|p1a: Appletun|0 fnt
|faint|p1a: Appletun
|-hitcount|p1: Appletun|5
|
|upkeep
|
|t:|1758243253
|switch|p1a: Sceptile|Sceptile, M|100/100
|turn|13
|
|t:|1758243258
|move|p2a: Cloyster|Icicle Spear|p1a: Sceptile
|-supereffective|p1a: Sceptile
|-damage|p1a: Sceptile|61/100
|-supereffective|p1a: Sceptile
|-damage|p1a: Sceptile|19/100
|-supereffective|p1a: Sceptile
|-damage|p1a: Sceptile|0 fnt
|faint|p1a: Sceptile
|-hitcount|p1: Sceptile|3
|
|upkeep
|
|t:|1758243265
|switch|p1a: Sinistcha|Sinistcha|100/100
|turn|14
|
|t:|1758243272
|move|p2a: Cloyster|Icicle Spear|p1a: Sinistcha
|-supereffective|p1a: Sinistcha
|-damage|p1a: Sinistcha|85/100
|-supereffective|p1a: Sinistcha
|-damage|p1a: Sinistcha|70/100
|-supereffective|p1a: Sinistcha
|-damage|p1a: Sinistcha|53/100
|-supereffective|p1a: Sinistcha
|-damage|p1a: Sinistcha|37/100
|-supereffective|p1a: Sinistcha
|-damage|p1a: Sinistcha|22/100
|-hitcount|p1a: Sinistcha|5
|move|p1a: Sinistcha|Strength Sap|p2a: Cloyster
|-unboost|p2a: Cloyster|atk|1
|-heal|p1a: Sinistcha|100/100
|
|upkeep
|turn|15
|c|☆raffwastaken|Goddammit
|c|☆raffwastaken|Of course
|
|t:|1758243286
|move|p2a: Cloyster|Shell Smash|p2a: Cloyster
|-unboost|p2a: Cloyster|def|1
|-unboost|p2a: Cloyster|spd|1
|-boost|p2a: Cloyster|atk|2
|-boost|p2a: Cloyster|spa|2
|-boost|p2a: Cloyster|spe|2
|move|p1a: Sinistcha|Strength Sap|p2a: Cloyster
|-unboost|p2a: Cloyster|atk|1
|
|-sideend|p1: quixic4|Reflect
|upkeep
|turn|16
|
|t:|1758243296
|move|p2a: Cloyster|Icicle Spear|p1a: Sinistcha
|-supereffective|p1a: Sinistcha
|-damage|p1a: Sinistcha|69/100
|-supereffective|p1a: Sinistcha
|-damage|p1a: Sinistcha|36/100
|-supereffective|p1a: Sinistcha
|-damage|p1a: Sinistcha|5/100
|-supereffective|p1a: Sinistcha
|-damage|p1a: Sinistcha|0 fnt
|faint|p1a: Sinistcha
|-hitcount|p1: Sinistcha|4
|
|win|raffwastaken
|raw|quixic4's rating: 1125 &rarr; <strong>1098</strong><br />(-27 for losing)
|raw|raffwastaken's rating: 1091 &rarr; <strong>1120</strong><br />(+29 for winning)
|l|☆quixic4
|player|p1|
