|j|☆XXYTOBY
|j|☆mangobread00
|t:|1758351381
|gametype|singles
|player|p1|XXYTOBY|volkner|1208
|player|p2|mangobread00|preschooler|1310
|gen|9
|tier|[Gen 9] OU
|rated|
|rule|HP Percentage Mod: HP is shown in percentages
|rule|Endless Battle Clause: Forcing endless battles is banned
|rule|Species Clause: Limit one of each Pokémon
|rule|OHKO Clause: OHKO moves are banned
|rule|Evasion Items Clause: Evasion items are banned
|rule|Evasion Moves Clause: Evasion moves are banned
|rule|Evasion Abilities Clause: Evasion abilities are banned
|rule|Sleep Moves Clause: Sleep-inducing moves are banned
|clearpoke
|poke|p1|Glimmora, F|
|poke|p1|Zapdos|
|poke|p1|Politoed, M|
|poke|p1|Tyranitar, M|
|poke|p1|Kingambit, M|
|poke|p1|Pecharunt|
|poke|p2|Dondozo, M|
|poke|p2|Weezing-Galar, M|
|poke|p2|Toxapex, F|
|poke|p2|Iron Treads|
|poke|p2|Blissey, F|
|poke|p2|Alomomola, F|
|teampreview
|
|t:|1758351391
|teamsize|p1|6
|teamsize|p2|6
|start
|switch|p1a: Glimmora|Glimmora, F|100/100
|switch|p2a: Traverse Scott|Iron Treads|100/100
|turn|1
|
|t:|1758351402
|move|p1a: Glimmora|Spiky Shield|p1a: Glimmora
|-singleturn|p1a: Glimmora|move: Protect
|move|p2a: Traverse Scott|Earthquake|p1a: Glimmora
|-activate|p1a: Glimmora|move: Protect
|
|upkeep
|turn|2
|
|t:|1758351410
|switch|p1a: Politoed|Politoed, M|100/100
|-weather|RainDance|[from] ability: Drizzle|[of] p1a: Politoed
|move|p2a: Traverse Scott|Earthquake|p1a: Politoed
|-damage|p1a: Politoed|60/100
|
|-weather|RainDance|[upkeep]
|upkeep
|turn|3
|
|t:|1758351420
|-end|p2a: Traverse Scott|Quark Drive|[silent]
|switch|p2a: Blissey Elliot|Blissey, F|100/100
|move|p1a: Politoed|Weather Ball|p2a: Blissey Elliot
|-crit|p2a: Blissey Elliot
|-damage|p2a: Blissey Elliot|69/100
|
|-weather|RainDance|[upkeep]
|-heal|p2a: Blissey Elliot|75/100|[from] item: Leftovers
|upkeep
|turn|4
|
|t:|1758351432
|switch|p1a: Pecharunt|Pecharunt|100/100
|move|p2a: Blissey Elliot|Calm Mind|p2a: Blissey Elliot
|-boost|p2a: Blissey Elliot|spa|1
|-boost|p2a: Blissey Elliot|spd|1
|
|-weather|RainDance|[upkeep]
|-heal|p2a: Blissey Elliot|81/100|[from] item: Leftovers
|upkeep
|turn|5
|
|t:|1758351451
|move|p1a: Pecharunt|Malignant Chain|p2a: Blissey Elliot
|-damage|p2a: Blissey Elliot|74/100
|move|p2a: Blissey Elliot|Shadow Ball|p1a: Pecharunt
|-supereffective|p1a: Pecharunt
|-damage|p1a: Pecharunt|54/100
|
|-weather|RainDance|[upkeep]
|-heal|p1a: Pecharunt|60/100|[from] item: Black Sludge
|-heal|p2a: Blissey Elliot|80/100|[from] item: Leftovers
|upkeep
|turn|6
|
|t:|1758351462
|move|p1a: Pecharunt|Malignant Chain|p2a: Blissey Elliot
|-damage|p2a: Blissey Elliot|73/100
|move|p2a: Blissey Elliot|Shadow Ball|p1a: Pecharunt
|-supereffective|p1a: Pecharunt
|-damage|p1a: Pecharunt|18/100
|
|-weather|RainDance|[upkeep]
|-heal|p1a: Pecharunt|24/100|[from] item: Black Sludge
|-heal|p2a: Blissey Elliot|79/100|[from] item: Leftovers
|upkeep
|turn|7
|
|t:|1758351481
|-terastallize|p1a: Pecharunt|Poison
|move|p1a: Pecharunt|Recover|p1a: Pecharunt
|-heal|p1a: Pecharunt|74/100
|move|p2a: Blissey Elliot|Shadow Ball|p1a: Pecharunt
|-damage|p1a: Pecharunt|51/100
|-unboost|p1a: Pecharunt|spd|1
|
|-weather|RainDance|[upkeep]
|-heal|p1a: Pecharunt|57/100|[from] item: Black Sludge
|-heal|p2a: Blissey Elliot|85/100|[from] item: Leftovers
|upkeep
|turn|8
|
|t:|1758351525
|move|p1a: Pecharunt|Malignant Chain|p2a: Blissey Elliot
|-damage|p2a: Blissey Elliot|75/100
|move|p2a: Blissey Elliot|Calm Mind|p2a: Blissey Elliot
|-boost|p2a: Blissey Elliot|spa|1
|-boost|p2a: Blissey Elliot|spd|1
|
|-weather|RainDance|[upkeep]
|-heal|p1a: Pecharunt|63/100|[from] item: Black Sludge
|-heal|p2a: Blissey Elliot|81/100|[from] item: Leftovers
|upkeep
|turn|9
|inactive|Battle timer is ON: inactive players will automatically lose when time's up. (requested by XXYTOBY)
|
|t:|1758351540
|move|p1a: Pecharunt|Parting Shot|p2a: Blissey Elliot
|-unboost|p2a: Blissey Elliot|atk|1
|-unboost|p2a: Blissey Elliot|spa|1
|
|t:|1758351547
|switch|p1a: Tyranitar|Tyranitar, M, shiny|100/100|[from] Parting Shot
|-weather|Sandstorm|[from] ability: Sand Stream|[of] p1a: Tyranitar
|move|p2a: Blissey Elliot|Seismic Toss|p1a: Tyranitar
|-damage|p1a: Tyranitar|76/100
|
|-weather|Sandstorm|[upkeep]
|-damage|p2a: Blissey Elliot|75/100|[from] Sandstorm
|-heal|p2a: Blissey Elliot|81/100|[from] item: Leftovers
|upkeep
|turn|10
|
|t:|1758351575
|switch|p2a: Notorious ZZZ|Dondozo, M|100/100
|move|p1a: Tyranitar|Dragon Tail|p2a: Notorious ZZZ
|-damage|p2a: Notorious ZZZ|91/100
|drag|p2a: Blissey Elliot|Blissey, F|81/100
|
|-weather|Sandstorm|[upkeep]
|-damage|p2a: Blissey Elliot|75/100|[from] Sandstorm
|-heal|p2a: Blissey Elliot|81/100|[from] item: Leftovers
|upkeep
|turn|11
|inactive|mangobread00 has 120 seconds left.
|
|t:|1758351598
|switch|p1a: Glimmora|Glimmora, F|100/100
|switch|p2a: Wishy Minaj|Alomomola, F|100/100
|
|-weather|Sandstorm|[upkeep]
|-damage|p2a: Wishy Minaj|94/100|[from] Sandstorm
|upkeep
|turn|12
|inactive|mangobread00 has 120 seconds left.
|
|t:|1758351609
|switch|p2a: Traverse Scott|Iron Treads|100/100
|move|p1a: Glimmora|Mortal Spin|p2a: Traverse Scott
|-immune|p2a: Traverse Scott
|
|-weather|Sandstorm|[upkeep]
|upkeep
|turn|13
|
|t:|1758351618
|switch|p1a: Politoed|Politoed, M|60/100
|-weather|RainDance|[from] ability: Drizzle|[of] p1a: Politoed
|move|p2a: Traverse Scott|Stealth Rock|p1a: Politoed
|-sidestart|p1: XXYTOBY|move: Stealth Rock
|
|-weather|RainDance|[upkeep]
|upkeep
|turn|14
|
|t:|1758351628
|switch|p1a: Zapdos|Zapdos|100/100
|-damage|p1a: Zapdos|76/100|[from] Stealth Rock
|move|p2a: Traverse Scott|Protect||[still]
|-fail|p2a: Traverse Scott
|
|-weather|RainDance|[upkeep]
|upkeep
|turn|15
|
|t:|1758351637
|-end|p2a: Traverse Scott|Quark Drive|[silent]
|switch|p2a: Blissey Elliot|Blissey, F|81/100
|move|p1a: Zapdos|Weather Ball|p2a: Blissey Elliot
|-damage|p2a: Blissey Elliot|65/100
|
|-weather|RainDance|[upkeep]
|-heal|p2a: Blissey Elliot|71/100|[from] item: Leftovers
|upkeep
|turn|16
|
|t:|1758351646
|switch|p1a: Glimmora|Glimmora, F|100/100
|move|p2a: Blissey Elliot|Soft-Boiled|p2a: Blissey Elliot
|-heal|p2a: Blissey Elliot|100/100
|
|-weather|RainDance|[upkeep]
|upkeep
|turn|17
|
|t:|1758351654
|switch|p2a: Traverse Scott|Iron Treads|100/100
|move|p1a: Glimmora|Mortal Spin|p2a: Traverse Scott
|-immune|p2a: Traverse Scott
|
|-weather|RainDance|[upkeep]
|upkeep
|turn|18
|-message|XXYTOBY forfeited.
|
|win|mangobread00
|raw|XXYTOBY's rating: 1208 &rarr; <strong>1190</strong><br />(-18 for losing)
|raw|mangobread00's rating: 1310 &rarr; <strong>1324</strong><br />(+14 for winning)
|l|☆XXYTOBY
|player|p1|
