|badge|p1|bronze|gen9ou|100-6
|uhtml|medal-msg|<div class="broadcast-blue">Curious what those medals under the avatar are? PS now has Ladder Seasons! For more information, check out the <a href="https://www.smogon.com/forums/threads/3740067/">thread on Smogon.</a></div>
|j|☆saeyouwontletgo
|j|☆Prav33n
|t:|1758265173
|gametype|singles
|player|p1|saeyouwontletgo|102|1775
|player|p2|Prav33n|koga|1759
|gen|9
|tier|[Gen 9] OU
|rated|
|rule|HP Percentage Mod: HP is shown in percentages
|rule|Endless Battle Clause: Forcing endless battles is banned
|rule|Species Clause: Limit one of each Pokémon
|rule|OHKO Clause: OHKO moves are banned
|rule|Evasion Items Clause: Evasion items are banned
|rule|Evasion Moves Clause: Evasion moves are banned
|rule|Evasion Abilities Clause: Evasion abilities are banned
|rule|Sleep Moves Clause: Sleep-inducing moves are banned
|clearpoke
|poke|p1|Ting-Lu|
|poke|p1|Sinistcha-Masterpiece|
|poke|p1|Iron Treads|
|poke|p1|Zamazenta-*|
|poke|p1|Dragonite, M|
|poke|p1|Alomomola, M|
|poke|p2|Kyurem|
|poke|p2|Scizor, M|
|poke|p2|Zapdos|
|poke|p2|Zamazenta-*|
|poke|p2|Ting-Lu|
|poke|p2|Hatterene, F|
|teampreview
|inactive|Battle timer is ON: inactive players will automatically lose when time's up. (requested by saeyouwontletgo)
|j| wgw2333
|
|t:|1758265189
|teamsize|p1|6
|teamsize|p2|6
|start
|switch|p1a: Iron Treads|Iron Treads|100/100
|switch|p2a: Scizor|Scizor, M|100/100
|turn|1
|
|t:|1758265203
|move|p1a: Iron Treads|Earthquake|p2a: Scizor
|-damage|p2a: Scizor|29/100
|move|p2a: Scizor|Close Combat|p1a: Iron Treads
|-supereffective|p1a: Iron Treads
|-damage|p1a: Iron Treads|0 fnt
|-unboost|p2a: Scizor|def|1
|-unboost|p2a: Scizor|spd|1
|faint|p1a: Iron Treads
|-end|p1a: Iron Treads|Quark Drive|[silent]
|
|upkeep
|
|t:|1758265215
|switch|p1a: Zamazenta|Zamazenta|100/100
|-ability|p1a: Zamazenta|Dauntless Shield|boost
|-boost|p1a: Zamazenta|def|1
|turn|2
|
|t:|1758265219
|switch|p2a: Hatterene|Hatterene, F|100/100
|move|p1a: Zamazenta|Stone Edge|p2a: Hatterene|[miss]
|-miss|p1a: Zamazenta|p2a: Hatterene
|
|upkeep
|turn|3
|
|t:|1758265231
|move|p1a: Zamazenta|Heavy Slam|p2a: Hatterene
|-supereffective|p2a: Hatterene
|-damage|p2a: Hatterene|37/100
|-damage|p1a: Zamazenta|84/100|[from] item: Rocky Helmet|[of] p2a: Hatterene
|move|p2a: Hatterene|Draining Kiss|p1a: Zamazenta
|-supereffective|p1a: Zamazenta
|-damage|p1a: Zamazenta|42/100
|-heal|p2a: Hatterene|71/100|[from] drain|[of] p1a: Zamazenta
|
|upkeep
|turn|4
|
|t:|1758265252
|move|p1a: Zamazenta|Heavy Slam|p2a: Hatterene
|-supereffective|p2a: Hatterene
|-damage|p2a: Hatterene|5/100
|-damage|p1a: Zamazenta|25/100|[from] item: Rocky Helmet|[of] p2a: Hatterene
|move|p2a: Hatterene|Draining Kiss|p1a: Zamazenta
|-supereffective|p1a: Zamazenta
|-damage|p1a: Zamazenta|0 fnt
|-heal|p2a: Hatterene|25/100|[from] drain|[of] p1a: Zamazenta
|faint|p1a: Zamazenta
|
|upkeep
|
|t:|1758265255
|switch|p1a: Sinistcha|Sinistcha-Masterpiece|100/100
|turn|5
|
|t:|1758265260
|switch|p2a: Zapdos|Zapdos|100/100
|move|p1a: Sinistcha|Shadow Ball|p2a: Zapdos
|-damage|p2a: Zapdos|61/100
|
|upkeep
|turn|6
|
|t:|1758265265
|switch|p2a: Hatterene|Hatterene, F|25/100
|switch|p1a: Ting-Lu|Ting-Lu|100/100
|-ability|p1a: Ting-Lu|Vessel of Ruin
|
|upkeep
|turn|7
|
|t:|1758265282
|switch|p1a: Sinistcha|Sinistcha-Masterpiece|100/100
|-terastallize|p2a: Hatterene|Flying
|move|p2a: Hatterene|Pain Split|p1a: Sinistcha
|-sethp|p1a: Sinistcha|62/100|[from] move: Pain Split|[silent]
|-sethp|p2a: Hatterene|67/100|[from] move: Pain Split
|
|upkeep
|turn|8
|
|t:|1758265292
|switch|p2a: Ting-Lu|Ting-Lu|100/100
|-ability|p2a: Ting-Lu|Vessel of Ruin
|move|p1a: Sinistcha|Nasty Plot|p1a: Sinistcha
|-boost|p1a: Sinistcha|spa|2
|
|upkeep
|turn|9
|
|t:|1758265299
|move|p1a: Sinistcha|Matcha Gotcha|p2a: Ting-Lu
|-supereffective|p2a: Ting-Lu
|-damage|p2a: Ting-Lu|41/100
|-heal|p1a: Sinistcha|100/100|[from] drain|[of] p2a: Ting-Lu
|move|p2a: Ting-Lu|Whirlwind|p1a: Sinistcha
|drag|p1a: Ting-Lu|Ting-Lu|100/100
|-ability|p1a: Ting-Lu|Vessel of Ruin
|
|-heal|p2a: Ting-Lu|47/100|[from] item: Leftovers
|upkeep
|turn|10
|
|t:|1758265306
|switch|p2a: Hatterene|Hatterene, F, tera:Flying|67/100
|move|p1a: Ting-Lu|Stealth Rock|p2a: Hatterene
|move|p2a: Hatterene|Stealth Rock|p1a: Ting-Lu|[from] ability: Magic Bounce
|-sidestart|p1: saeyouwontletgo|move: Stealth Rock
|
|upkeep
|turn|11
|
|t:|1758265319
|move|p1a: Ting-Lu|Stealth Rock|p2a: Hatterene
|move|p2a: Hatterene|Stealth Rock||[from] ability: Magic Bounce|[still]
|-fail|p2a: Hatterene
|move|p2a: Hatterene|Draining Kiss|p1a: Ting-Lu
|-supereffective|p1a: Ting-Lu
|-damage|p1a: Ting-Lu|83/100
|-heal|p2a: Hatterene|88/100|[from] drain|[of] p1a: Ting-Lu
|
|-heal|p1a: Ting-Lu|89/100|[from] item: Leftovers
|upkeep
|turn|12
|
|t:|1758265324
|move|p2a: Hatterene|Draining Kiss|p1a: Ting-Lu
|-supereffective|p1a: Ting-Lu
|-damage|p1a: Ting-Lu|72/100
|-heal|p2a: Hatterene|100/100|[from] drain|[of] p1a: Ting-Lu
|move|p1a: Ting-Lu|Whirlwind|p2a: Hatterene
|move|p2a: Hatterene|Whirlwind|p1a: Ting-Lu|[from] ability: Magic Bounce
|drag|p1a: Sinistcha|Sinistcha-Masterpiece|100/100
|
|upkeep
|turn|13
|
|t:|1758265328
|move|p1a: Sinistcha|Nasty Plot|p1a: Sinistcha
|-boost|p1a: Sinistcha|spa|2
|move|p2a: Hatterene|Nuzzle|p1a: Sinistcha
|-resisted|p1a: Sinistcha
|-damage|p1a: Sinistcha|99/100
|-status|p1a: Sinistcha|par
|
|upkeep
|turn|14
|
|t:|1758265343
|switch|p2a: Ting-Lu|Ting-Lu|47/100
|-ability|p2a: Ting-Lu|Vessel of Ruin
|cant|p1a: Sinistcha|par
|
|-heal|p2a: Ting-Lu|53/100|[from] item: Leftovers
|upkeep
|turn|15
|
|t:|1758265347
|move|p2a: Ting-Lu|Ruination|p1a: Sinistcha
|-damage|p1a: Sinistcha|50/100 par
|move|p1a: Sinistcha|Matcha Gotcha|p2a: Ting-Lu
|-supereffective|p2a: Ting-Lu
|-damage|p2a: Ting-Lu|0 fnt
|-heal|p1a: Sinistcha|89/100 par|[from] drain|[of] p2a: Ting-Lu
|faint|p2a: Ting-Lu
|
|upkeep
|
|t:|1758265352
|switch|p2a: Kyurem|Kyurem|100/100
|-ability|p2a: Kyurem|Pressure
|turn|16
|
|t:|1758265371
|-terastallize|p1a: Sinistcha|Poison
|move|p2a: Kyurem|Dragon Dance|p2a: Kyurem
|-boost|p2a: Kyurem|atk|1
|-boost|p2a: Kyurem|spe|1
|move|p1a: Sinistcha|Shadow Ball|p2a: Kyurem
|-damage|p2a: Kyurem|31/100
|-unboost|p2a: Kyurem|spd|1
|
|upkeep
|turn|17
|j| Despote
|
|t:|1758265377
|move|p2a: Kyurem|Earth Power|p1a: Sinistcha
|-supereffective|p1a: Sinistcha
|-damage|p1a: Sinistcha|21/100 par
|move|p1a: Sinistcha|Strength Sap|p2a: Kyurem
|-unboost|p2a: Kyurem|atk|1
|-heal|p1a: Sinistcha|100/100 par
|
|upkeep
|turn|18
|
|t:|1758265386
|move|p2a: Kyurem|Earth Power|p1a: Sinistcha
|-supereffective|p1a: Sinistcha
|-damage|p1a: Sinistcha|33/100 par
|move|p1a: Sinistcha|Matcha Gotcha|p2a: Kyurem|[miss]
|-miss|p1a: Sinistcha|p2a: Kyurem
|
|upkeep
|turn|19
|
|t:|1758265398
|switch|p1a: Alomomola|Alomomola, M|100/100
|move|p2a: Kyurem|Freeze-Dry|p1a: Alomomola
|-supereffective|p1a: Alomomola
|-damage|p1a: Alomomola|37/100
|
|upkeep
|turn|20
|
|t:|1758265404
|switch|p1a: Ting-Lu|Ting-Lu|72/100
|-damage|p1a: Ting-Lu|65/100|[from] Stealth Rock
|-ability|p1a: Ting-Lu|Vessel of Ruin
|move|p2a: Kyurem|Freeze-Dry|p1a: Ting-Lu
|-supereffective|p1a: Ting-Lu
|-damage|p1a: Ting-Lu|37/100
|
|-heal|p1a: Ting-Lu|43/100|[from] item: Leftovers
|upkeep
|turn|21
|
|t:|1758265407
|move|p2a: Kyurem|Icicle Spear|p1a: Ting-Lu
|-supereffective|p1a: Ting-Lu
|-damage|p1a: Ting-Lu|29/100
|-supereffective|p1a: Ting-Lu
|-damage|p1a: Ting-Lu|15/100
|-supereffective|p1a: Ting-Lu
|-damage|p1a: Ting-Lu|1/100
|-supereffective|p1a: Ting-Lu
|-damage|p1a: Ting-Lu|0 fnt
|faint|p1a: Ting-Lu
|-hitcount|p1: Ting-Lu|4
|
|upkeep
|
|t:|1758265410
|switch|p1a: Dragonite|Dragonite, M|100/100
|turn|22
|
|t:|1758265420
|switch|p2a: Hatterene|Hatterene, F, tera:Flying|100/100
|move|p1a: Dragonite|Extreme Speed|p2a: Hatterene
|-damage|p2a: Hatterene|74/100
|-damage|p1a: Dragonite|84/100|[from] item: Rocky Helmet|[of] p2a: Hatterene
|
|upkeep
|turn|23
|
|t:|1758265429
|switch|p1a: Alomomola|Alomomola, M|70/100
|move|p2a: Hatterene|Pain Split|p1a: Alomomola
|-sethp|p1a: Alomomola|60/100|[from] move: Pain Split|[silent]
|-sethp|p2a: Hatterene|89/100|[from] move: Pain Split
|
|upkeep
|turn|24
|
|t:|1758265432
|move|p1a: Alomomola|Wish|p1a: Alomomola
|move|p2a: Hatterene|Psychic Noise|p1a: Alomomola
|-damage|p1a: Alomomola|30/100
|-start|p1a: Alomomola|move: Heal Block
|
|upkeep
|turn|25
|
|t:|1758265438
|move|p1a: Alomomola|Flip Turn|p2a: Hatterene
|-damage|p2a: Hatterene|74/100
|-damage|p1a: Alomomola|13/100|[from] item: Rocky Helmet|[of] p2a: Hatterene
|
|t:|1758265441
|switch|p1a: Dragonite|Dragonite, M|84/100|[from] Flip Turn
|move|p2a: Hatterene|Psychic Noise|p1a: Dragonite
|-damage|p1a: Dragonite|52/100
|-start|p1a: Dragonite|move: Heal Block
|
|upkeep
|turn|26
|
|t:|1758265444
|move|p2a: Hatterene|Draining Kiss|p1a: Dragonite
|-supereffective|p1a: Dragonite
|-damage|p1a: Dragonite|15/100
|-heal|p2a: Hatterene|100/100|[from] drain|[of] p1a: Dragonite
|move|p1a: Dragonite|Dragon Tail|p2a: Hatterene|[miss]
|-miss|p1a: Dragonite|p2a: Hatterene
|
|-end|p1a: Dragonite|move: Heal Block
|upkeep
|turn|27
|-message|saeyouwontletgo forfeited.
|
|win|Prav33n
|raw|saeyouwontletgo's rating: 1775 &rarr; <strong>1754</strong><br />(-21 for losing)
|raw|Prav33n's rating: 1759 &rarr; <strong>1780</strong><br />(+21 for winning)
|l|☆saeyouwontletgo
|player|p1|
|l| Despote
|l| wgw2333
