|j|☆averagealt99
|j|☆young dc
|t:|1758370588
|gametype|singles
|player|p1|averagealt99|acetrainerf-gen4dp|1414
|player|p2|young dc|266|1435
|gen|9
|tier|[Gen 9] OU
|rated|
|rule|HP Percentage Mod: HP is shown in percentages
|rule|Endless Battle Clause: Forcing endless battles is banned
|rule|Species Clause: Limit one of each Pokémon
|rule|OHKO Clause: OHKO moves are banned
|rule|Evasion Items Clause: Evasion items are banned
|rule|Evasion Moves Clause: Evasion moves are banned
|rule|Evasion Abilities Clause: Evasion abilities are banned
|rule|Sleep Moves Clause: Sleep-inducing moves are banned
|clearpoke
|poke|p1|Ninetales, M|
|poke|p1|Great Tusk|
|poke|p1|Kyurem|
|poke|p1|Delphox, M|
|poke|p1|Garganacl, M|
|poke|p1|Walking Wake|
|poke|p2|Dragapult, M|
|poke|p2|Dragonite, F|
|poke|p2|Ting-Lu|
|poke|p2|Weezing-Galar, F|
|poke|p2|Iron Crown|
|poke|p2|Zapdos|
|teampreview
|
|t:|1758370614
|teamsize|p1|6
|teamsize|p2|6
|start
|switch|p1a: Ninetales|Ninetales, M|100/100
|switch|p2a: Ting-Lu|Ting-Lu|100/100
|-weather|SunnyDay|[from] ability: Drought|[of] p1a: Ninetales
|-ability|p2a: Ting-Lu|Vessel of Ruin
|turn|1
|
|t:|1758370626
|switch|p1a: Great Tusk|Great Tusk|100/100
|-activate|p1a: Great Tusk|ability: Protosynthesis
|-start|p1a: Great Tusk|protosynthesisspe
|move|p2a: Ting-Lu|Stealth Rock|p1a: Great Tusk
|-sidestart|p1: averagealt99|move: Stealth Rock
|
|-weather|SunnyDay|[upkeep]
|upkeep
|turn|2
|
|t:|1758370629
|move|p1a: Great Tusk|Knock Off|p2a: Ting-Lu
|-resisted|p2a: Ting-Lu
|-damage|p2a: Ting-Lu|92/100
|-enditem|p2a: Ting-Lu|Leftovers|[from] move: Knock Off|[of] p1a: Great Tusk
|move|p2a: Ting-Lu|Ruination|p1a: Great Tusk
|-damage|p1a: Great Tusk|50/100
|
|-weather|SunnyDay|[upkeep]
|upkeep
|turn|3
|
|t:|1758370632
|move|p1a: Great Tusk|Rapid Spin|p2a: Ting-Lu
|-crit|p2a: Ting-Lu
|-damage|p2a: Ting-Lu|79/100
|-boost|p1a: Great Tusk|spe|1
|-sideend|p1: averagealt99|Stealth Rock|[from] move: Rapid Spin|[of] p1a: Great Tusk
|move|p2a: Ting-Lu|Earthquake|p1a: Great Tusk
|-damage|p1a: Great Tusk|24/100
|
|-weather|SunnyDay|[upkeep]
|upkeep
|turn|4
|
|t:|1758370639
|-end|p1a: Great Tusk|Protosynthesis|[silent]
|switch|p1a: Ninetales|Ninetales, M|100/100
|move|p2a: Ting-Lu|Earthquake|p1a: Ninetales
|-supereffective|p1a: Ninetales
|-damage|p1a: Ninetales|0 fnt
|faint|p1a: Ninetales
|
|-weather|SunnyDay|[upkeep]
|upkeep
|
|t:|1758370646
|switch|p1a: Walking Wake|Walking Wake|100/100
|-activate|p1a: Walking Wake|ability: Protosynthesis
|-start|p1a: Walking Wake|protosynthesisspe
|turn|5
|inactive|Battle timer is ON: inactive players will automatically lose when time's up. (requested by averagealt99)
|
|t:|1758370714
|-terastallize|p2a: Ting-Lu|Water
|move|p1a: Walking Wake|Hydro Steam|p2a: Ting-Lu
|-resisted|p2a: Ting-Lu
|-damage|p2a: Ting-Lu|61/100
|move|p2a: Ting-Lu|Earthquake|p1a: Walking Wake
|-damage|p1a: Walking Wake|62/100
|
|-weather|SunnyDay|[upkeep]
|upkeep
|turn|6
|
|t:|1758370730
|move|p1a: Walking Wake|Hydro Steam|p2a: Ting-Lu
|-resisted|p2a: Ting-Lu
|-damage|p2a: Ting-Lu|41/100
|move|p2a: Ting-Lu|Stealth Rock|p1a: Walking Wake
|-sidestart|p1: averagealt99|move: Stealth Rock
|
|-weather|SunnyDay|[upkeep]
|upkeep
|turn|7
|
|t:|1758370735
|move|p1a: Walking Wake|Hydro Steam|p2a: Ting-Lu
|-resisted|p2a: Ting-Lu
|-damage|p2a: Ting-Lu|21/100
|move|p2a: Ting-Lu|Earthquake|p1a: Walking Wake
|-damage|p1a: Walking Wake|20/100
|
|-weather|SunnyDay|[upkeep]
|upkeep
|turn|8
|
|t:|1758370737
|move|p1a: Walking Wake|Hydro Steam|p2a: Ting-Lu
|-resisted|p2a: Ting-Lu
|-damage|p2a: Ting-Lu|2/100
|move|p2a: Ting-Lu|Earthquake|p1a: Walking Wake
|-damage|p1a: Walking Wake|0 fnt
|faint|p1a: Walking Wake
|-end|p1a: Walking Wake|Protosynthesis|[silent]
|
|-weather|none
|upkeep
|
|t:|1758370741
|switch|p1a: Great Tusk|Great Tusk|24/100
|turn|9
|
|t:|1758370745
|switch|p2a: Dragapult|Dragapult, M|100/100
|move|p1a: Great Tusk|Ice Spinner|p2a: Dragapult
|-supereffective|p2a: Dragapult
|-damage|p2a: Dragapult|33/100
|
|upkeep
|turn|10
|
|t:|1758370751
|-end|p1a: Great Tusk|Protosynthesis|[silent]
|switch|p1a: Garganacl|Garganacl, M|100/100
|-damage|p1a: Garganacl|88/100|[from] Stealth Rock
|move|p2a: Dragapult|Hex|p1a: Garganacl
|-damage|p1a: Garganacl|78/100
|
|-heal|p1a: Garganacl|85/100|[from] item: Leftovers
|upkeep
|turn|11
|
|t:|1758370754
|move|p2a: Dragapult|U-turn|p1a: Garganacl
|-crit|p1a: Garganacl
|-damage|p1a: Garganacl|64/100
|
|t:|1758370758
|switch|p2a: Iron Crown|Iron Crown|100/100|[from] U-turn
|move|p1a: Garganacl|Stealth Rock|p2a: Iron Crown
|-sidestart|p2: young dc|move: Stealth Rock
|
|-heal|p1a: Garganacl|71/100|[from] item: Leftovers
|upkeep
|turn|12
|
|t:|1758370786
|switch|p1a: Kyurem|Kyurem|100/100
|-damage|p1a: Kyurem|75/100|[from] Stealth Rock
|-ability|p1a: Kyurem|Pressure
|move|p2a: Iron Crown|Tachyon Cutter|p1a: Kyurem
|-supereffective|p1a: Kyurem
|-crit|p1a: Kyurem
|-damage|p1a: Kyurem|0 fnt
|faint|p1a: Kyurem
|-hitcount|p1: Kyurem|1
|
|upkeep
|
|t:|1758370793
|switch|p1a: Delphox|Delphox, M|100/100
|-damage|p1a: Delphox|76/100|[from] Stealth Rock
|turn|13
|
|t:|1758370798
|-end|p2a: Iron Crown|Quark Drive|[silent]
|switch|p2a: Ting-Lu|Ting-Lu, tera:Water|2/100
|-damage|p2a: Ting-Lu|0 fnt|[from] Stealth Rock
|faint|p2a: Ting-Lu
|move|p1a: Delphox|Flamethrower|p2: Ting-Lu|[notarget]
|-fail|p1a: Delphox
|
|upkeep
|
|t:|1758370803
|switch|p2a: Dragonite|Dragonite, F|100/100
|turn|14
|
|t:|1758370807
|switch|p1a: Great Tusk|Great Tusk|24/100
|move|p2a: Dragonite|Dragon Dance|p2a: Dragonite
|-boost|p2a: Dragonite|atk|1
|-boost|p2a: Dragonite|spe|1
|
|upkeep
|turn|15
|
|t:|1758370811
|move|p2a: Dragonite|Earthquake|p1a: Great Tusk
|-crit|p1a: Great Tusk
|-damage|p1a: Great Tusk|0 fnt
|faint|p1a: Great Tusk
|-end|p1a: Great Tusk|Protosynthesis|[silent]
|
|upkeep
|
|t:|1758370813
|switch|p1a: Garganacl|Garganacl, M|71/100
|-damage|p1a: Garganacl|58/100|[from] Stealth Rock
|turn|16
|
|t:|1758370820
|-terastallize|p1a: Garganacl|Grass
|move|p2a: Dragonite|Earthquake|p1a: Garganacl
|-resisted|p1a: Garganacl
|-damage|p1a: Garganacl|39/100
|move|p1a: Garganacl|Salt Cure|p2a: Dragonite
|-supereffective|p2a: Dragonite
|-damage|p2a: Dragonite|85/100
|-start|p2a: Dragonite|Salt Cure
|
|-heal|p1a: Garganacl|46/100|[from] item: Leftovers
|-damage|p2a: Dragonite|73/100|[from] Salt Cure
|upkeep
|turn|17
|
|t:|1758370825
|move|p2a: Dragonite|Dragon Dance|p2a: Dragonite
|-boost|p2a: Dragonite|atk|1
|-boost|p2a: Dragonite|spe|1
|move|p1a: Garganacl|Recover|p1a: Garganacl
|-heal|p1a: Garganacl|96/100
|
|-heal|p1a: Garganacl|100/100|[from] item: Leftovers
|-damage|p2a: Dragonite|60/100|[from] Salt Cure
|upkeep
|turn|18
|
|t:|1758370828
|move|p2a: Dragonite|Extreme Speed|p1a: Garganacl
|-damage|p1a: Garganacl|62/100
|move|p1a: Garganacl|Curse|p1a: Garganacl
|-unboost|p1a: Garganacl|spe|1
|-boost|p1a: Garganacl|atk|1
|-boost|p1a: Garganacl|def|1
|
|-heal|p1a: Garganacl|68/100|[from] item: Leftovers
|-damage|p2a: Dragonite|48/100|[from] Salt Cure
|upkeep
|turn|19
|
|t:|1758370834
|switch|p2a: Zapdos|Zapdos|100/100
|move|p1a: Garganacl|Curse|p1a: Garganacl
|-unboost|p1a: Garganacl|spe|1
|-boost|p1a: Garganacl|atk|1
|-boost|p1a: Garganacl|def|1
|
|-heal|p1a: Garganacl|74/100|[from] item: Leftovers
|upkeep
|turn|20
|
|t:|1758370838
|move|p2a: Zapdos|Hurricane|p1a: Garganacl
|-supereffective|p1a: Garganacl
|-damage|p1a: Garganacl|1/100
|move|p1a: Garganacl|Salt Cure|p2a: Zapdos
|-supereffective|p2a: Zapdos
|-damage|p2a: Zapdos|38/100
|-start|p2a: Zapdos|Salt Cure
|
|-heal|p1a: Garganacl|7/100|[from] item: Leftovers
|-damage|p2a: Zapdos|26/100|[from] Salt Cure
|upkeep
|turn|21
|
|t:|1758370844
|move|p2a: Zapdos|Heat Wave|p1a: Garganacl|[miss]
|-miss|p2a: Zapdos|p1a: Garganacl
|move|p1a: Garganacl|Recover|p1a: Garganacl
|-heal|p1a: Garganacl|57/100
|
|-heal|p1a: Garganacl|63/100|[from] item: Leftovers
|-damage|p2a: Zapdos|13/100|[from] Salt Cure
|upkeep
|turn|22
|
|t:|1758370849
|move|p2a: Zapdos|Hurricane|p1a: Garganacl
|-supereffective|p1a: Garganacl
|-damage|p1a: Garganacl|0 fnt
|faint|p1a: Garganacl
|
|-damage|p2a: Zapdos|1/100|[from] Salt Cure
|upkeep
|
|t:|1758370856
|switch|p1a: Delphox|Delphox, M|76/100
|-damage|p1a: Delphox|51/100|[from] Stealth Rock
|turn|23
|
|t:|1758370860
|move|p1a: Delphox|Flamethrower|p2a: Zapdos
|-crit|p2a: Zapdos
|-damage|p2a: Zapdos|0 fnt
|faint|p2a: Zapdos
|
|upkeep
|
|t:|1758370862
|switch|p2a: Dragonite|Dragonite, F|48/100
|turn|24
|
|t:|1758370866
|move|p1a: Delphox|Flamethrower|p2a: Dragonite
|-resisted|p2a: Dragonite
|-damage|p2a: Dragonite|24/100
|-status|p2a: Dragonite|brn
|move|p2a: Dragonite|Earthquake|p1a: Delphox
|-supereffective|p1a: Delphox
|-damage|p1a: Delphox|0 fnt
|faint|p1a: Delphox
|
|win|young dc
|raw|averagealt99's rating: 1414 &rarr; <strong>1395</strong><br />(-19 for losing)
|raw|young dc's rating: 1435 &rarr; <strong>1454</strong><br />(+19 for winning)
|l|☆averagealt99
|player|p1|
|l|☆young dc
|player|p2|
