|j|☆YeatLover267
|j|☆ravextrix
|t:|1758246565
|gametype|singles
|player|p1|YeatLover267|backersf|1348
|player|p2|ravextrix|2|1395
|gen|9
|tier|[Gen 9] OU
|rated|
|rule|HP Percentage Mod: HP is shown in percentages
|rule|Endless Battle Clause: Forcing endless battles is banned
|rule|Species Clause: Limit one of each Pokémon
|rule|OHKO Clause: OHKO moves are banned
|rule|Evasion Items Clause: Evasion items are banned
|rule|Evasion Moves Clause: Evasion moves are banned
|rule|Evasion Abilities Clause: Evasion abilities are banned
|rule|Sleep Moves Clause: Sleep-inducing moves are banned
|clearpoke
|poke|p1|Lycanroc-Dusk, M|
|poke|p1|Great Tusk|
|poke|p1|Darkrai|
|poke|p1|Rotom-Wash|
|poke|p1|Blissey, F|
|poke|p1|Ceruledge, M|
|poke|p2|Garganacl, M|
|poke|p2|Weezing-Galar, F|
|poke|p2|Corviknight, M|
|poke|p2|Dragapult, M|
|poke|p2|Slowking-Galar, M|
|poke|p2|Samurott-Hisui, F|
|teampreview
|inactive|Battle timer is ON: inactive players will automatically lose when time's up. (requested by YeatLover267)
|
|t:|1758246572
|teamsize|p1|6
|teamsize|p2|6
|start
|switch|p1a: Rotom|Rotom-Wash|100/100
|switch|p2a: Acupuncturist|Samurott-Hisui, F|100/100
|turn|1
|
|t:|1758246574
|switch|p2a: Trudeau-king|Slowking-Galar, M|100/100
|move|p1a: Rotom|Volt Switch|p2a: Trudeau-king
|-damage|p2a: Trudeau-king|85/100
|
|t:|1758246578
|switch|p1a: Darkrai|Darkrai|100/100|[from] Volt Switch
|
|upkeep
|turn|2
|
|t:|1758246582
|move|p1a: Darkrai|Dark Pulse|p2a: Trudeau-king
|-supereffective|p2a: Trudeau-king
|-damage|p2a: Trudeau-king|28/100
|move|p2a: Trudeau-king|Sludge Bomb|p1a: Darkrai
|-damage|p1a: Darkrai|56/100
|
|upkeep
|turn|3
|
|t:|1758246589
|switch|p2a: Nurse|Weezing-Galar, F|100/100
|-ability|p2a: Nurse|Neutralizing Gas
|move|p1a: Darkrai|Dark Pulse|p2a: Nurse
|-resisted|p2a: Nurse
|-damage|p2a: Nurse|55/100
|
|-heal|p2a: Nurse|61/100|[from] item: Black Sludge
|upkeep
|turn|4
|
|t:|1758246600
|-terastallize|p1a: Darkrai|Dark
|move|p1a: Darkrai|Dark Pulse|p2a: Nurse
|-resisted|p2a: Nurse
|-crit|p2a: Nurse
|-damage|p2a: Nurse|0 fnt
|faint|p2a: Nurse
|-end|p2a: Nurse|ability: Neutralizing Gas
|
|upkeep
|
|t:|1758246603
|switch|p2a: Acupuncturist|Samurott-Hisui, F|100/100
|turn|5
|
|t:|1758246608
|switch|p1a: Rotom|Rotom-Wash|100/100
|move|p2a: Acupuncturist|Ceaseless Edge|p1a: Rotom
|-damage|p1a: Rotom|45/100
|-sidestart|p1: YeatLover267|Spikes
|
|upkeep
|turn|6
|inactive|YeatLover267 has 120 seconds left.
|
|t:|1758246639
|switch|p1a: Great Tusk|Great Tusk|100/100
|-damage|p1a: Great Tusk|88/100|[from] Spikes
|move|p2a: Acupuncturist|Ceaseless Edge|p1a: Great Tusk
|-resisted|p1a: Great Tusk
|-damage|p1a: Great Tusk|77/100
|-sidestart|p1: YeatLover267|Spikes
|
|-heal|p1a: Great Tusk|84/100|[from] item: Leftovers
|upkeep
|turn|7
|
|t:|1758246643
|switch|p2a: Specialist|Dragapult, M|100/100
|move|p1a: Great Tusk|Earthquake|p2a: Specialist
|-damage|p2a: Specialist|40/100
|
|-heal|p1a: Great Tusk|90/100|[from] item: Leftovers
|upkeep
|turn|8
|
|t:|1758246648
|-end|p1a: Great Tusk|Protosynthesis|[silent]
|switch|p1a: Rotom|Rotom-Wash|45/100
|move|p2a: Specialist|Will-O-Wisp|p1a: Rotom|[miss]
|-miss|p2a: Specialist|p1a: Rotom
|
|upkeep
|turn|9
|
|t:|1758246652
|move|p2a: Specialist|Dragon Darts|p1a: Rotom
|-damage|p1a: Rotom|15/100
|-enditem|p1a: Rotom|Aguav Berry|[eat]
|-heal|p1a: Rotom|48/100|[from] item: Aguav Berry
|-anim|p2a: Specialist|Dragon Darts|p1a: Rotom
|-damage|p1a: Rotom|17/100
|move|p1a: Rotom|Thunder Wave|p2a: Specialist|[miss]
|-miss|p1a: Rotom|p2a: Specialist
|
|upkeep
|turn|10
|
|t:|1758246656
|move|p2a: Specialist|Dragon Darts|p1a: Rotom
|-damage|p1a: Rotom|0 fnt
|faint|p1a: Rotom
|
|upkeep
|
|t:|1758246662
|switch|p1a: Lycanroc|Lycanroc-Dusk, M|100/100
|-damage|p1a: Lycanroc|84/100|[from] Spikes
|turn|11
|
|t:|1758246665
|switch|p2a: Plague Doctor|Corviknight, M|100/100
|-ability|p2a: Plague Doctor|Pressure
|move|p1a: Lycanroc|Accelerock|p2a: Plague Doctor
|-damage|p2a: Plague Doctor|78/100
|-damage|p1a: Lycanroc|68/100|[from] item: Rocky Helmet|[of] p2a: Plague Doctor
|-damage|p1a: Lycanroc|58/100|[from] item: Life Orb
|
|upkeep
|turn|12
|
|t:|1758246674
|switch|p1a: Great Tusk|Great Tusk|90/100
|-damage|p1a: Great Tusk|73/100|[from] Spikes
|switch|p2a: Acupuncturist|Samurott-Hisui, F|100/100
|
|-heal|p1a: Great Tusk|80/100|[from] item: Leftovers
|upkeep
|turn|13
|
|t:|1758246684
|-terastallize|p2a: Acupuncturist|Water
|move|p2a: Acupuncturist|Razor Shell|p1a: Great Tusk
|-supereffective|p1a: Great Tusk
|-damage|p1a: Great Tusk|9/100
|move|p1a: Great Tusk|Rapid Spin|p2a: Acupuncturist
|-damage|p2a: Acupuncturist|81/100
|-boost|p1a: Great Tusk|spe|1
|-sideend|p1: YeatLover267|Spikes|[from] move: Rapid Spin|[of] p1a: Great Tusk
|
|-heal|p1a: Great Tusk|16/100|[from] item: Leftovers
|upkeep
|turn|14
|
|t:|1758246696
|switch|p2a: Plague Doctor|Corviknight, M|78/100
|-ability|p2a: Plague Doctor|Pressure
|move|p1a: Great Tusk|Body Press|p2a: Plague Doctor
|-damage|p2a: Plague Doctor|50/100
|-damage|p1a: Great Tusk|0 fnt|[from] item: Rocky Helmet|[of] p2a: Plague Doctor
|faint|p1a: Great Tusk
|-end|p1a: Great Tusk|Protosynthesis|[silent]
|
|upkeep
|
|t:|1758246699
|switch|p1a: Darkrai|Darkrai, tera:Dark|56/100
|turn|15
|
|t:|1758246713
|move|p1a: Darkrai|Dark Pulse|p2a: Plague Doctor
|-damage|p2a: Plague Doctor|0 fnt
|faint|p2a: Plague Doctor
|
|upkeep
|
|t:|1758246715
|switch|p2a: Acupuncturist|Samurott-Hisui, F, tera:Water|81/100
|turn|16
|
|t:|1758246743
|move|p2a: Acupuncturist|Razor Shell|p1a: Darkrai
|-damage|p1a: Darkrai|0 fnt
|faint|p1a: Darkrai
|
|upkeep
|
|t:|1758246748
|switch|p1a: Ceruledge|Ceruledge, M|100/100
|turn|17
|
|t:|1758246751
|switch|p2a: Specialist|Dragapult, M|40/100
|move|p1a: Ceruledge|Swords Dance|p1a: Ceruledge
|-boost|p1a: Ceruledge|atk|2
|
|upkeep
|turn|18
|
|t:|1758246755
|move|p2a: Specialist|Dragon Darts|p1a: Ceruledge
|-damage|p1a: Ceruledge|65/100
|-ability|p1a: Ceruledge|Weak Armor|boost
|-unboost|p1a: Ceruledge|def|1
|-boost|p1a: Ceruledge|spe|2
|-anim|p2a: Specialist|Dragon Darts|p1a: Ceruledge
|-damage|p1a: Ceruledge|14/100
|-ability|p1a: Ceruledge|Weak Armor|boost
|-unboost|p1a: Ceruledge|def|1
|-boost|p1a: Ceruledge|spe|2
|move|p1a: Ceruledge|Bitter Blade|p2a: Specialist
|-resisted|p2a: Specialist
|-damage|p2a: Specialist|0 fnt
|-heal|p1a: Ceruledge|35/100|[from] drain|[of] p2a: Specialist
|faint|p2a: Specialist
|
|upkeep
|
|t:|1758246769
|switch|p2a: Dr. Garg|Garganacl, M|100/100
|turn|19
|
|t:|1758246772
|move|p2a: Dr. Garg|Protect|p2a: Dr. Garg
|-singleturn|p2a: Dr. Garg|Protect
|move|p1a: Ceruledge|Close Combat|p2a: Dr. Garg
|-activate|p2a: Dr. Garg|move: Protect
|
|upkeep
|turn|20
|
|t:|1758246778
|move|p1a: Ceruledge|Close Combat|p2a: Dr. Garg
|-supereffective|p2a: Dr. Garg
|-damage|p2a: Dr. Garg|0 fnt
|-unboost|p1a: Ceruledge|def|1
|-unboost|p1a: Ceruledge|spd|1
|faint|p2a: Dr. Garg
|
|upkeep
|-message|ravextrix forfeited.
|
|win|YeatLover267
|raw|YeatLover267's rating: 1348 &rarr; <strong>1371</strong><br />(+23 for winning)
|raw|ravextrix's rating: 1395 &rarr; <strong>1372</strong><br />(-23 for losing)
|l|☆ravextrix
|player|p2|
|l|☆YeatLover267
|player|p1|
