|j|☆Oreoinabox
|j|☆dj.tomato!
|t:|1758249565
|gametype|singles
|player|p1|Oreoinabox|266|1473
|player|p2|dj.tomato!|drake-gen3|1548
|gen|9
|tier|[Gen 9] OU
|rated|
|rule|HP Percentage Mod: HP is shown in percentages
|rule|Endless Battle Clause: Forcing endless battles is banned
|rule|Species Clause: Limit one of each Pokémon
|rule|OHKO Clause: OHKO moves are banned
|rule|Evasion Items Clause: Evasion items are banned
|rule|Evasion Moves Clause: Evasion moves are banned
|rule|Evasion Abilities Clause: Evasion abilities are banned
|rule|Sleep Moves Clause: Sleep-inducing moves are banned
|clearpoke
|poke|p1|Iron Thorns|
|poke|p1|Araquanid, F|
|poke|p1|Blastoise, M|
|poke|p1|Corviknight, M|
|poke|p1|Meowscarada, F|
|poke|p1|Great Tusk|
|poke|p2|Pecharunt|
|poke|p2|Ting-Lu|
|poke|p2|Moltres|
|poke|p2|Tornadus-Therian, M|
|poke|p2|Garganacl, F|
|poke|p2|Zamazenta-*|
|teampreview
|inactive|Battle timer is ON: inactive players will automatically lose when time's up. (requested by Oreoinabox)
|
|t:|1758249574
|teamsize|p1|6
|teamsize|p2|6
|start
|switch|p1a: Araquanid|Araquanid, F|100/100
|switch|p2a: Tornadus|Tornadus-Therian, M|100/100
|turn|1
|
|t:|1758249580
|move|p2a: Tornadus|Taunt|p1a: Araquanid
|-start|p1a: Araquanid|move: Taunt
|move|p1a: Araquanid|Liquidation|p2a: Tornadus
|-damage|p2a: Tornadus|22/100
|
|upkeep
|turn|2
|
|t:|1758249593
|move|p2a: Tornadus|U-turn|p1a: Araquanid
|-damage|p1a: Araquanid|85/100
|
|t:|1758249595
|switch|p2a: Pecharunt|Pecharunt|100/100|[from] U-turn
|move|p1a: Araquanid|Liquidation|p2a: Pecharunt
|-damage|p2a: Pecharunt|72/100
|
|upkeep
|turn|3
|
|t:|1758249604
|switch|p1a: Iron Thorns|Iron Thorns|100/100
|-enditem|p1a: Iron Thorns|Booster Energy
|-activate|p1a: Iron Thorns|ability: Quark Drive|[fromitem]
|-start|p1a: Iron Thorns|quarkdriveatk
|move|p2a: Pecharunt|Parting Shot|p1a: Iron Thorns
|-unboost|p1a: Iron Thorns|atk|1
|-unboost|p1a: Iron Thorns|spa|1
|
|t:|1758249609
|switch|p2a: Garganacl|Garganacl, F|100/100|[from] Parting Shot
|
|upkeep
|turn|4
|
|t:|1758249614
|move|p1a: Iron Thorns|Dragon Dance|p1a: Iron Thorns
|-boost|p1a: Iron Thorns|atk|1
|-boost|p1a: Iron Thorns|spe|1
|move|p2a: Garganacl|Salt Cure|p1a: Iron Thorns
|-damage|p1a: Iron Thorns|88/100
|-start|p1a: Iron Thorns|Salt Cure
|
|-damage|p1a: Iron Thorns|76/100|[from] Salt Cure
|upkeep
|turn|5
|
|t:|1758249617
|move|p1a: Iron Thorns|Dragon Dance|p1a: Iron Thorns
|-boost|p1a: Iron Thorns|atk|1
|-boost|p1a: Iron Thorns|spe|1
|move|p2a: Garganacl|Stealth Rock|p1a: Iron Thorns
|-sidestart|p1: Oreoinabox|move: Stealth Rock
|
|-damage|p1a: Iron Thorns|64/100|[from] Salt Cure
|upkeep
|turn|6
|
|t:|1758249622
|move|p1a: Iron Thorns|Dragon Dance|p1a: Iron Thorns
|-boost|p1a: Iron Thorns|atk|1
|-boost|p1a: Iron Thorns|spe|1
|move|p2a: Garganacl|Salt Cure|p1a: Iron Thorns
|-damage|p1a: Iron Thorns|50/100
|
|-damage|p1a: Iron Thorns|38/100|[from] Salt Cure
|upkeep
|turn|7
|
|t:|1758249629
|move|p1a: Iron Thorns|Earthquake|p2a: Garganacl
|-supereffective|p2a: Garganacl
|-damage|p2a: Garganacl|0 fnt
|faint|p2a: Garganacl
|
|-damage|p1a: Iron Thorns|26/100|[from] Salt Cure
|upkeep
|
|t:|1758249635
|switch|p2a: Pecharunt|Pecharunt|72/100
|turn|8
|
|t:|1758249640
|switch|p2a: Moltres|Moltres|100/100
|move|p1a: Iron Thorns|Supercell Slam|p2a: Moltres
|-supereffective|p2a: Moltres
|-damage|p2a: Moltres|0 fnt
|-status|p1a: Iron Thorns|brn|[from] ability: Flame Body|[of] p2a: Moltres
|faint|p2a: Moltres
|
|-damage|p1a: Iron Thorns|20/100 brn|[from] brn
|-damage|p1a: Iron Thorns|7/100 brn|[from] Salt Cure
|upkeep
|
|t:|1758249644
|switch|p2a: Ting-Lu|Ting-Lu|100/100
|-ability|p2a: Ting-Lu|Vessel of Ruin
|turn|9
|
|t:|1758249646
|move|p1a: Iron Thorns|Ice Punch|p2a: Ting-Lu
|-supereffective|p2a: Ting-Lu
|-damage|p2a: Ting-Lu|56/100
|move|p2a: Ting-Lu|Spikes|p1a: Iron Thorns
|-sidestart|p1: Oreoinabox|Spikes
|
|-heal|p2a: Ting-Lu|63/100|[from] item: Leftovers
|-damage|p1a: Iron Thorns|1/100 brn|[from] brn
|-damage|p1a: Iron Thorns|0 fnt|[from] Salt Cure
|faint|p1a: Iron Thorns
|-end|p1a: Iron Thorns|Quark Drive|[silent]
|upkeep
|
|t:|1758249653
|switch|p1a: Blastoise|Blastoise, M|100/100
|-damage|p1a: Blastoise|88/100|[from] Stealth Rock
|-damage|p1a: Blastoise|76/100|[from] Spikes
|turn|10
|
|t:|1758249655
|switch|p2a: Pecharunt|Pecharunt|72/100
|move|p1a: Blastoise|Shell Smash|p1a: Blastoise
|-unboost|p1a: Blastoise|def|1
|-unboost|p1a: Blastoise|spd|1
|-boost|p1a: Blastoise|atk|2
|-boost|p1a: Blastoise|spa|2
|-boost|p1a: Blastoise|spe|2
|-enditem|p1a: Blastoise|White Herb
|-clearnegativeboost|p1a: Blastoise|[silent]
|
|upkeep
|turn|11
|
|t:|1758249660
|switch|p2a: Tornadus|Tornadus-Therian, M|55/100
|move|p1a: Blastoise|Surf|p2a: Tornadus
|-damage|p2a: Tornadus|0 fnt
|faint|p2a: Tornadus
|
|upkeep
|
|t:|1758249662
|switch|p2a: Ting-Lu|Ting-Lu|63/100
|-ability|p2a: Ting-Lu|Vessel of Ruin
|turn|12
|
|t:|1758249664
|move|p1a: Blastoise|Surf|p2a: Ting-Lu
|-supereffective|p2a: Ting-Lu
|-damage|p2a: Ting-Lu|0 fnt
|faint|p2a: Ting-Lu
|
|upkeep
|-message|dj.tomato! forfeited.
|
|win|Oreoinabox
|raw|Oreoinabox's rating: 1473 &rarr; <strong>1497</strong><br />(+24 for winning)
|raw|dj.tomato!'s rating: 1548 &rarr; <strong>1524</strong><br />(-24 for losing)
|l|☆dj.tomato!
|player|p2|
|l|☆Oreoinabox
|player|p1|
