|j|☆regina george
|j|☆rainingdracosrn
|inactive|Battle timer is ON: inactive players will automatically lose when time's up.
|t:|1758358359
|gametype|singles
|player|p1|regina george|#ruwcviussouth|
|player|p2|rainingdracosrn|n-masters2|
|gen|9
|tier|[Gen 9] OU
|rated|Tournament battle
|rule|HP Percentage Mod: HP is shown in percentages
|rule|Endless Battle Clause: Forcing endless battles is banned
|rule|Species Clause: Limit one of each Pokémon
|rule|OHKO Clause: OHKO moves are banned
|rule|Evasion Items Clause: Evasion items are banned
|rule|Evasion Moves Clause: Evasion moves are banned
|rule|Evasion Abilities Clause: Evasion abilities are banned
|rule|Sleep Moves Clause: Sleep-inducing moves are banned
|clearpoke
|poke|p1|Ninetales-Alola, F|
|poke|p1|Dondozo, M|
|poke|p1|Iron Treads|
|poke|p1|Kyurem|
|poke|p1|Comfey, M|
|poke|p1|Polteageist|
|poke|p2|Gliscor, M|
|poke|p2|Alomomola, F|
|poke|p2|Pecharunt|
|poke|p2|Great Tusk|
|poke|p2|Weavile, F|
|poke|p2|Iron Crown|
|teampreview
|j|*Lady Monita ☀
|c|☆rainingdracosrn|gl hf
|inactive|regina george has 120 seconds left.
|c|☆rainingdracosrn|nice avatar
|c|☆regina george|hf
|c|☆rainingdracosrn|w flygon
|c|☆regina george|ty
|
|t:|1758358412
|teamsize|p1|6
|teamsize|p2|6
|start
|switch|p1a: Ninetales|Ninetales-Alola, F|100/100
|switch|p2a: Iron Crown|Iron Crown|100/100
|-weather|Snowscape|[from] ability: Snow Warning|[of] p1a: Ninetales
|turn|1
|
|t:|1758358436
|switch|p1a: Iron Treads|Iron Treads|100/100
|-enditem|p1a: Iron Treads|Booster Energy
|-activate|p1a: Iron Treads|ability: Quark Drive|[fromitem]
|-start|p1a: Iron Treads|quarkdrivespe
|move|p2a: Iron Crown|Tachyon Cutter|p1a: Iron Treads
|-resisted|p1a: Iron Treads
|-damage|p1a: Iron Treads|75/100
|-resisted|p1a: Iron Treads
|-damage|p1a: Iron Treads|48/100
|-hitcount|p1a: Iron Treads|2
|
|-weather|Snowscape|[upkeep]
|upkeep
|turn|2
|
|t:|1758358445
|move|p1a: Iron Treads|Stealth Rock|p2a: Iron Crown
|-sidestart|p2: rainingdracosrn|move: Stealth Rock
|move|p2a: Iron Crown|Tachyon Cutter|p1a: Iron Treads
|-resisted|p1a: Iron Treads
|-damage|p1a: Iron Treads|22/100
|-resisted|p1a: Iron Treads
|-damage|p1a: Iron Treads|0 fnt
|faint|p1a: Iron Treads
|-end|p1a: Iron Treads|Quark Drive|[silent]
|-hitcount|p1: Iron Treads|2
|
|-weather|Snowscape|[upkeep]
|upkeep
|
|t:|1758358471
|switch|p1a: Ninetales|Ninetales-Alola, F|100/100
|turn|3
|
|t:|1758358481
|move|p1a: Ninetales|Aurora Veil|p1a: Ninetales
|-sidestart|p1: regina george|move: Aurora Veil
|move|p2a: Iron Crown|Tachyon Cutter|p1a: Ninetales
|-supereffective|p1a: Ninetales
|-damage|p1a: Ninetales|33/100
|-supereffective|p1a: Ninetales
|-damage|p1a: Ninetales|0 fnt
|faint|p1a: Ninetales
|-hitcount|p1: Ninetales|2
|
|-weather|Snowscape|[upkeep]
|upkeep
|
|t:|1758358485
|switch|p1a: Polteageist|Polteageist|100/100
|turn|4
|
|t:|1758358495
|-terastallize|p2a: Iron Crown|Steel
|move|p2a: Iron Crown|Tachyon Cutter|p1a: Polteageist
|-damage|p1a: Polteageist|76/100
|-start|p2a: Iron Crown|Disable|Tachyon Cutter|[from] ability: Cursed Body|[of] p1a: Polteageist
|-damage|p1a: Polteageist|54/100
|-hitcount|p1a: Polteageist|2
|move|p1a: Polteageist|Shell Smash|p1a: Polteageist
|-unboost|p1a: Polteageist|def|1
|-unboost|p1a: Polteageist|spd|1
|-boost|p1a: Polteageist|atk|2
|-boost|p1a: Polteageist|spa|2
|-boost|p1a: Polteageist|spe|2
|-enditem|p1a: Polteageist|White Herb
|-clearnegativeboost|p1a: Polteageist|[silent]
|
|-weather|Snowscape|[upkeep]
|upkeep
|turn|5
|
|t:|1758358512
|-end|p2a: Iron Crown|Quark Drive|[silent]
|switch|p2a: Gliscor|Gliscor, M|100/100
|-damage|p2a: Gliscor|88/100|[from] Stealth Rock
|move|p1a: Polteageist|Strength Sap|p2a: Gliscor
|-unboost|p2a: Gliscor|atk|1
|-heal|p1a: Polteageist|100/100
|
|-weather|none
|-status|p2a: Gliscor|tox|[from] item: Toxic Orb
|upkeep
|turn|6
|
|t:|1758358522
|move|p1a: Polteageist|Shadow Ball|p2a: Gliscor
|-damage|p2a: Gliscor|0 fnt
|faint|p2a: Gliscor
|
|upkeep
|
|t:|1758358539
|switch|p2a: Alomomola|Alomomola, F|100/100
|-damage|p2a: Alomomola|88/100|[from] Stealth Rock
|turn|7
|
|t:|1758358545
|move|p1a: Polteageist|Shadow Ball|p2a: Alomomola
|-damage|p2a: Alomomola|56/100
|move|p2a: Alomomola|Mirror Coat|p1a: Polteageist
|-damage|p1a: Polteageist|0 fnt
|faint|p1a: Polteageist
|
|upkeep
|
|t:|1758358553
|switch|p1a: Kyurem|Kyurem|100/100
|-ability|p1a: Kyurem|Pressure
|turn|8
|
|t:|1758358558
|switch|p2a: Iron Crown|Iron Crown, tera:Steel|100/100
|-damage|p2a: Iron Crown|94/100|[from] Stealth Rock
|move|p1a: Kyurem|Dragon Dance|p1a: Kyurem
|-boost|p1a: Kyurem|atk|1
|-boost|p1a: Kyurem|spe|1
|
|upkeep
|turn|9
|
|t:|1758358566
|move|p1a: Kyurem|Earth Power|p2a: Iron Crown
|-supereffective|p2a: Iron Crown
|-damage|p2a: Iron Crown|34/100
|move|p2a: Iron Crown|Tachyon Cutter|p1a: Kyurem
|-supereffective|p1a: Kyurem
|-damage|p1a: Kyurem|56/100
|-supereffective|p1a: Kyurem
|-damage|p1a: Kyurem|6/100
|-hitcount|p1a: Kyurem|2
|
|upkeep
|turn|10
|
|t:|1758358575
|move|p1a: Kyurem|Icicle Spear|p2a: Iron Crown
|-resisted|p2a: Iron Crown
|-damage|p2a: Iron Crown|23/100
|-resisted|p2a: Iron Crown
|-damage|p2a: Iron Crown|11/100
|-resisted|p2a: Iron Crown
|-damage|p2a: Iron Crown|0 fnt
|faint|p2a: Iron Crown
|-end|p2a: Iron Crown|Quark Drive|[silent]
|-hitcount|p2: Iron Crown|3
|
|-sideend|p1: regina george|move: Aurora Veil
|upkeep
|
|t:|1758358580
|switch|p2a: Weavile|Weavile, F|100/100
|-ability|p2a: Weavile|Pressure
|turn|11
|
|t:|1758358591
|switch|p1a: Dondozo|Dondozo, M|100/100
|move|p2a: Weavile|Ice Shard|p1a: Dondozo
|-resisted|p1a: Dondozo
|-damage|p1a: Dondozo|95/100
|
|-heal|p1a: Dondozo|100/100|[from] item: Leftovers
|upkeep
|turn|12
|
|t:|1758358601
|switch|p2a: Pecharunt|Pecharunt|100/100
|switch|p1a: Comfey|Comfey, M|100/100
|
|upkeep
|turn|13
|
|t:|1758358619
|switch|p1a: Kyurem|Kyurem|6/100
|-ability|p1a: Kyurem|Pressure
|move|p2a: Pecharunt|Malignant Chain|p1a: Kyurem
|-damage|p1a: Kyurem|0 fnt
|faint|p1a: Kyurem
|
|upkeep
|
|t:|1758358622
|switch|p1a: Comfey|Comfey, M|100/100
|turn|14
|
|t:|1758358628
|-terastallize|p1a: Comfey|Steel
|move|p2a: Pecharunt|Malignant Chain|p1a: Comfey
|-immune|p1a: Comfey
|move|p1a: Comfey|Calm Mind|p1a: Comfey
|-boost|p1a: Comfey|spa|1
|-boost|p1a: Comfey|spd|1
|
|upkeep
|turn|15
|
|t:|1758358636
|move|p2a: Pecharunt|Parting Shot|p1a: Comfey
|-unboost|p1a: Comfey|atk|1
|-unboost|p1a: Comfey|spa|1
|
|t:|1758358641
|switch|p2a: Great Tusk|Great Tusk|100/100|[from] Parting Shot
|-damage|p2a: Great Tusk|98/100|[from] Stealth Rock
|move|p1a: Comfey|Calm Mind|p1a: Comfey
|-boost|p1a: Comfey|spa|1
|-boost|p1a: Comfey|spd|1
|
|upkeep
|turn|16
|
|t:|1758358646
|move|p1a: Comfey|Draining Kiss|p2a: Great Tusk
|-supereffective|p2a: Great Tusk
|-damage|p2a: Great Tusk|15/100
|-damage|p1a: Comfey|84/100|[from] item: Rocky Helmet|[of] p2a: Great Tusk
|move|p2a: Great Tusk|Headlong Rush|p1a: Comfey
|-supereffective|p1a: Comfey
|-damage|p1a: Comfey|0 fnt
|-unboost|p2a: Great Tusk|def|1
|-unboost|p2a: Great Tusk|spd|1
|faint|p1a: Comfey
|
|upkeep
|
|t:|1758358651
|switch|p1a: Dondozo|Dondozo, M|100/100
|turn|17
|
|t:|1758358655
|-end|p2a: Great Tusk|Protosynthesis|[silent]
|switch|p2a: Pecharunt|Pecharunt|100/100
|move|p1a: Dondozo|Avalanche|p2a: Pecharunt
|-damage|p2a: Pecharunt|94/100
|
|upkeep
|turn|18
|
|t:|1758358658
|move|p2a: Pecharunt|Malignant Chain|p1a: Dondozo
|-damage|p1a: Dondozo|81/100
|-status|p1a: Dondozo|tox
|-start|p1a: Dondozo|confusion|[from] ability: Poison Puppeteer|[of] p2a: Pecharunt
|-activate|p1a: Dondozo|confusion
|move|p1a: Dondozo|Curse|p1a: Dondozo
|-unboost|p1a: Dondozo|spe|1
|-boost|p1a: Dondozo|atk|1
|-boost|p1a: Dondozo|def|1
|
|-heal|p1a: Dondozo|87/100 tox|[from] item: Leftovers
|-damage|p1a: Dondozo|81/100 tox|[from] psn
|upkeep
|turn|19
|
|t:|1758358664
|move|p2a: Pecharunt|Malignant Chain|p1a: Dondozo
|-damage|p1a: Dondozo|63/100 tox
|-activate|p1a: Dondozo|confusion
|move|p1a: Dondozo|Curse|p1a: Dondozo
|-unboost|p1a: Dondozo|spe|1
|-boost|p1a: Dondozo|atk|1
|-boost|p1a: Dondozo|def|1
|
|-heal|p1a: Dondozo|69/100 tox|[from] item: Leftovers
|-damage|p1a: Dondozo|56/100 tox|[from] psn
|upkeep
|turn|20
|
|t:|1758358668
|move|p2a: Pecharunt|Foul Play|p1a: Dondozo
|-damage|p1a: Dondozo|50/100 tox
|-activate|p1a: Dondozo|confusion
|move|p1a: Dondozo|Rest|p1a: Dondozo
|-status|p1a: Dondozo|slp|[from] move: Rest
|-heal|p1a: Dondozo|100/100 slp|[silent]
|
|upkeep
|turn|21
|
|t:|1758358674
|move|p2a: Pecharunt|Malignant Chain|p1a: Dondozo
|-damage|p1a: Dondozo|79/100 slp
|cant|p1a: Dondozo|slp
|
|-heal|p1a: Dondozo|85/100 slp|[from] item: Leftovers
|upkeep
|turn|22
|inactive|rainingdracosrn has 120 seconds left.
|
|t:|1758358706
|move|p2a: Pecharunt|Malignant Chain|p1a: Dondozo
|-damage|p1a: Dondozo|67/100 slp
|cant|p1a: Dondozo|slp
|
|-heal|p1a: Dondozo|73/100 slp|[from] item: Leftovers
|upkeep
|turn|23
|
|t:|1758358713
|move|p2a: Pecharunt|Malignant Chain|p1a: Dondozo
|-crit|p1a: Dondozo
|-damage|p1a: Dondozo|42/100 slp
|-curestatus|p1a: Dondozo|slp|[msg]
|-end|p1a: Dondozo|confusion
|move|p1a: Dondozo|Curse|p1a: Dondozo
|-unboost|p1a: Dondozo|spe|1
|-boost|p1a: Dondozo|atk|1
|-boost|p1a: Dondozo|def|1
|
|-heal|p1a: Dondozo|48/100|[from] item: Leftovers
|upkeep
|turn|24
|
|t:|1758358722
|move|p2a: Pecharunt|Foul Play|p1a: Dondozo
|-damage|p1a: Dondozo|42/100
|move|p1a: Dondozo|Curse|p1a: Dondozo
|-unboost|p1a: Dondozo|spe|1
|-boost|p1a: Dondozo|atk|1
|-boost|p1a: Dondozo|def|1
|
|-heal|p1a: Dondozo|48/100|[from] item: Leftovers
|upkeep
|turn|25
|
|t:|1758358727
|move|p2a: Pecharunt|Parting Shot|p1a: Dondozo
|-unboost|p1a: Dondozo|atk|1
|-unboost|p1a: Dondozo|spa|1
|
|t:|1758358733
|switch|p2a: Great Tusk|Great Tusk|15/100|[from] Parting Shot
|-damage|p2a: Great Tusk|12/100|[from] Stealth Rock
|move|p1a: Dondozo|Rest|p1a: Dondozo
|-status|p1a: Dondozo|slp|[from] move: Rest
|-heal|p1a: Dondozo|100/100 slp|[silent]
|
|upkeep
|turn|26
|
|t:|1758358738
|move|p2a: Great Tusk|Rapid Spin|p1a: Dondozo
|-damage|p1a: Dondozo|97/100 slp
|-boost|p2a: Great Tusk|spe|1
|-sideend|p2: rainingdracosrn|Stealth Rock|[from] move: Rapid Spin|[of] p2a: Great Tusk
|cant|p1a: Dondozo|slp
|
|-heal|p1a: Dondozo|100/100 slp|[from] item: Leftovers
|upkeep
|turn|27
|
|t:|1758358763
|move|p2a: Great Tusk|Headlong Rush|p1a: Dondozo
|-damage|p1a: Dondozo|89/100 slp
|-unboost|p2a: Great Tusk|def|1
|-unboost|p2a: Great Tusk|spd|1
|cant|p1a: Dondozo|slp
|
|-heal|p1a: Dondozo|95/100 slp|[from] item: Leftovers
|upkeep
|turn|28
|
|t:|1758358767
|move|p2a: Great Tusk|Headlong Rush|p1a: Dondozo
|-damage|p1a: Dondozo|83/100 slp
|-unboost|p2a: Great Tusk|def|1
|-unboost|p2a: Great Tusk|spd|1
|-curestatus|p1a: Dondozo|slp|[msg]
|move|p1a: Dondozo|Avalanche|p2a: Great Tusk
|-supereffective|p2a: Great Tusk
|-damage|p2a: Great Tusk|0 fnt
|-damage|p1a: Dondozo|66/100|[from] item: Rocky Helmet|[of] p2a: Great Tusk
|faint|p2a: Great Tusk
|-end|p2a: Great Tusk|Protosynthesis|[silent]
|
|-heal|p1a: Dondozo|72/100|[from] item: Leftovers
|upkeep
|
|t:|1758358784
|switch|p2a: Weavile|Weavile, F|100/100
|-ability|p2a: Weavile|Pressure
|turn|29
|
|t:|1758358792
|move|p2a: Weavile|Knock Off|p1a: Dondozo
|-damage|p1a: Dondozo|62/100
|-enditem|p1a: Dondozo|Leftovers|[from] move: Knock Off|[of] p2a: Weavile
|move|p1a: Dondozo|Avalanche|p2a: Weavile
|-resisted|p2a: Weavile
|-damage|p2a: Weavile|45/100
|
|upkeep
|turn|30
|
|t:|1758358806
|move|p2a: Weavile|Knock Off|p1a: Dondozo
|-damage|p1a: Dondozo|55/100
|move|p1a: Dondozo|Curse|p1a: Dondozo
|-unboost|p1a: Dondozo|spe|1
|-boost|p1a: Dondozo|atk|1
|-boost|p1a: Dondozo|def|1
|
|upkeep
|turn|31
|
|t:|1758358809
|move|p2a: Weavile|Knock Off|p1a: Dondozo
|-damage|p1a: Dondozo|50/100
|move|p1a: Dondozo|Avalanche|p2a: Weavile
|-resisted|p2a: Weavile
|-crit|p2a: Weavile
|-damage|p2a: Weavile|0 fnt
|faint|p2a: Weavile
|
|upkeep
|
|t:|1758358817
|switch|p2a: Alomomola|Alomomola, F|89/100
|turn|32
|
|t:|1758358838
|move|p2a: Alomomola|Play Rough|p1a: Dondozo
|-damage|p1a: Dondozo|47/100
|move|p1a: Dondozo|Curse|p1a: Dondozo
|-unboost|p1a: Dondozo|spe|1
|-boost|p1a: Dondozo|atk|1
|-boost|p1a: Dondozo|def|1
|
|upkeep
|turn|33
|
|t:|1758358842
|move|p2a: Alomomola|Play Rough|p1a: Dondozo|[miss]
|-miss|p2a: Alomomola|p1a: Dondozo
|move|p1a: Dondozo|Curse|p1a: Dondozo
|-boost|p1a: Dondozo|atk|1
|
|upkeep
|turn|34
|
|t:|1758358845
|move|p2a: Alomomola|Play Rough|p1a: Dondozo
|-damage|p1a: Dondozo|44/100
|move|p1a: Dondozo|Curse|p1a: Dondozo
|
|upkeep
|turn|35
|inactive|rainingdracosrn has 120 seconds left.
|
|t:|1758358899
|move|p2a: Alomomola|Play Rough|p1a: Dondozo|[miss]
|-miss|p2a: Alomomola|p1a: Dondozo
|move|p1a: Dondozo|Avalanche|p2a: Alomomola
|-resisted|p2a: Alomomola
|-crit|p2a: Alomomola
|-damage|p2a: Alomomola|56/100
|
|upkeep
|turn|36
|
|t:|1758358905
|move|p2a: Alomomola|Play Rough|p1a: Dondozo
|-damage|p1a: Dondozo|42/100
|move|p1a: Dondozo|Avalanche|p2a: Alomomola
|-resisted|p2a: Alomomola
|-damage|p2a: Alomomola|16/100
|
|upkeep
|turn|37
|inactive|rainingdracosrn has 90 seconds left.
|
|t:|1758358937
|move|p2a: Alomomola|Play Rough|p1a: Dondozo
|-damage|p1a: Dondozo|39/100
|move|p1a: Dondozo|Avalanche|p2a: Alomomola
|-resisted|p2a: Alomomola
|-damage|p2a: Alomomola|0 fnt
|faint|p2a: Alomomola
|
|upkeep
|
|t:|1758358939
|switch|p2a: Pecharunt|Pecharunt|94/100
|turn|38
|j| Albrtix
|inactive|regina george has 120 seconds left.
|
|t:|1758358982
|move|p2a: Pecharunt|Parting Shot|p1a: Dondozo
|-unboost|p1a: Dondozo|atk|1
|-unboost|p1a: Dondozo|spa|1
|move|p1a: Dondozo|Rest|p1a: Dondozo
|-status|p1a: Dondozo|slp|[from] move: Rest
|-heal|p1a: Dondozo|100/100 slp|[silent]
|
|upkeep
|turn|39
|
|t:|1758359004
|move|p2a: Pecharunt|Parting Shot|p1a: Dondozo
|-unboost|p1a: Dondozo|atk|1
|-unboost|p1a: Dondozo|spa|1
|cant|p1a: Dondozo|slp
|
|upkeep
|turn|40
|-message|rainingdracosrn forfeited.
|
|win|regina george
|n|☆regina george|reginageorge
|n|☆rainingdracosrn|rainingdracosrn
|n|*Lady Monita ☀|ladymonita
|n| Albrtix|albrtix
|l|*Lady Monita ☀
|l|☆rainingdracosrn
|player|p2|
|l|☆regina george
|player|p1|
