|j|☆mariah dhdh
|j|☆xilliat
|t:|1758262062
|gametype|singles
|player|p1|mariah dhdh|266|1393
|player|p2|xilliat|265|1390
|gen|9
|tier|[Gen 9] OU
|rated|
|rule|HP Percentage Mod: HP is shown in percentages
|rule|Endless Battle Clause: Forcing endless battles is banned
|rule|Species Clause: Limit one of each Pokémon
|rule|OHKO Clause: OHKO moves are banned
|rule|Evasion Items Clause: Evasion items are banned
|rule|Evasion Moves Clause: Evasion moves are banned
|rule|Evasion Abilities Clause: Evasion abilities are banned
|rule|Sleep Moves Clause: Sleep-inducing moves are banned
|clearpoke
|poke|p1|Hatterene, F|
|poke|p1|Iron Hands|
|poke|p1|Reuniclus, F|
|poke|p1|Ursaluna, F|
|poke|p1|Conkeldurr, F|
|poke|p1|Lokix, M|
|poke|p2|Dragapult, M|
|poke|p2|Gliscor, M|
|poke|p2|Comfey, M|
|poke|p2|Kingambit, M|
|poke|p2|Ogerpon-Wellspring, F|
|poke|p2|Blaziken, M|
|teampreview
|inactive|Battle timer is ON: inactive players will automatically lose when time's up. (requested by mariah dhdh)
|inactive|xilliat has 120 seconds left.
|
|t:|1758262136
|teamsize|p1|6
|teamsize|p2|6
|start
|switch|p1a: Hatterene|Hatterene, F|100/100
|switch|p2a: Gliscor|Gliscor, M|100/100
|turn|1
|
|t:|1758262142
|move|p2a: Gliscor|Poison Jab|p1a: Hatterene
|-supereffective|p1a: Hatterene
|-damage|p1a: Hatterene|72/100
|-status|p1a: Hatterene|psn
|-enditem|p1a: Hatterene|Red Card|[of] p2a: Gliscor
|drag|p2a: Ogerpon|Ogerpon-Wellspring, F|100/100
|move|p1a: Hatterene|Trick Room|p1a: Hatterene
|-fieldstart|move: Trick Room|[of] p1a: Hatterene
|
|-damage|p1a: Hatterene|60/100 psn|[from] psn
|upkeep
|turn|2
|
|t:|1758262155
|move|p1a: Hatterene|Nuzzle|p2a: Ogerpon
|-damage|p2a: Ogerpon|96/100
|-status|p2a: Ogerpon|par
|move|p2a: Ogerpon|U-turn|p1a: Hatterene
|-damage|p1a: Hatterene|36/100 psn
|
|t:|1758262169
|switch|p2a: Comfey|Comfey, M, shiny|100/100|[from] U-turn
|
|-damage|p1a: Hatterene|24/100 psn|[from] psn
|upkeep
|turn|3
|
|t:|1758262179
|move|p1a: Hatterene|Nuzzle|p2a: Comfey
|-damage|p2a: Comfey|96/100
|-status|p2a: Comfey|par
|move|p2a: Comfey|Substitute|p2a: Comfey
|-start|p2a: Comfey|Substitute
|-damage|p2a: Comfey|71/100 par
|
|-damage|p1a: Hatterene|12/100 psn|[from] psn
|upkeep
|turn|4
|
|t:|1758262185
|move|p1a: Hatterene|Psychic Noise|p2a: Comfey
|-damage|p2a: Comfey|37/100 par
|-start|p2a: Comfey|move: Heal Block
|move|p2a: Comfey|Calm Mind|p2a: Comfey
|-boost|p2a: Comfey|spa|1
|-boost|p2a: Comfey|spd|1
|
|-damage|p1a: Hatterene|0 fnt|[from] psn
|faint|p1a: Hatterene
|upkeep
|
|t:|1758262199
|switch|p1a: Reuniclus|Reuniclus, F|100/100
|turn|5
|
|t:|1758262211
|move|p1a: Reuniclus|Psychic|p2a: Comfey
|-end|p2a: Comfey|Substitute
|move|p2a: Comfey|Calm Mind|p2a: Comfey
|-boost|p2a: Comfey|spa|1
|-boost|p2a: Comfey|spd|1
|
|-end|p2a: Comfey|move: Heal Block
|-fieldend|move: Trick Room
|upkeep
|turn|6
|
|t:|1758262219
|cant|p2a: Comfey|par
|move|p1a: Reuniclus|Psychic|p2a: Comfey
|-damage|p2a: Comfey|3/100 par
|
|upkeep
|turn|7
|
|t:|1758262227
|move|p2a: Comfey|Draining Kiss|p1a: Reuniclus
|-damage|p1a: Reuniclus|51/100
|-heal|p2a: Comfey|55/100 par|[from] drain|[of] p1a: Reuniclus
|-damage|p2a: Comfey|45/100 par|[from] item: Life Orb
|move|p1a: Reuniclus|Psychic|p2a: Comfey
|-damage|p2a: Comfey|14/100 par
|
|upkeep
|turn|8
|
|t:|1758262252
|move|p2a: Comfey|Draining Kiss|p1a: Reuniclus
|-damage|p1a: Reuniclus|1/100
|-heal|p2a: Comfey|66/100 par|[from] drain|[of] p1a: Reuniclus
|-damage|p2a: Comfey|56/100 par|[from] item: Life Orb
|move|p1a: Reuniclus|Psychic|p2a: Comfey
|-damage|p2a: Comfey|25/100 par
|
|upkeep
|turn|9
|
|t:|1758262264
|move|p2a: Comfey|Draining Kiss|p1a: Reuniclus
|-damage|p1a: Reuniclus|0 fnt
|-heal|p2a: Comfey|26/100 par|[from] drain|[of] p1a: Reuniclus
|faint|p1a: Reuniclus
|-damage|p2a: Comfey|16/100 par|[from] item: Life Orb
|
|upkeep
|
|t:|1758262269
|switch|p1a: Conkeldurr|Conkeldurr, F|100/100
|turn|10
|
|t:|1758262273
|move|p2a: Comfey|Draining Kiss|p1a: Conkeldurr
|-supereffective|p1a: Conkeldurr
|-damage|p1a: Conkeldurr|0 fnt
|-heal|p2a: Comfey|100/100 par|[from] drain|[of] p1a: Conkeldurr
|faint|p1a: Conkeldurr
|-damage|p2a: Comfey|91/100 par|[from] item: Life Orb
|
|upkeep
|-message|mariah dhdh forfeited.
|
|win|xilliat
|raw|mariah dhdh's rating: 1393 &rarr; <strong>1373</strong><br />(-20 for losing)
|raw|xilliat's rating: 1390 &rarr; <strong>1410</strong><br />(+20 for winning)
|l|☆mariah dhdh
|player|p1|
|l|☆xilliat
|player|p2|
