|j|☆Antwan670
|j|☆Usbsns
|t:|1758375445
|gametype|singles
|player|p1|Antwan670|2|1074
|player|p2|Usbsns|169|1055
|gen|9
|tier|[Gen 9] OU
|rated|
|rule|HP Percentage Mod: HP is shown in percentages
|rule|Endless Battle Clause: Forcing endless battles is banned
|rule|Species Clause: Limit one of each Pokémon
|rule|OHKO Clause: OHKO moves are banned
|rule|Evasion Items Clause: Evasion items are banned
|rule|Evasion Moves Clause: Evasion moves are banned
|rule|Evasion Abilities Clause: Evasion abilities are banned
|rule|Sleep Moves Clause: Sleep-inducing moves are banned
|clearpoke
|poke|p1|Dragonite, F|
|poke|p1|Metagross|
|poke|p1|Typhlosion, M|
|poke|p1|Espeon, F|
|poke|p1|Sceptile, M|
|poke|p1|Blastoise, F|
|poke|p2|Hitmonchan, M|
|poke|p2|Alomomola, M|
|poke|p2|Primarina, M|
|poke|p2|Farigiraf, F|
|poke|p2|Tauros, M|
|poke|p2|Cinderace, M|
|teampreview
|inactive|Battle timer is ON: inactive players will automatically lose when time's up. (requested by Usbsns)
|
|t:|1758375469
|teamsize|p1|6
|teamsize|p2|6
|start
|switch|p1a: Dragonite|Dragonite, F|100/100
|switch|p2a: Primarina|Primarina, M|100/100
|turn|1
|
|t:|1758375480
|-terastallize|p1a: Dragonite|Normal
|move|p1a: Dragonite|Dragon Dance|p1a: Dragonite
|-boost|p1a: Dragonite|atk|1
|-boost|p1a: Dragonite|spe|1
|move|p2a: Primarina|Ice Beam|p1a: Dragonite
|-damage|p1a: Dragonite|84/100
|
|upkeep
|turn|2
|
|t:|1758375489
|move|p1a: Dragonite|Dragon Dance|p1a: Dragonite
|-boost|p1a: Dragonite|atk|1
|-boost|p1a: Dragonite|spe|1
|move|p2a: Primarina|Alluring Voice|p1a: Dragonite
|-crit|p1a: Dragonite
|-damage|p1a: Dragonite|15/100
|-start|p1a: Dragonite|confusion
|
|upkeep
|turn|3
|
|t:|1758375497
|-activate|p1a: Dragonite|confusion
|move|p1a: Dragonite|Thunder Punch|p2a: Primarina
|-supereffective|p2a: Primarina
|-damage|p2a: Primarina|0 fnt
|faint|p2a: Primarina
|
|upkeep
|
|t:|1758375515
|switch|p2a: Alomomola|Alomomola, M|100/100
|turn|4
|
|t:|1758375521
|-activate|p1a: Dragonite|confusion
|-damage|p1a: Dragonite|0 fnt|[from] confusion
|faint|p1a: Dragonite
|move|p2a: Alomomola|Alluring Voice|p1: Dragonite|[notarget]
|-fail|p2a: Alomomola
|
|upkeep
|
|t:|1758375531
|switch|p1a: Sceptile|Sceptile, M|100/100
|turn|5
|
|t:|1758375538
|switch|p2a: Hitmonchan|Hitmonchan, M|100/100
|move|p1a: Sceptile|Giga Drain|p2a: Hitmonchan
|-damage|p2a: Hitmonchan|65/100
|
|upkeep
|turn|6
|
|t:|1758375548
|move|p1a: Sceptile|Giga Drain|p2a: Hitmonchan
|-damage|p2a: Hitmonchan|28/100
|move|p2a: Hitmonchan|Ice Punch|p1a: Sceptile
|-supereffective|p1a: Sceptile
|-enditem|p1a: Sceptile|Focus Sash
|-damage|p1a: Sceptile|1/100
|
|upkeep
|turn|7
|
|t:|1758375558
|move|p1a: Sceptile|Giga Drain|p2a: Hitmonchan
|-damage|p2a: Hitmonchan|0 fnt
|-heal|p1a: Sceptile|16/100|[from] drain|[of] p2a: Hitmonchan
|faint|p2a: Hitmonchan
|
|upkeep
|
|t:|1758375569
|switch|p2a: Tauros|Tauros, M|100/100
|turn|8
|
|t:|1758375574
|move|p1a: Sceptile|Endeavor|p2a: Tauros
|-damage|p2a: Tauros|15/100
|move|p2a: Tauros|Body Slam|p1a: Sceptile
|-damage|p1a: Sceptile|0 fnt
|faint|p1a: Sceptile
|
|upkeep
|
|t:|1758375591
|switch|p1a: Typhlosion|Typhlosion, M|100/100
|turn|9
|
|t:|1758375600
|move|p1a: Typhlosion|Eruption|p2a: Tauros
|-damage|p2a: Tauros|0 fnt
|faint|p2a: Tauros
|
|upkeep
|
|t:|1758375606
|switch|p2a: Alomomola|Alomomola, M|100/100
|turn|10
|
|t:|1758375612
|move|p1a: Typhlosion|Eruption|p2a: Alomomola
|-resisted|p2a: Alomomola
|-damage|p2a: Alomomola|55/100
|move|p2a: Alomomola|Aqua Ring|p2a: Alomomola
|-start|p2a: Alomomola|Aqua Ring
|
|-heal|p2a: Alomomola|61/100|[from] item: Leftovers
|-heal|p2a: Alomomola|67/100|[from] Aqua Ring
|upkeep
|turn|11
|
|t:|1758375624
|move|p2a: Alomomola|Protect|p2a: Alomomola
|-singleturn|p2a: Alomomola|Protect
|move|p1a: Typhlosion|Eruption|p2a: Alomomola
|-activate|p2a: Alomomola|move: Protect
|
|-heal|p2a: Alomomola|73/100|[from] item: Leftovers
|-heal|p2a: Alomomola|80/100|[from] Aqua Ring
|upkeep
|turn|12
|
|t:|1758375634
|move|p1a: Typhlosion|Eruption|p2a: Alomomola
|-resisted|p2a: Alomomola
|-damage|p2a: Alomomola|34/100
|move|p2a: Alomomola|Whirlpool|p1a: Typhlosion
|-supereffective|p1a: Typhlosion
|-damage|p1a: Typhlosion|86/100
|-activate|p1a: Typhlosion|move: Whirlpool|[of] p2a: Alomomola
|
|-heal|p2a: Alomomola|41/100|[from] item: Leftovers
|-heal|p2a: Alomomola|47/100|[from] Aqua Ring
|-damage|p1a: Typhlosion|73/100|[from] move: Whirlpool|[partiallytrapped]
|upkeep
|turn|13
|
|t:|1758375646
|move|p2a: Alomomola|Protect|p2a: Alomomola
|-singleturn|p2a: Alomomola|Protect
|move|p1a: Typhlosion|Eruption|p2a: Alomomola
|-activate|p2a: Alomomola|move: Protect
|
|-heal|p2a: Alomomola|53/100|[from] item: Leftovers
|-heal|p2a: Alomomola|59/100|[from] Aqua Ring
|-damage|p1a: Typhlosion|61/100|[from] move: Whirlpool|[partiallytrapped]
|upkeep
|turn|14
|
|t:|1758375659
|move|p1a: Typhlosion|Eruption|p2a: Alomomola
|-resisted|p2a: Alomomola
|-damage|p2a: Alomomola|32/100
|move|p2a: Alomomola|Alluring Voice|p1a: Typhlosion
|-resisted|p1a: Typhlosion
|-damage|p1a: Typhlosion|56/100
|
|-heal|p2a: Alomomola|38/100|[from] item: Leftovers
|-heal|p2a: Alomomola|44/100|[from] Aqua Ring
|-damage|p1a: Typhlosion|44/100|[from] move: Whirlpool|[partiallytrapped]
|upkeep
|turn|15
|
|t:|1758375670
|move|p2a: Alomomola|Protect|p2a: Alomomola
|-singleturn|p2a: Alomomola|Protect
|move|p1a: Typhlosion|Eruption|p2a: Alomomola
|-activate|p2a: Alomomola|move: Protect
|
|-heal|p2a: Alomomola|50/100|[from] item: Leftovers
|-heal|p2a: Alomomola|56/100|[from] Aqua Ring
|-damage|p1a: Typhlosion|31/100|[from] move: Whirlpool|[partiallytrapped]
|upkeep
|turn|16
|
|t:|1758375681
|move|p1a: Typhlosion|Eruption|p2a: Alomomola
|-resisted|p2a: Alomomola
|-damage|p2a: Alomomola|42/100
|move|p2a: Alomomola|Alluring Voice|p1a: Typhlosion
|-resisted|p1a: Typhlosion
|-damage|p1a: Typhlosion|26/100
|
|-heal|p2a: Alomomola|48/100|[from] item: Leftovers
|-heal|p2a: Alomomola|55/100|[from] Aqua Ring
|-end|p1a: Typhlosion|Whirlpool|[partiallytrapped]
|upkeep
|turn|17
|
|t:|1758375692
|move|p2a: Alomomola|Protect|p2a: Alomomola
|-singleturn|p2a: Alomomola|Protect
|-activate|p1a: Typhlosion|move: Struggle
|move|p1a: Typhlosion|Struggle|p2a: Alomomola
|-activate|p2a: Alomomola|move: Protect
|
|-heal|p2a: Alomomola|61/100|[from] item: Leftovers
|-heal|p2a: Alomomola|67/100|[from] Aqua Ring
|upkeep
|turn|18
|
|t:|1758375701
|-activate|p1a: Typhlosion|move: Struggle
|move|p1a: Typhlosion|Struggle|p2a: Alomomola
|-damage|p2a: Alomomola|63/100
|-damage|p1a: Typhlosion|1/100|[from] recoil
|move|p2a: Alomomola|Whirlpool|p1a: Typhlosion
|-supereffective|p1a: Typhlosion
|-damage|p1a: Typhlosion|0 fnt
|faint|p1a: Typhlosion
|
|-heal|p2a: Alomomola|69/100|[from] item: Leftovers
|-heal|p2a: Alomomola|75/100|[from] Aqua Ring
|upkeep
|
|t:|1758375720
|switch|p1a: Metagross|Metagross|100/100
|-item|p1a: Metagross|Air Balloon
|turn|19
|
|t:|1758375727
|move|p2a: Alomomola|Protect|p2a: Alomomola
|-singleturn|p2a: Alomomola|Protect
|move|p1a: Metagross|Hone Claws|p1a: Metagross
|-boost|p1a: Metagross|atk|1
|-boost|p1a: Metagross|accuracy|1
|
|-heal|p2a: Alomomola|81/100|[from] item: Leftovers
|-heal|p2a: Alomomola|87/100|[from] Aqua Ring
|upkeep
|turn|20
|
|t:|1758375736
|move|p1a: Metagross|Psychic Fangs|p2a: Alomomola
|-damage|p2a: Alomomola|49/100
|move|p2a: Alomomola|Whirlpool|p1a: Metagross|[miss]
|-miss|p2a: Alomomola|p1a: Metagross
|
|-heal|p2a: Alomomola|55/100|[from] item: Leftovers
|-heal|p2a: Alomomola|61/100|[from] Aqua Ring
|upkeep
|turn|21
|
|t:|1758375746
|move|p1a: Metagross|Hone Claws|p1a: Metagross
|-boost|p1a: Metagross|atk|1
|-boost|p1a: Metagross|accuracy|1
|move|p2a: Alomomola|Whirlpool|p1a: Metagross
|-damage|p1a: Metagross|95/100
|-activate|p1a: Metagross|move: Whirlpool|[of] p2a: Alomomola
|-enditem|p1a: Metagross|Air Balloon
|
|-heal|p2a: Alomomola|68/100|[from] item: Leftovers
|-heal|p2a: Alomomola|74/100|[from] Aqua Ring
|-damage|p1a: Metagross|82/100|[from] move: Whirlpool|[partiallytrapped]
|upkeep
|turn|22
|
|t:|1758375758
|move|p2a: Alomomola|Protect|p2a: Alomomola
|-singleturn|p2a: Alomomola|Protect
|move|p1a: Metagross|Hone Claws|p1a: Metagross
|-boost|p1a: Metagross|atk|1
|-boost|p1a: Metagross|accuracy|1
|
|-heal|p2a: Alomomola|80/100|[from] item: Leftovers
|-heal|p2a: Alomomola|86/100|[from] Aqua Ring
|-damage|p1a: Metagross|70/100|[from] move: Whirlpool|[partiallytrapped]
|upkeep
|turn|23
|
|t:|1758375769
|move|p1a: Metagross|Psychic Fangs|p2a: Alomomola
|-damage|p2a: Alomomola|16/100
|move|p2a: Alomomola|Alluring Voice|p1a: Metagross
|-resisted|p1a: Metagross
|-damage|p1a: Metagross|66/100
|
|-heal|p2a: Alomomola|23/100|[from] item: Leftovers
|-heal|p2a: Alomomola|29/100|[from] Aqua Ring
|-damage|p1a: Metagross|54/100|[from] move: Whirlpool|[partiallytrapped]
|upkeep
|turn|24
|
|t:|1758375780
|move|p1a: Metagross|Hone Claws|p1a: Metagross
|-boost|p1a: Metagross|atk|1
|-boost|p1a: Metagross|accuracy|1
|move|p2a: Alomomola|Alluring Voice|p1a: Metagross
|-resisted|p1a: Metagross
|-damage|p1a: Metagross|50/100
|-start|p1a: Metagross|confusion
|
|-heal|p2a: Alomomola|35/100|[from] item: Leftovers
|-heal|p2a: Alomomola|41/100|[from] Aqua Ring
|-damage|p1a: Metagross|37/100|[from] move: Whirlpool|[partiallytrapped]
|upkeep
|turn|25
|
|t:|1758375793
|move|p2a: Alomomola|Protect|p2a: Alomomola
|-singleturn|p2a: Alomomola|Protect
|-activate|p1a: Metagross|confusion
|move|p1a: Metagross|Hone Claws|p1a: Metagross
|-boost|p1a: Metagross|atk|1
|-boost|p1a: Metagross|accuracy|1
|
|-heal|p2a: Alomomola|47/100|[from] item: Leftovers
|-heal|p2a: Alomomola|53/100|[from] Aqua Ring
|-end|p1a: Metagross|Whirlpool|[partiallytrapped]
|upkeep
|turn|26
|
|t:|1758375803
|-activate|p1a: Metagross|confusion
|move|p1a: Metagross|Psychic Fangs|p2a: Alomomola
|-damage|p2a: Alomomola|0 fnt
|faint|p2a: Alomomola
|
|upkeep
|
|t:|1758375811
|switch|p2a: Cinderace|Cinderace, M|100/100
|turn|27
|
|t:|1758375818
|-activate|p1a: Metagross|confusion
|move|p1a: Metagross|Bullet Punch|p2a: Cinderace
|-resisted|p2a: Cinderace
|-crit|p2a: Cinderace
|-damage|p2a: Cinderace|6/100
|move|p2a: Cinderace|Pyro Ball|p1a: Metagross
|-supereffective|p1a: Metagross
|-damage|p1a: Metagross|0 fnt
|faint|p1a: Metagross
|
|upkeep
|
|t:|1758375826
|switch|p1a: Blastoise|Blastoise, F|100/100
|turn|28
|
|t:|1758375835
|move|p1a: Blastoise|Fake Out|p2a: Cinderace
|-damage|p2a: Cinderace|0 fnt
|faint|p2a: Cinderace
|
|upkeep
|
|t:|1758375839
|switch|p2a: Farigiraf|Farigiraf, F|100/100
|turn|29
|
|t:|1758375844
|move|p2a: Farigiraf|Energy Ball|p1a: Blastoise
|-supereffective|p1a: Blastoise
|-damage|p1a: Blastoise|62/100
|move|p1a: Blastoise|Dark Pulse|p2a: Farigiraf
|-supereffective|p2a: Farigiraf
|-damage|p2a: Farigiraf|47/100
|
|upkeep
|turn|30
|
|t:|1758375852
|-terastallize|p2a: Farigiraf|Normal
|move|p2a: Farigiraf|Thunderbolt|p1a: Blastoise
|-supereffective|p1a: Blastoise
|-damage|p1a: Blastoise|23/100
|-status|p1a: Blastoise|par
|move|p1a: Blastoise|Dark Pulse|p2a: Farigiraf
|-damage|p2a: Farigiraf|19/100
|-enditem|p2a: Farigiraf|Wiki Berry|[eat]
|-heal|p2a: Farigiraf|52/100|[from] item: Wiki Berry
|
|upkeep
|turn|31
|
|t:|1758375868
|move|p2a: Farigiraf|Agility|p2a: Farigiraf
|-boost|p2a: Farigiraf|spe|2
|move|p1a: Blastoise|Hydro Cannon|p2a: Farigiraf
|-damage|p2a: Farigiraf|0 fnt
|-mustrecharge|p1a: Blastoise
|faint|p2a: Farigiraf
|
|win|Antwan670
|raw|Antwan670's rating: 1074 &rarr; <strong>1101</strong><br />(+27 for winning)
|raw|Usbsns's rating: 1055 &rarr; <strong>1038</strong><br />(-17 for losing)
|c|☆Antwan670|gg
|l|☆Usbsns
|player|p2|
|l|☆Antwan670
|player|p1|
