|j|☆abigolname
|j|☆WQX jiahe
|t:|1758341383
|gametype|singles
|player|p1|abigolname|ingo|1315
|player|p2|WQX jiahe|rosa-masters|1288
|gen|9
|tier|[Gen 9] OU
|rated|
|rule|HP Percentage Mod: HP is shown in percentages
|rule|Endless Battle Clause: Forcing endless battles is banned
|rule|Species Clause: Limit one of each Pokémon
|rule|OHKO Clause: OHKO moves are banned
|rule|Evasion Items Clause: Evasion items are banned
|rule|Evasion Moves Clause: Evasion moves are banned
|rule|Evasion Abilities Clause: Evasion abilities are banned
|rule|Sleep Moves Clause: Sleep-inducing moves are banned
|clearpoke
|poke|p1|Dragonite, F|
|poke|p1|Gholdengo|
|poke|p1|Regidrago|
|poke|p1|Scizor, F|
|poke|p1|Ting-Lu|
|poke|p1|Weezing-Galar, F|
|poke|p2|Hydrapple, M|
|poke|p2|Primarina, M|
|poke|p2|Great Tusk|
|poke|p2|Moltres|
|poke|p2|Dragapult, F|
|poke|p2|Kingambit, M|
|teampreview
|inactive|Battle timer is ON: inactive players will automatically lose when time's up. (requested by WQX jiahe)
|
|t:|1758341409
|teamsize|p1|6
|teamsize|p2|6
|start
|switch|p1a: Ting-Lu|Ting-Lu|100/100
|switch|p2a: Primarina|Primarina, M|100/100
|-ability|p1a: Ting-Lu|Vessel of Ruin
|turn|1
|
|t:|1758341413
|move|p2a: Primarina|Surf|p1a: Ting-Lu
|-supereffective|p1a: Ting-Lu
|-damage|p1a: Ting-Lu|43/100
|move|p1a: Ting-Lu|Stealth Rock|p2a: Primarina
|-sidestart|p2: WQX jiahe|move: Stealth Rock
|
|-heal|p1a: Ting-Lu|49/100|[from] item: Leftovers
|upkeep
|turn|2
|inactive|abigolname has 120 seconds left.
|
|t:|1758341445
|move|p2a: Primarina|Surf|p1a: Ting-Lu
|-supereffective|p1a: Ting-Lu
|-damage|p1a: Ting-Lu|0 fnt
|faint|p1a: Ting-Lu
|
|upkeep
|
|t:|1758341450
|switch|p1a: Scizor|Scizor, F|100/100
|turn|3
|
|t:|1758341453
|move|p1a: Scizor|U-turn|p2a: Primarina
|-resisted|p2a: Primarina
|-damage|p2a: Primarina|60/100
|
|t:|1758341463
|switch|p1a: Gholdengo|Gholdengo|100/100|[from] U-turn
|move|p2a: Primarina|Surf|p1a: Gholdengo
|-damage|p1a: Gholdengo|13/100
|
|upkeep
|turn|4
|
|t:|1758341470
|move|p1a: Gholdengo|Make It Rain|p2a: Primarina
|-damage|p2a: Primarina|0 fnt
|-unboost|p1a: Gholdengo|spa|1
|faint|p2a: Primarina
|
|upkeep
|
|t:|1758341474
|switch|p2a: Dragapult|Dragapult, F|100/100
|-damage|p2a: Dragapult|88/100|[from] Stealth Rock
|turn|5
|
|t:|1758341489
|switch|p1a: Weezing|Weezing-Galar, F|100/100
|-ability|p1a: Weezing|Neutralizing Gas
|-terastallize|p2a: Dragapult|Ghost
|move|p2a: Dragapult|Tera Blast|p1a: Weezing|[anim] Tera Blast Ghost
|-damage|p1a: Weezing|48/100
|
|upkeep
|turn|6
|
|t:|1758341510
|move|p2a: Dragapult|Tera Blast|p1a: Weezing|[anim] Tera Blast Ghost
|-damage|p1a: Weezing|0 fnt
|faint|p1a: Weezing
|-end|p1a: Weezing|ability: Neutralizing Gas
|
|upkeep
|
|t:|1758341513
|switch|p1a: Regidrago|Regidrago|100/100
|turn|7
|
|t:|1758341516
|move|p1a: Regidrago|Dragon Energy|p2a: Dragapult
|-damage|p2a: Dragapult|0 fnt
|faint|p2a: Dragapult
|
|upkeep
|
|t:|1758341521
|switch|p2a: Kingambit|Kingambit, M|100/100
|-damage|p2a: Kingambit|94/100|[from] Stealth Rock
|-activate|p2a: Kingambit|ability: Supreme Overlord
|-start|p2a: Kingambit|fallen2|[silent]
|turn|8
|
|t:|1758341526
|switch|p1a: Gholdengo|Gholdengo|13/100
|move|p2a: Kingambit|Kowtow Cleave|p1a: Gholdengo
|-supereffective|p1a: Gholdengo
|-damage|p1a: Gholdengo|0 fnt
|faint|p1a: Gholdengo
|
|-heal|p2a: Kingambit|100/100|[from] item: Leftovers
|upkeep
|
|t:|1758341533
|switch|p1a: Scizor|Scizor, F|100/100
|turn|9
|
|t:|1758341538
|-end|p2a: Kingambit|fallen2|[silent]
|switch|p2a: Moltres|Moltres|100/100
|move|p1a: Scizor|U-turn|p2a: Moltres
|-resisted|p2a: Moltres
|-crit|p2a: Moltres
|-damage|p2a: Moltres|81/100
|-status|p1a: Scizor|brn|[from] ability: Flame Body|[of] p2a: Moltres
|
|t:|1758341543
|switch|p1a: Regidrago|Regidrago|100/100|[from] U-turn
|
|upkeep
|turn|10
|
|t:|1758341551
|move|p1a: Regidrago|Dragon Energy|p2a: Moltres
|-damage|p2a: Moltres|4/100
|move|p2a: Moltres|Hurricane|p1a: Regidrago
|-damage|p1a: Regidrago|52/100
|-start|p1a: Regidrago|confusion
|
|upkeep
|turn|11
|
|t:|1758341557
|switch|p1a: Scizor|Scizor, F|100/100 brn
|move|p2a: Moltres|Roost|p2a: Moltres
|-heal|p2a: Moltres|54/100
|-singleturn|p2a: Moltres|move: Roost
|
|-damage|p1a: Scizor|94/100 brn|[from] brn
|upkeep
|turn|12
|
|t:|1758341562
|move|p2a: Moltres|Roost|p2a: Moltres
|-heal|p2a: Moltres|100/100
|-singleturn|p2a: Moltres|move: Roost
|move|p1a: Scizor|Knock Off|p2a: Moltres
|-damage|p2a: Moltres|77/100
|-enditem|p2a: Moltres|Heavy-Duty Boots|[from] move: Knock Off|[of] p1a: Scizor
|
|-damage|p1a: Scizor|88/100 brn|[from] brn
|upkeep
|turn|13
|
|t:|1758341570
|move|p2a: Moltres|Flamethrower|p1a: Scizor
|-supereffective|p1a: Scizor
|-damage|p1a: Scizor|0 fnt
|faint|p1a: Scizor
|
|upkeep
|
|t:|1758341574
|switch|p1a: Regidrago|Regidrago|52/100
|turn|14
|
|t:|1758341580
|move|p1a: Regidrago|Draco Meteor|p2a: Moltres|[miss]
|-miss|p1a: Regidrago|p2a: Moltres
|move|p2a: Moltres|Hurricane|p1a: Regidrago
|-damage|p1a: Regidrago|0 fnt
|faint|p1a: Regidrago
|
|upkeep
|
|t:|1758341583
|switch|p1a: Dragonite|Dragonite, F|100/100
|turn|15
|
|t:|1758341586
|move|p1a: Dragonite|Dragon Dance|p1a: Dragonite
|-boost|p1a: Dragonite|atk|1
|-boost|p1a: Dragonite|spe|1
|move|p2a: Moltres|Hurricane|p1a: Dragonite
|-damage|p1a: Dragonite|79/100
|
|upkeep
|turn|16
|
|t:|1758341597
|move|p1a: Dragonite|Roost|p1a: Dragonite
|-heal|p1a: Dragonite|100/100
|-singleturn|p1a: Dragonite|move: Roost
|move|p2a: Moltres|U-turn|p1a: Dragonite
|-damage|p1a: Dragonite|93/100
|
|t:|1758341602
|switch|p2a: Great Tusk|Great Tusk|100/100|[from] U-turn
|
|upkeep
|turn|17
|
|t:|1758341609
|-terastallize|p1a: Dragonite|Normal
|move|p1a: Dragonite|Extreme Speed|p2a: Great Tusk
|-damage|p2a: Great Tusk|52/100
|move|p2a: Great Tusk|Ice Spinner|p1a: Dragonite
|-damage|p1a: Dragonite|66/100
|
|upkeep
|turn|18
|
|t:|1758341621
|move|p1a: Dragonite|Extreme Speed|p2a: Great Tusk
|-damage|p2a: Great Tusk|0 fnt
|faint|p2a: Great Tusk
|-end|p2a: Great Tusk|Protosynthesis|[silent]
|
|upkeep
|
|t:|1758341625
|switch|p2a: Kingambit|Kingambit, M|100/100
|-damage|p2a: Kingambit|94/100|[from] Stealth Rock
|-activate|p2a: Kingambit|ability: Supreme Overlord
|-start|p2a: Kingambit|fallen3|[silent]
|turn|19
|
|t:|1758341627
|move|p1a: Dragonite|Earthquake|p2a: Kingambit
|-supereffective|p2a: Kingambit
|-damage|p2a: Kingambit|2/100
|move|p2a: Kingambit|Kowtow Cleave|p1a: Dragonite
|-damage|p1a: Dragonite|0 fnt
|faint|p1a: Dragonite
|
|win|WQX jiahe
|raw|abigolname's rating: 1315 &rarr; <strong>1293</strong><br />(-22 for losing)
|raw|WQX jiahe's rating: 1288 &rarr; <strong>1315</strong><br />(+27 for winning)
|l|☆WQX jiahe
|player|p2|
