|j|☆2muchradio
|j|☆tetsuo_kaneda
|t:|1758234644
|gametype|singles
|player|p1|2muchradio|sabrina|1481
|player|p2|tetsuo_kaneda|riley|1526
|gen|9
|tier|[Gen 9] OU
|rated|
|rule|HP Percentage Mod: HP is shown in percentages
|rule|Endless Battle Clause: Forcing endless battles is banned
|rule|Species Clause: Limit one of each Pokémon
|rule|OHKO Clause: OHKO moves are banned
|rule|Evasion Items Clause: Evasion items are banned
|rule|Evasion Moves Clause: Evasion moves are banned
|rule|Evasion Abilities Clause: Evasion abilities are banned
|rule|Sleep Moves Clause: Sleep-inducing moves are banned
|clearpoke
|poke|p1|Haxorus, F|
|poke|p1|Skarmory, M|
|poke|p1|Blissey, F|
|poke|p1|Misdreavus, F|
|poke|p1|Great Tusk|
|poke|p1|Breloom, M|
|poke|p2|Dragonite, M|
|poke|p2|Darkrai|
|poke|p2|Cinderace, M|
|poke|p2|Slowking-Galar, M|
|poke|p2|Alomomola, M|
|poke|p2|Raging Bolt|
|teampreview
|inactive|Battle timer is ON: inactive players will automatically lose when time's up. (requested by 2muchradio)
|inactive|tetsuo_kaneda has 120 seconds left.
|
|t:|1758234678
|teamsize|p1|6
|teamsize|p2|6
|start
|switch|p1a: Breloom|Breloom, M|100/100
|switch|p2a: Darkrai|Darkrai, shiny|100/100
|turn|1
|
|t:|1758234691
|switch|p2a: Alomomola|Alomomola, M, shiny|100/100
|move|p1a: Breloom|Mach Punch|p2a: Alomomola
|-damage|p2a: Alomomola|75/100
|-damage|p1a: Breloom|84/100|[from] item: Rocky Helmet|[of] p2a: Alomomola
|
|upkeep
|turn|2
|
|t:|1758234699
|switch|p1a: Skarmory|Skarmory, M|100/100
|move|p2a: Alomomola|Flip Turn|p1a: Skarmory
|-damage|p1a: Skarmory|90/100
|-damage|p2a: Alomomola|58/100|[from] item: Rocky Helmet|[of] p1a: Skarmory
|
|t:|1758234707
|switch|p2a: Cinderace|Cinderace, M, shiny|100/100|[from] Flip Turn
|
|upkeep
|turn|3
|
|t:|1758234715
|switch|p1a: Great Tusk|Great Tusk|100/100
|move|p2a: Cinderace|Pyro Ball|p1a: Great Tusk
|-damage|p1a: Great Tusk|64/100
|
|upkeep
|turn|4
|
|t:|1758234725
|move|p2a: Cinderace|High Jump Kick|p1a: Great Tusk
|-start|p2a: Cinderace|typechange|Fighting|[from] ability: Libero
|-damage|p1a: Great Tusk|22/100
|move|p1a: Great Tusk|Headlong Rush|p2a: Cinderace
|-damage|p2a: Cinderace|10/100
|-unboost|p1a: Great Tusk|def|1
|-unboost|p1a: Great Tusk|spd|1
|
|upkeep
|turn|5
|
|t:|1758234741
|move|p2a: Cinderace|Pyro Ball|p1a: Great Tusk
|-damage|p1a: Great Tusk|0 fnt
|faint|p1a: Great Tusk
|-end|p1a: Great Tusk|Protosynthesis|[silent]
|
|upkeep
|
|t:|1758234745
|switch|p1a: Breloom|Breloom, M|84/100
|turn|6
|
|t:|1758234751
|switch|p2a: Alomomola|Alomomola, M, shiny|91/100
|move|p1a: Breloom|Bullet Seed|p2a: Alomomola
|-supereffective|p2a: Alomomola
|-damage|p2a: Alomomola|54/100
|-supereffective|p2a: Alomomola
|-damage|p2a: Alomomola|21/100
|-supereffective|p2a: Alomomola
|-damage|p2a: Alomomola|0 fnt
|faint|p2a: Alomomola
|-hitcount|p2: Alomomola|3
|
|upkeep
|
|t:|1758234769
|switch|p2a: Dragonite|Dragonite, M, shiny|100/100
|turn|7
|
|t:|1758234776
|switch|p1a: Misdreavus|Misdreavus, F|100/100
|move|p2a: Dragonite|Dragon Dance|p2a: Dragonite
|-boost|p2a: Dragonite|atk|1
|-boost|p2a: Dragonite|spe|1
|
|upkeep
|turn|8
|
|t:|1758234785
|move|p2a: Dragonite|Earthquake|p1a: Misdreavus
|-immune|p1a: Misdreavus|[from] ability: Levitate
|move|p1a: Misdreavus|Will-O-Wisp|p2a: Dragonite
|-status|p2a: Dragonite|brn
|
|-damage|p2a: Dragonite|94/100 brn|[from] brn
|upkeep
|turn|9
|
|t:|1758234807
|switch|p2a: Raging Bolt|Raging Bolt|100/100
|-enditem|p2a: Raging Bolt|Booster Energy
|-activate|p2a: Raging Bolt|ability: Protosynthesis|[fromitem]
|-start|p2a: Raging Bolt|protosynthesisspa
|move|p1a: Misdreavus|Night Shade|p2a: Raging Bolt
|-damage|p2a: Raging Bolt|75/100
|
|upkeep
|turn|10
|
|t:|1758234817
|switch|p1a: Blissey|Blissey, F|100/100
|move|p2a: Raging Bolt|Calm Mind|p2a: Raging Bolt
|-boost|p2a: Raging Bolt|spa|1
|-boost|p2a: Raging Bolt|spd|1
|
|upkeep
|turn|11
|
|t:|1758234823
|move|p2a: Raging Bolt|Calm Mind|p2a: Raging Bolt
|-boost|p2a: Raging Bolt|spa|1
|-boost|p2a: Raging Bolt|spd|1
|move|p1a: Blissey|Seismic Toss|p2a: Raging Bolt
|-damage|p2a: Raging Bolt|49/100
|
|upkeep
|turn|12
|
|t:|1758234830
|move|p2a: Raging Bolt|Thunderbolt|p1a: Blissey
|-damage|p1a: Blissey|54/100
|move|p1a: Blissey|Seismic Toss|p2a: Raging Bolt
|-damage|p2a: Raging Bolt|24/100
|
|upkeep
|turn|13
|
|t:|1758234860
|move|p2a: Raging Bolt|Thunderbolt|p1a: Blissey
|-damage|p1a: Blissey|6/100
|move|p1a: Blissey|Seismic Toss|p2a: Raging Bolt
|-damage|p2a: Raging Bolt|0 fnt
|faint|p2a: Raging Bolt
|-end|p2a: Raging Bolt|Protosynthesis|[silent]
|
|upkeep
|
|t:|1758234870
|switch|p2a: Cinderace|Cinderace, M, shiny|10/100
|turn|14
|
|t:|1758234880
|switch|p1a: Skarmory|Skarmory, M|90/100
|move|p2a: Cinderace|Pyro Ball|p1a: Skarmory
|-supereffective|p1a: Skarmory
|-damage|p1a: Skarmory|21/100
|
|upkeep
|turn|15
|
|t:|1758234887
|move|p2a: Cinderace|Pyro Ball|p1a: Skarmory
|-supereffective|p1a: Skarmory
|-damage|p1a: Skarmory|0 fnt
|faint|p1a: Skarmory
|
|upkeep
|
|t:|1758234890
|switch|p1a: Breloom|Breloom, M|84/100
|turn|16
|
|t:|1758234904
|switch|p2a: Slowking|Slowking-Galar, M, shiny|100/100
|switch|p1a: Blissey|Blissey, F|6/100
|
|upkeep
|turn|17
|
|t:|1758234910
|move|p1a: Blissey|Soft-Boiled|p1a: Blissey
|-heal|p1a: Blissey|56/100
|move|p2a: Slowking|Psychic Noise|p1a: Blissey
|-damage|p1a: Blissey|43/100
|-start|p1a: Blissey|move: Heal Block
|
|upkeep
|turn|18
|l|☆tetsuo_kaneda
|inactive|tetsuo_kaneda disconnected and has a minute to reconnect!
|player|p2|
|inactive|tetsuo_kaneda has 30 seconds to reconnect!
|inactive|tetsuo_kaneda has 20 seconds to reconnect!
|inactive|tetsuo_kaneda has 15 seconds to reconnect!
|inactive|tetsuo_kaneda has 10 seconds to reconnect!
|inactive|tetsuo_kaneda has 5 seconds to reconnect!
|-message|tetsuo_kaneda lost due to inactivity.
|
|win|2muchradio
|raw|2muchradio's rating: 1481 &rarr; <strong>1504</strong><br />(+23 for winning)
|raw|tetsuo_kaneda's rating: 1526 &rarr; <strong>1503</strong><br />(-23 for losing)
