|j|☆mabzac
|j|☆jslo32193
|t:|1758309140
|gametype|singles
|player|p1|mabzac|nate|1187
|player|p2|jslo32193|lance|1160
|gen|9
|tier|[Gen 9] OU
|rated|
|rule|HP Percentage Mod: HP is shown in percentages
|rule|Endless Battle Clause: Forcing endless battles is banned
|rule|Species Clause: Limit one of each Pokémon
|rule|OHKO Clause: OHKO moves are banned
|rule|Evasion Items Clause: Evasion items are banned
|rule|Evasion Moves Clause: Evasion moves are banned
|rule|Evasion Abilities Clause: Evasion abilities are banned
|rule|Sleep Moves Clause: Sleep-inducing moves are banned
|clearpoke
|poke|p1|Brambleghast, M|
|poke|p1|Vaporeon, M|
|poke|p1|Flygon, M|
|poke|p1|Kilowattrel, M|
|poke|p1|Infernape, M|
|poke|p1|Pyroar, M|
|poke|p2|Dragonite, M|
|poke|p2|Articuno|
|poke|p2|Forretress, M|
|poke|p2|Greninja-*, M|
|poke|p2|Zapdos|
|poke|p2|Blaziken, M|
|teampreview
|
|t:|1758309151
|teamsize|p1|6
|teamsize|p2|6
|start
|switch|p1a: Pyroar|Pyroar, M|100/100
|switch|p2a: Zapdos|Zapdos, shiny|100/100
|-ability|p1a: Pyroar|Unnerve
|turn|1
|inactive|Battle timer is ON: inactive players will automatically lose when time's up. (requested by mabzac)
|
|t:|1758309169
|move|p1a: Pyroar|Hyper Voice|p2a: Zapdos
|-damage|p2a: Zapdos|54/100
|-enditem|p1a: Pyroar|Throat Spray
|-boost|p1a: Pyroar|spa|1|[from] item: Throat Spray
|move|p2a: Zapdos|Volt Switch|p1a: Pyroar
|-damage|p1a: Pyroar|46/100
|
|t:|1758309176
|switch|p2a: Greninja|Greninja, M|100/100|[from] Volt Switch
|
|upkeep
|turn|2
|
|t:|1758309182
|switch|p1a: Vaporeon|Vaporeon, M|100/100
|move|p2a: Greninja|Water Shuriken|p1a: Vaporeon
|-immune|p1a: Vaporeon|[from] ability: Water Absorb
|
|upkeep
|turn|3
|
|t:|1758309193
|switch|p2a: Articuno|Articuno|100/100
|-ability|p2a: Articuno|Pressure
|move|p1a: Vaporeon|Scald|p2a: Articuno
|-damage|p2a: Articuno|83/100
|
|upkeep
|turn|4
|
|t:|1758309216
|switch|p1a: Pyroar|Pyroar, M|46/100
|-ability|p1a: Pyroar|Unnerve
|move|p2a: Articuno|Freeze-Dry|p1a: Pyroar
|-resisted|p1a: Pyroar
|-damage|p1a: Pyroar|29/100
|
|upkeep
|turn|5
|inactive|jslo32193 has 120 seconds left.
|
|t:|1758309252
|move|p1a: Pyroar|Flamethrower|p2a: Articuno
|-supereffective|p2a: Articuno
|-damage|p2a: Articuno|38/100
|move|p2a: Articuno|Roar|p1a: Pyroar
|drag|p1a: Vaporeon|Vaporeon, M|100/100
|
|upkeep
|turn|6
|inactive|jslo32193 has 120 seconds left.
|
|t:|1758309262
|switch|p1a: Pyroar|Pyroar, M|29/100
|-ability|p1a: Pyroar|Unnerve
|move|p2a: Articuno|Roost|p2a: Articuno
|-heal|p2a: Articuno|88/100
|-singleturn|p2a: Articuno|move: Roost
|
|upkeep
|turn|7
|
|t:|1758309275
|move|p1a: Pyroar|Sunny Day|p1a: Pyroar
|-weather|SunnyDay
|move|p2a: Articuno|Freeze-Dry|p1a: Pyroar
|-resisted|p1a: Pyroar
|-damage|p1a: Pyroar|13/100
|
|-weather|SunnyDay|[upkeep]
|upkeep
|turn|8
|
|t:|1758309288
|switch|p2a: Greninja|Greninja, M|100/100
|move|p1a: Pyroar|Flamethrower|p2a: Greninja
|-resisted|p2a: Greninja
|-damage|p2a: Greninja|55/100
|
|-weather|SunnyDay|[upkeep]
|upkeep
|turn|9
|
|t:|1758309297
|switch|p1a: Vaporeon|Vaporeon, M|100/100
|move|p2a: Greninja|Water Shuriken|p1a: Vaporeon
|-immune|p1a: Vaporeon|[from] ability: Water Absorb
|
|-weather|SunnyDay|[upkeep]
|upkeep
|turn|10
|
|t:|1758309305
|move|p2a: Greninja|Dark Pulse|p1a: Vaporeon
|-damage|p1a: Vaporeon|67/100
|-damage|p2a: Greninja|45/100|[from] item: Life Orb
|cant|p1a: Vaporeon|flinch
|
|-weather|SunnyDay|[upkeep]
|-heal|p1a: Vaporeon|73/100|[from] item: Leftovers
|upkeep
|turn|11
|
|t:|1758309329
|switch|p2a: Forretress|Forretress, M|100/100
|move|p1a: Vaporeon|Protect||[still]
|-fail|p1a: Vaporeon
|
|-weather|none
|-heal|p1a: Vaporeon|79/100|[from] item: Leftovers
|upkeep
|turn|12
|
|t:|1758309337
|move|p1a: Vaporeon|Wish|p1a: Vaporeon
|move|p2a: Forretress|Stealth Rock|p1a: Vaporeon
|-sidestart|p1: mabzac|move: Stealth Rock
|
|-heal|p1a: Vaporeon|85/100|[from] item: Leftovers
|upkeep
|turn|13
|
|t:|1758309356
|switch|p1a: Infernape|Infernape, M|100/100
|-damage|p1a: Infernape|88/100|[from] Stealth Rock
|move|p2a: Forretress|Toxic Spikes|p1a: Infernape
|-sidestart|p1: mabzac|move: Toxic Spikes
|
|-heal|p1a: Infernape|100/100|[from] move: Wish|[wisher] Vaporeon
|upkeep
|turn|14
|
|t:|1758309368
|move|p1a: Infernape|Flamethrower|p2a: Forretress
|-supereffective|p2a: Forretress
|-ability|p2a: Forretress|Sturdy
|-damage|p2a: Forretress|1/100
|-damage|p1a: Infernape|91/100|[from] item: Life Orb
|move|p2a: Forretress|Explosion|p1a: Infernape
|-damage|p1a: Infernape|0 fnt
|faint|p2a: Forretress
|faint|p1a: Infernape
|
|upkeep
|inactive|mabzac has 120 seconds left.
|
|t:|1758309395
|switch|p1a: Brambleghast|Brambleghast, M|100/100
|switch|p2a: Articuno|Articuno|88/100
|-damage|p1a: Brambleghast|88/100|[from] Stealth Rock
|-status|p1a: Brambleghast|psn
|-ability|p2a: Articuno|Pressure
|turn|15
|
|t:|1758309404
|move|p1a: Brambleghast|Rapid Spin|p2a: Articuno
|-damage|p2a: Articuno|75/100
|-boost|p1a: Brambleghast|spe|1
|-sideend|p1: mabzac|Toxic Spikes|[from] move: Rapid Spin|[of] p1a: Brambleghast
|-sideend|p1: mabzac|Stealth Rock|[from] move: Rapid Spin|[of] p1a: Brambleghast
|move|p2a: Articuno|Freeze-Dry|p1a: Brambleghast
|-supereffective|p1a: Brambleghast
|-damage|p1a: Brambleghast|7/100 psn
|
|-heal|p1a: Brambleghast|13/100 psn|[from] item: Leftovers
|-damage|p1a: Brambleghast|1/100 psn|[from] psn
|upkeep
|turn|16
|inactive|mabzac has 120 seconds left.
|
|t:|1758309424
|move|p1a: Brambleghast|Leech Seed|p2a: Articuno|[miss]
|-miss|p1a: Brambleghast|p2a: Articuno
|move|p2a: Articuno|Roost|p2a: Articuno
|-heal|p2a: Articuno|100/100
|-singleturn|p2a: Articuno|move: Roost
|
|-heal|p1a: Brambleghast|7/100 psn|[from] item: Leftovers
|-damage|p1a: Brambleghast|0 fnt|[from] psn
|faint|p1a: Brambleghast
|upkeep
|inactive|mabzac has 120 seconds left.
|
|t:|1758309441
|switch|p1a: Pyroar|Pyroar, M|13/100
|-ability|p1a: Pyroar|Unnerve
|turn|17
|
|t:|1758309449
|move|p1a: Pyroar|Sunny Day|p1a: Pyroar
|-weather|SunnyDay
|move|p2a: Articuno|Freeze-Dry|p1a: Pyroar
|-resisted|p1a: Pyroar
|-damage|p1a: Pyroar|0 fnt
|faint|p1a: Pyroar
|
|-weather|SunnyDay|[upkeep]
|upkeep
|
|t:|1758309460
|switch|p1a: Kilowattrel|Kilowattrel, M|100/100
|turn|18
|
|t:|1758309468
|move|p1a: Kilowattrel|Thunderbolt|p2a: Articuno
|-supereffective|p2a: Articuno
|-damage|p2a: Articuno|46/100
|-damage|p1a: Kilowattrel|91/100|[from] item: Life Orb
|move|p2a: Articuno|Freeze-Dry|p1a: Kilowattrel
|-supereffective|p1a: Kilowattrel
|-damage|p1a: Kilowattrel|7/100
|
|-weather|SunnyDay|[upkeep]
|upkeep
|turn|19
|inactive|mabzac has 120 seconds left.
|
|t:|1758309479
|switch|p2a: Zapdos|Zapdos, shiny|54/100
|move|p1a: Kilowattrel|Thunderbolt|p2a: Zapdos
|-damage|p2a: Zapdos|0 fnt
|faint|p2a: Zapdos
|-damage|p1a: Kilowattrel|0 fnt|[from] item: Life Orb
|faint|p1a: Kilowattrel
|
|-weather|SunnyDay|[upkeep]
|upkeep
|inactive|mabzac has 120 seconds left.
|
|t:|1758309493
|switch|p1a: Flygon|Flygon, M|100/100
|switch|p2a: Articuno|Articuno|46/100
|-ability|p2a: Articuno|Pressure
|turn|20
|inactive|mabzac has 120 seconds left.
|
|t:|1758309500
|-terastallize|p1a: Flygon|Steel
|move|p1a: Flygon|Dragon Dance|p1a: Flygon
|-boost|p1a: Flygon|atk|1
|-boost|p1a: Flygon|spe|1
|move|p2a: Articuno|Roost|p2a: Articuno
|-heal|p2a: Articuno|96/100
|-singleturn|p2a: Articuno|move: Roost
|
|-weather|SunnyDay|[upkeep]
|upkeep
|turn|21
|inactive|mabzac has 120 seconds left.
|
|t:|1758309513
|move|p1a: Flygon|Fire Punch|p2a: Articuno
|-supereffective|p2a: Articuno
|-damage|p2a: Articuno|0 fnt
|faint|p2a: Articuno
|-damage|p1a: Flygon|91/100|[from] item: Life Orb
|
|-weather|none
|upkeep
|
|t:|1758309533
|switch|p2a: Blaziken|Blaziken, M, shiny|100/100
|turn|22
|
|t:|1758309543
|move|p1a: Flygon|Dragon Dance|p1a: Flygon
|-boost|p1a: Flygon|atk|1
|-boost|p1a: Flygon|spe|1
|move|p2a: Blaziken|Flare Blitz|p1a: Flygon
|-supereffective|p1a: Flygon
|-damage|p1a: Flygon|0 fnt
|faint|p1a: Flygon
|-damage|p2a: Blaziken|71/100|[from] Recoil
|
|-heal|p2a: Blaziken|77/100|[from] item: Leftovers
|-ability|p2a: Blaziken|Speed Boost|boost
|-boost|p2a: Blaziken|spe|1
|upkeep
|
|t:|1758309555
|switch|p1a: Vaporeon|Vaporeon, M|85/100
|turn|23
|
|t:|1758309570
|-terastallize|p2a: Blaziken|Ghost
|move|p2a: Blaziken|Close Combat|p1a: Vaporeon
|-damage|p1a: Vaporeon|41/100
|-unboost|p2a: Blaziken|def|1
|-unboost|p2a: Blaziken|spd|1
|move|p1a: Vaporeon|Scald|p2a: Blaziken
|-damage|p2a: Blaziken|2/100
|
|-heal|p2a: Blaziken|8/100|[from] item: Leftovers
|-heal|p1a: Vaporeon|47/100|[from] item: Leftovers
|-ability|p2a: Blaziken|Speed Boost|boost
|-boost|p2a: Blaziken|spe|1
|upkeep
|turn|24
|
|t:|1758309586
|move|p1a: Vaporeon|Protect|p1a: Vaporeon
|-singleturn|p1a: Vaporeon|Protect
|move|p2a: Blaziken|Knock Off|p1a: Vaporeon
|-activate|p1a: Vaporeon|move: Protect
|
|-heal|p2a: Blaziken|14/100|[from] item: Leftovers
|-heal|p1a: Vaporeon|53/100|[from] item: Leftovers
|-ability|p2a: Blaziken|Speed Boost|boost
|-boost|p2a: Blaziken|spe|1
|upkeep
|turn|25
|
|t:|1758309597
|move|p2a: Blaziken|Knock Off|p1a: Vaporeon
|-damage|p1a: Vaporeon|29/100
|-enditem|p1a: Vaporeon|Leftovers|[from] move: Knock Off|[of] p2a: Blaziken
|move|p1a: Vaporeon|Wish|p1a: Vaporeon
|
|-heal|p2a: Blaziken|20/100|[from] item: Leftovers
|-ability|p2a: Blaziken|Speed Boost|boost
|-boost|p2a: Blaziken|spe|1
|upkeep
|turn|26
|
|t:|1758309606
|move|p1a: Vaporeon|Protect|p1a: Vaporeon
|-singleturn|p1a: Vaporeon|Protect
|move|p2a: Blaziken|Close Combat|p1a: Vaporeon
|-activate|p1a: Vaporeon|move: Protect
|
|-heal|p1a: Vaporeon|79/100|[from] move: Wish|[wisher] Vaporeon
|-heal|p2a: Blaziken|26/100|[from] item: Leftovers
|-ability|p2a: Blaziken|Speed Boost|boost
|-boost|p2a: Blaziken|spe|1
|upkeep
|turn|27
|
|t:|1758309621
|move|p2a: Blaziken|Close Combat|p1a: Vaporeon
|-damage|p1a: Vaporeon|30/100
|-unboost|p2a: Blaziken|def|1
|-unboost|p2a: Blaziken|spd|1
|move|p1a: Vaporeon|Wish|p1a: Vaporeon
|
|-heal|p2a: Blaziken|32/100|[from] item: Leftovers
|-ability|p2a: Blaziken|Speed Boost|boost
|-boost|p2a: Blaziken|spe|1
|upkeep
|turn|28
|
|t:|1758309632
|move|p1a: Vaporeon|Protect|p1a: Vaporeon
|-singleturn|p1a: Vaporeon|Protect
|move|p2a: Blaziken|Swords Dance|p2a: Blaziken
|-boost|p2a: Blaziken|atk|2
|
|-heal|p1a: Vaporeon|80/100|[from] move: Wish|[wisher] Vaporeon
|-heal|p2a: Blaziken|38/100|[from] item: Leftovers
|upkeep
|turn|29
|
|t:|1758309642
|move|p2a: Blaziken|Close Combat|p1a: Vaporeon
|-damage|p1a: Vaporeon|0 fnt
|-unboost|p2a: Blaziken|def|1
|-unboost|p2a: Blaziken|spd|1
|faint|p1a: Vaporeon
|
|win|jslo32193
|raw|mabzac's rating: 1187 &rarr; <strong>1160</strong><br />(-27 for losing)
|raw|jslo32193's rating: 1160 &rarr; <strong>1187</strong><br />(+27 for winning)
|l|☆jslo32193
|player|p2|
|l|☆mabzac
|player|p1|
