|j|☆PoemOfBragi
|j|☆Trumpismessiah
|t:|1758309259
|gametype|singles
|player|p1|PoemOfBragi|102|1366
|player|p2|Trumpismessiah|265|1386
|gen|9
|tier|[Gen 9] OU
|rated|
|rule|HP Percentage Mod: HP is shown in percentages
|rule|Endless Battle Clause: Forcing endless battles is banned
|rule|Species Clause: Limit one of each Pokémon
|rule|OHKO Clause: OHKO moves are banned
|rule|Evasion Items Clause: Evasion items are banned
|rule|Evasion Moves Clause: Evasion moves are banned
|rule|Evasion Abilities Clause: Evasion abilities are banned
|rule|Sleep Moves Clause: Sleep-inducing moves are banned
|clearpoke
|poke|p1|Torkoal, F|
|poke|p1|Trevenant, M|
|poke|p1|Walking Wake|
|poke|p1|Raging Bolt|
|poke|p1|Great Tusk|
|poke|p1|Venusaur, F|
|poke|p2|Porygon2|
|poke|p2|Cinderace, M|
|poke|p2|Iron Hands|
|poke|p2|Dondozo, F|
|poke|p2|Dragapult, M|
|poke|p2|Necrozma|
|teampreview
|
|t:|1758309269
|teamsize|p1|6
|teamsize|p2|6
|start
|switch|p1a: Torkoal|Torkoal, F|100/100
|switch|p2a: Porygon2|Porygon2, shiny|100/100
|-weather|SunnyDay|[from] ability: Drought|[of] p1a: Torkoal
|turn|1
|inactive|Battle timer is ON: inactive players will automatically lose when time's up. (requested by Trumpismessiah)
|inactive|PoemOfBragi also wants the timer to be on.
|
|t:|1758309275
|move|p2a: Porygon2|Tri Attack|p1a: Torkoal
|-damage|p1a: Torkoal|45/100
|-status|p1a: Torkoal|par
|cant|p1a: Torkoal|par
|
|-weather|SunnyDay|[upkeep]
|upkeep
|turn|2
|inactive|PoemOfBragi has 120 seconds left.
|
|t:|1758309327
|switch|p1a: Great Tusk|Great Tusk|100/100
|-activate|p1a: Great Tusk|ability: Protosynthesis
|-start|p1a: Great Tusk|protosynthesisatk
|move|p2a: Porygon2|Tri Attack|p1a: Great Tusk
|-damage|p1a: Great Tusk|27/100
|
|-weather|SunnyDay|[upkeep]
|upkeep
|turn|3
|l|☆Trumpismessiah
|inactive|Trumpismessiah disconnected and has a minute to reconnect!
|player|p2|
|inactive|Trumpismessiah has 30 seconds to reconnect!
|j|☆Trumpismessiah
|inactive|Trumpismessiah reconnected and has 110 seconds left.
|player|p2|Trumpismessiah|265|
|
|t:|1758309380
|switch|p2a: Dondozo|Dondozo, F|100/100
|move|p1a: Great Tusk|Close Combat|p2a: Dondozo
|-damage|p2a: Dondozo|53/100
|-unboost|p1a: Great Tusk|def|1
|-unboost|p1a: Great Tusk|spd|1
|
|-weather|SunnyDay|[upkeep]
|-heal|p2a: Dondozo|59/100|[from] item: Leftovers
|upkeep
|turn|4
|
|t:|1758309388
|-end|p1a: Great Tusk|Protosynthesis|[silent]
|switch|p1a: Venusaur|Venusaur, F|100/100
|move|p2a: Dondozo|Rest|p2a: Dondozo
|-status|p2a: Dondozo|slp|[from] move: Rest
|-heal|p2a: Dondozo|100/100 slp|[silent]
|
|-weather|SunnyDay|[upkeep]
|upkeep
|turn|5
|
|t:|1758309393
|switch|p2a: Porygon2|Porygon2, shiny|100/100
|move|p1a: Venusaur|Growth|p1a: Venusaur
|-boost|p1a: Venusaur|atk|2
|-boost|p1a: Venusaur|spa|2
|
|-weather|SunnyDay|[upkeep]
|upkeep
|turn|6
|
|t:|1758309398
|move|p1a: Venusaur|Sludge Bomb|p2a: Porygon2
|-damage|p2a: Porygon2|40/100
|-damage|p1a: Venusaur|91/100|[from] item: Life Orb
|move|p2a: Porygon2|Ice Beam|p1a: Venusaur
|-supereffective|p1a: Venusaur
|-damage|p1a: Venusaur|1/100
|
|-weather|SunnyDay|[upkeep]
|upkeep
|turn|7
|
|t:|1758309402
|move|p1a: Venusaur|Giga Drain|p2a: Porygon2
|-damage|p2a: Porygon2|0 fnt
|-heal|p1a: Venusaur|25/100|[from] drain|[of] p2a: Porygon2
|faint|p2a: Porygon2
|-damage|p1a: Venusaur|15/100|[from] item: Life Orb
|
|-weather|SunnyDay|[upkeep]
|upkeep
|
|t:|1758309405
|switch|p2a: Dragapult|Dragapult, M|100/100
|turn|8
|
|t:|1758309411
|move|p2a: Dragapult|Quick Attack|p1a: Venusaur
|-damage|p1a: Venusaur|0 fnt
|faint|p1a: Venusaur
|
|-weather|none
|upkeep
|
|t:|1758309413
|switch|p1a: Torkoal|Torkoal, F|45/100 par
|-weather|SunnyDay|[from] ability: Drought|[of] p1a: Torkoal
|turn|9
|
|t:|1758309416
|switch|p2a: Cinderace|Cinderace, M|100/100
|move|p1a: Torkoal|Stealth Rock|p2a: Cinderace
|-sidestart|p2: Trumpismessiah|move: Stealth Rock
|
|-weather|SunnyDay|[upkeep]
|upkeep
|turn|10
|
|t:|1758309431
|switch|p1a: Walking Wake|Walking Wake|100/100
|-activate|p1a: Walking Wake|ability: Protosynthesis
|-start|p1a: Walking Wake|protosynthesisspe
|move|p2a: Cinderace|Pyro Ball|p1a: Walking Wake
|-resisted|p1a: Walking Wake
|-damage|p1a: Walking Wake|77/100
|
|-weather|SunnyDay|[upkeep]
|upkeep
|turn|11
|
|t:|1758309436
|move|p1a: Walking Wake|Hydro Steam|p2a: Cinderace
|-supereffective|p2a: Cinderace
|-enditem|p2a: Cinderace|Focus Sash
|-damage|p2a: Cinderace|1/100
|move|p2a: Cinderace|High Jump Kick|p1a: Walking Wake
|-start|p2a: Cinderace|typechange|Fighting|[from] ability: Libero
|-damage|p1a: Walking Wake|8/100
|
|-weather|SunnyDay|[upkeep]
|upkeep
|turn|12
|
|t:|1758309439
|move|p2a: Cinderace|Sucker Punch|p1a: Walking Wake
|-damage|p1a: Walking Wake|0 fnt
|faint|p1a: Walking Wake
|-end|p1a: Walking Wake|Protosynthesis|[silent]
|
|-weather|SunnyDay|[upkeep]
|upkeep
|
|t:|1758309442
|switch|p1a: Raging Bolt|Raging Bolt|100/100
|-activate|p1a: Raging Bolt|ability: Protosynthesis
|-start|p1a: Raging Bolt|protosynthesisspa
|turn|13
|
|t:|1758309457
|move|p2a: Cinderace|Court Change|p2a: Cinderace
|-swapsideconditions
|-activate|p2a: Cinderace|move: Court Change
|move|p1a: Raging Bolt|Calm Mind|p1a: Raging Bolt
|-boost|p1a: Raging Bolt|spa|1
|-boost|p1a: Raging Bolt|spd|1
|
|-weather|SunnyDay|[upkeep]
|upkeep
|turn|14
|
|t:|1758309459
|move|p2a: Cinderace|High Jump Kick|p1a: Raging Bolt
|-damage|p1a: Raging Bolt|48/100
|move|p1a: Raging Bolt|Calm Mind|p1a: Raging Bolt
|-boost|p1a: Raging Bolt|spa|1
|-boost|p1a: Raging Bolt|spd|1
|
|-weather|SunnyDay|[upkeep]
|-heal|p1a: Raging Bolt|54/100|[from] item: Leftovers
|upkeep
|turn|15
|
|t:|1758309462
|move|p2a: Cinderace|Sucker Punch|p1a: Raging Bolt
|-damage|p1a: Raging Bolt|34/100
|move|p1a: Raging Bolt|Thunderclap||[still]
|-fail|p1a: Raging Bolt
|
|-weather|SunnyDay|[upkeep]
|-heal|p1a: Raging Bolt|40/100|[from] item: Leftovers
|upkeep
|turn|16
|
|t:|1758309465
|move|p1a: Raging Bolt|Thunderclap|p2a: Cinderace
|-damage|p2a: Cinderace|0 fnt
|faint|p2a: Cinderace
|
|-weather|none
|-end|p1a: Raging Bolt|Protosynthesis
|-heal|p1a: Raging Bolt|46/100|[from] item: Leftovers
|upkeep
|
|t:|1758309471
|switch|p2a: Dragapult|Dragapult, M|100/100
|turn|17
|
|t:|1758309481
|-terastallize|p1a: Raging Bolt|Water
|move|p2a: Dragapult|U-turn|p1a: Raging Bolt
|-damage|p1a: Raging Bolt|17/100
|
|t:|1758309488
|switch|p2a: Necrozma|Necrozma|100/100|[from] U-turn
|move|p1a: Raging Bolt|Draco Meteor|p2a: Necrozma
|-damage|p2a: Necrozma|0 fnt
|-unboost|p1a: Raging Bolt|spa|2
|faint|p2a: Necrozma
|
|-heal|p1a: Raging Bolt|23/100|[from] item: Leftovers
|upkeep
|
|t:|1758309492
|switch|p2a: Dragapult|Dragapult, M|100/100
|turn|18
|
|t:|1758309497
|move|p2a: Dragapult|Dragon Darts|p1a: Raging Bolt
|-damage|p1a: Raging Bolt|0 fnt
|faint|p1a: Raging Bolt
|-end|p1a: Raging Bolt|Protosynthesis|[silent]
|
|upkeep
|
|t:|1758309499
|switch|p1a: Torkoal|Torkoal, F|45/100 par
|-damage|p1a: Torkoal|20/100 par|[from] Stealth Rock
|-weather|SunnyDay|[from] ability: Drought|[of] p1a: Torkoal
|turn|19
|
|t:|1758309502
|move|p2a: Dragapult|Dragon Darts|p1a: Torkoal
|-damage|p1a: Torkoal|0 fnt
|faint|p1a: Torkoal
|
|-weather|SunnyDay|[upkeep]
|upkeep
|
|t:|1758309507
|switch|p1a: Great Tusk|Great Tusk|27/100
|-activate|p1a: Great Tusk|ability: Protosynthesis
|-start|p1a: Great Tusk|protosynthesisatk
|turn|20
|
|t:|1758309510
|move|p2a: Dragapult|Dragon Darts|p1a: Great Tusk
|-damage|p1a: Great Tusk|0 fnt
|faint|p1a: Great Tusk
|-end|p1a: Great Tusk|Protosynthesis|[silent]
|
|-weather|SunnyDay|[upkeep]
|upkeep
|
|t:|1758309511
|switch|p1a: Trevenant|Trevenant, M|100/100
|-damage|p1a: Trevenant|88/100|[from] Stealth Rock
|turn|21
|
|t:|1758309517
|move|p2a: Dragapult|Dragon Darts|p1a: Trevenant
|-damage|p1a: Trevenant|40/100
|-enditem|p1a: Trevenant|Sitrus Berry|[eat]
|-heal|p1a: Trevenant|65/100|[from] item: Sitrus Berry
|-anim|p2a: Dragapult|Dragon Darts|p1a: Trevenant
|-damage|p1a: Trevenant|23/100
|move|p1a: Trevenant|Substitute|p1a: Trevenant
|-fail|p1a: Trevenant|move: Substitute|[weak]
|
|-weather|SunnyDay|[upkeep]
|-item|p1a: Trevenant|Sitrus Berry|[from] ability: Harvest
|upkeep
|-enditem|p1a: Trevenant|Sitrus Berry|[eat]
|-heal|p1a: Trevenant|48/100|[from] item: Sitrus Berry
|turn|22
|-message|PoemOfBragi forfeited.
|
|win|Trumpismessiah
|raw|PoemOfBragi's rating: 1366 &rarr; <strong>1347</strong><br />(-19 for losing)
|raw|Trumpismessiah's rating: 1386 &rarr; <strong>1405</strong><br />(+19 for winning)
|l|☆PoemOfBragi
|player|p1|
