|j|☆AllegianceIs2UrMom
|j|☆oreoinabox
|t:|1758320272
|gametype|singles
|player|p1|AllegianceIs2UrMom|170|1570
|player|p2|oreoinabox|169|1603
|gen|9
|tier|[Gen 9] OU
|rated|
|rule|HP Percentage Mod: HP is shown in percentages
|rule|Endless Battle Clause: Forcing endless battles is banned
|rule|Species Clause: Limit one of each Pokémon
|rule|OHKO Clause: OHKO moves are banned
|rule|Evasion Items Clause: Evasion items are banned
|rule|Evasion Moves Clause: Evasion moves are banned
|rule|Evasion Abilities Clause: Evasion abilities are banned
|rule|Sleep Moves Clause: Sleep-inducing moves are banned
|clearpoke
|poke|p1|Metagross|
|poke|p1|Hatterene, F|
|poke|p1|Iron Hands|
|poke|p1|Toedscruel, M|
|poke|p1|Pelipper, F|
|poke|p1|Ursaluna, F|
|poke|p2|Iron Thorns|
|poke|p2|Araquanid, M|
|poke|p2|Blastoise, M|
|poke|p2|Corviknight, M|
|poke|p2|Meowscarada, M|
|poke|p2|Great Tusk|
|teampreview
|inactive|Battle timer is ON: inactive players will automatically lose when time's up. (requested by oreoinabox)
|
|t:|1758320286
|teamsize|p1|6
|teamsize|p2|6
|start
|switch|p1a: Iron Hands|Iron Hands|100/100
|switch|p2a: Araquanid|Araquanid, M|100/100
|turn|1
|
|t:|1758320290
|switch|p2a: Great Tusk|Great Tusk|100/100
|move|p1a: Iron Hands|Swords Dance|p1a: Iron Hands
|-boost|p1a: Iron Hands|atk|2
|
|upkeep
|turn|2
|
|t:|1758320298
|move|p2a: Great Tusk|Rapid Spin|p1a: Iron Hands
|-damage|p1a: Iron Hands|90/100
|-boost|p2a: Great Tusk|spe|1
|move|p1a: Iron Hands|Drain Punch|p2a: Great Tusk
|-damage|p2a: Great Tusk|34/100
|-heal|p1a: Iron Hands|100/100|[from] drain|[of] p2a: Great Tusk
|
|upkeep
|turn|3
|
|t:|1758320303
|-end|p1a: Iron Hands|Quark Drive|[silent]
|switch|p1a: Pelipper|Pelipper, F|100/100
|-weather|RainDance|[from] ability: Drizzle|[of] p1a: Pelipper
|move|p2a: Great Tusk|Headlong Rush|p1a: Pelipper
|-immune|p1a: Pelipper
|
|-weather|RainDance|[upkeep]
|upkeep
|turn|4
|
|t:|1758320310
|-end|p2a: Great Tusk|Protosynthesis|[silent]
|switch|p2a: Corviknight|Corviknight, M|100/100
|-ability|p2a: Corviknight|Pressure
|switch|p1a: Hatterene|Hatterene, F|100/100
|
|-weather|RainDance|[upkeep]
|upkeep
|turn|5
|
|t:|1758320314
|move|p2a: Corviknight|U-turn|p1a: Hatterene
|-damage|p1a: Hatterene|88/100
|
|t:|1758320316
|switch|p2a: Araquanid|Araquanid, M|100/100|[from] U-turn
|move|p1a: Hatterene|Trick Room|p1a: Hatterene
|-fieldstart|move: Trick Room|[of] p1a: Hatterene
|
|-weather|RainDance|[upkeep]
|-heal|p1a: Hatterene|94/100|[from] item: Leftovers
|upkeep
|turn|6
|
|t:|1758320321
|move|p1a: Hatterene|Psychic|p2a: Araquanid
|-damage|p2a: Araquanid|69/100
|move|p2a: Araquanid|Liquidation|p1a: Hatterene
|-damage|p1a: Hatterene|16/100
|
|-weather|RainDance|[upkeep]
|-heal|p1a: Hatterene|22/100|[from] item: Leftovers
|upkeep
|turn|7
|
|t:|1758320327
|switch|p1a: Iron Hands|Iron Hands|100/100
|move|p2a: Araquanid|Leech Life|p1a: Iron Hands
|-resisted|p1a: Iron Hands
|-damage|p1a: Iron Hands|92/100
|-heal|p2a: Araquanid|75/100|[from] drain|[of] p1a: Iron Hands
|
|-weather|none
|-heal|p1a: Iron Hands|99/100|[from] item: Leftovers
|upkeep
|turn|8
|
|t:|1758320339
|move|p1a: Iron Hands|Swords Dance|p1a: Iron Hands
|-boost|p1a: Iron Hands|atk|2
|move|p2a: Araquanid|Liquidation|p1a: Iron Hands
|-damage|p1a: Iron Hands|64/100
|
|-heal|p1a: Iron Hands|71/100|[from] item: Leftovers
|upkeep
|turn|9
|
|t:|1758320344
|switch|p2a: Great Tusk|Great Tusk|34/100
|move|p1a: Iron Hands|Supercell Slam|p2a: Great Tusk
|-immune|p2a: Great Tusk
|-damage|p1a: Iron Hands|21/100|[from] supercellslam
|
|-heal|p1a: Iron Hands|27/100|[from] item: Leftovers
|-fieldend|move: Trick Room
|upkeep
|turn|10
|
|t:|1758320348
|move|p2a: Great Tusk|Headlong Rush|p1a: Iron Hands
|-supereffective|p1a: Iron Hands
|-damage|p1a: Iron Hands|0 fnt
|-unboost|p2a: Great Tusk|def|1
|-unboost|p2a: Great Tusk|spd|1
|faint|p1a: Iron Hands
|-end|p1a: Iron Hands|Quark Drive|[silent]
|
|upkeep
|
|t:|1758320353
|switch|p1a: Pelipper|Pelipper, F|100/100
|-weather|RainDance|[from] ability: Drizzle|[of] p1a: Pelipper
|turn|11
|
|t:|1758320357
|-end|p2a: Great Tusk|Protosynthesis|[silent]
|switch|p2a: Corviknight|Corviknight, M|100/100
|-ability|p2a: Corviknight|Pressure
|move|p1a: Pelipper|Hurricane|p2a: Corviknight
|-resisted|p2a: Corviknight
|-damage|p2a: Corviknight|80/100
|
|-weather|RainDance|[upkeep]
|upkeep
|turn|12
|
|t:|1758320361
|move|p2a: Corviknight|Roost|p2a: Corviknight
|-heal|p2a: Corviknight|100/100
|-singleturn|p2a: Corviknight|move: Roost
|move|p1a: Pelipper|Weather Ball|p2a: Corviknight
|-damage|p2a: Corviknight|38/100
|
|-weather|RainDance|[upkeep]
|upkeep
|turn|13
|
|t:|1758320366
|move|p2a: Corviknight|Roost|p2a: Corviknight
|-heal|p2a: Corviknight|88/100
|-singleturn|p2a: Corviknight|move: Roost
|move|p1a: Pelipper|Hurricane|p2a: Corviknight
|-resisted|p2a: Corviknight
|-damage|p2a: Corviknight|68/100
|-start|p2a: Corviknight|confusion
|
|-weather|RainDance|[upkeep]
|upkeep
|turn|14
|
|t:|1758320376
|switch|p2a: Blastoise|Blastoise, M|100/100
|move|p1a: Pelipper|Weather Ball|p2a: Blastoise
|-resisted|p2a: Blastoise
|-damage|p2a: Blastoise|56/100
|
|-weather|RainDance|[upkeep]
|upkeep
|turn|15
|
|t:|1758320384
|move|p2a: Blastoise|Shell Smash|p2a: Blastoise
|-unboost|p2a: Blastoise|def|1
|-unboost|p2a: Blastoise|spd|1
|-boost|p2a: Blastoise|atk|2
|-boost|p2a: Blastoise|spa|2
|-boost|p2a: Blastoise|spe|2
|-enditem|p2a: Blastoise|White Herb
|-clearnegativeboost|p2a: Blastoise|[silent]
|move|p1a: Pelipper|Hurricane|p2a: Blastoise
|-damage|p2a: Blastoise|0 fnt
|faint|p2a: Blastoise
|
|-weather|none
|upkeep
|
|t:|1758320395
|switch|p2a: Iron Thorns|Iron Thorns|100/100
|-enditem|p2a: Iron Thorns|Booster Energy
|-activate|p2a: Iron Thorns|ability: Quark Drive|[fromitem]
|-start|p2a: Iron Thorns|quarkdriveatk
|turn|16
|
|t:|1758320400
|switch|p1a: Metagross|Metagross|100/100
|move|p2a: Iron Thorns|Dragon Dance|p2a: Iron Thorns
|-boost|p2a: Iron Thorns|atk|1
|-boost|p2a: Iron Thorns|spe|1
|
|upkeep
|turn|17
|
|t:|1758320408
|-terastallize|p2a: Iron Thorns|Flying
|move|p2a: Iron Thorns|Earthquake|p1a: Metagross
|-supereffective|p1a: Metagross
|-damage|p1a: Metagross|0 fnt
|faint|p1a: Metagross
|
|upkeep
|
|t:|1758320415
|switch|p1a: Pelipper|Pelipper, F|100/100
|-weather|RainDance|[from] ability: Drizzle|[of] p1a: Pelipper
|turn|18
|
|t:|1758320422
|move|p2a: Iron Thorns|Ice Punch|p1a: Pelipper
|-damage|p1a: Pelipper|43/100
|move|p1a: Pelipper|Weather Ball|p2a: Iron Thorns
|-damage|p2a: Iron Thorns|4/100
|
|-weather|RainDance|[upkeep]
|upkeep
|turn|19
|
|t:|1758320429
|move|p2a: Iron Thorns|Ice Punch|p1a: Pelipper
|-damage|p1a: Pelipper|0 fnt
|faint|p1a: Pelipper
|
|-weather|RainDance|[upkeep]
|upkeep
|
|t:|1758320432
|switch|p1a: Ursaluna|Ursaluna, F|100/100
|turn|20
|
|t:|1758320435
|move|p2a: Iron Thorns|Ice Punch|p1a: Ursaluna
|-supereffective|p1a: Ursaluna
|-damage|p1a: Ursaluna|13/100
|move|p1a: Ursaluna|Facade|p2a: Iron Thorns
|-damage|p2a: Iron Thorns|0 fnt
|faint|p2a: Iron Thorns
|-end|p2a: Iron Thorns|Quark Drive|[silent]
|
|-weather|RainDance|[upkeep]
|-status|p1a: Ursaluna|brn|[from] item: Flame Orb
|upkeep
|
|t:|1758320440
|switch|p2a: Great Tusk|Great Tusk|34/100
|turn|21
|-message|AllegianceIs2UrMom forfeited.
|
|win|oreoinabox
|raw|AllegianceIs2UrMom's rating: 1570 &rarr; <strong>1552</strong><br />(-18 for losing)
|raw|oreoinabox's rating: 1603 &rarr; <strong>1621</strong><br />(+18 for winning)
|l|☆AllegianceIs2UrMom
|player|p1|
|l|☆oreoinabox
|player|p2|
