|j|☆frodriguez128
|j|☆bh.babiri
|t:|1758366168
|gametype|singles
|player|p1|frodriguez128|rosa|1555
|player|p2|bh.babiri|dawn-gen4pt|1628
|gen|9
|tier|[Gen 9] OU
|rated|
|rule|HP Percentage Mod: HP is shown in percentages
|rule|Endless Battle Clause: Forcing endless battles is banned
|rule|Species Clause: Limit one of each Pokémon
|rule|OHKO Clause: OHKO moves are banned
|rule|Evasion Items Clause: Evasion items are banned
|rule|Evasion Moves Clause: Evasion moves are banned
|rule|Evasion Abilities Clause: Evasion abilities are banned
|rule|Sleep Moves Clause: Sleep-inducing moves are banned
|clearpoke
|poke|p1|Pelipper, F|
|poke|p1|Kingdra, F|
|poke|p1|Barraskewda, F|
|poke|p1|Dragonite, F|
|poke|p1|Raging Bolt|
|poke|p1|Iron Treads|
|poke|p2|Hydrapple, M|
|poke|p2|Great Tusk|
|poke|p2|Iron Crown|
|poke|p2|Iron Valiant|
|poke|p2|Ceruledge, F|
|poke|p2|Dragapult, M|
|teampreview
|inactive|Battle timer is ON: inactive players will automatically lose when time's up. (requested by bh.babiri)
|
|t:|1758366182
|teamsize|p1|6
|teamsize|p2|6
|start
|switch|p1a: Pelipper|Pelipper, F|100/100
|switch|p2a: Dragapult|Dragapult, M|100/100
|-weather|RainDance|[from] ability: Drizzle|[of] p1a: Pelipper
|turn|1
|
|t:|1758366191
|switch|p1a: Iron Treads|Iron Treads|100/100
|-enditem|p1a: Iron Treads|Booster Energy
|-activate|p1a: Iron Treads|ability: Quark Drive|[fromitem]
|-start|p1a: Iron Treads|quarkdrivespe
|move|p2a: Dragapult|Dragon Darts|p1a: Iron Treads
|-resisted|p1a: Iron Treads
|-damage|p1a: Iron Treads|83/100
|-anim|p2a: Dragapult|Dragon Darts|p1a: Iron Treads
|-resisted|p1a: Iron Treads
|-damage|p1a: Iron Treads|66/100
|
|-weather|RainDance|[upkeep]
|upkeep
|turn|2
|
|t:|1758366202
|switch|p2a: Great Tusk|Great Tusk|100/100
|-enditem|p2a: Great Tusk|Booster Energy
|-activate|p2a: Great Tusk|ability: Protosynthesis|[fromitem]
|-start|p2a: Great Tusk|protosynthesisatk
|move|p1a: Iron Treads|Stealth Rock|p2a: Great Tusk
|-sidestart|p2: bh.babiri|move: Stealth Rock
|
|-weather|RainDance|[upkeep]
|upkeep
|turn|3
|
|t:|1758366211
|move|p1a: Iron Treads|Steel Beam|p2a: Great Tusk
|-damage|p2a: Great Tusk|25/100
|-damage|p1a: Iron Treads|16/100|[from] steelbeam
|move|p2a: Great Tusk|Rapid Spin|p1a: Iron Treads
|-resisted|p1a: Iron Treads
|-damage|p1a: Iron Treads|5/100
|-boost|p2a: Great Tusk|spe|1
|-sideend|p2: bh.babiri|Stealth Rock|[from] move: Rapid Spin|[of] p2a: Great Tusk
|
|-weather|RainDance|[upkeep]
|upkeep
|turn|4
|
|t:|1758366222
|move|p1a: Iron Treads|Earth Power|p2a: Great Tusk
|-damage|p2a: Great Tusk|0 fnt
|faint|p2a: Great Tusk
|-end|p2a: Great Tusk|Protosynthesis|[silent]
|
|-weather|RainDance|[upkeep]
|upkeep
|
|t:|1758366225
|switch|p2a: Iron Valiant|Iron Valiant|100/100
|turn|5
|
|t:|1758366231
|move|p2a: Iron Valiant|Vacuum Wave|p1a: Iron Treads
|-supereffective|p1a: Iron Treads
|-damage|p1a: Iron Treads|0 fnt
|faint|p1a: Iron Treads
|-end|p1a: Iron Treads|Quark Drive|[silent]
|
|-weather|RainDance|[upkeep]
|upkeep
|
|t:|1758366237
|switch|p1a: Barraskewda|Barraskewda, F|100/100
|turn|6
|
|t:|1758366265
|-end|p2a: Iron Valiant|Quark Drive|[silent]
|switch|p2a: Hydrapple|Hydrapple, M, shiny|100/100
|move|p1a: Barraskewda|Liquidation|p2a: Hydrapple
|-resisted|p2a: Hydrapple
|-damage|p2a: Hydrapple|82/100
|-damage|p1a: Barraskewda|91/100|[from] item: Life Orb
|
|-weather|RainDance|[upkeep]
|-heal|p2a: Hydrapple|88/100|[from] item: Leftovers
|upkeep
|turn|7
|
|t:|1758366280
|move|p1a: Barraskewda|Flip Turn|p2a: Hydrapple
|-resisted|p2a: Hydrapple
|-crit|p2a: Hydrapple
|-damage|p2a: Hydrapple|69/100
|-damage|p1a: Barraskewda|81/100|[from] item: Life Orb
|
|t:|1758366286
|switch|p1a: Raging Bolt|Raging Bolt|100/100|[from] Flip Turn
|-enditem|p1a: Raging Bolt|Booster Energy
|-activate|p1a: Raging Bolt|ability: Protosynthesis|[fromitem]
|-start|p1a: Raging Bolt|protosynthesisspa
|move|p2a: Hydrapple|Giga Drain|p1a: Raging Bolt
|-resisted|p1a: Raging Bolt
|-damage|p1a: Raging Bolt|82/100
|-heal|p2a: Hydrapple|78/100|[from] drain|[of] p1a: Raging Bolt
|
|-weather|RainDance|[upkeep]
|-heal|p2a: Hydrapple|84/100|[from] item: Leftovers
|upkeep
|turn|8
|
|t:|1758366305
|switch|p2a: Iron Valiant|Iron Valiant|100/100
|move|p1a: Raging Bolt|Weather Ball|p2a: Iron Valiant
|-damage|p2a: Iron Valiant|0 fnt
|faint|p2a: Iron Valiant
|-end|p2a: Iron Valiant|Quark Drive|[silent]
|
|-weather|none
|upkeep
|inactive|bh.babiri has 120 seconds left.
|inactive|bh.babiri has 90 seconds left.
|
|t:|1758366357
|switch|p2a: Dragapult|Dragapult, M|100/100
|turn|9
|
|t:|1758366362
|-terastallize|p1a: Raging Bolt|Fairy
|move|p2a: Dragapult|U-turn|p1a: Raging Bolt
|-resisted|p1a: Raging Bolt
|-damage|p1a: Raging Bolt|66/100
|
|t:|1758366365
|switch|p2a: Iron Crown|Iron Crown|100/100|[from] U-turn
|move|p1a: Raging Bolt|Dragon Pulse|p2a: Iron Crown
|-resisted|p2a: Iron Crown
|-damage|p2a: Iron Crown|66/100
|
|upkeep
|turn|10
|
|t:|1758366374
|-end|p1a: Raging Bolt|Protosynthesis|[silent]
|switch|p1a: Pelipper|Pelipper, F|100/100
|-weather|RainDance|[from] ability: Drizzle|[of] p1a: Pelipper
|move|p2a: Iron Crown|Volt Switch|p1a: Pelipper
|-supereffective|p1a: Pelipper
|-damage|p1a: Pelipper|0 fnt
|faint|p1a: Pelipper
|
|t:|1758366381
|-end|p2a: Iron Crown|Quark Drive|[silent]
|switch|p2a: Dragapult|Dragapult, M|100/100|[from] Volt Switch
|
|-weather|RainDance|[upkeep]
|upkeep
|
|t:|1758366388
|switch|p1a: Kingdra|Kingdra, F|100/100
|turn|11
|
|t:|1758366393
|switch|p2a: Iron Crown|Iron Crown|66/100
|move|p1a: Kingdra|Draco Meteor|p2a: Iron Crown|[miss]
|-miss|p1a: Kingdra|p2a: Iron Crown
|
|-weather|RainDance|[upkeep]
|upkeep
|turn|12
|
|t:|1758366401
|switch|p1a: Barraskewda|Barraskewda, F|81/100
|move|p2a: Iron Crown|Volt Switch|p1a: Barraskewda
|-supereffective|p1a: Barraskewda
|-damage|p1a: Barraskewda|0 fnt
|faint|p1a: Barraskewda
|
|t:|1758366416
|-end|p2a: Iron Crown|Quark Drive|[silent]
|switch|p2a: Hydrapple|Hydrapple, M, shiny|100/100|[from] Volt Switch
|
|-weather|RainDance|[upkeep]
|upkeep
|
|t:|1758366422
|switch|p1a: Kingdra|Kingdra, F|100/100
|turn|13
|
|t:|1758366432
|switch|p2a: Iron Crown|Iron Crown|66/100
|move|p1a: Kingdra|Weather Ball|p2a: Iron Crown
|-damage|p2a: Iron Crown|0 fnt
|faint|p2a: Iron Crown
|-end|p2a: Iron Crown|Quark Drive|[silent]
|
|-weather|RainDance|[upkeep]
|upkeep
|
|t:|1758366435
|switch|p2a: Hydrapple|Hydrapple, M, shiny|100/100
|turn|14
|
|t:|1758366444
|switch|p1a: Raging Bolt|Raging Bolt, tera:Fairy|66/100
|move|p2a: Hydrapple|Giga Drain|p1a: Raging Bolt
|-damage|p1a: Raging Bolt|28/100
|
|-weather|RainDance|[upkeep]
|upkeep
|turn|15
|
|t:|1758366457
|switch|p2a: Ceruledge|Ceruledge, F|100/100
|move|p1a: Raging Bolt|Dragon Pulse|p2a: Ceruledge
|-damage|p2a: Ceruledge|44/100
|
|-weather|RainDance|[upkeep]
|upkeep
|turn|16
|
|t:|1758366464
|move|p2a: Ceruledge|Shadow Sneak|p1a: Raging Bolt
|-damage|p1a: Raging Bolt|8/100
|move|p1a: Raging Bolt|Weather Ball|p2a: Ceruledge
|-supereffective|p2a: Ceruledge
|-damage|p2a: Ceruledge|0 fnt
|faint|p2a: Ceruledge
|
|-weather|RainDance|[upkeep]
|upkeep
|
|t:|1758366468
|switch|p2a: Dragapult|Dragapult, M|100/100
|turn|17
|
|t:|1758366478
|move|p2a: Dragapult|Sucker Punch|p1a: Raging Bolt
|-resisted|p1a: Raging Bolt
|-damage|p1a: Raging Bolt|0 fnt
|faint|p1a: Raging Bolt
|-end|p1a: Raging Bolt|Protosynthesis|[silent]
|
|-weather|none
|upkeep
|
|t:|1758366487
|switch|p1a: Dragonite|Dragonite, F|100/100
|turn|18
|
|t:|1758366493
|switch|p2a: Hydrapple|Hydrapple, M, shiny|100/100
|move|p1a: Dragonite|Dragon Dance|p1a: Dragonite
|-boost|p1a: Dragonite|atk|1
|-boost|p1a: Dragonite|spe|1
|
|upkeep
|turn|19
|
|t:|1758366506
|-terastallize|p2a: Hydrapple|Steel
|move|p1a: Dragonite|Dragon Dance|p1a: Dragonite
|-boost|p1a: Dragonite|atk|1
|-boost|p1a: Dragonite|spe|1
|move|p2a: Hydrapple|Fickle Beam|p1a: Dragonite|[anim] Fickle Beam All Out
|-activate|p2a: Hydrapple|move: Fickle Beam
|-supereffective|p1a: Dragonite
|-damage|p1a: Dragonite|8/100
|
|upkeep
|turn|20
|
|t:|1758366514
|move|p1a: Dragonite|Low Kick|p2a: Hydrapple
|-supereffective|p2a: Hydrapple
|-damage|p2a: Hydrapple|3/100
|move|p2a: Hydrapple|Fickle Beam|p1a: Dragonite
|-supereffective|p1a: Dragonite
|-damage|p1a: Dragonite|0 fnt
|faint|p1a: Dragonite
|
|-heal|p2a: Hydrapple|10/100|[from] item: Leftovers
|upkeep
|
|t:|1758366524
|switch|p1a: Kingdra|Kingdra, F|100/100
|turn|21
|
|t:|1758366532
|move|p1a: Kingdra|Ice Beam|p2a: Hydrapple
|-resisted|p2a: Hydrapple
|-damage|p2a: Hydrapple|0 fnt
|faint|p2a: Hydrapple
|
|upkeep
|
|t:|1758366536
|switch|p2a: Dragapult|Dragapult, M|100/100
|turn|22
|
|t:|1758366539
|move|p2a: Dragapult|Dragon Darts|p1a: Kingdra
|-supereffective|p1a: Kingdra
|-damage|p1a: Kingdra|1/100
|-anim|p2a: Dragapult|Dragon Darts|p1a: Kingdra
|-supereffective|p1a: Kingdra
|-damage|p1a: Kingdra|0 fnt
|faint|p1a: Kingdra
|
|win|bh.babiri
|raw|frodriguez128's rating: 1555 &rarr; <strong>1539</strong><br />(-16 for losing)
|raw|bh.babiri's rating: 1628 &rarr; <strong>1644</strong><br />(+16 for winning)
|l|☆bh.babiri
|player|p2|
|l|☆frodriguez128
|player|p1|
