|j|☆Alexander111
|j|☆fat nerd 22
|t:|1758320972
|gametype|singles
|player|p1|Alexander111|265|1325
|player|p2|fat nerd 22|giovanni|1285
|gen|9
|tier|[Gen 9] OU
|rated|
|rule|HP Percentage Mod: HP is shown in percentages
|rule|Endless Battle Clause: Forcing endless battles is banned
|rule|Species Clause: Limit one of each Pokémon
|rule|OHKO Clause: OHKO moves are banned
|rule|Evasion Items Clause: Evasion items are banned
|rule|Evasion Moves Clause: Evasion moves are banned
|rule|Evasion Abilities Clause: Evasion abilities are banned
|rule|Sleep Moves Clause: Sleep-inducing moves are banned
|clearpoke
|poke|p1|Corviknight, M|
|poke|p1|Slowking-Galar, M|
|poke|p1|Primarina, F|
|poke|p1|Rillaboom, M|
|poke|p1|Ursaluna, F|
|poke|p1|Glimmora, M|
|poke|p2|Kommo-o, M|
|poke|p2|Gholdengo|
|poke|p2|Heracross, M|
|poke|p2|Araquanid, F|
|poke|p2|Cyclizar, F|
|poke|p2|Gardevoir, M|
|teampreview
|inactive|Battle timer is ON: inactive players will automatically lose when time's up. (requested by Alexander111)
|
|t:|1758320986
|teamsize|p1|6
|teamsize|p2|6
|start
|switch|p1a: Hässlich|Glimmora, M, shiny|100/100
|switch|p2a: Heracross|Heracross, M|100/100
|turn|1
|
|t:|1758320993
|move|p1a: Hässlich|Stealth Rock|p2a: Heracross
|-sidestart|p2: fat nerd 22|move: Stealth Rock
|move|p2a: Heracross|Trailblaze|p1a: Hässlich
|-damage|p1a: Hässlich|77/100
|-boost|p2a: Heracross|spe|1
|-activate|p1a: Hässlich|ability: Toxic Debris
|-sidestart|p2: fat nerd 22|move: Toxic Spikes
|
|-status|p2a: Heracross|brn|[from] item: Flame Orb
|upkeep
|turn|2
|
|t:|1758321005
|switch|p1a: Stahli|Corviknight, M, shiny|100/100
|-ability|p1a: Stahli|Unnerve
|move|p2a: Heracross|Earthquake|p1a: Stahli
|-immune|p1a: Stahli
|
|-damage|p2a: Heracross|94/100 brn|[from] brn
|upkeep
|turn|3
|
|t:|1758321018
|move|p2a: Heracross|Close Combat|p1a: Stahli
|-damage|p1a: Stahli|42/100
|-unboost|p2a: Heracross|def|1
|-unboost|p2a: Heracross|spd|1
|-damage|p2a: Heracross|78/100 brn|[from] item: Rocky Helmet|[of] p1a: Stahli
|move|p1a: Stahli|U-turn|p2a: Heracross
|-resisted|p2a: Heracross
|-damage|p2a: Heracross|66/100 brn
|
|t:|1758321037
|switch|p1a: Schöne Robbe|Primarina, F, shiny|100/100|[from] U-turn
|
|-damage|p2a: Heracross|60/100 brn|[from] brn
|upkeep
|turn|4
|
|t:|1758321042
|switch|p1a: Stahli|Corviknight, M, shiny|42/100
|-ability|p1a: Stahli|Unnerve
|move|p2a: Heracross|Facade|p1a: Stahli
|-resisted|p1a: Stahli
|-damage|p1a: Stahli|21/100
|-damage|p2a: Heracross|43/100 brn|[from] item: Rocky Helmet|[of] p1a: Stahli
|
|-damage|p2a: Heracross|37/100 brn|[from] brn
|upkeep
|turn|5
|
|t:|1758321057
|switch|p1a: Muschel|Slowking-Galar, M, shiny|100/100
|move|p2a: Heracross|Facade|p1a: Muschel
|-crit|p1a: Muschel
|-damage|p1a: Muschel|0 fnt
|faint|p1a: Muschel
|
|-damage|p2a: Heracross|31/100 brn|[from] brn
|upkeep
|
|t:|1758321065
|switch|p1a: Affi|Rillaboom, M, shiny|100/100
|-fieldstart|move: Grassy Terrain|[from] ability: Grassy Surge|[of] p1a: Affi
|turn|6
|
|t:|1758321077
|-terastallize|p1a: Affi|Grass
|move|p1a: Affi|Grassy Glide|p2a: Heracross
|-resisted|p2a: Heracross
|-damage|p2a: Heracross|0 fnt
|faint|p2a: Heracross
|
|upkeep
|
|t:|1758321084
|switch|p2a: Cyclizar|Cyclizar, F|100/100
|-damage|p2a: Cyclizar|88/100|[from] Stealth Rock
|-status|p2a: Cyclizar|psn
|turn|7
|
|t:|1758321095
|switch|p1a: Schöne Robbe|Primarina, F, shiny|100/100
|move|p2a: Cyclizar|Rapid Spin|p1a: Schöne Robbe
|-damage|p1a: Schöne Robbe|75/100
|-boost|p2a: Cyclizar|spe|1
|-sideend|p2: fat nerd 22|Toxic Spikes|[from] move: Rapid Spin|[of] p2a: Cyclizar
|-sideend|p2: fat nerd 22|Stealth Rock|[from] move: Rapid Spin|[of] p2a: Cyclizar
|
|-heal|p2a: Cyclizar|94/100 psn|[from] Grassy Terrain
|-heal|p1a: Schöne Robbe|81/100|[from] Grassy Terrain
|-damage|p2a: Cyclizar|82/100 psn|[from] psn
|upkeep
|turn|8
|
|t:|1758321105
|move|p2a: Cyclizar|Rapid Spin|p1a: Schöne Robbe
|-damage|p1a: Schöne Robbe|58/100
|-boost|p2a: Cyclizar|spe|1
|move|p1a: Schöne Robbe|Surf|p2a: Cyclizar
|-resisted|p2a: Cyclizar
|-damage|p2a: Cyclizar|24/100 psn
|
|-heal|p2a: Cyclizar|30/100 psn|[from] Grassy Terrain
|-heal|p1a: Schöne Robbe|64/100|[from] Grassy Terrain
|-damage|p2a: Cyclizar|18/100 psn|[from] psn
|upkeep
|turn|9
|
|t:|1758321112
|move|p2a: Cyclizar|Endeavor|p1a: Schöne Robbe
|-damage|p1a: Schöne Robbe|20/100
|move|p1a: Schöne Robbe|Surf|p2a: Cyclizar
|-resisted|p2a: Cyclizar
|-damage|p2a: Cyclizar|0 fnt
|faint|p2a: Cyclizar
|
|-heal|p1a: Schöne Robbe|26/100|[from] Grassy Terrain
|upkeep
|
|t:|1758321127
|switch|p2a: Gholdengo|Gholdengo|100/100
|turn|10
|
|t:|1758321133
|switch|p1a: Stahli|Corviknight, M, shiny|21/100
|-ability|p1a: Stahli|Unnerve
|move|p2a: Gholdengo|Make It Rain|p1a: Stahli
|-resisted|p1a: Stahli
|-damage|p1a: Stahli|0 fnt
|-unboost|p2a: Gholdengo|spa|1
|faint|p1a: Stahli
|
|-fieldend|move: Grassy Terrain
|upkeep
|
|t:|1758321140
|switch|p1a: Bärchen|Ursaluna, F, shiny|100/100
|turn|11
|
|t:|1758321149
|switch|p2a: Araquanid|Araquanid, F|100/100
|move|p1a: Bärchen|Swords Dance|p1a: Bärchen
|-boost|p1a: Bärchen|atk|2
|
|-status|p1a: Bärchen|brn|[from] item: Flame Orb
|upkeep
|turn|12
|
|t:|1758321157
|move|p1a: Bärchen|Facade|p2a: Araquanid
|-damage|p2a: Araquanid|0 fnt
|faint|p2a: Araquanid
|
|-damage|p1a: Bärchen|94/100 brn|[from] brn
|upkeep
|
|t:|1758321162
|switch|p2a: Gholdengo|Gholdengo|100/100
|turn|13
|
|t:|1758321166
|-terastallize|p2a: Gholdengo|Steel
|move|p2a: Gholdengo|Make It Rain|p1a: Bärchen
|-crit|p1a: Bärchen
|-damage|p1a: Bärchen|0 fnt
|-unboost|p2a: Gholdengo|spa|1
|faint|p1a: Bärchen
|
|upkeep
|
|t:|1758321175
|switch|p1a: Hässlich|Glimmora, M, shiny|77/100
|turn|14
|
|t:|1758321177
|move|p2a: Gholdengo|Make It Rain|p1a: Hässlich
|-supereffective|p1a: Hässlich
|-damage|p1a: Hässlich|0 fnt
|-unboost|p2a: Gholdengo|spa|1
|faint|p1a: Hässlich
|
|upkeep
|
|t:|1758321183
|switch|p1a: Affi|Rillaboom, M, shiny, tera:Grass|100/100
|-fieldstart|move: Grassy Terrain|[from] ability: Grassy Surge|[of] p1a: Affi
|turn|15
|
|t:|1758321188
|switch|p2a: Gardevoir|Gardevoir, M|100/100
|-ability|p2a: Gardevoir|Grassy Surge|Trace|[from] ability: Trace|[of] p1a: Affi
|move|p1a: Affi|Knock Off|p2a: Gardevoir
|-damage|p2a: Gardevoir|38/100
|-enditem|p2a: Gardevoir|Power Bracer|[from] move: Knock Off|[of] p1a: Affi
|
|-heal|p2a: Gardevoir|44/100|[from] Grassy Terrain
|upkeep
|turn|16
|
|t:|1758321200
|move|p1a: Affi|Knock Off|p2a: Gardevoir
|-damage|p2a: Gardevoir|4/100
|move|p2a: Gardevoir|Mystical Fire|p1a: Affi
|-supereffective|p1a: Affi
|-damage|p1a: Affi|31/100
|-unboost|p1a: Affi|spa|1
|
|-heal|p1a: Affi|37/100|[from] Grassy Terrain
|-heal|p2a: Gardevoir|10/100|[from] Grassy Terrain
|upkeep
|turn|17
|
|t:|1758321207
|move|p1a: Affi|Knock Off|p2a: Gardevoir
|-damage|p2a: Gardevoir|0 fnt
|faint|p2a: Gardevoir
|
|-heal|p1a: Affi|43/100|[from] Grassy Terrain
|upkeep
|
|t:|1758321213
|switch|p2a: Kommo-o|Kommo-o, M|100/100
|turn|18
|
|t:|1758321219
|move|p1a: Affi|Knock Off|p2a: Kommo-o
|-resisted|p2a: Kommo-o
|-damage|p2a: Kommo-o|75/100
|-enditem|p2a: Kommo-o|Throat Spray|[from] move: Knock Off|[of] p1a: Affi
|move|p2a: Kommo-o|Clangorous Soul|p2a: Kommo-o
|-boost|p2a: Kommo-o|atk|1
|-boost|p2a: Kommo-o|def|1
|-boost|p2a: Kommo-o|spa|1
|-boost|p2a: Kommo-o|spd|1
|-boost|p2a: Kommo-o|spe|1
|-damage|p2a: Kommo-o|42/100
|
|-heal|p2a: Kommo-o|48/100|[from] Grassy Terrain
|-heal|p1a: Affi|49/100|[from] Grassy Terrain
|upkeep
|turn|19
|
|t:|1758321229
|switch|p1a: Schöne Robbe|Primarina, F, shiny|26/100
|move|p2a: Kommo-o|Boomburst|p1a: Schöne Robbe
|-damage|p1a: Schöne Robbe|0 fnt
|faint|p1a: Schöne Robbe
|
|-heal|p2a: Kommo-o|54/100|[from] Grassy Terrain
|-fieldend|move: Grassy Terrain
|upkeep
|
|t:|1758321233
|switch|p1a: Affi|Rillaboom, M, shiny, tera:Grass|49/100
|-fieldstart|move: Grassy Terrain|[from] ability: Grassy Surge|[of] p1a: Affi
|turn|20
|
|t:|1758321242
|move|p1a: Affi|Grassy Glide|p2a: Kommo-o
|-resisted|p2a: Kommo-o
|-damage|p2a: Kommo-o|27/100
|move|p2a: Kommo-o|Clanging Scales|p1a: Affi
|-damage|p1a: Affi|0 fnt
|faint|p1a: Affi
|
|win|fat nerd 22
|raw|Alexander111's rating: 1325 &rarr; <strong>1303</strong><br />(-22 for losing)
|raw|fat nerd 22's rating: 1285 &rarr; <strong>1313</strong><br />(+28 for winning)
|l|☆fat nerd 22
|player|p2|
|l|☆Alexander111
|player|p1|
