|j|☆HumanPersonThing
|j|☆Gil_Kenobi
|t:|1758292603
|gametype|singles
|player|p1|HumanPersonThing|giovanni|1252
|player|p2|Gil_Kenobi|n|1253
|gen|9
|tier|[Gen 9] OU
|rated|
|rule|HP Percentage Mod: HP is shown in percentages
|rule|Endless Battle Clause: Forcing endless battles is banned
|rule|Species Clause: Limit one of each Pokémon
|rule|OHKO Clause: OHKO moves are banned
|rule|Evasion Items Clause: Evasion items are banned
|rule|Evasion Moves Clause: Evasion moves are banned
|rule|Evasion Abilities Clause: Evasion abilities are banned
|rule|Sleep Moves Clause: Sleep-inducing moves are banned
|clearpoke
|poke|p1|Pincurchin, F|
|poke|p1|Raichu-Alola, M|
|poke|p1|Iron Treads|
|poke|p1|Iron Moth|
|poke|p1|Iron Valiant|
|poke|p1|Iron Jugulis|
|poke|p2|Galvantula, F|
|poke|p2|Samurott-Hisui, F|
|poke|p2|Kyurem|
|poke|p2|Mismagius, F|
|poke|p2|Cinderace, M|
|poke|p2|Thundurus, M|
|teampreview
|inactive|Battle timer is ON: inactive players will automatically lose when time's up. (requested by Gil_Kenobi)
|
|t:|1758292636
|teamsize|p1|6
|teamsize|p2|6
|start
|switch|p1a: Iron Treads|Iron Treads, shiny|100/100
|switch|p2a: Kyurem|Kyurem, shiny|100/100
|-ability|p2a: Kyurem|Pressure
|turn|1
|
|t:|1758292651
|move|p1a: Iron Treads|Iron Head|p2a: Kyurem
|-supereffective|p2a: Kyurem
|-damage|p2a: Kyurem|34/100
|move|p2a: Kyurem|Icicle Spear|p1a: Iron Treads
|-damage|p1a: Iron Treads|89/100
|-damage|p1a: Iron Treads|77/100
|-damage|p1a: Iron Treads|65/100
|-damage|p1a: Iron Treads|53/100
|-damage|p1a: Iron Treads|41/100
|-hitcount|p1a: Iron Treads|5
|
|upkeep
|turn|2
|
|t:|1758292668
|switch|p2a: Cinderace|Cinderace, M|100/100
|move|p1a: Iron Treads|Iron Head|p2a: Cinderace
|-resisted|p2a: Cinderace
|-damage|p2a: Cinderace|76/100
|
|upkeep
|turn|3
|inactive|Gil_Kenobi has 120 seconds left.
|
|t:|1758292698
|-end|p1a: Iron Treads|Quark Drive|[silent]
|switch|p1a: Pincurchin|Pincurchin, F, shiny|100/100
|-fieldstart|move: Electric Terrain|[from] ability: Electric Surge|[of] p1a: Pincurchin
|move|p2a: Cinderace|Pyro Ball|p1a: Pincurchin
|-damage|p1a: Pincurchin|30/100
|
|upkeep
|turn|4
|
|t:|1758292711
|switch|p1a: MothMan|Iron Moth, shiny|100/100
|-activate|p1a: MothMan|ability: Quark Drive
|-start|p1a: MothMan|quarkdrivespa
|move|p2a: Cinderace|Pyro Ball|p1a: MothMan
|-resisted|p1a: MothMan
|-damage|p1a: MothMan|48/100
|
|upkeep
|turn|5
|
|t:|1758292724
|move|p2a: Cinderace|Sucker Punch|p1a: MothMan
|-start|p2a: Cinderace|typechange|Dark|[from] ability: Libero
|-damage|p1a: MothMan|0 fnt
|faint|p1a: MothMan
|-end|p1a: MothMan|Quark Drive|[silent]
|
|upkeep
|
|t:|1758292728
|switch|p1a: Terminator|Iron Valiant, shiny|100/100
|-activate|p1a: Terminator|ability: Quark Drive
|-start|p1a: Terminator|quarkdrivespe
|turn|6
|inactive|Gil_Kenobi has 120 seconds left.
|inactive|HumanPersonThing has 120 seconds left.
|inactive|Gil_Kenobi has 90 seconds left.
|
|t:|1758292783
|move|p1a: Terminator|Moonblast|p2a: Cinderace
|-supereffective|p2a: Cinderace
|-damage|p2a: Cinderace|0 fnt
|faint|p2a: Cinderace
|-damage|p1a: Terminator|91/100|[from] item: Life Orb
|
|upkeep
|inactive|Gil_Kenobi has 90 seconds left.
|
|t:|1758292790
|switch|p2a: Thundurus|Thundurus, M|100/100
|turn|7
|
|t:|1758292793
|move|p2a: Thundurus|Thunder Wave|p1a: Terminator
|-status|p1a: Terminator|par
|move|p1a: Terminator|Moonblast|p2a: Thundurus
|-damage|p2a: Thundurus|25/100
|-damage|p1a: Terminator|81/100 par|[from] item: Life Orb
|
|-heal|p2a: Thundurus|31/100|[from] item: Leftovers
|upkeep
|turn|8
|
|t:|1758292803
|move|p2a: Thundurus|Discharge|p1a: Terminator
|-damage|p1a: Terminator|6/100 par
|move|p1a: Terminator|Moonblast|p2a: Thundurus
|-damage|p2a: Thundurus|0 fnt
|faint|p2a: Thundurus
|-damage|p1a: Terminator|0 fnt|[from] item: Life Orb
|faint|p1a: Terminator
|-end|p1a: Terminator|Quark Drive|[silent]
|
|upkeep
|
|t:|1758292820
|switch|p1a: Raichu|Raichu-Alola, M, shiny|100/100
|switch|p2a: Kyurem|Kyurem, shiny|34/100
|-ability|p2a: Kyurem|Pressure
|turn|9
|
|t:|1758292829
|move|p1a: Raichu|Thunderbolt|p2a: Kyurem
|-resisted|p2a: Kyurem
|-damage|p2a: Kyurem|0 fnt
|faint|p2a: Kyurem
|
|upkeep
|inactive|Gil_Kenobi has 90 seconds left.
|
|t:|1758292873
|switch|p2a: Galvantula|Galvantula, F|100/100
|turn|10
|
|t:|1758292885
|move|p1a: Raichu|Thunderbolt|p2a: Galvantula
|-resisted|p2a: Galvantula
|-damage|p2a: Galvantula|31/100
|move|p2a: Galvantula|Bug Buzz|p1a: Raichu
|-supereffective|p1a: Raichu
|-damage|p1a: Raichu|0 fnt
|faint|p1a: Raichu
|
|-fieldend|move: Electric Terrain
|upkeep
|
|t:|1758292888
|switch|p1a: Pincurchin|Pincurchin, F, shiny|30/100
|-fieldstart|move: Electric Terrain|[from] ability: Electric Surge|[of] p1a: Pincurchin
|turn|11
|inactive|Gil_Kenobi has 90 seconds left.
|
|t:|1758292903
|move|p2a: Galvantula|Bug Buzz|p1a: Pincurchin
|-crit|p1a: Pincurchin
|-damage|p1a: Pincurchin|0 fnt
|faint|p1a: Pincurchin
|
|upkeep
|
|t:|1758292914
|switch|p1a: Iron Treads|Iron Treads, shiny|41/100
|-activate|p1a: Iron Treads|ability: Quark Drive
|-start|p1a: Iron Treads|quarkdrivespe
|turn|12
|inactive|Gil_Kenobi has 90 seconds left.
|
|t:|1758292951
|move|p1a: Iron Treads|Earthquake|p2a: Galvantula
|-damage|p2a: Galvantula|0 fnt
|faint|p2a: Galvantula
|
|upkeep
|
|t:|1758292957
|switch|p2a: Mismagius|Mismagius, F|100/100
|turn|13
|
|t:|1758292963
|move|p1a: Iron Treads|Iron Head|p2a: Mismagius
|-crit|p2a: Mismagius
|-damage|p2a: Mismagius|0 fnt
|faint|p2a: Mismagius
|
|upkeep
|
|t:|1758292966
|switch|p2a: Samurott|Samurott-Hisui, F|100/100
|turn|14
|
|t:|1758292975
|-terastallize|p2a: Samurott|Fighting
|move|p1a: Iron Treads|Earthquake|p2a: Samurott
|-damage|p2a: Samurott|42/100
|move|p2a: Samurott|Ceaseless Edge|p1a: Iron Treads
|-damage|p1a: Iron Treads|0 fnt
|-sidestart|p1: HumanPersonThing|Spikes
|faint|p1a: Iron Treads
|-end|p1a: Iron Treads|Quark Drive|[silent]
|-damage|p2a: Samurott|32/100|[from] item: Life Orb
|
|upkeep
|
|t:|1758292981
|switch|p1a: Iron Jugulis|Iron Jugulis|100/100
|-activate|p1a: Iron Jugulis|ability: Quark Drive
|-start|p1a: Iron Jugulis|quarkdrivespe
|turn|15
|
|t:|1758292985
|move|p1a: Iron Jugulis|Air Slash|p2a: Samurott
|-supereffective|p2a: Samurott
|-damage|p2a: Samurott|0 fnt
|faint|p2a: Samurott
|
|win|HumanPersonThing
|raw|HumanPersonThing's rating: 1252 &rarr; <strong>1277</strong><br />(+25 for winning)
|raw|Gil_Kenobi's rating: 1253 &rarr; <strong>1228</strong><br />(-25 for losing)
|l|☆HumanPersonThing
|player|p1|
