|j|☆Gym Leader Bert
|j|☆Uuggy2
|t:|1758310332
|gametype|singles
|player|p1|Gym Leader Bert|gentleman-gen4|1233
|player|p2|Uuggy2|169|1213
|gen|9
|tier|[Gen 9] OU
|rated|
|rule|HP Percentage Mod: HP is shown in percentages
|rule|Endless Battle Clause: Forcing endless battles is banned
|rule|Species Clause: Limit one of each Pokémon
|rule|OHKO Clause: OHKO moves are banned
|rule|Evasion Items Clause: Evasion items are banned
|rule|Evasion Moves Clause: Evasion moves are banned
|rule|Evasion Abilities Clause: Evasion abilities are banned
|rule|Sleep Moves Clause: Sleep-inducing moves are banned
|clearpoke
|poke|p1|Torkoal, M|
|poke|p1|Hatterene, F|
|poke|p1|Walking Wake|
|poke|p1|Dragapult, M|
|poke|p1|Indeedee, M|
|poke|p1|Ariados, M|
|poke|p2|Ninetales, M|
|poke|p2|Walking Wake|
|poke|p2|Great Tusk|
|poke|p2|Garganacl, M|
|poke|p2|Raging Bolt|
|poke|p2|Kingambit, M|
|teampreview
|
|t:|1758310343
|teamsize|p1|6
|teamsize|p2|6
|start
|switch|p1a: Walking Wake|Walking Wake|100/100
|switch|p2a: Walking Wake|Walking Wake|100/100
|turn|1
|
|t:|1758310352
|-end|p2a: Walking Wake|Protosynthesis|[silent]
|switch|p2a: Kingambit|Kingambit, M|100/100
|move|p1a: Walking Wake|Draco Meteor|p2a: Kingambit
|-resisted|p2a: Kingambit
|-damage|p2a: Kingambit|52/100
|-unboost|p1a: Walking Wake|spa|2
|
|-heal|p2a: Kingambit|58/100|[from] item: Leftovers
|upkeep
|turn|2
|
|t:|1758310361
|-end|p1a: Walking Wake|Protosynthesis|[silent]
|switch|p1a: Sun God Koal|Torkoal, M|100/100
|-weather|SunnyDay|[from] ability: Drought|[of] p1a: Sun God Koal
|move|p2a: Kingambit|Iron Head|p1a: Sun God Koal
|-resisted|p1a: Sun God Koal
|-damage|p1a: Sun God Koal|84/100
|
|-weather|SunnyDay|[upkeep]
|-heal|p2a: Kingambit|64/100|[from] item: Leftovers
|upkeep
|turn|3
|
|t:|1758310368
|-end|p2a: Kingambit|fallenundefined|[silent]
|switch|p2a: Walking Wake|Walking Wake|100/100
|-activate|p2a: Walking Wake|ability: Protosynthesis
|-start|p2a: Walking Wake|protosynthesisspe
|move|p1a: Sun God Koal|Stealth Rock|p2a: Walking Wake
|-sidestart|p2: Uuggy2|move: Stealth Rock
|
|-weather|SunnyDay|[upkeep]
|upkeep
|turn|4
|
|t:|1758310376
|switch|p1a: Indeedee|Indeedee, M|100/100
|-fieldstart|move: Psychic Terrain|[from] ability: Psychic Surge|[of] p1a: Indeedee
|move|p2a: Walking Wake|Draco Meteor|p1a: Indeedee
|-damage|p1a: Indeedee|0 fnt
|-unboost|p2a: Walking Wake|spa|2
|faint|p1a: Indeedee
|
|-weather|SunnyDay|[upkeep]
|upkeep
|
|t:|1758310388
|switch|p1a: Hatterene|Hatterene, F|100/100
|turn|5
|
|t:|1758310392
|-end|p2a: Walking Wake|Protosynthesis|[silent]
|switch|p2a: Garganacl|Garganacl, M|100/100
|-damage|p2a: Garganacl|88/100|[from] Stealth Rock
|move|p1a: Hatterene|Trick Room|p1a: Hatterene
|-fieldstart|move: Trick Room|[of] p1a: Hatterene
|
|-weather|SunnyDay|[upkeep]
|-heal|p2a: Garganacl|94/100|[from] item: Leftovers
|upkeep
|turn|6
|
|t:|1758310398
|move|p1a: Hatterene|Psychic|p2a: Garganacl
|-damage|p2a: Garganacl|35/100
|move|p2a: Garganacl|Salt Cure|p1a: Hatterene
|-damage|p1a: Hatterene|85/100
|-start|p1a: Hatterene|Salt Cure
|
|-weather|none
|-heal|p2a: Garganacl|41/100|[from] item: Leftovers
|-damage|p1a: Hatterene|73/100|[from] Salt Cure
|upkeep
|turn|7
|
|t:|1758310405
|switch|p1a: Sun God Koal|Torkoal, M|84/100
|-weather|SunnyDay|[from] ability: Drought|[of] p1a: Sun God Koal
|move|p2a: Garganacl|Protect||[still]
|-fail|p2a: Garganacl
|
|-weather|SunnyDay|[upkeep]
|-heal|p2a: Garganacl|47/100|[from] item: Leftovers
|upkeep
|turn|8
|
|t:|1758310412
|move|p2a: Garganacl|Protect|p2a: Garganacl
|-singleturn|p2a: Garganacl|Protect
|move|p1a: Sun God Koal|Overheat|p2a: Garganacl
|-activate|p2a: Garganacl|move: Protect
|
|-weather|SunnyDay|[upkeep]
|-heal|p2a: Garganacl|53/100|[from] item: Leftovers
|-fieldend|move: Psychic Terrain
|upkeep
|turn|9
|
|t:|1758310419
|move|p1a: Sun God Koal|Solar Beam||[still]
|-prepare|p1a: Sun God Koal|Solar Beam
|-anim|p1a: Sun God Koal|Solar Beam|p2a: Garganacl
|-supereffective|p2a: Garganacl
|-damage|p2a: Garganacl|0 fnt
|faint|p2a: Garganacl
|
|-weather|SunnyDay|[upkeep]
|-fieldend|move: Trick Room
|upkeep
|
|t:|1758310425
|switch|p2a: Walking Wake|Walking Wake|100/100
|-damage|p2a: Walking Wake|88/100|[from] Stealth Rock
|-activate|p2a: Walking Wake|ability: Protosynthesis
|-start|p2a: Walking Wake|protosynthesisspe
|turn|10
|
|t:|1758310433
|move|p2a: Walking Wake|Hydro Steam|p1a: Sun God Koal
|-supereffective|p1a: Sun God Koal
|-damage|p1a: Sun God Koal|0 fnt
|faint|p1a: Sun God Koal
|
|-weather|SunnyDay|[upkeep]
|upkeep
|
|t:|1758310441
|switch|p1a: Walking Wake|Walking Wake|100/100
|-activate|p1a: Walking Wake|ability: Protosynthesis
|-start|p1a: Walking Wake|protosynthesisspe
|turn|11
|
|t:|1758310447
|-end|p2a: Walking Wake|Protosynthesis|[silent]
|switch|p2a: Kingambit|Kingambit, M|64/100
|-damage|p2a: Kingambit|58/100|[from] Stealth Rock
|-activate|p2a: Kingambit|ability: Supreme Overlord
|-start|p2a: Kingambit|fallen1|[silent]
|move|p1a: Walking Wake|Hydro Steam|p2a: Kingambit
|-crit|p2a: Kingambit
|-damage|p2a: Kingambit|0 fnt
|faint|p2a: Kingambit
|-end|p2a: Kingambit|fallen1|[silent]
|
|-weather|none
|-end|p1a: Walking Wake|Protosynthesis
|upkeep
|
|t:|1758310452
|switch|p2a: Raging Bolt|Raging Bolt|100/100
|-damage|p2a: Raging Bolt|88/100|[from] Stealth Rock
|turn|12
|
|t:|1758310457
|-end|p1a: Walking Wake|Protosynthesis|[silent]
|switch|p1a: Hatterene|Hatterene, F|73/100
|move|p2a: Raging Bolt|Dragon Pulse|p1a: Hatterene
|-immune|p1a: Hatterene
|
|-heal|p2a: Raging Bolt|94/100|[from] item: Leftovers
|upkeep
|turn|13
|
|t:|1758310459
|move|p2a: Raging Bolt|Thunderbolt|p1a: Hatterene
|-damage|p1a: Hatterene|12/100
|move|p1a: Hatterene|Trick Room|p1a: Hatterene
|-fieldstart|move: Trick Room|[of] p1a: Hatterene
|
|-heal|p2a: Raging Bolt|100/100|[from] item: Leftovers
|upkeep
|turn|14
|
|t:|1758310491
|move|p1a: Hatterene|Draining Kiss|p2a: Raging Bolt
|-supereffective|p2a: Raging Bolt
|-crit|p2a: Raging Bolt
|-damage|p2a: Raging Bolt|25/100
|-heal|p1a: Hatterene|98/100|[from] drain|[of] p2a: Raging Bolt
|move|p2a: Raging Bolt|Calm Mind|p2a: Raging Bolt
|-boost|p2a: Raging Bolt|spa|1
|-boost|p2a: Raging Bolt|spd|1
|
|-heal|p2a: Raging Bolt|31/100|[from] item: Leftovers
|upkeep
|turn|15
|
|t:|1758310496
|move|p2a: Raging Bolt|Thunderclap|p1a: Hatterene
|-damage|p1a: Hatterene|25/100
|move|p1a: Hatterene|Draining Kiss|p2a: Raging Bolt
|-supereffective|p2a: Raging Bolt
|-damage|p2a: Raging Bolt|0 fnt
|-heal|p1a: Hatterene|60/100|[from] drain|[of] p2a: Raging Bolt
|faint|p2a: Raging Bolt
|-end|p2a: Raging Bolt|Protosynthesis|[silent]
|
|upkeep
|
|t:|1758310503
|switch|p2a: Ninetales|Ninetales, M|100/100
|-damage|p2a: Ninetales|76/100|[from] Stealth Rock
|-weather|SunnyDay|[from] ability: Drought|[of] p2a: Ninetales
|turn|16
|
|t:|1758310512
|move|p1a: Hatterene|Psychic|p2a: Ninetales
|-damage|p2a: Ninetales|17/100
|move|p2a: Ninetales|Solar Beam||[still]
|-prepare|p2a: Ninetales|Solar Beam
|-anim|p2a: Ninetales|Solar Beam|p1a: Hatterene
|-damage|p1a: Hatterene|24/100
|
|-weather|SunnyDay|[upkeep]
|upkeep
|turn|17
|
|t:|1758310515
|move|p1a: Hatterene|Psychic|p2a: Ninetales
|-damage|p2a: Ninetales|0 fnt
|faint|p2a: Ninetales
|
|-weather|SunnyDay|[upkeep]
|-fieldend|move: Trick Room
|upkeep
|
|t:|1758310519
|switch|p2a: Great Tusk|Great Tusk|100/100
|-activate|p2a: Great Tusk|ability: Protosynthesis
|-start|p2a: Great Tusk|protosynthesisatk
|turn|18
|
|t:|1758310533
|switch|p1a: Dragapult|Dragapult, M|100/100
|move|p2a: Great Tusk|Ice Spinner|p1a: Dragapult
|-supereffective|p1a: Dragapult
|-damage|p1a: Dragapult|4/100
|
|-weather|SunnyDay|[upkeep]
|upkeep
|turn|19
|
|t:|1758310542
|move|p1a: Dragapult|Phantom Force||[still]
|-prepare|p1a: Dragapult|Phantom Force
|move|p2a: Great Tusk|Ice Spinner|p1a: Dragapult|[miss]
|-miss|p2a: Great Tusk|p1a: Dragapult
|
|-weather|SunnyDay|[upkeep]
|upkeep
|turn|20
|
|t:|1758310546
|move|p1a: Dragapult|Phantom Force|p2a: Great Tusk|[from] lockedmove
|-damage|p2a: Great Tusk|65/100
|-heal|p1a: Dragapult|9/100|[from] item: Shell Bell|[of] p2a: Great Tusk
|move|p2a: Great Tusk|Ice Spinner|p1a: Dragapult
|-supereffective|p1a: Dragapult
|-damage|p1a: Dragapult|0 fnt
|faint|p1a: Dragapult
|
|-weather|SunnyDay|[upkeep]
|upkeep
|
|t:|1758310550
|switch|p1a: Ariados|Ariados, M|100/100
|turn|21
|
|t:|1758310565
|move|p2a: Great Tusk|Rapid Spin|p1a: Ariados
|-damage|p1a: Ariados|71/100
|-boost|p2a: Great Tusk|spe|1
|-sideend|p2: Uuggy2|Stealth Rock|[from] move: Rapid Spin|[of] p2a: Great Tusk
|move|p1a: Ariados|Psychic|p2a: Great Tusk
|-supereffective|p2a: Great Tusk
|-damage|p2a: Great Tusk|26/100
|
|-weather|SunnyDay|[upkeep]
|upkeep
|turn|22
|
|t:|1758310586
|-terastallize|p2a: Great Tusk|Steel
|move|p2a: Great Tusk|Rapid Spin|p1a: Ariados
|-damage|p1a: Ariados|41/100
|-boost|p2a: Great Tusk|spe|1
|move|p1a: Ariados|Psychic|p2a: Great Tusk
|-resisted|p2a: Great Tusk
|-damage|p2a: Great Tusk|16/100
|
|-weather|SunnyDay|[upkeep]
|upkeep
|turn|23
|
|t:|1758310599
|move|p2a: Great Tusk|Headlong Rush|p1a: Ariados
|-damage|p1a: Ariados|0 fnt
|-unboost|p2a: Great Tusk|def|1
|-unboost|p2a: Great Tusk|spd|1
|faint|p1a: Ariados
|
|-weather|none
|-end|p2a: Great Tusk|Protosynthesis
|upkeep
|
|t:|1758310603
|switch|p1a: Walking Wake|Walking Wake|100/100
|turn|24
|
|t:|1758310615
|move|p2a: Great Tusk|Close Combat|p1a: Walking Wake
|-damage|p1a: Walking Wake|36/100
|-unboost|p2a: Great Tusk|def|1
|-unboost|p2a: Great Tusk|spd|1
|move|p1a: Walking Wake|Draco Meteor|p2a: Great Tusk
|-resisted|p2a: Great Tusk
|-damage|p2a: Great Tusk|0 fnt
|-unboost|p1a: Walking Wake|spa|2
|faint|p2a: Great Tusk
|-end|p2a: Great Tusk|Protosynthesis|[silent]
|
|upkeep
|
|t:|1758310618
|switch|p2a: Walking Wake|Walking Wake|88/100
|turn|25
|
|t:|1758310626
|-end|p1a: Walking Wake|Protosynthesis|[silent]
|switch|p1a: Hatterene|Hatterene, F|24/100
|move|p2a: Walking Wake|Hydro Steam|p1a: Hatterene
|-damage|p1a: Hatterene|0 fnt
|faint|p1a: Hatterene
|
|upkeep
|
|t:|1758310629
|switch|p1a: Walking Wake|Walking Wake|36/100
|turn|26
|
|t:|1758310631
|move|p1a: Walking Wake|Draco Meteor|p2a: Walking Wake
|-supereffective|p2a: Walking Wake
|-damage|p2a: Walking Wake|0 fnt
|-unboost|p1a: Walking Wake|spa|2
|faint|p2a: Walking Wake
|-end|p2a: Walking Wake|Protosynthesis|[silent]
|
|win|Gym Leader Bert
|raw|Gym Leader Bert's rating: 1233 &rarr; <strong>1257</strong><br />(+24 for winning)
|raw|Uuggy2's rating: 1213 &rarr; <strong>1189</strong><br />(-24 for losing)
|l|☆Uuggy2
|player|p2|
|l|☆Gym Leader Bert
|player|p1|
