|j|☆jojosworld
|j|☆Aflyingmermaid
|t:|1758300805
|gametype|singles
|player|p1|jojosworld|cynthia|1628
|player|p2|Aflyingmermaid|266|1598
|gen|9
|tier|[Gen 9] OU
|rated|
|rule|HP Percentage Mod: HP is shown in percentages
|rule|Endless Battle Clause: Forcing endless battles is banned
|rule|Species Clause: Limit one of each Pokémon
|rule|OHKO Clause: OHKO moves are banned
|rule|Evasion Items Clause: Evasion items are banned
|rule|Evasion Moves Clause: Evasion moves are banned
|rule|Evasion Abilities Clause: Evasion abilities are banned
|rule|Sleep Moves Clause: Sleep-inducing moves are banned
|clearpoke
|poke|p1|Alomomola, M|
|poke|p1|Corviknight, M|
|poke|p1|Clodsire, F|
|poke|p1|Garganacl, F|
|poke|p1|Enamorus, F|
|poke|p1|Incineroar, M|
|poke|p2|Landorus-Therian, M|
|poke|p2|Samurott-Hisui, M|
|poke|p2|Pecharunt|
|poke|p2|Scizor, M|
|poke|p2|Latios, M|
|poke|p2|Zamazenta-*|
|teampreview
|inactive|Battle timer is ON: inactive players will automatically lose when time's up. (requested by jojosworld)
|
|t:|1758300833
|teamsize|p1|6
|teamsize|p2|6
|start
|switch|p1a: Alomomola|Alomomola, M, shiny|100/100
|switch|p2a: Scizor|Scizor, M|100/100
|turn|1
|
|t:|1758300837
|move|p2a: Scizor|Knock Off|p1a: Alomomola
|-damage|p1a: Alomomola|82/100
|-enditem|p1a: Alomomola|Heavy-Duty Boots|[from] move: Knock Off|[of] p2a: Scizor
|move|p1a: Alomomola|Flip Turn|p2a: Scizor
|-damage|p2a: Scizor|80/100
|
|t:|1758300846
|switch|p1a: Garganacl|Garganacl, F, shiny|100/100|[from] Flip Turn
|
|upkeep
|turn|2
|
|t:|1758300863
|move|p2a: Scizor|Knock Off|p1a: Garganacl
|-crit|p1a: Garganacl
|-damage|p1a: Garganacl|63/100
|-enditem|p1a: Garganacl|Leftovers|[from] move: Knock Off|[of] p2a: Scizor
|move|p1a: Garganacl|Salt Cure|p2a: Scizor
|-damage|p2a: Scizor|64/100
|-start|p2a: Scizor|Salt Cure
|
|-damage|p2a: Scizor|39/100|[from] Salt Cure
|upkeep
|turn|3
|
|t:|1758300871
|switch|p2a: Landorus|Landorus-Therian, M|100/100
|-ability|p2a: Landorus|Intimidate|boost
|-unboost|p1a: Garganacl|atk|1
|move|p1a: Garganacl|Recover|p1a: Garganacl
|-heal|p1a: Garganacl|100/100
|
|upkeep
|turn|4
|j| Cello L.
|
|t:|1758300880
|move|p2a: Landorus|Stealth Rock|p1a: Garganacl
|-sidestart|p1: jojosworld|move: Stealth Rock
|move|p1a: Garganacl|Salt Cure|p2a: Landorus
|-damage|p2a: Landorus|91/100
|-start|p2a: Landorus|Salt Cure
|
|-damage|p2a: Landorus|79/100|[from] Salt Cure
|upkeep
|turn|5
|
|t:|1758300890
|switch|p2a: Samurott|Samurott-Hisui, M|100/100
|switch|p1a: Alomomola|Alomomola, M, shiny|100/100
|-damage|p1a: Alomomola|88/100|[from] Stealth Rock
|
|upkeep
|turn|6
|inactive|Aflyingmermaid has 120 seconds left.
|
|t:|1758300924
|move|p2a: Samurott|Knock Off|p1a: Alomomola
|-damage|p1a: Alomomola|70/100
|move|p1a: Alomomola|Flip Turn|p2a: Samurott
|-resisted|p2a: Samurott
|-damage|p2a: Samurott|91/100
|
|t:|1758300929
|switch|p1a: Enamorus|Enamorus, F, shiny|100/100|[from] Flip Turn
|-damage|p1a: Enamorus|76/100|[from] Stealth Rock
|
|upkeep
|turn|7
|j| IM AT MY LIMIT
|inactive|Aflyingmermaid has 120 seconds left.
|
|t:|1758300945
|switch|p2a: Pecharunt|Pecharunt|100/100
|move|p1a: Enamorus|Moonblast|p2a: Pecharunt
|-resisted|p2a: Pecharunt
|-damage|p2a: Pecharunt|74/100
|-unboost|p2a: Pecharunt|spa|1
|
|upkeep
|turn|8
|inactive|Aflyingmermaid has 120 seconds left.
|
|t:|1758300962
|switch|p1a: Garganacl|Garganacl, F, shiny|100/100
|-damage|p1a: Garganacl|88/100|[from] Stealth Rock
|move|p2a: Pecharunt|Malignant Chain|p1a: Garganacl
|-resisted|p1a: Garganacl
|-damage|p1a: Garganacl|81/100
|
|upkeep
|turn|9
|inactive|Aflyingmermaid has 120 seconds left.
|
|t:|1758300968
|move|p2a: Pecharunt|Parting Shot|p1a: Garganacl
|-unboost|p1a: Garganacl|atk|1
|-unboost|p1a: Garganacl|spa|1
|inactive|Aflyingmermaid has 120 seconds left.
|
|t:|1758300984
|switch|p2a: Samurott|Samurott-Hisui, M|91/100|[from] Parting Shot
|move|p1a: Garganacl|Salt Cure|p2a: Samurott
|-damage|p2a: Samurott|80/100
|-start|p2a: Samurott|Salt Cure
|
|-damage|p2a: Samurott|55/100|[from] Salt Cure
|upkeep
|turn|10
|
|t:|1758300987
|switch|p2a: Latios|Latios, M|100/100
|switch|p1a: Alomomola|Alomomola, M, shiny|100/100
|-damage|p1a: Alomomola|88/100|[from] Stealth Rock
|
|upkeep
|turn|11
|
|t:|1758300996
|move|p1a: Alomomola|Protect|p1a: Alomomola
|-singleturn|p1a: Alomomola|Protect
|move|p2a: Latios|Calm Mind|p2a: Latios
|-boost|p2a: Latios|spa|1
|-boost|p2a: Latios|spd|1
|
|upkeep
|turn|12
|
|t:|1758301001
|switch|p1a: Incineroar|Incineroar, M, shiny|100/100
|-ability|p1a: Incineroar|Intimidate|boost
|-unboost|p2a: Latios|atk|1
|move|p2a: Latios|Calm Mind|p2a: Latios
|-boost|p2a: Latios|spa|1
|-boost|p2a: Latios|spd|1
|
|upkeep
|turn|13
|
|t:|1758301006
|move|p2a: Latios|Draco Meteor|p1a: Incineroar
|-damage|p1a: Incineroar|0 fnt
|-unboost|p2a: Latios|spa|2
|faint|p1a: Incineroar
|
|upkeep
|
|t:|1758301012
|switch|p1a: Garganacl|Garganacl, F, shiny|81/100
|-damage|p1a: Garganacl|69/100|[from] Stealth Rock
|turn|14
|l| Cello L.
|
|t:|1758301026
|move|p2a: Latios|Psychic Noise|p1a: Garganacl
|-damage|p1a: Garganacl|34/100
|-start|p1a: Garganacl|move: Heal Block
|move|p1a: Garganacl|Salt Cure|p2a: Latios
|-damage|p2a: Latios|82/100
|-start|p2a: Latios|Salt Cure
|
|-damage|p2a: Latios|69/100|[from] Salt Cure
|upkeep
|turn|15
|
|t:|1758301036
|switch|p1a: Corviknight|Corviknight, M, shiny|100/100
|-damage|p1a: Corviknight|88/100|[from] Stealth Rock
|-ability|p1a: Corviknight|Pressure
|move|p2a: Latios|Calm Mind|p2a: Latios
|-boost|p2a: Latios|spa|1
|-boost|p2a: Latios|spd|1
|
|-damage|p2a: Latios|57/100|[from] Salt Cure
|upkeep
|turn|16
|
|t:|1758301053
|switch|p2a: Landorus|Landorus-Therian, M|79/100
|-ability|p2a: Landorus|Intimidate|boost
|-unboost|p1a: Corviknight|atk|1
|move|p1a: Corviknight|U-turn|p2a: Landorus
|-resisted|p2a: Landorus
|-damage|p2a: Landorus|73/100
|-damage|p1a: Corviknight|71/100|[from] item: Rocky Helmet|[of] p2a: Landorus
|
|t:|1758301056
|switch|p1a: Alomomola|Alomomola, M, shiny|100/100|[from] U-turn
|-damage|p1a: Alomomola|88/100|[from] Stealth Rock
|
|upkeep
|turn|17
|j| mResss
|
|t:|1758301067
|move|p2a: Landorus|U-turn|p1a: Alomomola
|-crit|p1a: Alomomola
|-damage|p1a: Alomomola|71/100
|l| mResss
|
|t:|1758301069
|switch|p2a: Samurott|Samurott-Hisui, M|55/100|[from] U-turn
|move|p1a: Alomomola|Wish|p1a: Alomomola
|
|upkeep
|turn|18
|
|t:|1758301075
|move|p2a: Samurott|Ceaseless Edge|p1a: Alomomola
|-crit|p1a: Alomomola
|-damage|p1a: Alomomola|33/100
|-sidestart|p1: jojosworld|Spikes
|move|p1a: Alomomola|Flip Turn|p2a: Samurott
|-resisted|p2a: Samurott
|-damage|p2a: Samurott|45/100
|
|t:|1758301077
|switch|p1a: Garganacl|Garganacl, F, shiny|34/100|[from] Flip Turn
|-damage|p1a: Garganacl|22/100|[from] Stealth Rock
|-damage|p1a: Garganacl|9/100|[from] Spikes
|
|-heal|p1a: Garganacl|75/100|[from] move: Wish|[wisher] Alomomola
|upkeep
|turn|19
|
|t:|1758301088
|move|p2a: Samurott|Razor Shell|p1a: Garganacl
|-supereffective|p1a: Garganacl
|-damage|p1a: Garganacl|4/100
|-unboost|p1a: Garganacl|def|1
|move|p1a: Garganacl|Salt Cure|p2a: Samurott
|-damage|p2a: Samurott|29/100
|-start|p2a: Samurott|Salt Cure
|
|-damage|p2a: Samurott|5/100|[from] Salt Cure
|upkeep
|turn|20
|inactive|Aflyingmermaid has 120 seconds left.
|
|t:|1758301125
|switch|p2a: Latios|Latios, M|57/100
|move|p1a: Garganacl|Recover|p1a: Garganacl
|-heal|p1a: Garganacl|54/100
|
|upkeep
|turn|21
|inactive|Aflyingmermaid has 120 seconds left.
|
|t:|1758301135
|switch|p1a: Corviknight|Corviknight, M, shiny|71/100
|-damage|p1a: Corviknight|59/100|[from] Stealth Rock
|-ability|p1a: Corviknight|Pressure
|move|p2a: Latios|Draco Meteor|p1a: Corviknight|[miss]
|-miss|p2a: Latios|p1a: Corviknight
|
|upkeep
|turn|22
|
|t:|1758301144
|move|p2a: Latios|Calm Mind|p2a: Latios
|-boost|p2a: Latios|spa|1
|-boost|p2a: Latios|spd|1
|move|p1a: Corviknight|Defog|p2a: Latios
|-unboost|p2a: Latios|evasion|1
|-sideend|p1: jojosworld|Spikes|[from] move: Defog|[of] p1a: Corviknight
|-sideend|p1: jojosworld|Stealth Rock|[from] move: Defog|[of] p1a: Corviknight
|
|upkeep
|turn|23
|
|t:|1758301149
|move|p2a: Latios|Calm Mind|p2a: Latios
|-boost|p2a: Latios|spa|1
|-boost|p2a: Latios|spd|1
|move|p1a: Corviknight|U-turn|p2a: Latios
|-supereffective|p2a: Latios
|-crit|p2a: Latios
|-damage|p2a: Latios|0 fnt
|faint|p2a: Latios
|
|t:|1758301153
|switch|p1a: Alomomola|Alomomola, M, shiny|66/100|[from] U-turn
|
|upkeep
|
|t:|1758301157
|switch|p2a: Samurott|Samurott-Hisui, M|5/100
|turn|24
|
|t:|1758301161
|move|p2a: Samurott|Ceaseless Edge|p1a: Alomomola
|-damage|p1a: Alomomola|39/100
|-sidestart|p1: jojosworld|Spikes
|move|p1a: Alomomola|Wish|p1a: Alomomola
|
|upkeep
|turn|25
|
|t:|1758301167
|move|p1a: Alomomola|Protect|p1a: Alomomola
|-singleturn|p1a: Alomomola|Protect
|move|p2a: Samurott|Ceaseless Edge|p1a: Alomomola
|-activate|p1a: Alomomola|move: Protect
|
|-heal|p1a: Alomomola|89/100|[from] move: Wish|[wisher] Alomomola
|upkeep
|turn|26
|
|t:|1758301169
|move|p2a: Samurott|Ceaseless Edge|p1a: Alomomola
|-damage|p1a: Alomomola|62/100
|-sidestart|p1: jojosworld|Spikes
|move|p1a: Alomomola|Wish|p1a: Alomomola
|
|upkeep
|turn|27
|
|t:|1758301173
|move|p2a: Samurott|Ceaseless Edge|p1a: Alomomola
|-damage|p1a: Alomomola|37/100
|-sidestart|p1: jojosworld|Spikes
|move|p1a: Alomomola|Flip Turn|p2a: Samurott
|-resisted|p2a: Samurott
|-damage|p2a: Samurott|0 fnt
|faint|p2a: Samurott
|
|t:|1758301183
|switch|p1a: Corviknight|Corviknight, M, shiny|59/100|[from] Flip Turn
|-ability|p1a: Corviknight|Pressure
|
|-heal|p1a: Corviknight|100/100|[from] move: Wish|[wisher] Alomomola
|upkeep
|
|t:|1758301199
|switch|p2a: Scizor|Scizor, M|39/100
|turn|28
|
|t:|1758301201
|move|p2a: Scizor|Swords Dance|p2a: Scizor
|-boost|p2a: Scizor|atk|2
|move|p1a: Corviknight|Defog|p2a: Scizor
|-unboost|p2a: Scizor|evasion|1
|-sideend|p1: jojosworld|Spikes|[from] move: Defog|[of] p1a: Corviknight
|
|upkeep
|turn|29
|
|t:|1758301204
|-terastallize|p2a: Scizor|Electric
|move|p2a: Scizor|Tera Blast|p1a: Corviknight|[anim] Tera Blast Electric
|-supereffective|p1a: Corviknight
|-damage|p1a: Corviknight|0 fnt
|faint|p1a: Corviknight
|
|upkeep
|
|t:|1758301211
|switch|p1a: Clodsire|Clodsire, F, shiny|100/100
|turn|30
|
|t:|1758301215
|move|p2a: Scizor|Knock Off|p1a: Clodsire
|-damage|p1a: Clodsire|12/100
|-enditem|p1a: Clodsire|Heavy-Duty Boots|[from] move: Knock Off|[of] p2a: Scizor
|move|p1a: Clodsire|Earthquake|p2a: Scizor
|-supereffective|p2a: Scizor
|-damage|p2a: Scizor|0 fnt
|faint|p2a: Scizor
|
|upkeep
|
|t:|1758301234
|switch|p2a: Landorus|Landorus-Therian, M|73/100
|-ability|p2a: Landorus|Intimidate|boost
|-unboost|p1a: Clodsire|atk|1
|turn|31
|
|t:|1758301237
|move|p2a: Landorus|Smack Down|p1a: Clodsire
|-resisted|p1a: Clodsire
|-damage|p1a: Clodsire|4/100
|move|p1a: Clodsire|Toxic|p2a: Landorus
|-status|p2a: Landorus|tox
|
|-damage|p2a: Landorus|67/100 tox|[from] psn
|upkeep
|turn|32
|
|t:|1758301240
|switch|p1a: Alomomola|Alomomola, M, shiny|71/100
|move|p2a: Landorus|U-turn|p1a: Alomomola
|-damage|p1a: Alomomola|59/100
|
|t:|1758301243
|switch|p2a: Zamazenta|Zamazenta|100/100|[from] U-turn
|-ability|p2a: Zamazenta|Dauntless Shield|boost
|-boost|p2a: Zamazenta|def|1
|
|upkeep
|turn|33
|
|t:|1758301252
|switch|p2a: Pecharunt|Pecharunt|74/100
|move|p1a: Alomomola|Wish|p1a: Alomomola
|
|upkeep
|turn|34
|
|t:|1758301259
|switch|p1a: Garganacl|Garganacl, F, shiny|54/100
|move|p2a: Pecharunt|Malignant Chain|p1a: Garganacl
|-resisted|p1a: Garganacl
|-damage|p1a: Garganacl|45/100
|
|-heal|p1a: Garganacl|100/100|[from] move: Wish|[wisher] Alomomola
|upkeep
|turn|35
|
|t:|1758301269
|move|p2a: Pecharunt|Parting Shot|p1a: Garganacl
|-unboost|p1a: Garganacl|atk|1
|-unboost|p1a: Garganacl|spa|1
|
|t:|1758301270
|switch|p2a: Landorus|Landorus-Therian, M|67/100 tox|[from] Parting Shot
|-ability|p2a: Landorus|Intimidate|boost
|-unboost|p1a: Garganacl|atk|1
|move|p1a: Garganacl|Salt Cure|p2a: Landorus
|-damage|p2a: Landorus|60/100 tox
|-start|p2a: Landorus|Salt Cure
|
|-damage|p2a: Landorus|54/100 tox|[from] psn
|-damage|p2a: Landorus|42/100 tox|[from] Salt Cure
|upkeep
|turn|36
|
|t:|1758301274
|switch|p1a: Alomomola|Alomomola, M, shiny|92/100
|move|p2a: Landorus|Stealth Rock|p1a: Alomomola
|-sidestart|p1: jojosworld|move: Stealth Rock
|
|-damage|p2a: Landorus|30/100 tox|[from] psn
|-damage|p2a: Landorus|18/100 tox|[from] Salt Cure
|upkeep
|turn|37
|
|t:|1758301278
|move|p2a: Landorus|U-turn|p1a: Alomomola
|-damage|p1a: Alomomola|80/100
|
|t:|1758301281
|switch|p2a: Pecharunt|Pecharunt|74/100|[from] U-turn
|move|p1a: Alomomola|Wish|p1a: Alomomola
|
|upkeep
|turn|38
|
|t:|1758301286
|move|p2a: Pecharunt|Malignant Chain|p1a: Alomomola
|-damage|p1a: Alomomola|44/100
|-status|p1a: Alomomola|tox
|-start|p1a: Alomomola|confusion|[from] ability: Poison Puppeteer|[of] p2a: Pecharunt
|-activate|p1a: Alomomola|confusion
|-damage|p1a: Alomomola|39/100 tox|[from] confusion
|
|-heal|p1a: Alomomola|89/100 tox|[from] move: Wish|[wisher] Alomomola
|-damage|p1a: Alomomola|83/100 tox|[from] psn
|upkeep
|turn|39
|
|t:|1758301293
|switch|p1a: Garganacl|Garganacl, F, shiny|100/100
|-damage|p1a: Garganacl|88/100|[from] Stealth Rock
|move|p2a: Pecharunt|Parting Shot|p1a: Garganacl
|-unboost|p1a: Garganacl|atk|1
|-unboost|p1a: Garganacl|spa|1
|
|t:|1758301300
|switch|p2a: Zamazenta|Zamazenta|100/100|[from] Parting Shot
|
|upkeep
|turn|40
|
|t:|1758301308
|switch|p1a: Clodsire|Clodsire, F, shiny|4/100
|-damage|p1a: Clodsire|0 fnt|[from] Stealth Rock
|faint|p1a: Clodsire
|move|p2a: Zamazenta|Roar|p1: Clodsire|[notarget]
|-fail|p2a: Zamazenta
|
|upkeep
|
|t:|1758301319
|switch|p1a: Garganacl|Garganacl, F, shiny|88/100
|-damage|p1a: Garganacl|76/100|[from] Stealth Rock
|turn|41
|
|t:|1758301337
|move|p2a: Zamazenta|Iron Defense|p2a: Zamazenta
|-boost|p2a: Zamazenta|def|2
|move|p1a: Garganacl|Salt Cure|p2a: Zamazenta
|-resisted|p2a: Zamazenta
|-damage|p2a: Zamazenta|98/100
|-start|p2a: Zamazenta|Salt Cure
|
|-heal|p2a: Zamazenta|100/100|[from] item: Leftovers
|-damage|p2a: Zamazenta|88/100|[from] Salt Cure
|upkeep
|turn|42
|l| IM AT MY LIMIT
|
|t:|1758301341
|switch|p1a: Alomomola|Alomomola, M, shiny|100/100 tox
|-damage|p1a: Alomomola|88/100 tox|[from] Stealth Rock
|move|p2a: Zamazenta|Body Press|p1a: Alomomola
|-damage|p1a: Alomomola|48/100 tox
|
|-heal|p2a: Zamazenta|94/100|[from] item: Leftovers
|-damage|p1a: Alomomola|42/100 tox|[from] psn
|-damage|p2a: Zamazenta|82/100|[from] Salt Cure
|upkeep
|turn|43
|
|t:|1758301345
|move|p2a: Zamazenta|Body Press|p1a: Alomomola
|-damage|p1a: Alomomola|0 fnt
|faint|p1a: Alomomola
|
|-heal|p2a: Zamazenta|88/100|[from] item: Leftovers
|-damage|p2a: Zamazenta|75/100|[from] Salt Cure
|upkeep
|
|t:|1758301347
|switch|p1a: Enamorus|Enamorus, F, shiny|76/100
|-damage|p1a: Enamorus|51/100|[from] Stealth Rock
|turn|44
|
|t:|1758301351
|switch|p2a: Landorus|Landorus-Therian, M|18/100 tox
|-ability|p2a: Landorus|Intimidate|boost
|-boost|p1a: Enamorus|atk|1
|move|p1a: Enamorus|Moonblast|p2a: Landorus
|-damage|p2a: Landorus|0 fnt
|faint|p2a: Landorus
|
|upkeep
|
|t:|1758301355
|switch|p2a: Pecharunt|Pecharunt|74/100
|turn|45
|
|t:|1758301363
|move|p1a: Enamorus|Moonblast|p2a: Pecharunt
|-resisted|p2a: Pecharunt
|-damage|p2a: Pecharunt|46/100
|-unboost|p2a: Pecharunt|spa|1
|move|p2a: Pecharunt|Malignant Chain|p1a: Enamorus
|-supereffective|p1a: Enamorus
|-damage|p1a: Enamorus|0 fnt
|faint|p1a: Enamorus
|
|upkeep
|
|t:|1758301364
|switch|p1a: Garganacl|Garganacl, F, shiny|76/100
|-damage|p1a: Garganacl|63/100|[from] Stealth Rock
|turn|46
|
|t:|1758301369
|move|p2a: Pecharunt|Malignant Chain|p1a: Garganacl
|-resisted|p1a: Garganacl
|-damage|p1a: Garganacl|56/100
|move|p1a: Garganacl|Curse|p1a: Garganacl
|-unboost|p1a: Garganacl|spe|1
|-boost|p1a: Garganacl|atk|1
|-boost|p1a: Garganacl|def|1
|
|upkeep
|turn|47
|
|t:|1758301373
|move|p2a: Pecharunt|Parting Shot|p1a: Garganacl
|-unboost|p1a: Garganacl|atk|1
|-unboost|p1a: Garganacl|spa|1
|
|t:|1758301374
|switch|p2a: Zamazenta|Zamazenta|75/100|[from] Parting Shot
|move|p1a: Garganacl|Curse|p1a: Garganacl
|-unboost|p1a: Garganacl|spe|1
|-boost|p1a: Garganacl|atk|1
|-boost|p1a: Garganacl|def|1
|
|-heal|p2a: Zamazenta|81/100|[from] item: Leftovers
|upkeep
|turn|48
|
|t:|1758301378
|-terastallize|p1a: Garganacl|Water
|move|p2a: Zamazenta|Iron Defense|p2a: Zamazenta
|-boost|p2a: Zamazenta|def|2
|move|p1a: Garganacl|Salt Cure|p2a: Zamazenta
|-resisted|p2a: Zamazenta
|-damage|p2a: Zamazenta|78/100
|-start|p2a: Zamazenta|Salt Cure
|
|-heal|p2a: Zamazenta|84/100|[from] item: Leftovers
|-damage|p2a: Zamazenta|71/100|[from] Salt Cure
|upkeep
|turn|49
|
|t:|1758301382
|move|p2a: Zamazenta|Iron Defense|p2a: Zamazenta
|-boost|p2a: Zamazenta|def|2
|move|p1a: Garganacl|Recover|p1a: Garganacl
|-heal|p1a: Garganacl|100/100
|
|-heal|p2a: Zamazenta|77/100|[from] item: Leftovers
|-damage|p2a: Zamazenta|65/100|[from] Salt Cure
|upkeep
|turn|50
|
|t:|1758301384
|move|p2a: Zamazenta|Iron Defense|p2a: Zamazenta
|-boost|p2a: Zamazenta|def|2
|move|p1a: Garganacl|Curse|p1a: Garganacl
|-unboost|p1a: Garganacl|spe|1
|-boost|p1a: Garganacl|atk|1
|-boost|p1a: Garganacl|def|1
|
|-heal|p2a: Zamazenta|71/100|[from] item: Leftovers
|-damage|p2a: Zamazenta|58/100|[from] Salt Cure
|upkeep
|turn|51
|
|t:|1758301387
|move|p2a: Zamazenta|Body Press|p1a: Garganacl
|-damage|p1a: Garganacl|59/100
|move|p1a: Garganacl|Curse|p1a: Garganacl
|-unboost|p1a: Garganacl|spe|1
|-boost|p1a: Garganacl|atk|1
|-boost|p1a: Garganacl|def|1
|
|-heal|p2a: Zamazenta|64/100|[from] item: Leftovers
|-damage|p2a: Zamazenta|52/100|[from] Salt Cure
|upkeep
|turn|52
|
|t:|1758301389
|move|p2a: Zamazenta|Body Press|p1a: Garganacl
|-damage|p1a: Garganacl|25/100
|move|p1a: Garganacl|Recover|p1a: Garganacl
|-heal|p1a: Garganacl|75/100
|
|-heal|p2a: Zamazenta|58/100|[from] item: Leftovers
|-damage|p2a: Zamazenta|46/100|[from] Salt Cure
|upkeep
|turn|53
|
|t:|1758301391
|move|p2a: Zamazenta|Body Press|p1a: Garganacl
|-damage|p1a: Garganacl|43/100
|move|p1a: Garganacl|Earthquake|p2a: Zamazenta
|-damage|p2a: Zamazenta|36/100
|
|-heal|p2a: Zamazenta|42/100|[from] item: Leftovers
|-damage|p2a: Zamazenta|29/100|[from] Salt Cure
|upkeep
|turn|54
|
|t:|1758301395
|move|p2a: Zamazenta|Body Press|p1a: Garganacl
|-damage|p1a: Garganacl|10/100
|move|p1a: Garganacl|Recover|p1a: Garganacl
|-heal|p1a: Garganacl|60/100
|
|-heal|p2a: Zamazenta|35/100|[from] item: Leftovers
|-damage|p2a: Zamazenta|23/100|[from] Salt Cure
|upkeep
|turn|55
|
|t:|1758301397
|move|p2a: Zamazenta|Body Press|p1a: Garganacl
|-damage|p1a: Garganacl|26/100
|move|p1a: Garganacl|Recover|p1a: Garganacl
|-heal|p1a: Garganacl|76/100
|
|-heal|p2a: Zamazenta|29/100|[from] item: Leftovers
|-damage|p2a: Zamazenta|16/100|[from] Salt Cure
|upkeep
|turn|56
|
|t:|1758301399
|move|p2a: Zamazenta|Body Press|p1a: Garganacl
|-damage|p1a: Garganacl|46/100
|move|p1a: Garganacl|Earthquake|p2a: Zamazenta
|-damage|p2a: Zamazenta|6/100
|
|-heal|p2a: Zamazenta|12/100|[from] item: Leftovers
|-damage|p2a: Zamazenta|0 fnt|[from] Salt Cure
|faint|p2a: Zamazenta
|upkeep
|
|t:|1758301402
|switch|p2a: Pecharunt|Pecharunt|46/100
|turn|57
|
|t:|1758301404
|move|p2a: Pecharunt|Malignant Chain|p1a: Garganacl
|-damage|p1a: Garganacl|24/100
|move|p1a: Garganacl|Recover|p1a: Garganacl
|-heal|p1a: Garganacl|74/100
|
|upkeep
|turn|58
|
|t:|1758301409
|move|p2a: Pecharunt|Malignant Chain|p1a: Garganacl
|-damage|p1a: Garganacl|55/100
|move|p1a: Garganacl|Earthquake|p2a: Pecharunt
|-supereffective|p2a: Pecharunt
|-damage|p2a: Pecharunt|0 fnt
|faint|p2a: Pecharunt
|
|win|jojosworld
|raw|jojosworld's rating: 1628 &rarr; <strong>1646</strong><br />(+18 for winning)
|raw|Aflyingmermaid's rating: 1598 &rarr; <strong>1580</strong><br />(-18 for losing)
|c|☆jojosworld|gg
