|j|☆Ima ghost - Booo!
|j|☆V. Al Sorna
|t:|1758323745
|gametype|singles
|player|p1|Ima ghost - Booo!|shauntal|1147
|player|p2|V. Al Sorna|266|1201
|gen|9
|tier|[Gen 9] OU
|rated|
|rule|HP Percentage Mod: HP is shown in percentages
|rule|Endless Battle Clause: Forcing endless battles is banned
|rule|Species Clause: Limit one of each Pokémon
|rule|OHKO Clause: OHKO moves are banned
|rule|Evasion Items Clause: Evasion items are banned
|rule|Evasion Moves Clause: Evasion moves are banned
|rule|Evasion Abilities Clause: Evasion abilities are banned
|rule|Sleep Moves Clause: Sleep-inducing moves are banned
|clearpoke
|poke|p1|Dragapult, M|
|poke|p1|Zoroark-Hisui, F|
|poke|p1|Darkrai|
|poke|p1|Ceruledge, F|
|poke|p1|Mimikyu, M|
|poke|p1|Oricorio-Sensu, F|
|poke|p2|Zapdos|
|poke|p2|Ceruledge, M|
|poke|p2|Araquanid, F|
|poke|p2|Glimmora, M|
|poke|p2|Cinderace, M|
|poke|p2|Gliscor, F|
|teampreview
|inactive|Battle timer is ON: inactive players will automatically lose when time's up. (requested by V. Al Sorna)
|
|t:|1758323757
|teamsize|p1|6
|teamsize|p2|6
|start
|switch|p1a: Darkrai|Darkrai|100/100
|switch|p2a: Araquanid|Araquanid, F|100/100
|turn|1
|
|t:|1758323769
|move|p1a: Darkrai|Nasty Plot|p1a: Darkrai
|-boost|p1a: Darkrai|spa|2
|move|p2a: Araquanid|Sticky Web|p1a: Darkrai
|-sidestart|p1: Ima ghost - Booo!|move: Sticky Web
|
|upkeep
|turn|2
|
|t:|1758323774
|move|p1a: Darkrai|Hyper Voice|p2a: Araquanid
|-damage|p2a: Araquanid|24/100
|move|p2a: Araquanid|Surf|p1a: Darkrai
|-damage|p1a: Darkrai|0 fnt
|replace|p1a: Zoroark|Zoroark-Hisui, F
|-end|p1a: Zoroark|Illusion
|faint|p1a: Zoroark
|
|upkeep
|
|t:|1758323785
|switch|p1a: Mimikyu|Mimikyu, M|100/100
|-activate|p1a: Mimikyu|move: Sticky Web
|-unboost|p1a: Mimikyu|spe|1
|turn|3
|
|t:|1758323789
|move|p1a: Mimikyu|Shadow Sneak|p2a: Araquanid
|-damage|p2a: Araquanid|1/100
|-damage|p1a: Mimikyu|91/100|[from] item: Life Orb
|move|p2a: Araquanid|Surf|p1a: Mimikyu
|-activate|p1a: Mimikyu|ability: Disguise
|-damage|p1a: Mimikyu|91/100
|detailschange|p1a: Mimikyu|Mimikyu-Busted, M
|-damage|p1a: Mimikyu|78/100|[from] pokemon: Mimikyu-Busted
|
|upkeep
|turn|4
|
|t:|1758323793
|move|p1a: Mimikyu|Shadow Sneak|p2a: Araquanid
|-damage|p2a: Araquanid|0 fnt
|faint|p2a: Araquanid
|-damage|p1a: Mimikyu|68/100|[from] item: Life Orb
|
|upkeep
|
|t:|1758323796
|switch|p2a: Glimmora|Glimmora, M|100/100
|turn|5
|
|t:|1758323800
|move|p2a: Glimmora|Stealth Rock|p1a: Mimikyu
|-sidestart|p1: Ima ghost - Booo!|move: Stealth Rock
|move|p1a: Mimikyu|Swords Dance|p1a: Mimikyu
|-boost|p1a: Mimikyu|atk|2
|
|upkeep
|turn|6
|
|t:|1758323808
|move|p2a: Glimmora|Mortal Spin|p1a: Mimikyu
|-damage|p1a: Mimikyu|59/100
|-status|p1a: Mimikyu|psn
|move|p1a: Mimikyu|Shadow Claw|p2a: Glimmora
|-damage|p2a: Glimmora|12/100
|-activate|p2a: Glimmora|ability: Toxic Debris
|-sidestart|p1: Ima ghost - Booo!|move: Toxic Spikes
|-damage|p1a: Mimikyu|50/100 psn|[from] item: Life Orb
|
|-damage|p1a: Mimikyu|37/100 psn|[from] psn
|upkeep
|turn|7
|
|t:|1758323817
|move|p1a: Mimikyu|Shadow Sneak|p2a: Glimmora
|-damage|p2a: Glimmora|0 fnt
|-activate|p2a: Glimmora|ability: Toxic Debris
|-sidestart|p1: Ima ghost - Booo!|move: Toxic Spikes
|faint|p2a: Glimmora
|-damage|p1a: Mimikyu|27/100 psn|[from] item: Life Orb
|
|-damage|p1a: Mimikyu|15/100 psn|[from] psn
|upkeep
|
|t:|1758323828
|switch|p2a: Zapdos|Zapdos|100/100
|turn|8
|
|t:|1758323832
|move|p1a: Mimikyu|Shadow Sneak|p2a: Zapdos
|-damage|p2a: Zapdos|73/100
|-damage|p1a: Mimikyu|5/100 psn|[from] item: Life Orb
|move|p2a: Zapdos|Ancient Power|p1a: Mimikyu
|-damage|p1a: Mimikyu|0 fnt
|faint|p1a: Mimikyu
|
|-heal|p2a: Zapdos|79/100|[from] item: Leftovers
|upkeep
|
|t:|1758323834
|switch|p1a: Oricorio|Oricorio-Sensu, F|100/100
|-damage|p1a: Oricorio|76/100|[from] Stealth Rock
|turn|9
|
|t:|1758323843
|move|p1a: Oricorio|Defog|p2a: Zapdos
|-unboost|p2a: Zapdos|evasion|1
|-sideend|p1: Ima ghost - Booo!|Toxic Spikes|[from] move: Defog|[of] p1a: Oricorio
|-sideend|p1: Ima ghost - Booo!|Stealth Rock|[from] move: Defog|[of] p1a: Oricorio
|-sideend|p1: Ima ghost - Booo!|Sticky Web|[from] move: Defog|[of] p1a: Oricorio
|move|p2a: Zapdos|Discharge|p1a: Oricorio
|-supereffective|p1a: Oricorio
|-damage|p1a: Oricorio|0 fnt
|faint|p1a: Oricorio
|
|-heal|p2a: Zapdos|85/100|[from] item: Leftovers
|upkeep
|
|t:|1758323853
|switch|p1a: Dragapult|Dragapult, M|100/100
|turn|10
|
|t:|1758323861
|-terastallize|p1a: Dragapult|Dragon
|move|p1a: Dragapult|Draco Meteor|p2a: Zapdos
|-damage|p2a: Zapdos|0 fnt
|-unboost|p1a: Dragapult|spa|2
|faint|p2a: Zapdos
|-damage|p1a: Dragapult|91/100|[from] item: Life Orb
|
|upkeep
|
|t:|1758323879
|switch|p2a: Gliscor|Gliscor, F|100/100
|turn|11
|
|t:|1758323883
|move|p1a: Dragapult|Dragon Darts|p2a: Gliscor
|-damage|p2a: Gliscor|75/100
|-anim|p1a: Dragapult|Dragon Darts|p2a: Gliscor
|-damage|p2a: Gliscor|44/100
|-damage|p1a: Dragapult|81/100|[from] item: Life Orb
|move|p2a: Gliscor|Swords Dance|p2a: Gliscor
|-boost|p2a: Gliscor|atk|2
|
|-status|p2a: Gliscor|tox|[from] item: Toxic Orb
|upkeep
|turn|12
|
|t:|1758323894
|move|p2a: Gliscor|Protect|p2a: Gliscor
|-singleturn|p2a: Gliscor|Protect
|move|p1a: Dragapult|Dragon Darts|p2a: Gliscor
|-activate|p2a: Gliscor|move: Protect
|
|-heal|p2a: Gliscor|57/100 tox|[from] ability: Poison Heal
|upkeep
|turn|13
|
|t:|1758323905
|move|p1a: Dragapult|Dragon Darts|p2a: Gliscor
|-damage|p2a: Gliscor|31/100 tox
|-anim|p1a: Dragapult|Dragon Darts|p2a: Gliscor
|-damage|p2a: Gliscor|0 fnt
|faint|p2a: Gliscor
|-damage|p1a: Dragapult|71/100|[from] item: Life Orb
|
|upkeep
|
|t:|1758323912
|switch|p2a: Cinderace|Cinderace, M|100/100
|turn|14
|
|t:|1758323935
|move|p2a: Cinderace|Sucker Punch|p1a: Dragapult
|-start|p2a: Cinderace|typechange|Dark|[from] ability: Libero
|-damage|p1a: Dragapult|21/100
|move|p1a: Dragapult|Dragon Darts|p2a: Cinderace
|-damage|p2a: Cinderace|49/100
|-anim|p1a: Dragapult|Dragon Darts|p2a: Cinderace
|-damage|p2a: Cinderace|1/100
|-damage|p1a: Dragapult|11/100|[from] item: Life Orb
|
|upkeep
|turn|15
|
|t:|1758323943
|move|p2a: Cinderace|Sucker Punch|p1a: Dragapult
|-damage|p1a: Dragapult|0 fnt
|faint|p1a: Dragapult
|
|upkeep
|
|t:|1758323946
|switch|p1a: Ceruledge|Ceruledge, F|100/100
|turn|16
|
|t:|1758323948
|move|p2a: Cinderace|Sucker Punch|p1a: Ceruledge
|-supereffective|p1a: Ceruledge
|-enditem|p1a: Ceruledge|Focus Sash
|-damage|p1a: Ceruledge|1/100
|-ability|p1a: Ceruledge|Weak Armor|boost
|-unboost|p1a: Ceruledge|def|1
|-boost|p1a: Ceruledge|spe|2
|move|p1a: Ceruledge|Shadow Sneak|p2a: Cinderace
|-resisted|p2a: Cinderace
|-damage|p2a: Cinderace|0 fnt
|faint|p2a: Cinderace
|
|upkeep
|
|t:|1758323952
|switch|p2a: Ceruledge|Ceruledge, M|100/100
|turn|17
|
|t:|1758323955
|move|p1a: Ceruledge|Shadow Sneak|p2a: Ceruledge
|-supereffective|p2a: Ceruledge
|-damage|p2a: Ceruledge|39/100
|-ability|p2a: Ceruledge|Weak Armor|boost
|-unboost|p2a: Ceruledge|def|1
|-boost|p2a: Ceruledge|spe|2
|move|p2a: Ceruledge|Shadow Sneak|p1a: Ceruledge
|-supereffective|p1a: Ceruledge
|-damage|p1a: Ceruledge|0 fnt
|faint|p1a: Ceruledge
|
|upkeep
|
|t:|1758323958
|switch|p1a: Darkrai|Darkrai|100/100
|turn|18
|
|t:|1758323962
|-terastallize|p2a: Ceruledge|Fire
|move|p2a: Ceruledge|Close Combat|p1a: Darkrai
|-supereffective|p1a: Darkrai
|-damage|p1a: Darkrai|2/100
|-unboost|p2a: Ceruledge|def|1
|-unboost|p2a: Ceruledge|spd|1
|move|p1a: Darkrai|Dark Pulse|p2a: Ceruledge
|-crit|p2a: Ceruledge
|-damage|p2a: Ceruledge|0 fnt
|faint|p2a: Ceruledge
|
|win|Ima ghost - Booo!
|raw|Ima ghost - Booo!'s rating: 1147 &rarr; <strong>1176</strong><br />(+29 for winning)
|raw|V. Al Sorna's rating: 1201 &rarr; <strong>1172</strong><br />(-29 for losing)
|l|☆V. Al Sorna
|player|p2|
|c|☆Ima ghost - Booo!|gg
|l|☆Ima ghost - Booo!
|player|p1|
