|j|☆Truffle buddah
|j|☆serving up heat
|t:|1758247996
|gametype|singles
|player|p1|Truffle buddah|169|1726
|player|p2|serving up heat|waitress|1701
|gen|9
|tier|[Gen 9] OU
|rated|
|rule|HP Percentage Mod: HP is shown in percentages
|rule|Endless Battle Clause: Forcing endless battles is banned
|rule|Species Clause: Limit one of each Pokémon
|rule|OHKO Clause: OHKO moves are banned
|rule|Evasion Items Clause: Evasion items are banned
|rule|Evasion Moves Clause: Evasion moves are banned
|rule|Evasion Abilities Clause: Evasion abilities are banned
|rule|Sleep Moves Clause: Sleep-inducing moves are banned
|clearpoke
|poke|p1|Hydrapple, M|
|poke|p1|Hatterene, F|
|poke|p1|Iron Hands|
|poke|p1|Diancie|
|poke|p1|Scizor, M|
|poke|p1|Dragonite, F|
|poke|p2|Iron Valiant|
|poke|p2|Kingambit, F|
|poke|p2|Pecharunt|
|poke|p2|Hydreigon, M|
|poke|p2|Landorus-Therian, M|
|poke|p2|Samurott-Hisui, F|
|teampreview
|j| I got to register
|
|t:|1758248060
|teamsize|p1|6
|teamsize|p2|6
|start
|switch|p1a: Iron Hands|Iron Hands|100/100
|switch|p2a: serve runt|Pecharunt|100/100
|turn|1
|
|t:|1758248067
|-terastallize|p1a: Iron Hands|Steel
|move|p2a: serve runt|Parting Shot|p1a: Iron Hands
|-unboost|p1a: Iron Hands|atk|1
|-unboost|p1a: Iron Hands|spa|1
|
|t:|1758248069
|switch|p2a: caravan|Landorus-Therian, M|100/100|[from] Parting Shot
|-ability|p2a: caravan|Intimidate|boost
|-unboost|p1a: Iron Hands|atk|1
|move|p1a: Iron Hands|Swords Dance|p1a: Iron Hands
|-boost|p1a: Iron Hands|atk|2
|
|upkeep
|turn|2
|
|t:|1758248078
|-end|p1a: Iron Hands|Quark Drive|[silent]
|switch|p1a: Hatterene|Hatterene, F|100/100
|move|p2a: caravan|Earthquake|p1a: Hatterene
|-damage|p1a: Hatterene|66/100
|
|-heal|p1a: Hatterene|72/100|[from] item: Leftovers
|upkeep
|turn|3
|
|t:|1758248088
|move|p2a: caravan|Earthquake|p1a: Hatterene
|-damage|p1a: Hatterene|31/100
|move|p1a: Hatterene|Trick Room|p1a: Hatterene
|-fieldstart|move: Trick Room|[of] p1a: Hatterene
|
|-heal|p1a: Hatterene|37/100|[from] item: Leftovers
|upkeep
|turn|4
|
|t:|1758248096
|move|p1a: Hatterene|Draining Kiss|p2a: caravan
|-damage|p2a: caravan|77/100
|-heal|p1a: Hatterene|57/100|[from] drain|[of] p2a: caravan
|-damage|p1a: Hatterene|41/100|[from] item: Rocky Helmet|[of] p2a: caravan
|move|p2a: caravan|Earthquake|p1a: Hatterene
|-damage|p1a: Hatterene|3/100
|
|-heal|p1a: Hatterene|9/100|[from] item: Leftovers
|upkeep
|turn|5
|
|t:|1758248112
|switch|p1a: Hydrapple|Hydrapple, M|100/100
|move|p2a: caravan|U-turn|p1a: Hydrapple
|-supereffective|p1a: Hydrapple
|-damage|p1a: Hydrapple|74/100
|-damage|p2a: caravan|61/100|[from] item: Rocky Helmet|[of] p1a: Hydrapple
|
|t:|1758248118
|switch|p2a: i <3 edging|Samurott-Hisui, F|100/100|[from] U-turn
|
|upkeep
|turn|6
|
|t:|1758248137
|switch|p2a: serve runt|Pecharunt|100/100
|move|p1a: Hydrapple|Nasty Plot|p1a: Hydrapple
|-boost|p1a: Hydrapple|spa|2
|
|upkeep
|turn|7
|
|t:|1758248144
|switch|p2a: caravan|Landorus-Therian, M|61/100
|-ability|p2a: caravan|Intimidate|boost
|-unboost|p1a: Hydrapple|atk|1
|move|p1a: Hydrapple|Earth Power|p2a: caravan
|-immune|p2a: caravan
|
|-fieldend|move: Trick Room
|upkeep
|turn|8
|
|t:|1758248156
|move|p2a: caravan|U-turn|p1a: Hydrapple
|-supereffective|p1a: Hydrapple
|-damage|p1a: Hydrapple|48/100
|-damage|p2a: caravan|44/100|[from] item: Rocky Helmet|[of] p1a: Hydrapple
|
|t:|1758248157
|switch|p2a: iron theyden|Iron Valiant|100/100|[from] U-turn
|move|p1a: Hydrapple|Fickle Beam|p2a: iron theyden
|-immune|p2a: iron theyden
|
|upkeep
|turn|9
|
|t:|1758248166
|switch|p1a: Scizor|Scizor, M|100/100
|move|p2a: iron theyden|Close Combat|p1a: Scizor
|-damage|p1a: Scizor|14/100
|-unboost|p2a: iron theyden|def|1
|-unboost|p2a: iron theyden|spd|1
|
|upkeep
|turn|10
|l| I got to register
|
|t:|1758248177
|-end|p2a: iron theyden|Quark Drive|[silent]
|switch|p2a: caravan|Landorus-Therian, M|44/100
|-ability|p2a: caravan|Intimidate|boost
|-unboost|p1a: Scizor|atk|1
|switch|p1a: Hydrapple|Hydrapple, M|81/100
|
|upkeep
|turn|11
|
|t:|1758248183
|move|p2a: caravan|U-turn|p1a: Hydrapple
|-supereffective|p1a: Hydrapple
|-damage|p1a: Hydrapple|56/100
|-damage|p2a: caravan|28/100|[from] item: Rocky Helmet|[of] p1a: Hydrapple
|
|t:|1758248193
|switch|p2a: iron theyden|Iron Valiant|100/100|[from] U-turn
|move|p1a: Hydrapple|Giga Drain|p2a: iron theyden
|-damage|p2a: iron theyden|51/100
|-heal|p1a: Hydrapple|73/100|[from] drain|[of] p2a: iron theyden
|
|upkeep
|turn|12
|
|t:|1758248204
|switch|p1a: Hatterene|Hatterene, F|9/100
|move|p2a: iron theyden|Spirit Break|p1a: Hatterene
|-damage|p1a: Hatterene|0 fnt
|faint|p1a: Hatterene
|
|upkeep
|
|t:|1758248215
|switch|p1a: Scizor|Scizor, M|14/100
|turn|13
|
|t:|1758248238
|-end|p2a: iron theyden|Quark Drive|[silent]
|switch|p2a: caravan|Landorus-Therian, M|28/100
|-ability|p2a: caravan|Intimidate|boost
|-unboost|p1a: Scizor|atk|1
|switch|p1a: Hydrapple|Hydrapple, M|100/100
|
|upkeep
|turn|14
|
|t:|1758248243
|move|p2a: caravan|Stealth Rock|p1a: Hydrapple
|-sidestart|p1: Truffle buddah|move: Stealth Rock
|move|p1a: Hydrapple|Giga Drain|p2a: caravan
|-damage|p2a: caravan|0 fnt
|faint|p2a: caravan
|
|upkeep
|
|t:|1758248250
|switch|p2a: iron theyden|Iron Valiant|51/100
|turn|15
|
|t:|1758248258
|move|p2a: iron theyden|Spirit Break|p1a: Hydrapple
|-supereffective|p1a: Hydrapple
|-damage|p1a: Hydrapple|34/100
|-unboost|p1a: Hydrapple|spa|1
|-damage|p2a: iron theyden|34/100|[from] item: Rocky Helmet|[of] p1a: Hydrapple
|move|p1a: Hydrapple|Giga Drain|p2a: iron theyden
|-damage|p2a: iron theyden|0 fnt
|-heal|p1a: Hydrapple|46/100|[from] drain|[of] p2a: iron theyden
|faint|p2a: iron theyden
|-end|p2a: iron theyden|Quark Drive|[silent]
|
|upkeep
|
|t:|1758248270
|switch|p2a: i <3 edging|Samurott-Hisui, F|100/100
|turn|16
|
|t:|1758248279
|-terastallize|p2a: i <3 edging|Poison
|move|p2a: i <3 edging|Knock Off|p1a: Hydrapple
|-damage|p1a: Hydrapple|20/100
|-damage|p2a: i <3 edging|84/100|[from] item: Rocky Helmet|[of] p1a: Hydrapple
|-enditem|p1a: Hydrapple|Rocky Helmet|[from] move: Knock Off|[of] p2a: i <3 edging
|move|p1a: Hydrapple|Giga Drain|p2a: i <3 edging
|-resisted|p2a: i <3 edging
|-damage|p2a: i <3 edging|76/100
|-heal|p1a: Hydrapple|24/100|[from] drain|[of] p2a: i <3 edging
|
|upkeep
|turn|17
|
|t:|1758248305
|move|p2a: i <3 edging|Ceaseless Edge|p1a: Hydrapple
|-damage|p1a: Hydrapple|0 fnt
|-sidestart|p1: Truffle buddah|Spikes
|faint|p1a: Hydrapple
|
|upkeep
|
|t:|1758248328
|switch|p1a: Dragonite|Dragonite, F|100/100
|-damage|p1a: Dragonite|76/100|[from] Stealth Rock
|turn|18
|
|t:|1758248337
|move|p1a: Dragonite|Dragon Dance|p1a: Dragonite
|-boost|p1a: Dragonite|atk|1
|-boost|p1a: Dragonite|spe|1
|move|p2a: i <3 edging|Knock Off|p1a: Dragonite
|-damage|p1a: Dragonite|27/100
|-enditem|p1a: Dragonite|Loaded Dice|[from] move: Knock Off|[of] p2a: i <3 edging
|
|upkeep
|turn|19
|
|t:|1758248343
|move|p1a: Dragonite|Dragon Dance|p1a: Dragonite
|-boost|p1a: Dragonite|atk|1
|-boost|p1a: Dragonite|spe|1
|move|p2a: i <3 edging|Ceaseless Edge|p1a: Dragonite|[miss]
|-miss|p2a: i <3 edging|p1a: Dragonite
|
|upkeep
|turn|20
|
|t:|1758248356
|move|p2a: i <3 edging|Sucker Punch|p1a: Dragonite
|-damage|p1a: Dragonite|0 fnt
|faint|p1a: Dragonite
|
|upkeep
|
|t:|1758248391
|switch|p1a: Iron Hands|Iron Hands, tera:Steel|100/100
|-damage|p1a: Iron Hands|94/100|[from] Stealth Rock
|-damage|p1a: Iron Hands|82/100|[from] Spikes
|turn|21
|
|t:|1758248395
|switch|p2a: serve runt|Pecharunt|100/100
|move|p1a: Iron Hands|Wild Charge|p2a: serve runt
|-damage|p2a: serve runt|68/100
|-damage|p1a: Iron Hands|75/100|[from] Recoil
|
|-heal|p1a: Iron Hands|81/100|[from] item: Leftovers
|upkeep
|turn|22
|
|t:|1758248400
|move|p2a: serve runt|Parting Shot|p1a: Iron Hands
|-unboost|p1a: Iron Hands|atk|1
|-unboost|p1a: Iron Hands|spa|1
|
|t:|1758248404
|switch|p2a: death drop|Hydreigon, M|100/100|[from] Parting Shot
|move|p1a: Iron Hands|Swords Dance|p1a: Iron Hands
|-boost|p1a: Iron Hands|atk|2
|
|-heal|p1a: Iron Hands|88/100|[from] item: Leftovers
|upkeep
|turn|23
|
|t:|1758248408
|switch|p2a: serve runt|Pecharunt|68/100
|move|p1a: Iron Hands|Drain Punch|p2a: serve runt
|-immune|p2a: serve runt
|
|-heal|p1a: Iron Hands|94/100|[from] item: Leftovers
|upkeep
|turn|24
|
|t:|1758248414
|move|p2a: serve runt|Hex|p1a: Iron Hands
|-damage|p1a: Iron Hands|77/100
|move|p1a: Iron Hands|Swords Dance|p1a: Iron Hands
|-boost|p1a: Iron Hands|atk|2
|
|-heal|p1a: Iron Hands|83/100|[from] item: Leftovers
|upkeep
|turn|25
|
|t:|1758248421
|move|p2a: serve runt|Hex|p1a: Iron Hands
|-damage|p1a: Iron Hands|68/100
|move|p1a: Iron Hands|Swords Dance|p1a: Iron Hands
|-boost|p1a: Iron Hands|atk|2
|
|-heal|p1a: Iron Hands|74/100|[from] item: Leftovers
|upkeep
|turn|26
|
|t:|1758248425
|move|p2a: serve runt|Hex|p1a: Iron Hands
|-damage|p1a: Iron Hands|57/100
|move|p1a: Iron Hands|Ice Punch|p2a: serve runt
|-damage|p2a: serve runt|2/100
|
|-heal|p1a: Iron Hands|63/100|[from] item: Leftovers
|upkeep
|turn|27
|
|t:|1758248428
|move|p2a: serve runt|Hex|p1a: Iron Hands
|-damage|p1a: Iron Hands|47/100
|move|p1a: Iron Hands|Ice Punch|p2a: serve runt
|-damage|p2a: serve runt|0 fnt
|faint|p2a: serve runt
|
|-heal|p1a: Iron Hands|53/100|[from] item: Leftovers
|upkeep
|
|t:|1758248430
|switch|p2a: i <3 edging|Samurott-Hisui, F, tera:Poison|76/100
|turn|28
|
|t:|1758248433
|move|p2a: i <3 edging|Razor Shell|p1a: Iron Hands
|-damage|p1a: Iron Hands|18/100
|move|p1a: Iron Hands|Drain Punch|p2a: i <3 edging
|-resisted|p2a: i <3 edging
|-damage|p2a: i <3 edging|0 fnt
|-heal|p1a: Iron Hands|49/100|[from] drain|[of] p2a: i <3 edging
|faint|p2a: i <3 edging
|
|-heal|p1a: Iron Hands|55/100|[from] item: Leftovers
|upkeep
|
|t:|1758248436
|switch|p2a: kingoobit|Kingambit, F|100/100
|-activate|p2a: kingoobit|ability: Supreme Overlord
|-start|p2a: kingoobit|fallen4|[silent]
|turn|29
|
|t:|1758248441
|move|p2a: kingoobit|Low Kick|p1a: Iron Hands
|-supereffective|p1a: Iron Hands
|-damage|p1a: Iron Hands|0 fnt
|faint|p1a: Iron Hands
|-end|p1a: Iron Hands|Quark Drive|[silent]
|
|upkeep
|
|t:|1758248449
|switch|p1a: Diancie|Diancie|100/100
|-damage|p1a: Diancie|88/100|[from] Stealth Rock
|-damage|p1a: Diancie|76/100|[from] Spikes
|turn|30
|
|t:|1758248457
|move|p2a: kingoobit|Iron Head|p1a: Diancie
|-supereffective|p1a: Diancie
|-damage|p1a: Diancie|0 fnt
|faint|p1a: Diancie
|
|upkeep
|
|t:|1758248464
|switch|p1a: Scizor|Scizor, M|14/100
|turn|31
|
|t:|1758248472
|move|p2a: kingoobit|Iron Head|p1a: Scizor
|-resisted|p1a: Scizor
|-damage|p1a: Scizor|0 fnt
|faint|p1a: Scizor
|
|win|serving up heat
|raw|Truffle buddah's rating: 1726 &rarr; <strong>1705</strong><br />(-21 for losing)
|raw|serving up heat's rating: 1701 &rarr; <strong>1722</strong><br />(+21 for winning)
|l|☆serving up heat
|player|p2|
|l|☆Truffle buddah
|player|p1|
