|badge|p2|bronze|gen9ou|100-6
|badge|p2|silver|gen9uu|30-6
|uhtml|medal-msg|<div class="broadcast-blue">Curious what those medals under the avatar are? PS now has Ladder Seasons! For more information, check out the <a href="https://www.smogon.com/forums/threads/3740067/">thread on Smogon.</a></div>
|j|☆Obito 2001
|j|☆ulky
|t:|1758293171
|gametype|singles
|player|p1|Obito 2001|blue-gen3two|1774
|player|p2|ulky|rosa|1853
|gen|9
|tier|[Gen 9] OU
|rated|
|rule|HP Percentage Mod: HP is shown in percentages
|rule|Endless Battle Clause: Forcing endless battles is banned
|rule|Species Clause: Limit one of each Pokémon
|rule|OHKO Clause: OHKO moves are banned
|rule|Evasion Items Clause: Evasion items are banned
|rule|Evasion Moves Clause: Evasion moves are banned
|rule|Evasion Abilities Clause: Evasion abilities are banned
|rule|Sleep Moves Clause: Sleep-inducing moves are banned
|clearpoke
|poke|p1|Kyurem|
|poke|p1|Corviknight, F|
|poke|p1|Weezing-Galar, F|
|poke|p1|Hydrapple, F|
|poke|p1|Slowking-Galar, M|
|poke|p1|Dragonite, F|
|poke|p2|Kyurem|
|poke|p2|Corviknight, M|
|poke|p2|Ting-Lu|
|poke|p2|Dondozo, M|
|poke|p2|Slowking-Galar, L99, F|
|poke|p2|Cinderace, F|
|teampreview
|inactive|Battle timer is ON: inactive players will automatically lose when time's up. (requested by Obito 2001)
|j| brimstoneandflames
|
|t:|1758293190
|teamsize|p1|6
|teamsize|p2|6
|start
|switch|p1a: Ban Zamazenta|Slowking-Galar, M|100/100
|switch|p2a: Cinderace|Cinderace, F|100/100
|turn|1
|
|t:|1758293195
|move|p2a: Cinderace|U-turn|p1a: Ban Zamazenta
|-damage|p1a: Ban Zamazenta|82/100
|
|t:|1758293198
|switch|p2a: Slowking|Slowking-Galar, L99, F|100/100|[from] U-turn
|-prepare|p1a: Ban Zamazenta|Chilly Reception|[premajor]
|move|p1a: Ban Zamazenta|Chilly Reception|p1a: Ban Zamazenta
|-weather|Snowscape
|
|t:|1758293208
|switch|p1a: Ban Darkrai|Kyurem|100/100|[from] Chilly Reception
|-ability|p1a: Ban Darkrai|Pressure
|
|-weather|Snowscape|[upkeep]
|upkeep
|turn|2
|
|t:|1758293219
|move|p1a: Ban Darkrai|Substitute|p1a: Ban Darkrai
|-start|p1a: Ban Darkrai|Substitute
|-damage|p1a: Ban Darkrai|75/100
|move|p2a: Slowking|Sludge Bomb|p1a: Ban Darkrai
|-end|p1a: Ban Darkrai|Substitute
|
|-weather|Snowscape|[upkeep]
|-heal|p1a: Ban Darkrai|82/100|[from] item: Leftovers
|upkeep
|turn|3
|
|t:|1758293227
|switch|p1a: Ban Gliscor|Corviknight, F|100/100
|-ability|p1a: Ban Gliscor|Pressure
|move|p2a: Slowking|Future Sight|p1a: Ban Gliscor
|-start|p2a: Slowking|move: Future Sight
|
|-weather|Snowscape|[upkeep]
|upkeep
|turn|4
|
|t:|1758293232
|switch|p1a: Ban Zamazenta|Slowking-Galar, M|100/100
|-prepare|p2a: Slowking|Chilly Reception|[premajor]
|move|p2a: Slowking|Chilly Reception|p2a: Slowking
|
|t:|1758293241
|switch|p2a: Kyurem|Kyurem|100/100|[from] Chilly Reception
|-ability|p2a: Kyurem|Pressure
|
|-weather|Snowscape|[upkeep]
|upkeep
|turn|5
|
|t:|1758293245
|move|p2a: Kyurem|Substitute|p2a: Kyurem
|-start|p2a: Kyurem|Substitute
|-damage|p2a: Kyurem|75/100
|move|p1a: Ban Zamazenta|Thunder Wave||[still]
|-fail|p1a: Ban Zamazenta
|
|-weather|none
|-end|p1a: Ban Zamazenta|move: Future Sight
|-damage|p1a: Ban Zamazenta|76/100
|-heal|p2a: Kyurem|82/100|[from] item: Leftovers
|upkeep
|turn|6
|
|t:|1758293247
|move|p2a: Kyurem|Earth Power|p1a: Ban Zamazenta
|-supereffective|p1a: Ban Zamazenta
|-damage|p1a: Ban Zamazenta|42/100
|move|p1a: Ban Zamazenta|Sludge Bomb|p2a: Kyurem
|-end|p2a: Kyurem|Substitute
|
|-heal|p2a: Kyurem|88/100|[from] item: Leftovers
|upkeep
|turn|7
|
|t:|1758293255
|move|p2a: Kyurem|Substitute|p2a: Kyurem
|-start|p2a: Kyurem|Substitute
|-damage|p2a: Kyurem|63/100
|move|p1a: Ban Zamazenta|Sludge Bomb|p2a: Kyurem
|-end|p2a: Kyurem|Substitute
|
|-heal|p2a: Kyurem|69/100|[from] item: Leftovers
|upkeep
|turn|8
|
|t:|1758293261
|switch|p1a: Ban me ASAP|Dragonite, F|100/100
|move|p2a: Kyurem|Protect||[still]
|-fail|p2a: Kyurem
|
|-heal|p2a: Kyurem|75/100|[from] item: Leftovers
|upkeep
|turn|9
|
|t:|1758293268
|move|p2a: Kyurem|Protect|p2a: Kyurem
|-singleturn|p2a: Kyurem|Protect
|move|p1a: Ban me ASAP|Dragon Tail|p2a: Kyurem
|-activate|p2a: Kyurem|move: Protect
|
|-heal|p2a: Kyurem|81/100|[from] item: Leftovers
|upkeep
|turn|10
|
|t:|1758293274
|switch|p2a: Corviknight|Corviknight, M|100/100
|-ability|p2a: Corviknight|Pressure
|move|p1a: Ban me ASAP|Dragon Tail|p2a: Corviknight
|-resisted|p2a: Corviknight
|-damage|p2a: Corviknight|89/100
|-damage|p1a: Ban me ASAP|84/100|[from] item: Rocky Helmet|[of] p2a: Corviknight
|drag|p2a: Slowking|Slowking-Galar, L99, F|100/100
|
|upkeep
|turn|11
|
|t:|1758293287
|move|p1a: Ban me ASAP|Earthquake|p2a: Slowking
|-supereffective|p2a: Slowking
|-damage|p2a: Slowking|19/100
|-prepare|p2a: Slowking|Chilly Reception|[premajor]
|move|p2a: Slowking|Chilly Reception|p2a: Slowking
|-weather|Snowscape
|
|t:|1758293291
|switch|p2a: Kyurem|Kyurem|81/100|[from] Chilly Reception
|-ability|p2a: Kyurem|Pressure
|
|-weather|Snowscape|[upkeep]
|-heal|p2a: Kyurem|88/100|[from] item: Leftovers
|upkeep
|turn|12
|
|t:|1758293295
|switch|p1a: Ban Darkrai|Kyurem|82/100
|-ability|p1a: Ban Darkrai|Pressure
|move|p2a: Kyurem|Freeze-Dry|p1a: Ban Darkrai
|-damage|p1a: Ban Darkrai|51/100
|
|-weather|Snowscape|[upkeep]
|-heal|p2a: Kyurem|94/100|[from] item: Leftovers
|-heal|p1a: Ban Darkrai|57/100|[from] item: Leftovers
|upkeep
|turn|13
|
|t:|1758293300
|move|p2a: Kyurem|Freeze-Dry|p1a: Ban Darkrai
|-damage|p1a: Ban Darkrai|25/100
|move|p1a: Ban Darkrai|Scale Shot|p2a: Kyurem
|-supereffective|p2a: Kyurem
|-damage|p2a: Kyurem|81/100
|-supereffective|p2a: Kyurem
|-damage|p2a: Kyurem|70/100
|-supereffective|p2a: Kyurem
|-damage|p2a: Kyurem|56/100
|-supereffective|p2a: Kyurem
|-damage|p2a: Kyurem|43/100
|-hitcount|p2a: Kyurem|4
|-unboost|p1a: Ban Darkrai|def|1
|-boost|p1a: Ban Darkrai|spe|1
|
|-weather|Snowscape|[upkeep]
|-heal|p1a: Ban Darkrai|31/100|[from] item: Leftovers
|-heal|p2a: Kyurem|50/100|[from] item: Leftovers
|upkeep
|turn|14
|
|t:|1758293309
|switch|p2a: Dondozo|Dondozo, M|100/100
|move|p1a: Ban Darkrai|Freeze-Dry|p2a: Dondozo
|-supereffective|p2a: Dondozo
|-damage|p2a: Dondozo|19/100
|-status|p2a: Dondozo|frz
|
|-weather|Snowscape|[upkeep]
|-heal|p1a: Ban Darkrai|38/100|[from] item: Leftovers
|-heal|p2a: Dondozo|26/100 frz|[from] item: Leftovers
|upkeep
|turn|15
|
|t:|1758293315
|switch|p2a: Corviknight|Corviknight, M|89/100
|-ability|p2a: Corviknight|Pressure
|move|p1a: Ban Darkrai|Freeze-Dry|p2a: Corviknight
|-damage|p2a: Corviknight|52/100
|
|-weather|none
|-heal|p1a: Ban Darkrai|44/100|[from] item: Leftovers
|upkeep
|turn|16
|
|t:|1758293338
|move|p1a: Ban Darkrai|Freeze-Dry|p2a: Corviknight
|-damage|p2a: Corviknight|15/100
|move|p2a: Corviknight|Brave Bird|p1a: Ban Darkrai
|-damage|p1a: Ban Darkrai|0 fnt
|faint|p1a: Ban Darkrai
|-damage|p2a: Corviknight|0 fnt|[from] Recoil
|faint|p2a: Corviknight
|
|upkeep
|inactive|Obito 2001 has 120 seconds left.
|
|t:|1758293362
|switch|p1a: Ban me ASAP|Dragonite, F|84/100
|switch|p2a: Cinderace|Cinderace, F|100/100
|turn|17
|inactive|Obito 2001 has 120 seconds left.
|
|t:|1758293368
|move|p1a: Ban me ASAP|Extreme Speed|p2a: Cinderace
|-damage|p2a: Cinderace|65/100
|move|p2a: Cinderace|Will-O-Wisp|p1a: Ban me ASAP
|-status|p1a: Ban me ASAP|brn
|
|-damage|p1a: Ban me ASAP|78/100 brn|[from] brn
|upkeep
|turn|18
|
|t:|1758293372
|move|p2a: Cinderace|U-turn|p1a: Ban me ASAP
|-resisted|p1a: Ban me ASAP
|-damage|p1a: Ban me ASAP|70/100 brn
|
|t:|1758293376
|switch|p2a: Ting-Lu|Ting-Lu|100/100|[from] U-turn
|-ability|p2a: Ting-Lu|Vessel of Ruin
|move|p1a: Ban me ASAP|Earthquake|p2a: Ting-Lu
|-damage|p2a: Ting-Lu|89/100
|
|-heal|p2a: Ting-Lu|95/100|[from] item: Leftovers
|-damage|p1a: Ban me ASAP|64/100 brn|[from] brn
|upkeep
|turn|19
|
|t:|1758293384
|switch|p1a: Ban Gliscor|Corviknight, F|100/100
|-ability|p1a: Ban Gliscor|Pressure
|switch|p2a: Cinderace|Cinderace, F|65/100
|
|upkeep
|turn|20
|
|t:|1758293388
|switch|p1a: Ban me ASAP|Dragonite, F|64/100 brn
|move|p2a: Cinderace|Pyro Ball|p1a: Ban me ASAP
|-resisted|p1a: Ban me ASAP
|-damage|p1a: Ban me ASAP|42/100 brn
|
|-damage|p1a: Ban me ASAP|36/100 brn|[from] brn
|upkeep
|turn|21
|j| iijjiiji
|
|t:|1758293390
|move|p2a: Cinderace|U-turn|p1a: Ban me ASAP
|-resisted|p1a: Ban me ASAP
|-damage|p1a: Ban me ASAP|27/100 brn
|l| iijjiiji
|
|t:|1758293392
|switch|p2a: Kyurem|Kyurem|50/100|[from] U-turn
|-ability|p2a: Kyurem|Pressure
|move|p1a: Ban me ASAP|Earthquake|p2a: Kyurem
|-damage|p2a: Kyurem|31/100
|
|-heal|p2a: Kyurem|37/100|[from] item: Leftovers
|-damage|p1a: Ban me ASAP|21/100 brn|[from] brn
|upkeep
|turn|22
|
|t:|1758293395
|move|p1a: Ban me ASAP|Extreme Speed|p2a: Kyurem
|-damage|p2a: Kyurem|22/100
|move|p2a: Kyurem|Freeze-Dry|p1a: Ban me ASAP
|-supereffective|p1a: Ban me ASAP
|-damage|p1a: Ban me ASAP|0 fnt
|faint|p1a: Ban me ASAP
|
|-heal|p2a: Kyurem|28/100|[from] item: Leftovers
|upkeep
|
|t:|1758293407
|switch|p1a: Ban Zamazenta|Slowking-Galar, M|75/100
|turn|23
|l| brimstoneandflames
|
|t:|1758293414
|move|p2a: Kyurem|Protect|p2a: Kyurem
|-singleturn|p2a: Kyurem|Protect
|move|p1a: Ban Zamazenta|Sludge Bomb|p2a: Kyurem
|-activate|p2a: Kyurem|move: Protect
|
|-heal|p2a: Kyurem|34/100|[from] item: Leftovers
|upkeep
|turn|24
|
|t:|1758293418
|switch|p2a: Slowking|Slowking-Galar, L99, F|52/100
|move|p1a: Ban Zamazenta|Sludge Bomb|p2a: Slowking
|-resisted|p2a: Slowking
|-damage|p2a: Slowking|41/100
|
|upkeep
|turn|25
|
|t:|1758293423
|move|p1a: Ban Zamazenta|Future Sight|p2a: Slowking
|-start|p1a: Ban Zamazenta|move: Future Sight
|move|p2a: Slowking|Future Sight|p1a: Ban Zamazenta
|-start|p2a: Slowking|move: Future Sight
|
|upkeep
|turn|26
|
|t:|1758293427
|-prepare|p1a: Ban Zamazenta|Chilly Reception|[premajor]
|move|p1a: Ban Zamazenta|Chilly Reception|p1a: Ban Zamazenta
|-weather|Snowscape
|
|t:|1758293435
|switch|p1a: Ban Wogerpon|Hydrapple, F|100/100|[from] Chilly Reception
|-prepare|p2a: Slowking|Chilly Reception|[premajor]
|move|p2a: Slowking|Chilly Reception|p2a: Slowking
|
|t:|1758293447
|switch|p2a: Kyurem|Kyurem|34/100|[from] Chilly Reception
|-ability|p2a: Kyurem|Pressure
|
|-weather|Snowscape|[upkeep]
|-heal|p2a: Kyurem|40/100|[from] item: Leftovers
|upkeep
|turn|27
|
|t:|1758293460
|switch|p2a: Ting-Lu|Ting-Lu|95/100
|-ability|p2a: Ting-Lu|Vessel of Ruin
|switch|p1a: Ban Zamazenta|Slowking-Galar, M|100/100
|
|-weather|Snowscape|[upkeep]
|-end|p2a: Ting-Lu|move: Future Sight
|-immune|p2a: Ting-Lu
|-end|p1a: Ban Zamazenta|move: Future Sight
|-damage|p1a: Ban Zamazenta|80/100
|-heal|p2a: Ting-Lu|100/100|[from] item: Leftovers
|upkeep
|turn|28
|
|t:|1758293475
|move|p2a: Ting-Lu|Payback|p1a: Ban Zamazenta
|-supereffective|p1a: Ban Zamazenta
|-damage|p1a: Ban Zamazenta|43/100
|-prepare|p1a: Ban Zamazenta|Chilly Reception|[premajor]
|move|p1a: Ban Zamazenta|Chilly Reception|p1a: Ban Zamazenta
|
|t:|1758293478
|switch|p1a: Ban Wogerpon|Hydrapple, F|100/100|[from] Chilly Reception
|
|-weather|Snowscape|[upkeep]
|upkeep
|turn|29
|
|t:|1758293483
|switch|p2a: Slowking|Slowking-Galar, L99, F|75/100
|move|p1a: Ban Wogerpon|Nasty Plot|p1a: Ban Wogerpon
|-boost|p1a: Ban Wogerpon|spa|2
|
|-weather|Snowscape|[upkeep]
|upkeep
|turn|30
|
|t:|1758293487
|move|p1a: Ban Wogerpon|Nasty Plot|p1a: Ban Wogerpon
|-boost|p1a: Ban Wogerpon|spa|2
|move|p2a: Slowking|Sludge Bomb|p1a: Ban Wogerpon
|-supereffective|p1a: Ban Wogerpon
|-damage|p1a: Ban Wogerpon|41/100
|
|-weather|none
|upkeep
|turn|31
|
|t:|1758293493
|switch|p2a: Dondozo|Dondozo, M|26/100 frz
|move|p1a: Ban Wogerpon|Earth Power|p2a: Dondozo
|-damage|p2a: Dondozo|2/100 frz
|
|-heal|p2a: Dondozo|8/100 frz|[from] item: Leftovers
|upkeep
|turn|32
|
|t:|1758293500
|switch|p2a: Slowking|Slowking-Galar, L99, F|100/100
|move|p1a: Ban Wogerpon|Giga Drain|p2a: Slowking
|-resisted|p2a: Slowking
|-damage|p2a: Slowking|76/100
|-heal|p1a: Ban Wogerpon|53/100|[from] drain|[of] p2a: Slowking
|
|upkeep
|turn|33
|
|t:|1758293503
|move|p1a: Ban Wogerpon|Earth Power|p2a: Slowking
|-supereffective|p2a: Slowking
|-damage|p2a: Slowking|0 fnt
|faint|p2a: Slowking
|
|upkeep
|
|t:|1758293506
|switch|p2a: Kyurem|Kyurem|40/100
|-ability|p2a: Kyurem|Pressure
|turn|34
|
|t:|1758293513
|-terastallize|p1a: Ban Wogerpon|Poison
|move|p2a: Kyurem|Freeze-Dry|p1a: Ban Wogerpon
|-damage|p1a: Ban Wogerpon|17/100
|move|p1a: Ban Wogerpon|Fickle Beam|p2a: Kyurem|[anim] Fickle Beam All Out
|-activate|p1a: Ban Wogerpon|move: Fickle Beam
|-supereffective|p2a: Kyurem
|-damage|p2a: Kyurem|0 fnt
|faint|p2a: Kyurem
|
|upkeep
|
|t:|1758293515
|switch|p2a: Cinderace|Cinderace, F|65/100
|turn|35
|
|t:|1758293522
|switch|p1a: Ban Zamazenta|Slowking-Galar, M|76/100
|move|p2a: Cinderace|Pyro Ball|p1a: Ban Zamazenta
|-damage|p1a: Ban Zamazenta|26/100
|
|upkeep
|turn|36
|
|t:|1758293526
|move|p2a: Cinderace|Pyro Ball|p1a: Ban Zamazenta
|-damage|p1a: Ban Zamazenta|0 fnt
|faint|p1a: Ban Zamazenta
|
|upkeep
|
|t:|1758293530
|switch|p1a: Fk hazard noobs|Weezing-Galar, F|100/100
|-ability|p1a: Fk hazard noobs|Neutralizing Gas
|turn|37
|
|t:|1758293535
|move|p2a: Cinderace|U-turn|p1a: Fk hazard noobs
|-resisted|p1a: Fk hazard noobs
|-damage|p1a: Fk hazard noobs|98/100
|
|t:|1758293536
|switch|p2a: Ting-Lu|Ting-Lu|100/100|[from] U-turn
|move|p1a: Fk hazard noobs|Sludge Bomb|p2a: Ting-Lu
|-resisted|p2a: Ting-Lu
|-damage|p2a: Ting-Lu|93/100
|-status|p2a: Ting-Lu|psn
|
|-heal|p2a: Ting-Lu|99/100 psn|[from] item: Leftovers
|-damage|p2a: Ting-Lu|87/100 psn|[from] psn
|upkeep
|turn|38
|
|t:|1758293543
|-end|p1a: Fk hazard noobs|ability: Neutralizing Gas
|-ability|p2a: Ting-Lu|Vessel of Ruin
|switch|p1a: Ban Gliscor|Corviknight, F|100/100
|-ability|p1a: Ban Gliscor|Pressure
|switch|p2a: Cinderace|Cinderace, F|65/100
|
|upkeep
|turn|39
|
|t:|1758293549
|switch|p1a: Fk hazard noobs|Weezing-Galar, F|98/100
|-ability|p1a: Fk hazard noobs|Neutralizing Gas
|move|p2a: Cinderace|Will-O-Wisp|p1a: Fk hazard noobs|[miss]
|-miss|p2a: Cinderace|p1a: Fk hazard noobs
|
|upkeep
|turn|40
|
|t:|1758293554
|move|p2a: Cinderace|U-turn|p1a: Fk hazard noobs
|-resisted|p1a: Fk hazard noobs
|-damage|p1a: Fk hazard noobs|95/100
|
|t:|1758293565
|switch|p2a: Ting-Lu|Ting-Lu|87/100 psn|[from] U-turn
|move|p1a: Fk hazard noobs|Sludge Bomb|p2a: Ting-Lu
|-resisted|p2a: Ting-Lu
|-damage|p2a: Ting-Lu|79/100 psn
|
|-heal|p2a: Ting-Lu|86/100 psn|[from] item: Leftovers
|-damage|p2a: Ting-Lu|73/100 psn|[from] psn
|upkeep
|turn|41
|
|t:|1758293570
|-end|p1a: Fk hazard noobs|ability: Neutralizing Gas
|-ability|p2a: Ting-Lu|Vessel of Ruin
|switch|p1a: Ban Gliscor|Corviknight, F|100/100
|-ability|p1a: Ban Gliscor|Pressure
|move|p2a: Ting-Lu|Earthquake|p1a: Ban Gliscor
|-immune|p1a: Ban Gliscor
|
|-heal|p2a: Ting-Lu|79/100 psn|[from] item: Leftovers
|-damage|p2a: Ting-Lu|67/100 psn|[from] psn
|upkeep
|turn|42
|
|t:|1758293581
|move|p1a: Ban Gliscor|Iron Defense|p1a: Ban Gliscor
|-boost|p1a: Ban Gliscor|def|2
|move|p2a: Ting-Lu|Rest|p2a: Ting-Lu
|-status|p2a: Ting-Lu|slp|[from] move: Rest
|-heal|p2a: Ting-Lu|100/100 slp|[silent]
|
|upkeep
|turn|43
|
|t:|1758293594
|switch|p2a: Cinderace|Cinderace, F|65/100
|move|p1a: Ban Gliscor|Body Press|p2a: Cinderace
|-damage|p2a: Cinderace|3/100
|
|upkeep
|turn|44
|
|t:|1758293605
|move|p2a: Cinderace|Will-O-Wisp|p1a: Ban Gliscor
|-status|p1a: Ban Gliscor|brn
|move|p1a: Ban Gliscor|Body Press|p2a: Cinderace
|-damage|p2a: Cinderace|0 fnt
|faint|p2a: Cinderace
|
|-damage|p1a: Ban Gliscor|94/100 brn|[from] brn
|upkeep
|
|t:|1758293607
|switch|p2a: Ting-Lu|Ting-Lu|100/100 slp
|-ability|p2a: Ting-Lu|Vessel of Ruin
|turn|45
|
|t:|1758293611
|move|p1a: Ban Gliscor|Iron Defense|p1a: Ban Gliscor
|-boost|p1a: Ban Gliscor|def|2
|cant|p2a: Ting-Lu|slp
|move|p2a: Ting-Lu|Sleep Talk|p2a: Ting-Lu
|move|p2a: Ting-Lu|Earthquake|p1a: Ban Gliscor|[from] move: Sleep Talk
|-immune|p1a: Ban Gliscor
|
|-damage|p1a: Ban Gliscor|88/100 brn|[from] brn
|upkeep
|turn|46
|
|t:|1758293613
|move|p1a: Ban Gliscor|Iron Defense|p1a: Ban Gliscor
|-boost|p1a: Ban Gliscor|def|2
|cant|p2a: Ting-Lu|slp
|move|p2a: Ting-Lu|Sleep Talk|p2a: Ting-Lu
|move|p2a: Ting-Lu|Earthquake|p1a: Ban Gliscor|[from] move: Sleep Talk
|-immune|p1a: Ban Gliscor
|
|-damage|p1a: Ban Gliscor|82/100 brn|[from] brn
|upkeep
|turn|47
|
|t:|1758293615
|move|p1a: Ban Gliscor|Body Press|p2a: Ting-Lu
|-supereffective|p2a: Ting-Lu
|-damage|p2a: Ting-Lu|42/100 slp
|-curestatus|p2a: Ting-Lu|slp|[msg]
|move|p2a: Ting-Lu|Sleep Talk||[still]
|-fail|p2a: Ting-Lu
|
|-heal|p2a: Ting-Lu|48/100|[from] item: Leftovers
|-damage|p1a: Ban Gliscor|76/100 brn|[from] brn
|upkeep
|turn|48
|
|t:|1758293620
|move|p1a: Ban Gliscor|Body Press|p2a: Ting-Lu
|-supereffective|p2a: Ting-Lu
|-damage|p2a: Ting-Lu|0 fnt
|faint|p2a: Ting-Lu
|
|-damage|p1a: Ban Gliscor|70/100 brn|[from] brn
|upkeep
|
|t:|1758293622
|switch|p2a: Dondozo|Dondozo, M|8/100 frz
|turn|49
|
|t:|1758293623
|move|p1a: Ban Gliscor|Body Press|p2a: Dondozo
|-damage|p2a: Dondozo|2/100 frz
|cant|p2a: Dondozo|frz
|
|-heal|p2a: Dondozo|8/100 frz|[from] item: Leftovers
|-damage|p1a: Ban Gliscor|64/100 brn|[from] brn
|upkeep
|turn|50
|
|t:|1758293626
|move|p1a: Ban Gliscor|Body Press|p2a: Dondozo
|-damage|p2a: Dondozo|2/100 frz
|-curestatus|p2a: Dondozo|frz|[msg]
|move|p2a: Dondozo|Rest|p2a: Dondozo
|-status|p2a: Dondozo|slp|[from] move: Rest
|-heal|p2a: Dondozo|100/100 slp|[silent]
|
|-damage|p1a: Ban Gliscor|58/100 brn|[from] brn
|upkeep
|turn|51
|
|t:|1758293630
|switch|p1a: Ban Wogerpon|Hydrapple, F, tera:Poison|50/100
|cant|p2a: Dondozo|slp
|
|upkeep
|turn|52
|
|t:|1758293637
|-terastallize|p2a: Dondozo|Dark
|move|p1a: Ban Wogerpon|Giga Drain|p2a: Dondozo
|-damage|p2a: Dondozo|70/100 slp
|-heal|p1a: Ban Wogerpon|68/100|[from] drain|[of] p2a: Dondozo
|cant|p2a: Dondozo|slp
|
|-heal|p2a: Dondozo|77/100 slp|[from] item: Leftovers
|upkeep
|turn|53
|
|t:|1758293643
|switch|p1a: Fk hazard noobs|Weezing-Galar, F|95/100
|-ability|p1a: Fk hazard noobs|Neutralizing Gas
|-curestatus|p2a: Dondozo|slp|[msg]
|move|p2a: Dondozo|Waterfall|p1a: Fk hazard noobs
|-damage|p1a: Fk hazard noobs|78/100
|
|-heal|p2a: Dondozo|83/100|[from] item: Leftovers
|upkeep
|turn|54
|
|t:|1758293646
|move|p1a: Fk hazard noobs|Will-O-Wisp|p2a: Dondozo
|-status|p2a: Dondozo|brn
|move|p2a: Dondozo|Curse|p2a: Dondozo
|-unboost|p2a: Dondozo|spe|1
|-boost|p2a: Dondozo|atk|1
|-boost|p2a: Dondozo|def|1
|
|-heal|p2a: Dondozo|89/100 brn|[from] item: Leftovers
|-damage|p2a: Dondozo|83/100 brn|[from] brn
|upkeep
|turn|55
|
|t:|1758293649
|move|p1a: Fk hazard noobs|Sludge Bomb|p2a: Dondozo
|-damage|p2a: Dondozo|55/100 brn
|move|p2a: Dondozo|Curse|p2a: Dondozo
|-unboost|p2a: Dondozo|spe|1
|-boost|p2a: Dondozo|atk|1
|-boost|p2a: Dondozo|def|1
|
|-heal|p2a: Dondozo|61/100 brn|[from] item: Leftovers
|-damage|p2a: Dondozo|55/100 brn|[from] brn
|upkeep
|turn|56
|
|t:|1758293652
|-end|p1a: Fk hazard noobs|ability: Neutralizing Gas
|switch|p1a: Ban Wogerpon|Hydrapple, F, tera:Poison|100/100
|move|p2a: Dondozo|Waterfall|p1a: Ban Wogerpon
|-damage|p1a: Ban Wogerpon|85/100
|
|-heal|p2a: Dondozo|61/100 brn|[from] item: Leftovers
|-damage|p2a: Dondozo|55/100 brn|[from] brn
|upkeep
|turn|57
|
|t:|1758293656
|move|p1a: Ban Wogerpon|Fickle Beam|p2a: Dondozo
|-damage|p2a: Dondozo|27/100 brn
|move|p2a: Dondozo|Rest|p2a: Dondozo
|-status|p2a: Dondozo|slp|[from] move: Rest
|-heal|p2a: Dondozo|100/100 slp|[silent]
|
|upkeep
|turn|58
|
|t:|1758293658
|move|p1a: Ban Wogerpon|Fickle Beam|p2a: Dondozo
|-damage|p2a: Dondozo|67/100 slp
|cant|p2a: Dondozo|slp
|
|-heal|p2a: Dondozo|73/100 slp|[from] item: Leftovers
|upkeep
|turn|59
|
|t:|1758293669
|move|p1a: Ban Wogerpon|Fickle Beam|p2a: Dondozo
|-damage|p2a: Dondozo|41/100 slp
|cant|p2a: Dondozo|slp
|
|-heal|p2a: Dondozo|47/100 slp|[from] item: Leftovers
|upkeep
|turn|60
|
|t:|1758293672
|move|p1a: Ban Wogerpon|Fickle Beam|p2a: Dondozo
|-damage|p2a: Dondozo|15/100 slp
|-curestatus|p2a: Dondozo|slp|[msg]
|move|p2a: Dondozo|Waterfall|p1a: Ban Wogerpon
|-damage|p1a: Ban Wogerpon|54/100
|
|-heal|p2a: Dondozo|21/100|[from] item: Leftovers
|upkeep
|turn|61
|
|t:|1758293677
|move|p1a: Ban Wogerpon|Fickle Beam|p2a: Dondozo|[anim] Fickle Beam All Out
|-activate|p1a: Ban Wogerpon|move: Fickle Beam
|-damage|p2a: Dondozo|0 fnt
|faint|p2a: Dondozo
|
|win|Obito 2001
|raw|Obito 2001's rating: 1774 &rarr; <strong>1798</strong><br />(+24 for winning)
|raw|ulky's rating: 1842 &rarr; <strong>1818</strong><br />(-24 for losing)
|l|☆ulky
|player|p2|
|l|☆Obito 2001
|player|p1|
