|j|☆michelangelo1717
|j|☆Mouu'D
|t:|1758294494
|gametype|singles
|player|p1|michelangelo1717|cynthia-gen4|1157
|player|p2|Mouu'D|buck|1203
|gen|9
|tier|[Gen 9] OU
|rated|
|rule|HP Percentage Mod: HP is shown in percentages
|rule|Endless Battle Clause: Forcing endless battles is banned
|rule|Species Clause: Limit one of each Pokémon
|rule|OHKO Clause: OHKO moves are banned
|rule|Evasion Items Clause: Evasion items are banned
|rule|Evasion Moves Clause: Evasion moves are banned
|rule|Evasion Abilities Clause: Evasion abilities are banned
|rule|Sleep Moves Clause: Sleep-inducing moves are banned
|clearpoke
|poke|p1|Pelipper, M|
|poke|p1|Barraskewda, F|
|poke|p1|Qwilfish, M|
|poke|p1|Overqwil, F|
|poke|p1|Ludicolo, M|
|poke|p1|Politoed, M|
|poke|p2|Slowbro, M|
|poke|p2|Diancie|
|poke|p2|Oranguru, F|
|poke|p2|Ursaluna, F|
|poke|p2|Incineroar, M|
|poke|p2|Conkeldurr, F|
|teampreview
|inactive|Battle timer is ON: inactive players will automatically lose when time's up. (requested by michelangelo1717)
|
|t:|1758294517
|teamsize|p1|6
|teamsize|p2|6
|start
|switch|p1a: Pelipper|Pelipper, M|100/100
|switch|p2a: Jinbei|Slowbro, M, shiny|100/100
|-weather|RainDance|[from] ability: Drizzle|[of] p1a: Pelipper
|turn|1
|
|t:|1758294525
|move|p1a: Pelipper|Hurricane|p2a: Jinbei
|-damage|p2a: Jinbei|50/100
|move|p2a: Jinbei|Trick Room|p2a: Jinbei
|-fieldstart|move: Trick Room|[of] p2a: Jinbei
|
|-weather|RainDance|[upkeep]
|upkeep
|turn|2
|inactive|Mouu'D has 120 seconds left.
|
|t:|1758294570
|switch|p2a: Robin|Diancie|100/100
|move|p1a: Pelipper|Hurricane|p2a: Robin
|-resisted|p2a: Robin
|-damage|p2a: Robin|81/100
|-start|p2a: Robin|confusion
|
|-weather|RainDance|[upkeep]
|upkeep
|turn|3
|
|t:|1758294581
|-activate|p2a: Robin|confusion
|move|p2a: Robin|Power Gem|p1a: Pelipper
|-supereffective|p1a: Pelipper
|-damage|p1a: Pelipper|0 fnt
|faint|p1a: Pelipper
|
|-weather|RainDance|[upkeep]
|upkeep
|
|t:|1758294588
|switch|p1a: Overqwil|Overqwil, F|100/100
|turn|4
|
|t:|1758294595
|switch|p2a: Chopper|Ursaluna, F|100/100
|move|p1a: Overqwil|Liquidation|p2a: Chopper
|-supereffective|p2a: Chopper
|-damage|p2a: Chopper|20/100
|-damage|p1a: Overqwil|91/100|[from] item: Life Orb
|
|-weather|RainDance|[upkeep]
|-status|p2a: Chopper|brn|[from] item: Flame Orb
|upkeep
|turn|5
|inactive|Mouu'D has 120 seconds left.
|
|t:|1758294610
|switch|p1a: Ludicolo|Ludicolo, M, shiny|100/100
|-terastallize|p2a: Chopper|Ground
|move|p2a: Chopper|Earthquake|p1a: Ludicolo
|-resisted|p1a: Ludicolo
|-damage|p1a: Ludicolo|14/100
|
|-weather|RainDance|[upkeep]
|-damage|p2a: Chopper|14/100 brn|[from] brn
|-fieldend|move: Trick Room
|upkeep
|turn|6
|
|t:|1758294622
|move|p1a: Ludicolo|Giga Drain|p2a: Chopper
|-supereffective|p2a: Chopper
|-damage|p2a: Chopper|0 fnt
|-heal|p1a: Ludicolo|24/100|[from] drain|[of] p2a: Chopper
|faint|p2a: Chopper
|
|-weather|RainDance|[upkeep]
|upkeep
|
|t:|1758294626
|switch|p2a: Xebec|Incineroar, M|100/100
|-ability|p2a: Xebec|Intimidate|boost
|-unboost|p1a: Ludicolo|atk|1
|turn|7
|inactive|Mouu'D has 120 seconds left.
|
|t:|1758294635
|switch|p1a: Qwilfish|Qwilfish, M|100/100
|switch|p2a: Jinbei|Slowbro, M, shiny|50/100
|
|-weather|RainDance|[upkeep]
|upkeep
|turn|8
|inactive|Mouu'D has 120 seconds left.
|
|t:|1758294645
|move|p1a: Qwilfish|Throat Chop|p2a: Jinbei
|-supereffective|p2a: Jinbei
|-enditem|p2a: Jinbei|Colbur Berry|[eat]
|-enditem|p2a: Jinbei|Colbur Berry|[weaken]
|-damage|p2a: Jinbei|32/100
|-start|p2a: Jinbei|Throat Chop|[silent]
|-damage|p1a: Qwilfish|91/100|[from] item: Life Orb
|move|p2a: Jinbei|Slack Off|p2a: Jinbei
|-heal|p2a: Jinbei|82/100
|
|-weather|none
|upkeep
|turn|9
|inactive|Mouu'D has 120 seconds left.
|
|t:|1758294682
|switch|p1a: Politoed|Politoed, M|100/100
|-weather|RainDance|[from] ability: Drizzle|[of] p1a: Politoed
|switch|p2a: Luffy gear 4th|Conkeldurr, F|100/100
|
|-weather|RainDance|[upkeep]
|-status|p2a: Luffy gear 4th|brn|[from] item: Flame Orb
|upkeep
|turn|10
|
|t:|1758294700
|move|p1a: Politoed|Whirlpool|p2a: Luffy gear 4th
|-damage|p2a: Luffy gear 4th|81/100 brn
|-activate|p2a: Luffy gear 4th|move: Whirlpool|[of] p1a: Politoed
|move|p2a: Luffy gear 4th|Drain Punch|p1a: Politoed
|-damage|p1a: Politoed|27/100
|-heal|p2a: Luffy gear 4th|100/100 brn|[from] drain|[of] p1a: Politoed
|
|-weather|RainDance|[upkeep]
|-damage|p2a: Luffy gear 4th|94/100 brn|[from] brn
|-damage|p2a: Luffy gear 4th|82/100 brn|[from] move: Whirlpool|[partiallytrapped]
|upkeep
|turn|11
|
|t:|1758294715
|move|p1a: Politoed|Encore|p2a: Luffy gear 4th
|-start|p2a: Luffy gear 4th|Encore
|move|p2a: Luffy gear 4th|Drain Punch|p1a: Politoed
|-damage|p1a: Politoed|0 fnt
|-heal|p2a: Luffy gear 4th|95/100 brn|[from] drain|[of] p1a: Politoed
|faint|p1a: Politoed
|
|-weather|RainDance|[upkeep]
|-damage|p2a: Luffy gear 4th|89/100 brn|[from] brn
|-end|p2a: Luffy gear 4th|Whirlpool|[partiallytrapped]|[silent]
|upkeep
|
|t:|1758294716
|switch|p1a: Qwilfish|Qwilfish, M|91/100
|turn|12
|
|t:|1758294736
|switch|p2a: Xebec|Incineroar, M|100/100
|-ability|p2a: Xebec|Intimidate|boost
|-unboost|p1a: Qwilfish|atk|1
|move|p1a: Qwilfish|Gunk Shot|p2a: Xebec
|-damage|p2a: Xebec|57/100
|-status|p2a: Xebec|psn
|-damage|p1a: Qwilfish|81/100|[from] item: Life Orb
|
|-weather|RainDance|[upkeep]
|-damage|p2a: Xebec|44/100 psn|[from] psn
|upkeep
|-enditem|p2a: Xebec|Sitrus Berry|[eat]
|-heal|p2a: Xebec|69/100 psn|[from] item: Sitrus Berry
|turn|13
|inactive|Mouu'D has 90 seconds left.
|
|t:|1758294752
|move|p1a: Qwilfish|Liquidation|p2a: Xebec
|-supereffective|p2a: Xebec
|-damage|p2a: Xebec|0 fnt
|faint|p2a: Xebec
|-damage|p1a: Qwilfish|71/100|[from] item: Life Orb
|
|-weather|RainDance|[upkeep]
|upkeep
|inactive|Mouu'D has 90 seconds left.
|
|t:|1758294770
|switch|p2a: Luffy gear 4th|Conkeldurr, F|89/100 brn
|turn|14
|
|t:|1758294774
|switch|p1a: Ludicolo|Ludicolo, M, shiny|24/100
|move|p2a: Luffy gear 4th|Knock Off|p1a: Ludicolo
|-damage|p1a: Ludicolo|0 fnt
|-enditem|p1a: Ludicolo|Choice Specs|[from] move: Knock Off|[of] p2a: Luffy gear 4th
|faint|p1a: Ludicolo
|
|-weather|RainDance|[upkeep]
|-damage|p2a: Luffy gear 4th|83/100 brn|[from] brn
|upkeep
|
|t:|1758294780
|switch|p1a: Barraskewda|Barraskewda, F|100/100
|turn|15
|
|t:|1758294791
|switch|p2a: Jinbei|Slowbro, M, shiny|82/100
|move|p1a: Barraskewda|Liquidation|p2a: Jinbei
|-resisted|p2a: Jinbei
|-damage|p2a: Jinbei|53/100
|
|-weather|RainDance|[upkeep]
|upkeep
|turn|16
|
|t:|1758294799
|move|p1a: Barraskewda|Liquidation|p2a: Jinbei
|-resisted|p2a: Jinbei
|-damage|p2a: Jinbei|23/100
|-unboost|p2a: Jinbei|def|1
|move|p2a: Jinbei|Trick Room|p2a: Jinbei
|-fieldstart|move: Trick Room|[of] p2a: Jinbei
|
|-weather|none
|upkeep
|turn|17
|
|t:|1758294813
|move|p2a: Jinbei|Slack Off|p2a: Jinbei
|-heal|p2a: Jinbei|73/100
|move|p1a: Barraskewda|Liquidation|p2a: Jinbei
|-resisted|p2a: Jinbei
|-damage|p2a: Jinbei|39/100
|
|upkeep
|turn|18
|
|t:|1758294821
|switch|p2a: Luffy gear 4th|Conkeldurr, F|83/100 brn
|move|p1a: Barraskewda|Liquidation|p2a: Luffy gear 4th
|-damage|p2a: Luffy gear 4th|24/100 brn
|
|-damage|p2a: Luffy gear 4th|18/100 brn|[from] brn
|upkeep
|turn|19
|c|☆michelangelo1717|Why is oranguru not part of the crew
|
|t:|1758294830
|move|p2a: Luffy gear 4th|Drain Punch|p1a: Barraskewda
|-damage|p1a: Barraskewda|0 fnt
|-heal|p2a: Luffy gear 4th|50/100 brn|[from] drain|[of] p1a: Barraskewda
|faint|p1a: Barraskewda
|
|-damage|p2a: Luffy gear 4th|44/100 brn|[from] brn
|upkeep
|
|t:|1758294836
|switch|p1a: Qwilfish|Qwilfish, M|71/100
|turn|20
|
|t:|1758294841
|move|p2a: Luffy gear 4th|Knock Off|p1a: Qwilfish
|-damage|p1a: Qwilfish|0 fnt
|-enditem|p1a: Qwilfish|Life Orb|[from] move: Knock Off|[of] p2a: Luffy gear 4th
|faint|p1a: Qwilfish
|
|-damage|p2a: Luffy gear 4th|38/100 brn|[from] brn
|-fieldend|move: Trick Room
|upkeep
|
|t:|1758294843
|switch|p1a: Overqwil|Overqwil, F|91/100
|turn|21
|
|t:|1758294851
|move|p2a: Luffy gear 4th|Mach Punch|p1a: Overqwil
|-damage|p1a: Overqwil|46/100
|move|p1a: Overqwil|Liquidation|p2a: Luffy gear 4th
|-damage|p2a: Luffy gear 4th|7/100 brn
|-damage|p1a: Overqwil|36/100|[from] item: Life Orb
|
|-damage|p2a: Luffy gear 4th|1/100 brn|[from] brn
|upkeep
|turn|22
|
|t:|1758294860
|move|p2a: Luffy gear 4th|Mach Punch|p1a: Overqwil
|-damage|p1a: Overqwil|0 fnt
|faint|p1a: Overqwil
|
|win|Mouu'D
|raw|michelangelo1717's rating: 1157 &rarr; <strong>1135</strong><br />(-22 for losing)
|raw|Mouu&apos;D's rating: 1203 &rarr; <strong>1225</strong><br />(+22 for winning)
|l|☆Mouu'D
|player|p2|
