|j|☆supersayandraft
|j|☆crue love
|t:|1758350438
|gametype|singles
|player|p1|supersayandraft|firebreather|1513
|player|p2|crue love|youngster-gen4dp|1468
|gen|9
|tier|[Gen 9] OU
|rated|
|rule|HP Percentage Mod: HP is shown in percentages
|rule|Endless Battle Clause: Forcing endless battles is banned
|rule|Species Clause: Limit one of each Pokémon
|rule|OHKO Clause: OHKO moves are banned
|rule|Evasion Items Clause: Evasion items are banned
|rule|Evasion Moves Clause: Evasion moves are banned
|rule|Evasion Abilities Clause: Evasion abilities are banned
|rule|Sleep Moves Clause: Sleep-inducing moves are banned
|clearpoke
|poke|p1|Ninetales-Alola, F|
|poke|p1|Ogerpon-Wellspring, F|
|poke|p1|Iron Crown|
|poke|p1|Greninja-*, M|
|poke|p1|Great Tusk|
|poke|p1|Gholdengo|
|poke|p2|Crawdaunt, M|
|poke|p2|Latios, M|
|poke|p2|Zamazenta-*|
|poke|p2|Landorus-Therian, M|
|poke|p2|Ting-Lu|
|poke|p2|Gholdengo|
|teampreview
|inactive|Battle timer is ON: inactive players will automatically lose when time's up. (requested by crue love)
|
|t:|1758350465
|teamsize|p1|6
|teamsize|p2|6
|start
|switch|p1a: Ogerpon|Ogerpon-Wellspring, F|100/100
|switch|p2a: Gholdengo|Gholdengo|100/100
|-item|p2a: Gholdengo|Air Balloon
|turn|1
|
|t:|1758350473
|move|p1a: Ogerpon|Ivy Cudgel|p2a: Gholdengo|[anim] Ivy Cudgel Water
|-damage|p2a: Gholdengo|57/100
|-enditem|p2a: Gholdengo|Air Balloon
|move|p2a: Gholdengo|Shadow Ball|p1a: Ogerpon
|-damage|p1a: Ogerpon|60/100
|
|upkeep
|turn|2
|
|t:|1758350482
|move|p1a: Ogerpon|Swords Dance|p1a: Ogerpon
|-boost|p1a: Ogerpon|atk|2
|move|p2a: Gholdengo|Recover|p2a: Gholdengo
|-heal|p2a: Gholdengo|100/100
|
|upkeep
|turn|3
|
|t:|1758350486
|move|p1a: Ogerpon|Ivy Cudgel|p2a: Gholdengo|[anim] Ivy Cudgel Water
|-damage|p2a: Gholdengo|21/100
|move|p2a: Gholdengo|Shadow Ball|p1a: Ogerpon
|-damage|p1a: Ogerpon|19/100
|
|upkeep
|turn|4
|
|t:|1758350503
|switch|p2a: Zamazenta|Zamazenta|100/100
|-ability|p2a: Zamazenta|Dauntless Shield|boost
|-boost|p2a: Zamazenta|def|1
|move|p1a: Ogerpon|Ivy Cudgel|p2a: Zamazenta|[anim] Ivy Cudgel Water
|-damage|p2a: Zamazenta|48/100
|
|-heal|p2a: Zamazenta|54/100|[from] item: Leftovers
|upkeep
|turn|5
|
|t:|1758350512
|move|p2a: Zamazenta|Crunch|p1a: Ogerpon
|-damage|p1a: Ogerpon|0 fnt
|faint|p1a: Ogerpon
|
|-heal|p2a: Zamazenta|60/100|[from] item: Leftovers
|upkeep
|
|t:|1758350523
|switch|p1a: Gholdengo|Gholdengo, shiny|100/100
|turn|6
|
|t:|1758350527
|move|p2a: Zamazenta|Crunch|p1a: Gholdengo
|-supereffective|p1a: Gholdengo
|-damage|p1a: Gholdengo|58/100
|-unboost|p1a: Gholdengo|def|1
|move|p1a: Gholdengo|Shadow Ball|p2a: Zamazenta
|-damage|p2a: Zamazenta|26/100
|-unboost|p2a: Zamazenta|spd|1
|
|-heal|p2a: Zamazenta|32/100|[from] item: Leftovers
|-heal|p1a: Gholdengo|64/100|[from] item: Leftovers
|upkeep
|turn|7
|
|t:|1758350535
|switch|p1a: Great Tusk|Great Tusk|100/100
|-enditem|p1a: Great Tusk|Booster Energy
|-activate|p1a: Great Tusk|ability: Protosynthesis|[fromitem]
|-start|p1a: Great Tusk|protosynthesisatk
|move|p2a: Zamazenta|Crunch|p1a: Great Tusk
|-resisted|p1a: Great Tusk
|-damage|p1a: Great Tusk|92/100
|-unboost|p1a: Great Tusk|def|1
|
|-heal|p2a: Zamazenta|39/100|[from] item: Leftovers
|upkeep
|turn|8
|
|t:|1758350553
|switch|p2a: Landorus|Landorus-Therian, M|100/100
|-ability|p2a: Landorus|Intimidate|boost
|-unboost|p1a: Great Tusk|atk|1
|move|p1a: Great Tusk|Rapid Spin|p2a: Landorus
|-damage|p2a: Landorus|85/100
|-boost|p1a: Great Tusk|spe|1
|-damage|p1a: Great Tusk|76/100|[from] item: Rocky Helmet|[of] p2a: Landorus
|
|upkeep
|turn|9
|
|t:|1758350558
|switch|p2a: Gholdengo|Gholdengo|21/100
|move|p1a: Great Tusk|Ice Spinner|p2a: Gholdengo
|-resisted|p2a: Gholdengo
|-damage|p2a: Gholdengo|12/100
|
|upkeep
|turn|10
|
|t:|1758350566
|move|p1a: Great Tusk|Knock Off|p2a: Gholdengo
|-supereffective|p2a: Gholdengo
|-damage|p2a: Gholdengo|0 fnt
|faint|p2a: Gholdengo
|
|upkeep
|
|t:|1758350580
|switch|p2a: Crawdaunt|Crawdaunt, M|100/100
|turn|11
|
|t:|1758350586
|move|p1a: Great Tusk|Headlong Rush|p2a: Crawdaunt
|-damage|p2a: Crawdaunt|17/100
|-unboost|p1a: Great Tusk|def|1
|-unboost|p1a: Great Tusk|spd|1
|move|p2a: Crawdaunt|Liquidation|p1a: Great Tusk
|-supereffective|p1a: Great Tusk
|-damage|p1a: Great Tusk|0 fnt
|faint|p1a: Great Tusk
|-end|p1a: Great Tusk|Protosynthesis|[silent]
|
|upkeep
|
|t:|1758350594
|switch|p1a: Ninetales|Ninetales-Alola, F|100/100
|-weather|Snowscape|[from] ability: Snow Warning|[of] p1a: Ninetales
|turn|12
|
|t:|1758350600
|move|p1a: Ninetales|Freeze-Dry|p2a: Crawdaunt
|-supereffective|p2a: Crawdaunt
|-damage|p2a: Crawdaunt|0 fnt
|faint|p2a: Crawdaunt
|
|-weather|Snowscape|[upkeep]
|upkeep
|
|t:|1758350612
|switch|p2a: Zamazenta|Zamazenta|39/100
|turn|13
|
|t:|1758350615
|move|p2a: Zamazenta|Heavy Slam|p1a: Ninetales
|-supereffective|p1a: Ninetales
|-damage|p1a: Ninetales|0 fnt
|faint|p1a: Ninetales
|
|-weather|Snowscape|[upkeep]
|-heal|p2a: Zamazenta|45/100|[from] item: Leftovers
|upkeep
|
|t:|1758350624
|switch|p1a: Gholdengo|Gholdengo, shiny|64/100
|turn|14
|
|t:|1758350628
|switch|p2a: Ting-Lu|Ting-Lu|100/100
|-ability|p2a: Ting-Lu|Vessel of Ruin
|move|p1a: Gholdengo|Shadow Ball|p2a: Ting-Lu
|-resisted|p2a: Ting-Lu
|-damage|p2a: Ting-Lu|90/100
|
|-weather|Snowscape|[upkeep]
|-heal|p1a: Gholdengo|70/100|[from] item: Leftovers
|-heal|p2a: Ting-Lu|96/100|[from] item: Leftovers
|upkeep
|turn|15
|
|t:|1758350632
|move|p1a: Gholdengo|Focus Blast|p2a: Ting-Lu|[miss]
|-miss|p1a: Gholdengo|p2a: Ting-Lu
|move|p2a: Ting-Lu|Spikes|p1a: Gholdengo
|-sidestart|p1: supersayandraft|Spikes
|
|-weather|Snowscape|[upkeep]
|-heal|p1a: Gholdengo|76/100|[from] item: Leftovers
|-heal|p2a: Ting-Lu|100/100|[from] item: Leftovers
|upkeep
|turn|16
|
|t:|1758350645
|-terastallize|p2a: Ting-Lu|Poison
|move|p1a: Gholdengo|Focus Blast|p2a: Ting-Lu|[miss]
|-miss|p1a: Gholdengo|p2a: Ting-Lu
|move|p2a: Ting-Lu|Earthquake|p1a: Gholdengo
|-supereffective|p1a: Gholdengo
|-damage|p1a: Gholdengo|6/100
|
|-weather|none
|-heal|p1a: Gholdengo|12/100|[from] item: Leftovers
|upkeep
|turn|17
|
|t:|1758350652
|move|p1a: Gholdengo|Make It Rain|p2a: Ting-Lu
|-damage|p2a: Ting-Lu|71/100
|-unboost|p1a: Gholdengo|spa|1
|move|p2a: Ting-Lu|Earthquake|p1a: Gholdengo
|-supereffective|p1a: Gholdengo
|-damage|p1a: Gholdengo|0 fnt
|faint|p1a: Gholdengo
|
|-heal|p2a: Ting-Lu|77/100|[from] item: Leftovers
|upkeep
|
|t:|1758350661
|switch|p1a: Iron Crown|Iron Crown|100/100
|-damage|p1a: Iron Crown|88/100|[from] Spikes
|-enditem|p1a: Iron Crown|Booster Energy
|-activate|p1a: Iron Crown|ability: Quark Drive|[fromitem]
|-start|p1a: Iron Crown|quarkdrivespe
|turn|18
|
|t:|1758350681
|switch|p2a: Latios|Latios, M|100/100
|-terastallize|p1a: Iron Crown|Fighting
|move|p1a: Iron Crown|Psychic Noise|p2a: Latios
|-resisted|p2a: Latios
|-damage|p2a: Latios|82/100
|-start|p2a: Latios|move: Heal Block
|
|upkeep
|turn|19
|
|t:|1758350699
|move|p2a: Latios|Aura Sphere|p1a: Iron Crown
|-damage|p1a: Iron Crown|60/100
|move|p1a: Iron Crown|Tachyon Cutter|p2a: Latios
|-damage|p2a: Latios|56/100
|-damage|p2a: Latios|29/100
|-hitcount|p2a: Latios|2
|
|-end|p2a: Latios|move: Heal Block
|upkeep
|turn|20
|
|t:|1758350710
|move|p2a: Latios|Aura Sphere|p1a: Iron Crown
|-damage|p1a: Iron Crown|32/100
|move|p1a: Iron Crown|Tachyon Cutter|p2a: Latios
|-damage|p2a: Latios|6/100
|-damage|p2a: Latios|0 fnt
|faint|p2a: Latios
|-hitcount|p2: Latios|2
|
|upkeep
|
|t:|1758350727
|switch|p2a: Landorus|Landorus-Therian, M|85/100
|-ability|p2a: Landorus|Intimidate|boost
|-unboost|p1a: Iron Crown|atk|1
|turn|21
|
|t:|1758350733
|move|p1a: Iron Crown|Tachyon Cutter|p2a: Landorus
|-damage|p2a: Landorus|57/100
|-damage|p2a: Landorus|32/100
|-hitcount|p2a: Landorus|2
|move|p2a: Landorus|Earth Power|p1a: Iron Crown
|-damage|p1a: Iron Crown|3/100
|
|upkeep
|turn|22
|
|t:|1758350740
|move|p1a: Iron Crown|Tachyon Cutter|p2a: Landorus
|-damage|p2a: Landorus|5/100
|-damage|p2a: Landorus|0 fnt
|faint|p2a: Landorus
|-hitcount|p2: Landorus|2
|
|upkeep
|
|t:|1758350748
|switch|p2a: Ting-Lu|Ting-Lu, tera:Poison|77/100
|-ability|p2a: Ting-Lu|Vessel of Ruin
|turn|23
|
|t:|1758350753
|move|p1a: Iron Crown|Psychic Noise|p2a: Ting-Lu
|-supereffective|p2a: Ting-Lu
|-damage|p2a: Ting-Lu|48/100
|-start|p2a: Ting-Lu|move: Heal Block
|move|p2a: Ting-Lu|Earthquake|p1a: Iron Crown
|-damage|p1a: Iron Crown|0 fnt
|faint|p1a: Iron Crown
|-end|p1a: Iron Crown|Quark Drive|[silent]
|
|upkeep
|
|t:|1758350760
|switch|p1a: Greninja|Greninja, M|100/100
|-damage|p1a: Greninja|88/100|[from] Spikes
|turn|24
|
|t:|1758350765
|move|p1a: Greninja|Hydro Pump|p2a: Ting-Lu
|-damage|p2a: Ting-Lu|23/100
|-damage|p1a: Greninja|78/100|[from] item: Life Orb
|move|p2a: Ting-Lu|Earthquake|p1a: Greninja
|-damage|p1a: Greninja|14/100
|
|-end|p2a: Ting-Lu|move: Heal Block
|upkeep
|turn|25
|
|t:|1758350780
|move|p1a: Greninja|Hydro Pump|p2a: Ting-Lu
|-damage|p2a: Ting-Lu|0 fnt
|faint|p2a: Ting-Lu
|-ability|p1a: Greninja|Battle Bond|boost
|-boost|p1a: Greninja|atk|1
|-boost|p1a: Greninja|spa|1
|-boost|p1a: Greninja|spe|1
|-activate|p1a: Greninja|ability: Battle Bond
|-damage|p1a: Greninja|4/100|[from] item: Life Orb
|
|upkeep
|
|t:|1758350782
|switch|p2a: Zamazenta|Zamazenta|45/100
|turn|26
|c|☆crue love|ggs
|
|t:|1758350791
|move|p1a: Greninja|Hydro Pump|p2a: Zamazenta
|-damage|p2a: Zamazenta|0 fnt
|faint|p2a: Zamazenta
|-damage|p1a: Greninja|0 fnt|[from] item: Life Orb
|faint|p1a: Greninja
|
|win|supersayandraft
|raw|supersayandraft's rating: 1513 &rarr; <strong>1530</strong><br />(+17 for winning)
|raw|crue love's rating: 1468 &rarr; <strong>1451</strong><br />(-17 for losing)
|l|☆crue love
|player|p2|
|c|☆supersayandraft|gg
|l|☆supersayandraft
|player|p1|
