|j|☆zzy1248
|j|☆lorped
|t:|1758294111
|gametype|singles
|player|p1|zzy1248|101|1100
|player|p2|lorped|170|1129
|gen|9
|tier|[Gen 9] OU
|rated|
|rule|HP Percentage Mod: HP is shown in percentages
|rule|Endless Battle Clause: Forcing endless battles is banned
|rule|Species Clause: Limit one of each Pokémon
|rule|OHKO Clause: OHKO moves are banned
|rule|Evasion Items Clause: Evasion items are banned
|rule|Evasion Moves Clause: Evasion moves are banned
|rule|Evasion Abilities Clause: Evasion abilities are banned
|rule|Sleep Moves Clause: Sleep-inducing moves are banned
|clearpoke
|poke|p1|Tyranitar, M|
|poke|p1|Excadrill, F|
|poke|p1|Keldeo-Resolute|
|poke|p1|Tornadus-Therian, M|
|poke|p1|Heatran, F|
|poke|p1|Hydrapple, F|
|poke|p2|Leavanny, M|
|poke|p2|Ceruledge, M|
|poke|p2|Iron Hands|
|poke|p2|Sinistcha|
|poke|p2|Altaria, M|
|poke|p2|Mamoswine, F|
|teampreview
|
|t:|1758294128
|teamsize|p1|6
|teamsize|p2|6
|start
|switch|p1a: Tyranitar|Tyranitar, M|100/100
|switch|p2a: Sinistcha|Sinistcha|100/100
|-weather|Sandstorm|[from] ability: Sand Stream|[of] p1a: Tyranitar
|turn|1
|
|t:|1758294149
|move|p1a: Tyranitar|Knock Off|p2a: Sinistcha
|-supereffective|p2a: Sinistcha
|-damage|p2a: Sinistcha|0 fnt
|-enditem|p2a: Sinistcha|Sitrus Berry|[from] move: Knock Off|[of] p1a: Tyranitar
|faint|p2a: Sinistcha
|
|-weather|Sandstorm|[upkeep]
|upkeep
|
|t:|1758294157
|switch|p2a: Leavanny|Leavanny, M|100/100
|turn|2
|
|t:|1758294170
|switch|p1a: Heatran|Heatran, F|100/100
|move|p2a: Leavanny|Leaf Blade|p1a: Heatran
|-resisted|p1a: Heatran
|-damage|p1a: Heatran|92/100
|
|-weather|Sandstorm|[upkeep]
|-damage|p2a: Leavanny|94/100|[from] Sandstorm
|-heal|p1a: Heatran|98/100|[from] item: Leftovers
|upkeep
|turn|3
|
|t:|1758294187
|switch|p2a: Mamoswine|Mamoswine, F|100/100
|move|p1a: Heatran|Taunt|p2a: Mamoswine
|-start|p2a: Mamoswine|move: Taunt
|
|-weather|Sandstorm|[upkeep]
|-heal|p1a: Heatran|100/100|[from] item: Leftovers
|upkeep
|turn|4
|
|t:|1758294221
|switch|p1a: Keldeo|Keldeo-Resolute|100/100
|move|p2a: Mamoswine|Icicle Crash|p1a: Keldeo
|-resisted|p1a: Keldeo
|-damage|p1a: Keldeo|74/100
|
|-weather|Sandstorm|[upkeep]
|-damage|p1a: Keldeo|67/100|[from] Sandstorm
|upkeep
|turn|5
|
|t:|1758294233
|-terastallize|p2a: Mamoswine|Steel
|move|p1a: Keldeo|Surf|p2a: Mamoswine
|-crit|p2a: Mamoswine
|-damage|p2a: Mamoswine|3/100
|move|p2a: Mamoswine|Trailblaze|p1a: Keldeo
|-supereffective|p1a: Keldeo
|-damage|p1a: Keldeo|24/100
|-boost|p2a: Mamoswine|spe|1
|
|-weather|none
|-end|p2a: Mamoswine|move: Taunt
|upkeep
|turn|6
|
|t:|1758294244
|move|p2a: Mamoswine|Trailblaze|p1a: Keldeo
|-supereffective|p1a: Keldeo
|-damage|p1a: Keldeo|0 fnt
|-boost|p2a: Mamoswine|spe|1
|faint|p1a: Keldeo
|
|upkeep
|
|t:|1758294249
|switch|p1a: Tyranitar|Tyranitar, M|100/100
|-weather|Sandstorm|[from] ability: Sand Stream|[of] p1a: Tyranitar
|turn|7
|
|t:|1758294255
|switch|p1a: Tornadus|Tornadus-Therian, M|100/100
|move|p2a: Mamoswine|Earthquake|p1a: Tornadus
|-immune|p1a: Tornadus
|
|-weather|Sandstorm|[upkeep]
|-damage|p1a: Tornadus|94/100|[from] Sandstorm
|upkeep
|turn|8
|
|t:|1758294263
|move|p2a: Mamoswine|Iron Head|p1a: Tornadus
|-damage|p1a: Tornadus|50/100
|move|p1a: Tornadus|U-turn|p2a: Mamoswine
|-resisted|p2a: Mamoswine
|-damage|p2a: Mamoswine|0 fnt
|faint|p2a: Mamoswine
|
|t:|1758294274
|switch|p1a: Heatran|Heatran, F|100/100|[from] U-turn
|
|-weather|Sandstorm|[upkeep]
|upkeep
|
|t:|1758294301
|switch|p2a: Ceruledge|Ceruledge, M|100/100
|-item|p2a: Ceruledge|Air Balloon
|turn|9
|
|t:|1758294315
|move|p2a: Ceruledge|Swords Dance|p2a: Ceruledge
|-boost|p2a: Ceruledge|atk|2
|move|p1a: Heatran|Taunt|p2a: Ceruledge
|-start|p2a: Ceruledge|move: Taunt
|
|-weather|Sandstorm|[upkeep]
|-damage|p2a: Ceruledge|94/100|[from] Sandstorm
|upkeep
|turn|10
|
|t:|1758294327
|switch|p1a: Tornadus|Tornadus-Therian, M|83/100
|move|p2a: Ceruledge|Bitter Blade|p1a: Tornadus
|-damage|p1a: Tornadus|0 fnt
|-heal|p2a: Ceruledge|100/100|[from] drain|[of] p1a: Tornadus
|faint|p1a: Tornadus
|
|-weather|Sandstorm|[upkeep]
|-damage|p2a: Ceruledge|94/100|[from] Sandstorm
|upkeep
|
|t:|1758294329
|switch|p1a: Hydrapple|Hydrapple, F|100/100
|turn|11
|
|t:|1758294345
|switch|p1a: Tyranitar|Tyranitar, M|100/100
|move|p2a: Ceruledge|Bitter Blade|p1a: Tyranitar
|-resisted|p1a: Tyranitar
|-damage|p1a: Tyranitar|60/100
|-heal|p2a: Ceruledge|100/100|[from] drain|[of] p1a: Tyranitar
|
|-weather|none
|upkeep
|turn|12
|
|t:|1758294366
|move|p2a: Ceruledge|Bitter Blade|p1a: Tyranitar
|-resisted|p1a: Tyranitar
|-crit|p1a: Tyranitar
|-damage|p1a: Tyranitar|0 fnt
|faint|p1a: Tyranitar
|
|-end|p2a: Ceruledge|move: Taunt
|upkeep
|
|t:|1758294371
|switch|p1a: Excadrill|Excadrill, F|100/100
|-item|p1a: Excadrill|Air Balloon
|turn|13
|
|t:|1758294381
|-terastallize|p1a: Excadrill|Ghost
|move|p2a: Ceruledge|Bitter Blade|p1a: Excadrill
|-damage|p1a: Excadrill|0 fnt
|-enditem|p1a: Excadrill|Air Balloon
|faint|p1a: Excadrill
|
|upkeep
|-message|zzy1248 forfeited.
|
|win|lorped
|raw|zzy1248's rating: 1100 &rarr; <strong>1077</strong><br />(-23 for losing)
|raw|lorped's rating: 1129 &rarr; <strong>1152</strong><br />(+23 for winning)
|l|☆zzy1248
|player|p1|
|l|☆lorped
|player|p2|
