|j|☆slowbro named paul
|j|☆mayuhara
|t:|1758278349
|gametype|singles
|player|p1|slowbro named paul|skierf|1299
|player|p2|mayuhara|ghetsis|1406
|gen|9
|tier|[Gen 9] OU
|rated|
|rule|HP Percentage Mod: HP is shown in percentages
|rule|Endless Battle Clause: Forcing endless battles is banned
|rule|Species Clause: Limit one of each Pokémon
|rule|OHKO Clause: OHKO moves are banned
|rule|Evasion Items Clause: Evasion items are banned
|rule|Evasion Moves Clause: Evasion moves are banned
|rule|Evasion Abilities Clause: Evasion abilities are banned
|rule|Sleep Moves Clause: Sleep-inducing moves are banned
|clearpoke
|poke|p1|Rhydon, F|
|poke|p1|Zarude|
|poke|p1|Latias, F|
|poke|p1|Tentacruel, M|
|poke|p1|Tauros-Paldea-Blaze, M|
|poke|p1|Cobalion|
|poke|p2|Tyranitar, M|
|poke|p2|Gholdengo|
|poke|p2|Zamazenta-*|
|poke|p2|Rillaboom, F|
|poke|p2|Garchomp, F|
|poke|p2|Zapdos|
|teampreview
|inactive|Battle timer is ON: inactive players will automatically lose when time's up. (requested by mayuhara)
|inactive|slowbro named paul also wants the timer to be on.
|
|t:|1758278360
|teamsize|p1|6
|teamsize|p2|6
|start
|switch|p1a: Bison Bill|Tauros-Paldea-Blaze, M|100/100
|switch|p2a: Garchomp|Garchomp, F|100/100
|-ability|p1a: Bison Bill|Intimidate|boost
|-unboost|p2a: Garchomp|atk|1
|turn|1
|
|t:|1758278364
|move|p2a: Garchomp|Earthquake|p1a: Bison Bill
|-supereffective|p1a: Bison Bill
|-damage|p1a: Bison Bill|63/100
|move|p1a: Bison Bill|Will-O-Wisp|p2a: Garchomp
|-status|p2a: Garchomp|brn
|
|-damage|p2a: Garchomp|94/100 brn|[from] brn
|upkeep
|turn|2
|
|t:|1758278370
|switch|p1a: mmm... monkey|Zarude|100/100
|move|p2a: Garchomp|Stealth Rock|p1a: mmm... monkey
|-sidestart|p1: slowbro named paul|move: Stealth Rock
|
|-damage|p2a: Garchomp|88/100 brn|[from] brn
|upkeep
|turn|3
|
|t:|1758278374
|switch|p2a: Zapdos|Zapdos|100/100
|move|p1a: mmm... monkey|Bulk Up|p1a: mmm... monkey
|-boost|p1a: mmm... monkey|atk|1
|-boost|p1a: mmm... monkey|def|1
|
|upkeep
|turn|4
|
|t:|1758278381
|-terastallize|p1a: mmm... monkey|Fairy
|move|p2a: Zapdos|Hurricane|p1a: mmm... monkey
|-damage|p1a: mmm... monkey|56/100
|move|p1a: mmm... monkey|Knock Off|p2a: Zapdos
|-damage|p2a: Zapdos|39/100
|-enditem|p2a: Zapdos|Heavy-Duty Boots|[from] move: Knock Off|[of] p1a: mmm... monkey
|
|-heal|p1a: mmm... monkey|62/100|[from] item: Leftovers
|upkeep
|turn|5
|
|t:|1758278387
|move|p2a: Zapdos|Roost|p2a: Zapdos
|-heal|p2a: Zapdos|89/100
|-singleturn|p2a: Zapdos|move: Roost
|move|p1a: mmm... monkey|Trailblaze|p2a: Zapdos
|-damage|p2a: Zapdos|54/100
|-boost|p1a: mmm... monkey|spe|1
|-status|p1a: mmm... monkey|par|[from] ability: Static|[of] p2a: Zapdos
|
|-heal|p1a: mmm... monkey|68/100 par|[from] item: Leftovers
|upkeep
|turn|6
|
|t:|1758278392
|move|p2a: Zapdos|Hurricane|p1a: mmm... monkey
|-crit|p1a: mmm... monkey
|-damage|p1a: mmm... monkey|0 fnt
|faint|p1a: mmm... monkey
|
|upkeep
|
|t:|1758278395
|switch|p1a: pain inflicter|Tentacruel, M|100/100
|-damage|p1a: pain inflicter|88/100|[from] Stealth Rock
|turn|7
|
|t:|1758278400
|move|p2a: Zapdos|Volt Switch|p1a: pain inflicter
|-supereffective|p1a: pain inflicter
|-damage|p1a: pain inflicter|51/100
|
|t:|1758278402
|switch|p2a: Gholdengo|Gholdengo|100/100|[from] Volt Switch
|-item|p2a: Gholdengo|Air Balloon
|move|p1a: pain inflicter|Rapid Spin|p2a: Gholdengo
|-immune|p2a: Gholdengo
|
|upkeep
|turn|8
|
|t:|1758278405
|move|p1a: pain inflicter|Surf|p2a: Gholdengo
|-damage|p2a: Gholdengo|64/100
|-enditem|p2a: Gholdengo|Air Balloon
|move|p2a: Gholdengo|Thunder Wave|p1a: pain inflicter
|-status|p1a: pain inflicter|par
|
|upkeep
|turn|9
|
|t:|1758278410
|switch|p1a: Strange Dog|Rhydon, F, shiny|100/100
|-damage|p1a: Strange Dog|94/100|[from] Stealth Rock
|move|p2a: Gholdengo|Hex|p1a: Strange Dog
|-crit|p1a: Strange Dog
|-damage|p1a: Strange Dog|47/100
|
|upkeep
|turn|10
|
|t:|1758278414
|move|p2a: Gholdengo|Make It Rain|p1a: Strange Dog
|-supereffective|p1a: Strange Dog
|-crit|p1a: Strange Dog
|-damage|p1a: Strange Dog|0 fnt
|-unboost|p2a: Gholdengo|spa|1
|faint|p1a: Strange Dog
|
|upkeep
|
|t:|1758278417
|switch|p1a: jetstream jake|Latias, F, shiny|100/100
|-damage|p1a: jetstream jake|88/100|[from] Stealth Rock
|turn|11
|
|t:|1758278420
|move|p1a: jetstream jake|Agility|p1a: jetstream jake
|-boost|p1a: jetstream jake|spe|2
|move|p2a: Gholdengo|Thunder Wave|p1a: jetstream jake|[miss]
|-miss|p2a: Gholdengo|p1a: jetstream jake
|
|upkeep
|turn|12
|
|t:|1758278425
|move|p1a: jetstream jake|Calm Mind|p1a: jetstream jake
|-boost|p1a: jetstream jake|spa|1
|-boost|p1a: jetstream jake|spd|1
|move|p2a: Gholdengo|Thunder Wave|p1a: jetstream jake
|-status|p1a: jetstream jake|par
|
|upkeep
|turn|13
|
|t:|1758278427
|move|p1a: jetstream jake|Agility|p1a: jetstream jake
|-boost|p1a: jetstream jake|spe|2
|move|p2a: Gholdengo|Hex|p1a: jetstream jake
|-supereffective|p1a: jetstream jake
|-damage|p1a: jetstream jake|47/100 par
|-enditem|p1a: jetstream jake|Weakness Policy
|-boost|p1a: jetstream jake|atk|2|[from] item: Weakness Policy
|-boost|p1a: jetstream jake|spa|2|[from] item: Weakness Policy
|
|upkeep
|turn|14
|
|t:|1758278429
|move|p1a: jetstream jake|Stored Power|p2a: Gholdengo
|-resisted|p2a: Gholdengo
|-damage|p2a: Gholdengo|0 fnt
|faint|p2a: Gholdengo
|
|upkeep
|
|t:|1758278451
|switch|p2a: Tyranitar|Tyranitar, M|100/100
|-weather|Sandstorm|[from] ability: Sand Stream|[of] p2a: Tyranitar
|turn|15
|
|t:|1758278455
|-terastallize|p2a: Tyranitar|Fighting
|move|p1a: jetstream jake|Draining Kiss|p2a: Tyranitar
|-supereffective|p2a: Tyranitar
|-crit|p2a: Tyranitar
|-damage|p2a: Tyranitar|13/100
|-heal|p1a: jetstream jake|100/100 par|[from] drain|[of] p2a: Tyranitar
|move|p2a: Tyranitar|Knock Off|p1a: jetstream jake
|-supereffective|p1a: jetstream jake
|-damage|p1a: jetstream jake|34/100 par
|
|-weather|Sandstorm|[upkeep]
|-damage|p1a: jetstream jake|28/100 par|[from] Sandstorm
|-damage|p2a: Tyranitar|7/100|[from] Sandstorm
|upkeep
|turn|16
|
|t:|1758278469
|move|p1a: jetstream jake|Draining Kiss|p2a: Tyranitar
|-supereffective|p2a: Tyranitar
|-crit|p2a: Tyranitar
|-damage|p2a: Tyranitar|0 fnt
|-heal|p1a: jetstream jake|33/100 par|[from] drain|[of] p2a: Tyranitar
|faint|p2a: Tyranitar
|
|-weather|Sandstorm|[upkeep]
|-damage|p1a: jetstream jake|27/100 par|[from] Sandstorm
|upkeep
|inactive|mayuhara has 120 seconds left.
|
|t:|1758278496
|switch|p2a: Garchomp|Garchomp, F|88/100 brn
|turn|17
|
|t:|1758278499
|cant|p1a: jetstream jake|par
|move|p2a: Garchomp|Dragon Tail|p1a: jetstream jake
|-supereffective|p1a: jetstream jake
|-damage|p1a: jetstream jake|1/100 par
|drag|p1a: The Goat|Cobalion, shiny|100/100
|-damage|p1a: The Goat|97/100|[from] Stealth Rock
|
|-weather|Sandstorm|[upkeep]
|-damage|p2a: Garchomp|82/100 brn|[from] brn
|upkeep
|turn|18
|
|t:|1758278506
|move|p1a: The Goat|Iron Defense|p1a: The Goat
|-boost|p1a: The Goat|def|2
|move|p2a: Garchomp|Spikes|p1a: The Goat
|-sidestart|p1: slowbro named paul|Spikes
|
|-weather|Sandstorm|[upkeep]
|-damage|p2a: Garchomp|76/100 brn|[from] brn
|upkeep
|turn|19
|
|t:|1758278508
|move|p1a: The Goat|Iron Defense|p1a: The Goat
|-boost|p1a: The Goat|def|2
|move|p2a: Garchomp|Dragon Tail|p1a: The Goat
|-resisted|p1a: The Goat
|-damage|p1a: The Goat|96/100
|-damage|p2a: Garchomp|59/100 brn|[from] item: Rocky Helmet|[of] p1a: The Goat
|drag|p1a: Bison Bill|Tauros-Paldea-Blaze, M|63/100
|-ability|p1a: Bison Bill|Intimidate|boost
|-unboost|p2a: Garchomp|atk|1
|
|-weather|none
|-damage|p2a: Garchomp|53/100 brn|[from] brn
|upkeep
|turn|20
|
|t:|1758278519
|move|p2a: Garchomp|Earthquake|p1a: Bison Bill
|-supereffective|p1a: Bison Bill
|-damage|p1a: Bison Bill|45/100
|move|p1a: Bison Bill|Bulk Up|p1a: Bison Bill
|-boost|p1a: Bison Bill|atk|1
|-boost|p1a: Bison Bill|def|1
|
|-damage|p2a: Garchomp|47/100 brn|[from] brn
|upkeep
|turn|21
|
|t:|1758278522
|switch|p2a: Zapdos|Zapdos|54/100
|move|p1a: Bison Bill|Close Combat|p2a: Zapdos
|-resisted|p2a: Zapdos
|-damage|p2a: Zapdos|13/100
|-unboost|p1a: Bison Bill|def|1
|-unboost|p1a: Bison Bill|spd|1
|
|upkeep
|turn|22
|
|t:|1758278524
|move|p2a: Zapdos|Hurricane|p1a: Bison Bill|[miss]
|-miss|p2a: Zapdos|p1a: Bison Bill
|move|p1a: Bison Bill|Raging Bull|p2a: Zapdos
|-damage|p2a: Zapdos|0 fnt
|-status|p1a: Bison Bill|par|[from] ability: Static|[of] p2a: Zapdos
|faint|p2a: Zapdos
|
|upkeep
|
|t:|1758278530
|switch|p2a: Zamazenta|Zamazenta|100/100
|-ability|p2a: Zamazenta|Dauntless Shield|boost
|-boost|p2a: Zamazenta|def|1
|turn|23
|
|t:|1758278531
|move|p2a: Zamazenta|Close Combat|p1a: Bison Bill
|-damage|p1a: Bison Bill|5/100 par
|-unboost|p2a: Zamazenta|def|1
|-unboost|p2a: Zamazenta|spd|1
|move|p1a: Bison Bill|Will-O-Wisp|p2a: Zamazenta|[miss]
|-miss|p1a: Bison Bill|p2a: Zamazenta
|
|upkeep
|turn|24
|
|t:|1758278534
|move|p2a: Zamazenta|Close Combat|p1a: Bison Bill
|-damage|p1a: Bison Bill|0 fnt
|-unboost|p2a: Zamazenta|def|1
|-unboost|p2a: Zamazenta|spd|1
|faint|p1a: Bison Bill
|
|upkeep
|
|t:|1758278537
|switch|p1a: pain inflicter|Tentacruel, M|51/100 par
|-damage|p1a: pain inflicter|39/100 par|[from] Stealth Rock
|-damage|p1a: pain inflicter|27/100 par|[from] Spikes
|turn|25
|
|t:|1758278540
|move|p2a: Zamazenta|Close Combat|p1a: pain inflicter
|-resisted|p1a: pain inflicter
|-damage|p1a: pain inflicter|0 fnt
|-unboost|p2a: Zamazenta|def|1
|-unboost|p2a: Zamazenta|spd|1
|faint|p1a: pain inflicter
|
|upkeep
|
|t:|1758278545
|switch|p1a: The Goat|Cobalion, shiny|96/100
|-damage|p1a: The Goat|93/100|[from] Stealth Rock
|-damage|p1a: The Goat|80/100|[from] Spikes
|turn|26
|
|t:|1758278548
|move|p2a: Zamazenta|Close Combat|p1a: The Goat
|-supereffective|p1a: The Goat
|-damage|p1a: The Goat|0 fnt
|-unboost|p2a: Zamazenta|def|1
|-unboost|p2a: Zamazenta|spd|1
|-damage|p2a: Zamazenta|84/100|[from] item: Rocky Helmet|[of] p1a: The Goat
|faint|p1a: The Goat
|
|upkeep
|
|t:|1758278550
|switch|p1a: jetstream jake|Latias, F, shiny|1/100 par
|-damage|p1a: jetstream jake|0 fnt|[from] Stealth Rock
|faint|p1a: jetstream jake
|
|win|mayuhara
|raw|slowbro named paul's rating: 1299 &rarr; <strong>1281</strong><br />(-18 for losing)
|raw|mayuhara's rating: 1406 &rarr; <strong>1420</strong><br />(+14 for winning)
|l|☆slowbro named paul
|player|p1|
|l|☆mayuhara
|player|p2|
