|j|☆Ruler of the Sand
|j|☆metalsandy
|t:|1758372000
|gametype|singles
|player|p1|Ruler of the Sand|marshal|1224
|player|p2|metalsandy|bruno|1202
|gen|9
|tier|[Gen 9] OU
|rated|
|rule|HP Percentage Mod: HP is shown in percentages
|rule|Endless Battle Clause: Forcing endless battles is banned
|rule|Species Clause: Limit one of each Pokémon
|rule|OHKO Clause: OHKO moves are banned
|rule|Evasion Items Clause: Evasion items are banned
|rule|Evasion Moves Clause: Evasion moves are banned
|rule|Evasion Abilities Clause: Evasion abilities are banned
|rule|Sleep Moves Clause: Sleep-inducing moves are banned
|clearpoke
|poke|p1|Articuno-Galar|
|poke|p1|Corviknight, F|
|poke|p1|Oricorio-Pom-Pom, F|
|poke|p1|Landorus-Therian, M|
|poke|p1|Flygon, M|
|poke|p1|Moltres|
|poke|p2|Cinderace, M|
|poke|p2|Darkrai|
|poke|p2|Gholdengo|
|poke|p2|Ogerpon-Wellspring, F|
|poke|p2|Iron Moth|
|poke|p2|Kleavor, M|
|teampreview
|inactive|Battle timer is ON: inactive players will automatically lose when time's up. (requested by Ruler of the Sand)
|
|t:|1758372026
|teamsize|p1|6
|teamsize|p2|6
|start
|switch|p1a: Landorus|Landorus-Therian, M|100/100
|switch|p2a: Darkrai|Darkrai|100/100
|-ability|p1a: Landorus|Intimidate|boost
|-unboost|p2a: Darkrai|atk|1
|turn|1
|
|t:|1758372033
|switch|p1a: Corviknight|Corviknight, F|100/100
|move|p2a: Darkrai|Ice Beam|p1a: Corviknight
|-crit|p1a: Corviknight
|-damage|p1a: Corviknight|54/100
|
|upkeep
|turn|2
|
|t:|1758372044
|switch|p2a: Cinderace|Cinderace, M|100/100
|move|p1a: Corviknight|Body Press|p2a: Cinderace
|-damage|p2a: Cinderace|74/100
|
|upkeep
|turn|3
|
|t:|1758372054
|switch|p2a: Kleavor|Kleavor, M|100/100
|switch|p1a: Landorus|Landorus-Therian, M|100/100
|-ability|p1a: Landorus|Intimidate|boost
|-unboost|p2a: Kleavor|atk|1
|
|upkeep
|turn|4
|
|t:|1758372062
|move|p1a: Landorus|Stealth Rock|p2a: Kleavor
|-sidestart|p2: metalsandy|move: Stealth Rock
|move|p2a: Kleavor|Stone Axe|p1a: Landorus
|-damage|p1a: Landorus|33/100
|-damage|p2a: Kleavor|84/100|[from] item: Rocky Helmet|[of] p1a: Landorus
|-sidestart|p1: Ruler of the Sand|move: Stealth Rock
|
|upkeep
|turn|5
|
|t:|1758372073
|move|p1a: Landorus|Earthquake|p2a: Kleavor
|-damage|p2a: Kleavor|12/100
|move|p2a: Kleavor|Stone Axe|p1a: Landorus
|-damage|p1a: Landorus|0 fnt
|-damage|p2a: Kleavor|0 fnt|[from] item: Rocky Helmet|[of] p1a: Landorus
|faint|p1a: Landorus
|faint|p2a: Kleavor
|
|upkeep
|
|t:|1758372085
|switch|p1a: Flygon|Flygon, M|100/100
|switch|p2a: Cinderace|Cinderace, M|74/100
|-damage|p1a: Flygon|95/100|[from] Stealth Rock
|turn|6
|
|t:|1758372091
|switch|p2a: Gholdengo|Gholdengo|100/100
|-damage|p2a: Gholdengo|94/100|[from] Stealth Rock
|-item|p2a: Gholdengo|Air Balloon
|move|p1a: Flygon|Dragon Dance|p1a: Flygon
|-boost|p1a: Flygon|atk|1
|-boost|p1a: Flygon|spe|1
|
|upkeep
|turn|7
|
|t:|1758372109
|-terastallize|p1a: Flygon|Electric
|move|p1a: Flygon|Dragon Claw|p2a: Gholdengo
|-resisted|p2a: Gholdengo
|-damage|p2a: Gholdengo|70/100
|-enditem|p2a: Gholdengo|Air Balloon
|-damage|p1a: Flygon|85/100|[from] item: Life Orb
|move|p2a: Gholdengo|Shadow Ball|p1a: Flygon
|-damage|p1a: Flygon|35/100
|-unboost|p1a: Flygon|spd|1
|
|upkeep
|turn|8
|
|t:|1758372121
|move|p1a: Flygon|Earthquake|p2a: Gholdengo
|-supereffective|p2a: Gholdengo
|-crit|p2a: Gholdengo
|-damage|p2a: Gholdengo|0 fnt
|faint|p2a: Gholdengo
|-damage|p1a: Flygon|25/100|[from] item: Life Orb
|
|upkeep
|
|t:|1758372130
|switch|p2a: Iron Moth|Iron Moth|100/100
|-damage|p2a: Iron Moth|76/100|[from] Stealth Rock
|-enditem|p2a: Iron Moth|Booster Energy
|-activate|p2a: Iron Moth|ability: Quark Drive|[fromitem]
|-start|p2a: Iron Moth|quarkdrivespe
|turn|9
|
|t:|1758372141
|move|p2a: Iron Moth|Fiery Dance|p1a: Flygon
|-damage|p1a: Flygon|0 fnt
|faint|p1a: Flygon
|
|upkeep
|
|t:|1758372152
|switch|p1a: Articuno|Articuno-Galar|100/100
|turn|10
|
|t:|1758372159
|move|p2a: Iron Moth|Fiery Dance|p1a: Articuno
|-damage|p1a: Articuno|56/100
|move|p1a: Articuno|Agility|p1a: Articuno
|-boost|p1a: Articuno|spe|2
|
|upkeep
|turn|11
|
|t:|1758372166
|move|p1a: Articuno|Freezing Glare|p2a: Iron Moth
|-supereffective|p2a: Iron Moth
|-damage|p2a: Iron Moth|0 fnt
|faint|p2a: Iron Moth
|-end|p2a: Iron Moth|Quark Drive|[silent]
|
|upkeep
|
|t:|1758372172
|switch|p2a: Darkrai|Darkrai|100/100
|-damage|p2a: Darkrai|88/100|[from] Stealth Rock
|turn|12
|
|t:|1758372177
|move|p1a: Articuno|Air Slash|p2a: Darkrai
|-damage|p2a: Darkrai|33/100
|move|p2a: Darkrai|Dark Pulse|p1a: Articuno
|-supereffective|p1a: Articuno
|-damage|p1a: Articuno|0 fnt
|faint|p1a: Articuno
|
|upkeep
|
|t:|1758372186
|switch|p1a: Oricorio|Oricorio-Pom-Pom, F|100/100
|turn|13
|
|t:|1758372189
|move|p2a: Darkrai|Dark Pulse|p1a: Oricorio
|-damage|p1a: Oricorio|2/100
|cant|p1a: Oricorio|flinch
|
|upkeep
|turn|14
|
|t:|1758372197
|move|p2a: Darkrai|Dark Pulse|p1a: Oricorio
|-damage|p1a: Oricorio|0 fnt
|faint|p1a: Oricorio
|
|upkeep
|
|t:|1758372202
|switch|p1a: Corviknight|Corviknight, F|54/100
|-damage|p1a: Corviknight|42/100|[from] Stealth Rock
|turn|15
|
|t:|1758372207
|move|p2a: Darkrai|Dark Pulse|p1a: Corviknight
|-damage|p1a: Corviknight|0 fnt
|faint|p1a: Corviknight
|
|upkeep
|
|t:|1758372212
|switch|p1a: Moltres|Moltres|100/100
|turn|16
|
|t:|1758372217
|move|p2a: Darkrai|Dark Pulse|p1a: Moltres
|-damage|p1a: Moltres|52/100
|cant|p1a: Moltres|flinch
|
|upkeep
|turn|17
|
|t:|1758372223
|move|p2a: Darkrai|Dark Pulse|p1a: Moltres
|-damage|p1a: Moltres|7/100
|move|p1a: Moltres|Flamethrower|p2a: Darkrai
|-damage|p2a: Darkrai|0 fnt
|faint|p2a: Darkrai
|
|upkeep
|
|t:|1758372228
|switch|p2a: Ogerpon|Ogerpon-Wellspring, F|100/100
|-damage|p2a: Ogerpon|88/100|[from] Stealth Rock
|turn|18
|
|t:|1758372234
|-terastallize|p2a: Ogerpon|Water
|detailschange|p2a: Ogerpon|Ogerpon-Wellspring-Tera, F, tera:Water
|-ability|p2a: Ogerpon|Embody Aspect (Wellspring)|boost
|-boost|p2a: Ogerpon|spd|1
|move|p2a: Ogerpon|Ivy Cudgel|p1a: Moltres|[anim] Ivy Cudgel Water
|-supereffective|p1a: Moltres
|-damage|p1a: Moltres|0 fnt
|faint|p1a: Moltres
|
|win|metalsandy
|raw|Ruler of the Sand's rating: 1224 &rarr; <strong>1197</strong><br />(-27 for losing)
|raw|metalsandy's rating: 1202 &rarr; <strong>1229</strong><br />(+27 for winning)
|l|☆Ruler of the Sand
|player|p1|
|l|☆metalsandy
|player|p2|
