|j|☆Sauronikov
|j|☆Stelazine
|t:|1758270116
|gametype|singles
|player|p1|Sauronikov|1|1329
|player|p2|Stelazine|benga|1362
|gen|9
|tier|[Gen 9] OU
|rated|
|rule|HP Percentage Mod: HP is shown in percentages
|rule|Endless Battle Clause: Forcing endless battles is banned
|rule|Species Clause: Limit one of each Pokémon
|rule|OHKO Clause: OHKO moves are banned
|rule|Evasion Items Clause: Evasion items are banned
|rule|Evasion Moves Clause: Evasion moves are banned
|rule|Evasion Abilities Clause: Evasion abilities are banned
|rule|Sleep Moves Clause: Sleep-inducing moves are banned
|clearpoke
|poke|p1|Grimmsnarl, M|
|poke|p1|Rhyperior, F|
|poke|p1|Revavroom, F|
|poke|p1|Entei|
|poke|p1|Raikou|
|poke|p1|Suicune|
|poke|p2|Meowscarada, F|
|poke|p2|Frosmoth, M|
|poke|p2|Weezing-Galar, M|
|poke|p2|Sinistcha-Masterpiece|
|poke|p2|Ting-Lu|
|poke|p2|Alomomola, F|
|teampreview
|inactive|Battle timer is ON: inactive players will automatically lose when time's up. (requested by Stelazine)
|
|t:|1758270143
|teamsize|p1|6
|teamsize|p2|6
|start
|switch|p1a: Raikou|Raikou|100/100
|switch|p2a: Weezing|Weezing-Galar, M|100/100
|-ability|p2a: Weezing|Neutralizing Gas
|turn|1
|
|t:|1758270147
|switch|p1a: Grimmsnarl|Grimmsnarl, M|100/100
|-end|p2a: Weezing|ability: Neutralizing Gas
|switch|p2a: Frosmoth|Frosmoth, M|100/100
|
|upkeep
|turn|2
|
|t:|1758270152
|switch|p2a: Ting-Lu|Ting-Lu|100/100
|-ability|p2a: Ting-Lu|Vessel of Ruin
|move|p1a: Grimmsnarl|Taunt|p2a: Ting-Lu
|-hint|Since gen 7, Dark is immune to Prankster moves.
|-immune|p2a: Ting-Lu
|
|upkeep
|turn|3
|
|t:|1758270156
|switch|p1a: Raikou|Raikou|100/100
|move|p2a: Ting-Lu|Stealth Rock|p1a: Raikou
|-sidestart|p1: Sauronikov|move: Stealth Rock
|
|upkeep
|turn|4
|
|t:|1758270160
|switch|p2a: Frosmoth|Frosmoth, M|100/100
|move|p1a: Raikou|Agility|p1a: Raikou
|-boost|p1a: Raikou|spe|2
|
|upkeep
|turn|5
|
|t:|1758270164
|switch|p1a: Rhyperior|Rhyperior, F, shiny|100/100
|-damage|p1a: Rhyperior|94/100|[from] Stealth Rock
|move|p2a: Frosmoth|Substitute|p2a: Frosmoth
|-start|p2a: Frosmoth|Substitute
|-damage|p2a: Frosmoth|76/100
|
|-heal|p2a: Frosmoth|82/100|[from] item: Leftovers
|upkeep
|turn|6
|
|t:|1758270171
|switch|p2a: Sinistcha|Sinistcha-Masterpiece|100/100
|move|p1a: Rhyperior|Ice Punch|p2a: Sinistcha
|-supereffective|p2a: Sinistcha
|-damage|p2a: Sinistcha|64/100
|
|upkeep
|turn|7
|
|t:|1758270175
|move|p1a: Rhyperior|Rock Polish|p1a: Rhyperior
|-boost|p1a: Rhyperior|spe|2
|move|p2a: Sinistcha|Strength Sap|p1a: Rhyperior
|-unboost|p1a: Rhyperior|atk|1
|-heal|p2a: Sinistcha|100/100
|
|upkeep
|turn|8
|
|t:|1758270178
|move|p1a: Rhyperior|Ice Punch|p2a: Sinistcha
|-supereffective|p2a: Sinistcha
|-damage|p2a: Sinistcha|77/100
|move|p2a: Sinistcha|Matcha Gotcha|p1a: Rhyperior
|-supereffective|p1a: Rhyperior
|-damage|p1a: Rhyperior|0 fnt
|-heal|p2a: Sinistcha|100/100|[from] drain|[of] p1a: Rhyperior
|faint|p1a: Rhyperior
|
|upkeep
|
|t:|1758270181
|switch|p1a: Revavroom|Revavroom, F|100/100
|-damage|p1a: Revavroom|94/100|[from] Stealth Rock
|turn|9
|
|t:|1758270186
|move|p1a: Revavroom|Shift Gear|p1a: Revavroom
|-boost|p1a: Revavroom|spe|2
|-boost|p1a: Revavroom|atk|1
|move|p2a: Sinistcha|Strength Sap|p1a: Revavroom
|-unboost|p1a: Revavroom|atk|1
|
|upkeep
|turn|10
|
|t:|1758270191
|move|p1a: Revavroom|Shift Gear|p1a: Revavroom
|-boost|p1a: Revavroom|spe|2
|-boost|p1a: Revavroom|atk|1
|move|p2a: Sinistcha|Calm Mind|p2a: Sinistcha
|-boost|p2a: Sinistcha|spa|1
|-boost|p2a: Sinistcha|spd|1
|
|upkeep
|turn|11
|
|t:|1758270195
|move|p1a: Revavroom|Gunk Shot|p2a: Sinistcha
|-damage|p2a: Sinistcha|40/100
|move|p2a: Sinistcha|Strength Sap|p1a: Revavroom
|-unboost|p1a: Revavroom|atk|1
|-heal|p2a: Sinistcha|100/100
|
|upkeep
|turn|12
|
|t:|1758270202
|move|p1a: Revavroom|Temper Flare|p2a: Sinistcha
|-supereffective|p2a: Sinistcha
|-crit|p2a: Sinistcha
|-damage|p2a: Sinistcha|71/100
|move|p2a: Sinistcha|Shadow Ball|p1a: Revavroom
|-crit|p1a: Revavroom
|-damage|p1a: Revavroom|0 fnt
|faint|p1a: Revavroom
|
|upkeep
|c|☆Sauronikov|Get a life
|-message|Sauronikov forfeited.
|
|win|Stelazine
|raw|Sauronikov's rating: 1329 &rarr; <strong>1311</strong><br />(-18 for losing)
|raw|Stelazine's rating: 1362 &rarr; <strong>1380</strong><br />(+18 for winning)
|l|☆Sauronikov
|player|p1|
|l|☆Stelazine
|player|p2|
