|j|☆sollyman
|j|☆LocalBusDriver
|t:|1758328491
|gametype|singles
|player|p1|sollyman|169|1412
|player|p2|LocalBusDriver|hugh|1448
|gen|9
|tier|[Gen 9] OU
|rated|
|rule|HP Percentage Mod: HP is shown in percentages
|rule|Endless Battle Clause: Forcing endless battles is banned
|rule|Species Clause: Limit one of each Pokémon
|rule|OHKO Clause: OHKO moves are banned
|rule|Evasion Items Clause: Evasion items are banned
|rule|Evasion Moves Clause: Evasion moves are banned
|rule|Evasion Abilities Clause: Evasion abilities are banned
|rule|Sleep Moves Clause: Sleep-inducing moves are banned
|clearpoke
|poke|p1|Clefable, M|
|poke|p1|Pecharunt|
|poke|p1|Zamazenta-*|
|poke|p1|Landorus-Therian, M|
|poke|p1|Scizor, F|
|poke|p1|Moltres|
|poke|p2|Pelipper, F|
|poke|p2|Barraskewda, F|
|poke|p2|Raging Bolt|
|poke|p2|Lycanroc-Dusk, F|
|poke|p2|Beartic, M|
|poke|p2|Kingambit, M|
|teampreview
|
|t:|1758328499
|teamsize|p1|6
|teamsize|p2|6
|start
|switch|p1a: Pecharunt|Pecharunt|100/100
|switch|p2a: Lycanroc|Lycanroc-Dusk, F|100/100
|turn|1
|
|t:|1758328504
|move|p2a: Lycanroc|Stealth Rock|p1a: Pecharunt
|-sidestart|p1: sollyman|move: Stealth Rock
|move|p1a: Pecharunt|Malignant Chain|p2a: Lycanroc
|-resisted|p2a: Lycanroc
|-damage|p2a: Lycanroc|74/100
|-status|p2a: Lycanroc|tox
|-start|p2a: Lycanroc|confusion|[from] ability: Poison Puppeteer|[of] p1a: Pecharunt
|
|-damage|p2a: Lycanroc|68/100 tox|[from] psn
|upkeep
|turn|2
|
|t:|1758328516
|switch|p2a: Kingambit|Kingambit, M|100/100
|-item|p2a: Kingambit|Air Balloon
|move|p1a: Pecharunt|Parting Shot|p2a: Kingambit
|-unboost|p2a: Kingambit|atk|1
|-unboost|p2a: Kingambit|spa|1
|
|t:|1758328523
|switch|p1a: Landorus|Landorus-Therian, M|100/100|[from] Parting Shot
|-damage|p1a: Landorus|88/100|[from] Stealth Rock
|-ability|p1a: Landorus|Intimidate|boost
|-unboost|p2a: Kingambit|atk|1
|
|-heal|p1a: Landorus|94/100|[from] item: Leftovers
|upkeep
|turn|3
|
|t:|1758328529
|-end|p2a: Kingambit|fallenundefined|[silent]
|switch|p2a: Pelipper|Pelipper, F|100/100
|-weather|RainDance|[from] ability: Drizzle|[of] p2a: Pelipper
|move|p1a: Landorus|U-turn|p2a: Pelipper
|-resisted|p2a: Pelipper
|-damage|p2a: Pelipper|89/100
|
|t:|1758328533
|switch|p1a: Scizor|Scizor, F|100/100|[from] U-turn
|-damage|p1a: Scizor|88/100|[from] Stealth Rock
|
|-weather|RainDance|[upkeep]
|upkeep
|turn|4
|
|t:|1758328545
|switch|p2a: Lycanroc|Lycanroc-Dusk, F|68/100 tox
|move|p1a: Scizor|Defog|p2a: Lycanroc
|-unboost|p2a: Lycanroc|evasion|1
|-sideend|p1: sollyman|Stealth Rock|[from] move: Defog|[of] p1a: Scizor
|
|-weather|RainDance|[upkeep]
|-damage|p2a: Lycanroc|62/100 tox|[from] psn
|upkeep
|turn|5
|
|t:|1758328553
|move|p1a: Scizor|Bullet Punch|p2a: Lycanroc
|-supereffective|p2a: Lycanroc
|-damage|p2a: Lycanroc|0 fnt
|faint|p2a: Lycanroc
|
|-weather|RainDance|[upkeep]
|upkeep
|
|t:|1758328557
|switch|p2a: Barraskewda|Barraskewda, F|100/100
|turn|6
|
|t:|1758328563
|switch|p1a: Pecharunt|Pecharunt|100/100
|move|p2a: Barraskewda|Liquidation|p1a: Pecharunt
|-damage|p1a: Pecharunt|48/100
|
|-weather|RainDance|[upkeep]
|upkeep
|turn|7
|
|t:|1758328569
|move|p2a: Barraskewda|Liquidation|p1a: Pecharunt
|-damage|p1a: Pecharunt|3/100
|move|p1a: Pecharunt|Parting Shot|p2a: Barraskewda
|-unboost|p2a: Barraskewda|atk|1
|-unboost|p2a: Barraskewda|spa|1
|
|t:|1758328577
|switch|p1a: Landorus|Landorus-Therian, M|94/100|[from] Parting Shot
|-ability|p1a: Landorus|Intimidate|boost
|-unboost|p2a: Barraskewda|atk|1
|
|-weather|RainDance|[upkeep]
|-heal|p1a: Landorus|99/100|[from] item: Leftovers
|upkeep
|turn|8
|
|t:|1758328579
|move|p2a: Barraskewda|Liquidation|p1a: Landorus
|-supereffective|p1a: Landorus
|-damage|p1a: Landorus|0 fnt
|faint|p1a: Landorus
|
|-weather|RainDance|[upkeep]
|upkeep
|
|t:|1758328582
|switch|p1a: Zamazenta|Zamazenta|100/100
|-ability|p1a: Zamazenta|Dauntless Shield|boost
|-boost|p1a: Zamazenta|def|1
|turn|9
|
|t:|1758328597
|switch|p2a: Pelipper|Pelipper, F|89/100
|move|p1a: Zamazenta|Iron Defense|p1a: Zamazenta
|-boost|p1a: Zamazenta|def|2
|
|-weather|RainDance|[upkeep]
|upkeep
|turn|10
|
|t:|1758328610
|-terastallize|p1a: Zamazenta|Fire
|move|p1a: Zamazenta|Crunch|p2a: Pelipper
|-damage|p2a: Pelipper|68/100
|move|p2a: Pelipper|Hurricane|p1a: Zamazenta
|-damage|p1a: Zamazenta|66/100
|-start|p1a: Zamazenta|confusion
|
|-weather|none
|-heal|p1a: Zamazenta|72/100|[from] item: Leftovers
|upkeep
|turn|11
|
|t:|1758328618
|-activate|p1a: Zamazenta|confusion
|-damage|p1a: Zamazenta|68/100|[from] confusion
|move|p2a: Pelipper|U-turn|p1a: Zamazenta
|-resisted|p1a: Zamazenta
|-damage|p1a: Zamazenta|66/100
|
|t:|1758328633
|switch|p2a: Barraskewda|Barraskewda, F|100/100|[from] U-turn
|
|-heal|p1a: Zamazenta|72/100|[from] item: Leftovers
|upkeep
|turn|12
|
|t:|1758328639
|switch|p2a: Pelipper|Pelipper, F|68/100
|-weather|RainDance|[from] ability: Drizzle|[of] p2a: Pelipper
|-end|p1a: Zamazenta|confusion
|move|p1a: Zamazenta|Iron Defense|p1a: Zamazenta
|-boost|p1a: Zamazenta|def|2
|
|-weather|RainDance|[upkeep]
|-heal|p1a: Zamazenta|78/100|[from] item: Leftovers
|upkeep
|turn|13
|
|t:|1758328648
|move|p1a: Zamazenta|Body Press|p2a: Pelipper
|-resisted|p2a: Pelipper
|-damage|p2a: Pelipper|20/100
|move|p2a: Pelipper|Hurricane|p1a: Zamazenta
|-damage|p1a: Zamazenta|47/100
|
|-weather|RainDance|[upkeep]
|-heal|p1a: Zamazenta|53/100|[from] item: Leftovers
|upkeep
|turn|14
|
|t:|1758328656
|move|p1a: Zamazenta|Body Press|p2a: Pelipper
|-resisted|p2a: Pelipper
|-damage|p2a: Pelipper|0 fnt
|faint|p2a: Pelipper
|
|-weather|RainDance|[upkeep]
|-heal|p1a: Zamazenta|59/100|[from] item: Leftovers
|upkeep
|
|t:|1758328664
|switch|p2a: Raging Bolt|Raging Bolt|100/100
|turn|15
|
|t:|1758328672
|-terastallize|p2a: Raging Bolt|Fairy
|move|p1a: Zamazenta|Ice Fang|p2a: Raging Bolt
|-damage|p2a: Raging Bolt|79/100
|move|p2a: Raging Bolt|Thunderbolt|p1a: Zamazenta
|-damage|p1a: Zamazenta|7/100
|
|-weather|RainDance|[upkeep]
|-heal|p1a: Zamazenta|13/100|[from] item: Leftovers
|-heal|p2a: Raging Bolt|85/100|[from] item: Leftovers
|upkeep
|turn|16
|
|t:|1758328681
|move|p2a: Raging Bolt|Thunderclap|p1a: Zamazenta
|-damage|p1a: Zamazenta|0 fnt
|faint|p1a: Zamazenta
|
|-weather|RainDance|[upkeep]
|-heal|p2a: Raging Bolt|91/100|[from] item: Leftovers
|upkeep
|
|t:|1758328685
|switch|p1a: Scizor|Scizor, F|88/100
|turn|17
|
|t:|1758328694
|-end|p2a: Raging Bolt|Protosynthesis|[silent]
|switch|p2a: Kingambit|Kingambit, M|100/100
|-activate|p2a: Kingambit|ability: Supreme Overlord
|-start|p2a: Kingambit|fallen2|[silent]
|-item|p2a: Kingambit|Air Balloon
|move|p1a: Scizor|U-turn|p2a: Kingambit
|-damage|p2a: Kingambit|69/100
|-enditem|p2a: Kingambit|Air Balloon
|
|t:|1758328698
|switch|p1a: Moltres|Moltres|100/100|[from] U-turn
|
|-weather|RainDance|[upkeep]
|upkeep
|turn|18
|
|t:|1758328710
|move|p1a: Moltres|Hurricane|p2a: Kingambit
|-resisted|p2a: Kingambit
|-damage|p2a: Kingambit|33/100
|move|p2a: Kingambit|Kowtow Cleave|p1a: Moltres
|-damage|p1a: Moltres|41/100
|
|-weather|RainDance|[upkeep]
|upkeep
|turn|19
|
|t:|1758328716
|move|p2a: Kingambit|Sucker Punch||[still]
|-fail|p2a: Kingambit
|move|p1a: Moltres|Roost|p1a: Moltres
|-heal|p1a: Moltres|91/100
|-singleturn|p1a: Moltres|move: Roost
|
|-weather|none
|upkeep
|turn|20
|
|t:|1758328719
|move|p2a: Kingambit|Sucker Punch|p1a: Moltres
|-damage|p1a: Moltres|44/100
|move|p1a: Moltres|Flamethrower|p2a: Kingambit
|-supereffective|p2a: Kingambit
|-damage|p2a: Kingambit|0 fnt
|faint|p2a: Kingambit
|-end|p2a: Kingambit|fallen2|[silent]
|
|upkeep
|
|t:|1758328728
|switch|p2a: Raging Bolt|Raging Bolt, tera:Fairy|91/100
|turn|21
|
|t:|1758328741
|move|p2a: Raging Bolt|Thunderbolt|p1a: Moltres
|-supereffective|p1a: Moltres
|-damage|p1a: Moltres|0 fnt
|faint|p1a: Moltres
|
|-heal|p2a: Raging Bolt|97/100|[from] item: Leftovers
|upkeep
|
|t:|1758328752
|switch|p1a: Clefable|Clefable, M|100/100
|turn|22
|
|t:|1758328760
|move|p2a: Raging Bolt|Thunderbolt|p1a: Clefable
|-damage|p1a: Clefable|48/100
|move|p1a: Clefable|Calm Mind|p1a: Clefable
|-boost|p1a: Clefable|spa|1
|-boost|p1a: Clefable|spd|1
|
|-heal|p2a: Raging Bolt|100/100|[from] item: Leftovers
|-heal|p1a: Clefable|54/100|[from] item: Leftovers
|upkeep
|turn|23
|
|t:|1758328766
|-end|p2a: Raging Bolt|Protosynthesis|[silent]
|switch|p2a: Barraskewda|Barraskewda, F|100/100
|move|p1a: Clefable|Moonlight|p1a: Clefable
|-heal|p1a: Clefable|100/100
|
|upkeep
|turn|24
|
|t:|1758328771
|move|p2a: Barraskewda|Liquidation|p1a: Clefable
|-damage|p1a: Clefable|50/100
|-unboost|p1a: Clefable|def|1
|move|p1a: Clefable|Moonblast|p2a: Barraskewda
|-damage|p2a: Barraskewda|2/100
|
|-heal|p1a: Clefable|56/100|[from] item: Leftovers
|upkeep
|turn|25
|
|t:|1758328777
|move|p2a: Barraskewda|Liquidation|p1a: Clefable
|-damage|p1a: Clefable|0 fnt
|faint|p1a: Clefable
|
|upkeep
|
|t:|1758328780
|switch|p1a: Scizor|Scizor, F|88/100
|turn|26
|
|t:|1758328784
|move|p1a: Scizor|Bullet Punch|p2a: Barraskewda
|-resisted|p2a: Barraskewda
|-damage|p2a: Barraskewda|0 fnt
|faint|p2a: Barraskewda
|
|upkeep
|
|t:|1758328819
|switch|p2a: Raging Bolt|Raging Bolt, tera:Fairy|100/100
|turn|27
|
|t:|1758328825
|move|p1a: Scizor|Bullet Punch|p2a: Raging Bolt
|-supereffective|p2a: Raging Bolt
|-damage|p2a: Raging Bolt|30/100
|move|p2a: Raging Bolt|Thunderbolt|p1a: Scizor
|-damage|p1a: Scizor|28/100
|-enditem|p1a: Scizor|Sitrus Berry|[eat]
|-heal|p1a: Scizor|53/100|[from] item: Sitrus Berry
|
|-heal|p2a: Raging Bolt|36/100|[from] item: Leftovers
|upkeep
|turn|28
|
|t:|1758328833
|move|p1a: Scizor|Bullet Punch|p2a: Raging Bolt
|-supereffective|p2a: Raging Bolt
|-damage|p2a: Raging Bolt|0 fnt
|faint|p2a: Raging Bolt
|-end|p2a: Raging Bolt|Protosynthesis|[silent]
|
|upkeep
|
|t:|1758328835
|switch|p2a: Beartic|Beartic, M|100/100
|turn|29
|
|t:|1758328839
|move|p1a: Scizor|Bullet Punch|p2a: Beartic
|-supereffective|p2a: Beartic
|-damage|p2a: Beartic|20/100
|move|p2a: Beartic|Close Combat|p1a: Scizor
|-damage|p1a: Scizor|11/100
|-unboost|p2a: Beartic|def|1
|-unboost|p2a: Beartic|spd|1
|
|upkeep
|turn|30
|
|t:|1758328845
|move|p1a: Scizor|Bullet Punch|p2a: Beartic
|-supereffective|p2a: Beartic
|-damage|p2a: Beartic|0 fnt
|faint|p2a: Beartic
|
|win|sollyman
|raw|sollyman's rating: 1412 &rarr; <strong>1434</strong><br />(+22 for winning)
|raw|LocalBusDriver's rating: 1448 &rarr; <strong>1426</strong><br />(-22 for losing)
|l|☆LocalBusDriver
|player|p2|
|l|☆sollyman
|player|p1|
