|j|☆Typrim
|j|☆RobinMuisterr
|t:|1758313291
|gametype|singles
|player|p1|Typrim|hilbert|1126
|player|p2|RobinMuisterr|266|1105
|gen|9
|tier|[Gen 9] OU
|rated|
|rule|HP Percentage Mod: HP is shown in percentages
|rule|Endless Battle Clause: Forcing endless battles is banned
|rule|Species Clause: Limit one of each Pokémon
|rule|OHKO Clause: OHKO moves are banned
|rule|Evasion Items Clause: Evasion items are banned
|rule|Evasion Moves Clause: Evasion moves are banned
|rule|Evasion Abilities Clause: Evasion abilities are banned
|rule|Sleep Moves Clause: Sleep-inducing moves are banned
|clearpoke
|poke|p1|Scizor, M|
|poke|p1|Thundurus, M|
|poke|p1|Iron Treads|
|poke|p1|Keldeo-Resolute|
|poke|p1|Rillaboom, M|
|poke|p1|Latias, F|
|poke|p2|Lilligant-Hisui, F|
|poke|p2|Walking Wake|
|poke|p2|Great Tusk|
|poke|p2|Kingambit, M|
|poke|p2|Ninetales, M|
|poke|p2|Alcremie-Mint-Cream, F|
|teampreview
|c|☆Typrim|oh boy
|c|☆Typrim|return of the alcremie
|inactive|Battle timer is ON: inactive players will automatically lose when time's up. (requested by Typrim)
|
|t:|1758313318
|teamsize|p1|6
|teamsize|p2|6
|start
|switch|p1a: Iron Treads|Iron Treads|100/100
|switch|p2a: Alcremie|Alcremie-Mint-Cream, F|100/100
|turn|1
|c|☆RobinMuisterr|my bad bro
|c|☆RobinMuisterr|I just love it so much
|
|t:|1758313328
|switch|p2a: Ninetales|Ninetales, M|100/100
|-weather|SunnyDay|[from] ability: Drought|[of] p2a: Ninetales
|move|p1a: Iron Treads|Earthquake|p2a: Ninetales
|-supereffective|p2a: Ninetales
|-damage|p2a: Ninetales|0 fnt
|faint|p2a: Ninetales
|
|-weather|SunnyDay|[upkeep]
|upkeep
|c|☆Typrim|it does look fun
|c|☆RobinMuisterr|bruh
|
|t:|1758313338
|switch|p2a: Lilligant|Lilligant-Hisui, F|100/100
|turn|2
|c|☆RobinMuisterr|she is fun
|
|t:|1758313352
|-end|p1a: Iron Treads|Quark Drive|[silent]
|switch|p1a: Latias|Latias, F|100/100
|move|p2a: Lilligant|Close Combat|p1a: Latias
|-resisted|p1a: Latias
|-damage|p1a: Latias|50/100
|-unboost|p2a: Lilligant|def|1
|-unboost|p2a: Lilligant|spd|1
|-damage|p2a: Lilligant|91/100|[from] item: Life Orb
|
|-weather|SunnyDay|[upkeep]
|upkeep
|turn|3
|c|☆RobinMuisterr|looks so tiny but it should have horror books written about it
|
|t:|1758313368
|move|p2a: Lilligant|Triple Axel|p1a: Latias
|-supereffective|p1a: Latias
|-damage|p1a: Latias|30/100
|-supereffective|p1a: Latias
|-damage|p1a: Latias|0 fnt
|faint|p1a: Latias
|-hitcount|p1: Latias|2
|-damage|p2a: Lilligant|81/100|[from] item: Life Orb
|
|-weather|SunnyDay|[upkeep]
|upkeep
|
|t:|1758313373
|switch|p1a: Thundurus|Thundurus, M|100/100
|turn|4
|
|t:|1758313380
|move|p1a: Thundurus|Rain Dance|p1a: Thundurus
|-weather|RainDance
|move|p2a: Lilligant|Triple Axel|p1a: Thundurus|[miss]
|-miss|p2a: Lilligant|p1a: Thundurus
|
|-weather|RainDance|[upkeep]
|upkeep
|turn|5
|c|☆RobinMuisterr|well
|c|☆RobinMuisterr|btw why do you even have that on there
|
|t:|1758313402
|move|p1a: Thundurus|Thunder Wave|p2a: Lilligant
|-status|p2a: Lilligant|par
|move|p2a: Lilligant|Triple Axel|p1a: Thundurus
|-supereffective|p1a: Thundurus
|-damage|p1a: Thundurus|71/100
|-supereffective|p1a: Thundurus
|-damage|p1a: Thundurus|18/100
|-supereffective|p1a: Thundurus
|-damage|p1a: Thundurus|0 fnt
|faint|p1a: Thundurus
|-hitcount|p1: Thundurus|3
|-damage|p2a: Lilligant|71/100 par|[from] item: Life Orb
|
|-weather|RainDance|[upkeep]
|upkeep
|c|☆Typrim|rain dance?
|c|☆RobinMuisterr|yes
|c|☆RobinMuisterr|you have no rain abusers
|c|☆Typrim|I have keldeo
|c|☆Typrim|and it helps to reduce fire damage
|c|☆RobinMuisterr|what does he do in rain
|inactive|Typrim has 120 seconds left.
|c|☆Typrim|hydro pump specs
|c|☆RobinMuisterr|well he already takes reduced damage from fire
|c|☆RobinMuisterr|I dont think it does anything to hydro pump
|c|☆Typrim|fire damage for iron treads, rillaboom, and scizor
|c|☆RobinMuisterr|oh it boosts all water
|c|☆Typrim|it just boosts the damage
|
|t:|1758313461
|switch|p1a: Scizor|Scizor, M|100/100
|turn|6
|c|☆RobinMuisterr|yeah but you should get swift swimmer
|c|☆Typrim|I looked into some, didn't like them though
|
|t:|1758313477
|switch|p2a: Great Tusk|Great Tusk|100/100
|-terastallize|p1a: Scizor|Steel
|move|p1a: Scizor|Bullet Punch|p2a: Great Tusk
|-damage|p2a: Great Tusk|54/100
|
|-weather|RainDance|[upkeep]
|upkeep
|turn|7
|c|☆Typrim|I also don't use damp rock so it wouldn't last long
|
|t:|1758313492
|switch|p1a: Keldeo|Keldeo-Resolute|100/100
|move|p2a: Great Tusk|Headlong Rush|p1a: Keldeo
|-damage|p1a: Keldeo|34/100
|-unboost|p2a: Great Tusk|def|1
|-unboost|p2a: Great Tusk|spd|1
|
|-weather|RainDance|[upkeep]
|upkeep
|turn|8
|c|☆RobinMuisterr|well it doesnt need to take so long because its only like a small rain packet in your team
|c|☆RobinMuisterr|its not like your whole team relies on it
|inactive|RobinMuisterr has 120 seconds left.
|
|t:|1758313520
|-terastallize|p2a: Great Tusk|Water
|move|p1a: Keldeo|Hydro Pump|p2a: Great Tusk
|-resisted|p2a: Great Tusk
|-damage|p2a: Great Tusk|0 fnt
|faint|p2a: Great Tusk
|-end|p2a: Great Tusk|Protosynthesis|[silent]
|
|-weather|none
|upkeep
|inactive|RobinMuisterr has 120 seconds left.
|c|☆RobinMuisterr|oof
|
|t:|1758313528
|switch|p2a: Alcremie|Alcremie-Mint-Cream, F|100/100
|turn|9
|
|t:|1758313531
|move|p1a: Keldeo|Hydro Pump|p2a: Alcremie
|-damage|p2a: Alcremie|49/100
|move|p2a: Alcremie|Calm Mind|p2a: Alcremie
|-boost|p2a: Alcremie|spa|1
|-boost|p2a: Alcremie|spd|1
|
|-heal|p2a: Alcremie|55/100|[from] item: Leftovers
|upkeep
|turn|10
|c|☆Typrim|FACK
|
|t:|1758313539
|move|p1a: Keldeo|Hydro Pump|p2a: Alcremie|[miss]
|-miss|p1a: Keldeo|p2a: Alcremie
|move|p2a: Alcremie|Calm Mind|p2a: Alcremie
|-boost|p2a: Alcremie|spa|1
|-boost|p2a: Alcremie|spd|1
|
|-heal|p2a: Alcremie|61/100|[from] item: Leftovers
|upkeep
|turn|11
|
|t:|1758313546
|move|p1a: Keldeo|Hydro Pump|p2a: Alcremie
|-damage|p2a: Alcremie|35/100
|move|p2a: Alcremie|Calm Mind|p2a: Alcremie
|-boost|p2a: Alcremie|spa|1
|-boost|p2a: Alcremie|spd|1
|
|-heal|p2a: Alcremie|41/100|[from] item: Leftovers
|upkeep
|turn|12
|
|t:|1758313554
|move|p1a: Keldeo|Hydro Pump|p2a: Alcremie
|-damage|p2a: Alcremie|20/100
|move|p2a: Alcremie|Acid Armor|p2a: Alcremie
|-boost|p2a: Alcremie|def|2
|
|-heal|p2a: Alcremie|26/100|[from] item: Leftovers
|upkeep
|turn|13
|
|t:|1758313560
|move|p1a: Keldeo|Hydro Pump|p2a: Alcremie
|-damage|p2a: Alcremie|4/100
|move|p2a: Alcremie|Draining Kiss|p1a: Keldeo
|-supereffective|p1a: Keldeo
|-damage|p1a: Keldeo|0 fnt
|-heal|p2a: Alcremie|28/100|[from] drain|[of] p1a: Keldeo
|faint|p1a: Keldeo
|
|-heal|p2a: Alcremie|34/100|[from] item: Leftovers
|upkeep
|
|t:|1758313568
|switch|p1a: Scizor|Scizor, M, tera:Steel|100/100
|turn|14
|
|t:|1758313577
|move|p1a: Scizor|Knock Off|p2a: Alcremie
|-resisted|p2a: Alcremie
|-damage|p2a: Alcremie|16/100
|-enditem|p2a: Alcremie|Leftovers|[from] move: Knock Off|[of] p1a: Scizor
|move|p2a: Alcremie|Draining Kiss|p1a: Scizor
|-resisted|p1a: Scizor
|-damage|p1a: Scizor|65/100
|-heal|p2a: Alcremie|39/100|[from] drain|[of] p1a: Scizor
|
|upkeep
|turn|15
|
|t:|1758313586
|switch|p1a: Iron Treads|Iron Treads|100/100
|move|p2a: Alcremie|Draining Kiss|p1a: Iron Treads
|-resisted|p1a: Iron Treads
|-damage|p1a: Iron Treads|83/100
|-heal|p2a: Alcremie|54/100|[from] drain|[of] p1a: Iron Treads
|
|upkeep
|turn|16
|
|t:|1758313592
|move|p1a: Iron Treads|Earthquake|p2a: Alcremie
|-damage|p2a: Alcremie|21/100
|move|p2a: Alcremie|Acid Armor|p2a: Alcremie
|-boost|p2a: Alcremie|def|2
|
|upkeep
|turn|17
|
|t:|1758313599
|move|p1a: Iron Treads|Earthquake|p2a: Alcremie
|-damage|p2a: Alcremie|0 fnt
|faint|p2a: Alcremie
|
|upkeep
|c|☆RobinMuisterr|dangit
|c|☆RobinMuisterr|miscalculated
|
|t:|1758313610
|switch|p2a: Walking Wake|Walking Wake|100/100
|turn|18
|c|☆Typrim|no crits at any point against alcremie
|c|☆Typrim|cooked
|c|☆RobinMuisterr|only 5%
|
|t:|1758313636
|move|p2a: Walking Wake|Flip Turn|p1a: Iron Treads
|-supereffective|p1a: Iron Treads
|-damage|p1a: Iron Treads|58/100
|c|☆Typrim|I mean like
|c|☆RobinMuisterr|so the chance of you hitting a crit is lower than you not hitting one
|c|☆Typrim|between the two games
|
|t:|1758313653
|-end|p2a: Walking Wake|Protosynthesis|[silent]
|switch|p2a: Kingambit|Kingambit, M|100/100|[from] Flip Turn
|-activate|p2a: Kingambit|ability: Supreme Overlord
|-start|p2a: Kingambit|fallen3|[silent]
|-item|p2a: Kingambit|Air Balloon
|move|p1a: Iron Treads|Earthquake|p2a: Kingambit
|-immune|p2a: Kingambit
|
|upkeep
|turn|19
|c|☆Typrim|there were a lot of attacks
|inactive|Typrim has 120 seconds left.
|
|t:|1758313675
|move|p1a: Iron Treads|Rapid Spin|p2a: Kingambit
|-resisted|p2a: Kingambit
|-damage|p2a: Kingambit|94/100
|-boost|p1a: Iron Treads|spe|1
|-enditem|p2a: Kingambit|Air Balloon
|move|p2a: Kingambit|Swords Dance|p2a: Kingambit
|-boost|p2a: Kingambit|atk|2
|
|upkeep
|turn|20
|c|☆RobinMuisterr|yeah well alcremie is the goat
|
|t:|1758313683
|move|p2a: Kingambit|Sucker Punch|p1a: Iron Treads
|-damage|p1a: Iron Treads|0 fnt
|faint|p1a: Iron Treads
|-end|p1a: Iron Treads|Quark Drive|[silent]
|
|upkeep
|inactive|Typrim has 120 seconds left.
|
|t:|1758313706
|switch|p1a: Rillaboom|Rillaboom, M|100/100
|-fieldstart|move: Grassy Terrain|[from] ability: Grassy Surge|[of] p1a: Rillaboom
|turn|21
|
|t:|1758313712
|move|p1a: Rillaboom|Drain Punch|p2a: Kingambit
|-supereffective|p2a: Kingambit
|-damage|p2a: Kingambit|11/100
|move|p2a: Kingambit|Kowtow Cleave|p1a: Rillaboom
|-damage|p1a: Rillaboom|0 fnt
|faint|p1a: Rillaboom
|
|-heal|p2a: Kingambit|17/100|[from] Grassy Terrain
|upkeep
|
|t:|1758313717
|switch|p1a: Scizor|Scizor, M, tera:Steel|65/100
|turn|22
|c|☆Typrim|HE TANKS THAT SHI?
|c|☆RobinMuisterr|yes
|c|☆RobinMuisterr|max HP ev
|c|☆RobinMuisterr|drain punch on a rillaboom is kinda wild too
|inactive|RobinMuisterr has 120 seconds left.
|
|t:|1758313749
|move|p1a: Scizor|Bullet Punch|p2a: Kingambit
|-resisted|p2a: Kingambit
|-damage|p2a: Kingambit|0 fnt
|faint|p2a: Kingambit
|-end|p2a: Kingambit|fallen3|[silent]
|
|-heal|p1a: Scizor|71/100|[from] Grassy Terrain
|upkeep
|inactive|RobinMuisterr has 120 seconds left.
|
|t:|1758313756
|switch|p2a: Walking Wake|Walking Wake|100/100
|turn|23
|c|☆Typrim|lmao ikr
|
|t:|1758313764
|move|p1a: Scizor|Bullet Punch|p2a: Walking Wake
|-resisted|p2a: Walking Wake
|-damage|p2a: Walking Wake|61/100
|move|p2a: Walking Wake|Dragon Pulse|p1a: Scizor
|-resisted|p1a: Scizor
|-damage|p1a: Scizor|36/100
|
|-heal|p2a: Walking Wake|67/100|[from] Grassy Terrain
|-heal|p1a: Scizor|42/100|[from] Grassy Terrain
|upkeep
|turn|24
|
|t:|1758313789
|move|p1a: Scizor|Bullet Punch|p2a: Walking Wake
|-resisted|p2a: Walking Wake
|-damage|p2a: Walking Wake|27/100
|move|p2a: Walking Wake|Dragon Pulse|p1a: Scizor
|-resisted|p1a: Scizor
|-damage|p1a: Scizor|8/100
|
|-heal|p2a: Walking Wake|34/100|[from] Grassy Terrain
|-heal|p1a: Scizor|14/100|[from] Grassy Terrain
|upkeep
|turn|25
|c|☆Typrim|SCIZOR
|c|☆Typrim|DREAM ON
|
|t:|1758313800
|move|p1a: Scizor|Bullet Punch|p2a: Walking Wake
|-resisted|p2a: Walking Wake
|-damage|p2a: Walking Wake|0 fnt
|faint|p2a: Walking Wake
|-end|p2a: Walking Wake|Protosynthesis|[silent]
|
|-heal|p1a: Scizor|20/100|[from] Grassy Terrain
|-fieldend|move: Grassy Terrain
|upkeep
|
|t:|1758313805
|switch|p2a: Lilligant|Lilligant-Hisui, F|71/100 par
|turn|26
|
|t:|1758313810
|move|p1a: Scizor|Bullet Punch|p2a: Lilligant
|-damage|p2a: Lilligant|0 fnt
|faint|p2a: Lilligant
|
|win|Typrim
|raw|Typrim's rating: 1126 &rarr; <strong>1149</strong><br />(+23 for winning)
|raw|RobinMuisterr's rating: 1105 &rarr; <strong>1082</strong><br />(-23 for losing)
|c|☆RobinMuisterr|shoot
|c|☆Typrim|ggwp,
|c|☆Typrim|fun sets
|c|☆RobinMuisterr|oneshot without swords dance
|c|☆Typrim|its choice banded
|c|☆RobinMuisterr|well
|c|☆RobinMuisterr|if only alcremie got to setup
|c|☆Typrim|I mean to be fair
|c|☆RobinMuisterr|its a menace
|c|☆Typrim|I already knew it was going to
|c|☆RobinMuisterr|well thats true, I always have to setup against a special attacker
|c|☆RobinMuisterr|because its naturally insanely bulky on the special side
|c|☆Typrim|indeed
|c|☆Typrim|though acid armor goes crazy
|c|☆RobinMuisterr|yes exactly that makes it so that it can tank both types of attackers
|c|☆RobinMuisterr|great coverage with steel terra too
|c|☆RobinMuisterr|and 220 base stored power
|l|☆RobinMuisterr
|player|p2|
|c|☆Typrim|stored power goes crazy
|l|☆Typrim
|player|p1|
