|j|☆Dranzerzx
|j|☆AnnGrea
|t:|1758271603
|gametype|singles
|player|p1|Dranzerzx|burglar|1130
|player|p2|AnnGrea|pokemonbreederf-gen4|1190
|gen|9
|tier|[Gen 9] OU
|rated|
|rule|HP Percentage Mod: HP is shown in percentages
|rule|Endless Battle Clause: Forcing endless battles is banned
|rule|Species Clause: Limit one of each Pokémon
|rule|OHKO Clause: OHKO moves are banned
|rule|Evasion Items Clause: Evasion items are banned
|rule|Evasion Moves Clause: Evasion moves are banned
|rule|Evasion Abilities Clause: Evasion abilities are banned
|rule|Sleep Moves Clause: Sleep-inducing moves are banned
|clearpoke
|poke|p1|Slowking-Galar, M|
|poke|p1|Samurott-Hisui, M|
|poke|p1|Iron Valiant|
|poke|p1|Great Tusk|
|poke|p1|Araquanid, M|
|poke|p1|Regidrago|
|poke|p2|Rotom-Wash|
|poke|p2|Ninetales, F|
|poke|p2|Great Tusk|
|poke|p2|Walking Wake|
|poke|p2|Cinderace, F|
|poke|p2|Chansey, F|
|teampreview
|
|t:|1758271612
|teamsize|p1|6
|teamsize|p2|6
|start
|switch|p1a: Araquanid|Araquanid, M, shiny|100/100
|switch|p2a: Rotom|Rotom-Wash, shiny|100/100
|turn|1
|inactive|Battle timer is ON: inactive players will automatically lose when time's up. (requested by AnnGrea)
|
|t:|1758271629
|move|p2a: Rotom|Thunderbolt|p1a: Araquanid
|-supereffective|p1a: Araquanid
|-damage|p1a: Araquanid|35/100
|move|p1a: Araquanid|Sticky Web|p2a: Rotom
|-sidestart|p2: AnnGrea|move: Sticky Web
|
|upkeep
|turn|2
|
|t:|1758271634
|switch|p2a: Great Tusk|Great Tusk|100/100
|-activate|p2a: Great Tusk|move: Sticky Web
|-unboost|p2a: Great Tusk|spe|1
|move|p1a: Araquanid|Endure||[still]
|-fail|p1a: Araquanid
|
|upkeep
|turn|3
|
|t:|1758271640
|move|p2a: Great Tusk|Rapid Spin|p1a: Araquanid
|-damage|p1a: Araquanid|20/100
|-boost|p2a: Great Tusk|spe|1
|-sideend|p2: AnnGrea|Sticky Web|[from] move: Rapid Spin|[of] p2a: Great Tusk
|move|p1a: Araquanid|Surf|p2a: Great Tusk
|-supereffective|p2a: Great Tusk
|-damage|p2a: Great Tusk|1/100
|
|upkeep
|turn|4
|-enditem|p1a: Araquanid|Custap Berry|[eat]
|-activate|p1a: Araquanid|item: Custap Berry|[consumed]
|
|t:|1758271644
|move|p1a: Araquanid|Surf|p2a: Great Tusk
|-supereffective|p2a: Great Tusk
|-damage|p2a: Great Tusk|0 fnt
|faint|p2a: Great Tusk
|-end|p2a: Great Tusk|Protosynthesis|[silent]
|
|upkeep
|
|t:|1758271649
|switch|p2a: Rotom|Rotom-Wash, shiny|100/100
|turn|5
|
|t:|1758271653
|switch|p1a: Slowking|Slowking-Galar, M|100/100
|move|p2a: Rotom|Volt Switch|p1a: Slowking
|-damage|p1a: Slowking|81/100
|
|t:|1758271657
|switch|p2a: Cinderace|Cinderace, F|100/100|[from] Volt Switch
|
|upkeep
|turn|6
|
|t:|1758271672
|move|p2a: Cinderace|U-turn|p1a: Slowking
|-start|p2a: Cinderace|typechange|Bug|[from] ability: Libero
|-damage|p1a: Slowking|30/100
|
|t:|1758271677
|switch|p2a: Rotom|Rotom-Wash, shiny|100/100|[from] U-turn
|-prepare|p1a: Slowking|Chilly Reception|[premajor]
|move|p1a: Slowking|Chilly Reception|p1a: Slowking
|-weather|Snowscape
|
|t:|1758271687
|switch|p1a: Regidrago|Regidrago, shiny|100/100|[from] Chilly Reception
|
|-weather|Snowscape|[upkeep]
|upkeep
|turn|7
|
|t:|1758271703
|move|p2a: Rotom|Trick|p1a: Regidrago
|-activate|p2a: Rotom|move: Trick|[of] p1a: Regidrago
|-item|p1a: Regidrago|Choice Scarf|[from] move: Trick
|-item|p2a: Rotom|Choice Scarf|[from] move: Trick
|move|p1a: Regidrago|Dragon Energy|p2a: Rotom
|-damage|p2a: Rotom|0 fnt
|faint|p2a: Rotom
|
|-weather|Snowscape|[upkeep]
|upkeep
|c|☆AnnGrea|oh
|c|☆Dranzerzx|yeppp
|c|☆AnnGrea|i think you will dance
|inactive|AnnGrea has 120 seconds left.
|
|t:|1758271731
|switch|p2a: Chansey|Chansey, F|100/100
|turn|8
|c|☆Dranzerzx|nuh uh
|
|t:|1758271745
|switch|p1a: Slowking|Slowking-Galar, M|63/100
|move|p2a: Chansey|Stealth Rock|p1a: Slowking
|-sidestart|p1: Dranzerzx|move: Stealth Rock
|
|-weather|Snowscape|[upkeep]
|upkeep
|turn|9
|
|t:|1758271751
|switch|p2a: Cinderace|Cinderace, F|100/100
|-prepare|p1a: Slowking|Chilly Reception|[premajor]
|move|p1a: Slowking|Chilly Reception|p1a: Slowking
|
|t:|1758271758
|switch|p1a: Regidrago|Regidrago, shiny|100/100|[from] Chilly Reception
|-damage|p1a: Regidrago|88/100|[from] Stealth Rock
|
|-weather|Snowscape|[upkeep]
|upkeep
|turn|10
|
|t:|1758271765
|switch|p2a: Chansey|Chansey, F|100/100
|move|p1a: Regidrago|Dragon Energy|p2a: Chansey
|-damage|p2a: Chansey|78/100
|
|-weather|none
|upkeep
|turn|11
|
|t:|1758271772
|switch|p1a: Great Tusk|Great Tusk, shiny|100/100
|move|p2a: Chansey|Seismic Toss|p1a: Great Tusk
|-damage|p1a: Great Tusk|74/100
|
|upkeep
|turn|12
|
|t:|1758271776
|switch|p2a: Ninetales|Ninetales, F|100/100
|-weather|SunnyDay|[from] ability: Drought|[of] p2a: Ninetales
|-activate|p1a: Great Tusk|ability: Protosynthesis
|-start|p1a: Great Tusk|protosynthesisatk
|move|p1a: Great Tusk|Rapid Spin|p2a: Ninetales
|-damage|p2a: Ninetales|66/100
|-boost|p1a: Great Tusk|spe|1
|-sideend|p1: Dranzerzx|Stealth Rock|[from] move: Rapid Spin|[of] p1a: Great Tusk
|
|-weather|SunnyDay|[upkeep]
|upkeep
|turn|13
|
|t:|1758271784
|move|p1a: Great Tusk|Headlong Rush|p2a: Ninetales
|-supereffective|p2a: Ninetales
|-damage|p2a: Ninetales|0 fnt
|-unboost|p1a: Great Tusk|def|1
|-unboost|p1a: Great Tusk|spd|1
|faint|p2a: Ninetales
|
|-weather|SunnyDay|[upkeep]
|upkeep
|
|t:|1758271787
|switch|p2a: Walking Wake|Walking Wake|100/100
|-activate|p2a: Walking Wake|ability: Protosynthesis
|-start|p2a: Walking Wake|protosynthesisspe
|turn|14
|
|t:|1758271797
|-end|p1a: Great Tusk|Protosynthesis|[silent]
|switch|p1a: Slowking|Slowking-Galar, M|97/100
|move|p2a: Walking Wake|Hydro Steam|p1a: Slowking
|-damage|p1a: Slowking|37/100
|
|-weather|SunnyDay|[upkeep]
|upkeep
|turn|15
|
|t:|1758271804
|move|p2a: Walking Wake|Hydro Steam|p1a: Slowking
|-damage|p1a: Slowking|0 fnt
|faint|p1a: Slowking
|
|-weather|SunnyDay|[upkeep]
|upkeep
|
|t:|1758271808
|switch|p1a: Iron Valiant|Iron Valiant|100/100
|-enditem|p1a: Iron Valiant|Booster Energy
|-activate|p1a: Iron Valiant|ability: Quark Drive|[fromitem]
|-start|p1a: Iron Valiant|quarkdrivespe
|turn|16
|
|t:|1758271814
|-terastallize|p2a: Walking Wake|Fairy
|move|p1a: Iron Valiant|Moonblast|p2a: Walking Wake
|-damage|p2a: Walking Wake|50/100
|move|p2a: Walking Wake|Hydro Steam|p1a: Iron Valiant
|-damage|p1a: Iron Valiant|0 fnt
|faint|p1a: Iron Valiant
|-end|p1a: Iron Valiant|Quark Drive|[silent]
|
|-weather|SunnyDay|[upkeep]
|upkeep
|
|t:|1758271825
|switch|p1a: Araquanid|Araquanid, M, shiny|20/100
|turn|17
|
|t:|1758271833
|move|p1a: Araquanid|Endure|p1a: Araquanid
|-singleturn|p1a: Araquanid|move: Endure
|move|p2a: Walking Wake|Hydro Steam|p1a: Araquanid
|-resisted|p1a: Araquanid
|-activate|p1a: Araquanid|move: Endure
|-damage|p1a: Araquanid|1/100
|
|-weather|SunnyDay|[upkeep]
|upkeep
|turn|18
|
|t:|1758271835
|move|p1a: Araquanid|Endure||[still]
|-fail|p1a: Araquanid
|move|p2a: Walking Wake|Hydro Steam|p1a: Araquanid
|-resisted|p1a: Araquanid
|-damage|p1a: Araquanid|0 fnt
|faint|p1a: Araquanid
|
|-weather|SunnyDay|[upkeep]
|upkeep
|
|t:|1758271842
|switch|p1a: Samurott|Samurott-Hisui, M|100/100
|turn|19
|
|t:|1758271846
|-end|p2a: Walking Wake|Protosynthesis|[silent]
|switch|p2a: Chansey|Chansey, F|78/100
|move|p1a: Samurott|Flip Turn|p2a: Chansey
|-damage|p2a: Chansey|54/100
|
|t:|1758271850
|switch|p1a: Great Tusk|Great Tusk, shiny|74/100|[from] Flip Turn
|-activate|p1a: Great Tusk|ability: Protosynthesis
|-start|p1a: Great Tusk|protosynthesisatk
|
|-weather|none
|-end|p1a: Great Tusk|Protosynthesis
|upkeep
|turn|20
|
|t:|1758271865
|move|p1a: Great Tusk|Rapid Spin|p2a: Chansey
|-damage|p2a: Chansey|22/100
|-boost|p1a: Great Tusk|spe|1
|move|p2a: Chansey|Seismic Toss|p1a: Great Tusk
|-damage|p1a: Great Tusk|47/100
|
|upkeep
|turn|21
|
|t:|1758271872
|move|p1a: Great Tusk|Rapid Spin|p2a: Chansey
|-damage|p2a: Chansey|0 fnt
|-boost|p1a: Great Tusk|spe|1
|faint|p2a: Chansey
|
|upkeep
|
|t:|1758271874
|switch|p2a: Cinderace|Cinderace, F|100/100
|turn|22
|
|t:|1758271881
|move|p2a: Cinderace|Sucker Punch|p1a: Great Tusk
|-start|p2a: Cinderace|typechange|Dark|[from] ability: Libero
|-resisted|p1a: Great Tusk
|-damage|p1a: Great Tusk|31/100
|move|p1a: Great Tusk|Headlong Rush|p2a: Cinderace
|-damage|p2a: Cinderace|9/100
|-unboost|p1a: Great Tusk|def|1
|-unboost|p1a: Great Tusk|spd|1
|
|upkeep
|turn|23
|-message|AnnGrea forfeited.
|
|win|Dranzerzx
|raw|Dranzerzx's rating: 1130 &rarr; <strong>1159</strong><br />(+29 for winning)
|raw|AnnGrea's rating: 1190 &rarr; <strong>1161</strong><br />(-29 for losing)
|l|☆AnnGrea
|player|p2|
|l|☆Dranzerzx
|player|p1|
