|j|☆lolcano46
|j|☆dawgeezshoubi
|t:|1758328378
|gametype|singles
|player|p1|lolcano46|fisherman-gen4|1566
|player|p2|dawgeezshoubi|acetrainer-gen4dp|1558
|gen|9
|tier|[Gen 9] OU
|rated|
|rule|HP Percentage Mod: HP is shown in percentages
|rule|Endless Battle Clause: Forcing endless battles is banned
|rule|Species Clause: Limit one of each Pokémon
|rule|OHKO Clause: OHKO moves are banned
|rule|Evasion Items Clause: Evasion items are banned
|rule|Evasion Moves Clause: Evasion moves are banned
|rule|Evasion Abilities Clause: Evasion abilities are banned
|rule|Sleep Moves Clause: Sleep-inducing moves are banned
|clearpoke
|poke|p1|Azelf|
|poke|p1|Ogerpon-Wellspring, F|
|poke|p1|Scizor, M|
|poke|p1|Gengar, M|
|poke|p1|Raging Bolt|
|poke|p1|Cinderace, M|
|poke|p2|Dragapult, F|
|poke|p2|Kingambit, F|
|poke|p2|Great Tusk|
|poke|p2|Slowking, M|
|poke|p2|Ogerpon-Wellspring, F|
|poke|p2|Iron Moth|
|teampreview
|inactive|Battle timer is ON: inactive players will automatically lose when time's up. (requested by lolcano46)
|
|t:|1758328397
|teamsize|p1|6
|teamsize|p2|6
|start
|switch|p1a: Gengar|Gengar, M|100/100
|switch|p2a: Dragapult|Dragapult, F|100/100
|turn|1
|
|t:|1758328409
|move|p1a: Gengar|Shadow Ball|p2a: Dragapult
|-supereffective|p2a: Dragapult
|-damage|p2a: Dragapult|0 fnt
|faint|p2a: Dragapult
|
|upkeep
|
|t:|1758328415
|switch|p2a: Kingambit|Kingambit, F|100/100
|-activate|p2a: Kingambit|ability: Supreme Overlord
|-start|p2a: Kingambit|fallen1|[silent]
|turn|2
|
|t:|1758328420
|switch|p1a: Cinderace|Cinderace, M|100/100
|move|p2a: Kingambit|Kowtow Cleave|p1a: Cinderace
|-damage|p1a: Cinderace|15/100
|
|upkeep
|turn|3
|
|t:|1758328431
|move|p2a: Kingambit|Sucker Punch||[still]
|-fail|p2a: Kingambit
|move|p1a: Cinderace|Will-O-Wisp|p2a: Kingambit|[miss]
|-miss|p1a: Cinderace|p2a: Kingambit
|
|upkeep
|turn|4
|
|t:|1758328438
|-end|p2a: Kingambit|fallen1|[silent]
|switch|p2a: Iron Moth|Iron Moth|100/100
|move|p1a: Cinderace|Will-O-Wisp|p2a: Iron Moth|[miss]
|-miss|p1a: Cinderace|p2a: Iron Moth
|
|upkeep
|turn|5
|
|t:|1758328446
|move|p1a: Cinderace|Pyro Ball|p2a: Iron Moth
|-resisted|p2a: Iron Moth
|-damage|p2a: Iron Moth|49/100
|move|p2a: Iron Moth|Fiery Dance|p1a: Cinderace
|-resisted|p1a: Cinderace
|-damage|p1a: Cinderace|0 fnt
|-boost|p2a: Iron Moth|spa|1
|faint|p1a: Cinderace
|
|upkeep
|
|t:|1758328452
|switch|p1a: Raging Bolt|Raging Bolt|100/100
|-enditem|p1a: Raging Bolt|Booster Energy
|-activate|p1a: Raging Bolt|ability: Protosynthesis|[fromitem]
|-start|p1a: Raging Bolt|protosynthesisspa
|turn|6
|
|t:|1758328470
|-end|p2a: Iron Moth|Quark Drive|[silent]
|switch|p2a: Great Tusk|Great Tusk|100/100
|move|p1a: Raging Bolt|Dragon Pulse|p2a: Great Tusk
|-damage|p2a: Great Tusk|8/100
|
|upkeep
|turn|7
|
|t:|1758328480
|-end|p1a: Raging Bolt|Protosynthesis|[silent]
|switch|p1a: Azelf|Azelf|100/100
|move|p2a: Great Tusk|Headlong Rush|p1a: Azelf
|-immune|p1a: Azelf|[from] ability: Levitate
|
|upkeep
|turn|8
|
|t:|1758328490
|move|p1a: Azelf|Flamethrower|p2a: Great Tusk
|-crit|p2a: Great Tusk
|-damage|p2a: Great Tusk|0 fnt
|faint|p2a: Great Tusk
|-end|p2a: Great Tusk|Protosynthesis|[silent]
|
|upkeep
|
|t:|1758328502
|switch|p2a: Kingambit|Kingambit, F|100/100
|-activate|p2a: Kingambit|ability: Supreme Overlord
|-start|p2a: Kingambit|fallen2|[silent]
|turn|9
|
|t:|1758328509
|-terastallize|p1a: Azelf|Fairy
|move|p1a: Azelf|Flamethrower|p2a: Kingambit
|-supereffective|p2a: Kingambit
|-damage|p2a: Kingambit|53/100
|move|p2a: Kingambit|Kowtow Cleave|p1a: Azelf
|-resisted|p1a: Azelf
|-damage|p1a: Azelf|52/100
|
|upkeep
|turn|10
|
|t:|1758328523
|move|p1a: Azelf|Flamethrower|p2a: Kingambit
|-supereffective|p2a: Kingambit
|-damage|p2a: Kingambit|5/100
|move|p2a: Kingambit|Iron Head|p1a: Azelf
|-supereffective|p1a: Azelf
|-damage|p1a: Azelf|0 fnt
|faint|p1a: Azelf
|
|upkeep
|
|t:|1758328532
|switch|p1a: Scizor|Scizor, M|100/100
|turn|11
|
|t:|1758328541
|-end|p2a: Kingambit|fallen2|[silent]
|switch|p2a: Iron Moth|Iron Moth|49/100
|move|p1a: Scizor|Bullet Punch|p2a: Iron Moth
|-resisted|p2a: Iron Moth
|-damage|p2a: Iron Moth|18/100
|
|upkeep
|turn|12
|
|t:|1758328548
|move|p1a: Scizor|Bullet Punch|p2a: Iron Moth
|-resisted|p2a: Iron Moth
|-damage|p2a: Iron Moth|0 fnt
|faint|p2a: Iron Moth
|-end|p2a: Iron Moth|Quark Drive|[silent]
|
|upkeep
|
|t:|1758328561
|switch|p2a: Ogerpon|Ogerpon-Wellspring, F|100/100
|turn|13
|
|t:|1758328571
|switch|p1a: Ogerpon|Ogerpon-Wellspring, F|100/100
|move|p2a: Ogerpon|Swords Dance|p2a: Ogerpon
|-boost|p2a: Ogerpon|atk|2
|
|upkeep
|turn|14
|
|t:|1758328577
|move|p2a: Ogerpon|Horn Leech|p1a: Ogerpon
|-damage|p1a: Ogerpon|0 fnt
|faint|p1a: Ogerpon
|
|upkeep
|
|t:|1758328580
|switch|p1a: Gengar|Gengar, M|100/100
|turn|15
|
|t:|1758328592
|-terastallize|p2a: Ogerpon|Water
|detailschange|p2a: Ogerpon|Ogerpon-Wellspring-Tera, F, tera:Water
|-ability|p2a: Ogerpon|Embody Aspect (Wellspring)|boost
|-boost|p2a: Ogerpon|spd|1
|move|p1a: Gengar|Sludge Bomb|p2a: Ogerpon
|-damage|p2a: Ogerpon|64/100
|move|p2a: Ogerpon|Ivy Cudgel|p1a: Gengar|[anim] Ivy Cudgel Water
|-damage|p1a: Gengar|0 fnt
|-start|p2a: Ogerpon|Disable|Ivy Cudgel|[from] ability: Cursed Body|[of] p1a: Gengar
|faint|p1a: Gengar
|
|upkeep
|
|t:|1758328596
|switch|p1a: Raging Bolt|Raging Bolt|100/100
|turn|16
|
|t:|1758328621
|move|p1a: Raging Bolt|Thunderclap||[still]
|-fail|p1a: Raging Bolt
|move|p2a: Ogerpon|Encore|p1a: Raging Bolt
|-start|p1a: Raging Bolt|Encore
|
|upkeep
|turn|17
|
|t:|1758328633
|switch|p2a: Slowking|Slowking, M|100/100
|-end|p1a: Raging Bolt|Protosynthesis|[silent]
|switch|p1a: Scizor|Scizor, M|100/100
|
|upkeep
|turn|18
|
|t:|1758328647
|move|p1a: Scizor|Knock Off|p2a: Slowking
|-supereffective|p2a: Slowking
|-crit|p2a: Slowking
|-damage|p2a: Slowking|0 fnt
|-enditem|p2a: Slowking|Sitrus Berry|[from] move: Knock Off|[of] p1a: Scizor
|faint|p2a: Slowking
|
|upkeep
|
|t:|1758328660
|switch|p2a: Ogerpon|Ogerpon-Wellspring-Tera, F, tera:Water|64/100
|-ability|p2a: Ogerpon|Embody Aspect (Wellspring)|boost
|-boost|p2a: Ogerpon|spd|1
|turn|19
|
|t:|1758328670
|move|p2a: Ogerpon|Ivy Cudgel|p1a: Scizor|[anim] Ivy Cudgel Water
|-damage|p1a: Scizor|14/100
|move|p1a: Scizor|Close Combat|p2a: Ogerpon
|-damage|p2a: Ogerpon|6/100
|-unboost|p1a: Scizor|def|1
|-unboost|p1a: Scizor|spd|1
|
|upkeep
|turn|20
|inactive|dawgeezshoubi has 120 seconds left.
|inactive|dawgeezshoubi has 90 seconds left.
|
|t:|1758328731
|move|p1a: Scizor|Bullet Punch|p2a: Ogerpon
|-resisted|p2a: Ogerpon
|-damage|p2a: Ogerpon|0 fnt
|faint|p2a: Ogerpon
|detailschange|p2: Ogerpon|Ogerpon-Wellspring, F|[silent]
|
|upkeep
|
|t:|1758328736
|switch|p2a: Kingambit|Kingambit, F|5/100
|-activate|p2a: Kingambit|ability: Supreme Overlord
|-start|p2a: Kingambit|fallen5|[silent]
|turn|21
|
|t:|1758328740
|move|p1a: Scizor|Bullet Punch|p2a: Kingambit
|-resisted|p2a: Kingambit
|-damage|p2a: Kingambit|0 fnt
|faint|p2a: Kingambit
|-end|p2a: Kingambit|fallen5|[silent]
|
|win|lolcano46
|raw|lolcano46's rating: 1566 &rarr; <strong>1586</strong><br />(+20 for winning)
|raw|dawgeezshoubi's rating: 1558 &rarr; <strong>1538</strong><br />(-20 for losing)
|l|☆lolcano46
|player|p1|
|l|☆dawgeezshoubi
|player|p2|
