|j|☆Legitmon
|j|☆Sauronikov
|t:|1758269309
|gametype|singles
|player|p1|Legitmon|brycenman|1245
|player|p2|Sauronikov|1|1324
|gen|9
|tier|[Gen 9] OU
|rated|
|rule|HP Percentage Mod: HP is shown in percentages
|rule|Endless Battle Clause: Forcing endless battles is banned
|rule|Species Clause: Limit one of each Pokémon
|rule|OHKO Clause: OHKO moves are banned
|rule|Evasion Items Clause: Evasion items are banned
|rule|Evasion Moves Clause: Evasion moves are banned
|rule|Evasion Abilities Clause: Evasion abilities are banned
|rule|Sleep Moves Clause: Sleep-inducing moves are banned
|clearpoke
|poke|p1|Iron Valiant|
|poke|p1|Kingambit, F|
|poke|p1|Cinderace, M|
|poke|p1|Rotom-Wash|
|poke|p1|Meowscarada, M|
|poke|p1|Great Tusk|
|poke|p2|Grimmsnarl, M|
|poke|p2|Rhyperior, F|
|poke|p2|Revavroom, F|
|poke|p2|Entei|
|poke|p2|Raikou|
|poke|p2|Suicune|
|teampreview
|inactive|Battle timer is ON: inactive players will automatically lose when time's up. (requested by Legitmon)
|
|t:|1758269319
|teamsize|p1|6
|teamsize|p2|6
|start
|switch|p1a: Sanji|Cinderace, M|100/100
|switch|p2a: Grimmsnarl|Grimmsnarl, M|100/100
|turn|1
|
|t:|1758269329
|move|p2a: Grimmsnarl|Parting Shot|p1a: Sanji
|-unboost|p1a: Sanji|atk|1
|-unboost|p1a: Sanji|spa|1
|
|t:|1758269331
|switch|p2a: Rhyperior|Rhyperior, F, shiny|100/100|[from] Parting Shot
|move|p1a: Sanji|High Jump Kick|p2a: Rhyperior
|-start|p1a: Sanji|typechange|Fighting|[from] ability: Libero
|-supereffective|p2a: Rhyperior
|-damage|p2a: Rhyperior|56/100
|-enditem|p2a: Rhyperior|Weakness Policy
|-boost|p2a: Rhyperior|atk|2|[from] item: Weakness Policy
|-boost|p2a: Rhyperior|spa|2|[from] item: Weakness Policy
|
|upkeep
|turn|2
|
|t:|1758269343
|switch|p1a: Nami|Rotom-Wash|100/100
|move|p2a: Rhyperior|Rock Polish|p2a: Rhyperior
|-boost|p2a: Rhyperior|spe|2
|
|upkeep
|turn|3
|
|t:|1758269350
|-terastallize|p2a: Rhyperior|Grass
|move|p2a: Rhyperior|Tera Blast|p1a: Nami|[anim] Tera Blast Grass
|-supereffective|p1a: Nami
|-damage|p1a: Nami|0 fnt
|faint|p1a: Nami
|
|upkeep
|
|t:|1758269365
|switch|p1a: Monkey D. Luffy|Iron Valiant|100/100
|-enditem|p1a: Monkey D. Luffy|Booster Energy
|-activate|p1a: Monkey D. Luffy|ability: Quark Drive|[fromitem]
|-start|p1a: Monkey D. Luffy|quarkdrivespe
|turn|4
|l|☆Sauronikov
|inactive|Sauronikov disconnected and has a minute to reconnect!
|player|p2|
|inactive|Sauronikov has 30 seconds to reconnect!
|j|☆Sauronikov
|inactive|Sauronikov reconnected and has 115 seconds left.
|player|p2|Sauronikov|1|
|
|t:|1758269406
|move|p1a: Monkey D. Luffy|Ice Punch|p2a: Rhyperior
|-supereffective|p2a: Rhyperior
|-damage|p2a: Rhyperior|28/100
|-status|p2a: Rhyperior|frz
|cant|p2a: Rhyperior|frz
|
|upkeep
|turn|5
|
|t:|1758269413
|move|p1a: Monkey D. Luffy|Ice Punch|p2a: Rhyperior
|-supereffective|p2a: Rhyperior
|-damage|p2a: Rhyperior|0 fnt
|faint|p2a: Rhyperior
|
|upkeep
|
|t:|1758269417
|switch|p2a: Grimmsnarl|Grimmsnarl, M|100/100
|turn|6
|
|t:|1758269421
|move|p2a: Grimmsnarl|Reflect|p2a: Grimmsnarl
|-sidestart|p2: Sauronikov|Reflect
|move|p1a: Monkey D. Luffy|Close Combat|p2a: Grimmsnarl
|-damage|p2a: Grimmsnarl|71/100
|-unboost|p1a: Monkey D. Luffy|def|1
|-unboost|p1a: Monkey D. Luffy|spd|1
|
|upkeep
|turn|7
|
|t:|1758269427
|move|p2a: Grimmsnarl|Parting Shot|p1a: Monkey D. Luffy
|-unboost|p1a: Monkey D. Luffy|atk|1
|-unboost|p1a: Monkey D. Luffy|spa|1
|
|t:|1758269430
|switch|p2a: Raikou|Raikou|100/100|[from] Parting Shot
|move|p1a: Monkey D. Luffy|Encore||[still]
|-fail|p1a: Monkey D. Luffy
|
|upkeep
|turn|8
|
|t:|1758269436
|-end|p1a: Monkey D. Luffy|Quark Drive|[silent]
|switch|p1a: Tony Tony Chopper|Great Tusk|100/100
|move|p2a: Raikou|Agility|p2a: Raikou
|-boost|p2a: Raikou|spe|2
|
|upkeep
|turn|9
|
|t:|1758269441
|move|p2a: Raikou|Scald|p1a: Tony Tony Chopper
|-supereffective|p1a: Tony Tony Chopper
|-damage|p1a: Tony Tony Chopper|24/100
|move|p1a: Tony Tony Chopper|Rapid Spin|p2a: Raikou
|-damage|p2a: Raikou|92/100
|-boost|p1a: Tony Tony Chopper|spe|1
|
|-heal|p1a: Tony Tony Chopper|30/100|[from] item: Leftovers
|upkeep
|turn|10
|
|t:|1758269446
|move|p2a: Raikou|Scald|p1a: Tony Tony Chopper
|-supereffective|p1a: Tony Tony Chopper
|-damage|p1a: Tony Tony Chopper|0 fnt
|faint|p1a: Tony Tony Chopper
|-end|p1a: Tony Tony Chopper|Protosynthesis|[silent]
|
|upkeep
|
|t:|1758269455
|switch|p1a: Roronoa Zoro|Kingambit, F|100/100
|-activate|p1a: Roronoa Zoro|ability: Supreme Overlord
|-start|p1a: Roronoa Zoro|fallen2|[silent]
|turn|11
|
|t:|1758269458
|move|p2a: Raikou|Aura Sphere|p1a: Roronoa Zoro
|-supereffective|p1a: Roronoa Zoro
|-damage|p1a: Roronoa Zoro|0 fnt
|faint|p1a: Roronoa Zoro
|-end|p1a: Roronoa Zoro|fallen2|[silent]
|
|upkeep
|-message|Legitmon forfeited.
|
|win|Sauronikov
|raw|Legitmon's rating: 1245 &rarr; <strong>1226</strong><br />(-19 for losing)
|raw|Sauronikov's rating: 1324 &rarr; <strong>1340</strong><br />(+16 for winning)
|l|☆Legitmon
|player|p1|
|l|☆Sauronikov
|player|p2|
