|j|☆huida
|j|☆Prav33n
|t:|1758261253
|gametype|singles
|player|p1|huida|2|1636
|player|p2|Prav33n|koga|1744
|gen|9
|tier|[Gen 9] OU
|rated|
|rule|HP Percentage Mod: HP is shown in percentages
|rule|Endless Battle Clause: Forcing endless battles is banned
|rule|Species Clause: Limit one of each Pokémon
|rule|OHKO Clause: OHKO moves are banned
|rule|Evasion Items Clause: Evasion items are banned
|rule|Evasion Moves Clause: Evasion moves are banned
|rule|Evasion Abilities Clause: Evasion abilities are banned
|rule|Sleep Moves Clause: Sleep-inducing moves are banned
|clearpoke
|poke|p1|Darkrai|
|poke|p1|Slowking-Galar, F|
|poke|p1|Gliscor, F|
|poke|p1|Dragapult, F|
|poke|p1|Ogerpon-Wellspring, F|
|poke|p1|Cinderace, F|
|poke|p2|Samurott-Hisui, F|
|poke|p2|Pecharunt|
|poke|p2|Zamazenta-*|
|poke|p2|Tornadus-Therian, M|
|poke|p2|Iron Treads|
|poke|p2|Latios, M|
|teampreview
|inactive|Battle timer is ON: inactive players will automatically lose when time's up. (requested by Prav33n)
|
|t:|1758261277
|teamsize|p1|6
|teamsize|p2|6
|start
|switch|p1a: Ogerpon|Ogerpon-Wellspring, F|100/100
|switch|p2a: Tornadus|Tornadus-Therian, M|100/100
|turn|1
|
|t:|1758261282
|switch|p1a: Slowking|Slowking-Galar, F|100/100
|move|p2a: Tornadus|Knock Off|p1a: Slowking
|-supereffective|p1a: Slowking
|-damage|p1a: Slowking|61/100
|-enditem|p1a: Slowking|Heavy-Duty Boots|[from] move: Knock Off|[of] p2a: Tornadus
|
|upkeep
|turn|2
|
|t:|1758261290
|move|p2a: Tornadus|U-turn|p1a: Slowking
|-damage|p1a: Slowking|48/100
|
|t:|1758261291
|switch|p2a: Iron Treads|Iron Treads|100/100|[from] U-turn
|-prepare|p1a: Slowking|Chilly Reception|[premajor]
|move|p1a: Slowking|Chilly Reception|p1a: Slowking
|-weather|Snowscape
|
|t:|1758261298
|switch|p1a: Ogerpon|Ogerpon-Wellspring, F|100/100|[from] Chilly Reception
|
|-weather|Snowscape|[upkeep]
|upkeep
|turn|3
|
|t:|1758261305
|-end|p2a: Iron Treads|Quark Drive|[silent]
|switch|p2a: Pecharunt|Pecharunt|100/100
|move|p1a: Ogerpon|Ivy Cudgel|p2a: Pecharunt|[anim] Ivy Cudgel Water
|-damage|p2a: Pecharunt|72/100
|
|-weather|Snowscape|[upkeep]
|upkeep
|turn|4
|
|t:|1758261317
|switch|p1a: Gliscor|Gliscor, F|100/100
|move|p2a: Pecharunt|Recover|p2a: Pecharunt
|-heal|p2a: Pecharunt|100/100
|
|-weather|Snowscape|[upkeep]
|-status|p1a: Gliscor|tox|[from] item: Toxic Orb
|upkeep
|turn|5
|
|t:|1758261324
|move|p1a: Gliscor|Knock Off|p2a: Pecharunt
|-supereffective|p2a: Pecharunt
|-damage|p2a: Pecharunt|80/100
|-enditem|p2a: Pecharunt|Heavy-Duty Boots|[from] move: Knock Off|[of] p1a: Gliscor
|move|p2a: Pecharunt|Parting Shot|p1a: Gliscor
|-unboost|p1a: Gliscor|atk|1
|-unboost|p1a: Gliscor|spa|1
|
|t:|1758261327
|switch|p2a: Samurott|Samurott-Hisui, F|100/100|[from] Parting Shot
|
|-weather|Snowscape|[upkeep]
|upkeep
|turn|6
|
|t:|1758261336
|move|p2a: Samurott|Encore|p1a: Gliscor
|-start|p1a: Gliscor|Encore
|move|p1a: Gliscor|Knock Off|p2a: Samurott
|-resisted|p2a: Samurott
|-damage|p2a: Samurott|91/100
|-enditem|p2a: Samurott|Heavy-Duty Boots|[from] move: Knock Off|[of] p1a: Gliscor
|
|-weather|none
|upkeep
|turn|7
|
|t:|1758261346
|switch|p1a: Ogerpon|Ogerpon-Wellspring, F|100/100
|move|p2a: Samurott|Ceaseless Edge|p1a: Ogerpon
|-damage|p1a: Ogerpon|53/100
|-sidestart|p1: huida|Spikes
|
|upkeep
|turn|8
|
|t:|1758261354
|switch|p2a: Tornadus|Tornadus-Therian, M|100/100
|move|p1a: Ogerpon|Synthesis|p1a: Ogerpon
|-heal|p1a: Ogerpon|100/100
|
|upkeep
|turn|9
|
|t:|1758261360
|switch|p1a: Slowking|Slowking-Galar, F|81/100
|-damage|p1a: Slowking|69/100|[from] Spikes
|move|p2a: Tornadus|U-turn|p1a: Slowking
|-damage|p1a: Slowking|55/100
|
|t:|1758261362
|switch|p2a: Samurott|Samurott-Hisui, F|91/100|[from] U-turn
|
|upkeep
|turn|10
|
|t:|1758261371
|switch|p1a: Gliscor|Gliscor, F|100/100 tox
|move|p2a: Samurott|Knock Off|p1a: Gliscor
|-damage|p1a: Gliscor|75/100 tox
|-enditem|p1a: Gliscor|Toxic Orb|[from] move: Knock Off|[of] p2a: Samurott
|
|-heal|p1a: Gliscor|87/100 tox|[from] ability: Poison Heal
|upkeep
|turn|11
|
|t:|1758261379
|move|p2a: Samurott|Razor Shell|p1a: Gliscor
|-supereffective|p1a: Gliscor
|-damage|p1a: Gliscor|24/100 tox
|move|p1a: Gliscor|Toxic|p2a: Samurott
|-status|p2a: Samurott|tox
|
|-damage|p2a: Samurott|85/100 tox|[from] psn
|-heal|p1a: Gliscor|36/100 tox|[from] ability: Poison Heal
|upkeep
|turn|12
|
|t:|1758261390
|move|p1a: Gliscor|Protect|p1a: Gliscor
|-singleturn|p1a: Gliscor|Protect
|move|p2a: Samurott|Ceaseless Edge|p1a: Gliscor
|-activate|p1a: Gliscor|move: Protect
|
|-damage|p2a: Samurott|72/100 tox|[from] psn
|-heal|p1a: Gliscor|49/100 tox|[from] ability: Poison Heal
|upkeep
|turn|13
|
|t:|1758261399
|switch|p1a: Ogerpon|Ogerpon-Wellspring, F|100/100
|-damage|p1a: Ogerpon|88/100|[from] Spikes
|move|p2a: Samurott|Ceaseless Edge|p1a: Ogerpon
|-damage|p1a: Ogerpon|39/100
|-sidestart|p1: huida|Spikes
|
|-damage|p2a: Samurott|54/100 tox|[from] psn
|upkeep
|turn|14
|
|t:|1758261408
|switch|p2a: Pecharunt|Pecharunt|80/100
|move|p1a: Ogerpon|Synthesis|p1a: Ogerpon
|-heal|p1a: Ogerpon|89/100
|
|upkeep
|turn|15
|j| jscufy
|l| jscufy
|
|t:|1758261424
|move|p1a: Ogerpon|Swords Dance|p1a: Ogerpon
|-boost|p1a: Ogerpon|atk|2
|move|p2a: Pecharunt|Shadow Ball|p1a: Ogerpon
|-damage|p1a: Ogerpon|64/100
|
|upkeep
|turn|16
|
|t:|1758261434
|-terastallize|p1a: Ogerpon|Water
|detailschange|p1a: Ogerpon|Ogerpon-Wellspring-Tera, F, tera:Water
|-ability|p1a: Ogerpon|Embody Aspect (Wellspring)|boost
|-boost|p1a: Ogerpon|spd|1
|move|p1a: Ogerpon|Swords Dance|p1a: Ogerpon
|-boost|p1a: Ogerpon|atk|2
|move|p2a: Pecharunt|Malignant Chain|p1a: Ogerpon
|-damage|p1a: Ogerpon|43/100
|
|upkeep
|turn|17
|
|t:|1758261448
|switch|p2a: Samurott|Samurott-Hisui, F|54/100 tox
|move|p1a: Ogerpon|Trailblaze|p2a: Samurott
|-supereffective|p2a: Samurott
|-damage|p2a: Samurott|0 fnt
|-boost|p1a: Ogerpon|spe|1
|faint|p2a: Samurott
|
|upkeep
|
|t:|1758261459
|switch|p2a: Zamazenta|Zamazenta|100/100
|-ability|p2a: Zamazenta|Dauntless Shield|boost
|-boost|p2a: Zamazenta|def|1
|turn|18
|
|t:|1758261465
|move|p2a: Zamazenta|Close Combat|p1a: Ogerpon
|-damage|p1a: Ogerpon|0 fnt
|-unboost|p2a: Zamazenta|def|1
|-unboost|p2a: Zamazenta|spd|1
|faint|p1a: Ogerpon
|detailschange|p1: Ogerpon|Ogerpon-Wellspring, F|[silent]
|
|upkeep
|
|t:|1758261481
|switch|p1a: Dragapult|Dragapult, F|100/100
|-damage|p1a: Dragapult|84/100|[from] Spikes
|turn|19
|
|t:|1758261487
|switch|p2a: Tornadus|Tornadus-Therian, M|100/100
|move|p1a: Dragapult|U-turn|p2a: Tornadus
|-resisted|p2a: Tornadus
|-damage|p2a: Tornadus|91/100
|
|t:|1758261492
|switch|p1a: Cinderace|Cinderace, F|100/100|[from] U-turn
|
|upkeep
|turn|20
|
|t:|1758261500
|move|p1a: Cinderace|Court Change|p1a: Cinderace
|-start|p1a: Cinderace|typechange|Normal|[from] ability: Libero
|-swapsideconditions
|-activate|p1a: Cinderace|move: Court Change
|move|p2a: Tornadus|Knock Off|p1a: Cinderace
|-damage|p1a: Cinderace|74/100
|-enditem|p1a: Cinderace|Heavy-Duty Boots|[from] move: Knock Off|[of] p2a: Tornadus
|
|upkeep
|turn|21
|
|t:|1758261509
|move|p1a: Cinderace|U-turn|p2a: Tornadus
|-resisted|p2a: Tornadus
|-damage|p2a: Tornadus|79/100
|
|t:|1758261512
|switch|p1a: Slowking|Slowking-Galar, F|88/100|[from] U-turn
|move|p2a: Tornadus|U-turn|p1a: Slowking
|-damage|p1a: Slowking|74/100
|
|t:|1758261515
|switch|p2a: Iron Treads|Iron Treads|100/100|[from] U-turn
|-damage|p2a: Iron Treads|84/100|[from] Spikes
|
|upkeep
|turn|22
|
|t:|1758261522
|switch|p1a: Dragapult|Dragapult, F|84/100
|move|p2a: Iron Treads|Rapid Spin|p1a: Dragapult
|-immune|p1a: Dragapult
|
|upkeep
|turn|23
|
|t:|1758261527
|-end|p2a: Iron Treads|Quark Drive|[silent]
|switch|p2a: Tornadus|Tornadus-Therian, M|100/100
|move|p1a: Dragapult|Flamethrower|p2a: Tornadus
|-damage|p2a: Tornadus|74/100
|
|upkeep
|turn|24
|
|t:|1758261535
|switch|p1a: Gliscor|Gliscor, F|49/100 tox
|move|p2a: Tornadus|U-turn|p1a: Gliscor
|-resisted|p1a: Gliscor
|-damage|p1a: Gliscor|44/100 tox
|
|t:|1758261537
|switch|p2a: Iron Treads|Iron Treads|84/100|[from] U-turn
|-damage|p2a: Iron Treads|67/100|[from] Spikes
|
|-heal|p1a: Gliscor|57/100 tox|[from] ability: Poison Heal
|upkeep
|turn|25
|
|t:|1758261547
|move|p1a: Gliscor|Protect|p1a: Gliscor
|-singleturn|p1a: Gliscor|Protect
|move|p2a: Iron Treads|Ice Spinner|p1a: Gliscor
|-activate|p1a: Gliscor|move: Protect
|
|-heal|p1a: Gliscor|69/100 tox|[from] ability: Poison Heal
|upkeep
|turn|26
|
|t:|1758261555
|switch|p1a: Dragapult|Dragapult, F|84/100
|move|p2a: Iron Treads|Stealth Rock|p1a: Dragapult
|-sidestart|p1: huida|move: Stealth Rock
|
|upkeep
|turn|27
|
|t:|1758261562
|-end|p2a: Iron Treads|Quark Drive|[silent]
|switch|p2a: Tornadus|Tornadus-Therian, M|100/100
|move|p1a: Dragapult|Flamethrower|p2a: Tornadus
|-damage|p2a: Tornadus|78/100
|
|upkeep
|turn|28
|
|t:|1758261569
|switch|p1a: Gliscor|Gliscor, F|69/100 tox
|-damage|p1a: Gliscor|57/100 tox|[from] Stealth Rock
|move|p2a: Tornadus|U-turn|p1a: Gliscor
|-resisted|p1a: Gliscor
|-damage|p1a: Gliscor|52/100 tox
|
|t:|1758261582
|switch|p2a: Latios|Latios, M, shiny|100/100|[from] U-turn
|
|-heal|p1a: Gliscor|65/100 tox|[from] ability: Poison Heal
|upkeep
|turn|29
|
|t:|1758261593
|switch|p1a: Slowking|Slowking-Galar, F|100/100
|-damage|p1a: Slowking|88/100|[from] Stealth Rock
|-terastallize|p2a: Latios|Steel
|move|p2a: Latios|Calm Mind|p2a: Latios
|-boost|p2a: Latios|spa|1
|-boost|p2a: Latios|spd|1
|
|upkeep
|turn|30
|
|t:|1758261602
|switch|p2a: Iron Treads|Iron Treads|67/100
|-damage|p2a: Iron Treads|50/100|[from] Spikes
|move|p1a: Slowking|Thunder Wave|p2a: Iron Treads
|-immune|p2a: Iron Treads
|
|upkeep
|turn|31
|
|t:|1758261612
|switch|p1a: Dragapult|Dragapult, F|84/100
|-damage|p1a: Dragapult|72/100|[from] Stealth Rock
|move|p2a: Iron Treads|Earthquake|p1a: Dragapult
|-damage|p1a: Dragapult|9/100
|
|upkeep
|turn|32
|
|t:|1758261623
|-end|p2a: Iron Treads|Quark Drive|[silent]
|switch|p2a: Tornadus|Tornadus-Therian, M|100/100
|move|p1a: Dragapult|Flamethrower|p2a: Tornadus
|-damage|p2a: Tornadus|75/100
|
|upkeep
|turn|33
|
|t:|1758261630
|switch|p1a: Gliscor|Gliscor, F|65/100 tox
|-damage|p1a: Gliscor|52/100 tox|[from] Stealth Rock
|move|p2a: Tornadus|U-turn|p1a: Gliscor
|-resisted|p1a: Gliscor
|-damage|p1a: Gliscor|48/100 tox
|
|t:|1758261634
|switch|p2a: Latios|Latios, M, shiny, tera:Steel|100/100|[from] U-turn
|
|-heal|p1a: Gliscor|60/100 tox|[from] ability: Poison Heal
|upkeep
|turn|34
|
|t:|1758261643
|switch|p1a: Slowking|Slowking-Galar, F|100/100
|-damage|p1a: Slowking|88/100|[from] Stealth Rock
|move|p2a: Latios|Draco Meteor|p1a: Slowking
|-damage|p1a: Slowking|38/100
|-unboost|p2a: Latios|spa|2
|
|upkeep
|turn|35
|
|t:|1758261653
|move|p2a: Latios|Draco Meteor|p1a: Slowking
|-damage|p1a: Slowking|14/100
|-unboost|p2a: Latios|spa|2
|-prepare|p1a: Slowking|Chilly Reception|[premajor]
|move|p1a: Slowking|Chilly Reception|p1a: Slowking
|-weather|Snowscape
|
|t:|1758261660
|switch|p1a: Cinderace|Cinderace, F|74/100|[from] Chilly Reception
|-damage|p1a: Cinderace|49/100|[from] Stealth Rock
|
|-weather|Snowscape|[upkeep]
|upkeep
|turn|36
|
|t:|1758261670
|switch|p2a: Pecharunt|Pecharunt|80/100
|-damage|p2a: Pecharunt|64/100|[from] Spikes
|move|p1a: Cinderace|U-turn|p2a: Pecharunt
|-start|p1a: Cinderace|typechange|Bug|[from] ability: Libero
|-resisted|p2a: Pecharunt
|-damage|p2a: Pecharunt|60/100
|
|t:|1758261678
|switch|p1a: Darkrai|Darkrai|100/100|[from] U-turn
|
|-weather|Snowscape|[upkeep]
|upkeep
|turn|37
|
|t:|1758261687
|switch|p2a: Tornadus|Tornadus-Therian, M|100/100
|move|p1a: Darkrai|Dark Pulse|p2a: Tornadus
|-damage|p2a: Tornadus|71/100
|
|-weather|Snowscape|[upkeep]
|upkeep
|turn|38
|
|t:|1758261702
|move|p1a: Darkrai|Nasty Plot|p1a: Darkrai
|-boost|p1a: Darkrai|spa|2
|move|p2a: Tornadus|Bleakwind Storm|p1a: Darkrai
|-damage|p1a: Darkrai|48/100
|
|-weather|Snowscape|[upkeep]
|upkeep
|turn|39
|j| Rocksane
|
|t:|1758261718
|move|p1a: Darkrai|Ice Beam|p2a: Tornadus
|-supereffective|p2a: Tornadus
|-crit|p2a: Tornadus
|-damage|p2a: Tornadus|0 fnt
|faint|p2a: Tornadus
|
|-weather|none
|upkeep
|
|t:|1758261723
|switch|p2a: Zamazenta|Zamazenta|100/100
|turn|40
|
|t:|1758261733
|switch|p1a: Gliscor|Gliscor, F|60/100 tox
|-damage|p1a: Gliscor|48/100 tox|[from] Stealth Rock
|move|p2a: Zamazenta|Close Combat|p1a: Gliscor
|-resisted|p1a: Gliscor
|-damage|p1a: Gliscor|30/100 tox
|-unboost|p2a: Zamazenta|def|1
|-unboost|p2a: Zamazenta|spd|1
|
|-heal|p1a: Gliscor|43/100 tox|[from] ability: Poison Heal
|upkeep
|turn|41
|
|t:|1758261747
|switch|p2a: Latios|Latios, M, shiny, tera:Steel|100/100
|switch|p1a: Cinderace|Cinderace, F|49/100
|-damage|p1a: Cinderace|24/100|[from] Stealth Rock
|
|upkeep
|turn|42
|
|t:|1758261753
|switch|p2a: Zamazenta|Zamazenta|100/100
|move|p1a: Cinderace|Pyro Ball|p2a: Zamazenta
|-damage|p2a: Zamazenta|48/100
|
|upkeep
|turn|43
|
|t:|1758261765
|move|p2a: Zamazenta|Close Combat|p1a: Cinderace
|-damage|p1a: Cinderace|0 fnt
|-unboost|p2a: Zamazenta|def|1
|-unboost|p2a: Zamazenta|spd|1
|faint|p1a: Cinderace
|
|upkeep
|
|t:|1758261772
|switch|p1a: Gliscor|Gliscor, F|43/100 tox
|-damage|p1a: Gliscor|30/100 tox|[from] Stealth Rock
|turn|44
|
|t:|1758261778
|switch|p2a: Latios|Latios, M, shiny, tera:Steel|100/100
|move|p1a: Gliscor|Knock Off|p2a: Latios
|-damage|p2a: Latios|70/100
|-enditem|p2a: Latios|Soul Dew|[from] move: Knock Off|[of] p1a: Gliscor
|
|-heal|p1a: Gliscor|43/100 tox|[from] ability: Poison Heal
|upkeep
|turn|45
|
|t:|1758261788
|switch|p1a: Slowking|Slowking-Galar, F|47/100
|-damage|p1a: Slowking|35/100|[from] Stealth Rock
|move|p2a: Latios|Calm Mind|p2a: Latios
|-boost|p2a: Latios|spa|1
|-boost|p2a: Latios|spd|1
|
|upkeep
|turn|46
|
|t:|1758261798
|move|p2a: Latios|Psychic Noise|p1a: Slowking
|-damage|p1a: Slowking|0 fnt
|faint|p1a: Slowking
|
|upkeep
|
|t:|1758261806
|switch|p1a: Dragapult|Dragapult, F|9/100
|-damage|p1a: Dragapult|0 fnt|[from] Stealth Rock
|faint|p1a: Dragapult
|-message|huida forfeited.
|
|win|Prav33n
|raw|huida's rating: 1636 &rarr; <strong>1622</strong><br />(-14 for losing)
|raw|Prav33n's rating: 1744 &rarr; <strong>1758</strong><br />(+14 for winning)
|l|☆huida
|player|p1|
|j| wgw2333
|l|☆Prav33n
|player|p2|
|l| wgw2333
