|j|☆TheDeivi9
|j|☆hawker_mk5
|t:|1758367526
|gametype|singles
|player|p1|TheDeivi9|102|1448
|player|p2|hawker_mk5|volkner|1539
|gen|9
|tier|[Gen 9] OU
|rated|
|rule|HP Percentage Mod: HP is shown in percentages
|rule|Endless Battle Clause: Forcing endless battles is banned
|rule|Species Clause: Limit one of each Pokémon
|rule|OHKO Clause: OHKO moves are banned
|rule|Evasion Items Clause: Evasion items are banned
|rule|Evasion Moves Clause: Evasion moves are banned
|rule|Evasion Abilities Clause: Evasion abilities are banned
|rule|Sleep Moves Clause: Sleep-inducing moves are banned
|clearpoke
|poke|p1|Gliscor, M|
|poke|p1|Rotom-Wash|
|poke|p1|Darkrai|
|poke|p1|Typhlosion-Hisui, F|
|poke|p1|Jirachi|
|poke|p1|Cresselia, F|
|poke|p2|Scizor, M|
|poke|p2|Great Tusk|
|poke|p2|Primarina, M|
|poke|p2|Kyurem|
|poke|p2|Zapdos|
|poke|p2|Gengar, M|
|teampreview
|inactive|Battle timer is ON: inactive players will automatically lose when time's up. (requested by hawker_mk5)
|
|t:|1758367549
|teamsize|p1|6
|teamsize|p2|6
|start
|switch|p1a: Darkrai|Darkrai|100/100
|switch|p2a: Scizor|Scizor, M|100/100
|turn|1
|
|t:|1758367556
|switch|p1a: Gliscor|Gliscor, M|100/100
|move|p2a: Scizor|U-turn|p1a: Gliscor
|-resisted|p1a: Gliscor
|-damage|p1a: Gliscor|79/100
|
|t:|1758367562
|switch|p2a: Great Tusk|Great Tusk|100/100|[from] U-turn
|
|-status|p1a: Gliscor|tox|[from] item: Toxic Orb
|upkeep
|turn|2
|
|t:|1758367572
|move|p1a: Gliscor|Protect|p1a: Gliscor
|-singleturn|p1a: Gliscor|Protect
|move|p2a: Great Tusk|Stealth Rock|p1a: Gliscor
|-sidestart|p1: TheDeivi9|move: Stealth Rock
|
|-heal|p1a: Gliscor|92/100 tox|[from] ability: Poison Heal
|upkeep
|turn|3
|
|t:|1758367574
|move|p2a: Great Tusk|Ice Spinner|p1a: Gliscor
|-supereffective|p1a: Gliscor
|-crit|p1a: Gliscor
|-damage|p1a: Gliscor|0 fnt
|faint|p1a: Gliscor
|
|upkeep
|
|t:|1758367579
|switch|p1a: Rotom|Rotom-Wash|100/100
|-damage|p1a: Rotom|88/100|[from] Stealth Rock
|turn|4
|
|t:|1758367586
|-end|p2a: Great Tusk|Protosynthesis|[silent]
|switch|p2a: Gengar|Gengar, M|100/100
|move|p1a: Rotom|Hydro Pump|p2a: Gengar
|-damage|p2a: Gengar|20/100
|-start|p1a: Rotom|Disable|Hydro Pump|[from] ability: Cursed Body|[of] p2a: Gengar
|
|upkeep
|turn|5
|
|t:|1758367598
|move|p2a: Gengar|Sludge Bomb|p1a: Rotom
|-damage|p1a: Rotom|27/100
|move|p1a: Rotom|Shadow Ball|p2a: Gengar
|-supereffective|p2a: Gengar
|-crit|p2a: Gengar
|-damage|p2a: Gengar|0 fnt
|faint|p2a: Gengar
|
|upkeep
|
|t:|1758367605
|switch|p2a: Zapdos|Zapdos|100/100
|turn|6
|
|t:|1758367608
|move|p1a: Rotom|Shadow Ball|p2a: Zapdos
|-crit|p2a: Zapdos
|-damage|p2a: Zapdos|68/100
|move|p2a: Zapdos|Volt Switch|p1a: Rotom
|-damage|p1a: Rotom|0 fnt
|faint|p1a: Rotom
|
|t:|1758367625
|switch|p2a: Kyurem|Kyurem|100/100|[from] Volt Switch
|-ability|p2a: Kyurem|Pressure
|
|upkeep
|
|t:|1758367632
|switch|p1a: Jirachi|Jirachi|100/100
|-damage|p1a: Jirachi|94/100|[from] Stealth Rock
|turn|7
|
|t:|1758367641
|switch|p2a: Zapdos|Zapdos|68/100
|move|p1a: Jirachi|Body Slam|p2a: Zapdos
|-damage|p2a: Zapdos|40/100
|-heal|p1a: Jirachi|98/100|[from] item: Shell Bell|[of] p2a: Zapdos
|
|upkeep
|turn|8
|
|t:|1758367652
|move|p1a: Jirachi|Iron Head|p2a: Zapdos
|-resisted|p2a: Zapdos
|-damage|p2a: Zapdos|21/100
|-heal|p1a: Jirachi|99/100|[from] item: Shell Bell|[of] p2a: Zapdos
|cant|p2a: Zapdos|flinch
|
|upkeep
|turn|9
|
|t:|1758367658
|move|p1a: Jirachi|Iron Head|p2a: Zapdos
|-resisted|p2a: Zapdos
|-damage|p2a: Zapdos|1/100
|-heal|p1a: Jirachi|100/100|[from] item: Shell Bell|[of] p2a: Zapdos
|move|p2a: Zapdos|Roost|p2a: Zapdos
|-heal|p2a: Zapdos|51/100
|-singleturn|p2a: Zapdos|move: Roost
|
|upkeep
|turn|10
|
|t:|1758367671
|switch|p2a: Scizor|Scizor, M|100/100
|move|p1a: Jirachi|Iron Head|p2a: Scizor
|-resisted|p2a: Scizor
|-damage|p2a: Scizor|82/100
|
|upkeep
|turn|11
|
|t:|1758367674
|move|p1a: Jirachi|Body Slam|p2a: Scizor
|-resisted|p2a: Scizor
|-damage|p2a: Scizor|68/100
|move|p2a: Scizor|U-turn|p1a: Jirachi
|-damage|p1a: Jirachi|50/100
|
|t:|1758367683
|switch|p2a: Zapdos|Zapdos|51/100|[from] U-turn
|
|upkeep
|turn|12
|
|t:|1758367685
|move|p1a: Jirachi|Iron Head|p2a: Zapdos
|-resisted|p2a: Zapdos
|-damage|p2a: Zapdos|32/100
|-status|p1a: Jirachi|par|[from] ability: Static|[of] p2a: Zapdos
|-heal|p1a: Jirachi|52/100 par|[from] item: Shell Bell|[of] p2a: Zapdos
|move|p2a: Zapdos|Roost|p2a: Zapdos
|-heal|p2a: Zapdos|82/100
|-singleturn|p2a: Zapdos|move: Roost
|
|upkeep
|turn|13
|
|t:|1758367696
|move|p2a: Zapdos|Discharge|p1a: Jirachi
|-damage|p1a: Jirachi|14/100 par
|cant|p1a: Jirachi|par
|
|upkeep
|turn|14
|
|t:|1758367703
|move|p2a: Zapdos|Volt Switch|p1a: Jirachi
|-damage|p1a: Jirachi|0 fnt
|faint|p1a: Jirachi
|
|t:|1758367707
|switch|p2a: Kyurem|Kyurem|100/100|[from] Volt Switch
|-ability|p2a: Kyurem|Pressure
|
|upkeep
|
|t:|1758367721
|switch|p1a: Darkrai|Darkrai|100/100
|-damage|p1a: Darkrai|88/100|[from] Stealth Rock
|turn|15
|
|t:|1758367732
|move|p1a: Darkrai|Focus Blast|p2a: Kyurem|[miss]
|-miss|p1a: Darkrai|p2a: Kyurem
|move|p2a: Kyurem|Dragon Dance|p2a: Kyurem
|-boost|p2a: Kyurem|atk|1
|-boost|p2a: Kyurem|spe|1
|
|upkeep
|turn|16
|
|t:|1758367736
|move|p2a: Kyurem|Icicle Spear|p1a: Darkrai
|-damage|p1a: Darkrai|60/100
|-damage|p1a: Darkrai|32/100
|-damage|p1a: Darkrai|4/100
|-damage|p1a: Darkrai|0 fnt
|faint|p1a: Darkrai
|-hitcount|p1: Darkrai|4
|
|upkeep
|
|t:|1758367740
|switch|p1a: Typhlosion|Typhlosion-Hisui, F|100/100
|-damage|p1a: Typhlosion|76/100|[from] Stealth Rock
|-item|p2a: Kyurem|Loaded Dice|[from] ability: Frisk|[of] p1a: Typhlosion
|turn|17
|
|t:|1758367750
|-terastallize|p2a: Kyurem|Fire
|move|p1a: Typhlosion|Fire Blast|p2a: Kyurem
|-resisted|p2a: Kyurem
|-damage|p2a: Kyurem|71/100
|move|p2a: Kyurem|Scale Shot|p1a: Typhlosion
|-damage|p1a: Typhlosion|45/100
|-damage|p1a: Typhlosion|12/100
|-damage|p1a: Typhlosion|0 fnt
|faint|p1a: Typhlosion
|-hitcount|p1: Typhlosion|3
|-unboost|p2a: Kyurem|def|1
|-boost|p2a: Kyurem|spe|1
|
|upkeep
|
|t:|1758367753
|switch|p1a: Cresselia|Cresselia, F|100/100
|-damage|p1a: Cresselia|88/100|[from] Stealth Rock
|turn|18
|
|t:|1758367765
|move|p2a: Kyurem|Icicle Spear|p1a: Cresselia
|-damage|p1a: Cresselia|73/100
|-damage|p1a: Cresselia|60/100
|-damage|p1a: Cresselia|46/100
|-damage|p1a: Cresselia|31/100
|-damage|p1a: Cresselia|17/100
|-hitcount|p1a: Cresselia|5
|move|p1a: Cresselia|Psyshock|p2a: Kyurem
|-damage|p2a: Kyurem|31/100
|
|-heal|p1a: Cresselia|23/100|[from] item: Leftovers
|upkeep
|turn|19
|l|☆TheDeivi9
|inactive|TheDeivi9 disconnected and has a minute to reconnect!
|player|p1|
|
|t:|1758367776
|move|p2a: Kyurem|Icicle Spear|p1a: Cresselia
|-damage|p1a: Cresselia|9/100
|-damage|p1a: Cresselia|0 fnt
|faint|p1a: Cresselia
|-hitcount|p1: Cresselia|2
|
|win|hawker_mk5
|raw|TheDeivi9's rating: 1448 &rarr; <strong>1433</strong><br />(-15 for losing)
|raw|hawker_mk5's rating: 1539 &rarr; <strong>1554</strong><br />(+15 for winning)
|l|☆hawker_mk5
|player|p2|
