|j|☆Shibuya Arc
|j|☆Naz-sama
|t:|1758347378
|gametype|singles
|player|p1|Shibuya Arc|101|1650
|player|p2|Naz-sama|lady|1598
|gen|9
|tier|[Gen 9] OU
|rated|
|rule|HP Percentage Mod: HP is shown in percentages
|rule|Endless Battle Clause: Forcing endless battles is banned
|rule|Species Clause: Limit one of each Pokémon
|rule|OHKO Clause: OHKO moves are banned
|rule|Evasion Items Clause: Evasion items are banned
|rule|Evasion Moves Clause: Evasion moves are banned
|rule|Evasion Abilities Clause: Evasion abilities are banned
|rule|Sleep Moves Clause: Sleep-inducing moves are banned
|clearpoke
|poke|p1|Dragapult, F|
|poke|p1|Dragonite, F|
|poke|p1|Ting-Lu|
|poke|p1|Weezing-Galar, F|
|poke|p1|Iron Crown|
|poke|p1|Zapdos|
|poke|p2|Pelipper, F|
|poke|p2|Iron Treads|
|poke|p2|Hatterene, F|
|poke|p2|Toxicroak, M|
|poke|p2|Barraskewda, F|
|poke|p2|Talonflame, F|
|teampreview
|inactive|Battle timer is ON: inactive players will automatically lose when time's up. (requested by Naz-sama)
|inactive|Shibuya Arc also wants the timer to be on.
|
|t:|1758347391
|teamsize|p1|6
|teamsize|p2|6
|start
|switch|p1a: Dragonite|Dragonite, F|100/100
|switch|p2a: Pelipper|Pelipper, F|100/100
|-weather|RainDance|[from] ability: Drizzle|[of] p2a: Pelipper
|turn|1
|
|t:|1758347398
|move|p1a: Dragonite|Dragon Dance|p1a: Dragonite
|-boost|p1a: Dragonite|atk|1
|-boost|p1a: Dragonite|spe|1
|move|p2a: Pelipper|U-turn|p1a: Dragonite
|-resisted|p1a: Dragonite
|-damage|p1a: Dragonite|98/100
|
|t:|1758347414
|switch|p2a: Barraskewda|Barraskewda, F|100/100|[from] U-turn
|
|-weather|RainDance|[upkeep]
|upkeep
|turn|2
|
|t:|1758347421
|switch|p1a: Zapdos|Zapdos|100/100
|move|p2a: Barraskewda|Flip Turn|p1a: Zapdos
|-damage|p1a: Zapdos|9/100
|-status|p2a: Barraskewda|par|[from] ability: Static|[of] p1a: Zapdos
|
|t:|1758347428
|switch|p2a: Talonflame|Talonflame, F|100/100|[from] Flip Turn
|
|-weather|RainDance|[upkeep]
|upkeep
|turn|3
|
|t:|1758347435
|move|p2a: Talonflame|Hurricane|p1a: Zapdos
|-resisted|p1a: Zapdos
|-damage|p1a: Zapdos|0 fnt
|faint|p1a: Zapdos
|
|-weather|RainDance|[upkeep]
|upkeep
|
|t:|1758347443
|switch|p1a: Iron Crown|Iron Crown|100/100
|turn|4
|
|t:|1758347457
|switch|p2a: Iron Treads|Iron Treads|100/100
|move|p1a: Iron Crown|Tachyon Cutter|p2a: Iron Treads
|-resisted|p2a: Iron Treads
|-damage|p2a: Iron Treads|85/100
|-resisted|p2a: Iron Treads
|-damage|p2a: Iron Treads|69/100
|-hitcount|p2a: Iron Treads|2
|
|-weather|RainDance|[upkeep]
|-heal|p2a: Iron Treads|75/100|[from] item: Leftovers
|upkeep
|turn|5
|
|t:|1758347468
|-terastallize|p1a: Iron Crown|Steel
|move|p1a: Iron Crown|Tachyon Cutter|p2a: Iron Treads
|-resisted|p2a: Iron Treads
|-damage|p2a: Iron Treads|55/100
|-resisted|p2a: Iron Treads
|-damage|p2a: Iron Treads|35/100
|-hitcount|p2a: Iron Treads|2
|move|p2a: Iron Treads|Stealth Rock|p1a: Iron Crown
|-sidestart|p1: Shibuya Arc|move: Stealth Rock
|
|-weather|RainDance|[upkeep]
|-heal|p2a: Iron Treads|42/100|[from] item: Leftovers
|upkeep
|turn|6
|
|t:|1758347483
|move|p1a: Iron Crown|Tachyon Cutter|p2a: Iron Treads
|-resisted|p2a: Iron Treads
|-damage|p2a: Iron Treads|20/100
|-resisted|p2a: Iron Treads
|-damage|p2a: Iron Treads|1/100
|-hitcount|p2a: Iron Treads|2
|move|p2a: Iron Treads|Volt Switch|p1a: Iron Crown
|-crit|p1a: Iron Crown
|-damage|p1a: Iron Crown|84/100
|
|t:|1758347508
|-end|p2a: Iron Treads|Quark Drive|[silent]
|switch|p2a: Barraskewda|Barraskewda, F|100/100 par|[from] Volt Switch
|
|-weather|RainDance|[upkeep]
|upkeep
|turn|7
|
|t:|1758347514
|-end|p1a: Iron Crown|Quark Drive|[silent]
|switch|p1a: Dragonite|Dragonite, F|98/100
|cant|p2a: Barraskewda|par
|
|-weather|RainDance|[upkeep]
|upkeep
|turn|8
|
|t:|1758347522
|switch|p1a: Iron Crown|Iron Crown, tera:Steel|84/100
|-damage|p1a: Iron Crown|77/100|[from] Stealth Rock
|move|p2a: Barraskewda|Flip Turn|p1a: Iron Crown
|-damage|p1a: Iron Crown|0 fnt
|faint|p1a: Iron Crown
|-end|p1a: Iron Crown|Quark Drive|[silent]
|
|t:|1758347538
|switch|p2a: Talonflame|Talonflame, F|100/100|[from] Flip Turn
|
|-weather|none
|upkeep
|
|t:|1758347544
|switch|p1a: Ting-Lu|Ting-Lu|100/100
|-damage|p1a: Ting-Lu|94/100|[from] Stealth Rock
|-ability|p1a: Ting-Lu|Vessel of Ruin
|turn|9
|
|t:|1758347550
|switch|p2a: Pelipper|Pelipper, F|100/100
|-weather|RainDance|[from] ability: Drizzle|[of] p2a: Pelipper
|move|p1a: Ting-Lu|Ruination|p2a: Pelipper
|-damage|p2a: Pelipper|51/100
|
|-weather|RainDance|[upkeep]
|-heal|p1a: Ting-Lu|100/100|[from] item: Leftovers
|upkeep
|turn|10
|
|t:|1758347562
|switch|p2a: Iron Treads|Iron Treads|1/100
|move|p1a: Ting-Lu|Stealth Rock|p2a: Iron Treads
|-sidestart|p2: Naz-sama|move: Stealth Rock
|
|-weather|RainDance|[upkeep]
|-heal|p2a: Iron Treads|7/100|[from] item: Leftovers
|upkeep
|turn|11
|
|t:|1758347572
|switch|p1a: Dragapult|Dragapult, F|100/100
|move|p2a: Iron Treads|Rapid Spin|p1a: Dragapult
|-immune|p1a: Dragapult
|
|-weather|RainDance|[upkeep]
|-heal|p2a: Iron Treads|14/100|[from] item: Leftovers
|upkeep
|turn|12
|j| youkemin
|l| youkemin
|
|t:|1758347582
|-end|p2a: Iron Treads|Quark Drive|[silent]
|switch|p2a: Hatterene|Hatterene, F|100/100
|-damage|p2a: Hatterene|88/100|[from] Stealth Rock
|move|p1a: Dragapult|Hex|p2a: Hatterene
|-supereffective|p2a: Hatterene
|-damage|p2a: Hatterene|32/100
|-enditem|p2a: Hatterene|Eject Button
|
|t:|1758347602
|switch|p2a: Toxicroak|Toxicroak, M|100/100
|-damage|p2a: Toxicroak|94/100|[from] Stealth Rock
|
|-weather|RainDance|[upkeep]
|-heal|p2a: Toxicroak|100/100|[from] ability: Dry Skin
|upkeep
|turn|13
|
|t:|1758347610
|move|p1a: Dragapult|Will-O-Wisp|p2a: Toxicroak|[miss]
|-miss|p1a: Dragapult|p2a: Toxicroak
|move|p2a: Toxicroak|Knock Off|p1a: Dragapult
|-supereffective|p1a: Dragapult
|-damage|p1a: Dragapult|36/100
|-enditem|p1a: Dragapult|Heavy-Duty Boots|[from] move: Knock Off|[of] p2a: Toxicroak
|
|-weather|RainDance|[upkeep]
|upkeep
|turn|14
|inactive|Naz-sama has 120 seconds left.
|
|t:|1758347642
|switch|p2a: Hatterene|Hatterene, F|32/100
|-damage|p2a: Hatterene|19/100|[from] Stealth Rock
|move|p1a: Dragapult|Will-O-Wisp|p2a: Hatterene
|move|p2a: Hatterene|Will-O-Wisp|p1a: Dragapult|[from] ability: Magic Bounce
|-status|p1a: Dragapult|brn
|
|-weather|RainDance|[upkeep]
|-damage|p1a: Dragapult|30/100 brn|[from] brn
|upkeep
|turn|15
|
|t:|1758347657
|move|p1a: Dragapult|Hex|p2a: Hatterene
|-supereffective|p2a: Hatterene
|-damage|p2a: Hatterene|0 fnt
|faint|p2a: Hatterene
|
|-weather|RainDance|[upkeep]
|-damage|p1a: Dragapult|24/100 brn|[from] brn
|upkeep
|
|t:|1758347666
|switch|p2a: Barraskewda|Barraskewda, F|100/100 par
|-damage|p2a: Barraskewda|88/100 par|[from] Stealth Rock
|turn|16
|j| Ctannn
|
|t:|1758347672
|move|p2a: Barraskewda|Aqua Jet|p1a: Dragapult
|-resisted|p1a: Dragapult
|-damage|p1a: Dragapult|0 fnt
|-start|p2a: Barraskewda|Disable|Aqua Jet|[from] ability: Cursed Body|[of] p1a: Dragapult
|faint|p1a: Dragapult
|
|-weather|none
|upkeep
|
|t:|1758347681
|switch|p1a: Dragonite|Dragonite, F|98/100
|turn|17
|inactive|Naz-sama has 120 seconds left.
|
|t:|1758347696
|switch|p2a: Pelipper|Pelipper, F|51/100
|-damage|p2a: Pelipper|26/100|[from] Stealth Rock
|-weather|RainDance|[from] ability: Drizzle|[of] p2a: Pelipper
|move|p1a: Dragonite|Dragon Dance|p1a: Dragonite
|-boost|p1a: Dragonite|atk|1
|-boost|p1a: Dragonite|spe|1
|
|-weather|RainDance|[upkeep]
|upkeep
|turn|18
|inactive|Naz-sama has 120 seconds left.
|
|t:|1758347703
|move|p1a: Dragonite|Extreme Speed|p2a: Pelipper
|-damage|p2a: Pelipper|0 fnt
|faint|p2a: Pelipper
|
|-weather|RainDance|[upkeep]
|upkeep
|inactive|Naz-sama has 120 seconds left.
|
|t:|1758347710
|switch|p2a: Toxicroak|Toxicroak, M|100/100
|-damage|p2a: Toxicroak|94/100|[from] Stealth Rock
|turn|19
|inactive|Naz-sama has 120 seconds left.
|
|t:|1758347722
|-terastallize|p2a: Toxicroak|Flying
|move|p1a: Dragonite|Earthquake|p2a: Toxicroak
|-immune|p2a: Toxicroak
|move|p2a: Toxicroak|Encore|p1a: Dragonite
|-start|p1a: Dragonite|Encore
|
|-weather|RainDance|[upkeep]
|-heal|p2a: Toxicroak|100/100|[from] ability: Dry Skin
|upkeep
|turn|20
|
|t:|1758347729
|switch|p1a: Weezing|Weezing-Galar, F|100/100
|-ability|p1a: Weezing|Neutralizing Gas
|move|p2a: Toxicroak|Knock Off|p1a: Weezing
|-resisted|p1a: Weezing
|-damage|p1a: Weezing|93/100
|-enditem|p1a: Weezing|Heavy-Duty Boots|[from] move: Knock Off|[of] p2a: Toxicroak
|
|-weather|RainDance|[upkeep]
|upkeep
|turn|21
|
|t:|1758347742
|-end|p1a: Weezing|ability: Neutralizing Gas
|switch|p1a: Dragonite|Dragonite, F|98/100
|move|p2a: Toxicroak|Encore||[still]
|-fail|p2a: Toxicroak
|
|-weather|RainDance|[upkeep]
|upkeep
|turn|22
|
|t:|1758347748
|move|p1a: Dragonite|Extreme Speed|p2a: Toxicroak
|-damage|p2a: Toxicroak|73/100
|-damage|p1a: Dragonite|82/100|[from] item: Rocky Helmet|[of] p2a: Toxicroak
|move|p2a: Toxicroak|Knock Off|p1a: Dragonite
|-damage|p1a: Dragonite|56/100
|-enditem|p1a: Dragonite|Heavy-Duty Boots|[from] move: Knock Off|[of] p2a: Toxicroak
|
|-weather|RainDance|[upkeep]
|-heal|p2a: Toxicroak|86/100|[from] ability: Dry Skin
|upkeep
|turn|23
|
|t:|1758347756
|move|p1a: Dragonite|Roost|p1a: Dragonite
|-heal|p1a: Dragonite|100/100
|-singleturn|p1a: Dragonite|move: Roost
|move|p2a: Toxicroak|Toxic|p1a: Dragonite
|-status|p1a: Dragonite|tox
|
|-weather|RainDance|[upkeep]
|-heal|p2a: Toxicroak|98/100|[from] ability: Dry Skin
|-damage|p1a: Dragonite|94/100 tox|[from] psn
|upkeep
|turn|24
|
|t:|1758347768
|switch|p1a: Weezing|Weezing-Galar, F|93/100
|-ability|p1a: Weezing|Neutralizing Gas
|-damage|p1a: Weezing|81/100|[from] Stealth Rock
|move|p2a: Toxicroak|Knock Off|p1a: Weezing
|-resisted|p1a: Weezing
|-damage|p1a: Weezing|76/100
|
|-weather|none
|upkeep
|turn|25
|
|t:|1758347791
|switch|p2a: Barraskewda|Barraskewda, F|88/100 par
|-damage|p2a: Barraskewda|76/100 par|[from] Stealth Rock
|move|p1a: Weezing|Will-O-Wisp|p2a: Barraskewda|[miss]
|-miss|p1a: Weezing|p2a: Barraskewda
|
|upkeep
|turn|26
|
|t:|1758347803
|-end|p1a: Weezing|ability: Neutralizing Gas
|switch|p1a: Dragonite|Dragonite, F|94/100 tox
|-damage|p1a: Dragonite|70/100 tox|[from] Stealth Rock
|move|p2a: Barraskewda|Liquidation|p1a: Dragonite
|-resisted|p1a: Dragonite
|-damage|p1a: Dragonite|31/100 tox
|
|-damage|p1a: Dragonite|25/100 tox|[from] psn
|upkeep
|turn|27
|
|t:|1758347823
|switch|p2a: Toxicroak|Toxicroak, M, tera:Flying|98/100
|-damage|p2a: Toxicroak|73/100|[from] Stealth Rock
|move|p1a: Dragonite|Roost|p1a: Dragonite
|-heal|p1a: Dragonite|75/100 tox
|-singleturn|p1a: Dragonite|move: Roost
|
|-damage|p1a: Dragonite|63/100 tox|[from] psn
|upkeep
|turn|28
|
|t:|1758347830
|move|p1a: Dragonite|Extreme Speed|p2a: Toxicroak
|-damage|p2a: Toxicroak|46/100
|-damage|p1a: Dragonite|46/100 tox|[from] item: Rocky Helmet|[of] p2a: Toxicroak
|move|p2a: Toxicroak|Encore|p1a: Dragonite
|-start|p1a: Dragonite|Encore
|
|-damage|p1a: Dragonite|28/100 tox|[from] psn
|upkeep
|turn|29
|
|t:|1758347837
|move|p1a: Dragonite|Extreme Speed|p2a: Toxicroak
|-damage|p2a: Toxicroak|18/100
|-damage|p1a: Dragonite|12/100 tox|[from] item: Rocky Helmet|[of] p2a: Toxicroak
|move|p2a: Toxicroak|Drain Punch|p1a: Dragonite
|-resisted|p1a: Dragonite
|-damage|p1a: Dragonite|0 fnt
|-heal|p2a: Toxicroak|23/100|[from] drain|[of] p1a: Dragonite
|faint|p1a: Dragonite
|
|upkeep
|
|t:|1758347844
|switch|p1a: Weezing|Weezing-Galar, F|76/100
|-ability|p1a: Weezing|Neutralizing Gas
|-damage|p1a: Weezing|64/100|[from] Stealth Rock
|turn|30
|j| tetration
|
|t:|1758347862
|switch|p2a: Barraskewda|Barraskewda, F|76/100 par
|-damage|p2a: Barraskewda|64/100 par|[from] Stealth Rock
|move|p1a: Weezing|Will-O-Wisp||[still]
|-fail|p1a: Weezing
|
|upkeep
|turn|31
|
|t:|1758347869
|cant|p2a: Barraskewda|par
|move|p1a: Weezing|Toxic Spikes|p2a: Barraskewda
|-sidestart|p2: Naz-sama|move: Toxic Spikes
|
|upkeep
|turn|32
|
|t:|1758347875
|move|p2a: Barraskewda|Liquidation|p1a: Weezing
|-damage|p1a: Weezing|16/100
|move|p1a: Weezing|Will-O-Wisp||[still]
|-fail|p1a: Weezing
|
|upkeep
|turn|33
|
|t:|1758347881
|cant|p2a: Barraskewda|par
|move|p1a: Weezing|Toxic Spikes|p2a: Barraskewda
|-sidestart|p2: Naz-sama|move: Toxic Spikes
|
|upkeep
|turn|34
|
|t:|1758347887
|move|p2a: Barraskewda|Liquidation|p1a: Weezing
|-damage|p1a: Weezing|0 fnt
|faint|p1a: Weezing
|-end|p1a: Weezing|ability: Neutralizing Gas
|
|upkeep
|
|t:|1758347894
|switch|p1a: Ting-Lu|Ting-Lu|100/100
|-damage|p1a: Ting-Lu|94/100|[from] Stealth Rock
|-ability|p1a: Ting-Lu|Vessel of Ruin
|turn|35
|
|t:|1758347900
|move|p2a: Barraskewda|Liquidation|p1a: Ting-Lu
|-supereffective|p1a: Ting-Lu
|-damage|p1a: Ting-Lu|21/100
|move|p1a: Ting-Lu|Earthquake|p2a: Barraskewda
|-damage|p2a: Barraskewda|0 fnt
|faint|p2a: Barraskewda
|
|-heal|p1a: Ting-Lu|28/100|[from] item: Leftovers
|upkeep
|
|t:|1758347907
|switch|p2a: Iron Treads|Iron Treads|14/100
|-damage|p2a: Iron Treads|10/100|[from] Stealth Rock
|turn|36
|
|t:|1758347913
|move|p2a: Iron Treads|Rapid Spin|p1a: Ting-Lu
|-damage|p1a: Ting-Lu|21/100
|-boost|p2a: Iron Treads|spe|1
|-sideend|p2: Naz-sama|Toxic Spikes|[from] move: Rapid Spin|[of] p2a: Iron Treads
|-sideend|p2: Naz-sama|Stealth Rock|[from] move: Rapid Spin|[of] p2a: Iron Treads
|move|p1a: Ting-Lu|Whirlwind|p2a: Iron Treads
|-end|p2a: Iron Treads|Quark Drive|[silent]
|drag|p2a: Toxicroak|Toxicroak, M, tera:Flying|23/100
|
|-heal|p1a: Ting-Lu|27/100|[from] item: Leftovers
|upkeep
|turn|37
|
|t:|1758347920
|move|p2a: Toxicroak|Drain Punch|p1a: Ting-Lu
|-supereffective|p1a: Ting-Lu
|-damage|p1a: Ting-Lu|0 fnt
|-heal|p2a: Toxicroak|42/100|[from] drain|[of] p1a: Ting-Lu
|faint|p1a: Ting-Lu
|
|win|Naz-sama
|raw|Shibuya Arc's rating: 1650 &rarr; <strong>1627</strong><br />(-23 for losing)
|raw|Naz-sama's rating: 1598 &rarr; <strong>1621</strong><br />(+23 for winning)
|l|☆Shibuya Arc
|player|p1|
