|j|☆FruitAtTheBottom
|j|☆besutwo
|t:|1758327068
|gametype|singles
|player|p1|FruitAtTheBottom|169|1501
|player|p2|besutwo|dancer|1448
|gen|9
|tier|[Gen 9] OU
|rated|
|rule|HP Percentage Mod: HP is shown in percentages
|rule|Endless Battle Clause: Forcing endless battles is banned
|rule|Species Clause: Limit one of each Pokémon
|rule|OHKO Clause: OHKO moves are banned
|rule|Evasion Items Clause: Evasion items are banned
|rule|Evasion Moves Clause: Evasion moves are banned
|rule|Evasion Abilities Clause: Evasion abilities are banned
|rule|Sleep Moves Clause: Sleep-inducing moves are banned
|clearpoke
|poke|p1|Hatterene, F|
|poke|p1|Kyurem|
|poke|p1|Darkrai|
|poke|p1|Landorus-Therian, M|
|poke|p1|Iron Treads|
|poke|p1|Ogerpon-Wellspring, F|
|poke|p2|Chesnaught, M|
|poke|p2|Muk-Alola, F|
|poke|p2|Hatterene, F|
|poke|p2|Ogerpon-Cornerstone, F|
|poke|p2|Regidrago|
|poke|p2|Gholdengo|
|teampreview
|inactive|Battle timer is ON: inactive players will automatically lose when time's up. (requested by besutwo)
|
|t:|1758327087
|teamsize|p1|6
|teamsize|p2|6
|start
|switch|p1a: Landorus|Landorus-Therian, M|100/100
|switch|p2a: Chesnaught|Chesnaught, M|100/100
|-ability|p1a: Landorus|Intimidate|boost
|-unboost|p2a: Chesnaught|atk|1
|turn|1
|
|t:|1758327096
|switch|p2a: Hatterene|Hatterene, F|100/100
|move|p1a: Landorus|U-turn|p2a: Hatterene
|-damage|p2a: Hatterene|74/100
|
|t:|1758327104
|switch|p1a: Iron Treads|Iron Treads|100/100|[from] U-turn
|
|upkeep
|turn|2
|
|t:|1758327109
|switch|p2a: Chesnaught|Chesnaught, M|100/100
|move|p1a: Iron Treads|Earthquake|p2a: Chesnaught
|-resisted|p2a: Chesnaught
|-damage|p2a: Chesnaught|90/100
|
|upkeep
|turn|3
|
|t:|1758327117
|-end|p1a: Iron Treads|Quark Drive|[silent]
|switch|p1a: Hatterene|Hatterene, F|100/100
|switch|p2a: Hatterene|Hatterene, F|74/100
|
|upkeep
|turn|4
|
|t:|1758327122
|switch|p2a: Gholdengo|Gholdengo, shiny|100/100
|move|p1a: Hatterene|Nuzzle|p2a: Gholdengo
|-crit|p2a: Gholdengo
|-damage|p2a: Gholdengo|94/100
|-status|p2a: Gholdengo|par
|
|upkeep
|turn|5
|
|t:|1758327131
|switch|p1a: Iron Treads|Iron Treads|100/100
|move|p2a: Gholdengo|Shadow Ball|p1a: Iron Treads
|-damage|p1a: Iron Treads|43/100
|
|upkeep
|turn|6
|
|t:|1758327138
|-end|p1a: Iron Treads|Quark Drive|[silent]
|switch|p1a: Darkrai|Darkrai|100/100
|switch|p2a: Chesnaught|Chesnaught, M|90/100
|
|upkeep
|turn|7
|
|t:|1758327155
|switch|p2a: Muk|Muk-Alola, F, shiny|100/100
|-terastallize|p1a: Darkrai|Poison
|move|p1a: Darkrai|Ice Beam|p2a: Muk
|-damage|p2a: Muk|77/100
|-status|p2a: Muk|frz
|
|upkeep
|turn|8
|
|t:|1758327162
|switch|p1a: Kyurem|Kyurem|100/100
|-ability|p1a: Kyurem|Pressure
|cant|p2a: Muk|frz
|
|upkeep
|turn|9
|
|t:|1758327173
|switch|p2a: Gholdengo|Gholdengo, shiny|94/100 par
|move|p1a: Kyurem|Icicle Spear|p2a: Gholdengo
|-resisted|p2a: Gholdengo
|-damage|p2a: Gholdengo|87/100 par
|-resisted|p2a: Gholdengo
|-damage|p2a: Gholdengo|79/100 par
|-resisted|p2a: Gholdengo
|-damage|p2a: Gholdengo|72/100 par
|-resisted|p2a: Gholdengo
|-damage|p2a: Gholdengo|65/100 par
|-resisted|p2a: Gholdengo
|-damage|p2a: Gholdengo|59/100 par
|-hitcount|p2a: Gholdengo|5
|
|upkeep
|turn|10
|
|t:|1758327185
|switch|p1a: Iron Treads|Iron Treads|43/100
|move|p2a: Gholdengo|Make It Rain|p1a: Iron Treads
|-resisted|p1a: Iron Treads
|-damage|p1a: Iron Treads|3/100
|-unboost|p2a: Gholdengo|spa|1
|
|upkeep
|turn|11
|
|t:|1758327199
|-end|p1a: Iron Treads|Quark Drive|[silent]
|switch|p1a: Landorus|Landorus-Therian, M|100/100
|-ability|p1a: Landorus|Intimidate|boost
|-unboost|p2a: Gholdengo|atk|1
|switch|p2a: Hatterene|Hatterene, F|74/100
|
|upkeep
|turn|12
|
|t:|1758327204
|move|p1a: Landorus|Earthquake|p2a: Hatterene
|-damage|p2a: Hatterene|26/100
|move|p2a: Hatterene|Future Sight|p1a: Landorus
|-start|p2a: Hatterene|move: Future Sight
|
|upkeep
|turn|13
|
|t:|1758327216
|move|p2a: Hatterene|Endure|p2a: Hatterene
|-singleturn|p2a: Hatterene|move: Endure
|move|p1a: Landorus|Earthquake|p2a: Hatterene
|-activate|p2a: Hatterene|move: Endure
|-damage|p2a: Hatterene|1/100
|
|upkeep
|turn|14
|-enditem|p2a: Hatterene|Custap Berry|[eat]
|-activate|p2a: Hatterene|item: Custap Berry|[consumed]
|
|t:|1758327221
|switch|p1a: Iron Treads|Iron Treads|3/100
|move|p2a: Hatterene|Healing Wish|p2a: Hatterene
|faint|p2a: Hatterene
|
|-end|p1a: Iron Treads|move: Future Sight
|-resisted|p1a: Iron Treads
|-damage|p1a: Iron Treads|0 fnt
|faint|p1a: Iron Treads
|-end|p1a: Iron Treads|Quark Drive|[silent]
|upkeep
|
|t:|1758327241
|switch|p1a: Landorus|Landorus-Therian, M|100/100
|switch|p2a: Regidrago|Regidrago, shiny|100/100
|-ability|p1a: Landorus|Intimidate|boost
|-unboost|p2a: Regidrago|atk|1
|turn|15
|
|t:|1758327247
|move|p2a: Regidrago|Dragon Energy|p1a: Landorus
|-damage|p1a: Landorus|0 fnt
|faint|p1a: Landorus
|
|upkeep
|
|t:|1758327252
|switch|p1a: Hatterene|Hatterene, F|100/100
|turn|16
|
|t:|1758327264
|switch|p2a: Gholdengo|Gholdengo, shiny|59/100 par
|-heal|p2a: Gholdengo|100/100|[from] move: Healing Wish
|move|p1a: Hatterene|Psychic Noise|p2a: Gholdengo
|-resisted|p2a: Gholdengo
|-damage|p2a: Gholdengo|82/100
|-start|p2a: Gholdengo|move: Heal Block
|
|upkeep
|turn|17
|
|t:|1758327270
|switch|p1a: Ogerpon|Ogerpon-Wellspring, F|100/100
|move|p2a: Gholdengo|Shadow Ball|p1a: Ogerpon
|-damage|p1a: Ogerpon|19/100
|
|-end|p2a: Gholdengo|move: Heal Block
|upkeep
|turn|18
|
|t:|1758327273
|switch|p2a: Chesnaught|Chesnaught, M|90/100
|move|p1a: Ogerpon|Ivy Cudgel|p2a: Chesnaught|[anim] Ivy Cudgel Water
|-resisted|p2a: Chesnaught
|-crit|p2a: Chesnaught
|-damage|p2a: Chesnaught|68/100
|
|upkeep
|turn|19
|
|t:|1758327279
|switch|p1a: Hatterene|Hatterene, F|100/100
|move|p2a: Chesnaught|Body Press|p1a: Hatterene
|-resisted|p1a: Hatterene
|-damage|p1a: Hatterene|93/100
|
|-heal|p1a: Hatterene|99/100|[from] item: Leftovers
|upkeep
|turn|20
|
|t:|1758327287
|switch|p2a: Muk|Muk-Alola, F, shiny|77/100 frz
|switch|p1a: Kyurem|Kyurem|100/100
|-ability|p1a: Kyurem|Pressure
|
|upkeep
|turn|21
|
|t:|1758327307
|move|p1a: Kyurem|Icicle Spear|p2a: Muk
|-damage|p2a: Muk|61/100 frz
|-damage|p2a: Muk|47/100 frz
|-damage|p2a: Muk|33/100 frz
|-damage|p2a: Muk|16/100 frz
|-hitcount|p2a: Muk|4
|-curestatus|p2a: Muk|frz|[msg]
|move|p2a: Muk|Drain Punch|p1a: Kyurem
|-supereffective|p1a: Kyurem
|-damage|p1a: Kyurem|55/100
|-heal|p2a: Muk|38/100|[from] drain|[of] p1a: Kyurem
|
|upkeep
|turn|22
|inactive|besutwo has 120 seconds left.
|
|t:|1758327331
|move|p1a: Kyurem|Icicle Spear|p2a: Muk
|-damage|p2a: Muk|24/100
|-damage|p2a: Muk|9/100
|-damage|p2a: Muk|0 fnt
|faint|p2a: Muk
|-hitcount|p2: Muk|3
|
|upkeep
|
|t:|1758327333
|switch|p2a: Ogerpon|Ogerpon-Cornerstone, F|100/100
|turn|23
|
|t:|1758327342
|switch|p1a: Ogerpon|Ogerpon-Wellspring, F|19/100
|move|p2a: Ogerpon|Ivy Cudgel|p1a: Ogerpon|[anim] Ivy Cudgel Rock
|-damage|p1a: Ogerpon|0 fnt
|faint|p1a: Ogerpon
|
|upkeep
|
|t:|1758327360
|switch|p1a: Darkrai|Darkrai, tera:Poison|100/100
|turn|24
|
|t:|1758327383
|switch|p2a: Chesnaught|Chesnaught, M|68/100
|move|p1a: Darkrai|Dark Pulse|p2a: Chesnaught
|-resisted|p2a: Chesnaught
|-damage|p2a: Chesnaught|32/100
|
|upkeep
|turn|25
|
|t:|1758327391
|move|p1a: Darkrai|Dark Pulse|p2a: Chesnaught
|-resisted|p2a: Chesnaught
|-damage|p2a: Chesnaught|0 fnt
|faint|p2a: Chesnaught
|
|upkeep
|
|t:|1758327399
|switch|p2a: Gholdengo|Gholdengo, shiny|82/100
|turn|26
|
|t:|1758327418
|-terastallize|p2a: Gholdengo|Fairy
|move|p1a: Darkrai|Dark Pulse|p2a: Gholdengo
|-resisted|p2a: Gholdengo
|-damage|p2a: Gholdengo|50/100
|cant|p2a: Gholdengo|flinch
|
|upkeep
|turn|27
|
|t:|1758327426
|move|p1a: Darkrai|Dark Pulse|p2a: Gholdengo
|-resisted|p2a: Gholdengo
|-damage|p2a: Gholdengo|16/100
|move|p2a: Gholdengo|Make It Rain|p1a: Darkrai
|-damage|p1a: Darkrai|0 fnt
|-unboost|p2a: Gholdengo|spa|1
|faint|p1a: Darkrai
|
|upkeep
|
|t:|1758327447
|switch|p1a: Kyurem|Kyurem|55/100
|-ability|p1a: Kyurem|Pressure
|turn|28
|
|t:|1758327455
|move|p1a: Kyurem|Icicle Spear|p2a: Gholdengo
|-damage|p2a: Gholdengo|3/100
|-damage|p2a: Gholdengo|0 fnt
|faint|p2a: Gholdengo
|-hitcount|p2: Gholdengo|2
|
|upkeep
|
|t:|1758327457
|switch|p2a: Ogerpon|Ogerpon-Cornerstone, F|100/100
|turn|29
|
|t:|1758327464
|move|p2a: Ogerpon|Ivy Cudgel|p1a: Kyurem|[anim] Ivy Cudgel Rock
|-supereffective|p1a: Kyurem
|-damage|p1a: Kyurem|0 fnt
|faint|p1a: Kyurem
|
|upkeep
|
|t:|1758327466
|switch|p1a: Hatterene|Hatterene, F|99/100
|turn|30
|
|t:|1758327472
|move|p2a: Ogerpon|Ivy Cudgel|p1a: Hatterene|[anim] Ivy Cudgel Rock
|-damage|p1a: Hatterene|55/100
|move|p1a: Hatterene|Nuzzle|p2a: Ogerpon
|-resisted|p2a: Ogerpon
|-damage|p2a: Ogerpon|98/100
|-status|p2a: Ogerpon|par
|
|-heal|p1a: Hatterene|61/100|[from] item: Leftovers
|upkeep
|turn|31
|
|t:|1758327476
|move|p2a: Ogerpon|Ivy Cudgel|p1a: Hatterene|[anim] Ivy Cudgel Rock
|-damage|p1a: Hatterene|18/100
|move|p1a: Hatterene|Psychic Noise|p2a: Ogerpon
|-damage|p2a: Ogerpon|60/100 par
|-start|p2a: Ogerpon|move: Heal Block
|
|-heal|p1a: Hatterene|24/100|[from] item: Leftovers
|upkeep
|turn|32
|
|t:|1758327481
|move|p2a: Ogerpon|Ivy Cudgel|p1a: Hatterene|[anim] Ivy Cudgel Rock
|-crit|p1a: Hatterene
|-damage|p1a: Hatterene|0 fnt
|faint|p1a: Hatterene
|
|win|besutwo
|raw|FruitAtTheBottom's rating: 1501 &rarr; <strong>1478</strong><br />(-23 for losing)
|raw|besutwo's rating: 1448 &rarr; <strong>1471</strong><br />(+23 for winning)
|l|☆FruitAtTheBottom
|player|p1|
|l|☆besutwo
|player|p2|
