|j|☆Sleo2123
|j|☆NotClevey
|t:|1758377764
|gametype|singles
|player|p1|Sleo2123|2|1347
|player|p2|NotClevey|pryce|1327
|gen|9
|tier|[Gen 9] OU
|rated|
|rule|HP Percentage Mod: HP is shown in percentages
|rule|Endless Battle Clause: Forcing endless battles is banned
|rule|Species Clause: Limit one of each Pokémon
|rule|OHKO Clause: OHKO moves are banned
|rule|Evasion Items Clause: Evasion items are banned
|rule|Evasion Moves Clause: Evasion moves are banned
|rule|Evasion Abilities Clause: Evasion abilities are banned
|rule|Sleep Moves Clause: Sleep-inducing moves are banned
|clearpoke
|poke|p1|Zapdos|
|poke|p1|Scizor, F|
|poke|p1|Ogerpon-Wellspring, F|
|poke|p1|Slowking-Galar, F|
|poke|p1|Great Tusk|
|poke|p1|Dragonite, M|
|poke|p2|Walking Wake|
|poke|p2|Sandy Shocks|
|poke|p2|Torkoal, M|
|poke|p2|Dragonite, F|
|poke|p2|Corviknight, F|
|poke|p2|Alomomola, F|
|teampreview
|inactive|Battle timer is ON: inactive players will automatically lose when time's up. (requested by NotClevey)
|inactive|NotClevey has 120 seconds left.
|c|☆NotClevey|where is your pelipper bro
|
|t:|1758377801
|teamsize|p1|6
|teamsize|p2|6
|start
|switch|p1a: Ogerpon|Ogerpon-Wellspring, F|100/100
|switch|p2a: Groudon.|Torkoal, M|100/100
|-weather|SunnyDay|[from] ability: Drought|[of] p2a: Groudon.
|turn|1
|
|t:|1758377813
|switch|p2a: 钢骑士|Corviknight, F, shiny|100/100
|move|p1a: Ogerpon|Swords Dance|p1a: Ogerpon
|-boost|p1a: Ogerpon|atk|2
|
|-weather|SunnyDay|[upkeep]
|upkeep
|turn|2
|
|t:|1758377833
|move|p1a: Ogerpon|Knock Off|p2a: 钢骑士
|-damage|p2a: 钢骑士|38/100
|-enditem|p2a: 钢骑士|Heavy-Duty Boots|[from] move: Knock Off|[of] p1a: Ogerpon
|move|p2a: 钢骑士|Brave Bird|p1a: Ogerpon
|-supereffective|p1a: Ogerpon
|-damage|p1a: Ogerpon|4/100
|-damage|p2a: 钢骑士|14/100|[from] Recoil
|
|-weather|SunnyDay|[upkeep]
|upkeep
|turn|3
|
|t:|1758377842
|move|p1a: Ogerpon|Trailblaze|p2a: 钢骑士
|-resisted|p2a: 钢骑士
|-damage|p2a: 钢骑士|2/100
|-boost|p1a: Ogerpon|spe|1
|move|p2a: 钢骑士|U-turn|p1a: Ogerpon
|-supereffective|p1a: Ogerpon
|-damage|p1a: Ogerpon|0 fnt
|faint|p1a: Ogerpon
|
|t:|1758377858
|switch|p2a: 储水硬接流星群|Walking Wake|100/100|[from] U-turn
|-activate|p2a: 储水硬接流星群|ability: Protosynthesis
|-start|p2a: 储水硬接流星群|protosynthesisspe
|
|-weather|SunnyDay|[upkeep]
|upkeep
|
|t:|1758377880
|switch|p1a: Slowking|Slowking-Galar, F|100/100
|turn|4
|
|t:|1758377897
|move|p2a: 储水硬接流星群|Flip Turn|p1a: Slowking
|-damage|p1a: Slowking|93/100
|
|t:|1758377900
|-end|p2a: 储水硬接流星群|Protosynthesis|[silent]
|switch|p2a: 地鸣雷震寒意生|Sandy Shocks, shiny|100/100|[from] Flip Turn
|-activate|p2a: 地鸣雷震寒意生|ability: Protosynthesis
|-start|p2a: 地鸣雷震寒意生|protosynthesisspa
|move|p1a: Slowking|Sludge Bomb|p2a: 地鸣雷震寒意生
|-resisted|p2a: 地鸣雷震寒意生
|-damage|p2a: 地鸣雷震寒意生|75/100
|
|-weather|SunnyDay|[upkeep]
|upkeep
|turn|5
|inactive|Sleo2123 has 120 seconds left.
|
|t:|1758377951
|switch|p1a: Zapdos|Zapdos|100/100
|-ability|p1a: Zapdos|Pressure
|move|p2a: 地鸣雷震寒意生|Volt Switch|p1a: Zapdos
|-damage|p1a: Zapdos|46/100
|
|t:|1758377958
|-end|p2a: 地鸣雷震寒意生|Protosynthesis|[silent]
|switch|p2a: 储水硬接流星群|Walking Wake|100/100|[from] Volt Switch
|-activate|p2a: 储水硬接流星群|ability: Protosynthesis
|-start|p2a: 储水硬接流星群|protosynthesisspe
|
|-weather|SunnyDay|[upkeep]
|upkeep
|turn|6
|
|t:|1758377982
|move|p2a: 储水硬接流星群|Hydro Steam|p1a: Zapdos
|-damage|p1a: Zapdos|0 fnt
|faint|p1a: Zapdos
|
|-weather|SunnyDay|[upkeep]
|upkeep
|
|t:|1758377985
|switch|p1a: Slowking|Slowking-Galar, F|100/100
|turn|7
|
|t:|1758377992
|move|p2a: 储水硬接流星群|Hydro Steam|p1a: Slowking
|-damage|p1a: Slowking|53/100
|move|p1a: Slowking|Ice Beam|p2a: 储水硬接流星群
|-crit|p2a: 储水硬接流星群
|-damage|p2a: 储水硬接流星群|51/100
|
|-weather|SunnyDay|[upkeep]
|upkeep
|turn|8
|
|t:|1758378012
|-end|p2a: 储水硬接流星群|Protosynthesis|[silent]
|switch|p2a: PinklePinkle|Alomomola, F|100/100
|move|p1a: Slowking|Sludge Bomb|p2a: PinklePinkle
|-damage|p2a: PinklePinkle|73/100
|-status|p2a: PinklePinkle|psn
|
|-weather|none
|-damage|p2a: PinklePinkle|61/100 psn|[from] psn
|upkeep
|turn|9
|j| victini092
|
|t:|1758378028
|move|p2a: PinklePinkle|Flip Turn|p1a: Slowking
|-damage|p1a: Slowking|38/100
|
|t:|1758378032
|switch|p2a: Groudon.|Torkoal, M|100/100|[from] Flip Turn
|-weather|SunnyDay|[from] ability: Drought|[of] p2a: Groudon.
|move|p1a: Slowking|Psychic Noise|p2a: Groudon.
|-damage|p2a: Groudon.|40/100
|-start|p2a: Groudon.|move: Heal Block
|
|-weather|SunnyDay|[upkeep]
|upkeep
|turn|10
|
|t:|1758378053
|move|p1a: Slowking|Psychic Noise|p2a: Groudon.
|-damage|p2a: Groudon.|0 fnt
|faint|p2a: Groudon.
|
|-weather|SunnyDay|[upkeep]
|upkeep
|
|t:|1758378059
|switch|p2a: 地鸣雷震寒意生|Sandy Shocks, shiny|75/100
|-activate|p2a: 地鸣雷震寒意生|ability: Protosynthesis
|-start|p2a: 地鸣雷震寒意生|protosynthesisspa
|turn|11
|
|t:|1758378075
|switch|p1a: Scizor|Scizor, F|100/100
|move|p2a: 地鸣雷震寒意生|Volt Switch|p1a: Scizor
|-damage|p1a: Scizor|45/100
|
|t:|1758378081
|-end|p2a: 地鸣雷震寒意生|Protosynthesis|[silent]
|switch|p2a: 储水硬接流星群|Walking Wake|51/100|[from] Volt Switch
|-activate|p2a: 储水硬接流星群|ability: Protosynthesis
|-start|p2a: 储水硬接流星群|protosynthesisspe
|
|-weather|SunnyDay|[upkeep]
|upkeep
|turn|12
|
|t:|1758378092
|move|p1a: Scizor|Bullet Punch|p2a: 储水硬接流星群
|-resisted|p2a: 储水硬接流星群
|-crit|p2a: 储水硬接流星群
|-damage|p2a: 储水硬接流星群|6/100
|move|p2a: 储水硬接流星群|Hydro Steam|p1a: Scizor
|-damage|p1a: Scizor|0 fnt
|faint|p1a: Scizor
|
|-weather|SunnyDay|[upkeep]
|upkeep
|
|t:|1758378097
|switch|p1a: Slowking|Slowking-Galar, F|71/100
|turn|13
|
|t:|1758378099
|move|p2a: 储水硬接流星群|Hydro Steam|p1a: Slowking
|-damage|p1a: Slowking|26/100
|move|p1a: Slowking|Ice Beam|p2a: 储水硬接流星群
|-damage|p2a: 储水硬接流星群|0 fnt
|faint|p2a: 储水硬接流星群
|-end|p2a: 储水硬接流星群|Protosynthesis|[silent]
|
|-weather|SunnyDay|[upkeep]
|upkeep
|
|t:|1758378105
|switch|p2a: 地鸣雷震寒意生|Sandy Shocks, shiny|75/100
|-activate|p2a: 地鸣雷震寒意生|ability: Protosynthesis
|-start|p2a: 地鸣雷震寒意生|protosynthesisspa
|turn|14
|inactive|Sleo2123 has 120 seconds left.
|
|t:|1758378124
|switch|p1a: Great Tusk|Great Tusk|100/100
|-activate|p1a: Great Tusk|ability: Protosynthesis
|-start|p1a: Great Tusk|protosynthesisdef
|move|p2a: 地鸣雷震寒意生|Earth Power|p1a: Great Tusk
|-damage|p1a: Great Tusk|11/100
|
|-weather|SunnyDay|[upkeep]
|upkeep
|turn|15
|
|t:|1758378134
|-end|p1a: Great Tusk|Protosynthesis|[silent]
|switch|p1a: Dragonite|Dragonite, M|100/100
|move|p2a: 地鸣雷震寒意生|Earth Power|p1a: Dragonite
|-immune|p1a: Dragonite
|
|-weather|SunnyDay|[upkeep]
|upkeep
|turn|16
|
|t:|1758378147
|-end|p2a: 地鸣雷震寒意生|Protosynthesis|[silent]
|switch|p2a: PinklePinkle|Alomomola, F|94/100 psn
|move|p1a: Dragonite|Hurricane|p2a: PinklePinkle|[miss]
|-miss|p1a: Dragonite|p2a: PinklePinkle
|
|-weather|none
|-damage|p2a: PinklePinkle|81/100 psn|[from] psn
|upkeep
|turn|17
|
|t:|1758378158
|move|p1a: Dragonite|Thunderbolt|p2a: PinklePinkle
|-supereffective|p2a: PinklePinkle
|-damage|p2a: PinklePinkle|48/100 psn
|move|p2a: PinklePinkle|Flip Turn|p1a: Dragonite
|-resisted|p1a: Dragonite
|-damage|p1a: Dragonite|97/100
|
|t:|1758378169
|switch|p2a: 地鸣雷震寒意生|Sandy Shocks, shiny|75/100|[from] Flip Turn
|
|upkeep
|turn|18
|
|t:|1758378182
|-terastallize|p2a: 地鸣雷震寒意生|Ice
|-terastallize|p1a: Dragonite|Ice
|move|p2a: 地鸣雷震寒意生|Tera Blast|p1a: Dragonite|[anim] Tera Blast Ice
|-resisted|p1a: Dragonite
|-damage|p1a: Dragonite|78/100
|move|p1a: Dragonite|Roost|p1a: Dragonite
|-heal|p1a: Dragonite|100/100
|
|upkeep
|turn|19
|c|☆Sleo2123|I love bait dragonite
|inactive|NotClevey has 120 seconds left.
|
|t:|1758378218
|-end|p2a: 地鸣雷震寒意生|Protosynthesis|[silent]
|switch|p2a: 钢骑士|Corviknight, F, shiny|2/100
|move|p1a: Dragonite|Hurricane|p2a: 钢骑士
|-resisted|p2a: 钢骑士
|-damage|p2a: 钢骑士|0 fnt
|faint|p2a: 钢骑士
|
|upkeep
|
|t:|1758378226
|switch|p2a: PinklePinkle|Alomomola, F|82/100 psn
|turn|20
|
|t:|1758378230
|move|p1a: Dragonite|Thunderbolt|p2a: PinklePinkle
|-supereffective|p2a: PinklePinkle
|-damage|p2a: PinklePinkle|49/100 psn
|move|p2a: PinklePinkle|Mirror Coat|p1a: Dragonite
|-damage|p1a: Dragonite|21/100
|
|-damage|p2a: PinklePinkle|37/100 psn|[from] psn
|upkeep
|turn|21
|
|t:|1758378238
|move|p1a: Dragonite|Roost|p1a: Dragonite
|-heal|p1a: Dragonite|71/100
|move|p2a: PinklePinkle|Flip Turn|p1a: Dragonite
|-damage|p1a: Dragonite|56/100
|
|t:|1758378240
|switch|p2a: 地鸣雷震寒意生|Sandy Shocks, shiny, tera:Ice|75/100|[from] Flip Turn
|
|upkeep
|turn|22
|
|t:|1758378247
|move|p2a: 地鸣雷震寒意生|Earth Power|p1a: Dragonite
|-crit|p1a: Dragonite
|-damage|p1a: Dragonite|0 fnt
|faint|p1a: Dragonite
|
|upkeep
|c|☆Sleo2123|aw
|c|☆Sleo2123|gg
|
|t:|1758378255
|switch|p1a: Slowking|Slowking-Galar, F|59/100
|turn|23
|c|☆NotClevey|tera ice is weird
|inactive|NotClevey has 120 seconds left.
|c|☆NotClevey|it only resist ice
|
|t:|1758378292
|move|p2a: 地鸣雷震寒意生|Earth Power|p1a: Slowking
|-supereffective|p1a: Slowking
|-damage|p1a: Slowking|7/100
|move|p1a: Slowking|Flamethrower|p2a: 地鸣雷震寒意生
|-supereffective|p2a: 地鸣雷震寒意生
|-damage|p2a: 地鸣雷震寒意生|9/100
|
|upkeep
|turn|24
|inactive|NotClevey has 120 seconds left.
|c|☆Sleo2123|ye its for ice spinner tusk
|c|☆Sleo2123|I could also go steel but I'll lose to the mirror
|
|t:|1758378319
|move|p2a: 地鸣雷震寒意生|Earth Power|p1a: Slowking
|-supereffective|p1a: Slowking
|-damage|p1a: Slowking|0 fnt
|faint|p1a: Slowking
|
|upkeep
|
|t:|1758378323
|switch|p1a: Great Tusk|Great Tusk|11/100
|turn|25
|c|☆NotClevey|fairy is much better
|inactive|NotClevey has 120 seconds left.
|
|t:|1758378347
|move|p2a: 地鸣雷震寒意生|Earth Power|p1a: Great Tusk
|-damage|p1a: Great Tusk|0 fnt
|faint|p1a: Great Tusk
|-end|p1a: Great Tusk|Protosynthesis|[silent]
|
|win|NotClevey
|raw|Sleo2123's rating: 1347 &rarr; <strong>1326</strong><br />(-21 for losing)
|raw|NotClevey's rating: 1327 &rarr; <strong>1348</strong><br />(+21 for winning)
|l|☆Sleo2123
|player|p1|
|c|☆NotClevey|gg
|j| sheepinaspic
|j| Yancy 0923
|j| luoji3_666
|j| happyorunhappy春和景明
|l| Yancy 0923
|l| sheepinaspic
|l| luoji3_666
|l|☆NotClevey
|player|p2|
