|j|☆Kjojon
|j|☆Crimson Gray Yeon
|t:|1758375990
|gametype|singles
|player|p1|Kjojon|brock|1121
|player|p2|Crimson Gray Yeon|101|1112
|gen|9
|tier|[Gen 9] OU
|rated|
|rule|HP Percentage Mod: HP is shown in percentages
|rule|Endless Battle Clause: Forcing endless battles is banned
|rule|Species Clause: Limit one of each Pokémon
|rule|OHKO Clause: OHKO moves are banned
|rule|Evasion Items Clause: Evasion items are banned
|rule|Evasion Moves Clause: Evasion moves are banned
|rule|Evasion Abilities Clause: Evasion abilities are banned
|rule|Sleep Moves Clause: Sleep-inducing moves are banned
|clearpoke
|poke|p1|Gardevoir, F|
|poke|p1|Meowscarada, F|
|poke|p1|Volcanion|
|poke|p1|Golurk|
|poke|p1|Kleavor, M|
|poke|p1|Cramorant, M|
|poke|p2|Crawdaunt, M|
|poke|p2|Scizor, M|
|poke|p2|Mamoswine, M|
|poke|p2|Conkeldurr, M|
|poke|p2|Mimikyu, M|
|poke|p2|Maushold-Four|
|teampreview
|
|t:|1758375996
|teamsize|p1|6
|teamsize|p2|6
|start
|switch|p1a: Sylvelin|Meowscarada, F|100/100
|switch|p2a: Mimikyu|Mimikyu, M|100/100
|turn|1
|inactive|Battle timer is ON: inactive players will automatically lose when time's up. (requested by Crimson Gray Yeon)
|
|t:|1758376008
|move|p1a: Sylvelin|U-turn|p2a: Mimikyu
|-start|p1a: Sylvelin|typechange|Bug|[from] ability: Protean
|-activate|p2a: Mimikyu|ability: Disguise
|-damage|p2a: Mimikyu|100/100
|detailschange|p2a: Mimikyu|Mimikyu-Busted, M
|-damage|p2a: Mimikyu|88/100|[from] pokemon: Mimikyu-Busted
|
|t:|1758376023
|switch|p1a: Kelog|Golurk, shiny|100/100|[from] U-turn
|move|p2a: Mimikyu|Drain Punch|p1a: Kelog
|-immune|p1a: Kelog
|
|upkeep
|turn|2
|
|t:|1758376035
|move|p2a: Mimikyu|Shadow Claw|p1a: Kelog
|-supereffective|p1a: Kelog
|-damage|p1a: Kelog|12/100
|move|p1a: Kelog|Shadow Punch|p2a: Mimikyu
|-supereffective|p2a: Mimikyu
|-damage|p2a: Mimikyu|0 fnt
|faint|p2a: Mimikyu
|
|upkeep
|
|t:|1758376044
|switch|p2a: Mamoswine|Mamoswine, M|100/100
|turn|3
|
|t:|1758376049
|move|p2a: Mamoswine|Ice Shard|p1a: Kelog
|-supereffective|p1a: Kelog
|-damage|p1a: Kelog|0 fnt
|faint|p1a: Kelog
|
|upkeep
|
|t:|1758376061
|switch|p1a: Fulminator|Volcanion|100/100
|turn|4
|
|t:|1758376066
|move|p1a: Fulminator|Earth Power|p2a: Mamoswine
|-damage|p2a: Mamoswine|57/100
|move|p2a: Mamoswine|Earthquake|p1a: Fulminator
|-supereffective|p1a: Fulminator
|-damage|p1a: Fulminator|8/100
|
|-heal|p2a: Mamoswine|63/100|[from] item: Leftovers
|upkeep
|turn|5
|
|t:|1758376087
|move|p2a: Mamoswine|Ice Shard|p1a: Fulminator
|-resisted|p1a: Fulminator
|-damage|p1a: Fulminator|3/100
|move|p1a: Fulminator|Earth Power|p2a: Mamoswine
|-crit|p2a: Mamoswine
|-damage|p2a: Mamoswine|5/100
|
|-heal|p2a: Mamoswine|11/100|[from] item: Leftovers
|upkeep
|turn|6
|
|t:|1758376096
|move|p2a: Mamoswine|Ice Shard|p1a: Fulminator
|-resisted|p1a: Fulminator
|-damage|p1a: Fulminator|0 fnt
|faint|p1a: Fulminator
|
|-heal|p2a: Mamoswine|17/100|[from] item: Leftovers
|upkeep
|
|t:|1758376110
|switch|p1a: Sylvelin|Meowscarada, F|100/100
|turn|7
|
|t:|1758376113
|move|p2a: Mamoswine|Ice Shard|p1a: Sylvelin
|-supereffective|p1a: Sylvelin
|-damage|p1a: Sylvelin|22/100
|move|p1a: Sylvelin|Flower Trick|p2a: Mamoswine
|-start|p1a: Sylvelin|typechange|Grass|[from] ability: Protean
|-supereffective|p2a: Mamoswine
|-crit|p2a: Mamoswine
|-damage|p2a: Mamoswine|0 fnt
|faint|p2a: Mamoswine
|
|upkeep
|
|t:|1758376125
|switch|p2a: Conkeldurr|Conkeldurr, M|100/100
|turn|8
|
|t:|1758376131
|switch|p1a: Xodium|Gardevoir, F, shiny|100/100
|move|p2a: Conkeldurr|Mach Punch|p1a: Xodium
|-resisted|p1a: Xodium
|-crit|p1a: Xodium
|-damage|p1a: Xodium|85/100
|
|-status|p2a: Conkeldurr|brn|[from] item: Flame Orb
|upkeep
|turn|9
|
|t:|1758376142
|move|p1a: Xodium|Moonblast|p2a: Conkeldurr
|-supereffective|p2a: Conkeldurr
|-damage|p2a: Conkeldurr|0 fnt
|faint|p2a: Conkeldurr
|
|upkeep
|
|t:|1758376149
|switch|p2a: Maushold|Maushold-Four|100/100
|turn|10
|
|t:|1758376153
|move|p1a: Xodium|Moonblast|p2a: Maushold
|-damage|p2a: Maushold|23/100
|-unboost|p2a: Maushold|spa|1
|move|p2a: Maushold|Population Bomb|p1a: Xodium
|-damage|p1a: Xodium|72/100
|-damage|p1a: Xodium|58/100
|-damage|p1a: Xodium|45/100
|-damage|p1a: Xodium|33/100
|-damage|p1a: Xodium|18/100
|-damage|p1a: Xodium|5/100
|-damage|p1a: Xodium|0 fnt
|faint|p1a: Xodium
|-hitcount|p1: Xodium|7
|
|upkeep
|
|t:|1758376168
|switch|p1a: Sylvelin|Meowscarada, F|22/100
|turn|11
|
|t:|1758376173
|move|p1a: Sylvelin|Knock Off|p2a: Maushold
|-start|p1a: Sylvelin|typechange|Dark|[from] ability: Protean
|-damage|p2a: Maushold|0 fnt
|-enditem|p2a: Maushold|Loaded Dice|[from] move: Knock Off|[of] p1a: Sylvelin
|faint|p2a: Maushold
|
|upkeep
|
|t:|1758376182
|switch|p2a: Crawdaunt|Crawdaunt, M|100/100
|turn|12
|
|t:|1758376186
|move|p2a: Crawdaunt|Aqua Jet|p1a: Sylvelin
|-damage|p1a: Sylvelin|0 fnt
|faint|p1a: Sylvelin
|
|upkeep
|
|t:|1758376192
|switch|p1a: Mr. Cleave|Kleavor, M|100/100
|turn|13
|
|t:|1758376205
|-terastallize|p1a: Mr. Cleave|Ghost
|move|p1a: Mr. Cleave|Stone Axe|p2a: Crawdaunt
|-damage|p2a: Crawdaunt|30/100
|-sidestart|p2: Crimson Gray Yeon|move: Stealth Rock
|move|p2a: Crawdaunt|Dragon Dance|p2a: Crawdaunt
|-boost|p2a: Crawdaunt|atk|1
|-boost|p2a: Crawdaunt|spe|1
|
|upkeep
|turn|14
|
|t:|1758376214
|move|p2a: Crawdaunt|Aqua Jet|p1a: Mr. Cleave
|-damage|p1a: Mr. Cleave|46/100
|move|p1a: Mr. Cleave|U-turn|p2a: Crawdaunt
|-supereffective|p2a: Crawdaunt
|-damage|p2a: Crawdaunt|0 fnt
|faint|p2a: Crawdaunt
|
|t:|1758376217
|switch|p1a: Gulper|Cramorant, M, shiny|100/100|[from] U-turn
|
|upkeep
|
|t:|1758376225
|switch|p2a: Scizor|Scizor, M|100/100
|-damage|p2a: Scizor|88/100|[from] Stealth Rock
|turn|15
|
|t:|1758376238
|move|p2a: Scizor|Bullet Punch|p1a: Gulper
|-resisted|p1a: Gulper
|-damage|p1a: Gulper|86/100
|move|p1a: Gulper|Surf|p2a: Scizor
|-formechange|p1a: Gulper|Cramorant-Gulping|
|-damage|p2a: Scizor|57/100
|
|upkeep
|turn|16
|
|t:|1758376247
|-terastallize|p2a: Scizor|Bug
|move|p1a: Gulper|Roost|p1a: Gulper
|-heal|p1a: Gulper|100/100
|-singleturn|p1a: Gulper|move: Roost
|move|p2a: Scizor|Bug Bite|p1a: Gulper
|-damage|p1a: Gulper|46/100
|-damage|p2a: Scizor|32/100|[from] ability: Gulp Missile|[of] p1a: Gulper
|-unboost|p2a: Scizor|def|1
|-formechange|p1a: Gulper|Cramorant|
|
|upkeep
|turn|17
|
|t:|1758376262
|move|p1a: Gulper|Surf|p2a: Scizor
|-formechange|p1a: Gulper|Cramorant-Gorging|
|-crit|p2a: Scizor
|-damage|p2a: Scizor|0 fnt
|faint|p2a: Scizor
|
|win|Kjojon
|raw|Kjojon's rating: 1121 &rarr; <strong>1145</strong><br />(+24 for winning)
|raw|Crimson Gray Yeon's rating: 1112 &rarr; <strong>1088</strong><br />(-24 for losing)
|c|☆Kjojon|gg's
|l|☆Crimson Gray Yeon
|player|p2|
|l|☆Kjojon
|player|p1|
