|j|☆iivvv
|j|☆I am a chinese.
|t:|1758367957
|gametype|singles
|player|p1|iivvv|clerk|
|player|p2|I am a chinese.|maid|
|gen|9
|tier|[Gen 9] OU
|rule|HP Percentage Mod: HP is shown in percentages
|rule|Endless Battle Clause: Forcing endless battles is banned
|rule|Species Clause: Limit one of each Pokémon
|rule|OHKO Clause: OHKO moves are banned
|rule|Evasion Items Clause: Evasion items are banned
|rule|Evasion Moves Clause: Evasion moves are banned
|rule|Evasion Abilities Clause: Evasion abilities are banned
|rule|Sleep Moves Clause: Sleep-inducing moves are banned
|clearpoke
|poke|p1|Zamazenta-*|
|poke|p1|Clodsire, M|
|poke|p1|Gholdengo|
|poke|p1|Kingambit, F|
|poke|p1|Talonflame, M|
|poke|p1|Ogerpon-Wellspring, F|
|poke|p2|Porygon-Z|
|poke|p2|Araquanid, M|
|poke|p2|Lokix, M|
|poke|p2|Skeledirge, F|
|poke|p2|Ogerpon-Wellspring, F|
|poke|p2|Dragapult, F|
|teampreview
|
|t:|1758367987
|teamsize|p1|6
|teamsize|p2|6
|start
|switch|p1a: Clodsire|Clodsire, M|100/100
|switch|p2a: Araquanid|Araquanid, M|100/100
|turn|1
|
|t:|1758368017
|move|p2a: Araquanid|Sticky Web|p1a: Clodsire
|-sidestart|p1: iivvv|move: Sticky Web
|move|p1a: Clodsire|Stealth Rock|p2a: Araquanid
|-sidestart|p2: I am a chinese.|move: Stealth Rock
|
|upkeep
|turn|2
|
|t:|1758368021
|move|p2a: Araquanid|Liquidation|p1a: Clodsire
|-immune|p1a: Clodsire|[from] ability: Water Absorb
|move|p1a: Clodsire|Toxic|p2a: Araquanid
|-status|p2a: Araquanid|tox
|
|-damage|p2a: Araquanid|94/100 tox|[from] psn
|upkeep
|turn|3
|
|t:|1758368031
|switch|p2a: Porygon-Z|Porygon-Z|100/100
|-damage|p2a: Porygon-Z|88/100|[from] Stealth Rock
|move|p1a: Clodsire|Toxic|p2a: Porygon-Z
|-status|p2a: Porygon-Z|tox
|
|-damage|p2a: Porygon-Z|82/100 tox|[from] psn
|upkeep
|turn|4
|
|t:|1758368037
|move|p2a: Porygon-Z|Psyshock|p1a: Clodsire
|-supereffective|p1a: Clodsire
|-damage|p1a: Clodsire|7/100
|move|p1a: Clodsire|Earthquake|p2a: Porygon-Z
|-damage|p2a: Porygon-Z|42/100 tox
|
|-heal|p1a: Clodsire|14/100|[from] item: Leftovers
|-damage|p2a: Porygon-Z|30/100 tox|[from] psn
|upkeep
|turn|5
|
|t:|1758368043
|switch|p2a: Araquanid|Araquanid, M|94/100 tox
|-damage|p2a: Araquanid|69/100 tox|[from] Stealth Rock
|switch|p1a: Kingambit|Kingambit, F|100/100
|-activate|p1a: Kingambit|move: Sticky Web
|-unboost|p1a: Kingambit|spe|1
|
|-damage|p2a: Araquanid|63/100 tox|[from] psn
|upkeep
|turn|6
|
|t:|1758368049
|-end|p1a: Kingambit|fallenundefined|[silent]
|switch|p1a: Clodsire|Clodsire, M|14/100
|-activate|p1a: Clodsire|move: Sticky Web
|-unboost|p1a: Clodsire|spe|1
|move|p2a: Araquanid|Liquidation|p1a: Clodsire
|-heal|p1a: Clodsire|39/100|[from] ability: Water Absorb|[of] p2a: Araquanid
|
|-heal|p1a: Clodsire|45/100|[from] item: Leftovers
|-damage|p2a: Araquanid|51/100 tox|[from] psn
|upkeep
|turn|7
|
|t:|1758368056
|move|p2a: Araquanid|Leech Life|p1a: Clodsire
|-resisted|p1a: Clodsire
|-damage|p1a: Clodsire|33/100
|-heal|p2a: Araquanid|59/100 tox|[from] drain|[of] p1a: Clodsire
|move|p1a: Clodsire|Recover|p1a: Clodsire
|-heal|p1a: Clodsire|83/100
|
|-heal|p1a: Clodsire|90/100|[from] item: Leftovers
|-damage|p2a: Araquanid|40/100 tox|[from] psn
|upkeep
|turn|8
|
|t:|1758368064
|switch|p2a: Dragapult|Dragapult, F|100/100
|-damage|p2a: Dragapult|88/100|[from] Stealth Rock
|move|p1a: Clodsire|Earthquake|p2a: Dragapult
|-damage|p2a: Dragapult|54/100
|
|-heal|p2a: Dragapult|60/100|[from] item: Leftovers
|-heal|p1a: Clodsire|96/100|[from] item: Leftovers
|upkeep
|turn|9
|
|t:|1758368072
|move|p2a: Dragapult|Substitute|p2a: Dragapult
|-start|p2a: Dragapult|Substitute
|-damage|p2a: Dragapult|35/100
|move|p1a: Clodsire|Earthquake|p2a: Dragapult
|-end|p2a: Dragapult|Substitute
|
|-heal|p2a: Dragapult|41/100|[from] item: Leftovers
|-heal|p1a: Clodsire|100/100|[from] item: Leftovers
|upkeep
|turn|10
|
|t:|1758368078
|move|p2a: Dragapult|Dragon Darts|p1a: Clodsire
|-damage|p1a: Clodsire|72/100
|-anim|p2a: Dragapult|Dragon Darts|p1a: Clodsire
|-damage|p1a: Clodsire|43/100
|move|p1a: Clodsire|Earthquake|p2a: Dragapult
|-damage|p2a: Dragapult|1/100
|
|-heal|p2a: Dragapult|7/100|[from] item: Leftovers
|-heal|p1a: Clodsire|50/100|[from] item: Leftovers
|upkeep
|turn|11
|
|t:|1758368082
|switch|p1a: Kingambit|Kingambit, F|100/100
|-activate|p1a: Kingambit|move: Sticky Web
|-unboost|p1a: Kingambit|spe|1
|move|p2a: Dragapult|Dragon Darts|p1a: Kingambit
|-resisted|p1a: Kingambit
|-damage|p1a: Kingambit|90/100
|-anim|p2a: Dragapult|Dragon Darts|p1a: Kingambit
|-resisted|p1a: Kingambit
|-damage|p1a: Kingambit|81/100
|
|-heal|p2a: Dragapult|13/100|[from] item: Leftovers
|upkeep
|turn|12
|
|t:|1758368091
|move|p2a: Dragapult|Dragon Dance|p2a: Dragapult
|-boost|p2a: Dragapult|atk|1
|-boost|p2a: Dragapult|spe|1
|move|p1a: Kingambit|Kowtow Cleave|p2a: Dragapult
|-supereffective|p2a: Dragapult
|-damage|p2a: Dragapult|0 fnt
|faint|p2a: Dragapult
|
|upkeep
|
|t:|1758368096
|switch|p2a: Lokix|Lokix, M|100/100
|turn|13
|
|t:|1758368099
|-end|p1a: Kingambit|fallenundefined|[silent]
|switch|p1a: Gholdengo|Gholdengo|100/100
|-activate|p1a: Gholdengo|move: Sticky Web
|-unboost|p1a: Gholdengo|spe|1
|move|p2a: Lokix|First Impression|p1a: Gholdengo
|-resisted|p1a: Gholdengo
|-damage|p1a: Gholdengo|81/100
|
|-heal|p1a: Gholdengo|87/100|[from] item: Leftovers
|upkeep
|turn|14
|
|t:|1758368108
|move|p2a: Lokix|Sucker Punch||[still]
|-fail|p2a: Lokix
|move|p1a: Gholdengo|Substitute|p1a: Gholdengo
|-start|p1a: Gholdengo|Substitute
|-damage|p1a: Gholdengo|62/100
|
|-heal|p1a: Gholdengo|68/100|[from] item: Leftovers
|upkeep
|turn|15
|
|t:|1758368111
|move|p2a: Lokix|Knock Off|p1a: Gholdengo
|-supereffective|p1a: Gholdengo
|-end|p1a: Gholdengo|Substitute
|move|p1a: Gholdengo|Make It Rain|p2a: Lokix
|-damage|p2a: Lokix|0 fnt
|-unboost|p1a: Gholdengo|spa|1
|faint|p2a: Lokix
|
|-heal|p1a: Gholdengo|74/100|[from] item: Leftovers
|upkeep
|
|t:|1758368116
|switch|p2a: Porygon-Z|Porygon-Z|30/100 tox
|-damage|p2a: Porygon-Z|18/100 tox|[from] Stealth Rock
|turn|16
|-message|I am a chinese. forfeited.
|
|win|iivvv
|l|☆I am a chinese.
|player|p2|
