|j|☆metakill4r
|j|☆BeheeyemUBER
|t:|1758312416
|gametype|singles
|player|p1|metakill4r|n|1489
|player|p2|BeheeyemUBER|barry|1473
|gen|9
|tier|[Gen 9] OU
|rated|
|rule|HP Percentage Mod: HP is shown in percentages
|rule|Endless Battle Clause: Forcing endless battles is banned
|rule|Species Clause: Limit one of each Pokémon
|rule|OHKO Clause: OHKO moves are banned
|rule|Evasion Items Clause: Evasion items are banned
|rule|Evasion Moves Clause: Evasion moves are banned
|rule|Evasion Abilities Clause: Evasion abilities are banned
|rule|Sleep Moves Clause: Sleep-inducing moves are banned
|clearpoke
|poke|p1|Great Tusk|
|poke|p1|Slowking-Galar, F|
|poke|p1|Zapdos|
|poke|p1|Cinderace, F|
|poke|p1|Crawdaunt, M|
|poke|p1|Gholdengo|
|poke|p2|Glimmora, F|
|poke|p2|Kingambit, F|
|poke|p2|Zamazenta-*|
|poke|p2|Dragapult, F|
|poke|p2|Ting-Lu|
|poke|p2|Enamorus, F|
|teampreview
|inactive|Battle timer is ON: inactive players will automatically lose when time's up. (requested by BeheeyemUBER)
|
|t:|1758312426
|teamsize|p1|6
|teamsize|p2|6
|start
|switch|p1a: Slowking|Slowking-Galar, F|100/100
|switch|p2a: Ting-Lu|Ting-Lu|100/100
|-ability|p2a: Ting-Lu|Vessel of Ruin
|turn|1
|
|t:|1758312470
|switch|p1a: Crawdaunt|Crawdaunt, M|100/100
|move|p2a: Ting-Lu|Ruination|p1a: Crawdaunt
|-damage|p1a: Crawdaunt|51/100
|
|upkeep
|turn|2
|inactive|BeheeyemUBER has 120 seconds left.
|
|t:|1758312489
|move|p1a: Crawdaunt|Crabhammer|p2a: Ting-Lu
|-supereffective|p2a: Ting-Lu
|-damage|p2a: Ting-Lu|0 fnt
|faint|p2a: Ting-Lu
|
|upkeep
|inactive|BeheeyemUBER has 120 seconds left.
|
|t:|1758312496
|switch|p2a: Glimmora|Glimmora, F|100/100
|turn|3
|
|t:|1758312501
|switch|p1a: Slowking|Slowking-Galar, F|100/100
|move|p2a: Glimmora|Meteor Beam||[still]
|-prepare|p2a: Glimmora|Meteor Beam
|-boost|p2a: Glimmora|spa|1
|-enditem|p2a: Glimmora|Power Herb
|-anim|p2a: Glimmora|Meteor Beam|p1a: Slowking
|-damage|p1a: Slowking|57/100
|
|upkeep
|turn|4
|
|t:|1758312505
|move|p2a: Glimmora|Earth Power|p1a: Slowking
|-supereffective|p1a: Slowking
|-damage|p1a: Slowking|9/100
|-unboost|p1a: Slowking|spd|1
|move|p1a: Slowking|Psyshock|p2a: Glimmora
|-supereffective|p2a: Glimmora
|-damage|p2a: Glimmora|8/100
|
|upkeep
|turn|5
|
|t:|1758312516
|switch|p1a: Great Tusk|Great Tusk|100/100
|move|p2a: Glimmora|Earth Power|p1a: Great Tusk
|-damage|p1a: Great Tusk|42/100
|-unboost|p1a: Great Tusk|spd|1
|
|upkeep
|turn|6
|
|t:|1758312520
|move|p1a: Great Tusk|Rapid Spin|p2a: Glimmora
|-resisted|p2a: Glimmora
|-damage|p2a: Glimmora|0 fnt
|-boost|p1a: Great Tusk|spe|1
|-activate|p2a: Glimmora|ability: Toxic Debris
|-sidestart|p1: metakill4r|move: Toxic Spikes
|-sideend|p1: metakill4r|Toxic Spikes|[from] move: Rapid Spin|[of] p1a: Great Tusk
|faint|p2a: Glimmora
|
|upkeep
|
|t:|1758312527
|switch|p2a: Enamorus|Enamorus, F|100/100
|turn|7
|
|t:|1758312531
|-terastallize|p2a: Enamorus|Stellar
|move|p1a: Great Tusk|Ice Spinner|p2a: Enamorus
|-supereffective|p2a: Enamorus
|-damage|p2a: Enamorus|28/100
|move|p2a: Enamorus|Tera Blast|p1a: Great Tusk|[anim] Tera Blast Stellar
|-damage|p1a: Great Tusk|0 fnt
|-boost|p2a: Enamorus|atk|1
|-boost|p2a: Enamorus|spa|1
|faint|p1a: Great Tusk
|-end|p1a: Great Tusk|Protosynthesis|[silent]
|
|upkeep
|
|t:|1758312538
|switch|p1a: Crawdaunt|Crawdaunt, M|51/100
|turn|8
|
|t:|1758312541
|move|p1a: Crawdaunt|Aqua Jet|p2a: Enamorus
|-damage|p2a: Enamorus|0 fnt
|faint|p2a: Enamorus
|
|upkeep
|
|t:|1758312545
|switch|p2a: Dragapult|Dragapult, F|100/100
|turn|9
|
|t:|1758312550
|switch|p1a: Slowking|Slowking-Galar, F|42/100
|move|p2a: Dragapult|Dragon Darts|p1a: Slowking
|-damage|p1a: Slowking|10/100
|-anim|p2a: Dragapult|Dragon Darts|p1a: Slowking
|-damage|p1a: Slowking|0 fnt
|faint|p1a: Slowking
|-damage|p2a: Dragapult|91/100|[from] item: Life Orb
|
|upkeep
|
|t:|1758312555
|switch|p1a: Gholdengo|Gholdengo|100/100
|turn|10
|inactive|BeheeyemUBER has 120 seconds left.
|
|t:|1758312587
|move|p1a: Gholdengo|Shadow Ball|p2a: Dragapult
|-supereffective|p2a: Dragapult
|-damage|p2a: Dragapult|0 fnt
|faint|p2a: Dragapult
|
|upkeep
|
|t:|1758312590
|switch|p2a: Zamazenta|Zamazenta|100/100
|-ability|p2a: Zamazenta|Dauntless Shield|boost
|-boost|p2a: Zamazenta|def|1
|turn|11
|
|t:|1758312598
|move|p1a: Gholdengo|Shadow Ball|p2a: Zamazenta
|-damage|p2a: Zamazenta|68/100
|-unboost|p2a: Zamazenta|spd|1
|move|p2a: Zamazenta|Crunch|p1a: Gholdengo
|-supereffective|p1a: Gholdengo
|-damage|p1a: Gholdengo|55/100
|
|-heal|p2a: Zamazenta|74/100|[from] item: Leftovers
|upkeep
|turn|12
|
|t:|1758312604
|move|p1a: Gholdengo|Shadow Ball|p2a: Zamazenta
|-damage|p2a: Zamazenta|28/100
|move|p2a: Zamazenta|Crunch|p1a: Gholdengo
|-supereffective|p1a: Gholdengo
|-damage|p1a: Gholdengo|5/100
|
|-heal|p2a: Zamazenta|34/100|[from] item: Leftovers
|upkeep
|turn|13
|
|t:|1758312610
|move|p1a: Gholdengo|Shadow Ball|p2a: Zamazenta
|-damage|p2a: Zamazenta|0 fnt
|faint|p2a: Zamazenta
|
|upkeep
|
|t:|1758312613
|switch|p2a: Kingambit|Kingambit, F|100/100
|-activate|p2a: Kingambit|ability: Supreme Overlord
|-start|p2a: Kingambit|fallen5|[silent]
|turn|14
|
|t:|1758312622
|switch|p1a: Zapdos|Zapdos|100/100
|move|p2a: Kingambit|Swords Dance|p2a: Kingambit
|-boost|p2a: Kingambit|atk|2
|
|upkeep
|turn|15
|
|t:|1758312626
|move|p2a: Kingambit|Sucker Punch||[still]
|-fail|p2a: Kingambit
|move|p1a: Zapdos|Thunder Wave|p2a: Kingambit
|-status|p2a: Kingambit|par
|
|upkeep
|turn|16
|
|t:|1758312633
|move|p1a: Zapdos|Hurricane|p2a: Kingambit
|-resisted|p2a: Kingambit
|-damage|p2a: Kingambit|79/100 par
|cant|p2a: Kingambit|par
|
|upkeep
|turn|17
|
|t:|1758312639
|move|p2a: Kingambit|Sucker Punch|p1a: Zapdos
|-damage|p1a: Zapdos|0 fnt
|faint|p1a: Zapdos
|
|upkeep
|
|t:|1758312642
|switch|p1a: Crawdaunt|Crawdaunt, M|51/100
|turn|18
|
|t:|1758312652
|move|p1a: Crawdaunt|Aqua Jet|p2a: Kingambit
|-damage|p2a: Kingambit|47/100 par
|cant|p2a: Kingambit|par
|
|upkeep
|turn|19
|
|t:|1758312657
|move|p1a: Crawdaunt|Aqua Jet|p2a: Kingambit
|-damage|p2a: Kingambit|13/100 par
|move|p2a: Kingambit|Low Kick|p1a: Crawdaunt
|-supereffective|p1a: Crawdaunt
|-damage|p1a: Crawdaunt|0 fnt
|faint|p1a: Crawdaunt
|
|upkeep
|
|t:|1758312662
|switch|p1a: Gholdengo|Gholdengo|5/100
|turn|20
|
|t:|1758312667
|move|p1a: Gholdengo|Trick|p2a: Kingambit
|-activate|p1a: Gholdengo|move: Trick|[of] p2a: Kingambit
|-item|p2a: Kingambit|Choice Scarf|[from] move: Trick
|-item|p1a: Gholdengo|Black Glasses|[from] move: Trick
|move|p2a: Kingambit|Iron Head|p1a: Gholdengo
|-resisted|p1a: Gholdengo
|-damage|p1a: Gholdengo|0 fnt
|faint|p1a: Gholdengo
|
|upkeep
|
|t:|1758312672
|switch|p1a: Cinderace|Cinderace, F|100/100
|turn|21
|
|t:|1758312674
|move|p1a: Cinderace|U-turn|p2a: Kingambit
|-start|p1a: Cinderace|typechange|Bug|[from] ability: Libero
|-damage|p2a: Kingambit|0 fnt
|faint|p2a: Kingambit
|-end|p2a: Kingambit|fallen5|[silent]
|
|win|metakill4r
|raw|metakill4r's rating: 1489 &rarr; <strong>1508</strong><br />(+19 for winning)
|raw|BeheeyemUBER's rating: 1473 &rarr; <strong>1454</strong><br />(-19 for losing)
|l|☆BeheeyemUBER
|player|p2|
|l|☆metakill4r
|player|p1|
