|j|☆arvends5
|j|☆ksoxsq
|t:|1758355146
|gametype|singles
|player|p1|arvends5|swimmer|1272
|player|p2|ksoxsq|170|1190
|gen|9
|tier|[Gen 9] OU
|rated|
|rule|HP Percentage Mod: HP is shown in percentages
|rule|Endless Battle Clause: Forcing endless battles is banned
|rule|Species Clause: Limit one of each Pokémon
|rule|OHKO Clause: OHKO moves are banned
|rule|Evasion Items Clause: Evasion items are banned
|rule|Evasion Moves Clause: Evasion moves are banned
|rule|Evasion Abilities Clause: Evasion abilities are banned
|rule|Sleep Moves Clause: Sleep-inducing moves are banned
|clearpoke
|poke|p1|Furret, F|
|poke|p1|Tyranitar, M|
|poke|p1|Scizor, M|
|poke|p1|Skarmory, M|
|poke|p1|Feraligatr, M|
|poke|p1|Espeon, F|
|poke|p2|Latios, M|
|poke|p2|Dragonite, M|
|poke|p2|Great Tusk|
|poke|p2|Gholdengo|
|poke|p2|Zamazenta-*|
|poke|p2|Slowking-Galar, F|
|teampreview
|
|t:|1758355171
|teamsize|p1|6
|teamsize|p2|6
|start
|switch|p1a: Feraligatr|Feraligatr, M|100/100
|switch|p2a: Great Tusk|Great Tusk|100/100
|turn|1
|
|t:|1758355193
|-end|p2a: Great Tusk|Protosynthesis|[silent]
|switch|p2a: Latios|Latios, M|100/100
|move|p1a: Feraligatr|Dragon Dance|p1a: Feraligatr
|-boost|p1a: Feraligatr|atk|1
|-boost|p1a: Feraligatr|spe|1
|
|upkeep
|turn|2
|
|t:|1758355205
|switch|p2a: Defense|Slowking-Galar, F|100/100
|move|p1a: Feraligatr|Crunch|p2a: Defense
|-supereffective|p2a: Defense
|-damage|p2a: Defense|0 fnt
|faint|p2a: Defense
|
|upkeep
|
|t:|1758355224
|switch|p2a: Latios|Latios, M|100/100
|turn|3
|
|t:|1758355231
|move|p1a: Feraligatr|Liquidation|p2a: Latios
|-resisted|p2a: Latios
|-damage|p2a: Latios|24/100
|move|p2a: Latios|Draco Meteor|p1a: Feraligatr
|-damage|p1a: Feraligatr|4/100
|-unboost|p2a: Latios|spa|2
|
|upkeep
|turn|4
|
|t:|1758355237
|switch|p2a: Dragonite|Dragonite, M|100/100
|move|p1a: Feraligatr|Crunch|p2a: Dragonite
|-damage|p2a: Dragonite|71/100
|
|upkeep
|turn|5
|
|t:|1758355241
|switch|p1a: Skarmory|Skarmory, M|100/100
|move|p2a: Dragonite|Extreme Speed|p1a: Skarmory
|-resisted|p1a: Skarmory
|-damage|p1a: Skarmory|89/100
|-damage|p2a: Dragonite|55/100|[from] item: Rocky Helmet|[of] p1a: Skarmory
|
|upkeep
|turn|6
|
|t:|1758355296
|switch|p2a: Gholdengo|Gholdengo|100/100
|move|p1a: Skarmory|Stealth Rock|p2a: Gholdengo
|-sidestart|p2: ksoxsq|move: Stealth Rock
|
|upkeep
|turn|7
|
|t:|1758355311
|switch|p2a: Special Defense|Zamazenta|100/100
|-damage|p2a: Special Defense|94/100|[from] Stealth Rock
|-ability|p2a: Special Defense|Dauntless Shield|boost
|-boost|p2a: Special Defense|def|1
|switch|p1a: Feraligatr|Feraligatr, M|4/100
|
|-heal|p2a: Special Defense|100/100|[from] item: Leftovers
|upkeep
|turn|8
|
|t:|1758355317
|move|p2a: Special Defense|Crunch|p1a: Feraligatr
|-damage|p1a: Feraligatr|0 fnt
|faint|p1a: Feraligatr
|
|upkeep
|
|t:|1758355322
|switch|p1a: Scizor|Scizor, M|100/100
|turn|9
|
|t:|1758355329
|move|p2a: Special Defense|Substitute|p2a: Special Defense
|-start|p2a: Special Defense|Substitute
|-damage|p2a: Special Defense|75/100
|move|p1a: Scizor|Dual Wingbeat|p2a: Special Defense
|-supereffective|p2a: Special Defense
|-activate|p2a: Special Defense|move: Substitute|[damage]
|-supereffective|p2a: Special Defense
|-end|p2a: Special Defense|Substitute
|-hitcount|p2a: Special Defense|2
|-damage|p1a: Scizor|91/100|[from] item: Life Orb
|
|-heal|p2a: Special Defense|82/100|[from] item: Leftovers
|upkeep
|turn|10
|
|t:|1758355339
|-terastallize|p2a: Special Defense|Steel
|move|p2a: Special Defense|Substitute|p2a: Special Defense
|-start|p2a: Special Defense|Substitute
|-damage|p2a: Special Defense|57/100
|move|p1a: Scizor|Dual Wingbeat|p2a: Special Defense
|-resisted|p2a: Special Defense
|-activate|p2a: Special Defense|move: Substitute|[damage]
|-resisted|p2a: Special Defense
|-activate|p2a: Special Defense|move: Substitute|[damage]
|-hitcount|p2a: Special Defense|2
|-damage|p1a: Scizor|81/100|[from] item: Life Orb
|
|-heal|p2a: Special Defense|63/100|[from] item: Leftovers
|upkeep
|turn|11
|
|t:|1758355344
|switch|p1a: Skarmory|Skarmory, M|89/100
|move|p2a: Special Defense|Iron Defense|p2a: Special Defense
|-boost|p2a: Special Defense|def|2
|
|-heal|p2a: Special Defense|69/100|[from] item: Leftovers
|upkeep
|turn|12
|
|t:|1758355347
|move|p2a: Special Defense|Iron Defense|p2a: Special Defense
|-boost|p2a: Special Defense|def|2
|move|p1a: Skarmory|Whirlwind|p2a: Special Defense
|drag|p2a: Latios|Latios, M|24/100
|-damage|p2a: Latios|12/100|[from] Stealth Rock
|
|upkeep
|turn|13
|
|t:|1758355364
|switch|p1a: Tyranitar|Tyranitar, M|100/100
|-weather|Sandstorm|[from] ability: Sand Stream|[of] p1a: Tyranitar
|-item|p1a: Tyranitar|Air Balloon
|move|p2a: Latios|Recover|p2a: Latios
|-heal|p2a: Latios|62/100
|
|-weather|Sandstorm|[upkeep]
|-damage|p2a: Latios|56/100|[from] Sandstorm
|upkeep
|turn|14
|
|t:|1758355390
|switch|p2a: Great Tusk|Great Tusk|100/100
|-damage|p2a: Great Tusk|98/100|[from] Stealth Rock
|move|p1a: Tyranitar|Knock Off|p2a: Great Tusk
|-resisted|p2a: Great Tusk
|-damage|p2a: Great Tusk|76/100
|-damage|p1a: Tyranitar|84/100|[from] item: Rocky Helmet|[of] p2a: Great Tusk
|-enditem|p2a: Great Tusk|Rocky Helmet|[from] move: Knock Off|[of] p1a: Tyranitar
|
|-weather|Sandstorm|[upkeep]
|upkeep
|turn|15
|
|t:|1758355410
|switch|p1a: Skarmory|Skarmory, M|89/100
|move|p2a: Great Tusk|Headlong Rush|p1a: Skarmory
|-immune|p1a: Skarmory
|
|-weather|Sandstorm|[upkeep]
|upkeep
|turn|16
|
|t:|1758355416
|move|p2a: Great Tusk|Stealth Rock|p1a: Skarmory
|-sidestart|p1: arvends5|move: Stealth Rock
|move|p1a: Skarmory|Brave Bird|p2a: Great Tusk
|-supereffective|p2a: Great Tusk
|-damage|p2a: Great Tusk|8/100
|-damage|p1a: Skarmory|64/100|[from] Recoil
|
|-weather|Sandstorm|[upkeep]
|upkeep
|turn|17
|
|t:|1758355425
|-end|p2a: Great Tusk|Protosynthesis|[silent]
|switch|p2a: Gholdengo|Gholdengo|100/100
|-damage|p2a: Gholdengo|94/100|[from] Stealth Rock
|move|p1a: Skarmory|Stealth Rock||[still]
|-fail|p1a: Skarmory
|
|-weather|none
|upkeep
|turn|18
|
|t:|1758355442
|switch|p1a: Tyranitar|Tyranitar, M|84/100
|-damage|p1a: Tyranitar|72/100|[from] Stealth Rock
|-weather|Sandstorm|[from] ability: Sand Stream|[of] p1a: Tyranitar
|-item|p1a: Tyranitar|Air Balloon
|move|p2a: Gholdengo|Shadow Ball|p1a: Tyranitar
|-resisted|p1a: Tyranitar
|-damage|p1a: Tyranitar|59/100
|-enditem|p1a: Tyranitar|Air Balloon
|
|-weather|Sandstorm|[upkeep]
|upkeep
|turn|19
|
|t:|1758355467
|switch|p2a: Great Tusk|Great Tusk|8/100
|-damage|p2a: Great Tusk|5/100|[from] Stealth Rock
|move|p1a: Tyranitar|Knock Off|p2a: Great Tusk
|-resisted|p2a: Great Tusk
|-damage|p2a: Great Tusk|0 fnt
|faint|p2a: Great Tusk
|-end|p2a: Great Tusk|Protosynthesis|[silent]
|
|-weather|Sandstorm|[upkeep]
|upkeep
|
|t:|1758355470
|switch|p2a: Dragonite|Dragonite, M|55/100
|turn|20
|
|t:|1758355480
|move|p2a: Dragonite|Earthquake|p1a: Tyranitar
|-supereffective|p1a: Tyranitar
|-damage|p1a: Tyranitar|0 fnt
|faint|p1a: Tyranitar
|
|-weather|Sandstorm|[upkeep]
|-damage|p2a: Dragonite|48/100|[from] Sandstorm
|upkeep
|
|t:|1758355507
|switch|p1a: Scizor|Scizor, M|81/100
|-damage|p1a: Scizor|68/100|[from] Stealth Rock
|turn|21
|
|t:|1758355521
|move|p1a: Scizor|Bullet Punch|p2a: Dragonite
|-damage|p2a: Dragonite|10/100
|-damage|p1a: Scizor|58/100|[from] item: Life Orb
|move|p2a: Dragonite|Roost|p2a: Dragonite
|-heal|p2a: Dragonite|60/100
|-singleturn|p2a: Dragonite|move: Roost
|
|-weather|Sandstorm|[upkeep]
|-damage|p2a: Dragonite|54/100|[from] Sandstorm
|upkeep
|turn|22
|
|t:|1758355526
|move|p1a: Scizor|Bullet Punch|p2a: Dragonite
|-crit|p2a: Dragonite
|-damage|p2a: Dragonite|0 fnt
|faint|p2a: Dragonite
|-damage|p1a: Scizor|48/100|[from] item: Life Orb
|
|-weather|none
|upkeep
|
|t:|1758355546
|switch|p2a: Gholdengo|Gholdengo|94/100
|-damage|p2a: Gholdengo|88/100|[from] Stealth Rock
|turn|23
|
|t:|1758355559
|move|p2a: Gholdengo|Shadow Ball|p1a: Scizor
|-damage|p1a: Scizor|0 fnt
|faint|p1a: Scizor
|
|upkeep
|
|t:|1758355567
|switch|p1a: Espeon|Espeon, F|100/100
|-damage|p1a: Espeon|88/100|[from] Stealth Rock
|turn|24
|
|t:|1758355575
|move|p2a: Gholdengo|Shadow Ball|p1a: Espeon
|-supereffective|p1a: Espeon
|-damage|p1a: Espeon|0 fnt
|faint|p1a: Espeon
|
|upkeep
|l|☆arvends5
|player|p1|
|inactive|Battle timer is ON: inactive players will automatically lose when time's up. (requested by ksoxsq)
|inactive|arvends5 has 30 seconds to reconnect!
|inactive|arvends5 has 20 seconds to reconnect!
|inactive|arvends5 has 15 seconds to reconnect!
|inactive|arvends5 has 10 seconds to reconnect!
|inactive|arvends5 has 5 seconds to reconnect!
|-message|arvends5 lost due to inactivity.
|
|win|ksoxsq
|raw|arvends5's rating: 1272 &rarr; <strong>1241</strong><br />(-31 for losing)
|raw|ksoxsq's rating: 1190 &rarr; <strong>1221</strong><br />(+31 for winning)
