|j|☆TheGamingPolitoed
|j|☆ed1234z
|t:|1758361431
|gametype|singles
|player|p1|TheGamingPolitoed|cress|1297
|player|p2|ed1234z|ghetsis|1323
|gen|9
|tier|[Gen 9] OU
|rated|
|rule|HP Percentage Mod: HP is shown in percentages
|rule|Endless Battle Clause: Forcing endless battles is banned
|rule|Species Clause: Limit one of each Pokémon
|rule|OHKO Clause: OHKO moves are banned
|rule|Evasion Items Clause: Evasion items are banned
|rule|Evasion Moves Clause: Evasion moves are banned
|rule|Evasion Abilities Clause: Evasion abilities are banned
|rule|Sleep Moves Clause: Sleep-inducing moves are banned
|clearpoke
|poke|p1|Primarina, F|
|poke|p1|Ludicolo, M|
|poke|p1|Samurott-Hisui, M|
|poke|p1|Toxapex, F|
|poke|p1|Politoed, M|
|poke|p1|Walking Wake|
|poke|p2|Pelipper, M|
|poke|p2|Walking Wake|
|poke|p2|Barraskewda, M|
|poke|p2|Great Tusk|
|poke|p2|Floatzel, F|
|poke|p2|Ogerpon-Wellspring, F|
|teampreview
|inactive|Battle timer is ON: inactive players will automatically lose when time's up. (requested by ed1234z)
|
|t:|1758361455
|teamsize|p1|6
|teamsize|p2|6
|start
|switch|p1a: Donny Ronny|Samurott-Hisui, M|100/100
|switch|p2a: Ogerpon|Ogerpon-Wellspring, F|100/100
|turn|1
|
|t:|1758361460
|switch|p1a: Toxatax|Toxapex, F|100/100
|move|p2a: Ogerpon|Horn Leech|p1a: Toxatax
|-damage|p1a: Toxatax|75/100
|-damage|p2a: Ogerpon|84/100|[from] item: Rocky Helmet|[of] p1a: Toxatax
|
|upkeep
|turn|2
|
|t:|1758361484
|switch|p2a: Great Tusk|Great Tusk, shiny|100/100
|move|p1a: Toxatax|Toxic Spikes|p2a: Great Tusk
|-sidestart|p2: ed1234z|move: Toxic Spikes
|
|upkeep
|turn|3
|
|t:|1758361494
|move|p2a: Great Tusk|Rapid Spin|p1a: Toxatax
|-damage|p1a: Toxatax|67/100
|-boost|p2a: Great Tusk|spe|1
|-damage|p2a: Great Tusk|84/100|[from] item: Rocky Helmet|[of] p1a: Toxatax
|-sideend|p2: ed1234z|Toxic Spikes|[from] move: Rapid Spin|[of] p2a: Great Tusk
|move|p1a: Toxatax|Surf|p2a: Great Tusk
|-supereffective|p2a: Great Tusk
|-damage|p2a: Great Tusk|52/100
|
|upkeep
|turn|4
|
|t:|1758361505
|switch|p1a: Donny Ronny|Samurott-Hisui, M|100/100
|move|p2a: Great Tusk|Headlong Rush|p1a: Donny Ronny
|-damage|p1a: Donny Ronny|41/100
|-unboost|p2a: Great Tusk|def|1
|-unboost|p2a: Great Tusk|spd|1
|
|upkeep
|turn|5
|
|t:|1758361515
|move|p1a: Donny Ronny|Aqua Jet|p2a: Great Tusk
|-supereffective|p2a: Great Tusk
|-damage|p2a: Great Tusk|12/100
|-damage|p1a: Donny Ronny|25/100|[from] item: Rocky Helmet|[of] p2a: Great Tusk
|move|p2a: Great Tusk|Headlong Rush|p1a: Donny Ronny
|-damage|p1a: Donny Ronny|0 fnt
|-unboost|p2a: Great Tusk|def|1
|-unboost|p2a: Great Tusk|spd|1
|faint|p1a: Donny Ronny
|
|upkeep
|
|t:|1758361525
|switch|p1a: Toxatax|Toxapex, F|99/100
|turn|6
|
|t:|1758361529
|move|p2a: Great Tusk|Stealth Rock|p1a: Toxatax
|-sidestart|p1: TheGamingPolitoed|move: Stealth Rock
|move|p1a: Toxatax|Toxic Spikes|p2a: Great Tusk
|-sidestart|p2: ed1234z|move: Toxic Spikes
|
|upkeep
|turn|7
|
|t:|1758361534
|move|p2a: Great Tusk|Rapid Spin|p1a: Toxatax
|-damage|p1a: Toxatax|90/100
|-boost|p2a: Great Tusk|spe|1
|-damage|p2a: Great Tusk|0 fnt|[from] item: Rocky Helmet|[of] p1a: Toxatax
|faint|p2a: Great Tusk
|-end|p2a: Great Tusk|Protosynthesis|[silent]
|move|p1a: Toxatax|Recover|p1a: Toxatax
|-heal|p1a: Toxatax|100/100
|
|upkeep
|
|t:|1758361550
|switch|p2a: Pelipper|Pelipper, M, shiny|100/100
|-weather|RainDance|[from] ability: Drizzle|[of] p2a: Pelipper
|turn|8
|
|t:|1758361558
|switch|p1a: Ecomare|Primarina, F|100/100
|-damage|p1a: Ecomare|88/100|[from] Stealth Rock
|move|p2a: Pelipper|Hurricane|p1a: Ecomare
|-crit|p1a: Ecomare
|-damage|p1a: Ecomare|35/100
|
|-weather|RainDance|[upkeep]
|-heal|p1a: Ecomare|42/100|[from] item: Leftovers
|upkeep
|turn|9
|
|t:|1758361567
|move|p1a: Ecomare|Moonblast|p2a: Pelipper
|-damage|p2a: Pelipper|38/100
|move|p2a: Pelipper|Hurricane|p1a: Ecomare
|-damage|p1a: Ecomare|9/100
|
|-weather|RainDance|[upkeep]
|-heal|p1a: Ecomare|15/100|[from] item: Leftovers
|upkeep
|turn|10
|
|t:|1758361582
|switch|p2a: Ogerpon|Ogerpon-Wellspring, F|84/100
|-status|p2a: Ogerpon|psn
|move|p1a: Ecomare|Moonblast|p2a: Ogerpon
|-damage|p2a: Ogerpon|21/100 psn
|
|-weather|RainDance|[upkeep]
|-heal|p1a: Ecomare|21/100|[from] item: Leftovers
|-damage|p2a: Ogerpon|9/100 psn|[from] psn
|upkeep
|turn|11
|
|t:|1758361592
|switch|p1a: Toxatax|Toxapex, F|100/100
|-damage|p1a: Toxatax|88/100|[from] Stealth Rock
|move|p2a: Ogerpon|Horn Leech|p1a: Toxatax
|-damage|p1a: Toxatax|60/100
|-heal|p2a: Ogerpon|23/100 psn|[from] drain|[of] p1a: Toxatax
|-damage|p2a: Ogerpon|7/100 psn|[from] item: Rocky Helmet|[of] p1a: Toxatax
|
|-weather|RainDance|[upkeep]
|-damage|p2a: Ogerpon|0 fnt|[from] psn
|faint|p2a: Ogerpon
|upkeep
|
|t:|1758361600
|switch|p2a: Walking Wake|Walking Wake|100/100
|-status|p2a: Walking Wake|psn
|turn|12
|
|t:|1758361612
|switch|p1a: Ecomare|Primarina, F|21/100
|-damage|p1a: Ecomare|9/100|[from] Stealth Rock
|move|p2a: Walking Wake|Hydro Steam|p1a: Ecomare
|-resisted|p1a: Ecomare
|-damage|p1a: Ecomare|0 fnt
|faint|p1a: Ecomare
|
|-weather|RainDance|[upkeep]
|-damage|p2a: Walking Wake|88/100 psn|[from] psn
|upkeep
|
|t:|1758361622
|switch|p1a: Juan|Ludicolo, M|100/100
|-damage|p1a: Juan|88/100|[from] Stealth Rock
|turn|13
|
|t:|1758361629
|-end|p2a: Walking Wake|Protosynthesis|[silent]
|switch|p2a: Pelipper|Pelipper, M, shiny|38/100
|move|p1a: Juan|Protect||[still]
|-fail|p1a: Juan
|
|-weather|RainDance|[upkeep]
|upkeep
|turn|14
|
|t:|1758361635
|move|p1a: Juan|Giga Drain|p2a: Pelipper
|-crit|p2a: Pelipper
|-damage|p2a: Pelipper|0 fnt
|-heal|p1a: Juan|100/100|[from] drain|[of] p2a: Pelipper
|faint|p2a: Pelipper
|-damage|p1a: Juan|91/100|[from] item: Life Orb
|
|-weather|RainDance|[upkeep]
|upkeep
|
|t:|1758361649
|switch|p2a: Barraskewda|Barraskewda, M|100/100
|-status|p2a: Barraskewda|psn
|turn|15
|
|t:|1758361655
|switch|p1a: Toxatax|Toxapex, F|93/100
|-damage|p1a: Toxatax|81/100|[from] Stealth Rock
|move|p2a: Barraskewda|Close Combat|p1a: Toxatax
|-resisted|p1a: Toxatax
|-damage|p1a: Toxatax|64/100
|-unboost|p2a: Barraskewda|def|1
|-unboost|p2a: Barraskewda|spd|1
|-damage|p2a: Barraskewda|84/100 psn|[from] item: Rocky Helmet|[of] p1a: Toxatax
|
|-weather|none
|-damage|p2a: Barraskewda|71/100 psn|[from] psn
|upkeep
|turn|16
|inactive|TheGamingPolitoed has 120 seconds left.
|
|t:|1758361706
|switch|p2a: Walking Wake|Walking Wake|88/100 psn
|move|p1a: Toxatax|Recover|p1a: Toxatax
|-heal|p1a: Toxatax|100/100
|
|-damage|p2a: Walking Wake|76/100 psn|[from] psn
|upkeep
|turn|17
|
|t:|1758361724
|move|p2a: Walking Wake|Draco Meteor|p1a: Toxatax
|-damage|p1a: Toxatax|25/100
|-unboost|p2a: Walking Wake|spa|2
|move|p1a: Toxatax|Recover|p1a: Toxatax
|-heal|p1a: Toxatax|75/100
|
|-damage|p2a: Walking Wake|63/100 psn|[from] psn
|upkeep
|turn|18
|
|t:|1758361732
|-end|p2a: Walking Wake|Protosynthesis|[silent]
|switch|p2a: Barraskewda|Barraskewda, M|71/100 psn
|move|p1a: Toxatax|Surf|p2a: Barraskewda
|-resisted|p2a: Barraskewda
|-damage|p2a: Barraskewda|50/100 psn
|
|-damage|p2a: Barraskewda|38/100 psn|[from] psn
|upkeep
|turn|19
|
|t:|1758361740
|move|p2a: Barraskewda|Drill Run|p1a: Toxatax|[miss]
|-miss|p2a: Barraskewda|p1a: Toxatax
|move|p1a: Toxatax|Recover|p1a: Toxatax
|-heal|p1a: Toxatax|100/100
|
|-damage|p2a: Barraskewda|25/100 psn|[from] psn
|upkeep
|turn|20
|inactive|TheGamingPolitoed has 120 seconds left.
|
|t:|1758361747
|switch|p1a: Walk the Dinosaur|Walking Wake|100/100
|-damage|p1a: Walk the Dinosaur|88/100|[from] Stealth Rock
|move|p2a: Barraskewda|Drill Run|p1a: Walk the Dinosaur
|-damage|p1a: Walk the Dinosaur|44/100
|
|-damage|p2a: Barraskewda|13/100 psn|[from] psn
|upkeep
|turn|21
|
|t:|1758361754
|move|p2a: Barraskewda|Drill Run|p1a: Walk the Dinosaur
|-damage|p1a: Walk the Dinosaur|1/100
|move|p1a: Walk the Dinosaur|Hydro Steam|p2a: Barraskewda
|-resisted|p2a: Barraskewda
|-damage|p2a: Barraskewda|0 fnt
|faint|p2a: Barraskewda
|
|upkeep
|
|t:|1758361760
|switch|p2a: Floatzel|Floatzel, F|100/100
|-status|p2a: Floatzel|psn
|turn|22
|
|t:|1758361764
|move|p2a: Floatzel|Flip Turn|p1a: Walk the Dinosaur
|-resisted|p1a: Walk the Dinosaur
|-damage|p1a: Walk the Dinosaur|0 fnt
|faint|p1a: Walk the Dinosaur
|-end|p1a: Walk the Dinosaur|Protosynthesis|[silent]
|
|t:|1758361767
|switch|p2a: Walking Wake|Walking Wake|63/100 psn|[from] Flip Turn
|
|-damage|p2a: Walking Wake|51/100 psn|[from] psn
|upkeep
|
|t:|1758361772
|switch|p1a: The King|Politoed, M|100/100
|-damage|p1a: The King|88/100|[from] Stealth Rock
|-weather|RainDance|[from] ability: Drizzle|[of] p1a: The King
|turn|23
|
|t:|1758361800
|move|p2a: Walking Wake|Hydro Steam|p1a: The King
|-resisted|p1a: The King
|-damage|p1a: The King|45/100
|move|p1a: The King|Ice Beam|p2a: Walking Wake
|-damage|p2a: Walking Wake|28/100 psn
|
|-weather|RainDance|[upkeep]
|-damage|p2a: Walking Wake|15/100 psn|[from] psn
|upkeep
|turn|24
|
|t:|1758361809
|switch|p1a: Toxatax|Toxapex, F|100/100
|-damage|p1a: Toxatax|88/100|[from] Stealth Rock
|move|p2a: Walking Wake|Hydro Steam|p1a: Toxatax
|-resisted|p1a: Toxatax
|-damage|p1a: Toxatax|50/100
|
|-weather|RainDance|[upkeep]
|-damage|p2a: Walking Wake|3/100 psn|[from] psn
|upkeep
|turn|25
|
|t:|1758361818
|move|p2a: Walking Wake|Hydro Steam|p1a: Toxatax
|-resisted|p1a: Toxatax
|-damage|p1a: Toxatax|14/100
|move|p1a: Toxatax|Recover|p1a: Toxatax
|-heal|p1a: Toxatax|64/100
|
|-weather|RainDance|[upkeep]
|-damage|p2a: Walking Wake|0 fnt|[from] psn
|faint|p2a: Walking Wake
|-end|p2a: Walking Wake|Protosynthesis|[silent]
|upkeep
|
|t:|1758361823
|switch|p2a: Floatzel|Floatzel, F|100/100 psn
|turn|26
|
|t:|1758361834
|-terastallize|p2a: Floatzel|Water
|move|p2a: Floatzel|Wave Crash|p1a: Toxatax
|-resisted|p1a: Toxatax
|-damage|p1a: Toxatax|18/100
|-damage|p2a: Floatzel|84/100 psn|[from] item: Rocky Helmet|[of] p1a: Toxatax
|-damage|p2a: Floatzel|69/100 psn|[from] Recoil
|move|p1a: Toxatax|Surf|p2a: Floatzel
|-resisted|p2a: Floatzel
|-damage|p2a: Floatzel|41/100 psn
|
|-weather|RainDance|[upkeep]
|-damage|p2a: Floatzel|29/100 psn|[from] psn
|upkeep
|turn|27
|
|t:|1758361845
|move|p2a: Floatzel|Wave Crash|p1a: Toxatax
|-resisted|p1a: Toxatax
|-damage|p1a: Toxatax|0 fnt
|-damage|p2a: Floatzel|12/100 psn|[from] item: Rocky Helmet|[of] p1a: Toxatax
|faint|p1a: Toxatax
|-damage|p2a: Floatzel|7/100 psn|[from] Recoil
|
|-weather|RainDance|[upkeep]
|-damage|p2a: Floatzel|0 fnt|[from] psn
|faint|p2a: Floatzel
|
|win|TheGamingPolitoed
|raw|TheGamingPolitoed's rating: 1297 &rarr; <strong>1324</strong><br />(+27 for winning)
|raw|ed1234z's rating: 1323 &rarr; <strong>1302</strong><br />(-21 for losing)
|l|☆ed1234z
|player|p2|
|l|☆TheGamingPolitoed
|player|p1|
