|j|☆waha8
|j|☆HuevozRancheroz
|t:|1758352797
|gametype|singles
|player|p1|waha8|102|1379
|player|p2|HuevozRancheroz|rosa|1358
|gen|9
|tier|[Gen 9] OU
|rated|
|rule|HP Percentage Mod: HP is shown in percentages
|rule|Endless Battle Clause: Forcing endless battles is banned
|rule|Species Clause: Limit one of each Pokémon
|rule|OHKO Clause: OHKO moves are banned
|rule|Evasion Items Clause: Evasion items are banned
|rule|Evasion Moves Clause: Evasion moves are banned
|rule|Evasion Abilities Clause: Evasion abilities are banned
|rule|Sleep Moves Clause: Sleep-inducing moves are banned
|clearpoke
|poke|p1|Blaziken, M|
|poke|p1|Ninetales, F|
|poke|p1|Indeedee, M|
|poke|p1|Hatterene, F|
|poke|p1|Slowbro-Galar, M|
|poke|p1|Cinderace, F|
|poke|p2|Klefki, M|
|poke|p2|Rillaboom, F|
|poke|p2|Garganacl, F|
|poke|p2|Dondozo, M|
|poke|p2|Iron Crown|
|poke|p2|Cinderace, M|
|teampreview
|inactive|Battle timer is ON: inactive players will automatically lose when time's up. (requested by HuevozRancheroz)
|
|t:|1758352801
|teamsize|p1|6
|teamsize|p2|6
|start
|switch|p1a: Kurama|Ninetales, F|100/100
|switch|p2a: Klefki|Klefki, M|100/100
|-weather|SunnyDay|[from] ability: Drought|[of] p1a: Kurama
|turn|1
|
|t:|1758352810
|move|p2a: Klefki|Light Screen|p2a: Klefki
|-sidestart|p2: HuevozRancheroz|move: Light Screen
|move|p1a: Kurama|Weather Ball|p2a: Klefki
|-supereffective|p2a: Klefki
|-damage|p2a: Klefki|49/100
|
|-weather|SunnyDay|[upkeep]
|upkeep
|turn|2
|
|t:|1758352817
|switch|p1a: ReverseUNO|Cinderace, F|100/100
|move|p2a: Klefki|Reflect|p2a: Klefki
|-sidestart|p2: HuevozRancheroz|Reflect
|
|-weather|SunnyDay|[upkeep]
|upkeep
|turn|3
|
|t:|1758352822
|move|p2a: Klefki|Thunder Wave|p1a: ReverseUNO
|-status|p1a: ReverseUNO|par
|move|p1a: ReverseUNO|Court Change|p1a: ReverseUNO
|-start|p1a: ReverseUNO|typechange|Normal|[from] ability: Libero
|-swapsideconditions
|-activate|p1a: ReverseUNO|move: Court Change
|
|-weather|SunnyDay|[upkeep]
|upkeep
|turn|4
|
|t:|1758352830
|switch|p1a: DeeDee|Indeedee, M|100/100
|-fieldstart|move: Psychic Terrain|[from] ability: Psychic Surge|[of] p1a: DeeDee
|move|p2a: Klefki|Reflect|p2a: Klefki
|-sidestart|p2: HuevozRancheroz|Reflect
|
|-weather|SunnyDay|[upkeep]
|upkeep
|turn|5
|
|t:|1758352836
|switch|p1a: CaptFalcon|Blaziken, M|100/100
|move|p2a: Klefki|Light Screen|p2a: Klefki
|-sidestart|p2: HuevozRancheroz|move: Light Screen
|
|-weather|SunnyDay|[upkeep]
|upkeep
|turn|6
|
|t:|1758352841
|move|p2a: Klefki|Thunder Wave|p1a: CaptFalcon
|-activate|p1a: CaptFalcon|move: Psychic Terrain
|move|p1a: CaptFalcon|Focus Energy|p1a: CaptFalcon
|-start|p1a: CaptFalcon|move: Focus Energy
|
|-weather|SunnyDay|[upkeep]
|-ability|p1a: CaptFalcon|Speed Boost|boost
|-boost|p1a: CaptFalcon|spe|1
|upkeep
|turn|7
|
|t:|1758352854
|move|p1a: CaptFalcon|Overheat|p2a: Klefki
|-supereffective|p2a: Klefki
|-crit|p2a: Klefki
|-damage|p2a: Klefki|0 fnt
|-unboost|p1a: CaptFalcon|spa|2
|faint|p2a: Klefki
|
|-weather|SunnyDay|[upkeep]
|-ability|p1a: CaptFalcon|Speed Boost|boost
|-boost|p1a: CaptFalcon|spe|1
|upkeep
|
|t:|1758352858
|switch|p2a: Rillaboom|Rillaboom, F|100/100
|-fieldstart|move: Grassy Terrain|[from] ability: Grassy Surge|[of] p2a: Rillaboom
|turn|8
|
|t:|1758352869
|switch|p2a: Dondozo|Dondozo, M|100/100
|move|p1a: CaptFalcon|Overheat|p2a: Dondozo
|-resisted|p2a: Dondozo
|-crit|p2a: Dondozo
|-damage|p2a: Dondozo|59/100
|-unboost|p1a: CaptFalcon|spa|2
|
|-weather|none
|-heal|p2a: Dondozo|65/100|[from] Grassy Terrain
|-heal|p2a: Dondozo|71/100|[from] item: Leftovers
|-sideend|p1: waha8|move: Light Screen
|-ability|p1a: CaptFalcon|Speed Boost|boost
|-boost|p1a: CaptFalcon|spe|1
|upkeep
|turn|9
|
|t:|1758352883
|switch|p1a: Kurama|Ninetales, F|100/100
|-weather|SunnyDay|[from] ability: Drought|[of] p1a: Kurama
|move|p2a: Dondozo|Wave Crash|p1a: Kurama
|-supereffective|p1a: Kurama
|-damage|p1a: Kurama|70/100
|-damage|p2a: Dondozo|65/100|[from] Recoil
|
|-weather|SunnyDay|[upkeep]
|-heal|p1a: Kurama|76/100|[from] Grassy Terrain
|-heal|p2a: Dondozo|72/100|[from] Grassy Terrain
|-heal|p2a: Dondozo|78/100|[from] item: Leftovers
|-sideend|p1: waha8|Reflect
|upkeep
|turn|10
|
|t:|1758352903
|move|p1a: Kurama|Will-O-Wisp|p2a: Dondozo
|-status|p2a: Dondozo|brn
|move|p2a: Dondozo|Wave Crash|p1a: Kurama
|-supereffective|p1a: Kurama
|-damage|p1a: Kurama|46/100
|-damage|p2a: Dondozo|72/100 brn|[from] Recoil
|
|-weather|SunnyDay|[upkeep]
|-heal|p1a: Kurama|52/100|[from] Grassy Terrain
|-heal|p2a: Dondozo|78/100 brn|[from] Grassy Terrain
|-heal|p2a: Dondozo|84/100 brn|[from] item: Leftovers
|-damage|p2a: Dondozo|78/100 brn|[from] brn
|upkeep
|turn|11
|
|t:|1758352917
|move|p1a: Kurama|Solar Beam||[still]
|-prepare|p1a: Kurama|Solar Beam
|-anim|p1a: Kurama|Solar Beam|p2a: Dondozo
|-supereffective|p2a: Dondozo
|-damage|p2a: Dondozo|51/100 brn
|move|p2a: Dondozo|Curse|p2a: Dondozo
|-unboost|p2a: Dondozo|spe|1
|-boost|p2a: Dondozo|atk|1
|-boost|p2a: Dondozo|def|1
|
|-weather|SunnyDay|[upkeep]
|-heal|p1a: Kurama|58/100|[from] Grassy Terrain
|-heal|p2a: Dondozo|57/100 brn|[from] Grassy Terrain
|-heal|p2a: Dondozo|64/100 brn|[from] item: Leftovers
|-damage|p2a: Dondozo|57/100 brn|[from] brn
|-sideend|p2: HuevozRancheroz|Reflect
|upkeep
|turn|12
|
|t:|1758352929
|switch|p1a: DeeDee|Indeedee, M|100/100
|-fieldstart|move: Psychic Terrain|[from] ability: Psychic Surge|[of] p1a: DeeDee
|move|p2a: Dondozo|Curse|p2a: Dondozo
|-unboost|p2a: Dondozo|spe|1
|-boost|p2a: Dondozo|atk|1
|-boost|p2a: Dondozo|def|1
|
|-weather|SunnyDay|[upkeep]
|-heal|p2a: Dondozo|64/100 brn|[from] item: Leftovers
|-damage|p2a: Dondozo|57/100 brn|[from] brn
|-sideend|p2: HuevozRancheroz|move: Light Screen
|upkeep
|turn|13
|
|t:|1758352940
|move|p1a: DeeDee|Encore|p2a: Dondozo
|-start|p2a: Dondozo|Encore
|move|p2a: Dondozo|Curse|p2a: Dondozo
|-unboost|p2a: Dondozo|spe|1
|-boost|p2a: Dondozo|atk|1
|-boost|p2a: Dondozo|def|1
|
|-weather|SunnyDay|[upkeep]
|-heal|p2a: Dondozo|64/100 brn|[from] item: Leftovers
|-damage|p2a: Dondozo|57/100 brn|[from] brn
|upkeep
|turn|14
|
|t:|1758352949
|switch|p1a: CaptFalcon|Blaziken, M|100/100
|move|p2a: Dondozo|Curse|p2a: Dondozo
|-unboost|p2a: Dondozo|spe|1
|-boost|p2a: Dondozo|atk|1
|-boost|p2a: Dondozo|def|1
|
|-weather|SunnyDay|[upkeep]
|-heal|p2a: Dondozo|64/100 brn|[from] item: Leftovers
|-damage|p2a: Dondozo|57/100 brn|[from] brn
|upkeep
|turn|15
|
|t:|1758352958
|move|p1a: CaptFalcon|Focus Energy|p1a: CaptFalcon
|-start|p1a: CaptFalcon|move: Focus Energy
|move|p2a: Dondozo|Curse|p2a: Dondozo
|-unboost|p2a: Dondozo|spe|1
|-boost|p2a: Dondozo|atk|1
|-boost|p2a: Dondozo|def|1
|
|-weather|SunnyDay|[upkeep]
|-heal|p2a: Dondozo|64/100 brn|[from] item: Leftovers
|-damage|p2a: Dondozo|57/100 brn|[from] brn
|-end|p2a: Dondozo|Encore
|-ability|p1a: CaptFalcon|Speed Boost|boost
|-boost|p1a: CaptFalcon|spe|1
|upkeep
|turn|16
|
|t:|1758352970
|-terastallize|p1a: CaptFalcon|Fire
|move|p1a: CaptFalcon|Overheat|p2a: Dondozo
|-resisted|p2a: Dondozo
|-crit|p2a: Dondozo
|-damage|p2a: Dondozo|0 fnt
|-unboost|p1a: CaptFalcon|spa|2
|faint|p2a: Dondozo
|
|-weather|none
|-ability|p1a: CaptFalcon|Speed Boost|boost
|-boost|p1a: CaptFalcon|spe|1
|upkeep
|
|t:|1758352987
|switch|p2a: Garganacl|Garganacl, F|100/100
|turn|17
|
|t:|1758352992
|move|p1a: CaptFalcon|Overheat|p2a: Garganacl
|-resisted|p2a: Garganacl
|-crit|p2a: Garganacl
|-damage|p2a: Garganacl|61/100
|-unboost|p1a: CaptFalcon|spa|2
|move|p2a: Garganacl|Salt Cure|p1a: CaptFalcon
|-supereffective|p1a: CaptFalcon
|-damage|p1a: CaptFalcon|55/100
|-start|p1a: CaptFalcon|Salt Cure
|
|-heal|p2a: Garganacl|67/100|[from] item: Leftovers
|-damage|p1a: CaptFalcon|42/100|[from] Salt Cure
|-ability|p1a: CaptFalcon|Speed Boost|boost
|-boost|p1a: CaptFalcon|spe|1
|upkeep
|turn|18
|
|t:|1758353003
|move|p1a: CaptFalcon|Close Combat|p2a: Garganacl
|-supereffective|p2a: Garganacl
|-crit|p2a: Garganacl
|-damage|p2a: Garganacl|0 fnt
|-unboost|p1a: CaptFalcon|def|1
|-unboost|p1a: CaptFalcon|spd|1
|faint|p2a: Garganacl
|
|-damage|p1a: CaptFalcon|30/100|[from] Salt Cure
|-ability|p1a: CaptFalcon|Speed Boost|boost
|-boost|p1a: CaptFalcon|spe|1
|upkeep
|inactive|HuevozRancheroz has 120 seconds left.
|
|t:|1758353033
|switch|p2a: Cinderace|Cinderace, M|100/100
|turn|19
|
|t:|1758353039
|move|p2a: Cinderace|Sucker Punch|p1a: CaptFalcon
|-start|p2a: Cinderace|typechange|Dark|[from] ability: Libero
|-activate|p1a: CaptFalcon|move: Psychic Terrain
|move|p1a: CaptFalcon|Close Combat|p2a: Cinderace
|-supereffective|p2a: Cinderace
|-crit|p2a: Cinderace
|-damage|p2a: Cinderace|0 fnt
|-unboost|p1a: CaptFalcon|def|1
|-unboost|p1a: CaptFalcon|spd|1
|faint|p2a: Cinderace
|
|-damage|p1a: CaptFalcon|18/100|[from] Salt Cure
|-fieldend|move: Psychic Terrain
|-ability|p1a: CaptFalcon|Speed Boost|boost
|-boost|p1a: CaptFalcon|spe|1
|upkeep
|inactive|HuevozRancheroz has 120 seconds left.
|
|t:|1758353056
|switch|p2a: Rillaboom|Rillaboom, F|100/100
|-fieldstart|move: Grassy Terrain|[from] ability: Grassy Surge|[of] p2a: Rillaboom
|turn|20
|
|t:|1758353063
|-terastallize|p2a: Rillaboom|Grass
|move|p2a: Rillaboom|Grassy Glide|p1a: CaptFalcon
|-resisted|p1a: CaptFalcon
|-damage|p1a: CaptFalcon|0 fnt
|faint|p1a: CaptFalcon
|
|upkeep
|
|t:|1758353069
|switch|p1a: Kurama|Ninetales, F|58/100
|-weather|SunnyDay|[from] ability: Drought|[of] p1a: Kurama
|turn|21
|
|t:|1758353081
|move|p2a: Rillaboom|Grassy Glide|p1a: Kurama
|-resisted|p1a: Kurama
|-damage|p1a: Kurama|18/100
|move|p1a: Kurama|Weather Ball|p2a: Rillaboom
|-supereffective|p2a: Rillaboom
|-damage|p2a: Rillaboom|0 fnt
|faint|p2a: Rillaboom
|
|-weather|SunnyDay|[upkeep]
|-heal|p1a: Kurama|23/100|[from] Grassy Terrain
|upkeep
|
|t:|1758353087
|switch|p2a: Iron Crown|Iron Crown|100/100
|-enditem|p2a: Iron Crown|Booster Energy
|-activate|p2a: Iron Crown|ability: Quark Drive|[fromitem]
|-start|p2a: Iron Crown|quarkdrivespe
|turn|22
|
|t:|1758353098
|move|p2a: Iron Crown|Psyshock|p1a: Kurama
|-damage|p1a: Kurama|0 fnt
|faint|p1a: Kurama
|
|-weather|SunnyDay|[upkeep]
|upkeep
|
|t:|1758353103
|switch|p1a: ReverseUNO|Cinderace, F|100/100 par
|turn|23
|
|t:|1758353109
|move|p2a: Iron Crown|Calm Mind|p2a: Iron Crown
|-boost|p2a: Iron Crown|spa|1
|-boost|p2a: Iron Crown|spd|1
|move|p1a: ReverseUNO|Pyro Ball|p2a: Iron Crown
|-supereffective|p2a: Iron Crown
|-damage|p2a: Iron Crown|0 fnt
|faint|p2a: Iron Crown
|-end|p2a: Iron Crown|Quark Drive|[silent]
|
|win|waha8
|raw|waha8's rating: 1379 &rarr; <strong>1398</strong><br />(+19 for winning)
|raw|HuevozRancheroz's rating: 1358 &rarr; <strong>1339</strong><br />(-19 for losing)
|l|☆HuevozRancheroz
|player|p2|
