|j|☆reyturk24
|j|☆kpo2022
|t:|1758258547
|gametype|singles
|player|p1|reyturk24|1|1209
|player|p2|kpo2022|101|1195
|gen|9
|tier|[Gen 9] OU
|rated|
|rule|HP Percentage Mod: HP is shown in percentages
|rule|Endless Battle Clause: Forcing endless battles is banned
|rule|Species Clause: Limit one of each Pokémon
|rule|OHKO Clause: OHKO moves are banned
|rule|Evasion Items Clause: Evasion items are banned
|rule|Evasion Moves Clause: Evasion moves are banned
|rule|Evasion Abilities Clause: Evasion abilities are banned
|rule|Sleep Moves Clause: Sleep-inducing moves are banned
|clearpoke
|poke|p1|Landorus-Therian, M|
|poke|p1|Samurott-Hisui, M|
|poke|p1|Pecharunt|
|poke|p1|Scizor, F|
|poke|p1|Latios, M|
|poke|p1|Zamazenta-*|
|poke|p2|Alomomola, M|
|poke|p2|Dragapult, F|
|poke|p2|Barraskewda, F|
|poke|p2|Thundurus-Therian, M|
|poke|p2|Slowking-Galar, F|
|poke|p2|Cryogonal|
|teampreview
|inactive|Battle timer is ON: inactive players will automatically lose when time's up. (requested by kpo2022)
|inactive|reyturk24 has 120 seconds left.
|
|t:|1758258598
|teamsize|p1|6
|teamsize|p2|6
|start
|switch|p1a: Landorus|Landorus-Therian, M|100/100
|switch|p2a: Dragapult|Dragapult, F|100/100
|-ability|p1a: Landorus|Intimidate|boost
|-unboost|p2a: Dragapult|atk|1
|turn|1
|inactive|reyturk24 has 120 seconds left.
|
|t:|1758258633
|move|p2a: Dragapult|U-turn|p1a: Landorus
|-resisted|p1a: Landorus
|-damage|p1a: Landorus|89/100
|-damage|p2a: Dragapult|84/100|[from] item: Rocky Helmet|[of] p1a: Landorus
|
|t:|1758258653
|switch|p2a: Cryogonal|Cryogonal|100/100|[from] U-turn
|move|p1a: Landorus|Stealth Rock|p2a: Cryogonal
|-sidestart|p2: kpo2022|move: Stealth Rock
|
|upkeep
|turn|2
|
|t:|1758258666
|switch|p1a: Scizor|Scizor, F|100/100
|move|p2a: Cryogonal|Rapid Spin|p1a: Scizor
|-resisted|p1a: Scizor
|-damage|p1a: Scizor|97/100
|-boost|p2a: Cryogonal|spe|1
|-sideend|p2: kpo2022|Stealth Rock|[from] move: Rapid Spin|[of] p2a: Cryogonal
|
|upkeep
|turn|3
|
|t:|1758258677
|switch|p2a: Alomomola|Alomomola, M|100/100
|move|p1a: Scizor|Knock Off|p2a: Alomomola
|-damage|p2a: Alomomola|81/100
|-damage|p1a: Scizor|80/100|[from] item: Rocky Helmet|[of] p2a: Alomomola
|-enditem|p2a: Alomomola|Rocky Helmet|[from] move: Knock Off|[of] p1a: Scizor
|
|upkeep
|turn|4
|
|t:|1758258686
|move|p1a: Scizor|Swords Dance|p1a: Scizor
|-boost|p1a: Scizor|atk|2
|move|p2a: Alomomola|Flip Turn|p1a: Scizor
|-damage|p1a: Scizor|62/100
|
|t:|1758258699
|switch|p2a: Barraskewda|Barraskewda, F|100/100|[from] Flip Turn
|
|upkeep
|turn|5
|
|t:|1758258714
|-terastallize|p2a: Barraskewda|Water
|-terastallize|p1a: Scizor|Electric
|move|p2a: Barraskewda|Aqua Jet|p1a: Scizor
|-damage|p1a: Scizor|13/100
|move|p1a: Scizor|Tera Blast|p2a: Barraskewda|[anim] Tera Blast Electric
|-supereffective|p2a: Barraskewda
|-damage|p2a: Barraskewda|0 fnt
|faint|p2a: Barraskewda
|
|upkeep
|
|t:|1758258730
|switch|p2a: Thundurus|Thundurus-Therian, M|100/100
|turn|6
|
|t:|1758258735
|move|p1a: Scizor|Bullet Punch|p2a: Thundurus
|-resisted|p2a: Thundurus
|-damage|p2a: Thundurus|49/100
|move|p2a: Thundurus|Dark Pulse|p1a: Scizor
|-damage|p1a: Scizor|0 fnt
|faint|p1a: Scizor
|
|upkeep
|
|t:|1758258741
|switch|p1a: Landorus|Landorus-Therian, M|89/100
|-ability|p1a: Landorus|Intimidate|boost
|-unboost|p2a: Thundurus|atk|1
|turn|7
|
|t:|1758258749
|switch|p2a: Alomomola|Alomomola, M|100/100
|move|p1a: Landorus|Smack Down|p2a: Alomomola
|-damage|p2a: Alomomola|92/100
|
|upkeep
|turn|8
|
|t:|1758258761
|move|p1a: Landorus|U-turn|p2a: Alomomola
|-damage|p2a: Alomomola|80/100
|
|t:|1758258767
|switch|p1a: Latios|Latios, M|100/100|[from] U-turn
|move|p2a: Alomomola|Wish|p2a: Alomomola
|
|upkeep
|turn|9
|
|t:|1758258776
|move|p1a: Latios|Psychic Noise|p2a: Alomomola
|-damage|p2a: Alomomola|25/100
|-start|p2a: Alomomola|move: Heal Block
|move|p2a: Alomomola|Flip Turn|p1a: Latios
|-resisted|p1a: Latios
|-damage|p1a: Latios|89/100
|
|t:|1758258788
|switch|p2a: Thundurus|Thundurus-Therian, M|49/100|[from] Flip Turn
|
|-heal|p2a: Thundurus|100/100|[from] move: Wish|[wisher] Alomomola
|upkeep
|turn|10
|
|t:|1758258800
|switch|p1a: Zamazenta|Zamazenta|100/100
|-ability|p1a: Zamazenta|Dauntless Shield|boost
|-boost|p1a: Zamazenta|def|1
|move|p2a: Thundurus|Dark Pulse|p1a: Zamazenta
|-resisted|p1a: Zamazenta
|-crit|p1a: Zamazenta
|-damage|p1a: Zamazenta|79/100
|
|-heal|p1a: Zamazenta|85/100|[from] item: Leftovers
|upkeep
|turn|11
|
|t:|1758258814
|switch|p2a: Alomomola|Alomomola, M|58/100
|switch|p1a: Landorus|Landorus-Therian, M|89/100
|-ability|p1a: Landorus|Intimidate|boost
|-unboost|p2a: Alomomola|atk|1
|
|upkeep
|turn|12
|
|t:|1758258823
|move|p1a: Landorus|Stealth Rock|p2a: Alomomola
|-sidestart|p2: kpo2022|move: Stealth Rock
|move|p2a: Alomomola|Flip Turn|p1a: Landorus
|-supereffective|p1a: Landorus
|-damage|p1a: Landorus|68/100
|-damage|p2a: Alomomola|41/100|[from] item: Rocky Helmet|[of] p1a: Landorus
|
|t:|1758258831
|switch|p2a: Cryogonal|Cryogonal|100/100|[from] Flip Turn
|-damage|p2a: Cryogonal|76/100|[from] Stealth Rock
|
|-heal|p2a: Cryogonal|82/100|[from] item: Leftovers
|upkeep
|turn|13
|
|t:|1758258841
|move|p1a: Landorus|U-turn|p2a: Cryogonal
|-damage|p2a: Cryogonal|57/100
|
|t:|1758258844
|switch|p1a: Zamazenta|Zamazenta|85/100|[from] U-turn
|move|p2a: Cryogonal|Rapid Spin|p1a: Zamazenta
|-damage|p1a: Zamazenta|81/100
|-boost|p2a: Cryogonal|spe|1
|-sideend|p2: kpo2022|Stealth Rock|[from] move: Rapid Spin|[of] p2a: Cryogonal
|
|-heal|p1a: Zamazenta|87/100|[from] item: Leftovers
|-heal|p2a: Cryogonal|63/100|[from] item: Leftovers
|upkeep
|turn|14
|
|t:|1758258857
|switch|p2a: Alomomola|Alomomola, M|75/100
|move|p1a: Zamazenta|Crunch|p2a: Alomomola
|-damage|p2a: Alomomola|64/100
|
|-heal|p1a: Zamazenta|93/100|[from] item: Leftovers
|upkeep
|turn|15
|
|t:|1758258869
|switch|p1a: Landorus|Landorus-Therian, M|68/100
|-ability|p1a: Landorus|Intimidate|boost
|-unboost|p2a: Alomomola|atk|1
|move|p2a: Alomomola|Flip Turn|p1a: Landorus
|-supereffective|p1a: Landorus
|-damage|p1a: Landorus|45/100
|-damage|p2a: Alomomola|47/100|[from] item: Rocky Helmet|[of] p1a: Landorus
|
|t:|1758258889
|switch|p2a: Dragapult|Dragapult, F|84/100|[from] Flip Turn
|
|upkeep
|turn|16
|
|t:|1758258896
|move|p2a: Dragapult|Dragon Darts|p1a: Landorus
|-damage|p1a: Landorus|11/100
|-anim|p2a: Dragapult|Dragon Darts|p1a: Landorus
|-damage|p1a: Landorus|0 fnt
|faint|p1a: Landorus
|
|upkeep
|
|t:|1758258900
|switch|p1a: Samurott|Samurott-Hisui, M|100/100
|turn|17
|
|t:|1758258906
|switch|p2a: Alomomola|Alomomola, M|80/100
|move|p1a: Samurott|Ceaseless Edge|p2a: Alomomola
|-damage|p2a: Alomomola|56/100
|-sidestart|p2: kpo2022|Spikes
|
|upkeep
|turn|18
|
|t:|1758258914
|move|p1a: Samurott|Ceaseless Edge|p2a: Alomomola
|-damage|p2a: Alomomola|29/100
|-sidestart|p2: kpo2022|Spikes
|move|p2a: Alomomola|Flip Turn|p1a: Samurott
|-resisted|p1a: Samurott
|-damage|p1a: Samurott|91/100
|
|t:|1758258928
|switch|p2a: Thundurus|Thundurus-Therian, M|100/100|[from] Flip Turn
|
|upkeep
|turn|19
|
|t:|1758258933
|switch|p1a: Latios|Latios, M|89/100
|move|p2a: Thundurus|Volt Switch|p1a: Latios
|-resisted|p1a: Latios
|-damage|p1a: Latios|69/100
|
|t:|1758258952
|switch|p2a: Cryogonal|Cryogonal|63/100|[from] Volt Switch
|
|-heal|p2a: Cryogonal|69/100|[from] item: Leftovers
|upkeep
|turn|20
|
|t:|1758258960
|move|p1a: Latios|Psychic Noise|p2a: Cryogonal
|-damage|p2a: Cryogonal|37/100
|-start|p2a: Cryogonal|move: Heal Block
|move|p2a: Cryogonal|Rapid Spin|p1a: Latios
|-damage|p1a: Latios|60/100
|-boost|p2a: Cryogonal|spe|1
|-sideend|p2: kpo2022|Spikes|[from] move: Rapid Spin|[of] p2a: Cryogonal
|
|upkeep
|turn|21
|
|t:|1758258972
|switch|p2a: Dragapult|Dragapult, F|84/100
|move|p1a: Latios|Draco Meteor|p2a: Dragapult
|-supereffective|p2a: Dragapult
|-damage|p2a: Dragapult|0 fnt
|-unboost|p1a: Latios|spa|2
|faint|p2a: Dragapult
|
|upkeep
|
|t:|1758258982
|switch|p2a: Thundurus|Thundurus-Therian, M|100/100
|turn|22
|
|t:|1758258995
|switch|p1a: Zamazenta|Zamazenta|93/100
|move|p2a: Thundurus|Volt Switch|p1a: Zamazenta
|-damage|p1a: Zamazenta|58/100
|
|t:|1758259010
|switch|p2a: Alomomola|Alomomola, M|62/100|[from] Volt Switch
|
|-heal|p1a: Zamazenta|64/100|[from] item: Leftovers
|upkeep
|turn|23
|
|t:|1758259025
|move|p1a: Zamazenta|Iron Defense|p1a: Zamazenta
|-boost|p1a: Zamazenta|def|2
|move|p2a: Alomomola|Flip Turn|p1a: Zamazenta
|-damage|p1a: Zamazenta|58/100
|
|t:|1758259033
|switch|p2a: Thundurus|Thundurus-Therian, M|100/100|[from] Flip Turn
|
|-heal|p1a: Zamazenta|64/100|[from] item: Leftovers
|upkeep
|turn|24
|
|t:|1758259037
|move|p2a: Thundurus|Volt Switch|p1a: Zamazenta
|-damage|p1a: Zamazenta|26/100
|
|t:|1758259042
|switch|p2a: Alomomola|Alomomola, M|96/100|[from] Volt Switch
|move|p1a: Zamazenta|Body Press|p2a: Alomomola
|-damage|p2a: Alomomola|55/100
|
|-heal|p1a: Zamazenta|32/100|[from] item: Leftovers
|upkeep
|turn|25
|
|t:|1758259052
|move|p1a: Zamazenta|Body Press|p2a: Alomomola
|-damage|p2a: Alomomola|16/100
|move|p2a: Alomomola|Flip Turn|p1a: Zamazenta
|-damage|p1a: Zamazenta|27/100
|
|t:|1758259058
|switch|p2a: Thundurus|Thundurus-Therian, M|100/100|[from] Flip Turn
|
|-heal|p1a: Zamazenta|33/100|[from] item: Leftovers
|upkeep
|turn|26
|
|t:|1758259065
|move|p2a: Thundurus|Thunderbolt|p1a: Zamazenta
|-damage|p1a: Zamazenta|0 fnt
|faint|p1a: Zamazenta
|
|upkeep
|
|t:|1758259073
|switch|p1a: Pecharunt|Pecharunt|100/100
|turn|27
|
|t:|1758259086
|switch|p2a: Slowking|Slowking-Galar, F|100/100
|move|p1a: Pecharunt|Malignant Chain|p2a: Slowking
|-resisted|p2a: Slowking
|-damage|p2a: Slowking|91/100
|
|upkeep
|turn|28
|
|t:|1758259096
|move|p1a: Pecharunt|Parting Shot|p2a: Slowking
|-unboost|p2a: Slowking|atk|1
|-unboost|p2a: Slowking|spa|1
|
|t:|1758259099
|switch|p1a: Samurott|Samurott-Hisui, M|91/100|[from] Parting Shot
|move|p2a: Slowking|Thunder Wave|p1a: Samurott
|-status|p1a: Samurott|par
|
|upkeep
|turn|29
|
|t:|1758259108
|move|p1a: Samurott|Ceaseless Edge|p2a: Slowking
|-supereffective|p2a: Slowking
|-damage|p2a: Slowking|0 fnt
|-sidestart|p2: kpo2022|Spikes
|faint|p2a: Slowking
|
|upkeep
|
|t:|1758259112
|switch|p2a: Thundurus|Thundurus-Therian, M|100/100
|turn|30
|
|t:|1758259124
|move|p1a: Samurott|Aqua Jet|p2a: Thundurus
|-damage|p2a: Thundurus|71/100
|move|p2a: Thundurus|Thunderbolt|p1a: Samurott
|-supereffective|p1a: Samurott
|-damage|p1a: Samurott|0 fnt
|faint|p1a: Samurott
|
|upkeep
|
|t:|1758259128
|switch|p1a: Pecharunt|Pecharunt|100/100
|turn|31
|
|t:|1758259134
|move|p2a: Thundurus|Thunderbolt|p1a: Pecharunt
|-damage|p1a: Pecharunt|45/100
|-status|p1a: Pecharunt|par
|move|p1a: Pecharunt|Malignant Chain|p2a: Thundurus
|-damage|p2a: Thundurus|32/100
|-status|p2a: Thundurus|tox
|-start|p2a: Thundurus|confusion|[from] ability: Poison Puppeteer|[of] p1a: Pecharunt
|
|-damage|p2a: Thundurus|26/100 tox|[from] psn
|upkeep
|turn|32
|
|t:|1758259146
|-activate|p2a: Thundurus|confusion
|move|p2a: Thundurus|Thunderbolt|p1a: Pecharunt
|-damage|p1a: Pecharunt|0 fnt
|faint|p1a: Pecharunt
|
|-damage|p2a: Thundurus|14/100 tox|[from] psn
|upkeep
|
|t:|1758259149
|switch|p1a: Latios|Latios, M|60/100
|turn|33
|
|t:|1758259173
|switch|p2a: Alomomola|Alomomola, M|49/100
|-damage|p2a: Alomomola|37/100|[from] Spikes
|move|p1a: Latios|Recover|p1a: Latios
|-heal|p1a: Latios|100/100
|
|upkeep
|turn|34
|
|t:|1758259181
|move|p1a: Latios|Psychic Noise|p2a: Alomomola
|-damage|p2a: Alomomola|0 fnt
|faint|p2a: Alomomola
|
|upkeep
|
|t:|1758259192
|switch|p2a: Cryogonal|Cryogonal|37/100
|turn|35
|
|t:|1758259199
|move|p1a: Latios|Psychic Noise|p2a: Cryogonal
|-damage|p2a: Cryogonal|5/100
|-start|p2a: Cryogonal|move: Heal Block
|cant|p2a: Cryogonal|move: Heal Block|Recover
|
|upkeep
|turn|36
|
|t:|1758259206
|move|p1a: Latios|Psychic Noise|p2a: Cryogonal
|-damage|p2a: Cryogonal|0 fnt
|faint|p2a: Cryogonal
|
|upkeep
|
|t:|1758259207
|switch|p2a: Thundurus|Thundurus-Therian, M|14/100 tox
|turn|37
|
|t:|1758259212
|move|p2a: Thundurus|Dark Pulse|p1a: Latios
|-supereffective|p1a: Latios
|-damage|p1a: Latios|31/100
|cant|p1a: Latios|flinch
|
|-damage|p2a: Thundurus|8/100 tox|[from] psn
|upkeep
|turn|38
|
|t:|1758259218
|move|p2a: Thundurus|Dark Pulse|p1a: Latios
|-supereffective|p1a: Latios
|-damage|p1a: Latios|0 fnt
|faint|p1a: Latios
|
|win|kpo2022
|raw|reyturk24's rating: 1209 &rarr; <strong>1183</strong><br />(-26 for losing)
|raw|kpo2022's rating: 1195 &rarr; <strong>1221</strong><br />(+26 for winning)
|l|☆reyturk24
|player|p1|
|l|☆kpo2022
|player|p2|
