|j|☆niccommoc
|j|☆xX_Gab_Xx
|t:|1758277101
|gametype|singles
|player|p1|niccommoc|cyclist|1372
|player|p2|xX_Gab_Xx|hugh|1397
|gen|9
|tier|[Gen 9] OU
|rated|
|rule|HP Percentage Mod: HP is shown in percentages
|rule|Endless Battle Clause: Forcing endless battles is banned
|rule|Species Clause: Limit one of each Pokémon
|rule|OHKO Clause: OHKO moves are banned
|rule|Evasion Items Clause: Evasion items are banned
|rule|Evasion Moves Clause: Evasion moves are banned
|rule|Evasion Abilities Clause: Evasion abilities are banned
|rule|Sleep Moves Clause: Sleep-inducing moves are banned
|clearpoke
|poke|p1|Ninetales-Alola, M|
|poke|p1|Kyurem|
|poke|p1|Gliscor, M|
|poke|p1|Hatterene, F|
|poke|p1|Iron Moth|
|poke|p1|Scizor, F|
|poke|p2|Houndstone, M|
|poke|p2|Alomomola, M|
|poke|p2|Ogerpon-Wellspring, F|
|poke|p2|Clodsire, M|
|poke|p2|Primarina, M|
|poke|p2|Weezing-Galar, F|
|teampreview
|inactive|Battle timer is ON: inactive players will automatically lose when time's up. (requested by xX_Gab_Xx)
|l|☆niccommoc
|inactive|niccommoc disconnected and has a minute to reconnect!
|player|p1|
|j|☆niccommoc
|inactive|niccommoc reconnected and has 140 seconds left.
|player|p1|niccommoc|cyclist|
|inactive|niccommoc has 120 seconds left.
|
|t:|1758277142
|teamsize|p1|6
|teamsize|p2|6
|start
|switch|p1a: Scizor|Scizor, F|100/100
|switch|p2a: Weezing|Weezing-Galar, F|100/100
|turn|1
|
|t:|1758277153
|switch|p2a: Houndstone|Houndstone, M|100/100
|-terastallize|p1a: Scizor|Flying
|move|p1a: Scizor|Swords Dance|p1a: Scizor
|-boost|p1a: Scizor|atk|2
|
|upkeep
|turn|2
|
|t:|1758277160
|move|p1a: Scizor|Swords Dance|p1a: Scizor
|-boost|p1a: Scizor|atk|2
|move|p2a: Houndstone|Will-O-Wisp|p1a: Scizor
|-status|p1a: Scizor|brn
|
|-damage|p1a: Scizor|94/100 brn|[from] brn
|upkeep
|turn|3
|
|t:|1758277175
|move|p1a: Scizor|Dual Wingbeat|p2a: Houndstone
|-damage|p2a: Houndstone|79/100
|-damage|p2a: Houndstone|53/100
|-hitcount|p2a: Houndstone|2
|-damage|p1a: Scizor|84/100 brn|[from] item: Life Orb
|move|p2a: Houndstone|Roar|p1a: Scizor
|drag|p1a: Ninetales|Ninetales-Alola, M|100/100
|-weather|Snowscape|[from] ability: Snow Warning|[of] p1a: Ninetales
|
|-weather|Snowscape|[upkeep]
|-heal|p2a: Houndstone|59/100|[from] item: Leftovers
|upkeep
|turn|4
|
|t:|1758277196
|move|p1a: Ninetales|Aurora Veil|p1a: Ninetales
|-sidestart|p1: niccommoc|move: Aurora Veil
|move|p2a: Houndstone|Roar|p1a: Ninetales
|drag|p1a: Iron Moth|Iron Moth|100/100
|-enditem|p1a: Iron Moth|Booster Energy
|-activate|p1a: Iron Moth|ability: Quark Drive|[fromitem]
|-start|p1a: Iron Moth|quarkdrivespe
|
|-weather|Snowscape|[upkeep]
|-heal|p2a: Houndstone|65/100|[from] item: Leftovers
|upkeep
|turn|5
|
|t:|1758277206
|switch|p2a: Clodsire|Clodsire, M|100/100
|move|p1a: Iron Moth|Fiery Dance|p2a: Clodsire
|-damage|p2a: Clodsire|77/100
|-boost|p1a: Iron Moth|spa|1
|
|-weather|Snowscape|[upkeep]
|-heal|p2a: Clodsire|83/100|[from] item: Leftovers
|upkeep
|turn|6
|
|t:|1758277215
|-end|p1a: Iron Moth|Quark Drive|[silent]
|switch|p1a: Scizor|Scizor, F, tera:Flying|84/100 brn
|move|p2a: Clodsire|Earthquake|p1a: Scizor
|-immune|p1a: Scizor
|
|-weather|Snowscape|[upkeep]
|-heal|p2a: Clodsire|89/100|[from] item: Leftovers
|-damage|p1a: Scizor|78/100 brn|[from] brn
|upkeep
|turn|7
|
|t:|1758277226
|switch|p2a: Weezing|Weezing-Galar, F|100/100
|move|p1a: Scizor|Knock Off|p2a: Weezing
|-resisted|p2a: Weezing
|-damage|p2a: Weezing|93/100
|-damage|p1a: Scizor|62/100 brn|[from] item: Rocky Helmet|[of] p2a: Weezing
|-enditem|p2a: Weezing|Rocky Helmet|[from] move: Knock Off|[of] p1a: Scizor
|-damage|p1a: Scizor|52/100 brn|[from] item: Life Orb
|
|-weather|none
|-damage|p1a: Scizor|46/100 brn|[from] brn
|upkeep
|turn|8
|
|t:|1758277239
|move|p1a: Scizor|Swords Dance|p1a: Scizor
|-boost|p1a: Scizor|atk|2
|move|p2a: Weezing|Defog|p1a: Scizor
|-unboost|p1a: Scizor|evasion|1
|-sideend|p1: niccommoc|move: Aurora Veil
|
|-damage|p1a: Scizor|40/100 brn|[from] brn
|upkeep
|turn|9
|
|t:|1758277266
|switch|p2a: Houndstone|Houndstone, M|65/100
|move|p1a: Scizor|Swords Dance|p1a: Scizor
|-boost|p1a: Scizor|atk|2
|
|-heal|p2a: Houndstone|71/100|[from] item: Leftovers
|-damage|p1a: Scizor|34/100 brn|[from] brn
|upkeep
|turn|10
|
|t:|1758277274
|move|p1a: Scizor|Dual Wingbeat|p2a: Houndstone
|-damage|p2a: Houndstone|48/100
|-damage|p2a: Houndstone|23/100
|-hitcount|p2a: Houndstone|2
|-damage|p1a: Scizor|24/100 brn|[from] item: Life Orb
|move|p2a: Houndstone|Night Shade|p1a: Scizor
|-damage|p1a: Scizor|0 fnt
|faint|p1a: Scizor
|
|-heal|p2a: Houndstone|29/100|[from] item: Leftovers
|upkeep
|inactive|niccommoc has 120 seconds left.
|
|t:|1758277301
|switch|p1a: Ninetales|Ninetales-Alola, M|100/100
|-weather|Snowscape|[from] ability: Snow Warning|[of] p1a: Ninetales
|turn|11
|
|t:|1758277312
|move|p1a: Ninetales|Aurora Veil|p1a: Ninetales
|-sidestart|p1: niccommoc|move: Aurora Veil
|move|p2a: Houndstone|Night Shade|p1a: Ninetales
|-damage|p1a: Ninetales|72/100
|
|-weather|Snowscape|[upkeep]
|-heal|p2a: Houndstone|35/100|[from] item: Leftovers
|upkeep
|turn|12
|
|t:|1758277319
|move|p1a: Ninetales|Moonblast|p2a: Houndstone
|-damage|p2a: Houndstone|9/100
|move|p2a: Houndstone|Night Shade|p1a: Ninetales
|-damage|p1a: Ninetales|43/100
|
|-weather|Snowscape|[upkeep]
|-heal|p2a: Houndstone|15/100|[from] item: Leftovers
|upkeep
|turn|13
|
|t:|1758277328
|switch|p2a: Weezing|Weezing-Galar, F|93/100
|move|p1a: Ninetales|Freeze-Dry|p2a: Weezing
|-damage|p2a: Weezing|64/100
|
|-weather|Snowscape|[upkeep]
|upkeep
|turn|14
|
|t:|1758277335
|switch|p1a: Hatterene|Hatterene, F|100/100
|move|p2a: Weezing|Defog|p1a: Hatterene
|move|p1a: Hatterene|Defog|p2a: Weezing|[from] ability: Magic Bounce
|-unboost|p2a: Weezing|evasion|1
|
|-weather|Snowscape|[upkeep]
|upkeep
|turn|15
|
|t:|1758277351
|switch|p2a: Clodsire|Clodsire, M|89/100
|move|p1a: Hatterene|Calm Mind|p1a: Hatterene
|-boost|p1a: Hatterene|spa|1
|-boost|p1a: Hatterene|spd|1
|
|-weather|none
|-heal|p2a: Clodsire|95/100|[from] item: Leftovers
|upkeep
|turn|16
|
|t:|1758277360
|move|p1a: Hatterene|Calm Mind|p1a: Hatterene
|-boost|p1a: Hatterene|spa|1
|-boost|p1a: Hatterene|spd|1
|move|p2a: Clodsire|Poison Jab|p1a: Hatterene
|-supereffective|p1a: Hatterene
|-damage|p1a: Hatterene|78/100
|
|-heal|p1a: Hatterene|84/100|[from] item: Leftovers
|-heal|p2a: Clodsire|100/100|[from] item: Leftovers
|upkeep
|turn|17
|
|t:|1758277369
|move|p1a: Hatterene|Calm Mind|p1a: Hatterene
|-boost|p1a: Hatterene|spa|1
|-boost|p1a: Hatterene|spd|1
|move|p2a: Clodsire|Poison Jab|p1a: Hatterene
|-supereffective|p1a: Hatterene
|-crit|p1a: Hatterene
|-damage|p1a: Hatterene|25/100
|
|-heal|p1a: Hatterene|31/100|[from] item: Leftovers
|upkeep
|turn|18
|
|t:|1758277377
|move|p1a: Hatterene|Psychic Noise|p2a: Clodsire
|-supereffective|p2a: Clodsire
|-damage|p2a: Clodsire|64/100
|-start|p2a: Clodsire|move: Heal Block
|move|p2a: Clodsire|Poison Jab|p1a: Hatterene
|-supereffective|p1a: Hatterene
|-damage|p1a: Hatterene|10/100
|
|-heal|p1a: Hatterene|16/100|[from] item: Leftovers
|-sideend|p1: niccommoc|move: Aurora Veil
|upkeep
|turn|19
|
|t:|1758277389
|move|p1a: Hatterene|Psychic Noise|p2a: Clodsire
|-supereffective|p2a: Clodsire
|-damage|p2a: Clodsire|28/100
|move|p2a: Clodsire|Poison Jab|p1a: Hatterene
|-supereffective|p1a: Hatterene
|-crit|p1a: Hatterene
|-damage|p1a: Hatterene|0 fnt
|faint|p1a: Hatterene
|
|-end|p2a: Clodsire|move: Heal Block
|upkeep
|
|t:|1758277401
|switch|p1a: Kyurem|Kyurem|100/100
|-ability|p1a: Kyurem|Pressure
|turn|20
|
|t:|1758277408
|switch|p2a: Houndstone|Houndstone, M|15/100
|move|p1a: Kyurem|Icicle Spear|p2a: Houndstone
|-crit|p2a: Houndstone
|-damage|p2a: Houndstone|0 fnt
|faint|p2a: Houndstone
|-hitcount|p2: Houndstone|1
|
|upkeep
|
|t:|1758277421
|switch|p2a: Weezing|Weezing-Galar, F|64/100
|turn|21
|
|t:|1758277434
|switch|p1a: Iron Moth|Iron Moth|100/100
|move|p2a: Weezing|Will-O-Wisp|p1a: Iron Moth|[miss]
|-miss|p2a: Weezing|p1a: Iron Moth
|
|upkeep
|turn|22
|
|t:|1758277452
|switch|p2a: Clodsire|Clodsire, M|28/100
|move|p1a: Iron Moth|Substitute|p1a: Iron Moth
|-start|p1a: Iron Moth|Substitute
|-damage|p1a: Iron Moth|76/100
|
|-heal|p2a: Clodsire|34/100|[from] item: Leftovers
|upkeep
|turn|23
|
|t:|1758277459
|move|p1a: Iron Moth|Fiery Dance|p2a: Clodsire
|-damage|p2a: Clodsire|11/100
|-boost|p1a: Iron Moth|spa|1
|move|p2a: Clodsire|Recover|p2a: Clodsire
|-heal|p2a: Clodsire|61/100
|
|-heal|p2a: Clodsire|67/100|[from] item: Leftovers
|upkeep
|turn|24
|
|t:|1758277469
|move|p1a: Iron Moth|Fiery Dance|p2a: Clodsire
|-damage|p2a: Clodsire|43/100
|-boost|p1a: Iron Moth|spa|1
|move|p2a: Clodsire|Recover|p2a: Clodsire
|-heal|p2a: Clodsire|93/100
|
|-heal|p2a: Clodsire|99/100|[from] item: Leftovers
|upkeep
|turn|25
|
|t:|1758277477
|move|p1a: Iron Moth|Fiery Dance|p2a: Clodsire
|-damage|p2a: Clodsire|76/100
|-boost|p1a: Iron Moth|spa|1
|move|p2a: Clodsire|Earthquake|p1a: Iron Moth
|-supereffective|p1a: Iron Moth
|-end|p1a: Iron Moth|Substitute
|
|-heal|p2a: Clodsire|83/100|[from] item: Leftovers
|upkeep
|turn|26
|
|t:|1758277492
|move|p1a: Iron Moth|Fiery Dance|p2a: Clodsire
|-damage|p2a: Clodsire|61/100
|-boost|p1a: Iron Moth|spa|1
|move|p2a: Clodsire|Earthquake|p1a: Iron Moth
|-supereffective|p1a: Iron Moth
|-damage|p1a: Iron Moth|0 fnt
|faint|p1a: Iron Moth
|-end|p1a: Iron Moth|Quark Drive|[silent]
|
|-heal|p2a: Clodsire|67/100|[from] item: Leftovers
|upkeep
|
|t:|1758277506
|switch|p1a: Gliscor|Gliscor, M|100/100
|turn|27
|
|t:|1758277517
|switch|p2a: Weezing|Weezing-Galar, F|64/100
|move|p1a: Gliscor|Agility|p1a: Gliscor
|-boost|p1a: Gliscor|spe|2
|
|-status|p1a: Gliscor|tox|[from] item: Toxic Orb
|upkeep
|turn|28
|
|t:|1758277531
|move|p1a: Gliscor|Facade|p2a: Weezing
|-damage|p2a: Weezing|39/100
|move|p2a: Weezing|Flamethrower|p1a: Gliscor
|-damage|p1a: Gliscor|76/100 tox
|
|-heal|p1a: Gliscor|89/100 tox|[from] ability: Poison Heal
|upkeep
|turn|29
|
|t:|1758277542
|move|p1a: Gliscor|Swords Dance|p1a: Gliscor
|-boost|p1a: Gliscor|atk|2
|move|p2a: Weezing|Flamethrower|p1a: Gliscor
|-damage|p1a: Gliscor|67/100 tox
|
|-heal|p1a: Gliscor|80/100 tox|[from] ability: Poison Heal
|upkeep
|turn|30
|
|t:|1758277554
|move|p1a: Gliscor|Swords Dance|p1a: Gliscor
|-boost|p1a: Gliscor|atk|2
|move|p2a: Weezing|Defog|p1a: Gliscor
|-unboost|p1a: Gliscor|evasion|1
|
|-heal|p1a: Gliscor|92/100 tox|[from] ability: Poison Heal
|upkeep
|turn|31
|
|t:|1758277574
|move|p1a: Gliscor|Swords Dance|p1a: Gliscor
|-boost|p1a: Gliscor|atk|2
|move|p2a: Weezing|Flamethrower|p1a: Gliscor
|-damage|p1a: Gliscor|71/100 tox
|
|-heal|p1a: Gliscor|83/100 tox|[from] ability: Poison Heal
|upkeep
|turn|32
|
|t:|1758277581
|move|p1a: Gliscor|Facade|p2a: Weezing
|-damage|p2a: Weezing|0 fnt
|faint|p2a: Weezing
|
|-heal|p1a: Gliscor|96/100 tox|[from] ability: Poison Heal
|upkeep
|
|t:|1758277592
|switch|p2a: Primarina|Primarina, M|100/100
|turn|33
|
|t:|1758277600
|-terastallize|p2a: Primarina|Steel
|move|p1a: Gliscor|Earthquake|p2a: Primarina
|-supereffective|p2a: Primarina
|-damage|p2a: Primarina|0 fnt
|faint|p2a: Primarina
|
|-heal|p1a: Gliscor|100/100 tox|[from] ability: Poison Heal
|upkeep
|c|☆xX_Gab_Xx|GG
|
|t:|1758277610
|switch|p2a: Ogerpon|Ogerpon-Wellspring, F|100/100
|turn|34
|
|t:|1758277615
|move|p1a: Gliscor|Facade|p2a: Ogerpon
|-damage|p2a: Ogerpon|0 fnt
|faint|p2a: Ogerpon
|
|upkeep
|c|☆niccommoc|gg
|
|t:|1758277619
|switch|p2a: Alomomola|Alomomola, M|100/100
|turn|35
|-message|xX_Gab_Xx forfeited.
|
|win|niccommoc
|raw|niccommoc's rating: 1372 &rarr; <strong>1393</strong><br />(+21 for winning)
|raw|xX_Gab_Xx's rating: 1397 &rarr; <strong>1376</strong><br />(-21 for losing)
|l|☆xX_Gab_Xx
|player|p2|
|l|☆niccommoc
|player|p1|
