|j|☆MetronomeMankooler
|j|☆IN Champion
|t:|1758294897
|gametype|singles
|player|p1|MetronomeMankooler|cynthia-gen4|1156
|player|p2|IN Champion|n|1087
|gen|9
|tier|[Gen 9] OU
|rated|
|rule|HP Percentage Mod: HP is shown in percentages
|rule|Endless Battle Clause: Forcing endless battles is banned
|rule|Species Clause: Limit one of each Pokémon
|rule|OHKO Clause: OHKO moves are banned
|rule|Evasion Items Clause: Evasion items are banned
|rule|Evasion Moves Clause: Evasion moves are banned
|rule|Evasion Abilities Clause: Evasion abilities are banned
|rule|Sleep Moves Clause: Sleep-inducing moves are banned
|clearpoke
|poke|p1|Pelipper, M|
|poke|p1|Lanturn, F|
|poke|p1|Charizard, F|
|poke|p1|Dragapult, F|
|poke|p1|Barraskewda, M|
|poke|p1|Azumarill, M|
|poke|p2|Zoroark-Hisui, M|
|poke|p2|Gengar, M|
|poke|p2|Gliscor, M|
|poke|p2|Decidueye, M|
|poke|p2|Inteleon, M|
|poke|p2|Umbreon, M|
|teampreview
|inactive|Battle timer is ON: inactive players will automatically lose when time's up. (requested by MetronomeMankooler)
|
|t:|1758294905
|teamsize|p1|6
|teamsize|p2|6
|start
|switch|p1a: Mother|Dragapult, F, shiny|100/100
|switch|p2a: Gliscor|Gliscor, M|100/100
|turn|1
|
|t:|1758294919
|move|p2a: Gliscor|Protect|p2a: Gliscor
|-singleturn|p2a: Gliscor|Protect
|move|p1a: Mother|Dragon Dance|p1a: Mother
|-boost|p1a: Mother|atk|1
|-boost|p1a: Mother|spe|1
|
|-status|p2a: Gliscor|tox|[from] item: Toxic Orb
|upkeep
|turn|2
|
|t:|1758294928
|move|p1a: Mother|Dragon Darts|p2a: Gliscor
|-damage|p2a: Gliscor|55/100 tox
|-anim|p1a: Mother|Dragon Darts|p2a: Gliscor
|-damage|p2a: Gliscor|13/100 tox
|-damage|p1a: Mother|91/100|[from] item: Life Orb
|move|p2a: Gliscor|Toxic|p1a: Mother
|-status|p1a: Mother|tox
|
|-damage|p1a: Mother|85/100 tox|[from] psn
|-heal|p2a: Gliscor|26/100 tox|[from] ability: Poison Heal
|upkeep
|turn|3
|
|t:|1758294955
|move|p2a: Gliscor|Protect|p2a: Gliscor
|-singleturn|p2a: Gliscor|Protect
|move|p1a: Mother|Dragon Dance|p1a: Mother
|-boost|p1a: Mother|atk|1
|-boost|p1a: Mother|spe|1
|
|-damage|p1a: Mother|73/100 tox|[from] psn
|-heal|p2a: Gliscor|38/100 tox|[from] ability: Poison Heal
|upkeep
|turn|4
|
|t:|1758294965
|move|p2a: Gliscor|Protect|p2a: Gliscor
|-singleturn|p2a: Gliscor|Protect
|move|p1a: Mother|Dragon Darts|p2a: Gliscor
|-activate|p2a: Gliscor|move: Protect
|
|-damage|p1a: Mother|55/100 tox|[from] psn
|-heal|p2a: Gliscor|50/100 tox|[from] ability: Poison Heal
|upkeep
|turn|5
|
|t:|1758294989
|move|p1a: Mother|Dragon Darts|p2a: Gliscor
|-damage|p2a: Gliscor|0 fnt
|faint|p2a: Gliscor
|-damage|p1a: Mother|45/100 tox|[from] item: Life Orb
|
|-damage|p1a: Mother|21/100 tox|[from] psn
|upkeep
|
|t:|1758294997
|switch|p2a: Decidueye|Decidueye, M|100/100
|turn|6
|inactive|MetronomeMankooler has 120 seconds left.
|
|t:|1758295021
|move|p2a: Decidueye|Sucker Punch|p1a: Mother
|-supereffective|p1a: Mother
|-damage|p1a: Mother|0 fnt
|faint|p1a: Mother
|
|upkeep
|inactive|MetronomeMankooler has 120 seconds left.
|
|t:|1758295029
|switch|p1a: Icarus|Charizard, F, shiny|100/100
|turn|7
|
|t:|1758295034
|-terastallize|p2a: Decidueye|Dark
|move|p1a: Icarus|Hurricane|p2a: Decidueye|[miss]
|-miss|p1a: Icarus|p2a: Decidueye
|move|p2a: Decidueye|Swords Dance|p2a: Decidueye
|-boost|p2a: Decidueye|atk|2
|
|upkeep
|turn|8
|
|t:|1758295045
|move|p1a: Icarus|Focus Blast|p2a: Decidueye|[miss]
|-miss|p1a: Icarus|p2a: Decidueye
|move|p2a: Decidueye|Swords Dance|p2a: Decidueye
|-boost|p2a: Decidueye|atk|2
|
|upkeep
|turn|9
|
|t:|1758295053
|move|p2a: Decidueye|Sucker Punch|p1a: Icarus
|-damage|p1a: Icarus|0 fnt
|faint|p1a: Icarus
|
|upkeep
|c|☆MetronomeMankooler|just my luck
|
|t:|1758295059
|switch|p1a: Toilet|Pelipper, M|100/100
|-weather|RainDance|[from] ability: Drizzle|[of] p1a: Toilet
|turn|10
|
|t:|1758295067
|move|p2a: Decidueye|Spirit Shackle|p1a: Toilet
|-damage|p1a: Toilet|2/100
|-activate|p1a: Toilet|trapped
|move|p1a: Toilet|U-turn|p2a: Decidueye
|-supereffective|p2a: Decidueye
|-damage|p2a: Decidueye|80/100
|-damage|p1a: Toilet|0 fnt|[from] item: Rocky Helmet|[of] p2a: Decidueye
|faint|p1a: Toilet
|
|-weather|RainDance|[upkeep]
|upkeep
|
|t:|1758295077
|switch|p1a: OMG!|Barraskewda, M, shiny|100/100
|turn|11
|
|t:|1758295084
|-terastallize|p1a: OMG!|Water
|move|p2a: Decidueye|Sucker Punch|p1a: OMG!
|-damage|p1a: OMG!|0 fnt
|faint|p1a: OMG!
|
|-weather|RainDance|[upkeep]
|upkeep
|-message|MetronomeMankooler forfeited.
|
|win|IN Champion
|raw|MetronomeMankooler's rating: 1156 &rarr; <strong>1126</strong><br />(-30 for losing)
|raw|IN Champion's rating: 1087 &rarr; <strong>1119</strong><br />(+32 for winning)
|l|☆MetronomeMankooler
|player|p1|
