|j|☆Firo丶Ennis
|j|☆Desayd
|t:|1758274495
|gametype|singles
|player|p1|Firo丶Ennis|266|1064
|player|p2|Desayd|1|1096
|gen|9
|tier|[Gen 9] OU
|rated|
|rule|HP Percentage Mod: HP is shown in percentages
|rule|Endless Battle Clause: Forcing endless battles is banned
|rule|Species Clause: Limit one of each Pokémon
|rule|OHKO Clause: OHKO moves are banned
|rule|Evasion Items Clause: Evasion items are banned
|rule|Evasion Moves Clause: Evasion moves are banned
|rule|Evasion Abilities Clause: Evasion abilities are banned
|rule|Sleep Moves Clause: Sleep-inducing moves are banned
|clearpoke
|poke|p1|Glimmora, F|
|poke|p1|Dragonite, F|
|poke|p1|Deoxys-Speed|
|poke|p1|Araquanid, F|
|poke|p1|Scizor, F|
|poke|p1|Iron Moth|
|poke|p2|Jolteon, M|
|poke|p2|Slowking-Galar, M|
|poke|p2|Great Tusk|
|poke|p2|Moltres|
|poke|p2|Kingambit, F|
|poke|p2|Hydrapple, F|
|teampreview
|
|t:|1758274511
|teamsize|p1|6
|teamsize|p2|6
|start
|switch|p1a: Glimmora|Glimmora, F|100/100
|switch|p2a: Great Tusk|Great Tusk|100/100
|turn|1
|
|t:|1758274524
|-terastallize|p1a: Glimmora|Grass
|move|p2a: Great Tusk|Stealth Rock|p1a: Glimmora
|-sidestart|p1: Firo丶Ennis|move: Stealth Rock
|move|p1a: Glimmora|Stealth Rock|p2a: Great Tusk
|-sidestart|p2: Desayd|move: Stealth Rock
|
|upkeep
|turn|2
|
|t:|1758274531
|move|p2a: Great Tusk|Ice Spinner|p1a: Glimmora
|-supereffective|p1a: Glimmora
|-damage|p1a: Glimmora|65/100
|-activate|p1a: Glimmora|ability: Toxic Debris
|-sidestart|p2: Desayd|move: Toxic Spikes
|move|p1a: Glimmora|Mortal Spin|p2a: Great Tusk
|-resisted|p2a: Great Tusk
|-damage|p2a: Great Tusk|99/100
|-status|p2a: Great Tusk|psn
|-damage|p1a: Glimmora|49/100|[from] item: Rocky Helmet|[of] p2a: Great Tusk
|-sideend|p1: Firo丶Ennis|Stealth Rock|[from] move: Mortal Spin|[of] p1a: Glimmora
|
|-heal|p1a: Glimmora|55/100|[from] item: Leftovers
|-damage|p2a: Great Tusk|87/100 psn|[from] psn
|upkeep
|turn|3
|
|t:|1758274544
|move|p1a: Glimmora|Spiky Shield|p1a: Glimmora
|-singleturn|p1a: Glimmora|move: Protect
|move|p2a: Great Tusk|Rapid Spin|p1a: Glimmora
|-activate|p1a: Glimmora|move: Protect
|-damage|p2a: Great Tusk|74/100 psn|[from] Spiky Shield|[of] p1a: Glimmora
|
|-heal|p1a: Glimmora|61/100|[from] item: Leftovers
|-damage|p2a: Great Tusk|62/100 psn|[from] psn
|upkeep
|turn|4
|
|t:|1758274554
|move|p2a: Great Tusk|Rapid Spin|p1a: Glimmora
|-damage|p1a: Glimmora|51/100
|-boost|p2a: Great Tusk|spe|1
|-activate|p1a: Glimmora|ability: Toxic Debris
|-sidestart|p2: Desayd|move: Toxic Spikes
|-sideend|p2: Desayd|Toxic Spikes|[from] move: Rapid Spin|[of] p2a: Great Tusk
|-sideend|p2: Desayd|Stealth Rock|[from] move: Rapid Spin|[of] p2a: Great Tusk
|move|p1a: Glimmora|Power Gem|p2a: Great Tusk
|-resisted|p2a: Great Tusk
|-damage|p2a: Great Tusk|51/100 psn
|
|-heal|p1a: Glimmora|57/100|[from] item: Leftovers
|-damage|p2a: Great Tusk|39/100 psn|[from] psn
|upkeep
|turn|5
|
|t:|1758274574
|-end|p2a: Great Tusk|Protosynthesis|[silent]
|switch|p2a: Moltres|Moltres|100/100
|move|p1a: Glimmora|Spiky Shield||[still]
|-fail|p1a: Glimmora
|
|-heal|p1a: Glimmora|63/100|[from] item: Leftovers
|upkeep
|turn|6
|
|t:|1758274590
|move|p2a: Moltres|Flamethrower|p1a: Glimmora
|-supereffective|p1a: Glimmora
|-damage|p1a: Glimmora|0 fnt
|faint|p1a: Glimmora
|
|upkeep
|
|t:|1758274596
|switch|p1a: Iron Moth|Iron Moth|100/100
|-enditem|p1a: Iron Moth|Booster Energy
|-activate|p1a: Iron Moth|ability: Quark Drive|[fromitem]
|-start|p1a: Iron Moth|quarkdrivespa
|turn|7
|
|t:|1758274607
|move|p1a: Iron Moth|Fire Blast|p2a: Moltres
|-resisted|p2a: Moltres
|-damage|p2a: Moltres|65/100
|move|p2a: Moltres|Will-O-Wisp|p1a: Iron Moth
|-immune|p1a: Iron Moth
|
|upkeep
|turn|8
|inactive|Battle timer is ON: inactive players will automatically lose when time's up. (requested by Firo丶Ennis)
|
|t:|1758274627
|switch|p2a: Slowking|Slowking-Galar, M|100/100
|move|p1a: Iron Moth|Fire Blast|p2a: Slowking
|-damage|p2a: Slowking|63/100
|
|upkeep
|turn|9
|
|t:|1758274656
|-terastallize|p2a: Slowking|Water
|move|p1a: Iron Moth|U-turn|p2a: Slowking
|-damage|p2a: Slowking|52/100
|
|t:|1758274665
|-end|p1a: Iron Moth|Quark Drive|[silent]
|switch|p1a: Scizor|Scizor, F|100/100|[from] U-turn
|move|p2a: Slowking|Psyshock|p1a: Scizor
|-resisted|p1a: Scizor
|-damage|p1a: Scizor|80/100
|
|upkeep
|turn|10
|
|t:|1758274677
|move|p1a: Scizor|Swords Dance|p1a: Scizor
|-boost|p1a: Scizor|atk|2
|move|p2a: Slowking|Flamethrower|p1a: Scizor
|-supereffective|p1a: Scizor
|-damage|p1a: Scizor|0 fnt
|faint|p1a: Scizor
|
|upkeep
|
|t:|1758274682
|switch|p1a: Deoxys|Deoxys-Speed|100/100
|-ability|p1a: Deoxys|Pressure
|turn|11
|
|t:|1758274688
|move|p1a: Deoxys|Psycho Boost|p2a: Slowking
|-damage|p2a: Slowking|24/100
|-unboost|p1a: Deoxys|spa|2
|move|p2a: Slowking|Sludge Bomb|p1a: Deoxys
|-damage|p1a: Deoxys|70/100
|
|upkeep
|turn|12
|
|t:|1758274706
|switch|p1a: Iron Moth|Iron Moth|100/100
|switch|p2a: Kingambit|Kingambit, F|100/100
|
|upkeep
|turn|13
|
|t:|1758274725
|move|p1a: Iron Moth|Discharge|p2a: Kingambit
|-damage|p2a: Kingambit|61/100
|move|p2a: Kingambit|Kowtow Cleave|p1a: Iron Moth
|-damage|p1a: Iron Moth|15/100
|
|-heal|p2a: Kingambit|67/100|[from] item: Leftovers
|upkeep
|turn|14
|
|t:|1758274733
|move|p2a: Kingambit|Sucker Punch|p1a: Iron Moth
|-damage|p1a: Iron Moth|0 fnt
|faint|p1a: Iron Moth
|-end|p1a: Iron Moth|Quark Drive|[silent]
|
|-heal|p2a: Kingambit|74/100|[from] item: Leftovers
|upkeep
|
|t:|1758274739
|switch|p1a: Dragonite|Dragonite, F|100/100
|turn|15
|
|t:|1758274745
|move|p2a: Kingambit|Iron Head|p1a: Dragonite
|-damage|p1a: Dragonite|81/100
|move|p1a: Dragonite|Dragon Dance|p1a: Dragonite
|-boost|p1a: Dragonite|atk|1
|-boost|p1a: Dragonite|spe|1
|
|-heal|p2a: Kingambit|80/100|[from] item: Leftovers
|upkeep
|turn|16
|
|t:|1758274753
|move|p2a: Kingambit|Sucker Punch||[still]
|-fail|p2a: Kingambit
|move|p1a: Dragonite|Dragon Dance|p1a: Dragonite
|-boost|p1a: Dragonite|atk|1
|-boost|p1a: Dragonite|spe|1
|
|-heal|p2a: Kingambit|86/100|[from] item: Leftovers
|upkeep
|turn|17
|
|t:|1758274760
|move|p2a: Kingambit|Sucker Punch|p1a: Dragonite
|-damage|p1a: Dragonite|45/100
|move|p1a: Dragonite|Earthquake|p2a: Kingambit
|-supereffective|p2a: Kingambit
|-damage|p2a: Kingambit|0 fnt
|faint|p2a: Kingambit
|-end|p2a: Kingambit|fallenundefined|[silent]
|
|upkeep
|
|t:|1758274768
|switch|p2a: Jolteon|Jolteon, M|100/100
|turn|18
|
|t:|1758274779
|move|p1a: Dragonite|Extreme Speed|p2a: Jolteon
|-damage|p2a: Jolteon|0 fnt
|faint|p2a: Jolteon
|
|upkeep
|
|t:|1758274790
|switch|p2a: Moltres|Moltres|65/100
|turn|19
|
|t:|1758274796
|move|p1a: Dragonite|Roost|p1a: Dragonite
|-heal|p1a: Dragonite|95/100
|-singleturn|p1a: Dragonite|move: Roost
|move|p2a: Moltres|Will-O-Wisp|p1a: Dragonite
|-status|p1a: Dragonite|brn
|
|-damage|p1a: Dragonite|89/100 brn|[from] brn
|upkeep
|turn|20
|
|t:|1758274812
|move|p1a: Dragonite|Dragon Dance|p1a: Dragonite
|-boost|p1a: Dragonite|atk|1
|-boost|p1a: Dragonite|spe|1
|move|p2a: Moltres|Roost|p2a: Moltres
|-heal|p2a: Moltres|100/100
|-singleturn|p2a: Moltres|move: Roost
|
|-damage|p1a: Dragonite|82/100 brn|[from] brn
|upkeep
|turn|21
|
|t:|1758274820
|move|p1a: Dragonite|Extreme Speed|p2a: Moltres
|-damage|p2a: Moltres|67/100
|move|p2a: Moltres|Flamethrower|p1a: Dragonite
|-resisted|p1a: Dragonite
|-damage|p1a: Dragonite|67/100 brn
|
|-damage|p1a: Dragonite|61/100 brn|[from] brn
|upkeep
|turn|22
|
|t:|1758274830
|switch|p2a: Hydrapple|Hydrapple, F|100/100
|move|p1a: Dragonite|Earthquake|p2a: Hydrapple
|-resisted|p2a: Hydrapple
|-damage|p2a: Hydrapple|86/100
|
|-damage|p1a: Dragonite|55/100 brn|[from] brn
|upkeep
|turn|23
|
|t:|1758274840
|move|p1a: Dragonite|Extreme Speed|p2a: Hydrapple
|-damage|p2a: Hydrapple|65/100
|move|p2a: Hydrapple|Nasty Plot|p2a: Hydrapple
|-boost|p2a: Hydrapple|spa|2
|
|-damage|p1a: Dragonite|48/100 brn|[from] brn
|upkeep
|turn|24
|
|t:|1758274848
|move|p1a: Dragonite|Extreme Speed|p2a: Hydrapple
|-damage|p2a: Hydrapple|44/100
|move|p2a: Hydrapple|Fickle Beam|p1a: Dragonite|[anim] Fickle Beam All Out
|-activate|p2a: Hydrapple|move: Fickle Beam
|-supereffective|p1a: Dragonite
|-damage|p1a: Dragonite|0 fnt
|faint|p1a: Dragonite
|
|upkeep
|
|t:|1758274852
|switch|p1a: Deoxys|Deoxys-Speed|70/100
|-ability|p1a: Deoxys|Pressure
|turn|25
|
|t:|1758274861
|move|p1a: Deoxys|Ice Beam|p2a: Hydrapple
|-supereffective|p2a: Hydrapple
|-damage|p2a: Hydrapple|0 fnt
|faint|p2a: Hydrapple
|
|upkeep
|
|t:|1758274874
|switch|p2a: Slowking|Slowking-Galar, M, tera:Water|57/100
|turn|26
|
|t:|1758274885
|move|p1a: Deoxys|Dark Pulse|p2a: Slowking
|-damage|p2a: Slowking|46/100
|move|p2a: Slowking|Sludge Bomb|p1a: Deoxys
|-damage|p1a: Deoxys|40/100
|
|upkeep
|turn|27
|
|t:|1758274891
|move|p1a: Deoxys|Focus Blast|p2a: Slowking|[miss]
|-miss|p1a: Deoxys|p2a: Slowking
|move|p2a: Slowking|Ice Beam|p1a: Deoxys
|-damage|p1a: Deoxys|18/100
|
|upkeep
|turn|28
|
|t:|1758274898
|move|p1a: Deoxys|Psycho Boost|p2a: Slowking
|-damage|p2a: Slowking|16/100
|-unboost|p1a: Deoxys|spa|2
|move|p2a: Slowking|Sludge Bomb|p1a: Deoxys
|-damage|p1a: Deoxys|0 fnt
|faint|p1a: Deoxys
|
|upkeep
|
|t:|1758274905
|switch|p1a: Araquanid|Araquanid, F|100/100
|turn|29
|
|t:|1758274913
|move|p1a: Araquanid|Sticky Web|p2a: Slowking
|-sidestart|p2: Desayd|move: Sticky Web
|move|p2a: Slowking|Ice Beam|p1a: Araquanid
|-resisted|p1a: Araquanid
|-damage|p1a: Araquanid|90/100
|
|upkeep
|turn|30
|
|t:|1758274921
|move|p1a: Araquanid|Leech Life|p2a: Slowking
|-damage|p2a: Slowking|0 fnt
|-heal|p1a: Araquanid|99/100|[from] drain|[of] p2a: Slowking
|faint|p2a: Slowking
|-damage|p1a: Araquanid|89/100|[from] item: Life Orb
|
|upkeep
|
|t:|1758274928
|switch|p2a: Moltres|Moltres|67/100
|turn|31
|
|t:|1758274932
|move|p2a: Moltres|Flamethrower|p1a: Araquanid
|-damage|p1a: Araquanid|73/100
|move|p1a: Araquanid|Liquidation|p2a: Moltres
|-supereffective|p2a: Moltres
|-damage|p2a: Moltres|0 fnt
|faint|p2a: Moltres
|-damage|p1a: Araquanid|63/100|[from] item: Life Orb
|
|upkeep
|
|t:|1758274939
|switch|p2a: Great Tusk|Great Tusk|39/100 psn
|-activate|p2a: Great Tusk|move: Sticky Web
|-unboost|p2a: Great Tusk|spe|1
|turn|32
|
|t:|1758274946
|move|p2a: Great Tusk|Body Press|p1a: Araquanid
|-resisted|p1a: Araquanid
|-damage|p1a: Araquanid|40/100
|move|p1a: Araquanid|Liquidation|p2a: Great Tusk
|-supereffective|p2a: Great Tusk
|-damage|p2a: Great Tusk|0 fnt
|-damage|p1a: Araquanid|24/100|[from] item: Rocky Helmet|[of] p2a: Great Tusk
|faint|p2a: Great Tusk
|-end|p2a: Great Tusk|Protosynthesis|[silent]
|-damage|p1a: Araquanid|14/100|[from] item: Life Orb
|
|win|Firo丶Ennis
|raw|Firo丶Ennis's rating: 1064 &rarr; <strong>1097</strong><br />(+33 for winning)
|raw|Desayd's rating: 1096 &rarr; <strong>1069</strong><br />(-27 for losing)
