|j|☆jb8976
|j|☆Jigrogros
|t:|1758275089
|gametype|singles
|player|p1|jb8976|ethan|1379
|player|p2|Jigrogros|101|1340
|gen|9
|tier|[Gen 9] OU
|rated|
|rule|HP Percentage Mod: HP is shown in percentages
|rule|Endless Battle Clause: Forcing endless battles is banned
|rule|Species Clause: Limit one of each Pokémon
|rule|OHKO Clause: OHKO moves are banned
|rule|Evasion Items Clause: Evasion items are banned
|rule|Evasion Moves Clause: Evasion moves are banned
|rule|Evasion Abilities Clause: Evasion abilities are banned
|rule|Sleep Moves Clause: Sleep-inducing moves are banned
|clearpoke
|poke|p1|Gliscor, F|
|poke|p1|Corviknight, M|
|poke|p1|Gholdengo|
|poke|p1|Ting-Lu|
|poke|p1|Hatterene, F|
|poke|p1|Blissey, F|
|poke|p2|Toxapex, M|
|poke|p2|Cyclizar, M|
|poke|p2|Iron Boulder|
|poke|p2|Gholdengo|
|poke|p2|Cinderace, M|
|poke|p2|Zapdos|
|teampreview
|inactive|Battle timer is ON: inactive players will automatically lose when time's up. (requested by Jigrogros)
|
|t:|1758275104
|teamsize|p1|6
|teamsize|p2|6
|start
|switch|p1a: Gliscor|Gliscor, F|100/100
|switch|p2a: Iron Boulder|Iron Boulder|100/100
|-enditem|p2a: Iron Boulder|Booster Energy
|-activate|p2a: Iron Boulder|ability: Quark Drive|[fromitem]
|-start|p2a: Iron Boulder|quarkdriveatk
|turn|1
|
|t:|1758275112
|-terastallize|p2a: Iron Boulder|Stellar
|move|p2a: Iron Boulder|Swords Dance|p2a: Iron Boulder
|-boost|p2a: Iron Boulder|atk|2
|move|p1a: Gliscor|Toxic|p2a: Iron Boulder
|-status|p2a: Iron Boulder|tox
|
|-damage|p2a: Iron Boulder|94/100 tox|[from] psn
|-status|p1a: Gliscor|tox|[from] item: Toxic Orb
|upkeep
|turn|2
|
|t:|1758275135
|switch|p1a: Hatterene|Hatterene, F|100/100
|move|p2a: Iron Boulder|Swords Dance|p2a: Iron Boulder
|-boost|p2a: Iron Boulder|atk|2
|
|-damage|p2a: Iron Boulder|82/100 tox|[from] psn
|upkeep
|turn|3
|
|t:|1758275147
|move|p2a: Iron Boulder|Mighty Cleave|p1a: Hatterene
|-damage|p1a: Hatterene|0 fnt
|faint|p1a: Hatterene
|
|-damage|p2a: Iron Boulder|63/100 tox|[from] psn
|upkeep
|
|t:|1758275150
|switch|p1a: Gholdengo|Gholdengo|100/100
|turn|4
|
|t:|1758275158
|move|p1a: Gholdengo|Make It Rain|p2a: Iron Boulder
|-supereffective|p2a: Iron Boulder
|-damage|p2a: Iron Boulder|0 fnt
|-unboost|p1a: Gholdengo|spa|1
|faint|p2a: Iron Boulder
|-end|p2a: Iron Boulder|Quark Drive|[silent]
|
|upkeep
|
|t:|1758275166
|switch|p2a: Gholdengo|Gholdengo|100/100
|turn|5
|
|t:|1758275171
|switch|p1a: Ting-Lu|Ting-Lu|100/100
|-ability|p1a: Ting-Lu|Vessel of Ruin
|move|p2a: Gholdengo|Focus Blast|p1a: Ting-Lu
|-supereffective|p1a: Ting-Lu
|-damage|p1a: Ting-Lu|41/100
|
|-heal|p1a: Ting-Lu|47/100|[from] item: Leftovers
|upkeep
|turn|6
|
|t:|1758275179
|switch|p1a: Gholdengo|Gholdengo|100/100
|move|p2a: Gholdengo|Focus Blast|p1a: Gholdengo
|-immune|p1a: Gholdengo
|
|upkeep
|turn|7
|
|t:|1758275186
|switch|p2a: Toxapex|Toxapex, M|100/100
|move|p1a: Gholdengo|Make It Rain|p2a: Toxapex
|-resisted|p2a: Toxapex
|-damage|p2a: Toxapex|81/100
|-unboost|p1a: Gholdengo|spa|1
|
|-heal|p2a: Toxapex|87/100|[from] item: Leftovers
|upkeep
|turn|8
|
|t:|1758275202
|switch|p1a: Blissey|Blissey, F|100/100
|switch|p2a: Cinderace|Cinderace, M|100/100
|
|upkeep
|turn|9
|
|t:|1758275208
|switch|p1a: Gliscor|Gliscor, F|100/100 tox
|move|p2a: Cinderace|High Jump Kick|p1a: Gliscor
|-start|p2a: Cinderace|typechange|Fighting|[from] ability: Libero
|-resisted|p1a: Gliscor
|-damage|p1a: Gliscor|69/100 tox
|
|-heal|p1a: Gliscor|82/100 tox|[from] ability: Poison Heal
|upkeep
|turn|10
|
|t:|1758275218
|switch|p2a: Toxapex|Toxapex, M|100/100
|move|p1a: Gliscor|Substitute|p1a: Gliscor
|-start|p1a: Gliscor|Substitute
|-damage|p1a: Gliscor|57/100 tox
|
|-heal|p1a: Gliscor|69/100 tox|[from] ability: Poison Heal
|upkeep
|turn|11
|
|t:|1758275226
|move|p1a: Gliscor|Earthquake|p2a: Toxapex
|-supereffective|p2a: Toxapex
|-damage|p2a: Toxapex|50/100
|move|p2a: Toxapex|Liquidation|p1a: Gliscor
|-supereffective|p1a: Gliscor
|-activate|p1a: Gliscor|move: Substitute|[damage]
|
|-heal|p2a: Toxapex|57/100|[from] item: Leftovers
|-heal|p1a: Gliscor|82/100 tox|[from] ability: Poison Heal
|upkeep
|turn|12
|
|t:|1758275238
|move|p2a: Toxapex|Protect|p2a: Toxapex
|-singleturn|p2a: Toxapex|Protect
|move|p1a: Gliscor|Toxic|p2a: Toxapex
|-activate|p2a: Toxapex|move: Protect
|
|-heal|p2a: Toxapex|63/100|[from] item: Leftovers
|-heal|p1a: Gliscor|94/100 tox|[from] ability: Poison Heal
|upkeep
|turn|13
|
|t:|1758275248
|move|p1a: Gliscor|Earthquake|p2a: Toxapex
|-supereffective|p2a: Toxapex
|-damage|p2a: Toxapex|15/100
|move|p2a: Toxapex|Liquidation|p1a: Gliscor
|-supereffective|p1a: Gliscor
|-end|p1a: Gliscor|Substitute
|
|-heal|p2a: Toxapex|21/100|[from] item: Leftovers
|-heal|p1a: Gliscor|100/100 tox|[from] ability: Poison Heal
|upkeep
|turn|14
|
|t:|1758275261
|switch|p2a: Gholdengo|Gholdengo|100/100
|move|p1a: Gliscor|Substitute|p1a: Gliscor
|-start|p1a: Gliscor|Substitute
|-damage|p1a: Gliscor|76/100 tox
|
|-heal|p1a: Gliscor|88/100 tox|[from] ability: Poison Heal
|upkeep
|turn|15
|
|t:|1758275269
|move|p2a: Gholdengo|Shadow Ball|p1a: Gliscor
|-end|p1a: Gliscor|Substitute
|move|p1a: Gliscor|Earthquake|p2a: Gholdengo
|-supereffective|p2a: Gholdengo
|-damage|p2a: Gholdengo|22/100
|
|-heal|p1a: Gliscor|100/100 tox|[from] ability: Poison Heal
|upkeep
|turn|16
|
|t:|1758275279
|switch|p2a: Zapdos|Zapdos, shiny|100/100
|switch|p1a: Blissey|Blissey, F|100/100
|
|upkeep
|turn|17
|
|t:|1758275287
|move|p2a: Zapdos|Discharge|p1a: Blissey
|-damage|p1a: Blissey|89/100
|move|p1a: Blissey|Seismic Toss|p2a: Zapdos
|-damage|p2a: Zapdos|74/100
|
|-heal|p2a: Zapdos|81/100|[from] item: Leftovers
|-heal|p1a: Blissey|95/100|[from] item: Leftovers
|upkeep
|turn|18
|
|t:|1758275294
|move|p2a: Zapdos|Discharge|p1a: Blissey
|-damage|p1a: Blissey|82/100
|move|p1a: Blissey|Seismic Toss|p2a: Zapdos
|-damage|p2a: Zapdos|55/100
|
|-heal|p2a: Zapdos|61/100|[from] item: Leftovers
|-heal|p1a: Blissey|88/100|[from] item: Leftovers
|upkeep
|turn|19
|
|t:|1758275303
|move|p2a: Zapdos|Discharge|p1a: Blissey
|-damage|p1a: Blissey|76/100
|move|p1a: Blissey|Seismic Toss|p2a: Zapdos
|-damage|p2a: Zapdos|35/100
|-status|p1a: Blissey|par|[from] ability: Static|[of] p2a: Zapdos
|
|-heal|p2a: Zapdos|41/100|[from] item: Leftovers
|-heal|p1a: Blissey|82/100 par|[from] item: Leftovers
|upkeep
|turn|20
|
|t:|1758275311
|-curestatus|p1a: Blissey|par|[from] ability: Natural Cure
|switch|p1a: Gholdengo|Gholdengo|100/100
|move|p2a: Zapdos|Roost|p2a: Zapdos
|-heal|p2a: Zapdos|91/100
|-singleturn|p2a: Zapdos|move: Roost
|
|-heal|p2a: Zapdos|97/100|[from] item: Leftovers
|upkeep
|turn|21
|
|t:|1758275319
|move|p1a: Gholdengo|Trick|p2a: Zapdos
|-activate|p1a: Gholdengo|move: Trick|[of] p2a: Zapdos
|-item|p2a: Zapdos|Choice Scarf|[from] move: Trick
|-item|p1a: Gholdengo|Leftovers|[from] move: Trick
|move|p2a: Zapdos|Discharge|p1a: Gholdengo
|-damage|p1a: Gholdengo|62/100
|
|-heal|p1a: Gholdengo|68/100|[from] item: Leftovers
|upkeep
|turn|22
|
|t:|1758275328
|switch|p1a: Gliscor|Gliscor, F|100/100 tox
|move|p2a: Zapdos|Discharge|p1a: Gliscor
|-immune|p1a: Gliscor
|
|upkeep
|turn|23
|
|t:|1758275336
|switch|p2a: Cyclizar|Cyclizar, M|100/100
|move|p1a: Gliscor|Substitute|p1a: Gliscor
|-start|p1a: Gliscor|Substitute
|-damage|p1a: Gliscor|76/100 tox
|
|-heal|p1a: Gliscor|88/100 tox|[from] ability: Poison Heal
|upkeep
|turn|24
|
|t:|1758275342
|move|p2a: Cyclizar|Dragon Rush|p1a: Gliscor|[miss]
|-miss|p2a: Cyclizar|p1a: Gliscor
|move|p1a: Gliscor|Toxic|p2a: Cyclizar
|-status|p2a: Cyclizar|tox
|
|-damage|p2a: Cyclizar|94/100 tox|[from] psn
|-heal|p1a: Gliscor|100/100 tox|[from] ability: Poison Heal
|upkeep
|turn|25
|
|t:|1758275352
|move|p2a: Cyclizar|Dragon Rush|p1a: Gliscor
|-activate|p1a: Gliscor|move: Substitute|[damage]
|move|p1a: Gliscor|Earthquake|p2a: Cyclizar
|-damage|p2a: Cyclizar|50/100 tox
|
|-damage|p2a: Cyclizar|38/100 tox|[from] psn
|upkeep
|turn|26
|-message|Jigrogros forfeited.
|
|win|jb8976
|raw|jb8976's rating: 1379 &rarr; <strong>1397</strong><br />(+18 for winning)
|raw|Jigrogros's rating: 1340 &rarr; <strong>1322</strong><br />(-18 for losing)
|l|☆Jigrogros
|player|p2|
