|j|☆Bhuvan xxx
|j|☆Alpacapazzo
|t:|1758266239
|gametype|singles
|player|p1|Bhuvan xxx|gentleman-lgpe|1441
|player|p2|Alpacapazzo|102|1610
|gen|9
|tier|[Gen 9] OU
|rated|
|rule|HP Percentage Mod: HP is shown in percentages
|rule|Endless Battle Clause: Forcing endless battles is banned
|rule|Species Clause: Limit one of each Pokémon
|rule|OHKO Clause: OHKO moves are banned
|rule|Evasion Items Clause: Evasion items are banned
|rule|Evasion Moves Clause: Evasion moves are banned
|rule|Evasion Abilities Clause: Evasion abilities are banned
|rule|Sleep Moves Clause: Sleep-inducing moves are banned
|clearpoke
|poke|p1|Weezing-Galar, F|
|poke|p1|Alomomola, M|
|poke|p1|Gholdengo|
|poke|p1|Latios, M|
|poke|p1|Great Tusk|
|poke|p1|Dragonite, F|
|poke|p2|Araquanid, M|
|poke|p2|Cinderace, F|
|poke|p2|Serperior, F|
|poke|p2|Kingambit, M|
|poke|p2|Milotic, M|
|poke|p2|Gholdengo|
|teampreview
|inactive|Battle timer is ON: inactive players will automatically lose when time's up. (requested by Bhuvan xxx)
|inactive|Alpacapazzo has 120 seconds left.
|
|t:|1758266293
|teamsize|p1|6
|teamsize|p2|6
|start
|switch|p1a: Alomomola|Alomomola, M|100/100
|switch|p2a: Cinderace|Cinderace, F|100/100
|turn|1
|
|t:|1758266299
|move|p2a: Cinderace|U-turn|p1a: Alomomola
|-start|p2a: Cinderace|typechange|Bug|[from] ability: Libero
|-damage|p1a: Alomomola|75/100
|
|t:|1758266313
|switch|p2a: Serperior|Serperior, F|100/100|[from] U-turn
|move|p1a: Alomomola|Flip Turn|p2a: Serperior
|-resisted|p2a: Serperior
|-damage|p2a: Serperior|90/100
|
|t:|1758266322
|switch|p1a: Gholdengo|Gholdengo|100/100|[from] Flip Turn
|
|-heal|p2a: Serperior|96/100|[from] item: Leftovers
|upkeep
|turn|2
|
|t:|1758266327
|switch|p2a: Araquanid|Araquanid, M|100/100
|move|p1a: Gholdengo|Shadow Ball|p2a: Araquanid
|-damage|p2a: Araquanid|65/100
|-unboost|p2a: Araquanid|spd|1
|
|upkeep
|turn|3
|
|t:|1758266342
|switch|p2a: Kingambit|Kingambit, M|100/100
|move|p1a: Gholdengo|Shadow Ball|p2a: Kingambit
|-resisted|p2a: Kingambit
|-damage|p2a: Kingambit|75/100
|
|-heal|p2a: Kingambit|81/100|[from] item: Leftovers
|upkeep
|turn|4
|
|t:|1758266352
|switch|p1a: Great Tusk|Great Tusk|100/100
|move|p2a: Kingambit|Stealth Rock|p1a: Great Tusk
|-sidestart|p1: Bhuvan xxx|move: Stealth Rock
|
|-heal|p2a: Kingambit|87/100|[from] item: Leftovers
|upkeep
|turn|5
|inactive|Bhuvan xxx has 120 seconds left.
|
|t:|1758266385
|switch|p2a: Milotic|Milotic, M|100/100
|move|p1a: Great Tusk|Stealth Rock|p2a: Milotic
|-sidestart|p2: Alpacapazzo|move: Stealth Rock
|
|upkeep
|turn|6
|inactive|Alpacapazzo has 120 seconds left.
|
|t:|1758266422
|-end|p1a: Great Tusk|Protosynthesis|[silent]
|switch|p1a: Alomomola|Alomomola, M|100/100
|-damage|p1a: Alomomola|88/100|[from] Stealth Rock
|move|p2a: Milotic|Scald|p1a: Alomomola
|-resisted|p1a: Alomomola
|-damage|p1a: Alomomola|82/100
|
|upkeep
|turn|7
|inactive|Alpacapazzo has 120 seconds left.
|inactive|Bhuvan xxx has 120 seconds left.
|
|t:|1758266451
|move|p2a: Milotic|Scald|p1a: Alomomola
|-resisted|p1a: Alomomola
|-damage|p1a: Alomomola|75/100
|move|p1a: Alomomola|Flip Turn|p2a: Milotic
|-resisted|p2a: Milotic
|-damage|p2a: Milotic|94/100
|
|t:|1758266454
|switch|p1a: Gholdengo|Gholdengo|100/100|[from] Flip Turn
|-damage|p1a: Gholdengo|94/100|[from] Stealth Rock
|
|-heal|p2a: Milotic|100/100|[from] item: Leftovers
|upkeep
|turn|8
|inactive|Alpacapazzo has 120 seconds left.
|inactive|Alpacapazzo has 90 seconds left.
|
|t:|1758266498
|switch|p2a: Kingambit|Kingambit, M|87/100
|-damage|p2a: Kingambit|81/100|[from] Stealth Rock
|move|p1a: Gholdengo|Shadow Ball|p2a: Kingambit
|-resisted|p2a: Kingambit
|-damage|p2a: Kingambit|55/100
|
|-heal|p2a: Kingambit|61/100|[from] item: Leftovers
|upkeep
|turn|9
|
|t:|1758266503
|switch|p1a: Great Tusk|Great Tusk|100/100
|-damage|p1a: Great Tusk|98/100|[from] Stealth Rock
|move|p2a: Kingambit|Iron Head|p1a: Great Tusk
|-damage|p1a: Great Tusk|62/100
|-damage|p2a: Kingambit|45/100|[from] item: Rocky Helmet|[of] p1a: Great Tusk
|
|-heal|p2a: Kingambit|51/100|[from] item: Leftovers
|upkeep
|turn|10
|
|t:|1758266514
|switch|p2a: Milotic|Milotic, M|100/100
|-damage|p2a: Milotic|88/100|[from] Stealth Rock
|move|p1a: Great Tusk|Rapid Spin|p2a: Milotic
|-damage|p2a: Milotic|75/100
|-boost|p1a: Great Tusk|spe|1
|-sideend|p1: Bhuvan xxx|Stealth Rock|[from] move: Rapid Spin|[of] p1a: Great Tusk
|
|-heal|p2a: Milotic|81/100|[from] item: Leftovers
|upkeep
|turn|11
|
|t:|1758266524
|-end|p1a: Great Tusk|Protosynthesis|[silent]
|switch|p1a: Alomomola|Alomomola, M|100/100
|move|p2a: Milotic|Scald|p1a: Alomomola
|-resisted|p1a: Alomomola
|-damage|p1a: Alomomola|94/100
|
|-heal|p2a: Milotic|87/100|[from] item: Leftovers
|upkeep
|turn|12
|
|t:|1758266530
|move|p1a: Alomomola|Flip Turn|p2a: Milotic
|-resisted|p2a: Milotic
|-damage|p2a: Milotic|81/100
|
|t:|1758266539
|switch|p1a: Gholdengo|Gholdengo|94/100|[from] Flip Turn
|move|p2a: Milotic|Dragon Tail|p1a: Gholdengo
|-resisted|p1a: Gholdengo
|-damage|p1a: Gholdengo|89/100
|drag|p1a: Great Tusk|Great Tusk|62/100
|
|-heal|p2a: Milotic|88/100|[from] item: Leftovers
|upkeep
|turn|13
|
|t:|1758266547
|-end|p1a: Great Tusk|Protosynthesis|[silent]
|switch|p1a: Alomomola|Alomomola, M|100/100
|move|p2a: Milotic|Scald|p1a: Alomomola
|-resisted|p1a: Alomomola
|-damage|p1a: Alomomola|94/100
|
|-heal|p2a: Milotic|94/100|[from] item: Leftovers
|upkeep
|turn|14
|
|t:|1758266553
|move|p2a: Milotic|Scald|p1a: Alomomola
|-resisted|p1a: Alomomola
|-damage|p1a: Alomomola|87/100
|move|p1a: Alomomola|Body Slam|p2a: Milotic
|-damage|p2a: Milotic|82/100
|-status|p2a: Milotic|par
|
|-heal|p2a: Milotic|89/100 par|[from] item: Leftovers
|upkeep
|turn|15
|
|t:|1758266559
|move|p1a: Alomomola|Flip Turn|p2a: Milotic
|-resisted|p2a: Milotic
|-damage|p2a: Milotic|82/100 par
|inactive|Bhuvan xxx has 120 seconds left.
|
|t:|1758266601
|switch|p1a: Gholdengo|Gholdengo|89/100|[from] Flip Turn
|move|p2a: Milotic|Scald|p1a: Gholdengo
|-damage|p1a: Gholdengo|59/100
|-status|p1a: Gholdengo|brn
|
|-heal|p2a: Milotic|88/100 par|[from] item: Leftovers
|-damage|p1a: Gholdengo|53/100 brn|[from] brn
|upkeep
|turn|16
|inactive|Alpacapazzo has 120 seconds left.
|inactive|Alpacapazzo has 90 seconds left.
|
|t:|1758266671
|move|p1a: Gholdengo|Trick|p2a: Milotic
|-activate|p1a: Gholdengo|move: Trick|[of] p2a: Milotic
|-item|p2a: Milotic|Choice Scarf|[from] move: Trick
|-item|p1a: Gholdengo|Leftovers|[from] move: Trick
|move|p2a: Milotic|Recover|p2a: Milotic
|-heal|p2a: Milotic|100/100 par
|
|-heal|p1a: Gholdengo|59/100 brn|[from] item: Leftovers
|-damage|p1a: Gholdengo|53/100 brn|[from] brn
|upkeep
|turn|17
|inactive|Alpacapazzo has 90 seconds left.
|
|t:|1758266682
|switch|p2a: Cinderace|Cinderace, F|100/100
|move|p1a: Gholdengo|Shadow Ball|p2a: Cinderace
|-damage|p2a: Cinderace|34/100
|
|-heal|p1a: Gholdengo|59/100 brn|[from] item: Leftovers
|-damage|p1a: Gholdengo|53/100 brn|[from] brn
|upkeep
|turn|18
|
|t:|1758266689
|move|p2a: Cinderace|U-turn|p1a: Gholdengo
|-start|p2a: Cinderace|typechange|Bug|[from] ability: Libero
|-resisted|p1a: Gholdengo
|-damage|p1a: Gholdengo|44/100 brn
|
|t:|1758266693
|switch|p2a: Kingambit|Kingambit, M|51/100|[from] U-turn
|-damage|p2a: Kingambit|45/100|[from] Stealth Rock
|move|p1a: Gholdengo|Shadow Ball|p2a: Kingambit
|-resisted|p2a: Kingambit
|-damage|p2a: Kingambit|20/100
|
|-heal|p1a: Gholdengo|50/100 brn|[from] item: Leftovers
|-heal|p2a: Kingambit|26/100|[from] item: Leftovers
|-damage|p1a: Gholdengo|44/100 brn|[from] brn
|upkeep
|turn|19
|inactive|Bhuvan xxx has 120 seconds left.
|
|t:|1758266721
|move|p2a: Kingambit|Sucker Punch|p1a: Gholdengo
|-supereffective|p1a: Gholdengo
|-damage|p1a: Gholdengo|0 fnt
|faint|p1a: Gholdengo
|
|-heal|p2a: Kingambit|32/100|[from] item: Leftovers
|upkeep
|
|t:|1758266724
|switch|p1a: Great Tusk|Great Tusk|62/100
|turn|20
|inactive|Alpacapazzo has 120 seconds left.
|
|t:|1758266734
|switch|p2a: Cinderace|Cinderace, F|34/100
|move|p1a: Great Tusk|Headlong Rush|p2a: Cinderace
|-supereffective|p2a: Cinderace
|-damage|p2a: Cinderace|0 fnt
|-unboost|p1a: Great Tusk|def|1
|-unboost|p1a: Great Tusk|spd|1
|faint|p2a: Cinderace
|
|upkeep
|
|t:|1758266746
|switch|p2a: Serperior|Serperior, F|96/100
|-damage|p2a: Serperior|84/100|[from] Stealth Rock
|turn|21
|
|t:|1758266759
|-end|p1a: Great Tusk|Protosynthesis|[silent]
|switch|p1a: Weezing|Weezing-Galar, F|100/100
|-ability|p1a: Weezing|Neutralizing Gas
|move|p2a: Serperior|Leaf Storm|p1a: Weezing
|-resisted|p1a: Weezing
|-damage|p1a: Weezing|69/100
|-unboost|p2a: Serperior|spa|2
|
|-heal|p2a: Serperior|90/100|[from] item: Leftovers
|upkeep
|turn|22
|inactive|Alpacapazzo has 120 seconds left.
|
|t:|1758266773
|switch|p2a: Milotic|Milotic, M|100/100 par
|-damage|p2a: Milotic|88/100 par|[from] Stealth Rock
|move|p1a: Weezing|Sludge Bomb|p2a: Milotic
|-damage|p2a: Milotic|67/100 par
|
|upkeep
|turn|23
|
|t:|1758266797
|-end|p1a: Weezing|ability: Neutralizing Gas
|switch|p1a: Alomomola|Alomomola, M|100/100
|cant|p2a: Milotic|par
|
|upkeep
|turn|24
|
|t:|1758266807
|cant|p2a: Milotic|par
|move|p1a: Alomomola|Flip Turn|p2a: Milotic
|-resisted|p2a: Milotic
|-damage|p2a: Milotic|61/100 par
|inactive|Bhuvan xxx has 120 seconds left.
|
|t:|1758266834
|switch|p1a: Latios|Latios, M|100/100|[from] Flip Turn
|
|upkeep
|turn|25
|
|t:|1758266842
|move|p1a: Latios|Psychic Noise|p2a: Milotic
|-damage|p2a: Milotic|25/100 par
|-start|p2a: Milotic|move: Heal Block
|move|p2a: Milotic|Dragon Tail|p1a: Latios
|-supereffective|p1a: Latios
|-damage|p1a: Latios|79/100
|drag|p1a: Weezing|Weezing-Galar, F|69/100
|-ability|p1a: Weezing|Neutralizing Gas
|
|upkeep
|turn|26
|inactive|Bhuvan xxx has 120 seconds left.
|
|t:|1758266862
|switch|p2a: Gholdengo|Gholdengo|100/100
|-damage|p2a: Gholdengo|94/100|[from] Stealth Rock
|-item|p2a: Gholdengo|Air Balloon
|move|p1a: Weezing|Sludge Bomb|p2a: Gholdengo
|-immune|p2a: Gholdengo
|
|upkeep
|turn|27
|
|t:|1758266870
|-end|p1a: Weezing|ability: Neutralizing Gas
|switch|p1a: Alomomola|Alomomola, M|100/100
|move|p2a: Gholdengo|Nasty Plot|p2a: Gholdengo
|-boost|p2a: Gholdengo|spa|2
|
|upkeep
|turn|28
|
|t:|1758266877
|move|p2a: Gholdengo|Nasty Plot|p2a: Gholdengo
|-boost|p2a: Gholdengo|spa|2
|move|p1a: Alomomola|Mirror Coat||[still]
|-fail|p1a: Alomomola
|
|upkeep
|turn|29
|
|t:|1758266884
|move|p2a: Gholdengo|Nasty Plot|p2a: Gholdengo
|-boost|p2a: Gholdengo|spa|2
|move|p1a: Alomomola|Flip Turn|p2a: Gholdengo
|-damage|p2a: Gholdengo|83/100
|-enditem|p2a: Gholdengo|Air Balloon
|
|t:|1758266887
|switch|p1a: Great Tusk|Great Tusk|62/100|[from] Flip Turn
|
|upkeep
|turn|30
|
|t:|1758266891
|move|p1a: Great Tusk|Headlong Rush|p2a: Gholdengo
|-supereffective|p2a: Gholdengo
|-damage|p2a: Gholdengo|0 fnt
|-unboost|p1a: Great Tusk|def|1
|-unboost|p1a: Great Tusk|spd|1
|faint|p2a: Gholdengo
|
|upkeep
|
|t:|1758266894
|switch|p2a: Serperior|Serperior, F|90/100
|-damage|p2a: Serperior|77/100|[from] Stealth Rock
|turn|31
|
|t:|1758266902
|-end|p1a: Great Tusk|Protosynthesis|[silent]
|switch|p1a: Weezing|Weezing-Galar, F|69/100
|-ability|p1a: Weezing|Neutralizing Gas
|move|p2a: Serperior|Leaf Storm|p1a: Weezing
|-resisted|p1a: Weezing
|-damage|p1a: Weezing|36/100
|-unboost|p2a: Serperior|spa|2
|
|-heal|p2a: Serperior|84/100|[from] item: Leftovers
|upkeep
|turn|32
|
|t:|1758266908
|switch|p2a: Milotic|Milotic, M|25/100 par
|-damage|p2a: Milotic|13/100 par|[from] Stealth Rock
|-end|p1a: Weezing|ability: Neutralizing Gas
|switch|p1a: Alomomola|Alomomola, M|100/100
|
|upkeep
|turn|33
|
|t:|1758266917
|move|p1a: Alomomola|Flip Turn|p2a: Milotic
|-resisted|p2a: Milotic
|-damage|p2a: Milotic|7/100 par
|
|t:|1758266924
|switch|p1a: Latios|Latios, M|79/100|[from] Flip Turn
|move|p2a: Milotic|Dragon Tail|p1a: Latios
|-supereffective|p1a: Latios
|-damage|p1a: Latios|57/100
|drag|p1a: Dragonite|Dragonite, F|100/100
|
|upkeep
|turn|34
|
|t:|1758266931
|move|p1a: Dragonite|Earthquake|p2a: Milotic
|-damage|p2a: Milotic|0 fnt
|faint|p2a: Milotic
|
|upkeep
|
|t:|1758266939
|switch|p2a: Araquanid|Araquanid, M|65/100
|-damage|p2a: Araquanid|40/100|[from] Stealth Rock
|turn|35
|
|t:|1758266949
|-terastallize|p1a: Dragonite|Normal
|move|p1a: Dragonite|Extreme Speed|p2a: Araquanid
|-damage|p2a: Araquanid|0 fnt
|faint|p2a: Araquanid
|
|upkeep
|
|t:|1758266953
|switch|p2a: Kingambit|Kingambit, M|32/100
|-damage|p2a: Kingambit|26/100|[from] Stealth Rock
|turn|36
|
|t:|1758266957
|move|p1a: Dragonite|Earthquake|p2a: Kingambit
|-supereffective|p2a: Kingambit
|-damage|p2a: Kingambit|0 fnt
|faint|p2a: Kingambit
|
|upkeep
|-message|Alpacapazzo forfeited.
|
|win|Bhuvan xxx
|raw|Bhuvan xxx's rating: 1417 &rarr; <strong>1447</strong><br />(+30 for winning)
|raw|Alpacapazzo's rating: 1610 &rarr; <strong>1580</strong><br />(-30 for losing)
|l|☆Alpacapazzo
|player|p2|
|l|☆Bhuvan xxx
|player|p1|
