|j|☆Geb123
|j|☆Elialf
|t:|1758310273
|gametype|singles
|player|p1|Geb123|102|1185
|player|p2|Elialf|harlequin|1131
|gen|9
|tier|[Gen 9] OU
|rated|
|rule|HP Percentage Mod: HP is shown in percentages
|rule|Endless Battle Clause: Forcing endless battles is banned
|rule|Species Clause: Limit one of each Pokémon
|rule|OHKO Clause: OHKO moves are banned
|rule|Evasion Items Clause: Evasion items are banned
|rule|Evasion Moves Clause: Evasion moves are banned
|rule|Evasion Abilities Clause: Evasion abilities are banned
|rule|Sleep Moves Clause: Sleep-inducing moves are banned
|clearpoke
|poke|p1|Ceruledge, F|
|poke|p1|Araquanid, F|
|poke|p1|Raging Bolt|
|poke|p1|Zapdos-Galar|
|poke|p1|Mew|
|poke|p1|Ninetales, M|
|poke|p2|Hatterene, F|
|poke|p2|Iron Moth|
|poke|p2|Landorus-Therian, M|
|poke|p2|Samurott-Hisui, F|
|poke|p2|Gholdengo|
|poke|p2|Glimmora, F|
|teampreview
|
|t:|1758310296
|teamsize|p1|6
|teamsize|p2|6
|start
|switch|p1a: Ninetales|Ninetales, M|100/100
|switch|p2a: Landorus|Landorus-Therian, M|100/100
|-weather|SunnyDay|[from] ability: Drought|[of] p1a: Ninetales
|-item|p1a: Ninetales|Air Balloon
|-ability|p2a: Landorus|Intimidate|boost
|-unboost|p1a: Ninetales|atk|1
|turn|1
|inactive|Battle timer is ON: inactive players will automatically lose when time's up. (requested by Geb123)
|
|t:|1758310313
|-terastallize|p1a: Ninetales|Grass
|move|p1a: Ninetales|Substitute|p1a: Ninetales
|-start|p1a: Ninetales|Substitute
|-damage|p1a: Ninetales|76/100
|move|p2a: Landorus|U-turn|p1a: Ninetales
|-supereffective|p1a: Ninetales
|-end|p1a: Ninetales|Substitute
|-enditem|p1a: Ninetales|Air Balloon
|
|t:|1758310322
|switch|p2a: Glimmora|Glimmora, F|100/100|[from] U-turn
|
|-weather|SunnyDay|[upkeep]
|upkeep
|turn|2
|
|t:|1758310332
|move|p1a: Ninetales|Substitute|p1a: Ninetales
|-start|p1a: Ninetales|Substitute
|-damage|p1a: Ninetales|51/100
|move|p2a: Glimmora|Power Gem|p1a: Ninetales
|-end|p1a: Ninetales|Substitute
|
|-weather|SunnyDay|[upkeep]
|upkeep
|turn|3
|
|t:|1758310341
|move|p1a: Ninetales|Fire Blast|p2a: Glimmora
|-resisted|p2a: Glimmora
|-damage|p2a: Glimmora|59/100
|move|p2a: Glimmora|Power Gem|p1a: Ninetales
|-damage|p1a: Ninetales|6/100
|
|-weather|SunnyDay|[upkeep]
|upkeep
|turn|4
|
|t:|1758310367
|move|p1a: Ninetales|Energy Ball|p2a: Glimmora
|-damage|p2a: Glimmora|11/100
|move|p2a: Glimmora|Power Gem|p1a: Ninetales
|-damage|p1a: Ninetales|0 fnt
|faint|p1a: Ninetales
|
|-weather|SunnyDay|[upkeep]
|upkeep
|inactive|Geb123 has 120 seconds left.
|
|t:|1758310386
|switch|p1a: Araquanid|Araquanid, F|100/100
|turn|5
|
|t:|1758310395
|move|p2a: Glimmora|Power Gem|p1a: Araquanid
|-supereffective|p1a: Araquanid
|-damage|p1a: Araquanid|33/100
|move|p1a: Araquanid|Sticky Web|p2a: Glimmora
|-sidestart|p2: Elialf|move: Sticky Web
|
|-weather|none
|-heal|p1a: Araquanid|39/100|[from] item: Leftovers
|upkeep
|turn|6
|inactive|Geb123 has 120 seconds left.
|
|t:|1758310412
|switch|p1a: Mew|Mew|100/100
|move|p2a: Glimmora|Power Gem|p1a: Mew
|-damage|p1a: Mew|55/100
|
|upkeep
|turn|7
|
|t:|1758310420
|move|p1a: Mew|Psychic|p2a: Glimmora
|-supereffective|p2a: Glimmora
|-damage|p2a: Glimmora|0 fnt
|faint|p2a: Glimmora
|
|upkeep
|
|t:|1758310425
|switch|p2a: Samurott|Samurott-Hisui, F, shiny|100/100
|-activate|p2a: Samurott|move: Sticky Web
|-unboost|p2a: Samurott|spe|1
|turn|8
|
|t:|1758310434
|move|p1a: Mew|Alluring Voice|p2a: Samurott
|-supereffective|p2a: Samurott
|-crit|p2a: Samurott
|-damage|p2a: Samurott|0 fnt
|faint|p2a: Samurott
|
|upkeep
|
|t:|1758310446
|switch|p2a: Landorus|Landorus-Therian, M|100/100
|-ability|p2a: Landorus|Intimidate|boost
|-unboost|p1a: Mew|atk|1
|turn|9
|
|t:|1758310451
|move|p1a: Mew|Ice Beam|p2a: Landorus
|-supereffective|p2a: Landorus
|-damage|p2a: Landorus|0 fnt
|faint|p2a: Landorus
|
|upkeep
|
|t:|1758310457
|switch|p2a: Gholdengo|Gholdengo|100/100
|-item|p2a: Gholdengo|Air Balloon
|turn|10
|
|t:|1758310461
|move|p1a: Mew|Fire Blast|p2a: Gholdengo
|-supereffective|p2a: Gholdengo
|-crit|p2a: Gholdengo
|-damage|p2a: Gholdengo|0 fnt
|-enditem|p2a: Gholdengo|Air Balloon
|faint|p2a: Gholdengo
|
|upkeep
|-message|Elialf forfeited.
|
|win|Geb123
|raw|Geb123's rating: 1185 &rarr; <strong>1206</strong><br />(+21 for winning)
|raw|Elialf's rating: 1131 &rarr; <strong>1110</strong><br />(-21 for losing)
|l|☆Elialf
|player|p2|
