|j|☆sigma1232
|j|☆Trumpismessiah
|t:|1758242565
|gametype|singles
|player|p1|sigma1232|hilbert|1345
|player|p2|Trumpismessiah|102|1357
|gen|9
|tier|[Gen 9] OU
|rated|
|rule|HP Percentage Mod: HP is shown in percentages
|rule|Endless Battle Clause: Forcing endless battles is banned
|rule|Species Clause: Limit one of each Pokémon
|rule|OHKO Clause: OHKO moves are banned
|rule|Evasion Items Clause: Evasion items are banned
|rule|Evasion Moves Clause: Evasion moves are banned
|rule|Evasion Abilities Clause: Evasion abilities are banned
|rule|Sleep Moves Clause: Sleep-inducing moves are banned
|clearpoke
|poke|p1|Zamazenta-*|
|poke|p1|Serperior, M|
|poke|p1|Cinderace, F|
|poke|p1|Gholdengo|
|poke|p1|Ursaluna, F|
|poke|p1|Garchomp, F|
|poke|p2|Snorlax, F|
|poke|p2|Gengar, F|
|poke|p2|Moltres|
|poke|p2|Vileplume, M|
|poke|p2|Vaporeon, F|
|poke|p2|Tauros, M|
|teampreview
|
|t:|1758242570
|teamsize|p1|6
|teamsize|p2|6
|start
|switch|p1a: Garchomp|Garchomp, F|100/100
|switch|p2a: Gengar|Gengar, F|100/100
|turn|1
|inactive|Battle timer is ON: inactive players will automatically lose when time's up. (requested by Trumpismessiah)
|
|t:|1758242576
|move|p2a: Gengar|Icy Wind|p1a: Garchomp
|-supereffective|p1a: Garchomp
|-damage|p1a: Garchomp|14/100
|-unboost|p1a: Garchomp|spe|1
|move|p1a: Garchomp|Earthquake|p2a: Gengar
|-supereffective|p2a: Gengar
|-enditem|p2a: Gengar|Focus Sash
|-damage|p2a: Gengar|1/100
|
|upkeep
|turn|2
|
|t:|1758242589
|move|p2a: Gengar|Shadow Ball|p1a: Garchomp
|-damage|p1a: Garchomp|0 fnt
|faint|p1a: Garchomp
|
|upkeep
|
|t:|1758242598
|switch|p1a: Cinderace|Cinderace, F|100/100
|turn|3
|
|t:|1758242601
|switch|p2a: Moltres|Moltres|100/100
|move|p1a: Cinderace|Pyro Ball|p2a: Moltres|[miss]
|-miss|p1a: Cinderace|p2a: Moltres
|
|upkeep
|turn|4
|
|t:|1758242609
|move|p1a: Cinderace|Gunk Shot|p2a: Moltres
|-start|p1a: Cinderace|typechange|Poison|[from] ability: Libero
|-damage|p2a: Moltres|59/100
|move|p2a: Moltres|U-turn|p1a: Cinderace
|-resisted|p1a: Cinderace
|-damage|p1a: Cinderace|90/100
|
|t:|1758242626
|switch|p2a: Tauros|Tauros, M|100/100|[from] U-turn
|
|upkeep
|turn|5
|
|t:|1758242631
|move|p1a: Cinderace|High Jump Kick|p2a: Tauros
|-supereffective|p2a: Tauros
|-damage|p2a: Tauros|0 fnt
|faint|p2a: Tauros
|
|upkeep
|
|t:|1758242639
|switch|p2a: Vaporeon|Vaporeon, F|100/100
|turn|6
|
|t:|1758242644
|move|p2a: Vaporeon|Protect|p2a: Vaporeon
|-singleturn|p2a: Vaporeon|Protect
|move|p1a: Cinderace|Gunk Shot|p2a: Vaporeon
|-activate|p2a: Vaporeon|move: Protect
|
|upkeep
|turn|7
|
|t:|1758242652
|-terastallize|p2a: Vaporeon|Ghost
|move|p1a: Cinderace|Gunk Shot|p2a: Vaporeon
|-resisted|p2a: Vaporeon
|-damage|p2a: Vaporeon|66/100
|move|p2a: Vaporeon|Scald|p1a: Cinderace
|-damage|p1a: Cinderace|45/100
|-status|p1a: Cinderace|brn
|
|-heal|p2a: Vaporeon|72/100|[from] item: Leftovers
|-damage|p1a: Cinderace|39/100 brn|[from] brn
|upkeep
|turn|8
|
|t:|1758242663
|move|p2a: Vaporeon|Protect|p2a: Vaporeon
|-singleturn|p2a: Vaporeon|Protect
|move|p1a: Cinderace|U-turn|p2a: Vaporeon
|-activate|p2a: Vaporeon|move: Protect
|
|-heal|p2a: Vaporeon|78/100|[from] item: Leftovers
|-damage|p1a: Cinderace|33/100 brn|[from] brn
|upkeep
|turn|9
|
|t:|1758242670
|move|p1a: Cinderace|U-turn|p2a: Vaporeon
|-resisted|p2a: Vaporeon
|-damage|p2a: Vaporeon|72/100
|
|t:|1758242674
|switch|p1a: Zamazenta|Zamazenta|100/100|[from] U-turn
|-ability|p1a: Zamazenta|Dauntless Shield|boost
|-boost|p1a: Zamazenta|def|1
|move|p2a: Vaporeon|Scald|p1a: Zamazenta
|-damage|p1a: Zamazenta|78/100
|
|-heal|p1a: Zamazenta|85/100|[from] item: Leftovers
|-heal|p2a: Vaporeon|79/100|[from] item: Leftovers
|upkeep
|turn|10
|
|t:|1758242686
|move|p1a: Zamazenta|Crunch|p2a: Vaporeon
|-supereffective|p2a: Vaporeon
|-damage|p2a: Vaporeon|30/100
|move|p2a: Vaporeon|Wish|p2a: Vaporeon
|
|-heal|p1a: Zamazenta|91/100|[from] item: Leftovers
|-heal|p2a: Vaporeon|36/100|[from] item: Leftovers
|upkeep
|turn|11
|
|t:|1758242696
|move|p2a: Vaporeon|Protect|p2a: Vaporeon
|-singleturn|p2a: Vaporeon|Protect
|move|p1a: Zamazenta|Light Screen|p1a: Zamazenta
|-sidestart|p1: sigma1232|move: Light Screen
|
|-heal|p2a: Vaporeon|86/100|[from] move: Wish|[wisher] Vaporeon
|-heal|p1a: Zamazenta|97/100|[from] item: Leftovers
|-heal|p2a: Vaporeon|92/100|[from] item: Leftovers
|upkeep
|turn|12
|
|t:|1758242703
|move|p2a: Vaporeon|Protect||[still]
|-fail|p2a: Vaporeon
|move|p1a: Zamazenta|Iron Defense|p1a: Zamazenta
|-boost|p1a: Zamazenta|def|2
|
|-heal|p1a: Zamazenta|100/100|[from] item: Leftovers
|-heal|p2a: Vaporeon|98/100|[from] item: Leftovers
|upkeep
|turn|13
|
|t:|1758242714
|switch|p2a: Moltres|Moltres|59/100
|move|p1a: Zamazenta|Crunch|p2a: Moltres
|-damage|p2a: Moltres|44/100
|-status|p1a: Zamazenta|brn|[from] ability: Flame Body|[of] p2a: Moltres
|
|-damage|p1a: Zamazenta|94/100 brn|[from] brn
|upkeep
|turn|14
|
|t:|1758242726
|move|p1a: Zamazenta|Iron Defense|p1a: Zamazenta
|-boost|p1a: Zamazenta|def|2
|move|p2a: Moltres|Roost|p2a: Moltres
|-heal|p2a: Moltres|94/100
|-singleturn|p2a: Moltres|move: Roost
|
|-heal|p1a: Zamazenta|100/100 brn|[from] item: Leftovers
|-damage|p1a: Zamazenta|94/100 brn|[from] brn
|upkeep
|turn|15
|
|t:|1758242738
|move|p1a: Zamazenta|Iron Defense|p1a: Zamazenta
|-boost|p1a: Zamazenta|def|1
|move|p2a: Moltres|Flamethrower|p1a: Zamazenta
|-damage|p1a: Zamazenta|80/100 brn
|
|-heal|p1a: Zamazenta|86/100 brn|[from] item: Leftovers
|-damage|p1a: Zamazenta|80/100 brn|[from] brn
|-sideend|p1: sigma1232|move: Light Screen
|upkeep
|turn|16
|
|t:|1758242740
|move|p1a: Zamazenta|Body Press|p2a: Moltres
|-resisted|p2a: Moltres
|-damage|p2a: Moltres|66/100
|move|p2a: Moltres|Flamethrower|p1a: Zamazenta
|-damage|p1a: Zamazenta|51/100 brn
|
|-heal|p1a: Zamazenta|57/100 brn|[from] item: Leftovers
|-damage|p1a: Zamazenta|51/100 brn|[from] brn
|upkeep
|turn|17
|
|t:|1758242755
|switch|p1a: Ursaluna|Ursaluna, F|100/100
|move|p2a: Moltres|Roost|p2a: Moltres
|-heal|p2a: Moltres|100/100
|-singleturn|p2a: Moltres|move: Roost
|
|-status|p1a: Ursaluna|brn|[from] item: Flame Orb
|upkeep
|turn|18
|
|t:|1758242763
|move|p2a: Moltres|Flamethrower|p1a: Ursaluna
|-damage|p1a: Ursaluna|65/100 brn
|move|p1a: Ursaluna|Facade|p2a: Moltres
|-damage|p2a: Moltres|10/100
|
|-damage|p1a: Ursaluna|59/100 brn|[from] brn
|upkeep
|turn|19
|
|t:|1758242772
|move|p2a: Moltres|Roost|p2a: Moltres
|-heal|p2a: Moltres|60/100
|-singleturn|p2a: Moltres|move: Roost
|move|p1a: Ursaluna|Facade|p2a: Moltres
|-damage|p2a: Moltres|0 fnt
|faint|p2a: Moltres
|
|-damage|p1a: Ursaluna|52/100 brn|[from] brn
|upkeep
|
|t:|1758242776
|switch|p2a: Gengar|Gengar, F|1/100
|turn|20
|
|t:|1758242792
|move|p2a: Gengar|Focus Blast|p1a: Ursaluna|[miss]
|-miss|p2a: Gengar|p1a: Ursaluna
|move|p1a: Ursaluna|Ice Punch|p2a: Gengar
|-damage|p2a: Gengar|0 fnt
|faint|p2a: Gengar
|
|-damage|p1a: Ursaluna|46/100 brn|[from] brn
|upkeep
|
|t:|1758242796
|switch|p2a: Vileplume|Vileplume, M|100/100
|turn|21
|
|t:|1758242806
|move|p2a: Vileplume|Giga Drain|p1a: Ursaluna
|-supereffective|p1a: Ursaluna
|-damage|p1a: Ursaluna|0 fnt
|faint|p1a: Ursaluna
|
|upkeep
|
|t:|1758242818
|switch|p1a: Gholdengo|Gholdengo|100/100
|turn|22
|
|t:|1758242824
|switch|p2a: Snorlax|Snorlax, F|100/100
|move|p1a: Gholdengo|Make It Rain|p2a: Snorlax
|-damage|p2a: Snorlax|36/100
|-unboost|p1a: Gholdengo|spa|1
|
|upkeep
|turn|23
|-enditem|p2a: Snorlax|Custap Berry|[eat]
|-activate|p2a: Snorlax|item: Custap Berry|[consumed]
|
|t:|1758242830
|move|p2a: Snorlax|Heat Crash|p1a: Gholdengo
|-supereffective|p1a: Gholdengo
|-damage|p1a: Gholdengo|14/100
|move|p1a: Gholdengo|Make It Rain|p2a: Snorlax
|-damage|p2a: Snorlax|0 fnt
|-unboost|p1a: Gholdengo|spa|1
|faint|p2a: Snorlax
|
|upkeep
|
|t:|1758242836
|switch|p2a: Vaporeon|Vaporeon, F, tera:Ghost|98/100
|turn|24
|
|t:|1758242850
|switch|p1a: Serperior|Serperior, M|100/100
|move|p2a: Vaporeon|Shadow Ball|p1a: Serperior
|-damage|p1a: Serperior|60/100
|
|-heal|p2a: Vaporeon|100/100|[from] item: Leftovers
|upkeep
|turn|25
|
|t:|1758242859
|move|p1a: Serperior|Leaf Storm|p2a: Vaporeon
|-damage|p2a: Vaporeon|69/100
|-boost|p1a: Serperior|spa|2
|move|p2a: Vaporeon|Shadow Ball|p1a: Serperior
|-damage|p1a: Serperior|26/100
|
|-heal|p2a: Vaporeon|76/100|[from] item: Leftovers
|upkeep
|turn|26
|
|t:|1758242874
|move|p2a: Vaporeon|Protect|p2a: Vaporeon
|-singleturn|p2a: Vaporeon|Protect
|move|p1a: Serperior|Synthesis|p1a: Serperior
|-heal|p1a: Serperior|76/100
|
|-heal|p2a: Vaporeon|82/100|[from] item: Leftovers
|upkeep
|turn|27
|
|t:|1758242882
|move|p1a: Serperior|Leaf Storm|p2a: Vaporeon
|-damage|p2a: Vaporeon|22/100
|-boost|p1a: Serperior|spa|2
|move|p2a: Vaporeon|Shadow Ball|p1a: Serperior
|-damage|p1a: Serperior|41/100
|
|-heal|p2a: Vaporeon|28/100|[from] item: Leftovers
|upkeep
|turn|28
|
|t:|1758242901
|move|p1a: Serperior|Leaf Storm|p2a: Vaporeon
|-damage|p2a: Vaporeon|0 fnt
|-boost|p1a: Serperior|spa|2
|faint|p2a: Vaporeon
|
|upkeep
|
|t:|1758242925
|switch|p2a: Vileplume|Vileplume, M|100/100
|turn|29
|
|t:|1758242929
|move|p1a: Serperior|Glare|p2a: Vileplume
|-status|p2a: Vileplume|par
|move|p2a: Vileplume|Sludge Bomb|p1a: Serperior
|-supereffective|p1a: Serperior
|-damage|p1a: Serperior|0 fnt
|faint|p1a: Serperior
|
|upkeep
|
|t:|1758242936
|switch|p1a: Cinderace|Cinderace, F|33/100 brn
|turn|30
|
|t:|1758242940
|move|p1a: Cinderace|Pyro Ball|p2a: Vileplume
|-supereffective|p2a: Vileplume
|-damage|p2a: Vileplume|56/100 par
|move|p2a: Vileplume|Strength Sap|p1a: Cinderace
|-unboost|p1a: Cinderace|atk|1
|-heal|p2a: Vileplume|100/100 par
|
|-damage|p1a: Cinderace|27/100 brn|[from] brn
|upkeep
|turn|31
|
|t:|1758242948
|move|p1a: Cinderace|U-turn|p2a: Vileplume
|-start|p1a: Cinderace|typechange|Bug|[from] ability: Libero
|-damage|p2a: Vileplume|92/100 par
|-damage|p1a: Cinderace|11/100 brn|[from] item: Rocky Helmet|[of] p2a: Vileplume
|
|t:|1758242955
|switch|p1a: Zamazenta|Zamazenta|51/100 brn|[from] U-turn
|move|p2a: Vileplume|Giga Drain|p1a: Zamazenta
|-damage|p1a: Zamazenta|31/100 brn
|-heal|p2a: Vileplume|100/100 par|[from] drain|[of] p1a: Zamazenta
|
|-heal|p1a: Zamazenta|37/100 brn|[from] item: Leftovers
|-damage|p1a: Zamazenta|31/100 brn|[from] brn
|upkeep
|turn|32
|
|t:|1758242965
|move|p1a: Zamazenta|Iron Defense|p1a: Zamazenta
|-boost|p1a: Zamazenta|def|2
|cant|p2a: Vileplume|par
|
|-heal|p1a: Zamazenta|37/100 brn|[from] item: Leftovers
|-damage|p1a: Zamazenta|31/100 brn|[from] brn
|upkeep
|turn|33
|
|t:|1758242973
|move|p1a: Zamazenta|Light Screen|p1a: Zamazenta
|-sidestart|p1: sigma1232|move: Light Screen
|move|p2a: Vileplume|Strength Sap|p1a: Zamazenta
|-unboost|p1a: Zamazenta|atk|1
|
|-heal|p1a: Zamazenta|37/100 brn|[from] item: Leftovers
|-damage|p1a: Zamazenta|31/100 brn|[from] brn
|upkeep
|turn|34
|
|t:|1758242981
|move|p1a: Zamazenta|Iron Defense|p1a: Zamazenta
|-boost|p1a: Zamazenta|def|2
|move|p2a: Vileplume|Strength Sap|p1a: Zamazenta
|-unboost|p1a: Zamazenta|atk|1
|
|-heal|p1a: Zamazenta|37/100 brn|[from] item: Leftovers
|-damage|p1a: Zamazenta|31/100 brn|[from] brn
|upkeep
|turn|35
|
|t:|1758242992
|move|p1a: Zamazenta|Body Press|p2a: Vileplume
|-resisted|p2a: Vileplume
|-damage|p2a: Vileplume|75/100 par
|-damage|p1a: Zamazenta|14/100 brn|[from] item: Rocky Helmet|[of] p2a: Vileplume
|move|p2a: Vileplume|Strength Sap|p1a: Zamazenta
|-unboost|p1a: Zamazenta|atk|1
|-heal|p2a: Vileplume|100/100 par
|
|-heal|p1a: Zamazenta|20/100 brn|[from] item: Leftovers
|-damage|p1a: Zamazenta|14/100 brn|[from] brn
|upkeep
|turn|36
|
|t:|1758243005
|move|p1a: Zamazenta|Body Press|p2a: Vileplume
|-resisted|p2a: Vileplume
|-damage|p2a: Vileplume|76/100 par
|-damage|p1a: Zamazenta|0 fnt|[from] item: Rocky Helmet|[of] p2a: Vileplume
|faint|p1a: Zamazenta
|move|p2a: Vileplume|Strength Sap|p1: Zamazenta|[notarget]
|-fail|p2a: Vileplume
|
|upkeep
|
|t:|1758243019
|switch|p1a: Gholdengo|Gholdengo|14/100
|turn|37
|
|t:|1758243032
|move|p1a: Gholdengo|Make It Rain|p2a: Vileplume
|-damage|p2a: Vileplume|0 fnt
|-unboost|p1a: Gholdengo|spa|1
|faint|p2a: Vileplume
|
|win|sigma1232
|raw|sigma1232's rating: 1345 &rarr; <strong>1366</strong><br />(+21 for winning)
|raw|Trumpismessiah's rating: 1357 &rarr; <strong>1336</strong><br />(-21 for losing)
|l|☆Trumpismessiah
|player|p2|
|l|☆sigma1232
|player|p1|
