|j|☆Rainbowcoloredtea
|j|☆SnomisGoated
|t:|1758362255
|gametype|singles
|player|p1|Rainbowcoloredtea|hilda|1047
|player|p2|SnomisGoated|bellelba|1012
|gen|9
|tier|[Gen 9] OU
|rated|
|rule|HP Percentage Mod: HP is shown in percentages
|rule|Endless Battle Clause: Forcing endless battles is banned
|rule|Species Clause: Limit one of each Pokémon
|rule|OHKO Clause: OHKO moves are banned
|rule|Evasion Items Clause: Evasion items are banned
|rule|Evasion Moves Clause: Evasion moves are banned
|rule|Evasion Abilities Clause: Evasion abilities are banned
|rule|Sleep Moves Clause: Sleep-inducing moves are banned
|clearpoke
|poke|p1|Hoopa-Unbound|
|poke|p1|Dragapult, M|
|poke|p1|Darkrai|
|poke|p1|Pecharunt|
|poke|p1|Alomomola, F|
|poke|p1|Kingambit, F|
|poke|p2|Drifblim, M|
|poke|p2|Wo-Chien|
|poke|p2|Toxapex, F|
|poke|p2|Hippowdon, F|
|poke|p2|Tyranitar, F|
|poke|p2|Slaking, F|
|teampreview
|inactive|Battle timer is ON: inactive players will automatically lose when time's up. (requested by Rainbowcoloredtea)
|
|t:|1758362267
|teamsize|p1|6
|teamsize|p2|6
|start
|switch|p1a: Darkrai|Darkrai|100/100
|switch|p2a: Wo-Chien|Wo-Chien|100/100
|-ability|p2a: Wo-Chien|Tablets of Ruin
|turn|1
|
|t:|1758362280
|-terastallize|p2a: Wo-Chien|Poison
|move|p1a: Darkrai|Ice Beam|p2a: Wo-Chien
|-damage|p2a: Wo-Chien|71/100
|-damage|p1a: Darkrai|91/100|[from] item: Life Orb
|move|p2a: Wo-Chien|Ingrain|p2a: Wo-Chien
|-start|p2a: Wo-Chien|move: Ingrain
|
|-heal|p2a: Wo-Chien|78/100|[from] item: Leftovers
|-heal|p2a: Wo-Chien|84/100|[from] Ingrain
|upkeep
|turn|2
|
|t:|1758362302
|move|p1a: Darkrai|Sludge Bomb|p2a: Wo-Chien
|-resisted|p2a: Wo-Chien
|-damage|p2a: Wo-Chien|70/100
|-damage|p1a: Darkrai|81/100|[from] item: Life Orb
|move|p2a: Wo-Chien|Leech Seed|p1a: Darkrai
|-start|p1a: Darkrai|move: Leech Seed
|
|-heal|p2a: Wo-Chien|76/100|[from] item: Leftovers
|-heal|p2a: Wo-Chien|82/100|[from] Ingrain
|-damage|p1a: Darkrai|68/100|[from] Leech Seed|[of] p2a: Wo-Chien
|-heal|p2a: Wo-Chien|92/100|[silent]
|upkeep
|turn|3
|
|t:|1758362315
|switch|p1a: Hoopa|Hoopa-Unbound|100/100
|move|p2a: Wo-Chien|Giga Drain|p1a: Hoopa
|-damage|p1a: Hoopa|77/100
|-heal|p2a: Wo-Chien|100/100|[from] drain|[of] p1a: Hoopa
|
|upkeep
|turn|4
|
|t:|1758362326
|move|p1a: Hoopa|Zen Headbutt|p2a: Wo-Chien
|-supereffective|p2a: Wo-Chien
|-damage|p2a: Wo-Chien|34/100
|-damage|p1a: Hoopa|67/100|[from] item: Life Orb
|cant|p2a: Wo-Chien|flinch
|
|-heal|p2a: Wo-Chien|40/100|[from] item: Leftovers
|-heal|p2a: Wo-Chien|46/100|[from] Ingrain
|upkeep
|turn|5
|
|t:|1758362337
|move|p2a: Wo-Chien|Protect|p2a: Wo-Chien
|-singleturn|p2a: Wo-Chien|Protect
|move|p1a: Hoopa|Zen Headbutt|p2a: Wo-Chien
|-activate|p2a: Wo-Chien|move: Protect
|
|-heal|p2a: Wo-Chien|52/100|[from] item: Leftovers
|-heal|p2a: Wo-Chien|58/100|[from] Ingrain
|upkeep
|turn|6
|
|t:|1758362349
|move|p1a: Hoopa|Zen Headbutt|p2a: Wo-Chien
|-supereffective|p2a: Wo-Chien
|-damage|p2a: Wo-Chien|0 fnt
|faint|p2a: Wo-Chien
|-damage|p1a: Hoopa|57/100|[from] item: Life Orb
|
|upkeep
|
|t:|1758362360
|switch|p2a: Tyranitar|Tyranitar, F|100/100
|-weather|Sandstorm|[from] ability: Sand Stream|[of] p2a: Tyranitar
|turn|7
|
|t:|1758362376
|switch|p1a: Pecharunt|Pecharunt|100/100
|-item|p1a: Pecharunt|Air Balloon
|move|p2a: Tyranitar|Dragon Tail|p1a: Pecharunt
|-damage|p1a: Pecharunt|89/100
|-enditem|p1a: Pecharunt|Air Balloon
|drag|p1a: Hoopa|Hoopa-Unbound|57/100
|
|-weather|Sandstorm|[upkeep]
|-damage|p1a: Hoopa|51/100|[from] Sandstorm
|upkeep
|turn|8
|inactive|Rainbowcoloredtea has 120 seconds left.
|
|t:|1758362404
|switch|p1a: Alomomola|Alomomola, F|100/100
|move|p2a: Tyranitar|Snarl|p1a: Alomomola
|-damage|p1a: Alomomola|80/100
|-unboost|p1a: Alomomola|spa|1
|
|-weather|Sandstorm|[upkeep]
|-damage|p1a: Alomomola|74/100|[from] Sandstorm
|upkeep
|turn|9
|inactive|Rainbowcoloredtea has 120 seconds left.
|
|t:|1758362417
|move|p1a: Alomomola|Wish|p1a: Alomomola
|move|p2a: Tyranitar|Dragon Tail|p1a: Alomomola
|-damage|p1a: Alomomola|65/100
|drag|p1a: Kingambit|Kingambit, F, shiny|100/100
|-item|p1a: Kingambit|Air Balloon
|
|-weather|Sandstorm|[upkeep]
|upkeep
|turn|10
|inactive|Rainbowcoloredtea has 120 seconds left.
|
|t:|1758362431
|move|p2a: Tyranitar|Breaking Swipe|p1a: Kingambit
|-resisted|p1a: Kingambit
|-crit|p1a: Kingambit
|-damage|p1a: Kingambit|91/100
|-unboost|p1a: Kingambit|atk|1
|-enditem|p1a: Kingambit|Air Balloon
|move|p1a: Kingambit|Swords Dance|p1a: Kingambit
|-boost|p1a: Kingambit|atk|2
|
|-weather|Sandstorm|[upkeep]
|-heal|p1a: Kingambit|100/100|[from] move: Wish|[wisher] Alomomola
|upkeep
|turn|11
|inactive|Rainbowcoloredtea has 120 seconds left.
|
|t:|1758362449
|-terastallize|p1a: Kingambit|Fairy
|move|p1a: Kingambit|Swords Dance|p1a: Kingambit
|-boost|p1a: Kingambit|atk|2
|move|p2a: Tyranitar|Dragon Tail|p1a: Kingambit
|-immune|p1a: Kingambit
|
|-weather|none
|upkeep
|turn|12
|
|t:|1758362463
|switch|p2a: Hippowdon|Hippowdon, F|100/100
|-weather|Sandstorm|[from] ability: Sand Stream|[of] p2a: Hippowdon
|move|p1a: Kingambit|Iron Head|p2a: Hippowdon
|-damage|p2a: Hippowdon|23/100
|
|-weather|Sandstorm|[upkeep]
|-damage|p1a: Kingambit|94/100|[from] Sandstorm
|upkeep
|turn|13
|
|t:|1758362474
|move|p2a: Hippowdon|Protect|p2a: Hippowdon
|-singleturn|p2a: Hippowdon|Protect
|move|p1a: Kingambit|Low Kick|p2a: Hippowdon
|-activate|p2a: Hippowdon|move: Protect
|
|-weather|Sandstorm|[upkeep]
|-damage|p1a: Kingambit|88/100|[from] Sandstorm
|upkeep
|turn|14
|
|t:|1758362485
|move|p1a: Kingambit|Low Kick|p2a: Hippowdon
|-damage|p2a: Hippowdon|0 fnt
|faint|p2a: Hippowdon
|
|-weather|Sandstorm|[upkeep]
|-damage|p1a: Kingambit|82/100|[from] Sandstorm
|upkeep
|
|t:|1758362493
|switch|p2a: Slaking|Slaking, F|100/100
|turn|15
|inactive|Rainbowcoloredtea has 120 seconds left.
|
|t:|1758362498
|move|p2a: Slaking|Giga Impact|p1a: Kingambit
|-damage|p1a: Kingambit|0 fnt
|-mustrecharge|p2a: Slaking
|faint|p1a: Kingambit
|-end|p1a: Kingambit|fallenundefined|[silent]
|
|-weather|Sandstorm|[upkeep]
|-damage|p2a: Slaking|94/100|[from] Sandstorm
|upkeep
|inactive|Rainbowcoloredtea has 120 seconds left.
|
|t:|1758362512
|switch|p1a: Darkrai|Darkrai|68/100
|turn|16
|
|t:|1758362517
|move|p1a: Darkrai|Nasty Plot|p1a: Darkrai
|-boost|p1a: Darkrai|spa|2
|cant|p2a: Slaking|recharge
|
|-weather|none
|upkeep
|turn|17
|
|t:|1758362527
|move|p1a: Darkrai|Dark Pulse|p2a: Slaking
|-damage|p2a: Slaking|0 fnt
|faint|p2a: Slaking
|-damage|p1a: Darkrai|58/100|[from] item: Life Orb
|
|upkeep
|-message|SnomisGoated forfeited.
|
|win|Rainbowcoloredtea
|raw|Rainbowcoloredtea's rating: 1047 &rarr; <strong>1077</strong><br />(+30 for winning)
|raw|SnomisGoated's rating: 1012 &rarr; <strong>1001</strong><br />(-11 for losing)
|l|☆SnomisGoated
|player|p2|
