|j|☆mangoseedplant
|j|☆johnnytravs1
|t:|1758375418
|gametype|singles
|player|p1|mangoseedplant|2|1230
|player|p2|johnnytravs1|102|1148
|gen|9
|tier|[Gen 9] OU
|rated|
|rule|HP Percentage Mod: HP is shown in percentages
|rule|Endless Battle Clause: Forcing endless battles is banned
|rule|Species Clause: Limit one of each Pokémon
|rule|OHKO Clause: OHKO moves are banned
|rule|Evasion Items Clause: Evasion items are banned
|rule|Evasion Moves Clause: Evasion moves are banned
|rule|Evasion Abilities Clause: Evasion abilities are banned
|rule|Sleep Moves Clause: Sleep-inducing moves are banned
|clearpoke
|poke|p1|Pelipper, F|
|poke|p1|Barraskewda, M|
|poke|p1|Iron Treads|
|poke|p1|Raging Bolt|
|poke|p1|Tornadus-Therian, M|
|poke|p1|Iron Valiant|
|poke|p2|Cinderace, F|
|poke|p2|Weavile, M|
|poke|p2|Blissey, F|
|poke|p2|Dugtrio, F|
|poke|p2|Primarina, M|
|poke|p2|Barraskewda, F|
|teampreview
|inactive|Battle timer is ON: inactive players will automatically lose when time's up. (requested by mangoseedplant)
|
|t:|1758375425
|teamsize|p1|6
|teamsize|p2|6
|start
|switch|p1a: Pelipper|Pelipper, F|100/100
|switch|p2a: Barraskewda|Barraskewda, F|100/100
|-weather|RainDance|[from] ability: Drizzle|[of] p1a: Pelipper
|turn|1
|
|t:|1758375433
|move|p2a: Barraskewda|Waterfall|p1a: Pelipper
|-resisted|p1a: Pelipper
|-damage|p1a: Pelipper|62/100
|move|p1a: Pelipper|U-turn|p2a: Barraskewda
|-damage|p2a: Barraskewda|83/100
|
|t:|1758375439
|switch|p1a: Raging Bolt|Raging Bolt|100/100|[from] U-turn
|-enditem|p1a: Raging Bolt|Booster Energy
|-activate|p1a: Raging Bolt|ability: Protosynthesis|[fromitem]
|-start|p1a: Raging Bolt|protosynthesisspa
|
|-weather|RainDance|[upkeep]
|upkeep
|turn|2
|
|t:|1758375447
|switch|p2a: Blissey|Blissey, F|100/100
|move|p1a: Raging Bolt|Weather Ball|p2a: Blissey
|-crit|p2a: Blissey
|-damage|p2a: Blissey|72/100
|
|-weather|RainDance|[upkeep]
|-heal|p2a: Blissey|79/100|[from] item: Leftovers
|upkeep
|turn|3
|
|t:|1758375456
|move|p1a: Raging Bolt|Thunder|p2a: Blissey
|-damage|p2a: Blissey|56/100
|move|p2a: Blissey|Stealth Rock|p1a: Raging Bolt
|-sidestart|p1: mangoseedplant|move: Stealth Rock
|
|-weather|RainDance|[upkeep]
|-heal|p2a: Blissey|62/100|[from] item: Leftovers
|upkeep
|turn|4
|
|t:|1758375465
|-end|p1a: Raging Bolt|Protosynthesis|[silent]
|switch|p1a: Iron Treads|Iron Treads|100/100
|-damage|p1a: Iron Treads|98/100|[from] Stealth Rock
|-enditem|p1a: Iron Treads|Booster Energy
|-activate|p1a: Iron Treads|ability: Quark Drive|[fromitem]
|-start|p1a: Iron Treads|quarkdrivespe
|move|p2a: Blissey|Seismic Toss|p1a: Iron Treads
|-damage|p1a: Iron Treads|72/100
|
|-weather|RainDance|[upkeep]
|-heal|p2a: Blissey|69/100|[from] item: Leftovers
|upkeep
|turn|5
|
|t:|1758375477
|-terastallize|p2a: Blissey|Ghost
|move|p1a: Iron Treads|Rapid Spin|p2a: Blissey
|-immune|p2a: Blissey
|move|p2a: Blissey|Seismic Toss|p1a: Iron Treads
|-damage|p1a: Iron Treads|45/100
|
|-weather|RainDance|[upkeep]
|-heal|p2a: Blissey|75/100|[from] item: Leftovers
|upkeep
|turn|6
|
|t:|1758375495
|switch|p2a: Dugtrio|Dugtrio, F|100/100
|move|p1a: Iron Treads|Stealth Rock|p2a: Dugtrio
|-sidestart|p2: johnnytravs1|move: Stealth Rock
|
|-weather|RainDance|[upkeep]
|upkeep
|turn|7
|
|t:|1758375503
|move|p1a: Iron Treads|Rapid Spin|p2a: Dugtrio
|-damage|p2a: Dugtrio|64/100
|-boost|p1a: Iron Treads|spe|1
|-sideend|p1: mangoseedplant|Stealth Rock|[from] move: Rapid Spin|[of] p1a: Iron Treads
|move|p2a: Dugtrio|Swords Dance|p2a: Dugtrio
|-boost|p2a: Dugtrio|atk|2
|
|-weather|RainDance|[upkeep]
|upkeep
|turn|8
|
|t:|1758375511
|move|p2a: Dugtrio|Sucker Punch|p1a: Iron Treads
|-damage|p1a: Iron Treads|13/100
|move|p1a: Iron Treads|Earthquake|p2a: Dugtrio
|-crit|p2a: Dugtrio
|-damage|p2a: Dugtrio|0 fnt
|faint|p2a: Dugtrio
|
|-weather|none
|upkeep
|
|t:|1758375518
|switch|p2a: Weavile|Weavile, M|100/100
|-damage|p2a: Weavile|76/100|[from] Stealth Rock
|-ability|p2a: Weavile|Pressure
|turn|9
|
|t:|1758375524
|move|p2a: Weavile|Ice Shard|p1a: Iron Treads
|-damage|p1a: Iron Treads|0 fnt
|faint|p1a: Iron Treads
|-end|p1a: Iron Treads|Quark Drive|[silent]
|-damage|p2a: Weavile|66/100|[from] item: Life Orb
|
|upkeep
|
|t:|1758375530
|switch|p1a: Pelipper|Pelipper, F|62/100
|-weather|RainDance|[from] ability: Drizzle|[of] p1a: Pelipper
|turn|10
|
|t:|1758375538
|move|p2a: Weavile|Triple Axel|p1a: Pelipper
|-damage|p1a: Pelipper|51/100
|-damage|p1a: Pelipper|27/100
|-damage|p1a: Pelipper|0 fnt
|faint|p1a: Pelipper
|-hitcount|p1: Pelipper|3
|-damage|p2a: Weavile|56/100|[from] item: Life Orb
|
|-weather|RainDance|[upkeep]
|upkeep
|
|t:|1758375548
|switch|p1a: Barraskewda|Barraskewda, M|100/100
|turn|11
|
|t:|1758375562
|switch|p2a: Primarina|Primarina, M|100/100
|-damage|p2a: Primarina|88/100|[from] Stealth Rock
|move|p1a: Barraskewda|Liquidation|p2a: Primarina
|-resisted|p2a: Primarina
|-damage|p2a: Primarina|14/100
|
|-weather|RainDance|[upkeep]
|-heal|p2a: Primarina|20/100|[from] item: Leftovers
|upkeep
|turn|12
|
|t:|1758375572
|move|p1a: Barraskewda|Liquidation|p2a: Primarina
|-resisted|p2a: Primarina
|-damage|p2a: Primarina|0 fnt
|faint|p2a: Primarina
|
|-weather|RainDance|[upkeep]
|upkeep
|
|t:|1758375577
|switch|p2a: Weavile|Weavile, M|56/100
|-damage|p2a: Weavile|31/100|[from] Stealth Rock
|-ability|p2a: Weavile|Pressure
|turn|13
|
|t:|1758375583
|move|p2a: Weavile|Fake Out|p1a: Barraskewda
|-damage|p1a: Barraskewda|67/100
|-damage|p2a: Weavile|21/100|[from] item: Life Orb
|cant|p1a: Barraskewda|flinch
|
|-weather|RainDance|[upkeep]
|upkeep
|turn|14
|
|t:|1758375591
|move|p2a: Weavile|Ice Shard|p1a: Barraskewda
|-resisted|p1a: Barraskewda
|-damage|p1a: Barraskewda|41/100
|-damage|p2a: Weavile|11/100|[from] item: Life Orb
|move|p1a: Barraskewda|Liquidation|p2a: Weavile
|-damage|p2a: Weavile|0 fnt
|faint|p2a: Weavile
|
|-weather|RainDance|[upkeep]
|upkeep
|
|t:|1758375594
|switch|p2a: Barraskewda|Barraskewda, F|83/100
|-damage|p2a: Barraskewda|71/100|[from] Stealth Rock
|turn|15
|
|t:|1758375605
|switch|p1a: Raging Bolt|Raging Bolt|100/100
|move|p2a: Barraskewda|Crunch|p1a: Raging Bolt
|-damage|p1a: Raging Bolt|61/100
|
|-weather|RainDance|[upkeep]
|upkeep
|turn|16
|
|t:|1758375614
|switch|p2a: Blissey|Blissey, F, tera:Ghost|75/100
|-damage|p2a: Blissey|62/100|[from] Stealth Rock
|move|p1a: Raging Bolt|Thunder|p2a: Blissey
|-damage|p2a: Blissey|44/100
|-status|p2a: Blissey|par
|
|-weather|RainDance|[upkeep]
|-heal|p2a: Blissey|51/100 par|[from] item: Leftovers
|upkeep
|turn|17
|
|t:|1758375625
|-end|p1a: Raging Bolt|Protosynthesis|[silent]
|switch|p1a: Iron Valiant|Iron Valiant|100/100
|cant|p2a: Blissey|par
|
|-weather|none
|-heal|p2a: Blissey|57/100 par|[from] item: Leftovers
|upkeep
|turn|18
|
|t:|1758375633
|move|p1a: Iron Valiant|Knock Off|p2a: Blissey
|-supereffective|p2a: Blissey
|-damage|p2a: Blissey|0 fnt
|-enditem|p2a: Blissey|Leftovers|[from] move: Knock Off|[of] p1a: Iron Valiant
|faint|p2a: Blissey
|-damage|p1a: Iron Valiant|91/100|[from] item: Life Orb
|
|upkeep
|
|t:|1758375637
|switch|p2a: Cinderace|Cinderace, F|100/100
|turn|19
|
|t:|1758375646
|move|p2a: Cinderace|Will-O-Wisp|p1a: Iron Valiant
|-status|p1a: Iron Valiant|brn
|move|p1a: Iron Valiant|Close Combat|p2a: Cinderace
|-damage|p2a: Cinderace|48/100
|-unboost|p1a: Iron Valiant|def|1
|-unboost|p1a: Iron Valiant|spd|1
|-damage|p1a: Iron Valiant|81/100 brn|[from] item: Life Orb
|
|-damage|p1a: Iron Valiant|75/100 brn|[from] brn
|upkeep
|turn|20
|
|t:|1758375660
|move|p2a: Cinderace|Pyro Ball|p1a: Iron Valiant
|-damage|p1a: Iron Valiant|0 fnt
|faint|p1a: Iron Valiant
|-end|p1a: Iron Valiant|Quark Drive|[silent]
|
|upkeep
|
|t:|1758375666
|switch|p1a: Barraskewda|Barraskewda, M|41/100
|turn|21
|
|t:|1758375676
|switch|p2a: Barraskewda|Barraskewda, F|71/100
|-damage|p2a: Barraskewda|59/100|[from] Stealth Rock
|move|p1a: Barraskewda|Aqua Jet|p2a: Barraskewda
|-resisted|p2a: Barraskewda
|-damage|p2a: Barraskewda|26/100
|
|upkeep
|turn|22
|
|t:|1758375685
|-terastallize|p1a: Barraskewda|Water
|move|p1a: Barraskewda|Aqua Jet|p2a: Barraskewda
|-resisted|p2a: Barraskewda
|-crit|p2a: Barraskewda
|-damage|p2a: Barraskewda|0 fnt
|faint|p2a: Barraskewda
|
|upkeep
|-message|johnnytravs1 forfeited.
|
|win|mangoseedplant
|raw|mangoseedplant's rating: 1230 &rarr; <strong>1249</strong><br />(+19 for winning)
|raw|johnnytravs1's rating: 1148 &rarr; <strong>1129</strong><br />(-19 for losing)
|l|☆johnnytravs1
|player|p2|
|l|☆mangoseedplant
|player|p1|
