|j|☆bladesatoshix
|j|☆KONGLIANG
|t:|1758279859
|gametype|singles
|player|p1|bladesatoshix|drayden|1348
|player|p2|KONGLIANG|steven|1390
|gen|9
|tier|[Gen 9] OU
|rated|
|rule|HP Percentage Mod: HP is shown in percentages
|rule|Endless Battle Clause: Forcing endless battles is banned
|rule|Species Clause: Limit one of each Pokémon
|rule|OHKO Clause: OHKO moves are banned
|rule|Evasion Items Clause: Evasion items are banned
|rule|Evasion Moves Clause: Evasion moves are banned
|rule|Evasion Abilities Clause: Evasion abilities are banned
|rule|Sleep Moves Clause: Sleep-inducing moves are banned
|clearpoke
|poke|p1|Swampert, M|
|poke|p1|Clefable, F|
|poke|p1|Ogerpon-Cornerstone, F|
|poke|p1|Lokix, M|
|poke|p1|Weezing-Galar, F|
|poke|p1|Gholdengo|
|poke|p2|Iron Moth|
|poke|p2|Kingambit, F|
|poke|p2|Ogerpon-Wellspring, F|
|poke|p2|Glimmora, M|
|poke|p2|Ursaluna, M|
|poke|p2|Dragapult, M|
|teampreview
|inactive|Battle timer is ON: inactive players will automatically lose when time's up. (requested by bladesatoshix)
|c|☆bladesatoshix|glhf
|
|t:|1758279877
|teamsize|p1|6
|teamsize|p2|6
|start
|switch|p1a: issho|Swampert, M|100/100
|switch|p2a: Glimmora|Glimmora, M|100/100
|turn|1
|
|t:|1758279896
|move|p2a: Glimmora|Stealth Rock|p1a: issho
|-sidestart|p1: bladesatoshix|move: Stealth Rock
|move|p1a: issho|Earthquake|p2a: Glimmora
|-supereffective|p2a: Glimmora
|-damage|p2a: Glimmora|0 fnt
|-activate|p2a: Glimmora|ability: Toxic Debris
|-sidestart|p1: bladesatoshix|move: Toxic Spikes
|faint|p2a: Glimmora
|
|upkeep
|c|☆bladesatoshix|:)
|
|t:|1758279902
|switch|p2a: Ogerpon|Ogerpon-Wellspring, F|100/100
|turn|2
|
|t:|1758279904
|move|p2a: Ogerpon|Trailblaze|p1a: issho
|-supereffective|p1a: issho
|-damage|p1a: issho|8/100
|-boost|p2a: Ogerpon|spe|1
|move|p1a: issho|Stealth Rock|p2a: Ogerpon
|-sidestart|p2: KONGLIANG|move: Stealth Rock
|
|-heal|p1a: issho|15/100|[from] item: Leftovers
|upkeep
|turn|3
|
|t:|1758279910
|move|p2a: Ogerpon|Swords Dance|p2a: Ogerpon
|-boost|p2a: Ogerpon|atk|2
|move|p1a: issho|Earthquake|p2a: Ogerpon
|-resisted|p2a: Ogerpon
|-damage|p2a: Ogerpon|75/100
|
|-heal|p1a: issho|21/100|[from] item: Leftovers
|upkeep
|turn|4
|
|t:|1758279913
|move|p2a: Ogerpon|Horn Leech|p1a: issho
|-supereffective|p1a: issho
|-damage|p1a: issho|0 fnt
|-heal|p2a: Ogerpon|89/100|[from] drain|[of] p1a: issho
|faint|p1a: issho
|
|upkeep
|
|t:|1758279915
|switch|p1a: shiguma|Weezing-Galar, F, shiny|100/100
|-ability|p1a: shiguma|Neutralizing Gas
|-sideend|p1: bladesatoshix|move: Toxic Spikes|[of] p1a: shiguma
|turn|5
|
|t:|1758279923
|move|p2a: Ogerpon|Ivy Cudgel|p1a: shiguma|[anim] Ivy Cudgel Water
|-damage|p1a: shiguma|2/100
|move|p1a: shiguma|Will-O-Wisp|p2a: Ogerpon
|-status|p2a: Ogerpon|brn
|
|-damage|p2a: Ogerpon|83/100 brn|[from] brn
|upkeep
|turn|6
|
|t:|1758279932
|move|p2a: Ogerpon|Ivy Cudgel|p1a: shiguma|[anim] Ivy Cudgel Water
|-damage|p1a: shiguma|0 fnt
|faint|p1a: shiguma
|-end|p1a: shiguma|ability: Neutralizing Gas
|
|-damage|p2a: Ogerpon|77/100 brn|[from] brn
|upkeep
|
|t:|1758279935
|switch|p1a: karashi|Lokix, M, shiny|100/100
|-damage|p1a: karashi|76/100|[from] Stealth Rock
|turn|7
|
|t:|1758279937
|move|p1a: karashi|First Impression|p2a: Ogerpon
|-supereffective|p2a: Ogerpon
|-damage|p2a: Ogerpon|0 fnt
|faint|p2a: Ogerpon
|
|upkeep
|
|t:|1758279944
|switch|p2a: Iron Moth|Iron Moth|100/100
|-damage|p2a: Iron Moth|76/100|[from] Stealth Rock
|-enditem|p2a: Iron Moth|Booster Energy
|-activate|p2a: Iron Moth|ability: Quark Drive|[fromitem]
|-start|p2a: Iron Moth|quarkdrivespe
|turn|8
|
|t:|1758279951
|switch|p1a: akane|Clefable, F|100/100
|-damage|p1a: akane|88/100|[from] Stealth Rock
|move|p2a: Iron Moth|Substitute|p2a: Iron Moth
|-start|p2a: Iron Moth|Substitute
|-damage|p2a: Iron Moth|51/100
|
|-heal|p1a: akane|94/100|[from] item: Leftovers
|upkeep
|turn|9
|
|t:|1758279954
|move|p2a: Iron Moth|Sludge Wave|p1a: akane
|-supereffective|p1a: akane
|-damage|p1a: akane|5/100
|move|p1a: akane|Moonblast|p2a: Iron Moth
|-resisted|p2a: Iron Moth
|-activate|p2a: Iron Moth|move: Substitute|[damage]
|
|-heal|p1a: akane|11/100|[from] item: Leftovers
|upkeep
|turn|10
|
|t:|1758279958
|switch|p1a: chocho|Gholdengo|100/100
|-damage|p1a: chocho|94/100|[from] Stealth Rock
|-item|p1a: chocho|Air Balloon
|move|p2a: Iron Moth|Fiery Dance|p1a: chocho
|-supereffective|p1a: chocho
|-damage|p1a: chocho|21/100
|-boost|p2a: Iron Moth|spa|1
|-enditem|p1a: chocho|Air Balloon
|
|upkeep
|turn|11
|c|☆bladesatoshix|oh good read
|
|t:|1758279966
|-terastallize|p1a: chocho|Flying
|move|p2a: Iron Moth|Fiery Dance|p1a: chocho
|-damage|p1a: chocho|0 fnt
|-boost|p2a: Iron Moth|spa|1
|faint|p1a: chocho
|
|upkeep
|
|t:|1758279968
|switch|p1a: karashi|Lokix, M, shiny|76/100
|-damage|p1a: karashi|51/100|[from] Stealth Rock
|turn|12
|
|t:|1758279971
|move|p1a: karashi|First Impression|p2a: Iron Moth
|-resisted|p2a: Iron Moth
|-end|p2a: Iron Moth|Substitute
|move|p2a: Iron Moth|Fiery Dance|p1a: karashi
|-supereffective|p1a: karashi
|-damage|p1a: karashi|0 fnt
|-boost|p2a: Iron Moth|spa|1
|faint|p1a: karashi
|
|upkeep
|
|t:|1758279972
|switch|p1a: hikaru|Ogerpon-Cornerstone, F|100/100
|-damage|p1a: hikaru|88/100|[from] Stealth Rock
|turn|13
|
|t:|1758279976
|move|p2a: Iron Moth|Fiery Dance|p1a: hikaru
|-damage|p1a: hikaru|0 fnt
|-boost|p2a: Iron Moth|spa|1
|faint|p1a: hikaru
|
|upkeep
|c|☆bladesatoshix|ggwp! that read was so smart
|-message|bladesatoshix forfeited.
|
|win|KONGLIANG
|raw|bladesatoshix's rating: 1348 &rarr; <strong>1330</strong><br />(-18 for losing)
|raw|KONGLIANG's rating: 1390 &rarr; <strong>1408</strong><br />(+18 for winning)
